|j|☆chomp29
|j|☆Bkcheese
|t:|1749741194
|gametype|singles
|player|p1|chomp29|lucas|1435
|player|p2|Bkcheese|101|1330
|teamsize|p1|6
|teamsize|p2|6
|gen|5
|tier|[Gen 5] OU
|rated|
|rule|Species Clause: Limit one of each Pokémon
|rule|OHKO Clause: OHKO moves are banned
|rule|Moody Clause: Moody is banned
|rule|Evasion Items Clause: Evasion items are banned
|rule|Evasion Moves Clause: Evasion moves are banned
|rule|Endless Battle Clause: Forcing endless battles is banned
|rule|HP Percentage Mod: HP is shown in percentages
|rule|Evasion Abilities Clause: Evasion abilities are banned
|rule|Sleep Moves Clause: Sleep-inducing moves are banned
|rule|Swagger Clause: Swagger is banned
|rule|Baton Pass Stat Clause: No Baton Passer may have a way to boost its stats
|clearpoke
|poke|p1|Latios, M|item
|poke|p1|Skarmory, F|item
|poke|p1|Alakazam, M|item
|poke|p1|Mamoswine, M|item
|poke|p1|Jirachi|item
|poke|p1|Jellicent, M|item
|poke|p2|Politoed, M|item
|poke|p2|Breloom, M|item
|poke|p2|Thundurus-Therian, M|item
|poke|p2|Latios, M|item
|poke|p2|Ferrothorn, M|item
|poke|p2|Starmie|item
|teampreview
|inactive|Battle timer is ON: inactive players will automatically lose when time's up. (requested by chomp29)
|inactive|Bkcheese has 120 seconds left.
|
|t:|1749741248
|start
|switch|p1a: Latios|Latios, M|100/100
|switch|p2a: Politoed|Politoed, M|100/100
|-weather|RainDance|[from] ability: Drizzle|[of] p2a: Politoed
|turn|1
|
|t:|1749741258
|move|p2a: Politoed|Protect|p2a: Politoed
|-singleturn|p2a: Politoed|Protect
|move|p1a: Latios|Psyshock|p2a: Politoed
|-activate|p2a: Politoed|move: Protect
|
|-weather|RainDance|[upkeep]
|upkeep
|turn|2
|inactive|Bkcheese has 120 seconds left.
|
|t:|1749741290
|switch|p2a: Ferrothorn|Ferrothorn, M|100/100
|move|p1a: Latios|Draco Meteor|p2a: Ferrothorn
|-resisted|p2a: Ferrothorn
|-damage|p2a: Ferrothorn|66/100
|-unboost|p1a: Latios|spa|2
|-damage|p1a: Latios|91/100|[from] item: Life Orb
|
|-weather|RainDance|[upkeep]
|-heal|p2a: Ferrothorn|73/100|[from] item: Leftovers
|upkeep
|turn|3
|
|t:|1749741297
|switch|p1a: Skarmory|Skarmory, F|100/100
|move|p2a: Ferrothorn|Stealth Rock|p1a: Skarmory
|-sidestart|p1: chomp29|move: Stealth Rock
|
|-weather|RainDance|[upkeep]
|-heal|p2a: Ferrothorn|79/100|[from] item: Leftovers
|upkeep
|turn|4
|
|t:|1749741302
|move|p1a: Skarmory|Stealth Rock|p2a: Ferrothorn
|-sidestart|p2: Bkcheese|move: Stealth Rock
|move|p2a: Ferrothorn|Knock Off|p1a: Skarmory
|-resisted|p1a: Skarmory
|-damage|p1a: Skarmory|99/100
|-enditem|p1a: Skarmory|Custap Berry|[from] move: Knock Off|[of] p2a: Ferrothorn
|
|-weather|RainDance|[upkeep]
|-heal|p2a: Ferrothorn|85/100|[from] item: Leftovers
|upkeep
|turn|5
|
|t:|1749741314
|switch|p2a: Starmie|Starmie|100/100
|-damage|p2a: Starmie|88/100|[from] Stealth Rock
|-item|p2a: Starmie|Air Balloon
|move|p1a: Skarmory|Brave Bird|p2a: Starmie
|-damage|p2a: Starmie|15/100
|-enditem|p2a: Starmie|Air Balloon
|-damage|p1a: Skarmory|80/100|[from] Recoil
|
|-weather|RainDance|[upkeep]
|upkeep
|turn|6
|
|t:|1749741324
|switch|p1a: Mamoswine|Mamoswine, M|100/100
|-damage|p1a: Mamoswine|88/100|[from] Stealth Rock
|move|p2a: Starmie|Thunder|p1a: Mamoswine
|-immune|p1a: Mamoswine
|
|-weather|RainDance|[upkeep]
|upkeep
|turn|7
|
|t:|1749741339
|switch|p1a: Jellicent|Jellicent, M|100/100
|-damage|p1a: Jellicent|88/100|[from] Stealth Rock
|switch|p2a: Ferrothorn|Ferrothorn, M|85/100
|-damage|p2a: Ferrothorn|79/100|[from] Stealth Rock
|
|-weather|RainDance|[upkeep]
|-heal|p1a: Jellicent|94/100|[from] item: Leftovers
|-heal|p2a: Ferrothorn|85/100|[from] item: Leftovers
|upkeep
|turn|8
|
|t:|1749741354
|move|p1a: Jellicent|Will-O-Wisp|p2a: Ferrothorn
|-status|p2a: Ferrothorn|brn
|move|p2a: Ferrothorn|Spikes|p1a: Jellicent
|-sidestart|p1: chomp29|Spikes
|
|-weather|RainDance|[upkeep]
|-heal|p1a: Jellicent|99/100|[from] item: Leftovers
|-heal|p2a: Ferrothorn|91/100 brn|[from] item: Leftovers
|-damage|p2a: Ferrothorn|79/100 brn|[from] brn
|upkeep
|turn|9
|
|t:|1749741362
|switch|p1a: Skarmory|Skarmory, F|80/100
|-damage|p1a: Skarmory|68/100|[from] Stealth Rock
|move|p2a: Ferrothorn|Knock Off|p1a: Skarmory
|-resisted|p1a: Skarmory
|-damage|p1a: Skarmory|67/100
|
|-weather|RainDance|[upkeep]
|-heal|p2a: Ferrothorn|85/100 brn|[from] item: Leftovers
|-damage|p2a: Ferrothorn|73/100 brn|[from] brn
|upkeep
|turn|10
|
|t:|1749741370
|move|p1a: Skarmory|Spikes|p2a: Ferrothorn
|-sidestart|p2: Bkcheese|Spikes
|move|p2a: Ferrothorn|Spikes|p1a: Skarmory
|-sidestart|p1: chomp29|Spikes
|
|-weather|RainDance|[upkeep]
|-heal|p2a: Ferrothorn|79/100 brn|[from] item: Leftovers
|-damage|p2a: Ferrothorn|66/100 brn|[from] brn
|upkeep
|turn|11
|
|t:|1749741375
|move|p1a: Skarmory|Spikes|p2a: Ferrothorn
|-sidestart|p2: Bkcheese|Spikes
|move|p2a: Ferrothorn|Spikes|p1a: Skarmory
|-sidestart|p1: chomp29|Spikes
|
|-weather|RainDance|[upkeep]
|-heal|p2a: Ferrothorn|73/100 brn|[from] item: Leftovers
|-damage|p2a: Ferrothorn|60/100 brn|[from] brn
|upkeep
|turn|12
|
|t:|1749741381
|switch|p2a: Starmie|Starmie|15/100
|-damage|p2a: Starmie|2/100|[from] Stealth Rock
|-damage|p2a: Starmie|0 fnt|[from] Spikes
|faint|p2a: Starmie
|move|p1a: Skarmory|Spikes|p2: Starmie
|-sidestart|p2: Bkcheese|Spikes
|
|-weather|RainDance|[upkeep]
|upkeep
|
|t:|1749741387
|switch|p2a: Thundurus|Thundurus-Therian, M|100/100
|-damage|p2a: Thundurus|76/100|[from] Stealth Rock
|turn|13
|
|t:|1749741392
|move|p2a: Thundurus|Agility|p2a: Thundurus
|-boost|p2a: Thundurus|spe|2
|move|p1a: Skarmory|Brave Bird|p2a: Thundurus
|-resisted|p2a: Thundurus
|-damage|p2a: Thundurus|40/100
|-damage|p1a: Skarmory|55/100|[from] Recoil
|
|-weather|RainDance|[upkeep]
|-heal|p2a: Thundurus|46/100|[from] item: Leftovers
|upkeep
|turn|14
|
|t:|1749741399
|move|p2a: Thundurus|Thunder|p1a: Skarmory
|-supereffective|p1a: Skarmory
|-damage|p1a: Skarmory|0 fnt
|faint|p1a: Skarmory
|
|-weather|RainDance|[upkeep]
|-heal|p2a: Thundurus|52/100|[from] item: Leftovers
|upkeep
|
|t:|1749741407
|switch|p1a: Mamoswine|Mamoswine, M|88/100
|-damage|p1a: Mamoswine|76/100|[from] Stealth Rock
|-damage|p1a: Mamoswine|51/100|[from] Spikes
|turn|15
|
|t:|1749741411
|switch|p2a: Politoed|Politoed, M|100/100
|-damage|p2a: Politoed|88/100|[from] Stealth Rock
|-damage|p2a: Politoed|63/100|[from] Spikes
|move|p1a: Mamoswine|Ice Shard|p2a: Politoed
|-resisted|p2a: Politoed
|-damage|p2a: Politoed|54/100
|
|-weather|RainDance|[upkeep]
|-heal|p2a: Politoed|60/100|[from] item: Leftovers
|upkeep
|turn|16
|
|t:|1749741419
|switch|p1a: Jirachi|Jirachi|100/100
|-damage|p1a: Jirachi|95/100|[from] Stealth Rock
|-damage|p1a: Jirachi|70/100|[from] Spikes
|switch|p2a: Ferrothorn|Ferrothorn, M|60/100 brn
|-damage|p2a: Ferrothorn|54/100 brn|[from] Stealth Rock
|-damage|p2a: Ferrothorn|29/100 brn|[from] Spikes
|
|-weather|RainDance|[upkeep]
|-heal|p2a: Ferrothorn|35/100 brn|[from] item: Leftovers
|-damage|p2a: Ferrothorn|23/100 brn|[from] brn
|upkeep
|turn|17
|
|t:|1749741423
|move|p1a: Jirachi|Fire Punch|p2a: Ferrothorn
|-supereffective|p2a: Ferrothorn
|-damage|p2a: Ferrothorn|0 fnt
|-damage|p1a: Jirachi|57/100|[from] ability: Iron Barbs|[of] p2a: Ferrothorn
|faint|p2a: Ferrothorn
|
|-weather|RainDance|[upkeep]
|upkeep
|
|t:|1749741428
|switch|p2a: Breloom|Breloom, M|100/100
|-damage|p2a: Breloom|94/100|[from] Stealth Rock
|-damage|p2a: Breloom|69/100|[from] Spikes
|turn|18
|
|t:|1749741432
|move|p1a: Jirachi|Ice Punch|p2a: Breloom
|-supereffective|p2a: Breloom
|-damage|p2a: Breloom|4/100
|move|p2a: Breloom|Bulk Up|p2a: Breloom
|-boost|p2a: Breloom|atk|1
|-boost|p2a: Breloom|def|1
|
|-weather|RainDance|[upkeep]
|-status|p2a: Breloom|tox|[from] item: Toxic Orb
|upkeep
|turn|19
|
|t:|1749741438
|move|p2a: Breloom|Protect|p2a: Breloom
|-singleturn|p2a: Breloom|Protect
|move|p1a: Jirachi|Ice Punch|p2a: Breloom
|-activate|p2a: Breloom|move: Protect
|
|-weather|RainDance|[upkeep]
|-heal|p2a: Breloom|16/100 tox|[from] ability: Poison Heal
|upkeep
|turn|20
|
|t:|1749741452
|move|p2a: Breloom|Protect|p2a: Breloom
|-singleturn|p2a: Breloom|Protect
|move|p1a: Jirachi|Ice Punch|p2a: Breloom
|-activate|p2a: Breloom|move: Protect
|
|-weather|RainDance|[upkeep]
|-heal|p2a: Breloom|29/100 tox|[from] ability: Poison Heal
|upkeep
|turn|21
|
|t:|1749741461
|move|p2a: Breloom|Protect||[still]
|-fail|p2a: Breloom
|move|p1a: Jirachi|Ice Punch|p2a: Breloom
|-supereffective|p2a: Breloom
|-crit|p2a: Breloom
|-damage|p2a: Breloom|0 fnt
|faint|p2a: Breloom
|
|-weather|RainDance|[upkeep]
|upkeep
|
|t:|1749741467
|switch|p2a: Latios|Latios, M|100/100
|-damage|p2a: Latios|88/100|[from] Stealth Rock
|turn|22
|
|t:|1749741472
|move|p2a: Latios|Surf|p1a: Jirachi
|-damage|p1a: Jirachi|6/100
|move|p1a: Jirachi|Ice Punch|p2a: Latios
|-supereffective|p2a: Latios
|-damage|p2a: Latios|22/100
|-status|p2a: Latios|frz
|
|-weather|RainDance|[upkeep]
|upkeep
|turn|23
|
|t:|1749741475
|cant|p2a: Latios|frz
|move|p1a: Jirachi|Ice Punch|p2a: Latios
|-supereffective|p2a: Latios
|-damage|p2a: Latios|0 fnt
|faint|p2a: Latios
|
|-weather|RainDance|[upkeep]
|upkeep
|
|t:|1749741478
|switch|p2a: Thundurus|Thundurus-Therian, M|52/100
|-damage|p2a: Thundurus|27/100|[from] Stealth Rock
|turn|24
|
|t:|1749741482
|move|p1a: Jirachi|Ice Punch|p2a: Thundurus
|-supereffective|p2a: Thundurus
|-damage|p2a: Thundurus|0 fnt
|faint|p2a: Thundurus
|
|-weather|RainDance|[upkeep]
|upkeep
|-message|Bkcheese forfeited.
|
|win|chomp29
|raw|chomp29's rating: 1435 &rarr; <strong>1449</strong><br />(+14 for winning)
|raw|Bkcheese's rating: 1330 &rarr; <strong>1316</strong><br />(-14 for losing)
|l|☆Bkcheese
|player|p2|
