|j|☆Xalvadore
|j|☆Blossummm
|t:|1742695591
|gametype|singles
|player|p1|Xalvadore|169|1300
|player|p2|Blossummm|roxie|1396
|teamsize|p1|6
|teamsize|p2|6
|gen|5
|tier|[Gen 5] OU
|rated|
|rule|Species Clause: Limit one of each Pokémon
|rule|OHKO Clause: OHKO moves are banned
|rule|Moody Clause: Moody is banned
|rule|Evasion Items Clause: Evasion items are banned
|rule|Evasion Moves Clause: Evasion moves are banned
|rule|Endless Battle Clause: Forcing endless battles is banned
|rule|HP Percentage Mod: HP is shown in percentages
|rule|Evasion Abilities Clause: Evasion abilities are banned
|rule|Sleep Moves Clause: Sleep-inducing moves are banned
|rule|Swagger Clause: Swagger is banned
|rule|Baton Pass Stat Clause: No Baton Passer may have a way to boost its stats
|clearpoke
|poke|p1|Garchomp, F|item
|poke|p1|Volcarona, F|item
|poke|p1|Dragonite, M|item
|poke|p1|Breloom, M|item
|poke|p1|Starmie|item
|poke|p1|Scizor, M|item
|poke|p2|Politoed, F|item
|poke|p2|Thundurus-Therian, M|item
|poke|p2|Tornadus, M|item
|poke|p2|Blastoise, M|item
|poke|p2|Latios, M|item
|poke|p2|Ferrothorn, F|item
|teampreview
|
|t:|1742695596
|start
|switch|p1a: Garchomp|Garchomp, F|100/100
|switch|p2a: Politoed|Politoed, F|100/100
|-weather|RainDance|[from] ability: Drizzle|[of] p2a: Politoed
|turn|1
|
|t:|1742695601
|move|p2a: Politoed|Ice Beam|p1a: Garchomp
|-supereffective|p1a: Garchomp
|-enditem|p1a: Garchomp|Focus Sash
|-damage|p1a: Garchomp|1/100
|move|p1a: Garchomp|Stealth Rock|p2a: Politoed
|-sidestart|p2: Blossummm|move: Stealth Rock
|
|-weather|RainDance|[upkeep]
|upkeep
|turn|2
|
|t:|1742695609
|switch|p2a: Blastoise|Blastoise, M|100/100
|-damage|p2a: Blastoise|88/100|[from] Stealth Rock
|move|p1a: Garchomp|Earthquake|p2a: Blastoise
|-damage|p2a: Blastoise|48/100
|
|-weather|RainDance|[upkeep]
|-heal|p2a: Blastoise|54/100|[from] ability: Rain Dish
|-heal|p2a: Blastoise|60/100|[from] item: Leftovers
|upkeep
|turn|3
|
|t:|1742695619
|move|p1a: Garchomp|Outrage|p2a: Blastoise
|-damage|p2a: Blastoise|4/100
|move|p2a: Blastoise|Rapid Spin|p1a: Garchomp
|-damage|p1a: Garchomp|0 fnt
|-damage|p2a: Blastoise|0 fnt|[from] ability: Rough Skin|[of] p1a: Garchomp
|faint|p2a: Blastoise
|faint|p1a: Garchomp
|
|-weather|RainDance|[upkeep]
|upkeep
|
|t:|1742695652
|switch|p1a: Volcarona|Volcarona, F|100/100
|switch|p2a: Ferrothorn|Ferrothorn, F|100/100
|-damage|p2a: Ferrothorn|94/100|[from] Stealth Rock
|turn|4
|
|t:|1742695657
|switch|p2a: Politoed|Politoed, F|100/100
|-damage|p2a: Politoed|88/100|[from] Stealth Rock
|move|p1a: Volcarona|Quiver Dance|p1a: Volcarona
|-boost|p1a: Volcarona|spa|1
|-boost|p1a: Volcarona|spd|1
|-boost|p1a: Volcarona|spe|1
|
|-weather|RainDance|[upkeep]
|upkeep
|turn|5
|
|t:|1742695662
|move|p1a: Volcarona|Bug Buzz|p2a: Politoed
|-crit|p2a: Politoed
|-damage|p2a: Politoed|0 fnt
|faint|p2a: Politoed
|
|-weather|RainDance|[upkeep]
|upkeep
|
|t:|1742695673
|switch|p2a: Thundurus|Thundurus-Therian, M|100/100
|-damage|p2a: Thundurus|76/100|[from] Stealth Rock
|turn|6
|
|t:|1742695678
|move|p1a: Volcarona|Bug Buzz|p2a: Thundurus
|-resisted|p2a: Thundurus
|-damage|p2a: Thundurus|40/100
|move|p2a: Thundurus|Thunder|p1a: Volcarona
|-damage|p1a: Volcarona|57/100
|
|-weather|RainDance|[upkeep]
|-heal|p2a: Thundurus|46/100|[from] item: Leftovers
|upkeep
|turn|7
|j| callmeguyiguess
|
|t:|1742695685
|move|p1a: Volcarona|Psychic|p2a: Thundurus
|-damage|p2a: Thundurus|0 fnt
|faint|p2a: Thundurus
|
|-weather|RainDance|[upkeep]
|upkeep
|
|t:|1742695692
|switch|p2a: Tornadus|Tornadus, M|100/100
|-damage|p2a: Tornadus|76/100|[from] Stealth Rock
|turn|8
|l| callmeguyiguess
|
|t:|1742695699
|move|p2a: Tornadus|Tailwind|p2a: Tornadus
|-sidestart|p2: Blossummm|move: Tailwind
|move|p1a: Volcarona|Fire Blast|p2a: Tornadus
|-crit|p2a: Tornadus
|-damage|p2a: Tornadus|0 fnt
|faint|p2a: Tornadus
|
|-weather|RainDance|[upkeep]
|upkeep
|
|t:|1742695703
|switch|p2a: Latios|Latios, M|100/100
|-damage|p2a: Latios|88/100|[from] Stealth Rock
|turn|9
|j| callmeguyiguess
|
|t:|1742695712
|move|p2a: Latios|Dragon Pulse|p1a: Volcarona
|-damage|p1a: Volcarona|12/100
|move|p1a: Volcarona|Bug Buzz|p2a: Latios
|-supereffective|p2a: Latios
|-damage|p2a: Latios|0 fnt
|faint|p2a: Latios
|
|-weather|RainDance|[upkeep]
|upkeep
|
|t:|1742695716
|switch|p2a: Ferrothorn|Ferrothorn, F|94/100
|-damage|p2a: Ferrothorn|88/100|[from] Stealth Rock
|turn|10
|c|☆Blossummm|man go to hell
|
|t:|1742695730
|move|p1a: Volcarona|Fire Blast|p2a: Ferrothorn
|-supereffective|p2a: Ferrothorn
|-damage|p2a: Ferrothorn|0 fnt
|faint|p2a: Ferrothorn
|
|win|Xalvadore
|raw|Xalvadore's rating: 1300 &rarr; <strong>1332</strong><br />(+32 for winning)
|raw|Blossummm's rating: 1396 &rarr; <strong>1371</strong><br />(-25 for losing)
|c|☆Xalvadore|One day
