|j|☆baixiaohen
|j|☆Crimsonbacon38
|t:|1730602576
|gametype|singles
|player|p1|baixiaohen|steven|1424
|player|p2|Crimsonbacon38|barry|1309
|teamsize|p1|6
|teamsize|p2|6
|gen|5
|tier|[Gen 5] OU
|rated|
|rule|Species Clause: Limit one of each Pokémon
|rule|OHKO Clause: OHKO moves are banned
|rule|Moody Clause: Moody is banned
|rule|Evasion Items Clause: Evasion items are banned
|rule|Evasion Moves Clause: Evasion moves are banned
|rule|Endless Battle Clause: Forcing endless battles is banned
|rule|HP Percentage Mod: HP is shown in percentages
|rule|Evasion Abilities Clause: Evasion abilities are banned
|rule|Sleep Moves Clause: Sleep-inducing moves are banned
|rule|Swagger Clause: Swagger is banned
|rule|Baton Pass Stat Clause: No Baton Passer may have a way to boost its stats
|clearpoke
|poke|p1|Politoed, F|item
|poke|p1|Ferrothorn, F|item
|poke|p1|Scizor, M|item
|poke|p1|Starmie|item
|poke|p1|Sharpedo, F|item
|poke|p1|Tornadus, M|item
|poke|p2|Politoed, F|item
|poke|p2|Volcarona, F|item
|poke|p2|Jirachi|item
|poke|p2|Dragonite, M|item
|poke|p2|Garchomp, M|item
|poke|p2|Starmie|item
|teampreview
|
|t:|1730602590
|start
|switch|p1a: Scizor|Scizor, M|100/100
|switch|p2a: Best I Ever Had|Garchomp, M|100/100
|turn|1
|
|t:|1730602600
|move|p2a: Best I Ever Had|Stealth Rock|p1a: Scizor
|-sidestart|p1: baixiaohen|move: Stealth Rock
|move|p1a: Scizor|U-turn|p2a: Best I Ever Had
|-damage|p2a: Best I Ever Had|41/100
|-damage|p1a: Scizor|88/100|[from] ability: Rough Skin|[of] p2a: Best I Ever Had
|
|t:|1730602605
|switch|p1a: Starmie|Starmie|100/100|[from] U-turn
|-damage|p1a: Starmie|88/100|[from] Stealth Rock
|
|upkeep
|turn|2
|
|t:|1730602610
|switch|p2a: Hotline Bling|Politoed, F, shiny|100/100
|-weather|RainDance|[from] ability: Drizzle|[of] p2a: Hotline Bling
|move|p1a: Starmie|Ice Beam|p2a: Hotline Bling
|-resisted|p2a: Hotline Bling
|-damage|p2a: Hotline Bling|85/100
|-damage|p1a: Starmie|78/100|[from] item: Life Orb
|
|-weather|RainDance|[upkeep]
|upkeep
|turn|3
|
|t:|1730602616
|move|p2a: Hotline Bling|Encore|p1a: Starmie
|-start|p1a: Starmie|Encore
|move|p1a: Starmie|Ice Beam|p2a: Hotline Bling
|-resisted|p2a: Hotline Bling
|-damage|p2a: Hotline Bling|70/100
|-damage|p1a: Starmie|68/100|[from] item: Life Orb
|
|-weather|RainDance|[upkeep]
|upkeep
|turn|4
|
|t:|1730602626
|switch|p2a: 5am in Toronto|Jirachi|100/100
|switch|p1a: Ferrothorn|Ferrothorn, F|100/100
|-damage|p1a: Ferrothorn|94/100|[from] Stealth Rock
|
|-weather|RainDance|[upkeep]
|-heal|p1a: Ferrothorn|100/100|[from] item: Leftovers
|upkeep
|turn|5
|
|t:|1730602634
|move|p2a: 5am in Toronto|Substitute|p2a: 5am in Toronto
|-start|p2a: 5am in Toronto|Substitute
|-damage|p2a: 5am in Toronto|75/100
|move|p1a: Ferrothorn|Stealth Rock|p2a: 5am in Toronto
|-sidestart|p2: Crimsonbacon38|move: Stealth Rock
|
|-weather|RainDance|[upkeep]
|-heal|p2a: 5am in Toronto|82/100|[from] item: Leftovers
|upkeep
|turn|6
|
|t:|1730602644
|move|p2a: 5am in Toronto|Calm Mind|p2a: 5am in Toronto
|-boost|p2a: 5am in Toronto|spa|1
|-boost|p2a: 5am in Toronto|spd|1
|move|p1a: Ferrothorn|Spikes|p2a: 5am in Toronto
|-sidestart|p2: Crimsonbacon38|Spikes
|
|-weather|RainDance|[upkeep]
|-heal|p2a: 5am in Toronto|88/100|[from] item: Leftovers
|upkeep
|turn|7
|
|t:|1730602647
|move|p2a: 5am in Toronto|Calm Mind|p2a: 5am in Toronto
|-boost|p2a: 5am in Toronto|spa|1
|-boost|p2a: 5am in Toronto|spd|1
|move|p1a: Ferrothorn|Gyro Ball|p2a: 5am in Toronto
|-resisted|p2a: 5am in Toronto
|-activate|p2a: 5am in Toronto|Substitute|[damage]
|
|-weather|RainDance|[upkeep]
|-heal|p2a: 5am in Toronto|94/100|[from] item: Leftovers
|upkeep
|turn|8
|
|t:|1730602655
|move|p2a: 5am in Toronto|Calm Mind|p2a: 5am in Toronto
|-boost|p2a: 5am in Toronto|spa|1
|-boost|p2a: 5am in Toronto|spd|1
|move|p1a: Ferrothorn|Gyro Ball|p2a: 5am in Toronto
|-resisted|p2a: 5am in Toronto
|-end|p2a: 5am in Toronto|Substitute
|
|-weather|RainDance|[upkeep]
|-heal|p2a: 5am in Toronto|99/100|[from] item: Leftovers
|upkeep
|turn|9
|
|t:|1730602660
|move|p2a: 5am in Toronto|Substitute|p2a: 5am in Toronto
|-start|p2a: 5am in Toronto|Substitute
|-damage|p2a: 5am in Toronto|75/100
|move|p1a: Ferrothorn|Gyro Ball|p2a: 5am in Toronto
|-resisted|p2a: 5am in Toronto
|-activate|p2a: 5am in Toronto|Substitute|[damage]
|
|-weather|RainDance|[upkeep]
|-heal|p2a: 5am in Toronto|81/100|[from] item: Leftovers
|upkeep
|turn|10
|
|t:|1730602665
|move|p2a: 5am in Toronto|Calm Mind|p2a: 5am in Toronto
|-boost|p2a: 5am in Toronto|spa|1
|-boost|p2a: 5am in Toronto|spd|1
|move|p1a: Ferrothorn|Gyro Ball|p2a: 5am in Toronto
|-resisted|p2a: 5am in Toronto
|-end|p2a: 5am in Toronto|Substitute
|
|-weather|RainDance|[upkeep]
|-heal|p2a: 5am in Toronto|88/100|[from] item: Leftovers
|upkeep
|turn|11
|
|t:|1730602674
|move|p2a: 5am in Toronto|Substitute|p2a: 5am in Toronto
|-start|p2a: 5am in Toronto|Substitute
|-damage|p2a: 5am in Toronto|63/100
|move|p1a: Ferrothorn|Gyro Ball|p2a: 5am in Toronto
|-resisted|p2a: 5am in Toronto
|-activate|p2a: 5am in Toronto|Substitute|[damage]
|
|-weather|RainDance|[upkeep]
|-heal|p2a: 5am in Toronto|69/100|[from] item: Leftovers
|upkeep
|turn|12
|
|t:|1730602683
|move|p2a: 5am in Toronto|Calm Mind|p2a: 5am in Toronto
|-boost|p2a: 5am in Toronto|spa|1
|-boost|p2a: 5am in Toronto|spd|1
|move|p1a: Ferrothorn|Gyro Ball|p2a: 5am in Toronto
|-resisted|p2a: 5am in Toronto
|-end|p2a: 5am in Toronto|Substitute
|
|-weather|RainDance|[upkeep]
|-heal|p2a: 5am in Toronto|75/100|[from] item: Leftovers
|upkeep
|turn|13
|
|t:|1730602689
|move|p2a: 5am in Toronto|Substitute|p2a: 5am in Toronto
|-start|p2a: 5am in Toronto|Substitute
|-damage|p2a: 5am in Toronto|50/100
|move|p1a: Ferrothorn|Gyro Ball|p2a: 5am in Toronto
|-resisted|p2a: 5am in Toronto
|-activate|p2a: 5am in Toronto|Substitute|[damage]
|
|-weather|RainDance|[upkeep]
|-heal|p2a: 5am in Toronto|56/100|[from] item: Leftovers
|upkeep
|turn|14
|
|t:|1730602696
|move|p2a: 5am in Toronto|Calm Mind|p2a: 5am in Toronto
|-boost|p2a: 5am in Toronto|spa|1
|-boost|p2a: 5am in Toronto|spd|1
|move|p1a: Ferrothorn|Gyro Ball|p2a: 5am in Toronto
|-resisted|p2a: 5am in Toronto
|-end|p2a: 5am in Toronto|Substitute
|
|-weather|RainDance|[upkeep]
|-heal|p2a: 5am in Toronto|62/100|[from] item: Leftovers
|upkeep
|turn|15
|
|t:|1730602706
|move|p2a: 5am in Toronto|Substitute|p2a: 5am in Toronto
|-start|p2a: 5am in Toronto|Substitute
|-damage|p2a: 5am in Toronto|37/100
|move|p1a: Ferrothorn|Spikes|p2a: 5am in Toronto
|-sidestart|p2: Crimsonbacon38|Spikes
|
|-weather|RainDance|[upkeep]
|-heal|p2a: 5am in Toronto|44/100|[from] item: Leftovers
|upkeep
|turn|16
|
|t:|1730602715
|move|p2a: 5am in Toronto|Psychic|p1a: Ferrothorn
|-resisted|p1a: Ferrothorn
|-damage|p1a: Ferrothorn|62/100
|move|p1a: Ferrothorn|Spikes|p2a: 5am in Toronto
|-sidestart|p2: Crimsonbacon38|Spikes
|
|-weather|RainDance|[upkeep]
|-heal|p2a: 5am in Toronto|50/100|[from] item: Leftovers
|-heal|p1a: Ferrothorn|68/100|[from] item: Leftovers
|upkeep
|turn|17
|
|t:|1730602725
|move|p2a: 5am in Toronto|Psychic|p1a: Ferrothorn
|-resisted|p1a: Ferrothorn
|-damage|p1a: Ferrothorn|30/100
|move|p1a: Ferrothorn|Power Whip|p2a: 5am in Toronto
|-resisted|p2a: 5am in Toronto
|-activate|p2a: 5am in Toronto|Substitute|[damage]
|
|-weather|RainDance|[upkeep]
|-heal|p2a: 5am in Toronto|56/100|[from] item: Leftovers
|-heal|p1a: Ferrothorn|36/100|[from] item: Leftovers
|upkeep
|turn|18
|
|t:|1730602736
|move|p2a: 5am in Toronto|Psychic|p1a: Ferrothorn
|-resisted|p1a: Ferrothorn
|-damage|p1a: Ferrothorn|0 fnt
|faint|p1a: Ferrothorn
|
|-weather|RainDance|[upkeep]
|-heal|p2a: 5am in Toronto|62/100|[from] item: Leftovers
|upkeep
|
|t:|1730602752
|switch|p1a: Scizor|Scizor, M|88/100
|-damage|p1a: Scizor|76/100|[from] Stealth Rock
|turn|19
|
|t:|1730602756
|move|p1a: Scizor|Bullet Punch|p2a: 5am in Toronto
|-resisted|p2a: 5am in Toronto
|-end|p2a: 5am in Toronto|Substitute
|move|p2a: 5am in Toronto|Thunder|p1a: Scizor
|-damage|p1a: Scizor|0 fnt
|faint|p1a: Scizor
|
|-weather|RainDance|[upkeep]
|-heal|p2a: 5am in Toronto|68/100|[from] item: Leftovers
|upkeep
|
|t:|1730602761
|switch|p1a: Starmie|Starmie|68/100
|-damage|p1a: Starmie|56/100|[from] Stealth Rock
|turn|20
|
|t:|1730602764
|move|p1a: Starmie|Hydro Pump|p2a: 5am in Toronto
|-damage|p2a: 5am in Toronto|46/100
|-damage|p1a: Starmie|46/100|[from] item: Life Orb
|move|p2a: 5am in Toronto|Thunder|p1a: Starmie
|-supereffective|p1a: Starmie
|-damage|p1a: Starmie|0 fnt
|faint|p1a: Starmie
|
|-weather|RainDance|[upkeep]
|-heal|p2a: 5am in Toronto|52/100|[from] item: Leftovers
|upkeep
|
|t:|1730602768
|switch|p1a: Sharpedo|Sharpedo, F|100/100
|-damage|p1a: Sharpedo|88/100|[from] Stealth Rock
|turn|21
|
|t:|1730602772
|move|p1a: Sharpedo|Protect|p1a: Sharpedo
|-singleturn|p1a: Sharpedo|Protect
|move|p2a: 5am in Toronto|Substitute|p2a: 5am in Toronto
|-start|p2a: 5am in Toronto|Substitute
|-damage|p2a: 5am in Toronto|27/100
|
|-weather|RainDance|[upkeep]
|-heal|p2a: 5am in Toronto|33/100|[from] item: Leftovers
|-ability|p1a: Sharpedo|Speed Boost|boost
|-boost|p1a: Sharpedo|spe|1
|upkeep
|turn|22
|
|t:|1730602776
|move|p1a: Sharpedo|Earthquake|p2a: 5am in Toronto
|-supereffective|p2a: 5am in Toronto
|-end|p2a: 5am in Toronto|Substitute
|-damage|p1a: Sharpedo|78/100|[from] item: Life Orb
|move|p2a: 5am in Toronto|Thunder|p1a: Sharpedo
|-supereffective|p1a: Sharpedo
|-damage|p1a: Sharpedo|0 fnt
|faint|p1a: Sharpedo
|
|-weather|RainDance|[upkeep]
|-heal|p2a: 5am in Toronto|39/100|[from] item: Leftovers
|upkeep
|
|t:|1730602779
|switch|p1a: Tornadus|Tornadus, M|100/100
|-damage|p1a: Tornadus|76/100|[from] Stealth Rock
|turn|23
|
|t:|1730602785
|move|p1a: Tornadus|Hurricane|p2a: 5am in Toronto
|-resisted|p2a: 5am in Toronto
|-damage|p2a: 5am in Toronto|30/100
|move|p2a: 5am in Toronto|Thunder|p1a: Tornadus
|-supereffective|p1a: Tornadus
|-damage|p1a: Tornadus|0 fnt
|faint|p1a: Tornadus
|
|-weather|RainDance|[upkeep]
|-heal|p2a: 5am in Toronto|36/100|[from] item: Leftovers
|upkeep
|-message|baixiaohen forfeited.
|
|win|Crimsonbacon38
|raw|baixiaohen's rating: 1424 &rarr; <strong>1398</strong><br />(-26 for losing)
|raw|Crimsonbacon38's rating: 1309 &rarr; <strong>1335</strong><br />(+26 for winning)
|l|☆baixiaohen
|player|p1|
