|j|☆Ar. Layne
|j|☆Invisible Enemy
|player|p1|Ar. Layne|256
|player|p2|Invisible Enemy|247
|teamsize|p1|6
|teamsize|p2|6
|gametype|singles
|gen|5
|tier|[Gen 5] OU
|rated|
|rule|Sleep Clause Mod: Limit one foe put to sleep
|rule|Species Clause: Limit one of each Pokémon
|rule|OHKO Clause: OHKO moves are banned
|rule|Moody Clause: Moody is banned
|rule|Evasion Moves Clause: Evasion moves are banned
|rule|Endless Battle Clause: Forcing endless battles is banned
|rule|HP Percentage Mod: HP is shown in percentages
|rule|Evasion Abilities Clause: Evasion abilities are banned
|rule|Baton Pass Clause: Limit one Baton Passer, can't pass Spe and other stats simultaneously
|rule|Swagger Clause: Swagger is banned
|clearpoke
|poke|p1|Tyranitar, F|item
|poke|p1|Excadrill, F|item
|poke|p1|Rotom-Wash|item
|poke|p1|Keldeo|item
|poke|p1|Tangrowth, F|item
|poke|p1|Blissey, F|item
|poke|p2|Ninetales, M|item
|poke|p2|Seismitoad, F|item
|poke|p2|Dragonite, M|item
|poke|p2|Excadrill, M|item
|poke|p2|Victini|item
|poke|p2|Bronzong|item
|teampreview
|
|start
|switch|p1a: Excadrill|Excadrill, F|100/100
|switch|p2a: Seismitoad|Seismitoad, F|100/100
|-ability|p1a: Excadrill|Mold Breaker
|turn|1
|
|move|p1a: Excadrill|Stealth Rock|p2a: Seismitoad
|-sidestart|p2: Invisible Enemy|move: Stealth Rock
|move|p2a: Seismitoad|Stealth Rock|p1a: Excadrill
|-sidestart|p1: Ar. Layne|move: Stealth Rock
|
|upkeep
|turn|2
|
|switch|p1a: Tangrowth|Tangrowth, F|100/100
|-damage|p1a: Tangrowth|88/100|[from] Stealth Rock
|move|p2a: Seismitoad|Ice Punch|p1a: Tangrowth
|-supereffective|p1a: Tangrowth
|-crit|p1a: Tangrowth
|-damage|p1a: Tangrowth|39/100
|
|-heal|p1a: Tangrowth|46/100|[from] item: Leftovers
|upkeep
|turn|3
|
|switch|p2a: Ninetales|Ninetales, M, shiny|100/100
|-damage|p2a: Ninetales|76/100|[from] Stealth Rock
|-weather|SunnyDay|[from] ability: Drought|[of] p2a: Ninetales
|switch|p1a: Rotom|Rotom-Wash|100/100
|-damage|p1a: Rotom|88/100|[from] Stealth Rock
|
|-weather|SunnyDay|[upkeep]
|-heal|p2a: Ninetales|82/100|[from] item: Leftovers
|-heal|p1a: Rotom|94/100|[from] item: Leftovers
|upkeep
|turn|4
|j| BlazingDark
|
|switch|p2a: Seismitoad|Seismitoad, F|100/100
|-damage|p2a: Seismitoad|94/100|[from] Stealth Rock
|move|p1a: Rotom|Volt Switch|p2a: Seismitoad
|-immune|p2a: Seismitoad
|
|-weather|SunnyDay|[upkeep]
|-heal|p1a: Rotom|99/100|[from] item: Leftovers
|-heal|p2a: Seismitoad|100/100|[from] item: Leftovers
|upkeep
|turn|5
|
|switch|p1a: Blissey|Blissey, F|100/100
|-damage|p1a: Blissey|88/100|[from] Stealth Rock
|move|p2a: Seismitoad|Ice Punch|p1a: Blissey
|-damage|p1a: Blissey|66/100
|
|-weather|SunnyDay|[upkeep]
|-heal|p1a: Blissey|72/100|[from] item: Leftovers
|upkeep
|turn|6
|
|switch|p2a: Excadrill|Excadrill, M|100/100
|-damage|p2a: Excadrill|98/100|[from] Stealth Rock
|-ability|p2a: Excadrill|Mold Breaker
|move|p1a: Blissey|Wish|p1a: Blissey
|
|-weather|SunnyDay|[upkeep]
|-heal|p2a: Excadrill|100/100|[from] item: Leftovers
|-heal|p1a: Blissey|78/100|[from] item: Leftovers
|upkeep
|turn|7
|j| Avtomat
|
|move|p2a: Excadrill|Rapid Spin|p1a: Blissey
|-damage|p1a: Blissey|71/100
|-sideend|p2: Invisible Enemy|Stealth Rock|[from] move: Rapid Spin|[of] p2a: Excadrill
|move|p1a: Blissey|Seismic Toss|p2a: Excadrill
|-damage|p2a: Excadrill|76/100
|
|-weather|SunnyDay|[upkeep]
|-heal|p1a: Blissey|100/100|[from] move: Wish|[wisher] Blissey
|-heal|p2a: Excadrill|82/100|[from] item: Leftovers
|upkeep
|turn|8
|
|move|p2a: Excadrill|Earthquake|p1a: Blissey
|-damage|p1a: Blissey|45/100
|move|p1a: Blissey|Wish|p1a: Blissey
|
|-weather|SunnyDay|[upkeep]
|-heal|p2a: Excadrill|88/100|[from] item: Leftovers
|-heal|p1a: Blissey|51/100|[from] item: Leftovers
|upkeep
|turn|9
|
|switch|p1a: Keldeo|Keldeo|100/100
|-damage|p1a: Keldeo|94/100|[from] Stealth Rock
|move|p2a: Excadrill|Earthquake|p1a: Keldeo
|-damage|p1a: Keldeo|31/100
|
|-weather|SunnyDay|[upkeep]
|-heal|p1a: Keldeo|100/100|[from] move: Wish|[wisher] Blissey
|-heal|p2a: Excadrill|94/100|[from] item: Leftovers
|upkeep
|turn|10
|
|move|p2a: Excadrill|Protect|p2a: Excadrill
|-singleturn|p2a: Excadrill|Protect
|move|p1a: Keldeo|Icy Wind|p2a: Excadrill
|-activate|p2a: Excadrill|move: Protect
|
|-weather|SunnyDay|[upkeep]
|-heal|p2a: Excadrill|100/100|[from] item: Leftovers
|upkeep
|turn|11
|
|switch|p2a: Ninetales|Ninetales, M, shiny|82/100
|move|p1a: Keldeo|Icy Wind|p2a: Ninetales
|-resisted|p2a: Ninetales
|-damage|p2a: Ninetales|73/100
|-unboost|p2a: Ninetales|spe|1
|
|-weather|SunnyDay|[upkeep]
|-heal|p2a: Ninetales|79/100|[from] item: Leftovers
|upkeep
|turn|12
|
|move|p1a: Keldeo|Hydro Pump|p2a: Ninetales
|-supereffective|p2a: Ninetales
|-damage|p2a: Ninetales|16/100
|move|p2a: Ninetales|Will-O-Wisp|p1a: Keldeo
|-status|p1a: Keldeo|brn
|
|-weather|SunnyDay|[upkeep]
|-heal|p2a: Ninetales|22/100|[from] item: Leftovers
|-damage|p1a: Keldeo|88/100 brn|[from] brn
|upkeep
|turn|13
|
|switch|p1a: Tyranitar|Tyranitar, F|100/100
|-damage|p1a: Tyranitar|88/100|[from] Stealth Rock
|-weather|Sandstorm|[from] ability: Sand Stream|[of] p1a: Tyranitar
|move|p2a: Ninetales|Protect||[still]
|-fail|p2a: Ninetales
|
|-weather|Sandstorm|[upkeep]
|-damage|p2a: Ninetales|16/100|[from] Sandstorm
|-heal|p2a: Ninetales|22/100|[from] item: Leftovers
|upkeep
|turn|14
|
|move|p1a: Tyranitar|Pursuit|p2a: Ninetales
|-damage|p2a: Ninetales|0 fnt
|faint|p2a: Ninetales
|
|-weather|Sandstorm|[upkeep]
|upkeep
|
|switch|p2a: Excadrill|Excadrill, M|100/100
|-ability|p2a: Excadrill|Mold Breaker
|turn|15
|
|switch|p1a: Tangrowth|Tangrowth, F|79/100
|-damage|p1a: Tangrowth|67/100|[from] Stealth Rock
|move|p2a: Excadrill|Earthquake|p1a: Tangrowth
|-resisted|p1a: Tangrowth
|-damage|p1a: Tangrowth|52/100
|
|-weather|Sandstorm|[upkeep]
|-damage|p1a: Tangrowth|46/100|[from] Sandstorm
|-heal|p1a: Tangrowth|52/100|[from] item: Leftovers
|upkeep
|turn|16
|
|switch|p2a: Dragonite|Dragonite, M|100/100
|move|p1a: Tangrowth|Sleep Powder|p2a: Dragonite|[miss]
|-miss|p1a: Tangrowth|p2a: Dragonite
|
|-weather|Sandstorm|[upkeep]
|-damage|p2a: Dragonite|94/100|[from] Sandstorm
|-damage|p1a: Tangrowth|46/100|[from] Sandstorm
|-heal|p1a: Tangrowth|52/100|[from] item: Leftovers
|upkeep
|turn|17
|
|switch|p1a: Tyranitar|Tyranitar, F|88/100
|-damage|p1a: Tyranitar|76/100|[from] Stealth Rock
|move|p2a: Dragonite|Superpower|p1a: Tyranitar
|-supereffective|p1a: Tyranitar
|-damage|p1a: Tyranitar|0 fnt
|-unboost|p2a: Dragonite|atk|1
|-unboost|p2a: Dragonite|def|1
|faint|p1a: Tyranitar
|
|-weather|Sandstorm|[upkeep]
|-damage|p2a: Dragonite|88/100|[from] Sandstorm
|upkeep
|
|switch|p1a: Tangrowth|Tangrowth, F|86/100
|-damage|p1a: Tangrowth|73/100|[from] Stealth Rock
|turn|18
|
|switch|p2a: Victini|Victini|100/100
|move|p1a: Tangrowth|Sleep Powder|p2a: Victini
|-status|p2a: Victini|slp
|
|-weather|Sandstorm|[upkeep]
|-damage|p2a: Victini|94/100 slp|[from] Sandstorm
|-damage|p1a: Tangrowth|67/100|[from] Sandstorm
|-heal|p1a: Tangrowth|73/100|[from] item: Leftovers
|upkeep
|turn|19
|
|switch|p1a: Excadrill|Excadrill, F|100/100
|-damage|p1a: Excadrill|98/100|[from] Stealth Rock
|-ability|p1a: Excadrill|Mold Breaker
|cant|p2a: Victini|slp
|
|-weather|Sandstorm|[upkeep]
|-damage|p2a: Victini|88/100 slp|[from] Sandstorm
|-heal|p1a: Excadrill|100/100|[from] item: Leftovers
|upkeep
|turn|20
|
|switch|p2a: Seismitoad|Seismitoad, F|100/100
|move|p1a: Excadrill|Rapid Spin|p2a: Seismitoad
|-damage|p2a: Seismitoad|94/100
|-sideend|p1: Ar. Layne|Stealth Rock|[from] move: Rapid Spin|[of] p1a: Excadrill
|
|-weather|Sandstorm|[upkeep]
|-heal|p2a: Seismitoad|99/100|[from] item: Leftovers
|upkeep
|turn|21
|
|move|p1a: Excadrill|Earthquake|p2a: Seismitoad
|-damage|p2a: Seismitoad|47/100
|move|p2a: Seismitoad|Stealth Rock|p1a: Excadrill
|-sidestart|p1: Ar. Layne|move: Stealth Rock
|
|-weather|Sandstorm|[upkeep]
|-heal|p2a: Seismitoad|53/100|[from] item: Leftovers
|upkeep
|turn|22
|
|switch|p2a: Dragonite|Dragonite, M|88/100
|move|p1a: Excadrill|Earthquake|p2a: Dragonite
|-immune|p2a: Dragonite
|
|-weather|Sandstorm|[upkeep]
|-damage|p2a: Dragonite|82/100|[from] Sandstorm
|upkeep
|turn|23
|
|move|p2a: Dragonite|Superpower|p1a: Excadrill
|-supereffective|p1a: Excadrill
|-damage|p1a: Excadrill|0 fnt
|-unboost|p2a: Dragonite|atk|1
|-unboost|p2a: Dragonite|def|1
|faint|p1a: Excadrill
|
|-weather|Sandstorm|[upkeep]
|-damage|p2a: Dragonite|76/100|[from] Sandstorm
|upkeep
|
|switch|p1a: Tangrowth|Tangrowth, F|100/100
|-damage|p1a: Tangrowth|88/100|[from] Stealth Rock
|turn|24
|
|switch|p2a: Bronzong|Bronzong|100/100
|move|p1a: Tangrowth|Leech Seed|p2a: Bronzong|[miss]
|-miss|p1a: Tangrowth|p2a: Bronzong
|
|-weather|Sandstorm|[upkeep]
|-damage|p1a: Tangrowth|82/100|[from] Sandstorm
|-heal|p1a: Tangrowth|88/100|[from] item: Leftovers
|upkeep
|turn|25
|
|move|p1a: Tangrowth|Leech Seed|p2a: Bronzong
|-start|p2a: Bronzong|move: Leech Seed
|move|p2a: Bronzong|Sunny Day|p2a: Bronzong
|-weather|SunnyDay
|
|-weather|SunnyDay|[upkeep]
|-heal|p1a: Tangrowth|94/100|[from] item: Leftovers
|-damage|p2a: Bronzong|88/100|[from] Leech Seed|[of] p1a: Tangrowth
|-heal|p1a: Tangrowth|100/100|[silent]
|upkeep
|turn|26
|
|switch|p2a: Victini|Victini|88/100 slp
|move|p1a: Tangrowth|Leech Seed|p2a: Victini
|-start|p2a: Victini|move: Leech Seed
|
|-weather|SunnyDay|[upkeep]
|-damage|p2a: Victini|76/100 slp|[from] Leech Seed|[of] p1a: Tangrowth
|upkeep
|turn|27
|
|switch|p1a: Keldeo|Keldeo|88/100 brn
|-damage|p1a: Keldeo|82/100 brn|[from] Stealth Rock
|cant|p2a: Victini|slp
|
|-weather|SunnyDay|[upkeep]
|-damage|p2a: Victini|64/100 slp|[from] Leech Seed|[of] p1a: Keldeo
|-heal|p1a: Keldeo|97/100 brn|[silent]
|-damage|p1a: Keldeo|85/100 brn|[from] brn
|upkeep
|turn|28
|
|switch|p2a: Seismitoad|Seismitoad, F|53/100
|move|p1a: Keldeo|Hydro Pump|p2a: Seismitoad
|-heal|p2a: Seismitoad|78/100|[from] ability: Water Absorb|[of] p1a: Keldeo
|
|-weather|SunnyDay|[upkeep]
|-heal|p2a: Seismitoad|84/100|[from] item: Leftovers
|-damage|p1a: Keldeo|72/100 brn|[from] brn
|upkeep
|turn|29
|
|switch|p2a: Dragonite|Dragonite, M|76/100
|move|p1a: Keldeo|Secret Sword|p2a: Dragonite
|-resisted|p2a: Dragonite
|-damage|p2a: Dragonite|53/100
|
|-weather|none
|-damage|p1a: Keldeo|60/100 brn|[from] brn
|upkeep
|turn|30
|
|switch|p2a: Seismitoad|Seismitoad, F|84/100
|move|p1a: Keldeo|Icy Wind|p2a: Seismitoad
|-damage|p2a: Seismitoad|66/100
|-unboost|p2a: Seismitoad|spe|1
|
|-heal|p2a: Seismitoad|72/100|[from] item: Leftovers
|-damage|p1a: Keldeo|48/100 brn|[from] brn
|upkeep
|turn|31
|
|move|p1a: Keldeo|Secret Sword|p2a: Seismitoad
|-damage|p2a: Seismitoad|23/100
|move|p2a: Seismitoad|Earthquake|p1a: Keldeo
|-damage|p1a: Keldeo|1/100 brn
|
|-heal|p2a: Seismitoad|29/100|[from] item: Leftovers
|-damage|p1a: Keldeo|0 fnt|[from] brn
|upkeep
|faint|p1a: Keldeo
|
|switch|p1a: Tangrowth|Tangrowth, F|100/100
|-damage|p1a: Tangrowth|88/100|[from] Stealth Rock
|turn|32
|
|switch|p2a: Bronzong|Bronzong|88/100
|move|p1a: Tangrowth|Giga Drain|p2a: Bronzong
|-resisted|p2a: Bronzong
|-damage|p2a: Bronzong|76/100
|-heal|p1a: Tangrowth|93/100|[from] drain|[of] p2a: Bronzong
|
|-heal|p1a: Tangrowth|99/100|[from] item: Leftovers
|-heal|p2a: Bronzong|82/100|[from] item: Leftovers
|upkeep
|turn|33
|
|move|p1a: Tangrowth|Leech Seed|p2a: Bronzong
|-start|p2a: Bronzong|move: Leech Seed
|move|p2a: Bronzong|Sunny Day|p2a: Bronzong
|-weather|SunnyDay
|
|-weather|SunnyDay|[upkeep]
|-heal|p1a: Tangrowth|100/100|[from] item: Leftovers
|-heal|p2a: Bronzong|88/100|[from] item: Leftovers
|-damage|p2a: Bronzong|76/100|[from] Leech Seed|[of] p1a: Tangrowth
|upkeep
|turn|34
|
|move|p1a: Tangrowth|Leech Seed||[still]
|-fail|p1a: Tangrowth
|move|p2a: Bronzong|Hidden Power|p1a: Tangrowth
|-supereffective|p1a: Tangrowth
|-damage|p1a: Tangrowth|37/100
|
|-weather|SunnyDay|[upkeep]
|-heal|p1a: Tangrowth|44/100|[from] item: Leftovers
|-heal|p2a: Bronzong|82/100|[from] item: Leftovers
|-damage|p2a: Bronzong|69/100|[from] Leech Seed|[of] p1a: Tangrowth
|-heal|p1a: Tangrowth|54/100|[silent]
|upkeep
|turn|35
|
|switch|p1a: Blissey|Blissey, F|51/100
|-damage|p1a: Blissey|39/100|[from] Stealth Rock
|switch|p2a: Dragonite|Dragonite, M|53/100
|
|-weather|SunnyDay|[upkeep]
|-heal|p1a: Blissey|45/100|[from] item: Leftovers
|upkeep
|turn|36
|
|switch|p1a: Tangrowth|Tangrowth, F|87/100
|-damage|p1a: Tangrowth|75/100|[from] Stealth Rock
|move|p2a: Dragonite|Outrage|p1a: Tangrowth
|-crit|p1a: Tangrowth
|-damage|p1a: Tangrowth|0 fnt
|faint|p1a: Tangrowth
|
|-weather|SunnyDay|[upkeep]
|upkeep
|l| Avtomat
|
|switch|p1a: Rotom|Rotom-Wash|99/100
|-damage|p1a: Rotom|88/100|[from] Stealth Rock
|turn|37
|
|move|p2a: Dragonite|Outrage|p1a: Rotom|[from]lockedmove
|-damage|p1a: Rotom|0 fnt
|faint|p1a: Rotom
|
|-weather|none
|upkeep
|-message|Ar. Layne forfeited.
|
|win|Invisible Enemy
|l|☆Ar. Layne
|j| Avtomat
|c|☆Invisible Enemy|Elle est incroyable cette team bordel.
|l| Avtomat
|raw|Ar. Layne's rating: 1457 &rarr; <strong>1437</strong><br />(-20 for losing)
|raw|Invisible Enemy's rating: 1461 &rarr; <strong>1481</strong><br />(+20 for winning)
|c|☆Invisible Enemy|et encore, j'sais pas pourquoi j'lui donne mon Victini en sleep fodder, j'ai click comme un gros con
|c| BlazingDark|t'es juste généreux
|l| BlazingDark
