|join|Just Play For Fun
|join|TP2
|player|p1|Just Play For Fun|258
|player|p2|TP2|163
|gametype|singles
|gen|5
|tier|[Gen 5] OU
|rated
|rule|Evasion Abilities Clause: Evasion abilities are banned
|clearpoke
|poke|p1|Politoed, F, shiny
|poke|p1|Tentacruel, M
|poke|p1|Ferrothorn, M, shiny
|poke|p1|Chansey, F
|poke|p1|Dragonite, M
|poke|p1|Bronzong
|poke|p2|Landorus-Therian, M
|poke|p2|Scizor, F
|poke|p2|Latios, M
|poke|p2|Starmie
|poke|p2|Terrakion
|poke|p2|Jirachi
|rule|Sleep Clause Mod: Limit one foe put to sleep
|rule|Species Clause: Limit one of each Pokemon
|rule|OHKO Clause: OHKO moves are banned
|rule|Moody Clause: Moody is banned
|rule|Evasion Moves Clause: Evasion moves are banned
|rule|Endless Battle Clause: Forcing endless battles is banned.
|rule|HP Percentage Mod: HP is reported as percentages
|teampreview
|
|start
|switch|p1a: Annie Leonhart|Politoed, F, shiny|384/384
|switch|p2a: PAIN#1|Jirachi|404/404
|-weather|RainDance|[from] ability: Drizzle|[of] p1a: Annie Leonhart
|turn|1
|
|switch|p1a: Bertolt Hoover|Ferrothorn, M, shiny|352/352
|move|p2a: PAIN#1|Thunder|p1a: Bertolt Hoover
|-resisted|p1a: Bertolt Hoover
|-damage|p1a: Bertolt Hoover|316/352
|-status|p1a: Bertolt Hoover|par
|
|-weather|RainDance|[upkeep]
|-heal|p1a: Bertolt Hoover|338/352 par|[from] item: Leftovers
|turn|2
|
|switch|p2a: Landorus-Therian|Landorus-Therian, M|381/381
|-ability|p2a: Landorus-Therian|Intimidate|[of] p1a: Bertolt Hoover
|-unboost|p1a: Bertolt Hoover|atk|1
|move|p1a: Bertolt Hoover|Thunder Wave|p2a: Landorus-Therian
|-immune|p2a: Landorus-Therian|[msg]
|
|-weather|RainDance|[upkeep]
|-heal|p1a: Bertolt Hoover|352/352 par|[from] item: Leftovers
|turn|3
|
|switch|p1a: Beastly Titan|Bronzong|338/338
|move|p2a: Landorus-Therian|Stealth Rock|p1a: Beastly Titan
|-sidestart|p1: Just Play For Fun|move: Stealth Rock
|
|-weather|RainDance|[upkeep]
|turn|4
|
|move|p2a: Landorus-Therian|U-turn|p1a: Beastly Titan
|-damage|p1a: Beastly Titan|285/338
|
|switch|p2a: PAIN#1|Jirachi|404/404
|move|p1a: Beastly Titan|Stealth Rock|p2a: PAIN#1
|-sidestart|p2: TP2|move: Stealth Rock
|
|-weather|RainDance|[upkeep]
|-heal|p1a: Beastly Titan|306/338|[from] item: Leftovers
|turn|5
|
|switch|p1a: Bertolt Hoover|Ferrothorn, M, shiny|352/352 par
|-damage|p1a: Bertolt Hoover|330/352 par|[from] Stealth Rock
|move|p2a: PAIN#1|U-turn|p1a: Bertolt Hoover
|-damage|p1a: Bertolt Hoover|296/352 par
|-damage|p2a: PAIN#1|354/404|[from] ability: Iron Barbs|[of] p1a: Bertolt Hoover
|
|switch|p2a: Revenge-Killer|Scizor, F|343/343
|-damage|p2a: Revenge-Killer|301/343|[from] Stealth Rock
|
|-weather|RainDance|[upkeep]
|-heal|p1a: Bertolt Hoover|318/352 par|[from] item: Leftovers
|turn|6
|
|move|p2a: Revenge-Killer|U-turn|p1a: Bertolt Hoover
|-damage|p1a: Bertolt Hoover|191/352 par
|-damage|p2a: Revenge-Killer|259/343|[from] ability: Iron Barbs|[of] p1a: Bertolt Hoover
|
|switch|p2a: Landorus-Therian|Landorus-Therian, M|381/381
|-damage|p2a: Landorus-Therian|334/381|[from] Stealth Rock
|-ability|p2a: Landorus-Therian|Intimidate|[of] p1a: Bertolt Hoover
|-unboost|p1a: Bertolt Hoover|atk|1
|move|p1a: Bertolt Hoover|Thunder Wave|p2a: Landorus-Therian
|-immune|p2a: Landorus-Therian|[msg]
|
|-weather|RainDance|[upkeep]
|-heal|p2a: Landorus-Therian|357/381|[from] item: Leftovers
|-heal|p1a: Bertolt Hoover|213/352 par|[from] item: Leftovers
|turn|7
|
|move|p2a: Landorus-Therian|Hidden Power|p1a: Bertolt Hoover
|-damage|p1a: Bertolt Hoover|172/352 par
|move|p1a: Bertolt Hoover|Thunder Wave|p2a: Landorus-Therian
|-immune|p2a: Landorus-Therian|[msg]
|
|-weather|RainDance|[upkeep]
|-heal|p2a: Landorus-Therian|380/381|[from] item: Leftovers
|-heal|p1a: Bertolt Hoover|194/352 par|[from] item: Leftovers
|turn|8
|
|move|p2a: Landorus-Therian|Earthquake|p1a: Bertolt Hoover
|-crit|p1a: Bertolt Hoover
|-damage|p1a: Bertolt Hoover|0 fnt
|faint|p1a: Bertolt Hoover
|
|-weather|RainDance|[upkeep]
|-heal|p2a: Landorus-Therian|381/381|[from] item: Leftovers
|
|switch|p1a: Beastly Titan|Bronzong|306/338
|-damage|p1a: Beastly Titan|285/338|[from] Stealth Rock
|turn|9
|
|move|p2a: Landorus-Therian|U-turn|p1a: Beastly Titan
|-damage|p1a: Beastly Titan|228/338
|
|switch|p2a: PAIN#1|Jirachi|354/404
|-damage|p2a: PAIN#1|329/404|[from] Stealth Rock
|move|p1a: Beastly Titan|Hidden Power|p2a: PAIN#1
|-resisted|p2a: PAIN#1
|-damage|p2a: PAIN#1|312/404
|
|-weather|RainDance|[upkeep]
|-heal|p2a: PAIN#1|337/404|[from] item: Leftovers
|-heal|p1a: Beastly Titan|249/338|[from] item: Leftovers
|turn|10
|
|switch|p1a: Reiner Braun|Dragonite, M|386/386
|-damage|p1a: Reiner Braun|290/386|[from] Stealth Rock
|move|p2a: PAIN#1|Thunder|p1a: Reiner Braun
|-damage|p1a: Reiner Braun|218/386
|-status|p1a: Reiner Braun|par
|
|-weather|RainDance|[upkeep]
|-heal|p2a: PAIN#1|362/404|[from] item: Leftovers
|-heal|p1a: Reiner Braun|242/386 par|[from] item: Leftovers
|turn|11
|
|move|p2a: PAIN#1|Iron Head|p1a: Reiner Braun
|-damage|p1a: Reiner Braun|139/386 par
|move|p1a: Reiner Braun|Hurricane|p2a: PAIN#1
|-resisted|p2a: PAIN#1
|-damage|p2a: PAIN#1|306/404
|-start|p2a: PAIN#1|confusion
|
|-weather|RainDance|[upkeep]
|-heal|p2a: PAIN#1|331/404|[from] item: Leftovers
|-heal|p1a: Reiner Braun|163/386 par|[from] item: Leftovers
|turn|12
|
|-activate|p2a: PAIN#1|confusion
|-damage|p2a: PAIN#1|301/404|[from] confusion
|cant|p1a: Reiner Braun|par
|
|-weather|RainDance|[upkeep]
|-heal|p2a: PAIN#1|326/404|[from] item: Leftovers
|-heal|p1a: Reiner Braun|187/386 par|[from] item: Leftovers
|turn|13
|
|-activate|p2a: PAIN#1|confusion
|-damage|p2a: PAIN#1|296/404|[from] confusion
|move|p1a: Reiner Braun|Thunder|p2a: PAIN#1
|-damage|p2a: PAIN#1|216/404
|-status|p2a: PAIN#1|par
|
|-weather|RainDance|[upkeep]
|-heal|p2a: PAIN#1|241/404 par|[from] item: Leftovers
|-heal|p1a: Reiner Braun|211/386 par|[from] item: Leftovers
|turn|14
|chat|TP2|zzz
|
|-activate|p2a: PAIN#1|confusion
|move|p2a: PAIN#1|Iron Head|p1a: Reiner Braun
|-crit|p1a: Reiner Braun
|-damage|p1a: Reiner Braun|0 fnt
|faint|p1a: Reiner Braun
|
|-weather|RainDance|[upkeep]
|-heal|p2a: PAIN#1|266/404 par|[from] item: Leftovers
|chat|TP2|fair enough
|chat|Just Play For Fun|that's not fair at all
|chat|Just Play For Fun|i haven't have any crits since the begining
|
|switch|p1a: Eren Yeager|Tentacruel, M|364/364
|-damage|p1a: Eren Yeager|319/364|[from] Stealth Rock
|turn|15
|
|move|p1a: Eren Yeager|Scald|p2a: PAIN#1
|-damage|p2a: PAIN#1|176/404 par
|-activate|p2a: PAIN#1|confusion
|-damage|p2a: PAIN#1|145/404 par|[from] confusion
|
|-weather|RainDance|[upkeep]
|-heal|p1a: Eren Yeager|341/364|[from] ability: Rain Dish
|-heal|p1a: Eren Yeager|363/364|[from] item: Black Sludge
|-heal|p2a: PAIN#1|170/404 par|[from] item: Leftovers
|turn|16
|
|move|p1a: Eren Yeager|Scald|p2a: PAIN#1
|-damage|p2a: PAIN#1|82/404 par
|-end|p2a: PAIN#1|confusion
|move|p2a: PAIN#1|Thunder|p1a: Eren Yeager
|-supereffective|p1a: Eren Yeager
|-damage|p1a: Eren Yeager|195/364
|-status|p1a: Eren Yeager|par
|
|-weather|RainDance|[upkeep]
|-heal|p1a: Eren Yeager|217/364 par|[from] ability: Rain Dish
|-heal|p1a: Eren Yeager|239/364 par|[from] item: Black Sludge
|-heal|p2a: PAIN#1|107/404 par|[from] item: Leftovers
|turn|17
|chat|TP2|i hurt myself in confusion 2-3 times
|
|move|p1a: Eren Yeager|Scald|p2a: PAIN#1
|-damage|p2a: PAIN#1|22/404 par
|move|p2a: PAIN#1|Thunder|p1a: Eren Yeager
|-supereffective|p1a: Eren Yeager
|-damage|p1a: Eren Yeager|63/364 par
|
|-weather|RainDance|[upkeep]
|-heal|p1a: Eren Yeager|85/364 par|[from] ability: Rain Dish
|-heal|p1a: Eren Yeager|107/364 par|[from] item: Black Sludge
|-heal|p2a: PAIN#1|47/404 par|[from] item: Leftovers
|turn|18
|
|move|p1a: Eren Yeager|Scald|p2a: PAIN#1
|-damage|p2a: PAIN#1|0 fnt
|faint|p2a: PAIN#1
|
|-weather|RainDance|[upkeep]
|-heal|p1a: Eren Yeager|129/364 par|[from] ability: Rain Dish
|-heal|p1a: Eren Yeager|151/364 par|[from] item: Black Sludge
|
|switch|p2a: Star-bolt|Starmie|261/261
|-damage|p2a: Star-bolt|229/261|[from] Stealth Rock
|turn|19
|
|cant|p1a: Eren Yeager|par
|move|p2a: Star-bolt|Thunderbolt|p1a: Eren Yeager
|-supereffective|p1a: Eren Yeager
|-damage|p1a: Eren Yeager|0 fnt
|faint|p1a: Eren Yeager
|
|-weather|RainDance|[upkeep]
|
|switch|p1a: Ymir|Chansey, F|701/701
|-damage|p1a: Ymir|614/701|[from] Stealth Rock
|turn|20
|
|move|p2a: Star-bolt|Rapid Spin|p1a: Ymir
|-damage|p1a: Ymir|599/701
|-sideend|p2: TP2|Stealth Rock|[from] move: Rapid Spin|[of] p2a: Star-bolt
|move|p1a: Ymir|Seismic Toss|p2a: Star-bolt
|-damage|p2a: Star-bolt|129/261
|
|-weather|RainDance|[upkeep]
|turn|21
|
|switch|p2a: Landorus-Therian|Landorus-Therian, M|381/381
|-ability|p2a: Landorus-Therian|Intimidate|[of] p1a: Ymir
|-unboost|p1a: Ymir|atk|1
|move|p1a: Ymir|Seismic Toss|p2a: Landorus-Therian
|-damage|p2a: Landorus-Therian|281/381
|
|-weather|RainDance|[upkeep]
|-heal|p2a: Landorus-Therian|304/381|[from] item: Leftovers
|turn|22
|
|move|p2a: Landorus-Therian|U-turn|p1a: Ymir
|-damage|p1a: Ymir|493/701
|
|switch|p2a: FAK UR ASS|Terrakion|324/324
|move|p1a: Ymir|Soft-Boiled|p1a: Ymir
|-heal|p1a: Ymir|701/701
|
|-weather|RainDance|[upkeep]
|turn|23
|
|switch|p1a: Beastly Titan|Bronzong|249/338
|-damage|p1a: Beastly Titan|228/338|[from] Stealth Rock
|move|p2a: FAK UR ASS|Close Combat|p1a: Beastly Titan
|-damage|p1a: Beastly Titan|60/338
|-unboost|p2a: FAK UR ASS|def|1
|-unboost|p2a: FAK UR ASS|spd|1
|
|-weather|RainDance|[upkeep]
|-heal|p1a: Beastly Titan|81/338|[from] item: Leftovers
|turn|24
|
|move|p2a: FAK UR ASS|Close Combat|p1a: Beastly Titan
|-damage|p1a: Beastly Titan|0 fnt
|-unboost|p2a: FAK UR ASS|def|1
|-unboost|p2a: FAK UR ASS|spd|1
|faint|p1a: Beastly Titan
|
|-weather|RainDance|[upkeep]
|
|switch|p1a: Annie Leonhart|Politoed, F, shiny|384/384
|-damage|p1a: Annie Leonhart|336/384|[from] Stealth Rock
|turn|25
|
|move|p2a: FAK UR ASS|Close Combat|p1a: Annie Leonhart
|-damage|p1a: Annie Leonhart|161/384
|-unboost|p2a: FAK UR ASS|def|1
|-unboost|p2a: FAK UR ASS|spd|1
|move|p1a: Annie Leonhart|Scald|p2a: FAK UR ASS
|-supereffective|p2a: FAK UR ASS
|-damage|p2a: FAK UR ASS|0 fnt
|faint|p2a: FAK UR ASS
|
|-weather|RainDance|[upkeep]
|-heal|p1a: Annie Leonhart|185/384|[from] item: Leftovers
|
|switch|p2a: Star-bolt|Starmie|129/261
|turn|26
|
|move|p1a: Annie Leonhart|Protect|p1a: Annie Leonhart
|-singleturn|p1a: Annie Leonhart|Protect
|move|p2a: Star-bolt|Thunderbolt|p1a: Annie Leonhart
|-activate|p1a: Annie Leonhart|Protect
|
|-weather|RainDance|[upkeep]
|-heal|p1a: Annie Leonhart|209/384|[from] item: Leftovers
|turn|27
|
|switch|p1a: Ymir|Chansey, F|701/701
|-damage|p1a: Ymir|614/701|[from] Stealth Rock
|move|p2a: Star-bolt|Thunderbolt|p1a: Ymir
|-damage|p1a: Ymir|555/701
|
|-weather|RainDance|[upkeep]
|turn|28
|
|switch|p2a: Revenge-Killer|Scizor, F|259/343
|move|p1a: Ymir|Seismic Toss|p2a: Revenge-Killer
|-damage|p2a: Revenge-Killer|159/343
|
|-weather|RainDance|[upkeep]
|turn|29
|
|move|p2a: Revenge-Killer|Bullet Punch|p1a: Ymir
|-damage|p1a: Ymir|302/701
|move|p1a: Ymir|Seismic Toss|p2a: Revenge-Killer
|-damage|p2a: Revenge-Killer|59/343
|
|-weather|RainDance|[upkeep]
|turn|30
|
|move|p2a: Revenge-Killer|Bullet Punch|p1a: Ymir
|-damage|p1a: Ymir|62/701
|move|p1a: Ymir|Seismic Toss|p2a: Revenge-Killer
|-damage|p2a: Revenge-Killer|0 fnt
|faint|p2a: Revenge-Killer
|
|-weather|RainDance|[upkeep]
|
|switch|p2a: Landorus-Therian|Landorus-Therian, M|304/381
|-ability|p2a: Landorus-Therian|Intimidate|[of] p1a: Ymir
|-unboost|p1a: Ymir|atk|1
|turn|31
|
|move|p2a: Landorus-Therian|U-turn|p1a: Ymir
|-crit|p1a: Ymir
|-damage|p1a: Ymir|0 fnt
|faint|p1a: Ymir
|
|switch|p2a: Star-bolt|Starmie|129/261
|
|-weather|RainDance|[upkeep]
|
|switch|p1a: Annie Leonhart|Politoed, F, shiny|209/384
|-damage|p1a: Annie Leonhart|161/384|[from] Stealth Rock
|turn|32
|
|move|p2a: Star-bolt|Thunderbolt|p1a: Annie Leonhart
|-supereffective|p1a: Annie Leonhart
|-damage|p1a: Annie Leonhart|0 fnt
|faint|p1a: Annie Leonhart
|
|win|TP2
|raw|Ladder updating...
|raw|Just Play For Fun's rating: 1405 &rarr; <strong>1377</strong><br />(-28 for losing)
|raw|TP2's rating: 1256 &rarr; <strong>1292</strong><br />(+36 for winning)
|leave|TP2
|player|p2
|leave|Just Play For Fun
|player|p1
|join|Just Play For Fun