|join|Joesh
|join|I may get gud
|player|p1|Joesh|1
|player|p2|I may get gud|225
|gametype|singles
|gen|5
|tier|[Gen 5] OU
|rated
|rule|Evasion Abilities Clause: Evasion abilities are banned
|clearpoke
|poke|p1|Politoed, F
|poke|p1|Tentacruel, F
|poke|p1|Azumarill, M
|poke|p1|Thundurus-Therian, M
|poke|p1|Dragonite, M
|poke|p1|Ferrothorn, M
|poke|p2|Politoed, M
|poke|p2|Ferrothorn, M
|poke|p2|Tentacruel, M
|poke|p2|Tangrowth, M
|poke|p2|Chansey, F
|poke|p2|Dragonite, F
|rule|Sleep Clause Mod: Limit one foe put to sleep
|rule|Species Clause: Limit one of each Pokemon
|rule|OHKO Clause: OHKO moves are banned
|rule|Moody Clause: Moody is banned
|rule|Evasion Moves Clause: Evasion moves are banned
|rule|Endless Battle Clause: Forcing endless battles is banned.
|rule|HP Percentage Mod: HP is reported as percentages
|teampreview
|chat|I may get gud|hf
|chat|Joesh|gl hf :)
|
|start
|switch|p1a: Ferrothorn|Ferrothorn, M|352/352
|switch|p2a: Ferrothorn|Ferrothorn, M|352/352
|turn|1
|
|move|p1a: Ferrothorn|Stealth Rock|p2a: Ferrothorn
|-sidestart|p2: I may get gud|move: Stealth Rock
|move|p2a: Ferrothorn|Spikes|p1a: Ferrothorn
|-sidestart|p1: Joesh|Spikes
|
|turn|2
|
|switch|p1a: Thundurus-Therian|Thundurus-Therian, M|300/300
|move|p2a: Ferrothorn|Spikes|p1a: Thundurus-Therian
|-sidestart|p1: Joesh|Spikes
|
|turn|3
|
|switch|p2a: Chansey|Chansey, F|699/699
|-damage|p2a: Chansey|612/699|[from] Stealth Rock
|move|p1a: Thundurus-Therian|Focus Blast|p2a: Chansey
|-supereffective|p2a: Chansey
|-damage|p2a: Chansey|428/699
|
|turn|4
|
|switch|p1a: Tentacruel|Tentacruel, F|364/364
|-damage|p1a: Tentacruel|304/364|[from] Spikes
|move|p2a: Chansey|Soft-Boiled|p2a: Chansey
|-heal|p2a: Chansey|699/699
|
|-heal|p1a: Tentacruel|326/364|[from] item: Black Sludge
|turn|5
|
|move|p1a: Tentacruel|Rapid Spin|p2a: Chansey
|-damage|p2a: Chansey|683/699
|-sideend|p1: Joesh|Spikes|[from] move: Rapid Spin|[of] p1a: Tentacruel
|move|p2a: Chansey|Seismic Toss|p1a: Tentacruel
|-damage|p1a: Tentacruel|226/364
|
|-heal|p1a: Tentacruel|248/364|[from] item: Black Sludge
|turn|6
|
|switch|p1a: Ferrothorn|Ferrothorn, M|352/352
|move|p2a: Chansey|Seismic Toss|p1a: Ferrothorn
|-damage|p1a: Ferrothorn|252/352
|-damage|p2a: Chansey|596/699|[from] ability: Iron Barbs|[of] p1a: Ferrothorn
|
|-heal|p1a: Ferrothorn|274/352|[from] item: Leftovers
|turn|7
|
|switch|p2a: Ferrothorn|Ferrothorn, M|352/352
|-damage|p2a: Ferrothorn|330/352|[from] Stealth Rock
|move|p1a: Ferrothorn|Spikes|p2a: Ferrothorn
|-sidestart|p2: I may get gud|Spikes
|
|-heal|p2a: Ferrothorn|352/352|[from] item: Leftovers
|-heal|p1a: Ferrothorn|296/352|[from] item: Leftovers
|turn|8
|
|switch|p1a: Thundurus-Therian|Thundurus-Therian, M|300/300
|move|p2a: Ferrothorn|Spikes|p1a: Thundurus-Therian
|-sidestart|p1: Joesh|Spikes
|
|turn|9
|
|switch|p2a: Chansey|Chansey, F|596/699
|-damage|p2a: Chansey|509/699|[from] Spikes
|-damage|p2a: Chansey|422/699|[from] Stealth Rock
|move|p1a: Thundurus-Therian|Volt Switch|p2a: Chansey
|-damage|p2a: Chansey|343/699
|
|switch|p1a: Azumarill|Azumarill, M|404/404
|-damage|p1a: Azumarill|354/404|[from] Spikes
|
|-heal|p1a: Azumarill|379/404|[from] item: Leftovers
|turn|10
|
|switch|p2a: Tentacruel|Tentacruel, M|364/364
|-damage|p2a: Tentacruel|319/364|[from] Spikes
|-damage|p2a: Tentacruel|274/364|[from] Stealth Rock
|move|p1a: Azumarill|Ice Punch|p2a: Tentacruel
|-resisted|p2a: Tentacruel
|-damage|p2a: Tentacruel|220/364
|
|-heal|p2a: Tentacruel|242/364|[from] item: Leftovers
|-heal|p1a: Azumarill|404/404|[from] item: Leftovers
|turn|11
|
|switch|p1a: Politoed|Politoed, F|384/384
|-damage|p1a: Politoed|336/384|[from] Spikes
|-weather|RainDance|[from] ability: Drizzle|[of] p1a: Politoed
|move|p2a: Tentacruel|Rapid Spin|p1a: Politoed
|-damage|p1a: Politoed|327/384
|-sideend|p2: I may get gud|Spikes|[from] move: Rapid Spin|[of] p2a: Tentacruel
|-sideend|p2: I may get gud|Stealth Rock|[from] move: Rapid Spin|[of] p2a: Tentacruel
|
|-weather|RainDance|[upkeep]
|-heal|p2a: Tentacruel|264/364|[from] ability: Rain Dish
|-heal|p2a: Tentacruel|286/364|[from] item: Leftovers
|-heal|p1a: Politoed|351/384|[from] item: Leftovers
|turn|12
|
|move|p2a: Tentacruel|Protect|p2a: Tentacruel
|-singleturn|p2a: Tentacruel|Protect
|move|p1a: Politoed|Scald|p2a: Tentacruel
|-activate|p2a: Tentacruel|Protect
|
|-weather|RainDance|[upkeep]
|-heal|p2a: Tentacruel|308/364|[from] ability: Rain Dish
|-heal|p2a: Tentacruel|330/364|[from] item: Leftovers
|-heal|p1a: Politoed|375/384|[from] item: Leftovers
|turn|13
|
|switch|p2a: Chansey|Chansey, F|343/699
|move|p1a: Politoed|Scald|p2a: Chansey
|-damage|p2a: Chansey|265/699
|-status|p2a: Chansey|brn
|
|-weather|RainDance|[upkeep]
|-heal|p1a: Politoed|384/384|[from] item: Leftovers
|-damage|p2a: Chansey|178/699 brn|[from] brn
|turn|14
|
|switch|p1a: Azumarill|Azumarill, M|404/404
|-damage|p1a: Azumarill|354/404|[from] Spikes
|move|p2a: Chansey|Soft-Boiled|p2a: Chansey
|-heal|p2a: Chansey|528/699 brn
|
|-weather|RainDance|[upkeep]
|-heal|p1a: Azumarill|379/404|[from] item: Leftovers
|-damage|p2a: Chansey|441/699 brn|[from] brn
|turn|15
|
|switch|p2a: Tangrowth|Tangrowth, M|404/404
|move|p1a: Azumarill|Ice Punch|p2a: Tangrowth
|-supereffective|p2a: Tangrowth
|-damage|p2a: Tangrowth|274/404
|
|-weather|RainDance|[upkeep]
|-heal|p2a: Tangrowth|299/404|[from] item: Leftovers
|-heal|p1a: Azumarill|404/404|[from] item: Leftovers
|turn|16
|
|move|p2a: Tangrowth|Sleep Powder|p1a: Azumarill
|-status|p1a: Azumarill|slp
|cant|p1a: Azumarill|slp
|
|-weather|RainDance|[upkeep]
|-heal|p2a: Tangrowth|324/404|[from] item: Leftovers
|turn|17
|
|switch|p2a: Tentacruel|Tentacruel, M|330/364
|switch|p1a: Dragonite|Dragonite, M|323/323
|
|-weather|RainDance|[upkeep]
|-heal|p2a: Tentacruel|352/364|[from] ability: Rain Dish
|-heal|p2a: Tentacruel|364/364|[from] item: Leftovers
|turn|18
|
|move|p1a: Dragonite|Thunder|p2a: Tentacruel
|-supereffective|p2a: Tentacruel
|-damage|p2a: Tentacruel|172/364
|move|p2a: Tentacruel|Scald|p1a: Dragonite
|-resisted|p1a: Dragonite
|-damage|p1a: Dragonite|296/323
|-status|p1a: Dragonite|brn
|
|-weather|RainDance|[upkeep]
|-heal|p2a: Tentacruel|194/364|[from] ability: Rain Dish
|-heal|p1a: Dragonite|316/323 brn|[from] item: Leftovers
|-heal|p2a: Tentacruel|216/364|[from] item: Leftovers
|-damage|p1a: Dragonite|276/323 brn|[from] brn
|turn|19
|
|move|p2a: Tentacruel|Protect|p2a: Tentacruel
|-singleturn|p2a: Tentacruel|Protect
|move|p1a: Dragonite|Thunder|p2a: Tentacruel
|-activate|p2a: Tentacruel|Protect
|
|-weather|RainDance|[upkeep]
|-heal|p2a: Tentacruel|238/364|[from] ability: Rain Dish
|-heal|p1a: Dragonite|296/323 brn|[from] item: Leftovers
|-heal|p2a: Tentacruel|260/364|[from] item: Leftovers
|-damage|p1a: Dragonite|256/323 brn|[from] brn
|turn|20
|chat|Joesh|lucky
|chat|I may get gud|yea
|chat|I may get gud|i admit it
|
|switch|p2a: Ferrothorn|Ferrothorn, M|352/352
|move|p1a: Dragonite|Hurricane|p2a: Ferrothorn
|-damage|p2a: Ferrothorn|229/352
|-start|p2a: Ferrothorn|confusion
|
|-weather|RainDance|[upkeep]
|-heal|p1a: Dragonite|276/323 brn|[from] item: Leftovers
|-heal|p2a: Ferrothorn|251/352|[from] item: Leftovers
|-damage|p1a: Dragonite|236/323 brn|[from] brn
|turn|21
|chat|I may get gud|ouch
|
|switch|p2a: Chansey|Chansey, F|441/699
|move|p1a: Dragonite|Hurricane|p2a: Chansey
|-damage|p2a: Chansey|342/699
|
|-weather|RainDance|[upkeep]
|-heal|p1a: Dragonite|256/323 brn|[from] item: Leftovers
|-damage|p1a: Dragonite|216/323 brn|[from] brn
|turn|22
|
|switch|p1a: Ferrothorn|Ferrothorn, M|296/352
|-damage|p1a: Ferrothorn|252/352|[from] Spikes
|move|p2a: Chansey|Soft-Boiled|p2a: Chansey
|-heal|p2a: Chansey|692/699
|
|-weather|RainDance|[upkeep]
|-heal|p1a: Ferrothorn|274/352|[from] item: Leftovers
|turn|23
|
|switch|p2a: Dragonite|Dragonite, F|386/386
|move|p1a: Ferrothorn|Stealth Rock|p2a: Dragonite
|-sidestart|p2: I may get gud|move: Stealth Rock
|
|-weather|RainDance|[upkeep]
|-heal|p1a: Ferrothorn|296/352|[from] item: Leftovers
|turn|24
|
|move|p2a: Dragonite|Substitute|p2a: Dragonite
|-start|p2a: Dragonite|Substitute
|-damage|p2a: Dragonite|290/386
|move|p1a: Ferrothorn|Leech Seed|p2a: Dragonite
|
|-weather|RainDance|[upkeep]
|-heal|p2a: Dragonite|314/386|[from] item: Leftovers
|-heal|p1a: Ferrothorn|318/352|[from] item: Leftovers
|turn|25
|
|move|p2a: Dragonite|Roost|p2a: Dragonite
|-heal|p2a: Dragonite|386/386
|move|p1a: Ferrothorn|Gyro Ball|p2a: Dragonite
|-activate|p2a: Dragonite|Substitute|[damage]
|
|-weather|RainDance|[upkeep]
|-heal|p1a: Ferrothorn|340/352|[from] item: Leftovers
|turn|26
|
|move|p2a: Dragonite|Hurricane|p1a: Ferrothorn
|-damage|p1a: Ferrothorn|226/352
|move|p1a: Ferrothorn|Gyro Ball|p2a: Dragonite
|-end|p2a: Dragonite|Substitute
|
|-weather|RainDance|[upkeep]
|-heal|p1a: Ferrothorn|248/352|[from] item: Leftovers
|turn|27
|
|move|p2a: Dragonite|Substitute|p2a: Dragonite
|-start|p2a: Dragonite|Substitute
|-damage|p2a: Dragonite|290/386
|move|p1a: Ferrothorn|Gyro Ball|p2a: Dragonite
|-end|p2a: Dragonite|Substitute
|
|-weather|RainDance|[upkeep]
|-heal|p2a: Dragonite|314/386|[from] item: Leftovers
|-heal|p1a: Ferrothorn|270/352|[from] item: Leftovers
|turn|28
|
|move|p2a: Dragonite|Hurricane|p1a: Ferrothorn
|-damage|p1a: Ferrothorn|158/352
|move|p1a: Ferrothorn|Gyro Ball|p2a: Dragonite
|-damage|p2a: Dragonite|163/386
|
|-weather|RainDance|[upkeep]
|-heal|p2a: Dragonite|187/386|[from] item: Leftovers
|-heal|p1a: Ferrothorn|180/352|[from] item: Leftovers
|turn|29
|join|blackatmosphere
|
|move|p2a: Dragonite|Roost|p2a: Dragonite
|-heal|p2a: Dragonite|380/386
|move|p1a: Ferrothorn|Leech Seed|p2a: Dragonite
|-start|p2a: Dragonite|move: Leech Seed
|
|-weather|RainDance|[upkeep]
|-heal|p2a: Dragonite|386/386|[from] item: Leftovers
|-heal|p1a: Ferrothorn|202/352|[from] item: Leftovers
|-damage|p2a: Dragonite|338/386|[from] Leech Seed|[of] p1a: Ferrothorn
|-heal|p1a: Ferrothorn|250/352|[silent]
|turn|30
|
|switch|p2a: Ferrothorn|Ferrothorn, M|251/352
|-damage|p2a: Ferrothorn|229/352|[from] Stealth Rock
|switch|p1a: Thundurus-Therian|Thundurus-Therian, M|300/300
|
|-weather|RainDance|[upkeep]
|-heal|p2a: Ferrothorn|251/352|[from] item: Leftovers
|turn|31
|
|move|p2a: Ferrothorn|Protect|p2a: Ferrothorn
|-singleturn|p2a: Ferrothorn|Protect
|move|p1a: Thundurus-Therian|Volt Switch|p2a: Ferrothorn
|-activate|p2a: Ferrothorn|Protect
|
|-weather|RainDance|[upkeep]
|-heal|p2a: Ferrothorn|273/352|[from] item: Leftovers
|turn|32
|
|move|p1a: Thundurus-Therian|Volt Switch|p2a: Ferrothorn
|-resisted|p2a: Ferrothorn
|-damage|p2a: Ferrothorn|222/352
|
|switch|p1a: Tentacruel|Tentacruel, F|248/364
|-damage|p1a: Tentacruel|203/364|[from] Spikes
|move|p2a: Ferrothorn|Spikes|p1a: Tentacruel
|-sidestart|p1: Joesh|Spikes
|
|-weather|RainDance|[upkeep]
|-heal|p1a: Tentacruel|225/364|[from] ability: Rain Dish
|-heal|p1a: Tentacruel|247/364|[from] item: Black Sludge
|-heal|p2a: Ferrothorn|244/352|[from] item: Leftovers
|turn|33
|
|move|p1a: Tentacruel|Rapid Spin|p2a: Ferrothorn
|-resisted|p2a: Ferrothorn
|-damage|p2a: Ferrothorn|241/352
|-damage|p1a: Tentacruel|202/364|[from] ability: Iron Barbs|[of] p2a: Ferrothorn
|-sideend|p1: Joesh|Spikes|[from] move: Rapid Spin|[of] p1a: Tentacruel
|move|p2a: Ferrothorn|Leech Seed|p1a: Tentacruel
|-start|p1a: Tentacruel|move: Leech Seed
|
|-weather|RainDance|[upkeep]
|-heal|p1a: Tentacruel|224/364|[from] ability: Rain Dish
|-heal|p1a: Tentacruel|246/364|[from] item: Black Sludge
|-heal|p2a: Ferrothorn|263/352|[from] item: Leftovers
|-damage|p1a: Tentacruel|201/364|[from] Leech Seed|[of] p2a: Ferrothorn
|-heal|p2a: Ferrothorn|308/352|[silent]
|turn|34
|
|switch|p1a: Thundurus-Therian|Thundurus-Therian, M|300/300
|move|p2a: Ferrothorn|Protect|p2a: Ferrothorn
|-fail|p2a: Ferrothorn
|
|-weather|RainDance|[upkeep]
|-heal|p2a: Ferrothorn|330/352|[from] item: Leftovers
|turn|35
|
|move|p2a: Ferrothorn|Protect|p2a: Ferrothorn
|-singleturn|p2a: Ferrothorn|Protect
|move|p1a: Thundurus-Therian|Focus Blast|p2a: Ferrothorn
|-activate|p2a: Ferrothorn|Protect
|
|-weather|RainDance|[upkeep]
|-heal|p2a: Ferrothorn|352/352|[from] item: Leftovers
|turn|36
|
|switch|p2a: Dragonite|Dragonite, F|338/386
|-damage|p2a: Dragonite|242/386|[from] Stealth Rock
|move|p1a: Thundurus-Therian|Focus Blast|p2a: Dragonite
|-resisted|p2a: Dragonite
|-damage|p2a: Dragonite|184/386
|
|-weather|RainDance|[upkeep]
|-heal|p2a: Dragonite|208/386|[from] item: Leftovers
|turn|37
|
|switch|p1a: Tentacruel|Tentacruel, F|201/364
|move|p2a: Dragonite|Hurricane|p1a: Tentacruel
|-damage|p1a: Tentacruel|84/364
|
|-weather|RainDance|[upkeep]
|-heal|p1a: Tentacruel|106/364|[from] ability: Rain Dish
|-heal|p1a: Tentacruel|128/364|[from] item: Black Sludge
|-heal|p2a: Dragonite|232/386|[from] item: Leftovers
|turn|38
|
|move|p1a: Tentacruel|Ice Beam|p2a: Dragonite
|-supereffective|p2a: Dragonite
|-damage|p2a: Dragonite|52/386
|move|p2a: Dragonite|Hurricane|p1a: Tentacruel
|-damage|p1a: Tentacruel|0 fnt
|faint|p1a: Tentacruel
|
|-weather|RainDance|[upkeep]
|-heal|p2a: Dragonite|76/386|[from] item: Leftovers
|chat|I may get gud|min max
|chat|I may get gud|sorry
|
|switch|p1a: Thundurus-Therian|Thundurus-Therian, M|300/300
|turn|39
|
|switch|p2a: Chansey|Chansey, F|692/699
|-damage|p2a: Chansey|605/699|[from] Stealth Rock
|move|p1a: Thundurus-Therian|Hidden Power|p2a: Chansey
|-crit|p2a: Chansey
|-damage|p2a: Chansey|496/699
|
|-weather|RainDance|[upkeep]
|turn|40
|
|switch|p1a: Ferrothorn|Ferrothorn, M|250/352
|switch|p2a: Tentacruel|Tentacruel, M|260/364
|-damage|p2a: Tentacruel|215/364|[from] Stealth Rock
|
|-weather|RainDance|[upkeep]
|-heal|p2a: Tentacruel|237/364|[from] ability: Rain Dish
|-heal|p2a: Tentacruel|259/364|[from] item: Leftovers
|-heal|p1a: Ferrothorn|272/352|[from] item: Leftovers
|turn|41
|
|move|p2a: Tentacruel|Rapid Spin|p1a: Ferrothorn
|-resisted|p1a: Ferrothorn
|-damage|p1a: Ferrothorn|269/352
|-damage|p2a: Tentacruel|214/364|[from] ability: Iron Barbs|[of] p1a: Ferrothorn
|-sideend|p2: I may get gud|Stealth Rock|[from] move: Rapid Spin|[of] p2a: Tentacruel
|move|p1a: Ferrothorn|Stealth Rock|p2a: Tentacruel
|-sidestart|p2: I may get gud|move: Stealth Rock
|
|-weather|RainDance|[upkeep]
|-heal|p2a: Tentacruel|236/364|[from] ability: Rain Dish
|-heal|p2a: Tentacruel|258/364|[from] item: Leftovers
|-heal|p1a: Ferrothorn|291/352|[from] item: Leftovers
|turn|42
|
|move|p2a: Tentacruel|Toxic Spikes|p1a: Ferrothorn
|-sidestart|p1: Joesh|move: Toxic Spikes
|move|p1a: Ferrothorn|Stealth Rock|p2a: Tentacruel
|-fail|p2a: Tentacruel
|
|-weather|RainDance|[upkeep]
|-heal|p2a: Tentacruel|280/364|[from] ability: Rain Dish
|-heal|p2a: Tentacruel|302/364|[from] item: Leftovers
|-heal|p1a: Ferrothorn|313/352|[from] item: Leftovers
|turn|43
|
|move|p2a: Tentacruel|Scald|p1a: Ferrothorn
|-crit|p1a: Ferrothorn
|-resisted|p1a: Ferrothorn
|-damage|p1a: Ferrothorn|220/352
|-status|p1a: Ferrothorn|brn
|move|p1a: Ferrothorn|Leech Seed|p2a: Tentacruel
|-start|p2a: Tentacruel|move: Leech Seed
|
|-weather|RainDance|[upkeep]
|-heal|p2a: Tentacruel|324/364|[from] ability: Rain Dish
|-heal|p2a: Tentacruel|346/364|[from] item: Leftovers
|-heal|p1a: Ferrothorn|242/352 brn|[from] item: Leftovers
|-damage|p2a: Tentacruel|301/364|[from] Leech Seed|[of] p1a: Ferrothorn
|-heal|p1a: Ferrothorn|287/352 brn|[silent]
|-damage|p1a: Ferrothorn|243/352 brn|[from] brn
|turn|44
|chat|Joesh|what's ur hax problem
|chat|I may get gud|:/
|chat|Joesh|I just got OL
|
|move|p2a: Tentacruel|Rapid Spin|p1a: Ferrothorn
|-resisted|p1a: Ferrothorn
|-damage|p1a: Ferrothorn|240/352 brn
|-damage|p2a: Tentacruel|256/364|[from] ability: Iron Barbs|[of] p1a: Ferrothorn
|-end|p2a: Tentacruel|Leech Seed|[from] move: Rapid Spin|[of] p2a: Tentacruel
|-sideend|p2: I may get gud|Stealth Rock|[from] move: Rapid Spin|[of] p2a: Tentacruel
|move|p1a: Ferrothorn|Stealth Rock|p2a: Tentacruel
|-sidestart|p2: I may get gud|move: Stealth Rock
|
|-weather|RainDance|[upkeep]
|-heal|p2a: Tentacruel|278/364|[from] ability: Rain Dish
|-heal|p2a: Tentacruel|300/364|[from] item: Leftovers
|-heal|p1a: Ferrothorn|262/352 brn|[from] item: Leftovers
|-damage|p1a: Ferrothorn|218/352 brn|[from] brn
|turn|45
|
|switch|p1a: Thundurus-Therian|Thundurus-Therian, M|300/300
|move|p2a: Tentacruel|Protect|p2a: Tentacruel
|-fail|p2a: Tentacruel
|
|-weather|RainDance|[upkeep]
|-heal|p2a: Tentacruel|322/364|[from] ability: Rain Dish
|-heal|p2a: Tentacruel|344/364|[from] item: Leftovers
|turn|46
|
|move|p2a: Tentacruel|Protect|p2a: Tentacruel
|-singleturn|p2a: Tentacruel|Protect
|move|p1a: Thundurus-Therian|Thunder|p2a: Tentacruel
|-activate|p2a: Tentacruel|Protect
|
|-weather|RainDance|[upkeep]
|-heal|p2a: Tentacruel|364/364|[from] ability: Rain Dish
|turn|47
|
|switch|p2a: Ferrothorn|Ferrothorn, M|352/352
|-damage|p2a: Ferrothorn|330/352|[from] Stealth Rock
|move|p1a: Thundurus-Therian|Thunder|p2a: Ferrothorn
|-resisted|p2a: Ferrothorn
|-damage|p2a: Ferrothorn|234/352
|-status|p2a: Ferrothorn|par
|
|-weather|RainDance|[upkeep]
|-heal|p2a: Ferrothorn|256/352 par|[from] item: Leftovers
|turn|48
|
|switch|p1a: Dragonite|Dragonite, M|216/323 brn
|cant|p2a: Ferrothorn|par
|
|-weather|RainDance|[upkeep]
|-heal|p1a: Dragonite|236/323 brn|[from] item: Leftovers
|-heal|p2a: Ferrothorn|278/352 par|[from] item: Leftovers
|-damage|p1a: Dragonite|196/323 brn|[from] brn
|turn|49
|
|switch|p2a: Chansey|Chansey, F|496/699
|-damage|p2a: Chansey|409/699|[from] Stealth Rock
|move|p1a: Dragonite|Hurricane|p2a: Chansey
|-damage|p2a: Chansey|310/699
|-start|p2a: Chansey|confusion
|
|-weather|RainDance|[upkeep]
|-heal|p1a: Dragonite|216/323 brn|[from] item: Leftovers
|-damage|p1a: Dragonite|176/323 brn|[from] brn
|turn|50
|
|move|p1a: Dragonite|Thunder|p2a: Chansey
|-damage|p2a: Chansey|250/699
|-status|p2a: Chansey|par
|-activate|p2a: Chansey|confusion
|move|p2a: Chansey|Soft-Boiled|p2a: Chansey
|-heal|p2a: Chansey|600/699 par
|
|-weather|RainDance|[upkeep]
|-heal|p1a: Dragonite|196/323 brn|[from] item: Leftovers
|-damage|p1a: Dragonite|156/323 brn|[from] brn
|turn|51
|
|switch|p1a: Ferrothorn|Ferrothorn, M|218/352 brn
|-activate|p2a: Chansey|confusion
|-damage|p2a: Chansey|592/699 par|[from] confusion
|
|-weather|RainDance|[upkeep]
|-heal|p1a: Ferrothorn|240/352 brn|[from] item: Leftovers
|-damage|p1a: Ferrothorn|196/352 brn|[from] brn
|turn|52
|
|move|p1a: Ferrothorn|Leech Seed|p2a: Chansey
|-start|p2a: Chansey|move: Leech Seed
|-activate|p2a: Chansey|confusion
|-damage|p2a: Chansey|583/699 par|[from] confusion
|
|-weather|RainDance|[upkeep]
|-heal|p1a: Ferrothorn|218/352 brn|[from] item: Leftovers
|-damage|p2a: Chansey|496/699 par|[from] Leech Seed|[of] p1a: Ferrothorn
|-heal|p1a: Ferrothorn|305/352 brn|[silent]
|-damage|p1a: Ferrothorn|261/352 brn|[from] brn
|turn|53
|chat|I may get gud|welp
|chat|I may get gud|dat payback
|
|move|p1a: Ferrothorn|Spikes|p2a: Chansey
|-sidestart|p2: I may get gud|Spikes
|cant|p2a: Chansey|par
|
|-weather|RainDance|[upkeep]
|-heal|p1a: Ferrothorn|283/352 brn|[from] item: Leftovers
|-damage|p2a: Chansey|409/699 par|[from] Leech Seed|[of] p1a: Ferrothorn
|-heal|p1a: Ferrothorn|352/352 brn|[silent]
|-damage|p1a: Ferrothorn|308/352 brn|[from] brn
|turn|54
|chat|I may get gud|._.
|
|move|p1a: Ferrothorn|Spikes|p2a: Chansey
|-sidestart|p2: I may get gud|Spikes
|cant|p2a: Chansey|par
|
|-weather|RainDance|[upkeep]
|-heal|p1a: Ferrothorn|330/352 brn|[from] item: Leftovers
|-damage|p2a: Chansey|322/699 par|[from] Leech Seed|[of] p1a: Ferrothorn
|-heal|p1a: Ferrothorn|352/352 brn|[silent]
|-damage|p1a: Ferrothorn|308/352 brn|[from] brn
|turn|55
|
|move|p1a: Ferrothorn|Spikes|p2a: Chansey
|-sidestart|p2: I may get gud|Spikes
|-activate|p2a: Chansey|confusion
|move|p2a: Chansey|Soft-Boiled|p2a: Chansey
|-heal|p2a: Chansey|672/699 par
|
|-weather|RainDance|[upkeep]
|-heal|p1a: Ferrothorn|330/352 brn|[from] item: Leftovers
|-damage|p2a: Chansey|585/699 par|[from] Leech Seed|[of] p1a: Ferrothorn
|-heal|p1a: Ferrothorn|352/352 brn|[silent]
|-damage|p1a: Ferrothorn|308/352 brn|[from] brn
|turn|56
|
|switch|p1a: Azumarill|Azumarill, M|404/404 slp
|switch|p2a: Tentacruel|Tentacruel, M|364/364
|-damage|p2a: Tentacruel|273/364|[from] Spikes
|-damage|p2a: Tentacruel|228/364|[from] Stealth Rock
|
|-weather|RainDance|[upkeep]
|-heal|p2a: Tentacruel|250/364|[from] ability: Rain Dish
|-heal|p2a: Tentacruel|272/364|[from] item: Leftovers
|turn|57
|
|switch|p1a: Thundurus-Therian|Thundurus-Therian, M|300/300
|move|p2a: Tentacruel|Rapid Spin|p1a: Thundurus-Therian
|-damage|p1a: Thundurus-Therian|286/300
|-sideend|p2: I may get gud|Spikes|[from] move: Rapid Spin|[of] p2a: Tentacruel
|-sideend|p2: I may get gud|Stealth Rock|[from] move: Rapid Spin|[of] p2a: Tentacruel
|
|-weather|RainDance|[upkeep]
|-heal|p2a: Tentacruel|294/364|[from] ability: Rain Dish
|-heal|p2a: Tentacruel|316/364|[from] item: Leftovers
|turn|58
|chat|Joesh|no dang
|
|switch|p2a: Chansey|Chansey, F|585/699
|move|p1a: Thundurus-Therian|Thunder|p2a: Chansey
|-damage|p2a: Chansey|441/699
|
|-weather|RainDance|[upkeep]
|turn|59
|
|switch|p1a: Ferrothorn|Ferrothorn, M|308/352 brn
|move|p2a: Chansey|Stealth Rock|p1a: Ferrothorn
|-sidestart|p1: Joesh|move: Stealth Rock
|
|-weather|RainDance|[upkeep]
|-heal|p1a: Ferrothorn|330/352 brn|[from] item: Leftovers
|-damage|p1a: Ferrothorn|286/352 brn|[from] brn
|turn|60
|
|switch|p2a: Ferrothorn|Ferrothorn, M|278/352 par
|move|p1a: Ferrothorn|Leech Seed|p2a: Ferrothorn
|-immune|p2a: Ferrothorn|[msg]
|
|-weather|RainDance|[upkeep]
|-heal|p1a: Ferrothorn|308/352 brn|[from] item: Leftovers
|-heal|p2a: Ferrothorn|300/352 par|[from] item: Leftovers
|-damage|p1a: Ferrothorn|264/352 brn|[from] brn
|turn|61
|
|switch|p1a: Azumarill|Azumarill, M|404/404 slp
|-damage|p1a: Azumarill|354/404 slp|[from] Stealth Rock
|move|p2a: Ferrothorn|Spikes|p1a: Azumarill
|-sidestart|p1: Joesh|Spikes
|
|-weather|RainDance|[upkeep]
|-heal|p1a: Azumarill|379/404 slp|[from] item: Leftovers
|-heal|p2a: Ferrothorn|322/352 par|[from] item: Leftovers
|turn|62
|
|cant|p1a: Azumarill|slp
|move|p2a: Ferrothorn|Spikes|p1a: Azumarill
|-sidestart|p1: Joesh|Spikes
|
|-weather|RainDance|[upkeep]
|-heal|p1a: Azumarill|404/404 slp|[from] item: Leftovers
|-heal|p2a: Ferrothorn|344/352 par|[from] item: Leftovers
|turn|63
|
|switch|p2a: Tangrowth|Tangrowth, M|404/404
|cant|p1a: Azumarill|slp
|
|-weather|RainDance|[upkeep]
|turn|64
|
|move|p2a: Tangrowth|Leaf Storm|p1a: Azumarill
|-supereffective|p1a: Azumarill
|-damage|p1a: Azumarill|0 fnt
|-unboost|p2a: Tangrowth|spa|2
|faint|p1a: Azumarill
|
|-weather|RainDance|[upkeep]
|-message|Joesh forfeited.
|
|win|I may get gud
|raw|Ladder updating...
|leave|Joesh
|player|p1
|raw|Joesh's rating: 1317 &rarr; <strong>1303</strong><br />(-14 for losing)
|raw|I may get gud's rating: 1430 &rarr; <strong>1443</strong><br />(+13 for winning)