|j|☆Pineapple8081
|j|☆BWR wtfteam
|t:|1719685493
|gametype|singles
|player|p1|Pineapple8081|veteranf|1355
|player|p2|BWR wtfteam|170|1309
|teamsize|p1|6
|teamsize|p2|6
|gen|5
|tier|[Gen 5] OU
|rated|
|rule|Species Clause: Limit one of each Pokémon
|rule|OHKO Clause: OHKO moves are banned
|rule|Moody Clause: Moody is banned
|rule|Evasion Items Clause: Evasion items are banned
|rule|Evasion Moves Clause: Evasion moves are banned
|rule|Endless Battle Clause: Forcing endless battles is banned
|rule|HP Percentage Mod: HP is shown in percentages
|rule|Evasion Abilities Clause: Evasion abilities are banned
|rule|Sleep Moves Clause: Sleep-inducing moves are banned
|rule|Swagger Clause: Swagger is banned
|rule|Baton Pass Stat Clause: No Baton Passer may have a way to boost its stats
|clearpoke
|poke|p1|Gengar, F|item
|poke|p1|Aerodactyl, M|item
|poke|p1|Lucario, M|item
|poke|p1|Dragonite, M|item
|poke|p1|Scizor, M|item
|poke|p1|Breloom, M|item
|poke|p2|Landorus-Therian, M|item
|poke|p2|Gyarados, M|item
|poke|p2|Tyranitar, M|item
|poke|p2|Empoleon, M|item
|poke|p2|Swampert, M|item
|poke|p2|Durant, M|item
|teampreview
|inactive|Battle timer is ON: inactive players will automatically lose when time's up. (requested by Pineapple8081)
|inactive|BWR wtfteam has 120 seconds left.
|
|t:|1719685537
|start
|switch|p1a: Aerodactyl|Aerodactyl, M|100/100
|switch|p2a: Empoleon|Empoleon, M|100/100
|-ability|p1a: Aerodactyl|Pressure
|turn|1
|
|t:|1719685546
|move|p1a: Aerodactyl|Stealth Rock|p2a: Empoleon
|-sidestart|p2: BWR wtfteam|move: Stealth Rock
|move|p2a: Empoleon|Swords Dance|p2a: Empoleon
|-boost|p2a: Empoleon|atk|2
|
|upkeep
|turn|2
|
|t:|1719685550
|move|p2a: Empoleon|Aqua Jet|p1a: Aerodactyl
|-supereffective|p1a: Aerodactyl
|-enditem|p1a: Aerodactyl|Focus Sash
|-damage|p1a: Aerodactyl|1/100
|move|p1a: Aerodactyl|Earthquake|p2a: Empoleon
|-supereffective|p2a: Empoleon
|-damage|p2a: Empoleon|44/100
|
|upkeep
|turn|3
|
|t:|1719685556
|move|p2a: Empoleon|Aqua Jet|p1a: Aerodactyl
|-supereffective|p1a: Aerodactyl
|-damage|p1a: Aerodactyl|0 fnt
|faint|p1a: Aerodactyl
|
|upkeep
|
|t:|1719685558
|switch|p1a: Breloom|Breloom, M|100/100
|turn|4
|
|t:|1719685561
|move|p1a: Breloom|Mach Punch|p2a: Empoleon
|-supereffective|p2a: Empoleon
|-crit|p2a: Empoleon
|-enditem|p2a: Empoleon|Chople Berry|[eat]
|-enditem|p2a: Empoleon|Chople Berry|[weaken]
|-damage|p2a: Empoleon|0 fnt
|faint|p2a: Empoleon
|-damage|p1a: Breloom|91/100|[from] item: Life Orb
|
|upkeep
|
|t:|1719685569
|switch|p2a: Gyarados|Gyarados, M|100/100
|-damage|p2a: Gyarados|76/100|[from] Stealth Rock
|-ability|p2a: Gyarados|Intimidate|boost
|-unboost|p1a: Breloom|atk|1
|turn|5
|
|t:|1719685572
|move|p2a: Gyarados|Fire Blast|p1a: Breloom
|-supereffective|p1a: Breloom
|-damage|p1a: Breloom|0 fnt
|faint|p1a: Breloom
|
|upkeep
|
|t:|1719685579
|switch|p1a: Dragonite|Dragonite, M|100/100
|turn|6
|
|t:|1719685586
|switch|p2a: Calrissian|Landorus-Therian, M|100/100
|-damage|p2a: Calrissian|88/100|[from] Stealth Rock
|-ability|p2a: Calrissian|Intimidate|boost
|-unboost|p1a: Dragonite|atk|1
|move|p1a: Dragonite|Dragon Dance|p1a: Dragonite
|-boost|p1a: Dragonite|atk|1
|-boost|p1a: Dragonite|spe|1
|
|-heal|p2a: Calrissian|94/100|[from] item: Leftovers
|upkeep
|turn|7
|
|t:|1719685607
|move|p1a: Dragonite|Dragon Dance|p1a: Dragonite
|-boost|p1a: Dragonite|atk|1
|-boost|p1a: Dragonite|spe|1
|move|p2a: Calrissian|Hidden Power|p1a: Dragonite
|-supereffective|p1a: Dragonite
|-enditem|p1a: Dragonite|Yache Berry|[eat]
|-enditem|p1a: Dragonite|Yache Berry|[weaken]
|-damage|p1a: Dragonite|82/100
|
|-heal|p2a: Calrissian|100/100|[from] item: Leftovers
|upkeep
|turn|8
|
|t:|1719685616
|move|p1a: Dragonite|Outrage|p2a: Calrissian
|-damage|p2a: Calrissian|8/100
|move|p2a: Calrissian|Hidden Power|p1a: Dragonite
|-supereffective|p1a: Dragonite
|-damage|p1a: Dragonite|12/100
|
|-heal|p2a: Calrissian|14/100|[from] item: Leftovers
|upkeep
|turn|9
|
|t:|1719685628
|switch|p2a: Gyarados|Gyarados, M|76/100
|-damage|p2a: Gyarados|51/100|[from] Stealth Rock
|-ability|p2a: Gyarados|Intimidate|boost
|-unboost|p1a: Dragonite|atk|1
|move|p1a: Dragonite|Outrage|p2a: Gyarados|[from]lockedmove
|-damage|p2a: Gyarados|0 fnt
|faint|p2a: Gyarados
|-start|p1a: Dragonite|confusion|[fatigue]
|
|upkeep
|
|t:|1719685638
|switch|p2a: Tyranitar|Tyranitar, M|100/100
|-damage|p2a: Tyranitar|88/100|[from] Stealth Rock
|-weather|Sandstorm|[from] ability: Sand Stream|[of] p2a: Tyranitar
|turn|10
|
|t:|1719685642
|-activate|p1a: Dragonite|confusion
|-damage|p1a: Dragonite|0 fnt|[from] confusion
|faint|p1a: Dragonite
|move|p2a: Tyranitar|Stealth Rock|p1: Dragonite
|-sidestart|p1: Pineapple8081|move: Stealth Rock
|
|-weather|Sandstorm|[upkeep]
|upkeep
|
|t:|1719685646
|switch|p1a: Lucario|Lucario, M|100/100
|-damage|p1a: Lucario|98/100|[from] Stealth Rock
|turn|11
|
|t:|1719685652
|move|p1a: Lucario|Swords Dance|p1a: Lucario
|-boost|p1a: Lucario|atk|2
|move|p2a: Tyranitar|Focus Blast|p1a: Lucario
|-supereffective|p1a: Lucario
|-damage|p1a: Lucario|0 fnt
|faint|p1a: Lucario
|
|-weather|Sandstorm|[upkeep]
|upkeep
|
|t:|1719685655
|switch|p1a: Scizor|Scizor, M|100/100
|-damage|p1a: Scizor|88/100|[from] Stealth Rock
|turn|12
|
|t:|1719685664
|switch|p2a: Swampert|Swampert, M|100/100
|-damage|p2a: Swampert|94/100|[from] Stealth Rock
|move|p1a: Scizor|Swords Dance|p1a: Scizor
|-boost|p1a: Scizor|atk|2
|
|-weather|Sandstorm|[upkeep]
|upkeep
|turn|13
|
|t:|1719685668
|move|p1a: Scizor|Superpower|p2a: Swampert
|-damage|p2a: Swampert|0 fnt
|-unboost|p1a: Scizor|atk|1
|-unboost|p1a: Scizor|def|1
|faint|p2a: Swampert
|-damage|p1a: Scizor|78/100|[from] item: Life Orb
|
|-weather|Sandstorm|[upkeep]
|upkeep
|
|t:|1719685679
|switch|p2a: Kevin|Durant, M|100/100
|-damage|p2a: Kevin|88/100|[from] Stealth Rock
|turn|14
|
|t:|1719685683
|move|p2a: Kevin|Stone Edge|p1a: Scizor
|-damage|p1a: Scizor|0 fnt
|faint|p1a: Scizor
|
|-weather|Sandstorm|[upkeep]
|upkeep
|
|t:|1719685685
|switch|p1a: Gengar|Gengar, F|100/100
|-damage|p1a: Gengar|88/100|[from] Stealth Rock
|turn|15
|
|t:|1719685690
|move|p1a: Gengar|Trick|p2a: Kevin
|-activate|p1a: Gengar|move: Trick|[of] p2a: Kevin
|-item|p2a: Kevin|Choice Scarf|[from] move: Trick
|-item|p1a: Gengar|Choice Scarf|[from] move: Trick
|move|p2a: Kevin|Stone Edge|p1a: Gengar
|-damage|p1a: Gengar|0 fnt
|faint|p1a: Gengar
|
|win|BWR wtfteam
|raw|Pineapple8081's rating: 1355 &rarr; <strong>1332</strong><br />(-23 for losing)
|raw|BWR wtfteam's rating: 1309 &rarr; <strong>1332</strong><br />(+23 for winning)
