|j|☆574rm4n
|j|☆magialice
|t:|1716561493
|gametype|singles
|player|p1|574rm4n|brock-gen2|1376
|player|p2|magialice|miku-flying|1402
|teamsize|p1|6
|teamsize|p2|6
|gen|5
|tier|[Gen 5] OU
|rated|
|rule|Species Clause: Limit one of each Pokémon
|rule|OHKO Clause: OHKO moves are banned
|rule|Moody Clause: Moody is banned
|rule|Evasion Items Clause: Evasion items are banned
|rule|Evasion Moves Clause: Evasion moves are banned
|rule|Endless Battle Clause: Forcing endless battles is banned
|rule|HP Percentage Mod: HP is shown in percentages
|rule|Evasion Abilities Clause: Evasion abilities are banned
|rule|Sleep Moves Clause: Sleep-inducing moves are banned
|rule|Swagger Clause: Swagger is banned
|rule|Baton Pass Stat Clause: No Baton Passer may have a way to boost its stats
|clearpoke
|poke|p1|Tyranitar, M|item
|poke|p1|Gliscor, F|item
|poke|p1|Slowbro, F|item
|poke|p1|Amoonguss, F|item
|poke|p1|Terrakion|item
|poke|p1|Excadrill, M|item
|poke|p2|Abomasnow, M|item
|poke|p2|Mamoswine, F|item
|poke|p2|Omastar, M|item
|poke|p2|Salamence, F|item
|poke|p2|Starmie|item
|poke|p2|Jirachi|item
|teampreview
|inactive|Battle timer is ON: inactive players will automatically lose when time's up. (requested by magialice)
|inactive|574rm4n has 120 seconds left.
|
|t:|1716561529
|start
|switch|p1a: Terrakion|Terrakion|100/100
|switch|p2a: Jirachi|Jirachi|100/100
|turn|1
|
|t:|1716561537
|switch|p1a: Gliscor|Gliscor, F|100/100
|move|p2a: Jirachi|Body Slam|p1a: Gliscor
|-damage|p1a: Gliscor|86/100
|
|-status|p1a: Gliscor|tox|[from] item: Toxic Orb
|upkeep
|turn|2
|
|t:|1716561546
|move|p1a: Gliscor|Earthquake|p2a: Jirachi
|-supereffective|p2a: Jirachi
|-damage|p2a: Jirachi|54/100
|move|p2a: Jirachi|Stealth Rock|p1a: Gliscor
|-sidestart|p1: 574rm4n|move: Stealth Rock
|
|-heal|p1a: Gliscor|99/100 tox|[from] ability: Poison Heal
|upkeep
|turn|3
|
|t:|1716561552
|move|p1a: Gliscor|Swords Dance|p1a: Gliscor
|-boost|p1a: Gliscor|atk|2
|move|p2a: Jirachi|U-turn|p1a: Gliscor
|-resisted|p1a: Gliscor
|-damage|p1a: Gliscor|92/100 tox
|
|t:|1716561560
|switch|p2a: Mamoswine|Mamoswine, F|100/100|[from] U-turn
|
|-heal|p1a: Gliscor|100/100 tox|[from] ability: Poison Heal
|upkeep
|turn|4
|
|t:|1716561571
|switch|p1a: Slowbro|Slowbro, F|100/100
|-damage|p1a: Slowbro|88/100|[from] Stealth Rock
|move|p2a: Mamoswine|Icicle Crash|p1a: Slowbro
|-resisted|p1a: Slowbro
|-damage|p1a: Slowbro|72/100
|
|-heal|p1a: Slowbro|78/100|[from] item: Leftovers
|upkeep
|turn|5
|
|t:|1716561578
|switch|p2a: Abomasnow|Abomasnow, M, shiny|100/100
|-weather|Hail|[from] ability: Snow Warning|[of] p2a: Abomasnow
|move|p1a: Slowbro|Scald|p2a: Abomasnow
|-resisted|p2a: Abomasnow
|-damage|p2a: Abomasnow|81/100
|-status|p2a: Abomasnow|brn
|
|-weather|Hail|[upkeep]
|-damage|p1a: Slowbro|72/100|[from] Hail
|-heal|p1a: Slowbro|78/100|[from] item: Leftovers
|-damage|p2a: Abomasnow|68/100 brn|[from] brn
|upkeep
|turn|6
|
|t:|1716561584
|switch|p1a: Tyranitar|Tyranitar, M|100/100
|-damage|p1a: Tyranitar|88/100|[from] Stealth Rock
|-weather|Sandstorm|[from] ability: Sand Stream|[of] p1a: Tyranitar
|move|p2a: Abomasnow|Blizzard|p1a: Tyranitar
|-crit|p1a: Tyranitar
|-damage|p1a: Tyranitar|33/100
|
|-weather|Sandstorm|[upkeep]
|-damage|p2a: Abomasnow|62/100 brn|[from] Sandstorm
|-damage|p2a: Abomasnow|50/100 brn|[from] brn
|upkeep
|turn|7
|
|t:|1716561595
|move|p2a: Abomasnow|Wood Hammer|p1a: Tyranitar
|-supereffective|p1a: Tyranitar
|-damage|p1a: Tyranitar|3/100
|-damage|p2a: Abomasnow|37/100 brn|[from] Recoil
|move|p1a: Tyranitar|Pursuit|p2a: Abomasnow
|-damage|p2a: Abomasnow|8/100 brn
|
|-weather|Sandstorm|[upkeep]
|-damage|p2a: Abomasnow|2/100 brn|[from] Sandstorm
|-damage|p2a: Abomasnow|0 fnt|[from] brn
|faint|p2a: Abomasnow
|upkeep
|
|t:|1716561605
|switch|p2a: Salamence|Salamence, F|100/100
|turn|8
|
|t:|1716561614
|switch|p1a: Slowbro|Slowbro, F|100/100
|-damage|p1a: Slowbro|88/100|[from] Stealth Rock
|move|p2a: Salamence|Dragon Claw|p1a: Slowbro
|-damage|p1a: Slowbro|63/100
|
|-weather|Sandstorm|[upkeep]
|-damage|p2a: Salamence|94/100|[from] Sandstorm
|-damage|p1a: Slowbro|57/100|[from] Sandstorm
|-heal|p1a: Slowbro|63/100|[from] item: Leftovers
|upkeep
|turn|9
|
|t:|1716561623
|switch|p2a: Jirachi|Jirachi|54/100
|move|p1a: Slowbro|Ice Beam|p2a: Jirachi
|-resisted|p2a: Jirachi
|-crit|p2a: Jirachi
|-damage|p2a: Jirachi|38/100
|
|-weather|Sandstorm|[upkeep]
|-damage|p1a: Slowbro|57/100|[from] Sandstorm
|-heal|p1a: Slowbro|63/100|[from] item: Leftovers
|upkeep
|turn|10
|
|t:|1716561628
|switch|p1a: Gliscor|Gliscor, F|100/100 tox
|-damage|p1a: Gliscor|88/100 tox|[from] Stealth Rock
|move|p2a: Jirachi|U-turn|p1a: Gliscor
|-resisted|p1a: Gliscor
|-damage|p1a: Gliscor|82/100 tox
|
|t:|1716561631
|switch|p2a: Omastar|Omastar, M|100/100|[from] U-turn
|
|-weather|Sandstorm|[upkeep]
|-heal|p1a: Gliscor|95/100 tox|[from] ability: Poison Heal
|upkeep
|turn|11
|
|t:|1716561643
|move|p1a: Gliscor|Earthquake|p2a: Omastar
|-supereffective|p2a: Omastar
|-damage|p2a: Omastar|29/100
|move|p2a: Omastar|Shell Smash|p2a: Omastar
|-unboost|p2a: Omastar|def|1
|-unboost|p2a: Omastar|spd|1
|-boost|p2a: Omastar|atk|2
|-boost|p2a: Omastar|spa|2
|-boost|p2a: Omastar|spe|2
|-enditem|p2a: Omastar|White Herb
|-clearnegativeboost|p2a: Omastar|[silent]
|
|-weather|Sandstorm|[upkeep]
|-heal|p1a: Gliscor|100/100 tox|[from] ability: Poison Heal
|upkeep
|turn|12
|
|t:|1716561651
|switch|p1a: Tyranitar|Tyranitar, M|3/100
|-damage|p1a: Tyranitar|0 fnt|[from] Stealth Rock
|faint|p1a: Tyranitar
|move|p2a: Omastar|Surf|p1: Tyranitar|[notarget]
|-fail|p2a: Omastar
|
|-weather|Sandstorm|[upkeep]
|upkeep
|
|t:|1716561656
|switch|p1a: Amoonguss|Amoonguss, F|100/100
|-damage|p1a: Amoonguss|88/100|[from] Stealth Rock
|turn|13
|
|t:|1716561660
|move|p2a: Omastar|Ice Beam|p1a: Amoonguss
|-supereffective|p1a: Amoonguss
|-damage|p1a: Amoonguss|0 fnt
|faint|p1a: Amoonguss
|
|-weather|Sandstorm|[upkeep]
|upkeep
|
|t:|1716561668
|switch|p1a: Slowbro|Slowbro, F|96/100
|-damage|p1a: Slowbro|84/100|[from] Stealth Rock
|turn|14
|
|t:|1716561672
|move|p2a: Omastar|Hidden Power|p1a: Slowbro
|-supereffective|p1a: Slowbro
|-damage|p1a: Slowbro|0 fnt
|faint|p1a: Slowbro
|
|-weather|Sandstorm|[upkeep]
|upkeep
|c|☆574rm4n|gg
|c|☆magialice|gg
|-message|574rm4n forfeited.
|
|win|magialice
|raw|574rm4n's rating: 1376 &rarr; <strong>1357</strong><br />(-19 for losing)
|raw|magialice's rating: 1402 &rarr; <strong>1421</strong><br />(+19 for winning)
|l|☆574rm4n
|player|p1|
