|j|☆aimer fan
|j|☆Hans Bloodsmith
|t:|1745614096
|gametype|singles
|player|p1|aimer fan|miku-water|1419
|player|p2|Hans Bloodsmith|plasmagrunt|1289
|teamsize|p1|6
|teamsize|p2|6
|gen|5
|tier|[Gen 5] OU
|rated|
|rule|Species Clause: Limit one of each Pokémon
|rule|OHKO Clause: OHKO moves are banned
|rule|Moody Clause: Moody is banned
|rule|Evasion Items Clause: Evasion items are banned
|rule|Evasion Moves Clause: Evasion moves are banned
|rule|Endless Battle Clause: Forcing endless battles is banned
|rule|HP Percentage Mod: HP is shown in percentages
|rule|Evasion Abilities Clause: Evasion abilities are banned
|rule|Sleep Moves Clause: Sleep-inducing moves are banned
|rule|Swagger Clause: Swagger is banned
|rule|Baton Pass Stat Clause: No Baton Passer may have a way to boost its stats
|clearpoke
|poke|p1|Politoed, F|item
|poke|p1|Thundurus-Therian, M|item
|poke|p1|Keldeo|item
|poke|p1|Tentacruel, F|item
|poke|p1|Landorus-Therian, M|item
|poke|p1|Latios, M|item
|poke|p2|Volcarona, M|item
|poke|p2|Hydreigon, M|item
|poke|p2|Mamoswine, M|item
|poke|p2|Magnezone|item
|poke|p2|Toxicroak, F|item
|poke|p2|Politoed, M|item
|teampreview
|inactive|Battle timer is ON: inactive players will automatically lose when time's up. (requested by aimer fan)
|inactive|Hans Bloodsmith also wants the timer to be on.
|
|t:|1745614110
|start
|switch|p1a: Landorus|Landorus-Therian, M|100/100
|switch|p2a: Francis|Politoed, M|100/100
|-ability|p1a: Landorus|Intimidate|boost
|-unboost|p2a: Francis|atk|1
|-weather|RainDance|[from] ability: Drizzle|[of] p2a: Francis
|turn|1
|
|t:|1745614115
|move|p1a: Landorus|Stealth Rock|p2a: Francis
|-sidestart|p2: Hans Bloodsmith|move: Stealth Rock
|move|p2a: Francis|Surf|p1a: Landorus
|-supereffective|p1a: Landorus
|-damage|p1a: Landorus|0 fnt
|faint|p1a: Landorus
|
|-weather|RainDance|[upkeep]
|upkeep
|
|t:|1745614123
|switch|p1a: Thundurus|Thundurus-Therian, M|100/100
|turn|2
|
|t:|1745614126
|move|p1a: Thundurus|Agility|p1a: Thundurus
|-boost|p1a: Thundurus|spe|2
|move|p2a: Francis|Surf|p1a: Thundurus
|-damage|p1a: Thundurus|0 fnt
|faint|p1a: Thundurus
|
|-weather|RainDance|[upkeep]
|upkeep
|
|t:|1745614141
|switch|p1a: Latios|Latios, M|100/100
|turn|3
|c|☆Hans Bloodsmith|Is the Hatsune Miku pfp
|c|☆Hans Bloodsmith|Something that available on it's own?
|
|t:|1745614161
|move|p1a: Latios|Draco Meteor|p2a: Francis
|-crit|p2a: Francis
|-damage|p2a: Francis|0 fnt
|-unboost|p1a: Latios|spa|2
|faint|p2a: Francis
|
|-weather|RainDance|[upkeep]
|upkeep
|c|☆aimer fan|no
|
|t:|1745614176
|switch|p2a: Stein|Magnezone|100/100
|-damage|p2a: Stein|94/100|[from] Stealth Rock
|turn|4
|
|t:|1745614187
|switch|p1a: Politoed|Politoed, F|100/100
|move|p2a: Stein|Substitute|p2a: Stein
|-start|p2a: Stein|Substitute
|-damage|p2a: Stein|70/100
|
|-weather|RainDance|[upkeep]
|-heal|p2a: Stein|76/100|[from] item: Leftovers
|upkeep
|turn|5
|
|t:|1745614191
|move|p2a: Stein|Thunder|p1a: Politoed
|-supereffective|p1a: Politoed
|-damage|p1a: Politoed|0 fnt
|faint|p1a: Politoed
|
|-weather|RainDance|[upkeep]
|-heal|p2a: Stein|82/100|[from] item: Leftovers
|upkeep
|
|t:|1745614195
|switch|p1a: Tentacruel|Tentacruel, F|100/100
|turn|6
|
|t:|1745614201
|move|p1a: Tentacruel|Scald|p2a: Stein
|-end|p2a: Stein|Substitute
|move|p2a: Stein|Thunder|p1a: Tentacruel
|-supereffective|p1a: Tentacruel
|-damage|p1a: Tentacruel|0 fnt
|faint|p1a: Tentacruel
|
|-weather|RainDance|[upkeep]
|-heal|p2a: Stein|88/100|[from] item: Leftovers
|upkeep
|
|t:|1745614208
|switch|p1a: Keldeo|Keldeo|100/100
|turn|7
|
|t:|1745614219
|switch|p2a: Dante|Volcarona, M|100/100
|-damage|p2a: Dante|50/100|[from] Stealth Rock
|-enditem|p2a: Dante|Sitrus Berry|[eat]
|-heal|p2a: Dante|75/100|[from] item: Sitrus Berry
|move|p1a: Keldeo|Secret Sword|p2a: Dante
|-resisted|p2a: Dante
|-damage|p2a: Dante|24/100
|
|-weather|RainDance|[upkeep]
|upkeep
|turn|8
|
|t:|1745614233
|move|p1a: Keldeo|Secret Sword|p2a: Dante
|-resisted|p2a: Dante
|-damage|p2a: Dante|0 fnt
|faint|p2a: Dante
|
|-weather|RainDance|[upkeep]
|upkeep
|
|t:|1745614237
|switch|p2a: Verona|Toxicroak, F|100/100
|-damage|p2a: Verona|94/100|[from] Stealth Rock
|turn|9
|
|t:|1745614242
|move|p1a: Keldeo|Secret Sword|p2a: Verona
|-resisted|p2a: Verona
|-damage|p2a: Verona|41/100
|move|p2a: Verona|Drain Punch|p1a: Keldeo
|-damage|p1a: Keldeo|48/100
|-heal|p2a: Verona|67/100|[from] drain|[of] p1a: Keldeo
|-damage|p2a: Verona|58/100|[from] item: Life Orb
|
|-weather|RainDance|[upkeep]
|-heal|p2a: Verona|70/100|[from] ability: Dry Skin
|upkeep
|turn|10
|
|t:|1745614250
|switch|p1a: Latios|Latios, M|100/100
|move|p2a: Verona|Drain Punch|p1a: Latios
|-resisted|p1a: Latios
|-damage|p1a: Latios|66/100
|-heal|p2a: Verona|87/100|[from] drain|[of] p1a: Latios
|-damage|p2a: Verona|77/100|[from] item: Life Orb
|
|-weather|RainDance|[upkeep]
|-heal|p2a: Verona|89/100|[from] ability: Dry Skin
|upkeep
|turn|11
|
|t:|1745614256
|move|p2a: Verona|Sucker Punch|p1a: Latios
|-supereffective|p1a: Latios
|-damage|p1a: Latios|0 fnt
|faint|p1a: Latios
|-damage|p2a: Verona|79/100|[from] item: Life Orb
|
|-weather|RainDance|[upkeep]
|-heal|p2a: Verona|92/100|[from] ability: Dry Skin
|upkeep
|
|t:|1745614259
|switch|p1a: Keldeo|Keldeo|48/100
|turn|12
|
|t:|1745614261
|move|p1a: Keldeo|Secret Sword|p2a: Verona
|-resisted|p2a: Verona
|-damage|p2a: Verona|37/100
|move|p2a: Verona|Drain Punch|p1a: Keldeo
|-damage|p1a: Keldeo|0 fnt
|-heal|p2a: Verona|62/100|[from] drain|[of] p1a: Keldeo
|faint|p1a: Keldeo
|-damage|p2a: Verona|52/100|[from] item: Life Orb
|
|win|Hans Bloodsmith
|raw|aimer fan's rating: 1419 &rarr; <strong>1392</strong><br />(-27 for losing)
|raw|Hans Bloodsmith's rating: 1289 &rarr; <strong>1323</strong><br />(+34 for winning)
|c|☆Hans Bloodsmith|Gg
|l|☆aimer fan
|player|p1|
