|uhtml|medal-msg|<div class="broadcast-blue">Curious what those medals under the avatar are? PS now has Ladder Seasons! For more information, check out the <a href="https://www.smogon.com/forums/threads/3740067/">thread on Smogon.</a></div>
|uhtml|medal-msg|<div class="broadcast-blue">Curious what those medals under the avatar are? PS now has Ladder Seasons! For more information, check out the <a href="https://www.smogon.com/forums/threads/3740067/">thread on Smogon.</a></div>
|j|☆Steven He 2019
|j|☆bluuerror%
|t:|1713077370
|gametype|singles
|player|p1|Steven He 2019|blackbelt-gen4dp|1331
|player|p2|bluuerror%|juan|1271
|teamsize|p1|6
|teamsize|p2|6
|gen|5
|tier|[Gen 5] OU
|rated|
|rule|Species Clause: Limit one of each Pokémon
|rule|OHKO Clause: OHKO moves are banned
|rule|Moody Clause: Moody is banned
|rule|Evasion Items Clause: Evasion items are banned
|rule|Evasion Moves Clause: Evasion moves are banned
|rule|Endless Battle Clause: Forcing endless battles is banned
|rule|HP Percentage Mod: HP is shown in percentages
|rule|Evasion Abilities Clause: Evasion abilities are banned
|rule|Sleep Moves Clause: Sleep-inducing moves are banned
|rule|Swagger Clause: Swagger is banned
|rule|Baton Pass Stat Clause: No Baton Passer may have a way to boost its stats
|clearpoke
|poke|p1|Alakazam, F|item
|poke|p1|Skarmory, F|item
|poke|p1|Tyranitar, F|item
|poke|p1|Mamoswine, M|item
|poke|p1|Jellicent, M|item
|poke|p1|Excadrill, M|item
|poke|p2|Hydreigon, F|item
|poke|p2|Scizor, F|item
|poke|p2|Alakazam, M|item
|poke|p2|Starmie|item
|poke|p2|Druddigon, M|item
|poke|p2|Jirachi|item
|teampreview
|
|t:|1713077378
|start
|switch|p1a: Skarmory|Skarmory, F|100/100
|switch|p2a: Bluu|Druddigon, M, shiny|100/100
|turn|1
|
|t:|1713077385
|move|p1a: Skarmory|Stealth Rock|p2a: Bluu
|-sidestart|p2: bluuerror%|move: Stealth Rock
|move|p2a: Bluu|Dragon Tail|p1a: Skarmory
|-resisted|p1a: Skarmory
|-damage|p1a: Skarmory|88/100
|drag|p1a: Mamoswine|Mamoswine, M|100/100
|
|upkeep
|turn|2
|
|t:|1713077391
|move|p1a: Mamoswine|Icicle Crash|p2a: Bluu
|-supereffective|p2a: Bluu
|-damage|p2a: Bluu|0 fnt
|faint|p2a: Bluu
|
|upkeep
|
|t:|1713077403
|switch|p2a: NatureQueen🌷💎|Jirachi|100/100
|-damage|p2a: NatureQueen🌷💎|94/100|[from] Stealth Rock
|turn|3
|
|t:|1713077408
|switch|p1a: Skarmory|Skarmory, F|88/100
|move|p2a: NatureQueen🌷💎|Body Slam|p1a: Skarmory
|-resisted|p1a: Skarmory
|-damage|p1a: Skarmory|79/100
|-status|p1a: Skarmory|par
|
|-heal|p2a: NatureQueen🌷💎|100/100|[from] item: Leftovers
|upkeep
|turn|4
|inactive|Battle timer is ON: inactive players will automatically lose when time's up. (requested by bluuerror%)
|
|t:|1713077421
|switch|p2a: HYDRA|Hydreigon, F, shiny|100/100
|-damage|p2a: HYDRA|88/100|[from] Stealth Rock
|move|p1a: Skarmory|Spikes|p2a: HYDRA
|-sidestart|p2: bluuerror%|Spikes
|
|upkeep
|turn|5
|
|t:|1713077428
|move|p2a: HYDRA|Draco Meteor|p1a: Skarmory
|-resisted|p1a: Skarmory
|-damage|p1a: Skarmory|0 fnt
|-unboost|p2a: HYDRA|spa|2
|faint|p1a: Skarmory
|
|upkeep
|
|t:|1713077433
|switch|p1a: Mamoswine|Mamoswine, M|100/100
|turn|6
|
|t:|1713077453
|move|p2a: HYDRA|Draco Meteor|p1a: Mamoswine
|-damage|p1a: Mamoswine|32/100
|-unboost|p2a: HYDRA|spa|2
|move|p1a: Mamoswine|Earthquake|p2a: HYDRA
|-immune|p2a: HYDRA|[from] ability: Levitate
|
|upkeep
|turn|7
|
|t:|1713077460
|move|p1a: Mamoswine|Ice Shard|p2a: HYDRA
|-supereffective|p2a: HYDRA
|-damage|p2a: HYDRA|25/100
|move|p2a: HYDRA|Draco Meteor|p1a: Mamoswine
|-damage|p1a: Mamoswine|0 fnt
|-unboost|p2a: HYDRA|spa|2
|faint|p1a: Mamoswine
|
|upkeep
|
|t:|1713077464
|switch|p1a: Tyranitar|Tyranitar, F|100/100
|-weather|Sandstorm|[from] ability: Sand Stream|[of] p1a: Tyranitar
|turn|8
|
|t:|1713077477
|switch|p2a: NatureQueen🌷💎|Jirachi|100/100
|-damage|p2a: NatureQueen🌷💎|94/100|[from] Stealth Rock
|-damage|p2a: NatureQueen🌷💎|82/100|[from] Spikes
|move|p1a: Tyranitar|Superpower|p2a: NatureQueen🌷💎
|-damage|p2a: NatureQueen🌷💎|57/100
|-unboost|p1a: Tyranitar|atk|1
|-unboost|p1a: Tyranitar|def|1
|
|-weather|Sandstorm|[upkeep]
|-heal|p2a: NatureQueen🌷💎|64/100|[from] item: Leftovers
|upkeep
|turn|9
|
|t:|1713077486
|switch|p1a: Excadrill|Excadrill, M|100/100
|move|p2a: NatureQueen🌷💎|Wish|p2a: NatureQueen🌷💎
|
|-weather|Sandstorm|[upkeep]
|-heal|p2a: NatureQueen🌷💎|70/100|[from] item: Leftovers
|upkeep
|turn|10
|
|t:|1713077496
|switch|p2a: BlackStar ♠️♥️|Starmie, shiny|100/100
|-damage|p2a: BlackStar ♠️♥️|88/100|[from] Stealth Rock
|-damage|p2a: BlackStar ♠️♥️|76/100|[from] Spikes
|move|p1a: Excadrill|Iron Head|p2a: BlackStar ♠️♥️
|-resisted|p2a: BlackStar ♠️♥️
|-damage|p2a: BlackStar ♠️♥️|34/100
|
|-weather|Sandstorm|[upkeep]
|-damage|p2a: BlackStar ♠️♥️|28/100|[from] Sandstorm
|-heal|p2a: BlackStar ♠️♥️|100/100|[from] move: Wish|[wisher] NatureQueen🌷💎
|upkeep
|turn|11
|
|t:|1713077509
|switch|p1a: Jellicent|Jellicent, M|100/100
|-item|p1a: Jellicent|Air Balloon
|move|p2a: BlackStar ♠️♥️|Surf|p1a: Jellicent
|-immune|p1a: Jellicent|[from] ability: Water Absorb
|
|-weather|Sandstorm|[upkeep]
|-damage|p2a: BlackStar ♠️♥️|94/100|[from] Sandstorm
|-damage|p1a: Jellicent|94/100|[from] Sandstorm
|upkeep
|turn|12
|
|t:|1713077514
|move|p2a: BlackStar ♠️♥️|Thunderbolt|p1a: Jellicent
|-supereffective|p1a: Jellicent
|-crit|p1a: Jellicent
|-damage|p1a: Jellicent|0 fnt
|-enditem|p1a: Jellicent|Air Balloon
|faint|p1a: Jellicent
|
|-weather|Sandstorm|[upkeep]
|-damage|p2a: BlackStar ♠️♥️|88/100|[from] Sandstorm
|upkeep
|
|t:|1713077520
|switch|p1a: Alakazam|Alakazam, F|100/100
|turn|13
|
|t:|1713077525
|move|p1a: Alakazam|Shadow Ball|p2a: BlackStar ♠️♥️
|-supereffective|p2a: BlackStar ♠️♥️
|-damage|p2a: BlackStar ♠️♥️|0 fnt
|faint|p2a: BlackStar ♠️♥️
|
|-weather|Sandstorm|[upkeep]
|upkeep
|
|t:|1713077534
|switch|p2a: NatureQueen🌷💎|Jirachi|70/100
|-damage|p2a: NatureQueen🌷💎|64/100|[from] Stealth Rock
|-damage|p2a: NatureQueen🌷💎|51/100|[from] Spikes
|turn|14
|
|t:|1713077542
|switch|p1a: Excadrill|Excadrill, M|100/100
|move|p2a: NatureQueen🌷💎|Wish|p2a: NatureQueen🌷💎
|
|-weather|Sandstorm|[upkeep]
|-heal|p2a: NatureQueen🌷💎|57/100|[from] item: Leftovers
|upkeep
|turn|15
|
|t:|1713077549
|move|p2a: NatureQueen🌷💎|Protect|p2a: NatureQueen🌷💎
|-singleturn|p2a: NatureQueen🌷💎|Protect
|move|p1a: Excadrill|Earthquake|p2a: NatureQueen🌷💎
|-activate|p2a: NatureQueen🌷💎|move: Protect
|
|-weather|Sandstorm|[upkeep]
|-heal|p2a: NatureQueen🌷💎|100/100|[from] move: Wish|[wisher] NatureQueen🌷💎
|upkeep
|turn|16
|
|t:|1713077561
|switch|p1a: Tyranitar|Tyranitar, F|100/100
|move|p2a: NatureQueen🌷💎|Body Slam|p1a: Tyranitar
|-resisted|p1a: Tyranitar
|-damage|p1a: Tyranitar|93/100
|-status|p1a: Tyranitar|par
|
|-weather|Sandstorm|[upkeep]
|upkeep
|turn|17
|
|t:|1713077569
|move|p2a: NatureQueen🌷💎|Iron Head|p1a: Tyranitar
|-supereffective|p1a: Tyranitar
|-damage|p1a: Tyranitar|49/100 par
|cant|p1a: Tyranitar|flinch
|
|-weather|Sandstorm|[upkeep]
|upkeep
|turn|18
|
|t:|1713077577
|move|p2a: NatureQueen🌷💎|Iron Head|p1a: Tyranitar
|-supereffective|p1a: Tyranitar
|-damage|p1a: Tyranitar|6/100 par
|cant|p1a: Tyranitar|flinch
|
|-weather|Sandstorm|[upkeep]
|upkeep
|turn|19
|-message|Steven He 2019 forfeited.
|
|win|bluuerror%
|raw|Steven He 2019's rating: 1331 &rarr; <strong>1308</strong><br />(-23 for losing)
|raw|bluuerror%'s rating: 1271 &rarr; <strong>1300</strong><br />(+29 for winning)
|l|☆Steven He 2019
|player|p1|
