|j|☆Oooh Dahlia
|j|☆Icemann11
|player|p1|Oooh Dahlia|dahlia|1516
|player|p2|Icemann11|teacher-gen2|1288
|teamsize|p1|6
|teamsize|p2|6
|gametype|singles
|gen|5
|tier|[Gen 5] OU
|rated|
|clearpoke
|poke|p1|Breloom, F|item
|poke|p1|Reuniclus, F|item
|poke|p1|Heatran, M|item
|poke|p1|Excadrill, F|item
|poke|p1|Landorus-Therian, M|item
|poke|p1|Ferrothorn, M|item
|poke|p2|Ninetales, M|item
|poke|p2|Cresselia, F|item
|poke|p2|Forretress, F|item
|poke|p2|Xatu, F|item
|poke|p2|Chansey, F|item
|poke|p2|Gliscor, M|item
|rule|Species Clause: Limit one of each Pokémon
|rule|OHKO Clause: OHKO moves are banned
|rule|Moody Clause: Moody is banned
|rule|Evasion Moves Clause: Evasion moves are banned
|rule|Endless Battle Clause: Forcing endless battles is banned
|rule|HP Percentage Mod: HP is shown in percentages
|rule|Evasion Abilities Clause: Evasion abilities are banned
|rule|Baton Pass Clause: Limit one Baton Passer, can't pass Spe and other stats simultaneously
|rule|Sleep Clause: Sleep-inducing moves are banned
|rule|Swagger Clause: Swagger is banned
|teampreview
|
|start
|switch|p1a: Heatran|Heatran, M|100/100
|switch|p2a: Ninetales|Ninetales, M|100/100
|-weather|SunnyDay|[from] ability: Drought|[of] p2a: Ninetales
|turn|1
|inactive|Battle timer is ON: inactive players will automatically lose when time's up. (requested by Oooh Dahlia)
|
|switch|p2a: Chansey|Chansey, F|100/100
|move|p1a: Heatran|Lava Plume|p2a: Chansey
|-damage|p2a: Chansey|86/100
|-status|p2a: Chansey|brn
|
|-weather|SunnyDay|[upkeep]
|-damage|p2a: Chansey|73/100 brn|[from] brn
|upkeep
|turn|2
|
|move|p1a: Heatran|Stealth Rock|p2a: Chansey
|-sidestart|p2: Icemann11|move: Stealth Rock
|move|p2a: Chansey|Stealth Rock|p1a: Heatran
|-sidestart|p1: Oooh Dahlia|move: Stealth Rock
|
|-weather|SunnyDay|[upkeep]
|-damage|p2a: Chansey|61/100 brn|[from] brn
|upkeep
|turn|3
|
|switch|p1a: Excadrill|Excadrill, F|100/100
|-damage|p1a: Excadrill|97/100|[from] Stealth Rock
|move|p2a: Chansey|Soft-Boiled|p2a: Chansey
|-heal|p2a: Chansey|100/100 brn
|
|-weather|SunnyDay|[upkeep]
|-heal|p1a: Excadrill|100/100|[from] item: Leftovers
|-damage|p2a: Chansey|88/100 brn|[from] brn
|upkeep
|turn|4
|
|switch|p2a: Gliscor|Gliscor, M|100/100
|-damage|p2a: Gliscor|88/100|[from] Stealth Rock
|move|p1a: Excadrill|Rapid Spin|p2a: Gliscor
|-damage|p2a: Gliscor|83/100
|-sideend|p1: Oooh Dahlia|Stealth Rock|[from] move: Rapid Spin|[of] p1a: Excadrill
|
|-weather|SunnyDay|[upkeep]
|-status|p2a: Gliscor|tox|[from] item: Toxic Orb
|upkeep
|turn|5
|
|switch|p1a: Ferrothorn|Ferrothorn, M|100/100
|move|p2a: Gliscor|Facade|p1a: Ferrothorn
|-resisted|p1a: Ferrothorn
|-damage|p1a: Ferrothorn|90/100
|-damage|p2a: Gliscor|70/100 tox|[from] ability: Iron Barbs|[of] p1a: Ferrothorn
|
|-weather|SunnyDay|[upkeep]
|-heal|p1a: Ferrothorn|96/100|[from] item: Leftovers
|-heal|p2a: Gliscor|83/100 tox|[from] ability: Poison Heal
|upkeep
|turn|6
|
|switch|p1a: Reuniclus|Reuniclus, F|100/100
|move|p2a: Gliscor|Swords Dance|p2a: Gliscor
|-boost|p2a: Gliscor|atk|2
|
|-weather|SunnyDay|[upkeep]
|-heal|p2a: Gliscor|95/100 tox|[from] ability: Poison Heal
|upkeep
|turn|7
|
|switch|p2a: Cresselia|Cresselia, F|100/100
|-damage|p2a: Cresselia|88/100|[from] Stealth Rock
|move|p1a: Reuniclus|Psychic|p2a: Cresselia
|-resisted|p2a: Cresselia
|-damage|p2a: Cresselia|68/100
|-unboost|p2a: Cresselia|spd|1
|
|-weather|SunnyDay|[upkeep]
|-heal|p2a: Cresselia|74/100|[from] item: Leftovers
|upkeep
|turn|8
|
|switch|p2a: Chansey|Chansey, F|88/100
|-damage|p2a: Chansey|76/100|[from] Stealth Rock
|switch|p1a: Heatran|Heatran, M|100/100
|
|-weather|SunnyDay|[upkeep]
|upkeep
|turn|9
|
|switch|p1a: Breloom|Breloom, F|100/100
|move|p2a: Chansey|Stealth Rock|p1a: Breloom
|-sidestart|p1: Oooh Dahlia|move: Stealth Rock
|
|-weather|SunnyDay|[upkeep]
|-status|p1a: Breloom|tox|[from] item: Toxic Orb
|upkeep
|turn|10
|
|switch|p2a: Cresselia|Cresselia, F|74/100
|-damage|p2a: Cresselia|61/100|[from] Stealth Rock
|move|p1a: Breloom|Swords Dance|p1a: Breloom
|-boost|p1a: Breloom|atk|2
|
|-weather|SunnyDay|[upkeep]
|-heal|p2a: Cresselia|68/100|[from] item: Leftovers
|upkeep
|turn|11
|
|move|p2a: Cresselia|Moonlight|p2a: Cresselia
|-heal|p2a: Cresselia|100/100
|move|p1a: Breloom|Facade|p2a: Cresselia
|-damage|p2a: Cresselia|63/100
|
|-weather|SunnyDay|[upkeep]
|-heal|p2a: Cresselia|70/100|[from] item: Leftovers
|upkeep
|turn|12
|
|move|p2a: Cresselia|Skill Swap|p1a: Breloom
|-activate|p2a: Cresselia|move: Skill Swap|Poison Heal|Levitate|[of] p1a: Breloom
|-endability|p2a: Cresselia|Levitate|[from] move: Skill Swap
|-endability|p1a: Breloom|Poison Heal|[from] move: Skill Swap
|move|p1a: Breloom|Facade|p2a: Cresselia
|-damage|p2a: Cresselia|34/100
|
|-weather|SunnyDay|[upkeep]
|-heal|p2a: Cresselia|40/100|[from] item: Leftovers
|-damage|p1a: Breloom|83/100 tox|[from] psn
|upkeep
|turn|13
|
|switch|p1a: Excadrill|Excadrill, F|100/100
|-damage|p1a: Excadrill|97/100|[from] Stealth Rock
|move|p2a: Cresselia|Moonlight|p2a: Cresselia
|-heal|p2a: Cresselia|100/100
|
|-weather|SunnyDay|[upkeep]
|-heal|p1a: Excadrill|100/100|[from] item: Leftovers
|upkeep
|turn|14
|
|switch|p2a: Xatu|Xatu, F|100/100
|-damage|p2a: Xatu|76/100|[from] Stealth Rock
|move|p1a: Excadrill|Rapid Spin|p2a: Xatu
|-damage|p2a: Xatu|69/100
|-damage|p1a: Excadrill|84/100|[from] item: Rocky Helmet|[of] p2a: Xatu
|-sideend|p1: Oooh Dahlia|Stealth Rock|[from] move: Rapid Spin|[of] p1a: Excadrill
|
|-weather|SunnyDay|[upkeep]
|-heal|p1a: Excadrill|90/100|[from] item: Leftovers
|upkeep
|turn|15
|
|switch|p1a: Heatran|Heatran, M|100/100
|move|p2a: Xatu|Night Shade|p1a: Heatran
|-damage|p1a: Heatran|75/100
|
|-weather|SunnyDay|[upkeep]
|-heal|p1a: Heatran|81/100|[from] item: Leftovers
|upkeep
|turn|16
|inactive|Icemann11 has 120 seconds left.
|
|move|p2a: Xatu|Roost|p2a: Xatu
|-heal|p2a: Xatu|100/100
|-singleturn|p2a: Xatu|move: Roost
|move|p1a: Heatran|Roar|p2a: Xatu
|move|p2a: Xatu|Roar|p1a: Heatran|[from]Magic Bounce
|drag|p1a: Excadrill|Excadrill, F|90/100
|
|-weather|SunnyDay|[upkeep]
|-heal|p1a: Excadrill|96/100|[from] item: Leftovers
|upkeep
|turn|17
|
|move|p1a: Excadrill|Iron Head|p2a: Xatu
|-damage|p2a: Xatu|60/100
|-damage|p1a: Excadrill|79/100|[from] item: Rocky Helmet|[of] p2a: Xatu
|move|p2a: Xatu|Night Shade|p1a: Excadrill
|-damage|p1a: Excadrill|52/100
|
|-weather|SunnyDay|[upkeep]
|-heal|p1a: Excadrill|58/100|[from] item: Leftovers
|upkeep
|turn|18
|
|switch|p1a: Heatran|Heatran, M|81/100
|move|p2a: Xatu|Roost|p2a: Xatu
|-heal|p2a: Xatu|100/100
|-singleturn|p2a: Xatu|move: Roost
|
|-weather|SunnyDay|[upkeep]
|-heal|p1a: Heatran|87/100|[from] item: Leftovers
|upkeep
|turn|19
|inactive|Icemann11 has 120 seconds left.
|
|switch|p2a: Gliscor|Gliscor, M|95/100 tox
|-damage|p2a: Gliscor|83/100 tox|[from] Stealth Rock
|move|p1a: Heatran|Lava Plume|p2a: Gliscor
|-damage|p2a: Gliscor|42/100 tox
|
|-weather|SunnyDay|[upkeep]
|-heal|p1a: Heatran|93/100|[from] item: Leftovers
|-heal|p2a: Gliscor|54/100 tox|[from] ability: Poison Heal
|upkeep
|turn|20
|
|switch|p1a: Landorus|Landorus-Therian, M|100/100
|-ability|p1a: Landorus|Intimidate|boost
|-unboost|p2a: Gliscor|atk|1
|move|p2a: Gliscor|Roost|p2a: Gliscor
|-heal|p2a: Gliscor|100/100 tox
|-singleturn|p2a: Gliscor|move: Roost
|
|-weather|SunnyDay|[upkeep]
|upkeep
|turn|21
|inactive|Icemann11 has 120 seconds left.
|
|switch|p1a: Reuniclus|Reuniclus, F|100/100
|switch|p2a: Forretress|Forretress, F|100/100
|-damage|p2a: Forretress|88/100|[from] Stealth Rock
|
|-weather|SunnyDay|[upkeep]
|-heal|p2a: Forretress|94/100|[from] item: Leftovers
|upkeep
|turn|22
|
|switch|p2a: Cresselia|Cresselia, F|100/100
|-damage|p2a: Cresselia|88/100|[from] Stealth Rock
|move|p1a: Reuniclus|Focus Blast|p2a: Cresselia
|-resisted|p2a: Cresselia
|-crit|p2a: Cresselia
|-damage|p2a: Cresselia|51/100
|
|-weather|SunnyDay|[upkeep]
|-heal|p2a: Cresselia|57/100|[from] item: Leftovers
|upkeep
|turn|23
|
|switch|p1a: Heatran|Heatran, M|93/100
|move|p2a: Cresselia|Toxic|p1a: Heatran
|-immune|p1a: Heatran
|
|-weather|SunnyDay|[upkeep]
|-heal|p1a: Heatran|99/100|[from] item: Leftovers
|-heal|p2a: Cresselia|63/100|[from] item: Leftovers
|upkeep
|turn|24
|
|move|p2a: Cresselia|Skill Swap|p1a: Heatran
|-activate|p2a: Cresselia|move: Skill Swap|Flash Fire|Levitate|[of] p1a: Heatran
|-endability|p2a: Cresselia|Levitate|[from] move: Skill Swap
|-endability|p1a: Heatran|Flash Fire|[from] move: Skill Swap
|move|p1a: Heatran|Roar|p2a: Cresselia
|drag|p2a: Chansey|Chansey, F|76/100
|-damage|p2a: Chansey|63/100|[from] Stealth Rock
|
|-weather|SunnyDay|[upkeep]
|-heal|p1a: Heatran|100/100|[from] item: Leftovers
|upkeep
|turn|25
|
|switch|p1a: Breloom|Breloom, F|83/100 tox
|move|p2a: Chansey|Soft-Boiled|p2a: Chansey
|-heal|p2a: Chansey|100/100
|
|-weather|SunnyDay|[upkeep]
|-heal|p1a: Breloom|95/100 tox|[from] ability: Poison Heal
|upkeep
|turn|26
|
|switch|p2a: Xatu|Xatu, F|100/100
|-damage|p2a: Xatu|76/100|[from] Stealth Rock
|move|p1a: Breloom|Swords Dance|p1a: Breloom
|-boost|p1a: Breloom|atk|2
|
|-weather|SunnyDay|[upkeep]
|-heal|p1a: Breloom|100/100 tox|[from] ability: Poison Heal
|upkeep
|turn|27
|
|move|p2a: Xatu|Reflect|p2a: Xatu
|-sidestart|p2: Icemann11|Reflect
|move|p1a: Breloom|Facade|p2a: Xatu
|-damage|p2a: Xatu|41/100
|-damage|p1a: Breloom|84/100 tox|[from] item: Rocky Helmet|[of] p2a: Xatu
|
|-weather|SunnyDay|[upkeep]
|-heal|p1a: Breloom|96/100 tox|[from] ability: Poison Heal
|upkeep
|turn|28
|
|move|p2a: Xatu|Roost|p2a: Xatu
|-heal|p2a: Xatu|91/100
|-singleturn|p2a: Xatu|move: Roost
|move|p1a: Breloom|Swords Dance|p1a: Breloom
|-boost|p1a: Breloom|atk|2
|
|-weather|SunnyDay|[upkeep]
|-heal|p1a: Breloom|100/100 tox|[from] ability: Poison Heal
|upkeep
|turn|29
|
|move|p1a: Breloom|Protect|p1a: Breloom
|-singleturn|p1a: Breloom|Protect
|move|p2a: Xatu|Heat Wave|p1a: Breloom
|-activate|p1a: Breloom|move: Protect
|
|-weather|SunnyDay|[upkeep]
|upkeep
|turn|30
|
|move|p2a: Xatu|Night Shade|p1a: Breloom
|-damage|p1a: Breloom|69/100 tox
|move|p1a: Breloom|Facade|p2a: Xatu
|-damage|p2a: Xatu|34/100
|-damage|p1a: Breloom|53/100 tox|[from] item: Rocky Helmet|[of] p2a: Xatu
|
|-weather|SunnyDay|[upkeep]
|-heal|p1a: Breloom|65/100 tox|[from] ability: Poison Heal
|upkeep
|turn|31
|inactive|Icemann11 has 120 seconds left.
|
|switch|p1a: Heatran|Heatran, M|100/100
|move|p2a: Xatu|Heat Wave|p1a: Heatran
|-start|p1a: Heatran|ability: Flash Fire
|
|-weather|SunnyDay|[upkeep]
|-sideend|p2: Icemann11|Reflect
|upkeep
|turn|32
|c|☆Icemann11|nice
|
|switch|p2a: Ninetales|Ninetales, M|100/100
|-damage|p2a: Ninetales|76/100|[from] Stealth Rock
|move|p1a: Heatran|Lava Plume|p2a: Ninetales
|-resisted|p2a: Ninetales
|-damage|p2a: Ninetales|40/100
|
|-weather|SunnyDay|[upkeep]
|upkeep
|turn|33
|
|move|p2a: Ninetales|Rest|p2a: Ninetales
|-status|p2a: Ninetales|slp|[from] move: Rest
|-heal|p2a: Ninetales|100/100 slp|[silent]
|-enditem|p2a: Ninetales|Chesto Berry|[eat]
|-curestatus|p2a: Ninetales|slp|[msg]
|move|p1a: Heatran|Roar|p2a: Ninetales
|drag|p2a: Cresselia|Cresselia, F|63/100
|-damage|p2a: Cresselia|50/100|[from] Stealth Rock
|
|-weather|SunnyDay|[upkeep]
|-heal|p2a: Cresselia|56/100|[from] item: Leftovers
|upkeep
|turn|34
|
|move|p1a: Heatran|Lava Plume|p2a: Cresselia
|-damage|p2a: Cresselia|8/100
|move|p2a: Cresselia|Moonlight|p2a: Cresselia
|-heal|p2a: Cresselia|75/100
|
|-weather|SunnyDay|[upkeep]
|-heal|p2a: Cresselia|81/100|[from] item: Leftovers
|upkeep
|turn|35
|inactive|Icemann11 has 120 seconds left.
|
|switch|p2a: Chansey|Chansey, F|100/100
|-damage|p2a: Chansey|88/100|[from] Stealth Rock
|move|p1a: Heatran|Lava Plume|p2a: Chansey
|-damage|p2a: Chansey|64/100
|
|-weather|SunnyDay|[upkeep]
|upkeep
|turn|36
|
|move|p2a: Chansey|Seismic Toss|p1a: Heatran
|-damage|p1a: Heatran|75/100
|move|p1a: Heatran|Roar|p2a: Chansey
|drag|p2a: Ninetales|Ninetales, M|100/100
|-damage|p2a: Ninetales|76/100|[from] Stealth Rock
|
|-weather|SunnyDay|[upkeep]
|-heal|p1a: Heatran|81/100|[from] item: Leftovers
|upkeep
|turn|37
|inactive|Icemann11 has 120 seconds left.
|
|switch|p2a: Chansey|Chansey, F|64/100
|-damage|p2a: Chansey|51/100|[from] Stealth Rock
|move|p1a: Heatran|Lava Plume|p2a: Chansey
|-damage|p2a: Chansey|27/100
|
|-weather|SunnyDay|[upkeep]
|-heal|p1a: Heatran|87/100|[from] item: Leftovers
|upkeep
|turn|38
|
|move|p2a: Chansey|Soft-Boiled|p2a: Chansey
|-heal|p2a: Chansey|77/100
|move|p1a: Heatran|Roar|p2a: Chansey
|drag|p2a: Xatu|Xatu, F|34/100
|-damage|p2a: Xatu|9/100|[from] Stealth Rock
|
|-weather|SunnyDay|[upkeep]
|-heal|p1a: Heatran|93/100|[from] item: Leftovers
|upkeep
|turn|39
|
|move|p1a: Heatran|Lava Plume|p2a: Xatu
|-damage|p2a: Xatu|0 fnt
|faint|p2a: Xatu
|
|-weather|SunnyDay|[upkeep]
|-heal|p1a: Heatran|99/100|[from] item: Leftovers
|upkeep
|
|switch|p2a: Gliscor|Gliscor, M|100/100 tox
|-damage|p2a: Gliscor|88/100 tox|[from] Stealth Rock
|turn|40
|inactive|Icemann11 has 120 seconds left.
|
|-end|p1a: Heatran|ability: Flash Fire|[silent]
|switch|p1a: Landorus|Landorus-Therian, M|100/100
|-ability|p1a: Landorus|Intimidate|boost
|-unboost|p2a: Gliscor|atk|1
|move|p2a: Gliscor|Earthquake|p1a: Landorus
|-immune|p1a: Landorus
|
|-weather|SunnyDay|[upkeep]
|-heal|p2a: Gliscor|100/100 tox|[from] ability: Poison Heal
|upkeep
|turn|41
|inactive|Icemann11 has 120 seconds left.
|
|switch|p1a: Reuniclus|Reuniclus, F|100/100
|move|p2a: Gliscor|Roost||[still]
|-fail|p2a: Gliscor|heal
|
|-weather|SunnyDay|[upkeep]
|upkeep
|turn|42
|
|move|p2a: Gliscor|Swords Dance|p2a: Gliscor
|-boost|p2a: Gliscor|atk|2
|move|p1a: Reuniclus|Psychic|p2a: Gliscor
|-damage|p2a: Gliscor|43/100 tox
|
|-weather|SunnyDay|[upkeep]
|-heal|p2a: Gliscor|55/100 tox|[from] ability: Poison Heal
|upkeep
|turn|43
|
|move|p2a: Gliscor|Roost|p2a: Gliscor
|-heal|p2a: Gliscor|100/100 tox
|-singleturn|p2a: Gliscor|move: Roost
|move|p1a: Reuniclus|Psychic|p2a: Gliscor
|-damage|p2a: Gliscor|47/100 tox
|
|-weather|SunnyDay|[upkeep]
|-heal|p2a: Gliscor|60/100 tox|[from] ability: Poison Heal
|upkeep
|turn|44
|
|move|p2a: Gliscor|Roost|p2a: Gliscor
|-heal|p2a: Gliscor|100/100 tox
|-singleturn|p2a: Gliscor|move: Roost
|move|p1a: Reuniclus|Psychic|p2a: Gliscor
|-damage|p2a: Gliscor|48/100 tox
|
|-weather|SunnyDay|[upkeep]
|-heal|p2a: Gliscor|60/100 tox|[from] ability: Poison Heal
|upkeep
|turn|45
|inactive|Icemann11 has 120 seconds left.
|
|move|p2a: Gliscor|Swords Dance|p2a: Gliscor
|-boost|p2a: Gliscor|atk|2
|move|p1a: Reuniclus|Psychic|p2a: Gliscor
|-damage|p2a: Gliscor|10/100 tox
|
|-weather|SunnyDay|[upkeep]
|-heal|p2a: Gliscor|23/100 tox|[from] ability: Poison Heal
|upkeep
|turn|46
|
|move|p2a: Gliscor|Roost|p2a: Gliscor
|-heal|p2a: Gliscor|73/100 tox
|-singleturn|p2a: Gliscor|move: Roost
|move|p1a: Reuniclus|Psychic|p2a: Gliscor
|-damage|p2a: Gliscor|18/100 tox
|
|-weather|SunnyDay|[upkeep]
|-heal|p2a: Gliscor|31/100 tox|[from] ability: Poison Heal
|upkeep
|turn|47
|
|move|p2a: Gliscor|Roost|p2a: Gliscor
|-heal|p2a: Gliscor|81/100 tox
|-singleturn|p2a: Gliscor|move: Roost
|move|p1a: Reuniclus|Psychic|p2a: Gliscor
|-damage|p2a: Gliscor|30/100 tox
|
|-weather|SunnyDay|[upkeep]
|-heal|p2a: Gliscor|42/100 tox|[from] ability: Poison Heal
|upkeep
|turn|48
|
|move|p2a: Gliscor|Roost|p2a: Gliscor
|-heal|p2a: Gliscor|92/100 tox
|-singleturn|p2a: Gliscor|move: Roost
|move|p1a: Reuniclus|Psychic|p2a: Gliscor
|-damage|p2a: Gliscor|34/100 tox
|
|-weather|SunnyDay|[upkeep]
|-heal|p2a: Gliscor|47/100 tox|[from] ability: Poison Heal
|upkeep
|turn|49
|
|move|p2a: Gliscor|Roost|p2a: Gliscor
|-heal|p2a: Gliscor|97/100 tox
|-singleturn|p2a: Gliscor|move: Roost
|move|p1a: Reuniclus|Psychic|p2a: Gliscor
|-damage|p2a: Gliscor|41/100 tox
|
|-weather|SunnyDay|[upkeep]
|-heal|p2a: Gliscor|54/100 tox|[from] ability: Poison Heal
|upkeep
|turn|50
|
|move|p2a: Gliscor|Roost|p2a: Gliscor
|-heal|p2a: Gliscor|100/100 tox
|-singleturn|p2a: Gliscor|move: Roost
|move|p1a: Reuniclus|Psychic|p2a: Gliscor
|-damage|p2a: Gliscor|42/100 tox
|
|-weather|SunnyDay|[upkeep]
|-heal|p2a: Gliscor|54/100 tox|[from] ability: Poison Heal
|upkeep
|turn|51
|
|move|p2a: Gliscor|Roost|p2a: Gliscor
|-heal|p2a: Gliscor|100/100 tox
|-singleturn|p2a: Gliscor|move: Roost
|move|p1a: Reuniclus|Psychic|p2a: Gliscor
|-damage|p2a: Gliscor|49/100 tox
|
|-weather|SunnyDay|[upkeep]
|-heal|p2a: Gliscor|62/100 tox|[from] ability: Poison Heal
|upkeep
|turn|52
|
|move|p2a: Gliscor|Earthquake|p1a: Reuniclus
|-damage|p1a: Reuniclus|13/100
|move|p1a: Reuniclus|Psychic|p2a: Gliscor
|-damage|p2a: Gliscor|2/100 tox
|
|-weather|SunnyDay|[upkeep]
|-heal|p2a: Gliscor|14/100 tox|[from] ability: Poison Heal
|upkeep
|turn|53
|
|move|p2a: Gliscor|Facade|p1a: Reuniclus
|-damage|p1a: Reuniclus|0 fnt
|faint|p1a: Reuniclus
|
|-weather|SunnyDay|[upkeep]
|-heal|p2a: Gliscor|27/100 tox|[from] ability: Poison Heal
|upkeep
|
|switch|p1a: Landorus|Landorus-Therian, M|100/100
|-ability|p1a: Landorus|Intimidate|boost
|-unboost|p2a: Gliscor|atk|1
|turn|54
|
|move|p1a: Landorus|U-turn|p2a: Gliscor
|-resisted|p2a: Gliscor
|-damage|p2a: Gliscor|18/100 tox
|
|switch|p1a: Ferrothorn|Ferrothorn, M|96/100|[from]move: U-turn
|move|p2a: Gliscor|Roost|p2a: Gliscor
|-heal|p2a: Gliscor|68/100 tox
|-singleturn|p2a: Gliscor|move: Roost
|
|-weather|SunnyDay|[upkeep]
|-heal|p1a: Ferrothorn|100/100|[from] item: Leftovers
|-heal|p2a: Gliscor|80/100 tox|[from] ability: Poison Heal
|upkeep
|turn|55
|c|☆Oooh Dahlia|12 turns and no crit or sp def drop
|c|☆Oooh Dahlia|what horseshit
|inactive|Icemann11 has 120 seconds left.
|c|☆Icemann11|lol and it was such a bad play on me too
|c|☆Icemann11|srry
|c|☆Oooh Dahlia|fuck off
|c|☆Oooh Dahlia|just go
|
|switch|p1a: Landorus|Landorus-Therian, M|100/100
|-ability|p1a: Landorus|Intimidate|boost
|-unboost|p2a: Gliscor|atk|1
|move|p2a: Gliscor|Swords Dance|p2a: Gliscor
|-boost|p2a: Gliscor|atk|2
|
|-weather|SunnyDay|[upkeep]
|-heal|p2a: Gliscor|93/100 tox|[from] ability: Poison Heal
|upkeep
|turn|56
|inactive|Icemann11 has 90 seconds left.
|
|switch|p2a: Forretress|Forretress, F|94/100
|-damage|p2a: Forretress|82/100|[from] Stealth Rock
|move|p1a: Landorus|Hidden Power|p2a: Forretress
|-resisted|p2a: Forretress
|-damage|p2a: Forretress|70/100
|
|-weather|SunnyDay|[upkeep]
|-heal|p2a: Forretress|76/100|[from] item: Leftovers
|upkeep
|turn|57
|inactive|Icemann11 has 90 seconds left.
|
|switch|p1a: Heatran|Heatran, M|99/100
|move|p2a: Forretress|Rapid Spin|p1a: Heatran
|-resisted|p1a: Heatran
|-damage|p1a: Heatran|97/100
|-sideend|p2: Icemann11|Stealth Rock|[from] move: Rapid Spin|[of] p2a: Forretress
|
|-weather|SunnyDay|[upkeep]
|-heal|p1a: Heatran|100/100|[from] item: Leftovers
|-heal|p2a: Forretress|82/100|[from] item: Leftovers
|upkeep
|turn|58
|inactive|Icemann11 has 90 seconds left.
|
|switch|p2a: Gliscor|Gliscor, M|93/100 tox
|move|p1a: Heatran|Stealth Rock|p2a: Gliscor
|-sidestart|p2: Icemann11|move: Stealth Rock
|
|-weather|SunnyDay|[upkeep]
|-heal|p2a: Gliscor|100/100 tox|[from] ability: Poison Heal
|upkeep
|turn|59
|
|move|p2a: Gliscor|Earthquake|p1a: Heatran
|-supereffective|p1a: Heatran
|-damage|p1a: Heatran|0 fnt
|faint|p1a: Heatran
|
|-weather|SunnyDay|[upkeep]
|upkeep
|
|switch|p1a: Breloom|Breloom, F|65/100 tox
|turn|60
|inactive|Icemann11 has 90 seconds left.
|
|move|p2a: Gliscor|Facade|p1a: Breloom
|-damage|p1a: Breloom|30/100 tox
|move|p1a: Breloom|Swords Dance|p1a: Breloom
|-boost|p1a: Breloom|atk|2
|
|-weather|SunnyDay|[upkeep]
|-heal|p1a: Breloom|42/100 tox|[from] ability: Poison Heal
|upkeep
|turn|61
|
|move|p2a: Gliscor|Swords Dance|p2a: Gliscor
|-boost|p2a: Gliscor|atk|2
|move|p1a: Breloom|Drain Punch|p2a: Gliscor
|-resisted|p2a: Gliscor
|-damage|p2a: Gliscor|77/100 tox
|-heal|p1a: Breloom|55/100 tox|[from] drain|[of] p2a: Gliscor
|
|-weather|SunnyDay|[upkeep]
|-heal|p2a: Gliscor|89/100 tox|[from] ability: Poison Heal
|-heal|p1a: Breloom|67/100 tox|[from] ability: Poison Heal
|upkeep
|turn|62
|
|move|p1a: Breloom|Protect|p1a: Breloom
|-singleturn|p1a: Breloom|Protect
|move|p2a: Gliscor|Facade|p1a: Breloom
|-activate|p1a: Breloom|move: Protect
|
|-weather|SunnyDay|[upkeep]
|-heal|p2a: Gliscor|100/100 tox|[from] ability: Poison Heal
|-heal|p1a: Breloom|79/100 tox|[from] ability: Poison Heal
|upkeep
|turn|63
|
|move|p2a: Gliscor|Facade|p1a: Breloom
|-damage|p1a: Breloom|2/100 tox
|move|p1a: Breloom|Facade|p2a: Gliscor
|-damage|p2a: Gliscor|39/100 tox
|
|-weather|SunnyDay|[upkeep]
|-heal|p2a: Gliscor|52/100 tox|[from] ability: Poison Heal
|-heal|p1a: Breloom|15/100 tox|[from] ability: Poison Heal
|upkeep
|turn|64
|
|move|p2a: Gliscor|Facade|p1a: Breloom
|-damage|p1a: Breloom|0 fnt
|faint|p1a: Breloom
|
|-weather|SunnyDay|[upkeep]
|-heal|p2a: Gliscor|64/100 tox|[from] ability: Poison Heal
|upkeep
|c|☆Oooh Dahlia|w/e
|-message|Oooh Dahlia forfeited.
|
|win|Icemann11
|l|☆Oooh Dahlia
|raw|Oooh Dahlia's rating: 1516 &rarr; <strong>1484</strong><br />(-32 for losing)
|raw|Icemann11's rating: 1288 &rarr; <strong>1328</strong><br />(+40 for winning)
