|j|☆Croaset
|j|☆Im jesus christ
|t:|1728489039
|gametype|singles
|player|p1|Croaset|elesa|1393
|player|p2|Im jesus christ|101|1361
|teamsize|p1|6
|teamsize|p2|6
|gen|5
|tier|[Gen 5] OU
|rated|
|rule|Species Clause: Limit one of each Pokémon
|rule|OHKO Clause: OHKO moves are banned
|rule|Moody Clause: Moody is banned
|rule|Evasion Items Clause: Evasion items are banned
|rule|Evasion Moves Clause: Evasion moves are banned
|rule|Endless Battle Clause: Forcing endless battles is banned
|rule|HP Percentage Mod: HP is shown in percentages
|rule|Evasion Abilities Clause: Evasion abilities are banned
|rule|Sleep Moves Clause: Sleep-inducing moves are banned
|rule|Swagger Clause: Swagger is banned
|rule|Baton Pass Stat Clause: No Baton Passer may have a way to boost its stats
|clearpoke
|poke|p1|Reuniclus, M|item
|poke|p1|Skarmory, M|item
|poke|p1|Latios, M|item
|poke|p1|Tyranitar, F|item
|poke|p1|Cofagrigus, F|item
|poke|p1|Latias, F|item
|poke|p2|Ferrothorn, M|item
|poke|p2|Starmie|item
|poke|p2|Reuniclus, M|item
|poke|p2|Thundurus-Therian, M|item
|poke|p2|Scizor, F|item
|poke|p2|Politoed, F|item
|teampreview
|j| iCloverY
|
|t:|1728489062
|start
|switch|p1a: Skarmory|Skarmory, M|100/100
|switch|p2a: Ferrothorn|Ferrothorn, M|100/100
|turn|1
|
|t:|1728489070
|move|p1a: Skarmory|Stealth Rock|p2a: Ferrothorn
|-sidestart|p2: Im jesus christ|move: Stealth Rock
|move|p2a: Ferrothorn|Stealth Rock|p1a: Skarmory
|-sidestart|p1: Croaset|move: Stealth Rock
|
|upkeep
|turn|2
|
|t:|1728489080
|switch|p2a: Politoed|Politoed, F|100/100
|-damage|p2a: Politoed|88/100|[from] Stealth Rock
|-weather|RainDance|[from] ability: Drizzle|[of] p2a: Politoed
|move|p1a: Skarmory|Spikes|p2a: Politoed
|-sidestart|p2: Im jesus christ|Spikes
|
|-weather|RainDance|[upkeep]
|-heal|p2a: Politoed|94/100|[from] item: Leftovers
|upkeep
|turn|3
|
|t:|1728489084
|switch|p1a: Latias|Latias, F|100/100
|-damage|p1a: Latias|88/100|[from] Stealth Rock
|move|p2a: Politoed|Scald|p1a: Latias
|-resisted|p1a: Latias
|-damage|p1a: Latias|75/100
|
|-weather|RainDance|[upkeep]
|-heal|p1a: Latias|81/100|[from] item: Leftovers
|-heal|p2a: Politoed|100/100|[from] item: Leftovers
|upkeep
|turn|4
|
|t:|1728489088
|move|p1a: Latias|Thunder Wave|p2a: Politoed
|-status|p2a: Politoed|par
|move|p2a: Politoed|Encore|p1a: Latias
|-start|p1a: Latias|Encore
|
|-weather|RainDance|[upkeep]
|-heal|p1a: Latias|87/100|[from] item: Leftovers
|upkeep
|turn|5
|
|t:|1728489103
|switch|p1a: Tyranitar|Tyranitar, F|100/100
|-damage|p1a: Tyranitar|88/100|[from] Stealth Rock
|-weather|Sandstorm|[from] ability: Sand Stream|[of] p1a: Tyranitar
|cant|p2a: Politoed|par
|
|-weather|Sandstorm|[upkeep]
|-damage|p2a: Politoed|94/100 par|[from] Sandstorm
|-heal|p2a: Politoed|100/100 par|[from] item: Leftovers
|upkeep
|turn|6
|
|t:|1728489108
|switch|p1a: Latias|Latias, F|87/100
|-damage|p1a: Latias|74/100|[from] Stealth Rock
|cant|p2a: Politoed|par
|
|-weather|Sandstorm|[upkeep]
|-damage|p1a: Latias|68/100|[from] Sandstorm
|-damage|p2a: Politoed|94/100 par|[from] Sandstorm
|-heal|p1a: Latias|74/100|[from] item: Leftovers
|-heal|p2a: Politoed|100/100 par|[from] item: Leftovers
|upkeep
|turn|7
|
|t:|1728489113
|move|p1a: Latias|Recover|p1a: Latias
|-heal|p1a: Latias|100/100
|cant|p2a: Politoed|par
|
|-weather|Sandstorm|[upkeep]
|-damage|p1a: Latias|94/100|[from] Sandstorm
|-damage|p2a: Politoed|94/100 par|[from] Sandstorm
|-heal|p1a: Latias|100/100|[from] item: Leftovers
|-heal|p2a: Politoed|100/100 par|[from] item: Leftovers
|upkeep
|turn|8
|
|t:|1728489125
|move|p1a: Latias|Dragon Pulse|p2a: Politoed
|-crit|p2a: Politoed
|-damage|p2a: Politoed|39/100 par
|move|p2a: Politoed|Scald|p1a: Latias
|-resisted|p1a: Latias
|-damage|p1a: Latias|91/100
|-status|p1a: Latias|brn
|
|-weather|Sandstorm|[upkeep]
|-damage|p1a: Latias|85/100 brn|[from] Sandstorm
|-damage|p2a: Politoed|32/100 par|[from] Sandstorm
|-heal|p1a: Latias|91/100 brn|[from] item: Leftovers
|-heal|p2a: Politoed|39/100 par|[from] item: Leftovers
|-damage|p1a: Latias|79/100 brn|[from] brn
|upkeep
|turn|9
|
|t:|1728489135
|switch|p2a: Starmie|Starmie|100/100
|-damage|p2a: Starmie|88/100|[from] Stealth Rock
|-damage|p2a: Starmie|76/100|[from] Spikes
|move|p1a: Latias|Dragon Pulse|p2a: Starmie
|-damage|p2a: Starmie|36/100
|
|-weather|Sandstorm|[upkeep]
|-damage|p2a: Starmie|30/100|[from] Sandstorm
|-damage|p1a: Latias|73/100 brn|[from] Sandstorm
|-heal|p2a: Starmie|36/100|[from] item: Leftovers
|-heal|p1a: Latias|79/100 brn|[from] item: Leftovers
|-damage|p1a: Latias|67/100 brn|[from] brn
|upkeep
|turn|10
|
|t:|1728489143
|move|p2a: Starmie|Recover|p2a: Starmie
|-heal|p2a: Starmie|86/100
|move|p1a: Latias|Recover|p1a: Latias
|-heal|p1a: Latias|100/100 brn
|
|-weather|Sandstorm|[upkeep]
|-damage|p2a: Starmie|80/100|[from] Sandstorm
|-damage|p1a: Latias|94/100 brn|[from] Sandstorm
|-heal|p2a: Starmie|86/100|[from] item: Leftovers
|-heal|p1a: Latias|100/100 brn|[from] item: Leftovers
|-damage|p1a: Latias|88/100 brn|[from] brn
|upkeep
|turn|11
|
|t:|1728489148
|move|p2a: Starmie|Hydro Pump|p1a: Latias
|-resisted|p1a: Latias
|-damage|p1a: Latias|72/100 brn
|move|p1a: Latias|Calm Mind|p1a: Latias
|-boost|p1a: Latias|spa|1
|-boost|p1a: Latias|spd|1
|
|-weather|Sandstorm|[upkeep]
|-damage|p2a: Starmie|80/100|[from] Sandstorm
|-damage|p1a: Latias|66/100 brn|[from] Sandstorm
|-heal|p2a: Starmie|86/100|[from] item: Leftovers
|-heal|p1a: Latias|72/100 brn|[from] item: Leftovers
|-damage|p1a: Latias|60/100 brn|[from] brn
|upkeep
|turn|12
|
|t:|1728489150
|move|p2a: Starmie|Rapid Spin|p1a: Latias
|-damage|p1a: Latias|57/100 brn
|-sideend|p2: Im jesus christ|Spikes|[from] move: Rapid Spin|[of] p2a: Starmie
|-sideend|p2: Im jesus christ|Stealth Rock|[from] move: Rapid Spin|[of] p2a: Starmie
|move|p1a: Latias|Recover|p1a: Latias
|-heal|p1a: Latias|100/100 brn
|
|-weather|Sandstorm|[upkeep]
|-damage|p2a: Starmie|80/100|[from] Sandstorm
|-damage|p1a: Latias|94/100 brn|[from] Sandstorm
|-heal|p2a: Starmie|86/100|[from] item: Leftovers
|-heal|p1a: Latias|100/100 brn|[from] item: Leftovers
|-damage|p1a: Latias|88/100 brn|[from] brn
|upkeep
|turn|13
|
|t:|1728489153
|switch|p2a: Scizor|Scizor, F|100/100
|move|p1a: Latias|Calm Mind|p1a: Latias
|-boost|p1a: Latias|spa|1
|-boost|p1a: Latias|spd|1
|
|-weather|Sandstorm|[upkeep]
|-damage|p1a: Latias|82/100 brn|[from] Sandstorm
|-heal|p1a: Latias|88/100 brn|[from] item: Leftovers
|-damage|p1a: Latias|76/100 brn|[from] brn
|upkeep
|turn|14
|
|t:|1728489163
|switch|p1a: Cofagrigus|Cofagrigus, F, shiny|100/100
|-damage|p1a: Cofagrigus|88/100|[from] Stealth Rock
|move|p2a: Scizor|U-turn|p1a: Cofagrigus
|-resisted|p1a: Cofagrigus
|-damage|p1a: Cofagrigus|80/100
|-activate|p1a: Cofagrigus|ability: Mummy|Technician|[of] p2a: Scizor
|
|t:|1728489173
|switch|p2a: Thundurus|Thundurus-Therian, M|100/100|[from] U-turn
|
|-weather|Sandstorm|[upkeep]
|-damage|p2a: Thundurus|94/100|[from] Sandstorm
|-damage|p1a: Cofagrigus|73/100|[from] Sandstorm
|-heal|p1a: Cofagrigus|80/100|[from] item: Leftovers
|upkeep
|turn|15
|
|t:|1728489176
|switch|p1a: Latias|Latias, F|76/100 brn
|-damage|p1a: Latias|63/100 brn|[from] Stealth Rock
|move|p2a: Thundurus|Volt Switch|p1a: Latias
|-resisted|p1a: Latias
|-damage|p1a: Latias|46/100 brn
|
|t:|1728489186
|switch|p2a: Scizor|Scizor, F|100/100|[from] Volt Switch
|
|-weather|Sandstorm|[upkeep]
|-damage|p1a: Latias|40/100 brn|[from] Sandstorm
|-heal|p1a: Latias|46/100 brn|[from] item: Leftovers
|-damage|p1a: Latias|33/100 brn|[from] brn
|upkeep
|turn|16
|
|t:|1728489201
|switch|p1a: Skarmory|Skarmory, M|100/100
|-damage|p1a: Skarmory|88/100|[from] Stealth Rock
|move|p2a: Scizor|U-turn|p1a: Skarmory
|-resisted|p1a: Skarmory
|-damage|p1a: Skarmory|84/100
|
|t:|1728489205
|switch|p2a: Starmie|Starmie|86/100|[from] U-turn
|
|-weather|Sandstorm|[upkeep]
|-damage|p2a: Starmie|80/100|[from] Sandstorm
|-heal|p2a: Starmie|86/100|[from] item: Leftovers
|-heal|p1a: Skarmory|90/100|[from] item: Leftovers
|upkeep
|turn|17
|l| iCloverY
|
|t:|1728489225
|switch|p1a: Tyranitar|Tyranitar, F|88/100
|-damage|p1a: Tyranitar|76/100|[from] Stealth Rock
|move|p2a: Starmie|Thunder|p1a: Tyranitar
|-damage|p1a: Tyranitar|65/100
|
|-weather|Sandstorm|[upkeep]
|-damage|p2a: Starmie|80/100|[from] Sandstorm
|-heal|p2a: Starmie|86/100|[from] item: Leftovers
|upkeep
|turn|18
|
|t:|1728489231
|move|p2a: Starmie|Hydro Pump|p1a: Tyranitar|[miss]
|-miss|p2a: Starmie|p1a: Tyranitar
|move|p1a: Tyranitar|Crunch|p2a: Starmie
|-supereffective|p2a: Starmie
|-damage|p2a: Starmie|0 fnt
|faint|p2a: Starmie
|
|-weather|Sandstorm|[upkeep]
|upkeep
|
|t:|1728489237
|switch|p2a: Scizor|Scizor, F|100/100
|turn|19
|
|t:|1728489242
|switch|p1a: Cofagrigus|Cofagrigus, F, shiny|80/100
|-damage|p1a: Cofagrigus|67/100|[from] Stealth Rock
|move|p2a: Scizor|Bullet Punch|p1a: Cofagrigus
|-damage|p1a: Cofagrigus|50/100
|-activate|p1a: Cofagrigus|ability: Mummy|Technician|[of] p2a: Scizor
|
|-weather|Sandstorm|[upkeep]
|-damage|p1a: Cofagrigus|44/100|[from] Sandstorm
|-heal|p1a: Cofagrigus|50/100|[from] item: Leftovers
|upkeep
|turn|20
|
|t:|1728489250
|switch|p2a: Politoed|Politoed, F|39/100 par
|-weather|RainDance|[from] ability: Drizzle|[of] p2a: Politoed
|move|p1a: Cofagrigus|Knock Off|p2a: Politoed
|-damage|p2a: Politoed|36/100 par
|-enditem|p2a: Politoed|Leftovers|[from] move: Knock Off|[of] p1a: Cofagrigus
|
|-weather|RainDance|[upkeep]
|-heal|p1a: Cofagrigus|56/100|[from] item: Leftovers
|upkeep
|turn|21
|
|t:|1728489257
|switch|p1a: Latias|Latias, F|33/100 brn
|-damage|p1a: Latias|21/100 brn|[from] Stealth Rock
|move|p2a: Politoed|Refresh|p2a: Politoed
|-curestatus|p2a: Politoed|par|[msg]
|
|-weather|RainDance|[upkeep]
|-heal|p1a: Latias|27/100 brn|[from] item: Leftovers
|-damage|p1a: Latias|15/100 brn|[from] brn
|upkeep
|turn|22
|
|t:|1728489262
|move|p1a: Latias|Recover|p1a: Latias
|-heal|p1a: Latias|65/100 brn
|move|p2a: Politoed|Encore|p1a: Latias
|-start|p1a: Latias|Encore
|
|-weather|RainDance|[upkeep]
|-heal|p1a: Latias|71/100 brn|[from] item: Leftovers
|-damage|p1a: Latias|58/100 brn|[from] brn
|upkeep
|turn|23
|
|t:|1728489264
|switch|p2a: Scizor|Scizor, F|100/100
|move|p1a: Latias|Recover|p1a: Latias
|-heal|p1a: Latias|100/100 brn
|
|-weather|RainDance|[upkeep]
|-damage|p1a: Latias|88/100 brn|[from] brn
|upkeep
|turn|24
|
|t:|1728489270
|switch|p1a: Skarmory|Skarmory, M|90/100
|-damage|p1a: Skarmory|77/100|[from] Stealth Rock
|move|p2a: Scizor|Swords Dance|p2a: Scizor
|-boost|p2a: Scizor|atk|2
|
|-weather|RainDance|[upkeep]
|-heal|p1a: Skarmory|83/100|[from] item: Leftovers
|upkeep
|turn|25
|
|t:|1728489277
|switch|p1a: Cofagrigus|Cofagrigus, F, shiny|56/100
|-damage|p1a: Cofagrigus|44/100|[from] Stealth Rock
|move|p2a: Scizor|U-turn|p1a: Cofagrigus
|-resisted|p1a: Cofagrigus
|-damage|p1a: Cofagrigus|25/100
|-activate|p1a: Cofagrigus|ability: Mummy|Technician|[of] p2a: Scizor
|
|t:|1728489282
|switch|p2a: Thundurus|Thundurus-Therian, M|94/100|[from] U-turn
|
|-weather|RainDance|[upkeep]
|-heal|p1a: Cofagrigus|31/100|[from] item: Leftovers
|upkeep
|turn|26
|
|t:|1728489285
|move|p2a: Thundurus|Thunder|p1a: Cofagrigus
|-damage|p1a: Cofagrigus|0 fnt
|faint|p1a: Cofagrigus
|
|-weather|RainDance|[upkeep]
|upkeep
|
|t:|1728489288
|switch|p1a: Latias|Latias, F|88/100 brn
|-damage|p1a: Latias|76/100 brn|[from] Stealth Rock
|turn|27
|
|t:|1728489294
|switch|p2a: Ferrothorn|Ferrothorn, M|100/100
|move|p1a: Latias|Dragon Pulse|p2a: Ferrothorn
|-resisted|p2a: Ferrothorn
|-damage|p2a: Ferrothorn|90/100
|
|-weather|RainDance|[upkeep]
|-heal|p1a: Latias|82/100 brn|[from] item: Leftovers
|-heal|p2a: Ferrothorn|96/100|[from] item: Leftovers
|-damage|p1a: Latias|69/100 brn|[from] brn
|upkeep
|turn|28
|
|t:|1728489301
|move|p1a: Latias|Calm Mind|p1a: Latias
|-boost|p1a: Latias|spa|1
|-boost|p1a: Latias|spd|1
|move|p2a: Ferrothorn|Gyro Ball|p1a: Latias
|-damage|p1a: Latias|21/100 brn
|
|-weather|RainDance|[upkeep]
|-heal|p1a: Latias|27/100 brn|[from] item: Leftovers
|-heal|p2a: Ferrothorn|100/100|[from] item: Leftovers
|-damage|p1a: Latias|15/100 brn|[from] brn
|upkeep
|turn|29
|l|☆Croaset
|player|p1|
|inactive|Battle timer is ON: inactive players will automatically lose when time's up. (requested by Im jesus christ)
|c|☆Im jesus christ|Pls for the love of Dad don’t come back
|inactive|Croaset has 30 seconds to reconnect!
|inactive|Croaset has 20 seconds to reconnect!
|inactive|Croaset has 15 seconds to reconnect!
|inactive|Croaset has 10 seconds to reconnect!
|inactive|Croaset has 5 seconds to reconnect!
|j|☆Croaset
|inactive|Croaset reconnected and has 95 seconds left.
|player|p1|Croaset|elesa|
|inactive|Croaset has 90 seconds left.
|
|t:|1728489378
|move|p1a: Latias|Thunder Wave|p2a: Ferrothorn
|-status|p2a: Ferrothorn|par
|cant|p2a: Ferrothorn|par
|
|-weather|RainDance|[upkeep]
|-heal|p1a: Latias|21/100 brn|[from] item: Leftovers
|-damage|p1a: Latias|8/100 brn|[from] brn
|upkeep
|turn|30
|c|☆Im jesus christ|FUCK
|
|t:|1728489383
|move|p1a: Latias|Recover|p1a: Latias
|-heal|p1a: Latias|58/100 brn
|cant|p2a: Ferrothorn|par
|
|-weather|RainDance|[upkeep]
|-heal|p1a: Latias|64/100 brn|[from] item: Leftovers
|-damage|p1a: Latias|52/100 brn|[from] brn
|upkeep
|turn|31
|
|t:|1728489388
|move|p1a: Latias|Recover|p1a: Latias
|-heal|p1a: Latias|100/100 brn
|move|p2a: Ferrothorn|Gyro Ball|p1a: Latias
|-damage|p1a: Latias|54/100 brn
|
|-weather|RainDance|[upkeep]
|-heal|p1a: Latias|60/100 brn|[from] item: Leftovers
|-damage|p1a: Latias|48/100 brn|[from] brn
|upkeep
|turn|32
|
|t:|1728489393
|switch|p2a: Thundurus|Thundurus-Therian, M|94/100
|move|p1a: Latias|Recover|p1a: Latias
|-heal|p1a: Latias|98/100 brn
|
|-weather|RainDance|[upkeep]
|-heal|p1a: Latias|100/100 brn|[from] item: Leftovers
|-damage|p1a: Latias|88/100 brn|[from] brn
|upkeep
|turn|33
|
|t:|1728489398
|move|p2a: Thundurus|Volt Switch|p1a: Latias
|-resisted|p1a: Latias
|-damage|p1a: Latias|77/100 brn
|
|t:|1728489401
|switch|p2a: Ferrothorn|Ferrothorn, M|100/100 par|[from] Volt Switch
|move|p1a: Latias|Dragon Pulse|p2a: Ferrothorn
|-resisted|p2a: Ferrothorn
|-damage|p2a: Ferrothorn|84/100 par
|
|-weather|RainDance|[upkeep]
|-heal|p1a: Latias|83/100 brn|[from] item: Leftovers
|-heal|p2a: Ferrothorn|90/100 par|[from] item: Leftovers
|-damage|p1a: Latias|70/100 brn|[from] brn
|upkeep
|turn|34
|
|t:|1728489404
|move|p1a: Latias|Calm Mind|p1a: Latias
|-boost|p1a: Latias|spa|1
|-boost|p1a: Latias|spd|1
|cant|p2a: Ferrothorn|par
|
|-weather|RainDance|[upkeep]
|-heal|p1a: Latias|76/100 brn|[from] item: Leftovers
|-heal|p2a: Ferrothorn|96/100 par|[from] item: Leftovers
|-damage|p1a: Latias|64/100 brn|[from] brn
|upkeep
|turn|35
|
|t:|1728489408
|switch|p2a: Scizor|Scizor, F|100/100
|move|p1a: Latias|Recover|p1a: Latias
|-heal|p1a: Latias|100/100 brn
|
|-weather|RainDance|[upkeep]
|-damage|p1a: Latias|88/100 brn|[from] brn
|upkeep
|turn|36
|
|t:|1728489414
|move|p1a: Latias|Thunder Wave|p2a: Scizor
|-status|p2a: Scizor|par
|move|p2a: Scizor|U-turn|p1a: Latias
|-supereffective|p1a: Latias
|-crit|p1a: Latias
|-damage|p1a: Latias|0 fnt
|faint|p1a: Latias
|
|t:|1728489419
|switch|p2a: Thundurus|Thundurus-Therian, M|94/100|[from] U-turn
|
|-weather|RainDance|[upkeep]
|upkeep
|
|t:|1728489421
|switch|p1a: Latios|Latios, M|100/100
|-damage|p1a: Latios|88/100|[from] Stealth Rock
|turn|37
|
|t:|1728489429
|move|p2a: Thundurus|Volt Switch|p1a: Latios
|-resisted|p1a: Latios
|-damage|p1a: Latios|65/100
|
|t:|1728489431
|switch|p2a: Ferrothorn|Ferrothorn, M|96/100 par|[from] Volt Switch
|move|p1a: Latios|Draco Meteor|p2a: Ferrothorn
|-resisted|p2a: Ferrothorn
|-damage|p2a: Ferrothorn|72/100 par
|-unboost|p1a: Latios|spa|2
|
|-weather|RainDance|[upkeep]
|-heal|p2a: Ferrothorn|78/100 par|[from] item: Leftovers
|upkeep
|turn|38
|
|t:|1728489443
|switch|p1a: Skarmory|Skarmory, M|83/100
|-damage|p1a: Skarmory|71/100|[from] Stealth Rock
|move|p2a: Ferrothorn|Gyro Ball|p1a: Skarmory
|-resisted|p1a: Skarmory
|-damage|p1a: Skarmory|56/100
|
|-weather|RainDance|[upkeep]
|-heal|p1a: Skarmory|62/100|[from] item: Leftovers
|-heal|p2a: Ferrothorn|84/100 par|[from] item: Leftovers
|upkeep
|turn|39
|
|t:|1728489447
|switch|p2a: Thundurus|Thundurus-Therian, M|94/100
|move|p1a: Skarmory|Stealth Rock|p2a: Thundurus
|-sidestart|p2: Im jesus christ|move: Stealth Rock
|
|-weather|RainDance|[upkeep]
|-heal|p1a: Skarmory|68/100|[from] item: Leftovers
|upkeep
|turn|40
|
|t:|1728489451
|switch|p1a: Tyranitar|Tyranitar, F|65/100
|-damage|p1a: Tyranitar|52/100|[from] Stealth Rock
|-weather|Sandstorm|[from] ability: Sand Stream|[of] p1a: Tyranitar
|move|p2a: Thundurus|Thunder|p1a: Tyranitar
|-damage|p1a: Tyranitar|22/100
|
|-weather|Sandstorm|[upkeep]
|-damage|p2a: Thundurus|88/100|[from] Sandstorm
|upkeep
|turn|41
|
|t:|1728489459
|move|p2a: Thundurus|Thunder|p1a: Tyranitar|[miss]
|-miss|p2a: Thundurus|p1a: Tyranitar
|move|p1a: Tyranitar|Stone Edge|p2a: Thundurus|[miss]
|-miss|p1a: Tyranitar|p2a: Thundurus
|
|-weather|Sandstorm|[upkeep]
|-damage|p2a: Thundurus|82/100|[from] Sandstorm
|upkeep
|turn|42
|
|t:|1728489464
|move|p2a: Thundurus|Thunder|p1a: Tyranitar|[miss]
|-miss|p2a: Thundurus|p1a: Tyranitar
|move|p1a: Tyranitar|Stone Edge|p2a: Thundurus
|-supereffective|p2a: Thundurus
|-damage|p2a: Thundurus|0 fnt
|faint|p2a: Thundurus
|
|-weather|Sandstorm|[upkeep]
|upkeep
|
|t:|1728489468
|switch|p2a: Scizor|Scizor, F|100/100 par
|-damage|p2a: Scizor|88/100 par|[from] Stealth Rock
|turn|43
|
|t:|1728489475
|switch|p1a: Skarmory|Skarmory, M|68/100
|-damage|p1a: Skarmory|56/100|[from] Stealth Rock
|move|p2a: Scizor|U-turn|p1a: Skarmory
|-resisted|p1a: Skarmory
|-damage|p1a: Skarmory|52/100
|
|t:|1728489479
|switch|p2a: Reuniclus|Reuniclus, M|100/100|[from] U-turn
|
|-weather|Sandstorm|[upkeep]
|-heal|p1a: Skarmory|58/100|[from] item: Leftovers
|upkeep
|turn|44
|
|t:|1728489484
|move|p1a: Skarmory|Roost|p1a: Skarmory
|-heal|p1a: Skarmory|100/100
|-singleturn|p1a: Skarmory|move: Roost
|move|p2a: Reuniclus|Focus Blast|p1a: Skarmory|[miss]
|-miss|p2a: Reuniclus|p1a: Skarmory
|
|-weather|Sandstorm|[upkeep]
|upkeep
|turn|45
|
|t:|1728489492
|switch|p1a: Latios|Latios, M|65/100
|-damage|p1a: Latios|52/100|[from] Stealth Rock
|move|p2a: Reuniclus|Focus Blast|p1a: Latios|[miss]
|-miss|p2a: Reuniclus|p1a: Latios
|
|-weather|Sandstorm|[upkeep]
|-damage|p1a: Latios|46/100|[from] Sandstorm
|upkeep
|turn|46
|
|t:|1728489496
|move|p1a: Latios|Thunder Wave|p2a: Reuniclus
|-status|p2a: Reuniclus|par
|cant|p2a: Reuniclus|par
|
|-weather|Sandstorm|[upkeep]
|-damage|p1a: Latios|40/100|[from] Sandstorm
|upkeep
|turn|47
|
|t:|1728489504
|switch|p2a: Ferrothorn|Ferrothorn, M|84/100 par
|-damage|p2a: Ferrothorn|78/100 par|[from] Stealth Rock
|move|p1a: Latios|Draco Meteor|p2a: Ferrothorn
|-resisted|p2a: Ferrothorn
|-damage|p2a: Ferrothorn|54/100 par
|-unboost|p1a: Latios|spa|2
|
|-weather|Sandstorm|[upkeep]
|-damage|p1a: Latios|34/100|[from] Sandstorm
|-heal|p2a: Ferrothorn|60/100 par|[from] item: Leftovers
|upkeep
|turn|48
|
|t:|1728489512
|switch|p1a: Skarmory|Skarmory, M|100/100
|-damage|p1a: Skarmory|88/100|[from] Stealth Rock
|switch|p2a: Reuniclus|Reuniclus, M|100/100 par
|
|-weather|Sandstorm|[upkeep]
|-heal|p1a: Skarmory|94/100|[from] item: Leftovers
|upkeep
|turn|49
|
|t:|1728489515
|move|p1a: Skarmory|Spikes|p2a: Reuniclus
|-sidestart|p2: Im jesus christ|Spikes
|move|p2a: Reuniclus|Focus Blast|p1a: Skarmory
|-damage|p1a: Skarmory|20/100
|-unboost|p1a: Skarmory|spd|1
|
|-weather|Sandstorm|[upkeep]
|-heal|p1a: Skarmory|26/100|[from] item: Leftovers
|upkeep
|turn|50
|
|t:|1728489522
|move|p1a: Skarmory|Roost|p1a: Skarmory
|-heal|p1a: Skarmory|76/100
|-singleturn|p1a: Skarmory|move: Roost
|move|p2a: Reuniclus|Psychic|p1a: Skarmory
|-resisted|p1a: Skarmory
|-damage|p1a: Skarmory|12/100
|
|-weather|Sandstorm|[upkeep]
|-heal|p1a: Skarmory|18/100|[from] item: Leftovers
|upkeep
|turn|51
|
|t:|1728489529
|switch|p1a: Tyranitar|Tyranitar, F|22/100
|-damage|p1a: Tyranitar|9/100|[from] Stealth Rock
|move|p2a: Reuniclus|Focus Blast|p1a: Tyranitar
|-supereffective|p1a: Tyranitar
|-enditem|p1a: Tyranitar|Chople Berry|[eat]
|-enditem|p1a: Tyranitar|Chople Berry|[weaken]
|-damage|p1a: Tyranitar|0 fnt
|faint|p1a: Tyranitar
|
|-weather|Sandstorm|[upkeep]
|upkeep
|
|t:|1728489535
|switch|p1a: Reuniclus|Reuniclus, M, shiny|100/100
|turn|52
|
|t:|1728489540
|switch|p2a: Scizor|Scizor, F|88/100 par
|-damage|p2a: Scizor|75/100 par|[from] Stealth Rock
|-damage|p2a: Scizor|63/100 par|[from] Spikes
|move|p1a: Reuniclus|Focus Blast|p2a: Scizor
|-damage|p2a: Scizor|33/100 par
|
|-weather|Sandstorm|[upkeep]
|-heal|p2a: Scizor|39/100 par|[from] item: Leftovers
|upkeep
|turn|53
|
|t:|1728489549
|switch|p1a: Skarmory|Skarmory, M|18/100
|-damage|p1a: Skarmory|6/100|[from] Stealth Rock
|move|p2a: Scizor|Roost|p2a: Scizor
|-heal|p2a: Scizor|89/100 par
|-singleturn|p2a: Scizor|move: Roost
|
|-weather|Sandstorm|[upkeep]
|-heal|p1a: Skarmory|12/100|[from] item: Leftovers
|-heal|p2a: Scizor|95/100 par|[from] item: Leftovers
|upkeep
|turn|54
|
|t:|1728489554
|move|p1a: Skarmory|Roost|p1a: Skarmory
|-heal|p1a: Skarmory|62/100
|-singleturn|p1a: Skarmory|move: Roost
|move|p2a: Scizor|Swords Dance|p2a: Scizor
|-boost|p2a: Scizor|atk|2
|
|-weather|Sandstorm|[upkeep]
|-heal|p1a: Skarmory|68/100|[from] item: Leftovers
|-heal|p2a: Scizor|100/100 par|[from] item: Leftovers
|upkeep
|turn|55
|
|t:|1728489562
|move|p2a: Scizor|Bullet Punch|p1a: Skarmory
|-resisted|p1a: Skarmory
|-damage|p1a: Skarmory|52/100
|move|p1a: Skarmory|Whirlwind|p2a: Scizor
|drag|p2a: Politoed|Politoed, F|36/100
|-damage|p2a: Politoed|24/100|[from] Stealth Rock
|-damage|p2a: Politoed|11/100|[from] Spikes
|-weather|RainDance|[from] ability: Drizzle|[of] p2a: Politoed
|
|-weather|RainDance|[upkeep]
|-heal|p1a: Skarmory|58/100|[from] item: Leftovers
|upkeep
|turn|56
|
|t:|1728489577
|move|p2a: Politoed|Scald|p1a: Skarmory
|-damage|p1a: Skarmory|10/100
|move|p1a: Skarmory|Whirlwind|p2a: Politoed
|drag|p2a: Scizor|Scizor, F|100/100 par
|-damage|p2a: Scizor|88/100 par|[from] Stealth Rock
|-damage|p2a: Scizor|75/100 par|[from] Spikes
|
|-weather|RainDance|[upkeep]
|-heal|p1a: Skarmory|16/100|[from] item: Leftovers
|-heal|p2a: Scizor|82/100 par|[from] item: Leftovers
|upkeep
|turn|57
|
|t:|1728489582
|move|p1a: Skarmory|Roost|p1a: Skarmory
|-heal|p1a: Skarmory|66/100
|-singleturn|p1a: Skarmory|move: Roost
|move|p2a: Scizor|U-turn|p1a: Skarmory
|-resisted|p1a: Skarmory
|-damage|p1a: Skarmory|58/100
|
|t:|1728489588
|switch|p2a: Reuniclus|Reuniclus, M|100/100 par|[from] U-turn
|
|-weather|RainDance|[upkeep]
|-heal|p1a: Skarmory|64/100|[from] item: Leftovers
|upkeep
|turn|58
|
|t:|1728489593
|move|p1a: Skarmory|Roost|p1a: Skarmory
|-heal|p1a: Skarmory|100/100
|-singleturn|p1a: Skarmory|move: Roost
|move|p2a: Reuniclus|Focus Blast|p1a: Skarmory
|-supereffective|p1a: Skarmory
|-ability|p1a: Skarmory|Sturdy
|-damage|p1a: Skarmory|1/100
|
|-weather|RainDance|[upkeep]
|-heal|p1a: Skarmory|7/100|[from] item: Leftovers
|upkeep
|turn|59
|
|t:|1728489597
|move|p1a: Skarmory|Roost|p1a: Skarmory
|-heal|p1a: Skarmory|57/100
|-singleturn|p1a: Skarmory|move: Roost
|move|p2a: Reuniclus|Psychic|p1a: Skarmory
|-resisted|p1a: Skarmory
|-damage|p1a: Skarmory|16/100
|
|-weather|RainDance|[upkeep]
|-heal|p1a: Skarmory|22/100|[from] item: Leftovers
|upkeep
|turn|60
|
|t:|1728489603
|switch|p1a: Latios|Latios, M|34/100
|-damage|p1a: Latios|22/100|[from] Stealth Rock
|move|p2a: Reuniclus|Focus Blast|p1a: Latios
|-resisted|p1a: Latios
|-damage|p1a: Latios|0 fnt
|faint|p1a: Latios
|
|-weather|RainDance|[upkeep]
|upkeep
|
|t:|1728489610
|switch|p1a: Reuniclus|Reuniclus, M, shiny|100/100
|turn|61
|
|t:|1728489617
|switch|p2a: Politoed|Politoed, F|11/100
|-damage|p2a: Politoed|0 fnt|[from] Stealth Rock
|faint|p2a: Politoed
|move|p1a: Reuniclus|Calm Mind|p1a: Reuniclus
|-boost|p1a: Reuniclus|spa|1
|-boost|p1a: Reuniclus|spd|1
|
|-weather|RainDance|[upkeep]
|upkeep
|
|t:|1728489619
|switch|p2a: Scizor|Scizor, F|82/100 par
|-damage|p2a: Scizor|69/100 par|[from] Stealth Rock
|-damage|p2a: Scizor|57/100 par|[from] Spikes
|turn|62
|
|t:|1728489622
|move|p1a: Reuniclus|Focus Blast|p2a: Scizor
|-damage|p2a: Scizor|12/100 par
|-unboost|p2a: Scizor|spd|1
|move|p2a: Scizor|U-turn|p1a: Reuniclus
|-supereffective|p1a: Reuniclus
|-damage|p1a: Reuniclus|57/100
|c|☆Im jesus christ|Fuck RNG
|c|☆Im jesus christ|i mean dad dude
|-message|Im jesus christ forfeited.
|
|win|Croaset
|raw|Croaset's rating: 1393 &rarr; <strong>1411</strong><br />(+18 for winning)
|raw|Im jesus christ's rating: 1361 &rarr; <strong>1343</strong><br />(-18 for losing)
|l|☆Im jesus christ
|player|p2|
