|j|☆Hidden & Dangerous
|j|☆lolbw
|player|p1|Hidden & Dangerous|33
|player|p2|lolbw|2
|teamsize|p1|6
|teamsize|p2|6
|gametype|singles
|gen|5
|tier|[Gen 5] OU
|rated|
|rule|Sleep Clause Mod: Limit one foe put to sleep
|rule|Species Clause: Limit one of each Pokémon
|rule|OHKO Clause: OHKO moves are banned
|rule|Moody Clause: Moody is banned
|rule|Evasion Moves Clause: Evasion moves are banned
|rule|Endless Battle Clause: Forcing endless battles is banned
|rule|HP Percentage Mod: HP is shown in percentages
|rule|Evasion Abilities Clause: Evasion abilities are banned
|rule|Baton Pass Clause: Limit one Baton Passer, can't pass Spe and other stats simultaneously
|rule|Swagger Clause: Swagger is banned
|clearpoke
|poke|p1|Tyranitar, M|item
|poke|p1|Ferrothorn, M|item
|poke|p1|Magnezone|item
|poke|p1|Garchomp, F|item
|poke|p1|Latios, M|item
|poke|p1|Rotom-Wash|item
|poke|p2|Tyranitar, M|item
|poke|p2|Latios, M|item
|poke|p2|Latias, F|item
|poke|p2|Magnezone|item
|poke|p2|Landorus-Therian, M|item
|poke|p2|Amoonguss, M|item
|teampreview
|inactive|Battle timer is ON: inactive players will automatically lose when time's up. (requested by lolbw)
|
|start
|switch|p1a: Rotom|Rotom-Wash|100/100
|switch|p2a: Amoonguss|Amoonguss, M|100/100
|turn|1
|
|move|p1a: Rotom|Volt Switch|p2a: Amoonguss
|-resisted|p2a: Amoonguss
|-damage|p2a: Amoonguss|92/100
|
|switch|p1a: Magnezone|Magnezone|100/100
|move|p2a: Amoonguss|Spore|p1a: Magnezone
|-status|p1a: Magnezone|slp
|
|-heal|p2a: Amoonguss|98/100|[from] item: Black Sludge
|upkeep
|turn|2
|inactive|Hidden & Dangerous has 135 seconds left.
|
|switch|p1a: Rotom|Rotom-Wash|100/100
|switch|p2a: Tyranitar|Tyranitar, M|100/100
|-weather|Sandstorm|[from] ability: Sand Stream|[of] p2a: Tyranitar
|
|-weather|Sandstorm|[upkeep]
|-damage|p1a: Rotom|95/100|[from] Sandstorm
|-heal|p1a: Rotom|100/100|[from] item: Leftovers
|upkeep
|turn|3
|
|switch|p2a: Amoonguss|Amoonguss, M|100/100
|move|p1a: Rotom|Will-O-Wisp|p2a: Amoonguss|[miss]
|-miss|p1a: Rotom|p2a: Amoonguss
|
|-weather|Sandstorm|[upkeep]
|-damage|p1a: Rotom|95/100|[from] Sandstorm
|-damage|p2a: Amoonguss|94/100|[from] Sandstorm
|-heal|p1a: Rotom|100/100|[from] item: Leftovers
|-heal|p2a: Amoonguss|100/100|[from] item: Black Sludge
|upkeep
|turn|4
|
|move|p1a: Rotom|Will-O-Wisp|p2a: Amoonguss
|-status|p2a: Amoonguss|brn
|move|p2a: Amoonguss|Toxic|p1a: Rotom
|-status|p1a: Rotom|tox
|
|-weather|Sandstorm|[upkeep]
|-damage|p1a: Rotom|95/100 tox|[from] Sandstorm
|-damage|p2a: Amoonguss|94/100 brn|[from] Sandstorm
|-heal|p1a: Rotom|100/100 tox|[from] item: Leftovers
|-heal|p2a: Amoonguss|100/100 brn|[from] item: Black Sludge
|-damage|p1a: Rotom|95/100 tox|[from] psn
|-damage|p2a: Amoonguss|88/100 brn|[from] brn
|upkeep
|turn|5
|
|switch|p2a: Landorus|Landorus-Therian, M|100/100
|-ability|p2a: Landorus|Intimidate|boost
|-unboost|p1a: Rotom|atk|1
|move|p1a: Rotom|Volt Switch|p2a: Landorus
|-immune|p2a: Landorus|[msg]
|
|-weather|Sandstorm|[upkeep]
|-damage|p1a: Rotom|89/100 tox|[from] Sandstorm
|-heal|p1a: Rotom|95/100 tox|[from] item: Leftovers
|-damage|p1a: Rotom|83/100 tox|[from] psn
|upkeep
|turn|6
|
|move|p2a: Landorus|U-turn|p1a: Rotom
|-damage|p1a: Rotom|53/100 tox
|
|switch|p2a: Amoonguss|Amoonguss, M|100/100 brn
|move|p1a: Rotom|Volt Switch|p2a: Amoonguss
|-resisted|p2a: Amoonguss
|-damage|p2a: Amoonguss|92/100 brn
|inactive|Hidden & Dangerous has 135 seconds left.
|
|switch|p1a: Latios|Latios, M|100/100
|
|-weather|Sandstorm|[upkeep]
|-damage|p1a: Latios|95/100|[from] Sandstorm
|-damage|p2a: Amoonguss|86/100 brn|[from] Sandstorm
|-heal|p2a: Amoonguss|92/100 brn|[from] item: Black Sludge
|-damage|p2a: Amoonguss|80/100 brn|[from] brn
|upkeep
|turn|7
|
|switch|p2a: Tyranitar|Tyranitar, M|100/100
|move|p1a: Latios|Surf|p2a: Tyranitar
|-supereffective|p2a: Tyranitar
|-damage|p2a: Tyranitar|60/100
|
|-weather|Sandstorm|[upkeep]
|-damage|p1a: Latios|89/100|[from] Sandstorm
|upkeep
|turn|8
|inactive|lolbw has 135 seconds left.
|
|move|p1a: Latios|Surf|p2a: Tyranitar
|-supereffective|p2a: Tyranitar
|-damage|p2a: Tyranitar|19/100
|move|p2a: Tyranitar|Crunch|p1a: Latios
|-supereffective|p1a: Latios
|-damage|p1a: Latios|0 fnt
|faint|p1a: Latios
|
|-weather|Sandstorm|[upkeep]
|upkeep
|inactive|Hidden & Dangerous has 135 seconds left.
|
|switch|p1a: Garchomp|Garchomp, F|100/100
|turn|9
|
|switch|p2a: Landorus|Landorus-Therian, M|100/100
|-ability|p2a: Landorus|Intimidate|boost
|-unboost|p1a: Garchomp|atk|1
|move|p1a: Garchomp|Dual Chop|p2a: Landorus
|-crit|p2a: Landorus
|-damage|p2a: Landorus|47/100
|-damage|p2a: Landorus|31/100
|-hitcount|p2a: Landorus|2
|
|-weather|Sandstorm|[upkeep]
|upkeep
|turn|10
|
|switch|p1a: Rotom|Rotom-Wash|53/100 tox
|move|p2a: Landorus|Hidden Power|p1a: Rotom
|-resisted|p1a: Rotom
|-damage|p1a: Rotom|46/100 tox
|
|-weather|Sandstorm|[upkeep]
|-damage|p1a: Rotom|40/100 tox|[from] Sandstorm
|-heal|p1a: Rotom|46/100 tox|[from] item: Leftovers
|-damage|p1a: Rotom|40/100 tox|[from] psn
|upkeep
|turn|11
|
|move|p2a: Landorus|Hidden Power|p1a: Rotom
|-resisted|p1a: Rotom
|-damage|p1a: Rotom|32/100 tox
|move|p1a: Rotom|Volt Switch|p2a: Landorus
|-immune|p2a: Landorus|[msg]
|
|-weather|Sandstorm|[upkeep]
|-damage|p1a: Rotom|26/100 tox|[from] Sandstorm
|-heal|p1a: Rotom|32/100 tox|[from] item: Leftovers
|-damage|p1a: Rotom|20/100 tox|[from] psn
|upkeep
|turn|12
|
|switch|p2a: Amoonguss|Amoonguss, M|100/100 brn
|switch|p1a: Ferrothorn|Ferrothorn, M|100/100
|
|-weather|Sandstorm|[upkeep]
|-damage|p2a: Amoonguss|94/100 brn|[from] Sandstorm
|-heal|p2a: Amoonguss|100/100 brn|[from] item: Black Sludge
|-damage|p2a: Amoonguss|88/100 brn|[from] brn
|upkeep
|turn|13
|
|switch|p2a: Magnezone|Magnezone|100/100
|move|p1a: Ferrothorn|Stealth Rock|p2a: Magnezone
|-sidestart|p2: lolbw|move: Stealth Rock
|
|-weather|Sandstorm|[upkeep]
|upkeep
|turn|14
|
|move|p2a: Magnezone|Hidden Power|p1a: Ferrothorn
|-supereffective|p1a: Ferrothorn
|-damage|p1a: Ferrothorn|0 fnt
|faint|p1a: Ferrothorn
|
|-weather|Sandstorm|[upkeep]
|upkeep
|
|switch|p1a: Garchomp|Garchomp, F|100/100
|turn|15
|inactive|lolbw has 135 seconds left.
|
|switch|p2a: Tyranitar|Tyranitar, M|19/100
|-damage|p2a: Tyranitar|6/100|[from] Stealth Rock
|move|p1a: Garchomp|Substitute|p1a: Garchomp
|-start|p1a: Garchomp|Substitute
|-damage|p1a: Garchomp|76/100
|
|-weather|Sandstorm|[upkeep]
|upkeep
|turn|16
|
|move|p1a: Garchomp|Swords Dance|p1a: Garchomp
|-boost|p1a: Garchomp|atk|2
|move|p2a: Tyranitar|Stealth Rock|p1a: Garchomp
|-sidestart|p1: Hidden & Dangerous|move: Stealth Rock
|
|-weather|Sandstorm|[upkeep]
|upkeep
|turn|17
|
|move|p1a: Garchomp|Earthquake|p2a: Tyranitar
|-supereffective|p2a: Tyranitar
|-damage|p2a: Tyranitar|0 fnt
|faint|p2a: Tyranitar
|
|-weather|Sandstorm|[upkeep]
|upkeep
|
|switch|p2a: Landorus|Landorus-Therian, M|31/100
|-damage|p2a: Landorus|19/100|[from] Stealth Rock
|-ability|p2a: Landorus|Intimidate|boost
|-immune|p1a: Garchomp|[msg]
|turn|18
|
|move|p2a: Landorus|Hidden Power|p1a: Garchomp
|-supereffective|p1a: Garchomp
|-end|p1a: Garchomp|Substitute
|move|p1a: Garchomp|Substitute|p1a: Garchomp
|-start|p1a: Garchomp|Substitute
|-damage|p1a: Garchomp|51/100
|
|-weather|Sandstorm|[upkeep]
|upkeep
|turn|19
|
|move|p2a: Landorus|Hidden Power|p1a: Garchomp
|-supereffective|p1a: Garchomp
|-end|p1a: Garchomp|Substitute
|move|p1a: Garchomp|Substitute|p1a: Garchomp
|-start|p1a: Garchomp|Substitute
|-damage|p1a: Garchomp|26/100
|
|-weather|Sandstorm|[upkeep]
|upkeep
|turn|20
|
|move|p2a: Landorus|Hidden Power|p1a: Garchomp
|-supereffective|p1a: Garchomp
|-end|p1a: Garchomp|Substitute
|move|p1a: Garchomp|Substitute|p1a: Garchomp
|-start|p1a: Garchomp|Substitute
|-damage|p1a: Garchomp|1/100
|-enditem|p1a: Garchomp|Salac Berry|[eat]
|-boost|p1a: Garchomp|spe|1
|
|-weather|Sandstorm|[upkeep]
|upkeep
|turn|21
|
|move|p1a: Garchomp|Dual Chop|p2a: Landorus
|-damage|p2a: Landorus|0 fnt
|-hitcount|p2a: Landorus|1
|faint|p2a: Landorus
|
|-weather|Sandstorm|[upkeep]
|upkeep
|
|switch|p2a: Amoonguss|Amoonguss, M|100/100 brn
|-damage|p2a: Amoonguss|88/100 brn|[from] Stealth Rock
|turn|22
|
|move|p1a: Garchomp|Earthquake|p2a: Amoonguss
|-damage|p2a: Amoonguss|0 fnt
|faint|p2a: Amoonguss
|
|-weather|Sandstorm|[upkeep]
|upkeep
|l|☆lolbw
|inactive|lolbw disconnected and has a minute to reconnect!
|player|p2|
|j| Sam4
|l| Sam4
|inactive|lolbw has 20 seconds to reconnect!
|inactive|lolbw has 15 seconds to reconnect!
|inactive|lolbw has 10 seconds to reconnect!
|inactive|lolbw has 5 seconds to reconnect!
|-message|lolbw lost due to inactivity.
|
|win|Hidden & Dangerous
|raw|Hidden &amp; Dangerous's rating: 1299 &rarr; <strong>1327</strong><br />(+28 for winning)
|raw|lolbw's rating: 1339 &rarr; <strong>1317</strong><br />(-22 for losing)
