|j|Mohican
|j|Wilston Lynx
|player|p1|Mohican|43
|teamsize|p1|6
|player|p2|Wilston Lynx|#yellow
|teamsize|p2|6
|gametype|singles
|gen|5
|tier|[Gen 5] OU
|rated
|seed|15546,22973,21087,11516
|rule|Sleep Clause Mod: Limit one foe put to sleep
|rule|Species Clause: Limit one of each Pokémon
|rule|OHKO Clause: OHKO moves are banned
|rule|Moody Clause: Moody is banned
|rule|Evasion Moves Clause: Evasion moves are banned
|rule|Endless Battle Clause: Forcing endless battles is banned
|rule|HP Percentage Mod: HP is shown in percentages
|rule|Evasion Abilities Clause: Evasion abilities are banned
|rule|Baton Pass Clause: Limit one Baton Passer, can't pass Spe and other stats simultaneously
|rule|Swagger Clause: Swagger is banned
|clearpoke
|poke|p1|Politoed, F|item
|poke|p1|Gliscor, M|item
|poke|p1|Tentacruel, F|item
|poke|p1|Blissey, F|item
|poke|p1|Ferrothorn, F|item
|poke|p1|Jirachi|item
|poke|p2|Skarmory, M, shiny|item
|poke|p2|Scizor, M, shiny|item
|poke|p2|Gengar, M|item
|poke|p2|Dragonite, M, shiny|item
|poke|p2|Keldeo|item
|poke|p2|Garchomp, M, shiny|item
|teampreview
|inactive|Battle timer is ON: inactive players will automatically lose when time's up. (requested by Wilston Lynx)
|choice|team 1, team 2, team 3, team 4, team 5, team 6|team 1, team 2, team 3, team 4, team 5, team 6
|
|start
|switch|p1a: Politoed|Politoed, F|384/384
|switch|p2a: Dee Dee|Skarmory, M, shiny|271/271
|-weather|RainDance|[from] ability: Drizzle|[of] p1a: Politoed
|turn|1
|choice|switch 6|move stealthrock
|
|switch|p1a: Jirachi|Jirachi|404/404
|move|p2a: Dee Dee|Stealth Rock|p1a: Jirachi
|-sidestart|p1: Mohican|move: Stealth Rock
|
|-weather|RainDance|[upkeep]
|upkeep
|turn|2
|choice|move substitute|switch 6
|
|switch|p2a: Bob|Garchomp, M, shiny|357/357
|move|p1a: Jirachi|Substitute|p1a: Jirachi
|-start|p1a: Jirachi|Substitute
|-damage|p1a: Jirachi|303/404
|
|-weather|RainDance|[upkeep]
|-heal|p1a: Jirachi|328/404|[from] item: Leftovers
|upkeep
|turn|3
|choice|move waterpulse|move earthquake
|
|move|p2a: Bob|Earthquake|p1a: Jirachi
|-supereffective|p1a: Jirachi
|-end|p1a: Jirachi|Substitute
|move|p1a: Jirachi|Water Pulse|p2a: Bob
|-damage|p2a: Bob|270/357
|
|-weather|RainDance|[upkeep]
|-heal|p1a: Jirachi|353/404|[from] item: Leftovers
|upkeep
|turn|4
|j|Pokemon Version
|choice|switch 2|switch 6
|
|switch|p2a: Dee Dee|Skarmory, M, shiny|271/271
|switch|p1a: Gliscor|Gliscor, M|354/354
|-damage|p1a: Gliscor|310/354|[from] Stealth Rock
|
|-weather|RainDance|[upkeep]
|-status|p1a: Gliscor|tox|[from] item: Toxic Orb
|upkeep
|turn|5
|choice|switch 3|move spikes
|
|switch|p1a: Tentacruel|Tentacruel, F|364/364
|-damage|p1a: Tentacruel|319/364|[from] Stealth Rock
|move|p2a: Dee Dee|Spikes|p1a: Tentacruel
|-sidestart|p1: Mohican|Spikes
|
|-weather|RainDance|[upkeep]
|-heal|p1a: Tentacruel|341/364|[from] ability: Rain Dish
|-heal|p1a: Tentacruel|363/364|[from] item: Black Sludge
|upkeep
|turn|6
|choice|move toxicspikes|move bravebird
|
|move|p2a: Dee Dee|Brave Bird|p1a: Tentacruel
|-damage|p1a: Tentacruel|218/364
|-damage|p2a: Dee Dee|223/271|[from] Recoil|[of] p1a: Tentacruel
|move|p1a: Tentacruel|Toxic Spikes|p2a: Dee Dee
|-sidestart|p2: Wilston Lynx|move: Toxic Spikes
|
|-weather|RainDance|[upkeep]
|-heal|p1a: Tentacruel|240/364|[from] ability: Rain Dish
|-heal|p1a: Tentacruel|262/364|[from] item: Black Sludge
|upkeep
|turn|7
|choice|move toxicspikes|switch 3
|
|switch|p2a: Joey|Gengar, M|261/261
|move|p1a: Tentacruel|Toxic Spikes|p2a: Joey
|-sidestart|p2: Wilston Lynx|move: Toxic Spikes
|
|-weather|RainDance|[upkeep]
|-heal|p1a: Tentacruel|284/364|[from] ability: Rain Dish
|-heal|p1a: Tentacruel|306/364|[from] item: Black Sludge
|upkeep
|turn|8
|choice|move scald|move thunder
|
|move|p2a: Joey|Thunder|p1a: Tentacruel
|-supereffective|p1a: Tentacruel
|-damage|p1a: Tentacruel|0 fnt
|faint|p1a: Tentacruel
|
|-weather|RainDance|[upkeep]
|upkeep
|choice|switch 4|
|
|switch|p1a: Blissey|Blissey, F|714/714
|-damage|p1a: Blissey|625/714|[from] Spikes
|-damage|p1a: Blissey|536/714|[from] Stealth Rock
|turn|9
|choice|move stealthrock|switch 3
|
|switch|p2a: Dee Dee|Skarmory, M, shiny|223/271
|move|p1a: Blissey|Stealth Rock|p2a: Dee Dee
|-sidestart|p2: Wilston Lynx|move: Stealth Rock
|
|-weather|RainDance|[upkeep]
|-heal|p1a: Blissey|580/714|[from] item: Leftovers
|upkeep
|turn|10
|choice|switch 2|move spikes
|
|switch|p1a: Jirachi|Jirachi|353/404
|-damage|p1a: Jirachi|328/404|[from] Stealth Rock
|-damage|p1a: Jirachi|278/404|[from] Spikes
|move|p2a: Dee Dee|Spikes|p1a: Jirachi
|-sidestart|p1: Mohican|Spikes
|
|-weather|RainDance|[upkeep]
|-heal|p1a: Jirachi|303/404|[from] item: Leftovers
|upkeep
|turn|11
|choice|move waterpulse|switch 6
|
|switch|p2a: Bob|Garchomp, M, shiny|270/357
|-status|p2a: Bob|tox
|-damage|p2a: Bob|248/357 tox|[from] Stealth Rock
|move|p1a: Jirachi|Water Pulse|p2a: Bob
|-damage|p2a: Bob|161/357 tox
|-start|p2a: Bob|confusion
|
|-weather|RainDance|[upkeep]
|-heal|p1a: Jirachi|328/404|[from] item: Leftovers
|-damage|p2a: Bob|139/357 tox|[from] psn
|upkeep
|turn|12
|choice|switch 3|move earthquake
|
|switch|p1a: Gliscor|Gliscor, M|310/354 tox
|-damage|p1a: Gliscor|266/354 tox|[from] Stealth Rock
|-activate|p2a: Bob|confusion
|move|p2a: Bob|Earthquake|p1a: Gliscor
|-immune|p1a: Gliscor|[msg]
|
|-weather|RainDance|[upkeep]
|-damage|p2a: Bob|95/357 tox|[from] psn
|-heal|p1a: Gliscor|310/354 tox|[from] ability: Poison Heal
|upkeep
|turn|13
|choice|move substitute|switch 5
|
|switch|p2a: Oggy|Keldeo|323/323
|-status|p2a: Oggy|tox
|-damage|p2a: Oggy|303/323 tox|[from] Stealth Rock
|move|p1a: Gliscor|Substitute|p1a: Gliscor
|-start|p1a: Gliscor|Substitute
|-damage|p1a: Gliscor|222/354 tox
|
|-weather|RainDance|[upkeep]
|-damage|p2a: Oggy|283/323 tox|[from] psn
|-heal|p1a: Gliscor|266/354 tox|[from] ability: Poison Heal
|upkeep
|turn|14
|choice|move protect|switch 3
|
|switch|p2a: Joey|Gengar, M|261/261
|-damage|p2a: Joey|229/261|[from] Stealth Rock
|move|p1a: Gliscor|Protect|p1a: Gliscor
|-fail|p1a: Gliscor
|
|-weather|RainDance|[upkeep]
|-heal|p1a: Gliscor|310/354 tox|[from] ability: Poison Heal
|upkeep
|turn|15
|choice|move icefang|move shadowball
|
|move|p2a: Joey|Shadow Ball|p1a: Gliscor
|-end|p1a: Gliscor|Substitute
|move|p1a: Gliscor|Ice Fang|p2a: Joey
|-damage|p2a: Joey|160/261
|
|-weather|RainDance|[upkeep]
|-heal|p1a: Gliscor|354/354 tox|[from] ability: Poison Heal
|upkeep
|turn|16
|choice|switch 2|move focusblast
|
|switch|p1a: Blissey|Blissey, F|580/714
|-damage|p1a: Blissey|491/714|[from] Stealth Rock
|-damage|p1a: Blissey|372/714|[from] Spikes
|move|p2a: Joey|Focus Blast|p1a: Blissey|[miss]
|-miss|p2a: Joey|p1a: Blissey
|
|-weather|RainDance|[upkeep]
|-heal|p1a: Blissey|416/714|[from] item: Leftovers
|upkeep
|turn|17
|choice|move softboiled|switch 3
|
|switch|p2a: Oggy|Keldeo|283/323 tox
|-damage|p2a: Oggy|263/323 tox|[from] Stealth Rock
|move|p1a: Blissey|Soft-Boiled|p1a: Blissey
|-heal|p1a: Blissey|714/714
|
|-weather|RainDance|[upkeep]
|-damage|p2a: Oggy|243/323 tox|[from] psn
|upkeep
|turn|18
|choice|switch 6|move secretsword
|
|switch|p1a: Politoed|Politoed, F|384/384
|-damage|p1a: Politoed|336/384|[from] Stealth Rock
|-damage|p1a: Politoed|272/384|[from] Spikes
|move|p2a: Oggy|Secret Sword|p1a: Politoed
|-damage|p1a: Politoed|84/384
|-damage|p2a: Oggy|211/323 tox|[from] item: Life Orb
|
|-weather|RainDance|[upkeep]
|-heal|p1a: Politoed|108/384|[from] item: Leftovers
|-damage|p2a: Oggy|171/323 tox|[from] psn
|upkeep
|turn|19
|choice|move protect|switch 6
|
|switch|p2a: Dee Dee|Skarmory, M, shiny|223/271
|-damage|p2a: Dee Dee|190/271|[from] Stealth Rock
|move|p1a: Politoed|Protect|p1a: Politoed
|-fail|p1a: Politoed
|
|-weather|RainDance|[upkeep]
|-heal|p1a: Politoed|132/384|[from] item: Leftovers
|upkeep
|turn|20
|choice|switch 3|move taunt
|
|switch|p1a: Jirachi|Jirachi|328/404
|-damage|p1a: Jirachi|303/404|[from] Stealth Rock
|-damage|p1a: Jirachi|236/404|[from] Spikes
|move|p2a: Dee Dee|Taunt|p1a: Jirachi
|-start|p1a: Jirachi|move: Taunt
|
|-weather|RainDance|[upkeep]
|-heal|p1a: Jirachi|261/404|[from] item: Leftovers
|upkeep
|turn|21
|l|Pokemon Version
|choice|move waterpulse|move spikes
|
|move|p1a: Jirachi|Water Pulse|p2a: Dee Dee
|-damage|p2a: Dee Dee|101/271
|move|p2a: Dee Dee|Spikes|p1a: Jirachi
|-sidestart|p1: Mohican|Spikes
|
|-weather|RainDance|[upkeep]
|-heal|p1a: Jirachi|286/404|[from] item: Leftovers
|upkeep
|turn|22
|choice|move waterpulse|move bravebird
|
|move|p1a: Jirachi|Water Pulse|p2a: Dee Dee
|-damage|p2a: Dee Dee|0 fnt
|faint|p2a: Dee Dee
|
|-weather|RainDance|[upkeep]
|-heal|p1a: Jirachi|311/404|[from] item: Leftovers
|-end|p1a: Jirachi|move: Taunt
|upkeep
|choice||switch 5
|
|switch|p2a: Bob|Garchomp, M, shiny|95/357 tox
|-damage|p2a: Bob|73/357 tox|[from] Stealth Rock
|turn|23
|choice|switch 2|move earthquake
|
|switch|p1a: Gliscor|Gliscor, M|354/354 tox
|-damage|p1a: Gliscor|310/354 tox|[from] Stealth Rock
|move|p2a: Bob|Earthquake|p1a: Gliscor
|-immune|p1a: Gliscor|[msg]
|
|-weather|RainDance|[upkeep]
|-damage|p2a: Bob|51/357 tox|[from] psn
|-heal|p1a: Gliscor|354/354 tox|[from] ability: Poison Heal
|upkeep
|turn|24
|choice|move substitute|move earthquake
|
|move|p2a: Bob|Earthquake|p1a: Gliscor
|-immune|p1a: Gliscor|[msg]
|move|p1a: Gliscor|Substitute|p1a: Gliscor
|-start|p1a: Gliscor|Substitute
|-damage|p1a: Gliscor|266/354 tox
|
|-weather|RainDance|[upkeep]
|-damage|p2a: Bob|7/357 tox|[from] psn
|-heal|p1a: Gliscor|310/354 tox|[from] ability: Poison Heal
|upkeep
|turn|25
|choice|move protect|move earthquake
|
|move|p1a: Gliscor|Protect|p1a: Gliscor
|-singleturn|p1a: Gliscor|Protect
|move|p2a: Bob|Earthquake|p1a: Gliscor
|-immune|p1a: Gliscor|[msg]
|
|-weather|RainDance|[upkeep]
|-damage|p2a: Bob|0 fnt|[from] psn
|-heal|p1a: Gliscor|354/354 tox|[from] ability: Poison Heal
|upkeep
|faint|p2a: Bob
|choice||switch 3
|
|switch|p2a: Joey|Gengar, M|160/261
|-damage|p2a: Joey|128/261|[from] Stealth Rock
|turn|26
|choice|move icefang|move shadowball
|
|move|p2a: Joey|Shadow Ball|p1a: Gliscor
|-end|p1a: Gliscor|Substitute
|move|p1a: Gliscor|Ice Fang|p2a: Joey
|-damage|p2a: Joey|56/261
|
|-weather|RainDance|[upkeep]
|upkeep
|turn|27
|choice|switch 6|move icywind
|
|switch|p1a: Blissey|Blissey, F|714/714
|-damage|p1a: Blissey|625/714|[from] Stealth Rock
|-damage|p1a: Blissey|447/714|[from] Spikes
|move|p2a: Joey|Icy Wind|p1a: Blissey|[miss]
|-miss|p2a: Joey|p1a: Blissey
|
|-weather|RainDance|[upkeep]
|-heal|p1a: Blissey|491/714|[from] item: Leftovers
|upkeep
|turn|28
|choice|move softboiled|move focusblast
|
|move|p2a: Joey|Focus Blast|p1a: Blissey|[miss]
|-miss|p2a: Joey|p1a: Blissey
|move|p1a: Blissey|Soft-Boiled|p1a: Blissey
|-heal|p1a: Blissey|714/714
|
|-weather|RainDance|[upkeep]
|upkeep
|turn|29
|choice|move seismictoss|switch 4
|
|switch|p2a: Jack|Dragonite, M, shiny|323/323
|-damage|p2a: Jack|243/323|[from] Stealth Rock
|move|p1a: Blissey|Seismic Toss|p2a: Jack
|-damage|p2a: Jack|143/323
|
|-weather|RainDance|[upkeep]
|upkeep
|turn|30
|choice|move seismictoss|move outrage
|
|move|p2a: Jack|Outrage|p1a: Blissey
|-damage|p1a: Blissey|32/714
|move|p1a: Blissey|Seismic Toss|p2a: Jack
|-damage|p2a: Jack|43/323
|
|-weather|RainDance|[upkeep]
|-heal|p1a: Blissey|76/714|[from] item: Leftovers
|upkeep
|turn|31
|choice|move seismictoss|move outrage
|
|move|p2a: Jack|Outrage|p1a: Blissey|[from]lockedmove
|-damage|p1a: Blissey|0 fnt
|-start|p2a: Jack|confusion|[fatigue]
|faint|p1a: Blissey
|
|-weather|RainDance|[upkeep]
|upkeep
|choice|switch 2|
|
|switch|p1a: Jirachi|Jirachi|311/404
|-damage|p1a: Jirachi|210/404|[from] Spikes
|-damage|p1a: Jirachi|185/404|[from] Stealth Rock
|turn|32
|choice|move substitute|switch 2
|
|switch|p2a: Marky|Scizor, M, shiny|340/340
|-damage|p2a: Marky|298/340|[from] Stealth Rock
|move|p1a: Jirachi|Substitute|p1a: Jirachi
|-start|p1a: Jirachi|Substitute
|-damage|p1a: Jirachi|84/404
|
|-weather|RainDance|[upkeep]
|-heal|p1a: Jirachi|109/404|[from] item: Leftovers
|upkeep
|turn|33
|choice|move thunder|move uturn
|
|move|p1a: Jirachi|Thunder|p2a: Marky
|-damage|p2a: Marky|190/340
|move|p2a: Marky|U-turn|p1a: Jirachi
|-end|p1a: Jirachi|Substitute
|choice||switch 6
|
|switch|p2a: Oggy|Keldeo|171/323 tox
|-damage|p2a: Oggy|151/323 tox|[from] Stealth Rock
|
|-weather|RainDance|[upkeep]
|-heal|p1a: Jirachi|134/404|[from] item: Leftovers
|-damage|p2a: Oggy|131/323 tox|[from] psn
|upkeep
|turn|34
|choice|move thunder|move secretsword
|
|move|p2a: Oggy|Secret Sword|p1a: Jirachi
|-damage|p1a: Jirachi|0 fnt
|-damage|p2a: Oggy|99/323 tox|[from] item: Life Orb
|faint|p1a: Jirachi
|
|-weather|RainDance|[upkeep]
|-damage|p2a: Oggy|59/323 tox|[from] psn
|upkeep
|choice|switch 6|
|
|switch|p1a: Gliscor|Gliscor, M|354/354 tox
|-damage|p1a: Gliscor|310/354 tox|[from] Stealth Rock
|turn|35
|choice|move protect|switch 2
|
|switch|p2a: Jack|Dragonite, M, shiny|43/323
|-damage|p2a: Jack|0 fnt|[from] Stealth Rock
|faint|p2a: Jack
|move|p1a: Gliscor|Protect|p1a: Gliscor
|-fail|p1a: Gliscor
|
|-weather|RainDance|[upkeep]
|-heal|p1a: Gliscor|354/354 tox|[from] ability: Poison Heal
|upkeep
|choice||switch 4
|
|switch|p2a: Joey|Gengar, M|56/261
|-damage|p2a: Joey|24/261|[from] Stealth Rock
|turn|36
|choice|move icefang|move icywind
|
|move|p2a: Joey|Icy Wind|p1a: Gliscor
|-supereffective|p1a: Gliscor
|-damage|p1a: Gliscor|0 fnt
|faint|p1a: Gliscor
|
|-weather|RainDance|[upkeep]
|upkeep
|choice|switch 5|
|
|switch|p1a: Ferrothorn|Ferrothorn, F|351/351
|-damage|p1a: Ferrothorn|330/351|[from] Stealth Rock
|-damage|p1a: Ferrothorn|243/351|[from] Spikes
|turn|37
|c|☆Mohican|gg
|c|☆Wilston Lynx|gg!
|choice|move gyroball|move focusblast
|
|move|p2a: Joey|Focus Blast|p1a: Ferrothorn
|-supereffective|p1a: Ferrothorn
|-damage|p1a: Ferrothorn|34/351
|move|p1a: Ferrothorn|Gyro Ball|p2a: Joey
|-damage|p2a: Joey|0 fnt
|faint|p2a: Joey
|
|-weather|RainDance|[upkeep]
|-heal|p1a: Ferrothorn|55/351|[from] item: Leftovers
|upkeep
|choice||switch 2
|
|switch|p2a: Oggy|Keldeo|59/323 tox
|-damage|p2a: Oggy|39/323 tox|[from] Stealth Rock
|turn|38
|choice|move spikes|move secretsword
|
|move|p2a: Oggy|Secret Sword|p1a: Ferrothorn
|-supereffective|p1a: Ferrothorn
|-damage|p1a: Ferrothorn|0 fnt
|-damage|p2a: Oggy|7/323 tox|[from] item: Life Orb
|faint|p1a: Ferrothorn
|
|-weather|RainDance|[upkeep]
|-damage|p2a: Oggy|0 fnt|[from] psn
|upkeep
|faint|p2a: Oggy
|choice|switch 3|switch 6
|
|switch|p2a: Marky|Scizor, M, shiny|190/340
|switch|p1a: Politoed|Politoed, F|132/384
|-damage|p2a: Marky|148/340|[from] Stealth Rock
|-damage|p1a: Politoed|36/384|[from] Spikes
|-damage|p1a: Politoed|0 fnt|[from] Stealth Rock
|faint|p1a: Politoed
|
|win|Wilston Lynx
|raw|Mohican's rating: 1458 &rarr; <strong>1436</strong><br />(-22 for losing)
|raw|Wilston Lynx's rating: 1424 &rarr; <strong>1446</strong><br />(+22 for winning)
|l|Mohican