|j|☆koumite
|j|☆old gens mish
|t:|1595992477
|player|p1|koumite|will-gen2|1428
|player|p2|old gens mish|lana|1245
|teamsize|p1|6
|teamsize|p2|6
|gametype|singles
|gen|5
|tier|[Gen 5] OU
|rated|
|clearpoke
|poke|p1|Politoed, M|item
|poke|p1|Tentacruel, F|item
|poke|p1|Ferrothorn, M|item
|poke|p1|Keldeo-Resolute|item
|poke|p1|Thundurus-Therian, M|item
|poke|p1|Latios, M|item
|poke|p2|Keldeo-Resolute|item
|poke|p2|Tentacruel, F|item
|poke|p2|Politoed, F|item
|poke|p2|Ferrothorn, F|item
|poke|p2|Latios, M|item
|poke|p2|Thundurus-Therian, M|item
|rule|Species Clause: Limit one of each Pokémon
|rule|OHKO Clause: OHKO moves are banned
|rule|Moody Clause: Moody is banned
|rule|Evasion Moves Clause: Evasion moves are banned
|rule|Endless Battle Clause: Forcing endless battles is banned
|rule|HP Percentage Mod: HP is shown in percentages
|rule|Evasion Abilities Clause: Evasion abilities are banned
|rule|Baton Pass Clause: Limit one Baton Passer, can't pass Spe and other stats simultaneously
|rule|Sleep Clause: Sleep-inducing moves are banned
|rule|Swagger Clause: Swagger is banned
|teampreview
|c|☆old gens mish|nice team
|c|☆koumite|lol same to you
|
|t:|1595992529
|start
|switch|p1a: Keldeo|Keldeo-Resolute|100/100
|switch|p2a: Thundurus|Thundurus-Therian, M|100/100
|turn|1
|
|t:|1595992568
|switch|p2a: Tentacruel|Tentacruel, F|100/100
|move|p1a: Keldeo|Hydro Pump|p2a: Tentacruel
|-resisted|p2a: Tentacruel
|-damage|p2a: Tentacruel|62/100
|
|-heal|p2a: Tentacruel|68/100|[from] item: Black Sludge
|upkeep
|turn|2
|
|t:|1595992591
|switch|p1a: Politoed|Politoed, M|100/100
|-weather|RainDance|[from] ability: Drizzle|[of] p1a: Politoed
|move|p2a: Tentacruel|Scald|p1a: Politoed
|-resisted|p1a: Politoed
|-damage|p1a: Politoed|85/100
|
|-weather|RainDance|[upkeep]
|-heal|p2a: Tentacruel|74/100|[from] ability: Rain Dish
|-heal|p2a: Tentacruel|80/100|[from] item: Black Sludge
|-heal|p1a: Politoed|91/100|[from] item: Leftovers
|upkeep
|turn|3
|
|t:|1595992602
|move|p2a: Tentacruel|Toxic Spikes|p1a: Politoed
|-sidestart|p1: koumite|move: Toxic Spikes
|move|p1a: Politoed|Scald|p2a: Tentacruel
|-resisted|p2a: Tentacruel
|-damage|p2a: Tentacruel|63/100
|
|-weather|RainDance|[upkeep]
|-heal|p2a: Tentacruel|69/100|[from] ability: Rain Dish
|-heal|p2a: Tentacruel|75/100|[from] item: Black Sludge
|-heal|p1a: Politoed|97/100|[from] item: Leftovers
|upkeep
|turn|4
|
|t:|1595992611
|switch|p2a: Thundurus|Thundurus-Therian, M|100/100
|move|p1a: Politoed|Scald|p2a: Thundurus
|-damage|p2a: Thundurus|52/100
|-status|p2a: Thundurus|brn
|
|-weather|RainDance|[upkeep]
|-heal|p2a: Thundurus|58/100 brn|[from] item: Leftovers
|-heal|p1a: Politoed|100/100|[from] item: Leftovers
|-damage|p2a: Thundurus|46/100 brn|[from] brn
|upkeep
|turn|5
|
|t:|1595992626
|switch|p1a: Ferrothorn|Ferrothorn, M|100/100
|move|p2a: Thundurus|Thunder|p1a: Ferrothorn
|-resisted|p1a: Ferrothorn
|-damage|p1a: Ferrothorn|77/100
|
|-weather|RainDance|[upkeep]
|-heal|p2a: Thundurus|52/100 brn|[from] item: Leftovers
|-heal|p1a: Ferrothorn|84/100|[from] item: Leftovers
|-damage|p2a: Thundurus|40/100 brn|[from] brn
|upkeep
|turn|6
|
|t:|1595992639
|switch|p2a: Keldeo|Keldeo-Resolute|100/100
|switch|p1a: Tentacruel|Tentacruel, F|100/100
|-sideend|p1: koumite|move: Toxic Spikes|[of] p1a: Tentacruel
|
|-weather|RainDance|[upkeep]
|upkeep
|turn|7
|
|t:|1595992649
|move|p2a: Keldeo|Hydro Pump|p1a: Tentacruel
|-resisted|p1a: Tentacruel
|-damage|p1a: Tentacruel|46/100
|move|p1a: Tentacruel|Toxic|p2a: Keldeo
|-status|p2a: Keldeo|tox
|
|-weather|RainDance|[upkeep]
|-heal|p1a: Tentacruel|52/100|[from] ability: Rain Dish
|-heal|p1a: Tentacruel|59/100|[from] item: Black Sludge
|-damage|p2a: Keldeo|94/100 tox|[from] psn
|upkeep
|turn|8
|
|t:|1595992665
|switch|p2a: Ferrothorn|Ferrothorn, F|100/100
|move|p1a: Tentacruel|Protect||[still]
|-fail|p1a: Tentacruel
|
|-weather|RainDance|[upkeep]
|-heal|p1a: Tentacruel|65/100|[from] ability: Rain Dish
|-heal|p1a: Tentacruel|71/100|[from] item: Black Sludge
|upkeep
|turn|9
|
|t:|1595992688
|switch|p1a: Ferrothorn|Ferrothorn, M|84/100
|move|p2a: Ferrothorn|Stealth Rock|p1a: Ferrothorn
|-sidestart|p1: koumite|move: Stealth Rock
|
|-weather|RainDance|[upkeep]
|-heal|p1a: Ferrothorn|90/100|[from] item: Leftovers
|upkeep
|turn|10
|
|t:|1595992703
|move|p1a: Ferrothorn|Power Whip|p2a: Ferrothorn
|-resisted|p2a: Ferrothorn
|-damage|p2a: Ferrothorn|93/100
|-damage|p1a: Ferrothorn|77/100|[from] ability: Iron Barbs|[of] p2a: Ferrothorn
|move|p2a: Ferrothorn|Spikes|p1a: Ferrothorn
|-sidestart|p1: koumite|Spikes
|
|-weather|RainDance|[upkeep]
|-heal|p2a: Ferrothorn|99/100|[from] item: Leftovers
|-heal|p1a: Ferrothorn|84/100|[from] item: Leftovers
|upkeep
|turn|11
|
|t:|1595992707
|move|p1a: Ferrothorn|Stealth Rock|p2a: Ferrothorn
|-sidestart|p2: old gens mish|move: Stealth Rock
|move|p2a: Ferrothorn|Spikes|p1a: Ferrothorn
|-sidestart|p1: koumite|Spikes
|
|-weather|RainDance|[upkeep]
|-heal|p2a: Ferrothorn|100/100|[from] item: Leftovers
|-heal|p1a: Ferrothorn|90/100|[from] item: Leftovers
|upkeep
|turn|12
|
|t:|1595992740
|switch|p1a: Thundurus|Thundurus-Therian, M|100/100
|-damage|p1a: Thundurus|76/100|[from] Stealth Rock
|move|p2a: Ferrothorn|Spikes|p1a: Thundurus
|-sidestart|p1: koumite|Spikes
|
|-weather|RainDance|[upkeep]
|-heal|p1a: Thundurus|82/100|[from] item: Leftovers
|upkeep
|turn|13
|
|t:|1595992751
|move|p1a: Thundurus|Substitute|p1a: Thundurus
|-start|p1a: Thundurus|Substitute
|-damage|p1a: Thundurus|57/100
|move|p2a: Ferrothorn|Gyro Ball|p1a: Thundurus
|-resisted|p1a: Thundurus
|-end|p1a: Thundurus|Substitute
|
|-weather|RainDance|[upkeep]
|-heal|p1a: Thundurus|63/100|[from] item: Leftovers
|upkeep
|turn|14
|
|t:|1595992778
|move|p1a: Thundurus|Focus Blast|p2a: Ferrothorn
|-supereffective|p2a: Ferrothorn
|-damage|p2a: Ferrothorn|42/100
|move|p2a: Ferrothorn|Gyro Ball|p1a: Thundurus
|-resisted|p1a: Thundurus
|-damage|p1a: Thundurus|30/100
|
|-weather|RainDance|[upkeep]
|-heal|p1a: Thundurus|36/100|[from] item: Leftovers
|-heal|p2a: Ferrothorn|48/100|[from] item: Leftovers
|upkeep
|turn|15
|
|t:|1595992788
|switch|p1a: Politoed|Politoed, M|100/100
|-damage|p1a: Politoed|76/100|[from] Spikes
|-damage|p1a: Politoed|63/100|[from] Stealth Rock
|switch|p2a: Thundurus|Thundurus-Therian, M|40/100 brn
|-damage|p2a: Thundurus|15/100 brn|[from] Stealth Rock
|
|-weather|RainDance|[upkeep]
|-heal|p2a: Thundurus|21/100 brn|[from] item: Leftovers
|-heal|p1a: Politoed|69/100|[from] item: Leftovers
|-damage|p2a: Thundurus|9/100 brn|[from] brn
|upkeep
|turn|16
|
|t:|1595992796
|move|p1a: Politoed|Protect|p1a: Politoed
|-singleturn|p1a: Politoed|Protect
|move|p2a: Thundurus|Hidden Power|p1a: Politoed
|-activate|p1a: Politoed|move: Protect
|
|-weather|RainDance|[upkeep]
|-heal|p2a: Thundurus|15/100 brn|[from] item: Leftovers
|-heal|p1a: Politoed|75/100|[from] item: Leftovers
|-damage|p2a: Thundurus|2/100 brn|[from] brn
|upkeep
|turn|17
|
|t:|1595992812
|move|p1a: Politoed|Protect|p1a: Politoed
|-singleturn|p1a: Politoed|Protect
|move|p2a: Thundurus|Hidden Power|p1a: Politoed
|-activate|p1a: Politoed|move: Protect
|
|-weather|RainDance|[upkeep]
|-heal|p2a: Thundurus|8/100 brn|[from] item: Leftovers
|-heal|p1a: Politoed|81/100|[from] item: Leftovers
|-damage|p2a: Thundurus|0 fnt|[from] brn
|faint|p2a: Thundurus
|upkeep
|
|t:|1595992817
|switch|p2a: Tentacruel|Tentacruel, F|75/100
|-damage|p2a: Tentacruel|63/100|[from] Stealth Rock
|turn|18
|
|t:|1595992843
|move|p2a: Tentacruel|Rapid Spin|p1a: Politoed
|-damage|p1a: Politoed|79/100
|-sideend|p2: old gens mish|Stealth Rock|[from] move: Rapid Spin|[of] p2a: Tentacruel
|move|p1a: Politoed|Scald|p2a: Tentacruel
|-resisted|p2a: Tentacruel
|-damage|p2a: Tentacruel|48/100
|
|-weather|RainDance|[upkeep]
|-heal|p2a: Tentacruel|54/100|[from] ability: Rain Dish
|-heal|p2a: Tentacruel|60/100|[from] item: Black Sludge
|-heal|p1a: Politoed|85/100|[from] item: Leftovers
|upkeep
|turn|19
|
|t:|1595992864
|switch|p2a: Politoed|Politoed, F, shiny|100/100
|move|p1a: Politoed|Scald|p2a: Politoed
|-resisted|p2a: Politoed
|-damage|p2a: Politoed|83/100
|-status|p2a: Politoed|brn
|
|-weather|RainDance|[upkeep]
|-heal|p1a: Politoed|91/100|[from] item: Leftovers
|-heal|p2a: Politoed|89/100 brn|[from] item: Leftovers
|-damage|p2a: Politoed|76/100 brn|[from] brn
|upkeep
|turn|20
|
|t:|1595992882
|move|p1a: Politoed|Protect|p1a: Politoed
|-singleturn|p1a: Politoed|Protect
|move|p2a: Politoed|Toxic|p1a: Politoed
|-activate|p1a: Politoed|move: Protect
|
|-weather|RainDance|[upkeep]
|-heal|p1a: Politoed|97/100|[from] item: Leftovers
|-heal|p2a: Politoed|83/100 brn|[from] item: Leftovers
|-damage|p2a: Politoed|70/100 brn|[from] brn
|upkeep
|turn|21
|
|t:|1595992893
|move|p1a: Politoed|Scald|p2a: Politoed
|-resisted|p2a: Politoed
|-damage|p2a: Politoed|54/100 brn
|move|p2a: Politoed|Scald|p1a: Politoed
|-resisted|p1a: Politoed
|-damage|p1a: Politoed|81/100
|
|-weather|RainDance|[upkeep]
|-heal|p1a: Politoed|87/100|[from] item: Leftovers
|-heal|p2a: Politoed|60/100 brn|[from] item: Leftovers
|-damage|p2a: Politoed|48/100 brn|[from] brn
|upkeep
|turn|22
|
|t:|1595992905
|move|p1a: Politoed|Protect|p1a: Politoed
|-singleturn|p1a: Politoed|Protect
|move|p2a: Politoed|Toxic|p1a: Politoed
|-activate|p1a: Politoed|move: Protect
|
|-weather|RainDance|[upkeep]
|-heal|p1a: Politoed|93/100|[from] item: Leftovers
|-heal|p2a: Politoed|54/100 brn|[from] item: Leftovers
|-damage|p2a: Politoed|41/100 brn|[from] brn
|upkeep
|turn|23
|
|t:|1595992915
|move|p1a: Politoed|Scald|p2a: Politoed
|-resisted|p2a: Politoed
|-damage|p2a: Politoed|25/100 brn
|move|p2a: Politoed|Toxic|p1a: Politoed
|-status|p1a: Politoed|tox
|
|-weather|RainDance|[upkeep]
|-heal|p1a: Politoed|99/100 tox|[from] item: Leftovers
|-heal|p2a: Politoed|31/100 brn|[from] item: Leftovers
|-damage|p1a: Politoed|93/100 tox|[from] psn
|-damage|p2a: Politoed|19/100 brn|[from] brn
|upkeep
|turn|24
|
|t:|1595992963
|switch|p1a: Tentacruel|Tentacruel, F|71/100
|-damage|p1a: Tentacruel|46/100|[from] Spikes
|-damage|p1a: Tentacruel|34/100|[from] Stealth Rock
|move|p2a: Politoed|Ice Beam|p1a: Tentacruel
|-resisted|p1a: Tentacruel
|-damage|p1a: Tentacruel|25/100
|
|-weather|RainDance|[upkeep]
|-heal|p1a: Tentacruel|32/100|[from] ability: Rain Dish
|-heal|p1a: Tentacruel|38/100|[from] item: Black Sludge
|-heal|p2a: Politoed|25/100 brn|[from] item: Leftovers
|-damage|p2a: Politoed|12/100 brn|[from] brn
|upkeep
|turn|25
|
|t:|1595992978
|move|p1a: Tentacruel|Rapid Spin|p2a: Politoed
|-damage|p2a: Politoed|10/100 brn
|-sideend|p1: koumite|Spikes|[from] move: Rapid Spin|[of] p1a: Tentacruel
|-sideend|p1: koumite|Stealth Rock|[from] move: Rapid Spin|[of] p1a: Tentacruel
|move|p2a: Politoed|Scald|p1a: Tentacruel
|-resisted|p1a: Tentacruel
|-damage|p1a: Tentacruel|22/100
|-status|p1a: Tentacruel|brn
|
|-weather|RainDance|[upkeep]
|-heal|p1a: Tentacruel|28/100 brn|[from] ability: Rain Dish
|-heal|p1a: Tentacruel|34/100 brn|[from] item: Black Sludge
|-heal|p2a: Politoed|16/100 brn|[from] item: Leftovers
|-damage|p1a: Tentacruel|22/100 brn|[from] brn
|-damage|p2a: Politoed|4/100 brn|[from] brn
|upkeep
|turn|26
|
|t:|1595993002
|switch|p1a: Keldeo|Keldeo-Resolute|100/100
|move|p2a: Politoed|Scald|p1a: Keldeo
|-resisted|p1a: Keldeo
|-damage|p1a: Keldeo|79/100
|-status|p1a: Keldeo|brn
|
|-weather|RainDance|[upkeep]
|-heal|p2a: Politoed|10/100 brn|[from] item: Leftovers
|-damage|p1a: Keldeo|66/100 brn|[from] brn
|-damage|p2a: Politoed|0 fnt|[from] brn
|faint|p2a: Politoed
|upkeep
|
|t:|1595993087
|switch|p2a: Latios|Latios, M, shiny|100/100
|turn|27
|
|t:|1595993097
|switch|p1a: Ferrothorn|Ferrothorn, M|90/100
|move|p2a: Latios|Draco Meteor|p1a: Ferrothorn
|-resisted|p1a: Ferrothorn
|-damage|p1a: Ferrothorn|64/100
|-unboost|p2a: Latios|spa|2
|
|-weather|RainDance|[upkeep]
|-heal|p1a: Ferrothorn|70/100|[from] item: Leftovers
|upkeep
|turn|28
|
|t:|1595993117
|switch|p2a: Ferrothorn|Ferrothorn, F|48/100
|move|p1a: Ferrothorn|Stealth Rock|p2a: Ferrothorn
|-sidestart|p2: old gens mish|move: Stealth Rock
|
|-weather|RainDance|[upkeep]
|-heal|p1a: Ferrothorn|76/100|[from] item: Leftovers
|-heal|p2a: Ferrothorn|54/100|[from] item: Leftovers
|upkeep
|turn|29
|
|t:|1595993121
|switch|p1a: Thundurus|Thundurus-Therian, M|36/100
|move|p2a: Ferrothorn|Stealth Rock|p1a: Thundurus
|-sidestart|p1: koumite|move: Stealth Rock
|
|-weather|RainDance|[upkeep]
|-heal|p1a: Thundurus|42/100|[from] item: Leftovers
|-heal|p2a: Ferrothorn|61/100|[from] item: Leftovers
|upkeep
|turn|30
|
|t:|1595993127
|move|p1a: Thundurus|Focus Blast|p2a: Ferrothorn|[miss]
|-miss|p1a: Thundurus|p2a: Ferrothorn
|move|p2a: Ferrothorn|Gyro Ball|p1a: Thundurus
|-resisted|p1a: Thundurus
|-damage|p1a: Thundurus|7/100
|
|-weather|RainDance|[upkeep]
|-heal|p1a: Thundurus|13/100|[from] item: Leftovers
|-heal|p2a: Ferrothorn|67/100|[from] item: Leftovers
|upkeep
|turn|31
|c|☆old gens mish|mons.
|
|t:|1595993136
|move|p1a: Thundurus|Focus Blast|p2a: Ferrothorn|[miss]
|-miss|p1a: Thundurus|p2a: Ferrothorn
|move|p2a: Ferrothorn|Gyro Ball|p1a: Thundurus
|-resisted|p1a: Thundurus
|-damage|p1a: Thundurus|0 fnt
|faint|p1a: Thundurus
|
|-weather|RainDance|[upkeep]
|-heal|p2a: Ferrothorn|73/100|[from] item: Leftovers
|upkeep
|c|☆koumite|lol
|c|☆koumite|well
|c|☆koumite|i guess i should have expected focus blast to miss
|
|t:|1595993162
|switch|p1a: Keldeo|Keldeo-Resolute|66/100 brn
|-damage|p1a: Keldeo|60/100 brn|[from] Stealth Rock
|turn|32
|
|t:|1595993195
|switch|p2a: Latios|Latios, M, shiny|100/100
|-damage|p2a: Latios|88/100|[from] Stealth Rock
|move|p1a: Keldeo|Secret Sword|p2a: Latios
|-resisted|p2a: Latios
|-damage|p2a: Latios|40/100
|
|-weather|RainDance|[upkeep]
|-damage|p1a: Keldeo|48/100 brn|[from] brn
|upkeep
|turn|33
|
|t:|1595993206
|switch|p1a: Ferrothorn|Ferrothorn, M|76/100
|-damage|p1a: Ferrothorn|70/100|[from] Stealth Rock
|move|p2a: Latios|Trick|p1a: Ferrothorn
|-activate|p2a: Latios|move: Trick|[of] p1a: Ferrothorn
|-item|p1a: Ferrothorn|Choice Scarf|[from] move: Trick
|-item|p2a: Latios|Leftovers|[from] move: Trick
|
|-weather|RainDance|[upkeep]
|-heal|p2a: Latios|46/100|[from] item: Leftovers
|upkeep
|turn|34
|
|t:|1595993248
|switch|p2a: Ferrothorn|Ferrothorn, F|73/100
|-damage|p2a: Ferrothorn|67/100|[from] Stealth Rock
|switch|p1a: Keldeo|Keldeo-Resolute|48/100 brn
|-damage|p1a: Keldeo|42/100 brn|[from] Stealth Rock
|
|-weather|RainDance|[upkeep]
|-heal|p2a: Ferrothorn|73/100|[from] item: Leftovers
|-damage|p1a: Keldeo|29/100 brn|[from] brn
|upkeep
|turn|35
|
|t:|1595993278
|switch|p2a: Tentacruel|Tentacruel, F|60/100
|-damage|p2a: Tentacruel|48/100|[from] Stealth Rock
|move|p1a: Keldeo|Secret Sword|p2a: Tentacruel
|-resisted|p2a: Tentacruel
|-damage|p2a: Tentacruel|13/100
|
|-weather|RainDance|[upkeep]
|-heal|p2a: Tentacruel|19/100|[from] ability: Rain Dish
|-heal|p2a: Tentacruel|25/100|[from] item: Black Sludge
|-damage|p1a: Keldeo|17/100 brn|[from] brn
|upkeep
|turn|36
|
|t:|1595993290
|move|p2a: Tentacruel|Protect|p2a: Tentacruel
|-singleturn|p2a: Tentacruel|Protect
|move|p1a: Keldeo|Secret Sword|p2a: Tentacruel
|-activate|p2a: Tentacruel|move: Protect
|
|-weather|RainDance|[upkeep]
|-heal|p2a: Tentacruel|31/100|[from] ability: Rain Dish
|-heal|p2a: Tentacruel|37/100|[from] item: Black Sludge
|-damage|p1a: Keldeo|5/100 brn|[from] brn
|upkeep
|turn|37
|
|t:|1595993312
|switch|p1a: Tentacruel|Tentacruel, F|22/100 brn
|-damage|p1a: Tentacruel|10/100 brn|[from] Stealth Rock
|move|p2a: Tentacruel|Rapid Spin|p1a: Tentacruel
|-damage|p1a: Tentacruel|6/100 brn
|-sideend|p2: old gens mish|Stealth Rock|[from] move: Rapid Spin|[of] p2a: Tentacruel
|
|-weather|RainDance|[upkeep]
|-heal|p1a: Tentacruel|12/100 brn|[from] ability: Rain Dish
|-heal|p2a: Tentacruel|43/100|[from] ability: Rain Dish
|-heal|p1a: Tentacruel|18/100 brn|[from] item: Black Sludge
|-heal|p2a: Tentacruel|49/100|[from] item: Black Sludge
|-damage|p1a: Tentacruel|6/100 brn|[from] brn
|upkeep
|turn|38
|
|t:|1595993325
|move|p1a: Tentacruel|Scald|p2a: Tentacruel
|-resisted|p2a: Tentacruel
|-damage|p2a: Tentacruel|37/100
|-status|p2a: Tentacruel|brn
|move|p2a: Tentacruel|Scald|p1a: Tentacruel
|-resisted|p1a: Tentacruel
|-damage|p1a: Tentacruel|0 fnt
|faint|p1a: Tentacruel
|
|-weather|RainDance|[upkeep]
|-heal|p2a: Tentacruel|43/100 brn|[from] ability: Rain Dish
|-heal|p2a: Tentacruel|49/100 brn|[from] item: Black Sludge
|-damage|p2a: Tentacruel|36/100 brn|[from] brn
|upkeep
|c|☆koumite|?
|c|☆old gens mish|?
|c|☆koumite|that was a choke
|c|☆koumite|i could have got the spin off
|c|☆koumite|you had to go to ferro to stop
|
|t:|1595993384
|switch|p1a: Ferrothorn|Ferrothorn, M|70/100
|-damage|p1a: Ferrothorn|64/100|[from] Stealth Rock
|turn|39
|c|☆old gens mish|oh ur prob right
|c|☆old gens mish|i was just thinking "pls be faster" but ur thought process is prob better
|c|☆old gens mish|thx for help
|c|☆koumite|np
|
|t:|1595993425
|switch|p2a: Ferrothorn|Ferrothorn, F|73/100
|move|p1a: Ferrothorn|Power Whip|p2a: Ferrothorn
|-resisted|p2a: Ferrothorn
|-damage|p2a: Ferrothorn|67/100
|-damage|p1a: Ferrothorn|51/100|[from] ability: Iron Barbs|[of] p2a: Ferrothorn
|
|-weather|RainDance|[upkeep]
|-heal|p2a: Ferrothorn|73/100|[from] item: Leftovers
|upkeep
|turn|40
|
|t:|1595993435
|switch|p1a: Keldeo|Keldeo-Resolute|5/100 brn
|-damage|p1a: Keldeo|0 fnt|[from] Stealth Rock
|faint|p1a: Keldeo
|move|p2a: Ferrothorn|Gyro Ball|p1: Keldeo|[notarget]
|-fail|p2a: Ferrothorn
|
|-weather|RainDance|[upkeep]
|-heal|p2a: Ferrothorn|79/100|[from] item: Leftovers
|upkeep
|
|t:|1595993444
|switch|p1a: Politoed|Politoed, M|93/100 tox
|-damage|p1a: Politoed|80/100 tox|[from] Stealth Rock
|turn|41
|
|t:|1595993449
|switch|p2a: Tentacruel|Tentacruel, F|36/100 brn
|move|p1a: Politoed|Scald|p2a: Tentacruel
|-resisted|p2a: Tentacruel
|-damage|p2a: Tentacruel|20/100 brn
|
|-weather|RainDance|[upkeep]
|-heal|p2a: Tentacruel|26/100 brn|[from] ability: Rain Dish
|-heal|p2a: Tentacruel|32/100 brn|[from] item: Black Sludge
|-heal|p1a: Politoed|86/100 tox|[from] item: Leftovers
|-damage|p2a: Tentacruel|20/100 brn|[from] brn
|-damage|p1a: Politoed|80/100 tox|[from] psn
|upkeep
|turn|42
|
|t:|1595993463
|switch|p1a: Ferrothorn|Ferrothorn, M|51/100
|-damage|p1a: Ferrothorn|45/100|[from] Stealth Rock
|move|p2a: Tentacruel|Scald|p1a: Ferrothorn
|-resisted|p1a: Ferrothorn
|-damage|p1a: Ferrothorn|33/100
|-status|p1a: Ferrothorn|brn
|
|-weather|RainDance|[upkeep]
|-heal|p2a: Tentacruel|26/100 brn|[from] ability: Rain Dish
|-heal|p2a: Tentacruel|32/100 brn|[from] item: Black Sludge
|-damage|p2a: Tentacruel|19/100 brn|[from] brn
|-damage|p1a: Ferrothorn|20/100 brn|[from] brn
|upkeep
|turn|43
|
|t:|1595993471
|switch|p2a: Ferrothorn|Ferrothorn, F|79/100
|move|p1a: Ferrothorn|Spikes|p2a: Ferrothorn
|-sidestart|p2: old gens mish|Spikes
|
|-weather|RainDance|[upkeep]
|-heal|p2a: Ferrothorn|86/100|[from] item: Leftovers
|-damage|p1a: Ferrothorn|8/100 brn|[from] brn
|upkeep
|turn|44
|
|t:|1595993488
|move|p1a: Ferrothorn|Spikes|p2a: Ferrothorn
|-sidestart|p2: old gens mish|Spikes
|move|p2a: Ferrothorn|Spikes|p1a: Ferrothorn
|-sidestart|p1: koumite|Spikes
|
|-weather|RainDance|[upkeep]
|-heal|p2a: Ferrothorn|92/100|[from] item: Leftovers
|-damage|p1a: Ferrothorn|0 fnt|[from] brn
|faint|p1a: Ferrothorn
|upkeep
|
|t:|1595993499
|switch|p1a: Politoed|Politoed, M|80/100 tox
|-damage|p1a: Politoed|68/100 tox|[from] Stealth Rock
|-damage|p1a: Politoed|56/100 tox|[from] Spikes
|turn|45
|
|t:|1595993505
|switch|p2a: Tentacruel|Tentacruel, F|19/100 brn
|-damage|p2a: Tentacruel|3/100 brn|[from] Spikes
|move|p1a: Politoed|Scald|p2a: Tentacruel
|-resisted|p2a: Tentacruel
|-damage|p2a: Tentacruel|0 fnt
|faint|p2a: Tentacruel
|
|-weather|RainDance|[upkeep]
|-heal|p1a: Politoed|62/100 tox|[from] item: Leftovers
|-damage|p1a: Politoed|56/100 tox|[from] psn
|upkeep
|
|t:|1595993507
|switch|p2a: Keldeo|Keldeo-Resolute|94/100 tox
|-damage|p2a: Keldeo|78/100 tox|[from] Spikes
|turn|46
|
|t:|1595993516
|move|p2a: Keldeo|Secret Sword|p1a: Politoed
|-damage|p1a: Politoed|0 fnt
|faint|p1a: Politoed
|
|-weather|RainDance|[upkeep]
|-damage|p2a: Keldeo|72/100 tox|[from] psn
|upkeep
|
|t:|1595993522
|switch|p1a: Latios|Latios, M|100/100
|-damage|p1a: Latios|88/100|[from] Stealth Rock
|turn|47
|
|t:|1595993538
|move|p1a: Latios|Trick|p2a: Keldeo
|-activate|p1a: Latios|move: Trick|[of] p2a: Keldeo
|-item|p2a: Keldeo|Choice Scarf|[from] move: Trick
|-item|p1a: Latios|Choice Specs|[from] move: Trick
|move|p2a: Keldeo|Secret Sword|p1a: Latios
|-resisted|p1a: Latios
|-damage|p1a: Latios|57/100
|
|-weather|RainDance|[upkeep]
|-damage|p2a: Keldeo|59/100 tox|[from] psn
|upkeep
|turn|48
|
|t:|1595993549
|move|p2a: Keldeo|Secret Sword|p1a: Latios
|-resisted|p1a: Latios
|-damage|p1a: Latios|29/100
|move|p1a: Latios|Thunder|p2a: Keldeo
|-supereffective|p2a: Keldeo
|-damage|p2a: Keldeo|0 fnt
|faint|p2a: Keldeo
|
|-weather|RainDance|[upkeep]
|upkeep
|
|t:|1595993556
|switch|p2a: Latios|Latios, M, shiny|46/100
|turn|49
|
|t:|1595993560
|move|p2a: Latios|Dragon Pulse|p1a: Latios
|-supereffective|p1a: Latios
|-damage|p1a: Latios|0 fnt
|faint|p1a: Latios
|
|win|old gens mish
|c|☆old gens mish|gg, thanks dude
|c|☆koumite|gg
|l|☆koumite
|raw|koumite's rating: 1428 &rarr; <strong>1399</strong><br />(-29 for losing)
|raw|old gens mish's rating: 1264 &rarr; <strong>1300</strong><br />(+36 for winning)
