|j|☆night bliz
|j|☆talt29
|t:|1710988918
|gametype|singles
|player|p1|night bliz|266|1454
|player|p2|talt29|lucas|1542
|teamsize|p1|6
|teamsize|p2|6
|gen|5
|tier|[Gen 5] OU
|rated|
|rule|Species Clause: Limit one of each Pokémon
|rule|OHKO Clause: OHKO moves are banned
|rule|Moody Clause: Moody is banned
|rule|Evasion Items Clause: Evasion items are banned
|rule|Evasion Moves Clause: Evasion moves are banned
|rule|Endless Battle Clause: Forcing endless battles is banned
|rule|HP Percentage Mod: HP is shown in percentages
|rule|Evasion Abilities Clause: Evasion abilities are banned
|rule|Sleep Moves Clause: Sleep-inducing moves are banned
|rule|Swagger Clause: Swagger is banned
|rule|Baton Pass Stat Clause: No Baton Passer may have a way to boost its stats
|clearpoke
|poke|p1|Politoed, M|item
|poke|p1|Moltres|item
|poke|p1|Azumarill, F|item
|poke|p1|Tentacruel, M|item
|poke|p1|Ferrothorn, M|item
|poke|p1|Latios, M|item
|poke|p2|Latios, M|item
|poke|p2|Garchomp, F|item
|poke|p2|Jellicent, F|item
|poke|p2|Skarmory, F|item
|poke|p2|Scizor, F|item
|poke|p2|Jirachi|item
|teampreview
|c|☆talt29|Gl
|c|☆night bliz|u2
|inactive|Battle timer is ON: inactive players will automatically lose when time's up. (requested by talt29)
|
|t:|1710988938
|start
|switch|p1a: Politoed|Politoed, M, shiny|100/100
|switch|p2a: Skarmory|Skarmory, F|100/100
|-weather|RainDance|[from] ability: Drizzle|[of] p1a: Politoed
|turn|1
|
|t:|1710988941
|move|p2a: Skarmory|Stealth Rock|p1a: Politoed
|-sidestart|p1: night bliz|move: Stealth Rock
|move|p1a: Politoed|Scald|p2a: Skarmory
|-damage|p2a: Skarmory|37/100
|-status|p2a: Skarmory|brn
|
|-weather|RainDance|[upkeep]
|-damage|p2a: Skarmory|25/100 brn|[from] brn
|upkeep
|turn|2
|-enditem|p2a: Skarmory|Custap Berry|[eat]
|-activate|p2a: Skarmory|item: Custap Berry|[consumed]
|
|t:|1710988943
|switch|p1a: Tentacruel|Tentacruel, M|100/100
|-damage|p1a: Tentacruel|88/100|[from] Stealth Rock
|move|p2a: Skarmory|Spikes|p1a: Tentacruel
|-sidestart|p1: night bliz|Spikes
|
|-weather|RainDance|[upkeep]
|-heal|p1a: Tentacruel|94/100|[from] ability: Rain Dish
|-heal|p1a: Tentacruel|99/100|[from] item: Black Sludge
|-damage|p2a: Skarmory|13/100 brn|[from] brn
|upkeep
|turn|3
|
|t:|1710988947
|switch|p2a: Jellicent|Jellicent, F|100/100
|move|p1a: Tentacruel|Toxic|p2a: Jellicent
|-status|p2a: Jellicent|tox
|
|-weather|RainDance|[upkeep]
|-heal|p1a: Tentacruel|100/100|[from] ability: Rain Dish
|-damage|p2a: Jellicent|94/100 tox|[from] psn
|upkeep
|turn|4
|
|t:|1710988950
|move|p1a: Tentacruel|Protect|p1a: Tentacruel
|-singleturn|p1a: Tentacruel|Protect
|move|p2a: Jellicent|Will-O-Wisp|p1a: Tentacruel
|-activate|p1a: Tentacruel|move: Protect
|
|-weather|RainDance|[upkeep]
|-heal|p2a: Jellicent|100/100 tox|[from] item: Leftovers
|-damage|p2a: Jellicent|88/100 tox|[from] psn
|upkeep
|turn|5
|
|t:|1710988962
|switch|p1a: Politoed|Politoed, M, shiny|100/100
|-damage|p1a: Politoed|88/100|[from] Stealth Rock
|-damage|p1a: Politoed|75/100|[from] Spikes
|move|p2a: Jellicent|Will-O-Wisp|p1a: Politoed
|-status|p1a: Politoed|brn
|
|-weather|RainDance|[upkeep]
|-heal|p2a: Jellicent|94/100 tox|[from] item: Leftovers
|-heal|p1a: Politoed|82/100 brn|[from] item: Leftovers
|-damage|p2a: Jellicent|76/100 tox|[from] psn
|-damage|p1a: Politoed|69/100 brn|[from] brn
|upkeep
|turn|6
|
|t:|1710988974
|switch|p2a: Skarmory|Skarmory, F|13/100 brn
|move|p1a: Politoed|Encore||[still]
|-fail|p1a: Politoed
|
|-weather|RainDance|[upkeep]
|-heal|p1a: Politoed|75/100 brn|[from] item: Leftovers
|-damage|p2a: Skarmory|0 fnt|[from] brn
|faint|p2a: Skarmory
|-damage|p1a: Politoed|63/100 brn|[from] brn
|upkeep
|inactive|talt29 has 120 seconds left.
|
|t:|1710989012
|switch|p2a: Jirachi|Jirachi|100/100
|turn|7
|
|t:|1710989016
|move|p2a: Jirachi|Iron Head|p1a: Politoed
|-resisted|p1a: Politoed
|-crit|p1a: Politoed
|-damage|p1a: Politoed|37/100 brn
|cant|p1a: Politoed|flinch
|
|-weather|RainDance|[upkeep]
|-heal|p1a: Politoed|43/100 brn|[from] item: Leftovers
|-damage|p1a: Politoed|30/100 brn|[from] brn
|upkeep
|turn|8
|
|t:|1710989023
|move|p1a: Politoed|Protect|p1a: Politoed
|-singleturn|p1a: Politoed|Protect
|move|p2a: Jirachi|Thunder|p1a: Politoed
|-activate|p1a: Politoed|move: Protect
|
|-weather|RainDance|[upkeep]
|-heal|p1a: Politoed|37/100 brn|[from] item: Leftovers
|-damage|p1a: Politoed|24/100 brn|[from] brn
|upkeep
|turn|9
|
|t:|1710989027
|move|p2a: Jirachi|Thunder|p1a: Politoed
|-supereffective|p1a: Politoed
|-damage|p1a: Politoed|0 fnt
|faint|p1a: Politoed
|
|-weather|RainDance|[upkeep]
|upkeep
|
|t:|1710989032
|switch|p1a: Tentacruel|Tentacruel, M|100/100
|-damage|p1a: Tentacruel|88/100|[from] Stealth Rock
|-damage|p1a: Tentacruel|76/100|[from] Spikes
|turn|10
|
|t:|1710989049
|switch|p2a: Jellicent|Jellicent, F|76/100 tox
|switch|p1a: Latios|Latios, M, shiny|100/100
|-damage|p1a: Latios|88/100|[from] Stealth Rock
|
|-weather|RainDance|[upkeep]
|-heal|p2a: Jellicent|82/100 tox|[from] item: Leftovers
|-damage|p2a: Jellicent|76/100 tox|[from] psn
|upkeep
|turn|11
|
|t:|1710989073
|switch|p2a: Scizor|Scizor, F|100/100
|move|p1a: Latios|Surf|p2a: Scizor
|-damage|p2a: Scizor|30/100
|
|-weather|RainDance|[upkeep]
|upkeep
|turn|12
|
|t:|1710989086
|switch|p2a: Jellicent|Jellicent, F|76/100 tox
|move|p1a: Latios|Surf|p2a: Jellicent
|-heal|p2a: Jellicent|100/100 tox|[from] ability: Water Absorb|[of] p1a: Latios
|
|-weather|RainDance|[upkeep]
|-damage|p2a: Jellicent|94/100 tox|[from] psn
|upkeep
|turn|13
|inactive|talt29 has 120 seconds left.
|
|t:|1710989110
|switch|p1a: Ferrothorn|Ferrothorn, M|100/100
|-damage|p1a: Ferrothorn|94/100|[from] Stealth Rock
|-damage|p1a: Ferrothorn|82/100|[from] Spikes
|move|p2a: Jellicent|Night Shade|p1a: Ferrothorn
|-damage|p1a: Ferrothorn|53/100
|
|-weather|RainDance|[upkeep]
|-heal|p2a: Jellicent|100/100 tox|[from] item: Leftovers
|-heal|p1a: Ferrothorn|60/100|[from] item: Leftovers
|-damage|p2a: Jellicent|88/100 tox|[from] psn
|upkeep
|turn|14
|inactive|talt29 has 120 seconds left.
|
|t:|1710989123
|move|p2a: Jellicent|Will-O-Wisp|p1a: Ferrothorn
|-status|p1a: Ferrothorn|brn
|move|p1a: Ferrothorn|Leech Seed|p2a: Jellicent|[miss]
|-miss|p1a: Ferrothorn|p2a: Jellicent
|
|-weather|RainDance|[upkeep]
|-heal|p2a: Jellicent|94/100 tox|[from] item: Leftovers
|-heal|p1a: Ferrothorn|66/100 brn|[from] item: Leftovers
|-damage|p2a: Jellicent|76/100 tox|[from] psn
|-damage|p1a: Ferrothorn|53/100 brn|[from] brn
|upkeep
|turn|15
|inactive|talt29 has 120 seconds left.
|
|t:|1710989159
|move|p2a: Jellicent|Taunt|p1a: Ferrothorn
|-start|p1a: Ferrothorn|move: Taunt
|cant|p1a: Ferrothorn|move: Taunt|Leech Seed
|
|-weather|RainDance|[upkeep]
|-heal|p2a: Jellicent|82/100 tox|[from] item: Leftovers
|-heal|p1a: Ferrothorn|60/100 brn|[from] item: Leftovers
|-damage|p2a: Jellicent|58/100 tox|[from] psn
|-damage|p1a: Ferrothorn|47/100 brn|[from] brn
|upkeep
|turn|16
|
|t:|1710989168
|switch|p2a: Jirachi|Jirachi|100/100
|switch|p1a: Tentacruel|Tentacruel, M|76/100
|-damage|p1a: Tentacruel|63/100|[from] Stealth Rock
|-damage|p1a: Tentacruel|51/100|[from] Spikes
|
|-weather|RainDance|[upkeep]
|-heal|p1a: Tentacruel|57/100|[from] ability: Rain Dish
|-heal|p1a: Tentacruel|63/100|[from] item: Black Sludge
|upkeep
|turn|17
|
|t:|1710989188
|switch|p2a: Jellicent|Jellicent, F|58/100 tox
|move|p1a: Tentacruel|Rapid Spin|p2a: Jellicent
|-immune|p2a: Jellicent
|
|-weather|RainDance|[upkeep]
|-heal|p1a: Tentacruel|69/100|[from] ability: Rain Dish
|-heal|p1a: Tentacruel|75/100|[from] item: Black Sludge
|-heal|p2a: Jellicent|64/100 tox|[from] item: Leftovers
|-damage|p2a: Jellicent|58/100 tox|[from] psn
|upkeep
|turn|18
|inactive|talt29 has 90 seconds left.
|
|t:|1710989209
|move|p1a: Tentacruel|Rapid Spin|p2a: Jellicent
|-immune|p2a: Jellicent
|move|p2a: Jellicent|Recover|p2a: Jellicent
|-heal|p2a: Jellicent|100/100 tox
|
|-weather|RainDance|[upkeep]
|-heal|p1a: Tentacruel|81/100|[from] ability: Rain Dish
|-heal|p1a: Tentacruel|87/100|[from] item: Black Sludge
|-damage|p2a: Jellicent|88/100 tox|[from] psn
|upkeep
|turn|19
|inactive|talt29 has 90 seconds left.
|
|t:|1710989215
|switch|p2a: Garchomp|Garchomp, F|100/100
|move|p1a: Tentacruel|Protect||[still]
|-fail|p1a: Tentacruel
|
|-weather|RainDance|[upkeep]
|-heal|p1a: Tentacruel|93/100|[from] ability: Rain Dish
|-heal|p1a: Tentacruel|99/100|[from] item: Black Sludge
|upkeep
|turn|20
|
|t:|1710989219
|switch|p1a: Ferrothorn|Ferrothorn, M|47/100 brn
|-damage|p1a: Ferrothorn|41/100 brn|[from] Stealth Rock
|-damage|p1a: Ferrothorn|28/100 brn|[from] Spikes
|move|p2a: Garchomp|Earthquake|p1a: Ferrothorn
|-damage|p1a: Ferrothorn|0 fnt
|faint|p1a: Ferrothorn
|
|-weather|RainDance|[upkeep]
|upkeep
|
|t:|1710989221
|switch|p1a: Latios|Latios, M, shiny|88/100
|-damage|p1a: Latios|76/100|[from] Stealth Rock
|turn|21
|
|t:|1710989241
|switch|p2a: Jirachi|Jirachi|100/100
|move|p1a: Latios|Trick|p2a: Jirachi
|-activate|p1a: Latios|move: Trick|[of] p2a: Jirachi
|-item|p2a: Jirachi|Choice Scarf|[from] move: Trick
|-item|p1a: Latios|Leftovers|[from] move: Trick
|
|-weather|RainDance|[upkeep]
|-heal|p1a: Latios|82/100|[from] item: Leftovers
|upkeep
|turn|22
|
|t:|1710989248
|move|p2a: Jirachi|Thunder|p1a: Latios
|-resisted|p1a: Latios
|-crit|p1a: Latios
|-damage|p1a: Latios|52/100
|move|p1a: Latios|Recover|p1a: Latios
|-heal|p1a: Latios|100/100
|
|-weather|RainDance|[upkeep]
|upkeep
|turn|23
|
|t:|1710989254
|move|p2a: Jirachi|Thunder|p1a: Latios
|-resisted|p1a: Latios
|-damage|p1a: Latios|84/100
|-status|p1a: Latios|par
|move|p1a: Latios|Draco Meteor|p2a: Jirachi
|-resisted|p2a: Jirachi
|-damage|p2a: Jirachi|68/100
|-unboost|p1a: Latios|spa|2
|
|-weather|RainDance|[upkeep]
|-heal|p1a: Latios|90/100 par|[from] item: Leftovers
|upkeep
|turn|24
|inactive|talt29 has 120 seconds left.
|
|t:|1710989271
|switch|p2a: Latios|Latios, M|100/100
|move|p1a: Latios|Draco Meteor|p2a: Latios
|-supereffective|p2a: Latios
|-damage|p2a: Latios|28/100
|-unboost|p1a: Latios|spa|2
|
|-weather|RainDance|[upkeep]
|-heal|p1a: Latios|96/100 par|[from] item: Leftovers
|upkeep
|turn|25
|
|t:|1710989280
|switch|p1a: Tentacruel|Tentacruel, M|99/100
|-damage|p1a: Tentacruel|87/100|[from] Stealth Rock
|-damage|p1a: Tentacruel|75/100|[from] Spikes
|move|p2a: Latios|Recover|p2a: Latios
|-heal|p2a: Latios|78/100
|
|-weather|RainDance|[upkeep]
|-heal|p1a: Tentacruel|81/100|[from] ability: Rain Dish
|-heal|p1a: Tentacruel|87/100|[from] item: Black Sludge
|upkeep
|turn|26
|inactive|talt29 has 120 seconds left.
|
|t:|1710989305
|move|p2a: Latios|Draco Meteor|p1a: Tentacruel
|-damage|p1a: Tentacruel|29/100
|-unboost|p2a: Latios|spa|2
|-enditem|p2a: Latios|White Herb
|-clearnegativeboost|p2a: Latios|[silent]
|move|p1a: Tentacruel|Rapid Spin|p2a: Latios
|-damage|p2a: Latios|75/100
|-sideend|p1: night bliz|Spikes|[from] move: Rapid Spin|[of] p1a: Tentacruel
|-sideend|p1: night bliz|Stealth Rock|[from] move: Rapid Spin|[of] p1a: Tentacruel
|
|-weather|RainDance|[upkeep]
|-heal|p1a: Tentacruel|35/100|[from] ability: Rain Dish
|-heal|p1a: Tentacruel|41/100|[from] item: Black Sludge
|upkeep
|turn|27
|
|t:|1710989315
|move|p1a: Tentacruel|Protect|p1a: Tentacruel
|-singleturn|p1a: Tentacruel|Protect
|move|p2a: Latios|Draco Meteor|p1a: Tentacruel
|-activate|p1a: Tentacruel|move: Protect
|
|-weather|RainDance|[upkeep]
|-heal|p1a: Tentacruel|47/100|[from] ability: Rain Dish
|-heal|p1a: Tentacruel|53/100|[from] item: Black Sludge
|upkeep
|turn|28
|
|t:|1710989321
|move|p2a: Latios|Draco Meteor|p1a: Tentacruel
|-damage|p1a: Tentacruel|0 fnt
|-unboost|p2a: Latios|spa|2
|faint|p1a: Tentacruel
|
|-weather|RainDance|[upkeep]
|upkeep
|
|t:|1710989325
|switch|p1a: Azumarill|Azumarill, F, shiny|100/100
|turn|29
|
|t:|1710989338
|switch|p2a: Jellicent|Jellicent, F|88/100 tox
|move|p1a: Azumarill|Ice Punch|p2a: Jellicent
|-resisted|p2a: Jellicent
|-damage|p2a: Jellicent|70/100 tox
|
|-weather|RainDance|[upkeep]
|-heal|p2a: Jellicent|76/100 tox|[from] item: Leftovers
|-damage|p2a: Jellicent|70/100 tox|[from] psn
|upkeep
|turn|30
|inactive|talt29 has 120 seconds left.
|
|t:|1710989365
|switch|p1a: Latios|Latios, M, shiny|96/100 par
|move|p2a: Jellicent|Night Shade|p1a: Latios
|-damage|p1a: Latios|63/100 par
|
|-weather|RainDance|[upkeep]
|-heal|p2a: Jellicent|76/100 tox|[from] item: Leftovers
|-heal|p1a: Latios|69/100 par|[from] item: Leftovers
|-damage|p2a: Jellicent|64/100 tox|[from] psn
|upkeep
|turn|31
|
|t:|1710989373
|switch|p2a: Scizor|Scizor, F|30/100
|move|p1a: Latios|Surf|p2a: Scizor
|-damage|p2a: Scizor|0 fnt
|faint|p2a: Scizor
|
|-weather|RainDance|[upkeep]
|-heal|p1a: Latios|75/100 par|[from] item: Leftovers
|upkeep
|
|t:|1710989389
|switch|p2a: Garchomp|Garchomp, F|100/100
|turn|32
|
|t:|1710989396
|move|p2a: Garchomp|Dual Chop|p1a: Latios
|-supereffective|p1a: Latios
|-damage|p1a: Latios|18/100 par
|-supereffective|p1a: Latios
|-damage|p1a: Latios|0 fnt
|faint|p1a: Latios
|-hitcount|p1: Latios|2
|
|-weather|RainDance|[upkeep]
|upkeep
|
|t:|1710989399
|switch|p1a: Moltres|Moltres|100/100
|-ability|p1a: Moltres|Pressure
|turn|33
|
|t:|1710989403
|move|p2a: Garchomp|Dual Chop|p1a: Moltres
|-damage|p1a: Moltres|76/100
|-damage|p1a: Moltres|51/100
|-hitcount|p1a: Moltres|2
|move|p1a: Moltres|Hurricane|p2a: Garchomp
|-damage|p2a: Garchomp|0 fnt
|faint|p2a: Garchomp
|
|-weather|RainDance|[upkeep]
|upkeep
|
|t:|1710989409
|switch|p2a: Jirachi|Jirachi|68/100
|turn|34
|
|t:|1710989417
|switch|p1a: Azumarill|Azumarill, F, shiny|100/100
|move|p2a: Jirachi|Thunder|p1a: Azumarill
|-supereffective|p1a: Azumarill
|-damage|p1a: Azumarill|39/100
|-status|p1a: Azumarill|par
|
|-weather|RainDance|[upkeep]
|upkeep
|turn|35
|
|t:|1710989431
|switch|p2a: Jellicent|Jellicent, F|64/100 tox
|switch|p1a: Moltres|Moltres|51/100
|-ability|p1a: Moltres|Pressure
|
|-weather|RainDance|[upkeep]
|-heal|p2a: Jellicent|70/100 tox|[from] item: Leftovers
|-damage|p2a: Jellicent|64/100 tox|[from] psn
|upkeep
|turn|36
|
|t:|1710989440
|move|p1a: Moltres|Hurricane|p2a: Jellicent
|-damage|p2a: Jellicent|0 fnt
|faint|p2a: Jellicent
|
|-weather|RainDance|[upkeep]
|upkeep
|
|t:|1710989442
|switch|p2a: Jirachi|Jirachi|68/100
|turn|37
|
|t:|1710989444
|move|p2a: Jirachi|Thunder|p1a: Moltres
|-supereffective|p1a: Moltres
|-damage|p1a: Moltres|0 fnt
|faint|p1a: Moltres
|
|-weather|RainDance|[upkeep]
|upkeep
|
|t:|1710989446
|switch|p1a: Azumarill|Azumarill, F, shiny|39/100 par
|turn|38
|
|t:|1710989449
|move|p1a: Azumarill|Aqua Jet|p2a: Jirachi
|-damage|p2a: Jirachi|7/100
|move|p2a: Jirachi|Thunder|p1a: Azumarill
|-supereffective|p1a: Azumarill
|-crit|p1a: Azumarill
|-damage|p1a: Azumarill|0 fnt
|faint|p1a: Azumarill
|
|win|talt29
|raw|night bliz's rating: 1454 &rarr; <strong>1439</strong><br />(-15 for losing)
|raw|talt29's rating: 1542 &rarr; <strong>1557</strong><br />(+15 for winning)
|c|☆night bliz|gg
|l|☆night bliz
|player|p1|
|c|☆talt29|Sorry
|l|☆talt29
|player|p2|
|j|☆talt29
|player|p2|talt29|lucas
