|j|☆porrompompom
|j|☆OUR BOI GIBBY
|player|p1|porrompompom|101|1612
|player|p2|OUR BOI GIBBY|144|1328
|teamsize|p1|6
|teamsize|p2|6
|gametype|singles
|gen|5
|tier|[Gen 5] OU
|rated|
|rule|Sleep Clause Mod: Limit one foe put to sleep
|rule|Species Clause: Limit one of each Pokémon
|rule|OHKO Clause: OHKO moves are banned
|rule|Moody Clause: Moody is banned
|rule|Evasion Moves Clause: Evasion moves are banned
|rule|Endless Battle Clause: Forcing endless battles is banned
|rule|HP Percentage Mod: HP is shown in percentages
|rule|Evasion Abilities Clause: Evasion abilities are banned
|rule|Baton Pass Clause: Limit one Baton Passer, can't pass Spe and other stats simultaneously
|rule|Swagger Clause: Swagger is banned
|clearpoke
|poke|p1|Jirachi|item
|poke|p1|Tyranitar, F|item
|poke|p1|Garchomp, M|item
|poke|p1|Breloom, M|item
|poke|p1|Starmie|item
|poke|p1|Gliscor, F|item
|poke|p2|Latios, M|item
|poke|p2|Tyranitar, M|item
|poke|p2|Skarmory, M|item
|poke|p2|Keldeo|item
|poke|p2|Excadrill, M|item
|poke|p2|Volcarona, M|item
|teampreview
|
|start
|switch|p1a: Breloom|Breloom, M|100/100
|switch|p2a: Keld|Keldeo|100/100
|turn|1
|
|switch|p2a: Tios|Latios, M|100/100
|move|p1a: Breloom|Low Sweep|p2a: Tios
|-resisted|p2a: Tios
|-damage|p2a: Tios|53/100
|-unboost|p2a: Tios|spe|1
|
|upkeep
|turn|2
|
|switch|p1a: Tyranitar|Tyranitar, F|100/100
|-weather|Sandstorm|[from] ability: Sand Stream|[of] p1a: Tyranitar
|switch|p2a: Volc|Volcarona, M|100/100
|
|-weather|Sandstorm|[upkeep]
|-damage|p2a: Volc|94/100|[from] Sandstorm
|upkeep
|turn|3
|
|switch|p2a: Skarm|Skarmory, M|100/100
|move|p1a: Tyranitar|Stealth Rock|p2a: Skarm
|-sidestart|p2: OUR BOI GIBBY|move: Stealth Rock
|
|-weather|Sandstorm|[upkeep]
|upkeep
|turn|4
|
|move|p1a: Tyranitar|Fire Blast|p2a: Skarm|[miss]
|-miss|p1a: Tyranitar|p2a: Skarm
|move|p2a: Skarm|Spikes|p1a: Tyranitar
|-sidestart|p1: porrompompom|Spikes
|
|-weather|Sandstorm|[upkeep]
|upkeep
|turn|5
|
|move|p1a: Tyranitar|Fire Blast|p2a: Skarm
|-supereffective|p2a: Skarm
|-damage|p2a: Skarm|9/100
|move|p2a: Skarm|Spikes|p1a: Tyranitar
|-sidestart|p1: porrompompom|Spikes
|
|-weather|Sandstorm|[upkeep]
|upkeep
|turn|6
|
|move|p1a: Tyranitar|Crunch|p2a: Skarm
|-resisted|p2a: Skarm
|-damage|p2a: Skarm|0 fnt
|-damage|p1a: Tyranitar|84/100|[from] item: Rocky Helmet|[of] p2a: Skarm
|faint|p2a: Skarm
|
|-weather|Sandstorm|[upkeep]
|upkeep
|
|switch|p2a: Keld|Keldeo|100/100
|-damage|p2a: Keld|94/100|[from] Stealth Rock
|turn|7
|
|move|p2a: Keld|Scald|p1a: Tyranitar
|-supereffective|p1a: Tyranitar
|-damage|p1a: Tyranitar|38/100
|-status|p1a: Tyranitar|brn
|move|p1a: Tyranitar|Crunch|p2a: Keld
|-resisted|p2a: Keld
|-damage|p2a: Keld|86/100
|-ability|p2a: Keld|Justified|boost
|-boost|p2a: Keld|atk|1
|
|-weather|Sandstorm|[upkeep]
|-damage|p2a: Keld|80/100|[from] Sandstorm
|-heal|p2a: Keld|86/100|[from] item: Leftovers
|-damage|p1a: Tyranitar|26/100 brn|[from] brn
|upkeep
|turn|8
|
|move|p2a: Keld|Secret Sword|p1a: Tyranitar
|-supereffective|p1a: Tyranitar
|-damage|p1a: Tyranitar|0 fnt
|faint|p1a: Tyranitar
|
|-weather|Sandstorm|[upkeep]
|-damage|p2a: Keld|80/100|[from] Sandstorm
|-heal|p2a: Keld|86/100|[from] item: Leftovers
|upkeep
|
|switch|p1a: Breloom|Breloom, M|100/100
|-damage|p1a: Breloom|84/100|[from] Spikes
|turn|9
|
|move|p2a: Keld|Secret Sword|p1a: Breloom
|-damage|p1a: Breloom|26/100
|move|p1a: Breloom|Low Sweep|p2a: Keld
|-damage|p2a: Keld|14/100
|-unboost|p2a: Keld|spe|1
|
|-weather|Sandstorm|[upkeep]
|-damage|p1a: Breloom|20/100|[from] Sandstorm
|-damage|p2a: Keld|8/100|[from] Sandstorm
|-heal|p2a: Keld|14/100|[from] item: Leftovers
|upkeep
|turn|10
|
|move|p2a: Keld|Protect|p2a: Keld
|-singleturn|p2a: Keld|Protect
|move|p1a: Breloom|Low Sweep|p2a: Keld
|-activate|p2a: Keld|move: Protect
|
|-weather|Sandstorm|[upkeep]
|-damage|p1a: Breloom|14/100|[from] Sandstorm
|-damage|p2a: Keld|8/100|[from] Sandstorm
|-heal|p2a: Keld|14/100|[from] item: Leftovers
|upkeep
|turn|11
|
|move|p1a: Breloom|Low Sweep|p2a: Keld
|-damage|p2a: Keld|0 fnt
|faint|p2a: Keld
|
|-weather|Sandstorm|[upkeep]
|-damage|p1a: Breloom|8/100|[from] Sandstorm
|upkeep
|
|switch|p2a: Tios|Latios, M|53/100
|-damage|p2a: Tios|41/100|[from] Stealth Rock
|turn|12
|
|move|p2a: Tios|Surf|p1a: Breloom
|-resisted|p1a: Breloom
|-damage|p1a: Breloom|0 fnt
|faint|p1a: Breloom
|
|-weather|Sandstorm|[upkeep]
|-damage|p2a: Tios|35/100|[from] Sandstorm
|upkeep
|
|switch|p1a: Jirachi|Jirachi|100/100
|-damage|p1a: Jirachi|84/100|[from] Spikes
|turn|13
|
|switch|p2a: Tyra|Tyranitar, M|100/100
|-damage|p2a: Tyra|88/100|[from] Stealth Rock
|move|p1a: Jirachi|Icy Wind|p2a: Tyra
|-damage|p2a: Tyra|81/100
|-unboost|p2a: Tyra|spe|1
|
|-weather|Sandstorm|[upkeep]
|upkeep
|turn|14
|
|switch|p1a: Garchomp|Garchomp, M|100/100
|-damage|p1a: Garchomp|84/100|[from] Spikes
|move|p2a: Tyra|Stealth Rock|p1a: Garchomp
|-sidestart|p1: porrompompom|move: Stealth Rock
|
|-weather|Sandstorm|[upkeep]
|upkeep
|turn|15
|
|move|p1a: Garchomp|Substitute|p1a: Garchomp
|-start|p1a: Garchomp|Substitute
|-damage|p1a: Garchomp|59/100
|move|p2a: Tyra|Crunch|p1a: Garchomp
|-end|p1a: Garchomp|Substitute
|
|-weather|Sandstorm|[upkeep]
|upkeep
|turn|16
|
|move|p1a: Garchomp|Earthquake|p2a: Tyra
|-supereffective|p2a: Tyra
|-damage|p2a: Tyra|5/100
|move|p2a: Tyra|Crunch|p1a: Garchomp
|-damage|p1a: Garchomp|20/100
|-damage|p2a: Tyra|0 fnt|[from] ability: Rough Skin|[of] p1a: Garchomp
|faint|p2a: Tyra
|
|-weather|Sandstorm|[upkeep]
|upkeep
|
|switch|p2a: Tios|Latios, M|35/100
|-damage|p2a: Tios|23/100|[from] Stealth Rock
|turn|17
|
|switch|p1a: Jirachi|Jirachi|84/100
|-damage|p1a: Jirachi|78/100|[from] Stealth Rock
|-damage|p1a: Jirachi|61/100|[from] Spikes
|move|p2a: Tios|Surf|p1a: Jirachi
|-damage|p1a: Jirachi|11/100
|
|-weather|Sandstorm|[upkeep]
|-damage|p2a: Tios|17/100|[from] Sandstorm
|upkeep
|turn|18
|inactive|Battle timer is ON: inactive players will automatically lose when time's up. (requested by OUR BOI GIBBY)
|
|move|p2a: Tios|Surf|p1a: Jirachi
|-damage|p1a: Jirachi|0 fnt
|faint|p1a: Jirachi
|
|-weather|Sandstorm|[upkeep]
|-damage|p2a: Tios|11/100|[from] Sandstorm
|upkeep
|
|switch|p1a: Starmie|Starmie|100/100
|-damage|p1a: Starmie|84/100|[from] Spikes
|-damage|p1a: Starmie|72/100|[from] Stealth Rock
|turn|19
|
|move|p1a: Starmie|Psyshock|p2a: Tios
|-resisted|p2a: Tios
|-damage|p2a: Tios|0 fnt
|faint|p2a: Tios
|
|-weather|Sandstorm|[upkeep]
|-damage|p1a: Starmie|66/100|[from] Sandstorm
|upkeep
|
|switch|p2a: Exca|Excadrill, M|100/100
|-damage|p2a: Exca|97/100|[from] Stealth Rock
|-ability|p2a: Exca|Mold Breaker
|turn|20
|
|switch|p1a: Garchomp|Garchomp, M|20/100
|-damage|p1a: Garchomp|4/100|[from] Spikes
|-damage|p1a: Garchomp|0 fnt|[from] Stealth Rock
|faint|p1a: Garchomp
|move|p2a: Exca|Earthquake|p1: Garchomp|[notarget]
|-fail|p2a: Exca
|
|-weather|Sandstorm|[upkeep]
|upkeep
|
|switch|p1a: Gliscor|Gliscor, F|100/100
|-damage|p1a: Gliscor|88/100|[from] Stealth Rock
|turn|21
|
|switch|p2a: Volc|Volcarona, M|94/100
|-damage|p2a: Volc|44/100|[from] Stealth Rock
|move|p1a: Gliscor|Agility|p1a: Gliscor
|-boost|p1a: Gliscor|spe|2
|
|-weather|Sandstorm|[upkeep]
|-damage|p2a: Volc|38/100|[from] Sandstorm
|upkeep
|turn|22
|
|move|p1a: Gliscor|Earthquake|p2a: Volc
|-damage|p2a: Volc|0 fnt
|faint|p2a: Volc
|
|-weather|Sandstorm|[upkeep]
|upkeep
|
|switch|p2a: Exca|Excadrill, M|97/100
|-damage|p2a: Exca|94/100|[from] Stealth Rock
|-ability|p2a: Exca|Mold Breaker
|turn|23
|
|move|p1a: Gliscor|Earthquake|p2a: Exca
|-supereffective|p2a: Exca
|-damage|p2a: Exca|0 fnt
|faint|p2a: Exca
|
|win|porrompompom
|l|☆OUR BOI GIBBY
|raw|porrompompom's rating: 1612 &rarr; <strong>1619</strong><br />(+7 for winning)
|raw|OUR BOI GIBBY's rating: 1328 &rarr; <strong>1322</strong><br />(-6 for losing)
