|j|☆AltTestingAlt
|j|☆baixiaohen
|t:|1744032718
|gametype|singles
|player|p1|AltTestingAlt|twins-gen4dp|1357
|player|p2|baixiaohen|red|1459
|teamsize|p1|6
|teamsize|p2|6
|gen|5
|tier|[Gen 5] OU
|rated|
|rule|Species Clause: Limit one of each Pokémon
|rule|OHKO Clause: OHKO moves are banned
|rule|Moody Clause: Moody is banned
|rule|Evasion Items Clause: Evasion items are banned
|rule|Evasion Moves Clause: Evasion moves are banned
|rule|Endless Battle Clause: Forcing endless battles is banned
|rule|HP Percentage Mod: HP is shown in percentages
|rule|Evasion Abilities Clause: Evasion abilities are banned
|rule|Sleep Moves Clause: Sleep-inducing moves are banned
|rule|Swagger Clause: Swagger is banned
|rule|Baton Pass Stat Clause: No Baton Passer may have a way to boost its stats
|clearpoke
|poke|p1|Alomomola, M|item
|poke|p1|Amoonguss, M|item
|poke|p1|Quagsire, F|item
|poke|p1|Chansey, F|item
|poke|p1|Blissey, F|item
|poke|p1|Xatu, F|item
|poke|p2|Tyranitar, M|item
|poke|p2|Garchomp, M|item
|poke|p2|Skarmory, F|item
|poke|p2|Hydreigon, F|item
|poke|p2|Excadrill, M|item
|poke|p2|Jellicent, F|item
|teampreview
|inactive|Battle timer is ON: inactive players will automatically lose when time's up. (requested by baixiaohen)
|
|t:|1744032740
|start
|switch|p1a: Alomomola|Alomomola, M|100/100
|switch|p2a: Tyranitar|Tyranitar, M|100/100
|-weather|Sandstorm|[from] ability: Sand Stream|[of] p2a: Tyranitar
|turn|1
|
|t:|1744032758
|switch|p2a: Jellicent|Jellicent, F|100/100
|move|p1a: Alomomola|Toxic|p2a: Jellicent
|-status|p2a: Jellicent|tox
|
|-weather|Sandstorm|[upkeep]
|-damage|p2a: Jellicent|94/100 tox|[from] Sandstorm
|-damage|p1a: Alomomola|94/100|[from] Sandstorm
|-heal|p2a: Jellicent|100/100 tox|[from] item: Leftovers
|-damage|p2a: Jellicent|94/100 tox|[from] psn
|upkeep
|turn|2
|
|t:|1744032764
|switch|p2a: Tyranitar|Tyranitar, M|100/100
|switch|p1a: Xatu|Xatu, F|100/100
|
|-weather|Sandstorm|[upkeep]
|-damage|p1a: Xatu|95/100|[from] Sandstorm
|-heal|p1a: Xatu|100/100|[from] item: Leftovers
|upkeep
|turn|3
|
|t:|1744032773
|move|p1a: Xatu|Toxic|p2a: Tyranitar
|-status|p2a: Tyranitar|tox
|move|p2a: Tyranitar|Crunch|p1a: Xatu
|-supereffective|p1a: Xatu
|-damage|p1a: Xatu|39/100
|
|-weather|Sandstorm|[upkeep]
|-damage|p1a: Xatu|33/100|[from] Sandstorm
|-heal|p1a: Xatu|39/100|[from] item: Leftovers
|-damage|p2a: Tyranitar|94/100 tox|[from] psn
|upkeep
|turn|4
|
|t:|1744032779
|switch|p1a: Alomomola|Alomomola, M|100/100
|move|p2a: Tyranitar|Crunch|p1a: Alomomola
|-damage|p1a: Alomomola|82/100
|-damage|p2a: Tyranitar|78/100 tox|[from] item: Rocky Helmet|[of] p1a: Alomomola
|
|-weather|Sandstorm|[upkeep]
|-damage|p1a: Alomomola|76/100|[from] Sandstorm
|-damage|p2a: Tyranitar|65/100 tox|[from] psn
|upkeep
|turn|5
|
|t:|1744032790
|switch|p2a: Skarmory|Skarmory, F|100/100
|move|p1a: Alomomola|Wish|p1a: Alomomola
|
|-weather|Sandstorm|[upkeep]
|-damage|p1a: Alomomola|70/100|[from] Sandstorm
|upkeep
|turn|6
|
|t:|1744032798
|switch|p2a: Tyranitar|Tyranitar, M|65/100 tox
|switch|p1a: Xatu|Xatu, F|39/100
|
|-weather|Sandstorm|[upkeep]
|-damage|p1a: Xatu|33/100|[from] Sandstorm
|-heal|p1a: Xatu|100/100|[from] move: Wish|[wisher] Alomomola
|-damage|p2a: Tyranitar|59/100 tox|[from] psn
|upkeep
|turn|7
|
|t:|1744032803
|move|p1a: Xatu|Roost||[still]
|-fail|p1a: Xatu|heal
|move|p2a: Tyranitar|Crunch|p1a: Xatu
|-supereffective|p1a: Xatu
|-damage|p1a: Xatu|38/100
|-unboost|p1a: Xatu|def|1
|
|-weather|Sandstorm|[upkeep]
|-damage|p1a: Xatu|32/100|[from] Sandstorm
|-heal|p1a: Xatu|38/100|[from] item: Leftovers
|-damage|p2a: Tyranitar|47/100 tox|[from] psn
|upkeep
|turn|8
|
|t:|1744032808
|switch|p1a: Alomomola|Alomomola, M|100/100
|move|p2a: Tyranitar|Stone Edge|p1a: Alomomola
|-damage|p1a: Alomomola|78/100
|
|-weather|Sandstorm|[upkeep]
|-damage|p1a: Alomomola|72/100|[from] Sandstorm
|-damage|p2a: Tyranitar|28/100 tox|[from] psn
|upkeep
|turn|9
|
|t:|1744032822
|switch|p2a: Excadrill|Excadrill, M|100/100
|-ability|p2a: Excadrill|Mold Breaker
|move|p1a: Alomomola|Wish|p1a: Alomomola
|
|-weather|Sandstorm|[upkeep]
|-damage|p1a: Alomomola|66/100|[from] Sandstorm
|upkeep
|turn|10
|
|t:|1744032831
|move|p1a: Alomomola|Protect|p1a: Alomomola
|-singleturn|p1a: Alomomola|Protect
|move|p2a: Excadrill|Earthquake|p1a: Alomomola
|-activate|p1a: Alomomola|move: Protect
|
|-weather|Sandstorm|[upkeep]
|-damage|p1a: Alomomola|59/100|[from] Sandstorm
|-heal|p1a: Alomomola|100/100|[from] move: Wish|[wisher] Alomomola
|upkeep
|turn|11
|
|t:|1744032836
|switch|p2a: Hydreigon|Hydreigon, F|100/100
|move|p1a: Alomomola|Wish|p1a: Alomomola
|
|-weather|Sandstorm|[upkeep]
|-damage|p2a: Hydreigon|94/100|[from] Sandstorm
|-damage|p1a: Alomomola|94/100|[from] Sandstorm
|-heal|p2a: Hydreigon|100/100|[from] item: Leftovers
|upkeep
|turn|12
|
|t:|1744032841
|switch|p1a: Amoonguss|Amoonguss, M|100/100
|move|p2a: Hydreigon|Taunt|p1a: Amoonguss
|-start|p1a: Amoonguss|move: Taunt
|
|-weather|Sandstorm|[upkeep]
|-damage|p2a: Hydreigon|94/100|[from] Sandstorm
|-damage|p1a: Amoonguss|94/100|[from] Sandstorm
|-heal|p1a: Amoonguss|100/100|[from] move: Wish|[wisher] Alomomola
|-heal|p2a: Hydreigon|100/100|[from] item: Leftovers
|upkeep
|turn|13
|
|t:|1744032845
|move|p2a: Hydreigon|Flamethrower|p1a: Amoonguss
|-supereffective|p1a: Amoonguss
|-damage|p1a: Amoonguss|53/100
|move|p1a: Amoonguss|Clear Smog|p2a: Hydreigon
|-damage|p2a: Hydreigon|84/100
|-clearboost|p2a: Hydreigon
|
|-weather|Sandstorm|[upkeep]
|-damage|p2a: Hydreigon|78/100|[from] Sandstorm
|-damage|p1a: Amoonguss|47/100|[from] Sandstorm
|-heal|p2a: Hydreigon|84/100|[from] item: Leftovers
|-heal|p1a: Amoonguss|53/100|[from] item: Black Sludge
|upkeep
|turn|14
|
|t:|1744032857
|switch|p1a: Chansey|Chansey, F|100/100
|move|p2a: Hydreigon|Dragon Pulse|p1a: Chansey
|-damage|p1a: Chansey|87/100
|
|-weather|Sandstorm|[upkeep]
|-damage|p2a: Hydreigon|78/100|[from] Sandstorm
|-damage|p1a: Chansey|81/100|[from] Sandstorm
|-heal|p2a: Hydreigon|84/100|[from] item: Leftovers
|upkeep
|turn|15
|
|t:|1744032861
|switch|p1a: Amoonguss|Amoonguss, M|86/100
|move|p2a: Hydreigon|Taunt|p1a: Amoonguss
|-start|p1a: Amoonguss|move: Taunt
|
|-weather|Sandstorm|[upkeep]
|-damage|p2a: Hydreigon|78/100|[from] Sandstorm
|-damage|p1a: Amoonguss|80/100|[from] Sandstorm
|-heal|p2a: Hydreigon|84/100|[from] item: Leftovers
|-heal|p1a: Amoonguss|86/100|[from] item: Black Sludge
|upkeep
|turn|16
|
|t:|1744032864
|move|p2a: Hydreigon|Flamethrower|p1a: Amoonguss
|-supereffective|p1a: Amoonguss
|-damage|p1a: Amoonguss|36/100
|move|p1a: Amoonguss|Sludge Bomb|p2a: Hydreigon
|-damage|p2a: Hydreigon|51/100
|
|-weather|Sandstorm|[upkeep]
|-damage|p2a: Hydreigon|45/100|[from] Sandstorm
|-damage|p1a: Amoonguss|29/100|[from] Sandstorm
|-heal|p2a: Hydreigon|51/100|[from] item: Leftovers
|-heal|p1a: Amoonguss|36/100|[from] item: Black Sludge
|upkeep
|turn|17
|
|t:|1744032875
|switch|p1a: Blissey|Blissey, F|100/100
|move|p2a: Hydreigon|Dragon Pulse|p1a: Blissey
|-damage|p1a: Blissey|82/100
|
|-weather|Sandstorm|[upkeep]
|-damage|p2a: Hydreigon|45/100|[from] Sandstorm
|-damage|p1a: Blissey|76/100|[from] Sandstorm
|-heal|p2a: Hydreigon|51/100|[from] item: Leftovers
|upkeep
|turn|18
|
|t:|1744032881
|move|p2a: Hydreigon|Taunt|p1a: Blissey
|-start|p1a: Blissey|move: Taunt
|move|p1a: Blissey|Ice Beam|p2a: Hydreigon
|-supereffective|p2a: Hydreigon
|-damage|p2a: Hydreigon|0 fnt
|faint|p2a: Hydreigon
|
|-weather|Sandstorm|[upkeep]
|-damage|p1a: Blissey|70/100|[from] Sandstorm
|upkeep
|-message|baixiaohen forfeited.
|
|win|AltTestingAlt
|raw|AltTestingAlt's rating: 1357 &rarr; <strong>1383</strong><br />(+26 for winning)
|raw|baixiaohen's rating: 1459 &rarr; <strong>1433</strong><br />(-26 for losing)
|l|☆baixiaohen
|player|p2|
