|j|☆erme mor 9
|j|☆HALOCENE
|player|p1|erme mor 9|oak-gen1|1410
|player|p2|HALOCENE|101|1673
|teamsize|p1|6
|teamsize|p2|6
|gametype|singles
|gen|5
|tier|[Gen 5] OU
|rated|
|clearpoke
|poke|p1|Metagross|item
|poke|p1|Azelf|item
|poke|p1|Haxorus, M|item
|poke|p1|Cloyster, F|item
|poke|p1|Magnezone|item
|poke|p1|Latios, M|item
|poke|p2|Tyranitar, M|item
|poke|p2|Excadrill, F|item
|poke|p2|Landorus-Therian, M|item
|poke|p2|Terrakion|item
|poke|p2|Celebi|item
|poke|p2|Rotom-Wash|item
|rule|Species Clause: Limit one of each Pokémon
|rule|OHKO Clause: OHKO moves are banned
|rule|Moody Clause: Moody is banned
|rule|Evasion Moves Clause: Evasion moves are banned
|rule|Endless Battle Clause: Forcing endless battles is banned
|rule|HP Percentage Mod: HP is shown in percentages
|rule|Evasion Abilities Clause: Evasion abilities are banned
|rule|Baton Pass Clause: Limit one Baton Passer, can't pass Spe and other stats simultaneously
|rule|Sleep Clause: Sleep-inducing moves are banned
|rule|Swagger Clause: Swagger is banned
|teampreview
|
|start
|switch|p1a: Azelf|Azelf, shiny|100/100
|switch|p2a: Tyranitar|Tyranitar, M|100/100
|-weather|Sandstorm|[from] ability: Sand Stream|[of] p2a: Tyranitar
|turn|1
|inactive|Battle timer is ON: inactive players will automatically lose when time's up. (requested by HALOCENE)
|
|move|p1a: Azelf|Reflect|p1a: Azelf
|-sidestart|p1: erme mor 9|Reflect
|move|p2a: Tyranitar|Crunch|p1a: Azelf
|-supereffective|p1a: Azelf
|-damage|p1a: Azelf|48/100
|-unboost|p1a: Azelf|def|1
|
|-weather|Sandstorm|[upkeep]
|-damage|p1a: Azelf|42/100|[from] Sandstorm
|upkeep
|turn|2
|
|move|p1a: Azelf|Stealth Rock|p2a: Tyranitar
|-sidestart|p2: HALOCENE|move: Stealth Rock
|move|p2a: Tyranitar|Crunch|p1a: Azelf
|-supereffective|p1a: Azelf
|-damage|p1a: Azelf|0 fnt
|faint|p1a: Azelf
|
|-weather|Sandstorm|[upkeep]
|upkeep
|
|switch|p1a: Cloyster|Cloyster, F, shiny|100/100
|turn|3
|
|move|p1a: Cloyster|Shell Smash|p1a: Cloyster
|-unboost|p1a: Cloyster|def|1
|-unboost|p1a: Cloyster|spd|1
|-boost|p1a: Cloyster|atk|2
|-boost|p1a: Cloyster|spa|2
|-boost|p1a: Cloyster|spe|2
|move|p2a: Tyranitar|Fire Blast|p1a: Cloyster
|-damage|p1a: Cloyster|0 fnt
|faint|p1a: Cloyster
|
|-weather|Sandstorm|[upkeep]
|upkeep
|
|switch|p1a: Metagross|Metagross, shiny|100/100
|turn|4
|
|switch|p2a: Rotom|Rotom-Wash|100/100
|-damage|p2a: Rotom|88/100|[from] Stealth Rock
|move|p1a: Metagross|Agility|p1a: Metagross
|-boost|p1a: Metagross|spe|2
|
|-weather|Sandstorm|[upkeep]
|-damage|p2a: Rotom|82/100|[from] Sandstorm
|-heal|p2a: Rotom|88/100|[from] item: Leftovers
|upkeep
|turn|5
|
|move|p1a: Metagross|Zen Headbutt|p2a: Rotom
|-damage|p2a: Rotom|33/100
|-damage|p1a: Metagross|91/100|[from] item: Life Orb
|cant|p2a: Rotom|flinch
|
|-weather|Sandstorm|[upkeep]
|-damage|p2a: Rotom|27/100|[from] Sandstorm
|-heal|p2a: Rotom|33/100|[from] item: Leftovers
|upkeep
|turn|6
|inactive|HALOCENE has 120 seconds left.
|
|switch|p2a: Tyranitar|Tyranitar, M|100/100
|-damage|p2a: Tyranitar|88/100|[from] Stealth Rock
|move|p1a: Metagross|Zen Headbutt|p2a: Tyranitar
|-immune|p2a: Tyranitar
|
|-weather|Sandstorm|[upkeep]
|upkeep
|turn|7
|
|move|p1a: Metagross|Meteor Mash|p2a: Tyranitar
|-supereffective|p2a: Tyranitar
|-damage|p2a: Tyranitar|0 fnt
|-damage|p1a: Metagross|81/100|[from] item: Life Orb
|faint|p2a: Tyranitar
|
|-weather|Sandstorm|[upkeep]
|upkeep
|inactive|HALOCENE has 120 seconds left.
|
|switch|p2a: Excadrill|Excadrill, F|100/100
|-damage|p2a: Excadrill|97/100|[from] Stealth Rock
|turn|8
|
|move|p1a: Metagross|Earthquake|p2a: Excadrill
|-supereffective|p2a: Excadrill
|-damage|p2a: Excadrill|0 fnt
|-damage|p1a: Metagross|71/100|[from] item: Life Orb
|faint|p2a: Excadrill
|
|-weather|Sandstorm|[upkeep]
|-sideend|p1: erme mor 9|Reflect
|upkeep
|
|switch|p2a: Landorus|Landorus-Therian, M|100/100
|-damage|p2a: Landorus|88/100|[from] Stealth Rock
|-ability|p2a: Landorus|Intimidate|boost
|-fail|p1a: Metagross|unboost|[from] ability: Clear Body|[of] p1a: Metagross
|turn|9
|
|switch|p1a: Latios|Latios, M, shiny|100/100
|move|p2a: Landorus|Earthquake|p1a: Latios
|-immune|p1a: Latios|[from] ability: Levitate
|
|-weather|Sandstorm|[upkeep]
|-damage|p1a: Latios|95/100|[from] Sandstorm
|upkeep
|turn|10
|
|switch|p2a: Rotom|Rotom-Wash|33/100
|-damage|p2a: Rotom|21/100|[from] Stealth Rock
|move|p1a: Latios|Dragon Dance|p1a: Latios
|-boost|p1a: Latios|atk|1
|-boost|p1a: Latios|spe|1
|
|-weather|Sandstorm|[upkeep]
|-damage|p1a: Latios|89/100|[from] Sandstorm
|-damage|p2a: Rotom|15/100|[from] Sandstorm
|-heal|p2a: Rotom|21/100|[from] item: Leftovers
|upkeep
|turn|11
|
|switch|p2a: Landorus|Landorus-Therian, M|88/100
|-damage|p2a: Landorus|76/100|[from] Stealth Rock
|-ability|p2a: Landorus|Intimidate|boost
|-unboost|p1a: Latios|atk|1
|move|p1a: Latios|Dragon Claw|p2a: Landorus
|-damage|p2a: Landorus|38/100
|-damage|p1a: Latios|72/100|[from] item: Rocky Helmet|[of] p2a: Landorus
|
|-weather|Sandstorm|[upkeep]
|-damage|p1a: Latios|66/100|[from] Sandstorm
|upkeep
|turn|12
|inactive|HALOCENE has 120 seconds left.
|
|switch|p2a: Rotom|Rotom-Wash|21/100
|-damage|p2a: Rotom|8/100|[from] Stealth Rock
|move|p1a: Latios|Ice Beam|p2a: Rotom
|-resisted|p2a: Rotom
|-damage|p2a: Rotom|0 fnt
|faint|p2a: Rotom
|
|-weather|Sandstorm|[upkeep]
|-damage|p1a: Latios|60/100|[from] Sandstorm
|upkeep
|inactive|HALOCENE has 120 seconds left.
|
|switch|p2a: Celebi|Celebi|100/100
|-damage|p2a: Celebi|88/100|[from] Stealth Rock
|turn|13
|
|move|p1a: Latios|Ice Beam|p2a: Celebi
|-supereffective|p2a: Celebi
|-damage|p2a: Celebi|51/100
|move|p2a: Celebi|Recover|p2a: Celebi
|-heal|p2a: Celebi|100/100
|
|-weather|Sandstorm|[upkeep]
|-damage|p1a: Latios|54/100|[from] Sandstorm
|-damage|p2a: Celebi|94/100|[from] Sandstorm
|-heal|p2a: Celebi|100/100|[from] item: Leftovers
|upkeep
|turn|14
|j| Albert Kesselring
|inactive|HALOCENE has 120 seconds left.
|
|move|p1a: Latios|Dragon Claw|p2a: Celebi
|-damage|p2a: Celebi|71/100
|move|p2a: Celebi|Psychic|p1a: Latios
|-resisted|p1a: Latios
|-damage|p1a: Latios|38/100
|
|-weather|Sandstorm|[upkeep]
|-damage|p1a: Latios|32/100|[from] Sandstorm
|-damage|p2a: Celebi|65/100|[from] Sandstorm
|-heal|p2a: Celebi|71/100|[from] item: Leftovers
|upkeep
|turn|15
|inactive|HALOCENE has 120 seconds left.
|
|move|p1a: Latios|Dragon Dance|p1a: Latios
|-boost|p1a: Latios|atk|1
|-boost|p1a: Latios|spe|1
|move|p2a: Celebi|Psychic|p1a: Latios
|-resisted|p1a: Latios
|-damage|p1a: Latios|16/100
|
|-weather|Sandstorm|[upkeep]
|-damage|p1a: Latios|10/100|[from] Sandstorm
|-damage|p2a: Celebi|65/100|[from] Sandstorm
|-heal|p2a: Celebi|71/100|[from] item: Leftovers
|upkeep
|turn|16
|
|move|p1a: Latios|Dragon Claw|p2a: Celebi
|-damage|p2a: Celebi|23/100
|move|p2a: Celebi|Recover|p2a: Celebi
|-heal|p2a: Celebi|73/100
|
|-weather|Sandstorm|[upkeep]
|-damage|p1a: Latios|4/100|[from] Sandstorm
|-damage|p2a: Celebi|67/100|[from] Sandstorm
|-heal|p2a: Celebi|73/100|[from] item: Leftovers
|upkeep
|turn|17
|inactive|HALOCENE has 120 seconds left.
|
|switch|p2a: Landorus|Landorus-Therian, M|38/100
|-damage|p2a: Landorus|26/100|[from] Stealth Rock
|-ability|p2a: Landorus|Intimidate|boost
|-unboost|p1a: Latios|atk|1
|move|p1a: Latios|Dragon Claw|p2a: Landorus
|-damage|p2a: Landorus|0 fnt
|-damage|p1a: Latios|0 fnt|[from] item: Rocky Helmet|[of] p2a: Landorus
|faint|p1a: Latios
|faint|p2a: Landorus
|
|-weather|Sandstorm|[upkeep]
|upkeep
|
|switch|p1a: Metagross|Metagross, shiny|71/100
|switch|p2a: Terrakion|Terrakion|100/100
|-damage|p2a: Terrakion|94/100|[from] Stealth Rock
|turn|18
|
|move|p2a: Terrakion|Close Combat|p1a: Metagross
|-damage|p1a: Metagross|0 fnt
|-unboost|p2a: Terrakion|def|1
|-unboost|p2a: Terrakion|spd|1
|faint|p1a: Metagross
|
|-weather|Sandstorm|[upkeep]
|upkeep
|
|switch|p1a: Haxorus|Haxorus, M, shiny|100/100
|turn|19
|
|move|p2a: Terrakion|Close Combat|p1a: Haxorus
|-damage|p1a: Haxorus|0 fnt
|-unboost|p2a: Terrakion|def|1
|-unboost|p2a: Terrakion|spd|1
|faint|p1a: Haxorus
|
|-weather|Sandstorm|[upkeep]
|upkeep
|
|switch|p1a: Magnezone|Magnezone, shiny|100/100
|-item|p1a: Magnezone|Air Balloon
|turn|20
|
|move|p2a: Terrakion|Close Combat|p1a: Magnezone
|-supereffective|p1a: Magnezone
|-damage|p1a: Magnezone|0 fnt
|-unboost|p2a: Terrakion|def|1
|-unboost|p2a: Terrakion|spd|1
|-enditem|p1a: Magnezone|Air Balloon
|faint|p1a: Magnezone
|
|win|HALOCENE
|c|☆HALOCENE|gg
|l|☆erme mor 9
|raw|erme mor 9's rating: 1431 &rarr; <strong>1424</strong><br />(-7 for losing)
|raw|HALOCENE's rating: 1673 &rarr; <strong>1681</strong><br />(+8 for winning)
|l|☆HALOCENE
