|j|☆leleenabbo
|j|☆Kautilya07
|t:|1598692245
|player|p1|leleenabbo|hiker-gen2|1359
|player|p2|Kautilya07|li|1359
|teamsize|p1|6
|teamsize|p2|6
|gametype|singles
|gen|5
|tier|[Gen 5] OU
|rated|
|clearpoke
|poke|p1|Mamoswine, M|item
|poke|p1|Alakazam, M|item
|poke|p1|Latios, M|item
|poke|p1|Kyurem-Black|item
|poke|p1|Scizor, M|item
|poke|p1|Magnezone|item
|poke|p2|Mamoswine, F|item
|poke|p2|Latios, M|item
|poke|p2|Scizor, F|item
|poke|p2|Kyurem-Black|item
|poke|p2|Salamence, M|item
|poke|p2|Magnezone|item
|rule|Species Clause: Limit one of each Pokémon
|rule|OHKO Clause: OHKO moves are banned
|rule|Moody Clause: Moody is banned
|rule|Evasion Moves Clause: Evasion moves are banned
|rule|Endless Battle Clause: Forcing endless battles is banned
|rule|HP Percentage Mod: HP is shown in percentages
|rule|Evasion Abilities Clause: Evasion abilities are banned
|rule|Baton Pass Clause: Limit one Baton Passer, can't pass Spe and other stats simultaneously
|rule|Sleep Clause: Sleep-inducing moves are banned
|rule|Swagger Clause: Swagger is banned
|teampreview
|inactive|Battle timer is ON: inactive players will automatically lose when time's up. (requested by Kautilya07)
|
|t:|1598692286
|start
|switch|p1a: MAMMO|Mamoswine, M|100/100
|switch|p2a: Mamoswine|Mamoswine, F|100/100
|turn|1
|
|t:|1598692293
|move|p1a: MAMMO|Stealth Rock|p2a: Mamoswine
|-sidestart|p2: Kautilya07|move: Stealth Rock
|move|p2a: Mamoswine|Earthquake|p1a: MAMMO
|-damage|p1a: MAMMO|33/100
|
|upkeep
|turn|2
|
|t:|1598692308
|move|p1a: MAMMO|Ice Shard|p2a: Mamoswine
|-damage|p2a: Mamoswine|89/100
|move|p2a: Mamoswine|Stealth Rock|p1a: MAMMO
|-sidestart|p1: leleenabbo|move: Stealth Rock
|
|upkeep
|turn|3
|
|t:|1598692315
|switch|p1a: I CAN FLY I SWEAR|Scizor, M, shiny|100/100
|-damage|p1a: I CAN FLY I SWEAR|88/100|[from] Stealth Rock
|move|p2a: Mamoswine|Ice Shard|p1a: I CAN FLY I SWEAR
|-resisted|p1a: I CAN FLY I SWEAR
|-damage|p1a: I CAN FLY I SWEAR|76/100
|
|upkeep
|turn|4
|
|t:|1598692333
|switch|p2a: Magnezone|Magnezone, shiny|100/100
|-damage|p2a: Magnezone|94/100|[from] Stealth Rock
|move|p1a: I CAN FLY I SWEAR|U-turn|p2a: Magnezone
|-resisted|p2a: Magnezone
|-damage|p2a: Magnezone|61/100
|
|t:|1598692338
|switch|p1a: +idraggedu-|Magnezone|100/100|[from]move: U-turn
|-damage|p1a: +idraggedu-|94/100|[from] Stealth Rock
|-item|p1a: +idraggedu-|Air Balloon
|
|upkeep
|turn|5
|
|t:|1598692347
|move|p1a: +idraggedu-|Hidden Power|p2a: Magnezone
|-supereffective|p2a: Magnezone
|-damage|p2a: Magnezone|0 fnt
|faint|p2a: Magnezone
|
|upkeep
|
|t:|1598692373
|switch|p2a: Latios|Latios, M|100/100
|-damage|p2a: Latios|88/100|[from] Stealth Rock
|turn|6
|
|t:|1598692396
|move|p2a: Latios|Hidden Power|p1a: +idraggedu-
|-supereffective|p1a: +idraggedu-
|-damage|p1a: +idraggedu-|0 fnt
|-enditem|p1a: +idraggedu-|Air Balloon
|faint|p1a: +idraggedu-
|
|upkeep
|
|t:|1598692399
|switch|p1a: TRIANGOLO|Latios, M|100/100
|-damage|p1a: TRIANGOLO|88/100|[from] Stealth Rock
|turn|7
|
|t:|1598692407
|switch|p2a: Scizor|Scizor, F|100/100
|-damage|p2a: Scizor|88/100|[from] Stealth Rock
|move|p1a: TRIANGOLO|Draco Meteor|p2a: Scizor
|-resisted|p2a: Scizor
|-damage|p2a: Scizor|43/100
|-unboost|p1a: TRIANGOLO|spa|2
|
|upkeep
|turn|8
|
|t:|1598692419
|switch|p1a: I CAN FLY I SWEAR|Scizor, M, shiny|76/100
|-damage|p1a: I CAN FLY I SWEAR|63/100|[from] Stealth Rock
|move|p2a: Scizor|U-turn|p1a: I CAN FLY I SWEAR
|-resisted|p1a: I CAN FLY I SWEAR
|-damage|p1a: I CAN FLY I SWEAR|36/100
|inactive|Kautilya07 has 120 seconds left.
|
|t:|1598692445
|switch|p2a: Kyurem|Kyurem-Black, shiny|100/100|[from]move: U-turn
|-damage|p2a: Kyurem|75/100|[from] Stealth Rock
|-ability|p2a: Kyurem|Teravolt
|
|upkeep
|turn|9
|inactive|Kautilya07 has 120 seconds left.
|
|t:|1598692466
|switch|p2a: Scizor|Scizor, F|43/100
|-damage|p2a: Scizor|31/100|[from] Stealth Rock
|move|p1a: I CAN FLY I SWEAR|Bullet Punch|p2a: Scizor
|-resisted|p2a: Scizor
|-damage|p2a: Scizor|3/100
|
|upkeep
|turn|10
|
|t:|1598692480
|move|p2a: Scizor|Bullet Punch|p1a: I CAN FLY I SWEAR
|-resisted|p1a: I CAN FLY I SWEAR
|-damage|p1a: I CAN FLY I SWEAR|12/100
|move|p1a: I CAN FLY I SWEAR|Bullet Punch|p2a: Scizor
|-resisted|p2a: Scizor
|-damage|p2a: Scizor|0 fnt
|faint|p2a: Scizor
|
|upkeep
|
|t:|1598692490
|switch|p2a: Mamoswine|Mamoswine, F|89/100
|-damage|p2a: Mamoswine|76/100|[from] Stealth Rock
|turn|11
|
|t:|1598692497
|move|p2a: Mamoswine|Ice Shard|p1a: I CAN FLY I SWEAR
|-resisted|p1a: I CAN FLY I SWEAR
|-damage|p1a: I CAN FLY I SWEAR|0 fnt
|faint|p1a: I CAN FLY I SWEAR
|
|upkeep
|
|t:|1598692524
|switch|p1a: Kyurem|Kyurem-Black|100/100
|-damage|p1a: Kyurem|75/100|[from] Stealth Rock
|-ability|p1a: Kyurem|Teravolt
|turn|12
|inactive|Kautilya07 has 120 seconds left.
|
|t:|1598692538
|move|p2a: Mamoswine|Ice Shard|p1a: Kyurem
|-damage|p1a: Kyurem|56/100
|move|p1a: Kyurem|Outrage|p2a: Mamoswine
|-damage|p2a: Mamoswine|0 fnt
|faint|p2a: Mamoswine
|
|upkeep
|
|t:|1598692553
|switch|p2a: Salamence|Salamence, M|100/100
|-damage|p2a: Salamence|76/100|[from] Stealth Rock
|turn|13
|
|t:|1598692558
|move|p2a: Salamence|Outrage|p1a: Kyurem
|-supereffective|p1a: Kyurem
|-damage|p1a: Kyurem|0 fnt
|faint|p1a: Kyurem
|-ability|p2a: Salamence|Moxie|boost
|-boost|p2a: Salamence|atk|1
|
|upkeep
|
|t:|1598692561
|switch|p1a: MAMMO|Mamoswine, M|33/100
|-damage|p1a: MAMMO|20/100|[from] Stealth Rock
|turn|14
|inactive|Kautilya07 has 120 seconds left.
|
|t:|1598692573
|move|p1a: MAMMO|Ice Shard|p2a: Salamence
|-supereffective|p2a: Salamence
|-damage|p2a: Salamence|0 fnt
|faint|p2a: Salamence
|
|upkeep
|c|☆leleenabbo|gg
|inactive|Kautilya07 has 120 seconds left.
|
|t:|1598692584
|switch|p2a: Kyurem|Kyurem-Black, shiny|75/100
|-damage|p2a: Kyurem|50/100|[from] Stealth Rock
|-ability|p2a: Kyurem|Teravolt
|turn|15
|inactive|Kautilya07 has 120 seconds left.
|
|t:|1598692599
|move|p2a: Kyurem|Outrage|p1a: MAMMO
|-damage|p1a: MAMMO|0 fnt
|faint|p1a: MAMMO
|
|upkeep
|
|t:|1598692602
|switch|p1a: TRIANGOLO|Latios, M|88/100
|-damage|p1a: TRIANGOLO|76/100|[from] Stealth Rock
|turn|16
|inactive|Kautilya07 has 120 seconds left.
|
|t:|1598692607
|move|p1a: TRIANGOLO|Dragon Pulse|p2a: Kyurem
|-supereffective|p2a: Kyurem
|-damage|p2a: Kyurem|0 fnt
|faint|p2a: Kyurem
|
|upkeep
|inactive|Kautilya07 has 120 seconds left.
|
|t:|1598692613
|switch|p2a: Latios|Latios, M|88/100
|-damage|p2a: Latios|76/100|[from] Stealth Rock
|turn|17
|
|t:|1598692619
|move|p1a: TRIANGOLO|Dragon Pulse|p2a: Latios
|-supereffective|p2a: Latios
|-damage|p2a: Latios|0 fnt
|faint|p2a: Latios
|
|win|leleenabbo
|c|☆leleenabbo|scarf
|raw|leleenabbo's rating: 1368 &rarr; <strong>1388</strong><br />(+20 for winning)
|raw|Kautilya07's rating: 1359 &rarr; <strong>1339</strong><br />(-20 for losing)
