|j|☆SK8HEAD
|j|☆bw lordd moonman
|t:|1707672428
|gametype|singles
|player|p1|SK8HEAD|170|1420
|player|p2|bw lordd moonman|melony|1550
|teamsize|p1|6
|teamsize|p2|6
|gen|5
|tier|[Gen 5] OU
|rated|
|rule|Species Clause: Limit one of each Pokémon
|rule|OHKO Clause: OHKO moves are banned
|rule|Moody Clause: Moody is banned
|rule|Evasion Items Clause: Evasion items are banned
|rule|Evasion Moves Clause: Evasion moves are banned
|rule|Endless Battle Clause: Forcing endless battles is banned
|rule|HP Percentage Mod: HP is shown in percentages
|rule|Evasion Abilities Clause: Evasion abilities are banned
|rule|Sleep Moves Clause: Sleep-inducing moves are banned
|rule|Swagger Clause: Swagger is banned
|rule|Baton Pass Stat Clause: No Baton Passer may have a way to boost its stats
|clearpoke
|poke|p1|Tyranitar, M|item
|poke|p1|Latios, M|item
|poke|p1|Gliscor, M|item
|poke|p1|Thundurus-Therian, M|item
|poke|p1|Keldeo|item
|poke|p1|Ferrothorn, F|item
|poke|p2|Abomasnow, F|item
|poke|p2|Forretress, F|item
|poke|p2|Gliscor, F|item
|poke|p2|Blissey, F|item
|poke|p2|Reuniclus, M|item
|poke|p2|Latios, M|item
|teampreview
|j| el janitor
|c|☆SK8HEAD|gl king
|inactive|Battle timer is ON: inactive players will automatically lose when time's up. (requested by SK8HEAD)
|c|☆bw lordd moonman|hf
|
|t:|1707672454
|start
|switch|p1a: Thundurus|Thundurus-Therian, M|100/100
|switch|p2a: Abomasnow|Abomasnow, F|100/100
|-weather|Hail|[from] ability: Snow Warning|[of] p2a: Abomasnow
|turn|1
|
|t:|1707672457
|switch|p2a: Blissey|Blissey, F|100/100
|move|p1a: Thundurus|Focus Blast|p2a: Blissey|[miss]
|-miss|p1a: Thundurus|p2a: Blissey
|
|-weather|Hail|[upkeep]
|-damage|p1a: Thundurus|94/100|[from] Hail
|-damage|p2a: Blissey|94/100|[from] Hail
|-heal|p1a: Thundurus|100/100|[from] item: Leftovers
|-heal|p2a: Blissey|100/100|[from] item: Leftovers
|upkeep
|turn|2
|
|t:|1707672463
|switch|p1a: Tyranitar|Tyranitar, M|100/100
|-weather|Sandstorm|[from] ability: Sand Stream|[of] p1a: Tyranitar
|switch|p2a: Gliscor|Gliscor, F|100/100
|
|-weather|Sandstorm|[upkeep]
|-status|p2a: Gliscor|tox|[from] item: Toxic Orb
|upkeep
|turn|3
|
|t:|1707672469
|switch|p2a: Forretress|Forretress, F|100/100
|switch|p1a: Thundurus|Thundurus-Therian, M|100/100
|
|-weather|Sandstorm|[upkeep]
|-damage|p1a: Thundurus|94/100|[from] Sandstorm
|-heal|p1a: Thundurus|100/100|[from] item: Leftovers
|upkeep
|turn|4
|
|t:|1707672474
|switch|p2a: Blissey|Blissey, F|100/100
|move|p1a: Thundurus|Volt Switch|p2a: Blissey
|-damage|p2a: Blissey|86/100
|
|t:|1707672477
|switch|p1a: Keldeo|Keldeo|100/100|[from] Volt Switch
|
|-weather|Sandstorm|[upkeep]
|-damage|p1a: Keldeo|94/100|[from] Sandstorm
|-damage|p2a: Blissey|79/100|[from] Sandstorm
|-heal|p1a: Keldeo|100/100|[from] item: Leftovers
|-heal|p2a: Blissey|86/100|[from] item: Leftovers
|upkeep
|turn|5
|
|t:|1707672482
|move|p1a: Keldeo|Secret Sword|p2a: Blissey
|-supereffective|p2a: Blissey
|-damage|p2a: Blissey|9/100
|move|p2a: Blissey|Thunder Wave|p1a: Keldeo
|-status|p1a: Keldeo|par
|
|-weather|Sandstorm|[upkeep]
|-damage|p2a: Blissey|3/100|[from] Sandstorm
|-damage|p1a: Keldeo|94/100 par|[from] Sandstorm
|-heal|p2a: Blissey|9/100|[from] item: Leftovers
|-heal|p1a: Keldeo|100/100 par|[from] item: Leftovers
|upkeep
|turn|6
|
|t:|1707672494
|switch|p2a: Reuniclus|Reuniclus, M|100/100
|move|p1a: Keldeo|Hidden Power|p2a: Reuniclus
|-damage|p2a: Reuniclus|77/100
|
|-weather|Sandstorm|[upkeep]
|-damage|p1a: Keldeo|94/100 par|[from] Sandstorm
|-heal|p2a: Reuniclus|84/100|[from] item: Leftovers
|-heal|p1a: Keldeo|100/100 par|[from] item: Leftovers
|upkeep
|turn|7
|
|t:|1707672502
|switch|p1a: Gliscor|Gliscor, M|100/100
|move|p2a: Reuniclus|Focus Blast|p1a: Gliscor
|-resisted|p1a: Gliscor
|-damage|p1a: Gliscor|83/100
|
|-weather|Sandstorm|[upkeep]
|-heal|p2a: Reuniclus|90/100|[from] item: Leftovers
|-status|p1a: Gliscor|tox|[from] item: Toxic Orb
|upkeep
|turn|8
|
|t:|1707672504
|switch|p2a: Gliscor|Gliscor, F|100/100 tox
|move|p1a: Gliscor|U-turn|p2a: Gliscor
|-resisted|p2a: Gliscor
|-damage|p2a: Gliscor|95/100 tox
|
|t:|1707672508
|switch|p1a: Thundurus|Thundurus-Therian, M|100/100|[from] U-turn
|
|-weather|Sandstorm|[upkeep]
|-damage|p1a: Thundurus|94/100|[from] Sandstorm
|-heal|p1a: Thundurus|100/100|[from] item: Leftovers
|-heal|p2a: Gliscor|100/100 tox|[from] ability: Poison Heal
|upkeep
|turn|9
|
|t:|1707672511
|switch|p2a: Latios|Latios, M|100/100
|move|p1a: Thundurus|Volt Switch|p2a: Latios
|-resisted|p2a: Latios
|-damage|p2a: Latios|81/100
|
|t:|1707672514
|switch|p1a: Tyranitar|Tyranitar, M|100/100|[from] Volt Switch
|
|-weather|Sandstorm|[upkeep]
|-damage|p2a: Latios|75/100|[from] Sandstorm
|upkeep
|turn|10
|
|t:|1707672523
|move|p2a: Latios|Thunder Wave|p1a: Tyranitar
|-status|p1a: Tyranitar|par
|move|p1a: Tyranitar|Pursuit|p2a: Latios
|-supereffective|p2a: Latios
|-enditem|p2a: Latios|Colbur Berry|[eat]
|-enditem|p2a: Latios|Colbur Berry|[weaken]
|-damage|p2a: Latios|44/100
|
|-weather|Sandstorm|[upkeep]
|-damage|p2a: Latios|38/100|[from] Sandstorm
|upkeep
|turn|11
|c| el janitor|have u tried sub/cm keld yet?
|c|☆SK8HEAD|it was last team
|c|☆SK8HEAD|it was meh
|c|☆SK8HEAD|sub tect keld is brazy
|inactive|SK8HEAD has 120 seconds left.
|c|☆SK8HEAD|u saw that thund turn to tar tho?
|c|☆SK8HEAD|thats the beauty of this team
|
|t:|1707672565
|move|p2a: Latios|Draco Meteor|p1a: Tyranitar
|-damage|p1a: Tyranitar|64/100 par
|-unboost|p2a: Latios|spa|2
|cant|p1a: Tyranitar|par
|
|-weather|Sandstorm|[upkeep]
|-damage|p2a: Latios|32/100|[from] Sandstorm
|upkeep
|turn|12
|
|t:|1707672570
|move|p2a: Latios|Draco Meteor|p1a: Tyranitar
|-damage|p1a: Tyranitar|46/100 par
|-unboost|p2a: Latios|spa|2
|move|p1a: Tyranitar|Pursuit|p2a: Latios
|-supereffective|p2a: Latios
|-damage|p2a: Latios|0 fnt
|faint|p2a: Latios
|
|-weather|Sandstorm|[upkeep]
|upkeep
|
|t:|1707672574
|switch|p2a: Abomasnow|Abomasnow, F|100/100
|-weather|Hail|[from] ability: Snow Warning|[of] p2a: Abomasnow
|turn|13
|
|t:|1707672577
|switch|p1a: Ferrothorn|Ferrothorn, F|100/100
|move|p2a: Abomasnow|Blizzard|p1a: Ferrothorn
|-damage|p1a: Ferrothorn|76/100
|
|-weather|Hail|[upkeep]
|-damage|p1a: Ferrothorn|70/100|[from] Hail
|-heal|p1a: Ferrothorn|76/100|[from] item: Leftovers
|upkeep
|turn|14
|
|t:|1707672581
|switch|p2a: Gliscor|Gliscor, F|100/100 tox
|move|p1a: Ferrothorn|Gyro Ball|p2a: Gliscor
|-damage|p2a: Gliscor|60/100 tox
|
|-weather|Hail|[upkeep]
|-damage|p2a: Gliscor|53/100 tox|[from] Hail
|-damage|p1a: Ferrothorn|70/100|[from] Hail
|-heal|p1a: Ferrothorn|76/100|[from] item: Leftovers
|-heal|p2a: Gliscor|66/100 tox|[from] ability: Poison Heal
|upkeep
|turn|15
|
|t:|1707672585
|switch|p1a: Keldeo|Keldeo|100/100 par
|move|p2a: Gliscor|Stealth Rock|p1a: Keldeo
|-sidestart|p1: SK8HEAD|move: Stealth Rock
|
|-weather|Hail|[upkeep]
|-damage|p2a: Gliscor|60/100 tox|[from] Hail
|-damage|p1a: Keldeo|94/100 par|[from] Hail
|-heal|p1a: Keldeo|100/100 par|[from] item: Leftovers
|-heal|p2a: Gliscor|72/100 tox|[from] ability: Poison Heal
|upkeep
|turn|16
|
|t:|1707672591
|switch|p2a: Reuniclus|Reuniclus, M|90/100
|move|p1a: Keldeo|Secret Sword|p2a: Reuniclus
|-resisted|p2a: Reuniclus
|-damage|p2a: Reuniclus|73/100
|
|-weather|Hail|[upkeep]
|-damage|p1a: Keldeo|94/100 par|[from] Hail
|-heal|p2a: Reuniclus|79/100|[from] item: Leftovers
|-heal|p1a: Keldeo|100/100 par|[from] item: Leftovers
|upkeep
|turn|17
|
|t:|1707672594
|move|p2a: Reuniclus|Calm Mind|p2a: Reuniclus
|-boost|p2a: Reuniclus|spa|1
|-boost|p2a: Reuniclus|spd|1
|move|p1a: Keldeo|Scald|p2a: Reuniclus
|-damage|p2a: Reuniclus|51/100
|-status|p2a: Reuniclus|brn
|
|-weather|Hail|[upkeep]
|-damage|p1a: Keldeo|94/100 par|[from] Hail
|-heal|p2a: Reuniclus|58/100 brn|[from] item: Leftovers
|-heal|p1a: Keldeo|100/100 par|[from] item: Leftovers
|upkeep
|turn|18
|
|t:|1707672598
|switch|p1a: Tyranitar|Tyranitar, M|46/100 par
|-damage|p1a: Tyranitar|34/100 par|[from] Stealth Rock
|-weather|Sandstorm|[from] ability: Sand Stream|[of] p1a: Tyranitar
|move|p2a: Reuniclus|Recover|p2a: Reuniclus
|-heal|p2a: Reuniclus|100/100 brn
|
|-weather|Sandstorm|[upkeep]
|upkeep
|turn|19
|
|t:|1707672600
|move|p2a: Reuniclus|Focus Blast|p1a: Tyranitar|[miss]
|-miss|p2a: Reuniclus|p1a: Tyranitar
|move|p1a: Tyranitar|Crunch|p2a: Reuniclus
|-supereffective|p2a: Reuniclus
|-damage|p2a: Reuniclus|42/100 brn
|-unboost|p2a: Reuniclus|def|1
|
|-weather|Sandstorm|[upkeep]
|-heal|p2a: Reuniclus|48/100 brn|[from] item: Leftovers
|upkeep
|turn|20
|
|t:|1707672603
|move|p2a: Reuniclus|Focus Blast|p1a: Tyranitar
|-supereffective|p1a: Tyranitar
|-enditem|p1a: Tyranitar|Chople Berry|[eat]
|-enditem|p1a: Tyranitar|Chople Berry|[weaken]
|-damage|p1a: Tyranitar|0 fnt
|faint|p1a: Tyranitar
|
|-weather|Sandstorm|[upkeep]
|-heal|p2a: Reuniclus|54/100 brn|[from] item: Leftovers
|upkeep
|
|t:|1707672608
|switch|p1a: Latios|Latios, M|100/100
|-damage|p1a: Latios|88/100|[from] Stealth Rock
|turn|21
|
|t:|1707672611
|switch|p2a: Abomasnow|Abomasnow, F|100/100
|-weather|Hail|[from] ability: Snow Warning|[of] p2a: Abomasnow
|move|p1a: Latios|Trick|p2a: Abomasnow
|-activate|p1a: Latios|move: Trick|[of] p2a: Abomasnow
|-item|p2a: Abomasnow|Choice Scarf|[from] move: Trick
|-item|p1a: Latios|Leftovers|[from] move: Trick
|
|-weather|Hail|[upkeep]
|-damage|p1a: Latios|82/100|[from] Hail
|-heal|p1a: Latios|88/100|[from] item: Leftovers
|upkeep
|turn|22
|c| el janitor|tar is solid the way u run it
|c|☆SK8HEAD|he built like a dawg
|
|t:|1707672628
|switch|p1a: Keldeo|Keldeo|100/100 par
|-damage|p1a: Keldeo|94/100 par|[from] Stealth Rock
|move|p2a: Abomasnow|Blizzard|p1a: Keldeo
|-resisted|p1a: Keldeo
|-damage|p1a: Keldeo|73/100 par
|
|-weather|Hail|[upkeep]
|-damage|p1a: Keldeo|67/100 par|[from] Hail
|-heal|p1a: Keldeo|73/100 par|[from] item: Leftovers
|upkeep
|turn|23
|
|t:|1707672643
|switch|p2a: Blissey|Blissey, F|9/100
|move|p1a: Keldeo|Scald|p2a: Blissey
|-damage|p2a: Blissey|0 fnt
|faint|p2a: Blissey
|
|-weather|Hail|[upkeep]
|-damage|p1a: Keldeo|67/100 par|[from] Hail
|-heal|p1a: Keldeo|73/100 par|[from] item: Leftovers
|upkeep
|
|t:|1707672646
|switch|p2a: Reuniclus|Reuniclus, M|54/100 brn
|turn|24
|c|☆SK8HEAD|this dude applyin mad press tho
|c|☆SK8HEAD|barely getting in anyth
|
|t:|1707672661
|move|p2a: Reuniclus|Recover|p2a: Reuniclus
|-heal|p2a: Reuniclus|100/100 brn
|cant|p1a: Keldeo|par
|
|-weather|Hail|[upkeep]
|-damage|p1a: Keldeo|67/100 par|[from] Hail
|-heal|p1a: Keldeo|73/100 par|[from] item: Leftovers
|upkeep
|turn|25
|c|☆SK8HEAD|nvm this aint lookin good
|inactive|SK8HEAD has 120 seconds left.
|c| el janitor|reun sits on ur team
|c| el janitor|broken ass mon
|c|☆SK8HEAD|yuh tar para went a long way
|c|☆SK8HEAD|keld para too tbh
|c|☆SK8HEAD|scald does good chunk
|inactive|SK8HEAD has 90 seconds left.
|
|t:|1707672733
|move|p2a: Reuniclus|Calm Mind|p2a: Reuniclus
|-boost|p2a: Reuniclus|spa|1
|-boost|p2a: Reuniclus|spd|1
|move|p1a: Keldeo|Scald|p2a: Reuniclus
|-damage|p2a: Reuniclus|77/100 brn
|
|-weather|Hail|[upkeep]
|-damage|p1a: Keldeo|67/100 par|[from] Hail
|-heal|p2a: Reuniclus|83/100 brn|[from] item: Leftovers
|-heal|p1a: Keldeo|73/100 par|[from] item: Leftovers
|upkeep
|turn|26
|
|t:|1707672740
|switch|p1a: Gliscor|Gliscor, M|83/100 tox
|-damage|p1a: Gliscor|70/100 tox|[from] Stealth Rock
|move|p2a: Reuniclus|Calm Mind|p2a: Reuniclus
|-boost|p2a: Reuniclus|spa|1
|-boost|p2a: Reuniclus|spd|1
|
|-weather|Hail|[upkeep]
|-damage|p1a: Gliscor|64/100 tox|[from] Hail
|-heal|p2a: Reuniclus|89/100 brn|[from] item: Leftovers
|-heal|p1a: Gliscor|77/100 tox|[from] ability: Poison Heal
|upkeep
|turn|27
|
|t:|1707672743
|move|p1a: Gliscor|U-turn|p2a: Reuniclus
|-supereffective|p2a: Reuniclus
|-damage|p2a: Reuniclus|68/100 brn
|
|t:|1707672746
|switch|p1a: Thundurus|Thundurus-Therian, M|100/100|[from] U-turn
|-damage|p1a: Thundurus|76/100|[from] Stealth Rock
|move|p2a: Reuniclus|Psyshock|p1a: Thundurus
|-damage|p1a: Thundurus|0 fnt
|faint|p1a: Thundurus
|
|-weather|Hail|[upkeep]
|-heal|p2a: Reuniclus|75/100 brn|[from] item: Leftovers
|upkeep
|c|☆SK8HEAD|ye nah
|c|☆SK8HEAD|this game
|inactive|SK8HEAD has 90 seconds left.
|
|t:|1707672762
|switch|p1a: Gliscor|Gliscor, M|77/100 tox
|-damage|p1a: Gliscor|64/100 tox|[from] Stealth Rock
|turn|28
|
|t:|1707672766
|move|p1a: Gliscor|U-turn|p2a: Reuniclus
|-supereffective|p2a: Reuniclus
|-damage|p2a: Reuniclus|54/100 brn
|
|t:|1707672769
|switch|p1a: Keldeo|Keldeo|73/100 par|[from] U-turn
|-damage|p1a: Keldeo|67/100 par|[from] Stealth Rock
|move|p2a: Reuniclus|Recover|p2a: Reuniclus
|-heal|p2a: Reuniclus|100/100 brn
|
|-weather|Hail|[upkeep]
|-damage|p1a: Keldeo|61/100 par|[from] Hail
|-heal|p1a: Keldeo|67/100 par|[from] item: Leftovers
|upkeep
|turn|29
|
|t:|1707672771
|move|p2a: Reuniclus|Psyshock|p1a: Keldeo
|-supereffective|p1a: Keldeo
|-damage|p1a: Keldeo|0 fnt
|faint|p1a: Keldeo
|
|-weather|Hail|[upkeep]
|upkeep
|
|t:|1707672774
|switch|p1a: Latios|Latios, M|88/100
|-damage|p1a: Latios|76/100|[from] Stealth Rock
|turn|30
|
|t:|1707672779
|move|p1a: Latios|Draco Meteor|p2a: Reuniclus
|-damage|p2a: Reuniclus|68/100 brn
|-unboost|p1a: Latios|spa|2
|move|p2a: Reuniclus|Psyshock|p1a: Latios
|-resisted|p1a: Latios
|-damage|p1a: Latios|27/100
|
|-weather|Hail|[upkeep]
|-damage|p1a: Latios|21/100|[from] Hail
|-heal|p1a: Latios|27/100|[from] item: Leftovers
|-heal|p2a: Reuniclus|75/100 brn|[from] item: Leftovers
|upkeep
|turn|31
|
|t:|1707672783
|move|p1a: Latios|Recover|p1a: Latios
|-heal|p1a: Latios|77/100
|move|p2a: Reuniclus|Psyshock|p1a: Latios
|-resisted|p1a: Latios
|-damage|p1a: Latios|32/100
|
|-weather|Hail|[upkeep]
|-damage|p1a: Latios|26/100|[from] Hail
|-heal|p1a: Latios|32/100|[from] item: Leftovers
|-heal|p2a: Reuniclus|81/100 brn|[from] item: Leftovers
|upkeep
|turn|32
|
|t:|1707672785
|move|p1a: Latios|Draco Meteor|p2a: Reuniclus
|-damage|p2a: Reuniclus|65/100 brn
|-unboost|p1a: Latios|spa|2
|move|p2a: Reuniclus|Psyshock|p1a: Latios
|-resisted|p1a: Latios
|-damage|p1a: Latios|0 fnt
|faint|p1a: Latios
|
|-weather|Hail|[upkeep]
|-heal|p2a: Reuniclus|71/100 brn|[from] item: Leftovers
|upkeep
|c|☆SK8HEAD|nah no fish
|
|t:|1707672793
|switch|p1a: Ferrothorn|Ferrothorn, F|76/100
|-damage|p1a: Ferrothorn|70/100|[from] Stealth Rock
|turn|33
|
|t:|1707672797
|move|p2a: Reuniclus|Recover|p2a: Reuniclus
|-heal|p2a: Reuniclus|100/100 brn
|move|p1a: Ferrothorn|Curse|p1a: Ferrothorn
|-unboost|p1a: Ferrothorn|spe|1
|-boost|p1a: Ferrothorn|atk|1
|-boost|p1a: Ferrothorn|def|1
|
|-weather|Hail|[upkeep]
|-damage|p1a: Ferrothorn|63/100|[from] Hail
|-heal|p1a: Ferrothorn|70/100|[from] item: Leftovers
|upkeep
|turn|34
|
|t:|1707672805
|move|p2a: Reuniclus|Focus Blast|p1a: Ferrothorn|[miss]
|-miss|p2a: Reuniclus|p1a: Ferrothorn
|move|p1a: Ferrothorn|Curse|p1a: Ferrothorn
|-unboost|p1a: Ferrothorn|spe|1
|-boost|p1a: Ferrothorn|atk|1
|-boost|p1a: Ferrothorn|def|1
|
|-weather|Hail|[upkeep]
|-damage|p1a: Ferrothorn|63/100|[from] Hail
|-heal|p1a: Ferrothorn|70/100|[from] item: Leftovers
|upkeep
|turn|35
|
|t:|1707672808
|move|p2a: Reuniclus|Focus Blast|p1a: Ferrothorn|[miss]
|-miss|p2a: Reuniclus|p1a: Ferrothorn
|move|p1a: Ferrothorn|Power Whip|p2a: Reuniclus
|-damage|p2a: Reuniclus|47/100 brn
|
|-weather|Hail|[upkeep]
|-damage|p1a: Ferrothorn|63/100|[from] Hail
|-heal|p2a: Reuniclus|53/100 brn|[from] item: Leftovers
|-heal|p1a: Ferrothorn|70/100|[from] item: Leftovers
|upkeep
|turn|36
|c|☆SK8HEAD|or
|c|☆SK8HEAD|nah
|c|☆SK8HEAD|he hittingnext
|
|t:|1707672824
|move|p2a: Reuniclus|Focus Blast|p1a: Ferrothorn|[miss]
|-miss|p2a: Reuniclus|p1a: Ferrothorn
|move|p1a: Ferrothorn|Power Whip|p2a: Reuniclus
|-damage|p2a: Reuniclus|0 fnt
|faint|p2a: Reuniclus
|
|-weather|Hail|[upkeep]
|-damage|p1a: Ferrothorn|63/100|[from] Hail
|-heal|p1a: Ferrothorn|70/100|[from] item: Leftovers
|upkeep
|c|☆SK8HEAD|damn
|c|☆SK8HEAD|ferro king
|
|t:|1707672848
|switch|p2a: Forretress|Forretress, F|100/100
|turn|37
|c| el janitor|focus blast in a nutshell
|
|t:|1707672854
|move|p2a: Forretress|Hidden Power|p1a: Ferrothorn
|-supereffective|p1a: Ferrothorn
|-damage|p1a: Ferrothorn|42/100
|move|p1a: Ferrothorn|Curse|p1a: Ferrothorn
|-unboost|p1a: Ferrothorn|spe|1
|-boost|p1a: Ferrothorn|atk|1
|-boost|p1a: Ferrothorn|def|1
|
|-weather|Hail|[upkeep]
|-damage|p1a: Ferrothorn|36/100|[from] Hail
|-heal|p1a: Ferrothorn|42/100|[from] item: Leftovers
|upkeep
|turn|38
|
|t:|1707672866
|move|p2a: Forretress|Hidden Power|p1a: Ferrothorn
|-supereffective|p1a: Ferrothorn
|-damage|p1a: Ferrothorn|15/100
|move|p1a: Ferrothorn|Power Whip|p2a: Forretress
|-resisted|p2a: Forretress
|-damage|p2a: Forretress|86/100
|
|-weather|Hail|[upkeep]
|-damage|p1a: Ferrothorn|9/100|[from] Hail
|-heal|p2a: Forretress|93/100|[from] item: Leftovers
|-heal|p1a: Ferrothorn|15/100|[from] item: Leftovers
|upkeep
|turn|39
|c|☆SK8HEAD|yo wtf
|
|t:|1707672873
|switch|p1a: Gliscor|Gliscor, M|64/100 tox
|-damage|p1a: Gliscor|52/100 tox|[from] Stealth Rock
|move|p2a: Forretress|Hidden Power|p1a: Gliscor
|-damage|p1a: Gliscor|39/100 tox
|
|-weather|Hail|[upkeep]
|-damage|p1a: Gliscor|33/100 tox|[from] Hail
|-heal|p2a: Forretress|99/100|[from] item: Leftovers
|-heal|p1a: Gliscor|46/100 tox|[from] ability: Poison Heal
|upkeep
|turn|40
|
|t:|1707672883
|move|p1a: Gliscor|U-turn|p2a: Forretress
|-resisted|p2a: Forretress
|-damage|p2a: Forretress|95/100
|
|t:|1707672886
|switch|p1a: Ferrothorn|Ferrothorn, F|15/100|[from] U-turn
|-damage|p1a: Ferrothorn|9/100|[from] Stealth Rock
|move|p2a: Forretress|Hidden Power|p1a: Ferrothorn
|-supereffective|p1a: Ferrothorn
|-damage|p1a: Ferrothorn|0 fnt
|faint|p1a: Ferrothorn
|
|-weather|Hail|[upkeep]
|-heal|p2a: Forretress|100/100|[from] item: Leftovers
|upkeep
|
|t:|1707672888
|switch|p1a: Gliscor|Gliscor, M|46/100 tox
|-damage|p1a: Gliscor|33/100 tox|[from] Stealth Rock
|turn|41
|
|t:|1707672890
|move|p1a: Gliscor|Earthquake|p2a: Forretress
|-damage|p2a: Forretress|82/100
|move|p2a: Forretress|Hidden Power|p1a: Gliscor
|-damage|p1a: Gliscor|22/100 tox
|
|-weather|Hail|[upkeep]
|-damage|p1a: Gliscor|15/100 tox|[from] Hail
|-heal|p2a: Forretress|89/100|[from] item: Leftovers
|-heal|p1a: Gliscor|28/100 tox|[from] ability: Poison Heal
|upkeep
|turn|42
|
|t:|1707672894
|move|p1a: Gliscor|Protect|p1a: Gliscor
|-singleturn|p1a: Gliscor|Protect
|move|p2a: Forretress|Hidden Power|p1a: Gliscor
|-activate|p1a: Gliscor|move: Protect
|
|-weather|Hail|[upkeep]
|-damage|p1a: Gliscor|22/100 tox|[from] Hail
|-heal|p2a: Forretress|95/100|[from] item: Leftovers
|-heal|p1a: Gliscor|34/100 tox|[from] ability: Poison Heal
|upkeep
|turn|43
|
|t:|1707672896
|move|p1a: Gliscor|Stealth Rock|p2a: Forretress
|-sidestart|p2: bw lordd moonman|move: Stealth Rock
|move|p2a: Forretress|Hidden Power|p1a: Gliscor
|-damage|p1a: Gliscor|23/100 tox
|
|-weather|Hail|[upkeep]
|-damage|p1a: Gliscor|17/100 tox|[from] Hail
|-heal|p2a: Forretress|100/100|[from] item: Leftovers
|-heal|p1a: Gliscor|29/100 tox|[from] ability: Poison Heal
|upkeep
|turn|44
|
|t:|1707672899
|move|p1a: Gliscor|Protect|p1a: Gliscor
|-singleturn|p1a: Gliscor|Protect
|move|p2a: Forretress|Hidden Power|p1a: Gliscor
|-activate|p1a: Gliscor|move: Protect
|
|-weather|Hail|[upkeep]
|-damage|p1a: Gliscor|23/100 tox|[from] Hail
|-heal|p1a: Gliscor|36/100 tox|[from] ability: Poison Heal
|upkeep
|turn|45
|
|t:|1707672902
|move|p1a: Gliscor|Earthquake|p2a: Forretress
|-damage|p2a: Forretress|84/100
|move|p2a: Forretress|Hidden Power|p1a: Gliscor
|-damage|p1a: Gliscor|24/100 tox
|
|-weather|Hail|[upkeep]
|-damage|p1a: Gliscor|18/100 tox|[from] Hail
|-heal|p2a: Forretress|90/100|[from] item: Leftovers
|-heal|p1a: Gliscor|30/100 tox|[from] ability: Poison Heal
|upkeep
|turn|46
|
|t:|1707672904
|move|p1a: Gliscor|Protect|p1a: Gliscor
|-singleturn|p1a: Gliscor|Protect
|move|p2a: Forretress|Rapid Spin|p1a: Gliscor
|-activate|p1a: Gliscor|move: Protect
|
|-weather|Hail|[upkeep]
|-damage|p1a: Gliscor|24/100 tox|[from] Hail
|-heal|p2a: Forretress|97/100|[from] item: Leftovers
|-heal|p1a: Gliscor|37/100 tox|[from] ability: Poison Heal
|upkeep
|turn|47
|
|t:|1707672907
|move|p1a: Gliscor|Protect|p1a: Gliscor
|-singleturn|p1a: Gliscor|Protect
|move|p2a: Forretress|Rapid Spin|p1a: Gliscor
|-activate|p1a: Gliscor|move: Protect
|
|-weather|Hail|[upkeep]
|-damage|p1a: Gliscor|30/100 tox|[from] Hail
|-heal|p2a: Forretress|100/100|[from] item: Leftovers
|-heal|p1a: Gliscor|43/100 tox|[from] ability: Poison Heal
|upkeep
|turn|48
|
|t:|1707672910
|move|p1a: Gliscor|Earthquake|p2a: Forretress
|-damage|p2a: Forretress|84/100
|move|p2a: Forretress|Rapid Spin|p1a: Gliscor
|-damage|p1a: Gliscor|40/100 tox
|-sideend|p2: bw lordd moonman|Stealth Rock|[from] move: Rapid Spin|[of] p2a: Forretress
|
|-weather|Hail|[upkeep]
|-damage|p1a: Gliscor|33/100 tox|[from] Hail
|-heal|p2a: Forretress|90/100|[from] item: Leftovers
|-heal|p1a: Gliscor|46/100 tox|[from] ability: Poison Heal
|upkeep
|turn|49
|
|t:|1707672914
|switch|p2a: Gliscor|Gliscor, F|72/100 tox
|move|p1a: Gliscor|Stealth Rock|p2a: Gliscor
|-sidestart|p2: bw lordd moonman|move: Stealth Rock
|
|-weather|Hail|[upkeep]
|-damage|p2a: Gliscor|66/100 tox|[from] Hail
|-damage|p1a: Gliscor|40/100 tox|[from] Hail
|-heal|p2a: Gliscor|78/100 tox|[from] ability: Poison Heal
|-heal|p1a: Gliscor|52/100 tox|[from] ability: Poison Heal
|upkeep
|turn|50
|c|☆SK8HEAD|gg man
|c|☆bw lordd moonman|ff
|c|☆bw lordd moonman|gg*
|c|☆SK8HEAD|fuck am i wasting ur time for
|-message|SK8HEAD forfeited.
|
|win|bw lordd moonman
|raw|SK8HEAD's rating: 1420 &rarr; <strong>1407</strong><br />(-13 for losing)
|raw|bw lordd moonman's rating: 1550 &rarr; <strong>1563</strong><br />(+13 for winning)
|c|☆bw lordd moonman|chill man its a game
|c|☆bw lordd moonman|gg
