|j|☆CroCoeur
|j|☆gengaster
|player|p1|CroCoeur|161
|player|p2|gengaster|89
|teamsize|p1|6
|teamsize|p2|6
|gametype|singles
|gen|5
|tier|[Gen 5] OU
|rated|
|rule|Sleep Clause Mod: Limit one foe put to sleep
|rule|Species Clause: Limit one of each Pokémon
|rule|OHKO Clause: OHKO moves are banned
|rule|Moody Clause: Moody is banned
|rule|Evasion Moves Clause: Evasion moves are banned
|rule|Endless Battle Clause: Forcing endless battles is banned
|rule|HP Percentage Mod: HP is shown in percentages
|rule|Evasion Abilities Clause: Evasion abilities are banned
|rule|Baton Pass Clause: Limit one Baton Passer, can't pass Spe and other stats simultaneously
|rule|Swagger Clause: Swagger is banned
|clearpoke
|poke|p1|Politoed, M|item
|poke|p1|Vaporeon, F|item
|poke|p1|Celebi|item
|poke|p1|Ferrothorn, M|item
|poke|p1|Latios, M|item
|poke|p1|Jirachi|item
|poke|p2|Tyranitar, M|item
|poke|p2|Latios, M|item
|poke|p2|Mew|item
|poke|p2|Heatran, M|item
|poke|p2|Landorus-Therian, M|item
|poke|p2|Keldeo|item
|teampreview
|inactive|Battle timer is ON: inactive players will automatically lose when time's up. (requested by CroCoeur)
|
|start
|switch|p1a: Politoed|Politoed, M|100/100
|switch|p2a: Landorus|Landorus-Therian, M|100/100
|-ability|p2a: Landorus|Intimidate|boost
|-unboost|p1a: Politoed|atk|1
|-weather|RainDance|[from] ability: Drizzle|[of] p1a: Politoed
|turn|1
|
|switch|p1a: Ferrothorn|Ferrothorn, M|100/100
|move|p2a: Landorus|U-turn|p1a: Ferrothorn
|-damage|p1a: Ferrothorn|84/100
|-damage|p2a: Landorus|88/100|[from] ability: Iron Barbs|[of] p1a: Ferrothorn
|j| Electrode is God
|l| Electrode is God
|inactive|gengaster has 120 seconds left.
|
|switch|p2a: Heatran|Heatran, M|100/100
|-item|p2a: Heatran|Air Balloon
|
|-weather|RainDance|[upkeep]
|-heal|p1a: Ferrothorn|90/100|[from] item: Leftovers
|upkeep
|turn|2
|
|move|p2a: Heatran|Will-O-Wisp|p1a: Ferrothorn
|-status|p1a: Ferrothorn|brn
|move|p1a: Ferrothorn|Stealth Rock|p2a: Heatran
|-sidestart|p2: gengaster|move: Stealth Rock
|
|-weather|RainDance|[upkeep]
|-heal|p1a: Ferrothorn|96/100 brn|[from] item: Leftovers
|-damage|p1a: Ferrothorn|84/100 brn|[from] brn
|upkeep
|turn|3
|
|move|p2a: Heatran|Magma Storm|p1a: Ferrothorn
|-supereffective|p1a: Ferrothorn
|-damage|p1a: Ferrothorn|0 fnt
|faint|p1a: Ferrothorn
|
|-weather|RainDance|[upkeep]
|upkeep
|
|switch|p1a: Vaporeon|Vaporeon, F|100/100
|turn|4
|
|switch|p2a: Latios|Latios, M|100/100
|-damage|p2a: Latios|88/100|[from] Stealth Rock
|move|p1a: Vaporeon|Scald|p2a: Latios
|-resisted|p2a: Latios
|-damage|p2a: Latios|65/100
|
|-weather|RainDance|[upkeep]
|upkeep
|turn|5
|l|☆gengaster
|inactive|gengaster disconnected and has a minute to reconnect!
|player|p2|
|j|☆gengaster
|inactive|gengaster reconnected and has 135 seconds left.
|player|p2|gengaster|89
|j| ozoccw
|inactive|gengaster has 120 seconds left.
|
|move|p2a: Latios|Surf|p1a: Vaporeon
|-resisted|p1a: Vaporeon
|-damage|p1a: Vaporeon|79/100
|move|p1a: Vaporeon|Rest|p1a: Vaporeon
|-status|p1a: Vaporeon|slp
|-heal|p1a: Vaporeon|100/100 slp|[silent]
|-status|p1a: Vaporeon|slp|[from] move: Rest
|
|-weather|RainDance|[upkeep]
|-activate|p1a: Vaporeon|ability: Hydration
|-curestatus|p1a: Vaporeon|slp|[msg]
|upkeep
|turn|6
|
|switch|p2a: Mew|Mew|100/100
|-damage|p2a: Mew|88/100|[from] Stealth Rock
|move|p1a: Vaporeon|Scald|p2a: Mew
|-crit|p2a: Mew
|-damage|p2a: Mew|18/100
|
|-weather|RainDance|[upkeep]
|-heal|p2a: Mew|24/100|[from] item: Leftovers
|upkeep
|turn|7
|
|move|p2a: Mew|Soft-Boiled|p2a: Mew
|-heal|p2a: Mew|74/100
|move|p1a: Vaporeon|Scald|p2a: Mew
|-damage|p2a: Mew|35/100
|
|-weather|RainDance|[upkeep]
|-heal|p2a: Mew|42/100|[from] item: Leftovers
|upkeep
|turn|8
|
|move|p2a: Mew|Soft-Boiled|p2a: Mew
|-heal|p2a: Mew|92/100
|move|p1a: Vaporeon|Scald|p2a: Mew
|-damage|p2a: Mew|56/100
|
|-weather|RainDance|[upkeep]
|-heal|p2a: Mew|62/100|[from] item: Leftovers
|upkeep
|turn|9
|
|move|p2a: Mew|Soft-Boiled|p2a: Mew
|-heal|p2a: Mew|100/100
|move|p1a: Vaporeon|Roar|p2a: Mew
|drag|p2a: Tyranitar|Tyranitar, M|100/100
|-damage|p2a: Tyranitar|88/100|[from] Stealth Rock
|-weather|Sandstorm|[from] ability: Sand Stream|[of] p2a: Tyranitar
|
|-weather|Sandstorm|[upkeep]
|-damage|p1a: Vaporeon|94/100|[from] Sandstorm
|-heal|p1a: Vaporeon|100/100|[from] item: Leftovers
|upkeep
|turn|10
|
|move|p2a: Tyranitar|Stealth Rock|p1a: Vaporeon
|-sidestart|p1: CroCoeur|move: Stealth Rock
|move|p1a: Vaporeon|Scald|p2a: Tyranitar
|-supereffective|p2a: Tyranitar
|-damage|p2a: Tyranitar|53/100
|
|-weather|Sandstorm|[upkeep]
|-damage|p1a: Vaporeon|94/100|[from] Sandstorm
|-heal|p1a: Vaporeon|100/100|[from] item: Leftovers
|upkeep
|turn|11
|
|switch|p2a: Latios|Latios, M|65/100
|-damage|p2a: Latios|53/100|[from] Stealth Rock
|move|p1a: Vaporeon|Scald|p2a: Latios
|-resisted|p2a: Latios
|-damage|p2a: Latios|36/100
|
|-weather|Sandstorm|[upkeep]
|-damage|p2a: Latios|30/100|[from] Sandstorm
|-damage|p1a: Vaporeon|94/100|[from] Sandstorm
|-heal|p1a: Vaporeon|100/100|[from] item: Leftovers
|upkeep
|turn|12
|
|move|p2a: Latios|Draco Meteor|p1a: Vaporeon
|-damage|p1a: Vaporeon|39/100
|-unboost|p2a: Latios|spa|2
|move|p1a: Vaporeon|Rest|p1a: Vaporeon
|-status|p1a: Vaporeon|slp
|-heal|p1a: Vaporeon|100/100 slp|[silent]
|-status|p1a: Vaporeon|slp|[from] move: Rest
|
|-weather|Sandstorm|[upkeep]
|-damage|p2a: Latios|24/100|[from] Sandstorm
|-damage|p1a: Vaporeon|94/100 slp|[from] Sandstorm
|-heal|p1a: Vaporeon|100/100 slp|[from] item: Leftovers
|upkeep
|turn|13
|
|switch|p2a: Keldeo|Keldeo|100/100
|-damage|p2a: Keldeo|94/100|[from] Stealth Rock
|switch|p1a: Politoed|Politoed, M|100/100
|-damage|p1a: Politoed|88/100|[from] Stealth Rock
|-weather|RainDance|[from] ability: Drizzle|[of] p1a: Politoed
|
|-weather|RainDance|[upkeep]
|-heal|p2a: Keldeo|100/100|[from] item: Leftovers
|upkeep
|turn|14
|
|switch|p1a: Celebi|Celebi|100/100
|-damage|p1a: Celebi|88/100|[from] Stealth Rock
|move|p2a: Keldeo|Toxic|p1a: Celebi
|-status|p1a: Celebi|tox
|
|-weather|RainDance|[upkeep]
|-heal|p1a: Celebi|94/100 tox|[from] item: Leftovers
|-damage|p1a: Celebi|88/100 tox|[from] psn
|upkeep
|turn|15
|
|move|p2a: Keldeo|Protect|p2a: Keldeo
|-singleturn|p2a: Keldeo|Protect
|move|p1a: Celebi|Giga Drain|p2a: Keldeo
|-activate|p2a: Keldeo|move: Protect
|
|-weather|RainDance|[upkeep]
|-heal|p1a: Celebi|94/100 tox|[from] item: Leftovers
|-damage|p1a: Celebi|82/100 tox|[from] psn
|upkeep
|turn|16
|
|switch|p2a: Heatran|Heatran, M|100/100
|-damage|p2a: Heatran|88/100|[from] Stealth Rock
|-item|p2a: Heatran|Air Balloon
|switch|p1a: Vaporeon|Vaporeon, F|100/100 slp
|-damage|p1a: Vaporeon|88/100 slp|[from] Stealth Rock
|
|-weather|RainDance|[upkeep]
|-activate|p1a: Vaporeon|ability: Hydration
|-curestatus|p1a: Vaporeon|slp|[msg]
|-heal|p1a: Vaporeon|94/100|[from] item: Leftovers
|upkeep
|turn|17
|
|switch|p2a: Mew|Mew|100/100
|-damage|p2a: Mew|88/100|[from] Stealth Rock
|move|p1a: Vaporeon|Scald|p2a: Mew
|-damage|p2a: Mew|53/100
|
|-weather|RainDance|[upkeep]
|-heal|p2a: Mew|59/100|[from] item: Leftovers
|-heal|p1a: Vaporeon|99/100|[from] item: Leftovers
|upkeep
|turn|18
|
|move|p2a: Mew|Taunt|p1a: Vaporeon
|-start|p1a: Vaporeon|move: Taunt
|move|p1a: Vaporeon|Scald|p2a: Mew
|-damage|p2a: Mew|23/100
|
|-weather|RainDance|[upkeep]
|-heal|p2a: Mew|29/100|[from] item: Leftovers
|-heal|p1a: Vaporeon|100/100|[from] item: Leftovers
|upkeep
|turn|19
|
|move|p2a: Mew|Soft-Boiled|p2a: Mew
|-heal|p2a: Mew|79/100
|move|p1a: Vaporeon|Scald|p2a: Mew
|-damage|p2a: Mew|38/100
|
|-weather|RainDance|[upkeep]
|-heal|p2a: Mew|44/100|[from] item: Leftovers
|upkeep
|turn|20
|
|move|p2a: Mew|Soft-Boiled|p2a: Mew
|-heal|p2a: Mew|94/100
|move|p1a: Vaporeon|Scald|p2a: Mew
|-damage|p2a: Mew|59/100
|
|-weather|RainDance|[upkeep]
|-heal|p2a: Mew|65/100|[from] item: Leftovers
|-end|p1a: Vaporeon|move: Taunt
|upkeep
|turn|21
|
|move|p2a: Mew|Taunt|p1a: Vaporeon
|-start|p1a: Vaporeon|move: Taunt
|move|p1a: Vaporeon|Scald|p2a: Mew
|-damage|p2a: Mew|27/100
|-status|p2a: Mew|brn
|-activate|p2a: Mew|ability: Synchronize
|-status|p1a: Vaporeon|brn
|
|-weather|RainDance|[upkeep]
|-heal|p2a: Mew|33/100 brn|[from] item: Leftovers
|-activate|p1a: Vaporeon|ability: Hydration
|-curestatus|p1a: Vaporeon|brn|[msg]
|-damage|p2a: Mew|21/100 brn|[from] brn
|upkeep
|turn|22
|
|switch|p1a: Latios|Latios, M|100/100
|-damage|p1a: Latios|88/100|[from] Stealth Rock
|move|p2a: Mew|Soft-Boiled|p2a: Mew
|-heal|p2a: Mew|71/100 brn
|
|-weather|RainDance|[upkeep]
|-heal|p2a: Mew|77/100 brn|[from] item: Leftovers
|-damage|p2a: Mew|65/100 brn|[from] brn
|upkeep
|turn|23
|
|switch|p2a: Heatran|Heatran, M|88/100
|-damage|p2a: Heatran|76/100|[from] Stealth Rock
|-item|p2a: Heatran|Air Balloon
|move|p1a: Latios|Surf|p2a: Heatran
|-supereffective|p2a: Heatran
|-damage|p2a: Heatran|0 fnt
|-enditem|p2a: Heatran|Air Balloon
|faint|p2a: Heatran
|
|-weather|RainDance|[upkeep]
|upkeep
|
|switch|p2a: Keldeo|Keldeo|100/100
|-damage|p2a: Keldeo|94/100|[from] Stealth Rock
|turn|24
|
|switch|p1a: Celebi|Celebi|82/100
|-damage|p1a: Celebi|70/100|[from] Stealth Rock
|switch|p2a: Landorus|Landorus-Therian, M|88/100
|-damage|p2a: Landorus|76/100|[from] Stealth Rock
|-ability|p2a: Landorus|Intimidate|boost
|-unboost|p1a: Celebi|atk|1
|
|-weather|RainDance|[upkeep]
|-heal|p1a: Celebi|76/100|[from] item: Leftovers
|upkeep
|turn|25
|
|switch|p1a: Jirachi|Jirachi|100/100
|-damage|p1a: Jirachi|94/100|[from] Stealth Rock
|move|p2a: Landorus|U-turn|p1a: Jirachi
|-damage|p1a: Jirachi|71/100
|
|switch|p2a: Latios|Latios, M|24/100
|-damage|p2a: Latios|12/100|[from] Stealth Rock
|
|-weather|RainDance|[upkeep]
|-heal|p1a: Jirachi|77/100|[from] item: Leftovers
|upkeep
|turn|26
|
|move|p2a: Latios|Surf|p1a: Jirachi
|-damage|p1a: Jirachi|11/100
|move|p1a: Jirachi|Water Pulse|p2a: Latios
|-resisted|p2a: Latios
|-damage|p2a: Latios|1/100
|
|-weather|RainDance|[upkeep]
|-heal|p1a: Jirachi|17/100|[from] item: Leftovers
|upkeep
|turn|27
|
|switch|p1a: Vaporeon|Vaporeon, F|100/100
|-damage|p1a: Vaporeon|88/100|[from] Stealth Rock
|move|p2a: Latios|Surf|p1a: Vaporeon
|-resisted|p1a: Vaporeon
|-damage|p1a: Vaporeon|68/100
|
|-weather|RainDance|[upkeep]
|-heal|p1a: Vaporeon|74/100|[from] item: Leftovers
|upkeep
|turn|28
|
|move|p2a: Latios|Surf|p1a: Vaporeon
|-resisted|p1a: Vaporeon
|-damage|p1a: Vaporeon|54/100
|move|p1a: Vaporeon|Scald|p2a: Latios
|-resisted|p2a: Latios
|-damage|p2a: Latios|0 fnt
|faint|p2a: Latios
|
|-weather|RainDance|[upkeep]
|-heal|p1a: Vaporeon|60/100|[from] item: Leftovers
|upkeep
|
|switch|p2a: Tyranitar|Tyranitar, M|53/100
|-damage|p2a: Tyranitar|41/100|[from] Stealth Rock
|-weather|Sandstorm|[from] ability: Sand Stream|[of] p2a: Tyranitar
|turn|29
|
|move|p2a: Tyranitar|Crunch|p1a: Vaporeon
|-damage|p1a: Vaporeon|13/100
|move|p1a: Vaporeon|Scald|p2a: Tyranitar
|-supereffective|p2a: Tyranitar
|-damage|p2a: Tyranitar|7/100
|
|-weather|Sandstorm|[upkeep]
|-damage|p1a: Vaporeon|7/100|[from] Sandstorm
|-heal|p1a: Vaporeon|13/100|[from] item: Leftovers
|upkeep
|turn|30
|
|-activate|p1a: Vaporeon|move: Pursuit
|move|p2a: Tyranitar|Pursuit|p1a: Vaporeon|[from]Pursuit
|-crit|p1a: Vaporeon
|-damage|p1a: Vaporeon|0 fnt
|faint|p1a: Vaporeon
|
|-weather|Sandstorm|[upkeep]
|upkeep
|
|switch|p1a: Politoed|Politoed, M|88/100
|-damage|p1a: Politoed|76/100|[from] Stealth Rock
|-weather|RainDance|[from] ability: Drizzle|[of] p1a: Politoed
|turn|31
|
|move|p1a: Politoed|Ice Beam|p2a: Tyranitar
|-damage|p2a: Tyranitar|0 fnt
|faint|p2a: Tyranitar
|
|-weather|RainDance|[upkeep]
|upkeep
|
|switch|p2a: Keldeo|Keldeo|94/100
|-damage|p2a: Keldeo|88/100|[from] Stealth Rock
|turn|32
|
|switch|p1a: Jirachi|Jirachi|17/100
|-damage|p1a: Jirachi|11/100|[from] Stealth Rock
|move|p2a: Keldeo|Secret Sword|p1a: Jirachi
|-damage|p1a: Jirachi|0 fnt
|faint|p1a: Jirachi
|
|-weather|RainDance|[upkeep]
|-heal|p2a: Keldeo|94/100|[from] item: Leftovers
|upkeep
|
|switch|p1a: Latios|Latios, M|88/100
|-damage|p1a: Latios|76/100|[from] Stealth Rock
|turn|33
|
|move|p2a: Keldeo|Protect|p2a: Keldeo
|-singleturn|p2a: Keldeo|Protect
|move|p1a: Latios|Psyshock|p2a: Keldeo
|-activate|p2a: Keldeo|move: Protect
|
|-weather|RainDance|[upkeep]
|-heal|p2a: Keldeo|100/100|[from] item: Leftovers
|upkeep
|turn|34
|
|switch|p2a: Mew|Mew|65/100 brn
|-damage|p2a: Mew|52/100 brn|[from] Stealth Rock
|move|p1a: Latios|Psyshock|p2a: Mew
|-resisted|p2a: Mew
|-damage|p2a: Mew|36/100 brn
|
|-weather|RainDance|[upkeep]
|-heal|p2a: Mew|42/100 brn|[from] item: Leftovers
|-damage|p2a: Mew|30/100 brn|[from] brn
|upkeep
|turn|35
|
|switch|p1a: Politoed|Politoed, M|76/100
|-damage|p1a: Politoed|63/100|[from] Stealth Rock
|move|p2a: Mew|Soft-Boiled|p2a: Mew
|-heal|p2a: Mew|80/100 brn
|
|-weather|RainDance|[upkeep]
|-heal|p2a: Mew|86/100 brn|[from] item: Leftovers
|-damage|p2a: Mew|74/100 brn|[from] brn
|upkeep
|turn|36
|
|switch|p2a: Keldeo|Keldeo|100/100
|-damage|p2a: Keldeo|94/100|[from] Stealth Rock
|move|p1a: Politoed|Encore||[still]
|-fail|p1a: Politoed
|
|-weather|RainDance|[upkeep]
|-heal|p2a: Keldeo|100/100|[from] item: Leftovers
|upkeep
|turn|37
|
|switch|p1a: Celebi|Celebi|76/100
|-damage|p1a: Celebi|63/100|[from] Stealth Rock
|switch|p2a: Landorus|Landorus-Therian, M|76/100
|-damage|p2a: Landorus|64/100|[from] Stealth Rock
|-ability|p2a: Landorus|Intimidate|boost
|-unboost|p1a: Celebi|atk|1
|
|-weather|RainDance|[upkeep]
|-heal|p1a: Celebi|70/100|[from] item: Leftovers
|upkeep
|turn|38
|
|switch|p1a: Politoed|Politoed, M|63/100
|-damage|p1a: Politoed|51/100|[from] Stealth Rock
|move|p2a: Landorus|U-turn|p1a: Politoed
|-damage|p1a: Politoed|12/100
|
|switch|p2a: Keldeo|Keldeo|100/100
|-damage|p2a: Keldeo|94/100|[from] Stealth Rock
|
|-weather|RainDance|[upkeep]
|-heal|p2a: Keldeo|100/100|[from] item: Leftovers
|upkeep
|turn|39
|
|move|p1a: Politoed|Hydro Pump|p2a: Keldeo
|-resisted|p2a: Keldeo
|-damage|p2a: Keldeo|60/100
|move|p2a: Keldeo|Scald|p1a: Politoed
|-resisted|p1a: Politoed
|-damage|p1a: Politoed|0 fnt
|faint|p1a: Politoed
|
|-weather|RainDance|[upkeep]
|-heal|p2a: Keldeo|66/100|[from] item: Leftovers
|upkeep
|
|switch|p1a: Latios|Latios, M|76/100
|-damage|p1a: Latios|64/100|[from] Stealth Rock
|turn|40
|
|move|p2a: Keldeo|Protect|p2a: Keldeo
|-singleturn|p2a: Keldeo|Protect
|move|p1a: Latios|Draco Meteor|p2a: Keldeo
|-activate|p2a: Keldeo|move: Protect
|
|-weather|RainDance|[upkeep]
|-heal|p2a: Keldeo|73/100|[from] item: Leftovers
|upkeep
|turn|41
|
|move|p1a: Latios|Draco Meteor|p2a: Keldeo
|-crit|p2a: Keldeo
|-damage|p2a: Keldeo|0 fnt
|-unboost|p1a: Latios|spa|2
|faint|p2a: Keldeo
|
|-weather|RainDance|[upkeep]
|upkeep
|
|switch|p2a: Mew|Mew|74/100 brn
|-damage|p2a: Mew|61/100 brn|[from] Stealth Rock
|turn|42
|
|switch|p1a: Celebi|Celebi|70/100
|-damage|p1a: Celebi|57/100|[from] Stealth Rock
|switch|p2a: Landorus|Landorus-Therian, M|64/100
|-damage|p2a: Landorus|51/100|[from] Stealth Rock
|-ability|p2a: Landorus|Intimidate|boost
|-unboost|p1a: Celebi|atk|1
|
|-weather|RainDance|[upkeep]
|-heal|p1a: Celebi|63/100|[from] item: Leftovers
|upkeep
|turn|43
|
|move|p2a: Landorus|U-turn|p1a: Celebi
|-supereffective|p1a: Celebi
|-damage|p1a: Celebi|0 fnt
|faint|p1a: Celebi
|
|switch|p2a: Mew|Mew|61/100 brn
|-damage|p2a: Mew|49/100 brn|[from] Stealth Rock
|
|-weather|RainDance|[upkeep]
|-heal|p2a: Mew|55/100 brn|[from] item: Leftovers
|-damage|p2a: Mew|43/100 brn|[from] brn
|upkeep
|
|switch|p1a: Latios|Latios, M|64/100
|-damage|p1a: Latios|51/100|[from] Stealth Rock
|turn|44
|
|move|p1a: Latios|Surf|p2a: Mew
|-damage|p2a: Mew|2/100 brn
|move|p2a: Mew|Soft-Boiled|p2a: Mew
|-heal|p2a: Mew|52/100 brn
|
|-weather|RainDance|[upkeep]
|-heal|p2a: Mew|59/100 brn|[from] item: Leftovers
|-damage|p2a: Mew|46/100 brn|[from] brn
|upkeep
|turn|45
|
|move|p1a: Latios|Surf|p2a: Mew
|-damage|p2a: Mew|0 fnt
|faint|p2a: Mew
|
|-weather|RainDance|[upkeep]
|upkeep
|c|☆CroCoeur|Gg
|
|switch|p2a: Landorus|Landorus-Therian, M|51/100
|-damage|p2a: Landorus|39/100|[from] Stealth Rock
|-ability|p2a: Landorus|Intimidate|boost
|-unboost|p1a: Latios|atk|1
|turn|46
|
|move|p1a: Latios|Surf|p2a: Landorus
|-supereffective|p2a: Landorus
|-damage|p2a: Landorus|0 fnt
|faint|p2a: Landorus
|
|win|CroCoeur
|l|☆gengaster
|raw|CroCoeur's rating: 1376 &rarr; <strong>1394</strong><br />(+18 for winning)
|raw|gengaster's rating: 1336 &rarr; <strong>1319</strong><br />(-17 for losing)
