|j|☆Bwr the za
|j|☆rabian
|t:|1719454356
|gametype|singles
|player|p1|Bwr the za|2|1315
|player|p2|rabian|iris-gen5bw2|1309
|teamsize|p1|6
|teamsize|p2|6
|gen|5
|tier|[Gen 5] OU
|rated|
|rule|Species Clause: Limit one of each Pokémon
|rule|OHKO Clause: OHKO moves are banned
|rule|Moody Clause: Moody is banned
|rule|Evasion Items Clause: Evasion items are banned
|rule|Evasion Moves Clause: Evasion moves are banned
|rule|Endless Battle Clause: Forcing endless battles is banned
|rule|HP Percentage Mod: HP is shown in percentages
|rule|Evasion Abilities Clause: Evasion abilities are banned
|rule|Sleep Moves Clause: Sleep-inducing moves are banned
|rule|Swagger Clause: Swagger is banned
|rule|Baton Pass Stat Clause: No Baton Passer may have a way to boost its stats
|clearpoke
|poke|p1|Politoed, F|item
|poke|p1|Mamoswine, F|item
|poke|p1|Magnezone|item
|poke|p1|Gyarados, F|item
|poke|p1|Starmie|item
|poke|p1|Ferrothorn, M|item
|poke|p2|Jolteon, M|item
|poke|p2|Ferrothorn, M|item
|poke|p2|Politoed, F|item
|poke|p2|Gyarados, F|item
|poke|p2|Toxicroak, F|item
|poke|p2|Tentacruel, M|item
|teampreview
|c|☆rabian|glhf!
|
|t:|1719454371
|start
|switch|p1a: Ferrothorn|Ferrothorn, M|100/100
|switch|p2a: Look at this boi|Jolteon, M|100/100
|turn|1
|
|t:|1719454374
|move|p2a: Look at this boi|Volt Switch|p1a: Ferrothorn
|-resisted|p1a: Ferrothorn
|-damage|p1a: Ferrothorn|91/100
|
|t:|1719454377
|switch|p2a: Weather Setter|Politoed, F|100/100|[from] Volt Switch
|-weather|RainDance|[from] ability: Drizzle|[of] p2a: Weather Setter
|move|p1a: Ferrothorn|Stealth Rock|p2a: Weather Setter
|-sidestart|p2: rabian|move: Stealth Rock
|
|-weather|RainDance|[upkeep]
|-heal|p1a: Ferrothorn|97/100|[from] item: Leftovers
|upkeep
|turn|2
|
|t:|1719454380
|switch|p2a: Squid|Tentacruel, M|100/100
|-damage|p2a: Squid|88/100|[from] Stealth Rock
|move|p1a: Ferrothorn|Spikes|p2a: Squid
|-sidestart|p2: rabian|Spikes
|
|-weather|RainDance|[upkeep]
|-heal|p2a: Squid|94/100|[from] ability: Rain Dish
|-heal|p2a: Squid|99/100|[from] item: Black Sludge
|-heal|p1a: Ferrothorn|100/100|[from] item: Leftovers
|upkeep
|turn|3
|
|t:|1719454384
|move|p2a: Squid|Rapid Spin|p1a: Ferrothorn
|-resisted|p1a: Ferrothorn
|-damage|p1a: Ferrothorn|99/100
|-damage|p2a: Squid|88/100|[from] ability: Iron Barbs|[of] p1a: Ferrothorn
|-sideend|p2: rabian|Spikes|[from] move: Rapid Spin|[of] p2a: Squid
|-sideend|p2: rabian|Stealth Rock|[from] move: Rapid Spin|[of] p2a: Squid
|move|p1a: Ferrothorn|Leech Seed|p2a: Squid
|-start|p2a: Squid|move: Leech Seed
|
|-weather|RainDance|[upkeep]
|-heal|p2a: Squid|94/100|[from] ability: Rain Dish
|-heal|p2a: Squid|99/100|[from] item: Black Sludge
|-heal|p1a: Ferrothorn|100/100|[from] item: Leftovers
|-damage|p2a: Squid|88/100|[from] Leech Seed|[of] p1a: Ferrothorn
|upkeep
|turn|4
|
|t:|1719454388
|move|p2a: Squid|Scald|p1a: Ferrothorn
|-resisted|p1a: Ferrothorn
|-damage|p1a: Ferrothorn|90/100
|move|p1a: Ferrothorn|Power Whip|p2a: Squid
|-damage|p2a: Squid|38/100
|
|-weather|RainDance|[upkeep]
|-heal|p2a: Squid|44/100|[from] ability: Rain Dish
|-heal|p2a: Squid|50/100|[from] item: Black Sludge
|-heal|p1a: Ferrothorn|97/100|[from] item: Leftovers
|-damage|p2a: Squid|38/100|[from] Leech Seed|[of] p1a: Ferrothorn
|-heal|p1a: Ferrothorn|100/100|[silent]
|upkeep
|turn|5
|
|t:|1719454392
|move|p2a: Squid|Scald|p1a: Ferrothorn
|-resisted|p1a: Ferrothorn
|-damage|p1a: Ferrothorn|90/100
|-status|p1a: Ferrothorn|brn
|move|p1a: Ferrothorn|Stealth Rock|p2a: Squid
|-sidestart|p2: rabian|move: Stealth Rock
|
|-weather|RainDance|[upkeep]
|-heal|p2a: Squid|44/100|[from] ability: Rain Dish
|-heal|p2a: Squid|50/100|[from] item: Black Sludge
|-heal|p1a: Ferrothorn|97/100 brn|[from] item: Leftovers
|-damage|p2a: Squid|38/100|[from] Leech Seed|[of] p1a: Ferrothorn
|-heal|p1a: Ferrothorn|100/100 brn|[silent]
|-damage|p1a: Ferrothorn|88/100 brn|[from] brn
|upkeep
|turn|6
|
|t:|1719454399
|move|p2a: Squid|Rapid Spin|p1a: Ferrothorn
|-resisted|p1a: Ferrothorn
|-damage|p1a: Ferrothorn|87/100 brn
|-damage|p2a: Squid|25/100|[from] ability: Iron Barbs|[of] p1a: Ferrothorn
|-end|p2a: Squid|Leech Seed|[from] move: Rapid Spin|[of] p2a: Squid
|-sideend|p2: rabian|Stealth Rock|[from] move: Rapid Spin|[of] p2a: Squid
|move|p1a: Ferrothorn|Power Whip|p2a: Squid
|-damage|p2a: Squid|0 fnt
|faint|p2a: Squid
|
|-weather|RainDance|[upkeep]
|-heal|p1a: Ferrothorn|93/100 brn|[from] item: Leftovers
|-damage|p1a: Ferrothorn|81/100 brn|[from] brn
|upkeep
|
|t:|1719454407
|switch|p2a: Trans Flag|Toxicroak, F, shiny|100/100
|turn|7
|
|t:|1719454411
|switch|p1a: Gyarados|Gyarados, F|100/100
|-ability|p1a: Gyarados|Intimidate|boost
|-unboost|p2a: Trans Flag|atk|1
|move|p2a: Trans Flag|Taunt|p1a: Gyarados
|-start|p1a: Gyarados|move: Taunt
|
|-weather|RainDance|[upkeep]
|upkeep
|turn|8
|
|t:|1719454423
|switch|p2a: Just A Magikarp|Gyarados, F, shiny|100/100
|-ability|p2a: Just A Magikarp|Intimidate|boost
|-unboost|p1a: Gyarados|atk|1
|switch|p1a: Starmie|Starmie|100/100
|-item|p1a: Starmie|Air Balloon
|
|-weather|RainDance|[upkeep]
|upkeep
|turn|9
|
|t:|1719454428
|switch|p2a: Wall|Ferrothorn, M|100/100
|move|p1a: Starmie|Thunder|p2a: Wall
|-resisted|p2a: Wall
|-damage|p2a: Wall|80/100
|
|-weather|RainDance|[upkeep]
|-heal|p2a: Wall|86/100|[from] item: Leftovers
|upkeep
|turn|10
|
|t:|1719454437
|switch|p1a: Magnezone|Magnezone|100/100
|switch|p2a: Weather Setter|Politoed, F|100/100
|
|-weather|RainDance|[upkeep]
|upkeep
|turn|11
|
|t:|1719454442
|switch|p2a: Look at this boi|Jolteon, M|100/100
|move|p1a: Magnezone|Thunder|p2a: Look at this boi
|-immune|p2a: Look at this boi|[from] ability: Volt Absorb
|
|-weather|RainDance|[upkeep]
|upkeep
|turn|12
|
|t:|1719454444
|switch|p1a: Mamoswine|Mamoswine, F|100/100
|move|p2a: Look at this boi|Charm|p1a: Mamoswine
|-unboost|p1a: Mamoswine|atk|2
|
|-weather|RainDance|[upkeep]
|upkeep
|turn|13
|
|t:|1719454451
|switch|p2a: Just A Magikarp|Gyarados, F, shiny|100/100
|-ability|p2a: Just A Magikarp|Intimidate|boost
|-unboost|p1a: Mamoswine|atk|1
|move|p1a: Mamoswine|Earthquake|p2a: Just A Magikarp
|-immune|p2a: Just A Magikarp
|
|-weather|RainDance|[upkeep]
|upkeep
|turn|14
|
|t:|1719454459
|switch|p1a: Starmie|Starmie|100/100
|-item|p1a: Starmie|Air Balloon
|move|p2a: Just A Magikarp|Substitute|p2a: Just A Magikarp
|-start|p2a: Just A Magikarp|Substitute
|-damage|p2a: Just A Magikarp|76/100
|
|-weather|RainDance|[upkeep]
|-heal|p2a: Just A Magikarp|82/100|[from] item: Leftovers
|upkeep
|turn|15
|
|t:|1719454461
|move|p1a: Starmie|Thunder|p2a: Just A Magikarp
|-supereffective|p2a: Just A Magikarp
|-end|p2a: Just A Magikarp|Substitute
|move|p2a: Just A Magikarp|Waterfall|p1a: Starmie
|-resisted|p1a: Starmie
|-damage|p1a: Starmie|58/100
|-enditem|p1a: Starmie|Air Balloon
|
|-weather|RainDance|[upkeep]
|-heal|p2a: Just A Magikarp|88/100|[from] item: Leftovers
|upkeep
|turn|16
|
|t:|1719454469
|switch|p2a: Look at this boi|Jolteon, M|100/100
|move|p1a: Starmie|Hydro Pump|p2a: Look at this boi|[miss]
|-miss|p1a: Starmie|p2a: Look at this boi
|
|-weather|RainDance|[upkeep]
|upkeep
|turn|17
|c|☆rabian|sorry for that miss
|c|☆rabian|it was a good read
|
|t:|1719454484
|switch|p2a: Wall|Ferrothorn, M|86/100
|switch|p1a: Mamoswine|Mamoswine, F|100/100
|
|-weather|RainDance|[upkeep]
|-heal|p2a: Wall|93/100|[from] item: Leftovers
|upkeep
|turn|18
|
|t:|1719454495
|switch|p1a: Magnezone|Magnezone|100/100
|switch|p2a: Just A Magikarp|Gyarados, F, shiny|88/100
|-ability|p2a: Just A Magikarp|Intimidate|boost
|-unboost|p1a: Magnezone|atk|1
|
|-weather|RainDance|[upkeep]
|-heal|p2a: Just A Magikarp|94/100|[from] item: Leftovers
|upkeep
|turn|19
|
|t:|1719454503
|switch|p2a: Look at this boi|Jolteon, M|100/100
|move|p1a: Magnezone|Thunder|p2a: Look at this boi
|-immune|p2a: Look at this boi|[from] ability: Volt Absorb
|
|-weather|RainDance|[upkeep]
|upkeep
|turn|20
|
|t:|1719454511
|switch|p1a: Mamoswine|Mamoswine, F|100/100
|move|p2a: Look at this boi|Charm|p1a: Mamoswine
|-unboost|p1a: Mamoswine|atk|2
|
|-weather|RainDance|[upkeep]
|upkeep
|turn|21
|
|t:|1719454520
|switch|p2a: Just A Magikarp|Gyarados, F, shiny|94/100
|-ability|p2a: Just A Magikarp|Intimidate|boost
|-unboost|p1a: Mamoswine|atk|1
|move|p1a: Mamoswine|Earthquake|p2a: Just A Magikarp
|-immune|p2a: Just A Magikarp
|
|-weather|RainDance|[upkeep]
|-heal|p2a: Just A Magikarp|99/100|[from] item: Leftovers
|upkeep
|turn|22
|
|t:|1719454525
|switch|p1a: Politoed|Politoed, F|100/100
|move|p2a: Just A Magikarp|Substitute|p2a: Just A Magikarp
|-start|p2a: Just A Magikarp|Substitute
|-damage|p2a: Just A Magikarp|75/100
|
|-weather|RainDance|[upkeep]
|-heal|p2a: Just A Magikarp|81/100|[from] item: Leftovers
|upkeep
|turn|23
|
|t:|1719454528
|switch|p2a: Trans Flag|Toxicroak, F, shiny|100/100
|move|p1a: Politoed|Encore||[still]
|-fail|p1a: Politoed
|
|-weather|RainDance|[upkeep]
|upkeep
|turn|24
|
|t:|1719454537
|switch|p1a: Gyarados|Gyarados, F|100/100
|-ability|p1a: Gyarados|Intimidate|boost
|-unboost|p2a: Trans Flag|atk|1
|move|p2a: Trans Flag|Taunt|p1a: Gyarados
|-start|p1a: Gyarados|move: Taunt
|
|-weather|RainDance|[upkeep]
|upkeep
|turn|25
|
|t:|1719454545
|switch|p2a: Just A Magikarp|Gyarados, F, shiny|81/100
|-ability|p2a: Just A Magikarp|Intimidate|boost
|-unboost|p1a: Gyarados|atk|1
|switch|p1a: Politoed|Politoed, F|100/100
|
|-weather|RainDance|[upkeep]
|-heal|p2a: Just A Magikarp|87/100|[from] item: Leftovers
|upkeep
|turn|26
|
|t:|1719454552
|switch|p2a: Trans Flag|Toxicroak, F, shiny|100/100
|move|p1a: Politoed|Ice Beam|p2a: Trans Flag
|-damage|p2a: Trans Flag|65/100
|
|-weather|RainDance|[upkeep]
|-heal|p2a: Trans Flag|78/100|[from] ability: Dry Skin
|upkeep
|turn|27
|
|t:|1719454557
|switch|p1a: Gyarados|Gyarados, F|100/100
|-ability|p1a: Gyarados|Intimidate|boost
|-unboost|p2a: Trans Flag|atk|1
|move|p2a: Trans Flag|Drain Punch|p1a: Gyarados
|-resisted|p1a: Gyarados
|-damage|p1a: Gyarados|85/100
|-heal|p2a: Trans Flag|86/100|[from] drain|[of] p1a: Gyarados
|
|-weather|RainDance|[upkeep]
|-heal|p2a: Trans Flag|99/100|[from] ability: Dry Skin
|-heal|p1a: Gyarados|91/100|[from] item: Leftovers
|upkeep
|turn|28
|
|t:|1719454561
|switch|p2a: Just A Magikarp|Gyarados, F, shiny|87/100
|-ability|p2a: Just A Magikarp|Intimidate|boost
|-unboost|p1a: Gyarados|atk|1
|move|p1a: Gyarados|Dragon Dance|p1a: Gyarados
|-boost|p1a: Gyarados|atk|1
|-boost|p1a: Gyarados|spe|1
|
|-weather|RainDance|[upkeep]
|-heal|p1a: Gyarados|98/100|[from] item: Leftovers
|-heal|p2a: Just A Magikarp|93/100|[from] item: Leftovers
|upkeep
|turn|29
|
|t:|1719454573
|move|p1a: Gyarados|Dragon Dance|p1a: Gyarados
|-boost|p1a: Gyarados|atk|1
|-boost|p1a: Gyarados|spe|1
|move|p2a: Just A Magikarp|Dragon Dance|p2a: Just A Magikarp
|-boost|p2a: Just A Magikarp|atk|1
|-boost|p2a: Just A Magikarp|spe|1
|
|-weather|RainDance|[upkeep]
|-heal|p1a: Gyarados|100/100|[from] item: Leftovers
|-heal|p2a: Just A Magikarp|99/100|[from] item: Leftovers
|upkeep
|turn|30
|
|t:|1719454580
|move|p1a: Gyarados|Dragon Dance|p1a: Gyarados
|-boost|p1a: Gyarados|atk|1
|-boost|p1a: Gyarados|spe|1
|move|p2a: Just A Magikarp|Waterfall|p1a: Gyarados
|-resisted|p1a: Gyarados
|-damage|p1a: Gyarados|52/100
|
|-weather|RainDance|[upkeep]
|-heal|p1a: Gyarados|59/100|[from] item: Leftovers
|-heal|p2a: Just A Magikarp|100/100|[from] item: Leftovers
|upkeep
|turn|31
|
|t:|1719454587
|move|p1a: Gyarados|Waterfall|p2a: Just A Magikarp
|-resisted|p2a: Just A Magikarp
|-damage|p2a: Just A Magikarp|32/100
|move|p2a: Just A Magikarp|Waterfall|p1a: Gyarados
|-resisted|p1a: Gyarados
|-crit|p1a: Gyarados
|-damage|p1a: Gyarados|0 fnt
|faint|p1a: Gyarados
|
|-weather|RainDance|[upkeep]
|-heal|p2a: Just A Magikarp|38/100|[from] item: Leftovers
|upkeep
|c|☆rabian|oof
|c|☆rabian|sorry for that crit
|
|t:|1719454607
|switch|p1a: Mamoswine|Mamoswine, F|100/100
|turn|32
|
|t:|1719454619
|switch|p2a: Wall|Ferrothorn, M|93/100
|move|p1a: Mamoswine|Icicle Crash|p2a: Wall|[miss]
|-miss|p1a: Mamoswine|p2a: Wall
|
|-weather|RainDance|[upkeep]
|-heal|p2a: Wall|99/100|[from] item: Leftovers
|upkeep
|turn|33
|
|t:|1719454653
|switch|p1a: Magnezone|Magnezone|100/100
|switch|p2a: Weather Setter|Politoed, F|100/100
|
|-weather|RainDance|[upkeep]
|upkeep
|turn|34
|
|t:|1719454658
|switch|p2a: Look at this boi|Jolteon, M|100/100
|move|p1a: Magnezone|Substitute|p1a: Magnezone
|-start|p1a: Magnezone|Substitute
|-damage|p1a: Magnezone|76/100
|
|-weather|RainDance|[upkeep]
|-heal|p1a: Magnezone|82/100|[from] item: Leftovers
|upkeep
|turn|35
|
|t:|1719454663
|move|p2a: Look at this boi|Thunder|p1a: Magnezone
|-resisted|p1a: Magnezone
|-end|p1a: Magnezone|Substitute
|move|p1a: Magnezone|Hidden Power|p2a: Look at this boi
|-damage|p2a: Look at this boi|69/100
|
|-weather|RainDance|[upkeep]
|-heal|p1a: Magnezone|88/100|[from] item: Leftovers
|upkeep
|turn|36
|
|t:|1719454676
|switch|p2a: Trans Flag|Toxicroak, F, shiny|99/100
|switch|p1a: Mamoswine|Mamoswine, F|100/100
|
|-weather|RainDance|[upkeep]
|-heal|p2a: Trans Flag|100/100|[from] ability: Dry Skin
|upkeep
|turn|37
|
|t:|1719454682
|move|p1a: Mamoswine|Earthquake|p2a: Trans Flag
|-supereffective|p2a: Trans Flag
|-enditem|p2a: Trans Flag|Focus Sash
|-damage|p2a: Trans Flag|1/100
|move|p2a: Trans Flag|Drain Punch|p1a: Mamoswine
|-supereffective|p1a: Mamoswine
|-damage|p1a: Mamoswine|17/100
|-heal|p2a: Trans Flag|50/100|[from] drain|[of] p1a: Mamoswine
|
|-weather|RainDance|[upkeep]
|-heal|p2a: Trans Flag|62/100|[from] ability: Dry Skin
|upkeep
|turn|38
|
|t:|1719454694
|switch|p1a: Politoed|Politoed, F|100/100
|move|p2a: Trans Flag|Sucker Punch||[still]
|-fail|p2a: Trans Flag
|
|-weather|RainDance|[upkeep]
|-heal|p2a: Trans Flag|75/100|[from] ability: Dry Skin
|upkeep
|turn|39
|
|t:|1719454699
|move|p2a: Trans Flag|Drain Punch|p1a: Politoed
|-damage|p1a: Politoed|63/100
|-heal|p2a: Trans Flag|98/100|[from] drain|[of] p1a: Politoed
|move|p1a: Politoed|Ice Beam|p2a: Trans Flag
|-damage|p2a: Trans Flag|60/100
|
|-weather|RainDance|[upkeep]
|-heal|p2a: Trans Flag|72/100|[from] ability: Dry Skin
|upkeep
|turn|40
|-message|Bwr the za forfeited.
|
|win|rabian
|raw|Bwr the za's rating: 1315 &rarr; <strong>1295</strong><br />(-20 for losing)
|raw|rabian's rating: 1309 &rarr; <strong>1329</strong><br />(+20 for winning)
|l|☆rabian
|player|p2|
