|j|☆xpeps_10
|j|☆Tr in b&w
|t:|1747333748
|gametype|singles
|player|p1|xpeps_10|gentleman-gen4|1336
|player|p2|Tr in b&w|170|1368
|teamsize|p1|6
|teamsize|p2|6
|gen|5
|tier|[Gen 5] OU
|rated|
|rule|Species Clause: Limit one of each Pokémon
|rule|OHKO Clause: OHKO moves are banned
|rule|Moody Clause: Moody is banned
|rule|Evasion Items Clause: Evasion items are banned
|rule|Evasion Moves Clause: Evasion moves are banned
|rule|Endless Battle Clause: Forcing endless battles is banned
|rule|HP Percentage Mod: HP is shown in percentages
|rule|Evasion Abilities Clause: Evasion abilities are banned
|rule|Sleep Moves Clause: Sleep-inducing moves are banned
|rule|Swagger Clause: Swagger is banned
|rule|Baton Pass Stat Clause: No Baton Passer may have a way to boost its stats
|clearpoke
|poke|p1|Politoed, M|item
|poke|p1|Thundurus-Therian, M|item
|poke|p1|Tentacruel, F|item
|poke|p1|Ferrothorn, M|item
|poke|p1|Landorus-Therian, M|item
|poke|p1|Alakazam, F|item
|poke|p2|Cofagrigus, L99, M|item
|poke|p2|Breloom, F|item
|poke|p2|Scizor, F|item
|poke|p2|Jirachi|item
|poke|p2|Heatran, M|item
|poke|p2|Reuniclus, F|item
|teampreview
|inactive|Battle timer is ON: inactive players will automatically lose when time's up. (requested by xpeps_10)
|
|t:|1747333759
|start
|switch|p1a: Politoed|Politoed, M, shiny|100/100
|switch|p2a: Jirachi|Jirachi|100/100
|-weather|RainDance|[from] ability: Drizzle|[of] p1a: Politoed
|turn|1
|c|☆xpeps_10|Glhf
|
|t:|1747333764
|move|p1a: Politoed|Scald|p2a: Jirachi
|-damage|p2a: Jirachi|33/100
|move|p2a: Jirachi|Trick Room|p2a: Jirachi
|-fieldstart|move: Trick Room|[of] p2a: Jirachi
|
|-weather|RainDance|[upkeep]
|upkeep
|turn|2
|
|t:|1747333771
|switch|p2a: Breloom|Breloom, F|100/100
|move|p1a: Politoed|Scald|p2a: Breloom
|-resisted|p2a: Breloom
|-damage|p2a: Breloom|45/100
|-status|p2a: Breloom|brn
|
|-weather|RainDance|[upkeep]
|-damage|p2a: Breloom|33/100 brn|[from] brn
|upkeep
|turn|3
|
|t:|1747333778
|move|p2a: Breloom|Bullet Seed|p1a: Politoed
|-supereffective|p1a: Politoed
|-damage|p1a: Politoed|71/100
|-supereffective|p1a: Politoed
|-damage|p1a: Politoed|39/100
|-hitcount|p1a: Politoed|2
|-damage|p2a: Breloom|23/100 brn|[from] item: Life Orb
|move|p1a: Politoed|Scald|p2a: Breloom
|-resisted|p2a: Breloom
|-damage|p2a: Breloom|0 fnt
|faint|p2a: Breloom
|
|-weather|RainDance|[upkeep]
|upkeep
|
|t:|1747333784
|switch|p2a: Scizor|Scizor, F|100/100
|turn|4
|
|t:|1747333786
|move|p2a: Scizor|U-turn|p1a: Politoed
|-damage|p1a: Politoed|0 fnt
|faint|p1a: Politoed
|
|t:|1747333795
|switch|p2a: Reuniclus|Reuniclus, F|100/100|[from] U-turn
|
|-weather|RainDance|[upkeep]
|upkeep
|
|t:|1747333803
|switch|p1a: Landorus|Landorus-Therian, M|100/100
|-ability|p1a: Landorus|Intimidate|boost
|-unboost|p2a: Reuniclus|atk|1
|turn|5
|
|t:|1747333815
|switch|p2a: Scizor|Scizor, F|100/100
|move|p1a: Landorus|U-turn|p2a: Scizor
|-resisted|p2a: Scizor
|-damage|p2a: Scizor|88/100
|
|t:|1747333818
|switch|p1a: Tentacruel|Tentacruel, F|100/100|[from] U-turn
|
|-weather|RainDance|[upkeep]
|-fieldend|move: Trick Room
|upkeep
|turn|6
|
|t:|1747333825
|move|p1a: Tentacruel|Scald|p2a: Scizor
|-damage|p2a: Scizor|46/100
|move|p2a: Scizor|U-turn|p1a: Tentacruel
|-resisted|p1a: Tentacruel
|-damage|p1a: Tentacruel|66/100
|
|t:|1747333830
|switch|p2a: Reuniclus|Reuniclus, F|100/100|[from] U-turn
|
|-weather|RainDance|[upkeep]
|-heal|p1a: Tentacruel|72/100|[from] ability: Rain Dish
|-heal|p1a: Tentacruel|78/100|[from] item: Black Sludge
|upkeep
|turn|7
|
|t:|1747333836
|move|p1a: Tentacruel|Knock Off|p2a: Reuniclus
|-supereffective|p2a: Reuniclus
|-damage|p2a: Reuniclus|94/100
|-enditem|p2a: Reuniclus|Focus Sash|[from] move: Knock Off|[of] p1a: Tentacruel
|move|p2a: Reuniclus|Psychic|p1a: Tentacruel
|-supereffective|p1a: Tentacruel
|-crit|p1a: Tentacruel
|-damage|p1a: Tentacruel|0 fnt
|faint|p1a: Tentacruel
|
|-weather|RainDance|[upkeep]
|upkeep
|
|t:|1747333844
|switch|p1a: Landorus|Landorus-Therian, M|100/100
|-ability|p1a: Landorus|Intimidate|boost
|-unboost|p2a: Reuniclus|atk|1
|turn|8
|
|t:|1747333850
|switch|p2a: Cofagrigus|Cofagrigus, L99, M|100/100
|move|p1a: Landorus|U-turn|p2a: Cofagrigus
|-resisted|p2a: Cofagrigus
|-damage|p2a: Cofagrigus|91/100
|-activate|p2a: Cofagrigus|ability: Mummy|Intimidate|[of] p1a: Landorus
|
|t:|1747333869
|switch|p1a: Ferrothorn|Ferrothorn, M|100/100|[from] U-turn
|
|-weather|RainDance|[upkeep]
|-heal|p2a: Cofagrigus|98/100|[from] item: Leftovers
|upkeep
|turn|9
|
|t:|1747333872
|move|p2a: Cofagrigus|Magic Coat|p2a: Cofagrigus
|-singleturn|p2a: Cofagrigus|move: Magic Coat
|move|p1a: Ferrothorn|Stealth Rock|p2a: Cofagrigus
|move|p2a: Cofagrigus|Stealth Rock|p1a: Ferrothorn|[from] Magic Coat
|-sidestart|p1: xpeps_10|move: Stealth Rock
|
|-weather|RainDance|[upkeep]
|-heal|p2a: Cofagrigus|100/100|[from] item: Leftovers
|upkeep
|turn|10
|
|t:|1747333881
|move|p2a: Cofagrigus|Will-O-Wisp|p1a: Ferrothorn|[miss]
|-miss|p2a: Cofagrigus|p1a: Ferrothorn
|move|p1a: Ferrothorn|Spikes|p2a: Cofagrigus
|-sidestart|p2: Tr in b&w|Spikes
|
|-weather|RainDance|[upkeep]
|upkeep
|turn|11
|
|t:|1747333893
|move|p2a: Cofagrigus|Will-O-Wisp|p1a: Ferrothorn
|-status|p1a: Ferrothorn|brn
|move|p1a: Ferrothorn|Stealth Rock|p2a: Cofagrigus
|-sidestart|p2: Tr in b&w|move: Stealth Rock
|
|-weather|RainDance|[upkeep]
|-damage|p1a: Ferrothorn|88/100 brn|[from] brn
|upkeep
|turn|12
|
|t:|1747333900
|move|p2a: Cofagrigus|Magic Coat|p2a: Cofagrigus
|-singleturn|p2a: Cofagrigus|move: Magic Coat
|move|p1a: Ferrothorn|Gyro Ball|p2a: Cofagrigus
|-damage|p2a: Cofagrigus|96/100
|-activate|p2a: Cofagrigus|ability: Mummy|Iron Barbs|[of] p1a: Ferrothorn
|
|-weather|RainDance|[upkeep]
|-heal|p2a: Cofagrigus|100/100|[from] item: Leftovers
|-heal|p1a: Ferrothorn|94/100 brn|[from] item: Leftovers
|-damage|p1a: Ferrothorn|82/100 brn|[from] brn
|upkeep
|turn|13
|
|t:|1747333904
|move|p2a: Cofagrigus|Magic Coat|p2a: Cofagrigus
|-singleturn|p2a: Cofagrigus|move: Magic Coat
|move|p1a: Ferrothorn|Spikes|p2a: Cofagrigus
|move|p2a: Cofagrigus|Spikes|p1a: Ferrothorn|[from] Magic Coat
|-sidestart|p1: xpeps_10|Spikes
|
|-weather|RainDance|[upkeep]
|-heal|p1a: Ferrothorn|88/100 brn|[from] item: Leftovers
|-damage|p1a: Ferrothorn|75/100 brn|[from] brn
|upkeep
|turn|14
|
|t:|1747333907
|move|p2a: Cofagrigus|Magic Coat|p2a: Cofagrigus
|-singleturn|p2a: Cofagrigus|move: Magic Coat
|move|p1a: Ferrothorn|Thunder Wave|p2a: Cofagrigus
|move|p2a: Cofagrigus|Thunder Wave||[from] Magic Coat|[still]
|-fail|p2a: Cofagrigus
|
|-weather|RainDance|[upkeep]
|-heal|p1a: Ferrothorn|82/100 brn|[from] item: Leftovers
|-damage|p1a: Ferrothorn|69/100 brn|[from] brn
|upkeep
|turn|15
|
|t:|1747333910
|move|p2a: Cofagrigus|Magic Coat|p2a: Cofagrigus
|-singleturn|p2a: Cofagrigus|move: Magic Coat
|move|p1a: Ferrothorn|Thunder Wave|p2a: Cofagrigus
|move|p2a: Cofagrigus|Thunder Wave||[from] Magic Coat|[still]
|-fail|p2a: Cofagrigus
|
|-weather|RainDance|[upkeep]
|-heal|p1a: Ferrothorn|75/100 brn|[from] item: Leftovers
|-damage|p1a: Ferrothorn|63/100 brn|[from] brn
|upkeep
|turn|16
|
|t:|1747333918
|switch|p1a: Thundurus|Thundurus-Therian, M|100/100
|-damage|p1a: Thundurus|75/100|[from] Stealth Rock
|move|p2a: Cofagrigus|Magic Coat|p2a: Cofagrigus
|-singleturn|p2a: Cofagrigus|move: Magic Coat
|
|-weather|RainDance|[upkeep]
|upkeep
|turn|17
|
|t:|1747333924
|move|p1a: Thundurus|Thunder|p2a: Cofagrigus
|-damage|p2a: Cofagrigus|43/100
|move|p2a: Cofagrigus|Trick Room|p2a: Cofagrigus
|-fieldstart|move: Trick Room|[of] p2a: Cofagrigus
|
|-weather|RainDance|[upkeep]
|-heal|p2a: Cofagrigus|49/100|[from] item: Leftovers
|upkeep
|turn|18
|
|t:|1747333929
|move|p2a: Cofagrigus|Destiny Bond|p2a: Cofagrigus
|-singlemove|p2a: Cofagrigus|Destiny Bond
|move|p1a: Thundurus|Thunder|p2a: Cofagrigus
|-damage|p2a: Cofagrigus|0 fnt
|faint|p2a: Cofagrigus
|-activate|p2a: Cofagrigus|move: Destiny Bond
|faint|p1a: Thundurus
|
|-weather|RainDance|[upkeep]
|upkeep
|
|t:|1747333946
|switch|p2a: Scizor|Scizor, F|46/100
|switch|p1a: Ferrothorn|Ferrothorn, M|63/100 brn
|-damage|p1a: Ferrothorn|57/100 brn|[from] Stealth Rock
|-damage|p1a: Ferrothorn|44/100 brn|[from] Spikes
|-damage|p2a: Scizor|34/100|[from] Spikes
|-damage|p2a: Scizor|22/100|[from] Stealth Rock
|turn|19
|
|t:|1747333951
|move|p1a: Ferrothorn|Thunder Wave|p2a: Scizor
|-status|p2a: Scizor|par
|move|p2a: Scizor|Superpower|p1a: Ferrothorn
|-supereffective|p1a: Ferrothorn
|-damage|p1a: Ferrothorn|0 fnt
|-unboost|p2a: Scizor|atk|1
|-unboost|p2a: Scizor|def|1
|-damage|p2a: Scizor|10/100 par|[from] ability: Iron Barbs|[of] p1a: Ferrothorn
|faint|p1a: Ferrothorn
|
|-weather|RainDance|[upkeep]
|upkeep
|
|t:|1747333961
|switch|p1a: Landorus|Landorus-Therian, M|100/100
|-damage|p1a: Landorus|88/100|[from] Stealth Rock
|-ability|p1a: Landorus|Intimidate|boost
|-unboost|p2a: Scizor|atk|1
|turn|20
|
|t:|1747333984
|move|p2a: Scizor|Superpower|p1a: Landorus
|-resisted|p1a: Landorus
|-damage|p1a: Landorus|69/100
|-unboost|p2a: Scizor|atk|1
|-unboost|p2a: Scizor|def|1
|move|p1a: Landorus|Stone Edge|p2a: Scizor
|-damage|p2a: Scizor|0 fnt
|faint|p2a: Scizor
|
|-weather|RainDance|[upkeep]
|upkeep
|
|t:|1747333988
|switch|p2a: Heatran|Heatran, M|100/100
|-damage|p2a: Heatran|88/100|[from] Stealth Rock
|-item|p2a: Heatran|Air Balloon
|turn|21
|
|t:|1747333990
|move|p2a: Heatran|Hidden Power|p1a: Landorus
|-supereffective|p1a: Landorus
|-damage|p1a: Landorus|0 fnt
|faint|p1a: Landorus
|
|-weather|RainDance|[upkeep]
|-fieldend|move: Trick Room
|upkeep
|
|t:|1747333994
|switch|p1a: Alakazam|Alakazam, F|100/100
|turn|22
|
|t:|1747333996
|move|p1a: Alakazam|Focus Blast|p2a: Heatran
|-supereffective|p2a: Heatran
|-damage|p2a: Heatran|20/100
|-enditem|p2a: Heatran|Air Balloon
|move|p2a: Heatran|Earth Power|p1a: Alakazam
|-damage|p1a: Alakazam|46/100
|-unboost|p1a: Alakazam|spd|1
|
|-weather|RainDance|[upkeep]
|upkeep
|turn|23
|
|t:|1747334000
|move|p1a: Alakazam|Focus Blast|p2a: Heatran
|-supereffective|p2a: Heatran
|-damage|p2a: Heatran|0 fnt
|faint|p2a: Heatran
|
|-weather|RainDance|[upkeep]
|upkeep
|
|t:|1747334002
|switch|p2a: Reuniclus|Reuniclus, F|94/100
|turn|24
|
|t:|1747334006
|move|p1a: Alakazam|Shadow Ball|p2a: Reuniclus
|-supereffective|p2a: Reuniclus
|-damage|p2a: Reuniclus|41/100
|move|p2a: Reuniclus|Shadow Ball|p1a: Alakazam
|-supereffective|p1a: Alakazam
|-damage|p1a: Alakazam|0 fnt
|faint|p1a: Alakazam
|
|win|Tr in b&w
|raw|xpeps_10's rating: 1336 &rarr; <strong>1318</strong><br />(-18 for losing)
|raw|Tr in b&amp;w's rating: 1368 &rarr; <strong>1386</strong><br />(+18 for winning)
|l|☆xpeps_10
|player|p1|
