|j|☆Duke Sux
|j|☆chomp29
|t:|1722401165
|gametype|singles
|player|p1|Duke Sux|101|1286
|player|p2|chomp29|lucas|1551
|teamsize|p1|6
|teamsize|p2|6
|gen|5
|tier|[Gen 5] OU
|rated|
|rule|Species Clause: Limit one of each Pokémon
|rule|OHKO Clause: OHKO moves are banned
|rule|Moody Clause: Moody is banned
|rule|Evasion Items Clause: Evasion items are banned
|rule|Evasion Moves Clause: Evasion moves are banned
|rule|Endless Battle Clause: Forcing endless battles is banned
|rule|HP Percentage Mod: HP is shown in percentages
|rule|Evasion Abilities Clause: Evasion abilities are banned
|rule|Sleep Moves Clause: Sleep-inducing moves are banned
|rule|Swagger Clause: Swagger is banned
|rule|Baton Pass Stat Clause: No Baton Passer may have a way to boost its stats
|clearpoke
|poke|p1|Politoed, F|item
|poke|p1|Tentacruel, F|item
|poke|p1|Ferrothorn, F|item
|poke|p1|Mamoswine, F|item
|poke|p1|Keldeo|item
|poke|p1|Thundurus-Therian, M|item
|poke|p2|Mamoswine, F|item
|poke|p2|Keldeo|item
|poke|p2|Tyranitar, F|item
|poke|p2|Amoonguss, M|item
|poke|p2|Gliscor, F|item
|poke|p2|Excadrill, F|item
|teampreview
|inactive|Battle timer is ON: inactive players will automatically lose when time's up. (requested by Duke Sux)
|
|t:|1722401176
|start
|switch|p1a: Mamoswine|Mamoswine, F|100/100
|switch|p2a: Keldeo|Keldeo|100/100
|turn|1
|
|t:|1722401180
|switch|p1a: Tentacruel|Tentacruel, F|100/100
|move|p2a: Keldeo|Scald|p1a: Tentacruel
|-resisted|p1a: Tentacruel
|-damage|p1a: Tentacruel|86/100
|
|-heal|p1a: Tentacruel|92/100|[from] item: Black Sludge
|upkeep
|turn|2
|
|t:|1722401187
|switch|p2a: Gliscor|Gliscor, F|100/100
|move|p1a: Tentacruel|Scald|p2a: Gliscor
|-supereffective|p2a: Gliscor
|-damage|p2a: Gliscor|53/100
|
|-heal|p1a: Tentacruel|98/100|[from] item: Black Sludge
|-status|p2a: Gliscor|tox|[from] item: Toxic Orb
|upkeep
|turn|3
|
|t:|1722401195
|switch|p1a: Politoed|Politoed, F|100/100
|-weather|RainDance|[from] ability: Drizzle|[of] p1a: Politoed
|move|p2a: Gliscor|Protect||[still]
|-fail|p2a: Gliscor
|
|-weather|RainDance|[upkeep]
|-heal|p2a: Gliscor|65/100 tox|[from] ability: Poison Heal
|upkeep
|turn|4
|
|t:|1722401205
|switch|p2a: Tyranitar|Tyranitar, F|100/100
|-weather|Sandstorm|[from] ability: Sand Stream|[of] p2a: Tyranitar
|switch|p1a: Thundurus|Thundurus-Therian, M|100/100
|
|-weather|Sandstorm|[upkeep]
|-damage|p1a: Thundurus|94/100|[from] Sandstorm
|-heal|p1a: Thundurus|100/100|[from] item: Leftovers
|upkeep
|turn|5
|
|t:|1722401213
|move|p1a: Thundurus|Focus Blast|p2a: Tyranitar
|-supereffective|p2a: Tyranitar
|-damage|p2a: Tyranitar|25/100
|-unboost|p2a: Tyranitar|spd|1
|move|p2a: Tyranitar|Toxic|p1a: Thundurus
|-status|p1a: Thundurus|tox
|
|-weather|Sandstorm|[upkeep]
|-damage|p1a: Thundurus|94/100 tox|[from] Sandstorm
|-heal|p1a: Thundurus|100/100 tox|[from] item: Leftovers
|-heal|p2a: Tyranitar|31/100|[from] item: Leftovers
|-damage|p1a: Thundurus|94/100 tox|[from] psn
|upkeep
|turn|6
|
|t:|1722401222
|switch|p1a: Politoed|Politoed, F|100/100
|-weather|RainDance|[from] ability: Drizzle|[of] p1a: Politoed
|switch|p2a: Gliscor|Gliscor, F|65/100 tox
|
|-weather|RainDance|[upkeep]
|-heal|p2a: Gliscor|78/100 tox|[from] ability: Poison Heal
|upkeep
|turn|7
|
|t:|1722401227
|switch|p1a: Ferrothorn|Ferrothorn, F|100/100
|move|p2a: Gliscor|Protect||[still]
|-fail|p2a: Gliscor
|
|-weather|RainDance|[upkeep]
|-heal|p2a: Gliscor|90/100 tox|[from] ability: Poison Heal
|upkeep
|turn|8
|
|t:|1722401233
|move|p2a: Gliscor|Swords Dance|p2a: Gliscor
|-boost|p2a: Gliscor|atk|2
|move|p1a: Ferrothorn|Stealth Rock|p2a: Gliscor
|-sidestart|p2: chomp29|move: Stealth Rock
|
|-weather|RainDance|[upkeep]
|-heal|p2a: Gliscor|100/100 tox|[from] ability: Poison Heal
|upkeep
|turn|9
|
|t:|1722401239
|switch|p1a: Thundurus|Thundurus-Therian, M|94/100 tox
|move|p2a: Gliscor|Swords Dance|p2a: Gliscor
|-boost|p2a: Gliscor|atk|2
|
|-weather|RainDance|[upkeep]
|-heal|p1a: Thundurus|100/100 tox|[from] item: Leftovers
|-damage|p1a: Thundurus|94/100 tox|[from] psn
|upkeep
|turn|10
|
|t:|1722401246
|switch|p2a: Keldeo|Keldeo|100/100
|-damage|p2a: Keldeo|94/100|[from] Stealth Rock
|move|p1a: Thundurus|Hidden Power|p2a: Keldeo
|-resisted|p2a: Keldeo
|-damage|p2a: Keldeo|79/100
|
|-weather|RainDance|[upkeep]
|-heal|p2a: Keldeo|85/100|[from] item: Leftovers
|-heal|p1a: Thundurus|100/100 tox|[from] item: Leftovers
|-damage|p1a: Thundurus|88/100 tox|[from] psn
|upkeep
|turn|11
|
|t:|1722401251
|move|p2a: Keldeo|Protect|p2a: Keldeo
|-singleturn|p2a: Keldeo|Protect
|move|p1a: Thundurus|Thunder|p2a: Keldeo
|-activate|p2a: Keldeo|move: Protect
|
|-weather|RainDance|[upkeep]
|-heal|p2a: Keldeo|92/100|[from] item: Leftovers
|-heal|p1a: Thundurus|94/100 tox|[from] item: Leftovers
|-damage|p1a: Thundurus|76/100 tox|[from] psn
|upkeep
|turn|12
|
|t:|1722401255
|switch|p1a: Tentacruel|Tentacruel, F|98/100
|move|p2a: Keldeo|Scald|p1a: Tentacruel
|-resisted|p1a: Tentacruel
|-damage|p1a: Tentacruel|74/100
|
|-weather|RainDance|[upkeep]
|-heal|p1a: Tentacruel|80/100|[from] ability: Rain Dish
|-heal|p2a: Keldeo|98/100|[from] item: Leftovers
|-heal|p1a: Tentacruel|86/100|[from] item: Black Sludge
|upkeep
|turn|13
|
|t:|1722401261
|move|p2a: Keldeo|Scald|p1a: Tentacruel
|-resisted|p1a: Tentacruel
|-damage|p1a: Tentacruel|60/100
|-status|p1a: Tentacruel|brn
|move|p1a: Tentacruel|Scald|p2a: Keldeo
|-resisted|p2a: Keldeo
|-crit|p2a: Keldeo
|-damage|p2a: Keldeo|57/100
|
|-weather|RainDance|[upkeep]
|-heal|p1a: Tentacruel|66/100 brn|[from] ability: Rain Dish
|-heal|p2a: Keldeo|64/100|[from] item: Leftovers
|-heal|p1a: Tentacruel|72/100 brn|[from] item: Black Sludge
|-damage|p1a: Tentacruel|60/100 brn|[from] brn
|upkeep
|turn|14
|
|t:|1722401266
|move|p2a: Keldeo|Protect|p2a: Keldeo
|-singleturn|p2a: Keldeo|Protect
|move|p1a: Tentacruel|Scald|p2a: Keldeo
|-activate|p2a: Keldeo|move: Protect
|
|-weather|RainDance|[upkeep]
|-heal|p1a: Tentacruel|66/100 brn|[from] ability: Rain Dish
|-heal|p2a: Keldeo|70/100|[from] item: Leftovers
|-heal|p1a: Tentacruel|72/100 brn|[from] item: Black Sludge
|-damage|p1a: Tentacruel|60/100 brn|[from] brn
|upkeep
|turn|15
|
|t:|1722401270
|switch|p2a: Amoonguss|Amoonguss, M|100/100
|-damage|p2a: Amoonguss|88/100|[from] Stealth Rock
|move|p1a: Tentacruel|Scald|p2a: Amoonguss
|-resisted|p2a: Amoonguss
|-damage|p2a: Amoonguss|76/100
|
|-weather|RainDance|[upkeep]
|-heal|p1a: Tentacruel|66/100 brn|[from] ability: Rain Dish
|-heal|p1a: Tentacruel|72/100 brn|[from] item: Black Sludge
|-heal|p2a: Amoonguss|82/100|[from] item: Black Sludge
|-damage|p1a: Tentacruel|59/100 brn|[from] brn
|upkeep
|turn|16
|
|t:|1722401290
|switch|p1a: Ferrothorn|Ferrothorn, F|100/100
|switch|p2a: Tyranitar|Tyranitar, F|31/100
|-damage|p2a: Tyranitar|19/100|[from] Stealth Rock
|-weather|Sandstorm|[from] ability: Sand Stream|[of] p2a: Tyranitar
|
|-weather|Sandstorm|[upkeep]
|-heal|p2a: Tyranitar|25/100|[from] item: Leftovers
|upkeep
|turn|17
|
|t:|1722401298
|switch|p2a: Excadrill|Excadrill, F|100/100
|-damage|p2a: Excadrill|98/100|[from] Stealth Rock
|move|p1a: Ferrothorn|Power Whip|p2a: Excadrill
|-damage|p2a: Excadrill|42/100
|
|-weather|Sandstorm|[upkeep]
|-heal|p2a: Excadrill|48/100|[from] item: Leftovers
|upkeep
|turn|18
|
|t:|1722401304
|move|p2a: Excadrill|Rapid Spin|p1a: Ferrothorn
|-resisted|p1a: Ferrothorn
|-damage|p1a: Ferrothorn|98/100
|-damage|p2a: Excadrill|36/100|[from] ability: Iron Barbs|[of] p1a: Ferrothorn
|-sideend|p2: chomp29|Stealth Rock|[from] move: Rapid Spin|[of] p2a: Excadrill
|move|p1a: Ferrothorn|Power Whip|p2a: Excadrill
|-damage|p2a: Excadrill|0 fnt
|faint|p2a: Excadrill
|
|-weather|Sandstorm|[upkeep]
|-heal|p1a: Ferrothorn|100/100|[from] item: Leftovers
|upkeep
|
|t:|1722401312
|switch|p2a: Mamoswine|Mamoswine, F|100/100
|turn|19
|
|t:|1722401320
|move|p2a: Mamoswine|Superpower|p1a: Ferrothorn
|-supereffective|p1a: Ferrothorn
|-damage|p1a: Ferrothorn|0 fnt
|-unboost|p2a: Mamoswine|atk|1
|-unboost|p2a: Mamoswine|def|1
|-damage|p2a: Mamoswine|88/100|[from] ability: Iron Barbs|[of] p1a: Ferrothorn
|faint|p1a: Ferrothorn
|
|-weather|Sandstorm|[upkeep]
|upkeep
|
|t:|1722401323
|switch|p1a: Politoed|Politoed, F|100/100
|-weather|RainDance|[from] ability: Drizzle|[of] p1a: Politoed
|turn|20
|
|t:|1722401328
|switch|p2a: Amoonguss|Amoonguss, M|100/100
|move|p1a: Politoed|Scald|p2a: Amoonguss
|-resisted|p2a: Amoonguss
|-damage|p2a: Amoonguss|88/100
|-status|p2a: Amoonguss|brn
|
|-weather|RainDance|[upkeep]
|-heal|p2a: Amoonguss|94/100 brn|[from] item: Black Sludge
|-damage|p2a: Amoonguss|82/100 brn|[from] brn
|upkeep
|turn|21
|
|t:|1722401335
|switch|p1a: Thundurus|Thundurus-Therian, M|76/100 tox
|move|p2a: Amoonguss|Giga Drain|p1a: Thundurus
|-resisted|p1a: Thundurus
|-damage|p1a: Thundurus|61/100 tox
|-heal|p2a: Amoonguss|87/100 brn|[from] drain|[of] p1a: Thundurus
|
|-weather|RainDance|[upkeep]
|-heal|p1a: Thundurus|67/100 tox|[from] item: Leftovers
|-heal|p2a: Amoonguss|93/100 brn|[from] item: Black Sludge
|-damage|p1a: Thundurus|61/100 tox|[from] psn
|-damage|p2a: Amoonguss|81/100 brn|[from] brn
|upkeep
|turn|22
|
|t:|1722401341
|move|p1a: Thundurus|Hidden Power|p2a: Amoonguss
|-supereffective|p2a: Amoonguss
|-damage|p2a: Amoonguss|46/100 brn
|move|p2a: Amoonguss|Sludge Bomb|p1a: Thundurus
|-crit|p1a: Thundurus
|-damage|p1a: Thundurus|0 fnt
|faint|p1a: Thundurus
|
|-weather|RainDance|[upkeep]
|-heal|p2a: Amoonguss|52/100 brn|[from] item: Black Sludge
|-damage|p2a: Amoonguss|39/100 brn|[from] brn
|upkeep
|
|t:|1722401347
|switch|p1a: Mamoswine|Mamoswine, F|100/100
|turn|23
|
|t:|1722401360
|switch|p2a: Tyranitar|Tyranitar, F|25/100
|-weather|Sandstorm|[from] ability: Sand Stream|[of] p2a: Tyranitar
|move|p1a: Mamoswine|Substitute|p1a: Mamoswine
|-start|p1a: Mamoswine|Substitute
|-damage|p1a: Mamoswine|76/100
|
|-weather|Sandstorm|[upkeep]
|-heal|p2a: Tyranitar|31/100|[from] item: Leftovers
|upkeep
|turn|24
|
|t:|1722401364
|switch|p2a: Gliscor|Gliscor, F|100/100 tox
|move|p1a: Mamoswine|Earthquake|p2a: Gliscor
|-immune|p2a: Gliscor
|
|-weather|Sandstorm|[upkeep]
|upkeep
|turn|25
|
|t:|1722401367
|switch|p2a: Keldeo|Keldeo|70/100
|move|p1a: Mamoswine|Icicle Crash|p2a: Keldeo
|-resisted|p2a: Keldeo
|-damage|p2a: Keldeo|35/100
|
|-weather|Sandstorm|[upkeep]
|-damage|p2a: Keldeo|29/100|[from] Sandstorm
|-heal|p2a: Keldeo|35/100|[from] item: Leftovers
|upkeep
|turn|26
|
|t:|1722401371
|move|p2a: Keldeo|Secret Sword|p1a: Mamoswine
|-supereffective|p1a: Mamoswine
|-end|p1a: Mamoswine|Substitute
|move|p1a: Mamoswine|Earthquake|p2a: Keldeo
|-damage|p2a: Keldeo|0 fnt
|faint|p2a: Keldeo
|
|-weather|Sandstorm|[upkeep]
|upkeep
|
|t:|1722401374
|switch|p2a: Mamoswine|Mamoswine, F|88/100
|turn|27
|
|t:|1722401379
|switch|p1a: Politoed|Politoed, F|100/100
|-weather|RainDance|[from] ability: Drizzle|[of] p1a: Politoed
|move|p2a: Mamoswine|Earthquake|p1a: Politoed
|-damage|p1a: Politoed|25/100
|
|-weather|RainDance|[upkeep]
|-heal|p1a: Politoed|31/100|[from] item: Leftovers
|upkeep
|turn|28
|
|t:|1722401382
|move|p2a: Mamoswine|Earthquake|p1a: Politoed
|-damage|p1a: Politoed|0 fnt
|faint|p1a: Politoed
|
|-weather|RainDance|[upkeep]
|upkeep
|
|t:|1722401386
|switch|p1a: Keldeo|Keldeo|100/100
|turn|29
|
|t:|1722401406
|switch|p2a: Gliscor|Gliscor, F|100/100 tox
|move|p1a: Keldeo|Surf|p2a: Gliscor
|-supereffective|p2a: Gliscor
|-crit|p2a: Gliscor
|-damage|p2a: Gliscor|0 fnt
|faint|p2a: Gliscor
|
|-weather|RainDance|[upkeep]
|upkeep
|
|t:|1722401409
|switch|p2a: Amoonguss|Amoonguss, M|73/100 brn
|turn|30
|
|t:|1722401414
|switch|p1a: Tentacruel|Tentacruel, F|59/100 brn
|move|p2a: Amoonguss|Giga Drain|p1a: Tentacruel
|-damage|p1a: Tentacruel|42/100 brn
|-heal|p2a: Amoonguss|80/100 brn|[from] drain|[of] p1a: Tentacruel
|
|-weather|RainDance|[upkeep]
|-heal|p1a: Tentacruel|48/100 brn|[from] ability: Rain Dish
|-heal|p1a: Tentacruel|54/100 brn|[from] item: Black Sludge
|-heal|p2a: Amoonguss|86/100 brn|[from] item: Black Sludge
|-damage|p1a: Tentacruel|42/100 brn|[from] brn
|-damage|p2a: Amoonguss|74/100 brn|[from] brn
|upkeep
|turn|31
|
|t:|1722401419
|switch|p2a: Tyranitar|Tyranitar, F|31/100
|-weather|Sandstorm|[from] ability: Sand Stream|[of] p2a: Tyranitar
|move|p1a: Tentacruel|Scald|p2a: Tyranitar
|-supereffective|p2a: Tyranitar
|-damage|p2a: Tyranitar|12/100
|-status|p2a: Tyranitar|brn
|
|-weather|Sandstorm|[upkeep]
|-damage|p1a: Tentacruel|35/100 brn|[from] Sandstorm
|-heal|p1a: Tentacruel|42/100 brn|[from] item: Black Sludge
|-heal|p2a: Tyranitar|18/100 brn|[from] item: Leftovers
|-damage|p1a: Tentacruel|29/100 brn|[from] brn
|-damage|p2a: Tyranitar|6/100 brn|[from] brn
|upkeep
|turn|32
|
|t:|1722401426
|switch|p2a: Amoonguss|Amoonguss, M|100/100 brn
|move|p1a: Tentacruel|Scald|p2a: Amoonguss
|-resisted|p2a: Amoonguss
|-damage|p2a: Amoonguss|92/100 brn
|
|-weather|Sandstorm|[upkeep]
|-damage|p1a: Tentacruel|23/100 brn|[from] Sandstorm
|-damage|p2a: Amoonguss|86/100 brn|[from] Sandstorm
|-heal|p1a: Tentacruel|29/100 brn|[from] item: Black Sludge
|-heal|p2a: Amoonguss|92/100 brn|[from] item: Black Sludge
|-damage|p1a: Tentacruel|17/100 brn|[from] brn
|-damage|p2a: Amoonguss|80/100 brn|[from] brn
|upkeep
|turn|33
|
|t:|1722401430
|move|p1a: Tentacruel|Scald|p2a: Amoonguss
|-resisted|p2a: Amoonguss
|-damage|p2a: Amoonguss|71/100 brn
|move|p2a: Amoonguss|Giga Drain|p1a: Tentacruel
|-damage|p1a: Tentacruel|0 fnt
|-heal|p2a: Amoonguss|78/100 brn|[from] drain|[of] p1a: Tentacruel
|faint|p1a: Tentacruel
|
|-weather|Sandstorm|[upkeep]
|-damage|p2a: Amoonguss|71/100 brn|[from] Sandstorm
|-heal|p2a: Amoonguss|78/100 brn|[from] item: Black Sludge
|-damage|p2a: Amoonguss|65/100 brn|[from] brn
|upkeep
|
|t:|1722401433
|switch|p1a: Mamoswine|Mamoswine, F|76/100
|turn|34
|
|t:|1722401442
|move|p1a: Mamoswine|Icicle Crash|p2a: Amoonguss
|-supereffective|p2a: Amoonguss
|-damage|p2a: Amoonguss|0 fnt
|faint|p2a: Amoonguss
|
|-weather|Sandstorm|[upkeep]
|upkeep
|
|t:|1722401443
|switch|p2a: Mamoswine|Mamoswine, F|88/100
|turn|35
|
|t:|1722401448
|move|p2a: Mamoswine|Earthquake|p1a: Mamoswine
|-damage|p1a: Mamoswine|0 fnt
|faint|p1a: Mamoswine
|
|-weather|Sandstorm|[upkeep]
|upkeep
|
|t:|1722401451
|switch|p1a: Keldeo|Keldeo|100/100
|turn|36
|
|t:|1722401457
|switch|p2a: Tyranitar|Tyranitar, F|6/100 brn
|move|p1a: Keldeo|Surf|p2a: Tyranitar
|-supereffective|p2a: Tyranitar
|-damage|p2a: Tyranitar|0 fnt
|faint|p2a: Tyranitar
|
|-weather|Sandstorm|[upkeep]
|-damage|p1a: Keldeo|94/100|[from] Sandstorm
|upkeep
|
|t:|1722401459
|switch|p2a: Mamoswine|Mamoswine, F|88/100
|turn|37
|
|t:|1722401461
|move|p1a: Keldeo|Surf|p2a: Mamoswine
|-supereffective|p2a: Mamoswine
|-damage|p2a: Mamoswine|0 fnt
|faint|p2a: Mamoswine
|
|win|Duke Sux
|raw|Duke Sux's rating: 1286 &rarr; <strong>1327</strong><br />(+41 for winning)
|raw|chomp29's rating: 1551 &rarr; <strong>1518</strong><br />(-33 for losing)
|l|☆chomp29
|player|p2|
