|raw|<div class="broadcast-blue"><strong>This battle is required to be public due to a player having a name starting with 'orasz'.</div>
|j|☆triple axel blaze
|j|☆orasz foden
|t:|1718654023
|gametype|singles
|player|p1|triple axel blaze|aromalady|1395
|player|p2|orasz foden|1|1494
|teamsize|p1|6
|teamsize|p2|6
|gen|5
|tier|[Gen 5] OU
|rated|
|rule|Species Clause: Limit one of each Pokémon
|rule|OHKO Clause: OHKO moves are banned
|rule|Moody Clause: Moody is banned
|rule|Evasion Items Clause: Evasion items are banned
|rule|Evasion Moves Clause: Evasion moves are banned
|rule|Endless Battle Clause: Forcing endless battles is banned
|rule|HP Percentage Mod: HP is shown in percentages
|rule|Evasion Abilities Clause: Evasion abilities are banned
|rule|Sleep Moves Clause: Sleep-inducing moves are banned
|rule|Swagger Clause: Swagger is banned
|rule|Baton Pass Stat Clause: No Baton Passer may have a way to boost its stats
|clearpoke
|poke|p1|Politoed, F|item
|poke|p1|Moltres|item
|poke|p1|Kyurem|item
|poke|p1|Jirachi|item
|poke|p1|Tentacruel, F|item
|poke|p1|Landorus-Therian, M|item
|poke|p2|Tyranitar, M|item
|poke|p2|Landorus-Therian, M|item
|poke|p2|Celebi|item
|poke|p2|Excadrill, M|item
|poke|p2|Keldeo|item
|poke|p2|Terrakion|item
|teampreview
|inactive|Battle timer is ON: inactive players will automatically lose when time's up. (requested by triple axel blaze)
|c|☆orasz foden|hf
|c|☆triple axel blaze|u2
|
|t:|1718654045
|start
|switch|p1a: Landorus|Landorus-Therian, M|100/100
|switch|p2a: Keldeo|Keldeo|100/100
|-ability|p1a: Landorus|Intimidate|boost
|-unboost|p2a: Keldeo|atk|1
|turn|1
|
|t:|1718654073
|switch|p1a: Tentacruel|Tentacruel, F|100/100
|move|p2a: Keldeo|Scald|p1a: Tentacruel
|-resisted|p1a: Tentacruel
|-damage|p1a: Tentacruel|85/100
|
|-heal|p1a: Tentacruel|91/100|[from] item: Black Sludge
|upkeep
|turn|2
|
|t:|1718654086
|switch|p2a: Celebi|Celebi|100/100
|move|p1a: Tentacruel|Toxic Spikes|p2a: Celebi
|-sidestart|p2: orasz foden|move: Toxic Spikes
|
|-heal|p1a: Tentacruel|97/100|[from] item: Black Sludge
|upkeep
|turn|3
|
|t:|1718654091
|switch|p1a: Landorus|Landorus-Therian, M|100/100
|-ability|p1a: Landorus|Intimidate|boost
|-unboost|p2a: Celebi|atk|1
|move|p2a: Celebi|Substitute|p2a: Celebi
|-start|p2a: Celebi|Substitute
|-damage|p2a: Celebi|75/100
|
|-heal|p2a: Celebi|82/100|[from] item: Leftovers
|upkeep
|turn|4
|
|t:|1718654095
|move|p1a: Landorus|U-turn|p2a: Celebi
|-supereffective|p2a: Celebi
|-end|p2a: Celebi|Substitute
|
|t:|1718654107
|switch|p1a: Moltres|Moltres|100/100|[from] U-turn
|-ability|p1a: Moltres|Pressure
|move|p2a: Celebi|Baton Pass|p2a: Celebi
|
|t:|1718654134
|switch|p2a: Landorus|Landorus-Therian, M|100/100|[from] Baton Pass
|-ability|p2a: Landorus|Intimidate|boost
|-unboost|p1a: Moltres|atk|1
|
|upkeep
|turn|5
|
|t:|1718654158
|move|p2a: Landorus|Stealth Rock|p1a: Moltres
|-sidestart|p1: triple axel blaze|move: Stealth Rock
|move|p1a: Moltres|Fire Blast|p2a: Landorus
|-damage|p2a: Landorus|0 fnt
|faint|p2a: Landorus
|
|upkeep
|
|t:|1718654174
|switch|p2a: Terrakion|Terrakion|100/100
|-status|p2a: Terrakion|psn
|turn|6
|inactive|orasz foden has 120 seconds left.
|
|t:|1718654195
|switch|p1a: Landorus|Landorus-Therian, M|100/100
|-damage|p1a: Landorus|88/100|[from] Stealth Rock
|-ability|p1a: Landorus|Intimidate|boost
|-unboost|p2a: Terrakion|atk|1
|move|p2a: Terrakion|Stone Edge|p1a: Landorus
|-damage|p1a: Landorus|47/100
|
|-heal|p1a: Landorus|54/100|[from] item: Leftovers
|-damage|p2a: Terrakion|88/100 psn|[from] psn
|upkeep
|turn|7
|inactive|orasz foden has 120 seconds left.
|
|t:|1718654214
|move|p2a: Terrakion|Stone Edge|p1a: Landorus|[miss]
|-miss|p2a: Terrakion|p1a: Landorus
|move|p1a: Landorus|Earthquake|p2a: Terrakion
|-supereffective|p2a: Terrakion
|-damage|p2a: Terrakion|0 fnt
|faint|p2a: Terrakion
|
|-heal|p1a: Landorus|60/100|[from] item: Leftovers
|upkeep
|
|t:|1718654219
|switch|p2a: Keldeo|Keldeo|100/100
|-status|p2a: Keldeo|psn
|turn|8
|
|t:|1718654227
|switch|p2a: Excadrill|Excadrill, M|100/100
|switch|p1a: Tentacruel|Tentacruel, F|97/100
|-damage|p1a: Tentacruel|85/100|[from] Stealth Rock
|
|-heal|p1a: Tentacruel|91/100|[from] item: Black Sludge
|upkeep
|turn|9
|
|t:|1718654233
|switch|p1a: Landorus|Landorus-Therian, M|60/100
|-damage|p1a: Landorus|47/100|[from] Stealth Rock
|-ability|p1a: Landorus|Intimidate|boost
|-unboost|p2a: Excadrill|atk|1
|move|p2a: Excadrill|Rapid Spin|p1a: Landorus
|-damage|p1a: Landorus|43/100
|-sideend|p2: orasz foden|Toxic Spikes|[from] move: Rapid Spin|[of] p2a: Excadrill
|
|-heal|p1a: Landorus|49/100|[from] item: Leftovers
|upkeep
|turn|10
|
|t:|1718654241
|switch|p2a: Keldeo|Keldeo|100/100 psn
|move|p1a: Landorus|Earthquake|p2a: Keldeo
|-damage|p2a: Keldeo|44/100 psn
|
|-heal|p2a: Keldeo|50/100 psn|[from] item: Leftovers
|-heal|p1a: Landorus|55/100|[from] item: Leftovers
|-damage|p2a: Keldeo|38/100 psn|[from] psn
|upkeep
|turn|11
|
|t:|1718654249
|switch|p2a: Excadrill|Excadrill, M|100/100
|switch|p1a: Tentacruel|Tentacruel, F|91/100
|-damage|p1a: Tentacruel|78/100|[from] Stealth Rock
|
|-heal|p1a: Tentacruel|84/100|[from] item: Black Sludge
|upkeep
|turn|12
|
|t:|1718654259
|move|p1a: Tentacruel|Protect|p1a: Tentacruel
|-singleturn|p1a: Tentacruel|Protect
|move|p2a: Excadrill|Iron Head|p1a: Tentacruel
|-activate|p1a: Tentacruel|move: Protect
|
|-heal|p1a: Tentacruel|90/100|[from] item: Black Sludge
|upkeep
|turn|13
|
|t:|1718654268
|move|p1a: Tentacruel|Protect||[still]
|-fail|p1a: Tentacruel
|move|p2a: Excadrill|Earthquake|p1a: Tentacruel
|-supereffective|p1a: Tentacruel
|-damage|p1a: Tentacruel|0 fnt
|faint|p1a: Tentacruel
|
|upkeep
|c|☆triple axel blaze|missclicked
|c|☆triple axel blaze|LOL
|c|☆triple axel blaze|meant to spin
|c|☆triple axel blaze|oopsies
|c|☆orasz foden|i cant beat tspikes anyway tbh
|
|t:|1718654285
|switch|p1a: Landorus|Landorus-Therian, M|55/100
|-damage|p1a: Landorus|43/100|[from] Stealth Rock
|-ability|p1a: Landorus|Intimidate|boost
|-unboost|p2a: Excadrill|atk|1
|turn|14
|
|t:|1718654290
|switch|p2a: Celebi|Celebi|82/100
|move|p1a: Landorus|Earthquake|p2a: Celebi
|-resisted|p2a: Celebi
|-damage|p2a: Celebi|63/100
|
|-heal|p1a: Landorus|49/100|[from] item: Leftovers
|-heal|p2a: Celebi|69/100|[from] item: Leftovers
|upkeep
|turn|15
|
|t:|1718654297
|switch|p2a: Excadrill|Excadrill, M|100/100
|move|p1a: Landorus|U-turn|p2a: Excadrill
|-resisted|p2a: Excadrill
|-damage|p2a: Excadrill|85/100
|
|t:|1718654299
|switch|p1a: Politoed|Politoed, F, shiny|100/100|[from] U-turn
|-damage|p1a: Politoed|88/100|[from] Stealth Rock
|-weather|RainDance|[from] ability: Drizzle|[of] p1a: Politoed
|
|-weather|RainDance|[upkeep]
|-heal|p2a: Excadrill|91/100|[from] item: Leftovers
|upkeep
|turn|16
|
|t:|1718654311
|switch|p1a: Landorus|Landorus-Therian, M|49/100
|-damage|p1a: Landorus|37/100|[from] Stealth Rock
|-ability|p1a: Landorus|Intimidate|boost
|-unboost|p2a: Excadrill|atk|1
|switch|p2a: Tyranitar|Tyranitar, M|100/100
|-weather|Sandstorm|[from] ability: Sand Stream|[of] p2a: Tyranitar
|
|-weather|Sandstorm|[upkeep]
|-heal|p1a: Landorus|43/100|[from] item: Leftovers
|upkeep
|turn|17
|c|☆triple axel blaze|yeah the teams cool
|c|☆triple axel blaze|i stole it from crting
|c|☆triple axel blaze|crying
|inactive|orasz foden has 120 seconds left.
|
|t:|1718654354
|move|p1a: Landorus|U-turn|p2a: Tyranitar
|-supereffective|p2a: Tyranitar
|-damage|p2a: Tyranitar|65/100
|c|☆orasz foden|fuck
|c|☆orasz foden|i wanted to pursuit
|
|t:|1718654365
|switch|p1a: Jirachi|Jirachi|100/100|[from] U-turn
|-damage|p1a: Jirachi|94/100|[from] Stealth Rock
|move|p2a: Tyranitar|Ice Beam|p1a: Jirachi
|-resisted|p1a: Jirachi
|-damage|p1a: Jirachi|87/100
|
|-weather|Sandstorm|[upkeep]
|-heal|p1a: Jirachi|94/100|[from] item: Leftovers
|upkeep
|turn|18
|inactive|orasz foden has 120 seconds left.
|c|☆triple axel blaze|thouht you would but was scared of beam
|
|t:|1718654378
|switch|p2a: Excadrill|Excadrill, M|91/100
|move|p1a: Jirachi|Body Slam|p2a: Excadrill
|-resisted|p2a: Excadrill
|-damage|p2a: Excadrill|78/100
|-status|p2a: Excadrill|par
|
|-weather|Sandstorm|[upkeep]
|-heal|p1a: Jirachi|99/100|[from] item: Leftovers
|-heal|p2a: Excadrill|84/100 par|[from] item: Leftovers
|upkeep
|turn|19
|inactive|orasz foden has 120 seconds left.
|
|t:|1718654396
|move|p1a: Jirachi|Wish|p1a: Jirachi
|move|p2a: Excadrill|Earthquake|p1a: Jirachi
|-supereffective|p1a: Jirachi
|-damage|p1a: Jirachi|0 fnt
|faint|p1a: Jirachi
|
|-weather|Sandstorm|[upkeep]
|-heal|p2a: Excadrill|90/100 par|[from] item: Leftovers
|upkeep
|
|t:|1718654400
|switch|p1a: Landorus|Landorus-Therian, M|43/100
|-damage|p1a: Landorus|30/100|[from] Stealth Rock
|-ability|p1a: Landorus|Intimidate|boost
|-unboost|p2a: Excadrill|atk|1
|turn|20
|
|t:|1718654405
|switch|p2a: Celebi|Celebi|69/100
|move|p1a: Landorus|Earthquake|p2a: Celebi
|-resisted|p2a: Celebi
|-damage|p2a: Celebi|51/100
|
|-weather|Sandstorm|[upkeep]
|-damage|p2a: Celebi|45/100|[from] Sandstorm
|-heal|p1a: Landorus|84/100|[from] move: Wish|[wisher] Jirachi
|-heal|p1a: Landorus|90/100|[from] item: Leftovers
|-heal|p2a: Celebi|51/100|[from] item: Leftovers
|upkeep
|turn|21
|inactive|orasz foden has 120 seconds left.
|
|t:|1718654428
|switch|p2a: Excadrill|Excadrill, M|90/100 par
|move|p1a: Landorus|U-turn|p2a: Excadrill
|-resisted|p2a: Excadrill
|-damage|p2a: Excadrill|75/100 par
|
|t:|1718654433
|switch|p1a: Politoed|Politoed, F, shiny|88/100|[from] U-turn
|-damage|p1a: Politoed|76/100|[from] Stealth Rock
|-weather|RainDance|[from] ability: Drizzle|[of] p1a: Politoed
|
|-weather|RainDance|[upkeep]
|-heal|p2a: Excadrill|81/100 par|[from] item: Leftovers
|upkeep
|turn|22
|
|t:|1718654445
|switch|p2a: Celebi|Celebi|51/100
|move|p1a: Politoed|Ice Beam|p2a: Celebi
|-supereffective|p2a: Celebi
|-damage|p2a: Celebi|22/100
|
|-weather|RainDance|[upkeep]
|-heal|p2a: Celebi|28/100|[from] item: Leftovers
|upkeep
|turn|23
|
|t:|1718654465
|switch|p2a: Tyranitar|Tyranitar, M|65/100
|-weather|Sandstorm|[from] ability: Sand Stream|[of] p2a: Tyranitar
|move|p1a: Politoed|Ice Beam|p2a: Tyranitar
|-damage|p2a: Tyranitar|55/100
|
|-weather|Sandstorm|[upkeep]
|-damage|p1a: Politoed|69/100|[from] Sandstorm
|upkeep
|turn|24
|inactive|orasz foden has 120 seconds left.
|
|t:|1718654495
|-activate|p1a: Politoed|move: Pursuit
|move|p2a: Tyranitar|Pursuit|p1a: Politoed|[from]Pursuit
|-damage|p1a: Politoed|24/100
|switch|p1a: Kyurem|Kyurem|100/100
|-damage|p1a: Kyurem|76/100|[from] Stealth Rock
|-ability|p1a: Kyurem|Pressure
|
|-weather|Sandstorm|[upkeep]
|-damage|p1a: Kyurem|69/100|[from] Sandstorm
|-heal|p1a: Kyurem|76/100|[from] item: Leftovers
|upkeep
|turn|25
|inactive|triple axel blaze has 120 seconds left.
|c|☆triple axel blaze|!showset kyurem
|c| triple axel blaze|/raw <div class="infobox">Kyurem @ Leftovers  <br />Ability: Pressure  <br />Hidden Power: Dragon  <br />EVs: 56 HP &#x2f; 200 SpA &#x2f; 252 Spe  <br />Timid Nature  <br />IVs: 2 Atk  <br />- Hidden Power [Dragon]  <br />- Protect  <br />- Substitute  <br />- Roost  <br /><br /></div>
|c|☆triple axel blaze|fucking crying
|c|☆triple axel blaze|LOL
|
|t:|1718654544
|move|p1a: Kyurem|Hidden Power|p2a: Tyranitar
|-damage|p2a: Tyranitar|40/100
|move|p2a: Tyranitar|Superpower|p1a: Kyurem
|-supereffective|p1a: Kyurem
|-damage|p1a: Kyurem|4/100
|-unboost|p2a: Tyranitar|atk|1
|-unboost|p2a: Tyranitar|def|1
|
|-weather|Sandstorm|[upkeep]
|-damage|p1a: Kyurem|0 fnt|[from] Sandstorm
|faint|p1a: Kyurem
|upkeep
|
|t:|1718654546
|switch|p1a: Landorus|Landorus-Therian, M|90/100
|-damage|p1a: Landorus|77/100|[from] Stealth Rock
|-ability|p1a: Landorus|Intimidate|boost
|-unboost|p2a: Tyranitar|atk|1
|turn|26
|c|☆orasz foden|hahaha
|
|t:|1718654555
|switch|p2a: Excadrill|Excadrill, M|81/100 par
|move|p1a: Landorus|Earthquake|p2a: Excadrill
|-supereffective|p2a: Excadrill
|-damage|p2a: Excadrill|0 fnt
|faint|p2a: Excadrill
|
|-weather|Sandstorm|[upkeep]
|-heal|p1a: Landorus|83/100|[from] item: Leftovers
|upkeep
|
|t:|1718654558
|switch|p2a: Keldeo|Keldeo|38/100 psn
|turn|27
|inactive|orasz foden has 120 seconds left.
|
|t:|1718654568
|switch|p1a: Moltres|Moltres|100/100
|-damage|p1a: Moltres|51/100|[from] Stealth Rock
|-ability|p1a: Moltres|Pressure
|move|p2a: Keldeo|Scald|p1a: Moltres
|-supereffective|p1a: Moltres
|-damage|p1a: Moltres|0 fnt
|faint|p1a: Moltres
|
|-weather|Sandstorm|[upkeep]
|-damage|p2a: Keldeo|32/100 psn|[from] Sandstorm
|-heal|p2a: Keldeo|38/100 psn|[from] item: Leftovers
|-damage|p2a: Keldeo|25/100 psn|[from] psn
|upkeep
|
|t:|1718654570
|switch|p1a: Politoed|Politoed, F, shiny|24/100
|-damage|p1a: Politoed|12/100|[from] Stealth Rock
|-weather|RainDance|[from] ability: Drizzle|[of] p1a: Politoed
|turn|28
|
|t:|1718654581
|switch|p2a: Tyranitar|Tyranitar, M|40/100
|-weather|Sandstorm|[from] ability: Sand Stream|[of] p2a: Tyranitar
|move|p1a: Politoed|Surf|p2a: Tyranitar
|-supereffective|p2a: Tyranitar
|-damage|p2a: Tyranitar|6/100
|
|-weather|Sandstorm|[upkeep]
|-damage|p1a: Politoed|6/100|[from] Sandstorm
|upkeep
|turn|29
|c|☆triple axel blaze|I think i should of got rocks somewhere and not misslcicked protect haha
|c|☆triple axel blaze|gg
|c|☆orasz foden|gg
|
|t:|1718654607
|move|p1a: Politoed|Surf|p2a: Tyranitar
|-supereffective|p2a: Tyranitar
|-damage|p2a: Tyranitar|0 fnt
|faint|p2a: Tyranitar
|
|-weather|Sandstorm|[upkeep]
|-damage|p1a: Politoed|0 fnt|[from] Sandstorm
|faint|p1a: Politoed
|upkeep
|
|t:|1718654611
|switch|p1a: Landorus|Landorus-Therian, M|83/100
|switch|p2a: Keldeo|Keldeo|25/100 psn
|-damage|p1a: Landorus|71/100|[from] Stealth Rock
|-ability|p1a: Landorus|Intimidate|boost
|-unboost|p2a: Keldeo|atk|1
|turn|30
|
|t:|1718654615
|move|p2a: Keldeo|Scald|p1a: Landorus
|-supereffective|p1a: Landorus
|-damage|p1a: Landorus|0 fnt
|faint|p1a: Landorus
|
|win|orasz foden
|raw|triple axel blaze's rating: 1395 &rarr; <strong>1381</strong><br />(-14 for losing)
|raw|orasz foden's rating: 1494 &rarr; <strong>1508</strong><br />(+14 for winning)
|c|☆triple axel blaze|wp
