|j|☆Ryusen696969
|j|☆Primary Trout
|t:|1717618605
|gametype|singles
|player|p1|Ryusen696969|101|1461
|player|p2|Primary Trout|marshal|1487
|teamsize|p1|6
|teamsize|p2|6
|gen|5
|tier|[Gen 5] OU
|rated|
|rule|Species Clause: Limit one of each Pokémon
|rule|OHKO Clause: OHKO moves are banned
|rule|Moody Clause: Moody is banned
|rule|Evasion Items Clause: Evasion items are banned
|rule|Evasion Moves Clause: Evasion moves are banned
|rule|Endless Battle Clause: Forcing endless battles is banned
|rule|HP Percentage Mod: HP is shown in percentages
|rule|Evasion Abilities Clause: Evasion abilities are banned
|rule|Sleep Moves Clause: Sleep-inducing moves are banned
|rule|Swagger Clause: Swagger is banned
|rule|Baton Pass Stat Clause: No Baton Passer may have a way to boost its stats
|clearpoke
|poke|p1|Garchomp, F|item
|poke|p1|Blissey, F|item
|poke|p1|Suicune|item
|poke|p1|Scizor, F|item
|poke|p1|Zoroark, F|item
|poke|p1|Alakazam, F|item
|poke|p2|Kyurem-Black|item
|poke|p2|Celebi|item
|poke|p2|Starmie|item
|poke|p2|Landorus-Therian, M|item
|poke|p2|Tyranitar, M|item
|poke|p2|Scizor, M|item
|teampreview
|inactive|Battle timer is ON: inactive players will automatically lose when time's up. (requested by Primary Trout)
|inactive|Ryusen696969 also wants the timer to be on.
|inactive|Primary Trout has 120 seconds left.
|
|t:|1717618649
|start
|switch|p1a: Garchomp|Garchomp, F|100/100
|switch|p2a: Landorus|Landorus-Therian, M|100/100
|-ability|p2a: Landorus|Intimidate|boost
|-unboost|p1a: Garchomp|atk|1
|turn|1
|
|t:|1717618675
|move|p2a: Landorus|U-turn|p1a: Garchomp
|-supereffective|p1a: Garchomp
|-damage|p1a: Garchomp|5/100
|replace|p1a: Zoroark|Zoroark, F
|-end|p1a: Zoroark|Illusion
|
|t:|1717618678
|switch|p2a: Tyranitar|Tyranitar, M|100/100|[from] U-turn
|-weather|Sandstorm|[from] ability: Sand Stream|[of] p2a: Tyranitar
|move|p1a: Zoroark|Hidden Power|p2a: Tyranitar
|-damage|p2a: Tyranitar|88/100
|
|-weather|Sandstorm|[upkeep]
|-damage|p1a: Zoroark|0 fnt|[from] Sandstorm
|faint|p1a: Zoroark
|upkeep
|
|t:|1717618683
|switch|p1a: Scizor|Scizor, F|100/100
|turn|2
|
|t:|1717618698
|switch|p2a: Landorus|Landorus-Therian, M|100/100
|-ability|p2a: Landorus|Intimidate|boost
|-unboost|p1a: Scizor|atk|1
|move|p1a: Scizor|U-turn|p2a: Landorus
|-resisted|p2a: Landorus
|-damage|p2a: Landorus|85/100
|
|t:|1717618701
|switch|p1a: Garchomp|Garchomp, F|100/100|[from] U-turn
|
|-weather|Sandstorm|[upkeep]
|upkeep
|turn|3
|
|t:|1717618728
|move|p1a: Garchomp|Outrage|p2a: Landorus
|-damage|p2a: Landorus|21/100
|move|p2a: Landorus|U-turn|p1a: Garchomp
|-damage|p1a: Garchomp|75/100
|-damage|p2a: Landorus|9/100|[from] ability: Rough Skin|[of] p1a: Garchomp
|
|t:|1717618734
|switch|p2a: Scizor|Scizor, M|100/100|[from] U-turn
|
|-weather|Sandstorm|[upkeep]
|upkeep
|turn|4
|
|t:|1717618737
|move|p1a: Garchomp|Outrage|p2a: Scizor|[from]lockedmove
|-resisted|p2a: Scizor
|-damage|p2a: Scizor|67/100
|move|p2a: Scizor|Bug Bite|p1a: Garchomp
|-damage|p1a: Garchomp|26/100
|-damage|p2a: Scizor|55/100|[from] ability: Rough Skin|[of] p1a: Garchomp
|
|-weather|Sandstorm|[upkeep]
|-heal|p2a: Scizor|61/100|[from] item: Leftovers
|upkeep
|turn|5
|
|t:|1717618745
|move|p2a: Scizor|Bullet Punch|p1a: Garchomp
|-damage|p1a: Garchomp|0 fnt
|-damage|p2a: Scizor|49/100|[from] ability: Rough Skin|[of] p1a: Garchomp
|faint|p1a: Garchomp
|
|-weather|Sandstorm|[upkeep]
|-heal|p2a: Scizor|55/100|[from] item: Leftovers
|upkeep
|
|t:|1717618749
|switch|p1a: Blissey|Blissey, F|100/100
|turn|6
|
|t:|1717618756
|switch|p2a: Tyranitar|Tyranitar, M|88/100
|move|p1a: Blissey|Flamethrower|p2a: Tyranitar
|-resisted|p2a: Tyranitar
|-damage|p2a: Tyranitar|82/100
|
|-weather|Sandstorm|[upkeep]
|-damage|p1a: Blissey|94/100|[from] Sandstorm
|upkeep
|turn|7
|
|t:|1717618760
|switch|p1a: Scizor|Scizor, F|100/100
|move|p2a: Tyranitar|Stealth Rock|p1a: Scizor
|-sidestart|p1: Ryusen696969|move: Stealth Rock
|
|-weather|Sandstorm|[upkeep]
|upkeep
|turn|8
|
|t:|1717618765
|switch|p2a: Scizor|Scizor, M|55/100
|move|p1a: Scizor|U-turn|p2a: Scizor
|-resisted|p2a: Scizor
|-damage|p2a: Scizor|32/100
|
|t:|1717618770
|switch|p1a: Suicune|Suicune, shiny|100/100|[from] U-turn
|-damage|p1a: Suicune|88/100|[from] Stealth Rock
|-ability|p1a: Suicune|Pressure
|
|-weather|Sandstorm|[upkeep]
|-damage|p1a: Suicune|82/100|[from] Sandstorm
|-heal|p1a: Suicune|88/100|[from] item: Leftovers
|-heal|p2a: Scizor|38/100|[from] item: Leftovers
|upkeep
|turn|9
|
|t:|1717618792
|move|p1a: Suicune|Surf|p2a: Scizor
|-damage|p2a: Scizor|0 fnt
|faint|p2a: Scizor
|
|-weather|Sandstorm|[upkeep]
|-damage|p1a: Suicune|82/100|[from] Sandstorm
|-heal|p1a: Suicune|88/100|[from] item: Leftovers
|upkeep
|
|t:|1717618795
|switch|p2a: Kyurem|Kyurem-Black|100/100
|-ability|p2a: Kyurem|Teravolt
|turn|10
|
|t:|1717618807
|move|p2a: Kyurem|Fusion Bolt|p1a: Suicune
|-supereffective|p1a: Suicune
|-damage|p1a: Suicune|24/100
|-damage|p2a: Kyurem|91/100|[from] item: Life Orb
|move|p1a: Suicune|Surf|p2a: Kyurem
|-resisted|p2a: Kyurem
|-damage|p2a: Kyurem|73/100
|
|-weather|Sandstorm|[upkeep]
|-damage|p2a: Kyurem|67/100|[from] Sandstorm
|-damage|p1a: Suicune|18/100|[from] Sandstorm
|-heal|p1a: Suicune|24/100|[from] item: Leftovers
|upkeep
|turn|11
|
|t:|1717618817
|move|p2a: Kyurem|Fusion Bolt|p1a: Suicune
|-supereffective|p1a: Suicune
|-damage|p1a: Suicune|0 fnt
|faint|p1a: Suicune
|-damage|p2a: Kyurem|57/100|[from] item: Life Orb
|
|-weather|Sandstorm|[upkeep]
|-damage|p2a: Kyurem|51/100|[from] Sandstorm
|upkeep
|
|t:|1717618819
|switch|p1a: Scizor|Scizor, F|100/100
|-damage|p1a: Scizor|88/100|[from] Stealth Rock
|turn|12
|
|t:|1717618830
|move|p1a: Scizor|Bullet Punch|p2a: Kyurem
|-supereffective|p2a: Kyurem
|-damage|p2a: Kyurem|0 fnt
|faint|p2a: Kyurem
|
|-weather|Sandstorm|[upkeep]
|upkeep
|
|t:|1717618836
|switch|p2a: Celebi|Celebi|100/100
|turn|13
|
|t:|1717618838
|move|p2a: Celebi|Hidden Power|p1a: Scizor
|-supereffective|p1a: Scizor
|-damage|p1a: Scizor|0 fnt
|faint|p1a: Scizor
|
|-weather|Sandstorm|[upkeep]
|-damage|p2a: Celebi|94/100|[from] Sandstorm
|-heal|p2a: Celebi|100/100|[from] item: Leftovers
|upkeep
|
|t:|1717618842
|switch|p1a: Alakazam|Alakazam, F|100/100
|turn|14
|
|t:|1717618845
|move|p1a: Alakazam|Focus Blast|p2a: Celebi
|-resisted|p2a: Celebi
|-damage|p2a: Celebi|82/100
|move|p2a: Celebi|Giga Drain|p1a: Alakazam
|-damage|p1a: Alakazam|58/100
|-heal|p2a: Celebi|95/100|[from] drain|[of] p1a: Alakazam
|
|-weather|Sandstorm|[upkeep]
|-damage|p2a: Celebi|89/100|[from] Sandstorm
|-heal|p2a: Celebi|95/100|[from] item: Leftovers
|upkeep
|turn|15
|
|t:|1717618851
|move|p1a: Alakazam|Shadow Ball|p2a: Celebi
|-supereffective|p2a: Celebi
|-damage|p2a: Celebi|41/100
|move|p2a: Celebi|Giga Drain|p1a: Alakazam
|-damage|p1a: Alakazam|19/100
|-heal|p2a: Celebi|54/100|[from] drain|[of] p1a: Alakazam
|
|-weather|Sandstorm|[upkeep]
|-damage|p2a: Celebi|48/100|[from] Sandstorm
|-heal|p2a: Celebi|54/100|[from] item: Leftovers
|upkeep
|turn|16
|-message|Ryusen696969 forfeited.
|
|win|Primary Trout
|raw|Ryusen696969's rating: 1461 &rarr; <strong>1442</strong><br />(-19 for losing)
|raw|Primary Trout's rating: 1487 &rarr; <strong>1506</strong><br />(+19 for winning)
|l|☆Ryusen696969
|player|p1|
