|html|<div class="broadcast-blue"><strong>[Gen 5] OU is currently suspecting Volcarona & Cloyster! For information on how to participate check out the <a href="https://www.smogon.com/forums/threads/re-cloyster-volcarona-in-bw-ou-survey-post-29.3731863/page-2#post-9904362">suspect thread</a>.</strong></div>
|j|☆bwvc six
|j|☆Arsenic_is_Water
|t:|1703690902
|gametype|singles
|player|p1|bwvc six|amelia-shuffle|1412
|player|p2|Arsenic_is_Water|ghetsis|1508
|teamsize|p1|6
|teamsize|p2|6
|gen|5
|tier|[Gen 5] OU
|rated|
|rule|Species Clause: Limit one of each Pokémon
|rule|OHKO Clause: OHKO moves are banned
|rule|Moody Clause: Moody is banned
|rule|Evasion Items Clause: Evasion items are banned
|rule|Evasion Moves Clause: Evasion moves are banned
|rule|Endless Battle Clause: Forcing endless battles is banned
|rule|HP Percentage Mod: HP is shown in percentages
|rule|Evasion Abilities Clause: Evasion abilities are banned
|rule|Sleep Moves Clause: Sleep-inducing moves are banned
|rule|Swagger Clause: Swagger is banned
|rule|Baton Pass Stat Clause: No Baton Passer may have a way to boost its stats
|clearpoke
|poke|p1|Hippowdon, M|item
|poke|p1|Ferrothorn, F|item
|poke|p1|Magnezone|item
|poke|p1|Latios, M|item
|poke|p1|Excadrill, M|item
|poke|p1|Reuniclus, M|item
|poke|p2|Tyranitar, F|item
|poke|p2|Gliscor, M|item
|poke|p2|Heatran, F|item
|poke|p2|Excadrill, M|item
|poke|p2|Ferrothorn, F|item
|poke|p2|Latias, F|item
|teampreview
|c|☆Arsenic_is_Water|glhf
|inactive|Battle timer is ON: inactive players will automatically lose when time's up. (requested by bwvc six)
|c|☆bwvc six|hf
|
|t:|1703690940
|start
|switch|p1a: Hippowdon|Hippowdon, M|100/100
|switch|p2a: Gliscor|Gliscor, M|100/100
|-weather|Sandstorm|[from] ability: Sand Stream|[of] p1a: Hippowdon
|turn|1
|
|t:|1703690945
|move|p2a: Gliscor|Toxic|p1a: Hippowdon
|-status|p1a: Hippowdon|tox
|move|p1a: Hippowdon|Stealth Rock|p2a: Gliscor
|-sidestart|p2: Arsenic_is_Water|move: Stealth Rock
|
|-weather|Sandstorm|[upkeep]
|-damage|p1a: Hippowdon|94/100 tox|[from] psn
|-status|p2a: Gliscor|tox|[from] item: Toxic Orb
|upkeep
|turn|2
|
|t:|1703690953
|switch|p2a: Heatran|Heatran, F|100/100
|-damage|p2a: Heatran|88/100|[from] Stealth Rock
|switch|p1a: Ferrothorn|Ferrothorn, F|100/100
|
|-weather|Sandstorm|[upkeep]
|-heal|p2a: Heatran|94/100|[from] item: Leftovers
|upkeep
|turn|3
|
|t:|1703690959
|switch|p1a: Latios|Latios, M|100/100
|move|p2a: Heatran|Stealth Rock|p1a: Latios
|-sidestart|p1: bwvc six|move: Stealth Rock
|
|-weather|Sandstorm|[upkeep]
|-damage|p1a: Latios|95/100|[from] Sandstorm
|-heal|p2a: Heatran|100/100|[from] item: Leftovers
|upkeep
|turn|4
|
|t:|1703690963
|move|p1a: Latios|Surf|p2a: Heatran
|-supereffective|p2a: Heatran
|-damage|p2a: Heatran|39/100
|move|p2a: Heatran|Toxic|p1a: Latios
|-status|p1a: Latios|tox
|
|-weather|Sandstorm|[upkeep]
|-damage|p1a: Latios|89/100 tox|[from] Sandstorm
|-heal|p2a: Heatran|45/100|[from] item: Leftovers
|-damage|p1a: Latios|83/100 tox|[from] psn
|upkeep
|turn|5
|
|t:|1703690973
|switch|p1a: Hippowdon|Hippowdon, M|94/100 tox
|-damage|p1a: Hippowdon|88/100 tox|[from] Stealth Rock
|move|p2a: Heatran|Protect||[still]
|-fail|p2a: Heatran
|
|-weather|Sandstorm|[upkeep]
|-heal|p2a: Heatran|51/100|[from] item: Leftovers
|-heal|p1a: Hippowdon|94/100 tox|[from] item: Leftovers
|-damage|p1a: Hippowdon|88/100 tox|[from] psn
|upkeep
|turn|6
|
|t:|1703691001
|move|p2a: Heatran|Protect|p2a: Heatran
|-singleturn|p2a: Heatran|Protect
|move|p1a: Hippowdon|Earthquake|p2a: Heatran
|-activate|p2a: Heatran|move: Protect
|
|-weather|Sandstorm|[upkeep]
|-heal|p2a: Heatran|57/100|[from] item: Leftovers
|-heal|p1a: Hippowdon|94/100 tox|[from] item: Leftovers
|-damage|p1a: Hippowdon|82/100 tox|[from] psn
|upkeep
|turn|7
|inactive|Arsenic_is_Water has 120 seconds left.
|
|t:|1703691019
|switch|p2a: Latias|Latias, F|100/100
|-damage|p2a: Latias|88/100|[from] Stealth Rock
|move|p1a: Hippowdon|Slack Off|p1a: Hippowdon
|-heal|p1a: Hippowdon|100/100 tox
|
|-weather|Sandstorm|[upkeep]
|-damage|p2a: Latias|82/100|[from] Sandstorm
|-heal|p2a: Latias|88/100|[from] item: Leftovers
|-damage|p1a: Hippowdon|82/100 tox|[from] psn
|upkeep
|turn|8
|
|t:|1703691027
|move|p2a: Latias|Calm Mind|p2a: Latias
|-boost|p2a: Latias|spa|1
|-boost|p2a: Latias|spd|1
|move|p1a: Hippowdon|Whirlwind|p2a: Latias
|drag|p2a: Tyranitar|Tyranitar, F|100/100
|-damage|p2a: Tyranitar|88/100|[from] Stealth Rock
|
|-weather|Sandstorm|[upkeep]
|-heal|p1a: Hippowdon|88/100 tox|[from] item: Leftovers
|-damage|p1a: Hippowdon|63/100 tox|[from] psn
|upkeep
|turn|9
|inactive|Arsenic_is_Water has 120 seconds left.
|
|t:|1703691056
|switch|p2a: Latias|Latias, F|88/100
|-damage|p2a: Latias|76/100|[from] Stealth Rock
|move|p1a: Hippowdon|Slack Off|p1a: Hippowdon
|-heal|p1a: Hippowdon|100/100 tox
|
|-weather|Sandstorm|[upkeep]
|-damage|p2a: Latias|70/100|[from] Sandstorm
|-heal|p2a: Latias|76/100|[from] item: Leftovers
|-damage|p1a: Hippowdon|70/100 tox|[from] psn
|upkeep
|turn|10
|inactive|Arsenic_is_Water has 120 seconds left.
|
|t:|1703691067
|switch|p1a: Excadrill|Excadrill, M|100/100
|-damage|p1a: Excadrill|97/100|[from] Stealth Rock
|move|p2a: Latias|Recover|p2a: Latias
|-heal|p2a: Latias|100/100
|
|-weather|Sandstorm|[upkeep]
|-damage|p2a: Latias|94/100|[from] Sandstorm
|-heal|p2a: Latias|100/100|[from] item: Leftovers
|upkeep
|turn|11
|
|t:|1703691076
|switch|p2a: Gliscor|Gliscor, M|100/100 tox
|-damage|p2a: Gliscor|88/100 tox|[from] Stealth Rock
|move|p1a: Excadrill|Rapid Spin|p2a: Gliscor
|-damage|p2a: Gliscor|83/100 tox
|-sideend|p1: bwvc six|Stealth Rock|[from] move: Rapid Spin|[of] p1a: Excadrill
|
|-weather|Sandstorm|[upkeep]
|-heal|p2a: Gliscor|95/100 tox|[from] ability: Poison Heal
|upkeep
|turn|12
|
|t:|1703691084
|switch|p1a: Reuniclus|Reuniclus, M|100/100
|move|p2a: Gliscor|Earthquake|p1a: Reuniclus
|-damage|p1a: Reuniclus|77/100
|
|-weather|Sandstorm|[upkeep]
|-heal|p1a: Reuniclus|83/100|[from] item: Leftovers
|-heal|p2a: Gliscor|100/100 tox|[from] ability: Poison Heal
|upkeep
|turn|13
|inactive|Arsenic_is_Water has 120 seconds left.
|
|t:|1703691129
|move|p2a: Gliscor|Earthquake|p1a: Reuniclus
|-damage|p1a: Reuniclus|58/100
|move|p1a: Reuniclus|Recover|p1a: Reuniclus
|-heal|p1a: Reuniclus|100/100
|
|-weather|Sandstorm|[upkeep]
|upkeep
|turn|14
|
|t:|1703691138
|switch|p2a: Tyranitar|Tyranitar, F|88/100
|-damage|p2a: Tyranitar|76/100|[from] Stealth Rock
|move|p1a: Reuniclus|Calm Mind|p1a: Reuniclus
|-boost|p1a: Reuniclus|spa|1
|-boost|p1a: Reuniclus|spd|1
|
|-weather|Sandstorm|[upkeep]
|upkeep
|turn|15
|
|t:|1703691145
|move|p2a: Tyranitar|Crunch|p1a: Reuniclus
|-supereffective|p1a: Reuniclus
|-damage|p1a: Reuniclus|45/100
|move|p1a: Reuniclus|Recover|p1a: Reuniclus
|-heal|p1a: Reuniclus|95/100
|
|-weather|Sandstorm|[upkeep]
|-heal|p1a: Reuniclus|100/100|[from] item: Leftovers
|upkeep
|turn|16
|
|t:|1703691150
|switch|p1a: Ferrothorn|Ferrothorn, F|100/100
|move|p2a: Tyranitar|Crunch|p1a: Ferrothorn
|-resisted|p1a: Ferrothorn
|-damage|p1a: Ferrothorn|88/100
|-damage|p2a: Tyranitar|63/100|[from] ability: Iron Barbs|[of] p1a: Ferrothorn
|
|-weather|Sandstorm|[upkeep]
|-heal|p1a: Ferrothorn|94/100|[from] item: Leftovers
|upkeep
|turn|17
|
|t:|1703691154
|move|p2a: Tyranitar|Fire Blast|p1a: Ferrothorn
|-supereffective|p1a: Ferrothorn
|-damage|p1a: Ferrothorn|12/100
|move|p1a: Ferrothorn|Spikes|p2a: Tyranitar
|-sidestart|p2: Arsenic_is_Water|Spikes
|
|-weather|Sandstorm|[upkeep]
|-heal|p1a: Ferrothorn|18/100|[from] item: Leftovers
|upkeep
|turn|18
|
|t:|1703691160
|move|p1a: Ferrothorn|Protect|p1a: Ferrothorn
|-singleturn|p1a: Ferrothorn|Protect
|move|p2a: Tyranitar|Fire Blast|p1a: Ferrothorn
|-activate|p1a: Ferrothorn|move: Protect
|
|-weather|Sandstorm|[upkeep]
|-heal|p1a: Ferrothorn|25/100|[from] item: Leftovers
|upkeep
|turn|19
|
|t:|1703691164
|switch|p1a: Hippowdon|Hippowdon, M|70/100 tox
|move|p2a: Tyranitar|Fire Blast|p1a: Hippowdon
|-damage|p1a: Hippowdon|47/100 tox
|
|-weather|Sandstorm|[upkeep]
|-heal|p1a: Hippowdon|53/100 tox|[from] item: Leftovers
|-damage|p1a: Hippowdon|47/100 tox|[from] psn
|upkeep
|turn|20
|
|t:|1703691177
|switch|p2a: Latias|Latias, F|100/100
|-damage|p2a: Latias|88/100|[from] Stealth Rock
|move|p1a: Hippowdon|Slack Off|p1a: Hippowdon
|-heal|p1a: Hippowdon|97/100 tox
|
|-weather|Sandstorm|[upkeep]
|-damage|p2a: Latias|82/100|[from] Sandstorm
|-heal|p2a: Latias|88/100|[from] item: Leftovers
|-heal|p1a: Hippowdon|100/100 tox|[from] item: Leftovers
|-damage|p1a: Hippowdon|88/100 tox|[from] psn
|upkeep
|turn|21
|
|t:|1703691186
|switch|p1a: Excadrill|Excadrill, M|97/100
|move|p2a: Latias|Dragon Pulse|p1a: Excadrill
|-resisted|p1a: Excadrill
|-damage|p1a: Excadrill|74/100
|
|-weather|Sandstorm|[upkeep]
|-damage|p2a: Latias|82/100|[from] Sandstorm
|-heal|p2a: Latias|88/100|[from] item: Leftovers
|upkeep
|turn|22
|
|t:|1703691206
|move|p1a: Excadrill|Rock Slide|p2a: Latias
|-damage|p2a: Latias|52/100
|move|p2a: Latias|Hidden Power|p1a: Excadrill
|-supereffective|p1a: Excadrill
|-damage|p1a: Excadrill|30/100
|
|-weather|Sandstorm|[upkeep]
|-damage|p2a: Latias|46/100|[from] Sandstorm
|-heal|p2a: Latias|52/100|[from] item: Leftovers
|upkeep
|turn|23
|
|t:|1703691221
|switch|p1a: Latios|Latios, M|83/100 tox
|move|p2a: Latias|Recover|p2a: Latias
|-heal|p2a: Latias|100/100
|
|-weather|Sandstorm|[upkeep]
|-damage|p1a: Latios|77/100 tox|[from] Sandstorm
|-damage|p2a: Latias|94/100|[from] Sandstorm
|-heal|p2a: Latias|100/100|[from] item: Leftovers
|-damage|p1a: Latios|71/100 tox|[from] psn
|upkeep
|turn|24
|inactive|Arsenic_is_Water has 120 seconds left.
|
|t:|1703691270
|switch|p2a: Ferrothorn|Ferrothorn, F|100/100
|-damage|p2a: Ferrothorn|94/100|[from] Stealth Rock
|-damage|p2a: Ferrothorn|82/100|[from] Spikes
|move|p1a: Latios|Draco Meteor|p2a: Ferrothorn
|-resisted|p2a: Ferrothorn
|-damage|p2a: Ferrothorn|45/100
|-unboost|p1a: Latios|spa|2
|
|-weather|Sandstorm|[upkeep]
|-damage|p1a: Latios|65/100 tox|[from] Sandstorm
|-heal|p2a: Ferrothorn|51/100|[from] item: Leftovers
|-damage|p1a: Latios|53/100 tox|[from] psn
|upkeep
|turn|25
|
|t:|1703691279
|switch|p1a: Magnezone|Magnezone|100/100
|-item|p1a: Magnezone|Air Balloon
|move|p2a: Ferrothorn|Spikes|p1a: Magnezone
|-sidestart|p1: bwvc six|Spikes
|
|-weather|Sandstorm|[upkeep]
|-heal|p2a: Ferrothorn|57/100|[from] item: Leftovers
|upkeep
|turn|26
|
|t:|1703691283
|move|p1a: Magnezone|Hidden Power|p2a: Ferrothorn
|-supereffective|p2a: Ferrothorn
|-damage|p2a: Ferrothorn|0 fnt
|faint|p2a: Ferrothorn
|
|-weather|Sandstorm|[upkeep]
|upkeep
|inactive|Arsenic_is_Water has 120 seconds left.
|
|t:|1703691290
|switch|p2a: Heatran|Heatran, F|57/100
|-damage|p2a: Heatran|45/100|[from] Stealth Rock
|-damage|p2a: Heatran|33/100|[from] Spikes
|turn|27
|inactive|bwvc six has 120 seconds left.
|j| sniping bwvcs
|
|t:|1703691341
|switch|p1a: Reuniclus|Reuniclus, M|100/100
|move|p2a: Heatran|Lava Plume|p1a: Reuniclus
|-damage|p1a: Reuniclus|69/100
|-status|p1a: Reuniclus|brn
|
|-weather|Sandstorm|[upkeep]
|-heal|p2a: Heatran|39/100|[from] item: Leftovers
|-heal|p1a: Reuniclus|75/100 brn|[from] item: Leftovers
|upkeep
|turn|28
|
|t:|1703691356
|move|p2a: Heatran|Stealth Rock|p1a: Reuniclus
|-sidestart|p1: bwvc six|move: Stealth Rock
|move|p1a: Reuniclus|Calm Mind|p1a: Reuniclus
|-boost|p1a: Reuniclus|spa|1
|-boost|p1a: Reuniclus|spd|1
|
|-weather|Sandstorm|[upkeep]
|-heal|p2a: Heatran|45/100|[from] item: Leftovers
|-heal|p1a: Reuniclus|81/100 brn|[from] item: Leftovers
|upkeep
|turn|29
|
|t:|1703691364
|switch|p2a: Tyranitar|Tyranitar, F|63/100
|-damage|p2a: Tyranitar|51/100|[from] Stealth Rock
|-damage|p2a: Tyranitar|38/100|[from] Spikes
|move|p1a: Reuniclus|Thunder|p2a: Tyranitar|[miss]
|-miss|p1a: Reuniclus|p2a: Tyranitar
|
|-weather|Sandstorm|[upkeep]
|-heal|p1a: Reuniclus|87/100 brn|[from] item: Leftovers
|upkeep
|turn|30
|l| sniping bwvcs
|
|t:|1703691372
|move|p2a: Tyranitar|Crunch|p1a: Reuniclus
|-supereffective|p1a: Reuniclus
|-damage|p1a: Reuniclus|23/100 brn
|move|p1a: Reuniclus|Recover|p1a: Reuniclus
|-heal|p1a: Reuniclus|73/100 brn
|
|-weather|Sandstorm|[upkeep]
|-heal|p1a: Reuniclus|80/100 brn|[from] item: Leftovers
|upkeep
|turn|31
|
|t:|1703691379
|move|p2a: Tyranitar|Pursuit|p1a: Reuniclus
|-supereffective|p1a: Reuniclus
|-damage|p1a: Reuniclus|49/100 brn
|move|p1a: Reuniclus|Recover|p1a: Reuniclus
|-heal|p1a: Reuniclus|99/100 brn
|
|-weather|Sandstorm|[upkeep]
|-heal|p1a: Reuniclus|100/100 brn|[from] item: Leftovers
|upkeep
|turn|32
|
|t:|1703691399
|switch|p1a: Ferrothorn|Ferrothorn, F|25/100
|-damage|p1a: Ferrothorn|12/100|[from] Spikes
|-damage|p1a: Ferrothorn|6/100|[from] Stealth Rock
|move|p2a: Tyranitar|Crunch|p1a: Ferrothorn
|-resisted|p1a: Ferrothorn
|-damage|p1a: Ferrothorn|0 fnt
|-damage|p2a: Tyranitar|26/100|[from] ability: Iron Barbs|[of] p1a: Ferrothorn
|faint|p1a: Ferrothorn
|
|-weather|Sandstorm|[upkeep]
|upkeep
|inactive|bwvc six has 90 seconds left.
|
|t:|1703691422
|switch|p1a: Excadrill|Excadrill, M|30/100
|-damage|p1a: Excadrill|17/100|[from] Spikes
|-damage|p1a: Excadrill|14/100|[from] Stealth Rock
|turn|33
|inactive|bwvc six has 90 seconds left.
|
|t:|1703691449
|move|p1a: Excadrill|Rapid Spin|p2a: Tyranitar
|-resisted|p2a: Tyranitar
|-damage|p2a: Tyranitar|23/100
|-sideend|p1: bwvc six|Spikes|[from] move: Rapid Spin|[of] p1a: Excadrill
|-sideend|p1: bwvc six|Stealth Rock|[from] move: Rapid Spin|[of] p1a: Excadrill
|move|p2a: Tyranitar|Earthquake|p1a: Excadrill
|-supereffective|p1a: Excadrill
|-damage|p1a: Excadrill|0 fnt
|faint|p1a: Excadrill
|
|-weather|Sandstorm|[upkeep]
|upkeep
|
|t:|1703691459
|switch|p1a: Latios|Latios, M|53/100 tox
|turn|34
|
|t:|1703691468
|switch|p2a: Heatran|Heatran, F|45/100
|-damage|p2a: Heatran|33/100|[from] Stealth Rock
|-damage|p2a: Heatran|20/100|[from] Spikes
|move|p1a: Latios|Surf|p2a: Heatran
|-supereffective|p2a: Heatran
|-damage|p2a: Heatran|0 fnt
|faint|p2a: Heatran
|
|-weather|Sandstorm|[upkeep]
|-damage|p1a: Latios|47/100 tox|[from] Sandstorm
|-damage|p1a: Latios|41/100 tox|[from] psn
|upkeep
|
|t:|1703691473
|switch|p2a: Latias|Latias, F|100/100
|-damage|p2a: Latias|88/100|[from] Stealth Rock
|turn|35
|
|t:|1703691488
|switch|p1a: Reuniclus|Reuniclus, M|100/100 brn
|move|p2a: Latias|Calm Mind|p2a: Latias
|-boost|p2a: Latias|spa|1
|-boost|p2a: Latias|spd|1
|
|-weather|Sandstorm|[upkeep]
|-damage|p2a: Latias|82/100|[from] Sandstorm
|-heal|p2a: Latias|88/100|[from] item: Leftovers
|upkeep
|turn|36
|
|t:|1703691491
|move|p2a: Latias|Dragon Pulse|p1a: Reuniclus
|-damage|p1a: Reuniclus|57/100 brn
|move|p1a: Reuniclus|Calm Mind|p1a: Reuniclus
|-boost|p1a: Reuniclus|spa|1
|-boost|p1a: Reuniclus|spd|1
|
|-weather|Sandstorm|[upkeep]
|-damage|p2a: Latias|82/100|[from] Sandstorm
|-heal|p2a: Latias|88/100|[from] item: Leftovers
|-heal|p1a: Reuniclus|63/100 brn|[from] item: Leftovers
|upkeep
|turn|37
|
|t:|1703691496
|move|p2a: Latias|Dragon Pulse|p1a: Reuniclus
|-damage|p1a: Reuniclus|34/100 brn
|move|p1a: Reuniclus|Calm Mind|p1a: Reuniclus
|-boost|p1a: Reuniclus|spa|1
|-boost|p1a: Reuniclus|spd|1
|
|-weather|Sandstorm|[upkeep]
|-damage|p2a: Latias|82/100|[from] Sandstorm
|-heal|p2a: Latias|88/100|[from] item: Leftovers
|-heal|p1a: Reuniclus|40/100 brn|[from] item: Leftovers
|upkeep
|turn|38
|
|t:|1703691498
|move|p2a: Latias|Dragon Pulse|p1a: Reuniclus
|-damage|p1a: Reuniclus|17/100 brn
|move|p1a: Reuniclus|Recover|p1a: Reuniclus
|-heal|p1a: Reuniclus|67/100 brn
|
|-weather|Sandstorm|[upkeep]
|-damage|p2a: Latias|82/100|[from] Sandstorm
|-heal|p2a: Latias|88/100|[from] item: Leftovers
|-heal|p1a: Reuniclus|73/100 brn|[from] item: Leftovers
|upkeep
|turn|39
|
|t:|1703691500
|move|p2a: Latias|Dragon Pulse|p1a: Reuniclus
|-damage|p1a: Reuniclus|50/100 brn
|move|p1a: Reuniclus|Recover|p1a: Reuniclus
|-heal|p1a: Reuniclus|99/100 brn
|
|-weather|Sandstorm|[upkeep]
|-damage|p2a: Latias|82/100|[from] Sandstorm
|-heal|p2a: Latias|88/100|[from] item: Leftovers
|-heal|p1a: Reuniclus|100/100 brn|[from] item: Leftovers
|upkeep
|turn|40
|
|t:|1703691502
|move|p2a: Latias|Dragon Pulse|p1a: Reuniclus
|-damage|p1a: Reuniclus|76/100 brn
|move|p1a: Reuniclus|Thunder|p2a: Latias
|-resisted|p2a: Latias
|-damage|p2a: Latias|72/100
|
|-weather|Sandstorm|[upkeep]
|-damage|p2a: Latias|66/100|[from] Sandstorm
|-heal|p2a: Latias|72/100|[from] item: Leftovers
|-heal|p1a: Reuniclus|82/100 brn|[from] item: Leftovers
|upkeep
|turn|41
|
|t:|1703691505
|move|p2a: Latias|Dragon Pulse|p1a: Reuniclus
|-damage|p1a: Reuniclus|59/100 brn
|move|p1a: Reuniclus|Thunder|p2a: Latias|[miss]
|-miss|p1a: Reuniclus|p2a: Latias
|
|-weather|Sandstorm|[upkeep]
|-damage|p2a: Latias|66/100|[from] Sandstorm
|-heal|p2a: Latias|72/100|[from] item: Leftovers
|-heal|p1a: Reuniclus|65/100 brn|[from] item: Leftovers
|upkeep
|turn|42
|
|t:|1703691507
|move|p2a: Latias|Dragon Pulse|p1a: Reuniclus
|-damage|p1a: Reuniclus|43/100 brn
|move|p1a: Reuniclus|Thunder|p2a: Latias
|-resisted|p2a: Latias
|-crit|p2a: Latias
|-damage|p2a: Latias|24/100
|
|-weather|Sandstorm|[upkeep]
|-damage|p2a: Latias|18/100|[from] Sandstorm
|-heal|p2a: Latias|24/100|[from] item: Leftovers
|-heal|p1a: Reuniclus|49/100 brn|[from] item: Leftovers
|upkeep
|turn|43
|
|t:|1703691512
|move|p2a: Latias|Recover|p2a: Latias
|-heal|p2a: Latias|74/100
|move|p1a: Reuniclus|Recover|p1a: Reuniclus
|-heal|p1a: Reuniclus|99/100 brn
|
|-weather|Sandstorm|[upkeep]
|-damage|p2a: Latias|68/100|[from] Sandstorm
|-heal|p2a: Latias|74/100|[from] item: Leftovers
|-heal|p1a: Reuniclus|100/100 brn|[from] item: Leftovers
|upkeep
|turn|44
|
|t:|1703691515
|move|p2a: Latias|Dragon Pulse|p1a: Reuniclus
|-damage|p1a: Reuniclus|78/100 brn
|move|p1a: Reuniclus|Thunder|p2a: Latias
|-resisted|p2a: Latias
|-damage|p2a: Latias|57/100
|-status|p2a: Latias|par
|
|-weather|Sandstorm|[upkeep]
|-damage|p2a: Latias|51/100 par|[from] Sandstorm
|-heal|p1a: Reuniclus|84/100 brn|[from] item: Leftovers
|-heal|p2a: Latias|57/100 par|[from] item: Leftovers
|upkeep
|turn|45
|
|t:|1703691521
|move|p1a: Reuniclus|Calm Mind|p1a: Reuniclus
|-boost|p1a: Reuniclus|spa|1
|-boost|p1a: Reuniclus|spd|1
|move|p2a: Latias|Recover|p2a: Latias
|-heal|p2a: Latias|100/100 par
|
|-weather|Sandstorm|[upkeep]
|-damage|p2a: Latias|94/100 par|[from] Sandstorm
|-heal|p1a: Reuniclus|90/100 brn|[from] item: Leftovers
|-heal|p2a: Latias|100/100 par|[from] item: Leftovers
|upkeep
|turn|46
|
|t:|1703691524
|move|p1a: Reuniclus|Hidden Power|p2a: Latias
|-supereffective|p2a: Latias
|-damage|p2a: Latias|51/100 par
|cant|p2a: Latias|par
|
|-weather|Sandstorm|[upkeep]
|-damage|p2a: Latias|45/100 par|[from] Sandstorm
|-heal|p1a: Reuniclus|96/100 brn|[from] item: Leftovers
|-heal|p2a: Latias|51/100 par|[from] item: Leftovers
|upkeep
|turn|47
|
|t:|1703691528
|move|p1a: Reuniclus|Calm Mind|p1a: Reuniclus
|-boost|p1a: Reuniclus|spa|1
|-boost|p1a: Reuniclus|spd|1
|move|p2a: Latias|Calm Mind|p2a: Latias
|-boost|p2a: Latias|spa|1
|-boost|p2a: Latias|spd|1
|
|-weather|Sandstorm|[upkeep]
|-damage|p2a: Latias|45/100 par|[from] Sandstorm
|-heal|p1a: Reuniclus|100/100 brn|[from] item: Leftovers
|-heal|p2a: Latias|51/100 par|[from] item: Leftovers
|upkeep
|turn|48
|
|t:|1703691531
|move|p1a: Reuniclus|Hidden Power|p2a: Latias
|-supereffective|p2a: Latias
|-damage|p2a: Latias|7/100 par
|cant|p2a: Latias|par
|
|-weather|Sandstorm|[upkeep]
|-damage|p2a: Latias|1/100 par|[from] Sandstorm
|-heal|p2a: Latias|7/100 par|[from] item: Leftovers
|upkeep
|turn|49
|
|t:|1703691535
|move|p1a: Reuniclus|Hidden Power|p2a: Latias
|-supereffective|p2a: Latias
|-damage|p2a: Latias|0 fnt
|faint|p2a: Latias
|
|-weather|Sandstorm|[upkeep]
|upkeep
|
|t:|1703691539
|switch|p2a: Excadrill|Excadrill, M|100/100
|-damage|p2a: Excadrill|97/100|[from] Stealth Rock
|-damage|p2a: Excadrill|85/100|[from] Spikes
|turn|50
|
|t:|1703691563
|switch|p1a: Hippowdon|Hippowdon, M|88/100 tox
|move|p2a: Excadrill|Iron Head|p1a: Hippowdon
|-damage|p1a: Hippowdon|53/100 tox
|
|-weather|Sandstorm|[upkeep]
|-heal|p1a: Hippowdon|59/100 tox|[from] item: Leftovers
|-damage|p1a: Hippowdon|53/100 tox|[from] psn
|upkeep
|turn|51
|inactive|Arsenic_is_Water has 120 seconds left.
|inactive|Arsenic_is_Water has 90 seconds left.
|
|t:|1703691623
|move|p2a: Excadrill|Iron Head|p1a: Hippowdon
|-damage|p1a: Hippowdon|21/100 tox
|move|p1a: Hippowdon|Earthquake|p2a: Excadrill
|-supereffective|p2a: Excadrill
|-damage|p2a: Excadrill|0 fnt
|faint|p2a: Excadrill
|
|-weather|Sandstorm|[upkeep]
|-heal|p1a: Hippowdon|27/100 tox|[from] item: Leftovers
|-damage|p1a: Hippowdon|15/100 tox|[from] psn
|upkeep
|
|t:|1703691627
|switch|p2a: Gliscor|Gliscor, M|100/100 tox
|-damage|p2a: Gliscor|88/100 tox|[from] Stealth Rock
|turn|52
|
|t:|1703691631
|move|p2a: Gliscor|Substitute|p2a: Gliscor
|-start|p2a: Gliscor|Substitute
|-damage|p2a: Gliscor|63/100 tox
|move|p1a: Hippowdon|Slack Off|p1a: Hippowdon
|-heal|p1a: Hippowdon|65/100 tox
|
|-weather|Sandstorm|[upkeep]
|-heal|p1a: Hippowdon|71/100 tox|[from] item: Leftovers
|-heal|p2a: Gliscor|76/100 tox|[from] ability: Poison Heal
|-damage|p1a: Hippowdon|52/100 tox|[from] psn
|upkeep
|turn|53
|
|t:|1703691636
|move|p2a: Gliscor|Earthquake|p1a: Hippowdon
|-damage|p1a: Hippowdon|30/100 tox
|move|p1a: Hippowdon|Slack Off|p1a: Hippowdon
|-heal|p1a: Hippowdon|80/100 tox
|
|-weather|Sandstorm|[upkeep]
|-heal|p1a: Hippowdon|86/100 tox|[from] item: Leftovers
|-heal|p2a: Gliscor|88/100 tox|[from] ability: Poison Heal
|-damage|p1a: Hippowdon|61/100 tox|[from] psn
|upkeep
|turn|54
|
|t:|1703691639
|switch|p1a: Magnezone|Magnezone|100/100
|-item|p1a: Magnezone|Air Balloon
|move|p2a: Gliscor|Earthquake|p1a: Magnezone
|-immune|p1a: Magnezone
|
|-weather|Sandstorm|[upkeep]
|-heal|p2a: Gliscor|100/100 tox|[from] ability: Poison Heal
|upkeep
|turn|55
|
|t:|1703691644
|switch|p2a: Tyranitar|Tyranitar, F|23/100
|-damage|p2a: Tyranitar|11/100|[from] Stealth Rock
|-damage|p2a: Tyranitar|0 fnt|[from] Spikes
|faint|p2a: Tyranitar
|move|p1a: Magnezone|Magnet Rise|p1a: Magnezone
|-start|p1a: Magnezone|Magnet Rise
|
|-weather|Sandstorm|[upkeep]
|upkeep
|-message|Arsenic_is_Water forfeited.
|
|win|bwvc six
|raw|bwvc six's rating: 1412 &rarr; <strong>1437</strong><br />(+25 for winning)
|raw|Arsenic_is_Water's rating: 1508 &rarr; <strong>1483</strong><br />(-25 for losing)
|l|☆Arsenic_is_Water
|l|☆bwvc six
