|j|☆Profesor Turo
|j|‽BVRZUM
|t:|1710773954
|gametype|singles
|player|p1|Profesor Turo|turo-ai|1317
|player|p2|BVRZUM|hilbert|1377
|teamsize|p1|6
|teamsize|p2|6
|gen|5
|tier|[Gen 5] OU
|rated|
|rule|Species Clause: Limit one of each Pokémon
|rule|OHKO Clause: OHKO moves are banned
|rule|Moody Clause: Moody is banned
|rule|Evasion Items Clause: Evasion items are banned
|rule|Evasion Moves Clause: Evasion moves are banned
|rule|Endless Battle Clause: Forcing endless battles is banned
|rule|HP Percentage Mod: HP is shown in percentages
|rule|Evasion Abilities Clause: Evasion abilities are banned
|rule|Sleep Moves Clause: Sleep-inducing moves are banned
|rule|Swagger Clause: Swagger is banned
|rule|Baton Pass Stat Clause: No Baton Passer may have a way to boost its stats
|clearpoke
|poke|p1|Alakazam, M|item
|poke|p1|Omastar, M|item
|poke|p1|Heracross, M|item
|poke|p1|Latios, M|item
|poke|p1|Volcarona, F|item
|poke|p1|Yanmega, F|item
|poke|p2|Aerodactyl, M|item
|poke|p2|Latios, M|item
|poke|p2|Cloyster, F|item
|poke|p2|Excadrill, M|item
|poke|p2|Thundurus-Therian, M|item
|poke|p2|Volcarona, M|item
|teampreview
|inactive|Battle timer is ON: inactive players will automatically lose when time's up. (requested by Profesor Turo)
|
|t:|1710773964
|start
|switch|p1a: Lord Helix|Omastar, M|100/100
|switch|p2a: Aerodactyl|Aerodactyl, M|100/100
|-ability|p2a: Aerodactyl|Pressure
|turn|1
|
|t:|1710773968
|move|p2a: Aerodactyl|Taunt|p1a: Lord Helix
|-start|p1a: Lord Helix|move: Taunt
|move|p1a: Lord Helix|Ancient Power|p2a: Aerodactyl
|-supereffective|p2a: Aerodactyl
|-damage|p2a: Aerodactyl|10/100
|
|upkeep
|turn|2
|
|t:|1710773972
|move|p2a: Aerodactyl|Stealth Rock|p1a: Lord Helix
|-sidestart|p1: Profesor Turo|move: Stealth Rock
|move|p1a: Lord Helix|Ancient Power|p2a: Aerodactyl
|-supereffective|p2a: Aerodactyl
|-damage|p2a: Aerodactyl|0 fnt
|faint|p2a: Aerodactyl
|
|upkeep
|
|t:|1710773979
|switch|p2a: Cloyster|Cloyster, F|100/100
|turn|3
|
|t:|1710773989
|move|p2a: Cloyster|Shell Smash|p2a: Cloyster
|-unboost|p2a: Cloyster|def|1
|-unboost|p2a: Cloyster|spd|1
|-boost|p2a: Cloyster|atk|2
|-boost|p2a: Cloyster|spa|2
|-boost|p2a: Cloyster|spe|2
|move|p1a: Lord Helix|Ancient Power|p2a: Cloyster
|-supereffective|p2a: Cloyster
|-enditem|p2a: Cloyster|Focus Sash
|-damage|p2a: Cloyster|1/100
|
|-end|p1a: Lord Helix|move: Taunt
|upkeep
|turn|4
|
|t:|1710773993
|move|p2a: Cloyster|Icicle Spear|p1a: Lord Helix
|-resisted|p1a: Lord Helix
|-damage|p1a: Lord Helix|89/100
|-ability|p1a: Lord Helix|Weak Armor|boost
|-unboost|p1a: Lord Helix|def|1
|-boost|p1a: Lord Helix|spe|1
|-resisted|p1a: Lord Helix
|-damage|p1a: Lord Helix|72/100
|-ability|p1a: Lord Helix|Weak Armor|boost
|-unboost|p1a: Lord Helix|def|1
|-boost|p1a: Lord Helix|spe|1
|-resisted|p1a: Lord Helix
|-damage|p1a: Lord Helix|47/100
|-ability|p1a: Lord Helix|Weak Armor|boost
|-unboost|p1a: Lord Helix|def|1
|-boost|p1a: Lord Helix|spe|1
|-resisted|p1a: Lord Helix
|-damage|p1a: Lord Helix|19/100
|-ability|p1a: Lord Helix|Weak Armor|boost
|-unboost|p1a: Lord Helix|def|1
|-boost|p1a: Lord Helix|spe|1
|-resisted|p1a: Lord Helix
|-damage|p1a: Lord Helix|0 fnt
|faint|p1a: Lord Helix
|-hitcount|p1: Lord Helix|5
|
|upkeep
|
|t:|1710774010
|switch|p1a: Minty Man|Latios, M, shiny|100/100
|-damage|p1a: Minty Man|88/100|[from] Stealth Rock
|turn|5
|
|t:|1710774038
|move|p1a: Minty Man|Surf|p2a: Cloyster
|-resisted|p2a: Cloyster
|-damage|p2a: Cloyster|0 fnt
|faint|p2a: Cloyster
|
|upkeep
|inactive|BVRZUM has 120 seconds left.
|
|t:|1710774048
|switch|p2a: Thundurus|Thundurus-Therian, M|100/100
|turn|6
|
|t:|1710774053
|switch|p1a: The Spoon Man|Alakazam, M|100/100
|move|p2a: Thundurus|Agility|p2a: Thundurus
|-boost|p2a: Thundurus|spe|2
|
|upkeep
|turn|7
|
|t:|1710774059
|move|p2a: Thundurus|Thunderbolt|p1a: The Spoon Man
|-damage|p1a: The Spoon Man|2/100
|move|p1a: The Spoon Man|Psychic|p2a: Thundurus
|-damage|p2a: Thundurus|41/100
|
|-heal|p2a: Thundurus|47/100|[from] item: Leftovers
|upkeep
|turn|8
|
|t:|1710774061
|move|p2a: Thundurus|Thunderbolt|p1a: The Spoon Man
|-damage|p1a: The Spoon Man|0 fnt
|faint|p1a: The Spoon Man
|
|-heal|p2a: Thundurus|54/100|[from] item: Leftovers
|upkeep
|
|t:|1710774071
|switch|p1a: The Cross|Heracross, M|100/100
|-damage|p1a: The Cross|88/100|[from] Stealth Rock
|turn|9
|
|t:|1710774084
|move|p2a: Thundurus|Thunderbolt|p1a: The Cross
|-damage|p1a: The Cross|24/100
|move|p1a: The Cross|Stone Edge|p2a: Thundurus
|-supereffective|p2a: Thundurus
|-damage|p2a: Thundurus|0 fnt
|faint|p2a: Thundurus
|-ability|p1a: The Cross|Moxie|boost
|-boost|p1a: The Cross|atk|1
|
|upkeep
|
|t:|1710774094
|switch|p2a: Excadrill|Excadrill, M|100/100
|-ability|p2a: Excadrill|Mold Breaker
|turn|10
|
|t:|1710774096
|switch|p1a: Flinchinator|Yanmega, F, shiny|100/100
|-damage|p1a: Flinchinator|51/100|[from] Stealth Rock
|move|p2a: Excadrill|Earthquake|p1a: Flinchinator
|-immune|p1a: Flinchinator
|
|upkeep
|turn|11
|
|t:|1710774100
|switch|p2a: Latios|Latios, M|100/100
|move|p1a: Flinchinator|Protect||[still]
|-fail|p1a: Flinchinator
|
|-ability|p1a: Flinchinator|Speed Boost|boost
|-boost|p1a: Flinchinator|spe|1
|upkeep
|turn|12
|
|t:|1710774104
|move|p1a: Flinchinator|Protect|p1a: Flinchinator
|-singleturn|p1a: Flinchinator|Protect
|move|p2a: Latios|Memento|p1a: Flinchinator
|-activate|p1a: Flinchinator|move: Protect
|
|-ability|p1a: Flinchinator|Speed Boost|boost
|-boost|p1a: Flinchinator|spe|1
|upkeep
|turn|13
|
|t:|1710774107
|move|p1a: Flinchinator|Bug Buzz|p2a: Latios
|-supereffective|p2a: Latios
|-damage|p2a: Latios|0 fnt
|faint|p2a: Latios
|-damage|p1a: Flinchinator|41/100|[from] item: Life Orb
|
|-ability|p1a: Flinchinator|Speed Boost|boost
|-boost|p1a: Flinchinator|spe|1
|upkeep
|
|t:|1710774109
|switch|p2a: Volcarona|Volcarona, M|100/100
|turn|14
|
|t:|1710774113
|move|p1a: Flinchinator|Air Slash|p2a: Volcarona
|-supereffective|p2a: Volcarona
|-damage|p2a: Volcarona|0 fnt
|faint|p2a: Volcarona
|-damage|p1a: Flinchinator|31/100|[from] item: Life Orb
|
|-ability|p1a: Flinchinator|Speed Boost|boost
|-boost|p1a: Flinchinator|spe|1
|upkeep
|
|t:|1710774115
|switch|p2a: Excadrill|Excadrill, M|100/100
|-ability|p2a: Excadrill|Mold Breaker
|turn|15
|
|t:|1710774117
|move|p1a: Flinchinator|Air Slash|p2a: Excadrill
|-resisted|p2a: Excadrill
|-damage|p2a: Excadrill|66/100
|-damage|p1a: Flinchinator|21/100|[from] item: Life Orb
|move|p2a: Excadrill|Iron Head|p1a: Flinchinator
|-damage|p1a: Flinchinator|0 fnt
|faint|p1a: Flinchinator
|
|upkeep
|
|t:|1710774120
|switch|p1a: The Cross|Heracross, M|24/100
|-damage|p1a: The Cross|12/100|[from] Stealth Rock
|turn|16
|c|☆Profesor Turo|Ggs
|
|t:|1710774137
|move|p1a: The Cross|Close Combat|p2a: Excadrill
|-supereffective|p2a: Excadrill
|-crit|p2a: Excadrill
|-damage|p2a: Excadrill|0 fnt
|-unboost|p1a: The Cross|def|1
|-unboost|p1a: The Cross|spd|1
|faint|p2a: Excadrill
|-ability|p1a: The Cross|Moxie|boost
|-boost|p1a: The Cross|atk|1
|
|win|Profesor Turo
|raw|Profesor Turo's rating: 1317 &rarr; <strong>1340</strong><br />(+23 for winning)
|raw|BVRZUM's rating: 1377 &rarr; <strong>1354</strong><br />(-23 for losing)
