|j|☆Croaset
|j|☆magialice
|t:|1731795044
|gametype|singles
|player|p1|Croaset|elesa|1387
|player|p2|magialice|miku-flying|1473
|teamsize|p1|6
|teamsize|p2|6
|gen|5
|tier|[Gen 5] OU
|rated|
|rule|Species Clause: Limit one of each Pokémon
|rule|OHKO Clause: OHKO moves are banned
|rule|Moody Clause: Moody is banned
|rule|Evasion Items Clause: Evasion items are banned
|rule|Evasion Moves Clause: Evasion moves are banned
|rule|Endless Battle Clause: Forcing endless battles is banned
|rule|HP Percentage Mod: HP is shown in percentages
|rule|Evasion Abilities Clause: Evasion abilities are banned
|rule|Sleep Moves Clause: Sleep-inducing moves are banned
|rule|Swagger Clause: Swagger is banned
|rule|Baton Pass Stat Clause: No Baton Passer may have a way to boost its stats
|clearpoke
|poke|p1|Reuniclus, F|item
|poke|p1|Skarmory, M|item
|poke|p1|Latios, M|item
|poke|p1|Tyranitar, F|item
|poke|p1|Amoonguss, F|item
|poke|p1|Latias, F|item
|poke|p2|Tyranitar, M|item
|poke|p2|Alakazam, M|item
|poke|p2|Latios, M|item
|poke|p2|Ferrothorn, F|item
|poke|p2|Rotom-Wash|item
|poke|p2|Landorus-Therian, M|item
|teampreview
|inactive|Battle timer is ON: inactive players will automatically lose when time's up. (requested by magialice)
|
|t:|1731795060
|start
|switch|p1a: Skarmory|Skarmory, M|100/100
|switch|p2a: Landorus|Landorus-Therian, M|100/100
|-ability|p2a: Landorus|Intimidate|boost
|-unboost|p1a: Skarmory|atk|1
|turn|1
|
|t:|1731795062
|move|p2a: Landorus|Stealth Rock|p1a: Skarmory
|-sidestart|p1: Croaset|move: Stealth Rock
|move|p1a: Skarmory|Stealth Rock|p2a: Landorus
|-sidestart|p2: magialice|move: Stealth Rock
|
|upkeep
|turn|2
|
|t:|1731795067
|move|p2a: Landorus|Hidden Power|p1a: Skarmory
|-damage|p1a: Skarmory|77/100
|move|p1a: Skarmory|Spikes|p2a: Landorus
|-sidestart|p2: magialice|Spikes
|
|-heal|p1a: Skarmory|83/100|[from] item: Leftovers
|upkeep
|turn|3
|
|t:|1731795070
|move|p2a: Landorus|U-turn|p1a: Skarmory
|-resisted|p1a: Skarmory
|-damage|p1a: Skarmory|80/100
|
|t:|1731795076
|switch|p2a: Rotom|Rotom-Wash|100/100|[from] U-turn
|-damage|p2a: Rotom|88/100|[from] Stealth Rock
|move|p1a: Skarmory|Spikes|p2a: Rotom
|-sidestart|p2: magialice|Spikes
|
|-heal|p2a: Rotom|94/100|[from] item: Leftovers
|-heal|p1a: Skarmory|86/100|[from] item: Leftovers
|upkeep
|turn|4
|
|t:|1731795083
|switch|p1a: Latias|Latias, F|100/100
|-damage|p1a: Latias|88/100|[from] Stealth Rock
|move|p2a: Rotom|Volt Switch|p1a: Latias
|-resisted|p1a: Latias
|-damage|p1a: Latias|78/100
|
|t:|1731795086
|switch|p2a: Tyranitar|Tyranitar, M|100/100|[from] Volt Switch
|-damage|p2a: Tyranitar|88/100|[from] Stealth Rock
|-damage|p2a: Tyranitar|71/100|[from] Spikes
|-weather|Sandstorm|[from] ability: Sand Stream|[of] p2a: Tyranitar
|
|-weather|Sandstorm|[upkeep]
|-damage|p1a: Latias|72/100|[from] Sandstorm
|upkeep
|turn|5
|
|t:|1731795089
|move|p1a: Latias|Thunder Wave|p2a: Tyranitar
|-status|p2a: Tyranitar|par
|cant|p2a: Tyranitar|par
|
|-weather|Sandstorm|[upkeep]
|-damage|p1a: Latias|66/100|[from] Sandstorm
|upkeep
|turn|6
|
|t:|1731795094
|-activate|p1a: Latias|move: Pursuit
|move|p2a: Tyranitar|Pursuit|p1a: Latias|[from]Pursuit
|-supereffective|p1a: Latias
|-enditem|p1a: Latias|Colbur Berry|[eat]
|-enditem|p1a: Latias|Colbur Berry|[weaken]
|-damage|p1a: Latias|22/100
|switch|p1a: Skarmory|Skarmory, M|86/100
|-damage|p1a: Skarmory|74/100|[from] Stealth Rock
|
|-weather|Sandstorm|[upkeep]
|-heal|p1a: Skarmory|80/100|[from] item: Leftovers
|upkeep
|turn|7
|
|t:|1731795098
|move|p1a: Skarmory|Spikes|p2a: Tyranitar
|-sidestart|p2: magialice|Spikes
|cant|p2a: Tyranitar|par
|
|-weather|Sandstorm|[upkeep]
|-heal|p1a: Skarmory|86/100|[from] item: Leftovers
|upkeep
|turn|8
|
|t:|1731795105
|cant|p2a: Tyranitar|par
|move|p1a: Skarmory|Whirlwind|p2a: Tyranitar
|drag|p2a: Ferrothorn|Ferrothorn, F|100/100
|-damage|p2a: Ferrothorn|95/100|[from] Stealth Rock
|-damage|p2a: Ferrothorn|70/100|[from] Spikes
|
|-weather|Sandstorm|[upkeep]
|-heal|p1a: Skarmory|92/100|[from] item: Leftovers
|upkeep
|turn|9
|j| sk8head
|
|t:|1731795112
|switch|p1a: Amoonguss|Amoonguss, F|100/100
|-damage|p1a: Amoonguss|88/100|[from] Stealth Rock
|move|p2a: Ferrothorn|Spikes|p1a: Amoonguss
|-sidestart|p1: Croaset|Spikes
|
|-weather|Sandstorm|[upkeep]
|-damage|p1a: Amoonguss|82/100|[from] Sandstorm
|-heal|p1a: Amoonguss|88/100|[from] item: Black Sludge
|upkeep
|turn|10
|
|t:|1731795115
|move|p1a: Amoonguss|Stun Spore|p2a: Ferrothorn
|-status|p2a: Ferrothorn|par
|move|p2a: Ferrothorn|Knock Off|p1a: Amoonguss
|-damage|p1a: Amoonguss|85/100
|-enditem|p1a: Amoonguss|Black Sludge|[from] move: Knock Off|[of] p2a: Ferrothorn
|
|-weather|Sandstorm|[upkeep]
|-damage|p1a: Amoonguss|79/100|[from] Sandstorm
|upkeep
|turn|11
|
|t:|1731795119
|move|p1a: Amoonguss|Hidden Power|p2a: Ferrothorn
|-supereffective|p2a: Ferrothorn
|-damage|p2a: Ferrothorn|28/100 par
|move|p2a: Ferrothorn|Gyro Ball|p1a: Amoonguss
|-damage|p1a: Amoonguss|46/100
|
|-weather|Sandstorm|[upkeep]
|-damage|p1a: Amoonguss|40/100|[from] Sandstorm
|upkeep
|turn|12
|c| sk8head|warning u in advance
|
|t:|1731795125
|switch|p2a: Landorus|Landorus-Therian, M|100/100
|-damage|p2a: Landorus|88/100|[from] Stealth Rock
|-ability|p2a: Landorus|Intimidate|boost
|-unboost|p1a: Amoonguss|atk|1
|move|p1a: Amoonguss|Hidden Power|p2a: Landorus
|-damage|p2a: Landorus|70/100
|
|-weather|Sandstorm|[upkeep]
|-damage|p1a: Amoonguss|33/100|[from] Sandstorm
|-heal|p2a: Landorus|76/100|[from] item: Leftovers
|upkeep
|turn|13
|
|t:|1731795129
|switch|p1a: Skarmory|Skarmory, M|92/100
|-damage|p1a: Skarmory|80/100|[from] Stealth Rock
|move|p2a: Landorus|Earthquake|p1a: Skarmory
|-immune|p1a: Skarmory
|
|-weather|Sandstorm|[upkeep]
|-heal|p2a: Landorus|82/100|[from] item: Leftovers
|-heal|p1a: Skarmory|86/100|[from] item: Leftovers
|upkeep
|turn|14
|c| sk8head|that guys team is wackkk
|c|☆magialice|i can tell from the skarm lol
|
|t:|1731795139
|switch|p2a: Alakazam|Alakazam, M|100/100
|move|p1a: Skarmory|Whirlwind|p2a: Alakazam
|drag|p2a: Tyranitar|Tyranitar, M|71/100 par
|-damage|p2a: Tyranitar|59/100 par|[from] Stealth Rock
|-damage|p2a: Tyranitar|34/100 par|[from] Spikes
|
|-weather|Sandstorm|[upkeep]
|-heal|p1a: Skarmory|92/100|[from] item: Leftovers
|upkeep
|turn|15
|
|t:|1731795145
|cant|p2a: Tyranitar|par
|move|p1a: Skarmory|Whirlwind|p2a: Tyranitar
|drag|p2a: Latios|Latios, M|100/100
|-damage|p2a: Latios|88/100|[from] Stealth Rock
|
|-weather|Sandstorm|[upkeep]
|-damage|p2a: Latios|82/100|[from] Sandstorm
|-heal|p1a: Skarmory|98/100|[from] item: Leftovers
|upkeep
|turn|16
|c|☆magialice|i have hit flamethrower every turn vs skarm
|
|t:|1731795154
|switch|p1a: Tyranitar|Tyranitar, F|100/100
|-damage|p1a: Tyranitar|88/100|[from] Stealth Rock
|-damage|p1a: Tyranitar|76/100|[from] Spikes
|move|p2a: Latios|Surf|p1a: Tyranitar
|-supereffective|p1a: Tyranitar
|-damage|p1a: Tyranitar|48/100
|
|-weather|Sandstorm|[upkeep]
|-damage|p2a: Latios|76/100|[from] Sandstorm
|upkeep
|turn|17
|
|t:|1731795162
|move|p2a: Latios|Surf|p1a: Tyranitar
|-supereffective|p1a: Tyranitar
|-damage|p1a: Tyranitar|20/100
|move|p1a: Tyranitar|Pursuit|p2a: Latios
|-supereffective|p2a: Latios
|-damage|p2a: Latios|28/100
|
|-weather|Sandstorm|[upkeep]
|-damage|p2a: Latios|22/100|[from] Sandstorm
|upkeep
|turn|18
|
|t:|1731795169
|move|p2a: Latios|Surf|p1a: Tyranitar
|-supereffective|p1a: Tyranitar
|-damage|p1a: Tyranitar|0 fnt
|faint|p1a: Tyranitar
|
|-weather|Sandstorm|[upkeep]
|-damage|p2a: Latios|16/100|[from] Sandstorm
|upkeep
|
|t:|1731795175
|switch|p1a: Latios|Latios, M|100/100
|-damage|p1a: Latios|88/100|[from] Stealth Rock
|turn|19
|
|t:|1731795178
|switch|p2a: Tyranitar|Tyranitar, M|34/100 par
|-damage|p2a: Tyranitar|22/100 par|[from] Stealth Rock
|-damage|p2a: Tyranitar|0 fnt|[from] Spikes
|faint|p2a: Tyranitar
|move|p1a: Latios|Draco Meteor|p2: Tyranitar|[notarget]
|-fail|p1a: Latios
|
|-weather|Sandstorm|[upkeep]
|-damage|p1a: Latios|82/100|[from] Sandstorm
|upkeep
|
|t:|1731795188
|switch|p2a: Rotom|Rotom-Wash|94/100
|-damage|p2a: Rotom|82/100|[from] Stealth Rock
|turn|20
|
|t:|1731795191
|move|p1a: Latios|Thunder Wave|p2a: Rotom
|-status|p2a: Rotom|par
|cant|p2a: Rotom|par
|
|-weather|Sandstorm|[upkeep]
|-damage|p1a: Latios|76/100|[from] Sandstorm
|-damage|p2a: Rotom|75/100 par|[from] Sandstorm
|-heal|p2a: Rotom|82/100 par|[from] item: Leftovers
|upkeep
|turn|21
|
|t:|1731795195
|move|p1a: Latios|Draco Meteor|p2a: Rotom
|-damage|p2a: Rotom|4/100 par
|-unboost|p1a: Latios|spa|2
|move|p2a: Rotom|Volt Switch|p1a: Latios
|-resisted|p1a: Latios
|-crit|p1a: Latios
|-damage|p1a: Latios|49/100
|
|t:|1731795198
|switch|p2a: Alakazam|Alakazam, M|100/100|[from] Volt Switch
|
|-weather|Sandstorm|[upkeep]
|-damage|p1a: Latios|43/100|[from] Sandstorm
|upkeep
|turn|22
|
|t:|1731795202
|move|p2a: Alakazam|Signal Beam|p1a: Latios
|-supereffective|p1a: Latios
|-damage|p1a: Latios|0 fnt
|faint|p1a: Latios
|
|-weather|Sandstorm|[upkeep]
|upkeep
|
|t:|1731795216
|switch|p1a: Skarmory|Skarmory, M|98/100
|-damage|p1a: Skarmory|85/100|[from] Stealth Rock
|turn|23
|
|t:|1731795218
|move|p2a: Alakazam|Hidden Power|p1a: Skarmory
|-supereffective|p1a: Skarmory
|-damage|p1a: Skarmory|0 fnt
|faint|p1a: Skarmory
|
|-weather|Sandstorm|[upkeep]
|upkeep
|
|t:|1731795222
|switch|p1a: Latias|Latias, F|22/100
|-damage|p1a: Latias|10/100|[from] Stealth Rock
|turn|24
|
|t:|1731795224
|move|p2a: Alakazam|Signal Beam|p1a: Latias
|-supereffective|p1a: Latias
|-damage|p1a: Latias|0 fnt
|faint|p1a: Latias
|
|-weather|Sandstorm|[upkeep]
|upkeep
|
|t:|1731795227
|switch|p1a: Reuniclus|Reuniclus, F, shiny|100/100
|turn|25
|
|t:|1731795229
|move|p2a: Alakazam|Signal Beam|p1a: Reuniclus
|-supereffective|p1a: Reuniclus
|-damage|p1a: Reuniclus|34/100
|move|p1a: Reuniclus|Calm Mind|p1a: Reuniclus
|-boost|p1a: Reuniclus|spa|1
|-boost|p1a: Reuniclus|spd|1
|
|-weather|Sandstorm|[upkeep]
|-heal|p1a: Reuniclus|40/100|[from] item: Leftovers
|upkeep
|turn|26
|
|t:|1731795232
|move|p2a: Alakazam|Signal Beam|p1a: Reuniclus
|-supereffective|p1a: Reuniclus
|-damage|p1a: Reuniclus|2/100
|move|p1a: Reuniclus|Recover|p1a: Reuniclus
|-heal|p1a: Reuniclus|52/100
|
|-weather|Sandstorm|[upkeep]
|-heal|p1a: Reuniclus|58/100|[from] item: Leftovers
|upkeep
|turn|27
|
|t:|1731795235
|move|p2a: Alakazam|Signal Beam|p1a: Reuniclus
|-supereffective|p1a: Reuniclus
|-damage|p1a: Reuniclus|18/100
|move|p1a: Reuniclus|Recover|p1a: Reuniclus
|-heal|p1a: Reuniclus|68/100
|
|-weather|Sandstorm|[upkeep]
|-heal|p1a: Reuniclus|74/100|[from] item: Leftovers
|upkeep
|turn|28
|
|t:|1731795238
|switch|p2a: Latios|Latios, M|16/100
|-damage|p2a: Latios|4/100|[from] Stealth Rock
|move|p1a: Reuniclus|Recover|p1a: Reuniclus
|-heal|p1a: Reuniclus|100/100
|
|-weather|Sandstorm|[upkeep]
|-damage|p2a: Latios|0 fnt|[from] Sandstorm
|faint|p2a: Latios
|upkeep
|
|t:|1731795241
|switch|p2a: Landorus|Landorus-Therian, M|82/100
|-damage|p2a: Landorus|70/100|[from] Stealth Rock
|-ability|p2a: Landorus|Intimidate|boost
|-unboost|p1a: Reuniclus|atk|1
|turn|29
|
|t:|1731795247
|move|p2a: Landorus|Earthquake|p1a: Reuniclus
|-damage|p1a: Reuniclus|68/100
|move|p1a: Reuniclus|Recover|p1a: Reuniclus
|-heal|p1a: Reuniclus|100/100
|
|-weather|Sandstorm|[upkeep]
|-heal|p2a: Landorus|76/100|[from] item: Leftovers
|upkeep
|turn|30
|
|t:|1731795250
|move|p2a: Landorus|U-turn|p1a: Reuniclus
|-supereffective|p1a: Reuniclus
|-damage|p1a: Reuniclus|68/100
|
|t:|1731795252
|switch|p2a: Alakazam|Alakazam, M|100/100|[from] U-turn
|move|p1a: Reuniclus|Acid Armor|p1a: Reuniclus
|-boost|p1a: Reuniclus|def|2
|
|-weather|Sandstorm|[upkeep]
|-heal|p1a: Reuniclus|74/100|[from] item: Leftovers
|upkeep
|turn|31
|
|t:|1731795255
|move|p2a: Alakazam|Signal Beam|p1a: Reuniclus
|-supereffective|p1a: Reuniclus
|-damage|p1a: Reuniclus|29/100
|move|p1a: Reuniclus|Recover|p1a: Reuniclus
|-heal|p1a: Reuniclus|79/100
|
|-weather|Sandstorm|[upkeep]
|-heal|p1a: Reuniclus|85/100|[from] item: Leftovers
|upkeep
|turn|32
|
|t:|1731795257
|move|p2a: Alakazam|Signal Beam|p1a: Reuniclus
|-supereffective|p1a: Reuniclus
|-damage|p1a: Reuniclus|44/100
|move|p1a: Reuniclus|Calm Mind|p1a: Reuniclus
|-boost|p1a: Reuniclus|spa|1
|-boost|p1a: Reuniclus|spd|1
|
|-weather|Sandstorm|[upkeep]
|-heal|p1a: Reuniclus|50/100|[from] item: Leftovers
|upkeep
|turn|33
|
|t:|1731795260
|move|p2a: Alakazam|Signal Beam|p1a: Reuniclus
|-supereffective|p1a: Reuniclus
|-damage|p1a: Reuniclus|19/100
|move|p1a: Reuniclus|Recover|p1a: Reuniclus
|-heal|p1a: Reuniclus|69/100
|
|-weather|Sandstorm|[upkeep]
|-heal|p1a: Reuniclus|75/100|[from] item: Leftovers
|upkeep
|turn|34
|
|t:|1731795263
|move|p2a: Alakazam|Signal Beam|p1a: Reuniclus
|-supereffective|p1a: Reuniclus
|-damage|p1a: Reuniclus|42/100
|move|p1a: Reuniclus|Signal Beam|p2a: Alakazam
|-supereffective|p2a: Alakazam
|-damage|p2a: Alakazam|0 fnt
|faint|p2a: Alakazam
|
|-weather|Sandstorm|[upkeep]
|-heal|p1a: Reuniclus|48/100|[from] item: Leftovers
|upkeep
|
|t:|1731795267
|switch|p2a: Landorus|Landorus-Therian, M|76/100
|-damage|p2a: Landorus|64/100|[from] Stealth Rock
|-ability|p2a: Landorus|Intimidate|boost
|-unboost|p1a: Reuniclus|atk|1
|turn|35
|
|t:|1731795269
|move|p2a: Landorus|Earthquake|p1a: Reuniclus
|-damage|p1a: Reuniclus|32/100
|move|p1a: Reuniclus|Recover|p1a: Reuniclus
|-heal|p1a: Reuniclus|82/100
|
|-weather|Sandstorm|[upkeep]
|-heal|p2a: Landorus|70/100|[from] item: Leftovers
|-heal|p1a: Reuniclus|88/100|[from] item: Leftovers
|upkeep
|turn|36
|
|t:|1731795271
|move|p2a: Landorus|Earthquake|p1a: Reuniclus
|-damage|p1a: Reuniclus|71/100
|move|p1a: Reuniclus|Acid Armor|p1a: Reuniclus
|-boost|p1a: Reuniclus|def|2
|
|-weather|Sandstorm|[upkeep]
|-heal|p2a: Landorus|76/100|[from] item: Leftovers
|-heal|p1a: Reuniclus|78/100|[from] item: Leftovers
|upkeep
|turn|37
|
|t:|1731795273
|move|p2a: Landorus|Earthquake|p1a: Reuniclus
|-damage|p1a: Reuniclus|67/100
|move|p1a: Reuniclus|Recover|p1a: Reuniclus
|-heal|p1a: Reuniclus|100/100
|
|-weather|Sandstorm|[upkeep]
|-heal|p2a: Landorus|82/100|[from] item: Leftovers
|upkeep
|turn|38
|
|t:|1731795275
|move|p2a: Landorus|Earthquake|p1a: Reuniclus
|-damage|p1a: Reuniclus|88/100
|move|p1a: Reuniclus|Signal Beam|p2a: Landorus
|-resisted|p2a: Landorus
|-damage|p2a: Landorus|52/100
|-start|p2a: Landorus|confusion
|
|-weather|Sandstorm|[upkeep]
|-heal|p2a: Landorus|59/100|[from] item: Leftovers
|-heal|p1a: Reuniclus|95/100|[from] item: Leftovers
|upkeep
|turn|39
|-message|magialice forfeited.
|
|win|Croaset
|raw|Croaset's rating: 1387 &rarr; <strong>1412</strong><br />(+25 for winning)
|raw|magialice's rating: 1473 &rarr; <strong>1448</strong><br />(-25 for losing)
|l|☆magialice
|player|p2|
