|join|Princess Deluks917
|join|BahaWin
|player|p1|Princess Deluks917|33
|player|p2|BahaWin|286
|gametype|singles
|gen|5
|tier|[Gen 5] OU
|rated
|rule|Evasion Abilities Clause: Evasion abilities are banned
|clearpoke
|poke|p1|Hippowdon, M
|poke|p1|Forretress, M
|poke|p1|Skarmory, M
|poke|p1|Gothitelle, M
|poke|p1|Blissey, F
|poke|p1|Amoonguss, F
|poke|p2|Ninetales, M
|poke|p2|Donphan, M
|poke|p2|Dugtrio, M
|poke|p2|Heatran, M
|poke|p2|Venusaur, M
|poke|p2|Volcarona, M
|rule|Sleep Clause Mod: Limit one foe put to sleep
|rule|Species Clause: Limit one of each Pokémon
|rule|OHKO Clause: OHKO moves are banned
|rule|Moody Clause: Moody is banned
|rule|Evasion Moves Clause: Evasion moves are banned
|rule|Endless Battle Clause: Forcing endless battles is banned
|rule|HP Percentage Mod: HP is shown in percentages
|teampreview
|c|★Princess Deluks917|gl
|
|start
|switch|p1a: Hippowdon|Hippowdon, M|420/420
|switch|p2a: Dantopia|Venusaur, M|320/320
|-weather|Sandstorm|[from] ability: Sand Stream|[of] p1a: Hippowdon
|turn|1
|
|switch|p2a: Dog|Dugtrio, M|201/201
|switch|p1a: Blissey|Blissey, F|652/652
|
|-weather|Sandstorm|[upkeep]
|-damage|p1a: Blissey|612/652|[from] sandstorm
|-heal|p1a: Blissey|652/652|[from] item: Leftovers
|turn|2
|
|move|p2a: Dog|Stealth Rock|p1a: Blissey
|-sidestart|p1: Princess Deluks917|move: Stealth Rock
|move|p1a: Blissey|Toxic|p2a: Dog
|-status|p2a: Dog|tox
|
|-weather|Sandstorm|[upkeep]
|-damage|p1a: Blissey|612/652|[from] sandstorm
|-heal|p1a: Blissey|652/652|[from] item: Leftovers
|-damage|p2a: Dog|189/201 tox|[from] psn
|turn|3
|
|move|p2a: Dog|Earthquake|p1a: Blissey
|-damage|p1a: Blissey|417/652
|move|p1a: Blissey|Wish|p1a: Blissey
|
|-weather|Sandstorm|[upkeep]
|-damage|p1a: Blissey|377/652|[from] sandstorm
|-heal|p1a: Blissey|417/652|[from] item: Leftovers
|-damage|p2a: Dog|165/201 tox|[from] psn
|turn|4
|
|move|p2a: Dog|Earthquake|p1a: Blissey
|-damage|p1a: Blissey|173/652
|move|p1a: Blissey|Seismic Toss|p2a: Dog
|-damage|p2a: Dog|65/201 tox
|
|-weather|Sandstorm|[upkeep]
|-damage|p1a: Blissey|133/652|[from] sandstorm
|-heal|p1a: Blissey|459/652|[from] move: Wish|[wisher] Blissey
|-heal|p1a: Blissey|499/652|[from] item: Leftovers
|-damage|p2a: Dog|29/201 tox|[from] psn
|turn|5
|
|move|p2a: Dog|Reversal|p1a: Blissey
|-supereffective|p1a: Blissey
|-damage|p1a: Blissey|203/652
|move|p1a: Blissey|Soft-Boiled|p1a: Blissey
|-heal|p1a: Blissey|529/652
|
|-weather|Sandstorm|[upkeep]
|-damage|p1a: Blissey|489/652|[from] sandstorm
|-heal|p1a: Blissey|529/652|[from] item: Leftovers
|-damage|p2a: Dog|0 fnt|[from] psn
|faint|p2a: Dog
|
|switch|p2a: Roremoide|Ninetales, M|350/350
|-weather|SunnyDay|[from] ability: Drought|[of] p2a: Roremoide
|turn|6
|
|switch|p1a: Hippowdon|Hippowdon, M|420/420
|-damage|p1a: Hippowdon|394/420|[from] Stealth Rock
|-weather|Sandstorm|[from] ability: Sand Stream|[of] p1a: Hippowdon
|move|p2a: Roremoide|Roar|p1a: Hippowdon
|drag|p1a: Amoonguss|Amoonguss, F|432/432
|-damage|p1a: Amoonguss|378/432|[from] Stealth Rock
|
|-weather|Sandstorm|[upkeep]
|-damage|p2a: Roremoide|329/350|[from] sandstorm
|-damage|p1a: Amoonguss|351/432|[from] sandstorm
|-heal|p2a: Roremoide|350/350|[from] item: Leftovers
|-heal|p1a: Amoonguss|378/432|[from] item: Leftovers
|turn|7
|
|switch|p1a: Blissey|Blissey, F|529/652
|-damage|p1a: Blissey|448/652|[from] Stealth Rock
|move|p2a: Roremoide|Will-O-Wisp|p1a: Blissey
|-status|p1a: Blissey|brn
|
|-weather|Sandstorm|[upkeep]
|-damage|p2a: Roremoide|329/350|[from] sandstorm
|-damage|p1a: Blissey|408/652 brn|[from] sandstorm
|-heal|p2a: Roremoide|350/350|[from] item: Leftovers
|-heal|p1a: Blissey|448/652 brn|[from] item: Leftovers
|-damage|p1a: Blissey|367/652 brn|[from] brn
|turn|8
|
|switch|p2a: Rhynotam|Heatran, M|386/386
|-item|p2a: Rhynotam|Air Balloon
|move|p1a: Blissey|Soft-Boiled|p1a: Blissey
|-heal|p1a: Blissey|652/652 brn
|
|-weather|Sandstorm|[upkeep]
|-damage|p1a: Blissey|612/652 brn|[from] sandstorm
|-heal|p1a: Blissey|652/652 brn|[from] item: Leftovers
|-damage|p1a: Blissey|571/652 brn|[from] brn
|turn|9
|
|switch|p1a: Gothitelle|Gothitelle, M|323/323
|-damage|p1a: Gothitelle|283/323|[from] Stealth Rock
|move|p2a: Rhynotam|Magma Storm|p1a: Gothitelle
|-damage|p1a: Gothitelle|102/323
|-activate|p1a: Gothitelle|move: Magma Storm|[of] p2a: Rhynotam
|
|-weather|Sandstorm|[upkeep]
|-damage|p1a: Gothitelle|82/323|[from] sandstorm
|-damage|p1a: Gothitelle|62/323|[from] move: Magma Storm|[partiallytrapped]
|turn|10
|
|move|p2a: Rhynotam|Earth Power|p1a: Gothitelle
|-damage|p1a: Gothitelle|0 fnt
|faint|p1a: Gothitelle
|
|-weather|Sandstorm|[upkeep]
|
|switch|p1a: Blissey|Blissey, F|571/652
|-damage|p1a: Blissey|490/652|[from] Stealth Rock
|turn|11
|
|switch|p2a: Roremoide|Ninetales, M|350/350
|-weather|SunnyDay|[from] ability: Drought|[of] p2a: Roremoide
|move|p1a: Blissey|Wish|p1a: Blissey
|
|-weather|SunnyDay|[upkeep]
|-heal|p1a: Blissey|530/652|[from] item: Leftovers
|turn|12
|
|move|p2a: Roremoide|Will-O-Wisp|p1a: Blissey
|-status|p1a: Blissey|brn
|move|p1a: Blissey|Toxic|p2a: Roremoide
|-status|p2a: Roremoide|tox
|
|-weather|SunnyDay|[upkeep]
|-heal|p1a: Blissey|652/652 brn|[from] move: Wish|[wisher] Blissey
|-damage|p2a: Roremoide|329/350 tox|[from] psn
|-damage|p1a: Blissey|571/652 brn|[from] brn
|turn|13
|
|switch|p1a: Hippowdon|Hippowdon, M|394/420
|-damage|p1a: Hippowdon|368/420|[from] Stealth Rock
|-weather|Sandstorm|[from] ability: Sand Stream|[of] p1a: Hippowdon
|move|p2a: Roremoide|Will-O-Wisp|p1a: Hippowdon
|-status|p1a: Hippowdon|brn
|
|-weather|Sandstorm|[upkeep]
|-damage|p2a: Roremoide|308/350 tox|[from] sandstorm
|-heal|p2a: Roremoide|329/350 tox|[from] item: Leftovers
|-heal|p1a: Hippowdon|394/420 brn|[from] item: Leftovers
|-damage|p2a: Roremoide|287/350 tox|[from] psn
|-damage|p1a: Hippowdon|342/420 brn|[from] brn
|turn|14
|
|switch|p2a: Reepor|Donphan, M|384/384
|move|p1a: Hippowdon|Stealth Rock|p2a: Reepor
|-sidestart|p2: BahaWin|move: Stealth Rock
|
|-weather|Sandstorm|[upkeep]
|-heal|p1a: Hippowdon|368/420 brn|[from] item: Leftovers
|-damage|p1a: Hippowdon|316/420 brn|[from] brn
|turn|15
|
|switch|p1a: Forretress|Forretress, M|354/354
|-damage|p1a: Forretress|310/354|[from] Stealth Rock
|move|p2a: Reepor|Rapid Spin|p1a: Forretress
|-resisted|p1a: Forretress
|-damage|p1a: Forretress|303/354
|-sideend|p2: BahaWin|Stealth Rock|[from] move: Rapid Spin|[of] p2a: Reepor
|
|-weather|Sandstorm|[upkeep]
|-heal|p1a: Forretress|325/354|[from] item: Leftovers
|turn|16
|
|switch|p2a: Roremoide|Ninetales, M|287/350 tox
|-weather|SunnyDay|[from] ability: Drought|[of] p2a: Roremoide
|move|p1a: Forretress|Rapid Spin|p2a: Roremoide
|-damage|p2a: Roremoide|273/350 tox
|-sideend|p1: Princess Deluks917|Stealth Rock|[from] move: Rapid Spin|[of] p1a: Forretress
|
|-weather|SunnyDay|[upkeep]
|-heal|p2a: Roremoide|294/350 tox|[from] item: Leftovers
|-heal|p1a: Forretress|347/354|[from] item: Leftovers
|-damage|p2a: Roremoide|273/350 tox|[from] psn
|turn|17
|
|switch|p1a: Blissey|Blissey, F|571/652
|move|p2a: Roremoide|Flamethrower|p1a: Blissey
|-damage|p1a: Blissey|484/652
|-status|p1a: Blissey|brn
|
|-weather|SunnyDay|[upkeep]
|-heal|p2a: Roremoide|294/350 tox|[from] item: Leftovers
|-heal|p1a: Blissey|524/652 brn|[from] item: Leftovers
|-damage|p2a: Roremoide|252/350 tox|[from] psn
|-damage|p1a: Blissey|443/652 brn|[from] brn
|turn|18
|
|switch|p2a: Rhynotam|Heatran, M|386/386
|-item|p2a: Rhynotam|Air Balloon
|move|p1a: Blissey|Wish|p1a: Blissey
|
|-weather|SunnyDay|[upkeep]
|-heal|p1a: Blissey|483/652 brn|[from] item: Leftovers
|-damage|p1a: Blissey|402/652 brn|[from] brn
|turn|19
|
|move|p2a: Rhynotam|Magma Storm|p1a: Blissey|[miss]
|-miss|p2a: Rhynotam|p1a: Blissey
|move|p1a: Blissey|Seismic Toss|p2a: Rhynotam
|-damage|p2a: Rhynotam|286/386
|-enditem|p2a: Rhynotam|Air Balloon
|
|-weather|SunnyDay|[upkeep]
|-heal|p1a: Blissey|652/652 brn|[from] move: Wish|[wisher] Blissey
|-damage|p1a: Blissey|571/652 brn|[from] brn
|turn|20
|
|switch|p1a: Skarmory|Skarmory, M|334/334
|move|p2a: Rhynotam|Magma Storm|p1a: Skarmory
|-supereffective|p1a: Skarmory
|-activate|p1a: Skarmory|Sturdy
|-damage|p1a: Skarmory|1/334
|-activate|p1a: Skarmory|move: Magma Storm|[of] p2a: Rhynotam
|
|-weather|SunnyDay|[upkeep]
|-damage|p1a: Skarmory|0 fnt|[from] move: Magma Storm|[partiallytrapped]
|faint|p1a: Skarmory
|
|switch|p1a: Hippowdon|Hippowdon, M|316/420 brn
|-weather|Sandstorm|[from] ability: Sand Stream|[of] p1a: Hippowdon
|turn|21
|
|switch|p2a: Dantopia|Venusaur, M|320/320
|switch|p1a: Blissey|Blissey, F|571/652
|
|-weather|Sandstorm|[upkeep]
|-damage|p2a: Dantopia|300/320|[from] sandstorm
|-damage|p1a: Blissey|531/652|[from] sandstorm
|-heal|p2a: Dantopia|320/320|[from] item: Black Sludge
|-heal|p1a: Blissey|571/652|[from] item: Leftovers
|turn|22
|
|move|p2a: Dantopia|Sleep Powder|p1a: Blissey|[miss]
|-miss|p2a: Dantopia|p1a: Blissey
|move|p1a: Blissey|Seismic Toss|p2a: Dantopia
|-damage|p2a: Dantopia|220/320
|
|-weather|Sandstorm|[upkeep]
|-damage|p2a: Dantopia|200/320|[from] sandstorm
|-damage|p1a: Blissey|531/652|[from] sandstorm
|-heal|p2a: Dantopia|220/320|[from] item: Black Sludge
|-heal|p1a: Blissey|571/652|[from] item: Leftovers
|turn|23
|
|switch|p1a: Amoonguss|Amoonguss, F|432/432
|move|p2a: Dantopia|Sleep Powder|p1a: Amoonguss
|-status|p1a: Amoonguss|slp
|
|-weather|Sandstorm|[upkeep]
|-damage|p2a: Dantopia|200/320|[from] sandstorm
|-damage|p1a: Amoonguss|405/432 slp|[from] sandstorm
|-heal|p2a: Dantopia|220/320|[from] item: Black Sludge
|-heal|p1a: Amoonguss|432/432 slp|[from] item: Leftovers
|turn|24
|
|switch|p2a: Rhynotam|Heatran, M|286/386
|switch|p1a: Blissey|Blissey, F|571/652
|
|-weather|Sandstorm|[upkeep]
|-damage|p1a: Blissey|531/652|[from] sandstorm
|-heal|p1a: Blissey|571/652|[from] item: Leftovers
|turn|25
|
|move|p2a: Rhynotam|Magma Storm|p1a: Blissey
|-damage|p1a: Blissey|427/652
|-activate|p1a: Blissey|move: Magma Storm|[of] p2a: Rhynotam
|move|p1a: Blissey|Seismic Toss|p2a: Rhynotam
|-damage|p2a: Rhynotam|186/386
|
|-weather|Sandstorm|[upkeep]
|-damage|p1a: Blissey|387/652|[from] sandstorm
|-heal|p1a: Blissey|427/652|[from] item: Leftovers
|-damage|p1a: Blissey|387/652|[from] move: Magma Storm|[partiallytrapped]
|turn|26
|
|move|p2a: Rhynotam|Will-O-Wisp|p1a: Blissey
|-status|p1a: Blissey|brn
|move|p1a: Blissey|Soft-Boiled|p1a: Blissey
|-heal|p1a: Blissey|652/652 brn
|
|-weather|Sandstorm|[upkeep]
|-damage|p1a: Blissey|612/652 brn|[from] sandstorm
|-heal|p1a: Blissey|652/652 brn|[from] item: Leftovers
|-damage|p1a: Blissey|571/652 brn|[from] brn
|-damage|p1a: Blissey|531/652 brn|[from] move: Magma Storm|[partiallytrapped]
|turn|27
|
|move|p2a: Rhynotam|Earth Power|p1a: Blissey
|-damage|p1a: Blissey|462/652 brn
|move|p1a: Blissey|Wish|p1a: Blissey
|
|-weather|Sandstorm|[upkeep]
|-damage|p1a: Blissey|422/652 brn|[from] sandstorm
|-heal|p1a: Blissey|462/652 brn|[from] item: Leftovers
|-damage|p1a: Blissey|381/652 brn|[from] brn
|-damage|p1a: Blissey|341/652 brn|[from] move: Magma Storm|[partiallytrapped]
|turn|28
|
|move|p2a: Rhynotam|Earth Power|p1a: Blissey
|-damage|p1a: Blissey|271/652 brn
|move|p1a: Blissey|Seismic Toss|p2a: Rhynotam
|-damage|p2a: Rhynotam|86/386
|
|-weather|Sandstorm|[upkeep]
|-damage|p1a: Blissey|231/652 brn|[from] sandstorm
|-heal|p1a: Blissey|557/652 brn|[from] move: Wish|[wisher] Blissey
|-heal|p1a: Blissey|597/652 brn|[from] item: Leftovers
|-damage|p1a: Blissey|516/652 brn|[from] brn
|-damage|p1a: Blissey|476/652 brn|[from] move: Magma Storm|[partiallytrapped]
|turn|29
|
|move|p2a: Rhynotam|Earth Power|p1a: Blissey
|-damage|p1a: Blissey|411/652 brn
|move|p1a: Blissey|Wish|p1a: Blissey
|
|-weather|Sandstorm|[upkeep]
|-damage|p1a: Blissey|371/652 brn|[from] sandstorm
|-heal|p1a: Blissey|411/652 brn|[from] item: Leftovers
|-damage|p1a: Blissey|330/652 brn|[from] brn
|-end|p1a: Blissey|Magma Storm|[partiallytrapped]
|turn|30
|
|move|p2a: Rhynotam|Magma Storm|p1a: Blissey
|-damage|p1a: Blissey|198/652 brn
|-activate|p1a: Blissey|move: Magma Storm|[of] p2a: Rhynotam
|move|p1a: Blissey|Seismic Toss|p2a: Rhynotam
|-damage|p2a: Rhynotam|0 fnt
|faint|p2a: Rhynotam
|
|-weather|Sandstorm|[upkeep]
|-damage|p1a: Blissey|158/652 brn|[from] sandstorm
|-heal|p1a: Blissey|484/652 brn|[from] move: Wish|[wisher] Blissey
|-heal|p1a: Blissey|524/652 brn|[from] item: Leftovers
|-damage|p1a: Blissey|443/652 brn|[from] brn
|-end|p1a: Blissey|Magma Storm|[partiallytrapped]
|
|switch|p2a: Reepor|Donphan, M|384/384
|turn|31
|
|switch|p1a: Forretress|Forretress, M|347/354
|move|p2a: Reepor|Earthquake|p1a: Forretress
|-damage|p1a: Forretress|256/354
|
|-weather|Sandstorm|[upkeep]
|-heal|p1a: Forretress|278/354|[from] item: Leftovers
|turn|32
|
|move|p2a: Reepor|Earthquake|p1a: Forretress
|-damage|p1a: Forretress|191/354
|move|p1a: Forretress|Toxic Spikes|p2a: Reepor
|-sidestart|p2: BahaWin|move: Toxic Spikes
|
|-weather|Sandstorm|[upkeep]
|-heal|p1a: Forretress|213/354|[from] item: Leftovers
|turn|33
|
|move|p2a: Reepor|Earthquake|p1a: Forretress
|-damage|p1a: Forretress|125/354
|move|p1a: Forretress|Hidden Power|p2a: Reepor
|-supereffective|p2a: Reepor
|-damage|p2a: Reepor|270/384
|
|-weather|Sandstorm|[upkeep]
|-heal|p2a: Reepor|294/384|[from] item: Leftovers
|-heal|p1a: Forretress|147/354|[from] item: Leftovers
|turn|34
|
|move|p2a: Reepor|Earthquake|p1a: Forretress
|-damage|p1a: Forretress|59/354
|move|p1a: Forretress|Toxic Spikes|p2a: Reepor
|-sidestart|p2: BahaWin|move: Toxic Spikes
|
|-weather|Sandstorm|[upkeep]
|-heal|p2a: Reepor|318/384|[from] item: Leftovers
|-heal|p1a: Forretress|81/354|[from] item: Leftovers
|turn|35
|
|switch|p1a: Hippowdon|Hippowdon, M|316/420 brn
|move|p2a: Reepor|Earthquake|p1a: Hippowdon
|-damage|p1a: Hippowdon|229/420 brn
|
|-weather|Sandstorm|[upkeep]
|-heal|p2a: Reepor|342/384|[from] item: Leftovers
|-heal|p1a: Hippowdon|255/420 brn|[from] item: Leftovers
|-damage|p1a: Hippowdon|203/420 brn|[from] brn
|turn|36
|
|move|p2a: Reepor|Rapid Spin|p1a: Hippowdon
|-damage|p1a: Hippowdon|190/420 brn
|-sideend|p2: BahaWin|Toxic Spikes|[from] move: Rapid Spin|[of] p2a: Reepor
|move|p1a: Hippowdon|Slack Off|p1a: Hippowdon
|-heal|p1a: Hippowdon|400/420 brn
|
|-weather|Sandstorm|[upkeep]
|-heal|p2a: Reepor|366/384|[from] item: Leftovers
|-heal|p1a: Hippowdon|420/420 brn|[from] item: Leftovers
|-damage|p1a: Hippowdon|368/420 brn|[from] brn
|turn|37
|
|move|p2a: Reepor|Stealth Rock|p1a: Hippowdon
|-sidestart|p1: Princess Deluks917|move: Stealth Rock
|move|p1a: Hippowdon|Stealth Rock|p2a: Reepor
|-sidestart|p2: BahaWin|move: Stealth Rock
|
|-weather|Sandstorm|[upkeep]
|-heal|p2a: Reepor|384/384|[from] item: Leftovers
|-heal|p1a: Hippowdon|394/420 brn|[from] item: Leftovers
|-damage|p1a: Hippowdon|342/420 brn|[from] brn
|turn|38
|
|move|p2a: Reepor|Rapid Spin|p1a: Hippowdon
|-damage|p1a: Hippowdon|329/420 brn
|-sideend|p2: BahaWin|Stealth Rock|[from] move: Rapid Spin|[of] p2a: Reepor
|move|p1a: Hippowdon|Toxic|p2a: Reepor
|-status|p2a: Reepor|tox
|
|-weather|Sandstorm|[upkeep]
|-heal|p1a: Hippowdon|355/420 brn|[from] item: Leftovers
|-damage|p2a: Reepor|360/384 tox|[from] psn
|-damage|p1a: Hippowdon|303/420 brn|[from] brn
|turn|39
|
|switch|p2a: Ulgamoooth|Volcarona, M|346/346
|move|p1a: Hippowdon|Stealth Rock|p2a: Ulgamoooth
|-sidestart|p2: BahaWin|move: Stealth Rock
|
|-weather|Sandstorm|[upkeep]
|-damage|p2a: Ulgamoooth|325/346|[from] sandstorm
|-heal|p1a: Hippowdon|329/420 brn|[from] item: Leftovers
|-damage|p1a: Hippowdon|277/420 brn|[from] brn
|turn|40
|join|Shad Carter
|
|switch|p1a: Blissey|Blissey, F|443/652
|-damage|p1a: Blissey|362/652|[from] Stealth Rock
|move|p2a: Ulgamoooth|Quiver Dance|p2a: Ulgamoooth
|-boost|p2a: Ulgamoooth|spa|1
|-boost|p2a: Ulgamoooth|spd|1
|-boost|p2a: Ulgamoooth|spe|1
|
|-weather|Sandstorm|[upkeep]
|-damage|p2a: Ulgamoooth|304/346|[from] sandstorm
|-damage|p1a: Blissey|322/652|[from] sandstorm
|-heal|p1a: Blissey|362/652|[from] item: Leftovers
|turn|41
|
|move|p2a: Ulgamoooth|Quiver Dance|p2a: Ulgamoooth
|-boost|p2a: Ulgamoooth|spa|1
|-boost|p2a: Ulgamoooth|spd|1
|-boost|p2a: Ulgamoooth|spe|1
|move|p1a: Blissey|Soft-Boiled|p1a: Blissey
|-heal|p1a: Blissey|652/652
|
|-weather|Sandstorm|[upkeep]
|-damage|p2a: Ulgamoooth|283/346|[from] sandstorm
|-damage|p1a: Blissey|612/652|[from] sandstorm
|-heal|p1a: Blissey|652/652|[from] item: Leftovers
|turn|42
|
|move|p2a: Ulgamoooth|Quiver Dance|p2a: Ulgamoooth
|-boost|p2a: Ulgamoooth|spa|1
|-boost|p2a: Ulgamoooth|spd|1
|-boost|p2a: Ulgamoooth|spe|1
|move|p1a: Blissey|Toxic|p2a: Ulgamoooth
|-status|p2a: Ulgamoooth|tox
|
|-weather|Sandstorm|[upkeep]
|-damage|p2a: Ulgamoooth|262/346 tox|[from] sandstorm
|-damage|p1a: Blissey|612/652|[from] sandstorm
|-heal|p1a: Blissey|652/652|[from] item: Leftovers
|-damage|p2a: Ulgamoooth|241/346 tox|[from] psn
|turn|43
|
|move|p2a: Ulgamoooth|Flamethrower|p1a: Blissey
|-damage|p1a: Blissey|360/652
|move|p1a: Blissey|Soft-Boiled|p1a: Blissey
|-heal|p1a: Blissey|652/652
|
|-weather|Sandstorm|[upkeep]
|-damage|p2a: Ulgamoooth|220/346 tox|[from] sandstorm
|-damage|p1a: Blissey|612/652|[from] sandstorm
|-heal|p1a: Blissey|652/652|[from] item: Leftovers
|-damage|p2a: Ulgamoooth|178/346 tox|[from] psn
|turn|44
|
|move|p2a: Ulgamoooth|Quiver Dance|p2a: Ulgamoooth
|-boost|p2a: Ulgamoooth|spa|1
|-boost|p2a: Ulgamoooth|spd|1
|-boost|p2a: Ulgamoooth|spe|1
|move|p1a: Blissey|Wish|p1a: Blissey
|
|-weather|Sandstorm|[upkeep]
|-damage|p2a: Ulgamoooth|157/346 tox|[from] sandstorm
|-damage|p1a: Blissey|612/652|[from] sandstorm
|-heal|p1a: Blissey|652/652|[from] item: Leftovers
|-damage|p2a: Ulgamoooth|94/346 tox|[from] psn
|-enditem|p2a: Ulgamoooth|Sitrus Berry|[eat]
|-heal|p2a: Ulgamoooth|180/346 tox|[from] item: Sitrus Berry
|turn|45
|
|move|p2a: Ulgamoooth|Flamethrower|p1a: Blissey
|-damage|p1a: Blissey|309/652
|move|p1a: Blissey|Seismic Toss|p2a: Ulgamoooth
|-damage|p2a: Ulgamoooth|80/346 tox
|
|-weather|Sandstorm|[upkeep]
|-damage|p2a: Ulgamoooth|59/346 tox|[from] sandstorm
|-damage|p1a: Blissey|269/652|[from] sandstorm
|-heal|p1a: Blissey|595/652|[from] move: Wish|[wisher] Blissey
|-heal|p1a: Blissey|635/652|[from] item: Leftovers
|-damage|p2a: Ulgamoooth|0 fnt|[from] psn
|faint|p2a: Ulgamoooth
|c|★BahaWin|i just choked
|c|★BahaWin|lol
|c|★Princess Deluks917|stirrus berry!
|-message|BahaWin forfeited.
|
|win|Princess Deluks917
|raw|Ladder updating...
|leave|BahaWin
|player|p2
|raw|Princess Deluks917's rating: 1417 &rarr; <strong>1436</strong><br />(+19 for winning)
|raw|BahaWin's rating: 1404 &rarr; <strong>1385</strong><br />(-19 for losing)
|c|★Princess Deluks917|gg