|j|☆rabian
|j|☆bwrs1
|t:|1721609081
|gametype|singles
|player|p1|rabian|iris-gen5bw2|1346
|player|p2|bwrs1|lucas|1673
|teamsize|p1|6
|teamsize|p2|6
|gen|5
|tier|[Gen 5] OU
|rated|
|rule|Species Clause: Limit one of each Pokémon
|rule|OHKO Clause: OHKO moves are banned
|rule|Moody Clause: Moody is banned
|rule|Evasion Items Clause: Evasion items are banned
|rule|Evasion Moves Clause: Evasion moves are banned
|rule|Endless Battle Clause: Forcing endless battles is banned
|rule|HP Percentage Mod: HP is shown in percentages
|rule|Evasion Abilities Clause: Evasion abilities are banned
|rule|Sleep Moves Clause: Sleep-inducing moves are banned
|rule|Swagger Clause: Swagger is banned
|rule|Baton Pass Stat Clause: No Baton Passer may have a way to boost its stats
|clearpoke
|poke|p1|Jolteon, M|item
|poke|p1|Ferrothorn, F|item
|poke|p1|Politoed, F|item
|poke|p1|Gyarados, F|item
|poke|p1|Toxicroak, M|item
|poke|p1|Tentacruel, F|item
|poke|p2|Abomasnow, F|item
|poke|p2|Forretress, F|item
|poke|p2|Jellicent, M|item
|poke|p2|Kyurem-Black|item
|poke|p2|Gliscor, F|item
|poke|p2|Mandibuzz, F|item
|teampreview
|c|☆rabian|glhf!
|j| lezzz_goo
|inactive|Battle timer is ON: inactive players will automatically lose when time's up. (requested by bwrs1)
|c|☆bwrs1|Gl
|c|☆bwrs1|!
|
|t:|1721609148
|start
|switch|p1a: Weather Setter|Politoed, F|100/100
|switch|p2a: Abomasnow|Abomasnow, F|100/100
|-weather|Hail|[from] ability: Snow Warning|[of] p2a: Abomasnow
|-weather|RainDance|[from] ability: Drizzle|[of] p1a: Weather Setter
|turn|1
|
|t:|1721609157
|switch|p1a: Wall|Ferrothorn, F|100/100
|move|p2a: Abomasnow|Giga Drain|p1a: Wall
|-resisted|p1a: Wall
|-damage|p1a: Wall|94/100
|
|-weather|RainDance|[upkeep]
|-heal|p1a: Wall|99/100|[from] item: Leftovers
|upkeep
|turn|2
|
|t:|1721609166
|switch|p2a: Forretress|Forretress, F|100/100
|move|p1a: Wall|Gyro Ball|p2a: Forretress
|-resisted|p2a: Forretress
|-damage|p2a: Forretress|96/100
|
|-weather|RainDance|[upkeep]
|-heal|p2a: Forretress|100/100|[from] item: Leftovers
|-heal|p1a: Wall|100/100|[from] item: Leftovers
|upkeep
|turn|3
|
|t:|1721609172
|move|p2a: Forretress|Spikes|p1a: Wall
|-sidestart|p1: rabian|Spikes
|move|p1a: Wall|Leech Seed|p2a: Forretress
|-start|p2a: Forretress|move: Leech Seed
|
|-weather|RainDance|[upkeep]
|-damage|p2a: Forretress|88/100|[from] Leech Seed|[of] p1a: Wall
|upkeep
|turn|4
|
|t:|1721609179
|switch|p1a: Squid|Tentacruel, F|100/100
|-damage|p1a: Squid|88/100|[from] Spikes
|move|p2a: Forretress|Spikes|p1a: Squid
|-sidestart|p1: rabian|Spikes
|
|-weather|RainDance|[upkeep]
|-heal|p1a: Squid|94/100|[from] ability: Rain Dish
|-heal|p1a: Squid|99/100|[from] item: Black Sludge
|-heal|p2a: Forretress|94/100|[from] item: Leftovers
|-damage|p2a: Forretress|82/100|[from] Leech Seed|[of] p1a: Squid
|-heal|p1a: Squid|100/100|[silent]
|upkeep
|turn|5
|
|t:|1721609185
|switch|p2a: Jellicent|Jellicent, M|100/100
|move|p1a: Squid|Rapid Spin|p2a: Jellicent
|-immune|p2a: Jellicent
|
|-weather|RainDance|[upkeep]
|upkeep
|turn|6
|
|t:|1721609189
|switch|p2a: Abomasnow|Abomasnow, F|100/100
|-weather|Hail|[from] ability: Snow Warning|[of] p2a: Abomasnow
|move|p1a: Squid|Toxic|p2a: Abomasnow
|-status|p2a: Abomasnow|tox
|
|-weather|Hail|[upkeep]
|-damage|p1a: Squid|95/100|[from] Hail
|-heal|p1a: Squid|100/100|[from] item: Black Sludge
|-damage|p2a: Abomasnow|94/100 tox|[from] psn
|upkeep
|turn|7
|
|t:|1721609194
|switch|p2a: Jellicent|Jellicent, M|100/100
|move|p1a: Squid|Rapid Spin|p2a: Jellicent
|-immune|p2a: Jellicent
|
|-weather|Hail|[upkeep]
|-damage|p1a: Squid|95/100|[from] Hail
|-damage|p2a: Jellicent|94/100|[from] Hail
|-heal|p1a: Squid|100/100|[from] item: Black Sludge
|-heal|p2a: Jellicent|100/100|[from] item: Leftovers
|upkeep
|turn|8
|
|t:|1721609199
|move|p1a: Squid|Toxic|p2a: Jellicent
|-status|p2a: Jellicent|tox
|move|p2a: Jellicent|Will-O-Wisp|p1a: Squid
|-status|p1a: Squid|brn
|
|-weather|Hail|[upkeep]
|-damage|p1a: Squid|95/100 brn|[from] Hail
|-damage|p2a: Jellicent|94/100 tox|[from] Hail
|-heal|p1a: Squid|100/100 brn|[from] item: Black Sludge
|-heal|p2a: Jellicent|100/100 tox|[from] item: Leftovers
|-damage|p2a: Jellicent|94/100 tox|[from] psn
|-damage|p1a: Squid|88/100 brn|[from] brn
|upkeep
|turn|9
|
|t:|1721609206
|switch|p1a: Weather Setter|Politoed, F|100/100
|-damage|p1a: Weather Setter|84/100|[from] Spikes
|-weather|RainDance|[from] ability: Drizzle|[of] p1a: Weather Setter
|move|p2a: Jellicent|Will-O-Wisp|p1a: Weather Setter|[miss]
|-miss|p2a: Jellicent|p1a: Weather Setter
|
|-weather|RainDance|[upkeep]
|-heal|p1a: Weather Setter|90/100|[from] item: Leftovers
|-heal|p2a: Jellicent|100/100 tox|[from] item: Leftovers
|-damage|p2a: Jellicent|88/100 tox|[from] psn
|upkeep
|turn|10
|
|t:|1721609212
|switch|p1a: Squid|Tentacruel, F|88/100 brn
|-damage|p1a: Squid|72/100 brn|[from] Spikes
|switch|p2a: Abomasnow|Abomasnow, F|94/100 tox
|-weather|Hail|[from] ability: Snow Warning|[of] p2a: Abomasnow
|
|-weather|Hail|[upkeep]
|-damage|p1a: Squid|66/100 brn|[from] Hail
|-heal|p1a: Squid|72/100 brn|[from] item: Black Sludge
|-damage|p2a: Abomasnow|88/100 tox|[from] psn
|-damage|p1a: Squid|59/100 brn|[from] brn
|upkeep
|turn|11
|c|☆rabian|sorry for that miss
|
|t:|1721609222
|move|p1a: Squid|Toxic|p2a: Abomasnow
|-fail|p2a: Abomasnow|tox
|move|p2a: Abomasnow|Earthquake|p1a: Squid
|-supereffective|p1a: Squid
|-damage|p1a: Squid|2/100 brn
|
|-weather|Hail|[upkeep]
|-damage|p1a: Squid|0 fnt|[from] Hail
|faint|p1a: Squid
|-damage|p2a: Abomasnow|76/100 tox|[from] psn
|upkeep
|
|t:|1721609226
|switch|p1a: Weather Setter|Politoed, F|90/100
|-damage|p1a: Weather Setter|73/100|[from] Spikes
|-weather|RainDance|[from] ability: Drizzle|[of] p1a: Weather Setter
|turn|12
|
|t:|1721609230
|switch|p2a: Jellicent|Jellicent, M|88/100 tox
|switch|p1a: Wall|Ferrothorn, F|100/100
|-damage|p1a: Wall|84/100|[from] Spikes
|
|-weather|RainDance|[upkeep]
|-heal|p2a: Jellicent|94/100 tox|[from] item: Leftovers
|-heal|p1a: Wall|90/100|[from] item: Leftovers
|-damage|p2a: Jellicent|88/100 tox|[from] psn
|upkeep
|turn|13
|
|t:|1721609238
|move|p2a: Jellicent|Will-O-Wisp|p1a: Wall
|-status|p1a: Wall|brn
|move|p1a: Wall|Leech Seed|p2a: Jellicent
|-start|p2a: Jellicent|move: Leech Seed
|
|-weather|RainDance|[upkeep]
|-heal|p2a: Jellicent|94/100 tox|[from] item: Leftovers
|-heal|p1a: Wall|96/100 brn|[from] item: Leftovers
|-damage|p2a: Jellicent|82/100 tox|[from] Leech Seed|[of] p1a: Wall
|-heal|p1a: Wall|100/100 brn|[silent]
|-damage|p2a: Jellicent|70/100 tox|[from] psn
|-damage|p1a: Wall|88/100 brn|[from] brn
|upkeep
|turn|14
|
|t:|1721609245
|switch|p2a: Forretress|Forretress, F|82/100
|move|p1a: Wall|Gyro Ball|p2a: Forretress
|-resisted|p2a: Forretress
|-damage|p2a: Forretress|80/100
|
|-weather|RainDance|[upkeep]
|-heal|p2a: Forretress|86/100|[from] item: Leftovers
|-heal|p1a: Wall|94/100 brn|[from] item: Leftovers
|-damage|p1a: Wall|82/100 brn|[from] brn
|upkeep
|turn|15
|
|t:|1721609249
|switch|p2a: Abomasnow|Abomasnow, F|76/100 tox
|-weather|Hail|[from] ability: Snow Warning|[of] p2a: Abomasnow
|move|p1a: Wall|Leech Seed|p2a: Abomasnow
|-immune|p2a: Abomasnow
|
|-weather|Hail|[upkeep]
|-damage|p1a: Wall|76/100 brn|[from] Hail
|-heal|p1a: Wall|82/100 brn|[from] item: Leftovers
|-damage|p2a: Abomasnow|69/100 tox|[from] psn
|-damage|p1a: Wall|69/100 brn|[from] brn
|upkeep
|turn|16
|
|t:|1721609260
|switch|p2a: Forretress|Forretress, F|86/100
|move|p1a: Wall|Gyro Ball|p2a: Forretress
|-resisted|p2a: Forretress
|-damage|p2a: Forretress|84/100
|
|-weather|Hail|[upkeep]
|-damage|p1a: Wall|63/100 brn|[from] Hail
|-heal|p2a: Forretress|90/100|[from] item: Leftovers
|-heal|p1a: Wall|69/100 brn|[from] item: Leftovers
|-damage|p1a: Wall|57/100 brn|[from] brn
|upkeep
|turn|17
|
|t:|1721609264
|move|p2a: Forretress|Earthquake|p1a: Wall
|-damage|p1a: Wall|41/100 brn
|move|p1a: Wall|Leech Seed|p2a: Forretress
|-start|p2a: Forretress|move: Leech Seed
|
|-weather|Hail|[upkeep]
|-damage|p1a: Wall|34/100 brn|[from] Hail
|-heal|p2a: Forretress|96/100|[from] item: Leftovers
|-heal|p1a: Wall|41/100 brn|[from] item: Leftovers
|-damage|p2a: Forretress|84/100|[from] Leech Seed|[of] p1a: Wall
|-heal|p1a: Wall|56/100 brn|[silent]
|-damage|p1a: Wall|43/100 brn|[from] brn
|upkeep
|turn|18
|
|t:|1721609269
|switch|p1a: Weather Setter|Politoed, F|73/100
|-damage|p1a: Weather Setter|57/100|[from] Spikes
|-weather|RainDance|[from] ability: Drizzle|[of] p1a: Weather Setter
|move|p2a: Forretress|Spikes|p1a: Weather Setter
|-sidestart|p1: rabian|Spikes
|
|-weather|RainDance|[upkeep]
|-heal|p1a: Weather Setter|63/100|[from] item: Leftovers
|-heal|p2a: Forretress|90/100|[from] item: Leftovers
|-damage|p2a: Forretress|77/100|[from] Leech Seed|[of] p1a: Weather Setter
|-heal|p1a: Weather Setter|74/100|[silent]
|upkeep
|turn|19
|c|☆rabian|eq forretress
|c|☆rabian|huh
|
|t:|1721609283
|switch|p2a: Abomasnow|Abomasnow, F|69/100 tox
|-weather|Hail|[from] ability: Snow Warning|[of] p2a: Abomasnow
|move|p1a: Weather Setter|Ice Beam|p2a: Abomasnow
|-damage|p2a: Abomasnow|45/100 tox
|
|-weather|Hail|[upkeep]
|-damage|p1a: Weather Setter|68/100|[from] Hail
|-heal|p1a: Weather Setter|74/100|[from] item: Leftovers
|-damage|p2a: Abomasnow|39/100 tox|[from] psn
|upkeep
|turn|20
|
|t:|1721609289
|move|p1a: Weather Setter|Protect|p1a: Weather Setter
|-singleturn|p1a: Weather Setter|Protect
|move|p2a: Abomasnow|Giga Drain|p1a: Weather Setter
|-activate|p1a: Weather Setter|move: Protect
|
|-weather|Hail|[upkeep]
|-damage|p1a: Weather Setter|68/100|[from] Hail
|-heal|p1a: Weather Setter|74/100|[from] item: Leftovers
|-damage|p2a: Abomasnow|26/100 tox|[from] psn
|upkeep
|turn|21
|
|t:|1721609300
|switch|p2a: Kyurem|Kyurem-Black|100/100
|-ability|p2a: Kyurem|Teravolt
|switch|p1a: Just A Magikarp|Gyarados, F, shiny|100/100
|-ability|p1a: Just A Magikarp|Intimidate|boost
|-unboost|p2a: Kyurem|atk|1
|
|-weather|Hail|[upkeep]
|-damage|p1a: Just A Magikarp|94/100|[from] Hail
|-heal|p1a: Just A Magikarp|100/100|[from] item: Leftovers
|upkeep
|turn|22
|
|t:|1721609306
|switch|p1a: Wall|Ferrothorn, F|43/100 brn
|-damage|p1a: Wall|18/100 brn|[from] Spikes
|move|p2a: Kyurem|Blizzard|p1a: Wall
|-damage|p1a: Wall|0 fnt
|faint|p1a: Wall
|
|-weather|Hail|[upkeep]
|upkeep
|
|t:|1721609314
|switch|p1a: Trans Flag|Toxicroak, M, shiny|100/100
|-damage|p1a: Trans Flag|76/100|[from] Spikes
|turn|23
|
|t:|1721609316
|move|p2a: Kyurem|Blizzard|p1a: Trans Flag
|-damage|p1a: Trans Flag|0 fnt
|faint|p1a: Trans Flag
|
|-weather|Hail|[upkeep]
|upkeep
|c|☆rabian|schwoopsy
|c|☆rabian|gg
|
|t:|1721609325
|switch|p1a: Weather Setter|Politoed, F|74/100
|-damage|p1a: Weather Setter|49/100|[from] Spikes
|-weather|RainDance|[from] ability: Drizzle|[of] p1a: Weather Setter
|turn|24
|c|☆bwrs1|Gg
|
|t:|1721609332
|switch|p2a: Jellicent|Jellicent, M|70/100 tox
|move|p1a: Weather Setter|Ice Beam|p2a: Jellicent
|-resisted|p2a: Jellicent
|-damage|p2a: Jellicent|61/100 tox
|
|-weather|RainDance|[upkeep]
|-heal|p1a: Weather Setter|56/100|[from] item: Leftovers
|-heal|p2a: Jellicent|68/100 tox|[from] item: Leftovers
|-damage|p2a: Jellicent|61/100 tox|[from] psn
|upkeep
|turn|25
|
|t:|1721609337
|switch|p2a: Abomasnow|Abomasnow, F|26/100 tox
|-weather|Hail|[from] ability: Snow Warning|[of] p2a: Abomasnow
|move|p1a: Weather Setter|Protect||[still]
|-fail|p1a: Weather Setter
|
|-weather|Hail|[upkeep]
|-damage|p1a: Weather Setter|49/100|[from] Hail
|-heal|p1a: Weather Setter|56/100|[from] item: Leftovers
|-damage|p2a: Abomasnow|20/100 tox|[from] psn
|upkeep
|turn|26
|
|t:|1721609341
|switch|p2a: Jellicent|Jellicent, M|61/100 tox
|move|p1a: Weather Setter|Protect||[still]
|-fail|p1a: Weather Setter
|
|-weather|Hail|[upkeep]
|-damage|p1a: Weather Setter|49/100|[from] Hail
|-damage|p2a: Jellicent|55/100 tox|[from] Hail
|-heal|p1a: Weather Setter|56/100|[from] item: Leftovers
|-heal|p2a: Jellicent|61/100 tox|[from] item: Leftovers
|-damage|p2a: Jellicent|55/100 tox|[from] psn
|upkeep
|turn|27
|
|t:|1721609345
|switch|p1a: Look at this boi|Jolteon, M|100/100
|-damage|p1a: Look at this boi|75/100|[from] Spikes
|move|p2a: Jellicent|Recover|p2a: Jellicent
|-heal|p2a: Jellicent|100/100 tox
|
|-weather|Hail|[upkeep]
|-damage|p1a: Look at this boi|69/100|[from] Hail
|-damage|p2a: Jellicent|94/100 tox|[from] Hail
|-heal|p2a: Jellicent|100/100 tox|[from] item: Leftovers
|-damage|p2a: Jellicent|88/100 tox|[from] psn
|upkeep
|turn|28
|
|t:|1721609354
|move|p1a: Look at this boi|Volt Switch|p2a: Jellicent
|-supereffective|p2a: Jellicent
|-damage|p2a: Jellicent|34/100 tox
|
|t:|1721609359
|switch|p1a: Weather Setter|Politoed, F|56/100|[from] Volt Switch
|-damage|p1a: Weather Setter|31/100|[from] Spikes
|-weather|RainDance|[from] ability: Drizzle|[of] p1a: Weather Setter
|move|p2a: Jellicent|Will-O-Wisp|p1a: Weather Setter|[miss]
|-miss|p2a: Jellicent|p1a: Weather Setter
|
|-weather|RainDance|[upkeep]
|-heal|p1a: Weather Setter|37/100|[from] item: Leftovers
|-heal|p2a: Jellicent|40/100 tox|[from] item: Leftovers
|-damage|p2a: Jellicent|22/100 tox|[from] psn
|upkeep
|turn|29
|
|t:|1721609364
|move|p1a: Weather Setter|Ice Beam|p2a: Jellicent
|-resisted|p2a: Jellicent
|-damage|p2a: Jellicent|14/100 tox
|move|p2a: Jellicent|Recover|p2a: Jellicent
|-heal|p2a: Jellicent|64/100 tox
|
|-weather|RainDance|[upkeep]
|-heal|p1a: Weather Setter|43/100|[from] item: Leftovers
|-heal|p2a: Jellicent|70/100 tox|[from] item: Leftovers
|-damage|p2a: Jellicent|45/100 tox|[from] psn
|upkeep
|turn|30
|
|t:|1721609369
|move|p1a: Weather Setter|Protect|p1a: Weather Setter
|-singleturn|p1a: Weather Setter|Protect
|move|p2a: Jellicent|Will-O-Wisp|p1a: Weather Setter
|-activate|p1a: Weather Setter|move: Protect
|
|-weather|RainDance|[upkeep]
|-heal|p1a: Weather Setter|49/100|[from] item: Leftovers
|-heal|p2a: Jellicent|51/100 tox|[from] item: Leftovers
|-damage|p2a: Jellicent|20/100 tox|[from] psn
|upkeep
|turn|31
|
|t:|1721609382
|move|p1a: Weather Setter|Ice Beam|p2a: Jellicent
|-resisted|p2a: Jellicent
|-damage|p2a: Jellicent|12/100 tox
|move|p2a: Jellicent|Will-O-Wisp|p1a: Weather Setter
|-status|p1a: Weather Setter|brn
|
|-weather|RainDance|[upkeep]
|-heal|p1a: Weather Setter|56/100 brn|[from] item: Leftovers
|-heal|p2a: Jellicent|19/100 tox|[from] item: Leftovers
|-damage|p2a: Jellicent|0 fnt|[from] psn
|faint|p2a: Jellicent
|-damage|p1a: Weather Setter|43/100 brn|[from] brn
|upkeep
|
|t:|1721609384
|switch|p2a: Abomasnow|Abomasnow, F|20/100 tox
|-weather|Hail|[from] ability: Snow Warning|[of] p2a: Abomasnow
|turn|32
|
|t:|1721609389
|switch|p2a: Forretress|Forretress, F|77/100
|switch|p1a: Just A Magikarp|Gyarados, F, shiny|100/100
|-ability|p1a: Just A Magikarp|Intimidate|boost
|-unboost|p2a: Forretress|atk|1
|
|-weather|Hail|[upkeep]
|-damage|p1a: Just A Magikarp|94/100|[from] Hail
|-heal|p1a: Just A Magikarp|100/100|[from] item: Leftovers
|-heal|p2a: Forretress|84/100|[from] item: Leftovers
|upkeep
|turn|33
|
|t:|1721609397
|switch|p2a: Mandibuzz|Mandibuzz, F|100/100
|move|p1a: Just A Magikarp|Substitute|p1a: Just A Magikarp
|-start|p1a: Just A Magikarp|Substitute
|-damage|p1a: Just A Magikarp|76/100
|
|-weather|Hail|[upkeep]
|-damage|p1a: Just A Magikarp|70/100|[from] Hail
|-heal|p1a: Just A Magikarp|76/100|[from] item: Leftovers
|upkeep
|turn|34
|
|t:|1721609400
|move|p1a: Just A Magikarp|Dragon Dance|p1a: Just A Magikarp
|-boost|p1a: Just A Magikarp|atk|1
|-boost|p1a: Just A Magikarp|spe|1
|move|p2a: Mandibuzz|Foul Play|p1a: Just A Magikarp
|-end|p1a: Just A Magikarp|Substitute
|
|-weather|Hail|[upkeep]
|-damage|p1a: Just A Magikarp|70/100|[from] Hail
|-heal|p1a: Just A Magikarp|76/100|[from] item: Leftovers
|upkeep
|turn|35
|
|t:|1721609407
|move|p1a: Just A Magikarp|Waterfall|p2a: Mandibuzz
|-damage|p2a: Mandibuzz|58/100
|move|p2a: Mandibuzz|Foul Play|p1a: Just A Magikarp
|-damage|p1a: Just A Magikarp|8/100
|
|-weather|Hail|[upkeep]
|-damage|p1a: Just A Magikarp|2/100|[from] Hail
|-heal|p1a: Just A Magikarp|8/100|[from] item: Leftovers
|-heal|p2a: Mandibuzz|64/100|[from] item: Leftovers
|upkeep
|turn|36
|
|t:|1721609413
|move|p1a: Just A Magikarp|Waterfall|p2a: Mandibuzz
|-crit|p2a: Mandibuzz
|-damage|p2a: Mandibuzz|0 fnt
|faint|p2a: Mandibuzz
|
|-weather|Hail|[upkeep]
|-damage|p1a: Just A Magikarp|2/100|[from] Hail
|-heal|p1a: Just A Magikarp|8/100|[from] item: Leftovers
|upkeep
|
|t:|1721609417
|switch|p2a: Abomasnow|Abomasnow, F|20/100 tox
|turn|37
|c|☆rabian|wow, luck
|
|t:|1721609426
|switch|p1a: Weather Setter|Politoed, F|43/100 brn
|-damage|p1a: Weather Setter|18/100 brn|[from] Spikes
|-weather|RainDance|[from] ability: Drizzle|[of] p1a: Weather Setter
|move|p2a: Abomasnow|Ice Shard|p1a: Weather Setter
|-resisted|p1a: Weather Setter
|-damage|p1a: Weather Setter|11/100 brn
|
|-weather|RainDance|[upkeep]
|-heal|p1a: Weather Setter|17/100 brn|[from] item: Leftovers
|-damage|p2a: Abomasnow|14/100 tox|[from] psn
|-damage|p1a: Weather Setter|4/100 brn|[from] brn
|upkeep
|turn|38
|
|t:|1721609447
|switch|p2a: Forretress|Forretress, F|84/100
|move|p1a: Weather Setter|Ice Beam|p2a: Forretress
|-resisted|p2a: Forretress
|-damage|p2a: Forretress|70/100
|-status|p2a: Forretress|frz
|
|-weather|RainDance|[upkeep]
|-heal|p1a: Weather Setter|11/100 brn|[from] item: Leftovers
|-heal|p2a: Forretress|76/100 frz|[from] item: Leftovers
|-damage|p1a: Weather Setter|0 fnt|[from] brn
|faint|p1a: Weather Setter
|upkeep
|
|t:|1721609451
|switch|p1a: Look at this boi|Jolteon, M|69/100
|-damage|p1a: Look at this boi|44/100|[from] Spikes
|turn|39
|c|☆rabian|i froze your forretress
|c|☆rabian|you cant' beat me now
|c|☆rabian|you should just forfeit
|c|☆rabian|while you still can
|
|t:|1721609475
|switch|p2a: Abomasnow|Abomasnow, F|14/100 tox
|-weather|Hail|[from] ability: Snow Warning|[of] p2a: Abomasnow
|move|p1a: Look at this boi|Hidden Power|p2a: Abomasnow
|-damage|p2a: Abomasnow|0 fnt
|faint|p2a: Abomasnow
|
|-weather|Hail|[upkeep]
|-damage|p1a: Look at this boi|38/100|[from] Hail
|upkeep
|
|t:|1721609477
|switch|p2a: Kyurem|Kyurem-Black|100/100
|-ability|p2a: Kyurem|Teravolt
|turn|40
|
|t:|1721609479
|move|p1a: Look at this boi|Hidden Power|p2a: Kyurem
|-damage|p2a: Kyurem|82/100
|move|p2a: Kyurem|Blizzard|p1a: Look at this boi
|-damage|p1a: Look at this boi|0 fnt
|faint|p1a: Look at this boi
|
|-weather|Hail|[upkeep]
|upkeep
|c|☆rabian|this is your last warning
|
|t:|1721609488
|switch|p1a: Just A Magikarp|Gyarados, F, shiny|8/100
|-ability|p1a: Just A Magikarp|Intimidate|boost
|-unboost|p2a: Kyurem|atk|1
|turn|41
|
|t:|1721609493
|move|p2a: Kyurem|Blizzard|p1a: Just A Magikarp
|-damage|p1a: Just A Magikarp|0 fnt
|faint|p1a: Just A Magikarp
|
|win|bwrs1
|raw|rabian's rating: 1346 &rarr; <strong>1341</strong><br />(-5 for losing)
|raw|bwrs1's rating: 1673 &rarr; <strong>1678</strong><br />(+5 for winning)
|c|☆rabian|wow
|c|☆rabian|you lost
|c|☆rabian|gg
|c|☆bwrs1|Lol ggs
|l|☆rabian
|player|p1|
