|j|☆Draco Bombers
|j|☆Blossummm
|t:|1715301996
|gametype|singles
|player|p1|Draco Bombers|blue-gen2|1347
|player|p2|Blossummm|roxie|1429
|teamsize|p1|6
|teamsize|p2|6
|gen|5
|tier|[Gen 5] OU
|rated|
|rule|Species Clause: Limit one of each Pokémon
|rule|OHKO Clause: OHKO moves are banned
|rule|Moody Clause: Moody is banned
|rule|Evasion Items Clause: Evasion items are banned
|rule|Evasion Moves Clause: Evasion moves are banned
|rule|Endless Battle Clause: Forcing endless battles is banned
|rule|HP Percentage Mod: HP is shown in percentages
|rule|Evasion Abilities Clause: Evasion abilities are banned
|rule|Sleep Moves Clause: Sleep-inducing moves are banned
|rule|Swagger Clause: Swagger is banned
|rule|Baton Pass Stat Clause: No Baton Passer may have a way to boost its stats
|clearpoke
|poke|p1|Terrakion|item
|poke|p1|Hippowdon, M|item
|poke|p1|Excadrill, F|item
|poke|p1|Latios, M|item
|poke|p1|Scizor, M|item
|poke|p1|Rotom-Wash|item
|poke|p2|Tyranitar, F|item
|poke|p2|Alakazam, F|item
|poke|p2|Latios, M|item
|poke|p2|Ferrothorn, F|item
|poke|p2|Keldeo|item
|poke|p2|Landorus-Therian, M|item
|teampreview
|inactive|Battle timer is ON: inactive players will automatically lose when time's up. (requested by Blossummm)
|
|t:|1715302030
|start
|switch|p1a: Rotom|Rotom-Wash|100/100
|switch|p2a: Landorus|Landorus-Therian, M|100/100
|-ability|p2a: Landorus|Intimidate|boost
|-unboost|p1a: Rotom|atk|1
|turn|1
|
|t:|1715302042
|move|p2a: Landorus|Stealth Rock|p1a: Rotom
|-sidestart|p1: Draco Bombers|move: Stealth Rock
|move|p1a: Rotom|Will-O-Wisp|p2a: Landorus
|-status|p2a: Landorus|brn
|
|-damage|p2a: Landorus|88/100 brn|[from] brn
|upkeep
|turn|2
|
|t:|1715302051
|move|p2a: Landorus|U-turn|p1a: Rotom
|-damage|p1a: Rotom|90/100
|
|t:|1715302053
|switch|p2a: Ferrothorn|Ferrothorn, F|100/100|[from] U-turn
|move|p1a: Rotom|Hydro Pump|p2a: Ferrothorn
|-resisted|p2a: Ferrothorn
|-damage|p2a: Ferrothorn|86/100
|
|-heal|p1a: Rotom|96/100|[from] item: Leftovers
|upkeep
|turn|3
|
|t:|1715302060
|move|p1a: Rotom|Volt Switch|p2a: Ferrothorn
|-resisted|p2a: Ferrothorn
|-damage|p2a: Ferrothorn|76/100
|
|t:|1715302069
|switch|p1a: Scizor|Scizor, M|100/100|[from] Volt Switch
|-damage|p1a: Scizor|88/100|[from] Stealth Rock
|move|p2a: Ferrothorn|Power Whip|p1a: Scizor
|-resisted|p1a: Scizor
|-damage|p1a: Scizor|76/100
|
|upkeep
|turn|4
|
|t:|1715302076
|switch|p2a: Keldeo|Keldeo|100/100
|move|p1a: Scizor|U-turn|p2a: Keldeo
|-resisted|p2a: Keldeo
|-damage|p2a: Keldeo|80/100
|
|t:|1715302084
|switch|p1a: Rotom|Rotom-Wash|96/100|[from] U-turn
|-damage|p1a: Rotom|83/100|[from] Stealth Rock
|
|-heal|p2a: Keldeo|86/100|[from] item: Leftovers
|-heal|p1a: Rotom|90/100|[from] item: Leftovers
|upkeep
|turn|5
|
|t:|1715302092
|move|p2a: Keldeo|Taunt|p1a: Rotom
|-start|p1a: Rotom|move: Taunt
|move|p1a: Rotom|Volt Switch|p2a: Keldeo
|-supereffective|p2a: Keldeo
|-damage|p2a: Keldeo|30/100
|
|t:|1715302099
|switch|p1a: Latios|Latios, M|100/100|[from] Volt Switch
|-damage|p1a: Latios|88/100|[from] Stealth Rock
|
|-heal|p2a: Keldeo|36/100|[from] item: Leftovers
|upkeep
|turn|6
|inactive|Draco Bombers has 120 seconds left.
|
|t:|1715302140
|switch|p2a: Ferrothorn|Ferrothorn, F|76/100
|move|p1a: Latios|Surf|p2a: Ferrothorn
|-resisted|p2a: Ferrothorn
|-damage|p2a: Ferrothorn|59/100
|
|upkeep
|turn|7
|
|t:|1715302152
|switch|p1a: Excadrill|Excadrill, F|100/100
|-damage|p1a: Excadrill|97/100|[from] Stealth Rock
|switch|p2a: Alakazam|Alakazam, F|100/100
|
|-heal|p1a: Excadrill|100/100|[from] item: Leftovers
|upkeep
|turn|8
|inactive|Draco Bombers has 120 seconds left.
|
|t:|1715302177
|switch|p2a: Keldeo|Keldeo|36/100
|move|p1a: Excadrill|Rapid Spin|p2a: Keldeo
|-damage|p2a: Keldeo|28/100
|-sideend|p1: Draco Bombers|Stealth Rock|[from] move: Rapid Spin|[of] p1a: Excadrill
|
|-heal|p2a: Keldeo|34/100|[from] item: Leftovers
|upkeep
|turn|9
|
|t:|1715302185
|switch|p1a: Latios|Latios, M|88/100
|move|p2a: Keldeo|Scald|p1a: Latios
|-resisted|p1a: Latios
|-damage|p1a: Latios|68/100
|-status|p1a: Latios|brn
|
|-heal|p2a: Keldeo|40/100|[from] item: Leftovers
|-damage|p1a: Latios|56/100 brn|[from] brn
|upkeep
|turn|10
|
|t:|1715302194
|switch|p2a: Ferrothorn|Ferrothorn, F|59/100
|move|p1a: Latios|Surf|p2a: Ferrothorn
|-resisted|p2a: Ferrothorn
|-damage|p2a: Ferrothorn|40/100
|
|-damage|p1a: Latios|43/100 brn|[from] brn
|upkeep
|turn|11
|inactive|Draco Bombers has 120 seconds left.
|
|t:|1715302200
|switch|p1a: Scizor|Scizor, M|76/100
|move|p2a: Ferrothorn|Spikes|p1a: Scizor
|-sidestart|p1: Draco Bombers|Spikes
|
|upkeep
|turn|12
|
|t:|1715302206
|switch|p2a: Landorus|Landorus-Therian, M|88/100 brn
|-ability|p2a: Landorus|Intimidate|boost
|-unboost|p1a: Scizor|atk|1
|move|p1a: Scizor|U-turn|p2a: Landorus
|-resisted|p2a: Landorus
|-damage|p2a: Landorus|77/100 brn
|
|t:|1715302215
|switch|p1a: Latios|Latios, M|43/100 brn|[from] U-turn
|
|-heal|p2a: Landorus|83/100 brn|[from] item: Leftovers
|-damage|p1a: Latios|31/100 brn|[from] brn
|-damage|p2a: Landorus|71/100 brn|[from] brn
|upkeep
|turn|13
|
|t:|1715302229
|switch|p1a: Scizor|Scizor, M|76/100
|-damage|p1a: Scizor|63/100|[from] Spikes
|move|p2a: Landorus|U-turn|p1a: Scizor
|-resisted|p1a: Scizor
|-damage|p1a: Scizor|56/100
|
|t:|1715302252
|switch|p2a: Keldeo|Keldeo|40/100|[from] U-turn
|
|-heal|p2a: Keldeo|47/100|[from] item: Leftovers
|upkeep
|turn|14
|
|t:|1715302257
|move|p1a: Scizor|Superpower|p2a: Keldeo
|-damage|p2a: Keldeo|0 fnt
|-unboost|p1a: Scizor|atk|1
|-unboost|p1a: Scizor|def|1
|faint|p2a: Keldeo
|
|upkeep
|j| ColdHands97
|
|t:|1715302271
|switch|p2a: Alakazam|Alakazam, F|100/100
|turn|15
|j| bwctest1
|
|t:|1715302288
|switch|p1a: Hippowdon|Hippowdon, M|100/100
|-damage|p1a: Hippowdon|88/100|[from] Spikes
|-weather|Sandstorm|[from] ability: Sand Stream|[of] p1a: Hippowdon
|move|p2a: Alakazam|Hidden Power|p1a: Hippowdon
|-damage|p1a: Hippowdon|67/100
|
|-weather|Sandstorm|[upkeep]
|-heal|p1a: Hippowdon|73/100|[from] item: Leftovers
|upkeep
|turn|16
|
|t:|1715302294
|move|p2a: Alakazam|Grass Knot|p1a: Hippowdon
|-supereffective|p1a: Hippowdon
|-damage|p1a: Hippowdon|0 fnt
|faint|p1a: Hippowdon
|
|-weather|Sandstorm|[upkeep]
|upkeep
|
|t:|1715302302
|switch|p1a: Scizor|Scizor, M|56/100
|-damage|p1a: Scizor|44/100|[from] Spikes
|turn|17
|
|t:|1715302308
|switch|p2a: Landorus|Landorus-Therian, M|71/100 brn
|-ability|p2a: Landorus|Intimidate|boost
|-unboost|p1a: Scizor|atk|1
|move|p1a: Scizor|U-turn|p2a: Landorus
|-resisted|p2a: Landorus
|-damage|p2a: Landorus|59/100 brn
|
|t:|1715302316
|switch|p1a: Latios|Latios, M|31/100 brn|[from] U-turn
|
|-weather|Sandstorm|[upkeep]
|-damage|p1a: Latios|25/100 brn|[from] Sandstorm
|-heal|p2a: Landorus|65/100 brn|[from] item: Leftovers
|-damage|p1a: Latios|13/100 brn|[from] brn
|-damage|p2a: Landorus|53/100 brn|[from] brn
|upkeep
|turn|18
|
|t:|1715302328
|switch|p2a: Tyranitar|Tyranitar, F, shiny|100/100
|move|p1a: Latios|Draco Meteor|p2a: Tyranitar|[miss]
|-miss|p1a: Latios|p2a: Tyranitar
|
|-weather|Sandstorm|[upkeep]
|-damage|p1a: Latios|7/100 brn|[from] Sandstorm
|-damage|p1a: Latios|0 fnt|[from] brn
|faint|p1a: Latios
|upkeep
|c|☆Draco Bombers|NOOOOOOOO
|
|t:|1715302343
|switch|p1a: Terrakion|Terrakion|100/100
|-damage|p1a: Terrakion|88/100|[from] Spikes
|turn|19
|
|t:|1715302350
|switch|p2a: Landorus|Landorus-Therian, M|53/100 brn
|-ability|p2a: Landorus|Intimidate|boost
|-unboost|p1a: Terrakion|atk|1
|move|p1a: Terrakion|Close Combat|p2a: Landorus
|-resisted|p2a: Landorus
|-damage|p2a: Landorus|25/100 brn
|-unboost|p1a: Terrakion|def|1
|-unboost|p1a: Terrakion|spd|1
|
|-weather|Sandstorm|[upkeep]
|-heal|p2a: Landorus|31/100 brn|[from] item: Leftovers
|-damage|p2a: Landorus|18/100 brn|[from] brn
|upkeep
|turn|20
|
|t:|1715302366
|move|p1a: Terrakion|Close Combat|p2a: Landorus
|-resisted|p2a: Landorus
|-damage|p2a: Landorus|0 fnt
|-unboost|p1a: Terrakion|def|1
|-unboost|p1a: Terrakion|spd|1
|faint|p2a: Landorus
|
|-weather|Sandstorm|[upkeep]
|upkeep
|
|t:|1715302392
|switch|p2a: Alakazam|Alakazam, F|100/100
|turn|21
|
|t:|1715302401
|switch|p1a: Excadrill|Excadrill, F|100/100
|-damage|p1a: Excadrill|88/100|[from] Spikes
|move|p2a: Alakazam|Grass Knot|p1a: Excadrill
|-damage|p1a: Excadrill|64/100
|
|-weather|Sandstorm|[upkeep]
|-heal|p1a: Excadrill|70/100|[from] item: Leftovers
|upkeep
|turn|22
|
|t:|1715302410
|move|p2a: Alakazam|Hidden Power|p1a: Excadrill
|-supereffective|p1a: Excadrill
|-damage|p1a: Excadrill|7/100
|move|p1a: Excadrill|Iron Head|p2a: Alakazam
|-damage|p2a: Alakazam|0 fnt
|faint|p2a: Alakazam
|
|-weather|Sandstorm|[upkeep]
|-heal|p1a: Excadrill|13/100|[from] item: Leftovers
|upkeep
|inactive|Blossummm has 120 seconds left.
|l| bwctest1
|inactive|Blossummm has 90 seconds left.
|
|t:|1715302477
|switch|p2a: Latios|Latios, M|100/100
|turn|23
|j| bwctest1
|
|t:|1715302484
|move|p2a: Latios|Surf|p1a: Excadrill
|-supereffective|p1a: Excadrill
|-damage|p1a: Excadrill|0 fnt
|faint|p1a: Excadrill
|
|-weather|Sandstorm|[upkeep]
|-damage|p2a: Latios|95/100|[from] Sandstorm
|upkeep
|
|t:|1715302501
|switch|p1a: Rotom|Rotom-Wash|90/100
|turn|24
|inactive|Blossummm has 90 seconds left.
|
|t:|1715302519
|switch|p2a: Ferrothorn|Ferrothorn, F|40/100
|move|p1a: Rotom|Hydro Pump|p2a: Ferrothorn
|-resisted|p2a: Ferrothorn
|-damage|p2a: Ferrothorn|25/100
|
|-weather|Sandstorm|[upkeep]
|-damage|p1a: Rotom|83/100|[from] Sandstorm
|-heal|p1a: Rotom|90/100|[from] item: Leftovers
|upkeep
|turn|25
|
|t:|1715302525
|move|p1a: Rotom|Will-O-Wisp|p2a: Ferrothorn
|-status|p2a: Ferrothorn|brn
|-enditem|p2a: Ferrothorn|Lum Berry|[eat]
|-curestatus|p2a: Ferrothorn|brn|[msg]
|move|p2a: Ferrothorn|Power Whip|p1a: Rotom
|-supereffective|p1a: Rotom
|-damage|p1a: Rotom|8/100
|
|-weather|Sandstorm|[upkeep]
|-damage|p1a: Rotom|2/100|[from] Sandstorm
|-heal|p1a: Rotom|8/100|[from] item: Leftovers
|upkeep
|turn|26
|inactive|Blossummm has 90 seconds left.
|
|t:|1715302544
|move|p1a: Rotom|Hydro Pump|p2a: Ferrothorn
|-resisted|p2a: Ferrothorn
|-damage|p2a: Ferrothorn|11/100
|move|p2a: Ferrothorn|Gyro Ball|p1a: Rotom
|-resisted|p1a: Rotom
|-damage|p1a: Rotom|0 fnt
|faint|p1a: Rotom
|
|-weather|Sandstorm|[upkeep]
|upkeep
|inactive|Draco Bombers has 120 seconds left.
|
|t:|1715302586
|switch|p1a: Terrakion|Terrakion|88/100
|-damage|p1a: Terrakion|76/100|[from] Spikes
|turn|27
|
|t:|1715302597
|move|p1a: Terrakion|X-Scissor|p2a: Ferrothorn
|-damage|p2a: Ferrothorn|0 fnt
|-damage|p1a: Terrakion|63/100|[from] ability: Iron Barbs|[of] p2a: Ferrothorn
|faint|p2a: Ferrothorn
|
|-weather|Sandstorm|[upkeep]
|upkeep
|
|t:|1715302607
|switch|p2a: Latios|Latios, M|95/100
|turn|28
|
|t:|1715302611
|move|p2a: Latios|Surf|p1a: Terrakion
|-supereffective|p1a: Terrakion
|-damage|p1a: Terrakion|9/100
|move|p1a: Terrakion|X-Scissor|p2a: Latios
|-supereffective|p2a: Latios
|-damage|p2a: Latios|0 fnt
|faint|p2a: Latios
|
|-weather|Sandstorm|[upkeep]
|upkeep
|
|t:|1715302621
|switch|p2a: Tyranitar|Tyranitar, F, shiny|100/100
|turn|29
|
|t:|1715302634
|move|p1a: Terrakion|X-Scissor|p2a: Tyranitar
|-supereffective|p2a: Tyranitar
|-damage|p2a: Tyranitar|39/100
|move|p2a: Tyranitar|Fire Blast|p1a: Terrakion
|-resisted|p1a: Terrakion
|-damage|p1a: Terrakion|0 fnt
|faint|p1a: Terrakion
|
|-weather|Sandstorm|[upkeep]
|upkeep
|
|t:|1715302638
|switch|p1a: Scizor|Scizor, M|44/100
|-damage|p1a: Scizor|31/100|[from] Spikes
|turn|30
|c|☆Draco Bombers|Gg
|
|t:|1715302646
|move|p1a: Scizor|U-turn|p2a: Tyranitar
|-supereffective|p2a: Tyranitar
|-damage|p2a: Tyranitar|0 fnt
|faint|p2a: Tyranitar
|
|win|Draco Bombers
|raw|Draco Bombers's rating: 1347 &rarr; <strong>1372</strong><br />(+25 for winning)
|raw|Blossummm's rating: 1429 &rarr; <strong>1404</strong><br />(-25 for losing)
