|j|☆Conflict
|j|☆Vanteline
|player|p1|Conflict|126|1498
|player|p2|Vanteline|130|1294
|teamsize|p1|6
|teamsize|p2|6
|gametype|singles
|gen|5
|tier|[Gen 5] OU
|rated|
|rule|Sleep Clause Mod: Limit one foe put to sleep
|rule|Species Clause: Limit one of each Pokémon
|rule|OHKO Clause: OHKO moves are banned
|rule|Moody Clause: Moody is banned
|rule|Evasion Moves Clause: Evasion moves are banned
|rule|Endless Battle Clause: Forcing endless battles is banned
|rule|HP Percentage Mod: HP is shown in percentages
|rule|Evasion Abilities Clause: Evasion abilities are banned
|rule|Baton Pass Clause: Limit one Baton Passer, can't pass Spe and other stats simultaneously
|rule|Swagger Clause: Swagger is banned
|clearpoke
|poke|p1|Victini|item
|poke|p1|Tyranitar, F|item
|poke|p1|Forretress, M|item
|poke|p1|Rotom-Wash|item
|poke|p1|Landorus-Therian, M|item
|poke|p1|Amoonguss, M|item
|poke|p2|Ferrothorn, F|item
|poke|p2|Gyarados, F|item
|poke|p2|Thundurus-Therian, M|item
|poke|p2|Heatran, F|item
|poke|p2|Latios, M|item
|poke|p2|Conkeldurr, M|item
|teampreview
|
|start
|switch|p1a: Amoonguss|Amoonguss, M|100/100
|switch|p2a: Ferrothorn|Ferrothorn, F|100/100
|turn|1
|
|switch|p2a: Gyarados|Gyarados, F|100/100
|-ability|p2a: Gyarados|Intimidate|boost
|-unboost|p1a: Amoonguss|atk|1
|move|p1a: Amoonguss|Spore|p2a: Gyarados
|-status|p2a: Gyarados|slp|[from] move: Spore
|
|upkeep
|turn|2
|
|switch|p2a: Heatran|Heatran, F|100/100
|-item|p2a: Heatran|Air Balloon
|switch|p1a: Rotom|Rotom-Wash|100/100
|
|upkeep
|turn|3
|
|switch|p2a: Ferrothorn|Ferrothorn, F|100/100
|move|p1a: Rotom|Volt Switch|p2a: Ferrothorn
|-resisted|p2a: Ferrothorn
|-damage|p2a: Ferrothorn|91/100
|
|switch|p1a: Forretress|Forretress, M|100/100|[from]move: Volt Switch
|
|-heal|p2a: Ferrothorn|97/100|[from] item: Leftovers
|upkeep
|turn|4
|
|switch|p2a: Heatran|Heatran, F|100/100
|-item|p2a: Heatran|Air Balloon
|move|p1a: Forretress|Spikes|p2a: Heatran
|-sidestart|p2: Vanteline|Spikes
|
|upkeep
|turn|5
|
|switch|p1a: Rotom|Rotom-Wash|100/100
|move|p2a: Heatran|Fire Blast|p1a: Rotom
|-resisted|p1a: Rotom
|-damage|p1a: Rotom|65/100
|
|upkeep
|turn|6
|
|switch|p2a: Ferrothorn|Ferrothorn, F|97/100
|-damage|p2a: Ferrothorn|85/100|[from] Spikes
|move|p1a: Rotom|Hydro Pump|p2a: Ferrothorn
|-resisted|p2a: Ferrothorn
|-damage|p2a: Ferrothorn|71/100
|
|-heal|p2a: Ferrothorn|77/100|[from] item: Leftovers
|upkeep
|turn|7
|
|move|p1a: Rotom|Will-O-Wisp|p2a: Ferrothorn
|-status|p2a: Ferrothorn|brn
|move|p2a: Ferrothorn|Stealth Rock|p1a: Rotom
|-sidestart|p1: Conflict|move: Stealth Rock
|
|-heal|p2a: Ferrothorn|83/100 brn|[from] item: Leftovers
|-damage|p2a: Ferrothorn|71/100 brn|[from] brn
|upkeep
|turn|8
|
|move|p1a: Rotom|Hydro Pump|p2a: Ferrothorn
|-resisted|p2a: Ferrothorn
|-damage|p2a: Ferrothorn|55/100 brn
|move|p2a: Ferrothorn|Leech Seed|p1a: Rotom
|-start|p1a: Rotom|move: Leech Seed
|
|-heal|p2a: Ferrothorn|61/100 brn|[from] item: Leftovers
|-damage|p1a: Rotom|53/100|[from] Leech Seed|[of] p2a: Ferrothorn
|-heal|p2a: Ferrothorn|71/100 brn|[silent]
|-damage|p2a: Ferrothorn|59/100 brn|[from] brn
|upkeep
|turn|9
|
|switch|p1a: Forretress|Forretress, M|100/100
|-damage|p1a: Forretress|88/100|[from] Stealth Rock
|move|p2a: Ferrothorn|Bullet Seed|p1a: Forretress
|-resisted|p1a: Forretress
|-damage|p1a: Forretress|87/100
|-resisted|p1a: Forretress
|-damage|p1a: Forretress|87/100
|-hitcount|p1a: Forretress|2
|
|-heal|p1a: Forretress|93/100|[from] item: Leftovers
|-heal|p2a: Ferrothorn|65/100 brn|[from] item: Leftovers
|-damage|p2a: Ferrothorn|53/100 brn|[from] brn
|upkeep
|turn|10
|
|move|p1a: Forretress|Rapid Spin|p2a: Ferrothorn
|-resisted|p2a: Ferrothorn
|-damage|p2a: Ferrothorn|51/100 brn
|-damage|p1a: Forretress|81/100|[from] ability: Iron Barbs|[of] p2a: Ferrothorn
|-sideend|p1: Conflict|Stealth Rock|[from] move: Rapid Spin|[of] p1a: Forretress
|move|p2a: Ferrothorn|Leech Seed|p1a: Forretress
|-start|p1a: Forretress|move: Leech Seed
|
|-heal|p1a: Forretress|87/100|[from] item: Leftovers
|-heal|p2a: Ferrothorn|57/100 brn|[from] item: Leftovers
|-damage|p1a: Forretress|74/100|[from] Leech Seed|[of] p2a: Ferrothorn
|-heal|p2a: Ferrothorn|69/100 brn|[silent]
|-damage|p2a: Ferrothorn|57/100 brn|[from] brn
|upkeep
|turn|11
|
|move|p1a: Forretress|Spikes|p2a: Ferrothorn
|-sidestart|p2: Vanteline|Spikes
|move|p2a: Ferrothorn|Stealth Rock|p1a: Forretress
|-sidestart|p1: Conflict|move: Stealth Rock
|
|-heal|p1a: Forretress|81/100|[from] item: Leftovers
|-heal|p2a: Ferrothorn|63/100 brn|[from] item: Leftovers
|-damage|p1a: Forretress|68/100|[from] Leech Seed|[of] p2a: Ferrothorn
|-heal|p2a: Ferrothorn|76/100 brn|[silent]
|-damage|p2a: Ferrothorn|63/100 brn|[from] brn
|upkeep
|turn|12
|
|move|p1a: Forretress|Rapid Spin|p2a: Ferrothorn
|-resisted|p2a: Ferrothorn
|-damage|p2a: Ferrothorn|62/100 brn
|-damage|p1a: Forretress|56/100|[from] ability: Iron Barbs|[of] p2a: Ferrothorn
|-end|p1a: Forretress|Leech Seed|[from] move: Rapid Spin|[of] p1a: Forretress
|-sideend|p1: Conflict|Stealth Rock|[from] move: Rapid Spin|[of] p1a: Forretress
|move|p2a: Ferrothorn|Spikes|p1a: Forretress
|-sidestart|p1: Conflict|Spikes
|
|-heal|p1a: Forretress|62/100|[from] item: Leftovers
|-heal|p2a: Ferrothorn|68/100 brn|[from] item: Leftovers
|-damage|p2a: Ferrothorn|56/100 brn|[from] brn
|upkeep
|turn|13
|
|move|p1a: Forretress|Spikes|p2a: Ferrothorn
|-sidestart|p2: Vanteline|Spikes
|move|p2a: Ferrothorn|Leech Seed|p1a: Forretress
|-start|p1a: Forretress|move: Leech Seed
|
|-heal|p1a: Forretress|68/100|[from] item: Leftovers
|-heal|p2a: Ferrothorn|62/100 brn|[from] item: Leftovers
|-damage|p1a: Forretress|56/100|[from] Leech Seed|[of] p2a: Ferrothorn
|-heal|p2a: Ferrothorn|74/100 brn|[silent]
|-damage|p2a: Ferrothorn|62/100 brn|[from] brn
|upkeep
|turn|14
|
|move|p1a: Forretress|Rapid Spin|p2a: Ferrothorn
|-resisted|p2a: Ferrothorn
|-damage|p2a: Ferrothorn|60/100 brn
|-damage|p1a: Forretress|43/100|[from] ability: Iron Barbs|[of] p2a: Ferrothorn
|-end|p1a: Forretress|Leech Seed|[from] move: Rapid Spin|[of] p1a: Forretress
|-sideend|p1: Conflict|Spikes|[from] move: Rapid Spin|[of] p1a: Forretress
|move|p2a: Ferrothorn|Stealth Rock|p1a: Forretress
|-sidestart|p1: Conflict|move: Stealth Rock
|
|-heal|p1a: Forretress|50/100|[from] item: Leftovers
|-heal|p2a: Ferrothorn|66/100 brn|[from] item: Leftovers
|-damage|p2a: Ferrothorn|54/100 brn|[from] brn
|upkeep
|turn|15
|
|move|p1a: Forretress|Earthquake|p2a: Ferrothorn
|-damage|p2a: Ferrothorn|40/100 brn
|move|p2a: Ferrothorn|Leech Seed|p1a: Forretress
|-start|p1a: Forretress|move: Leech Seed
|
|-heal|p1a: Forretress|56/100|[from] item: Leftovers
|-heal|p2a: Ferrothorn|46/100 brn|[from] item: Leftovers
|-damage|p1a: Forretress|43/100|[from] Leech Seed|[of] p2a: Ferrothorn
|-heal|p2a: Ferrothorn|58/100 brn|[silent]
|-damage|p2a: Ferrothorn|46/100 brn|[from] brn
|upkeep
|turn|16
|
|move|p1a: Forretress|Rapid Spin|p2a: Ferrothorn
|-resisted|p2a: Ferrothorn
|-damage|p2a: Ferrothorn|44/100 brn
|-damage|p1a: Forretress|31/100|[from] ability: Iron Barbs|[of] p2a: Ferrothorn
|-end|p1a: Forretress|Leech Seed|[from] move: Rapid Spin|[of] p1a: Forretress
|-sideend|p1: Conflict|Stealth Rock|[from] move: Rapid Spin|[of] p1a: Forretress
|move|p2a: Ferrothorn|Leech Seed|p1a: Forretress
|-start|p1a: Forretress|move: Leech Seed
|
|-heal|p1a: Forretress|37/100|[from] item: Leftovers
|-heal|p2a: Ferrothorn|50/100 brn|[from] item: Leftovers
|-damage|p1a: Forretress|25/100|[from] Leech Seed|[of] p2a: Ferrothorn
|-heal|p2a: Ferrothorn|63/100 brn|[silent]
|-damage|p2a: Ferrothorn|50/100 brn|[from] brn
|upkeep
|turn|17
|
|switch|p1a: Victini|Victini|100/100
|move|p2a: Ferrothorn|Stealth Rock|p1a: Victini
|-sidestart|p1: Conflict|move: Stealth Rock
|
|-heal|p2a: Ferrothorn|56/100 brn|[from] item: Leftovers
|-damage|p2a: Ferrothorn|44/100 brn|[from] brn
|upkeep
|turn|18
|
|switch|p2a: Heatran|Heatran, F|100/100
|-item|p2a: Heatran|Air Balloon
|move|p1a: Victini|V-create|p2a: Heatran
|-start|p2a: Heatran|ability: Flash Fire
|
|upkeep
|turn|19
|
|switch|p1a: Tyranitar|Tyranitar, F|100/100
|-damage|p1a: Tyranitar|88/100|[from] Stealth Rock
|-weather|Sandstorm|[from] ability: Sand Stream|[of] p1a: Tyranitar
|move|p2a: Heatran|Earth Power|p1a: Tyranitar
|-supereffective|p1a: Tyranitar
|-damage|p1a: Tyranitar|56/100
|-unboost|p1a: Tyranitar|spd|1
|
|-weather|Sandstorm|[upkeep]
|upkeep
|turn|20
|
|move|p2a: Heatran|Earth Power|p1a: Tyranitar
|-supereffective|p1a: Tyranitar
|-damage|p1a: Tyranitar|14/100
|move|p1a: Tyranitar|Pursuit|p2a: Heatran
|-resisted|p2a: Heatran
|-damage|p2a: Heatran|90/100
|-enditem|p2a: Heatran|Air Balloon
|
|-weather|Sandstorm|[upkeep]
|upkeep
|turn|21
|-enditem|p1a: Tyranitar|Custap Berry|[eat]
|-activate|p1a: Tyranitar|item: Custap Berry|[consumed]
|
|move|p1a: Tyranitar|Earthquake|p2a: Heatran
|-supereffective|p2a: Heatran
|-damage|p2a: Heatran|0 fnt
|faint|p2a: Heatran
|
|-weather|Sandstorm|[upkeep]
|upkeep
|
|switch|p2a: Conkeldurr|Conkeldurr, M|100/100
|-damage|p2a: Conkeldurr|76/100|[from] Spikes
|turn|22
|
|move|p1a: Tyranitar|Stealth Rock|p2a: Conkeldurr
|-sidestart|p2: Vanteline|move: Stealth Rock
|move|p2a: Conkeldurr|Ice Punch|p1a: Tyranitar
|-crit|p1a: Tyranitar
|-damage|p1a: Tyranitar|0 fnt
|faint|p1a: Tyranitar
|
|-weather|Sandstorm|[upkeep]
|-damage|p2a: Conkeldurr|70/100|[from] Sandstorm
|upkeep
|
|switch|p1a: Victini|Victini|100/100
|-damage|p1a: Victini|76/100|[from] Stealth Rock
|turn|23
|
|switch|p2a: Ferrothorn|Ferrothorn, F|44/100 brn
|-damage|p2a: Ferrothorn|38/100 brn|[from] Stealth Rock
|-damage|p2a: Ferrothorn|13/100 brn|[from] Spikes
|move|p1a: Victini|V-create|p2a: Ferrothorn
|-supereffective|p2a: Ferrothorn
|-damage|p2a: Ferrothorn|0 fnt
|-damage|p1a: Victini|63/100|[from] ability: Iron Barbs|[of] p2a: Ferrothorn
|-unboost|p1a: Victini|spe|1
|-unboost|p1a: Victini|def|1
|-unboost|p1a: Victini|spd|1
|faint|p2a: Ferrothorn
|
|-weather|Sandstorm|[upkeep]
|-damage|p1a: Victini|57/100|[from] Sandstorm
|upkeep
|
|switch|p2a: Latios|Latios, M|100/100
|-damage|p2a: Latios|88/100|[from] Stealth Rock
|turn|24
|
|switch|p1a: Forretress|Forretress, M|25/100
|-damage|p1a: Forretress|12/100|[from] Stealth Rock
|move|p2a: Latios|Surf|p1a: Forretress
|-damage|p1a: Forretress|0 fnt
|faint|p1a: Forretress
|
|-weather|Sandstorm|[upkeep]
|-damage|p2a: Latios|82/100|[from] Sandstorm
|upkeep
|
|switch|p1a: Rotom|Rotom-Wash|53/100
|-damage|p1a: Rotom|41/100|[from] Stealth Rock
|turn|25
|
|move|p2a: Latios|Surf|p1a: Rotom
|-resisted|p1a: Rotom
|-damage|p1a: Rotom|16/100
|move|p1a: Rotom|Rest|p1a: Rotom
|-status|p1a: Rotom|slp|[from] move: Rest
|-heal|p1a: Rotom|100/100 slp|[silent]
|-enditem|p1a: Rotom|Chesto Berry|[eat]
|-curestatus|p1a: Rotom|slp|[msg]
|
|-weather|Sandstorm|[upkeep]
|-damage|p2a: Latios|76/100|[from] Sandstorm
|-damage|p1a: Rotom|95/100|[from] Sandstorm
|upkeep
|turn|26
|
|switch|p2a: Thundurus|Thundurus-Therian, M|100/100
|-damage|p2a: Thundurus|76/100|[from] Stealth Rock
|switch|p1a: Amoonguss|Amoonguss, M|100/100
|-damage|p1a: Amoonguss|88/100|[from] Stealth Rock
|
|-weather|Sandstorm|[upkeep]
|-damage|p2a: Thundurus|70/100|[from] Sandstorm
|-damage|p1a: Amoonguss|82/100|[from] Sandstorm
|-heal|p1a: Amoonguss|88/100|[from] item: Black Sludge
|upkeep
|turn|27
|
|move|p2a: Thundurus|Hidden Power|p1a: Amoonguss
|-supereffective|p1a: Amoonguss
|-damage|p1a: Amoonguss|0 fnt
|faint|p1a: Amoonguss
|
|-weather|Sandstorm|[upkeep]
|-damage|p2a: Thundurus|64/100|[from] Sandstorm
|upkeep
|
|switch|p1a: Rotom|Rotom-Wash|95/100
|-damage|p1a: Rotom|82/100|[from] Stealth Rock
|turn|28
|
|move|p2a: Thundurus|Hidden Power|p1a: Rotom
|-resisted|p1a: Rotom
|-damage|p1a: Rotom|48/100
|move|p1a: Rotom|Volt Switch|p2a: Thundurus
|-heal|p2a: Thundurus|88/100|[from] ability: Volt Absorb|[of] p1a: Rotom
|
|-weather|Sandstorm|[upkeep]
|-damage|p2a: Thundurus|82/100|[from] Sandstorm
|-damage|p1a: Rotom|42/100|[from] Sandstorm
|upkeep
|turn|29
|
|move|p2a: Thundurus|Hidden Power|p1a: Rotom
|-resisted|p1a: Rotom
|-damage|p1a: Rotom|6/100
|move|p1a: Rotom|Hydro Pump|p2a: Thundurus
|-damage|p2a: Thundurus|18/100
|
|-weather|Sandstorm|[upkeep]
|-damage|p2a: Thundurus|12/100|[from] Sandstorm
|-damage|p1a: Rotom|0 fnt|[from] Sandstorm
|faint|p1a: Rotom
|upkeep
|
|switch|p1a: Landorus|Landorus-Therian, M|100/100
|-damage|p1a: Landorus|88/100|[from] Stealth Rock
|-ability|p1a: Landorus|Intimidate|boost
|-unboost|p2a: Thundurus|atk|1
|turn|30
|
|move|p1a: Landorus|Punishment|p2a: Thundurus
|-damage|p2a: Thundurus|0 fnt
|faint|p2a: Thundurus
|
|-weather|Sandstorm|[upkeep]
|upkeep
|
|switch|p2a: Latios|Latios, M|76/100
|-damage|p2a: Latios|64/100|[from] Stealth Rock
|turn|31
|j| Gringo44
|l| Gringo44
|
|move|p1a: Landorus|Punishment|p2a: Latios
|-supereffective|p2a: Latios
|-damage|p2a: Latios|3/100
|move|p2a: Latios|Surf|p1a: Landorus
|-supereffective|p1a: Landorus
|-crit|p1a: Landorus
|-damage|p1a: Landorus|0 fnt
|faint|p1a: Landorus
|
|-weather|Sandstorm|[upkeep]
|-damage|p2a: Latios|0 fnt|[from] Sandstorm
|faint|p2a: Latios
|upkeep
|
|switch|p2a: Conkeldurr|Conkeldurr, M|70/100
|switch|p1a: Victini|Victini|57/100
|-damage|p1a: Victini|32/100|[from] Stealth Rock
|-damage|p2a: Conkeldurr|45/100|[from] Spikes
|-damage|p2a: Conkeldurr|39/100|[from] Stealth Rock
|turn|32
|
|move|p2a: Conkeldurr|Mach Punch|p1a: Victini
|-resisted|p1a: Victini
|-crit|p1a: Victini
|-damage|p1a: Victini|1/100
|-damage|p2a: Conkeldurr|29/100|[from] item: Life Orb
|move|p1a: Victini|Bolt Strike|p2a: Conkeldurr
|-damage|p2a: Conkeldurr|0 fnt
|faint|p2a: Conkeldurr
|
|-weather|Sandstorm|[upkeep]
|-damage|p1a: Victini|0 fnt|[from] Sandstorm
|faint|p1a: Victini
|
|win|Vanteline
|upkeep
|c|☆Conflict|lol
|raw|Conflict's rating: 1498 &rarr; <strong>1468</strong><br />(-30 for losing)
|raw|Vanteline's rating: 1294 &rarr; <strong>1332</strong><br />(+38 for winning)
|c|☆Vanteline|勝っちゃった
|c|☆Vanteline|ありがとう
|l|☆Conflict
