|j|☆refsunpersons
|j|☆CroCoeur
|player|p1|refsunpersons|123
|player|p2|CroCoeur|161
|teamsize|p1|6
|teamsize|p2|6
|gametype|singles
|gen|5
|tier|[Gen 5] OU
|rated|
|rule|Sleep Clause Mod: Limit one foe put to sleep
|rule|Species Clause: Limit one of each Pokémon
|rule|OHKO Clause: OHKO moves are banned
|rule|Moody Clause: Moody is banned
|rule|Evasion Moves Clause: Evasion moves are banned
|rule|Endless Battle Clause: Forcing endless battles is banned
|rule|HP Percentage Mod: HP is shown in percentages
|rule|Evasion Abilities Clause: Evasion abilities are banned
|rule|Baton Pass Clause: Limit one Baton Passer, can't pass Spe and other stats simultaneously
|rule|Swagger Clause: Swagger is banned
|clearpoke
|poke|p1|Tyranitar, F|item
|poke|p1|Magnezone|item
|poke|p1|Amoonguss, F|item
|poke|p1|Bronzong|item
|poke|p1|Landorus-Therian, M|item
|poke|p1|Keldeo|item
|poke|p2|Politoed, M|item
|poke|p2|Vaporeon, F|item
|poke|p2|Celebi|item
|poke|p2|Ferrothorn, M|item
|poke|p2|Latios, M|item
|poke|p2|Jirachi|item
|teampreview
|inactive|Battle timer is ON: inactive players will automatically lose when time's up. (requested by CroCoeur)
|c|☆refsunpersons|gl hf
|c|☆CroCoeur|Hf
|
|start
|switch|p1a: Amoonguss|Amoonguss, F|100/100
|switch|p2a: Politoed|Politoed, M|100/100
|-weather|RainDance|[from] ability: Drizzle|[of] p2a: Politoed
|turn|1
|
|switch|p2a: Vaporeon|Vaporeon, F|100/100
|move|p1a: Amoonguss|Spore|p2a: Vaporeon
|-status|p2a: Vaporeon|slp
|
|-weather|RainDance|[upkeep]
|-activate|p2a: Vaporeon|ability: Hydration
|-curestatus|p2a: Vaporeon|slp|[msg]
|upkeep
|turn|2
|
|move|p2a: Vaporeon|Scald|p1a: Amoonguss
|-resisted|p1a: Amoonguss
|-damage|p1a: Amoonguss|86/100
|move|p1a: Amoonguss|Giga Drain|p2a: Vaporeon
|-supereffective|p2a: Vaporeon
|-damage|p2a: Vaporeon|77/100
|-heal|p1a: Amoonguss|99/100|[from] drain|[of] p2a: Vaporeon
|
|-weather|RainDance|[upkeep]
|-heal|p2a: Vaporeon|83/100|[from] item: Leftovers
|-heal|p1a: Amoonguss|100/100|[from] item: Black Sludge
|upkeep
|turn|3
|
|switch|p1a: Tyranitar|Tyranitar, F|100/100
|-weather|Sandstorm|[from] ability: Sand Stream|[of] p1a: Tyranitar
|move|p2a: Vaporeon|Scald|p1a: Tyranitar
|-supereffective|p1a: Tyranitar
|-damage|p1a: Tyranitar|74/100
|
|-weather|Sandstorm|[upkeep]
|-damage|p2a: Vaporeon|77/100|[from] Sandstorm
|-heal|p2a: Vaporeon|83/100|[from] item: Leftovers
|upkeep
|turn|4
|
|switch|p1a: Magnezone|Magnezone|100/100
|move|p2a: Vaporeon|Scald|p1a: Magnezone
|-damage|p1a: Magnezone|67/100
|-status|p1a: Magnezone|brn
|
|-weather|Sandstorm|[upkeep]
|-damage|p2a: Vaporeon|77/100|[from] Sandstorm
|-heal|p2a: Vaporeon|83/100|[from] item: Leftovers
|-damage|p1a: Magnezone|55/100 brn|[from] brn
|upkeep
|turn|5
|
|switch|p2a: Celebi|Celebi|100/100
|move|p1a: Magnezone|Thunder Wave|p2a: Celebi
|-status|p2a: Celebi|par
|
|-weather|Sandstorm|[upkeep]
|-damage|p2a: Celebi|94/100 par|[from] Sandstorm
|-heal|p2a: Celebi|100/100 par|[from] item: Leftovers
|-damage|p1a: Magnezone|43/100 brn|[from] brn
|upkeep
|turn|6
|
|switch|p1a: Tyranitar|Tyranitar, F|74/100
|cant|p2a: Celebi|par
|
|-weather|Sandstorm|[upkeep]
|-damage|p2a: Celebi|94/100 par|[from] Sandstorm
|-heal|p2a: Celebi|100/100 par|[from] item: Leftovers
|upkeep
|turn|7
|
|move|p1a: Tyranitar|Crunch|p2a: Celebi
|-supereffective|p2a: Celebi
|-damage|p2a: Celebi|32/100 par
|-unboost|p2a: Celebi|def|1
|move|p2a: Celebi|Giga Drain|p1a: Tyranitar
|-supereffective|p1a: Tyranitar
|-damage|p1a: Tyranitar|47/100
|-heal|p2a: Celebi|45/100 par|[from] drain|[of] p1a: Tyranitar
|
|-weather|Sandstorm|[upkeep]
|-damage|p2a: Celebi|39/100 par|[from] Sandstorm
|-heal|p2a: Celebi|45/100 par|[from] item: Leftovers
|upkeep
|turn|8
|
|-activate|p2a: Celebi|move: Pursuit
|move|p1a: Tyranitar|Pursuit|p2a: Celebi|[from]Pursuit
|-supereffective|p2a: Celebi
|-damage|p2a: Celebi|0 fnt
|faint|p2a: Celebi
|
|-weather|Sandstorm|[upkeep]
|upkeep
|
|switch|p2a: Politoed|Politoed, M|100/100
|-weather|RainDance|[from] ability: Drizzle|[of] p2a: Politoed
|turn|9
|
|switch|p1a: Amoonguss|Amoonguss, F|100/100
|move|p2a: Politoed|Ice Beam|p1a: Amoonguss
|-supereffective|p1a: Amoonguss
|-damage|p1a: Amoonguss|67/100
|
|-weather|RainDance|[upkeep]
|-heal|p1a: Amoonguss|73/100|[from] item: Black Sludge
|upkeep
|turn|10
|
|switch|p2a: Vaporeon|Vaporeon, F|83/100
|switch|p1a: Tyranitar|Tyranitar, F|47/100
|-weather|Sandstorm|[from] ability: Sand Stream|[of] p1a: Tyranitar
|
|-weather|Sandstorm|[upkeep]
|-damage|p2a: Vaporeon|77/100|[from] Sandstorm
|-heal|p2a: Vaporeon|83/100|[from] item: Leftovers
|upkeep
|turn|11
|
|switch|p1a: Amoonguss|Amoonguss, F|100/100
|move|p2a: Vaporeon|Scald|p1a: Amoonguss
|-resisted|p1a: Amoonguss
|-damage|p1a: Amoonguss|91/100
|-status|p1a: Amoonguss|brn
|
|-weather|Sandstorm|[upkeep]
|-damage|p2a: Vaporeon|77/100|[from] Sandstorm
|-damage|p1a: Amoonguss|85/100 brn|[from] Sandstorm
|-heal|p2a: Vaporeon|83/100|[from] item: Leftovers
|-heal|p1a: Amoonguss|91/100 brn|[from] item: Black Sludge
|-damage|p1a: Amoonguss|78/100 brn|[from] brn
|upkeep
|turn|12
|
|switch|p2a: Ferrothorn|Ferrothorn, M|100/100
|move|p1a: Amoonguss|Spore|p2a: Ferrothorn
|-status|p2a: Ferrothorn|slp
|
|-weather|Sandstorm|[upkeep]
|-damage|p1a: Amoonguss|72/100 brn|[from] Sandstorm
|-heal|p1a: Amoonguss|78/100 brn|[from] item: Black Sludge
|-damage|p1a: Amoonguss|66/100 brn|[from] brn
|upkeep
|turn|13
|
|switch|p1a: Magnezone|Magnezone|43/100 brn
|switch|p2a: Politoed|Politoed, M|100/100
|-weather|RainDance|[from] ability: Drizzle|[of] p2a: Politoed
|
|-weather|RainDance|[upkeep]
|-damage|p1a: Magnezone|30/100 brn|[from] brn
|upkeep
|turn|14
|
|switch|p1a: Amoonguss|Amoonguss, F|99/100 brn
|move|p2a: Politoed|Hydro Pump|p1a: Amoonguss
|-resisted|p1a: Amoonguss
|-crit|p1a: Amoonguss
|-damage|p1a: Amoonguss|50/100 brn
|
|-weather|RainDance|[upkeep]
|-heal|p1a: Amoonguss|56/100 brn|[from] item: Black Sludge
|-damage|p1a: Amoonguss|43/100 brn|[from] brn
|upkeep
|turn|15
|
|switch|p2a: Ferrothorn|Ferrothorn, M|100/100 slp
|move|p1a: Amoonguss|Stun Spore|p2a: Ferrothorn
|-fail|p2a: Ferrothorn
|
|-weather|RainDance|[upkeep]
|-heal|p1a: Amoonguss|50/100 brn|[from] item: Black Sludge
|-damage|p1a: Amoonguss|37/100 brn|[from] brn
|upkeep
|turn|16
|
|switch|p1a: Magnezone|Magnezone|30/100 brn
|switch|p2a: Latios|Latios, M|100/100
|
|-weather|RainDance|[upkeep]
|-damage|p1a: Magnezone|18/100 brn|[from] brn
|upkeep
|turn|17
|
|move|p2a: Latios|Surf|p1a: Magnezone
|-damage|p1a: Magnezone|0 fnt
|faint|p1a: Magnezone
|
|-weather|RainDance|[upkeep]
|upkeep
|
|switch|p1a: Tyranitar|Tyranitar, F|47/100
|-weather|Sandstorm|[from] ability: Sand Stream|[of] p1a: Tyranitar
|turn|18
|
|move|p2a: Latios|Surf|p1a: Tyranitar
|-supereffective|p1a: Tyranitar
|-damage|p1a: Tyranitar|14/100
|move|p1a: Tyranitar|Pursuit|p2a: Latios
|-supereffective|p2a: Latios
|-damage|p2a: Latios|48/100
|
|-weather|Sandstorm|[upkeep]
|-damage|p2a: Latios|42/100|[from] Sandstorm
|upkeep
|turn|19
|
|switch|p1a: Amoonguss|Amoonguss, F|70/100 brn
|move|p2a: Latios|Surf|p1a: Amoonguss
|-resisted|p1a: Amoonguss
|-damage|p1a: Amoonguss|59/100 brn
|
|-weather|Sandstorm|[upkeep]
|-damage|p2a: Latios|36/100|[from] Sandstorm
|-damage|p1a: Amoonguss|53/100 brn|[from] Sandstorm
|-heal|p1a: Amoonguss|59/100 brn|[from] item: Black Sludge
|-damage|p1a: Amoonguss|47/100 brn|[from] brn
|upkeep
|turn|20
|
|switch|p2a: Ferrothorn|Ferrothorn, M|100/100 slp
|switch|p1a: Landorus|Landorus-Therian, M|100/100
|-ability|p1a: Landorus|Intimidate|boost
|-unboost|p2a: Ferrothorn|atk|1
|
|-weather|Sandstorm|[upkeep]
|upkeep
|turn|21
|
|move|p1a: Landorus|U-turn|p2a: Ferrothorn
|-damage|p2a: Ferrothorn|82/100 slp
|-damage|p1a: Landorus|88/100|[from] ability: Iron Barbs|[of] p2a: Ferrothorn
|
|switch|p1a: Keldeo|Keldeo|100/100
|cant|p2a: Ferrothorn|slp
|
|-weather|Sandstorm|[upkeep]
|-damage|p1a: Keldeo|94/100|[from] Sandstorm
|-heal|p2a: Ferrothorn|88/100 slp|[from] item: Leftovers
|upkeep
|turn|22
|
|move|p1a: Keldeo|Calm Mind|p1a: Keldeo
|-boost|p1a: Keldeo|spa|1
|-boost|p1a: Keldeo|spd|1
|-curestatus|p2a: Ferrothorn|slp|[msg]
|move|p2a: Ferrothorn|Stealth Rock|p1a: Keldeo
|-sidestart|p1: refsunpersons|move: Stealth Rock
|
|-weather|Sandstorm|[upkeep]
|-damage|p1a: Keldeo|88/100|[from] Sandstorm
|-heal|p2a: Ferrothorn|95/100|[from] item: Leftovers
|upkeep
|turn|23
|
|move|p1a: Keldeo|Secret Sword|p2a: Ferrothorn
|-supereffective|p2a: Ferrothorn
|-damage|p2a: Ferrothorn|13/100
|move|p2a: Ferrothorn|Spikes|p1a: Keldeo
|-sidestart|p1: refsunpersons|Spikes
|
|-weather|Sandstorm|[upkeep]
|-damage|p1a: Keldeo|82/100|[from] Sandstorm
|-heal|p2a: Ferrothorn|19/100|[from] item: Leftovers
|upkeep
|turn|24
|
|move|p1a: Keldeo|Secret Sword|p2a: Ferrothorn
|-supereffective|p2a: Ferrothorn
|-damage|p2a: Ferrothorn|0 fnt
|faint|p2a: Ferrothorn
|
|-weather|Sandstorm|[upkeep]
|-damage|p1a: Keldeo|76/100|[from] Sandstorm
|upkeep
|
|switch|p2a: Politoed|Politoed, M|100/100
|-weather|RainDance|[from] ability: Drizzle|[of] p2a: Politoed
|turn|25
|
|move|p2a: Politoed|Perish Song|p2a: Politoed
|-start|p1a: Keldeo|perish3|[silent]
|-start|p2a: Politoed|perish3|[silent]
|-fieldactivate|move: Perish Song
|move|p1a: Keldeo|Hidden Power|p2a: Politoed
|-supereffective|p2a: Politoed
|-damage|p2a: Politoed|17/100
|
|-weather|RainDance|[upkeep]
|-start|p2a: Politoed|perish3
|-start|p1a: Keldeo|perish3
|upkeep
|turn|26
|
|move|p2a: Politoed|Perish Song|p2a: Politoed
|-fail|p2a: Politoed
|move|p1a: Keldeo|Calm Mind|p1a: Keldeo
|-boost|p1a: Keldeo|spa|1
|-boost|p1a: Keldeo|spd|1
|
|-weather|RainDance|[upkeep]
|-start|p2a: Politoed|perish2
|-start|p1a: Keldeo|perish2
|upkeep
|turn|27
|
|move|p2a: Politoed|Perish Song|p2a: Politoed
|-fail|p2a: Politoed
|move|p1a: Keldeo|Hidden Power|p2a: Politoed
|-supereffective|p2a: Politoed
|-damage|p2a: Politoed|0 fnt
|faint|p2a: Politoed
|
|-weather|RainDance|[upkeep]
|-start|p1a: Keldeo|perish1
|upkeep
|
|switch|p2a: Jirachi|Jirachi|100/100
|turn|28
|
|switch|p1a: Bronzong|Bronzong|100/100
|-damage|p1a: Bronzong|94/100|[from] Stealth Rock
|move|p2a: Jirachi|Substitute|p2a: Jirachi
|-start|p2a: Jirachi|Substitute
|-damage|p2a: Jirachi|75/100
|
|-weather|RainDance|[upkeep]
|-heal|p2a: Jirachi|82/100|[from] item: Leftovers
|-heal|p1a: Bronzong|100/100|[from] item: Leftovers
|upkeep
|turn|29
|
|move|p2a: Jirachi|Calm Mind|p2a: Jirachi
|-boost|p2a: Jirachi|spa|1
|-boost|p2a: Jirachi|spd|1
|move|p1a: Bronzong|Earthquake|p2a: Jirachi
|-supereffective|p2a: Jirachi
|-end|p2a: Jirachi|Substitute
|
|-weather|RainDance|[upkeep]
|-heal|p2a: Jirachi|88/100|[from] item: Leftovers
|upkeep
|turn|30
|
|move|p2a: Jirachi|Thunder|p1a: Bronzong
|-damage|p1a: Bronzong|68/100
|-status|p1a: Bronzong|par
|move|p1a: Bronzong|Earthquake|p2a: Jirachi
|-supereffective|p2a: Jirachi
|-damage|p2a: Jirachi|55/100
|
|-weather|RainDance|[upkeep]
|-heal|p2a: Jirachi|61/100|[from] item: Leftovers
|-heal|p1a: Bronzong|74/100 par|[from] item: Leftovers
|upkeep
|turn|31
|
|switch|p1a: Amoonguss|Amoonguss, F|80/100 brn
|-damage|p1a: Amoonguss|68/100 brn|[from] Stealth Rock
|-damage|p1a: Amoonguss|55/100 brn|[from] Spikes
|move|p2a: Jirachi|Water Pulse|p1a: Amoonguss
|-resisted|p1a: Amoonguss
|-damage|p1a: Amoonguss|45/100 brn
|
|-weather|RainDance|[upkeep]
|-heal|p2a: Jirachi|68/100|[from] item: Leftovers
|-heal|p1a: Amoonguss|51/100 brn|[from] item: Black Sludge
|-damage|p1a: Amoonguss|39/100 brn|[from] brn
|upkeep
|turn|32
|
|switch|p1a: Landorus|Landorus-Therian, M|88/100
|-damage|p1a: Landorus|76/100|[from] Stealth Rock
|-ability|p1a: Landorus|Intimidate|boost
|-unboost|p2a: Jirachi|atk|1
|move|p2a: Jirachi|Substitute|p2a: Jirachi
|-start|p2a: Jirachi|Substitute
|-damage|p2a: Jirachi|43/100
|
|-weather|RainDance|[upkeep]
|-heal|p2a: Jirachi|49/100|[from] item: Leftovers
|upkeep
|turn|33
|
|move|p1a: Landorus|U-turn|p2a: Jirachi
|-activate|p2a: Jirachi|Substitute|[damage]
|
|switch|p1a: Tyranitar|Tyranitar, F|14/100
|-damage|p1a: Tyranitar|2/100|[from] Spikes
|-damage|p1a: Tyranitar|0 fnt|[from] Stealth Rock
|faint|p1a: Tyranitar
|move|p2a: Jirachi|Water Pulse|p1: Tyranitar|[notarget]
|-notarget
|
|-weather|RainDance|[upkeep]
|-heal|p2a: Jirachi|55/100|[from] item: Leftovers
|upkeep
|
|switch|p1a: Landorus|Landorus-Therian, M|76/100
|-damage|p1a: Landorus|64/100|[from] Stealth Rock
|-ability|p1a: Landorus|Intimidate|boost
|-immune|p2a: Jirachi|[msg]
|turn|34
|
|move|p1a: Landorus|Earthquake|p2a: Jirachi
|-supereffective|p2a: Jirachi
|-end|p2a: Jirachi|Substitute
|move|p2a: Jirachi|Substitute|p2a: Jirachi
|-start|p2a: Jirachi|Substitute
|-damage|p2a: Jirachi|30/100
|
|-weather|RainDance|[upkeep]
|-heal|p2a: Jirachi|36/100|[from] item: Leftovers
|upkeep
|turn|35
|
|move|p1a: Landorus|Earthquake|p2a: Jirachi
|-supereffective|p2a: Jirachi
|-crit|p2a: Jirachi
|-end|p2a: Jirachi|Substitute
|move|p2a: Jirachi|Water Pulse|p1a: Landorus
|-supereffective|p1a: Landorus
|-damage|p1a: Landorus|0 fnt
|faint|p1a: Landorus
|
|-weather|RainDance|[upkeep]
|-heal|p2a: Jirachi|42/100|[from] item: Leftovers
|upkeep
|
|switch|p1a: Keldeo|Keldeo|76/100
|-damage|p1a: Keldeo|63/100|[from] Spikes
|-damage|p1a: Keldeo|57/100|[from] Stealth Rock
|turn|36
|
|move|p1a: Keldeo|Surf|p2a: Jirachi
|-damage|p2a: Jirachi|2/100
|move|p2a: Jirachi|Thunder|p1a: Keldeo
|-supereffective|p1a: Keldeo
|-damage|p1a: Keldeo|0 fnt
|faint|p1a: Keldeo
|
|-weather|RainDance|[upkeep]
|-heal|p2a: Jirachi|8/100|[from] item: Leftovers
|upkeep
|c|☆refsunpersons|gg
|-message|refsunpersons forfeited.
|
|win|CroCoeur
|l|☆refsunpersons
|raw|refsunpersons's rating: 1454 &rarr; <strong>1433</strong><br />(-21 for losing)
|raw|CroCoeur's rating: 1435 &rarr; <strong>1456</strong><br />(+21 for winning)
