|j|☆BWVC BookofConke
|j|☆donk27
|t:|1717080308
|gametype|singles
|player|p1|BWVC BookofConke|silver-masters|1431
|player|p2|donk27|whitney|1326
|teamsize|p1|6
|teamsize|p2|6
|gen|5
|tier|[Gen 5] OU
|rated|
|rule|Species Clause: Limit one of each Pokémon
|rule|OHKO Clause: OHKO moves are banned
|rule|Moody Clause: Moody is banned
|rule|Evasion Items Clause: Evasion items are banned
|rule|Evasion Moves Clause: Evasion moves are banned
|rule|Endless Battle Clause: Forcing endless battles is banned
|rule|HP Percentage Mod: HP is shown in percentages
|rule|Evasion Abilities Clause: Evasion abilities are banned
|rule|Sleep Moves Clause: Sleep-inducing moves are banned
|rule|Swagger Clause: Swagger is banned
|rule|Baton Pass Stat Clause: No Baton Passer may have a way to boost its stats
|clearpoke
|poke|p1|Abomasnow, F|item
|poke|p1|Kyurem-Black|item
|poke|p1|Latios, M|item
|poke|p1|Garchomp, F|item
|poke|p1|Starmie|item
|poke|p1|Jirachi|item
|poke|p2|Dragonite, F|item
|poke|p2|Starmie|item
|poke|p2|Volcarona, F|item
|poke|p2|Scizor, F|item
|poke|p2|Breloom, M|item
|poke|p2|Garchomp, F|item
|teampreview
|l|☆donk27
|player|p2|
|inactive|Battle timer is ON: inactive players will automatically lose when time's up. (requested by BWVC BookofConke)
|j|☆donk27
|inactive|donk27 reconnected and has 130 seconds left.
|player|p2|donk27|whitney|
|inactive|donk27 has 120 seconds left.
|
|t:|1717080383
|start
|switch|p1a: Abomasnow|Abomasnow, F|100/100
|switch|p2a: Breloom|Breloom, M|100/100
|-weather|Hail|[from] ability: Snow Warning|[of] p1a: Abomasnow
|turn|1
|l|☆donk27
|inactive|donk27 disconnected and has a minute to reconnect!
|player|p2|
|j|☆donk27
|inactive|donk27 reconnected and has 135 seconds left.
|player|p2|donk27|whitney|
|c|☆donk27|ok all good now sry
|inactive|BWVC BookofConke has 120 seconds left.
|
|t:|1717080427
|switch|p1a: Latios|Latios, M|100/100
|move|p2a: Breloom|Low Sweep|p1a: Latios
|-resisted|p1a: Latios
|-damage|p1a: Latios|49/100
|-unboost|p1a: Latios|spe|1
|
|-weather|Hail|[upkeep]
|-damage|p2a: Breloom|94/100|[from] Hail
|-damage|p1a: Latios|43/100|[from] Hail
|upkeep
|turn|2
|
|t:|1717080441
|move|p2a: Breloom|Low Sweep|p1a: Latios
|-resisted|p1a: Latios
|-damage|p1a: Latios|0 fnt
|faint|p1a: Latios
|
|-weather|Hail|[upkeep]
|-damage|p2a: Breloom|88/100|[from] Hail
|upkeep
|
|t:|1717080461
|switch|p1a: Kyurem|Kyurem-Black|100/100
|-ability|p1a: Kyurem|Teravolt
|turn|3
|
|t:|1717080485
|switch|p2a: Dragonite|Dragonite, F|100/100
|move|p1a: Kyurem|Freeze Shock||[still]
|-prepare|p1a: Kyurem|Freeze Shock
|-enditem|p1a: Kyurem|Power Herb
|-anim|p1a: Kyurem|Freeze Shock|p2a: Dragonite
|-supereffective|p2a: Dragonite
|-damage|p2a: Dragonite|0 fnt
|faint|p2a: Dragonite
|
|-weather|Hail|[upkeep]
|upkeep
|
|t:|1717080488
|switch|p2a: Scizor|Scizor, F|100/100
|turn|4
|
|t:|1717080507
|move|p1a: Kyurem|Fusion Bolt|p2a: Scizor
|-damage|p2a: Scizor|39/100
|move|p2a: Scizor|Swords Dance|p2a: Scizor
|-boost|p2a: Scizor|atk|2
|
|-weather|Hail|[upkeep]
|-damage|p2a: Scizor|33/100|[from] Hail
|upkeep
|turn|5
|
|t:|1717080519
|switch|p1a: Jirachi|Jirachi|100/100
|move|p2a: Scizor|Bullet Punch|p1a: Jirachi
|-resisted|p1a: Jirachi
|-damage|p1a: Jirachi|64/100
|-damage|p2a: Scizor|23/100|[from] item: Life Orb
|
|-weather|Hail|[upkeep]
|-damage|p1a: Jirachi|57/100|[from] Hail
|-damage|p2a: Scizor|17/100|[from] Hail
|-heal|p1a: Jirachi|64/100|[from] item: Leftovers
|upkeep
|turn|6
|
|t:|1717080533
|move|p2a: Scizor|Bullet Punch|p1a: Jirachi
|-resisted|p1a: Jirachi
|-damage|p1a: Jirachi|29/100
|-damage|p2a: Scizor|7/100|[from] item: Life Orb
|move|p1a: Jirachi|Stealth Rock|p2a: Scizor
|-sidestart|p2: donk27|move: Stealth Rock
|
|-weather|Hail|[upkeep]
|-damage|p1a: Jirachi|23/100|[from] Hail
|-damage|p2a: Scizor|1/100|[from] Hail
|-heal|p1a: Jirachi|29/100|[from] item: Leftovers
|upkeep
|turn|7
|inactive|BWVC BookofConke has 90 seconds left.
|
|t:|1717080554
|move|p2a: Scizor|Bullet Punch|p1a: Jirachi
|-resisted|p1a: Jirachi
|-damage|p1a: Jirachi|0 fnt
|faint|p1a: Jirachi
|-damage|p2a: Scizor|0 fnt|[from] item: Life Orb
|faint|p2a: Scizor
|
|-weather|Hail|[upkeep]
|upkeep
|inactive|BWVC BookofConke has 90 seconds left.
|
|t:|1717080567
|switch|p1a: Kyurem|Kyurem-Black|100/100
|switch|p2a: Starmie|Starmie|100/100
|-damage|p2a: Starmie|88/100|[from] Stealth Rock
|-item|p2a: Starmie|Air Balloon
|-ability|p1a: Kyurem|Teravolt
|turn|8
|inactive|BWVC BookofConke has 90 seconds left.
|
|t:|1717080581
|move|p2a: Starmie|Rapid Spin|p1a: Kyurem
|-damage|p1a: Kyurem|98/100
|-sideend|p2: donk27|Stealth Rock|[from] move: Rapid Spin|[of] p2a: Starmie
|move|p1a: Kyurem|Substitute|p1a: Kyurem
|-start|p1a: Kyurem|Substitute
|-damage|p1a: Kyurem|73/100
|
|-weather|Hail|[upkeep]
|-damage|p2a: Starmie|82/100|[from] Hail
|upkeep
|turn|9
|inactive|BWVC BookofConke has 90 seconds left.
|
|t:|1717080592
|move|p2a: Starmie|Ice Beam|p1a: Kyurem
|-crit|p1a: Kyurem
|-end|p1a: Kyurem|Substitute
|move|p1a: Kyurem|Fusion Bolt|p2a: Starmie
|-supereffective|p2a: Starmie
|-damage|p2a: Starmie|0 fnt
|-enditem|p2a: Starmie|Air Balloon
|faint|p2a: Starmie
|
|-weather|Hail|[upkeep]
|upkeep
|
|t:|1717080599
|switch|p2a: Garchomp|Garchomp, F|100/100
|turn|10
|inactive|BWVC BookofConke has 90 seconds left.
|
|t:|1717080623
|move|p2a: Garchomp|Outrage|p1a: Kyurem
|-supereffective|p1a: Kyurem
|-damage|p1a: Kyurem|0 fnt
|faint|p1a: Kyurem
|
|-weather|Hail|[upkeep]
|-damage|p2a: Garchomp|94/100|[from] Hail
|upkeep
|
|t:|1717080649
|switch|p1a: Abomasnow|Abomasnow, F|100/100
|turn|11
|
|t:|1717080663
|move|p2a: Garchomp|Outrage|p1a: Abomasnow|[from]lockedmove
|-enditem|p1a: Abomasnow|Focus Sash
|-damage|p1a: Abomasnow|1/100
|-start|p2a: Garchomp|confusion|[fatigue]
|move|p1a: Abomasnow|Blizzard|p2a: Garchomp
|-supereffective|p2a: Garchomp
|-damage|p2a: Garchomp|0 fnt
|faint|p2a: Garchomp
|
|-weather|Hail|[upkeep]
|upkeep
|
|t:|1717080667
|switch|p2a: Volcarona|Volcarona, F|100/100
|turn|12
|
|t:|1717080681
|switch|p1a: Garchomp|Garchomp, F|100/100
|move|p2a: Volcarona|Quiver Dance|p2a: Volcarona
|-boost|p2a: Volcarona|spa|1
|-boost|p2a: Volcarona|spd|1
|-boost|p2a: Volcarona|spe|1
|
|-weather|Hail|[upkeep]
|-damage|p1a: Garchomp|94/100|[from] Hail
|-damage|p2a: Volcarona|94/100|[from] Hail
|upkeep
|turn|13
|
|t:|1717080694
|move|p1a: Garchomp|Outrage|p2a: Volcarona
|-damage|p2a: Volcarona|3/100
|move|p2a: Volcarona|Bug Buzz|p1a: Garchomp
|-crit|p1a: Garchomp
|-damage|p1a: Garchomp|0 fnt
|faint|p1a: Garchomp
|
|-weather|Hail|[upkeep]
|-damage|p2a: Volcarona|0 fnt|[from] Hail
|faint|p2a: Volcarona
|upkeep
|c|☆donk27|gg
|
|t:|1717080711
|switch|p1a: Abomasnow|Abomasnow, F|1/100
|switch|p2a: Breloom|Breloom, M|88/100
|turn|14
|
|t:|1717080724
|move|p2a: Breloom|Mach Punch|p1a: Abomasnow
|-supereffective|p1a: Abomasnow
|-damage|p1a: Abomasnow|0 fnt
|faint|p1a: Abomasnow
|
|-weather|Hail|[upkeep]
|-damage|p2a: Breloom|82/100|[from] Hail
|upkeep
|
|t:|1717080731
|switch|p1a: Starmie|Starmie|100/100
|-item|p1a: Starmie|Air Balloon
|turn|15
|
|t:|1717080738
|move|p2a: Breloom|Mach Punch|p1a: Starmie
|-resisted|p1a: Starmie
|-damage|p1a: Starmie|60/100
|-enditem|p1a: Starmie|Air Balloon
|move|p1a: Starmie|Hidden Power|p2a: Breloom
|-supereffective|p2a: Breloom
|-crit|p2a: Breloom
|-damage|p2a: Breloom|0 fnt
|faint|p2a: Breloom
|
|win|BWVC BookofConke
|raw|BWVC BookofConke's rating: 1431 &rarr; <strong>1445</strong><br />(+14 for winning)
|raw|donk27's rating: 1326 &rarr; <strong>1312</strong><br />(-14 for losing)
|l|☆donk27
|player|p2|
