|j|☆Spritzalcianuro96
|j|☆Excaliburn88
|t:|1595777293
|player|p1|Spritzalcianuro96|clair|1424
|player|p2|Excaliburn88|shadowtriad|1320
|teamsize|p1|6
|teamsize|p2|6
|gametype|singles
|gen|5
|tier|[Gen 5] OU
|rated|
|clearpoke
|poke|p1|Terrakion|item
|poke|p1|Hydreigon, F|item
|poke|p1|Latios, M|item
|poke|p1|Keldeo|item
|poke|p1|Garchomp, M|item
|poke|p1|Mamoswine, F|item
|poke|p2|Xatu, F|item
|poke|p2|Hitmontop, M|item
|poke|p2|Ninetales, M|item
|poke|p2|Bronzong|item
|poke|p2|Weavile, M|item
|poke|p2|Heatran, M|item
|rule|Species Clause: Limit one of each Pokémon
|rule|OHKO Clause: OHKO moves are banned
|rule|Moody Clause: Moody is banned
|rule|Evasion Moves Clause: Evasion moves are banned
|rule|Endless Battle Clause: Forcing endless battles is banned
|rule|HP Percentage Mod: HP is shown in percentages
|rule|Evasion Abilities Clause: Evasion abilities are banned
|rule|Baton Pass Clause: Limit one Baton Passer, can't pass Spe and other stats simultaneously
|rule|Sleep Clause: Sleep-inducing moves are banned
|rule|Swagger Clause: Swagger is banned
|teampreview
|inactive|Battle timer is ON: inactive players will automatically lose when time's up. (requested by Excaliburn88)
|
|t:|1595777328
|start
|switch|p1a: Hydreigon|Hydreigon, F|100/100
|switch|p2a: Hitmontop|Hitmontop, M|100/100
|-ability|p2a: Hitmontop|Intimidate|boost
|-unboost|p1a: Hydreigon|atk|1
|turn|1
|
|t:|1595777337
|switch|p1a: Latios|Latios, M|100/100
|switch|p2a: Bronzong|Bronzong|100/100
|
|upkeep
|turn|2
|
|t:|1595777348
|move|p1a: Latios|Reflect|p1a: Latios
|-sidestart|p1: Spritzalcianuro96|Reflect
|move|p2a: Bronzong|Stealth Rock|p1a: Latios
|-sidestart|p1: Spritzalcianuro96|move: Stealth Rock
|
|upkeep
|turn|3
|
|t:|1595777351
|move|p1a: Latios|Light Screen|p1a: Latios
|-sidestart|p1: Spritzalcianuro96|move: Light Screen
|move|p2a: Bronzong|Gyro Ball|p1a: Latios
|-damage|p1a: Latios|78/100
|
|upkeep
|turn|4
|
|t:|1595777356
|move|p1a: Latios|Memento|p2a: Bronzong
|-unboost|p2a: Bronzong|atk|2
|-unboost|p2a: Bronzong|spa|2
|faint|p1a: Latios
|move|p2a: Bronzong|Toxic|p1: Latios|[notarget]
|-fail|p2a: Bronzong
|
|upkeep
|
|t:|1595777360
|switch|p1a: Garchomp|Garchomp, M|100/100
|-damage|p1a: Garchomp|94/100|[from] Stealth Rock
|turn|5
|
|t:|1595777364
|move|p1a: Garchomp|Substitute|p1a: Garchomp
|-start|p1a: Garchomp|Substitute
|-damage|p1a: Garchomp|69/100
|move|p2a: Bronzong|Toxic|p1a: Garchomp|[miss]
|-miss|p2a: Bronzong|p1a: Garchomp
|
|upkeep
|turn|6
|
|t:|1595777367
|move|p1a: Garchomp|Swords Dance|p1a: Garchomp
|-boost|p1a: Garchomp|atk|2
|move|p2a: Bronzong|Gyro Ball|p1a: Garchomp
|-activate|p1a: Garchomp|Substitute|[damage]
|
|upkeep
|turn|7
|
|t:|1595777372
|switch|p2a: Hitmontop|Hitmontop, M|100/100
|-ability|p2a: Hitmontop|Intimidate|boost
|-immune|p1a: Garchomp
|move|p1a: Garchomp|Swords Dance|p1a: Garchomp
|-boost|p1a: Garchomp|atk|2
|
|upkeep
|turn|8
|
|t:|1595777381
|move|p2a: Hitmontop|Sucker Punch|p1a: Garchomp
|-activate|p1a: Garchomp|Substitute|[damage]
|move|p1a: Garchomp|Outrage|p2a: Hitmontop
|-damage|p2a: Hitmontop|0 fnt
|faint|p2a: Hitmontop
|
|upkeep
|
|t:|1595777388
|switch|p2a: Bronzong|Bronzong|100/100
|turn|9
|
|t:|1595777391
|move|p1a: Garchomp|Outrage|p2a: Bronzong|[from]lockedmove
|-resisted|p2a: Bronzong
|-damage|p2a: Bronzong|26/100
|move|p2a: Bronzong|Gyro Ball|p1a: Garchomp
|-crit|p1a: Garchomp
|-end|p1a: Garchomp|Substitute
|
|-heal|p2a: Bronzong|32/100|[from] item: Leftovers
|-sideend|p1: Spritzalcianuro96|Reflect
|upkeep
|turn|10
|
|t:|1595777396
|move|p1a: Garchomp|Outrage|p2a: Bronzong|[from]lockedmove
|-resisted|p2a: Bronzong
|-crit|p2a: Bronzong
|-damage|p2a: Bronzong|0 fnt
|-start|p1a: Garchomp|confusion|[fatigue]
|faint|p2a: Bronzong
|
|-sideend|p1: Spritzalcianuro96|move: Light Screen
|upkeep
|
|t:|1595777412
|switch|p2a: Weavile|Weavile, M|100/100
|-ability|p2a: Weavile|Pressure
|turn|11
|
|t:|1595777423
|switch|p1a: Keldeo|Keldeo|100/100
|-damage|p1a: Keldeo|94/100|[from] Stealth Rock
|move|p2a: Weavile|Ice Shard|p1a: Keldeo
|-resisted|p1a: Keldeo
|-damage|p1a: Keldeo|79/100
|-damage|p2a: Weavile|91/100|[from] item: Life Orb
|
|upkeep
|turn|12
|
|t:|1595777433
|switch|p2a: Xatu|Xatu, F|100/100
|move|p1a: Keldeo|Scald|p2a: Xatu
|-damage|p2a: Xatu|41/100
|
|upkeep
|turn|13
|
|t:|1595777441
|switch|p2a: Ninetales|Ninetales, M|100/100
|-weather|SunnyDay|[from] ability: Drought|[of] p2a: Ninetales
|move|p1a: Keldeo|Scald|p2a: Ninetales
|-supereffective|p2a: Ninetales
|-damage|p2a: Ninetales|52/100
|
|-weather|SunnyDay|[upkeep]
|-heal|p2a: Ninetales|58/100|[from] item: Leftovers
|upkeep
|turn|14
|
|t:|1595777452
|switch|p1a: Hydreigon|Hydreigon, F|100/100
|-damage|p1a: Hydreigon|88/100|[from] Stealth Rock
|move|p2a: Ninetales|Solar Beam||[still]
|-prepare|p2a: Ninetales|Solar Beam|p1a: Hydreigon
|-anim|p2a: Ninetales|Solar Beam|p1a: Hydreigon
|-resisted|p1a: Hydreigon
|-damage|p1a: Hydreigon|71/100
|
|-weather|SunnyDay|[upkeep]
|-heal|p2a: Ninetales|64/100|[from] item: Leftovers
|upkeep
|turn|15
|
|t:|1595777459
|move|p2a: Ninetales|Overheat|p1a: Hydreigon
|-resisted|p1a: Hydreigon
|-damage|p1a: Hydreigon|22/100
|-unboost|p2a: Ninetales|spa|2
|move|p1a: Hydreigon|Focus Blast|p2a: Ninetales
|-crit|p2a: Ninetales
|-damage|p2a: Ninetales|0 fnt
|-damage|p1a: Hydreigon|12/100|[from] item: Life Orb
|faint|p2a: Ninetales
|
|-weather|SunnyDay|[upkeep]
|upkeep
|
|t:|1595777488
|switch|p2a: Heatran|Heatran, M|100/100
|turn|16
|
|t:|1595777494
|move|p1a: Hydreigon|Roost|p1a: Hydreigon
|-heal|p1a: Hydreigon|62/100
|-singleturn|p1a: Hydreigon|move: Roost
|move|p2a: Heatran|Lava Plume|p1a: Hydreigon
|-resisted|p1a: Hydreigon
|-damage|p1a: Hydreigon|31/100
|
|-weather|SunnyDay|[upkeep]
|upkeep
|turn|17
|
|t:|1595777502
|move|p1a: Hydreigon|Roost|p1a: Hydreigon
|-heal|p1a: Hydreigon|81/100
|-singleturn|p1a: Hydreigon|move: Roost
|move|p2a: Heatran|Taunt|p1a: Hydreigon
|-start|p1a: Hydreigon|move: Taunt
|
|-weather|SunnyDay|[upkeep]
|upkeep
|turn|18
|
|t:|1595777512
|move|p1a: Hydreigon|Focus Blast|p2a: Heatran|[miss]
|-miss|p1a: Hydreigon|p2a: Heatran
|move|p2a: Heatran|Lava Plume|p1a: Hydreigon
|-resisted|p1a: Hydreigon
|-damage|p1a: Hydreigon|48/100
|-status|p1a: Hydreigon|brn
|
|-weather|SunnyDay|[upkeep]
|-damage|p1a: Hydreigon|36/100 brn|[from] brn
|upkeep
|turn|19
|
|t:|1595777518
|move|p2a: Heatran|Protect|p2a: Heatran
|-singleturn|p2a: Heatran|Protect
|move|p1a: Hydreigon|Focus Blast|p2a: Heatran
|-activate|p2a: Heatran|move: Protect
|
|-weather|SunnyDay|[upkeep]
|-damage|p1a: Hydreigon|24/100 brn|[from] brn
|upkeep
|turn|20
|
|t:|1595777526
|move|p1a: Hydreigon|Focus Blast|p2a: Heatran
|-supereffective|p2a: Heatran
|-damage|p2a: Heatran|31/100
|-damage|p1a: Hydreigon|14/100 brn|[from] item: Life Orb
|move|p2a: Heatran|Lava Plume|p1a: Hydreigon
|-resisted|p1a: Hydreigon
|-damage|p1a: Hydreigon|0 fnt
|faint|p1a: Hydreigon
|
|-weather|SunnyDay|[upkeep]
|-heal|p2a: Heatran|37/100|[from] item: Leftovers
|upkeep
|
|t:|1595777540
|switch|p1a: Terrakion|Terrakion|100/100
|-damage|p1a: Terrakion|94/100|[from] Stealth Rock
|turn|21
|
|t:|1595777545
|move|p2a: Heatran|Protect|p2a: Heatran
|-singleturn|p2a: Heatran|Protect
|move|p1a: Terrakion|Close Combat|p2a: Heatran
|-activate|p2a: Heatran|move: Protect
|
|-weather|SunnyDay|[upkeep]
|-heal|p2a: Heatran|43/100|[from] item: Leftovers
|upkeep
|turn|22
|
|t:|1595777552
|move|p1a: Terrakion|Close Combat|p2a: Heatran
|-supereffective|p2a: Heatran
|-damage|p2a: Heatran|0 fnt
|-unboost|p1a: Terrakion|def|1
|-unboost|p1a: Terrakion|spd|1
|faint|p2a: Heatran
|
|-weather|SunnyDay|[upkeep]
|upkeep
|
|t:|1595777556
|switch|p2a: Xatu|Xatu, F|41/100
|turn|23
|
|t:|1595777563
|move|p1a: Terrakion|Stone Edge|p2a: Xatu
|-supereffective|p2a: Xatu
|-crit|p2a: Xatu
|-damage|p2a: Xatu|0 fnt
|faint|p2a: Xatu
|
|-weather|SunnyDay|[upkeep]
|upkeep
|
|t:|1595777566
|switch|p2a: Weavile|Weavile, M|91/100
|-ability|p2a: Weavile|Pressure
|turn|24
|
|t:|1595777571
|move|p2a: Weavile|Low Kick|p1a: Terrakion
|-supereffective|p1a: Terrakion
|-damage|p1a: Terrakion|0 fnt
|-damage|p2a: Weavile|81/100|[from] item: Life Orb
|faint|p1a: Terrakion
|
|-weather|SunnyDay|[upkeep]
|upkeep
|
|t:|1595777573
|switch|p1a: Keldeo|Keldeo|79/100
|-damage|p1a: Keldeo|73/100|[from] Stealth Rock
|turn|25
|
|t:|1595777577
|move|p1a: Keldeo|Secret Sword|p2a: Weavile
|-supereffective|p2a: Weavile
|-damage|p2a: Weavile|0 fnt
|faint|p2a: Weavile
|
|win|Spritzalcianuro96
|c|☆Excaliburn88|gg
|l|☆Excaliburn88
|c|☆Spritzalcianuro96|gg
|raw|Spritzalcianuro96's rating: 1407 &rarr; <strong>1422</strong><br />(+15 for winning)
|raw|Excaliburn88's rating: 1320 &rarr; <strong>1305</strong><br />(-15 for losing)
