|j|☆SwordIsBored
|j|☆Claude's Journey
|t:|1746032601
|gametype|singles
|player|p1|SwordIsBored|miku-ghost|1359
|player|p2|Claude's Journey|lass-gen1rb|1432
|teamsize|p1|6
|teamsize|p2|6
|gen|5
|tier|[Gen 5] OU
|rated|
|rule|Species Clause: Limit one of each Pokémon
|rule|OHKO Clause: OHKO moves are banned
|rule|Moody Clause: Moody is banned
|rule|Evasion Items Clause: Evasion items are banned
|rule|Evasion Moves Clause: Evasion moves are banned
|rule|Endless Battle Clause: Forcing endless battles is banned
|rule|HP Percentage Mod: HP is shown in percentages
|rule|Evasion Abilities Clause: Evasion abilities are banned
|rule|Sleep Moves Clause: Sleep-inducing moves are banned
|rule|Swagger Clause: Swagger is banned
|rule|Baton Pass Stat Clause: No Baton Passer may have a way to boost its stats
|clearpoke
|poke|p1|Garchomp, M|item
|poke|p1|Ferrothorn, M|item
|poke|p1|Starmie|item
|poke|p1|Latios, M|item
|poke|p1|Kyurem-Black|item
|poke|p1|Volcarona, M|item
|poke|p2|Tyranitar, F|item
|poke|p2|Forretress, F|item
|poke|p2|Zapdos|item
|poke|p2|Alakazam, F|item
|poke|p2|Seismitoad, M|item
|poke|p2|Hydreigon, M|item
|teampreview
|
|t:|1746032607
|start
|switch|p1a: Garchomp|Garchomp, M|100/100
|switch|p2a: Zapdos|Zapdos|100/100
|-ability|p2a: Zapdos|Pressure
|turn|1
|
|t:|1746032611
|move|p1a: Garchomp|Stealth Rock|p2a: Zapdos
|-sidestart|p2: Claude's Journey|move: Stealth Rock
|move|p2a: Zapdos|Hidden Power|p1a: Garchomp
|-supereffective|p1a: Garchomp
|-damage|p1a: Garchomp|18/100
|
|upkeep
|turn|2
|
|t:|1746032620
|move|p1a: Garchomp|Outrage|p2a: Zapdos
|-damage|p2a: Zapdos|50/100
|move|p2a: Zapdos|Roost|p2a: Zapdos
|-heal|p2a: Zapdos|100/100
|-singleturn|p2a: Zapdos|move: Roost
|
|upkeep
|turn|3
|
|t:|1746032625
|switch|p2a: Forretress|Forretress, F|100/100
|-damage|p2a: Forretress|88/100|[from] Stealth Rock
|move|p1a: Garchomp|Outrage|p2a: Forretress|[from] lockedmove
|-resisted|p2a: Forretress
|-damage|p2a: Forretress|71/100
|-start|p1a: Garchomp|confusion|[fatigue]
|
|-heal|p2a: Forretress|77/100|[from] item: Leftovers
|upkeep
|turn|4
|
|t:|1746032628
|switch|p1a: Volcarona|Volcarona, M|100/100
|move|p2a: Forretress|Rapid Spin|p1a: Volcarona
|-damage|p1a: Volcarona|94/100
|-status|p2a: Forretress|brn|[from] ability: Flame Body|[of] p1a: Volcarona
|-sideend|p2: Claude's Journey|Stealth Rock|[from] move: Rapid Spin|[of] p2a: Forretress
|
|-heal|p2a: Forretress|83/100 brn|[from] item: Leftovers
|-damage|p2a: Forretress|71/100 brn|[from] brn
|upkeep
|turn|5
|
|t:|1746032634
|switch|p2a: Tyranitar|Tyranitar, F|100/100
|-weather|Sandstorm|[from] ability: Sand Stream|[of] p2a: Tyranitar
|move|p1a: Volcarona|Quiver Dance|p1a: Volcarona
|-boost|p1a: Volcarona|spa|1
|-boost|p1a: Volcarona|spd|1
|-boost|p1a: Volcarona|spe|1
|
|-weather|Sandstorm|[upkeep]
|-damage|p1a: Volcarona|88/100|[from] Sandstorm
|upkeep
|turn|6
|
|t:|1746032637
|move|p1a: Volcarona|Bug Buzz|p2a: Tyranitar
|-supereffective|p2a: Tyranitar
|-damage|p2a: Tyranitar|40/100
|move|p2a: Tyranitar|Rock Slide|p1a: Volcarona
|-supereffective|p1a: Volcarona
|-damage|p1a: Volcarona|0 fnt
|faint|p1a: Volcarona
|
|-weather|Sandstorm|[upkeep]
|upkeep
|
|t:|1746032643
|switch|p1a: Garchomp|Garchomp, M|18/100
|turn|7
|
|t:|1746032646
|move|p1a: Garchomp|Stealth Rock|p2a: Tyranitar
|-sidestart|p2: Claude's Journey|move: Stealth Rock
|move|p2a: Tyranitar|Crunch|p1a: Garchomp
|-damage|p1a: Garchomp|0 fnt
|-damage|p2a: Tyranitar|27/100|[from] ability: Rough Skin|[of] p1a: Garchomp
|faint|p1a: Garchomp
|
|-weather|Sandstorm|[upkeep]
|upkeep
|
|t:|1746032658
|switch|p1a: Kyurem|Kyurem-Black|100/100
|-ability|p1a: Kyurem|Teravolt
|turn|8
|
|t:|1746032667
|move|p1a: Kyurem|Dragon Claw|p2a: Tyranitar
|-damage|p2a: Tyranitar|0 fnt
|faint|p2a: Tyranitar
|
|-weather|Sandstorm|[upkeep]
|-damage|p1a: Kyurem|94/100|[from] Sandstorm
|upkeep
|
|t:|1746032670
|switch|p2a: Forretress|Forretress, F|71/100 brn
|-damage|p2a: Forretress|58/100 brn|[from] Stealth Rock
|turn|9
|inactive|Battle timer is ON: inactive players will automatically lose when time's up. (requested by SwordIsBored)
|
|t:|1746032677
|switch|p1a: Ferrothorn|Ferrothorn, M|100/100
|move|p2a: Forretress|Rapid Spin|p1a: Ferrothorn
|-resisted|p1a: Ferrothorn
|-damage|p1a: Ferrothorn|99/100
|-damage|p2a: Forretress|46/100 brn|[from] ability: Iron Barbs|[of] p1a: Ferrothorn
|-sideend|p2: Claude's Journey|Stealth Rock|[from] move: Rapid Spin|[of] p2a: Forretress
|
|-weather|Sandstorm|[upkeep]
|-heal|p2a: Forretress|52/100 brn|[from] item: Leftovers
|-damage|p2a: Forretress|39/100 brn|[from] brn
|upkeep
|turn|10
|
|t:|1746032683
|switch|p2a: Hydreigon|Hydreigon, M|100/100
|move|p1a: Ferrothorn|Spikes|p2a: Hydreigon
|-sidestart|p2: Claude's Journey|Spikes
|
|-weather|Sandstorm|[upkeep]
|-damage|p2a: Hydreigon|94/100|[from] Sandstorm
|upkeep
|turn|11
|
|t:|1746032686
|move|p2a: Hydreigon|Fire Blast|p1a: Ferrothorn
|-supereffective|p1a: Ferrothorn
|-damage|p1a: Ferrothorn|0 fnt
|faint|p1a: Ferrothorn
|-damage|p2a: Hydreigon|84/100|[from] item: Life Orb
|
|-weather|Sandstorm|[upkeep]
|-damage|p2a: Hydreigon|78/100|[from] Sandstorm
|upkeep
|
|t:|1746032689
|switch|p1a: Kyurem|Kyurem-Black|94/100
|-ability|p1a: Kyurem|Teravolt
|turn|12
|
|t:|1746032700
|switch|p2a: Forretress|Forretress, F|39/100 brn
|-damage|p2a: Forretress|27/100 brn|[from] Spikes
|move|p1a: Kyurem|Dragon Claw|p2a: Forretress
|-resisted|p2a: Forretress
|-damage|p2a: Forretress|11/100 brn
|
|-weather|Sandstorm|[upkeep]
|-damage|p1a: Kyurem|88/100|[from] Sandstorm
|-heal|p2a: Forretress|17/100 brn|[from] item: Leftovers
|-damage|p2a: Forretress|5/100 brn|[from] brn
|upkeep
|turn|13
|
|t:|1746032704
|move|p1a: Kyurem|Dragon Claw|p2a: Forretress
|-resisted|p2a: Forretress
|-damage|p2a: Forretress|0 fnt
|faint|p2a: Forretress
|
|-weather|Sandstorm|[upkeep]
|-damage|p1a: Kyurem|82/100|[from] Sandstorm
|upkeep
|
|t:|1746032711
|switch|p2a: Seismitoad|Seismitoad, M|100/100
|-damage|p2a: Seismitoad|88/100|[from] Spikes
|turn|14
|
|t:|1746032721
|switch|p1a: Latios|Latios, M|100/100
|move|p2a: Seismitoad|Stealth Rock|p1a: Latios
|-sidestart|p1: SwordIsBored|move: Stealth Rock
|
|-weather|Sandstorm|[upkeep]
|-damage|p1a: Latios|95/100|[from] Sandstorm
|-heal|p2a: Seismitoad|94/100|[from] item: Leftovers
|upkeep
|turn|15
|
|t:|1746032728
|move|p1a: Latios|Draco Meteor|p2a: Seismitoad
|-damage|p2a: Seismitoad|0 fnt
|-unboost|p1a: Latios|spa|2
|faint|p2a: Seismitoad
|
|-weather|Sandstorm|[upkeep]
|-damage|p1a: Latios|89/100|[from] Sandstorm
|upkeep
|
|t:|1746032735
|switch|p2a: Zapdos|Zapdos|100/100
|-ability|p2a: Zapdos|Pressure
|turn|16
|
|t:|1746032742
|switch|p1a: Kyurem|Kyurem-Black|82/100
|-damage|p1a: Kyurem|57/100|[from] Stealth Rock
|-ability|p1a: Kyurem|Teravolt
|move|p2a: Zapdos|Volt Switch|p1a: Kyurem
|-resisted|p1a: Kyurem
|-damage|p1a: Kyurem|44/100
|
|t:|1746032748
|switch|p2a: Alakazam|Alakazam, F|100/100|[from] Volt Switch
|
|-weather|Sandstorm|[upkeep]
|-damage|p1a: Kyurem|38/100|[from] Sandstorm
|upkeep
|turn|17
|
|t:|1746032754
|move|p1a: Kyurem|Outrage|p2a: Alakazam
|-enditem|p2a: Alakazam|Focus Sash
|-damage|p2a: Alakazam|1/100
|move|p2a: Alakazam|Psychic|p1a: Kyurem
|-damage|p1a: Kyurem|0 fnt
|faint|p1a: Kyurem
|
|-weather|Sandstorm|[upkeep]
|upkeep
|
|t:|1746032760
|switch|p1a: Starmie|Starmie|100/100
|-damage|p1a: Starmie|88/100|[from] Stealth Rock
|-item|p1a: Starmie|Air Balloon
|turn|18
|
|t:|1746032766
|move|p2a: Alakazam|Shadow Ball|p1a: Starmie
|-supereffective|p1a: Starmie
|-damage|p1a: Starmie|2/100
|-enditem|p1a: Starmie|Air Balloon
|move|p1a: Starmie|Ice Beam|p2a: Alakazam
|-damage|p2a: Alakazam|0 fnt
|faint|p2a: Alakazam
|
|-weather|Sandstorm|[upkeep]
|-damage|p1a: Starmie|0 fnt|[from] Sandstorm
|faint|p1a: Starmie
|upkeep
|
|t:|1746032772
|switch|p2a: Hydreigon|Hydreigon, M|78/100
|switch|p1a: Latios|Latios, M|89/100
|-damage|p1a: Latios|76/100|[from] Stealth Rock
|turn|19
|
|t:|1746032784
|move|p1a: Latios|Draco Meteor|p2a: Hydreigon
|-supereffective|p2a: Hydreigon
|-damage|p2a: Hydreigon|0 fnt
|-unboost|p1a: Latios|spa|2
|faint|p2a: Hydreigon
|
|-weather|Sandstorm|[upkeep]
|-damage|p1a: Latios|70/100|[from] Sandstorm
|upkeep
|
|t:|1746032786
|switch|p2a: Zapdos|Zapdos|100/100
|-ability|p2a: Zapdos|Pressure
|turn|20
|
|t:|1746032790
|move|p1a: Latios|Draco Meteor|p2a: Zapdos
|-damage|p2a: Zapdos|50/100
|-unboost|p1a: Latios|spa|2
|move|p2a: Zapdos|Hidden Power|p1a: Latios
|-supereffective|p1a: Latios
|-damage|p1a: Latios|30/100
|
|-weather|Sandstorm|[upkeep]
|-damage|p1a: Latios|24/100|[from] Sandstorm
|-damage|p2a: Zapdos|44/100|[from] Sandstorm
|-heal|p2a: Zapdos|50/100|[from] item: Leftovers
|upkeep
|turn|21
|
|t:|1746032798
|move|p1a: Latios|Draco Meteor|p2a: Zapdos
|-damage|p2a: Zapdos|16/100
|-unboost|p1a: Latios|spa|2
|move|p2a: Zapdos|Hidden Power|p1a: Latios
|-supereffective|p1a: Latios
|-damage|p1a: Latios|0 fnt
|faint|p1a: Latios
|
|win|Claude's Journey
|raw|SwordIsBored's rating: 1359 &rarr; <strong>1343</strong><br />(-16 for losing)
|raw|Claude&apos;s Journey's rating: 1432 &rarr; <strong>1448</strong><br />(+16 for winning)
|l|☆SwordIsBored
|player|p1|
|l|☆Claude's Journey
|player|p2|
|j|☆Claude's Journey
|player|p2|Claude's Journey|lass-gen1rb|
