|j|☆Blossummm
|j|☆sidis
|t:|1719452999
|gametype|singles
|player|p1|Blossummm|roxie|1396
|player|p2|sidis|iris-gen5bw2|1329
|teamsize|p1|6
|teamsize|p2|6
|gen|5
|tier|[Gen 5] OU
|rated|
|rule|Species Clause: Limit one of each Pokémon
|rule|OHKO Clause: OHKO moves are banned
|rule|Moody Clause: Moody is banned
|rule|Evasion Items Clause: Evasion items are banned
|rule|Evasion Moves Clause: Evasion moves are banned
|rule|Endless Battle Clause: Forcing endless battles is banned
|rule|HP Percentage Mod: HP is shown in percentages
|rule|Evasion Abilities Clause: Evasion abilities are banned
|rule|Sleep Moves Clause: Sleep-inducing moves are banned
|rule|Swagger Clause: Swagger is banned
|rule|Baton Pass Stat Clause: No Baton Passer may have a way to boost its stats
|clearpoke
|poke|p1|Skarmory, F|item
|poke|p1|Latios, M|item
|poke|p1|Jellicent, F|item
|poke|p1|Tyranitar, F|item
|poke|p1|Alakazam, F|item
|poke|p1|Landorus-Therian, M|item
|poke|p2|Garchomp, M|item
|poke|p2|Haxorus, F|item
|poke|p2|Scizor, M|item
|poke|p2|Rotom-Wash|item
|poke|p2|Starmie|item
|poke|p2|Landorus-Therian, M|item
|teampreview
|
|t:|1719453005
|start
|switch|p1a: Skarmory|Skarmory, F|100/100
|switch|p2a: Landorus|Landorus-Therian, M|100/100
|-ability|p2a: Landorus|Intimidate|boost
|-unboost|p1a: Skarmory|atk|1
|turn|1
|inactive|Battle timer is ON: inactive players will automatically lose when time's up. (requested by sidis)
|
|t:|1719453011
|move|p2a: Landorus|Stealth Rock|p1a: Skarmory
|-sidestart|p1: Blossummm|move: Stealth Rock
|move|p1a: Skarmory|Stealth Rock|p2a: Landorus
|-sidestart|p2: sidis|move: Stealth Rock
|
|upkeep
|turn|2
|
|t:|1719453015
|move|p2a: Landorus|Gravity|p2a: Landorus
|-fieldstart|move: Gravity
|move|p1a: Skarmory|Spikes|p2a: Landorus
|-sidestart|p2: sidis|Spikes
|
|upkeep
|turn|3
|
|t:|1719453022
|move|p2a: Landorus|Earthquake|p1a: Skarmory
|-supereffective|p1a: Skarmory
|-damage|p1a: Skarmory|2/100
|move|p1a: Skarmory|Spikes|p2a: Landorus
|-sidestart|p2: sidis|Spikes
|
|upkeep
|turn|4
|-enditem|p1a: Skarmory|Custap Berry|[eat]
|-activate|p1a: Skarmory|item: Custap Berry|[consumed]
|
|t:|1719453026
|move|p1a: Skarmory|Spikes|p2a: Landorus
|-sidestart|p2: sidis|Spikes
|move|p2a: Landorus|Earthquake|p1a: Skarmory
|-supereffective|p1a: Skarmory
|-damage|p1a: Skarmory|0 fnt
|faint|p1a: Skarmory
|
|upkeep
|
|t:|1719453049
|switch|p1a: Jellicent|Jellicent, F|100/100
|-damage|p1a: Jellicent|88/100|[from] Stealth Rock
|turn|5
|
|t:|1719453054
|switch|p2a: Rotom|Rotom-Wash|100/100
|-damage|p2a: Rotom|88/100|[from] Stealth Rock
|-damage|p2a: Rotom|64/100|[from] Spikes
|move|p1a: Jellicent|Will-O-Wisp|p2a: Rotom
|-status|p2a: Rotom|brn
|
|-heal|p1a: Jellicent|94/100|[from] item: Leftovers
|-damage|p2a: Rotom|51/100 brn|[from] brn
|upkeep
|turn|6
|
|t:|1719453063
|move|p2a: Rotom|Volt Switch|p1a: Jellicent
|-supereffective|p1a: Jellicent
|-damage|p1a: Jellicent|53/100
|
|t:|1719453075
|switch|p2a: Landorus|Landorus-Therian, M|100/100|[from] Volt Switch
|-damage|p2a: Landorus|88/100|[from] Stealth Rock
|-damage|p2a: Landorus|64/100|[from] Spikes
|-ability|p2a: Landorus|Intimidate|boost
|-unboost|p1a: Jellicent|atk|1
|move|p1a: Jellicent|Recover|p1a: Jellicent
|-heal|p1a: Jellicent|100/100
|
|-fieldend|move: Gravity
|upkeep
|turn|7
|inactive|sidis has 120 seconds left.
|
|t:|1719453106
|move|p2a: Landorus|Gravity|p2a: Landorus
|-fieldstart|move: Gravity
|move|p1a: Jellicent|Scald|p2a: Landorus
|-supereffective|p2a: Landorus
|-damage|p2a: Landorus|3/100
|
|upkeep
|turn|8
|
|t:|1719453112
|move|p2a: Landorus|Earthquake|p1a: Jellicent
|-damage|p1a: Jellicent|61/100
|move|p1a: Jellicent|Scald|p2a: Landorus
|-supereffective|p2a: Landorus
|-damage|p2a: Landorus|0 fnt
|faint|p2a: Landorus
|
|-heal|p1a: Jellicent|67/100|[from] item: Leftovers
|upkeep
|inactive|sidis has 120 seconds left.
|
|t:|1719453139
|switch|p2a: Garchomp|Garchomp, M|100/100
|-damage|p2a: Garchomp|94/100|[from] Stealth Rock
|-damage|p2a: Garchomp|69/100|[from] Spikes
|turn|9
|
|t:|1719453147
|move|p2a: Garchomp|Outrage|p1a: Jellicent
|-crit|p1a: Jellicent
|-damage|p1a: Jellicent|0 fnt
|faint|p1a: Jellicent
|
|upkeep
|
|t:|1719453151
|switch|p1a: Landorus|Landorus-Therian, M|100/100
|-damage|p1a: Landorus|88/100|[from] Stealth Rock
|-ability|p1a: Landorus|Intimidate|boost
|-unboost|p2a: Garchomp|atk|1
|turn|10
|
|t:|1719453157
|move|p1a: Landorus|Hidden Power|p2a: Garchomp
|-supereffective|p2a: Garchomp
|-damage|p2a: Garchomp|2/100
|move|p2a: Garchomp|Outrage|p1a: Landorus|[from]lockedmove
|-damage|p1a: Landorus|25/100
|-start|p2a: Garchomp|confusion|[fatigue]
|
|upkeep
|turn|11
|
|t:|1719453167
|switch|p2a: Rotom|Rotom-Wash|51/100 brn
|-damage|p2a: Rotom|39/100 brn|[from] Stealth Rock
|-damage|p2a: Rotom|14/100 brn|[from] Spikes
|move|p1a: Landorus|Hidden Power|p2a: Rotom
|-resisted|p2a: Rotom
|-damage|p2a: Rotom|8/100 brn
|
|-damage|p2a: Rotom|0 fnt|[from] brn
|faint|p2a: Rotom
|-fieldend|move: Gravity
|upkeep
|
|t:|1719453178
|switch|p2a: Starmie|Starmie|100/100
|-damage|p2a: Starmie|88/100|[from] Stealth Rock
|-damage|p2a: Starmie|63/100|[from] Spikes
|turn|12
|
|t:|1719453188
|switch|p1a: Tyranitar|Tyranitar, F, shiny|100/100
|-damage|p1a: Tyranitar|88/100|[from] Stealth Rock
|-weather|Sandstorm|[from] ability: Sand Stream|[of] p1a: Tyranitar
|move|p2a: Starmie|Rapid Spin|p1a: Tyranitar
|-resisted|p1a: Tyranitar
|-damage|p1a: Tyranitar|87/100
|-sideend|p2: sidis|Spikes|[from] move: Rapid Spin|[of] p2a: Starmie
|-sideend|p2: sidis|Stealth Rock|[from] move: Rapid Spin|[of] p2a: Starmie
|-damage|p2a: Starmie|53/100|[from] item: Life Orb
|
|-weather|Sandstorm|[upkeep]
|-damage|p2a: Starmie|47/100|[from] Sandstorm
|upkeep
|turn|13
|
|t:|1719453191
|move|p2a: Starmie|Hydro Pump|p1a: Tyranitar
|-supereffective|p1a: Tyranitar
|-damage|p1a: Tyranitar|30/100
|-damage|p2a: Starmie|37/100|[from] item: Life Orb
|move|p1a: Tyranitar|Pursuit|p2a: Starmie
|-supereffective|p2a: Starmie
|-damage|p2a: Starmie|0 fnt
|faint|p2a: Starmie
|
|-weather|Sandstorm|[upkeep]
|upkeep
|
|t:|1719453214
|switch|p2a: Garchomp|Garchomp, M|2/100
|turn|14
|
|t:|1719453219
|move|p2a: Garchomp|Outrage|p1a: Tyranitar
|-damage|p1a: Tyranitar|0 fnt
|faint|p1a: Tyranitar
|
|-weather|Sandstorm|[upkeep]
|upkeep
|
|t:|1719453231
|switch|p1a: Landorus|Landorus-Therian, M|25/100
|-damage|p1a: Landorus|12/100|[from] Stealth Rock
|-ability|p1a: Landorus|Intimidate|boost
|-unboost|p2a: Garchomp|atk|1
|turn|15
|
|t:|1719453236
|move|p1a: Landorus|Earthquake|p2a: Garchomp
|-damage|p2a: Garchomp|0 fnt
|faint|p2a: Garchomp
|
|-weather|Sandstorm|[upkeep]
|upkeep
|
|t:|1719453240
|switch|p2a: Scizor|Scizor, M|100/100
|turn|16
|
|t:|1719453243
|move|p2a: Scizor|Bullet Punch|p1a: Landorus
|-damage|p1a: Landorus|0 fnt
|faint|p1a: Landorus
|
|-weather|Sandstorm|[upkeep]
|upkeep
|
|t:|1719453247
|switch|p1a: Alakazam|Alakazam, F|100/100
|turn|17
|
|t:|1719453253
|switch|p2a: Haxorus|Haxorus, F, shiny|100/100
|-ability|p2a: Haxorus|Mold Breaker
|move|p1a: Alakazam|Hidden Power|p2a: Haxorus
|-resisted|p2a: Haxorus
|-damage|p2a: Haxorus|75/100
|
|-weather|Sandstorm|[upkeep]
|-damage|p2a: Haxorus|69/100|[from] Sandstorm
|upkeep
|turn|18
|
|t:|1719453264
|switch|p2a: Scizor|Scizor, M|100/100
|move|p1a: Alakazam|Psychic|p2a: Scizor
|-resisted|p2a: Scizor
|-damage|p2a: Scizor|57/100
|
|-weather|Sandstorm|[upkeep]
|upkeep
|turn|19
|
|t:|1719453270
|move|p2a: Scizor|U-turn|p1a: Alakazam
|-supereffective|p1a: Alakazam
|-damage|p1a: Alakazam|0 fnt
|faint|p1a: Alakazam
|
|t:|1719453272
|switch|p2a: Haxorus|Haxorus, F, shiny|69/100|[from] U-turn
|-ability|p2a: Haxorus|Mold Breaker
|
|-weather|Sandstorm|[upkeep]
|-damage|p2a: Haxorus|63/100|[from] Sandstorm
|upkeep
|
|t:|1719453277
|switch|p1a: Latios|Latios, M|100/100
|-damage|p1a: Latios|88/100|[from] Stealth Rock
|turn|20
|
|t:|1719453294
|move|p1a: Latios|Draco Meteor|p2a: Haxorus
|-supereffective|p2a: Haxorus
|-damage|p2a: Haxorus|0 fnt
|-unboost|p1a: Latios|spa|2
|faint|p2a: Haxorus
|
|-weather|Sandstorm|[upkeep]
|-damage|p1a: Latios|82/100|[from] Sandstorm
|upkeep
|
|t:|1719453297
|switch|p2a: Scizor|Scizor, M|57/100
|turn|21
|
|t:|1719453298
|move|p2a: Scizor|U-turn|p1a: Latios
|-supereffective|p1a: Latios
|-damage|p1a: Latios|0 fnt
|faint|p1a: Latios
|
|win|sidis
|raw|Blossummm's rating: 1396 &rarr; <strong>1372</strong><br />(-24 for losing)
|raw|sidis's rating: 1329 &rarr; <strong>1353</strong><br />(+24 for winning)
|l|☆Blossummm
|player|p1|
