|j|☆unpersons
|j|☆CzarPokemon
|player|p1|unpersons|123
|player|p2|CzarPokemon|170
|teamsize|p1|6
|teamsize|p2|6
|gametype|singles
|gen|5
|tier|[Gen 5] OU
|rated|
|rule|Sleep Clause Mod: Limit one foe put to sleep
|rule|Species Clause: Limit one of each Pokémon
|rule|OHKO Clause: OHKO moves are banned
|rule|Moody Clause: Moody is banned
|rule|Evasion Moves Clause: Evasion moves are banned
|rule|Endless Battle Clause: Forcing endless battles is banned
|rule|HP Percentage Mod: HP is shown in percentages
|rule|Evasion Abilities Clause: Evasion abilities are banned
|rule|Baton Pass Clause: Limit one Baton Passer, can't pass Spe and other stats simultaneously
|rule|Swagger Clause: Swagger is banned
|clearpoke
|poke|p1|Landorus-Therian, M|item
|poke|p1|Blissey, F|item
|poke|p1|Abomasnow, M|item
|poke|p1|Forretress, M|item
|poke|p1|Weavile, M|item
|poke|p1|Gothitelle, M|item
|poke|p2|Politoed, M|item
|poke|p2|Garchomp, F|item
|poke|p2|Gyarados, M|item
|poke|p2|Latios, M|item
|poke|p2|Starmie|item
|poke|p2|Ferrothorn, F|item
|teampreview
|c|☆CzarPokemon|fuck
|c|☆CzarPokemon|lol
|c|☆unpersons|gl hf
|c|☆unpersons|you know my team you'll win
|c|☆CzarPokemon|trapping with goth
|c|☆CzarPokemon|but otherwise not really lol
|c|☆unpersons|My team isn't really consistent
|c|☆unpersons|I have told you before, my teams win by shock value
|c|☆CzarPokemon|yah but idk how to kill aboma with my team
|c|☆unpersons|keep hitting it
|c|☆CzarPokemon|lol it will wreck me before hand tho
|c|☆unpersons|Honestly, your team should beat mine handily
|c|☆CzarPokemon|heh
|c|☆CzarPokemon|im thinking
|
|start
|switch|p1a: SPECK|Blissey, F|100/100
|switch|p2a: Latios|Latios, M|100/100
|turn|1
|
|switch|p1a: POISONER YANAGI|Weavile, M|100/100
|-ability|p1a: POISONER YANAGI|Pressure
|move|p2a: Latios|Trick|p1a: POISONER YANAGI
|-activate|p2a: Latios|move: Trick|[of] p1a: POISONER YANAGI
|-item|p1a: POISONER YANAGI|Choice Specs|[from] move: Trick
|-item|p2a: Latios|Life Orb|[from] move: Trick
|
|upkeep
|turn|2
|
|move|p1a: POISONER YANAGI|Night Slash|p2a: Latios
|-supereffective|p2a: Latios
|-damage|p2a: Latios|7/100
|move|p2a: Latios|Draco Meteor|p1a: POISONER YANAGI
|-damage|p1a: POISONER YANAGI|0 fnt
|-unboost|p2a: Latios|spa|2
|-damage|p2a: Latios|0 fnt|[from] item: Life Orb
|faint|p1a: POISONER YANAGI
|faint|p2a: Latios
|
|upkeep
|j| dimitar5888
|
|switch|p1a: SPECK|Blissey, F|100/100
|switch|p2a: Garchomp|Garchomp, F|100/100
|turn|3
|
|switch|p1a: SIKORSKI|Landorus-Therian, M|100/100
|-ability|p1a: SIKORSKI|Intimidate|boost
|-unboost|p2a: Garchomp|atk|1
|move|p2a: Garchomp|Substitute|p2a: Garchomp
|-start|p2a: Garchomp|Substitute
|-damage|p2a: Garchomp|76/100
|
|upkeep
|turn|4
|
|move|p2a: Garchomp|Swords Dance|p2a: Garchomp
|-boost|p2a: Garchomp|atk|2
|move|p1a: SIKORSKI|Hidden Power|p2a: Garchomp
|-supereffective|p2a: Garchomp
|-end|p2a: Garchomp|Substitute
|
|upkeep
|turn|5
|
|switch|p1a: MISTER UNCHAINED|Forretress, M|100/100
|move|p2a: Garchomp|Outrage|p1a: MISTER UNCHAINED
|-resisted|p1a: MISTER UNCHAINED
|-damage|p1a: MISTER UNCHAINED|69/100
|
|-heal|p1a: MISTER UNCHAINED|75/100|[from] item: Leftovers
|upkeep
|turn|6
|
|move|p2a: Garchomp|Outrage|p1a: MISTER UNCHAINED|[from]lockedmove
|-resisted|p1a: MISTER UNCHAINED
|-damage|p1a: MISTER UNCHAINED|40/100
|move|p1a: MISTER UNCHAINED|Spikes|p2a: Garchomp
|-sidestart|p2: CzarPokemon|Spikes
|
|-heal|p1a: MISTER UNCHAINED|46/100|[from] item: Leftovers
|upkeep
|turn|7
|
|move|p2a: Garchomp|Outrage|p1a: MISTER UNCHAINED|[from]lockedmove
|-resisted|p1a: MISTER UNCHAINED
|-crit|p1a: MISTER UNCHAINED
|-damage|p1a: MISTER UNCHAINED|0 fnt
|-start|p2a: Garchomp|confusion|[fatigue]
|faint|p1a: MISTER UNCHAINED
|
|upkeep
|
|switch|p1a: SIKORSKI|Landorus-Therian, M|100/100
|-ability|p1a: SIKORSKI|Intimidate|boost
|-unboost|p2a: Garchomp|atk|1
|turn|8
|
|-activate|p2a: Garchomp|confusion
|-damage|p2a: Garchomp|60/100|[from] confusion
|move|p1a: SIKORSKI|Earthquake|p2a: Garchomp
|-damage|p2a: Garchomp|13/100
|
|upkeep
|turn|9
|
|-end|p2a: Garchomp|confusion
|move|p2a: Garchomp|Outrage|p1a: SIKORSKI
|-damage|p1a: SIKORSKI|42/100
|move|p1a: SIKORSKI|Hidden Power|p2a: Garchomp
|-supereffective|p2a: Garchomp
|-enditem|p2a: Garchomp|Yache Berry|[eat]
|-enditem|p2a: Garchomp|Yache Berry|[weaken]
|-damage|p2a: Garchomp|0 fnt
|faint|p2a: Garchomp
|
|-heal|p1a: SIKORSKI|48/100|[from] item: Leftovers
|upkeep
|
|switch|p2a: Starmie|Starmie|100/100
|-damage|p2a: Starmie|88/100|[from] Spikes
|turn|10
|
|switch|p1a: KAIOH DORIAN|Abomasnow, M|100/100
|-weather|Hail|[from] ability: Snow Warning|[of] p1a: KAIOH DORIAN
|move|p2a: Starmie|Psyshock|p1a: KAIOH DORIAN
|-damage|p1a: KAIOH DORIAN|25/100
|-damage|p2a: Starmie|78/100|[from] item: Life Orb
|
|-weather|Hail|[upkeep]
|-damage|p2a: Starmie|72/100|[from] Hail
|-heal|p1a: KAIOH DORIAN|31/100|[from] item: Leftovers
|upkeep
|turn|11
|c|☆CzarPokemon|ya that was my only play there
|
|switch|p1a: MISTER DOYLE|Gothitelle, M|100/100
|move|p2a: Starmie|Psyshock|p1a: MISTER DOYLE
|-resisted|p1a: MISTER DOYLE
|-damage|p1a: MISTER DOYLE|67/100
|-damage|p2a: Starmie|62/100|[from] item: Life Orb
|
|-weather|Hail|[upkeep]
|-damage|p1a: MISTER DOYLE|61/100|[from] Hail
|-damage|p2a: Starmie|56/100|[from] Hail
|upkeep
|turn|12
|c|☆CzarPokemon|so i was hoping ud switch lol
|
|move|p1a: MISTER DOYLE|Thunderbolt|p2a: Starmie
|-supereffective|p2a: Starmie
|-damage|p2a: Starmie|0 fnt
|faint|p2a: Starmie
|
|-weather|Hail|[upkeep]
|-damage|p1a: MISTER DOYLE|55/100|[from] Hail
|upkeep
|
|switch|p2a: Ferrothorn|Ferrothorn, F|100/100
|-damage|p2a: Ferrothorn|88/100|[from] Spikes
|turn|13
|
|switch|p1a: SPECK|Blissey, F|100/100
|move|p2a: Ferrothorn|Stealth Rock|p1a: SPECK
|-sidestart|p1: unpersons|move: Stealth Rock
|
|-weather|Hail|[upkeep]
|-damage|p1a: SPECK|94/100|[from] Hail
|-damage|p2a: Ferrothorn|82/100|[from] Hail
|-heal|p1a: SPECK|100/100|[from] item: Leftovers
|-heal|p2a: Ferrothorn|88/100|[from] item: Leftovers
|upkeep
|turn|14
|
|move|p1a: SPECK|Flamethrower|p2a: Ferrothorn
|-supereffective|p2a: Ferrothorn
|-damage|p2a: Ferrothorn|46/100
|move|p2a: Ferrothorn|Spikes|p1a: SPECK
|-sidestart|p1: unpersons|Spikes
|
|-weather|Hail|[upkeep]
|-damage|p1a: SPECK|94/100|[from] Hail
|-damage|p2a: Ferrothorn|40/100|[from] Hail
|-heal|p1a: SPECK|100/100|[from] item: Leftovers
|-heal|p2a: Ferrothorn|46/100|[from] item: Leftovers
|upkeep
|turn|15
|c|☆CzarPokemon|just need to tank one more throwerrrrr
|
|move|p1a: SPECK|Flamethrower|p2a: Ferrothorn
|-supereffective|p2a: Ferrothorn
|-damage|p2a: Ferrothorn|0 fnt
|faint|p2a: Ferrothorn
|
|-weather|Hail|[upkeep]
|-damage|p1a: SPECK|94/100|[from] Hail
|-heal|p1a: SPECK|100/100|[from] item: Leftovers
|upkeep
|
|switch|p2a: Gyarados|Gyarados, M|100/100
|-ability|p2a: Gyarados|Intimidate|boost
|-unboost|p1a: SPECK|atk|1
|turn|16
|
|move|p2a: Gyarados|Substitute|p2a: Gyarados
|-start|p2a: Gyarados|Substitute
|-damage|p2a: Gyarados|76/100
|move|p1a: SPECK|Seismic Toss|p2a: Gyarados
|-end|p2a: Gyarados|Substitute
|
|-weather|Hail|[upkeep]
|-damage|p2a: Gyarados|69/100|[from] Hail
|-damage|p1a: SPECK|94/100|[from] Hail
|-heal|p2a: Gyarados|76/100|[from] item: Leftovers
|-heal|p1a: SPECK|100/100|[from] item: Leftovers
|upkeep
|turn|17
|
|move|p2a: Gyarados|Dragon Dance|p2a: Gyarados
|-boost|p2a: Gyarados|atk|1
|-boost|p2a: Gyarados|spe|1
|move|p1a: SPECK|Toxic|p2a: Gyarados
|-status|p2a: Gyarados|tox
|
|-weather|Hail|[upkeep]
|-damage|p2a: Gyarados|69/100 tox|[from] Hail
|-damage|p1a: SPECK|94/100|[from] Hail
|-heal|p2a: Gyarados|76/100 tox|[from] item: Leftovers
|-heal|p1a: SPECK|100/100|[from] item: Leftovers
|-damage|p2a: Gyarados|69/100 tox|[from] psn
|upkeep
|turn|18
|
|switch|p1a: KAIOH DORIAN|Abomasnow, M|31/100
|-damage|p1a: KAIOH DORIAN|19/100|[from] Spikes
|-damage|p1a: KAIOH DORIAN|0 fnt|[from] Stealth Rock
|faint|p1a: KAIOH DORIAN
|move|p2a: Gyarados|Dragon Dance|p2a: Gyarados
|-boost|p2a: Gyarados|atk|1
|-boost|p2a: Gyarados|spe|1
|
|-weather|Hail|[upkeep]
|-damage|p2a: Gyarados|63/100 tox|[from] Hail
|-heal|p2a: Gyarados|69/100 tox|[from] item: Leftovers
|-damage|p2a: Gyarados|57/100 tox|[from] psn
|upkeep
|
|switch|p1a: SIKORSKI|Landorus-Therian, M|48/100
|-damage|p1a: SIKORSKI|35/100|[from] Stealth Rock
|-ability|p1a: SIKORSKI|Intimidate|boost
|-unboost|p2a: Gyarados|atk|1
|turn|19
|
|switch|p1a: MISTER DOYLE|Gothitelle, M|55/100
|-damage|p1a: MISTER DOYLE|42/100|[from] Spikes
|-damage|p1a: MISTER DOYLE|30/100|[from] Stealth Rock
|move|p2a: Gyarados|Waterfall|p1a: MISTER DOYLE
|-damage|p1a: MISTER DOYLE|0 fnt
|faint|p1a: MISTER DOYLE
|
|-weather|Hail|[upkeep]
|-damage|p2a: Gyarados|51/100 tox|[from] Hail
|-heal|p2a: Gyarados|57/100 tox|[from] item: Leftovers
|-damage|p2a: Gyarados|39/100 tox|[from] psn
|upkeep
|
|switch|p1a: SIKORSKI|Landorus-Therian, M|35/100
|-damage|p1a: SIKORSKI|23/100|[from] Stealth Rock
|-ability|p1a: SIKORSKI|Intimidate|boost
|-unboost|p2a: Gyarados|atk|1
|turn|20
|
|move|p2a: Gyarados|Waterfall|p1a: SIKORSKI
|-supereffective|p1a: SIKORSKI
|-damage|p1a: SIKORSKI|0 fnt
|faint|p1a: SIKORSKI
|
|-weather|Hail|[upkeep]
|-damage|p2a: Gyarados|32/100 tox|[from] Hail
|-heal|p2a: Gyarados|39/100 tox|[from] item: Leftovers
|-damage|p2a: Gyarados|14/100 tox|[from] psn
|upkeep
|
|switch|p1a: SPECK|Blissey, F|100/100
|-damage|p1a: SPECK|88/100|[from] Stealth Rock
|-damage|p1a: SPECK|76/100|[from] Spikes
|turn|21
|c|☆CzarPokemon|if blissey has protect i lose lol
|
|move|p2a: Gyarados|Waterfall|p1a: SPECK
|-damage|p1a: SPECK|32/100
|move|p1a: SPECK|Soft-Boiled|p1a: SPECK
|-heal|p1a: SPECK|82/100
|
|-weather|Hail|[upkeep]
|-damage|p2a: Gyarados|8/100 tox|[from] Hail
|-damage|p1a: SPECK|76/100|[from] Hail
|-heal|p2a: Gyarados|14/100 tox|[from] item: Leftovers
|-heal|p1a: SPECK|82/100|[from] item: Leftovers
|-damage|p2a: Gyarados|0 fnt|[from] psn
|upkeep
|faint|p2a: Gyarados
|
|switch|p2a: Politoed|Politoed, M|100/100
|-damage|p2a: Politoed|88/100|[from] Spikes
|-weather|RainDance|[from] ability: Drizzle|[of] p2a: Politoed
|turn|22
|c|☆CzarPokemon|nvm i needed flinch there hmm
|c|☆unpersons|A lot of scarftoeds have perish
|
|move|p2a: Politoed|Scald|p1a: SPECK
|-damage|p1a: SPECK|66/100
|-status|p1a: SPECK|brn
|move|p1a: SPECK|Toxic|p2a: Politoed
|-status|p2a: Politoed|tox
|
|-weather|RainDance|[upkeep]
|-heal|p1a: SPECK|72/100 brn|[from] item: Leftovers
|-damage|p2a: Politoed|82/100 tox|[from] psn
|-damage|p1a: SPECK|59/100 brn|[from] brn
|upkeep
|turn|23
|c|☆CzarPokemon|not this one lol
|c|☆CzarPokemon|gg
|c|☆CzarPokemon|i lost again
|
|move|p2a: Politoed|Scald|p1a: SPECK
|-damage|p1a: SPECK|44/100 brn
|move|p1a: SPECK|Soft-Boiled|p1a: SPECK
|-heal|p1a: SPECK|94/100 brn
|
|-weather|RainDance|[upkeep]
|-heal|p1a: SPECK|99/100 brn|[from] item: Leftovers
|-damage|p2a: Politoed|70/100 tox|[from] psn
|-damage|p1a: SPECK|88/100 brn|[from] brn
|upkeep
|turn|24
|c|☆unpersons|gg wp
|c|☆CzarPokemon|ur team counters rain i think
|c|☆unpersons|No
|c|☆unpersons|keldeo
|
|move|p2a: Politoed|Scald|p1a: SPECK
|-damage|p1a: SPECK|71/100 brn
|move|p1a: SPECK|Seismic Toss|p2a: Politoed
|-damage|p2a: Politoed|39/100 tox
|
|-weather|RainDance|[upkeep]
|-heal|p1a: SPECK|77/100 brn|[from] item: Leftovers
|-damage|p2a: Politoed|20/100 tox|[from] psn
|-damage|p1a: SPECK|64/100 brn|[from] brn
|upkeep
|turn|25
|c|☆CzarPokemon|it really kills my team tho
|c|☆unpersons|hp fire on goth is an afterthought
|c|☆CzarPokemon|i dont really have a win condition against u
|c|☆CzarPokemon|i dont think i made a single mistake this game
|c|☆CzarPokemon|maybe not subbing and letting u get toxic
|c|☆CzarPokemon|i guess that was a major flaw
|c|☆unpersons|goth is really there to kill: keldeo mew jelli
|c|☆CzarPokemon|but u could've kept seismic going
|c|☆CzarPokemon|so not really a mistake
|c|☆CzarPokemon|goth kills half my team tho
|c|☆CzarPokemon|scarf tbolt
|c|☆CzarPokemon|kills starmie gyarados poli
|c|☆CzarPokemon|i should've remembered scarf
|c|☆CzarPokemon|and put out ferro
|c|☆unpersons|I can't tell you if you made mistakes
|c|☆CzarPokemon|that was a mistake too i guess
|
|move|p2a: Politoed|Scald|p1a: SPECK
|-damage|p1a: SPECK|47/100 brn
|move|p1a: SPECK|Soft-Boiled|p1a: SPECK
|-heal|p1a: SPECK|97/100 brn
|
|-weather|RainDance|[upkeep]
|-heal|p1a: SPECK|100/100 brn|[from] item: Leftovers
|-damage|p2a: Politoed|0 fnt|[from] psn
|-damage|p1a: SPECK|88/100 brn|[from] brn
|upkeep
|faint|p2a: Politoed
|
|win|unpersons
|c|☆unpersons|After all, I'm not a good bw player
|c|☆CzarPokemon|u seem great lo
|c|☆CzarPokemon|ll
|raw|unpersons's rating: 1411 &rarr; <strong>1429</strong><br />(+18 for winning)
|raw|CzarPokemon's rating: 1380 &rarr; <strong>1362</strong><br />(-18 for losing)
|l| dimitar5888
|c|☆unpersons|But I think your execution can be bolder for offense
|c|☆CzarPokemon|what do u mean?
|c|☆unpersons|An offense player should constantly risking the game putting the opponent on the back foot
|c|☆unpersons|*be risking
|c|☆CzarPokemon|hmm
|c|☆CzarPokemon|did i play too defensively?
|c|☆unpersons|No
|c|☆unpersons|I think too methodically
|c|☆unpersons|You make all the right plays
|c|☆unpersons|but sometimes the right play isn't the best play
|c|☆CzarPokemon|ya i feel u
|c|☆unpersons|Anyway it's 2:30 am here
|c|☆unpersons|won't be sleeping soon
|c|☆unpersons|I hope you find bw fun
|c|☆unpersons|I know it's not your tier
|c|☆unpersons|and I know many people hate it but personally it's my fave tier
|c|☆CzarPokemon|<3
|c|☆CzarPokemon|i love bw lol
|c|☆CzarPokemon|who told u it wasnt my tier
|c|☆unpersons|You implied to me last time I think that you were new to it?
|c|☆unpersons|You told me
|c|☆unpersons|that you were just getting into it
|c|☆CzarPokemon|i am new to it ya
|c|☆CzarPokemon|but i love it
|c|☆CzarPokemon|i love every tier tbh
|c|☆CzarPokemon|all are fun
|c|☆unpersons|Well, for me
|c|☆unpersons|BW OU has a "deliberateness"
|c|☆unpersons|Your team is always in a clearly defined category in what it does which I see as good design
|c|☆unpersons|Even if it's heavily matchup based
|c|☆unpersons|I prefer that to a metagame where it's staples v staples
|c|☆CzarPokemon|u mean by weather?
|c|☆unpersons|When you're counterteaming the game feels "alive" in a sense
|c|☆unpersons|There's no one fixed way to play the game
|c|☆unpersons|were you the one that added me in discord?
|c|☆CzarPokemon|ya bro
|c|☆CzarPokemon|u never replied tho
