|j|☆rarre
|j|☆night bliz
|t:|1709661247
|gametype|singles
|player|p1|rarre|leaf-masters2|1401
|player|p2|night bliz|2|1459
|teamsize|p1|6
|teamsize|p2|6
|gen|5
|tier|[Gen 5] OU
|rated|
|rule|Species Clause: Limit one of each Pokémon
|rule|OHKO Clause: OHKO moves are banned
|rule|Moody Clause: Moody is banned
|rule|Evasion Items Clause: Evasion items are banned
|rule|Evasion Moves Clause: Evasion moves are banned
|rule|Endless Battle Clause: Forcing endless battles is banned
|rule|HP Percentage Mod: HP is shown in percentages
|rule|Evasion Abilities Clause: Evasion abilities are banned
|rule|Sleep Moves Clause: Sleep-inducing moves are banned
|rule|Swagger Clause: Swagger is banned
|rule|Baton Pass Stat Clause: No Baton Passer may have a way to boost its stats
|clearpoke
|poke|p1|Tyranitar, F|item
|poke|p1|Excadrill, F|item
|poke|p1|Reuniclus, F|item
|poke|p1|Rotom-Wash|item
|poke|p1|Latios, M|item
|poke|p1|Metagross|item
|poke|p2|Tyranitar, M|item
|poke|p2|Landorus-Therian, M|item
|poke|p2|Excadrill, F|item
|poke|p2|Garchomp, M|item
|poke|p2|Celebi|item
|poke|p2|Rotom-Wash|item
|teampreview
|inactive|Battle timer is ON: inactive players will automatically lose when time's up. (requested by rarre)
|
|t:|1709661274
|start
|switch|p1a: Rotom|Rotom-Wash|100/100
|switch|p2a: Rotom|Rotom-Wash|100/100
|turn|1
|
|t:|1709661283
|move|p1a: Rotom|Will-O-Wisp|p2a: Rotom|[miss]
|-miss|p1a: Rotom|p2a: Rotom
|move|p2a: Rotom|Volt Switch|p1a: Rotom
|-damage|p1a: Rotom|81/100
|
|t:|1709661286
|switch|p2a: Celebi|Celebi|100/100|[from] Volt Switch
|
|-heal|p1a: Rotom|87/100|[from] item: Leftovers
|upkeep
|turn|2
|
|t:|1709661294
|move|p2a: Celebi|Stealth Rock|p1a: Rotom
|-sidestart|p1: rarre|move: Stealth Rock
|move|p1a: Rotom|Volt Switch|p2a: Celebi
|-resisted|p2a: Celebi
|-damage|p2a: Celebi|92/100
|
|t:|1709661297
|switch|p1a: Metagross|Metagross|100/100|[from] Volt Switch
|-damage|p1a: Metagross|94/100|[from] Stealth Rock
|
|-heal|p2a: Celebi|99/100|[from] item: Leftovers
|upkeep
|turn|3
|
|t:|1709661304
|move|p2a: Celebi|Baton Pass|p2a: Celebi
|
|t:|1709661309
|switch|p2a: Landorus|Landorus-Therian, M|100/100|[from] Baton Pass
|-ability|p2a: Landorus|Intimidate|boost
|-fail|p1a: Metagross|unboost|[from] ability: Clear Body|[of] p1a: Metagross
|move|p1a: Metagross|Zen Headbutt|p2a: Landorus
|-damage|p2a: Landorus|16/100
|
|-heal|p2a: Landorus|22/100|[from] item: Leftovers
|upkeep
|turn|4
|
|t:|1709661317
|switch|p1a: Rotom|Rotom-Wash|87/100
|-damage|p1a: Rotom|74/100|[from] Stealth Rock
|move|p2a: Landorus|Earthquake|p1a: Rotom
|-immune|p1a: Rotom|[from] ability: Levitate
|
|-heal|p2a: Landorus|28/100|[from] item: Leftovers
|-heal|p1a: Rotom|80/100|[from] item: Leftovers
|upkeep
|turn|5
|
|t:|1709661327
|switch|p2a: Celebi|Celebi|99/100
|move|p1a: Rotom|Volt Switch|p2a: Celebi
|-resisted|p2a: Celebi
|-damage|p2a: Celebi|91/100
|
|t:|1709661334
|switch|p1a: Metagross|Metagross|94/100|[from] Volt Switch
|-damage|p1a: Metagross|88/100|[from] Stealth Rock
|
|-heal|p2a: Celebi|98/100|[from] item: Leftovers
|upkeep
|turn|6
|
|t:|1709661346
|move|p2a: Celebi|Baton Pass|p2a: Celebi
|
|t:|1709661350
|switch|p2a: Rotom|Rotom-Wash|100/100|[from] Baton Pass
|move|p1a: Metagross|Meteor Mash|p2a: Rotom
|-resisted|p2a: Rotom
|-damage|p2a: Rotom|82/100
|-boost|p1a: Metagross|atk|1
|
|-heal|p2a: Rotom|88/100|[from] item: Leftovers
|upkeep
|turn|7
|j| pokemonhugs
|
|t:|1709661356
|switch|p1a: Reuniclus|Reuniclus, F|100/100
|move|p2a: Rotom|Will-O-Wisp|p1a: Reuniclus
|-status|p1a: Reuniclus|brn
|
|-heal|p2a: Rotom|94/100|[from] item: Leftovers
|upkeep
|turn|8
|
|t:|1709661362
|move|p2a: Rotom|Volt Switch|p1a: Reuniclus
|-damage|p1a: Reuniclus|78/100 brn
|
|t:|1709661365
|switch|p2a: Celebi|Celebi|98/100|[from] Volt Switch
|move|p1a: Reuniclus|Focus Blast|p2a: Celebi
|-resisted|p2a: Celebi
|-damage|p2a: Celebi|87/100
|
|-heal|p2a: Celebi|93/100|[from] item: Leftovers
|-heal|p1a: Reuniclus|84/100 brn|[from] item: Leftovers
|upkeep
|turn|9
|
|t:|1709661368
|switch|p2a: Tyranitar|Tyranitar, M|100/100
|-weather|Sandstorm|[from] ability: Sand Stream|[of] p2a: Tyranitar
|move|p1a: Reuniclus|Calm Mind|p1a: Reuniclus
|-boost|p1a: Reuniclus|spa|1
|-boost|p1a: Reuniclus|spd|1
|
|-weather|Sandstorm|[upkeep]
|-heal|p1a: Reuniclus|91/100 brn|[from] item: Leftovers
|upkeep
|turn|10
|
|t:|1709661374
|move|p2a: Tyranitar|Crunch|p1a: Reuniclus
|-supereffective|p1a: Reuniclus
|-damage|p1a: Reuniclus|30/100 brn
|-unboost|p1a: Reuniclus|def|1
|move|p1a: Reuniclus|Focus Blast|p2a: Tyranitar|[miss]
|-miss|p1a: Reuniclus|p2a: Tyranitar
|
|-weather|Sandstorm|[upkeep]
|-heal|p1a: Reuniclus|36/100 brn|[from] item: Leftovers
|upkeep
|turn|11
|
|t:|1709661383
|move|p2a: Tyranitar|Pursuit|p1a: Reuniclus
|-supereffective|p1a: Reuniclus
|-damage|p1a: Reuniclus|0 fnt
|faint|p1a: Reuniclus
|
|-weather|Sandstorm|[upkeep]
|upkeep
|
|t:|1709661387
|switch|p1a: Excadrill|Excadrill, F|100/100
|-damage|p1a: Excadrill|97/100|[from] Stealth Rock
|turn|12
|
|t:|1709661395
|switch|p2a: Rotom|Rotom-Wash|94/100
|move|p1a: Excadrill|Iron Head|p2a: Rotom
|-resisted|p2a: Rotom
|-damage|p2a: Rotom|81/100
|
|-weather|Sandstorm|[upkeep]
|-damage|p2a: Rotom|75/100|[from] Sandstorm
|-heal|p1a: Excadrill|100/100|[from] item: Leftovers
|-heal|p2a: Rotom|81/100|[from] item: Leftovers
|upkeep
|turn|13
|
|t:|1709661400
|move|p1a: Excadrill|Rapid Spin|p2a: Rotom
|-damage|p2a: Rotom|75/100
|-sideend|p1: rarre|Stealth Rock|[from] move: Rapid Spin|[of] p1a: Excadrill
|move|p2a: Rotom|Will-O-Wisp|p1a: Excadrill
|-status|p1a: Excadrill|brn
|
|-weather|Sandstorm|[upkeep]
|-damage|p2a: Rotom|68/100|[from] Sandstorm
|-heal|p2a: Rotom|75/100|[from] item: Leftovers
|-damage|p1a: Excadrill|88/100 brn|[from] brn
|upkeep
|turn|14
|
|t:|1709661407
|switch|p1a: Latios|Latios, M|100/100
|move|p2a: Rotom|Will-O-Wisp|p1a: Latios
|-status|p1a: Latios|brn
|
|-weather|Sandstorm|[upkeep]
|-damage|p1a: Latios|95/100 brn|[from] Sandstorm
|-damage|p2a: Rotom|68/100|[from] Sandstorm
|-heal|p2a: Rotom|75/100|[from] item: Leftovers
|-damage|p1a: Latios|82/100 brn|[from] brn
|upkeep
|turn|15
|
|t:|1709661434
|switch|p2a: Tyranitar|Tyranitar, M|100/100
|move|p1a: Latios|Draco Meteor|p2a: Tyranitar
|-damage|p2a: Tyranitar|66/100
|-unboost|p1a: Latios|spa|2
|
|-weather|Sandstorm|[upkeep]
|-damage|p1a: Latios|76/100 brn|[from] Sandstorm
|-damage|p1a: Latios|64/100 brn|[from] brn
|upkeep
|turn|16
|
|t:|1709661441
|move|p1a: Latios|Draco Meteor|p2a: Tyranitar
|-damage|p2a: Tyranitar|49/100
|-unboost|p1a: Latios|spa|2
|move|p2a: Tyranitar|Pursuit|p1a: Latios
|-supereffective|p1a: Latios
|-damage|p1a: Latios|11/100 brn
|
|-weather|Sandstorm|[upkeep]
|-damage|p1a: Latios|5/100 brn|[from] Sandstorm
|-damage|p1a: Latios|0 fnt|[from] brn
|faint|p1a: Latios
|upkeep
|
|t:|1709661447
|switch|p1a: Metagross|Metagross|88/100
|turn|17
|
|t:|1709661459
|move|p1a: Metagross|Zen Headbutt|p2a: Tyranitar
|-immune|p2a: Tyranitar
|move|p2a: Tyranitar|Crunch|p1a: Metagross
|-crit|p1a: Metagross
|-damage|p1a: Metagross|9/100
|
|-weather|Sandstorm|[upkeep]
|upkeep
|turn|18
|
|t:|1709661462
|move|p1a: Metagross|Zen Headbutt|p2a: Tyranitar
|-immune|p2a: Tyranitar
|move|p2a: Tyranitar|Pursuit|p1a: Metagross
|-damage|p1a: Metagross|0 fnt
|faint|p1a: Metagross
|
|-weather|Sandstorm|[upkeep]
|upkeep
|
|t:|1709661465
|switch|p1a: Tyranitar|Tyranitar, F|100/100
|turn|19
|
|t:|1709661468
|move|p1a: Tyranitar|Stealth Rock|p2a: Tyranitar
|-sidestart|p2: night bliz|move: Stealth Rock
|move|p2a: Tyranitar|Superpower|p1a: Tyranitar
|-supereffective|p1a: Tyranitar
|-enditem|p1a: Tyranitar|Chople Berry|[eat]
|-enditem|p1a: Tyranitar|Chople Berry|[weaken]
|-damage|p1a: Tyranitar|38/100
|-unboost|p2a: Tyranitar|atk|1
|-unboost|p2a: Tyranitar|def|1
|
|-weather|Sandstorm|[upkeep]
|upkeep
|turn|20
|
|t:|1709661472
|move|p1a: Tyranitar|Superpower|p2a: Tyranitar
|-supereffective|p2a: Tyranitar
|-enditem|p2a: Tyranitar|Chople Berry|[eat]
|-enditem|p2a: Tyranitar|Chople Berry|[weaken]
|-damage|p2a: Tyranitar|0 fnt
|-unboost|p1a: Tyranitar|atk|1
|-unboost|p1a: Tyranitar|def|1
|faint|p2a: Tyranitar
|
|-weather|Sandstorm|[upkeep]
|upkeep
|
|t:|1709661479
|switch|p2a: Excadrill|Excadrill, F|100/100
|-damage|p2a: Excadrill|98/100|[from] Stealth Rock
|turn|21
|
|t:|1709661481
|move|p2a: Excadrill|Rapid Spin|p1a: Tyranitar
|-resisted|p1a: Tyranitar
|-damage|p1a: Tyranitar|34/100
|-sideend|p2: night bliz|Stealth Rock|[from] move: Rapid Spin|[of] p2a: Excadrill
|move|p1a: Tyranitar|Superpower|p2a: Excadrill
|-supereffective|p2a: Excadrill
|-damage|p2a: Excadrill|27/100
|-unboost|p1a: Tyranitar|atk|1
|-unboost|p1a: Tyranitar|def|1
|
|-weather|Sandstorm|[upkeep]
|-heal|p2a: Excadrill|33/100|[from] item: Leftovers
|upkeep
|turn|22
|
|t:|1709661485
|switch|p1a: Rotom|Rotom-Wash|80/100
|move|p2a: Excadrill|Iron Head|p1a: Rotom
|-resisted|p1a: Rotom
|-damage|p1a: Rotom|67/100
|
|-weather|Sandstorm|[upkeep]
|-damage|p1a: Rotom|61/100|[from] Sandstorm
|-heal|p2a: Excadrill|39/100|[from] item: Leftovers
|-heal|p1a: Rotom|67/100|[from] item: Leftovers
|upkeep
|turn|23
|
|t:|1709661490
|switch|p2a: Celebi|Celebi|93/100
|move|p1a: Rotom|Hydro Pump|p2a: Celebi
|-resisted|p2a: Celebi
|-damage|p2a: Celebi|80/100
|
|-weather|Sandstorm|[upkeep]
|-damage|p2a: Celebi|74/100|[from] Sandstorm
|-damage|p1a: Rotom|61/100|[from] Sandstorm
|-heal|p2a: Celebi|80/100|[from] item: Leftovers
|-heal|p1a: Rotom|67/100|[from] item: Leftovers
|upkeep
|turn|24
|
|t:|1709661495
|move|p2a: Celebi|Stealth Rock|p1a: Rotom
|-sidestart|p1: rarre|move: Stealth Rock
|move|p1a: Rotom|Pain Split|p2a: Celebi
|-sethp|p2a: Celebi|65/100|[from] move: Pain Split|[silent]
|-sethp|p1a: Rotom|87/100|[from] move: Pain Split
|
|-weather|Sandstorm|[upkeep]
|-damage|p2a: Celebi|59/100|[from] Sandstorm
|-damage|p1a: Rotom|81/100|[from] Sandstorm
|-heal|p2a: Celebi|65/100|[from] item: Leftovers
|-heal|p1a: Rotom|87/100|[from] item: Leftovers
|upkeep
|turn|25
|
|t:|1709661499
|move|p2a: Celebi|Psychic|p1a: Rotom
|-damage|p1a: Rotom|62/100
|move|p1a: Rotom|Will-O-Wisp|p2a: Celebi|[miss]
|-miss|p1a: Rotom|p2a: Celebi
|
|-weather|Sandstorm|[upkeep]
|-damage|p2a: Celebi|59/100|[from] Sandstorm
|-damage|p1a: Rotom|56/100|[from] Sandstorm
|-heal|p2a: Celebi|65/100|[from] item: Leftovers
|-heal|p1a: Rotom|62/100|[from] item: Leftovers
|upkeep
|turn|26
|
|t:|1709661502
|move|p2a: Celebi|Recover|p2a: Celebi
|-heal|p2a: Celebi|100/100
|move|p1a: Rotom|Volt Switch|p2a: Celebi
|-resisted|p2a: Celebi
|-damage|p2a: Celebi|93/100
|
|t:|1709661504
|switch|p1a: Tyranitar|Tyranitar, F|34/100|[from] Volt Switch
|-damage|p1a: Tyranitar|22/100|[from] Stealth Rock
|
|-weather|Sandstorm|[upkeep]
|-damage|p2a: Celebi|87/100|[from] Sandstorm
|-heal|p2a: Celebi|93/100|[from] item: Leftovers
|upkeep
|turn|27
|
|t:|1709661506
|move|p2a: Celebi|Baton Pass|p2a: Celebi
|
|t:|1709661508
|switch|p2a: Landorus|Landorus-Therian, M|28/100|[from] Baton Pass
|-ability|p2a: Landorus|Intimidate|boost
|-unboost|p1a: Tyranitar|atk|1
|move|p1a: Tyranitar|Crunch|p2a: Landorus
|-damage|p2a: Landorus|0 fnt
|faint|p2a: Landorus
|
|-weather|Sandstorm|[upkeep]
|upkeep
|
|t:|1709661513
|switch|p2a: Excadrill|Excadrill, F|39/100
|turn|28
|
|t:|1709661516
|move|p2a: Excadrill|Iron Head|p1a: Tyranitar
|-supereffective|p1a: Tyranitar
|-damage|p1a: Tyranitar|0 fnt
|faint|p1a: Tyranitar
|
|-weather|Sandstorm|[upkeep]
|-heal|p2a: Excadrill|45/100|[from] item: Leftovers
|upkeep
|
|t:|1709661517
|switch|p1a: Rotom|Rotom-Wash|62/100
|-damage|p1a: Rotom|50/100|[from] Stealth Rock
|turn|29
|
|t:|1709661522
|move|p2a: Excadrill|Iron Head|p1a: Rotom
|-resisted|p1a: Rotom
|-crit|p1a: Rotom
|-damage|p1a: Rotom|24/100
|move|p1a: Rotom|Pain Split|p2a: Excadrill
|-sethp|p2a: Excadrill|32/100|[from] move: Pain Split|[silent]
|-sethp|p1a: Rotom|39/100|[from] move: Pain Split
|
|-weather|Sandstorm|[upkeep]
|-damage|p1a: Rotom|34/100|[from] Sandstorm
|-heal|p2a: Excadrill|39/100|[from] item: Leftovers
|-heal|p1a: Rotom|39/100|[from] item: Leftovers
|upkeep
|turn|30
|
|t:|1709661524
|move|p2a: Excadrill|Iron Head|p1a: Rotom
|-resisted|p1a: Rotom
|-damage|p1a: Rotom|26/100
|cant|p1a: Rotom|flinch
|
|-weather|Sandstorm|[upkeep]
|-damage|p1a: Rotom|20/100|[from] Sandstorm
|-heal|p2a: Excadrill|45/100|[from] item: Leftovers
|-heal|p1a: Rotom|26/100|[from] item: Leftovers
|upkeep
|turn|31
|
|t:|1709661527
|move|p2a: Excadrill|Iron Head|p1a: Rotom
|-resisted|p1a: Rotom
|-damage|p1a: Rotom|13/100
|cant|p1a: Rotom|flinch
|
|-weather|Sandstorm|[upkeep]
|-damage|p1a: Rotom|7/100|[from] Sandstorm
|-heal|p2a: Excadrill|51/100|[from] item: Leftovers
|-heal|p1a: Rotom|13/100|[from] item: Leftovers
|upkeep
|turn|32
|
|t:|1709661528
|move|p2a: Excadrill|Iron Head|p1a: Rotom
|-resisted|p1a: Rotom
|-damage|p1a: Rotom|0 fnt
|faint|p1a: Rotom
|
|-weather|Sandstorm|[upkeep]
|-heal|p2a: Excadrill|57/100|[from] item: Leftovers
|upkeep
|c|☆night bliz|sry
|
|t:|1709661531
|switch|p1a: Excadrill|Excadrill, F|88/100 brn
|-damage|p1a: Excadrill|85/100 brn|[from] Stealth Rock
|turn|33
|
|t:|1709661533
|move|p1a: Excadrill|Earthquake|p2a: Excadrill
|-supereffective|p2a: Excadrill
|-crit|p2a: Excadrill
|-damage|p2a: Excadrill|0 fnt
|faint|p2a: Excadrill
|
|-weather|Sandstorm|[upkeep]
|-heal|p1a: Excadrill|91/100 brn|[from] item: Leftovers
|-damage|p1a: Excadrill|79/100 brn|[from] brn
|upkeep
|
|t:|1709661535
|switch|p2a: Garchomp|Garchomp, M|100/100
|turn|34
|
|t:|1709661537
|move|p2a: Garchomp|Earthquake|p1a: Excadrill
|-supereffective|p1a: Excadrill
|-crit|p1a: Excadrill
|-damage|p1a: Excadrill|0 fnt
|faint|p1a: Excadrill
|
|win|night bliz
|raw|rarre's rating: 1401 &rarr; <strong>1384</strong><br />(-17 for losing)
|raw|night bliz's rating: 1459 &rarr; <strong>1476</strong><br />(+17 for winning)
|l|☆rarre
|player|p1|
|l|☆night bliz
|player|p2|
