|j|☆fatyfatty
|j|☆xanatosss gambit
|t:|1748982911
|gametype|singles
|player|p1|fatyfatty|2|1462
|player|p2|xanatosss gambit|ethan-gen2|1594
|teamsize|p1|6
|teamsize|p2|6
|gen|5
|tier|[Gen 5] OU
|rated|
|rule|Species Clause: Limit one of each Pokémon
|rule|OHKO Clause: OHKO moves are banned
|rule|Moody Clause: Moody is banned
|rule|Evasion Items Clause: Evasion items are banned
|rule|Evasion Moves Clause: Evasion moves are banned
|rule|Endless Battle Clause: Forcing endless battles is banned
|rule|HP Percentage Mod: HP is shown in percentages
|rule|Evasion Abilities Clause: Evasion abilities are banned
|rule|Sleep Moves Clause: Sleep-inducing moves are banned
|rule|Swagger Clause: Swagger is banned
|rule|Baton Pass Stat Clause: No Baton Passer may have a way to boost its stats
|clearpoke
|poke|p1|Hippowdon, M|item
|poke|p1|Tyranitar, F|item
|poke|p1|Skarmory, M|item
|poke|p1|Reuniclus, M|item
|poke|p1|Amoonguss, M|item
|poke|p1|Poliwrath, M|item
|poke|p2|Aerodactyl, F|item
|poke|p2|Breloom, F|item
|poke|p2|Garchomp, F|item
|poke|p2|Latios, M|item
|poke|p2|Lucario, F|item
|poke|p2|Scizor, F|item
|teampreview
|inactive|Battle timer is ON: inactive players will automatically lose when time's up. (requested by fatyfatty)
|
|t:|1748982934
|start
|switch|p1a: PoliCorrupto|Poliwrath, M|100/100
|switch|p2a: Aerodactyl|Aerodactyl, F|100/100
|-ability|p2a: Aerodactyl|Pressure
|turn|1
|c|☆xanatosss gambit|ur a pain with those teams
|
|t:|1748982944
|move|p2a: Aerodactyl|Stealth Rock|p1a: PoliCorrupto
|-sidestart|p1: fatyfatty|move: Stealth Rock
|move|p1a: PoliCorrupto|Scald|p2a: Aerodactyl
|-supereffective|p2a: Aerodactyl
|-damage|p2a: Aerodactyl|42/100
|
|upkeep
|turn|2
|c|☆fatyfatty|i know
|
|t:|1748982951
|move|p2a: Aerodactyl|Double-Edge|p1a: PoliCorrupto
|-damage|p1a: PoliCorrupto|74/100
|-damage|p2a: Aerodactyl|31/100|[from] Recoil
|move|p1a: PoliCorrupto|Circle Throw|p2a: Aerodactyl
|-damage|p2a: Aerodactyl|4/100
|drag|p2a: Breloom|Breloom, F, shiny|100/100
|
|-heal|p1a: PoliCorrupto|80/100|[from] item: Leftovers
|upkeep
|turn|3
|
|t:|1748982958
|switch|p1a: Acerondor|Skarmory, M|100/100
|-damage|p1a: Acerondor|88/100|[from] Stealth Rock
|move|p2a: Breloom|Swords Dance|p2a: Breloom
|-boost|p2a: Breloom|atk|2
|
|upkeep
|turn|4
|
|t:|1748982961
|move|p2a: Breloom|Low Sweep|p1a: Acerondor
|-damage|p1a: Acerondor|9/100
|-unboost|p1a: Acerondor|spe|1
|-damage|p2a: Breloom|84/100|[from] item: Rocky Helmet|[of] p1a: Acerondor
|move|p1a: Acerondor|Brave Bird|p2a: Breloom
|-supereffective|p2a: Breloom
|-damage|p2a: Breloom|0 fnt
|faint|p2a: Breloom
|-damage|p1a: Acerondor|0 fnt|[from] Recoil
|faint|p1a: Acerondor
|
|upkeep
|
|t:|1748982987
|switch|p2a: Aerodactyl|Aerodactyl, F|4/100
|switch|p1a: Hippo|Hippowdon, M|100/100
|-ability|p2a: Aerodactyl|Pressure
|-damage|p1a: Hippo|94/100|[from] Stealth Rock
|-weather|Sandstorm|[from] ability: Sand Stream|[of] p1a: Hippo
|turn|5
|
|t:|1748982991
|move|p2a: Aerodactyl|Taunt|p1a: Hippo
|-start|p1a: Hippo|move: Taunt
|cant|p1a: Hippo|move: Taunt|Stealth Rock
|
|-weather|Sandstorm|[upkeep]
|upkeep
|turn|6
|
|t:|1748983010
|move|p2a: Aerodactyl|Earthquake|p1a: Hippo
|-damage|p1a: Hippo|76/100
|move|p1a: Hippo|Earthquake|p2a: Aerodactyl
|-immune|p2a: Aerodactyl
|
|-weather|Sandstorm|[upkeep]
|upkeep
|turn|7
|
|t:|1748983014
|move|p2a: Aerodactyl|Earthquake|p1a: Hippo
|-damage|p1a: Hippo|60/100
|move|p1a: Hippo|Earthquake|p2a: Aerodactyl
|-immune|p2a: Aerodactyl
|
|-weather|Sandstorm|[upkeep]
|-end|p1a: Hippo|move: Taunt
|upkeep
|turn|8
|
|t:|1748983017
|switch|p1a: Psicopata|Reuniclus, M|100/100
|move|p2a: Aerodactyl|Earthquake|p1a: Psicopata
|-damage|p1a: Psicopata|80/100
|
|-weather|Sandstorm|[upkeep]
|upkeep
|turn|9
|
|t:|1748983022
|move|p2a: Aerodactyl|Taunt|p1a: Psicopata
|-start|p1a: Psicopata|move: Taunt
|move|p1a: Psicopata|Psyshock|p2a: Aerodactyl
|-damage|p2a: Aerodactyl|0 fnt
|faint|p2a: Aerodactyl
|
|-weather|Sandstorm|[upkeep]
|upkeep
|
|t:|1748983035
|switch|p2a: Garchomp|Garchomp, F|100/100
|turn|10
|
|t:|1748983037
|move|p2a: Garchomp|Swords Dance|p2a: Garchomp
|-boost|p2a: Garchomp|atk|2
|move|p1a: Psicopata|Hidden Power|p2a: Garchomp
|-supereffective|p2a: Garchomp
|-damage|p2a: Garchomp|13/100
|-enditem|p2a: Garchomp|Salac Berry|[eat]
|-boost|p2a: Garchomp|spe|1|[from] item: Salac Berry
|
|-weather|Sandstorm|[upkeep]
|upkeep
|turn|11
|
|t:|1748983048
|move|p2a: Garchomp|Earthquake|p1a: Psicopata
|-damage|p1a: Psicopata|2/100
|move|p1a: Psicopata|Hidden Power|p2a: Garchomp
|-supereffective|p2a: Garchomp
|-damage|p2a: Garchomp|0 fnt
|faint|p2a: Garchomp
|
|-weather|Sandstorm|[upkeep]
|-end|p1a: Psicopata|move: Taunt
|upkeep
|c|☆xanatosss gambit|lol
|c|☆xanatosss gambit|ur evil
|c|☆fatyfatty|xD
|
|t:|1748983061
|switch|p2a: Scizor|Scizor, F|100/100
|turn|12
|
|t:|1748983067
|switch|p1a: PoliCorrupto|Poliwrath, M|80/100
|-damage|p1a: PoliCorrupto|74/100|[from] Stealth Rock
|move|p2a: Scizor|Swords Dance|p2a: Scizor
|-boost|p2a: Scizor|atk|2
|
|-weather|Sandstorm|[upkeep]
|-damage|p1a: PoliCorrupto|68/100|[from] Sandstorm
|-heal|p1a: PoliCorrupto|74/100|[from] item: Leftovers
|upkeep
|turn|13
|
|t:|1748983077
|move|p2a: Scizor|Superpower|p1a: PoliCorrupto
|-damage|p1a: PoliCorrupto|0 fnt
|-unboost|p2a: Scizor|atk|1
|-unboost|p2a: Scizor|def|1
|faint|p1a: PoliCorrupto
|-damage|p2a: Scizor|91/100|[from] item: Life Orb
|
|-weather|Sandstorm|[upkeep]
|upkeep
|
|t:|1748983081
|switch|p1a: Hippo|Hippowdon, M|60/100
|-damage|p1a: Hippo|54/100|[from] Stealth Rock
|turn|14
|
|t:|1748983085
|move|p2a: Scizor|Superpower|p1a: Hippo
|-damage|p1a: Hippo|2/100
|-unboost|p2a: Scizor|atk|1
|-unboost|p2a: Scizor|def|1
|-damage|p2a: Scizor|74/100|[from] item: Rocky Helmet|[of] p1a: Hippo
|-damage|p2a: Scizor|64/100|[from] item: Life Orb
|move|p1a: Hippo|Slack Off|p1a: Hippo
|-heal|p1a: Hippo|52/100
|
|-weather|Sandstorm|[upkeep]
|upkeep
|turn|15
|
|t:|1748983091
|switch|p2a: Latios|Latios, M, shiny|100/100
|move|p1a: Hippo|Slack Off|p1a: Hippo
|-heal|p1a: Hippo|100/100
|
|-weather|Sandstorm|[upkeep]
|-damage|p2a: Latios|95/100|[from] Sandstorm
|upkeep
|turn|16
|
|t:|1748983094
|switch|p1a: Mr. Seton|Amoonguss, M|100/100
|-damage|p1a: Mr. Seton|88/100|[from] Stealth Rock
|move|p2a: Latios|Surf|p1a: Mr. Seton
|-resisted|p1a: Mr. Seton
|-damage|p1a: Mr. Seton|75/100
|
|-weather|Sandstorm|[upkeep]
|-damage|p2a: Latios|89/100|[from] Sandstorm
|-damage|p1a: Mr. Seton|69/100|[from] Sandstorm
|-heal|p1a: Mr. Seton|75/100|[from] item: Black Sludge
|upkeep
|turn|17
|
|t:|1748983097
|switch|p2a: Scizor|Scizor, F|64/100
|move|p1a: Mr. Seton|Stun Spore|p2a: Scizor
|-status|p2a: Scizor|par
|
|-weather|Sandstorm|[upkeep]
|-damage|p1a: Mr. Seton|69/100|[from] Sandstorm
|-heal|p1a: Mr. Seton|75/100|[from] item: Black Sludge
|upkeep
|turn|18
|
|t:|1748983101
|move|p2a: Scizor|Bullet Punch|p1a: Mr. Seton
|-damage|p1a: Mr. Seton|35/100
|-damage|p2a: Scizor|54/100 par|[from] item: Life Orb
|move|p1a: Mr. Seton|Hidden Power|p2a: Scizor
|-supereffective|p2a: Scizor
|-damage|p2a: Scizor|0 fnt
|faint|p2a: Scizor
|
|-weather|Sandstorm|[upkeep]
|-damage|p1a: Mr. Seton|29/100|[from] Sandstorm
|-heal|p1a: Mr. Seton|35/100|[from] item: Black Sludge
|upkeep
|
|t:|1748983104
|switch|p2a: Lucario|Lucario, F|100/100
|turn|19
|c|☆xanatosss gambit|gg
|
|t:|1748983111
|switch|p1a: Hippo|Hippowdon, M|100/100
|-damage|p1a: Hippo|94/100|[from] Stealth Rock
|move|p2a: Lucario|Swords Dance|p2a: Lucario
|-boost|p2a: Lucario|atk|2
|
|-weather|Sandstorm|[upkeep]
|upkeep
|turn|20
|c|☆xanatosss gambit|scarf ttar
|c|☆xanatosss gambit|right
|c|☆xanatosss gambit|?
|c|☆fatyfatty|ya
|
|t:|1748983117
|move|p2a: Lucario|Close Combat|p1a: Hippo
|-damage|p1a: Hippo|2/100
|-unboost|p2a: Lucario|def|1
|-unboost|p2a: Lucario|spd|1
|-damage|p2a: Lucario|84/100|[from] item: Rocky Helmet|[of] p1a: Hippo
|-damage|p2a: Lucario|74/100|[from] item: Life Orb
|move|p1a: Hippo|Earthquake|p2a: Lucario
|-supereffective|p2a: Lucario
|-damage|p2a: Lucario|0 fnt
|faint|p2a: Lucario
|
|-weather|Sandstorm|[upkeep]
|upkeep
|
|t:|1748983119
|switch|p2a: Latios|Latios, M, shiny|89/100
|turn|21
|c|☆xanatosss gambit|ye gg
|
|t:|1748983125
|move|p2a: Latios|Psyshock|p1a: Hippo
|-damage|p1a: Hippo|0 fnt
|faint|p1a: Hippo
|
|-weather|Sandstorm|[upkeep]
|-damage|p2a: Latios|83/100|[from] Sandstorm
|upkeep
|-message|xanatosss gambit forfeited.
|
|win|fatyfatty
|raw|fatyfatty's rating: 1462 &rarr; <strong>1489</strong><br />(+27 for winning)
|raw|xanatosss gambit's rating: 1594 &rarr; <strong>1567</strong><br />(-27 for losing)
|l|☆xanatosss gambit
|player|p2|
