|j|☆BWVC BookofConke
|j|☆BWC kyubthagod
|t:|1714590149
|gametype|singles
|player|p1|BWVC BookofConke|silver|1386
|player|p2|BWC kyubthagod|scientist-gen2|1400
|teamsize|p1|6
|teamsize|p2|6
|gen|5
|tier|[Gen 5] OU
|rated|
|rule|Species Clause: Limit one of each Pokémon
|rule|OHKO Clause: OHKO moves are banned
|rule|Moody Clause: Moody is banned
|rule|Evasion Items Clause: Evasion items are banned
|rule|Evasion Moves Clause: Evasion moves are banned
|rule|Endless Battle Clause: Forcing endless battles is banned
|rule|HP Percentage Mod: HP is shown in percentages
|rule|Evasion Abilities Clause: Evasion abilities are banned
|rule|Sleep Moves Clause: Sleep-inducing moves are banned
|rule|Swagger Clause: Swagger is banned
|rule|Baton Pass Stat Clause: No Baton Passer may have a way to boost its stats
|clearpoke
|poke|p1|Kyurem-Black|item
|poke|p1|Latios, M|item
|poke|p1|Garchomp, M|item
|poke|p1|Magnezone|item
|poke|p1|Reuniclus, F|item
|poke|p1|Jirachi|item
|poke|p2|Abomasnow, F|item
|poke|p2|Latios, M|item
|poke|p2|Garchomp, F|item
|poke|p2|Jirachi|item
|poke|p2|Cloyster, F|item
|poke|p2|Kyurem-Black|item
|teampreview
|inactive|Battle timer is ON: inactive players will automatically lose when time's up. (requested by BWC kyubthagod)
|inactive|BWC kyubthagod has 120 seconds left.
|
|t:|1714590181
|start
|switch|p1a: Kyurem|Kyurem-Black|100/100
|switch|p2a: Abomasnow|Abomasnow, F|100/100
|-ability|p1a: Kyurem|Teravolt
|-weather|Hail|[from] ability: Snow Warning|[of] p2a: Abomasnow
|turn|1
|
|t:|1714590188
|move|p1a: Kyurem|Outrage|p2a: Abomasnow
|-enditem|p2a: Abomasnow|Focus Sash
|-damage|p2a: Abomasnow|1/100
|move|p2a: Abomasnow|Blizzard|p1a: Kyurem
|-damage|p1a: Kyurem|48/100
|
|-weather|Hail|[upkeep]
|upkeep
|turn|2
|
|t:|1714590209
|move|p2a: Abomasnow|Ice Shard|p1a: Kyurem
|-damage|p1a: Kyurem|38/100
|move|p1a: Kyurem|Outrage|p2a: Abomasnow|[from]lockedmove
|-damage|p2a: Abomasnow|0 fnt
|faint|p2a: Abomasnow
|
|-weather|Hail|[upkeep]
|upkeep
|inactive|BWC kyubthagod has 120 seconds left.
|inactive|BWC kyubthagod has 90 seconds left.
|inactive|BWC kyubthagod has 60 seconds left.
|
|t:|1714590297
|switch|p2a: Latios|Latios, M|100/100
|turn|3
|
|t:|1714590306
|move|p2a: Latios|Draco Meteor|p1a: Kyurem
|-supereffective|p1a: Kyurem
|-damage|p1a: Kyurem|0 fnt
|-unboost|p2a: Latios|spa|2
|faint|p1a: Kyurem
|
|-weather|Hail|[upkeep]
|-damage|p2a: Latios|94/100|[from] Hail
|upkeep
|
|t:|1714590313
|switch|p1a: Jirachi|Jirachi|100/100
|turn|4
|
|t:|1714590316
|switch|p2a: Jirachi|Jirachi|100/100
|move|p1a: Jirachi|Stealth Rock|p2a: Jirachi
|-sidestart|p2: BWC kyubthagod|move: Stealth Rock
|
|-weather|Hail|[upkeep]
|-damage|p2a: Jirachi|94/100|[from] Hail
|-damage|p1a: Jirachi|94/100|[from] Hail
|-heal|p1a: Jirachi|100/100|[from] item: Leftovers
|upkeep
|turn|5
|
|t:|1714590326
|move|p2a: Jirachi|Stealth Rock|p1a: Jirachi
|-sidestart|p1: BWVC BookofConke|move: Stealth Rock
|move|p1a: Jirachi|U-turn|p2a: Jirachi
|-crit|p2a: Jirachi
|-damage|p2a: Jirachi|68/100
|
|t:|1714590339
|switch|p1a: Garchomp|Garchomp, M|100/100|[from] U-turn
|-damage|p1a: Garchomp|94/100|[from] Stealth Rock
|
|-weather|Hail|[upkeep]
|-damage|p1a: Garchomp|88/100|[from] Hail
|-damage|p2a: Jirachi|62/100|[from] Hail
|upkeep
|turn|6
|
|t:|1714590351
|move|p1a: Garchomp|Earthquake|p2a: Jirachi
|-supereffective|p2a: Jirachi
|-damage|p2a: Jirachi|0 fnt
|faint|p2a: Jirachi
|
|-weather|Hail|[upkeep]
|-damage|p1a: Garchomp|82/100|[from] Hail
|upkeep
|inactive|BWC kyubthagod has 90 seconds left.
|
|t:|1714590382
|switch|p2a: Cloyster|Cloyster, F|100/100
|-damage|p2a: Cloyster|76/100|[from] Stealth Rock
|turn|7
|
|t:|1714590387
|switch|p1a: Magnezone|Magnezone|100/100
|-damage|p1a: Magnezone|94/100|[from] Stealth Rock
|-item|p1a: Magnezone|Air Balloon
|move|p2a: Cloyster|Shell Smash|p2a: Cloyster
|-unboost|p2a: Cloyster|def|1
|-unboost|p2a: Cloyster|spd|1
|-boost|p2a: Cloyster|atk|2
|-boost|p2a: Cloyster|spa|2
|-boost|p2a: Cloyster|spe|2
|
|-weather|Hail|[upkeep]
|-damage|p1a: Magnezone|88/100|[from] Hail
|upkeep
|turn|8
|
|t:|1714590403
|move|p2a: Cloyster|Icicle Spear|p1a: Magnezone
|-resisted|p1a: Magnezone
|-damage|p1a: Magnezone|73/100
|-enditem|p1a: Magnezone|Air Balloon
|-resisted|p1a: Magnezone
|-damage|p1a: Magnezone|57/100
|-resisted|p1a: Magnezone
|-damage|p1a: Magnezone|43/100
|-resisted|p1a: Magnezone
|-damage|p1a: Magnezone|29/100
|-resisted|p1a: Magnezone
|-damage|p1a: Magnezone|16/100
|-hitcount|p1a: Magnezone|5
|move|p1a: Magnezone|Flash Cannon|p2a: Cloyster
|-damage|p2a: Cloyster|0 fnt
|faint|p2a: Cloyster
|
|-weather|Hail|[upkeep]
|-damage|p1a: Magnezone|9/100|[from] Hail
|upkeep
|inactive|BWC kyubthagod has 60 seconds left.
|
|t:|1714590433
|switch|p2a: Kyurem|Kyurem-Black|100/100
|-damage|p2a: Kyurem|76/100|[from] Stealth Rock
|-ability|p2a: Kyurem|Teravolt
|turn|9
|
|t:|1714590444
|move|p2a: Kyurem|Substitute|p2a: Kyurem
|-start|p2a: Kyurem|Substitute
|-damage|p2a: Kyurem|51/100
|move|p1a: Magnezone|Flash Cannon|p2a: Kyurem
|-supereffective|p2a: Kyurem
|-end|p2a: Kyurem|Substitute
|
|-weather|Hail|[upkeep]
|-damage|p1a: Magnezone|3/100|[from] Hail
|upkeep
|turn|10
|
|t:|1714590451
|move|p2a: Kyurem|Substitute|p2a: Kyurem
|-start|p2a: Kyurem|Substitute
|-damage|p2a: Kyurem|26/100
|move|p1a: Magnezone|Flash Cannon|p2a: Kyurem
|-supereffective|p2a: Kyurem
|-end|p2a: Kyurem|Substitute
|
|-weather|Hail|[upkeep]
|-damage|p1a: Magnezone|0 fnt|[from] Hail
|faint|p1a: Magnezone
|upkeep
|
|t:|1714590478
|switch|p1a: Latios|Latios, M|100/100
|-damage|p1a: Latios|88/100|[from] Stealth Rock
|turn|11
|
|t:|1714590493
|move|p1a: Latios|Draco Meteor|p2a: Kyurem
|-supereffective|p2a: Kyurem
|-damage|p2a: Kyurem|0 fnt
|-unboost|p1a: Latios|spa|2
|faint|p2a: Kyurem
|
|-weather|Hail|[upkeep]
|-damage|p1a: Latios|82/100|[from] Hail
|upkeep
|
|t:|1714590498
|switch|p2a: Garchomp|Garchomp, F|100/100
|-damage|p2a: Garchomp|94/100|[from] Stealth Rock
|turn|12
|
|t:|1714590509
|move|p2a: Garchomp|Dual Chop|p1a: Latios|[miss]
|-miss|p2a: Garchomp|p1a: Latios
|move|p1a: Latios|Draco Meteor|p2a: Garchomp
|-supereffective|p2a: Garchomp
|-damage|p2a: Garchomp|0 fnt
|-unboost|p1a: Latios|spa|2
|faint|p2a: Garchomp
|
|-weather|Hail|[upkeep]
|-damage|p1a: Latios|76/100|[from] Hail
|upkeep
|
|t:|1714590513
|switch|p2a: Latios|Latios, M|94/100
|-damage|p2a: Latios|82/100|[from] Stealth Rock
|turn|13
|
|t:|1714590521
|move|p1a: Latios|Draco Meteor|p2a: Latios|[miss]
|-miss|p1a: Latios|p2a: Latios
|move|p2a: Latios|Roost|p2a: Latios
|-heal|p2a: Latios|100/100
|-singleturn|p2a: Latios|move: Roost
|
|-weather|Hail|[upkeep]
|-damage|p1a: Latios|70/100|[from] Hail
|-damage|p2a: Latios|94/100|[from] Hail
|upkeep
|turn|14
|
|t:|1714590537
|switch|p1a: Jirachi|Jirachi|100/100
|-damage|p1a: Jirachi|94/100|[from] Stealth Rock
|move|p2a: Latios|Roost|p2a: Latios
|-heal|p2a: Latios|100/100
|-singleturn|p2a: Latios|move: Roost
|
|-weather|Hail|[upkeep]
|-damage|p2a: Latios|94/100|[from] Hail
|-damage|p1a: Jirachi|88/100|[from] Hail
|-heal|p1a: Jirachi|94/100|[from] item: Leftovers
|upkeep
|turn|15
|
|t:|1714590547
|move|p2a: Latios|Hidden Power|p1a: Jirachi
|-supereffective|p1a: Jirachi
|-damage|p1a: Jirachi|63/100
|move|p1a: Jirachi|Body Slam|p2a: Latios
|-damage|p2a: Latios|66/100
|
|-weather|Hail|[upkeep]
|-damage|p2a: Latios|60/100|[from] Hail
|-damage|p1a: Jirachi|57/100|[from] Hail
|-heal|p1a: Jirachi|63/100|[from] item: Leftovers
|upkeep
|turn|16
|inactive|BWC kyubthagod has 120 seconds left.
|
|t:|1714590556
|move|p2a: Latios|Hidden Power|p1a: Jirachi
|-supereffective|p1a: Jirachi
|-damage|p1a: Jirachi|35/100
|move|p1a: Jirachi|Body Slam|p2a: Latios
|-damage|p2a: Latios|35/100
|-status|p2a: Latios|par
|
|-weather|Hail|[upkeep]
|-damage|p1a: Jirachi|29/100|[from] Hail
|-damage|p2a: Latios|29/100 par|[from] Hail
|-heal|p1a: Jirachi|35/100|[from] item: Leftovers
|upkeep
|turn|17
|inactive|BWC kyubthagod has 120 seconds left.
|
|t:|1714590566
|move|p1a: Jirachi|Iron Head|p2a: Latios
|-damage|p2a: Latios|0 fnt
|faint|p2a: Latios
|
|win|BWVC BookofConke
|raw|BWVC BookofConke's rating: 1386 &rarr; <strong>1407</strong><br />(+21 for winning)
|raw|BWC kyubthagod's rating: 1400 &rarr; <strong>1379</strong><br />(-21 for losing)
|l|☆BWC kyubthagod
|player|p2|
