|j|☆tohki
|j|☆Concept of Water
|player|p1|tohki|34
|player|p2|Concept of Water|80
|teamsize|p1|6
|teamsize|p2|6
|gametype|singles
|gen|5
|tier|[Gen 5] OU
|rated|
|rule|Sleep Clause Mod: Limit one foe put to sleep
|rule|Species Clause: Limit one of each Pokémon
|rule|OHKO Clause: OHKO moves are banned
|rule|Moody Clause: Moody is banned
|rule|Evasion Moves Clause: Evasion moves are banned
|rule|Endless Battle Clause: Forcing endless battles is banned
|rule|HP Percentage Mod: HP is shown in percentages
|rule|Evasion Abilities Clause: Evasion abilities are banned
|rule|Baton Pass Clause: Limit one Baton Passer, can't pass Spe and other stats simultaneously
|rule|Swagger Clause: Swagger is banned
|clearpoke
|poke|p1|Politoed, F|item
|poke|p1|Xatu, M|item
|poke|p1|Diglett, F|item
|poke|p1|Garchomp, M|item
|poke|p1|Moltres|item
|poke|p1|Jirachi|item
|poke|p2|Tangrowth, F|item
|poke|p2|Terrakion|item
|poke|p2|Slowking, M|item
|poke|p2|Tyranitar, M|item
|poke|p2|Excadrill, M|item
|poke|p2|Latios, M|item
|teampreview
|c|☆tohki|gl hf
|
|start
|switch|p1a: Politoed|Politoed, F|100/100
|switch|p2a: Latios|Latios, M|100/100
|-weather|RainDance|[from] ability: Drizzle|[of] p1a: Politoed
|turn|1
|c|☆Concept of Water|i hate you
|c|☆tohki|understandable
|
|switch|p1a: Jirachi|Jirachi|100/100
|move|p2a: Latios|Surf|p1a: Jirachi
|-damage|p1a: Jirachi|39/100
|
|-weather|RainDance|[upkeep]
|-heal|p1a: Jirachi|45/100|[from] item: Leftovers
|upkeep
|turn|2
|
|switch|p1a: Politoed|Politoed, F|100/100
|move|p2a: Latios|Surf|p1a: Politoed
|-resisted|p1a: Politoed
|-damage|p1a: Politoed|67/100
|
|-weather|RainDance|[upkeep]
|upkeep
|turn|3
|
|switch|p2a: Slowking|Slowking, M|100/100
|move|p1a: Politoed|Hidden Power|p2a: Slowking
|-supereffective|p2a: Slowking
|-damage|p2a: Slowking|54/100
|-enditem|p2a: Slowking|Eject Button
|
|switch|p2a: Tyranitar|Tyranitar, M|100/100
|-weather|Sandstorm|[from] ability: Sand Stream|[of] p2a: Tyranitar
|
|-weather|Sandstorm|[upkeep]
|-damage|p1a: Politoed|61/100|[from] Sandstorm
|upkeep
|turn|4
|
|switch|p1a: Xatu|Xatu, M|100/100
|move|p2a: Tyranitar|Crunch|p1a: Xatu
|-supereffective|p1a: Xatu
|-damage|p1a: Xatu|15/100
|-unboost|p1a: Xatu|def|1
|
|-weather|Sandstorm|[upkeep]
|-damage|p1a: Xatu|9/100|[from] Sandstorm
|-heal|p1a: Xatu|15/100|[from] item: Leftovers
|upkeep
|turn|5
|
|move|p1a: Xatu|U-turn|p2a: Tyranitar
|-supereffective|p2a: Tyranitar
|-damage|p2a: Tyranitar|82/100
|
|switch|p1a: Diglett|Diglett, F|100/100
|move|p2a: Tyranitar|Crunch|p1a: Diglett
|-enditem|p1a: Diglett|Focus Sash
|-damage|p1a: Diglett|1/100
|
|-weather|Sandstorm|[upkeep]
|upkeep
|turn|6
|
|move|p1a: Diglett|Reversal|p2a: Tyranitar
|-supereffective|p2a: Tyranitar
|-enditem|p2a: Tyranitar|Chople Berry|[eat]
|-enditem|p2a: Tyranitar|Chople Berry|[weaken]
|-damage|p2a: Tyranitar|18/100
|move|p2a: Tyranitar|Stealth Rock|p1a: Diglett
|-sidestart|p1: tohki|move: Stealth Rock
|
|-weather|Sandstorm|[upkeep]
|upkeep
|turn|7
|
|move|p1a: Diglett|Stealth Rock|p2a: Tyranitar
|-sidestart|p2: Concept of Water|move: Stealth Rock
|move|p2a: Tyranitar|Crunch|p1a: Diglett
|-damage|p1a: Diglett|0 fnt
|faint|p1a: Diglett
|
|-weather|Sandstorm|[upkeep]
|upkeep
|c|☆Concept of Water|so like
|c|☆Concept of Water|post digglett
|c|☆Concept of Water|what do you do vs terrakion.
|c|☆tohki|Just die, I guess
|
|switch|p1a: Politoed|Politoed, F|61/100
|-damage|p1a: Politoed|49/100|[from] Stealth Rock
|-weather|RainDance|[from] ability: Drizzle|[of] p1a: Politoed
|turn|8
|c|☆Concept of Water|fair enough
|
|move|p1a: Politoed|Ice Beam|p2a: Tyranitar
|-damage|p2a: Tyranitar|0 fnt
|faint|p2a: Tyranitar
|
|-weather|RainDance|[upkeep]
|upkeep
|
|switch|p2a: Terrakion|Terrakion|100/100
|-damage|p2a: Terrakion|94/100|[from] Stealth Rock
|turn|9
|
|switch|p1a: Xatu|Xatu, M|15/100
|-damage|p1a: Xatu|0 fnt|[from] Stealth Rock
|faint|p1a: Xatu
|move|p2a: Terrakion|Close Combat|p1: Xatu|[notarget]
|-notarget
|
|-weather|RainDance|[upkeep]
|upkeep
|
|switch|p1a: Garchomp|Garchomp, M|100/100
|-damage|p1a: Garchomp|94/100|[from] Stealth Rock
|turn|10
|
|switch|p1a: Moltres|Moltres|100/100
|-damage|p1a: Moltres|51/100|[from] Stealth Rock
|-ability|p1a: Moltres|Pressure
|switch|p2a: Tangrowth|Tangrowth, F|100/100
|-damage|p2a: Tangrowth|88/100|[from] Stealth Rock
|
|-weather|RainDance|[upkeep]
|-heal|p1a: Moltres|57/100|[from] item: Leftovers
|-heal|p2a: Tangrowth|94/100|[from] item: Leftovers
|upkeep
|turn|11
|
|switch|p2a: Latios|Latios, M|100/100
|-damage|p2a: Latios|88/100|[from] Stealth Rock
|move|p1a: Moltres|Substitute|p1a: Moltres
|-start|p1a: Moltres|Substitute
|-damage|p1a: Moltres|32/100
|
|-weather|RainDance|[upkeep]
|-heal|p1a: Moltres|38/100|[from] item: Leftovers
|upkeep
|turn|12
|
|move|p2a: Latios|Surf|p1a: Moltres
|-supereffective|p1a: Moltres
|-end|p1a: Moltres|Substitute
|move|p1a: Moltres|Hurricane|p2a: Latios
|-damage|p2a: Latios|28/100
|
|-weather|RainDance|[upkeep]
|-heal|p1a: Moltres|44/100|[from] item: Leftovers
|upkeep
|turn|13
|
|move|p2a: Latios|Surf|p1a: Moltres
|-supereffective|p1a: Moltres
|-damage|p1a: Moltres|0 fnt
|faint|p1a: Moltres
|
|-weather|RainDance|[upkeep]
|upkeep
|c|☆Concept of Water|or like
|c|☆Concept of Water|what do you do vs surf.
|
|switch|p1a: Garchomp|Garchomp, M|94/100
|-damage|p1a: Garchomp|88/100|[from] Stealth Rock
|turn|14
|c|☆tohki|Does this team look like it's made to be serious?
|
|move|p1a: Garchomp|Outrage|p2a: Latios
|-supereffective|p2a: Latios
|-damage|p2a: Latios|0 fnt
|faint|p2a: Latios
|
|-weather|RainDance|[upkeep]
|upkeep
|c|☆tohki|...fair enough
|
|switch|p2a: Tangrowth|Tangrowth, F|100/100
|-damage|p2a: Tangrowth|88/100|[from] Stealth Rock
|turn|15
|
|move|p1a: Garchomp|Outrage|p2a: Tangrowth|[from]lockedmove
|-damage|p2a: Tangrowth|55/100
|move|p2a: Tangrowth|Hidden Power|p1a: Garchomp
|-supereffective|p1a: Garchomp
|-damage|p1a: Garchomp|0 fnt
|faint|p1a: Garchomp
|
|-weather|RainDance|[upkeep]
|-heal|p2a: Tangrowth|61/100|[from] item: Leftovers
|upkeep
|
|switch|p1a: Politoed|Politoed, F|49/100
|-damage|p1a: Politoed|37/100|[from] Stealth Rock
|turn|16
|
|move|p1a: Politoed|Ice Beam|p2a: Tangrowth
|-supereffective|p2a: Tangrowth
|-crit|p2a: Tangrowth
|-damage|p2a: Tangrowth|0 fnt
|faint|p2a: Tangrowth
|
|-weather|RainDance|[upkeep]
|upkeep
|
|switch|p2a: Excadrill|Excadrill, M|100/100
|-damage|p2a: Excadrill|97/100|[from] Stealth Rock
|turn|17
|
|switch|p1a: Jirachi|Jirachi|45/100
|-damage|p1a: Jirachi|39/100|[from] Stealth Rock
|move|p2a: Excadrill|Earthquake|p1a: Jirachi
|-supereffective|p1a: Jirachi
|-damage|p1a: Jirachi|0 fnt
|faint|p1a: Jirachi
|
|-weather|RainDance|[upkeep]
|upkeep
|
|switch|p1a: Politoed|Politoed, F|37/100
|-damage|p1a: Politoed|25/100|[from] Stealth Rock
|turn|18
|c|☆tohki|gg lol
|
|move|p2a: Excadrill|Earthquake|p1a: Politoed
|-damage|p1a: Politoed|0 fnt
|faint|p1a: Politoed
|
|win|Concept of Water
|c|☆Concept of Water|g_g
|raw|tohki's rating: 1393 &rarr; <strong>1367</strong><br />(-26 for losing)
|raw|Concept of Water's rating: 1294 &rarr; <strong>1326</strong><br />(+32 for winning)
|l|☆Concept of Water
|l|☆tohki
