|join|Luchabull
|join|Moonclawz
|player|p1|Luchabull|151
|player|p2|Moonclawz|99
|gametype|singles
|gen|5
|tier|[Gen 5] OU
|rated
|rule|Evasion Abilities Clause: Evasion abilities are banned
|clearpoke
|poke|p1|Mamoswine, M
|poke|p1|Celebi
|poke|p1|Kyurem-Black, shiny
|poke|p1|Magnezone, shiny
|poke|p1|Garchomp, F
|poke|p1|Scizor, M
|poke|p2|Skarmory, F
|poke|p2|Abomasnow, F
|poke|p2|Blissey, F
|poke|p2|Tentacruel, M
|poke|p2|Jirachi
|poke|p2|Landorus-Therian, M
|rule|Sleep Clause Mod: Limit one foe put to sleep
|rule|Species Clause: Limit one of each Pokémon
|rule|OHKO Clause: OHKO moves are banned
|rule|Moody Clause: Moody is banned
|rule|Evasion Moves Clause: Evasion moves are banned
|rule|Endless Battle Clause: Forcing endless battles is banned
|rule|HP Percentage Mod: HP is shown in percentages
|teampreview
|
|start
|switch|p1a: Manmu|Mamoswine, M|362/362
|switch|p2a: Weather Forecast|Abomasnow, F|383/383
|-weather|Hail|[from] ability: Snow Warning|[of] p2a: Weather Forecast
|turn|1
|
|move|p1a: Manmu|Stealth Rock|p2a: Weather Forecast
|-sidestart|p2: Moonclawz|move: Stealth Rock
|move|p2a: Weather Forecast|Leech Seed|p1a: Manmu
|-start|p1a: Manmu|move: Leech Seed
|
|-weather|Hail|[upkeep]
|-damage|p1a: Manmu|317/362|[from] Leech Seed|[of] p2a: Weather Forecast
|turn|2
|
|move|p1a: Manmu|Earthquake|p2a: Weather Forecast
|-resisted|p2a: Weather Forecast
|-damage|p2a: Weather Forecast|282/383
|move|p2a: Weather Forecast|Leech Seed|p1a: Manmu|[miss]
|-miss|p2a: Weather Forecast|p1a: Manmu
|
|-weather|Hail|[upkeep]
|-heal|p2a: Weather Forecast|305/383|[from] item: Leftovers
|-damage|p1a: Manmu|272/362|[from] Leech Seed|[of] p2a: Weather Forecast
|-heal|p2a: Weather Forecast|350/383|[silent]
|turn|3
|
|switch|p1a: Scizor|Scizor, M|344/344
|move|p2a: Weather Forecast|Protect|p2a: Weather Forecast
|-fail|p2a: Weather Forecast
|
|-weather|Hail|[upkeep]
|-damage|p1a: Scizor|323/344|[from] hail
|-heal|p2a: Weather Forecast|373/383|[from] item: Leftovers
|turn|4
|
|switch|p2a: Ground|Landorus-Therian, M|381/381
|-damage|p2a: Ground|334/381|[from] Stealth Rock
|-ability|p2a: Ground|Intimidate|[of] p1a: Scizor
|-unboost|p1a: Scizor|atk|1
|move|p1a: Scizor|U-turn|p2a: Ground
|-resisted|p2a: Ground
|-damage|p2a: Ground|295/381
|
|switch|p1a: Kyuremu|Kyurem-Black, shiny|404/404
|-ability|p1a: Kyuremu|Teravolt
|
|-weather|Hail|[upkeep]
|-damage|p2a: Ground|272/381|[from] hail
|-heal|p2a: Ground|295/381|[from] item: Leftovers
|turn|5
|
|switch|p2a: Wishmaker|Jirachi|404/404
|-damage|p2a: Wishmaker|379/404|[from] Stealth Rock
|move|p1a: Kyuremu|Substitute|p1a: Kyuremu
|-start|p1a: Kyuremu|Substitute
|-damage|p1a: Kyuremu|303/404
|
|-weather|Hail|[upkeep]
|-damage|p2a: Wishmaker|354/404|[from] hail
|-heal|p1a: Kyuremu|328/404|[from] item: Leftovers
|-heal|p2a: Wishmaker|379/404|[from] item: Leftovers
|turn|6
|
|move|p1a: Kyuremu|Earth Power|p2a: Wishmaker
|-supereffective|p2a: Wishmaker
|-damage|p2a: Wishmaker|251/404
|move|p2a: Wishmaker|Iron Head|p1a: Kyuremu
|-supereffective|p1a: Kyuremu
|-end|p1a: Kyuremu|Substitute
|
|-weather|Hail|[upkeep]
|-damage|p2a: Wishmaker|226/404|[from] hail
|-heal|p1a: Kyuremu|353/404|[from] item: Leftovers
|-heal|p2a: Wishmaker|251/404|[from] item: Leftovers
|turn|7
|
|move|p1a: Kyuremu|Substitute|p1a: Kyuremu
|-start|p1a: Kyuremu|Substitute
|-damage|p1a: Kyuremu|252/404
|move|p2a: Wishmaker|Wish|p2a: Wishmaker
|
|-weather|Hail|[upkeep]
|-damage|p2a: Wishmaker|226/404|[from] hail
|-heal|p1a: Kyuremu|277/404|[from] item: Leftovers
|-heal|p2a: Wishmaker|251/404|[from] item: Leftovers
|turn|8
|
|move|p1a: Kyuremu|Fusion Bolt|p2a: Wishmaker
|-damage|p2a: Wishmaker|82/404
|move|p2a: Wishmaker|Iron Head|p1a: Kyuremu
|-supereffective|p1a: Kyuremu
|-end|p1a: Kyuremu|Substitute
|
|-weather|Hail|[upkeep]
|-damage|p2a: Wishmaker|57/404|[from] hail
|-heal|p2a: Wishmaker|259/404|[from] move: Wish|[wisher] Wishmaker
|-heal|p1a: Kyuremu|302/404|[from] item: Leftovers
|-heal|p2a: Wishmaker|284/404|[from] item: Leftovers
|turn|9
|
|move|p1a: Kyuremu|Fusion Bolt|p2a: Wishmaker
|-damage|p2a: Wishmaker|126/404
|move|p2a: Wishmaker|Wish|p2a: Wishmaker
|
|-weather|Hail|[upkeep]
|-damage|p2a: Wishmaker|101/404|[from] hail
|-heal|p1a: Kyuremu|327/404|[from] item: Leftovers
|-heal|p2a: Wishmaker|126/404|[from] item: Leftovers
|turn|10
|
|move|p2a: Wishmaker|Protect|p2a: Wishmaker
|-singleturn|p2a: Wishmaker|Protect
|move|p1a: Kyuremu|Fusion Bolt|p2a: Wishmaker
|-activate|p2a: Wishmaker|Protect
|
|-weather|Hail|[upkeep]
|-damage|p2a: Wishmaker|101/404|[from] hail
|-heal|p2a: Wishmaker|303/404|[from] move: Wish|[wisher] Wishmaker
|-heal|p1a: Kyuremu|352/404|[from] item: Leftovers
|-heal|p2a: Wishmaker|328/404|[from] item: Leftovers
|turn|11
|
|switch|p1a: Magnezone|Magnezone, shiny|290/290
|move|p2a: Wishmaker|Wish|p2a: Wishmaker
|
|-weather|Hail|[upkeep]
|-damage|p2a: Wishmaker|303/404|[from] hail
|-damage|p1a: Magnezone|272/290|[from] hail
|-heal|p2a: Wishmaker|328/404|[from] item: Leftovers
|turn|12
|
|move|p2a: Wishmaker|Body Slam|p1a: Magnezone
|-resisted|p1a: Magnezone
|-damage|p1a: Magnezone|243/290
|move|p1a: Magnezone|Thunderbolt|p2a: Wishmaker
|-damage|p2a: Wishmaker|147/404
|
|-weather|Hail|[upkeep]
|-damage|p2a: Wishmaker|122/404|[from] hail
|-damage|p1a: Magnezone|225/290|[from] hail
|-heal|p2a: Wishmaker|324/404|[from] move: Wish|[wisher] Wishmaker
|-heal|p2a: Wishmaker|349/404|[from] item: Leftovers
|turn|13
|
|switch|p1a: Celebi|Celebi|404/404
|move|p2a: Wishmaker|Protect|p2a: Wishmaker
|-fail|p2a: Wishmaker
|
|-weather|Hail|[upkeep]
|-damage|p2a: Wishmaker|324/404|[from] hail
|-damage|p1a: Celebi|379/404|[from] hail
|-heal|p2a: Wishmaker|349/404|[from] item: Leftovers
|-heal|p1a: Celebi|404/404|[from] item: Leftovers
|turn|14
|
|switch|p2a: Sludge|Tentacruel, M|363/363
|-damage|p2a: Sludge|318/363|[from] Stealth Rock
|move|p1a: Celebi|Swords Dance|p1a: Celebi
|-boost|p1a: Celebi|atk|2
|
|-weather|Hail|[upkeep]
|-damage|p2a: Sludge|296/363|[from] hail
|-damage|p1a: Celebi|379/404|[from] hail
|-heal|p2a: Sludge|318/363|[from] item: Black Sludge
|-heal|p1a: Celebi|404/404|[from] item: Leftovers
|turn|15
|
|move|p2a: Sludge|Scald|p1a: Celebi
|-resisted|p1a: Celebi
|-damage|p1a: Celebi|369/404
|move|p1a: Celebi|Zen Headbutt|p2a: Sludge
|-supereffective|p2a: Sludge
|-damage|p2a: Sludge|0 fnt
|faint|p2a: Sludge
|
|-weather|Hail|[upkeep]
|-damage|p1a: Celebi|344/404|[from] hail
|-heal|p1a: Celebi|369/404|[from] item: Leftovers
|
|switch|p2a: Steel|Skarmory, F|333/333
|-damage|p2a: Steel|292/333|[from] Stealth Rock
|turn|16
|
|move|p1a: Celebi|Baton Pass|p1a: Celebi
|
|switch|p1a: Kyuremu|Kyurem-Black, shiny|352/404
|-ability|p1a: Kyuremu|Teravolt
|move|p2a: Steel|Whirlwind|p1a: Kyuremu
|drag|p1a: Scizor|Scizor, M|323/344
|
|-weather|Hail|[upkeep]
|-damage|p1a: Scizor|302/344|[from] hail
|-damage|p2a: Steel|272/333|[from] hail
|-heal|p2a: Steel|292/333|[from] item: Leftovers
|turn|17
|
|switch|p1a: Magnezone|Magnezone, shiny|225/290
|move|p2a: Steel|Whirlwind|p1a: Magnezone
|drag|p1a: Celebi|Celebi|369/404
|
|-weather|Hail|[upkeep]
|-damage|p1a: Celebi|344/404|[from] hail
|-damage|p2a: Steel|272/333|[from] hail
|-heal|p1a: Celebi|369/404|[from] item: Leftovers
|-heal|p2a: Steel|292/333|[from] item: Leftovers
|turn|18
|
|switch|p1a: Magnezone|Magnezone, shiny|225/290
|switch|p2a: Ground|Landorus-Therian, M|295/381
|-damage|p2a: Ground|248/381|[from] Stealth Rock
|-ability|p2a: Ground|Intimidate|[of] p1a: Magnezone
|-unboost|p1a: Magnezone|atk|1
|
|-weather|Hail|[upkeep]
|-damage|p2a: Ground|225/381|[from] hail
|-damage|p1a: Magnezone|207/290|[from] hail
|-heal|p2a: Ground|248/381|[from] item: Leftovers
|turn|19
|
|switch|p1a: Manmu|Mamoswine, M|272/362
|move|p2a: Ground|Stealth Rock|p1a: Manmu
|-sidestart|p1: Luchabull|move: Stealth Rock
|
|-weather|Hail|[upkeep]
|-damage|p2a: Ground|225/381|[from] hail
|-heal|p2a: Ground|248/381|[from] item: Leftovers
|turn|20
|
|switch|p2a: Weather Forecast|Abomasnow, F|373/383
|-damage|p2a: Weather Forecast|278/383|[from] Stealth Rock
|move|p1a: Manmu|Icicle Spear|p2a: Weather Forecast
|-damage|p2a: Weather Forecast|220/383
|-damage|p2a: Weather Forecast|166/383
|-hitcount|p2a: Weather Forecast|2
|
|-weather|Hail|[upkeep]
|-heal|p2a: Weather Forecast|189/383|[from] item: Leftovers
|turn|21
|
|switch|p1a: Scizor|Scizor, M|302/344
|-damage|p1a: Scizor|259/344|[from] Stealth Rock
|move|p2a: Weather Forecast|Leech Seed|p1a: Scizor
|-start|p1a: Scizor|move: Leech Seed
|
|-weather|Hail|[upkeep]
|-damage|p1a: Scizor|238/344|[from] hail
|-heal|p2a: Weather Forecast|212/383|[from] item: Leftovers
|-damage|p1a: Scizor|195/344|[from] Leech Seed|[of] p2a: Weather Forecast
|-heal|p2a: Weather Forecast|255/383|[silent]
|turn|22
|
|move|p2a: Weather Forecast|Protect|p2a: Weather Forecast
|-singleturn|p2a: Weather Forecast|Protect
|move|p1a: Scizor|Roost|p1a: Scizor
|-heal|p1a: Scizor|344/344
|
|-weather|Hail|[upkeep]
|-damage|p1a: Scizor|323/344|[from] hail
|-heal|p2a: Weather Forecast|278/383|[from] item: Leftovers
|-damage|p1a: Scizor|280/344|[from] Leech Seed|[of] p2a: Weather Forecast
|-heal|p2a: Weather Forecast|321/383|[silent]
|turn|23
|
|switch|p2a: Ground|Landorus-Therian, M|248/381
|-damage|p2a: Ground|201/381|[from] Stealth Rock
|-ability|p2a: Ground|Intimidate|[of] p1a: Scizor
|-unboost|p1a: Scizor|atk|1
|move|p1a: Scizor|U-turn|p2a: Ground
|-resisted|p2a: Ground
|-damage|p2a: Ground|167/381
|
|switch|p1a: Manmu|Mamoswine, M|272/362
|-damage|p1a: Manmu|227/362|[from] Stealth Rock
|
|-weather|Hail|[upkeep]
|-damage|p2a: Ground|144/381|[from] hail
|-heal|p2a: Ground|167/381|[from] item: Leftovers
|turn|24
|
|switch|p2a: Steel|Skarmory, F|292/333
|-damage|p2a: Steel|251/333|[from] Stealth Rock
|move|p1a: Manmu|Icicle Spear|p2a: Steel
|-damage|p2a: Steel|223/333
|-damage|p2a: Steel|195/333
|-damage|p2a: Steel|170/333
|-hitcount|p2a: Steel|3
|
|-weather|Hail|[upkeep]
|-damage|p2a: Steel|150/333|[from] hail
|-heal|p2a: Steel|170/333|[from] item: Leftovers
|turn|25
|
|switch|p1a: Magnezone|Magnezone, shiny|207/290
|-damage|p1a: Magnezone|189/290|[from] Stealth Rock
|switch|p2a: Healer|Blissey, F|652/652
|-damage|p2a: Healer|571/652|[from] Stealth Rock
|
|-weather|Hail|[upkeep]
|-damage|p1a: Magnezone|171/290|[from] hail
|-damage|p2a: Healer|531/652|[from] hail
|-heal|p2a: Healer|571/652|[from] item: Leftovers
|turn|26
|
|move|p1a: Magnezone|Volt Switch|p2a: Healer
|-damage|p2a: Healer|468/652
|
|switch|p1a: Scizor|Scizor, M|280/344
|-damage|p1a: Scizor|237/344|[from] Stealth Rock
|move|p2a: Healer|Wish|p2a: Healer
|
|-weather|Hail|[upkeep]
|-damage|p1a: Scizor|216/344|[from] hail
|-damage|p2a: Healer|428/652|[from] hail
|-heal|p2a: Healer|468/652|[from] item: Leftovers
|turn|27
|
|switch|p2a: Ground|Landorus-Therian, M|167/381
|-damage|p2a: Ground|120/381|[from] Stealth Rock
|-ability|p2a: Ground|Intimidate|[of] p1a: Scizor
|-unboost|p1a: Scizor|atk|1
|move|p1a: Scizor|Swords Dance|p1a: Scizor
|-boost|p1a: Scizor|atk|2
|
|-weather|Hail|[upkeep]
|-damage|p2a: Ground|97/381|[from] hail
|-damage|p1a: Scizor|195/344|[from] hail
|-heal|p2a: Ground|381/381|[from] move: Wish|[wisher] Healer
|turn|28
|
|move|p2a: Ground|Earthquake|p1a: Scizor
|-damage|p1a: Scizor|42/344
|move|p1a: Scizor|U-turn|p2a: Ground
|-resisted|p2a: Ground
|-damage|p2a: Ground|300/381
|
|switch|p1a: Kyuremu|Kyurem-Black, shiny|352/404
|-damage|p1a: Kyuremu|251/404|[from] Stealth Rock
|-ability|p1a: Kyuremu|Teravolt
|
|-weather|Hail|[upkeep]
|-damage|p2a: Ground|277/381|[from] hail
|-heal|p1a: Kyuremu|276/404|[from] item: Leftovers
|-heal|p2a: Ground|300/381|[from] item: Leftovers
|turn|29
|
|switch|p2a: Wishmaker|Jirachi|349/404
|-damage|p2a: Wishmaker|324/404|[from] Stealth Rock
|move|p1a: Kyuremu|Ice Beam|p2a: Wishmaker
|-resisted|p2a: Wishmaker
|-damage|p2a: Wishmaker|275/404
|
|-weather|Hail|[upkeep]
|-damage|p2a: Wishmaker|250/404|[from] hail
|-heal|p1a: Kyuremu|301/404|[from] item: Leftovers
|-heal|p2a: Wishmaker|275/404|[from] item: Leftovers
|turn|30
|
|switch|p1a: Gaburiasu|Garchomp, F|358/358
|-damage|p1a: Gaburiasu|336/358|[from] Stealth Rock
|move|p2a: Wishmaker|Wish|p2a: Wishmaker
|
|-weather|Hail|[upkeep]
|-damage|p1a: Gaburiasu|314/358|[from] hail
|-damage|p2a: Wishmaker|250/404|[from] hail
|-heal|p2a: Wishmaker|275/404|[from] item: Leftovers
|turn|31
|
|move|p2a: Wishmaker|Protect|p2a: Wishmaker
|-singleturn|p2a: Wishmaker|Protect
|move|p1a: Gaburiasu|Earthquake|p2a: Wishmaker
|-activate|p2a: Wishmaker|Protect
|
|-weather|Hail|[upkeep]
|-damage|p1a: Gaburiasu|292/358|[from] hail
|-damage|p2a: Wishmaker|250/404|[from] hail
|-heal|p2a: Wishmaker|404/404|[from] move: Wish|[wisher] Wishmaker
|turn|32
|
|switch|p1a: Kyuremu|Kyurem-Black, shiny|301/404
|-damage|p1a: Kyuremu|200/404|[from] Stealth Rock
|-ability|p1a: Kyuremu|Teravolt
|switch|p2a: Ground|Landorus-Therian, M|300/381
|-damage|p2a: Ground|253/381|[from] Stealth Rock
|-ability|p2a: Ground|Intimidate|[of] p1a: Kyuremu
|-unboost|p1a: Kyuremu|atk|1
|
|-weather|Hail|[upkeep]
|-damage|p2a: Ground|230/381|[from] hail
|-heal|p1a: Kyuremu|225/404|[from] item: Leftovers
|-heal|p2a: Ground|253/381|[from] item: Leftovers
|turn|33
|
|switch|p2a: Wishmaker|Jirachi|404/404
|-damage|p2a: Wishmaker|379/404|[from] Stealth Rock
|move|p1a: Kyuremu|Fusion Bolt|p2a: Wishmaker
|-damage|p2a: Wishmaker|271/404
|
|-weather|Hail|[upkeep]
|-damage|p2a: Wishmaker|246/404|[from] hail
|-heal|p1a: Kyuremu|250/404|[from] item: Leftovers
|-heal|p2a: Wishmaker|271/404|[from] item: Leftovers
|turn|34
|
|switch|p1a: Celebi|Celebi|369/404
|-damage|p1a: Celebi|319/404|[from] Stealth Rock
|move|p2a: Wishmaker|Wish|p2a: Wishmaker
|
|-weather|Hail|[upkeep]
|-damage|p2a: Wishmaker|246/404|[from] hail
|-damage|p1a: Celebi|294/404|[from] hail
|-heal|p2a: Wishmaker|271/404|[from] item: Leftovers
|-heal|p1a: Celebi|319/404|[from] item: Leftovers
|turn|35
|
|move|p2a: Wishmaker|Body Slam|p1a: Celebi
|-damage|p1a: Celebi|246/404
|-status|p1a: Celebi|par
|move|p1a: Celebi|Swords Dance|p1a: Celebi
|-boost|p1a: Celebi|atk|2
|
|-weather|Hail|[upkeep]
|-damage|p2a: Wishmaker|246/404|[from] hail
|-damage|p1a: Celebi|221/404 par|[from] hail
|-heal|p2a: Wishmaker|404/404|[from] move: Wish|[wisher] Wishmaker
|-heal|p1a: Celebi|246/404 par|[from] item: Leftovers
|turn|36
|
|move|p2a: Wishmaker|Iron Head|p1a: Celebi
|-damage|p1a: Celebi|144/404 par
|cant|p1a: Celebi|par
|
|-weather|Hail|[upkeep]
|-damage|p2a: Wishmaker|379/404|[from] hail
|-damage|p1a: Celebi|119/404 par|[from] hail
|-heal|p2a: Wishmaker|404/404|[from] item: Leftovers
|-heal|p1a: Celebi|144/404 par|[from] item: Leftovers
|turn|37
|
|switch|p1a: Magnezone|Magnezone, shiny|171/290
|-damage|p1a: Magnezone|153/290|[from] Stealth Rock
|move|p2a: Wishmaker|Iron Head|p1a: Magnezone
|-resisted|p1a: Magnezone
|-damage|p1a: Magnezone|134/290
|
|-weather|Hail|[upkeep]
|-damage|p2a: Wishmaker|379/404|[from] hail
|-damage|p1a: Magnezone|116/290|[from] hail
|-heal|p2a: Wishmaker|404/404|[from] item: Leftovers
|turn|38
|
|move|p2a: Wishmaker|Protect|p2a: Wishmaker
|-singleturn|p2a: Wishmaker|Protect
|move|p1a: Magnezone|Thunderbolt|p2a: Wishmaker
|-activate|p2a: Wishmaker|Protect
|
|-weather|Hail|[upkeep]
|-damage|p2a: Wishmaker|379/404|[from] hail
|-damage|p1a: Magnezone|98/290|[from] hail
|-heal|p2a: Wishmaker|404/404|[from] item: Leftovers
|turn|39
|
|move|p2a: Wishmaker|Body Slam|p1a: Magnezone
|-resisted|p1a: Magnezone
|-damage|p1a: Magnezone|68/290
|-status|p1a: Magnezone|par
|move|p1a: Magnezone|Thunderbolt|p2a: Wishmaker
|-damage|p2a: Wishmaker|200/404
|
|-weather|Hail|[upkeep]
|-damage|p2a: Wishmaker|175/404|[from] hail
|-damage|p1a: Magnezone|50/290 par|[from] hail
|-heal|p2a: Wishmaker|200/404|[from] item: Leftovers
|turn|40
|
|switch|p1a: Scizor|Scizor, M|42/344
|-damage|p1a: Scizor|0 fnt|[from] Stealth Rock
|faint|p1a: Scizor
|move|p2a: Wishmaker|Iron Head|p1: Scizor|[notarget]
|-notarget
|
|-weather|Hail|[upkeep]
|-damage|p2a: Wishmaker|175/404|[from] hail
|-heal|p2a: Wishmaker|200/404|[from] item: Leftovers
|
|switch|p1a: Manmu|Mamoswine, M|227/362
|-damage|p1a: Manmu|182/362|[from] Stealth Rock
|turn|41
|
|switch|p2a: Steel|Skarmory, F|170/333
|-damage|p2a: Steel|129/333|[from] Stealth Rock
|move|p1a: Manmu|Earthquake|p2a: Steel
|-immune|p2a: Steel|[msg]
|
|-weather|Hail|[upkeep]
|-damage|p2a: Steel|109/333|[from] hail
|-heal|p2a: Steel|129/333|[from] item: Leftovers
|turn|42
|
|move|p1a: Manmu|Icicle Spear|p2a: Steel
|-crit|p2a: Steel
|-damage|p2a: Steel|72/333
|-damage|p2a: Steel|45/333
|-damage|p2a: Steel|20/333
|-damage|p2a: Steel|0 fnt
|-hitcount|p2a: Steel|4
|faint|p2a: Steel
|
|-weather|Hail|[upkeep]
|
|switch|p2a: Weather Forecast|Abomasnow, F|321/383
|-damage|p2a: Weather Forecast|226/383|[from] Stealth Rock
|turn|43
|
|switch|p1a: Magnezone|Magnezone, shiny|50/290 par
|-damage|p1a: Magnezone|32/290 par|[from] Stealth Rock
|move|p2a: Weather Forecast|Leech Seed|p1a: Magnezone|[miss]
|-miss|p2a: Weather Forecast|p1a: Magnezone
|
|-weather|Hail|[upkeep]
|-damage|p1a: Magnezone|14/290 par|[from] hail
|-heal|p2a: Weather Forecast|249/383|[from] item: Leftovers
|turn|44
|
|move|p2a: Weather Forecast|Protect|p2a: Weather Forecast
|-singleturn|p2a: Weather Forecast|Protect
|move|p1a: Magnezone|Flash Cannon|p2a: Weather Forecast
|-activate|p2a: Weather Forecast|Protect
|
|-weather|Hail|[upkeep]
|-damage|p1a: Magnezone|0 fnt|[from] hail
|-heal|p2a: Weather Forecast|272/383|[from] item: Leftovers
|faint|p1a: Magnezone
|
|switch|p1a: Kyuremu|Kyurem-Black, shiny|250/404
|-damage|p1a: Kyuremu|149/404|[from] Stealth Rock
|-ability|p1a: Kyuremu|Teravolt
|turn|45
|
|switch|p2a: Ground|Landorus-Therian, M|253/381
|-damage|p2a: Ground|206/381|[from] Stealth Rock
|-ability|p2a: Ground|Intimidate|[of] p1a: Kyuremu
|-unboost|p1a: Kyuremu|atk|1
|move|p1a: Kyuremu|Substitute|p1a: Kyuremu
|-start|p1a: Kyuremu|Substitute
|-damage|p1a: Kyuremu|48/404
|
|-weather|Hail|[upkeep]
|-damage|p2a: Ground|183/381|[from] hail
|-heal|p1a: Kyuremu|73/404|[from] item: Leftovers
|-heal|p2a: Ground|206/381|[from] item: Leftovers
|turn|46
|
|switch|p2a: Healer|Blissey, F|468/652
|-damage|p2a: Healer|387/652|[from] Stealth Rock
|move|p1a: Kyuremu|Ice Beam|p2a: Healer
|-crit|p2a: Healer
|-damage|p2a: Healer|237/652
|-status|p2a: Healer|frz
|
|-weather|Hail|[upkeep]
|-damage|p2a: Healer|197/652 frz|[from] hail
|-heal|p1a: Kyuremu|98/404|[from] item: Leftovers
|-heal|p2a: Healer|237/652 frz|[from] item: Leftovers
|turn|47
|
|move|p1a: Kyuremu|Fusion Bolt|p2a: Healer
|-damage|p2a: Healer|26/652 frz
|cant|p2a: Healer|frz
|
|-weather|Hail|[upkeep]
|-damage|p2a: Healer|0 fnt|[from] hail
|-heal|p1a: Kyuremu|123/404|[from] item: Leftovers
|faint|p2a: Healer
|
|switch|p2a: Wishmaker|Jirachi|200/404
|-damage|p2a: Wishmaker|175/404|[from] Stealth Rock
|turn|48
|
|move|p1a: Kyuremu|Ice Beam|p2a: Wishmaker
|-resisted|p2a: Wishmaker
|-damage|p2a: Wishmaker|124/404
|-status|p2a: Wishmaker|frz
|cant|p2a: Wishmaker|frz
|
|-weather|Hail|[upkeep]
|-damage|p2a: Wishmaker|99/404 frz|[from] hail
|-heal|p1a: Kyuremu|148/404|[from] item: Leftovers
|-heal|p2a: Wishmaker|124/404 frz|[from] item: Leftovers
|turn|49
|c|★Moonclawz|ugg
|
|move|p1a: Kyuremu|Fusion Bolt|p2a: Wishmaker
|-damage|p2a: Wishmaker|11/404 frz
|cant|p2a: Wishmaker|frz
|
|-weather|Hail|[upkeep]
|-damage|p2a: Wishmaker|0 fnt|[from] hail
|-heal|p1a: Kyuremu|173/404|[from] item: Leftovers
|faint|p2a: Wishmaker
|c|★Moonclawz|gg
|c|★Luchabull|gg
|c|★Luchabull|and sorry
|c|★Moonclawz|it's fine
|
|switch|p2a: Weather Forecast|Abomasnow, F|272/383
|-damage|p2a: Weather Forecast|177/383|[from] Stealth Rock
|turn|50
|
|move|p1a: Kyuremu|Fusion Bolt|p2a: Weather Forecast
|-resisted|p2a: Weather Forecast
|-damage|p2a: Weather Forecast|120/383
|move|p2a: Weather Forecast|Wood Hammer|p1a: Kyuremu
|-resisted|p1a: Kyuremu
|-activate|p1a: Kyuremu|Substitute|[damage]
|-damage|p2a: Weather Forecast|94/383|[from] recoil|[of] p1a: Kyuremu
|
|-weather|Hail|[upkeep]
|-heal|p1a: Kyuremu|198/404|[from] item: Leftovers
|-heal|p2a: Weather Forecast|117/383|[from] item: Leftovers
|turn|51
|
|move|p2a: Weather Forecast|Ice Shard|p1a: Kyuremu
|-end|p1a: Kyuremu|Substitute
|move|p1a: Kyuremu|Ice Beam|p2a: Weather Forecast
|-damage|p2a: Weather Forecast|0 fnt
|faint|p2a: Weather Forecast
|
|-weather|Hail|[upkeep]
|-heal|p1a: Kyuremu|223/404|[from] item: Leftovers
|
|switch|p2a: Ground|Landorus-Therian, M|206/381
|-damage|p2a: Ground|159/381|[from] Stealth Rock
|-ability|p2a: Ground|Intimidate|[of] p1a: Kyuremu
|-unboost|p1a: Kyuremu|atk|1
|turn|52
|
|move|p1a: Kyuremu|Ice Beam|p2a: Ground
|-supereffective|p2a: Ground
|-damage|p2a: Ground|0 fnt
|faint|p2a: Ground
|
|win|Luchabull
|raw|Ladder updating...
|raw|Luchabull's rating: 1297 &rarr; <strong>1329</strong><br />(+32 for winning)
|raw|Moonclawz's rating: 1406 &rarr; <strong>1380</strong><br />(-26 for losing)
|leave|Luchabull
|player|p1