|j|☆EG THE GOAT
|j|☆tyfcruio
|player|p1|EG THE GOAT|27
|player|p2|tyfcruio|153
|teamsize|p1|6
|teamsize|p2|6
|gametype|singles
|gen|5
|tier|[Gen 5] OU
|rated|
|rule|Sleep Clause Mod: Limit one foe put to sleep
|rule|Species Clause: Limit one of each Pokémon
|rule|OHKO Clause: OHKO moves are banned
|rule|Moody Clause: Moody is banned
|rule|Evasion Moves Clause: Evasion moves are banned
|rule|Endless Battle Clause: Forcing endless battles is banned
|rule|HP Percentage Mod: HP is shown in percentages
|rule|Evasion Abilities Clause: Evasion abilities are banned
|rule|Baton Pass Clause: Limit one Baton Passer, can't pass Spe and other stats simultaneously
|rule|Swagger Clause: Swagger is banned
|clearpoke
|poke|p1|Kyurem-Black|item
|poke|p1|Politoed, M|item
|poke|p1|Starmie|item
|poke|p1|Jirachi|item
|poke|p1|Tornadus, M|item
|poke|p1|Ferrothorn, M|item
|poke|p2|Landorus-Therian, M|item
|poke|p2|Terrakion|item
|poke|p2|Tyranitar, M|item
|poke|p2|Latios, M|item
|poke|p2|Ferrothorn, M|item
|poke|p2|Gyarados, F|item
|teampreview
|inactive|Battle timer is ON: inactive players will automatically lose when time's up. (requested by tyfcruio)
|inactive|EG THE GOAT has 135 seconds left.
|inactive|EG THE GOAT has 120 seconds left.
|
|start
|switch|p1a: Tornadus|Tornadus, M|100/100
|switch|p2a: Latios|Latios, M, shiny|100/100
|turn|1
|inactive|tyfcruio has 135 seconds left.
|
|switch|p1a: Ferrothorn|Ferrothorn, M|100/100
|switch|p2a: Tyranitar|Tyranitar, M, shiny|100/100
|-weather|Sandstorm|[from] ability: Sand Stream|[of] p2a: Tyranitar
|
|-weather|Sandstorm|[upkeep]
|upkeep
|turn|2
|
|switch|p1a: Politoed|Politoed, M|100/100
|-weather|RainDance|[from] ability: Drizzle|[of] p1a: Politoed
|move|p2a: Tyranitar|Fire Blast|p1a: Politoed
|-resisted|p1a: Politoed
|-damage|p1a: Politoed|95/100
|
|-weather|RainDance|[upkeep]
|-heal|p1a: Politoed|100/100|[from] item: Leftovers
|upkeep
|turn|3
|
|switch|p1a: Ferrothorn|Ferrothorn, M|100/100
|switch|p2a: Latios|Latios, M, shiny|100/100
|
|-weather|RainDance|[upkeep]
|upkeep
|turn|4
|
|switch|p2a: Tyranitar|Tyranitar, M, shiny|100/100
|-weather|Sandstorm|[from] ability: Sand Stream|[of] p2a: Tyranitar
|move|p1a: Ferrothorn|Stealth Rock|p2a: Tyranitar
|-sidestart|p2: tyfcruio|move: Stealth Rock
|
|-weather|Sandstorm|[upkeep]
|upkeep
|turn|5
|
|move|p2a: Tyranitar|Stealth Rock|p1a: Ferrothorn
|-sidestart|p1: EG THE GOAT|move: Stealth Rock
|move|p1a: Ferrothorn|Spikes|p2a: Tyranitar
|-sidestart|p2: tyfcruio|Spikes
|
|-weather|Sandstorm|[upkeep]
|upkeep
|turn|6
|
|switch|p1a: Politoed|Politoed, M|100/100
|-damage|p1a: Politoed|88/100|[from] Stealth Rock
|-weather|RainDance|[from] ability: Drizzle|[of] p1a: Politoed
|move|p2a: Tyranitar|Fire Blast|p1a: Politoed|[miss]
|-miss|p2a: Tyranitar|p1a: Politoed
|
|-weather|RainDance|[upkeep]
|-heal|p1a: Politoed|94/100|[from] item: Leftovers
|upkeep
|turn|7
|inactive|EG THE GOAT has 135 seconds left.
|
|switch|p1a: Ferrothorn|Ferrothorn, M|100/100
|-damage|p1a: Ferrothorn|94/100|[from] Stealth Rock
|switch|p2a: Ferrothorn|Ferrothorn, M, shiny|100/100
|-damage|p2a: Ferrothorn|88/100|[from] Spikes
|-damage|p2a: Ferrothorn|82/100|[from] Stealth Rock
|
|-weather|RainDance|[upkeep]
|-heal|p2a: Ferrothorn|88/100|[from] item: Leftovers
|-heal|p1a: Ferrothorn|100/100|[from] item: Leftovers
|upkeep
|turn|8
|inactive|tyfcruio has 135 seconds left.
|
|switch|p2a: Terrakion|Terrakion|100/100
|-damage|p2a: Terrakion|94/100|[from] Stealth Rock
|-damage|p2a: Terrakion|82/100|[from] Spikes
|move|p1a: Ferrothorn|Spikes|p2a: Terrakion
|-sidestart|p2: tyfcruio|Spikes
|
|-weather|RainDance|[upkeep]
|upkeep
|turn|9
|inactive|EG THE GOAT has 135 seconds left.
|
|switch|p1a: Jirachi|Jirachi|100/100
|-damage|p1a: Jirachi|94/100|[from] Stealth Rock
|move|p2a: Terrakion|Substitute|p2a: Terrakion
|-start|p2a: Terrakion|Substitute
|-damage|p2a: Terrakion|57/100
|
|-weather|RainDance|[upkeep]
|upkeep
|turn|10
|
|move|p1a: Jirachi|Iron Head|p2a: Terrakion
|-supereffective|p2a: Terrakion
|-end|p2a: Terrakion|Substitute
|move|p2a: Terrakion|Close Combat|p1a: Jirachi
|-damage|p1a: Jirachi|34/100
|-unboost|p2a: Terrakion|def|1
|-unboost|p2a: Terrakion|spd|1
|
|-weather|RainDance|[upkeep]
|upkeep
|turn|11
|inactive|EG THE GOAT has 135 seconds left.
|
|switch|p1a: Tornadus|Tornadus, M|100/100
|-damage|p1a: Tornadus|76/100|[from] Stealth Rock
|switch|p2a: Ferrothorn|Ferrothorn, M, shiny|88/100
|-damage|p2a: Ferrothorn|82/100|[from] Stealth Rock
|-damage|p2a: Ferrothorn|65/100|[from] Spikes
|
|-weather|RainDance|[upkeep]
|-heal|p2a: Ferrothorn|72/100|[from] item: Leftovers
|upkeep
|turn|12
|
|move|p1a: Tornadus|Focus Blast|p2a: Ferrothorn
|-enditem|p1a: Tornadus|Fighting Gem|[from] gem|[move] Focus Blast
|-supereffective|p2a: Ferrothorn
|-damage|p2a: Ferrothorn|0 fnt
|faint|p2a: Ferrothorn
|
|-weather|RainDance|[upkeep]
|upkeep
|
|switch|p2a: Tyranitar|Tyranitar, M, shiny|100/100
|-damage|p2a: Tyranitar|84/100|[from] Spikes
|-damage|p2a: Tyranitar|72/100|[from] Stealth Rock
|-weather|Sandstorm|[from] ability: Sand Stream|[of] p2a: Tyranitar
|turn|13
|inactive|EG THE GOAT has 135 seconds left.
|
|move|p1a: Tornadus|U-turn|p2a: Tyranitar
|-supereffective|p2a: Tyranitar
|-damage|p2a: Tyranitar|48/100
|
|switch|p1a: Politoed|Politoed, M|94/100
|-damage|p1a: Politoed|82/100|[from] Stealth Rock
|-weather|RainDance|[from] ability: Drizzle|[of] p1a: Politoed
|move|p2a: Tyranitar|Crunch|p1a: Politoed
|-damage|p1a: Politoed|46/100
|
|-weather|RainDance|[upkeep]
|-heal|p1a: Politoed|53/100|[from] item: Leftovers
|upkeep
|turn|14
|inactive|EG THE GOAT has 135 seconds left.
|
|switch|p2a: Gyarados|Gyarados, F, shiny|100/100
|-damage|p2a: Gyarados|76/100|[from] Stealth Rock
|-ability|p2a: Gyarados|Intimidate|boost
|-unboost|p1a: Politoed|atk|1
|move|p1a: Politoed|Toxic|p2a: Gyarados
|-status|p2a: Gyarados|tox
|
|-weather|RainDance|[upkeep]
|-heal|p2a: Gyarados|82/100 tox|[from] item: Leftovers
|-heal|p1a: Politoed|59/100|[from] item: Leftovers
|-damage|p2a: Gyarados|76/100 tox|[from] psn
|upkeep
|turn|15
|
|switch|p1a: Ferrothorn|Ferrothorn, M|100/100
|-damage|p1a: Ferrothorn|94/100|[from] Stealth Rock
|move|p2a: Gyarados|Dragon Dance|p2a: Gyarados
|-boost|p2a: Gyarados|atk|1
|-boost|p2a: Gyarados|spe|1
|
|-weather|RainDance|[upkeep]
|-heal|p2a: Gyarados|82/100 tox|[from] item: Leftovers
|-heal|p1a: Ferrothorn|100/100|[from] item: Leftovers
|-damage|p2a: Gyarados|69/100 tox|[from] psn
|upkeep
|turn|16
|
|move|p2a: Gyarados|Taunt|p1a: Ferrothorn
|-start|p1a: Ferrothorn|move: Taunt
|cant|p1a: Ferrothorn|move: Taunt|Leech Seed
|
|-weather|RainDance|[upkeep]
|-heal|p2a: Gyarados|76/100 tox|[from] item: Leftovers
|-damage|p2a: Gyarados|57/100 tox|[from] psn
|upkeep
|turn|17
|
|move|p2a: Gyarados|Earthquake|p1a: Ferrothorn
|-damage|p1a: Ferrothorn|64/100
|move|p1a: Ferrothorn|Power Whip|p2a: Gyarados
|-damage|p2a: Gyarados|14/100 tox
|
|-weather|RainDance|[upkeep]
|-heal|p2a: Gyarados|20/100 tox|[from] item: Leftovers
|-heal|p1a: Ferrothorn|70/100|[from] item: Leftovers
|-damage|p2a: Gyarados|0 fnt|[from] psn
|upkeep
|faint|p2a: Gyarados
|inactive|tyfcruio has 135 seconds left.
|
|switch|p2a: Terrakion|Terrakion|57/100
|-damage|p2a: Terrakion|41/100|[from] Spikes
|-damage|p2a: Terrakion|35/100|[from] Stealth Rock
|turn|18
|
|move|p2a: Terrakion|Close Combat|p1a: Ferrothorn
|-supereffective|p1a: Ferrothorn
|-damage|p1a: Ferrothorn|0 fnt
|-damage|p2a: Terrakion|22/100|[from] ability: Iron Barbs|[of] p1a: Ferrothorn
|-unboost|p2a: Terrakion|def|1
|-unboost|p2a: Terrakion|spd|1
|faint|p1a: Ferrothorn
|
|-weather|RainDance|[upkeep]
|upkeep
|inactive|EG THE GOAT has 135 seconds left.
|inactive|EG THE GOAT has 120 seconds left.
|
|switch|p1a: Tornadus|Tornadus, M|76/100
|-damage|p1a: Tornadus|51/100|[from] Stealth Rock
|turn|19
|
|move|p1a: Tornadus|Hurricane|p2a: Terrakion
|-damage|p2a: Terrakion|0 fnt
|faint|p2a: Terrakion
|
|-weather|RainDance|[upkeep]
|upkeep
|
|switch|p2a: Tyranitar|Tyranitar, M, shiny|48/100
|-damage|p2a: Tyranitar|31/100|[from] Spikes
|-damage|p2a: Tyranitar|19/100|[from] Stealth Rock
|-weather|Sandstorm|[from] ability: Sand Stream|[of] p2a: Tyranitar
|turn|20
|inactive|EG THE GOAT has 135 seconds left.
|
|move|p1a: Tornadus|U-turn|p2a: Tyranitar
|-supereffective|p2a: Tyranitar
|-damage|p2a: Tyranitar|0 fnt
|faint|p2a: Tyranitar
|
|-activate|p1a: Tornadus|move: Pursuit
|switch|p1a: Politoed|Politoed, M|59/100
|-damage|p1a: Politoed|46/100|[from] Stealth Rock
|-weather|RainDance|[from] ability: Drizzle|[of] p1a: Politoed
|
|-weather|RainDance|[upkeep]
|-heal|p1a: Politoed|53/100|[from] item: Leftovers
|upkeep
|
|switch|p2a: Latios|Latios, M, shiny|100/100
|-damage|p2a: Latios|88/100|[from] Stealth Rock
|turn|21
|
|move|p1a: Politoed|Protect|p1a: Politoed
|-singleturn|p1a: Politoed|Protect
|move|p2a: Latios|Draco Meteor|p1a: Politoed
|-activate|p1a: Politoed|move: Protect
|
|-weather|RainDance|[upkeep]
|-heal|p1a: Politoed|59/100|[from] item: Leftovers
|upkeep
|turn|22
|inactive|EG THE GOAT has 135 seconds left.
|
|move|p2a: Latios|Draco Meteor|p1a: Politoed
|-damage|p1a: Politoed|0 fnt
|-unboost|p2a: Latios|spa|2
|faint|p1a: Politoed
|
|-weather|RainDance|[upkeep]
|upkeep
|inactive|EG THE GOAT has 135 seconds left.
|
|switch|p1a: Starmie|Starmie|100/100
|-damage|p1a: Starmie|88/100|[from] Stealth Rock
|turn|23
|
|move|p1a: Starmie|Ice Beam|p2a: Latios
|-supereffective|p2a: Latios
|-damage|p2a: Latios|13/100
|-damage|p1a: Starmie|78/100|[from] item: Life Orb
|move|p2a: Latios|Draco Meteor|p1a: Starmie|[miss]
|-miss|p2a: Latios|p1a: Starmie
|
|-weather|RainDance|[upkeep]
|upkeep
|turn|24
|c|☆tyfcruio|ofc
|inactive|EG THE GOAT has 135 seconds left.
|
|move|p1a: Starmie|Ice Beam|p2a: Latios
|-supereffective|p2a: Latios
|-damage|p2a: Latios|0 fnt
|-damage|p1a: Starmie|68/100|[from] item: Life Orb
|faint|p2a: Latios
|
|-weather|RainDance|[upkeep]
|upkeep
|
|switch|p2a: Landorus|Landorus-Therian, M|100/100
|-damage|p2a: Landorus|88/100|[from] Stealth Rock
|-ability|p2a: Landorus|Intimidate|boost
|-unboost|p1a: Starmie|atk|1
|turn|25
|c|☆EG THE GOAT|tailwind tornadus
|c|☆EG THE GOAT|kyurem is gg
|
|move|p1a: Starmie|Ice Beam|p2a: Landorus
|-supereffective|p2a: Landorus
|-damage|p2a: Landorus|0 fnt
|-damage|p1a: Starmie|58/100|[from] item: Life Orb
|faint|p2a: Landorus
|
|win|EG THE GOAT
|c|☆tyfcruio|mmh I don't care
|l|☆tyfcruio
|c|☆EG THE GOAT|gg
|raw|EG THE GOAT's rating: 1337 &rarr; <strong>1357</strong><br />(+20 for winning)
|raw|tyfcruio's rating: 1346 &rarr; <strong>1326</strong><br />(-20 for losing)
