|j|☆TommyULi
|j|☆ChampionZheLi
|player|p1|TommyULi|gambler|1338
|player|p2|ChampionZheLi|darach|1492
|teamsize|p1|6
|teamsize|p2|6
|gametype|singles
|gen|5
|tier|[Gen 5] OU
|rated|
|clearpoke
|poke|p1|Politoed, F|item
|poke|p1|Jirachi|item
|poke|p1|Forretress, F|item
|poke|p1|Espeon, M|item
|poke|p1|Moltres|item
|poke|p1|Dragonite, M|item
|poke|p2|Mamoswine, M|item
|poke|p2|Kyurem-Black|item
|poke|p2|Latios, M|item
|poke|p2|Magnezone|item
|poke|p2|Scizor, M|item
|poke|p2|Salamence, M|item
|rule|Species Clause: Limit one of each Pokémon
|rule|OHKO Clause: OHKO moves are banned
|rule|Moody Clause: Moody is banned
|rule|Evasion Moves Clause: Evasion moves are banned
|rule|Endless Battle Clause: Forcing endless battles is banned
|rule|HP Percentage Mod: HP is shown in percentages
|rule|Evasion Abilities Clause: Evasion abilities are banned
|rule|Baton Pass Clause: Limit one Baton Passer, can't pass Spe and other stats simultaneously
|rule|Sleep Clause: Sleep-inducing moves are banned
|rule|Swagger Clause: Swagger is banned
|teampreview
|inactive|Battle timer is ON: inactive players will automatically lose when time's up. (requested by ChampionZheLi)
|
|start
|switch|p1a: Politoed|Politoed, F, shiny|100/100
|switch|p2a: Mamoswine|Mamoswine, M|100/100
|-weather|RainDance|[from] ability: Drizzle|[of] p1a: Politoed
|turn|1
|
|move|p2a: Mamoswine|Stealth Rock|p1a: Politoed
|-sidestart|p1: TommyULi|move: Stealth Rock
|move|p1a: Politoed|Scald|p2a: Mamoswine
|-supereffective|p2a: Mamoswine
|-enditem|p2a: Mamoswine|Focus Sash
|-damage|p2a: Mamoswine|1/100
|
|-weather|RainDance|[upkeep]
|upkeep
|turn|2
|
|move|p2a: Mamoswine|Endeavor|p1a: Politoed
|-damage|p1a: Politoed|1/100
|move|p1a: Politoed|Scald|p2a: Mamoswine
|-supereffective|p2a: Mamoswine
|-damage|p2a: Mamoswine|0 fnt
|faint|p2a: Mamoswine
|
|-weather|RainDance|[upkeep]
|upkeep
|
|switch|p2a: Magnezone|Magnezone|100/100
|-item|p2a: Magnezone|Air Balloon
|turn|3
|
|move|p1a: Politoed|Scald|p2a: Magnezone
|-damage|p2a: Magnezone|1/100
|-enditem|p2a: Magnezone|Air Balloon
|move|p2a: Magnezone|Sunny Day|p2a: Magnezone
|-weather|SunnyDay
|
|-weather|SunnyDay|[upkeep]
|upkeep
|turn|4
|
|switch|p1a: Forretress|Forretress, F|100/100
|-damage|p1a: Forretress|88/100|[from] Stealth Rock
|switch|p2a: Latios|Latios, M|100/100
|
|-weather|SunnyDay|[upkeep]
|-heal|p1a: Forretress|94/100|[from] item: Leftovers
|upkeep
|turn|5
|
|move|p2a: Latios|Draco Meteor|p1a: Forretress|[miss]
|-miss|p2a: Latios|p1a: Forretress
|move|p1a: Forretress|Rapid Spin|p2a: Latios
|-damage|p2a: Latios|95/100
|-sideend|p1: TommyULi|Stealth Rock|[from] move: Rapid Spin|[of] p1a: Forretress
|
|-weather|SunnyDay|[upkeep]
|-heal|p1a: Forretress|100/100|[from] item: Leftovers
|upkeep
|turn|6
|
|move|p2a: Latios|Draco Meteor|p1a: Forretress
|-resisted|p1a: Forretress
|-damage|p1a: Forretress|50/100
|-unboost|p2a: Latios|spa|2
|move|p1a: Forretress|Stealth Rock|p2a: Latios
|-sidestart|p2: ChampionZheLi|move: Stealth Rock
|
|-weather|SunnyDay|[upkeep]
|-heal|p1a: Forretress|56/100|[from] item: Leftovers
|upkeep
|turn|7
|
|switch|p2a: Magnezone|Magnezone|1/100
|-damage|p2a: Magnezone|0 fnt|[from] Stealth Rock
|faint|p2a: Magnezone
|move|p1a: Forretress|Gyro Ball|p2: Magnezone|[notarget]
|-fail|p1a: Forretress
|
|-weather|none
|-heal|p1a: Forretress|63/100|[from] item: Leftovers
|upkeep
|
|switch|p2a: Salamence|Salamence, M|100/100
|-damage|p2a: Salamence|76/100|[from] Stealth Rock
|turn|8
|inactive|TommyULi has 120 seconds left.
|
|switch|p1a: Politoed|Politoed, F, shiny|1/100
|-weather|RainDance|[from] ability: Drizzle|[of] p1a: Politoed
|move|p2a: Salamence|Fire Fang|p1a: Politoed
|-resisted|p1a: Politoed
|-crit|p1a: Politoed
|-damage|p1a: Politoed|0 fnt
|faint|p1a: Politoed
|-ability|p2a: Salamence|Moxie|boost
|-boost|p2a: Salamence|atk|1
|
|-weather|RainDance|[upkeep]
|upkeep
|inactive|TommyULi has 120 seconds left.
|
|switch|p1a: Moltres|Moltres, shiny|100/100
|-ability|p1a: Moltres|Pressure
|turn|9
|inactive|TommyULi has 120 seconds left.
|
|switch|p2a: Latios|Latios, M|95/100
|-damage|p2a: Latios|82/100|[from] Stealth Rock
|move|p1a: Moltres|Hurricane|p2a: Latios
|-damage|p2a: Latios|0 fnt
|-damage|p1a: Moltres|91/100|[from] item: Life Orb
|faint|p2a: Latios
|
|-weather|RainDance|[upkeep]
|upkeep
|
|switch|p2a: Kyurem|Kyurem-Black|100/100
|-damage|p2a: Kyurem|76/100|[from] Stealth Rock
|-ability|p2a: Kyurem|Teravolt
|turn|10
|inactive|TommyULi has 120 seconds left.
|
|move|p1a: Moltres|Hurricane|p2a: Kyurem
|-damage|p2a: Kyurem|1/100
|-damage|p1a: Moltres|81/100|[from] item: Life Orb
|move|p2a: Kyurem|Fusion Bolt|p1a: Moltres
|-supereffective|p1a: Moltres
|-damage|p1a: Moltres|0 fnt
|faint|p1a: Moltres
|
|-weather|RainDance|[upkeep]
|upkeep
|
|switch|p1a: Espeon|Espeon, M|100/100
|turn|11
|
|switch|p2a: Scizor|Scizor, M|100/100
|-damage|p2a: Scizor|88/100|[from] Stealth Rock
|move|p1a: Espeon|Psyshock|p2a: Scizor
|-resisted|p2a: Scizor
|-damage|p2a: Scizor|70/100
|
|-weather|RainDance|[upkeep]
|upkeep
|turn|12
|
|move|p1a: Espeon|Baton Pass|p1a: Espeon
|
|switch|p1a: Jirachi|Jirachi|100/100|[from]move: Baton Pass
|move|p2a: Scizor|Pursuit|p1a: Jirachi
|-damage|p1a: Jirachi|74/100
|
|-weather|RainDance|[upkeep]
|-heal|p1a: Jirachi|80/100|[from] item: Leftovers
|upkeep
|turn|13
|inactive|TommyULi has 120 seconds left.
|-message|ChampionZheLi forfeited.
|
|win|TommyULi
|l|☆ChampionZheLi
|raw|TommyULi's rating: 1338 &rarr; <strong>1367</strong><br />(+29 for winning)
|raw|ChampionZheLi's rating: 1492 &rarr; <strong>1464</strong><br />(-28 for losing)
