|j|☆joker992
|j|☆CroCoeur
|player|p1|joker992|169|1555
|player|p2|CroCoeur|blue|1510
|teamsize|p1|6
|teamsize|p2|6
|gametype|singles
|gen|5
|tier|[Gen 5] OU
|rated|
|clearpoke
|poke|p1|Kyurem-Black|item
|poke|p1|Gliscor, F|item
|poke|p1|Mamoswine, M|item
|poke|p1|Excadrill, M|item
|poke|p1|Latios, M|item
|poke|p1|Rotom-Wash|item
|poke|p2|Politoed, M|item
|poke|p2|Vaporeon, F|item
|poke|p2|Celebi|item
|poke|p2|Ferrothorn, M|item
|poke|p2|Latios, M|item
|poke|p2|Jirachi|item
|rule|Species Clause: Limit one of each Pokémon
|rule|OHKO Clause: OHKO moves are banned
|rule|Moody Clause: Moody is banned
|rule|Evasion Moves Clause: Evasion moves are banned
|rule|Endless Battle Clause: Forcing endless battles is banned
|rule|HP Percentage Mod: HP is shown in percentages
|rule|Evasion Abilities Clause: Evasion abilities are banned
|rule|Baton Pass Clause: Limit one Baton Passer, can't pass Spe and other stats simultaneously
|rule|Sleep Clause: Sleep-inducing moves are banned
|rule|Swagger Clause: Swagger is banned
|teampreview
|inactive|Battle timer is ON: inactive players will automatically lose when time's up. (requested by CroCoeur)
|
|start
|switch|p1a: Rotom|Rotom-Wash|100/100
|switch|p2a: Politoed|Politoed, M|100/100
|-weather|RainDance|[from] ability: Drizzle|[of] p2a: Politoed
|turn|1
|
|switch|p2a: Celebi|Celebi|100/100
|move|p1a: Rotom|Will-O-Wisp|p2a: Celebi
|-status|p2a: Celebi|brn
|
|-weather|RainDance|[upkeep]
|-damage|p2a: Celebi|88/100 brn|[from] brn
|upkeep
|turn|2
|
|switch|p1a: Excadrill|Excadrill, M|100/100
|-ability|p1a: Excadrill|Mold Breaker
|move|p2a: Celebi|Giga Drain|p1a: Excadrill
|-damage|p1a: Excadrill|80/100
|-heal|p2a: Celebi|99/100 brn|[from] drain|[of] p1a: Excadrill
|
|-weather|RainDance|[upkeep]
|-heal|p2a: Celebi|100/100 brn|[from] item: Leftovers
|-heal|p1a: Excadrill|87/100|[from] item: Leftovers
|-damage|p2a: Celebi|88/100 brn|[from] brn
|upkeep
|turn|3
|
|switch|p2a: Ferrothorn|Ferrothorn, M|100/100
|move|p1a: Excadrill|Stealth Rock|p2a: Ferrothorn
|-sidestart|p2: CroCoeur|move: Stealth Rock
|
|-weather|RainDance|[upkeep]
|-heal|p1a: Excadrill|93/100|[from] item: Leftovers
|upkeep
|turn|4
|
|move|p1a: Excadrill|Earthquake|p2a: Ferrothorn
|-damage|p2a: Ferrothorn|70/100
|move|p2a: Ferrothorn|Stealth Rock|p1a: Excadrill
|-sidestart|p1: joker992|move: Stealth Rock
|
|-weather|RainDance|[upkeep]
|-heal|p1a: Excadrill|99/100|[from] item: Leftovers
|-heal|p2a: Ferrothorn|76/100|[from] item: Leftovers
|upkeep
|turn|5
|
|move|p1a: Excadrill|Earthquake|p2a: Ferrothorn
|-damage|p2a: Ferrothorn|45/100
|move|p2a: Ferrothorn|Leech Seed|p1a: Excadrill
|-start|p1a: Excadrill|move: Leech Seed
|
|-weather|RainDance|[upkeep]
|-heal|p1a: Excadrill|100/100|[from] item: Leftovers
|-heal|p2a: Ferrothorn|51/100|[from] item: Leftovers
|-damage|p1a: Excadrill|88/100|[from] Leech Seed|[of] p2a: Ferrothorn
|-heal|p2a: Ferrothorn|66/100|[silent]
|upkeep
|turn|6
|
|move|p1a: Excadrill|Rapid Spin|p2a: Ferrothorn
|-resisted|p2a: Ferrothorn
|-damage|p2a: Ferrothorn|64/100
|-damage|p1a: Excadrill|75/100|[from] ability: Iron Barbs|[of] p2a: Ferrothorn
|-end|p1a: Excadrill|Leech Seed|[from] move: Rapid Spin|[of] p1a: Excadrill
|-sideend|p1: joker992|Stealth Rock|[from] move: Rapid Spin|[of] p1a: Excadrill
|move|p2a: Ferrothorn|Power Whip|p1a: Excadrill
|-damage|p1a: Excadrill|30/100
|
|-weather|RainDance|[upkeep]
|-heal|p1a: Excadrill|36/100|[from] item: Leftovers
|-heal|p2a: Ferrothorn|70/100|[from] item: Leftovers
|upkeep
|turn|7
|
|move|p1a: Excadrill|Earthquake|p2a: Ferrothorn
|-damage|p2a: Ferrothorn|41/100
|move|p2a: Ferrothorn|Stealth Rock|p1a: Excadrill
|-sidestart|p1: joker992|move: Stealth Rock
|
|-weather|RainDance|[upkeep]
|-heal|p1a: Excadrill|42/100|[from] item: Leftovers
|-heal|p2a: Ferrothorn|48/100|[from] item: Leftovers
|upkeep
|turn|8
|
|move|p1a: Excadrill|Earthquake|p2a: Ferrothorn
|-damage|p2a: Ferrothorn|15/100
|move|p2a: Ferrothorn|Power Whip|p1a: Excadrill
|-damage|p1a: Excadrill|0 fnt
|faint|p1a: Excadrill
|
|-weather|RainDance|[upkeep]
|-heal|p2a: Ferrothorn|21/100|[from] item: Leftovers
|upkeep
|
|switch|p1a: Latios|Latios, M|100/100
|-damage|p1a: Latios|88/100|[from] Stealth Rock
|turn|9
|
|move|p1a: Latios|Dragon Pulse|p2a: Ferrothorn
|-resisted|p2a: Ferrothorn
|-damage|p2a: Ferrothorn|0 fnt
|faint|p2a: Ferrothorn
|
|-weather|RainDance|[upkeep]
|upkeep
|inactive|CroCoeur has 120 seconds left.
|inactive|CroCoeur has 90 seconds left.
|
|switch|p2a: Vaporeon|Vaporeon, F|100/100
|-damage|p2a: Vaporeon|88/100|[from] Stealth Rock
|turn|10
|
|move|p1a: Latios|Dragon Pulse|p2a: Vaporeon
|-damage|p2a: Vaporeon|48/100
|move|p2a: Vaporeon|Acid Armor|p2a: Vaporeon
|-boost|p2a: Vaporeon|def|2
|
|-weather|RainDance|[upkeep]
|-heal|p2a: Vaporeon|54/100|[from] item: Leftovers
|upkeep
|turn|11
|
|move|p1a: Latios|Dragon Pulse|p2a: Vaporeon
|-damage|p2a: Vaporeon|16/100
|move|p2a: Vaporeon|Rest|p2a: Vaporeon
|-status|p2a: Vaporeon|slp|[from] move: Rest
|-heal|p2a: Vaporeon|100/100 slp|[silent]
|
|-weather|RainDance|[upkeep]
|-activate|p2a: Vaporeon|ability: Hydration
|-curestatus|p2a: Vaporeon|slp|[msg]
|upkeep
|turn|12
|
|move|p1a: Latios|Dragon Pulse|p2a: Vaporeon
|-damage|p2a: Vaporeon|61/100
|move|p2a: Vaporeon|Scald|p1a: Latios
|-resisted|p1a: Latios
|-damage|p1a: Latios|64/100
|
|-weather|RainDance|[upkeep]
|-heal|p2a: Vaporeon|67/100|[from] item: Leftovers
|upkeep
|turn|13
|
|move|p1a: Latios|Dragon Pulse|p2a: Vaporeon
|-damage|p2a: Vaporeon|26/100
|move|p2a: Vaporeon|Rest|p2a: Vaporeon
|-status|p2a: Vaporeon|slp|[from] move: Rest
|-heal|p2a: Vaporeon|100/100 slp|[silent]
|
|-weather|RainDance|[upkeep]
|-activate|p2a: Vaporeon|ability: Hydration
|-curestatus|p2a: Vaporeon|slp|[msg]
|upkeep
|turn|14
|
|move|p1a: Latios|Dragon Pulse|p2a: Vaporeon
|-damage|p2a: Vaporeon|61/100
|move|p2a: Vaporeon|Acid Armor|p2a: Vaporeon
|-boost|p2a: Vaporeon|def|2
|
|-weather|RainDance|[upkeep]
|-heal|p2a: Vaporeon|67/100|[from] item: Leftovers
|upkeep
|turn|15
|
|move|p1a: Latios|Dragon Pulse|p2a: Vaporeon
|-damage|p2a: Vaporeon|26/100
|move|p2a: Vaporeon|Rest|p2a: Vaporeon
|-status|p2a: Vaporeon|slp|[from] move: Rest
|-heal|p2a: Vaporeon|100/100 slp|[silent]
|
|-weather|RainDance|[upkeep]
|-activate|p2a: Vaporeon|ability: Hydration
|-curestatus|p2a: Vaporeon|slp|[msg]
|upkeep
|turn|16
|
|move|p1a: Latios|Dragon Pulse|p2a: Vaporeon
|-damage|p2a: Vaporeon|62/100
|move|p2a: Vaporeon|Scald|p1a: Latios
|-resisted|p1a: Latios
|-damage|p1a: Latios|42/100
|
|-weather|RainDance|[upkeep]
|-heal|p2a: Vaporeon|68/100|[from] item: Leftovers
|upkeep
|turn|17
|
|move|p1a: Latios|Dragon Pulse|p2a: Vaporeon
|-damage|p2a: Vaporeon|27/100
|move|p2a: Vaporeon|Rest|p2a: Vaporeon
|-status|p2a: Vaporeon|slp|[from] move: Rest
|-heal|p2a: Vaporeon|100/100 slp|[silent]
|
|-weather|RainDance|[upkeep]
|-activate|p2a: Vaporeon|ability: Hydration
|-curestatus|p2a: Vaporeon|slp|[msg]
|upkeep
|turn|18
|
|move|p1a: Latios|Dragon Pulse|p2a: Vaporeon
|-damage|p2a: Vaporeon|62/100
|move|p2a: Vaporeon|Acid Armor|p2a: Vaporeon
|-boost|p2a: Vaporeon|def|2
|
|-weather|RainDance|[upkeep]
|-heal|p2a: Vaporeon|68/100|[from] item: Leftovers
|upkeep
|turn|19
|inactive|CroCoeur has 120 seconds left.
|
|move|p1a: Latios|Dragon Pulse|p2a: Vaporeon
|-damage|p2a: Vaporeon|30/100
|move|p2a: Vaporeon|Rest|p2a: Vaporeon
|-status|p2a: Vaporeon|slp|[from] move: Rest
|-heal|p2a: Vaporeon|100/100 slp|[silent]
|
|-weather|RainDance|[upkeep]
|-activate|p2a: Vaporeon|ability: Hydration
|-curestatus|p2a: Vaporeon|slp|[msg]
|upkeep
|turn|20
|
|move|p1a: Latios|Dragon Pulse|p2a: Vaporeon
|-damage|p2a: Vaporeon|59/100
|move|p2a: Vaporeon|Scald|p1a: Latios
|-resisted|p1a: Latios
|-damage|p1a: Latios|17/100
|-status|p1a: Latios|brn
|
|-weather|RainDance|[upkeep]
|-heal|p2a: Vaporeon|66/100|[from] item: Leftovers
|-damage|p1a: Latios|4/100 brn|[from] brn
|upkeep
|turn|21
|
|move|p1a: Latios|Dragon Pulse|p2a: Vaporeon
|-damage|p2a: Vaporeon|27/100
|move|p2a: Vaporeon|Rest|p2a: Vaporeon
|-status|p2a: Vaporeon|slp|[from] move: Rest
|-heal|p2a: Vaporeon|100/100 slp|[silent]
|
|-weather|RainDance|[upkeep]
|-activate|p2a: Vaporeon|ability: Hydration
|-curestatus|p2a: Vaporeon|slp|[msg]
|-damage|p1a: Latios|0 fnt|[from] brn
|faint|p1a: Latios
|upkeep
|
|switch|p1a: Rotom|Rotom-Wash|100/100
|-damage|p1a: Rotom|88/100|[from] Stealth Rock
|turn|22
|
|move|p1a: Rotom|Will-O-Wisp|p2a: Vaporeon
|-status|p2a: Vaporeon|brn
|move|p2a: Vaporeon|Rest|p2a: Vaporeon
|-fail|p2a: Vaporeon|heal
|
|-weather|RainDance|[upkeep]
|-heal|p1a: Rotom|94/100|[from] item: Leftovers
|-activate|p2a: Vaporeon|ability: Hydration
|-curestatus|p2a: Vaporeon|brn|[msg]
|upkeep
|turn|23
|
|move|p1a: Rotom|Will-O-Wisp|p2a: Vaporeon
|-status|p2a: Vaporeon|brn
|move|p2a: Vaporeon|Scald|p1a: Rotom
|-resisted|p1a: Rotom
|-damage|p1a: Rotom|75/100
|-status|p1a: Rotom|brn
|
|-weather|RainDance|[upkeep]
|-heal|p1a: Rotom|81/100 brn|[from] item: Leftovers
|-activate|p2a: Vaporeon|ability: Hydration
|-curestatus|p2a: Vaporeon|brn|[msg]
|-damage|p1a: Rotom|69/100 brn|[from] brn
|upkeep
|turn|24
|
|move|p1a: Rotom|Pain Split|p2a: Vaporeon
|-sethp|p2a: Vaporeon|73/100|[from] move: Pain Split|[silent]
|-sethp|p1a: Rotom|100/100 brn|[from] move: Pain Split
|move|p2a: Vaporeon|Scald|p1a: Rotom
|-resisted|p1a: Rotom
|-damage|p1a: Rotom|80/100 brn
|
|-weather|RainDance|[upkeep]
|-heal|p1a: Rotom|86/100 brn|[from] item: Leftovers
|-heal|p2a: Vaporeon|79/100|[from] item: Leftovers
|-damage|p1a: Rotom|74/100 brn|[from] brn
|upkeep
|turn|25
|
|move|p1a: Rotom|Will-O-Wisp|p2a: Vaporeon
|-status|p2a: Vaporeon|brn
|move|p2a: Vaporeon|Roar|p1a: Rotom
|drag|p1a: Kyurem|Kyurem-Black|100/100
|-damage|p1a: Kyurem|76/100|[from] Stealth Rock
|-ability|p1a: Kyurem|Teravolt
|
|-weather|RainDance|[upkeep]
|-activate|p2a: Vaporeon|ability: Hydration
|-curestatus|p2a: Vaporeon|brn|[msg]
|-heal|p2a: Vaporeon|85/100|[from] item: Leftovers
|upkeep
|turn|26
|
|switch|p1a: Rotom|Rotom-Wash|74/100 brn
|-damage|p1a: Rotom|61/100 brn|[from] Stealth Rock
|move|p2a: Vaporeon|Scald|p1a: Rotom
|-resisted|p1a: Rotom
|-damage|p1a: Rotom|41/100 brn
|
|-weather|RainDance|[upkeep]
|-heal|p1a: Rotom|47/100 brn|[from] item: Leftovers
|-heal|p2a: Vaporeon|91/100|[from] item: Leftovers
|-damage|p1a: Rotom|35/100 brn|[from] brn
|upkeep
|turn|27
|
|move|p1a: Rotom|Pain Split|p2a: Vaporeon
|-sethp|p2a: Vaporeon|57/100|[from] move: Pain Split|[silent]
|-sethp|p1a: Rotom|86/100 brn|[from] move: Pain Split
|move|p2a: Vaporeon|Roar|p1a: Rotom
|drag|p1a: Gliscor|Gliscor, F|100/100
|-damage|p1a: Gliscor|88/100|[from] Stealth Rock
|
|-weather|RainDance|[upkeep]
|-heal|p2a: Vaporeon|63/100|[from] item: Leftovers
|-status|p1a: Gliscor|tox|[from] item: Toxic Orb
|upkeep
|turn|28
|
|switch|p1a: Rotom|Rotom-Wash|86/100 brn
|-damage|p1a: Rotom|74/100 brn|[from] Stealth Rock
|move|p2a: Vaporeon|Scald|p1a: Rotom
|-resisted|p1a: Rotom
|-damage|p1a: Rotom|53/100 brn
|
|-weather|RainDance|[upkeep]
|-heal|p1a: Rotom|60/100 brn|[from] item: Leftovers
|-heal|p2a: Vaporeon|69/100|[from] item: Leftovers
|-damage|p1a: Rotom|47/100 brn|[from] brn
|upkeep
|turn|29
|
|move|p1a: Rotom|Pain Split|p2a: Vaporeon
|-sethp|p2a: Vaporeon|50/100|[from] move: Pain Split|[silent]
|-sethp|p1a: Rotom|76/100 brn|[from] move: Pain Split
|move|p2a: Vaporeon|Roar|p1a: Rotom
|drag|p1a: Gliscor|Gliscor, F|88/100 tox
|-damage|p1a: Gliscor|75/100 tox|[from] Stealth Rock
|
|-weather|RainDance|[upkeep]
|-heal|p2a: Vaporeon|56/100|[from] item: Leftovers
|-heal|p1a: Gliscor|88/100 tox|[from] ability: Poison Heal
|upkeep
|turn|30
|
|switch|p1a: Rotom|Rotom-Wash|76/100 brn
|-damage|p1a: Rotom|63/100 brn|[from] Stealth Rock
|move|p2a: Vaporeon|Roar|p1a: Rotom
|drag|p1a: Kyurem|Kyurem-Black|76/100
|-damage|p1a: Kyurem|51/100|[from] Stealth Rock
|-ability|p1a: Kyurem|Teravolt
|
|-weather|RainDance|[upkeep]
|-heal|p2a: Vaporeon|62/100|[from] item: Leftovers
|upkeep
|turn|31
|
|move|p1a: Kyurem|Fusion Bolt|p2a: Vaporeon
|-supereffective|p2a: Vaporeon
|-damage|p2a: Vaporeon|40/100
|move|p2a: Vaporeon|Rest|p2a: Vaporeon
|-status|p2a: Vaporeon|slp|[from] move: Rest
|-heal|p2a: Vaporeon|100/100 slp|[silent]
|
|-weather|RainDance|[upkeep]
|-activate|p2a: Vaporeon|ability: Hydration
|-curestatus|p2a: Vaporeon|slp|[msg]
|upkeep
|turn|32
|
|switch|p1a: Rotom|Rotom-Wash|63/100 brn
|-damage|p1a: Rotom|51/100 brn|[from] Stealth Rock
|move|p2a: Vaporeon|Roar|p1a: Rotom
|drag|p1a: Kyurem|Kyurem-Black|51/100
|-damage|p1a: Kyurem|26/100|[from] Stealth Rock
|-ability|p1a: Kyurem|Teravolt
|
|-weather|RainDance|[upkeep]
|upkeep
|turn|33
|
|move|p1a: Kyurem|Fusion Bolt|p2a: Vaporeon
|-supereffective|p2a: Vaporeon
|-damage|p2a: Vaporeon|76/100
|move|p2a: Vaporeon|Roar|p1a: Kyurem
|drag|p1a: Mamoswine|Mamoswine, M|100/100
|-damage|p1a: Mamoswine|88/100|[from] Stealth Rock
|
|-weather|RainDance|[upkeep]
|-heal|p2a: Vaporeon|82/100|[from] item: Leftovers
|upkeep
|turn|34
|
|switch|p1a: Rotom|Rotom-Wash|51/100 brn
|-damage|p1a: Rotom|38/100 brn|[from] Stealth Rock
|move|p2a: Vaporeon|Scald|p1a: Rotom
|-resisted|p1a: Rotom
|-damage|p1a: Rotom|19/100 brn
|
|-weather|RainDance|[upkeep]
|-heal|p1a: Rotom|25/100 brn|[from] item: Leftovers
|-heal|p2a: Vaporeon|88/100|[from] item: Leftovers
|-damage|p1a: Rotom|12/100 brn|[from] brn
|upkeep
|turn|35
|
|move|p1a: Rotom|Pain Split|p2a: Vaporeon
|-sethp|p2a: Vaporeon|48/100|[from] move: Pain Split|[silent]
|-sethp|p1a: Rotom|73/100 brn|[from] move: Pain Split
|move|p2a: Vaporeon|Roar|p1a: Rotom
|drag|p1a: Kyurem|Kyurem-Black|26/100
|-damage|p1a: Kyurem|1/100|[from] Stealth Rock
|-ability|p1a: Kyurem|Teravolt
|
|-weather|RainDance|[upkeep]
|-heal|p2a: Vaporeon|54/100|[from] item: Leftovers
|upkeep
|turn|36
|
|move|p1a: Kyurem|Fusion Bolt|p2a: Vaporeon
|-supereffective|p2a: Vaporeon
|-damage|p2a: Vaporeon|32/100
|move|p2a: Vaporeon|Rest|p2a: Vaporeon
|-status|p2a: Vaporeon|slp|[from] move: Rest
|-heal|p2a: Vaporeon|100/100 slp|[silent]
|
|-weather|RainDance|[upkeep]
|-activate|p2a: Vaporeon|ability: Hydration
|-curestatus|p2a: Vaporeon|slp|[msg]
|upkeep
|turn|37
|
|move|p1a: Kyurem|Fusion Bolt|p2a: Vaporeon
|-supereffective|p2a: Vaporeon
|-damage|p2a: Vaporeon|75/100
|move|p2a: Vaporeon|Scald|p1a: Kyurem
|-resisted|p1a: Kyurem
|-damage|p1a: Kyurem|0 fnt
|faint|p1a: Kyurem
|
|-weather|RainDance|[upkeep]
|-heal|p2a: Vaporeon|81/100|[from] item: Leftovers
|upkeep
|
|switch|p1a: Rotom|Rotom-Wash|73/100 brn
|-damage|p1a: Rotom|60/100 brn|[from] Stealth Rock
|turn|38
|
|move|p1a: Rotom|Volt Switch|p2a: Vaporeon
|-supereffective|p2a: Vaporeon
|-damage|p2a: Vaporeon|53/100
|
|switch|p1a: Gliscor|Gliscor, F|88/100 tox|[from]move: Volt Switch
|-damage|p1a: Gliscor|75/100 tox|[from] Stealth Rock
|move|p2a: Vaporeon|Roar|p1a: Gliscor
|drag|p1a: Mamoswine|Mamoswine, M|88/100
|-damage|p1a: Mamoswine|76/100|[from] Stealth Rock
|
|-weather|RainDance|[upkeep]
|-heal|p2a: Vaporeon|59/100|[from] item: Leftovers
|upkeep
|turn|39
|
|move|p1a: Mamoswine|Earthquake|p2a: Vaporeon
|-damage|p2a: Vaporeon|36/100
|move|p2a: Vaporeon|Scald|p1a: Mamoswine
|-supereffective|p1a: Mamoswine
|-damage|p1a: Mamoswine|0 fnt
|faint|p1a: Mamoswine
|
|-weather|RainDance|[upkeep]
|-heal|p2a: Vaporeon|42/100|[from] item: Leftovers
|upkeep
|-message|joker992 forfeited.
|
|win|CroCoeur
|l|☆joker992
|raw|joker992's rating: 1555 &rarr; <strong>1533</strong><br />(-22 for losing)
|raw|CroCoeur's rating: 1510 &rarr; <strong>1533</strong><br />(+23 for winning)
