|uhtml|medal-msg|<div class="broadcast-blue">Curious what those medals under the avatar are? PS now has Ladder Seasons! For more information, check out the <a href="https://www.smogon.com/forums/threads/3740067/">thread on Smogon.</a></div>
|uhtml|medal-msg|<div class="broadcast-blue">Curious what those medals under the avatar are? PS now has Ladder Seasons! For more information, check out the <a href="https://www.smogon.com/forums/threads/3740067/">thread on Smogon.</a></div>
|j|☆torinoko city
|j|☆BookofConke
|t:|1713510096
|gametype|singles
|player|p1|torinoko city|miku-flying|1504
|player|p2|BookofConke|silver-masters|1406
|teamsize|p1|6
|teamsize|p2|6
|gen|5
|tier|[Gen 5] OU
|rated|
|rule|Species Clause: Limit one of each Pokémon
|rule|OHKO Clause: OHKO moves are banned
|rule|Moody Clause: Moody is banned
|rule|Evasion Items Clause: Evasion items are banned
|rule|Evasion Moves Clause: Evasion moves are banned
|rule|Endless Battle Clause: Forcing endless battles is banned
|rule|HP Percentage Mod: HP is shown in percentages
|rule|Evasion Abilities Clause: Evasion abilities are banned
|rule|Sleep Moves Clause: Sleep-inducing moves are banned
|rule|Swagger Clause: Swagger is banned
|rule|Baton Pass Stat Clause: No Baton Passer may have a way to boost its stats
|clearpoke
|poke|p1|Magnezone|item
|poke|p1|Dragonite, M|item
|poke|p1|Volcarona, F|item
|poke|p1|Cloyster, M|item
|poke|p1|Garchomp, M|item
|poke|p1|Scizor, M|item
|poke|p2|Kyurem-Black|item
|poke|p2|Latios, M|item
|poke|p2|Garchomp, F|item
|poke|p2|Magnezone|item
|poke|p2|Reuniclus, F|item
|poke|p2|Jirachi|item
|teampreview
|inactive|Battle timer is ON: inactive players will automatically lose when time's up. (requested by torinoko city)
|c|☆torinoko city|hi conke
|c|☆BookofConke|Hello
|
|t:|1713510111
|start
|switch|p1a: Garchomp|Garchomp, M|100/100
|switch|p2a: Kyurem|Kyurem-Black|100/100
|-ability|p2a: Kyurem|Teravolt
|turn|1
|
|t:|1713510118
|move|p1a: Garchomp|Draco Meteor|p2a: Kyurem
|-supereffective|p2a: Kyurem
|-damage|p2a: Kyurem|0 fnt
|-unboost|p1a: Garchomp|spa|2
|faint|p2a: Kyurem
|-damage|p1a: Garchomp|91/100|[from] item: Life Orb
|
|upkeep
|
|t:|1713510133
|switch|p2a: Latios|Latios, M|100/100
|turn|2
|
|t:|1713510137
|move|p2a: Latios|Surf|p1a: Garchomp
|-damage|p1a: Garchomp|40/100
|move|p1a: Garchomp|Stealth Rock|p2a: Latios
|-sidestart|p2: BookofConke|move: Stealth Rock
|
|upkeep
|turn|3
|
|t:|1713510143
|move|p2a: Latios|Surf|p1a: Garchomp
|-damage|p1a: Garchomp|0 fnt
|faint|p1a: Garchomp
|
|upkeep
|
|t:|1713510145
|switch|p1a: Scizor|Scizor, M|100/100
|turn|4
|
|t:|1713510152
|-activate|p2a: Latios|move: Pursuit
|move|p1a: Scizor|Pursuit|p2a: Latios|[from]Pursuit
|-supereffective|p2a: Latios
|-damage|p2a: Latios|0 fnt
|faint|p2a: Latios
|-damage|p1a: Scizor|91/100|[from] item: Life Orb
|-hint|A Pokemon can't switch between when it runs out of HP and when it faints
|
|upkeep
|
|t:|1713510158
|switch|p2a: Magnezone|Magnezone|100/100
|-damage|p2a: Magnezone|94/100|[from] Stealth Rock
|turn|5
|
|t:|1713510161
|move|p2a: Magnezone|Hidden Power|p1a: Scizor
|-supereffective|p1a: Scizor
|-damage|p1a: Scizor|0 fnt
|faint|p1a: Scizor
|
|upkeep
|
|t:|1713510164
|switch|p1a: Magnezone|Magnezone|100/100
|turn|6
|
|t:|1713510167
|move|p1a: Magnezone|Hidden Power|p2a: Magnezone
|-supereffective|p2a: Magnezone
|-damage|p2a: Magnezone|0 fnt
|faint|p2a: Magnezone
|
|upkeep
|
|t:|1713510173
|switch|p2a: Garchomp|Garchomp, F|100/100
|-damage|p2a: Garchomp|94/100|[from] Stealth Rock
|turn|7
|
|t:|1713510188
|move|p2a: Garchomp|Rock Slide|p1a: Magnezone
|-resisted|p1a: Magnezone
|-damage|p1a: Magnezone|87/100
|move|p1a: Magnezone|Hidden Power|p2a: Garchomp
|-damage|p2a: Garchomp|67/100
|
|upkeep
|turn|8
|
|t:|1713510200
|switch|p2a: Reuniclus|Reuniclus, F|100/100
|move|p1a: Magnezone|Hidden Power|p2a: Reuniclus
|-damage|p2a: Reuniclus|77/100
|
|upkeep
|turn|9
|
|t:|1713510212
|switch|p1a: Volcarona|Volcarona, F|100/100
|move|p2a: Reuniclus|Focus Blast|p1a: Volcarona|[miss]
|-miss|p2a: Reuniclus|p1a: Volcarona
|
|upkeep
|turn|10
|
|t:|1713510218
|switch|p2a: Garchomp|Garchomp, F|67/100
|-damage|p2a: Garchomp|61/100|[from] Stealth Rock
|move|p1a: Volcarona|Bug Buzz|p2a: Garchomp
|-damage|p2a: Garchomp|0 fnt
|faint|p2a: Garchomp
|
|upkeep
|
|t:|1713510226
|switch|p2a: Jirachi|Jirachi|100/100
|-damage|p2a: Jirachi|94/100|[from] Stealth Rock
|turn|11
|
|t:|1713510232
|move|p1a: Volcarona|Fire Blast|p2a: Jirachi
|-supereffective|p2a: Jirachi
|-damage|p2a: Jirachi|13/100
|move|p2a: Jirachi|Body Slam|p1a: Volcarona
|-damage|p1a: Volcarona|72/100
|
|-heal|p2a: Jirachi|19/100|[from] item: Leftovers
|upkeep
|turn|12
|
|t:|1713510240
|move|p1a: Volcarona|Bug Buzz|p2a: Jirachi
|-damage|p2a: Jirachi|0 fnt
|faint|p2a: Jirachi
|
|upkeep
|c|☆BookofConke|Getting ultra farmed today
|
|t:|1713510248
|switch|p2a: Reuniclus|Reuniclus, F|77/100
|turn|13
|
|t:|1713510251
|move|p1a: Volcarona|Bug Buzz|p2a: Reuniclus
|-supereffective|p2a: Reuniclus
|-damage|p2a: Reuniclus|0 fnt
|faint|p2a: Reuniclus
|
|win|torinoko city
|raw|torinoko city's rating: 1504 &rarr; <strong>1519</strong><br />(+15 for winning)
|raw|BookofConke's rating: 1406 &rarr; <strong>1391</strong><br />(-15 for losing)
