|j|☆Claude's Journey
|j|☆daddy_days2
|t:|1746396848
|gametype|singles
|player|p1|Claude's Journey|lass-gen1rb|1345
|player|p2|daddy_days2|benga|1371
|teamsize|p1|6
|teamsize|p2|6
|gen|5
|tier|[Gen 5] OU
|rated|
|rule|Species Clause: Limit one of each Pokémon
|rule|OHKO Clause: OHKO moves are banned
|rule|Moody Clause: Moody is banned
|rule|Evasion Items Clause: Evasion items are banned
|rule|Evasion Moves Clause: Evasion moves are banned
|rule|Endless Battle Clause: Forcing endless battles is banned
|rule|HP Percentage Mod: HP is shown in percentages
|rule|Evasion Abilities Clause: Evasion abilities are banned
|rule|Sleep Moves Clause: Sleep-inducing moves are banned
|rule|Swagger Clause: Swagger is banned
|rule|Baton Pass Stat Clause: No Baton Passer may have a way to boost its stats
|clearpoke
|poke|p1|Tyranitar, M|item
|poke|p1|Forretress, M|item
|poke|p1|Zapdos|item
|poke|p1|Alakazam, F|item
|poke|p1|Seismitoad, F|item
|poke|p1|Hydreigon, F|item
|poke|p2|Kyurem-Black|item
|poke|p2|Garchomp, M|item
|poke|p2|Conkeldurr, F|item
|poke|p2|Starmie|item
|poke|p2|Bisharp, M|item
|poke|p2|Scyther, M|item
|teampreview
|inactive|Battle timer is ON: inactive players will automatically lose when time's up. (requested by daddy_days2)
|
|t:|1746396876
|start
|switch|p1a: Zapdos|Zapdos|100/100
|switch|p2a: Painkiller|Garchomp, M|100/100
|-ability|p1a: Zapdos|Pressure
|turn|1
|
|t:|1746396884
|move|p2a: Painkiller|Stealth Rock|p1a: Zapdos
|-sidestart|p1: Claude's Journey|move: Stealth Rock
|move|p1a: Zapdos|Hidden Power|p2a: Painkiller
|-supereffective|p2a: Painkiller
|-damage|p2a: Painkiller|29/100
|
|upkeep
|turn|2
|
|t:|1746396892
|switch|p2a: Insane Dwayne|Kyurem-Black|100/100
|-ability|p2a: Insane Dwayne|Teravolt
|move|p1a: Zapdos|Hidden Power|p2a: Insane Dwayne
|-damage|p2a: Insane Dwayne|83/100
|
|upkeep
|turn|3
|
|t:|1746396902
|switch|p1a: Forretress|Forretress, M|100/100
|-damage|p1a: Forretress|88/100|[from] Stealth Rock
|move|p2a: Insane Dwayne|Fusion Bolt|p1a: Forretress
|-damage|p1a: Forretress|52/100
|
|-heal|p1a: Forretress|58/100|[from] item: Leftovers
|upkeep
|turn|4
|
|t:|1746396912
|switch|p2a: Painkiller|Garchomp, M|29/100
|move|p1a: Forretress|Rapid Spin|p2a: Painkiller
|-damage|p2a: Painkiller|26/100
|-damage|p1a: Forretress|46/100|[from] ability: Rough Skin|[of] p2a: Painkiller
|-damage|p1a: Forretress|29/100|[from] item: Rocky Helmet|[of] p2a: Painkiller
|-sideend|p1: Claude's Journey|Stealth Rock|[from] move: Rapid Spin|[of] p1a: Forretress
|
|-heal|p1a: Forretress|36/100|[from] item: Leftovers
|upkeep
|turn|5
|
|t:|1746396932
|switch|p1a: Zapdos|Zapdos|100/100
|-ability|p1a: Zapdos|Pressure
|move|p2a: Painkiller|Stealth Rock|p1a: Zapdos
|-sidestart|p1: Claude's Journey|move: Stealth Rock
|
|upkeep
|turn|6
|inactive|daddy_days2 has 120 seconds left.
|
|t:|1746396963
|move|p1a: Zapdos|Volt Switch|p2a: Painkiller
|-immune|p2a: Painkiller
|move|p2a: Painkiller|Dragon Tail|p1a: Zapdos
|-damage|p1a: Zapdos|82/100
|drag|p1a: Tyranitar|Tyranitar, M|100/100
|-damage|p1a: Tyranitar|88/100|[from] Stealth Rock
|-weather|Sandstorm|[from] ability: Sand Stream|[of] p1a: Tyranitar
|
|-weather|Sandstorm|[upkeep]
|upkeep
|turn|7
|inactive|daddy_days2 has 120 seconds left.
|
|t:|1746396975
|switch|p1a: Zapdos|Zapdos|82/100
|-damage|p1a: Zapdos|57/100|[from] Stealth Rock
|-ability|p1a: Zapdos|Pressure
|move|p2a: Painkiller|Dragon Tail|p1a: Zapdos
|-damage|p1a: Zapdos|39/100
|drag|p1a: Forretress|Forretress, M|36/100
|-damage|p1a: Forretress|23/100|[from] Stealth Rock
|
|-weather|Sandstorm|[upkeep]
|-heal|p1a: Forretress|29/100|[from] item: Leftovers
|upkeep
|turn|8
|inactive|daddy_days2 has 120 seconds left.
|
|t:|1746396989
|move|p2a: Painkiller|Earthquake|p1a: Forretress
|-damage|p1a: Forretress|6/100
|move|p1a: Forretress|Rapid Spin|p2a: Painkiller
|-damage|p2a: Painkiller|24/100
|-damage|p1a: Forretress|0 fnt|[from] ability: Rough Skin|[of] p2a: Painkiller
|faint|p1a: Forretress
|
|-weather|Sandstorm|[upkeep]
|upkeep
|-message|Claude's Journey forfeited.
|
|win|daddy_days2
|raw|Claude&apos;s Journey's rating: 1345 &rarr; <strong>1326</strong><br />(-19 for losing)
|raw|daddy_days2's rating: 1371 &rarr; <strong>1390</strong><br />(+19 for winning)
|l|☆Claude's Journey
|player|p1|
