|j|☆tyranitartyrades
|j|‽killerfishsandiego
|t:|1731386891
|gametype|singles
|player|p1|tyranitartyrades|lucas|1642
|player|p2|killerfishsandiego|101|1517
|teamsize|p1|6
|teamsize|p2|6
|gen|5
|tier|[Gen 5] OU
|rated|
|rule|Species Clause: Limit one of each Pokémon
|rule|OHKO Clause: OHKO moves are banned
|rule|Moody Clause: Moody is banned
|rule|Evasion Items Clause: Evasion items are banned
|rule|Evasion Moves Clause: Evasion moves are banned
|rule|Endless Battle Clause: Forcing endless battles is banned
|rule|HP Percentage Mod: HP is shown in percentages
|rule|Evasion Abilities Clause: Evasion abilities are banned
|rule|Sleep Moves Clause: Sleep-inducing moves are banned
|rule|Swagger Clause: Swagger is banned
|rule|Baton Pass Stat Clause: No Baton Passer may have a way to boost its stats
|clearpoke
|poke|p1|Keldeo|item
|poke|p1|Tyranitar, M|item
|poke|p1|Ferrothorn, F|item
|poke|p1|Excadrill, F|item
|poke|p1|Alakazam, F|item
|poke|p1|Landorus-Therian, M|item
|poke|p2|Gliscor, M|item
|poke|p2|Starmie|item
|poke|p2|Blissey, F|item
|poke|p2|Quagsire, F|item
|poke|p2|Tyranitar, F|item
|poke|p2|Skarmory, F|item
|teampreview
|inactive|Battle timer is ON: inactive players will automatically lose when time's up. (requested by tyranitartyrades)
|
|t:|1731386911
|start
|switch|p1a: Tyranitar|Tyranitar, M|100/100
|switch|p2a: Gliscor|Gliscor, M|100/100
|-weather|Sandstorm|[from] ability: Sand Stream|[of] p1a: Tyranitar
|turn|1
|
|t:|1731386935
|move|p2a: Gliscor|Substitute|p2a: Gliscor
|-start|p2a: Gliscor|Substitute
|-damage|p2a: Gliscor|75/100
|move|p1a: Tyranitar|Ice Punch|p2a: Gliscor
|-supereffective|p2a: Gliscor
|-end|p2a: Gliscor|Substitute
|
|-weather|Sandstorm|[upkeep]
|-status|p2a: Gliscor|tox|[from] item: Toxic Orb
|upkeep
|turn|2
|
|t:|1731386949
|switch|p2a: Skarmory|Skarmory, F|100/100
|move|p1a: Tyranitar|Ice Punch|p2a: Skarmory
|-damage|p2a: Skarmory|78/100
|-damage|p1a: Tyranitar|84/100|[from] item: Rocky Helmet|[of] p2a: Skarmory
|
|-weather|Sandstorm|[upkeep]
|upkeep
|turn|3
|
|t:|1731386954
|move|p2a: Skarmory|Spikes|p1a: Tyranitar
|-sidestart|p1: tyranitartyrades|Spikes
|move|p1a: Tyranitar|Fire Punch|p2a: Skarmory
|-supereffective|p2a: Skarmory
|-damage|p2a: Skarmory|23/100
|-damage|p1a: Tyranitar|67/100|[from] item: Rocky Helmet|[of] p2a: Skarmory
|
|-weather|Sandstorm|[upkeep]
|upkeep
|turn|4
|inactive|killerfishsandiego has 120 seconds left.
|inactive|killerfishsandiego has 90 seconds left.
|
|t:|1731387041
|switch|p2a: Quagsire|Quagsire, F|100/100
|move|p1a: Tyranitar|Earthquake|p2a: Quagsire
|-damage|p2a: Quagsire|75/100
|
|-weather|Sandstorm|[upkeep]
|-heal|p2a: Quagsire|81/100|[from] item: Leftovers
|upkeep
|turn|5
|
|t:|1731387058
|switch|p1a: Ferrothorn|Ferrothorn, F|100/100
|-damage|p1a: Ferrothorn|88/100|[from] Spikes
|move|p2a: Quagsire|Earthquake|p1a: Ferrothorn
|-damage|p1a: Ferrothorn|68/100
|
|-weather|Sandstorm|[upkeep]
|-heal|p2a: Quagsire|87/100|[from] item: Leftovers
|upkeep
|turn|6
|
|t:|1731387071
|switch|p2a: Skarmory|Skarmory, F|23/100
|move|p1a: Ferrothorn|Stealth Rock|p2a: Skarmory
|-sidestart|p2: killerfishsandiego|move: Stealth Rock
|
|-weather|Sandstorm|[upkeep]
|upkeep
|turn|7
|
|t:|1731387078
|move|p2a: Skarmory|Roost|p2a: Skarmory
|-heal|p2a: Skarmory|73/100
|-singleturn|p2a: Skarmory|move: Roost
|move|p1a: Ferrothorn|Leech Seed|p2a: Skarmory
|-start|p2a: Skarmory|move: Leech Seed
|
|-weather|Sandstorm|[upkeep]
|-damage|p2a: Skarmory|61/100|[from] Leech Seed|[of] p1a: Ferrothorn
|-heal|p1a: Ferrothorn|79/100|[silent]
|upkeep
|turn|8
|
|t:|1731387082
|move|p2a: Skarmory|Spikes|p1a: Ferrothorn
|-sidestart|p1: tyranitartyrades|Spikes
|move|p1a: Ferrothorn|Spikes|p2a: Skarmory
|-sidestart|p2: killerfishsandiego|Spikes
|
|-weather|Sandstorm|[upkeep]
|-damage|p2a: Skarmory|48/100|[from] Leech Seed|[of] p1a: Ferrothorn
|-heal|p1a: Ferrothorn|90/100|[silent]
|upkeep
|turn|9
|
|t:|1731387084
|switch|p1a: Excadrill|Excadrill, F|100/100
|-damage|p1a: Excadrill|84/100|[from] Spikes
|move|p2a: Skarmory|Roost|p2a: Skarmory
|-heal|p2a: Skarmory|99/100
|-singleturn|p2a: Skarmory|move: Roost
|
|-weather|Sandstorm|[upkeep]
|-damage|p2a: Skarmory|86/100|[from] Leech Seed|[of] p1a: Excadrill
|-heal|p1a: Excadrill|95/100|[silent]
|upkeep
|turn|10
|
|t:|1731387102
|switch|p2a: Gliscor|Gliscor, M|75/100 tox
|-damage|p2a: Gliscor|63/100 tox|[from] Stealth Rock
|move|p1a: Excadrill|Rock Slide|p2a: Gliscor
|-damage|p2a: Gliscor|36/100 tox
|
|-weather|Sandstorm|[upkeep]
|-heal|p2a: Gliscor|49/100 tox|[from] ability: Poison Heal
|upkeep
|turn|11
|
|t:|1731387117
|move|p1a: Excadrill|Rock Slide|p2a: Gliscor
|-damage|p2a: Gliscor|21/100 tox
|cant|p2a: Gliscor|flinch
|
|-weather|Sandstorm|[upkeep]
|-heal|p2a: Gliscor|33/100 tox|[from] ability: Poison Heal
|upkeep
|turn|12
|
|t:|1731387127
|switch|p1a: Landorus|Landorus-Therian, M|100/100
|-ability|p1a: Landorus|Intimidate|boost
|-unboost|p2a: Gliscor|atk|1
|move|p2a: Gliscor|Protect||[still]
|-fail|p2a: Gliscor
|
|-weather|Sandstorm|[upkeep]
|-heal|p2a: Gliscor|46/100 tox|[from] ability: Poison Heal
|upkeep
|turn|13
|
|t:|1731387134
|move|p2a: Gliscor|Protect|p2a: Gliscor
|-singleturn|p2a: Gliscor|Protect
|move|p1a: Landorus|Hidden Power|p2a: Gliscor
|-activate|p2a: Gliscor|move: Protect
|
|-weather|Sandstorm|[upkeep]
|-heal|p2a: Gliscor|58/100 tox|[from] ability: Poison Heal
|upkeep
|turn|14
|inactive|killerfishsandiego has 120 seconds left.
|
|t:|1731387149
|switch|p2a: Skarmory|Skarmory, F|86/100
|-damage|p2a: Skarmory|74/100|[from] Stealth Rock
|move|p1a: Landorus|U-turn|p2a: Skarmory
|-resisted|p2a: Skarmory
|-damage|p2a: Skarmory|69/100
|-damage|p1a: Landorus|84/100|[from] item: Rocky Helmet|[of] p2a: Skarmory
|
|t:|1731387160
|switch|p1a: Alakazam|Alakazam, F|100/100|[from] U-turn
|
|-weather|Sandstorm|[upkeep]
|upkeep
|turn|15
|
|t:|1731387165
|switch|p2a: Blissey|Blissey, F|100/100
|-damage|p2a: Blissey|88/100|[from] Stealth Rock
|-damage|p2a: Blissey|76/100|[from] Spikes
|move|p1a: Alakazam|Focus Blast|p2a: Blissey|[miss]
|-miss|p1a: Alakazam|p2a: Blissey
|
|-weather|Sandstorm|[upkeep]
|-damage|p2a: Blissey|70/100|[from] Sandstorm
|-heal|p2a: Blissey|76/100|[from] item: Leftovers
|upkeep
|turn|16
|
|t:|1731387183
|move|p1a: Alakazam|Focus Blast|p2a: Blissey
|-supereffective|p2a: Blissey
|-damage|p2a: Blissey|33/100
|move|p2a: Blissey|Seismic Toss|p1a: Alakazam
|-damage|p1a: Alakazam|61/100
|
|-weather|Sandstorm|[upkeep]
|-damage|p2a: Blissey|27/100|[from] Sandstorm
|-heal|p2a: Blissey|33/100|[from] item: Leftovers
|upkeep
|turn|17
|
|t:|1731387206
|move|p1a: Alakazam|Focus Blast|p2a: Blissey
|-supereffective|p2a: Blissey
|-damage|p2a: Blissey|0 fnt
|faint|p2a: Blissey
|
|-weather|Sandstorm|[upkeep]
|upkeep
|
|t:|1731387208
|switch|p2a: Starmie|Starmie|100/100
|-damage|p2a: Starmie|88/100|[from] Stealth Rock
|-damage|p2a: Starmie|76/100|[from] Spikes
|turn|18
|
|t:|1731387211
|move|p1a: Alakazam|Shadow Ball|p2a: Starmie
|-supereffective|p2a: Starmie
|-damage|p2a: Starmie|0 fnt
|faint|p2a: Starmie
|
|-weather|Sandstorm|[upkeep]
|upkeep
|
|t:|1731387216
|switch|p2a: Tyranitar|Tyranitar, F|100/100
|-damage|p2a: Tyranitar|88/100|[from] Stealth Rock
|-damage|p2a: Tyranitar|76/100|[from] Spikes
|turn|19
|
|t:|1731387219
|move|p2a: Tyranitar|Pursuit|p1a: Alakazam
|-supereffective|p1a: Alakazam
|-damage|p1a: Alakazam|0 fnt
|faint|p1a: Alakazam
|
|-weather|Sandstorm|[upkeep]
|upkeep
|
|t:|1731387238
|switch|p1a: Keldeo|Keldeo|100/100
|-damage|p1a: Keldeo|84/100|[from] Spikes
|turn|20
|
|t:|1731387243
|move|p2a: Tyranitar|Pursuit|p1a: Keldeo
|-resisted|p1a: Keldeo
|-damage|p1a: Keldeo|73/100
|-ability|p1a: Keldeo|Justified|boost
|-boost|p1a: Keldeo|atk|1
|move|p1a: Keldeo|Calm Mind|p1a: Keldeo
|-boost|p1a: Keldeo|spa|1
|-boost|p1a: Keldeo|spd|1
|
|-weather|Sandstorm|[upkeep]
|-damage|p1a: Keldeo|66/100|[from] Sandstorm
|upkeep
|turn|21
|
|t:|1731387253
|switch|p2a: Gliscor|Gliscor, M|58/100 tox
|-damage|p2a: Gliscor|46/100 tox|[from] Stealth Rock
|move|p1a: Keldeo|Secret Sword|p2a: Gliscor
|-resisted|p2a: Gliscor
|-damage|p2a: Gliscor|24/100 tox
|
|-weather|Sandstorm|[upkeep]
|-damage|p1a: Keldeo|60/100|[from] Sandstorm
|-heal|p2a: Gliscor|37/100 tox|[from] ability: Poison Heal
|upkeep
|turn|22
|
|t:|1731387259
|move|p2a: Gliscor|Protect|p2a: Gliscor
|-singleturn|p2a: Gliscor|Protect
|move|p1a: Keldeo|Icy Wind|p2a: Gliscor
|-activate|p2a: Gliscor|move: Protect
|
|-weather|Sandstorm|[upkeep]
|-damage|p1a: Keldeo|54/100|[from] Sandstorm
|-heal|p2a: Gliscor|49/100 tox|[from] ability: Poison Heal
|upkeep
|turn|23
|
|t:|1731387267
|move|p2a: Gliscor|Protect|p2a: Gliscor
|-singleturn|p2a: Gliscor|Protect
|move|p1a: Keldeo|Icy Wind|p2a: Gliscor
|-activate|p2a: Gliscor|move: Protect
|
|-weather|Sandstorm|[upkeep]
|-damage|p1a: Keldeo|48/100|[from] Sandstorm
|-heal|p2a: Gliscor|62/100 tox|[from] ability: Poison Heal
|upkeep
|turn|24
|
|t:|1731387279
|move|p2a: Gliscor|Protect|p2a: Gliscor
|-singleturn|p2a: Gliscor|Protect
|move|p1a: Keldeo|Icy Wind|p2a: Gliscor
|-activate|p2a: Gliscor|move: Protect
|
|-weather|Sandstorm|[upkeep]
|-damage|p1a: Keldeo|42/100|[from] Sandstorm
|-heal|p2a: Gliscor|74/100 tox|[from] ability: Poison Heal
|upkeep
|turn|25
|
|t:|1731387287
|switch|p2a: Quagsire|Quagsire, F|87/100
|-damage|p2a: Quagsire|81/100|[from] Stealth Rock
|-damage|p2a: Quagsire|68/100|[from] Spikes
|move|p1a: Keldeo|Icy Wind|p2a: Quagsire
|-crit|p2a: Quagsire
|-damage|p2a: Quagsire|20/100
|-unboost|p2a: Quagsire|spe|1
|
|-weather|Sandstorm|[upkeep]
|-damage|p1a: Keldeo|35/100|[from] Sandstorm
|-heal|p2a: Quagsire|26/100|[from] item: Leftovers
|upkeep
|turn|26
|
|t:|1731387299
|move|p1a: Keldeo|Hidden Power|p2a: Quagsire
|-supereffective|p2a: Quagsire
|-damage|p2a: Quagsire|0 fnt
|faint|p2a: Quagsire
|
|-weather|Sandstorm|[upkeep]
|-damage|p1a: Keldeo|29/100|[from] Sandstorm
|upkeep
|
|t:|1731387303
|switch|p2a: Tyranitar|Tyranitar, F|76/100
|-damage|p2a: Tyranitar|64/100|[from] Stealth Rock
|-damage|p2a: Tyranitar|51/100|[from] Spikes
|turn|27
|
|t:|1731387326
|switch|p1a: Landorus|Landorus-Therian, M|84/100
|-ability|p1a: Landorus|Intimidate|boost
|-unboost|p2a: Tyranitar|atk|1
|move|p2a: Tyranitar|Superpower|p1a: Landorus
|-resisted|p1a: Landorus
|-damage|p1a: Landorus|69/100
|-unboost|p2a: Tyranitar|atk|1
|-unboost|p2a: Tyranitar|def|1
|
|-weather|Sandstorm|[upkeep]
|upkeep
|turn|28
|inactive|tyranitartyrades has 120 seconds left.
|
|t:|1731387352
|switch|p2a: Skarmory|Skarmory, F|69/100
|-damage|p2a: Skarmory|56/100|[from] Stealth Rock
|move|p1a: Landorus|U-turn|p2a: Skarmory
|-resisted|p2a: Skarmory
|-damage|p2a: Skarmory|50/100
|-damage|p1a: Landorus|53/100|[from] item: Rocky Helmet|[of] p2a: Skarmory
|inactive|tyranitartyrades has 90 seconds left.
|
|t:|1731387387
|switch|p1a: Tyranitar|Tyranitar, M|67/100|[from] U-turn
|-damage|p1a: Tyranitar|51/100|[from] Spikes
|
|-weather|Sandstorm|[upkeep]
|upkeep
|turn|29
|
|t:|1731387396
|move|p2a: Skarmory|Iron Defense|p2a: Skarmory
|-boost|p2a: Skarmory|def|2
|move|p1a: Tyranitar|Earthquake|p2a: Skarmory
|-immune|p2a: Skarmory
|
|-weather|Sandstorm|[upkeep]
|upkeep
|turn|30
|
|t:|1731387401
|switch|p1a: Ferrothorn|Ferrothorn, F|90/100
|-damage|p1a: Ferrothorn|74/100|[from] Spikes
|move|p2a: Skarmory|Roost|p2a: Skarmory
|-heal|p2a: Skarmory|100/100
|-singleturn|p2a: Skarmory|move: Roost
|
|-weather|Sandstorm|[upkeep]
|upkeep
|turn|31
|
|t:|1731387406
|move|p2a: Skarmory|Spikes|p1a: Ferrothorn
|-sidestart|p1: tyranitartyrades|Spikes
|move|p1a: Ferrothorn|Leech Seed|p2a: Skarmory
|-start|p2a: Skarmory|move: Leech Seed
|
|-weather|Sandstorm|[upkeep]
|-damage|p2a: Skarmory|88/100|[from] Leech Seed|[of] p1a: Ferrothorn
|-heal|p1a: Ferrothorn|85/100|[silent]
|upkeep
|turn|32
|
|t:|1731387409
|switch|p2a: Gliscor|Gliscor, M|74/100 tox
|-damage|p2a: Gliscor|62/100 tox|[from] Stealth Rock
|move|p1a: Ferrothorn|Spikes|p2a: Gliscor
|-sidestart|p2: killerfishsandiego|Spikes
|
|-weather|Sandstorm|[upkeep]
|-heal|p2a: Gliscor|74/100 tox|[from] ability: Poison Heal
|upkeep
|turn|33
|
|t:|1731387413
|move|p2a: Gliscor|Substitute|p2a: Gliscor
|-start|p2a: Gliscor|Substitute
|-damage|p2a: Gliscor|49/100 tox
|move|p1a: Ferrothorn|Gyro Ball|p2a: Gliscor
|-end|p2a: Gliscor|Substitute
|
|-weather|Sandstorm|[upkeep]
|-heal|p2a: Gliscor|62/100 tox|[from] ability: Poison Heal
|upkeep
|turn|34
|
|t:|1731387417
|move|p2a: Gliscor|Protect|p2a: Gliscor
|-singleturn|p2a: Gliscor|Protect
|move|p1a: Ferrothorn|Spikes|p2a: Gliscor
|-sidestart|p2: killerfishsandiego|Spikes
|
|-weather|Sandstorm|[upkeep]
|-heal|p2a: Gliscor|74/100 tox|[from] ability: Poison Heal
|upkeep
|turn|35
|
|t:|1731387423
|move|p2a: Gliscor|Substitute|p2a: Gliscor
|-start|p2a: Gliscor|Substitute
|-damage|p2a: Gliscor|49/100 tox
|move|p1a: Ferrothorn|Gyro Ball|p2a: Gliscor
|-end|p2a: Gliscor|Substitute
|
|-weather|Sandstorm|[upkeep]
|-heal|p2a: Gliscor|62/100 tox|[from] ability: Poison Heal
|upkeep
|turn|36
|
|t:|1731387430
|switch|p1a: Landorus|Landorus-Therian, M|53/100
|-ability|p1a: Landorus|Intimidate|boost
|-unboost|p2a: Gliscor|atk|1
|move|p2a: Gliscor|Stealth Rock|p1a: Landorus
|-sidestart|p1: tyranitartyrades|move: Stealth Rock
|
|-weather|Sandstorm|[upkeep]
|-heal|p2a: Gliscor|74/100 tox|[from] ability: Poison Heal
|upkeep
|turn|37
|
|t:|1731387434
|move|p2a: Gliscor|Protect|p2a: Gliscor
|-singleturn|p2a: Gliscor|Protect
|move|p1a: Landorus|Rock Polish|p1a: Landorus
|-boost|p1a: Landorus|spe|2
|
|-weather|Sandstorm|[upkeep]
|-heal|p2a: Gliscor|87/100 tox|[from] ability: Poison Heal
|upkeep
|turn|38
|
|t:|1731387462
|switch|p2a: Skarmory|Skarmory, F|88/100
|-damage|p2a: Skarmory|76/100|[from] Stealth Rock
|move|p1a: Landorus|Hidden Power|p2a: Skarmory
|-damage|p2a: Skarmory|58/100
|
|-weather|Sandstorm|[upkeep]
|upkeep
|turn|39
|
|t:|1731387468
|move|p1a: Landorus|Hidden Power|p2a: Skarmory
|-damage|p2a: Skarmory|40/100
|move|p2a: Skarmory|Roost|p2a: Skarmory
|-heal|p2a: Skarmory|90/100
|-singleturn|p2a: Skarmory|move: Roost
|
|-weather|Sandstorm|[upkeep]
|upkeep
|turn|40
|
|t:|1731387475
|move|p1a: Landorus|Hidden Power|p2a: Skarmory
|-damage|p2a: Skarmory|73/100
|move|p2a: Skarmory|Iron Defense|p2a: Skarmory
|-boost|p2a: Skarmory|def|2
|
|-weather|Sandstorm|[upkeep]
|upkeep
|turn|41
|
|t:|1731387479
|move|p1a: Landorus|Hidden Power|p2a: Skarmory
|-damage|p2a: Skarmory|55/100
|move|p2a: Skarmory|Roost|p2a: Skarmory
|-heal|p2a: Skarmory|100/100
|-singleturn|p2a: Skarmory|move: Roost
|
|-weather|Sandstorm|[upkeep]
|upkeep
|turn|42
|
|t:|1731387486
|move|p1a: Landorus|Hidden Power|p2a: Skarmory
|-damage|p2a: Skarmory|84/100
|move|p2a: Skarmory|Iron Defense|p2a: Skarmory
|-boost|p2a: Skarmory|def|2
|
|-weather|Sandstorm|[upkeep]
|upkeep
|turn|43
|
|t:|1731387490
|move|p1a: Landorus|Hidden Power|p2a: Skarmory
|-damage|p2a: Skarmory|67/100
|move|p2a: Skarmory|Iron Defense|p2a: Skarmory
|-boost|p2a: Skarmory|def|2
|
|-weather|Sandstorm|[upkeep]
|upkeep
|turn|44
|
|t:|1731387492
|move|p1a: Landorus|Hidden Power|p2a: Skarmory
|-damage|p2a: Skarmory|51/100
|move|p2a: Skarmory|Roost|p2a: Skarmory
|-heal|p2a: Skarmory|100/100
|-singleturn|p2a: Skarmory|move: Roost
|
|-weather|Sandstorm|[upkeep]
|upkeep
|turn|45
|
|t:|1731387496
|move|p1a: Landorus|Rock Polish|p1a: Landorus
|-boost|p1a: Landorus|spe|2
|move|p2a: Skarmory|Whirlwind|p1a: Landorus
|drag|p1a: Excadrill|Excadrill, F|95/100
|-damage|p1a: Excadrill|70/100|[from] Spikes
|-damage|p1a: Excadrill|67/100|[from] Stealth Rock
|
|-weather|Sandstorm|[upkeep]
|upkeep
|turn|46
|
|t:|1731387502
|move|p1a: Excadrill|Rock Slide|p2a: Skarmory|[miss]
|-miss|p1a: Excadrill|p2a: Skarmory
|move|p2a: Skarmory|Spikes||[still]
|-fail|p2a: Skarmory
|
|-weather|Sandstorm|[upkeep]
|upkeep
|turn|47
|
|t:|1731387504
|move|p1a: Excadrill|Rock Slide|p2a: Skarmory
|-damage|p2a: Skarmory|92/100
|move|p2a: Skarmory|Whirlwind|p1a: Excadrill
|drag|p1a: Landorus|Landorus-Therian, M|53/100
|-damage|p1a: Landorus|40/100|[from] Stealth Rock
|-ability|p1a: Landorus|Intimidate|boost
|-unboost|p2a: Skarmory|atk|1
|
|-weather|Sandstorm|[upkeep]
|upkeep
|turn|48
|
|t:|1731387511
|move|p1a: Landorus|Hidden Power|p2a: Skarmory
|-damage|p2a: Skarmory|75/100
|move|p2a: Skarmory|Whirlwind|p1a: Landorus
|drag|p1a: Ferrothorn|Ferrothorn, F|85/100
|-damage|p1a: Ferrothorn|60/100|[from] Spikes
|-damage|p1a: Ferrothorn|54/100|[from] Stealth Rock
|
|-weather|Sandstorm|[upkeep]
|upkeep
|turn|49
|
|t:|1731387521
|move|p1a: Ferrothorn|Leech Seed|p2a: Skarmory
|-start|p2a: Skarmory|move: Leech Seed
|move|p2a: Skarmory|Whirlwind|p1a: Ferrothorn
|drag|p1a: Tyranitar|Tyranitar, M|51/100
|-damage|p1a: Tyranitar|26/100|[from] Spikes
|-damage|p1a: Tyranitar|13/100|[from] Stealth Rock
|
|-weather|Sandstorm|[upkeep]
|-damage|p2a: Skarmory|63/100|[from] Leech Seed|[of] p1a: Tyranitar
|-heal|p1a: Tyranitar|24/100|[silent]
|upkeep
|turn|50
|
|t:|1731387530
|move|p2a: Skarmory|Roost|p2a: Skarmory
|-heal|p2a: Skarmory|100/100
|-singleturn|p2a: Skarmory|move: Roost
|move|p1a: Tyranitar|Fire Punch|p2a: Skarmory
|-supereffective|p2a: Skarmory
|-damage|p2a: Skarmory|88/100
|-damage|p1a: Tyranitar|8/100|[from] item: Rocky Helmet|[of] p2a: Skarmory
|
|-weather|Sandstorm|[upkeep]
|-damage|p2a: Skarmory|75/100|[from] Leech Seed|[of] p1a: Tyranitar
|-heal|p1a: Tyranitar|18/100|[silent]
|upkeep
|turn|51
|
|t:|1731387538
|move|p1a: Tyranitar|Earthquake|p2a: Skarmory
|-immune|p2a: Skarmory
|move|p2a: Skarmory|Whirlwind|p1a: Tyranitar
|drag|p1a: Ferrothorn|Ferrothorn, F|54/100
|-damage|p1a: Ferrothorn|29/100|[from] Spikes
|-damage|p1a: Ferrothorn|22/100|[from] Stealth Rock
|
|-weather|Sandstorm|[upkeep]
|-damage|p2a: Skarmory|63/100|[from] Leech Seed|[of] p1a: Ferrothorn
|-heal|p1a: Ferrothorn|33/100|[silent]
|upkeep
|turn|52
|
|t:|1731387546
|move|p2a: Skarmory|Roost|p2a: Skarmory
|-heal|p2a: Skarmory|100/100
|-singleturn|p2a: Skarmory|move: Roost
|move|p1a: Ferrothorn|Leech Seed|p2a: Skarmory|[miss]
|-miss|p1a: Ferrothorn|p2a: Skarmory
|
|-weather|Sandstorm|[upkeep]
|-damage|p2a: Skarmory|88/100|[from] Leech Seed|[of] p1a: Ferrothorn
|-heal|p1a: Ferrothorn|45/100|[silent]
|upkeep
|turn|53
|
|t:|1731387552
|move|p1a: Ferrothorn|Spikes||[still]
|-fail|p1a: Ferrothorn
|move|p2a: Skarmory|Whirlwind|p1a: Ferrothorn
|drag|p1a: Keldeo|Keldeo|29/100
|-damage|p1a: Keldeo|5/100|[from] Spikes
|-damage|p1a: Keldeo|0 fnt|[from] Stealth Rock
|faint|p1a: Keldeo
|
|-weather|Sandstorm|[upkeep]
|upkeep
|
|t:|1731387576
|switch|p1a: Tyranitar|Tyranitar, M|18/100
|-damage|p1a: Tyranitar|0 fnt|[from] Spikes
|faint|p1a: Tyranitar
|
|t:|1731387577
|switch|p1a: Excadrill|Excadrill, F|67/100
|-damage|p1a: Excadrill|42/100|[from] Spikes
|-damage|p1a: Excadrill|39/100|[from] Stealth Rock
|turn|54
|
|t:|1731387596
|move|p1a: Excadrill|Rock Slide|p2a: Skarmory
|-damage|p2a: Skarmory|80/100
|move|p2a: Skarmory|Whirlwind|p1a: Excadrill
|drag|p1a: Landorus|Landorus-Therian, M|40/100
|-damage|p1a: Landorus|28/100|[from] Stealth Rock
|-ability|p1a: Landorus|Intimidate|boost
|-unboost|p2a: Skarmory|atk|1
|
|-weather|Sandstorm|[upkeep]
|-damage|p2a: Skarmory|68/100|[from] Leech Seed|[of] p1a: Landorus
|-heal|p1a: Landorus|40/100|[silent]
|upkeep
|turn|55
|
|t:|1731387603
|move|p1a: Landorus|Hidden Power|p2a: Skarmory
|-damage|p2a: Skarmory|49/100
|move|p2a: Skarmory|Roost|p2a: Skarmory
|-heal|p2a: Skarmory|99/100
|-singleturn|p2a: Skarmory|move: Roost
|
|-weather|Sandstorm|[upkeep]
|-damage|p2a: Skarmory|87/100|[from] Leech Seed|[of] p1a: Landorus
|-heal|p1a: Landorus|53/100|[silent]
|upkeep
|turn|56
|
|t:|1731387609
|move|p1a: Landorus|Hidden Power|p2a: Skarmory
|-damage|p2a: Skarmory|69/100
|move|p2a: Skarmory|Whirlwind|p1a: Landorus
|drag|p1a: Excadrill|Excadrill, F|39/100
|-damage|p1a: Excadrill|14/100|[from] Spikes
|-damage|p1a: Excadrill|11/100|[from] Stealth Rock
|
|-weather|Sandstorm|[upkeep]
|-damage|p2a: Skarmory|57/100|[from] Leech Seed|[of] p1a: Excadrill
|-heal|p1a: Excadrill|22/100|[silent]
|upkeep
|turn|57
|
|t:|1731387617
|move|p1a: Excadrill|Rock Slide|p2a: Skarmory
|-damage|p2a: Skarmory|49/100
|move|p2a: Skarmory|Whirlwind|p1a: Excadrill
|drag|p1a: Ferrothorn|Ferrothorn, F|45/100
|-damage|p1a: Ferrothorn|20/100|[from] Spikes
|-damage|p1a: Ferrothorn|13/100|[from] Stealth Rock
|
|-weather|Sandstorm|[upkeep]
|-damage|p2a: Skarmory|37/100|[from] Leech Seed|[of] p1a: Ferrothorn
|-heal|p1a: Ferrothorn|24/100|[silent]
|upkeep
|turn|58
|
|t:|1731387637
|move|p2a: Skarmory|Roost|p2a: Skarmory
|-heal|p2a: Skarmory|87/100
|-singleturn|p2a: Skarmory|move: Roost
|move|p1a: Ferrothorn|Leech Seed||[still]
|-fail|p1a: Ferrothorn
|
|-weather|Sandstorm|[upkeep]
|-damage|p2a: Skarmory|75/100|[from] Leech Seed|[of] p1a: Ferrothorn
|-heal|p1a: Ferrothorn|35/100|[silent]
|upkeep
|turn|59
|
|t:|1731387642
|switch|p2a: Tyranitar|Tyranitar, F|51/100
|-damage|p2a: Tyranitar|39/100|[from] Stealth Rock
|-damage|p2a: Tyranitar|14/100|[from] Spikes
|move|p1a: Ferrothorn|Leech Seed|p2a: Tyranitar
|-start|p2a: Tyranitar|move: Leech Seed
|
|-weather|Sandstorm|[upkeep]
|-damage|p2a: Tyranitar|2/100|[from] Leech Seed|[of] p1a: Ferrothorn
|-heal|p1a: Ferrothorn|48/100|[silent]
|upkeep
|turn|60
|
|t:|1731387656
|switch|p1a: Excadrill|Excadrill, F|22/100
|-damage|p1a: Excadrill|0 fnt|[from] Spikes
|faint|p1a: Excadrill
|move|p2a: Tyranitar|Superpower|p1: Excadrill|[notarget]
|-fail|p2a: Tyranitar
|
|-weather|Sandstorm|[upkeep]
|upkeep
|
|t:|1731387660
|switch|p1a: Landorus|Landorus-Therian, M|53/100
|-damage|p1a: Landorus|40/100|[from] Stealth Rock
|-ability|p1a: Landorus|Intimidate|boost
|-unboost|p2a: Tyranitar|atk|1
|turn|61
|
|t:|1731387663
|move|p2a: Tyranitar|Superpower|p1a: Landorus
|-resisted|p1a: Landorus
|-damage|p1a: Landorus|25/100
|-unboost|p2a: Tyranitar|atk|1
|-unboost|p2a: Tyranitar|def|1
|move|p1a: Landorus|Rock Polish|p1a: Landorus
|-boost|p1a: Landorus|spe|2
|
|-weather|Sandstorm|[upkeep]
|-damage|p2a: Tyranitar|0 fnt|[from] Leech Seed|[of] p1a: Landorus
|-heal|p1a: Landorus|27/100|[silent]
|faint|p2a: Tyranitar
|upkeep
|
|t:|1731387666
|switch|p2a: Skarmory|Skarmory, F|75/100
|-damage|p2a: Skarmory|63/100|[from] Stealth Rock
|turn|62
|
|t:|1731387672
|move|p1a: Landorus|Hidden Power|p2a: Skarmory
|-damage|p2a: Skarmory|46/100
|move|p2a: Skarmory|Roost|p2a: Skarmory
|-heal|p2a: Skarmory|96/100
|-singleturn|p2a: Skarmory|move: Roost
|
|-weather|Sandstorm|[upkeep]
|upkeep
|turn|63
|
|t:|1731387680
|move|p1a: Landorus|Hidden Power|p2a: Skarmory
|-damage|p2a: Skarmory|79/100
|move|p2a: Skarmory|Whirlwind|p1a: Landorus
|drag|p1a: Ferrothorn|Ferrothorn, F|48/100
|-damage|p1a: Ferrothorn|23/100|[from] Spikes
|-damage|p1a: Ferrothorn|16/100|[from] Stealth Rock
|
|-weather|Sandstorm|[upkeep]
|upkeep
|turn|64
|
|t:|1731387687
|move|p1a: Ferrothorn|Leech Seed|p2a: Skarmory
|-start|p2a: Skarmory|move: Leech Seed
|move|p2a: Skarmory|Whirlwind|p1a: Ferrothorn
|drag|p1a: Landorus|Landorus-Therian, M|27/100
|-damage|p1a: Landorus|15/100|[from] Stealth Rock
|-ability|p1a: Landorus|Intimidate|boost
|-unboost|p2a: Skarmory|atk|1
|
|-weather|Sandstorm|[upkeep]
|-damage|p2a: Skarmory|67/100|[from] Leech Seed|[of] p1a: Landorus
|-heal|p1a: Landorus|27/100|[silent]
|upkeep
|turn|65
|
|t:|1731387692
|move|p1a: Landorus|Hidden Power|p2a: Skarmory
|-damage|p2a: Skarmory|49/100
|move|p2a: Skarmory|Roost|p2a: Skarmory
|-heal|p2a: Skarmory|99/100
|-singleturn|p2a: Skarmory|move: Roost
|
|-weather|Sandstorm|[upkeep]
|-damage|p2a: Skarmory|87/100|[from] Leech Seed|[of] p1a: Landorus
|-heal|p1a: Landorus|39/100|[silent]
|upkeep
|turn|66
|
|t:|1731387695
|move|p1a: Landorus|Rock Polish|p1a: Landorus
|-boost|p1a: Landorus|spe|2
|move|p2a: Skarmory|Whirlwind|p1a: Landorus
|drag|p1a: Ferrothorn|Ferrothorn, F|16/100
|-damage|p1a: Ferrothorn|0 fnt|[from] Spikes
|faint|p1a: Ferrothorn
|
|-weather|Sandstorm|[upkeep]
|upkeep
|
|t:|1731387697
|switch|p1a: Landorus|Landorus-Therian, M|39/100
|-damage|p1a: Landorus|27/100|[from] Stealth Rock
|-ability|p1a: Landorus|Intimidate|boost
|-unboost|p2a: Skarmory|atk|1
|turn|67
|
|t:|1731387708
|switch|p2a: Gliscor|Gliscor, M|87/100 tox
|-damage|p2a: Gliscor|74/100 tox|[from] Stealth Rock
|move|p1a: Landorus|Rock Polish|p1a: Landorus
|-boost|p1a: Landorus|spe|2
|
|-weather|Sandstorm|[upkeep]
|-heal|p2a: Gliscor|87/100 tox|[from] ability: Poison Heal
|upkeep
|turn|68
|
|t:|1731387710
|move|p2a: Gliscor|Protect|p2a: Gliscor
|-singleturn|p2a: Gliscor|Protect
|move|p1a: Landorus|Hidden Power|p2a: Gliscor
|-activate|p2a: Gliscor|move: Protect
|
|-weather|Sandstorm|[upkeep]
|-heal|p2a: Gliscor|99/100 tox|[from] ability: Poison Heal
|upkeep
|turn|69
|
|t:|1731387718
|switch|p2a: Skarmory|Skarmory, F|87/100
|-damage|p2a: Skarmory|75/100|[from] Stealth Rock
|move|p1a: Landorus|Hidden Power|p2a: Skarmory
|-damage|p2a: Skarmory|58/100
|
|-weather|Sandstorm|[upkeep]
|upkeep
|turn|70
|
|t:|1731387720
|move|p1a: Landorus|Rock Polish|p1a: Landorus
|-boost|p1a: Landorus|spe|2
|move|p2a: Skarmory|Roost|p2a: Skarmory
|-heal|p2a: Skarmory|100/100
|-singleturn|p2a: Skarmory|move: Roost
|
|-weather|Sandstorm|[upkeep]
|upkeep
|turn|71
|
|t:|1731387723
|move|p1a: Landorus|Rock Polish|p1a: Landorus
|-boost|p1a: Landorus|spe|2
|move|p2a: Skarmory|Spikes||[still]
|-fail|p2a: Skarmory
|
|-weather|Sandstorm|[upkeep]
|upkeep
|turn|72
|
|t:|1731387727
|move|p1a: Landorus|Rock Polish|p1a: Landorus
|-boost|p1a: Landorus|spe|0
|move|p2a: Skarmory|Spikes||[still]
|-fail|p2a: Skarmory
|
|-weather|Sandstorm|[upkeep]
|upkeep
|turn|73
|
|t:|1731387730
|move|p1a: Landorus|Rock Polish|p1a: Landorus
|-boost|p1a: Landorus|spe|0
|move|p2a: Skarmory|Spikes||[still]
|-fail|p2a: Skarmory
|
|-weather|Sandstorm|[upkeep]
|upkeep
|turn|74
|
|t:|1731387733
|move|p1a: Landorus|Rock Polish|p1a: Landorus
|-boost|p1a: Landorus|spe|0
|move|p2a: Skarmory|Spikes||[still]
|-fail|p2a: Skarmory
|
|-weather|Sandstorm|[upkeep]
|upkeep
|turn|75
|
|t:|1731387742
|move|p1a: Landorus|Rock Polish|p1a: Landorus
|-boost|p1a: Landorus|spe|0
|move|p2a: Skarmory|Spikes||[still]
|-fail|p2a: Skarmory
|
|-weather|Sandstorm|[upkeep]
|upkeep
|turn|76
|
|t:|1731387743
|move|p1a: Landorus|Hidden Power|p2a: Skarmory
|-damage|p2a: Skarmory|82/100
|move|p2a: Skarmory|Spikes||[still]
|-fail|p2a: Skarmory
|
|-weather|Sandstorm|[upkeep]
|upkeep
|turn|77
|
|t:|1731387747
|move|p1a: Landorus|Hidden Power|p2a: Skarmory
|-damage|p2a: Skarmory|65/100
|move|p2a: Skarmory|Spikes||[still]
|-fail|p2a: Skarmory
|
|-weather|Sandstorm|[upkeep]
|upkeep
|turn|78
|
|t:|1731387751
|move|p1a: Landorus|Rock Polish|p1a: Landorus
|-boost|p1a: Landorus|spe|0
|move|p2a: Skarmory|Spikes||[still]
|-fail|p2a: Skarmory
|
|-weather|Sandstorm|[upkeep]
|upkeep
|turn|79
|
|t:|1731387753
|move|p1a: Landorus|Rock Polish|p1a: Landorus
|-boost|p1a: Landorus|spe|0
|move|p2a: Skarmory|Spikes||[still]
|-fail|p2a: Skarmory
|
|-weather|Sandstorm|[upkeep]
|upkeep
|turn|80
|-message|tyranitartyrades forfeited.
|
|win|killerfishsandiego
|raw|tyranitartyrades's rating: 1642 &rarr; <strong>1616</strong><br />(-26 for losing)
|raw|killerfishsandiego's rating: 1534 &rarr; <strong>1560</strong><br />(+26 for winning)
