|j|☆testbwou
|j|☆KarateD35
|t:|1708956868
|gametype|singles
|player|p1|testbwou|102|1338
|player|p2|KarateD35|shadowtriad|1418
|teamsize|p1|6
|teamsize|p2|6
|gen|5
|tier|[Gen 5] OU
|rated|
|rule|Species Clause: Limit one of each Pokémon
|rule|OHKO Clause: OHKO moves are banned
|rule|Moody Clause: Moody is banned
|rule|Evasion Items Clause: Evasion items are banned
|rule|Evasion Moves Clause: Evasion moves are banned
|rule|Endless Battle Clause: Forcing endless battles is banned
|rule|HP Percentage Mod: HP is shown in percentages
|rule|Evasion Abilities Clause: Evasion abilities are banned
|rule|Sleep Moves Clause: Sleep-inducing moves are banned
|rule|Swagger Clause: Swagger is banned
|rule|Baton Pass Stat Clause: No Baton Passer may have a way to boost its stats
|clearpoke
|poke|p1|Riolu, F|item
|poke|p1|Forretress, F|item
|poke|p1|Shedinja|item
|poke|p1|Politoed, F|item
|poke|p1|Gengar, F|item
|poke|p1|Starmie|item
|poke|p2|Azelf|item
|poke|p2|Alakazam, M|item
|poke|p2|Garchomp, M|item
|poke|p2|Tyranitar, F|item
|poke|p2|Mew|item
|poke|p2|Latios, M|item
|teampreview
|inactive|Battle timer is ON: inactive players will automatically lose when time's up. (requested by testbwou)
|c|☆KarateD35|Ugh
|c|☆KarateD35|U again
|inactive|KarateD35 has 120 seconds left.
|
|t:|1708956930
|start
|switch|p1a: Forretress|Forretress, F|100/100
|switch|p2a: Envy|Azelf, shiny|100/100
|turn|1
|
|t:|1708956935
|move|p2a: Envy|Fire Punch|p1a: Forretress
|-supereffective|p1a: Forretress
|-ability|p1a: Forretress|Sturdy
|-damage|p1a: Forretress|1/100
|-damage|p2a: Envy|91/100|[from] item: Life Orb
|move|p1a: Forretress|Stealth Rock|p2a: Envy
|-sidestart|p2: KarateD35|move: Stealth Rock
|
|upkeep
|turn|2
|-enditem|p1a: Forretress|Custap Berry|[eat]
|-activate|p1a: Forretress|item: Custap Berry|[consumed]
|
|t:|1708956938
|switch|p2a: Gluttony|Tyranitar, F|100/100
|-damage|p2a: Gluttony|88/100|[from] Stealth Rock
|-weather|Sandstorm|[from] ability: Sand Stream|[of] p2a: Gluttony
|move|p1a: Forretress|Spikes|p2a: Gluttony
|-sidestart|p2: KarateD35|Spikes
|
|-weather|Sandstorm|[upkeep]
|upkeep
|turn|3
|
|t:|1708956947
|move|p1a: Forretress|Spikes|p2a: Gluttony
|-sidestart|p2: KarateD35|Spikes
|move|p2a: Gluttony|Fire Punch|p1a: Forretress
|-supereffective|p1a: Forretress
|-damage|p1a: Forretress|0 fnt
|faint|p1a: Forretress
|
|-weather|Sandstorm|[upkeep]
|upkeep
|
|t:|1708956950
|switch|p1a: Politoed|Politoed, F|100/100
|-weather|RainDance|[from] ability: Drizzle|[of] p1a: Politoed
|turn|4
|
|t:|1708956969
|move|p1a: Politoed|Surf|p2a: Gluttony
|-supereffective|p2a: Gluttony
|-damage|p2a: Gluttony|0 fnt
|faint|p2a: Gluttony
|
|-weather|RainDance|[upkeep]
|upkeep
|inactive|KarateD35 has 120 seconds left.
|
|t:|1708956992
|switch|p2a: Lust|Latios, M, shiny|100/100
|-damage|p2a: Lust|88/100|[from] Stealth Rock
|turn|5
|
|t:|1708956998
|switch|p1a: Shedinja|Shedinja|100/100
|move|p2a: Lust|Thunder|p1a: Shedinja
|-immune|p1a: Shedinja|[from] ability: Wonder Guard
|
|-weather|RainDance|[upkeep]
|upkeep
|turn|6
|
|t:|1708957004
|switch|p2a: Pride|Garchomp, M|100/100
|-damage|p2a: Pride|94/100|[from] Stealth Rock
|-damage|p2a: Pride|78/100|[from] Spikes
|move|p1a: Shedinja|Swords Dance|p1a: Shedinja
|-boost|p1a: Shedinja|atk|2
|
|-weather|RainDance|[upkeep]
|upkeep
|turn|7
|
|t:|1708957013
|move|p2a: Pride|Crunch|p1a: Shedinja
|-supereffective|p1a: Shedinja
|-enditem|p1a: Shedinja|Focus Sash
|-damage|p1a: Shedinja|100/100
|move|p1a: Shedinja|Swords Dance|p1a: Shedinja
|-boost|p1a: Shedinja|atk|2
|
|-weather|RainDance|[upkeep]
|upkeep
|turn|8
|
|t:|1708957023
|switch|p1a: Gengar|Gengar, F|100/100
|move|p2a: Pride|Crunch|p1a: Gengar
|-supereffective|p1a: Gengar
|-damage|p1a: Gengar|0 fnt
|faint|p1a: Gengar
|
|-weather|RainDance|[upkeep]
|upkeep
|
|t:|1708957026
|switch|p1a: Riolu|Riolu, F|100/100
|turn|9
|
|t:|1708957041
|move|p2a: Pride|Earthquake|p1a: Riolu
|-crit|p1a: Riolu
|-enditem|p1a: Riolu|Focus Sash
|-damage|p1a: Riolu|1/100
|move|p1a: Riolu|Roar|p2a: Pride
|drag|p2a: Envy|Azelf, shiny|91/100
|-damage|p2a: Envy|78/100|[from] Stealth Rock
|
|-weather|RainDance|[upkeep]
|upkeep
|turn|10
|
|t:|1708957062
|move|p1a: Riolu|Copycat|p1a: Riolu
|move|p1a: Riolu|Roar|p2a: Envy|[from]move: Copycat
|drag|p2a: Pride|Garchomp, M|78/100
|-damage|p2a: Pride|72/100|[from] Stealth Rock
|-damage|p2a: Pride|55/100|[from] Spikes
|
|-weather|RainDance|[upkeep]
|upkeep
|turn|11
|
|t:|1708957070
|move|p1a: Riolu|Copycat|p1a: Riolu
|move|p1a: Riolu|Roar|p2a: Pride|[from]move: Copycat
|drag|p2a: Envy|Azelf, shiny|78/100
|-damage|p2a: Envy|66/100|[from] Stealth Rock
|
|-weather|RainDance|[upkeep]
|upkeep
|turn|12
|
|t:|1708957073
|move|p1a: Riolu|Copycat|p1a: Riolu
|move|p1a: Riolu|Roar|p2a: Envy|[from]move: Copycat
|drag|p2a: Greed|Alakazam, M|100/100
|
|-weather|RainDance|[upkeep]
|upkeep
|turn|13
|
|t:|1708957087
|move|p1a: Riolu|Copycat|p1a: Riolu
|move|p1a: Riolu|Roar|p2a: Greed|[from]move: Copycat
|drag|p2a: Envy|Azelf, shiny|66/100
|-damage|p2a: Envy|54/100|[from] Stealth Rock
|
|-weather|RainDance|[upkeep]
|upkeep
|turn|14
|
|t:|1708957090
|move|p1a: Riolu|Copycat|p1a: Riolu
|move|p1a: Riolu|Roar|p2a: Envy|[from]move: Copycat
|drag|p2a: Greed|Alakazam, M|100/100
|
|-weather|RainDance|[upkeep]
|upkeep
|turn|15
|
|t:|1708957093
|move|p1a: Riolu|Copycat|p1a: Riolu
|move|p1a: Riolu|Roar|p2a: Greed|[from]move: Copycat
|drag|p2a: Sloth|Mew, shiny|100/100
|-damage|p2a: Sloth|88/100|[from] Stealth Rock
|-damage|p2a: Sloth|72/100|[from] Spikes
|
|-weather|RainDance|[upkeep]
|upkeep
|turn|16
|
|t:|1708957101
|move|p1a: Riolu|Copycat|p1a: Riolu
|move|p1a: Riolu|Roar|p2a: Sloth|[from]move: Copycat
|drag|p2a: Lust|Latios, M, shiny|88/100
|-damage|p2a: Lust|76/100|[from] Stealth Rock
|
|-weather|RainDance|[upkeep]
|upkeep
|turn|17
|
|t:|1708957112
|move|p1a: Riolu|Copycat|p1a: Riolu
|move|p1a: Riolu|Roar|p2a: Lust|[from]move: Copycat
|drag|p2a: Pride|Garchomp, M|55/100
|-damage|p2a: Pride|49/100|[from] Stealth Rock
|-damage|p2a: Pride|33/100|[from] Spikes
|
|-weather|RainDance|[upkeep]
|upkeep
|turn|18
|
|t:|1708957115
|move|p1a: Riolu|Copycat|p1a: Riolu
|move|p1a: Riolu|Roar|p2a: Pride|[from]move: Copycat
|drag|p2a: Sloth|Mew, shiny|72/100
|-damage|p2a: Sloth|59/100|[from] Stealth Rock
|-damage|p2a: Sloth|43/100|[from] Spikes
|
|-weather|RainDance|[upkeep]
|upkeep
|turn|19
|
|t:|1708957118
|move|p1a: Riolu|Copycat|p1a: Riolu
|move|p1a: Riolu|Roar|p2a: Sloth|[from]move: Copycat
|drag|p2a: Envy|Azelf, shiny|54/100
|-damage|p2a: Envy|41/100|[from] Stealth Rock
|
|-weather|RainDance|[upkeep]
|upkeep
|turn|20
|
|t:|1708957122
|move|p1a: Riolu|Copycat|p1a: Riolu
|move|p1a: Riolu|Roar|p2a: Envy|[from]move: Copycat
|drag|p2a: Greed|Alakazam, M|100/100
|
|-weather|RainDance|[upkeep]
|upkeep
|turn|21
|
|t:|1708957128
|move|p1a: Riolu|Copycat|p1a: Riolu
|move|p1a: Riolu|Roar|p2a: Greed|[from]move: Copycat
|drag|p2a: Sloth|Mew, shiny|43/100
|-damage|p2a: Sloth|30/100|[from] Stealth Rock
|-damage|p2a: Sloth|14/100|[from] Spikes
|
|-weather|RainDance|[upkeep]
|upkeep
|turn|22
|
|t:|1708957131
|move|p1a: Riolu|Copycat|p1a: Riolu
|move|p1a: Riolu|Roar|p2a: Sloth|[from]move: Copycat
|drag|p2a: Greed|Alakazam, M|100/100
|
|-weather|RainDance|[upkeep]
|upkeep
|turn|23
|
|t:|1708957141
|move|p1a: Riolu|Copycat|p1a: Riolu
|move|p1a: Riolu|Roar|p2a: Greed|[from]move: Copycat
|drag|p2a: Lust|Latios, M, shiny|76/100
|-damage|p2a: Lust|64/100|[from] Stealth Rock
|
|-weather|RainDance|[upkeep]
|upkeep
|turn|24
|
|t:|1708957153
|move|p1a: Riolu|Copycat|p1a: Riolu
|move|p1a: Riolu|Roar|p2a: Lust|[from]move: Copycat
|drag|p2a: Sloth|Mew, shiny|14/100
|-damage|p2a: Sloth|1/100|[from] Stealth Rock
|-damage|p2a: Sloth|0 fnt|[from] Spikes
|faint|p2a: Sloth
|
|-weather|RainDance|[upkeep]
|upkeep
|
|t:|1708957160
|switch|p2a: Greed|Alakazam, M|100/100
|turn|25
|
|t:|1708957166
|move|p1a: Riolu|Copycat|p1a: Riolu
|move|p1a: Riolu|Roar|p2a: Greed|[from]move: Copycat
|drag|p2a: Pride|Garchomp, M|33/100
|-damage|p2a: Pride|26/100|[from] Stealth Rock
|-damage|p2a: Pride|10/100|[from] Spikes
|
|-weather|RainDance|[upkeep]
|upkeep
|turn|26
|
|t:|1708957169
|move|p1a: Riolu|Copycat|p1a: Riolu
|move|p1a: Riolu|Roar|p2a: Pride|[from]move: Copycat
|drag|p2a: Envy|Azelf, shiny|41/100
|-damage|p2a: Envy|29/100|[from] Stealth Rock
|
|-weather|RainDance|[upkeep]
|upkeep
|turn|27
|
|t:|1708957173
|move|p1a: Riolu|Copycat|p1a: Riolu
|move|p1a: Riolu|Roar|p2a: Envy|[from]move: Copycat
|drag|p2a: Greed|Alakazam, M|100/100
|
|-weather|RainDance|[upkeep]
|upkeep
|turn|28
|
|t:|1708957176
|move|p1a: Riolu|Copycat|p1a: Riolu
|move|p1a: Riolu|Roar|p2a: Greed|[from]move: Copycat
|drag|p2a: Pride|Garchomp, M|10/100
|-damage|p2a: Pride|4/100|[from] Stealth Rock
|-damage|p2a: Pride|0 fnt|[from] Spikes
|faint|p2a: Pride
|
|-weather|RainDance|[upkeep]
|upkeep
|
|t:|1708957182
|switch|p2a: Greed|Alakazam, M|100/100
|turn|29
|
|t:|1708957183
|move|p1a: Riolu|Copycat|p1a: Riolu
|move|p1a: Riolu|Roar|p2a: Greed|[from]move: Copycat
|drag|p2a: Envy|Azelf, shiny|29/100
|-damage|p2a: Envy|17/100|[from] Stealth Rock
|
|-weather|RainDance|[upkeep]
|upkeep
|turn|30
|
|t:|1708957185
|move|p1a: Riolu|Copycat|p1a: Riolu
|move|p1a: Riolu|Roar|p2a: Envy|[from]move: Copycat
|drag|p2a: Lust|Latios, M, shiny|64/100
|-damage|p2a: Lust|51/100|[from] Stealth Rock
|
|-weather|RainDance|[upkeep]
|upkeep
|turn|31
|
|t:|1708957187
|move|p1a: Riolu|Copycat|p1a: Riolu
|move|p1a: Riolu|Roar|p2a: Lust|[from]move: Copycat
|drag|p2a: Envy|Azelf, shiny|17/100
|-damage|p2a: Envy|4/100|[from] Stealth Rock
|
|-weather|RainDance|[upkeep]
|upkeep
|turn|32
|
|t:|1708957190
|move|p1a: Riolu|Copycat|p1a: Riolu
|move|p1a: Riolu|Roar|p2a: Envy|[from]move: Copycat
|drag|p2a: Greed|Alakazam, M|100/100
|
|-weather|RainDance|[upkeep]
|upkeep
|turn|33
|
|t:|1708957191
|move|p1a: Riolu|Copycat|p1a: Riolu
|move|p1a: Riolu|Roar|p2a: Greed|[from]move: Copycat
|drag|p2a: Envy|Azelf, shiny|4/100
|-damage|p2a: Envy|0 fnt|[from] Stealth Rock
|faint|p2a: Envy
|
|-weather|RainDance|[upkeep]
|upkeep
|
|t:|1708957194
|switch|p2a: Greed|Alakazam, M|100/100
|turn|34
|
|t:|1708957196
|move|p1a: Riolu|Copycat|p1a: Riolu
|move|p1a: Riolu|Roar|p2a: Greed|[from]move: Copycat
|drag|p2a: Lust|Latios, M, shiny|51/100
|-damage|p2a: Lust|39/100|[from] Stealth Rock
|
|-weather|RainDance|[upkeep]
|upkeep
|turn|35
|
|t:|1708957199
|move|p1a: Riolu|Copycat|p1a: Riolu
|move|p1a: Riolu|Roar|p2a: Lust|[from]move: Copycat
|drag|p2a: Greed|Alakazam, M|100/100
|
|-weather|RainDance|[upkeep]
|upkeep
|turn|36
|j| SKT T1 Motherfaker
|
|t:|1708957200
|move|p1a: Riolu|Copycat|p1a: Riolu
|move|p1a: Riolu|Roar|p2a: Greed|[from]move: Copycat
|drag|p2a: Lust|Latios, M, shiny|39/100
|-damage|p2a: Lust|27/100|[from] Stealth Rock
|
|-weather|RainDance|[upkeep]
|upkeep
|turn|37
|
|t:|1708957203
|move|p1a: Riolu|Copycat|p1a: Riolu
|move|p1a: Riolu|Roar|p2a: Lust|[from]move: Copycat
|drag|p2a: Greed|Alakazam, M|100/100
|
|-weather|RainDance|[upkeep]
|upkeep
|turn|38
|
|t:|1708957206
|move|p1a: Riolu|Copycat|p1a: Riolu
|move|p1a: Riolu|Roar|p2a: Greed|[from]move: Copycat
|drag|p2a: Lust|Latios, M, shiny|27/100
|-damage|p2a: Lust|15/100|[from] Stealth Rock
|
|-weather|RainDance|[upkeep]
|upkeep
|turn|39
|
|t:|1708957208
|move|p1a: Riolu|Copycat|p1a: Riolu
|move|p1a: Riolu|Roar|p2a: Lust|[from]move: Copycat
|drag|p2a: Greed|Alakazam, M|100/100
|
|-weather|RainDance|[upkeep]
|upkeep
|turn|40
|
|t:|1708957211
|move|p1a: Riolu|Copycat|p1a: Riolu
|move|p1a: Riolu|Roar|p2a: Greed|[from]move: Copycat
|drag|p2a: Lust|Latios, M, shiny|15/100
|-damage|p2a: Lust|2/100|[from] Stealth Rock
|
|-weather|RainDance|[upkeep]
|upkeep
|turn|41
|
|t:|1708957216
|move|p1a: Riolu|Copycat|p1a: Riolu
|move|p1a: Riolu|Roar|p2a: Lust|[from]move: Copycat
|drag|p2a: Greed|Alakazam, M|100/100
|
|-weather|RainDance|[upkeep]
|upkeep
|turn|42
|
|t:|1708957220
|move|p2a: Greed|Shadow Ball|p1a: Riolu
|-damage|p1a: Riolu|0 fnt
|faint|p1a: Riolu
|
|-weather|RainDance|[upkeep]
|upkeep
|
|t:|1708957224
|switch|p1a: Politoed|Politoed, F|100/100
|turn|43
|
|t:|1708957231
|switch|p2a: Lust|Latios, M, shiny|2/100
|-damage|p2a: Lust|0 fnt|[from] Stealth Rock
|faint|p2a: Lust
|move|p1a: Politoed|Surf|p2: Lust|[notarget]
|-fail|p1a: Politoed
|
|-weather|RainDance|[upkeep]
|upkeep
|
|t:|1708957232
|switch|p2a: Greed|Alakazam, M|100/100
|turn|44
|
|t:|1708957236
|move|p1a: Politoed|Surf|p2a: Greed
|-damage|p2a: Greed|13/100
|move|p2a: Greed|Energy Ball|p1a: Politoed
|-supereffective|p1a: Politoed
|-damage|p1a: Politoed|44/100
|
|-weather|RainDance|[upkeep]
|upkeep
|turn|45
|
|t:|1708957239
|move|p1a: Politoed|Surf|p2a: Greed
|-damage|p2a: Greed|0 fnt
|faint|p2a: Greed
|
|win|testbwou
|raw|testbwou's rating: 1338 &rarr; <strong>1363</strong><br />(+25 for winning)
|raw|KarateD35's rating: 1418 &rarr; <strong>1393</strong><br />(-25 for losing)
|l|☆testbwou
|player|p1|
|l|☆KarateD35
|player|p2|
