|j|☆benjies
|j|☆XiaBanWanWan
|t:|1747904837
|gametype|singles
|player|p1|benjies|scientist|1394
|player|p2|XiaBanWanWan|sage|1332
|teamsize|p1|6
|teamsize|p2|6
|gen|5
|tier|[Gen 5] OU
|rated|
|rule|Species Clause: Limit one of each Pokémon
|rule|OHKO Clause: OHKO moves are banned
|rule|Moody Clause: Moody is banned
|rule|Evasion Items Clause: Evasion items are banned
|rule|Evasion Moves Clause: Evasion moves are banned
|rule|Endless Battle Clause: Forcing endless battles is banned
|rule|HP Percentage Mod: HP is shown in percentages
|rule|Evasion Abilities Clause: Evasion abilities are banned
|rule|Sleep Moves Clause: Sleep-inducing moves are banned
|rule|Swagger Clause: Swagger is banned
|rule|Baton Pass Stat Clause: No Baton Passer may have a way to boost its stats
|clearpoke
|poke|p1|Tyranitar, M|item
|poke|p1|Terrakion|item
|poke|p1|Amoonguss, M|item
|poke|p1|Rotom-Wash|item
|poke|p1|Landorus-Therian, M|item
|poke|p1|Excadrill, M|item
|poke|p2|Tyranitar, F|item
|poke|p2|Rotom-Wash|item
|poke|p2|Excadrill, F|item
|poke|p2|Landorus-Therian, M|item
|poke|p2|Amoonguss, F|item
|poke|p2|Kyurem|item
|teampreview
|inactive|Battle timer is ON: inactive players will automatically lose when time's up. (requested by benjies)
|
|t:|1747904870
|start
|switch|p1a: Landorus|Landorus-Therian, M|100/100
|switch|p2a: Kyurem|Kyurem|100/100
|-ability|p2a: Kyurem|Pressure
|-ability|p1a: Landorus|Intimidate|boost
|-unboost|p2a: Kyurem|atk|1
|turn|1
|
|t:|1747904883
|switch|p2a: Rotom|Rotom-Wash|100/100
|switch|p1a: Rotom|Rotom-Wash|100/100
|
|upkeep
|turn|2
|
|t:|1747904889
|switch|p2a: Amoonguss|Amoonguss, F|100/100
|move|p1a: Rotom|Will-O-Wisp|p2a: Amoonguss
|-status|p2a: Amoonguss|brn
|
|-damage|p2a: Amoonguss|88/100 brn|[from] brn
|upkeep
|turn|3
|
|t:|1747904898
|move|p1a: Rotom|Volt Switch|p2a: Amoonguss
|-resisted|p2a: Amoonguss
|-damage|p2a: Amoonguss|76/100 brn
|-enditem|p2a: Amoonguss|Eject Button
|
|t:|1747904904
|switch|p2a: Kyurem|Kyurem|100/100
|-ability|p2a: Kyurem|Pressure
|
|upkeep
|turn|4
|
|t:|1747904909
|switch|p1a: Tyranitar|Tyranitar, M|100/100
|-weather|Sandstorm|[from] ability: Sand Stream|[of] p1a: Tyranitar
|move|p2a: Kyurem|Draco Meteor|p1a: Tyranitar
|-damage|p1a: Tyranitar|54/100
|-unboost|p2a: Kyurem|spa|2
|
|-weather|Sandstorm|[upkeep]
|-damage|p2a: Kyurem|94/100|[from] Sandstorm
|upkeep
|turn|5
|
|t:|1747904914
|-activate|p2a: Kyurem|move: Pursuit
|move|p1a: Tyranitar|Pursuit|p2a: Kyurem|[from] Pursuit
|-damage|p2a: Kyurem|61/100
|switch|p2a: Landorus|Landorus-Therian, M|100/100
|-ability|p2a: Landorus|Intimidate|boost
|-unboost|p1a: Tyranitar|atk|1
|
|-weather|Sandstorm|[upkeep]
|upkeep
|turn|6
|
|t:|1747904923
|switch|p1a: Landorus|Landorus-Therian, M|100/100
|-ability|p1a: Landorus|Intimidate|boost
|-unboost|p2a: Landorus|atk|1
|move|p2a: Landorus|U-turn|p1a: Landorus
|-resisted|p1a: Landorus
|-damage|p1a: Landorus|93/100
|
|t:|1747904930
|switch|p2a: Rotom|Rotom-Wash|100/100|[from] U-turn
|
|-weather|Sandstorm|[upkeep]
|-damage|p2a: Rotom|95/100|[from] Sandstorm
|-heal|p1a: Landorus|99/100|[from] item: Leftovers
|-heal|p2a: Rotom|100/100|[from] item: Leftovers
|upkeep
|turn|7
|
|t:|1747904948
|move|p1a: Landorus|U-turn|p2a: Rotom
|-damage|p2a: Rotom|80/100
|
|t:|1747904954
|switch|p1a: Amoonguss|Amoonguss, M|100/100|[from] U-turn
|move|p2a: Rotom|Volt Switch|p1a: Amoonguss
|-resisted|p1a: Amoonguss
|-damage|p1a: Amoonguss|93/100
|-enditem|p1a: Amoonguss|Eject Button
|inactive|benjies has 120 seconds left.
|
|t:|1747904969
|switch|p1a: Terrakion|Terrakion|100/100
|
|-weather|Sandstorm|[upkeep]
|-damage|p2a: Rotom|74/100|[from] Sandstorm
|-heal|p2a: Rotom|80/100|[from] item: Leftovers
|upkeep
|turn|8
|
|t:|1747904977
|switch|p2a: Landorus|Landorus-Therian, M|100/100
|-ability|p2a: Landorus|Intimidate|boost
|-unboost|p1a: Terrakion|atk|1
|move|p1a: Terrakion|Close Combat|p2a: Landorus
|-resisted|p2a: Landorus
|-damage|p2a: Landorus|69/100
|-unboost|p1a: Terrakion|def|1
|-unboost|p1a: Terrakion|spd|1
|
|-weather|Sandstorm|[upkeep]
|-heal|p2a: Landorus|75/100|[from] item: Leftovers
|upkeep
|turn|9
|
|t:|1747904985
|switch|p1a: Amoonguss|Amoonguss, M|100/100
|move|p2a: Landorus|Stealth Rock|p1a: Amoonguss
|-sidestart|p1: benjies|move: Stealth Rock
|
|-weather|Sandstorm|[upkeep]
|-damage|p1a: Amoonguss|94/100|[from] Sandstorm
|-heal|p2a: Landorus|82/100|[from] item: Leftovers
|upkeep
|turn|10
|
|t:|1747904989
|move|p2a: Landorus|U-turn|p1a: Amoonguss
|-damage|p1a: Amoonguss|69/100
|
|t:|1747904993
|switch|p2a: Amoonguss|Amoonguss, F|100/100 brn|[from] U-turn
|move|p1a: Amoonguss|Stun Spore||[still]
|-fail|p1a: Amoonguss
|
|-weather|Sandstorm|[upkeep]
|-damage|p1a: Amoonguss|63/100|[from] Sandstorm
|-damage|p2a: Amoonguss|94/100 brn|[from] Sandstorm
|-damage|p2a: Amoonguss|82/100 brn|[from] brn
|upkeep
|turn|11
|
|t:|1747904997
|move|p1a: Amoonguss|Sludge Bomb|p2a: Amoonguss
|-damage|p2a: Amoonguss|55/100 brn
|move|p2a: Amoonguss|Stun Spore|p1a: Amoonguss
|-status|p1a: Amoonguss|par
|
|-weather|Sandstorm|[upkeep]
|-damage|p2a: Amoonguss|49/100 brn|[from] Sandstorm
|-damage|p1a: Amoonguss|57/100 par|[from] Sandstorm
|-damage|p2a: Amoonguss|37/100 brn|[from] brn
|upkeep
|turn|12
|
|t:|1747905020
|switch|p2a: Excadrill|Excadrill, F|100/100
|move|p1a: Amoonguss|Stun Spore|p2a: Excadrill|[miss]
|-miss|p1a: Amoonguss|p2a: Excadrill
|
|-weather|Sandstorm|[upkeep]
|-damage|p1a: Amoonguss|51/100 par|[from] Sandstorm
|upkeep
|turn|13
|
|t:|1747905026
|switch|p1a: Landorus|Landorus-Therian, M|99/100
|-damage|p1a: Landorus|87/100|[from] Stealth Rock
|-ability|p1a: Landorus|Intimidate|boost
|-unboost|p2a: Excadrill|atk|1
|move|p2a: Excadrill|Rock Slide|p1a: Landorus
|-damage|p1a: Landorus|64/100
|
|-weather|Sandstorm|[upkeep]
|-heal|p1a: Landorus|70/100|[from] item: Leftovers
|upkeep
|turn|14
|
|t:|1747905039
|switch|p2a: Landorus|Landorus-Therian, M|82/100
|-ability|p2a: Landorus|Intimidate|boost
|-unboost|p1a: Landorus|atk|1
|move|p1a: Landorus|Stealth Rock|p2a: Landorus
|-sidestart|p2: XiaBanWanWan|move: Stealth Rock
|
|-weather|Sandstorm|[upkeep]
|-heal|p2a: Landorus|88/100|[from] item: Leftovers
|-heal|p1a: Landorus|76/100|[from] item: Leftovers
|upkeep
|turn|15
|
|t:|1747905050
|move|p1a: Landorus|Hidden Power|p2a: Landorus
|-supereffective|p2a: Landorus
|-damage|p2a: Landorus|9/100
|move|p2a: Landorus|Hidden Power|p1a: Landorus
|-supereffective|p1a: Landorus
|-damage|p1a: Landorus|0 fnt
|faint|p1a: Landorus
|
|-weather|Sandstorm|[upkeep]
|-heal|p2a: Landorus|16/100|[from] item: Leftovers
|upkeep
|
|t:|1747905065
|switch|p1a: Excadrill|Excadrill, M|100/100
|-damage|p1a: Excadrill|97/100|[from] Stealth Rock
|turn|16
|
|t:|1747905069
|move|p1a: Excadrill|Iron Head|p2a: Landorus
|-damage|p2a: Landorus|0 fnt
|faint|p2a: Landorus
|
|-weather|Sandstorm|[upkeep]
|upkeep
|
|t:|1747905078
|switch|p2a: Excadrill|Excadrill, F|100/100
|-damage|p2a: Excadrill|97/100|[from] Stealth Rock
|turn|17
|
|t:|1747905082
|switch|p1a: Rotom|Rotom-Wash|100/100
|-damage|p1a: Rotom|88/100|[from] Stealth Rock
|move|p2a: Excadrill|Rapid Spin|p1a: Rotom
|-damage|p1a: Rotom|81/100
|-sideend|p2: XiaBanWanWan|Stealth Rock|[from] move: Rapid Spin|[of] p2a: Excadrill
|
|-weather|Sandstorm|[upkeep]
|-damage|p1a: Rotom|75/100|[from] Sandstorm
|-heal|p1a: Rotom|81/100|[from] item: Leftovers
|upkeep
|turn|18
|
|t:|1747905087
|switch|p2a: Amoonguss|Amoonguss, F|70/100 brn
|move|p1a: Rotom|Volt Switch|p2a: Amoonguss
|-resisted|p2a: Amoonguss
|-damage|p2a: Amoonguss|59/100 brn
|
|t:|1747905102
|switch|p1a: Terrakion|Terrakion|100/100|[from] Volt Switch
|-damage|p1a: Terrakion|94/100|[from] Stealth Rock
|
|-weather|Sandstorm|[upkeep]
|-damage|p2a: Amoonguss|53/100 brn|[from] Sandstorm
|-damage|p2a: Amoonguss|40/100 brn|[from] brn
|upkeep
|turn|19
|
|t:|1747905110
|move|p1a: Terrakion|Close Combat|p2a: Amoonguss
|-resisted|p2a: Amoonguss
|-damage|p2a: Amoonguss|9/100 brn
|-unboost|p1a: Terrakion|def|1
|-unboost|p1a: Terrakion|spd|1
|move|p2a: Amoonguss|Giga Drain|p1a: Terrakion
|-supereffective|p1a: Terrakion
|-damage|p1a: Terrakion|42/100
|-heal|p2a: Amoonguss|29/100 brn|[from] drain|[of] p1a: Terrakion
|
|-weather|Sandstorm|[upkeep]
|-damage|p2a: Amoonguss|23/100 brn|[from] Sandstorm
|-damage|p2a: Amoonguss|11/100 brn|[from] brn
|upkeep
|turn|20
|
|t:|1747905136
|move|p1a: Terrakion|Close Combat|p2a: Amoonguss
|-resisted|p2a: Amoonguss
|-damage|p2a: Amoonguss|0 fnt
|-unboost|p1a: Terrakion|def|1
|-unboost|p1a: Terrakion|spd|1
|faint|p2a: Amoonguss
|
|-weather|Sandstorm|[upkeep]
|upkeep
|
|t:|1747905139
|switch|p2a: Excadrill|Excadrill, F|97/100
|turn|21
|
|t:|1747905151
|switch|p1a: Rotom|Rotom-Wash|81/100
|-damage|p1a: Rotom|69/100|[from] Stealth Rock
|move|p2a: Excadrill|Iron Head|p1a: Rotom
|-resisted|p1a: Rotom
|-crit|p1a: Rotom
|-damage|p1a: Rotom|45/100
|
|-weather|Sandstorm|[upkeep]
|-damage|p1a: Rotom|39/100|[from] Sandstorm
|-heal|p1a: Rotom|45/100|[from] item: Leftovers
|upkeep
|turn|22
|inactive|XiaBanWanWan has 120 seconds left.
|
|t:|1747905168
|switch|p2a: Rotom|Rotom-Wash|80/100
|move|p1a: Rotom|Will-O-Wisp|p2a: Rotom
|-status|p2a: Rotom|brn
|
|-weather|Sandstorm|[upkeep]
|-damage|p2a: Rotom|74/100 brn|[from] Sandstorm
|-damage|p1a: Rotom|39/100|[from] Sandstorm
|-heal|p2a: Rotom|80/100 brn|[from] item: Leftovers
|-heal|p1a: Rotom|45/100|[from] item: Leftovers
|-damage|p2a: Rotom|68/100 brn|[from] brn
|upkeep
|turn|23
|inactive|XiaBanWanWan has 120 seconds left.
|
|t:|1747905186
|switch|p1a: Tyranitar|Tyranitar, M|54/100
|-damage|p1a: Tyranitar|42/100|[from] Stealth Rock
|move|p2a: Rotom|Volt Switch|p1a: Tyranitar
|-damage|p1a: Tyranitar|32/100
|
|t:|1747905196
|switch|p2a: Excadrill|Excadrill, F|97/100|[from] Volt Switch
|
|-weather|Sandstorm|[upkeep]
|upkeep
|turn|24
|
|t:|1747905201
|move|p2a: Excadrill|Iron Head|p1a: Tyranitar
|-supereffective|p1a: Tyranitar
|-damage|p1a: Tyranitar|0 fnt
|faint|p1a: Tyranitar
|
|-weather|Sandstorm|[upkeep]
|upkeep
|
|t:|1747905203
|switch|p1a: Excadrill|Excadrill, M|97/100
|-damage|p1a: Excadrill|94/100|[from] Stealth Rock
|turn|25
|inactive|XiaBanWanWan has 120 seconds left.
|
|t:|1747905213
|switch|p2a: Rotom|Rotom-Wash|68/100 brn
|move|p1a: Excadrill|Rapid Spin|p2a: Rotom
|-damage|p2a: Rotom|61/100 brn
|-sideend|p1: benjies|Stealth Rock|[from] move: Rapid Spin|[of] p1a: Excadrill
|
|-weather|Sandstorm|[upkeep]
|-damage|p2a: Rotom|55/100 brn|[from] Sandstorm
|-heal|p2a: Rotom|61/100 brn|[from] item: Leftovers
|-damage|p2a: Rotom|48/100 brn|[from] brn
|upkeep
|turn|26
|
|t:|1747905221
|switch|p1a: Amoonguss|Amoonguss, M|85/100 par
|move|p2a: Rotom|Volt Switch|p1a: Amoonguss
|-resisted|p1a: Amoonguss
|-crit|p1a: Amoonguss
|-damage|p1a: Amoonguss|67/100 par
|inactive|XiaBanWanWan has 120 seconds left.
|
|t:|1747905227
|switch|p2a: Kyurem|Kyurem|61/100|[from] Volt Switch
|-ability|p2a: Kyurem|Pressure
|
|-weather|Sandstorm|[upkeep]
|-damage|p2a: Kyurem|55/100|[from] Sandstorm
|-damage|p1a: Amoonguss|61/100 par|[from] Sandstorm
|upkeep
|turn|27
|inactive|XiaBanWanWan has 120 seconds left.
|
|t:|1747905243
|move|p2a: Kyurem|Draco Meteor|p1a: Amoonguss
|-damage|p1a: Amoonguss|0 fnt
|-unboost|p2a: Kyurem|spa|2
|faint|p1a: Amoonguss
|
|-weather|Sandstorm|[upkeep]
|-damage|p2a: Kyurem|49/100|[from] Sandstorm
|upkeep
|
|t:|1747905255
|switch|p1a: Excadrill|Excadrill, M|94/100
|turn|28
|
|t:|1747905265
|switch|p2a: Excadrill|Excadrill, F|97/100
|move|p1a: Excadrill|Iron Head|p2a: Excadrill
|-resisted|p2a: Excadrill
|-damage|p2a: Excadrill|55/100
|
|-weather|Sandstorm|[upkeep]
|upkeep
|turn|29
|
|t:|1747905276
|move|p1a: Excadrill|Iron Head|p2a: Excadrill
|-resisted|p2a: Excadrill
|-damage|p2a: Excadrill|12/100
|cant|p2a: Excadrill|flinch
|
|-weather|Sandstorm|[upkeep]
|upkeep
|turn|30
|
|t:|1747905281
|move|p1a: Excadrill|Iron Head|p2a: Excadrill
|-resisted|p2a: Excadrill
|-damage|p2a: Excadrill|0 fnt
|faint|p2a: Excadrill
|
|-weather|Sandstorm|[upkeep]
|upkeep
|
|t:|1747905286
|switch|p2a: Rotom|Rotom-Wash|48/100 brn
|turn|31
|
|t:|1747905291
|switch|p1a: Rotom|Rotom-Wash|45/100
|move|p2a: Rotom|Will-O-Wisp|p1a: Rotom
|-status|p1a: Rotom|brn
|
|-weather|Sandstorm|[upkeep]
|-damage|p2a: Rotom|42/100 brn|[from] Sandstorm
|-damage|p1a: Rotom|39/100 brn|[from] Sandstorm
|-heal|p2a: Rotom|48/100 brn|[from] item: Leftovers
|-heal|p1a: Rotom|45/100 brn|[from] item: Leftovers
|-damage|p2a: Rotom|36/100 brn|[from] brn
|-damage|p1a: Rotom|33/100 brn|[from] brn
|upkeep
|turn|32
|
|t:|1747905301
|move|p2a: Rotom|Volt Switch|p1a: Rotom
|-damage|p1a: Rotom|7/100 brn
|
|t:|1747905305
|switch|p2a: Kyurem|Kyurem|49/100|[from] Volt Switch
|-ability|p2a: Kyurem|Pressure
|move|p1a: Rotom|Hydro Pump|p2a: Kyurem
|-resisted|p2a: Kyurem
|-damage|p2a: Kyurem|30/100
|
|-weather|Sandstorm|[upkeep]
|-damage|p2a: Kyurem|24/100|[from] Sandstorm
|-damage|p1a: Rotom|1/100 brn|[from] Sandstorm
|-heal|p1a: Rotom|7/100 brn|[from] item: Leftovers
|-damage|p1a: Rotom|0 fnt|[from] brn
|faint|p1a: Rotom
|upkeep
|
|t:|1747905320
|switch|p1a: Excadrill|Excadrill, M|94/100
|turn|33
|
|t:|1747905328
|move|p1a: Excadrill|Iron Head|p2a: Kyurem
|-supereffective|p2a: Kyurem
|-damage|p2a: Kyurem|0 fnt
|faint|p2a: Kyurem
|
|-weather|Sandstorm|[upkeep]
|upkeep
|
|t:|1747905332
|switch|p2a: Rotom|Rotom-Wash|36/100 brn
|turn|34
|
|t:|1747905334
|move|p1a: Excadrill|Iron Head|p2a: Rotom
|-resisted|p2a: Rotom
|-damage|p2a: Rotom|24/100 brn
|cant|p2a: Rotom|flinch
|
|-weather|Sandstorm|[upkeep]
|-damage|p2a: Rotom|18/100 brn|[from] Sandstorm
|-heal|p2a: Rotom|24/100 brn|[from] item: Leftovers
|-damage|p2a: Rotom|11/100 brn|[from] brn
|upkeep
|turn|35
|
|t:|1747905339
|move|p1a: Excadrill|Iron Head|p2a: Rotom
|-resisted|p2a: Rotom
|-damage|p2a: Rotom|0 fnt
|faint|p2a: Rotom
|
|-weather|Sandstorm|[upkeep]
|upkeep
|
|t:|1747905341
|switch|p2a: Tyranitar|Tyranitar, F|100/100
|turn|36
|c|☆benjies|gg
|
|t:|1747905345
|move|p1a: Excadrill|Iron Head|p2a: Tyranitar
|-supereffective|p2a: Tyranitar
|-damage|p2a: Tyranitar|8/100
|move|p2a: Tyranitar|Fire Blast|p1a: Excadrill
|-supereffective|p1a: Excadrill
|-damage|p1a: Excadrill|22/100
|
|-weather|Sandstorm|[upkeep]
|upkeep
|turn|37
|
|t:|1747905348
|move|p1a: Excadrill|Iron Head|p2a: Tyranitar
|-supereffective|p2a: Tyranitar
|-damage|p2a: Tyranitar|0 fnt
|faint|p2a: Tyranitar
|
|win|benjies
|raw|benjies's rating: 1381 &rarr; <strong>1398</strong><br />(+17 for winning)
|raw|XiaBanWanWan's rating: 1332 &rarr; <strong>1315</strong><br />(-17 for losing)
