|join|FS Princess Anna
|join|Pleison
|player|p1|FS Princess Anna|96
|player|p2|Pleison|265
|gametype|singles
|gen|5
|tier|[Gen 5] OU
|rated
|rule|Evasion Abilities Clause: Evasion abilities are banned
|clearpoke
|poke|p1|Politoed, M
|poke|p1|Gliscor, M
|poke|p1|Kyurem
|poke|p1|Chansey, F
|poke|p1|Tentacruel, M
|poke|p1|Skarmory, F
|poke|p2|Alakazam, F
|poke|p2|Espeon, M
|poke|p2|Ferrothorn, M
|poke|p2|Scizor, F
|poke|p2|Rotom-Wash
|poke|p2|Salamence, F
|rule|Sleep Clause Mod: Limit one foe put to sleep
|rule|Species Clause: Limit one of each Pokemon
|rule|OHKO Clause: OHKO moves are banned
|rule|Moody Clause: Moody is banned
|rule|Evasion Moves Clause: Evasion moves are banned
|rule|Endless Battle Clause: Forcing endless battles is banned.
|rule|HP Percentage Mod: HP is reported as percentages
|teampreview
|chat|Pleison|is this princess delux
|chat|FS Princess Anna|no
|chat|FS Princess Anna|this is his team
|chat|FS Princess Anna|friend
|chat|Pleison|jesus
|chat|Pleison|i hate fighting this damn team lol
|
|start
|switch|p1a: Kyurem|Kyurem|404/404
|switch|p2a: Ferrothorn|Ferrothorn, M|339/339
|-ability|p1a: Kyurem|Pressure
|turn|1
|
|move|p1a: Kyurem|Substitute|p1a: Kyurem
|-start|p1a: Kyurem|Substitute
|-damage|p1a: Kyurem|303/404
|move|p2a: Ferrothorn|Thunder Wave|p1a: Kyurem
|
|-heal|p1a: Kyurem|328/404|[from] item: Leftovers
|turn|2
|
|move|p1a: Kyurem|Ice Beam|p2a: Ferrothorn
|-damage|p2a: Ferrothorn|197/339
|move|p2a: Ferrothorn|Power Whip|p1a: Kyurem
|-resisted|p1a: Kyurem
|-activate|p1a: Kyurem|Substitute|[damage]
|
|-heal|p1a: Kyurem|353/404|[from] item: Leftovers
|-heal|p2a: Ferrothorn|218/339|[from] item: Leftovers
|turn|3
|
|move|p1a: Kyurem|Ice Beam|p2a: Ferrothorn
|-crit|p2a: Ferrothorn
|-damage|p2a: Ferrothorn|0 fnt
|faint|p2a: Ferrothorn
|
|-heal|p1a: Kyurem|378/404|[from] item: Leftovers
|
|switch|p2a: Rotom-Wash|Rotom-Wash|304/304
|turn|4
|
|move|p1a: Kyurem|Ice Beam|p2a: Rotom-Wash
|-resisted|p2a: Rotom-Wash
|-damage|p2a: Rotom-Wash|245/304
|move|p2a: Rotom-Wash|Volt Switch|p1a: Kyurem
|-resisted|p1a: Kyurem
|-end|p1a: Kyurem|Substitute
|
|switch|p2a: Scizor|Scizor, F|344/344
|
|-heal|p1a: Kyurem|403/404|[from] item: Leftovers
|turn|5
|
|switch|p1a: Skarmory|Skarmory, F|334/334
|move|p2a: Scizor|U-turn|p1a: Skarmory
|-resisted|p1a: Skarmory
|-damage|p1a: Skarmory|302/334
|
|switch|p2a: Alakazam|Alakazam, F|252/252
|
|-heal|p1a: Skarmory|322/334|[from] item: Leftovers
|turn|6
|
|switch|p2a: Scizor|Scizor, F|344/344
|switch|p1a: Chansey|Chansey, F|642/642
|
|turn|7
|
|move|p2a: Scizor|Pursuit|p1a: Chansey|[from]Pursuit
|-crit|p1a: Chansey
|-damage|p1a: Chansey|228/642
|switch|p1a: Gliscor|Gliscor, M|353/353
|
|-status|p1a: Gliscor|tox|[from] item: Toxic Orb
|turn|8
|
|move|p1a: Gliscor|Substitute|p1a: Gliscor
|-start|p1a: Gliscor|Substitute
|-damage|p1a: Gliscor|265/353 tox
|move|p2a: Scizor|Pursuit|p1a: Gliscor
|-activate|p1a: Gliscor|Substitute|[damage]
|
|-heal|p1a: Gliscor|309/353 tox|[from] ability: Poison Heal
|turn|9
|
|move|p1a: Gliscor|Earthquake|p2a: Scizor
|-damage|p2a: Scizor|239/344
|move|p2a: Scizor|Pursuit|p1a: Gliscor
|-end|p1a: Gliscor|Substitute
|
|-heal|p1a: Gliscor|353/353 tox|[from] ability: Poison Heal
|turn|10
|
|move|p1a: Gliscor|Substitute|p1a: Gliscor
|-start|p1a: Gliscor|Substitute
|-damage|p1a: Gliscor|265/353 tox
|move|p2a: Scizor|Pursuit|p1a: Gliscor
|-activate|p1a: Gliscor|Substitute|[damage]
|
|-heal|p1a: Gliscor|309/353 tox|[from] ability: Poison Heal
|turn|11
|
|switch|p2a: Rotom-Wash|Rotom-Wash|245/304
|move|p1a: Gliscor|Toxic|p2a: Rotom-Wash
|-status|p2a: Rotom-Wash|tox
|
|-heal|p2a: Rotom-Wash|264/304 tox|[from] item: Leftovers
|-heal|p1a: Gliscor|353/353 tox|[from] ability: Poison Heal
|-damage|p2a: Rotom-Wash|245/304 tox|[from] psn
|turn|12
|
|switch|p2a: Scizor|Scizor, F|239/344
|move|p1a: Gliscor|Substitute|p1a: Gliscor
|-fail|p1a: Gliscor|move: Substitute
|
|turn|13
|
|move|p1a: Gliscor|Earthquake|p2a: Scizor
|-damage|p2a: Scizor|128/344
|move|p2a: Scizor|U-turn|p1a: Gliscor
|-resisted|p1a: Gliscor
|-end|p1a: Gliscor|Substitute
|
|switch|p2a: Alakazam|Alakazam, F|252/252
|
|turn|14
|
|move|p2a: Alakazam|Psychic|p1a: Gliscor
|-damage|p1a: Gliscor|79/353 tox
|move|p1a: Gliscor|Earthquake|p2a: Alakazam
|-damage|p2a: Alakazam|50/252
|
|-heal|p1a: Gliscor|123/353 tox|[from] ability: Poison Heal
|turn|15
|
|switch|p1a: Tentacruel|Tentacruel, M|352/352
|move|p2a: Alakazam|Psychic|p1a: Tentacruel
|-supereffective|p1a: Tentacruel
|-damage|p1a: Tentacruel|0 fnt
|faint|p1a: Tentacruel
|
|
|switch|p1a: Chansey|Chansey, F|228/642
|turn|16
|
|switch|p2a: Scizor|Scizor, F|128/344
|move|p1a: Chansey|Soft-Boiled|p1a: Chansey
|-heal|p1a: Chansey|549/642
|
|turn|17
|
|move|p2a: Scizor|Pursuit|p1a: Chansey|[from]Pursuit
|-damage|p1a: Chansey|329/642
|switch|p1a: Skarmory|Skarmory, F|322/334
|
|-heal|p1a: Skarmory|334/334|[from] item: Leftovers
|turn|18
|
|switch|p2a: Espeon|Espeon, M|272/272
|move|p1a: Skarmory|Brave Bird|p2a: Espeon
|-damage|p2a: Espeon|85/272
|-damage|p1a: Skarmory|272/334|[from] recoil|[of] p2a: Espeon
|
|-heal|p2a: Espeon|102/272|[from] item: Leftovers
|-heal|p1a: Skarmory|292/334|[from] item: Leftovers
|turn|19
|
|move|p2a: Espeon|Psyshock|p1a: Skarmory
|-resisted|p1a: Skarmory
|-damage|p1a: Skarmory|251/334
|move|p1a: Skarmory|Brave Bird|p2a: Espeon
|-damage|p2a: Espeon|0 fnt
|-damage|p1a: Skarmory|217/334|[from] recoil|[of] p2a: Espeon
|faint|p2a: Espeon
|
|-heal|p1a: Skarmory|237/334|[from] item: Leftovers
|
|switch|p2a: Rotom-Wash|Rotom-Wash|245/304 tox
|turn|20
|
|switch|p1a: Gliscor|Gliscor, M|123/353 tox
|move|p2a: Rotom-Wash|Volt Switch|p1a: Gliscor
|-immune|p1a: Gliscor|[msg]
|
|-heal|p2a: Rotom-Wash|264/304 tox|[from] item: Leftovers
|-heal|p1a: Gliscor|167/353 tox|[from] ability: Poison Heal
|-damage|p2a: Rotom-Wash|245/304 tox|[from] psn
|turn|21
|
|switch|p1a: Chansey|Chansey, F|329/642
|move|p2a: Rotom-Wash|Hydro Pump|p1a: Chansey
|-damage|p1a: Chansey|253/642
|
|-heal|p2a: Rotom-Wash|264/304 tox|[from] item: Leftovers
|-damage|p2a: Rotom-Wash|226/304 tox|[from] psn
|turn|22
|
|switch|p2a: Scizor|Scizor, F|128/344
|move|p1a: Chansey|Soft-Boiled|p1a: Chansey
|-heal|p1a: Chansey|574/642
|
|turn|23
|
|switch|p1a: Gliscor|Gliscor, M|167/353 tox
|move|p2a: Scizor|U-turn|p1a: Gliscor
|-crit|p1a: Gliscor
|-resisted|p1a: Gliscor
|-damage|p1a: Gliscor|35/353 tox
|
|switch|p2a: Salamence|Salamence, F|331/331
|
|-heal|p1a: Gliscor|79/353 tox|[from] ability: Poison Heal
|turn|24
|
|move|p2a: Salamence|Fire Blast|p1a: Gliscor
|-damage|p1a: Gliscor|0 fnt
|faint|p1a: Gliscor
|-boost|p2a: Salamence|atk|1|[from] ability: Moxie
|
|
|switch|p1a: Chansey|Chansey, F|574/642
|turn|25
|
|switch|p2a: Rotom-Wash|Rotom-Wash|226/304 tox
|move|p1a: Chansey|Seismic Toss|p2a: Rotom-Wash
|-damage|p2a: Rotom-Wash|126/304 tox
|
|-heal|p2a: Rotom-Wash|145/304 tox|[from] item: Leftovers
|-damage|p2a: Rotom-Wash|126/304 tox|[from] psn
|turn|26
|
|move|p2a: Rotom-Wash|Pain Split|p1a: Chansey
|-sethp|p1a: Chansey|350/642|p2a: Rotom-Wash|304/304 tox|[from] move: Pain Split
|move|p1a: Chansey|Seismic Toss|p2a: Rotom-Wash
|-damage|p2a: Rotom-Wash|204/304 tox
|
|-heal|p2a: Rotom-Wash|223/304 tox|[from] item: Leftovers
|-damage|p2a: Rotom-Wash|185/304 tox|[from] psn
|turn|27
|
|move|p2a: Rotom-Wash|Volt Switch|p1a: Chansey
|-damage|p1a: Chansey|307/642
|
|switch|p2a: Salamence|Salamence, F|331/331
|move|p1a: Chansey|Soft-Boiled|p1a: Chansey
|-heal|p1a: Chansey|628/642
|
|turn|28
|
|switch|p1a: Politoed|Politoed, M|384/384
|-weather|RainDance|[from] ability: Drizzle|[of] p1a: Politoed
|move|p2a: Salamence|Dragon Claw|p1a: Politoed
|-damage|p1a: Politoed|255/384
|
|-weather|RainDance|[upkeep]
|-heal|p1a: Politoed|279/384|[from] item: Leftovers
|turn|29
|
|switch|p2a: Rotom-Wash|Rotom-Wash|185/304 tox
|move|p1a: Politoed|Ice Beam|p2a: Rotom-Wash
|-resisted|p2a: Rotom-Wash
|-damage|p2a: Rotom-Wash|163/304 tox
|
|-weather|RainDance|[upkeep]
|-heal|p2a: Rotom-Wash|182/304 tox|[from] item: Leftovers
|-heal|p1a: Politoed|303/384|[from] item: Leftovers
|-damage|p2a: Rotom-Wash|163/304 tox|[from] psn
|turn|30
|
|move|p1a: Politoed|Protect|p1a: Politoed
|-singleturn|p1a: Politoed|Protect
|move|p2a: Rotom-Wash|Will-O-Wisp|p1a: Politoed
|-activate|p1a: Politoed|Protect
|
|-weather|RainDance|[upkeep]
|-heal|p2a: Rotom-Wash|182/304 tox|[from] item: Leftovers
|-heal|p1a: Politoed|327/384|[from] item: Leftovers
|-damage|p2a: Rotom-Wash|144/304 tox|[from] psn
|turn|31
|
|switch|p1a: Chansey|Chansey, F|628/642
|move|p2a: Rotom-Wash|Pain Split|p1a: Chansey
|-sethp|p1a: Chansey|386/642|p2a: Rotom-Wash|304/304 tox|[from] move: Pain Split
|
|-weather|RainDance|[upkeep]
|-damage|p2a: Rotom-Wash|247/304 tox|[from] psn
|turn|32
|
|switch|p1a: Kyurem|Kyurem|403/404
|-ability|p1a: Kyurem|Pressure
|move|p2a: Rotom-Wash|Will-O-Wisp|p1a: Kyurem
|-status|p1a: Kyurem|brn
|
|-weather|RainDance|[upkeep]
|-heal|p1a: Kyurem|404/404 brn|[from] item: Leftovers
|-heal|p2a: Rotom-Wash|266/304 tox|[from] item: Leftovers
|-damage|p1a: Kyurem|354/404 brn|[from] brn
|-damage|p2a: Rotom-Wash|190/304 tox|[from] psn
|turn|33
|
|move|p1a: Kyurem|Substitute|p1a: Kyurem
|-start|p1a: Kyurem|Substitute
|-damage|p1a: Kyurem|253/404 brn
|move|p2a: Rotom-Wash|Volt Switch|p1a: Kyurem
|-resisted|p1a: Kyurem
|-activate|p1a: Kyurem|Substitute|[damage]
|
|switch|p2a: Scizor|Scizor, F|128/344
|
|-weather|RainDance|[upkeep]
|-heal|p1a: Kyurem|278/404 brn|[from] item: Leftovers
|-damage|p1a: Kyurem|228/404 brn|[from] brn
|turn|34
|
|move|p1a: Kyurem|Earth Power|p2a: Scizor
|-damage|p2a: Scizor|0 fnt
|faint|p2a: Scizor
|
|-weather|RainDance|[upkeep]
|-heal|p1a: Kyurem|253/404 brn|[from] item: Leftovers
|-damage|p1a: Kyurem|203/404 brn|[from] brn
|
|switch|p2a: Rotom-Wash|Rotom-Wash|190/304 tox
|turn|35
|
|move|p1a: Kyurem|Roost|p1a: Kyurem
|-heal|p1a: Kyurem|404/404 brn
|move|p2a: Rotom-Wash|Volt Switch|p1a: Kyurem
|-resisted|p1a: Kyurem
|-activate|p1a: Kyurem|Substitute|[damage]
|
|switch|p2a: Alakazam|Alakazam, F|50/252
|
|-weather|RainDance|[upkeep]
|-damage|p1a: Kyurem|354/404 brn|[from] brn
|turn|36
|
|switch|p2a: Rotom-Wash|Rotom-Wash|190/304 tox
|move|p1a: Kyurem|Ice Beam|p2a: Rotom-Wash
|-resisted|p2a: Rotom-Wash
|-damage|p2a: Rotom-Wash|123/304 tox
|
|-weather|RainDance|[upkeep]
|-heal|p1a: Kyurem|379/404 brn|[from] item: Leftovers
|-heal|p2a: Rotom-Wash|142/304 tox|[from] item: Leftovers
|-damage|p1a: Kyurem|329/404 brn|[from] brn
|-damage|p2a: Rotom-Wash|123/304 tox|[from] psn
|turn|37
|
|move|p1a: Kyurem|Ice Beam|p2a: Rotom-Wash
|-resisted|p2a: Rotom-Wash
|-damage|p2a: Rotom-Wash|57/304 tox
|move|p2a: Rotom-Wash|Volt Switch|p1a: Kyurem
|-resisted|p1a: Kyurem
|-end|p1a: Kyurem|Substitute
|
|switch|p2a: Alakazam|Alakazam, F|50/252
|
|-weather|RainDance|[upkeep]
|-heal|p1a: Kyurem|354/404 brn|[from] item: Leftovers
|-damage|p1a: Kyurem|304/404 brn|[from] brn
|turn|38
|
|switch|p1a: Chansey|Chansey, F|386/642
|move|p2a: Alakazam|Focus Blast|p1a: Chansey
|-supereffective|p1a: Chansey
|-damage|p1a: Chansey|188/642
|
|-weather|RainDance|[upkeep]
|turn|39
|
|move|p2a: Alakazam|Focus Blast|p1a: Chansey
|-supereffective|p1a: Chansey
|-damage|p1a: Chansey|3/642
|move|p1a: Chansey|Seismic Toss|p2a: Alakazam
|-damage|p2a: Alakazam|0 fnt
|faint|p2a: Alakazam
|
|-weather|RainDance|[upkeep]
|chat|Pleison|u gotta be kidding me
|
|switch|p2a: Salamence|Salamence, F|331/331
|turn|40
|
|switch|p1a: Skarmory|Skarmory, F|237/334
|move|p2a: Salamence|Dragon Claw|p1a: Skarmory
|-resisted|p1a: Skarmory
|-damage|p1a: Skarmory|191/334
|
|-weather|RainDance|[upkeep]
|-heal|p1a: Skarmory|211/334|[from] item: Leftovers
|turn|41
|
|move|p2a: Salamence|Dragon Claw|p1a: Skarmory
|-resisted|p1a: Skarmory
|-damage|p1a: Skarmory|167/334
|move|p1a: Skarmory|Roost|p1a: Skarmory
|-heal|p1a: Skarmory|334/334
|
|-weather|RainDance|[upkeep]
|turn|42
|
|move|p2a: Salamence|Dragon Claw|p1a: Skarmory
|-resisted|p1a: Skarmory
|-damage|p1a: Skarmory|290/334
|move|p1a: Skarmory|Brave Bird|p2a: Salamence
|-damage|p2a: Salamence|169/331
|-damage|p1a: Skarmory|237/334|[from] recoil|[of] p2a: Salamence
|
|-weather|RainDance|[upkeep]
|-heal|p1a: Skarmory|257/334|[from] item: Leftovers
|turn|43
|
|switch|p2a: Rotom-Wash|Rotom-Wash|57/304 tox
|move|p1a: Skarmory|Brave Bird|p2a: Rotom-Wash
|-resisted|p2a: Rotom-Wash
|-damage|p2a: Rotom-Wash|0 fnt
|-damage|p1a: Skarmory|238/334|[from] recoil|[of] p2a: Rotom-Wash
|faint|p2a: Rotom-Wash
|
|-weather|RainDance|[upkeep]
|-heal|p1a: Skarmory|258/334|[from] item: Leftovers
|
|switch|p2a: Salamence|Salamence, F|169/331
|turn|44
|
|move|p2a: Salamence|Outrage|p1a: Skarmory
|-resisted|p1a: Skarmory
|-damage|p1a: Skarmory|192/334
|move|p1a: Skarmory|Roost|p1a: Skarmory
|-heal|p1a: Skarmory|334/334
|
|-weather|RainDance|[upkeep]
|turn|45
|
|move|p2a: Salamence|Outrage|p1a: Skarmory
|-resisted|p1a: Skarmory
|-damage|p1a: Skarmory|270/334
|move|p1a: Skarmory|Brave Bird|p2a: Salamence
|-damage|p2a: Salamence|15/331
|-damage|p1a: Skarmory|219/334|[from] recoil|[of] p2a: Salamence
|
|-end|p2a: Salamence|rampage
|-start|p2a: Salamence|confusion
|-weather|RainDance|[upkeep]
|-heal|p1a: Skarmory|239/334|[from] item: Leftovers
|turn|46
|chat|Pleison|gg
|chat|FS Princess Anna|gg
|
|-activate|p2a: Salamence|confusion
|move|p2a: Salamence|Outrage|p1a: Skarmory
|-resisted|p1a: Skarmory
|-damage|p1a: Skarmory|177/334
|move|p1a: Skarmory|Roost|p1a: Skarmory
|-heal|p1a: Skarmory|334/334
|
|-weather|RainDance|[upkeep]
|turn|47
|
|-activate|p2a: Salamence|confusion
|-damage|p2a: Salamence|0 fnt|[from] confusion
|faint|p2a: Salamence
|
|win|FS Princess Anna
|raw|Ladder updating...
|raw|FS Princess Anna's rating: 1384 &rarr; <strong>1401</strong><br />(+17 for winning)
|raw|Pleison's rating: 1329 &rarr; <strong>1312</strong><br />(-17 for losing)