|j|☆JeffIsGay69420
|j|‽BWR Blossum
|t:|1718840094
|gametype|singles
|player|p1|JeffIsGay69420|cynthia-masters3|1357
|player|p2|BWR Blossum|roxie|1343
|teamsize|p1|6
|teamsize|p2|6
|gen|5
|tier|[Gen 5] OU
|rated|
|rule|Species Clause: Limit one of each Pokémon
|rule|OHKO Clause: OHKO moves are banned
|rule|Moody Clause: Moody is banned
|rule|Evasion Items Clause: Evasion items are banned
|rule|Evasion Moves Clause: Evasion moves are banned
|rule|Endless Battle Clause: Forcing endless battles is banned
|rule|HP Percentage Mod: HP is shown in percentages
|rule|Evasion Abilities Clause: Evasion abilities are banned
|rule|Sleep Moves Clause: Sleep-inducing moves are banned
|rule|Swagger Clause: Swagger is banned
|rule|Baton Pass Stat Clause: No Baton Passer may have a way to boost its stats
|clearpoke
|poke|p1|Tyranitar, M|item
|poke|p1|Skarmory, M|item
|poke|p1|Reuniclus, M|item
|poke|p1|Alakazam, F|item
|poke|p1|Gliscor, F|item
|poke|p1|Gastrodon, F|item
|poke|p2|Tyranitar, F|item
|poke|p2|Alakazam, F|item
|poke|p2|Latios, M|item
|poke|p2|Ferrothorn, F|item
|poke|p2|Keldeo|item
|poke|p2|Landorus-Therian, M|item
|teampreview
|inactive|Battle timer is ON: inactive players will automatically lose when time's up. (requested by BWR Blossum)
|inactive|JeffIsGay69420 also wants the timer to be on.
|c|☆JeffIsGay69420|glhf
|
|t:|1718840109
|start
|switch|p1a: Gliscor|Gliscor, F|100/100
|switch|p2a: Keldeo|Keldeo|100/100
|turn|1
|
|t:|1718840112
|move|p1a: Gliscor|Protect|p1a: Gliscor
|-singleturn|p1a: Gliscor|Protect
|move|p2a: Keldeo|Scald|p1a: Gliscor
|-activate|p1a: Gliscor|move: Protect
|
|-status|p1a: Gliscor|tox|[from] item: Toxic Orb
|upkeep
|turn|2
|
|t:|1718840117
|switch|p1a: Gastrodon|Gastrodon, F|100/100
|move|p2a: Keldeo|Scald|p1a: Gastrodon
|-ability|p1a: Gastrodon|Storm Drain|boost
|-boost|p1a: Gastrodon|spa|1
|
|upkeep
|turn|3
|
|t:|1718840120
|move|p2a: Keldeo|Hidden Power|p1a: Gastrodon
|-supereffective|p1a: Gastrodon
|-damage|p1a: Gastrodon|1/100
|move|p1a: Gastrodon|Scald|p2a: Keldeo
|-resisted|p2a: Keldeo
|-damage|p2a: Keldeo|77/100
|
|-heal|p2a: Keldeo|83/100|[from] item: Leftovers
|-heal|p1a: Gastrodon|7/100|[from] item: Leftovers
|upkeep
|turn|4
|
|t:|1718840128
|switch|p1a: Reuniclus|Reuniclus, M, shiny|100/100
|move|p2a: Keldeo|Secret Sword|p1a: Reuniclus
|-resisted|p1a: Reuniclus
|-crit|p1a: Reuniclus
|-damage|p1a: Reuniclus|67/100
|
|-heal|p2a: Keldeo|90/100|[from] item: Leftovers
|-heal|p1a: Reuniclus|73/100|[from] item: Leftovers
|upkeep
|turn|5
|
|t:|1718840133
|switch|p2a: Tyranitar|Tyranitar, F, shiny|100/100
|-weather|Sandstorm|[from] ability: Sand Stream|[of] p2a: Tyranitar
|switch|p1a: Gliscor|Gliscor, F|100/100 tox
|
|-weather|Sandstorm|[upkeep]
|upkeep
|turn|6
|
|t:|1718840136
|switch|p2a: Landorus|Landorus-Therian, M|100/100
|-ability|p2a: Landorus|Intimidate|boost
|-unboost|p1a: Gliscor|atk|1
|move|p1a: Gliscor|Stealth Rock|p2a: Landorus
|-sidestart|p2: BWR Blossum|move: Stealth Rock
|
|-weather|Sandstorm|[upkeep]
|upkeep
|turn|7
|
|t:|1718840139
|move|p2a: Landorus|Stealth Rock|p1a: Gliscor
|-sidestart|p1: JeffIsGay69420|move: Stealth Rock
|move|p1a: Gliscor|Knock Off|p2a: Landorus
|-damage|p2a: Landorus|98/100
|-enditem|p2a: Landorus|Leftovers|[from] move: Knock Off|[of] p1a: Gliscor
|
|-weather|Sandstorm|[upkeep]
|upkeep
|turn|8
|
|t:|1718840142
|move|p1a: Gliscor|Protect|p1a: Gliscor
|-singleturn|p1a: Gliscor|Protect
|move|p2a: Landorus|Hidden Power|p1a: Gliscor
|-activate|p1a: Gliscor|move: Protect
|
|-weather|Sandstorm|[upkeep]
|upkeep
|turn|9
|
|t:|1718840148
|switch|p1a: Skarmory|Skarmory, M|100/100
|-damage|p1a: Skarmory|88/100|[from] Stealth Rock
|move|p2a: Landorus|Hidden Power|p1a: Skarmory
|-damage|p1a: Skarmory|72/100
|
|-weather|Sandstorm|[upkeep]
|-heal|p1a: Skarmory|78/100|[from] item: Leftovers
|upkeep
|turn|10
|
|t:|1718840154
|move|p2a: Landorus|U-turn|p1a: Skarmory
|-resisted|p1a: Skarmory
|-damage|p1a: Skarmory|74/100
|
|t:|1718840156
|switch|p2a: Keldeo|Keldeo|90/100|[from] U-turn
|-damage|p2a: Keldeo|83/100|[from] Stealth Rock
|move|p1a: Skarmory|Spikes|p2a: Keldeo
|-sidestart|p2: BWR Blossum|Spikes
|
|-weather|Sandstorm|[upkeep]
|-damage|p2a: Keldeo|77/100|[from] Sandstorm
|-heal|p2a: Keldeo|83/100|[from] item: Leftovers
|-heal|p1a: Skarmory|80/100|[from] item: Leftovers
|upkeep
|turn|11
|
|t:|1718840160
|move|p2a: Keldeo|Scald|p1a: Skarmory
|-damage|p1a: Skarmory|40/100
|move|p1a: Skarmory|Brave Bird|p2a: Keldeo
|-supereffective|p2a: Keldeo
|-damage|p2a: Keldeo|10/100
|-damage|p1a: Skarmory|17/100|[from] Recoil
|
|-weather|Sandstorm|[upkeep]
|-damage|p2a: Keldeo|4/100|[from] Sandstorm
|-heal|p2a: Keldeo|10/100|[from] item: Leftovers
|-heal|p1a: Skarmory|23/100|[from] item: Leftovers
|upkeep
|turn|12
|
|t:|1718840166
|switch|p1a: Gastrodon|Gastrodon, F|7/100
|-damage|p1a: Gastrodon|1/100|[from] Stealth Rock
|move|p2a: Keldeo|Scald|p1a: Gastrodon
|-ability|p1a: Gastrodon|Storm Drain|boost
|-boost|p1a: Gastrodon|spa|1
|
|-weather|Sandstorm|[upkeep]
|-damage|p2a: Keldeo|4/100|[from] Sandstorm
|-heal|p2a: Keldeo|10/100|[from] item: Leftovers
|-heal|p1a: Gastrodon|7/100|[from] item: Leftovers
|upkeep
|turn|13
|
|t:|1718840172
|switch|p1a: Reuniclus|Reuniclus, M, shiny|73/100
|move|p2a: Keldeo|Secret Sword|p1a: Reuniclus
|-resisted|p1a: Reuniclus
|-damage|p1a: Reuniclus|58/100
|
|-weather|Sandstorm|[upkeep]
|-damage|p2a: Keldeo|4/100|[from] Sandstorm
|-heal|p2a: Keldeo|10/100|[from] item: Leftovers
|-heal|p1a: Reuniclus|64/100|[from] item: Leftovers
|upkeep
|turn|14
|
|t:|1718840189
|move|p2a: Keldeo|Scald|p1a: Reuniclus
|-damage|p1a: Reuniclus|23/100
|move|p1a: Reuniclus|Recover|p1a: Reuniclus
|-heal|p1a: Reuniclus|73/100
|
|-weather|Sandstorm|[upkeep]
|-damage|p2a: Keldeo|4/100|[from] Sandstorm
|-heal|p2a: Keldeo|10/100|[from] item: Leftovers
|-heal|p1a: Reuniclus|80/100|[from] item: Leftovers
|upkeep
|turn|15
|
|t:|1718840195
|switch|p2a: Tyranitar|Tyranitar, F, shiny|100/100
|-damage|p2a: Tyranitar|88/100|[from] Stealth Rock
|-damage|p2a: Tyranitar|76/100|[from] Spikes
|move|p1a: Reuniclus|Recover|p1a: Reuniclus
|-heal|p1a: Reuniclus|100/100
|
|-weather|Sandstorm|[upkeep]
|upkeep
|turn|16
|
|t:|1718840200
|switch|p1a: Tyranitar|Tyranitar, M|100/100
|-damage|p1a: Tyranitar|88/100|[from] Stealth Rock
|move|p2a: Tyranitar|Crunch|p1a: Tyranitar
|-resisted|p1a: Tyranitar
|-damage|p1a: Tyranitar|73/100
|-unboost|p1a: Tyranitar|def|1
|
|-weather|Sandstorm|[upkeep]
|upkeep
|turn|17
|
|t:|1718840204
|switch|p2a: Landorus|Landorus-Therian, M|98/100
|-damage|p2a: Landorus|85/100|[from] Stealth Rock
|-ability|p2a: Landorus|Intimidate|boost
|-unboost|p1a: Tyranitar|atk|1
|move|p1a: Tyranitar|Superpower|p2a: Landorus
|-resisted|p2a: Landorus
|-damage|p2a: Landorus|74/100
|-unboost|p1a: Tyranitar|atk|1
|-unboost|p1a: Tyranitar|def|1
|
|-weather|Sandstorm|[upkeep]
|upkeep
|turn|18
|
|t:|1718840209
|move|p2a: Landorus|U-turn|p1a: Tyranitar
|-supereffective|p1a: Tyranitar
|-damage|p1a: Tyranitar|0 fnt
|faint|p1a: Tyranitar
|
|t:|1718840237
|switch|p2a: Alakazam|Alakazam, F|100/100|[from] U-turn
|
|-weather|Sandstorm|[upkeep]
|upkeep
|
|t:|1718840245
|switch|p1a: Reuniclus|Reuniclus, M, shiny|100/100
|turn|19
|
|t:|1718840248
|move|p2a: Alakazam|Shadow Ball|p1a: Reuniclus
|-supereffective|p1a: Reuniclus
|-damage|p1a: Reuniclus|36/100
|move|p1a: Reuniclus|Thunder|p2a: Alakazam
|-damage|p2a: Alakazam|45/100
|
|-weather|Sandstorm|[upkeep]
|-heal|p1a: Reuniclus|42/100|[from] item: Leftovers
|upkeep
|turn|20
|
|t:|1718840258
|switch|p1a: Gastrodon|Gastrodon, F|7/100
|-damage|p1a: Gastrodon|1/100|[from] Stealth Rock
|move|p2a: Alakazam|Shadow Ball|p1a: Gastrodon
|-damage|p1a: Gastrodon|0 fnt
|faint|p1a: Gastrodon
|
|-weather|Sandstorm|[upkeep]
|upkeep
|
|t:|1718840260
|switch|p1a: Alakazam|Alakazam, F|100/100
|turn|21
|
|t:|1718840266
|move|p1a: Alakazam|Shadow Ball|p2a: Alakazam
|-supereffective|p2a: Alakazam
|-damage|p2a: Alakazam|0 fnt
|faint|p2a: Alakazam
|
|-weather|Sandstorm|[upkeep]
|upkeep
|
|t:|1718840268
|switch|p2a: Tyranitar|Tyranitar, F, shiny|76/100
|-damage|p2a: Tyranitar|63/100|[from] Stealth Rock
|-damage|p2a: Tyranitar|51/100|[from] Spikes
|turn|22
|
|t:|1718840271
|move|p1a: Alakazam|Focus Blast|p2a: Tyranitar|[miss]
|-miss|p1a: Alakazam|p2a: Tyranitar
|move|p2a: Tyranitar|Crunch|p1a: Alakazam
|-supereffective|p1a: Alakazam
|-enditem|p1a: Alakazam|Focus Sash
|-damage|p1a: Alakazam|1/100
|
|-weather|Sandstorm|[upkeep]
|upkeep
|turn|23
|
|t:|1718840273
|move|p1a: Alakazam|Focus Blast|p2a: Tyranitar
|-supereffective|p2a: Tyranitar
|-enditem|p2a: Tyranitar|Chople Berry|[eat]
|-enditem|p2a: Tyranitar|Chople Berry|[weaken]
|-damage|p2a: Tyranitar|11/100
|move|p2a: Tyranitar|Pursuit|p1a: Alakazam
|-supereffective|p1a: Alakazam
|-damage|p1a: Alakazam|0 fnt
|faint|p1a: Alakazam
|
|-weather|Sandstorm|[upkeep]
|upkeep
|
|t:|1718840279
|switch|p1a: Skarmory|Skarmory, M|23/100
|-damage|p1a: Skarmory|11/100|[from] Stealth Rock
|turn|24
|
|t:|1718840282
|move|p1a: Skarmory|Roost|p1a: Skarmory
|-heal|p1a: Skarmory|61/100
|-singleturn|p1a: Skarmory|move: Roost
|move|p2a: Tyranitar|Rock Slide|p1a: Skarmory
|-resisted|p1a: Skarmory
|-damage|p1a: Skarmory|47/100
|
|-weather|Sandstorm|[upkeep]
|-heal|p1a: Skarmory|53/100|[from] item: Leftovers
|upkeep
|turn|25
|
|t:|1718840285
|move|p1a: Skarmory|Roost|p1a: Skarmory
|-heal|p1a: Skarmory|100/100
|-singleturn|p1a: Skarmory|move: Roost
|move|p2a: Tyranitar|Superpower|p1a: Skarmory
|-supereffective|p1a: Skarmory
|-damage|p1a: Skarmory|40/100
|-unboost|p2a: Tyranitar|atk|1
|-unboost|p2a: Tyranitar|def|1
|
|-weather|Sandstorm|[upkeep]
|-heal|p1a: Skarmory|46/100|[from] item: Leftovers
|upkeep
|turn|26
|
|t:|1718840300
|move|p1a: Skarmory|Roost|p1a: Skarmory
|-heal|p1a: Skarmory|96/100
|-singleturn|p1a: Skarmory|move: Roost
|move|p2a: Tyranitar|Superpower|p1a: Skarmory
|-supereffective|p1a: Skarmory
|-damage|p1a: Skarmory|56/100
|-unboost|p2a: Tyranitar|atk|1
|-unboost|p2a: Tyranitar|def|1
|
|-weather|Sandstorm|[upkeep]
|-heal|p1a: Skarmory|62/100|[from] item: Leftovers
|upkeep
|turn|27
|
|t:|1718840304
|move|p1a: Skarmory|Spikes|p2a: Tyranitar
|-sidestart|p2: BWR Blossum|Spikes
|move|p2a: Tyranitar|Superpower|p1a: Skarmory
|-damage|p1a: Skarmory|48/100
|-unboost|p2a: Tyranitar|atk|1
|-unboost|p2a: Tyranitar|def|1
|
|-weather|Sandstorm|[upkeep]
|-heal|p1a: Skarmory|53/100|[from] item: Leftovers
|upkeep
|turn|28
|
|t:|1718840308
|switch|p2a: Landorus|Landorus-Therian, M|74/100
|-damage|p2a: Landorus|61/100|[from] Stealth Rock
|-ability|p2a: Landorus|Intimidate|boost
|-unboost|p1a: Skarmory|atk|1
|move|p1a: Skarmory|Roost|p1a: Skarmory
|-heal|p1a: Skarmory|100/100
|-singleturn|p1a: Skarmory|move: Roost
|
|-weather|Sandstorm|[upkeep]
|upkeep
|turn|29
|
|t:|1718840316
|move|p2a: Landorus|U-turn|p1a: Skarmory
|-resisted|p1a: Skarmory
|-damage|p1a: Skarmory|96/100
|
|t:|1718840318
|switch|p2a: Latios|Latios, M|100/100|[from] U-turn
|-damage|p2a: Latios|88/100|[from] Stealth Rock
|move|p1a: Skarmory|Spikes|p2a: Latios
|-sidestart|p2: BWR Blossum|Spikes
|
|-weather|Sandstorm|[upkeep]
|-damage|p2a: Latios|82/100|[from] Sandstorm
|-heal|p1a: Skarmory|100/100|[from] item: Leftovers
|upkeep
|turn|30
|
|t:|1718840325
|switch|p1a: Gliscor|Gliscor, F|100/100 tox
|-damage|p1a: Gliscor|88/100 tox|[from] Stealth Rock
|move|p2a: Latios|Surf|p1a: Gliscor
|-supereffective|p1a: Gliscor
|-damage|p1a: Gliscor|15/100 tox
|
|-weather|Sandstorm|[upkeep]
|-damage|p2a: Latios|76/100|[from] Sandstorm
|-heal|p1a: Gliscor|27/100 tox|[from] ability: Poison Heal
|upkeep
|turn|31
|
|t:|1718840328
|move|p1a: Gliscor|Protect|p1a: Gliscor
|-singleturn|p1a: Gliscor|Protect
|move|p2a: Latios|Surf|p1a: Gliscor
|-activate|p1a: Gliscor|move: Protect
|
|-weather|Sandstorm|[upkeep]
|-damage|p2a: Latios|70/100|[from] Sandstorm
|-heal|p1a: Gliscor|40/100 tox|[from] ability: Poison Heal
|upkeep
|turn|32
|
|t:|1718840330
|move|p1a: Gliscor|Protect|p1a: Gliscor
|-singleturn|p1a: Gliscor|Protect
|move|p2a: Latios|Surf|p1a: Gliscor
|-activate|p1a: Gliscor|move: Protect
|
|-weather|Sandstorm|[upkeep]
|-damage|p2a: Latios|64/100|[from] Sandstorm
|-heal|p1a: Gliscor|52/100 tox|[from] ability: Poison Heal
|upkeep
|turn|33
|
|t:|1718840335
|move|p1a: Gliscor|Protect|p1a: Gliscor
|-singleturn|p1a: Gliscor|Protect
|move|p2a: Latios|Surf|p1a: Gliscor
|-activate|p1a: Gliscor|move: Protect
|
|-weather|Sandstorm|[upkeep]
|-damage|p2a: Latios|58/100|[from] Sandstorm
|-heal|p1a: Gliscor|65/100 tox|[from] ability: Poison Heal
|upkeep
|turn|34
|
|t:|1718840339
|switch|p1a: Skarmory|Skarmory, M|100/100
|-damage|p1a: Skarmory|88/100|[from] Stealth Rock
|move|p2a: Latios|Surf|p1a: Skarmory
|-damage|p1a: Skarmory|56/100
|
|-weather|Sandstorm|[upkeep]
|-damage|p2a: Latios|52/100|[from] Sandstorm
|-heal|p1a: Skarmory|62/100|[from] item: Leftovers
|upkeep
|turn|35
|
|t:|1718840343
|move|p2a: Latios|Surf|p1a: Skarmory
|-damage|p1a: Skarmory|31/100
|move|p1a: Skarmory|Roost|p1a: Skarmory
|-heal|p1a: Skarmory|81/100
|-singleturn|p1a: Skarmory|move: Roost
|
|-weather|Sandstorm|[upkeep]
|-damage|p2a: Latios|46/100|[from] Sandstorm
|-heal|p1a: Skarmory|87/100|[from] item: Leftovers
|upkeep
|turn|36
|
|t:|1718840350
|switch|p2a: Keldeo|Keldeo|10/100
|-damage|p2a: Keldeo|4/100|[from] Stealth Rock
|-damage|p2a: Keldeo|0 fnt|[from] Spikes
|faint|p2a: Keldeo
|move|p1a: Skarmory|Roost|p1a: Skarmory
|-heal|p1a: Skarmory|100/100
|-singleturn|p1a: Skarmory|move: Roost
|
|-weather|Sandstorm|[upkeep]
|upkeep
|
|t:|1718840356
|switch|p2a: Latios|Latios, M|46/100
|-damage|p2a: Latios|34/100|[from] Stealth Rock
|turn|37
|
|t:|1718840367
|move|p2a: Latios|Surf|p1a: Skarmory
|-damage|p1a: Skarmory|69/100
|move|p1a: Skarmory|Brave Bird|p2a: Latios
|-damage|p2a: Latios|0 fnt
|faint|p2a: Latios
|-damage|p1a: Skarmory|59/100|[from] Recoil
|
|-weather|Sandstorm|[upkeep]
|-heal|p1a: Skarmory|65/100|[from] item: Leftovers
|upkeep
|
|t:|1718840371
|switch|p2a: Landorus|Landorus-Therian, M|61/100
|-damage|p2a: Landorus|49/100|[from] Stealth Rock
|-ability|p2a: Landorus|Intimidate|boost
|-unboost|p1a: Skarmory|atk|1
|turn|38
|
|t:|1718840377
|move|p2a: Landorus|Hidden Power|p1a: Skarmory
|-damage|p1a: Skarmory|49/100
|move|p1a: Skarmory|Roost|p1a: Skarmory
|-heal|p1a: Skarmory|99/100
|-singleturn|p1a: Skarmory|move: Roost
|
|-weather|Sandstorm|[upkeep]
|-heal|p1a: Skarmory|100/100|[from] item: Leftovers
|upkeep
|turn|39
|
|t:|1718840383
|move|p2a: Landorus|U-turn|p1a: Skarmory
|-resisted|p1a: Skarmory
|-damage|p1a: Skarmory|96/100
|
|t:|1718840385
|switch|p2a: Ferrothorn|Ferrothorn, F|100/100|[from] U-turn
|-damage|p2a: Ferrothorn|95/100|[from] Stealth Rock
|-damage|p2a: Ferrothorn|70/100|[from] Spikes
|move|p1a: Skarmory|Brave Bird|p2a: Ferrothorn
|-damage|p2a: Ferrothorn|52/100
|-damage|p1a: Skarmory|84/100|[from] ability: Iron Barbs|[of] p2a: Ferrothorn
|-damage|p1a: Skarmory|78/100|[from] Recoil
|
|-weather|Sandstorm|[upkeep]
|-heal|p1a: Skarmory|84/100|[from] item: Leftovers
|upkeep
|turn|40
|
|t:|1718840389
|move|p2a: Ferrothorn|Gyro Ball|p1a: Skarmory
|-resisted|p1a: Skarmory
|-damage|p1a: Skarmory|68/100
|move|p1a: Skarmory|Whirlwind|p2a: Ferrothorn
|drag|p2a: Tyranitar|Tyranitar, F, shiny|11/100
|-damage|p2a: Tyranitar|0 fnt|[from] Stealth Rock
|faint|p2a: Tyranitar
|
|-weather|Sandstorm|[upkeep]
|-heal|p1a: Skarmory|74/100|[from] item: Leftovers
|upkeep
|
|t:|1718840393
|switch|p2a: Ferrothorn|Ferrothorn, F|52/100
|-damage|p2a: Ferrothorn|46/100|[from] Stealth Rock
|-damage|p2a: Ferrothorn|22/100|[from] Spikes
|turn|41
|
|t:|1718840396
|move|p2a: Ferrothorn|Gyro Ball|p1a: Skarmory
|-resisted|p1a: Skarmory
|-damage|p1a: Skarmory|58/100
|move|p1a: Skarmory|Whirlwind|p2a: Ferrothorn
|drag|p2a: Landorus|Landorus-Therian, M|49/100
|-damage|p2a: Landorus|36/100|[from] Stealth Rock
|-ability|p2a: Landorus|Intimidate|boost
|-unboost|p1a: Skarmory|atk|1
|
|-weather|Sandstorm|[upkeep]
|-heal|p1a: Skarmory|64/100|[from] item: Leftovers
|upkeep
|turn|42
|
|t:|1718840404
|move|p2a: Landorus|Hidden Power|p1a: Skarmory
|-damage|p1a: Skarmory|49/100
|move|p1a: Skarmory|Roost|p1a: Skarmory
|-heal|p1a: Skarmory|99/100
|-singleturn|p1a: Skarmory|move: Roost
|
|-weather|Sandstorm|[upkeep]
|-heal|p1a: Skarmory|100/100|[from] item: Leftovers
|upkeep
|turn|43
|c|☆JeffIsGay69420|gg
|
|t:|1718840408
|move|p2a: Landorus|U-turn|p1a: Skarmory
|-resisted|p1a: Skarmory
|-damage|p1a: Skarmory|96/100
|
|t:|1718840410
|switch|p2a: Ferrothorn|Ferrothorn, F|22/100|[from] U-turn
|-damage|p2a: Ferrothorn|16/100|[from] Stealth Rock
|-damage|p2a: Ferrothorn|0 fnt|[from] Spikes
|faint|p2a: Ferrothorn
|move|p1a: Skarmory|Whirlwind|p2: Ferrothorn|[notarget]
|-fail|p1a: Skarmory
|
|-weather|Sandstorm|[upkeep]
|-heal|p1a: Skarmory|100/100|[from] item: Leftovers
|upkeep
|
|t:|1718840411
|switch|p2a: Landorus|Landorus-Therian, M|36/100
|-damage|p2a: Landorus|24/100|[from] Stealth Rock
|-ability|p2a: Landorus|Intimidate|boost
|-unboost|p1a: Skarmory|atk|1
|turn|44
|-message|BWR Blossum forfeited.
|
|win|JeffIsGay69420
|raw|JeffIsGay69420's rating: 1357 &rarr; <strong>1376</strong><br />(+19 for winning)
|raw|BWR Blossum's rating: 1343 &rarr; <strong>1324</strong><br />(-19 for losing)
