|j|☆Croaset
|j|☆descaartes
|t:|1727366682
|gametype|singles
|player|p1|Croaset|elesa|1344
|player|p2|descaartes|169|1334
|teamsize|p1|6
|teamsize|p2|6
|gen|5
|tier|[Gen 5] OU
|rated|
|rule|Species Clause: Limit one of each Pokémon
|rule|OHKO Clause: OHKO moves are banned
|rule|Moody Clause: Moody is banned
|rule|Evasion Items Clause: Evasion items are banned
|rule|Evasion Moves Clause: Evasion moves are banned
|rule|Endless Battle Clause: Forcing endless battles is banned
|rule|HP Percentage Mod: HP is shown in percentages
|rule|Evasion Abilities Clause: Evasion abilities are banned
|rule|Sleep Moves Clause: Sleep-inducing moves are banned
|rule|Swagger Clause: Swagger is banned
|rule|Baton Pass Stat Clause: No Baton Passer may have a way to boost its stats
|clearpoke
|poke|p1|Reuniclus, F|item
|poke|p1|Skarmory, F|item
|poke|p1|Latios, M|item
|poke|p1|Tyranitar, F|item
|poke|p1|Cofagrigus, M|item
|poke|p1|Clefable, F|item
|poke|p2|Kyurem-Black|item
|poke|p2|Dragonite, M|item
|poke|p2|Garchomp, F|item
|poke|p2|Keldeo|item
|poke|p2|Scizor, M|item
|poke|p2|Jirachi|item
|teampreview
|
|t:|1727366690
|start
|switch|p1a: Tyranitar|Tyranitar, F|100/100
|switch|p2a: Dragonite|Dragonite, M|100/100
|-weather|Sandstorm|[from] ability: Sand Stream|[of] p1a: Tyranitar
|turn|1
|
|t:|1727366695
|move|p2a: Dragonite|Outrage|p1a: Tyranitar
|-damage|p1a: Tyranitar|24/100
|move|p1a: Tyranitar|Crunch|p2a: Dragonite
|-damage|p2a: Dragonite|81/100
|
|-weather|Sandstorm|[upkeep]
|-damage|p2a: Dragonite|75/100|[from] Sandstorm
|upkeep
|turn|2
|
|t:|1727366703
|switch|p1a: Skarmory|Skarmory, F|100/100
|move|p2a: Dragonite|Outrage|p1a: Skarmory|[from]lockedmove
|-resisted|p1a: Skarmory
|-damage|p1a: Skarmory|70/100
|
|-weather|Sandstorm|[upkeep]
|-damage|p2a: Dragonite|69/100|[from] Sandstorm
|-heal|p1a: Skarmory|76/100|[from] item: Leftovers
|upkeep
|turn|3
|
|t:|1727366708
|move|p2a: Dragonite|Outrage|p1a: Skarmory|[from]lockedmove
|-resisted|p1a: Skarmory
|-damage|p1a: Skarmory|45/100
|-start|p2a: Dragonite|confusion|[fatigue]
|move|p1a: Skarmory|Stealth Rock|p2a: Dragonite
|-sidestart|p2: descaartes|move: Stealth Rock
|
|-weather|Sandstorm|[upkeep]
|-damage|p2a: Dragonite|62/100|[from] Sandstorm
|-heal|p1a: Skarmory|50/100|[from] item: Leftovers
|upkeep
|turn|4
|
|t:|1727366718
|switch|p2a: Keldeo|Keldeo|100/100
|-damage|p2a: Keldeo|94/100|[from] Stealth Rock
|move|p1a: Skarmory|Roost|p1a: Skarmory
|-heal|p1a: Skarmory|100/100
|-singleturn|p1a: Skarmory|move: Roost
|
|-weather|Sandstorm|[upkeep]
|-damage|p2a: Keldeo|88/100|[from] Sandstorm
|upkeep
|turn|5
|
|t:|1727366732
|switch|p1a: Latios|Latios, M|100/100
|move|p2a: Keldeo|Hydro Pump|p1a: Latios
|-resisted|p1a: Latios
|-damage|p1a: Latios|49/100
|
|-weather|Sandstorm|[upkeep]
|-damage|p1a: Latios|43/100|[from] Sandstorm
|-damage|p2a: Keldeo|82/100|[from] Sandstorm
|upkeep
|turn|6
|
|t:|1727366740
|switch|p2a: Jirachi|Jirachi|100/100
|-damage|p2a: Jirachi|94/100|[from] Stealth Rock
|move|p1a: Latios|Psychic|p2a: Jirachi
|-resisted|p2a: Jirachi
|-damage|p2a: Jirachi|82/100
|
|-weather|Sandstorm|[upkeep]
|-damage|p1a: Latios|37/100|[from] Sandstorm
|upkeep
|turn|7
|
|t:|1727366745
|switch|p1a: Cofagrigus|Cofagrigus, M, shiny|100/100
|move|p2a: Jirachi|U-turn|p1a: Cofagrigus
|-resisted|p1a: Cofagrigus
|-damage|p1a: Cofagrigus|95/100
|-activate|p1a: Cofagrigus|ability: Mummy|Serene Grace|[of] p2a: Jirachi
|
|t:|1727366756
|switch|p2a: Keldeo|Keldeo|82/100|[from] U-turn
|-damage|p2a: Keldeo|76/100|[from] Stealth Rock
|
|-weather|Sandstorm|[upkeep]
|-damage|p2a: Keldeo|70/100|[from] Sandstorm
|-damage|p1a: Cofagrigus|89/100|[from] Sandstorm
|-heal|p1a: Cofagrigus|95/100|[from] item: Leftovers
|upkeep
|turn|8
|
|t:|1727366758
|switch|p1a: Clefable|Clefable, F|100/100
|move|p2a: Keldeo|Hydro Pump|p1a: Clefable
|-damage|p1a: Clefable|41/100
|
|-weather|Sandstorm|[upkeep]
|-damage|p2a: Keldeo|63/100|[from] Sandstorm
|-heal|p1a: Clefable|47/100|[from] item: Leftovers
|upkeep
|turn|9
|
|t:|1727366775
|switch|p1a: Tyranitar|Tyranitar, F|24/100
|move|p2a: Keldeo|Hydro Pump|p1a: Tyranitar
|-supereffective|p1a: Tyranitar
|-damage|p1a: Tyranitar|0 fnt
|faint|p1a: Tyranitar
|
|-weather|Sandstorm|[upkeep]
|-damage|p2a: Keldeo|57/100|[from] Sandstorm
|upkeep
|
|t:|1727366778
|switch|p1a: Latios|Latios, M|37/100
|turn|10
|
|t:|1727366781
|switch|p2a: Jirachi|Jirachi|82/100
|-damage|p2a: Jirachi|76/100|[from] Stealth Rock
|move|p1a: Latios|Thunder Wave|p2a: Jirachi
|-status|p2a: Jirachi|par
|
|-weather|Sandstorm|[upkeep]
|-damage|p1a: Latios|31/100|[from] Sandstorm
|upkeep
|turn|11
|
|t:|1727366785
|switch|p1a: Cofagrigus|Cofagrigus, M, shiny|95/100
|move|p2a: Jirachi|U-turn|p1a: Cofagrigus
|-resisted|p1a: Cofagrigus
|-damage|p1a: Cofagrigus|89/100
|-activate|p1a: Cofagrigus|ability: Mummy|Serene Grace|[of] p2a: Jirachi
|
|t:|1727366791
|switch|p2a: Keldeo|Keldeo|57/100|[from] U-turn
|-damage|p2a: Keldeo|51/100|[from] Stealth Rock
|
|-weather|Sandstorm|[upkeep]
|-damage|p2a: Keldeo|45/100|[from] Sandstorm
|-damage|p1a: Cofagrigus|82/100|[from] Sandstorm
|-heal|p1a: Cofagrigus|89/100|[from] item: Leftovers
|upkeep
|turn|12
|
|t:|1727366802
|switch|p1a: Clefable|Clefable, F|47/100
|move|p2a: Keldeo|Hydro Pump|p1a: Clefable
|-damage|p1a: Clefable|0 fnt
|faint|p1a: Clefable
|
|-weather|Sandstorm|[upkeep]
|-damage|p2a: Keldeo|39/100|[from] Sandstorm
|upkeep
|
|t:|1727366812
|switch|p1a: Latios|Latios, M|31/100
|turn|13
|
|t:|1727366815
|switch|p2a: Jirachi|Jirachi|76/100 par
|-damage|p2a: Jirachi|70/100 par|[from] Stealth Rock
|move|p1a: Latios|Psychic|p2a: Jirachi
|-resisted|p2a: Jirachi
|-damage|p2a: Jirachi|59/100 par
|
|-weather|Sandstorm|[upkeep]
|-damage|p1a: Latios|25/100|[from] Sandstorm
|upkeep
|turn|14
|
|t:|1727366825
|switch|p1a: Skarmory|Skarmory, F|100/100
|cant|p2a: Jirachi|par
|
|-weather|Sandstorm|[upkeep]
|upkeep
|turn|15
|
|t:|1727366834
|move|p2a: Jirachi|U-turn|p1a: Skarmory
|-resisted|p1a: Skarmory
|-damage|p1a: Skarmory|98/100
|
|t:|1727366840
|switch|p2a: Scizor|Scizor, M|100/100|[from] U-turn
|-damage|p2a: Scizor|88/100|[from] Stealth Rock
|move|p1a: Skarmory|Whirlwind|p2a: Scizor
|drag|p2a: Dragonite|Dragonite, M|62/100
|-damage|p2a: Dragonite|38/100|[from] Stealth Rock
|
|-weather|Sandstorm|[upkeep]
|-damage|p2a: Dragonite|31/100|[from] Sandstorm
|-heal|p1a: Skarmory|100/100|[from] item: Leftovers
|upkeep
|turn|16
|
|t:|1727366847
|move|p2a: Dragonite|Superpower|p1a: Skarmory
|-damage|p1a: Skarmory|58/100
|-unboost|p2a: Dragonite|atk|1
|-unboost|p2a: Dragonite|def|1
|move|p1a: Skarmory|Spikes|p2a: Dragonite
|-sidestart|p2: descaartes|Spikes
|
|-weather|Sandstorm|[upkeep]
|-damage|p2a: Dragonite|25/100|[from] Sandstorm
|-heal|p1a: Skarmory|64/100|[from] item: Leftovers
|upkeep
|turn|17
|
|t:|1727366854
|switch|p2a: Jirachi|Jirachi|59/100 par
|-damage|p2a: Jirachi|53/100 par|[from] Stealth Rock
|-damage|p2a: Jirachi|41/100 par|[from] Spikes
|move|p1a: Skarmory|Roost|p1a: Skarmory
|-heal|p1a: Skarmory|100/100
|-singleturn|p1a: Skarmory|move: Roost
|
|-weather|Sandstorm|[upkeep]
|upkeep
|turn|18
|
|t:|1727366859
|move|p2a: Jirachi|Healing Wish|p2a: Jirachi
|faint|p2a: Jirachi
|move|p1a: Skarmory|Whirlwind|p2: Jirachi|[notarget]
|-fail|p1a: Skarmory
|
|-weather|Sandstorm|[upkeep]
|upkeep
|
|t:|1727366863
|switch|p2a: Keldeo|Keldeo|39/100
|-heal|p2a: Keldeo|100/100|[from] move: Healing Wish
|-damage|p2a: Keldeo|94/100|[from] Stealth Rock
|-damage|p2a: Keldeo|82/100|[from] Spikes
|turn|19
|
|t:|1727366871
|move|p2a: Keldeo|Surf|p1a: Skarmory
|-damage|p1a: Skarmory|5/100
|move|p1a: Skarmory|Spikes|p2a: Keldeo
|-sidestart|p2: descaartes|Spikes
|
|-weather|Sandstorm|[upkeep]
|-damage|p2a: Keldeo|76/100|[from] Sandstorm
|-heal|p1a: Skarmory|11/100|[from] item: Leftovers
|upkeep
|turn|20
|
|t:|1727366876
|move|p2a: Keldeo|Surf|p1a: Skarmory
|-damage|p1a: Skarmory|0 fnt
|faint|p1a: Skarmory
|
|-weather|Sandstorm|[upkeep]
|-damage|p2a: Keldeo|70/100|[from] Sandstorm
|upkeep
|
|t:|1727366879
|switch|p1a: Latios|Latios, M|25/100
|turn|21
|
|t:|1727366884
|switch|p2a: Dragonite|Dragonite, M|25/100
|-damage|p2a: Dragonite|0 fnt|[from] Stealth Rock
|faint|p2a: Dragonite
|move|p1a: Latios|Psychic|p2: Dragonite|[notarget]
|-fail|p1a: Latios
|
|-weather|Sandstorm|[upkeep]
|-damage|p1a: Latios|19/100|[from] Sandstorm
|upkeep
|
|t:|1727366890
|switch|p2a: Scizor|Scizor, M|88/100
|-damage|p2a: Scizor|75/100|[from] Stealth Rock
|-damage|p2a: Scizor|59/100|[from] Spikes
|turn|22
|
|t:|1727366895
|switch|p1a: Cofagrigus|Cofagrigus, M, shiny|89/100
|move|p2a: Scizor|Roost|p2a: Scizor
|-heal|p2a: Scizor|100/100
|-singleturn|p2a: Scizor|move: Roost
|
|-weather|Sandstorm|[upkeep]
|-damage|p1a: Cofagrigus|82/100|[from] Sandstorm
|-heal|p1a: Cofagrigus|89/100|[from] item: Leftovers
|upkeep
|turn|23
|
|t:|1727366903
|switch|p2a: Keldeo|Keldeo|70/100
|-damage|p2a: Keldeo|63/100|[from] Stealth Rock
|-damage|p2a: Keldeo|47/100|[from] Spikes
|move|p1a: Cofagrigus|Will-O-Wisp|p2a: Keldeo
|-status|p2a: Keldeo|brn
|
|-weather|Sandstorm|[upkeep]
|-damage|p2a: Keldeo|41/100 brn|[from] Sandstorm
|-damage|p1a: Cofagrigus|82/100|[from] Sandstorm
|-heal|p1a: Cofagrigus|89/100|[from] item: Leftovers
|-damage|p2a: Keldeo|28/100 brn|[from] brn
|upkeep
|turn|24
|
|t:|1727366917
|switch|p1a: Reuniclus|Reuniclus, F, shiny|100/100
|move|p2a: Keldeo|Hydro Pump|p1a: Reuniclus
|-damage|p1a: Reuniclus|14/100
|
|-weather|Sandstorm|[upkeep]
|-damage|p2a: Keldeo|22/100 brn|[from] Sandstorm
|-heal|p1a: Reuniclus|20/100|[from] item: Leftovers
|-damage|p2a: Keldeo|10/100 brn|[from] brn
|upkeep
|turn|25
|
|t:|1727366922
|move|p2a: Keldeo|Hydro Pump|p1a: Reuniclus
|-crit|p1a: Reuniclus
|-damage|p1a: Reuniclus|0 fnt
|faint|p1a: Reuniclus
|
|-weather|Sandstorm|[upkeep]
|-damage|p2a: Keldeo|4/100 brn|[from] Sandstorm
|-damage|p2a: Keldeo|0 fnt|[from] brn
|faint|p2a: Keldeo
|upkeep
|
|t:|1727366928
|switch|p2a: Garchomp|Garchomp, F|100/100
|switch|p1a: Cofagrigus|Cofagrigus, M, shiny|89/100
|-damage|p2a: Garchomp|94/100|[from] Stealth Rock
|-damage|p2a: Garchomp|78/100|[from] Spikes
|turn|26
|
|t:|1727366934
|move|p2a: Garchomp|Outrage|p1a: Cofagrigus
|-crit|p1a: Cofagrigus
|-damage|p1a: Cofagrigus|14/100
|-activate|p1a: Cofagrigus|ability: Mummy|Rough Skin|[of] p2a: Garchomp
|move|p1a: Cofagrigus|Will-O-Wisp|p2a: Garchomp
|-status|p2a: Garchomp|brn
|
|-weather|Sandstorm|[upkeep]
|-damage|p1a: Cofagrigus|8/100|[from] Sandstorm
|-heal|p1a: Cofagrigus|14/100|[from] item: Leftovers
|-damage|p2a: Garchomp|65/100 brn|[from] brn
|upkeep
|turn|27
|j| Blaise BWOU
|
|t:|1727366940
|move|p2a: Garchomp|Outrage|p1a: Cofagrigus|[from]lockedmove
|-damage|p1a: Cofagrigus|0 fnt
|faint|p1a: Cofagrigus
|-start|p2a: Garchomp|confusion|[fatigue]
|
|-weather|Sandstorm|[upkeep]
|-damage|p2a: Garchomp|53/100 brn|[from] brn
|upkeep
|
|t:|1727366941
|switch|p1a: Latios|Latios, M|19/100
|turn|28
|
|t:|1727366946
|switch|p2a: Kyurem|Kyurem-Black|100/100
|-damage|p2a: Kyurem|76/100|[from] Stealth Rock
|-damage|p2a: Kyurem|59/100|[from] Spikes
|-ability|p2a: Kyurem|Teravolt
|move|p1a: Latios|Psychic|p2a: Kyurem
|-damage|p2a: Kyurem|12/100
|
|-weather|Sandstorm|[upkeep]
|-damage|p1a: Latios|13/100|[from] Sandstorm
|-damage|p2a: Kyurem|6/100|[from] Sandstorm
|upkeep
|turn|29
|l| Blaise BWOU
|
|t:|1727366949
|move|p1a: Latios|Psychic|p2a: Kyurem
|-crit|p2a: Kyurem
|-damage|p2a: Kyurem|0 fnt
|faint|p2a: Kyurem
|
|-weather|Sandstorm|[upkeep]
|-damage|p1a: Latios|7/100|[from] Sandstorm
|upkeep
|
|t:|1727366951
|switch|p2a: Scizor|Scizor, M|100/100
|-damage|p2a: Scizor|88/100|[from] Stealth Rock
|-damage|p2a: Scizor|71/100|[from] Spikes
|turn|30
|
|t:|1727366953
|move|p2a: Scizor|Bullet Punch|p1a: Latios
|-damage|p1a: Latios|0 fnt
|faint|p1a: Latios
|
|win|descaartes
|raw|Croaset's rating: 1344 &rarr; <strong>1323</strong><br />(-21 for losing)
|raw|descaartes's rating: 1334 &rarr; <strong>1355</strong><br />(+21 for winning)
