|j|☆epiccure9
|j|☆Cubavision
|t:|1744936152
|gametype|singles
|player|p1|epiccure9|170|1443
|player|p2|Cubavision|musician|1286
|teamsize|p1|6
|teamsize|p2|6
|gen|5
|tier|[Gen 5] OU
|rated|
|rule|Species Clause: Limit one of each Pokémon
|rule|OHKO Clause: OHKO moves are banned
|rule|Moody Clause: Moody is banned
|rule|Evasion Items Clause: Evasion items are banned
|rule|Evasion Moves Clause: Evasion moves are banned
|rule|Endless Battle Clause: Forcing endless battles is banned
|rule|HP Percentage Mod: HP is shown in percentages
|rule|Evasion Abilities Clause: Evasion abilities are banned
|rule|Sleep Moves Clause: Sleep-inducing moves are banned
|rule|Swagger Clause: Swagger is banned
|rule|Baton Pass Stat Clause: No Baton Passer may have a way to boost its stats
|clearpoke
|poke|p1|Politoed, M|item
|poke|p1|Rotom-Wash|item
|poke|p1|Keldeo|item
|poke|p1|Ferrothorn, F|item
|poke|p1|Latios, M|item
|poke|p1|Jirachi|item
|poke|p2|Tyranitar, M|item
|poke|p2|Gliscor, M|item
|poke|p2|Mienshao, F|item
|poke|p2|Jellicent, M|item
|poke|p2|Latios, M|item
|poke|p2|Forretress, M|item
|teampreview
|inactive|Battle timer is ON: inactive players will automatically lose when time's up. (requested by Cubavision)
|inactive|epiccure9 has 120 seconds left.
|
|t:|1744936218
|start
|switch|p1a: Latios|Latios, M|100/100
|switch|p2a: Jellicent|Jellicent, M|100/100
|turn|1
|
|t:|1744936231
|switch|p2a: Tyranitar|Tyranitar, M|100/100
|-weather|Sandstorm|[from] ability: Sand Stream|[of] p2a: Tyranitar
|move|p1a: Latios|Trick|p2a: Tyranitar
|-activate|p1a: Latios|move: Trick|[of] p2a: Tyranitar
|-item|p2a: Tyranitar|Choice Specs|[from] move: Trick
|-item|p1a: Latios|Chople Berry|[from] move: Trick
|
|-weather|Sandstorm|[upkeep]
|-damage|p1a: Latios|95/100|[from] Sandstorm
|upkeep
|turn|2
|
|t:|1744936244
|-activate|p1a: Latios|move: Pursuit
|move|p2a: Tyranitar|Pursuit|p1a: Latios|[from] Pursuit
|-supereffective|p1a: Latios
|-crit|p1a: Latios
|-damage|p1a: Latios|0 fnt
|faint|p1a: Latios
|-hint|A Pokemon can't switch between when it runs out of HP and when it faints
|
|-weather|Sandstorm|[upkeep]
|upkeep
|
|t:|1744936252
|switch|p1a: Politoed|Politoed, M|100/100
|-weather|RainDance|[from] ability: Drizzle|[of] p1a: Politoed
|turn|3
|
|t:|1744936267
|switch|p2a: Gliscor|Gliscor, M|100/100
|move|p1a: Politoed|Hidden Power|p2a: Gliscor
|-crit|p2a: Gliscor
|-damage|p2a: Gliscor|33/100
|
|-weather|RainDance|[upkeep]
|-status|p2a: Gliscor|tox|[from] item: Toxic Orb
|upkeep
|turn|4
|
|t:|1744936276
|move|p2a: Gliscor|Protect|p2a: Gliscor
|-singleturn|p2a: Gliscor|Protect
|move|p1a: Politoed|Hidden Power|p2a: Gliscor
|-activate|p2a: Gliscor|move: Protect
|
|-weather|RainDance|[upkeep]
|-heal|p2a: Gliscor|46/100 tox|[from] ability: Poison Heal
|upkeep
|turn|5
|
|t:|1744936293
|move|p1a: Politoed|Hidden Power|p2a: Gliscor
|-damage|p2a: Gliscor|15/100 tox
|move|p2a: Gliscor|Knock Off|p1a: Politoed
|-damage|p1a: Politoed|95/100
|-enditem|p1a: Politoed|Choice Specs|[from] move: Knock Off|[of] p2a: Gliscor
|
|-weather|RainDance|[upkeep]
|-heal|p2a: Gliscor|27/100 tox|[from] ability: Poison Heal
|upkeep
|turn|6
|inactive|Cubavision has 120 seconds left.
|
|t:|1744936319
|move|p2a: Gliscor|Protect|p2a: Gliscor
|-singleturn|p2a: Gliscor|Protect
|move|p1a: Politoed|Ice Beam|p2a: Gliscor
|-activate|p2a: Gliscor|move: Protect
|
|-weather|RainDance|[upkeep]
|-heal|p2a: Gliscor|40/100 tox|[from] ability: Poison Heal
|upkeep
|turn|7
|inactive|Cubavision has 120 seconds left.
|
|t:|1744936334
|switch|p2a: Tyranitar|Tyranitar, M|100/100
|-weather|Sandstorm|[from] ability: Sand Stream|[of] p2a: Tyranitar
|move|p1a: Politoed|Ice Beam|p2a: Tyranitar
|-damage|p2a: Tyranitar|87/100
|
|-weather|Sandstorm|[upkeep]
|-damage|p1a: Politoed|89/100|[from] Sandstorm
|upkeep
|turn|8
|inactive|Cubavision has 120 seconds left.
|
|t:|1744936344
|move|p1a: Politoed|Focus Blast|p2a: Tyranitar
|-supereffective|p2a: Tyranitar
|-damage|p2a: Tyranitar|18/100
|move|p2a: Tyranitar|Pursuit|p1a: Politoed
|-damage|p1a: Politoed|60/100
|
|-weather|Sandstorm|[upkeep]
|-damage|p1a: Politoed|54/100|[from] Sandstorm
|upkeep
|turn|9
|
|t:|1744936350
|switch|p2a: Jellicent|Jellicent, M|100/100
|move|p1a: Politoed|Hydro Pump|p2a: Jellicent
|-immune|p2a: Jellicent|[from] ability: Water Absorb
|
|-weather|Sandstorm|[upkeep]
|-damage|p1a: Politoed|48/100|[from] Sandstorm
|-damage|p2a: Jellicent|94/100|[from] Sandstorm
|-heal|p2a: Jellicent|100/100|[from] item: Leftovers
|upkeep
|turn|10
|
|t:|1744936360
|switch|p1a: Ferrothorn|Ferrothorn, F|100/100
|move|p2a: Jellicent|Will-O-Wisp|p1a: Ferrothorn
|-status|p1a: Ferrothorn|brn
|
|-weather|Sandstorm|[upkeep]
|-damage|p2a: Jellicent|94/100|[from] Sandstorm
|-heal|p2a: Jellicent|100/100|[from] item: Leftovers
|-damage|p1a: Ferrothorn|88/100 brn|[from] brn
|upkeep
|turn|11
|
|t:|1744936368
|move|p2a: Jellicent|Taunt|p1a: Ferrothorn
|-start|p1a: Ferrothorn|move: Taunt
|cant|p1a: Ferrothorn|move: Taunt|Stealth Rock
|
|-weather|Sandstorm|[upkeep]
|-damage|p2a: Jellicent|94/100|[from] Sandstorm
|-heal|p2a: Jellicent|100/100|[from] item: Leftovers
|-heal|p1a: Ferrothorn|94/100 brn|[from] item: Leftovers
|-damage|p1a: Ferrothorn|82/100 brn|[from] brn
|upkeep
|turn|12
|
|t:|1744936378
|switch|p2a: Gliscor|Gliscor, M|40/100 tox
|move|p1a: Ferrothorn|Power Whip|p2a: Gliscor
|-damage|p2a: Gliscor|28/100 tox
|
|-weather|Sandstorm|[upkeep]
|-heal|p1a: Ferrothorn|88/100 brn|[from] item: Leftovers
|-heal|p2a: Gliscor|40/100 tox|[from] ability: Poison Heal
|-damage|p1a: Ferrothorn|75/100 brn|[from] brn
|upkeep
|turn|13
|
|t:|1744936387
|switch|p1a: Keldeo|Keldeo|100/100
|move|p2a: Gliscor|Stealth Rock|p1a: Keldeo
|-sidestart|p1: epiccure9|move: Stealth Rock
|
|-weather|Sandstorm|[upkeep]
|-damage|p1a: Keldeo|94/100|[from] Sandstorm
|-heal|p2a: Gliscor|53/100 tox|[from] ability: Poison Heal
|upkeep
|turn|14
|-message|epiccure9 forfeited.
|
|win|Cubavision
|raw|epiccure9's rating: 1443 &rarr; <strong>1415</strong><br />(-28 for losing)
|raw|Cubavision's rating: 1286 &rarr; <strong>1322</strong><br />(+36 for winning)
|l|☆epiccure9
|player|p1|
