|j|☆Crimsonbacon38
|j|☆silentensemble
|t:|1734634104
|gametype|singles
|player|p1|Crimsonbacon38|barry|1320
|player|p2|silentensemble|#phosphor|1345
|teamsize|p1|6
|teamsize|p2|6
|gen|5
|tier|[Gen 5] OU
|rated|
|rule|Species Clause: Limit one of each Pokémon
|rule|OHKO Clause: OHKO moves are banned
|rule|Moody Clause: Moody is banned
|rule|Evasion Items Clause: Evasion items are banned
|rule|Evasion Moves Clause: Evasion moves are banned
|rule|Endless Battle Clause: Forcing endless battles is banned
|rule|HP Percentage Mod: HP is shown in percentages
|rule|Evasion Abilities Clause: Evasion abilities are banned
|rule|Sleep Moves Clause: Sleep-inducing moves are banned
|rule|Swagger Clause: Swagger is banned
|rule|Baton Pass Stat Clause: No Baton Passer may have a way to boost its stats
|clearpoke
|poke|p1|Tyranitar, M|item
|poke|p1|Landorus-Therian, M|item
|poke|p1|Ferrothorn, M|item
|poke|p1|Latios, M|item
|poke|p1|Reuniclus, M|item
|poke|p1|Excadrill, F|item
|poke|p2|Uxie|item
|poke|p2|Landorus-Therian, M|item
|poke|p2|Starmie|item
|poke|p2|Mamoswine, F|item
|poke|p2|Scizor, F|item
|poke|p2|Dragonite, M|item
|teampreview
|c|☆silentensemble|Gl hf
|
|t:|1734634117
|start
|switch|p1a: Tyranitar|Tyranitar, M|100/100
|switch|p2a: Uxie|Uxie|100/100
|-weather|Sandstorm|[from] ability: Sand Stream|[of] p1a: Tyranitar
|turn|1
|
|t:|1734634121
|move|p1a: Tyranitar|Crunch|p2a: Uxie
|-supereffective|p2a: Uxie
|-damage|p2a: Uxie|26/100
|move|p2a: Uxie|Stealth Rock|p1a: Tyranitar
|-sidestart|p1: Crimsonbacon38|move: Stealth Rock
|
|-weather|Sandstorm|[upkeep]
|-damage|p2a: Uxie|19/100|[from] Sandstorm
|upkeep
|turn|2
|
|t:|1734634133
|switch|p1a: Excadrill|Excadrill, F|100/100
|-damage|p1a: Excadrill|97/100|[from] Stealth Rock
|switch|p2a: Landorus|Landorus-Therian, M|100/100
|-ability|p2a: Landorus|Intimidate|boost
|-unboost|p1a: Excadrill|atk|1
|
|-weather|Sandstorm|[upkeep]
|-heal|p1a: Excadrill|100/100|[from] item: Leftovers
|upkeep
|turn|3
|
|t:|1734634143
|switch|p1a: Landorus|Landorus-Therian, M|100/100
|-damage|p1a: Landorus|88/100|[from] Stealth Rock
|-ability|p1a: Landorus|Intimidate|boost
|-unboost|p2a: Landorus|atk|1
|move|p2a: Landorus|Superpower|p1a: Landorus
|-resisted|p1a: Landorus
|-damage|p1a: Landorus|72/100
|-unboost|p2a: Landorus|atk|1
|-unboost|p2a: Landorus|def|1
|
|-weather|Sandstorm|[upkeep]
|-heal|p1a: Landorus|79/100|[from] item: Leftovers
|upkeep
|turn|4
|
|t:|1734634151
|move|p1a: Landorus|Stealth Rock|p2a: Landorus
|-sidestart|p2: silentensemble|move: Stealth Rock
|move|p2a: Landorus|Hidden Power|p1a: Landorus
|-supereffective|p1a: Landorus
|-damage|p1a: Landorus|0 fnt
|faint|p1a: Landorus
|
|-weather|Sandstorm|[upkeep]
|upkeep
|
|t:|1734634162
|switch|p1a: Ferrothorn|Ferrothorn, M|100/100
|-damage|p1a: Ferrothorn|94/100|[from] Stealth Rock
|turn|5
|
|t:|1734634181
|switch|p2a: Uxie|Uxie|19/100
|-damage|p2a: Uxie|7/100|[from] Stealth Rock
|move|p1a: Ferrothorn|Spikes|p2a: Uxie
|-sidestart|p2: silentensemble|Spikes
|
|-weather|Sandstorm|[upkeep]
|-damage|p2a: Uxie|1/100|[from] Sandstorm
|-heal|p1a: Ferrothorn|100/100|[from] item: Leftovers
|upkeep
|turn|6
|
|t:|1734634187
|switch|p2a: Landorus|Landorus-Therian, M|100/100
|-damage|p2a: Landorus|88/100|[from] Stealth Rock
|-ability|p2a: Landorus|Intimidate|boost
|-unboost|p1a: Ferrothorn|atk|1
|move|p1a: Ferrothorn|Knock Off|p2a: Landorus
|-damage|p2a: Landorus|84/100
|-enditem|p2a: Landorus|Yache Berry|[from] move: Knock Off|[of] p1a: Ferrothorn
|
|-weather|Sandstorm|[upkeep]
|upkeep
|turn|7
|
|t:|1734634194
|switch|p1a: Latios|Latios, M|100/100
|-damage|p1a: Latios|88/100|[from] Stealth Rock
|move|p2a: Landorus|Swords Dance|p2a: Landorus
|-boost|p2a: Landorus|atk|2
|
|-weather|Sandstorm|[upkeep]
|-damage|p1a: Latios|82/100|[from] Sandstorm
|upkeep
|turn|8
|
|t:|1734634209
|switch|p2a: Uxie|Uxie|1/100
|-damage|p2a: Uxie|0 fnt|[from] Stealth Rock
|faint|p2a: Uxie
|move|p1a: Latios|Surf|p2: Uxie|[notarget]
|-fail|p1a: Latios
|
|-weather|Sandstorm|[upkeep]
|-damage|p1a: Latios|76/100|[from] Sandstorm
|upkeep
|
|t:|1734634212
|switch|p2a: Scizor|Scizor, F|100/100
|-damage|p2a: Scizor|88/100|[from] Stealth Rock
|-damage|p2a: Scizor|76/100|[from] Spikes
|turn|9
|
|t:|1734634214
|move|p1a: Latios|Surf|p2a: Scizor
|-damage|p2a: Scizor|29/100
|move|p2a: Scizor|Pursuit|p1a: Latios
|-supereffective|p1a: Latios
|-damage|p1a: Latios|0 fnt
|faint|p1a: Latios
|-damage|p2a: Scizor|19/100|[from] item: Life Orb
|
|-weather|Sandstorm|[upkeep]
|upkeep
|
|t:|1734634247
|switch|p1a: Ferrothorn|Ferrothorn, M|100/100
|-damage|p1a: Ferrothorn|94/100|[from] Stealth Rock
|turn|10
|
|t:|1734634259
|switch|p2a: Landorus|Landorus-Therian, M|84/100
|-damage|p2a: Landorus|72/100|[from] Stealth Rock
|-ability|p2a: Landorus|Intimidate|boost
|-unboost|p1a: Ferrothorn|atk|1
|move|p1a: Ferrothorn|Gyro Ball|p2a: Landorus
|-damage|p2a: Landorus|33/100
|
|-weather|Sandstorm|[upkeep]
|-heal|p1a: Ferrothorn|100/100|[from] item: Leftovers
|upkeep
|turn|11
|
|t:|1734634268
|move|p2a: Landorus|Earthquake|p1a: Ferrothorn
|-damage|p1a: Ferrothorn|52/100
|move|p1a: Ferrothorn|Gyro Ball|p2a: Landorus
|-damage|p2a: Landorus|0 fnt
|faint|p2a: Landorus
|
|-weather|Sandstorm|[upkeep]
|-heal|p1a: Ferrothorn|58/100|[from] item: Leftovers
|upkeep
|
|t:|1734634283
|switch|p2a: Starmie|Starmie|100/100
|-damage|p2a: Starmie|88/100|[from] Stealth Rock
|-item|p2a: Starmie|Air Balloon
|turn|12
|
|t:|1734634287
|move|p2a: Starmie|Hidden Power|p1a: Ferrothorn
|-supereffective|p1a: Ferrothorn
|-damage|p1a: Ferrothorn|7/100
|move|p1a: Ferrothorn|Power Whip|p2a: Starmie
|-supereffective|p2a: Starmie
|-damage|p2a: Starmie|3/100
|-enditem|p2a: Starmie|Air Balloon
|
|-weather|Sandstorm|[upkeep]
|-damage|p2a: Starmie|0 fnt|[from] Sandstorm
|faint|p2a: Starmie
|-heal|p1a: Ferrothorn|13/100|[from] item: Leftovers
|upkeep
|
|t:|1734634301
|switch|p2a: Mamoswine|Mamoswine, F|100/100
|-damage|p2a: Mamoswine|88/100|[from] Stealth Rock
|-damage|p2a: Mamoswine|75/100|[from] Spikes
|turn|13
|
|t:|1734634313
|move|p2a: Mamoswine|Earthquake|p1a: Ferrothorn
|-damage|p1a: Ferrothorn|0 fnt
|faint|p1a: Ferrothorn
|
|-weather|Sandstorm|[upkeep]
|upkeep
|
|t:|1734634319
|switch|p1a: Tyranitar|Tyranitar, M|100/100
|-damage|p1a: Tyranitar|88/100|[from] Stealth Rock
|turn|14
|
|t:|1734634322
|move|p1a: Tyranitar|Superpower|p2a: Mamoswine
|-supereffective|p2a: Mamoswine
|-damage|p2a: Mamoswine|0 fnt
|-unboost|p1a: Tyranitar|atk|1
|-unboost|p1a: Tyranitar|def|1
|faint|p2a: Mamoswine
|
|-weather|Sandstorm|[upkeep]
|upkeep
|
|t:|1734634327
|switch|p2a: Dragonite|Dragonite, M|100/100
|-damage|p2a: Dragonite|76/100|[from] Stealth Rock
|turn|15
|
|t:|1734634331
|switch|p1a: Excadrill|Excadrill, F|100/100
|-damage|p1a: Excadrill|97/100|[from] Stealth Rock
|move|p2a: Dragonite|Dragon Dance|p2a: Dragonite
|-boost|p2a: Dragonite|atk|1
|-boost|p2a: Dragonite|spe|1
|
|-weather|Sandstorm|[upkeep]
|-damage|p2a: Dragonite|70/100|[from] Sandstorm
|-heal|p1a: Excadrill|100/100|[from] item: Leftovers
|upkeep
|turn|16
|
|t:|1734634338
|move|p2a: Dragonite|Superpower|p1a: Excadrill
|-supereffective|p1a: Excadrill
|-damage|p1a: Excadrill|0 fnt
|-unboost|p2a: Dragonite|atk|1
|-unboost|p2a: Dragonite|def|1
|faint|p1a: Excadrill
|
|-weather|Sandstorm|[upkeep]
|-damage|p2a: Dragonite|63/100|[from] Sandstorm
|upkeep
|
|t:|1734634357
|switch|p1a: Reuniclus|Reuniclus, M|100/100
|turn|17
|
|t:|1734634359
|move|p2a: Dragonite|Dragon Dance|p2a: Dragonite
|-boost|p2a: Dragonite|atk|1
|-boost|p2a: Dragonite|spe|1
|move|p1a: Reuniclus|Psychic|p2a: Dragonite
|-damage|p2a: Dragonite|0 fnt
|faint|p2a: Dragonite
|
|-weather|Sandstorm|[upkeep]
|upkeep
|c|☆silentensemble|Gg
|-message|silentensemble forfeited.
|
|win|Crimsonbacon38
|raw|Crimsonbacon38's rating: 1320 &rarr; <strong>1341</strong><br />(+21 for winning)
|raw|silentensemble's rating: 1345 &rarr; <strong>1324</strong><br />(-21 for losing)
|l|☆silentensemble
|player|p2|
