|j|☆sawk123
|j|☆SweetKarma
|t:|1597593693
|player|p1|sawk123|1|1431
|player|p2|SweetKarma|101|1342
|teamsize|p1|6
|teamsize|p2|6
|gametype|singles
|gen|5
|tier|[Gen 5] OU
|rated|
|clearpoke
|poke|p1|Terrakion|item
|poke|p1|Excadrill, M|item
|poke|p1|Latios, M|item
|poke|p1|Staraptor, M|item
|poke|p1|Ferrothorn, F|item
|poke|p1|Raikou|item
|poke|p2|Politoed, M|item
|poke|p2|Latios, M|item
|poke|p2|Celebi|item
|poke|p2|Scizor, M|item
|poke|p2|Rotom-Wash|item
|poke|p2|Jirachi|item
|rule|Species Clause: Limit one of each Pokémon
|rule|OHKO Clause: OHKO moves are banned
|rule|Moody Clause: Moody is banned
|rule|Evasion Moves Clause: Evasion moves are banned
|rule|Endless Battle Clause: Forcing endless battles is banned
|rule|HP Percentage Mod: HP is shown in percentages
|rule|Evasion Abilities Clause: Evasion abilities are banned
|rule|Baton Pass Clause: Limit one Baton Passer, can't pass Spe and other stats simultaneously
|rule|Sleep Clause: Sleep-inducing moves are banned
|rule|Swagger Clause: Swagger is banned
|teampreview
|
|t:|1597593723
|start
|switch|p1a: Raikou|Raikou|100/100
|switch|p2a: Rotom|Rotom-Wash|100/100
|-ability|p1a: Raikou|Pressure
|turn|1
|inactive|Battle timer is ON: inactive players will automatically lose when time's up. (requested by sawk123)
|
|t:|1597593732
|move|p1a: Raikou|Volt Switch|p2a: Rotom
|-crit|p2a: Rotom
|-damage|p2a: Rotom|0 fnt
|faint|p2a: Rotom
|
|t:|1597593744
|switch|p1a: Ferrothorn|Ferrothorn, F|100/100|[from]move: Volt Switch
|
|upkeep
|
|t:|1597593769
|switch|p2a: Scizor|Scizor, M, shiny|100/100
|turn|2
|
|t:|1597593776
|switch|p1a: Latios|Latios, M|100/100
|move|p2a: Scizor|Swords Dance|p2a: Scizor
|-boost|p2a: Scizor|atk|2
|
|upkeep
|turn|3
|
|t:|1597593788
|-activate|p1a: Latios|move: Pursuit
|move|p2a: Scizor|Pursuit|p1a: Latios|[from]Pursuit
|-supereffective|p1a: Latios
|-damage|p1a: Latios|0 fnt
|-hint|A Pokemon can't switch between when it runs out of HP and when it faints
|faint|p1a: Latios
|
|upkeep
|
|t:|1597593797
|switch|p1a: Terrakion|Terrakion|100/100
|turn|4
|
|t:|1597593802
|move|p2a: Scizor|Bullet Punch|p1a: Terrakion
|-supereffective|p1a: Terrakion
|-enditem|p1a: Terrakion|Focus Sash
|-damage|p1a: Terrakion|1/100
|move|p1a: Terrakion|Close Combat|p2a: Scizor
|-damage|p2a: Scizor|39/100
|-unboost|p1a: Terrakion|def|1
|-unboost|p1a: Terrakion|spd|1
|
|-heal|p2a: Scizor|46/100|[from] item: Leftovers
|upkeep
|turn|5
|inactive|SweetKarma has 120 seconds left.
|
|t:|1597593852
|move|p2a: Scizor|Bullet Punch|p1a: Terrakion
|-supereffective|p1a: Terrakion
|-crit|p1a: Terrakion
|-damage|p1a: Terrakion|0 fnt
|faint|p1a: Terrakion
|
|-heal|p2a: Scizor|52/100|[from] item: Leftovers
|upkeep
|
|t:|1597593858
|switch|p1a: Excadrill|Excadrill, M|100/100
|-ability|p1a: Excadrill|Mold Breaker
|-item|p1a: Excadrill|Air Balloon
|turn|6
|
|t:|1597593870
|switch|p2a: Politoed|Politoed, M, shiny|100/100
|-weather|RainDance|[from] ability: Drizzle|[of] p2a: Politoed
|move|p1a: Excadrill|Earthquake|p2a: Politoed
|-damage|p2a: Politoed|58/100
|
|-weather|RainDance|[upkeep]
|-heal|p2a: Politoed|64/100|[from] item: Leftovers
|upkeep
|turn|7
|
|t:|1597593882
|switch|p1a: Ferrothorn|Ferrothorn, F|100/100
|move|p2a: Politoed|Scald|p1a: Ferrothorn
|-resisted|p1a: Ferrothorn
|-damage|p1a: Ferrothorn|87/100
|
|-weather|RainDance|[upkeep]
|-heal|p2a: Politoed|70/100|[from] item: Leftovers
|-heal|p1a: Ferrothorn|93/100|[from] item: Leftovers
|upkeep
|turn|8
|
|t:|1597593894
|switch|p2a: Scizor|Scizor, M, shiny|52/100
|switch|p1a: Excadrill|Excadrill, M|100/100
|-ability|p1a: Excadrill|Mold Breaker
|-item|p1a: Excadrill|Air Balloon
|
|-weather|RainDance|[upkeep]
|-heal|p2a: Scizor|58/100|[from] item: Leftovers
|upkeep
|turn|9
|
|t:|1597593904
|move|p1a: Excadrill|Earthquake|p2a: Scizor
|-damage|p2a: Scizor|5/100
|move|p2a: Scizor|Superpower|p1a: Excadrill
|-supereffective|p1a: Excadrill
|-damage|p1a: Excadrill|0 fnt
|-unboost|p2a: Scizor|atk|1
|-unboost|p2a: Scizor|def|1
|-enditem|p1a: Excadrill|Air Balloon
|faint|p1a: Excadrill
|
|-weather|RainDance|[upkeep]
|-heal|p2a: Scizor|12/100|[from] item: Leftovers
|upkeep
|j| IIIFlareIII
|
|t:|1597593916
|switch|p1a: Raikou|Raikou|100/100
|-ability|p1a: Raikou|Pressure
|turn|10
|
|t:|1597593921
|switch|p2a: Celebi|Celebi|100/100
|move|p1a: Raikou|Volt Switch|p2a: Celebi
|-resisted|p2a: Celebi
|-damage|p2a: Celebi|86/100
|
|t:|1597593927
|switch|p1a: Staraptor|Staraptor, M|100/100|[from]move: Volt Switch
|
|-weather|RainDance|[upkeep]
|-heal|p2a: Celebi|92/100|[from] item: Leftovers
|upkeep
|turn|11
|
|t:|1597593940
|move|p1a: Staraptor|U-turn|p2a: Celebi
|-supereffective|p2a: Celebi
|-damage|p2a: Celebi|21/100
|
|t:|1597593944
|switch|p1a: Raikou|Raikou|100/100|[from]move: U-turn
|-ability|p1a: Raikou|Pressure
|move|p2a: Celebi|Stealth Rock|p1a: Raikou
|-sidestart|p1: sawk123|move: Stealth Rock
|
|-weather|RainDance|[upkeep]
|-heal|p2a: Celebi|27/100|[from] item: Leftovers
|upkeep
|turn|12
|
|t:|1597593957
|move|p1a: Raikou|Signal Beam|p2a: Celebi
|-supereffective|p2a: Celebi
|-damage|p2a: Celebi|0 fnt
|faint|p2a: Celebi
|
|-weather|RainDance|[upkeep]
|upkeep
|
|t:|1597593967
|switch|p2a: Jirachi|Jirachi|100/100
|turn|13
|
|t:|1597593971
|switch|p1a: Ferrothorn|Ferrothorn, F|93/100
|-damage|p1a: Ferrothorn|87/100|[from] Stealth Rock
|move|p2a: Jirachi|Thunder|p1a: Ferrothorn
|-resisted|p1a: Ferrothorn
|-damage|p1a: Ferrothorn|76/100
|
|-weather|RainDance|[upkeep]
|-heal|p1a: Ferrothorn|83/100|[from] item: Leftovers
|upkeep
|turn|14
|
|t:|1597593981
|move|p2a: Jirachi|Wish|p2a: Jirachi
|move|p1a: Ferrothorn|Leech Seed|p2a: Jirachi
|-start|p2a: Jirachi|move: Leech Seed
|
|-weather|RainDance|[upkeep]
|-heal|p1a: Ferrothorn|89/100|[from] item: Leftovers
|-damage|p2a: Jirachi|88/100|[from] Leech Seed|[of] p1a: Ferrothorn
|-heal|p1a: Ferrothorn|100/100|[silent]
|upkeep
|turn|15
|
|t:|1597593996
|switch|p2a: Scizor|Scizor, M, shiny|12/100
|move|p1a: Ferrothorn|Gyro Ball|p2a: Scizor
|-resisted|p2a: Scizor
|-damage|p2a: Scizor|0 fnt
|faint|p2a: Scizor
|
|-weather|RainDance|[upkeep]
|upkeep
|
|t:|1597594003
|switch|p2a: Latios|Latios, M|100/100
|turn|16
|
|t:|1597594008
|move|p2a: Latios|Hidden Power|p1a: Ferrothorn
|-supereffective|p1a: Ferrothorn
|-damage|p1a: Ferrothorn|49/100
|move|p1a: Ferrothorn|Thunder Wave|p2a: Latios
|-status|p2a: Latios|par
|
|-weather|RainDance|[upkeep]
|-heal|p1a: Ferrothorn|55/100|[from] item: Leftovers
|upkeep
|turn|17
|
|t:|1597594017
|switch|p2a: Jirachi|Jirachi|88/100
|move|p1a: Ferrothorn|Leech Seed|p2a: Jirachi
|-start|p2a: Jirachi|move: Leech Seed
|
|-weather|RainDance|[upkeep]
|-heal|p2a: Jirachi|94/100|[from] item: Leftovers
|-heal|p1a: Ferrothorn|61/100|[from] item: Leftovers
|-damage|p2a: Jirachi|82/100|[from] Leech Seed|[of] p1a: Ferrothorn
|-heal|p1a: Ferrothorn|75/100|[silent]
|upkeep
|turn|18
|
|t:|1597594026
|switch|p2a: Politoed|Politoed, M, shiny|70/100
|move|p1a: Ferrothorn|Thunder Wave|p2a: Politoed
|-status|p2a: Politoed|par
|
|-weather|RainDance|[upkeep]
|-heal|p2a: Politoed|76/100 par|[from] item: Leftovers
|-heal|p1a: Ferrothorn|82/100|[from] item: Leftovers
|upkeep
|turn|19
|
|t:|1597594035
|move|p2a: Politoed|Ice Beam|p1a: Ferrothorn
|-damage|p1a: Ferrothorn|66/100
|move|p1a: Ferrothorn|Leech Seed|p2a: Politoed
|-start|p2a: Politoed|move: Leech Seed
|
|-weather|RainDance|[upkeep]
|-heal|p2a: Politoed|83/100 par|[from] item: Leftovers
|-heal|p1a: Ferrothorn|72/100|[from] item: Leftovers
|-damage|p2a: Politoed|70/100 par|[from] Leech Seed|[of] p1a: Ferrothorn
|-heal|p1a: Ferrothorn|86/100|[silent]
|upkeep
|turn|20
|
|t:|1597594045
|cant|p2a: Politoed|par
|move|p1a: Ferrothorn|Leech Seed|p2a: Politoed|[miss]
|-miss|p1a: Ferrothorn|p2a: Politoed
|
|-weather|RainDance|[upkeep]
|-heal|p2a: Politoed|76/100 par|[from] item: Leftovers
|-heal|p1a: Ferrothorn|92/100|[from] item: Leftovers
|-damage|p2a: Politoed|64/100 par|[from] Leech Seed|[of] p1a: Ferrothorn
|-heal|p1a: Ferrothorn|100/100|[silent]
|upkeep
|turn|21
|
|t:|1597594062
|move|p1a: Ferrothorn|Protect|p1a: Ferrothorn
|-singleturn|p1a: Ferrothorn|Protect
|move|p2a: Politoed|Ice Beam|p1a: Ferrothorn
|-activate|p1a: Ferrothorn|move: Protect
|
|-weather|RainDance|[upkeep]
|-heal|p2a: Politoed|70/100 par|[from] item: Leftovers
|-damage|p2a: Politoed|58/100 par|[from] Leech Seed|[of] p1a: Ferrothorn
|upkeep
|turn|22
|
|t:|1597594071
|move|p2a: Politoed|Scald|p1a: Ferrothorn
|-resisted|p1a: Ferrothorn
|-crit|p1a: Ferrothorn
|-damage|p1a: Ferrothorn|71/100
|move|p1a: Ferrothorn|Leech Seed||[still]
|-fail|p1a: Ferrothorn
|
|-weather|RainDance|[upkeep]
|-heal|p2a: Politoed|64/100 par|[from] item: Leftovers
|-heal|p1a: Ferrothorn|77/100|[from] item: Leftovers
|-damage|p2a: Politoed|51/100 par|[from] Leech Seed|[of] p1a: Ferrothorn
|-heal|p1a: Ferrothorn|91/100|[silent]
|upkeep
|turn|23
|l|☆SweetKarma
|inactive|SweetKarma disconnected and has a minute to reconnect!
|player|p2|
|inactive|SweetKarma has 30 seconds to reconnect!
|inactive|SweetKarma has 20 seconds to reconnect!
|inactive|SweetKarma has 15 seconds to reconnect!
|inactive|SweetKarma has 10 seconds to reconnect!
|inactive|SweetKarma has 5 seconds to reconnect!
|-message|SweetKarma lost due to inactivity.
|
|win|sawk123
|raw|sawk123's rating: 1431 &rarr; <strong>1446</strong><br />(+15 for winning)
|raw|SweetKarma's rating: 1353 &rarr; <strong>1337</strong><br />(-16 for losing)
