|j|☆erauogenkl
|j|☆Stoned Edging
|t:|1746420145
|gametype|singles
|player|p1|erauogenkl|serena-masters3|1368
|player|p2|Stoned Edging|hilbert-wonderlauncher|1368
|teamsize|p1|6
|teamsize|p2|6
|gen|5
|tier|[Gen 5] OU
|rated|
|rule|Species Clause: Limit one of each Pokémon
|rule|OHKO Clause: OHKO moves are banned
|rule|Moody Clause: Moody is banned
|rule|Evasion Items Clause: Evasion items are banned
|rule|Evasion Moves Clause: Evasion moves are banned
|rule|Endless Battle Clause: Forcing endless battles is banned
|rule|HP Percentage Mod: HP is shown in percentages
|rule|Evasion Abilities Clause: Evasion abilities are banned
|rule|Sleep Moves Clause: Sleep-inducing moves are banned
|rule|Swagger Clause: Swagger is banned
|rule|Baton Pass Stat Clause: No Baton Passer may have a way to boost its stats
|clearpoke
|poke|p1|Scizor, M|item
|poke|p1|Politoed, M|item
|poke|p1|Starmie|item
|poke|p1|Keldeo|item
|poke|p1|Thundurus-Therian, M|item
|poke|p1|Ferrothorn, F|item
|poke|p2|Slowking, F|item
|poke|p2|Excadrill, M|item
|poke|p2|Kyurem|item
|poke|p2|Skarmory, M|item
|poke|p2|Tyranitar, M|item
|poke|p2|Quagsire, F|item
|teampreview
|inactive|Battle timer is ON: inactive players will automatically lose when time's up. (requested by Stoned Edging)
|
|t:|1746420178
|start
|switch|p1a: Politoed|Politoed, M|100/100
|switch|p2a: Skarmory|Skarmory, M, shiny|100/100
|-weather|RainDance|[from] ability: Drizzle|[of] p1a: Politoed
|turn|1
|
|t:|1746420190
|switch|p1a: Starmie|Starmie|100/100
|switch|p2a: Slowking|Slowking, F, shiny|100/100
|
|-weather|RainDance|[upkeep]
|upkeep
|turn|2
|
|t:|1746420198
|switch|p1a: Scizor|Scizor, M|100/100
|move|p2a: Slowking|Scald|p1a: Scizor
|-damage|p1a: Scizor|49/100
|
|-weather|RainDance|[upkeep]
|upkeep
|turn|3
|
|t:|1746420203
|-activate|p2a: Slowking|move: Pursuit
|move|p1a: Scizor|Pursuit|p2a: Slowking|[from] Pursuit
|-supereffective|p2a: Slowking
|-enditem|p2a: Slowking|Colbur Berry|[eat]
|-enditem|p2a: Slowking|Colbur Berry|[weaken]
|-damage|p2a: Slowking|60/100
|switch|p2a: Skarmory|Skarmory, M, shiny|100/100
|
|-weather|RainDance|[upkeep]
|upkeep
|turn|4
|
|t:|1746420215
|switch|p1a: Starmie|Starmie|100/100
|switch|p2a: Kyurem|Kyurem, shiny|100/100
|-ability|p2a: Kyurem|Pressure
|
|-weather|RainDance|[upkeep]
|upkeep
|turn|5
|
|t:|1746420222
|switch|p1a: Ferrothorn|Ferrothorn, F|100/100
|move|p2a: Kyurem|Focus Blast|p1a: Ferrothorn
|-supereffective|p1a: Ferrothorn
|-damage|p1a: Ferrothorn|18/100
|
|-weather|RainDance|[upkeep]
|-heal|p1a: Ferrothorn|24/100|[from] item: Leftovers
|upkeep
|turn|6
|
|t:|1746420227
|switch|p1a: Thundurus|Thundurus-Therian, M|100/100
|move|p2a: Kyurem|Focus Blast|p1a: Thundurus
|-resisted|p1a: Thundurus
|-damage|p1a: Thundurus|57/100
|
|-weather|RainDance|[upkeep]
|upkeep
|turn|7
|
|t:|1746420238
|switch|p2a: Tyranitar|Tyranitar, M, shiny|100/100
|-weather|Sandstorm|[from] ability: Sand Stream|[of] p2a: Tyranitar
|move|p1a: Thundurus|Focus Blast|p2a: Tyranitar|[miss]
|-miss|p1a: Thundurus|p2a: Tyranitar
|
|-weather|Sandstorm|[upkeep]
|-damage|p1a: Thundurus|51/100|[from] Sandstorm
|upkeep
|turn|8
|
|t:|1746420248
|move|p1a: Thundurus|Focus Blast|p2a: Tyranitar
|-supereffective|p2a: Tyranitar
|-damage|p2a: Tyranitar|23/100
|move|p2a: Tyranitar|Rock Slide|p1a: Thundurus
|-supereffective|p1a: Thundurus
|-damage|p1a: Thundurus|0 fnt
|faint|p1a: Thundurus
|
|-weather|Sandstorm|[upkeep]
|-heal|p2a: Tyranitar|29/100|[from] item: Leftovers
|upkeep
|
|t:|1746420254
|switch|p1a: Scizor|Scizor, M|49/100
|turn|9
|
|t:|1746420258
|switch|p2a: Skarmory|Skarmory, M, shiny|100/100
|move|p1a: Scizor|U-turn|p2a: Skarmory
|-resisted|p2a: Skarmory
|-damage|p2a: Skarmory|90/100
|
|t:|1746420260
|switch|p1a: Politoed|Politoed, M|100/100|[from] U-turn
|-weather|RainDance|[from] ability: Drizzle|[of] p1a: Politoed
|
|-weather|RainDance|[upkeep]
|upkeep
|turn|10
|
|t:|1746420270
|switch|p1a: Scizor|Scizor, M|49/100
|switch|p2a: Slowking|Slowking, F, shiny|93/100
|
|-weather|RainDance|[upkeep]
|upkeep
|turn|11
|
|t:|1746420276
|move|p1a: Scizor|Pursuit|p2a: Slowking
|-supereffective|p2a: Slowking
|-damage|p2a: Slowking|30/100
|move|p2a: Slowking|Scald|p1a: Scizor
|-damage|p1a: Scizor|0 fnt
|faint|p1a: Scizor
|
|-weather|RainDance|[upkeep]
|upkeep
|
|t:|1746420285
|switch|p1a: Starmie|Starmie|100/100
|turn|12
|
|t:|1746420290
|switch|p2a: Excadrill|Excadrill, M, shiny|100/100
|-ability|p2a: Excadrill|Mold Breaker
|move|p1a: Starmie|Hydro Pump|p2a: Excadrill
|-supereffective|p2a: Excadrill
|-damage|p2a: Excadrill|0 fnt
|faint|p2a: Excadrill
|
|-weather|RainDance|[upkeep]
|upkeep
|
|t:|1746420293
|switch|p2a: Kyurem|Kyurem, shiny|100/100
|-ability|p2a: Kyurem|Pressure
|turn|13
|
|t:|1746420301
|move|p1a: Starmie|Hydro Pump|p2a: Kyurem
|-resisted|p2a: Kyurem
|-damage|p2a: Kyurem|40/100
|move|p2a: Kyurem|Draco Meteor|p1a: Starmie
|-damage|p1a: Starmie|0 fnt
|-unboost|p2a: Kyurem|spa|2
|faint|p1a: Starmie
|
|-weather|RainDance|[upkeep]
|upkeep
|
|t:|1746420309
|switch|p1a: Ferrothorn|Ferrothorn, F|24/100
|turn|14
|
|t:|1746420312
|move|p2a: Kyurem|Draco Meteor|p1a: Ferrothorn|[miss]
|-miss|p2a: Kyurem|p1a: Ferrothorn
|move|p1a: Ferrothorn|Stealth Rock|p2a: Kyurem
|-sidestart|p2: Stoned Edging|move: Stealth Rock
|
|-weather|RainDance|[upkeep]
|-heal|p1a: Ferrothorn|31/100|[from] item: Leftovers
|upkeep
|turn|15
|
|t:|1746420318
|switch|p2a: Skarmory|Skarmory, M, shiny|90/100
|-damage|p2a: Skarmory|77/100|[from] Stealth Rock
|move|p1a: Ferrothorn|Spikes|p2a: Skarmory
|-sidestart|p2: Stoned Edging|Spikes
|
|-weather|RainDance|[upkeep]
|-heal|p1a: Ferrothorn|37/100|[from] item: Leftovers
|upkeep
|turn|16
|
|t:|1746420322
|move|p2a: Skarmory|Spikes|p1a: Ferrothorn
|-sidestart|p1: erauogenkl|Spikes
|move|p1a: Ferrothorn|Spikes|p2a: Skarmory
|-sidestart|p2: Stoned Edging|Spikes
|
|-weather|RainDance|[upkeep]
|-heal|p1a: Ferrothorn|43/100|[from] item: Leftovers
|upkeep
|turn|17
|
|t:|1746420325
|move|p2a: Skarmory|Spikes|p1a: Ferrothorn
|-sidestart|p1: erauogenkl|Spikes
|move|p1a: Ferrothorn|Spikes|p2a: Skarmory
|-sidestart|p2: Stoned Edging|Spikes
|
|-weather|RainDance|[upkeep]
|-heal|p1a: Ferrothorn|49/100|[from] item: Leftovers
|upkeep
|turn|18
|
|t:|1746420327
|switch|p1a: Politoed|Politoed, M|100/100
|-damage|p1a: Politoed|84/100|[from] Spikes
|move|p2a: Skarmory|Spikes|p1a: Politoed
|-sidestart|p1: erauogenkl|Spikes
|
|-weather|RainDance|[upkeep]
|upkeep
|turn|19
|
|t:|1746420335
|switch|p2a: Kyurem|Kyurem, shiny|40/100
|-damage|p2a: Kyurem|15/100|[from] Stealth Rock
|-damage|p2a: Kyurem|0 fnt|[from] Spikes
|faint|p2a: Kyurem
|move|p1a: Politoed|Hydro Pump|p2: Kyurem|[notarget]
|-fail|p1a: Politoed
|
|-weather|RainDance|[upkeep]
|upkeep
|
|t:|1746420338
|switch|p2a: Slowking|Slowking, F, shiny|64/100
|-damage|p2a: Slowking|51/100|[from] Stealth Rock
|-damage|p2a: Slowking|26/100|[from] Spikes
|turn|20
|
|t:|1746420350
|switch|p2a: Tyranitar|Tyranitar, M, shiny|29/100
|-damage|p2a: Tyranitar|17/100|[from] Stealth Rock
|-damage|p2a: Tyranitar|0 fnt|[from] Spikes
|faint|p2a: Tyranitar
|move|p1a: Politoed|Hydro Pump|p2: Tyranitar|[notarget]
|-fail|p1a: Politoed
|
|-weather|RainDance|[upkeep]
|upkeep
|
|t:|1746420360
|switch|p2a: Slowking|Slowking, F, shiny|60/100
|-damage|p2a: Slowking|47/100|[from] Stealth Rock
|-damage|p2a: Slowking|22/100|[from] Spikes
|turn|21
|
|t:|1746420366
|move|p1a: Politoed|Hydro Pump|p2a: Slowking
|-resisted|p2a: Slowking
|-crit|p2a: Slowking
|-damage|p2a: Slowking|0 fnt
|faint|p2a: Slowking
|
|-weather|RainDance|[upkeep]
|upkeep
|
|t:|1746420369
|switch|p2a: Quagsire|Quagsire, F, shiny|100/100
|-damage|p2a: Quagsire|94/100|[from] Stealth Rock
|-damage|p2a: Quagsire|69/100|[from] Spikes
|turn|22
|
|t:|1746420376
|move|p1a: Politoed|Hydro Pump|p2a: Quagsire|[miss]
|-miss|p1a: Politoed|p2a: Quagsire
|move|p2a: Quagsire|Recover|p2a: Quagsire
|-heal|p2a: Quagsire|100/100
|
|-weather|RainDance|[upkeep]
|upkeep
|turn|23
|
|t:|1746420380
|move|p1a: Politoed|Hydro Pump|p2a: Quagsire
|-damage|p2a: Quagsire|0 fnt
|faint|p2a: Quagsire
|
|-weather|RainDance|[upkeep]
|upkeep
|c|☆erauogenkl|gg
|
|t:|1746420385
|switch|p2a: Skarmory|Skarmory, M, shiny|77/100
|-damage|p2a: Skarmory|65/100|[from] Stealth Rock
|turn|24
|
|t:|1746420390
|move|p1a: Politoed|Hydro Pump|p2a: Skarmory
|-damage|p2a: Skarmory|0 fnt
|faint|p2a: Skarmory
|
|win|erauogenkl
|raw|erauogenkl's rating: 1368 &rarr; <strong>1388</strong><br />(+20 for winning)
|raw|Stoned Edging's rating: 1368 &rarr; <strong>1348</strong><br />(-20 for losing)
|l|☆Stoned Edging
|player|p2|
