|j|☆GreatDG
|j|☆Accelerock Ttar
|t:|1743755354
|gametype|singles
|player|p1|GreatDG|riley|1352
|player|p2|Accelerock Ttar|blackbelt-gen4dp|1456
|teamsize|p1|6
|teamsize|p2|6
|gen|5
|tier|[Gen 5] OU
|rated|
|rule|Species Clause: Limit one of each Pokémon
|rule|OHKO Clause: OHKO moves are banned
|rule|Moody Clause: Moody is banned
|rule|Evasion Items Clause: Evasion items are banned
|rule|Evasion Moves Clause: Evasion moves are banned
|rule|Endless Battle Clause: Forcing endless battles is banned
|rule|HP Percentage Mod: HP is shown in percentages
|rule|Evasion Abilities Clause: Evasion abilities are banned
|rule|Sleep Moves Clause: Sleep-inducing moves are banned
|rule|Swagger Clause: Swagger is banned
|rule|Baton Pass Stat Clause: No Baton Passer may have a way to boost its stats
|clearpoke
|poke|p1|Scizor, F|item
|poke|p1|Salamence, M|item
|poke|p1|Gyarados, M|item
|poke|p1|Volcarona, F|item
|poke|p1|Breloom, F|item
|poke|p1|Mamoswine, M|item
|poke|p2|Weavile, M|item
|poke|p2|Jirachi|item
|poke|p2|Celebi|item
|poke|p2|Garchomp, M|item
|poke|p2|Rotom-Wash|item
|poke|p2|Starmie|item
|teampreview
|inactive|Battle timer is ON: inactive players will automatically lose when time's up. (requested by GreatDG)
|
|t:|1743755371
|start
|switch|p1a: Mamoswine|Mamoswine, M|100/100
|switch|p2a: Rotom|Rotom-Wash|100/100
|turn|1
|c|☆Accelerock Ttar|hf
|inactive|Accelerock Ttar also wants the timer to be on.
|
|t:|1743755388
|move|p1a: Mamoswine|Stealth Rock|p2a: Rotom
|-sidestart|p2: Accelerock Ttar|move: Stealth Rock
|move|p2a: Rotom|Will-O-Wisp|p1a: Mamoswine|[miss]
|-miss|p2a: Rotom|p1a: Mamoswine
|
|upkeep
|turn|2
|
|t:|1743755404
|switch|p1a: Volcarona|Volcarona, F|100/100
|move|p2a: Rotom|Will-O-Wisp|p1a: Volcarona
|-immune|p1a: Volcarona
|
|upkeep
|turn|3
|
|t:|1743755422
|move|p1a: Volcarona|Quiver Dance|p1a: Volcarona
|-boost|p1a: Volcarona|spa|1
|-boost|p1a: Volcarona|spd|1
|-boost|p1a: Volcarona|spe|1
|move|p2a: Rotom|Volt Switch|p1a: Volcarona
|-damage|p1a: Volcarona|83/100
|inactive|Accelerock Ttar has 120 seconds left.
|
|t:|1743755438
|switch|p2a: Garchomp|Garchomp, M|100/100|[from] Volt Switch
|-damage|p2a: Garchomp|94/100|[from] Stealth Rock
|
|upkeep
|turn|4
|inactive|Accelerock Ttar has 120 seconds left.
|
|t:|1743755455
|move|p2a: Garchomp|Earthquake|p1a: Volcarona
|-damage|p1a: Volcarona|11/100
|move|p1a: Volcarona|Hidden Power|p2a: Garchomp
|-supereffective|p2a: Garchomp
|-damage|p2a: Garchomp|0 fnt
|faint|p2a: Garchomp
|
|upkeep
|
|t:|1743755471
|switch|p2a: Jirachi|Jirachi|100/100
|-damage|p2a: Jirachi|94/100|[from] Stealth Rock
|turn|5
|
|t:|1743755487
|move|p1a: Volcarona|Fiery Dance|p2a: Jirachi
|-supereffective|p2a: Jirachi
|-damage|p2a: Jirachi|0 fnt
|faint|p2a: Jirachi
|
|upkeep
|
|t:|1743755495
|switch|p2a: Starmie|Starmie|100/100
|-damage|p2a: Starmie|88/100|[from] Stealth Rock
|turn|6
|
|t:|1743755504
|move|p2a: Starmie|Thunderbolt|p1a: Volcarona
|-damage|p1a: Volcarona|0 fnt
|faint|p1a: Volcarona
|
|upkeep
|
|t:|1743755511
|switch|p1a: Mamoswine|Mamoswine, M|100/100
|turn|7
|j| Okeyko
|
|t:|1743755527
|switch|p2a: Rotom|Rotom-Wash|100/100
|-damage|p2a: Rotom|88/100|[from] Stealth Rock
|switch|p1a: Breloom|Breloom, F|100/100
|
|-heal|p2a: Rotom|94/100|[from] item: Leftovers
|upkeep
|turn|8
|c|☆GreatDG|scarf starmie makes 0 sense
|
|t:|1743755547
|switch|p2a: Celebi|Celebi|100/100
|-damage|p2a: Celebi|88/100|[from] Stealth Rock
|move|p1a: Breloom|Bullet Seed|p2a: Celebi
|-resisted|p2a: Celebi
|-damage|p2a: Celebi|76/100
|-resisted|p2a: Celebi
|-damage|p2a: Celebi|66/100
|-resisted|p2a: Celebi
|-damage|p2a: Celebi|54/100
|-hitcount|p2a: Celebi|3
|-damage|p1a: Breloom|91/100|[from] item: Life Orb
|
|-heal|p2a: Celebi|60/100|[from] item: Leftovers
|upkeep
|turn|9
|inactive|Accelerock Ttar has 90 seconds left.
|
|t:|1743755563
|switch|p1a: Scizor|Scizor, F|100/100
|move|p2a: Celebi|Stealth Rock|p1a: Scizor
|-sidestart|p1: GreatDG|move: Stealth Rock
|
|-heal|p2a: Celebi|66/100|[from] item: Leftovers
|upkeep
|turn|10
|inactive|Accelerock Ttar has 90 seconds left.
|
|t:|1743755580
|move|p2a: Celebi|Psychic|p1a: Scizor
|-resisted|p1a: Scizor
|-damage|p1a: Scizor|84/100
|move|p1a: Scizor|Pursuit|p2a: Celebi
|-supereffective|p2a: Celebi
|-damage|p2a: Celebi|7/100
|
|-heal|p2a: Celebi|14/100|[from] item: Leftovers
|upkeep
|turn|11
|inactive|Accelerock Ttar has 90 seconds left.
|
|t:|1743755596
|move|p2a: Celebi|Psychic|p1a: Scizor
|-resisted|p1a: Scizor
|-damage|p1a: Scizor|64/100
|move|p1a: Scizor|Pursuit|p2a: Celebi
|-supereffective|p2a: Celebi
|-damage|p2a: Celebi|0 fnt
|faint|p2a: Celebi
|
|upkeep
|
|t:|1743755613
|switch|p2a: Weavile|Weavile, M|100/100
|-damage|p2a: Weavile|76/100|[from] Stealth Rock
|-ability|p2a: Weavile|Pressure
|turn|12
|
|t:|1743755630
|switch|p1a: Mamoswine|Mamoswine, M|100/100
|-damage|p1a: Mamoswine|88/100|[from] Stealth Rock
|move|p2a: Weavile|Ice Punch|p1a: Mamoswine
|-damage|p1a: Mamoswine|61/100
|
|upkeep
|turn|13
|inactive|Accelerock Ttar has 60 seconds left.
|
|t:|1743755646
|switch|p2a: Rotom|Rotom-Wash|94/100
|-damage|p2a: Rotom|82/100|[from] Stealth Rock
|move|p1a: Mamoswine|Stone Edge|p2a: Rotom
|-damage|p2a: Rotom|48/100
|
|-heal|p2a: Rotom|54/100|[from] item: Leftovers
|upkeep
|turn|14
|inactive|Accelerock Ttar has 60 seconds left.
|
|t:|1743755663
|move|p1a: Mamoswine|Stone Edge|p2a: Rotom|[miss]
|-miss|p1a: Mamoswine|p2a: Rotom
|move|p2a: Rotom|Volt Switch|p1a: Mamoswine
|-immune|p1a: Mamoswine
|
|-heal|p2a: Rotom|60/100|[from] item: Leftovers
|upkeep
|turn|15
|inactive|Accelerock Ttar has 60 seconds left.
|
|t:|1743755679
|move|p1a: Mamoswine|Stone Edge|p2a: Rotom
|-damage|p2a: Rotom|26/100
|move|p2a: Rotom|Volt Switch|p1a: Mamoswine
|-immune|p1a: Mamoswine
|
|-heal|p2a: Rotom|32/100|[from] item: Leftovers
|upkeep
|turn|16
|
|t:|1743755696
|switch|p2a: Starmie|Starmie|88/100
|-damage|p2a: Starmie|76/100|[from] Stealth Rock
|move|p1a: Mamoswine|Stone Edge|p2a: Starmie
|-damage|p2a: Starmie|26/100
|
|upkeep
|turn|17
|
|t:|1743755717
|switch|p1a: Gyarados|Gyarados, M|100/100
|-damage|p1a: Gyarados|76/100|[from] Stealth Rock
|-ability|p1a: Gyarados|Intimidate|boost
|-unboost|p2a: Starmie|atk|1
|move|p2a: Starmie|Rapid Spin|p1a: Gyarados
|-damage|p1a: Gyarados|73/100
|-sideend|p2: Accelerock Ttar|Stealth Rock|[from] move: Rapid Spin|[of] p2a: Starmie
|
|-heal|p1a: Gyarados|79/100|[from] item: Leftovers
|upkeep
|turn|18
|
|t:|1743755730
|move|p2a: Starmie|Rapid Spin|p1a: Gyarados
|-damage|p1a: Gyarados|76/100
|move|p1a: Gyarados|Waterfall|p2a: Starmie
|-resisted|p2a: Starmie
|-damage|p2a: Starmie|0 fnt
|faint|p2a: Starmie
|
|-heal|p1a: Gyarados|82/100|[from] item: Leftovers
|upkeep
|
|t:|1743755738
|switch|p2a: Rotom|Rotom-Wash|32/100
|turn|19
|inactive|Accelerock Ttar has 60 seconds left.
|
|t:|1743755746
|move|p1a: Gyarados|Waterfall|p2a: Rotom
|-resisted|p2a: Rotom
|-crit|p2a: Rotom
|-damage|p2a: Rotom|0 fnt
|faint|p2a: Rotom
|
|-heal|p1a: Gyarados|88/100|[from] item: Leftovers
|upkeep
|inactive|Accelerock Ttar has 60 seconds left.
|c|☆GreatDG|gg wp
|
|t:|1743755756
|switch|p2a: Weavile|Weavile, M|76/100
|-ability|p2a: Weavile|Pressure
|turn|20
|inactive|Accelerock Ttar has 60 seconds left.
|
|t:|1743755765
|move|p2a: Weavile|Night Slash|p1a: Gyarados
|-damage|p1a: Gyarados|24/100
|move|p1a: Gyarados|Waterfall|p2a: Weavile
|-damage|p2a: Weavile|17/100
|
|-heal|p1a: Gyarados|30/100|[from] item: Leftovers
|upkeep
|turn|21
|
|t:|1743755777
|move|p2a: Weavile|Night Slash|p1a: Gyarados
|-damage|p1a: Gyarados|0 fnt
|faint|p1a: Gyarados
|
|upkeep
|
|t:|1743755780
|switch|p1a: Breloom|Breloom, F|91/100
|-damage|p1a: Breloom|84/100|[from] Stealth Rock
|turn|22
|
|t:|1743755784
|move|p1a: Breloom|Mach Punch|p2a: Weavile
|-supereffective|p2a: Weavile
|-damage|p2a: Weavile|0 fnt
|faint|p2a: Weavile
|-damage|p1a: Breloom|74/100|[from] item: Life Orb
|
|win|GreatDG
|raw|GreatDG's rating: 1368 &rarr; <strong>1393</strong><br />(+25 for winning)
|raw|Accelerock Ttar's rating: 1456 &rarr; <strong>1431</strong><br />(-25 for losing)
|c|☆Accelerock Ttar|gg
