|j|☆Salutethewolf
|j|☆ALFFYz
|t:|1746099950
|gametype|singles
|player|p1|Salutethewolf|hugh|1402
|player|p2|ALFFYz|clair|1328
|teamsize|p1|6
|teamsize|p2|6
|gen|5
|tier|[Gen 5] OU
|rated|
|rule|Species Clause: Limit one of each Pokémon
|rule|OHKO Clause: OHKO moves are banned
|rule|Moody Clause: Moody is banned
|rule|Evasion Items Clause: Evasion items are banned
|rule|Evasion Moves Clause: Evasion moves are banned
|rule|Endless Battle Clause: Forcing endless battles is banned
|rule|HP Percentage Mod: HP is shown in percentages
|rule|Evasion Abilities Clause: Evasion abilities are banned
|rule|Sleep Moves Clause: Sleep-inducing moves are banned
|rule|Swagger Clause: Swagger is banned
|rule|Baton Pass Stat Clause: No Baton Passer may have a way to boost its stats
|clearpoke
|poke|p1|Ambipom, M|item
|poke|p1|Garchomp, M|item
|poke|p1|Starmie|item
|poke|p1|Latios, M|item
|poke|p1|Skarmory, M|item
|poke|p1|Jellicent, M|item
|poke|p2|Lucario, F|item
|poke|p2|Gliscor, F|item
|poke|p2|Starmie|item
|poke|p2|Hydreigon, M|item
|poke|p2|Metagross|item
|poke|p2|Gastrodon, M|item
|teampreview
|inactive|Battle timer is ON: inactive players will automatically lose when time's up. (requested by Salutethewolf)
|
|t:|1746099975
|start
|switch|p1a: Skarmory|Skarmory, M, shiny|100/100
|switch|p2a: Gliscor|Gliscor, F|100/100
|turn|1
|
|t:|1746099985
|move|p2a: Gliscor|Taunt|p1a: Skarmory
|-start|p1a: Skarmory|move: Taunt
|cant|p1a: Skarmory|move: Taunt|Stealth Rock
|
|-status|p2a: Gliscor|tox|[from] item: Toxic Orb
|upkeep
|turn|2
|
|t:|1746099995
|switch|p1a: Starmie|Starmie, shiny|100/100
|move|p2a: Gliscor|Stealth Rock|p1a: Starmie
|-sidestart|p1: Salutethewolf|move: Stealth Rock
|
|upkeep
|turn|3
|
|t:|1746100001
|switch|p2a: Gastrodon|Gastrodon, M|100/100
|move|p1a: Starmie|Rapid Spin|p2a: Gastrodon
|-damage|p2a: Gastrodon|98/100
|-sideend|p1: Salutethewolf|Stealth Rock|[from] move: Rapid Spin|[of] p1a: Starmie
|
|-heal|p2a: Gastrodon|100/100|[from] item: Leftovers
|upkeep
|turn|4
|
|t:|1746100009
|move|p1a: Starmie|Toxic|p2a: Gastrodon
|-status|p2a: Gastrodon|tox
|move|p2a: Gastrodon|Toxic|p1a: Starmie|[miss]
|-miss|p2a: Gastrodon|p1a: Starmie
|
|-damage|p2a: Gastrodon|94/100 tox|[from] psn
|upkeep
|turn|5
|
|t:|1746100020
|switch|p1a: Skarmory|Skarmory, M, shiny|100/100
|switch|p2a: Hydreigon|Hydreigon, M|100/100
|
|upkeep
|turn|6
|
|t:|1746100027
|switch|p2a: Starmie|Starmie|100/100
|switch|p1a: Jellicent|Jellicent, M, shiny|100/100
|
|upkeep
|turn|7
|
|t:|1746100034
|move|p2a: Starmie|Thunderbolt|p1a: Jellicent
|-supereffective|p1a: Jellicent
|-damage|p1a: Jellicent|54/100
|-damage|p2a: Starmie|91/100|[from] item: Life Orb
|move|p1a: Jellicent|Shadow Ball|p2a: Starmie
|-supereffective|p2a: Starmie
|-damage|p2a: Starmie|21/100
|
|-heal|p1a: Jellicent|60/100|[from] item: Leftovers
|upkeep
|turn|8
|
|t:|1746100051
|switch|p2a: Gastrodon|Gastrodon, M|94/100 tox
|move|p1a: Jellicent|Recover|p1a: Jellicent
|-heal|p1a: Jellicent|100/100
|
|-heal|p2a: Gastrodon|100/100 tox|[from] item: Leftovers
|-damage|p2a: Gastrodon|94/100 tox|[from] psn
|upkeep
|turn|9
|
|t:|1746100061
|switch|p1a: Starmie|Starmie, shiny|100/100
|switch|p2a: Gliscor|Gliscor, F|100/100 tox
|
|upkeep
|turn|10
|
|t:|1746100077
|move|p1a: Starmie|Scald|p2a: Gliscor
|-supereffective|p2a: Gliscor
|-damage|p2a: Gliscor|35/100 tox
|move|p2a: Gliscor|Stealth Rock|p1a: Starmie
|-sidestart|p1: Salutethewolf|move: Stealth Rock
|
|-heal|p2a: Gliscor|48/100 tox|[from] ability: Poison Heal
|upkeep
|turn|11
|
|t:|1746100087
|move|p1a: Starmie|Rapid Spin|p2a: Gliscor
|-damage|p2a: Gliscor|46/100 tox
|-sideend|p1: Salutethewolf|Stealth Rock|[from] move: Rapid Spin|[of] p1a: Starmie
|move|p2a: Gliscor|U-turn|p1a: Starmie
|-supereffective|p1a: Starmie
|-damage|p1a: Starmie|71/100
|
|t:|1746100095
|switch|p2a: Hydreigon|Hydreigon, M|100/100|[from] U-turn
|
|-heal|p1a: Starmie|78/100|[from] item: Leftovers
|upkeep
|turn|12
|
|t:|1746100111
|switch|p1a: Skarmory|Skarmory, M, shiny|100/100
|move|p2a: Hydreigon|Dragon Pulse|p1a: Skarmory
|-resisted|p1a: Skarmory
|-damage|p1a: Skarmory|65/100
|
|upkeep
|turn|13
|
|t:|1746100118
|switch|p2a: Starmie|Starmie|21/100
|move|p1a: Skarmory|Roost|p1a: Skarmory
|-heal|p1a: Skarmory|100/100
|-singleturn|p1a: Skarmory|move: Roost
|
|upkeep
|turn|14
|
|t:|1746100126
|switch|p1a: Latios|Latios, M, shiny|100/100
|move|p2a: Starmie|Thunderbolt|p1a: Latios
|-resisted|p1a: Latios
|-damage|p1a: Latios|81/100
|-damage|p2a: Starmie|11/100|[from] item: Life Orb
|
|upkeep
|turn|15
|
|t:|1746100134
|switch|p2a: Gastrodon|Gastrodon, M|94/100 tox
|move|p1a: Latios|Draco Meteor|p2a: Gastrodon
|-damage|p2a: Gastrodon|42/100 tox
|-unboost|p1a: Latios|spa|2
|
|-heal|p2a: Gastrodon|48/100 tox|[from] item: Leftovers
|-damage|p2a: Gastrodon|42/100 tox|[from] psn
|upkeep
|turn|16
|
|t:|1746100147
|switch|p1a: Ambipom|Ambipom, M, shiny|100/100
|move|p2a: Gastrodon|Recover|p2a: Gastrodon
|-heal|p2a: Gastrodon|92/100 tox
|
|-heal|p2a: Gastrodon|98/100 tox|[from] item: Leftovers
|-damage|p2a: Gastrodon|86/100 tox|[from] psn
|upkeep
|turn|17
|
|t:|1746100156
|switch|p2a: Metagross|Metagross|100/100
|move|p1a: Ambipom|Fake Out|p2a: Metagross
|-resisted|p2a: Metagross
|-damage|p2a: Metagross|88/100
|-damage|p1a: Ambipom|84/100|[from] item: Rocky Helmet|[of] p2a: Metagross
|-damage|p1a: Ambipom|74/100|[from] item: Life Orb
|
|upkeep
|turn|18
|
|t:|1746100165
|switch|p1a: Starmie|Starmie, shiny|78/100
|move|p2a: Metagross|Thunder Punch|p1a: Starmie
|-supereffective|p1a: Starmie
|-damage|p1a: Starmie|27/100
|
|-heal|p1a: Starmie|33/100|[from] item: Leftovers
|upkeep
|turn|19
|
|t:|1746100178
|move|p1a: Starmie|Recover|p1a: Starmie
|-heal|p1a: Starmie|83/100
|move|p2a: Metagross|Thunder Punch|p1a: Starmie
|-supereffective|p1a: Starmie
|-damage|p1a: Starmie|36/100
|-status|p1a: Starmie|par
|
|-heal|p1a: Starmie|42/100 par|[from] item: Leftovers
|upkeep
|turn|20
|
|t:|1746100188
|-curestatus|p1a: Starmie|par|[from] ability: Natural Cure
|switch|p1a: Garchomp|Garchomp, M, shiny|100/100
|move|p2a: Metagross|Thunder Punch|p1a: Garchomp
|-immune|p1a: Garchomp
|
|upkeep
|turn|21
|
|t:|1746100202
|switch|p2a: Gliscor|Gliscor, F|46/100 tox
|move|p1a: Garchomp|Fire Blast|p2a: Gliscor
|-damage|p2a: Gliscor|0 fnt
|faint|p2a: Gliscor
|-damage|p1a: Garchomp|91/100|[from] item: Life Orb
|
|upkeep
|
|t:|1746100210
|switch|p2a: Hydreigon|Hydreigon, M|100/100
|turn|22
|
|t:|1746100217
|switch|p1a: Jellicent|Jellicent, M, shiny|100/100
|move|p2a: Hydreigon|U-turn|p1a: Jellicent
|-resisted|p1a: Jellicent
|-damage|p1a: Jellicent|93/100
|
|t:|1746100227
|switch|p2a: Gastrodon|Gastrodon, M|86/100 tox|[from] U-turn
|
|-heal|p1a: Jellicent|99/100|[from] item: Leftovers
|-heal|p2a: Gastrodon|92/100 tox|[from] item: Leftovers
|-damage|p2a: Gastrodon|86/100 tox|[from] psn
|upkeep
|turn|23
|
|t:|1746100236
|switch|p1a: Starmie|Starmie, shiny|42/100
|move|p2a: Gastrodon|Toxic|p1a: Starmie
|-status|p1a: Starmie|tox
|
|-heal|p1a: Starmie|49/100 tox|[from] item: Leftovers
|-heal|p2a: Gastrodon|92/100 tox|[from] item: Leftovers
|-damage|p1a: Starmie|42/100 tox|[from] psn
|-damage|p2a: Gastrodon|80/100 tox|[from] psn
|upkeep
|turn|24
|
|t:|1746100251
|switch|p2a: Hydreigon|Hydreigon, M|100/100
|move|p1a: Starmie|Recover|p1a: Starmie
|-heal|p1a: Starmie|92/100 tox
|
|-heal|p1a: Starmie|99/100 tox|[from] item: Leftovers
|-damage|p1a: Starmie|86/100 tox|[from] psn
|upkeep
|turn|25
|
|t:|1746100262
|-curestatus|p1a: Starmie|tox|[from] ability: Natural Cure
|switch|p1a: Skarmory|Skarmory, M, shiny|100/100
|move|p2a: Hydreigon|Dragon Pulse|p1a: Skarmory
|-resisted|p1a: Skarmory
|-damage|p1a: Skarmory|65/100
|
|upkeep
|turn|26
|
|t:|1746100280
|switch|p2a: Metagross|Metagross|88/100
|move|p1a: Skarmory|Brave Bird|p2a: Metagross
|-resisted|p2a: Metagross
|-damage|p2a: Metagross|75/100
|-damage|p1a: Skarmory|49/100|[from] item: Rocky Helmet|[of] p2a: Metagross
|-damage|p1a: Skarmory|44/100|[from] Recoil
|
|upkeep
|turn|27
|
|t:|1746100289
|move|p1a: Skarmory|Roost|p1a: Skarmory
|-heal|p1a: Skarmory|94/100
|-singleturn|p1a: Skarmory|move: Roost
|move|p2a: Metagross|Thunder Punch|p1a: Skarmory
|-damage|p1a: Skarmory|78/100
|-damage|p2a: Metagross|58/100|[from] item: Rocky Helmet|[of] p1a: Skarmory
|
|upkeep
|turn|28
|
|t:|1746100301
|switch|p2a: Hydreigon|Hydreigon, M|100/100
|move|p1a: Skarmory|Stealth Rock|p2a: Hydreigon
|-sidestart|p2: ALFFYz|move: Stealth Rock
|
|upkeep
|turn|29
|
|t:|1746100309
|switch|p1a: Starmie|Starmie, shiny|86/100
|move|p2a: Hydreigon|Dragon Pulse|p1a: Starmie
|-damage|p1a: Starmie|30/100
|
|-heal|p1a: Starmie|36/100|[from] item: Leftovers
|upkeep
|turn|30
|
|t:|1746100318
|switch|p1a: Jellicent|Jellicent, M, shiny|99/100
|move|p2a: Hydreigon|Dragon Pulse|p1a: Jellicent
|-damage|p1a: Jellicent|68/100
|
|-heal|p1a: Jellicent|74/100|[from] item: Leftovers
|upkeep
|turn|31
|
|t:|1746100334
|move|p2a: Hydreigon|Dragon Pulse|p1a: Jellicent
|-damage|p1a: Jellicent|43/100
|move|p1a: Jellicent|Recover|p1a: Jellicent
|-heal|p1a: Jellicent|93/100
|
|-heal|p1a: Jellicent|99/100|[from] item: Leftovers
|upkeep
|turn|32
|
|t:|1746100351
|switch|p2a: Metagross|Metagross|58/100
|-damage|p2a: Metagross|52/100|[from] Stealth Rock
|move|p1a: Jellicent|Will-O-Wisp|p2a: Metagross|[miss]
|-miss|p1a: Jellicent|p2a: Metagross
|
|-heal|p1a: Jellicent|100/100|[from] item: Leftovers
|upkeep
|turn|33
|
|t:|1746100366
|switch|p2a: Gastrodon|Gastrodon, M|80/100 tox
|-damage|p2a: Gastrodon|74/100 tox|[from] Stealth Rock
|switch|p1a: Skarmory|Skarmory, M, shiny|78/100
|
|-heal|p2a: Gastrodon|80/100 tox|[from] item: Leftovers
|-damage|p2a: Gastrodon|74/100 tox|[from] psn
|upkeep
|turn|34
|
|t:|1746100377
|switch|p1a: Starmie|Starmie, shiny|36/100
|move|p2a: Gastrodon|Scald|p1a: Starmie
|-resisted|p1a: Starmie
|-damage|p1a: Starmie|21/100
|
|-heal|p1a: Starmie|28/100|[from] item: Leftovers
|-heal|p2a: Gastrodon|80/100 tox|[from] item: Leftovers
|-damage|p2a: Gastrodon|68/100 tox|[from] psn
|upkeep
|turn|35
|
|t:|1746100387
|switch|p2a: Hydreigon|Hydreigon, M|100/100
|-damage|p2a: Hydreigon|88/100|[from] Stealth Rock
|move|p1a: Starmie|Recover|p1a: Starmie
|-heal|p1a: Starmie|78/100
|
|-heal|p1a: Starmie|84/100|[from] item: Leftovers
|upkeep
|turn|36
|
|t:|1746100400
|switch|p1a: Jellicent|Jellicent, M, shiny|100/100
|move|p2a: Hydreigon|Flamethrower|p1a: Jellicent
|-resisted|p1a: Jellicent
|-damage|p1a: Jellicent|91/100
|
|-heal|p1a: Jellicent|97/100|[from] item: Leftovers
|upkeep
|turn|37
|
|t:|1746100413
|switch|p2a: Gastrodon|Gastrodon, M|68/100 tox
|-damage|p2a: Gastrodon|62/100 tox|[from] Stealth Rock
|move|p1a: Jellicent|Will-O-Wisp||[still]
|-fail|p1a: Jellicent
|
|-heal|p1a: Jellicent|100/100|[from] item: Leftovers
|-heal|p2a: Gastrodon|68/100 tox|[from] item: Leftovers
|-damage|p2a: Gastrodon|62/100 tox|[from] psn
|upkeep
|turn|38
|
|t:|1746100423
|move|p1a: Jellicent|Taunt|p2a: Gastrodon
|-start|p2a: Gastrodon|move: Taunt
|cant|p2a: Gastrodon|move: Taunt|Toxic
|
|-heal|p2a: Gastrodon|68/100 tox|[from] item: Leftovers
|-damage|p2a: Gastrodon|56/100 tox|[from] psn
|upkeep
|turn|39
|
|t:|1746100440
|move|p1a: Jellicent|Shadow Ball|p2a: Gastrodon
|-damage|p2a: Gastrodon|40/100 tox
|-unboost|p2a: Gastrodon|spd|1
|move|p2a: Gastrodon|Ice Beam|p1a: Jellicent
|-resisted|p1a: Jellicent
|-damage|p1a: Jellicent|94/100
|
|-heal|p1a: Jellicent|99/100|[from] item: Leftovers
|-heal|p2a: Gastrodon|46/100 tox|[from] item: Leftovers
|-damage|p2a: Gastrodon|28/100 tox|[from] psn
|upkeep
|turn|40
|
|t:|1746100461
|switch|p2a: Hydreigon|Hydreigon, M|88/100
|-damage|p2a: Hydreigon|76/100|[from] Stealth Rock
|move|p1a: Jellicent|Will-O-Wisp|p2a: Hydreigon
|-status|p2a: Hydreigon|brn
|
|-heal|p1a: Jellicent|100/100|[from] item: Leftovers
|-damage|p2a: Hydreigon|64/100 brn|[from] brn
|upkeep
|turn|41
|
|t:|1746100473
|switch|p1a: Skarmory|Skarmory, M, shiny|78/100
|move|p2a: Hydreigon|Dragon Pulse|p1a: Skarmory
|-resisted|p1a: Skarmory
|-damage|p1a: Skarmory|44/100
|
|-damage|p2a: Hydreigon|51/100 brn|[from] brn
|upkeep
|turn|42
|
|t:|1746100482
|switch|p2a: Lucario|Lucario, F|100/100
|-damage|p2a: Lucario|98/100|[from] Stealth Rock
|move|p1a: Skarmory|Roost|p1a: Skarmory
|-heal|p1a: Skarmory|94/100
|-singleturn|p1a: Skarmory|move: Roost
|
|upkeep
|turn|43
|
|t:|1746100491
|move|p2a: Lucario|Swords Dance|p2a: Lucario
|-boost|p2a: Lucario|atk|2
|move|p1a: Skarmory|Roost|p1a: Skarmory
|-heal|p1a: Skarmory|100/100
|-singleturn|p1a: Skarmory|move: Roost
|
|upkeep
|turn|44
|
|t:|1746100503
|move|p2a: Lucario|Ice Punch|p1a: Skarmory
|-damage|p1a: Skarmory|59/100
|-damage|p2a: Lucario|81/100|[from] item: Rocky Helmet|[of] p1a: Skarmory
|-damage|p2a: Lucario|71/100|[from] item: Life Orb
|move|p1a: Skarmory|Brave Bird|p2a: Lucario
|-damage|p2a: Lucario|17/100
|-damage|p1a: Skarmory|44/100|[from] Recoil
|
|upkeep
|turn|45
|
|t:|1746100526
|switch|p1a: Jellicent|Jellicent, M, shiny|100/100
|move|p2a: Lucario|Ice Punch|p1a: Jellicent
|-resisted|p1a: Jellicent
|-damage|p1a: Jellicent|61/100
|-status|p1a: Jellicent|frz
|-damage|p2a: Lucario|7/100|[from] item: Life Orb
|
|-heal|p1a: Jellicent|67/100 frz|[from] item: Leftovers
|upkeep
|turn|46
|
|t:|1746100541
|switch|p1a: Skarmory|Skarmory, M, shiny|44/100
|move|p2a: Lucario|Ice Punch|p1a: Skarmory
|-damage|p1a: Skarmory|8/100
|-damage|p2a: Lucario|0 fnt|[from] item: Rocky Helmet|[of] p1a: Skarmory
|faint|p2a: Lucario
|
|upkeep
|inactive|ALFFYz has 120 seconds left.
|
|t:|1746100562
|switch|p2a: Hydreigon|Hydreigon, M|51/100 brn
|-damage|p2a: Hydreigon|39/100 brn|[from] Stealth Rock
|turn|47
|
|t:|1746100573
|switch|p1a: Starmie|Starmie, shiny|84/100
|move|p2a: Hydreigon|Dragon Pulse|p1a: Starmie
|-damage|p1a: Starmie|21/100
|
|-heal|p1a: Starmie|27/100|[from] item: Leftovers
|-damage|p2a: Hydreigon|27/100 brn|[from] brn
|upkeep
|turn|48
|
|t:|1746100583
|move|p2a: Hydreigon|Dragon Pulse|p1a: Starmie
|-damage|p1a: Starmie|0 fnt
|faint|p1a: Starmie
|
|-damage|p2a: Hydreigon|14/100 brn|[from] brn
|upkeep
|
|t:|1746100592
|switch|p1a: Latios|Latios, M, shiny|81/100
|turn|49
|
|t:|1746100601
|move|p1a: Latios|Draco Meteor|p2a: Hydreigon
|-supereffective|p2a: Hydreigon
|-crit|p2a: Hydreigon
|-damage|p2a: Hydreigon|0 fnt
|-unboost|p1a: Latios|spa|2
|faint|p2a: Hydreigon
|
|upkeep
|-message|ALFFYz forfeited.
|
|win|Salutethewolf
|raw|Salutethewolf's rating: 1402 &rarr; <strong>1418</strong><br />(+16 for winning)
|raw|ALFFYz's rating: 1328 &rarr; <strong>1312</strong><br />(-16 for losing)
|l|☆ALFFYz
|player|p2|
