|j|☆firelit nights
|j|☆LTEZ No 41 st
|player|p1|firelit nights|158
|player|p2|LTEZ No 41 st|170
|teamsize|p1|6
|teamsize|p2|6
|gametype|singles
|gen|5
|tier|[Gen 5] OU
|rated|
|rule|Sleep Clause Mod: Limit one foe put to sleep
|rule|Species Clause: Limit one of each Pokémon
|rule|OHKO Clause: OHKO moves are banned
|rule|Moody Clause: Moody is banned
|rule|Evasion Moves Clause: Evasion moves are banned
|rule|Endless Battle Clause: Forcing endless battles is banned
|rule|HP Percentage Mod: HP is shown in percentages
|rule|Evasion Abilities Clause: Evasion abilities are banned
|rule|Baton Pass Clause: Limit one Baton Passer, can't pass Spe and other stats simultaneously
|rule|Swagger Clause: Swagger is banned
|clearpoke
|poke|p1|Tyranitar, F|item
|poke|p1|Gliscor, F|item
|poke|p1|Magnezone|item
|poke|p1|Amoonguss, F|item
|poke|p1|Excadrill, F|item
|poke|p1|Latios, M|item
|poke|p2|Tyranitar, F|item
|poke|p2|Ferrothorn, M|item
|poke|p2|Rotom-Wash|item
|poke|p2|Gliscor, M|item
|poke|p2|Latios, M|item
|poke|p2|Mienshao, F|item
|teampreview
|
|start
|switch|p1a: Amoonguss|Amoonguss, F|100/100
|switch|p2a: Gliscor|Gliscor, M|100/100
|turn|1
|
|switch|p1a: Gliscor|Gliscor, F|100/100
|move|p2a: Gliscor|Protect||[still]
|-fail|p2a: Gliscor
|
|-status|p2a: Gliscor|tox|[from] item: Toxic Orb
|-status|p1a: Gliscor|tox|[from] item: Toxic Orb
|upkeep
|turn|2
|
|switch|p2a: Rotom|Rotom-Wash|100/100
|move|p1a: Gliscor|Ice Fang|p2a: Rotom|[miss]
|-miss|p1a: Gliscor|p2a: Rotom
|
|upkeep
|turn|3
|
|switch|p1a: Amoonguss|Amoonguss, F|100/100
|move|p2a: Rotom|Will-O-Wisp|p1a: Amoonguss|[miss]
|-miss|p2a: Rotom|p1a: Amoonguss
|
|upkeep
|turn|4
|
|move|p2a: Rotom|Volt Switch|p1a: Amoonguss
|-resisted|p1a: Amoonguss
|-damage|p1a: Amoonguss|92/100
|
|switch|p2a: Gliscor|Gliscor, M|100/100 tox|[from]move: Volt Switch
|move|p1a: Amoonguss|Stun Spore||[still]
|-fail|p1a: Amoonguss
|
|-heal|p1a: Amoonguss|98/100|[from] item: Black Sludge
|upkeep
|turn|5
|
|move|p2a: Gliscor|Ice Fang|p1a: Amoonguss
|-supereffective|p1a: Amoonguss
|-damage|p1a: Amoonguss|66/100
|move|p1a: Amoonguss|Giga Drain|p2a: Gliscor
|-damage|p2a: Gliscor|72/100 tox
|-heal|p1a: Amoonguss|78/100|[from] drain|[of] p2a: Gliscor
|
|-heal|p1a: Amoonguss|85/100|[from] item: Black Sludge
|-heal|p2a: Gliscor|84/100 tox|[from] ability: Poison Heal
|upkeep
|turn|6
|j| Dayanne or Mavis
|
|move|p2a: Gliscor|Ice Fang|p1a: Amoonguss
|-supereffective|p1a: Amoonguss
|-damage|p1a: Amoonguss|54/100
|-status|p1a: Amoonguss|frz
|-curestatus|p1a: Amoonguss|frz|[msg]
|move|p1a: Amoonguss|Giga Drain|p2a: Gliscor
|-damage|p2a: Gliscor|54/100 tox
|-heal|p1a: Amoonguss|67/100|[from] drain|[of] p2a: Gliscor
|
|-heal|p1a: Amoonguss|73/100|[from] item: Black Sludge
|-heal|p2a: Gliscor|67/100 tox|[from] ability: Poison Heal
|upkeep
|turn|7
|
|move|p2a: Gliscor|Earthquake|p1a: Amoonguss
|-damage|p1a: Amoonguss|40/100
|move|p1a: Amoonguss|Giga Drain|p2a: Gliscor
|-damage|p2a: Gliscor|37/100 tox
|-heal|p1a: Amoonguss|52/100|[from] drain|[of] p2a: Gliscor
|
|-heal|p1a: Amoonguss|58/100|[from] item: Black Sludge
|-heal|p2a: Gliscor|49/100 tox|[from] ability: Poison Heal
|upkeep
|turn|8
|
|move|p2a: Gliscor|Protect|p2a: Gliscor
|-singleturn|p2a: Gliscor|Protect
|move|p1a: Amoonguss|Giga Drain|p2a: Gliscor
|-activate|p2a: Gliscor|move: Protect
|
|-heal|p1a: Amoonguss|64/100|[from] item: Black Sludge
|-heal|p2a: Gliscor|62/100 tox|[from] ability: Poison Heal
|upkeep
|turn|9
|
|move|p2a: Gliscor|Ice Fang|p1a: Amoonguss
|-supereffective|p1a: Amoonguss
|-damage|p1a: Amoonguss|35/100
|move|p1a: Amoonguss|Giga Drain|p2a: Gliscor
|-damage|p2a: Gliscor|33/100 tox
|-heal|p1a: Amoonguss|47/100|[from] drain|[of] p2a: Gliscor
|
|-heal|p1a: Amoonguss|53/100|[from] item: Black Sludge
|-heal|p2a: Gliscor|45/100 tox|[from] ability: Poison Heal
|upkeep
|turn|10
|
|switch|p1a: Gliscor|Gliscor, F|100/100 tox
|move|p2a: Gliscor|Ice Fang|p1a: Gliscor
|-supereffective|p1a: Gliscor
|-damage|p1a: Gliscor|63/100 tox
|
|-heal|p2a: Gliscor|58/100 tox|[from] ability: Poison Heal
|-heal|p1a: Gliscor|76/100 tox|[from] ability: Poison Heal
|upkeep
|turn|11
|
|move|p2a: Gliscor|Protect|p2a: Gliscor
|-singleturn|p2a: Gliscor|Protect
|move|p1a: Gliscor|Ice Fang|p2a: Gliscor
|-activate|p2a: Gliscor|move: Protect
|
|-heal|p2a: Gliscor|70/100 tox|[from] ability: Poison Heal
|-heal|p1a: Gliscor|88/100 tox|[from] ability: Poison Heal
|upkeep
|turn|12
|
|switch|p2a: Rotom|Rotom-Wash|100/100
|switch|p1a: Amoonguss|Amoonguss, F|87/100
|
|-heal|p1a: Amoonguss|93/100|[from] item: Black Sludge
|upkeep
|turn|13
|
|move|p2a: Rotom|Will-O-Wisp|p1a: Amoonguss
|-status|p1a: Amoonguss|brn
|move|p1a: Amoonguss|Giga Drain|p2a: Rotom
|-supereffective|p2a: Rotom
|-damage|p2a: Rotom|64/100
|-heal|p1a: Amoonguss|100/100 brn|[from] drain|[of] p2a: Rotom
|
|-heal|p2a: Rotom|70/100|[from] item: Leftovers
|-damage|p1a: Amoonguss|88/100 brn|[from] brn
|upkeep
|turn|14
|
|move|p2a: Rotom|Volt Switch|p1a: Amoonguss
|-resisted|p1a: Amoonguss
|-damage|p1a: Amoonguss|80/100 brn
|
|switch|p2a: Gliscor|Gliscor, M|70/100 tox|[from]move: Volt Switch
|move|p1a: Amoonguss|Giga Drain|p2a: Gliscor
|-damage|p2a: Gliscor|41/100 tox
|-heal|p1a: Amoonguss|91/100 brn|[from] drain|[of] p2a: Gliscor
|
|-heal|p1a: Amoonguss|98/100 brn|[from] item: Black Sludge
|-heal|p2a: Gliscor|54/100 tox|[from] ability: Poison Heal
|-damage|p1a: Amoonguss|85/100 brn|[from] brn
|upkeep
|turn|15
|
|move|p2a: Gliscor|Protect|p2a: Gliscor
|-singleturn|p2a: Gliscor|Protect
|move|p1a: Amoonguss|Giga Drain|p2a: Gliscor
|-activate|p2a: Gliscor|move: Protect
|
|-heal|p1a: Amoonguss|91/100 brn|[from] item: Black Sludge
|-heal|p2a: Gliscor|66/100 tox|[from] ability: Poison Heal
|-damage|p1a: Amoonguss|79/100 brn|[from] brn
|upkeep
|turn|16
|c|☆LTEZ No 41 st|test
|c|☆firelit nights|not feeling
|c|☆firelit nights|it
|-message|firelit nights forfeited.
|
|win|LTEZ No 41 st
|l|☆firelit nights
|l|☆LTEZ No 41 st
|raw|firelit nights's rating: 1443 &rarr; <strong>1429</strong><br />(-14 for losing)
|raw|LTEZ No 41 st's rating: 1555 &rarr; <strong>1569</strong><br />(+14 for winning)
|j|☆LTEZ No 41 st
|player|p2|LTEZ No 41 st|170
|l|☆LTEZ No 41 st
|player|p2|
