|j|☆fulacks
|j|☆xpeps_10
|t:|1746808621
|gametype|singles
|player|p1|fulacks|hilda|1423
|player|p2|xpeps_10|gentleman-gen4|1497
|teamsize|p1|6
|teamsize|p2|6
|gen|5
|tier|[Gen 5] OU
|rated|
|rule|Species Clause: Limit one of each Pokémon
|rule|OHKO Clause: OHKO moves are banned
|rule|Moody Clause: Moody is banned
|rule|Evasion Items Clause: Evasion items are banned
|rule|Evasion Moves Clause: Evasion moves are banned
|rule|Endless Battle Clause: Forcing endless battles is banned
|rule|HP Percentage Mod: HP is shown in percentages
|rule|Evasion Abilities Clause: Evasion abilities are banned
|rule|Sleep Moves Clause: Sleep-inducing moves are banned
|rule|Swagger Clause: Swagger is banned
|rule|Baton Pass Stat Clause: No Baton Passer may have a way to boost its stats
|clearpoke
|poke|p1|Tentacruel, M|item
|poke|p1|Thundurus-Therian, M|item
|poke|p1|Ferrothorn, M|item
|poke|p1|Keldeo-Resolute|item
|poke|p1|Latios, M|item
|poke|p1|Politoed, M|item
|poke|p2|Rotom-Wash|item
|poke|p2|Landorus-Therian, M|item
|poke|p2|Tyranitar, M|item
|poke|p2|Alakazam, F|item
|poke|p2|Keldeo|item
|poke|p2|Excadrill, F|item
|teampreview
|inactive|Battle timer is ON: inactive players will automatically lose when time's up. (requested by xpeps_10)
|c|☆xpeps_10|Glhf
|c|☆fulacks|U2
|
|t:|1746808648
|start
|switch|p1a: Keldeo|Keldeo-Resolute|100/100
|switch|p2a: Rotom|Rotom-Wash|100/100
|turn|1
|
|t:|1746808656
|switch|p1a: Thundurus|Thundurus-Therian, M|100/100
|move|p2a: Rotom|Will-O-Wisp|p1a: Thundurus
|-status|p1a: Thundurus|brn
|
|-damage|p1a: Thundurus|88/100 brn|[from] brn
|upkeep
|turn|2
|
|t:|1746808665
|switch|p1a: Ferrothorn|Ferrothorn, M, shiny|100/100
|move|p2a: Rotom|Hydro Pump|p1a: Ferrothorn
|-resisted|p1a: Ferrothorn
|-damage|p1a: Ferrothorn|87/100
|
|-heal|p1a: Ferrothorn|93/100|[from] item: Leftovers
|upkeep
|turn|3
|
|t:|1746808671
|move|p2a: Rotom|Will-O-Wisp|p1a: Ferrothorn
|-status|p1a: Ferrothorn|brn
|move|p1a: Ferrothorn|Knock Off|p2a: Rotom
|-damage|p2a: Rotom|99/100
|-enditem|p2a: Rotom|Leftovers|[from] move: Knock Off|[of] p1a: Ferrothorn
|
|-heal|p1a: Ferrothorn|99/100 brn|[from] item: Leftovers
|-damage|p1a: Ferrothorn|87/100 brn|[from] brn
|upkeep
|turn|4
|
|t:|1746808675
|move|p2a: Rotom|Volt Switch|p1a: Ferrothorn
|-resisted|p1a: Ferrothorn
|-damage|p1a: Ferrothorn|78/100 brn
|
|t:|1746808678
|switch|p2a: Tyranitar|Tyranitar, M|100/100|[from] Volt Switch
|-weather|Sandstorm|[from] ability: Sand Stream|[of] p2a: Tyranitar
|move|p1a: Ferrothorn|Stealth Rock|p2a: Tyranitar
|-sidestart|p2: xpeps_10|move: Stealth Rock
|
|-weather|Sandstorm|[upkeep]
|-heal|p1a: Ferrothorn|84/100 brn|[from] item: Leftovers
|-damage|p1a: Ferrothorn|72/100 brn|[from] brn
|upkeep
|turn|5
|
|t:|1746808689
|move|p2a: Tyranitar|Stealth Rock|p1a: Ferrothorn
|-sidestart|p1: fulacks|move: Stealth Rock
|move|p1a: Ferrothorn|Power Whip|p2a: Tyranitar
|-supereffective|p2a: Tyranitar
|-damage|p2a: Tyranitar|70/100
|
|-weather|Sandstorm|[upkeep]
|-heal|p1a: Ferrothorn|78/100 brn|[from] item: Leftovers
|-damage|p1a: Ferrothorn|66/100 brn|[from] brn
|upkeep
|turn|6
|
|t:|1746808695
|move|p2a: Tyranitar|Superpower|p1a: Ferrothorn
|-supereffective|p1a: Ferrothorn
|-damage|p1a: Ferrothorn|9/100 brn
|-unboost|p2a: Tyranitar|atk|1
|-unboost|p2a: Tyranitar|def|1
|-damage|p2a: Tyranitar|57/100|[from] ability: Iron Barbs|[of] p1a: Ferrothorn
|move|p1a: Ferrothorn|Spikes|p2a: Tyranitar
|-sidestart|p2: xpeps_10|Spikes
|
|-weather|Sandstorm|[upkeep]
|-heal|p1a: Ferrothorn|16/100 brn|[from] item: Leftovers
|-damage|p1a: Ferrothorn|3/100 brn|[from] brn
|upkeep
|turn|7
|
|t:|1746808707
|switch|p2a: Rotom|Rotom-Wash|99/100
|-damage|p2a: Rotom|86/100|[from] Stealth Rock
|move|p1a: Ferrothorn|Spikes|p2a: Rotom
|-sidestart|p2: xpeps_10|Spikes
|
|-weather|Sandstorm|[upkeep]
|-damage|p2a: Rotom|80/100|[from] Sandstorm
|-heal|p1a: Ferrothorn|9/100 brn|[from] item: Leftovers
|-damage|p1a: Ferrothorn|0 fnt|[from] brn
|faint|p1a: Ferrothorn
|upkeep
|
|t:|1746808721
|switch|p1a: Tentacruel|Tentacruel, M|100/100
|-damage|p1a: Tentacruel|88/100|[from] Stealth Rock
|turn|8
|
|t:|1746808725
|move|p1a: Tentacruel|Rapid Spin|p2a: Rotom
|-damage|p2a: Rotom|78/100
|-sideend|p1: fulacks|Stealth Rock|[from] move: Rapid Spin|[of] p1a: Tentacruel
|move|p2a: Rotom|Will-O-Wisp|p1a: Tentacruel|[miss]
|-miss|p2a: Rotom|p1a: Tentacruel
|
|-weather|Sandstorm|[upkeep]
|-damage|p1a: Tentacruel|82/100|[from] Sandstorm
|-damage|p2a: Rotom|72/100|[from] Sandstorm
|-heal|p1a: Tentacruel|88/100|[from] item: Black Sludge
|upkeep
|turn|9
|
|t:|1746808735
|move|p1a: Tentacruel|Protect|p1a: Tentacruel
|-singleturn|p1a: Tentacruel|Protect
|move|p2a: Rotom|Will-O-Wisp|p1a: Tentacruel
|-activate|p1a: Tentacruel|move: Protect
|
|-weather|Sandstorm|[upkeep]
|-damage|p1a: Tentacruel|82/100|[from] Sandstorm
|-damage|p2a: Rotom|65/100|[from] Sandstorm
|-heal|p1a: Tentacruel|88/100|[from] item: Black Sludge
|upkeep
|turn|10
|
|t:|1746808739
|switch|p1a: Thundurus|Thundurus-Therian, M|88/100 brn
|move|p2a: Rotom|Will-O-Wisp|p1a: Thundurus
|-fail|p1a: Thundurus|brn
|
|-weather|Sandstorm|[upkeep]
|-damage|p1a: Thundurus|82/100 brn|[from] Sandstorm
|-damage|p2a: Rotom|59/100|[from] Sandstorm
|-heal|p1a: Thundurus|88/100 brn|[from] item: Leftovers
|-damage|p1a: Thundurus|76/100 brn|[from] brn
|upkeep
|turn|11
|
|t:|1746808744
|move|p1a: Thundurus|Thunder|p2a: Rotom|[miss]
|-miss|p1a: Thundurus|p2a: Rotom
|move|p2a: Rotom|Pain Split|p1a: Thundurus
|-sethp|p1a: Thundurus|65/100 brn|[from] move: Pain Split|[silent]
|-sethp|p2a: Rotom|70/100|[from] move: Pain Split
|
|-weather|Sandstorm|[upkeep]
|-damage|p1a: Thundurus|59/100 brn|[from] Sandstorm
|-damage|p2a: Rotom|64/100|[from] Sandstorm
|-heal|p1a: Thundurus|65/100 brn|[from] item: Leftovers
|-damage|p1a: Thundurus|53/100 brn|[from] brn
|upkeep
|turn|12
|
|t:|1746808755
|switch|p2a: Landorus|Landorus-Therian, M|100/100
|-damage|p2a: Landorus|88/100|[from] Stealth Rock
|-ability|p2a: Landorus|Intimidate|boost
|-unboost|p1a: Thundurus|atk|1
|move|p1a: Thundurus|Focus Blast|p2a: Landorus|[miss]
|-miss|p1a: Thundurus|p2a: Landorus
|
|-weather|Sandstorm|[upkeep]
|-damage|p1a: Thundurus|47/100 brn|[from] Sandstorm
|-heal|p1a: Thundurus|53/100 brn|[from] item: Leftovers
|-damage|p1a: Thundurus|41/100 brn|[from] brn
|upkeep
|turn|13
|
|t:|1746808768
|move|p2a: Landorus|Stone Edge|p1a: Thundurus
|-supereffective|p1a: Thundurus
|-damage|p1a: Thundurus|0 fnt
|faint|p1a: Thundurus
|
|-weather|Sandstorm|[upkeep]
|upkeep
|
|t:|1746808775
|switch|p1a: Keldeo|Keldeo-Resolute|100/100
|turn|14
|
|t:|1746808784
|switch|p2a: Rotom|Rotom-Wash|64/100
|-damage|p2a: Rotom|51/100|[from] Stealth Rock
|move|p1a: Keldeo|Secret Sword|p2a: Rotom
|-damage|p2a: Rotom|18/100
|
|-weather|Sandstorm|[upkeep]
|-damage|p1a: Keldeo|94/100|[from] Sandstorm
|-damage|p2a: Rotom|12/100|[from] Sandstorm
|upkeep
|turn|15
|
|t:|1746808788
|move|p1a: Keldeo|Secret Sword|p2a: Rotom
|-crit|p2a: Rotom
|-damage|p2a: Rotom|0 fnt
|faint|p2a: Rotom
|
|-weather|Sandstorm|[upkeep]
|-damage|p1a: Keldeo|88/100|[from] Sandstorm
|upkeep
|
|t:|1746808790
|switch|p2a: Alakazam|Alakazam, F|100/100
|turn|16
|
|t:|1746808795
|switch|p1a: Latios|Latios, M|100/100
|move|p2a: Alakazam|Psychic|p1a: Latios
|-resisted|p1a: Latios
|-damage|p1a: Latios|74/100
|
|-weather|Sandstorm|[upkeep]
|-damage|p1a: Latios|68/100|[from] Sandstorm
|upkeep
|turn|17
|
|t:|1746808805
|move|p2a: Alakazam|Shadow Ball|p1a: Latios
|-supereffective|p1a: Latios
|-damage|p1a: Latios|4/100
|-unboost|p1a: Latios|spd|1
|move|p1a: Latios|Dragon Pulse|p2a: Alakazam
|-enditem|p2a: Alakazam|Focus Sash
|-damage|p2a: Alakazam|1/100
|
|-weather|Sandstorm|[upkeep]
|-damage|p1a: Latios|0 fnt|[from] Sandstorm
|faint|p1a: Latios
|upkeep
|
|t:|1746808818
|switch|p1a: Keldeo|Keldeo-Resolute|88/100
|turn|18
|
|t:|1746808826
|move|p1a: Keldeo|Secret Sword|p2a: Alakazam
|-resisted|p2a: Alakazam
|-damage|p2a: Alakazam|0 fnt
|faint|p2a: Alakazam
|
|-weather|Sandstorm|[upkeep]
|-damage|p1a: Keldeo|82/100|[from] Sandstorm
|upkeep
|
|t:|1746808835
|switch|p2a: Landorus|Landorus-Therian, M|88/100
|-damage|p2a: Landorus|76/100|[from] Stealth Rock
|-ability|p2a: Landorus|Intimidate|boost
|-unboost|p1a: Keldeo|atk|1
|turn|19
|
|t:|1746808855
|switch|p1a: Tentacruel|Tentacruel, M|88/100
|move|p2a: Landorus|U-turn|p1a: Tentacruel
|-resisted|p1a: Tentacruel
|-damage|p1a: Tentacruel|74/100
|
|t:|1746808863
|switch|p2a: Excadrill|Excadrill, F|100/100|[from] U-turn
|-damage|p2a: Excadrill|97/100|[from] Stealth Rock
|-ability|p2a: Excadrill|Mold Breaker
|-item|p2a: Excadrill|Air Balloon
|
|-weather|Sandstorm|[upkeep]
|-damage|p1a: Tentacruel|68/100|[from] Sandstorm
|-heal|p1a: Tentacruel|74/100|[from] item: Black Sludge
|upkeep
|turn|20
|
|t:|1746808869
|move|p1a: Tentacruel|Scald|p2a: Excadrill
|-supereffective|p2a: Excadrill
|-damage|p2a: Excadrill|37/100
|-enditem|p2a: Excadrill|Air Balloon
|move|p2a: Excadrill|Rapid Spin|p1a: Tentacruel
|-damage|p1a: Tentacruel|66/100
|-sideend|p2: xpeps_10|Spikes|[from] move: Rapid Spin|[of] p2a: Excadrill
|-sideend|p2: xpeps_10|Stealth Rock|[from] move: Rapid Spin|[of] p2a: Excadrill
|
|-weather|Sandstorm|[upkeep]
|-damage|p1a: Tentacruel|59/100|[from] Sandstorm
|-heal|p1a: Tentacruel|66/100|[from] item: Black Sludge
|upkeep
|turn|21
|
|t:|1746808878
|move|p1a: Tentacruel|Scald|p2a: Excadrill
|-supereffective|p2a: Excadrill
|-damage|p2a: Excadrill|0 fnt
|faint|p2a: Excadrill
|
|-weather|Sandstorm|[upkeep]
|-damage|p1a: Tentacruel|59/100|[from] Sandstorm
|-heal|p1a: Tentacruel|66/100|[from] item: Black Sludge
|upkeep
|
|t:|1746808890
|switch|p2a: Landorus|Landorus-Therian, M|76/100
|-ability|p2a: Landorus|Intimidate|boost
|-unboost|p1a: Tentacruel|atk|1
|turn|22
|
|t:|1746808892
|move|p1a: Tentacruel|Protect|p1a: Tentacruel
|-singleturn|p1a: Tentacruel|Protect
|move|p2a: Landorus|Earthquake|p1a: Tentacruel
|-activate|p1a: Tentacruel|move: Protect
|
|-weather|Sandstorm|[upkeep]
|-damage|p1a: Tentacruel|59/100|[from] Sandstorm
|-heal|p1a: Tentacruel|66/100|[from] item: Black Sludge
|upkeep
|turn|23
|
|t:|1746808909
|move|p2a: Landorus|Earthquake|p1a: Tentacruel
|-supereffective|p1a: Tentacruel
|-damage|p1a: Tentacruel|0 fnt
|faint|p1a: Tentacruel
|
|-weather|Sandstorm|[upkeep]
|upkeep
|
|t:|1746808910
|switch|p1a: Keldeo|Keldeo-Resolute|82/100
|turn|24
|
|t:|1746808921
|move|p1a: Keldeo|Secret Sword|p2a: Landorus
|-resisted|p2a: Landorus
|-damage|p2a: Landorus|54/100
|move|p2a: Landorus|Earthquake|p1a: Keldeo
|-damage|p1a: Keldeo|17/100
|
|-weather|Sandstorm|[upkeep]
|-damage|p1a: Keldeo|11/100|[from] Sandstorm
|upkeep
|turn|25
|
|t:|1746808925
|switch|p1a: Politoed|Politoed, M|100/100
|-weather|RainDance|[from] ability: Drizzle|[of] p1a: Politoed
|move|p2a: Landorus|Earthquake|p1a: Politoed
|-damage|p1a: Politoed|46/100
|
|-weather|RainDance|[upkeep]
|-heal|p1a: Politoed|52/100|[from] item: Leftovers
|upkeep
|turn|26
|
|t:|1746808930
|move|p1a: Politoed|Protect|p1a: Politoed
|-singleturn|p1a: Politoed|Protect
|move|p2a: Landorus|Earthquake|p1a: Politoed
|-activate|p1a: Politoed|move: Protect
|
|-weather|RainDance|[upkeep]
|-heal|p1a: Politoed|58/100|[from] item: Leftovers
|upkeep
|turn|27
|
|t:|1746808937
|move|p2a: Landorus|Earthquake|p1a: Politoed
|-damage|p1a: Politoed|6/100
|move|p1a: Politoed|Scald|p2a: Landorus
|-supereffective|p2a: Landorus
|-damage|p2a: Landorus|0 fnt
|faint|p2a: Landorus
|
|-weather|RainDance|[upkeep]
|-heal|p1a: Politoed|12/100|[from] item: Leftovers
|upkeep
|
|t:|1746808943
|switch|p2a: Tyranitar|Tyranitar, M|57/100
|-weather|Sandstorm|[from] ability: Sand Stream|[of] p2a: Tyranitar
|turn|28
|
|t:|1746808955
|move|p1a: Politoed|Scald|p2a: Tyranitar
|-supereffective|p2a: Tyranitar
|-damage|p2a: Tyranitar|34/100
|move|p2a: Tyranitar|Thunder Wave|p1a: Politoed
|-status|p1a: Politoed|par
|
|-weather|Sandstorm|[upkeep]
|-damage|p1a: Politoed|6/100 par|[from] Sandstorm
|-heal|p1a: Politoed|12/100 par|[from] item: Leftovers
|upkeep
|turn|29
|
|t:|1746808971
|move|p2a: Tyranitar|Superpower|p1a: Politoed
|-damage|p1a: Politoed|0 fnt
|-unboost|p2a: Tyranitar|atk|1
|-unboost|p2a: Tyranitar|def|1
|faint|p1a: Politoed
|
|-weather|Sandstorm|[upkeep]
|upkeep
|
|t:|1746808973
|switch|p1a: Keldeo|Keldeo-Resolute|11/100
|turn|30
|c|☆xpeps_10|GG
|c|☆fulacks|gg wp
|
|t:|1746808980
|move|p1a: Keldeo|Secret Sword|p2a: Tyranitar
|-supereffective|p2a: Tyranitar
|-enditem|p2a: Tyranitar|Chople Berry|[eat]
|-enditem|p2a: Tyranitar|Chople Berry|[weaken]
|-damage|p2a: Tyranitar|0 fnt
|faint|p2a: Tyranitar
|
|-weather|Sandstorm|[upkeep]
|-damage|p1a: Keldeo|5/100|[from] Sandstorm
|upkeep
|
|t:|1746808982
|switch|p2a: Keldeo|Keldeo|100/100
|turn|31
|
|t:|1746808984
|move|p1a: Keldeo|Secret Sword|p2a: Keldeo
|-damage|p2a: Keldeo|53/100
|move|p2a: Keldeo|Secret Sword|p1a: Keldeo
|-crit|p1a: Keldeo
|-damage|p1a: Keldeo|0 fnt
|faint|p1a: Keldeo
|
|win|xpeps_10
|raw|fulacks's rating: 1423 &rarr; <strong>1407</strong><br />(-16 for losing)
|raw|xpeps_10's rating: 1497 &rarr; <strong>1513</strong><br />(+16 for winning)
|l|☆fulacks
|player|p1|
