|j|☆MightyLemm2
|j|☆triple axel blaze
|t:|1711380625
|gametype|singles
|player|p1|MightyLemm2|dawn|1361
|player|p2|triple axel blaze|1|1487
|teamsize|p1|6
|teamsize|p2|6
|gen|5
|tier|[Gen 5] OU
|rated|
|rule|Species Clause: Limit one of each Pokémon
|rule|OHKO Clause: OHKO moves are banned
|rule|Moody Clause: Moody is banned
|rule|Evasion Items Clause: Evasion items are banned
|rule|Evasion Moves Clause: Evasion moves are banned
|rule|Endless Battle Clause: Forcing endless battles is banned
|rule|HP Percentage Mod: HP is shown in percentages
|rule|Evasion Abilities Clause: Evasion abilities are banned
|rule|Sleep Moves Clause: Sleep-inducing moves are banned
|rule|Swagger Clause: Swagger is banned
|rule|Baton Pass Stat Clause: No Baton Passer may have a way to boost its stats
|clearpoke
|poke|p1|Latios, M|item
|poke|p1|Politoed, F|item
|poke|p1|Vaporeon, M|item
|poke|p1|Ferrothorn, M|item
|poke|p1|Jirachi|item
|poke|p1|Keldeo|item
|poke|p2|Abomasnow, F|item
|poke|p2|Latios, M|item
|poke|p2|Kyurem-Black|item
|poke|p2|Garchomp, M|item
|poke|p2|Jirachi|item
|poke|p2|Cloyster, M|item
|teampreview
|inactive|Battle timer is ON: inactive players will automatically lose when time's up. (requested by MightyLemm2)
|
|t:|1711380640
|start
|switch|p1a: Ferrothorn|Ferrothorn, M|100/100
|switch|p2a: Jirachi|Jirachi|100/100
|turn|1
|
|t:|1711380646
|switch|p1a: Politoed|Politoed, F|100/100
|-weather|RainDance|[from] ability: Drizzle|[of] p1a: Politoed
|move|p2a: Jirachi|Fire Punch|p1a: Politoed
|-resisted|p1a: Politoed
|-damage|p1a: Politoed|96/100
|
|-weather|RainDance|[upkeep]
|upkeep
|turn|2
|
|t:|1711380650
|move|p2a: Jirachi|U-turn|p1a: Politoed
|-damage|p1a: Politoed|78/100
|
|t:|1711380652
|switch|p2a: Abomasnow|Abomasnow, F|100/100|[from] U-turn
|-weather|Hail|[from] ability: Snow Warning|[of] p2a: Abomasnow
|move|p1a: Politoed|Hydro Pump|p2a: Abomasnow
|-resisted|p2a: Abomasnow
|-damage|p2a: Abomasnow|56/100
|
|-weather|Hail|[upkeep]
|-damage|p1a: Politoed|72/100|[from] Hail
|upkeep
|turn|3
|
|t:|1711380659
|switch|p1a: Ferrothorn|Ferrothorn, M|100/100
|move|p2a: Abomasnow|Blizzard|p1a: Ferrothorn
|-damage|p1a: Ferrothorn|54/100
|
|-weather|Hail|[upkeep]
|-damage|p1a: Ferrothorn|47/100|[from] Hail
|upkeep
|turn|4
|
|t:|1711380664
|move|p2a: Abomasnow|Blizzard|p1a: Ferrothorn
|-damage|p1a: Ferrothorn|0 fnt
|faint|p1a: Ferrothorn
|
|-weather|Hail|[upkeep]
|upkeep
|
|t:|1711380667
|switch|p1a: Politoed|Politoed, F|72/100
|-weather|RainDance|[from] ability: Drizzle|[of] p1a: Politoed
|turn|5
|
|t:|1711380675
|move|p2a: Abomasnow|Wood Hammer|p1a: Politoed
|-supereffective|p1a: Politoed
|-damage|p1a: Politoed|0 fnt
|faint|p1a: Politoed
|-damage|p2a: Abomasnow|28/100|[from] Recoil
|
|-weather|RainDance|[upkeep]
|upkeep
|
|t:|1711380680
|switch|p1a: Keldeo|Keldeo|100/100
|turn|6
|
|t:|1711380683
|switch|p2a: Latios|Latios, M|100/100
|move|p1a: Keldeo|Secret Sword|p2a: Latios
|-resisted|p2a: Latios
|-damage|p2a: Latios|53/100
|
|-weather|RainDance|[upkeep]
|upkeep
|turn|7
|
|t:|1711380688
|switch|p1a: Jirachi|Jirachi|100/100
|move|p2a: Latios|Roost|p2a: Latios
|-heal|p2a: Latios|100/100
|-singleturn|p2a: Latios|move: Roost
|
|-weather|RainDance|[upkeep]
|upkeep
|turn|8
|
|t:|1711380691
|switch|p2a: Abomasnow|Abomasnow, F|28/100
|-weather|Hail|[from] ability: Snow Warning|[of] p2a: Abomasnow
|move|p1a: Jirachi|Thunder|p2a: Abomasnow
|-resisted|p2a: Abomasnow
|-damage|p2a: Abomasnow|6/100
|
|-weather|Hail|[upkeep]
|-damage|p1a: Jirachi|94/100|[from] Hail
|-heal|p1a: Jirachi|100/100|[from] item: Leftovers
|upkeep
|turn|9
|
|t:|1711380695
|move|p1a: Jirachi|Water Pulse|p2a: Abomasnow
|-resisted|p2a: Abomasnow
|-damage|p2a: Abomasnow|0 fnt
|faint|p2a: Abomasnow
|
|-weather|Hail|[upkeep]
|-damage|p1a: Jirachi|94/100|[from] Hail
|-heal|p1a: Jirachi|100/100|[from] item: Leftovers
|upkeep
|
|t:|1711380697
|switch|p2a: Garchomp|Garchomp, M|100/100
|turn|10
|
|t:|1711380699
|move|p2a: Garchomp|Earthquake|p1a: Jirachi
|-supereffective|p1a: Jirachi
|-damage|p1a: Jirachi|0 fnt
|faint|p1a: Jirachi
|
|-weather|Hail|[upkeep]
|-damage|p2a: Garchomp|94/100|[from] Hail
|upkeep
|
|t:|1711380701
|switch|p1a: Keldeo|Keldeo|100/100
|turn|11
|
|t:|1711380707
|move|p2a: Garchomp|Earthquake|p1a: Keldeo
|-damage|p1a: Keldeo|36/100
|move|p1a: Keldeo|Scald|p2a: Garchomp
|-damage|p2a: Garchomp|30/100
|
|-weather|Hail|[upkeep]
|-damage|p2a: Garchomp|23/100|[from] Hail
|-damage|p1a: Keldeo|30/100|[from] Hail
|upkeep
|turn|12
|
|t:|1711380713
|switch|p2a: Jirachi|Jirachi|100/100
|move|p1a: Keldeo|Scald|p2a: Jirachi
|-damage|p2a: Jirachi|56/100
|
|-weather|Hail|[upkeep]
|-damage|p1a: Keldeo|24/100|[from] Hail
|-damage|p2a: Jirachi|50/100|[from] Hail
|upkeep
|-enditem|p2a: Jirachi|Sitrus Berry|[eat]
|-heal|p2a: Jirachi|75/100|[from] item: Sitrus Berry
|turn|13
|
|t:|1711380719
|switch|p2a: Latios|Latios, M|100/100
|move|p1a: Keldeo|Scald|p2a: Latios
|-resisted|p2a: Latios
|-damage|p2a: Latios|66/100
|
|-weather|Hail|[upkeep]
|-damage|p2a: Latios|59/100|[from] Hail
|-damage|p1a: Keldeo|18/100|[from] Hail
|upkeep
|turn|14
|
|t:|1711380722
|move|p2a: Latios|Roost|p2a: Latios
|-heal|p2a: Latios|100/100
|-singleturn|p2a: Latios|move: Roost
|move|p1a: Keldeo|Scald|p2a: Latios
|-resisted|p2a: Latios
|-damage|p2a: Latios|68/100
|
|-weather|Hail|[upkeep]
|-damage|p2a: Latios|62/100|[from] Hail
|-damage|p1a: Keldeo|12/100|[from] Hail
|upkeep
|turn|15
|
|t:|1711380725
|move|p2a: Latios|Draco Meteor|p1a: Keldeo
|-damage|p1a: Keldeo|0 fnt
|-unboost|p2a: Latios|spa|2
|faint|p1a: Keldeo
|
|-weather|Hail|[upkeep]
|-damage|p2a: Latios|55/100|[from] Hail
|upkeep
|
|t:|1711380728
|switch|p1a: Latios|Latios, M|100/100
|turn|16
|
|t:|1711380733
|switch|p2a: Jirachi|Jirachi|75/100
|move|p1a: Latios|Draco Meteor|p2a: Jirachi
|-resisted|p2a: Jirachi
|-damage|p2a: Jirachi|51/100
|-unboost|p1a: Latios|spa|2
|
|-weather|Hail|[upkeep]
|-damage|p1a: Latios|95/100|[from] Hail
|-damage|p2a: Jirachi|45/100|[from] Hail
|upkeep
|turn|17
|
|t:|1711380735
|switch|p1a: Vaporeon|Vaporeon, M|100/100
|move|p2a: Jirachi|U-turn|p1a: Vaporeon
|-damage|p1a: Vaporeon|86/100
|
|t:|1711380740
|switch|p2a: Kyurem|Kyurem-Black|100/100|[from] U-turn
|-ability|p2a: Kyurem|Teravolt
|
|-weather|Hail|[upkeep]
|-damage|p1a: Vaporeon|80/100|[from] Hail
|-heal|p1a: Vaporeon|86/100|[from] item: Leftovers
|upkeep
|turn|18
|-message|MightyLemm2 forfeited.
|
|win|triple axel blaze
|raw|MightyLemm2's rating: 1361 &rarr; <strong>1348</strong><br />(-13 for losing)
|raw|triple axel blaze's rating: 1487 &rarr; <strong>1500</strong><br />(+13 for winning)
|l|☆MightyLemm2
|player|p1|
