|j|☆spliffdiff
|j|☆benjies
|t:|1744873430
|gametype|singles
|player|p1|spliffdiff|unknown|1436
|player|p2|benjies|scientist|1484
|teamsize|p1|6
|teamsize|p2|6
|gen|5
|tier|[Gen 5] OU
|rated|
|rule|Species Clause: Limit one of each Pokémon
|rule|OHKO Clause: OHKO moves are banned
|rule|Moody Clause: Moody is banned
|rule|Evasion Items Clause: Evasion items are banned
|rule|Evasion Moves Clause: Evasion moves are banned
|rule|Endless Battle Clause: Forcing endless battles is banned
|rule|HP Percentage Mod: HP is shown in percentages
|rule|Evasion Abilities Clause: Evasion abilities are banned
|rule|Sleep Moves Clause: Sleep-inducing moves are banned
|rule|Swagger Clause: Swagger is banned
|rule|Baton Pass Stat Clause: No Baton Passer may have a way to boost its stats
|clearpoke
|poke|p1|Honchkrow, M|item
|poke|p1|Terrakion|item
|poke|p1|Garchomp, F|item
|poke|p1|Conkeldurr, F|item
|poke|p1|Keldeo-Resolute|item
|poke|p1|Breloom, F|item
|poke|p2|Kyurem-Black|item
|poke|p2|Tornadus, M|item
|poke|p2|Politoed, M|item
|poke|p2|Tentacruel, F|item
|poke|p2|Ferrothorn, M|item
|poke|p2|Landorus-Therian, M|item
|teampreview
|inactive|Battle timer is ON: inactive players will automatically lose when time's up. (requested by spliffdiff)
|inactive|spliffdiff has 120 seconds left.
|
|t:|1744873466
|start
|switch|p1a: Terrakion|Terrakion|100/100
|switch|p2a: Steroid Champ|Kyurem-Black, shiny|100/100
|-ability|p2a: Steroid Champ|Teravolt
|turn|1
|
|t:|1744873489
|switch|p2a: Little Z|Landorus-Therian, M|100/100
|-ability|p2a: Little Z|Intimidate|boost
|-unboost|p1a: Terrakion|atk|1
|move|p1a: Terrakion|Stealth Rock|p2a: Little Z
|-sidestart|p2: benjies|move: Stealth Rock
|
|upkeep
|turn|2
|
|t:|1744873495
|move|p2a: Little Z|U-turn|p1a: Terrakion
|-resisted|p1a: Terrakion
|-damage|p1a: Terrakion|86/100
|
|t:|1744873502
|switch|p2a: Snap Pop Crackle|Politoed, M, shiny|100/100|[from] U-turn
|-damage|p2a: Snap Pop Crackle|88/100|[from] Stealth Rock
|-weather|RainDance|[from] ability: Drizzle|[of] p2a: Snap Pop Crackle
|move|p1a: Terrakion|Taunt|p2a: Snap Pop Crackle
|-start|p2a: Snap Pop Crackle|move: Taunt
|
|-weather|RainDance|[upkeep]
|-heal|p2a: Snap Pop Crackle|94/100|[from] item: Leftovers
|upkeep
|turn|3
|
|t:|1744873506
|switch|p1a: Keldeo|Keldeo-Resolute|100/100
|move|p2a: Snap Pop Crackle|Scald|p1a: Keldeo
|-resisted|p1a: Keldeo
|-damage|p1a: Keldeo|80/100
|-status|p1a: Keldeo|brn
|
|-weather|RainDance|[upkeep]
|-heal|p2a: Snap Pop Crackle|100/100|[from] item: Leftovers
|-damage|p1a: Keldeo|68/100 brn|[from] brn
|upkeep
|turn|4
|
|t:|1744873511
|switch|p2a: Splatoon|Tentacruel, F|100/100
|-damage|p2a: Splatoon|88/100|[from] Stealth Rock
|move|p1a: Keldeo|Secret Sword|p2a: Splatoon
|-resisted|p2a: Splatoon
|-damage|p2a: Splatoon|61/100
|
|-weather|RainDance|[upkeep]
|-heal|p2a: Splatoon|67/100|[from] ability: Rain Dish
|-heal|p2a: Splatoon|73/100|[from] item: Black Sludge
|-damage|p1a: Keldeo|55/100 brn|[from] brn
|upkeep
|turn|5
|
|t:|1744873517
|switch|p1a: Garchomp|Garchomp, F|100/100
|move|p2a: Splatoon|Rapid Spin|p1a: Garchomp
|-damage|p1a: Garchomp|98/100
|-damage|p2a: Splatoon|60/100|[from] ability: Rough Skin|[of] p1a: Garchomp
|-sideend|p2: benjies|Stealth Rock|[from] move: Rapid Spin|[of] p2a: Splatoon
|
|-weather|RainDance|[upkeep]
|-heal|p2a: Splatoon|66/100|[from] ability: Rain Dish
|-heal|p2a: Splatoon|72/100|[from] item: Black Sludge
|upkeep
|turn|6
|
|t:|1744873522
|switch|p2a: Little Z|Landorus-Therian, M|100/100
|-ability|p2a: Little Z|Intimidate|boost
|-unboost|p1a: Garchomp|atk|1
|move|p1a: Garchomp|Earthquake|p2a: Little Z
|-immune|p2a: Little Z
|
|-weather|RainDance|[upkeep]
|upkeep
|turn|7
|
|t:|1744873529
|switch|p1a: Keldeo|Keldeo-Resolute|55/100 brn
|move|p2a: Little Z|U-turn|p1a: Keldeo
|-resisted|p1a: Keldeo
|-damage|p1a: Keldeo|42/100 brn
|
|t:|1744873531
|switch|p2a: Splatoon|Tentacruel, F|72/100|[from] U-turn
|
|-weather|RainDance|[upkeep]
|-heal|p2a: Splatoon|79/100|[from] ability: Rain Dish
|-heal|p2a: Splatoon|85/100|[from] item: Black Sludge
|-damage|p1a: Keldeo|30/100 brn|[from] brn
|upkeep
|turn|8
|
|t:|1744873539
|move|p1a: Keldeo|Secret Sword|p2a: Splatoon
|-resisted|p2a: Splatoon
|-damage|p2a: Splatoon|58/100
|move|p2a: Splatoon|Scald|p1a: Keldeo
|-resisted|p1a: Keldeo
|-damage|p1a: Keldeo|10/100 brn
|
|-weather|RainDance|[upkeep]
|-heal|p2a: Splatoon|64/100|[from] ability: Rain Dish
|-heal|p2a: Splatoon|70/100|[from] item: Black Sludge
|-damage|p1a: Keldeo|0 fnt|[from] brn
|faint|p1a: Keldeo
|upkeep
|
|t:|1744873555
|switch|p1a: Honchkrow|Honchkrow, M|100/100
|turn|9
|
|t:|1744873560
|move|p2a: Splatoon|Toxic|p1a: Honchkrow
|-status|p1a: Honchkrow|tox
|move|p1a: Honchkrow|Pursuit|p2a: Splatoon
|-damage|p2a: Splatoon|40/100
|
|-weather|RainDance|[upkeep]
|-heal|p2a: Splatoon|46/100|[from] ability: Rain Dish
|-heal|p2a: Splatoon|52/100|[from] item: Black Sludge
|-damage|p1a: Honchkrow|94/100 tox|[from] psn
|upkeep
|turn|10
|
|t:|1744873564
|move|p2a: Splatoon|Protect|p2a: Splatoon
|-singleturn|p2a: Splatoon|Protect
|move|p1a: Honchkrow|Brave Bird|p2a: Splatoon
|-activate|p2a: Splatoon|move: Protect
|
|-weather|RainDance|[upkeep]
|-heal|p2a: Splatoon|58/100|[from] ability: Rain Dish
|-heal|p2a: Splatoon|65/100|[from] item: Black Sludge
|-damage|p1a: Honchkrow|82/100 tox|[from] psn
|upkeep
|turn|11
|
|t:|1744873569
|move|p2a: Splatoon|Scald|p1a: Honchkrow
|-damage|p1a: Honchkrow|32/100 tox
|move|p1a: Honchkrow|Pursuit|p2a: Splatoon
|-damage|p2a: Splatoon|30/100
|
|-weather|RainDance|[upkeep]
|-heal|p2a: Splatoon|36/100|[from] ability: Rain Dish
|-heal|p2a: Splatoon|43/100|[from] item: Black Sludge
|-damage|p1a: Honchkrow|14/100 tox|[from] psn
|upkeep
|turn|12
|
|t:|1744873580
|switch|p1a: Breloom|Breloom, F|100/100
|move|p2a: Splatoon|Protect||[still]
|-fail|p2a: Splatoon
|
|-weather|RainDance|[upkeep]
|-heal|p2a: Splatoon|49/100|[from] ability: Rain Dish
|-heal|p2a: Splatoon|55/100|[from] item: Black Sludge
|upkeep
|turn|13
|
|t:|1744873587
|move|p2a: Splatoon|Scald|p1a: Breloom
|-resisted|p1a: Breloom
|-damage|p1a: Breloom|65/100
|move|p1a: Breloom|Bullet Seed|p2a: Splatoon
|-damage|p2a: Splatoon|30/100
|-damage|p2a: Splatoon|7/100
|-damage|p2a: Splatoon|0 fnt
|faint|p2a: Splatoon
|-hitcount|p2: Splatoon|3
|
|-weather|RainDance|[upkeep]
|upkeep
|
|t:|1744873596
|switch|p2a: MatPat|Tornadus, M|100/100
|turn|14
|
|t:|1744873600
|switch|p1a: Honchkrow|Honchkrow, M|14/100 tox
|move|p2a: MatPat|Hurricane|p1a: Honchkrow
|-damage|p1a: Honchkrow|0 fnt
|faint|p1a: Honchkrow
|
|-weather|RainDance|[upkeep]
|upkeep
|
|t:|1744873605
|switch|p1a: Garchomp|Garchomp, F|98/100
|turn|15
|
|t:|1744873609
|switch|p2a: Little Z|Landorus-Therian, M|100/100
|-ability|p2a: Little Z|Intimidate|boost
|-unboost|p1a: Garchomp|atk|1
|move|p1a: Garchomp|Rock Slide|p2a: Little Z
|-damage|p2a: Little Z|83/100
|
|-weather|RainDance|[upkeep]
|upkeep
|turn|16
|
|t:|1744873615
|switch|p1a: Terrakion|Terrakion|86/100
|move|p2a: Little Z|Hidden Power|p1a: Terrakion
|-damage|p1a: Terrakion|67/100
|
|-weather|RainDance|[upkeep]
|upkeep
|turn|17
|
|t:|1744873624
|switch|p2a: Snap Pop Crackle|Politoed, M, shiny|100/100
|move|p1a: Terrakion|Close Combat|p2a: Snap Pop Crackle
|-damage|p2a: Snap Pop Crackle|51/100
|-unboost|p1a: Terrakion|def|1
|-unboost|p1a: Terrakion|spd|1
|
|-weather|RainDance|[upkeep]
|-heal|p2a: Snap Pop Crackle|58/100|[from] item: Leftovers
|upkeep
|turn|18
|
|t:|1744873631
|move|p1a: Terrakion|Close Combat|p2a: Snap Pop Crackle
|-damage|p2a: Snap Pop Crackle|13/100
|-unboost|p1a: Terrakion|def|1
|-unboost|p1a: Terrakion|spd|1
|move|p2a: Snap Pop Crackle|Scald|p1a: Terrakion
|-supereffective|p1a: Terrakion
|-damage|p1a: Terrakion|0 fnt
|faint|p1a: Terrakion
|
|-weather|RainDance|[upkeep]
|-heal|p2a: Snap Pop Crackle|19/100|[from] item: Leftovers
|upkeep
|
|t:|1744873638
|switch|p1a: Breloom|Breloom, F|65/100
|turn|19
|
|t:|1744873641
|move|p1a: Breloom|Bullet Seed|p2a: Snap Pop Crackle
|-supereffective|p2a: Snap Pop Crackle
|-damage|p2a: Snap Pop Crackle|0 fnt
|faint|p2a: Snap Pop Crackle
|-hitcount|p2: Snap Pop Crackle|1
|
|-weather|RainDance|[upkeep]
|upkeep
|
|t:|1744873646
|switch|p2a: MatPat|Tornadus, M|100/100
|turn|20
|
|t:|1744873651
|move|p1a: Breloom|Mach Punch|p2a: MatPat
|-resisted|p2a: MatPat
|-damage|p2a: MatPat|75/100
|move|p2a: MatPat|Hurricane|p1a: Breloom
|-supereffective|p1a: Breloom
|-damage|p1a: Breloom|0 fnt
|faint|p1a: Breloom
|
|-weather|RainDance|[upkeep]
|-heal|p2a: MatPat|81/100|[from] item: Leftovers
|upkeep
|
|t:|1744873654
|switch|p1a: Garchomp|Garchomp, F|98/100
|turn|21
|
|t:|1744873659
|switch|p1a: Conkeldurr|Conkeldurr, F|100/100
|move|p2a: MatPat|Tailwind|p2a: MatPat
|-sidestart|p2: benjies|move: Tailwind
|
|-weather|RainDance|[upkeep]
|-heal|p2a: MatPat|87/100|[from] item: Leftovers
|upkeep
|turn|22
|
|t:|1744873664
|move|p2a: MatPat|Hurricane|p1a: Conkeldurr
|-supereffective|p1a: Conkeldurr
|-damage|p1a: Conkeldurr|0 fnt
|faint|p1a: Conkeldurr
|
|-weather|RainDance|[upkeep]
|-heal|p2a: MatPat|93/100|[from] item: Leftovers
|upkeep
|c|☆benjies|gg
|
|t:|1744873668
|switch|p1a: Garchomp|Garchomp, F|98/100
|turn|23
|
|t:|1744873670
|move|p2a: MatPat|Hurricane|p1a: Garchomp
|-damage|p1a: Garchomp|27/100
|-start|p1a: Garchomp|confusion
|-activate|p1a: Garchomp|confusion
|move|p1a: Garchomp|Rock Slide|p2a: MatPat
|-supereffective|p2a: MatPat
|-damage|p2a: MatPat|9/100
|
|-weather|RainDance|[upkeep]
|-heal|p2a: MatPat|15/100|[from] item: Leftovers
|upkeep
|turn|24
|-message|spliffdiff forfeited.
|
|win|benjies
|raw|spliffdiff's rating: 1436 &rarr; <strong>1419</strong><br />(-17 for losing)
|raw|benjies's rating: 1484 &rarr; <strong>1501</strong><br />(+17 for winning)
|l|☆spliffdiff
|player|p1|
|l|☆benjies
|player|p2|
