|j|☆donk27
|j|☆el janitor
|t:|1711252867
|gametype|singles
|player|p1|donk27|dawn-gen4pt|1412
|player|p2|el janitor|burglar|1471
|teamsize|p1|6
|teamsize|p2|6
|gen|5
|tier|[Gen 5] OU
|rated|
|rule|Species Clause: Limit one of each Pokémon
|rule|OHKO Clause: OHKO moves are banned
|rule|Moody Clause: Moody is banned
|rule|Evasion Items Clause: Evasion items are banned
|rule|Evasion Moves Clause: Evasion moves are banned
|rule|Endless Battle Clause: Forcing endless battles is banned
|rule|HP Percentage Mod: HP is shown in percentages
|rule|Evasion Abilities Clause: Evasion abilities are banned
|rule|Sleep Moves Clause: Sleep-inducing moves are banned
|rule|Swagger Clause: Swagger is banned
|rule|Baton Pass Stat Clause: No Baton Passer may have a way to boost its stats
|clearpoke
|poke|p1|Politoed, F|item
|poke|p1|Tornadus, M|item
|poke|p1|Keldeo|item
|poke|p1|Ferrothorn, M|item
|poke|p1|Starmie|item
|poke|p1|Mamoswine, M|item
|poke|p2|Politoed, F|item
|poke|p2|Landorus-Therian, M|item
|poke|p2|Tentacruel, F|item
|poke|p2|Toxicroak, M|item
|poke|p2|Tornadus, M|item
|poke|p2|Ferrothorn, M|item
|teampreview
|inactive|Battle timer is ON: inactive players will automatically lose when time's up. (requested by el janitor)
|c|☆donk27|hf
|
|t:|1711252883
|start
|switch|p1a: Mamoswine|Mamoswine, M|100/100
|switch|p2a: Ferrothorn|Ferrothorn, M|100/100
|turn|1
|
|t:|1711252889
|switch|p1a: Politoed|Politoed, F|100/100
|-weather|RainDance|[from] ability: Drizzle|[of] p1a: Politoed
|move|p2a: Ferrothorn|Gyro Ball|p1a: Politoed
|-resisted|p1a: Politoed
|-damage|p1a: Politoed|87/100
|
|-weather|RainDance|[upkeep]
|-heal|p1a: Politoed|93/100|[from] item: Leftovers
|upkeep
|turn|2
|
|t:|1711252892
|switch|p1a: Tornadus|Tornadus, M|100/100
|move|p2a: Ferrothorn|Leech Seed|p1a: Tornadus
|-start|p1a: Tornadus|move: Leech Seed
|
|-weather|RainDance|[upkeep]
|-damage|p1a: Tornadus|88/100|[from] Leech Seed|[of] p2a: Ferrothorn
|upkeep
|turn|3
|
|t:|1711252897
|move|p1a: Tornadus|Hurricane|p2a: Ferrothorn
|-damage|p2a: Ferrothorn|59/100
|-start|p2a: Ferrothorn|confusion
|-activate|p2a: Ferrothorn|confusion
|-damage|p2a: Ferrothorn|52/100|[from] confusion
|
|-weather|RainDance|[upkeep]
|-heal|p1a: Tornadus|94/100|[from] item: Leftovers
|-heal|p2a: Ferrothorn|59/100|[from] item: Leftovers
|-damage|p1a: Tornadus|82/100|[from] Leech Seed|[of] p2a: Ferrothorn
|-heal|p2a: Ferrothorn|69/100|[silent]
|upkeep
|turn|4
|
|t:|1711252902
|switch|p1a: Keldeo|Keldeo|100/100
|-activate|p2a: Ferrothorn|confusion
|-damage|p2a: Ferrothorn|63/100|[from] confusion
|
|-weather|RainDance|[upkeep]
|-heal|p2a: Ferrothorn|69/100|[from] item: Leftovers
|upkeep
|turn|5
|
|t:|1711252905
|switch|p2a: Tentacruel|Tentacruel, F|100/100
|move|p1a: Keldeo|Secret Sword|p2a: Tentacruel
|-resisted|p2a: Tentacruel
|-damage|p2a: Tentacruel|75/100
|
|-weather|RainDance|[upkeep]
|-heal|p2a: Tentacruel|81/100|[from] ability: Rain Dish
|-heal|p2a: Tentacruel|87/100|[from] item: Black Sludge
|upkeep
|turn|6
|
|t:|1711252908
|switch|p1a: Ferrothorn|Ferrothorn, M|100/100
|move|p2a: Tentacruel|Toxic Spikes|p1a: Ferrothorn
|-sidestart|p1: donk27|move: Toxic Spikes
|
|-weather|RainDance|[upkeep]
|-heal|p2a: Tentacruel|93/100|[from] ability: Rain Dish
|-heal|p2a: Tentacruel|99/100|[from] item: Black Sludge
|upkeep
|turn|7
|
|t:|1711252912
|switch|p2a: Toxicroak|Toxicroak, M|100/100
|move|p1a: Ferrothorn|Stealth Rock|p2a: Toxicroak
|-sidestart|p2: el janitor|move: Stealth Rock
|
|-weather|RainDance|[upkeep]
|upkeep
|turn|8
|
|t:|1711252916
|switch|p1a: Tornadus|Tornadus, M|82/100
|move|p2a: Toxicroak|Substitute|p2a: Toxicroak
|-start|p2a: Toxicroak|Substitute
|-damage|p2a: Toxicroak|76/100
|
|-weather|RainDance|[upkeep]
|-heal|p2a: Toxicroak|88/100|[from] ability: Dry Skin
|-heal|p1a: Tornadus|88/100|[from] item: Leftovers
|upkeep
|turn|9
|
|t:|1711252920
|move|p1a: Tornadus|Protect|p1a: Tornadus
|-singleturn|p1a: Tornadus|Protect
|move|p2a: Toxicroak|Sucker Punch||[still]
|-fail|p2a: Toxicroak
|
|-weather|RainDance|[upkeep]
|-heal|p2a: Toxicroak|100/100|[from] ability: Dry Skin
|-heal|p1a: Tornadus|94/100|[from] item: Leftovers
|upkeep
|turn|10
|
|t:|1711252925
|move|p1a: Tornadus|Substitute|p1a: Tornadus
|-start|p1a: Tornadus|Substitute
|-damage|p1a: Tornadus|69/100
|move|p2a: Toxicroak|Sucker Punch||[still]
|-fail|p2a: Toxicroak
|
|-weather|RainDance|[upkeep]
|-heal|p1a: Tornadus|75/100|[from] item: Leftovers
|upkeep
|turn|11
|
|t:|1711252927
|move|p2a: Toxicroak|Sucker Punch|p1a: Tornadus
|-end|p1a: Tornadus|Substitute
|-damage|p2a: Toxicroak|91/100|[from] item: Life Orb
|move|p1a: Tornadus|Hurricane|p2a: Toxicroak
|-supereffective|p2a: Toxicroak
|-crit|p2a: Toxicroak
|-end|p2a: Toxicroak|Substitute
|
|-weather|RainDance|[upkeep]
|-heal|p2a: Toxicroak|100/100|[from] ability: Dry Skin
|-heal|p1a: Tornadus|81/100|[from] item: Leftovers
|upkeep
|turn|12
|
|t:|1711252932
|move|p1a: Tornadus|Hurricane|p2a: Toxicroak
|-supereffective|p2a: Toxicroak
|-damage|p2a: Toxicroak|0 fnt
|faint|p2a: Toxicroak
|
|-weather|RainDance|[upkeep]
|-heal|p1a: Tornadus|87/100|[from] item: Leftovers
|upkeep
|
|t:|1711252935
|switch|p2a: Tornadus|Tornadus, M|100/100
|-damage|p2a: Tornadus|76/100|[from] Stealth Rock
|turn|13
|
|t:|1711252938
|move|p2a: Tornadus|Hurricane|p1a: Tornadus
|-damage|p1a: Tornadus|0 fnt
|faint|p1a: Tornadus
|
|-weather|RainDance|[upkeep]
|upkeep
|c|☆donk27|lol
|
|t:|1711252944
|switch|p1a: Mamoswine|Mamoswine, M|100/100
|-status|p1a: Mamoswine|psn
|turn|14
|
|t:|1711252948
|switch|p2a: Politoed|Politoed, F|100/100
|-damage|p2a: Politoed|88/100|[from] Stealth Rock
|move|p1a: Mamoswine|Ice Shard|p2a: Politoed
|-resisted|p2a: Politoed
|-damage|p2a: Politoed|77/100
|
|-weather|RainDance|[upkeep]
|-heal|p2a: Politoed|84/100|[from] item: Leftovers
|-damage|p1a: Mamoswine|88/100 psn|[from] psn
|upkeep
|turn|15
|
|t:|1711252954
|switch|p1a: Ferrothorn|Ferrothorn, M|100/100
|switch|p2a: Tornadus|Tornadus, M|76/100
|-damage|p2a: Tornadus|51/100|[from] Stealth Rock
|
|-weather|RainDance|[upkeep]
|upkeep
|turn|16
|
|t:|1711252960
|move|p2a: Tornadus|Hurricane|p1a: Ferrothorn
|-damage|p1a: Ferrothorn|46/100
|-start|p1a: Ferrothorn|confusion
|-activate|p1a: Ferrothorn|confusion
|move|p1a: Ferrothorn|Power Whip|p2a: Tornadus
|-resisted|p2a: Tornadus
|-damage|p2a: Tornadus|20/100
|
|-weather|RainDance|[upkeep]
|upkeep
|turn|17
|
|t:|1711252966
|move|p2a: Tornadus|Hurricane|p1a: Ferrothorn
|-damage|p1a: Ferrothorn|0 fnt
|faint|p1a: Ferrothorn
|
|-weather|RainDance|[upkeep]
|upkeep
|
|t:|1711252968
|switch|p1a: Starmie|Starmie|100/100
|-status|p1a: Starmie|psn
|turn|18
|
|t:|1711252972
|switch|p2a: Ferrothorn|Ferrothorn, M|69/100
|-damage|p2a: Ferrothorn|63/100|[from] Stealth Rock
|move|p1a: Starmie|Ice Beam|p2a: Ferrothorn
|-damage|p2a: Ferrothorn|28/100
|
|-weather|RainDance|[upkeep]
|-heal|p2a: Ferrothorn|34/100|[from] item: Leftovers
|-damage|p1a: Starmie|88/100 psn|[from] psn
|upkeep
|turn|19
|
|t:|1711252976
|move|p1a: Starmie|Ice Beam|p2a: Ferrothorn
|-damage|p2a: Ferrothorn|9/100
|move|p2a: Ferrothorn|Leech Seed|p1a: Starmie
|-start|p1a: Starmie|move: Leech Seed
|
|-weather|RainDance|[upkeep]
|-heal|p2a: Ferrothorn|15/100|[from] item: Leftovers
|-damage|p1a: Starmie|76/100 psn|[from] Leech Seed|[of] p2a: Ferrothorn
|-heal|p2a: Ferrothorn|24/100|[silent]
|-damage|p1a: Starmie|64/100 psn|[from] psn
|upkeep
|turn|20
|
|t:|1711252981
|move|p1a: Starmie|Ice Beam|p2a: Ferrothorn
|-crit|p2a: Ferrothorn
|-damage|p2a: Ferrothorn|0 fnt
|faint|p2a: Ferrothorn
|
|-weather|RainDance|[upkeep]
|-damage|p1a: Starmie|51/100 psn|[from] psn
|upkeep
|
|t:|1711252986
|switch|p2a: Tentacruel|Tentacruel, F|99/100
|-damage|p2a: Tentacruel|87/100|[from] Stealth Rock
|turn|21
|
|t:|1711252989
|switch|p1a: Mamoswine|Mamoswine, M|88/100 psn
|move|p2a: Tentacruel|Rapid Spin|p1a: Mamoswine
|-damage|p1a: Mamoswine|85/100 psn
|-sideend|p2: el janitor|Stealth Rock|[from] move: Rapid Spin|[of] p2a: Tentacruel
|
|-weather|RainDance|[upkeep]
|-heal|p2a: Tentacruel|93/100|[from] ability: Rain Dish
|-heal|p2a: Tentacruel|99/100|[from] item: Black Sludge
|-damage|p1a: Mamoswine|73/100 psn|[from] psn
|upkeep
|turn|22
|
|t:|1711252994
|switch|p2a: Landorus|Landorus-Therian, M|100/100
|-ability|p2a: Landorus|Intimidate|boost
|-unboost|p1a: Mamoswine|atk|1
|move|p1a: Mamoswine|Earthquake|p2a: Landorus
|-immune|p2a: Landorus
|
|-weather|RainDance|[upkeep]
|-damage|p1a: Mamoswine|60/100 psn|[from] psn
|upkeep
|turn|23
|
|t:|1711252996
|move|p1a: Mamoswine|Ice Shard|p2a: Landorus
|-supereffective|p2a: Landorus
|-damage|p2a: Landorus|22/100
|move|p2a: Landorus|U-turn|p1a: Mamoswine
|-damage|p1a: Mamoswine|31/100 psn
|
|t:|1711253000
|switch|p2a: Politoed|Politoed, F|84/100|[from] U-turn
|
|-weather|RainDance|[upkeep]
|-heal|p2a: Politoed|90/100|[from] item: Leftovers
|-damage|p1a: Mamoswine|19/100 psn|[from] psn
|upkeep
|turn|24
|
|t:|1711253004
|switch|p1a: Starmie|Starmie|51/100 psn
|move|p2a: Politoed|Scald|p1a: Starmie
|-resisted|p1a: Starmie
|-damage|p1a: Starmie|22/100 psn
|
|-weather|RainDance|[upkeep]
|-heal|p2a: Politoed|96/100|[from] item: Leftovers
|-damage|p1a: Starmie|10/100 psn|[from] psn
|upkeep
|turn|25
|
|t:|1711253007
|move|p2a: Politoed|Protect|p2a: Politoed
|-singleturn|p2a: Politoed|Protect
|move|p1a: Starmie|Thunder|p2a: Politoed
|-activate|p2a: Politoed|move: Protect
|
|-weather|RainDance|[upkeep]
|-heal|p2a: Politoed|100/100|[from] item: Leftovers
|-damage|p1a: Starmie|0 fnt|[from] psn
|faint|p1a: Starmie
|upkeep
|
|t:|1711253015
|switch|p1a: Mamoswine|Mamoswine, M|19/100 psn
|turn|26
|
|t:|1711253017
|move|p2a: Politoed|Protect|p2a: Politoed
|-singleturn|p2a: Politoed|Protect
|move|p1a: Mamoswine|Earthquake|p2a: Politoed
|-activate|p2a: Politoed|move: Protect
|
|-weather|RainDance|[upkeep]
|-damage|p1a: Mamoswine|6/100 psn|[from] psn
|upkeep
|turn|27
|
|t:|1711253030
|move|p1a: Mamoswine|Icicle Crash|p2a: Politoed
|-resisted|p2a: Politoed
|-damage|p2a: Politoed|78/100
|move|p2a: Politoed|Scald|p1a: Mamoswine
|-supereffective|p1a: Mamoswine
|-damage|p1a: Mamoswine|0 fnt
|faint|p1a: Mamoswine
|
|-weather|RainDance|[upkeep]
|-heal|p2a: Politoed|84/100|[from] item: Leftovers
|upkeep
|
|t:|1711253034
|switch|p1a: Politoed|Politoed, F|93/100
|-status|p1a: Politoed|psn
|turn|28
|c|☆donk27|gg
|
|t:|1711253039
|move|p2a: Politoed|Protect|p2a: Politoed
|-singleturn|p2a: Politoed|Protect
|move|p1a: Politoed|Toxic|p2a: Politoed
|-activate|p2a: Politoed|move: Protect
|
|-weather|RainDance|[upkeep]
|-heal|p2a: Politoed|90/100|[from] item: Leftovers
|-heal|p1a: Politoed|99/100 psn|[from] item: Leftovers
|-damage|p1a: Politoed|87/100 psn|[from] psn
|upkeep
|turn|29
|
|t:|1711253045
|switch|p2a: Tentacruel|Tentacruel, F|99/100
|move|p1a: Politoed|Scald|p2a: Tentacruel
|-resisted|p2a: Tentacruel
|-damage|p2a: Tentacruel|87/100
|-status|p2a: Tentacruel|brn
|
|-weather|RainDance|[upkeep]
|-heal|p2a: Tentacruel|93/100 brn|[from] ability: Rain Dish
|-heal|p2a: Tentacruel|99/100 brn|[from] item: Black Sludge
|-heal|p1a: Politoed|93/100 psn|[from] item: Leftovers
|-damage|p1a: Politoed|81/100 psn|[from] psn
|-damage|p2a: Tentacruel|87/100 brn|[from] brn
|upkeep
|turn|30
|
|t:|1711253049
|switch|p2a: Politoed|Politoed, F|90/100
|move|p1a: Politoed|Encore||[still]
|-fail|p1a: Politoed
|
|-weather|RainDance|[upkeep]
|-heal|p2a: Politoed|97/100|[from] item: Leftovers
|-heal|p1a: Politoed|87/100 psn|[from] item: Leftovers
|-damage|p1a: Politoed|75/100 psn|[from] psn
|upkeep
|turn|31
|
|t:|1711253051
|move|p2a: Politoed|Protect|p2a: Politoed
|-singleturn|p2a: Politoed|Protect
|move|p1a: Politoed|Toxic|p2a: Politoed
|-activate|p2a: Politoed|move: Protect
|
|-weather|RainDance|[upkeep]
|-heal|p2a: Politoed|100/100|[from] item: Leftovers
|-heal|p1a: Politoed|81/100 psn|[from] item: Leftovers
|-damage|p1a: Politoed|68/100 psn|[from] psn
|upkeep
|turn|32
|
|t:|1711253054
|switch|p2a: Tentacruel|Tentacruel, F|87/100 brn
|move|p1a: Politoed|Toxic||[still]
|-fail|p1a: Politoed
|
|-weather|RainDance|[upkeep]
|-heal|p2a: Tentacruel|93/100 brn|[from] ability: Rain Dish
|-heal|p2a: Tentacruel|99/100 brn|[from] item: Black Sludge
|-heal|p1a: Politoed|75/100 psn|[from] item: Leftovers
|-damage|p1a: Politoed|62/100 psn|[from] psn
|-damage|p2a: Tentacruel|87/100 brn|[from] brn
|upkeep
|turn|33
|
|t:|1711253056
|move|p2a: Tentacruel|Protect|p2a: Tentacruel
|-singleturn|p2a: Tentacruel|Protect
|move|p1a: Politoed|Scald|p2a: Tentacruel
|-activate|p2a: Tentacruel|move: Protect
|
|-weather|RainDance|[upkeep]
|-heal|p2a: Tentacruel|93/100 brn|[from] ability: Rain Dish
|-heal|p2a: Tentacruel|99/100 brn|[from] item: Black Sludge
|-heal|p1a: Politoed|68/100 psn|[from] item: Leftovers
|-damage|p1a: Politoed|56/100 psn|[from] psn
|-damage|p2a: Tentacruel|86/100 brn|[from] brn
|upkeep
|turn|34
|
|t:|1711253059
|switch|p2a: Politoed|Politoed, F|100/100
|move|p1a: Politoed|Toxic|p2a: Politoed
|-status|p2a: Politoed|tox
|
|-weather|RainDance|[upkeep]
|-heal|p1a: Politoed|62/100 psn|[from] item: Leftovers
|-damage|p1a: Politoed|50/100 psn|[from] psn
|-damage|p2a: Politoed|94/100 tox|[from] psn
|upkeep
|turn|35
|
|t:|1711253061
|switch|p2a: Tentacruel|Tentacruel, F|86/100 brn
|move|p1a: Politoed|Scald|p2a: Tentacruel
|-resisted|p2a: Tentacruel
|-damage|p2a: Tentacruel|74/100 brn
|
|-weather|RainDance|[upkeep]
|-heal|p2a: Tentacruel|80/100 brn|[from] ability: Rain Dish
|-heal|p2a: Tentacruel|86/100 brn|[from] item: Black Sludge
|-heal|p1a: Politoed|56/100 psn|[from] item: Leftovers
|-damage|p1a: Politoed|43/100 psn|[from] psn
|-damage|p2a: Tentacruel|73/100 brn|[from] brn
|upkeep
|turn|36
|
|t:|1711253064
|move|p2a: Tentacruel|Protect|p2a: Tentacruel
|-singleturn|p2a: Tentacruel|Protect
|move|p1a: Politoed|Scald|p2a: Tentacruel
|-activate|p2a: Tentacruel|move: Protect
|
|-weather|RainDance|[upkeep]
|-heal|p2a: Tentacruel|79/100 brn|[from] ability: Rain Dish
|-heal|p2a: Tentacruel|85/100 brn|[from] item: Black Sludge
|-heal|p1a: Politoed|50/100 psn|[from] item: Leftovers
|-damage|p1a: Politoed|37/100 psn|[from] psn
|-damage|p2a: Tentacruel|73/100 brn|[from] brn
|upkeep
|turn|37
|
|t:|1711253066
|switch|p2a: Politoed|Politoed, F|94/100 tox
|move|p1a: Politoed|Scald|p2a: Politoed
|-resisted|p2a: Politoed
|-damage|p2a: Politoed|77/100 tox
|
|-weather|RainDance|[upkeep]
|-heal|p1a: Politoed|43/100 psn|[from] item: Leftovers
|-heal|p2a: Politoed|83/100 tox|[from] item: Leftovers
|-damage|p2a: Politoed|77/100 tox|[from] psn
|-damage|p1a: Politoed|31/100 psn|[from] psn
|upkeep
|turn|38
|
|t:|1711253070
|move|p2a: Politoed|Protect|p2a: Politoed
|-singleturn|p2a: Politoed|Protect
|move|p1a: Politoed|Scald|p2a: Politoed
|-activate|p2a: Politoed|move: Protect
|
|-weather|RainDance|[upkeep]
|-heal|p2a: Politoed|83/100 tox|[from] item: Leftovers
|-heal|p1a: Politoed|37/100 psn|[from] item: Leftovers
|-damage|p1a: Politoed|25/100 psn|[from] psn
|-damage|p2a: Politoed|71/100 tox|[from] psn
|upkeep
|turn|39
|
|t:|1711253074
|move|p2a: Politoed|Scald|p1a: Politoed
|-resisted|p1a: Politoed
|-damage|p1a: Politoed|8/100 psn
|move|p1a: Politoed|Toxic|p2a: Politoed
|-fail|p2a: Politoed|tox
|
|-weather|RainDance|[upkeep]
|-heal|p2a: Politoed|77/100 tox|[from] item: Leftovers
|-heal|p1a: Politoed|14/100 psn|[from] item: Leftovers
|-damage|p1a: Politoed|1/100 psn|[from] psn
|-damage|p2a: Politoed|58/100 tox|[from] psn
|upkeep
|turn|40
|
|t:|1711253079
|move|p1a: Politoed|Scald|p2a: Politoed
|-resisted|p2a: Politoed
|-damage|p2a: Politoed|42/100 tox
|move|p2a: Politoed|Scald|p1a: Politoed
|-resisted|p1a: Politoed
|-damage|p1a: Politoed|0 fnt
|faint|p1a: Politoed
|
|-weather|RainDance|[upkeep]
|-heal|p2a: Politoed|49/100 tox|[from] item: Leftovers
|-damage|p2a: Politoed|24/100 tox|[from] psn
|upkeep
|
|t:|1711253081
|switch|p1a: Keldeo|Keldeo|100/100
|-status|p1a: Keldeo|psn
|turn|41
|
|t:|1711253086
|move|p1a: Keldeo|Hydro Pump|p2a: Politoed
|-resisted|p2a: Politoed
|-damage|p2a: Politoed|0 fnt
|faint|p2a: Politoed
|
|-weather|RainDance|[upkeep]
|-damage|p1a: Keldeo|88/100 psn|[from] psn
|upkeep
|
|t:|1711253088
|switch|p2a: Tornadus|Tornadus, M|20/100
|turn|42
|
|t:|1711253091
|move|p1a: Keldeo|Hydro Pump|p2a: Tornadus
|-damage|p2a: Tornadus|0 fnt
|faint|p2a: Tornadus
|
|-weather|RainDance|[upkeep]
|-damage|p1a: Keldeo|76/100 psn|[from] psn
|upkeep
|
|t:|1711253095
|switch|p2a: Landorus|Landorus-Therian, M|22/100
|-ability|p2a: Landorus|Intimidate|boost
|-unboost|p1a: Keldeo|atk|1
|turn|43
|
|t:|1711253097
|move|p1a: Keldeo|Hydro Pump|p2a: Landorus
|-supereffective|p2a: Landorus
|-damage|p2a: Landorus|0 fnt
|faint|p2a: Landorus
|
|-weather|RainDance|[upkeep]
|-damage|p1a: Keldeo|63/100 psn|[from] psn
|upkeep
|
|t:|1711253099
|switch|p2a: Tentacruel|Tentacruel, F|73/100 brn
|turn|44
|
|t:|1711253101
|move|p2a: Tentacruel|Protect|p2a: Tentacruel
|-singleturn|p2a: Tentacruel|Protect
|move|p1a: Keldeo|Hydro Pump|p2a: Tentacruel
|-activate|p2a: Tentacruel|move: Protect
|
|-weather|RainDance|[upkeep]
|-heal|p2a: Tentacruel|79/100 brn|[from] ability: Rain Dish
|-heal|p2a: Tentacruel|85/100 brn|[from] item: Black Sludge
|-damage|p1a: Keldeo|51/100 psn|[from] psn
|-damage|p2a: Tentacruel|73/100 brn|[from] brn
|upkeep
|turn|45
|
|t:|1711253103
|move|p1a: Keldeo|Hydro Pump|p2a: Tentacruel
|-resisted|p2a: Tentacruel
|-damage|p2a: Tentacruel|43/100 brn
|move|p2a: Tentacruel|Scald|p1a: Keldeo
|-resisted|p1a: Keldeo
|-damage|p1a: Keldeo|33/100 psn
|
|-weather|RainDance|[upkeep]
|-heal|p2a: Tentacruel|49/100 brn|[from] ability: Rain Dish
|-heal|p2a: Tentacruel|55/100 brn|[from] item: Black Sludge
|-damage|p1a: Keldeo|20/100 psn|[from] psn
|-damage|p2a: Tentacruel|43/100 brn|[from] brn
|upkeep
|turn|46
|
|t:|1711253105
|move|p2a: Tentacruel|Protect|p2a: Tentacruel
|-singleturn|p2a: Tentacruel|Protect
|move|p1a: Keldeo|Hydro Pump|p2a: Tentacruel
|-activate|p2a: Tentacruel|move: Protect
|
|-weather|RainDance|[upkeep]
|-heal|p2a: Tentacruel|49/100 brn|[from] ability: Rain Dish
|-heal|p2a: Tentacruel|55/100 brn|[from] item: Black Sludge
|-damage|p1a: Keldeo|8/100 psn|[from] psn
|-damage|p2a: Tentacruel|42/100 brn|[from] brn
|upkeep
|turn|47
|j| WHZKB
|
|t:|1711253107
|move|p1a: Keldeo|Hydro Pump|p2a: Tentacruel
|-resisted|p2a: Tentacruel
|-damage|p2a: Tentacruel|15/100 brn
|move|p2a: Tentacruel|Scald|p1a: Keldeo
|-resisted|p1a: Keldeo
|-damage|p1a: Keldeo|0 fnt
|faint|p1a: Keldeo
|
|win|el janitor
|raw|donk27's rating: 1412 &rarr; <strong>1395</strong><br />(-17 for losing)
|raw|el janitor's rating: 1471 &rarr; <strong>1488</strong><br />(+17 for winning)
|c|☆donk27|damn gg
|c|☆el janitor|gg
|l|☆donk27
|player|p1|
|l| WHZKB
|l|☆el janitor
|player|p2|
|j|☆el janitor
|player|p2|el janitor|burglar
