|j|☆shiny peoples
|j|☆BUMBACLAAT
|player|p1|shiny peoples|169|1304
|player|p2|BUMBACLAAT|200|1456
|teamsize|p1|6
|teamsize|p2|6
|gametype|singles
|gen|5
|tier|[Gen 5] OU
|rated|
|rule|Sleep Clause Mod: Limit one foe put to sleep
|rule|Species Clause: Limit one of each Pokémon
|rule|OHKO Clause: OHKO moves are banned
|rule|Moody Clause: Moody is banned
|rule|Evasion Moves Clause: Evasion moves are banned
|rule|Endless Battle Clause: Forcing endless battles is banned
|rule|HP Percentage Mod: HP is shown in percentages
|rule|Evasion Abilities Clause: Evasion abilities are banned
|rule|Baton Pass Clause: Limit one Baton Passer, can't pass Spe and other stats simultaneously
|rule|Swagger Clause: Swagger is banned
|clearpoke
|poke|p1|Politoed, M|item
|poke|p1|Amoonguss, F|item
|poke|p1|Excadrill, F|item
|poke|p1|Thundurus-Therian, M|item
|poke|p1|Keldeo|item
|poke|p1|Ferrothorn, M|item
|poke|p2|Volcarona, F|item
|poke|p2|Terrakion|item
|poke|p2|Landorus-Therian, M|item
|poke|p2|Xatu, M|item
|poke|p2|Ninetales, F|item
|poke|p2|Cresselia, F|item
|teampreview
|
|start
|switch|p1a: Politoed|Politoed, M|100/100
|switch|p2a: NO TEETH|Landorus-Therian, M|100/100
|-ability|p2a: NO TEETH|Intimidate|boost
|-unboost|p1a: Politoed|atk|1
|-weather|RainDance|[from] ability: Drizzle|[of] p1a: Politoed
|turn|1
|
|move|p2a: NO TEETH|U-turn|p1a: Politoed
|-damage|p1a: Politoed|78/100
|
|switch|p2a: Ninetales|Ninetales, F|100/100|[from]move: U-turn
|-weather|SunnyDay|[from] ability: Drought|[of] p2a: Ninetales
|move|p1a: Politoed|Toxic|p2a: Ninetales
|-status|p2a: Ninetales|tox
|
|-weather|SunnyDay|[upkeep]
|-heal|p1a: Politoed|84/100|[from] item: Leftovers
|-damage|p2a: Ninetales|94/100 tox|[from] psn
|upkeep
|turn|2
|inactive|Battle timer is ON: inactive players will automatically lose when time's up. (requested by BUMBACLAAT)
|
|move|p1a: Politoed|Protect|p1a: Politoed
|-singleturn|p1a: Politoed|Protect
|move|p2a: Ninetales|Hypnosis|p1a: Politoed
|-activate|p1a: Politoed|move: Protect
|
|-weather|SunnyDay|[upkeep]
|-heal|p2a: Ninetales|100/100 tox|[from] item: Leftovers
|-heal|p1a: Politoed|90/100|[from] item: Leftovers
|-damage|p2a: Ninetales|88/100 tox|[from] psn
|upkeep
|turn|3
|
|move|p2a: Ninetales|Hypnosis|p1a: Politoed|[miss]
|-miss|p2a: Ninetales|p1a: Politoed
|move|p1a: Politoed|Scald|p2a: Ninetales
|-supereffective|p2a: Ninetales
|-damage|p2a: Ninetales|71/100 tox
|
|-weather|SunnyDay|[upkeep]
|-heal|p2a: Ninetales|77/100 tox|[from] item: Leftovers
|-heal|p1a: Politoed|96/100|[from] item: Leftovers
|-damage|p2a: Ninetales|59/100 tox|[from] psn
|upkeep
|turn|4
|
|switch|p2a: Terrakion|Terrakion|100/100
|move|p1a: Politoed|Scald|p2a: Terrakion
|-supereffective|p2a: Terrakion
|-damage|p2a: Terrakion|72/100
|
|-weather|SunnyDay|[upkeep]
|-heal|p1a: Politoed|100/100|[from] item: Leftovers
|upkeep
|turn|5
|
|move|p2a: Terrakion|Swords Dance|p2a: Terrakion
|-boost|p2a: Terrakion|atk|2
|move|p1a: Politoed|Toxic|p2a: Terrakion
|-status|p2a: Terrakion|tox
|
|-weather|SunnyDay|[upkeep]
|-damage|p2a: Terrakion|66/100 tox|[from] psn
|upkeep
|turn|6
|
|move|p1a: Politoed|Protect|p1a: Politoed
|-singleturn|p1a: Politoed|Protect
|move|p2a: Terrakion|Swords Dance|p2a: Terrakion
|-boost|p2a: Terrakion|atk|2
|
|-weather|SunnyDay|[upkeep]
|-damage|p2a: Terrakion|54/100 tox|[from] psn
|upkeep
|turn|7
|
|switch|p1a: Amoonguss|Amoonguss, F|100/100
|move|p2a: Terrakion|Close Combat|p1a: Amoonguss
|-resisted|p1a: Amoonguss
|-damage|p1a: Amoonguss|0 fnt
|-unboost|p2a: Terrakion|def|1
|-unboost|p2a: Terrakion|spd|1
|-damage|p2a: Terrakion|44/100 tox|[from] item: Life Orb
|faint|p1a: Amoonguss
|
|-weather|SunnyDay|[upkeep]
|-damage|p2a: Terrakion|25/100 tox|[from] psn
|upkeep
|
|switch|p1a: Keldeo|Keldeo|100/100
|turn|8
|
|switch|p2a: Volcarona|Volcarona, F|100/100
|move|p1a: Keldeo|Secret Sword|p2a: Volcarona
|-resisted|p2a: Volcarona
|-damage|p2a: Volcarona|71/100
|
|-weather|SunnyDay|[upkeep]
|-heal|p2a: Volcarona|78/100|[from] item: Leftovers
|upkeep
|turn|9
|
|switch|p1a: Politoed|Politoed, M|100/100
|-weather|RainDance|[from] ability: Drizzle|[of] p1a: Politoed
|move|p2a: Volcarona|Quiver Dance|p2a: Volcarona
|-boost|p2a: Volcarona|spa|1
|-boost|p2a: Volcarona|spd|1
|-boost|p2a: Volcarona|spe|1
|
|-weather|RainDance|[upkeep]
|-heal|p2a: Volcarona|84/100|[from] item: Leftovers
|upkeep
|turn|10
|
|move|p2a: Volcarona|Bug Buzz|p1a: Politoed
|-damage|p1a: Politoed|32/100
|move|p1a: Politoed|Toxic|p2a: Volcarona
|-status|p2a: Volcarona|tox
|
|-weather|RainDance|[upkeep]
|-heal|p2a: Volcarona|90/100 tox|[from] item: Leftovers
|-heal|p1a: Politoed|39/100|[from] item: Leftovers
|-damage|p2a: Volcarona|84/100 tox|[from] psn
|upkeep
|turn|11
|
|move|p1a: Politoed|Protect|p1a: Politoed
|-singleturn|p1a: Politoed|Protect
|move|p2a: Volcarona|Quiver Dance|p2a: Volcarona
|-boost|p2a: Volcarona|spa|1
|-boost|p2a: Volcarona|spd|1
|-boost|p2a: Volcarona|spe|1
|
|-weather|RainDance|[upkeep]
|-heal|p2a: Volcarona|90/100 tox|[from] item: Leftovers
|-heal|p1a: Politoed|45/100|[from] item: Leftovers
|-damage|p2a: Volcarona|78/100 tox|[from] psn
|upkeep
|turn|12
|
|switch|p1a: Thundurus|Thundurus-Therian, M|100/100
|move|p2a: Volcarona|Bug Buzz|p1a: Thundurus
|-resisted|p1a: Thundurus
|-damage|p1a: Thundurus|38/100
|
|-weather|RainDance|[upkeep]
|-heal|p2a: Volcarona|84/100 tox|[from] item: Leftovers
|-heal|p1a: Thundurus|44/100|[from] item: Leftovers
|-damage|p2a: Volcarona|65/100 tox|[from] psn
|upkeep
|turn|13
|
|move|p2a: Volcarona|Bug Buzz|p1a: Thundurus
|-resisted|p1a: Thundurus
|-damage|p1a: Thundurus|0 fnt
|faint|p1a: Thundurus
|
|-weather|RainDance|[upkeep]
|-heal|p2a: Volcarona|71/100 tox|[from] item: Leftovers
|-damage|p2a: Volcarona|47/100 tox|[from] psn
|upkeep
|
|switch|p1a: Politoed|Politoed, M|45/100
|turn|14
|
|move|p1a: Politoed|Protect|p1a: Politoed
|-singleturn|p1a: Politoed|Protect
|move|p2a: Volcarona|Bug Buzz|p1a: Politoed
|-activate|p1a: Politoed|move: Protect
|
|-weather|RainDance|[upkeep]
|-heal|p2a: Volcarona|53/100 tox|[from] item: Leftovers
|-heal|p1a: Politoed|51/100|[from] item: Leftovers
|-damage|p2a: Volcarona|22/100 tox|[from] psn
|upkeep
|turn|15
|
|switch|p1a: Ferrothorn|Ferrothorn, M|100/100
|move|p2a: Volcarona|Bug Buzz|p1a: Ferrothorn
|-damage|p1a: Ferrothorn|31/100
|
|-weather|RainDance|[upkeep]
|-heal|p2a: Volcarona|28/100 tox|[from] item: Leftovers
|-heal|p1a: Ferrothorn|37/100|[from] item: Leftovers
|-damage|p2a: Volcarona|0 fnt|[from] psn
|faint|p2a: Volcarona
|upkeep
|
|switch|p2a: Terrakion|Terrakion|25/100 tox
|turn|16
|inactive|shiny peoples has 120 seconds left.
|
|switch|p1a: Keldeo|Keldeo|100/100
|move|p2a: Terrakion|Close Combat|p1a: Keldeo
|-damage|p1a: Keldeo|12/100
|-unboost|p2a: Terrakion|def|1
|-unboost|p2a: Terrakion|spd|1
|-damage|p2a: Terrakion|15/100 tox|[from] item: Life Orb
|
|-weather|RainDance|[upkeep]
|-damage|p2a: Terrakion|9/100 tox|[from] psn
|upkeep
|turn|17
|
|move|p2a: Terrakion|Quick Attack|p1a: Keldeo
|-damage|p1a: Keldeo|0 fnt
|-damage|p2a: Terrakion|0 fnt|[from] item: Life Orb
|faint|p1a: Keldeo
|faint|p2a: Terrakion
|
|-weather|RainDance|[upkeep]
|upkeep
|
|switch|p2a: NO TEETH|Landorus-Therian, M|100/100
|switch|p1a: Politoed|Politoed, M|51/100
|-ability|p2a: NO TEETH|Intimidate|boost
|-unboost|p1a: Politoed|atk|1
|turn|18
|
|move|p1a: Politoed|Protect|p1a: Politoed
|-singleturn|p1a: Politoed|Protect
|move|p2a: NO TEETH|U-turn|p1a: Politoed
|-activate|p1a: Politoed|move: Protect
|
|-weather|RainDance|[upkeep]
|-heal|p1a: Politoed|57/100|[from] item: Leftovers
|upkeep
|turn|19
|
|move|p2a: NO TEETH|U-turn|p1a: Politoed
|-damage|p1a: Politoed|36/100
|
|switch|p2a: Ninetales|Ninetales, F|59/100 tox|[from]move: U-turn
|-weather|SunnyDay|[from] ability: Drought|[of] p2a: Ninetales
|move|p1a: Politoed|Scald|p2a: Ninetales
|-supereffective|p2a: Ninetales
|-damage|p2a: Ninetales|40/100 tox
|
|-weather|SunnyDay|[upkeep]
|-heal|p2a: Ninetales|46/100 tox|[from] item: Leftovers
|-heal|p1a: Politoed|42/100|[from] item: Leftovers
|-damage|p2a: Ninetales|40/100 tox|[from] psn
|upkeep
|turn|20
|inactive|BUMBACLAAT has 120 seconds left.
|inactive|BUMBACLAAT has 90 seconds left.
|
|switch|p2a: NO TEETH|Landorus-Therian, M|100/100
|-ability|p2a: NO TEETH|Intimidate|boost
|-unboost|p1a: Politoed|atk|1
|move|p1a: Politoed|Protect||[still]
|-fail|p1a: Politoed
|
|-weather|SunnyDay|[upkeep]
|-heal|p1a: Politoed|48/100|[from] item: Leftovers
|upkeep
|turn|21
|inactive|BUMBACLAAT has 60 seconds left.
|
|move|p1a: Politoed|Protect|p1a: Politoed
|-singleturn|p1a: Politoed|Protect
|move|p2a: NO TEETH|Earthquake|p1a: Politoed
|-activate|p1a: Politoed|move: Protect
|
|-weather|SunnyDay|[upkeep]
|-heal|p1a: Politoed|54/100|[from] item: Leftovers
|upkeep
|turn|22
|
|move|p2a: NO TEETH|Earthquake|p1a: Politoed
|-crit|p1a: Politoed
|-damage|p1a: Politoed|0 fnt
|faint|p1a: Politoed
|
|-weather|SunnyDay|[upkeep]
|upkeep
|-message|shiny peoples forfeited.
|
|win|BUMBACLAAT
|l|☆shiny peoples
|raw|shiny peoples's rating: 1304 &rarr; <strong>1292</strong><br />(-12 for losing)
|raw|BUMBACLAAT's rating: 1457 &rarr; <strong>1469</strong><br />(+12 for winning)
