|j|HB Joyita
|j|Meloriver
|player|p1|HB Joyita|91
|player|p2|Meloriver|184
|gametype|singles
|gen|5
|tier|[Gen 5] OU
|rated
|seed|
|rule|Evasion Abilities Clause: Evasion abilities are banned
|rule|Baton Pass Clause: Limit one Baton Passer, can't pass Spe and other stats simultaneously
|rule|Swagger Clause: Swagger is banned
|clearpoke
|poke|p1|Politoed, F|item
|poke|p1|Tentacruel, M|item
|poke|p1|Ferrothorn, M|item
|poke|p1|Garchomp, M, shiny|item
|poke|p1|Thundurus-Therian, M, shiny|item
|poke|p1|Tornadus, M|item
|poke|p2|Azelf|item
|poke|p2|Breloom, F|item
|poke|p2|Scizor, F|item
|poke|p2|Dragonite, M|item
|poke|p2|Salamence, M|item
|poke|p2|Garchomp, M|item
|rule|Sleep Clause Mod: Limit one foe put to sleep
|rule|Species Clause: Limit one of each Pokémon
|rule|OHKO Clause: OHKO moves are banned
|rule|Moody Clause: Moody is banned
|rule|Evasion Moves Clause: Evasion moves are banned
|rule|Endless Battle Clause: Forcing endless battles is banned
|rule|HP Percentage Mod: HP is shown in percentages
|teampreview
|choice||
|
|start
|switch|p1a: Jaier El Panadero|Garchomp, M, shiny|100/100
|switch|p2a: Breloom|Breloom, F|100/100
|turn|1
|choice||
|
|move|p1a: Jaier El Panadero|Dragon Claw|p2a: Breloom
|-damage|p2a: Breloom|37/100
|move|p2a: Breloom|Spore|p1a: Jaier El Panadero
|-status|p1a: Jaier El Panadero|slp
|
|turn|2
|choice||
|
|-singleturn|p2a: Breloom|move: Focus Punch
|switch|p1a: Polisapo|Politoed, F|100/100
|-weather|RainDance|[from] ability: Drizzle|[of] p1a: Polisapo
|move|p2a: Breloom|Focus Punch|p1a: Polisapo
|-enditem|p2a: Breloom|Fighting Gem|[from] gem|[move] Focus Punch
|-damage|p1a: Polisapo|0 fnt
|faint|p1a: Polisapo
|
|-weather|RainDance|[upkeep]
|choice||
|
|switch|p1a: Piasa|Tornadus, M|100/100
|turn|3
|choice||
|
|move|p2a: Breloom|Mach Punch|p1a: Piasa
|-resisted|p1a: Piasa
|-damage|p1a: Piasa|73/100
|move|p1a: Piasa|Hurricane|p2a: Breloom
|-supereffective|p2a: Breloom
|-damage|p2a: Breloom|0 fnt
|faint|p2a: Breloom
|
|-weather|RainDance|[upkeep]
|c|★HB Joyita|hurricane 4all
|choice||
|
|switch|p2a: Azelf|Azelf|100/100
|turn|4
|choice||
|
|move|p2a: Azelf|Hidden Power|p1a: Piasa
|-supereffective|p1a: Piasa
|-damage|p1a: Piasa|10/100
|move|p1a: Piasa|Hurricane|p2a: Azelf
|-enditem|p2a: Azelf|Focus Sash
|-damage|p2a: Azelf|1/100
|-start|p2a: Azelf|confusion
|
|-weather|RainDance|[upkeep]
|turn|5
|choice||
|
|switch|p1a: Medusa-Sensei (?|Tentacruel, M|100/100
|-activate|p2a: Azelf|confusion
|-damage|p2a: Azelf|0 fnt|[from] confusion
|faint|p2a: Azelf
|
|-weather|RainDance|[upkeep]
|choice||
|
|switch|p2a: Dragonite|Dragonite, M|100/100
|turn|6
|choice||
|
|move|p1a: Medusa-Sensei (?|Scald|p2a: Dragonite
|-resisted|p2a: Dragonite
|-damage|p2a: Dragonite|91/100
|move|p2a: Dragonite|Dragon Dance|p2a: Dragonite
|-boost|p2a: Dragonite|atk|1
|-boost|p2a: Dragonite|spe|1
|
|-weather|RainDance|[upkeep]
|turn|7
|choice||
|
|switch|p1a: Ferrero Rocher|Ferrothorn, M|100/100
|move|p2a: Dragonite|Dragon Dance|p2a: Dragonite
|-boost|p2a: Dragonite|atk|1
|-boost|p2a: Dragonite|spe|1
|
|-weather|RainDance|[upkeep]
|turn|8
|choice||
|
|move|p2a: Dragonite|Fire Punch|p1a: Ferrero Rocher
|-supereffective|p1a: Ferrero Rocher
|-damage|p1a: Ferrero Rocher|15/100
|-damage|p2a: Dragonite|79/100|[from] ability: Iron Barbs|[of] p1a: Ferrero Rocher
|move|p1a: Ferrero Rocher|Leech Seed|p2a: Dragonite
|-start|p2a: Dragonite|move: Leech Seed
|
|-weather|RainDance|[upkeep]
|-heal|p1a: Ferrero Rocher|22/100|[from] item: Leftovers
|-damage|p2a: Dragonite|66/100|[from] Leech Seed|[of] p1a: Ferrero Rocher
|-heal|p1a: Ferrero Rocher|33/100|[silent]
|turn|9
|choice||
|
|switch|p1a: Jaier El Panadero|Garchomp, M, shiny|100/100 slp
|move|p2a: Dragonite|Outrage|p1a: Jaier El Panadero
|-supereffective|p1a: Jaier El Panadero
|-enditem|p1a: Jaier El Panadero|Focus Sash
|-damage|p1a: Jaier El Panadero|1/100 slp
|-damage|p2a: Dragonite|54/100|[from] ability: Rough Skin|[of] p1a: Jaier El Panadero
|
|-weather|RainDance|[upkeep]
|-damage|p2a: Dragonite|42/100|[from] Leech Seed|[of] p1a: Jaier El Panadero
|-heal|p1a: Jaier El Panadero|12/100 slp|[silent]
|turn|10
|choice||
|
|switch|p1a: Ferrero Rocher|Ferrothorn, M|33/100
|move|p2a: Dragonite|Outrage|p1a: Ferrero Rocher|[from]lockedmove
|-resisted|p1a: Ferrero Rocher
|-damage|p1a: Ferrero Rocher|0 fnt
|-damage|p2a: Dragonite|29/100|[from] ability: Iron Barbs|[of] p1a: Ferrero Rocher
|-start|p2a: Dragonite|confusion|[fatigue]
|faint|p1a: Ferrero Rocher
|-enditem|p2a: Dragonite|Lum Berry|[eat]
|-end|p2a: Dragonite|confusion
|
|-weather|RainDance|[upkeep]
|choice||
|
|switch|p1a: Jaier El Panadero|Garchomp, M, shiny|12/100 slp
|turn|11
|choice||
|
|move|p2a: Dragonite|Outrage|p1a: Jaier El Panadero
|-supereffective|p1a: Jaier El Panadero
|-crit|p1a: Jaier El Panadero
|-damage|p1a: Jaier El Panadero|0 fnt
|-damage|p2a: Dragonite|17/100|[from] ability: Rough Skin|[of] p1a: Jaier El Panadero
|faint|p1a: Jaier El Panadero
|
|-weather|RainDance|[upkeep]
|choice||
|
|switch|p1a: Piasa|Tornadus, M|10/100
|turn|12
|choice||
|
|switch|p1a: Medusa-Sensei (?|Tentacruel, M|100/100
|move|p2a: Dragonite|Outrage|p1a: Medusa-Sensei (?|[from]lockedmove
|-damage|p1a: Medusa-Sensei (?|0 fnt
|-start|p2a: Dragonite|confusion|[fatigue]
|faint|p1a: Medusa-Sensei (?
|
|-weather|RainDance|[upkeep]
|choice||
|
|switch|p1a: Thor|Thundurus-Therian, M, shiny|100/100
|turn|13
|choice||
|
|-activate|p2a: Dragonite|confusion
|-damage|p2a: Dragonite|0 fnt|[from] confusion
|faint|p2a: Dragonite
|move|p1a: Thor|Agility|p1a: Thor
|-boost|p1a: Thor|spe|2
|
|-weather|RainDance|[upkeep]
|choice||
|
|switch|p2a: Scizor|Scizor, F|100/100
|turn|14
|choice||
|
|move|p1a: Thor|Thunder|p2a: Scizor
|-damage|p2a: Scizor|0 fnt
|-damage|p1a: Thor|91/100|[from] item: Life Orb
|faint|p2a: Scizor
|
|-weather|RainDance|[upkeep]
|c|★Meloriver|you really sucks
|c|★Meloriver|piece of shit
|-message|Meloriver forfeited.
|
|win|HB Joyita
|player|p1
|player|p2
|l|Meloriver
|raw|HB Joyita's rating: 1269 &rarr; <strong>1309</strong><br />(+40 for winning)
|raw|Meloriver's rating: 1521 &rarr; <strong>1489</strong><br />(-32 for losing)