|j|☆BLJ Mario
|j|☆leoperi99
|t:|1710707415
|gametype|singles
|player|p1|BLJ Mario|blue-gen2|1258
|player|p2|leoperi99|blue-lgpe|1431
|teamsize|p1|6
|teamsize|p2|6
|gen|5
|tier|[Gen 5] OU
|rated|
|rule|Species Clause: Limit one of each Pokémon
|rule|OHKO Clause: OHKO moves are banned
|rule|Moody Clause: Moody is banned
|rule|Evasion Items Clause: Evasion items are banned
|rule|Evasion Moves Clause: Evasion moves are banned
|rule|Endless Battle Clause: Forcing endless battles is banned
|rule|HP Percentage Mod: HP is shown in percentages
|rule|Evasion Abilities Clause: Evasion abilities are banned
|rule|Sleep Moves Clause: Sleep-inducing moves are banned
|rule|Swagger Clause: Swagger is banned
|rule|Baton Pass Stat Clause: No Baton Passer may have a way to boost its stats
|clearpoke
|poke|p1|Kyurem-Black|item
|poke|p1|Tornadus, M|item
|poke|p1|Politoed, F|item
|poke|p1|Tentacruel, M|item
|poke|p1|Ferrothorn, M|item
|poke|p1|Landorus-Therian, M|item
|poke|p2|Heatran, M|item
|poke|p2|Tyranitar, F|item
|poke|p2|Rotom-Wash|item
|poke|p2|Latios, M|item
|poke|p2|Landorus-Therian, M|item
|poke|p2|Excadrill, F|item
|teampreview
|c|☆leoperi99|glhf
|inactive|Battle timer is ON: inactive players will automatically lose when time's up. (requested by leoperi99)
|inactive|BLJ Mario has 120 seconds left.
|c|☆BLJ Mario|you too
|
|t:|1710707493
|start
|switch|p1a: Little Z|Landorus-Therian, M|100/100
|switch|p2a: Rotom|Rotom-Wash|100/100
|-ability|p1a: Little Z|Intimidate|boost
|-unboost|p2a: Rotom|atk|1
|turn|1
|
|t:|1710707521
|move|p1a: Little Z|U-turn|p2a: Rotom
|-damage|p2a: Rotom|82/100
|
|t:|1710707526
|switch|p1a: Splatoon|Tentacruel, M|100/100|[from] U-turn
|move|p2a: Rotom|Will-O-Wisp|p1a: Splatoon
|-status|p1a: Splatoon|brn
|
|-heal|p2a: Rotom|88/100|[from] item: Leftovers
|-damage|p1a: Splatoon|88/100 brn|[from] brn
|upkeep
|turn|2
|inactive|BLJ Mario has 120 seconds left.
|
|t:|1710707542
|move|p1a: Splatoon|Scald|p2a: Rotom
|-resisted|p2a: Rotom
|-damage|p2a: Rotom|77/100
|-status|p2a: Rotom|brn
|move|p2a: Rotom|Volt Switch|p1a: Splatoon
|-supereffective|p1a: Splatoon
|-damage|p1a: Splatoon|49/100 brn
|
|t:|1710707552
|switch|p2a: Tyranitar|Tyranitar, F|100/100|[from] Volt Switch
|-weather|Sandstorm|[from] ability: Sand Stream|[of] p2a: Tyranitar
|
|-weather|Sandstorm|[upkeep]
|-damage|p1a: Splatoon|43/100 brn|[from] Sandstorm
|-heal|p1a: Splatoon|49/100 brn|[from] item: Black Sludge
|-damage|p1a: Splatoon|36/100 brn|[from] brn
|upkeep
|turn|3
|
|t:|1710707559
|move|p1a: Splatoon|Scald|p2a: Tyranitar
|-supereffective|p2a: Tyranitar
|-damage|p2a: Tyranitar|79/100
|move|p2a: Tyranitar|Pursuit|p1a: Splatoon
|-damage|p1a: Splatoon|12/100 brn
|
|-weather|Sandstorm|[upkeep]
|-damage|p1a: Splatoon|6/100 brn|[from] Sandstorm
|-heal|p1a: Splatoon|12/100 brn|[from] item: Black Sludge
|-damage|p1a: Splatoon|0 fnt|[from] brn
|faint|p1a: Splatoon
|upkeep
|inactive|BLJ Mario has 120 seconds left.
|
|t:|1710707575
|switch|p1a: Little Z|Landorus-Therian, M|100/100
|-ability|p1a: Little Z|Intimidate|boost
|-unboost|p2a: Tyranitar|atk|1
|turn|4
|
|t:|1710707581
|switch|p2a: Landorus|Landorus-Therian, M|100/100
|-ability|p2a: Landorus|Intimidate|boost
|-unboost|p1a: Little Z|atk|1
|move|p1a: Little Z|Hidden Power|p2a: Landorus
|-supereffective|p2a: Landorus
|-damage|p2a: Landorus|4/100
|
|-weather|Sandstorm|[upkeep]
|upkeep
|turn|5
|
|t:|1710707587
|switch|p2a: Rotom|Rotom-Wash|77/100 brn
|move|p1a: Little Z|Hidden Power|p2a: Rotom
|-resisted|p2a: Rotom
|-crit|p2a: Rotom
|-damage|p2a: Rotom|60/100 brn
|
|-weather|Sandstorm|[upkeep]
|-damage|p2a: Rotom|53/100 brn|[from] Sandstorm
|-heal|p2a: Rotom|60/100 brn|[from] item: Leftovers
|-damage|p2a: Rotom|47/100 brn|[from] brn
|upkeep
|turn|6
|
|t:|1710707599
|switch|p1a: Basement Dweller|Ferrothorn, M, shiny|100/100
|move|p2a: Rotom|Pain Split|p1a: Basement Dweller
|-sethp|p1a: Basement Dweller|71/100|[from] move: Pain Split|[silent]
|-sethp|p2a: Rotom|82/100 brn|[from] move: Pain Split
|
|-weather|Sandstorm|[upkeep]
|-damage|p2a: Rotom|75/100 brn|[from] Sandstorm
|-heal|p2a: Rotom|82/100 brn|[from] item: Leftovers
|-heal|p1a: Basement Dweller|77/100|[from] item: Leftovers
|-damage|p2a: Rotom|69/100 brn|[from] brn
|upkeep
|turn|7
|
|t:|1710707607
|switch|p2a: Landorus|Landorus-Therian, M|4/100
|-ability|p2a: Landorus|Intimidate|boost
|-unboost|p1a: Basement Dweller|atk|1
|move|p1a: Basement Dweller|Knock Off|p2a: Landorus
|-damage|p2a: Landorus|1/100
|-enditem|p2a: Landorus|Choice Scarf|[from] move: Knock Off|[of] p1a: Basement Dweller
|
|-weather|Sandstorm|[upkeep]
|-heal|p1a: Basement Dweller|83/100|[from] item: Leftovers
|upkeep
|turn|8
|c|☆BLJ Mario|so close
|c|☆leoperi99|yea
|
|t:|1710707622
|move|p2a: Landorus|Stealth Rock|p1a: Basement Dweller
|-sidestart|p1: BLJ Mario|move: Stealth Rock
|move|p1a: Basement Dweller|Stealth Rock|p2a: Landorus
|-sidestart|p2: leoperi99|move: Stealth Rock
|
|-weather|Sandstorm|[upkeep]
|-heal|p1a: Basement Dweller|89/100|[from] item: Leftovers
|upkeep
|turn|9
|
|t:|1710707646
|move|p2a: Landorus|Earthquake|p1a: Basement Dweller
|-damage|p1a: Basement Dweller|52/100
|move|p1a: Basement Dweller|Knock Off|p2a: Landorus
|-damage|p2a: Landorus|0 fnt
|faint|p2a: Landorus
|
|-weather|Sandstorm|[upkeep]
|-heal|p1a: Basement Dweller|58/100|[from] item: Leftovers
|upkeep
|
|t:|1710707658
|switch|p2a: Heatran|Heatran, M, shiny|100/100
|-damage|p2a: Heatran|88/100|[from] Stealth Rock
|-item|p2a: Heatran|Air Balloon
|turn|10
|
|t:|1710707662
|switch|p1a: Snap Pop Crackle|Politoed, F, shiny|100/100
|-damage|p1a: Snap Pop Crackle|88/100|[from] Stealth Rock
|-weather|RainDance|[from] ability: Drizzle|[of] p1a: Snap Pop Crackle
|move|p2a: Heatran|Magma Storm|p1a: Snap Pop Crackle|[miss]
|-miss|p2a: Heatran|p1a: Snap Pop Crackle
|
|-weather|RainDance|[upkeep]
|-heal|p1a: Snap Pop Crackle|94/100|[from] item: Leftovers
|upkeep
|turn|11
|
|t:|1710707678
|switch|p2a: Latios|Latios, M|100/100
|-damage|p2a: Latios|88/100|[from] Stealth Rock
|switch|p1a: Basement Dweller|Ferrothorn, M, shiny|58/100
|-damage|p1a: Basement Dweller|52/100|[from] Stealth Rock
|
|-weather|RainDance|[upkeep]
|-heal|p1a: Basement Dweller|58/100|[from] item: Leftovers
|upkeep
|turn|12
|
|t:|1710707683
|switch|p2a: Excadrill|Excadrill, F|100/100
|-damage|p2a: Excadrill|97/100|[from] Stealth Rock
|move|p1a: Basement Dweller|Knock Off|p2a: Excadrill
|-resisted|p2a: Excadrill
|-damage|p2a: Excadrill|94/100
|-enditem|p2a: Excadrill|Leftovers|[from] move: Knock Off|[of] p1a: Basement Dweller
|
|-weather|RainDance|[upkeep]
|-heal|p1a: Basement Dweller|64/100|[from] item: Leftovers
|upkeep
|turn|13
|
|t:|1710707688
|move|p2a: Excadrill|Rapid Spin|p1a: Basement Dweller
|-resisted|p1a: Basement Dweller
|-damage|p1a: Basement Dweller|61/100
|-damage|p2a: Excadrill|82/100|[from] ability: Iron Barbs|[of] p1a: Basement Dweller
|-sideend|p2: leoperi99|Stealth Rock|[from] move: Rapid Spin|[of] p2a: Excadrill
|move|p1a: Basement Dweller|Power Whip|p2a: Excadrill
|-damage|p2a: Excadrill|23/100
|
|-weather|RainDance|[upkeep]
|-heal|p1a: Basement Dweller|68/100|[from] item: Leftovers
|upkeep
|turn|14
|
|t:|1710707694
|move|p2a: Excadrill|Earthquake|p1a: Basement Dweller
|-damage|p1a: Basement Dweller|22/100
|move|p1a: Basement Dweller|Power Whip|p2a: Excadrill
|-damage|p2a: Excadrill|0 fnt
|faint|p2a: Excadrill
|
|-weather|RainDance|[upkeep]
|-heal|p1a: Basement Dweller|28/100|[from] item: Leftovers
|upkeep
|
|t:|1710707700
|switch|p2a: Tyranitar|Tyranitar, F|79/100
|-weather|Sandstorm|[from] ability: Sand Stream|[of] p2a: Tyranitar
|turn|15
|
|t:|1710707720
|move|p2a: Tyranitar|Superpower|p1a: Basement Dweller
|-supereffective|p1a: Basement Dweller
|-damage|p1a: Basement Dweller|0 fnt
|-unboost|p2a: Tyranitar|atk|1
|-unboost|p2a: Tyranitar|def|1
|-damage|p2a: Tyranitar|67/100|[from] ability: Iron Barbs|[of] p1a: Basement Dweller
|faint|p1a: Basement Dweller
|
|-weather|Sandstorm|[upkeep]
|upkeep
|
|t:|1710707725
|switch|p1a: Little Z|Landorus-Therian, M|100/100
|-damage|p1a: Little Z|88/100|[from] Stealth Rock
|-ability|p1a: Little Z|Intimidate|boost
|-unboost|p2a: Tyranitar|atk|1
|turn|16
|
|t:|1710707731
|switch|p2a: Rotom|Rotom-Wash|69/100 brn
|move|p1a: Little Z|U-turn|p2a: Rotom
|-damage|p2a: Rotom|49/100 brn
|
|t:|1710707743
|switch|p1a: MatPat|Tornadus, M|100/100|[from] U-turn
|-damage|p1a: MatPat|76/100|[from] Stealth Rock
|
|-weather|Sandstorm|[upkeep]
|-damage|p1a: MatPat|70/100|[from] Sandstorm
|-damage|p2a: Rotom|43/100 brn|[from] Sandstorm
|-heal|p1a: MatPat|76/100|[from] item: Leftovers
|-heal|p2a: Rotom|49/100 brn|[from] item: Leftovers
|-damage|p2a: Rotom|37/100 brn|[from] brn
|upkeep
|turn|17
|
|t:|1710707761
|move|p1a: MatPat|Focus Blast|p2a: Rotom
|-damage|p2a: Rotom|0 fnt
|faint|p2a: Rotom
|
|-weather|Sandstorm|[upkeep]
|-damage|p1a: MatPat|70/100|[from] Sandstorm
|-heal|p1a: MatPat|76/100|[from] item: Leftovers
|upkeep
|
|t:|1710707767
|switch|p2a: Tyranitar|Tyranitar, F|67/100
|turn|18
|
|t:|1710707784
|move|p1a: MatPat|U-turn|p2a: Tyranitar
|-supereffective|p2a: Tyranitar
|-damage|p2a: Tyranitar|42/100
|
|t:|1710707788
|switch|p1a: Little Z|Landorus-Therian, M|88/100|[from] U-turn
|-damage|p1a: Little Z|76/100|[from] Stealth Rock
|-ability|p1a: Little Z|Intimidate|boost
|-unboost|p2a: Tyranitar|atk|1
|move|p2a: Tyranitar|Rock Slide|p1a: Little Z|[miss]
|-miss|p2a: Tyranitar|p1a: Little Z
|
|-weather|Sandstorm|[upkeep]
|upkeep
|turn|19
|
|t:|1710707793
|move|p1a: Little Z|U-turn|p2a: Tyranitar
|-supereffective|p2a: Tyranitar
|-damage|p2a: Tyranitar|3/100
|
|t:|1710707799
|switch|p1a: Snap Pop Crackle|Politoed, F, shiny|94/100|[from] U-turn
|-damage|p1a: Snap Pop Crackle|82/100|[from] Stealth Rock
|-weather|RainDance|[from] ability: Drizzle|[of] p1a: Snap Pop Crackle
|move|p2a: Tyranitar|Crunch|p1a: Snap Pop Crackle
|-damage|p1a: Snap Pop Crackle|62/100
|
|-weather|RainDance|[upkeep]
|-heal|p1a: Snap Pop Crackle|68/100|[from] item: Leftovers
|upkeep
|turn|20
|
|t:|1710707807
|switch|p2a: Latios|Latios, M|88/100
|move|p1a: Snap Pop Crackle|Scald|p2a: Latios
|-resisted|p2a: Latios
|-crit|p2a: Latios
|-damage|p2a: Latios|51/100
|-status|p2a: Latios|brn
|
|-weather|RainDance|[upkeep]
|-heal|p1a: Snap Pop Crackle|74/100|[from] item: Leftovers
|-damage|p2a: Latios|39/100 brn|[from] brn
|upkeep
|turn|21
|
|t:|1710707810
|move|p1a: Snap Pop Crackle|Protect|p1a: Snap Pop Crackle
|-singleturn|p1a: Snap Pop Crackle|Protect
|move|p2a: Latios|Recover|p2a: Latios
|-heal|p2a: Latios|89/100 brn
|
|-weather|RainDance|[upkeep]
|-heal|p1a: Snap Pop Crackle|81/100|[from] item: Leftovers
|-damage|p2a: Latios|76/100 brn|[from] brn
|upkeep
|turn|22
|
|t:|1710707817
|move|p2a: Latios|Draco Meteor|p1a: Snap Pop Crackle
|-damage|p1a: Snap Pop Crackle|14/100
|-unboost|p2a: Latios|spa|2
|move|p1a: Snap Pop Crackle|Scald|p2a: Latios
|-resisted|p2a: Latios
|-damage|p2a: Latios|57/100 brn
|
|-weather|RainDance|[upkeep]
|-heal|p1a: Snap Pop Crackle|20/100|[from] item: Leftovers
|-damage|p2a: Latios|45/100 brn|[from] brn
|upkeep
|turn|23
|
|t:|1710707828
|switch|p1a: MatPat|Tornadus, M|76/100
|-damage|p1a: MatPat|51/100|[from] Stealth Rock
|move|p2a: Latios|Draco Meteor|p1a: MatPat|[miss]
|-miss|p2a: Latios|p1a: MatPat
|
|-weather|RainDance|[upkeep]
|-heal|p1a: MatPat|57/100|[from] item: Leftovers
|-damage|p2a: Latios|33/100 brn|[from] brn
|upkeep
|turn|24
|
|t:|1710707834
|switch|p2a: Tyranitar|Tyranitar, F|3/100
|-weather|Sandstorm|[from] ability: Sand Stream|[of] p2a: Tyranitar
|move|p1a: MatPat|Tailwind|p1a: MatPat
|-sidestart|p1: BLJ Mario|move: Tailwind
|
|-weather|Sandstorm|[upkeep]
|-damage|p1a: MatPat|51/100|[from] Sandstorm
|-heal|p1a: MatPat|57/100|[from] item: Leftovers
|upkeep
|turn|25
|
|t:|1710707838
|move|p1a: MatPat|U-turn|p2a: Tyranitar
|-supereffective|p2a: Tyranitar
|-damage|p2a: Tyranitar|0 fnt
|faint|p2a: Tyranitar
|c|☆leoperi99|yea gg
|-message|leoperi99 forfeited.
|
|win|BLJ Mario
|raw|BLJ Mario's rating: 1258 &rarr; <strong>1295</strong><br />(+37 for winning)
|raw|leoperi99's rating: 1431 &rarr; <strong>1402</strong><br />(-29 for losing)
|l|☆leoperi99
|player|p2|
|c|☆BLJ Mario|Gg
