|j|☆Excaliburn88tests
|j|☆tkinthemiddle
|t:|1717292491
|gametype|singles
|player|p1|Excaliburn88tests|bellelba|1472
|player|p2|tkinthemiddle|pokemonbreederf-gen4|1316
|teamsize|p1|6
|teamsize|p2|6
|gen|5
|tier|[Gen 5] OU
|rated|
|rule|Species Clause: Limit one of each Pokémon
|rule|OHKO Clause: OHKO moves are banned
|rule|Moody Clause: Moody is banned
|rule|Evasion Items Clause: Evasion items are banned
|rule|Evasion Moves Clause: Evasion moves are banned
|rule|Endless Battle Clause: Forcing endless battles is banned
|rule|HP Percentage Mod: HP is shown in percentages
|rule|Evasion Abilities Clause: Evasion abilities are banned
|rule|Sleep Moves Clause: Sleep-inducing moves are banned
|rule|Swagger Clause: Swagger is banned
|rule|Baton Pass Stat Clause: No Baton Passer may have a way to boost its stats
|clearpoke
|poke|p1|Ninetales, F|item
|poke|p1|Heatran, F|item
|poke|p1|Excadrill, F|item
|poke|p1|Scizor, F|item
|poke|p1|Xatu, M|item
|poke|p1|Zapdos|item
|poke|p2|Ferrothorn, M|item
|poke|p2|Hippowdon, M|item
|poke|p2|Latios, M|item
|poke|p2|Gyarados, M|item
|poke|p2|Tentacruel, F|item
|poke|p2|Alakazam, F|item
|teampreview
|inactive|Battle timer is ON: inactive players will automatically lose when time's up. (requested by Excaliburn88tests)
|
|t:|1717292546
|start
|switch|p1a: drippy birb|Xatu, M, shiny|100/100
|switch|p2a: Hippowdon|Hippowdon, M|100/100
|-weather|Sandstorm|[from] ability: Sand Stream|[of] p2a: Hippowdon
|turn|1
|
|t:|1717292564
|switch|p2a: Latios|Latios, M|100/100
|move|p1a: drippy birb|Reflect|p1a: drippy birb
|-sidestart|p1: Excaliburn88tests|Reflect
|
|-weather|Sandstorm|[upkeep]
|-damage|p2a: Latios|95/100|[from] Sandstorm
|-damage|p1a: drippy birb|94/100|[from] Sandstorm
|upkeep
|turn|2
|
|t:|1717292576
|switch|p1a: Kirei|Excadrill, F, shiny|100/100
|-ability|p1a: Kirei|Mold Breaker
|move|p2a: Latios|Thunderbolt|p1a: Kirei
|-immune|p1a: Kirei
|
|-weather|Sandstorm|[upkeep]
|-damage|p2a: Latios|89/100|[from] Sandstorm
|upkeep
|turn|3
|
|t:|1717292586
|switch|p2a: Hippowdon|Hippowdon, M|100/100
|move|p1a: Kirei|Stealth Rock|p2a: Hippowdon
|-sidestart|p2: tkinthemiddle|move: Stealth Rock
|
|-weather|Sandstorm|[upkeep]
|upkeep
|turn|4
|
|t:|1717292590
|switch|p1a: drippy birb|Xatu, M, shiny|94/100
|move|p2a: Hippowdon|Superpower|p1a: drippy birb
|-resisted|p1a: drippy birb
|-damage|p1a: drippy birb|90/100
|-unboost|p2a: Hippowdon|atk|1
|-unboost|p2a: Hippowdon|def|1
|-damage|p2a: Hippowdon|84/100|[from] item: Rocky Helmet|[of] p1a: drippy birb
|
|-weather|Sandstorm|[upkeep]
|-damage|p1a: drippy birb|84/100|[from] Sandstorm
|-heal|p2a: Hippowdon|90/100|[from] item: Leftovers
|upkeep
|turn|5
|
|t:|1717292609
|switch|p2a: Ferrothorn|Ferrothorn, M|100/100
|-damage|p2a: Ferrothorn|94/100|[from] Stealth Rock
|move|p1a: drippy birb|U-turn|p2a: Ferrothorn
|-damage|p2a: Ferrothorn|85/100
|-damage|p1a: drippy birb|72/100|[from] ability: Iron Barbs|[of] p2a: Ferrothorn
|
|t:|1717292625
|switch|p1a: PIZZA NIGHTMARE|Heatran, F, shiny|100/100|[from] U-turn
|
|-weather|Sandstorm|[upkeep]
|-heal|p2a: Ferrothorn|91/100|[from] item: Leftovers
|-sideend|p1: Excaliburn88tests|Reflect
|upkeep
|turn|6
|
|t:|1717292630
|switch|p2a: Tentacruel|Tentacruel, F|100/100
|-damage|p2a: Tentacruel|88/100|[from] Stealth Rock
|move|p1a: PIZZA NIGHTMARE|Lava Plume|p2a: Tentacruel
|-resisted|p2a: Tentacruel
|-damage|p2a: Tentacruel|78/100
|-status|p2a: Tentacruel|brn
|
|-weather|Sandstorm|[upkeep]
|-damage|p2a: Tentacruel|72/100 brn|[from] Sandstorm
|-heal|p2a: Tentacruel|78/100 brn|[from] item: Black Sludge
|-damage|p2a: Tentacruel|66/100 brn|[from] brn
|upkeep
|turn|7
|
|t:|1717292641
|switch|p1a: All Apologies|Ninetales, F, shiny|100/100
|-weather|SunnyDay|[from] ability: Drought|[of] p1a: All Apologies
|move|p2a: Tentacruel|Scald|p1a: All Apologies
|-supereffective|p1a: All Apologies
|-damage|p1a: All Apologies|81/100
|
|-weather|SunnyDay|[upkeep]
|-heal|p1a: All Apologies|87/100|[from] item: Leftovers
|-heal|p2a: Tentacruel|72/100 brn|[from] item: Black Sludge
|-damage|p2a: Tentacruel|60/100 brn|[from] brn
|upkeep
|turn|8
|inactive|tkinthemiddle has 120 seconds left.
|
|t:|1717292689
|switch|p1a: PIZZA NIGHTMARE|Heatran, F, shiny|100/100
|switch|p2a: Latios|Latios, M|89/100
|-damage|p2a: Latios|76/100|[from] Stealth Rock
|
|-weather|SunnyDay|[upkeep]
|upkeep
|turn|9
|
|t:|1717292699
|switch|p2a: Hippowdon|Hippowdon, M|90/100
|-damage|p2a: Hippowdon|84/100|[from] Stealth Rock
|-weather|Sandstorm|[from] ability: Sand Stream|[of] p2a: Hippowdon
|move|p1a: PIZZA NIGHTMARE|Protect||[still]
|-fail|p1a: PIZZA NIGHTMARE
|
|-weather|Sandstorm|[upkeep]
|-heal|p2a: Hippowdon|90/100|[from] item: Leftovers
|upkeep
|turn|10
|
|t:|1717292704
|switch|p1a: drippy birb|Xatu, M, shiny|72/100
|switch|p2a: Latios|Latios, M|76/100
|-damage|p2a: Latios|64/100|[from] Stealth Rock
|
|-weather|Sandstorm|[upkeep]
|-damage|p2a: Latios|58/100|[from] Sandstorm
|-damage|p1a: drippy birb|66/100|[from] Sandstorm
|upkeep
|turn|11
|
|t:|1717292709
|switch|p1a: All Apologies|Ninetales, F, shiny|87/100
|-weather|SunnyDay|[from] ability: Drought|[of] p1a: All Apologies
|move|p2a: Latios|Draco Meteor|p1a: All Apologies
|-damage|p1a: All Apologies|18/100
|-unboost|p2a: Latios|spa|2
|
|-weather|SunnyDay|[upkeep]
|-heal|p1a: All Apologies|24/100|[from] item: Leftovers
|upkeep
|turn|12
|
|t:|1717292721
|switch|p1a: Maxilos|Scizor, F|100/100
|move|p2a: Latios|Draco Meteor|p1a: Maxilos
|-resisted|p1a: Maxilos
|-damage|p1a: Maxilos|73/100
|-unboost|p2a: Latios|spa|2
|
|-weather|SunnyDay|[upkeep]
|-heal|p1a: Maxilos|79/100|[from] item: Leftovers
|upkeep
|turn|13
|
|t:|1717292729
|switch|p2a: Hippowdon|Hippowdon, M|90/100
|-damage|p2a: Hippowdon|84/100|[from] Stealth Rock
|-weather|Sandstorm|[from] ability: Sand Stream|[of] p2a: Hippowdon
|move|p1a: Maxilos|Swords Dance|p1a: Maxilos
|-boost|p1a: Maxilos|atk|2
|
|-weather|Sandstorm|[upkeep]
|-heal|p1a: Maxilos|85/100|[from] item: Leftovers
|-heal|p2a: Hippowdon|90/100|[from] item: Leftovers
|upkeep
|turn|14
|
|t:|1717292734
|move|p1a: Maxilos|U-turn|p2a: Hippowdon
|-damage|p2a: Hippowdon|46/100
|
|t:|1717292737
|switch|p1a: drippy birb|Xatu, M, shiny|66/100|[from] U-turn
|move|p2a: Hippowdon|Whirlwind|p1a: drippy birb
|move|p1a: drippy birb|Whirlwind|p2a: Hippowdon|[from]ability: Magic Bounce
|drag|p2a: Latios|Latios, M|58/100
|-damage|p2a: Latios|46/100|[from] Stealth Rock
|
|-weather|Sandstorm|[upkeep]
|-damage|p2a: Latios|40/100|[from] Sandstorm
|-damage|p1a: drippy birb|60/100|[from] Sandstorm
|upkeep
|turn|15
|
|t:|1717292749
|switch|p1a: Kirei|Excadrill, F, shiny|100/100
|-ability|p1a: Kirei|Mold Breaker
|move|p2a: Latios|Draco Meteor|p1a: Kirei
|-resisted|p1a: Kirei
|-damage|p1a: Kirei|60/100
|-unboost|p2a: Latios|spa|2
|
|-weather|Sandstorm|[upkeep]
|-damage|p2a: Latios|34/100|[from] Sandstorm
|-heal|p1a: Kirei|66/100|[from] item: Leftovers
|upkeep
|turn|16
|inactive|Excaliburn88tests has 120 seconds left.
|
|t:|1717292783
|switch|p2a: Gyarados|Gyarados, M|100/100
|-damage|p2a: Gyarados|75/100|[from] Stealth Rock
|-ability|p2a: Gyarados|Intimidate|boost
|-unboost|p1a: Kirei|atk|1
|switch|p1a: arclight|Zapdos, shiny|100/100
|-ability|p1a: arclight|Pressure
|
|-weather|Sandstorm|[upkeep]
|-damage|p2a: Gyarados|69/100|[from] Sandstorm
|-damage|p1a: arclight|94/100|[from] Sandstorm
|-heal|p2a: Gyarados|75/100|[from] item: Leftovers
|-heal|p1a: arclight|100/100|[from] item: Leftovers
|upkeep
|turn|17
|
|t:|1717292796
|switch|p2a: Ferrothorn|Ferrothorn, M|91/100
|-damage|p2a: Ferrothorn|85/100|[from] Stealth Rock
|move|p1a: arclight|Substitute|p1a: arclight
|-start|p1a: arclight|Substitute
|-damage|p1a: arclight|76/100
|
|-weather|Sandstorm|[upkeep]
|-damage|p1a: arclight|69/100|[from] Sandstorm
|-heal|p1a: arclight|76/100|[from] item: Leftovers
|-heal|p2a: Ferrothorn|91/100|[from] item: Leftovers
|upkeep
|turn|18
|
|t:|1717292808
|switch|p1a: drippy birb|Xatu, M, shiny|60/100
|move|p2a: Ferrothorn|Stealth Rock|p1a: drippy birb
|move|p1a: drippy birb|Stealth Rock||[from]ability: Magic Bounce|[still]
|-fail|p1a: drippy birb
|
|-weather|Sandstorm|[upkeep]
|-damage|p1a: drippy birb|54/100|[from] Sandstorm
|-heal|p2a: Ferrothorn|97/100|[from] item: Leftovers
|upkeep
|turn|19
|
|t:|1717292812
|move|p1a: drippy birb|Reflect|p1a: drippy birb
|-sidestart|p1: Excaliburn88tests|Reflect
|move|p2a: Ferrothorn|Gyro Ball|p1a: drippy birb
|-damage|p1a: drippy birb|38/100
|-damage|p2a: Ferrothorn|81/100|[from] item: Rocky Helmet|[of] p1a: drippy birb
|
|-weather|Sandstorm|[upkeep]
|-damage|p1a: drippy birb|32/100|[from] Sandstorm
|-heal|p2a: Ferrothorn|87/100|[from] item: Leftovers
|upkeep
|turn|20
|
|t:|1717292815
|move|p1a: drippy birb|Roost|p1a: drippy birb
|-heal|p1a: drippy birb|82/100
|-singleturn|p1a: drippy birb|move: Roost
|move|p2a: Ferrothorn|Gyro Ball|p1a: drippy birb
|-damage|p1a: drippy birb|65/100
|-damage|p2a: Ferrothorn|71/100|[from] item: Rocky Helmet|[of] p1a: drippy birb
|
|-weather|Sandstorm|[upkeep]
|-damage|p1a: drippy birb|59/100|[from] Sandstorm
|-heal|p2a: Ferrothorn|77/100|[from] item: Leftovers
|upkeep
|turn|21
|
|t:|1717292830
|switch|p2a: Gyarados|Gyarados, M|75/100
|-damage|p2a: Gyarados|50/100|[from] Stealth Rock
|-ability|p2a: Gyarados|Intimidate|boost
|-unboost|p1a: drippy birb|atk|1
|move|p1a: drippy birb|Night Shade|p2a: Gyarados
|-damage|p2a: Gyarados|20/100
|
|-weather|Sandstorm|[upkeep]
|-damage|p2a: Gyarados|14/100|[from] Sandstorm
|-damage|p1a: drippy birb|53/100|[from] Sandstorm
|-heal|p2a: Gyarados|20/100|[from] item: Leftovers
|upkeep
|turn|22
|
|t:|1717292839
|move|p2a: Gyarados|Stone Edge|p1a: drippy birb
|-supereffective|p1a: drippy birb
|-damage|p1a: drippy birb|18/100
|move|p1a: drippy birb|Roost|p1a: drippy birb
|-heal|p1a: drippy birb|68/100
|-singleturn|p1a: drippy birb|move: Roost
|
|-weather|Sandstorm|[upkeep]
|-damage|p2a: Gyarados|14/100|[from] Sandstorm
|-damage|p1a: drippy birb|62/100|[from] Sandstorm
|-heal|p2a: Gyarados|20/100|[from] item: Leftovers
|upkeep
|turn|23
|
|t:|1717292846
|switch|p1a: Maxilos|Scizor, F|85/100
|move|p2a: Gyarados|Stone Edge|p1a: Maxilos
|-damage|p1a: Maxilos|69/100
|
|-weather|Sandstorm|[upkeep]
|-damage|p2a: Gyarados|14/100|[from] Sandstorm
|-heal|p2a: Gyarados|20/100|[from] item: Leftovers
|-heal|p1a: Maxilos|76/100|[from] item: Leftovers
|-sideend|p1: Excaliburn88tests|Reflect
|upkeep
|turn|24
|
|t:|1717292859
|move|p2a: Gyarados|Waterfall|p1a: Maxilos
|-damage|p1a: Maxilos|35/100
|move|p1a: Maxilos|Swords Dance|p1a: Maxilos
|-boost|p1a: Maxilos|atk|2
|
|-weather|Sandstorm|[upkeep]
|-damage|p2a: Gyarados|14/100|[from] Sandstorm
|-heal|p2a: Gyarados|20/100|[from] item: Leftovers
|-heal|p1a: Maxilos|41/100|[from] item: Leftovers
|upkeep
|turn|25
|
|t:|1717292863
|move|p1a: Maxilos|Bullet Punch|p2a: Gyarados
|-resisted|p2a: Gyarados
|-damage|p2a: Gyarados|0 fnt
|faint|p2a: Gyarados
|
|-weather|Sandstorm|[upkeep]
|-heal|p1a: Maxilos|48/100|[from] item: Leftovers
|upkeep
|
|t:|1717292873
|switch|p2a: Ferrothorn|Ferrothorn, M|77/100
|-damage|p2a: Ferrothorn|71/100|[from] Stealth Rock
|turn|26
|
|t:|1717292880
|switch|p1a: drippy birb|Xatu, M, shiny|62/100
|move|p2a: Ferrothorn|Stealth Rock|p1a: drippy birb
|move|p1a: drippy birb|Stealth Rock||[from]ability: Magic Bounce|[still]
|-fail|p1a: drippy birb
|
|-weather|Sandstorm|[upkeep]
|-damage|p1a: drippy birb|56/100|[from] Sandstorm
|-heal|p2a: Ferrothorn|77/100|[from] item: Leftovers
|upkeep
|turn|27
|
|t:|1717292885
|move|p1a: drippy birb|Reflect|p1a: drippy birb
|-sidestart|p1: Excaliburn88tests|Reflect
|move|p2a: Ferrothorn|Gyro Ball|p1a: drippy birb
|-damage|p1a: drippy birb|40/100
|-damage|p2a: Ferrothorn|60/100|[from] item: Rocky Helmet|[of] p1a: drippy birb
|
|-weather|Sandstorm|[upkeep]
|-damage|p1a: drippy birb|34/100|[from] Sandstorm
|-heal|p2a: Ferrothorn|67/100|[from] item: Leftovers
|upkeep
|turn|28
|
|t:|1717292892
|switch|p2a: Alakazam|Alakazam, F|100/100
|move|p1a: drippy birb|Roost|p1a: drippy birb
|-heal|p1a: drippy birb|84/100
|-singleturn|p1a: drippy birb|move: Roost
|
|-weather|Sandstorm|[upkeep]
|-damage|p1a: drippy birb|78/100|[from] Sandstorm
|upkeep
|turn|29
|
|t:|1717292911
|switch|p2a: Hippowdon|Hippowdon, M|46/100
|-damage|p2a: Hippowdon|40/100|[from] Stealth Rock
|switch|p1a: PIZZA NIGHTMARE|Heatran, F, shiny|100/100
|
|-weather|Sandstorm|[upkeep]
|-heal|p2a: Hippowdon|46/100|[from] item: Leftovers
|upkeep
|turn|30
|
|t:|1717292921
|switch|p1a: arclight|Zapdos, shiny|76/100
|-ability|p1a: arclight|Pressure
|move|p2a: Hippowdon|Slack Off|p2a: Hippowdon
|-heal|p2a: Hippowdon|96/100
|
|-weather|Sandstorm|[upkeep]
|-damage|p1a: arclight|69/100|[from] Sandstorm
|-heal|p1a: arclight|76/100|[from] item: Leftovers
|-heal|p2a: Hippowdon|100/100|[from] item: Leftovers
|upkeep
|turn|31
|
|t:|1717292944
|switch|p1a: drippy birb|Xatu, M, shiny|78/100
|switch|p2a: Ferrothorn|Ferrothorn, M|67/100
|-damage|p2a: Ferrothorn|60/100|[from] Stealth Rock
|
|-weather|Sandstorm|[upkeep]
|-damage|p1a: drippy birb|72/100|[from] Sandstorm
|-heal|p2a: Ferrothorn|67/100|[from] item: Leftovers
|-sideend|p1: Excaliburn88tests|Reflect
|upkeep
|turn|32
|
|t:|1717292963
|switch|p2a: Latios|Latios, M|34/100
|-damage|p2a: Latios|21/100|[from] Stealth Rock
|move|p1a: drippy birb|Reflect|p1a: drippy birb
|-sidestart|p1: Excaliburn88tests|Reflect
|
|-weather|Sandstorm|[upkeep]
|-damage|p2a: Latios|15/100|[from] Sandstorm
|-damage|p1a: drippy birb|66/100|[from] Sandstorm
|upkeep
|turn|33
|
|t:|1717292983
|switch|p1a: PIZZA NIGHTMARE|Heatran, F, shiny|100/100
|move|p2a: Latios|Draco Meteor|p1a: PIZZA NIGHTMARE
|-resisted|p1a: PIZZA NIGHTMARE
|-damage|p1a: PIZZA NIGHTMARE|69/100
|-unboost|p2a: Latios|spa|2
|
|-weather|Sandstorm|[upkeep]
|-damage|p2a: Latios|9/100|[from] Sandstorm
|-heal|p1a: PIZZA NIGHTMARE|76/100|[from] item: Leftovers
|upkeep
|turn|34
|inactive|Excaliburn88tests has 120 seconds left.
|
|t:|1717293019
|switch|p2a: Tentacruel|Tentacruel, F|60/100 brn
|-damage|p2a: Tentacruel|47/100 brn|[from] Stealth Rock
|switch|p1a: Kirei|Excadrill, F, shiny|66/100
|-ability|p1a: Kirei|Mold Breaker
|
|-weather|Sandstorm|[upkeep]
|-damage|p2a: Tentacruel|41/100 brn|[from] Sandstorm
|-heal|p1a: Kirei|72/100|[from] item: Leftovers
|-heal|p2a: Tentacruel|47/100 brn|[from] item: Black Sludge
|-damage|p2a: Tentacruel|35/100 brn|[from] brn
|upkeep
|turn|35
|
|t:|1717293030
|switch|p2a: Hippowdon|Hippowdon, M|100/100
|-damage|p2a: Hippowdon|94/100|[from] Stealth Rock
|move|p1a: Kirei|Protect||[still]
|-fail|p1a: Kirei
|
|-weather|Sandstorm|[upkeep]
|-heal|p1a: Kirei|79/100|[from] item: Leftovers
|-heal|p2a: Hippowdon|100/100|[from] item: Leftovers
|upkeep
|turn|36
|
|t:|1717293037
|switch|p1a: drippy birb|Xatu, M, shiny|66/100
|move|p2a: Hippowdon|Superpower|p1a: drippy birb
|-resisted|p1a: drippy birb
|-damage|p1a: drippy birb|61/100
|-unboost|p2a: Hippowdon|atk|1
|-unboost|p2a: Hippowdon|def|1
|-damage|p2a: Hippowdon|84/100|[from] item: Rocky Helmet|[of] p1a: drippy birb
|
|-weather|Sandstorm|[upkeep]
|-damage|p1a: drippy birb|55/100|[from] Sandstorm
|-heal|p2a: Hippowdon|90/100|[from] item: Leftovers
|-sideend|p1: Excaliburn88tests|Reflect
|upkeep
|turn|37
|inactive|Excaliburn88tests has 120 seconds left.
|
|t:|1717293050
|move|p1a: drippy birb|Roost|p1a: drippy birb
|-heal|p1a: drippy birb|100/100
|-singleturn|p1a: drippy birb|move: Roost
|move|p2a: Hippowdon|Whirlwind|p1a: drippy birb
|move|p1a: drippy birb|Whirlwind|p2a: Hippowdon|[from]ability: Magic Bounce
|drag|p2a: Alakazam|Alakazam, F|100/100
|
|-weather|Sandstorm|[upkeep]
|-damage|p1a: drippy birb|94/100|[from] Sandstorm
|upkeep
|turn|38
|inactive|tkinthemiddle has 120 seconds left.
|
|t:|1717293082
|move|p2a: Alakazam|Psychic|p1a: drippy birb
|-resisted|p1a: drippy birb
|-damage|p1a: drippy birb|59/100
|-unboost|p1a: drippy birb|spd|1
|move|p1a: drippy birb|U-turn|p2a: Alakazam
|-supereffective|p2a: Alakazam
|-damage|p2a: Alakazam|45/100
|
|t:|1717293090
|switch|p1a: Maxilos|Scizor, F|48/100|[from] U-turn
|
|-weather|Sandstorm|[upkeep]
|-heal|p1a: Maxilos|54/100|[from] item: Leftovers
|upkeep
|turn|39
|
|t:|1717293096
|switch|p2a: Hippowdon|Hippowdon, M|90/100
|-damage|p2a: Hippowdon|84/100|[from] Stealth Rock
|move|p1a: Maxilos|Bullet Punch|p2a: Hippowdon
|-damage|p2a: Hippowdon|65/100
|
|-weather|Sandstorm|[upkeep]
|-heal|p1a: Maxilos|60/100|[from] item: Leftovers
|-heal|p2a: Hippowdon|72/100|[from] item: Leftovers
|upkeep
|turn|40
|
|t:|1717293100
|switch|p2a: Alakazam|Alakazam, F|45/100
|move|p1a: Maxilos|U-turn|p2a: Alakazam
|-supereffective|p2a: Alakazam
|-damage|p2a: Alakazam|0 fnt
|faint|p2a: Alakazam
|-message|tkinthemiddle forfeited.
|
|win|Excaliburn88tests
|raw|Excaliburn88tests's rating: 1472 &rarr; <strong>1484</strong><br />(+12 for winning)
|raw|tkinthemiddle's rating: 1316 &rarr; <strong>1304</strong><br />(-12 for losing)
|l|☆tkinthemiddle
|player|p2|
