|j|☆constantinusrex
|j|☆Laone.L.ous
|t:|1714978377
|gametype|singles
|player|p1|constantinusrex|101|1395
|player|p2|Laone.L.ous|1|1381
|teamsize|p1|6
|teamsize|p2|6
|gen|5
|tier|[Gen 5] OU
|rated|
|rule|Species Clause: Limit one of each Pokémon
|rule|OHKO Clause: OHKO moves are banned
|rule|Moody Clause: Moody is banned
|rule|Evasion Items Clause: Evasion items are banned
|rule|Evasion Moves Clause: Evasion moves are banned
|rule|Endless Battle Clause: Forcing endless battles is banned
|rule|HP Percentage Mod: HP is shown in percentages
|rule|Evasion Abilities Clause: Evasion abilities are banned
|rule|Sleep Moves Clause: Sleep-inducing moves are banned
|rule|Swagger Clause: Swagger is banned
|rule|Baton Pass Stat Clause: No Baton Passer may have a way to boost its stats
|clearpoke
|poke|p1|Alakazam, M|item
|poke|p1|Skarmory, M|item
|poke|p1|Tyranitar, M|item
|poke|p1|Mamoswine, M|item
|poke|p1|Jellicent, M|item
|poke|p1|Excadrill, M|item
|poke|p2|Keldeo-Resolute|item
|poke|p2|Politoed, F|item
|poke|p2|Scizor, F|item
|poke|p2|Thundurus-Therian, M|item
|poke|p2|Ferrothorn, F|item
|poke|p2|Tentacruel, F|item
|teampreview
|inactive|Battle timer is ON: inactive players will automatically lose when time's up. (requested by Laone.L.ous)
|
|t:|1714978405
|start
|switch|p1a: Alakazam|Alakazam, M|100/100
|switch|p2a: Politoed|Politoed, F, shiny|100/100
|-weather|RainDance|[from] ability: Drizzle|[of] p2a: Politoed
|turn|1
|
|t:|1714978414
|move|p1a: Alakazam|Psychic|p2a: Politoed
|-damage|p2a: Politoed|39/100
|move|p2a: Politoed|Ice Beam|p1a: Alakazam
|-damage|p1a: Alakazam|36/100
|
|-weather|RainDance|[upkeep]
|upkeep
|turn|2
|
|t:|1714978425
|switch|p2a: Ferrothorn|Ferrothorn, F, shiny|100/100
|move|p1a: Alakazam|Psychic|p2a: Ferrothorn
|-resisted|p2a: Ferrothorn
|-damage|p2a: Ferrothorn|79/100
|
|-weather|RainDance|[upkeep]
|-heal|p2a: Ferrothorn|86/100|[from] item: Leftovers
|upkeep
|turn|3
|
|t:|1714978429
|move|p1a: Alakazam|Hidden Power|p2a: Ferrothorn
|-supereffective|p2a: Ferrothorn
|-damage|p2a: Ferrothorn|39/100
|move|p2a: Ferrothorn|Gyro Ball|p1a: Alakazam
|-damage|p1a: Alakazam|0 fnt
|faint|p1a: Alakazam
|
|-weather|RainDance|[upkeep]
|-heal|p2a: Ferrothorn|45/100|[from] item: Leftovers
|upkeep
|inactive|constantinusrex has 120 seconds left.
|
|t:|1714978460
|switch|p1a: Skarmory|Skarmory, M|100/100
|turn|4
|
|t:|1714978467
|switch|p2a: Thundurus|Thundurus-Therian, M, shiny|100/100
|move|p1a: Skarmory|Stealth Rock|p2a: Thundurus
|-sidestart|p2: Laone.L.ous|move: Stealth Rock
|
|-weather|RainDance|[upkeep]
|upkeep
|turn|5
|
|t:|1714978474
|move|p2a: Thundurus|Volt Switch|p1a: Skarmory
|-supereffective|p1a: Skarmory
|-ability|p1a: Skarmory|Sturdy
|-damage|p1a: Skarmory|1/100
|
|t:|1714978481
|switch|p2a: Tentacruel|Tentacruel, F, shiny|100/100|[from] Volt Switch
|-damage|p2a: Tentacruel|88/100|[from] Stealth Rock
|move|p1a: Skarmory|Spikes|p2a: Tentacruel
|-sidestart|p2: Laone.L.ous|Spikes
|
|-weather|RainDance|[upkeep]
|-heal|p2a: Tentacruel|94/100|[from] ability: Rain Dish
|-heal|p2a: Tentacruel|100/100|[from] item: Black Sludge
|upkeep
|turn|6
|-enditem|p1a: Skarmory|Custap Berry|[eat]
|-activate|p1a: Skarmory|item: Custap Berry|[consumed]
|
|t:|1714978493
|move|p1a: Skarmory|Thief|p2a: Tentacruel
|-damage|p2a: Tentacruel|89/100
|-enditem|p2a: Tentacruel|Black Sludge|[silent]|[from] move: Thief|[of] p1a: Skarmory
|-item|p1a: Skarmory|Black Sludge|[from] move: Thief|[of] p2a: Tentacruel
|move|p2a: Tentacruel|Scald|p1a: Skarmory
|-damage|p1a: Skarmory|0 fnt
|faint|p1a: Skarmory
|
|-weather|RainDance|[upkeep]
|-heal|p2a: Tentacruel|95/100|[from] ability: Rain Dish
|upkeep
|
|t:|1714978497
|switch|p1a: Tyranitar|Tyranitar, M|100/100
|-weather|Sandstorm|[from] ability: Sand Stream|[of] p1a: Tyranitar
|turn|7
|
|t:|1714978504
|move|p2a: Tentacruel|Toxic Spikes|p1a: Tyranitar
|-sidestart|p1: constantinusrex|move: Toxic Spikes
|move|p1a: Tyranitar|Thunder Wave|p2a: Tentacruel
|-status|p2a: Tentacruel|par
|
|-weather|Sandstorm|[upkeep]
|-damage|p2a: Tentacruel|89/100 par|[from] Sandstorm
|upkeep
|turn|8
|
|t:|1714978513
|switch|p1a: Jellicent|Jellicent, M|100/100
|-item|p1a: Jellicent|Air Balloon
|cant|p2a: Tentacruel|par
|
|-weather|Sandstorm|[upkeep]
|-damage|p1a: Jellicent|94/100|[from] Sandstorm
|-damage|p2a: Tentacruel|82/100 par|[from] Sandstorm
|upkeep
|turn|9
|
|t:|1714978522
|move|p1a: Jellicent|Night Shade|p2a: Tentacruel
|-damage|p2a: Tentacruel|54/100 par
|cant|p2a: Tentacruel|par
|
|-weather|Sandstorm|[upkeep]
|-damage|p1a: Jellicent|88/100|[from] Sandstorm
|-damage|p2a: Tentacruel|48/100 par|[from] Sandstorm
|upkeep
|turn|10
|
|t:|1714978527
|move|p1a: Jellicent|Night Shade|p2a: Tentacruel
|-damage|p2a: Tentacruel|20/100 par
|cant|p2a: Tentacruel|par
|
|-weather|Sandstorm|[upkeep]
|-damage|p1a: Jellicent|82/100|[from] Sandstorm
|-damage|p2a: Tentacruel|14/100 par|[from] Sandstorm
|upkeep
|turn|11
|
|t:|1714978537
|move|p1a: Jellicent|Taunt|p2a: Tentacruel
|-start|p2a: Tentacruel|move: Taunt
|cant|p2a: Tentacruel|move: Taunt|Toxic Spikes
|
|-weather|Sandstorm|[upkeep]
|-damage|p1a: Jellicent|76/100|[from] Sandstorm
|-damage|p2a: Tentacruel|8/100 par|[from] Sandstorm
|upkeep
|turn|12
|
|t:|1714978545
|move|p1a: Jellicent|Recover|p1a: Jellicent
|-heal|p1a: Jellicent|100/100
|move|p2a: Tentacruel|Scald|p1a: Jellicent
|-immune|p1a: Jellicent|[from] ability: Water Absorb
|
|-weather|Sandstorm|[upkeep]
|-damage|p1a: Jellicent|94/100|[from] Sandstorm
|-damage|p2a: Tentacruel|1/100 par|[from] Sandstorm
|upkeep
|turn|13
|
|t:|1714978550
|move|p1a: Jellicent|Recover|p1a: Jellicent
|-heal|p1a: Jellicent|100/100
|move|p2a: Tentacruel|Scald|p1a: Jellicent
|-immune|p1a: Jellicent|[from] ability: Water Absorb
|
|-weather|Sandstorm|[upkeep]
|-damage|p1a: Jellicent|94/100|[from] Sandstorm
|-damage|p2a: Tentacruel|0 fnt|[from] Sandstorm
|faint|p2a: Tentacruel
|upkeep
|
|t:|1714978558
|switch|p2a: Ferrothorn|Ferrothorn, F, shiny|45/100
|-damage|p2a: Ferrothorn|39/100|[from] Stealth Rock
|-damage|p2a: Ferrothorn|26/100|[from] Spikes
|turn|14
|
|t:|1714978561
|move|p1a: Jellicent|Night Shade|p2a: Ferrothorn
|-damage|p2a: Ferrothorn|0 fnt
|faint|p2a: Ferrothorn
|
|-weather|Sandstorm|[upkeep]
|-damage|p1a: Jellicent|88/100|[from] Sandstorm
|upkeep
|
|t:|1714978568
|switch|p2a: Scizor|Scizor, F, shiny|100/100
|-damage|p2a: Scizor|88/100|[from] Stealth Rock
|-damage|p2a: Scizor|76/100|[from] Spikes
|turn|15
|
|t:|1714978575
|move|p2a: Scizor|U-turn|p1a: Jellicent
|-resisted|p1a: Jellicent
|-damage|p1a: Jellicent|63/100
|-enditem|p1a: Jellicent|Air Balloon
|
|t:|1714978579
|switch|p2a: Thundurus|Thundurus-Therian, M, shiny|100/100|[from] U-turn
|-damage|p2a: Thundurus|76/100|[from] Stealth Rock
|move|p1a: Jellicent|Will-O-Wisp|p2a: Thundurus
|-status|p2a: Thundurus|brn
|
|-weather|Sandstorm|[upkeep]
|-damage|p2a: Thundurus|70/100 brn|[from] Sandstorm
|-damage|p1a: Jellicent|57/100|[from] Sandstorm
|-damage|p2a: Thundurus|57/100 brn|[from] brn
|upkeep
|turn|16
|
|t:|1714978588
|switch|p1a: Excadrill|Excadrill, M|100/100
|move|p2a: Thundurus|Focus Blast|p1a: Excadrill
|-supereffective|p1a: Excadrill
|-damage|p1a: Excadrill|0 fnt
|faint|p1a: Excadrill
|
|-weather|Sandstorm|[upkeep]
|-damage|p2a: Thundurus|51/100 brn|[from] Sandstorm
|-damage|p2a: Thundurus|39/100 brn|[from] brn
|upkeep
|
|t:|1714978598
|switch|p1a: Mamoswine|Mamoswine, M|100/100
|-status|p1a: Mamoswine|psn
|turn|17
|
|t:|1714978603
|switch|p2a: Politoed|Politoed, F, shiny|39/100
|-damage|p2a: Politoed|27/100|[from] Stealth Rock
|-damage|p2a: Politoed|15/100|[from] Spikes
|-weather|RainDance|[from] ability: Drizzle|[of] p2a: Politoed
|move|p1a: Mamoswine|Ice Shard|p2a: Politoed
|-resisted|p2a: Politoed
|-damage|p2a: Politoed|0 fnt
|faint|p2a: Politoed
|
|-weather|RainDance|[upkeep]
|-damage|p1a: Mamoswine|88/100 psn|[from] psn
|upkeep
|
|t:|1714978613
|switch|p2a: Scizor|Scizor, F, shiny|76/100
|-damage|p2a: Scizor|63/100|[from] Stealth Rock
|-damage|p2a: Scizor|51/100|[from] Spikes
|turn|18
|
|t:|1714978617
|switch|p1a: Tyranitar|Tyranitar, M|100/100
|-status|p1a: Tyranitar|psn
|-weather|Sandstorm|[from] ability: Sand Stream|[of] p1a: Tyranitar
|move|p2a: Scizor|U-turn|p1a: Tyranitar
|-supereffective|p1a: Tyranitar
|-damage|p1a: Tyranitar|8/100 psn
|
|t:|1714978626
|switch|p2a: Thundurus|Thundurus-Therian, M, shiny|39/100 brn|[from] U-turn
|-damage|p2a: Thundurus|14/100 brn|[from] Stealth Rock
|
|-weather|Sandstorm|[upkeep]
|-damage|p2a: Thundurus|8/100 brn|[from] Sandstorm
|-damage|p1a: Tyranitar|0 fnt|[from] psn
|faint|p1a: Tyranitar
|-damage|p2a: Thundurus|0 fnt|[from] brn
|faint|p2a: Thundurus
|upkeep
|
|t:|1714978639
|switch|p2a: Scizor|Scizor, F, shiny|51/100
|switch|p1a: Mamoswine|Mamoswine, M|88/100 psn
|-damage|p2a: Scizor|38/100|[from] Stealth Rock
|-damage|p2a: Scizor|26/100|[from] Spikes
|turn|19
|
|t:|1714978648
|move|p2a: Scizor|Bullet Punch|p1a: Mamoswine
|-supereffective|p1a: Mamoswine
|-damage|p1a: Mamoswine|0 fnt
|faint|p1a: Mamoswine
|
|-weather|Sandstorm|[upkeep]
|upkeep
|
|t:|1714978651
|switch|p1a: Jellicent|Jellicent, M|57/100
|-status|p1a: Jellicent|psn
|turn|20
|
|t:|1714978653
|move|p2a: Scizor|Bullet Punch|p1a: Jellicent
|-resisted|p1a: Jellicent
|-damage|p1a: Jellicent|37/100 psn
|move|p1a: Jellicent|Recover|p1a: Jellicent
|-heal|p1a: Jellicent|87/100 psn
|
|-weather|Sandstorm|[upkeep]
|-damage|p1a: Jellicent|81/100 psn|[from] Sandstorm
|-damage|p1a: Jellicent|69/100 psn|[from] psn
|upkeep
|turn|21
|
|t:|1714978659
|move|p2a: Scizor|Bullet Punch|p1a: Jellicent
|-resisted|p1a: Jellicent
|-damage|p1a: Jellicent|47/100 psn
|move|p1a: Jellicent|Recover|p1a: Jellicent
|-heal|p1a: Jellicent|97/100 psn
|
|-weather|Sandstorm|[upkeep]
|-damage|p1a: Jellicent|91/100 psn|[from] Sandstorm
|-damage|p1a: Jellicent|79/100 psn|[from] psn
|upkeep
|turn|22
|
|t:|1714978669
|move|p2a: Scizor|Bullet Punch|p1a: Jellicent
|-resisted|p1a: Jellicent
|-damage|p1a: Jellicent|58/100 psn
|move|p1a: Jellicent|Will-O-Wisp|p2a: Scizor|[miss]
|-miss|p1a: Jellicent|p2a: Scizor
|
|-weather|Sandstorm|[upkeep]
|-damage|p1a: Jellicent|52/100 psn|[from] Sandstorm
|-damage|p1a: Jellicent|39/100 psn|[from] psn
|upkeep
|turn|23
|
|t:|1714978673
|move|p2a: Scizor|Bullet Punch|p1a: Jellicent
|-resisted|p1a: Jellicent
|-damage|p1a: Jellicent|21/100 psn
|move|p1a: Jellicent|Recover|p1a: Jellicent
|-heal|p1a: Jellicent|71/100 psn
|
|-weather|Sandstorm|[upkeep]
|-damage|p1a: Jellicent|65/100 psn|[from] Sandstorm
|-damage|p1a: Jellicent|53/100 psn|[from] psn
|upkeep
|turn|24
|
|t:|1714978677
|move|p2a: Scizor|Bullet Punch|p1a: Jellicent
|-resisted|p1a: Jellicent
|-damage|p1a: Jellicent|34/100 psn
|move|p1a: Jellicent|Recover|p1a: Jellicent
|-heal|p1a: Jellicent|84/100 psn
|
|-weather|Sandstorm|[upkeep]
|-damage|p1a: Jellicent|78/100 psn|[from] Sandstorm
|-damage|p1a: Jellicent|66/100 psn|[from] psn
|upkeep
|turn|25
|
|t:|1714978681
|move|p2a: Scizor|Bullet Punch|p1a: Jellicent
|-resisted|p1a: Jellicent
|-damage|p1a: Jellicent|47/100 psn
|move|p1a: Jellicent|Recover|p1a: Jellicent
|-heal|p1a: Jellicent|97/100 psn
|
|-weather|Sandstorm|[upkeep]
|-damage|p1a: Jellicent|90/100 psn|[from] Sandstorm
|-damage|p1a: Jellicent|78/100 psn|[from] psn
|upkeep
|turn|26
|
|t:|1714978687
|move|p2a: Scizor|Bullet Punch|p1a: Jellicent
|-resisted|p1a: Jellicent
|-damage|p1a: Jellicent|57/100 psn
|move|p1a: Jellicent|Will-O-Wisp|p2a: Scizor
|-status|p2a: Scizor|brn
|
|-weather|Sandstorm|[upkeep]
|-damage|p1a: Jellicent|51/100 psn|[from] Sandstorm
|-damage|p1a: Jellicent|39/100 psn|[from] psn
|-damage|p2a: Scizor|13/100 brn|[from] brn
|upkeep
|turn|27
|
|t:|1714978691
|move|p2a: Scizor|Bullet Punch|p1a: Jellicent
|-resisted|p1a: Jellicent
|-damage|p1a: Jellicent|29/100 psn
|move|p1a: Jellicent|Recover|p1a: Jellicent
|-heal|p1a: Jellicent|79/100 psn
|
|-weather|Sandstorm|[upkeep]
|-damage|p1a: Jellicent|73/100 psn|[from] Sandstorm
|-damage|p1a: Jellicent|61/100 psn|[from] psn
|-damage|p2a: Scizor|1/100 brn|[from] brn
|upkeep
|turn|28
|
|t:|1714978696
|move|p2a: Scizor|Bullet Punch|p1a: Jellicent
|-resisted|p1a: Jellicent
|-damage|p1a: Jellicent|52/100 psn
|move|p1a: Jellicent|Recover|p1a: Jellicent
|-heal|p1a: Jellicent|100/100 psn
|
|-weather|Sandstorm|[upkeep]
|-damage|p1a: Jellicent|94/100 psn|[from] Sandstorm
|-damage|p1a: Jellicent|82/100 psn|[from] psn
|-damage|p2a: Scizor|0 fnt|[from] brn
|faint|p2a: Scizor
|upkeep
|
|t:|1714978700
|switch|p2a: Keldeo|Keldeo-Resolute|100/100
|-damage|p2a: Keldeo|94/100|[from] Stealth Rock
|-damage|p2a: Keldeo|82/100|[from] Spikes
|turn|29
|
|t:|1714978706
|move|p2a: Keldeo|Hidden Power|p1a: Jellicent
|-supereffective|p1a: Jellicent
|-damage|p1a: Jellicent|20/100 psn
|move|p1a: Jellicent|Recover|p1a: Jellicent
|-heal|p1a: Jellicent|70/100 psn
|
|-weather|Sandstorm|[upkeep]
|-damage|p2a: Keldeo|76/100|[from] Sandstorm
|-damage|p1a: Jellicent|64/100 psn|[from] Sandstorm
|-damage|p1a: Jellicent|51/100 psn|[from] psn
|upkeep
|turn|30
|
|t:|1714978712
|move|p2a: Keldeo|Hidden Power|p1a: Jellicent
|-supereffective|p1a: Jellicent
|-damage|p1a: Jellicent|0 fnt
|faint|p1a: Jellicent
|
|win|Laone.L.ous
|raw|constantinusrex's rating: 1395 &rarr; <strong>1374</strong><br />(-21 for losing)
|raw|Laone.L.ous's rating: 1381 &rarr; <strong>1402</strong><br />(+21 for winning)
|l|☆constantinusrex
|player|p1|
