|j|☆rock thunder bird
|j|☆imjustsamu
|t:|1749182210
|gametype|singles
|player|p1|rock thunder bird|giovanni|1229
|player|p2|imjustsamu|hilbert|1326
|teamsize|p1|6
|teamsize|p2|6
|gen|5
|tier|[Gen 5] OU
|rated|
|rule|Species Clause: Limit one of each Pokémon
|rule|OHKO Clause: OHKO moves are banned
|rule|Moody Clause: Moody is banned
|rule|Evasion Items Clause: Evasion items are banned
|rule|Evasion Moves Clause: Evasion moves are banned
|rule|Endless Battle Clause: Forcing endless battles is banned
|rule|HP Percentage Mod: HP is shown in percentages
|rule|Evasion Abilities Clause: Evasion abilities are banned
|rule|Sleep Moves Clause: Sleep-inducing moves are banned
|rule|Swagger Clause: Swagger is banned
|rule|Baton Pass Stat Clause: No Baton Passer may have a way to boost its stats
|clearpoke
|poke|p1|Latios, M|item
|poke|p1|Garchomp, F|item
|poke|p1|Jirachi|item
|poke|p1|Starmie|item
|poke|p1|Magnezone|item
|poke|p1|Kyurem-Black|item
|poke|p2|Politoed, F|item
|poke|p2|Gyarados, M|item
|poke|p2|Ferrothorn, F|item
|poke|p2|Keldeo-Resolute|item
|poke|p2|Thundurus-Therian, M|item
|poke|p2|Tentacruel, F|item
|teampreview
|inactive|Battle timer is ON: inactive players will automatically lose when time's up. (requested by imjustsamu)
|c|☆imjustsamu|glhf
|c|☆imjustsamu|Or don't
|c|☆rock thunder bird|glhf
|c|☆imjustsamu|I can't control your life
|c|☆rock thunder bird|may be
|
|t:|1749182229
|start
|switch|p1a: Kyurem|Kyurem-Black|100/100
|switch|p2a: Ferrothorn|Ferrothorn, F|100/100
|-ability|p1a: Kyurem|Teravolt
|turn|1
|c|☆rock thunder bird|tks
|
|t:|1749182236
|switch|p1a: Magnezone|Magnezone|100/100
|move|p2a: Ferrothorn|Stealth Rock|p1a: Magnezone
|-sidestart|p1: rock thunder bird|move: Stealth Rock
|
|upkeep
|turn|2
|
|t:|1749182242
|move|p1a: Magnezone|Hidden Power|p2a: Ferrothorn
|-supereffective|p2a: Ferrothorn
|-damage|p2a: Ferrothorn|3/100
|move|p2a: Ferrothorn|Spikes|p1a: Magnezone
|-sidestart|p1: rock thunder bird|Spikes
|
|-heal|p2a: Ferrothorn|9/100|[from] item: Leftovers
|upkeep
|turn|3
|
|t:|1749182248
|move|p1a: Magnezone|Hidden Power|p2a: Ferrothorn
|-supereffective|p2a: Ferrothorn
|-damage|p2a: Ferrothorn|0 fnt
|faint|p2a: Ferrothorn
|
|upkeep
|
|t:|1749182251
|switch|p2a: Keldeo|Keldeo-Resolute|100/100
|turn|4
|
|t:|1749182255
|switch|p1a: Latios|Latios, M|100/100
|-damage|p1a: Latios|88/100|[from] Stealth Rock
|move|p2a: Keldeo|Hydro Pump|p1a: Latios
|-resisted|p1a: Latios
|-damage|p1a: Latios|53/100
|
|upkeep
|turn|5
|
|t:|1749182261
|switch|p2a: Politoed|Politoed, F, shiny|100/100
|-weather|RainDance|[from] ability: Drizzle|[of] p2a: Politoed
|move|p1a: Latios|Psyshock|p2a: Politoed
|-damage|p2a: Politoed|40/100
|
|-weather|RainDance|[upkeep]
|-heal|p2a: Politoed|47/100|[from] item: Leftovers
|upkeep
|turn|6
|
|t:|1749182272
|move|p2a: Politoed|Protect|p2a: Politoed
|-singleturn|p2a: Politoed|Protect
|move|p1a: Latios|Psyshock|p2a: Politoed
|-activate|p2a: Politoed|move: Protect
|
|-weather|RainDance|[upkeep]
|-heal|p2a: Politoed|53/100|[from] item: Leftovers
|upkeep
|turn|7
|
|t:|1749182278
|move|p1a: Latios|Psyshock|p2a: Politoed
|-damage|p2a: Politoed|0 fnt
|faint|p2a: Politoed
|
|-weather|RainDance|[upkeep]
|upkeep
|
|t:|1749182281
|switch|p2a: Thundurus|Thundurus-Therian, M|100/100
|turn|8
|
|t:|1749182285
|switch|p1a: Jirachi|Jirachi|100/100
|-damage|p1a: Jirachi|94/100|[from] Stealth Rock
|-damage|p1a: Jirachi|82/100|[from] Spikes
|move|p2a: Thundurus|Agility|p2a: Thundurus
|-boost|p2a: Thundurus|spe|2
|
|-weather|RainDance|[upkeep]
|-heal|p1a: Jirachi|88/100|[from] item: Leftovers
|upkeep
|turn|9
|
|t:|1749182288
|move|p2a: Thundurus|Thunder|p1a: Jirachi
|-damage|p1a: Jirachi|49/100
|move|p1a: Jirachi|Body Slam|p2a: Thundurus
|-damage|p2a: Thundurus|73/100
|
|-weather|RainDance|[upkeep]
|-heal|p2a: Thundurus|79/100|[from] item: Leftovers
|-heal|p1a: Jirachi|55/100|[from] item: Leftovers
|upkeep
|turn|10
|
|t:|1749182296
|move|p2a: Thundurus|Thunder|p1a: Jirachi
|-damage|p1a: Jirachi|16/100
|-status|p1a: Jirachi|par
|cant|p1a: Jirachi|par
|
|-weather|RainDance|[upkeep]
|-heal|p2a: Thundurus|85/100|[from] item: Leftovers
|-heal|p1a: Jirachi|22/100 par|[from] item: Leftovers
|upkeep
|turn|11
|
|t:|1749182301
|move|p2a: Thundurus|Thunder|p1a: Jirachi
|-damage|p1a: Jirachi|0 fnt
|faint|p1a: Jirachi
|
|-weather|RainDance|[upkeep]
|-heal|p2a: Thundurus|91/100|[from] item: Leftovers
|upkeep
|
|t:|1749182311
|switch|p1a: Kyurem|Kyurem-Black|100/100
|-damage|p1a: Kyurem|76/100|[from] Stealth Rock
|-damage|p1a: Kyurem|63/100|[from] Spikes
|-ability|p1a: Kyurem|Teravolt
|turn|12
|
|t:|1749182314
|move|p2a: Thundurus|Focus Blast|p1a: Kyurem|[miss]
|-miss|p2a: Thundurus|p1a: Kyurem
|move|p1a: Kyurem|Outrage|p2a: Thundurus
|-damage|p2a: Thundurus|0 fnt
|faint|p2a: Thundurus
|
|-weather|RainDance|[upkeep]
|upkeep
|c|☆rock thunder bird|sry
|c|☆imjustsamu|It's okay
|c|☆imjustsamu|We all die in the end
|
|t:|1749182328
|switch|p2a: Keldeo|Keldeo-Resolute|100/100
|turn|13
|
|t:|1749182331
|move|p2a: Keldeo|Secret Sword|p1a: Kyurem
|-supereffective|p1a: Kyurem
|-damage|p1a: Kyurem|0 fnt
|faint|p1a: Kyurem
|
|-weather|RainDance|[upkeep]
|upkeep
|
|t:|1749182334
|switch|p1a: Latios|Latios, M|53/100
|-damage|p1a: Latios|41/100|[from] Stealth Rock
|turn|14
|
|t:|1749182338
|move|p2a: Keldeo|Secret Sword|p1a: Latios
|-resisted|p1a: Latios
|-damage|p1a: Latios|10/100
|move|p1a: Latios|Psyshock|p2a: Keldeo
|-supereffective|p2a: Keldeo
|-damage|p2a: Keldeo|0 fnt
|faint|p2a: Keldeo
|
|-weather|RainDance|[upkeep]
|upkeep
|
|t:|1749182343
|switch|p2a: Gyarados|Gyarados, M|100/100
|-ability|p2a: Gyarados|Intimidate|boost
|-unboost|p1a: Latios|atk|1
|turn|15
|c|☆rock thunder bird|sadness story
|
|t:|1749182350
|move|p1a: Latios|Psyshock|p2a: Gyarados
|-damage|p2a: Gyarados|27/100
|move|p2a: Gyarados|Dragon Dance|p2a: Gyarados
|-boost|p2a: Gyarados|atk|1
|-boost|p2a: Gyarados|spe|1
|
|-weather|RainDance|[upkeep]
|-heal|p2a: Gyarados|33/100|[from] item: Leftovers
|upkeep
|turn|16
|
|t:|1749182353
|move|p2a: Gyarados|Waterfall|p1a: Latios
|-resisted|p1a: Latios
|-damage|p1a: Latios|0 fnt
|faint|p1a: Latios
|
|-weather|RainDance|[upkeep]
|-heal|p2a: Gyarados|39/100|[from] item: Leftovers
|upkeep
|
|t:|1749182356
|switch|p1a: Garchomp|Garchomp, F|100/100
|-damage|p1a: Garchomp|94/100|[from] Stealth Rock
|-damage|p1a: Garchomp|82/100|[from] Spikes
|turn|17
|
|t:|1749182363
|move|p1a: Garchomp|Outrage|p2a: Gyarados
|-damage|p2a: Gyarados|0 fnt
|faint|p2a: Gyarados
|
|-weather|RainDance|[upkeep]
|upkeep
|
|t:|1749182366
|switch|p2a: Tentacruel|Tentacruel, F|100/100
|turn|18
|
|t:|1749182368
|move|p2a: Tentacruel|Protect|p2a: Tentacruel
|-singleturn|p2a: Tentacruel|Protect
|move|p1a: Garchomp|Outrage|p2a: Tentacruel|[from] lockedmove
|-activate|p2a: Tentacruel|move: Protect
|-start|p1a: Garchomp|confusion|[fatigue]
|
|-weather|RainDance|[upkeep]
|upkeep
|turn|19
|
|t:|1749182375
|switch|p1a: Magnezone|Magnezone|100/100
|-damage|p1a: Magnezone|94/100|[from] Stealth Rock
|-damage|p1a: Magnezone|82/100|[from] Spikes
|move|p2a: Tentacruel|Scald|p1a: Magnezone
|-damage|p1a: Magnezone|39/100
|
|-weather|RainDance|[upkeep]
|upkeep
|turn|20
|
|t:|1749182377
|move|p2a: Tentacruel|Scald|p1a: Magnezone
|-damage|p1a: Magnezone|0 fnt
|faint|p1a: Magnezone
|
|-weather|RainDance|[upkeep]
|upkeep
|
|t:|1749182381
|switch|p1a: Starmie|Starmie|100/100
|-damage|p1a: Starmie|88/100|[from] Stealth Rock
|-item|p1a: Starmie|Air Balloon
|turn|21
|
|t:|1749182386
|move|p1a: Starmie|Thunderbolt|p2a: Tentacruel
|-supereffective|p2a: Tentacruel
|-damage|p2a: Tentacruel|53/100
|move|p2a: Tentacruel|Scald|p1a: Starmie
|-resisted|p1a: Starmie
|-damage|p1a: Starmie|62/100
|-status|p1a: Starmie|brn
|-enditem|p1a: Starmie|Air Balloon
|
|-weather|RainDance|[upkeep]
|-heal|p2a: Tentacruel|59/100|[from] ability: Rain Dish
|-heal|p2a: Tentacruel|65/100|[from] item: Black Sludge
|-damage|p1a: Starmie|50/100 brn|[from] brn
|upkeep
|turn|22
|
|t:|1749182393
|move|p2a: Tentacruel|Protect|p2a: Tentacruel
|-singleturn|p2a: Tentacruel|Protect
|move|p1a: Starmie|Thunderbolt|p2a: Tentacruel
|-activate|p2a: Tentacruel|move: Protect
|
|-weather|RainDance|[upkeep]
|-heal|p2a: Tentacruel|71/100|[from] ability: Rain Dish
|-heal|p2a: Tentacruel|77/100|[from] item: Black Sludge
|-damage|p1a: Starmie|38/100 brn|[from] brn
|upkeep
|turn|23
|
|t:|1749182413
|move|p2a: Tentacruel|Protect||[still]
|-fail|p2a: Tentacruel
|move|p1a: Starmie|Thunderbolt|p2a: Tentacruel
|-supereffective|p2a: Tentacruel
|-damage|p2a: Tentacruel|18/100
|
|-weather|RainDance|[upkeep]
|-heal|p2a: Tentacruel|24/100|[from] ability: Rain Dish
|-heal|p2a: Tentacruel|30/100|[from] item: Black Sludge
|-damage|p1a: Starmie|25/100 brn|[from] brn
|upkeep
|turn|24
|
|t:|1749182425
|move|p2a: Tentacruel|Protect|p2a: Tentacruel
|-singleturn|p2a: Tentacruel|Protect
|move|p1a: Starmie|Thunderbolt|p2a: Tentacruel
|-activate|p2a: Tentacruel|move: Protect
|
|-weather|RainDance|[upkeep]
|-heal|p2a: Tentacruel|36/100|[from] ability: Rain Dish
|-heal|p2a: Tentacruel|42/100|[from] item: Black Sludge
|-damage|p1a: Starmie|13/100 brn|[from] brn
|upkeep
|turn|25
|
|t:|1749182435
|move|p2a: Tentacruel|Protect||[still]
|-fail|p2a: Tentacruel
|move|p1a: Starmie|Thunderbolt|p2a: Tentacruel
|-supereffective|p2a: Tentacruel
|-damage|p2a: Tentacruel|0 fnt
|faint|p2a: Tentacruel
|
|win|rock thunder bird
|raw|rock thunder bird's rating: 1263 &rarr; <strong>1292</strong><br />(+29 for winning)
|raw|imjustsamu's rating: 1326 &rarr; <strong>1302</strong><br />(-24 for losing)
|c|☆imjustsamu|gg
|l|☆imjustsamu
|player|p2|
|c|☆rock thunder bird|gg
