|j|☆cdrgcde
|j|☆Tangyz
|t:|1743738643
|gametype|singles
|player|p1|cdrgcde|dawn|1358
|player|p2|Tangyz|shadowtriad|1418
|teamsize|p1|6
|teamsize|p2|6
|gen|5
|tier|[Gen 5] OU
|rated|
|rule|Species Clause: Limit one of each Pokémon
|rule|OHKO Clause: OHKO moves are banned
|rule|Moody Clause: Moody is banned
|rule|Evasion Items Clause: Evasion items are banned
|rule|Evasion Moves Clause: Evasion moves are banned
|rule|Endless Battle Clause: Forcing endless battles is banned
|rule|HP Percentage Mod: HP is shown in percentages
|rule|Evasion Abilities Clause: Evasion abilities are banned
|rule|Sleep Moves Clause: Sleep-inducing moves are banned
|rule|Swagger Clause: Swagger is banned
|rule|Baton Pass Stat Clause: No Baton Passer may have a way to boost its stats
|clearpoke
|poke|p1|Politoed, M|item
|poke|p1|Jirachi|item
|poke|p1|Scizor, F|item
|poke|p1|Starmie|item
|poke|p1|Ferrothorn, M|item
|poke|p1|Dragonite, F|item
|poke|p2|Politoed, M|item
|poke|p2|Latios, M|item
|poke|p2|Ferrothorn, M|item
|poke|p2|Keldeo|item
|poke|p2|Excadrill, M|item
|poke|p2|Thundurus-Therian, M|item
|teampreview
|inactive|Battle timer is ON: inactive players will automatically lose when time's up. (requested by Tangyz)
|inactive|cdrgcde also wants the timer to be on.
|j| tripleaxelblazefan
|inactive|Tangyz has 120 seconds left.
|
|t:|1743738692
|start
|switch|p1a: Scizor|Scizor, F|100/100
|switch|p2a: Thundurus|Thundurus-Therian, M, shiny|100/100
|turn|1
|
|t:|1743738704
|switch|p1a: Ferrothorn|Ferrothorn, M|100/100
|move|p2a: Thundurus|Thunder|p1a: Ferrothorn
|-resisted|p1a: Ferrothorn
|-damage|p1a: Ferrothorn|79/100
|
|-heal|p1a: Ferrothorn|85/100|[from] item: Leftovers
|upkeep
|turn|2
|
|t:|1743738714
|move|p2a: Thundurus|Focus Blast|p1a: Ferrothorn
|-supereffective|p1a: Ferrothorn
|-damage|p1a: Ferrothorn|31/100
|move|p1a: Ferrothorn|Stealth Rock|p2a: Thundurus
|-sidestart|p2: Tangyz|move: Stealth Rock
|
|-heal|p1a: Ferrothorn|37/100|[from] item: Leftovers
|upkeep
|turn|3
|
|t:|1743738730
|move|p2a: Thundurus|Focus Blast|p1a: Ferrothorn
|-supereffective|p1a: Ferrothorn
|-damage|p1a: Ferrothorn|0 fnt
|faint|p1a: Ferrothorn
|
|upkeep
|
|t:|1743738745
|switch|p1a: Starmie|Starmie|100/100
|-item|p1a: Starmie|Air Balloon
|turn|4
|
|t:|1743738756
|switch|p2a: Ferrothorn|Ferrothorn, M|100/100
|-damage|p2a: Ferrothorn|94/100|[from] Stealth Rock
|move|p1a: Starmie|Ice Beam|p2a: Ferrothorn
|-crit|p2a: Ferrothorn
|-damage|p2a: Ferrothorn|47/100
|
|upkeep
|turn|5
|
|t:|1743738767
|move|p1a: Starmie|Ice Beam|p2a: Ferrothorn
|-damage|p2a: Ferrothorn|29/100
|move|p2a: Ferrothorn|Stealth Rock|p1a: Starmie
|-sidestart|p1: cdrgcde|move: Stealth Rock
|
|upkeep
|turn|6
|
|t:|1743738778
|move|p1a: Starmie|Rapid Spin|p2a: Ferrothorn
|-resisted|p2a: Ferrothorn
|-damage|p2a: Ferrothorn|28/100
|-damage|p1a: Starmie|88/100|[from] ability: Iron Barbs|[of] p2a: Ferrothorn
|-sideend|p1: cdrgcde|Stealth Rock|[from] move: Rapid Spin|[of] p1a: Starmie
|move|p2a: Ferrothorn|Power Whip|p1a: Starmie|[miss]
|-miss|p2a: Ferrothorn|p1a: Starmie
|
|upkeep
|turn|7
|
|t:|1743738782
|move|p1a: Starmie|Ice Beam|p2a: Ferrothorn
|-damage|p2a: Ferrothorn|11/100
|move|p2a: Ferrothorn|Stealth Rock|p1a: Starmie
|-sidestart|p1: cdrgcde|move: Stealth Rock
|
|upkeep
|turn|8
|inactive|Tangyz has 120 seconds left.
|
|t:|1743738818
|move|p1a: Starmie|Rapid Spin|p2a: Ferrothorn
|-resisted|p2a: Ferrothorn
|-damage|p2a: Ferrothorn|10/100
|-damage|p1a: Starmie|76/100|[from] ability: Iron Barbs|[of] p2a: Ferrothorn
|-sideend|p1: cdrgcde|Stealth Rock|[from] move: Rapid Spin|[of] p1a: Starmie
|move|p2a: Ferrothorn|Stealth Rock|p1a: Starmie
|-sidestart|p1: cdrgcde|move: Stealth Rock
|
|upkeep
|turn|9
|inactive|Tangyz has 120 seconds left.
|
|t:|1743738827
|move|p1a: Starmie|Rapid Spin|p2a: Ferrothorn
|-resisted|p2a: Ferrothorn
|-crit|p2a: Ferrothorn
|-damage|p2a: Ferrothorn|8/100
|-damage|p1a: Starmie|64/100|[from] ability: Iron Barbs|[of] p2a: Ferrothorn
|-sideend|p1: cdrgcde|Stealth Rock|[from] move: Rapid Spin|[of] p1a: Starmie
|move|p2a: Ferrothorn|Power Whip|p1a: Starmie|[miss]
|-miss|p2a: Ferrothorn|p1a: Starmie
|
|upkeep
|turn|10
|inactive|Tangyz has 120 seconds left.
|c| tripleaxelblazefan|lucky asf jesus
|inactive|Tangyz has 90 seconds left.
|
|t:|1743738877
|switch|p2a: Politoed|Politoed, M, shiny|100/100
|-damage|p2a: Politoed|88/100|[from] Stealth Rock
|-weather|RainDance|[from] ability: Drizzle|[of] p2a: Politoed
|move|p1a: Starmie|Ice Beam|p2a: Politoed
|-resisted|p2a: Politoed
|-damage|p2a: Politoed|72/100
|-status|p2a: Politoed|frz
|
|-weather|RainDance|[upkeep]
|-heal|p2a: Politoed|79/100 frz|[from] item: Leftovers
|upkeep
|turn|11
|inactive|Tangyz has 90 seconds left.
|c| tripleaxelblazefan|LOL
|
|t:|1743738908
|switch|p2a: Ferrothorn|Ferrothorn, M|8/100
|-damage|p2a: Ferrothorn|2/100|[from] Stealth Rock
|move|p1a: Starmie|Thunder|p2a: Ferrothorn
|-resisted|p2a: Ferrothorn
|-damage|p2a: Ferrothorn|0 fnt
|faint|p2a: Ferrothorn
|
|-weather|RainDance|[upkeep]
|upkeep
|
|t:|1743738916
|switch|p2a: Keldeo|Keldeo|100/100
|-damage|p2a: Keldeo|94/100|[from] Stealth Rock
|turn|12
|inactive|Tangyz has 60 seconds left.
|
|t:|1743738954
|switch|p1a: Politoed|Politoed, M|100/100
|move|p2a: Keldeo|Hydro Pump|p1a: Politoed
|-resisted|p1a: Politoed
|-damage|p1a: Politoed|68/100
|
|-weather|RainDance|[upkeep]
|-heal|p1a: Politoed|74/100|[from] item: Leftovers
|upkeep
|turn|13
|
|t:|1743738968
|switch|p2a: Latios|Latios, M, shiny|100/100
|-damage|p2a: Latios|88/100|[from] Stealth Rock
|move|p1a: Politoed|Toxic|p2a: Latios
|-status|p2a: Latios|tox
|
|-weather|RainDance|[upkeep]
|-heal|p1a: Politoed|80/100|[from] item: Leftovers
|-damage|p2a: Latios|82/100 tox|[from] psn
|upkeep
|turn|14
|
|t:|1743738979
|move|p1a: Politoed|Protect|p1a: Politoed
|-singleturn|p1a: Politoed|Protect
|move|p2a: Latios|Draco Meteor|p1a: Politoed
|-activate|p1a: Politoed|move: Protect
|
|-weather|RainDance|[upkeep]
|-heal|p1a: Politoed|86/100|[from] item: Leftovers
|-damage|p2a: Latios|70/100 tox|[from] psn
|upkeep
|turn|15
|
|t:|1743738989
|switch|p2a: Thundurus|Thundurus-Therian, M, shiny|100/100
|-damage|p2a: Thundurus|76/100|[from] Stealth Rock
|switch|p1a: Jirachi|Jirachi|100/100
|
|-weather|RainDance|[upkeep]
|-heal|p2a: Thundurus|82/100|[from] item: Leftovers
|upkeep
|turn|16
|inactive|cdrgcde has 120 seconds left.
|
|t:|1743739030
|move|p1a: Jirachi|U-turn|p2a: Thundurus
|-resisted|p2a: Thundurus
|-damage|p2a: Thundurus|65/100
|
|t:|1743739033
|switch|p1a: Scizor|Scizor, F|100/100|[from] U-turn
|move|p2a: Thundurus|Thunder|p1a: Scizor
|-damage|p1a: Scizor|14/100
|
|-weather|RainDance|[upkeep]
|-heal|p2a: Thundurus|71/100|[from] item: Leftovers
|upkeep
|turn|17
|
|t:|1743739057
|move|p2a: Thundurus|Thunder|p1a: Scizor
|-damage|p1a: Scizor|0 fnt
|faint|p1a: Scizor
|
|-weather|RainDance|[upkeep]
|-heal|p2a: Thundurus|78/100|[from] item: Leftovers
|upkeep
|
|t:|1743739060
|switch|p1a: Dragonite|Dragonite, F|100/100
|turn|18
|
|t:|1743739070
|move|p2a: Thundurus|Hidden Power|p1a: Dragonite
|-supereffective|p1a: Dragonite
|-crit|p1a: Dragonite
|-enditem|p1a: Dragonite|Yache Berry|[eat]
|-enditem|p1a: Dragonite|Yache Berry|[weaken]
|-damage|p1a: Dragonite|45/100
|move|p1a: Dragonite|Dragon Dance|p1a: Dragonite
|-boost|p1a: Dragonite|atk|1
|-boost|p1a: Dragonite|spe|1
|
|-weather|RainDance|[upkeep]
|-heal|p2a: Thundurus|84/100|[from] item: Leftovers
|upkeep
|turn|19
|
|t:|1743739080
|move|p1a: Dragonite|Outrage|p2a: Thundurus
|-damage|p2a: Thundurus|0 fnt
|faint|p2a: Thundurus
|
|-weather|RainDance|[upkeep]
|upkeep
|
|t:|1743739082
|switch|p2a: Keldeo|Keldeo|94/100
|-damage|p2a: Keldeo|88/100|[from] Stealth Rock
|turn|20
|
|t:|1743739084
|move|p2a: Keldeo|Hidden Power|p1a: Dragonite
|-supereffective|p1a: Dragonite
|-damage|p1a: Dragonite|0 fnt
|faint|p1a: Dragonite
|
|-weather|RainDance|[upkeep]
|upkeep
|
|t:|1743739092
|switch|p1a: Jirachi|Jirachi|100/100
|turn|21
|inactive|Tangyz has 60 seconds left.
|
|t:|1743739113
|switch|p2a: Politoed|Politoed, M, shiny|79/100 frz
|-damage|p2a: Politoed|66/100 frz|[from] Stealth Rock
|move|p1a: Jirachi|U-turn|p2a: Politoed
|-damage|p2a: Politoed|50/100 frz
|
|t:|1743739122
|switch|p1a: Starmie|Starmie|64/100|[from] U-turn
|-item|p1a: Starmie|Air Balloon
|
|-weather|RainDance|[upkeep]
|-heal|p2a: Politoed|56/100 frz|[from] item: Leftovers
|upkeep
|turn|22
|
|t:|1743739130
|-curestatus|p2a: Politoed|frz|[msg]
|move|p2a: Politoed|Protect|p2a: Politoed
|-singleturn|p2a: Politoed|Protect
|move|p1a: Starmie|Thunder|p2a: Politoed
|-activate|p2a: Politoed|move: Protect
|
|-weather|RainDance|[upkeep]
|-heal|p2a: Politoed|63/100|[from] item: Leftovers
|upkeep
|turn|23
|inactive|Tangyz has 60 seconds left.
|
|t:|1743739165
|move|p1a: Starmie|Thunder|p2a: Politoed
|-supereffective|p2a: Politoed
|-damage|p2a: Politoed|2/100
|move|p2a: Politoed|Scald|p1a: Starmie
|-resisted|p1a: Starmie
|-damage|p1a: Starmie|35/100
|-enditem|p1a: Starmie|Air Balloon
|
|-weather|RainDance|[upkeep]
|-heal|p2a: Politoed|9/100|[from] item: Leftovers
|upkeep
|turn|24
|
|t:|1743739175
|move|p2a: Politoed|Protect|p2a: Politoed
|-singleturn|p2a: Politoed|Protect
|move|p1a: Starmie|Thunder|p2a: Politoed
|-activate|p2a: Politoed|move: Protect
|
|-weather|RainDance|[upkeep]
|-heal|p2a: Politoed|15/100|[from] item: Leftovers
|upkeep
|turn|25
|
|t:|1743739177
|move|p1a: Starmie|Thunder|p2a: Politoed
|-supereffective|p2a: Politoed
|-damage|p2a: Politoed|0 fnt
|faint|p2a: Politoed
|
|-weather|RainDance|[upkeep]
|upkeep
|
|t:|1743739180
|switch|p2a: Excadrill|Excadrill, M|100/100
|-damage|p2a: Excadrill|97/100|[from] Stealth Rock
|-ability|p2a: Excadrill|Mold Breaker
|turn|26
|
|t:|1743739183
|move|p2a: Excadrill|Earthquake|p1a: Starmie
|-damage|p1a: Starmie|0 fnt
|faint|p1a: Starmie
|
|-weather|RainDance|[upkeep]
|upkeep
|
|t:|1743739186
|switch|p1a: Politoed|Politoed, M|86/100
|turn|27
|
|t:|1743739192
|switch|p2a: Latios|Latios, M, shiny|70/100 tox
|-damage|p2a: Latios|58/100 tox|[from] Stealth Rock
|move|p1a: Politoed|Scald|p2a: Latios
|-resisted|p2a: Latios
|-damage|p2a: Latios|38/100 tox
|
|-weather|RainDance|[upkeep]
|-heal|p1a: Politoed|92/100|[from] item: Leftovers
|-damage|p2a: Latios|32/100 tox|[from] psn
|upkeep
|turn|28
|inactive|Tangyz has 90 seconds left.
|
|t:|1743739200
|move|p1a: Politoed|Protect|p1a: Politoed
|-singleturn|p1a: Politoed|Protect
|move|p2a: Latios|Draco Meteor|p1a: Politoed
|-activate|p1a: Politoed|move: Protect
|
|-weather|RainDance|[upkeep]
|-heal|p1a: Politoed|98/100|[from] item: Leftovers
|-damage|p2a: Latios|20/100 tox|[from] psn
|upkeep
|turn|29
|
|t:|1743739214
|switch|p1a: Jirachi|Jirachi|100/100
|move|p2a: Latios|Draco Meteor|p1a: Jirachi
|-resisted|p1a: Jirachi
|-crit|p1a: Jirachi
|-damage|p1a: Jirachi|0 fnt
|-unboost|p2a: Latios|spa|2
|faint|p1a: Jirachi
|
|-weather|RainDance|[upkeep]
|-damage|p2a: Latios|2/100 tox|[from] psn
|upkeep
|
|t:|1743739216
|switch|p1a: Politoed|Politoed, M|98/100
|turn|30
|
|t:|1743739219
|move|p1a: Politoed|Protect|p1a: Politoed
|-singleturn|p1a: Politoed|Protect
|move|p2a: Latios|Draco Meteor|p1a: Politoed
|-activate|p1a: Politoed|move: Protect
|
|-weather|RainDance|[upkeep]
|-heal|p1a: Politoed|100/100|[from] item: Leftovers
|-damage|p2a: Latios|0 fnt|[from] psn
|faint|p2a: Latios
|upkeep
|
|t:|1743739231
|switch|p2a: Keldeo|Keldeo|88/100
|-damage|p2a: Keldeo|82/100|[from] Stealth Rock
|turn|31
|
|t:|1743739242
|move|p2a: Keldeo|Secret Sword|p1a: Politoed
|-damage|p1a: Politoed|59/100
|move|p1a: Politoed|Toxic|p2a: Keldeo
|-status|p2a: Keldeo|tox
|
|-weather|RainDance|[upkeep]
|-heal|p1a: Politoed|65/100|[from] item: Leftovers
|-damage|p2a: Keldeo|76/100 tox|[from] psn
|upkeep
|turn|32
|
|t:|1743739247
|move|p1a: Politoed|Protect|p1a: Politoed
|-singleturn|p1a: Politoed|Protect
|move|p2a: Keldeo|Secret Sword|p1a: Politoed
|-activate|p1a: Politoed|move: Protect
|
|-weather|RainDance|[upkeep]
|-heal|p1a: Politoed|71/100|[from] item: Leftovers
|-damage|p2a: Keldeo|63/100 tox|[from] psn
|upkeep
|turn|33
|
|t:|1743739252
|move|p2a: Keldeo|Secret Sword|p1a: Politoed
|-damage|p1a: Politoed|29/100
|move|p1a: Politoed|Scald|p2a: Keldeo
|-resisted|p2a: Keldeo
|-damage|p2a: Keldeo|40/100 tox
|
|-weather|RainDance|[upkeep]
|-heal|p1a: Politoed|35/100|[from] item: Leftovers
|-damage|p2a: Keldeo|22/100 tox|[from] psn
|upkeep
|turn|34
|
|t:|1743739256
|move|p1a: Politoed|Protect|p1a: Politoed
|-singleturn|p1a: Politoed|Protect
|move|p2a: Keldeo|Secret Sword|p1a: Politoed
|-activate|p1a: Politoed|move: Protect
|
|-weather|RainDance|[upkeep]
|-heal|p1a: Politoed|41/100|[from] item: Leftovers
|-damage|p2a: Keldeo|0 fnt|[from] psn
|faint|p2a: Keldeo
|upkeep
|
|t:|1743739258
|switch|p2a: Excadrill|Excadrill, M|97/100
|-damage|p2a: Excadrill|94/100|[from] Stealth Rock
|-ability|p2a: Excadrill|Mold Breaker
|turn|35
|
|t:|1743739265
|move|p1a: Politoed|Protect|p1a: Politoed
|-singleturn|p1a: Politoed|Protect
|move|p2a: Excadrill|Earthquake|p1a: Politoed
|-activate|p1a: Politoed|move: Protect
|
|-weather|RainDance|[upkeep]
|-heal|p1a: Politoed|47/100|[from] item: Leftovers
|upkeep
|turn|36
|
|t:|1743739267
|move|p2a: Excadrill|Earthquake|p1a: Politoed
|-damage|p1a: Politoed|0 fnt
|faint|p1a: Politoed
|
|win|Tangyz
|raw|cdrgcde's rating: 1358 &rarr; <strong>1341</strong><br />(-17 for losing)
|raw|Tangyz's rating: 1418 &rarr; <strong>1435</strong><br />(+17 for winning)
|l|☆cdrgcde
|player|p1|
