|j|☆hail7heim
|j|☆Rayzuke
|t:|1701972765
|gametype|singles
|player|p1|hail7heim|preschooler|1412
|player|p2|Rayzuke|chuck|1319
|teamsize|p1|6
|teamsize|p2|6
|gen|5
|tier|[Gen 5] OU
|rated|
|rule|Species Clause: Limit one of each Pokémon
|rule|OHKO Clause: OHKO moves are banned
|rule|Moody Clause: Moody is banned
|rule|Evasion Items Clause: Evasion items are banned
|rule|Evasion Moves Clause: Evasion moves are banned
|rule|Endless Battle Clause: Forcing endless battles is banned
|rule|HP Percentage Mod: HP is shown in percentages
|rule|Evasion Abilities Clause: Evasion abilities are banned
|rule|Sleep Moves Clause: Sleep-inducing moves are banned
|rule|Swagger Clause: Swagger is banned
|rule|Baton Pass Stat Clause: No Baton Passer may have a way to boost its stats
|clearpoke
|poke|p1|Tyranitar, M|item
|poke|p1|Landorus-Therian, M|item
|poke|p1|Latios, M|item
|poke|p1|Alakazam, F|item
|poke|p1|Reuniclus, M|item
|poke|p1|Skarmory, F|item
|poke|p2|Conkeldurr, M|item
|poke|p2|Hitmontop, M|item
|poke|p2|Hariyama, M|item
|poke|p2|Hitmonlee, M|item
|poke|p2|Throh, M|item
|poke|p2|Sawk, M|item
|teampreview
|
|t:|1701972782
|start
|switch|p1a: Alakazam|Alakazam, F|100/100
|switch|p2a: Throh|Throh, M|100/100
|turn|1
|
|t:|1701972789
|switch|p1a: Landorus|Landorus-Therian, M|100/100
|-ability|p1a: Landorus|Intimidate|boost
|-unboost|p2a: Throh|atk|1
|switch|p2a: Sawk|Sawk, M|100/100
|
|upkeep
|turn|2
|
|t:|1701972795
|move|p1a: Landorus|U-turn|p2a: Sawk
|-resisted|p2a: Sawk
|-damage|p2a: Sawk|78/100
|
|t:|1701972798
|switch|p1a: Skarmory|Skarmory, F|100/100|[from] U-turn
|move|p2a: Sawk|Ice Punch|p1a: Skarmory
|-damage|p1a: Skarmory|79/100
|-damage|p2a: Sawk|61/100|[from] item: Rocky Helmet|[of] p1a: Skarmory
|
|upkeep
|turn|3
|
|t:|1701972808
|move|p2a: Sawk|Stone Edge|p1a: Skarmory
|-damage|p1a: Skarmory|52/100
|move|p1a: Skarmory|Roost|p1a: Skarmory
|-heal|p1a: Skarmory|100/100
|-singleturn|p1a: Skarmory|move: Roost
|
|upkeep
|turn|4
|
|t:|1701972814
|move|p2a: Sawk|Stone Edge|p1a: Skarmory
|-damage|p1a: Skarmory|72/100
|move|p1a: Skarmory|Spikes|p2a: Sawk
|-sidestart|p2: Rayzuke|Spikes
|
|upkeep
|turn|5
|
|t:|1701972824
|switch|p2a: Throh|Throh, M|100/100
|-damage|p2a: Throh|88/100|[from] Spikes
|switch|p1a: Landorus|Landorus-Therian, M|100/100
|-ability|p1a: Landorus|Intimidate|boost
|-unboost|p2a: Throh|atk|1
|
|-heal|p2a: Throh|94/100|[from] item: Leftovers
|upkeep
|turn|6
|
|t:|1701972833
|move|p1a: Landorus|U-turn|p2a: Throh
|-resisted|p2a: Throh
|-damage|p2a: Throh|85/100
|
|t:|1701972836
|switch|p1a: Skarmory|Skarmory, F|72/100|[from] U-turn
|move|p2a: Throh|Bulk Up|p2a: Throh
|-boost|p2a: Throh|atk|1
|-boost|p2a: Throh|def|1
|
|-heal|p2a: Throh|91/100|[from] item: Leftovers
|upkeep
|turn|7
|
|t:|1701972852
|move|p2a: Throh|Thunder Punch|p1a: Skarmory
|-supereffective|p1a: Skarmory
|-damage|p1a: Skarmory|39/100
|-damage|p2a: Throh|74/100|[from] item: Rocky Helmet|[of] p1a: Skarmory
|move|p1a: Skarmory|Whirlwind|p2a: Throh
|drag|p2a: Conkeldurr|Conkeldurr, M|100/100
|-damage|p2a: Conkeldurr|88/100|[from] Spikes
|
|upkeep
|turn|8
|
|t:|1701972867
|move|p1a: Skarmory|Roost|p1a: Skarmory
|-heal|p1a: Skarmory|89/100
|-singleturn|p1a: Skarmory|move: Roost
|move|p2a: Conkeldurr|Bulk Up|p2a: Conkeldurr
|-boost|p2a: Conkeldurr|atk|1
|-boost|p2a: Conkeldurr|def|1
|
|upkeep
|turn|9
|
|t:|1701972875
|move|p2a: Conkeldurr|Drain Punch|p1a: Skarmory
|-damage|p1a: Skarmory|25/100
|-heal|p2a: Conkeldurr|100/100|[from] drain|[of] p1a: Skarmory
|-damage|p2a: Conkeldurr|84/100|[from] item: Rocky Helmet|[of] p1a: Skarmory
|-damage|p2a: Conkeldurr|74/100|[from] item: Life Orb
|move|p1a: Skarmory|Whirlwind|p2a: Conkeldurr
|drag|p2a: Hitmonlee|Hitmonlee, M|100/100
|-damage|p2a: Hitmonlee|88/100|[from] Spikes
|
|upkeep
|turn|10
|
|t:|1701972886
|move|p2a: Hitmonlee|Stone Edge|p1a: Skarmory
|-damage|p1a: Skarmory|0 fnt
|faint|p1a: Skarmory
|
|upkeep
|
|t:|1701972889
|switch|p1a: Landorus|Landorus-Therian, M|100/100
|-ability|p1a: Landorus|Intimidate|boost
|-unboost|p2a: Hitmonlee|atk|1
|turn|11
|
|t:|1701972901
|switch|p2a: Sawk|Sawk, M|61/100
|-damage|p2a: Sawk|49/100|[from] Spikes
|move|p1a: Landorus|Stealth Rock|p2a: Sawk
|-sidestart|p2: Rayzuke|move: Stealth Rock
|
|upkeep
|turn|12
|
|t:|1701972909
|move|p1a: Landorus|U-turn|p2a: Sawk
|-resisted|p2a: Sawk
|-damage|p2a: Sawk|27/100
|
|t:|1701972912
|switch|p1a: Tyranitar|Tyranitar, M|100/100|[from] U-turn
|-weather|Sandstorm|[from] ability: Sand Stream|[of] p1a: Tyranitar
|move|p2a: Sawk|Ice Punch|p1a: Tyranitar
|-damage|p1a: Tyranitar|78/100
|
|-weather|Sandstorm|[upkeep]
|-damage|p2a: Sawk|21/100|[from] Sandstorm
|upkeep
|-enditem|p2a: Sawk|Salac Berry|[eat]
|-boost|p2a: Sawk|spe|1|[from] item: Salac Berry
|turn|13
|
|t:|1701972924
|switch|p1a: Landorus|Landorus-Therian, M|100/100
|-ability|p1a: Landorus|Intimidate|boost
|-unboost|p2a: Sawk|atk|1
|move|p2a: Sawk|Reversal|p1a: Landorus
|-resisted|p1a: Landorus
|-damage|p1a: Landorus|83/100
|
|-weather|Sandstorm|[upkeep]
|-damage|p2a: Sawk|15/100|[from] Sandstorm
|-heal|p1a: Landorus|89/100|[from] item: Leftovers
|upkeep
|turn|14
|
|t:|1701972934
|switch|p1a: Tyranitar|Tyranitar, M|78/100
|move|p2a: Sawk|Ice Punch|p1a: Tyranitar
|-damage|p1a: Tyranitar|65/100
|
|-weather|Sandstorm|[upkeep]
|-damage|p2a: Sawk|9/100|[from] Sandstorm
|upkeep
|turn|15
|
|t:|1701972942
|switch|p1a: Landorus|Landorus-Therian, M|89/100
|-ability|p1a: Landorus|Intimidate|boost
|-unboost|p2a: Sawk|atk|1
|move|p2a: Sawk|Reversal|p1a: Landorus
|-resisted|p1a: Landorus
|-damage|p1a: Landorus|71/100
|
|-weather|Sandstorm|[upkeep]
|-damage|p2a: Sawk|2/100|[from] Sandstorm
|-heal|p1a: Landorus|77/100|[from] item: Leftovers
|upkeep
|turn|16
|
|t:|1701972953
|switch|p1a: Reuniclus|Reuniclus, M|100/100
|move|p2a: Sawk|Reversal|p1a: Reuniclus
|-resisted|p1a: Reuniclus
|-damage|p1a: Reuniclus|81/100
|
|-weather|Sandstorm|[upkeep]
|-damage|p2a: Sawk|0 fnt|[from] Sandstorm
|faint|p2a: Sawk
|-heal|p1a: Reuniclus|88/100|[from] item: Leftovers
|upkeep
|
|t:|1701972968
|switch|p2a: Throh|Throh, M|74/100
|-damage|p2a: Throh|62/100|[from] Spikes
|-damage|p2a: Throh|56/100|[from] Stealth Rock
|turn|17
|
|t:|1701972978
|switch|p1a: Landorus|Landorus-Therian, M|77/100
|-ability|p1a: Landorus|Intimidate|boost
|-unboost|p2a: Throh|atk|1
|move|p2a: Throh|Circle Throw|p1a: Landorus
|-resisted|p1a: Landorus
|-damage|p1a: Landorus|67/100
|drag|p1a: Tyranitar|Tyranitar, M|65/100
|
|-weather|Sandstorm|[upkeep]
|-damage|p2a: Throh|50/100|[from] Sandstorm
|-heal|p2a: Throh|56/100|[from] item: Leftovers
|upkeep
|turn|18
|
|t:|1701972989
|switch|p1a: Landorus|Landorus-Therian, M|67/100
|-ability|p1a: Landorus|Intimidate|boost
|-unboost|p2a: Throh|atk|1
|move|p2a: Throh|Ice Punch|p1a: Landorus
|-supereffective|p1a: Landorus
|-damage|p1a: Landorus|21/100
|
|-weather|Sandstorm|[upkeep]
|-damage|p2a: Throh|50/100|[from] Sandstorm
|-heal|p1a: Landorus|27/100|[from] item: Leftovers
|-heal|p2a: Throh|56/100|[from] item: Leftovers
|upkeep
|turn|19
|
|t:|1701973000
|move|p1a: Landorus|U-turn|p2a: Throh
|-resisted|p2a: Throh
|-damage|p2a: Throh|48/100
|
|t:|1701973003
|switch|p1a: Reuniclus|Reuniclus, M|88/100|[from] U-turn
|move|p2a: Throh|Circle Throw|p1a: Reuniclus
|-resisted|p1a: Reuniclus
|-damage|p1a: Reuniclus|83/100
|drag|p1a: Latios|Latios, M|100/100
|
|-weather|Sandstorm|[upkeep]
|-damage|p1a: Latios|95/100|[from] Sandstorm
|-damage|p2a: Throh|42/100|[from] Sandstorm
|-heal|p2a: Throh|48/100|[from] item: Leftovers
|upkeep
|turn|20
|
|t:|1701973014
|move|p1a: Latios|Dragon Pulse|p2a: Throh
|-damage|p2a: Throh|0 fnt
|faint|p2a: Throh
|
|-weather|Sandstorm|[upkeep]
|-damage|p1a: Latios|89/100|[from] Sandstorm
|upkeep
|
|t:|1701973021
|switch|p2a: Hitmontop|Hitmontop, M|100/100
|-damage|p2a: Hitmontop|88/100|[from] Spikes
|-damage|p2a: Hitmontop|82/100|[from] Stealth Rock
|turn|21
|
|t:|1701973026
|-activate|p1a: Latios|move: Pursuit
|move|p2a: Hitmontop|Pursuit|p1a: Latios|[from]Pursuit
|-supereffective|p1a: Latios
|-damage|p1a: Latios|6/100
|switch|p1a: Landorus|Landorus-Therian, M|27/100
|-ability|p1a: Landorus|Intimidate|boost
|-unboost|p2a: Hitmontop|atk|1
|
|-weather|Sandstorm|[upkeep]
|-damage|p2a: Hitmontop|75/100|[from] Sandstorm
|-heal|p1a: Landorus|33/100|[from] item: Leftovers
|upkeep
|turn|22
|
|t:|1701973038
|move|p2a: Hitmontop|Sucker Punch|p1a: Landorus
|-damage|p1a: Landorus|17/100
|move|p1a: Landorus|Earthquake|p2a: Hitmontop
|-damage|p2a: Hitmontop|16/100
|
|-weather|Sandstorm|[upkeep]
|-damage|p2a: Hitmontop|10/100|[from] Sandstorm
|-heal|p1a: Landorus|23/100|[from] item: Leftovers
|upkeep
|turn|23
|
|t:|1701973050
|move|p1a: Landorus|Earthquake|p2a: Hitmontop
|-damage|p2a: Hitmontop|0 fnt
|faint|p2a: Hitmontop
|
|-weather|Sandstorm|[upkeep]
|-heal|p1a: Landorus|30/100|[from] item: Leftovers
|upkeep
|
|t:|1701973060
|switch|p2a: Hariyama|Hariyama, M|100/100
|-damage|p2a: Hariyama|88/100|[from] Spikes
|-damage|p2a: Hariyama|82/100|[from] Stealth Rock
|turn|24
|
|t:|1701973065
|switch|p1a: Tyranitar|Tyranitar, M|65/100
|move|p2a: Hariyama|Fake Out|p1a: Tyranitar
|-resisted|p1a: Tyranitar
|-damage|p1a: Tyranitar|60/100
|
|-weather|Sandstorm|[upkeep]
|-damage|p2a: Hariyama|76/100|[from] Sandstorm
|-heal|p2a: Hariyama|82/100|[from] item: Leftovers
|upkeep
|turn|25
|
|t:|1701973074
|move|p1a: Tyranitar|Thunder Wave|p2a: Hariyama
|-status|p2a: Hariyama|par
|cant|p2a: Hariyama|par
|
|-weather|Sandstorm|[upkeep]
|-damage|p2a: Hariyama|76/100 par|[from] Sandstorm
|-heal|p2a: Hariyama|82/100 par|[from] item: Leftovers
|upkeep
|turn|26
|
|t:|1701973082
|switch|p1a: Landorus|Landorus-Therian, M|30/100
|-ability|p1a: Landorus|Intimidate|boost
|-unboost|p2a: Hariyama|atk|1
|move|p2a: Hariyama|Ice Punch|p1a: Landorus
|-supereffective|p1a: Landorus
|-damage|p1a: Landorus|0 fnt
|faint|p1a: Landorus
|
|-weather|Sandstorm|[upkeep]
|-damage|p2a: Hariyama|76/100 par|[from] Sandstorm
|-heal|p2a: Hariyama|82/100 par|[from] item: Leftovers
|upkeep
|
|t:|1701973089
|switch|p1a: Reuniclus|Reuniclus, M|83/100
|turn|27
|
|t:|1701973095
|switch|p2a: Hitmonlee|Hitmonlee, M|88/100
|-damage|p2a: Hitmonlee|76/100|[from] Spikes
|-damage|p2a: Hitmonlee|69/100|[from] Stealth Rock
|move|p1a: Reuniclus|Psyshock|p2a: Hitmonlee
|-supereffective|p2a: Hitmonlee
|-damage|p2a: Hitmonlee|0 fnt
|faint|p2a: Hitmonlee
|
|-weather|Sandstorm|[upkeep]
|-heal|p1a: Reuniclus|89/100|[from] item: Leftovers
|upkeep
|
|t:|1701973106
|switch|p2a: Hariyama|Hariyama, M|82/100 par
|-damage|p2a: Hariyama|70/100 par|[from] Spikes
|-damage|p2a: Hariyama|64/100 par|[from] Stealth Rock
|turn|28
|
|t:|1701973111
|move|p2a: Hariyama|Fake Out|p1a: Reuniclus
|-damage|p1a: Reuniclus|75/100
|cant|p1a: Reuniclus|flinch
|
|-weather|Sandstorm|[upkeep]
|-damage|p2a: Hariyama|58/100 par|[from] Sandstorm
|-heal|p1a: Reuniclus|81/100|[from] item: Leftovers
|-heal|p2a: Hariyama|64/100 par|[from] item: Leftovers
|upkeep
|turn|29
|
|t:|1701973119
|move|p1a: Reuniclus|Psyshock|p2a: Hariyama
|-supereffective|p2a: Hariyama
|-damage|p2a: Hariyama|0 fnt
|faint|p2a: Hariyama
|
|-weather|Sandstorm|[upkeep]
|-heal|p1a: Reuniclus|87/100|[from] item: Leftovers
|upkeep
|
|t:|1701973125
|switch|p2a: Conkeldurr|Conkeldurr, M|74/100
|-damage|p2a: Conkeldurr|62/100|[from] Spikes
|-damage|p2a: Conkeldurr|56/100|[from] Stealth Rock
|turn|30
|
|t:|1701973131
|move|p2a: Conkeldurr|Ice Punch|p1a: Reuniclus
|-damage|p1a: Reuniclus|60/100
|-status|p1a: Reuniclus|frz
|-damage|p2a: Conkeldurr|46/100|[from] item: Life Orb
|cant|p1a: Reuniclus|frz
|
|-weather|Sandstorm|[upkeep]
|-damage|p2a: Conkeldurr|40/100|[from] Sandstorm
|-heal|p1a: Reuniclus|66/100 frz|[from] item: Leftovers
|upkeep
|turn|31
|
|t:|1701973144
|move|p2a: Conkeldurr|Bulk Up|p2a: Conkeldurr
|-boost|p2a: Conkeldurr|atk|1
|-boost|p2a: Conkeldurr|def|1
|cant|p1a: Reuniclus|frz
|
|-weather|Sandstorm|[upkeep]
|-damage|p2a: Conkeldurr|34/100|[from] Sandstorm
|-heal|p1a: Reuniclus|72/100 frz|[from] item: Leftovers
|upkeep
|turn|32
|
|t:|1701973152
|move|p2a: Conkeldurr|Bulk Up|p2a: Conkeldurr
|-boost|p2a: Conkeldurr|atk|1
|-boost|p2a: Conkeldurr|def|1
|cant|p1a: Reuniclus|frz
|
|-weather|Sandstorm|[upkeep]
|-damage|p2a: Conkeldurr|28/100|[from] Sandstorm
|-heal|p1a: Reuniclus|78/100 frz|[from] item: Leftovers
|upkeep
|turn|33
|
|t:|1701973161
|move|p2a: Conkeldurr|Bulk Up|p2a: Conkeldurr
|-boost|p2a: Conkeldurr|atk|1
|-boost|p2a: Conkeldurr|def|1
|cant|p1a: Reuniclus|frz
|
|-weather|Sandstorm|[upkeep]
|-damage|p2a: Conkeldurr|22/100|[from] Sandstorm
|-heal|p1a: Reuniclus|84/100 frz|[from] item: Leftovers
|upkeep
|turn|34
|
|t:|1701973169
|switch|p1a: Alakazam|Alakazam, F|100/100
|move|p2a: Conkeldurr|Drain Punch|p1a: Alakazam
|-resisted|p1a: Alakazam
|-enditem|p1a: Alakazam|Focus Sash
|-damage|p1a: Alakazam|1/100
|-heal|p2a: Conkeldurr|52/100|[from] drain|[of] p1a: Alakazam
|-damage|p2a: Conkeldurr|42/100|[from] item: Life Orb
|
|-weather|Sandstorm|[upkeep]
|-damage|p2a: Conkeldurr|36/100|[from] Sandstorm
|upkeep
|turn|35
|
|t:|1701973180
|move|p2a: Conkeldurr|Mach Punch|p1a: Alakazam
|-resisted|p1a: Alakazam
|-damage|p1a: Alakazam|0 fnt
|faint|p1a: Alakazam
|-damage|p2a: Conkeldurr|26/100|[from] item: Life Orb
|
|-weather|Sandstorm|[upkeep]
|-damage|p2a: Conkeldurr|20/100|[from] Sandstorm
|upkeep
|
|t:|1701973184
|switch|p1a: Reuniclus|Reuniclus, M|84/100 frz
|turn|36
|
|t:|1701973189
|move|p2a: Conkeldurr|Drain Punch|p1a: Reuniclus
|-resisted|p1a: Reuniclus
|-damage|p1a: Reuniclus|35/100 frz
|-heal|p2a: Conkeldurr|45/100|[from] drain|[of] p1a: Reuniclus
|-damage|p2a: Conkeldurr|36/100|[from] item: Life Orb
|cant|p1a: Reuniclus|frz
|
|-weather|Sandstorm|[upkeep]
|-damage|p2a: Conkeldurr|29/100|[from] Sandstorm
|-heal|p1a: Reuniclus|41/100 frz|[from] item: Leftovers
|upkeep
|turn|37
|
|t:|1701973198
|move|p2a: Conkeldurr|Drain Punch|p1a: Reuniclus
|-resisted|p1a: Reuniclus
|-damage|p1a: Reuniclus|0 fnt
|-heal|p2a: Conkeldurr|50/100|[from] drain|[of] p1a: Reuniclus
|faint|p1a: Reuniclus
|-damage|p2a: Conkeldurr|40/100|[from] item: Life Orb
|
|-weather|Sandstorm|[upkeep]
|-damage|p2a: Conkeldurr|34/100|[from] Sandstorm
|upkeep
|
|t:|1701973202
|switch|p1a: Tyranitar|Tyranitar, M|60/100
|turn|38
|
|t:|1701973209
|move|p2a: Conkeldurr|Mach Punch|p1a: Tyranitar
|-supereffective|p1a: Tyranitar
|-enditem|p1a: Tyranitar|Chople Berry|[eat]
|-enditem|p1a: Tyranitar|Chople Berry|[weaken]
|-damage|p1a: Tyranitar|0 fnt
|faint|p1a: Tyranitar
|-damage|p2a: Conkeldurr|24/100|[from] item: Life Orb
|
|-weather|Sandstorm|[upkeep]
|-damage|p2a: Conkeldurr|18/100|[from] Sandstorm
|upkeep
|
|t:|1701973213
|switch|p1a: Latios|Latios, M|6/100
|turn|39
|
|t:|1701973218
|move|p2a: Conkeldurr|Mach Punch|p1a: Latios
|-resisted|p1a: Latios
|-damage|p1a: Latios|0 fnt
|faint|p1a: Latios
|-damage|p2a: Conkeldurr|8/100|[from] item: Life Orb
|
|win|Rayzuke
|raw|hail7heim's rating: 1412 &rarr; <strong>1387</strong><br />(-25 for losing)
|raw|Rayzuke's rating: 1319 &rarr; <strong>1344</strong><br />(+25 for winning)
|l|☆hail7heim
