|j|☆xpeps_10
|j|☆Charliereall
|t:|1738802775
|gametype|singles
|player|p1|xpeps_10|gentleman-gen4|1382
|player|p2|Charliereall|teamrocket|1310
|teamsize|p1|6
|teamsize|p2|6
|gen|5
|tier|[Gen 5] OU
|rated|
|rule|Species Clause: Limit one of each Pokémon
|rule|OHKO Clause: OHKO moves are banned
|rule|Moody Clause: Moody is banned
|rule|Evasion Items Clause: Evasion items are banned
|rule|Evasion Moves Clause: Evasion moves are banned
|rule|Endless Battle Clause: Forcing endless battles is banned
|rule|HP Percentage Mod: HP is shown in percentages
|rule|Evasion Abilities Clause: Evasion abilities are banned
|rule|Sleep Moves Clause: Sleep-inducing moves are banned
|rule|Swagger Clause: Swagger is banned
|rule|Baton Pass Stat Clause: No Baton Passer may have a way to boost its stats
|clearpoke
|poke|p1|Politoed, F|item
|poke|p1|Thundurus-Therian, M|item
|poke|p1|Starmie|item
|poke|p1|Scizor, M|item
|poke|p1|Skarmory, F|item
|poke|p1|Jellicent, M|item
|poke|p2|Rotom-Wash|item
|poke|p2|Landorus-Therian, M|item
|poke|p2|Jirachi|item
|poke|p2|Tyranitar, F|item
|poke|p2|Latios, M|item
|poke|p2|Garchomp, M|item
|teampreview
|inactive|Battle timer is ON: inactive players will automatically lose when time's up. (requested by Charliereall)
|inactive|Charliereall has 120 seconds left.
|
|t:|1738802824
|start
|switch|p1a: Skarmory|Skarmory, F|100/100
|switch|p2a: EL CHOMPO|Garchomp, M|100/100
|turn|1
|
|t:|1738802841
|move|p2a: EL CHOMPO|Fire Blast|p1a: Skarmory
|-supereffective|p1a: Skarmory
|-damage|p1a: Skarmory|25/100
|-damage|p2a: EL CHOMPO|91/100|[from] item: Life Orb
|move|p1a: Skarmory|Stealth Rock|p2a: EL CHOMPO
|-sidestart|p2: Charliereall|move: Stealth Rock
|
|upkeep
|turn|2
|
|t:|1738802861
|switch|p1a: Politoed|Politoed, F, shiny|100/100
|-weather|RainDance|[from] ability: Drizzle|[of] p1a: Politoed
|move|p2a: EL CHOMPO|Stealth Rock|p1a: Politoed
|-sidestart|p1: xpeps_10|move: Stealth Rock
|
|-weather|RainDance|[upkeep]
|upkeep
|turn|3
|
|t:|1738802878
|switch|p2a: TURBO RUMP|Rotom-Wash|100/100
|-damage|p2a: TURBO RUMP|88/100|[from] Stealth Rock
|move|p1a: Politoed|Surf|p2a: TURBO RUMP
|-resisted|p2a: TURBO RUMP
|-damage|p2a: TURBO RUMP|32/100
|
|-weather|RainDance|[upkeep]
|-heal|p2a: TURBO RUMP|38/100|[from] item: Leftovers
|upkeep
|turn|4
|inactive|Charliereall has 120 seconds left.
|
|t:|1738802905
|move|p2a: TURBO RUMP|Volt Switch|p1a: Politoed
|-supereffective|p1a: Politoed
|-damage|p1a: Politoed|44/100
|inactive|Charliereall has 90 seconds left.
|
|t:|1738802945
|switch|p2a: TTARIANA GRANDE|Tyranitar, F|100/100|[from] Volt Switch
|-damage|p2a: TTARIANA GRANDE|88/100|[from] Stealth Rock
|-weather|Sandstorm|[from] ability: Sand Stream|[of] p2a: TTARIANA GRANDE
|move|p1a: Politoed|Surf|p2a: TTARIANA GRANDE
|-supereffective|p2a: TTARIANA GRANDE
|-damage|p2a: TTARIANA GRANDE|23/100
|
|-weather|Sandstorm|[upkeep]
|-damage|p1a: Politoed|38/100|[from] Sandstorm
|upkeep
|turn|5
|inactive|Charliereall has 60 seconds left.
|
|t:|1738802972
|switch|p2a: DOPPELSOLDNER|Latios, M|100/100
|-damage|p2a: DOPPELSOLDNER|88/100|[from] Stealth Rock
|move|p1a: Politoed|Surf|p2a: DOPPELSOLDNER
|-resisted|p2a: DOPPELSOLDNER
|-damage|p2a: DOPPELSOLDNER|55/100
|
|-weather|Sandstorm|[upkeep]
|-damage|p2a: DOPPELSOLDNER|49/100|[from] Sandstorm
|-damage|p1a: Politoed|32/100|[from] Sandstorm
|upkeep
|turn|6
|
|t:|1738802982
|switch|p1a: Skarmory|Skarmory, F|25/100
|-damage|p1a: Skarmory|13/100|[from] Stealth Rock
|move|p2a: DOPPELSOLDNER|Draco Meteor|p1a: Skarmory
|-resisted|p1a: Skarmory
|-damage|p1a: Skarmory|0 fnt
|-unboost|p2a: DOPPELSOLDNER|spa|2
|faint|p1a: Skarmory
|
|-weather|Sandstorm|[upkeep]
|-damage|p2a: DOPPELSOLDNER|43/100|[from] Sandstorm
|upkeep
|
|t:|1738802986
|switch|p1a: Scizor|Scizor, M|100/100
|-damage|p1a: Scizor|88/100|[from] Stealth Rock
|turn|7
|
|t:|1738802989
|move|p2a: DOPPELSOLDNER|Draco Meteor|p1a: Scizor
|-resisted|p1a: Scizor
|-damage|p1a: Scizor|48/100
|-unboost|p2a: DOPPELSOLDNER|spa|2
|move|p1a: Scizor|Pursuit|p2a: DOPPELSOLDNER
|-supereffective|p2a: DOPPELSOLDNER
|-damage|p2a: DOPPELSOLDNER|0 fnt
|faint|p2a: DOPPELSOLDNER
|
|-weather|Sandstorm|[upkeep]
|upkeep
|
|t:|1738803006
|switch|p2a: EL CHOMPO|Garchomp, M|91/100
|-damage|p2a: EL CHOMPO|85/100|[from] Stealth Rock
|turn|8
|
|t:|1738803017
|switch|p1a: Jellicent|Jellicent, M|100/100
|-damage|p1a: Jellicent|88/100|[from] Stealth Rock
|move|p2a: EL CHOMPO|Earthquake|p1a: Jellicent
|-damage|p1a: Jellicent|38/100
|-damage|p2a: EL CHOMPO|75/100|[from] item: Life Orb
|
|-weather|Sandstorm|[upkeep]
|-damage|p1a: Jellicent|32/100|[from] Sandstorm
|-heal|p1a: Jellicent|38/100|[from] item: Leftovers
|upkeep
|turn|9
|
|t:|1738803029
|switch|p1a: Scizor|Scizor, M|48/100
|-damage|p1a: Scizor|35/100|[from] Stealth Rock
|move|p2a: EL CHOMPO|Draco Meteor|p1a: Scizor
|-resisted|p1a: Scizor
|-damage|p1a: Scizor|0 fnt
|-unboost|p2a: EL CHOMPO|spa|2
|faint|p1a: Scizor
|-damage|p2a: EL CHOMPO|65/100|[from] item: Life Orb
|
|-weather|Sandstorm|[upkeep]
|upkeep
|
|t:|1738803032
|switch|p1a: Politoed|Politoed, F, shiny|32/100
|-damage|p1a: Politoed|19/100|[from] Stealth Rock
|-weather|RainDance|[from] ability: Drizzle|[of] p1a: Politoed
|turn|10
|
|t:|1738803039
|switch|p1a: Starmie|Starmie, shiny|100/100
|-damage|p1a: Starmie|88/100|[from] Stealth Rock
|-item|p1a: Starmie|Air Balloon
|move|p2a: EL CHOMPO|Draco Meteor|p1a: Starmie
|-damage|p1a: Starmie|33/100
|-unboost|p2a: EL CHOMPO|spa|2
|-enditem|p1a: Starmie|Air Balloon
|-damage|p2a: EL CHOMPO|55/100|[from] item: Life Orb
|
|-weather|RainDance|[upkeep]
|upkeep
|turn|11
|inactive|Charliereall has 90 seconds left.
|
|t:|1738803051
|move|p1a: Starmie|Rapid Spin|p2a: EL CHOMPO
|-damage|p2a: EL CHOMPO|52/100
|-damage|p1a: Starmie|20/100|[from] ability: Rough Skin|[of] p2a: EL CHOMPO
|-sideend|p1: xpeps_10|Stealth Rock|[from] move: Rapid Spin|[of] p1a: Starmie
|move|p2a: EL CHOMPO|Earthquake|p1a: Starmie
|-damage|p1a: Starmie|0 fnt
|faint|p1a: Starmie
|-damage|p2a: EL CHOMPO|42/100|[from] item: Life Orb
|
|-weather|RainDance|[upkeep]
|upkeep
|
|t:|1738803057
|switch|p1a: Thundurus|Thundurus-Therian, M|100/100
|turn|12
|inactive|Charliereall has 90 seconds left.
|
|t:|1738803075
|move|p2a: EL CHOMPO|Stealth Rock|p1a: Thundurus
|-sidestart|p1: xpeps_10|move: Stealth Rock
|move|p1a: Thundurus|Agility|p1a: Thundurus
|-boost|p1a: Thundurus|spe|2
|
|-weather|RainDance|[upkeep]
|upkeep
|turn|13
|inactive|Charliereall has 90 seconds left.
|
|t:|1738803092
|move|p1a: Thundurus|Hidden Power|p2a: EL CHOMPO
|-supereffective|p2a: EL CHOMPO
|-damage|p2a: EL CHOMPO|0 fnt
|faint|p2a: EL CHOMPO
|
|-weather|RainDance|[upkeep]
|upkeep
|
|t:|1738803112
|switch|p2a: MCDONALD'S SPRITE|Jirachi|100/100
|-damage|p2a: MCDONALD'S SPRITE|94/100|[from] Stealth Rock
|turn|14
|
|t:|1738803130
|move|p1a: Thundurus|Thunder|p2a: MCDONALD'S SPRITE
|-damage|p2a: MCDONALD'S SPRITE|25/100
|move|p2a: MCDONALD'S SPRITE|Ice Punch|p1a: Thundurus
|-supereffective|p1a: Thundurus
|-damage|p1a: Thundurus|28/100
|-enditem|p1a: Thundurus|Sitrus Berry|[eat]
|-heal|p1a: Thundurus|53/100|[from] item: Sitrus Berry
|
|-weather|RainDance|[upkeep]
|upkeep
|turn|15
|inactive|Charliereall has 60 seconds left.
|
|t:|1738803145
|switch|p2a: TTARIANA GRANDE|Tyranitar, F|23/100
|-damage|p2a: TTARIANA GRANDE|10/100|[from] Stealth Rock
|-weather|Sandstorm|[from] ability: Sand Stream|[of] p2a: TTARIANA GRANDE
|move|p1a: Thundurus|Thunder|p2a: TTARIANA GRANDE
|-damage|p2a: TTARIANA GRANDE|0 fnt
|faint|p2a: TTARIANA GRANDE
|
|-weather|Sandstorm|[upkeep]
|-damage|p1a: Thundurus|47/100|[from] Sandstorm
|upkeep
|inactive|Charliereall has 60 seconds left.
|
|t:|1738803165
|switch|p2a: MCDONALD'S SPRITE|Jirachi|25/100
|-damage|p2a: MCDONALD'S SPRITE|18/100|[from] Stealth Rock
|turn|16
|
|t:|1738803168
|move|p1a: Thundurus|Thunder|p2a: MCDONALD'S SPRITE
|-damage|p2a: MCDONALD'S SPRITE|0 fnt
|faint|p2a: MCDONALD'S SPRITE
|
|-weather|Sandstorm|[upkeep]
|-damage|p1a: Thundurus|41/100|[from] Sandstorm
|upkeep
|inactive|Charliereall has 60 seconds left.
|
|t:|1738803175
|switch|p2a: TURBO RUMP|Rotom-Wash|38/100
|-damage|p2a: TURBO RUMP|26/100|[from] Stealth Rock
|turn|17
|
|t:|1738803179
|move|p1a: Thundurus|Thunder|p2a: TURBO RUMP
|-damage|p2a: TURBO RUMP|0 fnt
|faint|p2a: TURBO RUMP
|
|-weather|Sandstorm|[upkeep]
|-damage|p1a: Thundurus|35/100|[from] Sandstorm
|upkeep
|c|☆xpeps_10|GG
|c|☆Charliereall|gg
|-message|Charliereall forfeited.
|
|win|xpeps_10
|raw|xpeps_10's rating: 1382 &rarr; <strong>1398</strong><br />(+16 for winning)
|raw|Charliereall's rating: 1310 &rarr; <strong>1294</strong><br />(-16 for losing)
|l|☆Charliereall
|player|p2|
