|j|☆LadderGod1
|j|☆Sapphirewashere2
|t:|1727592096
|gametype|singles
|player|p1|LadderGod1|266|1388
|player|p2|Sapphirewashere2|266|1349
|teamsize|p1|6
|teamsize|p2|6
|gen|5
|tier|[Gen 5] OU
|rated|
|rule|Species Clause: Limit one of each Pokémon
|rule|OHKO Clause: OHKO moves are banned
|rule|Moody Clause: Moody is banned
|rule|Evasion Items Clause: Evasion items are banned
|rule|Evasion Moves Clause: Evasion moves are banned
|rule|Endless Battle Clause: Forcing endless battles is banned
|rule|HP Percentage Mod: HP is shown in percentages
|rule|Evasion Abilities Clause: Evasion abilities are banned
|rule|Sleep Moves Clause: Sleep-inducing moves are banned
|rule|Swagger Clause: Swagger is banned
|rule|Baton Pass Stat Clause: No Baton Passer may have a way to boost its stats
|clearpoke
|poke|p1|Garchomp, F|item
|poke|p1|Breloom, M|item
|poke|p1|Volcarona, M|item
|poke|p1|Starmie|item
|poke|p1|Scizor, F|item
|poke|p1|Latios, M|item
|poke|p2|Tentacruel, F|item
|poke|p2|Kyurem|item
|poke|p2|Ditto|item
|poke|p2|Scizor, M|item
|poke|p2|Hydreigon, F|item
|poke|p2|Mamoswine, M|item
|teampreview
|
|t:|1727592103
|start
|switch|p1a: Latios|Latios, M|100/100
|switch|p2a: Mamoswine|Mamoswine, M|100/100
|turn|1
|
|t:|1727592111
|switch|p1a: Scizor|Scizor, F|100/100
|move|p2a: Mamoswine|Icicle Crash|p1a: Scizor|[miss]
|-miss|p2a: Mamoswine|p1a: Scizor
|
|upkeep
|turn|2
|
|t:|1727592120
|move|p2a: Mamoswine|Stealth Rock|p1a: Scizor
|-sidestart|p1: LadderGod1|move: Stealth Rock
|move|p1a: Scizor|Superpower|p2a: Mamoswine
|-supereffective|p2a: Mamoswine
|-enditem|p2a: Mamoswine|Focus Sash
|-damage|p2a: Mamoswine|1/100
|-unboost|p1a: Scizor|atk|1
|-unboost|p1a: Scizor|def|1
|-damage|p1a: Scizor|91/100|[from] item: Life Orb
|
|upkeep
|turn|3
|
|t:|1727592132
|move|p1a: Scizor|Bullet Punch|p2a: Mamoswine
|-supereffective|p2a: Mamoswine
|-damage|p2a: Mamoswine|0 fnt
|faint|p2a: Mamoswine
|-damage|p1a: Scizor|81/100|[from] item: Life Orb
|
|upkeep
|
|t:|1727592141
|switch|p2a: Hydreigon|Hydreigon, F|100/100
|turn|4
|
|t:|1727592149
|switch|p1a: Starmie|Starmie|100/100
|-damage|p1a: Starmie|88/100|[from] Stealth Rock
|-item|p1a: Starmie|Air Balloon
|move|p2a: Hydreigon|Draco Meteor|p1a: Starmie
|-damage|p1a: Starmie|0 fnt
|-unboost|p2a: Hydreigon|spa|2
|-enditem|p1a: Starmie|Air Balloon
|faint|p1a: Starmie
|-damage|p2a: Hydreigon|91/100|[from] item: Life Orb
|
|upkeep
|
|t:|1727592164
|switch|p1a: Scizor|Scizor, F|81/100
|-damage|p1a: Scizor|69/100|[from] Stealth Rock
|turn|5
|
|t:|1727592169
|switch|p2a: Tentacruel|Tentacruel, F|100/100
|move|p1a: Scizor|Swords Dance|p1a: Scizor
|-boost|p1a: Scizor|atk|2
|
|upkeep
|turn|6
|
|t:|1727592175
|move|p2a: Tentacruel|Scald|p1a: Scizor
|-damage|p1a: Scizor|40/100
|move|p1a: Scizor|Superpower|p2a: Tentacruel
|-resisted|p2a: Tentacruel
|-damage|p2a: Tentacruel|34/100
|-unboost|p1a: Scizor|atk|1
|-unboost|p1a: Scizor|def|1
|-damage|p1a: Scizor|31/100|[from] item: Life Orb
|
|-heal|p2a: Tentacruel|40/100|[from] item: Black Sludge
|upkeep
|turn|7
|
|t:|1727592189
|switch|p1a: Latios|Latios, M|100/100
|-damage|p1a: Latios|88/100|[from] Stealth Rock
|move|p2a: Tentacruel|Scald|p1a: Latios
|-resisted|p1a: Latios
|-damage|p1a: Latios|75/100
|
|-heal|p2a: Tentacruel|47/100|[from] item: Black Sludge
|upkeep
|turn|8
|
|t:|1727592195
|switch|p2a: Scizor|Scizor, M|100/100
|move|p1a: Latios|Draco Meteor|p2a: Scizor
|-resisted|p2a: Scizor
|-damage|p2a: Scizor|36/100
|-unboost|p1a: Latios|spa|2
|
|upkeep
|turn|9
|
|t:|1727592203
|-activate|p1a: Latios|move: Pursuit
|move|p2a: Scizor|Pursuit|p1a: Latios|[from]Pursuit
|-supereffective|p1a: Latios
|-damage|p1a: Latios|0 fnt
|faint|p1a: Latios
|-hint|A Pokemon can't switch between when it runs out of HP and when it faints
|
|upkeep
|
|t:|1727592211
|switch|p1a: Garchomp|Garchomp, F|100/100
|-damage|p1a: Garchomp|94/100|[from] Stealth Rock
|turn|10
|
|t:|1727592219
|switch|p2a: Tentacruel|Tentacruel, F|47/100
|move|p1a: Garchomp|Earthquake|p2a: Tentacruel
|-supereffective|p2a: Tentacruel
|-damage|p2a: Tentacruel|0 fnt
|faint|p2a: Tentacruel
|
|upkeep
|
|t:|1727592225
|switch|p2a: Hydreigon|Hydreigon, F|91/100
|turn|11
|
|t:|1727592230
|switch|p1a: Scizor|Scizor, F|31/100
|-damage|p1a: Scizor|18/100|[from] Stealth Rock
|move|p2a: Hydreigon|Draco Meteor|p1a: Scizor|[miss]
|-miss|p2a: Hydreigon|p1a: Scizor
|
|upkeep
|turn|12
|
|t:|1727592238
|move|p1a: Scizor|Bullet Punch|p2a: Hydreigon
|-damage|p2a: Hydreigon|39/100
|-damage|p1a: Scizor|9/100|[from] item: Life Orb
|move|p2a: Hydreigon|Flamethrower|p1a: Scizor
|-supereffective|p1a: Scizor
|-damage|p1a: Scizor|0 fnt
|faint|p1a: Scizor
|-damage|p2a: Hydreigon|29/100|[from] item: Life Orb
|
|upkeep
|
|t:|1727592243
|switch|p1a: Breloom|Breloom, M|100/100
|-damage|p1a: Breloom|94/100|[from] Stealth Rock
|turn|13
|
|t:|1727592251
|move|p2a: Hydreigon|Flamethrower|p1a: Breloom
|-supereffective|p1a: Breloom
|-damage|p1a: Breloom|0 fnt
|faint|p1a: Breloom
|-damage|p2a: Hydreigon|19/100|[from] item: Life Orb
|
|upkeep
|
|t:|1727592255
|switch|p1a: Volcarona|Volcarona, M|100/100
|-damage|p1a: Volcarona|51/100|[from] Stealth Rock
|turn|14
|
|t:|1727592261
|move|p1a: Volcarona|Quiver Dance|p1a: Volcarona
|-boost|p1a: Volcarona|spa|1
|-boost|p1a: Volcarona|spd|1
|-boost|p1a: Volcarona|spe|1
|move|p2a: Hydreigon|Dark Pulse|p1a: Volcarona
|-damage|p1a: Volcarona|10/100
|-enditem|p1a: Volcarona|Sitrus Berry|[eat]
|-heal|p1a: Volcarona|35/100|[from] item: Sitrus Berry
|-damage|p2a: Hydreigon|9/100|[from] item: Life Orb
|
|upkeep
|turn|15
|
|t:|1727592270
|move|p1a: Volcarona|Giga Drain|p2a: Hydreigon
|-resisted|p2a: Hydreigon
|-damage|p2a: Hydreigon|0 fnt
|-heal|p1a: Volcarona|40/100|[from] drain|[of] p2a: Hydreigon
|faint|p2a: Hydreigon
|
|upkeep
|
|t:|1727592276
|switch|p2a: Scizor|Scizor, M|36/100
|turn|16
|
|t:|1727592279
|move|p2a: Scizor|Bullet Punch|p1a: Volcarona
|-resisted|p1a: Volcarona
|-damage|p1a: Volcarona|2/100
|move|p1a: Volcarona|Fiery Dance|p2a: Scizor
|-supereffective|p2a: Scizor
|-damage|p2a: Scizor|0 fnt
|faint|p2a: Scizor
|
|upkeep
|j| ha6ha6
|
|t:|1727592283
|switch|p2a: Ditto|Ditto|100/100
|-transform|p2a: Ditto|p1a: Volcarona|[from] ability: Imposter
|turn|17
|
|t:|1727592289
|move|p2a: Ditto|Fiery Dance|p1a: Volcarona
|-damage|p1a: Volcarona|0 fnt
|faint|p1a: Volcarona
|
|upkeep
|
|t:|1727592292
|switch|p1a: Garchomp|Garchomp, F|94/100
|-damage|p1a: Garchomp|88/100|[from] Stealth Rock
|turn|18
|
|t:|1727592300
|switch|p2a: Kyurem|Kyurem|100/100
|-ability|p2a: Kyurem|Pressure
|move|p1a: Garchomp|Earthquake|p2a: Kyurem
|-damage|p2a: Kyurem|52/100
|
|-heal|p2a: Kyurem|58/100|[from] item: Leftovers
|upkeep
|turn|19
|
|t:|1727592307
|move|p1a: Garchomp|Dragon Claw|p2a: Kyurem
|-supereffective|p2a: Kyurem
|-crit|p2a: Kyurem
|-damage|p2a: Kyurem|0 fnt
|faint|p2a: Kyurem
|
|upkeep
|
|t:|1727592312
|switch|p2a: Ditto|Ditto|100/100
|-transform|p2a: Ditto|p1a: Garchomp|[from] ability: Imposter
|turn|20
|
|t:|1727592315
|move|p2a: Ditto|Dragon Claw|p1a: Garchomp
|-supereffective|p1a: Garchomp
|-crit|p1a: Garchomp
|-damage|p1a: Garchomp|0 fnt
|-damage|p2a: Ditto|88/100|[from] ability: Rough Skin|[of] p1a: Garchomp
|faint|p1a: Garchomp
|
|win|Sapphirewashere2
|raw|LadderGod1's rating: 1388 &rarr; <strong>1366</strong><br />(-22 for losing)
|raw|Sapphirewashere2's rating: 1349 &rarr; <strong>1371</strong><br />(+22 for winning)
