|j|☆Venture Capital
|j|☆Iamaloser314
|player|p1|Venture Capital|52
|player|p2|Iamaloser314|138
|teamsize|p1|6
|teamsize|p2|6
|gametype|singles
|gen|5
|tier|[Gen 5] OU
|rated|
|rule|Sleep Clause Mod: Limit one foe put to sleep
|rule|Species Clause: Limit one of each Pokémon
|rule|OHKO Clause: OHKO moves are banned
|rule|Moody Clause: Moody is banned
|rule|Evasion Moves Clause: Evasion moves are banned
|rule|Endless Battle Clause: Forcing endless battles is banned
|rule|HP Percentage Mod: HP is shown in percentages
|rule|Evasion Abilities Clause: Evasion abilities are banned
|rule|Baton Pass Clause: Limit one Baton Passer, can't pass Spe and other stats simultaneously
|rule|Swagger Clause: Swagger is banned
|clearpoke
|poke|p1|Landorus-Therian, M|item
|poke|p1|Azelf|item
|poke|p1|Dragonite, M|item
|poke|p1|Magnezone|item
|poke|p1|Mamoswine, M|item
|poke|p1|Kingdra, M|item
|poke|p2|Politoed, M|item
|poke|p2|Gliscor, M|item
|poke|p2|Ferrothorn, M|item
|poke|p2|Tentacruel, M|item
|poke|p2|Jirachi|item
|poke|p2|Keldeo-Resolute|item
|teampreview
|
|start
|switch|p1a: Azelf|Azelf|100/100
|switch|p2a: Politoed|Politoed, M|100/100
|-weather|RainDance|[from] ability: Drizzle|[of] p2a: Politoed
|turn|1
|
|switch|p2a: Ferrothorn|Ferrothorn, M|100/100
|move|p1a: Azelf|Stealth Rock|p2a: Ferrothorn
|-sidestart|p2: Iamaloser314|move: Stealth Rock
|
|-weather|RainDance|[upkeep]
|upkeep
|turn|2
|
|move|p1a: Azelf|U-turn|p2a: Ferrothorn
|-damage|p2a: Ferrothorn|80/100
|-damage|p1a: Azelf|88/100|[from] ability: Iron Barbs|[of] p2a: Ferrothorn
|-damage|p1a: Azelf|78/100|[from] item: Life Orb
|
|switch|p1a: Magnezone|Magnezone|100/100
|move|p2a: Ferrothorn|Spikes|p1a: Magnezone
|-sidestart|p1: Venture Capital|Spikes
|
|-weather|RainDance|[upkeep]
|-heal|p2a: Ferrothorn|86/100|[from] item: Leftovers
|upkeep
|turn|3
|
|move|p1a: Magnezone|Substitute|p1a: Magnezone
|-start|p1a: Magnezone|Substitute
|-damage|p1a: Magnezone|76/100
|move|p2a: Ferrothorn|Spikes|p1a: Magnezone
|-sidestart|p1: Venture Capital|Spikes
|
|-weather|RainDance|[upkeep]
|-heal|p1a: Magnezone|82/100|[from] item: Leftovers
|-heal|p2a: Ferrothorn|92/100|[from] item: Leftovers
|upkeep
|turn|4
|
|move|p1a: Magnezone|Charge Beam|p2a: Ferrothorn
|-resisted|p2a: Ferrothorn
|-damage|p2a: Ferrothorn|82/100
|move|p2a: Ferrothorn|Spikes|p1a: Magnezone
|-sidestart|p1: Venture Capital|Spikes
|
|-weather|RainDance|[upkeep]
|-heal|p1a: Magnezone|88/100|[from] item: Leftovers
|-heal|p2a: Ferrothorn|88/100|[from] item: Leftovers
|upkeep
|turn|5
|
|move|p1a: Magnezone|Charge Beam|p2a: Ferrothorn
|-resisted|p2a: Ferrothorn
|-damage|p2a: Ferrothorn|78/100
|move|p2a: Ferrothorn|Power Whip|p1a: Magnezone
|-resisted|p1a: Magnezone
|-activate|p1a: Magnezone|Substitute|[damage]
|
|-weather|RainDance|[upkeep]
|-heal|p1a: Magnezone|94/100|[from] item: Leftovers
|-heal|p2a: Ferrothorn|84/100|[from] item: Leftovers
|upkeep
|turn|6
|
|move|p1a: Magnezone|Charge Beam|p2a: Ferrothorn
|-resisted|p2a: Ferrothorn
|-damage|p2a: Ferrothorn|75/100
|-boost|p1a: Magnezone|spa|1
|move|p2a: Ferrothorn|Power Whip|p1a: Magnezone
|-resisted|p1a: Magnezone
|-end|p1a: Magnezone|Substitute
|
|-weather|RainDance|[upkeep]
|-heal|p1a: Magnezone|99/100|[from] item: Leftovers
|-heal|p2a: Ferrothorn|81/100|[from] item: Leftovers
|upkeep
|turn|7
|
|move|p1a: Magnezone|Substitute|p1a: Magnezone
|-start|p1a: Magnezone|Substitute
|-damage|p1a: Magnezone|75/100
|move|p2a: Ferrothorn|Power Whip|p1a: Magnezone
|-resisted|p1a: Magnezone
|-activate|p1a: Magnezone|Substitute|[damage]
|
|-weather|RainDance|[upkeep]
|-heal|p1a: Magnezone|81/100|[from] item: Leftovers
|-heal|p2a: Ferrothorn|87/100|[from] item: Leftovers
|upkeep
|turn|8
|
|move|p1a: Magnezone|Charge Beam|p2a: Ferrothorn
|-resisted|p2a: Ferrothorn
|-damage|p2a: Ferrothorn|73/100
|-boost|p1a: Magnezone|spa|1
|move|p2a: Ferrothorn|Spikes||[still]
|-fail|p2a: Ferrothorn
|
|-weather|RainDance|[upkeep]
|-heal|p1a: Magnezone|87/100|[from] item: Leftovers
|-heal|p2a: Ferrothorn|79/100|[from] item: Leftovers
|upkeep
|turn|9
|
|move|p1a: Magnezone|Charge Beam|p2a: Ferrothorn
|-resisted|p2a: Ferrothorn
|-damage|p2a: Ferrothorn|61/100
|-boost|p1a: Magnezone|spa|1
|move|p2a: Ferrothorn|Power Whip|p1a: Magnezone
|-resisted|p1a: Magnezone
|-end|p1a: Magnezone|Substitute
|
|-weather|RainDance|[upkeep]
|-heal|p1a: Magnezone|93/100|[from] item: Leftovers
|-heal|p2a: Ferrothorn|67/100|[from] item: Leftovers
|upkeep
|turn|10
|
|move|p1a: Magnezone|Substitute|p1a: Magnezone
|-start|p1a: Magnezone|Substitute
|-damage|p1a: Magnezone|68/100
|move|p2a: Ferrothorn|Power Whip|p1a: Magnezone
|-resisted|p1a: Magnezone
|-activate|p1a: Magnezone|Substitute|[damage]
|
|-weather|RainDance|[upkeep]
|-heal|p1a: Magnezone|74/100|[from] item: Leftovers
|-heal|p2a: Ferrothorn|73/100|[from] item: Leftovers
|upkeep
|turn|11
|
|move|p1a: Magnezone|Charge Beam|p2a: Ferrothorn
|-resisted|p2a: Ferrothorn
|-crit|p2a: Ferrothorn
|-damage|p2a: Ferrothorn|24/100
|-boost|p1a: Magnezone|spa|1
|move|p2a: Ferrothorn|Power Whip|p1a: Magnezone
|-resisted|p1a: Magnezone
|-end|p1a: Magnezone|Substitute
|
|-weather|RainDance|[upkeep]
|-heal|p1a: Magnezone|80/100|[from] item: Leftovers
|-heal|p2a: Ferrothorn|30/100|[from] item: Leftovers
|upkeep
|turn|12
|
|move|p1a: Magnezone|Substitute|p1a: Magnezone
|-start|p1a: Magnezone|Substitute
|-damage|p1a: Magnezone|55/100
|move|p2a: Ferrothorn|Knock Off|p1a: Magnezone
|-resisted|p1a: Magnezone
|-activate|p1a: Magnezone|Substitute|[damage]
|
|-weather|RainDance|[upkeep]
|-heal|p1a: Magnezone|61/100|[from] item: Leftovers
|-heal|p2a: Ferrothorn|36/100|[from] item: Leftovers
|upkeep
|turn|13
|
|move|p1a: Magnezone|Charge Beam|p2a: Ferrothorn|[miss]
|-miss|p1a: Magnezone|p2a: Ferrothorn
|move|p2a: Ferrothorn|Power Whip|p1a: Magnezone
|-resisted|p1a: Magnezone
|-end|p1a: Magnezone|Substitute
|
|-weather|RainDance|[upkeep]
|-heal|p1a: Magnezone|67/100|[from] item: Leftovers
|-heal|p2a: Ferrothorn|42/100|[from] item: Leftovers
|upkeep
|turn|14
|
|move|p1a: Magnezone|Substitute|p1a: Magnezone
|-start|p1a: Magnezone|Substitute
|-damage|p1a: Magnezone|42/100
|move|p2a: Ferrothorn|Power Whip|p1a: Magnezone|[miss]
|-miss|p2a: Ferrothorn|p1a: Magnezone
|
|-weather|RainDance|[upkeep]
|-heal|p1a: Magnezone|49/100|[from] item: Leftovers
|-heal|p2a: Ferrothorn|48/100|[from] item: Leftovers
|upkeep
|turn|15
|
|move|p1a: Magnezone|Hidden Power|p2a: Ferrothorn
|-supereffective|p2a: Ferrothorn
|-damage|p2a: Ferrothorn|0 fnt
|faint|p2a: Ferrothorn
|
|-weather|RainDance|[upkeep]
|-heal|p1a: Magnezone|55/100|[from] item: Leftovers
|upkeep
|
|switch|p2a: Gliscor|Gliscor, M|100/100
|-damage|p2a: Gliscor|88/100|[from] Stealth Rock
|turn|16
|
|move|p2a: Gliscor|Protect|p2a: Gliscor
|-singleturn|p2a: Gliscor|Protect
|move|p1a: Magnezone|Hidden Power|p2a: Gliscor
|-activate|p2a: Gliscor|move: Protect
|
|-weather|RainDance|[upkeep]
|-heal|p1a: Magnezone|61/100|[from] item: Leftovers
|-status|p2a: Gliscor|tox|[from] item: Toxic Orb
|upkeep
|turn|17
|
|move|p2a: Gliscor|Earthquake|p1a: Magnezone
|-supereffective|p1a: Magnezone
|-end|p1a: Magnezone|Substitute
|move|p1a: Magnezone|Hidden Power|p2a: Gliscor
|-damage|p2a: Gliscor|45/100 tox
|
|-weather|RainDance|[upkeep]
|-heal|p1a: Magnezone|67/100|[from] item: Leftovers
|-heal|p2a: Gliscor|57/100 tox|[from] ability: Poison Heal
|upkeep
|turn|18
|
|move|p2a: Gliscor|Substitute|p2a: Gliscor
|-start|p2a: Gliscor|Substitute
|-damage|p2a: Gliscor|32/100 tox
|move|p1a: Magnezone|Hidden Power|p2a: Gliscor
|-crit|p2a: Gliscor
|-end|p2a: Gliscor|Substitute
|
|-weather|RainDance|[upkeep]
|-heal|p1a: Magnezone|73/100|[from] item: Leftovers
|-heal|p2a: Gliscor|45/100 tox|[from] ability: Poison Heal
|upkeep
|turn|19
|
|move|p2a: Gliscor|Earthquake|p1a: Magnezone
|-supereffective|p1a: Magnezone
|-damage|p1a: Magnezone|0 fnt
|faint|p1a: Magnezone
|
|-weather|RainDance|[upkeep]
|-heal|p2a: Gliscor|57/100 tox|[from] ability: Poison Heal
|upkeep
|
|switch|p1a: Azelf|Azelf|78/100
|turn|20
|
|move|p2a: Gliscor|Protect|p2a: Gliscor
|-singleturn|p2a: Gliscor|Protect
|move|p1a: Azelf|Ice Punch|p2a: Gliscor
|-activate|p2a: Gliscor|move: Protect
|
|-weather|RainDance|[upkeep]
|-heal|p2a: Gliscor|70/100 tox|[from] ability: Poison Heal
|upkeep
|turn|21
|
|switch|p2a: Jirachi|Jirachi|100/100
|-damage|p2a: Jirachi|94/100|[from] Stealth Rock
|move|p1a: Azelf|Explosion|p2a: Jirachi
|-resisted|p2a: Jirachi
|-damage|p2a: Jirachi|51/100
|faint|p1a: Azelf
|
|-weather|RainDance|[upkeep]
|-heal|p2a: Jirachi|57/100|[from] item: Leftovers
|upkeep
|
|switch|p1a: Landorus|Landorus-Therian, M|100/100
|-ability|p1a: Landorus|Intimidate|boost
|-unboost|p2a: Jirachi|atk|1
|turn|22
|
|switch|p2a: Politoed|Politoed, M|100/100
|-damage|p2a: Politoed|88/100|[from] Stealth Rock
|move|p1a: Landorus|Earthquake|p2a: Politoed
|-crit|p2a: Politoed
|-damage|p2a: Politoed|0 fnt
|-damage|p1a: Landorus|91/100|[from] item: Life Orb
|faint|p2a: Politoed
|
|-weather|RainDance|[upkeep]
|upkeep
|c|☆Iamaloser314|kek
|
|switch|p2a: Gliscor|Gliscor, M|70/100 tox
|-damage|p2a: Gliscor|57/100 tox|[from] Stealth Rock
|turn|23
|
|move|p2a: Gliscor|Toxic|p1a: Landorus
|-status|p1a: Landorus|tox
|move|p1a: Landorus|Hidden Power|p2a: Gliscor
|-supereffective|p2a: Gliscor
|-damage|p2a: Gliscor|0 fnt
|-damage|p1a: Landorus|81/100 tox|[from] item: Life Orb
|faint|p2a: Gliscor
|
|-weather|RainDance|[upkeep]
|-damage|p1a: Landorus|75/100 tox|[from] psn
|upkeep
|
|switch|p2a: Keldeo|Keldeo-Resolute|100/100
|-damage|p2a: Keldeo|94/100|[from] Stealth Rock
|turn|24
|
|move|p2a: Keldeo|Surf|p1a: Landorus
|-supereffective|p1a: Landorus
|-damage|p1a: Landorus|0 fnt
|faint|p1a: Landorus
|
|-weather|RainDance|[upkeep]
|upkeep
|
|switch|p1a: Kingdra|Kingdra, M|100/100
|-damage|p1a: Kingdra|76/100|[from] Spikes
|turn|25
|
|switch|p2a: Tentacruel|Tentacruel, M|100/100
|-damage|p2a: Tentacruel|88/100|[from] Stealth Rock
|move|p1a: Kingdra|Dragon Dance|p1a: Kingdra
|-boost|p1a: Kingdra|atk|1
|-boost|p1a: Kingdra|spe|1
|
|-weather|RainDance|[upkeep]
|-heal|p2a: Tentacruel|94/100|[from] ability: Rain Dish
|-heal|p2a: Tentacruel|99/100|[from] item: Black Sludge
|upkeep
|turn|26
|
|move|p1a: Kingdra|Dragon Dance|p1a: Kingdra
|-boost|p1a: Kingdra|atk|1
|-boost|p1a: Kingdra|spe|1
|move|p2a: Tentacruel|Toxic|p1a: Kingdra
|-status|p1a: Kingdra|tox
|
|-weather|RainDance|[upkeep]
|-heal|p2a: Tentacruel|100/100|[from] ability: Rain Dish
|-damage|p1a: Kingdra|69/100 tox|[from] psn
|upkeep
|turn|27
|
|move|p1a: Kingdra|Dragon Dance|p1a: Kingdra
|-boost|p1a: Kingdra|atk|1
|-boost|p1a: Kingdra|spe|1
|move|p2a: Tentacruel|Substitute|p2a: Tentacruel
|-start|p2a: Tentacruel|Substitute
|-damage|p2a: Tentacruel|76/100
|
|-weather|RainDance|[upkeep]
|-heal|p2a: Tentacruel|82/100|[from] ability: Rain Dish
|-heal|p2a: Tentacruel|88/100|[from] item: Black Sludge
|-damage|p1a: Kingdra|57/100 tox|[from] psn
|upkeep
|turn|28
|
|move|p1a: Kingdra|Waterfall|p2a: Tentacruel
|-resisted|p2a: Tentacruel
|-end|p2a: Tentacruel|Substitute
|move|p2a: Tentacruel|Substitute|p2a: Tentacruel
|-start|p2a: Tentacruel|Substitute
|-damage|p2a: Tentacruel|63/100
|
|-weather|RainDance|[upkeep]
|-heal|p2a: Tentacruel|69/100|[from] ability: Rain Dish
|-heal|p2a: Tentacruel|75/100|[from] item: Black Sludge
|-damage|p1a: Kingdra|39/100 tox|[from] psn
|upkeep
|turn|29
|
|move|p1a: Kingdra|Rest|p1a: Kingdra
|-status|p1a: Kingdra|slp
|-heal|p1a: Kingdra|100/100 slp|[silent]
|-status|p1a: Kingdra|slp|[from] move: Rest
|-enditem|p1a: Kingdra|Chesto Berry|[eat]
|-curestatus|p1a: Kingdra|slp|[msg]
|move|p2a: Tentacruel|Substitute|p2a: Tentacruel
|-fail|p2a: Tentacruel|move: Substitute
|
|-weather|RainDance|[upkeep]
|-heal|p2a: Tentacruel|81/100|[from] ability: Rain Dish
|-heal|p2a: Tentacruel|87/100|[from] item: Black Sludge
|upkeep
|turn|30
|
|move|p1a: Kingdra|Waterfall|p2a: Tentacruel
|-resisted|p2a: Tentacruel
|-crit|p2a: Tentacruel
|-end|p2a: Tentacruel|Substitute
|move|p2a: Tentacruel|Toxic|p1a: Kingdra
|-status|p1a: Kingdra|tox
|
|-weather|RainDance|[upkeep]
|-heal|p2a: Tentacruel|93/100|[from] ability: Rain Dish
|-heal|p2a: Tentacruel|99/100|[from] item: Black Sludge
|-damage|p1a: Kingdra|94/100 tox|[from] psn
|upkeep
|turn|31
|
|move|p1a: Kingdra|Outrage|p2a: Tentacruel
|-damage|p2a: Tentacruel|0 fnt
|faint|p2a: Tentacruel
|
|-weather|RainDance|[upkeep]
|-damage|p1a: Kingdra|82/100 tox|[from] psn
|upkeep
|
|switch|p2a: Jirachi|Jirachi|57/100
|-damage|p2a: Jirachi|51/100|[from] Stealth Rock
|turn|32
|
|move|p1a: Kingdra|Outrage|p2a: Jirachi|[from]lockedmove
|-resisted|p2a: Jirachi
|-damage|p2a: Jirachi|0 fnt
|-start|p1a: Kingdra|confusion|[fatigue]
|faint|p2a: Jirachi
|
|-weather|RainDance|[upkeep]
|-damage|p1a: Kingdra|64/100 tox|[from] psn
|upkeep
|
|switch|p2a: Keldeo|Keldeo-Resolute|94/100
|-damage|p2a: Keldeo|88/100|[from] Stealth Rock
|turn|33
|
|-activate|p1a: Kingdra|confusion
|-damage|p1a: Kingdra|35/100 tox|[from] confusion
|move|p2a: Keldeo|Secret Sword|p1a: Kingdra
|-damage|p1a: Kingdra|0 fnt
|faint|p1a: Kingdra
|
|-weather|RainDance|[upkeep]
|upkeep
|
|switch|p1a: Dragonite|Dragonite, M|100/100
|turn|34
|
|move|p2a: Keldeo|Secret Sword|p1a: Dragonite
|-resisted|p1a: Dragonite
|-damage|p1a: Dragonite|84/100
|move|p1a: Dragonite|Outrage|p2a: Keldeo
|-damage|p2a: Keldeo|0 fnt
|faint|p2a: Keldeo
|
|win|Venture Capital
|raw|Venture Capital's rating: 1279 &rarr; <strong>1308</strong><br />(+29 for winning)
|raw|Iamaloser314's rating: 1341 &rarr; <strong>1317</strong><br />(-24 for losing)
