|join|kemonter
|join|BlackAtmosphere
|player|p1|kemonter|16
|player|p2|BlackAtmosphere|266
|gametype|singles
|gen|5
|tier|[Gen 5] OU
|rated
|rule|Evasion Abilities Clause: Evasion abilities are banned
|clearpoke
|poke|p1|Garchomp, F
|poke|p1|Dragonite, F
|poke|p1|Roserade, M
|poke|p1|Jirachi
|poke|p1|Hippowdon, M
|poke|p1|Starmie
|poke|p2|Garchomp, M, shiny
|poke|p2|Tyranitar, M
|poke|p2|Breloom, M
|poke|p2|Latios, M, shiny
|poke|p2|Swampert, M
|poke|p2|Scizor, M
|rule|Sleep Clause Mod: Limit one foe put to sleep
|rule|Species Clause: Limit one of each Pokemon
|rule|OHKO Clause: OHKO moves are banned
|rule|Moody Clause: Moody is banned
|rule|Evasion Moves Clause: Evasion moves are banned
|rule|Endless Battle Clause: Forcing endless battles is banned.
|rule|HP Percentage Mod: HP is reported as percentages
|teampreview
|
|start
|switch|p1a: Jirachi|Jirachi|404/404
|switch|p2a: Stardust|Latios, M, shiny|301/301
|turn|1
|chat|BlackAtmosphere|hey again
|chat|BlackAtmosphere|hope to have a good match
|
|move|p2a: Stardust|Trick|p1a: Jirachi
|-activate|p2a: Stardust|move: Trick|[of] p1a: Jirachi
|-item|p1a: Jirachi|Choice Specs|[from] move: Trick
|-item|p2a: Stardust|Leftovers|[from] move: Trick
|move|p1a: Jirachi|Body Slam|p2a: Stardust
|-damage|p2a: Stardust|216/301
|
|-heal|p2a: Stardust|234/301|[from] item: Leftovers
|turn|2
|
|switch|p2a: PartSwamp|Swampert, M|404/404
|move|p1a: Jirachi|Body Slam|p2a: PartSwamp
|-damage|p2a: PartSwamp|349/404
|
|-heal|p2a: PartSwamp|374/404|[from] item: Leftovers
|turn|3
|
|switch|p1a: Roserade|Roserade, M|323/323
|move|p2a: PartSwamp|Stealth Rock|p1a: Roserade
|-sidestart|p1: kemonter|move: Stealth Rock
|
|-heal|p2a: PartSwamp|399/404|[from] item: Leftovers
|turn|4
|
|switch|p2a: Greymon|Tyranitar, M|342/342
|-weather|Sandstorm|[from] ability: Sand Stream|[of] p2a: Greymon
|move|p1a: Roserade|Sleep Powder|p2a: Greymon|[miss]
|-miss|p1a: Roserade|p2a: Greymon
|
|-weather|Sandstorm|[upkeep]
|-damage|p1a: Roserade|303/323|[from] sandstorm
|-heal|p1a: Roserade|323/323|[from] item: Black Sludge
|turn|5
|
|move|p2a: Greymon|Stone Edge|p1a: Roserade|[miss]
|-miss|p2a: Greymon|p1a: Roserade
|move|p1a: Roserade|Sleep Powder|p2a: Greymon|[miss]
|-miss|p1a: Roserade|p2a: Greymon
|
|-weather|Sandstorm|[upkeep]
|-damage|p1a: Roserade|303/323|[from] sandstorm
|-heal|p1a: Roserade|323/323|[from] item: Black Sludge
|turn|6
|chat|kemonter|well not lookin good for me.
|
|move|p2a: Greymon|Stone Edge|p1a: Roserade
|-crit|p1a: Roserade
|-damage|p1a: Roserade|0 fnt
|faint|p1a: Roserade
|
|-weather|Sandstorm|[upkeep]
|chat|kemonter|...
|chat|BlackAtmosphere|sorry
|chat|kemonter|right when im getting number 1
|chat|kemonter|lol...this game.
|chat|kemonter|congrats man.
|chat|BlackAtmosphere|sorry i feel bad about that crit
|
|switch|p1a: Hippowdon|Hippowdon, M|419/419
|-damage|p1a: Hippowdon|393/419|[from] Stealth Rock
|turn|7
|chat|BlackAtmosphere|it was stupid
|chat|kemonter|no para, dodge to sleep and then crit
|chat|kemonter|you're just too good
|
|switch|p2a: Goomba|Breloom, M|262/262
|move|p1a: Hippowdon|Stealth Rock|p2a: Goomba
|-sidestart|p2: BlackAtmosphere|move: Stealth Rock
|
|-weather|Sandstorm|[upkeep]
|-damage|p2a: Goomba|246/262|[from] sandstorm
|-heal|p1a: Hippowdon|419/419|[from] item: Leftovers
|-status|p2a: Goomba|tox|[from] item: Toxic Orb
|turn|8
|
|move|p2a: Goomba|Spore|p1a: Hippowdon
|-status|p1a: Hippowdon|slp
|cant|p1a: Hippowdon|slp
|
|-weather|Sandstorm|[upkeep]
|-damage|p2a: Goomba|230/262 tox|[from] sandstorm
|-heal|p2a: Goomba|262/262 tox|[from] ability: Poison Heal
|turn|9
|chat|BlackAtmosphere|i made good plays but i didnt deserve haxs
|
|move|p2a: Goomba|Substitute|p2a: Goomba
|-start|p2a: Goomba|Substitute
|-damage|p2a: Goomba|197/262 tox
|cant|p1a: Hippowdon|slp
|
|-weather|Sandstorm|[upkeep]
|-damage|p2a: Goomba|181/262 tox|[from] sandstorm
|-heal|p2a: Goomba|213/262 tox|[from] ability: Poison Heal
|turn|10
|chat|kemonter|rofl
|chat|kemonter|good play like what?
|chat|BlackAtmosphere|trick
|
|-singleturn|p2a: Goomba|move: Focus Punch
|move|p2a: Goomba|Focus Punch|p1a: Hippowdon
|-damage|p1a: Hippowdon|239/419 slp
|-curestatus|p1a: Hippowdon|slp
|move|p1a: Hippowdon|Whirlwind|p2a: Goomba
|drag|p2a: PartSwamp|Swampert, M|399/404
|-damage|p2a: PartSwamp|374/404|[from] Stealth Rock
|
|-weather|Sandstorm|[upkeep]
|-heal|p2a: PartSwamp|399/404|[from] item: Leftovers
|-heal|p1a: Hippowdon|265/419|[from] item: Leftovers
|turn|11
|chat|kemonter|risking latios to para?
|chat|kemonter|yea thats great
|chat|BlackAtmosphere|it was worth it
|chat|kemonter|you fuckin got me
|
|switch|p1a: Starmie|Starmie|323/323
|-damage|p1a: Starmie|283/323|[from] Stealth Rock
|move|p2a: PartSwamp|Scald|p1a: Starmie
|-resisted|p1a: Starmie
|-damage|p1a: Starmie|235/323
|
|-weather|Sandstorm|[upkeep]
|-damage|p1a: Starmie|215/323|[from] sandstorm
|-heal|p1a: Starmie|235/323|[from] item: Leftovers
|-heal|p2a: PartSwamp|404/404|[from] item: Leftovers
|turn|12
|
|switch|p2a: U-TurnMeOn|Scizor, M|344/344
|-damage|p2a: U-TurnMeOn|301/344|[from] Stealth Rock
|move|p1a: Starmie|Rapid Spin|p2a: U-TurnMeOn
|-resisted|p2a: U-TurnMeOn
|-damage|p2a: U-TurnMeOn|295/344
|-sideend|p1: kemonter|Stealth Rock|[from] move: Rapid Spin|[of] p1a: Starmie
|
|-weather|Sandstorm|[upkeep]
|-damage|p1a: Starmie|215/323|[from] sandstorm
|-heal|p1a: Starmie|235/323|[from] item: Leftovers
|turn|13
|chat|kemonter|its "worth it" because you're lucky but yeah great!
|
|move|p1a: Starmie|Scald|p2a: U-TurnMeOn
|-damage|p2a: U-TurnMeOn|186/344
|move|p2a: U-TurnMeOn|U-turn|p1a: Starmie
|-supereffective|p1a: Starmie
|-damage|p1a: Starmie|0 fnt
|faint|p1a: Starmie
|
|switch|p2a: PartSwamp|Swampert, M|404/404
|-damage|p2a: PartSwamp|379/404|[from] Stealth Rock
|
|-weather|Sandstorm|[upkeep]
|-heal|p2a: PartSwamp|404/404|[from] item: Leftovers
|
|switch|p1a: Dragonite|Dragonite, F|339/339
|turn|14
|
|move|p1a: Dragonite|Ice Beam|p2a: PartSwamp
|-damage|p2a: PartSwamp|301/404
|move|p2a: PartSwamp|Ice Beam|p1a: Dragonite
|-supereffective|p1a: Dragonite
|-damage|p1a: Dragonite|213/339
|
|-weather|Sandstorm|[upkeep]
|-damage|p1a: Dragonite|192/339|[from] sandstorm
|-heal|p1a: Dragonite|213/339|[from] item: Leftovers
|-heal|p2a: PartSwamp|326/404|[from] item: Leftovers
|turn|15
|
|move|p1a: Dragonite|Roost|p1a: Dragonite
|-heal|p1a: Dragonite|339/339
|move|p2a: PartSwamp|Ice Beam|p1a: Dragonite
|-supereffective|p1a: Dragonite
|-damage|p1a: Dragonite|274/339
|
|-weather|Sandstorm|[upkeep]
|-damage|p1a: Dragonite|253/339|[from] sandstorm
|-heal|p1a: Dragonite|274/339|[from] item: Leftovers
|-heal|p2a: PartSwamp|351/404|[from] item: Leftovers
|turn|16
|chat|kemonter|gg man you deserve it!
|
|move|p1a: Dragonite|Ice Beam|p2a: PartSwamp
|-damage|p2a: PartSwamp|241/404
|move|p2a: PartSwamp|Ice Beam|p1a: Dragonite
|-supereffective|p1a: Dragonite
|-damage|p1a: Dragonite|2/339
|
|-weather|Sandstorm|[upkeep]
|-damage|p1a: Dragonite|0 fnt|[from] sandstorm
|-heal|p2a: PartSwamp|266/404|[from] item: Leftovers
|faint|p1a: Dragonite
|chat|kemonter|fucking faggot
|-message|kemonter forfeited.
|
|win|BlackAtmosphere
|raw|Ladder updating...
|leave|kemonter
|player|p1
|chat|BlackAtmosphere|LOL
|raw|kemonter's rating: 1645 &rarr; <strong>1619</strong><br />(-26 for losing)
|raw|BlackAtmosphere's rating: 1543 &rarr; <strong>1568</strong><br />(+25 for winning)