|j|☆Crimsonbacon38
|j|☆UnumGenus
|t:|1727661766
|gametype|singles
|player|p1|Crimsonbacon38|barry|1307
|player|p2|UnumGenus|fisherman-gen4|1406
|teamsize|p1|6
|teamsize|p2|6
|gen|5
|tier|[Gen 5] OU
|rated|
|rule|Species Clause: Limit one of each Pokémon
|rule|OHKO Clause: OHKO moves are banned
|rule|Moody Clause: Moody is banned
|rule|Evasion Items Clause: Evasion items are banned
|rule|Evasion Moves Clause: Evasion moves are banned
|rule|Endless Battle Clause: Forcing endless battles is banned
|rule|HP Percentage Mod: HP is shown in percentages
|rule|Evasion Abilities Clause: Evasion abilities are banned
|rule|Sleep Moves Clause: Sleep-inducing moves are banned
|rule|Swagger Clause: Swagger is banned
|rule|Baton Pass Stat Clause: No Baton Passer may have a way to boost its stats
|clearpoke
|poke|p1|Tyranitar, F|item
|poke|p1|Excadrill, F|item
|poke|p1|Garchomp, F|item
|poke|p1|Keldeo|item
|poke|p1|Latios, M|item
|poke|p1|Skarmory, F|item
|poke|p2|Terrakion|item
|poke|p2|Infernape, F|item
|poke|p2|Keldeo|item
|poke|p2|Lucario, F|item
|poke|p2|Scrafty, F|item
|poke|p2|Conkeldurr, M|item
|teampreview
|inactive|Battle timer is ON: inactive players will automatically lose when time's up. (requested by UnumGenus)
|
|t:|1727661776
|start
|switch|p1a: Tyranitar|Tyranitar, F|100/100
|switch|p2a: ゴウカザル|Infernape, F, shiny|100/100
|-weather|Sandstorm|[from] ability: Sand Stream|[of] p1a: Tyranitar
|turn|1
|
|t:|1727661782
|switch|p1a: Latios|Latios, M|100/100
|move|p2a: ゴウカザル|Stealth Rock|p1a: Latios
|-sidestart|p1: Crimsonbacon38|move: Stealth Rock
|
|-weather|Sandstorm|[upkeep]
|-damage|p1a: Latios|95/100|[from] Sandstorm
|-damage|p2a: ゴウカザル|94/100|[from] Sandstorm
|upkeep
|turn|2
|
|t:|1727661790
|move|p1a: Latios|Surf|p2a: ゴウカザル
|-supereffective|p2a: ゴウカザル
|-damage|p2a: ゴウカザル|0 fnt
|faint|p2a: ゴウカザル
|
|-weather|Sandstorm|[upkeep]
|-damage|p1a: Latios|89/100|[from] Sandstorm
|upkeep
|
|t:|1727661792
|switch|p2a: ケルディオ|Keldeo|100/100
|turn|3
|
|t:|1727661797
|switch|p1a: Skarmory|Skarmory, F|100/100
|-damage|p1a: Skarmory|88/100|[from] Stealth Rock
|move|p2a: ケルディオ|Calm Mind|p2a: ケルディオ
|-boost|p2a: ケルディオ|spa|1
|-boost|p2a: ケルディオ|spd|1
|
|-weather|Sandstorm|[upkeep]
|-damage|p2a: ケルディオ|94/100|[from] Sandstorm
|-heal|p2a: ケルディオ|100/100|[from] item: Leftovers
|upkeep
|turn|4
|
|t:|1727661805
|move|p2a: ケルディオ|Scald|p1a: Skarmory
|-damage|p1a: Skarmory|43/100
|move|p1a: Skarmory|Brave Bird|p2a: ケルディオ
|-supereffective|p2a: ケルディオ
|-damage|p2a: ケルディオ|54/100
|-damage|p1a: Skarmory|25/100|[from] Recoil
|
|-weather|Sandstorm|[upkeep]
|-damage|p2a: ケルディオ|48/100|[from] Sandstorm
|-heal|p2a: ケルディオ|54/100|[from] item: Leftovers
|upkeep
|turn|5
|c|☆Crimsonbacon38|Oh fuck that’s Physdef as fuck
|-enditem|p1a: Skarmory|Custap Berry|[eat]
|-activate|p1a: Skarmory|item: Custap Berry|[consumed]
|
|t:|1727661825
|move|p1a: Skarmory|Spikes|p2a: ケルディオ
|-sidestart|p2: UnumGenus|Spikes
|move|p2a: ケルディオ|Scald|p1a: Skarmory
|-damage|p1a: Skarmory|0 fnt
|faint|p1a: Skarmory
|
|-weather|Sandstorm|[upkeep]
|-damage|p2a: ケルディオ|48/100|[from] Sandstorm
|-heal|p2a: ケルディオ|54/100|[from] item: Leftovers
|upkeep
|c|☆UnumGenus|sure is :p
|
|t:|1727661832
|switch|p1a: Latios|Latios, M|89/100
|-damage|p1a: Latios|76/100|[from] Stealth Rock
|turn|6
|
|t:|1727661842
|move|p1a: Latios|Psyshock|p2a: ケルディオ
|-supereffective|p2a: ケルディオ
|-damage|p2a: ケルディオ|0 fnt
|faint|p2a: ケルディオ
|
|-weather|Sandstorm|[upkeep]
|-damage|p1a: Latios|70/100|[from] Sandstorm
|upkeep
|
|t:|1727661845
|switch|p2a: ズルズキン|Scrafty, F|100/100
|-damage|p2a: ズルズキン|88/100|[from] Spikes
|-ability|p2a: ズルズキン|Intimidate|boost
|-unboost|p1a: Latios|atk|1
|turn|7
|
|t:|1727661852
|switch|p1a: Keldeo|Keldeo|100/100
|-damage|p1a: Keldeo|94/100|[from] Stealth Rock
|move|p2a: ズルズキン|High Jump Kick|p1a: Keldeo
|-damage|p1a: Keldeo|0 fnt
|faint|p1a: Keldeo
|
|-weather|Sandstorm|[upkeep]
|-damage|p2a: ズルズキン|82/100|[from] Sandstorm
|upkeep
|
|t:|1727661863
|switch|p1a: Latios|Latios, M|70/100
|-damage|p1a: Latios|58/100|[from] Stealth Rock
|turn|8
|
|t:|1727661872
|switch|p2a: ルカリオ|Lucario, F, shiny|100/100
|-damage|p2a: ルカリオ|88/100|[from] Spikes
|move|p1a: Latios|Draco Meteor|p2a: ルカリオ
|-resisted|p2a: ルカリオ
|-damage|p2a: ルカリオ|26/100
|-unboost|p1a: Latios|spa|2
|
|-weather|Sandstorm|[upkeep]
|-damage|p1a: Latios|52/100|[from] Sandstorm
|upkeep
|turn|9
|
|t:|1727661883
|move|p2a: ルカリオ|Extreme Speed|p1a: Latios
|-damage|p1a: Latios|10/100
|-damage|p2a: ルカリオ|16/100|[from] item: Life Orb
|move|p1a: Latios|Draco Meteor|p2a: ルカリオ
|-resisted|p2a: ルカリオ
|-damage|p2a: ルカリオ|0 fnt
|-unboost|p1a: Latios|spa|2
|faint|p2a: ルカリオ
|
|-weather|Sandstorm|[upkeep]
|-damage|p1a: Latios|4/100|[from] Sandstorm
|upkeep
|
|t:|1727661897
|switch|p2a: ローブシン|Conkeldurr, M|100/100
|-damage|p2a: ローブシン|88/100|[from] Spikes
|turn|10
|c|☆Crimsonbacon38|What speed was that Keldeo? If you don’t mind me aski g
|c|☆Crimsonbacon38|asking
|
|t:|1727661908
|switch|p1a: Garchomp|Garchomp, F|100/100
|-damage|p1a: Garchomp|94/100|[from] Stealth Rock
|move|p2a: ローブシン|Bulk Up|p2a: ローブシン
|-boost|p2a: ローブシン|atk|1
|-boost|p2a: ローブシン|def|1
|
|-weather|Sandstorm|[upkeep]
|-damage|p2a: ローブシン|82/100|[from] Sandstorm
|-heal|p1a: Garchomp|100/100|[from] item: Leftovers
|-heal|p2a: ローブシン|88/100|[from] item: Leftovers
|upkeep
|turn|11
|c|☆UnumGenus|260
|
|t:|1727661924
|move|p1a: Garchomp|Outrage|p2a: ローブシン
|-damage|p2a: ローブシン|48/100
|move|p2a: ローブシン|Drain Punch|p1a: Garchomp
|-damage|p1a: Garchomp|37/100
|-heal|p2a: ローブシン|79/100|[from] drain|[of] p1a: Garchomp
|-damage|p2a: ローブシン|67/100|[from] ability: Rough Skin|[of] p1a: Garchomp
|
|-weather|Sandstorm|[upkeep]
|-damage|p2a: ローブシン|61/100|[from] Sandstorm
|-heal|p1a: Garchomp|44/100|[from] item: Leftovers
|-heal|p2a: ローブシン|67/100|[from] item: Leftovers
|upkeep
|turn|12
|c|☆Crimsonbacon38|I think I would do 263 if I were you
|
|t:|1727661951
|move|p1a: Garchomp|Outrage|p2a: ローブシン|[from]lockedmove
|-damage|p2a: ローブシン|25/100
|-start|p1a: Garchomp|confusion|[fatigue]
|move|p2a: ローブシン|Drain Punch|p1a: Garchomp
|-damage|p1a: Garchomp|0 fnt
|-heal|p2a: ローブシン|46/100|[from] drain|[of] p1a: Garchomp
|-damage|p2a: ローブシン|33/100|[from] ability: Rough Skin|[of] p1a: Garchomp
|faint|p1a: Garchomp
|
|-weather|Sandstorm|[upkeep]
|-damage|p2a: ローブシン|27/100|[from] Sandstorm
|-heal|p2a: ローブシン|33/100|[from] item: Leftovers
|upkeep
|
|t:|1727661960
|switch|p1a: Excadrill|Excadrill, F|100/100
|-damage|p1a: Excadrill|97/100|[from] Stealth Rock
|turn|13
|c|☆UnumGenus|i could, but i need to maximize my subsitute
|
|t:|1727661972
|move|p2a: ローブシン|Mach Punch|p1a: Excadrill
|-supereffective|p1a: Excadrill
|-damage|p1a: Excadrill|0 fnt
|faint|p1a: Excadrill
|
|-weather|Sandstorm|[upkeep]
|-damage|p2a: ローブシン|27/100|[from] Sandstorm
|-heal|p2a: ローブシン|33/100|[from] item: Leftovers
|upkeep
|c|☆UnumGenus|so it can take 2 hits or more
|c|☆Crimsonbacon38|I get 260, it can hit mamo, but 263 has juuust a better mu spread
|inactive|Crimsonbacon38 has 120 seconds left.
|
|t:|1727661999
|switch|p1a: Tyranitar|Tyranitar, F|100/100
|-damage|p1a: Tyranitar|88/100|[from] Stealth Rock
|turn|14
|c|☆Crimsonbacon38|gg
|c|☆UnumGenus|gg
|
|t:|1727662009
|move|p2a: ローブシン|Mach Punch|p1a: Tyranitar
|-supereffective|p1a: Tyranitar
|-damage|p1a: Tyranitar|0 fnt
|faint|p1a: Tyranitar
|
|-weather|Sandstorm|[upkeep]
|-damage|p2a: ローブシン|27/100|[from] Sandstorm
|-heal|p2a: ローブシン|33/100|[from] item: Leftovers
|upkeep
|inactive|Crimsonbacon38 has 120 seconds left.
|c|☆Crimsonbacon38|I recommend trying something with garchomp and keld if you like keld
|c|☆Crimsonbacon38|theyre a strong as fuck pairing
|
|t:|1727662033
|switch|p1a: Latios|Latios, M|4/100
|-damage|p1a: Latios|0 fnt|[from] Stealth Rock
|faint|p1a: Latios
|
|win|UnumGenus
|raw|Crimsonbacon38's rating: 1307 &rarr; <strong>1293</strong><br />(-14 for losing)
|raw|UnumGenus's rating: 1406 &rarr; <strong>1420</strong><br />(+14 for winning)
