|j|☆the great gazump
|j|☆dc_wash
|t:|1746305146
|gametype|singles
|player|p1|the great gazump|102|1421
|player|p2|dc_wash|cameraman|1305
|teamsize|p1|6
|teamsize|p2|6
|gen|5
|tier|[Gen 5] OU
|rated|
|rule|Species Clause: Limit one of each Pokémon
|rule|OHKO Clause: OHKO moves are banned
|rule|Moody Clause: Moody is banned
|rule|Evasion Items Clause: Evasion items are banned
|rule|Evasion Moves Clause: Evasion moves are banned
|rule|Endless Battle Clause: Forcing endless battles is banned
|rule|HP Percentage Mod: HP is shown in percentages
|rule|Evasion Abilities Clause: Evasion abilities are banned
|rule|Sleep Moves Clause: Sleep-inducing moves are banned
|rule|Swagger Clause: Swagger is banned
|rule|Baton Pass Stat Clause: No Baton Passer may have a way to boost its stats
|clearpoke
|poke|p1|Landorus-Therian, M|item
|poke|p1|Garchomp, M|item
|poke|p1|Starmie|item
|poke|p1|Jirachi|item
|poke|p1|Dragonite, M|item
|poke|p1|Lucario, M|item
|poke|p2|Tyranitar, F|item
|poke|p2|Alakazam, M|item
|poke|p2|Latios, M|item
|poke|p2|Ferrothorn, F|item
|poke|p2|Keldeo|item
|poke|p2|Landorus-Therian, M|item
|teampreview
|inactive|Battle timer is ON: inactive players will automatically lose when time's up. (requested by the great gazump)
|inactive|the great gazump has 120 seconds left.
|
|t:|1746305198
|start
|switch|p1a: Garchomp|Garchomp, M|100/100
|switch|p2a: Keldeo|Keldeo|100/100
|turn|1
|
|t:|1746305222
|switch|p1a: Starmie|Starmie|100/100
|-item|p1a: Starmie|Air Balloon
|move|p2a: Keldeo|Hidden Power|p1a: Starmie
|-resisted|p1a: Starmie
|-damage|p1a: Starmie|81/100
|-enditem|p1a: Starmie|Air Balloon
|
|upkeep
|turn|2
|
|t:|1746305236
|switch|p1a: Garchomp|Garchomp, M|100/100
|move|p2a: Keldeo|Protect||[still]
|-fail|p2a: Keldeo
|
|upkeep
|turn|3
|
|t:|1746305241
|switch|p1a: Starmie|Starmie|81/100
|move|p2a: Keldeo|Hidden Power|p1a: Starmie
|-resisted|p1a: Starmie
|-damage|p1a: Starmie|63/100
|
|upkeep
|turn|4
|
|t:|1746305252
|switch|p2a: Ferrothorn|Ferrothorn, F|100/100
|move|p1a: Starmie|Thunderbolt|p2a: Ferrothorn
|-resisted|p2a: Ferrothorn
|-damage|p2a: Ferrothorn|91/100
|
|upkeep
|turn|5
|
|t:|1746305261
|switch|p1a: Garchomp|Garchomp, M|100/100
|move|p2a: Ferrothorn|Spikes|p1a: Garchomp
|-sidestart|p1: the great gazump|Spikes
|
|upkeep
|turn|6
|
|t:|1746305269
|move|p1a: Garchomp|Earthquake|p2a: Ferrothorn
|-damage|p2a: Ferrothorn|50/100
|-damage|p1a: Garchomp|91/100|[from] item: Life Orb
|move|p2a: Ferrothorn|Spikes|p1a: Garchomp
|-sidestart|p1: the great gazump|Spikes
|
|upkeep
|turn|7
|
|t:|1746305283
|move|p1a: Garchomp|Fire Blast|p2a: Ferrothorn
|-supereffective|p2a: Ferrothorn
|-damage|p2a: Ferrothorn|0 fnt
|faint|p2a: Ferrothorn
|-damage|p1a: Garchomp|81/100|[from] item: Life Orb
|
|upkeep
|
|t:|1746305286
|switch|p2a: Keldeo|Keldeo|100/100
|turn|8
|inactive|the great gazump has 120 seconds left.
|
|t:|1746305318
|switch|p1a: Starmie|Starmie|63/100
|-damage|p1a: Starmie|47/100|[from] Spikes
|move|p2a: Keldeo|Secret Sword|p1a: Starmie
|-resisted|p1a: Starmie
|-damage|p1a: Starmie|14/100
|
|upkeep
|turn|9
|
|t:|1746305340
|move|p2a: Keldeo|Protect|p2a: Keldeo
|-singleturn|p2a: Keldeo|Protect
|move|p1a: Starmie|Rapid Spin|p2a: Keldeo
|-activate|p2a: Keldeo|move: Protect
|
|upkeep
|turn|10
|
|t:|1746305349
|move|p1a: Starmie|Rapid Spin|p2a: Keldeo
|-damage|p2a: Keldeo|97/100
|-sideend|p1: the great gazump|Spikes|[from] move: Rapid Spin|[of] p1a: Starmie
|move|p2a: Keldeo|Secret Sword|p1a: Starmie
|-resisted|p1a: Starmie
|-damage|p1a: Starmie|0 fnt
|faint|p1a: Starmie
|
|-heal|p2a: Keldeo|100/100|[from] item: Leftovers
|upkeep
|
|t:|1746305370
|switch|p1a: Dragonite|Dragonite, M|100/100
|turn|11
|
|t:|1746305377
|move|p2a: Keldeo|Hidden Power|p1a: Dragonite
|-supereffective|p1a: Dragonite
|-enditem|p1a: Dragonite|Yache Berry|[eat]
|-enditem|p1a: Dragonite|Yache Berry|[weaken]
|-damage|p1a: Dragonite|73/100
|move|p1a: Dragonite|Dragon Dance|p1a: Dragonite
|-boost|p1a: Dragonite|atk|1
|-boost|p1a: Dragonite|spe|1
|
|upkeep
|turn|12
|
|t:|1746305387
|switch|p2a: Landorus|Landorus-Therian, M|100/100
|-ability|p2a: Landorus|Intimidate|boost
|-unboost|p1a: Dragonite|atk|1
|move|p1a: Dragonite|Outrage|p2a: Landorus
|-crit|p2a: Landorus
|-damage|p2a: Landorus|0 fnt
|faint|p2a: Landorus
|
|upkeep
|c|☆dc_wash|...
|c|☆the great gazump|amazingly that may be bad for me
|c|☆the great gazump|but yh sorry
|inactive|dc_wash has 120 seconds left.
|
|t:|1746305434
|switch|p2a: Keldeo|Keldeo|100/100
|turn|13
|
|t:|1746305438
|move|p1a: Dragonite|Outrage|p2a: Keldeo|[from] lockedmove
|-damage|p2a: Keldeo|26/100
|-start|p1a: Dragonite|confusion|[fatigue]
|move|p2a: Keldeo|Hidden Power|p1a: Dragonite
|-supereffective|p1a: Dragonite
|-damage|p1a: Dragonite|0 fnt
|faint|p1a: Dragonite
|
|-heal|p2a: Keldeo|32/100|[from] item: Leftovers
|upkeep
|inactive|the great gazump has 120 seconds left.
|
|t:|1746305498
|switch|p1a: Landorus|Landorus-Therian, M|100/100
|-ability|p1a: Landorus|Intimidate|boost
|-unboost|p2a: Keldeo|atk|1
|turn|14
|inactive|dc_wash has 120 seconds left.
|
|t:|1746305526
|move|p2a: Keldeo|Hidden Power|p1a: Landorus
|-supereffective|p1a: Landorus
|-damage|p1a: Landorus|31/100
|move|p1a: Landorus|Earthquake|p2a: Keldeo
|-damage|p2a: Keldeo|0 fnt
|faint|p2a: Keldeo
|
|-heal|p1a: Landorus|37/100|[from] item: Leftovers
|upkeep
|
|t:|1746305544
|switch|p2a: Alakazam|Alakazam, M|100/100
|turn|15
|
|t:|1746305552
|move|p2a: Alakazam|Psychic|p1a: Landorus
|-damage|p1a: Landorus|0 fnt
|faint|p1a: Landorus
|
|upkeep
|
|t:|1746305554
|switch|p1a: Jirachi|Jirachi|100/100
|turn|16
|
|t:|1746305563
|move|p1a: Jirachi|Iron Head|p2a: Alakazam
|-damage|p2a: Alakazam|33/100
|move|p2a: Alakazam|Hidden Power|p1a: Jirachi
|-supereffective|p1a: Jirachi
|-damage|p1a: Jirachi|55/100
|
|upkeep
|turn|17
|inactive|dc_wash has 120 seconds left.
|
|t:|1746305569
|switch|p2a: Latios|Latios, M|100/100
|move|p1a: Jirachi|Iron Head|p2a: Latios
|-damage|p2a: Latios|60/100
|
|upkeep
|turn|18
|
|t:|1746305575
|move|p2a: Latios|Surf|p1a: Jirachi
|-damage|p1a: Jirachi|29/100
|move|p1a: Jirachi|Iron Head|p2a: Latios
|-damage|p2a: Latios|20/100
|
|upkeep
|turn|19
|
|t:|1746305594
|switch|p1a: Garchomp|Garchomp, M|81/100
|move|p2a: Latios|Surf|p1a: Garchomp
|-damage|p1a: Garchomp|43/100
|
|upkeep
|turn|20
|
|t:|1746305610
|move|p2a: Latios|Surf|p1a: Garchomp
|-damage|p1a: Garchomp|6/100
|move|p1a: Garchomp|Hidden Power|p2a: Latios
|-supereffective|p2a: Latios
|-damage|p2a: Latios|0 fnt
|faint|p2a: Latios
|-damage|p1a: Garchomp|0 fnt|[from] item: Life Orb
|faint|p1a: Garchomp
|
|upkeep
|
|t:|1746305620
|switch|p2a: Tyranitar|Tyranitar, F|100/100
|switch|p1a: Jirachi|Jirachi|29/100
|-weather|Sandstorm|[from] ability: Sand Stream|[of] p2a: Tyranitar
|turn|21
|
|t:|1746305626
|move|p1a: Jirachi|Iron Head|p2a: Tyranitar
|-supereffective|p2a: Tyranitar
|-damage|p2a: Tyranitar|48/100
|move|p2a: Tyranitar|Flamethrower|p1a: Jirachi
|-supereffective|p1a: Jirachi
|-damage|p1a: Jirachi|0 fnt
|faint|p1a: Jirachi
|
|-weather|Sandstorm|[upkeep]
|upkeep
|
|t:|1746305629
|switch|p1a: Lucario|Lucario, M|100/100
|turn|22
|
|t:|1746305636
|move|p1a: Lucario|Close Combat|p2a: Tyranitar
|-supereffective|p2a: Tyranitar
|-enditem|p2a: Tyranitar|Chople Berry|[eat]
|-enditem|p2a: Tyranitar|Chople Berry|[weaken]
|-damage|p2a: Tyranitar|0 fnt
|-unboost|p1a: Lucario|def|1
|-unboost|p1a: Lucario|spd|1
|faint|p2a: Tyranitar
|-damage|p1a: Lucario|91/100|[from] item: Life Orb
|
|-weather|Sandstorm|[upkeep]
|upkeep
|
|t:|1746305640
|switch|p2a: Alakazam|Alakazam, M|33/100
|turn|23
|
|t:|1746305643
|move|p1a: Lucario|Extreme Speed|p2a: Alakazam
|-damage|p2a: Alakazam|0 fnt
|faint|p2a: Alakazam
|-damage|p1a: Lucario|81/100|[from] item: Life Orb
|
|win|the great gazump
|raw|the great gazump's rating: 1421 &rarr; <strong>1435</strong><br />(+14 for winning)
|raw|dc_wash's rating: 1305 &rarr; <strong>1291</strong><br />(-14 for losing)
