|j|☆SkillfullBeing
|j|☆Croaset
|t:|1728942412
|gametype|singles
|player|p1|SkillfullBeing|nate|1319
|player|p2|Croaset|elesa|1380
|teamsize|p1|6
|teamsize|p2|6
|gen|5
|tier|[Gen 5] OU
|rated|
|rule|Species Clause: Limit one of each Pokémon
|rule|OHKO Clause: OHKO moves are banned
|rule|Moody Clause: Moody is banned
|rule|Evasion Items Clause: Evasion items are banned
|rule|Evasion Moves Clause: Evasion moves are banned
|rule|Endless Battle Clause: Forcing endless battles is banned
|rule|HP Percentage Mod: HP is shown in percentages
|rule|Evasion Abilities Clause: Evasion abilities are banned
|rule|Sleep Moves Clause: Sleep-inducing moves are banned
|rule|Swagger Clause: Swagger is banned
|rule|Baton Pass Stat Clause: No Baton Passer may have a way to boost its stats
|clearpoke
|poke|p1|Tyranitar, F|item
|poke|p1|Alakazam, M|item
|poke|p1|Rotom-Wash|item
|poke|p1|Keldeo|item
|poke|p1|Excadrill, F|item
|poke|p1|Garchomp, M|item
|poke|p2|Reuniclus, F|item
|poke|p2|Skarmory, M|item
|poke|p2|Latios, M|item
|poke|p2|Tyranitar, M|item
|poke|p2|Landorus-Therian, M|item
|poke|p2|Latias, F|item
|teampreview
|inactive|Battle timer is ON: inactive players will automatically lose when time's up. (requested by SkillfullBeing)
|
|t:|1728942434
|start
|switch|p1a: Rotom|Rotom-Wash|100/100
|switch|p2a: Latias|Latias, F|100/100
|turn|1
|
|t:|1728942438
|move|p2a: Latias|Thunder Wave|p1a: Rotom
|-status|p1a: Rotom|par
|move|p1a: Rotom|Volt Switch|p2a: Latias
|-resisted|p2a: Latias
|-damage|p2a: Latias|91/100
|
|t:|1728942443
|switch|p1a: Tyranitar|Tyranitar, F|100/100|[from] Volt Switch
|-weather|Sandstorm|[from] ability: Sand Stream|[of] p1a: Tyranitar
|
|-weather|Sandstorm|[upkeep]
|-damage|p2a: Latias|85/100|[from] Sandstorm
|-heal|p2a: Latias|91/100|[from] item: Leftovers
|upkeep
|turn|2
|
|t:|1728942447
|move|p2a: Latias|Thunder Wave|p1a: Tyranitar
|-status|p1a: Tyranitar|par
|move|p1a: Tyranitar|Crunch|p2a: Latias
|-supereffective|p2a: Latias
|-damage|p2a: Latias|15/100
|-unboost|p2a: Latias|def|1
|
|-weather|Sandstorm|[upkeep]
|-damage|p2a: Latias|9/100|[from] Sandstorm
|-heal|p2a: Latias|15/100|[from] item: Leftovers
|upkeep
|turn|3
|
|t:|1728942452
|move|p2a: Latias|Recover|p2a: Latias
|-heal|p2a: Latias|65/100
|move|p1a: Tyranitar|Pursuit|p2a: Latias
|-supereffective|p2a: Latias
|-damage|p2a: Latias|5/100
|
|-weather|Sandstorm|[upkeep]
|-damage|p2a: Latias|0 fnt|[from] Sandstorm
|faint|p2a: Latias
|upkeep
|
|t:|1728942459
|switch|p2a: Landorus|Landorus-Therian, M|100/100
|-ability|p2a: Landorus|Intimidate|boost
|-unboost|p1a: Tyranitar|atk|1
|turn|4
|
|t:|1728942461
|switch|p1a: Rotom|Rotom-Wash|100/100 par
|move|p2a: Landorus|Knock Off|p1a: Rotom
|-damage|p1a: Rotom|94/100 par
|-enditem|p1a: Rotom|Leftovers|[from] move: Knock Off|[of] p2a: Landorus
|
|-weather|Sandstorm|[upkeep]
|-damage|p1a: Rotom|88/100 par|[from] Sandstorm
|upkeep
|turn|5
|
|t:|1728942467
|move|p2a: Landorus|U-turn|p1a: Rotom
|-damage|p1a: Rotom|65/100 par
|
|t:|1728942479
|switch|p2a: Latios|Latios, M|100/100|[from] U-turn
|move|p1a: Rotom|Will-O-Wisp|p2a: Latios|[miss]
|-miss|p1a: Rotom|p2a: Latios
|
|-weather|Sandstorm|[upkeep]
|-damage|p2a: Latios|95/100|[from] Sandstorm
|-damage|p1a: Rotom|59/100 par|[from] Sandstorm
|upkeep
|turn|6
|
|t:|1728942484
|switch|p1a: Tyranitar|Tyranitar, F|100/100 par
|move|p2a: Latios|Draco Meteor|p1a: Tyranitar
|-damage|p1a: Tyranitar|70/100 par
|-unboost|p2a: Latios|spa|2
|
|-weather|Sandstorm|[upkeep]
|-damage|p2a: Latios|89/100|[from] Sandstorm
|upkeep
|turn|7
|
|t:|1728942490
|-activate|p2a: Latios|move: Pursuit
|move|p1a: Tyranitar|Pursuit|p2a: Latios|[from]Pursuit
|-supereffective|p2a: Latios
|-enditem|p2a: Latios|Colbur Berry|[eat]
|-enditem|p2a: Latios|Colbur Berry|[weaken]
|-damage|p2a: Latios|35/100
|switch|p2a: Landorus|Landorus-Therian, M|100/100
|-ability|p2a: Landorus|Intimidate|boost
|-unboost|p1a: Tyranitar|atk|1
|
|-weather|Sandstorm|[upkeep]
|upkeep
|turn|8
|
|t:|1728942497
|switch|p1a: Rotom|Rotom-Wash|59/100 par
|move|p2a: Landorus|U-turn|p1a: Rotom
|-damage|p1a: Rotom|34/100 par
|
|t:|1728942502
|switch|p2a: Latios|Latios, M|35/100|[from] U-turn
|
|-weather|Sandstorm|[upkeep]
|-damage|p2a: Latios|29/100|[from] Sandstorm
|-damage|p1a: Rotom|28/100 par|[from] Sandstorm
|upkeep
|turn|9
|
|t:|1728942510
|move|p2a: Latios|Draco Meteor|p1a: Rotom
|-damage|p1a: Rotom|0 fnt
|-unboost|p2a: Latios|spa|2
|faint|p1a: Rotom
|
|-weather|Sandstorm|[upkeep]
|-damage|p2a: Latios|23/100|[from] Sandstorm
|upkeep
|
|t:|1728942520
|switch|p1a: Tyranitar|Tyranitar, F|70/100 par
|turn|10
|
|t:|1728942526
|switch|p2a: Landorus|Landorus-Therian, M|100/100
|-ability|p2a: Landorus|Intimidate|boost
|-unboost|p1a: Tyranitar|atk|1
|move|p1a: Tyranitar|Crunch|p2a: Landorus
|-damage|p2a: Landorus|77/100
|-unboost|p2a: Landorus|def|1
|
|-weather|Sandstorm|[upkeep]
|-heal|p2a: Landorus|83/100|[from] item: Leftovers
|upkeep
|turn|11
|
|t:|1728942533
|switch|p1a: Keldeo|Keldeo|100/100
|move|p2a: Landorus|Knock Off|p1a: Keldeo
|-resisted|p1a: Keldeo
|-damage|p1a: Keldeo|97/100
|-ability|p1a: Keldeo|Justified|boost
|-boost|p1a: Keldeo|atk|1
|-enditem|p1a: Keldeo|Leftovers|[from] move: Knock Off|[of] p2a: Landorus
|
|-weather|Sandstorm|[upkeep]
|-damage|p1a: Keldeo|91/100|[from] Sandstorm
|-heal|p2a: Landorus|89/100|[from] item: Leftovers
|upkeep
|turn|12
|
|t:|1728942556
|switch|p1a: Excadrill|Excadrill, F|100/100
|-item|p1a: Excadrill|Air Balloon
|switch|p2a: Skarmory|Skarmory, M|100/100
|
|-weather|Sandstorm|[upkeep]
|upkeep
|turn|13
|
|t:|1728942563
|move|p1a: Excadrill|Swords Dance|p1a: Excadrill
|-boost|p1a: Excadrill|atk|2
|move|p2a: Skarmory|Stealth Rock|p1a: Excadrill
|-sidestart|p1: SkillfullBeing|move: Stealth Rock
|
|-weather|Sandstorm|[upkeep]
|upkeep
|turn|14
|
|t:|1728942567
|move|p1a: Excadrill|Iron Head|p2a: Skarmory
|-resisted|p2a: Skarmory
|-damage|p2a: Skarmory|71/100
|move|p2a: Skarmory|Whirlwind|p1a: Excadrill
|drag|p1a: Tyranitar|Tyranitar, F|70/100 par
|-damage|p1a: Tyranitar|57/100 par|[from] Stealth Rock
|
|-weather|Sandstorm|[upkeep]
|-heal|p2a: Skarmory|77/100|[from] item: Leftovers
|upkeep
|turn|15
|
|t:|1728942582
|move|p1a: Tyranitar|Stone Edge|p2a: Skarmory
|-damage|p2a: Skarmory|48/100
|move|p2a: Skarmory|Whirlwind|p1a: Tyranitar
|drag|p1a: Excadrill|Excadrill, F|100/100
|-damage|p1a: Excadrill|98/100|[from] Stealth Rock
|-item|p1a: Excadrill|Air Balloon
|
|-weather|Sandstorm|[upkeep]
|-heal|p2a: Skarmory|54/100|[from] item: Leftovers
|upkeep
|turn|16
|
|t:|1728942595
|move|p1a: Excadrill|Swords Dance|p1a: Excadrill
|-boost|p1a: Excadrill|atk|2
|move|p2a: Skarmory|Roost|p2a: Skarmory
|-heal|p2a: Skarmory|100/100
|-singleturn|p2a: Skarmory|move: Roost
|
|-weather|Sandstorm|[upkeep]
|upkeep
|turn|17
|
|t:|1728942598
|move|p1a: Excadrill|Iron Head|p2a: Skarmory
|-resisted|p2a: Skarmory
|-damage|p2a: Skarmory|69/100
|move|p2a: Skarmory|Whirlwind|p1a: Excadrill
|drag|p1a: Keldeo|Keldeo|91/100
|-damage|p1a: Keldeo|84/100|[from] Stealth Rock
|
|-weather|Sandstorm|[upkeep]
|-damage|p1a: Keldeo|78/100|[from] Sandstorm
|-heal|p2a: Skarmory|75/100|[from] item: Leftovers
|upkeep
|turn|18
|
|t:|1728942606
|move|p1a: Keldeo|Scald|p2a: Skarmory
|-crit|p2a: Skarmory
|-damage|p2a: Skarmory|0 fnt
|faint|p2a: Skarmory
|
|-weather|Sandstorm|[upkeep]
|-damage|p1a: Keldeo|72/100|[from] Sandstorm
|upkeep
|
|t:|1728942610
|switch|p2a: Latios|Latios, M|23/100
|turn|19
|
|t:|1728942615
|move|p1a: Keldeo|Protect|p1a: Keldeo
|-singleturn|p1a: Keldeo|Protect
|move|p2a: Latios|Draco Meteor|p1a: Keldeo
|-activate|p1a: Keldeo|move: Protect
|
|-weather|Sandstorm|[upkeep]
|-damage|p2a: Latios|17/100|[from] Sandstorm
|-damage|p1a: Keldeo|66/100|[from] Sandstorm
|upkeep
|turn|20
|
|t:|1728942621
|move|p2a: Latios|Draco Meteor|p1a: Keldeo
|-damage|p1a: Keldeo|0 fnt
|-unboost|p2a: Latios|spa|2
|faint|p1a: Keldeo
|
|-weather|Sandstorm|[upkeep]
|-damage|p2a: Latios|11/100|[from] Sandstorm
|upkeep
|
|t:|1728942629
|switch|p1a: Alakazam|Alakazam, M|100/100
|turn|21
|
|t:|1728942637
|switch|p2a: Tyranitar|Tyranitar, M|100/100
|move|p1a: Alakazam|Focus Blast|p2a: Tyranitar
|-supereffective|p2a: Tyranitar
|-crit|p2a: Tyranitar
|-enditem|p2a: Tyranitar|Chople Berry|[eat]
|-enditem|p2a: Tyranitar|Chople Berry|[weaken]
|-damage|p2a: Tyranitar|22/100
|
|-weather|Sandstorm|[upkeep]
|upkeep
|turn|22
|
|t:|1728942643
|move|p1a: Alakazam|Focus Blast|p2a: Tyranitar
|-supereffective|p2a: Tyranitar
|-damage|p2a: Tyranitar|0 fnt
|faint|p2a: Tyranitar
|
|-weather|Sandstorm|[upkeep]
|upkeep
|
|t:|1728942645
|switch|p2a: Reuniclus|Reuniclus, F, shiny|100/100
|turn|23
|
|t:|1728942648
|switch|p1a: Tyranitar|Tyranitar, F|57/100 par
|-damage|p1a: Tyranitar|45/100 par|[from] Stealth Rock
|move|p2a: Reuniclus|Calm Mind|p2a: Reuniclus
|-boost|p2a: Reuniclus|spa|1
|-boost|p2a: Reuniclus|spd|1
|
|-weather|Sandstorm|[upkeep]
|upkeep
|turn|24
|
|t:|1728942650
|move|p2a: Reuniclus|Focus Blast|p1a: Tyranitar
|-supereffective|p1a: Tyranitar
|-enditem|p1a: Tyranitar|Chople Berry|[eat]
|-enditem|p1a: Tyranitar|Chople Berry|[weaken]
|-damage|p1a: Tyranitar|4/100 par
|cant|p1a: Tyranitar|par
|
|-weather|Sandstorm|[upkeep]
|upkeep
|turn|25
|
|t:|1728942655
|move|p2a: Reuniclus|Focus Blast|p1a: Tyranitar
|-supereffective|p1a: Tyranitar
|-damage|p1a: Tyranitar|0 fnt
|faint|p1a: Tyranitar
|
|-weather|Sandstorm|[upkeep]
|upkeep
|
|t:|1728942658
|switch|p1a: Excadrill|Excadrill, F|98/100
|-damage|p1a: Excadrill|95/100|[from] Stealth Rock
|-item|p1a: Excadrill|Air Balloon
|turn|26
|
|t:|1728942661
|switch|p2a: Landorus|Landorus-Therian, M|89/100
|-ability|p2a: Landorus|Intimidate|boost
|-unboost|p1a: Excadrill|atk|1
|move|p1a: Excadrill|Iron Head|p2a: Landorus
|-damage|p2a: Landorus|54/100
|
|-weather|Sandstorm|[upkeep]
|-heal|p2a: Landorus|60/100|[from] item: Leftovers
|upkeep
|turn|27
|
|t:|1728942669
|switch|p1a: Garchomp|Garchomp, M|100/100
|-damage|p1a: Garchomp|94/100|[from] Stealth Rock
|move|p2a: Landorus|Knock Off|p1a: Garchomp
|-damage|p1a: Garchomp|88/100
|-damage|p2a: Landorus|48/100|[from] ability: Rough Skin|[of] p1a: Garchomp
|-enditem|p1a: Garchomp|Choice Scarf|[from] move: Knock Off|[of] p2a: Landorus
|
|-weather|Sandstorm|[upkeep]
|-heal|p2a: Landorus|54/100|[from] item: Leftovers
|upkeep
|turn|28
|
|t:|1728942679
|move|p1a: Garchomp|Dragon Claw|p2a: Landorus
|-damage|p2a: Landorus|12/100
|move|p2a: Landorus|Hidden Power|p1a: Garchomp
|-supereffective|p1a: Garchomp
|-damage|p1a: Garchomp|14/100
|
|-weather|Sandstorm|[upkeep]
|-heal|p2a: Landorus|18/100|[from] item: Leftovers
|upkeep
|turn|29
|
|t:|1728942692
|move|p1a: Garchomp|Dragon Claw|p2a: Landorus
|-damage|p2a: Landorus|0 fnt
|faint|p2a: Landorus
|
|-weather|Sandstorm|[upkeep]
|upkeep
|
|t:|1728942693
|switch|p2a: Latios|Latios, M|11/100
|turn|30
|
|t:|1728942699
|move|p2a: Latios|Surf|p1a: Garchomp
|-damage|p1a: Garchomp|0 fnt
|faint|p1a: Garchomp
|
|-weather|Sandstorm|[upkeep]
|-damage|p2a: Latios|5/100|[from] Sandstorm
|upkeep
|
|t:|1728942703
|switch|p1a: Alakazam|Alakazam, M|100/100
|turn|31
|
|t:|1728942705
|move|p1a: Alakazam|Psychic|p2a: Latios
|-resisted|p2a: Latios
|-damage|p2a: Latios|0 fnt
|faint|p2a: Latios
|
|-weather|Sandstorm|[upkeep]
|upkeep
|
|t:|1728942707
|switch|p2a: Reuniclus|Reuniclus, F, shiny|100/100
|turn|32
|
|t:|1728942711
|switch|p1a: Excadrill|Excadrill, F|95/100
|-damage|p1a: Excadrill|92/100|[from] Stealth Rock
|-item|p1a: Excadrill|Air Balloon
|move|p2a: Reuniclus|Calm Mind|p2a: Reuniclus
|-boost|p2a: Reuniclus|spa|1
|-boost|p2a: Reuniclus|spd|1
|
|-weather|Sandstorm|[upkeep]
|upkeep
|turn|33
|
|t:|1728942715
|move|p1a: Excadrill|Iron Head|p2a: Reuniclus
|-damage|p2a: Reuniclus|59/100
|cant|p2a: Reuniclus|flinch
|
|-weather|Sandstorm|[upkeep]
|-heal|p2a: Reuniclus|66/100|[from] item: Leftovers
|upkeep
|turn|34
|
|t:|1728942719
|move|p1a: Excadrill|Earthquake|p2a: Reuniclus
|-damage|p2a: Reuniclus|19/100
|move|p2a: Reuniclus|Focus Blast|p1a: Excadrill
|-supereffective|p1a: Excadrill
|-damage|p1a: Excadrill|0 fnt
|-enditem|p1a: Excadrill|Air Balloon
|faint|p1a: Excadrill
|
|-weather|Sandstorm|[upkeep]
|-heal|p2a: Reuniclus|25/100|[from] item: Leftovers
|upkeep
|
|t:|1728942721
|switch|p1a: Alakazam|Alakazam, M|100/100
|turn|35
|
|t:|1728942723
|move|p1a: Alakazam|Psychic|p2a: Reuniclus
|-resisted|p2a: Reuniclus
|-damage|p2a: Reuniclus|10/100
|move|p2a: Reuniclus|Recover|p2a: Reuniclus
|-heal|p2a: Reuniclus|60/100
|
|-weather|Sandstorm|[upkeep]
|-heal|p2a: Reuniclus|66/100|[from] item: Leftovers
|upkeep
|turn|36
|
|t:|1728942726
|move|p1a: Alakazam|Psychic|p2a: Reuniclus
|-resisted|p2a: Reuniclus
|-damage|p2a: Reuniclus|50/100
|move|p2a: Reuniclus|Recover|p2a: Reuniclus
|-heal|p2a: Reuniclus|99/100
|
|-weather|Sandstorm|[upkeep]
|-heal|p2a: Reuniclus|100/100|[from] item: Leftovers
|upkeep
|turn|37
|-message|SkillfullBeing forfeited.
|
|win|Croaset
|raw|SkillfullBeing's rating: 1319 &rarr; <strong>1302</strong><br />(-17 for losing)
|raw|Croaset's rating: 1380 &rarr; <strong>1397</strong><br />(+17 for winning)
