|uhtml|medal-msg|<div class="broadcast-blue">Curious what those medals under the avatar are? PS now has Ladder Seasons! For more information, check out the <a href="https://www.smogon.com/forums/threads/3740067/">thread on Smogon.</a></div>
|uhtml|medal-msg|<div class="broadcast-blue">Curious what those medals under the avatar are? PS now has Ladder Seasons! For more information, check out the <a href="https://www.smogon.com/forums/threads/3740067/">thread on Smogon.</a></div>
|j|☆stonya
|j|☆chomp29
|t:|1713838796
|gametype|singles
|player|p1|stonya|1|1510
|player|p2|chomp29|lucas|1465
|teamsize|p1|6
|teamsize|p2|6
|gen|5
|tier|[Gen 5] OU
|rated|
|rule|Species Clause: Limit one of each Pokémon
|rule|OHKO Clause: OHKO moves are banned
|rule|Moody Clause: Moody is banned
|rule|Evasion Items Clause: Evasion items are banned
|rule|Evasion Moves Clause: Evasion moves are banned
|rule|Endless Battle Clause: Forcing endless battles is banned
|rule|HP Percentage Mod: HP is shown in percentages
|rule|Evasion Abilities Clause: Evasion abilities are banned
|rule|Sleep Moves Clause: Sleep-inducing moves are banned
|rule|Swagger Clause: Swagger is banned
|rule|Baton Pass Stat Clause: No Baton Passer may have a way to boost its stats
|clearpoke
|poke|p1|Tyranitar, M|item
|poke|p1|Magnezone|item
|poke|p1|Terrakion|item
|poke|p1|Latios, M|item
|poke|p1|Scizor, M|item
|poke|p1|Landorus-Therian, M|item
|poke|p2|Aerodactyl, M|item
|poke|p2|Dragonite, M|item
|poke|p2|Starmie|item
|poke|p2|Conkeldurr, F|item
|poke|p2|Jirachi|item
|poke|p2|Cloyster, M|item
|teampreview
|inactive|Battle timer is ON: inactive players will automatically lose when time's up. (requested by chomp29)
|c|☆chomp29|Gl
|c|☆stonya|u2
|
|t:|1713838815
|start
|switch|p1a: Bron Bron|Landorus-Therian, M|100/100
|switch|p2a: Aerodactyl|Aerodactyl, M|100/100
|-ability|p1a: Bron Bron|Intimidate|boost
|-unboost|p2a: Aerodactyl|atk|1
|turn|1
|
|t:|1713838818
|move|p2a: Aerodactyl|Stealth Rock|p1a: Bron Bron
|-sidestart|p1: stonya|move: Stealth Rock
|move|p1a: Bron Bron|Hidden Power|p2a: Aerodactyl
|-supereffective|p2a: Aerodactyl
|-damage|p2a: Aerodactyl|37/100
|
|upkeep
|turn|2
|
|t:|1713838822
|move|p2a: Aerodactyl|Taunt|p1a: Bron Bron
|-start|p1a: Bron Bron|move: Taunt
|move|p1a: Bron Bron|Hidden Power|p2a: Aerodactyl
|-supereffective|p2a: Aerodactyl
|-damage|p2a: Aerodactyl|0 fnt
|faint|p2a: Aerodactyl
|
|upkeep
|
|t:|1713838832
|switch|p2a: Cloyster|Cloyster, M|100/100
|turn|3
|
|t:|1713838838
|switch|p1a: Pat Riely|Tyranitar, M|100/100
|-damage|p1a: Pat Riely|88/100|[from] Stealth Rock
|-weather|Sandstorm|[from] ability: Sand Stream|[of] p1a: Pat Riely
|move|p2a: Cloyster|Icicle Spear|p1a: Pat Riely
|-damage|p1a: Pat Riely|78/100
|-damage|p1a: Pat Riely|67/100
|-damage|p1a: Pat Riely|57/100
|-damage|p1a: Pat Riely|45/100
|-damage|p1a: Pat Riely|34/100
|-hitcount|p1a: Pat Riely|5
|
|-weather|Sandstorm|[upkeep]
|-damage|p2a: Cloyster|95/100|[from] Sandstorm
|-heal|p1a: Pat Riely|40/100|[from] item: Leftovers
|upkeep
|turn|4
|
|t:|1713838847
|move|p2a: Cloyster|Icicle Spear|p1a: Pat Riely
|-damage|p1a: Pat Riely|29/100
|-damage|p1a: Pat Riely|18/100
|-damage|p1a: Pat Riely|7/100
|-damage|p1a: Pat Riely|0 fnt
|faint|p1a: Pat Riely
|-hitcount|p1: Pat Riely|4
|
|-weather|Sandstorm|[upkeep]
|-damage|p2a: Cloyster|89/100|[from] Sandstorm
|upkeep
|
|t:|1713838855
|switch|p1a: D.Wade|Terrakion|100/100
|-damage|p1a: D.Wade|94/100|[from] Stealth Rock
|turn|5
|
|t:|1713838877
|move|p1a: D.Wade|Close Combat|p2a: Cloyster
|-supereffective|p2a: Cloyster
|-damage|p2a: Cloyster|0 fnt
|-unboost|p1a: D.Wade|def|1
|-unboost|p1a: D.Wade|spd|1
|faint|p2a: Cloyster
|
|-weather|Sandstorm|[upkeep]
|upkeep
|
|t:|1713838883
|switch|p2a: Dragonite|Dragonite, M|100/100
|turn|6
|
|t:|1713838887
|switch|p1a: Bron Bron|Landorus-Therian, M|100/100
|-damage|p1a: Bron Bron|88/100|[from] Stealth Rock
|-ability|p1a: Bron Bron|Intimidate|boost
|-unboost|p2a: Dragonite|atk|1
|move|p2a: Dragonite|Dragon Dance|p2a: Dragonite
|-boost|p2a: Dragonite|atk|1
|-boost|p2a: Dragonite|spe|1
|
|-weather|Sandstorm|[upkeep]
|-damage|p2a: Dragonite|94/100|[from] Sandstorm
|-heal|p2a: Dragonite|100/100|[from] item: Leftovers
|upkeep
|turn|7
|
|t:|1713838890
|move|p2a: Dragonite|Dragon Dance|p2a: Dragonite
|-boost|p2a: Dragonite|atk|1
|-boost|p2a: Dragonite|spe|1
|move|p1a: Bron Bron|Hidden Power|p2a: Dragonite
|-supereffective|p2a: Dragonite
|-damage|p2a: Dragonite|61/100
|
|-weather|Sandstorm|[upkeep]
|-damage|p2a: Dragonite|54/100|[from] Sandstorm
|-heal|p2a: Dragonite|61/100|[from] item: Leftovers
|upkeep
|turn|8
|
|t:|1713838895
|move|p2a: Dragonite|Outrage|p1a: Bron Bron
|-damage|p1a: Bron Bron|0 fnt
|faint|p1a: Bron Bron
|
|-weather|Sandstorm|[upkeep]
|-damage|p2a: Dragonite|54/100|[from] Sandstorm
|-heal|p2a: Dragonite|61/100|[from] item: Leftovers
|upkeep
|
|t:|1713838916
|switch|p1a: D.Wade|Terrakion|94/100
|-damage|p1a: D.Wade|88/100|[from] Stealth Rock
|turn|9
|
|t:|1713838919
|move|p1a: D.Wade|Stone Edge|p2a: Dragonite
|-supereffective|p2a: Dragonite
|-damage|p2a: Dragonite|0 fnt
|faint|p2a: Dragonite
|
|-weather|Sandstorm|[upkeep]
|upkeep
|
|t:|1713838921
|switch|p2a: Conkeldurr|Conkeldurr, F|100/100
|turn|10
|
|t:|1713838926
|switch|p1a: Bosh|Latios, M, shiny|100/100
|-damage|p1a: Bosh|88/100|[from] Stealth Rock
|move|p2a: Conkeldurr|Payback|p1a: Bosh
|-supereffective|p1a: Bosh
|-damage|p1a: Bosh|36/100
|
|-weather|Sandstorm|[upkeep]
|-damage|p1a: Bosh|30/100|[from] Sandstorm
|-damage|p2a: Conkeldurr|94/100|[from] Sandstorm
|-heal|p2a: Conkeldurr|100/100|[from] item: Leftovers
|upkeep
|turn|11
|
|t:|1713838930
|switch|p2a: Jirachi|Jirachi|100/100
|move|p1a: Bosh|Draco Meteor|p2a: Jirachi
|-resisted|p2a: Jirachi
|-damage|p2a: Jirachi|65/100
|-unboost|p1a: Bosh|spa|2
|
|-weather|Sandstorm|[upkeep]
|-damage|p1a: Bosh|24/100|[from] Sandstorm
|upkeep
|turn|12
|
|t:|1713838937
|move|p2a: Jirachi|U-turn|p1a: Bosh
|-supereffective|p1a: Bosh
|-damage|p1a: Bosh|0 fnt
|faint|p1a: Bosh
|inactive|chomp29 has 120 seconds left.
|j| Neighthan Trainer
|l| Neighthan Trainer
|
|t:|1713838979
|switch|p2a: Conkeldurr|Conkeldurr, F|100/100|[from] U-turn
|
|-weather|Sandstorm|[upkeep]
|-damage|p2a: Conkeldurr|94/100|[from] Sandstorm
|-heal|p2a: Conkeldurr|100/100|[from] item: Leftovers
|upkeep
|
|t:|1713838987
|switch|p1a: Miller|Scizor, M, shiny|100/100
|-damage|p1a: Miller|88/100|[from] Stealth Rock
|turn|13
|inactive|chomp29 has 120 seconds left.
|
|t:|1713839010
|move|p1a: Miller|Bullet Punch|p2a: Conkeldurr
|-damage|p2a: Conkeldurr|48/100
|move|p2a: Conkeldurr|Bulk Up|p2a: Conkeldurr
|-boost|p2a: Conkeldurr|atk|1
|-boost|p2a: Conkeldurr|def|1
|
|-weather|Sandstorm|[upkeep]
|-damage|p2a: Conkeldurr|41/100|[from] Sandstorm
|-heal|p2a: Conkeldurr|48/100|[from] item: Leftovers
|upkeep
|turn|14
|
|t:|1713839013
|move|p1a: Miller|Bullet Punch|p2a: Conkeldurr
|-damage|p2a: Conkeldurr|17/100
|move|p2a: Conkeldurr|Drain Punch|p1a: Miller
|-damage|p1a: Miller|25/100
|-heal|p2a: Conkeldurr|46/100|[from] drain|[of] p1a: Miller
|
|-weather|Sandstorm|[upkeep]
|-damage|p2a: Conkeldurr|40/100|[from] Sandstorm
|-heal|p2a: Conkeldurr|46/100|[from] item: Leftovers
|upkeep
|turn|15
|inactive|chomp29 has 120 seconds left.
|
|t:|1713839020
|move|p1a: Miller|Bullet Punch|p2a: Conkeldurr
|-damage|p2a: Conkeldurr|11/100
|move|p2a: Conkeldurr|Drain Punch|p1a: Miller
|-damage|p1a: Miller|0 fnt
|-heal|p2a: Conkeldurr|22/100|[from] drain|[of] p1a: Miller
|faint|p1a: Miller
|
|-weather|Sandstorm|[upkeep]
|-damage|p2a: Conkeldurr|16/100|[from] Sandstorm
|-heal|p2a: Conkeldurr|22/100|[from] item: Leftovers
|upkeep
|
|t:|1713839033
|switch|p1a: Ray Allen|Magnezone|100/100
|-damage|p1a: Ray Allen|94/100|[from] Stealth Rock
|turn|16
|
|t:|1713839036
|move|p2a: Conkeldurr|Mach Punch|p1a: Ray Allen
|-supereffective|p1a: Ray Allen
|-damage|p1a: Ray Allen|13/100
|move|p1a: Ray Allen|Substitute|p1a: Ray Allen
|-fail|p1a: Ray Allen|move: Substitute|[weak]
|
|-weather|Sandstorm|[upkeep]
|-damage|p2a: Conkeldurr|16/100|[from] Sandstorm
|-heal|p1a: Ray Allen|19/100|[from] item: Leftovers
|-heal|p2a: Conkeldurr|22/100|[from] item: Leftovers
|upkeep
|turn|17
|
|t:|1713839039
|move|p2a: Conkeldurr|Mach Punch|p1a: Ray Allen
|-supereffective|p1a: Ray Allen
|-damage|p1a: Ray Allen|0 fnt
|faint|p1a: Ray Allen
|
|-weather|Sandstorm|[upkeep]
|-damage|p2a: Conkeldurr|16/100|[from] Sandstorm
|-heal|p2a: Conkeldurr|22/100|[from] item: Leftovers
|upkeep
|c|☆stonya|gg
|-message|stonya forfeited.
|
|win|chomp29
|raw|stonya's rating: 1510 &rarr; <strong>1487</strong><br />(-23 for losing)
|raw|chomp29's rating: 1465 &rarr; <strong>1488</strong><br />(+23 for winning)
|l|☆stonya
|player|p1|
|c|☆chomp29|Ggs
