|j|☆Alexia B.
|j|☆All for not
|player|p1|Alexia B.|cynthia-gen4|1570
|player|p2|All for not|lucas|1402
|teamsize|p1|6
|teamsize|p2|6
|gametype|singles
|gen|5
|tier|[Gen 5] OU
|rated|
|clearpoke
|poke|p1|Alakazam, F|item
|poke|p1|Scizor, M|item
|poke|p1|Keldeo-Resolute|item
|poke|p1|Skarmory, F|item
|poke|p1|Tyranitar, M|item
|poke|p1|Gengar, M|item
|poke|p2|Keldeo|item
|poke|p2|Tyranitar, F|item
|poke|p2|Latios, M|item
|poke|p2|Landorus-Therian, M|item
|poke|p2|Jirachi|item
|poke|p2|Rotom-Wash|item
|rule|Species Clause: Limit one of each Pokémon
|rule|OHKO Clause: OHKO moves are banned
|rule|Moody Clause: Moody is banned
|rule|Evasion Moves Clause: Evasion moves are banned
|rule|Endless Battle Clause: Forcing endless battles is banned
|rule|HP Percentage Mod: HP is shown in percentages
|rule|Evasion Abilities Clause: Evasion abilities are banned
|rule|Baton Pass Clause: Limit one Baton Passer, can't pass Spe and other stats simultaneously
|rule|Sleep Clause: Sleep-inducing moves are banned
|rule|Swagger Clause: Swagger is banned
|teampreview
|
|start
|switch|p1a: Skarmory|Skarmory, F|100/100
|switch|p2a: Rotom|Rotom-Wash|100/100
|turn|1
|
|move|p1a: Skarmory|Stealth Rock|p2a: Rotom
|-sidestart|p2: All for not|move: Stealth Rock
|move|p2a: Rotom|Will-O-Wisp|p1a: Skarmory
|-status|p1a: Skarmory|brn
|
|-damage|p1a: Skarmory|88/100 brn|[from] brn
|upkeep
|turn|2
|
|move|p1a: Skarmory|Spikes|p2a: Rotom
|-sidestart|p2: All for not|Spikes
|move|p2a: Rotom|Volt Switch|p1a: Skarmory
|-supereffective|p1a: Skarmory
|-damage|p1a: Skarmory|16/100 brn
|
|switch|p2a: Jirachi|Jirachi|100/100|[from]move: Volt Switch
|-damage|p2a: Jirachi|88/100|[from] Spikes
|-damage|p2a: Jirachi|82/100|[from] Stealth Rock
|
|-heal|p2a: Jirachi|88/100|[from] item: Leftovers
|-damage|p1a: Skarmory|4/100 brn|[from] brn
|upkeep
|turn|3
|
|move|p2a: Jirachi|Wish|p2a: Jirachi
|move|p1a: Skarmory|Spikes|p2a: Jirachi
|-sidestart|p2: All for not|Spikes
|
|-heal|p2a: Jirachi|94/100|[from] item: Leftovers
|-damage|p1a: Skarmory|0 fnt|[from] brn
|faint|p1a: Skarmory
|upkeep
|
|switch|p1a: Tyranitar|Tyranitar, M|100/100
|-weather|Sandstorm|[from] ability: Sand Stream|[of] p1a: Tyranitar
|turn|4
|
|move|p2a: Jirachi|Iron Head|p1a: Tyranitar
|-supereffective|p1a: Tyranitar
|-damage|p1a: Tyranitar|63/100
|cant|p1a: Tyranitar|flinch
|
|-weather|Sandstorm|[upkeep]
|-heal|p2a: Jirachi|100/100|[from] move: Wish|[wisher] Jirachi
|upkeep
|turn|5
|
|move|p2a: Jirachi|Iron Head|p1a: Tyranitar
|-supereffective|p1a: Tyranitar
|-crit|p1a: Tyranitar
|-damage|p1a: Tyranitar|0 fnt
|faint|p1a: Tyranitar
|
|-weather|Sandstorm|[upkeep]
|upkeep
|
|switch|p1a: Keldeo|Keldeo-Resolute|100/100
|turn|6
|
|move|p2a: Jirachi|Protect|p2a: Jirachi
|-singleturn|p2a: Jirachi|Protect
|move|p1a: Keldeo|Surf|p2a: Jirachi
|-activate|p2a: Jirachi|move: Protect
|
|-weather|Sandstorm|[upkeep]
|-damage|p1a: Keldeo|94/100|[from] Sandstorm
|upkeep
|turn|7
|
|switch|p2a: Rotom|Rotom-Wash|100/100
|-damage|p2a: Rotom|88/100|[from] Stealth Rock
|move|p1a: Keldeo|Surf|p2a: Rotom
|-resisted|p2a: Rotom
|-damage|p2a: Rotom|62/100
|
|-weather|Sandstorm|[upkeep]
|-damage|p1a: Keldeo|88/100|[from] Sandstorm
|-damage|p2a: Rotom|56/100|[from] Sandstorm
|-heal|p2a: Rotom|62/100|[from] item: Leftovers
|upkeep
|turn|8
|inactive|Battle timer is ON: inactive players will automatically lose when time's up. (requested by All for not)
|
|switch|p1a: Alakazam|Alakazam, F|100/100
|move|p2a: Rotom|Thunder Wave|p1a: Alakazam
|-status|p1a: Alakazam|par
|
|-weather|Sandstorm|[upkeep]
|-damage|p2a: Rotom|56/100|[from] Sandstorm
|-heal|p2a: Rotom|62/100|[from] item: Leftovers
|upkeep
|turn|9
|
|move|p2a: Rotom|Volt Switch|p1a: Alakazam
|-damage|p1a: Alakazam|60/100 par
|
|switch|p2a: Jirachi|Jirachi|100/100|[from]move: Volt Switch
|-damage|p2a: Jirachi|84/100|[from] Spikes
|-damage|p2a: Jirachi|78/100|[from] Stealth Rock
|move|p1a: Alakazam|Psychic|p2a: Jirachi
|-resisted|p2a: Jirachi
|-damage|p2a: Jirachi|67/100
|
|-weather|Sandstorm|[upkeep]
|-heal|p2a: Jirachi|73/100|[from] item: Leftovers
|upkeep
|turn|10
|
|switch|p1a: Scizor|Scizor, M|100/100
|move|p2a: Jirachi|U-turn|p1a: Scizor
|-resisted|p1a: Scizor
|-damage|p1a: Scizor|93/100
|
|switch|p2a: Rotom|Rotom-Wash|62/100|[from]move: U-turn
|-damage|p2a: Rotom|49/100|[from] Stealth Rock
|
|-weather|Sandstorm|[upkeep]
|-damage|p2a: Rotom|43/100|[from] Sandstorm
|-heal|p2a: Rotom|49/100|[from] item: Leftovers
|upkeep
|turn|11
|
|move|p1a: Scizor|Quick Attack|p2a: Rotom
|-damage|p2a: Rotom|14/100
|move|p2a: Rotom|Will-O-Wisp|p1a: Scizor
|-status|p1a: Scizor|brn
|
|-weather|Sandstorm|[upkeep]
|-damage|p2a: Rotom|8/100|[from] Sandstorm
|-heal|p2a: Rotom|14/100|[from] item: Leftovers
|-damage|p1a: Scizor|81/100 brn|[from] brn
|upkeep
|turn|12
|
|switch|p2a: Landorus|Landorus-Therian, M|100/100
|-damage|p2a: Landorus|88/100|[from] Stealth Rock
|-ability|p2a: Landorus|Intimidate|boost
|-unboost|p1a: Scizor|atk|1
|move|p1a: Scizor|Quick Attack|p2a: Landorus
|-damage|p2a: Landorus|74/100
|
|-weather|Sandstorm|[upkeep]
|-damage|p1a: Scizor|69/100 brn|[from] brn
|upkeep
|turn|13
|
|switch|p1a: Gengar|Gengar, M|100/100
|move|p2a: Landorus|Stealth Rock|p1a: Gengar
|-sidestart|p1: Alexia B.|move: Stealth Rock
|
|-weather|Sandstorm|[upkeep]
|-damage|p1a: Gengar|94/100|[from] Sandstorm
|upkeep
|turn|14
|
|switch|p2a: Rotom|Rotom-Wash|14/100
|-damage|p2a: Rotom|2/100|[from] Stealth Rock
|move|p1a: Gengar|Shadow Ball|p2a: Rotom
|-damage|p2a: Rotom|0 fnt
|faint|p2a: Rotom
|
|-weather|Sandstorm|[upkeep]
|-damage|p1a: Gengar|88/100|[from] Sandstorm
|upkeep
|
|switch|p2a: Tyranitar|Tyranitar, F|100/100
|-damage|p2a: Tyranitar|88/100|[from] Stealth Rock
|-damage|p2a: Tyranitar|72/100|[from] Spikes
|turn|15
|
|move|p1a: Gengar|Shadow Ball|p2a: Tyranitar
|-resisted|p2a: Tyranitar
|-damage|p2a: Tyranitar|59/100
|move|p2a: Tyranitar|Pursuit|p1a: Gengar
|-supereffective|p1a: Gengar
|-damage|p1a: Gengar|3/100
|
|-weather|Sandstorm|[upkeep]
|-damage|p1a: Gengar|0 fnt|[from] Sandstorm
|faint|p1a: Gengar
|upkeep
|
|switch|p1a: Keldeo|Keldeo-Resolute|88/100
|-damage|p1a: Keldeo|82/100|[from] Stealth Rock
|turn|16
|
|move|p2a: Tyranitar|Pursuit|p1a: Keldeo
|-resisted|p1a: Keldeo
|-damage|p1a: Keldeo|69/100
|-ability|p1a: Keldeo|Justified|boost
|-boost|p1a: Keldeo|atk|1
|move|p1a: Keldeo|Secret Sword|p2a: Tyranitar
|-supereffective|p2a: Tyranitar
|-damage|p2a: Tyranitar|0 fnt
|faint|p2a: Tyranitar
|
|-weather|Sandstorm|[upkeep]
|-damage|p1a: Keldeo|63/100|[from] Sandstorm
|upkeep
|
|switch|p2a: Latios|Latios, M|100/100
|-damage|p2a: Latios|88/100|[from] Stealth Rock
|turn|17
|
|switch|p1a: Alakazam|Alakazam, F|60/100 par
|move|p2a: Latios|Psyshock|p1a: Alakazam
|-resisted|p1a: Alakazam
|-damage|p1a: Alakazam|0 fnt
|faint|p1a: Alakazam
|
|-weather|Sandstorm|[upkeep]
|-damage|p2a: Latios|82/100|[from] Sandstorm
|upkeep
|
|switch|p1a: Scizor|Scizor, M|69/100 brn
|-damage|p1a: Scizor|56/100 brn|[from] Stealth Rock
|turn|18
|
|-activate|p2a: Latios|move: Pursuit
|move|p1a: Scizor|Pursuit|p2a: Latios|[from]Pursuit
|-supereffective|p2a: Latios
|-damage|p2a: Latios|25/100
|switch|p2a: Landorus|Landorus-Therian, M|74/100
|-damage|p2a: Landorus|62/100|[from] Stealth Rock
|-ability|p2a: Landorus|Intimidate|boost
|-unboost|p1a: Scizor|atk|1
|
|-weather|Sandstorm|[upkeep]
|-damage|p1a: Scizor|44/100 brn|[from] brn
|upkeep
|turn|19
|
|move|p2a: Landorus|Earthquake|p1a: Scizor
|-damage|p1a: Scizor|0 fnt
|faint|p1a: Scizor
|
|-weather|Sandstorm|[upkeep]
|upkeep
|
|switch|p1a: Keldeo|Keldeo-Resolute|63/100
|-damage|p1a: Keldeo|57/100|[from] Stealth Rock
|turn|20
|
|move|p1a: Keldeo|Surf|p2a: Landorus
|-supereffective|p2a: Landorus
|-crit|p2a: Landorus
|-damage|p2a: Landorus|0 fnt
|faint|p2a: Landorus
|
|-weather|Sandstorm|[upkeep]
|-damage|p1a: Keldeo|50/100|[from] Sandstorm
|upkeep
|
|switch|p2a: Latios|Latios, M|25/100
|-damage|p2a: Latios|12/100|[from] Stealth Rock
|turn|21
|
|move|p2a: Latios|Psyshock|p1a: Keldeo
|-supereffective|p1a: Keldeo
|-damage|p1a: Keldeo|0 fnt
|faint|p1a: Keldeo
|
|win|All for not
|l|☆Alexia B.
|raw|Alexia B.'s rating: 1576 &rarr; <strong>1547</strong><br />(-29 for losing)
|raw|All for not's rating: 1403 &rarr; <strong>1432</strong><br />(+29 for winning)
