|join|My Nostalgic Past
|join|Leotias
|player|p1|My Nostalgic Past|162
|player|p2|Leotias|169
|gametype|singles
|gen|5
|tier|[Gen 5] OU
|rated
|rule|Evasion Abilities Clause: Evasion abilities are banned
|clearpoke
|poke|p1|Politoed, M
|poke|p1|Gyarados, M
|poke|p1|Jolteon, M
|poke|p1|Ferrothorn, M
|poke|p1|Haxorus, M
|poke|p1|Umbreon, M
|poke|p2|Politoed, F
|poke|p2|Tentacruel, F
|poke|p2|Ferrothorn, M
|poke|p2|Chansey, F
|poke|p2|Landorus-Therian, M
|poke|p2|Alomomola, M
|rule|Sleep Clause Mod: Limit one foe put to sleep
|rule|Species Clause: Limit one of each Pokemon
|rule|OHKO Clause: OHKO moves are banned
|rule|Moody Clause: Moody is banned
|rule|Evasion Moves Clause: Evasion moves are banned
|rule|Endless Battle Clause: Forcing endless battles is banned.
|rule|HP Percentage Mod: HP is reported as percentages
|teampreview
|join|Sigurdsmt
|join|13o
|join|shitsack
|join|Ennilang
|chat|13o|omg shofu
|join|Morgan Notfreeman
|
|start
|switch|p1a: Tripplekill|Politoed, M|384/384
|switch|p2a: Chansey|Chansey, F|704/704
|-weather|RainDance|[from] ability: Drizzle|[of] p1a: Tripplekill
|turn|1
|join|King of Slowpoke
|join|AV Chimecho
|chat|Leotias|plz not rite now
|leave|AV Chimecho
|chat|Morgan Notfreeman|who?
|
|switch|p1a: Killtrocity|Jolteon, M|272/272
|move|p2a: Chansey|Toxic|p1a: Killtrocity
|-status|p1a: Killtrocity|tox
|
|-weather|RainDance|[upkeep]
|-damage|p1a: Killtrocity|255/272 tox|[from] psn
|turn|2
|chat|Sigurdsmt|why does it have to be 6th gen models in a gen 5 battle
|
|move|p1a: Killtrocity|Substitute|p1a: Killtrocity
|-start|p1a: Killtrocity|Substitute
|-damage|p1a: Killtrocity|187/272 tox
|move|p2a: Chansey|Seismic Toss|p1a: Killtrocity
|-end|p1a: Killtrocity|Substitute
|
|-weather|RainDance|[upkeep]
|-heal|p1a: Killtrocity|204/272 tox|[from] item: Leftovers
|-damage|p1a: Killtrocity|170/272 tox|[from] psn
|turn|3
|join|Soccerman179
|
|switch|p1a: Doublekill|Ferrothorn, M|352/352
|move|p2a: Chansey|Seismic Toss|p1a: Doublekill
|-damage|p1a: Doublekill|252/352
|-damage|p2a: Chansey|616/704|[from] ability: Iron Barbs|[of] p1a: Doublekill
|
|-weather|RainDance|[upkeep]
|-heal|p1a: Doublekill|274/352|[from] item: Leftovers
|turn|4
|leave|shitsack
|leave|Sigurdsmt
|
|move|p2a: Chansey|Seismic Toss|p1a: Doublekill
|-damage|p1a: Doublekill|174/352
|-damage|p2a: Chansey|528/704|[from] ability: Iron Barbs|[of] p1a: Doublekill
|move|p1a: Doublekill|Spikes|p2a: Chansey
|-sidestart|p2: Leotias|Spikes
|
|-weather|RainDance|[upkeep]
|-heal|p1a: Doublekill|196/352|[from] item: Leftovers
|turn|5
|chat|Leotias|upload this if real
|
|move|p2a: Chansey|Seismic Toss|p1a: Doublekill
|-damage|p1a: Doublekill|96/352
|-damage|p2a: Chansey|440/704|[from] ability: Iron Barbs|[of] p1a: Doublekill
|move|p1a: Doublekill|Leech Seed|p2a: Chansey
|-start|p2a: Chansey|move: Leech Seed
|
|-weather|RainDance|[upkeep]
|-heal|p1a: Doublekill|118/352|[from] item: Leftovers
|-damage|p2a: Chansey|352/704|[from] Leech Seed|[of] p1a: Doublekill
|-heal|p1a: Doublekill|206/352|[silent]
|turn|6
|chat|13o|lol
|
|switch|p2a: Politoed|Politoed, F|384/384
|-damage|p2a: Politoed|336/384|[from] Spikes
|move|p1a: Doublekill|Spikes|p2a: Politoed
|-sidestart|p2: Leotias|Spikes
|
|-weather|RainDance|[upkeep]
|-heal|p2a: Politoed|360/384|[from] item: Leftovers
|-heal|p1a: Doublekill|228/352|[from] item: Leftovers
|turn|7
|chat|13o|not real imo
|chat|Leotias|not real
|
|move|p2a: Politoed|Scald|p1a: Doublekill
|-resisted|p1a: Doublekill
|-damage|p1a: Doublekill|182/352
|move|p1a: Doublekill|Power Whip|p2a: Politoed
|-supereffective|p2a: Politoed
|-damage|p2a: Politoed|94/384
|
|-weather|RainDance|[upkeep]
|-heal|p2a: Politoed|118/384|[from] item: Leftovers
|-heal|p1a: Doublekill|204/352|[from] item: Leftovers
|turn|8
|chat|Ennilang|I am real :O
|
|move|p2a: Politoed|Scald|p1a: Doublekill
|-crit|p1a: Doublekill
|-resisted|p1a: Doublekill
|-damage|p1a: Doublekill|103/352
|move|p1a: Doublekill|Spikes|p2a: Politoed
|-sidestart|p2: Leotias|Spikes
|
|-weather|RainDance|[upkeep]
|-heal|p2a: Politoed|142/384|[from] item: Leftovers
|-heal|p1a: Doublekill|125/352|[from] item: Leftovers
|turn|9
|chat|Leotias|no ur shit
|
|move|p2a: Politoed|Scald|p1a: Doublekill
|-resisted|p1a: Doublekill
|-damage|p1a: Doublekill|80/352
|move|p1a: Doublekill|Leech Seed|p2a: Politoed
|-start|p2a: Politoed|move: Leech Seed
|
|-weather|RainDance|[upkeep]
|-heal|p2a: Politoed|166/384|[from] item: Leftovers
|-heal|p1a: Doublekill|102/352|[from] item: Leftovers
|-damage|p2a: Politoed|118/384|[from] Leech Seed|[of] p1a: Doublekill
|-heal|p1a: Doublekill|150/352|[silent]
|turn|10
|chat|13o|ur racist
|
|move|p1a: Doublekill|Protect|p1a: Doublekill
|-singleturn|p1a: Doublekill|Protect
|move|p2a: Politoed|Scald|p1a: Doublekill
|-activate|p1a: Doublekill|Protect
|
|-weather|RainDance|[upkeep]
|-heal|p2a: Politoed|142/384|[from] item: Leftovers
|-heal|p1a: Doublekill|172/352|[from] item: Leftovers
|-damage|p2a: Politoed|94/384|[from] Leech Seed|[of] p1a: Doublekill
|-heal|p1a: Doublekill|220/352|[silent]
|turn|11
|chat|Leotias|ur black
|chat|Leotias|fukn sclad
|
|switch|p1a: Killimanjaro|Umbreon, M|394/394
|move|p2a: Politoed|Scald|p1a: Killimanjaro
|-damage|p1a: Killimanjaro|303/394
|
|-weather|RainDance|[upkeep]
|-heal|p2a: Politoed|118/384|[from] item: Leftovers
|-heal|p1a: Killimanjaro|327/394|[from] item: Leftovers
|-damage|p2a: Politoed|70/384|[from] Leech Seed|[of] p1a: Killimanjaro
|-heal|p1a: Killimanjaro|375/394|[silent]
|turn|12
|chat|13o|i got big dik
|chat|Ennilang|I am not shit... 
|chat|Ennilang|I am a human...
|chat|Leotias|ur shit lel
|chat|Ennilang|;-;
|
|switch|p2a: Tentacruel|Tentacruel, F|363/363
|-damage|p2a: Tentacruel|273/363|[from] Spikes
|move|p1a: Killimanjaro|Foul Play|p2a: Tentacruel
|-damage|p2a: Tentacruel|215/363
|
|-weather|RainDance|[upkeep]
|-heal|p2a: Tentacruel|237/363|[from] ability: Rain Dish
|-heal|p2a: Tentacruel|259/363|[from] item: Leftovers
|-heal|p1a: Killimanjaro|394/394|[from] item: Leftovers
|turn|13
|chat|Leotias|killl urself fg
|chat|Ennilang|</3
|chat|Leotias|my 0 atk evs
|chat|Leotias|finally paying off
|
|switch|p1a: Overkill|Haxorus, M|323/323
|-ability|p1a: Overkill|Mold Breaker
|move|p2a: Tentacruel|Rapid Spin|p1a: Overkill
|-damage|p1a: Overkill|313/323
|-sideend|p2: Leotias|Spikes|[from] move: Rapid Spin|[of] p2a: Tentacruel
|
|-weather|RainDance|[upkeep]
|-heal|p2a: Tentacruel|281/363|[from] ability: Rain Dish
|-heal|p2a: Tentacruel|303/363|[from] item: Leftovers
|turn|14
|chat|Ennilang|i cri errytiem
|
|switch|p2a: Alomomola|Alomomola, M|534/534
|move|p1a: Overkill|Dragon Dance|p1a: Overkill
|-boost|p1a: Overkill|atk|1
|-boost|p1a: Overkill|spe|1
|
|-weather|RainDance|[upkeep]
|turn|15
|chat|13o|fagt
|chat|13o|smd
|chat|Ennilang|scrub
|
|move|p1a: Overkill|Swords Dance|p1a: Overkill
|-boost|p1a: Overkill|atk|2
|move|p2a: Alomomola|Ice Beam|p1a: Overkill
|-supereffective|p1a: Overkill
|-damage|p1a: Overkill|223/323
|
|-weather|RainDance|[upkeep]
|turn|16
|chat|13o|lel
|chat|Leotias|fukkkksdkgjgil;sdfsgsdf
|chat|Leotias|gfjkgsfp
|chat|Leotias|gsfghfgsdf
|chat|Leotias|gdfhgfdg
|chat|13o|SMASHED
|
|switch|p2a: Ferrothorn|Ferrothorn, M|352/352
|move|p1a: Overkill|Swords Dance|p1a: Overkill
|-boost|p1a: Overkill|atk|2
|
|-weather|RainDance|[upkeep]
|turn|17
|chat|Ennilang|1v1 me brehh i am bronze on lege innit m8
|chat|Leotias|my sunfush cant shine in the rain
|chat|Leotias|.cri
|
|switch|p2a: Politoed|Politoed, F|70/384
|move|p1a: Overkill|Low Kick|p2a: Politoed
|-damage|p2a: Politoed|0 fnt
|faint|p2a: Politoed
|
|-weather|RainDance|[upkeep]
|
|switch|p2a: Landorus-Therian|Landorus-Therian, M|382/382
|-ability|p2a: Landorus-Therian|Intimidate|[of] p1a: Overkill
|-unboost|p1a: Overkill|atk|1
|turn|18
|chat|13o|gg
|chat|13o|NO RE
|chat|Ennilang|ggez
|chat|Soccerman179|the double dance doe
|
|move|p1a: Overkill|Outrage|p2a: Landorus-Therian
|-damage|p2a: Landorus-Therian|0 fnt
|faint|p2a: Landorus-Therian
|
|-weather|RainDance|[upkeep]
|
|switch|p2a: Ferrothorn|Ferrothorn, M|352/352
|turn|19
|
|move|p1a: Overkill|Outrage|p2a: Ferrothorn
|-resisted|p2a: Ferrothorn
|-damage|p2a: Ferrothorn|117/352
|-damage|p1a: Overkill|183/323|[from] ability: Iron Barbs|[of] p2a: Ferrothorn
|move|p2a: Ferrothorn|Gyro Ball|p1a: Overkill
|-damage|p1a: Overkill|15/323
|
|-end|p1a: Overkill|rampage
|-start|p1a: Overkill|confusion
|-weather|RainDance|[upkeep]
|-heal|p2a: Ferrothorn|139/352|[from] item: Leftovers
|-enditem|p1a: Overkill|Lum Berry|[eat]
|-end|p1a: Overkill|confusion
|turn|20
|
|move|p1a: Overkill|Low Kick|p2a: Ferrothorn
|-supereffective|p2a: Ferrothorn
|-damage|p2a: Ferrothorn|0 fnt
|-damage|p1a: Overkill|0 fnt|[from] ability: Iron Barbs|[of] p2a: Ferrothorn
|faint|p2a: Ferrothorn
|faint|p1a: Overkill
|
|-weather|RainDance|[upkeep]
|chat|13o|leo
|chat|Leotias|fukn fgt
|
|switch|p2a: Tentacruel|Tentacruel, F|303/363
|switch|p1a: Doublekill|Ferrothorn, M|220/352
|turn|21
|
|move|p2a: Tentacruel|Scald|p1a: Doublekill
|-resisted|p1a: Doublekill
|-damage|p1a: Doublekill|178/352
|move|p1a: Doublekill|Power Whip|p2a: Tentacruel|[miss]
|-miss|p1a: Doublekill|p2a: Tentacruel
|
|-weather|RainDance|[upkeep]
|-heal|p2a: Tentacruel|325/363|[from] ability: Rain Dish
|-heal|p2a: Tentacruel|347/363|[from] item: Leftovers
|-heal|p1a: Doublekill|200/352|[from] item: Leftovers
|turn|22
|chat|Leotias|stop haxing
|chat|Leotias|fgt
|
|move|p2a: Tentacruel|Scald|p1a: Doublekill
|-resisted|p1a: Doublekill
|-damage|p1a: Doublekill|156/352
|move|p1a: Doublekill|Leech Seed|p2a: Tentacruel
|-start|p2a: Tentacruel|move: Leech Seed
|
|-weather|RainDance|[upkeep]
|-heal|p2a: Tentacruel|363/363|[from] ability: Rain Dish
|-heal|p1a: Doublekill|178/352|[from] item: Leftovers
|-damage|p2a: Tentacruel|318/363|[from] Leech Seed|[of] p1a: Doublekill
|-heal|p1a: Doublekill|223/352|[silent]
|turn|23
|chat|Leotias|gay lord queer
|
|move|p1a: Doublekill|Protect|p1a: Doublekill
|-singleturn|p1a: Doublekill|Protect
|move|p2a: Tentacruel|Scald|p1a: Doublekill
|-activate|p1a: Doublekill|Protect
|
|-weather|RainDance|[upkeep]
|-heal|p2a: Tentacruel|340/363|[from] ability: Rain Dish
|-heal|p2a: Tentacruel|362/363|[from] item: Leftovers
|-heal|p1a: Doublekill|245/352|[from] item: Leftovers
|-damage|p2a: Tentacruel|317/363|[from] Leech Seed|[of] p1a: Doublekill
|-heal|p1a: Doublekill|290/352|[silent]
|turn|24
|chat|Ennilang|says you bitch! :P
|
|move|p2a: Tentacruel|Scald|p1a: Doublekill
|-resisted|p1a: Doublekill
|-damage|p1a: Doublekill|248/352
|-status|p1a: Doublekill|brn
|move|p1a: Doublekill|Power Whip|p2a: Tentacruel
|-damage|p2a: Tentacruel|254/363
|
|-weather|RainDance|[upkeep]
|-heal|p2a: Tentacruel|276/363|[from] ability: Rain Dish
|-heal|p2a: Tentacruel|298/363|[from] item: Leftovers
|-heal|p1a: Doublekill|270/352 brn|[from] item: Leftovers
|-damage|p2a: Tentacruel|253/363|[from] Leech Seed|[of] p1a: Doublekill
|-heal|p1a: Doublekill|315/352 brn|[silent]
|-damage|p1a: Doublekill|271/352 brn|[from] brn
|turn|25
|chat|Leotias|huehuehuehueuehueheuehue
|chat|Ennilang|ahue
|
|switch|p2a: Alomomola|Alomomola, M|534/534
|move|p1a: Doublekill|Spikes|p2a: Alomomola
|-sidestart|p2: Leotias|Spikes
|
|-weather|RainDance|[upkeep]
|-heal|p1a: Doublekill|293/352 brn|[from] item: Leftovers
|-damage|p1a: Doublekill|249/352 brn|[from] brn
|turn|26
|
|move|p2a: Alomomola|Wish|p2a: Alomomola
|move|p1a: Doublekill|Leech Seed|p2a: Alomomola
|-start|p2a: Alomomola|move: Leech Seed
|
|-weather|RainDance|[upkeep]
|-heal|p1a: Doublekill|271/352 brn|[from] item: Leftovers
|-damage|p2a: Alomomola|468/534|[from] Leech Seed|[of] p1a: Doublekill
|-heal|p1a: Doublekill|337/352 brn|[silent]
|-damage|p1a: Doublekill|293/352 brn|[from] brn
|turn|27
|
|switch|p2a: Tentacruel|Tentacruel, F|253/363
|-damage|p2a: Tentacruel|208/363|[from] Spikes
|move|p1a: Doublekill|Spikes|p2a: Tentacruel
|-sidestart|p2: Leotias|Spikes
|
|-weather|RainDance|[upkeep]
|-heal|p2a: Tentacruel|230/363|[from] ability: Rain Dish
|-heal|p2a: Tentacruel|363/363|[from] move: Wish|[wisher] Alomomola
|-heal|p1a: Doublekill|315/352 brn|[from] item: Leftovers
|-damage|p1a: Doublekill|271/352 brn|[from] brn
|turn|28
|leave|Ennilang
|
|move|p2a: Tentacruel|Rapid Spin|p1a: Doublekill
|-resisted|p1a: Doublekill
|-damage|p1a: Doublekill|268/352 brn
|-damage|p2a: Tentacruel|318/363|[from] ability: Iron Barbs|[of] p1a: Doublekill
|-sideend|p2: Leotias|Spikes|[from] move: Rapid Spin|[of] p2a: Tentacruel
|move|p1a: Doublekill|Leech Seed|p2a: Tentacruel|[miss]
|-miss|p1a: Doublekill|p2a: Tentacruel
|
|-weather|RainDance|[upkeep]
|-heal|p2a: Tentacruel|340/363|[from] ability: Rain Dish
|-heal|p2a: Tentacruel|362/363|[from] item: Leftovers
|-heal|p1a: Doublekill|290/352 brn|[from] item: Leftovers
|-damage|p1a: Doublekill|246/352 brn|[from] brn
|turn|29
|chat|13o|ur mum
|chat|13o|is deepthroating me
|chat|13o|rite a
|
|move|p2a: Tentacruel|Protect|p2a: Tentacruel
|-singleturn|p2a: Tentacruel|Protect
|move|p1a: Doublekill|Spikes|p2a: Tentacruel
|-sidestart|p2: Leotias|Spikes
|
|-weather|RainDance|[upkeep]
|-heal|p2a: Tentacruel|363/363|[from] ability: Rain Dish
|-heal|p1a: Doublekill|268/352 brn|[from] item: Leftovers
|-damage|p1a: Doublekill|224/352 brn|[from] brn
|turn|30
|chat|Leotias|nuh uh
|leave|Soccerman179
|
|move|p2a: Tentacruel|Scald|p1a: Doublekill
|-resisted|p1a: Doublekill
|-damage|p1a: Doublekill|182/352 brn
|move|p1a: Doublekill|Leech Seed|p2a: Tentacruel|[miss]
|-miss|p1a: Doublekill|p2a: Tentacruel
|
|-weather|RainDance|[upkeep]
|-heal|p1a: Doublekill|204/352 brn|[from] item: Leftovers
|-damage|p1a: Doublekill|160/352 brn|[from] brn
|turn|31
|chat|Leotias|clean
|
|switch|p1a: Killimanjaro|Umbreon, M|394/394
|move|p2a: Tentacruel|Protect|p2a: Tentacruel
|-fail|p2a: Tentacruel
|
|-weather|RainDance|[upkeep]
|turn|32
|
|move|p2a: Tentacruel|Rapid Spin|p1a: Killimanjaro
|-damage|p1a: Killimanjaro|387/394
|-sideend|p2: Leotias|Spikes|[from] move: Rapid Spin|[of] p2a: Tentacruel
|move|p1a: Killimanjaro|Heal Bell|p1a: Killimanjaro
|-cureteam|p1a: Killimanjaro|[from] move: HealBell
|
|-weather|RainDance|[upkeep]
|-heal|p1a: Killimanjaro|394/394|[from] item: Leftovers
|turn|33
|
|move|p2a: Tentacruel|Toxic|p1a: Killimanjaro
|-status|p1a: Killimanjaro|tox
|move|p1a: Killimanjaro|Wish|p1a: Killimanjaro
|
|-weather|RainDance|[upkeep]
|-damage|p1a: Killimanjaro|370/394 tox|[from] psn
|turn|34
|
|switch|p1a: Doublekill|Ferrothorn, M|160/352
|move|p2a: Tentacruel|Scald|p1a: Doublekill
|-resisted|p1a: Doublekill
|-damage|p1a: Doublekill|115/352
|-status|p1a: Doublekill|brn
|
|-weather|RainDance|[upkeep]
|-heal|p1a: Doublekill|312/352 brn|[from] move: Wish|[wisher] Killimanjaro
|-heal|p1a: Doublekill|334/352 brn|[from] item: Leftovers
|-damage|p1a: Doublekill|290/352 brn|[from] brn
|turn|35
|
|switch|p2a: Chansey|Chansey, F|352/704
|move|p1a: Doublekill|Spikes|p2a: Chansey
|-sidestart|p2: Leotias|Spikes
|
|-weather|RainDance|[upkeep]
|-heal|p1a: Doublekill|312/352 brn|[from] item: Leftovers
|-damage|p1a: Doublekill|268/352 brn|[from] brn
|turn|36
|
|move|p2a: Chansey|Soft-Boiled|p2a: Chansey
|-heal|p2a: Chansey|704/704
|move|p1a: Doublekill|Leech Seed|p2a: Chansey
|-start|p2a: Chansey|move: Leech Seed
|
|-weather|RainDance|[upkeep]
|-heal|p1a: Doublekill|290/352 brn|[from] item: Leftovers
|-damage|p2a: Chansey|616/704|[from] Leech Seed|[of] p1a: Doublekill
|-heal|p1a: Doublekill|352/352 brn|[silent]
|-damage|p1a: Doublekill|308/352 brn|[from] brn
|turn|37
|
|switch|p2a: Tentacruel|Tentacruel, F|363/363
|-damage|p2a: Tentacruel|318/363|[from] Spikes
|move|p1a: Doublekill|Leech Seed|p2a: Tentacruel
|-start|p2a: Tentacruel|move: Leech Seed
|
|-weather|RainDance|[upkeep]
|-heal|p2a: Tentacruel|340/363|[from] ability: Rain Dish
|-heal|p2a: Tentacruel|362/363|[from] item: Leftovers
|-heal|p1a: Doublekill|330/352 brn|[from] item: Leftovers
|-damage|p2a: Tentacruel|317/363|[from] Leech Seed|[of] p1a: Doublekill
|-heal|p1a: Doublekill|352/352 brn|[silent]
|-damage|p1a: Doublekill|308/352 brn|[from] brn
|turn|38
|
|move|p2a: Tentacruel|Protect|p2a: Tentacruel
|-singleturn|p2a: Tentacruel|Protect
|move|p1a: Doublekill|Spikes|p2a: Tentacruel
|-sidestart|p2: Leotias|Spikes
|
|-weather|RainDance|[upkeep]
|-heal|p2a: Tentacruel|339/363|[from] ability: Rain Dish
|-heal|p2a: Tentacruel|361/363|[from] item: Leftovers
|-heal|p1a: Doublekill|330/352 brn|[from] item: Leftovers
|-damage|p2a: Tentacruel|316/363|[from] Leech Seed|[of] p1a: Doublekill
|-heal|p1a: Doublekill|352/352 brn|[silent]
|-damage|p1a: Doublekill|308/352 brn|[from] brn
|turn|39
|
|move|p2a: Tentacruel|Rapid Spin|p1a: Doublekill
|-resisted|p1a: Doublekill
|-damage|p1a: Doublekill|305/352 brn
|-damage|p2a: Tentacruel|271/363|[from] ability: Iron Barbs|[of] p1a: Doublekill
|-end|p2a: Tentacruel|Leech Seed|[from] move: Rapid Spin|[of] p2a: Tentacruel
|-sideend|p2: Leotias|Spikes|[from] move: Rapid Spin|[of] p2a: Tentacruel
|move|p1a: Doublekill|Power Whip|p2a: Tentacruel
|-damage|p2a: Tentacruel|205/363
|
|-weather|RainDance|[upkeep]
|-heal|p2a: Tentacruel|227/363|[from] ability: Rain Dish
|-heal|p2a: Tentacruel|249/363|[from] item: Leftovers
|-heal|p1a: Doublekill|327/352 brn|[from] item: Leftovers
|-damage|p1a: Doublekill|283/352 brn|[from] brn
|turn|40
|
|move|p2a: Tentacruel|Protect|p2a: Tentacruel
|-singleturn|p2a: Tentacruel|Protect
|move|p1a: Doublekill|Spikes|p2a: Tentacruel
|-sidestart|p2: Leotias|Spikes
|
|-weather|RainDance|[upkeep]
|-heal|p2a: Tentacruel|271/363|[from] ability: Rain Dish
|-heal|p2a: Tentacruel|293/363|[from] item: Leftovers
|-heal|p1a: Doublekill|305/352 brn|[from] item: Leftovers
|-damage|p1a: Doublekill|261/352 brn|[from] brn
|turn|41
|
|switch|p2a: Alomomola|Alomomola, M|534/534
|-damage|p2a: Alomomola|468/534|[from] Spikes
|move|p1a: Doublekill|Leech Seed|p2a: Alomomola
|-start|p2a: Alomomola|move: Leech Seed
|
|-weather|RainDance|[upkeep]
|-heal|p2a: Alomomola|501/534|[from] item: Leftovers
|-heal|p1a: Doublekill|283/352 brn|[from] item: Leftovers
|-damage|p2a: Alomomola|435/534|[from] Leech Seed|[of] p1a: Doublekill
|-heal|p1a: Doublekill|349/352 brn|[silent]
|-damage|p1a: Doublekill|305/352 brn|[from] brn
|turn|42
|
|move|p2a: Alomomola|Wish|p2a: Alomomola
|move|p1a: Doublekill|Power Whip|p2a: Alomomola
|-supereffective|p2a: Alomomola
|-damage|p2a: Alomomola|327/534
|
|-weather|RainDance|[upkeep]
|-heal|p2a: Alomomola|360/534|[from] item: Leftovers
|-heal|p1a: Doublekill|327/352 brn|[from] item: Leftovers
|-damage|p2a: Alomomola|294/534|[from] Leech Seed|[of] p1a: Doublekill
|-heal|p1a: Doublekill|352/352 brn|[silent]
|-damage|p1a: Doublekill|308/352 brn|[from] brn
|turn|43
|
|switch|p2a: Tentacruel|Tentacruel, F|293/363
|-damage|p2a: Tentacruel|248/363|[from] Spikes
|move|p1a: Doublekill|Spikes|p2a: Tentacruel
|-sidestart|p2: Leotias|Spikes
|
|-weather|RainDance|[upkeep]
|-heal|p2a: Tentacruel|270/363|[from] ability: Rain Dish
|-heal|p2a: Tentacruel|363/363|[from] move: Wish|[wisher] Alomomola
|-heal|p1a: Doublekill|330/352 brn|[from] item: Leftovers
|-damage|p1a: Doublekill|286/352 brn|[from] brn
|turn|44
|
|move|p2a: Tentacruel|Rapid Spin|p1a: Doublekill
|-resisted|p1a: Doublekill
|-damage|p1a: Doublekill|283/352 brn
|-damage|p2a: Tentacruel|318/363|[from] ability: Iron Barbs|[of] p1a: Doublekill
|-sideend|p2: Leotias|Spikes|[from] move: Rapid Spin|[of] p2a: Tentacruel
|move|p1a: Doublekill|Power Whip|p2a: Tentacruel|[miss]
|-miss|p1a: Doublekill|p2a: Tentacruel
|
|-weather|RainDance|[upkeep]
|-heal|p2a: Tentacruel|340/363|[from] ability: Rain Dish
|-heal|p2a: Tentacruel|362/363|[from] item: Leftovers
|-heal|p1a: Doublekill|305/352 brn|[from] item: Leftovers
|-damage|p1a: Doublekill|261/352 brn|[from] brn
|turn|45
|
|switch|p2a: Alomomola|Alomomola, M|472/534
|move|p1a: Doublekill|Spikes|p2a: Alomomola
|-sidestart|p2: Leotias|Spikes
|
|-weather|RainDance|[upkeep]
|-heal|p2a: Alomomola|505/534|[from] item: Leftovers
|-heal|p1a: Doublekill|283/352 brn|[from] item: Leftovers
|-damage|p1a: Doublekill|239/352 brn|[from] brn
|turn|46
|
|move|p2a: Alomomola|Ice Beam|p1a: Doublekill
|-damage|p1a: Doublekill|211/352 brn
|move|p1a: Doublekill|Spikes|p2a: Alomomola
|-sidestart|p2: Leotias|Spikes
|
|-weather|RainDance|[upkeep]
|-heal|p2a: Alomomola|534/534|[from] item: Leftovers
|-heal|p1a: Doublekill|233/352 brn|[from] item: Leftovers
|-damage|p1a: Doublekill|189/352 brn|[from] brn
|turn|47
|
|move|p2a: Alomomola|Protect|p2a: Alomomola
|-singleturn|p2a: Alomomola|Protect
|move|p1a: Doublekill|Leech Seed|p2a: Alomomola
|-activate|p2a: Alomomola|Protect
|
|-weather|RainDance|[upkeep]
|-heal|p1a: Doublekill|211/352 brn|[from] item: Leftovers
|-damage|p1a: Doublekill|167/352 brn|[from] brn
|turn|48
|leave|Morgan Notfreeman
|
|switch|p2a: Tentacruel|Tentacruel, F|362/363
|-damage|p2a: Tentacruel|302/363|[from] Spikes
|move|p1a: Doublekill|Spikes|p2a: Tentacruel
|-sidestart|p2: Leotias|Spikes
|
|-weather|RainDance|[upkeep]
|-heal|p2a: Tentacruel|324/363|[from] ability: Rain Dish
|-heal|p2a: Tentacruel|346/363|[from] item: Leftovers
|-heal|p1a: Doublekill|189/352 brn|[from] item: Leftovers
|-damage|p1a: Doublekill|145/352 brn|[from] brn
|turn|49
|
|switch|p1a: Killtrocity|Jolteon, M|170/272
|move|p2a: Tentacruel|Rapid Spin|p1a: Killtrocity
|-damage|p1a: Killtrocity|157/272
|-sideend|p2: Leotias|Spikes|[from] move: Rapid Spin|[of] p2a: Tentacruel
|
|-weather|RainDance|[upkeep]
|-heal|p2a: Tentacruel|363/363|[from] ability: Rain Dish
|-heal|p1a: Killtrocity|174/272|[from] item: Leftovers
|turn|50
|
|switch|p2a: Chansey|Chansey, F|616/704
|move|p1a: Killtrocity|Thunder|p2a: Chansey
|-damage|p2a: Chansey|501/704
|
|-weather|RainDance|[upkeep]
|-heal|p1a: Killtrocity|191/272|[from] item: Leftovers
|turn|51
|
|switch|p1a: Killtacular|Gyarados, M|353/353
|-ability|p1a: Killtacular|Intimidate|[of] p2a: Chansey
|-unboost|p2a: Chansey|atk|1
|move|p2a: Chansey|Seismic Toss|p1a: Killtacular
|-damage|p1a: Killtacular|253/353
|
|-weather|RainDance|[upkeep]
|-heal|p1a: Killtacular|275/353|[from] item: Leftovers
|turn|52
|
|move|p1a: Killtacular|Substitute|p1a: Killtacular
|-start|p1a: Killtacular|Substitute
|-damage|p1a: Killtacular|187/353
|move|p2a: Chansey|Toxic|p1a: Killtacular
|
|-weather|RainDance|[upkeep]
|-heal|p1a: Killtacular|209/353|[from] item: Leftovers
|turn|53
|
|move|p1a: Killtacular|Dragon Dance|p1a: Killtacular
|-boost|p1a: Killtacular|atk|1
|-boost|p1a: Killtacular|spe|1
|move|p2a: Chansey|Seismic Toss|p1a: Killtacular
|-end|p1a: Killtacular|Substitute
|
|-weather|RainDance|[upkeep]
|-heal|p1a: Killtacular|231/353|[from] item: Leftovers
|turn|54
|
|move|p1a: Killtacular|Waterfall|p2a: Chansey
|-damage|p2a: Chansey|87/704
|cant|p2a: Chansey|flinch
|
|-weather|RainDance|[upkeep]
|-heal|p1a: Killtacular|253/353|[from] item: Leftovers
|turn|55
|chat|Leotias|WOW HAC
|chat|Leotias|DFGHGOGWER
|chat|Leotias|GERERG
|chat|Leotias|WERGWER
|chat|Leotias|GWERGRUOWE
|chat|Leotias|WH
|chat|Leotias|HGJIPWHO'IP[
|chat|Leotias|HO'U
|chat|Leotias|HO'
|chat|Leotias|H
|
|switch|p2a: Tentacruel|Tentacruel, F|363/363
|move|p1a: Killtacular|Dragon Dance|p1a: Killtacular
|-boost|p1a: Killtacular|atk|1
|-boost|p1a: Killtacular|spe|1
|
|-weather|RainDance|[upkeep]
|-heal|p1a: Killtacular|275/353|[from] item: Leftovers
|turn|56
|
|move|p1a: Killtacular|Waterfall|p2a: Tentacruel
|-crit|p2a: Tentacruel
|-resisted|p2a: Tentacruel
|-damage|p2a: Tentacruel|0 fnt
|faint|p2a: Tentacruel
|
|-weather|RainDance|[upkeep]
|-heal|p1a: Killtacular|297/353|[from] item: Leftovers
|chat|Leotias|omg
|chat|Leotias|hax me harder
|chat|Leotias|like try
|chat|13o|ait
|chat|My Nostalgic Past|okay
|
|switch|p2a: Alomomola|Alomomola, M|534/534
|turn|57
|chat|13o|stal is gya
|
|move|p1a: Killtacular|Substitute|p1a: Killtacular
|-start|p1a: Killtacular|Substitute
|-damage|p1a: Killtacular|209/353
|move|p2a: Alomomola|Ice Beam|p1a: Killtacular
|-activate|p1a: Killtacular|Substitute|[damage]
|
|-weather|RainDance|[upkeep]
|-heal|p1a: Killtacular|231/353|[from] item: Leftovers
|turn|58
|chat|13o|fagt
|
|move|p1a: Killtacular|Dragon Dance|p1a: Killtacular
|-boost|p1a: Killtacular|atk|1
|-boost|p1a: Killtacular|spe|1
|move|p2a: Alomomola|Ice Beam|p1a: Killtacular
|-activate|p1a: Killtacular|Substitute|[damage]
|
|-weather|RainDance|[upkeep]
|-heal|p1a: Killtacular|253/353|[from] item: Leftovers
|turn|59
|chat|Leotias|ur a fg
|chat|Leotias|u win cz hax nerd
|
|move|p1a: Killtacular|Waterfall|p2a: Alomomola
|-resisted|p2a: Alomomola
|-damage|p2a: Alomomola|337/534
|move|p2a: Alomomola|Ice Beam|p1a: Killtacular
|-end|p1a: Killtacular|Substitute
|
|-weather|RainDance|[upkeep]
|-heal|p1a: Killtacular|275/353|[from] item: Leftovers
|-heal|p2a: Alomomola|370/534|[from] item: Leftovers
|turn|60
|
|move|p1a: Killtacular|Substitute|p1a: Killtacular
|-start|p1a: Killtacular|Substitute
|-damage|p1a: Killtacular|187/353
|move|p2a: Alomomola|Ice Beam|p1a: Killtacular
|-activate|p1a: Killtacular|Substitute|[damage]
|
|-weather|RainDance|[upkeep]
|-heal|p1a: Killtacular|209/353|[from] item: Leftovers
|-heal|p2a: Alomomola|403/534|[from] item: Leftovers
|turn|61
|
|move|p1a: Killtacular|Dragon Dance|p1a: Killtacular
|-boost|p1a: Killtacular|atk|1
|-boost|p1a: Killtacular|spe|1
|move|p2a: Alomomola|Waterfall|p1a: Killtacular
|-resisted|p1a: Killtacular
|-end|p1a: Killtacular|Substitute
|
|-weather|RainDance|[upkeep]
|-heal|p1a: Killtacular|231/353|[from] item: Leftovers
|-heal|p2a: Alomomola|436/534|[from] item: Leftovers
|turn|62
|
|move|p1a: Killtacular|Waterfall|p2a: Alomomola
|-resisted|p2a: Alomomola
|-damage|p2a: Alomomola|186/534
|move|p2a: Alomomola|Wish|p2a: Alomomola
|
|-weather|RainDance|[upkeep]
|-heal|p1a: Killtacular|253/353|[from] item: Leftovers
|-heal|p2a: Alomomola|219/534|[from] item: Leftovers
|turn|63
|
|move|p2a: Alomomola|Protect|p2a: Alomomola
|-singleturn|p2a: Alomomola|Protect
|move|p1a: Killtacular|Substitute|p1a: Killtacular
|-start|p1a: Killtacular|Substitute
|-damage|p1a: Killtacular|165/353
|
|-weather|RainDance|[upkeep]
|-heal|p2a: Alomomola|486/534|[from] move: Wish|[wisher] Alomomola
|-heal|p1a: Killtacular|187/353|[from] item: Leftovers
|-heal|p2a: Alomomola|519/534|[from] item: Leftovers
|turn|64
|chat|13o|.
|chat|13o|leo
|
|move|p1a: Killtacular|Dragon Dance|p1a: Killtacular
|-boost|p1a: Killtacular|atk|1
|-boost|p1a: Killtacular|spe|1
|move|p2a: Alomomola|Wish|p2a: Alomomola
|
|-weather|RainDance|[upkeep]
|-heal|p1a: Killtacular|209/353|[from] item: Leftovers
|-heal|p2a: Alomomola|534/534|[from] item: Leftovers
|turn|65
|chat|13o|leo
|chat|13o|bodied
|
|move|p1a: Killtacular|Dragon Dance|p1a: Killtacular
|-boost|p1a: Killtacular|atk|1
|-boost|p1a: Killtacular|spe|1
|move|p2a: Alomomola|Waterfall|p1a: Killtacular
|-resisted|p1a: Killtacular
|-activate|p1a: Killtacular|Substitute|[damage]
|
|-weather|RainDance|[upkeep]
|-heal|p1a: Killtacular|231/353|[from] item: Leftovers
|turn|66
|
|move|p2a: Alomomola|Protect|p2a: Alomomola
|-singleturn|p2a: Alomomola|Protect
|move|p1a: Killtacular|Waterfall|p2a: Alomomola
|-activate|p2a: Alomomola|Protect
|
|-weather|RainDance|[upkeep]
|-heal|p1a: Killtacular|253/353|[from] item: Leftovers
|turn|67
|chat|13o|what is 4th move
|chat|My Nostalgic Past|You'll never know...
|
|move|p1a: Killtacular|Waterfall|p2a: Alomomola
|-resisted|p2a: Alomomola
|-damage|p2a: Alomomola|207/534
|move|p2a: Alomomola|Wish|p2a: Alomomola
|
|-weather|RainDance|[upkeep]
|-heal|p1a: Killtacular|275/353|[from] item: Leftovers
|-heal|p2a: Alomomola|240/534|[from] item: Leftovers
|turn|68
|leave|King of Slowpoke
|chat|Leotias|u are 1 fucking cheeky kunt mate i swear i am goin 2 wreck u i swear on my mums life and i no u are scared lil bitch gettin your mates to send me messages saying dont meet up coz u r sum big bastard with muscles lol fuckin sad mate really sad 
|
|move|p2a: Alomomola|Protect|p2a: Alomomola
|-singleturn|p2a: Alomomola|Protect
|move|p1a: Killtacular|Bounce|p2a: Alomomola|[still]
|-prepare|p1a: Killtacular|Bounce|p2a: Alomomola
|
|-weather|RainDance|[upkeep]
|-heal|p2a: Alomomola|507/534|[from] move: Wish|[wisher] Alomomola
|-heal|p1a: Killtacular|297/353|[from] item: Leftovers
|-heal|p2a: Alomomola|534/534|[from] item: Leftovers
|turn|69
|chat|Leotias|jus shows what a scared lil gay boy u are and whats all this crap ur mates sendin me about sum bodybuildin website that 1 of your faverite places to look at men u lil fuckin gay boy fone me if u got da balls cheeky prick see if u can step up lil queer
|
|move|p1a: Killtacular|Bounce|p2a: Alomomola
|-damage|p2a: Alomomola|41/534
|-status|p2a: Alomomola|par
|cant|p2a: Alomomola|par
|
|-weather|RainDance|[upkeep]
|-heal|p1a: Killtacular|319/353|[from] item: Leftovers
|-heal|p2a: Alomomola|74/534 par|[from] item: Leftovers
|turn|70
|chat|Leotias|shwer
|chat|Leotias|erger
|chat|Leotias|werjklg
|chat|Leotias|wo
|chat|Leotias|w
|chat|Leotias|para
|chat|Leotias|oklayu
|chat|My Nostalgic Past|Lol at THIS guy :}
|chat|Leotias|i bet ull upload after u haxed me u little bitch
|chat|13o|latais
|chat|Leotias|ill give u 1 in the bgabber
|chat|13o|ur teams are bad
|
|cant|p2a: Alomomola|par
|move|p1a: Killtacular|Waterfall|p2a: Alomomola
|-resisted|p2a: Alomomola
|-damage|p2a: Alomomola|0 fnt
|faint|p2a: Alomomola
|
|-weather|RainDance|[upkeep]
|-heal|p1a: Killtacular|341/353|[from] item: Leftovers
|chat|My Nostalgic Past|GG XD
|chat|Leotias|Dude I can't stand listening to your jargon anymore. The fact that you talk a lot of **** that you can not back makes me believe that you do a lot of reading and not a lot of lifting. How Can you give advice to people without truly understanding what you are saying? The answer is you can't ..... 
|chat|My Nostalgic Past|Dude I'm just trollin you need to chill the fuck out right now, man.
|chat|Leotias|You can not tell someone something without knowing if it works or not. You have no experience lifting. You hardly know anything. Everything you do know you read in a book or stole from someone else. 
|chat|Leotias|You have no factual eveidence that it works. You just take advice from credible sources and post them as your own....
|chat|Leotias|As an aspiring personal trainer, who has actually spent time working in a gym, watching and criticizing and experimenting. Stop posting. You don't know what youre talking about. You know it too.
|chat|13o|U Wut: evire isnt bad
|chat|13o|U Wut: evire isnt bad
|chat|13o|U Wut: evire isnt bad
|chat|Leotias|You’ve got to be kidding me. I’ve been further even more decided to use even go need to do look more as anyone can. Can you really be far even as decided half as much to use go wish for that?
|chat|My Nostalgic Past|Pokemon is RANDOM. That should tell you how much skill is involved. And I know I didn't come up with this stuff.
|chat|Leotias|My guess is that when one really been far even as decided once to use even go want, it is then that he has really been far even as decided to use even go want to do look more like. It’s just common sense. 
|chat|13o|um
|chat|13o|these are copy pastas
|chat|13o|ur wasting ur time
|chat|13o|hes not actually typing that
|chat|My Nostalgic Past|Just go.
|chat|My Nostalgic Past|Ah.
|chat|Leotias|Did you know that what you are talking about is limited by your false sense of reality? Maybe if you studied just a little bit harder while in school you wouldnt be blinded by these fallacies that have cast a cloud over your judgment.
|chat|Leotias| I once knew a guy like you who had everything he could ever want but in the end it meant nothing, because he never knew his true place in the grand scheme of things. 
|chat|Leotias|Im not trying to tell you how to live your life but, honestly buddy I think its time you stepped down off of your high horse and looked life square in the eyes.
|chat|Leotias|dude I think you might have something wrong with your brain. Why are you trying to be all cyberbully on me. Do you really think anyone cares about you. You talk to people like they are trash.
|chat|Leotias|Why would you want to come off like that. Does it make you feel tough? Are you trying to make up for having a small smelly dick?
|chat|Leotias|You need to see a shrink. Have fun going through life wondering why people don't like you. I'll give you a hint though, you try to make others feel like ****. But you have failed on me. I know what you are. See, the thing is, I'm a nice guy. You on the other hand can't control your stupidity.
|
|switch|p2a: Chansey|Chansey, F|87/704
|turn|71
|chat|My Nostalgic Past|I'm not reading any of these. :/
|chat|Leotias|bc ur gay
|chat|13o|u should
|chat|Leotias|gay lord fgt queer
|chat|13o|they are very informative
|chat|Leotias|i woud rek u irl
|chat|My Nostalgic Past|Too long. Too pointless.
|chat|Leotias|even on the internet if u didnt hack pokemon showdoen
|chat|Leotias|fukn fgt
|chat|My Nostalgic Past|I got lucky for ONCE and its a hack.
|chat|Leotias|u obv hacker
|chat|Leotias|pokemon is gay af
|chat|Leotias|fukn nerd
|-message|Leotias lost due to inactivity.
|
|win|My Nostalgic Past
|raw|Ladder updating...
|chat|Leotias|mouthbreather
|chat|13o|lol
|raw|My Nostalgic Past's rating: 1268 &rarr; <strong>1303</strong><br />(+35 for winning)
|raw|Leotias's rating: 1420 &rarr; <strong>1391</strong><br />(-29 for losing)