|join|srk1214
|join|Vallis
|player|p1|srk1214|1
|player|p2|Vallis|70
|gametype|singles
|gen|5
|tier|[Gen 5] OU
|rated
|rule|Evasion Abilities Clause: Evasion abilities are banned
|clearpoke
|poke|p1|Tyranitar, F
|poke|p1|Stoutland, F
|poke|p1|Magnezone
|poke|p1|Alakazam, M
|poke|p1|Jirachi
|poke|p1|Landorus-Therian, M
|poke|p2|Heatran, M
|poke|p2|Hippowdon, F
|poke|p2|Latios, M
|poke|p2|Ferrothorn, M
|poke|p2|Terrakion
|poke|p2|Mamoswine, F
|rule|Sleep Clause Mod: Limit one foe put to sleep
|rule|Species Clause: Limit one of each Pokémon
|rule|OHKO Clause: OHKO moves are banned
|rule|Moody Clause: Moody is banned
|rule|Evasion Moves Clause: Evasion moves are banned
|rule|Endless Battle Clause: Forcing endless battles is banned
|rule|HP Percentage Mod: HP is reported as percentages
|teampreview
|chat|Vallis|Tu equipo...
|
|start
|switch|p1a: Landorus-Therian|Landorus-Therian, M|381/381
|switch|p2a: Terrakion|Terrakion|324/324
|-ability|p1a: Landorus-Therian|Intimidate|[of] p2a: Terrakion
|-unboost|p2a: Terrakion|atk|1
|turn|1
|chat|Vallis|Pienso que sera fuerte
|
|move|p2a: Terrakion|Taunt|p1a: Landorus-Therian
|-start|p1a: Landorus-Therian|move: Taunt
|move|p1a: Landorus-Therian|Earthquake|p2a: Terrakion
|-supereffective|p2a: Terrakion
|-enditem|p2a: Terrakion|Focus Sash
|-damage|p2a: Terrakion|1/324
|
|turn|2
|
|move|p2a: Terrakion|Stealth Rock|p1a: Landorus-Therian
|-sidestart|p1: srk1214|move: Stealth Rock
|move|p1a: Landorus-Therian|U-turn|p2a: Terrakion
|-resisted|p2a: Terrakion
|-damage|p2a: Terrakion|0 fnt
|faint|p2a: Terrakion
|
|switch|p1a: Tyranitar|Tyranitar, F|386/386
|-damage|p1a: Tyranitar|338/386|[from] Stealth Rock
|-weather|Sandstorm|[from] ability: Sand Stream|[of] p1a: Tyranitar
|
|-weather|Sandstorm|[upkeep]
|
|switch|p2a: Mamoswine|Mamoswine, F|382/382
|turn|3
|
|switch|p1a: Landorus-Therian|Landorus-Therian, M|381/381
|-damage|p1a: Landorus-Therian|334/381|[from] Stealth Rock
|-ability|p1a: Landorus-Therian|Intimidate|[of] p2a: Mamoswine
|-unboost|p2a: Mamoswine|atk|1
|move|p2a: Mamoswine|Superpower|p1a: Landorus-Therian
|-resisted|p1a: Landorus-Therian
|-damage|p1a: Landorus-Therian|286/381
|-unboost|p2a: Mamoswine|atk|1
|-unboost|p2a: Mamoswine|def|1
|-damage|p2a: Mamoswine|344/382|[from] item: Life Orb
|
|-weather|Sandstorm|[upkeep]
|-heal|p1a: Landorus-Therian|309/381|[from] item: Leftovers
|turn|4
|chat|Vallis|Bueno! ^^
|
|switch|p2a: Hippowdon|Hippowdon, F|358/358
|move|p1a: Landorus-Therian|U-turn|p2a: Hippowdon
|-damage|p2a: Hippowdon|307/358
|
|switch|p1a: Tyranitar|Tyranitar, F|338/386
|-damage|p1a: Tyranitar|290/386|[from] Stealth Rock
|
|-weather|Sandstorm|[upkeep]
|-heal|p2a: Hippowdon|329/358|[from] item: Leftovers
|turn|5
|
|move|p1a: Tyranitar|Crunch|p2a: Hippowdon
|-damage|p2a: Hippowdon|182/358
|move|p2a: Hippowdon|Toxic|p1a: Tyranitar
|-status|p1a: Tyranitar|tox
|
|-weather|Sandstorm|[upkeep]
|-heal|p2a: Hippowdon|204/358|[from] item: Leftovers
|-damage|p1a: Tyranitar|266/386 tox|[from] psn
|turn|6
|
|move|p2a: Hippowdon|Protect|p2a: Hippowdon
|-singleturn|p2a: Hippowdon|Protect
|move|p1a: Tyranitar|Crunch|p2a: Hippowdon
|-activate|p2a: Hippowdon|Protect
|
|-weather|Sandstorm|[upkeep]
|-heal|p2a: Hippowdon|226/358|[from] item: Leftovers
|-damage|p1a: Tyranitar|218/386 tox|[from] psn
|turn|7
|
|switch|p2a: Ferrothorn|Ferrothorn, M|290/290
|move|p1a: Tyranitar|Crunch|p2a: Ferrothorn
|-resisted|p2a: Ferrothorn
|-damage|p2a: Ferrothorn|217/290
|-damage|p1a: Tyranitar|170/386 tox|[from] ability: Iron Barbs|[of] p2a: Ferrothorn
|-damage|p1a: Tyranitar|106/386 tox|[from] item: Rocky Helmet|[of] p2a: Ferrothorn
|
|-weather|Sandstorm|[upkeep]
|-damage|p1a: Tyranitar|34/386 tox|[from] psn
|turn|8
|
|move|p2a: Ferrothorn|Protect|p2a: Ferrothorn
|-singleturn|p2a: Ferrothorn|Protect
|move|p1a: Tyranitar|Crunch|p2a: Ferrothorn
|-activate|p2a: Ferrothorn|Protect
|
|-weather|Sandstorm|[upkeep]
|-damage|p1a: Tyranitar|0 fnt|[from] psn
|faint|p1a: Tyranitar
|chat|Vallis|Lo siento
|
|switch|p1a: Magnezone|Magnezone|324/324
|-damage|p1a: Magnezone|304/324|[from] Stealth Rock
|turn|9
|
|move|p1a: Magnezone|Hidden Power|p2a: Ferrothorn
|-supereffective|p2a: Ferrothorn
|-damage|p2a: Ferrothorn|0 fnt
|faint|p2a: Ferrothorn
|
|-weather|Sandstorm|[upkeep]
|
|switch|p2a: Heatran|Heatran, M|324/324
|turn|10
|
|switch|p1a: Landorus-Therian|Landorus-Therian, M|309/381
|-damage|p1a: Landorus-Therian|262/381|[from] Stealth Rock
|-ability|p1a: Landorus-Therian|Intimidate|[of] p2a: Heatran
|-unboost|p2a: Heatran|atk|1
|move|p2a: Heatran|Hidden Power|p1a: Landorus-Therian
|-supereffective|p1a: Landorus-Therian
|-damage|p1a: Landorus-Therian|0 fnt
|faint|p1a: Landorus-Therian
|
|-weather|Sandstorm|[upkeep]
|chat|Vallis|Get rekt
|chat|Vallis|:P
|
|switch|p1a: Magnezone|Magnezone|304/324
|-damage|p1a: Magnezone|284/324|[from] Stealth Rock
|turn|11
|
|move|p2a: Heatran|Flamethrower|p1a: Magnezone
|-supereffective|p1a: Magnezone
|-damage|p1a: Magnezone|0 fnt
|faint|p1a: Magnezone
|
|-weather|Sandstorm|[upkeep]
|chat|Vallis|XD
|
|switch|p1a: Alakazam|Alakazam, M|251/251
|turn|12
|
|move|p1a: Alakazam|Focus Blast|p2a: Heatran
|-supereffective|p2a: Heatran
|-damage|p2a: Heatran|56/324
|move|p2a: Heatran|Flamethrower|p1a: Alakazam
|-damage|p1a: Alakazam|52/251
|
|-weather|Sandstorm|[upkeep]
|turn|13
|
|move|p1a: Alakazam|Psyshock|p2a: Heatran
|-resisted|p2a: Heatran
|-damage|p2a: Heatran|0 fnt
|faint|p2a: Heatran
|
|-weather|Sandstorm|[upkeep]
|
|switch|p2a: Mamoswine|Mamoswine, F|344/382
|turn|14
|
|switch|p1a: Jirachi|Jirachi|341/341
|-damage|p1a: Jirachi|320/341|[from] Stealth Rock
|move|p2a: Mamoswine|Ice Shard|p1a: Jirachi
|-resisted|p1a: Jirachi
|-damage|p1a: Jirachi|280/341
|-damage|p2a: Mamoswine|306/382|[from] item: Life Orb
|
|-weather|Sandstorm|[upkeep]
|turn|15
|
|move|p1a: Jirachi|Iron Head|p2a: Mamoswine
|-supereffective|p2a: Mamoswine
|-damage|p2a: Mamoswine|60/382
|cant|p2a: Mamoswine|flinch
|
|-weather|Sandstorm|[upkeep]
|turn|16
|chat|Vallis|MIERDA
|chat|Vallis|Fucking hax, man
|
|move|p1a: Jirachi|Iron Head|p2a: Mamoswine
|-supereffective|p2a: Mamoswine
|-damage|p2a: Mamoswine|0 fnt
|faint|p2a: Mamoswine
|
|-weather|Sandstorm|[upkeep]
|
|switch|p2a: Hippowdon|Hippowdon, F|226/358
|turn|17
|
|move|p2a: Hippowdon|Protect|p2a: Hippowdon
|-singleturn|p2a: Hippowdon|Protect
|move|p1a: Jirachi|Iron Head|p2a: Hippowdon
|-activate|p2a: Hippowdon|Protect
|
|-weather|Sandstorm|[upkeep]
|-heal|p2a: Hippowdon|248/358|[from] item: Leftovers
|turn|18
|
|switch|p1a: Alakazam|Alakazam, M|52/251
|move|p2a: Hippowdon|Earthquake|p1a: Alakazam
|-damage|p1a: Alakazam|0 fnt
|faint|p1a: Alakazam
|
|-weather|Sandstorm|[upkeep]
|-heal|p2a: Hippowdon|270/358|[from] item: Leftovers
|
|switch|p1a: Stoutland|Stoutland, F|311/311
|-damage|p1a: Stoutland|273/311|[from] Stealth Rock
|turn|19
|chat|Vallis|Gracias
|
|move|p2a: Hippowdon|Protect|p2a: Hippowdon
|-singleturn|p2a: Hippowdon|Protect
|move|p1a: Stoutland|Return|p2a: Hippowdon
|-activate|p2a: Hippowdon|Protect
|
|-weather|Sandstorm|[upkeep]
|-heal|p2a: Hippowdon|292/358|[from] item: Leftovers
|turn|20
|
|move|p1a: Stoutland|Return|p2a: Hippowdon
|-damage|p2a: Hippowdon|138/358
|move|p2a: Hippowdon|Toxic|p1a: Stoutland
|-status|p1a: Stoutland|tox
|
|-weather|Sandstorm|[upkeep]
|-heal|p2a: Hippowdon|160/358|[from] item: Leftovers
|-damage|p1a: Stoutland|254/311 tox|[from] psn
|turn|21
|
|switch|p1a: Jirachi|Jirachi|280/341
|-damage|p1a: Jirachi|259/341|[from] Stealth Rock
|move|p2a: Hippowdon|Protect|p2a: Hippowdon
|-fail|p2a: Hippowdon
|
|-weather|Sandstorm|[upkeep]
|-heal|p2a: Hippowdon|182/358|[from] item: Leftovers
|turn|22
|
|move|p2a: Hippowdon|Protect|p2a: Hippowdon
|-singleturn|p2a: Hippowdon|Protect
|move|p1a: Jirachi|Healing Wish|p1a: Jirachi
|faint|p1a: Jirachi
|
|-weather|Sandstorm|[upkeep]
|-heal|p2a: Hippowdon|204/358|[from] item: Leftovers
|
|switch|p1a: Stoutland|Stoutland, F|254/311 tox
|-heal|p1a: Stoutland|311/311|[from] move: Healing Wish
|-damage|p1a: Stoutland|273/311|[from] Stealth Rock
|turn|23
|chat|Vallis|Todavia puedo ganar
|chat|Vallis|>:D
|
|move|p1a: Stoutland|Return|p2a: Hippowdon
|-damage|p2a: Hippowdon|48/358
|move|p2a: Hippowdon|Earthquake|p1a: Stoutland
|-damage|p1a: Stoutland|119/311
|
|-weather|Sandstorm|[upkeep]
|-heal|p2a: Hippowdon|70/358|[from] item: Leftovers
|turn|24
|
|move|p2a: Hippowdon|Protect|p2a: Hippowdon
|-singleturn|p2a: Hippowdon|Protect
|move|p1a: Stoutland|Return|p2a: Hippowdon
|-activate|p2a: Hippowdon|Protect
|
|-weather|Sandstorm|[upkeep]
|-heal|p2a: Hippowdon|92/358|[from] item: Leftovers
|turn|25
|
|move|p1a: Stoutland|Return|p2a: Hippowdon
|-damage|p2a: Hippowdon|0 fnt
|faint|p2a: Hippowdon
|
|-weather|Sandstorm|[upkeep]
|
|switch|p2a: Latios|Latios, M|302/302
|turn|26
|
|move|p1a: Stoutland|Return|p2a: Latios
|-damage|p2a: Latios|10/302
|move|p2a: Latios|Psychic|p1a: Stoutland
|-damage|p1a: Stoutland|0 fnt
|faint|p1a: Stoutland
|
|win|Vallis
|raw|Ladder updating...
|raw|srk1214's rating: 1323 &rarr; <strong>1300</strong><br />(-23 for losing)
|raw|Vallis's rating: 1284 &rarr; <strong>1312</strong><br />(+28 for winning)
|chat|Vallis|WOO
|chat|Vallis|GG
|chat|Vallis|XD