|j|☆May 20th
|j|☆Wiggy Jiggy Jed x
|player|p1|May 20th|266|1399
|player|p2|Wiggy Jiggy Jed x|264|1379
|teamsize|p1|6
|teamsize|p2|6
|gametype|singles
|gen|5
|tier|[Gen 5] OU
|rated|
|rule|Sleep Clause Mod: Limit one foe put to sleep
|rule|Species Clause: Limit one of each Pokémon
|rule|OHKO Clause: OHKO moves are banned
|rule|Moody Clause: Moody is banned
|rule|Evasion Moves Clause: Evasion moves are banned
|rule|Endless Battle Clause: Forcing endless battles is banned
|rule|HP Percentage Mod: HP is shown in percentages
|rule|Evasion Abilities Clause: Evasion abilities are banned
|rule|Baton Pass Clause: Limit one Baton Passer, can't pass Spe and other stats simultaneously
|rule|Swagger Clause: Swagger is banned
|clearpoke
|poke|p1|Hydreigon, F|item
|poke|p1|Skarmory, F|item
|poke|p1|Gastrodon, M|item
|poke|p1|Tyranitar, M|item
|poke|p1|Alakazam, M|item
|poke|p1|Landorus-Therian, M|item
|poke|p2|Politoed, M|item
|poke|p2|Breloom, F|item
|poke|p2|Keldeo-Resolute|item
|poke|p2|Jirachi|item
|poke|p2|Tentacruel, F|item
|poke|p2|Thundurus-Therian, M|item
|teampreview
|inactive|Battle timer is ON: inactive players will automatically lose when time's up. (requested by May 20th)
|
|start
|switch|p1a: Hydreigon|Hydreigon, F|100/100
|switch|p2a: Politoed|Politoed, M, shiny|100/100
|-weather|RainDance|[from] ability: Drizzle|[of] p2a: Politoed
|turn|1
|
|move|p2a: Politoed|Protect|p2a: Politoed
|-singleturn|p2a: Politoed|Protect
|move|p1a: Hydreigon|Focus Blast|p2a: Politoed
|-activate|p2a: Politoed|move: Protect
|
|-weather|RainDance|[upkeep]
|upkeep
|turn|2
|
|move|p1a: Hydreigon|Draco Meteor|p2a: Politoed
|-damage|p2a: Politoed|11/100
|-unboost|p1a: Hydreigon|spa|2
|-damage|p1a: Hydreigon|91/100|[from] item: Life Orb
|move|p2a: Politoed|Toxic|p1a: Hydreigon
|-status|p1a: Hydreigon|tox
|
|-weather|RainDance|[upkeep]
|-heal|p2a: Politoed|17/100|[from] item: Leftovers
|-damage|p1a: Hydreigon|84/100 tox|[from] psn
|upkeep
|turn|3
|
|switch|p1a: Tyranitar|Tyranitar, M|100/100
|-weather|Sandstorm|[from] ability: Sand Stream|[of] p1a: Tyranitar
|switch|p2a: Jirachi|Jirachi|100/100
|
|-weather|Sandstorm|[upkeep]
|upkeep
|turn|4
|
|switch|p1a: Landorus-T|Landorus-Therian, M|100/100
|-ability|p1a: Landorus-T|Intimidate|boost
|-unboost|p2a: Jirachi|atk|1
|move|p2a: Jirachi|Stealth Rock|p1a: Landorus-T
|-sidestart|p1: May 20th|move: Stealth Rock
|
|-weather|Sandstorm|[upkeep]
|upkeep
|turn|5
|
|switch|p2a: Breloom|Breloom, F|100/100
|move|p1a: Landorus-T|Stealth Rock|p2a: Breloom
|-sidestart|p2: Wiggy Jiggy Jed x|move: Stealth Rock
|
|-weather|Sandstorm|[upkeep]
|-damage|p2a: Breloom|94/100|[from] Sandstorm
|-status|p2a: Breloom|tox|[from] item: Toxic Orb
|upkeep
|turn|6
|
|move|p1a: Landorus-T|U-turn|p2a: Breloom
|-damage|p2a: Breloom|66/100 tox
|
|switch|p1a: Skarmory|Skarmory, F|100/100|[from]move: U-turn
|-damage|p1a: Skarmory|88/100|[from] Stealth Rock
|move|p2a: Breloom|Spore|p1a: Skarmory
|-status|p1a: Skarmory|slp|[from] move: Spore
|
|-weather|Sandstorm|[upkeep]
|-damage|p2a: Breloom|60/100 tox|[from] Sandstorm
|-heal|p1a: Skarmory|94/100 slp|[from] item: Leftovers
|-heal|p2a: Breloom|72/100 tox|[from] ability: Poison Heal
|upkeep
|turn|7
|
|switch|p1a: Landorus-T|Landorus-Therian, M|100/100
|-damage|p1a: Landorus-T|88/100|[from] Stealth Rock
|-ability|p1a: Landorus-T|Intimidate|boost
|-unboost|p2a: Breloom|atk|1
|move|p2a: Breloom|Bulk Up|p2a: Breloom
|-boost|p2a: Breloom|atk|1
|-boost|p2a: Breloom|def|1
|
|-weather|Sandstorm|[upkeep]
|-damage|p2a: Breloom|66/100 tox|[from] Sandstorm
|-heal|p1a: Landorus-T|94/100|[from] item: Leftovers
|-heal|p2a: Breloom|79/100 tox|[from] ability: Poison Heal
|upkeep
|turn|8
|
|move|p1a: Landorus-T|Hidden Power|p2a: Breloom
|-supereffective|p2a: Breloom
|-damage|p2a: Breloom|40/100 tox
|move|p2a: Breloom|Drain Punch|p1a: Landorus-T
|-resisted|p1a: Landorus-T
|-damage|p1a: Landorus-T|79/100
|-heal|p2a: Breloom|50/100 tox|[from] drain|[of] p1a: Landorus-T
|
|-weather|Sandstorm|[upkeep]
|-damage|p2a: Breloom|43/100 tox|[from] Sandstorm
|-heal|p1a: Landorus-T|85/100|[from] item: Leftovers
|-heal|p2a: Breloom|56/100 tox|[from] ability: Poison Heal
|upkeep
|turn|9
|
|move|p2a: Breloom|Protect|p2a: Breloom
|-singleturn|p2a: Breloom|Protect
|move|p1a: Landorus-T|U-turn|p2a: Breloom
|-activate|p2a: Breloom|move: Protect
|
|-weather|Sandstorm|[upkeep]
|-damage|p2a: Breloom|50/100 tox|[from] Sandstorm
|-heal|p1a: Landorus-T|91/100|[from] item: Leftovers
|-heal|p2a: Breloom|62/100 tox|[from] ability: Poison Heal
|upkeep
|turn|10
|
|move|p1a: Landorus-T|Hidden Power|p2a: Breloom
|-supereffective|p2a: Breloom
|-damage|p2a: Breloom|26/100 tox
|move|p2a: Breloom|Drain Punch|p1a: Landorus-T
|-resisted|p1a: Landorus-T
|-damage|p1a: Landorus-T|78/100
|-heal|p2a: Breloom|35/100 tox|[from] drain|[of] p1a: Landorus-T
|
|-weather|Sandstorm|[upkeep]
|-damage|p2a: Breloom|28/100 tox|[from] Sandstorm
|-heal|p1a: Landorus-T|84/100|[from] item: Leftovers
|-heal|p2a: Breloom|41/100 tox|[from] ability: Poison Heal
|upkeep
|turn|11
|
|move|p2a: Breloom|Protect|p2a: Breloom
|-singleturn|p2a: Breloom|Protect
|move|p1a: Landorus-T|Hidden Power|p2a: Breloom
|-activate|p2a: Breloom|move: Protect
|
|-weather|Sandstorm|[upkeep]
|-damage|p2a: Breloom|35/100 tox|[from] Sandstorm
|-heal|p1a: Landorus-T|90/100|[from] item: Leftovers
|-heal|p2a: Breloom|47/100 tox|[from] ability: Poison Heal
|upkeep
|turn|12
|
|switch|p2a: Keldeo|Keldeo-Resolute|100/100
|-damage|p2a: Keldeo|94/100|[from] Stealth Rock
|move|p1a: Landorus-T|Hidden Power|p2a: Keldeo
|-resisted|p2a: Keldeo
|-crit|p2a: Keldeo
|-damage|p2a: Keldeo|73/100
|
|-weather|Sandstorm|[upkeep]
|-damage|p2a: Keldeo|67/100|[from] Sandstorm
|-heal|p1a: Landorus-T|96/100|[from] item: Leftovers
|upkeep
|turn|13
|inactive|Wiggy Jiggy Jed x has 120 seconds left.
|
|switch|p2a: Tentacruel|Tentacruel, F|100/100
|-damage|p2a: Tentacruel|88/100|[from] Stealth Rock
|switch|p1a: Gastrodon|Gastrodon, M|100/100
|-damage|p1a: Gastrodon|94/100|[from] Stealth Rock
|
|-weather|Sandstorm|[upkeep]
|-damage|p2a: Tentacruel|82/100|[from] Sandstorm
|-heal|p2a: Tentacruel|88/100|[from] item: Black Sludge
|-heal|p1a: Gastrodon|100/100|[from] item: Leftovers
|upkeep
|turn|14
|inactive|Wiggy Jiggy Jed x has 120 seconds left.
|
|move|p2a: Tentacruel|Toxic Spikes|p1a: Gastrodon
|-sidestart|p1: May 20th|move: Toxic Spikes
|move|p1a: Gastrodon|Scald|p2a: Tentacruel
|-resisted|p2a: Tentacruel
|-damage|p2a: Tentacruel|78/100
|
|-weather|Sandstorm|[upkeep]
|-damage|p2a: Tentacruel|72/100|[from] Sandstorm
|-heal|p2a: Tentacruel|78/100|[from] item: Black Sludge
|upkeep
|turn|15
|
|move|p2a: Tentacruel|Toxic Spikes|p1a: Gastrodon
|-sidestart|p1: May 20th|move: Toxic Spikes
|move|p1a: Gastrodon|Scald|p2a: Tentacruel
|-resisted|p2a: Tentacruel
|-damage|p2a: Tentacruel|68/100
|
|-weather|Sandstorm|[upkeep]
|-damage|p2a: Tentacruel|62/100|[from] Sandstorm
|-heal|p2a: Tentacruel|68/100|[from] item: Black Sludge
|upkeep
|turn|16
|inactive|Wiggy Jiggy Jed x has 120 seconds left.
|inactive|May 20th has 120 seconds left.
|
|move|p2a: Tentacruel|Rapid Spin|p1a: Gastrodon
|-damage|p1a: Gastrodon|99/100
|-sideend|p2: Wiggy Jiggy Jed x|Stealth Rock|[from] move: Rapid Spin|[of] p2a: Tentacruel
|move|p1a: Gastrodon|Scald|p2a: Tentacruel
|-resisted|p2a: Tentacruel
|-damage|p2a: Tentacruel|57/100
|
|-weather|Sandstorm|[upkeep]
|-damage|p2a: Tentacruel|51/100|[from] Sandstorm
|-heal|p2a: Tentacruel|57/100|[from] item: Black Sludge
|-heal|p1a: Gastrodon|100/100|[from] item: Leftovers
|upkeep
|turn|17
|
|switch|p2a: Breloom|Breloom, F|47/100 tox
|move|p1a: Gastrodon|Ice Beam|p2a: Breloom
|-supereffective|p2a: Breloom
|-damage|p2a: Breloom|3/100 tox
|
|-weather|Sandstorm|[upkeep]
|-damage|p2a: Breloom|0 fnt|[from] Sandstorm
|faint|p2a: Breloom
|upkeep
|
|switch|p2a: Politoed|Politoed, M, shiny|17/100
|-weather|RainDance|[from] ability: Drizzle|[of] p2a: Politoed
|turn|18
|inactive|May 20th has 120 seconds left.
|
|move|p2a: Politoed|Protect|p2a: Politoed
|-singleturn|p2a: Politoed|Protect
|move|p1a: Gastrodon|Toxic|p2a: Politoed
|-activate|p2a: Politoed|move: Protect
|
|-weather|RainDance|[upkeep]
|-heal|p2a: Politoed|24/100|[from] item: Leftovers
|upkeep
|turn|19
|
|switch|p2a: Tentacruel|Tentacruel, F|57/100
|move|p1a: Gastrodon|Scald|p2a: Tentacruel
|-resisted|p2a: Tentacruel
|-damage|p2a: Tentacruel|40/100
|-status|p2a: Tentacruel|brn
|
|-weather|RainDance|[upkeep]
|-heal|p2a: Tentacruel|46/100 brn|[from] ability: Rain Dish
|-heal|p2a: Tentacruel|52/100 brn|[from] item: Black Sludge
|-damage|p2a: Tentacruel|40/100 brn|[from] brn
|upkeep
|turn|20
|
|move|p2a: Tentacruel|Scald|p1a: Gastrodon
|-ability|p1a: Gastrodon|Storm Drain|boost
|-boost|p1a: Gastrodon|spa|1
|move|p1a: Gastrodon|Scald|p2a: Tentacruel
|-resisted|p2a: Tentacruel
|-crit|p2a: Tentacruel
|-damage|p2a: Tentacruel|0 fnt
|faint|p2a: Tentacruel
|
|-weather|RainDance|[upkeep]
|upkeep
|
|switch|p2a: Politoed|Politoed, M, shiny|24/100
|turn|21
|
|move|p2a: Politoed|Protect|p2a: Politoed
|-singleturn|p2a: Politoed|Protect
|move|p1a: Gastrodon|Scald|p2a: Politoed
|-activate|p2a: Politoed|move: Protect
|
|-weather|RainDance|[upkeep]
|-heal|p2a: Politoed|30/100|[from] item: Leftovers
|upkeep
|turn|22
|
|move|p2a: Politoed|Toxic|p1a: Gastrodon
|-status|p1a: Gastrodon|tox
|move|p1a: Gastrodon|Scald|p2a: Politoed
|-resisted|p2a: Politoed
|-damage|p2a: Politoed|3/100
|-status|p2a: Politoed|brn
|
|-weather|RainDance|[upkeep]
|-heal|p2a: Politoed|9/100 brn|[from] item: Leftovers
|-damage|p2a: Politoed|0 fnt|[from] brn
|faint|p2a: Politoed
|-damage|p1a: Gastrodon|94/100 tox|[from] psn
|upkeep
|
|switch|p2a: Jirachi|Jirachi|100/100
|turn|23
|
|move|p2a: Jirachi|Iron Head|p1a: Gastrodon
|-resisted|p1a: Gastrodon
|-damage|p1a: Gastrodon|84/100 tox
|cant|p1a: Gastrodon|flinch
|
|-weather|RainDance|[upkeep]
|-heal|p1a: Gastrodon|90/100 tox|[from] item: Leftovers
|-damage|p1a: Gastrodon|78/100 tox|[from] psn
|upkeep
|turn|24
|
|switch|p1a: Landorus-T|Landorus-Therian, M|96/100
|-damage|p1a: Landorus-T|84/100|[from] Stealth Rock
|-ability|p1a: Landorus-T|Intimidate|boost
|-unboost|p2a: Jirachi|atk|1
|move|p2a: Jirachi|Body Slam|p1a: Landorus-T
|-crit|p1a: Landorus-T
|-damage|p1a: Landorus-T|49/100
|
|-weather|RainDance|[upkeep]
|-heal|p1a: Landorus-T|55/100|[from] item: Leftovers
|upkeep
|turn|25
|
|switch|p2a: Thundurus|Thundurus-Therian, M|100/100
|move|p1a: Landorus-T|Stealth Rock|p2a: Thundurus
|-sidestart|p2: Wiggy Jiggy Jed x|move: Stealth Rock
|
|-weather|RainDance|[upkeep]
|-heal|p1a: Landorus-T|61/100|[from] item: Leftovers
|upkeep
|turn|26
|
|switch|p1a: Skarmory|Skarmory, F|94/100 slp
|-damage|p1a: Skarmory|82/100 slp|[from] Stealth Rock
|move|p2a: Thundurus|Focus Blast|p1a: Skarmory
|-damage|p1a: Skarmory|39/100 slp
|
|-weather|RainDance|[upkeep]
|-heal|p1a: Skarmory|45/100 slp|[from] item: Leftovers
|upkeep
|turn|27
|
|move|p2a: Thundurus|Agility|p2a: Thundurus
|-boost|p2a: Thundurus|spe|2
|cant|p1a: Skarmory|slp
|
|-weather|RainDance|[upkeep]
|-heal|p1a: Skarmory|51/100 slp|[from] item: Leftovers
|upkeep
|turn|28
|
|move|p2a: Thundurus|Thunder|p1a: Skarmory
|-supereffective|p1a: Skarmory
|-damage|p1a: Skarmory|0 fnt
|faint|p1a: Skarmory
|
|-weather|RainDance|[upkeep]
|upkeep
|
|switch|p1a: Gastrodon|Gastrodon, M|78/100 tox
|-damage|p1a: Gastrodon|72/100 tox|[from] Stealth Rock
|turn|29
|inactive|Wiggy Jiggy Jed x has 120 seconds left.
|
|move|p2a: Thundurus|Focus Blast|p1a: Gastrodon
|-damage|p1a: Gastrodon|25/100 tox
|move|p1a: Gastrodon|Scald|p2a: Thundurus
|-damage|p2a: Thundurus|45/100
|
|-weather|RainDance|[upkeep]
|-heal|p2a: Thundurus|51/100|[from] item: Leftovers
|-heal|p1a: Gastrodon|31/100 tox|[from] item: Leftovers
|-damage|p1a: Gastrodon|25/100 tox|[from] psn
|upkeep
|turn|30
|
|move|p2a: Thundurus|Hidden Power|p1a: Gastrodon
|-damage|p1a: Gastrodon|0 fnt
|faint|p1a: Gastrodon
|
|-weather|RainDance|[upkeep]
|-heal|p2a: Thundurus|57/100|[from] item: Leftovers
|upkeep
|
|switch|p1a: Alakazam|Alakazam, M|100/100
|-status|p1a: Alakazam|tox
|turn|31
|inactive|Wiggy Jiggy Jed x has 120 seconds left.
|
|move|p2a: Thundurus|Thunder|p1a: Alakazam
|-enditem|p1a: Alakazam|Focus Sash
|-damage|p1a: Alakazam|1/100 tox
|move|p1a: Alakazam|Psychic|p2a: Thundurus
|-damage|p2a: Thundurus|0 fnt
|faint|p2a: Thundurus
|
|-weather|RainDance|[upkeep]
|upkeep
|
|switch|p2a: Keldeo|Keldeo-Resolute|67/100
|-damage|p2a: Keldeo|61/100|[from] Stealth Rock
|turn|32
|inactive|Wiggy Jiggy Jed x has 90 seconds left.
|
|move|p2a: Keldeo|Surf|p1a: Alakazam
|-damage|p1a: Alakazam|0 fnt
|faint|p1a: Alakazam
|
|-weather|RainDance|[upkeep]
|upkeep
|inactive|May 20th has 120 seconds left.
|
|switch|p1a: Tyranitar|Tyranitar, M|100/100
|-damage|p1a: Tyranitar|88/100|[from] Stealth Rock
|-status|p1a: Tyranitar|tox
|-weather|Sandstorm|[from] ability: Sand Stream|[of] p1a: Tyranitar
|turn|33
|inactive|May 20th has 120 seconds left.
|inactive|Wiggy Jiggy Jed x has 90 seconds left.
|
|switch|p2a: Jirachi|Jirachi|100/100
|-damage|p2a: Jirachi|94/100|[from] Stealth Rock
|move|p1a: Tyranitar|Superpower|p2a: Jirachi
|-damage|p2a: Jirachi|60/100
|-unboost|p1a: Tyranitar|atk|1
|-unboost|p1a: Tyranitar|def|1
|
|-weather|Sandstorm|[upkeep]
|-heal|p2a: Jirachi|66/100|[from] item: Leftovers
|-damage|p1a: Tyranitar|82/100 tox|[from] psn
|upkeep
|turn|34
|inactive|May 20th has 120 seconds left.
|inactive|Wiggy Jiggy Jed x has 90 seconds left.
|
|switch|p1a: Landorus-T|Landorus-Therian, M|61/100
|-damage|p1a: Landorus-T|49/100|[from] Stealth Rock
|-ability|p1a: Landorus-T|Intimidate|boost
|-unboost|p2a: Jirachi|atk|1
|switch|p2a: Keldeo|Keldeo-Resolute|61/100
|-damage|p2a: Keldeo|55/100|[from] Stealth Rock
|
|-weather|Sandstorm|[upkeep]
|-damage|p2a: Keldeo|48/100|[from] Sandstorm
|-heal|p1a: Landorus-T|55/100|[from] item: Leftovers
|upkeep
|turn|35
|inactive|May 20th has 120 seconds left.
|inactive|Wiggy Jiggy Jed x has 90 seconds left.
|
|switch|p1a: Tyranitar|Tyranitar, M|82/100 tox
|-damage|p1a: Tyranitar|70/100 tox|[from] Stealth Rock
|move|p2a: Keldeo|Surf|p1a: Tyranitar
|-supereffective|p1a: Tyranitar
|-damage|p1a: Tyranitar|2/100 tox
|
|-weather|Sandstorm|[upkeep]
|-damage|p2a: Keldeo|42/100|[from] Sandstorm
|-damage|p1a: Tyranitar|0 fnt|[from] psn
|faint|p1a: Tyranitar
|upkeep
|
|switch|p1a: Hydreigon|Hydreigon, F|84/100 tox
|-damage|p1a: Hydreigon|72/100 tox|[from] Stealth Rock
|turn|36
|inactive|May 20th has 120 seconds left.
|
|switch|p2a: Jirachi|Jirachi|66/100
|-damage|p2a: Jirachi|60/100|[from] Stealth Rock
|move|p1a: Hydreigon|Flamethrower|p2a: Jirachi
|-supereffective|p2a: Jirachi
|-damage|p2a: Jirachi|4/100
|-damage|p1a: Hydreigon|62/100 tox|[from] item: Life Orb
|
|-weather|Sandstorm|[upkeep]
|-damage|p1a: Hydreigon|56/100 tox|[from] Sandstorm
|-heal|p2a: Jirachi|10/100|[from] item: Leftovers
|-damage|p1a: Hydreigon|50/100 tox|[from] psn
|upkeep
|turn|37
|inactive|May 20th has 120 seconds left.
|inactive|Wiggy Jiggy Jed x has 60 seconds left.
|inactive|Wiggy Jiggy Jed x has 30 seconds left.
|inactive|Wiggy Jiggy Jed x has 20 seconds left.
|inactive|Wiggy Jiggy Jed x has 15 seconds left.
|
|switch|p1a: Landorus-T|Landorus-Therian, M|55/100
|-damage|p1a: Landorus-T|42/100|[from] Stealth Rock
|-ability|p1a: Landorus-T|Intimidate|boost
|-unboost|p2a: Jirachi|atk|1
|move|p2a: Jirachi|Iron Head|p1a: Landorus-T
|-damage|p1a: Landorus-T|26/100
|
|-weather|Sandstorm|[upkeep]
|-heal|p1a: Landorus-T|33/100|[from] item: Leftovers
|-heal|p2a: Jirachi|17/100|[from] item: Leftovers
|upkeep
|turn|38
|inactive|Wiggy Jiggy Jed x has 25 seconds left this turn.
|inactive|Wiggy Jiggy Jed x has 20 seconds left.
|
|move|p1a: Landorus-T|Earthquake|p2a: Jirachi
|-supereffective|p2a: Jirachi
|-damage|p2a: Jirachi|0 fnt
|faint|p2a: Jirachi
|
|-weather|Sandstorm|[upkeep]
|-heal|p1a: Landorus-T|39/100|[from] item: Leftovers
|upkeep
|inactive|Wiggy Jiggy Jed x has 25 seconds left this turn.
|
|switch|p2a: Keldeo|Keldeo-Resolute|42/100
|-damage|p2a: Keldeo|36/100|[from] Stealth Rock
|turn|39
|
|move|p2a: Keldeo|Hidden Power|p1a: Landorus-T
|-supereffective|p1a: Landorus-T
|-damage|p1a: Landorus-T|0 fnt
|faint|p1a: Landorus-T
|
|-weather|Sandstorm|[upkeep]
|-damage|p2a: Keldeo|30/100|[from] Sandstorm
|upkeep
|
|switch|p1a: Hydreigon|Hydreigon, F|50/100 tox
|-damage|p1a: Hydreigon|38/100 tox|[from] Stealth Rock
|turn|40
|
|move|p2a: Keldeo|Hidden Power|p1a: Hydreigon
|-supereffective|p1a: Hydreigon
|-damage|p1a: Hydreigon|0 fnt
|faint|p1a: Hydreigon
|
|win|Wiggy Jiggy Jed x
|raw|May 20th's rating: 1399 &rarr; <strong>1378</strong><br />(-21 for losing)
|raw|Wiggy Jiggy Jed x's rating: 1379 &rarr; <strong>1400</strong><br />(+21 for winning)
|l|☆May 20th
