|j|☆Pilif
|j|☆IdealBore
|player|p1|Pilif|101
|player|p2|IdealBore|112
|teamsize|p1|6
|teamsize|p2|6
|gametype|singles
|gen|5
|tier|[Gen 5] OU
|rated|
|rule|Sleep Clause Mod: Limit one foe put to sleep
|rule|Species Clause: Limit one of each Pokémon
|rule|OHKO Clause: OHKO moves are banned
|rule|Moody Clause: Moody is banned
|rule|Evasion Moves Clause: Evasion moves are banned
|rule|Endless Battle Clause: Forcing endless battles is banned
|rule|HP Percentage Mod: HP is shown in percentages
|rule|Evasion Abilities Clause: Evasion abilities are banned
|rule|Baton Pass Clause: Limit one Baton Passer, can't pass Spe and other stats simultaneously
|rule|Swagger Clause: Swagger is banned
|clearpoke
|poke|p1|Ninetales, F|item
|poke|p1|Roserade, F|item
|poke|p1|Gastrodon-East, M|item
|poke|p1|Darmanitan, M|item
|poke|p1|Jellicent, M|item
|poke|p1|Donphan, M|item
|poke|p2|Politoed, F|item
|poke|p2|Toxicroak, M|item
|poke|p2|Excadrill, F|item
|poke|p2|Keldeo|item
|poke|p2|Ferrothorn, M|item
|poke|p2|Latios, M|item
|teampreview
|
|start
|switch|p1a: Ninetales|Ninetales, F|100/100
|switch|p2a: Latios|Latios, M|100/100
|-weather|SunnyDay|[from] ability: Drought|[of] p1a: Ninetales
|turn|1
|inactive|Battle timer is ON: inactive players will automatically lose when time's up. (requested by Pilif)
|
|move|p1a: Ninetales|Protect|p1a: Ninetales
|-singleturn|p1a: Ninetales|Protect
|move|p2a: Latios|Draco Meteor|p1a: Ninetales
|-activate|p1a: Ninetales|move: Protect
|
|-weather|SunnyDay|[upkeep]
|upkeep
|turn|2
|inactive|Pilif has 135 seconds left.
|
|switch|p1a: Gastrodon|Gastrodon-East, M|100/100
|move|p2a: Latios|Draco Meteor|p1a: Gastrodon|[miss]
|-miss|p2a: Latios|p1a: Gastrodon
|
|-weather|SunnyDay|[upkeep]
|upkeep
|turn|3
|inactive|Pilif has 135 seconds left.
|inactive|IdealBore has 135 seconds left.
|inactive|Pilif has 120 seconds left.
|
|switch|p2a: Ferrothorn|Ferrothorn, M|100/100
|move|p1a: Gastrodon|Toxic|p2a: Ferrothorn
|-immune|p2a: Ferrothorn|[msg]
|
|-weather|SunnyDay|[upkeep]
|upkeep
|turn|4
|inactive|Pilif has 135 seconds left.
|inactive|IdealBore has 135 seconds left.
|inactive|IdealBore has 120 seconds left.
|
|switch|p1a: Roserade|Roserade, F, shiny|100/100
|move|p2a: Ferrothorn|Stealth Rock|p1a: Roserade
|-sidestart|p1: Pilif|move: Stealth Rock
|
|-weather|SunnyDay|[upkeep]
|upkeep
|turn|5
|
|switch|p2a: Politoed|Politoed, F|100/100
|-weather|RainDance|[from] ability: Drizzle|[of] p2a: Politoed
|move|p1a: Roserade|Weather Ball|p2a: Politoed
|-resisted|p2a: Politoed
|-crit|p2a: Politoed
|-damage|p2a: Politoed|49/100
|
|-weather|RainDance|[upkeep]
|upkeep
|turn|6
|inactive|Pilif has 135 seconds left.
|inactive|IdealBore has 135 seconds left.
|
|switch|p1a: Gastrodon|Gastrodon-East, M|100/100
|-damage|p1a: Gastrodon|94/100|[from] Stealth Rock
|switch|p2a: Toxicroak|Toxicroak, M|100/100
|
|-weather|RainDance|[upkeep]
|-heal|p1a: Gastrodon|100/100|[from] item: Leftovers
|upkeep
|turn|7
|inactive|IdealBore has 135 seconds left.
|
|switch|p1a: Donphan|Donphan, M|100/100
|-damage|p1a: Donphan|94/100|[from] Stealth Rock
|move|p2a: Toxicroak|Substitute|p2a: Toxicroak
|-start|p2a: Toxicroak|Substitute
|-damage|p2a: Toxicroak|75/100
|
|-weather|RainDance|[upkeep]
|-heal|p2a: Toxicroak|88/100|[from] ability: Dry Skin
|-heal|p1a: Donphan|100/100|[from] item: Leftovers
|upkeep
|turn|8
|
|-singleturn|p2a: Toxicroak|move: Focus Punch
|move|p1a: Donphan|Rapid Spin|p2a: Toxicroak
|-activate|p2a: Toxicroak|Substitute|[damage]
|-sideend|p1: Pilif|Stealth Rock|[from] move: Rapid Spin|[of] p1a: Donphan
|move|p2a: Toxicroak|Focus Punch|p1a: Donphan
|-damage|p1a: Donphan|45/100
|-damage|p2a: Toxicroak|78/100|[from] item: Life Orb
|
|-weather|RainDance|[upkeep]
|-heal|p2a: Toxicroak|91/100|[from] ability: Dry Skin
|-heal|p1a: Donphan|52/100|[from] item: Leftovers
|upkeep
|turn|9
|
|-singleturn|p2a: Toxicroak|move: Focus Punch
|switch|p1a: Jellicent|Jellicent, M|100/100
|move|p2a: Toxicroak|Focus Punch|p1a: Jellicent
|-immune|p1a: Jellicent|[msg]
|
|-weather|RainDance|[upkeep]
|-heal|p2a: Toxicroak|100/100|[from] ability: Dry Skin
|upkeep
|turn|10
|
|move|p2a: Toxicroak|Toxic|p1a: Jellicent
|-status|p1a: Jellicent|tox
|move|p1a: Jellicent|Taunt|p2a: Toxicroak
|-start|p2a: Toxicroak|move: Taunt
|
|-weather|RainDance|[upkeep]
|-damage|p1a: Jellicent|94/100 tox|[from] psn
|upkeep
|turn|11
|
|move|p2a: Toxicroak|Sucker Punch|p1a: Jellicent
|-supereffective|p1a: Jellicent
|-damage|p1a: Jellicent|42/100 tox
|-damage|p2a: Toxicroak|91/100|[from] item: Life Orb
|move|p1a: Jellicent|Night Shade|p2a: Toxicroak
|-end|p2a: Toxicroak|Substitute
|
|-weather|RainDance|[upkeep]
|-heal|p2a: Toxicroak|100/100|[from] ability: Dry Skin
|-heal|p1a: Jellicent|48/100 tox|[from] item: Leftovers
|-damage|p1a: Jellicent|36/100 tox|[from] psn
|upkeep
|turn|12
|inactive|Pilif has 135 seconds left.
|
|-singleturn|p2a: Toxicroak|move: Focus Punch
|move|p1a: Jellicent|Will-O-Wisp|p2a: Toxicroak
|-status|p2a: Toxicroak|brn
|move|p2a: Toxicroak|Focus Punch|p1a: Jellicent
|-immune|p1a: Jellicent|[msg]
|
|-weather|RainDance|[upkeep]
|-heal|p1a: Jellicent|42/100 tox|[from] item: Leftovers
|-damage|p2a: Toxicroak|88/100 brn|[from] brn
|-damage|p1a: Jellicent|24/100 tox|[from] psn
|upkeep
|turn|13
|inactive|IdealBore has 135 seconds left.
|
|-singleturn|p2a: Toxicroak|move: Focus Punch
|move|p1a: Jellicent|Recover|p1a: Jellicent
|-heal|p1a: Jellicent|74/100 tox
|move|p2a: Toxicroak|Focus Punch|p1a: Jellicent
|-immune|p1a: Jellicent|[msg]
|
|-weather|RainDance|[upkeep]
|-heal|p2a: Toxicroak|100/100 brn|[from] ability: Dry Skin
|-heal|p1a: Jellicent|80/100 tox|[from] item: Leftovers
|-damage|p2a: Toxicroak|88/100 brn|[from] brn
|-damage|p1a: Jellicent|55/100 tox|[from] psn
|-end|p2a: Toxicroak|move: Taunt
|upkeep
|turn|14
|inactive|Pilif has 135 seconds left.
|inactive|Pilif has 120 seconds left.
|
|move|p2a: Toxicroak|Substitute|p2a: Toxicroak
|-start|p2a: Toxicroak|Substitute
|-damage|p2a: Toxicroak|63/100 brn
|move|p1a: Jellicent|Recover|p1a: Jellicent
|-heal|p1a: Jellicent|100/100 tox
|
|-weather|RainDance|[upkeep]
|-heal|p2a: Toxicroak|75/100 brn|[from] ability: Dry Skin
|-damage|p2a: Toxicroak|63/100 brn|[from] brn
|-damage|p1a: Jellicent|70/100 tox|[from] psn
|upkeep
|turn|15
|inactive|Pilif has 120 seconds left.
|
|switch|p1a: Ninetales|Ninetales, F|100/100
|-weather|SunnyDay|[from] ability: Drought|[of] p1a: Ninetales
|move|p2a: Toxicroak|Sucker Punch|p1a: Ninetales|[still]
|-fail|p2a: Toxicroak
|
|-weather|SunnyDay|[upkeep]
|-damage|p2a: Toxicroak|50/100 brn|[from] ability: Dry Skin|[of] p2a: Toxicroak
|-damage|p2a: Toxicroak|38/100 brn|[from] brn
|upkeep
|turn|16
|inactive|IdealBore has 135 seconds left.
|
|move|p2a: Toxicroak|Toxic|p1a: Ninetales
|-status|p1a: Ninetales|tox
|move|p1a: Ninetales|Toxic|p2a: Toxicroak
|-fail|p2a: Toxicroak
|
|-weather|SunnyDay|[upkeep]
|-damage|p2a: Toxicroak|25/100 brn|[from] ability: Dry Skin|[of] p2a: Toxicroak
|-damage|p2a: Toxicroak|13/100 brn|[from] brn
|-damage|p1a: Ninetales|94/100 tox|[from] psn
|upkeep
|turn|17
|inactive|Pilif has 105 seconds left.
|
|-singleturn|p2a: Toxicroak|move: Focus Punch
|move|p1a: Ninetales|Toxic|p2a: Toxicroak
|-fail|p2a: Toxicroak
|move|p2a: Toxicroak|Focus Punch|p1a: Ninetales
|-damage|p1a: Ninetales|36/100 tox
|-damage|p2a: Toxicroak|3/100 brn|[from] item: Life Orb
|
|-weather|SunnyDay|[upkeep]
|-damage|p2a: Toxicroak|0 fnt|[from] ability: Dry Skin|[of] p2a: Toxicroak
|-heal|p1a: Ninetales|42/100 tox|[from] item: Leftovers
|-damage|p1a: Ninetales|30/100 tox|[from] psn
|upkeep
|faint|p2a: Toxicroak
|inactive|IdealBore has 135 seconds left.
|
|switch|p2a: Politoed|Politoed, F|49/100
|-weather|RainDance|[from] ability: Drizzle|[of] p2a: Politoed
|turn|18
|inactive|Pilif has 120 seconds left.
|
|switch|p1a: Gastrodon|Gastrodon-East, M|100/100
|move|p2a: Politoed|Toxic|p1a: Gastrodon
|-status|p1a: Gastrodon|tox
|
|-weather|RainDance|[upkeep]
|-damage|p1a: Gastrodon|94/100 tox|[from] psn
|upkeep
|turn|19
|inactive|Pilif has 120 seconds left.
|
|switch|p2a: Ferrothorn|Ferrothorn, M|100/100
|switch|p1a: Ninetales|Ninetales, F|30/100 tox
|-weather|SunnyDay|[from] ability: Drought|[of] p1a: Ninetales
|
|-weather|SunnyDay|[upkeep]
|-heal|p1a: Ninetales|36/100 tox|[from] item: Leftovers
|-damage|p1a: Ninetales|30/100 tox|[from] psn
|upkeep
|turn|20
|inactive|Pilif has 120 seconds left.
|inactive|IdealBore has 135 seconds left.
|
|switch|p2a: Politoed|Politoed, F|49/100
|-weather|RainDance|[from] ability: Drizzle|[of] p2a: Politoed
|move|p1a: Ninetales|Toxic|p2a: Politoed|[miss]
|-miss|p1a: Ninetales|p2a: Politoed
|
|-weather|RainDance|[upkeep]
|-heal|p1a: Ninetales|36/100 tox|[from] item: Leftovers
|-damage|p1a: Ninetales|24/100 tox|[from] psn
|upkeep
|turn|21
|inactive|Pilif has 120 seconds left.
|
|switch|p1a: Gastrodon|Gastrodon-East, M|94/100 tox
|switch|p2a: Ferrothorn|Ferrothorn, M|100/100
|
|-weather|RainDance|[upkeep]
|-heal|p1a: Gastrodon|100/100 tox|[from] item: Leftovers
|-damage|p1a: Gastrodon|94/100 tox|[from] psn
|upkeep
|turn|22
|inactive|Pilif has 120 seconds left.
|inactive|Pilif has 105 seconds left.
|
|switch|p1a: Jellicent|Jellicent, M|70/100 tox
|move|p2a: Ferrothorn|Stealth Rock|p1a: Jellicent
|-sidestart|p1: Pilif|move: Stealth Rock
|
|-weather|RainDance|[upkeep]
|-heal|p1a: Jellicent|76/100 tox|[from] item: Leftovers
|-damage|p1a: Jellicent|70/100 tox|[from] psn
|upkeep
|turn|23
|
|move|p1a: Jellicent|Will-O-Wisp|p2a: Ferrothorn
|-status|p2a: Ferrothorn|brn
|move|p2a: Ferrothorn|Power Whip|p1a: Jellicent
|-supereffective|p1a: Jellicent
|-damage|p1a: Jellicent|37/100 tox
|
|-weather|RainDance|[upkeep]
|-heal|p1a: Jellicent|43/100 tox|[from] item: Leftovers
|-damage|p1a: Jellicent|31/100 tox|[from] psn
|-damage|p2a: Ferrothorn|88/100 brn|[from] brn
|upkeep
|turn|24
|inactive|Pilif has 105 seconds left.
|
|move|p1a: Jellicent|Recover|p1a: Jellicent
|-heal|p1a: Jellicent|81/100 tox
|move|p2a: Ferrothorn|Power Whip|p1a: Jellicent
|-supereffective|p1a: Jellicent
|-crit|p1a: Jellicent
|-damage|p1a: Jellicent|25/100 tox
|
|-weather|RainDance|[upkeep]
|-heal|p1a: Jellicent|31/100 tox|[from] item: Leftovers
|-heal|p2a: Ferrothorn|94/100 brn|[from] item: Leftovers
|-damage|p1a: Jellicent|12/100 tox|[from] psn
|-damage|p2a: Ferrothorn|82/100 brn|[from] brn
|upkeep
|turn|25
|inactive|Pilif has 105 seconds left.
|inactive|IdealBore has 135 seconds left.
|
|move|p1a: Jellicent|Recover|p1a: Jellicent
|-heal|p1a: Jellicent|62/100 tox
|move|p2a: Ferrothorn|Power Whip|p1a: Jellicent
|-supereffective|p1a: Jellicent
|-damage|p1a: Jellicent|33/100 tox
|
|-weather|RainDance|[upkeep]
|-heal|p1a: Jellicent|39/100 tox|[from] item: Leftovers
|-heal|p2a: Ferrothorn|88/100 brn|[from] item: Leftovers
|-damage|p1a: Jellicent|14/100 tox|[from] psn
|-damage|p2a: Ferrothorn|75/100 brn|[from] brn
|upkeep
|turn|26
|inactive|Pilif has 105 seconds left.
|
|switch|p1a: Roserade|Roserade, F, shiny|100/100
|-damage|p1a: Roserade|88/100|[from] Stealth Rock
|move|p2a: Ferrothorn|Spikes|p1a: Roserade
|-sidestart|p1: Pilif|Spikes
|
|-weather|RainDance|[upkeep]
|-heal|p1a: Roserade|94/100|[from] item: Black Sludge
|-heal|p2a: Ferrothorn|82/100 brn|[from] item: Leftovers
|-damage|p2a: Ferrothorn|69/100 brn|[from] brn
|upkeep
|turn|27
|inactive|Pilif has 90 seconds left.
|inactive|Pilif has 75 seconds left.
|inactive|Pilif has 60 seconds left.
|
|switch|p1a: Donphan|Donphan, M|52/100
|-damage|p1a: Donphan|45/100|[from] Stealth Rock
|-damage|p1a: Donphan|33/100|[from] Spikes
|move|p2a: Ferrothorn|Gyro Ball|p1a: Donphan
|-damage|p1a: Donphan|26/100
|
|-weather|RainDance|[upkeep]
|-heal|p1a: Donphan|32/100|[from] item: Leftovers
|-heal|p2a: Ferrothorn|75/100 brn|[from] item: Leftovers
|-damage|p2a: Ferrothorn|63/100 brn|[from] brn
|upkeep
|turn|28
|inactive|Pilif has 60 seconds left.
|inactive|IdealBore has 135 seconds left.
|
|move|p1a: Donphan|Rapid Spin|p2a: Ferrothorn
|-resisted|p2a: Ferrothorn
|-damage|p2a: Ferrothorn|61/100 brn
|-damage|p1a: Donphan|20/100|[from] ability: Iron Barbs|[of] p2a: Ferrothorn
|-sideend|p1: Pilif|Spikes|[from] move: Rapid Spin|[of] p1a: Donphan
|-sideend|p1: Pilif|Stealth Rock|[from] move: Rapid Spin|[of] p1a: Donphan
|move|p2a: Ferrothorn|Power Whip|p1a: Donphan
|-supereffective|p1a: Donphan
|-crit|p1a: Donphan
|-damage|p1a: Donphan|0 fnt
|faint|p1a: Donphan
|
|-weather|RainDance|[upkeep]
|-heal|p2a: Ferrothorn|68/100 brn|[from] item: Leftovers
|-damage|p2a: Ferrothorn|55/100 brn|[from] brn
|upkeep
|inactive|Pilif has 60 seconds left.
|inactive|Pilif has 45 seconds left.
|inactive|Pilif has 30 seconds left.
|
|switch|p1a: Darmanitan|Darmanitan, M|100/100
|turn|29
|inactive|Pilif has 30 seconds left.
|inactive|IdealBore has 135 seconds left.
|
|switch|p2a: Latios|Latios, M|100/100
|move|p1a: Darmanitan|Superpower|p2a: Latios
|-resisted|p2a: Latios
|-damage|p2a: Latios|73/100
|-unboost|p1a: Darmanitan|atk|1
|-unboost|p1a: Darmanitan|def|1
|
|-weather|RainDance|[upkeep]
|upkeep
|turn|30
|inactive|Pilif has 30 seconds left.
|
|switch|p1a: Gastrodon|Gastrodon-East, M|94/100 tox
|move|p2a: Latios|Psyshock|p1a: Gastrodon
|-damage|p1a: Gastrodon|52/100 tox
|
|-weather|RainDance|[upkeep]
|-heal|p1a: Gastrodon|58/100 tox|[from] item: Leftovers
|-damage|p1a: Gastrodon|52/100 tox|[from] psn
|upkeep
|turn|31
|inactive|Pilif has 30 seconds left.
|inactive|Pilif has 20 seconds left.
|inactive|Pilif has 15 seconds left.
|inactive|Pilif has 10 seconds left.
|
|move|p2a: Latios|Psyshock|p1a: Gastrodon
|-damage|p1a: Gastrodon|5/100 tox
|move|p1a: Gastrodon|Recover|p1a: Gastrodon
|-heal|p1a: Gastrodon|55/100 tox
|
|-weather|RainDance|[upkeep]
|-heal|p1a: Gastrodon|62/100 tox|[from] item: Leftovers
|-damage|p1a: Gastrodon|49/100 tox|[from] psn
|upkeep
|turn|32
|inactive|Pilif has 15 seconds left.
|inactive|Pilif has 10 seconds left.
|
|move|p2a: Latios|Psyshock|p1a: Gastrodon
|-damage|p1a: Gastrodon|6/100 tox
|move|p1a: Gastrodon|Toxic|p2a: Latios
|-status|p2a: Latios|tox
|
|-weather|RainDance|[upkeep]
|-heal|p1a: Gastrodon|12/100 tox|[from] item: Leftovers
|-damage|p2a: Latios|67/100 tox|[from] psn
|-damage|p1a: Gastrodon|0 fnt|[from] psn
|upkeep
|faint|p1a: Gastrodon
|inactive|Pilif has 15 seconds left.
|
|switch|p1a: Darmanitan|Darmanitan, M|100/100
|turn|33
|inactive|Pilif has 20 seconds left.
|inactive|Pilif has 15 seconds left.
|inactive|Pilif has 10 seconds left.
|
|move|p2a: Latios|Psyshock|p1a: Darmanitan
|-damage|p1a: Darmanitan|36/100
|move|p1a: Darmanitan|U-turn|p2a: Latios
|-supereffective|p2a: Latios
|-damage|p2a: Latios|0 fnt
|faint|p2a: Latios
|inactive|Pilif has 15 seconds left.
|inactive|Pilif has 10 seconds left.
|
|switch|p1a: Roserade|Roserade, F, shiny|94/100
|
|-weather|RainDance|[upkeep]
|-heal|p1a: Roserade|100/100|[from] item: Black Sludge
|upkeep
|inactive|IdealBore has 135 seconds left.
|inactive|IdealBore has 120 seconds left.
|
|switch|p2a: Excadrill|Excadrill, F|100/100
|-item|p2a: Excadrill|Air Balloon
|turn|34
|inactive|Pilif has 20 seconds left.
|
|move|p2a: Excadrill|Iron Head|p1a: Roserade
|-damage|p1a: Roserade|23/100
|move|p1a: Roserade|Weather Ball|p2a: Excadrill
|-supereffective|p2a: Excadrill
|-damage|p2a: Excadrill|0 fnt
|-enditem|p2a: Excadrill|Air Balloon
|faint|p2a: Excadrill
|
|-weather|RainDance|[upkeep]
|-heal|p1a: Roserade|29/100|[from] item: Black Sludge
|upkeep
|inactive|IdealBore has 135 seconds left.
|
|switch|p2a: Keldeo|Keldeo|100/100
|turn|35
|
|switch|p1a: Jellicent|Jellicent, M|14/100 tox
|move|p2a: Keldeo|Hidden Power|p1a: Jellicent
|-supereffective|p1a: Jellicent
|-damage|p1a: Jellicent|0 fnt
|faint|p1a: Jellicent
|
|-weather|RainDance|[upkeep]
|upkeep
|inactive|Pilif has 30 seconds left.
|inactive|Pilif has 20 seconds left.
|inactive|Pilif has 15 seconds left.
|inactive|Pilif has 10 seconds left.
|
|switch|p1a: Ninetales|Ninetales, F|24/100 tox
|-weather|SunnyDay|[from] ability: Drought|[of] p1a: Ninetales
|turn|36
|inactive|Pilif has 15 seconds left.
|inactive|IdealBore has 135 seconds left.
|inactive|IdealBore has 120 seconds left.
|inactive|IdealBore has 105 seconds left.
|inactive|IdealBore has 90 seconds left.
|j| KingEeveeIOS
|
|move|p2a: Keldeo|Hidden Power|p1a: Ninetales
|-damage|p1a: Ninetales|0 fnt
|faint|p1a: Ninetales
|
|-weather|SunnyDay|[upkeep]
|upkeep
|inactive|Pilif has 20 seconds left.
|inactive|Pilif has 15 seconds left.
|
|switch|p1a: Roserade|Roserade, F, shiny|29/100
|turn|37
|inactive|Pilif has 20 seconds left.
|inactive|Pilif has 15 seconds left.
|inactive|Pilif has 10 seconds left.
|inactive|Pilif has 5 seconds left.
|
|move|p2a: Keldeo|Hidden Power|p1a: Roserade
|-damage|p1a: Roserade|0 fnt
|faint|p1a: Roserade
|
|-weather|SunnyDay|[upkeep]
|upkeep
|
|switch|p1a: Darmanitan|Darmanitan, M|36/100
|turn|38
|inactive|Pilif has 20 seconds left.
|inactive|Pilif has 15 seconds left.
|inactive|Pilif has 10 seconds left.
|
|switch|p2a: Politoed|Politoed, F|49/100
|-weather|RainDance|[from] ability: Drizzle|[of] p2a: Politoed
|move|p1a: Darmanitan|Superpower|p2a: Politoed
|-damage|p2a: Politoed|13/100
|-unboost|p1a: Darmanitan|atk|1
|-unboost|p1a: Darmanitan|def|1
|
|-weather|RainDance|[upkeep]
|upkeep
|turn|39
|inactive|Pilif has 15 seconds left.
|inactive|IdealBore has 135 seconds left.
|-enditem|p2a: Politoed|Custap Berry|[eat]
|-activate|p2a: Politoed|item: Custap Berry|[consumed]
|
|move|p2a: Politoed|Scald|p1a: Darmanitan
|-supereffective|p1a: Darmanitan
|-damage|p1a: Darmanitan|0 fnt
|faint|p1a: Darmanitan
|
|win|IdealBore
|raw|Pilif's rating: 1311 &rarr; <strong>1293</strong><br />(-18 for losing)
|raw|IdealBore's rating: 1348 &rarr; <strong>1366</strong><br />(+18 for winning)
|l| KingEeveeIOS
