|j|☆tree32
|j|☆Roque Platachi
|player|p1|tree32|171
|player|p2|Roque Platachi|33
|teamsize|p1|6
|teamsize|p2|6
|gametype|singles
|gen|5
|tier|[Gen 5] OU
|rated|
|rule|Sleep Clause Mod: Limit one foe put to sleep
|rule|Species Clause: Limit one of each Pokémon
|rule|OHKO Clause: OHKO moves are banned
|rule|Moody Clause: Moody is banned
|rule|Evasion Moves Clause: Evasion moves are banned
|rule|Endless Battle Clause: Forcing endless battles is banned
|rule|HP Percentage Mod: HP is shown in percentages
|rule|Evasion Abilities Clause: Evasion abilities are banned
|rule|Baton Pass Clause: Limit one Baton Passer, can't pass Spe and other stats simultaneously
|rule|Swagger Clause: Swagger is banned
|clearpoke
|poke|p1|Politoed, M|item
|poke|p1|Jirachi|item
|poke|p1|Toxicroak, F|item
|poke|p1|Starmie|item
|poke|p1|Scizor, M|item
|poke|p1|Garchomp, F|item
|poke|p2|Starmie|item
|poke|p2|Politoed, F|item
|poke|p2|Tornadus, M|item
|poke|p2|Ferrothorn, F|item
|poke|p2|Garchomp, F|item
|poke|p2|Jirachi|item
|teampreview
|
|start
|switch|p1a: Politoed|Politoed, M|100/100
|switch|p2a: Tornadus|Tornadus, M|100/100
|-weather|RainDance|[from] ability: Drizzle|[of] p1a: Politoed
|turn|1
|
|switch|p2a: Ferrothorn|Ferrothorn, F|100/100
|move|p1a: Politoed|Ice Beam|p2a: Ferrothorn
|-damage|p2a: Ferrothorn|81/100
|-status|p2a: Ferrothorn|frz
|
|-weather|RainDance|[upkeep]
|-heal|p2a: Ferrothorn|87/100 frz|[from] item: Leftovers
|upkeep
|turn|2
|inactive|Battle timer is ON: inactive players will automatically lose when time's up. (requested by tree32)
|
|switch|p1a: Toxicroak|Toxicroak, F|100/100
|switch|p2a: Politoed|Politoed, F|100/100
|
|-weather|RainDance|[upkeep]
|upkeep
|turn|3
|
|move|p2a: Politoed|Encore|p1a: Toxicroak
|-fail|p2a: Politoed
|move|p1a: Toxicroak|Substitute|p1a: Toxicroak
|-start|p1a: Toxicroak|Substitute
|-damage|p1a: Toxicroak|75/100
|
|-weather|RainDance|[upkeep]
|-heal|p1a: Toxicroak|88/100|[from] ability: Dry Skin
|-heal|p1a: Toxicroak|94/100|[from] item: Black Sludge
|upkeep
|turn|4
|
|switch|p1a: Scizor|Scizor, M|100/100
|move|p2a: Politoed|Encore|p1a: Scizor
|-fail|p2a: Politoed
|
|-weather|RainDance|[upkeep]
|upkeep
|turn|5
|
|switch|p2a: Garchomp|Garchomp, F|100/100
|move|p1a: Scizor|U-turn|p2a: Garchomp
|-damage|p2a: Garchomp|51/100
|-damage|p1a: Scizor|88/100|[from] ability: Rough Skin|[of] p2a: Garchomp
|
|switch|p1a: Politoed|Politoed, M|100/100
|
|-weather|RainDance|[upkeep]
|upkeep
|turn|6
|
|switch|p2a: Ferrothorn|Ferrothorn, F|87/100 frz
|move|p1a: Politoed|Ice Beam|p2a: Ferrothorn
|-damage|p2a: Ferrothorn|66/100 frz
|
|-weather|RainDance|[upkeep]
|-heal|p2a: Ferrothorn|72/100 frz|[from] item: Leftovers
|upkeep
|turn|7
|
|switch|p1a: Scizor|Scizor, M|88/100
|-curestatus|p2a: Ferrothorn|frz|[msg]
|move|p2a: Ferrothorn|Stealth Rock|p1a: Scizor
|-sidestart|p1: tree32|move: Stealth Rock
|
|-weather|RainDance|[upkeep]
|-heal|p2a: Ferrothorn|78/100|[from] item: Leftovers
|upkeep
|turn|8
|
|move|p2a: Ferrothorn|Protect|p2a: Ferrothorn
|-singleturn|p2a: Ferrothorn|Protect
|move|p1a: Scizor|Superpower|p2a: Ferrothorn
|-activate|p2a: Ferrothorn|move: Protect
|
|-weather|RainDance|[upkeep]
|-heal|p2a: Ferrothorn|84/100|[from] item: Leftovers
|upkeep
|turn|9
|
|switch|p2a: Starmie|Starmie|100/100
|move|p1a: Scizor|Superpower|p2a: Starmie
|-resisted|p2a: Starmie
|-crit|p2a: Starmie
|-damage|p2a: Starmie|9/100
|-unboost|p1a: Scizor|atk|1
|-unboost|p1a: Scizor|def|1
|
|-weather|RainDance|[upkeep]
|upkeep
|turn|10
|
|switch|p1a: Politoed|Politoed, M|100/100
|-damage|p1a: Politoed|88/100|[from] Stealth Rock
|move|p2a: Starmie|Psyshock|p1a: Politoed
|-damage|p1a: Politoed|20/100
|-damage|p2a: Starmie|0|[from] item: Life Orb
|faint|p2a: Starmie
|
|-weather|RainDance|[upkeep]
|upkeep
|
|switch|p2a: Ferrothorn|Ferrothorn, F|84/100
|turn|11
|
|move|p1a: Politoed|Hydro Pump|p2a: Ferrothorn
|-enditem|p1a: Politoed|Water Gem|[from] gem|[move] Hydro Pump
|-resisted|p2a: Ferrothorn
|-crit|p2a: Ferrothorn
|-damage|p2a: Ferrothorn|5/100
|move|p2a: Ferrothorn|Spikes|p1a: Politoed
|-sidestart|p1: tree32|Spikes
|
|-weather|RainDance|[upkeep]
|-heal|p2a: Ferrothorn|11/100|[from] item: Leftovers
|upkeep
|turn|12
|
|move|p1a: Politoed|Ice Beam|p2a: Ferrothorn
|-damage|p2a: Ferrothorn|0
|faint|p2a: Ferrothorn
|
|-weather|RainDance|[upkeep]
|upkeep
|
|switch|p2a: Tornadus|Tornadus, M|100/100
|turn|13
|
|move|p2a: Tornadus|Hurricane|p1a: Politoed
|-damage|p1a: Politoed|0
|faint|p1a: Politoed
|
|-weather|RainDance|[upkeep]
|upkeep
|
|switch|p1a: Jirachi|Jirachi|100/100
|-damage|p1a: Jirachi|88/100|[from] Spikes
|-damage|p1a: Jirachi|82/100|[from] Stealth Rock
|turn|14
|
|move|p2a: Tornadus|Hurricane|p1a: Jirachi
|-resisted|p1a: Jirachi
|-damage|p1a: Jirachi|35/100
|-start|p1a: Jirachi|confusion
|-activate|p1a: Jirachi|confusion
|-damage|p1a: Jirachi|24/100|[from] confusion
|
|-weather|RainDance|[upkeep]
|upkeep
|turn|15
|
|move|p2a: Tornadus|Hurricane|p1a: Jirachi
|-resisted|p1a: Jirachi
|-damage|p1a: Jirachi|0
|faint|p1a: Jirachi
|
|-weather|RainDance|[upkeep]
|upkeep
|
|switch|p1a: Scizor|Scizor, M|88/100
|-damage|p1a: Scizor|76/100|[from] Spikes
|-damage|p1a: Scizor|64/100|[from] Stealth Rock
|turn|16
|
|switch|p2a: Garchomp|Garchomp, F|51/100
|move|p1a: Scizor|Bullet Punch|p2a: Garchomp
|-damage|p2a: Garchomp|6/100
|-damage|p1a: Scizor|52/100|[from] ability: Rough Skin|[of] p2a: Garchomp
|
|-weather|RainDance|[upkeep]
|upkeep
|turn|17
|
|move|p1a: Scizor|Bullet Punch|p2a: Garchomp
|-damage|p2a: Garchomp|0
|-damage|p1a: Scizor|39/100|[from] ability: Rough Skin|[of] p2a: Garchomp
|faint|p2a: Garchomp
|
|-weather|RainDance|[upkeep]
|upkeep
|
|switch|p2a: Jirachi|Jirachi|100/100
|turn|18
|
|switch|p1a: Garchomp|Garchomp, F|100/100
|-damage|p1a: Garchomp|94/100|[from] Stealth Rock
|-damage|p1a: Garchomp|82/100|[from] Spikes
|move|p2a: Jirachi|Substitute|p2a: Jirachi
|-start|p2a: Jirachi|Substitute
|-damage|p2a: Jirachi|75/100
|
|-weather|RainDance|[upkeep]
|-heal|p2a: Jirachi|82/100|[from] item: Leftovers
|upkeep
|turn|19
|
|move|p1a: Garchomp|Earthquake|p2a: Jirachi
|-supereffective|p2a: Jirachi
|-end|p2a: Jirachi|Substitute
|move|p2a: Jirachi|Psychic|p1a: Garchomp
|-damage|p1a: Garchomp|46/100
|
|-weather|RainDance|[upkeep]
|-heal|p2a: Jirachi|88/100|[from] item: Leftovers
|upkeep
|turn|20
|
|switch|p1a: Starmie|Starmie|100/100
|-damage|p1a: Starmie|88/100|[from] Spikes
|-damage|p1a: Starmie|76/100|[from] Stealth Rock
|switch|p2a: Tornadus|Tornadus, M|100/100
|
|-weather|RainDance|[upkeep]
|-heal|p1a: Starmie|82/100|[from] item: Leftovers
|upkeep
|turn|21
|
|move|p1a: Starmie|Scald|p2a: Tornadus
|-damage|p2a: Tornadus|47/100
|-status|p2a: Tornadus|brn
|move|p2a: Tornadus|Hurricane|p1a: Starmie
|-damage|p1a: Starmie|0
|faint|p1a: Starmie
|
|-weather|RainDance|[upkeep]
|-damage|p2a: Tornadus|35/100 brn|[from] brn
|upkeep
|
|switch|p1a: Scizor|Scizor, M|39/100
|-damage|p1a: Scizor|27/100|[from] Stealth Rock
|-damage|p1a: Scizor|15/100|[from] Spikes
|turn|22
|
|switch|p2a: Politoed|Politoed, F|100/100
|move|p1a: Scizor|U-turn|p2a: Politoed
|-damage|p2a: Politoed|33/100
|
|switch|p1a: Toxicroak|Toxicroak, F|94/100
|-damage|p1a: Toxicroak|88/100|[from] Stealth Rock
|-damage|p1a: Toxicroak|75/100|[from] Spikes
|
|-weather|RainDance|[upkeep]
|-heal|p1a: Toxicroak|88/100|[from] ability: Dry Skin
|-heal|p1a: Toxicroak|94/100|[from] item: Black Sludge
|upkeep
|turn|23
|
|move|p2a: Politoed|Ice Beam|p1a: Toxicroak
|-damage|p1a: Toxicroak|62/100
|move|p1a: Toxicroak|Ice Punch|p2a: Politoed
|-resisted|p2a: Politoed
|-damage|p2a: Politoed|16/100
|
|-weather|RainDance|[upkeep]
|-heal|p1a: Toxicroak|74/100|[from] ability: Dry Skin
|-heal|p1a: Toxicroak|81/100|[from] item: Black Sludge
|upkeep
|turn|24
|
|move|p2a: Politoed|Ice Beam|p1a: Toxicroak
|-damage|p1a: Toxicroak|44/100
|move|p1a: Toxicroak|Drain Punch|p2a: Politoed
|-damage|p2a: Politoed|0
|-heal|p1a: Toxicroak|51/100|[from] drain|[of] p2a: Politoed
|faint|p2a: Politoed
|
|-weather|RainDance|[upkeep]
|-heal|p1a: Toxicroak|63/100|[from] ability: Dry Skin
|-heal|p1a: Toxicroak|70/100|[from] item: Black Sludge
|upkeep
|
|switch|p2a: Jirachi|Jirachi|88/100
|turn|25
|
|move|p2a: Jirachi|Substitute|p2a: Jirachi
|-start|p2a: Jirachi|Substitute
|-damage|p2a: Jirachi|63/100
|move|p1a: Toxicroak|Drain Punch|p2a: Jirachi
|-end|p2a: Jirachi|Substitute
|-heal|p1a: Toxicroak|83/100|[from] drain|[of] p2a: Jirachi
|
|-weather|RainDance|[upkeep]
|-heal|p1a: Toxicroak|96/100|[from] ability: Dry Skin
|-heal|p2a: Jirachi|69/100|[from] item: Leftovers
|-heal|p1a: Toxicroak|100/100|[from] item: Black Sludge
|upkeep
|turn|26
|
|move|p2a: Jirachi|Psychic|p1a: Toxicroak
|-supereffective|p1a: Toxicroak
|-damage|p1a: Toxicroak|0
|faint|p1a: Toxicroak
|
|-weather|RainDance|[upkeep]
|-heal|p2a: Jirachi|75/100|[from] item: Leftovers
|upkeep
|
|switch|p1a: Garchomp|Garchomp, F|46/100
|-damage|p1a: Garchomp|34/100|[from] Spikes
|-damage|p1a: Garchomp|28/100|[from] Stealth Rock
|turn|27
|
|move|p1a: Garchomp|Earthquake|p2a: Jirachi
|-supereffective|p2a: Jirachi
|-damage|p2a: Jirachi|0
|faint|p2a: Jirachi
|
|-weather|RainDance|[upkeep]
|upkeep
|
|switch|p2a: Tornadus|Tornadus, M|35/100 brn
|turn|28
|
|switch|p1a: Scizor|Scizor, M|15/100
|-damage|p1a: Scizor|3/100|[from] Stealth Rock
|-damage|p1a: Scizor|0|[from] Spikes
|faint|p1a: Scizor
|move|p2a: Tornadus|Hurricane|p1: Scizor|[notarget]
|-notarget
|
|-weather|RainDance|[upkeep]
|-damage|p2a: Tornadus|22/100 brn|[from] brn
|upkeep
|
|switch|p1a: Garchomp|Garchomp, F|28/100
|-damage|p1a: Garchomp|22/100|[from] Stealth Rock
|-damage|p1a: Garchomp|9/100|[from] Spikes
|turn|29
|
|move|p1a: Garchomp|Outrage|p2a: Tornadus
|-damage|p2a: Tornadus|0 brn
|faint|p2a: Tornadus
|
|win|tree32
|raw|tree32's rating: 1364 &rarr; <strong>1383</strong><br />(+19 for winning)
|raw|Roque Platachi's rating: 1345 &rarr; <strong>1326</strong><br />(-19 for losing)
|l|☆tree32
