|join|TheGrillmeister
|join|fatestay
|player|p1|TheGrillmeister|37
|player|p2|fatestay|123
|gametype|singles
|gen|5
|tier|[Gen 5] OU
|rated
|rule|Evasion Abilities Clause: Evasion abilities are banned
|clearpoke
|poke|p1|Scizor, F
|poke|p1|Tyranitar, F
|poke|p1|Heatran, M
|poke|p1|Latios, M
|poke|p1|Jirachi
|poke|p1|Gliscor, F
|poke|p2|Tyranitar, F
|poke|p2|Landorus-Therian, M
|poke|p2|Stoutland, F
|poke|p2|Rotom-Wash
|poke|p2|Scizor, F
|poke|p2|Celebi
|rule|Sleep Clause Mod: Limit one foe put to sleep
|rule|Species Clause: Limit one of each Pokemon
|rule|OHKO Clause: OHKO moves are banned
|rule|Moody Clause: Moody is banned
|rule|Evasion Moves Clause: Evasion moves are banned
|rule|Endless Battle Clause: Forcing endless battles is banned.
|rule|HP Percentage Mod: HP is reported as percentages
|teampreview
|chat|fatestay|hi
|chat|fatestay|hf
|chat|TheGrillmeister|u2
|
|start
|switch|p1a: Latios|Latios, M|302/302
|switch|p2a: Rotom-Wash|Rotom-Wash|242/242
|turn|1
|
|move|p1a: Latios|Draco Meteor|p2a: Rotom-Wash
|-damage|p2a: Rotom-Wash|0 fnt
|-unboost|p1a: Latios|spa|2
|faint|p2a: Rotom-Wash
|
|
|switch|p2a: Tyranitar|Tyranitar, F|341/341
|-weather|Sandstorm|[from] ability: Sand Stream|[of] p2a: Tyranitar
|turn|2
|
|switch|p1a: Scizor|Scizor, F|300/300
|move|p2a: Tyranitar|Fire Blast|p1a: Scizor
|-supereffective|p1a: Scizor
|-damage|p1a: Scizor|0 fnt
|faint|p1a: Scizor
|
|-weather|Sandstorm|[upkeep]
|chat|TheGrillmeister|well played
|chat|fatestay|thx =)
|
|switch|p1a: Tyranitar|Tyranitar, F|341/341
|turn|3
|
|switch|p2a: Scizor|Scizor, F|343/343
|move|p1a: Tyranitar|Ice Punch|p2a: Scizor
|-resisted|p2a: Scizor
|-damage|p2a: Scizor|301/343
|
|-weather|Sandstorm|[upkeep]
|-heal|p2a: Scizor|322/343|[from] item: Leftovers
|turn|4
|
|switch|p1a: Heatran|Heatran, M|386/386
|-item|p1a: Heatran|Air Balloon
|switch|p2a: Stoutland|Stoutland, F|311/311
|
|-weather|Sandstorm|[upkeep]
|turn|5
|
|move|p2a: Stoutland|Superpower|p1a: Heatran
|-supereffective|p1a: Heatran
|-damage|p1a: Heatran|32/386
|-enditem|p1a: Heatran|Air Balloon
|-unboost|p2a: Stoutland|atk|1
|-unboost|p2a: Stoutland|def|1
|move|p1a: Heatran|Overheat|p2a: Stoutland
|-damage|p2a: Stoutland|38/311
|-unboost|p1a: Heatran|spa|2
|
|-weather|Sandstorm|[upkeep]
|turn|6
|
|switch|p1a: Gliscor|Gliscor, F|354/354
|move|p2a: Stoutland|Superpower|p1a: Gliscor
|-resisted|p1a: Gliscor
|-damage|p1a: Gliscor|317/354
|-unboost|p2a: Stoutland|atk|1
|-unboost|p2a: Stoutland|def|1
|
|-weather|Sandstorm|[upkeep]
|-status|p1a: Gliscor|tox|[from] item: Toxic Orb
|turn|7
|
|switch|p2a: Landorus-Therian|Landorus-Therian, M|369/369
|-ability|p2a: Landorus-Therian|Intimidate|[of] p1a: Gliscor
|-unboost|p1a: Gliscor|atk|1
|move|p1a: Gliscor|Substitute|p1a: Gliscor
|-start|p1a: Gliscor|Substitute
|-damage|p1a: Gliscor|229/354 tox
|
|-weather|Sandstorm|[upkeep]
|-heal|p1a: Gliscor|273/354 tox|[from] ability: Poison Heal
|turn|8
|
|move|p2a: Landorus-Therian|Substitute|p2a: Landorus-Therian
|-start|p2a: Landorus-Therian|Substitute
|-damage|p2a: Landorus-Therian|277/369
|move|p1a: Gliscor|Toxic|p2a: Landorus-Therian
|
|-weather|Sandstorm|[upkeep]
|-heal|p2a: Landorus-Therian|300/369|[from] item: Leftovers
|-heal|p1a: Gliscor|317/354 tox|[from] ability: Poison Heal
|turn|9
|
|move|p1a: Gliscor|Protect|p1a: Gliscor
|-singleturn|p1a: Gliscor|Protect
|move|p2a: Landorus-Therian|Bulk Up|p2a: Landorus-Therian
|-boost|p2a: Landorus-Therian|atk|1
|-boost|p2a: Landorus-Therian|def|1
|
|-weather|Sandstorm|[upkeep]
|-heal|p2a: Landorus-Therian|323/369|[from] item: Leftovers
|-heal|p1a: Gliscor|354/354 tox|[from] ability: Poison Heal
|turn|10
|
|switch|p1a: Latios|Latios, M|302/302
|move|p2a: Landorus-Therian|Gravity|p2a: Landorus-Therian
|-fieldstart|move: Gravity
|
|-weather|Sandstorm|[upkeep]
|-damage|p1a: Latios|284/302|[from] sandstorm
|-heal|p2a: Landorus-Therian|346/369|[from] item: Leftovers
|turn|11
|
|move|p1a: Latios|Surf|p2a: Landorus-Therian
|-supereffective|p2a: Landorus-Therian
|-end|p2a: Landorus-Therian|Substitute
|move|p2a: Landorus-Therian|Earthquake|p1a: Latios
|-damage|p1a: Latios|0 fnt
|faint|p1a: Latios
|
|-weather|Sandstorm|[upkeep]
|-heal|p2a: Landorus-Therian|369/369|[from] item: Leftovers
|
|switch|p1a: Tyranitar|Tyranitar, F|341/341
|turn|12
|
|move|p1a: Tyranitar|Ice Punch|p2a: Landorus-Therian
|-supereffective|p2a: Landorus-Therian
|-damage|p2a: Landorus-Therian|97/369
|move|p2a: Landorus-Therian|Earthquake|p1a: Tyranitar
|-supereffective|p1a: Tyranitar
|-damage|p1a: Tyranitar|0 fnt
|faint|p1a: Tyranitar
|
|-weather|Sandstorm|[upkeep]
|-heal|p2a: Landorus-Therian|120/369|[from] item: Leftovers
|
|switch|p1a: Gliscor|Gliscor, F|354/354 tox
|turn|13
|
|move|p2a: Landorus-Therian|Earthquake|p1a: Gliscor
|-damage|p1a: Gliscor|182/354 tox
|move|p1a: Gliscor|Earthquake|p2a: Landorus-Therian
|-damage|p2a: Landorus-Therian|42/369
|
|-weather|Sandstorm|[upkeep]
|-heal|p2a: Landorus-Therian|65/369|[from] item: Leftovers
|-heal|p1a: Gliscor|226/354 tox|[from] ability: Poison Heal
|turn|14
|
|switch|p2a: Celebi|Celebi|404/404
|move|p1a: Gliscor|Earthquake|p2a: Celebi
|-resisted|p2a: Celebi
|-damage|p2a: Celebi|350/404
|
|-weather|Sandstorm|[upkeep]
|-damage|p2a: Celebi|325/404|[from] sandstorm
|-heal|p2a: Celebi|350/404|[from] item: Leftovers
|-heal|p1a: Gliscor|270/354 tox|[from] ability: Poison Heal
|-fieldend|move: Gravity
|turn|15
|
|move|p2a: Celebi|Stealth Rock|p1a: Gliscor
|-sidestart|p1: TheGrillmeister|move: Stealth Rock
|move|p1a: Gliscor|Toxic|p2a: Celebi
|-status|p2a: Celebi|tox
|
|-weather|Sandstorm|[upkeep]
|-damage|p2a: Celebi|325/404 tox|[from] sandstorm
|-heal|p2a: Celebi|350/404 tox|[from] item: Leftovers
|-damage|p2a: Celebi|325/404 tox|[from] psn
|-heal|p1a: Gliscor|314/354 tox|[from] ability: Poison Heal
|turn|16
|
|switch|p1a: Jirachi|Jirachi|404/404
|-damage|p1a: Jirachi|379/404|[from] Stealth Rock
|move|p2a: Celebi|Giga Drain|p1a: Jirachi
|-resisted|p1a: Jirachi
|-damage|p1a: Jirachi|346/404
|-heal|p2a: Celebi|342/404 tox|[from] drain|[of] p1a: Jirachi
|
|-weather|Sandstorm|[upkeep]
|-damage|p2a: Celebi|317/404 tox|[from] sandstorm
|-heal|p2a: Celebi|342/404 tox|[from] item: Leftovers
|-heal|p1a: Jirachi|371/404|[from] item: Leftovers
|-damage|p2a: Celebi|292/404 tox|[from] psn
|turn|17
|
|move|p2a: Celebi|U-turn|p1a: Jirachi
|-damage|p1a: Jirachi|317/404
|
|switch|p2a: Scizor|Scizor, F|322/343
|move|p1a: Jirachi|Iron Head|p2a: Scizor
|-resisted|p2a: Scizor
|-damage|p2a: Scizor|278/343
|
|-weather|Sandstorm|[upkeep]
|-heal|p1a: Jirachi|342/404|[from] item: Leftovers
|-heal|p2a: Scizor|299/343|[from] item: Leftovers
|turn|18
|
|move|p1a: Jirachi|Thunder Wave|p2a: Scizor
|-status|p2a: Scizor|par
|cant|p2a: Scizor|par
|
|-weather|Sandstorm|[upkeep]
|-heal|p1a: Jirachi|367/404|[from] item: Leftovers
|-heal|p2a: Scizor|320/343 par|[from] item: Leftovers
|turn|19
|
|move|p1a: Jirachi|Wish|p1a: Jirachi
|move|p2a: Scizor|Swords Dance|p2a: Scizor
|-boost|p2a: Scizor|atk|2
|
|-weather|Sandstorm|[upkeep]
|-heal|p1a: Jirachi|392/404|[from] item: Leftovers
|-heal|p2a: Scizor|341/343 par|[from] item: Leftovers
|turn|20
|
|switch|p1a: Heatran|Heatran, M|32/386
|-damage|p1a: Heatran|0 fnt|[from] Stealth Rock
|faint|p1a: Heatran
|cant|p2a: Scizor|par
|
|-weather|Sandstorm|[upkeep]
|-heal|p2a: Scizor|343/343 par|[from] item: Leftovers
|
|switch|p1a: Gliscor|Gliscor, F|314/354 tox
|-damage|p1a: Gliscor|270/354 tox|[from] Stealth Rock
|turn|21
|
|switch|p2a: Landorus-Therian|Landorus-Therian, M|65/369
|-ability|p2a: Landorus-Therian|Intimidate|[of] p1a: Gliscor
|-unboost|p1a: Gliscor|atk|1
|move|p1a: Gliscor|Earthquake|p2a: Landorus-Therian
|-immune|p2a: Landorus-Therian|[msg]
|
|-weather|Sandstorm|[upkeep]
|-heal|p2a: Landorus-Therian|88/369|[from] item: Leftovers
|-heal|p1a: Gliscor|314/354 tox|[from] ability: Poison Heal
|turn|22
|
|switch|p1a: Jirachi|Jirachi|392/404
|-damage|p1a: Jirachi|367/404|[from] Stealth Rock
|move|p2a: Landorus-Therian|Substitute|p2a: Landorus-Therian
|-fail|p2a: Landorus-Therian|move: Substitute|[weak]
|
|-weather|Sandstorm|[upkeep]
|-heal|p2a: Landorus-Therian|111/369|[from] item: Leftovers
|-heal|p1a: Jirachi|392/404|[from] item: Leftovers
|turn|23
|
|move|p2a: Landorus-Therian|Bulk Up|p2a: Landorus-Therian
|-boost|p2a: Landorus-Therian|atk|1
|-boost|p2a: Landorus-Therian|def|1
|move|p1a: Jirachi|Iron Head|p2a: Landorus-Therian
|-damage|p2a: Landorus-Therian|42/369
|
|-weather|Sandstorm|[upkeep]
|-heal|p2a: Landorus-Therian|65/369|[from] item: Leftovers
|-heal|p1a: Jirachi|404/404|[from] item: Leftovers
|turn|24
|
|move|p2a: Landorus-Therian|Earthquake|p1a: Jirachi
|-supereffective|p1a: Jirachi
|-damage|p1a: Jirachi|0 fnt
|faint|p1a: Jirachi
|
|-weather|Sandstorm|[upkeep]
|-heal|p2a: Landorus-Therian|88/369|[from] item: Leftovers
|chat|TheGrillmeister|gg
|chat|fatestay|gg
|-message|TheGrillmeister forfeited.
|
|win|fatestay
|raw|Ladder updating...
|leave|TheGrillmeister
|player|p1
|raw|TheGrillmeister's rating: 1459 &rarr; <strong>1431</strong><br />(-28 for losing)
|raw|fatestay's rating: 1301 &rarr; <strong>1330</strong><br />(+29 for winning)