|j|☆Giovanna G
|j|☆Rip Italy
|player|p1|Giovanna G|lady-gen4|1480
|player|p2|Rip Italy|2|1354
|teamsize|p1|6
|teamsize|p2|6
|gametype|singles
|gen|5
|tier|[Gen 5] OU
|rated|
|clearpoke
|poke|p1|Latios, M|item
|poke|p1|Tyranitar, M|item
|poke|p1|Landorus-Therian, M|item
|poke|p1|Ferrothorn, F|item
|poke|p1|Keldeo|item
|poke|p1|Volcarona, F|item
|poke|p2|Conkeldurr, F|item
|poke|p2|Rotom-Wash|item
|poke|p2|Latias, F|item
|poke|p2|Ferrothorn, M|item
|poke|p2|Tyranitar, F|item
|poke|p2|Landorus-Therian, M|item
|rule|Species Clause: Limit one of each Pokémon
|rule|OHKO Clause: OHKO moves are banned
|rule|Moody Clause: Moody is banned
|rule|Evasion Moves Clause: Evasion moves are banned
|rule|Endless Battle Clause: Forcing endless battles is banned
|rule|HP Percentage Mod: HP is shown in percentages
|rule|Evasion Abilities Clause: Evasion abilities are banned
|rule|Baton Pass Clause: Limit one Baton Passer, can't pass Spe and other stats simultaneously
|rule|Sleep Clause: Sleep-inducing moves are banned
|rule|Swagger Clause: Swagger is banned
|teampreview
|inactive|Battle timer is ON: inactive players will automatically lose when time's up. (requested by Rip Italy)
|
|start
|switch|p1a: Ferrothorn|Ferrothorn, F|100/100
|switch|p2a: Homecoming|Rotom-Wash, shiny|100/100
|turn|1
|
|move|p2a: Homecoming|Will-O-Wisp|p1a: Ferrothorn|[miss]
|-miss|p2a: Homecoming|p1a: Ferrothorn
|move|p1a: Ferrothorn|Stealth Rock|p2a: Homecoming
|-sidestart|p2: Rip Italy|move: Stealth Rock
|
|upkeep
|turn|2
|
|move|p2a: Homecoming|Will-O-Wisp|p1a: Ferrothorn|[miss]
|-miss|p2a: Homecoming|p1a: Ferrothorn
|move|p1a: Ferrothorn|Spikes|p2a: Homecoming
|-sidestart|p2: Rip Italy|Spikes
|
|upkeep
|turn|3
|
|move|p2a: Homecoming|Will-O-Wisp|p1a: Ferrothorn
|-status|p1a: Ferrothorn|brn
|move|p1a: Ferrothorn|Spikes|p2a: Homecoming
|-sidestart|p2: Rip Italy|Spikes
|
|-damage|p1a: Ferrothorn|88/100 brn|[from] brn
|upkeep
|turn|4
|
|move|p2a: Homecoming|Volt Switch|p1a: Ferrothorn
|-resisted|p1a: Ferrothorn
|-damage|p1a: Ferrothorn|79/100 brn
|
|switch|p2a: That Way|Landorus-Therian, M|100/100|[from]move: Volt Switch
|-damage|p2a: That Way|88/100|[from] Stealth Rock
|-ability|p2a: That Way|Intimidate|boost
|-unboost|p1a: Ferrothorn|atk|1
|move|p1a: Ferrothorn|Spikes|p2a: That Way
|-sidestart|p2: Rip Italy|Spikes
|
|-heal|p1a: Ferrothorn|85/100 brn|[from] item: Leftovers
|-damage|p1a: Ferrothorn|72/100 brn|[from] brn
|upkeep
|turn|5
|
|switch|p1a: Volcarona|Volcarona, F|100/100
|move|p2a: That Way|Stealth Rock|p1a: Volcarona
|-sidestart|p1: Giovanna G|move: Stealth Rock
|
|upkeep
|turn|6
|
|switch|p2a: Venetia|Latias, F|100/100
|-damage|p2a: Venetia|88/100|[from] Stealth Rock
|move|p1a: Volcarona|Quiver Dance|p1a: Volcarona
|-boost|p1a: Volcarona|spa|1
|-boost|p1a: Volcarona|spd|1
|-boost|p1a: Volcarona|spe|1
|
|upkeep
|turn|7
|
|move|p2a: Venetia|Trick|p1a: Volcarona
|-activate|p2a: Venetia|move: Trick|[of] p1a: Volcarona
|-item|p1a: Volcarona|Choice Scarf|[from] move: Trick
|-item|p2a: Venetia|Sitrus Berry|[from] move: Trick
|move|p1a: Volcarona|Quiver Dance|p1a: Volcarona
|-boost|p1a: Volcarona|spa|1
|-boost|p1a: Volcarona|spd|1
|-boost|p1a: Volcarona|spe|1
|
|upkeep
|turn|8
|
|switch|p1a: Tyranitar|Tyranitar, M|100/100
|-damage|p1a: Tyranitar|88/100|[from] Stealth Rock
|-weather|Sandstorm|[from] ability: Sand Stream|[of] p1a: Tyranitar
|switch|p2a: That Way|Landorus-Therian, M|88/100
|-damage|p2a: That Way|76/100|[from] Stealth Rock
|-ability|p2a: That Way|Intimidate|boost
|-unboost|p1a: Tyranitar|atk|1
|
|-weather|Sandstorm|[upkeep]
|upkeep
|turn|9
|
|switch|p1a: Ferrothorn|Ferrothorn, F|72/100 brn
|-damage|p1a: Ferrothorn|66/100 brn|[from] Stealth Rock
|move|p2a: That Way|Hidden Power|p1a: Ferrothorn
|-damage|p1a: Ferrothorn|54/100 brn
|
|-weather|Sandstorm|[upkeep]
|-heal|p1a: Ferrothorn|60/100 brn|[from] item: Leftovers
|-damage|p1a: Ferrothorn|48/100 brn|[from] brn
|upkeep
|turn|10
|
|move|p2a: That Way|Earthquake|p1a: Ferrothorn
|-damage|p1a: Ferrothorn|17/100 brn
|move|p1a: Ferrothorn|Gyro Ball|p2a: That Way
|-damage|p2a: That Way|57/100
|-damage|p1a: Ferrothorn|0 fnt|[from] item: Rocky Helmet|[of] p2a: That Way
|faint|p1a: Ferrothorn
|
|-weather|Sandstorm|[upkeep]
|upkeep
|
|switch|p1a: Keldeo|Keldeo|100/100
|-damage|p1a: Keldeo|94/100|[from] Stealth Rock
|turn|11
|
|switch|p2a: Homecoming|Rotom-Wash, shiny|100/100
|-damage|p2a: Homecoming|88/100|[from] Stealth Rock
|move|p1a: Keldeo|Icy Wind|p2a: Homecoming
|-resisted|p2a: Homecoming
|-damage|p2a: Homecoming|78/100
|-unboost|p2a: Homecoming|spe|1
|-damage|p1a: Keldeo|84/100|[from] item: Life Orb
|
|-weather|Sandstorm|[upkeep]
|-damage|p1a: Keldeo|78/100|[from] Sandstorm
|-damage|p2a: Homecoming|72/100|[from] Sandstorm
|-heal|p2a: Homecoming|78/100|[from] item: Leftovers
|upkeep
|turn|12
|
|switch|p1a: Volcarona|Volcarona, F|100/100
|-damage|p1a: Volcarona|51/100|[from] Stealth Rock
|move|p2a: Homecoming|Hydro Pump|p1a: Volcarona
|-supereffective|p1a: Volcarona
|-damage|p1a: Volcarona|0 fnt
|faint|p1a: Volcarona
|
|-weather|Sandstorm|[upkeep]
|-damage|p2a: Homecoming|72/100|[from] Sandstorm
|-heal|p2a: Homecoming|78/100|[from] item: Leftovers
|upkeep
|
|switch|p1a: Tyranitar|Tyranitar, M|88/100
|-damage|p1a: Tyranitar|76/100|[from] Stealth Rock
|turn|13
|
|move|p1a: Tyranitar|Crunch|p2a: Homecoming
|-damage|p2a: Homecoming|0 fnt
|faint|p2a: Homecoming
|
|-weather|Sandstorm|[upkeep]
|upkeep
|
|switch|p2a: Pluto|Conkeldurr, F, shiny|100/100
|-damage|p2a: Pluto|94/100|[from] Stealth Rock
|-damage|p2a: Pluto|70/100|[from] Spikes
|turn|14
|
|move|p1a: Tyranitar|Crunch|p2a: Pluto
|-resisted|p2a: Pluto
|-damage|p2a: Pluto|39/100
|move|p2a: Pluto|Ice Punch|p1a: Tyranitar
|-damage|p1a: Tyranitar|35/100
|
|-weather|Sandstorm|[upkeep]
|-damage|p2a: Pluto|33/100|[from] Sandstorm
|upkeep
|turn|15
|
|switch|p1a: Landorus|Landorus-Therian, M|100/100
|-damage|p1a: Landorus|88/100|[from] Stealth Rock
|-ability|p1a: Landorus|Intimidate|boost
|-unboost|p2a: Pluto|atk|1
|move|p2a: Pluto|Mach Punch|p1a: Landorus
|-resisted|p1a: Landorus
|-damage|p1a: Landorus|76/100
|-damage|p2a: Pluto|23/100|[from] item: Life Orb
|
|-weather|Sandstorm|[upkeep]
|-damage|p2a: Pluto|17/100|[from] Sandstorm
|upkeep
|turn|16
|
|move|p1a: Landorus|Earthquake|p2a: Pluto
|-damage|p2a: Pluto|0 fnt
|faint|p2a: Pluto
|
|-weather|Sandstorm|[upkeep]
|upkeep
|
|switch|p2a: Venetia|Latias, F|88/100
|-damage|p2a: Venetia|76/100|[from] Stealth Rock
|turn|17
|
|switch|p1a: Tyranitar|Tyranitar, M|35/100
|-damage|p1a: Tyranitar|23/100|[from] Stealth Rock
|move|p2a: Venetia|Surf|p1a: Tyranitar
|-supereffective|p1a: Tyranitar
|-damage|p1a: Tyranitar|0 fnt
|faint|p1a: Tyranitar
|
|-weather|Sandstorm|[upkeep]
|-damage|p2a: Venetia|70/100|[from] Sandstorm
|upkeep
|
|switch|p1a: Latios|Latios, M|100/100
|-damage|p1a: Latios|88/100|[from] Stealth Rock
|turn|18
|
|switch|p2a: That Way|Landorus-Therian, M|57/100
|-damage|p2a: That Way|45/100|[from] Stealth Rock
|-ability|p2a: That Way|Intimidate|boost
|-unboost|p1a: Latios|atk|1
|move|p1a: Latios|Dragon Pulse|p2a: That Way
|-damage|p2a: That Way|0 fnt
|faint|p2a: That Way
|
|-weather|Sandstorm|[upkeep]
|-damage|p1a: Latios|82/100|[from] Sandstorm
|upkeep
|
|switch|p2a: Urgency|Tyranitar, F|100/100
|-damage|p2a: Urgency|88/100|[from] Stealth Rock
|-damage|p2a: Urgency|63/100|[from] Spikes
|turn|19
|
|move|p1a: Latios|Dragon Pulse|p2a: Urgency
|-damage|p2a: Urgency|33/100
|move|p2a: Urgency|Pursuit|p1a: Latios
|-supereffective|p1a: Latios
|-damage|p1a: Latios|0 fnt
|faint|p1a: Latios
|
|-weather|Sandstorm|[upkeep]
|upkeep
|
|switch|p1a: Landorus|Landorus-Therian, M|76/100
|-damage|p1a: Landorus|63/100|[from] Stealth Rock
|-ability|p1a: Landorus|Intimidate|boost
|-unboost|p2a: Urgency|atk|1
|turn|20
|
|move|p1a: Landorus|U-turn|p2a: Urgency
|-supereffective|p2a: Urgency
|-damage|p2a: Urgency|0 fnt
|faint|p2a: Urgency
|
|switch|p1a: Keldeo|Keldeo|78/100|[from]move: U-turn
|-damage|p1a: Keldeo|72/100|[from] Stealth Rock
|
|-weather|Sandstorm|[upkeep]
|-damage|p1a: Keldeo|66/100|[from] Sandstorm
|upkeep
|
|switch|p2a: Venetia|Latias, F|70/100
|-damage|p2a: Venetia|58/100|[from] Stealth Rock
|turn|21
|
|switch|p1a: Landorus|Landorus-Therian, M|63/100
|-damage|p1a: Landorus|51/100|[from] Stealth Rock
|-ability|p1a: Landorus|Intimidate|boost
|-unboost|p2a: Venetia|atk|1
|move|p2a: Venetia|Psyshock|p1a: Landorus
|-damage|p1a: Landorus|7/100
|
|-weather|Sandstorm|[upkeep]
|-damage|p2a: Venetia|52/100|[from] Sandstorm
|upkeep
|turn|22
|
|switch|p2a: Lo Mein|Ferrothorn, M|100/100
|-damage|p2a: Lo Mein|95/100|[from] Stealth Rock
|-damage|p2a: Lo Mein|70/100|[from] Spikes
|move|p1a: Landorus|Hidden Power|p2a: Lo Mein
|-damage|p2a: Lo Mein|57/100
|
|-weather|Sandstorm|[upkeep]
|-heal|p2a: Lo Mein|63/100|[from] item: Leftovers
|upkeep
|turn|23
|
|switch|p1a: Keldeo|Keldeo|66/100
|-damage|p1a: Keldeo|60/100|[from] Stealth Rock
|move|p2a: Lo Mein|Protect||[still]
|-fail|p2a: Lo Mein
|
|-weather|Sandstorm|[upkeep]
|-damage|p1a: Keldeo|53/100|[from] Sandstorm
|-heal|p2a: Lo Mein|69/100|[from] item: Leftovers
|upkeep
|turn|24
|
|move|p2a: Lo Mein|Protect|p2a: Lo Mein
|-singleturn|p2a: Lo Mein|Protect
|move|p1a: Keldeo|Secret Sword|p2a: Lo Mein
|-activate|p2a: Lo Mein|move: Protect
|
|-weather|Sandstorm|[upkeep]
|-damage|p1a: Keldeo|47/100|[from] Sandstorm
|-heal|p2a: Lo Mein|75/100|[from] item: Leftovers
|upkeep
|turn|25
|
|move|p1a: Keldeo|Secret Sword|p2a: Lo Mein
|-supereffective|p2a: Lo Mein
|-damage|p2a: Lo Mein|0 fnt
|-damage|p1a: Keldeo|37/100|[from] item: Life Orb
|faint|p2a: Lo Mein
|
|-weather|Sandstorm|[upkeep]
|-damage|p1a: Keldeo|31/100|[from] Sandstorm
|upkeep
|
|switch|p2a: Venetia|Latias, F|52/100
|-damage|p2a: Venetia|39/100|[from] Stealth Rock
|-enditem|p2a: Venetia|Sitrus Berry|[eat]
|-heal|p2a: Venetia|64/100|[from] item: Sitrus Berry
|turn|26
|
|move|p2a: Venetia|Psyshock|p1a: Keldeo
|-supereffective|p1a: Keldeo
|-damage|p1a: Keldeo|0 fnt
|faint|p1a: Keldeo
|
|-weather|Sandstorm|[upkeep]
|-damage|p2a: Venetia|58/100|[from] Sandstorm
|upkeep
|
|switch|p1a: Landorus|Landorus-Therian, M|7/100
|-damage|p1a: Landorus|0 fnt|[from] Stealth Rock
|faint|p1a: Landorus
|
|win|Rip Italy
|l|☆Giovanna G
|raw|Giovanna G's rating: 1480 &rarr; <strong>1453</strong><br />(-27 for losing)
|raw|Rip Italy's rating: 1355 &rarr; <strong>1382</strong><br />(+27 for winning)
