|join|ALnlef
|join|ParkLife
|player|p1|ALnlef|266
|player|p2|ParkLife|7
|gametype|singles
|gen|5
|tier|[Gen 5] OU
|rated
|rule|Evasion Abilities Clause: Evasion abilities are banned
|clearpoke
|poke|p1|Gliscor, M
|poke|p1|Politoed, F
|poke|p1|Rotom-Wash
|poke|p1|Ferrothorn, M
|poke|p1|Tentacruel, F
|poke|p1|Tornadus, M
|poke|p2|Terrakion
|poke|p2|Landorus-Therian, M
|poke|p2|Latios, M
|poke|p2|Tyranitar, F
|poke|p2|Breloom, M
|poke|p2|Rotom-Wash
|rule|Sleep Clause Mod: Limit one foe put to sleep
|rule|Species Clause: Limit one of each Pokemon
|rule|OHKO Clause: OHKO moves are banned
|rule|Moody Clause: Moody is banned
|rule|Evasion Moves Clause: Evasion moves are banned
|rule|Endless Battle Clause: Forcing endless battles is banned.
|rule|HP Percentage Mod: HP is reported as percentages
|teampreview
|
|start
|switch|p1a: Ferrothorn|Ferrothorn, M|352/352
|switch|p2a: Rotom-Wash|Rotom-Wash|241/241
|turn|1
|
|move|p1a: Ferrothorn|Protect|p1a: Ferrothorn
|-singleturn|p1a: Ferrothorn|Protect
|move|p2a: Rotom-Wash|Trick|p1a: Ferrothorn
|-activate|p1a: Ferrothorn|Protect
|
|turn|2
|
|switch|p2a: Tyranitar|Tyranitar, F|404/404
|-weather|Sandstorm|[from] ability: Sand Stream|[of] p2a: Tyranitar
|switch|p1a: Rotom-Wash|Rotom-Wash|304/304
|
|-weather|Sandstorm|[upkeep]
|-damage|p1a: Rotom-Wash|285/304|[from] sandstorm
|-heal|p1a: Rotom-Wash|304/304|[from] item: Leftovers
|turn|3
|
|move|p1a: Rotom-Wash|Will-O-Wisp|p2a: Tyranitar
|-status|p2a: Tyranitar|brn
|move|p2a: Tyranitar|Stealth Rock|p1a: Rotom-Wash
|-sidestart|p1: ALnlef|move: Stealth Rock
|
|-weather|Sandstorm|[upkeep]
|-damage|p1a: Rotom-Wash|285/304|[from] sandstorm
|-heal|p1a: Rotom-Wash|304/304|[from] item: Leftovers
|-damage|p2a: Tyranitar|354/404 brn|[from] brn
|turn|4
|
|switch|p2a: Breloom|Breloom, M|262/262
|move|p1a: Rotom-Wash|Will-O-Wisp|p2a: Breloom
|-status|p2a: Breloom|brn
|-enditem|p2a: Breloom|Lum Berry|[eat]
|-curestatus|p2a: Breloom|brn
|
|-weather|Sandstorm|[upkeep]
|-damage|p2a: Breloom|246/262|[from] sandstorm
|-damage|p1a: Rotom-Wash|285/304|[from] sandstorm
|-heal|p1a: Rotom-Wash|304/304|[from] item: Leftovers
|turn|5
|
|switch|p1a: Tornadus|Tornadus, M|299/299
|-damage|p1a: Tornadus|225/299|[from] Stealth Rock
|move|p2a: Breloom|Bullet Seed|p1a: Tornadus
|-resisted|p1a: Tornadus
|-damage|p1a: Tornadus|180/299
|-resisted|p1a: Tornadus
|-damage|p1a: Tornadus|136/299
|-hitcount|p1a: Tornadus|2
|
|-weather|Sandstorm|[upkeep]
|-damage|p1a: Tornadus|118/299|[from] sandstorm
|-damage|p2a: Breloom|230/262|[from] sandstorm
|turn|6
|
|move|p2a: Breloom|Mach Punch|p1a: Tornadus
|-resisted|p1a: Tornadus
|-damage|p1a: Tornadus|51/299
|move|p1a: Tornadus|U-turn|p2a: Breloom
|-damage|p2a: Breloom|160/262
|
|switch|p1a: Gliscor|Gliscor, M|354/354
|-damage|p1a: Gliscor|310/354|[from] Stealth Rock
|
|-weather|Sandstorm|[upkeep]
|-damage|p2a: Breloom|144/262|[from] sandstorm
|-status|p1a: Gliscor|tox|[from] item: Toxic Orb
|turn|7
|
|switch|p2a: Rotom-Wash|Rotom-Wash|241/241
|move|p1a: Gliscor|Substitute|p1a: Gliscor
|-start|p1a: Gliscor|Substitute
|-damage|p1a: Gliscor|222/354 tox
|
|-weather|Sandstorm|[upkeep]
|-damage|p2a: Rotom-Wash|226/241|[from] sandstorm
|-heal|p1a: Gliscor|266/354 tox|[from] ability: Poison Heal
|turn|8
|
|move|p1a: Gliscor|Protect|p1a: Gliscor
|-singleturn|p1a: Gliscor|Protect
|move|p2a: Rotom-Wash|Hidden Power|p1a: Gliscor
|-activate|p1a: Gliscor|Protect
|
|-weather|Sandstorm|[upkeep]
|-damage|p2a: Rotom-Wash|211/241|[from] sandstorm
|-heal|p1a: Gliscor|310/354 tox|[from] ability: Poison Heal
|turn|9
|
|move|p2a: Rotom-Wash|Hidden Power|p1a: Gliscor
|-supereffective|p1a: Gliscor
|-end|p1a: Gliscor|Substitute
|move|p1a: Gliscor|Baton Pass|p1a: Gliscor
|
|switch|p1a: Tentacruel|Tentacruel, F|364/364
|-damage|p1a: Tentacruel|319/364|[from] Stealth Rock
|
|-weather|Sandstorm|[upkeep]
|-damage|p2a: Rotom-Wash|196/241|[from] sandstorm
|-damage|p1a: Tentacruel|297/364|[from] sandstorm
|-heal|p1a: Tentacruel|319/364|[from] item: Black Sludge
|turn|10
|
|switch|p2a: Latios|Latios, M|302/302
|move|p1a: Tentacruel|Rapid Spin|p2a: Latios
|-crit|p2a: Latios
|-damage|p2a: Latios|279/302
|-sideend|p1: ALnlef|Stealth Rock|[from] move: Rapid Spin|[of] p1a: Tentacruel
|
|-weather|Sandstorm|[upkeep]
|-damage|p2a: Latios|261/302|[from] sandstorm
|-damage|p1a: Tentacruel|297/364|[from] sandstorm
|-heal|p1a: Tentacruel|319/364|[from] item: Black Sludge
|turn|11
|
|move|p1a: Tentacruel|Protect|p1a: Tentacruel
|-singleturn|p1a: Tentacruel|Protect
|move|p2a: Latios|Psyshock|p1a: Tentacruel
|-activate|p1a: Tentacruel|Protect
|
|-weather|Sandstorm|[upkeep]
|-damage|p2a: Latios|243/302|[from] sandstorm
|-damage|p1a: Tentacruel|297/364|[from] sandstorm
|-heal|p1a: Tentacruel|319/364|[from] item: Black Sludge
|turn|12
|
|switch|p1a: Ferrothorn|Ferrothorn, M|352/352
|move|p2a: Latios|Psyshock|p1a: Ferrothorn
|-resisted|p1a: Ferrothorn
|-damage|p1a: Ferrothorn|303/352
|
|-weather|Sandstorm|[upkeep]
|-damage|p2a: Latios|225/302|[from] sandstorm
|-heal|p1a: Ferrothorn|325/352|[from] item: Leftovers
|turn|13
|
|move|p2a: Latios|Hidden Power|p1a: Ferrothorn
|-supereffective|p1a: Ferrothorn
|-damage|p1a: Ferrothorn|13/352
|move|p1a: Ferrothorn|Stealth Rock|p2a: Latios
|-sidestart|p2: ParkLife|move: Stealth Rock
|
|-weather|Sandstorm|[upkeep]
|-damage|p2a: Latios|207/302|[from] sandstorm
|-heal|p1a: Ferrothorn|35/352|[from] item: Leftovers
|turn|14
|
|move|p1a: Ferrothorn|Protect|p1a: Ferrothorn
|-singleturn|p1a: Ferrothorn|Protect
|move|p2a: Latios|Psyshock|p1a: Ferrothorn
|-activate|p1a: Ferrothorn|Protect
|
|-weather|Sandstorm|[upkeep]
|-damage|p2a: Latios|189/302|[from] sandstorm
|-heal|p1a: Ferrothorn|57/352|[from] item: Leftovers
|turn|15
|
|switch|p1a: Politoed|Politoed, F|384/384
|-weather|RainDance|[from] ability: Drizzle|[of] p1a: Politoed
|move|p2a: Latios|Hidden Power|p1a: Politoed
|-resisted|p1a: Politoed
|-damage|p1a: Politoed|366/384
|
|-weather|RainDance|[upkeep]
|-heal|p1a: Politoed|384/384|[from] item: Leftovers
|turn|16
|
|switch|p1a: Ferrothorn|Ferrothorn, M|57/352
|move|p2a: Latios|Draco Meteor|p1a: Ferrothorn
|-resisted|p1a: Ferrothorn
|-damage|p1a: Ferrothorn|0 fnt
|-unboost|p2a: Latios|spa|2
|faint|p1a: Ferrothorn
|
|-weather|RainDance|[upkeep]
|
|switch|p1a: Tornadus|Tornadus, M|51/299
|turn|17
|
|move|p1a: Tornadus|U-turn|p2a: Latios
|-supereffective|p2a: Latios
|-damage|p2a: Latios|65/302
|
|switch|p1a: Gliscor|Gliscor, M|310/354 tox
|move|p2a: Latios|Psyshock|p1a: Gliscor
|-damage|p1a: Gliscor|265/354 tox
|
|-weather|RainDance|[upkeep]
|-heal|p1a: Gliscor|309/354 tox|[from] ability: Poison Heal
|turn|18
|
|move|p2a: Latios|Memento|p1a: Gliscor
|-unboost|p1a: Gliscor|atk|2
|-unboost|p1a: Gliscor|spa|2
|faint|p2a: Latios
|move|p1a: Gliscor|Substitute|p1a: Gliscor
|-start|p1a: Gliscor|Substitute
|-damage|p1a: Gliscor|221/354 tox
|
|-weather|RainDance|[upkeep]
|-heal|p1a: Gliscor|265/354 tox|[from] ability: Poison Heal
|
|switch|p2a: Breloom|Breloom, M|144/262
|-damage|p2a: Breloom|128/262|[from] Stealth Rock
|turn|19
|
|move|p1a: Gliscor|Taunt|p2a: Breloom
|-start|p2a: Breloom|move: Taunt
|cant|p2a: Breloom|move: Taunt|Swords Dance
|
|-weather|RainDance|[upkeep]
|-heal|p1a: Gliscor|309/354 tox|[from] ability: Poison Heal
|turn|20
|
|move|p1a: Gliscor|Baton Pass|p1a: Gliscor
|
|switch|p1a: Tentacruel|Tentacruel, F|319/364
|move|p2a: Breloom|Bullet Seed|p1a: Tentacruel
|-activate|p1a: Tentacruel|Substitute|[damage]
|-end|p1a: Tentacruel|Substitute
|-hitcount|p1a: Tentacruel|2
|
|-weather|RainDance|[upkeep]
|-heal|p1a: Tentacruel|341/364|[from] ability: Rain Dish
|-heal|p1a: Tentacruel|363/364|[from] item: Black Sludge
|turn|21
|
|move|p1a: Tentacruel|Toxic|p2a: Breloom
|-status|p2a: Breloom|tox
|move|p2a: Breloom|Bullet Seed|p1a: Tentacruel
|-damage|p1a: Tentacruel|273/364
|-damage|p1a: Tentacruel|191/364
|-hitcount|p1a: Tentacruel|2
|
|-weather|RainDance|[upkeep]
|-heal|p1a: Tentacruel|213/364|[from] ability: Rain Dish
|-heal|p1a: Tentacruel|235/364|[from] item: Black Sludge
|-damage|p2a: Breloom|112/262 tox|[from] psn
|-end|p2a: Breloom|move: Taunt
|turn|22
|
|switch|p1a: Gliscor|Gliscor, M|309/354 tox
|move|p2a: Breloom|Swords Dance|p2a: Breloom
|-boost|p2a: Breloom|atk|2
|
|-weather|RainDance|[upkeep]
|-heal|p1a: Gliscor|353/354 tox|[from] ability: Poison Heal
|-damage|p2a: Breloom|80/262 tox|[from] psn
|turn|23
|
|move|p1a: Gliscor|Protect|p1a: Gliscor
|-singleturn|p1a: Gliscor|Protect
|move|p2a: Breloom|Bullet Seed|p1a: Gliscor
|-activate|p1a: Gliscor|Protect
|
|-weather|RainDance|[upkeep]
|-heal|p1a: Gliscor|354/354 tox|[from] ability: Poison Heal
|-damage|p2a: Breloom|32/262 tox|[from] psn
|turn|24
|
|move|p1a: Gliscor|Substitute|p1a: Gliscor
|-start|p1a: Gliscor|Substitute
|-damage|p1a: Gliscor|266/354 tox
|move|p2a: Breloom|Bullet Seed|p1a: Gliscor
|-activate|p1a: Gliscor|Substitute|[damage]
|-end|p1a: Gliscor|Substitute
|-damage|p1a: Gliscor|181/354 tox
|-damage|p1a: Gliscor|87/354 tox
|-hitcount|p1a: Gliscor|4
|
|-weather|RainDance|[upkeep]
|-heal|p1a: Gliscor|131/354 tox|[from] ability: Poison Heal
|-damage|p2a: Breloom|0 fnt|[from] psn
|faint|p2a: Breloom
|
|switch|p2a: Rotom-Wash|Rotom-Wash|196/241
|-damage|p2a: Rotom-Wash|166/241|[from] Stealth Rock
|turn|25
|
|move|p1a: Gliscor|Protect|p1a: Gliscor
|-singleturn|p1a: Gliscor|Protect
|move|p2a: Rotom-Wash|Hydro Pump|p1a: Gliscor
|-activate|p1a: Gliscor|Protect
|
|-weather|RainDance|[upkeep]
|-heal|p1a: Gliscor|175/354 tox|[from] ability: Poison Heal
|turn|26
|
|switch|p1a: Tentacruel|Tentacruel, F|235/364
|move|p2a: Rotom-Wash|Hydro Pump|p1a: Tentacruel
|-resisted|p1a: Tentacruel
|-damage|p1a: Tentacruel|133/364
|
|-weather|RainDance|[upkeep]
|-heal|p1a: Tentacruel|155/364|[from] ability: Rain Dish
|-heal|p1a: Tentacruel|177/364|[from] item: Black Sludge
|turn|27
|
|switch|p2a: Tyranitar|Tyranitar, F|354/404 brn
|-damage|p2a: Tyranitar|304/404 brn|[from] Stealth Rock
|-weather|Sandstorm|[from] ability: Sand Stream|[of] p2a: Tyranitar
|move|p1a: Tentacruel|Toxic|p2a: Tyranitar
|-fail|p2a: Tyranitar
|
|-weather|Sandstorm|[upkeep]
|-damage|p1a: Tentacruel|155/364|[from] sandstorm
|-heal|p1a: Tentacruel|177/364|[from] item: Black Sludge
|-heal|p2a: Tyranitar|329/404 brn|[from] item: Leftovers
|-damage|p2a: Tyranitar|279/404 brn|[from] brn
|turn|28
|
|switch|p2a: Rotom-Wash|Rotom-Wash|166/241
|-damage|p2a: Rotom-Wash|136/241|[from] Stealth Rock
|move|p1a: Tentacruel|Toxic|p2a: Rotom-Wash
|-status|p2a: Rotom-Wash|tox
|
|-weather|Sandstorm|[upkeep]
|-damage|p2a: Rotom-Wash|121/241 tox|[from] sandstorm
|-damage|p1a: Tentacruel|155/364|[from] sandstorm
|-heal|p1a: Tentacruel|177/364|[from] item: Black Sludge
|-damage|p2a: Rotom-Wash|106/241 tox|[from] psn
|turn|29
|
|move|p1a: Tentacruel|Protect|p1a: Tentacruel
|-singleturn|p1a: Tentacruel|Protect
|move|p2a: Rotom-Wash|Trick|p1a: Tentacruel
|-activate|p1a: Tentacruel|Protect
|
|-weather|Sandstorm|[upkeep]
|-damage|p2a: Rotom-Wash|91/241 tox|[from] sandstorm
|-damage|p1a: Tentacruel|155/364|[from] sandstorm
|-heal|p1a: Tentacruel|177/364|[from] item: Black Sludge
|-damage|p2a: Rotom-Wash|61/241 tox|[from] psn
|turn|30
|
|switch|p2a: Landorus-Therian|Landorus-Therian, M|381/381
|-damage|p2a: Landorus-Therian|334/381|[from] Stealth Rock
|-ability|p2a: Landorus-Therian|Intimidate|[of] p1a: Tentacruel
|-unboost|p1a: Tentacruel|atk|1
|switch|p1a: Rotom-Wash|Rotom-Wash|304/304
|
|-weather|Sandstorm|[upkeep]
|-damage|p1a: Rotom-Wash|285/304|[from] sandstorm
|-heal|p2a: Landorus-Therian|357/381|[from] item: Leftovers
|-heal|p1a: Rotom-Wash|304/304|[from] item: Leftovers
|turn|31
|
|switch|p2a: Rotom-Wash|Rotom-Wash|61/241 tox
|-damage|p2a: Rotom-Wash|31/241 tox|[from] Stealth Rock
|move|p1a: Rotom-Wash|Volt Switch|p2a: Rotom-Wash
|-damage|p2a: Rotom-Wash|0 fnt
|faint|p2a: Rotom-Wash
|
|switch|p1a: Gliscor|Gliscor, M|175/354 tox
|
|-weather|Sandstorm|[upkeep]
|-heal|p1a: Gliscor|219/354 tox|[from] ability: Poison Heal
|
|switch|p2a: Terrakion|Terrakion|323/323
|-damage|p2a: Terrakion|303/323|[from] Stealth Rock
|turn|32
|
|move|p1a: Gliscor|Protect|p1a: Gliscor
|-singleturn|p1a: Gliscor|Protect
|move|p2a: Terrakion|Stone Edge|p1a: Gliscor
|-activate|p1a: Gliscor|Protect
|
|-weather|Sandstorm|[upkeep]
|-heal|p1a: Gliscor|263/354 tox|[from] ability: Poison Heal
|turn|33
|
|switch|p1a: Politoed|Politoed, F|384/384
|-weather|RainDance|[from] ability: Drizzle|[of] p1a: Politoed
|move|p2a: Terrakion|Stone Edge|p1a: Politoed
|-damage|p1a: Politoed|110/384
|
|-weather|RainDance|[upkeep]
|-heal|p1a: Politoed|134/384|[from] item: Leftovers
|turn|34
|
|move|p1a: Politoed|Protect|p1a: Politoed
|-singleturn|p1a: Politoed|Protect
|move|p2a: Terrakion|Stone Edge|p1a: Politoed
|-activate|p1a: Politoed|Protect
|
|-weather|RainDance|[upkeep]
|-heal|p1a: Politoed|158/384|[from] item: Leftovers
|turn|35
|
|switch|p1a: Tentacruel|Tentacruel, F|177/364
|move|p2a: Terrakion|Stone Edge|p1a: Tentacruel
|-damage|p1a: Tentacruel|0 fnt
|faint|p1a: Tentacruel
|
|-weather|RainDance|[upkeep]
|
|switch|p1a: Tornadus|Tornadus, M|51/299
|turn|36
|
|move|p1a: Tornadus|Hurricane|p2a: Terrakion
|-damage|p2a: Terrakion|0 fnt
|faint|p2a: Terrakion
|
|-weather|RainDance|[upkeep]
|
|switch|p2a: Tyranitar|Tyranitar, F|279/404 brn
|-damage|p2a: Tyranitar|229/404 brn|[from] Stealth Rock
|-weather|Sandstorm|[from] ability: Sand Stream|[of] p2a: Tyranitar
|turn|37
|
|switch|p1a: Politoed|Politoed, F|158/384
|-weather|RainDance|[from] ability: Drizzle|[of] p1a: Politoed
|move|p2a: Tyranitar|Stealth Rock|p1a: Politoed
|-sidestart|p1: ALnlef|move: Stealth Rock
|
|-weather|RainDance|[upkeep]
|-heal|p1a: Politoed|182/384|[from] item: Leftovers
|-heal|p2a: Tyranitar|254/404 brn|[from] item: Leftovers
|-damage|p2a: Tyranitar|204/404 brn|[from] brn
|turn|38
|
|move|p1a: Politoed|Scald|p2a: Tyranitar
|-supereffective|p2a: Tyranitar
|-damage|p2a: Tyranitar|16/404 brn
|move|p2a: Tyranitar|Stone Edge|p1a: Politoed
|-damage|p1a: Politoed|109/384
|
|-weather|RainDance|[upkeep]
|-heal|p1a: Politoed|133/384|[from] item: Leftovers
|-heal|p2a: Tyranitar|41/404 brn|[from] item: Leftovers
|-damage|p2a: Tyranitar|0 fnt|[from] brn
|faint|p2a: Tyranitar
|
|switch|p2a: Landorus-Therian|Landorus-Therian, M|357/381
|-damage|p2a: Landorus-Therian|310/381|[from] Stealth Rock
|-ability|p2a: Landorus-Therian|Intimidate|[of] p1a: Politoed
|-unboost|p1a: Politoed|atk|1
|turn|39
|
|move|p2a: Landorus-Therian|Rock Polish|p2a: Landorus-Therian
|-boost|p2a: Landorus-Therian|spe|2
|move|p1a: Politoed|Perish Song|p1a: Politoed
|-fieldactivate|move: Perish Song
|
|-start|p2a: Landorus-Therian|perish3
|-start|p1a: Politoed|perish3
|-weather|RainDance|[upkeep]
|-heal|p2a: Landorus-Therian|333/381|[from] item: Leftovers
|-heal|p1a: Politoed|157/384|[from] item: Leftovers
|turn|40
|chat|ALnlef|Gg^^
|-message|ParkLife forfeited.
|
|win|ALnlef
|raw|Ladder updating...
|raw|ALnlef's rating: 1274 &rarr; <strong>1307</strong><br />(+33 for winning)
|raw|ParkLife's rating: 1385 &rarr; <strong>1358</strong><br />(-27 for losing)
|leave|ParkLife
|player|p2