|j|☆LeafStoned
|j|☆the great gazump
|t:|1702685100
|gametype|singles
|player|p1|LeafStoned|mars|1356
|player|p2|the great gazump|2|1525
|teamsize|p1|6
|teamsize|p2|6
|gen|5
|tier|[Gen 5] OU
|rated|
|rule|Species Clause: Limit one of each Pokémon
|rule|OHKO Clause: OHKO moves are banned
|rule|Moody Clause: Moody is banned
|rule|Evasion Items Clause: Evasion items are banned
|rule|Evasion Moves Clause: Evasion moves are banned
|rule|Endless Battle Clause: Forcing endless battles is banned
|rule|HP Percentage Mod: HP is shown in percentages
|rule|Evasion Abilities Clause: Evasion abilities are banned
|rule|Sleep Moves Clause: Sleep-inducing moves are banned
|rule|Swagger Clause: Swagger is banned
|rule|Baton Pass Stat Clause: No Baton Passer may have a way to boost its stats
|clearpoke
|poke|p1|Chansey, F|item
|poke|p1|Slowbro, M|item
|poke|p1|Xatu, M|item
|poke|p1|Donphan, F|item
|poke|p1|Scizor, M|item
|poke|p1|Rotom-Wash|item
|poke|p2|Tyranitar, F|item
|poke|p2|Landorus-Therian, M|item
|poke|p2|Excadrill, F|item
|poke|p2|Celebi|item
|poke|p2|Keldeo|item
|poke|p2|Scizor, F|item
|teampreview
|inactive|Battle timer is ON: inactive players will automatically lose when time's up. (requested by the great gazump)
|
|t:|1702685126
|start
|switch|p1a: Scizor|Scizor, M|100/100
|switch|p2a: Landorus|Landorus-Therian, M|100/100
|-ability|p2a: Landorus|Intimidate|boost
|-unboost|p1a: Scizor|atk|1
|turn|1
|
|t:|1702685131
|move|p2a: Landorus|U-turn|p1a: Scizor
|-resisted|p1a: Scizor
|-damage|p1a: Scizor|92/100
|j| sixsevn
|
|t:|1702685138
|switch|p2a: Excadrill|Excadrill, F|100/100|[from] U-turn
|move|p1a: Scizor|Swords Dance|p1a: Scizor
|-boost|p1a: Scizor|atk|2
|
|upkeep
|turn|2
|
|t:|1702685146
|switch|p2a: Landorus|Landorus-Therian, M|100/100
|-ability|p2a: Landorus|Intimidate|boost
|-unboost|p1a: Scizor|atk|1
|move|p1a: Scizor|Superpower|p2a: Landorus
|-resisted|p2a: Landorus
|-damage|p2a: Landorus|78/100
|-unboost|p1a: Scizor|atk|1
|-unboost|p1a: Scizor|def|1
|-damage|p1a: Scizor|82/100|[from] item: Life Orb
|
|-heal|p2a: Landorus|84/100|[from] item: Leftovers
|upkeep
|turn|3
|
|t:|1702685153
|switch|p1a: Xatu|Xatu, M|100/100
|move|p2a: Landorus|Earthquake|p1a: Xatu
|-immune|p1a: Xatu
|
|-heal|p2a: Landorus|90/100|[from] item: Leftovers
|upkeep
|turn|4
|
|t:|1702685160
|move|p2a: Landorus|U-turn|p1a: Xatu
|-damage|p1a: Xatu|80/100
|
|t:|1702685163
|switch|p2a: Tyranitar|Tyranitar, F|100/100|[from] U-turn
|-weather|Sandstorm|[from] ability: Sand Stream|[of] p2a: Tyranitar
|move|p1a: Xatu|U-turn|p2a: Tyranitar
|-supereffective|p2a: Tyranitar
|-damage|p2a: Tyranitar|81/100
|
|t:|1702685166
|switch|p1a: Scizor|Scizor, M|82/100|[from] U-turn
|
|-weather|Sandstorm|[upkeep]
|upkeep
|turn|5
|
|t:|1702685172
|switch|p2a: Landorus|Landorus-Therian, M|90/100
|-ability|p2a: Landorus|Intimidate|boost
|-unboost|p1a: Scizor|atk|1
|move|p1a: Scizor|Swords Dance|p1a: Scizor
|-boost|p1a: Scizor|atk|2
|
|-weather|Sandstorm|[upkeep]
|-heal|p2a: Landorus|96/100|[from] item: Leftovers
|upkeep
|turn|6
|
|t:|1702685178
|move|p2a: Landorus|Earthquake|p1a: Scizor
|-damage|p1a: Scizor|49/100
|move|p1a: Scizor|Swords Dance|p1a: Scizor
|-boost|p1a: Scizor|atk|2
|
|-weather|Sandstorm|[upkeep]
|-heal|p2a: Landorus|100/100|[from] item: Leftovers
|upkeep
|turn|7
|
|t:|1702685181
|move|p2a: Landorus|Earthquake|p1a: Scizor
|-damage|p1a: Scizor|10/100
|move|p1a: Scizor|Roost|p1a: Scizor
|-heal|p1a: Scizor|61/100
|-singleturn|p1a: Scizor|move: Roost
|
|-weather|Sandstorm|[upkeep]
|upkeep
|turn|8
|
|t:|1702685187
|move|p2a: Landorus|Earthquake|p1a: Scizor
|-damage|p1a: Scizor|25/100
|move|p1a: Scizor|Roost|p1a: Scizor
|-heal|p1a: Scizor|75/100
|-singleturn|p1a: Scizor|move: Roost
|
|-weather|Sandstorm|[upkeep]
|upkeep
|turn|9
|
|t:|1702685189
|move|p1a: Scizor|Bullet Punch|p2a: Landorus
|-crit|p2a: Landorus
|-damage|p2a: Landorus|0 fnt
|faint|p2a: Landorus
|-damage|p1a: Scizor|66/100|[from] item: Life Orb
|
|-weather|Sandstorm|[upkeep]
|upkeep
|
|t:|1702685193
|switch|p2a: Excadrill|Excadrill, F|100/100
|turn|10
|
|t:|1702685197
|move|p1a: Scizor|Bullet Punch|p2a: Excadrill
|-resisted|p2a: Excadrill
|-damage|p2a: Excadrill|41/100
|-damage|p1a: Scizor|56/100|[from] item: Life Orb
|move|p2a: Excadrill|Earthquake|p1a: Scizor
|-damage|p1a: Scizor|8/100
|
|-weather|Sandstorm|[upkeep]
|-heal|p2a: Excadrill|47/100|[from] item: Leftovers
|upkeep
|turn|11
|
|t:|1702685204
|move|p1a: Scizor|Bullet Punch|p2a: Excadrill
|-resisted|p2a: Excadrill
|-damage|p2a: Excadrill|0 fnt
|faint|p2a: Excadrill
|-damage|p1a: Scizor|0 fnt|[from] item: Life Orb
|faint|p1a: Scizor
|
|-weather|Sandstorm|[upkeep]
|upkeep
|
|t:|1702685213
|switch|p2a: Celebi|Celebi|100/100
|switch|p1a: Slowbro|Slowbro, M|100/100
|turn|12
|
|t:|1702685218
|switch|p1a: Xatu|Xatu, M|80/100
|move|p2a: Celebi|Stealth Rock|p1a: Xatu
|move|p1a: Xatu|Stealth Rock|p2a: Celebi|[from]ability: Magic Bounce
|-sidestart|p2: the great gazump|move: Stealth Rock
|
|-weather|Sandstorm|[upkeep]
|-damage|p2a: Celebi|94/100|[from] Sandstorm
|-damage|p1a: Xatu|74/100|[from] Sandstorm
|-heal|p2a: Celebi|100/100|[from] item: Leftovers
|-heal|p1a: Xatu|80/100|[from] item: Leftovers
|upkeep
|turn|13
|
|t:|1702685224
|move|p2a: Celebi|Psychic|p1a: Xatu
|-resisted|p1a: Xatu
|-damage|p1a: Xatu|60/100
|move|p1a: Xatu|Thunder Wave|p2a: Celebi
|-status|p2a: Celebi|par
|
|-weather|Sandstorm|[upkeep]
|-damage|p1a: Xatu|54/100|[from] Sandstorm
|-damage|p2a: Celebi|94/100 par|[from] Sandstorm
|-heal|p1a: Xatu|60/100|[from] item: Leftovers
|-heal|p2a: Celebi|100/100 par|[from] item: Leftovers
|upkeep
|turn|14
|j| BookofConke
|
|t:|1702685229
|move|p1a: Xatu|Roost|p1a: Xatu
|-heal|p1a: Xatu|100/100
|-singleturn|p1a: Xatu|move: Roost
|move|p2a: Celebi|Psychic|p1a: Xatu
|-resisted|p1a: Xatu
|-damage|p1a: Xatu|81/100
|
|-weather|Sandstorm|[upkeep]
|-damage|p1a: Xatu|75/100|[from] Sandstorm
|-damage|p2a: Celebi|94/100 par|[from] Sandstorm
|-heal|p1a: Xatu|81/100|[from] item: Leftovers
|-heal|p2a: Celebi|100/100 par|[from] item: Leftovers
|upkeep
|turn|15
|
|t:|1702685235
|move|p1a: Xatu|U-turn|p2a: Celebi
|-supereffective|p2a: Celebi
|-damage|p2a: Celebi|53/100 par
|
|t:|1702685243
|switch|p1a: Rotom|Rotom-Wash|100/100|[from] U-turn
|move|p2a: Celebi|Stealth Rock|p1a: Rotom
|-sidestart|p1: LeafStoned|move: Stealth Rock
|
|-weather|Sandstorm|[upkeep]
|-damage|p1a: Rotom|94/100|[from] Sandstorm
|-damage|p2a: Celebi|47/100 par|[from] Sandstorm
|-heal|p2a: Celebi|53/100 par|[from] item: Leftovers
|upkeep
|turn|16
|
|t:|1702685248
|move|p1a: Rotom|Volt Switch|p2a: Celebi
|-resisted|p2a: Celebi
|-damage|p2a: Celebi|42/100 par
|
|t:|1702685251
|switch|p1a: Donphan|Donphan, F|100/100|[from] Volt Switch
|-damage|p1a: Donphan|94/100|[from] Stealth Rock
|cant|p2a: Celebi|par
|
|-weather|Sandstorm|[upkeep]
|-damage|p2a: Celebi|36/100 par|[from] Sandstorm
|-heal|p1a: Donphan|100/100|[from] item: Leftovers
|-heal|p2a: Celebi|42/100 par|[from] item: Leftovers
|upkeep
|turn|17
|
|t:|1702685255
|move|p1a: Donphan|Rapid Spin|p2a: Celebi
|-damage|p2a: Celebi|38/100 par
|-sideend|p1: LeafStoned|Stealth Rock|[from] move: Rapid Spin|[of] p1a: Donphan
|cant|p2a: Celebi|par
|
|-weather|Sandstorm|[upkeep]
|-damage|p2a: Celebi|31/100 par|[from] Sandstorm
|-heal|p2a: Celebi|38/100 par|[from] item: Leftovers
|upkeep
|turn|18
|
|t:|1702685261
|switch|p1a: Xatu|Xatu, M|81/100
|move|p2a: Celebi|Recover|p2a: Celebi
|-heal|p2a: Celebi|88/100 par
|
|-weather|Sandstorm|[upkeep]
|-damage|p1a: Xatu|75/100|[from] Sandstorm
|-damage|p2a: Celebi|81/100 par|[from] Sandstorm
|-heal|p1a: Xatu|81/100|[from] item: Leftovers
|-heal|p2a: Celebi|88/100 par|[from] item: Leftovers
|upkeep
|turn|19
|
|t:|1702685265
|move|p1a: Xatu|Night Shade|p2a: Celebi
|-damage|p2a: Celebi|63/100 par
|move|p2a: Celebi|Recover|p2a: Celebi
|-heal|p2a: Celebi|100/100 par
|
|-weather|Sandstorm|[upkeep]
|-damage|p1a: Xatu|75/100|[from] Sandstorm
|-damage|p2a: Celebi|94/100 par|[from] Sandstorm
|-heal|p1a: Xatu|81/100|[from] item: Leftovers
|-heal|p2a: Celebi|100/100 par|[from] item: Leftovers
|upkeep
|turn|20
|
|t:|1702685269
|move|p1a: Xatu|Night Shade|p2a: Celebi
|-damage|p2a: Celebi|76/100 par
|move|p2a: Celebi|Baton Pass|p2a: Celebi
|
|t:|1702685275
|-curestatus|p2a: Celebi|par|[from] ability: Natural Cure
|switch|p2a: Scizor|Scizor, F|100/100|[from] Baton Pass
|-damage|p2a: Scizor|88/100|[from] Stealth Rock
|
|-weather|Sandstorm|[upkeep]
|-damage|p1a: Xatu|75/100|[from] Sandstorm
|-heal|p1a: Xatu|81/100|[from] item: Leftovers
|upkeep
|turn|21
|
|t:|1702685280
|move|p1a: Xatu|Thunder Wave|p2a: Scizor
|-status|p2a: Scizor|par
|move|p2a: Scizor|U-turn|p1a: Xatu
|-damage|p1a: Xatu|24/100
|
|t:|1702685285
|switch|p2a: Keldeo|Keldeo|100/100|[from] U-turn
|-damage|p2a: Keldeo|94/100|[from] Stealth Rock
|
|-weather|Sandstorm|[upkeep]
|-damage|p2a: Keldeo|88/100|[from] Sandstorm
|-damage|p1a: Xatu|18/100|[from] Sandstorm
|-heal|p2a: Keldeo|94/100|[from] item: Leftovers
|-heal|p1a: Xatu|24/100|[from] item: Leftovers
|upkeep
|turn|22
|
|t:|1702685287
|move|p2a: Keldeo|Scald|p1a: Xatu
|-damage|p1a: Xatu|0 fnt
|faint|p1a: Xatu
|
|-weather|Sandstorm|[upkeep]
|-damage|p2a: Keldeo|88/100|[from] Sandstorm
|-heal|p2a: Keldeo|94/100|[from] item: Leftovers
|upkeep
|
|t:|1702685291
|switch|p1a: Rotom|Rotom-Wash|94/100
|turn|23
|
|t:|1702685294
|move|p2a: Keldeo|Protect|p2a: Keldeo
|-singleturn|p2a: Keldeo|Protect
|move|p1a: Rotom|Will-O-Wisp|p2a: Keldeo
|-activate|p2a: Keldeo|move: Protect
|
|-weather|Sandstorm|[upkeep]
|-damage|p1a: Rotom|88/100|[from] Sandstorm
|-damage|p2a: Keldeo|88/100|[from] Sandstorm
|-heal|p2a: Keldeo|94/100|[from] item: Leftovers
|upkeep
|turn|24
|
|t:|1702685298
|switch|p2a: Celebi|Celebi|76/100
|-damage|p2a: Celebi|63/100|[from] Stealth Rock
|move|p1a: Rotom|Will-O-Wisp|p2a: Celebi
|-status|p2a: Celebi|brn
|
|-weather|Sandstorm|[upkeep]
|-damage|p1a: Rotom|82/100|[from] Sandstorm
|-damage|p2a: Celebi|57/100 brn|[from] Sandstorm
|-heal|p2a: Celebi|63/100 brn|[from] item: Leftovers
|-damage|p2a: Celebi|51/100 brn|[from] brn
|upkeep
|turn|25
|
|t:|1702685308
|switch|p1a: Chansey|Chansey, F|100/100
|move|p2a: Celebi|Recover|p2a: Celebi
|-heal|p2a: Celebi|100/100 brn
|
|-weather|Sandstorm|[upkeep]
|-damage|p2a: Celebi|94/100 brn|[from] Sandstorm
|-damage|p1a: Chansey|94/100|[from] Sandstorm
|-heal|p2a: Celebi|100/100 brn|[from] item: Leftovers
|-damage|p2a: Celebi|88/100 brn|[from] brn
|upkeep
|turn|26
|
|t:|1702685313
|move|p2a: Celebi|Stealth Rock|p1a: Chansey
|-sidestart|p1: LeafStoned|move: Stealth Rock
|move|p1a: Chansey|Thunder Wave||[still]
|-fail|p1a: Chansey
|
|-weather|Sandstorm|[upkeep]
|-damage|p2a: Celebi|82/100 brn|[from] Sandstorm
|-damage|p1a: Chansey|88/100|[from] Sandstorm
|-heal|p2a: Celebi|88/100 brn|[from] item: Leftovers
|-damage|p2a: Celebi|76/100 brn|[from] brn
|upkeep
|turn|27
|
|t:|1702685327
|move|p2a: Celebi|Recover|p2a: Celebi
|-heal|p2a: Celebi|100/100 brn
|move|p1a: Chansey|Seismic Toss|p2a: Celebi
|-damage|p2a: Celebi|76/100 brn
|
|-weather|Sandstorm|[upkeep]
|-damage|p2a: Celebi|70/100 brn|[from] Sandstorm
|-damage|p1a: Chansey|82/100|[from] Sandstorm
|-heal|p2a: Celebi|76/100 brn|[from] item: Leftovers
|-damage|p2a: Celebi|63/100 brn|[from] brn
|upkeep
|turn|28
|
|t:|1702685330
|move|p2a: Celebi|Recover|p2a: Celebi
|-heal|p2a: Celebi|100/100 brn
|move|p1a: Chansey|Seismic Toss|p2a: Celebi
|-damage|p2a: Celebi|76/100 brn
|
|-weather|Sandstorm|[upkeep]
|-damage|p2a: Celebi|70/100 brn|[from] Sandstorm
|-damage|p1a: Chansey|76/100|[from] Sandstorm
|-heal|p2a: Celebi|76/100 brn|[from] item: Leftovers
|-damage|p2a: Celebi|63/100 brn|[from] brn
|upkeep
|turn|29
|
|t:|1702685334
|move|p2a: Celebi|Recover|p2a: Celebi
|-heal|p2a: Celebi|100/100 brn
|move|p1a: Chansey|Seismic Toss|p2a: Celebi
|-damage|p2a: Celebi|76/100 brn
|
|-weather|Sandstorm|[upkeep]
|-damage|p2a: Celebi|70/100 brn|[from] Sandstorm
|-damage|p1a: Chansey|70/100|[from] Sandstorm
|-heal|p2a: Celebi|76/100 brn|[from] item: Leftovers
|-damage|p2a: Celebi|63/100 brn|[from] brn
|upkeep
|turn|30
|
|t:|1702685337
|move|p2a: Celebi|Recover|p2a: Celebi
|-heal|p2a: Celebi|100/100 brn
|move|p1a: Chansey|Seismic Toss|p2a: Celebi
|-damage|p2a: Celebi|76/100 brn
|
|-weather|Sandstorm|[upkeep]
|-damage|p2a: Celebi|70/100 brn|[from] Sandstorm
|-damage|p1a: Chansey|64/100|[from] Sandstorm
|-heal|p2a: Celebi|76/100 brn|[from] item: Leftovers
|-damage|p2a: Celebi|63/100 brn|[from] brn
|upkeep
|turn|31
|
|t:|1702685341
|move|p2a: Celebi|Baton Pass|p2a: Celebi
|
|t:|1702685342
|-curestatus|p2a: Celebi|brn|[from] ability: Natural Cure
|switch|p2a: Scizor|Scizor, F|88/100 par|[from] Baton Pass
|-damage|p2a: Scizor|76/100 par|[from] Stealth Rock
|move|p1a: Chansey|Seismic Toss|p2a: Scizor
|-damage|p2a: Scizor|47/100 par
|
|-weather|Sandstorm|[upkeep]
|-damage|p1a: Chansey|58/100|[from] Sandstorm
|upkeep
|turn|32
|
|t:|1702685348
|switch|p1a: Donphan|Donphan, F|100/100
|-damage|p1a: Donphan|94/100|[from] Stealth Rock
|move|p2a: Scizor|Superpower|p1a: Donphan
|-damage|p1a: Donphan|59/100
|-unboost|p2a: Scizor|atk|1
|-unboost|p2a: Scizor|def|1
|
|-weather|Sandstorm|[upkeep]
|-heal|p1a: Donphan|66/100|[from] item: Leftovers
|upkeep
|turn|33
|
|t:|1702685356
|switch|p2a: Keldeo|Keldeo|94/100
|-damage|p2a: Keldeo|88/100|[from] Stealth Rock
|move|p1a: Donphan|Rapid Spin|p2a: Keldeo
|-damage|p2a: Keldeo|82/100
|-sideend|p1: LeafStoned|Stealth Rock|[from] move: Rapid Spin|[of] p1a: Donphan
|
|-weather|Sandstorm|[upkeep]
|-damage|p2a: Keldeo|75/100|[from] Sandstorm
|-heal|p2a: Keldeo|82/100|[from] item: Leftovers
|-heal|p1a: Donphan|72/100|[from] item: Leftovers
|upkeep
|turn|34
|
|t:|1702685364
|switch|p1a: Slowbro|Slowbro, M|100/100
|move|p2a: Keldeo|Scald|p1a: Slowbro
|-resisted|p1a: Slowbro
|-damage|p1a: Slowbro|80/100
|
|-weather|Sandstorm|[upkeep]
|-damage|p2a: Keldeo|75/100|[from] Sandstorm
|-damage|p1a: Slowbro|74/100|[from] Sandstorm
|-heal|p2a: Keldeo|82/100|[from] item: Leftovers
|upkeep
|turn|35
|
|t:|1702685368
|move|p2a: Keldeo|Protect|p2a: Keldeo
|-singleturn|p2a: Keldeo|Protect
|move|p1a: Slowbro|Scald|p2a: Keldeo
|-activate|p2a: Keldeo|move: Protect
|
|-weather|Sandstorm|[upkeep]
|-damage|p2a: Keldeo|75/100|[from] Sandstorm
|-damage|p1a: Slowbro|68/100|[from] Sandstorm
|-heal|p2a: Keldeo|82/100|[from] item: Leftovers
|upkeep
|turn|36
|
|t:|1702685371
|switch|p2a: Celebi|Celebi|63/100
|-damage|p2a: Celebi|51/100|[from] Stealth Rock
|move|p1a: Slowbro|Scald|p2a: Celebi
|-resisted|p2a: Celebi
|-damage|p2a: Celebi|42/100
|-status|p2a: Celebi|brn
|
|-weather|Sandstorm|[upkeep]
|-damage|p2a: Celebi|35/100 brn|[from] Sandstorm
|-damage|p1a: Slowbro|62/100|[from] Sandstorm
|-heal|p2a: Celebi|42/100 brn|[from] item: Leftovers
|-damage|p2a: Celebi|29/100 brn|[from] brn
|upkeep
|turn|37
|
|t:|1702685374
|move|p2a: Celebi|Recover|p2a: Celebi
|-heal|p2a: Celebi|79/100 brn
|move|p1a: Slowbro|Ice Beam|p2a: Celebi
|-supereffective|p2a: Celebi
|-damage|p2a: Celebi|51/100 brn
|
|-weather|Sandstorm|[upkeep]
|-damage|p2a: Celebi|45/100 brn|[from] Sandstorm
|-damage|p1a: Slowbro|55/100|[from] Sandstorm
|-heal|p2a: Celebi|51/100 brn|[from] item: Leftovers
|-damage|p2a: Celebi|39/100 brn|[from] brn
|upkeep
|turn|38
|
|t:|1702685378
|move|p2a: Celebi|Recover|p2a: Celebi
|-heal|p2a: Celebi|89/100 brn
|move|p1a: Slowbro|Slack Off|p1a: Slowbro
|-heal|p1a: Slowbro|100/100
|
|-weather|Sandstorm|[upkeep]
|-damage|p2a: Celebi|83/100 brn|[from] Sandstorm
|-damage|p1a: Slowbro|94/100|[from] Sandstorm
|-heal|p2a: Celebi|89/100 brn|[from] item: Leftovers
|-damage|p2a: Celebi|77/100 brn|[from] brn
|upkeep
|turn|39
|
|t:|1702685381
|move|p2a: Celebi|Stealth Rock|p1a: Slowbro
|-sidestart|p1: LeafStoned|move: Stealth Rock
|move|p1a: Slowbro|Scald|p2a: Celebi
|-resisted|p2a: Celebi
|-damage|p2a: Celebi|67/100 brn
|
|-weather|Sandstorm|[upkeep]
|-damage|p2a: Celebi|61/100 brn|[from] Sandstorm
|-damage|p1a: Slowbro|88/100|[from] Sandstorm
|-heal|p2a: Celebi|67/100 brn|[from] item: Leftovers
|-damage|p2a: Celebi|55/100 brn|[from] brn
|upkeep
|turn|40
|
|t:|1702685384
|move|p2a: Celebi|Psychic|p1a: Slowbro
|-resisted|p1a: Slowbro
|-damage|p1a: Slowbro|71/100
|move|p1a: Slowbro|Flamethrower|p2a: Celebi
|-supereffective|p2a: Celebi
|-damage|p2a: Celebi|25/100 brn
|
|-weather|Sandstorm|[upkeep]
|-damage|p2a: Celebi|19/100 brn|[from] Sandstorm
|-damage|p1a: Slowbro|65/100|[from] Sandstorm
|-heal|p2a: Celebi|25/100 brn|[from] item: Leftovers
|-damage|p2a: Celebi|13/100 brn|[from] brn
|upkeep
|turn|41
|
|t:|1702685388
|move|p2a: Celebi|Recover|p2a: Celebi
|-heal|p2a: Celebi|63/100 brn
|move|p1a: Slowbro|Slack Off|p1a: Slowbro
|-heal|p1a: Slowbro|100/100
|
|-weather|Sandstorm|[upkeep]
|-damage|p2a: Celebi|57/100 brn|[from] Sandstorm
|-damage|p1a: Slowbro|94/100|[from] Sandstorm
|-heal|p2a: Celebi|63/100 brn|[from] item: Leftovers
|-damage|p2a: Celebi|51/100 brn|[from] brn
|upkeep
|turn|42
|
|t:|1702685391
|move|p2a: Celebi|Recover|p2a: Celebi
|-heal|p2a: Celebi|100/100 brn
|move|p1a: Slowbro|Flamethrower|p2a: Celebi
|-supereffective|p2a: Celebi
|-damage|p2a: Celebi|70/100 brn
|
|-weather|Sandstorm|[upkeep]
|-damage|p2a: Celebi|64/100 brn|[from] Sandstorm
|-damage|p1a: Slowbro|88/100|[from] Sandstorm
|-heal|p2a: Celebi|70/100 brn|[from] item: Leftovers
|-damage|p2a: Celebi|58/100 brn|[from] brn
|upkeep
|turn|43
|
|t:|1702685395
|move|p2a: Celebi|Recover|p2a: Celebi
|-heal|p2a: Celebi|100/100 brn
|move|p1a: Slowbro|Flamethrower|p2a: Celebi
|-supereffective|p2a: Celebi
|-damage|p2a: Celebi|69/100 brn
|
|-weather|Sandstorm|[upkeep]
|-damage|p2a: Celebi|63/100 brn|[from] Sandstorm
|-damage|p1a: Slowbro|82/100|[from] Sandstorm
|-heal|p2a: Celebi|69/100 brn|[from] item: Leftovers
|-damage|p2a: Celebi|57/100 brn|[from] brn
|upkeep
|turn|44
|
|t:|1702685398
|move|p2a: Celebi|Recover|p2a: Celebi
|-heal|p2a: Celebi|100/100 brn
|move|p1a: Slowbro|Scald|p2a: Celebi
|-resisted|p2a: Celebi
|-damage|p2a: Celebi|92/100 brn
|
|-weather|Sandstorm|[upkeep]
|-damage|p2a: Celebi|86/100 brn|[from] Sandstorm
|-damage|p1a: Slowbro|76/100|[from] Sandstorm
|-heal|p2a: Celebi|92/100 brn|[from] item: Leftovers
|-damage|p2a: Celebi|80/100 brn|[from] brn
|upkeep
|turn|45
|
|t:|1702685401
|move|p2a: Celebi|Recover|p2a: Celebi
|-heal|p2a: Celebi|100/100 brn
|move|p1a: Slowbro|Ice Beam|p2a: Celebi
|-supereffective|p2a: Celebi
|-damage|p2a: Celebi|70/100 brn
|
|-weather|Sandstorm|[upkeep]
|-damage|p2a: Celebi|64/100 brn|[from] Sandstorm
|-damage|p1a: Slowbro|70/100|[from] Sandstorm
|-heal|p2a: Celebi|70/100 brn|[from] item: Leftovers
|-damage|p2a: Celebi|58/100 brn|[from] brn
|upkeep
|turn|46
|
|t:|1702685404
|-curestatus|p2a: Celebi|brn|[from] ability: Natural Cure
|switch|p2a: Tyranitar|Tyranitar, F|81/100
|-damage|p2a: Tyranitar|69/100|[from] Stealth Rock
|move|p1a: Slowbro|Flamethrower|p2a: Tyranitar
|-resisted|p2a: Tyranitar
|-damage|p2a: Tyranitar|63/100
|
|-weather|Sandstorm|[upkeep]
|-damage|p1a: Slowbro|64/100|[from] Sandstorm
|upkeep
|turn|47
|
|t:|1702685409
|move|p2a: Tyranitar|Pursuit|p1a: Slowbro
|-supereffective|p1a: Slowbro
|-damage|p1a: Slowbro|38/100
|-damage|p2a: Tyranitar|46/100|[from] item: Rocky Helmet|[of] p1a: Slowbro
|move|p1a: Slowbro|Scald|p2a: Tyranitar
|-supereffective|p2a: Tyranitar
|-damage|p2a: Tyranitar|20/100
|
|-weather|Sandstorm|[upkeep]
|-damage|p1a: Slowbro|32/100|[from] Sandstorm
|upkeep
|turn|48
|
|t:|1702685418
|move|p2a: Tyranitar|Crunch|p1a: Slowbro
|-supereffective|p1a: Slowbro
|-damage|p1a: Slowbro|0 fnt
|-damage|p2a: Tyranitar|3/100|[from] item: Rocky Helmet|[of] p1a: Slowbro
|faint|p1a: Slowbro
|
|-weather|Sandstorm|[upkeep]
|upkeep
|
|t:|1702685421
|switch|p1a: Donphan|Donphan, F|72/100
|-damage|p1a: Donphan|66/100|[from] Stealth Rock
|turn|49
|
|t:|1702685439
|move|p2a: Tyranitar|Crunch|p1a: Donphan
|-damage|p1a: Donphan|43/100
|move|p1a: Donphan|Rapid Spin|p2a: Tyranitar
|-resisted|p2a: Tyranitar
|-damage|p2a: Tyranitar|1/100
|-sideend|p1: LeafStoned|Stealth Rock|[from] move: Rapid Spin|[of] p1a: Donphan
|
|-weather|Sandstorm|[upkeep]
|-heal|p1a: Donphan|49/100|[from] item: Leftovers
|upkeep
|turn|50
|
|t:|1702685447
|switch|p1a: Rotom|Rotom-Wash|82/100
|move|p2a: Tyranitar|Crunch|p1a: Rotom
|-damage|p1a: Rotom|33/100
|
|-weather|Sandstorm|[upkeep]
|-damage|p1a: Rotom|27/100|[from] Sandstorm
|upkeep
|turn|51
|
|t:|1702685451
|move|p1a: Rotom|Volt Switch|p2a: Tyranitar
|-damage|p2a: Tyranitar|0 fnt
|faint|p2a: Tyranitar
|
|t:|1702685455
|switch|p1a: Chansey|Chansey, F|58/100|[from] Volt Switch
|
|-weather|Sandstorm|[upkeep]
|-damage|p1a: Chansey|52/100|[from] Sandstorm
|upkeep
|
|t:|1702685458
|switch|p2a: Keldeo|Keldeo|82/100
|-damage|p2a: Keldeo|75/100|[from] Stealth Rock
|turn|52
|
|t:|1702685460
|move|p2a: Keldeo|Secret Sword|p1a: Chansey
|-supereffective|p1a: Chansey
|-damage|p1a: Chansey|0 fnt
|faint|p1a: Chansey
|
|-weather|Sandstorm|[upkeep]
|-damage|p2a: Keldeo|69/100|[from] Sandstorm
|-heal|p2a: Keldeo|75/100|[from] item: Leftovers
|upkeep
|
|t:|1702685463
|switch|p1a: Rotom|Rotom-Wash|27/100
|turn|53
|
|t:|1702685466
|move|p2a: Keldeo|Protect|p2a: Keldeo
|-singleturn|p2a: Keldeo|Protect
|move|p1a: Rotom|Trick|p2a: Keldeo
|-activate|p2a: Keldeo|move: Protect
|
|-weather|Sandstorm|[upkeep]
|-damage|p1a: Rotom|21/100|[from] Sandstorm
|-damage|p2a: Keldeo|69/100|[from] Sandstorm
|-heal|p2a: Keldeo|75/100|[from] item: Leftovers
|upkeep
|turn|54
|
|t:|1702685471
|switch|p1a: Donphan|Donphan, F|49/100
|move|p2a: Keldeo|Scald|p1a: Donphan
|-supereffective|p1a: Donphan
|-damage|p1a: Donphan|0 fnt
|faint|p1a: Donphan
|
|-weather|Sandstorm|[upkeep]
|-damage|p2a: Keldeo|69/100|[from] Sandstorm
|-heal|p2a: Keldeo|75/100|[from] item: Leftovers
|upkeep
|
|t:|1702685476
|switch|p1a: Rotom|Rotom-Wash|21/100
|turn|55
|
|t:|1702685478
|move|p2a: Keldeo|Protect|p2a: Keldeo
|-singleturn|p2a: Keldeo|Protect
|move|p1a: Rotom|Volt Switch|p2a: Keldeo
|-activate|p2a: Keldeo|move: Protect
|
|-weather|Sandstorm|[upkeep]
|-damage|p1a: Rotom|15/100|[from] Sandstorm
|-damage|p2a: Keldeo|69/100|[from] Sandstorm
|-heal|p2a: Keldeo|75/100|[from] item: Leftovers
|upkeep
|turn|56
|
|t:|1702685487
|move|p1a: Rotom|Volt Switch|p2a: Keldeo
|-supereffective|p2a: Keldeo
|-damage|p2a: Keldeo|5/100
|move|p2a: Keldeo|Scald|p1a: Rotom
|-resisted|p1a: Rotom
|-crit|p1a: Rotom
|-damage|p1a: Rotom|0 fnt
|faint|p1a: Rotom
|
|win|the great gazump
|raw|LeafStoned's rating: 1356 &rarr; <strong>1345</strong><br />(-11 for losing)
|raw|the great gazump's rating: 1525 &rarr; <strong>1536</strong><br />(+11 for winning)
