|join|queefs
|join|samvab
|player|p1|queefs|276
|player|p2|samvab|126
|gametype|singles
|gen|5
|tier|[Gen 5] OU
|rated
|rule|Evasion Abilities Clause: Evasion abilities are banned
|clearpoke
|poke|p1|Dragonite, M, shiny
|poke|p1|Mamoswine, F
|poke|p1|Starmie, shiny
|poke|p1|Scizor, F
|poke|p1|Gengar, F, shiny
|poke|p1|Skarmory, M, shiny
|poke|p2|Rotom-Wash
|poke|p2|Scizor, M
|poke|p2|Celebi
|poke|p2|Jirachi
|poke|p2|Latios, M
|poke|p2|Hydreigon, F
|rule|Sleep Clause Mod: Limit one foe put to sleep
|rule|Species Clause: Limit one of each Pokemon
|rule|OHKO Clause: OHKO moves are banned
|rule|Moody Clause: Moody is banned
|rule|Evasion Moves Clause: Evasion moves are banned
|rule|Endless Battle Clause: Forcing endless battles is banned.
|rule|HP Percentage Mod: HP is reported as percentages
|teampreview
|
|start
|switch|p1a: Dragonite|Dragonite, M, shiny|324/324
|switch|p2a: Rotom-Wash|Rotom-Wash|299/299
|turn|1
|
|move|p2a: Rotom-Wash|Hidden Power|p1a: Dragonite
|-supereffective|p1a: Dragonite
|-damage|p1a: Dragonite|192/324
|move|p1a: Dragonite|Dragon Dance|p1a: Dragonite
|-boost|p1a: Dragonite|atk|1
|-boost|p1a: Dragonite|spe|1
|
|turn|2
|
|move|p1a: Dragonite|Dragon Claw|p2a: Rotom-Wash
|-damage|p2a: Rotom-Wash|58/299
|move|p2a: Rotom-Wash|Hidden Power|p1a: Dragonite
|-supereffective|p1a: Dragonite
|-damage|p1a: Dragonite|0 fnt
|faint|p1a: Dragonite
|
|-heal|p2a: Rotom-Wash|76/299|[from] item: Leftovers
|
|switch|p1a: Starmie|Starmie, shiny|262/262
|turn|3
|
|move|p1a: Starmie|Scald|p2a: Rotom-Wash
|-resisted|p2a: Rotom-Wash
|-damage|p2a: Rotom-Wash|0 fnt
|-damage|p1a: Starmie|236/262|[from] item: Life Orb
|faint|p2a: Rotom-Wash
|
|
|switch|p2a: Celebi|Celebi|404/404
|turn|4
|
|move|p1a: Starmie|Ice Beam|p2a: Celebi
|-supereffective|p2a: Celebi
|-damage|p2a: Celebi|209/404
|-damage|p1a: Starmie|210/262|[from] item: Life Orb
|move|p2a: Celebi|U-turn|p1a: Starmie
|-supereffective|p1a: Starmie
|-damage|p1a: Starmie|88/262
|
|switch|p2a: Scizor|Scizor, M|343/343
|
|turn|5
|
|move|p1a: Starmie|Thunder Wave|p2a: Scizor
|-status|p2a: Scizor|par
|move|p2a: Scizor|U-turn|p1a: Starmie
|-supereffective|p1a: Starmie
|-damage|p1a: Starmie|0 fnt
|faint|p1a: Starmie
|
|switch|p2a: Celebi|Celebi|209/404
|
|-heal|p2a: Celebi|234/404|[from] item: Leftovers
|
|switch|p1a: Mamoswine|Mamoswine, F|362/362
|turn|6
|
|move|p1a: Mamoswine|Icicle Crash|p2a: Celebi
|-supereffective|p2a: Celebi
|-damage|p2a: Celebi|0 fnt
|-damage|p1a: Mamoswine|326/362|[from] item: Life Orb
|faint|p2a: Celebi
|
|
|switch|p2a: Scizor|Scizor, M|343/343 par
|turn|7
|
|switch|p1a: Skarmory|Skarmory, M, shiny|327/327
|move|p2a: Scizor|Bullet Punch|p1a: Skarmory
|-resisted|p1a: Skarmory
|-damage|p1a: Skarmory|279/327
|
|turn|8
|
|switch|p2a: Hydreigon|Hydreigon, F|326/326
|move|p1a: Skarmory|Stealth Rock|p2a: Hydreigon
|-sidestart|p2: samvab|move: Stealth Rock
|
|turn|9
|
|move|p2a: Hydreigon|Fire Blast|p1a: Skarmory
|-supereffective|p1a: Skarmory
|-damage|p1a: Skarmory|0 fnt
|-damage|p2a: Hydreigon|294/326|[from] item: Life Orb
|faint|p1a: Skarmory
|
|
|switch|p1a: Mamoswine|Mamoswine, F|326/362
|turn|10
|
|switch|p2a: Jirachi|Jirachi|404/404
|-damage|p2a: Jirachi|379/404|[from] Stealth Rock
|move|p1a: Mamoswine|Ice Shard|p2a: Jirachi
|-resisted|p2a: Jirachi
|-damage|p2a: Jirachi|336/404
|-damage|p1a: Mamoswine|290/362|[from] item: Life Orb
|
|-heal|p2a: Jirachi|361/404|[from] item: Leftovers
|turn|11
|
|move|p2a: Jirachi|Protect|p2a: Jirachi
|-singleturn|p2a: Jirachi|Protect
|move|p1a: Mamoswine|Earthquake|p2a: Jirachi
|-activate|p2a: Jirachi|Protect
|
|-heal|p2a: Jirachi|386/404|[from] item: Leftovers
|turn|12
|
|move|p1a: Mamoswine|Earthquake|p2a: Jirachi
|-supereffective|p2a: Jirachi
|-damage|p2a: Jirachi|0 fnt
|-damage|p1a: Mamoswine|254/362|[from] item: Life Orb
|faint|p2a: Jirachi
|
|
|switch|p2a: Scizor|Scizor, M|343/343 par
|-damage|p2a: Scizor|301/343 par|[from] Stealth Rock
|turn|13
|
|switch|p1a: Scizor|Scizor, F|282/282
|move|p2a: Scizor|U-turn|p1a: Scizor
|-resisted|p1a: Scizor
|-damage|p1a: Scizor|186/282
|
|switch|p2a: Hydreigon|Hydreigon, F|294/326
|-damage|p2a: Hydreigon|254/326|[from] Stealth Rock
|
|turn|14
|
|move|p1a: Scizor|Bullet Punch|p2a: Hydreigon
|-damage|p2a: Hydreigon|101/326
|move|p2a: Hydreigon|Fire Blast|p1a: Scizor
|-supereffective|p1a: Scizor
|-damage|p1a: Scizor|0 fnt
|-damage|p2a: Hydreigon|69/326|[from] item: Life Orb
|faint|p1a: Scizor
|
|
|switch|p1a: Mamoswine|Mamoswine, F|254/362
|turn|15
|
|move|p2a: Hydreigon|Draco Meteor|p1a: Mamoswine|[miss]
|-miss|p2a: Hydreigon|p1a: Mamoswine
|move|p1a: Mamoswine|Superpower|p2a: Hydreigon
|-supereffective|p2a: Hydreigon
|-damage|p2a: Hydreigon|0 fnt
|-unboost|p1a: Mamoswine|atk|1
|-unboost|p1a: Mamoswine|def|1
|-damage|p1a: Mamoswine|218/362|[from] item: Life Orb
|faint|p2a: Hydreigon
|
|
|switch|p2a: Scizor|Scizor, M|301/343 par
|-damage|p2a: Scizor|259/343 par|[from] Stealth Rock
|turn|16
|
|switch|p1a: Gengar|Gengar, F, shiny|262/262
|move|p2a: Scizor|Bullet Punch|p1a: Gengar
|-enditem|p1a: Gengar|Focus Sash
|-damage|p1a: Gengar|1/262
|
|turn|17
|
|move|p2a: Scizor|Bullet Punch|p1a: Gengar
|-damage|p1a: Gengar|0 fnt
|faint|p1a: Gengar
|
|
|switch|p1a: Mamoswine|Mamoswine, F|218/362
|turn|18
|
|move|p2a: Scizor|Bullet Punch|p1a: Mamoswine
|-supereffective|p1a: Mamoswine
|-damage|p1a: Mamoswine|0 fnt
|faint|p1a: Mamoswine
|
|win|samvab
|raw|Ladder updating...
|raw|queefs's rating: 1361 &rarr; <strong>1337</strong><br />(-24 for losing)
|raw|samvab's rating: 1290 &rarr; <strong>1320</strong><br />(+30 for winning)
|chat|samvab|gg
|chat|queefs|faggot
|leave|queefs
|player|p1
|chat|samvab|lol