|j|☆Dovahhkiin64
|j|☆Blossummm
|t:|1715642514
|gametype|singles
|player|p1|Dovahhkiin64|n|1366
|player|p2|Blossummm|roxie|1378
|teamsize|p1|6
|teamsize|p2|6
|gen|5
|tier|[Gen 5] OU
|rated|
|rule|Species Clause: Limit one of each Pokémon
|rule|OHKO Clause: OHKO moves are banned
|rule|Moody Clause: Moody is banned
|rule|Evasion Items Clause: Evasion items are banned
|rule|Evasion Moves Clause: Evasion moves are banned
|rule|Endless Battle Clause: Forcing endless battles is banned
|rule|HP Percentage Mod: HP is shown in percentages
|rule|Evasion Abilities Clause: Evasion abilities are banned
|rule|Sleep Moves Clause: Sleep-inducing moves are banned
|rule|Swagger Clause: Swagger is banned
|rule|Baton Pass Stat Clause: No Baton Passer may have a way to boost its stats
|clearpoke
|poke|p1|Throh, M|item
|poke|p1|Jirachi|item
|poke|p1|Starmie|item
|poke|p1|Hydreigon, M|item
|poke|p1|Bisharp, F|item
|poke|p1|Chandelure, M|item
|poke|p2|Tyranitar, F|item
|poke|p2|Alakazam, F|item
|poke|p2|Latios, M|item
|poke|p2|Ferrothorn, F|item
|poke|p2|Keldeo|item
|poke|p2|Landorus-Therian, M|item
|teampreview
|inactive|Battle timer is ON: inactive players will automatically lose when time's up. (requested by Blossummm)
|
|t:|1715642534
|start
|switch|p1a: Jirachi|Jirachi|100/100
|switch|p2a: Landorus|Landorus-Therian, M|100/100
|-ability|p2a: Landorus|Intimidate|boost
|-unboost|p1a: Jirachi|atk|1
|turn|1
|
|t:|1715642543
|switch|p1a: Hydreigon|Hydreigon, M|100/100
|move|p2a: Landorus|Stealth Rock|p1a: Hydreigon
|-sidestart|p1: Dovahhkiin64|move: Stealth Rock
|
|upkeep
|turn|2
|
|t:|1715642555
|move|p1a: Hydreigon|Draco Meteor|p2a: Landorus
|-damage|p2a: Landorus|0 fnt
|-unboost|p1a: Hydreigon|spa|2
|faint|p2a: Landorus
|
|upkeep
|
|t:|1715642573
|switch|p2a: Ferrothorn|Ferrothorn, F|100/100
|turn|3
|
|t:|1715642580
|switch|p1a: Chandelure|Chandelure, M|100/100
|-damage|p1a: Chandelure|76/100|[from] Stealth Rock
|move|p2a: Ferrothorn|Spikes|p1a: Chandelure
|-sidestart|p1: Dovahhkiin64|Spikes
|
|upkeep
|turn|4
|
|t:|1715642587
|switch|p2a: Tyranitar|Tyranitar, F, shiny|100/100
|-weather|Sandstorm|[from] ability: Sand Stream|[of] p2a: Tyranitar
|move|p1a: Chandelure|Hidden Power|p2a: Tyranitar
|-supereffective|p2a: Tyranitar
|-crit|p2a: Tyranitar
|-enditem|p2a: Tyranitar|Chople Berry|[eat]
|-enditem|p2a: Tyranitar|Chople Berry|[weaken]
|-damage|p2a: Tyranitar|39/100
|
|-weather|Sandstorm|[upkeep]
|-damage|p1a: Chandelure|69/100|[from] Sandstorm
|upkeep
|turn|5
|
|t:|1715642599
|move|p1a: Chandelure|Hidden Power|p2a: Tyranitar
|-supereffective|p2a: Tyranitar
|-damage|p2a: Tyranitar|0 fnt
|faint|p2a: Tyranitar
|
|-weather|Sandstorm|[upkeep]
|-damage|p1a: Chandelure|63/100|[from] Sandstorm
|upkeep
|
|t:|1715642602
|switch|p2a: Keldeo|Keldeo|100/100
|turn|6
|
|t:|1715642615
|switch|p1a: Starmie|Starmie|100/100
|-damage|p1a: Starmie|88/100|[from] Stealth Rock
|-damage|p1a: Starmie|76/100|[from] Spikes
|move|p2a: Keldeo|Scald|p1a: Starmie
|-resisted|p1a: Starmie
|-damage|p1a: Starmie|47/100
|
|-weather|Sandstorm|[upkeep]
|-damage|p1a: Starmie|41/100|[from] Sandstorm
|-damage|p2a: Keldeo|94/100|[from] Sandstorm
|-heal|p1a: Starmie|47/100|[from] item: Leftovers
|-heal|p2a: Keldeo|100/100|[from] item: Leftovers
|upkeep
|turn|7
|
|t:|1715642628
|move|p1a: Starmie|Rapid Spin|p2a: Keldeo
|-damage|p2a: Keldeo|97/100
|-sideend|p1: Dovahhkiin64|Spikes|[from] move: Rapid Spin|[of] p1a: Starmie
|-sideend|p1: Dovahhkiin64|Stealth Rock|[from] move: Rapid Spin|[of] p1a: Starmie
|move|p2a: Keldeo|Hidden Power|p1a: Starmie
|-supereffective|p1a: Starmie
|-damage|p1a: Starmie|0 fnt
|faint|p1a: Starmie
|
|-weather|Sandstorm|[upkeep]
|-damage|p2a: Keldeo|91/100|[from] Sandstorm
|-heal|p2a: Keldeo|97/100|[from] item: Leftovers
|upkeep
|
|t:|1715642639
|switch|p1a: Throh|Throh, M|100/100
|turn|8
|
|t:|1715642645
|move|p2a: Keldeo|Secret Sword|p1a: Throh
|-damage|p1a: Throh|61/100
|move|p1a: Throh|Thunder Punch|p2a: Keldeo
|-supereffective|p2a: Keldeo
|-damage|p2a: Keldeo|41/100
|
|-weather|Sandstorm|[upkeep]
|-damage|p2a: Keldeo|35/100|[from] Sandstorm
|-damage|p1a: Throh|55/100|[from] Sandstorm
|-heal|p2a: Keldeo|41/100|[from] item: Leftovers
|-heal|p1a: Throh|61/100|[from] item: Leftovers
|upkeep
|turn|9
|
|t:|1715642657
|move|p2a: Keldeo|Scald|p1a: Throh
|-damage|p1a: Throh|23/100
|-status|p1a: Throh|brn
|move|p1a: Throh|Thunder Punch|p2a: Keldeo
|-supereffective|p2a: Keldeo
|-damage|p2a: Keldeo|0 fnt
|faint|p2a: Keldeo
|
|-weather|Sandstorm|[upkeep]
|-damage|p1a: Throh|17/100 brn|[from] Sandstorm
|-heal|p1a: Throh|23/100 brn|[from] item: Leftovers
|-damage|p1a: Throh|10/100 brn|[from] brn
|upkeep
|
|t:|1715642686
|switch|p2a: Ferrothorn|Ferrothorn, F|100/100
|turn|10
|j| RedShadow339
|
|t:|1715642690
|move|p1a: Throh|Low Kick|p2a: Ferrothorn
|-supereffective|p2a: Ferrothorn
|-damage|p2a: Ferrothorn|6/100
|-damage|p1a: Throh|0 fnt|[from] ability: Iron Barbs|[of] p2a: Ferrothorn
|faint|p1a: Throh
|move|p2a: Ferrothorn|Spikes|p1: Throh
|-sidestart|p1: Dovahhkiin64|Spikes
|
|-weather|Sandstorm|[upkeep]
|upkeep
|
|t:|1715642706
|switch|p1a: Bisharp|Bisharp, F|100/100
|-damage|p1a: Bisharp|88/100|[from] Spikes
|turn|11
|
|t:|1715642712
|move|p1a: Bisharp|Night Slash|p2a: Ferrothorn
|-resisted|p2a: Ferrothorn
|-damage|p2a: Ferrothorn|0 fnt
|-damage|p1a: Bisharp|75/100|[from] ability: Iron Barbs|[of] p2a: Ferrothorn
|faint|p2a: Ferrothorn
|-damage|p1a: Bisharp|66/100|[from] item: Life Orb
|
|-weather|Sandstorm|[upkeep]
|upkeep
|
|t:|1715642719
|switch|p2a: Alakazam|Alakazam, F|100/100
|turn|12
|
|t:|1715642724
|move|p1a: Bisharp|Sucker Punch|p2a: Alakazam
|-supereffective|p2a: Alakazam
|-damage|p2a: Alakazam|0 fnt
|faint|p2a: Alakazam
|-damage|p1a: Bisharp|56/100|[from] item: Life Orb
|
|-weather|Sandstorm|[upkeep]
|upkeep
|
|t:|1715642727
|switch|p2a: Latios|Latios, M|100/100
|turn|13
|
|t:|1715642735
|move|p2a: Latios|Trick|p1a: Bisharp
|-activate|p2a: Latios|move: Trick|[of] p1a: Bisharp
|-item|p1a: Bisharp|Choice Scarf|[from] move: Trick
|-item|p2a: Latios|Life Orb|[from] move: Trick
|move|p1a: Bisharp|Night Slash|p2a: Latios
|-supereffective|p2a: Latios
|-damage|p2a: Latios|0 fnt
|faint|p2a: Latios
|
|win|Dovahhkiin64
|raw|Dovahhkiin64's rating: 1366 &rarr; <strong>1387</strong><br />(+21 for winning)
|raw|Blossummm's rating: 1378 &rarr; <strong>1357</strong><br />(-21 for losing)
|c|☆Dovahhkiin64|gg
|l|☆Blossummm
|player|p2|
