|j|☆servant of cinder
|j|☆Crimsonbacon38
|t:|1742401825
|gametype|singles
|player|p1|servant of cinder|blaine|1431
|player|p2|Crimsonbacon38|barry|1345
|teamsize|p1|6
|teamsize|p2|6
|gen|5
|tier|[Gen 5] OU
|rated|
|rule|Species Clause: Limit one of each Pokémon
|rule|OHKO Clause: OHKO moves are banned
|rule|Moody Clause: Moody is banned
|rule|Evasion Items Clause: Evasion items are banned
|rule|Evasion Moves Clause: Evasion moves are banned
|rule|Endless Battle Clause: Forcing endless battles is banned
|rule|HP Percentage Mod: HP is shown in percentages
|rule|Evasion Abilities Clause: Evasion abilities are banned
|rule|Sleep Moves Clause: Sleep-inducing moves are banned
|rule|Swagger Clause: Swagger is banned
|rule|Baton Pass Stat Clause: No Baton Passer may have a way to boost its stats
|clearpoke
|poke|p1|Tyranitar, M|item
|poke|p1|Breloom, M|item
|poke|p1|Latios, M|item
|poke|p1|Landorus-Therian, M|item
|poke|p1|Excadrill, M|item
|poke|p1|Rotom-Wash|item
|poke|p2|Tyranitar, F|item
|poke|p2|Excadrill, F|item
|poke|p2|Gliscor, M|item
|poke|p2|Ferrothorn, F|item
|poke|p2|Keldeo|item
|poke|p2|Latios, M|item
|teampreview
|inactive|Battle timer is ON: inactive players will automatically lose when time's up. (requested by servant of cinder)
|
|t:|1742401832
|start
|switch|p1a: Rotom|Rotom-Wash|100/100
|switch|p2a: Gliscor|Gliscor, M|100/100
|turn|1
|
|t:|1742401837
|move|p2a: Gliscor|Protect|p2a: Gliscor
|-singleturn|p2a: Gliscor|Protect
|move|p1a: Rotom|Will-O-Wisp|p2a: Gliscor
|-activate|p2a: Gliscor|move: Protect
|
|-status|p2a: Gliscor|tox|[from] item: Toxic Orb
|upkeep
|turn|2
|
|t:|1742401844
|move|p2a: Gliscor|Stealth Rock|p1a: Rotom
|-sidestart|p1: servant of cinder|move: Stealth Rock
|move|p1a: Rotom|Will-O-Wisp||[still]
|-fail|p1a: Rotom
|
|upkeep
|turn|3
|
|t:|1742401855
|move|p2a: Gliscor|Protect|p2a: Gliscor
|-singleturn|p2a: Gliscor|Protect
|move|p1a: Rotom|Hydro Pump|p2a: Gliscor
|-activate|p2a: Gliscor|move: Protect
|
|upkeep
|turn|4
|
|t:|1742401864
|move|p2a: Gliscor|U-turn|p1a: Rotom
|-damage|p1a: Rotom|85/100
|
|t:|1742401866
|switch|p2a: Ferrothorn|Ferrothorn, F|100/100|[from] U-turn
|move|p1a: Rotom|Will-O-Wisp|p2a: Ferrothorn
|-status|p2a: Ferrothorn|brn
|
|-heal|p1a: Rotom|91/100|[from] item: Leftovers
|-damage|p2a: Ferrothorn|88/100 brn|[from] brn
|upkeep
|turn|5
|
|t:|1742401879
|move|p1a: Rotom|Volt Switch|p2a: Ferrothorn
|-resisted|p2a: Ferrothorn
|-damage|p2a: Ferrothorn|79/100 brn
|
|t:|1742401884
|switch|p1a: Breloom|Breloom, M|100/100|[from] Volt Switch
|-damage|p1a: Breloom|94/100|[from] Stealth Rock
|move|p2a: Ferrothorn|Knock Off|p1a: Breloom
|-resisted|p1a: Breloom
|-damage|p1a: Breloom|93/100
|-enditem|p1a: Breloom|Toxic Orb|[from] move: Knock Off|[of] p2a: Ferrothorn
|
|-heal|p2a: Ferrothorn|86/100 brn|[from] item: Leftovers
|-damage|p2a: Ferrothorn|73/100 brn|[from] brn
|upkeep
|turn|6
|
|t:|1742401898
|switch|p2a: Gliscor|Gliscor, M|100/100 tox
|move|p1a: Breloom|Drain Punch|p2a: Gliscor
|-resisted|p2a: Gliscor
|-crit|p2a: Gliscor
|-damage|p2a: Gliscor|76/100 tox
|-heal|p1a: Breloom|100/100|[from] drain|[of] p2a: Gliscor
|
|-heal|p2a: Gliscor|88/100 tox|[from] ability: Poison Heal
|upkeep
|turn|7
|
|t:|1742401905
|move|p2a: Gliscor|Earthquake|p1a: Breloom
|-resisted|p1a: Breloom
|-damage|p1a: Breloom|79/100
|move|p1a: Breloom|Swords Dance|p1a: Breloom
|-boost|p1a: Breloom|atk|2
|
|-heal|p2a: Gliscor|100/100 tox|[from] ability: Poison Heal
|upkeep
|turn|8
|
|t:|1742401910
|move|p2a: Gliscor|U-turn|p1a: Breloom
|-damage|p1a: Breloom|60/100
|
|t:|1742401919
|switch|p2a: Ferrothorn|Ferrothorn, F|73/100 brn|[from] U-turn
|move|p1a: Breloom|Seed Bomb|p2a: Ferrothorn
|-resisted|p2a: Ferrothorn
|-damage|p2a: Ferrothorn|60/100 brn
|
|-heal|p2a: Ferrothorn|67/100 brn|[from] item: Leftovers
|-damage|p2a: Ferrothorn|54/100 brn|[from] brn
|upkeep
|turn|9
|
|t:|1742401931
|switch|p2a: Gliscor|Gliscor, M|100/100 tox
|move|p1a: Breloom|Drain Punch|p2a: Gliscor
|-resisted|p2a: Gliscor
|-damage|p2a: Gliscor|78/100 tox
|-heal|p1a: Breloom|72/100|[from] drain|[of] p2a: Gliscor
|
|-heal|p2a: Gliscor|91/100 tox|[from] ability: Poison Heal
|upkeep
|turn|10
|
|t:|1742401961
|move|p2a: Gliscor|U-turn|p1a: Breloom
|-damage|p1a: Breloom|52/100
|
|t:|1742401964
|switch|p2a: Tyranitar|Tyranitar, F|100/100|[from] U-turn
|-weather|Sandstorm|[from] ability: Sand Stream|[of] p2a: Tyranitar
|move|p1a: Breloom|Seed Bomb|p2a: Tyranitar
|-supereffective|p2a: Tyranitar
|-damage|p2a: Tyranitar|0 fnt
|faint|p2a: Tyranitar
|
|-weather|Sandstorm|[upkeep]
|-damage|p1a: Breloom|45/100|[from] Sandstorm
|upkeep
|
|t:|1742401978
|switch|p2a: Keldeo|Keldeo|100/100
|turn|11
|
|t:|1742401985
|move|p2a: Keldeo|Surf|p1a: Breloom
|-resisted|p1a: Breloom
|-damage|p1a: Breloom|9/100
|move|p1a: Breloom|Seed Bomb|p2a: Keldeo
|-supereffective|p2a: Keldeo
|-damage|p2a: Keldeo|0 fnt
|faint|p2a: Keldeo
|
|-weather|Sandstorm|[upkeep]
|-damage|p1a: Breloom|3/100|[from] Sandstorm
|upkeep
|
|t:|1742401997
|switch|p2a: Gliscor|Gliscor, M|91/100 tox
|turn|12
|
|t:|1742402004
|move|p2a: Gliscor|Protect|p2a: Gliscor
|-singleturn|p2a: Gliscor|Protect
|move|p1a: Breloom|Seed Bomb|p2a: Gliscor
|-activate|p2a: Gliscor|move: Protect
|
|-weather|Sandstorm|[upkeep]
|-damage|p1a: Breloom|0 fnt|[from] Sandstorm
|faint|p1a: Breloom
|-heal|p2a: Gliscor|100/100 tox|[from] ability: Poison Heal
|upkeep
|
|t:|1742402016
|switch|p1a: Tyranitar|Tyranitar, M|100/100
|-damage|p1a: Tyranitar|88/100|[from] Stealth Rock
|turn|13
|
|t:|1742402019
|move|p2a: Gliscor|Earthquake|p1a: Tyranitar
|-supereffective|p1a: Tyranitar
|-damage|p1a: Tyranitar|40/100
|move|p1a: Tyranitar|Ice Beam|p2a: Gliscor
|-supereffective|p2a: Gliscor
|-damage|p2a: Gliscor|29/100 tox
|
|-weather|Sandstorm|[upkeep]
|-heal|p2a: Gliscor|41/100 tox|[from] ability: Poison Heal
|upkeep
|turn|14
|
|t:|1742402030
|switch|p1a: Landorus|Landorus-Therian, M|100/100
|-damage|p1a: Landorus|88/100|[from] Stealth Rock
|-ability|p1a: Landorus|Intimidate|boost
|-unboost|p2a: Gliscor|atk|1
|move|p2a: Gliscor|Protect||[still]
|-fail|p2a: Gliscor
|
|-weather|Sandstorm|[upkeep]
|-heal|p1a: Landorus|94/100|[from] item: Leftovers
|-heal|p2a: Gliscor|54/100 tox|[from] ability: Poison Heal
|upkeep
|turn|15
|
|t:|1742402033
|move|p1a: Landorus|Stealth Rock|p2a: Gliscor
|-sidestart|p2: Crimsonbacon38|move: Stealth Rock
|move|p2a: Gliscor|U-turn|p1a: Landorus
|-resisted|p1a: Landorus
|-damage|p1a: Landorus|89/100
|
|t:|1742402039
|switch|p2a: Latios|Latios, M|100/100|[from] U-turn
|-damage|p2a: Latios|88/100|[from] Stealth Rock
|
|-weather|Sandstorm|[upkeep]
|-damage|p2a: Latios|82/100|[from] Sandstorm
|-heal|p1a: Landorus|96/100|[from] item: Leftovers
|upkeep
|turn|16
|
|t:|1742402045
|switch|p1a: Rotom|Rotom-Wash|91/100
|-damage|p1a: Rotom|79/100|[from] Stealth Rock
|move|p2a: Latios|Surf|p1a: Rotom
|-resisted|p1a: Rotom
|-damage|p1a: Rotom|65/100
|
|-weather|Sandstorm|[upkeep]
|-damage|p2a: Latios|76/100|[from] Sandstorm
|-damage|p1a: Rotom|59/100|[from] Sandstorm
|-heal|p1a: Rotom|65/100|[from] item: Leftovers
|upkeep
|turn|17
|
|t:|1742402055
|switch|p2a: Gliscor|Gliscor, M|54/100 tox
|-damage|p2a: Gliscor|41/100 tox|[from] Stealth Rock
|move|p1a: Rotom|Volt Switch|p2a: Gliscor
|-immune|p2a: Gliscor
|
|-weather|Sandstorm|[upkeep]
|-damage|p1a: Rotom|59/100|[from] Sandstorm
|-heal|p1a: Rotom|65/100|[from] item: Leftovers
|-heal|p2a: Gliscor|54/100 tox|[from] ability: Poison Heal
|upkeep
|turn|18
|
|t:|1742402063
|move|p2a: Gliscor|Protect|p2a: Gliscor
|-singleturn|p2a: Gliscor|Protect
|move|p1a: Rotom|Hydro Pump|p2a: Gliscor
|-activate|p2a: Gliscor|move: Protect
|
|-weather|Sandstorm|[upkeep]
|-damage|p1a: Rotom|59/100|[from] Sandstorm
|-heal|p1a: Rotom|65/100|[from] item: Leftovers
|-heal|p2a: Gliscor|66/100 tox|[from] ability: Poison Heal
|upkeep
|turn|19
|
|t:|1742402067
|move|p2a: Gliscor|U-turn|p1a: Rotom
|-damage|p1a: Rotom|49/100
|
|t:|1742402070
|switch|p2a: Ferrothorn|Ferrothorn, F|54/100 brn|[from] U-turn
|-damage|p2a: Ferrothorn|48/100 brn|[from] Stealth Rock
|move|p1a: Rotom|Hydro Pump|p2a: Ferrothorn
|-resisted|p2a: Ferrothorn
|-damage|p2a: Ferrothorn|33/100 brn
|
|-weather|Sandstorm|[upkeep]
|-damage|p1a: Rotom|43/100|[from] Sandstorm
|-heal|p1a: Rotom|49/100|[from] item: Leftovers
|-heal|p2a: Ferrothorn|39/100 brn|[from] item: Leftovers
|-damage|p2a: Ferrothorn|27/100 brn|[from] brn
|upkeep
|turn|20
|
|t:|1742402079
|move|p1a: Rotom|Volt Switch|p2a: Ferrothorn
|-resisted|p2a: Ferrothorn
|-damage|p2a: Ferrothorn|19/100 brn
|
|t:|1742402082
|switch|p1a: Tyranitar|Tyranitar, M|40/100|[from] Volt Switch
|-damage|p1a: Tyranitar|28/100|[from] Stealth Rock
|move|p2a: Ferrothorn|Power Whip|p1a: Tyranitar|[miss]
|-miss|p2a: Ferrothorn|p1a: Tyranitar
|
|-weather|Sandstorm|[upkeep]
|-heal|p2a: Ferrothorn|25/100 brn|[from] item: Leftovers
|-damage|p2a: Ferrothorn|12/100 brn|[from] brn
|upkeep
|turn|21
|
|t:|1742402089
|move|p1a: Tyranitar|Ice Beam|p2a: Ferrothorn
|-damage|p2a: Ferrothorn|0 fnt
|faint|p2a: Ferrothorn
|
|-weather|Sandstorm|[upkeep]
|upkeep
|
|t:|1742402104
|switch|p2a: Latios|Latios, M|76/100
|-damage|p2a: Latios|64/100|[from] Stealth Rock
|turn|22
|
|t:|1742402108
|move|p2a: Latios|Surf|p1a: Tyranitar
|-supereffective|p1a: Tyranitar
|-damage|p1a: Tyranitar|0 fnt
|faint|p1a: Tyranitar
|
|-weather|Sandstorm|[upkeep]
|-damage|p2a: Latios|58/100|[from] Sandstorm
|upkeep
|
|t:|1742402112
|switch|p1a: Latios|Latios, M|100/100
|-damage|p1a: Latios|88/100|[from] Stealth Rock
|turn|23
|
|t:|1742402117
|switch|p2a: Excadrill|Excadrill, F|100/100
|-damage|p2a: Excadrill|97/100|[from] Stealth Rock
|move|p1a: Latios|Draco Meteor|p2a: Excadrill
|-resisted|p2a: Excadrill
|-damage|p2a: Excadrill|65/100
|-unboost|p1a: Latios|spa|2
|
|-weather|Sandstorm|[upkeep]
|-damage|p1a: Latios|82/100|[from] Sandstorm
|-heal|p2a: Excadrill|72/100|[from] item: Leftovers
|upkeep
|turn|24
|
|t:|1742402128
|switch|p1a: Landorus|Landorus-Therian, M|96/100
|-damage|p1a: Landorus|83/100|[from] Stealth Rock
|-ability|p1a: Landorus|Intimidate|boost
|-unboost|p2a: Excadrill|atk|1
|move|p2a: Excadrill|Iron Head|p1a: Landorus
|-crit|p1a: Landorus
|-damage|p1a: Landorus|0 fnt
|faint|p1a: Landorus
|
|-weather|Sandstorm|[upkeep]
|-heal|p2a: Excadrill|78/100|[from] item: Leftovers
|upkeep
|
|t:|1742402137
|switch|p1a: Rotom|Rotom-Wash|49/100
|-damage|p1a: Rotom|37/100|[from] Stealth Rock
|turn|25
|
|t:|1742402145
|switch|p2a: Gliscor|Gliscor, M|66/100 tox
|-damage|p2a: Gliscor|54/100 tox|[from] Stealth Rock
|move|p1a: Rotom|Volt Switch|p2a: Gliscor
|-immune|p2a: Gliscor
|
|-weather|Sandstorm|[upkeep]
|-damage|p1a: Rotom|31/100|[from] Sandstorm
|-heal|p1a: Rotom|37/100|[from] item: Leftovers
|-heal|p2a: Gliscor|66/100 tox|[from] ability: Poison Heal
|upkeep
|turn|26
|
|t:|1742402152
|move|p2a: Gliscor|Protect|p2a: Gliscor
|-singleturn|p2a: Gliscor|Protect
|move|p1a: Rotom|Volt Switch|p2a: Gliscor
|-immune|p2a: Gliscor
|
|-weather|Sandstorm|[upkeep]
|-damage|p1a: Rotom|31/100|[from] Sandstorm
|-heal|p1a: Rotom|37/100|[from] item: Leftovers
|-heal|p2a: Gliscor|79/100 tox|[from] ability: Poison Heal
|upkeep
|turn|27
|
|t:|1742402159
|move|p2a: Gliscor|U-turn|p1a: Rotom
|-damage|p1a: Rotom|22/100
|
|t:|1742402163
|switch|p2a: Latios|Latios, M|58/100|[from] U-turn
|-damage|p2a: Latios|46/100|[from] Stealth Rock
|move|p1a: Rotom|Hydro Pump|p2a: Latios
|-resisted|p2a: Latios
|-damage|p2a: Latios|24/100
|
|-weather|Sandstorm|[upkeep]
|-damage|p2a: Latios|18/100|[from] Sandstorm
|-damage|p1a: Rotom|16/100|[from] Sandstorm
|-heal|p1a: Rotom|22/100|[from] item: Leftovers
|upkeep
|turn|28
|
|t:|1742402170
|move|p2a: Latios|Surf|p1a: Rotom
|-resisted|p1a: Rotom
|-damage|p1a: Rotom|9/100
|move|p1a: Rotom|Volt Switch|p2a: Latios
|-resisted|p2a: Latios
|-damage|p2a: Latios|4/100
|
|t:|1742402181
|switch|p1a: Latios|Latios, M|82/100|[from] Volt Switch
|-damage|p1a: Latios|70/100|[from] Stealth Rock
|
|-weather|Sandstorm|[upkeep]
|-damage|p1a: Latios|64/100|[from] Sandstorm
|-damage|p2a: Latios|0 fnt|[from] Sandstorm
|faint|p2a: Latios
|upkeep
|
|t:|1742402186
|switch|p2a: Excadrill|Excadrill, F|78/100
|-damage|p2a: Excadrill|75/100|[from] Stealth Rock
|turn|29
|
|t:|1742402192
|switch|p1a: Rotom|Rotom-Wash|9/100
|-damage|p1a: Rotom|0 fnt|[from] Stealth Rock
|faint|p1a: Rotom
|move|p2a: Excadrill|Iron Head|p1: Rotom|[notarget]
|-fail|p2a: Excadrill
|
|-weather|Sandstorm|[upkeep]
|-heal|p2a: Excadrill|81/100|[from] item: Leftovers
|upkeep
|
|t:|1742402195
|switch|p1a: Excadrill|Excadrill, M|100/100
|-damage|p1a: Excadrill|97/100|[from] Stealth Rock
|turn|30
|
|t:|1742402198
|switch|p2a: Gliscor|Gliscor, M|79/100 tox
|-damage|p2a: Gliscor|66/100 tox|[from] Stealth Rock
|move|p1a: Excadrill|Earthquake|p2a: Gliscor
|-immune|p2a: Gliscor
|
|-weather|Sandstorm|[upkeep]
|-heal|p1a: Excadrill|100/100|[from] item: Leftovers
|-heal|p2a: Gliscor|79/100 tox|[from] ability: Poison Heal
|upkeep
|turn|31
|
|t:|1742402214
|move|p2a: Gliscor|Protect|p2a: Gliscor
|-singleturn|p2a: Gliscor|Protect
|move|p1a: Excadrill|Iron Head|p2a: Gliscor
|-activate|p2a: Gliscor|move: Protect
|
|-weather|Sandstorm|[upkeep]
|-heal|p2a: Gliscor|91/100 tox|[from] ability: Poison Heal
|upkeep
|turn|32
|
|t:|1742402219
|switch|p1a: Latios|Latios, M|64/100
|-damage|p1a: Latios|52/100|[from] Stealth Rock
|move|p2a: Gliscor|Earthquake|p1a: Latios
|-immune|p1a: Latios|[from] ability: Levitate
|
|-weather|Sandstorm|[upkeep]
|-damage|p1a: Latios|46/100|[from] Sandstorm
|-heal|p2a: Gliscor|100/100 tox|[from] ability: Poison Heal
|upkeep
|turn|33
|
|t:|1742402225
|move|p1a: Latios|Surf|p2a: Gliscor
|-supereffective|p2a: Gliscor
|-damage|p2a: Gliscor|41/100 tox
|move|p2a: Gliscor|U-turn|p1a: Latios
|-supereffective|p1a: Latios
|-damage|p1a: Latios|2/100
|
|t:|1742402228
|switch|p2a: Excadrill|Excadrill, F|81/100|[from] U-turn
|-damage|p2a: Excadrill|78/100|[from] Stealth Rock
|
|-weather|Sandstorm|[upkeep]
|-damage|p1a: Latios|0 fnt|[from] Sandstorm
|faint|p1a: Latios
|-heal|p2a: Excadrill|84/100|[from] item: Leftovers
|upkeep
|
|t:|1742402230
|switch|p1a: Excadrill|Excadrill, M|100/100
|-damage|p1a: Excadrill|97/100|[from] Stealth Rock
|turn|34
|
|t:|1742402234
|move|p1a: Excadrill|Earthquake|p2a: Excadrill
|-supereffective|p2a: Excadrill
|-damage|p2a: Excadrill|0 fnt
|faint|p2a: Excadrill
|
|-weather|Sandstorm|[upkeep]
|-heal|p1a: Excadrill|100/100|[from] item: Leftovers
|upkeep
|
|t:|1742402236
|switch|p2a: Gliscor|Gliscor, M|41/100 tox
|-damage|p2a: Gliscor|28/100 tox|[from] Stealth Rock
|turn|35
|
|t:|1742402240
|move|p2a: Gliscor|Protect|p2a: Gliscor
|-singleturn|p2a: Gliscor|Protect
|move|p1a: Excadrill|Iron Head|p2a: Gliscor
|-activate|p2a: Gliscor|move: Protect
|
|-weather|Sandstorm|[upkeep]
|-heal|p2a: Gliscor|41/100 tox|[from] ability: Poison Heal
|upkeep
|turn|36
|
|t:|1742402244
|move|p1a: Excadrill|Iron Head|p2a: Gliscor
|-damage|p2a: Gliscor|0 fnt
|faint|p2a: Gliscor
|
|win|servant of cinder
|raw|servant of cinder's rating: 1431 &rarr; <strong>1446</strong><br />(+15 for winning)
|raw|Crimsonbacon38's rating: 1345 &rarr; <strong>1330</strong><br />(-15 for losing)
