|j|☆ojMinutemaid
|j|☆Dark Hall Disco
|t:|1708602010
|gametype|singles
|player|p1|ojMinutemaid|2|1424
|player|p2|Dark Hall Disco|rocker-gen3|1337
|teamsize|p1|6
|teamsize|p2|6
|gen|5
|tier|[Gen 5] OU
|rated|
|rule|Species Clause: Limit one of each Pokémon
|rule|OHKO Clause: OHKO moves are banned
|rule|Moody Clause: Moody is banned
|rule|Evasion Items Clause: Evasion items are banned
|rule|Evasion Moves Clause: Evasion moves are banned
|rule|Endless Battle Clause: Forcing endless battles is banned
|rule|HP Percentage Mod: HP is shown in percentages
|rule|Evasion Abilities Clause: Evasion abilities are banned
|rule|Sleep Moves Clause: Sleep-inducing moves are banned
|rule|Swagger Clause: Swagger is banned
|rule|Baton Pass Stat Clause: No Baton Passer may have a way to boost its stats
|clearpoke
|poke|p1|Azelf|item
|poke|p1|Volcarona, F|item
|poke|p1|Jirachi|item
|poke|p1|Breloom, M|item
|poke|p1|Latios, M|item
|poke|p1|Cloyster, M|item
|poke|p2|Tyranitar, F|item
|poke|p2|Landorus-Therian, M|item
|poke|p2|Terrakion|item
|poke|p2|Latios, M|item
|poke|p2|Heatran, M|item
|poke|p2|Rotom-Wash|item
|teampreview
|inactive|Battle timer is ON: inactive players will automatically lose when time's up. (requested by Dark Hall Disco)
|
|t:|1708602030
|start
|switch|p1a: Jirachi|Jirachi|100/100
|switch|p2a: Landorus|Landorus-Therian, M|100/100
|-ability|p2a: Landorus|Intimidate|boost
|-unboost|p1a: Jirachi|atk|1
|turn|1
|
|t:|1708602038
|move|p1a: Jirachi|Ice Punch|p2a: Landorus
|-supereffective|p2a: Landorus
|-damage|p2a: Landorus|52/100
|move|p2a: Landorus|Stealth Rock|p1a: Jirachi
|-sidestart|p1: ojMinutemaid|move: Stealth Rock
|
|-heal|p2a: Landorus|58/100|[from] item: Leftovers
|upkeep
|turn|2
|
|t:|1708602055
|switch|p2a: Heatran|Heatran, M|100/100
|-item|p2a: Heatran|Air Balloon
|move|p1a: Jirachi|Iron Head|p2a: Heatran
|-resisted|p2a: Heatran
|-damage|p2a: Heatran|96/100
|-enditem|p2a: Heatran|Air Balloon
|
|upkeep
|turn|3
|
|t:|1708602066
|switch|p1a: Latios|Latios, M|100/100
|-damage|p1a: Latios|88/100|[from] Stealth Rock
|move|p2a: Heatran|Magma Storm|p1a: Latios
|-resisted|p1a: Latios
|-damage|p1a: Latios|58/100
|-activate|p1a: Latios|move: Magma Storm|[of] p2a: Heatran
|
|-damage|p1a: Latios|52/100|[from] move: Magma Storm|[partiallytrapped]
|upkeep
|turn|4
|
|t:|1708602074
|move|p1a: Latios|Trick|p2a: Heatran
|-activate|p1a: Latios|move: Trick|[of] p2a: Heatran
|-item|p2a: Heatran|Choice Scarf|[from] move: Trick
|-enditem|p1a: Latios|Choice Scarf|[silent]|[from] move: Trick
|move|p2a: Heatran|Dragon Pulse|p1a: Latios
|-supereffective|p1a: Latios
|-damage|p1a: Latios|0 fnt
|faint|p1a: Latios
|
|upkeep
|
|t:|1708602099
|switch|p1a: Azelf|Azelf|100/100
|-damage|p1a: Azelf|88/100|[from] Stealth Rock
|turn|5
|
|t:|1708602112
|switch|p2a: Tyranitar|Tyranitar, F|100/100
|-weather|Sandstorm|[from] ability: Sand Stream|[of] p2a: Tyranitar
|move|p1a: Azelf|Stealth Rock|p2a: Tyranitar
|-sidestart|p2: Dark Hall Disco|move: Stealth Rock
|
|-weather|Sandstorm|[upkeep]
|-damage|p1a: Azelf|82/100|[from] Sandstorm
|upkeep
|turn|6
|
|t:|1708602117
|move|p1a: Azelf|Explosion|p2a: Tyranitar
|-resisted|p2a: Tyranitar
|-damage|p2a: Tyranitar|74/100
|faint|p1a: Azelf
|move|p2a: Tyranitar|Pursuit|p1: Azelf|[notarget]
|-fail|p2a: Tyranitar
|
|-weather|Sandstorm|[upkeep]
|upkeep
|inactive|ojMinutemaid has 120 seconds left.
|inactive|ojMinutemaid has 90 seconds left.
|inactive|ojMinutemaid has 60 seconds left.
|
|t:|1708602206
|switch|p1a: Jirachi|Jirachi|100/100
|-damage|p1a: Jirachi|94/100|[from] Stealth Rock
|turn|7
|
|t:|1708602211
|switch|p2a: Heatran|Heatran, M|96/100
|-damage|p2a: Heatran|84/100|[from] Stealth Rock
|move|p1a: Jirachi|Body Slam|p2a: Heatran
|-resisted|p2a: Heatran
|-damage|p2a: Heatran|73/100
|
|-weather|Sandstorm|[upkeep]
|-heal|p1a: Jirachi|100/100|[from] item: Leftovers
|upkeep
|turn|8
|
|t:|1708602229
|move|p2a: Heatran|Lava Plume|p1a: Jirachi
|-supereffective|p1a: Jirachi
|-damage|p1a: Jirachi|36/100
|-status|p1a: Jirachi|brn
|move|p1a: Jirachi|Body Slam|p2a: Heatran
|-resisted|p2a: Heatran
|-crit|p2a: Heatran
|-damage|p2a: Heatran|64/100
|-status|p2a: Heatran|par
|
|-weather|Sandstorm|[upkeep]
|-heal|p1a: Jirachi|43/100 brn|[from] item: Leftovers
|-damage|p1a: Jirachi|30/100 brn|[from] brn
|upkeep
|turn|9
|
|t:|1708602234
|move|p1a: Jirachi|Iron Head|p2a: Heatran
|-resisted|p2a: Heatran
|-damage|p2a: Heatran|61/100 par
|move|p2a: Heatran|Lava Plume|p1a: Jirachi
|-supereffective|p1a: Jirachi
|-damage|p1a: Jirachi|0 fnt
|faint|p1a: Jirachi
|
|-weather|Sandstorm|[upkeep]
|upkeep
|
|t:|1708602242
|switch|p1a: Volcarona|Volcarona, F|100/100
|-damage|p1a: Volcarona|50/100|[from] Stealth Rock
|-enditem|p1a: Volcarona|Sitrus Berry|[eat]
|-heal|p1a: Volcarona|75/100|[from] item: Sitrus Berry
|turn|10
|
|t:|1708602266
|switch|p2a: Landorus|Landorus-Therian, M|58/100
|-damage|p2a: Landorus|46/100|[from] Stealth Rock
|-ability|p2a: Landorus|Intimidate|boost
|-unboost|p1a: Volcarona|atk|1
|move|p1a: Volcarona|Quiver Dance|p1a: Volcarona
|-boost|p1a: Volcarona|spa|1
|-boost|p1a: Volcarona|spd|1
|-boost|p1a: Volcarona|spe|1
|
|-weather|Sandstorm|[upkeep]
|-damage|p1a: Volcarona|69/100|[from] Sandstorm
|-heal|p2a: Landorus|52/100|[from] item: Leftovers
|upkeep
|turn|11
|
|t:|1708602271
|move|p1a: Volcarona|Fiery Dance|p2a: Landorus
|-damage|p2a: Landorus|8/100
|-boost|p1a: Volcarona|spa|1
|move|p2a: Landorus|Earthquake|p1a: Volcarona
|-damage|p1a: Volcarona|0 fnt
|faint|p1a: Volcarona
|
|-weather|Sandstorm|[upkeep]
|-heal|p2a: Landorus|14/100|[from] item: Leftovers
|upkeep
|inactive|ojMinutemaid has 60 seconds left.
|
|t:|1708602303
|switch|p1a: Cloyster|Cloyster, M|100/100
|-damage|p1a: Cloyster|76/100|[from] Stealth Rock
|turn|12
|
|t:|1708602319
|move|p1a: Cloyster|Shell Smash|p1a: Cloyster
|-unboost|p1a: Cloyster|def|1
|-unboost|p1a: Cloyster|spd|1
|-boost|p1a: Cloyster|atk|2
|-boost|p1a: Cloyster|spa|2
|-boost|p1a: Cloyster|spe|2
|move|p2a: Landorus|U-turn|p1a: Cloyster
|-damage|p1a: Cloyster|45/100
|
|t:|1708602325
|switch|p2a: Rotom|Rotom-Wash|100/100|[from] U-turn
|-damage|p2a: Rotom|88/100|[from] Stealth Rock
|
|-weather|Sandstorm|[upkeep]
|-damage|p1a: Cloyster|39/100|[from] Sandstorm
|-damage|p2a: Rotom|82/100|[from] Sandstorm
|upkeep
|turn|13
|
|t:|1708602334
|move|p1a: Cloyster|Rock Blast|p2a: Rotom
|-damage|p2a: Rotom|67/100
|-damage|p2a: Rotom|53/100
|-damage|p2a: Rotom|40/100
|-damage|p2a: Rotom|26/100
|-damage|p2a: Rotom|13/100
|-hitcount|p2a: Rotom|5
|move|p2a: Rotom|Volt Switch|p1a: Cloyster
|-supereffective|p1a: Cloyster
|-damage|p1a: Cloyster|0 fnt
|faint|p1a: Cloyster
|
|t:|1708602350
|switch|p2a: Latios|Latios, M|100/100|[from] Volt Switch
|-damage|p2a: Latios|88/100|[from] Stealth Rock
|
|-weather|Sandstorm|[upkeep]
|-damage|p2a: Latios|82/100|[from] Sandstorm
|upkeep
|
|t:|1708602355
|switch|p1a: Breloom|Breloom, M|100/100
|-damage|p1a: Breloom|94/100|[from] Stealth Rock
|turn|14
|inactive|ojMinutemaid has 90 seconds left.
|
|t:|1708602362
|move|p2a: Latios|Draco Meteor|p1a: Breloom
|-damage|p1a: Breloom|0 fnt
|-unboost|p2a: Latios|spa|2
|faint|p1a: Breloom
|
|win|Dark Hall Disco
|raw|ojMinutemaid's rating: 1424 &rarr; <strong>1399</strong><br />(-25 for losing)
|raw|Dark Hall Disco's rating: 1337 &rarr; <strong>1362</strong><br />(+25 for winning)
|l|☆ojMinutemaid
|player|p1|
|c|☆Dark Hall Disco|Gg
|l|☆Dark Hall Disco
|player|p2|
|j|☆ojMinutemaid
|player|p1|ojMinutemaid|2
