|j|☆Fck corona
|j|☆Ric Flarinin
|player|p1|Fck corona|50|1451
|player|p2|Ric Flarinin|169|1258
|teamsize|p1|6
|teamsize|p2|6
|gametype|singles
|gen|5
|tier|[Gen 5] OU
|rated|
|clearpoke
|poke|p1|Jirachi|item
|poke|p1|Garchomp, M|item
|poke|p1|Salamence, M|item
|poke|p1|Kyurem-Black|item
|poke|p1|Magnezone|item
|poke|p1|Latios, M|item
|poke|p2|Jirachi|item
|poke|p2|Kyurem-Black|item
|poke|p2|Starmie|item
|poke|p2|Magnezone|item
|poke|p2|Dragonite, M|item
|poke|p2|Garchomp, M|item
|rule|Species Clause: Limit one of each Pokémon
|rule|OHKO Clause: OHKO moves are banned
|rule|Moody Clause: Moody is banned
|rule|Evasion Moves Clause: Evasion moves are banned
|rule|Endless Battle Clause: Forcing endless battles is banned
|rule|HP Percentage Mod: HP is shown in percentages
|rule|Evasion Abilities Clause: Evasion abilities are banned
|rule|Baton Pass Clause: Limit one Baton Passer, can't pass Spe and other stats simultaneously
|rule|Sleep Clause: Sleep-inducing moves are banned
|rule|Swagger Clause: Swagger is banned
|teampreview
|
|start
|switch|p1a: Jirachi|Jirachi|100/100
|switch|p2a: Jirachi|Jirachi|100/100
|turn|1
|
|move|p1a: Jirachi|Stealth Rock|p2a: Jirachi
|-sidestart|p2: Ric Flarinin|move: Stealth Rock
|move|p2a: Jirachi|Stealth Rock|p1a: Jirachi
|-sidestart|p1: Fck corona|move: Stealth Rock
|
|upkeep
|turn|2
|
|move|p1a: Jirachi|U-turn|p2a: Jirachi
|-damage|p2a: Jirachi|88/100
|
|switch|p1a: Garchomp|Garchomp, M|100/100|[from]move: U-turn
|-damage|p1a: Garchomp|94/100|[from] Stealth Rock
|move|p2a: Jirachi|Icy Wind|p1a: Garchomp
|-supereffective|p1a: Garchomp
|-damage|p1a: Garchomp|36/100
|-unboost|p1a: Garchomp|spe|1
|
|-heal|p2a: Jirachi|94/100|[from] item: Leftovers
|upkeep
|turn|3
|
|switch|p1a: Magnezone|Magnezone|100/100
|-damage|p1a: Magnezone|94/100|[from] Stealth Rock
|-item|p1a: Magnezone|Air Balloon
|move|p2a: Jirachi|U-turn|p1a: Magnezone
|-resisted|p1a: Magnezone
|-damage|p1a: Magnezone|86/100
|-enditem|p1a: Magnezone|Air Balloon
|
|switch|p2a: Garchomp|Garchomp, M|100/100|[from]move: U-turn
|-damage|p2a: Garchomp|94/100|[from] Stealth Rock
|
|upkeep
|turn|4
|c|☆Fck corona|Why you stole my team
|
|move|p2a: Garchomp|Earthquake|p1a: Magnezone
|-supereffective|p1a: Magnezone
|-damage|p1a: Magnezone|0 fnt
|faint|p1a: Magnezone
|
|upkeep
|
|switch|p1a: Jirachi|Jirachi|100/100
|-damage|p1a: Jirachi|94/100|[from] Stealth Rock
|turn|5
|c|☆Ric Flarinin|who are u
|
|move|p2a: Garchomp|Earthquake|p1a: Jirachi
|-supereffective|p1a: Jirachi
|-enditem|p1a: Jirachi|Shuca Berry|[eat]
|-enditem|p1a: Jirachi|Shuca Berry|[weaken]
|-damage|p1a: Jirachi|43/100
|move|p1a: Jirachi|Icy Wind|p2a: Garchomp
|-supereffective|p2a: Garchomp
|-damage|p2a: Garchomp|32/100
|-unboost|p2a: Garchomp|spe|1
|
|upkeep
|turn|6
|
|move|p2a: Garchomp|Earthquake|p1a: Jirachi
|-supereffective|p1a: Jirachi
|-crit|p1a: Jirachi
|-damage|p1a: Jirachi|0 fnt
|faint|p1a: Jirachi
|
|upkeep
|
|switch|p1a: Garchomp|Garchomp, M|36/100
|-damage|p1a: Garchomp|30/100|[from] Stealth Rock
|turn|7
|
|move|p2a: Garchomp|Earthquake|p1a: Garchomp
|-damage|p1a: Garchomp|0 fnt
|faint|p1a: Garchomp
|
|upkeep
|c|☆Fck corona|The dude who team you stole wrong
|c|☆Fck corona|Don’t play stupid
|c|☆Ric Flarinin|no way
|c|☆Fck corona|you seen it in your
|
|switch|p1a: Latios|Latios, M|100/100
|-damage|p1a: Latios|88/100|[from] Stealth Rock
|turn|8
|c|☆Ric Flarinin|ABR?
|
|switch|p2a: Jirachi|Jirachi|94/100
|-damage|p2a: Jirachi|88/100|[from] Stealth Rock
|move|p1a: Latios|Draco Meteor|p2a: Jirachi
|-resisted|p2a: Jirachi
|-damage|p2a: Jirachi|51/100
|-unboost|p1a: Latios|spa|2
|
|-heal|p2a: Jirachi|57/100|[from] item: Leftovers
|upkeep
|turn|9
|
|move|p1a: Latios|Draco Meteor|p2a: Jirachi
|-resisted|p2a: Jirachi
|-damage|p2a: Jirachi|38/100
|-unboost|p1a: Latios|spa|2
|move|p2a: Jirachi|Icy Wind|p1a: Latios
|-supereffective|p1a: Latios
|-damage|p1a: Latios|60/100
|-unboost|p1a: Latios|spe|1
|
|-heal|p2a: Jirachi|44/100|[from] item: Leftovers
|upkeep
|turn|10
|
|switch|p1a: Kyurem|Kyurem-Black|100/100
|-damage|p1a: Kyurem|76/100|[from] Stealth Rock
|-ability|p1a: Kyurem|Teravolt
|move|p2a: Jirachi|U-turn|p1a: Kyurem
|-damage|p1a: Kyurem|63/100
|
|switch|p2a: Garchomp|Garchomp, M|32/100|[from]move: U-turn
|-damage|p2a: Garchomp|25/100|[from] Stealth Rock
|
|upkeep
|turn|11
|c|☆Fck corona|No
|c|☆Ric Flarinin|then shut up
|c|☆Ric Flarinin|about it
|c|☆Fck corona|Nigga
|c|☆Fck corona|who did abr get the team from
|c|☆Fck corona|dumb ass random
|c|☆Fck corona|what’s your smogon
|c|☆Ric Flarinin|not from u
|c|☆Ric Flarinin|this my team now
|c|☆Fck corona|You didn’t watch s tournament and steal
|c|☆Fck corona|youre actually trash
|
|move|p2a: Garchomp|Outrage|p1a: Kyurem
|-supereffective|p1a: Kyurem
|-damage|p1a: Kyurem|0 fnt
|faint|p1a: Kyurem
|
|upkeep
|c|☆Ric Flarinin|its on pastebin
|
|switch|p1a: Salamence|Salamence, M|100/100
|-damage|p1a: Salamence|76/100|[from] Stealth Rock
|turn|12
|c|☆Ric Flarinin|u clown
|inactive|Battle timer is ON: inactive players will automatically lose when time's up. (requested by Fck corona)
|
|switch|p1a: Latios|Latios, M|60/100
|-damage|p1a: Latios|48/100|[from] Stealth Rock
|move|p2a: Garchomp|Outrage|p1a: Latios|[from]lockedmove
|-supereffective|p1a: Latios
|-damage|p1a: Latios|0 fnt
|-start|p2a: Garchomp|confusion|[fatigue]
|faint|p1a: Latios
|
|upkeep
|
|switch|p1a: Salamence|Salamence, M|76/100
|-damage|p1a: Salamence|51/100|[from] Stealth Rock
|turn|13
|
|-activate|p2a: Garchomp|confusion
|move|p2a: Garchomp|Outrage|p1a: Salamence
|-supereffective|p1a: Salamence
|-damage|p1a: Salamence|0 fnt
|faint|p1a: Salamence
|
|win|Ric Flarinin
|raw|Fck corona's rating: 1463 &rarr; <strong>1433</strong><br />(-30 for losing)
|raw|Ric Flarinin's rating: 1258 &rarr; <strong>1297</strong><br />(+39 for winning)
