|j|☆Tangyz
|j|☆cdrgcde
|t:|1743758610
|gametype|singles
|player|p1|Tangyz|shadowtriad|1363
|player|p2|cdrgcde|dawn|1347
|teamsize|p1|6
|teamsize|p2|6
|gen|5
|tier|[Gen 5] OU
|rated|
|rule|Species Clause: Limit one of each Pokémon
|rule|OHKO Clause: OHKO moves are banned
|rule|Moody Clause: Moody is banned
|rule|Evasion Items Clause: Evasion items are banned
|rule|Evasion Moves Clause: Evasion moves are banned
|rule|Endless Battle Clause: Forcing endless battles is banned
|rule|HP Percentage Mod: HP is shown in percentages
|rule|Evasion Abilities Clause: Evasion abilities are banned
|rule|Sleep Moves Clause: Sleep-inducing moves are banned
|rule|Swagger Clause: Swagger is banned
|rule|Baton Pass Stat Clause: No Baton Passer may have a way to boost its stats
|clearpoke
|poke|p1|Politoed, F|item
|poke|p1|Latios, M|item
|poke|p1|Ferrothorn, F|item
|poke|p1|Keldeo|item
|poke|p1|Excadrill, F|item
|poke|p1|Thundurus-Therian, M|item
|poke|p2|Hippowdon, F|item
|poke|p2|Skarmory, M|item
|poke|p2|Clefable, M|item
|poke|p2|Starmie|item
|poke|p2|Gliscor, M|item
|poke|p2|Jirachi|item
|teampreview
|inactive|Battle timer is ON: inactive players will automatically lose when time's up. (requested by cdrgcde)
|inactive|Tangyz also wants the timer to be on.
|inactive|Tangyz has 120 seconds left.
|inactive|cdrgcde has 120 seconds left.
|inactive|Tangyz has 90 seconds left.
|
|t:|1743758672
|start
|switch|p1a: Latios|Latios, M, shiny|100/100
|switch|p2a: Hippowdon|Hippowdon, F|100/100
|-weather|Sandstorm|[from] ability: Sand Stream|[of] p2a: Hippowdon
|turn|1
|
|t:|1743758683
|switch|p2a: Jirachi|Jirachi|100/100
|move|p1a: Latios|Surf|p2a: Jirachi
|-damage|p2a: Jirachi|68/100
|
|-weather|Sandstorm|[upkeep]
|-damage|p1a: Latios|95/100|[from] Sandstorm
|-heal|p2a: Jirachi|74/100|[from] item: Leftovers
|upkeep
|turn|2
|
|t:|1743758694
|switch|p1a: Excadrill|Excadrill, F|100/100
|-ability|p1a: Excadrill|Mold Breaker
|move|p2a: Jirachi|Body Slam|p1a: Excadrill
|-resisted|p1a: Excadrill
|-damage|p1a: Excadrill|86/100
|-status|p1a: Excadrill|par
|
|-weather|Sandstorm|[upkeep]
|-heal|p2a: Jirachi|80/100|[from] item: Leftovers
|upkeep
|turn|3
|
|t:|1743758706
|switch|p2a: Gliscor|Gliscor, M|100/100
|move|p1a: Excadrill|Iron Head|p2a: Gliscor
|-damage|p2a: Gliscor|62/100
|
|-weather|Sandstorm|[upkeep]
|-status|p2a: Gliscor|tox|[from] item: Toxic Orb
|upkeep
|turn|4
|
|t:|1743758729
|switch|p1a: Politoed|Politoed, F, shiny|100/100
|-weather|RainDance|[from] ability: Drizzle|[of] p1a: Politoed
|move|p2a: Gliscor|Ice Fang|p1a: Politoed
|-resisted|p1a: Politoed
|-damage|p1a: Politoed|95/100
|
|-weather|RainDance|[upkeep]
|-heal|p1a: Politoed|100/100|[from] item: Leftovers
|-heal|p2a: Gliscor|75/100 tox|[from] ability: Poison Heal
|upkeep
|turn|5
|
|t:|1743758737
|move|p2a: Gliscor|Protect|p2a: Gliscor
|-singleturn|p2a: Gliscor|Protect
|move|p1a: Politoed|Scald|p2a: Gliscor
|-activate|p2a: Gliscor|move: Protect
|
|-weather|RainDance|[upkeep]
|-heal|p2a: Gliscor|87/100 tox|[from] ability: Poison Heal
|upkeep
|turn|6
|
|t:|1743758741
|switch|p2a: Starmie|Starmie|100/100
|move|p1a: Politoed|Scald|p2a: Starmie
|-resisted|p2a: Starmie
|-damage|p2a: Starmie|77/100
|-status|p2a: Starmie|brn
|
|-weather|RainDance|[upkeep]
|-heal|p2a: Starmie|83/100 brn|[from] item: Leftovers
|-damage|p2a: Starmie|70/100 brn|[from] brn
|upkeep
|turn|7
|
|t:|1743758746
|-curestatus|p2a: Starmie|brn|[from] ability: Natural Cure
|switch|p2a: Hippowdon|Hippowdon, F|100/100
|-weather|Sandstorm|[from] ability: Sand Stream|[of] p2a: Hippowdon
|move|p1a: Politoed|Protect||[still]
|-fail|p1a: Politoed
|
|-weather|Sandstorm|[upkeep]
|-damage|p1a: Politoed|94/100|[from] Sandstorm
|-heal|p1a: Politoed|100/100|[from] item: Leftovers
|upkeep
|turn|8
|
|t:|1743758754
|switch|p2a: Clefable|Clefable, M|100/100
|move|p1a: Politoed|Scald|p2a: Clefable
|-damage|p2a: Clefable|83/100
|
|-weather|Sandstorm|[upkeep]
|-damage|p1a: Politoed|94/100|[from] Sandstorm
|-heal|p1a: Politoed|100/100|[from] item: Leftovers
|-heal|p2a: Clefable|89/100|[from] item: Leftovers
|upkeep
|turn|9
|
|t:|1743758768
|switch|p1a: Excadrill|Excadrill, F|86/100 par
|-ability|p1a: Excadrill|Mold Breaker
|move|p2a: Clefable|Stealth Rock|p1a: Excadrill
|-sidestart|p1: Tangyz|move: Stealth Rock
|
|-weather|Sandstorm|[upkeep]
|-heal|p2a: Clefable|95/100|[from] item: Leftovers
|upkeep
|turn|10
|
|t:|1743758777
|switch|p2a: Skarmory|Skarmory, M|100/100
|cant|p1a: Excadrill|par
|
|-weather|Sandstorm|[upkeep]
|upkeep
|turn|11
|
|t:|1743758785
|move|p2a: Skarmory|Spikes|p1a: Excadrill
|-sidestart|p1: Tangyz|Spikes
|move|p1a: Excadrill|Rapid Spin|p2a: Skarmory
|-resisted|p2a: Skarmory
|-crit|p2a: Skarmory
|-damage|p2a: Skarmory|95/100
|-sideend|p1: Tangyz|Spikes|[from] move: Rapid Spin|[of] p1a: Excadrill
|-sideend|p1: Tangyz|Stealth Rock|[from] move: Rapid Spin|[of] p1a: Excadrill
|
|-weather|Sandstorm|[upkeep]
|-heal|p2a: Skarmory|100/100|[from] item: Leftovers
|upkeep
|turn|12
|
|t:|1743758789
|switch|p1a: Thundurus|Thundurus-Therian, M, shiny|100/100
|move|p2a: Skarmory|Spikes|p1a: Thundurus
|-sidestart|p1: Tangyz|Spikes
|
|-weather|Sandstorm|[upkeep]
|-damage|p1a: Thundurus|94/100|[from] Sandstorm
|-heal|p1a: Thundurus|100/100|[from] item: Leftovers
|upkeep
|turn|13
|
|t:|1743758798
|move|p1a: Thundurus|Hidden Power|p2a: Skarmory
|-damage|p2a: Skarmory|67/100
|move|p2a: Skarmory|Whirlwind|p1a: Thundurus
|drag|p1a: Latios|Latios, M, shiny|95/100
|
|-weather|Sandstorm|[upkeep]
|-damage|p1a: Latios|89/100|[from] Sandstorm
|-heal|p2a: Skarmory|73/100|[from] item: Leftovers
|upkeep
|turn|14
|
|t:|1743758804
|switch|p2a: Jirachi|Jirachi|80/100
|move|p1a: Latios|Surf|p2a: Jirachi
|-damage|p2a: Jirachi|49/100
|
|-weather|Sandstorm|[upkeep]
|-damage|p1a: Latios|83/100|[from] Sandstorm
|-heal|p2a: Jirachi|55/100|[from] item: Leftovers
|upkeep
|turn|15
|
|t:|1743758822
|switch|p1a: Politoed|Politoed, F, shiny|100/100
|-damage|p1a: Politoed|88/100|[from] Spikes
|-weather|RainDance|[from] ability: Drizzle|[of] p1a: Politoed
|move|p2a: Jirachi|Wish|p2a: Jirachi
|
|-weather|RainDance|[upkeep]
|-heal|p2a: Jirachi|61/100|[from] item: Leftovers
|-heal|p1a: Politoed|94/100|[from] item: Leftovers
|upkeep
|turn|16
|
|t:|1743758830
|move|p2a: Jirachi|Protect|p2a: Jirachi
|-singleturn|p2a: Jirachi|Protect
|move|p1a: Politoed|Protect||[still]
|-fail|p1a: Politoed
|
|-weather|RainDance|[upkeep]
|-heal|p2a: Jirachi|100/100|[from] move: Wish|[wisher] Jirachi
|-heal|p1a: Politoed|100/100|[from] item: Leftovers
|upkeep
|turn|17
|
|t:|1743758834
|switch|p2a: Starmie|Starmie|70/100
|move|p1a: Politoed|Scald|p2a: Starmie
|-resisted|p2a: Starmie
|-crit|p2a: Starmie
|-damage|p2a: Starmie|23/100
|
|-weather|RainDance|[upkeep]
|-heal|p2a: Starmie|30/100|[from] item: Leftovers
|upkeep
|turn|18
|
|t:|1743758838
|move|p1a: Politoed|Protect|p1a: Politoed
|-singleturn|p1a: Politoed|Protect
|move|p2a: Starmie|Recover|p2a: Starmie
|-heal|p2a: Starmie|80/100
|
|-weather|RainDance|[upkeep]
|-heal|p2a: Starmie|86/100|[from] item: Leftovers
|upkeep
|turn|19
|
|t:|1743758843
|switch|p2a: Clefable|Clefable, M|95/100
|move|p1a: Politoed|Encore||[still]
|-fail|p1a: Politoed
|
|-weather|RainDance|[upkeep]
|-heal|p2a: Clefable|100/100|[from] item: Leftovers
|upkeep
|turn|20
|
|t:|1743758856
|switch|p1a: Thundurus|Thundurus-Therian, M, shiny|100/100
|move|p2a: Clefable|Stealth Rock|p1a: Thundurus
|-sidestart|p1: Tangyz|move: Stealth Rock
|
|-weather|RainDance|[upkeep]
|upkeep
|turn|21
|
|t:|1743758865
|switch|p2a: Hippowdon|Hippowdon, F|100/100
|-weather|Sandstorm|[from] ability: Sand Stream|[of] p2a: Hippowdon
|move|p1a: Thundurus|Nasty Plot|p1a: Thundurus
|-boost|p1a: Thundurus|spa|2
|
|-weather|Sandstorm|[upkeep]
|-damage|p1a: Thundurus|94/100|[from] Sandstorm
|-heal|p1a: Thundurus|100/100|[from] item: Leftovers
|upkeep
|turn|22
|
|t:|1743758869
|move|p1a: Thundurus|Hidden Power|p2a: Hippowdon
|-supereffective|p2a: Hippowdon
|-damage|p2a: Hippowdon|34/100
|move|p2a: Hippowdon|Roar|p1a: Thundurus
|drag|p1a: Politoed|Politoed, F, shiny|100/100
|-damage|p1a: Politoed|88/100|[from] Spikes
|-damage|p1a: Politoed|75/100|[from] Stealth Rock
|-weather|RainDance|[from] ability: Drizzle|[of] p1a: Politoed
|
|-weather|RainDance|[upkeep]
|-heal|p1a: Politoed|82/100|[from] item: Leftovers
|-heal|p2a: Hippowdon|40/100|[from] item: Leftovers
|upkeep
|turn|23
|
|t:|1743758874
|switch|p2a: Clefable|Clefable, M|100/100
|move|p1a: Politoed|Scald|p2a: Clefable
|-damage|p2a: Clefable|76/100
|-status|p2a: Clefable|brn
|
|-weather|RainDance|[upkeep]
|-heal|p1a: Politoed|88/100|[from] item: Leftovers
|-heal|p2a: Clefable|82/100 brn|[from] item: Leftovers
|upkeep
|turn|24
|
|t:|1743758880
|move|p1a: Politoed|Protect|p1a: Politoed
|-singleturn|p1a: Politoed|Protect
|move|p2a: Clefable|Knock Off|p1a: Politoed
|-activate|p1a: Politoed|move: Protect
|
|-weather|RainDance|[upkeep]
|-heal|p1a: Politoed|94/100|[from] item: Leftovers
|-heal|p2a: Clefable|88/100 brn|[from] item: Leftovers
|upkeep
|turn|25
|
|t:|1743758884
|switch|p1a: Excadrill|Excadrill, F|86/100 par
|-damage|p1a: Excadrill|74/100 par|[from] Spikes
|-damage|p1a: Excadrill|71/100 par|[from] Stealth Rock
|-ability|p1a: Excadrill|Mold Breaker
|move|p2a: Clefable|Seismic Toss|p1a: Excadrill
|-damage|p1a: Excadrill|43/100 par
|
|-weather|RainDance|[upkeep]
|-heal|p2a: Clefable|94/100 brn|[from] item: Leftovers
|upkeep
|turn|26
|
|t:|1743758890
|switch|p2a: Hippowdon|Hippowdon, F|40/100
|-weather|Sandstorm|[from] ability: Sand Stream|[of] p2a: Hippowdon
|move|p1a: Excadrill|Rapid Spin|p2a: Hippowdon
|-damage|p2a: Hippowdon|35/100
|-sideend|p1: Tangyz|Spikes|[from] move: Rapid Spin|[of] p1a: Excadrill
|-sideend|p1: Tangyz|Stealth Rock|[from] move: Rapid Spin|[of] p1a: Excadrill
|
|-weather|Sandstorm|[upkeep]
|-heal|p2a: Hippowdon|41/100|[from] item: Leftovers
|upkeep
|turn|27
|
|t:|1743758896
|switch|p1a: Latios|Latios, M, shiny|83/100
|move|p2a: Hippowdon|Slack Off|p2a: Hippowdon
|-heal|p2a: Hippowdon|91/100
|
|-weather|Sandstorm|[upkeep]
|-damage|p1a: Latios|77/100|[from] Sandstorm
|-heal|p2a: Hippowdon|98/100|[from] item: Leftovers
|upkeep
|turn|28
|
|t:|1743758906
|switch|p2a: Jirachi|Jirachi|100/100
|move|p1a: Latios|Draco Meteor|p2a: Jirachi
|-resisted|p2a: Jirachi
|-damage|p2a: Jirachi|64/100
|-unboost|p1a: Latios|spa|2
|
|-weather|Sandstorm|[upkeep]
|-damage|p1a: Latios|71/100|[from] Sandstorm
|-heal|p2a: Jirachi|70/100|[from] item: Leftovers
|upkeep
|turn|29
|
|t:|1743758921
|switch|p1a: Politoed|Politoed, F, shiny|94/100
|-weather|RainDance|[from] ability: Drizzle|[of] p1a: Politoed
|move|p2a: Jirachi|Wish|p2a: Jirachi
|
|-weather|RainDance|[upkeep]
|-heal|p2a: Jirachi|76/100|[from] item: Leftovers
|-heal|p1a: Politoed|100/100|[from] item: Leftovers
|upkeep
|turn|30
|
|t:|1743758929
|switch|p2a: Clefable|Clefable, M|94/100 brn
|move|p1a: Politoed|Scald|p2a: Clefable
|-damage|p2a: Clefable|68/100 brn
|
|-weather|RainDance|[upkeep]
|-heal|p2a: Clefable|100/100 brn|[from] move: Wish|[wisher] Jirachi
|upkeep
|turn|31
|
|t:|1743758938
|switch|p1a: Excadrill|Excadrill, F|43/100 par
|-ability|p1a: Excadrill|Mold Breaker
|move|p2a: Clefable|Knock Off|p1a: Excadrill
|-resisted|p1a: Excadrill
|-damage|p1a: Excadrill|42/100 par
|-enditem|p1a: Excadrill|Choice Scarf|[from] move: Knock Off|[of] p2a: Clefable
|
|-weather|RainDance|[upkeep]
|upkeep
|turn|32
|
|t:|1743758946
|switch|p2a: Hippowdon|Hippowdon, F|98/100
|-weather|Sandstorm|[from] ability: Sand Stream|[of] p2a: Hippowdon
|move|p1a: Excadrill|Earthquake|p2a: Hippowdon
|-damage|p2a: Hippowdon|58/100
|
|-weather|Sandstorm|[upkeep]
|-heal|p2a: Hippowdon|64/100|[from] item: Leftovers
|upkeep
|turn|33
|
|t:|1743758956
|switch|p1a: Latios|Latios, M, shiny|71/100
|move|p2a: Hippowdon|Slack Off|p2a: Hippowdon
|-heal|p2a: Hippowdon|100/100
|
|-weather|Sandstorm|[upkeep]
|-damage|p1a: Latios|65/100|[from] Sandstorm
|upkeep
|turn|34
|
|t:|1743758968
|switch|p1a: Politoed|Politoed, F, shiny|100/100
|-weather|RainDance|[from] ability: Drizzle|[of] p1a: Politoed
|switch|p2a: Clefable|Clefable, M|100/100 brn
|
|-weather|RainDance|[upkeep]
|upkeep
|turn|35
|
|t:|1743758981
|switch|p1a: Ferrothorn|Ferrothorn, F|100/100
|move|p2a: Clefable|Seismic Toss|p1a: Ferrothorn
|-damage|p1a: Ferrothorn|72/100
|
|-weather|RainDance|[upkeep]
|upkeep
|turn|36
|
|t:|1743758987
|move|p2a: Clefable|Stealth Rock|p1a: Ferrothorn
|-sidestart|p1: Tangyz|move: Stealth Rock
|move|p1a: Ferrothorn|Gyro Ball|p2a: Clefable
|-damage|p2a: Clefable|64/100 brn
|
|-weather|RainDance|[upkeep]
|-heal|p2a: Clefable|71/100 brn|[from] item: Leftovers
|upkeep
|turn|37
|
|t:|1743758998
|switch|p1a: Latios|Latios, M, shiny|65/100
|-damage|p1a: Latios|52/100|[from] Stealth Rock
|move|p2a: Clefable|Seismic Toss|p1a: Latios
|-damage|p1a: Latios|19/100
|
|-weather|RainDance|[upkeep]
|-heal|p2a: Clefable|77/100 brn|[from] item: Leftovers
|upkeep
|turn|38
|
|t:|1743759004
|switch|p2a: Hippowdon|Hippowdon, F|100/100
|-weather|Sandstorm|[from] ability: Sand Stream|[of] p2a: Hippowdon
|move|p1a: Latios|Trick|p2a: Hippowdon
|-activate|p1a: Latios|move: Trick|[of] p2a: Hippowdon
|-item|p2a: Hippowdon|Choice Specs|[from] move: Trick
|-item|p1a: Latios|Leftovers|[from] move: Trick
|
|-weather|Sandstorm|[upkeep]
|-damage|p1a: Latios|13/100|[from] Sandstorm
|-heal|p1a: Latios|19/100|[from] item: Leftovers
|upkeep
|turn|39
|
|t:|1743759014
|switch|p2a: Jirachi|Jirachi|76/100
|move|p1a: Latios|Recover|p1a: Latios
|-heal|p1a: Latios|69/100
|
|-weather|Sandstorm|[upkeep]
|-damage|p1a: Latios|63/100|[from] Sandstorm
|-heal|p1a: Latios|69/100|[from] item: Leftovers
|-heal|p2a: Jirachi|83/100|[from] item: Leftovers
|upkeep
|turn|40
|
|t:|1743759021
|switch|p1a: Excadrill|Excadrill, F|42/100 par
|-damage|p1a: Excadrill|39/100 par|[from] Stealth Rock
|-ability|p1a: Excadrill|Mold Breaker
|move|p2a: Jirachi|Body Slam|p1a: Excadrill
|-resisted|p1a: Excadrill
|-damage|p1a: Excadrill|25/100 par
|
|-weather|Sandstorm|[upkeep]
|-heal|p2a: Jirachi|89/100|[from] item: Leftovers
|upkeep
|turn|41
|
|t:|1743759030
|switch|p1a: Politoed|Politoed, F, shiny|100/100
|-damage|p1a: Politoed|88/100|[from] Stealth Rock
|-weather|RainDance|[from] ability: Drizzle|[of] p1a: Politoed
|move|p2a: Jirachi|Iron Head|p1a: Politoed
|-resisted|p1a: Politoed
|-damage|p1a: Politoed|76/100
|
|-weather|RainDance|[upkeep]
|-heal|p2a: Jirachi|95/100|[from] item: Leftovers
|-heal|p1a: Politoed|83/100|[from] item: Leftovers
|upkeep
|turn|42
|
|t:|1743759035
|switch|p2a: Clefable|Clefable, M|77/100 brn
|move|p1a: Politoed|Scald|p2a: Clefable
|-damage|p2a: Clefable|52/100 brn
|
|-weather|RainDance|[upkeep]
|-heal|p1a: Politoed|89/100|[from] item: Leftovers
|-heal|p2a: Clefable|58/100 brn|[from] item: Leftovers
|upkeep
|turn|43
|
|t:|1743759040
|switch|p1a: Keldeo|Keldeo|100/100
|-damage|p1a: Keldeo|94/100|[from] Stealth Rock
|move|p2a: Clefable|Soft-Boiled|p2a: Clefable
|-heal|p2a: Clefable|100/100 brn
|
|-weather|RainDance|[upkeep]
|upkeep
|turn|44
|
|t:|1743759052
|switch|p2a: Hippowdon|Hippowdon, F|100/100
|-weather|Sandstorm|[from] ability: Sand Stream|[of] p2a: Hippowdon
|move|p1a: Keldeo|Hydro Pump|p2a: Hippowdon
|-supereffective|p2a: Hippowdon
|-damage|p2a: Hippowdon|5/100
|
|-weather|Sandstorm|[upkeep]
|-damage|p1a: Keldeo|88/100|[from] Sandstorm
|upkeep
|turn|45
|
|t:|1743759061
|switch|p2a: Starmie|Starmie|86/100
|move|p1a: Keldeo|Hydro Pump|p2a: Starmie
|-resisted|p2a: Starmie
|-damage|p2a: Starmie|50/100
|
|-weather|Sandstorm|[upkeep]
|-damage|p1a: Keldeo|82/100|[from] Sandstorm
|-damage|p2a: Starmie|44/100|[from] Sandstorm
|-heal|p2a: Starmie|50/100|[from] item: Leftovers
|upkeep
|turn|46
|
|t:|1743759073
|switch|p1a: Ferrothorn|Ferrothorn, F|72/100
|-damage|p1a: Ferrothorn|66/100|[from] Stealth Rock
|move|p2a: Starmie|Recover|p2a: Starmie
|-heal|p2a: Starmie|99/100
|
|-weather|Sandstorm|[upkeep]
|-damage|p2a: Starmie|94/100|[from] Sandstorm
|-heal|p2a: Starmie|99/100|[from] item: Leftovers
|upkeep
|turn|47
|
|t:|1743759079
|move|p2a: Starmie|Psychic|p1a: Ferrothorn
|-resisted|p1a: Ferrothorn
|-damage|p1a: Ferrothorn|56/100
|move|p1a: Ferrothorn|Stealth Rock|p2a: Starmie
|-sidestart|p2: cdrgcde|move: Stealth Rock
|
|-weather|Sandstorm|[upkeep]
|-damage|p2a: Starmie|94/100|[from] Sandstorm
|-heal|p2a: Starmie|99/100|[from] item: Leftovers
|upkeep
|turn|48
|
|t:|1743759082
|move|p2a: Starmie|Rapid Spin|p1a: Ferrothorn
|-resisted|p1a: Ferrothorn
|-crit|p1a: Ferrothorn
|-damage|p1a: Ferrothorn|54/100
|-damage|p2a: Starmie|87/100|[from] ability: Iron Barbs|[of] p1a: Ferrothorn
|-sideend|p2: cdrgcde|Stealth Rock|[from] move: Rapid Spin|[of] p2a: Starmie
|move|p1a: Ferrothorn|Power Whip|p2a: Starmie|[miss]
|-miss|p1a: Ferrothorn|p2a: Starmie
|
|-weather|Sandstorm|[upkeep]
|-damage|p2a: Starmie|81/100|[from] Sandstorm
|-heal|p2a: Starmie|87/100|[from] item: Leftovers
|upkeep
|turn|49
|
|t:|1743759085
|move|p2a: Starmie|Psychic|p1a: Ferrothorn
|-resisted|p1a: Ferrothorn
|-damage|p1a: Ferrothorn|45/100
|move|p1a: Ferrothorn|Power Whip|p2a: Starmie
|-supereffective|p2a: Starmie
|-damage|p2a: Starmie|22/100
|
|-weather|Sandstorm|[upkeep]
|-damage|p2a: Starmie|16/100|[from] Sandstorm
|-heal|p2a: Starmie|22/100|[from] item: Leftovers
|upkeep
|turn|50
|
|t:|1743759088
|move|p2a: Starmie|Recover|p2a: Starmie
|-heal|p2a: Starmie|72/100
|move|p1a: Ferrothorn|Power Whip|p2a: Starmie
|-supereffective|p2a: Starmie
|-damage|p2a: Starmie|7/100
|
|-weather|Sandstorm|[upkeep]
|-damage|p2a: Starmie|1/100|[from] Sandstorm
|-heal|p2a: Starmie|7/100|[from] item: Leftovers
|upkeep
|turn|51
|
|t:|1743759090
|move|p2a: Starmie|Recover|p2a: Starmie
|-heal|p2a: Starmie|57/100
|move|p1a: Ferrothorn|Stealth Rock|p2a: Starmie
|-sidestart|p2: cdrgcde|move: Stealth Rock
|
|-weather|Sandstorm|[upkeep]
|-damage|p2a: Starmie|51/100|[from] Sandstorm
|-heal|p2a: Starmie|57/100|[from] item: Leftovers
|upkeep
|turn|52
|
|t:|1743759092
|move|p2a: Starmie|Rapid Spin|p1a: Ferrothorn
|-resisted|p1a: Ferrothorn
|-damage|p1a: Ferrothorn|43/100
|-damage|p2a: Starmie|45/100|[from] ability: Iron Barbs|[of] p1a: Ferrothorn
|-sideend|p2: cdrgcde|Stealth Rock|[from] move: Rapid Spin|[of] p2a: Starmie
|move|p1a: Ferrothorn|Power Whip|p2a: Starmie
|-supereffective|p2a: Starmie
|-damage|p2a: Starmie|0 fnt
|faint|p2a: Starmie
|
|-weather|Sandstorm|[upkeep]
|upkeep
|
|t:|1743759096
|switch|p2a: Gliscor|Gliscor, M|87/100 tox
|turn|53
|
|t:|1743759099
|move|p2a: Gliscor|Taunt|p1a: Ferrothorn
|-start|p1a: Ferrothorn|move: Taunt
|cant|p1a: Ferrothorn|move: Taunt|Stealth Rock
|
|-weather|Sandstorm|[upkeep]
|-heal|p2a: Gliscor|99/100 tox|[from] ability: Poison Heal
|upkeep
|turn|54
|
|t:|1743759113
|switch|p2a: Skarmory|Skarmory, M|73/100
|switch|p1a: Latios|Latios, M, shiny|69/100
|-damage|p1a: Latios|57/100|[from] Stealth Rock
|
|-weather|Sandstorm|[upkeep]
|-damage|p1a: Latios|51/100|[from] Sandstorm
|-heal|p1a: Latios|57/100|[from] item: Leftovers
|-heal|p2a: Skarmory|79/100|[from] item: Leftovers
|upkeep
|turn|55
|
|t:|1743759128
|move|p1a: Latios|Surf|p2a: Skarmory
|-damage|p2a: Skarmory|31/100
|move|p2a: Skarmory|Spikes|p1a: Latios
|-sidestart|p1: Tangyz|Spikes
|
|-weather|Sandstorm|[upkeep]
|-damage|p1a: Latios|51/100|[from] Sandstorm
|-heal|p1a: Latios|57/100|[from] item: Leftovers
|-heal|p2a: Skarmory|37/100|[from] item: Leftovers
|upkeep
|turn|56
|
|t:|1743759132
|switch|p2a: Clefable|Clefable, M|100/100 brn
|move|p1a: Latios|Surf|p2a: Clefable
|-damage|p2a: Clefable|78/100 brn
|
|-weather|Sandstorm|[upkeep]
|-damage|p1a: Latios|51/100|[from] Sandstorm
|-heal|p1a: Latios|57/100|[from] item: Leftovers
|-heal|p2a: Clefable|85/100 brn|[from] item: Leftovers
|upkeep
|turn|57
|
|t:|1743759137
|switch|p1a: Ferrothorn|Ferrothorn, F|43/100
|-damage|p1a: Ferrothorn|37/100|[from] Stealth Rock
|-damage|p1a: Ferrothorn|25/100|[from] Spikes
|move|p2a: Clefable|Knock Off|p1a: Ferrothorn
|-resisted|p1a: Ferrothorn
|-crit|p1a: Ferrothorn
|-damage|p1a: Ferrothorn|23/100
|-enditem|p1a: Ferrothorn|Lum Berry|[from] move: Knock Off|[of] p2a: Clefable
|
|-weather|Sandstorm|[upkeep]
|-heal|p2a: Clefable|91/100 brn|[from] item: Leftovers
|upkeep
|turn|58
|
|t:|1743759140
|move|p2a: Clefable|Seismic Toss|p1a: Ferrothorn
|-damage|p1a: Ferrothorn|0 fnt
|faint|p1a: Ferrothorn
|
|-weather|Sandstorm|[upkeep]
|-heal|p2a: Clefable|97/100 brn|[from] item: Leftovers
|upkeep
|
|t:|1743759147
|switch|p1a: Politoed|Politoed, F, shiny|89/100
|-damage|p1a: Politoed|76/100|[from] Stealth Rock
|-damage|p1a: Politoed|64/100|[from] Spikes
|-weather|RainDance|[from] ability: Drizzle|[of] p1a: Politoed
|turn|59
|
|t:|1743759151
|move|p1a: Politoed|Scald|p2a: Clefable
|-damage|p2a: Clefable|73/100 brn
|move|p2a: Clefable|Seismic Toss|p1a: Politoed
|-damage|p1a: Politoed|38/100
|
|-weather|RainDance|[upkeep]
|-heal|p1a: Politoed|44/100|[from] item: Leftovers
|-heal|p2a: Clefable|79/100 brn|[from] item: Leftovers
|upkeep
|turn|60
|
|t:|1743759155
|switch|p1a: Keldeo|Keldeo|82/100
|-damage|p1a: Keldeo|76/100|[from] Stealth Rock
|-damage|p1a: Keldeo|63/100|[from] Spikes
|move|p2a: Clefable|Soft-Boiled|p2a: Clefable
|-heal|p2a: Clefable|100/100 brn
|
|-weather|RainDance|[upkeep]
|upkeep
|turn|61
|
|t:|1743759164
|switch|p2a: Hippowdon|Hippowdon, F|5/100
|-weather|Sandstorm|[from] ability: Sand Stream|[of] p2a: Hippowdon
|move|p1a: Keldeo|Surf|p2a: Hippowdon
|-supereffective|p2a: Hippowdon
|-crit|p2a: Hippowdon
|-damage|p2a: Hippowdon|0 fnt
|faint|p2a: Hippowdon
|
|-weather|Sandstorm|[upkeep]
|-damage|p1a: Keldeo|57/100|[from] Sandstorm
|upkeep
|
|t:|1743759175
|switch|p2a: Skarmory|Skarmory, M|37/100
|turn|62
|
|t:|1743759178
|switch|p2a: Clefable|Clefable, M|100/100 brn
|move|p1a: Keldeo|Surf|p2a: Clefable
|-damage|p2a: Clefable|69/100 brn
|
|-weather|Sandstorm|[upkeep]
|-damage|p1a: Keldeo|51/100|[from] Sandstorm
|-heal|p2a: Clefable|75/100 brn|[from] item: Leftovers
|upkeep
|turn|63
|
|t:|1743759188
|switch|p1a: Latios|Latios, M, shiny|57/100
|-damage|p1a: Latios|45/100|[from] Stealth Rock
|move|p2a: Clefable|Seismic Toss|p1a: Latios
|-damage|p1a: Latios|11/100
|
|-weather|Sandstorm|[upkeep]
|-damage|p1a: Latios|5/100|[from] Sandstorm
|-heal|p1a: Latios|11/100|[from] item: Leftovers
|-heal|p2a: Clefable|81/100 brn|[from] item: Leftovers
|upkeep
|turn|64
|
|t:|1743759194
|move|p1a: Latios|Recover|p1a: Latios
|-heal|p1a: Latios|62/100
|move|p2a: Clefable|Knock Off|p1a: Latios
|-supereffective|p1a: Latios
|-damage|p1a: Latios|56/100
|-enditem|p1a: Latios|Leftovers|[from] move: Knock Off|[of] p2a: Clefable
|
|-weather|Sandstorm|[upkeep]
|-damage|p1a: Latios|50/100|[from] Sandstorm
|-heal|p2a: Clefable|87/100 brn|[from] item: Leftovers
|upkeep
|turn|65
|
|t:|1743759199
|switch|p2a: Jirachi|Jirachi|95/100
|move|p1a: Latios|Draco Meteor|p2a: Jirachi
|-resisted|p2a: Jirachi
|-damage|p2a: Jirachi|71/100
|-unboost|p1a: Latios|spa|2
|
|-weather|Sandstorm|[upkeep]
|-damage|p1a: Latios|44/100|[from] Sandstorm
|-heal|p2a: Jirachi|77/100|[from] item: Leftovers
|upkeep
|turn|66
|
|t:|1743759201
|move|p1a: Latios|Recover|p1a: Latios
|-heal|p1a: Latios|95/100
|move|p2a: Jirachi|Wish|p2a: Jirachi
|
|-weather|Sandstorm|[upkeep]
|-damage|p1a: Latios|89/100|[from] Sandstorm
|-heal|p2a: Jirachi|84/100|[from] item: Leftovers
|upkeep
|turn|67
|
|t:|1743759210
|move|p1a: Latios|Trick|p2a: Jirachi
|-activate|p1a: Latios|move: Trick|[of] p2a: Jirachi
|-enditem|p2a: Jirachi|Leftovers|[silent]|[from] move: Trick
|-item|p1a: Latios|Leftovers|[from] move: Trick
|move|p2a: Jirachi|Body Slam|p1a: Latios
|-damage|p1a: Latios|61/100
|
|-weather|Sandstorm|[upkeep]
|-damage|p1a: Latios|55/100|[from] Sandstorm
|-heal|p2a: Jirachi|100/100|[from] move: Wish|[wisher] Jirachi
|-heal|p1a: Latios|61/100|[from] item: Leftovers
|upkeep
|turn|68
|
|t:|1743759214
|move|p1a: Latios|Recover|p1a: Latios
|-heal|p1a: Latios|100/100
|move|p2a: Jirachi|Wish|p2a: Jirachi
|
|-weather|Sandstorm|[upkeep]
|-damage|p1a: Latios|95/100|[from] Sandstorm
|-heal|p1a: Latios|100/100|[from] item: Leftovers
|upkeep
|turn|69
|
|t:|1743759221
|switch|p1a: Politoed|Politoed, F, shiny|44/100
|-damage|p1a: Politoed|31/100|[from] Stealth Rock
|-damage|p1a: Politoed|19/100|[from] Spikes
|-weather|RainDance|[from] ability: Drizzle|[of] p1a: Politoed
|move|p2a: Jirachi|Body Slam|p1a: Politoed
|-damage|p1a: Politoed|4/100
|
|-weather|RainDance|[upkeep]
|-heal|p1a: Politoed|10/100|[from] item: Leftovers
|upkeep
|turn|70
|
|t:|1743759223
|move|p2a: Jirachi|Body Slam|p1a: Politoed
|-crit|p1a: Politoed
|-damage|p1a: Politoed|0 fnt
|faint|p1a: Politoed
|
|-weather|RainDance|[upkeep]
|upkeep
|
|t:|1743759227
|switch|p1a: Thundurus|Thundurus-Therian, M, shiny|100/100
|-damage|p1a: Thundurus|76/100|[from] Stealth Rock
|turn|71
|
|t:|1743759229
|move|p1a: Thundurus|Thunder|p2a: Jirachi
|-damage|p2a: Jirachi|62/100
|move|p2a: Jirachi|Body Slam|p1a: Thundurus
|-damage|p1a: Thundurus|45/100
|
|-weather|RainDance|[upkeep]
|-heal|p1a: Thundurus|52/100|[from] item: Leftovers
|upkeep
|turn|72
|
|t:|1743759235
|move|p1a: Thundurus|Thunder|p2a: Jirachi
|-damage|p2a: Jirachi|22/100
|move|p2a: Jirachi|Wish|p2a: Jirachi
|
|-weather|RainDance|[upkeep]
|-heal|p1a: Thundurus|58/100|[from] item: Leftovers
|upkeep
|turn|73
|
|t:|1743759238
|move|p1a: Thundurus|Nasty Plot|p1a: Thundurus
|-boost|p1a: Thundurus|spa|2
|move|p2a: Jirachi|Body Slam|p1a: Thundurus
|-crit|p1a: Thundurus
|-damage|p1a: Thundurus|0 fnt
|faint|p1a: Thundurus
|
|-weather|RainDance|[upkeep]
|-heal|p2a: Jirachi|72/100|[from] move: Wish|[wisher] Jirachi
|upkeep
|
|t:|1743759242
|switch|p1a: Keldeo|Keldeo|51/100
|-damage|p1a: Keldeo|45/100|[from] Stealth Rock
|-damage|p1a: Keldeo|32/100|[from] Spikes
|turn|74
|
|t:|1743759251
|switch|p2a: Skarmory|Skarmory, M|37/100
|move|p1a: Keldeo|Hydro Pump|p2a: Skarmory
|-damage|p2a: Skarmory|0 fnt
|faint|p2a: Skarmory
|
|-weather|RainDance|[upkeep]
|upkeep
|
|t:|1743759264
|switch|p2a: Clefable|Clefable, M|87/100 brn
|turn|75
|
|t:|1743759270
|switch|p1a: Excadrill|Excadrill, F|25/100 par
|-damage|p1a: Excadrill|22/100 par|[from] Stealth Rock
|-damage|p1a: Excadrill|10/100 par|[from] Spikes
|-ability|p1a: Excadrill|Mold Breaker
|move|p2a: Clefable|Seismic Toss|p1a: Excadrill
|-damage|p1a: Excadrill|0 fnt
|faint|p1a: Excadrill
|
|-weather|RainDance|[upkeep]
|-heal|p2a: Clefable|93/100 brn|[from] item: Leftovers
|upkeep
|
|t:|1743759272
|switch|p1a: Latios|Latios, M, shiny|100/100
|-damage|p1a: Latios|88/100|[from] Stealth Rock
|turn|76
|
|t:|1743759276
|switch|p1a: Keldeo|Keldeo|32/100
|-damage|p1a: Keldeo|26/100|[from] Stealth Rock
|-damage|p1a: Keldeo|14/100|[from] Spikes
|switch|p2a: Jirachi|Jirachi|72/100
|
|-weather|RainDance|[upkeep]
|upkeep
|turn|77
|
|t:|1743759283
|move|p2a: Jirachi|Protect|p2a: Jirachi
|-singleturn|p2a: Jirachi|Protect
|move|p1a: Keldeo|Surf|p2a: Jirachi
|-activate|p2a: Jirachi|move: Protect
|
|-weather|RainDance|[upkeep]
|upkeep
|turn|78
|
|t:|1743759305
|switch|p2a: Gliscor|Gliscor, M|99/100 tox
|move|p1a: Keldeo|Surf|p2a: Gliscor
|-supereffective|p2a: Gliscor
|-damage|p2a: Gliscor|0 fnt
|faint|p2a: Gliscor
|
|-weather|RainDance|[upkeep]
|upkeep
|
|t:|1743759309
|switch|p2a: Clefable|Clefable, M|93/100 brn
|turn|79
|
|t:|1743759311
|move|p1a: Keldeo|Surf|p2a: Clefable
|-damage|p2a: Clefable|45/100 brn
|move|p2a: Clefable|Seismic Toss|p1a: Keldeo
|-damage|p1a: Keldeo|0 fnt
|faint|p1a: Keldeo
|
|-weather|RainDance|[upkeep]
|-heal|p2a: Clefable|51/100 brn|[from] item: Leftovers
|upkeep
|
|t:|1743759314
|switch|p1a: Latios|Latios, M, shiny|88/100
|-damage|p1a: Latios|76/100|[from] Stealth Rock
|turn|80
|
|t:|1743759319
|move|p1a: Latios|Draco Meteor|p2a: Clefable
|-damage|p2a: Clefable|4/100 brn
|-unboost|p1a: Latios|spa|2
|move|p2a: Clefable|Soft-Boiled|p2a: Clefable
|-heal|p2a: Clefable|54/100 brn
|
|-weather|RainDance|[upkeep]
|-heal|p1a: Latios|82/100|[from] item: Leftovers
|-heal|p2a: Clefable|60/100 brn|[from] item: Leftovers
|upkeep
|turn|81
|
|t:|1743759322
|move|p1a: Latios|Surf|p2a: Clefable
|-damage|p2a: Clefable|45/100 brn
|move|p2a: Clefable|Soft-Boiled|p2a: Clefable
|-heal|p2a: Clefable|95/100 brn
|
|-weather|RainDance|[upkeep]
|-heal|p1a: Latios|88/100|[from] item: Leftovers
|-heal|p2a: Clefable|100/100 brn|[from] item: Leftovers
|upkeep
|turn|82
|
|t:|1743759325
|move|p1a: Latios|Surf|p2a: Clefable
|-crit|p2a: Clefable
|-damage|p2a: Clefable|28/100 brn
|move|p2a: Clefable|Seismic Toss|p1a: Latios
|-damage|p1a: Latios|55/100
|
|-weather|RainDance|[upkeep]
|-heal|p1a: Latios|61/100|[from] item: Leftovers
|-heal|p2a: Clefable|35/100 brn|[from] item: Leftovers
|upkeep
|turn|83
|
|t:|1743759329
|move|p1a: Latios|Surf|p2a: Clefable
|-damage|p2a: Clefable|16/100 brn
|move|p2a: Clefable|Soft-Boiled|p2a: Clefable
|-heal|p2a: Clefable|66/100 brn
|
|-weather|RainDance|[upkeep]
|-heal|p1a: Latios|67/100|[from] item: Leftovers
|-heal|p2a: Clefable|72/100 brn|[from] item: Leftovers
|upkeep
|turn|84
|
|t:|1743759334
|move|p1a: Latios|Surf|p2a: Clefable
|-damage|p2a: Clefable|55/100 brn
|move|p2a: Clefable|Seismic Toss|p1a: Latios
|-damage|p1a: Latios|33/100
|
|-weather|RainDance|[upkeep]
|-heal|p1a: Latios|39/100|[from] item: Leftovers
|-heal|p2a: Clefable|61/100 brn|[from] item: Leftovers
|upkeep
|turn|85
|
|t:|1743759338
|move|p1a: Latios|Surf|p2a: Clefable
|-damage|p2a: Clefable|44/100 brn
|move|p2a: Clefable|Soft-Boiled|p2a: Clefable
|-heal|p2a: Clefable|94/100 brn
|
|-weather|RainDance|[upkeep]
|-heal|p1a: Latios|45/100|[from] item: Leftovers
|-heal|p2a: Clefable|100/100 brn|[from] item: Leftovers
|upkeep
|turn|86
|
|t:|1743759342
|move|p1a: Latios|Recover|p1a: Latios
|-heal|p1a: Latios|96/100
|move|p2a: Clefable|Knock Off|p1a: Latios
|-supereffective|p1a: Latios
|-damage|p1a: Latios|90/100
|-enditem|p1a: Latios|Leftovers|[from] move: Knock Off|[of] p2a: Clefable
|
|-weather|RainDance|[upkeep]
|upkeep
|turn|87
|
|t:|1743759349
|move|p1a: Latios|Surf|p2a: Clefable
|-damage|p2a: Clefable|84/100 brn
|move|p2a: Clefable|Knock Off|p1a: Latios
|-supereffective|p1a: Latios
|-damage|p1a: Latios|85/100
|
|-weather|RainDance|[upkeep]
|-heal|p2a: Clefable|90/100 brn|[from] item: Leftovers
|upkeep
|turn|88
|
|t:|1743759355
|move|p1a: Latios|Draco Meteor|p2a: Clefable
|-crit|p2a: Clefable
|-damage|p2a: Clefable|0 fnt
|-unboost|p1a: Latios|spa|2
|faint|p2a: Clefable
|
|-weather|RainDance|[upkeep]
|upkeep
|
|t:|1743759358
|switch|p2a: Jirachi|Jirachi|72/100
|turn|89
|
|t:|1743759365
|move|p1a: Latios|Surf|p2a: Jirachi
|-crit|p2a: Jirachi
|-damage|p2a: Jirachi|3/100
|move|p2a: Jirachi|Wish|p2a: Jirachi
|
|-weather|RainDance|[upkeep]
|upkeep
|turn|90
|
|t:|1743759367
|move|p2a: Jirachi|Protect|p2a: Jirachi
|-singleturn|p2a: Jirachi|Protect
|move|p1a: Latios|Surf|p2a: Jirachi
|-activate|p2a: Jirachi|move: Protect
|
|-weather|RainDance|[upkeep]
|-heal|p2a: Jirachi|53/100|[from] move: Wish|[wisher] Jirachi
|upkeep
|turn|91
|
|t:|1743759369
|move|p1a: Latios|Surf|p2a: Jirachi
|-damage|p2a: Jirachi|42/100
|move|p2a: Jirachi|Wish|p2a: Jirachi
|
|-weather|RainDance|[upkeep]
|upkeep
|turn|92
|
|t:|1743759372
|move|p2a: Jirachi|Protect|p2a: Jirachi
|-singleturn|p2a: Jirachi|Protect
|move|p1a: Latios|Surf|p2a: Jirachi
|-activate|p2a: Jirachi|move: Protect
|
|-weather|RainDance|[upkeep]
|-heal|p2a: Jirachi|92/100|[from] move: Wish|[wisher] Jirachi
|upkeep
|turn|93
|
|t:|1743759374
|move|p1a: Latios|Surf|p2a: Jirachi
|-damage|p2a: Jirachi|81/100
|move|p2a: Jirachi|Wish|p2a: Jirachi
|
|-weather|RainDance|[upkeep]
|upkeep
|turn|94
|
|t:|1743759377
|move|p1a: Latios|Trick||[still]
|-fail|p1a: Latios
|move|p2a: Jirachi|Body Slam|p1a: Latios
|-damage|p1a: Latios|57/100
|
|-weather|RainDance|[upkeep]
|-heal|p2a: Jirachi|100/100|[from] move: Wish|[wisher] Jirachi
|upkeep
|turn|95
|
|t:|1743759381
|move|p1a: Latios|Surf|p2a: Jirachi
|-damage|p2a: Jirachi|90/100
|move|p2a: Jirachi|Body Slam|p1a: Latios
|-crit|p1a: Latios
|-damage|p1a: Latios|0 fnt
|faint|p1a: Latios
|
|win|cdrgcde
|raw|Tangyz's rating: 1363 &rarr; <strong>1342</strong><br />(-21 for losing)
|raw|cdrgcde's rating: 1347 &rarr; <strong>1368</strong><br />(+21 for winning)
