|j|assndix
|j|Phic
|player|p1|assndix|167
|player|p2|Phic|1
|gametype|singles
|gen|5
|tier|[Gen 5] OU
|rated
|seed|40306,51119,19754,44529
|rule|Evasion Abilities Clause: Evasion abilities are banned
|rule|Baton Pass Clause: Limit one Baton Passer, can't pass Spe and other stats simultaneously
|rule|Swagger Clause: Swagger is banned
|clearpoke
|poke|p1|Tyranitar, M|item
|poke|p1|Excadrill, M|item
|poke|p1|Mew|item
|poke|p1|Amoonguss, M|item
|poke|p1|Skarmory, M|item
|poke|p1|Hydreigon, M|item
|poke|p2|Gliscor, M|item
|poke|p2|Heatran, M|item
|poke|p2|Starmie|item
|poke|p2|Garchomp, F|item
|poke|p2|Tyranitar, F|item
|poke|p2|Rotom-Wash|item
|rule|Sleep Clause Mod: Limit one foe put to sleep
|rule|Species Clause: Limit one of each Pokémon
|rule|OHKO Clause: OHKO moves are banned
|rule|Moody Clause: Moody is banned
|rule|Evasion Moves Clause: Evasion moves are banned
|rule|Endless Battle Clause: Forcing endless battles is banned
|rule|HP Percentage Mod: HP is shown in percentages
|teampreview
|choice|team 6, team 2, team 3, team 4, team 5, team 1|team 6, team 2, team 3, team 4, team 5, team 1
|
|start
|switch|p1a: Hydreigon|Hydreigon, M|329/329
|switch|p2a: Rotom|Rotom-Wash|303/303
|turn|1
|choice|move dracometeor|move willowisp
|
|move|p1a: Hydreigon|Draco Meteor|p2a: Rotom|[miss]
|-miss|p1a: Hydreigon|p2a: Rotom
|move|p2a: Rotom|Will-O-Wisp|p1a: Hydreigon
|-status|p1a: Hydreigon|brn
|
|-damage|p1a: Hydreigon|288/329 brn|[from] brn
|upkeep
|turn|2
|choice|move dracometeor|switch 2
|
|switch|p2a: Heatran|Heatran, M|386/386
|move|p1a: Hydreigon|Draco Meteor|p2a: Heatran
|-resisted|p2a: Heatran
|-damage|p2a: Heatran|269/386
|-unboost|p1a: Hydreigon|spa|2
|-damage|p1a: Hydreigon|256/329 brn|[from] item: Life Orb
|
|-heal|p2a: Heatran|293/386|[from] item: Leftovers
|-damage|p1a: Hydreigon|215/329 brn|[from] brn
|upkeep
|turn|3
|choice|switch 6|move stealthrock
|
|switch|p1a: Tyranitar|Tyranitar, M|395/395
|-weather|Sandstorm|[from] ability: Sand Stream|[of] p1a: Tyranitar
|move|p2a: Heatran|Stealth Rock|p1a: Tyranitar
|-sidestart|p1: assndix|move: Stealth Rock
|
|-weather|Sandstorm|[upkeep]
|-heal|p2a: Heatran|317/386|[from] item: Leftovers
|upkeep
|turn|4
|choice|move stealthrock|switch 6
|
|switch|p2a: Gliscor|Gliscor, M|352/352
|move|p1a: Tyranitar|Stealth Rock|p2a: Gliscor
|-sidestart|p2: Phic|move: Stealth Rock
|
|-weather|Sandstorm|[upkeep]
|-status|p2a: Gliscor|tox|[from] item: Toxic Orb
|upkeep
|turn|5
|choice|move crunch|move earthquake
|
|move|p2a: Gliscor|Earthquake|p1a: Tyranitar
|-supereffective|p1a: Tyranitar
|-damage|p1a: Tyranitar|179/395
|move|p1a: Tyranitar|Crunch|p2a: Gliscor
|-damage|p2a: Gliscor|253/352 tox
|
|-weather|Sandstorm|[upkeep]
|-heal|p2a: Gliscor|297/352 tox|[from] ability: Poison Heal
|upkeep
|turn|6
|choice|switch 5|move earthquake
|
|switch|p1a: Skarmory|Skarmory, M|333/333
|-damage|p1a: Skarmory|292/333|[from] Stealth Rock
|move|p2a: Gliscor|Earthquake|p1a: Skarmory
|-immune|p1a: Skarmory|[msg]
|
|-weather|Sandstorm|[upkeep]
|-heal|p1a: Skarmory|312/333|[from] item: Leftovers
|-heal|p2a: Gliscor|341/352 tox|[from] ability: Poison Heal
|upkeep
|turn|7
|choice|move spikes|move taunt
|
|move|p2a: Gliscor|Taunt|p1a: Skarmory
|-start|p1a: Skarmory|move: Taunt
|cant|p1a: Skarmory|move: Taunt|Spikes
|
|-weather|Sandstorm|[upkeep]
|-heal|p1a: Skarmory|332/333|[from] item: Leftovers
|-heal|p2a: Gliscor|352/352 tox|[from] ability: Poison Heal
|upkeep
|turn|8
|choice|move bravebird|move toxic
|
|move|p2a: Gliscor|Toxic|p1a: Skarmory|[miss]
|-miss|p2a: Gliscor|p1a: Skarmory
|move|p1a: Skarmory|Brave Bird|p2a: Gliscor
|-damage|p2a: Gliscor|267/352 tox
|-damage|p1a: Skarmory|304/333|[from] recoil|[of] p2a: Gliscor
|
|-weather|Sandstorm|[upkeep]
|-heal|p1a: Skarmory|324/333|[from] item: Leftovers
|-heal|p2a: Gliscor|311/352 tox|[from] ability: Poison Heal
|upkeep
|turn|9
|choice|move bravebird|switch 6
|
|switch|p2a: Heatran|Heatran, M|317/386
|-damage|p2a: Heatran|269/386|[from] Stealth Rock
|move|p1a: Skarmory|Brave Bird|p2a: Heatran
|-resisted|p2a: Heatran
|-damage|p2a: Heatran|209/386
|-damage|p1a: Skarmory|304/333|[from] recoil|[of] p2a: Heatran
|
|-weather|Sandstorm|[upkeep]
|-heal|p2a: Heatran|233/386|[from] item: Leftovers
|-heal|p1a: Skarmory|324/333|[from] item: Leftovers
|-end|p1a: Skarmory|move: Taunt
|upkeep
|turn|10
|choice|switch 6|move toxic
|
|switch|p1a: Hydreigon|Hydreigon, M|215/329 brn
|-damage|p1a: Hydreigon|174/329 brn|[from] Stealth Rock
|move|p2a: Heatran|Toxic|p1a: Hydreigon
|-fail|p1a: Hydreigon
|
|-weather|Sandstorm|[upkeep]
|-damage|p1a: Hydreigon|154/329 brn|[from] sandstorm
|-heal|p2a: Heatran|257/386|[from] item: Leftovers
|-damage|p1a: Hydreigon|113/329 brn|[from] brn
|upkeep
|turn|11
|choice|move roost|switch 4
|
|switch|p2a: Garchomp|Garchomp, F|357/357
|-damage|p2a: Garchomp|335/357|[from] Stealth Rock
|move|p1a: Hydreigon|Roost|p1a: Hydreigon
|-heal|p1a: Hydreigon|278/329 brn
|
|-weather|Sandstorm|[upkeep]
|-damage|p1a: Hydreigon|258/329 brn|[from] sandstorm
|-damage|p1a: Hydreigon|217/329 brn|[from] brn
|upkeep
|turn|12
|choice|move dracometeor|move fireblast
|
|move|p2a: Garchomp|Fire Blast|p1a: Hydreigon
|-resisted|p1a: Hydreigon
|-damage|p1a: Hydreigon|171/329 brn
|move|p1a: Hydreigon|Draco Meteor|p2a: Garchomp
|-supereffective|p2a: Garchomp
|-damage|p2a: Garchomp|0 fnt
|-unboost|p1a: Hydreigon|spa|2
|-damage|p1a: Hydreigon|139/329 brn|[from] item: Life Orb
|faint|p2a: Garchomp
|
|-weather|Sandstorm|[upkeep]
|-damage|p1a: Hydreigon|119/329 brn|[from] sandstorm
|-damage|p1a: Hydreigon|78/329 brn|[from] brn
|upkeep
|choice||switch 5
|
|switch|p2a: Tyranitar|Tyranitar, F|386/386
|-damage|p2a: Tyranitar|338/386|[from] Stealth Rock
|turn|13
|choice|switch 2|move pursuit
|
|-activate|p1a: Hydreigon|move: Pursuit
|move|p2a: Tyranitar|Pursuit|p1a: Hydreigon|[from]Pursuit
|-resisted|p1a: Hydreigon
|-damage|p1a: Hydreigon|0 fnt
|faint|p1a: Hydreigon
|
|-weather|Sandstorm|[upkeep]
|upkeep
|choice|switch 2|
|
|switch|p1a: Excadrill|Excadrill, M|361/361
|-damage|p1a: Excadrill|350/361|[from] Stealth Rock
|turn|14
|choice|move rapidspin|switch 6
|
|switch|p2a: Gliscor|Gliscor, M|311/352 tox
|-damage|p2a: Gliscor|267/352 tox|[from] Stealth Rock
|move|p1a: Excadrill|Rapid Spin|p2a: Gliscor
|-damage|p2a: Gliscor|248/352 tox
|-sideend|p1: assndix|Stealth Rock|[from] move: Rapid Spin|[of] p1a: Excadrill
|
|-weather|Sandstorm|[upkeep]
|-heal|p2a: Gliscor|292/352 tox|[from] ability: Poison Heal
|upkeep
|turn|15
|choice|switch 6|switch 4
|
|switch|p1a: Skarmory|Skarmory, M|324/333
|switch|p2a: Heatran|Heatran, M|257/386
|-damage|p2a: Heatran|209/386|[from] Stealth Rock
|
|-weather|Sandstorm|[upkeep]
|-heal|p2a: Heatran|233/386|[from] item: Leftovers
|-heal|p1a: Skarmory|333/333|[from] item: Leftovers
|upkeep
|turn|16
|choice|move spikes|move stealthrock
|
|move|p2a: Heatran|Stealth Rock|p1a: Skarmory
|-sidestart|p1: assndix|move: Stealth Rock
|move|p1a: Skarmory|Spikes|p2a: Heatran
|-sidestart|p2: Phic|Spikes
|
|-weather|Sandstorm|[upkeep]
|-heal|p2a: Heatran|257/386|[from] item: Leftovers
|upkeep
|turn|17
|choice|switch 5|move lavaplume
|
|switch|p1a: Tyranitar|Tyranitar, M|179/395
|-damage|p1a: Tyranitar|130/395|[from] Stealth Rock
|move|p2a: Heatran|Lava Plume|p1a: Tyranitar
|-resisted|p1a: Tyranitar
|-damage|p1a: Tyranitar|96/395
|-status|p1a: Tyranitar|brn
|
|-weather|Sandstorm|[upkeep]
|-heal|p2a: Heatran|281/386|[from] item: Leftovers
|-damage|p1a: Tyranitar|47/395 brn|[from] brn
|upkeep
|turn|18
|choice|move superpower|move protect
|
|move|p2a: Heatran|Protect|p2a: Heatran
|-singleturn|p2a: Heatran|Protect
|move|p1a: Tyranitar|Superpower|p2a: Heatran
|-activate|p2a: Heatran|move: Protect
|
|-weather|Sandstorm|[upkeep]
|-heal|p2a: Heatran|305/386|[from] item: Leftovers
|-damage|p1a: Tyranitar|0 fnt|[from] brn
|upkeep
|faint|p1a: Tyranitar
|choice|switch 6|
|
|switch|p1a: Excadrill|Excadrill, M|350/361
|-damage|p1a: Excadrill|339/361|[from] Stealth Rock
|turn|19
|choice|move ironhead|switch 4
|
|switch|p2a: Gliscor|Gliscor, M|292/352 tox
|-damage|p2a: Gliscor|248/352 tox|[from] Stealth Rock
|move|p1a: Excadrill|Iron Head|p2a: Gliscor
|-damage|p2a: Gliscor|109/352 tox
|
|-weather|Sandstorm|[upkeep]
|-heal|p2a: Gliscor|153/352 tox|[from] ability: Poison Heal
|upkeep
|turn|20
|choice|switch 3|move roost
|
|switch|p1a: Mew|Mew|401/401
|-damage|p1a: Mew|351/401|[from] Stealth Rock
|move|p2a: Gliscor|Roost|p2a: Gliscor
|-heal|p2a: Gliscor|329/352 tox
|
|-weather|Sandstorm|[upkeep]
|-damage|p1a: Mew|326/401|[from] sandstorm
|-heal|p1a: Mew|351/401|[from] item: Leftovers
|-heal|p2a: Gliscor|352/352 tox|[from] ability: Poison Heal
|upkeep
|turn|21
|choice|switch 3|move taunt
|
|switch|p1a: Excadrill|Excadrill, M|339/361
|-damage|p1a: Excadrill|328/361|[from] Stealth Rock
|move|p2a: Gliscor|Taunt|p1a: Excadrill
|-start|p1a: Excadrill|move: Taunt
|
|-weather|Sandstorm|[upkeep]
|upkeep
|turn|22
|choice|move earthquake|switch 3
|
|switch|p2a: Starmie|Starmie|324/324
|-damage|p2a: Starmie|284/324|[from] Stealth Rock
|-damage|p2a: Starmie|244/324|[from] Spikes
|move|p1a: Excadrill|Earthquake|p2a: Starmie
|-damage|p2a: Starmie|0 fnt
|faint|p2a: Starmie
|
|-weather|Sandstorm|[upkeep]
|upkeep
|choice||switch 2
|
|switch|p2a: Rotom|Rotom-Wash|303/303
|-damage|p2a: Rotom|266/303|[from] Stealth Rock
|turn|23
|choice|switch 4|move voltswitch
|
|switch|p1a: Amoonguss|Amoonguss, M|429/429
|-damage|p1a: Amoonguss|376/429|[from] Stealth Rock
|move|p2a: Rotom|Volt Switch|p1a: Amoonguss
|-resisted|p1a: Amoonguss
|-damage|p1a: Amoonguss|327/429
|choice||switch 6
|
|switch|p2a: Tyranitar|Tyranitar, F|338/386
|-damage|p2a: Tyranitar|290/386|[from] Stealth Rock
|-damage|p2a: Tyranitar|242/386|[from] Spikes
|
|-weather|Sandstorm|[upkeep]
|-damage|p1a: Amoonguss|301/429|[from] sandstorm
|-heal|p1a: Amoonguss|327/429|[from] item: Black Sludge
|upkeep
|turn|24
|choice|move spore|move stoneedge
|
|move|p2a: Tyranitar|Stone Edge|p1a: Amoonguss
|-damage|p1a: Amoonguss|51/429
|move|p1a: Amoonguss|Spore|p2a: Tyranitar
|-status|p2a: Tyranitar|slp
|
|-weather|Sandstorm|[upkeep]
|-damage|p1a: Amoonguss|25/429|[from] sandstorm
|-heal|p1a: Amoonguss|51/429|[from] item: Black Sludge
|upkeep
|turn|25
|choice|switch 4|switch 4
|
|switch|p2a: Heatran|Heatran, M|305/386
|-damage|p2a: Heatran|257/386|[from] Spikes
|-damage|p2a: Heatran|209/386|[from] Stealth Rock
|switch|p1a: Excadrill|Excadrill, M|328/361
|-damage|p1a: Excadrill|317/361|[from] Stealth Rock
|
|-weather|Sandstorm|[upkeep]
|-heal|p2a: Heatran|233/386|[from] item: Leftovers
|upkeep
|turn|26
|choice|move earthquake|move protect
|
|move|p2a: Heatran|Protect|p2a: Heatran
|-singleturn|p2a: Heatran|Protect
|move|p1a: Excadrill|Earthquake|p2a: Heatran
|-activate|p2a: Heatran|move: Protect
|
|-weather|Sandstorm|[upkeep]
|-heal|p2a: Heatran|257/386|[from] item: Leftovers
|upkeep
|turn|27
|choice|switch 3|switch 6
|
|switch|p1a: Mew|Mew|351/401
|-damage|p1a: Mew|301/401|[from] Stealth Rock
|switch|p2a: Rotom|Rotom-Wash|266/303
|-damage|p2a: Rotom|229/303|[from] Stealth Rock
|
|-weather|Sandstorm|[upkeep]
|-damage|p1a: Mew|276/401|[from] sandstorm
|-damage|p2a: Rotom|211/303|[from] sandstorm
|-heal|p1a: Mew|301/401|[from] item: Leftovers
|-heal|p2a: Rotom|229/303|[from] item: Leftovers
|upkeep
|turn|28
|choice|move willowisp|move willowisp
|
|move|p1a: Mew|Will-O-Wisp|p2a: Rotom
|-status|p2a: Rotom|brn
|move|p2a: Rotom|Will-O-Wisp|p1a: Mew|[miss]
|-miss|p2a: Rotom|p1a: Mew
|
|-weather|Sandstorm|[upkeep]
|-damage|p1a: Mew|276/401|[from] sandstorm
|-damage|p2a: Rotom|211/303 brn|[from] sandstorm
|-heal|p1a: Mew|301/401|[from] item: Leftovers
|-heal|p2a: Rotom|229/303 brn|[from] item: Leftovers
|-damage|p2a: Rotom|192/303 brn|[from] brn
|upkeep
|turn|29
|choice|move roost|move willowisp
|
|move|p1a: Mew|Roost|p1a: Mew
|-heal|p1a: Mew|401/401
|move|p2a: Rotom|Will-O-Wisp|p1a: Mew
|-status|p1a: Mew|brn
|-activate|p1a: Mew|ability: Synchronize
|-fail|p2a: Rotom|brn
|
|-weather|Sandstorm|[upkeep]
|-damage|p1a: Mew|376/401 brn|[from] sandstorm
|-damage|p2a: Rotom|174/303 brn|[from] sandstorm
|-heal|p1a: Mew|401/401 brn|[from] item: Leftovers
|-heal|p2a: Rotom|192/303 brn|[from] item: Leftovers
|-damage|p1a: Mew|351/401 brn|[from] brn
|-damage|p2a: Rotom|155/303 brn|[from] brn
|upkeep
|turn|30
|choice|move icebeam|move painsplit
|
|move|p1a: Mew|Ice Beam|p2a: Rotom
|-resisted|p2a: Rotom
|-damage|p2a: Rotom|130/303 brn
|move|p2a: Rotom|Pain Split|p1a: Mew
|-sethp|p1a: Mew|240/401 brn|p2a: Rotom|240/303 brn|[from] move: Pain Split
|
|-weather|Sandstorm|[upkeep]
|-damage|p1a: Mew|215/401 brn|[from] sandstorm
|-damage|p2a: Rotom|222/303 brn|[from] sandstorm
|-heal|p1a: Mew|240/401 brn|[from] item: Leftovers
|-heal|p2a: Rotom|240/303 brn|[from] item: Leftovers
|-damage|p1a: Mew|190/401 brn|[from] brn
|-damage|p2a: Rotom|203/303 brn|[from] brn
|upkeep
|turn|31
|choice|move roost|move voltswitch
|
|move|p1a: Mew|Roost|p1a: Mew
|-heal|p1a: Mew|391/401 brn
|move|p2a: Rotom|Volt Switch|p1a: Mew
|-damage|p1a: Mew|303/401 brn
|choice||switch 6
|
|switch|p2a: Heatran|Heatran, M|257/386
|-damage|p2a: Heatran|209/386|[from] Spikes
|-damage|p2a: Heatran|161/386|[from] Stealth Rock
|
|-weather|Sandstorm|[upkeep]
|-damage|p1a: Mew|278/401 brn|[from] sandstorm
|-heal|p1a: Mew|303/401 brn|[from] item: Leftovers
|-heal|p2a: Heatran|185/386|[from] item: Leftovers
|-damage|p1a: Mew|253/401 brn|[from] brn
|upkeep
|turn|32
|choice|move taunt|move lavaplume
|
|move|p1a: Mew|Taunt|p2a: Heatran
|-start|p2a: Heatran|move: Taunt
|move|p2a: Heatran|Lava Plume|p1a: Mew
|-damage|p1a: Mew|142/401 brn
|
|-weather|Sandstorm|[upkeep]
|-damage|p1a: Mew|117/401 brn|[from] sandstorm
|-heal|p1a: Mew|142/401 brn|[from] item: Leftovers
|-heal|p2a: Heatran|209/386|[from] item: Leftovers
|-damage|p1a: Mew|92/401 brn|[from] brn
|upkeep
|turn|33
|choice|move roost|move lavaplume
|
|move|p1a: Mew|Roost|p1a: Mew
|-heal|p1a: Mew|293/401 brn
|move|p2a: Heatran|Lava Plume|p1a: Mew
|-damage|p1a: Mew|164/401 brn
|
|-weather|Sandstorm|[upkeep]
|-damage|p1a: Mew|139/401 brn|[from] sandstorm
|-heal|p1a: Mew|164/401 brn|[from] item: Leftovers
|-heal|p2a: Heatran|233/386|[from] item: Leftovers
|-damage|p1a: Mew|114/401 brn|[from] brn
|upkeep
|turn|34
|choice|move icebeam|move lavaplume
|
|move|p1a: Mew|Ice Beam|p2a: Heatran
|-resisted|p2a: Heatran
|-damage|p2a: Heatran|220/386
|move|p2a: Heatran|Lava Plume|p1a: Mew
|-damage|p1a: Mew|0 fnt
|faint|p1a: Mew
|
|-weather|Sandstorm|[upkeep]
|-heal|p2a: Heatran|244/386|[from] item: Leftovers
|-end|p2a: Heatran|move: Taunt
|upkeep
|choice|switch 3|
|
|switch|p1a: Excadrill|Excadrill, M|317/361
|-damage|p1a: Excadrill|306/361|[from] Stealth Rock
|turn|35
|j|EBDSM
|choice|move earthquake|switch 3
|
|switch|p2a: Gliscor|Gliscor, M|352/352 tox
|-damage|p2a: Gliscor|308/352 tox|[from] Stealth Rock
|move|p1a: Excadrill|Earthquake|p2a: Gliscor
|-immune|p2a: Gliscor|[msg]
|
|-weather|Sandstorm|[upkeep]
|-heal|p2a: Gliscor|352/352 tox|[from] ability: Poison Heal
|upkeep
|turn|36
|choice|move earthquake|move earthquake
|
|move|p1a: Excadrill|Earthquake|p2a: Gliscor
|-immune|p2a: Gliscor|[msg]
|move|p2a: Gliscor|Earthquake|p1a: Excadrill
|-supereffective|p1a: Excadrill
|-damage|p1a: Excadrill|0 fnt
|faint|p1a: Excadrill
|
|-weather|Sandstorm|[upkeep]
|upkeep
|-message|assndix forfeited.
|
|win|Phic
|l|assndix
|raw|assndix's rating: 1491 &rarr; <strong>1461</strong><br />(-30 for losing)
|raw|Phic's rating: 1299 &rarr; <strong>1337</strong><br />(+38 for winning)