|j|☆juicemane76
|j|☆Teggun Burcs
|player|p1|juicemane76|101|1422
|player|p2|Teggun Burcs|tierno|1376
|teamsize|p1|6
|teamsize|p2|6
|gametype|singles
|gen|5
|tier|[Gen 5] OU
|rated|
|clearpoke
|poke|p1|Blissey, F|item
|poke|p1|Conkeldurr, F|item
|poke|p1|Starmie|item
|poke|p1|Landorus-Therian, M|item
|poke|p1|Breloom, F|item
|poke|p1|Gyarados, M|item
|poke|p2|Politoed, M|item
|poke|p2|Gliscor, M|item
|poke|p2|Ferrothorn, M|item
|poke|p2|Tentacruel, M|item
|poke|p2|Jirachi|item
|poke|p2|Keldeo-Resolute|item
|rule|Species Clause: Limit one of each Pokémon
|rule|OHKO Clause: OHKO moves are banned
|rule|Moody Clause: Moody is banned
|rule|Evasion Moves Clause: Evasion moves are banned
|rule|Endless Battle Clause: Forcing endless battles is banned
|rule|HP Percentage Mod: HP is shown in percentages
|rule|Evasion Abilities Clause: Evasion abilities are banned
|rule|Baton Pass Clause: Limit one Baton Passer, can't pass Spe and other stats simultaneously
|rule|Sleep Clause: Sleep-inducing moves are banned
|rule|Swagger Clause: Swagger is banned
|teampreview
|
|start
|switch|p1a: Blissey|Blissey, F|100/100
|switch|p2a: Keldeo|Keldeo-Resolute|100/100
|turn|1
|
|switch|p1a: Starmie|Starmie|100/100
|move|p2a: Keldeo|Hidden Power|p1a: Starmie
|-supereffective|p1a: Starmie
|-damage|p1a: Starmie|0 fnt
|faint|p1a: Starmie
|
|upkeep
|
|switch|p1a: Blissey|Blissey, F|100/100
|turn|2
|
|switch|p2a: Ferrothorn|Ferrothorn, M|100/100
|move|p1a: Blissey|Fire Blast|p2a: Ferrothorn
|-supereffective|p2a: Ferrothorn
|-damage|p2a: Ferrothorn|0 fnt
|faint|p2a: Ferrothorn
|
|upkeep
|c|☆Teggun Burcs|lol
|c|☆Teggun Burcs|goat
|c|☆juicemane76|this game is fire
|
|switch|p2a: Keldeo|Keldeo-Resolute|100/100
|turn|3
|
|switch|p1a: Gyarados|Gyarados, M|100/100
|move|p2a: Keldeo|Icy Wind|p1a: Gyarados
|-damage|p1a: Gyarados|72/100
|-unboost|p1a: Gyarados|spe|1
|
|upkeep
|turn|4
|
|move|p2a: Keldeo|Icy Wind|p1a: Gyarados
|-damage|p1a: Gyarados|42/100
|-unboost|p1a: Gyarados|spe|1
|move|p1a: Gyarados|Earthquake|p2a: Keldeo
|-damage|p2a: Keldeo|55/100
|
|upkeep
|turn|5
|
|switch|p2a: Politoed|Politoed, M|100/100
|-weather|RainDance|[from] ability: Drizzle|[of] p2a: Politoed
|switch|p1a: Blissey|Blissey, F|100/100
|
|-weather|RainDance|[upkeep]
|upkeep
|turn|6
|
|switch|p2a: Gliscor|Gliscor, M|100/100
|move|p1a: Blissey|Thunderbolt|p2a: Gliscor
|-immune|p2a: Gliscor
|
|-weather|RainDance|[upkeep]
|-status|p2a: Gliscor|tox|[from] item: Toxic Orb
|upkeep
|turn|7
|
|switch|p1a: Gyarados|Gyarados, M|42/100
|move|p2a: Gliscor|Substitute|p2a: Gliscor
|-start|p2a: Gliscor|Substitute
|-damage|p2a: Gliscor|75/100 tox
|
|-weather|RainDance|[upkeep]
|-heal|p2a: Gliscor|88/100 tox|[from] ability: Poison Heal
|upkeep
|turn|8
|
|move|p1a: Gyarados|Waterfall|p2a: Gliscor
|-supereffective|p2a: Gliscor
|-end|p2a: Gliscor|Substitute
|move|p2a: Gliscor|Toxic|p1a: Gyarados
|-status|p1a: Gyarados|tox
|
|-weather|RainDance|[upkeep]
|-damage|p1a: Gyarados|36/100 tox|[from] psn
|-heal|p2a: Gliscor|100/100 tox|[from] ability: Poison Heal
|upkeep
|turn|9
|
|move|p2a: Gliscor|Protect|p2a: Gliscor
|-singleturn|p2a: Gliscor|Protect
|move|p1a: Gyarados|Waterfall|p2a: Gliscor
|-activate|p2a: Gliscor|move: Protect
|
|-weather|RainDance|[upkeep]
|-damage|p1a: Gyarados|24/100 tox|[from] psn
|upkeep
|turn|10
|
|switch|p2a: Politoed|Politoed, M|100/100
|move|p1a: Gyarados|Waterfall|p2a: Politoed
|-resisted|p2a: Politoed
|-damage|p2a: Politoed|59/100
|
|-weather|RainDance|[upkeep]
|-damage|p1a: Gyarados|6/100 tox|[from] psn
|upkeep
|turn|11
|
|move|p2a: Politoed|Surf|p1a: Gyarados
|-resisted|p1a: Gyarados
|-crit|p1a: Gyarados
|-damage|p1a: Gyarados|0 fnt
|faint|p1a: Gyarados
|
|-weather|RainDance|[upkeep]
|upkeep
|
|switch|p1a: Blissey|Blissey, F|100/100
|turn|12
|
|switch|p2a: Jirachi|Jirachi|100/100
|move|p1a: Blissey|Hyper Voice|p2a: Jirachi
|-resisted|p2a: Jirachi
|-damage|p2a: Jirachi|83/100
|
|-weather|RainDance|[upkeep]
|-heal|p2a: Jirachi|89/100|[from] item: Leftovers
|upkeep
|turn|13
|
|switch|p1a: Breloom|Breloom, F|100/100
|move|p2a: Jirachi|Body Slam|p1a: Breloom
|-damage|p1a: Breloom|70/100
|
|-weather|RainDance|[upkeep]
|-heal|p2a: Jirachi|95/100|[from] item: Leftovers
|upkeep
|turn|14
|
|move|p1a: Breloom|Low Sweep|p2a: Jirachi
|-damage|p2a: Jirachi|34/100
|-unboost|p2a: Jirachi|spe|1
|move|p2a: Jirachi|Body Slam|p1a: Breloom
|-damage|p1a: Breloom|36/100
|
|-weather|RainDance|[upkeep]
|-heal|p2a: Jirachi|41/100|[from] item: Leftovers
|upkeep
|turn|15
|
|switch|p2a: Tentacruel|Tentacruel, M|100/100
|move|p1a: Breloom|Low Sweep|p2a: Tentacruel
|-resisted|p2a: Tentacruel
|-damage|p2a: Tentacruel|52/100
|-unboost|p2a: Tentacruel|spe|1
|
|-weather|RainDance|[upkeep]
|-heal|p2a: Tentacruel|58/100|[from] ability: Rain Dish
|-heal|p2a: Tentacruel|64/100|[from] item: Black Sludge
|upkeep
|turn|16
|c|☆juicemane76|sorry for hax there
|c|☆Teggun Burcs|lol its fune
|c|☆Teggun Burcs|fine
|
|switch|p1a: Conkeldurr|Conkeldurr, F|100/100
|switch|p2a: Gliscor|Gliscor, M|100/100 tox
|
|-weather|RainDance|[upkeep]
|upkeep
|turn|17
|
|switch|p2a: Politoed|Politoed, M|59/100
|move|p1a: Conkeldurr|Ice Punch|p2a: Politoed
|-resisted|p2a: Politoed
|-damage|p2a: Politoed|25/100
|
|-weather|RainDance|[upkeep]
|upkeep
|turn|18
|
|move|p1a: Conkeldurr|Mach Punch|p2a: Politoed
|-damage|p2a: Politoed|0 fnt
|-damage|p1a: Conkeldurr|91/100|[from] item: Life Orb
|faint|p2a: Politoed
|
|-weather|RainDance|[upkeep]
|upkeep
|
|switch|p2a: Keldeo|Keldeo-Resolute|55/100
|turn|19
|
|switch|p1a: Breloom|Breloom, F|36/100
|move|p2a: Keldeo|Hydro Pump|p1a: Breloom
|-resisted|p1a: Breloom
|-damage|p1a: Breloom|0 fnt
|faint|p1a: Breloom
|
|-weather|RainDance|[upkeep]
|upkeep
|
|switch|p1a: Blissey|Blissey, F|100/100
|turn|20
|
|switch|p2a: Jirachi|Jirachi|41/100
|switch|p1a: Conkeldurr|Conkeldurr, F|91/100
|
|-weather|RainDance|[upkeep]
|-heal|p2a: Jirachi|47/100|[from] item: Leftovers
|upkeep
|turn|21
|
|move|p2a: Jirachi|Body Slam|p1a: Conkeldurr
|-damage|p1a: Conkeldurr|72/100
|-status|p1a: Conkeldurr|par
|move|p1a: Conkeldurr|Drain Punch|p2a: Jirachi
|-damage|p2a: Jirachi|0 fnt
|-heal|p1a: Conkeldurr|97/100 par|[from] drain|[of] p2a: Jirachi
|-damage|p1a: Conkeldurr|87/100 par|[from] item: Life Orb
|faint|p2a: Jirachi
|
|-weather|RainDance|[upkeep]
|upkeep
|
|switch|p2a: Keldeo|Keldeo-Resolute|55/100
|turn|22
|
|move|p2a: Keldeo|Secret Sword|p1a: Conkeldurr
|-damage|p1a: Conkeldurr|29/100 par
|cant|p1a: Conkeldurr|par
|
|-weather|RainDance|[upkeep]
|upkeep
|turn|23
|
|switch|p1a: Landorus|Landorus-Therian, M|100/100
|-ability|p1a: Landorus|Intimidate|boost
|-unboost|p2a: Keldeo|atk|1
|move|p2a: Keldeo|Secret Sword|p1a: Landorus
|-resisted|p1a: Landorus
|-damage|p1a: Landorus|73/100
|
|-weather|RainDance|[upkeep]
|-heal|p1a: Landorus|79/100|[from] item: Leftovers
|upkeep
|turn|24
|
|switch|p2a: Gliscor|Gliscor, M|100/100 tox
|move|p1a: Landorus|Stealth Rock|p2a: Gliscor
|-sidestart|p2: Teggun Burcs|move: Stealth Rock
|
|-weather|RainDance|[upkeep]
|-heal|p1a: Landorus|85/100|[from] item: Leftovers
|upkeep
|turn|25
|
|move|p2a: Gliscor|Substitute|p2a: Gliscor
|-start|p2a: Gliscor|Substitute
|-damage|p2a: Gliscor|75/100 tox
|move|p1a: Landorus|Hidden Power|p2a: Gliscor
|-supereffective|p2a: Gliscor
|-end|p2a: Gliscor|Substitute
|
|-weather|RainDance|[upkeep]
|-heal|p1a: Landorus|91/100|[from] item: Leftovers
|-heal|p2a: Gliscor|88/100 tox|[from] ability: Poison Heal
|upkeep
|turn|26
|
|move|p2a: Gliscor|Toxic|p1a: Landorus
|-status|p1a: Landorus|tox
|move|p1a: Landorus|Earthquake|p2a: Gliscor
|-immune|p2a: Gliscor
|
|-weather|RainDance|[upkeep]
|-heal|p1a: Landorus|97/100 tox|[from] item: Leftovers
|-heal|p2a: Gliscor|100/100 tox|[from] ability: Poison Heal
|-damage|p1a: Landorus|91/100 tox|[from] psn
|upkeep
|turn|27
|
|switch|p1a: Blissey|Blissey, F|100/100
|move|p2a: Gliscor|Substitute|p2a: Gliscor
|-start|p2a: Gliscor|Substitute
|-damage|p2a: Gliscor|75/100 tox
|
|-weather|RainDance|[upkeep]
|-heal|p2a: Gliscor|88/100 tox|[from] ability: Poison Heal
|upkeep
|turn|28
|j| Sorcier Anguilion
|
|move|p2a: Gliscor|Earthquake|p1a: Blissey
|-damage|p1a: Blissey|64/100
|move|p1a: Blissey|Hyper Voice|p2a: Gliscor
|-end|p2a: Gliscor|Substitute
|
|-weather|RainDance|[upkeep]
|-heal|p2a: Gliscor|100/100 tox|[from] ability: Poison Heal
|upkeep
|turn|29
|
|move|p2a: Gliscor|Earthquake|p1a: Blissey
|-damage|p1a: Blissey|28/100
|move|p1a: Blissey|Hyper Voice|p2a: Gliscor
|-damage|p2a: Gliscor|38/100 tox
|
|-weather|RainDance|[upkeep]
|-heal|p2a: Gliscor|51/100 tox|[from] ability: Poison Heal
|upkeep
|turn|30
|
|move|p2a: Gliscor|Protect|p2a: Gliscor
|-singleturn|p2a: Gliscor|Protect
|move|p1a: Blissey|Hyper Voice|p2a: Gliscor
|-activate|p2a: Gliscor|move: Protect
|
|-weather|RainDance|[upkeep]
|-heal|p2a: Gliscor|63/100 tox|[from] ability: Poison Heal
|upkeep
|turn|31
|
|move|p2a: Gliscor|Earthquake|p1a: Blissey
|-damage|p1a: Blissey|0 fnt
|faint|p1a: Blissey
|
|-weather|RainDance|[upkeep]
|-heal|p2a: Gliscor|76/100 tox|[from] ability: Poison Heal
|upkeep
|
|switch|p1a: Conkeldurr|Conkeldurr, F|29/100 par
|turn|32
|c|☆juicemane76|gg i think i choked this
|-message|juicemane76 forfeited.
|
|win|Teggun Burcs
|l|☆juicemane76
|c|☆Teggun Burcs|gg
|raw|juicemane76's rating: 1422 &rarr; <strong>1399</strong><br />(-23 for losing)
|raw|Teggun Burcs's rating: 1376 &rarr; <strong>1399</strong><br />(+23 for winning)
