|j|☆Crowned Crystals ♔
|j|☆d. hasek
|t:|1724637703
|gametype|singles
|player|p1|Crowned Crystals ♔|265|1596
|player|p2|d. hasek|cynthia|1370
|teamsize|p1|6
|teamsize|p2|6
|gen|5
|tier|[Gen 5] OU
|rated|
|rule|Species Clause: Limit one of each Pokémon
|rule|OHKO Clause: OHKO moves are banned
|rule|Moody Clause: Moody is banned
|rule|Evasion Items Clause: Evasion items are banned
|rule|Evasion Moves Clause: Evasion moves are banned
|rule|Endless Battle Clause: Forcing endless battles is banned
|rule|HP Percentage Mod: HP is shown in percentages
|rule|Evasion Abilities Clause: Evasion abilities are banned
|rule|Sleep Moves Clause: Sleep-inducing moves are banned
|rule|Swagger Clause: Swagger is banned
|rule|Baton Pass Stat Clause: No Baton Passer may have a way to boost its stats
|clearpoke
|poke|p1|Politoed, F|item
|poke|p1|Keldeo|item
|poke|p1|Scizor, F|item
|poke|p1|Thundurus-Therian, M|item
|poke|p1|Ferrothorn, F|item
|poke|p1|Starmie|item
|poke|p2|Garchomp, F|item
|poke|p2|Scizor, F|item
|poke|p2|Mamoswine, F|item
|poke|p2|Starmie|item
|poke|p2|Abomasnow, M|item
|poke|p2|Dragonite, M|item
|teampreview
|inactive|Battle timer is ON: inactive players will automatically lose when time's up. (requested by d. hasek)
|inactive|Crowned Crystals ♔ also wants the timer to be on.
|
|t:|1724637724
|start
|switch|p1a: Scizor|Scizor, F|100/100
|switch|p2a: $35.168T|Abomasnow, M, shiny|100/100
|-weather|Hail|[from] ability: Snow Warning|[of] p2a: $35.168T
|turn|1
|
|t:|1724637728
|move|p2a: $35.168T|Hidden Power|p1a: Scizor
|-supereffective|p1a: Scizor
|-damage|p1a: Scizor|0 fnt
|faint|p1a: Scizor
|
|-weather|Hail|[upkeep]
|upkeep
|
|t:|1724637741
|switch|p1a: Politoed|Politoed, F, shiny|100/100
|-weather|RainDance|[from] ability: Drizzle|[of] p1a: Politoed
|turn|2
|
|t:|1724637753
|switch|p1a: Ferrothorn|Ferrothorn, F|100/100
|move|p2a: $35.168T|Giga Drain|p1a: Ferrothorn
|-resisted|p1a: Ferrothorn
|-damage|p1a: Ferrothorn|93/100
|
|-weather|RainDance|[upkeep]
|upkeep
|turn|3
|
|t:|1724637757
|switch|p2a: Red Tape|Scizor, F|100/100
|move|p1a: Ferrothorn|Stealth Rock|p2a: Red Tape
|-sidestart|p2: d. hasek|move: Stealth Rock
|
|-weather|RainDance|[upkeep]
|upkeep
|turn|4
|
|t:|1724637762
|switch|p1a: Thundurus|Thundurus-Therian, M|100/100
|move|p2a: Red Tape|Swords Dance|p2a: Red Tape
|-boost|p2a: Red Tape|atk|2
|
|-weather|RainDance|[upkeep]
|upkeep
|turn|5
|
|t:|1724637766
|move|p2a: Red Tape|Bullet Punch|p1a: Thundurus
|-resisted|p1a: Thundurus
|-damage|p1a: Thundurus|52/100
|move|p1a: Thundurus|Thunder|p2a: Red Tape
|-damage|p2a: Red Tape|9/100
|
|-weather|RainDance|[upkeep]
|-heal|p1a: Thundurus|59/100|[from] item: Leftovers
|-heal|p2a: Red Tape|15/100|[from] item: Leftovers
|upkeep
|turn|6
|
|t:|1724637772
|move|p2a: Red Tape|Bullet Punch|p1a: Thundurus
|-resisted|p1a: Thundurus
|-damage|p1a: Thundurus|6/100
|move|p1a: Thundurus|Thunder|p2a: Red Tape
|-damage|p2a: Red Tape|0 fnt
|faint|p2a: Red Tape
|
|-weather|RainDance|[upkeep]
|-heal|p1a: Thundurus|13/100|[from] item: Leftovers
|upkeep
|
|t:|1724637778
|switch|p2a: trollge|Mamoswine, F|100/100
|-damage|p2a: trollge|88/100|[from] Stealth Rock
|turn|7
|
|t:|1724637784
|switch|p1a: Politoed|Politoed, F, shiny|100/100
|move|p2a: trollge|Ice Shard|p1a: Politoed
|-resisted|p1a: Politoed
|-damage|p1a: Politoed|91/100
|
|-weather|RainDance|[upkeep]
|upkeep
|turn|8
|
|t:|1724637790
|switch|p2a: Malcolm Tucker|Starmie|100/100
|-damage|p2a: Malcolm Tucker|88/100|[from] Stealth Rock
|-item|p2a: Malcolm Tucker|Air Balloon
|move|p1a: Politoed|Scald|p2a: Malcolm Tucker
|-resisted|p2a: Malcolm Tucker
|-damage|p2a: Malcolm Tucker|63/100
|-status|p2a: Malcolm Tucker|brn
|-enditem|p2a: Malcolm Tucker|Air Balloon
|
|-weather|RainDance|[upkeep]
|-damage|p2a: Malcolm Tucker|51/100 brn|[from] brn
|upkeep
|turn|9
|
|t:|1724637795
|switch|p1a: Ferrothorn|Ferrothorn, F|93/100
|move|p2a: Malcolm Tucker|Rapid Spin|p1a: Ferrothorn
|-resisted|p1a: Ferrothorn
|-damage|p1a: Ferrothorn|93/100
|-damage|p2a: Malcolm Tucker|39/100 brn|[from] ability: Iron Barbs|[of] p1a: Ferrothorn
|-sideend|p2: d. hasek|Stealth Rock|[from] move: Rapid Spin|[of] p2a: Malcolm Tucker
|
|-weather|RainDance|[upkeep]
|-damage|p2a: Malcolm Tucker|27/100 brn|[from] brn
|upkeep
|turn|10
|
|t:|1724637798
|switch|p2a: $35.168T|Abomasnow, M, shiny|100/100
|-weather|Hail|[from] ability: Snow Warning|[of] p2a: $35.168T
|move|p1a: Ferrothorn|Stealth Rock|p2a: $35.168T
|-sidestart|p2: d. hasek|move: Stealth Rock
|
|-weather|Hail|[upkeep]
|-damage|p1a: Ferrothorn|87/100|[from] Hail
|upkeep
|turn|11
|
|t:|1724637809
|switch|p1a: Politoed|Politoed, F, shiny|91/100
|-weather|RainDance|[from] ability: Drizzle|[of] p1a: Politoed
|move|p2a: $35.168T|Focus Blast|p1a: Politoed
|-crit|p1a: Politoed
|-damage|p1a: Politoed|33/100
|
|-weather|RainDance|[upkeep]
|upkeep
|turn|12
|inactive|Crowned Crystals ♔ has 120 seconds left.
|
|t:|1724637847
|switch|p1a: Ferrothorn|Ferrothorn, F|87/100
|move|p2a: $35.168T|Giga Drain|p1a: Ferrothorn
|-resisted|p1a: Ferrothorn
|-damage|p1a: Ferrothorn|80/100
|
|-weather|RainDance|[upkeep]
|upkeep
|turn|13
|inactive|Crowned Crystals ♔ has 120 seconds left.
|
|t:|1724637857
|move|p2a: $35.168T|Focus Blast|p1a: Ferrothorn|[miss]
|-miss|p2a: $35.168T|p1a: Ferrothorn
|move|p1a: Ferrothorn|Spikes|p2a: $35.168T
|-sidestart|p2: d. hasek|Spikes
|
|-weather|RainDance|[upkeep]
|upkeep
|turn|14
|
|t:|1724637863
|move|p2a: $35.168T|Focus Blast|p1a: Ferrothorn
|-supereffective|p1a: Ferrothorn
|-damage|p1a: Ferrothorn|18/100
|-unboost|p1a: Ferrothorn|spd|1
|move|p1a: Ferrothorn|Explosion|p2a: $35.168T
|-damage|p2a: $35.168T|5/100
|faint|p1a: Ferrothorn
|
|-weather|RainDance|[upkeep]
|upkeep
|inactive|Crowned Crystals ♔ has 120 seconds left.
|
|t:|1724637874
|switch|p1a: Starmie|Starmie, shiny|100/100
|-item|p1a: Starmie|Air Balloon
|turn|15
|
|t:|1724637878
|move|p1a: Starmie|Ice Beam|p2a: $35.168T
|-damage|p2a: $35.168T|0 fnt
|faint|p2a: $35.168T
|
|-weather|RainDance|[upkeep]
|upkeep
|
|t:|1724637879
|switch|p2a: Malcolm Tucker|Starmie|27/100 brn
|-damage|p2a: Malcolm Tucker|14/100 brn|[from] Stealth Rock
|-damage|p2a: Malcolm Tucker|2/100 brn|[from] Spikes
|turn|16
|inactive|Crowned Crystals ♔ has 120 seconds left.
|
|t:|1724637916
|move|p1a: Starmie|Ice Beam|p2a: Malcolm Tucker
|-resisted|p2a: Malcolm Tucker
|-damage|p2a: Malcolm Tucker|0 fnt
|faint|p2a: Malcolm Tucker
|
|-weather|RainDance|[upkeep]
|upkeep
|-message|d. hasek forfeited.
|
|win|Crowned Crystals ♔
|raw|Crowned Crystals ♔'s rating: 1596 &rarr; <strong>1605</strong><br />(+9 for winning)
|raw|d. hasek's rating: 1370 &rarr; <strong>1361</strong><br />(-9 for losing)
|l|☆d. hasek
|player|p2|
|c|☆Crowned Crystals ♔|/log Crowned Crystals ♔ made this room public.
