|j|☆leoperi99
|j|☆torinoko city
|t:|1707174312
|gametype|singles
|player|p1|leoperi99|roxie-masters|1497
|player|p2|torinoko city|miku-flying|1555
|teamsize|p1|6
|teamsize|p2|6
|gen|5
|tier|[Gen 5] OU
|rated|
|rule|Species Clause: Limit one of each Pokémon
|rule|OHKO Clause: OHKO moves are banned
|rule|Moody Clause: Moody is banned
|rule|Evasion Items Clause: Evasion items are banned
|rule|Evasion Moves Clause: Evasion moves are banned
|rule|Endless Battle Clause: Forcing endless battles is banned
|rule|HP Percentage Mod: HP is shown in percentages
|rule|Evasion Abilities Clause: Evasion abilities are banned
|rule|Sleep Moves Clause: Sleep-inducing moves are banned
|rule|Swagger Clause: Swagger is banned
|rule|Baton Pass Stat Clause: No Baton Passer may have a way to boost its stats
|clearpoke
|poke|p1|Abomasnow, M|item
|poke|p1|Donphan, F|item
|poke|p1|Kyurem|item
|poke|p1|Slowking, F|item
|poke|p1|Skarmory, F|item
|poke|p1|Latios, M|item
|poke|p2|Abomasnow, F|item
|poke|p2|Cloyster, F|item
|poke|p2|Dragonite, M|item
|poke|p2|Volcarona, M|item
|poke|p2|Jirachi|item
|poke|p2|Garchomp, F|item
|teampreview
|inactive|Battle timer is ON: inactive players will automatically lose when time's up. (requested by torinoko city)
|inactive|leoperi99 has 120 seconds left.
|
|t:|1707174346
|start
|switch|p1a: Slowking|Slowking, F, shiny|100/100
|switch|p2a: Jirachi|Jirachi|100/100
|turn|1
|
|t:|1707174363
|move|p2a: Jirachi|U-turn|p1a: Slowking
|-supereffective|p1a: Slowking
|-damage|p1a: Slowking|62/100
|j| CasinoTime
|
|t:|1707174378
|switch|p2a: Abomasnow|Abomasnow, F|100/100|[from] U-turn
|-weather|Hail|[from] ability: Snow Warning|[of] p2a: Abomasnow
|move|p1a: Slowking|Scald|p2a: Abomasnow
|-resisted|p2a: Abomasnow
|-damage|p2a: Abomasnow|85/100
|
|-weather|Hail|[upkeep]
|-damage|p1a: Slowking|56/100|[from] Hail
|-heal|p2a: Abomasnow|91/100|[from] item: Leftovers
|-heal|p1a: Slowking|62/100|[from] item: Leftovers
|upkeep
|turn|2
|
|t:|1707174391
|switch|p1a: Latios but cooler|Kyurem, shiny|100/100
|-ability|p1a: Latios but cooler|Pressure
|move|p2a: Abomasnow|Blizzard|p1a: Latios but cooler
|-damage|p1a: Latios but cooler|70/100
|
|-weather|Hail|[upkeep]
|-heal|p2a: Abomasnow|97/100|[from] item: Leftovers
|upkeep
|turn|3
|
|t:|1707174396
|switch|p2a: Jirachi|Jirachi|100/100
|move|p1a: Latios but cooler|Draco Meteor|p2a: Jirachi
|-resisted|p2a: Jirachi
|-crit|p2a: Jirachi
|-damage|p2a: Jirachi|0 fnt
|-unboost|p1a: Latios but cooler|spa|2
|faint|p2a: Jirachi
|
|-weather|Hail|[upkeep]
|upkeep
|
|t:|1707174404
|switch|p2a: Volcarona|Volcarona, M|100/100
|turn|4
|
|t:|1707174409
|move|p2a: Volcarona|Quiver Dance|p2a: Volcarona
|-boost|p2a: Volcarona|spa|1
|-boost|p2a: Volcarona|spd|1
|-boost|p2a: Volcarona|spe|1
|move|p1a: Latios but cooler|Draco Meteor|p2a: Volcarona
|-damage|p2a: Volcarona|64/100
|-unboost|p1a: Latios but cooler|spa|2
|
|-weather|Hail|[upkeep]
|-damage|p2a: Volcarona|58/100|[from] Hail
|upkeep
|turn|5
|
|t:|1707174418
|switch|p1a: Abomasnow|Abomasnow, M, shiny|100/100
|move|p2a: Volcarona|Quiver Dance|p2a: Volcarona
|-boost|p2a: Volcarona|spa|1
|-boost|p2a: Volcarona|spd|1
|-boost|p2a: Volcarona|spe|1
|
|-weather|Hail|[upkeep]
|-damage|p2a: Volcarona|52/100|[from] Hail
|upkeep
|turn|6
|
|t:|1707174420
|move|p2a: Volcarona|Flamethrower|p1a: Abomasnow
|-supereffective|p1a: Abomasnow
|-damage|p1a: Abomasnow|0 fnt
|faint|p1a: Abomasnow
|
|-weather|Hail|[upkeep]
|-damage|p2a: Volcarona|46/100|[from] Hail
|upkeep
|
|t:|1707174434
|switch|p1a: Donphan|Donphan, F|100/100
|turn|7
|
|t:|1707174437
|move|p2a: Volcarona|Flamethrower|p1a: Donphan
|-ability|p1a: Donphan|Sturdy
|-damage|p1a: Donphan|1/100
|move|p1a: Donphan|Earthquake|p2a: Volcarona
|-damage|p2a: Volcarona|0 fnt
|faint|p2a: Volcarona
|
|-weather|Hail|[upkeep]
|-damage|p1a: Donphan|0 fnt|[from] Hail
|faint|p1a: Donphan
|upkeep
|
|t:|1707174447
|switch|p2a: Garchomp|Garchomp, F|100/100
|switch|p1a: Latios|Latios, M|100/100
|turn|8
|
|t:|1707174449
|move|p1a: Latios|Draco Meteor|p2a: Garchomp
|-supereffective|p2a: Garchomp
|-enditem|p2a: Garchomp|Focus Sash
|-damage|p2a: Garchomp|1/100
|-unboost|p1a: Latios|spa|2
|move|p2a: Garchomp|Outrage|p1a: Latios
|-supereffective|p1a: Latios
|-damage|p1a: Latios|0 fnt
|faint|p1a: Latios
|
|-weather|Hail|[upkeep]
|-damage|p2a: Garchomp|0 fnt|[from] Hail
|faint|p2a: Garchomp
|upkeep
|
|t:|1707174463
|switch|p1a: Latios but cooler|Kyurem, shiny|70/100
|switch|p2a: Dragonite|Dragonite, M|100/100
|-ability|p1a: Latios but cooler|Pressure
|turn|9
|inactive|leoperi99 has 120 seconds left.
|
|t:|1707174495
|switch|p2a: Abomasnow|Abomasnow, F|97/100
|move|p1a: Latios but cooler|Draco Meteor|p2a: Abomasnow
|-damage|p2a: Abomasnow|0 fnt
|-unboost|p1a: Latios but cooler|spa|2
|faint|p2a: Abomasnow
|
|-weather|Hail|[upkeep]
|upkeep
|
|t:|1707174499
|switch|p2a: Dragonite|Dragonite, M|100/100
|turn|10
|
|t:|1707174502
|switch|p1a: Skarmory|Skarmory, F|100/100
|move|p2a: Dragonite|Dragon Dance|p2a: Dragonite
|-boost|p2a: Dragonite|atk|1
|-boost|p2a: Dragonite|spe|1
|
|-weather|Hail|[upkeep]
|-damage|p2a: Dragonite|94/100|[from] Hail
|-damage|p1a: Skarmory|95/100|[from] Hail
|-heal|p2a: Dragonite|100/100|[from] item: Leftovers
|-heal|p1a: Skarmory|100/100|[from] item: Leftovers
|upkeep
|turn|11
|
|t:|1707174504
|move|p2a: Dragonite|Outrage|p1a: Skarmory
|-resisted|p1a: Skarmory
|-damage|p1a: Skarmory|68/100
|move|p1a: Skarmory|Whirlwind|p2a: Dragonite
|drag|p2a: Cloyster|Cloyster, F|100/100
|
|-weather|Hail|[upkeep]
|-damage|p1a: Skarmory|62/100|[from] Hail
|-heal|p1a: Skarmory|68/100|[from] item: Leftovers
|upkeep
|turn|12
|
|t:|1707174507
|switch|p1a: Slowking|Slowking, F, shiny|96/100
|move|p2a: Cloyster|Shell Smash|p2a: Cloyster
|-unboost|p2a: Cloyster|def|1
|-unboost|p2a: Cloyster|spd|1
|-boost|p2a: Cloyster|atk|2
|-boost|p2a: Cloyster|spa|2
|-boost|p2a: Cloyster|spe|2
|
|-weather|Hail|[upkeep]
|-damage|p1a: Slowking|90/100|[from] Hail
|-heal|p1a: Slowking|96/100|[from] item: Leftovers
|upkeep
|turn|13
|
|t:|1707174513
|move|p2a: Cloyster|Icicle Spear|p1a: Slowking
|-resisted|p1a: Slowking
|-damage|p1a: Slowking|83/100
|-resisted|p1a: Slowking
|-crit|p1a: Slowking
|-damage|p1a: Slowking|54/100
|-resisted|p1a: Slowking
|-damage|p1a: Slowking|41/100
|-resisted|p1a: Slowking
|-damage|p1a: Slowking|28/100
|-resisted|p1a: Slowking
|-damage|p1a: Slowking|15/100
|-hitcount|p1a: Slowking|5
|move|p1a: Slowking|Psychic|p2a: Cloyster
|-damage|p2a: Cloyster|0 fnt
|faint|p2a: Cloyster
|
|-weather|Hail|[upkeep]
|-damage|p1a: Slowking|9/100|[from] Hail
|-heal|p1a: Slowking|15/100|[from] item: Leftovers
|upkeep
|
|t:|1707174515
|switch|p2a: Dragonite|Dragonite, M|100/100
|turn|14
|
|t:|1707174518
|move|p2a: Dragonite|Dragon Dance|p2a: Dragonite
|-boost|p2a: Dragonite|atk|1
|-boost|p2a: Dragonite|spe|1
|move|p1a: Slowking|Thunder Wave|p2a: Dragonite
|-status|p2a: Dragonite|par
|
|-weather|Hail|[upkeep]
|-damage|p2a: Dragonite|94/100 par|[from] Hail
|-damage|p1a: Slowking|9/100|[from] Hail
|-heal|p2a: Dragonite|100/100 par|[from] item: Leftovers
|-heal|p1a: Slowking|15/100|[from] item: Leftovers
|upkeep
|turn|15
|
|t:|1707174523
|cant|p2a: Dragonite|par
|move|p1a: Slowking|Psychic|p2a: Dragonite
|-crit|p2a: Dragonite
|-damage|p2a: Dragonite|68/100 par
|
|-weather|Hail|[upkeep]
|-damage|p2a: Dragonite|62/100 par|[from] Hail
|-damage|p1a: Slowking|9/100|[from] Hail
|-heal|p2a: Dragonite|68/100 par|[from] item: Leftovers
|-heal|p1a: Slowking|15/100|[from] item: Leftovers
|upkeep
|turn|16
|
|t:|1707174526
|switch|p1a: Latios but cooler|Kyurem, shiny|70/100
|-ability|p1a: Latios but cooler|Pressure
|cant|p2a: Dragonite|par
|
|-weather|Hail|[upkeep]
|-damage|p2a: Dragonite|62/100 par|[from] Hail
|-heal|p2a: Dragonite|68/100 par|[from] item: Leftovers
|upkeep
|turn|17
|
|t:|1707174530
|move|p1a: Latios but cooler|Blizzard|p2a: Dragonite
|-supereffective|p2a: Dragonite
|-damage|p2a: Dragonite|0 fnt
|faint|p2a: Dragonite
|
|win|leoperi99
|raw|leoperi99's rating: 1497 &rarr; <strong>1520</strong><br />(+23 for winning)
|raw|torinoko city's rating: 1555 &rarr; <strong>1532</strong><br />(-23 for losing)
|c|☆leoperi99|gg
|c|☆torinoko city|gg
|l|☆torinoko city
|player|p2|
