|j|☆TdbT
|j|☆phosphor
|t:|1736211043
|gametype|singles
|player|p1|TdbT|acetrainersnow|1348
|player|p2|phosphor|#phosphor|1428
|teamsize|p1|6
|teamsize|p2|6
|gen|5
|tier|[Gen 5] OU
|rated|
|rule|Species Clause: Limit one of each Pokémon
|rule|OHKO Clause: OHKO moves are banned
|rule|Moody Clause: Moody is banned
|rule|Evasion Items Clause: Evasion items are banned
|rule|Evasion Moves Clause: Evasion moves are banned
|rule|Endless Battle Clause: Forcing endless battles is banned
|rule|HP Percentage Mod: HP is shown in percentages
|rule|Evasion Abilities Clause: Evasion abilities are banned
|rule|Sleep Moves Clause: Sleep-inducing moves are banned
|rule|Swagger Clause: Swagger is banned
|rule|Baton Pass Stat Clause: No Baton Passer may have a way to boost its stats
|clearpoke
|poke|p1|Abomasnow, F|item
|poke|p1|Landorus-Therian, M|item
|poke|p1|Starmie|item
|poke|p1|Volcarona, F|item
|poke|p1|Dragonite, M|item
|poke|p1|Jirachi|item
|poke|p2|Tyranitar, F|item
|poke|p2|Latios, M|item
|poke|p2|Seismitoad, M|item
|poke|p2|Forretress, M|item
|poke|p2|Heatran, M|item
|poke|p2|Reuniclus, M|item
|teampreview
|c|☆phosphor|Gl hf
|c|☆TdbT|u2
|
|t:|1736211053
|start
|switch|p1a: Ivan the mustache|Abomasnow, F, shiny|100/100
|switch|p2a: Forretress|Forretress, M|100/100
|-weather|Hail|[from] ability: Snow Warning|[of] p1a: Ivan the mustache
|turn|1
|
|t:|1736211059
|switch|p2a: Heatran|Heatran, M|100/100
|-item|p2a: Heatran|Air Balloon
|move|p1a: Ivan the mustache|Hidden Power|p2a: Heatran
|-start|p2a: Heatran|ability: Flash Fire
|
|-weather|Hail|[upkeep]
|-damage|p2a: Heatran|94/100|[from] Hail
|upkeep
|turn|2
|
|t:|1736211071
|move|p2a: Heatran|Lava Plume|p1a: Ivan the mustache
|-supereffective|p1a: Ivan the mustache
|-enditem|p1a: Ivan the mustache|Focus Sash
|-damage|p1a: Ivan the mustache|1/100
|move|p1a: Ivan the mustache|Blizzard|p2a: Heatran
|-resisted|p2a: Heatran
|-damage|p2a: Heatran|82/100
|-enditem|p2a: Heatran|Air Balloon
|
|-weather|Hail|[upkeep]
|-damage|p2a: Heatran|75/100|[from] Hail
|upkeep
|turn|3
|c|☆phosphor|I have a very similar team
|c|☆phosphor|At least i think it is?
|c|☆phosphor|Its sash boom lando right
|c|☆TdbT|yeah
|j| Duchess Sux
|
|t:|1736211151
|switch|p1a: Shark the mustache|Landorus-Therian, M|100/100
|-ability|p1a: Shark the mustache|Intimidate|boost
|-unboost|p2a: Heatran|atk|1
|move|p2a: Heatran|Lava Plume|p1a: Shark the mustache
|-damage|p1a: Shark the mustache|22/100
|
|-weather|Hail|[upkeep]
|-damage|p1a: Shark the mustache|16/100|[from] Hail
|-damage|p2a: Heatran|69/100|[from] Hail
|upkeep
|turn|4
|
|t:|1736211176
|-end|p2a: Heatran|ability: Flash Fire|[silent]
|switch|p2a: Forretress|Forretress, M|100/100
|move|p1a: Shark the mustache|Stealth Rock|p2a: Forretress
|-sidestart|p2: phosphor|move: Stealth Rock
|
|-weather|Hail|[upkeep]
|-damage|p1a: Shark the mustache|10/100|[from] Hail
|-damage|p2a: Forretress|94/100|[from] Hail
|-heal|p2a: Forretress|100/100|[from] item: Leftovers
|upkeep
|turn|5
|
|t:|1736211202
|move|p1a: Shark the mustache|Imprison|p1a: Shark the mustache
|-start|p1a: Shark the mustache|move: Imprison
|move|p2a: Forretress|Spikes|p1a: Shark the mustache
|-sidestart|p1: TdbT|Spikes
|
|-weather|Hail|[upkeep]
|-damage|p1a: Shark the mustache|4/100|[from] Hail
|-damage|p2a: Forretress|94/100|[from] Hail
|-heal|p2a: Forretress|100/100|[from] item: Leftovers
|upkeep
|turn|6
|
|t:|1736211211
|move|p1a: Shark the mustache|Earthquake|p2a: Forretress
|-damage|p2a: Forretress|69/100
|move|p2a: Forretress|Rapid Spin|p1a: Shark the mustache
|-damage|p1a: Shark the mustache|0 fnt
|-sideend|p2: phosphor|Stealth Rock|[from] move: Rapid Spin|[of] p2a: Forretress
|faint|p1a: Shark the mustache
|
|-weather|Hail|[upkeep]
|-damage|p2a: Forretress|63/100|[from] Hail
|-heal|p2a: Forretress|69/100|[from] item: Leftovers
|upkeep
|c|☆phosphor|<<view-team-735890>>
|c|☆phosphor|I think that team was way better when cloy was aro
|c|☆phosphor|Around
|
|t:|1736211253
|switch|p1a: Volcarona|Volcarona, F|100/100
|-damage|p1a: Volcarona|88/100|[from] Spikes
|turn|7
|
|t:|1736211259
|switch|p2a: Heatran|Heatran, M|69/100
|move|p1a: Volcarona|Quiver Dance|p1a: Volcarona
|-boost|p1a: Volcarona|spa|1
|-boost|p1a: Volcarona|spd|1
|-boost|p1a: Volcarona|spe|1
|
|-weather|Hail|[upkeep]
|-damage|p1a: Volcarona|82/100|[from] Hail
|-damage|p2a: Heatran|63/100|[from] Hail
|upkeep
|turn|8
|
|t:|1736211286
|move|p1a: Volcarona|Quiver Dance|p1a: Volcarona
|-boost|p1a: Volcarona|spa|1
|-boost|p1a: Volcarona|spd|1
|-boost|p1a: Volcarona|spe|1
|move|p2a: Heatran|Lava Plume|p1a: Volcarona
|-damage|p1a: Volcarona|62/100
|
|-weather|Hail|[upkeep]
|-damage|p1a: Volcarona|56/100|[from] Hail
|-damage|p2a: Heatran|57/100|[from] Hail
|upkeep
|turn|9
|
|t:|1736211296
|move|p1a: Volcarona|Quiver Dance|p1a: Volcarona
|-boost|p1a: Volcarona|spa|1
|-boost|p1a: Volcarona|spd|1
|-boost|p1a: Volcarona|spe|1
|move|p2a: Heatran|Lava Plume|p1a: Volcarona
|-damage|p1a: Volcarona|37/100
|
|-weather|Hail|[upkeep]
|-damage|p1a: Volcarona|31/100|[from] Hail
|-damage|p2a: Heatran|51/100|[from] Hail
|upkeep
|turn|10
|
|t:|1736211314
|move|p1a: Volcarona|Giga Drain|p2a: Heatran
|-resisted|p2a: Heatran
|-damage|p2a: Heatran|34/100
|-heal|p1a: Volcarona|40/100|[from] drain|[of] p2a: Heatran
|move|p2a: Heatran|Lava Plume|p1a: Volcarona
|-damage|p1a: Volcarona|24/100
|
|-weather|Hail|[upkeep]
|-damage|p1a: Volcarona|18/100|[from] Hail
|-damage|p2a: Heatran|27/100|[from] Hail
|upkeep
|turn|11
|
|t:|1736211323
|move|p1a: Volcarona|Giga Drain|p2a: Heatran
|-resisted|p2a: Heatran
|-damage|p2a: Heatran|11/100
|-heal|p1a: Volcarona|26/100|[from] drain|[of] p2a: Heatran
|move|p2a: Heatran|Lava Plume|p1a: Volcarona
|-damage|p1a: Volcarona|11/100
|
|-weather|Hail|[upkeep]
|-damage|p1a: Volcarona|4/100|[from] Hail
|-damage|p2a: Heatran|5/100|[from] Hail
|upkeep
|turn|12
|
|t:|1736211334
|move|p1a: Volcarona|Giga Drain|p2a: Heatran
|-resisted|p2a: Heatran
|-damage|p2a: Heatran|0 fnt
|-heal|p1a: Volcarona|7/100|[from] drain|[of] p2a: Heatran
|faint|p2a: Heatran
|
|-weather|Hail|[upkeep]
|-damage|p1a: Volcarona|0 fnt|[from] Hail
|faint|p1a: Volcarona
|upkeep
|
|t:|1736211367
|switch|p1a: Jimi the Lucky|Jirachi|100/100
|switch|p2a: Reuniclus|Reuniclus, M|100/100
|-damage|p1a: Jimi the Lucky|88/100|[from] Spikes
|turn|13
|c|☆phosphor|T
|
|t:|1736211375
|switch|p2a: Seismitoad|Seismitoad, M|100/100
|move|p1a: Jimi the Lucky|U-turn|p2a: Seismitoad
|-damage|p2a: Seismitoad|86/100
|
|t:|1736211420
|switch|p1a: Starmie|Starmie|100/100|[from] U-turn
|-item|p1a: Starmie|Air Balloon
|
|-weather|Hail|[upkeep]
|-damage|p1a: Starmie|94/100|[from] Hail
|-damage|p2a: Seismitoad|79/100|[from] Hail
|-heal|p2a: Seismitoad|86/100|[from] item: Leftovers
|upkeep
|turn|14
|
|t:|1736211428
|move|p1a: Starmie|Rapid Spin|p2a: Seismitoad
|-damage|p2a: Seismitoad|84/100
|-sideend|p1: TdbT|Spikes|[from] move: Rapid Spin|[of] p1a: Starmie
|move|p2a: Seismitoad|Toxic|p1a: Starmie
|-status|p1a: Starmie|tox
|
|-weather|Hail|[upkeep]
|-damage|p1a: Starmie|88/100 tox|[from] Hail
|-damage|p2a: Seismitoad|78/100|[from] Hail
|-heal|p2a: Seismitoad|84/100|[from] item: Leftovers
|-damage|p1a: Starmie|82/100 tox|[from] psn
|upkeep
|turn|15
|
|t:|1736211452
|switch|p1a: Jimi the Lucky|Jirachi|88/100
|move|p2a: Seismitoad|Stealth Rock|p1a: Jimi the Lucky
|-sidestart|p1: TdbT|move: Stealth Rock
|
|-weather|Hail|[upkeep]
|-damage|p1a: Jimi the Lucky|82/100|[from] Hail
|-damage|p2a: Seismitoad|78/100|[from] Hail
|-heal|p2a: Seismitoad|84/100|[from] item: Leftovers
|upkeep
|turn|16
|
|t:|1736211463
|move|p1a: Jimi the Lucky|Iron Head|p2a: Seismitoad
|-resisted|p2a: Seismitoad
|-damage|p2a: Seismitoad|71/100
|move|p2a: Seismitoad|Scald|p1a: Jimi the Lucky
|-damage|p1a: Jimi the Lucky|60/100
|-status|p1a: Jimi the Lucky|brn
|
|-weather|Hail|[upkeep]
|-damage|p1a: Jimi the Lucky|53/100 brn|[from] Hail
|-damage|p2a: Seismitoad|65/100|[from] Hail
|-heal|p2a: Seismitoad|71/100|[from] item: Leftovers
|-damage|p1a: Jimi the Lucky|41/100 brn|[from] brn
|upkeep
|turn|17
|-message|TdbT forfeited.
|
|win|phosphor
|raw|TdbT's rating: 1348 &rarr; <strong>1333</strong><br />(-15 for losing)
|raw|phosphor's rating: 1428 &rarr; <strong>1443</strong><br />(+15 for winning)
|l|☆TdbT
|player|p1|
|c|☆phosphor|Gg
