|j|☆bxh318916
|j|☆the alchemist 67
|t:|1730282179
|gametype|singles
|player|p1|bxh318916|steven|1355
|player|p2|the alchemist 67|rood|1377
|teamsize|p1|6
|teamsize|p2|6
|gen|5
|tier|[Gen 5] OU
|rated|
|rule|Species Clause: Limit one of each Pokémon
|rule|OHKO Clause: OHKO moves are banned
|rule|Moody Clause: Moody is banned
|rule|Evasion Items Clause: Evasion items are banned
|rule|Evasion Moves Clause: Evasion moves are banned
|rule|Endless Battle Clause: Forcing endless battles is banned
|rule|HP Percentage Mod: HP is shown in percentages
|rule|Evasion Abilities Clause: Evasion abilities are banned
|rule|Sleep Moves Clause: Sleep-inducing moves are banned
|rule|Swagger Clause: Swagger is banned
|rule|Baton Pass Stat Clause: No Baton Passer may have a way to boost its stats
|clearpoke
|poke|p1|Tyranitar, M|item
|poke|p1|Keldeo|item
|poke|p1|Garchomp, M|item
|poke|p1|Zapdos|item
|poke|p1|Scizor, F|item
|poke|p1|Starmie|item
|poke|p2|Haxorus, F|item
|poke|p2|Magnezone|item
|poke|p2|Mamoswine, F|item
|poke|p2|Latios, M|item
|poke|p2|Garchomp, F|item
|poke|p2|Politoed, M|item
|teampreview
|inactive|Battle timer is ON: inactive players will automatically lose when time's up. (requested by the alchemist 67)
|
|t:|1730282192
|start
|switch|p1a: Starmie|Starmie|100/100
|switch|p2a: Politoed|Politoed, M|100/100
|-weather|RainDance|[from] ability: Drizzle|[of] p2a: Politoed
|turn|1
|
|t:|1730282200
|move|p2a: Politoed|Hidden Power|p1a: Starmie
|-supereffective|p1a: Starmie
|-damage|p1a: Starmie|57/100
|move|p1a: Starmie|Scald|p2a: Politoed
|-resisted|p2a: Politoed
|-damage|p2a: Politoed|78/100
|
|-weather|RainDance|[upkeep]
|-heal|p1a: Starmie|63/100|[from] item: Leftovers
|upkeep
|turn|2
|
|t:|1730282215
|switch|p2a: Garchomp|Garchomp, F|100/100
|move|p1a: Starmie|Recover|p1a: Starmie
|-heal|p1a: Starmie|100/100
|
|-weather|RainDance|[upkeep]
|upkeep
|turn|3
|
|t:|1730282224
|switch|p2a: Politoed|Politoed, M|78/100
|move|p1a: Starmie|Scald|p2a: Politoed
|-resisted|p2a: Politoed
|-damage|p2a: Politoed|55/100
|-status|p2a: Politoed|brn
|
|-weather|RainDance|[upkeep]
|-damage|p2a: Politoed|42/100 brn|[from] brn
|upkeep
|turn|4
|
|t:|1730282241
|switch|p2a: Haxorus|Haxorus, F|100/100
|-ability|p2a: Haxorus|Mold Breaker
|move|p1a: Starmie|Scald|p2a: Haxorus
|-resisted|p2a: Haxorus
|-damage|p2a: Haxorus|70/100
|
|-weather|RainDance|[upkeep]
|upkeep
|turn|5
|
|t:|1730282258
|move|p1a: Starmie|Thunder Wave|p2a: Haxorus
|-status|p2a: Haxorus|par
|cant|p2a: Haxorus|par
|
|-weather|RainDance|[upkeep]
|upkeep
|turn|6
|
|t:|1730282266
|move|p1a: Starmie|Scald|p2a: Haxorus
|-resisted|p2a: Haxorus
|-damage|p2a: Haxorus|36/100 par
|move|p2a: Haxorus|Outrage|p1a: Starmie
|-damage|p1a: Starmie|0 fnt
|faint|p1a: Starmie
|
|-weather|RainDance|[upkeep]
|upkeep
|
|t:|1730282283
|switch|p1a: Tyranitar|Tyranitar, M|100/100
|-weather|Sandstorm|[from] ability: Sand Stream|[of] p1a: Tyranitar
|turn|7
|
|t:|1730282297
|move|p1a: Tyranitar|Crunch|p2a: Haxorus
|-damage|p2a: Haxorus|0 fnt
|faint|p2a: Haxorus
|
|-weather|Sandstorm|[upkeep]
|upkeep
|
|t:|1730282300
|switch|p2a: Politoed|Politoed, M|42/100 brn
|-weather|RainDance|[from] ability: Drizzle|[of] p2a: Politoed
|turn|8
|
|t:|1730282313
|move|p2a: Politoed|Hydro Pump|p1a: Tyranitar|[miss]
|-miss|p2a: Politoed|p1a: Tyranitar
|move|p1a: Tyranitar|Crunch|p2a: Politoed
|-damage|p2a: Politoed|0 fnt
|faint|p2a: Politoed
|
|-weather|RainDance|[upkeep]
|upkeep
|
|t:|1730282317
|switch|p2a: Mamoswine|Mamoswine, F|100/100
|turn|9
|
|t:|1730282328
|switch|p1a: Scizor|Scizor, F|100/100
|move|p2a: Mamoswine|Earthquake|p1a: Scizor
|-crit|p1a: Scizor
|-damage|p1a: Scizor|5/100
|-damage|p2a: Mamoswine|91/100|[from] item: Life Orb
|
|-weather|RainDance|[upkeep]
|-heal|p1a: Scizor|11/100|[from] item: Leftovers
|upkeep
|turn|10
|
|t:|1730282339
|move|p2a: Mamoswine|Ice Shard|p1a: Scizor
|-resisted|p1a: Scizor
|-damage|p1a: Scizor|1/100
|-damage|p2a: Mamoswine|81/100|[from] item: Life Orb
|move|p1a: Scizor|Bullet Punch|p2a: Mamoswine
|-supereffective|p2a: Mamoswine
|-damage|p2a: Mamoswine|20/100
|
|-weather|RainDance|[upkeep]
|-heal|p1a: Scizor|7/100|[from] item: Leftovers
|upkeep
|turn|11
|
|t:|1730282352
|switch|p1a: Keldeo|Keldeo|100/100
|move|p2a: Mamoswine|Earthquake|p1a: Keldeo
|-damage|p1a: Keldeo|23/100
|-damage|p2a: Mamoswine|10/100|[from] item: Life Orb
|
|-weather|RainDance|[upkeep]
|-heal|p1a: Keldeo|29/100|[from] item: Leftovers
|upkeep
|turn|12
|
|t:|1730282364
|switch|p2a: Latios|Latios, M|100/100
|move|p1a: Keldeo|Secret Sword|p2a: Latios
|-resisted|p2a: Latios
|-damage|p2a: Latios|68/100
|
|-weather|RainDance|[upkeep]
|-heal|p1a: Keldeo|35/100|[from] item: Leftovers
|upkeep
|turn|13
|
|t:|1730282380
|switch|p2a: Mamoswine|Mamoswine, F|10/100
|move|p1a: Keldeo|Secret Sword|p2a: Mamoswine
|-supereffective|p2a: Mamoswine
|-damage|p2a: Mamoswine|0 fnt
|faint|p2a: Mamoswine
|
|-weather|RainDance|[upkeep]
|-heal|p1a: Keldeo|42/100|[from] item: Leftovers
|upkeep
|
|t:|1730282383
|switch|p2a: Latios|Latios, M|68/100
|turn|14
|
|t:|1730282402
|switch|p1a: Tyranitar|Tyranitar, M|100/100
|-weather|Sandstorm|[from] ability: Sand Stream|[of] p1a: Tyranitar
|move|p2a: Latios|Surf|p1a: Tyranitar
|-supereffective|p1a: Tyranitar
|-damage|p1a: Tyranitar|53/100
|-damage|p2a: Latios|58/100|[from] item: Life Orb
|
|-weather|Sandstorm|[upkeep]
|-damage|p2a: Latios|52/100|[from] Sandstorm
|upkeep
|turn|15
|
|t:|1730282418
|move|p2a: Latios|Draco Meteor|p1a: Tyranitar
|-damage|p1a: Tyranitar|1/100
|-unboost|p2a: Latios|spa|2
|-damage|p2a: Latios|42/100|[from] item: Life Orb
|move|p1a: Tyranitar|Crunch|p2a: Latios
|-supereffective|p2a: Latios
|-damage|p2a: Latios|0 fnt
|faint|p2a: Latios
|
|-weather|Sandstorm|[upkeep]
|upkeep
|c|☆the alchemist 67|Stop
|
|t:|1730282430
|switch|p2a: Magnezone|Magnezone|100/100
|-item|p2a: Magnezone|Air Balloon
|turn|16
|
|t:|1730282440
|move|p2a: Magnezone|Substitute|p2a: Magnezone
|-start|p2a: Magnezone|Substitute
|-damage|p2a: Magnezone|76/100
|move|p1a: Tyranitar|Crunch|p2a: Magnezone
|-resisted|p2a: Magnezone
|-end|p2a: Magnezone|Substitute
|-enditem|p2a: Magnezone|Air Balloon
|
|-weather|Sandstorm|[upkeep]
|upkeep
|turn|17
|
|t:|1730282452
|move|p2a: Magnezone|Substitute|p2a: Magnezone
|-start|p2a: Magnezone|Substitute
|-damage|p2a: Magnezone|51/100
|move|p1a: Tyranitar|Crunch|p2a: Magnezone
|-resisted|p2a: Magnezone
|-end|p2a: Magnezone|Substitute
|
|-weather|Sandstorm|[upkeep]
|upkeep
|turn|18
|
|t:|1730282460
|move|p2a: Magnezone|Charge Beam|p1a: Tyranitar
|-damage|p1a: Tyranitar|0 fnt
|-boost|p2a: Magnezone|spa|1
|faint|p1a: Tyranitar
|
|-weather|Sandstorm|[upkeep]
|upkeep
|
|t:|1730282475
|switch|p1a: Keldeo|Keldeo|42/100
|turn|19
|
|t:|1730282479
|move|p1a: Keldeo|Secret Sword|p2a: Magnezone
|-supereffective|p2a: Magnezone
|-damage|p2a: Magnezone|0 fnt
|faint|p2a: Magnezone
|
|-weather|Sandstorm|[upkeep]
|-damage|p1a: Keldeo|35/100|[from] Sandstorm
|-heal|p1a: Keldeo|42/100|[from] item: Leftovers
|upkeep
|
|t:|1730282486
|switch|p2a: Garchomp|Garchomp, F|100/100
|turn|20
|
|t:|1730282492
|move|p2a: Garchomp|Outrage|p1a: Keldeo
|-damage|p1a: Keldeo|0 fnt
|faint|p1a: Keldeo
|
|-weather|Sandstorm|[upkeep]
|upkeep
|
|t:|1730282499
|switch|p1a: Garchomp|Garchomp, M|100/100
|turn|21
|
|t:|1730282503
|move|p2a: Garchomp|Outrage|p1a: Garchomp|[from]lockedmove
|-supereffective|p1a: Garchomp
|-damage|p1a: Garchomp|0 fnt
|-damage|p2a: Garchomp|88/100|[from] ability: Rough Skin|[of] p1a: Garchomp
|faint|p1a: Garchomp
|
|-weather|Sandstorm|[upkeep]
|upkeep
|
|t:|1730282514
|switch|p1a: Zapdos|Zapdos|100/100
|-ability|p1a: Zapdos|Pressure
|turn|22
|
|t:|1730282522
|move|p2a: Garchomp|Outrage|p1a: Zapdos|[from]lockedmove
|-crit|p1a: Zapdos
|-damage|p1a: Zapdos|0 fnt
|faint|p1a: Zapdos
|-start|p2a: Garchomp|confusion|[fatigue]
|
|-weather|Sandstorm|[upkeep]
|upkeep
|c|☆the alchemist 67|Deserved
|
|t:|1730282531
|switch|p1a: Scizor|Scizor, F|7/100
|turn|23
|c|☆the alchemist 67|gg
|
|t:|1730282534
|-activate|p2a: Garchomp|confusion
|-damage|p2a: Garchomp|74/100|[from] confusion
|move|p1a: Scizor|Roost|p1a: Scizor
|-heal|p1a: Scizor|57/100
|-singleturn|p1a: Scizor|move: Roost
|
|-weather|Sandstorm|[upkeep]
|-heal|p1a: Scizor|63/100|[from] item: Leftovers
|upkeep
|turn|24
|c|☆the alchemist 67|Not deserved xD
|c|☆the alchemist 67|Not gg
|
|t:|1730282552
|-end|p2a: Garchomp|confusion
|move|p2a: Garchomp|Outrage|p1a: Scizor
|-resisted|p1a: Scizor
|-damage|p1a: Scizor|39/100
|move|p1a: Scizor|Roost|p1a: Scizor
|-heal|p1a: Scizor|89/100
|-singleturn|p1a: Scizor|move: Roost
|
|-weather|Sandstorm|[upkeep]
|-heal|p1a: Scizor|95/100|[from] item: Leftovers
|upkeep
|turn|25
|
|t:|1730282564
|move|p2a: Garchomp|Outrage|p1a: Scizor|[from]lockedmove
|-resisted|p1a: Scizor
|-damage|p1a: Scizor|74/100
|-start|p2a: Garchomp|confusion|[fatigue]
|move|p1a: Scizor|Swords Dance|p1a: Scizor
|-boost|p1a: Scizor|atk|2
|
|-weather|Sandstorm|[upkeep]
|-heal|p1a: Scizor|80/100|[from] item: Leftovers
|upkeep
|turn|26
|
|t:|1730282576
|-activate|p2a: Garchomp|confusion
|-damage|p2a: Garchomp|58/100|[from] confusion
|move|p1a: Scizor|Swords Dance|p1a: Scizor
|-boost|p1a: Scizor|atk|2
|
|-weather|Sandstorm|[upkeep]
|-heal|p1a: Scizor|87/100|[from] item: Leftovers
|upkeep
|turn|27
|
|t:|1730282584
|move|p1a: Scizor|Bullet Punch|p2a: Garchomp
|-damage|p2a: Garchomp|0 fnt
|-damage|p1a: Scizor|74/100|[from] ability: Rough Skin|[of] p2a: Garchomp
|faint|p2a: Garchomp
|
|win|bxh318916
|raw|bxh318916's rating: 1355 &rarr; <strong>1376</strong><br />(+21 for winning)
|raw|the alchemist 67's rating: 1377 &rarr; <strong>1356</strong><br />(-21 for losing)
|l|☆the alchemist 67
|player|p2|
|l|☆bxh318916
|player|p1|
|j|☆bxh318916
|player|p1|bxh318916|steven|
