|j|☆Silexius
|j|☆pastinalite
|t:|1711738522
|gametype|singles
|player|p1|Silexius|169|1303
|player|p2|pastinalite|fantina|1321
|teamsize|p1|6
|teamsize|p2|6
|gen|5
|tier|[Gen 5] OU
|rated|
|rule|Species Clause: Limit one of each Pokémon
|rule|OHKO Clause: OHKO moves are banned
|rule|Moody Clause: Moody is banned
|rule|Evasion Items Clause: Evasion items are banned
|rule|Evasion Moves Clause: Evasion moves are banned
|rule|Endless Battle Clause: Forcing endless battles is banned
|rule|HP Percentage Mod: HP is shown in percentages
|rule|Evasion Abilities Clause: Evasion abilities are banned
|rule|Sleep Moves Clause: Sleep-inducing moves are banned
|rule|Swagger Clause: Swagger is banned
|rule|Baton Pass Stat Clause: No Baton Passer may have a way to boost its stats
|clearpoke
|poke|p1|Cresselia, F|item
|poke|p1|Excadrill, F|item
|poke|p1|Lucario, F|item
|poke|p1|Keldeo|item
|poke|p1|Tyranitar, F|item
|poke|p1|Heatran, M|item
|poke|p2|Ninetales, F|item
|poke|p2|Donphan, M|item
|poke|p2|Heatran, F|item
|poke|p2|Hydreigon, F|item
|poke|p2|Victini|item
|poke|p2|Volcarona, F|item
|teampreview
|inactive|Battle timer is ON: inactive players will automatically lose when time's up. (requested by pastinalite)
|
|t:|1711738543
|start
|switch|p1a: Tyranitar|Tyranitar, F|100/100
|switch|p2a: Donphan|Donphan, M|100/100
|-weather|Sandstorm|[from] ability: Sand Stream|[of] p1a: Tyranitar
|turn|1
|
|t:|1711738549
|switch|p1a: Cresselia|Cresselia, F|100/100
|move|p2a: Donphan|Earthquake|p1a: Cresselia
|-immune|p1a: Cresselia|[from] ability: Levitate
|
|-weather|Sandstorm|[upkeep]
|-damage|p1a: Cresselia|94/100|[from] Sandstorm
|-heal|p1a: Cresselia|100/100|[from] item: Leftovers
|upkeep
|turn|2
|
|t:|1711738554
|move|p1a: Cresselia|Ice Beam|p2a: Donphan
|-supereffective|p2a: Donphan
|-damage|p2a: Donphan|53/100
|-status|p2a: Donphan|frz
|cant|p2a: Donphan|frz
|
|-weather|Sandstorm|[upkeep]
|-damage|p1a: Cresselia|94/100|[from] Sandstorm
|-heal|p1a: Cresselia|100/100|[from] item: Leftovers
|-heal|p2a: Donphan|59/100 frz|[from] item: Leftovers
|upkeep
|turn|3
|
|t:|1711738558
|move|p1a: Cresselia|Ice Beam|p2a: Donphan
|-supereffective|p2a: Donphan
|-damage|p2a: Donphan|10/100 frz
|cant|p2a: Donphan|frz
|
|-weather|Sandstorm|[upkeep]
|-damage|p1a: Cresselia|94/100|[from] Sandstorm
|-heal|p1a: Cresselia|100/100|[from] item: Leftovers
|-heal|p2a: Donphan|17/100 frz|[from] item: Leftovers
|upkeep
|turn|4
|
|t:|1711738565
|switch|p2a: Heatran|Heatran, F|100/100
|move|p1a: Cresselia|Ice Beam|p2a: Heatran
|-resisted|p2a: Heatran
|-damage|p2a: Heatran|96/100
|-status|p2a: Heatran|frz
|
|-weather|Sandstorm|[upkeep]
|-damage|p1a: Cresselia|94/100|[from] Sandstorm
|-heal|p1a: Cresselia|100/100|[from] item: Leftovers
|upkeep
|turn|5
|
|t:|1711738571
|cant|p2a: Heatran|frz
|move|p1a: Cresselia|Thunder Wave||[still]
|-fail|p1a: Cresselia
|
|-weather|Sandstorm|[upkeep]
|-damage|p1a: Cresselia|94/100|[from] Sandstorm
|-heal|p1a: Cresselia|100/100|[from] item: Leftovers
|upkeep
|turn|6
|c|☆Silexius|lol
|
|t:|1711738575
|cant|p2a: Heatran|frz
|move|p1a: Cresselia|Psyshock|p2a: Heatran
|-resisted|p2a: Heatran
|-damage|p2a: Heatran|86/100 frz
|
|-weather|Sandstorm|[upkeep]
|-damage|p1a: Cresselia|94/100|[from] Sandstorm
|-heal|p1a: Cresselia|100/100|[from] item: Leftovers
|upkeep
|turn|7
|
|t:|1711738581
|cant|p2a: Heatran|frz
|move|p1a: Cresselia|Thunder Wave||[still]
|-fail|p1a: Cresselia
|
|-weather|Sandstorm|[upkeep]
|-damage|p1a: Cresselia|94/100|[from] Sandstorm
|-heal|p1a: Cresselia|100/100|[from] item: Leftovers
|upkeep
|turn|8
|
|t:|1711738584
|cant|p2a: Heatran|frz
|move|p1a: Cresselia|Psyshock|p2a: Heatran
|-resisted|p2a: Heatran
|-damage|p2a: Heatran|75/100 frz
|
|-weather|Sandstorm|[upkeep]
|-damage|p1a: Cresselia|94/100|[from] Sandstorm
|-heal|p1a: Cresselia|100/100|[from] item: Leftovers
|upkeep
|turn|9
|
|t:|1711738589
|-curestatus|p2a: Heatran|frz|[msg]
|move|p2a: Heatran|Flame Charge|p1a: Cresselia
|-damage|p1a: Cresselia|94/100
|-boost|p2a: Heatran|spe|1
|move|p1a: Cresselia|Psyshock|p2a: Heatran
|-resisted|p2a: Heatran
|-damage|p2a: Heatran|65/100
|
|-weather|Sandstorm|[upkeep]
|-damage|p1a: Cresselia|87/100|[from] Sandstorm
|-heal|p1a: Cresselia|94/100|[from] item: Leftovers
|upkeep
|turn|10
|
|t:|1711738593
|move|p2a: Heatran|Dark Pulse|p1a: Cresselia
|-supereffective|p1a: Cresselia
|-damage|p1a: Cresselia|60/100
|move|p1a: Cresselia|Thunder Wave|p2a: Heatran
|-status|p2a: Heatran|par
|
|-weather|Sandstorm|[upkeep]
|-damage|p1a: Cresselia|54/100|[from] Sandstorm
|-heal|p1a: Cresselia|60/100|[from] item: Leftovers
|upkeep
|turn|11
|
|t:|1711738598
|move|p1a: Cresselia|Moonlight|p1a: Cresselia
|-heal|p1a: Cresselia|85/100
|cant|p2a: Heatran|par
|
|-weather|Sandstorm|[upkeep]
|-damage|p1a: Cresselia|79/100|[from] Sandstorm
|-heal|p1a: Cresselia|85/100|[from] item: Leftovers
|upkeep
|turn|12
|
|t:|1711738601
|switch|p2a: Ninetales|Ninetales, F, shiny|100/100
|-weather|SunnyDay|[from] ability: Drought|[of] p2a: Ninetales
|move|p1a: Cresselia|Psyshock|p2a: Ninetales
|-damage|p2a: Ninetales|67/100
|
|-weather|SunnyDay|[upkeep]
|-heal|p2a: Ninetales|73/100|[from] item: Leftovers
|-heal|p1a: Cresselia|91/100|[from] item: Leftovers
|upkeep
|turn|13
|
|t:|1711738604
|move|p2a: Ninetales|Nasty Plot|p2a: Ninetales
|-boost|p2a: Ninetales|spa|2
|move|p1a: Cresselia|Psyshock|p2a: Ninetales
|-damage|p2a: Ninetales|40/100
|
|-weather|SunnyDay|[upkeep]
|-heal|p2a: Ninetales|46/100|[from] item: Leftovers
|-heal|p1a: Cresselia|97/100|[from] item: Leftovers
|upkeep
|turn|14
|
|t:|1711738607
|move|p2a: Ninetales|Will-O-Wisp|p1a: Cresselia
|-status|p1a: Cresselia|brn
|move|p1a: Cresselia|Thunder Wave|p2a: Ninetales
|-status|p2a: Ninetales|par
|
|-weather|SunnyDay|[upkeep]
|-heal|p1a: Cresselia|100/100 brn|[from] item: Leftovers
|-heal|p2a: Ninetales|52/100 par|[from] item: Leftovers
|-damage|p1a: Cresselia|88/100 brn|[from] brn
|upkeep
|turn|15
|
|t:|1711738610
|move|p1a: Cresselia|Psyshock|p2a: Ninetales
|-damage|p2a: Ninetales|19/100 par
|cant|p2a: Ninetales|par
|
|-weather|SunnyDay|[upkeep]
|-heal|p1a: Cresselia|94/100 brn|[from] item: Leftovers
|-heal|p2a: Ninetales|25/100 par|[from] item: Leftovers
|-damage|p1a: Cresselia|82/100 brn|[from] brn
|upkeep
|turn|16
|
|t:|1711738617
|switch|p2a: Donphan|Donphan, M|17/100 frz
|move|p1a: Cresselia|Psyshock|p2a: Donphan
|-damage|p2a: Donphan|0 fnt
|faint|p2a: Donphan
|
|-weather|SunnyDay|[upkeep]
|-heal|p1a: Cresselia|88/100 brn|[from] item: Leftovers
|-damage|p1a: Cresselia|75/100 brn|[from] brn
|upkeep
|
|t:|1711738621
|switch|p2a: Victini|Victini|100/100
|turn|17
|
|t:|1711738625
|move|p2a: Victini|U-turn|p1a: Cresselia
|-supereffective|p1a: Cresselia
|-damage|p1a: Cresselia|44/100 brn
|
|t:|1711738627
|switch|p2a: Heatran|Heatran, F|65/100 par|[from] U-turn
|move|p1a: Cresselia|Moonlight|p1a: Cresselia
|-heal|p1a: Cresselia|100/100 brn
|
|-weather|SunnyDay|[upkeep]
|-damage|p1a: Cresselia|88/100 brn|[from] brn
|upkeep
|turn|18
|
|t:|1711738635
|switch|p1a: Heatran|Heatran, M|100/100
|move|p2a: Heatran|Flamethrower|p1a: Heatran
|-start|p1a: Heatran|ability: Flash Fire
|
|-weather|SunnyDay|[upkeep]
|upkeep
|turn|19
|
|t:|1711738640
|move|p1a: Heatran|Stealth Rock|p2a: Heatran
|-sidestart|p2: pastinalite|move: Stealth Rock
|move|p2a: Heatran|Dark Pulse|p1a: Heatran
|-resisted|p1a: Heatran
|-damage|p1a: Heatran|93/100
|
|-weather|SunnyDay|[upkeep]
|-heal|p1a: Heatran|99/100|[from] item: Leftovers
|upkeep
|turn|20
|
|t:|1711738656
|-end|p1a: Heatran|ability: Flash Fire|[silent]
|switch|p1a: Tyranitar|Tyranitar, F|100/100
|-weather|Sandstorm|[from] ability: Sand Stream|[of] p1a: Tyranitar
|switch|p2a: Hydreigon|Hydreigon, F|100/100
|-damage|p2a: Hydreigon|88/100|[from] Stealth Rock
|
|-weather|Sandstorm|[upkeep]
|-damage|p2a: Hydreigon|82/100|[from] Sandstorm
|upkeep
|turn|21
|
|t:|1711738670
|move|p2a: Hydreigon|Surf|p1a: Tyranitar
|-supereffective|p1a: Tyranitar
|-damage|p1a: Tyranitar|50/100
|move|p1a: Tyranitar|Ice Beam|p2a: Hydreigon
|-supereffective|p2a: Hydreigon
|-crit|p2a: Hydreigon
|-damage|p2a: Hydreigon|0 fnt
|faint|p2a: Hydreigon
|
|-weather|Sandstorm|[upkeep]
|upkeep
|
|t:|1711738679
|switch|p2a: Ninetales|Ninetales, F, shiny|25/100 par
|-damage|p2a: Ninetales|0 fnt|[from] Stealth Rock
|faint|p2a: Ninetales
|-message|pastinalite forfeited.
|
|win|Silexius
|raw|Silexius's rating: 1303 &rarr; <strong>1324</strong><br />(+21 for winning)
|raw|pastinalite's rating: 1321 &rarr; <strong>1300</strong><br />(-21 for losing)
|l|☆pastinalite
|player|p2|
