|j|☆nidiedi
|j|☆Hazess
|t:|1724331443
|gametype|singles
|player|p1|nidiedi|169|1469
|player|p2|Hazess|hilbert|1383
|teamsize|p1|6
|teamsize|p2|6
|gen|5
|tier|[Gen 5] OU
|rated|
|rule|Species Clause: Limit one of each Pokémon
|rule|OHKO Clause: OHKO moves are banned
|rule|Moody Clause: Moody is banned
|rule|Evasion Items Clause: Evasion items are banned
|rule|Evasion Moves Clause: Evasion moves are banned
|rule|Endless Battle Clause: Forcing endless battles is banned
|rule|HP Percentage Mod: HP is shown in percentages
|rule|Evasion Abilities Clause: Evasion abilities are banned
|rule|Sleep Moves Clause: Sleep-inducing moves are banned
|rule|Swagger Clause: Swagger is banned
|rule|Baton Pass Stat Clause: No Baton Passer may have a way to boost its stats
|clearpoke
|poke|p1|Volcarona, F|item
|poke|p1|Salamence, M|item
|poke|p1|Xatu, M|item
|poke|p1|Ninetales, M|item
|poke|p1|Excadrill, M|item
|poke|p1|Heatran, M|item
|poke|p2|Infernape, M|item
|poke|p2|Dragonite, M|item
|poke|p2|Garchomp, M|item
|poke|p2|Starmie|item
|poke|p2|Jirachi|item
|poke|p2|Thundurus-Therian, M|item
|teampreview
|inactive|Battle timer is ON: inactive players will automatically lose when time's up. (requested by nidiedi)
|
|t:|1724331471
|start
|switch|p1a: ru|Xatu, M|100/100
|switch|p2a: Thundurus|Thundurus-Therian, M|100/100
|turn|1
|
|t:|1724331495
|move|p2a: Thundurus|Agility|p2a: Thundurus
|-boost|p2a: Thundurus|spe|2
|move|p1a: ru|U-turn|p2a: Thundurus
|-resisted|p2a: Thundurus
|-damage|p2a: Thundurus|90/100
|
|t:|1724331508
|switch|p1a: Ninetales|Ninetales, M|100/100|[from] U-turn
|-weather|SunnyDay|[from] ability: Drought|[of] p1a: Ninetales
|
|-weather|SunnyDay|[upkeep]
|-heal|p2a: Thundurus|97/100|[from] item: Leftovers
|upkeep
|turn|2
|
|t:|1724331514
|switch|p2a: Cranberry|Infernape, M, shiny|100/100
|move|p1a: Ninetales|Flamethrower|p2a: Cranberry
|-resisted|p2a: Cranberry
|-damage|p2a: Cranberry|67/100
|
|-weather|SunnyDay|[upkeep]
|upkeep
|turn|3
|inactive|nidiedi has 120 seconds left.
|
|t:|1724331544
|move|p2a: Cranberry|Overheat|p1a: Ninetales
|-resisted|p1a: Ninetales
|-damage|p1a: Ninetales|54/100
|-unboost|p2a: Cranberry|spa|2
|-enditem|p1a: Ninetales|Eject Button
|-damage|p2a: Cranberry|57/100|[from] item: Life Orb
|inactive|nidiedi has 90 seconds left.
|
|t:|1724331576
|switch|p1a: Salamence|Salamence, M|100/100
|
|-weather|SunnyDay|[upkeep]
|upkeep
|turn|4
|inactive|nidiedi has 90 seconds left.
|
|t:|1724331594
|switch|p2a: Dragonite|Dragonite, M|100/100
|move|p1a: Salamence|Dragon Claw|p2a: Dragonite
|-supereffective|p2a: Dragonite
|-damage|p2a: Dragonite|51/100
|
|-weather|SunnyDay|[upkeep]
|upkeep
|turn|5
|
|t:|1724331602
|switch|p2a: Jirachi|Jirachi|100/100
|move|p1a: Salamence|Dragon Claw|p2a: Jirachi
|-resisted|p2a: Jirachi
|-damage|p2a: Jirachi|78/100
|
|-weather|SunnyDay|[upkeep]
|upkeep
|turn|6
|inactive|nidiedi has 90 seconds left.
|
|t:|1724331617
|switch|p1a: ru|Xatu, M|100/100
|move|p2a: Jirachi|Ice Punch|p1a: ru
|-supereffective|p1a: ru
|-damage|p1a: ru|56/100
|-damage|p2a: Jirachi|62/100|[from] item: Rocky Helmet|[of] p1a: ru
|
|-weather|SunnyDay|[upkeep]
|upkeep
|turn|7
|
|t:|1724331644
|switch|p2a: Thundurus|Thundurus-Therian, M|97/100
|switch|p1a: Excadrill|Excadrill, M|100/100
|-ability|p1a: Excadrill|Mold Breaker
|
|-weather|SunnyDay|[upkeep]
|-heal|p2a: Thundurus|100/100|[from] item: Leftovers
|upkeep
|turn|8
|inactive|nidiedi has 60 seconds left.
|
|t:|1724331662
|switch|p1a: Volcarona|Volcarona, F|100/100
|move|p2a: Thundurus|Focus Blast|p1a: Volcarona
|-resisted|p1a: Volcarona
|-damage|p1a: Volcarona|76/100
|
|-weather|SunnyDay|[upkeep]
|upkeep
|turn|9
|inactive|nidiedi has 60 seconds left.
|
|t:|1724331674
|move|p2a: Thundurus|Thunder|p1a: Volcarona|[miss]
|-miss|p2a: Thundurus|p1a: Volcarona
|move|p1a: Volcarona|Flamethrower|p2a: Thundurus
|-damage|p2a: Thundurus|0 fnt
|faint|p2a: Thundurus
|
|-weather|SunnyDay|[upkeep]
|upkeep
|
|t:|1724331681
|switch|p2a: Garchomp|Garchomp, M|100/100
|turn|10
|inactive|nidiedi has 60 seconds left.
|
|t:|1724331712
|switch|p2a: Dragonite|Dragonite, M|51/100
|move|p1a: Volcarona|Hidden Power|p2a: Dragonite
|-supereffective|p2a: Dragonite
|-damage|p2a: Dragonite|0 fnt
|faint|p2a: Dragonite
|
|-weather|SunnyDay|[upkeep]
|upkeep
|
|t:|1724331722
|switch|p2a: Starmie|Starmie|100/100
|-item|p2a: Starmie|Air Balloon
|turn|11
|
|t:|1724331728
|move|p2a: Starmie|Hydro Pump|p1a: Volcarona
|-supereffective|p1a: Volcarona
|-enditem|p1a: Volcarona|Passho Berry|[eat]
|-enditem|p1a: Volcarona|Passho Berry|[weaken]
|-damage|p1a: Volcarona|49/100
|move|p1a: Volcarona|Quiver Dance|p1a: Volcarona
|-boost|p1a: Volcarona|spa|1
|-boost|p1a: Volcarona|spd|1
|-boost|p1a: Volcarona|spe|1
|
|-weather|SunnyDay|[upkeep]
|upkeep
|turn|12
|inactive|nidiedi has 60 seconds left.
|
|t:|1724331737
|move|p1a: Volcarona|Giga Drain|p2a: Starmie
|-supereffective|p2a: Starmie
|-damage|p2a: Starmie|0 fnt
|-heal|p1a: Volcarona|87/100|[from] drain|[of] p2a: Starmie
|-enditem|p2a: Starmie|Air Balloon
|faint|p2a: Starmie
|
|-weather|SunnyDay|[upkeep]
|upkeep
|
|t:|1724331743
|switch|p2a: Garchomp|Garchomp, M|100/100
|turn|13
|
|t:|1724331746
|move|p1a: Volcarona|Hidden Power|p2a: Garchomp
|-supereffective|p2a: Garchomp
|-enditem|p2a: Garchomp|Yache Berry|[eat]
|-enditem|p2a: Garchomp|Yache Berry|[weaken]
|-damage|p2a: Garchomp|10/100
|move|p2a: Garchomp|Outrage|p1a: Volcarona
|-damage|p1a: Volcarona|0 fnt
|faint|p1a: Volcarona
|
|-weather|SunnyDay|[upkeep]
|upkeep
|
|t:|1724331757
|switch|p1a: Heatran|Heatran, M|100/100
|-item|p1a: Heatran|Air Balloon
|turn|14
|-message|Hazess forfeited.
|
|win|nidiedi
|raw|nidiedi's rating: 1469 &rarr; <strong>1484</strong><br />(+15 for winning)
|raw|Hazess's rating: 1383 &rarr; <strong>1368</strong><br />(-15 for losing)
|l|☆Hazess
|player|p2|
