|j|☆siummmette
|j|☆the great gazump
|t:|1706994017
|gametype|singles
|player|p1|siummmette|colress|1328
|player|p2|the great gazump|102|1594
|teamsize|p1|6
|teamsize|p2|6
|gen|5
|tier|[Gen 5] OU
|rated|
|rule|Species Clause: Limit one of each Pokémon
|rule|OHKO Clause: OHKO moves are banned
|rule|Moody Clause: Moody is banned
|rule|Evasion Items Clause: Evasion items are banned
|rule|Evasion Moves Clause: Evasion moves are banned
|rule|Endless Battle Clause: Forcing endless battles is banned
|rule|HP Percentage Mod: HP is shown in percentages
|rule|Evasion Abilities Clause: Evasion abilities are banned
|rule|Sleep Moves Clause: Sleep-inducing moves are banned
|rule|Swagger Clause: Swagger is banned
|rule|Baton Pass Stat Clause: No Baton Passer may have a way to boost its stats
|clearpoke
|poke|p1|Garchomp, M|item
|poke|p1|Terrakion|item
|poke|p1|Celebi|item
|poke|p1|Jellicent, F|item
|poke|p1|Tyranitar, M|item
|poke|p1|Skarmory, M|item
|poke|p2|Abomasnow, F|item
|poke|p2|Gliscor, F|item
|poke|p2|Forretress, F|item
|poke|p2|Blissey, F|item
|poke|p2|Latios, M|item
|poke|p2|Reuniclus, F|item
|teampreview
|inactive|Battle timer is ON: inactive players will automatically lose when time's up. (requested by siummmette)
|inactive|siummmette has 120 seconds left.
|
|t:|1706994056
|start
|switch|p1a: Skarmory|Skarmory, M|100/100
|switch|p2a: Gliscor|Gliscor, F|100/100
|turn|1
|
|t:|1706994061
|move|p2a: Gliscor|Stealth Rock|p1a: Skarmory
|-sidestart|p1: siummmette|move: Stealth Rock
|move|p1a: Skarmory|Spikes|p2a: Gliscor
|-sidestart|p2: the great gazump|Spikes
|
|-status|p2a: Gliscor|tox|[from] item: Toxic Orb
|upkeep
|turn|2
|j| nightsuwu
|
|t:|1706994064
|switch|p2a: Forretress|Forretress, F|100/100
|-damage|p2a: Forretress|88/100|[from] Spikes
|move|p1a: Skarmory|Spikes|p2a: Forretress
|-sidestart|p2: the great gazump|Spikes
|
|-heal|p2a: Forretress|94/100|[from] item: Leftovers
|upkeep
|turn|3
|
|t:|1706994067
|switch|p1a: Jellicent|Jellicent, F|100/100
|-damage|p1a: Jellicent|88/100|[from] Stealth Rock
|move|p2a: Forretress|Spikes|p1a: Jellicent
|-sidestart|p1: siummmette|Spikes
|
|-heal|p1a: Jellicent|94/100|[from] item: Leftovers
|-heal|p2a: Forretress|100/100|[from] item: Leftovers
|upkeep
|turn|4
|
|t:|1706994072
|switch|p2a: Gliscor|Gliscor, F|100/100 tox
|move|p1a: Jellicent|Taunt|p2a: Gliscor
|-start|p2a: Gliscor|move: Taunt
|
|-heal|p1a: Jellicent|100/100|[from] item: Leftovers
|upkeep
|turn|5
|
|t:|1706994078
|switch|p2a: Abomasnow|Abomasnow, F|100/100
|-damage|p2a: Abomasnow|84/100|[from] Spikes
|-weather|Hail|[from] ability: Snow Warning|[of] p2a: Abomasnow
|move|p1a: Jellicent|Night Shade|p2a: Abomasnow
|-damage|p2a: Abomasnow|58/100
|
|-weather|Hail|[upkeep]
|-damage|p1a: Jellicent|94/100|[from] Hail
|-heal|p1a: Jellicent|100/100|[from] item: Leftovers
|-heal|p2a: Abomasnow|64/100|[from] item: Leftovers
|upkeep
|turn|6
|
|t:|1706994086
|move|p1a: Jellicent|Will-O-Wisp|p2a: Abomasnow
|-status|p2a: Abomasnow|brn
|move|p2a: Abomasnow|Leech Seed|p1a: Jellicent
|-start|p1a: Jellicent|move: Leech Seed
|
|-weather|Hail|[upkeep]
|-damage|p1a: Jellicent|94/100|[from] Hail
|-heal|p1a: Jellicent|100/100|[from] item: Leftovers
|-heal|p2a: Abomasnow|70/100 brn|[from] item: Leftovers
|-damage|p1a: Jellicent|88/100|[from] Leech Seed|[of] p2a: Abomasnow
|-heal|p2a: Abomasnow|83/100 brn|[silent]
|-damage|p2a: Abomasnow|71/100 brn|[from] brn
|upkeep
|turn|7
|
|t:|1706994095
|switch|p1a: Tyranitar|Tyranitar, M|100/100
|-damage|p1a: Tyranitar|88/100|[from] Stealth Rock
|-damage|p1a: Tyranitar|76/100|[from] Spikes
|-weather|Sandstorm|[from] ability: Sand Stream|[of] p1a: Tyranitar
|move|p2a: Abomasnow|Leech Seed|p1a: Tyranitar
|-start|p1a: Tyranitar|move: Leech Seed
|
|-weather|Sandstorm|[upkeep]
|-damage|p2a: Abomasnow|65/100 brn|[from] Sandstorm
|-heal|p2a: Abomasnow|71/100 brn|[from] item: Leftovers
|-damage|p1a: Tyranitar|64/100|[from] Leech Seed|[of] p2a: Abomasnow
|-heal|p2a: Abomasnow|83/100 brn|[silent]
|-damage|p2a: Abomasnow|70/100 brn|[from] brn
|upkeep
|turn|8
|
|t:|1706994101
|switch|p1a: Jellicent|Jellicent, F|88/100
|-damage|p1a: Jellicent|76/100|[from] Stealth Rock
|-damage|p1a: Jellicent|63/100|[from] Spikes
|move|p2a: Abomasnow|Protect||[still]
|-fail|p2a: Abomasnow
|
|-weather|Sandstorm|[upkeep]
|-damage|p1a: Jellicent|57/100|[from] Sandstorm
|-damage|p2a: Abomasnow|64/100 brn|[from] Sandstorm
|-heal|p1a: Jellicent|63/100|[from] item: Leftovers
|-heal|p2a: Abomasnow|70/100 brn|[from] item: Leftovers
|-damage|p2a: Abomasnow|58/100 brn|[from] brn
|upkeep
|turn|9
|
|t:|1706994114
|switch|p2a: Latios|Latios, M|100/100
|move|p1a: Jellicent|Night Shade|p2a: Latios
|-damage|p2a: Latios|67/100
|
|-weather|Sandstorm|[upkeep]
|-damage|p2a: Latios|61/100|[from] Sandstorm
|-damage|p1a: Jellicent|57/100|[from] Sandstorm
|-heal|p1a: Jellicent|63/100|[from] item: Leftovers
|upkeep
|turn|10
|
|t:|1706994120
|move|p2a: Latios|Thunder Wave|p1a: Jellicent
|-status|p1a: Jellicent|par
|move|p1a: Jellicent|Night Shade|p2a: Latios
|-damage|p2a: Latios|28/100
|
|-weather|Sandstorm|[upkeep]
|-damage|p2a: Latios|22/100|[from] Sandstorm
|-damage|p1a: Jellicent|57/100 par|[from] Sandstorm
|-heal|p1a: Jellicent|63/100 par|[from] item: Leftovers
|upkeep
|turn|11
|
|t:|1706994123
|move|p2a: Latios|Roost|p2a: Latios
|-heal|p2a: Latios|72/100
|-singleturn|p2a: Latios|move: Roost
|cant|p1a: Jellicent|par
|
|-weather|Sandstorm|[upkeep]
|-damage|p2a: Latios|66/100|[from] Sandstorm
|-damage|p1a: Jellicent|57/100 par|[from] Sandstorm
|-heal|p1a: Jellicent|63/100 par|[from] item: Leftovers
|upkeep
|turn|12
|
|t:|1706994127
|move|p2a: Latios|Draco Meteor|p1a: Jellicent
|-damage|p1a: Jellicent|6/100 par
|-unboost|p2a: Latios|spa|2
|move|p1a: Jellicent|Taunt|p2a: Latios
|-start|p2a: Latios|move: Taunt
|
|-weather|Sandstorm|[upkeep]
|-damage|p2a: Latios|60/100|[from] Sandstorm
|-damage|p1a: Jellicent|0 fnt|[from] Sandstorm
|faint|p1a: Jellicent
|upkeep
|
|t:|1706994140
|switch|p1a: Garchomp|Garchomp, M|100/100
|-damage|p1a: Garchomp|94/100|[from] Stealth Rock
|-damage|p1a: Garchomp|82/100|[from] Spikes
|turn|13
|
|t:|1706994151
|move|p2a: Latios|Draco Meteor|p1a: Garchomp
|-supereffective|p1a: Garchomp
|-damage|p1a: Garchomp|0 fnt
|-unboost|p2a: Latios|spa|2
|faint|p1a: Garchomp
|
|-weather|Sandstorm|[upkeep]
|-damage|p2a: Latios|54/100|[from] Sandstorm
|upkeep
|-message|siummmette forfeited.
|
|win|the great gazump
|raw|siummmette's rating: 1328 &rarr; <strong>1321</strong><br />(-7 for losing)
|raw|the great gazump's rating: 1594 &rarr; <strong>1601</strong><br />(+7 for winning)
|l|☆siummmette
|player|p1|
