|j|☆LolipopRice
|j|☆MikeyTapsa
|player|p1|LolipopRice|elesa|1328
|player|p2|MikeyTapsa|sightseer|1415
|teamsize|p1|6
|teamsize|p2|6
|gametype|singles
|gen|5
|tier|[Gen 5] OU
|rated|
|clearpoke
|poke|p1|Landorus-Therian, M|item
|poke|p1|Latios, M|item
|poke|p1|Keldeo|item
|poke|p1|Thundurus-Therian, M|item
|poke|p1|Ferrothorn, F|item
|poke|p1|Tyranitar, F|item
|poke|p2|Scizor, M|item
|poke|p2|Heatran, M|item
|poke|p2|Landorus-Therian, M|item
|poke|p2|Xatu, M|item
|poke|p2|Vaporeon, M|item
|poke|p2|Lanturn, M|item
|rule|Species Clause: Limit one of each Pokémon
|rule|OHKO Clause: OHKO moves are banned
|rule|Moody Clause: Moody is banned
|rule|Evasion Moves Clause: Evasion moves are banned
|rule|Endless Battle Clause: Forcing endless battles is banned
|rule|HP Percentage Mod: HP is shown in percentages
|rule|Evasion Abilities Clause: Evasion abilities are banned
|rule|Baton Pass Clause: Limit one Baton Passer, can't pass Spe and other stats simultaneously
|rule|Sleep Clause: Sleep-inducing moves are banned
|rule|Swagger Clause: Swagger is banned
|teampreview
|inactive|Battle timer is ON: inactive players will automatically lose when time's up. (requested by LolipopRice)
|
|start
|switch|p1a: Thundurus|Thundurus-Therian, M, shiny|100/100
|switch|p2a: Landorus|Landorus-Therian, M|100/100
|-ability|p2a: Landorus|Intimidate|boost
|-unboost|p1a: Thundurus|atk|1
|turn|1
|
|switch|p2a: Lanturn|Lanturn, M|100/100
|move|p1a: Thundurus|U-turn|p2a: Lanturn
|-damage|p2a: Lanturn|89/100
|
|switch|p1a: Latios|Latios, M, shiny|100/100|[from]move: U-turn
|
|-heal|p2a: Lanturn|95/100|[from] item: Leftovers
|upkeep
|turn|2
|inactive|LolipopRice has 120 seconds left.
|
|switch|p1a: Landorus|Landorus-Therian, M, shiny|100/100
|-ability|p1a: Landorus|Intimidate|boost
|-unboost|p2a: Lanturn|atk|1
|move|p2a: Lanturn|Toxic|p1a: Landorus
|-status|p1a: Landorus|tox
|
|-heal|p2a: Lanturn|100/100|[from] item: Leftovers
|-damage|p1a: Landorus|94/100 tox|[from] psn
|upkeep
|turn|3
|inactive|LolipopRice has 120 seconds left.
|
|switch|p2a: Landorus|Landorus-Therian, M|100/100
|-ability|p2a: Landorus|Intimidate|boost
|-unboost|p1a: Landorus|atk|1
|move|p1a: Landorus|Earthquake|p2a: Landorus
|-immune|p2a: Landorus
|
|-damage|p1a: Landorus|82/100 tox|[from] psn
|upkeep
|turn|4
|
|move|p2a: Landorus|U-turn|p1a: Landorus
|-resisted|p1a: Landorus
|-damage|p1a: Landorus|74/100 tox
|
|switch|p2a: Vaporeon|Vaporeon, M|100/100|[from]move: U-turn
|move|p1a: Landorus|Hidden Power|p2a: Vaporeon
|-resisted|p2a: Vaporeon
|-damage|p2a: Vaporeon|94/100
|
|-heal|p2a: Vaporeon|99/100|[from] item: Leftovers
|-damage|p1a: Landorus|55/100 tox|[from] psn
|upkeep
|turn|5
|
|move|p1a: Landorus|Stealth Rock|p2a: Vaporeon
|-sidestart|p2: MikeyTapsa|move: Stealth Rock
|move|p2a: Vaporeon|Scald|p1a: Landorus
|-supereffective|p1a: Landorus
|-damage|p1a: Landorus|0 fnt
|faint|p1a: Landorus
|
|-heal|p2a: Vaporeon|100/100|[from] item: Leftovers
|upkeep
|
|switch|p1a: Keldeo|Keldeo|100/100
|turn|6
|
|move|p1a: Keldeo|Calm Mind|p1a: Keldeo
|-boost|p1a: Keldeo|spa|1
|-boost|p1a: Keldeo|spd|1
|move|p2a: Vaporeon|Scald|p1a: Keldeo
|-resisted|p1a: Keldeo
|-damage|p1a: Keldeo|89/100
|-status|p1a: Keldeo|brn
|-enditem|p1a: Keldeo|Lum Berry|[eat]
|-curestatus|p1a: Keldeo|brn|[msg]
|
|upkeep
|turn|7
|
|move|p1a: Keldeo|Calm Mind|p1a: Keldeo
|-boost|p1a: Keldeo|spa|1
|-boost|p1a: Keldeo|spd|1
|move|p2a: Vaporeon|Scald|p1a: Keldeo
|-resisted|p1a: Keldeo
|-damage|p1a: Keldeo|80/100
|
|upkeep
|turn|8
|
|move|p1a: Keldeo|Secret Sword|p2a: Vaporeon
|-damage|p2a: Vaporeon|40/100
|move|p2a: Vaporeon|Scald|p1a: Keldeo
|-resisted|p1a: Keldeo
|-damage|p1a: Keldeo|72/100
|
|-heal|p2a: Vaporeon|46/100|[from] item: Leftovers
|upkeep
|turn|9
|
|switch|p2a: Landorus|Landorus-Therian, M|100/100
|-damage|p2a: Landorus|88/100|[from] Stealth Rock
|-ability|p2a: Landorus|Intimidate|boost
|-unboost|p1a: Keldeo|atk|1
|move|p1a: Keldeo|Secret Sword|p2a: Landorus
|-resisted|p2a: Landorus
|-damage|p2a: Landorus|34/100
|
|upkeep
|turn|10
|
|switch|p1a: Thundurus|Thundurus-Therian, M, shiny|100/100
|move|p2a: Landorus|Earthquake|p1a: Thundurus
|-immune|p1a: Thundurus
|
|upkeep
|turn|11
|
|switch|p2a: Lanturn|Lanturn, M|100/100
|-damage|p2a: Lanturn|88/100|[from] Stealth Rock
|move|p1a: Thundurus|U-turn|p2a: Lanturn
|-damage|p2a: Lanturn|69/100
|
|switch|p1a: Latios|Latios, M, shiny|100/100|[from]move: U-turn
|
|-heal|p2a: Lanturn|76/100|[from] item: Leftovers
|upkeep
|turn|12
|
|move|p1a: Latios|Draco Meteor|p2a: Lanturn
|-damage|p2a: Lanturn|14/100
|-unboost|p1a: Latios|spa|2
|move|p2a: Lanturn|Toxic|p1a: Latios
|-status|p1a: Latios|tox
|
|-heal|p2a: Lanturn|20/100|[from] item: Leftovers
|-damage|p1a: Latios|95/100 tox|[from] psn
|upkeep
|turn|13
|
|move|p1a: Latios|Draco Meteor|p2a: Lanturn
|-damage|p2a: Lanturn|0 fnt
|-unboost|p1a: Latios|spa|2
|faint|p2a: Lanturn
|
|-damage|p1a: Latios|83/100 tox|[from] psn
|upkeep
|
|switch|p2a: Scizor|Scizor, M|100/100
|-damage|p2a: Scizor|88/100|[from] Stealth Rock
|turn|14
|
|-activate|p1a: Latios|move: Pursuit
|move|p2a: Scizor|Pursuit|p1a: Latios|[from]Pursuit
|-supereffective|p1a: Latios
|-damage|p1a: Latios|0 fnt
|-hint|A Pokemon can't switch between when it runs out of HP and when it faints
|faint|p1a: Latios
|
|upkeep
|
|switch|p1a: Ferrothorn|Ferrothorn, F, shiny|100/100
|turn|15
|
|switch|p2a: Xatu|Xatu, M|100/100
|-damage|p2a: Xatu|76/100|[from] Stealth Rock
|move|p1a: Ferrothorn|Leech Seed|p2a: Xatu
|move|p2a: Xatu|Leech Seed|p1a: Ferrothorn|[from]Magic Bounce
|-immune|p1a: Ferrothorn
|
|-heal|p2a: Xatu|82/100|[from] item: Leftovers
|upkeep
|turn|16
|
|move|p2a: Xatu|U-turn|p1a: Ferrothorn
|-damage|p1a: Ferrothorn|93/100
|-damage|p2a: Xatu|70/100|[from] ability: Iron Barbs|[of] p1a: Ferrothorn
|
|switch|p2a: Heatran|Heatran, M|100/100|[from]move: U-turn
|-damage|p2a: Heatran|88/100|[from] Stealth Rock
|-item|p2a: Heatran|Air Balloon
|move|p1a: Ferrothorn|Gyro Ball|p2a: Heatran
|-resisted|p2a: Heatran
|-damage|p2a: Heatran|76/100
|-enditem|p2a: Heatran|Air Balloon
|
|-heal|p1a: Ferrothorn|99/100|[from] item: Leftovers
|upkeep
|turn|17
|
|switch|p1a: Keldeo|Keldeo|72/100
|move|p2a: Heatran|Lava Plume|p1a: Keldeo
|-resisted|p1a: Keldeo
|-damage|p1a: Keldeo|49/100
|
|upkeep
|turn|18
|
|move|p1a: Keldeo|Calm Mind|p1a: Keldeo
|-boost|p1a: Keldeo|spa|1
|-boost|p1a: Keldeo|spd|1
|move|p2a: Heatran|Stealth Rock|p1a: Keldeo
|-sidestart|p1: LolipopRice|move: Stealth Rock
|
|upkeep
|turn|19
|
|switch|p2a: Vaporeon|Vaporeon, M|46/100
|-damage|p2a: Vaporeon|34/100|[from] Stealth Rock
|move|p1a: Keldeo|Secret Sword|p2a: Vaporeon
|-damage|p2a: Vaporeon|0 fnt
|faint|p2a: Vaporeon
|
|upkeep
|
|switch|p2a: Landorus|Landorus-Therian, M|34/100
|-damage|p2a: Landorus|22/100|[from] Stealth Rock
|-ability|p2a: Landorus|Intimidate|boost
|-unboost|p1a: Keldeo|atk|1
|turn|20
|
|move|p2a: Landorus|U-turn|p1a: Keldeo
|-resisted|p1a: Keldeo
|-damage|p1a: Keldeo|35/100
|
|switch|p2a: Xatu|Xatu, M|70/100|[from]move: U-turn
|-damage|p2a: Xatu|45/100|[from] Stealth Rock
|move|p1a: Keldeo|Scald|p2a: Xatu
|-crit|p2a: Xatu
|-damage|p2a: Xatu|0 fnt
|faint|p2a: Xatu
|
|upkeep
|
|switch|p2a: Landorus|Landorus-Therian, M|22/100
|-damage|p2a: Landorus|10/100|[from] Stealth Rock
|-ability|p2a: Landorus|Intimidate|boost
|-unboost|p1a: Keldeo|atk|1
|turn|21
|inactive|LolipopRice has 120 seconds left.
|
|switch|p1a: Ferrothorn|Ferrothorn, F, shiny|99/100
|-damage|p1a: Ferrothorn|93/100|[from] Stealth Rock
|move|p2a: Landorus|Earthquake|p1a: Ferrothorn
|-crit|p1a: Ferrothorn
|-damage|p1a: Ferrothorn|10/100
|
|-heal|p1a: Ferrothorn|16/100|[from] item: Leftovers
|upkeep
|turn|22
|
|move|p1a: Ferrothorn|Protect|p1a: Ferrothorn
|-singleturn|p1a: Ferrothorn|Protect
|move|p2a: Landorus|Earthquake|p1a: Ferrothorn
|-activate|p1a: Ferrothorn|move: Protect
|
|-heal|p1a: Ferrothorn|22/100|[from] item: Leftovers
|upkeep
|turn|23
|inactive|LolipopRice has 90 seconds left.
|
|switch|p1a: Thundurus|Thundurus-Therian, M, shiny|100/100
|-damage|p1a: Thundurus|76/100|[from] Stealth Rock
|move|p2a: Landorus|Earthquake|p1a: Thundurus
|-immune|p1a: Thundurus
|
|upkeep
|turn|24
|
|move|p1a: Thundurus|Focus Blast|p2a: Landorus|[miss]
|-miss|p1a: Thundurus|p2a: Landorus
|move|p2a: Landorus|Earthquake|p1a: Thundurus
|-immune|p1a: Thundurus
|
|upkeep
|turn|25
|
|move|p1a: Thundurus|Focus Blast|p2a: Landorus
|-resisted|p2a: Landorus
|-damage|p2a: Landorus|0 fnt
|faint|p2a: Landorus
|
|upkeep
|
|switch|p2a: Scizor|Scizor, M|88/100
|-damage|p2a: Scizor|75/100|[from] Stealth Rock
|turn|26
|
|switch|p1a: Ferrothorn|Ferrothorn, F, shiny|22/100
|-damage|p1a: Ferrothorn|16/100|[from] Stealth Rock
|move|p2a: Scizor|Bullet Punch|p1a: Ferrothorn
|-resisted|p1a: Ferrothorn
|-damage|p1a: Ferrothorn|0 fnt
|-damage|p2a: Scizor|63/100|[from] ability: Iron Barbs|[of] p1a: Ferrothorn
|faint|p1a: Ferrothorn
|
|upkeep
|inactive|LolipopRice has 120 seconds left.
|
|switch|p1a: Tyranitar|Tyranitar, F, shiny|100/100
|-damage|p1a: Tyranitar|88/100|[from] Stealth Rock
|-weather|Sandstorm|[from] ability: Sand Stream|[of] p1a: Tyranitar
|turn|27
|inactive|LolipopRice has 90 seconds left.
|
|move|p2a: Scizor|Bullet Punch|p1a: Tyranitar
|-supereffective|p1a: Tyranitar
|-damage|p1a: Tyranitar|10/100
|move|p1a: Tyranitar|Fire Punch|p2a: Scizor
|-supereffective|p2a: Scizor
|-damage|p2a: Scizor|0 fnt
|faint|p2a: Scizor
|
|-weather|Sandstorm|[upkeep]
|upkeep
|
|switch|p2a: Heatran|Heatran, M|76/100
|-damage|p2a: Heatran|63/100|[from] Stealth Rock
|turn|28
|
|switch|p1a: Thundurus|Thundurus-Therian, M, shiny|76/100
|-damage|p1a: Thundurus|51/100|[from] Stealth Rock
|move|p2a: Heatran|Earth Power|p1a: Thundurus
|-immune|p1a: Thundurus
|
|-weather|Sandstorm|[upkeep]
|-damage|p1a: Thundurus|45/100|[from] Sandstorm
|upkeep
|turn|29
|
|move|p1a: Thundurus|Thunderbolt|p2a: Heatran
|-damage|p2a: Heatran|8/100
|move|p2a: Heatran|Hidden Power|p1a: Thundurus
|-supereffective|p1a: Thundurus
|-damage|p1a: Thundurus|0 fnt
|faint|p1a: Thundurus
|
|-weather|Sandstorm|[upkeep]
|upkeep
|
|switch|p1a: Keldeo|Keldeo|35/100
|-damage|p1a: Keldeo|29/100|[from] Stealth Rock
|turn|30
|
|move|p1a: Keldeo|Scald|p2a: Heatran
|-supereffective|p2a: Heatran
|-damage|p2a: Heatran|0 fnt
|faint|p2a: Heatran
|
|win|LolipopRice
|raw|LolipopRice's rating: 1328 &rarr; <strong>1353</strong><br />(+25 for winning)
|raw|MikeyTapsa's rating: 1415 &rarr; <strong>1390</strong><br />(-25 for losing)
