|j|☆shadowist
|j|☆ayedan ㋛
|player|p1|shadowist|2
|player|p2|ayedan ㋛|115
|teamsize|p1|6
|teamsize|p2|6
|gametype|singles
|gen|5
|tier|[Gen 5] OU
|rated|
|rule|Sleep Clause Mod: Limit one foe put to sleep
|rule|Species Clause: Limit one of each Pokémon
|rule|OHKO Clause: OHKO moves are banned
|rule|Moody Clause: Moody is banned
|rule|Evasion Moves Clause: Evasion moves are banned
|rule|Endless Battle Clause: Forcing endless battles is banned
|rule|HP Percentage Mod: HP is shown in percentages
|rule|Evasion Abilities Clause: Evasion abilities are banned
|rule|Baton Pass Clause: Limit one Baton Passer, can't pass Spe and other stats simultaneously
|rule|Swagger Clause: Swagger is banned
|clearpoke
|poke|p1|Politoed, M|item
|poke|p1|Gastrodon, F|item
|poke|p1|Starmie|item
|poke|p1|Volcarona, F|item
|poke|p1|Toxicroak, F|item
|poke|p1|Ferrothorn, M|item
|poke|p2|Dragonite, M|item
|poke|p2|Ferrothorn, F|item
|poke|p2|Starmie|item
|poke|p2|Garchomp, F|item
|poke|p2|Scizor, M|item
|poke|p2|Sawk, M|item
|teampreview
|
|start
|switch|p1a: Ferrothorn|Ferrothorn, M|352/352
|switch|p2a: Sawk|Sawk, M|291/291
|turn|1
|
|move|p2a: Sawk|Close Combat|p1a: Ferrothorn
|-supereffective|p1a: Ferrothorn
|-damage|p1a: Ferrothorn|0 fnt
|-damage|p2a: Sawk|255/291|[from] ability: Iron Barbs|[of] p1a: Ferrothorn
|-unboost|p2a: Sawk|def|1
|-unboost|p2a: Sawk|spd|1
|faint|p1a: Ferrothorn
|
|upkeep
|inactive|Battle timer is ON: inactive players will automatically lose when time's up. (requested by ayedan ㋛)
|
|switch|p1a: Politoed|Politoed, M|384/384
|-weather|RainDance|[from] ability: Drizzle|[of] p1a: Politoed
|turn|2
|
|move|p2a: Sawk|Close Combat|p1a: Politoed
|-damage|p1a: Politoed|0 fnt
|-unboost|p2a: Sawk|def|1
|-unboost|p2a: Sawk|spd|1
|faint|p1a: Politoed
|
|-weather|RainDance|[upkeep]
|upkeep
|
|switch|p1a: Volcarona|Volcarona, F|311/311
|turn|3
|
|move|p1a: Volcarona|Quiver Dance|p1a: Volcarona
|-boost|p1a: Volcarona|spa|1
|-boost|p1a: Volcarona|spd|1
|-boost|p1a: Volcarona|spe|1
|move|p2a: Sawk|Close Combat|p1a: Volcarona
|-resisted|p1a: Volcarona
|-damage|p1a: Volcarona|106/311
|-unboost|p2a: Sawk|def|1
|-unboost|p2a: Sawk|spd|1
|
|-weather|RainDance|[upkeep]
|-heal|p1a: Volcarona|125/311|[from] item: Leftovers
|upkeep
|turn|4
|
|move|p1a: Volcarona|Hurricane|p2a: Sawk
|-supereffective|p2a: Sawk
|-damage|p2a: Sawk|0 fnt
|faint|p2a: Sawk
|
|-weather|RainDance|[upkeep]
|-heal|p1a: Volcarona|144/311|[from] item: Leftovers
|upkeep
|
|switch|p2a: Dragonite|Dragonite, M|323/323
|turn|5
|
|move|p1a: Volcarona|Hurricane|p2a: Dragonite
|-damage|p2a: Dragonite|200/323
|move|p2a: Dragonite|Dragon Claw|p1a: Volcarona
|-damage|p1a: Volcarona|0 fnt
|-damage|p2a: Dragonite|168/323|[from] item: Life Orb
|faint|p1a: Volcarona
|
|-weather|RainDance|[upkeep]
|upkeep
|
|switch|p1a: Starmie|Starmie|261/261
|turn|6
|inactive|ayedan ㋛ has 120 seconds left.
|inactive|ayedan ㋛ has 90 seconds left.
|
|move|p2a: Dragonite|Extreme Speed|p1a: Starmie
|-damage|p1a: Starmie|125/261
|-damage|p2a: Dragonite|136/323|[from] item: Life Orb
|move|p1a: Starmie|Ice Beam|p2a: Dragonite
|-supereffective|p2a: Dragonite
|-damage|p2a: Dragonite|0 fnt
|faint|p2a: Dragonite
|
|-weather|RainDance|[upkeep]
|-heal|p1a: Starmie|141/261|[from] item: Leftovers
|upkeep
|
|switch|p2a: Starmie|Starmie|262/262
|turn|7
|
|move|p2a: Starmie|Thunderbolt|p1a: Starmie
|-supereffective|p1a: Starmie
|-crit|p1a: Starmie
|-damage|p1a: Starmie|0 fnt
|-damage|p2a: Starmie|236/262|[from] item: Life Orb
|faint|p1a: Starmie
|
|-weather|RainDance|[upkeep]
|upkeep
|
|switch|p1a: Gastrodon|Gastrodon, F|426/426
|turn|8
|
|move|p2a: Starmie|Ice Beam|p1a: Gastrodon
|-damage|p1a: Gastrodon|322/426
|-status|p1a: Gastrodon|frz
|-damage|p2a: Starmie|210/262|[from] item: Life Orb
|cant|p1a: Gastrodon|frz
|
|-weather|RainDance|[upkeep]
|-heal|p1a: Gastrodon|348/426 frz|[from] item: Leftovers
|upkeep
|turn|9
|
|switch|p2a: Ferrothorn|Ferrothorn, F|352/352
|-curestatus|p1a: Gastrodon|frz|[from] move: Scald
|move|p1a: Gastrodon|Scald|p2a: Ferrothorn
|-resisted|p2a: Ferrothorn
|-damage|p2a: Ferrothorn|298/352
|
|-weather|RainDance|[upkeep]
|-heal|p1a: Gastrodon|374/426|[from] item: Leftovers
|-heal|p2a: Ferrothorn|320/352|[from] item: Leftovers
|upkeep
|turn|10
|
|switch|p1a: Toxicroak|Toxicroak, F, shiny|314/314
|move|p2a: Ferrothorn|Power Whip|p1a: Toxicroak
|-resisted|p1a: Toxicroak
|-damage|p1a: Toxicroak|221/314
|
|-weather|RainDance|[upkeep]
|-heal|p1a: Toxicroak|260/314|[from] ability: Dry Skin
|-heal|p2a: Ferrothorn|342/352|[from] item: Leftovers
|upkeep
|turn|11
|
|switch|p2a: Starmie|Starmie|210/262
|move|p1a: Toxicroak|Ice Punch|p2a: Starmie
|-resisted|p2a: Starmie
|-damage|p2a: Starmie|144/262
|-damage|p1a: Toxicroak|229/314|[from] item: Life Orb
|
|-weather|RainDance|[upkeep]
|-heal|p1a: Toxicroak|268/314|[from] ability: Dry Skin
|upkeep
|turn|12
|
|switch|p1a: Gastrodon|Gastrodon, F|374/426
|move|p2a: Starmie|Ice Beam|p1a: Gastrodon
|-crit|p1a: Gastrodon
|-damage|p1a: Gastrodon|105/426
|-damage|p2a: Starmie|118/262|[from] item: Life Orb
|
|-weather|RainDance|[upkeep]
|-heal|p1a: Gastrodon|131/426|[from] item: Leftovers
|upkeep
|turn|13
|
|move|p2a: Starmie|Ice Beam|p1a: Gastrodon
|-damage|p1a: Gastrodon|22/426
|-damage|p2a: Starmie|92/262|[from] item: Life Orb
|move|p1a: Gastrodon|Recover|p1a: Gastrodon
|-heal|p1a: Gastrodon|235/426
|
|-weather|RainDance|[upkeep]
|-heal|p1a: Gastrodon|261/426|[from] item: Leftovers
|upkeep
|turn|14
|
|move|p2a: Starmie|Ice Beam|p1a: Gastrodon
|-damage|p1a: Gastrodon|154/426
|-damage|p2a: Starmie|66/262|[from] item: Life Orb
|move|p1a: Gastrodon|Recover|p1a: Gastrodon
|-heal|p1a: Gastrodon|367/426
|
|-weather|RainDance|[upkeep]
|-heal|p1a: Gastrodon|393/426|[from] item: Leftovers
|upkeep
|turn|15
|
|move|p2a: Starmie|Ice Beam|p1a: Gastrodon
|-damage|p1a: Gastrodon|275/426
|-damage|p2a: Starmie|40/262|[from] item: Life Orb
|move|p1a: Gastrodon|Toxic|p2a: Starmie|[miss]
|-miss|p1a: Gastrodon|p2a: Starmie
|
|-weather|RainDance|[upkeep]
|-heal|p1a: Gastrodon|301/426|[from] item: Leftovers
|upkeep
|turn|16
|
|move|p2a: Starmie|Ice Beam|p1a: Gastrodon
|-damage|p1a: Gastrodon|183/426
|-damage|p2a: Starmie|14/262|[from] item: Life Orb
|move|p1a: Gastrodon|Recover|p1a: Gastrodon
|-heal|p1a: Gastrodon|396/426
|
|-weather|RainDance|[upkeep]
|-heal|p1a: Gastrodon|422/426|[from] item: Leftovers
|upkeep
|turn|17
|
|move|p2a: Starmie|Ice Beam|p1a: Gastrodon
|-damage|p1a: Gastrodon|321/426
|-damage|p2a: Starmie|0 fnt|[from] item: Life Orb
|faint|p2a: Starmie
|move|p1a: Gastrodon|Recover|p1a: Gastrodon
|-heal|p1a: Gastrodon|426/426
|
|-weather|RainDance|[upkeep]
|upkeep
|
|switch|p2a: Ferrothorn|Ferrothorn, F|342/352
|turn|18
|
|switch|p1a: Toxicroak|Toxicroak, F, shiny|268/314
|switch|p2a: Garchomp|Garchomp, F|357/357
|
|-weather|RainDance|[upkeep]
|-heal|p1a: Toxicroak|307/314|[from] ability: Dry Skin
|upkeep
|turn|19
|
|switch|p1a: Gastrodon|Gastrodon, F|426/426
|move|p2a: Garchomp|Substitute|p2a: Garchomp
|-start|p2a: Garchomp|Substitute
|-damage|p2a: Garchomp|268/357
|
|-weather|RainDance|[upkeep]
|upkeep
|turn|20
|
|move|p2a: Garchomp|Swords Dance|p2a: Garchomp
|-boost|p2a: Garchomp|atk|2
|move|p1a: Gastrodon|Scald|p2a: Garchomp
|-crit|p2a: Garchomp
|-end|p2a: Garchomp|Substitute
|
|-weather|RainDance|[upkeep]
|upkeep
|turn|21
|
|move|p2a: Garchomp|Outrage|p1a: Gastrodon
|-enditem|p2a: Garchomp|Dragon Gem|[from] gem|[move] Outrage
|-damage|p1a: Gastrodon|0 fnt
|faint|p1a: Gastrodon
|
|-weather|RainDance|[upkeep]
|upkeep
|
|switch|p1a: Toxicroak|Toxicroak, F, shiny|307/314
|turn|22
|
|move|p1a: Toxicroak|Sucker Punch|p2a: Garchomp
|-damage|p2a: Garchomp|145/357
|-damage|p1a: Toxicroak|268/314|[from] ability: Rough Skin|[of] p2a: Garchomp
|-damage|p1a: Toxicroak|237/314|[from] item: Life Orb
|move|p2a: Garchomp|Outrage|p1a: Toxicroak|[from]lockedmove
|-damage|p1a: Toxicroak|0 fnt
|-start|p2a: Garchomp|confusion|[fatigue]
|faint|p1a: Toxicroak
|
|win|ayedan ㋛
|c|☆ayedan ㋛|gg
|raw|shadowist's rating: 1406 &rarr; <strong>1381</strong><br />(-25 for losing)
|raw|ayedan ㋛'s rating: 1330 &rarr; <strong>1354</strong><br />(+24 for winning)
