|join|No Nice Names Left
|join|Bellyflop123ouch
|player|p1|No Nice Names Left|121
|player|p2|Bellyflop123ouch|1
|gametype|singles
|gen|5
|tier|[Gen 5] OU
|rated
|rule|Evasion Abilities Clause: Evasion abilities are banned
|clearpoke
|poke|p1|Tyranitar, M
|poke|p1|Jellicent, F
|poke|p1|Forretress, F
|poke|p1|Jirachi
|poke|p1|Tangrowth, M
|poke|p1|Zapdos
|poke|p2|Infernape, M
|poke|p2|Forretress, F
|poke|p2|Xatu, M
|poke|p2|Salamence, M
|poke|p2|Alakazam, F
|poke|p2|Dugtrio, F
|rule|Sleep Clause Mod: Limit one foe put to sleep
|rule|Species Clause: Limit one of each Pokemon
|rule|OHKO Clause: OHKO moves are banned
|rule|Moody Clause: Moody is banned
|rule|Evasion Moves Clause: Evasion moves are banned
|rule|Endless Battle Clause: Forcing endless battles is banned.
|rule|HP Percentage Mod: HP is reported as percentages
|teampreview
|
|start
|switch|p1a: Jirachi|Jirachi|377/377
|switch|p2a: I use fire moves|Infernape, M|293/293
|turn|1
|
|move|p2a: I use fire moves|Flare Blitz|p1a: Jirachi
|-supereffective|p1a: Jirachi
|-damage|p1a: Jirachi|0 fnt
|-damage|p2a: I use fire moves|169/293|[from] recoil|[of] p1a: Jirachi
|faint|p1a: Jirachi
|
|
|switch|p1a: Jellicent|Jellicent, F|403/403
|turn|2
|
|switch|p2a: Alex Beck|Xatu, M|272/272
|move|p1a: Jellicent|Scald|p2a: Alex Beck
|-damage|p2a: Alex Beck|160/272
|
|turn|3
|
|switch|p1a: Zapdos|Zapdos|383/383
|-ability|p1a: Zapdos|Pressure
|move|p2a: Alex Beck|Thief|p1a: Zapdos
|-enditem|p2a: Alex Beck|Dark Gem|[from] gem|[move] Thief
|-damage|p1a: Zapdos|343/383
|-item|p2a: Alex Beck|Leftovers|[from] move: Thief|[of] p1a: Zapdos
|
|-heal|p2a: Alex Beck|177/272|[from] item: Leftovers
|turn|4
|
|switch|p2a: Don't hit me|Dugtrio, F|211/211
|move|p1a: Zapdos|Heat Wave|p2a: Don't hit me
|-damage|p2a: Don't hit me|84/211
|
|turn|5
|
|move|p2a: Don't hit me|Stone Edge|p1a: Zapdos|[miss]
|-miss|p2a: Don't hit me|p1a: Zapdos
|move|p1a: Zapdos|Heat Wave|p2a: Don't hit me
|-damage|p2a: Don't hit me|0 fnt
|faint|p2a: Don't hit me
|
|
|switch|p2a: Old guy|Alakazam, F|251/251
|turn|6
|chat|No Nice Names Left|sorry for the miss
|chat|No Nice Names Left|but my Zapdos still survives :)
|
|move|p2a: Old guy|Charge Beam|p1a: Zapdos
|-damage|p1a: Zapdos|273/383
|-boost|p2a: Old guy|spa|1
|move|p1a: Zapdos|Thunderbolt|p2a: Old guy
|-damage|p2a: Old guy|83/251
|
|turn|7
|
|move|p2a: Old guy|Psychic|p1a: Zapdos
|-damage|p1a: Zapdos|10/383
|move|p1a: Zapdos|Thunderbolt|p2a: Old guy
|-damage|p2a: Old guy|0 fnt
|faint|p2a: Old guy
|
|chat|Bellyflop123ouch|oh dang
|
|switch|p2a: I use fire moves|Infernape, M|169/293
|turn|8
|chat|No Nice Names Left|you see that?
|chat|No Nice Names Left|:)
|
|switch|p1a: Jellicent|Jellicent, F|403/403
|move|p2a: I use fire moves|U-turn|p1a: Jellicent
|-resisted|p1a: Jellicent
|-damage|p1a: Jellicent|348/403
|-message|Bellyflop123ouch forfeited.
|
|win|No Nice Names Left
|raw|Ladder updating...
|leave|Bellyflop123ouch
|player|p2
|raw|No Nice Names Left's rating: 1368 &rarr; <strong>1387</strong><br />(+19 for winning)
|raw|Bellyflop123ouch's rating: 1349 &rarr; <strong>1330</strong><br />(-19 for losing)