|j|☆TimidKiwi
|j|☆Excalliburn88
|player|p1|TimidKiwi|197
|player|p2|Excalliburn88|267
|teamsize|p1|6
|teamsize|p2|6
|gametype|singles
|gen|5
|tier|[Gen 5] OU
|rated|
|rule|Sleep Clause Mod: Limit one foe put to sleep
|rule|Species Clause: Limit one of each Pokémon
|rule|OHKO Clause: OHKO moves are banned
|rule|Moody Clause: Moody is banned
|rule|Evasion Moves Clause: Evasion moves are banned
|rule|Endless Battle Clause: Forcing endless battles is banned
|rule|HP Percentage Mod: HP is shown in percentages
|rule|Evasion Abilities Clause: Evasion abilities are banned
|rule|Baton Pass Clause: Limit one Baton Passer, can't pass Spe and other stats simultaneously
|rule|Swagger Clause: Swagger is banned
|clearpoke
|poke|p1|Politoed, M|item
|poke|p1|Keldeo-Resolute|item
|poke|p1|Ferrothorn, F|item
|poke|p1|Kyurem-Black|item
|poke|p1|Breloom, M|item
|poke|p1|Jirachi|item
|poke|p2|Politoed, M|item
|poke|p2|Latios, M|item
|poke|p2|Tentacruel, M|item
|poke|p2|Garchomp, M|item
|poke|p2|Tornadus, M|item
|poke|p2|Ferrothorn, M|item
|teampreview
|j| novice初学者2523
|inactive|Battle timer is ON: inactive players will automatically lose when time's up. (requested by TimidKiwi)
|
|start
|switch|p1a: Politoed|Politoed, M, shiny|100/100
|switch|p2a: Sharknado|Tornadus, M, shiny|100/100
|-weather|RainDance|[from] ability: Drizzle|[of] p1a: Politoed
|turn|1
|
|move|p1a: Politoed|Ice Beam|p2a: Sharknado
|-supereffective|p2a: Sharknado
|-damage|p2a: Sharknado|18/100
|move|p2a: Sharknado|U-turn|p1a: Politoed
|-damage|p1a: Politoed|72/100
|-damage|p2a: Sharknado|9/100|[from] item: Life Orb
|
|switch|p2a: Spikes succ|Tentacruel, M, shiny|100/100
|
|-weather|RainDance|[upkeep]
|upkeep
|turn|2
|c|☆TimidKiwi|shiny tornadus looks pretty neat
|c|☆Excalliburn88|yeah
|inactive|TimidKiwi has 135 seconds left.
|
|switch|p1a: Kyurem|Kyurem-Black|100/100
|-ability|p1a: Kyurem|Teravolt
|move|p2a: Spikes succ|Toxic Spikes|p1a: Kyurem
|-sidestart|p1: TimidKiwi|move: Toxic Spikes
|
|-weather|RainDance|[upkeep]
|upkeep
|turn|3
|c|☆Excalliburn88|so does scarf politoed dead
|inactive|Excalliburn88 has 135 seconds left.
|
|switch|p2a: Sharknado|Tornadus, M, shiny|9/100
|move|p1a: Kyurem|Substitute|p1a: Kyurem
|-start|p1a: Kyurem|Substitute
|-damage|p1a: Kyurem|75/100
|
|-weather|RainDance|[upkeep]
|upkeep
|turn|4
|
|move|p2a: Sharknado|Taunt|p1a: Kyurem
|-start|p1a: Kyurem|move: Taunt
|move|p1a: Kyurem|Fusion Bolt|p2a: Sharknado
|-supereffective|p2a: Sharknado
|-damage|p2a: Sharknado|0 fnt
|faint|p2a: Sharknado
|
|-weather|RainDance|[upkeep]
|upkeep
|
|switch|p2a: Ey b0ss|Garchomp, M, shiny|100/100
|turn|5
|
|switch|p2a: Hazards 4 life|Ferrothorn, M, shiny|100/100
|move|p1a: Kyurem|Freeze Shock|p2a: Hazards 4 life|[still]
|-prepare|p1a: Kyurem|Freeze Shock|p2a: Hazards 4 life
|-enditem|p1a: Kyurem|Power Herb
|-anim|p1a: Kyurem|Freeze Shock|p2a: Hazards 4 life
|-damage|p2a: Hazards 4 life|32/100
|
|-weather|RainDance|[upkeep]
|-heal|p2a: Hazards 4 life|38/100|[from] item: Leftovers
|upkeep
|turn|6
|
|move|p1a: Kyurem|Outrage|p2a: Hazards 4 life
|-resisted|p2a: Hazards 4 life
|-damage|p2a: Hazards 4 life|6/100
|-damage|p1a: Kyurem|63/100|[from] ability: Iron Barbs|[of] p2a: Hazards 4 life
|move|p2a: Hazards 4 life|Knock Off|p1a: Kyurem
|-activate|p1a: Kyurem|Substitute|[damage]
|
|-weather|RainDance|[upkeep]
|-heal|p2a: Hazards 4 life|13/100|[from] item: Leftovers
|-end|p1a: Kyurem|move: Taunt
|upkeep
|turn|7
|
|move|p1a: Kyurem|Outrage|p2a: Hazards 4 life|[from]lockedmove
|-resisted|p2a: Hazards 4 life
|-damage|p2a: Hazards 4 life|0 fnt
|-damage|p1a: Kyurem|50/100|[from] ability: Iron Barbs|[of] p2a: Hazards 4 life
|-start|p1a: Kyurem|confusion|[fatigue]
|faint|p2a: Hazards 4 life
|
|-weather|RainDance|[upkeep]
|upkeep
|
|switch|p2a: Ey b0ss|Garchomp, M, shiny|100/100
|turn|8
|
|move|p2a: Ey b0ss|Earthquake|p1a: Kyurem
|-end|p1a: Kyurem|Substitute
|-activate|p1a: Kyurem|confusion
|-damage|p1a: Kyurem|35/100|[from] confusion
|
|-weather|RainDance|[upkeep]
|upkeep
|turn|9
|
|switch|p1a: Politoed|Politoed, M, shiny|72/100
|-status|p1a: Politoed|psn
|move|p2a: Ey b0ss|Earthquake|p1a: Politoed
|-damage|p1a: Politoed|0 fnt
|faint|p1a: Politoed
|
|-weather|RainDance|[upkeep]
|upkeep
|
|switch|p1a: Ferrothorn|Ferrothorn, F|100/100
|turn|10
|
|switch|p2a: Spikes succ|Tentacruel, M, shiny|100/100
|move|p1a: Ferrothorn|Stealth Rock|p2a: Spikes succ
|-sidestart|p2: Excalliburn88|move: Stealth Rock
|
|-weather|RainDance|[upkeep]
|upkeep
|turn|11
|
|move|p2a: Spikes succ|Scald|p1a: Ferrothorn
|-resisted|p1a: Ferrothorn
|-damage|p1a: Ferrothorn|87/100
|move|p1a: Ferrothorn|Leech Seed|p2a: Spikes succ|[miss]
|-miss|p1a: Ferrothorn|p2a: Spikes succ
|
|-weather|RainDance|[upkeep]
|upkeep
|turn|12
|
|move|p2a: Spikes succ|Scald|p1a: Ferrothorn
|-resisted|p1a: Ferrothorn
|-damage|p1a: Ferrothorn|74/100
|-status|p1a: Ferrothorn|brn
|move|p1a: Ferrothorn|Leech Seed|p2a: Spikes succ
|-start|p2a: Spikes succ|move: Leech Seed
|
|-weather|RainDance|[upkeep]
|-damage|p2a: Spikes succ|88/100|[from] Leech Seed|[of] p1a: Ferrothorn
|-heal|p1a: Ferrothorn|87/100 brn|[silent]
|-damage|p1a: Ferrothorn|74/100 brn|[from] brn
|upkeep
|turn|13
|
|switch|p1a: Kyurem|Kyurem-Black|35/100
|-status|p1a: Kyurem|psn
|-ability|p1a: Kyurem|Teravolt
|move|p2a: Spikes succ|Rapid Spin|p1a: Kyurem
|-damage|p1a: Kyurem|33/100 psn
|-end|p2a: Spikes succ|Leech Seed|[from] move: Rapid Spin|[of] p2a: Spikes succ
|-sideend|p2: Excalliburn88|Stealth Rock|[from] move: Rapid Spin|[of] p2a: Spikes succ
|
|-weather|RainDance|[upkeep]
|-heal|p2a: Spikes succ|94/100|[from] ability: Rain Dish
|-heal|p2a: Spikes succ|99/100|[from] item: Black Sludge
|-damage|p1a: Kyurem|21/100 psn|[from] psn
|upkeep
|turn|14
|inactive|TimidKiwi has 135 seconds left.
|
|move|p2a: Spikes succ|Protect|p2a: Spikes succ
|-singleturn|p2a: Spikes succ|Protect
|move|p1a: Kyurem|Outrage|p2a: Spikes succ
|-activate|p2a: Spikes succ|move: Protect
|
|-weather|RainDance|[upkeep]
|-heal|p2a: Spikes succ|100/100|[from] ability: Rain Dish
|-damage|p1a: Kyurem|8/100 psn|[from] psn
|upkeep
|turn|15
|
|move|p2a: Spikes succ|Protect|p2a: Spikes succ
|-fail|p2a: Spikes succ
|move|p1a: Kyurem|Outrage|p2a: Spikes succ
|-damage|p2a: Spikes succ|13/100
|
|-weather|RainDance|[upkeep]
|-heal|p2a: Spikes succ|19/100|[from] ability: Rain Dish
|-heal|p2a: Spikes succ|25/100|[from] item: Black Sludge
|-damage|p1a: Kyurem|0 fnt|[from] psn
|upkeep
|faint|p1a: Kyurem
|
|switch|p1a: Jirachi|Jirachi|100/100
|turn|16
|
|move|p1a: Jirachi|Psyshock|p2a: Spikes succ
|-supereffective|p2a: Spikes succ
|-damage|p2a: Spikes succ|0 fnt
|faint|p2a: Spikes succ
|
|-weather|RainDance|[upkeep]
|upkeep
|
|switch|p2a: Ey b0ss|Garchomp, M, shiny|100/100
|turn|17
|
|switch|p1a: Ferrothorn|Ferrothorn, F|74/100 brn
|move|p2a: Ey b0ss|Earthquake|p1a: Ferrothorn
|-damage|p1a: Ferrothorn|42/100 brn
|
|-weather|RainDance|[upkeep]
|-damage|p1a: Ferrothorn|29/100 brn|[from] brn
|upkeep
|turn|18
|
|move|p2a: Ey b0ss|Earthquake|p1a: Ferrothorn
|-damage|p1a: Ferrothorn|0 fnt
|faint|p1a: Ferrothorn
|
|-weather|RainDance|[upkeep]
|upkeep
|inactive|TimidKiwi has 135 seconds left.
|
|switch|p1a: Breloom|Breloom, M|100/100
|-status|p1a: Breloom|psn
|turn|19
|
|switch|p2a: Fuck Dragonite|Latios, M, shiny|100/100
|move|p1a: Breloom|Low Sweep|p2a: Fuck Dragonite
|-resisted|p2a: Fuck Dragonite
|-damage|p2a: Fuck Dragonite|58/100
|-unboost|p2a: Fuck Dragonite|spe|1
|-damage|p1a: Breloom|91/100 psn|[from] item: Life Orb
|
|-weather|RainDance|[upkeep]
|-damage|p1a: Breloom|78/100 psn|[from] psn
|upkeep
|turn|20
|
|move|p1a: Breloom|Bullet Seed|p2a: Fuck Dragonite
|-resisted|p2a: Fuck Dragonite
|-damage|p2a: Fuck Dragonite|39/100
|-resisted|p2a: Fuck Dragonite
|-damage|p2a: Fuck Dragonite|22/100
|-resisted|p2a: Fuck Dragonite
|-damage|p2a: Fuck Dragonite|6/100
|-hitcount|p2a: Fuck Dragonite|3
|-damage|p1a: Breloom|68/100 psn|[from] item: Life Orb
|move|p2a: Fuck Dragonite|Psychic|p1a: Breloom
|-supereffective|p1a: Breloom
|-damage|p1a: Breloom|0 fnt
|faint|p1a: Breloom
|
|-weather|RainDance|[upkeep]
|upkeep
|
|switch|p1a: Jirachi|Jirachi|100/100
|turn|21
|
|switch|p2a: The Kermitment|Politoed, M, shiny|100/100
|move|p1a: Jirachi|Psyshock|p2a: The Kermitment
|-damage|p2a: The Kermitment|78/100
|
|-weather|RainDance|[upkeep]
|-heal|p2a: The Kermitment|85/100|[from] item: Leftovers
|upkeep
|turn|22
|
|move|p1a: Jirachi|Thunder|p2a: The Kermitment
|-supereffective|p2a: The Kermitment
|-damage|p2a: The Kermitment|38/100
|-status|p2a: The Kermitment|par
|cant|p2a: The Kermitment|par
|
|-weather|RainDance|[upkeep]
|-heal|p2a: The Kermitment|44/100 par|[from] item: Leftovers
|upkeep
|turn|23
|
|move|p2a: The Kermitment|Protect|p2a: The Kermitment
|-singleturn|p2a: The Kermitment|Protect
|move|p1a: Jirachi|Calm Mind|p1a: Jirachi
|-boost|p1a: Jirachi|spa|1
|-boost|p1a: Jirachi|spd|1
|
|-weather|RainDance|[upkeep]
|-heal|p2a: The Kermitment|50/100 par|[from] item: Leftovers
|upkeep
|turn|24
|
|move|p1a: Jirachi|Substitute|p1a: Jirachi
|-start|p1a: Jirachi|Substitute
|-damage|p1a: Jirachi|75/100
|move|p2a: The Kermitment|Scald|p1a: Jirachi
|-activate|p1a: Jirachi|Substitute|[damage]
|
|-weather|RainDance|[upkeep]
|-heal|p1a: Jirachi|82/100|[from] item: Leftovers
|-heal|p2a: The Kermitment|56/100 par|[from] item: Leftovers
|upkeep
|turn|25
|
|move|p1a: Jirachi|Calm Mind|p1a: Jirachi
|-boost|p1a: Jirachi|spa|1
|-boost|p1a: Jirachi|spd|1
|move|p2a: The Kermitment|Scald|p1a: Jirachi
|-end|p1a: Jirachi|Substitute
|
|-weather|RainDance|[upkeep]
|-heal|p1a: Jirachi|88/100|[from] item: Leftovers
|-heal|p2a: The Kermitment|63/100 par|[from] item: Leftovers
|upkeep
|turn|26
|
|switch|p2a: Ey b0ss|Garchomp, M, shiny|100/100
|move|p1a: Jirachi|Substitute|p1a: Jirachi
|-start|p1a: Jirachi|Substitute
|-damage|p1a: Jirachi|63/100
|
|-weather|RainDance|[upkeep]
|-heal|p1a: Jirachi|69/100|[from] item: Leftovers
|upkeep
|turn|27
|
|move|p2a: Ey b0ss|Earthquake|p1a: Jirachi
|-supereffective|p1a: Jirachi
|-end|p1a: Jirachi|Substitute
|move|p1a: Jirachi|Psyshock|p2a: Ey b0ss
|-damage|p2a: Ey b0ss|48/100
|
|-weather|RainDance|[upkeep]
|-heal|p1a: Jirachi|75/100|[from] item: Leftovers
|upkeep
|turn|28
|
|move|p2a: Ey b0ss|Earthquake|p1a: Jirachi
|-supereffective|p1a: Jirachi
|-damage|p1a: Jirachi|1/100
|move|p1a: Jirachi|Psyshock|p2a: Ey b0ss
|-damage|p2a: Ey b0ss|0 fnt
|faint|p2a: Ey b0ss
|
|-weather|RainDance|[upkeep]
|-heal|p1a: Jirachi|7/100|[from] item: Leftovers
|upkeep
|
|switch|p2a: Fuck Dragonite|Latios, M, shiny|6/100
|turn|29
|
|move|p2a: Fuck Dragonite|Surf|p1a: Jirachi
|-damage|p1a: Jirachi|0 fnt
|faint|p1a: Jirachi
|
|-weather|RainDance|[upkeep]
|upkeep
|
|switch|p1a: Keldeo|Keldeo-Resolute|100/100
|-status|p1a: Keldeo|psn
|turn|30
|
|move|p1a: Keldeo|Secret Sword|p2a: Fuck Dragonite
|-resisted|p2a: Fuck Dragonite
|-damage|p2a: Fuck Dragonite|0 fnt
|faint|p2a: Fuck Dragonite
|
|-weather|RainDance|[upkeep]
|-damage|p1a: Keldeo|88/100 psn|[from] psn
|upkeep
|
|switch|p2a: The Kermitment|Politoed, M, shiny|63/100 par
|turn|31
|
|move|p2a: The Kermitment|Protect|p2a: The Kermitment
|-singleturn|p2a: The Kermitment|Protect
|move|p1a: Keldeo|Secret Sword|p2a: The Kermitment
|-activate|p2a: The Kermitment|move: Protect
|
|-weather|RainDance|[upkeep]
|-heal|p2a: The Kermitment|69/100 par|[from] item: Leftovers
|-damage|p1a: Keldeo|76/100 psn|[from] psn
|upkeep
|turn|32
|
|move|p1a: Keldeo|Secret Sword|p2a: The Kermitment
|-damage|p2a: The Kermitment|37/100 par
|move|p2a: The Kermitment|Perish Song|p2a: The Kermitment
|-start|p1a: Keldeo|perish3|[silent]
|-start|p2a: The Kermitment|perish3|[silent]
|-fieldactivate|move: Perish Song
|
|-weather|RainDance|[upkeep]
|-heal|p2a: The Kermitment|44/100 par|[from] item: Leftovers
|-damage|p1a: Keldeo|63/100 psn|[from] psn
|-start|p1a: Keldeo|perish3
|-start|p2a: The Kermitment|perish3
|upkeep
|turn|33
|
|cant|p2a: The Kermitment|par
|move|p1a: Keldeo|Secret Sword|p2a: The Kermitment
|-damage|p2a: The Kermitment|8/100 par
|
|-weather|RainDance|[upkeep]
|-heal|p2a: The Kermitment|14/100 par|[from] item: Leftovers
|-damage|p1a: Keldeo|51/100 psn|[from] psn
|-start|p1a: Keldeo|perish2
|-start|p2a: The Kermitment|perish2
|upkeep
|turn|34
|
|move|p2a: The Kermitment|Protect|p2a: The Kermitment
|-singleturn|p2a: The Kermitment|Protect
|move|p1a: Keldeo|Secret Sword|p2a: The Kermitment
|-activate|p2a: The Kermitment|move: Protect
|
|-weather|RainDance|[upkeep]
|-heal|p2a: The Kermitment|20/100 par|[from] item: Leftovers
|-damage|p1a: Keldeo|39/100 psn|[from] psn
|-start|p1a: Keldeo|perish1
|-start|p2a: The Kermitment|perish1
|upkeep
|turn|35
|c|☆Excalliburn88|gg
|c|☆TimidKiwi|this rng lol
|
|move|p2a: The Kermitment|Protect|p2a: The Kermitment
|-fail|p2a: The Kermitment
|move|p1a: Keldeo|Secret Sword|p2a: The Kermitment
|-damage|p2a: The Kermitment|0 fnt
|faint|p2a: The Kermitment
|
|win|TimidKiwi
|raw|TimidKiwi's rating: 1436 &rarr; <strong>1451</strong><br />(+15 for winning)
|raw|Excalliburn88's rating: 1360 &rarr; <strong>1345</strong><br />(-15 for losing)
|c|☆TimidKiwi|gg
|c|☆Excalliburn88|gg
|l|☆Excalliburn88
