|j|☆porrompompom
|j|☆yoloboy9000
|player|p1|porrompompom|169|1577
|player|p2|yoloboy9000|102|1330
|teamsize|p1|6
|teamsize|p2|6
|gametype|singles
|gen|5
|tier|[Gen 5] OU
|rated|
|rule|Sleep Clause Mod: Limit one foe put to sleep
|rule|Species Clause: Limit one of each Pokémon
|rule|OHKO Clause: OHKO moves are banned
|rule|Moody Clause: Moody is banned
|rule|Evasion Moves Clause: Evasion moves are banned
|rule|Endless Battle Clause: Forcing endless battles is banned
|rule|HP Percentage Mod: HP is shown in percentages
|rule|Evasion Abilities Clause: Evasion abilities are banned
|rule|Baton Pass Clause: Limit one Baton Passer, can't pass Spe and other stats simultaneously
|rule|Swagger Clause: Swagger is banned
|clearpoke
|poke|p1|Tyranitar, F|item
|poke|p1|Jellicent, F|item
|poke|p1|Heatran, M|item
|poke|p1|Latias, F|item
|poke|p1|Skarmory, F|item
|poke|p1|Amoonguss, F|item
|poke|p2|Tyranitar, M|item
|poke|p2|Magnezone|item
|poke|p2|Terrakion|item
|poke|p2|Latios, M|item
|poke|p2|Scizor, F|item
|poke|p2|Landorus-Therian, M|item
|teampreview
|
|start
|switch|p1a: Skarmory|Skarmory, F|100/100
|switch|p2a: Pat Riely|Tyranitar, M|100/100
|-weather|Sandstorm|[from] ability: Sand Stream|[of] p2a: Pat Riely
|turn|1
|
|move|p1a: Skarmory|Taunt|p2a: Pat Riely
|-start|p2a: Pat Riely|move: Taunt
|cant|p2a: Pat Riely|move: Taunt|Stealth Rock
|
|-weather|Sandstorm|[upkeep]
|upkeep
|turn|2
|
|switch|p1a: Heatran|Heatran, M|100/100
|switch|p2a: Ray Allen|Magnezone|100/100
|
|-weather|Sandstorm|[upkeep]
|upkeep
|turn|3
|
|switch|p2a: Bosh|Latios, M, shiny|100/100
|move|p1a: Heatran|Will-O-Wisp|p2a: Bosh|[miss]
|-miss|p1a: Heatran|p2a: Bosh
|
|-weather|Sandstorm|[upkeep]
|-damage|p2a: Bosh|95/100|[from] Sandstorm
|upkeep
|turn|4
|
|switch|p1a: Amoonguss|Amoonguss, F|100/100
|move|p2a: Bosh|Surf|p1a: Amoonguss
|-resisted|p1a: Amoonguss
|-damage|p1a: Amoonguss|89/100
|
|-weather|Sandstorm|[upkeep]
|-damage|p2a: Bosh|89/100|[from] Sandstorm
|-damage|p1a: Amoonguss|83/100|[from] Sandstorm
|-heal|p1a: Amoonguss|89/100|[from] item: Black Sludge
|upkeep
|turn|5
|j| Wishmence2003
|
|switch|p1a: Tyranitar|Tyranitar, F|100/100
|move|p2a: Bosh|Psyshock|p1a: Tyranitar
|-immune|p1a: Tyranitar
|
|-weather|Sandstorm|[upkeep]
|-damage|p2a: Bosh|83/100|[from] Sandstorm
|upkeep
|turn|6
|
|move|p2a: Bosh|Surf|p1a: Tyranitar
|-supereffective|p1a: Tyranitar
|-damage|p1a: Tyranitar|62/100
|move|p1a: Tyranitar|Pursuit|p2a: Bosh
|-supereffective|p2a: Bosh
|-damage|p2a: Bosh|27/100
|
|-weather|Sandstorm|[upkeep]
|-damage|p2a: Bosh|21/100|[from] Sandstorm
|upkeep
|turn|7
|
|move|p2a: Bosh|Surf|p1a: Tyranitar
|-supereffective|p1a: Tyranitar
|-crit|p1a: Tyranitar
|-damage|p1a: Tyranitar|0 fnt
|faint|p1a: Tyranitar
|
|-weather|Sandstorm|[upkeep]
|-damage|p2a: Bosh|15/100|[from] Sandstorm
|upkeep
|c|☆porrompompom|sigh
|
|switch|p1a: Jellicent|Jellicent, F|100/100
|turn|8
|
|switch|p2a: Pat Riely|Tyranitar, M|100/100
|move|p1a: Jellicent|Recover||[still]
|-fail|p1a: Jellicent|heal
|
|-weather|Sandstorm|[upkeep]
|-damage|p1a: Jellicent|94/100|[from] Sandstorm
|-heal|p1a: Jellicent|100/100|[from] item: Leftovers
|upkeep
|turn|9
|
|move|p1a: Jellicent|Will-O-Wisp|p2a: Pat Riely
|-status|p2a: Pat Riely|brn
|move|p2a: Pat Riely|Stealth Rock|p1a: Jellicent
|-sidestart|p1: porrompompom|move: Stealth Rock
|
|-weather|Sandstorm|[upkeep]
|-damage|p1a: Jellicent|94/100|[from] Sandstorm
|-heal|p1a: Jellicent|100/100|[from] item: Leftovers
|-damage|p2a: Pat Riely|88/100 brn|[from] brn
|upkeep
|turn|10
|
|move|p1a: Jellicent|Scald|p2a: Pat Riely
|-supereffective|p2a: Pat Riely
|-damage|p2a: Pat Riely|67/100 brn
|move|p2a: Pat Riely|Pursuit|p1a: Jellicent
|-supereffective|p1a: Jellicent
|-damage|p1a: Jellicent|87/100
|
|-weather|Sandstorm|[upkeep]
|-damage|p1a: Jellicent|81/100|[from] Sandstorm
|-heal|p1a: Jellicent|87/100|[from] item: Leftovers
|-heal|p2a: Pat Riely|73/100 brn|[from] item: Leftovers
|-damage|p2a: Pat Riely|61/100 brn|[from] brn
|upkeep
|turn|11
|
|move|p1a: Jellicent|Scald|p2a: Pat Riely
|-supereffective|p2a: Pat Riely
|-damage|p2a: Pat Riely|41/100 brn
|move|p2a: Pat Riely|Pursuit|p1a: Jellicent
|-supereffective|p1a: Jellicent
|-damage|p1a: Jellicent|71/100
|
|-weather|Sandstorm|[upkeep]
|-damage|p1a: Jellicent|65/100|[from] Sandstorm
|-heal|p1a: Jellicent|71/100|[from] item: Leftovers
|-heal|p2a: Pat Riely|47/100 brn|[from] item: Leftovers
|-damage|p2a: Pat Riely|35/100 brn|[from] brn
|upkeep
|turn|12
|
|move|p1a: Jellicent|Recover|p1a: Jellicent
|-heal|p1a: Jellicent|100/100
|move|p2a: Pat Riely|Pursuit|p1a: Jellicent
|-supereffective|p1a: Jellicent
|-damage|p1a: Jellicent|86/100
|
|-weather|Sandstorm|[upkeep]
|-damage|p1a: Jellicent|80/100|[from] Sandstorm
|-heal|p1a: Jellicent|86/100|[from] item: Leftovers
|-heal|p2a: Pat Riely|41/100 brn|[from] item: Leftovers
|-damage|p2a: Pat Riely|29/100 brn|[from] brn
|upkeep
|turn|13
|
|move|p1a: Jellicent|Recover|p1a: Jellicent
|-heal|p1a: Jellicent|100/100
|move|p2a: Pat Riely|Pursuit|p1a: Jellicent
|-supereffective|p1a: Jellicent
|-damage|p1a: Jellicent|86/100
|
|-weather|Sandstorm|[upkeep]
|-damage|p1a: Jellicent|80/100|[from] Sandstorm
|-heal|p1a: Jellicent|86/100|[from] item: Leftovers
|-heal|p2a: Pat Riely|35/100 brn|[from] item: Leftovers
|-damage|p2a: Pat Riely|23/100 brn|[from] brn
|upkeep
|turn|14
|
|move|p1a: Jellicent|Recover|p1a: Jellicent
|-heal|p1a: Jellicent|100/100
|move|p2a: Pat Riely|Pursuit|p1a: Jellicent
|-supereffective|p1a: Jellicent
|-damage|p1a: Jellicent|85/100
|
|-weather|Sandstorm|[upkeep]
|-damage|p1a: Jellicent|78/100|[from] Sandstorm
|-heal|p1a: Jellicent|85/100|[from] item: Leftovers
|-heal|p2a: Pat Riely|29/100 brn|[from] item: Leftovers
|-damage|p2a: Pat Riely|16/100 brn|[from] brn
|upkeep
|turn|15
|
|move|p1a: Jellicent|Scald|p2a: Pat Riely
|-supereffective|p2a: Pat Riely
|-damage|p2a: Pat Riely|0 fnt
|faint|p2a: Pat Riely
|
|-weather|Sandstorm|[upkeep]
|-damage|p1a: Jellicent|78/100|[from] Sandstorm
|-heal|p1a: Jellicent|85/100|[from] item: Leftovers
|upkeep
|
|switch|p2a: Bron Bron|Landorus-Therian, M|100/100
|-ability|p2a: Bron Bron|Intimidate|boost
|-unboost|p1a: Jellicent|atk|1
|turn|16
|
|move|p2a: Bron Bron|Toxic|p1a: Jellicent
|-status|p1a: Jellicent|tox
|move|p1a: Jellicent|Recover|p1a: Jellicent
|-heal|p1a: Jellicent|100/100 tox
|
|-weather|Sandstorm|[upkeep]
|-damage|p1a: Jellicent|94/100 tox|[from] Sandstorm
|-heal|p1a: Jellicent|100/100 tox|[from] item: Leftovers
|-damage|p1a: Jellicent|94/100 tox|[from] psn
|upkeep
|turn|17
|
|move|p2a: Bron Bron|Earthquake|p1a: Jellicent
|-damage|p1a: Jellicent|44/100 tox
|move|p1a: Jellicent|Will-O-Wisp|p2a: Bron Bron|[miss]
|-miss|p1a: Jellicent|p2a: Bron Bron
|
|-weather|Sandstorm|[upkeep]
|-damage|p1a: Jellicent|38/100 tox|[from] Sandstorm
|-heal|p1a: Jellicent|44/100 tox|[from] item: Leftovers
|-damage|p1a: Jellicent|32/100 tox|[from] psn
|upkeep
|turn|18
|
|switch|p1a: Skarmory|Skarmory, F|100/100
|-damage|p1a: Skarmory|88/100|[from] Stealth Rock
|move|p2a: Bron Bron|Earthquake|p1a: Skarmory
|-immune|p1a: Skarmory
|
|-weather|Sandstorm|[upkeep]
|upkeep
|turn|19
|
|move|p2a: Bron Bron|U-turn|p1a: Skarmory
|-resisted|p1a: Skarmory
|-damage|p1a: Skarmory|84/100
|
|switch|p2a: Ray Allen|Magnezone|100/100|[from]move: U-turn
|move|p1a: Skarmory|Spikes|p2a: Ray Allen
|-sidestart|p2: yoloboy9000|Spikes
|
|-weather|Sandstorm|[upkeep]
|upkeep
|turn|20
|
|switch|p1a: Amoonguss|Amoonguss, F|100/100
|-damage|p1a: Amoonguss|88/100|[from] Stealth Rock
|move|p2a: Ray Allen|Charge Beam|p1a: Amoonguss
|-resisted|p1a: Amoonguss
|-damage|p1a: Amoonguss|80/100
|-boost|p2a: Ray Allen|spa|1
|
|-weather|Sandstorm|[upkeep]
|-damage|p1a: Amoonguss|74/100|[from] Sandstorm
|-heal|p1a: Amoonguss|80/100|[from] item: Black Sludge
|upkeep
|turn|21
|
|switch|p1a: Heatran|Heatran, M|100/100
|-damage|p1a: Heatran|88/100|[from] Stealth Rock
|move|p2a: Ray Allen|Substitute|p2a: Ray Allen
|-start|p2a: Ray Allen|Substitute
|-damage|p2a: Ray Allen|76/100
|
|-weather|Sandstorm|[upkeep]
|-heal|p2a: Ray Allen|82/100|[from] item: Leftovers
|-heal|p1a: Heatran|94/100|[from] item: Leftovers
|upkeep
|turn|22
|
|move|p2a: Ray Allen|Charge Beam|p1a: Heatran
|-damage|p1a: Heatran|69/100
|-boost|p2a: Ray Allen|spa|1
|move|p1a: Heatran|Earth Power|p2a: Ray Allen
|-supereffective|p2a: Ray Allen
|-end|p2a: Ray Allen|Substitute
|
|-weather|Sandstorm|[upkeep]
|-heal|p2a: Ray Allen|88/100|[from] item: Leftovers
|-heal|p1a: Heatran|75/100|[from] item: Leftovers
|upkeep
|turn|23
|
|move|p2a: Ray Allen|Substitute|p2a: Ray Allen
|-start|p2a: Ray Allen|Substitute
|-damage|p2a: Ray Allen|63/100
|move|p1a: Heatran|Earth Power|p2a: Ray Allen
|-supereffective|p2a: Ray Allen
|-end|p2a: Ray Allen|Substitute
|
|-weather|Sandstorm|[upkeep]
|-heal|p2a: Ray Allen|69/100|[from] item: Leftovers
|-heal|p1a: Heatran|81/100|[from] item: Leftovers
|upkeep
|turn|24
|
|move|p2a: Ray Allen|Substitute|p2a: Ray Allen
|-start|p2a: Ray Allen|Substitute
|-damage|p2a: Ray Allen|44/100
|move|p1a: Heatran|Earth Power|p2a: Ray Allen
|-supereffective|p2a: Ray Allen
|-end|p2a: Ray Allen|Substitute
|
|-weather|Sandstorm|[upkeep]
|-heal|p2a: Ray Allen|50/100|[from] item: Leftovers
|-heal|p1a: Heatran|87/100|[from] item: Leftovers
|upkeep
|turn|25
|l| Wishmence2003
|
|switch|p2a: Bron Bron|Landorus-Therian, M|100/100
|-ability|p2a: Bron Bron|Intimidate|boost
|-unboost|p1a: Heatran|atk|1
|move|p1a: Heatran|Earth Power|p2a: Bron Bron
|-immune|p2a: Bron Bron
|
|-weather|Sandstorm|[upkeep]
|-heal|p1a: Heatran|93/100|[from] item: Leftovers
|upkeep
|turn|26
|
|switch|p1a: Skarmory|Skarmory, F|84/100
|-damage|p1a: Skarmory|72/100|[from] Stealth Rock
|move|p2a: Bron Bron|U-turn|p1a: Skarmory
|-resisted|p1a: Skarmory
|-damage|p1a: Skarmory|68/100
|
|switch|p2a: Ray Allen|Magnezone|50/100|[from]move: U-turn
|-damage|p2a: Ray Allen|38/100|[from] Spikes
|
|-weather|Sandstorm|[upkeep]
|-heal|p2a: Ray Allen|44/100|[from] item: Leftovers
|upkeep
|turn|27
|
|switch|p1a: Heatran|Heatran, M|93/100
|-damage|p1a: Heatran|81/100|[from] Stealth Rock
|move|p2a: Ray Allen|Charge Beam|p1a: Heatran|[miss]
|-miss|p2a: Ray Allen|p1a: Heatran
|
|-weather|Sandstorm|[upkeep]
|-heal|p2a: Ray Allen|50/100|[from] item: Leftovers
|-heal|p1a: Heatran|87/100|[from] item: Leftovers
|upkeep
|turn|28
|
|switch|p2a: Bron Bron|Landorus-Therian, M|100/100
|-ability|p2a: Bron Bron|Intimidate|boost
|-unboost|p1a: Heatran|atk|1
|move|p1a: Heatran|Magma Storm|p2a: Bron Bron|[miss]
|-miss|p1a: Heatran|p2a: Bron Bron
|
|-weather|Sandstorm|[upkeep]
|-heal|p1a: Heatran|93/100|[from] item: Leftovers
|upkeep
|turn|29
|c|☆porrompompom|could i like
|c|☆porrompompom|i don't know
|c|☆porrompompom|maybe hit something?
|
|switch|p1a: Jellicent|Jellicent, F|32/100 tox
|-damage|p1a: Jellicent|20/100 tox|[from] Stealth Rock
|move|p2a: Bron Bron|Earthquake|p1a: Jellicent
|-damage|p1a: Jellicent|0 fnt
|faint|p1a: Jellicent
|
|-weather|Sandstorm|[upkeep]
|upkeep
|
|switch|p1a: Skarmory|Skarmory, F|68/100
|-damage|p1a: Skarmory|55/100|[from] Stealth Rock
|turn|30
|
|move|p2a: Bron Bron|U-turn|p1a: Skarmory
|-resisted|p1a: Skarmory
|-damage|p1a: Skarmory|52/100
|
|switch|p2a: D.Wade|Terrakion|100/100|[from]move: U-turn
|-damage|p2a: D.Wade|88/100|[from] Spikes
|move|p1a: Skarmory|Roost|p1a: Skarmory
|-heal|p1a: Skarmory|100/100
|-singleturn|p1a: Skarmory|move: Roost
|
|-weather|Sandstorm|[upkeep]
|upkeep
|turn|31
|
|move|p2a: D.Wade|Stone Edge|p1a: Skarmory
|-damage|p1a: Skarmory|72/100
|move|p1a: Skarmory|Whirlwind|p2a: D.Wade
|drag|p2a: Bosh|Latios, M, shiny|15/100
|
|-weather|Sandstorm|[upkeep]
|-damage|p2a: Bosh|9/100|[from] Sandstorm
|upkeep
|turn|32
|
|switch|p1a: Amoonguss|Amoonguss, F|100/100
|-damage|p1a: Amoonguss|88/100|[from] Stealth Rock
|move|p2a: Bosh|Surf|p1a: Amoonguss
|-resisted|p1a: Amoonguss
|-damage|p1a: Amoonguss|78/100
|
|-weather|Sandstorm|[upkeep]
|-damage|p2a: Bosh|3/100|[from] Sandstorm
|-damage|p1a: Amoonguss|71/100|[from] Sandstorm
|-heal|p1a: Amoonguss|78/100|[from] item: Black Sludge
|upkeep
|turn|33
|
|switch|p1a: Heatran|Heatran, M|93/100
|-damage|p1a: Heatran|81/100|[from] Stealth Rock
|move|p2a: Bosh|Psyshock|p1a: Heatran
|-resisted|p1a: Heatran
|-damage|p1a: Heatran|63/100
|
|-weather|Sandstorm|[upkeep]
|-damage|p2a: Bosh|0 fnt|[from] Sandstorm
|faint|p2a: Bosh
|-heal|p1a: Heatran|69/100|[from] item: Leftovers
|upkeep
|
|switch|p2a: D.Wade|Terrakion|88/100
|-damage|p2a: D.Wade|76/100|[from] Spikes
|turn|34
|
|switch|p1a: Amoonguss|Amoonguss, F|100/100
|-damage|p1a: Amoonguss|88/100|[from] Stealth Rock
|move|p2a: D.Wade|Stone Edge|p1a: Amoonguss
|-damage|p1a: Amoonguss|29/100
|
|-weather|Sandstorm|[upkeep]
|-damage|p1a: Amoonguss|23/100|[from] Sandstorm
|-heal|p1a: Amoonguss|29/100|[from] item: Black Sludge
|upkeep
|turn|35
|
|switch|p1a: Skarmory|Skarmory, F|72/100
|-damage|p1a: Skarmory|60/100|[from] Stealth Rock
|move|p2a: D.Wade|Stone Edge|p1a: Skarmory
|-damage|p1a: Skarmory|27/100
|
|-weather|Sandstorm|[upkeep]
|upkeep
|turn|36
|
|move|p2a: D.Wade|Stone Edge|p1a: Skarmory
|-damage|p1a: Skarmory|0 fnt
|faint|p1a: Skarmory
|
|-weather|Sandstorm|[upkeep]
|upkeep
|
|switch|p1a: Latias|Latias, F|100/100
|-damage|p1a: Latias|88/100|[from] Stealth Rock
|turn|37
|
|switch|p2a: Bron Bron|Landorus-Therian, M|100/100
|-ability|p2a: Bron Bron|Intimidate|boost
|-unboost|p1a: Latias|atk|1
|move|p1a: Latias|Recover|p1a: Latias
|-heal|p1a: Latias|100/100
|
|-weather|Sandstorm|[upkeep]
|-damage|p1a: Latias|94/100|[from] Sandstorm
|-heal|p1a: Latias|100/100|[from] item: Leftovers
|upkeep
|turn|38
|
|switch|p1a: Amoonguss|Amoonguss, F|62/100
|-damage|p1a: Amoonguss|50/100|[from] Stealth Rock
|move|p2a: Bron Bron|U-turn|p1a: Amoonguss
|-damage|p1a: Amoonguss|17/100
|
|switch|p2a: Miller|Scizor, F, shiny|100/100|[from]move: U-turn
|-damage|p2a: Miller|88/100|[from] Spikes
|
|-weather|Sandstorm|[upkeep]
|-damage|p1a: Amoonguss|10/100|[from] Sandstorm
|-heal|p1a: Amoonguss|17/100|[from] item: Black Sludge
|upkeep
|turn|39
|
|move|p2a: Miller|U-turn|p1a: Amoonguss
|-damage|p1a: Amoonguss|0 fnt
|faint|p1a: Amoonguss
|
|switch|p2a: Bron Bron|Landorus-Therian, M|100/100|[from]move: U-turn
|
|-weather|Sandstorm|[upkeep]
|upkeep
|
|switch|p1a: Latias|Latias, F|100/100
|-damage|p1a: Latias|88/100|[from] Stealth Rock
|turn|40
|
|move|p1a: Latias|Dragon Pulse|p2a: Bron Bron
|-damage|p2a: Bron Bron|63/100
|move|p2a: Bron Bron|U-turn|p1a: Latias
|-supereffective|p1a: Latias
|-damage|p1a: Latias|20/100
|
|switch|p2a: D.Wade|Terrakion|76/100|[from]move: U-turn
|-damage|p2a: D.Wade|63/100|[from] Spikes
|
|-weather|Sandstorm|[upkeep]
|-damage|p1a: Latias|14/100|[from] Sandstorm
|-heal|p1a: Latias|20/100|[from] item: Leftovers
|upkeep
|turn|41
|c|☆yoloboy9000|im a big man with a big dick
|inactive|Battle timer is ON: inactive players will automatically lose when time's up. (requested by yoloboy9000)
|
|move|p2a: D.Wade|Close Combat|p1a: Latias
|-resisted|p1a: Latias
|-damage|p1a: Latias|0 fnt
|-unboost|p2a: D.Wade|def|1
|-unboost|p2a: D.Wade|spd|1
|faint|p1a: Latias
|
|-weather|Sandstorm|[upkeep]
|upkeep
|
|switch|p1a: Heatran|Heatran, M|69/100
|-damage|p1a: Heatran|57/100|[from] Stealth Rock
|turn|42
|c|☆yoloboy9000|gg
|
|move|p2a: D.Wade|Close Combat|p1a: Heatran
|-supereffective|p1a: Heatran
|-damage|p1a: Heatran|0 fnt
|-unboost|p2a: D.Wade|def|1
|-unboost|p2a: D.Wade|spd|1
|faint|p1a: Heatran
|
|win|yoloboy9000
|l|☆porrompompom
|raw|porrompompom's rating: 1578 &rarr; <strong>1545</strong><br />(-33 for losing)
|raw|yoloboy9000's rating: 1330 &rarr; <strong>1362</strong><br />(+32 for winning)
