|j|☆realmadriddd3
|j|☆mellrrowe
|player|p1|realmadriddd3|lucas|1666
|player|p2|mellrrowe|hilbert|1335
|teamsize|p1|6
|teamsize|p2|6
|gametype|singles
|gen|5
|tier|[Gen 5] OU
|rated|
|clearpoke
|poke|p1|Tyranitar, F|item
|poke|p1|Excadrill, M|item
|poke|p1|Seismitoad, F|item
|poke|p1|Breloom, M|item
|poke|p1|Latios, M|item
|poke|p1|Landorus-Therian, M|item
|poke|p2|Garchomp, F|item
|poke|p2|Breloom, M|item
|poke|p2|Volcarona, M|item
|poke|p2|Dragonite, M|item
|poke|p2|Starmie|item
|poke|p2|Scizor, M|item
|rule|Species Clause: Limit one of each Pokémon
|rule|OHKO Clause: OHKO moves are banned
|rule|Moody Clause: Moody is banned
|rule|Evasion Moves Clause: Evasion moves are banned
|rule|Endless Battle Clause: Forcing endless battles is banned
|rule|HP Percentage Mod: HP is shown in percentages
|rule|Evasion Abilities Clause: Evasion abilities are banned
|rule|Baton Pass Clause: Limit one Baton Passer, can't pass Spe and other stats simultaneously
|rule|Sleep Clause: Sleep-inducing moves are banned
|rule|Swagger Clause: Swagger is banned
|teampreview
|
|start
|switch|p1a: Landorus|Landorus-Therian, M|100/100
|switch|p2a: Garchomp|Garchomp, F, shiny|100/100
|-ability|p1a: Landorus|Intimidate|boost
|-unboost|p2a: Garchomp|atk|1
|turn|1
|
|move|p2a: Garchomp|Draco Meteor|p1a: Landorus
|-enditem|p2a: Garchomp|Dragon Gem|[from] gem
|-damage|p1a: Landorus|7/100
|-unboost|p2a: Garchomp|spa|2
|move|p1a: Landorus|Hidden Power|p2a: Garchomp
|-supereffective|p2a: Garchomp
|-crit|p2a: Garchomp
|-damage|p2a: Garchomp|0 fnt
|faint|p2a: Garchomp
|
|-heal|p1a: Landorus|13/100|[from] item: Leftovers
|upkeep
|c|☆mellrrowe|interesting
|c|☆mellrrowe|gotta change the nature so that kills
|
|switch|p2a: Dragonite|Dragonite, M|100/100
|turn|2
|
|move|p2a: Dragonite|Extreme Speed|p1a: Landorus
|-damage|p1a: Landorus|0 fnt
|faint|p1a: Landorus
|
|upkeep
|
|switch|p1a: Tyranitar|Tyranitar, F|100/100
|-weather|Sandstorm|[from] ability: Sand Stream|[of] p1a: Tyranitar
|turn|3
|
|move|p1a: Tyranitar|Pursuit|p2a: Dragonite
|-damage|p2a: Dragonite|88/100
|move|p2a: Dragonite|Dragon Dance|p2a: Dragonite
|-boost|p2a: Dragonite|atk|1
|-boost|p2a: Dragonite|spe|1
|
|-weather|Sandstorm|[upkeep]
|-damage|p2a: Dragonite|82/100|[from] Sandstorm
|upkeep
|turn|4
|
|move|p2a: Dragonite|Earthquake|p1a: Tyranitar
|-supereffective|p1a: Tyranitar
|-damage|p1a: Tyranitar|0 fnt
|faint|p1a: Tyranitar
|
|-weather|Sandstorm|[upkeep]
|-damage|p2a: Dragonite|76/100|[from] Sandstorm
|upkeep
|
|switch|p1a: Latios|Latios, M|100/100
|turn|5
|
|move|p1a: Latios|Dragon Pulse|p2a: Dragonite
|-supereffective|p2a: Dragonite
|-damage|p2a: Dragonite|0 fnt
|faint|p2a: Dragonite
|
|-weather|Sandstorm|[upkeep]
|-damage|p1a: Latios|95/100|[from] Sandstorm
|upkeep
|
|switch|p2a: Scizor|Scizor, M|100/100
|turn|6
|
|switch|p1a: Excadrill|Excadrill, M|100/100
|move|p2a: Scizor|U-turn|p1a: Excadrill
|-resisted|p1a: Excadrill
|-damage|p1a: Excadrill|72/100
|
|switch|p2a: Breloom|Breloom, M, shiny|100/100|[from]move: U-turn
|
|-weather|Sandstorm|[upkeep]
|-damage|p2a: Breloom|94/100|[from] Sandstorm
|-heal|p1a: Excadrill|78/100|[from] item: Leftovers
|upkeep
|turn|7
|
|move|p1a: Excadrill|Protect|p1a: Excadrill
|-singleturn|p1a: Excadrill|Protect
|move|p2a: Breloom|Mach Punch|p1a: Excadrill
|-activate|p1a: Excadrill|move: Protect
|
|-weather|Sandstorm|[upkeep]
|-damage|p2a: Breloom|88/100|[from] Sandstorm
|-heal|p1a: Excadrill|84/100|[from] item: Leftovers
|upkeep
|turn|8
|
|switch|p1a: Latios|Latios, M|95/100
|move|p2a: Breloom|Mach Punch|p1a: Latios
|-enditem|p2a: Breloom|Fighting Gem|[from] gem
|-resisted|p1a: Latios
|-damage|p1a: Latios|59/100
|
|-weather|Sandstorm|[upkeep]
|-damage|p1a: Latios|53/100|[from] Sandstorm
|-damage|p2a: Breloom|82/100|[from] Sandstorm
|upkeep
|turn|9
|
|move|p1a: Latios|Dragon Pulse|p2a: Breloom
|-damage|p2a: Breloom|0 fnt
|faint|p2a: Breloom
|
|-weather|Sandstorm|[upkeep]
|-damage|p1a: Latios|47/100|[from] Sandstorm
|upkeep
|
|switch|p2a: Volcarona|Volcarona, M|100/100
|turn|10
|
|move|p1a: Latios|Dragon Pulse|p2a: Volcarona
|-damage|p2a: Volcarona|55/100
|move|p2a: Volcarona|Quiver Dance|p2a: Volcarona
|-boost|p2a: Volcarona|spa|1
|-boost|p2a: Volcarona|spd|1
|-boost|p2a: Volcarona|spe|1
|
|-weather|Sandstorm|[upkeep]
|-damage|p1a: Latios|41/100|[from] Sandstorm
|-damage|p2a: Volcarona|49/100|[from] Sandstorm
|-heal|p2a: Volcarona|55/100|[from] item: Leftovers
|upkeep
|turn|11
|
|move|p1a: Latios|Dragon Pulse|p2a: Volcarona
|-damage|p2a: Volcarona|24/100
|move|p2a: Volcarona|Bug Buzz|p1a: Latios
|-supereffective|p1a: Latios
|-damage|p1a: Latios|0 fnt
|faint|p1a: Latios
|
|-weather|Sandstorm|[upkeep]
|-damage|p2a: Volcarona|18/100|[from] Sandstorm
|-heal|p2a: Volcarona|24/100|[from] item: Leftovers
|upkeep
|
|switch|p1a: Seismitoad|Seismitoad, F|100/100
|turn|12
|
|move|p2a: Volcarona|Giga Drain|p1a: Seismitoad
|-supereffective|p1a: Seismitoad
|-damage|p1a: Seismitoad|0 fnt
|-heal|p2a: Volcarona|87/100|[from] drain|[of] p1a: Seismitoad
|faint|p1a: Seismitoad
|
|-weather|Sandstorm|[upkeep]
|-damage|p2a: Volcarona|81/100|[from] Sandstorm
|-heal|p2a: Volcarona|87/100|[from] item: Leftovers
|upkeep
|c|☆realmadriddd3|wtf why is it giga
|c|☆realmadriddd3|that makes no sense
|c|☆realmadriddd3|gg
|c|☆mellrrowe|gg
|-message|realmadriddd3 forfeited.
|
|win|mellrrowe
|j| Dontdb
|l|☆realmadriddd3
|raw|realmadriddd3's rating: 1666 &rarr; <strong>1631</strong><br />(-35 for losing)
|raw|mellrrowe's rating: 1335 &rarr; <strong>1369</strong><br />(+34 for winning)
|c| Dontdb|Lool
|c| Dontdb|Ty bro
|c|☆mellrrowe|he was mad
