|j|☆Charliereall
|j|☆thqr
|t:|1739136300
|gametype|singles
|player|p1|Charliereall|teamrocket|1309
|player|p2|thqr|169|1337
|teamsize|p1|6
|teamsize|p2|6
|gen|5
|tier|[Gen 5] OU
|rated|
|rule|Species Clause: Limit one of each Pokémon
|rule|OHKO Clause: OHKO moves are banned
|rule|Moody Clause: Moody is banned
|rule|Evasion Items Clause: Evasion items are banned
|rule|Evasion Moves Clause: Evasion moves are banned
|rule|Endless Battle Clause: Forcing endless battles is banned
|rule|HP Percentage Mod: HP is shown in percentages
|rule|Evasion Abilities Clause: Evasion abilities are banned
|rule|Sleep Moves Clause: Sleep-inducing moves are banned
|rule|Swagger Clause: Swagger is banned
|rule|Baton Pass Stat Clause: No Baton Passer may have a way to boost its stats
|clearpoke
|poke|p1|Abomasnow, M|item
|poke|p1|Gliscor, M|item
|poke|p1|Excadrill, F|item
|poke|p1|Blissey, F|item
|poke|p1|Latios, M|item
|poke|p1|Reuniclus, M|item
|poke|p2|Forretress, F|item
|poke|p2|Clefable, M|item
|poke|p2|Reuniclus, M|item
|poke|p2|Abomasnow, M|item
|poke|p2|Gliscor, M|item
|poke|p2|Latios, M|item
|teampreview
|inactive|Battle timer is ON: inactive players will automatically lose when time's up. (requested by Charliereall)
|inactive|Charliereall has 120 seconds left.
|
|t:|1739136339
|start
|switch|p1a: Gliscor|Gliscor, M|100/100
|switch|p2a: Gliscor|Gliscor, M|100/100
|turn|1
|
|t:|1739136346
|move|p1a: Gliscor|Knock Off|p2a: Gliscor
|-damage|p2a: Gliscor|97/100
|-enditem|p2a: Gliscor|Toxic Orb|[from] move: Knock Off|[of] p1a: Gliscor
|move|p2a: Gliscor|Knock Off|p1a: Gliscor
|-damage|p1a: Gliscor|97/100
|-enditem|p1a: Gliscor|Toxic Orb|[from] move: Knock Off|[of] p2a: Gliscor
|
|upkeep
|turn|2
|
|t:|1739136358
|switch|p1a: Abomasnow|Abomasnow, M|100/100
|-weather|Hail|[from] ability: Snow Warning|[of] p1a: Abomasnow
|move|p2a: Gliscor|Stealth Rock|p1a: Abomasnow
|-sidestart|p1: Charliereall|move: Stealth Rock
|
|-weather|Hail|[upkeep]
|-damage|p2a: Gliscor|91/100|[from] Hail
|upkeep
|turn|3
|
|t:|1739136379
|switch|p2a: Reuniclus|Reuniclus, M|100/100
|move|p1a: Abomasnow|Blizzard|p2a: Reuniclus
|-damage|p2a: Reuniclus|58/100
|
|-weather|Hail|[upkeep]
|-heal|p2a: Reuniclus|64/100|[from] item: Leftovers
|upkeep
|turn|4
|
|t:|1739136388
|move|p1a: Abomasnow|Blizzard|p2a: Reuniclus
|-damage|p2a: Reuniclus|21/100
|move|p2a: Reuniclus|Hidden Power|p1a: Abomasnow
|-supereffective|p1a: Abomasnow
|-damage|p1a: Abomasnow|31/100
|
|-weather|Hail|[upkeep]
|-heal|p1a: Abomasnow|37/100|[from] item: Leftovers
|-heal|p2a: Reuniclus|27/100|[from] item: Leftovers
|upkeep
|turn|5
|
|t:|1739136398
|switch|p2a: Clefable|Clefable, M|100/100
|move|p1a: Abomasnow|Blizzard|p2a: Clefable
|-damage|p2a: Clefable|70/100
|
|-weather|Hail|[upkeep]
|-heal|p2a: Clefable|76/100|[from] item: Leftovers
|-heal|p1a: Abomasnow|43/100|[from] item: Leftovers
|upkeep
|turn|6
|
|t:|1739136410
|move|p1a: Abomasnow|Protect|p1a: Abomasnow
|-singleturn|p1a: Abomasnow|Protect
|move|p2a: Clefable|Seismic Toss|p1a: Abomasnow
|-activate|p1a: Abomasnow|move: Protect
|
|-weather|Hail|[upkeep]
|-heal|p2a: Clefable|82/100|[from] item: Leftovers
|-heal|p1a: Abomasnow|49/100|[from] item: Leftovers
|upkeep
|turn|7
|
|t:|1739136420
|switch|p1a: Blissey|Blissey, F|100/100
|-damage|p1a: Blissey|88/100|[from] Stealth Rock
|move|p2a: Clefable|Seismic Toss|p1a: Blissey
|-damage|p1a: Blissey|74/100
|
|-weather|Hail|[upkeep]
|-damage|p1a: Blissey|68/100|[from] Hail
|-heal|p2a: Clefable|88/100|[from] item: Leftovers
|-heal|p1a: Blissey|74/100|[from] item: Leftovers
|upkeep
|turn|8
|
|t:|1739136434
|move|p2a: Clefable|Knock Off|p1a: Blissey
|-damage|p1a: Blissey|71/100
|-enditem|p1a: Blissey|Leftovers|[from] move: Knock Off|[of] p2a: Clefable
|move|p1a: Blissey|Thunder Wave|p2a: Clefable
|-status|p2a: Clefable|par
|
|-weather|Hail|[upkeep]
|-damage|p1a: Blissey|65/100|[from] Hail
|-heal|p2a: Clefable|94/100 par|[from] item: Leftovers
|upkeep
|turn|9
|
|t:|1739136446
|switch|p2a: Forretress|Forretress, F|100/100
|move|p1a: Blissey|Seismic Toss|p2a: Forretress
|-damage|p2a: Forretress|72/100
|
|-weather|Hail|[upkeep]
|-damage|p1a: Blissey|59/100|[from] Hail
|-heal|p2a: Forretress|78/100|[from] item: Leftovers
|upkeep
|turn|10
|
|t:|1739136458
|switch|p1a: Excadrill|Excadrill, F|100/100
|-damage|p1a: Excadrill|98/100|[from] Stealth Rock
|-ability|p1a: Excadrill|Mold Breaker
|move|p2a: Forretress|Spikes|p1a: Excadrill
|-sidestart|p1: Charliereall|Spikes
|
|-weather|Hail|[upkeep]
|-damage|p1a: Excadrill|92/100|[from] Hail
|-heal|p1a: Excadrill|98/100|[from] item: Leftovers
|-heal|p2a: Forretress|85/100|[from] item: Leftovers
|upkeep
|turn|11
|
|t:|1739136470
|switch|p2a: Gliscor|Gliscor, M|91/100
|move|p1a: Excadrill|Rapid Spin|p2a: Gliscor
|-damage|p2a: Gliscor|87/100
|-sideend|p1: Charliereall|Spikes|[from] move: Rapid Spin|[of] p1a: Excadrill
|-sideend|p1: Charliereall|Stealth Rock|[from] move: Rapid Spin|[of] p1a: Excadrill
|
|-weather|Hail|[upkeep]
|-damage|p2a: Gliscor|81/100|[from] Hail
|-damage|p1a: Excadrill|92/100|[from] Hail
|-heal|p1a: Excadrill|98/100|[from] item: Leftovers
|upkeep
|turn|12
|
|t:|1739136482
|switch|p1a: Latios|Latios, M|100/100
|move|p2a: Gliscor|Knock Off|p1a: Latios
|-supereffective|p1a: Latios
|-enditem|p1a: Latios|Colbur Berry|[eat]
|-enditem|p1a: Latios|Colbur Berry|[weaken]
|-damage|p1a: Latios|95/100
|
|-weather|Hail|[upkeep]
|-damage|p1a: Latios|89/100|[from] Hail
|-damage|p2a: Gliscor|75/100|[from] Hail
|upkeep
|turn|13
|
|t:|1739136494
|switch|p2a: Clefable|Clefable, M|94/100 par
|move|p1a: Latios|Surf|p2a: Clefable
|-damage|p2a: Clefable|71/100 par
|
|-weather|Hail|[upkeep]
|-damage|p1a: Latios|83/100|[from] Hail
|-heal|p2a: Clefable|77/100 par|[from] item: Leftovers
|upkeep
|turn|14
|
|t:|1739136506
|move|p1a: Latios|Draco Meteor|p2a: Clefable
|-damage|p2a: Clefable|25/100 par
|-unboost|p1a: Latios|spa|2
|move|p2a: Clefable|Thunder Wave|p1a: Latios
|-status|p1a: Latios|par
|
|-weather|Hail|[upkeep]
|-damage|p1a: Latios|77/100 par|[from] Hail
|-heal|p2a: Clefable|31/100 par|[from] item: Leftovers
|upkeep
|turn|15
|
|t:|1739136517
|cant|p1a: Latios|par
|move|p2a: Clefable|Soft-Boiled|p2a: Clefable
|-heal|p2a: Clefable|81/100 par
|
|-weather|Hail|[upkeep]
|-damage|p1a: Latios|71/100 par|[from] Hail
|-heal|p2a: Clefable|87/100 par|[from] item: Leftovers
|upkeep
|turn|16
|
|t:|1739136531
|switch|p1a: Gliscor|Gliscor, M|97/100
|move|p2a: Clefable|Seismic Toss|p1a: Gliscor
|-damage|p1a: Gliscor|64/100
|
|-weather|Hail|[upkeep]
|-damage|p1a: Gliscor|58/100|[from] Hail
|-heal|p2a: Clefable|93/100 par|[from] item: Leftovers
|upkeep
|turn|17
|
|t:|1739136544
|move|p1a: Gliscor|Earthquake|p2a: Clefable
|-damage|p2a: Clefable|56/100 par
|cant|p2a: Clefable|par
|
|-weather|Hail|[upkeep]
|-damage|p1a: Gliscor|52/100|[from] Hail
|-heal|p2a: Clefable|62/100 par|[from] item: Leftovers
|upkeep
|turn|18
|
|t:|1739136553
|move|p1a: Gliscor|Earthquake|p2a: Clefable
|-crit|p2a: Clefable
|-damage|p2a: Clefable|0 fnt
|faint|p2a: Clefable
|
|-weather|Hail|[upkeep]
|-damage|p1a: Gliscor|46/100|[from] Hail
|upkeep
|
|t:|1739136561
|switch|p2a: Abomasnow|Abomasnow, M|100/100
|turn|19
|
|t:|1739136570
|switch|p1a: Blissey|Blissey, F|59/100
|move|p2a: Abomasnow|Blizzard|p1a: Blissey
|-damage|p1a: Blissey|37/100
|
|-weather|Hail|[upkeep]
|-damage|p1a: Blissey|31/100|[from] Hail
|upkeep
|turn|20
|
|t:|1739136579
|move|p2a: Abomasnow|Wood Hammer|p1a: Blissey
|-damage|p1a: Blissey|0 fnt
|faint|p1a: Blissey
|-damage|p2a: Abomasnow|78/100|[from] Recoil
|
|-weather|Hail|[upkeep]
|upkeep
|
|t:|1739136596
|switch|p1a: Reuniclus|Reuniclus, M|100/100
|turn|21
|
|t:|1739136608
|switch|p2a: Gliscor|Gliscor, M|75/100
|move|p1a: Reuniclus|Focus Blast|p2a: Gliscor
|-resisted|p2a: Gliscor
|-damage|p2a: Gliscor|56/100
|
|-weather|Hail|[upkeep]
|-damage|p2a: Gliscor|50/100|[from] Hail
|upkeep
|turn|22
|
|t:|1739136619
|switch|p1a: Latios|Latios, M|71/100 par
|move|p2a: Gliscor|Knock Off|p1a: Latios
|-supereffective|p1a: Latios
|-damage|p1a: Latios|59/100 par
|
|-weather|Hail|[upkeep]
|-damage|p2a: Gliscor|44/100|[from] Hail
|-damage|p1a: Latios|53/100 par|[from] Hail
|upkeep
|turn|23
|
|t:|1739136635
|switch|p2a: Forretress|Forretress, F|85/100
|move|p1a: Latios|Thunder Wave|p2a: Forretress
|-status|p2a: Forretress|par
|
|-weather|Hail|[upkeep]
|-damage|p1a: Latios|47/100 par|[from] Hail
|-heal|p2a: Forretress|91/100 par|[from] item: Leftovers
|upkeep
|turn|24
|
|t:|1739136645
|switch|p1a: Reuniclus|Reuniclus, M|100/100
|move|p2a: Forretress|Hidden Power|p1a: Reuniclus
|-damage|p1a: Reuniclus|91/100
|
|-weather|Hail|[upkeep]
|-heal|p1a: Reuniclus|97/100|[from] item: Leftovers
|-heal|p2a: Forretress|97/100 par|[from] item: Leftovers
|upkeep
|turn|25
|
|t:|1739136655
|switch|p2a: Gliscor|Gliscor, M|44/100
|move|p1a: Reuniclus|Calm Mind|p1a: Reuniclus
|-boost|p1a: Reuniclus|spa|1
|-boost|p1a: Reuniclus|spd|1
|
|-weather|Hail|[upkeep]
|-damage|p2a: Gliscor|38/100|[from] Hail
|-heal|p1a: Reuniclus|100/100|[from] item: Leftovers
|upkeep
|turn|26
|
|t:|1739136667
|switch|p1a: Abomasnow|Abomasnow, M|49/100
|move|p2a: Gliscor|Knock Off|p1a: Abomasnow
|-damage|p1a: Abomasnow|44/100
|-enditem|p1a: Abomasnow|Leftovers|[from] move: Knock Off|[of] p2a: Gliscor
|
|-weather|Hail|[upkeep]
|-damage|p2a: Gliscor|31/100|[from] Hail
|upkeep
|turn|27
|
|t:|1739136680
|switch|p2a: Forretress|Forretress, F|97/100 par
|move|p1a: Abomasnow|Leech Seed|p2a: Forretress
|-start|p2a: Forretress|move: Leech Seed
|
|-weather|Hail|[upkeep]
|-heal|p2a: Forretress|100/100 par|[from] item: Leftovers
|-damage|p2a: Forretress|88/100 par|[from] Leech Seed|[of] p1a: Abomasnow
|-heal|p1a: Abomasnow|55/100|[silent]
|upkeep
|turn|28
|
|t:|1739136691
|move|p1a: Abomasnow|Protect|p1a: Abomasnow
|-singleturn|p1a: Abomasnow|Protect
|move|p2a: Forretress|Volt Switch|p1a: Abomasnow
|-activate|p1a: Abomasnow|move: Protect
|
|-weather|Hail|[upkeep]
|-heal|p2a: Forretress|94/100 par|[from] item: Leftovers
|-damage|p2a: Forretress|82/100 par|[from] Leech Seed|[of] p1a: Abomasnow
|-heal|p1a: Abomasnow|67/100|[silent]
|upkeep
|turn|29
|
|t:|1739136701
|switch|p1a: Gliscor|Gliscor, M|46/100
|switch|p2a: Abomasnow|Abomasnow, M|78/100
|
|-weather|Hail|[upkeep]
|-damage|p1a: Gliscor|40/100|[from] Hail
|upkeep
|turn|30
|
|t:|1739136716
|move|p1a: Gliscor|Protect|p1a: Gliscor
|-singleturn|p1a: Gliscor|Protect
|move|p2a: Abomasnow|Blizzard|p1a: Gliscor
|-activate|p1a: Gliscor|move: Protect
|
|-weather|Hail|[upkeep]
|-damage|p1a: Gliscor|33/100|[from] Hail
|upkeep
|turn|31
|inactive|Charliereall has 120 seconds left.
|
|t:|1739136744
|switch|p1a: Excadrill|Excadrill, F|98/100
|-ability|p1a: Excadrill|Mold Breaker
|move|p2a: Abomasnow|Blizzard|p1a: Excadrill
|-damage|p1a: Excadrill|52/100
|
|-weather|Hail|[upkeep]
|-damage|p1a: Excadrill|46/100|[from] Hail
|-heal|p1a: Excadrill|52/100|[from] item: Leftovers
|upkeep
|turn|32
|
|t:|1739136760
|switch|p2a: Forretress|Forretress, F|82/100 par
|move|p1a: Excadrill|Stealth Rock|p2a: Forretress
|-sidestart|p2: thqr|move: Stealth Rock
|
|-weather|Hail|[upkeep]
|-damage|p1a: Excadrill|46/100|[from] Hail
|-heal|p1a: Excadrill|52/100|[from] item: Leftovers
|-heal|p2a: Forretress|88/100 par|[from] item: Leftovers
|upkeep
|turn|33
|
|t:|1739136773
|move|p1a: Excadrill|Earthquake|p2a: Forretress
|-damage|p2a: Forretress|63/100 par
|move|p2a: Forretress|Rapid Spin|p1a: Excadrill
|-resisted|p1a: Excadrill
|-damage|p1a: Excadrill|49/100
|-sideend|p2: thqr|Stealth Rock|[from] move: Rapid Spin|[of] p2a: Forretress
|
|-weather|Hail|[upkeep]
|-damage|p1a: Excadrill|43/100|[from] Hail
|-heal|p1a: Excadrill|49/100|[from] item: Leftovers
|-heal|p2a: Forretress|69/100 par|[from] item: Leftovers
|upkeep
|turn|34
|
|t:|1739136784
|switch|p2a: Gliscor|Gliscor, M|31/100
|move|p1a: Excadrill|Earthquake|p2a: Gliscor
|-immune|p2a: Gliscor
|
|-weather|Hail|[upkeep]
|-damage|p2a: Gliscor|25/100|[from] Hail
|-damage|p1a: Excadrill|43/100|[from] Hail
|-heal|p1a: Excadrill|49/100|[from] item: Leftovers
|upkeep
|turn|35
|
|t:|1739136795
|move|p1a: Excadrill|Protect|p1a: Excadrill
|-singleturn|p1a: Excadrill|Protect
|move|p2a: Gliscor|Earthquake|p1a: Excadrill
|-activate|p1a: Excadrill|move: Protect
|
|-weather|Hail|[upkeep]
|-damage|p2a: Gliscor|19/100|[from] Hail
|-damage|p1a: Excadrill|43/100|[from] Hail
|-heal|p1a: Excadrill|49/100|[from] item: Leftovers
|upkeep
|turn|36
|
|t:|1739136805
|switch|p1a: Latios|Latios, M|47/100 par
|move|p2a: Gliscor|Earthquake|p1a: Latios
|-immune|p1a: Latios|[from] ability: Levitate
|
|-weather|Hail|[upkeep]
|-damage|p2a: Gliscor|13/100|[from] Hail
|-damage|p1a: Latios|41/100 par|[from] Hail
|upkeep
|turn|37
|
|t:|1739136814
|move|p2a: Gliscor|Knock Off|p1a: Latios
|-supereffective|p1a: Latios
|-damage|p1a: Latios|28/100 par
|move|p1a: Latios|Roost|p1a: Latios
|-heal|p1a: Latios|78/100 par
|-singleturn|p1a: Latios|move: Roost
|
|-weather|Hail|[upkeep]
|-damage|p2a: Gliscor|6/100|[from] Hail
|-damage|p1a: Latios|72/100 par|[from] Hail
|upkeep
|turn|38
|
|t:|1739136826
|switch|p2a: Forretress|Forretress, F|69/100 par
|move|p1a: Latios|Roost|p1a: Latios
|-heal|p1a: Latios|100/100 par
|-singleturn|p1a: Latios|move: Roost
|
|-weather|Hail|[upkeep]
|-damage|p1a: Latios|95/100 par|[from] Hail
|-heal|p2a: Forretress|76/100 par|[from] item: Leftovers
|upkeep
|turn|39
|
|t:|1739136836
|move|p1a: Latios|Surf|p2a: Forretress
|-damage|p2a: Forretress|28/100 par
|move|p2a: Forretress|Volt Switch|p1a: Latios
|-resisted|p1a: Latios
|-damage|p1a: Latios|89/100 par
|
|t:|1739136842
|switch|p2a: Latios|Latios, M|100/100|[from] Volt Switch
|
|-weather|Hail|[upkeep]
|-damage|p2a: Latios|95/100|[from] Hail
|-damage|p1a: Latios|83/100 par|[from] Hail
|upkeep
|turn|40
|
|t:|1739136866
|move|p2a: Latios|Draco Meteor|p1a: Latios
|-supereffective|p1a: Latios
|-damage|p1a: Latios|0 fnt
|-unboost|p2a: Latios|spa|2
|faint|p1a: Latios
|
|-weather|Hail|[upkeep]
|-damage|p2a: Latios|89/100|[from] Hail
|upkeep
|inactive|Charliereall has 120 seconds left.
|
|t:|1739136883
|switch|p1a: Abomasnow|Abomasnow, M|67/100
|turn|41
|
|t:|1739136890
|switch|p2a: Gliscor|Gliscor, M|6/100
|move|p1a: Abomasnow|Blizzard|p2a: Gliscor
|-supereffective|p2a: Gliscor
|-damage|p2a: Gliscor|0 fnt
|faint|p2a: Gliscor
|
|-weather|Hail|[upkeep]
|upkeep
|
|t:|1739136902
|switch|p2a: Abomasnow|Abomasnow, M|78/100
|turn|42
|
|t:|1739136909
|switch|p2a: Latios|Latios, M|89/100
|move|p1a: Abomasnow|Blizzard|p2a: Latios
|-supereffective|p2a: Latios
|-damage|p2a: Latios|0 fnt
|faint|p2a: Latios
|
|-weather|Hail|[upkeep]
|upkeep
|-message|thqr forfeited.
|
|win|Charliereall
|raw|Charliereall's rating: 1309 &rarr; <strong>1331</strong><br />(+22 for winning)
|raw|thqr's rating: 1337 &rarr; <strong>1315</strong><br />(-22 for losing)
|l|☆thqr
|player|p2|
