|j|youmu@poke
|j|homieunbound
|player|p1|youmu@poke|138
|teamsize|p1|6
|player|p2|homieunbound|161
|teamsize|p2|6
|gametype|singles
|gen|5
|tier|[Gen 5] OU
|rated
|seed|36797,27803,22538,6051
|rule|Sleep Clause Mod: Limit one foe put to sleep
|rule|Species Clause: Limit one of each Pokémon
|rule|OHKO Clause: OHKO moves are banned
|rule|Moody Clause: Moody is banned
|rule|Evasion Moves Clause: Evasion moves are banned
|rule|Endless Battle Clause: Forcing endless battles is banned
|rule|HP Percentage Mod: HP is shown in percentages
|rule|Evasion Abilities Clause: Evasion abilities are banned
|rule|Baton Pass Clause: Limit one Baton Passer, can't pass Spe and other stats simultaneously
|rule|Swagger Clause: Swagger is banned
|clearpoke
|poke|p1|Landorus-Therian, M|item
|poke|p1|Chansey, F|item
|poke|p1|Latios, M|item
|poke|p1|Alomomola, M|item
|poke|p1|Ferrothorn, M|item
|poke|p1|Conkeldurr, F|item
|poke|p2|Politoed, M|item
|poke|p2|Toxicroak, M|item
|poke|p2|Scizor, M|item
|poke|p2|Thundurus-Therian, M|item
|poke|p2|Dugtrio, M|item
|poke|p2|Starmie|item
|teampreview
|c|☆homieunbound|XD
|choice|team 1, team 2, team 3, team 4, team 5, team 6|team 1, team 2, team 3, team 4, team 5, team 6
|
|start
|switch|p1a: かみさまだぞーがおー(゜∀。)ﾜﾋｬ|Landorus-Therian, M|319/319
|switch|p2a: Politoed|Politoed, M|352/352
|-ability|p1a: かみさまだぞーがおー(゜∀。)ﾜﾋｬ|Intimidate|boost
|-unboost|p2a: Politoed|atk|1
|-weather|RainDance|[from] ability: Drizzle|[of] p2a: Politoed
|turn|1
|choice|move uturn|move icebeam
|
|move|p1a: かみさまだぞーがおー(゜∀。)ﾜﾋｬ|U-turn|p2a: Politoed
|-damage|p2a: Politoed|222/352
|choice|switch 5|
|
|switch|p1a: はるさめ|Ferrothorn, M|352/352
|move|p2a: Politoed|Ice Beam|p1a: はるさめ
|-damage|p1a: はるさめ|221/352
|-status|p1a: はるさめ|frz
|
|-weather|RainDance|[upkeep]
|-heal|p1a: はるさめ|243/352 frz|[from] item: Leftovers
|upkeep
|turn|2
|choice|switch 2|switch 2
|
|switch|p2a: Toxicroak|Toxicroak, M|368/368
|switch|p1a: たまごん|Chansey, F|641/641
|
|-weather|RainDance|[upkeep]
|upkeep
|turn|3
|choice|switch 4|move substitute
|
|switch|p1a: まんぼう|Alomomola, M|534/534
|move|p2a: Toxicroak|Substitute|p2a: Toxicroak
|-start|p2a: Toxicroak|Substitute
|-damage|p2a: Toxicroak|276/368
|
|-weather|RainDance|[upkeep]
|-heal|p2a: Toxicroak|322/368|[from] ability: Dry Skin
|-heal|p2a: Toxicroak|345/368|[from] item: Black Sludge
|upkeep
|turn|4
|choice|move psychic|move bulkup
|
|move|p2a: Toxicroak|Bulk Up|p2a: Toxicroak
|-boost|p2a: Toxicroak|atk|1
|-boost|p2a: Toxicroak|def|1
|move|p1a: まんぼう|Psychic|p2a: Toxicroak
|-supereffective|p2a: Toxicroak
|-end|p2a: Toxicroak|Substitute
|
|-weather|RainDance|[upkeep]
|-heal|p2a: Toxicroak|368/368|[from] ability: Dry Skin
|upkeep
|turn|5
|choice|move wish|switch 3
|
|switch|p2a: Scizor|Scizor, M|343/343
|move|p1a: まんぼう|Wish|p1a: まんぼう
|
|-weather|RainDance|[upkeep]
|upkeep
|turn|6
|choice|switch 2|move uturn
|
|switch|p1a: はるさめ|Ferrothorn, M|243/352 frz
|move|p2a: Scizor|U-turn|p1a: はるさめ
|-damage|p1a: はるさめ|119/352 frz
|-damage|p2a: Scizor|301/343|[from] ability: Iron Barbs|[of] p1a: はるさめ
|choice||switch 3
|
|switch|p2a: Toxicroak|Toxicroak, M|368/368
|
|-weather|RainDance|[upkeep]
|-heal|p1a: はるさめ|352/352 frz|[from] move: Wish|[wisher] まんぼう
|upkeep
|turn|7
|choice|switch 2|move substitute
|
|switch|p1a: まんぼう|Alomomola, M|534/534
|move|p2a: Toxicroak|Substitute|p2a: Toxicroak
|-start|p2a: Toxicroak|Substitute
|-damage|p2a: Toxicroak|276/368
|
|-weather|RainDance|[upkeep]
|-heal|p2a: Toxicroak|322/368|[from] ability: Dry Skin
|-heal|p2a: Toxicroak|345/368|[from] item: Black Sludge
|upkeep
|turn|8
|choice|move psychic|move drainpunch
|
|move|p2a: Toxicroak|Drain Punch|p1a: まんぼう
|-damage|p1a: まんぼう|437/534
|-heal|p2a: Toxicroak|368/368|[from] drain|[of] p1a: まんぼう
|-damage|p2a: Toxicroak|307/368|[from] item: Rocky Helmet|[of] p1a: まんぼう
|move|p1a: まんぼう|Psychic|p2a: Toxicroak
|-supereffective|p2a: Toxicroak
|-end|p2a: Toxicroak|Substitute
|
|-weather|RainDance|[upkeep]
|-heal|p2a: Toxicroak|353/368|[from] ability: Dry Skin
|-heal|p2a: Toxicroak|368/368|[from] item: Black Sludge
|upkeep
|turn|9
|choice|move scald|switch 3
|
|switch|p2a: Scizor|Scizor, M|301/343
|move|p1a: まんぼう|Scald|p2a: Scizor
|-damage|p2a: Scizor|217/343
|
|-weather|RainDance|[upkeep]
|upkeep
|turn|10
|choice|move wish|move uturn
|
|move|p1a: まんぼう|Wish|p1a: まんぼう
|move|p2a: Scizor|U-turn|p1a: まんぼう
|-crit|p1a: まんぼう
|-damage|p1a: まんぼう|110/534
|-damage|p2a: Scizor|160/343|[from] item: Rocky Helmet|[of] p1a: まんぼう
|choice||switch 5
|
|switch|p2a: Dugtrio|Dugtrio, M|206/206
|
|-weather|RainDance|[upkeep]
|upkeep
|turn|11
|choice|move protect|move screech
|
|move|p1a: まんぼう|Protect|p1a: まんぼう
|-singleturn|p1a: まんぼう|Protect
|move|p2a: Dugtrio|Screech|p1a: まんぼう
|-activate|p1a: まんぼう|move: Protect
|
|-weather|RainDance|[upkeep]
|-heal|p1a: まんぼう|377/534|[from] move: Wish|[wisher] まんぼう
|upkeep
|turn|12
|choice|move scald|move screech
|
|move|p2a: Dugtrio|Screech|p1a: まんぼう
|-unboost|p1a: まんぼう|def|2
|move|p1a: まんぼう|Scald|p2a: Dugtrio
|-supereffective|p2a: Dugtrio
|-damage|p2a: Dugtrio|20/206
|
|-weather|RainDance|[upkeep]
|upkeep
|turn|13
|choice|move psychic|move earthquake
|
|move|p2a: Dugtrio|Earthquake|p1a: まんぼう
|-damage|p1a: まんぼう|172/534
|move|p1a: まんぼう|Psychic|p2a: Dugtrio
|-damage|p2a: Dugtrio|0 fnt
|faint|p2a: Dugtrio
|
|-weather|RainDance|[upkeep]
|upkeep
|choice||switch 4
|
|switch|p2a: Thundurus|Thundurus-Therian, M|299/299
|turn|14
|choice|switch 4|move thunder
|
|switch|p1a: たまごん|Chansey, F|641/641
|move|p2a: Thundurus|Thunder|p1a: たまごん
|-damage|p1a: たまごん|526/641
|
|-weather|RainDance|[upkeep]
|upkeep
|turn|15
|choice|move seismictoss|switch 3
|
|switch|p2a: Toxicroak|Toxicroak, M|368/368
|move|p1a: たまごん|Seismic Toss|p2a: Toxicroak
|-damage|p2a: Toxicroak|268/368
|
|-weather|RainDance|[upkeep]
|-heal|p2a: Toxicroak|314/368|[from] ability: Dry Skin
|-heal|p2a: Toxicroak|337/368|[from] item: Black Sludge
|upkeep
|turn|16
|choice|switch 3|move bulkup
|
|switch|p1a: らてにい|Latios, M|301/301
|move|p2a: Toxicroak|Bulk Up|p2a: Toxicroak
|-boost|p2a: Toxicroak|atk|1
|-boost|p2a: Toxicroak|def|1
|
|-weather|RainDance|[upkeep]
|-heal|p2a: Toxicroak|368/368|[from] ability: Dry Skin
|upkeep
|turn|17
|choice|move psychic|switch 5
|
|switch|p2a: Scizor|Scizor, M|160/343
|move|p1a: らてにい|Psychic|p2a: Scizor
|-resisted|p2a: Scizor
|-damage|p2a: Scizor|7/343
|
|-weather|RainDance|[upkeep]
|upkeep
|turn|18
|choice|move psychic|move bulletpunch
|
|move|p2a: Scizor|Bullet Punch|p1a: らてにい
|-damage|p1a: らてにい|82/301
|move|p1a: らてにい|Psychic|p2a: Scizor
|-resisted|p2a: Scizor
|-crit|p2a: Scizor
|-damage|p2a: Scizor|0 fnt
|faint|p2a: Scizor
|
|-weather|RainDance|[upkeep]
|upkeep
|choice||switch 3
|
|switch|p2a: Thundurus|Thundurus-Therian, M|299/299
|turn|19
|choice|switch 2|move uturn
|
|switch|p1a: はるさめ|Ferrothorn, M|352/352 frz
|move|p2a: Thundurus|U-turn|p1a: はるさめ
|-damage|p1a: はるさめ|318/352 frz
|-damage|p2a: Thundurus|262/299|[from] ability: Iron Barbs|[of] p1a: はるさめ
|choice||switch 5
|
|switch|p2a: Toxicroak|Toxicroak, M|368/368
|
|-weather|RainDance|[upkeep]
|-heal|p1a: はるさめ|340/352 frz|[from] item: Leftovers
|upkeep
|turn|20
|choice|switch 4|move substitute
|
|switch|p1a: まんぼう|Alomomola, M|350/534
|move|p2a: Toxicroak|Substitute|p2a: Toxicroak
|-start|p2a: Toxicroak|Substitute
|-damage|p2a: Toxicroak|276/368
|
|-weather|RainDance|[upkeep]
|-heal|p2a: Toxicroak|322/368|[from] ability: Dry Skin
|-heal|p2a: Toxicroak|345/368|[from] item: Black Sludge
|upkeep
|turn|21
|choice|move psychic|move drainpunch
|
|move|p2a: Toxicroak|Drain Punch|p1a: まんぼう
|-damage|p1a: まんぼう|262/534
|-heal|p2a: Toxicroak|368/368|[from] drain|[of] p1a: まんぼう
|-damage|p2a: Toxicroak|307/368|[from] item: Rocky Helmet|[of] p1a: まんぼう
|move|p1a: まんぼう|Psychic|p2a: Toxicroak
|-supereffective|p2a: Toxicroak
|-end|p2a: Toxicroak|Substitute
|
|-weather|RainDance|[upkeep]
|-heal|p2a: Toxicroak|353/368|[from] ability: Dry Skin
|-heal|p2a: Toxicroak|368/368|[from] item: Black Sludge
|upkeep
|turn|22
|choice|move psychic|switch 6
|
|switch|p2a: Starmie|Starmie|261/261
|move|p1a: まんぼう|Psychic|p2a: Starmie
|-resisted|p2a: Starmie
|-damage|p2a: Starmie|242/261
|
|-weather|RainDance|[upkeep]
|upkeep
|turn|23
|choice|switch 3|move hydropump
|
|switch|p1a: たまごん|Chansey, F|526/641
|move|p2a: Starmie|Hydro Pump|p1a: たまごん|[miss]
|-miss|p2a: Starmie|p1a: たまごん
|
|-weather|RainDance|[upkeep]
|upkeep
|turn|24
|choice|move healbell|move psyshock
|
|move|p2a: Starmie|Psyshock|p1a: たまごん
|-damage|p1a: たまごん|339/641
|-damage|p2a: Starmie|216/261|[from] item: Life Orb
|move|p1a: たまごん|Heal Bell|p1a: たまごん
|-activate|p1a: たまごん|move: Heal Bell
|-curestatus|p1: はるさめ|frz|[msg]
|
|-weather|RainDance|[upkeep]
|upkeep
|turn|25
|choice|move softboiled|move hydropump
|
|move|p2a: Starmie|Hydro Pump|p1a: たまごん
|-damage|p1a: たまごん|164/641
|-damage|p2a: Starmie|190/261|[from] item: Life Orb
|move|p1a: たまごん|Soft-Boiled|p1a: たまごん
|-heal|p1a: たまごん|485/641
|
|-weather|RainDance|[upkeep]
|upkeep
|turn|26
|choice|move softboiled|switch 6
|
|switch|p2a: Toxicroak|Toxicroak, M|368/368
|move|p1a: たまごん|Soft-Boiled|p1a: たまごん
|-heal|p1a: たまごん|641/641
|
|-weather|RainDance|[upkeep]
|upkeep
|turn|27
|choice|switch 3|switch 5
|
|switch|p2a: Thundurus|Thundurus-Therian, M|262/299
|switch|p1a: まんぼう|Alomomola, M|440/534
|
|-weather|RainDance|[upkeep]
|upkeep
|turn|28
|choice|switch 4|move uturn
|
|switch|p1a: はるさめ|Ferrothorn, M|340/352
|move|p2a: Thundurus|U-turn|p1a: はるさめ
|-damage|p1a: はるさめ|304/352
|-damage|p2a: Thundurus|225/299|[from] ability: Iron Barbs|[of] p1a: はるさめ
|choice||switch 2
|
|switch|p2a: Politoed|Politoed, M|222/352
|
|-weather|RainDance|[upkeep]
|-heal|p1a: はるさめ|326/352|[from] item: Leftovers
|upkeep
|turn|29
|choice|move stealthrock|move focusblast
|
|move|p2a: Politoed|Focus Blast|p1a: はるさめ
|-supereffective|p1a: はるさめ
|-damage|p1a: はるさめ|12/352
|move|p1a: はるさめ|Stealth Rock|p2a: Politoed
|-sidestart|p2: homieunbound|move: Stealth Rock
|
|-weather|RainDance|[upkeep]
|-heal|p1a: はるさめ|34/352|[from] item: Leftovers
|upkeep
|turn|30
|choice|switch 3|move focusblast
|
|switch|p1a: たまごん|Chansey, F|641/641
|move|p2a: Politoed|Focus Blast|p1a: たまごん|[miss]
|-miss|p2a: Politoed|p1a: たまごん
|
|-weather|RainDance|[upkeep]
|upkeep
|turn|31
|choice|move seismictoss|move focusblast
|
|move|p2a: Politoed|Focus Blast|p1a: たまごん|[miss]
|-miss|p2a: Politoed|p1a: たまごん
|move|p1a: たまごん|Seismic Toss|p2a: Politoed
|-damage|p2a: Politoed|122/352
|
|-weather|RainDance|[upkeep]
|upkeep
|turn|32
|choice|move toxic|move focusblast
|
|move|p2a: Politoed|Focus Blast|p1a: たまごん|[miss]
|-miss|p2a: Politoed|p1a: たまごん
|move|p1a: たまごん|Toxic|p2a: Politoed
|-status|p2a: Politoed|tox
|
|-weather|RainDance|[upkeep]
|-damage|p2a: Politoed|100/352 tox|[from] psn
|upkeep
|turn|33
|choice|move healbell|move focusblast
|
|move|p2a: Politoed|Focus Blast|p1a: たまごん
|-supereffective|p1a: たまごん
|-damage|p1a: たまごん|445/641
|move|p1a: たまごん|Heal Bell|p1a: たまごん
|-activate|p1a: たまごん|move: Heal Bell
|
|-weather|RainDance|[upkeep]
|-damage|p2a: Politoed|56/352 tox|[from] psn
|upkeep
|turn|34
|choice|move softboiled|move focusblast
|
|move|p2a: Politoed|Focus Blast|p1a: たまごん|[miss]
|-miss|p2a: Politoed|p1a: たまごん
|move|p1a: たまごん|Soft-Boiled|p1a: たまごん
|-heal|p1a: たまごん|641/641
|
|-weather|RainDance|[upkeep]
|-damage|p2a: Politoed|0 fnt|[from] psn
|upkeep
|faint|p2a: Politoed
|-message|homieunbound forfeited.
|
|win|youmu@poke
|l|homieunbound
|raw|youmu@poke's rating: 1266 &rarr; <strong>1297</strong><br />(+31 for winning)
|raw|homieunbound's rating: 1345 &rarr; <strong>1321</strong><br />(-24 for losing)