|uhtml|medal-msg|<div class="broadcast-blue">Curious what those medals under the avatar are? PS now has Ladder Seasons! For more information, check out the <a href="https://www.smogon.com/forums/threads/3740067/">thread on Smogon.</a></div>
|uhtml|medal-msg|<div class="broadcast-blue">Curious what those medals under the avatar are? PS now has Ladder Seasons! For more information, check out the <a href="https://www.smogon.com/forums/threads/3740067/">thread on Smogon.</a></div>
|j|‽daddy fakes
|j|☆leoperi99
|t:|1713017307
|gametype|singles
|player|p1|daddy fakes|lady|1393
|player|p2|leoperi99|juggler-gen2|1424
|teamsize|p1|6
|teamsize|p2|6
|gen|5
|tier|[Gen 5] OU
|rated|
|rule|Species Clause: Limit one of each Pokémon
|rule|OHKO Clause: OHKO moves are banned
|rule|Moody Clause: Moody is banned
|rule|Evasion Items Clause: Evasion items are banned
|rule|Evasion Moves Clause: Evasion moves are banned
|rule|Endless Battle Clause: Forcing endless battles is banned
|rule|HP Percentage Mod: HP is shown in percentages
|rule|Evasion Abilities Clause: Evasion abilities are banned
|rule|Sleep Moves Clause: Sleep-inducing moves are banned
|rule|Swagger Clause: Swagger is banned
|rule|Baton Pass Stat Clause: No Baton Passer may have a way to boost its stats
|clearpoke
|poke|p1|Abomasnow, F|item
|poke|p1|Gliscor, F|item
|poke|p1|Blissey, F|item
|poke|p1|Forretress, M|item
|poke|p1|Reuniclus, M|item
|poke|p1|Latios, M|item
|poke|p2|Kyurem|item
|poke|p2|Politoed, M|item
|poke|p2|Tentacruel, F|item
|poke|p2|Jirachi|item
|poke|p2|Landorus-Therian, M|item
|poke|p2|Zapdos|item
|teampreview
|
|t:|1713017359
|start
|switch|p1a: Abomasnow|Abomasnow, F|100/100
|switch|p2a: Landorus-Theory|Landorus-Therian, M|100/100
|-ability|p2a: Landorus-Theory|Intimidate|boost
|-unboost|p1a: Abomasnow|atk|1
|-weather|Hail|[from] ability: Snow Warning|[of] p1a: Abomasnow
|turn|1
|
|t:|1713017368
|move|p2a: Landorus-Theory|U-turn|p1a: Abomasnow
|-supereffective|p1a: Abomasnow
|-damage|p1a: Abomasnow|51/100
|
|t:|1713017373
|switch|p2a: Dpp jirachi PTSD|Jirachi|100/100|[from] U-turn
|move|p1a: Abomasnow|Blizzard|p2a: Dpp jirachi PTSD
|-resisted|p2a: Dpp jirachi PTSD
|-damage|p2a: Dpp jirachi PTSD|86/100
|
|-weather|Hail|[upkeep]
|-damage|p2a: Dpp jirachi PTSD|79/100|[from] Hail
|-heal|p2a: Dpp jirachi PTSD|86/100|[from] item: Leftovers
|-heal|p1a: Abomasnow|57/100|[from] item: Leftovers
|upkeep
|turn|2
|
|t:|1713017376
|move|p1a: Abomasnow|Protect|p1a: Abomasnow
|-singleturn|p1a: Abomasnow|Protect
|move|p2a: Dpp jirachi PTSD|Body Slam|p1a: Abomasnow
|-activate|p1a: Abomasnow|move: Protect
|
|-weather|Hail|[upkeep]
|-damage|p2a: Dpp jirachi PTSD|79/100|[from] Hail
|-heal|p2a: Dpp jirachi PTSD|86/100|[from] item: Leftovers
|-heal|p1a: Abomasnow|63/100|[from] item: Leftovers
|upkeep
|turn|3
|
|t:|1713017381
|switch|p1a: Gliscor|Gliscor, F|100/100
|move|p2a: Dpp jirachi PTSD|U-turn|p1a: Gliscor
|-resisted|p1a: Gliscor
|-damage|p1a: Gliscor|95/100
|
|t:|1713017383
|switch|p2a: Ban Thundy-t pls|Politoed, M|100/100|[from] U-turn
|-weather|RainDance|[from] ability: Drizzle|[of] p2a: Ban Thundy-t pls
|
|-weather|RainDance|[upkeep]
|-status|p1a: Gliscor|tox|[from] item: Toxic Orb
|upkeep
|turn|4
|
|t:|1713017390
|move|p1a: Gliscor|Protect|p1a: Gliscor
|-singleturn|p1a: Gliscor|Protect
|move|p2a: Ban Thundy-t pls|Scald|p1a: Gliscor
|-activate|p1a: Gliscor|move: Protect
|
|-weather|RainDance|[upkeep]
|-heal|p1a: Gliscor|100/100 tox|[from] ability: Poison Heal
|upkeep
|turn|5
|
|t:|1713017394
|switch|p1a: Blissey|Blissey, F|100/100
|move|p2a: Ban Thundy-t pls|Scald|p1a: Blissey
|-damage|p1a: Blissey|86/100
|-status|p1a: Blissey|brn
|
|-weather|RainDance|[upkeep]
|-heal|p1a: Blissey|92/100 brn|[from] item: Leftovers
|-damage|p1a: Blissey|80/100 brn|[from] brn
|upkeep
|turn|6
|
|t:|1713017406
|switch|p2a: really cruel mon|Tentacruel, F|100/100
|move|p1a: Blissey|Toxic|p2a: really cruel mon
|-immune|p2a: really cruel mon
|
|-weather|RainDance|[upkeep]
|-heal|p1a: Blissey|86/100 brn|[from] item: Leftovers
|-damage|p1a: Blissey|74/100 brn|[from] brn
|upkeep
|turn|7
|
|t:|1713017417
|move|p2a: really cruel mon|Toxic Spikes|p1a: Blissey
|-sidestart|p1: daddy fakes|move: Toxic Spikes
|move|p1a: Blissey|Soft-Boiled|p1a: Blissey
|-heal|p1a: Blissey|100/100 brn
|
|-weather|RainDance|[upkeep]
|-damage|p1a: Blissey|88/100 brn|[from] brn
|upkeep
|turn|8
|
|t:|1713017422
|-curestatus|p1a: Blissey|brn|[from] ability: Natural Cure
|switch|p1a: Reuniclus|Reuniclus, M|100/100
|-status|p1a: Reuniclus|psn
|move|p2a: really cruel mon|Toxic Spikes|p1a: Reuniclus
|-sidestart|p1: daddy fakes|move: Toxic Spikes
|
|-weather|RainDance|[upkeep]
|upkeep
|turn|9
|
|t:|1713017429
|switch|p2a: Dpp jirachi PTSD|Jirachi|86/100
|move|p1a: Reuniclus|Calm Mind|p1a: Reuniclus
|-boost|p1a: Reuniclus|spa|1
|-boost|p1a: Reuniclus|spd|1
|
|-weather|RainDance|[upkeep]
|-heal|p2a: Dpp jirachi PTSD|92/100|[from] item: Leftovers
|upkeep
|turn|10
|
|t:|1713017437
|move|p2a: Dpp jirachi PTSD|Iron Head|p1a: Reuniclus
|-damage|p1a: Reuniclus|83/100 psn
|cant|p1a: Reuniclus|flinch
|
|-weather|RainDance|[upkeep]
|-heal|p2a: Dpp jirachi PTSD|98/100|[from] item: Leftovers
|-heal|p1a: Reuniclus|89/100 psn|[from] item: Leftovers
|upkeep
|turn|11
|
|t:|1713017441
|move|p2a: Dpp jirachi PTSD|Iron Head|p1a: Reuniclus
|-damage|p1a: Reuniclus|70/100 psn
|cant|p1a: Reuniclus|flinch
|
|-weather|RainDance|[upkeep]
|-heal|p2a: Dpp jirachi PTSD|100/100|[from] item: Leftovers
|-heal|p1a: Reuniclus|76/100 psn|[from] item: Leftovers
|upkeep
|turn|12
|
|t:|1713017450
|switch|p1a: Latios|Latios, M|100/100
|move|p2a: Dpp jirachi PTSD|Iron Head|p1a: Latios
|-crit|p1a: Latios
|-damage|p1a: Latios|32/100
|
|-weather|RainDance|[upkeep]
|upkeep
|turn|13
|
|t:|1713017459
|switch|p2a: really cruel mon|Tentacruel, F|100/100
|move|p1a: Latios|Thunder Wave|p2a: really cruel mon
|-status|p2a: really cruel mon|par
|
|-weather|RainDance|[upkeep]
|upkeep
|turn|14
|
|t:|1713017463
|move|p1a: Latios|Roost|p1a: Latios
|-heal|p1a: Latios|82/100
|-singleturn|p1a: Latios|move: Roost
|move|p2a: really cruel mon|Scald|p1a: Latios
|-resisted|p1a: Latios
|-damage|p1a: Latios|63/100
|
|-weather|RainDance|[upkeep]
|upkeep
|turn|15
|
|t:|1713017472
|switch|p1a: Reuniclus|Reuniclus, M|76/100 psn
|move|p2a: really cruel mon|Scald|p1a: Reuniclus
|-damage|p1a: Reuniclus|44/100 psn
|
|-weather|RainDance|[upkeep]
|-heal|p1a: Reuniclus|50/100 psn|[from] item: Leftovers
|upkeep
|turn|16
|
|t:|1713017476
|switch|p2a: Dpp jirachi PTSD|Jirachi|100/100
|move|p1a: Reuniclus|Recover|p1a: Reuniclus
|-heal|p1a: Reuniclus|99/100 psn
|
|-weather|RainDance|[upkeep]
|-heal|p1a: Reuniclus|100/100 psn|[from] item: Leftovers
|upkeep
|turn|17
|
|t:|1713017483
|switch|p1a: Gliscor|Gliscor, F|100/100 tox
|move|p2a: Dpp jirachi PTSD|Iron Head|p1a: Gliscor
|-damage|p1a: Gliscor|79/100 tox
|
|-weather|RainDance|[upkeep]
|-heal|p1a: Gliscor|91/100 tox|[from] ability: Poison Heal
|upkeep
|turn|18
|
|t:|1713017488
|switch|p2a: Landorus-Theory|Landorus-Therian, M|100/100
|-ability|p2a: Landorus-Theory|Intimidate|boost
|-unboost|p1a: Gliscor|atk|1
|move|p1a: Gliscor|Stealth Rock|p2a: Landorus-Theory
|-sidestart|p2: leoperi99|move: Stealth Rock
|
|-weather|RainDance|[upkeep]
|-heal|p1a: Gliscor|100/100 tox|[from] ability: Poison Heal
|upkeep
|turn|19
|
|t:|1713017490
|move|p1a: Gliscor|Protect|p1a: Gliscor
|-singleturn|p1a: Gliscor|Protect
|move|p2a: Landorus-Theory|U-turn|p1a: Gliscor
|-activate|p1a: Gliscor|move: Protect
|
|-weather|RainDance|[upkeep]
|upkeep
|turn|20
|
|t:|1713017495
|move|p2a: Landorus-Theory|Stealth Rock|p1a: Gliscor
|-sidestart|p1: daddy fakes|move: Stealth Rock
|move|p1a: Gliscor|Knock Off|p2a: Landorus-Theory
|-damage|p2a: Landorus-Theory|98/100
|-enditem|p2a: Landorus-Theory|Leftovers|[from] move: Knock Off|[of] p1a: Gliscor
|
|-weather|RainDance|[upkeep]
|upkeep
|turn|21
|
|t:|1713017501
|move|p1a: Gliscor|Protect|p1a: Gliscor
|-singleturn|p1a: Gliscor|Protect
|move|p2a: Landorus-Theory|U-turn|p1a: Gliscor
|-activate|p1a: Gliscor|move: Protect
|
|-weather|RainDance|[upkeep]
|upkeep
|turn|22
|
|t:|1713017507
|switch|p1a: Forretress|Forretress, M|100/100
|-damage|p1a: Forretress|88/100|[from] Stealth Rock
|move|p2a: Landorus-Theory|U-turn|p1a: Forretress
|-resisted|p1a: Forretress
|-damage|p1a: Forretress|82/100
|
|t:|1713017513
|switch|p2a: GSC Zapdos|Zapdos|100/100|[from] U-turn
|-damage|p2a: GSC Zapdos|76/100|[from] Stealth Rock
|-ability|p2a: GSC Zapdos|Pressure
|
|-weather|RainDance|[upkeep]
|-heal|p2a: GSC Zapdos|82/100|[from] item: Leftovers
|-heal|p1a: Forretress|88/100|[from] item: Leftovers
|upkeep
|turn|23
|
|t:|1713017526
|switch|p1a: Reuniclus|Reuniclus, M|100/100 psn
|move|p2a: GSC Zapdos|Thunder|p1a: Reuniclus
|-damage|p1a: Reuniclus|41/100 psn
|
|-weather|RainDance|[upkeep]
|-heal|p2a: GSC Zapdos|88/100|[from] item: Leftovers
|-heal|p1a: Reuniclus|47/100 psn|[from] item: Leftovers
|upkeep
|turn|24
|
|t:|1713017533
|switch|p1a: Gliscor|Gliscor, F|100/100 tox
|-damage|p1a: Gliscor|88/100 tox|[from] Stealth Rock
|move|p2a: GSC Zapdos|Thunder|p1a: Gliscor
|-immune|p1a: Gliscor
|
|-weather|RainDance|[upkeep]
|-heal|p2a: GSC Zapdos|94/100|[from] item: Leftovers
|-heal|p1a: Gliscor|100/100 tox|[from] ability: Poison Heal
|upkeep
|turn|25
|
|t:|1713017540
|move|p2a: GSC Zapdos|Substitute|p2a: GSC Zapdos
|-start|p2a: GSC Zapdos|Substitute
|-damage|p2a: GSC Zapdos|69/100
|move|p1a: Gliscor|Knock Off|p2a: GSC Zapdos
|-activate|p2a: GSC Zapdos|Substitute|[damage]
|
|-weather|RainDance|[upkeep]
|-heal|p2a: GSC Zapdos|75/100|[from] item: Leftovers
|upkeep
|turn|26
|
|t:|1713017543
|switch|p1a: Abomasnow|Abomasnow, F|63/100
|-status|p1a: Abomasnow|tox
|-damage|p1a: Abomasnow|38/100 tox|[from] Stealth Rock
|-weather|Hail|[from] ability: Snow Warning|[of] p1a: Abomasnow
|move|p2a: GSC Zapdos|Hidden Power|p1a: Abomasnow
|-resisted|p1a: Abomasnow
|-damage|p1a: Abomasnow|26/100 tox
|
|-weather|Hail|[upkeep]
|-damage|p2a: GSC Zapdos|69/100|[from] Hail
|-heal|p2a: GSC Zapdos|75/100|[from] item: Leftovers
|-heal|p1a: Abomasnow|32/100 tox|[from] item: Leftovers
|-damage|p1a: Abomasnow|26/100 tox|[from] psn
|upkeep
|turn|27
|j| CrowsHIT
|
|t:|1713017551
|move|p1a: Abomasnow|Ice Shard|p2a: GSC Zapdos
|-supereffective|p2a: GSC Zapdos
|-end|p2a: GSC Zapdos|Substitute
|move|p2a: GSC Zapdos|Hidden Power|p1a: Abomasnow
|-resisted|p1a: Abomasnow
|-damage|p1a: Abomasnow|14/100 tox
|
|-weather|Hail|[upkeep]
|-damage|p2a: GSC Zapdos|69/100|[from] Hail
|-heal|p2a: GSC Zapdos|75/100|[from] item: Leftovers
|-heal|p1a: Abomasnow|20/100 tox|[from] item: Leftovers
|-damage|p1a: Abomasnow|8/100 tox|[from] psn
|upkeep
|turn|28
|
|t:|1713017563
|switch|p2a: Dpp jirachi PTSD|Jirachi|100/100
|-damage|p2a: Dpp jirachi PTSD|94/100|[from] Stealth Rock
|switch|p1a: Blissey|Blissey, F|88/100
|-status|p1a: Blissey|tox
|-damage|p1a: Blissey|76/100 tox|[from] Stealth Rock
|
|-weather|Hail|[upkeep]
|-damage|p2a: Dpp jirachi PTSD|88/100|[from] Hail
|-damage|p1a: Blissey|69/100 tox|[from] Hail
|-heal|p2a: Dpp jirachi PTSD|94/100|[from] item: Leftovers
|-heal|p1a: Blissey|76/100 tox|[from] item: Leftovers
|-damage|p1a: Blissey|69/100 tox|[from] psn
|upkeep
|turn|29
|
|t:|1713017571
|-curestatus|p1a: Blissey|tox|[from] ability: Natural Cure
|switch|p1a: Forretress|Forretress, M|88/100
|-damage|p1a: Forretress|75/100|[from] Stealth Rock
|move|p2a: Dpp jirachi PTSD|U-turn|p1a: Forretress
|-resisted|p1a: Forretress
|-damage|p1a: Forretress|71/100
|
|t:|1713017576
|switch|p2a: Ban Thundy-t pls|Politoed, M|100/100|[from] U-turn
|-damage|p2a: Ban Thundy-t pls|88/100|[from] Stealth Rock
|-weather|RainDance|[from] ability: Drizzle|[of] p2a: Ban Thundy-t pls
|
|-weather|RainDance|[upkeep]
|-heal|p2a: Ban Thundy-t pls|94/100|[from] item: Leftovers
|-heal|p1a: Forretress|77/100|[from] item: Leftovers
|upkeep
|turn|30
|
|t:|1713017578
|move|p2a: Ban Thundy-t pls|Scald|p1a: Forretress
|-damage|p1a: Forretress|18/100
|-status|p1a: Forretress|brn
|move|p1a: Forretress|Rapid Spin|p2a: Ban Thundy-t pls
|-damage|p2a: Ban Thundy-t pls|93/100
|-sideend|p1: daddy fakes|Toxic Spikes|[from] move: Rapid Spin|[of] p1a: Forretress
|-sideend|p1: daddy fakes|Stealth Rock|[from] move: Rapid Spin|[of] p1a: Forretress
|
|-weather|RainDance|[upkeep]
|-heal|p2a: Ban Thundy-t pls|99/100|[from] item: Leftovers
|-heal|p1a: Forretress|24/100 brn|[from] item: Leftovers
|-damage|p1a: Forretress|12/100 brn|[from] brn
|upkeep
|turn|31
|
|t:|1713017585
|switch|p1a: Blissey|Blissey, F|69/100
|move|p2a: Ban Thundy-t pls|Scald|p1a: Blissey
|-damage|p1a: Blissey|56/100
|
|-weather|RainDance|[upkeep]
|-heal|p2a: Ban Thundy-t pls|100/100|[from] item: Leftovers
|-heal|p1a: Blissey|63/100|[from] item: Leftovers
|upkeep
|turn|32
|
|t:|1713017592
|switch|p2a: Landorus-Theory|Landorus-Therian, M|98/100
|-damage|p2a: Landorus-Theory|85/100|[from] Stealth Rock
|-ability|p2a: Landorus-Theory|Intimidate|boost
|-unboost|p1a: Blissey|atk|1
|move|p1a: Blissey|Seismic Toss|p2a: Landorus-Theory
|-damage|p2a: Landorus-Theory|59/100
|
|-weather|RainDance|[upkeep]
|-heal|p1a: Blissey|69/100|[from] item: Leftovers
|upkeep
|turn|33
|
|t:|1713017596
|switch|p1a: Abomasnow|Abomasnow, F|8/100 tox
|-weather|Hail|[from] ability: Snow Warning|[of] p1a: Abomasnow
|move|p2a: Landorus-Theory|Stealth Rock|p1a: Abomasnow
|-sidestart|p1: daddy fakes|move: Stealth Rock
|
|-weather|Hail|[upkeep]
|-damage|p2a: Landorus-Theory|53/100|[from] Hail
|-heal|p1a: Abomasnow|14/100 tox|[from] item: Leftovers
|-damage|p1a: Abomasnow|8/100 tox|[from] psn
|upkeep
|turn|34
|
|t:|1713017603
|switch|p2a: Dpp jirachi PTSD|Jirachi|94/100
|-damage|p2a: Dpp jirachi PTSD|88/100|[from] Stealth Rock
|move|p1a: Abomasnow|Ice Shard|p2a: Dpp jirachi PTSD
|-resisted|p2a: Dpp jirachi PTSD
|-damage|p2a: Dpp jirachi PTSD|83/100
|
|-weather|Hail|[upkeep]
|-damage|p2a: Dpp jirachi PTSD|76/100|[from] Hail
|-heal|p2a: Dpp jirachi PTSD|83/100|[from] item: Leftovers
|-heal|p1a: Abomasnow|14/100 tox|[from] item: Leftovers
|-damage|p1a: Abomasnow|2/100 tox|[from] psn
|upkeep
|turn|35
|
|t:|1713017607
|move|p2a: Dpp jirachi PTSD|Wish|p2a: Dpp jirachi PTSD
|move|p1a: Abomasnow|Blizzard|p2a: Dpp jirachi PTSD
|-resisted|p2a: Dpp jirachi PTSD
|-damage|p2a: Dpp jirachi PTSD|68/100
|
|-weather|Hail|[upkeep]
|-damage|p2a: Dpp jirachi PTSD|62/100|[from] Hail
|-heal|p2a: Dpp jirachi PTSD|68/100|[from] item: Leftovers
|-heal|p1a: Abomasnow|8/100 tox|[from] item: Leftovers
|-damage|p1a: Abomasnow|0 fnt|[from] psn
|faint|p1a: Abomasnow
|upkeep
|
|t:|1713017615
|switch|p1a: Latios|Latios, M|63/100
|-damage|p1a: Latios|50/100|[from] Stealth Rock
|turn|36
|
|t:|1713017620
|switch|p2a: Ban Thundy-t pls|Politoed, M|100/100
|-damage|p2a: Ban Thundy-t pls|88/100|[from] Stealth Rock
|-weather|RainDance|[from] ability: Drizzle|[of] p2a: Ban Thundy-t pls
|move|p1a: Latios|Thunder Wave|p2a: Ban Thundy-t pls
|-status|p2a: Ban Thundy-t pls|par
|
|-weather|RainDance|[upkeep]
|-heal|p2a: Ban Thundy-t pls|100/100 par|[from] move: Wish|[wisher] Dpp jirachi PTSD
|upkeep
|turn|37
|
|t:|1713017623
|move|p1a: Latios|Roost|p1a: Latios
|-heal|p1a: Latios|100/100
|-singleturn|p1a: Latios|move: Roost
|move|p2a: Ban Thundy-t pls|Encore|p1a: Latios
|-start|p1a: Latios|Encore
|
|-weather|RainDance|[upkeep]
|upkeep
|turn|38
|
|t:|1713017631
|switch|p1a: Blissey|Blissey, F|69/100
|-damage|p1a: Blissey|56/100|[from] Stealth Rock
|switch|p2a: GSC Zapdos|Zapdos|75/100
|-damage|p2a: GSC Zapdos|50/100|[from] Stealth Rock
|-ability|p2a: GSC Zapdos|Pressure
|
|-weather|RainDance|[upkeep]
|-heal|p2a: GSC Zapdos|56/100|[from] item: Leftovers
|-heal|p1a: Blissey|62/100|[from] item: Leftovers
|upkeep
|turn|39
|
|t:|1713017638
|move|p2a: GSC Zapdos|Substitute|p2a: GSC Zapdos
|-start|p2a: GSC Zapdos|Substitute
|-damage|p2a: GSC Zapdos|31/100
|move|p1a: Blissey|Seismic Toss|p2a: GSC Zapdos
|-end|p2a: GSC Zapdos|Substitute
|
|-weather|RainDance|[upkeep]
|-heal|p2a: GSC Zapdos|37/100|[from] item: Leftovers
|-heal|p1a: Blissey|69/100|[from] item: Leftovers
|upkeep
|turn|40
|
|t:|1713017641
|move|p2a: GSC Zapdos|Roost|p2a: GSC Zapdos
|-heal|p2a: GSC Zapdos|87/100
|-singleturn|p2a: GSC Zapdos|move: Roost
|move|p1a: Blissey|Soft-Boiled|p1a: Blissey
|-heal|p1a: Blissey|100/100
|
|-weather|RainDance|[upkeep]
|-heal|p2a: GSC Zapdos|94/100|[from] item: Leftovers
|upkeep
|turn|41
|
|t:|1713017644
|move|p2a: GSC Zapdos|Substitute|p2a: GSC Zapdos
|-start|p2a: GSC Zapdos|Substitute
|-damage|p2a: GSC Zapdos|69/100
|move|p1a: Blissey|Seismic Toss|p2a: GSC Zapdos
|-end|p2a: GSC Zapdos|Substitute
|
|-weather|RainDance|[upkeep]
|-heal|p2a: GSC Zapdos|75/100|[from] item: Leftovers
|upkeep
|turn|42
|
|t:|1713017647
|switch|p2a: Dpp jirachi PTSD|Jirachi|68/100
|-damage|p2a: Dpp jirachi PTSD|62/100|[from] Stealth Rock
|move|p1a: Blissey|Seismic Toss|p2a: Dpp jirachi PTSD
|-damage|p2a: Dpp jirachi PTSD|37/100
|
|-weather|RainDance|[upkeep]
|-heal|p2a: Dpp jirachi PTSD|43/100|[from] item: Leftovers
|upkeep
|turn|43
|
|t:|1713017654
|move|p2a: Dpp jirachi PTSD|Wish|p2a: Dpp jirachi PTSD
|move|p1a: Blissey|Wish|p1a: Blissey
|
|-weather|RainDance|[upkeep]
|-heal|p2a: Dpp jirachi PTSD|50/100|[from] item: Leftovers
|upkeep
|turn|44
|
|t:|1713017683
|switch|p1a: Reuniclus|Reuniclus, M|47/100 psn
|move|p2a: Dpp jirachi PTSD|Iron Head|p1a: Reuniclus
|-damage|p1a: Reuniclus|26/100 psn
|
|-weather|RainDance|[upkeep]
|-heal|p2a: Dpp jirachi PTSD|99/100|[from] move: Wish|[wisher] Dpp jirachi PTSD
|-heal|p1a: Reuniclus|100/100 psn|[from] move: Wish|[wisher] Blissey
|-heal|p2a: Dpp jirachi PTSD|100/100|[from] item: Leftovers
|upkeep
|turn|45
|
|t:|1713017693
|switch|p1a: Latios|Latios, M|100/100
|-damage|p1a: Latios|88/100|[from] Stealth Rock
|move|p2a: Dpp jirachi PTSD|Iron Head|p1a: Latios
|-damage|p1a: Latios|52/100
|
|-weather|RainDance|[upkeep]
|upkeep
|turn|46
|
|t:|1713017714
|switch|p2a: Ban Thundy-t pls|Politoed, M|100/100 par
|-damage|p2a: Ban Thundy-t pls|88/100 par|[from] Stealth Rock
|move|p1a: Latios|Thunder Wave|p2a: Ban Thundy-t pls
|-fail|p2a: Ban Thundy-t pls|par
|
|-weather|RainDance|[upkeep]
|-heal|p2a: Ban Thundy-t pls|94/100 par|[from] item: Leftovers
|upkeep
|turn|47
|
|t:|1713017719
|switch|p1a: Blissey|Blissey, F|100/100
|-damage|p1a: Blissey|88/100|[from] Stealth Rock
|move|p2a: Ban Thundy-t pls|Scald|p1a: Blissey
|-damage|p1a: Blissey|74/100
|
|-weather|RainDance|[upkeep]
|-heal|p1a: Blissey|80/100|[from] item: Leftovers
|-heal|p2a: Ban Thundy-t pls|100/100 par|[from] item: Leftovers
|upkeep
|turn|48
|
|t:|1713017726
|switch|p2a: really cruel mon|Tentacruel, F|100/100 par
|-damage|p2a: really cruel mon|88/100 par|[from] Stealth Rock
|move|p1a: Blissey|Seismic Toss|p2a: really cruel mon
|-damage|p2a: really cruel mon|61/100 par
|
|-weather|RainDance|[upkeep]
|-heal|p2a: really cruel mon|67/100 par|[from] ability: Rain Dish
|-heal|p1a: Blissey|86/100|[from] item: Leftovers
|-heal|p2a: really cruel mon|73/100 par|[from] item: Black Sludge
|upkeep
|turn|49
|
|t:|1713017730
|switch|p1a: Reuniclus|Reuniclus, M|100/100 psn
|move|p2a: really cruel mon|Rapid Spin|p1a: Reuniclus
|-damage|p1a: Reuniclus|98/100 psn
|-sideend|p2: leoperi99|Stealth Rock|[from] move: Rapid Spin|[of] p2a: really cruel mon
|
|-weather|RainDance|[upkeep]
|-heal|p2a: really cruel mon|79/100 par|[from] ability: Rain Dish
|-heal|p1a: Reuniclus|100/100 psn|[from] item: Leftovers
|-heal|p2a: really cruel mon|85/100 par|[from] item: Black Sludge
|upkeep
|turn|50
|
|t:|1713017734
|switch|p2a: Dpp jirachi PTSD|Jirachi|100/100
|move|p1a: Reuniclus|Psychic|p2a: Dpp jirachi PTSD
|-resisted|p2a: Dpp jirachi PTSD
|-damage|p2a: Dpp jirachi PTSD|95/100
|
|-weather|RainDance|[upkeep]
|-heal|p2a: Dpp jirachi PTSD|100/100|[from] item: Leftovers
|upkeep
|turn|51
|
|t:|1713017747
|move|p2a: Dpp jirachi PTSD|U-turn|p1a: Reuniclus
|-supereffective|p1a: Reuniclus
|-damage|p1a: Reuniclus|79/100 psn
|
|t:|1713017749
|switch|p2a: GSC Zapdos|Zapdos|75/100|[from] U-turn
|-ability|p2a: GSC Zapdos|Pressure
|move|p1a: Reuniclus|Calm Mind|p1a: Reuniclus
|-boost|p1a: Reuniclus|spa|1
|-boost|p1a: Reuniclus|spd|1
|
|-weather|RainDance|[upkeep]
|-heal|p2a: GSC Zapdos|81/100|[from] item: Leftovers
|-heal|p1a: Reuniclus|85/100 psn|[from] item: Leftovers
|upkeep
|turn|52
|
|t:|1713017755
|switch|p2a: Dpp jirachi PTSD|Jirachi|100/100
|move|p1a: Reuniclus|Calm Mind|p1a: Reuniclus
|-boost|p1a: Reuniclus|spa|1
|-boost|p1a: Reuniclus|spd|1
|
|-weather|RainDance|[upkeep]
|-heal|p1a: Reuniclus|91/100 psn|[from] item: Leftovers
|upkeep
|turn|53
|
|t:|1713017764
|switch|p1a: Gliscor|Gliscor, F|100/100 tox
|-damage|p1a: Gliscor|88/100 tox|[from] Stealth Rock
|move|p2a: Dpp jirachi PTSD|Iron Head|p1a: Gliscor
|-damage|p1a: Gliscor|69/100 tox
|
|-weather|RainDance|[upkeep]
|-heal|p1a: Gliscor|82/100 tox|[from] ability: Poison Heal
|upkeep
|turn|54
|
|t:|1713017770
|move|p2a: Dpp jirachi PTSD|U-turn|p1a: Gliscor
|-resisted|p1a: Gliscor
|-damage|p1a: Gliscor|76/100 tox
|
|t:|1713017772
|switch|p2a: GSC Zapdos|Zapdos|81/100|[from] U-turn
|-ability|p2a: GSC Zapdos|Pressure
|move|p1a: Gliscor|Knock Off|p2a: GSC Zapdos
|-damage|p2a: GSC Zapdos|76/100
|-enditem|p2a: GSC Zapdos|Leftovers|[from] move: Knock Off|[of] p1a: Gliscor
|
|-weather|RainDance|[upkeep]
|-heal|p1a: Gliscor|89/100 tox|[from] ability: Poison Heal
|upkeep
|turn|55
|
|t:|1713017780
|switch|p1a: Blissey|Blissey, F|86/100
|-damage|p1a: Blissey|74/100|[from] Stealth Rock
|move|p2a: GSC Zapdos|Substitute|p2a: GSC Zapdos
|-start|p2a: GSC Zapdos|Substitute
|-damage|p2a: GSC Zapdos|51/100
|
|-weather|RainDance|[upkeep]
|-heal|p1a: Blissey|80/100|[from] item: Leftovers
|upkeep
|turn|56
|
|t:|1713017785
|move|p2a: GSC Zapdos|Roost|p2a: GSC Zapdos
|-heal|p2a: GSC Zapdos|100/100
|-singleturn|p2a: GSC Zapdos|move: Roost
|move|p1a: Blissey|Seismic Toss|p2a: GSC Zapdos
|-end|p2a: GSC Zapdos|Substitute
|
|-weather|RainDance|[upkeep]
|-heal|p1a: Blissey|86/100|[from] item: Leftovers
|upkeep
|turn|57
|
|t:|1713017790
|move|p2a: GSC Zapdos|Substitute|p2a: GSC Zapdos
|-start|p2a: GSC Zapdos|Substitute
|-damage|p2a: GSC Zapdos|76/100
|move|p1a: Blissey|Seismic Toss|p2a: GSC Zapdos
|-end|p2a: GSC Zapdos|Substitute
|
|-weather|RainDance|[upkeep]
|-heal|p1a: Blissey|92/100|[from] item: Leftovers
|upkeep
|turn|58
|
|t:|1713017797
|move|p2a: GSC Zapdos|Substitute|p2a: GSC Zapdos
|-start|p2a: GSC Zapdos|Substitute
|-damage|p2a: GSC Zapdos|51/100
|move|p1a: Blissey|Seismic Toss|p2a: GSC Zapdos
|-end|p2a: GSC Zapdos|Substitute
|
|-weather|RainDance|[upkeep]
|-heal|p1a: Blissey|98/100|[from] item: Leftovers
|upkeep
|turn|59
|
|t:|1713017807
|switch|p2a: Dpp jirachi PTSD|Jirachi|100/100
|move|p1a: Blissey|Toxic|p2a: Dpp jirachi PTSD
|-immune|p2a: Dpp jirachi PTSD
|
|-weather|RainDance|[upkeep]
|-heal|p1a: Blissey|100/100|[from] item: Leftovers
|upkeep
|turn|60
|
|t:|1713017811
|switch|p1a: Gliscor|Gliscor, F|89/100 tox
|-damage|p1a: Gliscor|76/100 tox|[from] Stealth Rock
|move|p2a: Dpp jirachi PTSD|Body Slam|p1a: Gliscor
|-damage|p1a: Gliscor|61/100 tox
|
|-weather|RainDance|[upkeep]
|-heal|p1a: Gliscor|74/100 tox|[from] ability: Poison Heal
|upkeep
|turn|61
|
|t:|1713017817
|move|p2a: Dpp jirachi PTSD|Wish|p2a: Dpp jirachi PTSD
|move|p1a: Gliscor|Stealth Rock|p2a: Dpp jirachi PTSD
|-sidestart|p2: leoperi99|move: Stealth Rock
|
|-weather|RainDance|[upkeep]
|-heal|p1a: Gliscor|86/100 tox|[from] ability: Poison Heal
|upkeep
|turn|62
|
|t:|1713017823
|move|p2a: Dpp jirachi PTSD|U-turn|p1a: Gliscor
|-resisted|p1a: Gliscor
|-damage|p1a: Gliscor|80/100 tox
|
|t:|1713017826
|switch|p2a: GSC Zapdos|Zapdos|51/100|[from] U-turn
|-damage|p2a: GSC Zapdos|26/100|[from] Stealth Rock
|-ability|p2a: GSC Zapdos|Pressure
|move|p1a: Gliscor|Knock Off|p2a: GSC Zapdos
|-damage|p2a: GSC Zapdos|20/100
|
|-weather|RainDance|[upkeep]
|-heal|p2a: GSC Zapdos|79/100|[from] move: Wish|[wisher] Dpp jirachi PTSD
|-heal|p1a: Gliscor|93/100 tox|[from] ability: Poison Heal
|upkeep
|turn|63
|
|t:|1713017832
|switch|p1a: Blissey|Blissey, F|100/100
|-damage|p1a: Blissey|88/100|[from] Stealth Rock
|move|p2a: GSC Zapdos|Thunder|p1a: Blissey
|-damage|p1a: Blissey|62/100
|-status|p1a: Blissey|par
|
|-weather|RainDance|[upkeep]
|-heal|p1a: Blissey|68/100 par|[from] item: Leftovers
|upkeep
|turn|64
|
|t:|1713017839
|switch|p2a: really cruel mon|Tentacruel, F|85/100 par
|-damage|p2a: really cruel mon|72/100 par|[from] Stealth Rock
|move|p1a: Blissey|Toxic||[still]
|-fail|p1a: Blissey
|
|-weather|RainDance|[upkeep]
|-heal|p2a: really cruel mon|79/100 par|[from] ability: Rain Dish
|-heal|p2a: really cruel mon|85/100 par|[from] item: Black Sludge
|-heal|p1a: Blissey|74/100 par|[from] item: Leftovers
|upkeep
|turn|65
|
|t:|1713017843
|-curestatus|p1a: Blissey|par|[from] ability: Natural Cure
|switch|p1a: Reuniclus|Reuniclus, M|91/100 psn
|move|p2a: really cruel mon|Rapid Spin|p1a: Reuniclus
|-damage|p1a: Reuniclus|89/100 psn
|-sideend|p2: leoperi99|Stealth Rock|[from] move: Rapid Spin|[of] p2a: really cruel mon
|
|-weather|RainDance|[upkeep]
|-heal|p2a: really cruel mon|91/100 par|[from] ability: Rain Dish
|-heal|p1a: Reuniclus|95/100 psn|[from] item: Leftovers
|-heal|p2a: really cruel mon|97/100 par|[from] item: Black Sludge
|upkeep
|turn|66
|
|t:|1713017850
|switch|p2a: Ban Thundy-t pls|Politoed, M|100/100 par
|move|p1a: Reuniclus|Signal Beam|p2a: Ban Thundy-t pls
|-damage|p2a: Ban Thundy-t pls|82/100 par
|
|-weather|RainDance|[upkeep]
|-heal|p1a: Reuniclus|100/100 psn|[from] item: Leftovers
|-heal|p2a: Ban Thundy-t pls|89/100 par|[from] item: Leftovers
|upkeep
|turn|67
|
|t:|1713017853
|move|p1a: Reuniclus|Calm Mind|p1a: Reuniclus
|-boost|p1a: Reuniclus|spa|1
|-boost|p1a: Reuniclus|spd|1
|move|p2a: Ban Thundy-t pls|Encore|p1a: Reuniclus
|-start|p1a: Reuniclus|Encore
|
|-weather|RainDance|[upkeep]
|-heal|p2a: Ban Thundy-t pls|95/100 par|[from] item: Leftovers
|upkeep
|turn|68
|
|t:|1713017857
|switch|p2a: Landorus-Theory|Landorus-Therian, M|53/100
|-ability|p2a: Landorus-Theory|Intimidate|boost
|-unboost|p1a: Reuniclus|atk|1
|move|p1a: Reuniclus|Calm Mind|p1a: Reuniclus
|-boost|p1a: Reuniclus|spa|1
|-boost|p1a: Reuniclus|spd|1
|
|-weather|RainDance|[upkeep]
|upkeep
|turn|69
|
|t:|1713017861
|switch|p1a: Gliscor|Gliscor, F|93/100 tox
|-damage|p1a: Gliscor|80/100 tox|[from] Stealth Rock
|move|p2a: Landorus-Theory|Earthquake|p1a: Gliscor
|-immune|p1a: Gliscor
|
|-weather|RainDance|[upkeep]
|-heal|p1a: Gliscor|93/100 tox|[from] ability: Poison Heal
|upkeep
|turn|70
|
|t:|1713017867
|move|p2a: Landorus-Theory|Hidden Power|p1a: Gliscor
|-supereffective|p1a: Gliscor
|-damage|p1a: Gliscor|26/100 tox
|move|p1a: Gliscor|Stealth Rock|p2a: Landorus-Theory
|-sidestart|p2: leoperi99|move: Stealth Rock
|
|-weather|RainDance|[upkeep]
|-heal|p1a: Gliscor|38/100 tox|[from] ability: Poison Heal
|upkeep
|turn|71
|
|t:|1713017869
|move|p1a: Gliscor|Protect|p1a: Gliscor
|-singleturn|p1a: Gliscor|Protect
|move|p2a: Landorus-Theory|U-turn|p1a: Gliscor
|-activate|p1a: Gliscor|move: Protect
|
|-weather|RainDance|[upkeep]
|-heal|p1a: Gliscor|51/100 tox|[from] ability: Poison Heal
|upkeep
|turn|72
|
|t:|1713017877
|switch|p1a: Blissey|Blissey, F|74/100
|-damage|p1a: Blissey|62/100|[from] Stealth Rock
|move|p2a: Landorus-Theory|Hidden Power|p1a: Blissey
|-damage|p1a: Blissey|55/100
|
|-weather|RainDance|[upkeep]
|-heal|p1a: Blissey|61/100|[from] item: Leftovers
|upkeep
|turn|73
|
|t:|1713017882
|move|p2a: Landorus-Theory|U-turn|p1a: Blissey
|-damage|p1a: Blissey|42/100
|
|t:|1713017884
|switch|p2a: really cruel mon|Tentacruel, F|97/100 par|[from] U-turn
|-damage|p2a: really cruel mon|84/100 par|[from] Stealth Rock
|move|p1a: Blissey|Soft-Boiled|p1a: Blissey
|-heal|p1a: Blissey|92/100
|
|-weather|RainDance|[upkeep]
|-heal|p2a: really cruel mon|90/100 par|[from] ability: Rain Dish
|-heal|p1a: Blissey|98/100|[from] item: Leftovers
|-heal|p2a: really cruel mon|96/100 par|[from] item: Black Sludge
|upkeep
|turn|74
|
|t:|1713017888
|switch|p1a: Reuniclus|Reuniclus, M|100/100 psn
|move|p2a: really cruel mon|Toxic Spikes|p1a: Reuniclus
|-sidestart|p1: daddy fakes|move: Toxic Spikes
|
|-weather|RainDance|[upkeep]
|-heal|p2a: really cruel mon|100/100 par|[from] ability: Rain Dish
|upkeep
|turn|75
|
|t:|1713017896
|move|p1a: Reuniclus|Psychic|p2a: really cruel mon
|-supereffective|p2a: really cruel mon
|-damage|p2a: really cruel mon|37/100 par
|move|p2a: really cruel mon|Rapid Spin|p1a: Reuniclus
|-damage|p1a: Reuniclus|98/100 psn
|-sideend|p2: leoperi99|Stealth Rock|[from] move: Rapid Spin|[of] p2a: really cruel mon
|
|-weather|RainDance|[upkeep]
|-heal|p2a: really cruel mon|43/100 par|[from] ability: Rain Dish
|-heal|p1a: Reuniclus|100/100 psn|[from] item: Leftovers
|-heal|p2a: really cruel mon|49/100 par|[from] item: Black Sludge
|upkeep
|turn|76
|
|t:|1713017906
|switch|p2a: Dpp jirachi PTSD|Jirachi|100/100
|move|p1a: Reuniclus|Calm Mind|p1a: Reuniclus
|-boost|p1a: Reuniclus|spa|1
|-boost|p1a: Reuniclus|spd|1
|
|-weather|RainDance|[upkeep]
|upkeep
|turn|77
|
|t:|1713017910
|move|p2a: Dpp jirachi PTSD|Iron Head|p1a: Reuniclus
|-damage|p1a: Reuniclus|81/100 psn
|cant|p1a: Reuniclus|flinch
|
|-weather|RainDance|[upkeep]
|-heal|p1a: Reuniclus|87/100 psn|[from] item: Leftovers
|upkeep
|turn|78
|
|t:|1713017916
|switch|p1a: Gliscor|Gliscor, F|51/100 tox
|-damage|p1a: Gliscor|38/100 tox|[from] Stealth Rock
|move|p2a: Dpp jirachi PTSD|Iron Head|p1a: Gliscor
|-damage|p1a: Gliscor|18/100 tox
|
|-weather|RainDance|[upkeep]
|-heal|p1a: Gliscor|30/100 tox|[from] ability: Poison Heal
|upkeep
|turn|79
|
|t:|1713017921
|switch|p2a: GSC Zapdos|Zapdos|79/100
|-ability|p2a: GSC Zapdos|Pressure
|move|p1a: Gliscor|Protect||[still]
|-fail|p1a: Gliscor
|
|-weather|RainDance|[upkeep]
|-heal|p1a: Gliscor|43/100 tox|[from] ability: Poison Heal
|upkeep
|turn|80
|
|t:|1713017926
|switch|p1a: Blissey|Blissey, F|98/100
|-damage|p1a: Blissey|86/100|[from] Stealth Rock
|-status|p1a: Blissey|psn
|move|p2a: GSC Zapdos|Substitute|p2a: GSC Zapdos
|-start|p2a: GSC Zapdos|Substitute
|-damage|p2a: GSC Zapdos|54/100
|
|-weather|RainDance|[upkeep]
|-heal|p1a: Blissey|92/100 psn|[from] item: Leftovers
|-damage|p1a: Blissey|79/100 psn|[from] psn
|upkeep
|turn|81
|
|t:|1713017933
|move|p2a: GSC Zapdos|Roost|p2a: GSC Zapdos
|-heal|p2a: GSC Zapdos|100/100
|-singleturn|p2a: GSC Zapdos|move: Roost
|move|p1a: Blissey|Seismic Toss|p2a: GSC Zapdos
|-end|p2a: GSC Zapdos|Substitute
|
|-weather|RainDance|[upkeep]
|-heal|p1a: Blissey|85/100 psn|[from] item: Leftovers
|-damage|p1a: Blissey|73/100 psn|[from] psn
|upkeep
|turn|82
|
|t:|1713017937
|switch|p2a: Dpp jirachi PTSD|Jirachi|100/100
|move|p1a: Blissey|Wish|p1a: Blissey
|
|-weather|RainDance|[upkeep]
|-heal|p1a: Blissey|79/100 psn|[from] item: Leftovers
|-damage|p1a: Blissey|67/100 psn|[from] psn
|upkeep
|turn|83
|
|t:|1713017939
|-curestatus|p1a: Blissey|psn|[from] ability: Natural Cure
|switch|p1a: Latios|Latios, M|52/100
|-damage|p1a: Latios|40/100|[from] Stealth Rock
|move|p2a: Dpp jirachi PTSD|U-turn|p1a: Latios
|-supereffective|p1a: Latios
|-damage|p1a: Latios|0 fnt
|faint|p1a: Latios
|
|t:|1713017945
|switch|p2a: GSC Zapdos|Zapdos|100/100|[from] U-turn
|-ability|p2a: GSC Zapdos|Pressure
|
|-weather|RainDance|[upkeep]
|upkeep
|
|t:|1713017948
|switch|p1a: Blissey|Blissey, F|67/100
|-damage|p1a: Blissey|54/100|[from] Stealth Rock
|-status|p1a: Blissey|psn
|turn|84
|j| RedShadow339
|
|t:|1713017954
|move|p2a: GSC Zapdos|Substitute|p2a: GSC Zapdos
|-start|p2a: GSC Zapdos|Substitute
|-damage|p2a: GSC Zapdos|76/100
|move|p1a: Blissey|Seismic Toss|p2a: GSC Zapdos
|-end|p2a: GSC Zapdos|Substitute
|
|-weather|RainDance|[upkeep]
|-heal|p1a: Blissey|60/100 psn|[from] item: Leftovers
|-damage|p1a: Blissey|48/100 psn|[from] psn
|upkeep
|turn|85
|
|t:|1713017959
|move|p2a: GSC Zapdos|Substitute|p2a: GSC Zapdos
|-start|p2a: GSC Zapdos|Substitute
|-damage|p2a: GSC Zapdos|51/100
|move|p1a: Blissey|Soft-Boiled|p1a: Blissey
|-heal|p1a: Blissey|98/100 psn
|
|-weather|RainDance|[upkeep]
|-heal|p1a: Blissey|100/100 psn|[from] item: Leftovers
|-damage|p1a: Blissey|88/100 psn|[from] psn
|upkeep
|turn|86
|
|t:|1713017963
|move|p2a: GSC Zapdos|Thunder|p1a: Blissey
|-damage|p1a: Blissey|63/100 psn
|move|p1a: Blissey|Seismic Toss|p2a: GSC Zapdos
|-end|p2a: GSC Zapdos|Substitute
|
|-weather|RainDance|[upkeep]
|-heal|p1a: Blissey|69/100 psn|[from] item: Leftovers
|-damage|p1a: Blissey|57/100 psn|[from] psn
|upkeep
|turn|87
|
|t:|1713017967
|move|p2a: GSC Zapdos|Substitute|p2a: GSC Zapdos
|-start|p2a: GSC Zapdos|Substitute
|-damage|p2a: GSC Zapdos|26/100
|move|p1a: Blissey|Toxic||[still]
|-fail|p1a: Blissey
|
|-weather|RainDance|[upkeep]
|-heal|p1a: Blissey|63/100 psn|[from] item: Leftovers
|-damage|p1a: Blissey|50/100 psn|[from] psn
|upkeep
|turn|88
|
|t:|1713017970
|move|p2a: GSC Zapdos|Roost|p2a: GSC Zapdos
|-heal|p2a: GSC Zapdos|76/100
|-singleturn|p2a: GSC Zapdos|move: Roost
|move|p1a: Blissey|Soft-Boiled|p1a: Blissey
|-heal|p1a: Blissey|99/100 psn
|
|-weather|RainDance|[upkeep]
|-heal|p1a: Blissey|100/100 psn|[from] item: Leftovers
|-damage|p1a: Blissey|88/100 psn|[from] psn
|upkeep
|turn|89
|
|t:|1713017975
|move|p2a: GSC Zapdos|Thunder|p1a: Blissey
|-damage|p1a: Blissey|63/100 psn
|move|p1a: Blissey|Seismic Toss|p2a: GSC Zapdos
|-end|p2a: GSC Zapdos|Substitute
|
|-weather|RainDance|[upkeep]
|-heal|p1a: Blissey|69/100 psn|[from] item: Leftovers
|-damage|p1a: Blissey|57/100 psn|[from] psn
|upkeep
|turn|90
|l| RedShadow339
|
|t:|1713017982
|move|p2a: GSC Zapdos|Substitute|p2a: GSC Zapdos
|-start|p2a: GSC Zapdos|Substitute
|-damage|p2a: GSC Zapdos|51/100
|move|p1a: Blissey|Wish|p1a: Blissey
|
|-weather|RainDance|[upkeep]
|-heal|p1a: Blissey|63/100 psn|[from] item: Leftovers
|-damage|p1a: Blissey|51/100 psn|[from] psn
|upkeep
|turn|91
|
|t:|1713017985
|-curestatus|p1a: Blissey|psn|[from] ability: Natural Cure
|switch|p1a: Reuniclus|Reuniclus, M|87/100 psn
|move|p2a: GSC Zapdos|Roost|p2a: GSC Zapdos
|-heal|p2a: GSC Zapdos|100/100
|-singleturn|p2a: GSC Zapdos|move: Roost
|
|-weather|RainDance|[upkeep]
|-heal|p1a: Reuniclus|100/100 psn|[from] move: Wish|[wisher] Blissey
|upkeep
|turn|92
|
|t:|1713017990
|move|p2a: GSC Zapdos|Thunder|p1a: Reuniclus
|-damage|p1a: Reuniclus|38/100 psn
|move|p1a: Reuniclus|Calm Mind|p1a: Reuniclus
|-boost|p1a: Reuniclus|spa|1
|-boost|p1a: Reuniclus|spd|1
|
|-weather|RainDance|[upkeep]
|-heal|p1a: Reuniclus|44/100 psn|[from] item: Leftovers
|upkeep
|turn|93
|
|t:|1713017995
|move|p2a: GSC Zapdos|Thunder|p1a: Reuniclus
|-damage|p1a: Reuniclus|6/100 psn
|move|p1a: Reuniclus|Recover|p1a: Reuniclus
|-heal|p1a: Reuniclus|56/100 psn
|
|-weather|RainDance|[upkeep]
|-heal|p1a: Reuniclus|62/100 psn|[from] item: Leftovers
|upkeep
|turn|94
|
|t:|1713018000
|switch|p2a: Dpp jirachi PTSD|Jirachi|100/100
|move|p1a: Reuniclus|Calm Mind|p1a: Reuniclus
|-boost|p1a: Reuniclus|spa|1
|-boost|p1a: Reuniclus|spd|1
|
|-weather|RainDance|[upkeep]
|-heal|p1a: Reuniclus|68/100 psn|[from] item: Leftovers
|upkeep
|turn|95
|
|t:|1713018002
|move|p2a: Dpp jirachi PTSD|Iron Head|p1a: Reuniclus
|-damage|p1a: Reuniclus|50/100 psn
|cant|p1a: Reuniclus|flinch
|
|-weather|RainDance|[upkeep]
|-heal|p1a: Reuniclus|56/100 psn|[from] item: Leftovers
|upkeep
|turn|96
|
|t:|1713018005
|move|p2a: Dpp jirachi PTSD|Iron Head|p1a: Reuniclus
|-damage|p1a: Reuniclus|37/100 psn
|cant|p1a: Reuniclus|flinch
|
|-weather|RainDance|[upkeep]
|-heal|p1a: Reuniclus|43/100 psn|[from] item: Leftovers
|upkeep
|turn|97
|
|t:|1713018010
|move|p2a: Dpp jirachi PTSD|Iron Head|p1a: Reuniclus
|-crit|p1a: Reuniclus
|-damage|p1a: Reuniclus|3/100 psn
|move|p1a: Reuniclus|Recover|p1a: Reuniclus
|-heal|p1a: Reuniclus|53/100 psn
|
|-weather|RainDance|[upkeep]
|-heal|p1a: Reuniclus|59/100 psn|[from] item: Leftovers
|upkeep
|turn|98
|
|t:|1713018016
|move|p2a: Dpp jirachi PTSD|Iron Head|p1a: Reuniclus
|-damage|p1a: Reuniclus|40/100 psn
|cant|p1a: Reuniclus|flinch
|
|-weather|RainDance|[upkeep]
|-heal|p1a: Reuniclus|46/100 psn|[from] item: Leftovers
|upkeep
|turn|99
|
|t:|1713018021
|move|p2a: Dpp jirachi PTSD|Iron Head|p1a: Reuniclus
|-crit|p1a: Reuniclus
|-damage|p1a: Reuniclus|5/100 psn
|move|p1a: Reuniclus|Recover|p1a: Reuniclus
|-heal|p1a: Reuniclus|55/100 psn
|
|-weather|RainDance|[upkeep]
|-heal|p1a: Reuniclus|61/100 psn|[from] item: Leftovers
|upkeep
|turn|100
|
|t:|1713018027
|move|p2a: Dpp jirachi PTSD|Iron Head|p1a: Reuniclus
|-damage|p1a: Reuniclus|41/100 psn
|cant|p1a: Reuniclus|flinch
|
|-weather|RainDance|[upkeep]
|-heal|p1a: Reuniclus|47/100 psn|[from] item: Leftovers
|upkeep
|turn|101
|
|t:|1713018035
|move|p2a: Dpp jirachi PTSD|Iron Head|p1a: Reuniclus
|-damage|p1a: Reuniclus|27/100 psn
|cant|p1a: Reuniclus|flinch
|
|-weather|RainDance|[upkeep]
|-heal|p1a: Reuniclus|33/100 psn|[from] item: Leftovers
|upkeep
|turn|102
|
|t:|1713018042
|move|p2a: Dpp jirachi PTSD|Iron Head|p1a: Reuniclus
|-damage|p1a: Reuniclus|13/100 psn
|move|p1a: Reuniclus|Recover|p1a: Reuniclus
|-heal|p1a: Reuniclus|63/100 psn
|
|-weather|RainDance|[upkeep]
|-heal|p1a: Reuniclus|69/100 psn|[from] item: Leftovers
|upkeep
|turn|103
|
|t:|1713018050
|move|p2a: Dpp jirachi PTSD|Iron Head|p1a: Reuniclus
|-damage|p1a: Reuniclus|49/100 psn
|move|p1a: Reuniclus|Recover|p1a: Reuniclus
|-heal|p1a: Reuniclus|99/100 psn
|
|-weather|RainDance|[upkeep]
|-heal|p1a: Reuniclus|100/100 psn|[from] item: Leftovers
|upkeep
|turn|104
|
|t:|1713018054
|move|p2a: Dpp jirachi PTSD|Iron Head|p1a: Reuniclus
|-damage|p1a: Reuniclus|82/100 psn
|move|p1a: Reuniclus|Calm Mind|p1a: Reuniclus
|-boost|p1a: Reuniclus|spa|1
|-boost|p1a: Reuniclus|spd|1
|
|-weather|RainDance|[upkeep]
|-heal|p1a: Reuniclus|88/100 psn|[from] item: Leftovers
|upkeep
|turn|105
|c|☆leoperi99|what a fucking demon
|c|☆leoperi99|but noo
|c|☆leoperi99|lets ban excadrill
|
|t:|1713018085
|move|p2a: Dpp jirachi PTSD|Iron Head|p1a: Reuniclus
|-damage|p1a: Reuniclus|70/100 psn
|move|p1a: Reuniclus|Calm Mind|p1a: Reuniclus
|-boost|p1a: Reuniclus|spa|1
|-boost|p1a: Reuniclus|spd|1
|
|-weather|RainDance|[upkeep]
|-heal|p1a: Reuniclus|76/100 psn|[from] item: Leftovers
|upkeep
|turn|106
|
|t:|1713018090
|move|p2a: Dpp jirachi PTSD|Iron Head|p1a: Reuniclus
|-crit|p1a: Reuniclus
|-damage|p1a: Reuniclus|38/100 psn
|cant|p1a: Reuniclus|flinch
|
|-weather|RainDance|[upkeep]
|-heal|p1a: Reuniclus|44/100 psn|[from] item: Leftovers
|upkeep
|turn|107
|
|t:|1713018095
|move|p2a: Dpp jirachi PTSD|Iron Head|p1a: Reuniclus
|-damage|p1a: Reuniclus|23/100 psn
|cant|p1a: Reuniclus|flinch
|
|-weather|RainDance|[upkeep]
|-heal|p1a: Reuniclus|30/100 psn|[from] item: Leftovers
|upkeep
|turn|108
|
|t:|1713018105
|switch|p1a: Forretress|Forretress, M|12/100 brn
|-damage|p1a: Forretress|0 fnt|[from] Stealth Rock
|faint|p1a: Forretress
|move|p2a: Dpp jirachi PTSD|Iron Head|p1: Forretress|[notarget]
|-fail|p2a: Dpp jirachi PTSD
|
|-weather|RainDance|[upkeep]
|upkeep
|
|t:|1713018112
|switch|p1a: Reuniclus|Reuniclus, M|30/100 psn
|turn|109
|
|t:|1713018114
|move|p2a: Dpp jirachi PTSD|Iron Head|p1a: Reuniclus
|-damage|p1a: Reuniclus|11/100 psn
|move|p1a: Reuniclus|Recover|p1a: Reuniclus
|-heal|p1a: Reuniclus|61/100 psn
|
|-weather|RainDance|[upkeep]
|-heal|p1a: Reuniclus|67/100 psn|[from] item: Leftovers
|upkeep
|turn|110
|
|t:|1713018121
|move|p2a: Dpp jirachi PTSD|U-turn|p1a: Reuniclus
|-supereffective|p1a: Reuniclus
|-damage|p1a: Reuniclus|45/100 psn
|
|t:|1713018124
|switch|p2a: Ban Thundy-t pls|Politoed, M|95/100 par|[from] U-turn
|move|p1a: Reuniclus|Calm Mind|p1a: Reuniclus
|-boost|p1a: Reuniclus|spa|1
|-boost|p1a: Reuniclus|spd|1
|
|-weather|RainDance|[upkeep]
|-heal|p1a: Reuniclus|51/100 psn|[from] item: Leftovers
|-heal|p2a: Ban Thundy-t pls|100/100 par|[from] item: Leftovers
|upkeep
|turn|111
|
|t:|1713018128
|switch|p1a: Blissey|Blissey, F|51/100
|-damage|p1a: Blissey|38/100|[from] Stealth Rock
|-status|p1a: Blissey|psn
|move|p2a: Ban Thundy-t pls|Encore||[still]
|-fail|p2a: Ban Thundy-t pls
|
|-weather|RainDance|[upkeep]
|-heal|p1a: Blissey|44/100 psn|[from] item: Leftovers
|-damage|p1a: Blissey|32/100 psn|[from] psn
|upkeep
|turn|112
|
|t:|1713018135
|switch|p2a: GSC Zapdos|Zapdos|100/100
|-ability|p2a: GSC Zapdos|Pressure
|move|p1a: Blissey|Soft-Boiled|p1a: Blissey
|-heal|p1a: Blissey|82/100 psn
|
|-weather|RainDance|[upkeep]
|-heal|p1a: Blissey|88/100 psn|[from] item: Leftovers
|-damage|p1a: Blissey|76/100 psn|[from] psn
|upkeep
|turn|113
|
|t:|1713018149
|move|p2a: GSC Zapdos|Substitute|p2a: GSC Zapdos
|-start|p2a: GSC Zapdos|Substitute
|-damage|p2a: GSC Zapdos|76/100
|move|p1a: Blissey|Wish|p1a: Blissey
|
|-weather|RainDance|[upkeep]
|-heal|p1a: Blissey|82/100 psn|[from] item: Leftovers
|-damage|p1a: Blissey|69/100 psn|[from] psn
|upkeep
|turn|114
|
|t:|1713018156
|move|p2a: GSC Zapdos|Thunder|p1a: Blissey
|-damage|p1a: Blissey|46/100 psn
|move|p1a: Blissey|Seismic Toss|p2a: GSC Zapdos
|-end|p2a: GSC Zapdos|Substitute
|
|-weather|RainDance|[upkeep]
|-heal|p1a: Blissey|96/100 psn|[from] move: Wish|[wisher] Blissey
|-heal|p1a: Blissey|100/100 psn|[from] item: Leftovers
|-damage|p1a: Blissey|88/100 psn|[from] psn
|upkeep
|turn|115
|l| CrowsHIT
|
|t:|1713018169
|move|p2a: GSC Zapdos|Substitute|p2a: GSC Zapdos
|-start|p2a: GSC Zapdos|Substitute
|-damage|p2a: GSC Zapdos|51/100
|move|p1a: Blissey|Seismic Toss|p2a: GSC Zapdos
|-end|p2a: GSC Zapdos|Substitute
|
|-weather|RainDance|[upkeep]
|-heal|p1a: Blissey|94/100 psn|[from] item: Leftovers
|-damage|p1a: Blissey|82/100 psn|[from] psn
|upkeep
|turn|116
|
|t:|1713018181
|switch|p2a: Dpp jirachi PTSD|Jirachi|100/100
|move|p1a: Blissey|Soft-Boiled|p1a: Blissey
|-heal|p1a: Blissey|100/100 psn
|
|-weather|RainDance|[upkeep]
|-damage|p1a: Blissey|88/100 psn|[from] psn
|upkeep
|turn|117
|
|t:|1713018183
|move|p2a: Dpp jirachi PTSD|U-turn|p1a: Blissey
|-damage|p1a: Blissey|73/100 psn
|
|t:|1713018185
|switch|p2a: Hi...|Kyurem|100/100|[from] U-turn
|-ability|p2a: Hi...|Pressure
|move|p1a: Blissey|Wish|p1a: Blissey
|
|-weather|RainDance|[upkeep]
|-heal|p1a: Blissey|80/100 psn|[from] item: Leftovers
|-damage|p1a: Blissey|67/100 psn|[from] psn
|upkeep
|turn|118
|
|t:|1713018192
|-curestatus|p1a: Blissey|psn|[from] ability: Natural Cure
|switch|p1a: Reuniclus|Reuniclus, M|51/100 psn
|move|p2a: Hi...|Ice Beam|p1a: Reuniclus
|-damage|p1a: Reuniclus|6/100 psn
|
|-weather|RainDance|[upkeep]
|-heal|p1a: Reuniclus|90/100 psn|[from] move: Wish|[wisher] Blissey
|-heal|p1a: Reuniclus|96/100 psn|[from] item: Leftovers
|upkeep
|turn|119
|
|t:|1713018201
|switch|p2a: Ban Thundy-t pls|Politoed, M|100/100 par
|move|p1a: Reuniclus|Calm Mind|p1a: Reuniclus
|-boost|p1a: Reuniclus|spa|1
|-boost|p1a: Reuniclus|spd|1
|
|-weather|RainDance|[upkeep]
|-heal|p1a: Reuniclus|100/100 psn|[from] item: Leftovers
|upkeep
|turn|120
|j| CrowsHIT
|inactive|Battle timer is ON: inactive players will automatically lose when time's up. (requested by leoperi99)
|
|t:|1713018221
|move|p1a: Reuniclus|Calm Mind|p1a: Reuniclus
|-boost|p1a: Reuniclus|spa|1
|-boost|p1a: Reuniclus|spd|1
|move|p2a: Ban Thundy-t pls|Encore|p1a: Reuniclus
|-start|p1a: Reuniclus|Encore
|
|-weather|RainDance|[upkeep]
|upkeep
|turn|121
|
|t:|1713018224
|switch|p2a: Landorus-Theory|Landorus-Therian, M|53/100
|-ability|p2a: Landorus-Theory|Intimidate|boost
|-unboost|p1a: Reuniclus|atk|1
|move|p1a: Reuniclus|Calm Mind|p1a: Reuniclus
|-boost|p1a: Reuniclus|spa|1
|-boost|p1a: Reuniclus|spd|1
|
|-weather|RainDance|[upkeep]
|upkeep
|turn|122
|
|t:|1713018228
|move|p2a: Landorus-Theory|Earthquake|p1a: Reuniclus
|-damage|p1a: Reuniclus|68/100 psn
|move|p1a: Reuniclus|Calm Mind|p1a: Reuniclus
|-boost|p1a: Reuniclus|spa|1
|-boost|p1a: Reuniclus|spd|1
|
|-weather|RainDance|[upkeep]
|-heal|p1a: Reuniclus|75/100 psn|[from] item: Leftovers
|upkeep
|turn|123
|
|t:|1713018239
|move|p2a: Landorus-Theory|Earthquake|p1a: Reuniclus
|-damage|p1a: Reuniclus|43/100 psn
|move|p1a: Reuniclus|Calm Mind|p1a: Reuniclus
|-boost|p1a: Reuniclus|spa|1
|-boost|p1a: Reuniclus|spd|1
|
|-weather|RainDance|[upkeep]
|-heal|p1a: Reuniclus|49/100 psn|[from] item: Leftovers
|-end|p1a: Reuniclus|Encore
|upkeep
|turn|124
|
|t:|1713018244
|move|p2a: Landorus-Theory|Earthquake|p1a: Reuniclus
|-damage|p1a: Reuniclus|16/100 psn
|move|p1a: Reuniclus|Recover|p1a: Reuniclus
|-heal|p1a: Reuniclus|66/100 psn
|
|-weather|RainDance|[upkeep]
|-heal|p1a: Reuniclus|72/100 psn|[from] item: Leftovers
|upkeep
|turn|125
|
|t:|1713018247
|move|p2a: Landorus-Theory|U-turn|p1a: Reuniclus
|-supereffective|p1a: Reuniclus
|-damage|p1a: Reuniclus|40/100 psn
|
|t:|1713018249
|switch|p2a: Hi...|Kyurem|100/100|[from] U-turn
|-ability|p2a: Hi...|Pressure
|move|p1a: Reuniclus|Recover|p1a: Reuniclus
|-heal|p1a: Reuniclus|90/100 psn
|
|-weather|RainDance|[upkeep]
|-heal|p1a: Reuniclus|96/100 psn|[from] item: Leftovers
|upkeep
|turn|126
|
|t:|1713018252
|move|p2a: Hi...|Substitute|p2a: Hi...
|-start|p2a: Hi...|Substitute
|-damage|p2a: Hi...|76/100
|move|p1a: Reuniclus|Psychic|p2a: Hi...
|-end|p2a: Hi...|Substitute
|
|-weather|RainDance|[upkeep]
|-heal|p2a: Hi...|82/100|[from] item: Leftovers
|-heal|p1a: Reuniclus|100/100 psn|[from] item: Leftovers
|upkeep
|turn|127
|
|t:|1713018257
|move|p2a: Hi...|Substitute|p2a: Hi...
|-start|p2a: Hi...|Substitute
|-damage|p2a: Hi...|57/100
|move|p1a: Reuniclus|Psychic|p2a: Hi...
|-end|p2a: Hi...|Substitute
|
|-weather|RainDance|[upkeep]
|-heal|p2a: Hi...|63/100|[from] item: Leftovers
|upkeep
|turn|128
|
|t:|1713018260
|move|p2a: Hi...|Substitute|p2a: Hi...
|-start|p2a: Hi...|Substitute
|-damage|p2a: Hi...|38/100
|move|p1a: Reuniclus|Signal Beam|p2a: Hi...
|-end|p2a: Hi...|Substitute
|
|-weather|RainDance|[upkeep]
|-heal|p2a: Hi...|44/100|[from] item: Leftovers
|upkeep
|turn|129
|
|t:|1713018265
|move|p2a: Hi...|Ice Beam|p1a: Reuniclus
|-damage|p1a: Reuniclus|88/100 psn
|move|p1a: Reuniclus|Signal Beam|p2a: Hi...
|-damage|p2a: Hi...|0 fnt
|faint|p2a: Hi...
|
|-weather|RainDance|[upkeep]
|-heal|p1a: Reuniclus|94/100 psn|[from] item: Leftovers
|upkeep
|-message|leoperi99 forfeited.
|
|win|daddy fakes
|raw|daddy fakes's rating: 1393 &rarr; <strong>1415</strong><br />(+22 for winning)
|raw|leoperi99's rating: 1424 &rarr; <strong>1402</strong><br />(-22 for losing)
|l|☆leoperi99
|player|p2|
|l| CrowsHIT
