|uhtml|medal-msg|<div class="broadcast-blue">Curious what those medals under the avatar are? PS now has Ladder Seasons! For more information, check out the <a href="https://www.smogon.com/forums/threads/3740067/">thread on Smogon.</a></div>
|uhtml|medal-msg|<div class="broadcast-blue">Curious what those medals under the avatar are? PS now has Ladder Seasons! For more information, check out the <a href="https://www.smogon.com/forums/threads/3740067/">thread on Smogon.</a></div>
|j|☆EG Jhonx
|j|☆Jellium
|t:|1712792482
|gametype|singles
|player|p1|EG Jhonx|#gscpl4ladderbayleefsaints|1429
|player|p2|Jellium|scientist-gen4|1401
|teamsize|p1|6
|teamsize|p2|6
|gen|5
|tier|[Gen 5] OU
|rated|
|rule|Species Clause: Limit one of each Pokémon
|rule|OHKO Clause: OHKO moves are banned
|rule|Moody Clause: Moody is banned
|rule|Evasion Items Clause: Evasion items are banned
|rule|Evasion Moves Clause: Evasion moves are banned
|rule|Endless Battle Clause: Forcing endless battles is banned
|rule|HP Percentage Mod: HP is shown in percentages
|rule|Evasion Abilities Clause: Evasion abilities are banned
|rule|Sleep Moves Clause: Sleep-inducing moves are banned
|rule|Swagger Clause: Swagger is banned
|rule|Baton Pass Stat Clause: No Baton Passer may have a way to boost its stats
|clearpoke
|poke|p1|Politoed, F|item
|poke|p1|Breloom, F|item
|poke|p1|Starmie|item
|poke|p1|Jirachi|item
|poke|p1|Thundurus-Therian, M|item
|poke|p1|Latias, F|item
|poke|p2|Garchomp, M|item
|poke|p2|Volcarona, F|item
|poke|p2|Dragonite, M|item
|poke|p2|Breloom, F|item
|poke|p2|Starmie|item
|poke|p2|Scizor, F|item
|teampreview
|c|☆EG Jhonx|hf
|
|t:|1712792492
|start
|switch|p1a: Jirachi|Jirachi|100/100
|switch|p2a: Volcarona|Volcarona, F|100/100
|turn|1
|c|☆Jellium|wtf is that avatar
|
|t:|1712792501
|move|p2a: Volcarona|Quiver Dance|p2a: Volcarona
|-boost|p2a: Volcarona|spa|1
|-boost|p2a: Volcarona|spd|1
|-boost|p2a: Volcarona|spe|1
|move|p1a: Jirachi|Stealth Rock|p2a: Volcarona
|-sidestart|p2: Jellium|move: Stealth Rock
|
|upkeep
|turn|2
|
|t:|1712792510
|move|p2a: Volcarona|Fire Blast|p1a: Jirachi
|-supereffective|p1a: Jirachi
|-damage|p1a: Jirachi|0 fnt
|faint|p1a: Jirachi
|
|upkeep
|
|t:|1712792513
|switch|p1a: Politoed|Politoed, F|100/100
|-weather|RainDance|[from] ability: Drizzle|[of] p1a: Politoed
|turn|3
|
|t:|1712792523
|move|p2a: Volcarona|Quiver Dance|p2a: Volcarona
|-boost|p2a: Volcarona|spa|1
|-boost|p2a: Volcarona|spd|1
|-boost|p2a: Volcarona|spe|1
|move|p1a: Politoed|Encore|p2a: Volcarona
|-start|p2a: Volcarona|Encore
|
|-weather|RainDance|[upkeep]
|upkeep
|turn|4
|
|t:|1712792532
|switch|p2a: Garchomp|Garchomp, M|100/100
|-damage|p2a: Garchomp|94/100|[from] Stealth Rock
|switch|p1a: Starmie|Starmie|100/100
|
|-weather|RainDance|[upkeep]
|upkeep
|turn|5
|
|t:|1712792539
|move|p1a: Starmie|Surf|p2a: Garchomp
|-damage|p2a: Garchomp|0 fnt
|faint|p2a: Garchomp
|
|-weather|RainDance|[upkeep]
|upkeep
|
|t:|1712792547
|switch|p2a: Starmie|Starmie|100/100
|-damage|p2a: Starmie|88/100|[from] Stealth Rock
|-item|p2a: Starmie|Air Balloon
|turn|6
|
|t:|1712792565
|move|p1a: Starmie|Surf|p2a: Starmie
|-resisted|p2a: Starmie
|-damage|p2a: Starmie|24/100
|-enditem|p2a: Starmie|Air Balloon
|move|p2a: Starmie|Rapid Spin|p1a: Starmie
|-damage|p1a: Starmie|95/100
|-sideend|p2: Jellium|Stealth Rock|[from] move: Rapid Spin|[of] p2a: Starmie
|
|-weather|RainDance|[upkeep]
|upkeep
|turn|7
|
|t:|1712792576
|move|p1a: Starmie|Surf|p2a: Starmie
|-resisted|p2a: Starmie
|-damage|p2a: Starmie|0 fnt
|faint|p2a: Starmie
|
|-weather|RainDance|[upkeep]
|upkeep
|
|t:|1712792586
|switch|p2a: Dragonite|Dragonite, M|100/100
|turn|8
|
|t:|1712792600
|move|p1a: Starmie|Surf|p2a: Dragonite
|-resisted|p2a: Dragonite
|-damage|p2a: Dragonite|77/100
|move|p2a: Dragonite|Dragon Dance|p2a: Dragonite
|-boost|p2a: Dragonite|atk|1
|-boost|p2a: Dragonite|spe|1
|
|-weather|RainDance|[upkeep]
|upkeep
|turn|9
|
|t:|1712792609
|move|p2a: Dragonite|Dragon Dance|p2a: Dragonite
|-boost|p2a: Dragonite|atk|1
|-boost|p2a: Dragonite|spe|1
|move|p1a: Starmie|Surf|p2a: Dragonite
|-resisted|p2a: Dragonite
|-damage|p2a: Dragonite|14/100
|
|-weather|RainDance|[upkeep]
|upkeep
|turn|10
|
|t:|1712792616
|switch|p1a: Politoed|Politoed, F|100/100
|move|p2a: Dragonite|Outrage|p1a: Politoed
|-damage|p1a: Politoed|0 fnt
|faint|p1a: Politoed
|
|-weather|RainDance|[upkeep]
|upkeep
|
|t:|1712792619
|switch|p1a: Breloom|Breloom, F|100/100
|turn|11
|
|t:|1712792622
|move|p1a: Breloom|Mach Punch|p2a: Dragonite
|-resisted|p2a: Dragonite
|-damage|p2a: Dragonite|0 fnt
|faint|p2a: Dragonite
|
|-weather|RainDance|[upkeep]
|upkeep
|
|t:|1712792635
|switch|p2a: Volcarona|Volcarona, F|100/100
|turn|12
|
|t:|1712792651
|switch|p1a: Latias|Latias, F|100/100
|move|p2a: Volcarona|Quiver Dance|p2a: Volcarona
|-boost|p2a: Volcarona|spa|1
|-boost|p2a: Volcarona|spd|1
|-boost|p2a: Volcarona|spe|1
|
|-weather|RainDance|[upkeep]
|upkeep
|turn|13
|
|t:|1712792658
|move|p1a: Latias|Psyshock|p2a: Volcarona
|-damage|p2a: Volcarona|42/100
|move|p2a: Volcarona|Bug Buzz|p1a: Latias
|-supereffective|p1a: Latias
|-damage|p1a: Latias|0 fnt
|faint|p1a: Latias
|
|-weather|RainDance|[upkeep]
|upkeep
|
|t:|1712792665
|switch|p1a: Thundurus|Thundurus-Therian, M|100/100
|turn|14
|
|t:|1712792668
|move|p2a: Volcarona|Psychic|p1a: Thundurus
|-damage|p1a: Thundurus|44/100
|move|p1a: Thundurus|Thunder|p2a: Volcarona
|-crit|p2a: Volcarona
|-damage|p2a: Volcarona|0 fnt
|faint|p2a: Volcarona
|
|-weather|RainDance|[upkeep]
|upkeep
|
|t:|1712792693
|switch|p2a: Scizor|Scizor, F|100/100
|turn|15
|
|t:|1712792704
|move|p1a: Thundurus|Thunder|p2a: Scizor
|-damage|p2a: Scizor|18/100
|move|p2a: Scizor|Swords Dance|p2a: Scizor
|-boost|p2a: Scizor|atk|2
|
|-weather|RainDance|[upkeep]
|upkeep
|turn|16
|
|t:|1712792710
|move|p2a: Scizor|Bullet Punch|p1a: Thundurus
|-resisted|p1a: Thundurus
|-damage|p1a: Thundurus|0 fnt
|faint|p1a: Thundurus
|-damage|p2a: Scizor|8/100|[from] item: Life Orb
|
|-weather|RainDance|[upkeep]
|upkeep
|
|t:|1712792714
|switch|p1a: Breloom|Breloom, F|100/100
|turn|17
|
|t:|1712792719
|move|p1a: Breloom|Mach Punch|p2a: Scizor
|-damage|p2a: Scizor|0 fnt
|faint|p2a: Scizor
|
|-weather|RainDance|[upkeep]
|upkeep
|
|t:|1712792724
|switch|p2a: Breloom|Breloom, F|100/100
|turn|18
|
|t:|1712792728
|move|p1a: Breloom|Mach Punch|p2a: Breloom
|-damage|p2a: Breloom|19/100
|move|p2a: Breloom|Swords Dance|p2a: Breloom
|-boost|p2a: Breloom|atk|2
|
|-weather|RainDance|[upkeep]
|upkeep
|turn|19
|
|t:|1712792734
|move|p2a: Breloom|Mach Punch|p1a: Breloom
|-damage|p1a: Breloom|0 fnt
|faint|p1a: Breloom
|-damage|p2a: Breloom|9/100|[from] item: Life Orb
|
|-weather|RainDance|[upkeep]
|upkeep
|
|t:|1712792737
|switch|p1a: Starmie|Starmie|95/100
|turn|20
|
|t:|1712792741
|move|p2a: Breloom|Mach Punch|p1a: Starmie
|-resisted|p1a: Starmie
|-damage|p1a: Starmie|23/100
|-damage|p2a: Breloom|0 fnt|[from] item: Life Orb
|faint|p2a: Breloom
|
|win|EG Jhonx
|raw|EG Jhonx's rating: 1429 &rarr; <strong>1447</strong><br />(+18 for winning)
|raw|Jellium's rating: 1401 &rarr; <strong>1383</strong><br />(-18 for losing)
|c|☆EG Jhonx|gg
|c|☆Jellium|gg
|l|☆Jellium
|player|p2|
