|j|☆minutemaid13
|j|☆seanb143
|t:|1706684979
|gametype|singles
|player|p1|minutemaid13|170|1315
|player|p2|seanb143|emmet|1459
|teamsize|p1|6
|teamsize|p2|6
|gen|5
|tier|[Gen 5] OU
|rated|
|rule|Species Clause: Limit one of each Pokémon
|rule|OHKO Clause: OHKO moves are banned
|rule|Moody Clause: Moody is banned
|rule|Evasion Items Clause: Evasion items are banned
|rule|Evasion Moves Clause: Evasion moves are banned
|rule|Endless Battle Clause: Forcing endless battles is banned
|rule|HP Percentage Mod: HP is shown in percentages
|rule|Evasion Abilities Clause: Evasion abilities are banned
|rule|Sleep Moves Clause: Sleep-inducing moves are banned
|rule|Swagger Clause: Swagger is banned
|rule|Baton Pass Stat Clause: No Baton Passer may have a way to boost its stats
|clearpoke
|poke|p1|Breloom, M|item
|poke|p1|Thundurus-Therian, M|item
|poke|p1|Landorus-Therian, M|item
|poke|p1|Scizor, M|item
|poke|p1|Latios, M|item
|poke|p1|Cloyster, F|item
|poke|p2|Ninetales, M|item
|poke|p2|Dragonite, M|item
|poke|p2|Conkeldurr, F|item
|poke|p2|Scizor, F|item
|poke|p2|Starmie|item
|poke|p2|Landorus-Therian, M|item
|teampreview
|inactive|Battle timer is ON: inactive players will automatically lose when time's up. (requested by seanb143)
|
|t:|1706684994
|start
|switch|p1a: Latios|Latios, M|100/100
|switch|p2a: Landorus|Landorus-Therian, M, shiny|100/100
|-ability|p2a: Landorus|Intimidate|boost
|-unboost|p1a: Latios|atk|1
|turn|1
|
|t:|1706685000
|switch|p2a: Scizor|Scizor, F, shiny|100/100
|move|p1a: Latios|Surf|p2a: Scizor
|-damage|p2a: Scizor|54/100
|
|-heal|p2a: Scizor|60/100|[from] item: Leftovers
|upkeep
|turn|2
|
|t:|1706685007
|switch|p1a: Landorus|Landorus-Therian, M|100/100
|-ability|p1a: Landorus|Intimidate|boost
|-unboost|p2a: Scizor|atk|1
|move|p2a: Scizor|U-turn|p1a: Landorus
|-resisted|p1a: Landorus
|-damage|p1a: Landorus|86/100
|
|t:|1706685010
|switch|p2a: Landorus|Landorus-Therian, M, shiny|100/100|[from] U-turn
|-ability|p2a: Landorus|Intimidate|boost
|-unboost|p1a: Landorus|atk|1
|
|upkeep
|turn|3
|
|t:|1706685017
|move|p2a: Landorus|Stealth Rock|p1a: Landorus
|-sidestart|p1: minutemaid13|move: Stealth Rock
|move|p1a: Landorus|Hidden Power|p2a: Landorus
|-supereffective|p2a: Landorus
|-damage|p2a: Landorus|11/100
|
|upkeep
|turn|4
|
|t:|1706685024
|switch|p2a: Scizor|Scizor, F, shiny|60/100
|move|p1a: Landorus|Stealth Rock|p2a: Scizor
|-sidestart|p2: seanb143|move: Stealth Rock
|
|-heal|p2a: Scizor|66/100|[from] item: Leftovers
|upkeep
|turn|5
|
|t:|1706685031
|move|p2a: Scizor|Swords Dance|p2a: Scizor
|-boost|p2a: Scizor|atk|2
|move|p1a: Landorus|U-turn|p2a: Scizor
|-resisted|p2a: Scizor
|-damage|p2a: Scizor|54/100
|inactive|minutemaid13 has 120 seconds left.
|
|t:|1706685064
|switch|p1a: Breloom|Breloom, M|100/100|[from] U-turn
|-damage|p1a: Breloom|94/100|[from] Stealth Rock
|
|-heal|p2a: Scizor|60/100|[from] item: Leftovers
|upkeep
|turn|6
|
|t:|1706685071
|move|p1a: Breloom|Mach Punch|p2a: Scizor
|-damage|p2a: Scizor|2/100
|-damage|p1a: Breloom|84/100|[from] item: Life Orb
|move|p2a: Scizor|Bullet Punch|p1a: Breloom
|-damage|p1a: Breloom|0 fnt
|faint|p1a: Breloom
|
|-heal|p2a: Scizor|8/100|[from] item: Leftovers
|upkeep
|
|t:|1706685079
|switch|p1a: Scizor|Scizor, M|100/100
|-damage|p1a: Scizor|88/100|[from] Stealth Rock
|turn|7
|
|t:|1706685083
|move|p2a: Scizor|Bullet Punch|p1a: Scizor
|-resisted|p1a: Scizor
|-damage|p1a: Scizor|51/100
|move|p1a: Scizor|Bullet Punch|p2a: Scizor
|-resisted|p2a: Scizor
|-damage|p2a: Scizor|0 fnt
|faint|p2a: Scizor
|
|upkeep
|
|t:|1706685089
|switch|p2a: Ninetales|Ninetales, M, shiny|100/100
|-damage|p2a: Ninetales|76/100|[from] Stealth Rock
|-weather|SunnyDay|[from] ability: Drought|[of] p2a: Ninetales
|turn|8
|
|t:|1706685095
|switch|p1a: Latios|Latios, M|100/100
|-damage|p1a: Latios|88/100|[from] Stealth Rock
|move|p2a: Ninetales|Flamethrower|p1a: Latios
|-resisted|p1a: Latios
|-damage|p1a: Latios|61/100
|
|-weather|SunnyDay|[upkeep]
|-heal|p2a: Ninetales|82/100|[from] item: Leftovers
|upkeep
|turn|9
|
|t:|1706685105
|switch|p2a: Landorus|Landorus-Therian, M, shiny|11/100
|-damage|p2a: Landorus|0 fnt|[from] Stealth Rock
|faint|p2a: Landorus
|move|p1a: Latios|Draco Meteor|p2: Landorus|[notarget]
|-fail|p1a: Latios
|
|-weather|SunnyDay|[upkeep]
|upkeep
|
|t:|1706685114
|switch|p2a: Starmie|Starmie, shiny|100/100
|-damage|p2a: Starmie|88/100|[from] Stealth Rock
|turn|10
|
|t:|1706685121
|move|p2a: Starmie|Rapid Spin|p1a: Latios
|-damage|p1a: Latios|57/100
|-sideend|p2: seanb143|Stealth Rock|[from] move: Rapid Spin|[of] p2a: Starmie
|move|p1a: Latios|Draco Meteor|p2a: Starmie
|-damage|p2a: Starmie|0 fnt
|-unboost|p1a: Latios|spa|2
|faint|p2a: Starmie
|
|-weather|SunnyDay|[upkeep]
|upkeep
|
|t:|1706685132
|switch|p2a: Ninetales|Ninetales, M, shiny|82/100
|turn|11
|inactive|minutemaid13 has 120 seconds left.
|
|t:|1706685165
|move|p1a: Latios|Surf|p2a: Ninetales
|-supereffective|p2a: Ninetales
|-crit|p2a: Ninetales
|-damage|p2a: Ninetales|0 fnt
|faint|p2a: Ninetales
|
|-weather|SunnyDay|[upkeep]
|upkeep
|
|t:|1706685184
|switch|p2a: Conkeldurr|Conkeldurr, F, shiny|100/100
|turn|12
|
|t:|1706685188
|move|p1a: Latios|Psyshock|p2a: Conkeldurr
|-supereffective|p2a: Conkeldurr
|-damage|p2a: Conkeldurr|55/100
|move|p2a: Conkeldurr|Bulk Up|p2a: Conkeldurr
|-boost|p2a: Conkeldurr|atk|1
|-boost|p2a: Conkeldurr|def|1
|
|-weather|SunnyDay|[upkeep]
|-heal|p2a: Conkeldurr|61/100|[from] item: Leftovers
|upkeep
|turn|13
|
|t:|1706685197
|move|p1a: Latios|Psyshock|p2a: Conkeldurr
|-supereffective|p2a: Conkeldurr
|-damage|p2a: Conkeldurr|30/100
|move|p2a: Conkeldurr|Bulk Up|p2a: Conkeldurr
|-boost|p2a: Conkeldurr|atk|1
|-boost|p2a: Conkeldurr|def|1
|
|-weather|SunnyDay|[upkeep]
|-heal|p2a: Conkeldurr|36/100|[from] item: Leftovers
|upkeep
|turn|14
|
|t:|1706685205
|switch|p1a: Landorus|Landorus-Therian, M|86/100
|-damage|p1a: Landorus|74/100|[from] Stealth Rock
|-ability|p1a: Landorus|Intimidate|boost
|-unboost|p2a: Conkeldurr|atk|1
|move|p2a: Conkeldurr|Drain Punch|p1a: Landorus
|-resisted|p1a: Landorus
|-damage|p1a: Landorus|38/100
|-heal|p2a: Conkeldurr|53/100|[from] drain|[of] p1a: Landorus
|
|-weather|SunnyDay|[upkeep]
|-heal|p2a: Conkeldurr|59/100|[from] item: Leftovers
|upkeep
|turn|15
|
|t:|1706685219
|move|p1a: Landorus|U-turn|p2a: Conkeldurr
|-resisted|p2a: Conkeldurr
|-damage|p2a: Conkeldurr|53/100
|
|t:|1706685221
|switch|p1a: Latios|Latios, M|57/100|[from] U-turn
|-damage|p1a: Latios|45/100|[from] Stealth Rock
|move|p2a: Conkeldurr|Drain Punch|p1a: Latios
|-resisted|p1a: Latios
|-damage|p1a: Latios|0 fnt
|-heal|p2a: Conkeldurr|69/100|[from] drain|[of] p1a: Latios
|faint|p1a: Latios
|
|-weather|SunnyDay|[upkeep]
|-heal|p2a: Conkeldurr|75/100|[from] item: Leftovers
|upkeep
|
|t:|1706685233
|switch|p1a: Thundurus|Thundurus-Therian, M|100/100
|-damage|p1a: Thundurus|76/100|[from] Stealth Rock
|turn|16
|
|t:|1706685242
|move|p1a: Thundurus|Focus Blast|p2a: Conkeldurr
|-damage|p2a: Conkeldurr|19/100
|move|p2a: Conkeldurr|Drain Punch|p1a: Thundurus
|-resisted|p1a: Thundurus
|-damage|p1a: Thundurus|31/100
|-heal|p2a: Conkeldurr|38/100|[from] drain|[of] p1a: Thundurus
|
|-weather|SunnyDay|[upkeep]
|-heal|p2a: Conkeldurr|44/100|[from] item: Leftovers
|upkeep
|turn|17
|
|t:|1706685254
|switch|p2a: Dragonite|Dragonite, M, shiny|100/100
|move|p1a: Thundurus|Focus Blast|p2a: Dragonite
|-resisted|p2a: Dragonite
|-damage|p2a: Dragonite|87/100
|
|-weather|SunnyDay|[upkeep]
|upkeep
|turn|18
|
|t:|1706685262
|move|p2a: Dragonite|Extreme Speed|p1a: Thundurus
|-damage|p1a: Thundurus|0 fnt
|faint|p1a: Thundurus
|
|-weather|SunnyDay|[upkeep]
|upkeep
|
|t:|1706685266
|switch|p1a: Cloyster|Cloyster, F|100/100
|-damage|p1a: Cloyster|76/100|[from] Stealth Rock
|turn|19
|
|t:|1706685271
|move|p2a: Dragonite|Outrage|p1a: Cloyster
|-damage|p1a: Cloyster|16/100
|move|p1a: Cloyster|Icicle Spear|p2a: Dragonite
|-supereffective|p2a: Dragonite
|-damage|p2a: Dragonite|35/100
|-supereffective|p2a: Dragonite
|-damage|p2a: Dragonite|0 fnt
|faint|p2a: Dragonite
|-hitcount|p2: Dragonite|2
|
|-weather|SunnyDay|[upkeep]
|upkeep
|
|t:|1706685274
|switch|p2a: Conkeldurr|Conkeldurr, F, shiny|44/100
|turn|20
|
|t:|1706685281
|move|p2a: Conkeldurr|Mach Punch|p1a: Cloyster
|-supereffective|p1a: Cloyster
|-crit|p1a: Cloyster
|-damage|p1a: Cloyster|0 fnt
|faint|p1a: Cloyster
|
|-weather|SunnyDay|[upkeep]
|-heal|p2a: Conkeldurr|50/100|[from] item: Leftovers
|upkeep
|
|t:|1706685290
|switch|p1a: Scizor|Scizor, M|51/100
|-damage|p1a: Scizor|39/100|[from] Stealth Rock
|turn|21
|
|t:|1706685295
|move|p1a: Scizor|Superpower|p2a: Conkeldurr
|-damage|p2a: Conkeldurr|11/100
|-unboost|p1a: Scizor|atk|1
|-unboost|p1a: Scizor|def|1
|move|p2a: Conkeldurr|Drain Punch|p1a: Scizor
|-damage|p1a: Scizor|0 fnt
|-heal|p2a: Conkeldurr|27/100|[from] drain|[of] p1a: Scizor
|faint|p1a: Scizor
|
|-weather|SunnyDay|[upkeep]
|-heal|p2a: Conkeldurr|33/100|[from] item: Leftovers
|upkeep
|
|t:|1706685305
|switch|p1a: Landorus|Landorus-Therian, M|38/100
|-damage|p1a: Landorus|26/100|[from] Stealth Rock
|-ability|p1a: Landorus|Intimidate|boost
|-unboost|p2a: Conkeldurr|atk|1
|turn|22
|
|t:|1706685311
|move|p2a: Conkeldurr|Mach Punch|p1a: Landorus
|-resisted|p1a: Landorus
|-damage|p1a: Landorus|18/100
|move|p1a: Landorus|Earthquake|p2a: Conkeldurr
|-damage|p2a: Conkeldurr|0 fnt
|faint|p2a: Conkeldurr
|
|win|minutemaid13
|raw|minutemaid13's rating: 1315 &rarr; <strong>1343</strong><br />(+28 for winning)
|raw|seanb143's rating: 1459 &rarr; <strong>1431</strong><br />(-28 for losing)
|l|☆seanb143
|player|p2|
