|j|☆Crimsonbacon38
|j|☆spliffdiff
|t:|1727885219
|gametype|singles
|player|p1|Crimsonbacon38|barry|1272
|player|p2|spliffdiff|scientist-gen4|1411
|teamsize|p1|6
|teamsize|p2|6
|gen|5
|tier|[Gen 5] OU
|rated|
|rule|Species Clause: Limit one of each Pokémon
|rule|OHKO Clause: OHKO moves are banned
|rule|Moody Clause: Moody is banned
|rule|Evasion Items Clause: Evasion items are banned
|rule|Evasion Moves Clause: Evasion moves are banned
|rule|Endless Battle Clause: Forcing endless battles is banned
|rule|HP Percentage Mod: HP is shown in percentages
|rule|Evasion Abilities Clause: Evasion abilities are banned
|rule|Sleep Moves Clause: Sleep-inducing moves are banned
|rule|Swagger Clause: Swagger is banned
|rule|Baton Pass Stat Clause: No Baton Passer may have a way to boost its stats
|clearpoke
|poke|p1|Politoed, M|item
|poke|p1|Latios, M|item
|poke|p1|Thundurus-Therian, M|item
|poke|p1|Ferrothorn, F|item
|poke|p1|Starmie|item
|poke|p1|Garchomp, M|item
|poke|p2|Honchkrow, M|item
|poke|p2|Terrakion|item
|poke|p2|Garchomp, F|item
|poke|p2|Conkeldurr, F|item
|poke|p2|Keldeo-Resolute|item
|poke|p2|Gengar, F|item
|teampreview
|inactive|Battle timer is ON: inactive players will automatically lose when time's up. (requested by spliffdiff)
|
|t:|1727885262
|start
|switch|p1a: Politoed|Politoed, M|100/100
|switch|p2a: Terrakion|Terrakion|100/100
|-weather|RainDance|[from] ability: Drizzle|[of] p1a: Politoed
|turn|1
|
|t:|1727885273
|move|p1a: Politoed|Surf|p2a: Terrakion
|-supereffective|p2a: Terrakion
|-enditem|p2a: Terrakion|Focus Sash
|-damage|p2a: Terrakion|1/100
|move|p2a: Terrakion|Stealth Rock|p1a: Politoed
|-sidestart|p1: Crimsonbacon38|move: Stealth Rock
|
|-weather|RainDance|[upkeep]
|upkeep
|turn|2
|
|t:|1727885282
|switch|p2a: Keldeo|Keldeo-Resolute|100/100
|move|p1a: Politoed|Surf|p2a: Keldeo
|-resisted|p2a: Keldeo
|-damage|p2a: Keldeo|67/100
|
|-weather|RainDance|[upkeep]
|upkeep
|turn|3
|
|t:|1727885288
|switch|p1a: Latios|Latios, M|100/100
|-damage|p1a: Latios|88/100|[from] Stealth Rock
|move|p2a: Keldeo|Secret Sword|p1a: Latios
|-resisted|p1a: Latios
|-damage|p1a: Latios|56/100
|
|-weather|RainDance|[upkeep]
|upkeep
|turn|4
|
|t:|1727885300
|switch|p2a: Terrakion|Terrakion|1/100
|move|p1a: Latios|Draco Meteor|p2a: Terrakion|[miss]
|-miss|p1a: Latios|p2a: Terrakion
|
|-weather|RainDance|[upkeep]
|upkeep
|turn|5
|
|t:|1727885313
|move|p1a: Latios|Draco Meteor|p2a: Terrakion
|-damage|p2a: Terrakion|0 fnt
|-unboost|p1a: Latios|spa|2
|faint|p2a: Terrakion
|
|-weather|RainDance|[upkeep]
|upkeep
|
|t:|1727885332
|switch|p2a: Honchkrow|Honchkrow, M|100/100
|turn|6
|
|t:|1727885338
|-activate|p1a: Latios|move: Pursuit
|move|p2a: Honchkrow|Pursuit|p1a: Latios|[from]Pursuit
|-supereffective|p1a: Latios
|-crit|p1a: Latios
|-damage|p1a: Latios|0 fnt
|faint|p1a: Latios
|-hint|A Pokemon can't switch between when it runs out of HP and when it faints
|
|-weather|RainDance|[upkeep]
|upkeep
|
|t:|1727885347
|switch|p1a: Garchomp|Garchomp, M|100/100
|-damage|p1a: Garchomp|94/100|[from] Stealth Rock
|turn|7
|
|t:|1727885357
|move|p1a: Garchomp|Stealth Rock|p2a: Honchkrow
|-sidestart|p2: spliffdiff|move: Stealth Rock
|move|p2a: Honchkrow|Brave Bird|p1a: Garchomp
|-crit|p1a: Garchomp
|-damage|p1a: Garchomp|0 fnt
|-damage|p2a: Honchkrow|88/100|[from] ability: Rough Skin|[of] p1a: Garchomp
|faint|p1a: Garchomp
|-damage|p2a: Honchkrow|60/100|[from] Recoil
|
|-weather|RainDance|[upkeep]
|upkeep
|
|t:|1727885376
|switch|p1a: Thundurus|Thundurus-Therian, M|100/100
|-damage|p1a: Thundurus|76/100|[from] Stealth Rock
|turn|8
|
|t:|1727885382
|move|p2a: Honchkrow|Sucker Punch||[still]
|-fail|p2a: Honchkrow
|move|p1a: Thundurus|Substitute|p1a: Thundurus
|-start|p1a: Thundurus|Substitute
|-damage|p1a: Thundurus|51/100
|
|-weather|RainDance|[upkeep]
|-heal|p1a: Thundurus|57/100|[from] item: Leftovers
|upkeep
|turn|9
|
|t:|1727885386
|move|p1a: Thundurus|Thunder|p2a: Honchkrow
|-supereffective|p2a: Honchkrow
|-damage|p2a: Honchkrow|0 fnt
|faint|p2a: Honchkrow
|
|-weather|RainDance|[upkeep]
|-heal|p1a: Thundurus|63/100|[from] item: Leftovers
|upkeep
|j| Dierzos
|l| Dierzos
|
|t:|1727885402
|switch|p2a: Keldeo|Keldeo-Resolute|67/100
|-damage|p2a: Keldeo|60/100|[from] Stealth Rock
|turn|10
|
|t:|1727885405
|move|p2a: Keldeo|Surf|p1a: Thundurus
|-end|p1a: Thundurus|Substitute
|move|p1a: Thundurus|Thunder|p2a: Keldeo
|-supereffective|p2a: Keldeo
|-damage|p2a: Keldeo|0 fnt
|faint|p2a: Keldeo
|
|-weather|RainDance|[upkeep]
|-heal|p1a: Thundurus|69/100|[from] item: Leftovers
|upkeep
|
|t:|1727885410
|switch|p2a: Gengar|Gengar, F|100/100
|-damage|p2a: Gengar|88/100|[from] Stealth Rock
|turn|11
|
|t:|1727885413
|move|p2a: Gengar|Hidden Power|p1a: Thundurus
|-supereffective|p1a: Thundurus
|-damage|p1a: Thundurus|0 fnt
|faint|p1a: Thundurus
|
|-weather|RainDance|[upkeep]
|upkeep
|
|t:|1727885422
|switch|p1a: Politoed|Politoed, M|100/100
|-damage|p1a: Politoed|88/100|[from] Stealth Rock
|turn|12
|
|t:|1727885429
|move|p1a: Politoed|Surf|p2a: Gengar
|-damage|p2a: Gengar|0 fnt
|faint|p2a: Gengar
|
|-weather|RainDance|[upkeep]
|upkeep
|
|t:|1727885435
|switch|p2a: Garchomp|Garchomp, F|100/100
|-damage|p2a: Garchomp|94/100|[from] Stealth Rock
|turn|13
|
|t:|1727885438
|switch|p1a: Ferrothorn|Ferrothorn, F|100/100
|-damage|p1a: Ferrothorn|94/100|[from] Stealth Rock
|move|p2a: Garchomp|Earthquake|p1a: Ferrothorn
|-damage|p1a: Ferrothorn|54/100
|
|-weather|RainDance|[upkeep]
|-heal|p1a: Ferrothorn|60/100|[from] item: Leftovers
|upkeep
|turn|14
|
|t:|1727885448
|switch|p2a: Conkeldurr|Conkeldurr, F|100/100
|-damage|p2a: Conkeldurr|94/100|[from] Stealth Rock
|move|p1a: Ferrothorn|Gyro Ball|p2a: Conkeldurr
|-crit|p2a: Conkeldurr
|-damage|p2a: Conkeldurr|56/100
|
|-weather|RainDance|[upkeep]
|-heal|p1a: Ferrothorn|67/100|[from] item: Leftovers
|upkeep
|turn|15
|
|t:|1727885454
|switch|p1a: Starmie|Starmie|100/100
|-damage|p1a: Starmie|88/100|[from] Stealth Rock
|-item|p1a: Starmie|Air Balloon
|move|p2a: Conkeldurr|Drain Punch|p1a: Starmie
|-resisted|p1a: Starmie
|-damage|p1a: Starmie|56/100
|-heal|p2a: Conkeldurr|68/100|[from] drain|[of] p1a: Starmie
|-enditem|p1a: Starmie|Air Balloon
|
|-weather|RainDance|[upkeep]
|upkeep
|turn|16
|
|t:|1727885462
|move|p1a: Starmie|Hydro Pump|p2a: Conkeldurr
|-damage|p2a: Conkeldurr|0 fnt
|faint|p2a: Conkeldurr
|
|-weather|RainDance|[upkeep]
|upkeep
|
|t:|1727885466
|switch|p2a: Garchomp|Garchomp, F|94/100
|-damage|p2a: Garchomp|88/100|[from] Stealth Rock
|turn|17
|
|t:|1727885467
|move|p2a: Garchomp|Outrage|p1a: Starmie
|-damage|p1a: Starmie|0 fnt
|faint|p1a: Starmie
|
|-weather|RainDance|[upkeep]
|upkeep
|
|t:|1727885471
|switch|p1a: Ferrothorn|Ferrothorn, F|67/100
|-damage|p1a: Ferrothorn|60/100|[from] Stealth Rock
|turn|18
|
|t:|1727885473
|move|p2a: Garchomp|Outrage|p1a: Ferrothorn|[from]lockedmove
|-resisted|p1a: Ferrothorn
|-damage|p1a: Ferrothorn|39/100
|-damage|p2a: Garchomp|76/100|[from] ability: Iron Barbs|[of] p1a: Ferrothorn
|move|p1a: Ferrothorn|Gyro Ball|p2a: Garchomp
|-crit|p2a: Garchomp
|-damage|p2a: Garchomp|0 fnt
|-damage|p1a: Ferrothorn|26/100|[from] ability: Rough Skin|[of] p2a: Garchomp
|faint|p2a: Garchomp
|
|win|Crimsonbacon38
|raw|Crimsonbacon38's rating: 1272 &rarr; <strong>1307</strong><br />(+35 for winning)
|raw|spliffdiff's rating: 1411 &rarr; <strong>1383</strong><br />(-28 for losing)
|l|☆spliffdiff
|player|p2|
|c|☆Crimsonbacon38|gg
