|j|☆Typhlito
|j|☆Pythagorean Python
|player|p1|Typhlito|#typhlito|1372
|player|p2|Pythagorean Python|159|1509
|teamsize|p1|6
|teamsize|p2|6
|gametype|singles
|gen|5
|tier|[Gen 5] OU
|rated|
|clearpoke
|poke|p1|Abomasnow, F|item
|poke|p1|Mamoswine, F|item
|poke|p1|Kyurem|item
|poke|p1|Excadrill, F|item
|poke|p1|Jirachi|item
|poke|p1|Jellicent, M|item
|poke|p2|Salamence, F|item
|poke|p2|Garchomp, F|item
|poke|p2|Meloetta|item
|poke|p2|Raikou|item
|poke|p2|Mienshao, F|item
|poke|p2|Jirachi|item
|rule|Species Clause: Limit one of each Pokémon
|rule|OHKO Clause: OHKO moves are banned
|rule|Moody Clause: Moody is banned
|rule|Evasion Moves Clause: Evasion moves are banned
|rule|Endless Battle Clause: Forcing endless battles is banned
|rule|HP Percentage Mod: HP is shown in percentages
|rule|Evasion Abilities Clause: Evasion abilities are banned
|rule|Baton Pass Clause: Limit one Baton Passer, can't pass Spe and other stats simultaneously
|rule|Sleep Clause: Sleep-inducing moves are banned
|rule|Swagger Clause: Swagger is banned
|teampreview
|
|start
|switch|p1a: Jirachi|Jirachi|100/100
|switch|p2a: Jirachi|Jirachi|100/100
|turn|1
|
|move|p1a: Jirachi|U-turn|p2a: Jirachi
|-damage|p2a: Jirachi|80/100
|
|switch|p1a: Excadrill|Excadrill, F|100/100|[from]move: U-turn
|-ability|p1a: Excadrill|Mold Breaker
|move|p2a: Jirachi|Stealth Rock|p1a: Excadrill
|-sidestart|p1: Typhlito|move: Stealth Rock
|
|-heal|p2a: Jirachi|86/100|[from] item: Leftovers
|upkeep
|turn|2
|
|switch|p2a: Salamence|Salamence, F|100/100
|-ability|p2a: Salamence|Intimidate|boost
|-unboost|p1a: Excadrill|atk|1
|move|p1a: Excadrill|Rapid Spin|p2a: Salamence
|-damage|p2a: Salamence|96/100
|-sideend|p1: Typhlito|Stealth Rock|[from] move: Rapid Spin|[of] p1a: Excadrill
|
|upkeep
|turn|3
|
|switch|p1a: Abomasnow|Abomasnow, F|100/100
|-weather|Hail|[from] ability: Snow Warning|[of] p1a: Abomasnow
|move|p2a: Salamence|Fire Blast|p1a: Abomasnow
|-supereffective|p1a: Abomasnow
|-damage|p1a: Abomasnow|0 fnt
|faint|p1a: Abomasnow
|
|-weather|Hail|[upkeep]
|-damage|p2a: Salamence|90/100|[from] Hail
|upkeep
|
|switch|p1a: Mamoswine|Mamoswine, F|100/100
|turn|4
|
|move|p2a: Salamence|Hydro Pump|p1a: Mamoswine
|-supereffective|p1a: Mamoswine
|-enditem|p1a: Mamoswine|Focus Sash
|-damage|p1a: Mamoswine|1/100
|move|p1a: Mamoswine|Stealth Rock|p2a: Salamence
|-sidestart|p2: Pythagorean Python|move: Stealth Rock
|
|-weather|Hail|[upkeep]
|-damage|p2a: Salamence|84/100|[from] Hail
|upkeep
|turn|5
|
|switch|p2a: Jirachi|Jirachi|86/100
|-damage|p2a: Jirachi|80/100|[from] Stealth Rock
|move|p1a: Mamoswine|Ice Shard|p2a: Jirachi
|-resisted|p2a: Jirachi
|-damage|p2a: Jirachi|68/100
|
|-weather|Hail|[upkeep]
|-damage|p2a: Jirachi|62/100|[from] Hail
|-heal|p2a: Jirachi|68/100|[from] item: Leftovers
|upkeep
|turn|6
|
|switch|p1a: Excadrill|Excadrill, F|100/100
|-ability|p1a: Excadrill|Mold Breaker
|move|p2a: Jirachi|Fire Punch|p1a: Excadrill
|-supereffective|p1a: Excadrill
|-damage|p1a: Excadrill|48/100
|
|-weather|Hail|[upkeep]
|-damage|p2a: Jirachi|62/100|[from] Hail
|-damage|p1a: Excadrill|42/100|[from] Hail
|-heal|p2a: Jirachi|68/100|[from] item: Leftovers
|-heal|p1a: Excadrill|48/100|[from] item: Leftovers
|upkeep
|turn|7
|
|switch|p2a: Salamence|Salamence, F|84/100
|-damage|p2a: Salamence|59/100|[from] Stealth Rock
|-ability|p2a: Salamence|Intimidate|boost
|-unboost|p1a: Excadrill|atk|1
|move|p1a: Excadrill|Earthquake|p2a: Salamence
|-immune|p2a: Salamence
|
|-weather|Hail|[upkeep]
|-damage|p2a: Salamence|53/100|[from] Hail
|-damage|p1a: Excadrill|42/100|[from] Hail
|-heal|p1a: Excadrill|48/100|[from] item: Leftovers
|upkeep
|turn|8
|
|move|p1a: Excadrill|Protect|p1a: Excadrill
|-singleturn|p1a: Excadrill|Protect
|move|p2a: Salamence|Roost|p2a: Salamence
|-heal|p2a: Salamence|100/100
|-singleturn|p2a: Salamence|move: Roost
|
|-weather|Hail|[upkeep]
|-damage|p2a: Salamence|94/100|[from] Hail
|-damage|p1a: Excadrill|42/100|[from] Hail
|-heal|p1a: Excadrill|48/100|[from] item: Leftovers
|upkeep
|turn|9
|
|switch|p1a: Kyurem|Kyurem|100/100
|-ability|p1a: Kyurem|Pressure
|move|p2a: Salamence|Fire Blast|p1a: Kyurem
|-damage|p1a: Kyurem|64/100
|
|-weather|Hail|[upkeep]
|-damage|p2a: Salamence|88/100|[from] Hail
|-heal|p1a: Kyurem|70/100|[from] item: Leftovers
|upkeep
|turn|10
|
|switch|p1a: Jirachi|Jirachi|100/100
|move|p2a: Salamence|Draco Meteor|p1a: Jirachi
|-resisted|p1a: Jirachi
|-damage|p1a: Jirachi|72/100
|-unboost|p2a: Salamence|spa|2
|
|-weather|Hail|[upkeep]
|-damage|p1a: Jirachi|66/100|[from] Hail
|-damage|p2a: Salamence|82/100|[from] Hail
|upkeep
|turn|11
|
|switch|p2a: Jirachi|Jirachi|68/100
|-damage|p2a: Jirachi|62/100|[from] Stealth Rock
|move|p1a: Jirachi|Ice Punch|p2a: Jirachi
|-resisted|p2a: Jirachi
|-damage|p2a: Jirachi|52/100
|
|-weather|Hail|[upkeep]
|-damage|p1a: Jirachi|60/100|[from] Hail
|-damage|p2a: Jirachi|46/100|[from] Hail
|-heal|p2a: Jirachi|52/100|[from] item: Leftovers
|upkeep
|turn|12
|
|switch|p1a: Excadrill|Excadrill, F|48/100
|-ability|p1a: Excadrill|Mold Breaker
|move|p2a: Jirachi|Stealth Rock|p1a: Excadrill
|-sidestart|p1: Typhlito|move: Stealth Rock
|
|-weather|Hail|[upkeep]
|-damage|p2a: Jirachi|46/100|[from] Hail
|-damage|p1a: Excadrill|42/100|[from] Hail
|-heal|p2a: Jirachi|52/100|[from] item: Leftovers
|-heal|p1a: Excadrill|48/100|[from] item: Leftovers
|upkeep
|turn|13
|
|move|p2a: Jirachi|Fire Punch|p1a: Excadrill
|-supereffective|p1a: Excadrill
|-damage|p1a: Excadrill|0 fnt
|faint|p1a: Excadrill
|
|-weather|Hail|[upkeep]
|-damage|p2a: Jirachi|46/100|[from] Hail
|-heal|p2a: Jirachi|52/100|[from] item: Leftovers
|upkeep
|
|switch|p1a: Jellicent|Jellicent, M|100/100
|-damage|p1a: Jellicent|88/100|[from] Stealth Rock
|turn|14
|
|move|p2a: Jirachi|Thunder Punch|p1a: Jellicent
|-supereffective|p1a: Jellicent
|-damage|p1a: Jellicent|51/100
|move|p1a: Jellicent|Will-O-Wisp|p2a: Jirachi|[miss]
|-miss|p1a: Jellicent|p2a: Jirachi
|
|-weather|Hail|[upkeep]
|-damage|p2a: Jirachi|46/100|[from] Hail
|-damage|p1a: Jellicent|44/100|[from] Hail
|-heal|p2a: Jirachi|52/100|[from] item: Leftovers
|-heal|p1a: Jellicent|51/100|[from] item: Leftovers
|upkeep
|turn|15
|
|move|p2a: Jirachi|Thunder Punch|p1a: Jellicent
|-supereffective|p1a: Jellicent
|-damage|p1a: Jellicent|9/100
|move|p1a: Jellicent|Recover|p1a: Jellicent
|-heal|p1a: Jellicent|59/100
|
|-weather|Hail|[upkeep]
|-damage|p2a: Jirachi|46/100|[from] Hail
|-damage|p1a: Jellicent|53/100|[from] Hail
|-heal|p2a: Jirachi|52/100|[from] item: Leftovers
|-heal|p1a: Jellicent|59/100|[from] item: Leftovers
|upkeep
|turn|16
|
|switch|p2a: Meloetta|Meloetta|100/100
|-damage|p2a: Meloetta|88/100|[from] Stealth Rock
|move|p1a: Jellicent|Recover|p1a: Jellicent
|-heal|p1a: Jellicent|100/100
|
|-weather|Hail|[upkeep]
|-damage|p2a: Meloetta|82/100|[from] Hail
|-damage|p1a: Jellicent|94/100|[from] Hail
|-heal|p2a: Meloetta|88/100|[from] item: Leftovers
|-heal|p1a: Jellicent|100/100|[from] item: Leftovers
|upkeep
|turn|17
|
|switch|p1a: Jirachi|Jirachi|60/100
|-damage|p1a: Jirachi|54/100|[from] Stealth Rock
|move|p2a: Meloetta|Shadow Ball|p1a: Jirachi
|-damage|p1a: Jirachi|24/100
|-unboost|p1a: Jirachi|spd|1
|
|-weather|Hail|[upkeep]
|-damage|p1a: Jirachi|18/100|[from] Hail
|-damage|p2a: Meloetta|82/100|[from] Hail
|-heal|p2a: Meloetta|88/100|[from] item: Leftovers
|upkeep
|turn|18
|
|switch|p2a: Jirachi|Jirachi|52/100
|-damage|p2a: Jirachi|46/100|[from] Stealth Rock
|move|p1a: Jirachi|Healing Wish|p1a: Jirachi
|faint|p1a: Jirachi
|
|-weather|Hail|[upkeep]
|-damage|p2a: Jirachi|40/100|[from] Hail
|-heal|p2a: Jirachi|46/100|[from] item: Leftovers
|upkeep
|
|switch|p1a: Mamoswine|Mamoswine, F|1/100
|-heal|p1a: Mamoswine|100/100|[from] move: Healing Wish
|-damage|p1a: Mamoswine|88/100|[from] Stealth Rock
|turn|19
|
|move|p2a: Jirachi|Iron Head|p1a: Mamoswine
|-supereffective|p1a: Mamoswine
|-damage|p1a: Mamoswine|2/100
|cant|p1a: Mamoswine|flinch
|
|-weather|Hail|[upkeep]
|-damage|p2a: Jirachi|40/100|[from] Hail
|-heal|p2a: Jirachi|46/100|[from] item: Leftovers
|upkeep
|turn|20
|c|☆Pythagorean Python|oh
|c|☆Typhlito|well..ive been throughly beaten
|c|☆Typhlito|gg
|c|☆Pythagorean Python|gg
|-message|Typhlito forfeited.
|
|win|Pythagorean Python
|l|☆Typhlito
|c|☆Pythagorean Python|I didn't know that Healing Wish mechanic
|raw|Typhlito's rating: 1373 &rarr; <strong>1360</strong><br />(-13 for losing)
|raw|Pythagorean Python's rating: 1509 &rarr; <strong>1521</strong><br />(+12 for winning)
