|j|☆WeR#4Hay!
|j|☆BookofConke
|t:|1702359367
|gametype|singles
|player|p1|WeR#4Hay!|102|1545
|player|p2|BookofConke|silver-masters|1576
|teamsize|p1|6
|teamsize|p2|6
|gen|5
|tier|[Gen 5] OU
|rated|
|rule|Species Clause: Limit one of each Pokémon
|rule|OHKO Clause: OHKO moves are banned
|rule|Moody Clause: Moody is banned
|rule|Evasion Items Clause: Evasion items are banned
|rule|Evasion Moves Clause: Evasion moves are banned
|rule|Endless Battle Clause: Forcing endless battles is banned
|rule|HP Percentage Mod: HP is shown in percentages
|rule|Evasion Abilities Clause: Evasion abilities are banned
|rule|Sleep Moves Clause: Sleep-inducing moves are banned
|rule|Swagger Clause: Swagger is banned
|rule|Baton Pass Stat Clause: No Baton Passer may have a way to boost its stats
|clearpoke
|poke|p1|Tyranitar, M|item
|poke|p1|Alakazam, M|item
|poke|p1|Latios, M|item
|poke|p1|Ferrothorn, M|item
|poke|p1|Landorus-Therian, M|item
|poke|p1|Rotom-Wash|item
|poke|p2|Kyurem-Black|item
|poke|p2|Garchomp, M|item
|poke|p2|Magnezone|item
|poke|p2|Salamence, M|item
|poke|p2|Scizor, F|item
|poke|p2|Starmie|item
|teampreview
|
|t:|1702359377
|start
|switch|p1a: Terrence Fletcher|Latios, M|100/100
|switch|p2a: Garchomp|Garchomp, M|100/100
|turn|1
|
|t:|1702359384
|switch|p2a: Scizor|Scizor, F|100/100
|move|p1a: Terrence Fletcher|Draco Meteor|p2a: Scizor
|-resisted|p2a: Scizor
|-damage|p2a: Scizor|44/100
|-unboost|p1a: Terrence Fletcher|spa|2
|
|upkeep
|turn|2
|
|t:|1702359399
|-activate|p1a: Terrence Fletcher|move: Pursuit
|move|p2a: Scizor|Pursuit|p1a: Terrence Fletcher|[from]Pursuit
|-supereffective|p1a: Terrence Fletcher
|-damage|p1a: Terrence Fletcher|0 fnt
|faint|p1a: Terrence Fletcher
|-hint|A Pokemon can't switch between when it runs out of HP and when it faints
|
|upkeep
|
|t:|1702359403
|switch|p1a: Stephen Stills|Rotom-Wash|100/100
|turn|3
|
|t:|1702359421
|switch|p2a: Kyurem|Kyurem-Black|100/100
|-ability|p2a: Kyurem|Teravolt
|move|p1a: Stephen Stills|Volt Switch|p2a: Kyurem
|-resisted|p2a: Kyurem
|-damage|p2a: Kyurem|90/100
|
|t:|1702359426
|switch|p1a: Phillip Wittebane|Tyranitar, M|100/100|[from] Volt Switch
|-weather|Sandstorm|[from] ability: Sand Stream|[of] p1a: Phillip Wittebane
|
|-weather|Sandstorm|[upkeep]
|-damage|p2a: Kyurem|84/100|[from] Sandstorm
|upkeep
|turn|4
|
|t:|1702359439
|switch|p2a: Scizor|Scizor, F|44/100
|switch|p1a: Paul Giamatti|Ferrothorn, M|100/100
|
|-weather|Sandstorm|[upkeep]
|upkeep
|turn|5
|
|t:|1702359448
|switch|p1a: Helga|Landorus-Therian, M|100/100
|-ability|p1a: Helga|Intimidate|boost
|-unboost|p2a: Scizor|atk|1
|move|p2a: Scizor|U-turn|p1a: Helga
|-resisted|p1a: Helga
|-damage|p1a: Helga|80/100
|
|t:|1702359477
|switch|p2a: Garchomp|Garchomp, M|100/100|[from] U-turn
|
|-weather|Sandstorm|[upkeep]
|-heal|p1a: Helga|87/100|[from] item: Leftovers
|upkeep
|turn|6
|
|t:|1702359487
|move|p2a: Garchomp|Swords Dance|p2a: Garchomp
|-boost|p2a: Garchomp|atk|2
|move|p1a: Helga|Hidden Power|p2a: Garchomp
|-supereffective|p2a: Garchomp
|-enditem|p2a: Garchomp|Yache Berry|[eat]
|-enditem|p2a: Garchomp|Yache Berry|[weaken]
|-damage|p2a: Garchomp|62/100
|
|-weather|Sandstorm|[upkeep]
|-heal|p1a: Helga|93/100|[from] item: Leftovers
|upkeep
|turn|7
|
|t:|1702359505
|switch|p1a: Paul Giamatti|Ferrothorn, M|100/100
|move|p2a: Garchomp|Outrage|p1a: Paul Giamatti
|-resisted|p1a: Paul Giamatti
|-crit|p1a: Paul Giamatti
|-damage|p1a: Paul Giamatti|14/100
|-damage|p2a: Garchomp|50/100|[from] ability: Iron Barbs|[of] p1a: Paul Giamatti
|
|-weather|Sandstorm|[upkeep]
|-heal|p1a: Paul Giamatti|20/100|[from] item: Leftovers
|upkeep
|turn|8
|
|t:|1702359514
|move|p2a: Garchomp|Outrage|p1a: Paul Giamatti|[from]lockedmove
|-resisted|p1a: Paul Giamatti
|-crit|p1a: Paul Giamatti
|-damage|p1a: Paul Giamatti|0 fnt
|-damage|p2a: Garchomp|37/100|[from] ability: Iron Barbs|[of] p1a: Paul Giamatti
|faint|p1a: Paul Giamatti
|
|-weather|Sandstorm|[upkeep]
|upkeep
|
|t:|1702359518
|switch|p1a: Helga|Landorus-Therian, M|93/100
|-ability|p1a: Helga|Intimidate|boost
|-unboost|p2a: Garchomp|atk|1
|turn|9
|
|t:|1702359523
|move|p1a: Helga|Protect|p1a: Helga
|-singleturn|p1a: Helga|Protect
|move|p2a: Garchomp|Outrage|p1a: Helga|[from]lockedmove
|-activate|p1a: Helga|move: Protect
|-start|p2a: Garchomp|confusion|[fatigue]
|
|-weather|Sandstorm|[upkeep]
|-heal|p1a: Helga|99/100|[from] item: Leftovers
|upkeep
|turn|10
|
|t:|1702359538
|-activate|p2a: Garchomp|confusion
|-damage|p2a: Garchomp|16/100|[from] confusion
|move|p1a: Helga|Earthquake|p2a: Garchomp
|-damage|p2a: Garchomp|0 fnt
|faint|p2a: Garchomp
|
|-weather|Sandstorm|[upkeep]
|-heal|p1a: Helga|100/100|[from] item: Leftovers
|upkeep
|
|t:|1702359550
|switch|p2a: Kyurem|Kyurem-Black|84/100
|-ability|p2a: Kyurem|Teravolt
|turn|11
|
|t:|1702359559
|move|p1a: Helga|Protect|p1a: Helga
|-singleturn|p1a: Helga|Protect
|move|p2a: Kyurem|Outrage|p1a: Helga
|-activate|p1a: Helga|move: Protect
|
|-weather|Sandstorm|[upkeep]
|-damage|p2a: Kyurem|77/100|[from] Sandstorm
|upkeep
|turn|12
|
|t:|1702359587
|move|p1a: Helga|Earthquake|p2a: Kyurem
|-damage|p2a: Kyurem|43/100
|move|p2a: Kyurem|Outrage|p1a: Helga
|-damage|p1a: Helga|0 fnt
|faint|p1a: Helga
|
|-weather|Sandstorm|[upkeep]
|-damage|p2a: Kyurem|37/100|[from] Sandstorm
|upkeep
|
|t:|1702359592
|switch|p1a: Ice Cream Man|Alakazam, M|100/100
|turn|13
|
|t:|1702359597
|move|p1a: Ice Cream Man|Psychic|p2a: Kyurem
|-damage|p2a: Kyurem|0 fnt
|faint|p2a: Kyurem
|
|-weather|Sandstorm|[upkeep]
|upkeep
|
|t:|1702359605
|switch|p2a: Magnezone|Magnezone|100/100
|turn|14
|
|t:|1702359610
|switch|p1a: Phillip Wittebane|Tyranitar, M|100/100
|move|p2a: Magnezone|Volt Switch|p1a: Phillip Wittebane
|-damage|p1a: Phillip Wittebane|84/100
|
|t:|1702359629
|switch|p2a: Scizor|Scizor, F|44/100|[from] Volt Switch
|
|-weather|Sandstorm|[upkeep]
|upkeep
|turn|15
|
|t:|1702359633
|move|p2a: Scizor|U-turn|p1a: Phillip Wittebane
|-supereffective|p1a: Phillip Wittebane
|-damage|p1a: Phillip Wittebane|0 fnt
|faint|p1a: Phillip Wittebane
|
|t:|1702359650
|switch|p2a: Magnezone|Magnezone|100/100|[from] U-turn
|
|-weather|Sandstorm|[upkeep]
|upkeep
|-message|WeR#4Hay! forfeited.
|
|win|BookofConke
|raw|WeR#4Hay!'s rating: 1545 &rarr; <strong>1527</strong><br />(-18 for losing)
|raw|BookofConke's rating: 1576 &rarr; <strong>1594</strong><br />(+18 for winning)
|l|☆WeR#4Hay!
