|j|☆kobepayne
|j|☆da capo if
|player|p1|kobepayne|dahlia|1610
|player|p2|da capo if|170|1459
|teamsize|p1|6
|teamsize|p2|6
|gametype|singles
|gen|5
|tier|[Gen 5] OU
|rated|
|clearpoke
|poke|p1|Tyranitar, F|item
|poke|p1|Garchomp, M|item
|poke|p1|Rotom-Wash|item
|poke|p1|Landorus-Therian, M|item
|poke|p1|Ferrothorn, F|item
|poke|p1|Alakazam, F|item
|poke|p2|Mamoswine, M|item
|poke|p2|Rotom-Wash|item
|poke|p2|Excadrill, M|item
|poke|p2|Amoonguss, F|item
|poke|p2|Tyranitar, F|item
|poke|p2|Landorus-Therian, M|item
|rule|Species Clause: Limit one of each Pokémon
|rule|OHKO Clause: OHKO moves are banned
|rule|Moody Clause: Moody is banned
|rule|Evasion Moves Clause: Evasion moves are banned
|rule|Endless Battle Clause: Forcing endless battles is banned
|rule|HP Percentage Mod: HP is shown in percentages
|rule|Evasion Abilities Clause: Evasion abilities are banned
|rule|Baton Pass Clause: Limit one Baton Passer, can't pass Spe and other stats simultaneously
|rule|Sleep Clause: Sleep-inducing moves are banned
|rule|Swagger Clause: Swagger is banned
|teampreview
|inactive|Battle timer is ON: inactive players will automatically lose when time's up. (requested by da capo if)
|
|start
|switch|p1a: Ferrothorn|Ferrothorn, F|100/100
|switch|p2a: Landorus|Landorus-Therian, M|100/100
|-ability|p2a: Landorus|Intimidate|boost
|-unboost|p1a: Ferrothorn|atk|1
|turn|1
|
|move|p2a: Landorus|Superpower|p1a: Ferrothorn
|-supereffective|p1a: Ferrothorn
|-damage|p1a: Ferrothorn|40/100
|-unboost|p2a: Landorus|atk|1
|-unboost|p2a: Landorus|def|1
|-damage|p2a: Landorus|88/100|[from] ability: Iron Barbs|[of] p1a: Ferrothorn
|move|p1a: Ferrothorn|Knock Off|p2a: Landorus
|-damage|p2a: Landorus|83/100
|-enditem|p2a: Landorus|Choice Scarf|[from] move: Knock Off|[of] p1a: Ferrothorn
|
|-heal|p1a: Ferrothorn|47/100|[from] item: Leftovers
|upkeep
|turn|2
|
|switch|p1a: Landorus|Landorus-Therian, M|100/100
|-ability|p1a: Landorus|Intimidate|boost
|-unboost|p2a: Landorus|atk|1
|move|p2a: Landorus|Superpower|p1a: Landorus
|-resisted|p1a: Landorus
|-damage|p1a: Landorus|91/100
|-unboost|p2a: Landorus|atk|1
|-unboost|p2a: Landorus|def|1
|
|upkeep
|turn|3
|
|switch|p2a: Rotom|Rotom-Wash|100/100
|move|p1a: Landorus|U-turn|p2a: Rotom
|-damage|p2a: Rotom|77/100
|
|switch|p1a: Ferrothorn|Ferrothorn, F|47/100|[from]move: U-turn
|
|-heal|p2a: Rotom|83/100|[from] item: Leftovers
|-heal|p1a: Ferrothorn|53/100|[from] item: Leftovers
|upkeep
|turn|4
|
|move|p2a: Rotom|Will-O-Wisp|p1a: Ferrothorn
|-status|p1a: Ferrothorn|brn
|move|p1a: Ferrothorn|Power Whip|p2a: Rotom|[miss]
|-miss|p1a: Ferrothorn|p2a: Rotom
|
|-heal|p2a: Rotom|89/100|[from] item: Leftovers
|-heal|p1a: Ferrothorn|59/100 brn|[from] item: Leftovers
|-damage|p1a: Ferrothorn|47/100 brn|[from] brn
|upkeep
|turn|5
|
|move|p2a: Rotom|Volt Switch|p1a: Ferrothorn
|-resisted|p1a: Ferrothorn
|-crit|p1a: Ferrothorn
|-damage|p1a: Ferrothorn|24/100 brn
|
|switch|p2a: Excadrill|Excadrill, M|100/100|[from]move: Volt Switch
|move|p1a: Ferrothorn|Knock Off|p2a: Excadrill
|-resisted|p2a: Excadrill
|-damage|p2a: Excadrill|99/100
|-enditem|p2a: Excadrill|Leftovers|[from] move: Knock Off|[of] p1a: Ferrothorn
|
|-heal|p1a: Ferrothorn|31/100 brn|[from] item: Leftovers
|-damage|p1a: Ferrothorn|18/100 brn|[from] brn
|upkeep
|turn|6
|
|switch|p1a: Rotom|Rotom-Wash|100/100
|move|p2a: Excadrill|Earthquake|p1a: Rotom
|-immune|p1a: Rotom|[from] ability: Levitate
|
|upkeep
|turn|7
|
|move|p2a: Excadrill|Protect|p2a: Excadrill
|-singleturn|p2a: Excadrill|Protect
|move|p1a: Rotom|Will-O-Wisp|p2a: Excadrill
|-activate|p2a: Excadrill|move: Protect
|
|upkeep
|turn|8
|
|switch|p2a: Amoonguss|Amoonguss, F|100/100
|move|p1a: Rotom|Will-O-Wisp|p2a: Amoonguss|[miss]
|-miss|p1a: Rotom|p2a: Amoonguss
|
|upkeep
|turn|9
|
|move|p1a: Rotom|Will-O-Wisp|p2a: Amoonguss
|-status|p2a: Amoonguss|brn
|move|p2a: Amoonguss|Stun Spore|p1a: Rotom
|-status|p1a: Rotom|par
|
|-damage|p2a: Amoonguss|88/100 brn|[from] brn
|upkeep
|turn|10
|
|move|p2a: Amoonguss|Giga Drain|p1a: Rotom
|-supereffective|p1a: Rotom
|-crit|p1a: Rotom
|-damage|p1a: Rotom|31/100 par
|-heal|p2a: Amoonguss|100/100 brn|[from] drain|[of] p1a: Rotom
|move|p1a: Rotom|Volt Switch|p2a: Amoonguss
|-resisted|p2a: Amoonguss
|-damage|p2a: Amoonguss|88/100 brn
|c|☆kobepayne|enter the lottery
|
|switch|p1a: Alakazam|Alakazam, F|100/100|[from]move: Volt Switch
|
|-heal|p2a: Amoonguss|94/100 brn|[from] item: Black Sludge
|-damage|p2a: Amoonguss|82/100 brn|[from] brn
|upkeep
|turn|11
|
|switch|p2a: Tyranitar|Tyranitar, F|100/100
|-weather|Sandstorm|[from] ability: Sand Stream|[of] p2a: Tyranitar
|move|p1a: Alakazam|Substitute|p1a: Alakazam
|-start|p1a: Alakazam|Substitute
|-damage|p1a: Alakazam|76/100
|
|-weather|Sandstorm|[upkeep]
|upkeep
|turn|12
|
|move|p1a: Alakazam|Grass Knot|p2a: Tyranitar
|-supereffective|p2a: Tyranitar
|-crit|p2a: Tyranitar
|-damage|p2a: Tyranitar|6/100
|move|p2a: Tyranitar|Crunch|p1a: Alakazam
|-supereffective|p1a: Alakazam
|-end|p1a: Alakazam|Substitute
|
|-weather|Sandstorm|[upkeep]
|upkeep
|turn|13
|
|switch|p2a: Excadrill|Excadrill, M|99/100
|move|p1a: Alakazam|Grass Knot|p2a: Excadrill
|-damage|p2a: Excadrill|60/100
|
|-weather|Sandstorm|[upkeep]
|upkeep
|turn|14
|
|switch|p1a: Rotom|Rotom-Wash|31/100 par
|move|p2a: Excadrill|Iron Head|p1a: Rotom
|-resisted|p1a: Rotom
|-damage|p1a: Rotom|18/100 par
|
|-weather|Sandstorm|[upkeep]
|-damage|p1a: Rotom|12/100 par|[from] Sandstorm
|-heal|p1a: Rotom|18/100 par|[from] item: Leftovers
|upkeep
|turn|15
|
|move|p2a: Excadrill|Iron Head|p1a: Rotom
|-resisted|p1a: Rotom
|-damage|p1a: Rotom|3/100 par
|move|p1a: Rotom|Pain Split|p2a: Excadrill
|-sethp|p2a: Excadrill|31/100|[from] move: Pain Split|[silent]
|-sethp|p1a: Rotom|37/100 par|[from] move: Pain Split
|
|-weather|Sandstorm|[upkeep]
|-damage|p1a: Rotom|31/100 par|[from] Sandstorm
|-heal|p1a: Rotom|37/100 par|[from] item: Leftovers
|upkeep
|turn|16
|
|switch|p2a: Amoonguss|Amoonguss, F|100/100 brn
|cant|p1a: Rotom|par
|
|-weather|Sandstorm|[upkeep]
|-damage|p2a: Amoonguss|94/100 brn|[from] Sandstorm
|-damage|p1a: Rotom|31/100 par|[from] Sandstorm
|-heal|p2a: Amoonguss|100/100 brn|[from] item: Black Sludge
|-heal|p1a: Rotom|37/100 par|[from] item: Leftovers
|-damage|p2a: Amoonguss|88/100 brn|[from] brn
|upkeep
|turn|17
|
|switch|p1a: Ferrothorn|Ferrothorn, F|18/100 brn
|move|p2a: Amoonguss|Giga Drain|p1a: Ferrothorn
|-resisted|p1a: Ferrothorn
|-damage|p1a: Ferrothorn|14/100 brn
|-heal|p2a: Amoonguss|90/100 brn|[from] drain|[of] p1a: Ferrothorn
|
|-weather|Sandstorm|[upkeep]
|-damage|p2a: Amoonguss|84/100 brn|[from] Sandstorm
|-heal|p2a: Amoonguss|90/100 brn|[from] item: Black Sludge
|-heal|p1a: Ferrothorn|20/100 brn|[from] item: Leftovers
|-damage|p2a: Amoonguss|77/100 brn|[from] brn
|-damage|p1a: Ferrothorn|8/100 brn|[from] brn
|upkeep
|turn|18
|
|switch|p1a: Alakazam|Alakazam, F|76/100
|move|p2a: Amoonguss|Hidden Power|p1a: Alakazam
|-crit|p1a: Alakazam
|-damage|p1a: Alakazam|31/100
|
|-weather|Sandstorm|[upkeep]
|-damage|p2a: Amoonguss|71/100 brn|[from] Sandstorm
|-heal|p2a: Amoonguss|77/100 brn|[from] item: Black Sludge
|-damage|p2a: Amoonguss|65/100 brn|[from] brn
|upkeep
|turn|19
|
|switch|p2a: Tyranitar|Tyranitar, F|6/100
|move|p1a: Alakazam|Psychic|p2a: Tyranitar
|-immune|p2a: Tyranitar
|
|-weather|Sandstorm|[upkeep]
|upkeep
|turn|20
|
|move|p1a: Alakazam|Grass Knot|p2a: Tyranitar
|-supereffective|p2a: Tyranitar
|-damage|p2a: Tyranitar|0 fnt
|faint|p2a: Tyranitar
|
|-weather|Sandstorm|[upkeep]
|upkeep
|
|switch|p2a: Mamoswine|Mamoswine, M|100/100
|turn|21
|
|switch|p1a: Tyranitar|Tyranitar, F|100/100
|move|p2a: Mamoswine|Ice Shard|p1a: Tyranitar
|-damage|p1a: Tyranitar|77/100
|
|-weather|Sandstorm|[upkeep]
|upkeep
|turn|22
|
|switch|p2a: Landorus|Landorus-Therian, M|83/100
|-ability|p2a: Landorus|Intimidate|boost
|-unboost|p1a: Tyranitar|atk|1
|move|p1a: Tyranitar|Superpower|p2a: Landorus
|-resisted|p2a: Landorus
|-damage|p2a: Landorus|66/100
|-unboost|p1a: Tyranitar|atk|1
|-unboost|p1a: Tyranitar|def|1
|
|-weather|Sandstorm|[upkeep]
|upkeep
|turn|23
|
|switch|p1a: Landorus|Landorus-Therian, M|91/100
|-ability|p1a: Landorus|Intimidate|boost
|-unboost|p2a: Landorus|atk|1
|move|p2a: Landorus|U-turn|p1a: Landorus
|-resisted|p1a: Landorus
|-damage|p1a: Landorus|83/100
|
|switch|p2a: Mamoswine|Mamoswine, M|100/100|[from]move: U-turn
|
|-weather|Sandstorm|[upkeep]
|upkeep
|turn|24
|
|switch|p1a: Ferrothorn|Ferrothorn, F|8/100 brn
|move|p2a: Mamoswine|Ice Shard|p1a: Ferrothorn
|-damage|p1a: Ferrothorn|0 fnt
|faint|p1a: Ferrothorn
|
|-weather|Sandstorm|[upkeep]
|upkeep
|
|switch|p1a: Rotom|Rotom-Wash|37/100 par
|turn|25
|
|switch|p2a: Rotom|Rotom-Wash|89/100
|move|p1a: Rotom|Pain Split|p2a: Rotom
|-sethp|p2a: Rotom|63/100|[from] move: Pain Split|[silent]
|-sethp|p1a: Rotom|62/100 par|[from] move: Pain Split
|
|-weather|Sandstorm|[upkeep]
|-damage|p2a: Rotom|57/100|[from] Sandstorm
|-damage|p1a: Rotom|56/100 par|[from] Sandstorm
|-heal|p2a: Rotom|63/100|[from] item: Leftovers
|-heal|p1a: Rotom|62/100 par|[from] item: Leftovers
|upkeep
|turn|26
|
|switch|p1a: Garchomp|Garchomp, M|100/100
|move|p2a: Rotom|Volt Switch|p1a: Garchomp
|-immune|p1a: Garchomp
|
|-weather|Sandstorm|[upkeep]
|-damage|p2a: Rotom|57/100|[from] Sandstorm
|-heal|p2a: Rotom|63/100|[from] item: Leftovers
|upkeep
|turn|27
|
|move|p1a: Garchomp|Draco Meteor|p2a: Rotom
|-damage|p2a: Rotom|0 fnt
|-unboost|p1a: Garchomp|spa|2
|-damage|p1a: Garchomp|91/100|[from] item: Life Orb
|faint|p2a: Rotom
|
|-weather|Sandstorm|[upkeep]
|upkeep
|
|switch|p2a: Mamoswine|Mamoswine, M|100/100
|turn|28
|
|switch|p1a: Rotom|Rotom-Wash|62/100 par
|move|p2a: Mamoswine|Superpower|p1a: Rotom
|-damage|p1a: Rotom|0 fnt
|-unboost|p2a: Mamoswine|atk|1
|-unboost|p2a: Mamoswine|def|1
|faint|p1a: Rotom
|
|-weather|Sandstorm|[upkeep]
|upkeep
|
|switch|p1a: Tyranitar|Tyranitar, F|77/100
|turn|29
|
|-activate|p2a: Mamoswine|move: Pursuit
|move|p1a: Tyranitar|Pursuit|p2a: Mamoswine|[from]Pursuit
|-crit|p2a: Mamoswine
|-damage|p2a: Mamoswine|0 fnt
|-hint|A Pokemon can't switch between when it runs out of HP and when it faints
|faint|p2a: Mamoswine
|
|-weather|Sandstorm|[upkeep]
|upkeep
|
|switch|p2a: Excadrill|Excadrill, M|31/100
|turn|30
|
|move|p2a: Excadrill|Iron Head|p1a: Tyranitar
|-supereffective|p1a: Tyranitar
|-damage|p1a: Tyranitar|0 fnt
|faint|p1a: Tyranitar
|
|-weather|Sandstorm|[upkeep]
|upkeep
|
|switch|p1a: Garchomp|Garchomp, M|91/100
|turn|31
|
|move|p1a: Garchomp|Earthquake|p2a: Excadrill
|-supereffective|p2a: Excadrill
|-crit|p2a: Excadrill
|-damage|p2a: Excadrill|0 fnt
|-damage|p1a: Garchomp|81/100|[from] item: Life Orb
|faint|p2a: Excadrill
|
|-weather|Sandstorm|[upkeep]
|upkeep
|
|switch|p2a: Amoonguss|Amoonguss, F|98/100 brn
|turn|32
|
|move|p1a: Garchomp|Fire Blast|p2a: Amoonguss
|-supereffective|p2a: Amoonguss
|-crit|p2a: Amoonguss
|-damage|p2a: Amoonguss|0 fnt
|-damage|p1a: Garchomp|71/100|[from] item: Life Orb
|faint|p2a: Amoonguss
|
|-weather|Sandstorm|[upkeep]
|upkeep
|-message|da capo if forfeited.
|
|win|kobepayne
|l|☆da capo if
|raw|kobepayne's rating: 1610 &rarr; <strong>1621</strong><br />(+11 for winning)
|raw|da capo if's rating: 1459 &rarr; <strong>1447</strong><br />(-12 for losing)
