|j|Princess Deluks917
|j|andalugia
|player|p1|Princess Deluks917|283
|player|p2|andalugia|54
|gametype|singles
|gen|5
|tier|[Gen 5] OU
|rated
|seed|39422,2427,22336,53870
|rule|Evasion Abilities Clause: Evasion abilities are banned
|rule|Baton Pass Clause: Limit one Baton Passer, can't pass Spe and other stats simultaneously
|rule|Swagger Clause: Swagger is banned
|clearpoke
|poke|p1|Tyranitar, F|item
|poke|p1|Landorus-Therian, M|item
|poke|p1|Alakazam, M|item
|poke|p1|Ferrothorn, F|item
|poke|p1|Reuniclus, F|item
|poke|p1|Jellicent, F|item
|poke|p2|Toxicroak, M|item
|poke|p2|Politoed, F|item
|poke|p2|Celebi|item
|poke|p2|Gliscor, F|item
|poke|p2|Jirachi|item
|poke|p2|Tyranitar, F|item
|rule|Sleep Clause Mod: Limit one foe put to sleep
|rule|Species Clause: Limit one of each Pokémon
|rule|OHKO Clause: OHKO moves are banned
|rule|Moody Clause: Moody is banned
|rule|Evasion Moves Clause: Evasion moves are banned
|rule|Endless Battle Clause: Forcing endless battles is banned
|rule|HP Percentage Mod: HP is shown in percentages
|teampreview
|c|★Princess Deluks917|gl
|choice|team 2, team 1, team 3, team 4, team 5, team 6|team 4, team 2, team 3, team 1, team 5, team 6
|
|start
|switch|p1a: Landorus|Landorus-Therian, M|319/319
|switch|p2a: Gliscor|Gliscor, F|352/352
|-ability|p1a: Landorus|Intimidate|boost
|-unboost|p2a: Gliscor|atk|1
|turn|1
|choice|move uturn|move protect
|
|move|p2a: Gliscor|Protect|p2a: Gliscor
|-singleturn|p2a: Gliscor|Protect
|move|p1a: Landorus|U-turn|p2a: Gliscor
|-activate|p2a: Gliscor|move: Protect
|
|-status|p2a: Gliscor|tox|[from] item: Toxic Orb
|upkeep
|turn|2
|choice|move uturn|move earthquake
|
|move|p1a: Landorus|U-turn|p2a: Gliscor
|-resisted|p2a: Gliscor
|-damage|p2a: Gliscor|317/352 tox
|choice|switch 4|
|
|switch|p1a: Ferrothorn|Ferrothorn, F|352/352
|move|p2a: Gliscor|Earthquake|p1a: Ferrothorn
|-damage|p1a: Ferrothorn|292/352
|
|-heal|p1a: Ferrothorn|314/352|[from] item: Leftovers
|-heal|p2a: Gliscor|352/352 tox|[from] ability: Poison Heal
|upkeep
|turn|3
|choice|move spikes|switch 6
|
|switch|p2a: Tyranitar|Tyranitar, F|399/399
|-weather|Sandstorm|[from] ability: Sand Stream|[of] p2a: Tyranitar
|move|p1a: Ferrothorn|Spikes|p2a: Tyranitar
|-sidestart|p2: andalugia|Spikes
|
|-weather|Sandstorm|[upkeep]
|-heal|p1a: Ferrothorn|336/352|[from] item: Leftovers
|upkeep
|turn|4
|choice|switch 2|move stealthrock
|
|switch|p1a: Tyranitar|Tyranitar, F|403/403
|move|p2a: Tyranitar|Stealth Rock|p1a: Tyranitar
|-sidestart|p1: Princess Deluks917|move: Stealth Rock
|
|-weather|Sandstorm|[upkeep]
|upkeep
|turn|5
|choice|move stealthrock|move superpower
|
|move|p2a: Tyranitar|Superpower|p1a: Tyranitar
|-supereffective|p1a: Tyranitar
|-enditem|p1a: Tyranitar|Chople Berry|[eat]
|-enditem|p1a: Tyranitar|Chople Berry|[weaken]
|-damage|p1a: Tyranitar|183/403
|-unboost|p2a: Tyranitar|atk|1
|-unboost|p2a: Tyranitar|def|1
|move|p1a: Tyranitar|Stealth Rock|p2a: Tyranitar
|-sidestart|p2: andalugia|move: Stealth Rock
|
|-weather|Sandstorm|[upkeep]
|upkeep
|turn|6
|choice|switch 4|move superpower
|
|switch|p1a: Landorus|Landorus-Therian, M|319/319
|-damage|p1a: Landorus|280/319|[from] Stealth Rock
|-ability|p1a: Landorus|Intimidate|boost
|-unboost|p2a: Tyranitar|atk|1
|move|p2a: Tyranitar|Superpower|p1a: Landorus
|-resisted|p1a: Landorus
|-damage|p1a: Landorus|247/319
|-unboost|p2a: Tyranitar|atk|1
|-unboost|p2a: Tyranitar|def|1
|
|-weather|Sandstorm|[upkeep]
|upkeep
|turn|7
|choice|move uturn|switch 6
|
|switch|p2a: Gliscor|Gliscor, F|352/352 tox
|-damage|p2a: Gliscor|308/352 tox|[from] Stealth Rock
|move|p1a: Landorus|U-turn|p2a: Gliscor
|-resisted|p2a: Gliscor
|-damage|p2a: Gliscor|271/352 tox
|choice|switch 2|
|
|switch|p1a: Ferrothorn|Ferrothorn, F|336/352
|-damage|p1a: Ferrothorn|314/352|[from] Stealth Rock
|
|-weather|Sandstorm|[upkeep]
|-heal|p1a: Ferrothorn|336/352|[from] item: Leftovers
|-heal|p2a: Gliscor|315/352 tox|[from] ability: Poison Heal
|upkeep
|turn|8
|choice|move spikes|switch 5
|
|switch|p2a: Jirachi|Jirachi|404/404
|-damage|p2a: Jirachi|354/404|[from] Spikes
|-damage|p2a: Jirachi|329/404|[from] Stealth Rock
|move|p1a: Ferrothorn|Spikes|p2a: Jirachi
|-sidestart|p2: andalugia|Spikes
|
|-weather|Sandstorm|[upkeep]
|-heal|p2a: Jirachi|354/404|[from] item: Leftovers
|-heal|p1a: Ferrothorn|352/352|[from] item: Leftovers
|upkeep
|turn|9
|choice|switch 4|move substitute
|
|switch|p1a: Tyranitar|Tyranitar, F|183/403
|-damage|p1a: Tyranitar|133/403|[from] Stealth Rock
|move|p2a: Jirachi|Substitute|p2a: Jirachi
|-start|p2a: Jirachi|Substitute
|-damage|p2a: Jirachi|253/404
|
|-weather|Sandstorm|[upkeep]
|-heal|p2a: Jirachi|278/404|[from] item: Leftovers
|upkeep
|turn|10
|choice|move crunch|move thunder
|
|move|p2a: Jirachi|Thunder|p1a: Tyranitar
|-damage|p1a: Tyranitar|86/403
|-status|p1a: Tyranitar|par
|move|p1a: Tyranitar|Crunch|p2a: Jirachi
|-end|p2a: Jirachi|Substitute
|
|-weather|Sandstorm|[upkeep]
|-heal|p2a: Jirachi|303/404|[from] item: Leftovers
|upkeep
|turn|11
|choice|move crunch|move calmmind
|
|move|p2a: Jirachi|Calm Mind|p2a: Jirachi
|-boost|p2a: Jirachi|spa|1
|-boost|p2a: Jirachi|spd|1
|move|p1a: Tyranitar|Crunch|p2a: Jirachi
|-damage|p2a: Jirachi|200/404
|-unboost|p2a: Jirachi|def|1
|
|-weather|Sandstorm|[upkeep]
|-heal|p2a: Jirachi|225/404|[from] item: Leftovers
|upkeep
|turn|12
|choice|move crunch|move thunder
|
|move|p2a: Jirachi|Thunder|p1a: Tyranitar
|-damage|p1a: Tyranitar|12/403 par
|cant|p1a: Tyranitar|par
|
|-weather|Sandstorm|[upkeep]
|-heal|p2a: Jirachi|250/404|[from] item: Leftovers
|upkeep
|turn|13
|choice|move crunch|move thunder
|
|move|p2a: Jirachi|Thunder|p1a: Tyranitar
|-damage|p1a: Tyranitar|0 fnt
|faint|p1a: Tyranitar
|
|-weather|Sandstorm|[upkeep]
|-heal|p2a: Jirachi|275/404|[from] item: Leftovers
|upkeep
|choice|switch 2|
|
|switch|p1a: Landorus|Landorus-Therian, M|247/319
|-damage|p1a: Landorus|208/319|[from] Stealth Rock
|-ability|p1a: Landorus|Intimidate|boost
|-unboost|p2a: Jirachi|atk|1
|turn|14
|choice|move earthquake|switch 5
|
|switch|p2a: Gliscor|Gliscor, F|315/352 tox
|-damage|p2a: Gliscor|271/352 tox|[from] Stealth Rock
|move|p1a: Landorus|Earthquake|p2a: Gliscor
|-immune|p2a: Gliscor|[msg]
|
|-weather|Sandstorm|[upkeep]
|-heal|p2a: Gliscor|315/352 tox|[from] ability: Poison Heal
|upkeep
|turn|15
|choice|switch 4|move earthquake
|
|switch|p1a: Ferrothorn|Ferrothorn, F|352/352
|-damage|p1a: Ferrothorn|330/352|[from] Stealth Rock
|move|p2a: Gliscor|Earthquake|p1a: Ferrothorn
|-damage|p1a: Ferrothorn|242/352
|
|-weather|Sandstorm|[upkeep]
|-heal|p1a: Ferrothorn|264/352|[from] item: Leftovers
|-heal|p2a: Gliscor|352/352 tox|[from] ability: Poison Heal
|upkeep
|turn|16
|choice|move spikes|move earthquake
|
|move|p2a: Gliscor|Earthquake|p1a: Ferrothorn
|-damage|p1a: Ferrothorn|185/352
|move|p1a: Ferrothorn|Spikes|p2a: Gliscor
|-sidestart|p2: andalugia|Spikes
|
|-weather|Sandstorm|[upkeep]
|-heal|p1a: Ferrothorn|207/352|[from] item: Leftovers
|upkeep
|turn|17
|choice|move leechseed|move substitute
|
|move|p2a: Gliscor|Substitute|p2a: Gliscor
|-start|p2a: Gliscor|Substitute
|-damage|p2a: Gliscor|264/352 tox
|move|p1a: Ferrothorn|Leech Seed|p2a: Gliscor
|-fail|p2a: Gliscor
|
|-weather|Sandstorm|[upkeep]
|-heal|p1a: Ferrothorn|229/352|[from] item: Leftovers
|-heal|p2a: Gliscor|308/352 tox|[from] ability: Poison Heal
|upkeep
|turn|18
|choice|move protect|move earthquake
|
|move|p1a: Ferrothorn|Protect|p1a: Ferrothorn
|-singleturn|p1a: Ferrothorn|Protect
|move|p2a: Gliscor|Earthquake|p1a: Ferrothorn
|-activate|p1a: Ferrothorn|move: Protect
|
|-weather|Sandstorm|[upkeep]
|-heal|p1a: Ferrothorn|251/352|[from] item: Leftovers
|-heal|p2a: Gliscor|352/352 tox|[from] ability: Poison Heal
|upkeep
|turn|19
|choice|move gyroball|move earthquake
|
|move|p2a: Gliscor|Earthquake|p1a: Ferrothorn
|-damage|p1a: Ferrothorn|167/352
|move|p1a: Ferrothorn|Gyro Ball|p2a: Gliscor
|-end|p2a: Gliscor|Substitute
|
|-weather|Sandstorm|[upkeep]
|-heal|p1a: Ferrothorn|189/352|[from] item: Leftovers
|upkeep
|turn|20
|choice|switch 5|move earthquake
|
|switch|p1a: Reuniclus|Reuniclus, F|424/424
|move|p2a: Gliscor|Earthquake|p1a: Reuniclus
|-damage|p1a: Reuniclus|327/424
|
|-weather|Sandstorm|[upkeep]
|-heal|p1a: Reuniclus|353/424|[from] item: Leftovers
|upkeep
|turn|21
|choice|move calmmind|switch 6
|
|switch|p2a: Tyranitar|Tyranitar, F|399/399
|-damage|p2a: Tyranitar|300/399|[from] Spikes
|-damage|p2a: Tyranitar|251/399|[from] Stealth Rock
|move|p1a: Reuniclus|Calm Mind|p1a: Reuniclus
|-boost|p1a: Reuniclus|spa|1
|-boost|p1a: Reuniclus|spd|1
|
|-weather|Sandstorm|[upkeep]
|-heal|p1a: Reuniclus|379/424|[from] item: Leftovers
|upkeep
|turn|22
|choice|move signalbeam|move crunch
|
|move|p2a: Tyranitar|Crunch|p1a: Reuniclus
|-supereffective|p1a: Reuniclus
|-crit|p1a: Reuniclus
|-damage|p1a: Reuniclus|0 fnt
|faint|p1a: Reuniclus
|
|-weather|Sandstorm|[upkeep]
|upkeep
|choice|switch 3|
|
|switch|p1a: Alakazam|Alakazam, M|251/251
|turn|23
|choice|move focusblast|move pursuit
|
|move|p1a: Alakazam|Focus Blast|p2a: Tyranitar|[miss]
|-miss|p1a: Alakazam|p2a: Tyranitar
|move|p2a: Tyranitar|Pursuit|p1a: Alakazam
|-supereffective|p1a: Alakazam
|-crit|p1a: Alakazam
|-enditem|p1a: Alakazam|Focus Sash
|-damage|p1a: Alakazam|1/251
|
|-weather|Sandstorm|[upkeep]
|upkeep
|turn|24
|choice|move focusblast|move pursuit
|
|move|p1a: Alakazam|Focus Blast|p2a: Tyranitar
|-supereffective|p2a: Tyranitar
|-damage|p2a: Tyranitar|0 fnt
|faint|p2a: Tyranitar
|
|-weather|Sandstorm|[upkeep]
|upkeep
|choice||switch 2
|
|switch|p2a: Politoed|Politoed, F|321/321
|-damage|p2a: Politoed|241/321|[from] Spikes
|-damage|p2a: Politoed|201/321|[from] Stealth Rock
|-weather|RainDance|[from] ability: Drizzle|[of] p2a: Politoed
|turn|25
|choice|switch 6|move icebeam
|
|switch|p1a: Jellicent|Jellicent, F|403/403
|-damage|p1a: Jellicent|353/403|[from] Stealth Rock
|move|p2a: Politoed|Ice Beam|p1a: Jellicent
|-resisted|p1a: Jellicent
|-damage|p1a: Jellicent|316/403
|
|-weather|RainDance|[upkeep]
|-heal|p1a: Jellicent|341/403|[from] item: Leftovers
|upkeep
|turn|26
|choice|move scald|switch 5
|
|switch|p2a: Jirachi|Jirachi|275/404
|-damage|p2a: Jirachi|174/404|[from] Spikes
|-damage|p2a: Jirachi|149/404|[from] Stealth Rock
|move|p1a: Jellicent|Scald|p2a: Jirachi
|-damage|p2a: Jirachi|20/404
|
|-weather|RainDance|[upkeep]
|-heal|p2a: Jirachi|45/404|[from] item: Leftovers
|-heal|p1a: Jellicent|366/403|[from] item: Leftovers
|upkeep
|turn|27
|choice|switch 5|move thunder
|
|switch|p1a: Ferrothorn|Ferrothorn, F|189/352
|-damage|p1a: Ferrothorn|167/352|[from] Stealth Rock
|move|p2a: Jirachi|Thunder|p1a: Ferrothorn
|-resisted|p1a: Ferrothorn
|-damage|p1a: Ferrothorn|133/352
|-status|p1a: Ferrothorn|par
|
|-weather|RainDance|[upkeep]
|-heal|p2a: Jirachi|70/404|[from] item: Leftovers
|-heal|p1a: Ferrothorn|155/352 par|[from] item: Leftovers
|upkeep
|turn|28
|choice|move leechseed|move calmmind
|
|move|p2a: Jirachi|Calm Mind|p2a: Jirachi
|-boost|p2a: Jirachi|spa|1
|-boost|p2a: Jirachi|spd|1
|move|p1a: Ferrothorn|Leech Seed|p2a: Jirachi
|-start|p2a: Jirachi|move: Leech Seed
|
|-weather|RainDance|[upkeep]
|-heal|p2a: Jirachi|95/404|[from] item: Leftovers
|-heal|p1a: Ferrothorn|177/352 par|[from] item: Leftovers
|-damage|p2a: Jirachi|45/404|[from] Leech Seed|[of] p1a: Ferrothorn
|-heal|p1a: Ferrothorn|227/352 par|[silent]
|upkeep
|turn|29
|choice|move protect|move psychic
|
|move|p1a: Ferrothorn|Protect|p1a: Ferrothorn
|-singleturn|p1a: Ferrothorn|Protect
|move|p2a: Jirachi|Psychic|p1a: Ferrothorn
|-activate|p1a: Ferrothorn|move: Protect
|
|-weather|RainDance|[upkeep]
|-heal|p2a: Jirachi|70/404|[from] item: Leftovers
|-heal|p1a: Ferrothorn|249/352 par|[from] item: Leftovers
|-damage|p2a: Jirachi|20/404|[from] Leech Seed|[of] p1a: Ferrothorn
|-heal|p1a: Ferrothorn|299/352 par|[silent]
|upkeep
|turn|30
|choice|move protect|move psychic
|
|move|p1a: Ferrothorn|Protect|p1a: Ferrothorn
|-fail|p1a: Ferrothorn
|move|p2a: Jirachi|Psychic|p1a: Ferrothorn
|-resisted|p1a: Ferrothorn
|-damage|p1a: Ferrothorn|244/352 par
|
|-weather|RainDance|[upkeep]
|-heal|p2a: Jirachi|45/404|[from] item: Leftovers
|-heal|p1a: Ferrothorn|266/352 par|[from] item: Leftovers
|-damage|p2a: Jirachi|0 fnt|[from] Leech Seed|[of] p1a: Ferrothorn
|-heal|p1a: Ferrothorn|311/352 par|[silent]
|upkeep
|faint|p2a: Jirachi
|choice||switch 4
|
|switch|p2a: Toxicroak|Toxicroak, M|344/344
|-damage|p2a: Toxicroak|258/344|[from] Spikes
|-damage|p2a: Toxicroak|237/344|[from] Stealth Rock
|turn|31
|choice|switch 5|move substitute
|
|switch|p1a: Jellicent|Jellicent, F|366/403
|-damage|p1a: Jellicent|316/403|[from] Stealth Rock
|move|p2a: Toxicroak|Substitute|p2a: Toxicroak
|-start|p2a: Toxicroak|Substitute
|-damage|p2a: Toxicroak|151/344
|
|-weather|RainDance|[upkeep]
|-heal|p2a: Toxicroak|194/344|[from] ability: Dry Skin
|-heal|p2a: Toxicroak|215/344|[from] item: Black Sludge
|-heal|p1a: Jellicent|341/403|[from] item: Leftovers
|upkeep
|turn|32
|choice|move taunt|move toxic
|
|move|p2a: Toxicroak|Toxic|p1a: Jellicent
|-status|p1a: Jellicent|tox
|move|p1a: Jellicent|Taunt|p2a: Toxicroak
|-start|p2a: Toxicroak|move: Taunt
|
|-weather|RainDance|[upkeep]
|-heal|p2a: Toxicroak|258/344|[from] ability: Dry Skin
|-heal|p2a: Toxicroak|279/344|[from] item: Black Sludge
|-heal|p1a: Jellicent|366/403 tox|[from] item: Leftovers
|-damage|p1a: Jellicent|341/403 tox|[from] psn
|upkeep
|turn|33
|choice|switch 4|move icepunch
|
|switch|p1a: Landorus|Landorus-Therian, M|208/319
|-damage|p1a: Landorus|169/319|[from] Stealth Rock
|-ability|p1a: Landorus|Intimidate|boost
|-immune|p2a: Toxicroak|[msg]
|move|p2a: Toxicroak|Ice Punch|p1a: Landorus
|-supereffective|p1a: Landorus
|-damage|p1a: Landorus|0 fnt
|faint|p1a: Landorus
|
|-weather|RainDance|[upkeep]
|-heal|p2a: Toxicroak|322/344|[from] ability: Dry Skin
|-heal|p2a: Toxicroak|343/344|[from] item: Black Sludge
|upkeep
|c|★Princess Deluks917|gg
|-message|Princess Deluks917 forfeited.
|
|win|andalugia
|player|p1
|player|p2
|raw|Princess Deluks917's rating: 1553 &rarr; <strong>1521</strong><br />(-32 for losing)
|raw|andalugia's rating: 1330 &rarr; <strong>1361</strong><br />(+31 for winning)