|j|☆Primary Trout
|j|☆bxh318916
|t:|1730220561
|gametype|singles
|player|p1|Primary Trout|marshal|1378
|player|p2|bxh318916|steven|1388
|teamsize|p1|6
|teamsize|p2|6
|gen|5
|tier|[Gen 5] OU
|rated|
|rule|Species Clause: Limit one of each Pokémon
|rule|OHKO Clause: OHKO moves are banned
|rule|Moody Clause: Moody is banned
|rule|Evasion Items Clause: Evasion items are banned
|rule|Evasion Moves Clause: Evasion moves are banned
|rule|Endless Battle Clause: Forcing endless battles is banned
|rule|HP Percentage Mod: HP is shown in percentages
|rule|Evasion Abilities Clause: Evasion abilities are banned
|rule|Sleep Moves Clause: Sleep-inducing moves are banned
|rule|Swagger Clause: Swagger is banned
|rule|Baton Pass Stat Clause: No Baton Passer may have a way to boost its stats
|clearpoke
|poke|p1|Jirachi|item
|poke|p1|Azumarill, M|item
|poke|p1|Terrakion|item
|poke|p1|Dragonite, M|item
|poke|p1|Politoed, F|item
|poke|p1|Landorus-Therian, M|item
|poke|p2|Tyranitar, F|item
|poke|p2|Keldeo|item
|poke|p2|Garchomp, M|item
|poke|p2|Zapdos|item
|poke|p2|Scizor, F|item
|poke|p2|Starmie|item
|teampreview
|inactive|Battle timer is ON: inactive players will automatically lose when time's up. (requested by Primary Trout)
|
|t:|1730220583
|start
|switch|p1a: Jirachi|Jirachi|100/100
|switch|p2a: Zapdos|Zapdos|100/100
|-ability|p2a: Zapdos|Pressure
|turn|1
|
|t:|1730220592
|move|p2a: Zapdos|Heat Wave|p1a: Jirachi
|-supereffective|p1a: Jirachi
|-damage|p1a: Jirachi|66/100
|move|p1a: Jirachi|Stealth Rock|p2a: Zapdos
|-sidestart|p2: bxh318916|move: Stealth Rock
|
|-heal|p1a: Jirachi|72/100|[from] item: Leftovers
|upkeep
|turn|2
|
|t:|1730220602
|switch|p1a: Politoed|Politoed, F|100/100
|-weather|RainDance|[from] ability: Drizzle|[of] p1a: Politoed
|move|p2a: Zapdos|Volt Switch|p1a: Politoed
|-supereffective|p1a: Politoed
|-damage|p1a: Politoed|50/100
|
|t:|1730220612
|switch|p2a: Tyranitar|Tyranitar, F|100/100|[from] Volt Switch
|-damage|p2a: Tyranitar|88/100|[from] Stealth Rock
|-weather|Sandstorm|[from] ability: Sand Stream|[of] p2a: Tyranitar
|
|-weather|Sandstorm|[upkeep]
|-damage|p1a: Politoed|44/100|[from] Sandstorm
|-heal|p1a: Politoed|50/100|[from] item: Leftovers
|upkeep
|turn|3
|
|t:|1730220628
|-activate|p1a: Politoed|move: Pursuit
|move|p2a: Tyranitar|Pursuit|p1a: Politoed|[from]Pursuit
|-damage|p1a: Politoed|0 fnt
|faint|p1a: Politoed
|-hint|A Pokemon can't switch between when it runs out of HP and when it faints
|
|-weather|Sandstorm|[upkeep]
|upkeep
|
|t:|1730220631
|switch|p1a: Terrakion|Terrakion|100/100
|turn|4
|
|t:|1730220639
|switch|p2a: Zapdos|Zapdos|100/100
|-damage|p2a: Zapdos|76/100|[from] Stealth Rock
|-ability|p2a: Zapdos|Pressure
|move|p1a: Terrakion|Close Combat|p2a: Zapdos
|-resisted|p2a: Zapdos
|-damage|p2a: Zapdos|34/100
|-unboost|p1a: Terrakion|def|1
|-unboost|p1a: Terrakion|spd|1
|-damage|p1a: Terrakion|91/100|[from] item: Life Orb
|
|-weather|Sandstorm|[upkeep]
|-damage|p2a: Zapdos|28/100|[from] Sandstorm
|-heal|p2a: Zapdos|34/100|[from] item: Leftovers
|upkeep
|turn|5
|
|t:|1730220656
|switch|p2a: Keldeo|Keldeo|100/100
|-damage|p2a: Keldeo|94/100|[from] Stealth Rock
|move|p1a: Terrakion|Stone Edge|p2a: Keldeo|[miss]
|-miss|p1a: Terrakion|p2a: Keldeo
|
|-weather|Sandstorm|[upkeep]
|-damage|p2a: Keldeo|88/100|[from] Sandstorm
|-heal|p2a: Keldeo|94/100|[from] item: Leftovers
|upkeep
|turn|6
|
|t:|1730220667
|switch|p1a: Jirachi|Jirachi|72/100
|move|p2a: Keldeo|Scald|p1a: Jirachi
|-damage|p1a: Jirachi|46/100
|
|-weather|Sandstorm|[upkeep]
|-damage|p2a: Keldeo|88/100|[from] Sandstorm
|-heal|p2a: Keldeo|94/100|[from] item: Leftovers
|-heal|p1a: Jirachi|52/100|[from] item: Leftovers
|upkeep
|turn|7
|
|t:|1730220678
|move|p2a: Keldeo|Substitute|p2a: Keldeo
|-start|p2a: Keldeo|Substitute
|-damage|p2a: Keldeo|69/100
|move|p1a: Jirachi|Wish|p1a: Jirachi
|
|-weather|Sandstorm|[upkeep]
|-damage|p2a: Keldeo|63/100|[from] Sandstorm
|-heal|p2a: Keldeo|69/100|[from] item: Leftovers
|-heal|p1a: Jirachi|58/100|[from] item: Leftovers
|upkeep
|turn|8
|
|t:|1730220688
|move|p2a: Keldeo|Calm Mind|p2a: Keldeo
|-boost|p2a: Keldeo|spa|1
|-boost|p2a: Keldeo|spd|1
|move|p1a: Jirachi|Thunder|p2a: Keldeo
|-supereffective|p2a: Keldeo
|-end|p2a: Keldeo|Substitute
|
|-weather|Sandstorm|[upkeep]
|-damage|p2a: Keldeo|63/100|[from] Sandstorm
|-heal|p1a: Jirachi|100/100|[from] move: Wish|[wisher] Jirachi
|-heal|p2a: Keldeo|69/100|[from] item: Leftovers
|upkeep
|turn|9
|
|t:|1730220703
|move|p2a: Keldeo|Scald|p1a: Jirachi
|-damage|p1a: Jirachi|60/100
|move|p1a: Jirachi|Thunder|p2a: Keldeo
|-supereffective|p2a: Keldeo
|-crit|p2a: Keldeo
|-damage|p2a: Keldeo|0 fnt
|faint|p2a: Keldeo
|
|-weather|Sandstorm|[upkeep]
|-heal|p1a: Jirachi|66/100|[from] item: Leftovers
|upkeep
|
|t:|1730220715
|switch|p2a: Garchomp|Garchomp, M|100/100
|-damage|p2a: Garchomp|94/100|[from] Stealth Rock
|turn|10
|
|t:|1730220725
|switch|p1a: Landorus|Landorus-Therian, M, shiny|100/100
|-ability|p1a: Landorus|Intimidate|boost
|-unboost|p2a: Garchomp|atk|1
|move|p2a: Garchomp|Stealth Rock|p1a: Landorus
|-sidestart|p1: Primary Trout|move: Stealth Rock
|
|-weather|Sandstorm|[upkeep]
|upkeep
|turn|11
|
|t:|1730220737
|switch|p2a: Starmie|Starmie|100/100
|-damage|p2a: Starmie|88/100|[from] Stealth Rock
|move|p1a: Landorus|Hidden Power|p2a: Starmie
|-resisted|p2a: Starmie
|-damage|p2a: Starmie|75/100
|-damage|p1a: Landorus|91/100|[from] item: Life Orb
|
|-weather|Sandstorm|[upkeep]
|-damage|p2a: Starmie|69/100|[from] Sandstorm
|-heal|p2a: Starmie|75/100|[from] item: Leftovers
|upkeep
|turn|12
|
|t:|1730220750
|switch|p1a: Azumarill|Azumarill, M|100/100
|-damage|p1a: Azumarill|88/100|[from] Stealth Rock
|move|p2a: Starmie|Rapid Spin|p1a: Azumarill
|-damage|p1a: Azumarill|85/100
|-sideend|p2: bxh318916|Stealth Rock|[from] move: Rapid Spin|[of] p2a: Starmie
|
|-weather|Sandstorm|[upkeep]
|-damage|p2a: Starmie|69/100|[from] Sandstorm
|-damage|p1a: Azumarill|79/100|[from] Sandstorm
|-heal|p2a: Starmie|75/100|[from] item: Leftovers
|upkeep
|turn|13
|
|t:|1730220761
|move|p2a: Starmie|Thunder Wave|p1a: Azumarill
|-status|p1a: Azumarill|par
|move|p1a: Azumarill|Waterfall|p2a: Starmie
|-resisted|p2a: Starmie
|-damage|p2a: Starmie|25/100
|
|-weather|Sandstorm|[upkeep]
|-damage|p2a: Starmie|19/100|[from] Sandstorm
|-damage|p1a: Azumarill|73/100 par|[from] Sandstorm
|-heal|p2a: Starmie|25/100|[from] item: Leftovers
|upkeep
|turn|14
|
|t:|1730220772
|switch|p1a: Jirachi|Jirachi|66/100
|-damage|p1a: Jirachi|60/100|[from] Stealth Rock
|move|p2a: Starmie|Recover|p2a: Starmie
|-heal|p2a: Starmie|75/100
|
|-weather|Sandstorm|[upkeep]
|-damage|p2a: Starmie|69/100|[from] Sandstorm
|-heal|p2a: Starmie|75/100|[from] item: Leftovers
|-heal|p1a: Jirachi|66/100|[from] item: Leftovers
|upkeep
|turn|15
|
|t:|1730220784
|move|p2a: Starmie|Thunder Wave|p1a: Jirachi
|-status|p1a: Jirachi|par
|move|p1a: Jirachi|Thunder|p2a: Starmie
|-supereffective|p2a: Starmie
|-damage|p2a: Starmie|18/100
|
|-weather|Sandstorm|[upkeep]
|-damage|p2a: Starmie|12/100|[from] Sandstorm
|-heal|p2a: Starmie|18/100|[from] item: Leftovers
|-heal|p1a: Jirachi|73/100 par|[from] item: Leftovers
|upkeep
|turn|16
|
|t:|1730220797
|switch|p2a: Tyranitar|Tyranitar, F|88/100
|move|p1a: Jirachi|Wish|p1a: Jirachi
|
|-weather|Sandstorm|[upkeep]
|-heal|p1a: Jirachi|79/100 par|[from] item: Leftovers
|upkeep
|turn|17
|
|t:|1730220813
|move|p2a: Tyranitar|Crunch|p1a: Jirachi
|-damage|p1a: Jirachi|22/100 par
|move|p1a: Jirachi|Stealth Rock|p2a: Tyranitar
|-sidestart|p2: bxh318916|move: Stealth Rock
|
|-weather|Sandstorm|[upkeep]
|-heal|p1a: Jirachi|72/100 par|[from] move: Wish|[wisher] Jirachi
|-heal|p1a: Jirachi|78/100 par|[from] item: Leftovers
|upkeep
|turn|18
|
|t:|1730220822
|switch|p1a: Terrakion|Terrakion|91/100
|-damage|p1a: Terrakion|84/100|[from] Stealth Rock
|move|p2a: Tyranitar|Crunch|p1a: Terrakion
|-resisted|p1a: Terrakion
|-damage|p1a: Terrakion|42/100
|-ability|p1a: Terrakion|Justified|boost
|-boost|p1a: Terrakion|atk|1
|
|-weather|Sandstorm|[upkeep]
|upkeep
|turn|19
|
|t:|1730220836
|switch|p2a: Scizor|Scizor, F|100/100
|-damage|p2a: Scizor|88/100|[from] Stealth Rock
|move|p1a: Terrakion|Close Combat|p2a: Scizor
|-damage|p2a: Scizor|0 fnt
|-unboost|p1a: Terrakion|def|1
|-unboost|p1a: Terrakion|spd|1
|faint|p2a: Scizor
|-damage|p1a: Terrakion|32/100|[from] item: Life Orb
|
|-weather|Sandstorm|[upkeep]
|upkeep
|
|t:|1730220849
|switch|p2a: Starmie|Starmie|18/100
|-damage|p2a: Starmie|5/100|[from] Stealth Rock
|turn|20
|
|t:|1730220855
|move|p1a: Terrakion|Quick Attack|p2a: Starmie
|-damage|p2a: Starmie|0 fnt
|faint|p2a: Starmie
|-damage|p1a: Terrakion|22/100|[from] item: Life Orb
|
|-weather|Sandstorm|[upkeep]
|upkeep
|
|t:|1730220864
|switch|p2a: Garchomp|Garchomp, M|94/100
|-damage|p2a: Garchomp|88/100|[from] Stealth Rock
|turn|21
|
|t:|1730220871
|switch|p2a: Tyranitar|Tyranitar, F|88/100
|-damage|p2a: Tyranitar|76/100|[from] Stealth Rock
|move|p1a: Terrakion|Close Combat|p2a: Tyranitar
|-supereffective|p2a: Tyranitar
|-damage|p2a: Tyranitar|0 fnt
|-unboost|p1a: Terrakion|def|1
|-unboost|p1a: Terrakion|spd|1
|faint|p2a: Tyranitar
|-damage|p1a: Terrakion|12/100|[from] item: Life Orb
|
|-weather|Sandstorm|[upkeep]
|upkeep
|-message|bxh318916 forfeited.
|
|win|Primary Trout
|raw|Primary Trout's rating: 1378 &rarr; <strong>1399</strong><br />(+21 for winning)
|raw|bxh318916's rating: 1388 &rarr; <strong>1367</strong><br />(-21 for losing)
|l|☆bxh318916
|player|p2|
