|j|☆ddtdh
|j|☆salaqisqis
|t:|1744905056
|gametype|singles
|player|p1|ddtdh|lucas|1364
|player|p2|salaqisqis|gambler|1507
|teamsize|p1|6
|teamsize|p2|6
|gen|5
|tier|[Gen 5] OU
|rated|
|rule|Species Clause: Limit one of each Pokémon
|rule|OHKO Clause: OHKO moves are banned
|rule|Moody Clause: Moody is banned
|rule|Evasion Items Clause: Evasion items are banned
|rule|Evasion Moves Clause: Evasion moves are banned
|rule|Endless Battle Clause: Forcing endless battles is banned
|rule|HP Percentage Mod: HP is shown in percentages
|rule|Evasion Abilities Clause: Evasion abilities are banned
|rule|Sleep Moves Clause: Sleep-inducing moves are banned
|rule|Swagger Clause: Swagger is banned
|rule|Baton Pass Stat Clause: No Baton Passer may have a way to boost its stats
|clearpoke
|poke|p1|Politoed, F|item
|poke|p1|Keldeo-Resolute|item
|poke|p1|Jirachi|item
|poke|p1|Tentacruel, F|item
|poke|p1|Ferrothorn, F|item
|poke|p1|Thundurus-Therian, M|item
|poke|p2|Dragonite, M|item
|poke|p2|Azelf|item
|poke|p2|Starmie|item
|poke|p2|Scizor, F|item
|poke|p2|Gengar, F|item
|poke|p2|Garchomp, M|item
|teampreview
|inactive|Battle timer is ON: inactive players will automatically lose when time's up. (requested by ddtdh)
|
|t:|1744905080
|start
|switch|p1a: Politoed|Politoed, F|100/100
|switch|p2a: Azelf|Azelf|100/100
|-weather|RainDance|[from] ability: Drizzle|[of] p1a: Politoed
|turn|1
|
|t:|1744905090
|switch|p1a: Tentacruel|Tentacruel, F|100/100
|move|p2a: Azelf|Stealth Rock|p1a: Tentacruel
|-sidestart|p1: ddtdh|move: Stealth Rock
|
|-weather|RainDance|[upkeep]
|upkeep
|turn|2
|
|t:|1744905095
|move|p2a: Azelf|Explosion|p1a: Tentacruel
|-damage|p1a: Tentacruel|0 fnt
|faint|p2a: Azelf
|faint|p1a: Tentacruel
|
|-weather|RainDance|[upkeep]
|upkeep
|
|t:|1744905113
|switch|p2a: Garchomp|Garchomp, M|100/100
|switch|p1a: Keldeo|Keldeo-Resolute|100/100
|-damage|p1a: Keldeo|94/100|[from] Stealth Rock
|turn|3
|
|t:|1744905120
|switch|p2a: Starmie|Starmie|100/100
|-item|p2a: Starmie|Air Balloon
|move|p1a: Keldeo|Hydro Pump|p2a: Starmie
|-resisted|p2a: Starmie
|-damage|p2a: Starmie|35/100
|-enditem|p2a: Starmie|Air Balloon
|
|-weather|RainDance|[upkeep]
|-heal|p1a: Keldeo|100/100|[from] item: Leftovers
|upkeep
|turn|4
|
|t:|1744905127
|switch|p1a: Jirachi|Jirachi|100/100
|-damage|p1a: Jirachi|94/100|[from] Stealth Rock
|move|p2a: Starmie|Psychic|p1a: Jirachi
|-resisted|p1a: Jirachi
|-damage|p1a: Jirachi|82/100
|
|-weather|RainDance|[upkeep]
|upkeep
|turn|5
|
|t:|1744905133
|move|p1a: Jirachi|U-turn|p2a: Starmie
|-supereffective|p2a: Starmie
|-damage|p2a: Starmie|0 fnt
|faint|p2a: Starmie
|
|t:|1744905142
|switch|p1a: Politoed|Politoed, F|100/100|[from] U-turn
|-damage|p1a: Politoed|88/100|[from] Stealth Rock
|
|-weather|RainDance|[upkeep]
|-heal|p1a: Politoed|94/100|[from] item: Leftovers
|upkeep
|
|t:|1744905150
|switch|p2a: Dragonite|Dragonite, M|100/100
|turn|6
|
|t:|1744905157
|move|p2a: Dragonite|Dragon Dance|p2a: Dragonite
|-boost|p2a: Dragonite|atk|1
|-boost|p2a: Dragonite|spe|1
|move|p1a: Politoed|Ice Beam|p2a: Dragonite
|-supereffective|p2a: Dragonite
|-damage|p2a: Dragonite|58/100
|
|-weather|RainDance|[upkeep]
|-heal|p1a: Politoed|100/100|[from] item: Leftovers
|upkeep
|turn|7
|
|t:|1744905165
|move|p2a: Dragonite|Outrage|p1a: Politoed
|-damage|p1a: Politoed|28/100
|move|p1a: Politoed|Ice Beam|p2a: Dragonite
|-supereffective|p2a: Dragonite
|-damage|p2a: Dragonite|0 fnt
|faint|p2a: Dragonite
|
|-weather|RainDance|[upkeep]
|-heal|p1a: Politoed|34/100|[from] item: Leftovers
|upkeep
|
|t:|1744905170
|switch|p2a: Garchomp|Garchomp, M|100/100
|turn|8
|
|t:|1744905182
|move|p2a: Garchomp|Earthquake|p1a: Politoed
|-damage|p1a: Politoed|0 fnt
|faint|p1a: Politoed
|
|-weather|RainDance|[upkeep]
|upkeep
|
|t:|1744905187
|switch|p1a: Keldeo|Keldeo-Resolute|100/100
|-damage|p1a: Keldeo|94/100|[from] Stealth Rock
|turn|9
|
|t:|1744905193
|move|p1a: Keldeo|Hydro Pump|p2a: Garchomp
|-damage|p2a: Garchomp|3/100
|move|p2a: Garchomp|Earthquake|p1a: Keldeo
|-damage|p1a: Keldeo|38/100
|
|-weather|RainDance|[upkeep]
|-heal|p1a: Keldeo|44/100|[from] item: Leftovers
|upkeep
|turn|10
|
|t:|1744905201
|move|p1a: Keldeo|Hidden Power|p2a: Garchomp
|-damage|p2a: Garchomp|0 fnt
|faint|p2a: Garchomp
|
|-weather|RainDance|[upkeep]
|-heal|p1a: Keldeo|51/100|[from] item: Leftovers
|upkeep
|
|t:|1744905205
|switch|p2a: Gengar|Gengar, F|100/100
|turn|11
|
|t:|1744905218
|switch|p1a: Ferrothorn|Ferrothorn, F|100/100
|-damage|p1a: Ferrothorn|94/100|[from] Stealth Rock
|move|p2a: Gengar|Shadow Ball|p1a: Ferrothorn
|-resisted|p1a: Ferrothorn
|-damage|p1a: Ferrothorn|77/100
|-unboost|p1a: Ferrothorn|spd|1
|
|-weather|RainDance|[upkeep]
|upkeep
|turn|12
|
|t:|1744905224
|switch|p2a: Scizor|Scizor, F|100/100
|move|p1a: Ferrothorn|Stealth Rock|p2a: Scizor
|-sidestart|p2: salaqisqis|move: Stealth Rock
|
|-weather|RainDance|[upkeep]
|upkeep
|turn|13
|
|t:|1744905235
|move|p2a: Scizor|U-turn|p1a: Ferrothorn
|-damage|p1a: Ferrothorn|26/100
|-damage|p2a: Scizor|88/100|[from] ability: Iron Barbs|[of] p1a: Ferrothorn
|
|t:|1744905239
|switch|p2a: Gengar|Gengar, F|100/100|[from] U-turn
|-damage|p2a: Gengar|88/100|[from] Stealth Rock
|move|p1a: Ferrothorn|Explosion|p2a: Gengar
|-immune|p2a: Gengar
|faint|p1a: Ferrothorn
|
|-weather|RainDance|[upkeep]
|upkeep
|
|t:|1744905243
|switch|p1a: Thundurus|Thundurus-Therian, M|100/100
|-damage|p1a: Thundurus|76/100|[from] Stealth Rock
|turn|14
|
|t:|1744905254
|move|p2a: Gengar|Shadow Ball|p1a: Thundurus
|-damage|p1a: Thundurus|22/100
|move|p1a: Thundurus|Thunder|p2a: Gengar
|-damage|p2a: Gengar|0 fnt
|faint|p2a: Gengar
|
|-weather|RainDance|[upkeep]
|-heal|p1a: Thundurus|28/100|[from] item: Leftovers
|upkeep
|-message|salaqisqis forfeited.
|
|win|ddtdh
|raw|ddtdh's rating: 1364 &rarr; <strong>1392</strong><br />(+28 for winning)
|raw|salaqisqis's rating: 1507 &rarr; <strong>1479</strong><br />(-28 for losing)
|l|☆salaqisqis
|player|p2|
