|j|☆Primary Trout
|j|☆Zukob1
|t:|1729899553
|gametype|singles
|player|p1|Primary Trout|marshal|1302
|player|p2|Zukob1|gambler|1400
|teamsize|p1|6
|teamsize|p2|6
|gen|5
|tier|[Gen 5] OU
|rated|
|rule|Species Clause: Limit one of each Pokémon
|rule|OHKO Clause: OHKO moves are banned
|rule|Moody Clause: Moody is banned
|rule|Evasion Items Clause: Evasion items are banned
|rule|Evasion Moves Clause: Evasion moves are banned
|rule|Endless Battle Clause: Forcing endless battles is banned
|rule|HP Percentage Mod: HP is shown in percentages
|rule|Evasion Abilities Clause: Evasion abilities are banned
|rule|Sleep Moves Clause: Sleep-inducing moves are banned
|rule|Swagger Clause: Swagger is banned
|rule|Baton Pass Stat Clause: No Baton Passer may have a way to boost its stats
|clearpoke
|poke|p1|Hippowdon, F|item
|poke|p1|Starmie|item
|poke|p1|Scizor, M|item
|poke|p1|Kyurem-Black|item
|poke|p1|Honchkrow, F|item
|poke|p1|Keldeo-Resolute|item
|poke|p2|Politoed, F|item
|poke|p2|Ferrothorn, M|item
|poke|p2|Mamoswine, M|item
|poke|p2|Latios, M|item
|poke|p2|Thundurus-Therian, M|item
|poke|p2|Tentacruel, F|item
|teampreview
|inactive|Battle timer is ON: inactive players will automatically lose when time's up. (requested by Zukob1)
|inactive|Primary Trout also wants the timer to be on.
|
|t:|1729899564
|start
|switch|p1a: Kyurem|Kyurem-Black|100/100
|switch|p2a: Ferrothorn|Ferrothorn, M|100/100
|-ability|p1a: Kyurem|Teravolt
|turn|1
|
|t:|1729899574
|move|p1a: Kyurem|Ice Beam|p2a: Ferrothorn
|-damage|p2a: Ferrothorn|66/100
|move|p2a: Ferrothorn|Stealth Rock|p1a: Kyurem
|-sidestart|p1: Primary Trout|move: Stealth Rock
|
|upkeep
|turn|2
|
|t:|1729899589
|switch|p1a: Hippowdon|Hippowdon, F|100/100
|-damage|p1a: Hippowdon|94/100|[from] Stealth Rock
|-weather|Sandstorm|[from] ability: Sand Stream|[of] p1a: Hippowdon
|switch|p2a: Mamoswine|Mamoswine, M, shiny|100/100
|
|-weather|Sandstorm|[upkeep]
|-heal|p1a: Hippowdon|100/100|[from] item: Leftovers
|upkeep
|turn|3
|
|t:|1729899595
|switch|p1a: Starmie|Starmie|100/100
|-damage|p1a: Starmie|88/100|[from] Stealth Rock
|move|p2a: Mamoswine|Icicle Crash|p1a: Starmie
|-resisted|p1a: Starmie
|-damage|p1a: Starmie|44/100
|
|-weather|Sandstorm|[upkeep]
|-damage|p1a: Starmie|37/100|[from] Sandstorm
|-heal|p1a: Starmie|44/100|[from] item: Leftovers
|upkeep
|turn|4
|
|t:|1729899606
|move|p1a: Starmie|Rapid Spin|p2a: Mamoswine
|-damage|p2a: Mamoswine|97/100
|-sideend|p1: Primary Trout|Stealth Rock|[from] move: Rapid Spin|[of] p1a: Starmie
|move|p2a: Mamoswine|Icicle Crash|p1a: Starmie
|-resisted|p1a: Starmie
|-damage|p1a: Starmie|4/100
|
|-weather|Sandstorm|[upkeep]
|-damage|p1a: Starmie|0 fnt|[from] Sandstorm
|faint|p1a: Starmie
|upkeep
|
|t:|1729899611
|switch|p1a: Keldeo|Keldeo-Resolute|100/100
|turn|5
|
|t:|1729899615
|switch|p2a: Tentacruel|Tentacruel, F|100/100
|move|p1a: Keldeo|Secret Sword|p2a: Tentacruel
|-resisted|p2a: Tentacruel
|-damage|p2a: Tentacruel|78/100
|
|-weather|Sandstorm|[upkeep]
|-damage|p1a: Keldeo|94/100|[from] Sandstorm
|-damage|p2a: Tentacruel|72/100|[from] Sandstorm
|-heal|p2a: Tentacruel|78/100|[from] item: Black Sludge
|upkeep
|turn|6
|
|t:|1729899621
|switch|p1a: Honchkrow|Honchkrow, F|100/100
|switch|p2a: Politoed|Politoed, F|100/100
|-weather|RainDance|[from] ability: Drizzle|[of] p2a: Politoed
|
|-weather|RainDance|[upkeep]
|upkeep
|turn|7
|
|t:|1729899623
|move|p1a: Honchkrow|Brave Bird|p2a: Politoed
|-damage|p2a: Politoed|27/100
|-damage|p1a: Honchkrow|73/100|[from] Recoil
|-damage|p1a: Honchkrow|63/100|[from] item: Life Orb
|move|p2a: Politoed|Scald|p1a: Honchkrow
|-damage|p1a: Honchkrow|0 fnt
|faint|p1a: Honchkrow
|
|-weather|RainDance|[upkeep]
|-heal|p2a: Politoed|34/100|[from] item: Leftovers
|upkeep
|
|t:|1729899627
|switch|p1a: Scizor|Scizor, M|100/100
|turn|8
|
|t:|1729899633
|move|p2a: Politoed|Protect|p2a: Politoed
|-singleturn|p2a: Politoed|Protect
|move|p1a: Scizor|U-turn|p2a: Politoed
|-activate|p2a: Politoed|move: Protect
|
|-weather|RainDance|[upkeep]
|-heal|p2a: Politoed|40/100|[from] item: Leftovers
|upkeep
|turn|9
|
|t:|1729899639
|switch|p2a: Thundurus|Thundurus-Therian, M|100/100
|move|p1a: Scizor|U-turn|p2a: Thundurus
|-resisted|p2a: Thundurus
|-damage|p2a: Thundurus|54/100
|
|t:|1729899647
|switch|p1a: Kyurem|Kyurem-Black|100/100|[from] U-turn
|-ability|p1a: Kyurem|Teravolt
|
|-weather|RainDance|[upkeep]
|-heal|p2a: Thundurus|60/100|[from] item: Leftovers
|upkeep
|turn|10
|
|t:|1729899651
|move|p2a: Thundurus|Focus Blast|p1a: Kyurem|[miss]
|-miss|p2a: Thundurus|p1a: Kyurem
|move|p1a: Kyurem|Ice Beam|p2a: Thundurus
|-supereffective|p2a: Thundurus
|-damage|p2a: Thundurus|0 fnt
|faint|p2a: Thundurus
|
|-weather|RainDance|[upkeep]
|upkeep
|
|t:|1729899659
|switch|p2a: Ferrothorn|Ferrothorn, M|66/100
|turn|11
|
|t:|1729899663
|move|p1a: Kyurem|Substitute|p1a: Kyurem
|-start|p1a: Kyurem|Substitute
|-damage|p1a: Kyurem|76/100
|move|p2a: Ferrothorn|Stealth Rock|p1a: Kyurem
|-sidestart|p1: Primary Trout|move: Stealth Rock
|
|-weather|RainDance|[upkeep]
|-heal|p1a: Kyurem|82/100|[from] item: Leftovers
|upkeep
|turn|12
|
|t:|1729899665
|move|p1a: Kyurem|Ice Beam|p2a: Ferrothorn
|-damage|p2a: Ferrothorn|33/100
|move|p2a: Ferrothorn|Power Whip|p1a: Kyurem
|-resisted|p1a: Kyurem
|-activate|p1a: Kyurem|Substitute|[damage]
|
|-weather|RainDance|[upkeep]
|-heal|p1a: Kyurem|88/100|[from] item: Leftovers
|upkeep
|turn|13
|
|t:|1729899671
|move|p1a: Kyurem|Ice Beam|p2a: Ferrothorn
|-crit|p2a: Ferrothorn
|-damage|p2a: Ferrothorn|0 fnt
|faint|p2a: Ferrothorn
|
|-weather|RainDance|[upkeep]
|-heal|p1a: Kyurem|94/100|[from] item: Leftovers
|upkeep
|
|t:|1729899680
|switch|p2a: Tentacruel|Tentacruel, F|78/100
|turn|14
|
|t:|1729899682
|move|p1a: Kyurem|Fusion Bolt|p2a: Tentacruel
|-supereffective|p2a: Tentacruel
|-damage|p2a: Tentacruel|13/100
|move|p2a: Tentacruel|Scald|p1a: Kyurem
|-resisted|p1a: Kyurem
|-end|p1a: Kyurem|Substitute
|
|-weather|RainDance|[upkeep]
|-heal|p2a: Tentacruel|19/100|[from] ability: Rain Dish
|-heal|p1a: Kyurem|99/100|[from] item: Leftovers
|-heal|p2a: Tentacruel|25/100|[from] item: Black Sludge
|upkeep
|turn|15
|
|t:|1729899687
|move|p1a: Kyurem|Substitute|p1a: Kyurem
|-start|p1a: Kyurem|Substitute
|-damage|p1a: Kyurem|75/100
|move|p2a: Tentacruel|Scald|p1a: Kyurem
|-resisted|p1a: Kyurem
|-activate|p1a: Kyurem|Substitute|[damage]
|
|-weather|RainDance|[upkeep]
|-heal|p2a: Tentacruel|31/100|[from] ability: Rain Dish
|-heal|p1a: Kyurem|81/100|[from] item: Leftovers
|-heal|p2a: Tentacruel|37/100|[from] item: Black Sludge
|upkeep
|turn|16
|
|t:|1729899691
|switch|p2a: Mamoswine|Mamoswine, M, shiny|97/100
|move|p1a: Kyurem|Fusion Bolt|p2a: Mamoswine
|-immune|p2a: Mamoswine
|
|-weather|RainDance|[upkeep]
|-heal|p1a: Kyurem|88/100|[from] item: Leftovers
|upkeep
|turn|17
|
|t:|1729899695
|move|p1a: Kyurem|Earth Power|p2a: Mamoswine
|-damage|p2a: Mamoswine|57/100
|move|p2a: Mamoswine|Earthquake|p1a: Kyurem
|-end|p1a: Kyurem|Substitute
|
|-weather|RainDance|[upkeep]
|-heal|p1a: Kyurem|94/100|[from] item: Leftovers
|upkeep
|turn|18
|
|t:|1729899701
|switch|p1a: Hippowdon|Hippowdon, F|100/100
|-damage|p1a: Hippowdon|94/100|[from] Stealth Rock
|-weather|Sandstorm|[from] ability: Sand Stream|[of] p1a: Hippowdon
|move|p2a: Mamoswine|Earthquake|p1a: Hippowdon
|-damage|p1a: Hippowdon|49/100
|
|-weather|Sandstorm|[upkeep]
|-heal|p1a: Hippowdon|55/100|[from] item: Leftovers
|upkeep
|turn|19
|
|t:|1729899707
|switch|p2a: Politoed|Politoed, F|40/100
|-weather|RainDance|[from] ability: Drizzle|[of] p2a: Politoed
|move|p1a: Hippowdon|Stealth Rock|p2a: Politoed
|-sidestart|p2: Zukob1|move: Stealth Rock
|
|-weather|RainDance|[upkeep]
|-heal|p2a: Politoed|46/100|[from] item: Leftovers
|-heal|p1a: Hippowdon|61/100|[from] item: Leftovers
|upkeep
|turn|20
|
|t:|1729899710
|switch|p1a: Keldeo|Keldeo-Resolute|94/100
|-damage|p1a: Keldeo|88/100|[from] Stealth Rock
|move|p2a: Politoed|Scald|p1a: Keldeo
|-resisted|p1a: Keldeo
|-damage|p1a: Keldeo|68/100
|
|-weather|RainDance|[upkeep]
|-heal|p2a: Politoed|52/100|[from] item: Leftovers
|upkeep
|turn|21
|
|t:|1729899718
|move|p2a: Politoed|Protect|p2a: Politoed
|-singleturn|p2a: Politoed|Protect
|move|p1a: Keldeo|Secret Sword|p2a: Politoed
|-activate|p2a: Politoed|move: Protect
|
|-weather|RainDance|[upkeep]
|-heal|p2a: Politoed|59/100|[from] item: Leftovers
|upkeep
|turn|22
|
|t:|1729899721
|move|p1a: Keldeo|Secret Sword|p2a: Politoed
|-damage|p2a: Politoed|20/100
|move|p2a: Politoed|Scald|p1a: Keldeo
|-resisted|p1a: Keldeo
|-damage|p1a: Keldeo|47/100
|-status|p1a: Keldeo|brn
|
|-weather|RainDance|[upkeep]
|-heal|p2a: Politoed|26/100|[from] item: Leftovers
|-damage|p1a: Keldeo|34/100 brn|[from] brn
|upkeep
|turn|23
|
|t:|1729899728
|switch|p1a: Scizor|Scizor, M|100/100
|-damage|p1a: Scizor|88/100|[from] Stealth Rock
|move|p2a: Politoed|Protect||[still]
|-fail|p2a: Politoed
|
|-weather|RainDance|[upkeep]
|-heal|p2a: Politoed|32/100|[from] item: Leftovers
|upkeep
|turn|24
|
|t:|1729899730
|move|p2a: Politoed|Protect|p2a: Politoed
|-singleturn|p2a: Politoed|Protect
|move|p1a: Scizor|U-turn|p2a: Politoed
|-activate|p2a: Politoed|move: Protect
|
|-weather|RainDance|[upkeep]
|-heal|p2a: Politoed|38/100|[from] item: Leftovers
|upkeep
|turn|25
|
|t:|1729899732
|move|p1a: Scizor|U-turn|p2a: Politoed
|-damage|p2a: Politoed|0 fnt
|faint|p2a: Politoed
|
|t:|1729899735
|switch|p1a: Hippowdon|Hippowdon, F|61/100|[from] U-turn
|-damage|p1a: Hippowdon|55/100|[from] Stealth Rock
|-weather|Sandstorm|[from] ability: Sand Stream|[of] p1a: Hippowdon
|
|-weather|Sandstorm|[upkeep]
|-heal|p1a: Hippowdon|61/100|[from] item: Leftovers
|upkeep
|
|t:|1729899741
|switch|p2a: Mamoswine|Mamoswine, M, shiny|57/100
|-damage|p2a: Mamoswine|45/100|[from] Stealth Rock
|turn|26
|
|t:|1729899747
|move|p2a: Mamoswine|Icicle Crash|p1a: Hippowdon
|-supereffective|p1a: Hippowdon
|-damage|p1a: Hippowdon|0 fnt
|faint|p1a: Hippowdon
|
|-weather|Sandstorm|[upkeep]
|upkeep
|
|t:|1729899749
|switch|p1a: Scizor|Scizor, M|88/100
|-damage|p1a: Scizor|76/100|[from] Stealth Rock
|turn|27
|
|t:|1729899751
|switch|p2a: Tentacruel|Tentacruel, F|37/100
|-damage|p2a: Tentacruel|25/100|[from] Stealth Rock
|move|p1a: Scizor|Bullet Punch|p2a: Tentacruel
|-resisted|p2a: Tentacruel
|-damage|p2a: Tentacruel|0 fnt
|faint|p2a: Tentacruel
|
|-weather|Sandstorm|[upkeep]
|upkeep
|
|t:|1729899754
|switch|p2a: Latios|Latios, M, shiny|100/100
|-damage|p2a: Latios|88/100|[from] Stealth Rock
|turn|28
|j| ReallyFunTeams
|
|t:|1729899759
|move|p1a: Scizor|Bullet Punch|p2a: Latios
|-damage|p2a: Latios|20/100
|move|p2a: Latios|Surf|p1a: Scizor
|-damage|p1a: Scizor|33/100
|
|-weather|Sandstorm|[upkeep]
|-damage|p2a: Latios|14/100|[from] Sandstorm
|upkeep
|turn|29
|
|t:|1729899763
|move|p1a: Scizor|Bullet Punch|p2a: Latios
|-damage|p2a: Latios|0 fnt
|faint|p2a: Latios
|
|-weather|Sandstorm|[upkeep]
|upkeep
|-message|Zukob1 forfeited.
|
|win|Primary Trout
|raw|Primary Trout's rating: 1302 &rarr; <strong>1327</strong><br />(+25 for winning)
|raw|Zukob1's rating: 1400 &rarr; <strong>1375</strong><br />(-25 for losing)
|l|☆Zukob1
|player|p2|
