|uhtml|medal-msg|<div class="broadcast-blue">Curious what those medals under the avatar are? PS now has Ladder Seasons! For more information, check out the <a href="https://www.smogon.com/forums/threads/3740067/">thread on Smogon.</a></div>
|uhtml|medal-msg|<div class="broadcast-blue">Curious what those medals under the avatar are? PS now has Ladder Seasons! For more information, check out the <a href="https://www.smogon.com/forums/threads/3740067/">thread on Smogon.</a></div>
|j|☆blueishgreen
|j|☆Yokao893
|t:|1713203697
|gametype|singles
|player|p1|blueishgreen|170|1340
|player|p2|Yokao893|hilbert|1301
|teamsize|p1|6
|teamsize|p2|6
|gen|5
|tier|[Gen 5] OU
|rated|
|rule|Species Clause: Limit one of each Pokémon
|rule|OHKO Clause: OHKO moves are banned
|rule|Moody Clause: Moody is banned
|rule|Evasion Items Clause: Evasion items are banned
|rule|Evasion Moves Clause: Evasion moves are banned
|rule|Endless Battle Clause: Forcing endless battles is banned
|rule|HP Percentage Mod: HP is shown in percentages
|rule|Evasion Abilities Clause: Evasion abilities are banned
|rule|Sleep Moves Clause: Sleep-inducing moves are banned
|rule|Swagger Clause: Swagger is banned
|rule|Baton Pass Stat Clause: No Baton Passer may have a way to boost its stats
|clearpoke
|poke|p1|Abomasnow, M|item
|poke|p1|Kyurem|item
|poke|p1|Tentacruel, M|item
|poke|p1|Landorus-Therian, M|item
|poke|p1|Jirachi|item
|poke|p1|Latios, M|item
|poke|p2|Starmie|item
|poke|p2|Kyurem-Black|item
|poke|p2|Latios, M|item
|poke|p2|Magnezone|item
|poke|p2|Scizor, M|item
|poke|p2|Garchomp, M|item
|teampreview
|inactive|Battle timer is ON: inactive players will automatically lose when time's up. (requested by Yokao893)
|
|t:|1713203707
|start
|switch|p1a: Landorus|Landorus-Therian, M|100/100
|switch|p2a: Edward|Scizor, M|100/100
|-ability|p1a: Landorus|Intimidate|boost
|-unboost|p2a: Edward|atk|1
|turn|1
|
|t:|1713203714
|move|p1a: Landorus|Stealth Rock|p2a: Edward
|-sidestart|p2: Yokao893|move: Stealth Rock
|move|p2a: Edward|U-turn|p1a: Landorus
|-resisted|p1a: Landorus
|-damage|p1a: Landorus|91/100
|
|t:|1713203716
|switch|p2a: Mach|Garchomp, M|100/100|[from] U-turn
|-damage|p2a: Mach|94/100|[from] Stealth Rock
|
|-heal|p1a: Landorus|97/100|[from] item: Leftovers
|upkeep
|turn|2
|
|t:|1713203724
|move|p2a: Mach|Stealth Rock|p1a: Landorus
|-sidestart|p1: blueishgreen|move: Stealth Rock
|move|p1a: Landorus|Hidden Power|p2a: Mach
|-supereffective|p2a: Mach
|-enditem|p2a: Mach|Yache Berry|[eat]
|-enditem|p2a: Mach|Yache Berry|[weaken]
|-damage|p2a: Mach|58/100
|
|-heal|p1a: Landorus|100/100|[from] item: Leftovers
|upkeep
|turn|3
|
|t:|1713203733
|switch|p2a: Ultraman|Starmie|100/100
|-damage|p2a: Ultraman|88/100|[from] Stealth Rock
|-item|p2a: Ultraman|Air Balloon
|move|p1a: Landorus|U-turn|p2a: Ultraman
|-supereffective|p2a: Ultraman
|-damage|p2a: Ultraman|16/100
|-enditem|p2a: Ultraman|Air Balloon
|
|t:|1713203759
|switch|p1a: Latios|Latios, M|100/100|[from] U-turn
|-damage|p1a: Latios|88/100|[from] Stealth Rock
|
|upkeep
|turn|4
|inactive|blueishgreen has 120 seconds left.
|
|t:|1713203778
|switch|p2a: Edward|Scizor, M|100/100
|-damage|p2a: Edward|88/100|[from] Stealth Rock
|move|p1a: Latios|Surf|p2a: Edward
|-damage|p2a: Edward|51/100
|
|-heal|p2a: Edward|57/100|[from] item: Leftovers
|upkeep
|turn|5
|
|t:|1713203786
|-activate|p1a: Latios|move: Pursuit
|move|p2a: Edward|Pursuit|p1a: Latios|[from]Pursuit
|-supereffective|p1a: Latios
|-damage|p1a: Latios|13/100
|switch|p1a: Landorus|Landorus-Therian, M|100/100
|-damage|p1a: Landorus|88/100|[from] Stealth Rock
|-ability|p1a: Landorus|Intimidate|boost
|-unboost|p2a: Edward|atk|1
|
|-heal|p1a: Landorus|94/100|[from] item: Leftovers
|-heal|p2a: Edward|63/100|[from] item: Leftovers
|upkeep
|turn|6
|
|t:|1713203798
|move|p1a: Landorus|U-turn|p2a: Edward
|-resisted|p2a: Edward
|-damage|p2a: Edward|52/100
|
|t:|1713203802
|switch|p1a: Tentacruel|Tentacruel, M|100/100|[from] U-turn
|-damage|p1a: Tentacruel|88/100|[from] Stealth Rock
|move|p2a: Edward|Roost|p2a: Edward
|-heal|p2a: Edward|100/100
|-singleturn|p2a: Edward|move: Roost
|
|-heal|p1a: Tentacruel|94/100|[from] item: Black Sludge
|upkeep
|turn|7
|
|t:|1713203811
|move|p1a: Tentacruel|Rapid Spin|p2a: Edward
|-resisted|p2a: Edward
|-damage|p2a: Edward|99/100
|-sideend|p1: blueishgreen|Stealth Rock|[from] move: Rapid Spin|[of] p1a: Tentacruel
|move|p2a: Edward|U-turn|p1a: Tentacruel
|-resisted|p1a: Tentacruel
|-damage|p1a: Tentacruel|76/100
|
|t:|1713203814
|switch|p2a: Ultraman|Starmie|16/100|[from] U-turn
|-damage|p2a: Ultraman|4/100|[from] Stealth Rock
|
|-heal|p1a: Tentacruel|82/100|[from] item: Black Sludge
|upkeep
|turn|8
|
|t:|1713203827
|switch|p1a: Abomasnow|Abomasnow, M, shiny|100/100
|-weather|Hail|[from] ability: Snow Warning|[of] p1a: Abomasnow
|move|p2a: Ultraman|Rapid Spin|p1a: Abomasnow
|-damage|p1a: Abomasnow|96/100
|-sideend|p2: Yokao893|Stealth Rock|[from] move: Rapid Spin|[of] p2a: Ultraman
|
|-weather|Hail|[upkeep]
|-damage|p2a: Ultraman|0 fnt|[from] Hail
|faint|p2a: Ultraman
|-heal|p1a: Abomasnow|100/100|[from] item: Leftovers
|upkeep
|
|t:|1713203833
|switch|p2a: Edward|Scizor, M|99/100
|turn|9
|
|t:|1713203841
|switch|p1a: Landorus|Landorus-Therian, M|94/100
|-ability|p1a: Landorus|Intimidate|boost
|-unboost|p2a: Edward|atk|1
|move|p2a: Edward|U-turn|p1a: Landorus
|-resisted|p1a: Landorus
|-damage|p1a: Landorus|86/100
|
|t:|1713203845
|switch|p2a: Alex|Kyurem-Black|100/100|[from] U-turn
|-ability|p2a: Alex|Teravolt
|
|-weather|Hail|[upkeep]
|-damage|p1a: Landorus|80/100|[from] Hail
|-heal|p1a: Landorus|86/100|[from] item: Leftovers
|upkeep
|turn|10
|
|t:|1713203854
|switch|p1a: Jirachi|Jirachi|100/100
|move|p2a: Alex|Dragon Claw|p1a: Jirachi
|-resisted|p1a: Jirachi
|-damage|p1a: Jirachi|64/100
|
|-weather|Hail|[upkeep]
|-damage|p1a: Jirachi|57/100|[from] Hail
|-heal|p1a: Jirachi|64/100|[from] item: Leftovers
|upkeep
|turn|11
|
|t:|1713203863
|switch|p2a: Gorilla Grip|Magnezone|100/100
|-item|p2a: Gorilla Grip|Air Balloon
|move|p1a: Jirachi|U-turn|p2a: Gorilla Grip
|-resisted|p2a: Gorilla Grip
|-damage|p2a: Gorilla Grip|92/100
|-enditem|p2a: Gorilla Grip|Air Balloon
|
|t:|1713203870
|switch|p1a: Landorus|Landorus-Therian, M|86/100|[from] U-turn
|-ability|p1a: Landorus|Intimidate|boost
|-unboost|p2a: Gorilla Grip|atk|1
|
|-weather|Hail|[upkeep]
|-damage|p2a: Gorilla Grip|86/100|[from] Hail
|-damage|p1a: Landorus|80/100|[from] Hail
|-heal|p1a: Landorus|86/100|[from] item: Leftovers
|upkeep
|turn|12
|
|t:|1713203881
|switch|p2a: Alex|Kyurem-Black|100/100
|-ability|p2a: Alex|Teravolt
|move|p1a: Landorus|Stealth Rock|p2a: Alex
|-sidestart|p2: Yokao893|move: Stealth Rock
|
|-weather|Hail|[upkeep]
|-damage|p1a: Landorus|80/100|[from] Hail
|-heal|p1a: Landorus|86/100|[from] item: Leftovers
|upkeep
|turn|13
|
|t:|1713203892
|switch|p1a: Abomasnow|Abomasnow, M, shiny|100/100
|move|p2a: Alex|Dragon Claw|p1a: Abomasnow
|-damage|p1a: Abomasnow|0 fnt
|faint|p1a: Abomasnow
|
|-weather|Hail|[upkeep]
|upkeep
|
|t:|1713203899
|switch|p1a: Jirachi|Jirachi|64/100
|turn|14
|
|t:|1713203903
|move|p2a: Alex|Dragon Claw|p1a: Jirachi
|-resisted|p1a: Jirachi
|-damage|p1a: Jirachi|27/100
|move|p1a: Jirachi|Wish|p1a: Jirachi
|
|-weather|Hail|[upkeep]
|-damage|p1a: Jirachi|21/100|[from] Hail
|-heal|p1a: Jirachi|27/100|[from] item: Leftovers
|upkeep
|turn|15
|
|t:|1713203913
|switch|p2a: Gorilla Grip|Magnezone|86/100
|-damage|p2a: Gorilla Grip|80/100|[from] Stealth Rock
|switch|p1a: Landorus|Landorus-Therian, M|86/100
|-ability|p1a: Landorus|Intimidate|boost
|-unboost|p2a: Gorilla Grip|atk|1
|
|-weather|Hail|[upkeep]
|-damage|p2a: Gorilla Grip|74/100|[from] Hail
|-damage|p1a: Landorus|80/100|[from] Hail
|-heal|p1a: Landorus|100/100|[from] move: Wish|[wisher] Jirachi
|upkeep
|turn|16
|
|t:|1713203925
|switch|p2a: B-61|Latios, M|100/100
|-damage|p2a: B-61|88/100|[from] Stealth Rock
|move|p1a: Landorus|U-turn|p2a: B-61
|-supereffective|p2a: B-61
|-damage|p2a: B-61|22/100
|
|t:|1713203937
|switch|p1a: Latios|Latios, M|13/100|[from] U-turn
|
|-weather|Hail|[upkeep]
|-damage|p1a: Latios|7/100|[from] Hail
|-damage|p2a: B-61|16/100|[from] Hail
|upkeep
|turn|17
|
|t:|1713203945
|move|p2a: B-61|Dragon Pulse|p1a: Latios
|-supereffective|p1a: Latios
|-damage|p1a: Latios|0 fnt
|faint|p1a: Latios
|
|-weather|Hail|[upkeep]
|-damage|p2a: B-61|10/100|[from] Hail
|upkeep
|
|t:|1713203952
|switch|p1a: Jirachi|Jirachi|27/100
|turn|18
|
|t:|1713203955
|move|p2a: B-61|Dragon Pulse|p1a: Jirachi
|-resisted|p1a: Jirachi
|-damage|p1a: Jirachi|12/100
|move|p1a: Jirachi|Wish|p1a: Jirachi
|
|-weather|Hail|[upkeep]
|-damage|p2a: B-61|4/100|[from] Hail
|-damage|p1a: Jirachi|6/100|[from] Hail
|-heal|p1a: Jirachi|12/100|[from] item: Leftovers
|upkeep
|turn|19
|
|t:|1713203964
|switch|p1a: Tentacruel|Tentacruel, M|82/100
|move|p2a: B-61|Dragon Pulse|p1a: Tentacruel
|-damage|p1a: Tentacruel|43/100
|
|-weather|Hail|[upkeep]
|-damage|p2a: B-61|0 fnt|[from] Hail
|-damage|p1a: Tentacruel|37/100|[from] Hail
|faint|p2a: B-61
|-heal|p1a: Tentacruel|93/100|[from] move: Wish|[wisher] Jirachi
|-heal|p1a: Tentacruel|99/100|[from] item: Black Sludge
|upkeep
|
|t:|1713203969
|switch|p2a: Gorilla Grip|Magnezone|74/100
|-damage|p2a: Gorilla Grip|68/100|[from] Stealth Rock
|turn|20
|j| aquiles meo
|
|t:|1713203978
|switch|p1a: Jirachi|Jirachi|12/100
|move|p2a: Gorilla Grip|Sunny Day|p2a: Gorilla Grip
|-weather|SunnyDay
|
|-weather|SunnyDay|[upkeep]
|-heal|p1a: Jirachi|19/100|[from] item: Leftovers
|upkeep
|turn|21
|
|t:|1713203987
|move|p1a: Jirachi|Body Slam|p2a: Gorilla Grip
|-resisted|p2a: Gorilla Grip
|-damage|p2a: Gorilla Grip|58/100
|move|p2a: Gorilla Grip|Hidden Power|p1a: Jirachi
|-supereffective|p1a: Jirachi
|-damage|p1a: Jirachi|0 fnt
|faint|p1a: Jirachi
|
|-weather|SunnyDay|[upkeep]
|upkeep
|
|t:|1713203995
|switch|p1a: Kyurem|Kyurem|100/100
|-ability|p1a: Kyurem|Pressure
|turn|22
|
|t:|1713203999
|switch|p2a: Edward|Scizor, M|99/100
|-damage|p2a: Edward|86/100|[from] Stealth Rock
|move|p1a: Kyurem|Substitute|p1a: Kyurem
|-start|p1a: Kyurem|Substitute
|-damage|p1a: Kyurem|76/100
|
|-weather|SunnyDay|[upkeep]
|-heal|p1a: Kyurem|82/100|[from] item: Leftovers
|-heal|p2a: Edward|92/100|[from] item: Leftovers
|upkeep
|turn|23
|
|t:|1713204017
|switch|p1a: Tentacruel|Tentacruel, M|99/100
|move|p2a: Edward|Bullet Punch|p1a: Tentacruel
|-resisted|p1a: Tentacruel
|-damage|p1a: Tentacruel|76/100
|
|-weather|SunnyDay|[upkeep]
|-heal|p1a: Tentacruel|82/100|[from] item: Black Sludge
|-heal|p2a: Edward|98/100|[from] item: Leftovers
|upkeep
|turn|24
|
|t:|1713204026
|move|p1a: Tentacruel|Scald|p2a: Edward
|-damage|p2a: Edward|87/100
|-status|p2a: Edward|brn
|move|p2a: Edward|U-turn|p1a: Tentacruel
|-resisted|p1a: Tentacruel
|-damage|p1a: Tentacruel|70/100
|
|t:|1713204030
|switch|p2a: Alex|Kyurem-Black|100/100|[from] U-turn
|-damage|p2a: Alex|76/100|[from] Stealth Rock
|-ability|p2a: Alex|Teravolt
|
|-weather|none
|-heal|p1a: Tentacruel|76/100|[from] item: Black Sludge
|upkeep
|turn|25
|
|t:|1713204039
|switch|p1a: Landorus|Landorus-Therian, M|100/100
|-ability|p1a: Landorus|Intimidate|boost
|-unboost|p2a: Alex|atk|1
|move|p2a: Alex|Outrage|p1a: Landorus
|-damage|p1a: Landorus|47/100
|
|-heal|p1a: Landorus|53/100|[from] item: Leftovers
|upkeep
|turn|26
|
|t:|1713204054
|move|p2a: Alex|Outrage|p1a: Landorus|[from]lockedmove
|-damage|p1a: Landorus|0 fnt
|faint|p1a: Landorus
|-start|p2a: Alex|confusion|[fatigue]
|
|upkeep
|
|t:|1713204060
|switch|p1a: Kyurem|Kyurem|82/100
|-ability|p1a: Kyurem|Pressure
|turn|27
|
|t:|1713204064
|move|p1a: Kyurem|Substitute|p1a: Kyurem
|-start|p1a: Kyurem|Substitute
|-damage|p1a: Kyurem|57/100
|-activate|p2a: Alex|confusion
|move|p2a: Alex|Outrage|p1a: Kyurem
|-supereffective|p1a: Kyurem
|-end|p1a: Kyurem|Substitute
|
|-heal|p1a: Kyurem|63/100|[from] item: Leftovers
|upkeep
|turn|28
|
|t:|1713204072
|move|p1a: Kyurem|Substitute|p1a: Kyurem
|-start|p1a: Kyurem|Substitute
|-damage|p1a: Kyurem|38/100
|-end|p2a: Alex|confusion
|move|p2a: Alex|Outrage|p1a: Kyurem|[from]lockedmove
|-supereffective|p1a: Kyurem
|-end|p1a: Kyurem|Substitute
|
|-heal|p1a: Kyurem|44/100|[from] item: Leftovers
|upkeep
|turn|29
|-message|blueishgreen forfeited.
|
|win|Yokao893
|raw|blueishgreen's rating: 1340 &rarr; <strong>1318</strong><br />(-22 for losing)
|raw|Yokao893's rating: 1301 &rarr; <strong>1323</strong><br />(+22 for winning)
|l|☆blueishgreen
|player|p1|
|l|☆Yokao893
|player|p2|
