|join|No Nice Names Left
|join|☼aRiZTeRoZ☼
|player|p1|No Nice Names Left|121
|player|p2|☼aRiZTeRoZ☼|96
|gametype|singles
|gen|5
|tier|[Gen 5] OU
|rated
|rule|Evasion Abilities Clause: Evasion abilities are banned
|clearpoke
|poke|p1|Tyranitar, M
|poke|p1|Jellicent, F
|poke|p1|Forretress, F
|poke|p1|Jirachi
|poke|p1|Tangrowth, M
|poke|p1|Zapdos
|poke|p2|Politoed, M, shiny
|poke|p2|Tornadus, M
|poke|p2|Raikou, shiny
|poke|p2|Volcarona, M
|poke|p2|Swampert, M
|poke|p2|Forretress, M
|rule|Sleep Clause Mod: Limit one foe put to sleep
|rule|Species Clause: Limit one of each Pokemon
|rule|OHKO Clause: OHKO moves are banned
|rule|Moody Clause: Moody is banned
|rule|Evasion Moves Clause: Evasion moves are banned
|rule|Endless Battle Clause: Forcing endless battles is banned.
|rule|HP Percentage Mod: HP is reported as percentages
|teampreview
|
|start
|switch|p1a: Jirachi|Jirachi|377/377
|switch|p2a: Politoed|Politoed, M, shiny|384/384
|-weather|RainDance|[from] ability: Drizzle|[of] p2a: Politoed
|turn|1
|join|Cocaine Crusader
|
|move|p2a: Politoed|Protect|p2a: Politoed
|-singleturn|p2a: Politoed|Protect
|move|p1a: Jirachi|U-turn|p2a: Politoed
|-activate|p2a: Politoed|Protect
|
|-weather|RainDance|[upkeep]
|turn|2
|
|switch|p2a: Volcarona|Volcarona, M|311/311
|move|p1a: Jirachi|U-turn|p2a: Volcarona
|-resisted|p2a: Volcarona
|-damage|p2a: Volcarona|265/311
|
|switch|p1a: Tyranitar|Tyranitar, M|404/404
|-weather|Sandstorm|[from] ability: Sand Stream|[of] p1a: Tyranitar
|
|-weather|Sandstorm|[upkeep]
|-damage|p2a: Volcarona|246/311|[from] sandstorm
|-heal|p2a: Volcarona|265/311|[from] item: Leftovers
|turn|3
|
|switch|p2a: Politoed|Politoed, M, shiny|384/384
|-weather|RainDance|[from] ability: Drizzle|[of] p2a: Politoed
|move|p1a: Tyranitar|Stone Edge|p2a: Politoed
|-damage|p2a: Politoed|264/384
|
|-weather|RainDance|[upkeep]
|-heal|p2a: Politoed|288/384|[from] item: Leftovers
|turn|4
|
|switch|p1a: Zapdos|Zapdos|383/383
|-ability|p1a: Zapdos|Pressure
|move|p2a: Politoed|Toxic|p1a: Zapdos
|-status|p1a: Zapdos|tox
|
|-weather|RainDance|[upkeep]
|-heal|p2a: Politoed|312/384|[from] item: Leftovers
|-damage|p1a: Zapdos|360/383 tox|[from] psn
|turn|5
|
|switch|p1a: Tyranitar|Tyranitar, M|404/404
|-weather|Sandstorm|[from] ability: Sand Stream|[of] p1a: Tyranitar
|switch|p2a: Swampert|Swampert, M|384/384
|
|-weather|Sandstorm|[upkeep]
|turn|6
|
|move|p2a: Swampert|Ice Punch|p1a: Tyranitar
|-damage|p1a: Tyranitar|280/404
|move|p1a: Tyranitar|Stealth Rock|p2a: Swampert
|-sidestart|p2: ☼aRiZTeRoZ☼|move: Stealth Rock
|
|-weather|Sandstorm|[upkeep]
|-heal|p1a: Tyranitar|305/404|[from] item: Leftovers
|turn|7
|
|switch|p1a: Tangrowth|Tangrowth, M|403/403
|move|p2a: Swampert|Ice Punch|p1a: Tangrowth
|-supereffective|p1a: Tangrowth
|-damage|p1a: Tangrowth|211/403
|
|-weather|Sandstorm|[upkeep]
|-damage|p1a: Tangrowth|186/403|[from] sandstorm
|-heal|p1a: Tangrowth|211/403|[from] item: Leftovers
|turn|8
|
|switch|p2a: Volcarona|Volcarona, M|265/311
|-damage|p2a: Volcarona|110/311|[from] Stealth Rock
|move|p1a: Tangrowth|Sleep Powder|p2a: Volcarona|[miss]
|-miss|p1a: Tangrowth|p2a: Volcarona
|
|-weather|Sandstorm|[upkeep]
|-damage|p2a: Volcarona|91/311|[from] sandstorm
|-damage|p1a: Tangrowth|186/403|[from] sandstorm
|-heal|p2a: Volcarona|110/311|[from] item: Leftovers
|-heal|p1a: Tangrowth|211/403|[from] item: Leftovers
|turn|9
|
|switch|p1a: Tyranitar|Tyranitar, M|305/404
|move|p2a: Volcarona|Quiver Dance|p2a: Volcarona
|-boost|p2a: Volcarona|spa|1
|-boost|p2a: Volcarona|spd|1
|-boost|p2a: Volcarona|spe|1
|
|-weather|Sandstorm|[upkeep]
|-damage|p2a: Volcarona|91/311|[from] sandstorm
|-heal|p2a: Volcarona|110/311|[from] item: Leftovers
|-heal|p1a: Tyranitar|330/404|[from] item: Leftovers
|turn|10
|chat|No Nice Names Left|Miss all the time
|
|move|p2a: Volcarona|Bug Buzz|p1a: Tyranitar
|-supereffective|p1a: Tyranitar
|-damage|p1a: Tyranitar|112/404
|move|p1a: Tyranitar|Stone Edge|p2a: Volcarona
|-supereffective|p2a: Volcarona
|-damage|p2a: Volcarona|0 fnt
|faint|p2a: Volcarona
|
|-weather|Sandstorm|[upkeep]
|-heal|p1a: Tyranitar|137/404|[from] item: Leftovers
|
|switch|p2a: Politoed|Politoed, M, shiny|312/384
|-damage|p2a: Politoed|264/384|[from] Stealth Rock
|-weather|RainDance|[from] ability: Drizzle|[of] p2a: Politoed
|turn|11
|
|switch|p1a: Zapdos|Zapdos|360/383 tox
|-ability|p1a: Zapdos|Pressure
|move|p2a: Politoed|Scald|p1a: Zapdos
|-damage|p1a: Zapdos|260/383 tox
|
|-weather|RainDance|[upkeep]
|-heal|p1a: Zapdos|283/383 tox|[from] item: Leftovers
|-heal|p2a: Politoed|288/384|[from] item: Leftovers
|-damage|p1a: Zapdos|260/383 tox|[from] psn
|turn|12
|
|move|p2a: Politoed|Protect|p2a: Politoed
|-singleturn|p2a: Politoed|Protect
|move|p1a: Zapdos|Toxic|p2a: Politoed
|-activate|p2a: Politoed|Protect
|
|-weather|RainDance|[upkeep]
|-heal|p1a: Zapdos|283/383 tox|[from] item: Leftovers
|-heal|p2a: Politoed|312/384|[from] item: Leftovers
|-damage|p1a: Zapdos|237/383 tox|[from] psn
|turn|13
|
|switch|p2a: Forretress|Forretress, M|354/354
|-damage|p2a: Forretress|310/354|[from] Stealth Rock
|move|p1a: Zapdos|Roost|p1a: Zapdos
|-heal|p1a: Zapdos|383/383 tox
|
|-weather|RainDance|[upkeep]
|-heal|p2a: Forretress|332/354|[from] item: Leftovers
|-damage|p1a: Zapdos|314/383 tox|[from] psn
|turn|14
|
|switch|p1a: Jellicent|Jellicent, F|403/403
|move|p2a: Forretress|Stealth Rock|p1a: Jellicent
|-sidestart|p1: No Nice Names Left|move: Stealth Rock
|
|-weather|RainDance|[upkeep]
|-heal|p2a: Forretress|354/354|[from] item: Leftovers
|turn|15
|
|move|p1a: Jellicent|Will-O-Wisp|p2a: Forretress
|-status|p2a: Forretress|brn
|move|p2a: Forretress|Volt Switch|p1a: Jellicent
|-supereffective|p1a: Jellicent
|-damage|p1a: Jellicent|345/403
|
|switch|p2a: Raikou|Raikou, shiny|321/321
|-damage|p2a: Raikou|281/321|[from] Stealth Rock
|-ability|p2a: Raikou|Pressure
|
|-weather|RainDance|[upkeep]
|-heal|p1a: Jellicent|370/403|[from] item: Leftovers
|turn|16
|
|switch|p1a: Zapdos|Zapdos|314/383 tox
|-damage|p1a: Zapdos|219/383 tox|[from] Stealth Rock
|-ability|p1a: Zapdos|Pressure
|move|p2a: Raikou|Thunder|p1a: Zapdos
|-damage|p1a: Zapdos|66/383 tox
|
|-weather|RainDance|[upkeep]
|-heal|p1a: Zapdos|89/383 tox|[from] item: Leftovers
|-damage|p1a: Zapdos|66/383 tox|[from] psn
|turn|17
|
|switch|p1a: Tyranitar|Tyranitar, M|137/404
|-damage|p1a: Tyranitar|87/404|[from] Stealth Rock
|-weather|Sandstorm|[from] ability: Sand Stream|[of] p1a: Tyranitar
|move|p2a: Raikou|Thunder|p1a: Tyranitar
|-damage|p1a: Tyranitar|0 fnt
|faint|p1a: Tyranitar
|
|-weather|Sandstorm|[upkeep]
|-damage|p2a: Raikou|261/321|[from] sandstorm
|
|switch|p1a: Jirachi|Jirachi|377/377
|-damage|p1a: Jirachi|354/377|[from] Stealth Rock
|turn|18
|
|switch|p2a: Politoed|Politoed, M, shiny|312/384
|-damage|p2a: Politoed|264/384|[from] Stealth Rock
|-weather|RainDance|[from] ability: Drizzle|[of] p2a: Politoed
|move|p1a: Jirachi|Trick|p2a: Politoed
|-activate|p1a: Jirachi|move: Trick|[of] p2a: Politoed
|-item|p2a: Politoed|Choice Scarf|[from] move: Trick
|-item|p1a: Jirachi|Leftovers|[from] move: Trick
|
|-weather|RainDance|[upkeep]
|-heal|p1a: Jirachi|377/377|[from] item: Leftovers
|turn|19
|
|move|p1a: Jirachi|U-turn|p2a: Politoed
|-damage|p2a: Politoed|201/384
|
|switch|p1a: Forretress|Forretress, F|353/353
|-damage|p1a: Forretress|309/353|[from] Stealth Rock
|move|p2a: Politoed|Ice Beam|p1a: Forretress
|-resisted|p1a: Forretress
|-damage|p1a: Forretress|256/353
|
|-weather|RainDance|[upkeep]
|-heal|p1a: Forretress|278/353|[from] item: Leftovers
|turn|20
|
|switch|p2a: Swampert|Swampert, M|384/384
|-damage|p2a: Swampert|360/384|[from] Stealth Rock
|move|p1a: Forretress|Spikes|p2a: Swampert
|-sidestart|p2: ☼aRiZTeRoZ☼|Spikes
|
|-weather|RainDance|[upkeep]
|-heal|p1a: Forretress|300/353|[from] item: Leftovers
|turn|21
|
|move|p2a: Swampert|Waterfall|p1a: Forretress
|-damage|p1a: Forretress|119/353
|move|p1a: Forretress|Rapid Spin|p2a: Swampert
|-damage|p2a: Swampert|344/384
|-sideend|p1: No Nice Names Left|Stealth Rock|[from] move: Rapid Spin|[of] p1a: Forretress
|
|-weather|RainDance|[upkeep]
|-heal|p1a: Forretress|141/353|[from] item: Leftovers
|turn|22
|
|switch|p1a: Jellicent|Jellicent, F|370/403
|move|p2a: Swampert|Waterfall|p1a: Jellicent
|-heal|p1a: Jellicent|403/403|[from] ability: Water Absorb|[of] p2a: Swampert
|
|-weather|RainDance|[upkeep]
|turn|23
|
|switch|p2a: Forretress|Forretress, M|354/354 brn
|-damage|p2a: Forretress|310/354 brn|[from] Spikes
|-damage|p2a: Forretress|266/354 brn|[from] Stealth Rock
|move|p1a: Jellicent|Scald|p2a: Forretress
|-damage|p2a: Forretress|151/354 brn
|
|-weather|RainDance|[upkeep]
|-heal|p2a: Forretress|173/354 brn|[from] item: Leftovers
|-damage|p2a: Forretress|129/354 brn|[from] brn
|turn|24
|
|move|p1a: Jellicent|Taunt|p2a: Forretress
|-start|p2a: Forretress|move: Taunt
|cant|p2a: Forretress|move: Taunt|Stealth Rock
|
|-weather|RainDance|[upkeep]
|-heal|p2a: Forretress|151/354 brn|[from] item: Leftovers
|-damage|p2a: Forretress|107/354 brn|[from] brn
|turn|25
|
|switch|p2a: Raikou|Raikou, shiny|261/321
|-damage|p2a: Raikou|221/321|[from] Spikes
|-damage|p2a: Raikou|181/321|[from] Stealth Rock
|-ability|p2a: Raikou|Pressure
|move|p1a: Jellicent|Scald|p2a: Raikou
|-damage|p2a: Raikou|33/321
|
|-weather|RainDance|[upkeep]
|turn|26
|
|switch|p1a: Forretress|Forretress, F|141/353
|move|p2a: Raikou|Thunder|p1a: Forretress
|-damage|p1a: Forretress|0 fnt
|faint|p1a: Forretress
|
|-weather|RainDance|[upkeep]
|
|switch|p1a: Jirachi|Jirachi|377/377
|turn|27
|
|switch|p2a: Swampert|Swampert, M|344/384
|-damage|p2a: Swampert|320/384|[from] Stealth Rock
|-damage|p2a: Swampert|272/384|[from] Spikes
|move|p1a: Jirachi|Iron Head|p2a: Swampert
|-resisted|p2a: Swampert
|-damage|p2a: Swampert|208/384
|
|-weather|RainDance|[upkeep]
|turn|28
|
|switch|p1a: Tangrowth|Tangrowth, M|345/403
|move|p2a: Swampert|Earthquake|p1a: Tangrowth
|-resisted|p1a: Tangrowth
|-damage|p1a: Tangrowth|254/403
|
|-weather|RainDance|[upkeep]
|-heal|p1a: Tangrowth|279/403|[from] item: Leftovers
|turn|29
|
|switch|p2a: Forretress|Forretress, M|107/354 brn
|-damage|p2a: Forretress|63/354 brn|[from] Stealth Rock
|-damage|p2a: Forretress|19/354 brn|[from] Spikes
|move|p1a: Tangrowth|Leech Seed|p2a: Forretress
|-start|p2a: Forretress|move: Leech Seed
|
|-weather|RainDance|[upkeep]
|-heal|p1a: Tangrowth|304/403|[from] item: Leftovers
|-heal|p2a: Forretress|41/354 brn|[from] item: Leftovers
|-damage|p2a: Forretress|0 fnt|[from] Leech Seed|[of] p1a: Tangrowth
|-heal|p1a: Tangrowth|345/403|[silent]
|faint|p2a: Forretress
|
|switch|p2a: Tornadus|Tornadus, M|299/299
|-damage|p2a: Tornadus|225/299|[from] Stealth Rock
|turn|30
|
|switch|p1a: Jellicent|Jellicent, F|403/403
|move|p2a: Tornadus|Tailwind|p2a: Tornadus
|-sidestart|p2: ☼aRiZTeRoZ☼|move: Tailwind
|
|-weather|RainDance|[upkeep]
|turn|31
|
|move|p2a: Tornadus|Hurricane|p1a: Jellicent
|-crit|p1a: Jellicent
|-damage|p1a: Jellicent|0 fnt
|-damage|p2a: Tornadus|196/299|[from] item: Life Orb
|faint|p1a: Jellicent
|
|-weather|RainDance|[upkeep]
|chat|No Nice Names Left|dat critical hi
|
|switch|p1a: Jirachi|Jirachi|377/377
|turn|32
|
|move|p2a: Tornadus|U-turn|p1a: Jirachi
|-damage|p1a: Jirachi|303/377
|-damage|p2a: Tornadus|167/299|[from] item: Life Orb
|
|switch|p2a: Swampert|Swampert, M|208/384
|-damage|p2a: Swampert|184/384|[from] Stealth Rock
|-damage|p2a: Swampert|136/384|[from] Spikes
|move|p1a: Jirachi|Ice Punch|p2a: Swampert
|-damage|p2a: Swampert|50/384
|
|-weather|RainDance|[upkeep]
|-heal|p1a: Jirachi|326/377|[from] item: Leftovers
|turn|33
|
|move|p2a: Swampert|Earthquake|p1a: Jirachi
|-supereffective|p1a: Jirachi
|-damage|p1a: Jirachi|0 fnt
|faint|p1a: Jirachi
|
|-weather|RainDance|[upkeep]
|-sideend|p2: ☼aRiZTeRoZ☼|move: Tailwind
|
|switch|p1a: Zapdos|Zapdos|66/383 tox
|-ability|p1a: Zapdos|Pressure
|turn|34
|
|switch|p2a: Raikou|Raikou, shiny|33/321
|-damage|p2a: Raikou|0 fnt|[from] Spikes
|faint|p2a: Raikou
|move|p1a: Zapdos|Roost|p1a: Zapdos
|-heal|p1a: Zapdos|258/383 tox
|
|-weather|RainDance|[upkeep]
|-heal|p1a: Zapdos|281/383 tox|[from] item: Leftovers
|-damage|p1a: Zapdos|258/383 tox|[from] psn
|
|switch|p2a: Tornadus|Tornadus, M|167/299
|-damage|p2a: Tornadus|93/299|[from] Stealth Rock
|turn|35
|
|move|p2a: Tornadus|Hurricane|p1a: Zapdos
|-resisted|p1a: Zapdos
|-damage|p1a: Zapdos|153/383 tox
|-damage|p2a: Tornadus|64/299|[from] item: Life Orb
|move|p1a: Zapdos|Roost|p1a: Zapdos
|-heal|p1a: Zapdos|345/383 tox
|
|-weather|RainDance|[upkeep]
|-heal|p1a: Zapdos|368/383 tox|[from] item: Leftovers
|-damage|p1a: Zapdos|322/383 tox|[from] psn
|turn|36
|
|move|p2a: Tornadus|Hurricane|p1a: Zapdos
|-resisted|p1a: Zapdos
|-damage|p1a: Zapdos|213/383 tox
|-damage|p2a: Tornadus|35/299|[from] item: Life Orb
|move|p1a: Zapdos|Thunderbolt|p2a: Tornadus
|-supereffective|p2a: Tornadus
|-damage|p2a: Tornadus|0 fnt
|faint|p2a: Tornadus
|
|-weather|RainDance|[upkeep]
|-heal|p1a: Zapdos|236/383 tox|[from] item: Leftovers
|-damage|p1a: Zapdos|167/383 tox|[from] psn
|
|switch|p2a: Swampert|Swampert, M|50/384
|-damage|p2a: Swampert|26/384|[from] Stealth Rock
|-damage|p2a: Swampert|0 fnt|[from] Spikes
|faint|p2a: Swampert
|chat|No Nice Names Left|gg
|
|switch|p2a: Politoed|Politoed, M, shiny|201/384
|-damage|p2a: Politoed|153/384|[from] Stealth Rock
|-damage|p2a: Politoed|105/384|[from] Spikes
|turn|37
|
|switch|p1a: Tangrowth|Tangrowth, M|403/403
|move|p2a: Politoed|Ice Beam|p1a: Tangrowth
|-supereffective|p1a: Tangrowth
|-damage|p1a: Tangrowth|169/403
|
|-weather|RainDance|[upkeep]
|-heal|p1a: Tangrowth|194/403|[from] item: Leftovers
|turn|38
|
|switch|p1a: Zapdos|Zapdos|167/383 tox
|-ability|p1a: Zapdos|Pressure
|move|p2a: Politoed|Ice Beam|p1a: Zapdos
|-supereffective|p1a: Zapdos
|-damage|p1a: Zapdos|61/383 tox
|
|-weather|RainDance|[upkeep]
|-heal|p1a: Zapdos|84/383 tox|[from] item: Leftovers
|-damage|p1a: Zapdos|61/383 tox|[from] psn
|turn|39
|
|move|p2a: Politoed|Ice Beam|p1a: Zapdos
|-supereffective|p1a: Zapdos
|-damage|p1a: Zapdos|0 fnt
|faint|p1a: Zapdos
|
|-weather|RainDance|[upkeep]
|
|switch|p1a: Tangrowth|Tangrowth, M|328/403
|turn|40
|
|move|p2a: Politoed|Ice Beam|p1a: Tangrowth
|-supereffective|p1a: Tangrowth
|-damage|p1a: Tangrowth|94/403
|move|p1a: Tangrowth|Giga Drain|p2a: Politoed
|-supereffective|p2a: Politoed
|-damage|p2a: Politoed|0 fnt
|-heal|p1a: Tangrowth|147/403|[from] drain|[of] p2a: Politoed
|faint|p2a: Politoed
|
|win|No Nice Names Left
|raw|Ladder updating...
|raw|No Nice Names Left's rating: 1346 &rarr; <strong>1365</strong><br />(+19 for winning)
|raw|☼aRiZTeRoZ☼'s rating: 1321 &rarr; <strong>1302</strong><br />(-19 for losing)