|j|☆OhJoy11
|j|☆Beelzemon 2003BC
|player|p1|OhJoy11|260
|player|p2|Beelzemon 2003BC|supernerd-gen2
|teamsize|p1|6
|teamsize|p2|6
|gametype|singles
|gen|5
|tier|[Gen 5] OU
|rated|
|rule|Sleep Clause Mod: Limit one foe put to sleep
|rule|Species Clause: Limit one of each Pokémon
|rule|OHKO Clause: OHKO moves are banned
|rule|Moody Clause: Moody is banned
|rule|Evasion Moves Clause: Evasion moves are banned
|rule|Endless Battle Clause: Forcing endless battles is banned
|rule|HP Percentage Mod: HP is shown in percentages
|rule|Evasion Abilities Clause: Evasion abilities are banned
|rule|Baton Pass Clause: Limit one Baton Passer, can't pass Spe and other stats simultaneously
|rule|Swagger Clause: Swagger is banned
|clearpoke
|poke|p1|Tyranitar, M|item
|poke|p1|Garchomp, F|item
|poke|p1|Landorus-Therian, M|item
|poke|p1|Ferrothorn, F|item
|poke|p1|Starmie|item
|poke|p1|Alakazam, M|item
|poke|p2|Tyranitar, M|item
|poke|p2|Landorus-Therian, M|item
|poke|p2|Latios, M|item
|poke|p2|Ferrothorn, M|item
|poke|p2|Starmie|item
|poke|p2|Heatran, M|item
|teampreview
|c|☆Beelzemon 2003BC|gl hf
|c|☆OhJoy11|hf
|
|start
|switch|p1a: Starmie|Starmie|100/100
|switch|p2a: Ferrothorn|Ferrothorn, M|100/100
|turn|1
|inactive|Battle timer is ON: inactive players will automatically lose when time's up. (requested by OhJoy11)
|
|switch|p1a: Garchomp|Garchomp, F|100/100
|move|p2a: Ferrothorn|Spikes|p1a: Garchomp
|-sidestart|p1: OhJoy11|Spikes
|
|upkeep
|turn|2
|
|move|p1a: Garchomp|Fire Blast|p2a: Ferrothorn
|-supereffective|p2a: Ferrothorn
|-damage|p2a: Ferrothorn|29/100
|move|p2a: Ferrothorn|Gyro Ball|p1a: Garchomp
|-damage|p1a: Garchomp|55/100
|-damage|p2a: Ferrothorn|16/100|[from] ability: Rough Skin|[of] p1a: Garchomp
|
|-heal|p2a: Ferrothorn|23/100|[from] item: Leftovers
|upkeep
|turn|3
|
|switch|p2a: Landorus|Landorus-Therian, M|100/100
|-ability|p2a: Landorus|Intimidate|boost
|-unboost|p1a: Garchomp|atk|1
|move|p1a: Garchomp|Earthquake|p2a: Landorus
|-immune|p2a: Landorus
|
|upkeep
|turn|4
|
|switch|p1a: Ferrothorn|Ferrothorn, F|100/100
|-damage|p1a: Ferrothorn|88/100|[from] Spikes
|move|p2a: Landorus|U-turn|p1a: Ferrothorn
|-damage|p1a: Ferrothorn|71/100
|-damage|p2a: Landorus|88/100|[from] ability: Iron Barbs|[of] p1a: Ferrothorn
|
|switch|p2a: Heatran|Heatran, M|100/100
|-item|p2a: Heatran|Air Balloon
|
|-heal|p1a: Ferrothorn|77/100|[from] item: Leftovers
|upkeep
|turn|5
|
|switch|p1a: Starmie|Starmie|100/100
|-damage|p1a: Starmie|88/100|[from] Spikes
|move|p2a: Heatran|Magma Storm|p1a: Starmie|[miss]
|-miss|p2a: Heatran|p1a: Starmie
|
|-heal|p1a: Starmie|94/100|[from] item: Leftovers
|upkeep
|turn|6
|
|move|p1a: Starmie|Scald|p2a: Heatran
|-supereffective|p2a: Heatran
|-damage|p2a: Heatran|42/100
|-enditem|p2a: Heatran|Air Balloon
|move|p2a: Heatran|Sunny Day|p2a: Heatran
|-weather|SunnyDay
|
|-weather|SunnyDay|[upkeep]
|-heal|p1a: Starmie|100/100|[from] item: Leftovers
|upkeep
|turn|7
|
|move|p1a: Starmie|Rapid Spin|p2a: Heatran
|-resisted|p2a: Heatran
|-damage|p2a: Heatran|41/100
|-sideend|p1: OhJoy11|Spikes|[from] move: Rapid Spin|[of] p1a: Starmie
|move|p2a: Heatran|Magma Storm|p1a: Starmie
|-resisted|p1a: Starmie
|-damage|p1a: Starmie|46/100
|-activate|p1a: Starmie|move: Magma Storm|[of] p2a: Heatran
|
|-weather|SunnyDay|[upkeep]
|-heal|p1a: Starmie|52/100|[from] item: Leftovers
|-damage|p1a: Starmie|46/100|[from] move: Magma Storm|[partiallytrapped]
|upkeep
|turn|8
|
|move|p1a: Starmie|Scald|p2a: Heatran
|-supereffective|p2a: Heatran
|-damage|p2a: Heatran|12/100
|move|p2a: Heatran|Solar Beam||[still]
|-prepare|p2a: Heatran|Solar Beam|p1a: Starmie
|-anim|p2a: Heatran|Solar Beam|p1a: Starmie
|-supereffective|p1a: Starmie
|-damage|p1a: Starmie|0 fnt
|faint|p1a: Starmie
|
|-weather|SunnyDay|[upkeep]
|upkeep
|
|switch|p1a: Tyranitar|Tyranitar, M|100/100
|-weather|Sandstorm|[from] ability: Sand Stream|[of] p1a: Tyranitar
|turn|9
|
|move|p2a: Heatran|Sunny Day|p2a: Heatran
|-weather|SunnyDay
|move|p1a: Tyranitar|Pursuit|p2a: Heatran
|-resisted|p2a: Heatran
|-damage|p2a: Heatran|2/100
|
|-weather|SunnyDay|[upkeep]
|upkeep
|turn|10
|
|switch|p1a: Alakazam|Alakazam, M|100/100
|move|p2a: Heatran|Solar Beam||[still]
|-prepare|p2a: Heatran|Solar Beam|p1a: Alakazam
|-anim|p2a: Heatran|Solar Beam|p1a: Alakazam
|-damage|p1a: Alakazam|37/100
|
|-weather|SunnyDay|[upkeep]
|upkeep
|turn|11
|
|move|p1a: Alakazam|Shadow Ball|p2a: Heatran
|-resisted|p2a: Heatran
|-damage|p2a: Heatran|0 fnt
|faint|p2a: Heatran
|
|-weather|SunnyDay|[upkeep]
|upkeep
|
|switch|p2a: Tyranitar|Tyranitar, M|100/100
|-weather|Sandstorm|[from] ability: Sand Stream|[of] p2a: Tyranitar
|turn|12
|
|move|p1a: Alakazam|Focus Blast|p2a: Tyranitar
|-supereffective|p2a: Tyranitar
|-enditem|p2a: Tyranitar|Chople Berry|[eat]
|-enditem|p2a: Tyranitar|Chople Berry|[weaken]
|-damage|p2a: Tyranitar|62/100
|move|p2a: Tyranitar|Pursuit|p1a: Alakazam
|-supereffective|p1a: Alakazam
|-damage|p1a: Alakazam|0 fnt
|faint|p1a: Alakazam
|
|-weather|Sandstorm|[upkeep]
|upkeep
|
|switch|p1a: Garchomp|Garchomp, F|55/100
|turn|13
|
|switch|p2a: Ferrothorn|Ferrothorn, M|23/100
|move|p1a: Garchomp|Earthquake|p2a: Ferrothorn
|-damage|p2a: Ferrothorn|0 fnt
|faint|p2a: Ferrothorn
|
|-weather|Sandstorm|[upkeep]
|upkeep
|
|switch|p2a: Latios|Latios, M|100/100
|turn|14
|
|switch|p1a: Tyranitar|Tyranitar, M|100/100
|move|p2a: Latios|Draco Meteor|p1a: Tyranitar
|-damage|p1a: Tyranitar|45/100
|-unboost|p2a: Latios|spa|2
|
|-weather|Sandstorm|[upkeep]
|-damage|p2a: Latios|95/100|[from] Sandstorm
|upkeep
|turn|15
|
|move|p2a: Latios|Draco Meteor|p1a: Tyranitar
|-damage|p1a: Tyranitar|18/100
|-unboost|p2a: Latios|spa|2
|move|p1a: Tyranitar|Pursuit|p2a: Latios
|-supereffective|p2a: Latios
|-damage|p2a: Latios|37/100
|
|-weather|Sandstorm|[upkeep]
|-damage|p2a: Latios|31/100|[from] Sandstorm
|upkeep
|turn|16
|
|move|p2a: Latios|Draco Meteor|p1a: Tyranitar
|-damage|p1a: Tyranitar|0 fnt
|-unboost|p2a: Latios|spa|2
|faint|p1a: Tyranitar
|
|-weather|Sandstorm|[upkeep]
|-damage|p2a: Latios|25/100|[from] Sandstorm
|upkeep
|
|switch|p1a: Landorus|Landorus-Therian, M|100/100
|-ability|p1a: Landorus|Intimidate|boost
|-unboost|p2a: Latios|atk|1
|turn|17
|
|switch|p2a: Landorus|Landorus-Therian, M|88/100
|-ability|p2a: Landorus|Intimidate|boost
|-unboost|p1a: Landorus|atk|1
|move|p1a: Landorus|U-turn|p2a: Landorus
|-resisted|p2a: Landorus
|-damage|p2a: Landorus|78/100
|
|switch|p1a: Ferrothorn|Ferrothorn, F|77/100
|
|-weather|Sandstorm|[upkeep]
|-heal|p1a: Ferrothorn|83/100|[from] item: Leftovers
|upkeep
|turn|18
|
|move|p2a: Landorus|Earthquake|p1a: Ferrothorn
|-damage|p1a: Ferrothorn|43/100
|move|p1a: Ferrothorn|Power Whip|p2a: Landorus
|-damage|p2a: Landorus|29/100
|
|-weather|Sandstorm|[upkeep]
|-heal|p1a: Ferrothorn|49/100|[from] item: Leftovers
|upkeep
|turn|19
|
|switch|p2a: Latios|Latios, M|25/100
|move|p1a: Ferrothorn|Gyro Ball|p2a: Latios
|-damage|p2a: Latios|0 fnt
|faint|p2a: Latios
|
|-weather|Sandstorm|[upkeep]
|-heal|p1a: Ferrothorn|55/100|[from] item: Leftovers
|upkeep
|
|switch|p2a: Tyranitar|Tyranitar, M|62/100
|turn|20
|
|switch|p1a: Garchomp|Garchomp, F|55/100
|move|p2a: Tyranitar|Stealth Rock|p1a: Garchomp
|-sidestart|p1: OhJoy11|move: Stealth Rock
|
|-weather|Sandstorm|[upkeep]
|upkeep
|turn|21
|
|switch|p2a: Starmie|Starmie|100/100
|move|p1a: Garchomp|Earthquake|p2a: Starmie
|-damage|p2a: Starmie|33/100
|
|-weather|Sandstorm|[upkeep]
|-damage|p2a: Starmie|27/100|[from] Sandstorm
|-heal|p2a: Starmie|33/100|[from] item: Leftovers
|upkeep
|turn|22
|
|switch|p1a: Ferrothorn|Ferrothorn, F|55/100
|-damage|p1a: Ferrothorn|49/100|[from] Stealth Rock
|move|p2a: Starmie|Scald|p1a: Ferrothorn
|-resisted|p1a: Ferrothorn
|-damage|p1a: Ferrothorn|39/100
|
|-weather|Sandstorm|[upkeep]
|-damage|p2a: Starmie|27/100|[from] Sandstorm
|-heal|p2a: Starmie|33/100|[from] item: Leftovers
|-heal|p1a: Ferrothorn|45/100|[from] item: Leftovers
|upkeep
|turn|23
|
|move|p2a: Starmie|Scald|p1a: Ferrothorn
|-resisted|p1a: Ferrothorn
|-damage|p1a: Ferrothorn|34/100
|move|p1a: Ferrothorn|Power Whip|p2a: Starmie
|-supereffective|p2a: Starmie
|-damage|p2a: Starmie|0 fnt
|faint|p2a: Starmie
|
|-weather|Sandstorm|[upkeep]
|-heal|p1a: Ferrothorn|40/100|[from] item: Leftovers
|upkeep
|
|switch|p2a: Tyranitar|Tyranitar, M|62/100
|turn|24
|
|move|p2a: Tyranitar|Superpower|p1a: Ferrothorn
|-supereffective|p1a: Ferrothorn
|-crit|p1a: Ferrothorn
|-damage|p1a: Ferrothorn|0 fnt
|-damage|p2a: Tyranitar|49/100|[from] ability: Iron Barbs|[of] p1a: Ferrothorn
|-unboost|p2a: Tyranitar|atk|1
|-unboost|p2a: Tyranitar|def|1
|faint|p1a: Ferrothorn
|
|-weather|Sandstorm|[upkeep]
|upkeep
|
|switch|p1a: Garchomp|Garchomp, F|55/100
|-damage|p1a: Garchomp|49/100|[from] Stealth Rock
|turn|25
|
|move|p1a: Garchomp|Outrage|p2a: Tyranitar
|-damage|p2a: Tyranitar|0 fnt
|faint|p2a: Tyranitar
|
|-weather|Sandstorm|[upkeep]
|upkeep
|
|switch|p2a: Landorus|Landorus-Therian, M|29/100
|-ability|p2a: Landorus|Intimidate|boost
|-unboost|p1a: Garchomp|atk|1
|turn|26
|
|move|p2a: Landorus|Hidden Power|p1a: Garchomp
|-supereffective|p1a: Garchomp
|-damage|p1a: Garchomp|0 fnt
|faint|p1a: Garchomp
|
|-weather|Sandstorm|[upkeep]
|upkeep
|
|switch|p1a: Landorus|Landorus-Therian, M|100/100
|-damage|p1a: Landorus|88/100|[from] Stealth Rock
|-ability|p1a: Landorus|Intimidate|boost
|-unboost|p2a: Landorus|atk|1
|turn|27
|c|☆OhJoy11|gg
|c|☆Beelzemon 2003BC|speed tie?
|
|move|p2a: Landorus|Hidden Power|p1a: Landorus
|-supereffective|p1a: Landorus
|-damage|p1a: Landorus|0 fnt
|faint|p1a: Landorus
|
|win|Beelzemon 2003BC
|c|☆OhJoy11|probably
|c|☆Beelzemon 2003BC|gg
|raw|OhJoy11's rating: 1339 &rarr; <strong>1327</strong><br />(-12 for losing)
|raw|Beelzemon 2003BC's rating: 1501 &rarr; <strong>1512</strong><br />(+11 for winning)
