|j|☆Le Primal Groudon
|j|☆SebastianS00
|t:|1708747622
|gametype|singles
|player|p1|Le Primal Groudon|lucas|1369
|player|p2|SebastianS00|veteran|1427
|teamsize|p1|6
|teamsize|p2|6
|gen|5
|tier|[Gen 5] OU
|rated|
|rule|Species Clause: Limit one of each Pokémon
|rule|OHKO Clause: OHKO moves are banned
|rule|Moody Clause: Moody is banned
|rule|Evasion Items Clause: Evasion items are banned
|rule|Evasion Moves Clause: Evasion moves are banned
|rule|Endless Battle Clause: Forcing endless battles is banned
|rule|HP Percentage Mod: HP is shown in percentages
|rule|Evasion Abilities Clause: Evasion abilities are banned
|rule|Sleep Moves Clause: Sleep-inducing moves are banned
|rule|Swagger Clause: Swagger is banned
|rule|Baton Pass Stat Clause: No Baton Passer may have a way to boost its stats
|clearpoke
|poke|p1|Lucario, M|item
|poke|p1|Latios, M|item
|poke|p1|Landorus-Therian, M|item
|poke|p1|Dragonite, M|item
|poke|p1|Starmie|item
|poke|p1|Jirachi|item
|poke|p2|Garchomp, M|item
|poke|p2|Starmie|item
|poke|p2|Dragonite, F|item
|poke|p2|Volcarona, M|item
|poke|p2|Scizor, M|item
|poke|p2|Breloom, F|item
|teampreview
|
|t:|1708747655
|start
|switch|p1a: Starmie|Starmie|100/100
|switch|p2a: Garchomp|Garchomp, M|100/100
|turn|1
|
|t:|1708747676
|move|p1a: Starmie|Ice Beam|p2a: Garchomp
|-supereffective|p2a: Garchomp
|-enditem|p2a: Garchomp|Focus Sash
|-damage|p2a: Garchomp|1/100
|move|p2a: Garchomp|Outrage|p1a: Starmie
|-damage|p1a: Starmie|1/100
|
|upkeep
|turn|2
|
|t:|1708747694
|move|p1a: Starmie|Ice Beam|p2a: Garchomp
|-supereffective|p2a: Garchomp
|-damage|p2a: Garchomp|0 fnt
|faint|p2a: Garchomp
|
|upkeep
|
|t:|1708747703
|switch|p2a: Breloom|Breloom, F|100/100
|turn|3
|
|t:|1708747709
|switch|p1a: Latios|Latios, M|100/100
|move|p2a: Breloom|Mach Punch|p1a: Latios
|-resisted|p1a: Latios
|-damage|p1a: Latios|68/100
|-damage|p2a: Breloom|91/100|[from] item: Life Orb
|
|upkeep
|turn|4
|
|t:|1708747724
|move|p2a: Breloom|Mach Punch|p1a: Latios
|-resisted|p1a: Latios
|-damage|p1a: Latios|38/100
|-damage|p2a: Breloom|81/100|[from] item: Life Orb
|move|p1a: Latios|Hidden Power|p2a: Breloom
|-supereffective|p2a: Breloom
|-damage|p2a: Breloom|0 fnt
|faint|p2a: Breloom
|-damage|p1a: Latios|28/100|[from] item: Life Orb
|
|upkeep
|
|t:|1708747743
|switch|p2a: Volcarona|Volcarona, M|100/100
|turn|5
|
|t:|1708747758
|move|p1a: Latios|Draco Meteor|p2a: Volcarona
|-damage|p2a: Volcarona|0 fnt
|-unboost|p1a: Latios|spa|2
|faint|p2a: Volcarona
|-damage|p1a: Latios|18/100|[from] item: Life Orb
|
|upkeep
|
|t:|1708747770
|switch|p2a: Dragonite|Dragonite, F, shiny|100/100
|turn|6
|
|t:|1708747788
|move|p1a: Latios|Memento|p2a: Dragonite
|-unboost|p2a: Dragonite|atk|2
|-unboost|p2a: Dragonite|spa|2
|faint|p1a: Latios
|move|p2a: Dragonite|Dragon Dance|p2a: Dragonite
|-boost|p2a: Dragonite|atk|1
|-boost|p2a: Dragonite|spe|1
|
|upkeep
|
|t:|1708747804
|switch|p1a: Landorus|Landorus-Therian, M|100/100
|-ability|p1a: Landorus|Intimidate|boost
|-unboost|p2a: Dragonite|atk|1
|turn|7
|
|t:|1708747813
|switch|p2a: Scizor|Scizor, M|100/100
|move|p1a: Landorus|Hidden Power|p2a: Scizor
|-resisted|p2a: Scizor
|-damage|p2a: Scizor|84/100
|-damage|p1a: Landorus|91/100|[from] item: Life Orb
|
|upkeep
|turn|8
|j| SKT T1 Motherfaker
|
|t:|1708747833
|move|p1a: Landorus|Earthquake|p2a: Scizor
|-damage|p2a: Scizor|0 fnt
|faint|p2a: Scizor
|-damage|p1a: Landorus|81/100|[from] item: Life Orb
|
|upkeep
|
|t:|1708747838
|switch|p2a: Starmie|Starmie|100/100
|-item|p2a: Starmie|Air Balloon
|turn|9
|
|t:|1708747867
|switch|p1a: Starmie|Starmie|1/100
|move|p2a: Starmie|Ice Beam|p1a: Starmie
|-resisted|p1a: Starmie
|-damage|p1a: Starmie|0 fnt
|faint|p1a: Starmie
|
|upkeep
|inactive|Battle timer is ON: inactive players will automatically lose when time's up. (requested by SebastianS00)
|
|t:|1708747886
|switch|p1a: Dragonite|Dragonite, M|100/100
|turn|10
|
|t:|1708747895
|move|p2a: Starmie|Ice Beam|p1a: Dragonite
|-supereffective|p1a: Dragonite
|-damage|p1a: Dragonite|49/100
|move|p1a: Dragonite|Dragon Dance|p1a: Dragonite
|-boost|p1a: Dragonite|atk|1
|-boost|p1a: Dragonite|spe|1
|
|upkeep
|turn|11
|
|t:|1708747901
|move|p1a: Dragonite|Dragon Claw|p2a: Starmie
|-damage|p2a: Starmie|0 fnt
|-enditem|p2a: Starmie|Air Balloon
|faint|p2a: Starmie
|-damage|p1a: Dragonite|39/100|[from] item: Life Orb
|
|upkeep
|
|t:|1708747907
|switch|p2a: Dragonite|Dragonite, F, shiny|100/100
|turn|12
|
|t:|1708747920
|move|p1a: Dragonite|Dragon Claw|p2a: Dragonite
|-supereffective|p2a: Dragonite
|-damage|p2a: Dragonite|8/100
|-damage|p1a: Dragonite|30/100|[from] item: Life Orb
|move|p2a: Dragonite|Dragon Dance|p2a: Dragonite
|-boost|p2a: Dragonite|atk|1
|-boost|p2a: Dragonite|spe|1
|
|upkeep
|turn|13
|
|t:|1708747929
|move|p2a: Dragonite|Extreme Speed|p1a: Dragonite
|-damage|p1a: Dragonite|0 fnt
|faint|p1a: Dragonite
|
|upkeep
|
|t:|1708747934
|switch|p1a: Lucario|Lucario, M|100/100
|turn|14
|
|t:|1708747939
|move|p1a: Lucario|Extreme Speed|p2a: Dragonite
|-damage|p2a: Dragonite|0 fnt
|faint|p2a: Dragonite
|-damage|p1a: Lucario|91/100|[from] item: Life Orb
|
|win|Le Primal Groudon
|raw|Le Primal Groudon's rating: 1369 &rarr; <strong>1392</strong><br />(+23 for winning)
|raw|SebastianS00's rating: 1427 &rarr; <strong>1404</strong><br />(-23 for losing)
|l|☆SebastianS00
|player|p2|
|l|☆Le Primal Groudon
|player|p1|
