|j|☆BookofConke
|j|☆LeafStoned
|t:|1703084070
|gametype|singles
|player|p1|BookofConke|silver-masters|1509
|player|p2|LeafStoned|169|1479
|teamsize|p1|6
|teamsize|p2|6
|gen|5
|tier|[Gen 5] OU
|rated|
|rule|Species Clause: Limit one of each Pokémon
|rule|OHKO Clause: OHKO moves are banned
|rule|Moody Clause: Moody is banned
|rule|Evasion Items Clause: Evasion items are banned
|rule|Evasion Moves Clause: Evasion moves are banned
|rule|Endless Battle Clause: Forcing endless battles is banned
|rule|HP Percentage Mod: HP is shown in percentages
|rule|Evasion Abilities Clause: Evasion abilities are banned
|rule|Sleep Moves Clause: Sleep-inducing moves are banned
|rule|Swagger Clause: Swagger is banned
|rule|Baton Pass Stat Clause: No Baton Passer may have a way to boost its stats
|clearpoke
|poke|p1|Kyurem-Black|item
|poke|p1|Garchomp, M|item
|poke|p1|Magnezone|item
|poke|p1|Salamence, M|item
|poke|p1|Scizor, F|item
|poke|p1|Starmie|item
|poke|p2|Volcarona, F|item
|poke|p2|Ninetales, F|item
|poke|p2|Cloyster, M|item
|poke|p2|Rotom-Wash|item
|poke|p2|Chansey, F|item
|poke|p2|Xatu, F|item
|teampreview
|l|☆LeafStoned
|player|p2|
|j|☆LeafStoned
|player|p2|LeafStoned|169
|
|t:|1703084185
|start
|switch|p1a: Kyurem|Kyurem-Black|100/100
|switch|p2a: Ninetales|Ninetales, F|100/100
|-weather|SunnyDay|[from] ability: Drought|[of] p2a: Ninetales
|-ability|p1a: Kyurem|Teravolt
|turn|1
|
|t:|1703084202
|move|p2a: Ninetales|Will-O-Wisp|p1a: Kyurem
|-status|p1a: Kyurem|brn
|move|p1a: Kyurem|Outrage|p2a: Ninetales
|-damage|p2a: Ninetales|16/100
|-enditem|p2a: Ninetales|Eject Button
|
|t:|1703084226
|switch|p2a: Cloyster|Cloyster, M|100/100
|
|-weather|SunnyDay|[upkeep]
|-damage|p1a: Kyurem|88/100 brn|[from] brn
|upkeep
|turn|2
|
|t:|1703084230
|move|p1a: Kyurem|Outrage|p2a: Cloyster|[from]lockedmove
|-damage|p2a: Cloyster|50/100
|-start|p1a: Kyurem|confusion|[fatigue]
|move|p2a: Cloyster|Shell Smash|p2a: Cloyster
|-unboost|p2a: Cloyster|def|1
|-unboost|p2a: Cloyster|spd|1
|-boost|p2a: Cloyster|atk|2
|-boost|p2a: Cloyster|spa|2
|-boost|p2a: Cloyster|spe|2
|
|-weather|SunnyDay|[upkeep]
|-damage|p1a: Kyurem|76/100 brn|[from] brn
|upkeep
|turn|3
|
|t:|1703084243
|move|p2a: Cloyster|Icicle Spear|p1a: Kyurem
|-damage|p1a: Kyurem|55/100 brn
|-damage|p1a: Kyurem|35/100 brn
|-damage|p1a: Kyurem|13/100 brn
|-damage|p1a: Kyurem|0 fnt
|faint|p1a: Kyurem
|-hitcount|p1: Kyurem|4
|
|-weather|SunnyDay|[upkeep]
|upkeep
|
|t:|1703084256
|switch|p1a: Magnezone|Magnezone|100/100
|turn|4
|
|t:|1703084265
|move|p2a: Cloyster|Icicle Spear|p1a: Magnezone
|-resisted|p1a: Magnezone
|-damage|p1a: Magnezone|84/100
|-resisted|p1a: Magnezone
|-damage|p1a: Magnezone|71/100
|-resisted|p1a: Magnezone
|-damage|p1a: Magnezone|57/100
|-resisted|p1a: Magnezone
|-damage|p1a: Magnezone|41/100
|-resisted|p1a: Magnezone
|-damage|p1a: Magnezone|27/100
|-hitcount|p1a: Magnezone|5
|move|p1a: Magnezone|Volt Switch|p2a: Cloyster
|-supereffective|p2a: Cloyster
|-damage|p2a: Cloyster|0 fnt
|faint|p2a: Cloyster
|
|t:|1703084283
|switch|p1a: Garchomp|Garchomp, M|100/100|[from] Volt Switch
|
|-weather|SunnyDay|[upkeep]
|upkeep
|inactive|Battle timer is ON: inactive players will automatically lose when time's up. (requested by LeafStoned)
|
|t:|1703084286
|switch|p2a: Xatu|Xatu, F|100/100
|turn|5
|
|t:|1703084293
|move|p1a: Garchomp|Swords Dance|p1a: Garchomp
|-boost|p1a: Garchomp|atk|2
|move|p2a: Xatu|Night Shade|p1a: Garchomp
|-damage|p1a: Garchomp|72/100
|
|-weather|SunnyDay|[upkeep]
|upkeep
|turn|6
|j| weather type
|
|t:|1703084307
|switch|p2a: Ninetales|Ninetales, F|16/100
|move|p1a: Garchomp|Outrage|p2a: Ninetales
|-damage|p2a: Ninetales|0 fnt
|faint|p2a: Ninetales
|
|-weather|SunnyDay|[upkeep]
|upkeep
|
|t:|1703084312
|switch|p2a: Rotom|Rotom-Wash|100/100
|turn|7
|
|t:|1703084315
|move|p2a: Rotom|Hidden Power|p1a: Garchomp
|-supereffective|p1a: Garchomp
|-enditem|p1a: Garchomp|Yache Berry|[eat]
|-enditem|p1a: Garchomp|Yache Berry|[weaken]
|-damage|p1a: Garchomp|23/100
|move|p1a: Garchomp|Outrage|p2a: Rotom|[from]lockedmove
|-crit|p2a: Rotom
|-damage|p2a: Rotom|0 fnt
|faint|p2a: Rotom
|
|-weather|SunnyDay|[upkeep]
|upkeep
|l| weather type
|
|t:|1703084332
|switch|p2a: Chansey|Chansey, F|100/100
|turn|8
|
|t:|1703084334
|move|p1a: Garchomp|Outrage|p2a: Chansey|[from]lockedmove
|-damage|p2a: Chansey|21/100
|-start|p1a: Garchomp|confusion|[fatigue]
|move|p2a: Chansey|Stealth Rock|p1a: Garchomp
|-sidestart|p1: BookofConke|move: Stealth Rock
|
|-weather|SunnyDay|[upkeep]
|upkeep
|turn|9
|
|t:|1703084354
|switch|p1a: Scizor|Scizor, F|100/100
|-damage|p1a: Scizor|88/100|[from] Stealth Rock
|move|p2a: Chansey|Soft-Boiled|p2a: Chansey
|-heal|p2a: Chansey|71/100
|
|-weather|SunnyDay|[upkeep]
|upkeep
|turn|10
|j| weather type
|
|t:|1703084365
|switch|p2a: Xatu|Xatu, F|100/100
|move|p1a: Scizor|U-turn|p2a: Xatu
|-damage|p2a: Xatu|41/100
|-damage|p1a: Scizor|72/100|[from] item: Rocky Helmet|[of] p2a: Xatu
|inactive|BookofConke has 120 seconds left.
|l| weather type
|
|t:|1703084391
|switch|p1a: Magnezone|Magnezone|27/100|[from] U-turn
|-damage|p1a: Magnezone|21/100|[from] Stealth Rock
|
|-weather|SunnyDay|[upkeep]
|upkeep
|turn|11
|inactive|BookofConke has 120 seconds left.
|
|t:|1703084399
|switch|p2a: Chansey|Chansey, F|71/100
|move|p1a: Magnezone|Volt Switch|p2a: Chansey
|-damage|p2a: Chansey|59/100
|inactive|BookofConke has 120 seconds left.
|
|t:|1703084413
|switch|p1a: Scizor|Scizor, F|72/100|[from] Volt Switch
|-damage|p1a: Scizor|60/100|[from] Stealth Rock
|
|-weather|SunnyDay|[upkeep]
|upkeep
|turn|12
|inactive|BookofConke has 120 seconds left.
|
|t:|1703084421
|switch|p2a: Xatu|Xatu, F|41/100
|move|p1a: Scizor|U-turn|p2a: Xatu
|-damage|p2a: Xatu|0 fnt
|-damage|p1a: Scizor|43/100|[from] item: Rocky Helmet|[of] p2a: Xatu
|faint|p2a: Xatu
|inactive|BookofConke has 120 seconds left.
|
|t:|1703084437
|switch|p1a: Garchomp|Garchomp, M|23/100|[from] U-turn
|-damage|p1a: Garchomp|16/100|[from] Stealth Rock
|
|-weather|SunnyDay|[upkeep]
|upkeep
|
|t:|1703084441
|switch|p2a: Chansey|Chansey, F|59/100
|turn|13
|inactive|BookofConke has 120 seconds left.
|
|t:|1703084453
|move|p1a: Garchomp|Earthquake|p2a: Chansey
|-damage|p2a: Chansey|29/100
|move|p2a: Chansey|Seismic Toss|p1a: Garchomp
|-damage|p1a: Garchomp|0 fnt
|-damage|p2a: Chansey|16/100|[from] ability: Rough Skin|[of] p1a: Garchomp
|faint|p1a: Garchomp
|
|-weather|SunnyDay|[upkeep]
|upkeep
|inactive|BookofConke has 90 seconds left.
|
|t:|1703084488
|switch|p1a: Salamence|Salamence, M|100/100
|-damage|p1a: Salamence|76/100|[from] Stealth Rock
|turn|14
|
|t:|1703084493
|move|p1a: Salamence|Outrage|p2a: Chansey
|-damage|p2a: Chansey|0 fnt
|faint|p2a: Chansey
|-ability|p1a: Salamence|Moxie|boost
|-boost|p1a: Salamence|atk|1
|
|-weather|SunnyDay|[upkeep]
|upkeep
|
|t:|1703084495
|switch|p2a: Volcarona|Volcarona, F|100/100
|turn|15
|
|t:|1703084500
|move|p1a: Salamence|Outrage|p2a: Volcarona|[from]lockedmove
|-damage|p2a: Volcarona|0 fnt
|faint|p2a: Volcarona
|-ability|p1a: Salamence|Moxie|boost
|-boost|p1a: Salamence|atk|1
|-start|p1a: Salamence|confusion|[fatigue]
|
|win|BookofConke
|raw|BookofConke's rating: 1509 &rarr; <strong>1527</strong><br />(+18 for winning)
|raw|LeafStoned's rating: 1479 &rarr; <strong>1461</strong><br />(-18 for losing)
|c|☆LeafStoned|Gg
|c|☆BookofConke|gg
