|j|☆UncleSlayers
|j|☆zf
|t:|1740452701
|gametype|singles
|player|p1|UncleSlayers|n|1506
|player|p2|zf|backpacker|1532
|teamsize|p1|6
|teamsize|p2|6
|gen|5
|tier|[Gen 5] OU
|rated|
|rule|Species Clause: Limit one of each Pokémon
|rule|OHKO Clause: OHKO moves are banned
|rule|Moody Clause: Moody is banned
|rule|Evasion Items Clause: Evasion items are banned
|rule|Evasion Moves Clause: Evasion moves are banned
|rule|Endless Battle Clause: Forcing endless battles is banned
|rule|HP Percentage Mod: HP is shown in percentages
|rule|Evasion Abilities Clause: Evasion abilities are banned
|rule|Sleep Moves Clause: Sleep-inducing moves are banned
|rule|Swagger Clause: Swagger is banned
|rule|Baton Pass Stat Clause: No Baton Passer may have a way to boost its stats
|clearpoke
|poke|p1|Politoed, F|item
|poke|p1|Keldeo|item
|poke|p1|Starmie|item
|poke|p1|Ferrothorn, F|item
|poke|p1|Latios, M|item
|poke|p1|Thundurus-Therian, M|item
|poke|p2|Forretress, M|item
|poke|p2|Abomasnow, F|item
|poke|p2|Alakazam, F|item
|poke|p2|Jellicent, M|item
|poke|p2|Heatran, F|item
|poke|p2|Landorus-Therian, M|item
|teampreview
|
|t:|1740452719
|start
|switch|p1a: The Toed|Politoed, F|100/100
|switch|p2a: Abomasnow|Abomasnow, F|100/100
|-weather|RainDance|[from] ability: Drizzle|[of] p1a: The Toed
|-weather|Hail|[from] ability: Snow Warning|[of] p2a: Abomasnow
|turn|1
|
|t:|1740452728
|move|p1a: The Toed|Focus Blast|p2a: Abomasnow
|-supereffective|p2a: Abomasnow
|-enditem|p2a: Abomasnow|Chople Berry|[eat]
|-enditem|p2a: Abomasnow|Chople Berry|[weaken]
|-damage|p2a: Abomasnow|39/100
|move|p2a: Abomasnow|Blizzard|p1a: The Toed
|-resisted|p1a: The Toed
|-damage|p1a: The Toed|75/100
|-status|p1a: The Toed|frz
|
|-weather|Hail|[upkeep]
|-damage|p1a: The Toed|69/100 frz|[from] Hail
|upkeep
|turn|2
|
|t:|1740452742
|switch|p1a: RIP Freaky-Sand|Ferrothorn, F|100/100
|move|p2a: Abomasnow|Blizzard|p1a: RIP Freaky-Sand
|-damage|p1a: RIP Freaky-Sand|66/100
|
|-weather|Hail|[upkeep]
|-damage|p1a: RIP Freaky-Sand|60/100|[from] Hail
|-heal|p1a: RIP Freaky-Sand|66/100|[from] item: Leftovers
|upkeep
|turn|3
|
|t:|1740452752
|move|p2a: Abomasnow|Hidden Power|p1a: RIP Freaky-Sand
|-supereffective|p1a: RIP Freaky-Sand
|-damage|p1a: RIP Freaky-Sand|12/100
|move|p1a: RIP Freaky-Sand|Stealth Rock|p2a: Abomasnow
|-sidestart|p2: zf|move: Stealth Rock
|
|-weather|Hail|[upkeep]
|-damage|p1a: RIP Freaky-Sand|5/100|[from] Hail
|-heal|p1a: RIP Freaky-Sand|12/100|[from] item: Leftovers
|upkeep
|turn|4
|inactive|Battle timer is ON: inactive players will automatically lose when time's up. (requested by UncleSlayers)
|
|t:|1740452769
|move|p2a: Abomasnow|Blizzard|p1a: RIP Freaky-Sand
|-damage|p1a: RIP Freaky-Sand|0 fnt
|faint|p1a: RIP Freaky-Sand
|
|-weather|Hail|[upkeep]
|upkeep
|
|t:|1740452777
|switch|p1a: The Toed|Politoed, F|69/100 frz
|-weather|RainDance|[from] ability: Drizzle|[of] p1a: The Toed
|turn|5
|
|t:|1740452787
|switch|p1a: The Table Turner|Latios, M|100/100
|move|p2a: Abomasnow|Blizzard|p1a: The Table Turner
|-supereffective|p1a: The Table Turner
|-damage|p1a: The Table Turner|0 fnt
|faint|p1a: The Table Turner
|
|-weather|RainDance|[upkeep]
|upkeep
|
|t:|1740452795
|switch|p1a: Rapid Spinner|Starmie|100/100
|turn|6
|
|t:|1740452812
|switch|p2a: Jellicent|Jellicent, M|100/100
|-damage|p2a: Jellicent|88/100|[from] Stealth Rock
|-item|p2a: Jellicent|Air Balloon
|move|p1a: Rapid Spinner|Thunder|p2a: Jellicent
|-supereffective|p2a: Jellicent
|-damage|p2a: Jellicent|0 fnt
|-enditem|p2a: Jellicent|Air Balloon
|faint|p2a: Jellicent
|
|-weather|RainDance|[upkeep]
|upkeep
|
|t:|1740452816
|switch|p2a: Landorus|Landorus-Therian, M|100/100
|-damage|p2a: Landorus|88/100|[from] Stealth Rock
|-ability|p2a: Landorus|Intimidate|boost
|-unboost|p1a: Rapid Spinner|atk|1
|turn|7
|
|t:|1740452820
|switch|p1a: lil bro|Keldeo|100/100
|move|p2a: Landorus|Stealth Rock|p1a: lil bro
|-sidestart|p1: UncleSlayers|move: Stealth Rock
|
|-weather|RainDance|[upkeep]
|-heal|p2a: Landorus|94/100|[from] item: Leftovers
|upkeep
|turn|8
|
|t:|1740452827
|switch|p2a: Abomasnow|Abomasnow, F|39/100
|-damage|p2a: Abomasnow|15/100|[from] Stealth Rock
|-weather|Hail|[from] ability: Snow Warning|[of] p2a: Abomasnow
|move|p1a: lil bro|Scald|p2a: Abomasnow
|-resisted|p2a: Abomasnow
|-damage|p2a: Abomasnow|0 fnt
|faint|p2a: Abomasnow
|
|-weather|Hail|[upkeep]
|-damage|p1a: lil bro|94/100|[from] Hail
|-heal|p1a: lil bro|100/100|[from] item: Leftovers
|upkeep
|
|t:|1740452830
|switch|p2a: Alakazam|Alakazam, F|100/100
|turn|9
|
|t:|1740452834
|move|p1a: lil bro|Protect|p1a: lil bro
|-singleturn|p1a: lil bro|Protect
|move|p2a: Alakazam|Psychic|p1a: lil bro
|-activate|p1a: lil bro|move: Protect
|
|-weather|Hail|[upkeep]
|-damage|p1a: lil bro|94/100|[from] Hail
|-heal|p1a: lil bro|100/100|[from] item: Leftovers
|upkeep
|turn|10
|
|t:|1740452842
|switch|p1a: The Toed|Politoed, F|69/100 frz
|-damage|p1a: The Toed|57/100 frz|[from] Stealth Rock
|-weather|RainDance|[from] ability: Drizzle|[of] p1a: The Toed
|move|p2a: Alakazam|Psychic|p1a: The Toed
|-damage|p1a: The Toed|0 fnt
|faint|p1a: The Toed
|
|-weather|RainDance|[upkeep]
|upkeep
|
|t:|1740452850
|switch|p1a: Rapid Spinner|Starmie|100/100
|-damage|p1a: Rapid Spinner|88/100|[from] Stealth Rock
|turn|11
|
|t:|1740452854
|move|p2a: Alakazam|Shadow Ball|p1a: Rapid Spinner
|-supereffective|p1a: Rapid Spinner
|-damage|p1a: Rapid Spinner|0 fnt
|faint|p1a: Rapid Spinner
|
|-weather|RainDance|[upkeep]
|upkeep
|
|t:|1740452858
|switch|p1a: OHKO??? ZAMN!!!|Thundurus-Therian, M|100/100
|-damage|p1a: OHKO??? ZAMN!!!|75/100|[from] Stealth Rock
|turn|12
|
|t:|1740452862
|move|p2a: Alakazam|Psychic|p1a: OHKO??? ZAMN!!!
|-damage|p1a: OHKO??? ZAMN!!!|0 fnt
|faint|p1a: OHKO??? ZAMN!!!
|
|-weather|RainDance|[upkeep]
|upkeep
|c|☆UncleSlayers|maan
|c|☆UncleSlayers|gg
|c|☆zf|Gg
|c|☆UncleSlayers|power orb hits so hard
|-message|UncleSlayers forfeited.
|
|win|zf
|raw|UncleSlayers's rating: 1506 &rarr; <strong>1487</strong><br />(-19 for losing)
|raw|zf's rating: 1532 &rarr; <strong>1551</strong><br />(+19 for winning)
|l|☆UncleSlayers
|player|p1|
