|j|☆torinoko city
|j|☆BookofConke
|t:|1702254129
|gametype|singles
|player|p1|torinoko city|arezu|1398
|player|p2|BookofConke|silver-masters|1547
|teamsize|p1|6
|teamsize|p2|6
|gen|5
|tier|[Gen 5] OU
|rated|
|rule|Species Clause: Limit one of each Pokémon
|rule|OHKO Clause: OHKO moves are banned
|rule|Moody Clause: Moody is banned
|rule|Evasion Items Clause: Evasion items are banned
|rule|Evasion Moves Clause: Evasion moves are banned
|rule|Endless Battle Clause: Forcing endless battles is banned
|rule|HP Percentage Mod: HP is shown in percentages
|rule|Evasion Abilities Clause: Evasion abilities are banned
|rule|Sleep Moves Clause: Sleep-inducing moves are banned
|rule|Swagger Clause: Swagger is banned
|rule|Baton Pass Stat Clause: No Baton Passer may have a way to boost its stats
|clearpoke
|poke|p1|Politoed, F|item
|poke|p1|Ferrothorn, M|item
|poke|p1|Starmie|item
|poke|p1|Latios, M|item
|poke|p1|Thundurus-Therian, M|item
|poke|p1|Garchomp, M|item
|poke|p2|Kyurem-Black|item
|poke|p2|Garchomp, M|item
|poke|p2|Magnezone|item
|poke|p2|Salamence, F|item
|poke|p2|Scizor, F|item
|poke|p2|Starmie|item
|teampreview
|inactive|Battle timer is ON: inactive players will automatically lose when time's up. (requested by torinoko city)
|
|t:|1702254136
|start
|switch|p1a: Politoed|Politoed, F|100/100
|switch|p2a: Kyurem|Kyurem-Black|100/100
|-ability|p2a: Kyurem|Teravolt
|-weather|RainDance|[from] ability: Drizzle|[of] p1a: Politoed
|turn|1
|
|t:|1702254144
|switch|p1a: Ferrothorn|Ferrothorn, M|100/100
|move|p2a: Kyurem|Fusion Bolt|p1a: Ferrothorn
|-resisted|p1a: Ferrothorn
|-damage|p1a: Ferrothorn|75/100
|
|-weather|RainDance|[upkeep]
|-heal|p1a: Ferrothorn|81/100|[from] item: Leftovers
|upkeep
|turn|2
|
|t:|1702254151
|switch|p2a: Magnezone|Magnezone|100/100
|switch|p1a: Thundurus|Thundurus-Therian, M|100/100
|
|-weather|RainDance|[upkeep]
|upkeep
|turn|3
|
|t:|1702254162
|move|p1a: Thundurus|Hidden Power|p2a: Magnezone
|-resisted|p2a: Magnezone
|-damage|p2a: Magnezone|82/100
|move|p2a: Magnezone|Sunny Day|p2a: Magnezone
|-weather|SunnyDay
|
|-weather|SunnyDay|[upkeep]
|upkeep
|turn|4
|
|t:|1702254183
|switch|p1a: mr chomps|Garchomp, M|100/100
|switch|p2a: Garchomp|Garchomp, M|100/100
|
|-weather|SunnyDay|[upkeep]
|upkeep
|turn|5
|inactive|BookofConke has 120 seconds left.
|
|t:|1702254205
|switch|p1a: Politoed|Politoed, F|100/100
|-weather|RainDance|[from] ability: Drizzle|[of] p1a: Politoed
|switch|p2a: Magnezone|Magnezone|82/100
|
|-weather|RainDance|[upkeep]
|upkeep
|turn|6
|
|t:|1702254213
|switch|p1a: mr chomps|Garchomp, M|100/100
|move|p2a: Magnezone|Sunny Day|p2a: Magnezone
|-weather|SunnyDay
|
|-weather|SunnyDay|[upkeep]
|upkeep
|turn|7
|
|t:|1702254218
|switch|p2a: Starmie|Starmie|100/100
|-item|p2a: Starmie|Air Balloon
|move|p1a: mr chomps|Earthquake|p2a: Starmie
|-immune|p2a: Starmie
|
|-weather|SunnyDay|[upkeep]
|upkeep
|turn|8
|j| kadenmyers77
|l| kadenmyers77
|
|t:|1702254231
|move|p2a: Starmie|Scald|p1a: mr chomps
|-damage|p1a: mr chomps|83/100
|move|p1a: mr chomps|Outrage|p2a: Starmie
|-damage|p2a: Starmie|0 fnt
|-enditem|p2a: Starmie|Air Balloon
|faint|p2a: Starmie
|
|-weather|SunnyDay|[upkeep]
|upkeep
|
|t:|1702254244
|switch|p2a: Salamence|Salamence, F|100/100
|turn|9
|
|t:|1702254250
|move|p2a: Salamence|Dragon Claw|p1a: mr chomps
|-supereffective|p1a: mr chomps
|-damage|p1a: mr chomps|0 fnt
|-damage|p2a: Salamence|88/100|[from] ability: Rough Skin|[of] p1a: mr chomps
|faint|p1a: mr chomps
|-ability|p2a: Salamence|Moxie|boost
|-boost|p2a: Salamence|atk|1
|
|-weather|SunnyDay|[upkeep]
|upkeep
|
|t:|1702254256
|switch|p1a: Politoed|Politoed, F|100/100
|-weather|RainDance|[from] ability: Drizzle|[of] p1a: Politoed
|turn|10
|
|t:|1702254261
|switch|p2a: Kyurem|Kyurem-Black|100/100
|-ability|p2a: Kyurem|Teravolt
|switch|p1a: Ferrothorn|Ferrothorn, M|81/100
|
|-weather|RainDance|[upkeep]
|-heal|p1a: Ferrothorn|87/100|[from] item: Leftovers
|upkeep
|turn|11
|
|t:|1702254269
|switch|p1a: Thundurus|Thundurus-Therian, M|100/100
|move|p2a: Kyurem|Outrage|p1a: Thundurus
|-damage|p1a: Thundurus|0 fnt
|faint|p1a: Thundurus
|
|-weather|RainDance|[upkeep]
|upkeep
|
|t:|1702254272
|switch|p1a: Ferrothorn|Ferrothorn, M|87/100
|turn|12
|
|t:|1702254277
|move|p2a: Kyurem|Outrage|p1a: Ferrothorn|[from]lockedmove
|-resisted|p1a: Ferrothorn
|-damage|p1a: Ferrothorn|38/100
|-damage|p2a: Kyurem|88/100|[from] ability: Iron Barbs|[of] p1a: Ferrothorn
|move|p1a: Ferrothorn|Gyro Ball|p2a: Kyurem
|-supereffective|p2a: Kyurem
|-damage|p2a: Kyurem|11/100
|
|-weather|RainDance|[upkeep]
|-heal|p1a: Ferrothorn|44/100|[from] item: Leftovers
|upkeep
|turn|13
|
|t:|1702254286
|move|p2a: Kyurem|Outrage|p1a: Ferrothorn|[from]lockedmove
|-resisted|p1a: Ferrothorn
|-damage|p1a: Ferrothorn|0 fnt
|-damage|p2a: Kyurem|0 fnt|[from] ability: Iron Barbs|[of] p1a: Ferrothorn
|faint|p2a: Kyurem
|faint|p1a: Ferrothorn
|
|-weather|RainDance|[upkeep]
|upkeep
|
|t:|1702254299
|switch|p2a: Magnezone|Magnezone|82/100
|switch|p1a: Starmie|Starmie|100/100
|-item|p1a: Starmie|Air Balloon
|turn|14
|
|t:|1702254317
|move|p1a: Starmie|Surf|p2a: Magnezone
|-damage|p2a: Magnezone|0 fnt
|faint|p2a: Magnezone
|
|-weather|RainDance|[upkeep]
|upkeep
|
|t:|1702254332
|switch|p2a: Garchomp|Garchomp, M|100/100
|turn|15
|
|t:|1702254338
|switch|p1a: Politoed|Politoed, F|100/100
|move|p2a: Garchomp|Outrage|p1a: Politoed
|-damage|p1a: Politoed|48/100
|
|-weather|RainDance|[upkeep]
|upkeep
|turn|16
|
|t:|1702254344
|move|p2a: Garchomp|Outrage|p1a: Politoed|[from]lockedmove
|-damage|p1a: Politoed|0 fnt
|faint|p1a: Politoed
|
|-weather|RainDance|[upkeep]
|upkeep
|
|t:|1702254347
|switch|p1a: Latios|Latios, M|100/100
|turn|17
|
|t:|1702254351
|move|p1a: Latios|Draco Meteor|p2a: Garchomp
|-supereffective|p2a: Garchomp
|-damage|p2a: Garchomp|0 fnt
|-unboost|p1a: Latios|spa|2
|faint|p2a: Garchomp
|
|-weather|RainDance|[upkeep]
|upkeep
|
|t:|1702254359
|switch|p2a: Scizor|Scizor, F|100/100
|turn|18
|
|t:|1702254361
|move|p1a: Latios|Draco Meteor|p2a: Scizor
|-resisted|p2a: Scizor
|-damage|p2a: Scizor|80/100
|-unboost|p1a: Latios|spa|2
|move|p2a: Scizor|Pursuit|p1a: Latios
|-supereffective|p1a: Latios
|-damage|p1a: Latios|11/100
|
|-weather|RainDance|[upkeep]
|upkeep
|turn|19
|
|t:|1702254370
|-activate|p1a: Latios|move: Pursuit
|move|p2a: Scizor|Pursuit|p1a: Latios|[from]Pursuit
|-supereffective|p1a: Latios
|-damage|p1a: Latios|0 fnt
|faint|p1a: Latios
|-hint|A Pokemon can't switch between when it runs out of HP and when it faints
|
|-weather|RainDance|[upkeep]
|upkeep
|
|t:|1702254372
|switch|p1a: Starmie|Starmie|100/100
|-item|p1a: Starmie|Air Balloon
|turn|20
|
|t:|1702254381
|move|p1a: Starmie|Surf|p2a: Scizor
|-damage|p2a: Scizor|13/100
|move|p2a: Scizor|Pursuit|p1a: Starmie
|-supereffective|p1a: Starmie
|-damage|p1a: Starmie|6/100
|-enditem|p1a: Starmie|Air Balloon
|
|-weather|RainDance|[upkeep]
|upkeep
|turn|21
|
|t:|1702254388
|move|p1a: Starmie|Surf|p2a: Scizor
|-damage|p2a: Scizor|0 fnt
|faint|p2a: Scizor
|
|-weather|RainDance|[upkeep]
|upkeep
|
|t:|1702254392
|switch|p2a: Salamence|Salamence, F|88/100
|turn|22
|
|t:|1702254396
|move|p2a: Salamence|Outrage|p1a: Starmie
|-damage|p1a: Starmie|0 fnt
|faint|p1a: Starmie
|-ability|p2a: Salamence|Moxie|boost
|-boost|p2a: Salamence|atk|1
|
|win|BookofConke
|raw|torinoko city's rating: 1398 &rarr; <strong>1386</strong><br />(-12 for losing)
|raw|BookofConke's rating: 1547 &rarr; <strong>1559</strong><br />(+12 for winning)
|l|☆torinoko city
