|j|‽putakokookok
|j|☆HANMA JACK
|t:|1735137055
|gametype|singles
|player|p1|putakokookok|palmer|1466
|player|p2|HANMA JACK|169|1596
|teamsize|p1|6
|teamsize|p2|6
|gen|5
|tier|[Gen 5] OU
|rated|
|rule|Species Clause: Limit one of each Pokémon
|rule|OHKO Clause: OHKO moves are banned
|rule|Moody Clause: Moody is banned
|rule|Evasion Items Clause: Evasion items are banned
|rule|Evasion Moves Clause: Evasion moves are banned
|rule|Endless Battle Clause: Forcing endless battles is banned
|rule|HP Percentage Mod: HP is shown in percentages
|rule|Evasion Abilities Clause: Evasion abilities are banned
|rule|Sleep Moves Clause: Sleep-inducing moves are banned
|rule|Swagger Clause: Swagger is banned
|rule|Baton Pass Stat Clause: No Baton Passer may have a way to boost its stats
|clearpoke
|poke|p1|Azelf|item
|poke|p1|Dragonite, M|item
|poke|p1|Starmie|item
|poke|p1|Volcarona, M|item
|poke|p1|Garchomp, M|item
|poke|p1|Gengar, M|item
|poke|p2|Abomasnow, F|item
|poke|p2|Landorus-Therian, M|item
|poke|p2|Starmie|item
|poke|p2|Mamoswine, M|item
|poke|p2|Scizor, F|item
|poke|p2|Salamence, F|item
|teampreview
|c|☆HANMA JACK|gl hf
|
|t:|1735137071
|start
|switch|p1a: Azelf|Azelf|100/100
|switch|p2a: Abomasnow|Abomasnow, F|100/100
|-weather|Hail|[from] ability: Snow Warning|[of] p2a: Abomasnow
|turn|1
|
|t:|1735137076
|move|p1a: Azelf|Stealth Rock|p2a: Abomasnow
|-sidestart|p2: HANMA JACK|move: Stealth Rock
|move|p2a: Abomasnow|Blizzard|p1a: Azelf
|-damage|p1a: Azelf|6/100
|
|-weather|Hail|[upkeep]
|-damage|p1a: Azelf|0 fnt|[from] Hail
|faint|p1a: Azelf
|upkeep
|
|t:|1735137082
|switch|p1a: Volcarona|Volcarona, M|100/100
|turn|2
|j| Blaise BWOU
|inactive|Battle timer is ON: inactive players will automatically lose when time's up. (requested by putakokookok)
|
|t:|1735137099
|switch|p2a: Salamence|Salamence, F|100/100
|-damage|p2a: Salamence|76/100|[from] Stealth Rock
|move|p1a: Volcarona|Quiver Dance|p1a: Volcarona
|-boost|p1a: Volcarona|spa|1
|-boost|p1a: Volcarona|spd|1
|-boost|p1a: Volcarona|spe|1
|
|-weather|Hail|[upkeep]
|-damage|p1a: Volcarona|94/100|[from] Hail
|-damage|p2a: Salamence|70/100|[from] Hail
|upkeep
|turn|3
|
|t:|1735137110
|move|p1a: Volcarona|Bug Buzz|p2a: Salamence
|-resisted|p2a: Salamence
|-damage|p2a: Salamence|17/100
|move|p2a: Salamence|Outrage|p1a: Volcarona
|-damage|p1a: Volcarona|0 fnt
|faint|p1a: Volcarona
|-ability|p2a: Salamence|Moxie|boost
|-boost|p2a: Salamence|atk|1
|
|-weather|Hail|[upkeep]
|-damage|p2a: Salamence|10/100|[from] Hail
|upkeep
|
|t:|1735137118
|switch|p1a: Dragonite|Dragonite, M|100/100
|turn|4
|
|t:|1735137121
|move|p1a: Dragonite|Extreme Speed|p2a: Salamence
|-damage|p2a: Salamence|0 fnt
|faint|p2a: Salamence
|
|-weather|Hail|[upkeep]
|-damage|p1a: Dragonite|94/100|[from] Hail
|upkeep
|
|t:|1735137137
|switch|p2a: Mamoswine|Mamoswine, M|100/100
|-damage|p2a: Mamoswine|88/100|[from] Stealth Rock
|turn|5
|
|t:|1735137156
|switch|p1a: Starmie|Starmie|100/100
|-item|p1a: Starmie|Air Balloon
|move|p2a: Mamoswine|Ice Shard|p1a: Starmie
|-resisted|p1a: Starmie
|-damage|p1a: Starmie|83/100
|-enditem|p1a: Starmie|Air Balloon
|
|-weather|Hail|[upkeep]
|-damage|p1a: Starmie|77/100|[from] Hail
|upkeep
|turn|6
|
|t:|1735137163
|switch|p2a: Abomasnow|Abomasnow, F|100/100
|-damage|p2a: Abomasnow|76/100|[from] Stealth Rock
|move|p1a: Starmie|Surf|p2a: Abomasnow
|-resisted|p2a: Abomasnow
|-damage|p2a: Abomasnow|44/100
|
|-weather|Hail|[upkeep]
|-damage|p1a: Starmie|71/100|[from] Hail
|upkeep
|turn|7
|
|t:|1735137171
|switch|p1a: Gengar|Gengar, M|100/100
|move|p2a: Abomasnow|Giga Drain|p1a: Gengar
|-resisted|p1a: Gengar
|-damage|p1a: Gengar|74/100
|-heal|p2a: Abomasnow|55/100|[from] drain|[of] p1a: Gengar
|
|-weather|Hail|[upkeep]
|-damage|p1a: Gengar|68/100|[from] Hail
|upkeep
|turn|8
|
|t:|1735137189
|move|p1a: Gengar|Trick|p2a: Abomasnow
|-activate|p1a: Gengar|move: Trick|[of] p2a: Abomasnow
|-item|p2a: Abomasnow|Choice Scarf|[from] move: Trick
|-item|p1a: Gengar|Focus Sash|[from] move: Trick
|move|p2a: Abomasnow|Blizzard|p1a: Gengar
|-damage|p1a: Gengar|0 fnt
|faint|p1a: Gengar
|
|-weather|Hail|[upkeep]
|upkeep
|
|t:|1735137196
|switch|p1a: Starmie|Starmie|71/100
|turn|9
|
|t:|1735137199
|move|p1a: Starmie|Surf|p2a: Abomasnow
|-resisted|p2a: Abomasnow
|-damage|p2a: Abomasnow|29/100
|move|p2a: Abomasnow|Blizzard|p1a: Starmie
|-resisted|p1a: Starmie
|-damage|p1a: Starmie|28/100
|
|-weather|Hail|[upkeep]
|-damage|p1a: Starmie|22/100|[from] Hail
|upkeep
|turn|10
|
|t:|1735137222
|move|p1a: Starmie|Ice Beam|p2a: Abomasnow
|-damage|p2a: Abomasnow|0 fnt
|faint|p2a: Abomasnow
|
|-weather|Hail|[upkeep]
|-damage|p1a: Starmie|16/100|[from] Hail
|upkeep
|inactive|HANMA JACK has 120 seconds left.
|
|t:|1735137243
|switch|p2a: Scizor|Scizor, F|100/100
|-damage|p2a: Scizor|88/100|[from] Stealth Rock
|turn|11
|inactive|HANMA JACK has 120 seconds left.
|
|t:|1735137252
|move|p1a: Starmie|Surf|p2a: Scizor
|-damage|p2a: Scizor|30/100
|move|p2a: Scizor|Swords Dance|p2a: Scizor
|-boost|p2a: Scizor|atk|2
|
|-weather|Hail|[upkeep]
|-damage|p1a: Starmie|10/100|[from] Hail
|-damage|p2a: Scizor|24/100|[from] Hail
|-heal|p2a: Scizor|30/100|[from] item: Leftovers
|upkeep
|turn|12
|
|t:|1735137258
|move|p2a: Scizor|Bullet Punch|p1a: Starmie
|-resisted|p1a: Starmie
|-damage|p1a: Starmie|0 fnt
|faint|p1a: Starmie
|
|-weather|Hail|[upkeep]
|-damage|p2a: Scizor|24/100|[from] Hail
|-heal|p2a: Scizor|30/100|[from] item: Leftovers
|upkeep
|
|t:|1735137262
|switch|p1a: Dragonite|Dragonite, M|94/100
|turn|13
|
|t:|1735137267
|move|p2a: Scizor|Bullet Punch|p1a: Dragonite
|-damage|p1a: Dragonite|25/100
|move|p1a: Dragonite|Dragon Dance|p1a: Dragonite
|-boost|p1a: Dragonite|atk|1
|-boost|p1a: Dragonite|spe|1
|
|-weather|Hail|[upkeep]
|-damage|p1a: Dragonite|18/100|[from] Hail
|-damage|p2a: Scizor|24/100|[from] Hail
|-heal|p2a: Scizor|30/100|[from] item: Leftovers
|upkeep
|turn|14
|
|t:|1735137272
|move|p1a: Dragonite|Extreme Speed|p2a: Scizor
|-resisted|p2a: Scizor
|-damage|p2a: Scizor|3/100
|move|p2a: Scizor|Bullet Punch|p1a: Dragonite
|-damage|p1a: Dragonite|0 fnt
|faint|p1a: Dragonite
|
|-weather|Hail|[upkeep]
|-damage|p2a: Scizor|0 fnt|[from] Hail
|faint|p2a: Scizor
|upkeep
|
|t:|1735137276
|switch|p1a: Garchomp|Garchomp, M|100/100
|switch|p2a: Landorus|Landorus-Therian, M|100/100
|-damage|p2a: Landorus|88/100|[from] Stealth Rock
|-ability|p2a: Landorus|Intimidate|boost
|-unboost|p1a: Garchomp|atk|1
|turn|15
|-message|putakokookok forfeited.
|
|win|HANMA JACK
|raw|putakokookok's rating: 1466 &rarr; <strong>1453</strong><br />(-13 for losing)
|raw|HANMA JACK's rating: 1596 &rarr; <strong>1609</strong><br />(+13 for winning)
|l|‽putakokookok
|player|p1|
|c|☆HANMA JACK|gg
|l|☆HANMA JACK
|player|p2|
|j|☆HANMA JACK
|player|p2|HANMA JACK|169|
