|j|☆TheFireWithin100
|j|☆Hans Bloodsmith
|t:|1744536643
|gametype|singles
|player|p1|TheFireWithin100|101|1285
|player|p2|Hans Bloodsmith|plasmagrunt|1381
|teamsize|p1|6
|teamsize|p2|6
|gen|5
|tier|[Gen 5] OU
|rated|
|rule|Species Clause: Limit one of each Pokémon
|rule|OHKO Clause: OHKO moves are banned
|rule|Moody Clause: Moody is banned
|rule|Evasion Items Clause: Evasion items are banned
|rule|Evasion Moves Clause: Evasion moves are banned
|rule|Endless Battle Clause: Forcing endless battles is banned
|rule|HP Percentage Mod: HP is shown in percentages
|rule|Evasion Abilities Clause: Evasion abilities are banned
|rule|Sleep Moves Clause: Sleep-inducing moves are banned
|rule|Swagger Clause: Swagger is banned
|rule|Baton Pass Stat Clause: No Baton Passer may have a way to boost its stats
|clearpoke
|poke|p1|Alomomola, M|item
|poke|p1|Ambipom, M|item
|poke|p1|Scizor, M|item
|poke|p1|Salamence, F|item
|poke|p1|Skarmory, M|item
|poke|p1|Keldeo|item
|poke|p2|Volcarona, M|item
|poke|p2|Hydreigon, M|item
|poke|p2|Mamoswine, M|item
|poke|p2|Ferrothorn, F|item
|poke|p2|Politoed, M|item
|poke|p2|Blastoise, M|item
|teampreview
|inactive|Battle timer is ON: inactive players will automatically lose when time's up. (requested by Hans Bloodsmith)
|
|t:|1744536656
|start
|switch|p1a: Skarmory|Skarmory, M|100/100
|switch|p2a: Francis|Politoed, M|100/100
|-weather|RainDance|[from] ability: Drizzle|[of] p2a: Francis
|turn|1
|j| bxh yy cy
|
|t:|1744536672
|move|p1a: Skarmory|Stealth Rock|p2a: Francis
|-sidestart|p2: Hans Bloodsmith|move: Stealth Rock
|move|p2a: Francis|Surf|p1a: Skarmory
|-ability|p1a: Skarmory|Sturdy
|-damage|p1a: Skarmory|1/100
|
|-weather|RainDance|[upkeep]
|upkeep
|turn|2
|-enditem|p1a: Skarmory|Custap Berry|[eat]
|-activate|p1a: Skarmory|item: Custap Berry|[consumed]
|
|t:|1744536690
|move|p1a: Skarmory|Spikes|p2a: Francis
|-sidestart|p2: Hans Bloodsmith|Spikes
|move|p2a: Francis|Surf|p1a: Skarmory
|-damage|p1a: Skarmory|0 fnt
|faint|p1a: Skarmory
|
|-weather|RainDance|[upkeep]
|upkeep
|inactive|TheFireWithin100 has 120 seconds left.
|
|t:|1744536707
|switch|p1a: Ambipom|Ambipom, M|100/100
|turn|3
|
|t:|1744536711
|move|p1a: Ambipom|Fake Out|p2a: Francis
|-damage|p2a: Francis|62/100
|-damage|p1a: Ambipom|91/100|[from] item: Life Orb
|cant|p2a: Francis|flinch
|
|-weather|RainDance|[upkeep]
|upkeep
|turn|4
|
|t:|1744536724
|move|p1a: Ambipom|U-turn|p2a: Francis
|-damage|p2a: Francis|34/100
|-damage|p1a: Ambipom|81/100|[from] item: Life Orb
|inactive|TheFireWithin100 has 120 seconds left.
|
|t:|1744536743
|switch|p1a: Alomomola|Alomomola, M|100/100|[from] U-turn
|move|p2a: Francis|Surf|p1a: Alomomola
|-resisted|p1a: Alomomola
|-damage|p1a: Alomomola|40/100
|
|-weather|RainDance|[upkeep]
|upkeep
|turn|5
|inactive|TheFireWithin100 has 120 seconds left.
|
|t:|1744536754
|switch|p1a: Keldeo|Keldeo|100/100
|move|p2a: Francis|Surf|p1a: Keldeo
|-resisted|p1a: Keldeo
|-damage|p1a: Keldeo|48/100
|
|-weather|RainDance|[upkeep]
|-heal|p1a: Keldeo|54/100|[from] item: Leftovers
|upkeep
|turn|6
|inactive|TheFireWithin100 has 120 seconds left.
|
|t:|1744536765
|move|p1a: Keldeo|Secret Sword|p2a: Francis
|-damage|p2a: Francis|0 fnt
|faint|p2a: Francis
|
|-weather|RainDance|[upkeep]
|-heal|p1a: Keldeo|60/100|[from] item: Leftovers
|upkeep
|
|t:|1744536773
|switch|p2a: Leonardo|Blastoise, M|100/100
|-damage|p2a: Leonardo|88/100|[from] Stealth Rock
|-damage|p2a: Leonardo|76/100|[from] Spikes
|turn|7
|inactive|TheFireWithin100 has 120 seconds left.
|
|t:|1744536793
|move|p2a: Leonardo|Protect|p2a: Leonardo
|-singleturn|p2a: Leonardo|Protect
|move|p1a: Keldeo|Surf|p2a: Leonardo
|-activate|p2a: Leonardo|move: Protect
|
|-weather|RainDance|[upkeep]
|-heal|p2a: Leonardo|82/100|[from] ability: Rain Dish
|-heal|p1a: Keldeo|66/100|[from] item: Leftovers
|-heal|p2a: Leonardo|88/100|[from] item: Leftovers
|upkeep
|turn|8
|j| skatehead
|inactive|TheFireWithin100 has 120 seconds left.
|
|t:|1744536804
|move|p1a: Keldeo|Calm Mind|p1a: Keldeo
|-boost|p1a: Keldeo|spa|1
|-boost|p1a: Keldeo|spd|1
|move|p2a: Leonardo|Rapid Spin|p1a: Keldeo
|-damage|p1a: Keldeo|63/100
|-sideend|p2: Hans Bloodsmith|Spikes|[from] move: Rapid Spin|[of] p2a: Leonardo
|-sideend|p2: Hans Bloodsmith|Stealth Rock|[from] move: Rapid Spin|[of] p2a: Leonardo
|
|-weather|RainDance|[upkeep]
|-heal|p2a: Leonardo|94/100|[from] ability: Rain Dish
|-heal|p1a: Keldeo|69/100|[from] item: Leftovers
|-heal|p2a: Leonardo|99/100|[from] item: Leftovers
|upkeep
|turn|9
|j| Politoad'sFingers
|inactive|TheFireWithin100 has 120 seconds left.
|
|t:|1744536816
|move|p1a: Keldeo|Secret Sword|p2a: Leonardo
|-damage|p2a: Leonardo|46/100
|move|p2a: Leonardo|Toxic|p1a: Keldeo
|-status|p1a: Keldeo|tox
|
|-weather|RainDance|[upkeep]
|-heal|p2a: Leonardo|52/100|[from] ability: Rain Dish
|-heal|p1a: Keldeo|75/100 tox|[from] item: Leftovers
|-heal|p2a: Leonardo|58/100|[from] item: Leftovers
|-damage|p1a: Keldeo|69/100 tox|[from] psn
|upkeep
|turn|10
|inactive|TheFireWithin100 has 120 seconds left.
|
|t:|1744536833
|move|p2a: Leonardo|Protect|p2a: Leonardo
|-singleturn|p2a: Leonardo|Protect
|move|p1a: Keldeo|Calm Mind|p1a: Keldeo
|-boost|p1a: Keldeo|spa|1
|-boost|p1a: Keldeo|spd|1
|
|-weather|RainDance|[upkeep]
|-heal|p2a: Leonardo|64/100|[from] ability: Rain Dish
|-heal|p1a: Keldeo|75/100 tox|[from] item: Leftovers
|-heal|p2a: Leonardo|70/100|[from] item: Leftovers
|-damage|p1a: Keldeo|63/100 tox|[from] psn
|upkeep
|turn|11
|inactive|TheFireWithin100 has 120 seconds left.
|
|t:|1744536845
|move|p2a: Leonardo|Protect|p2a: Leonardo
|-singleturn|p2a: Leonardo|Protect
|move|p1a: Keldeo|Surf|p2a: Leonardo
|-activate|p2a: Leonardo|move: Protect
|
|-weather|RainDance|[upkeep]
|-heal|p2a: Leonardo|76/100|[from] ability: Rain Dish
|-heal|p1a: Keldeo|69/100 tox|[from] item: Leftovers
|-heal|p2a: Leonardo|82/100|[from] item: Leftovers
|-damage|p1a: Keldeo|50/100 tox|[from] psn
|upkeep
|turn|12
|inactive|TheFireWithin100 has 120 seconds left.
|l| Politoad'sFingers
|
|t:|1744536857
|switch|p2a: Rhodes|Ferrothorn, F|100/100
|move|p1a: Keldeo|Secret Sword|p2a: Rhodes
|-supereffective|p2a: Rhodes
|-damage|p2a: Rhodes|0 fnt
|faint|p2a: Rhodes
|
|-weather|RainDance|[upkeep]
|-heal|p1a: Keldeo|57/100 tox|[from] item: Leftovers
|-damage|p1a: Keldeo|32/100 tox|[from] psn
|upkeep
|
|t:|1744536862
|switch|p2a: Leonardo|Blastoise, M|82/100
|turn|13
|inactive|TheFireWithin100 has 120 seconds left.
|
|t:|1744536878
|switch|p1a: Scizor|Scizor, M|100/100
|move|p2a: Leonardo|Protect||[still]
|-fail|p2a: Leonardo
|
|-weather|RainDance|[upkeep]
|-heal|p2a: Leonardo|88/100|[from] ability: Rain Dish
|-heal|p2a: Leonardo|94/100|[from] item: Leftovers
|upkeep
|turn|14
|l| skatehead
|inactive|TheFireWithin100 has 120 seconds left.
|
|t:|1744536908
|move|p2a: Leonardo|Scald|p1a: Scizor
|-damage|p1a: Scizor|57/100
|-status|p1a: Scizor|brn
|move|p1a: Scizor|U-turn|p2a: Leonardo
|-damage|p2a: Leonardo|80/100
|
|t:|1744536915
|switch|p1a: Alomomola|Alomomola, M|73/100|[from] U-turn
|
|-weather|RainDance|[upkeep]
|-heal|p2a: Leonardo|86/100|[from] ability: Rain Dish
|-heal|p2a: Leonardo|92/100|[from] item: Leftovers
|upkeep
|turn|15
|
|t:|1744536924
|move|p2a: Leonardo|Toxic|p1a: Alomomola
|-status|p1a: Alomomola|tox
|move|p1a: Alomomola|Toxic|p2a: Leonardo
|-status|p2a: Leonardo|tox
|
|-weather|RainDance|[upkeep]
|-heal|p2a: Leonardo|98/100 tox|[from] ability: Rain Dish
|-heal|p2a: Leonardo|100/100 tox|[from] item: Leftovers
|-damage|p2a: Leonardo|94/100 tox|[from] psn
|-damage|p1a: Alomomola|67/100 tox|[from] psn
|upkeep
|turn|16
|inactive|TheFireWithin100 has 90 seconds left.
|
|t:|1744536949
|move|p2a: Leonardo|Scald|p1a: Alomomola
|-resisted|p1a: Alomomola
|-damage|p1a: Alomomola|46/100 tox
|move|p1a: Alomomola|Healing Wish|p1a: Alomomola
|faint|p1a: Alomomola
|
|-weather|RainDance|[upkeep]
|-heal|p2a: Leonardo|100/100 tox|[from] ability: Rain Dish
|-damage|p2a: Leonardo|88/100 tox|[from] psn
|upkeep
|
|t:|1744536965
|switch|p1a: Keldeo|Keldeo|32/100 tox
|-heal|p1a: Keldeo|100/100|[from] move: Healing Wish
|turn|17
|
|t:|1744536987
|move|p1a: Keldeo|Calm Mind|p1a: Keldeo
|-boost|p1a: Keldeo|spa|1
|-boost|p1a: Keldeo|spd|1
|move|p2a: Leonardo|Toxic|p1a: Keldeo|[miss]
|-miss|p2a: Leonardo|p1a: Keldeo
|
|-weather|RainDance|[upkeep]
|-heal|p2a: Leonardo|94/100 tox|[from] ability: Rain Dish
|-heal|p2a: Leonardo|100/100 tox|[from] item: Leftovers
|-damage|p2a: Leonardo|82/100 tox|[from] psn
|upkeep
|turn|18
|
|t:|1744537005
|move|p1a: Keldeo|Surf|p2a: Leonardo
|-resisted|p2a: Leonardo
|-damage|p2a: Leonardo|38/100 tox
|move|p2a: Leonardo|Toxic|p1a: Keldeo
|-status|p1a: Keldeo|tox
|
|-weather|RainDance|[upkeep]
|-heal|p2a: Leonardo|44/100 tox|[from] ability: Rain Dish
|-heal|p2a: Leonardo|50/100 tox|[from] item: Leftovers
|-damage|p1a: Keldeo|94/100 tox|[from] psn
|-damage|p2a: Leonardo|26/100 tox|[from] psn
|upkeep
|turn|19
|
|t:|1744537018
|move|p2a: Leonardo|Protect|p2a: Leonardo
|-singleturn|p2a: Leonardo|Protect
|move|p1a: Keldeo|Calm Mind|p1a: Keldeo
|-boost|p1a: Keldeo|spa|1
|-boost|p1a: Keldeo|spd|1
|
|-weather|RainDance|[upkeep]
|-heal|p2a: Leonardo|32/100 tox|[from] ability: Rain Dish
|-heal|p1a: Keldeo|100/100 tox|[from] item: Leftovers
|-heal|p2a: Leonardo|38/100 tox|[from] item: Leftovers
|-damage|p1a: Keldeo|88/100 tox|[from] psn
|-damage|p2a: Leonardo|8/100 tox|[from] psn
|upkeep
|turn|20
|inactive|TheFireWithin100 has 60 seconds left.
|
|t:|1744537033
|move|p2a: Leonardo|Protect|p2a: Leonardo
|-singleturn|p2a: Leonardo|Protect
|move|p1a: Keldeo|Surf|p2a: Leonardo
|-activate|p2a: Leonardo|move: Protect
|
|-weather|RainDance|[upkeep]
|-heal|p2a: Leonardo|14/100 tox|[from] ability: Rain Dish
|-heal|p1a: Keldeo|94/100 tox|[from] item: Leftovers
|-heal|p2a: Leonardo|20/100 tox|[from] item: Leftovers
|-damage|p1a: Keldeo|76/100 tox|[from] psn
|-damage|p2a: Leonardo|0 fnt|[from] psn
|faint|p2a: Leonardo
|upkeep
|
|t:|1744537047
|switch|p2a: Hannibal|Hydreigon, M|100/100
|turn|21
|
|t:|1744537052
|move|p2a: Hannibal|Draco Meteor|p1a: Keldeo
|-damage|p1a: Keldeo|33/100 tox
|-unboost|p2a: Hannibal|spa|2
|move|p1a: Keldeo|Secret Sword|p2a: Hannibal
|-supereffective|p2a: Hannibal
|-damage|p2a: Hannibal|0 fnt
|faint|p2a: Hannibal
|
|-weather|RainDance|[upkeep]
|-heal|p1a: Keldeo|39/100 tox|[from] item: Leftovers
|-damage|p1a: Keldeo|14/100 tox|[from] psn
|upkeep
|
|t:|1744537057
|switch|p2a: Klaus|Mamoswine, M|100/100
|turn|22
|
|t:|1744537072
|move|p2a: Klaus|Ice Shard|p1a: Keldeo
|-resisted|p1a: Keldeo
|-damage|p1a: Keldeo|0 fnt
|faint|p1a: Keldeo
|
|-weather|RainDance|[upkeep]
|upkeep
|
|t:|1744537080
|switch|p1a: Ambipom|Ambipom, M|81/100
|turn|23
|
|t:|1744537083
|move|p1a: Ambipom|Fake Out|p2a: Klaus
|-damage|p2a: Klaus|62/100
|-damage|p1a: Ambipom|71/100|[from] item: Life Orb
|cant|p2a: Klaus|flinch
|
|-weather|RainDance|[upkeep]
|upkeep
|turn|24
|inactive|TheFireWithin100 has 90 seconds left.
|
|t:|1744537099
|move|p2a: Klaus|Ice Shard|p1a: Ambipom
|-damage|p1a: Ambipom|15/100
|move|p1a: Ambipom|U-turn|p2a: Klaus
|-damage|p2a: Klaus|31/100
|-damage|p1a: Ambipom|5/100|[from] item: Life Orb
|
|t:|1744537105
|switch|p1a: Scizor|Scizor, M|57/100 brn|[from] U-turn
|
|-weather|RainDance|[upkeep]
|-heal|p1a: Scizor|64/100 brn|[from] item: Leftovers
|-damage|p1a: Scizor|51/100 brn|[from] brn
|upkeep
|turn|25
|inactive|TheFireWithin100 has 90 seconds left.
|
|t:|1744537114
|switch|p2a: Dante|Volcarona, M|100/100
|move|p1a: Scizor|Bullet Punch|p2a: Dante
|-resisted|p2a: Dante
|-damage|p2a: Dante|89/100
|
|-weather|RainDance|[upkeep]
|-heal|p1a: Scizor|57/100 brn|[from] item: Leftovers
|-damage|p1a: Scizor|45/100 brn|[from] brn
|upkeep
|turn|26
|inactive|TheFireWithin100 has 90 seconds left.
|
|t:|1744537127
|switch|p1a: Salamence|Salamence, F|100/100
|move|p2a: Dante|Quiver Dance|p2a: Dante
|-boost|p2a: Dante|spa|1
|-boost|p2a: Dante|spd|1
|-boost|p2a: Dante|spe|1
|
|-weather|RainDance|[upkeep]
|upkeep
|turn|27
|inactive|TheFireWithin100 has 90 seconds left.
|
|t:|1744537137
|move|p1a: Salamence|Outrage|p2a: Dante
|-damage|p2a: Dante|0 fnt
|-status|p1a: Salamence|brn|[from] ability: Flame Body|[of] p2a: Dante
|faint|p2a: Dante
|-ability|p1a: Salamence|Moxie|boost
|-boost|p1a: Salamence|atk|1
|
|-weather|RainDance|[upkeep]
|-damage|p1a: Salamence|88/100 brn|[from] brn
|upkeep
|
|t:|1744537144
|switch|p2a: Klaus|Mamoswine, M|31/100
|turn|28
|
|t:|1744537149
|move|p2a: Klaus|Ice Shard|p1a: Salamence
|-supereffective|p1a: Salamence
|-damage|p1a: Salamence|0 fnt
|faint|p1a: Salamence
|
|-weather|RainDance|[upkeep]
|upkeep
|
|t:|1744537156
|switch|p1a: Scizor|Scizor, M|45/100 brn
|turn|29
|
|t:|1744537159
|move|p2a: Klaus|Ice Shard|p1a: Scizor
|-resisted|p1a: Scizor
|-damage|p1a: Scizor|27/100 brn
|move|p1a: Scizor|Bullet Punch|p2a: Klaus
|-supereffective|p2a: Klaus
|-damage|p2a: Klaus|0 fnt
|faint|p2a: Klaus
|
|win|TheFireWithin100
|raw|TheFireWithin100's rating: 1285 &rarr; <strong>1317</strong><br />(+32 for winning)
|raw|Hans Bloodsmith's rating: 1381 &rarr; <strong>1356</strong><br />(-25 for losing)
|l|☆Hans Bloodsmith
|player|p2|
