|j|☆Darkortex
|j|☆dkwpsjdj
|t:|1716954688
|gametype|singles
|player|p1|Darkortex|hilbert|1513
|player|p2|dkwpsjdj|lucas|1282
|teamsize|p1|6
|teamsize|p2|6
|gen|5
|tier|[Gen 5] OU
|rated|
|rule|Species Clause: Limit one of each Pokémon
|rule|OHKO Clause: OHKO moves are banned
|rule|Moody Clause: Moody is banned
|rule|Evasion Items Clause: Evasion items are banned
|rule|Evasion Moves Clause: Evasion moves are banned
|rule|Endless Battle Clause: Forcing endless battles is banned
|rule|HP Percentage Mod: HP is shown in percentages
|rule|Evasion Abilities Clause: Evasion abilities are banned
|rule|Sleep Moves Clause: Sleep-inducing moves are banned
|rule|Swagger Clause: Swagger is banned
|rule|Baton Pass Stat Clause: No Baton Passer may have a way to boost its stats
|clearpoke
|poke|p1|Ninetales, M|item
|poke|p1|Chansey, F|item
|poke|p1|Cresselia, F|item
|poke|p1|Excadrill, M|item
|poke|p1|Xatu, M|item
|poke|p1|Volcarona, M|item
|poke|p2|Latios, M|item
|poke|p2|Kingdra, F|item
|poke|p2|Garchomp, F|item
|poke|p2|Kyurem-Black|item
|poke|p2|Dragonite, M|item
|poke|p2|Salamence, F|item
|teampreview
|inactive|Battle timer is ON: inactive players will automatically lose when time's up. (requested by Darkortex)
|inactive|dkwpsjdj has 120 seconds left.
|
|t:|1716954747
|start
|switch|p1a: Chansey|Chansey, F|100/100
|switch|p2a: Kyurem|Kyurem-Black|100/100
|-ability|p2a: Kyurem|Teravolt
|turn|1
|
|t:|1716954753
|move|p2a: Kyurem|Outrage|p1a: Chansey
|-crit|p1a: Chansey
|-damage|p1a: Chansey|0 fnt
|faint|p1a: Chansey
|
|upkeep
|
|t:|1716954757
|switch|p1a: Ninetales|Ninetales, M|100/100
|-weather|SunnyDay|[from] ability: Drought|[of] p1a: Ninetales
|turn|2
|
|t:|1716954758
|move|p1a: Ninetales|Will-O-Wisp|p2a: Kyurem
|-status|p2a: Kyurem|brn
|move|p2a: Kyurem|Outrage|p1a: Ninetales|[from]lockedmove
|-damage|p1a: Ninetales|33/100
|
|-weather|SunnyDay|[upkeep]
|-heal|p1a: Ninetales|39/100|[from] item: Leftovers
|-damage|p2a: Kyurem|88/100 brn|[from] brn
|upkeep
|turn|3
|
|t:|1716954764
|move|p1a: Ninetales|Protect|p1a: Ninetales
|-singleturn|p1a: Ninetales|Protect
|move|p2a: Kyurem|Outrage|p1a: Ninetales|[from]lockedmove
|-activate|p1a: Ninetales|move: Protect
|-start|p2a: Kyurem|confusion|[fatigue]
|
|-weather|SunnyDay|[upkeep]
|-heal|p1a: Ninetales|45/100|[from] item: Leftovers
|-damage|p2a: Kyurem|76/100 brn|[from] brn
|upkeep
|turn|4
|
|t:|1716954770
|switch|p1a: Cresselia|Cresselia, F|100/100
|switch|p2a: Garchomp|Garchomp, F|100/100
|
|-weather|SunnyDay|[upkeep]
|upkeep
|turn|5
|
|t:|1716954775
|move|p2a: Garchomp|Outrage|p1a: Cresselia
|-damage|p1a: Cresselia|54/100
|move|p1a: Cresselia|Ice Beam|p2a: Garchomp
|-supereffective|p2a: Garchomp
|-damage|p2a: Garchomp|28/100
|
|-weather|SunnyDay|[upkeep]
|-heal|p1a: Cresselia|60/100|[from] item: Leftovers
|upkeep
|turn|6
|
|t:|1716954780
|move|p2a: Garchomp|Outrage|p1a: Cresselia|[from]lockedmove
|-damage|p1a: Cresselia|13/100
|-start|p2a: Garchomp|confusion|[fatigue]
|move|p1a: Cresselia|Moonlight|p1a: Cresselia
|-heal|p1a: Cresselia|80/100
|
|-weather|SunnyDay|[upkeep]
|-heal|p1a: Cresselia|86/100|[from] item: Leftovers
|upkeep
|turn|7
|
|t:|1716954785
|switch|p2a: Kingdra|Kingdra, F|100/100
|switch|p1a: Xatu|Xatu, M|100/100
|
|-weather|SunnyDay|[upkeep]
|upkeep
|turn|8
|
|t:|1716954788
|move|p2a: Kingdra|Draco Meteor|p1a: Xatu
|-damage|p1a: Xatu|0 fnt
|-unboost|p2a: Kingdra|spa|2
|faint|p1a: Xatu
|
|-weather|SunnyDay|[upkeep]
|upkeep
|
|t:|1716954794
|switch|p1a: Excadrill|Excadrill, M|100/100
|-ability|p1a: Excadrill|Mold Breaker
|turn|9
|
|t:|1716954797
|switch|p2a: Salamence|Salamence, F|100/100
|-ability|p2a: Salamence|Intimidate|boost
|-unboost|p1a: Excadrill|atk|1
|move|p1a: Excadrill|Iron Head|p2a: Salamence
|-crit|p2a: Salamence
|-damage|p2a: Salamence|0 fnt
|faint|p2a: Salamence
|
|-weather|SunnyDay|[upkeep]
|upkeep
|
|t:|1716954803
|switch|p2a: Garchomp|Garchomp, F|28/100
|turn|10
|
|t:|1716954807
|move|p1a: Excadrill|Protect|p1a: Excadrill
|-singleturn|p1a: Excadrill|Protect
|move|p2a: Garchomp|Outrage|p1a: Excadrill
|-activate|p1a: Excadrill|move: Protect
|
|-weather|SunnyDay|[upkeep]
|upkeep
|turn|11
|
|t:|1716954810
|switch|p1a: Cresselia|Cresselia, F|86/100
|move|p2a: Garchomp|Outrage|p1a: Cresselia
|-damage|p1a: Cresselia|43/100
|
|-weather|SunnyDay|[upkeep]
|-heal|p1a: Cresselia|49/100|[from] item: Leftovers
|upkeep
|turn|12
|
|t:|1716954815
|move|p2a: Garchomp|Outrage|p1a: Cresselia|[from]lockedmove
|-damage|p1a: Cresselia|7/100
|move|p1a: Cresselia|Moonlight|p1a: Cresselia
|-heal|p1a: Cresselia|73/100
|
|-weather|SunnyDay|[upkeep]
|-heal|p1a: Cresselia|80/100|[from] item: Leftovers
|upkeep
|turn|13
|
|t:|1716954820
|move|p2a: Garchomp|Outrage|p1a: Cresselia|[from]lockedmove
|-damage|p1a: Cresselia|36/100
|-start|p2a: Garchomp|confusion|[fatigue]
|move|p1a: Cresselia|Moonlight|p1a: Cresselia
|-heal|p1a: Cresselia|100/100
|
|-weather|SunnyDay|[upkeep]
|upkeep
|turn|14
|
|t:|1716954824
|switch|p2a: Kingdra|Kingdra, F|100/100
|move|p1a: Cresselia|Ice Beam|p2a: Kingdra
|-damage|p2a: Kingdra|78/100
|
|-weather|SunnyDay|[upkeep]
|upkeep
|turn|15
|
|t:|1716954828
|switch|p1a: Excadrill|Excadrill, M|100/100
|-ability|p1a: Excadrill|Mold Breaker
|move|p2a: Kingdra|Rain Dance|p2a: Kingdra
|-weather|RainDance
|
|-weather|RainDance|[upkeep]
|upkeep
|turn|16
|
|t:|1716954835
|switch|p2a: Garchomp|Garchomp, F|28/100
|move|p1a: Excadrill|Protect||[still]
|-fail|p1a: Excadrill
|
|-weather|RainDance|[upkeep]
|upkeep
|turn|17
|
|t:|1716954839
|move|p1a: Excadrill|Protect|p1a: Excadrill
|-singleturn|p1a: Excadrill|Protect
|move|p2a: Garchomp|Earthquake|p1a: Excadrill
|-activate|p1a: Excadrill|move: Protect
|
|-weather|RainDance|[upkeep]
|upkeep
|turn|18
|
|t:|1716954844
|switch|p2a: Dragonite|Dragonite, M|100/100
|switch|p1a: Cresselia|Cresselia, F|100/100
|
|-weather|RainDance|[upkeep]
|upkeep
|turn|19
|
|t:|1716954847
|move|p2a: Dragonite|Outrage|p1a: Cresselia
|-damage|p1a: Cresselia|53/100
|move|p1a: Cresselia|Skill Swap|p2a: Dragonite
|-activate|p1a: Cresselia|move: Skill Swap|Multiscale|Levitate|[of] p2a: Dragonite
|-endability|p1a: Cresselia|Levitate|[from] move: Skill Swap
|-endability|p2a: Dragonite|Multiscale|[from] move: Skill Swap
|
|-weather|none
|-heal|p1a: Cresselia|59/100|[from] item: Leftovers
|upkeep
|turn|20
|
|t:|1716954855
|switch|p1a: Ninetales|Ninetales, M|45/100
|-weather|SunnyDay|[from] ability: Drought|[of] p1a: Ninetales
|move|p2a: Dragonite|Outrage|p1a: Ninetales|[from]lockedmove
|-damage|p1a: Ninetales|0 fnt
|faint|p1a: Ninetales
|-start|p2a: Dragonite|confusion|[fatigue]
|
|-weather|SunnyDay|[upkeep]
|upkeep
|
|t:|1716954857
|switch|p1a: Cresselia|Cresselia, F|59/100
|turn|21
|
|t:|1716954863
|switch|p2a: Kingdra|Kingdra, F|78/100
|move|p1a: Cresselia|Moonlight|p1a: Cresselia
|-heal|p1a: Cresselia|100/100
|
|-weather|SunnyDay|[upkeep]
|upkeep
|turn|22
|
|t:|1716954866
|move|p2a: Kingdra|Rain Dance|p2a: Kingdra
|-weather|RainDance
|move|p1a: Cresselia|Ice Beam|p2a: Kingdra
|-damage|p2a: Kingdra|59/100
|
|-weather|RainDance|[upkeep]
|upkeep
|turn|23
|
|t:|1716954870
|switch|p2a: Kyurem|Kyurem-Black|76/100 brn
|-ability|p2a: Kyurem|Teravolt
|move|p1a: Cresselia|Psyshock|p2a: Kyurem
|-crit|p2a: Kyurem
|-damage|p2a: Kyurem|38/100 brn
|
|-weather|RainDance|[upkeep]
|-damage|p2a: Kyurem|26/100 brn|[from] brn
|upkeep
|turn|24
|
|t:|1716954879
|move|p2a: Kyurem|Outrage|p1a: Cresselia
|-damage|p1a: Cresselia|67/100
|move|p1a: Cresselia|Psyshock|p2a: Kyurem
|-damage|p2a: Kyurem|8/100 brn
|
|-weather|RainDance|[upkeep]
|-heal|p1a: Cresselia|73/100|[from] item: Leftovers
|-damage|p2a: Kyurem|0 fnt|[from] brn
|faint|p2a: Kyurem
|upkeep
|
|t:|1716954886
|switch|p2a: Kingdra|Kingdra, F|59/100
|turn|25
|
|t:|1716954894
|move|p2a: Kingdra|Hydro Pump|p1a: Cresselia
|-damage|p1a: Cresselia|4/100
|move|p1a: Cresselia|Psyshock|p2a: Kingdra
|-damage|p2a: Kingdra|31/100
|
|-weather|RainDance|[upkeep]
|-heal|p1a: Cresselia|10/100|[from] item: Leftovers
|upkeep
|turn|26
|
|t:|1716954899
|move|p2a: Kingdra|Hydro Pump|p1a: Cresselia
|-damage|p1a: Cresselia|0 fnt
|faint|p1a: Cresselia
|
|-weather|none
|upkeep
|
|t:|1716954901
|switch|p1a: Volcarona|Volcarona, M|100/100
|turn|27
|
|t:|1716954903
|move|p1a: Volcarona|Quiver Dance|p1a: Volcarona
|-boost|p1a: Volcarona|spa|1
|-boost|p1a: Volcarona|spd|1
|-boost|p1a: Volcarona|spe|1
|move|p2a: Kingdra|Hydro Pump|p1a: Volcarona
|-supereffective|p1a: Volcarona
|-damage|p1a: Volcarona|0 fnt
|faint|p1a: Volcarona
|
|upkeep
|-message|Darkortex forfeited.
|
|win|dkwpsjdj
|raw|Darkortex's rating: 1513 &rarr; <strong>1481</strong><br />(-32 for losing)
|raw|dkwpsjdj's rating: 1282 &rarr; <strong>1322</strong><br />(+40 for winning)
|l|☆Darkortex
|player|p1|
|j|☆Darkortex
|player|p1|Darkortex|hilbert|
|l|☆Darkortex
|player|p1|
