|j|☆Xyzzy 1
|j|☆Esurient
|t:|1734973820
|gametype|singles
|player|p1|Xyzzy 1|skier|1514
|player|p2|Esurient|265|1359
|teamsize|p1|6
|teamsize|p2|6
|gen|5
|tier|[Gen 5] OU
|rated|
|rule|Species Clause: Limit one of each Pokémon
|rule|OHKO Clause: OHKO moves are banned
|rule|Moody Clause: Moody is banned
|rule|Evasion Items Clause: Evasion items are banned
|rule|Evasion Moves Clause: Evasion moves are banned
|rule|Endless Battle Clause: Forcing endless battles is banned
|rule|HP Percentage Mod: HP is shown in percentages
|rule|Evasion Abilities Clause: Evasion abilities are banned
|rule|Sleep Moves Clause: Sleep-inducing moves are banned
|rule|Swagger Clause: Swagger is banned
|rule|Baton Pass Stat Clause: No Baton Passer may have a way to boost its stats
|clearpoke
|poke|p1|Hippowdon, F|item
|poke|p1|Latios, M|item
|poke|p1|Reuniclus, F|item
|poke|p1|Ferrothorn, M|item
|poke|p1|Excadrill, M|item
|poke|p1|Alakazam, M|item
|poke|p2|Alakazam, F|item
|poke|p2|Reuniclus, F|item
|poke|p2|Skarmory, F|item
|poke|p2|Landorus-Therian, M|item
|poke|p2|Rotom-Wash|item
|poke|p2|Tyranitar, M|item
|teampreview
|inactive|Battle timer is ON: inactive players will automatically lose when time's up. (requested by Xyzzy 1)
|
|t:|1734973837
|start
|switch|p1a: Ferrothorn|Ferrothorn, M|100/100
|switch|p2a: Rotom|Rotom-Wash|100/100
|turn|1
|
|t:|1734973842
|move|p1a: Ferrothorn|Protect|p1a: Ferrothorn
|-singleturn|p1a: Ferrothorn|Protect
|move|p2a: Rotom|Volt Switch|p1a: Ferrothorn
|-activate|p1a: Ferrothorn|move: Protect
|
|upkeep
|turn|2
|
|t:|1734973848
|move|p2a: Rotom|Volt Switch|p1a: Ferrothorn
|-resisted|p1a: Ferrothorn
|-damage|p1a: Ferrothorn|81/100
|
|t:|1734973854
|switch|p2a: Skarmory|Skarmory, F|100/100|[from] Volt Switch
|move|p1a: Ferrothorn|Power Whip|p2a: Skarmory
|-resisted|p2a: Skarmory
|-damage|p2a: Skarmory|93/100
|-damage|p1a: Ferrothorn|64/100|[from] item: Rocky Helmet|[of] p2a: Skarmory
|
|-heal|p1a: Ferrothorn|70/100|[from] item: Leftovers
|upkeep
|turn|3
|
|t:|1734973860
|move|p2a: Skarmory|Stealth Rock|p1a: Ferrothorn
|-sidestart|p1: Xyzzy 1|move: Stealth Rock
|move|p1a: Ferrothorn|Leech Seed|p2a: Skarmory
|-start|p2a: Skarmory|move: Leech Seed
|
|-heal|p1a: Ferrothorn|77/100|[from] item: Leftovers
|-damage|p2a: Skarmory|81/100|[from] Leech Seed|[of] p1a: Ferrothorn
|-heal|p1a: Ferrothorn|88/100|[silent]
|upkeep
|turn|4
|
|t:|1734973882
|switch|p2a: Landorus|Landorus-Therian, M|100/100
|-ability|p2a: Landorus|Intimidate|boost
|-unboost|p1a: Ferrothorn|atk|1
|switch|p1a: Hippowdon|Hippowdon, F|100/100
|-damage|p1a: Hippowdon|94/100|[from] Stealth Rock
|-weather|Sandstorm|[from] ability: Sand Stream|[of] p1a: Hippowdon
|
|-weather|Sandstorm|[upkeep]
|-heal|p1a: Hippowdon|100/100|[from] item: Leftovers
|upkeep
|turn|5
|
|t:|1734973887
|move|p2a: Landorus|U-turn|p1a: Hippowdon
|-damage|p1a: Hippowdon|83/100
|
|t:|1734973889
|switch|p2a: Rotom|Rotom-Wash|100/100|[from] U-turn
|move|p1a: Hippowdon|Stealth Rock|p2a: Rotom
|-sidestart|p2: Esurient|move: Stealth Rock
|
|-weather|Sandstorm|[upkeep]
|-damage|p2a: Rotom|94/100|[from] Sandstorm
|-heal|p1a: Hippowdon|89/100|[from] item: Leftovers
|upkeep
|turn|6
|
|t:|1734973899
|switch|p1a: Latios|Latios, M|100/100
|-damage|p1a: Latios|88/100|[from] Stealth Rock
|move|p2a: Rotom|Hydro Pump|p1a: Latios
|-resisted|p1a: Latios
|-damage|p1a: Latios|43/100
|
|-weather|Sandstorm|[upkeep]
|-damage|p1a: Latios|37/100|[from] Sandstorm
|-damage|p2a: Rotom|88/100|[from] Sandstorm
|upkeep
|turn|7
|
|t:|1734973910
|switch|p1a: Ferrothorn|Ferrothorn, M|88/100
|-damage|p1a: Ferrothorn|82/100|[from] Stealth Rock
|move|p2a: Rotom|Hydro Pump|p1a: Ferrothorn
|-resisted|p1a: Ferrothorn
|-damage|p1a: Ferrothorn|49/100
|
|-weather|Sandstorm|[upkeep]
|-damage|p2a: Rotom|82/100|[from] Sandstorm
|-heal|p1a: Ferrothorn|55/100|[from] item: Leftovers
|upkeep
|turn|8
|
|t:|1734973920
|switch|p2a: Skarmory|Skarmory, F|81/100
|-damage|p2a: Skarmory|68/100|[from] Stealth Rock
|switch|p1a: Latios|Latios, M|37/100
|-damage|p1a: Latios|25/100|[from] Stealth Rock
|
|-weather|Sandstorm|[upkeep]
|-damage|p1a: Latios|19/100|[from] Sandstorm
|upkeep
|turn|9
|
|t:|1734973923
|move|p1a: Latios|Recover|p1a: Latios
|-heal|p1a: Latios|69/100
|move|p2a: Skarmory|Roost|p2a: Skarmory
|-heal|p2a: Skarmory|100/100
|-singleturn|p2a: Skarmory|move: Roost
|
|-weather|Sandstorm|[upkeep]
|-damage|p1a: Latios|63/100|[from] Sandstorm
|upkeep
|turn|10
|
|t:|1734973928
|move|p1a: Latios|Thunder Wave|p2a: Skarmory
|-status|p2a: Skarmory|par
|move|p2a: Skarmory|Spikes|p1a: Latios
|-sidestart|p1: Xyzzy 1|Spikes
|
|-weather|Sandstorm|[upkeep]
|-damage|p1a: Latios|57/100|[from] Sandstorm
|upkeep
|turn|11
|
|t:|1734973941
|switch|p1a: Hippowdon|Hippowdon, F|89/100
|-damage|p1a: Hippowdon|83/100|[from] Stealth Rock
|-damage|p1a: Hippowdon|70/100|[from] Spikes
|cant|p2a: Skarmory|par
|
|-weather|Sandstorm|[upkeep]
|-heal|p1a: Hippowdon|77/100|[from] item: Leftovers
|upkeep
|turn|12
|
|t:|1734973945
|move|p2a: Skarmory|Spikes|p1a: Hippowdon
|-sidestart|p1: Xyzzy 1|Spikes
|move|p1a: Hippowdon|Whirlwind|p2a: Skarmory
|drag|p2a: Landorus|Landorus-Therian, M|100/100
|-damage|p2a: Landorus|88/100|[from] Stealth Rock
|-ability|p2a: Landorus|Intimidate|boost
|-unboost|p1a: Hippowdon|atk|1
|
|-weather|Sandstorm|[upkeep]
|-heal|p1a: Hippowdon|83/100|[from] item: Leftovers
|upkeep
|turn|13
|
|t:|1734973952
|move|p2a: Landorus|Hidden Power|p1a: Hippowdon
|-supereffective|p1a: Hippowdon
|-damage|p1a: Hippowdon|57/100
|move|p1a: Hippowdon|Whirlwind|p2a: Landorus
|drag|p2a: Alakazam|Alakazam, F|100/100
|
|-weather|Sandstorm|[upkeep]
|-heal|p1a: Hippowdon|63/100|[from] item: Leftovers
|upkeep
|turn|14
|
|t:|1734973960
|move|p2a: Alakazam|Hidden Power|p1a: Hippowdon
|-supereffective|p1a: Hippowdon
|-damage|p1a: Hippowdon|18/100
|move|p1a: Hippowdon|Slack Off|p1a: Hippowdon
|-heal|p1a: Hippowdon|68/100
|
|-weather|Sandstorm|[upkeep]
|-heal|p1a: Hippowdon|74/100|[from] item: Leftovers
|upkeep
|turn|15
|
|t:|1734973964
|move|p2a: Alakazam|Hidden Power|p1a: Hippowdon
|-supereffective|p1a: Hippowdon
|-damage|p1a: Hippowdon|29/100
|move|p1a: Hippowdon|Earthquake|p2a: Alakazam
|-damage|p2a: Alakazam|32/100
|
|-weather|Sandstorm|[upkeep]
|-heal|p1a: Hippowdon|35/100|[from] item: Leftovers
|upkeep
|turn|16
|
|t:|1734973968
|switch|p1a: Excadrill|Excadrill, M|100/100
|-damage|p1a: Excadrill|97/100|[from] Stealth Rock
|-damage|p1a: Excadrill|81/100|[from] Spikes
|move|p2a: Alakazam|Focus Blast|p1a: Excadrill|[miss]
|-miss|p2a: Alakazam|p1a: Excadrill
|
|-weather|Sandstorm|[upkeep]
|upkeep
|turn|17
|c|☆Xyzzy 1|This move is stupid
|inactive|Xyzzy 1 has 120 seconds left.
|
|t:|1734974023
|move|p1a: Excadrill|Iron Head|p2a: Alakazam
|-damage|p2a: Alakazam|0 fnt
|faint|p2a: Alakazam
|
|-weather|Sandstorm|[upkeep]
|upkeep
|inactive|Esurient has 120 seconds left.
|
|t:|1734974067
|switch|p2a: Skarmory|Skarmory, F|100/100 par
|-damage|p2a: Skarmory|88/100 par|[from] Stealth Rock
|turn|18
|
|t:|1734974073
|switch|p1a: Ferrothorn|Ferrothorn, M|55/100
|-damage|p1a: Ferrothorn|49/100|[from] Stealth Rock
|-damage|p1a: Ferrothorn|32/100|[from] Spikes
|move|p2a: Skarmory|Stealth Rock||[still]
|-fail|p2a: Skarmory
|
|-weather|Sandstorm|[upkeep]
|-heal|p1a: Ferrothorn|38/100|[from] item: Leftovers
|upkeep
|turn|19
|
|t:|1734974087
|switch|p1a: Latios|Latios, M|57/100
|-damage|p1a: Latios|45/100|[from] Stealth Rock
|move|p2a: Skarmory|Spikes|p1a: Latios
|-sidestart|p1: Xyzzy 1|Spikes
|
|-weather|Sandstorm|[upkeep]
|-damage|p1a: Latios|39/100|[from] Sandstorm
|upkeep
|turn|20
|inactive|Esurient has 120 seconds left.
|
|t:|1734974113
|move|p1a: Latios|Recover|p1a: Latios
|-heal|p1a: Latios|89/100
|cant|p2a: Skarmory|par
|
|-weather|Sandstorm|[upkeep]
|-damage|p1a: Latios|83/100|[from] Sandstorm
|upkeep
|turn|21
|
|t:|1734974120
|switch|p1a: Ferrothorn|Ferrothorn, M|38/100
|-damage|p1a: Ferrothorn|32/100|[from] Stealth Rock
|-damage|p1a: Ferrothorn|7/100|[from] Spikes
|move|p2a: Skarmory|Brave Bird|p1a: Ferrothorn
|-damage|p1a: Ferrothorn|0 fnt
|-damage|p2a: Skarmory|76/100 par|[from] ability: Iron Barbs|[of] p1a: Ferrothorn
|faint|p1a: Ferrothorn
|-damage|p2a: Skarmory|73/100 par|[from] Recoil
|
|-weather|Sandstorm|[upkeep]
|upkeep
|
|t:|1734974125
|switch|p1a: Hippowdon|Hippowdon, F|35/100
|-damage|p1a: Hippowdon|29/100|[from] Stealth Rock
|-damage|p1a: Hippowdon|4/100|[from] Spikes
|turn|22
|
|t:|1734974129
|move|p1a: Hippowdon|Slack Off|p1a: Hippowdon
|-heal|p1a: Hippowdon|54/100
|move|p2a: Skarmory|Brave Bird|p1a: Hippowdon
|-damage|p1a: Hippowdon|30/100
|-damage|p2a: Skarmory|63/100 par|[from] Recoil
|
|-weather|Sandstorm|[upkeep]
|-heal|p1a: Hippowdon|37/100|[from] item: Leftovers
|upkeep
|turn|23
|
|t:|1734974135
|move|p1a: Hippowdon|Slack Off|p1a: Hippowdon
|-heal|p1a: Hippowdon|87/100
|cant|p2a: Skarmory|par
|
|-weather|Sandstorm|[upkeep]
|-heal|p1a: Hippowdon|93/100|[from] item: Leftovers
|upkeep
|turn|24
|
|t:|1734974140
|move|p2a: Skarmory|Roost|p2a: Skarmory
|-heal|p2a: Skarmory|100/100 par
|-singleturn|p2a: Skarmory|move: Roost
|move|p1a: Hippowdon|Whirlwind|p2a: Skarmory
|drag|p2a: Landorus|Landorus-Therian, M|88/100
|-damage|p2a: Landorus|76/100|[from] Stealth Rock
|-ability|p2a: Landorus|Intimidate|boost
|-unboost|p1a: Hippowdon|atk|1
|
|-weather|Sandstorm|[upkeep]
|-heal|p1a: Hippowdon|99/100|[from] item: Leftovers
|upkeep
|turn|25
|
|t:|1734974151
|move|p2a: Landorus|Hidden Power|p1a: Hippowdon
|-supereffective|p1a: Hippowdon
|-damage|p1a: Hippowdon|75/100
|move|p1a: Hippowdon|Whirlwind|p2a: Landorus
|drag|p2a: Rotom|Rotom-Wash|82/100
|-damage|p2a: Rotom|69/100|[from] Stealth Rock
|
|-weather|Sandstorm|[upkeep]
|-damage|p2a: Rotom|63/100|[from] Sandstorm
|-heal|p1a: Hippowdon|81/100|[from] item: Leftovers
|upkeep
|turn|26
|
|t:|1734974165
|switch|p1a: Latios|Latios, M|83/100
|-damage|p1a: Latios|71/100|[from] Stealth Rock
|move|p2a: Rotom|Hydro Pump|p1a: Latios
|-resisted|p1a: Latios
|-damage|p1a: Latios|23/100
|
|-weather|Sandstorm|[upkeep]
|-damage|p1a: Latios|17/100|[from] Sandstorm
|-damage|p2a: Rotom|57/100|[from] Sandstorm
|upkeep
|turn|27
|
|t:|1734974176
|move|p1a: Latios|Thunder Wave|p2a: Rotom
|-status|p2a: Rotom|par
|move|p2a: Rotom|Hydro Pump|p1a: Latios
|-resisted|p1a: Latios
|-damage|p1a: Latios|0 fnt
|faint|p1a: Latios
|
|-weather|Sandstorm|[upkeep]
|-damage|p2a: Rotom|51/100 par|[from] Sandstorm
|upkeep
|inactive|Xyzzy 1 has 120 seconds left.
|
|t:|1734974199
|switch|p1a: Reuniclus|Reuniclus, F, shiny|100/100
|turn|28
|
|t:|1734974202
|switch|p1a: Hippowdon|Hippowdon, F|81/100
|-damage|p1a: Hippowdon|75/100|[from] Stealth Rock
|-damage|p1a: Hippowdon|50/100|[from] Spikes
|move|p2a: Rotom|Hydro Pump|p1a: Hippowdon
|-supereffective|p1a: Hippowdon
|-damage|p1a: Hippowdon|0 fnt
|faint|p1a: Hippowdon
|
|-weather|Sandstorm|[upkeep]
|-damage|p2a: Rotom|44/100 par|[from] Sandstorm
|upkeep
|
|t:|1734974211
|switch|p1a: Excadrill|Excadrill, M|81/100
|-damage|p1a: Excadrill|78/100|[from] Stealth Rock
|-damage|p1a: Excadrill|53/100|[from] Spikes
|turn|29
|
|t:|1734974214
|switch|p2a: Landorus|Landorus-Therian, M|76/100
|-damage|p2a: Landorus|64/100|[from] Stealth Rock
|-ability|p2a: Landorus|Intimidate|boost
|-unboost|p1a: Excadrill|atk|1
|move|p1a: Excadrill|Rock Slide|p2a: Landorus
|-damage|p2a: Landorus|34/100
|
|-weather|Sandstorm|[upkeep]
|upkeep
|turn|30
|
|t:|1734974223
|move|p1a: Excadrill|Rock Slide|p2a: Landorus
|-damage|p2a: Landorus|4/100
|move|p2a: Landorus|Earthquake|p1a: Excadrill
|-supereffective|p1a: Excadrill
|-damage|p1a: Excadrill|0 fnt
|faint|p1a: Excadrill
|
|-weather|Sandstorm|[upkeep]
|upkeep
|
|t:|1734974232
|switch|p1a: Reuniclus|Reuniclus, F, shiny|100/100
|turn|31
|
|t:|1734974242
|move|p2a: Landorus|U-turn|p1a: Reuniclus
|-supereffective|p1a: Reuniclus
|-damage|p1a: Reuniclus|66/100
|
|t:|1734974245
|switch|p2a: Tyranitar|Tyranitar, M|100/100|[from] U-turn
|-damage|p2a: Tyranitar|88/100|[from] Stealth Rock
|move|p1a: Reuniclus|Focus Blast|p2a: Tyranitar
|-supereffective|p2a: Tyranitar
|-damage|p2a: Tyranitar|20/100
|
|-weather|Sandstorm|[upkeep]
|-heal|p1a: Reuniclus|72/100|[from] item: Leftovers
|upkeep
|turn|32
|
|t:|1734974254
|move|p2a: Tyranitar|Crunch|p1a: Reuniclus
|-supereffective|p1a: Reuniclus
|-damage|p1a: Reuniclus|16/100
|-unboost|p1a: Reuniclus|def|1
|move|p1a: Reuniclus|Focus Blast|p2a: Tyranitar|[miss]
|-miss|p1a: Reuniclus|p2a: Tyranitar
|
|-weather|Sandstorm|[upkeep]
|-heal|p1a: Reuniclus|22/100|[from] item: Leftovers
|upkeep
|turn|33
|
|t:|1734974261
|move|p2a: Tyranitar|Crunch|p1a: Reuniclus
|-supereffective|p1a: Reuniclus
|-damage|p1a: Reuniclus|0 fnt
|faint|p1a: Reuniclus
|
|-weather|Sandstorm|[upkeep]
|upkeep
|
|t:|1734974263
|switch|p1a: Alakazam|Alakazam, M|100/100
|turn|34
|
|t:|1734974267
|move|p1a: Alakazam|Focus Blast|p2a: Tyranitar
|-supereffective|p2a: Tyranitar
|-damage|p2a: Tyranitar|0 fnt
|faint|p2a: Tyranitar
|
|-weather|Sandstorm|[upkeep]
|upkeep
|
|t:|1734974269
|switch|p2a: Skarmory|Skarmory, F|100/100 par
|-damage|p2a: Skarmory|88/100 par|[from] Stealth Rock
|turn|35
|
|t:|1734974279
|move|p1a: Alakazam|Focus Blast|p2a: Skarmory
|-damage|p2a: Skarmory|46/100 par
|move|p2a: Skarmory|Brave Bird|p1a: Alakazam
|-damage|p1a: Alakazam|12/100
|-damage|p2a: Skarmory|24/100 par|[from] Recoil
|
|-weather|Sandstorm|[upkeep]
|upkeep
|turn|36
|
|t:|1734974285
|move|p1a: Alakazam|Focus Blast|p2a: Skarmory|[miss]
|-miss|p1a: Alakazam|p2a: Skarmory
|move|p2a: Skarmory|Brave Bird|p1a: Alakazam
|-damage|p1a: Alakazam|0 fnt
|faint|p1a: Alakazam
|-damage|p2a: Skarmory|21/100 par|[from] Recoil
|
|win|Esurient
|raw|Xyzzy 1's rating: 1514 &rarr; <strong>1484</strong><br />(-30 for losing)
|raw|Esurient's rating: 1327 &rarr; <strong>1357</strong><br />(+30 for winning)
|l|☆Xyzzy 1
|player|p1|
|c|☆Esurient|gg
