|j|☆DiegoBrandoTW
|j|☆Skillfullbeing
|t:|1739060800
|gametype|singles
|player|p1|DiegoBrandoTW|youngcouple-gen4dp|1337
|player|p2|Skillfullbeing|nate|1472
|teamsize|p1|6
|teamsize|p2|6
|gen|5
|tier|[Gen 5] OU
|rated|
|rule|Species Clause: Limit one of each Pokémon
|rule|OHKO Clause: OHKO moves are banned
|rule|Moody Clause: Moody is banned
|rule|Evasion Items Clause: Evasion items are banned
|rule|Evasion Moves Clause: Evasion moves are banned
|rule|Endless Battle Clause: Forcing endless battles is banned
|rule|HP Percentage Mod: HP is shown in percentages
|rule|Evasion Abilities Clause: Evasion abilities are banned
|rule|Sleep Moves Clause: Sleep-inducing moves are banned
|rule|Swagger Clause: Swagger is banned
|rule|Baton Pass Stat Clause: No Baton Passer may have a way to boost its stats
|clearpoke
|poke|p1|Hippowdon, M|item
|poke|p1|Blissey, F|item
|poke|p1|Slowbro, F|item
|poke|p1|Gliscor, F|item
|poke|p1|Magneton|item
|poke|p1|Reuniclus, M|item
|poke|p2|Politoed, F|item
|poke|p2|Keldeo|item
|poke|p2|Latios, M|item
|poke|p2|Ferrothorn, M|item
|poke|p2|Starmie|item
|poke|p2|Garchomp, M|item
|teampreview
|inactive|Battle timer is ON: inactive players will automatically lose when time's up. (requested by Skillfullbeing)
|inactive|DiegoBrandoTW also wants the timer to be on.
|
|t:|1739060809
|start
|switch|p1a: Blissey|Blissey, F|100/100
|switch|p2a: Politoed|Politoed, F|100/100
|-weather|RainDance|[from] ability: Drizzle|[of] p2a: Politoed
|turn|1
|
|t:|1739060812
|switch|p2a: Ferrothorn|Ferrothorn, M|100/100
|move|p1a: Blissey|Thunder Wave|p2a: Ferrothorn
|-status|p2a: Ferrothorn|par
|
|-weather|RainDance|[upkeep]
|upkeep
|turn|2
|
|t:|1739060816
|switch|p1a: Hippowdon|Hippowdon, M|100/100
|-weather|Sandstorm|[from] ability: Sand Stream|[of] p1a: Hippowdon
|move|p2a: Ferrothorn|Thunder Wave|p1a: Hippowdon
|-immune|p1a: Hippowdon
|
|-weather|Sandstorm|[upkeep]
|upkeep
|turn|3
|
|t:|1739060819
|switch|p1a: Magneton|Magneton|100/100
|move|p2a: Ferrothorn|Stealth Rock|p1a: Magneton
|-sidestart|p1: DiegoBrandoTW|move: Stealth Rock
|
|-weather|Sandstorm|[upkeep]
|upkeep
|turn|4
|
|t:|1739060821
|move|p1a: Magneton|Hidden Power|p2a: Ferrothorn
|-supereffective|p2a: Ferrothorn
|-damage|p2a: Ferrothorn|12/100 par
|cant|p2a: Ferrothorn|par
|
|-weather|Sandstorm|[upkeep]
|-heal|p2a: Ferrothorn|18/100 par|[from] item: Leftovers
|upkeep
|turn|5
|
|t:|1739060824
|move|p1a: Magneton|Hidden Power|p2a: Ferrothorn
|-supereffective|p2a: Ferrothorn
|-damage|p2a: Ferrothorn|0 fnt
|faint|p2a: Ferrothorn
|
|-weather|Sandstorm|[upkeep]
|upkeep
|
|t:|1739060827
|switch|p2a: Keldeo|Keldeo|100/100
|turn|6
|
|t:|1739060833
|switch|p1a: Slowbro|Slowbro, F|100/100
|-damage|p1a: Slowbro|88/100|[from] Stealth Rock
|move|p2a: Keldeo|Calm Mind|p2a: Keldeo
|-boost|p2a: Keldeo|spa|1
|-boost|p2a: Keldeo|spd|1
|
|-weather|Sandstorm|[upkeep]
|-damage|p2a: Keldeo|94/100|[from] Sandstorm
|-damage|p1a: Slowbro|82/100|[from] Sandstorm
|-heal|p2a: Keldeo|100/100|[from] item: Leftovers
|upkeep
|turn|7
|
|t:|1739060838
|move|p2a: Keldeo|Hidden Power|p1a: Slowbro
|-supereffective|p1a: Slowbro
|-damage|p1a: Slowbro|6/100
|move|p1a: Slowbro|Thunder Wave|p2a: Keldeo
|-status|p2a: Keldeo|par
|
|-weather|Sandstorm|[upkeep]
|-damage|p1a: Slowbro|0 fnt|[from] Sandstorm
|-damage|p2a: Keldeo|94/100 par|[from] Sandstorm
|faint|p1a: Slowbro
|-heal|p2a: Keldeo|100/100 par|[from] item: Leftovers
|upkeep
|
|t:|1739060846
|switch|p1a: Reuniclus|Reuniclus, M|100/100
|turn|8
|
|t:|1739060848
|move|p1a: Reuniclus|Psyshock|p2a: Keldeo
|-supereffective|p2a: Keldeo
|-damage|p2a: Keldeo|17/100 par
|move|p2a: Keldeo|Hidden Power|p1a: Reuniclus
|-supereffective|p1a: Reuniclus
|-damage|p1a: Reuniclus|36/100
|
|-weather|Sandstorm|[upkeep]
|-damage|p2a: Keldeo|11/100 par|[from] Sandstorm
|-heal|p1a: Reuniclus|42/100|[from] item: Leftovers
|-heal|p2a: Keldeo|17/100 par|[from] item: Leftovers
|upkeep
|turn|9
|
|t:|1739060854
|switch|p2a: Latios|Latios, M|100/100
|move|p1a: Reuniclus|Psyshock|p2a: Latios
|-resisted|p2a: Latios
|-crit|p2a: Latios
|-damage|p2a: Latios|58/100
|
|-weather|Sandstorm|[upkeep]
|-damage|p2a: Latios|52/100|[from] Sandstorm
|-heal|p1a: Reuniclus|48/100|[from] item: Leftovers
|upkeep
|turn|10
|
|t:|1739060858
|switch|p1a: Blissey|Blissey, F|100/100
|-damage|p1a: Blissey|88/100|[from] Stealth Rock
|move|p2a: Latios|Trick|p1a: Blissey
|-activate|p2a: Latios|move: Trick|[of] p1a: Blissey
|-item|p1a: Blissey|Choice Scarf|[from] move: Trick
|-item|p2a: Latios|Leftovers|[from] move: Trick
|
|-weather|Sandstorm|[upkeep]
|-damage|p2a: Latios|46/100|[from] Sandstorm
|-damage|p1a: Blissey|82/100|[from] Sandstorm
|-heal|p2a: Latios|52/100|[from] item: Leftovers
|upkeep
|turn|11
|
|t:|1739060863
|switch|p2a: Politoed|Politoed, F|100/100
|-weather|RainDance|[from] ability: Drizzle|[of] p2a: Politoed
|move|p1a: Blissey|Ice Beam|p2a: Politoed
|-resisted|p2a: Politoed
|-damage|p2a: Politoed|94/100
|
|-weather|RainDance|[upkeep]
|-heal|p2a: Politoed|99/100|[from] item: Leftovers
|upkeep
|turn|12
|
|t:|1739060867
|switch|p1a: Magneton|Magneton|100/100
|-damage|p1a: Magneton|94/100|[from] Stealth Rock
|move|p2a: Politoed|Toxic|p1a: Magneton
|-immune|p1a: Magneton
|
|-weather|RainDance|[upkeep]
|-heal|p2a: Politoed|100/100|[from] item: Leftovers
|upkeep
|turn|13
|
|t:|1739060875
|move|p1a: Magneton|Volt Switch|p2a: Politoed
|-supereffective|p2a: Politoed
|-damage|p2a: Politoed|46/100
|
|t:|1739060877
|switch|p1a: Blissey|Blissey, F|82/100|[from] Volt Switch
|-damage|p1a: Blissey|69/100|[from] Stealth Rock
|move|p2a: Politoed|Scald|p1a: Blissey
|-damage|p1a: Blissey|54/100
|
|-weather|RainDance|[upkeep]
|-heal|p2a: Politoed|53/100|[from] item: Leftovers
|upkeep
|turn|14
|
|t:|1739060882
|move|p2a: Politoed|Protect|p2a: Politoed
|-singleturn|p2a: Politoed|Protect
|move|p1a: Blissey|Thunder Wave|p2a: Politoed
|-activate|p2a: Politoed|move: Protect
|
|-weather|RainDance|[upkeep]
|-heal|p2a: Politoed|59/100|[from] item: Leftovers
|upkeep
|turn|15
|
|t:|1739060886
|switch|p1a: Gliscor|Gliscor, F|100/100
|-damage|p1a: Gliscor|88/100|[from] Stealth Rock
|switch|p2a: Garchomp|Garchomp, M|100/100
|
|-weather|RainDance|[upkeep]
|-status|p1a: Gliscor|tox|[from] item: Toxic Orb
|upkeep
|turn|16
|
|t:|1739060889
|move|p1a: Gliscor|Protect|p1a: Gliscor
|-singleturn|p1a: Gliscor|Protect
|move|p2a: Garchomp|Aqua Tail|p1a: Gliscor
|-activate|p1a: Gliscor|move: Protect
|
|-weather|RainDance|[upkeep]
|-heal|p1a: Gliscor|100/100 tox|[from] ability: Poison Heal
|upkeep
|turn|17
|
|t:|1739060894
|switch|p2a: Politoed|Politoed, F|59/100
|switch|p1a: Hippowdon|Hippowdon, M|100/100
|-damage|p1a: Hippowdon|94/100|[from] Stealth Rock
|-weather|Sandstorm|[from] ability: Sand Stream|[of] p1a: Hippowdon
|
|-weather|Sandstorm|[upkeep]
|-damage|p2a: Politoed|53/100|[from] Sandstorm
|-heal|p2a: Politoed|59/100|[from] item: Leftovers
|-heal|p1a: Hippowdon|100/100|[from] item: Leftovers
|upkeep
|turn|18
|
|t:|1739060898
|move|p2a: Politoed|Scald|p1a: Hippowdon
|-supereffective|p1a: Hippowdon
|-damage|p1a: Hippowdon|54/100
|move|p1a: Hippowdon|Earthquake|p2a: Politoed
|-damage|p2a: Politoed|21/100
|
|-weather|Sandstorm|[upkeep]
|-damage|p2a: Politoed|15/100|[from] Sandstorm
|-heal|p2a: Politoed|21/100|[from] item: Leftovers
|-heal|p1a: Hippowdon|60/100|[from] item: Leftovers
|upkeep
|turn|19
|
|t:|1739060901
|move|p2a: Politoed|Scald|p1a: Hippowdon
|-supereffective|p1a: Hippowdon
|-damage|p1a: Hippowdon|17/100
|move|p1a: Hippowdon|Slack Off|p1a: Hippowdon
|-heal|p1a: Hippowdon|67/100
|
|-weather|Sandstorm|[upkeep]
|-damage|p2a: Politoed|15/100|[from] Sandstorm
|-heal|p2a: Politoed|21/100|[from] item: Leftovers
|-heal|p1a: Hippowdon|73/100|[from] item: Leftovers
|upkeep
|turn|20
|
|t:|1739060905
|move|p2a: Politoed|Scald|p1a: Hippowdon
|-supereffective|p1a: Hippowdon
|-damage|p1a: Hippowdon|24/100
|move|p1a: Hippowdon|Earthquake|p2a: Politoed
|-damage|p2a: Politoed|0 fnt
|faint|p2a: Politoed
|
|-weather|Sandstorm|[upkeep]
|-heal|p1a: Hippowdon|30/100|[from] item: Leftovers
|upkeep
|
|t:|1739060915
|switch|p2a: Garchomp|Garchomp, M|100/100
|turn|21
|
|t:|1739060920
|move|p2a: Garchomp|Swords Dance|p2a: Garchomp
|-boost|p2a: Garchomp|atk|2
|move|p1a: Hippowdon|Slack Off|p1a: Hippowdon
|-heal|p1a: Hippowdon|80/100
|
|-weather|Sandstorm|[upkeep]
|-heal|p1a: Hippowdon|87/100|[from] item: Leftovers
|upkeep
|turn|22
|
|t:|1739060925
|move|p2a: Garchomp|Aqua Tail|p1a: Hippowdon
|-supereffective|p1a: Hippowdon
|-damage|p1a: Hippowdon|13/100
|move|p1a: Hippowdon|Whirlwind|p2a: Garchomp
|drag|p2a: Latios|Latios, M|52/100
|
|-weather|Sandstorm|[upkeep]
|-damage|p2a: Latios|46/100|[from] Sandstorm
|-heal|p2a: Latios|52/100|[from] item: Leftovers
|-heal|p1a: Hippowdon|20/100|[from] item: Leftovers
|upkeep
|turn|23
|
|t:|1739060930
|move|p2a: Latios|Surf|p1a: Hippowdon
|-supereffective|p1a: Hippowdon
|-damage|p1a: Hippowdon|0 fnt
|faint|p1a: Hippowdon
|
|-weather|Sandstorm|[upkeep]
|-damage|p2a: Latios|46/100|[from] Sandstorm
|-heal|p2a: Latios|52/100|[from] item: Leftovers
|upkeep
|
|t:|1739060935
|switch|p1a: Blissey|Blissey, F|54/100
|-damage|p1a: Blissey|42/100|[from] Stealth Rock
|turn|24
|
|t:|1739060941
|switch|p2a: Keldeo|Keldeo|17/100 par
|move|p1a: Blissey|Ice Beam|p2a: Keldeo
|-resisted|p2a: Keldeo
|-damage|p2a: Keldeo|8/100 par
|
|-weather|Sandstorm|[upkeep]
|-damage|p1a: Blissey|36/100|[from] Sandstorm
|-damage|p2a: Keldeo|1/100 par|[from] Sandstorm
|-heal|p2a: Keldeo|8/100 par|[from] item: Leftovers
|upkeep
|turn|25
|
|t:|1739060943
|move|p1a: Blissey|Ice Beam|p2a: Keldeo
|-resisted|p2a: Keldeo
|-damage|p2a: Keldeo|0 fnt
|faint|p2a: Keldeo
|
|-weather|Sandstorm|[upkeep]
|-damage|p1a: Blissey|29/100|[from] Sandstorm
|upkeep
|
|t:|1739060949
|switch|p2a: Starmie|Starmie|100/100
|-item|p2a: Starmie|Air Balloon
|turn|26
|
|t:|1739060954
|switch|p1a: Magneton|Magneton|94/100
|-damage|p1a: Magneton|88/100|[from] Stealth Rock
|move|p2a: Starmie|Ice Beam|p1a: Magneton
|-resisted|p1a: Magneton
|-damage|p1a: Magneton|64/100
|
|-weather|Sandstorm|[upkeep]
|-damage|p2a: Starmie|94/100|[from] Sandstorm
|upkeep
|turn|27
|
|t:|1739060961
|switch|p2a: Latios|Latios, M|52/100
|move|p1a: Magneton|Flash Cannon|p2a: Latios
|-damage|p2a: Latios|8/100
|
|-weather|Sandstorm|[upkeep]
|-damage|p2a: Latios|2/100|[from] Sandstorm
|-heal|p2a: Latios|8/100|[from] item: Leftovers
|upkeep
|turn|28
|
|t:|1739060964
|move|p1a: Magneton|Flash Cannon|p2a: Latios
|-damage|p2a: Latios|0 fnt
|faint|p2a: Latios
|
|-weather|Sandstorm|[upkeep]
|upkeep
|
|t:|1739060966
|switch|p2a: Garchomp|Garchomp, M|100/100
|turn|29
|
|t:|1739060969
|move|p1a: Magneton|Flash Cannon|p2a: Garchomp
|-damage|p2a: Garchomp|54/100
|move|p2a: Garchomp|Earthquake|p1a: Magneton
|-supereffective|p1a: Magneton
|-damage|p1a: Magneton|0 fnt
|faint|p1a: Magneton
|
|-weather|Sandstorm|[upkeep]
|upkeep
|
|t:|1739060971
|switch|p1a: Gliscor|Gliscor, F|100/100 tox
|-damage|p1a: Gliscor|88/100 tox|[from] Stealth Rock
|turn|30
|
|t:|1739060977
|switch|p2a: Starmie|Starmie|94/100
|-item|p2a: Starmie|Air Balloon
|move|p1a: Gliscor|Swords Dance|p1a: Gliscor
|-boost|p1a: Gliscor|atk|2
|
|-weather|Sandstorm|[upkeep]
|-damage|p2a: Starmie|88/100|[from] Sandstorm
|-heal|p1a: Gliscor|100/100 tox|[from] ability: Poison Heal
|upkeep
|turn|31
|
|t:|1739060979
|move|p1a: Gliscor|Protect|p1a: Gliscor
|-singleturn|p1a: Gliscor|Protect
|move|p2a: Starmie|Ice Beam|p1a: Gliscor
|-activate|p1a: Gliscor|move: Protect
|
|-weather|Sandstorm|[upkeep]
|-damage|p2a: Starmie|82/100|[from] Sandstorm
|upkeep
|turn|32
|
|t:|1739060981
|move|p2a: Starmie|Ice Beam|p1a: Gliscor
|-supereffective|p1a: Gliscor
|-crit|p1a: Gliscor
|-damage|p1a: Gliscor|0 fnt
|faint|p1a: Gliscor
|
|-weather|Sandstorm|[upkeep]
|-damage|p2a: Starmie|76/100|[from] Sandstorm
|upkeep
|c|☆DiegoBrandoTW|man
|
|t:|1739060992
|switch|p1a: Reuniclus|Reuniclus, M|48/100
|turn|33
|
|t:|1739060994
|switch|p2a: Garchomp|Garchomp, M|54/100
|move|p1a: Reuniclus|Recover|p1a: Reuniclus
|-heal|p1a: Reuniclus|98/100
|
|-weather|Sandstorm|[upkeep]
|-heal|p1a: Reuniclus|100/100|[from] item: Leftovers
|upkeep
|turn|34
|
|t:|1739060997
|move|p2a: Garchomp|Outrage|p1a: Reuniclus
|-damage|p1a: Reuniclus|55/100
|move|p1a: Reuniclus|Calm Mind|p1a: Reuniclus
|-boost|p1a: Reuniclus|spa|1
|-boost|p1a: Reuniclus|spd|1
|
|-weather|Sandstorm|[upkeep]
|-heal|p1a: Reuniclus|61/100|[from] item: Leftovers
|upkeep
|turn|35
|
|t:|1739060999
|move|p2a: Garchomp|Outrage|p1a: Reuniclus|[from] lockedmove
|-damage|p1a: Reuniclus|19/100
|-start|p2a: Garchomp|confusion|[fatigue]
|move|p1a: Reuniclus|Recover|p1a: Reuniclus
|-heal|p1a: Reuniclus|69/100
|
|-weather|Sandstorm|[upkeep]
|-heal|p1a: Reuniclus|75/100|[from] item: Leftovers
|upkeep
|turn|36
|
|t:|1739061002
|-activate|p2a: Garchomp|confusion
|-damage|p2a: Garchomp|39/100|[from] confusion
|move|p1a: Reuniclus|Psyshock|p2a: Garchomp
|-damage|p2a: Garchomp|0 fnt
|faint|p2a: Garchomp
|
|-weather|Sandstorm|[upkeep]
|-heal|p1a: Reuniclus|81/100|[from] item: Leftovers
|upkeep
|-message|Skillfullbeing forfeited.
|
|win|DiegoBrandoTW
|raw|DiegoBrandoTW's rating: 1337 &rarr; <strong>1364</strong><br />(+27 for winning)
|raw|Skillfullbeing's rating: 1472 &rarr; <strong>1445</strong><br />(-27 for losing)
|c|☆DiegoBrandoTW|gg
|l|☆Skillfullbeing
|player|p2|
