|j|☆UnumGenus
|j|☆lijkjlkjlkjlkjlk
|t:|1725024306
|gametype|singles
|player|p1|UnumGenus|fisherman-gen4|1316
|player|p2|lijkjlkjlkjlkjlk|bugcatcher-gen4dp|1370
|teamsize|p1|6
|teamsize|p2|6
|gen|5
|tier|[Gen 5] OU
|rated|
|rule|Species Clause: Limit one of each Pokémon
|rule|OHKO Clause: OHKO moves are banned
|rule|Moody Clause: Moody is banned
|rule|Evasion Items Clause: Evasion items are banned
|rule|Evasion Moves Clause: Evasion moves are banned
|rule|Endless Battle Clause: Forcing endless battles is banned
|rule|HP Percentage Mod: HP is shown in percentages
|rule|Evasion Abilities Clause: Evasion abilities are banned
|rule|Sleep Moves Clause: Sleep-inducing moves are banned
|rule|Swagger Clause: Swagger is banned
|rule|Baton Pass Stat Clause: No Baton Passer may have a way to boost its stats
|clearpoke
|poke|p1|Terrakion|item
|poke|p1|Infernape, M|item
|poke|p1|Keldeo|item
|poke|p1|Lucario, M|item
|poke|p1|Scrafty, M|item
|poke|p1|Conkeldurr, F|item
|poke|p2|Bronzong|item
|poke|p2|Porygon2|item
|poke|p2|Reuniclus, F|item
|poke|p2|Chandelure, F|item
|poke|p2|Crawdaunt, F|item
|poke|p2|Terrakion|item
|teampreview
|inactive|Battle timer is ON: inactive players will automatically lose when time's up. (requested by UnumGenus)
|inactive|lijkjlkjlkjlkjlk has 120 seconds left.
|inactive|lijkjlkjlkjlkjlk has 90 seconds left.
|
|t:|1725024391
|start
|switch|p1a: Infernape|Infernape, M, shiny|100/100
|switch|p2a: Bronzong|Bronzong|100/100
|turn|1
|
|t:|1725024399
|switch|p2a: Chandelure|Chandelure, F|100/100
|-item|p2a: Chandelure|Air Balloon
|move|p1a: Infernape|Stealth Rock|p2a: Chandelure
|-sidestart|p2: lijkjlkjlkjlkjlk|move: Stealth Rock
|
|upkeep
|turn|2
|
|t:|1725024406
|switch|p1a: Keldeo|Keldeo|100/100
|move|p2a: Chandelure|Trick Room|p2a: Chandelure
|-fieldstart|move: Trick Room|[of] p2a: Chandelure
|
|upkeep
|turn|3
|
|t:|1725024411
|switch|p2a: Reuniclus|Reuniclus, F|100/100
|move|p1a: Keldeo|Substitute|p1a: Keldeo
|-start|p1a: Keldeo|Substitute
|-damage|p1a: Keldeo|76/100
|
|-heal|p1a: Keldeo|82/100|[from] item: Leftovers
|upkeep
|turn|4
|
|t:|1725024432
|move|p2a: Reuniclus|Psyshock|p1a: Keldeo
|-supereffective|p1a: Keldeo
|-end|p1a: Keldeo|Substitute
|move|p1a: Keldeo|Calm Mind|p1a: Keldeo
|-boost|p1a: Keldeo|spa|1
|-boost|p1a: Keldeo|spd|1
|
|-heal|p1a: Keldeo|88/100|[from] item: Leftovers
|upkeep
|turn|5
|inactive|lijkjlkjlkjlkjlk has 120 seconds left.
|
|t:|1725024478
|move|p2a: Reuniclus|Psyshock|p1a: Keldeo
|-supereffective|p1a: Keldeo
|-damage|p1a: Keldeo|23/100
|move|p1a: Keldeo|Substitute|p1a: Keldeo
|-fail|p1a: Keldeo|move: Substitute|[weak]
|
|-heal|p1a: Keldeo|29/100|[from] item: Leftovers
|upkeep
|turn|6
|
|t:|1725024486
|switch|p1a: Scrafty|Scrafty, M|100/100
|-ability|p1a: Scrafty|Intimidate|boost
|-unboost|p2a: Reuniclus|atk|1
|move|p2a: Reuniclus|Psyshock|p1a: Scrafty
|-immune|p1a: Scrafty
|
|-fieldend|move: Trick Room
|upkeep
|turn|7
|
|t:|1725024494
|switch|p2a: Terrakion|Terrakion|100/100
|-damage|p2a: Terrakion|94/100|[from] Stealth Rock
|move|p1a: Scrafty|Crunch|p2a: Terrakion
|-resisted|p2a: Terrakion
|-damage|p2a: Terrakion|62/100
|-ability|p2a: Terrakion|Justified|boost
|-boost|p2a: Terrakion|atk|1
|
|upkeep
|turn|8
|inactive|lijkjlkjlkjlkjlk has 120 seconds left.
|
|t:|1725024502
|switch|p1a: Keldeo|Keldeo|29/100
|move|p2a: Terrakion|Close Combat|p1a: Keldeo
|-damage|p1a: Keldeo|0 fnt
|-unboost|p2a: Terrakion|def|1
|-unboost|p2a: Terrakion|spd|1
|faint|p1a: Keldeo
|
|upkeep
|
|t:|1725024510
|switch|p1a: Conkeldurr|Conkeldurr, F|100/100
|turn|9
|
|t:|1725024523
|switch|p2a: Chandelure|Chandelure, F|100/100
|-damage|p2a: Chandelure|76/100|[from] Stealth Rock
|-item|p2a: Chandelure|Air Balloon
|move|p1a: Conkeldurr|Payback|p2a: Chandelure
|-supereffective|p2a: Chandelure
|-damage|p2a: Chandelure|29/100
|-enditem|p2a: Chandelure|Air Balloon
|
|upkeep
|turn|10
|
|t:|1725024537
|move|p2a: Chandelure|Fire Blast|p1a: Conkeldurr
|-crit|p1a: Conkeldurr
|-damage|p1a: Conkeldurr|0 fnt
|faint|p1a: Conkeldurr
|
|upkeep
|
|t:|1725024545
|switch|p1a: Terrakion|Terrakion|100/100
|turn|11
|
|t:|1725024557
|switch|p2a: Bronzong|Bronzong|100/100
|-damage|p2a: Bronzong|94/100|[from] Stealth Rock
|move|p1a: Terrakion|Stone Edge|p2a: Bronzong
|-resisted|p2a: Bronzong
|-crit|p2a: Bronzong
|-damage|p2a: Bronzong|55/100
|
|upkeep
|turn|12
|
|t:|1725024570
|switch|p1a: Lucario|Lucario, M, shiny|100/100
|move|p2a: Bronzong|Trick Room|p2a: Bronzong
|-fieldstart|move: Trick Room|[of] p2a: Bronzong
|
|upkeep
|turn|13
|
|t:|1725024582
|move|p2a: Bronzong|Stealth Rock|p1a: Lucario
|-sidestart|p1: UnumGenus|move: Stealth Rock
|move|p1a: Lucario|Swords Dance|p1a: Lucario
|-boost|p1a: Lucario|atk|2
|
|upkeep
|turn|14
|
|t:|1725024596
|switch|p2a: Chandelure|Chandelure, F|29/100
|-damage|p2a: Chandelure|4/100|[from] Stealth Rock
|move|p1a: Lucario|Swords Dance|p1a: Lucario
|-boost|p1a: Lucario|atk|2
|
|upkeep
|turn|15
|
|t:|1725024611
|switch|p1a: Infernape|Infernape, M, shiny|100/100
|-damage|p1a: Infernape|88/100|[from] Stealth Rock
|move|p2a: Chandelure|Fire Blast|p1a: Infernape
|-resisted|p1a: Infernape
|-damage|p1a: Infernape|27/100
|
|upkeep
|turn|16
|
|t:|1725024627
|move|p2a: Chandelure|Shadow Ball|p1a: Infernape
|-crit|p1a: Infernape
|-damage|p1a: Infernape|0 fnt
|faint|p1a: Infernape
|
|-fieldend|move: Trick Room
|upkeep
|
|t:|1725024638
|switch|p1a: Lucario|Lucario, M, shiny|100/100
|-damage|p1a: Lucario|98/100|[from] Stealth Rock
|turn|17
|
|t:|1725024651
|move|p1a: Lucario|Crunch|p2a: Chandelure
|-supereffective|p2a: Chandelure
|-damage|p2a: Chandelure|0 fnt
|faint|p2a: Chandelure
|-damage|p1a: Lucario|88/100|[from] item: Life Orb
|
|upkeep
|
|t:|1725024662
|switch|p2a: Terrakion|Terrakion|62/100
|-damage|p2a: Terrakion|56/100|[from] Stealth Rock
|turn|18
|
|t:|1725024684
|move|p1a: Lucario|Extreme Speed|p2a: Terrakion
|-resisted|p2a: Terrakion
|-damage|p2a: Terrakion|38/100
|-damage|p1a: Lucario|78/100|[from] item: Life Orb
|move|p2a: Terrakion|Close Combat|p1a: Lucario
|-supereffective|p1a: Lucario
|-damage|p1a: Lucario|0 fnt
|-unboost|p2a: Terrakion|def|1
|-unboost|p2a: Terrakion|spd|1
|faint|p1a: Lucario
|
|upkeep
|inactive|UnumGenus has 120 seconds left.
|
|t:|1725024695
|switch|p1a: Terrakion|Terrakion|100/100
|-damage|p1a: Terrakion|94/100|[from] Stealth Rock
|turn|19
|
|t:|1725024701
|move|p2a: Terrakion|Close Combat|p1a: Terrakion
|-supereffective|p1a: Terrakion
|-damage|p1a: Terrakion|0 fnt
|-unboost|p2a: Terrakion|def|1
|-unboost|p2a: Terrakion|spd|1
|faint|p1a: Terrakion
|
|upkeep
|
|t:|1725024708
|switch|p1a: Scrafty|Scrafty, M|100/100
|-damage|p1a: Scrafty|94/100|[from] Stealth Rock
|-ability|p1a: Scrafty|Intimidate|boost
|-unboost|p2a: Terrakion|atk|1
|turn|20
|
|t:|1725024712
|move|p2a: Terrakion|Close Combat|p1a: Scrafty
|-supereffective|p1a: Scrafty
|-damage|p1a: Scrafty|7/100
|-unboost|p2a: Terrakion|def|1
|-unboost|p2a: Terrakion|spd|1
|move|p1a: Scrafty|Drain Punch|p2a: Terrakion
|-supereffective|p2a: Terrakion
|-damage|p2a: Terrakion|0 fnt
|-heal|p1a: Scrafty|29/100|[from] drain|[of] p2a: Terrakion
|faint|p2a: Terrakion
|
|upkeep
|
|t:|1725024729
|switch|p2a: Bronzong|Bronzong|55/100
|-damage|p2a: Bronzong|49/100|[from] Stealth Rock
|turn|21
|
|t:|1725024733
|move|p1a: Scrafty|Drain Punch|p2a: Bronzong
|-damage|p2a: Bronzong|14/100
|-heal|p1a: Scrafty|50/100|[from] drain|[of] p2a: Bronzong
|move|p2a: Bronzong|Explosion|p1a: Scrafty
|-damage|p1a: Scrafty|0 fnt
|faint|p2a: Bronzong
|faint|p1a: Scrafty
|
|win|lijkjlkjlkjlkjlk
|raw|UnumGenus's rating: 1316 &rarr; <strong>1299</strong><br />(-17 for losing)
|raw|lijkjlkjlkjlkjlk's rating: 1370 &rarr; <strong>1387</strong><br />(+17 for winning)
|l|☆UnumGenus
|player|p1|
