|j|☆Yokao893
|j|☆HydreigonSpammer
|t:|1736298557
|gametype|singles
|player|p1|Yokao893|hilbert|1402
|player|p2|HydreigonSpammer|iris|1431
|teamsize|p1|6
|teamsize|p2|6
|gen|5
|tier|[Gen 5] OU
|rated|
|rule|Species Clause: Limit one of each Pokémon
|rule|OHKO Clause: OHKO moves are banned
|rule|Moody Clause: Moody is banned
|rule|Evasion Items Clause: Evasion items are banned
|rule|Evasion Moves Clause: Evasion moves are banned
|rule|Endless Battle Clause: Forcing endless battles is banned
|rule|HP Percentage Mod: HP is shown in percentages
|rule|Evasion Abilities Clause: Evasion abilities are banned
|rule|Sleep Moves Clause: Sleep-inducing moves are banned
|rule|Swagger Clause: Swagger is banned
|rule|Baton Pass Stat Clause: No Baton Passer may have a way to boost its stats
|clearpoke
|poke|p1|Jirachi|item
|poke|p1|Kyurem-Black|item
|poke|p1|Latios, M|item
|poke|p1|Magnezone|item
|poke|p1|Garchomp, M|item
|poke|p1|Reuniclus, M|item
|poke|p2|Garchomp, M|item
|poke|p2|Latios, M|item
|poke|p2|Starmie|item
|poke|p2|Scizor, M|item
|poke|p2|Magnezone|item
|poke|p2|Salamence, F|item
|teampreview
|inactive|Battle timer is ON: inactive players will automatically lose when time's up. (requested by Yokao893)
|j| Iwasonceborn
|
|t:|1736298580
|start
|switch|p1a: Footdive!|Jirachi|100/100
|switch|p2a: Scizor|Scizor, M|100/100
|turn|1
|
|t:|1736298599
|move|p1a: Footdive!|Stealth Rock|p2a: Scizor
|-sidestart|p2: HydreigonSpammer|move: Stealth Rock
|move|p2a: Scizor|U-turn|p1a: Footdive!
|-crit|p1a: Footdive!
|-damage|p1a: Footdive!|0 fnt
|faint|p1a: Footdive!
|
|t:|1736298606
|switch|p2a: Starmie|Starmie|100/100|[from] U-turn
|-damage|p2a: Starmie|88/100|[from] Stealth Rock
|
|-heal|p2a: Starmie|94/100|[from] item: Leftovers
|upkeep
|c|☆HydreigonSpammer|sry
|
|t:|1736298611
|switch|p1a: Alex|Kyurem-Black|100/100
|-ability|p1a: Alex|Teravolt
|turn|2
|c|☆Yokao893|It is what it is
|c|☆HydreigonSpammer|it was choice band but no way to ohko at 100%
|c|☆Yokao893|It's pokemon, it happens
|
|t:|1736298633
|move|p2a: Starmie|Rapid Spin|p1a: Alex
|-damage|p1a: Alex|98/100
|-sideend|p2: HydreigonSpammer|Stealth Rock|[from] move: Rapid Spin|[of] p2a: Starmie
|move|p1a: Alex|Dragon Claw|p2a: Starmie
|-damage|p2a: Starmie|0 fnt
|faint|p2a: Starmie
|
|upkeep
|c|☆Yokao893|I just cry ;-;
|inactive|HydreigonSpammer has 120 seconds left.
|c|☆HydreigonSpammer|that crit mattered... choice specs latios can win now
|
|t:|1736298668
|switch|p2a: Latios|Latios, M|100/100
|turn|3
|
|t:|1736298679
|move|p2a: Latios|Draco Meteor|p1a: Alex
|-supereffective|p1a: Alex
|-damage|p1a: Alex|0 fnt
|-unboost|p2a: Latios|spa|2
|faint|p1a: Alex
|
|upkeep
|
|t:|1736298684
|switch|p1a: P Is For Perfect|Reuniclus, M|100/100
|turn|4
|
|t:|1736298690
|switch|p2a: Scizor|Scizor, M|100/100
|move|p1a: P Is For Perfect|Trick Room|p1a: P Is For Perfect
|-fieldstart|move: Trick Room|[of] p1a: P Is For Perfect
|
|upkeep
|turn|5
|inactive|HydreigonSpammer has 120 seconds left.
|
|t:|1736298700
|move|p1a: P Is For Perfect|Focus Blast|p2a: Scizor
|-damage|p2a: Scizor|35/100
|move|p2a: Scizor|U-turn|p1a: P Is For Perfect
|-supereffective|p1a: P Is For Perfect
|-damage|p1a: P Is For Perfect|0 fnt
|faint|p1a: P Is For Perfect
|inactive|HydreigonSpammer has 120 seconds left.
|
|t:|1736298709
|switch|p2a: Garchomp|Garchomp, M|100/100|[from] U-turn
|
|upkeep
|
|t:|1736298713
|switch|p1a: Garchomp|Garchomp, M|100/100
|turn|6
|
|t:|1736298718
|move|p2a: Garchomp|Dragon Claw|p1a: Garchomp
|-supereffective|p1a: Garchomp
|-damage|p1a: Garchomp|23/100
|-damage|p2a: Garchomp|88/100|[from] ability: Rough Skin|[of] p1a: Garchomp
|-enditem|p1a: Garchomp|Salac Berry|[eat]
|-boost|p1a: Garchomp|spe|1|[from] item: Salac Berry
|move|p1a: Garchomp|Dragon Claw|p2a: Garchomp
|-supereffective|p2a: Garchomp
|-damage|p2a: Garchomp|9/100
|-damage|p1a: Garchomp|11/100|[from] ability: Rough Skin|[of] p2a: Garchomp
|
|upkeep
|turn|7
|
|t:|1736298728
|switch|p1a: Gorilla Grip|Magnezone|100/100
|-item|p1a: Gorilla Grip|Air Balloon
|move|p2a: Garchomp|Dragon Claw|p1a: Gorilla Grip
|-resisted|p1a: Gorilla Grip
|-damage|p1a: Gorilla Grip|78/100
|-enditem|p1a: Gorilla Grip|Air Balloon
|
|upkeep
|turn|8
|
|t:|1736298740
|move|p1a: Gorilla Grip|Hidden Power|p2a: Garchomp
|-resisted|p2a: Garchomp
|-crit|p2a: Garchomp
|-damage|p2a: Garchomp|0 fnt
|faint|p2a: Garchomp
|
|-fieldend|move: Trick Room
|upkeep
|
|t:|1736298758
|switch|p2a: Latios|Latios, M|100/100
|turn|9
|
|t:|1736298764
|move|p2a: Latios|Surf|p1a: Gorilla Grip
|-damage|p1a: Gorilla Grip|8/100
|move|p1a: Gorilla Grip|Hidden Power|p2a: Latios
|-resisted|p2a: Latios
|-damage|p2a: Latios|87/100
|
|upkeep
|turn|10
|
|t:|1736298769
|switch|p1a: Garchomp|Garchomp, M|11/100
|move|p2a: Latios|Surf|p1a: Garchomp
|-damage|p1a: Garchomp|0 fnt
|faint|p1a: Garchomp
|
|upkeep
|
|t:|1736298771
|switch|p1a: B-61|Latios, M|100/100
|turn|11
|
|t:|1736298778
|switch|p2a: Scizor|Scizor, M|35/100
|move|p1a: B-61|Dragon Pulse|p2a: Scizor
|-resisted|p2a: Scizor
|-damage|p2a: Scizor|10/100
|
|upkeep
|turn|12
|
|t:|1736298783
|move|p2a: Scizor|Bullet Punch|p1a: B-61
|-damage|p1a: B-61|30/100
|move|p1a: B-61|Dragon Pulse|p2a: Scizor
|-resisted|p2a: Scizor
|-damage|p2a: Scizor|0 fnt
|faint|p2a: Scizor
|
|upkeep
|
|t:|1736298790
|switch|p2a: Magnezone|Magnezone|100/100
|turn|13
|
|t:|1736298795
|switch|p1a: Gorilla Grip|Magnezone|8/100
|move|p2a: Magnezone|Thunder Wave|p1a: Gorilla Grip
|-status|p1a: Gorilla Grip|par
|
|upkeep
|turn|14
|c|☆Yokao893|gg
|
|t:|1736298800
|move|p2a: Magnezone|Hidden Power|p1a: Gorilla Grip
|-supereffective|p1a: Gorilla Grip
|-damage|p1a: Gorilla Grip|0 fnt
|faint|p1a: Gorilla Grip
|
|upkeep
|c|☆HydreigonSpammer|gg
|
|t:|1736298801
|switch|p1a: B-61|Latios, M|30/100
|turn|15
|
|t:|1736298806
|move|p1a: B-61|Draco Meteor|p2a: Magnezone
|-resisted|p2a: Magnezone
|-damage|p2a: Magnezone|55/100
|-unboost|p1a: B-61|spa|2
|move|p2a: Magnezone|Thunder Wave|p1a: B-61
|-status|p1a: B-61|par
|
|upkeep
|turn|16
|
|t:|1736298809
|move|p2a: Magnezone|Flash Cannon|p1a: B-61
|-damage|p1a: B-61|0 fnt
|faint|p1a: B-61
|
|win|HydreigonSpammer
|raw|Yokao893's rating: 1402 &rarr; <strong>1384</strong><br />(-18 for losing)
|raw|HydreigonSpammer's rating: 1431 &rarr; <strong>1449</strong><br />(+18 for winning)
