|j|☆Commbacckk
|j|☆testo junkie
|t:|1726735742
|gametype|singles
|player|p1|Commbacckk|2|1355
|player|p2|testo junkie|aromalady|1571
|teamsize|p1|6
|teamsize|p2|6
|gen|5
|tier|[Gen 5] OU
|rated|
|rule|Species Clause: Limit one of each Pokémon
|rule|OHKO Clause: OHKO moves are banned
|rule|Moody Clause: Moody is banned
|rule|Evasion Items Clause: Evasion items are banned
|rule|Evasion Moves Clause: Evasion moves are banned
|rule|Endless Battle Clause: Forcing endless battles is banned
|rule|HP Percentage Mod: HP is shown in percentages
|rule|Evasion Abilities Clause: Evasion abilities are banned
|rule|Sleep Moves Clause: Sleep-inducing moves are banned
|rule|Swagger Clause: Swagger is banned
|rule|Baton Pass Stat Clause: No Baton Passer may have a way to boost its stats
|clearpoke
|poke|p1|Politoed, M|item
|poke|p1|Keldeo-Resolute|item
|poke|p1|Scizor, M|item
|poke|p1|Tentacruel, F|item
|poke|p1|Thundurus-Therian, M|item
|poke|p1|Garchomp, M|item
|poke|p2|Latias, F|item
|poke|p2|Landorus-Therian, M|item
|poke|p2|Politoed, F|item
|poke|p2|Tentacruel, F|item
|poke|p2|Jirachi|item
|poke|p2|Ferrothorn, M|item
|teampreview
|inactive|Battle timer is ON: inactive players will automatically lose when time's up. (requested by Commbacckk)
|
|t:|1726735772
|start
|switch|p1a: Scizor|Scizor, M|100/100
|switch|p2a: Politoed|Politoed, F|100/100
|-weather|RainDance|[from] ability: Drizzle|[of] p2a: Politoed
|turn|1
|
|t:|1726735780
|switch|p1a: Politoed|Politoed, M|100/100
|move|p2a: Politoed|Scald|p1a: Politoed
|-resisted|p1a: Politoed
|-crit|p1a: Politoed
|-damage|p1a: Politoed|68/100
|
|-weather|RainDance|[upkeep]
|-heal|p1a: Politoed|74/100|[from] item: Leftovers
|upkeep
|turn|2
|
|t:|1726735788
|move|p1a: Politoed|Toxic|p2a: Politoed
|-status|p2a: Politoed|tox
|move|p2a: Politoed|Scald|p1a: Politoed
|-resisted|p1a: Politoed
|-damage|p1a: Politoed|56/100
|
|-weather|RainDance|[upkeep]
|-heal|p1a: Politoed|62/100|[from] item: Leftovers
|-damage|p2a: Politoed|94/100 tox|[from] psn
|upkeep
|turn|3
|
|t:|1726735793
|move|p1a: Politoed|Protect|p1a: Politoed
|-singleturn|p1a: Politoed|Protect
|move|p2a: Politoed|Refresh|p2a: Politoed
|-curestatus|p2a: Politoed|tox|[msg]
|
|-weather|RainDance|[upkeep]
|-heal|p1a: Politoed|68/100|[from] item: Leftovers
|-heal|p2a: Politoed|100/100|[from] item: Leftovers
|upkeep
|turn|4
|
|t:|1726735804
|move|p1a: Politoed|Toxic|p2a: Politoed
|-status|p2a: Politoed|tox
|move|p2a: Politoed|Scald|p1a: Politoed
|-resisted|p1a: Politoed
|-damage|p1a: Politoed|52/100
|-status|p1a: Politoed|brn
|
|-weather|RainDance|[upkeep]
|-heal|p1a: Politoed|58/100 brn|[from] item: Leftovers
|-damage|p2a: Politoed|94/100 tox|[from] psn
|-damage|p1a: Politoed|46/100 brn|[from] brn
|upkeep
|turn|5
|
|t:|1726735808
|switch|p1a: Keldeo|Keldeo-Resolute|100/100
|move|p2a: Politoed|Refresh|p2a: Politoed
|-curestatus|p2a: Politoed|tox|[msg]
|
|-weather|RainDance|[upkeep]
|-heal|p2a: Politoed|100/100|[from] item: Leftovers
|upkeep
|turn|6
|
|t:|1726735812
|move|p1a: Keldeo|Substitute|p1a: Keldeo
|-start|p1a: Keldeo|Substitute
|-damage|p1a: Keldeo|76/100
|move|p2a: Politoed|Toxic||[still]
|-fail|p2a: Politoed
|
|-weather|RainDance|[upkeep]
|-heal|p1a: Keldeo|82/100|[from] item: Leftovers
|upkeep
|turn|7
|
|t:|1726735816
|switch|p2a: Latias|Latias, F|100/100
|move|p1a: Keldeo|Secret Sword|p2a: Latias
|-resisted|p2a: Latias
|-damage|p2a: Latias|78/100
|
|-weather|RainDance|[upkeep]
|-heal|p2a: Latias|85/100|[from] item: Leftovers
|-heal|p1a: Keldeo|88/100|[from] item: Leftovers
|upkeep
|turn|8
|
|t:|1726735821
|switch|p1a: Scizor|Scizor, M|100/100
|move|p2a: Latias|Calm Mind|p2a: Latias
|-boost|p2a: Latias|spa|1
|-boost|p2a: Latias|spd|1
|
|-weather|RainDance|[upkeep]
|-heal|p2a: Latias|91/100|[from] item: Leftovers
|upkeep
|turn|9
|
|t:|1726735824
|move|p1a: Scizor|Pursuit|p2a: Latias
|-supereffective|p2a: Latias
|-damage|p2a: Latias|46/100
|move|p2a: Latias|Substitute|p2a: Latias
|-start|p2a: Latias|Substitute
|-damage|p2a: Latias|21/100
|
|-weather|RainDance|[upkeep]
|-heal|p2a: Latias|27/100|[from] item: Leftovers
|upkeep
|turn|10
|
|t:|1726735829
|move|p1a: Scizor|Pursuit|p2a: Latias
|-supereffective|p2a: Latias
|-end|p2a: Latias|Substitute
|move|p2a: Latias|Roost|p2a: Latias
|-heal|p2a: Latias|77/100
|-singleturn|p2a: Latias|move: Roost
|
|-weather|RainDance|[upkeep]
|-heal|p2a: Latias|83/100|[from] item: Leftovers
|upkeep
|turn|11
|
|t:|1726735834
|move|p1a: Scizor|Pursuit|p2a: Latias
|-supereffective|p2a: Latias
|-damage|p2a: Latias|38/100
|move|p2a: Latias|Roost|p2a: Latias
|-heal|p2a: Latias|88/100
|-singleturn|p2a: Latias|move: Roost
|
|-weather|RainDance|[upkeep]
|-heal|p2a: Latias|94/100|[from] item: Leftovers
|upkeep
|turn|12
|
|t:|1726735838
|move|p1a: Scizor|Pursuit|p2a: Latias
|-supereffective|p2a: Latias
|-damage|p2a: Latias|54/100
|move|p2a: Latias|Dragon Pulse|p1a: Scizor
|-resisted|p1a: Scizor
|-damage|p1a: Scizor|67/100
|
|-weather|RainDance|[upkeep]
|-heal|p2a: Latias|60/100|[from] item: Leftovers
|upkeep
|turn|13
|
|t:|1726735846
|switch|p1a: Politoed|Politoed, M|46/100 brn
|move|p2a: Latias|Roost|p2a: Latias
|-heal|p2a: Latias|100/100
|-singleturn|p2a: Latias|move: Roost
|
|-weather|RainDance|[upkeep]
|-heal|p1a: Politoed|52/100 brn|[from] item: Leftovers
|-damage|p1a: Politoed|40/100 brn|[from] brn
|upkeep
|turn|14
|
|t:|1726735854
|move|p2a: Latias|Dragon Pulse|p1a: Politoed
|-damage|p1a: Politoed|0 fnt
|faint|p1a: Politoed
|
|-weather|RainDance|[upkeep]
|upkeep
|
|t:|1726735856
|switch|p1a: Scizor|Scizor, M|67/100
|turn|15
|
|t:|1726735860
|switch|p2a: Landorus|Landorus-Therian, M|100/100
|-ability|p2a: Landorus|Intimidate|boost
|-unboost|p1a: Scizor|atk|1
|move|p1a: Scizor|U-turn|p2a: Landorus
|-resisted|p2a: Landorus
|-damage|p2a: Landorus|90/100
|
|t:|1726735864
|switch|p1a: Keldeo|Keldeo-Resolute|88/100|[from] U-turn
|
|-weather|RainDance|[upkeep]
|-heal|p1a: Keldeo|94/100|[from] item: Leftovers
|-heal|p2a: Landorus|96/100|[from] item: Leftovers
|upkeep
|turn|16
|
|t:|1726735873
|switch|p1a: Scizor|Scizor, M|67/100
|switch|p2a: Latias|Latias, F|100/100
|
|-weather|RainDance|[upkeep]
|upkeep
|turn|17
|
|t:|1726735878
|-activate|p2a: Latias|move: Pursuit
|move|p1a: Scizor|Pursuit|p2a: Latias|[from]Pursuit
|-supereffective|p2a: Latias
|-damage|p2a: Latias|42/100
|switch|p2a: Tentacruel|Tentacruel, F|100/100
|
|-weather|RainDance|[upkeep]
|upkeep
|turn|18
|
|t:|1726735884
|switch|p1a: Tentacruel|Tentacruel, F|100/100
|switch|p2a: Latias|Latias, F|42/100
|
|-weather|RainDance|[upkeep]
|-heal|p2a: Latias|48/100|[from] item: Leftovers
|upkeep
|turn|19
|
|t:|1726735891
|switch|p1a: Scizor|Scizor, M|67/100
|move|p2a: Latias|Substitute|p2a: Latias
|-start|p2a: Latias|Substitute
|-damage|p2a: Latias|23/100
|
|-weather|RainDance|[upkeep]
|-heal|p2a: Latias|29/100|[from] item: Leftovers
|upkeep
|turn|20
|
|t:|1726735897
|move|p1a: Scizor|U-turn|p2a: Latias
|-supereffective|p2a: Latias
|-end|p2a: Latias|Substitute
|
|t:|1726735899
|switch|p1a: Tentacruel|Tentacruel, F|100/100|[from] U-turn
|move|p2a: Latias|Roost|p2a: Latias
|-heal|p2a: Latias|80/100
|-singleturn|p2a: Latias|move: Roost
|
|-weather|RainDance|[upkeep]
|-heal|p2a: Latias|86/100|[from] item: Leftovers
|upkeep
|turn|21
|
|t:|1726735903
|switch|p1a: Scizor|Scizor, M|67/100
|move|p2a: Latias|Substitute|p2a: Latias
|-start|p2a: Latias|Substitute
|-damage|p2a: Latias|61/100
|
|-weather|RainDance|[upkeep]
|-heal|p2a: Latias|67/100|[from] item: Leftovers
|upkeep
|turn|22
|
|t:|1726735909
|move|p1a: Scizor|U-turn|p2a: Latias
|-supereffective|p2a: Latias
|-end|p2a: Latias|Substitute
|
|t:|1726735911
|switch|p1a: Garchomp|Garchomp, M|100/100|[from] U-turn
|move|p2a: Latias|Roost|p2a: Latias
|-heal|p2a: Latias|100/100
|-singleturn|p2a: Latias|move: Roost
|
|-weather|RainDance|[upkeep]
|upkeep
|turn|23
|
|t:|1726735914
|switch|p2a: Ferrothorn|Ferrothorn, M|100/100
|move|p1a: Garchomp|Outrage|p2a: Ferrothorn
|-resisted|p2a: Ferrothorn
|-damage|p2a: Ferrothorn|82/100
|-damage|p1a: Garchomp|88/100|[from] ability: Iron Barbs|[of] p2a: Ferrothorn
|
|-weather|RainDance|[upkeep]
|-heal|p2a: Ferrothorn|88/100|[from] item: Leftovers
|upkeep
|turn|24
|
|t:|1726735919
|move|p1a: Garchomp|Outrage|p2a: Ferrothorn|[from]lockedmove
|-resisted|p2a: Ferrothorn
|-damage|p2a: Ferrothorn|67/100
|-damage|p1a: Garchomp|76/100|[from] ability: Iron Barbs|[of] p2a: Ferrothorn
|-start|p1a: Garchomp|confusion|[fatigue]
|move|p2a: Ferrothorn|Leech Seed|p1a: Garchomp
|-start|p1a: Garchomp|move: Leech Seed
|
|-weather|RainDance|[upkeep]
|-heal|p2a: Ferrothorn|73/100|[from] item: Leftovers
|-damage|p1a: Garchomp|64/100|[from] Leech Seed|[of] p2a: Ferrothorn
|-heal|p2a: Ferrothorn|86/100|[silent]
|upkeep
|turn|25
|
|t:|1726735924
|switch|p1a: Thundurus|Thundurus-Therian, M|100/100
|move|p2a: Ferrothorn|Leech Seed|p1a: Thundurus
|-start|p1a: Thundurus|move: Leech Seed
|
|-weather|RainDance|[upkeep]
|-heal|p2a: Ferrothorn|92/100|[from] item: Leftovers
|-damage|p1a: Thundurus|88/100|[from] Leech Seed|[of] p2a: Ferrothorn
|-heal|p2a: Ferrothorn|100/100|[silent]
|upkeep
|turn|26
|
|t:|1726735937
|switch|p1a: Scizor|Scizor, M|67/100
|move|p2a: Ferrothorn|Spikes|p1a: Scizor
|-sidestart|p1: Commbacckk|Spikes
|
|-weather|RainDance|[upkeep]
|upkeep
|turn|27
|
|t:|1726735940
|move|p1a: Scizor|U-turn|p2a: Ferrothorn
|-damage|p2a: Ferrothorn|77/100
|-damage|p1a: Scizor|55/100|[from] ability: Iron Barbs|[of] p2a: Ferrothorn
|
|t:|1726735944
|switch|p1a: Tentacruel|Tentacruel, F|100/100|[from] U-turn
|-damage|p1a: Tentacruel|88/100|[from] Spikes
|move|p2a: Ferrothorn|Leech Seed|p1a: Tentacruel|[miss]
|-miss|p2a: Ferrothorn|p1a: Tentacruel
|
|-weather|RainDance|[upkeep]
|-heal|p1a: Tentacruel|94/100|[from] ability: Rain Dish
|-heal|p1a: Tentacruel|99/100|[from] item: Leftovers
|-heal|p2a: Ferrothorn|83/100|[from] item: Leftovers
|upkeep
|turn|28
|
|t:|1726735950
|move|p2a: Ferrothorn|Protect|p2a: Ferrothorn
|-singleturn|p2a: Ferrothorn|Protect
|move|p1a: Tentacruel|Scald|p2a: Ferrothorn
|-activate|p2a: Ferrothorn|move: Protect
|
|-weather|RainDance|[upkeep]
|-heal|p1a: Tentacruel|100/100|[from] ability: Rain Dish
|-heal|p2a: Ferrothorn|89/100|[from] item: Leftovers
|upkeep
|turn|29
|
|t:|1726735961
|switch|p2a: Politoed|Politoed, F|100/100
|move|p1a: Tentacruel|Scald|p2a: Politoed
|-resisted|p2a: Politoed
|-damage|p2a: Politoed|86/100
|
|-weather|RainDance|[upkeep]
|-heal|p2a: Politoed|92/100|[from] item: Leftovers
|upkeep
|turn|30
|
|t:|1726735963
|move|p1a: Tentacruel|Rapid Spin|p2a: Politoed
|-damage|p2a: Politoed|90/100
|-sideend|p1: Commbacckk|Spikes|[from] move: Rapid Spin|[of] p1a: Tentacruel
|move|p2a: Politoed|Scald|p1a: Tentacruel
|-resisted|p1a: Tentacruel
|-damage|p1a: Tentacruel|86/100
|
|-weather|RainDance|[upkeep]
|-heal|p1a: Tentacruel|92/100|[from] ability: Rain Dish
|-heal|p1a: Tentacruel|98/100|[from] item: Leftovers
|-heal|p2a: Politoed|96/100|[from] item: Leftovers
|upkeep
|turn|31
|
|t:|1726735969
|move|p1a: Tentacruel|Protect|p1a: Tentacruel
|-singleturn|p1a: Tentacruel|Protect
|move|p2a: Politoed|Scald|p1a: Tentacruel
|-activate|p1a: Tentacruel|move: Protect
|
|-weather|RainDance|[upkeep]
|-heal|p1a: Tentacruel|100/100|[from] ability: Rain Dish
|-heal|p2a: Politoed|100/100|[from] item: Leftovers
|upkeep
|turn|32
|
|t:|1726735971
|move|p1a: Tentacruel|Scald|p2a: Politoed
|-resisted|p2a: Politoed
|-damage|p2a: Politoed|86/100
|move|p2a: Politoed|Scald|p1a: Tentacruel
|-resisted|p1a: Tentacruel
|-crit|p1a: Tentacruel
|-damage|p1a: Tentacruel|71/100
|
|-weather|RainDance|[upkeep]
|-heal|p1a: Tentacruel|77/100|[from] ability: Rain Dish
|-heal|p1a: Tentacruel|83/100|[from] item: Leftovers
|-heal|p2a: Politoed|92/100|[from] item: Leftovers
|upkeep
|turn|33
|
|t:|1726735983
|switch|p1a: Keldeo|Keldeo-Resolute|94/100
|move|p2a: Politoed|Scald|p1a: Keldeo
|-resisted|p1a: Keldeo
|-damage|p1a: Keldeo|74/100
|
|-weather|RainDance|[upkeep]
|-heal|p1a: Keldeo|80/100|[from] item: Leftovers
|-heal|p2a: Politoed|98/100|[from] item: Leftovers
|upkeep
|turn|34
|
|t:|1726735990
|move|p1a: Keldeo|Substitute|p1a: Keldeo
|-start|p1a: Keldeo|Substitute
|-damage|p1a: Keldeo|56/100
|move|p2a: Politoed|Scald|p1a: Keldeo
|-resisted|p1a: Keldeo
|-crit|p1a: Keldeo
|-end|p1a: Keldeo|Substitute
|
|-weather|RainDance|[upkeep]
|-heal|p1a: Keldeo|62/100|[from] item: Leftovers
|-heal|p2a: Politoed|100/100|[from] item: Leftovers
|upkeep
|turn|35
|j| C9243
|
|t:|1726735999
|switch|p2a: Latias|Latias, F|100/100
|move|p1a: Keldeo|Substitute|p1a: Keldeo
|-start|p1a: Keldeo|Substitute
|-damage|p1a: Keldeo|37/100
|
|-weather|RainDance|[upkeep]
|-heal|p1a: Keldeo|43/100|[from] item: Leftovers
|upkeep
|turn|36
|
|t:|1726736005
|move|p2a: Latias|Substitute|p2a: Latias
|-start|p2a: Latias|Substitute
|-damage|p2a: Latias|76/100
|move|p1a: Keldeo|Calm Mind|p1a: Keldeo
|-boost|p1a: Keldeo|spa|1
|-boost|p1a: Keldeo|spd|1
|
|-weather|RainDance|[upkeep]
|-heal|p2a: Latias|82/100|[from] item: Leftovers
|-heal|p1a: Keldeo|49/100|[from] item: Leftovers
|upkeep
|turn|37
|
|t:|1726736007
|move|p2a: Latias|Dragon Pulse|p1a: Keldeo
|-crit|p1a: Keldeo
|-end|p1a: Keldeo|Substitute
|move|p1a: Keldeo|Calm Mind|p1a: Keldeo
|-boost|p1a: Keldeo|spa|1
|-boost|p1a: Keldeo|spd|1
|
|-weather|RainDance|[upkeep]
|-heal|p2a: Latias|88/100|[from] item: Leftovers
|-heal|p1a: Keldeo|56/100|[from] item: Leftovers
|upkeep
|turn|38
|
|t:|1726736010
|move|p2a: Latias|Calm Mind|p2a: Latias
|-boost|p2a: Latias|spa|1
|-boost|p2a: Latias|spd|1
|move|p1a: Keldeo|Secret Sword|p2a: Latias
|-resisted|p2a: Latias
|-end|p2a: Latias|Substitute
|
|-weather|RainDance|[upkeep]
|-heal|p2a: Latias|94/100|[from] item: Leftovers
|-heal|p1a: Keldeo|62/100|[from] item: Leftovers
|upkeep
|turn|39
|
|t:|1726736013
|move|p2a: Latias|Dragon Pulse|p1a: Keldeo
|-damage|p1a: Keldeo|34/100
|move|p1a: Keldeo|Calm Mind|p1a: Keldeo
|-boost|p1a: Keldeo|spa|1
|-boost|p1a: Keldeo|spd|1
|
|-weather|RainDance|[upkeep]
|-heal|p2a: Latias|99/100|[from] item: Leftovers
|-heal|p1a: Keldeo|40/100|[from] item: Leftovers
|upkeep
|turn|40
|
|t:|1726736017
|move|p2a: Latias|Dragon Pulse|p1a: Keldeo
|-damage|p1a: Keldeo|18/100
|move|p1a: Keldeo|Secret Sword|p2a: Latias
|-resisted|p2a: Latias
|-damage|p2a: Latias|43/100
|
|-weather|RainDance|[upkeep]
|-heal|p2a: Latias|49/100|[from] item: Leftovers
|-heal|p1a: Keldeo|24/100|[from] item: Leftovers
|upkeep
|turn|41
|
|t:|1726736026
|move|p2a: Latias|Dragon Pulse|p1a: Keldeo
|-damage|p1a: Keldeo|3/100
|move|p1a: Keldeo|Secret Sword|p2a: Latias
|-resisted|p2a: Latias
|-damage|p2a: Latias|0 fnt
|faint|p2a: Latias
|
|-weather|RainDance|[upkeep]
|-heal|p1a: Keldeo|9/100|[from] item: Leftovers
|upkeep
|inactive|testo junkie has 120 seconds left.
|inactive|testo junkie has 90 seconds left.
|
|t:|1726736105
|switch|p2a: Politoed|Politoed, F|100/100
|turn|42
|
|t:|1726736110
|move|p1a: Keldeo|Secret Sword|p2a: Politoed
|-damage|p2a: Politoed|10/100
|move|p2a: Politoed|Toxic|p1a: Keldeo|[miss]
|-miss|p2a: Politoed|p1a: Keldeo
|
|-weather|RainDance|[upkeep]
|-heal|p1a: Keldeo|15/100|[from] item: Leftovers
|-heal|p2a: Politoed|16/100|[from] item: Leftovers
|upkeep
|turn|43
|inactive|testo junkie has 90 seconds left.
|c|☆testo junkie|this game really gets exhausting some times
|
|t:|1726736127
|move|p1a: Keldeo|Secret Sword|p2a: Politoed
|-damage|p2a: Politoed|0 fnt
|faint|p2a: Politoed
|
|-weather|RainDance|[upkeep]
|-heal|p1a: Keldeo|21/100|[from] item: Leftovers
|upkeep
|
|t:|1726736133
|switch|p2a: Tentacruel|Tentacruel, F|100/100
|turn|44
|
|t:|1726736145
|move|p1a: Keldeo|Hydro Pump|p2a: Tentacruel
|-resisted|p2a: Tentacruel
|-crit|p2a: Tentacruel
|-damage|p2a: Tentacruel|0 fnt
|faint|p2a: Tentacruel
|
|-weather|RainDance|[upkeep]
|-heal|p1a: Keldeo|27/100|[from] item: Leftovers
|upkeep
|inactive|testo junkie has 90 seconds left.
|c|☆testo junkie|loooooooooooooooooooooooooool
|c|☆testo junkie|"g"g or smth like that i guess
|
|t:|1726736165
|switch|p2a: Landorus|Landorus-Therian, M|96/100
|-ability|p2a: Landorus|Intimidate|boost
|-unboost|p1a: Keldeo|atk|1
|turn|45
|
|t:|1726736167
|move|p1a: Keldeo|Hydro Pump|p2a: Landorus
|-supereffective|p2a: Landorus
|-damage|p2a: Landorus|0 fnt
|faint|p2a: Landorus
|
|-weather|RainDance|[upkeep]
|-heal|p1a: Keldeo|34/100|[from] item: Leftovers
|upkeep
|-message|testo junkie forfeited.
|
|win|Commbacckk
|raw|Commbacckk's rating: 1388 &rarr; <strong>1418</strong><br />(+30 for winning)
|raw|testo junkie's rating: 1571 &rarr; <strong>1541</strong><br />(-30 for losing)
|l|☆testo junkie
|player|p2|
|l|☆Commbacckk
|player|p1|
