|j|☆harrisonharry
|j|‽EmiliaStella
|player|p1|harrisonharry|102
|player|p2|EmiliaStella|102
|teamsize|p1|6
|teamsize|p2|6
|gametype|singles
|gen|5
|tier|[Gen 5] OU
|rated|
|rule|Sleep Clause Mod: Limit one foe put to sleep
|rule|Species Clause: Limit one of each Pokémon
|rule|OHKO Clause: OHKO moves are banned
|rule|Moody Clause: Moody is banned
|rule|Evasion Moves Clause: Evasion moves are banned
|rule|Endless Battle Clause: Forcing endless battles is banned
|rule|HP Percentage Mod: HP is shown in percentages
|rule|Evasion Abilities Clause: Evasion abilities are banned
|rule|Baton Pass Clause: Limit one Baton Passer, can't pass Spe and other stats simultaneously
|rule|Swagger Clause: Swagger is banned
|clearpoke
|poke|p1|Zapdos|item
|poke|p1|Tyranitar, M|item
|poke|p1|Ferrothorn, F|item
|poke|p1|Reuniclus, M|item
|poke|p1|Latios, M|item
|poke|p1|Excadrill, F|item
|poke|p2|Politoed, F|item
|poke|p2|Latios, M|item
|poke|p2|Tornadus, M|item
|poke|p2|Excadrill, M|item
|poke|p2|Ferrothorn, F|item
|poke|p2|Keldeo|item
|teampreview
|inactive|Battle timer is ON: inactive players will automatically lose when time's up. (requested by EmiliaStella)
|inactive|EmiliaStella has 120 seconds left.
|
|start
|switch|p1a: Ferrothorn|Ferrothorn, F|100/100
|switch|p2a: Politoed|Politoed, F|100/100
|-weather|RainDance|[from] ability: Drizzle|[of] p2a: Politoed
|turn|1
|inactive|harrisonharry has 120 seconds left.
|
|switch|p2a: Tornadus|Tornadus, M|100/100
|move|p1a: Ferrothorn|Spikes|p2a: Tornadus
|-sidestart|p2: EmiliaStella|Spikes
|
|-weather|RainDance|[upkeep]
|upkeep
|turn|2
|
|move|p1a: Ferrothorn|Protect|p1a: Ferrothorn
|-singleturn|p1a: Ferrothorn|Protect
|move|p2a: Tornadus|Hurricane|p1a: Ferrothorn
|-activate|p1a: Ferrothorn|move: Protect
|
|-weather|RainDance|[upkeep]
|upkeep
|turn|3
|
|switch|p1a: Tyranitar|Tyranitar, M|100/100
|-weather|Sandstorm|[from] ability: Sand Stream|[of] p1a: Tyranitar
|move|p2a: Tornadus|Hurricane|p1a: Tyranitar
|-resisted|p1a: Tyranitar
|-damage|p1a: Tyranitar|80/100
|
|-weather|Sandstorm|[upkeep]
|-damage|p2a: Tornadus|94/100|[from] Sandstorm
|upkeep
|turn|4
|
|switch|p2a: Ferrothorn|Ferrothorn, F|100/100
|-damage|p2a: Ferrothorn|88/100|[from] Spikes
|move|p1a: Tyranitar|Crunch|p2a: Ferrothorn
|-resisted|p2a: Ferrothorn
|-damage|p2a: Ferrothorn|73/100
|-damage|p1a: Tyranitar|68/100|[from] ability: Iron Barbs|[of] p2a: Ferrothorn
|
|-weather|Sandstorm|[upkeep]
|-heal|p2a: Ferrothorn|79/100|[from] item: Leftovers
|upkeep
|turn|5
|
|move|p1a: Tyranitar|Superpower|p2a: Ferrothorn
|-supereffective|p2a: Ferrothorn
|-damage|p2a: Ferrothorn|19/100
|-damage|p1a: Tyranitar|55/100|[from] ability: Iron Barbs|[of] p2a: Ferrothorn
|-unboost|p1a: Tyranitar|atk|1
|-unboost|p1a: Tyranitar|def|1
|move|p2a: Ferrothorn|Stealth Rock|p1a: Tyranitar
|-sidestart|p1: harrisonharry|move: Stealth Rock
|
|-weather|Sandstorm|[upkeep]
|-heal|p2a: Ferrothorn|25/100|[from] item: Leftovers
|upkeep
|turn|6
|
|switch|p2a: Politoed|Politoed, F|100/100
|-damage|p2a: Politoed|88/100|[from] Spikes
|-weather|RainDance|[from] ability: Drizzle|[of] p2a: Politoed
|move|p1a: Tyranitar|Stealth Rock|p2a: Politoed
|-sidestart|p2: EmiliaStella|move: Stealth Rock
|
|-weather|RainDance|[upkeep]
|-heal|p2a: Politoed|94/100|[from] item: Leftovers
|upkeep
|turn|7
|
|switch|p1a: Ferrothorn|Ferrothorn, F|100/100
|-damage|p1a: Ferrothorn|95/100|[from] Stealth Rock
|move|p2a: Politoed|Scald|p1a: Ferrothorn
|-resisted|p1a: Ferrothorn
|-damage|p1a: Ferrothorn|81/100
|-status|p1a: Ferrothorn|brn
|
|-weather|RainDance|[upkeep]
|-heal|p2a: Politoed|99/100|[from] item: Leftovers
|-heal|p1a: Ferrothorn|87/100 brn|[from] item: Leftovers
|-damage|p1a: Ferrothorn|75/100 brn|[from] brn
|upkeep
|turn|8
|
|switch|p2a: Excadrill|Excadrill, M|100/100
|-damage|p2a: Excadrill|97/100|[from] Stealth Rock
|-item|p2a: Excadrill|Air Balloon
|move|p1a: Ferrothorn|Spikes|p2a: Excadrill
|-sidestart|p2: EmiliaStella|Spikes
|
|-weather|RainDance|[upkeep]
|-heal|p1a: Ferrothorn|81/100 brn|[from] item: Leftovers
|-damage|p1a: Ferrothorn|68/100 brn|[from] brn
|upkeep
|turn|9
|
|move|p2a: Excadrill|Rapid Spin|p1a: Ferrothorn
|-resisted|p1a: Ferrothorn
|-damage|p1a: Ferrothorn|66/100 brn
|-damage|p2a: Excadrill|85/100|[from] ability: Iron Barbs|[of] p1a: Ferrothorn
|-sideend|p2: EmiliaStella|Spikes|[from] move: Rapid Spin|[of] p2a: Excadrill
|-sideend|p2: EmiliaStella|Stealth Rock|[from] move: Rapid Spin|[of] p2a: Excadrill
|move|p1a: Ferrothorn|Leech Seed|p2a: Excadrill
|-start|p2a: Excadrill|move: Leech Seed
|
|-weather|RainDance|[upkeep]
|-heal|p1a: Ferrothorn|72/100 brn|[from] item: Leftovers
|-damage|p2a: Excadrill|73/100|[from] Leech Seed|[of] p1a: Ferrothorn
|-heal|p1a: Ferrothorn|85/100 brn|[silent]
|-damage|p1a: Ferrothorn|73/100 brn|[from] brn
|upkeep
|turn|10
|
|move|p2a: Excadrill|Earthquake|p1a: Ferrothorn
|-damage|p1a: Ferrothorn|39/100 brn
|move|p1a: Ferrothorn|Power Whip|p2a: Excadrill|[miss]
|-miss|p1a: Ferrothorn|p2a: Excadrill
|
|-weather|RainDance|[upkeep]
|-heal|p1a: Ferrothorn|45/100 brn|[from] item: Leftovers
|-damage|p2a: Excadrill|60/100|[from] Leech Seed|[of] p1a: Ferrothorn
|-heal|p1a: Ferrothorn|58/100 brn|[silent]
|-damage|p1a: Ferrothorn|46/100 brn|[from] brn
|upkeep
|turn|11
|
|move|p1a: Ferrothorn|Protect|p1a: Ferrothorn
|-singleturn|p1a: Ferrothorn|Protect
|move|p2a: Excadrill|Earthquake|p1a: Ferrothorn
|-activate|p1a: Ferrothorn|move: Protect
|
|-weather|RainDance|[upkeep]
|-heal|p1a: Ferrothorn|52/100 brn|[from] item: Leftovers
|-damage|p2a: Excadrill|48/100|[from] Leech Seed|[of] p1a: Ferrothorn
|-heal|p1a: Ferrothorn|65/100 brn|[silent]
|-damage|p1a: Ferrothorn|52/100 brn|[from] brn
|upkeep
|turn|12
|
|move|p2a: Excadrill|Earthquake|p1a: Ferrothorn
|-damage|p1a: Ferrothorn|18/100 brn
|move|p1a: Ferrothorn|Power Whip|p2a: Excadrill
|-damage|p2a: Excadrill|21/100
|-enditem|p2a: Excadrill|Air Balloon
|
|-weather|RainDance|[upkeep]
|-heal|p1a: Ferrothorn|24/100 brn|[from] item: Leftovers
|-damage|p2a: Excadrill|9/100|[from] Leech Seed|[of] p1a: Ferrothorn
|-heal|p1a: Ferrothorn|37/100 brn|[silent]
|-damage|p1a: Ferrothorn|24/100 brn|[from] brn
|upkeep
|turn|13
|
|move|p1a: Ferrothorn|Protect|p1a: Ferrothorn
|-singleturn|p1a: Ferrothorn|Protect
|move|p2a: Excadrill|Earthquake|p1a: Ferrothorn
|-activate|p1a: Ferrothorn|move: Protect
|
|-weather|RainDance|[upkeep]
|-heal|p1a: Ferrothorn|30/100 brn|[from] item: Leftovers
|-damage|p2a: Excadrill|0 fnt|[from] Leech Seed|[of] p1a: Ferrothorn
|-heal|p1a: Ferrothorn|39/100 brn|[silent]
|-damage|p1a: Ferrothorn|27/100 brn|[from] brn
|upkeep
|faint|p2a: Excadrill
|
|switch|p2a: Tornadus|Tornadus, M|94/100
|turn|14
|
|move|p2a: Tornadus|Hurricane|p1a: Ferrothorn
|-damage|p1a: Ferrothorn|0 fnt
|faint|p1a: Ferrothorn
|
|-weather|RainDance|[upkeep]
|upkeep
|
|switch|p1a: Zapdos|Zapdos|100/100
|-damage|p1a: Zapdos|76/100|[from] Stealth Rock
|-ability|p1a: Zapdos|Pressure
|turn|15
|
|switch|p2a: Latios|Latios, M|100/100
|move|p1a: Zapdos|Discharge|p2a: Latios
|-resisted|p2a: Latios
|-damage|p2a: Latios|84/100
|
|-weather|RainDance|[upkeep]
|-heal|p1a: Zapdos|82/100|[from] item: Leftovers
|upkeep
|turn|16
|
|switch|p2a: Politoed|Politoed, F|99/100
|switch|p1a: Tyranitar|Tyranitar, M|55/100
|-damage|p1a: Tyranitar|43/100|[from] Stealth Rock
|-weather|Sandstorm|[from] ability: Sand Stream|[of] p1a: Tyranitar
|
|-weather|Sandstorm|[upkeep]
|-damage|p2a: Politoed|94/100|[from] Sandstorm
|-heal|p2a: Politoed|99/100|[from] item: Leftovers
|upkeep
|turn|17
|
|switch|p1a: Latios|Latios, M|100/100
|-damage|p1a: Latios|88/100|[from] Stealth Rock
|move|p2a: Politoed|Scald|p1a: Latios
|-resisted|p1a: Latios
|-damage|p1a: Latios|75/100
|
|-weather|Sandstorm|[upkeep]
|-damage|p1a: Latios|69/100|[from] Sandstorm
|-damage|p2a: Politoed|94/100|[from] Sandstorm
|-heal|p2a: Politoed|99/100|[from] item: Leftovers
|upkeep
|turn|18
|
|switch|p2a: Ferrothorn|Ferrothorn, F|25/100
|move|p1a: Latios|Draco Meteor|p2a: Ferrothorn|[miss]
|-miss|p1a: Latios|p2a: Ferrothorn
|
|-weather|Sandstorm|[upkeep]
|-damage|p1a: Latios|63/100|[from] Sandstorm
|-heal|p2a: Ferrothorn|31/100|[from] item: Leftovers
|upkeep
|turn|19
|
|switch|p1a: Tyranitar|Tyranitar, M|43/100
|-damage|p1a: Tyranitar|31/100|[from] Stealth Rock
|move|p2a: Ferrothorn|Leech Seed|p1a: Tyranitar
|-start|p1a: Tyranitar|move: Leech Seed
|
|-weather|Sandstorm|[upkeep]
|-heal|p2a: Ferrothorn|37/100|[from] item: Leftovers
|-damage|p1a: Tyranitar|18/100|[from] Leech Seed|[of] p2a: Ferrothorn
|-heal|p2a: Ferrothorn|51/100|[silent]
|upkeep
|turn|20
|
|switch|p2a: Politoed|Politoed, F|99/100
|-weather|RainDance|[from] ability: Drizzle|[of] p2a: Politoed
|move|p1a: Tyranitar|Stealth Rock|p2a: Politoed
|-sidestart|p2: EmiliaStella|move: Stealth Rock
|
|-weather|RainDance|[upkeep]
|-heal|p2a: Politoed|100/100|[from] item: Leftovers
|-damage|p1a: Tyranitar|6/100|[from] Leech Seed|[of] p2a: Politoed
|upkeep
|turn|21
|
|move|p2a: Politoed|Toxic|p1a: Tyranitar
|-status|p1a: Tyranitar|tox
|move|p1a: Tyranitar|Crunch|p2a: Politoed
|-damage|p2a: Politoed|68/100
|-unboost|p2a: Politoed|def|1
|
|-weather|RainDance|[upkeep]
|-heal|p2a: Politoed|74/100|[from] item: Leftovers
|-damage|p1a: Tyranitar|0 fnt|[from] Leech Seed|[of] p2a: Politoed
|-heal|p2a: Politoed|79/100|[silent]
|upkeep
|faint|p1a: Tyranitar
|
|switch|p1a: Reuniclus|Reuniclus, M|100/100
|turn|22
|
|move|p2a: Politoed|Scald|p1a: Reuniclus
|-damage|p1a: Reuniclus|65/100
|move|p1a: Reuniclus|Calm Mind|p1a: Reuniclus
|-boost|p1a: Reuniclus|spa|1
|-boost|p1a: Reuniclus|spd|1
|
|-weather|RainDance|[upkeep]
|-heal|p2a: Politoed|85/100|[from] item: Leftovers
|-heal|p1a: Reuniclus|71/100|[from] item: Leftovers
|upkeep
|turn|23
|
|move|p2a: Politoed|Encore|p1a: Reuniclus
|-start|p1a: Reuniclus|Encore
|move|p1a: Reuniclus|Calm Mind|p1a: Reuniclus
|-boost|p1a: Reuniclus|spa|1
|-boost|p1a: Reuniclus|spd|1
|
|-weather|RainDance|[upkeep]
|-heal|p2a: Politoed|91/100|[from] item: Leftovers
|-heal|p1a: Reuniclus|77/100|[from] item: Leftovers
|upkeep
|turn|24
|
|switch|p2a: Latios|Latios, M|84/100
|-damage|p2a: Latios|72/100|[from] Stealth Rock
|move|p1a: Reuniclus|Calm Mind|p1a: Reuniclus
|-boost|p1a: Reuniclus|spa|1
|-boost|p1a: Reuniclus|spd|1
|
|-weather|RainDance|[upkeep]
|-heal|p1a: Reuniclus|83/100|[from] item: Leftovers
|upkeep
|turn|25
|
|switch|p1a: Excadrill|Excadrill, F|100/100
|-damage|p1a: Excadrill|98/100|[from] Stealth Rock
|-ability|p1a: Excadrill|Mold Breaker
|move|p2a: Latios|Trick|p1a: Excadrill
|-activate|p2a: Latios|move: Trick|[of] p1a: Excadrill
|-item|p1a: Excadrill|Choice Scarf|[from] move: Trick
|-item|p2a: Latios|Leftovers|[from] move: Trick
|
|-weather|RainDance|[upkeep]
|-heal|p2a: Latios|78/100|[from] item: Leftovers
|upkeep
|turn|26
|
|move|p1a: Excadrill|Earthquake|p2a: Latios
|-damage|p2a: Latios|6/100
|move|p2a: Latios|Surf|p1a: Excadrill
|-supereffective|p1a: Excadrill
|-damage|p1a: Excadrill|0 fnt
|faint|p1a: Excadrill
|
|-weather|RainDance|[upkeep]
|-heal|p2a: Latios|12/100|[from] item: Leftovers
|upkeep
|
|switch|p1a: Latios|Latios, M|63/100
|-damage|p1a: Latios|51/100|[from] Stealth Rock
|turn|27
|
|move|p1a: Latios|Psyshock|p2a: Latios
|-resisted|p2a: Latios
|-damage|p2a: Latios|0 fnt
|faint|p2a: Latios
|
|-weather|RainDance|[upkeep]
|upkeep
|
|switch|p2a: Ferrothorn|Ferrothorn, F|51/100
|-damage|p2a: Ferrothorn|45/100|[from] Stealth Rock
|turn|28
|
|switch|p1a: Reuniclus|Reuniclus, M|83/100
|switch|p2a: Keldeo|Keldeo|100/100
|-damage|p2a: Keldeo|94/100|[from] Stealth Rock
|
|-weather|RainDance|[upkeep]
|-heal|p1a: Reuniclus|89/100|[from] item: Leftovers
|upkeep
|turn|29
|
|switch|p1a: Zapdos|Zapdos|82/100
|-damage|p1a: Zapdos|57/100|[from] Stealth Rock
|-ability|p1a: Zapdos|Pressure
|move|p2a: Keldeo|Hydro Pump|p1a: Zapdos
|-damage|p1a: Zapdos|0 fnt
|faint|p1a: Zapdos
|
|-weather|RainDance|[upkeep]
|upkeep
|
|switch|p1a: Latios|Latios, M|51/100
|-damage|p1a: Latios|38/100|[from] Stealth Rock
|turn|30
|
|move|p1a: Latios|Psyshock|p2a: Keldeo
|-supereffective|p2a: Keldeo
|-damage|p2a: Keldeo|0 fnt
|faint|p2a: Keldeo
|
|-weather|RainDance|[upkeep]
|upkeep
|
|switch|p2a: Ferrothorn|Ferrothorn, F|45/100
|-damage|p2a: Ferrothorn|39/100|[from] Stealth Rock
|turn|31
|
|switch|p1a: Reuniclus|Reuniclus, M|89/100
|move|p2a: Ferrothorn|Power Whip|p1a: Reuniclus
|-damage|p1a: Reuniclus|60/100
|
|-weather|RainDance|[upkeep]
|-heal|p1a: Reuniclus|66/100|[from] item: Leftovers
|-heal|p2a: Ferrothorn|45/100|[from] item: Leftovers
|upkeep
|turn|32
|
|switch|p2a: Politoed|Politoed, F|91/100
|-damage|p2a: Politoed|79/100|[from] Stealth Rock
|move|p1a: Reuniclus|Calm Mind|p1a: Reuniclus
|-boost|p1a: Reuniclus|spa|1
|-boost|p1a: Reuniclus|spd|1
|
|-weather|RainDance|[upkeep]
|-heal|p2a: Politoed|85/100|[from] item: Leftovers
|-heal|p1a: Reuniclus|72/100|[from] item: Leftovers
|upkeep
|turn|33
|
|move|p2a: Politoed|Encore|p1a: Reuniclus
|-start|p1a: Reuniclus|Encore
|move|p1a: Reuniclus|Calm Mind|p1a: Reuniclus
|-boost|p1a: Reuniclus|spa|1
|-boost|p1a: Reuniclus|spd|1
|
|-weather|RainDance|[upkeep]
|-heal|p2a: Politoed|91/100|[from] item: Leftovers
|-heal|p1a: Reuniclus|78/100|[from] item: Leftovers
|upkeep
|turn|34
|
|switch|p2a: Tornadus|Tornadus, M|94/100
|-damage|p2a: Tornadus|70/100|[from] Stealth Rock
|move|p1a: Reuniclus|Calm Mind|p1a: Reuniclus
|-boost|p1a: Reuniclus|spa|1
|-boost|p1a: Reuniclus|spd|1
|
|-weather|RainDance|[upkeep]
|-heal|p1a: Reuniclus|85/100|[from] item: Leftovers
|upkeep
|turn|35
|
|move|p2a: Tornadus|Hurricane|p1a: Reuniclus
|-damage|p1a: Reuniclus|52/100
|move|p1a: Reuniclus|Calm Mind|p1a: Reuniclus
|-boost|p1a: Reuniclus|spa|1
|-boost|p1a: Reuniclus|spd|1
|
|-weather|RainDance|[upkeep]
|-heal|p1a: Reuniclus|58/100|[from] item: Leftovers
|-end|p1a: Reuniclus|Encore
|upkeep
|turn|36
|
|move|p2a: Tornadus|Hurricane|p1a: Reuniclus
|-damage|p1a: Reuniclus|28/100
|-start|p1a: Reuniclus|confusion
|-activate|p1a: Reuniclus|confusion
|move|p1a: Reuniclus|Psyshock|p2a: Tornadus
|-crit|p2a: Tornadus
|-damage|p2a: Tornadus|0 fnt
|faint|p2a: Tornadus
|
|-weather|RainDance|[upkeep]
|-heal|p1a: Reuniclus|34/100|[from] item: Leftovers
|upkeep
|
|switch|p2a: Politoed|Politoed, F|91/100
|-damage|p2a: Politoed|79/100|[from] Stealth Rock
|turn|37
|
|move|p2a: Politoed|Encore|p1a: Reuniclus
|-start|p1a: Reuniclus|Encore
|-activate|p1a: Reuniclus|confusion
|move|p1a: Reuniclus|Psyshock|p2a: Politoed
|-crit|p2a: Politoed
|-damage|p2a: Politoed|0 fnt
|faint|p2a: Politoed
|
|-weather|RainDance|[upkeep]
|-heal|p1a: Reuniclus|41/100|[from] item: Leftovers
|upkeep
|-message|EmiliaStella forfeited.
|
|win|harrisonharry
|raw|harrisonharry's rating: 1443 &rarr; <strong>1459</strong><br />(+16 for winning)
|raw|EmiliaStella's rating: 1380 &rarr; <strong>1363</strong><br />(-17 for losing)
|l|☆harrisonharry
