|j|☆Invisible Enemy
|j|☆fata lina
|player|p1|Invisible Enemy|acetrainer-gen2
|player|p2|fata lina|whitney-gen2
|teamsize|p1|6
|teamsize|p2|6
|gametype|singles
|gen|5
|tier|[Gen 5] OU
|rated|
|rule|Sleep Clause Mod: Limit one foe put to sleep
|rule|Species Clause: Limit one of each Pokémon
|rule|OHKO Clause: OHKO moves are banned
|rule|Moody Clause: Moody is banned
|rule|Evasion Moves Clause: Evasion moves are banned
|rule|Endless Battle Clause: Forcing endless battles is banned
|rule|HP Percentage Mod: HP is shown in percentages
|rule|Evasion Abilities Clause: Evasion abilities are banned
|rule|Baton Pass Clause: Limit one Baton Passer, can't pass Spe and other stats simultaneously
|rule|Swagger Clause: Swagger is banned
|clearpoke
|poke|p1|Politoed, F|item
|poke|p1|Ferrothorn, F|item
|poke|p1|Gliscor, M|item
|poke|p1|Kyurem|item
|poke|p1|Tentacruel, F|item
|poke|p1|Reuniclus, F|item
|poke|p2|Tyranitar, F|item
|poke|p2|Keldeo|item
|poke|p2|Celebi|item
|poke|p2|Scizor, F|item
|poke|p2|Xatu, F|item
|poke|p2|Landorus-Therian, M|item
|teampreview
|inactive|Battle timer is ON: inactive players will automatically lose when time's up. (requested by fata lina)
|
|start
|switch|p1a: Ferrothorn|Ferrothorn, F|100/100
|switch|p2a: Celebi|Celebi|100/100
|turn|1
|
|move|p2a: Celebi|U-turn|p1a: Ferrothorn
|-damage|p1a: Ferrothorn|89/100
|-damage|p2a: Celebi|88/100|[from] ability: Iron Barbs|[of] p1a: Ferrothorn
|
|switch|p2a: Xatu|Xatu, F|100/100|[from]move: U-turn
|move|p1a: Ferrothorn|Knock Off|p2a: Xatu
|-supereffective|p2a: Xatu
|-damage|p2a: Xatu|93/100
|-damage|p1a: Ferrothorn|73/100|[from] item: Rocky Helmet|[of] p2a: Xatu
|-enditem|p2a: Xatu|Rocky Helmet|[from] move: Knock Off|[of] p1a: Ferrothorn
|
|-heal|p1a: Ferrothorn|79/100|[from] item: Leftovers
|upkeep
|turn|2
|
|switch|p1a: Politoed|Politoed, F|100/100
|-weather|RainDance|[from] ability: Drizzle|[of] p1a: Politoed
|move|p2a: Xatu|Night Shade|p1a: Politoed
|-damage|p1a: Politoed|69/100
|
|-weather|RainDance|[upkeep]
|upkeep
|turn|3
|
|switch|p1a: Kyurem|Kyurem|100/100
|-ability|p1a: Kyurem|Pressure
|switch|p2a: Celebi|Celebi|88/100
|
|-weather|RainDance|[upkeep]
|-heal|p2a: Celebi|94/100|[from] item: Leftovers
|upkeep
|turn|4
|
|switch|p2a: Scizor|Scizor, F|100/100
|move|p1a: Kyurem|Substitute|p1a: Kyurem
|-start|p1a: Kyurem|Substitute
|-damage|p1a: Kyurem|75/100
|
|-weather|RainDance|[upkeep]
|-heal|p1a: Kyurem|82/100|[from] item: Leftovers
|upkeep
|turn|5
|
|move|p2a: Scizor|Bullet Punch|p1a: Kyurem
|-supereffective|p1a: Kyurem
|-end|p1a: Kyurem|Substitute
|move|p1a: Kyurem|Earth Power|p2a: Scizor
|-damage|p2a: Scizor|72/100
|
|-weather|RainDance|[upkeep]
|-heal|p1a: Kyurem|88/100|[from] item: Leftovers
|-heal|p2a: Scizor|78/100|[from] item: Leftovers
|upkeep
|turn|6
|
|switch|p1a: Gliscor|Gliscor, M|100/100
|move|p2a: Scizor|U-turn|p1a: Gliscor
|-resisted|p1a: Gliscor
|-damage|p1a: Gliscor|92/100
|
|switch|p2a: Keldeo|Keldeo|100/100|[from]move: U-turn
|
|-weather|RainDance|[upkeep]
|-status|p1a: Gliscor|tox|[from] item: Toxic Orb
|upkeep
|turn|7
|
|switch|p1a: Tentacruel|Tentacruel, F|100/100
|move|p2a: Keldeo|Substitute|p2a: Keldeo
|-start|p2a: Keldeo|Substitute
|-damage|p2a: Keldeo|76/100
|
|-weather|RainDance|[upkeep]
|-heal|p2a: Keldeo|82/100|[from] item: Leftovers
|upkeep
|turn|8
|
|switch|p1a: Politoed|Politoed, F|69/100
|move|p2a: Keldeo|Scald|p1a: Politoed
|-resisted|p1a: Politoed
|-damage|p1a: Politoed|35/100
|
|-weather|RainDance|[upkeep]
|-heal|p2a: Keldeo|88/100|[from] item: Leftovers
|upkeep
|turn|9
|
|switch|p1a: Tentacruel|Tentacruel, F|100/100
|move|p2a: Keldeo|Secret Sword|p1a: Tentacruel
|-resisted|p1a: Tentacruel
|-damage|p1a: Tentacruel|79/100
|
|-weather|RainDance|[upkeep]
|-heal|p1a: Tentacruel|85/100|[from] ability: Rain Dish
|-heal|p2a: Keldeo|94/100|[from] item: Leftovers
|-heal|p1a: Tentacruel|91/100|[from] item: Black Sludge
|upkeep
|turn|10
|
|move|p2a: Keldeo|Scald|p1a: Tentacruel
|-resisted|p1a: Tentacruel
|-damage|p1a: Tentacruel|65/100
|-status|p1a: Tentacruel|brn
|move|p1a: Tentacruel|Scald|p2a: Keldeo
|-resisted|p2a: Keldeo
|-activate|p2a: Keldeo|Substitute|[damage]
|
|-weather|RainDance|[upkeep]
|-heal|p1a: Tentacruel|71/100 brn|[from] ability: Rain Dish
|-heal|p2a: Keldeo|100/100|[from] item: Leftovers
|-heal|p1a: Tentacruel|77/100 brn|[from] item: Black Sludge
|-damage|p1a: Tentacruel|64/100 brn|[from] brn
|upkeep
|turn|11
|
|move|p2a: Keldeo|Scald|p1a: Tentacruel
|-resisted|p1a: Tentacruel
|-damage|p1a: Tentacruel|40/100 brn
|move|p1a: Tentacruel|Toxic Spikes|p2a: Keldeo
|-sidestart|p2: fata lina|move: Toxic Spikes
|
|-weather|RainDance|[upkeep]
|-heal|p1a: Tentacruel|46/100 brn|[from] ability: Rain Dish
|-heal|p1a: Tentacruel|52/100 brn|[from] item: Black Sludge
|-damage|p1a: Tentacruel|40/100 brn|[from] brn
|upkeep
|turn|12
|
|move|p2a: Keldeo|Scald|p1a: Tentacruel
|-resisted|p1a: Tentacruel
|-damage|p1a: Tentacruel|16/100 brn
|move|p1a: Tentacruel|Scald|p2a: Keldeo
|-resisted|p2a: Keldeo
|-end|p2a: Keldeo|Substitute
|
|-weather|RainDance|[upkeep]
|-heal|p1a: Tentacruel|23/100 brn|[from] ability: Rain Dish
|-heal|p1a: Tentacruel|29/100 brn|[from] item: Black Sludge
|-damage|p1a: Tentacruel|16/100 brn|[from] brn
|upkeep
|turn|13
|
|switch|p1a: Politoed|Politoed, F|35/100
|move|p2a: Keldeo|Scald|p1a: Politoed
|-resisted|p1a: Politoed
|-damage|p1a: Politoed|3/100
|
|-weather|RainDance|[upkeep]
|upkeep
|turn|14
|inactive|fata lina has 120 seconds left.
|
|switch|p2a: Tyranitar|Tyranitar, F|100/100
|-status|p2a: Tyranitar|psn
|-weather|Sandstorm|[from] ability: Sand Stream|[of] p2a: Tyranitar
|move|p1a: Politoed|Hydro Pump|p2a: Tyranitar|[miss]
|-miss|p1a: Politoed|p2a: Tyranitar
|
|-weather|Sandstorm|[upkeep]
|-damage|p1a: Politoed|0 fnt|[from] Sandstorm
|faint|p1a: Politoed
|-damage|p2a: Tyranitar|88/100 psn|[from] psn
|upkeep
|
|switch|p1a: Gliscor|Gliscor, M|92/100 tox
|turn|15
|
|move|p1a: Gliscor|Taunt|p2a: Tyranitar
|-start|p2a: Tyranitar|move: Taunt
|cant|p2a: Tyranitar|move: Taunt|Stealth Rock
|
|-weather|Sandstorm|[upkeep]
|-heal|p1a: Gliscor|100/100 tox|[from] ability: Poison Heal
|-damage|p2a: Tyranitar|76/100 psn|[from] psn
|upkeep
|turn|16
|
|switch|p2a: Xatu|Xatu, F|93/100
|move|p1a: Gliscor|Ice Fang|p2a: Xatu
|-supereffective|p2a: Xatu
|-damage|p2a: Xatu|64/100
|
|-weather|Sandstorm|[upkeep]
|-damage|p2a: Xatu|58/100|[from] Sandstorm
|upkeep
|turn|17
|
|move|p1a: Gliscor|Taunt|p2a: Xatu
|move|p2a: Xatu|Taunt|p1a: Gliscor|[from]Magic Bounce
|-start|p1a: Gliscor|move: Taunt
|move|p2a: Xatu|Roost|p2a: Xatu
|-heal|p2a: Xatu|100/100
|-singleturn|p2a: Xatu|move: Roost
|
|-weather|Sandstorm|[upkeep]
|-damage|p2a: Xatu|95/100|[from] Sandstorm
|upkeep
|turn|18
|
|move|p1a: Gliscor|Ice Fang|p2a: Xatu
|-supereffective|p2a: Xatu
|-damage|p2a: Xatu|67/100
|move|p2a: Xatu|U-turn|p1a: Gliscor
|-resisted|p1a: Gliscor
|-damage|p1a: Gliscor|97/100 tox
|
|switch|p2a: Scizor|Scizor, F|78/100|[from]move: U-turn
|
|-weather|Sandstorm|[upkeep]
|-heal|p2a: Scizor|84/100|[from] item: Leftovers
|-heal|p1a: Gliscor|100/100 tox|[from] ability: Poison Heal
|upkeep
|turn|19
|
|move|p1a: Gliscor|Earthquake|p2a: Scizor
|-damage|p2a: Scizor|49/100
|move|p2a: Scizor|Swords Dance|p2a: Scizor
|-boost|p2a: Scizor|atk|2
|
|-weather|Sandstorm|[upkeep]
|-heal|p2a: Scizor|55/100|[from] item: Leftovers
|upkeep
|turn|20
|
|move|p1a: Gliscor|Earthquake|p2a: Scizor
|-damage|p2a: Scizor|25/100
|move|p2a: Scizor|Roost|p2a: Scizor
|-heal|p2a: Scizor|75/100
|-singleturn|p2a: Scizor|move: Roost
|
|-weather|Sandstorm|[upkeep]
|-heal|p2a: Scizor|81/100|[from] item: Leftovers
|-end|p1a: Gliscor|move: Taunt
|upkeep
|turn|21
|
|move|p2a: Scizor|Bullet Punch|p1a: Gliscor
|-damage|p1a: Gliscor|70/100 tox
|move|p1a: Gliscor|Taunt|p2a: Scizor
|-start|p2a: Scizor|move: Taunt
|
|-weather|Sandstorm|[upkeep]
|-heal|p2a: Scizor|87/100|[from] item: Leftovers
|-heal|p1a: Gliscor|82/100 tox|[from] ability: Poison Heal
|upkeep
|turn|22
|
|switch|p2a: Xatu|Xatu, F|67/100
|move|p1a: Gliscor|Earthquake|p2a: Xatu
|-immune|p2a: Xatu
|
|-weather|Sandstorm|[upkeep]
|-damage|p2a: Xatu|61/100|[from] Sandstorm
|-heal|p1a: Gliscor|95/100 tox|[from] ability: Poison Heal
|upkeep
|turn|23
|
|move|p1a: Gliscor|Ice Fang|p2a: Xatu
|-supereffective|p2a: Xatu
|-damage|p2a: Xatu|34/100
|move|p2a: Xatu|Roost|p2a: Xatu
|-heal|p2a: Xatu|84/100
|-singleturn|p2a: Xatu|move: Roost
|
|-weather|Sandstorm|[upkeep]
|-damage|p2a: Xatu|78/100|[from] Sandstorm
|-heal|p1a: Gliscor|100/100 tox|[from] ability: Poison Heal
|upkeep
|turn|24
|
|move|p1a: Gliscor|Ice Fang|p2a: Xatu
|-supereffective|p2a: Xatu
|-damage|p2a: Xatu|51/100
|move|p2a: Xatu|Reflect|p2a: Xatu
|-sidestart|p2: fata lina|Reflect
|
|-weather|Sandstorm|[upkeep]
|-damage|p2a: Xatu|45/100|[from] Sandstorm
|upkeep
|turn|25
|
|move|p1a: Gliscor|Ice Fang|p2a: Xatu
|-supereffective|p2a: Xatu
|-damage|p2a: Xatu|31/100
|move|p2a: Xatu|Roost|p2a: Xatu
|-heal|p2a: Xatu|81/100
|-singleturn|p2a: Xatu|move: Roost
|
|-weather|Sandstorm|[upkeep]
|-damage|p2a: Xatu|75/100|[from] Sandstorm
|upkeep
|turn|26
|
|move|p1a: Gliscor|Ice Fang|p2a: Xatu
|-supereffective|p2a: Xatu
|-damage|p2a: Xatu|63/100
|cant|p2a: Xatu|flinch
|
|-weather|Sandstorm|[upkeep]
|-damage|p2a: Xatu|57/100|[from] Sandstorm
|upkeep
|turn|27
|
|move|p1a: Gliscor|Ice Fang|p2a: Xatu
|-supereffective|p2a: Xatu
|-damage|p2a: Xatu|42/100
|move|p2a: Xatu|Roost|p2a: Xatu
|-heal|p2a: Xatu|92/100
|-singleturn|p2a: Xatu|move: Roost
|
|-weather|Sandstorm|[upkeep]
|-damage|p2a: Xatu|86/100|[from] Sandstorm
|upkeep
|turn|28
|
|move|p1a: Gliscor|Ice Fang|p2a: Xatu
|-supereffective|p2a: Xatu
|-damage|p2a: Xatu|72/100
|move|p2a: Xatu|U-turn|p1a: Gliscor
|-resisted|p1a: Gliscor
|-crit|p1a: Gliscor
|-damage|p1a: Gliscor|94/100 tox
|
|switch|p2a: Landorus|Landorus-Therian, M|100/100|[from]move: U-turn
|-ability|p2a: Landorus|Intimidate|boost
|-unboost|p1a: Gliscor|atk|1
|
|-weather|Sandstorm|[upkeep]
|-heal|p1a: Gliscor|100/100 tox|[from] ability: Poison Heal
|-sideend|p2: fata lina|Reflect
|upkeep
|turn|29
|
|move|p1a: Gliscor|Protect|p1a: Gliscor
|-singleturn|p1a: Gliscor|Protect
|move|p2a: Landorus|U-turn|p1a: Gliscor
|-activate|p1a: Gliscor|move: Protect
|
|-weather|Sandstorm|[upkeep]
|upkeep
|turn|30
|
|move|p2a: Landorus|U-turn|p1a: Gliscor
|-resisted|p1a: Gliscor
|-damage|p1a: Gliscor|92/100 tox
|
|switch|p2a: Celebi|Celebi|94/100|[from]move: U-turn
|-status|p2a: Celebi|psn
|move|p1a: Gliscor|Ice Fang|p2a: Celebi
|-supereffective|p2a: Celebi
|-crit|p2a: Celebi
|-damage|p2a: Celebi|45/100 psn
|
|-weather|Sandstorm|[upkeep]
|-damage|p2a: Celebi|39/100 psn|[from] Sandstorm
|-heal|p2a: Celebi|45/100 psn|[from] item: Leftovers
|-damage|p2a: Celebi|33/100 psn|[from] psn
|-heal|p1a: Gliscor|100/100 tox|[from] ability: Poison Heal
|upkeep
|turn|31
|
|move|p2a: Celebi|Recover|p2a: Celebi
|-heal|p2a: Celebi|83/100 psn
|move|p1a: Gliscor|Taunt|p2a: Celebi
|-start|p2a: Celebi|move: Taunt
|
|-weather|Sandstorm|[upkeep]
|-damage|p2a: Celebi|77/100 psn|[from] Sandstorm
|-heal|p2a: Celebi|83/100 psn|[from] item: Leftovers
|-damage|p2a: Celebi|71/100 psn|[from] psn
|upkeep
|turn|32
|
|move|p1a: Gliscor|Protect|p1a: Gliscor
|-singleturn|p1a: Gliscor|Protect
|move|p2a: Celebi|U-turn|p1a: Gliscor
|-activate|p1a: Gliscor|move: Protect
|
|-weather|Sandstorm|[upkeep]
|-damage|p2a: Celebi|64/100 psn|[from] Sandstorm
|-heal|p2a: Celebi|71/100 psn|[from] item: Leftovers
|-damage|p2a: Celebi|58/100 psn|[from] psn
|upkeep
|turn|33
|
|move|p2a: Celebi|U-turn|p1a: Gliscor
|-resisted|p1a: Gliscor
|-damage|p1a: Gliscor|96/100 tox
|
|switch|p2a: Xatu|Xatu, F|72/100|[from]move: U-turn
|move|p1a: Gliscor|Ice Fang|p2a: Xatu
|-supereffective|p2a: Xatu
|-damage|p2a: Xatu|54/100
|-status|p2a: Xatu|frz
|
|-weather|Sandstorm|[upkeep]
|-damage|p2a: Xatu|48/100 frz|[from] Sandstorm
|-heal|p1a: Gliscor|100/100 tox|[from] ability: Poison Heal
|upkeep
|turn|34
|
|switch|p1a: Kyurem|Kyurem|88/100
|-ability|p1a: Kyurem|Pressure
|switch|p2a: Celebi|Celebi|58/100
|-status|p2a: Celebi|psn
|
|-weather|Sandstorm|[upkeep]
|-damage|p1a: Kyurem|82/100|[from] Sandstorm
|-damage|p2a: Celebi|52/100 psn|[from] Sandstorm
|-heal|p1a: Kyurem|88/100|[from] item: Leftovers
|-heal|p2a: Celebi|58/100 psn|[from] item: Leftovers
|-damage|p2a: Celebi|46/100 psn|[from] psn
|upkeep
|turn|35
|
|-curestatus|p2a: Celebi|psn|[from] ability: Natural Cure
|switch|p2a: Scizor|Scizor, F|87/100
|move|p1a: Kyurem|Ice Beam|p2a: Scizor
|-resisted|p2a: Scizor
|-damage|p2a: Scizor|67/100
|
|-weather|Sandstorm|[upkeep]
|-damage|p1a: Kyurem|82/100|[from] Sandstorm
|-heal|p1a: Kyurem|88/100|[from] item: Leftovers
|-heal|p2a: Scizor|73/100|[from] item: Leftovers
|upkeep
|turn|36
|
|switch|p1a: Gliscor|Gliscor, M|100/100 tox
|move|p2a: Scizor|Roost|p2a: Scizor
|-heal|p2a: Scizor|100/100
|-singleturn|p2a: Scizor|move: Roost
|
|-weather|Sandstorm|[upkeep]
|upkeep
|turn|37
|
|switch|p2a: Landorus|Landorus-Therian, M|100/100
|-ability|p2a: Landorus|Intimidate|boost
|-unboost|p1a: Gliscor|atk|1
|move|p1a: Gliscor|Earthquake|p2a: Landorus
|-immune|p2a: Landorus
|
|-weather|Sandstorm|[upkeep]
|upkeep
|turn|38
|
|switch|p1a: Ferrothorn|Ferrothorn, F|79/100
|move|p2a: Landorus|Hidden Power|p1a: Ferrothorn
|-damage|p1a: Ferrothorn|68/100
|
|-weather|Sandstorm|[upkeep]
|-heal|p1a: Ferrothorn|74/100|[from] item: Leftovers
|upkeep
|turn|39
|
|switch|p2a: Xatu|Xatu, F|48/100 frz
|move|p1a: Ferrothorn|Knock Off|p2a: Xatu
|-supereffective|p2a: Xatu
|-damage|p2a: Xatu|40/100 frz
|
|-weather|Sandstorm|[upkeep]
|-damage|p2a: Xatu|34/100 frz|[from] Sandstorm
|-heal|p1a: Ferrothorn|81/100|[from] item: Leftovers
|upkeep
|turn|40
|
|switch|p1a: Kyurem|Kyurem|88/100
|-ability|p1a: Kyurem|Pressure
|cant|p2a: Xatu|frz
|
|-weather|Sandstorm|[upkeep]
|-damage|p1a: Kyurem|82/100|[from] Sandstorm
|-damage|p2a: Xatu|28/100 frz|[from] Sandstorm
|-heal|p1a: Kyurem|88/100|[from] item: Leftovers
|upkeep
|turn|41
|
|switch|p1a: Gliscor|Gliscor, M|100/100 tox
|switch|p2a: Scizor|Scizor, F|100/100
|
|-weather|Sandstorm|[upkeep]
|upkeep
|turn|42
|
|move|p1a: Gliscor|Taunt|p2a: Scizor
|-start|p2a: Scizor|move: Taunt
|move|p2a: Scizor|U-turn|p1a: Gliscor
|-resisted|p1a: Gliscor
|-damage|p1a: Gliscor|91/100 tox
|
|switch|p2a: Celebi|Celebi|46/100|[from]move: U-turn
|-status|p2a: Celebi|psn
|
|-weather|Sandstorm|[upkeep]
|-damage|p2a: Celebi|40/100 psn|[from] Sandstorm
|-heal|p2a: Celebi|46/100 psn|[from] item: Leftovers
|-damage|p2a: Celebi|33/100 psn|[from] psn
|-heal|p1a: Gliscor|100/100 tox|[from] ability: Poison Heal
|upkeep
|turn|43
|
|move|p2a: Celebi|Recover|p2a: Celebi
|-heal|p2a: Celebi|83/100 psn
|move|p1a: Gliscor|Ice Fang|p2a: Celebi
|-supereffective|p2a: Celebi
|-damage|p2a: Celebi|58/100 psn
|
|-weather|Sandstorm|[upkeep]
|-damage|p2a: Celebi|51/100 psn|[from] Sandstorm
|-heal|p2a: Celebi|58/100 psn|[from] item: Leftovers
|-damage|p2a: Celebi|45/100 psn|[from] psn
|upkeep
|turn|44
|
|move|p2a: Celebi|Recover|p2a: Celebi
|-heal|p2a: Celebi|95/100 psn
|move|p1a: Gliscor|Taunt|p2a: Celebi
|-start|p2a: Celebi|move: Taunt
|
|-weather|Sandstorm|[upkeep]
|-damage|p2a: Celebi|89/100 psn|[from] Sandstorm
|-heal|p2a: Celebi|95/100 psn|[from] item: Leftovers
|-damage|p2a: Celebi|83/100 psn|[from] psn
|upkeep
|turn|45
|
|move|p1a: Gliscor|Protect|p1a: Gliscor
|-singleturn|p1a: Gliscor|Protect
|move|p2a: Celebi|Giga Drain|p1a: Gliscor
|-activate|p1a: Gliscor|move: Protect
|
|-weather|Sandstorm|[upkeep]
|-damage|p2a: Celebi|77/100 psn|[from] Sandstorm
|-heal|p2a: Celebi|83/100 psn|[from] item: Leftovers
|-damage|p2a: Celebi|71/100 psn|[from] psn
|upkeep
|turn|46
|
|move|p2a: Celebi|Giga Drain|p1a: Gliscor
|-damage|p1a: Gliscor|71/100 tox
|-heal|p2a: Celebi|84/100 psn|[from] drain|[of] p1a: Gliscor
|move|p1a: Gliscor|Ice Fang|p2a: Celebi
|-supereffective|p2a: Celebi
|-crit|p2a: Celebi
|-damage|p2a: Celebi|32/100 psn
|
|-weather|Sandstorm|[upkeep]
|-damage|p2a: Celebi|25/100 psn|[from] Sandstorm
|-heal|p2a: Celebi|32/100 psn|[from] item: Leftovers
|-damage|p2a: Celebi|19/100 psn|[from] psn
|-heal|p1a: Gliscor|83/100 tox|[from] ability: Poison Heal
|upkeep
|turn|47
|
|-curestatus|p2a: Celebi|psn|[from] ability: Natural Cure
|switch|p2a: Scizor|Scizor, F|100/100
|switch|p1a: Ferrothorn|Ferrothorn, F|81/100
|
|-weather|Sandstorm|[upkeep]
|-heal|p1a: Ferrothorn|87/100|[from] item: Leftovers
|upkeep
|turn|48
|
|switch|p1a: Gliscor|Gliscor, M|83/100 tox
|move|p2a: Scizor|U-turn|p1a: Gliscor
|-resisted|p1a: Gliscor
|-damage|p1a: Gliscor|75/100 tox
|
|switch|p2a: Keldeo|Keldeo|100/100|[from]move: U-turn
|-status|p2a: Keldeo|psn
|
|-weather|Sandstorm|[upkeep]
|-damage|p2a: Keldeo|94/100 psn|[from] Sandstorm
|-heal|p2a: Keldeo|100/100 psn|[from] item: Leftovers
|-damage|p2a: Keldeo|88/100 psn|[from] psn
|-heal|p1a: Gliscor|87/100 tox|[from] ability: Poison Heal
|upkeep
|turn|49
|inactive|fata lina has 120 seconds left.
|
|move|p1a: Gliscor|Protect|p1a: Gliscor
|-singleturn|p1a: Gliscor|Protect
|move|p2a: Keldeo|Scald|p1a: Gliscor
|-activate|p1a: Gliscor|move: Protect
|
|-weather|Sandstorm|[upkeep]
|-damage|p2a: Keldeo|82/100 psn|[from] Sandstorm
|-heal|p2a: Keldeo|88/100 psn|[from] item: Leftovers
|-damage|p2a: Keldeo|76/100 psn|[from] psn
|-heal|p1a: Gliscor|99/100 tox|[from] ability: Poison Heal
|upkeep
|turn|50
|inactive|fata lina has 120 seconds left.
|
|switch|p1a: Reuniclus|Reuniclus, F|100/100
|move|p2a: Keldeo|Scald|p1a: Reuniclus
|-damage|p1a: Reuniclus|65/100
|
|-weather|Sandstorm|[upkeep]
|-damage|p2a: Keldeo|70/100 psn|[from] Sandstorm
|-heal|p2a: Keldeo|76/100 psn|[from] item: Leftovers
|-damage|p2a: Keldeo|63/100 psn|[from] psn
|upkeep
|turn|51
|
|move|p2a: Keldeo|Scald|p1a: Reuniclus
|-damage|p1a: Reuniclus|28/100
|move|p1a: Reuniclus|Recover|p1a: Reuniclus
|-heal|p1a: Reuniclus|78/100
|
|-weather|Sandstorm|[upkeep]
|-damage|p2a: Keldeo|57/100 psn|[from] Sandstorm
|-heal|p2a: Keldeo|63/100 psn|[from] item: Leftovers
|-damage|p2a: Keldeo|51/100 psn|[from] psn
|upkeep
|turn|52
|
|switch|p2a: Tyranitar|Tyranitar, F|76/100 psn
|move|p1a: Reuniclus|Acid Armor|p1a: Reuniclus
|-boost|p1a: Reuniclus|def|2
|
|-weather|Sandstorm|[upkeep]
|-damage|p2a: Tyranitar|63/100 psn|[from] psn
|upkeep
|turn|53
|
|move|p2a: Tyranitar|Stealth Rock|p1a: Reuniclus
|-sidestart|p1: Invisible Enemy|move: Stealth Rock
|move|p1a: Reuniclus|Recover|p1a: Reuniclus
|-heal|p1a: Reuniclus|100/100
|
|-weather|Sandstorm|[upkeep]
|-damage|p2a: Tyranitar|51/100 psn|[from] psn
|upkeep
|turn|54
|
|switch|p2a: Scizor|Scizor, F|100/100
|move|p1a: Reuniclus|Calm Mind|p1a: Reuniclus
|-boost|p1a: Reuniclus|spa|1
|-boost|p1a: Reuniclus|spd|1
|
|-weather|Sandstorm|[upkeep]
|upkeep
|turn|55
|
|move|p2a: Scizor|Swords Dance|p2a: Scizor
|-boost|p2a: Scizor|atk|2
|move|p1a: Reuniclus|Acid Armor|p1a: Reuniclus
|-boost|p1a: Reuniclus|def|2
|
|-weather|Sandstorm|[upkeep]
|upkeep
|turn|56
|
|move|p2a: Scizor|Swords Dance|p2a: Scizor
|-boost|p2a: Scizor|atk|2
|move|p1a: Reuniclus|Acid Armor|p1a: Reuniclus
|-boost|p1a: Reuniclus|def|2
|
|-weather|Sandstorm|[upkeep]
|upkeep
|turn|57
|
|move|p2a: Scizor|Swords Dance|p2a: Scizor
|-boost|p2a: Scizor|atk|2
|move|p1a: Reuniclus|Calm Mind|p1a: Reuniclus
|-boost|p1a: Reuniclus|spa|1
|-boost|p1a: Reuniclus|spd|1
|
|-weather|Sandstorm|[upkeep]
|upkeep
|turn|58
|
|move|p2a: Scizor|Bullet Punch|p1a: Reuniclus
|-damage|p1a: Reuniclus|84/100
|-damage|p2a: Scizor|84/100|[from] item: Rocky Helmet|[of] p1a: Reuniclus
|move|p1a: Reuniclus|Recover|p1a: Reuniclus
|-heal|p1a: Reuniclus|100/100
|
|-weather|Sandstorm|[upkeep]
|-heal|p2a: Scizor|90/100|[from] item: Leftovers
|upkeep
|turn|59
|
|move|p2a: Scizor|Bullet Punch|p1a: Reuniclus
|-damage|p1a: Reuniclus|82/100
|-damage|p2a: Scizor|73/100|[from] item: Rocky Helmet|[of] p1a: Reuniclus
|move|p1a: Reuniclus|Calm Mind|p1a: Reuniclus
|-boost|p1a: Reuniclus|spa|1
|-boost|p1a: Reuniclus|spd|1
|
|-weather|Sandstorm|[upkeep]
|-heal|p2a: Scizor|80/100|[from] item: Leftovers
|upkeep
|turn|60
|
|move|p2a: Scizor|Bullet Punch|p1a: Reuniclus
|-damage|p1a: Reuniclus|63/100
|-damage|p2a: Scizor|63/100|[from] item: Rocky Helmet|[of] p1a: Reuniclus
|move|p1a: Reuniclus|Psychic|p2a: Scizor
|-resisted|p2a: Scizor
|-damage|p2a: Scizor|23/100
|
|-weather|Sandstorm|[upkeep]
|-heal|p2a: Scizor|29/100|[from] item: Leftovers
|upkeep
|turn|61
|
|move|p2a: Scizor|Roost|p2a: Scizor
|-heal|p2a: Scizor|80/100
|-singleturn|p2a: Scizor|move: Roost
|move|p1a: Reuniclus|Recover|p1a: Reuniclus
|-heal|p1a: Reuniclus|100/100
|
|-weather|Sandstorm|[upkeep]
|-heal|p2a: Scizor|86/100|[from] item: Leftovers
|upkeep
|turn|62
|
|move|p2a: Scizor|Bullet Punch|p1a: Reuniclus
|-damage|p1a: Reuniclus|82/100
|-damage|p2a: Scizor|69/100|[from] item: Rocky Helmet|[of] p1a: Reuniclus
|move|p1a: Reuniclus|Psychic|p2a: Scizor
|-resisted|p2a: Scizor
|-damage|p2a: Scizor|31/100
|
|-weather|Sandstorm|[upkeep]
|-heal|p2a: Scizor|38/100|[from] item: Leftovers
|upkeep
|turn|63
|
|move|p2a: Scizor|Roost|p2a: Scizor
|-heal|p2a: Scizor|88/100
|-singleturn|p2a: Scizor|move: Roost
|move|p1a: Reuniclus|Calm Mind|p1a: Reuniclus
|-boost|p1a: Reuniclus|spa|1
|-boost|p1a: Reuniclus|spd|1
|
|-weather|Sandstorm|[upkeep]
|-heal|p2a: Scizor|94/100|[from] item: Leftovers
|upkeep
|turn|64
|
|move|p2a: Scizor|Bullet Punch|p1a: Reuniclus
|-damage|p1a: Reuniclus|63/100
|-damage|p2a: Scizor|77/100|[from] item: Rocky Helmet|[of] p1a: Reuniclus
|move|p1a: Reuniclus|Psychic|p2a: Scizor
|-resisted|p2a: Scizor
|-damage|p2a: Scizor|29/100
|
|-weather|Sandstorm|[upkeep]
|-heal|p2a: Scizor|35/100|[from] item: Leftovers
|upkeep
|turn|65
|
|move|p2a: Scizor|Roost|p2a: Scizor
|-heal|p2a: Scizor|85/100
|-singleturn|p2a: Scizor|move: Roost
|move|p1a: Reuniclus|Psychic|p2a: Scizor
|-resisted|p2a: Scizor
|-damage|p2a: Scizor|39/100
|
|-weather|Sandstorm|[upkeep]
|-heal|p2a: Scizor|45/100|[from] item: Leftovers
|upkeep
|turn|66
|
|move|p2a: Scizor|Roost|p2a: Scizor
|-heal|p2a: Scizor|96/100
|-singleturn|p2a: Scizor|move: Roost
|move|p1a: Reuniclus|Psychic|p2a: Scizor
|-resisted|p2a: Scizor
|-damage|p2a: Scizor|49/100
|
|-weather|Sandstorm|[upkeep]
|-heal|p2a: Scizor|55/100|[from] item: Leftovers
|upkeep
|turn|67
|
|move|p2a: Scizor|Roost|p2a: Scizor
|-heal|p2a: Scizor|100/100
|-singleturn|p2a: Scizor|move: Roost
|move|p1a: Reuniclus|Psychic|p2a: Scizor
|-resisted|p2a: Scizor
|-damage|p2a: Scizor|56/100
|-unboost|p2a: Scizor|spd|1
|
|-weather|Sandstorm|[upkeep]
|-heal|p2a: Scizor|63/100|[from] item: Leftovers
|upkeep
|turn|68
|
|move|p2a: Scizor|U-turn|p1a: Reuniclus
|-supereffective|p1a: Reuniclus
|-damage|p1a: Reuniclus|21/100
|-damage|p2a: Scizor|46/100|[from] item: Rocky Helmet|[of] p1a: Reuniclus
|
|switch|p2a: Tyranitar|Tyranitar, F|51/100 psn|[from]move: U-turn
|move|p1a: Reuniclus|Recover|p1a: Reuniclus
|-heal|p1a: Reuniclus|71/100
|
|-weather|Sandstorm|[upkeep]
|-damage|p2a: Tyranitar|39/100 psn|[from] psn
|upkeep
|turn|69
|
|move|p2a: Tyranitar|Crunch|p1a: Reuniclus
|-supereffective|p1a: Reuniclus
|-damage|p1a: Reuniclus|58/100
|-damage|p2a: Tyranitar|22/100 psn|[from] item: Rocky Helmet|[of] p1a: Reuniclus
|-unboost|p1a: Reuniclus|def|1
|move|p1a: Reuniclus|Recover|p1a: Reuniclus
|-heal|p1a: Reuniclus|100/100
|
|-weather|Sandstorm|[upkeep]
|-damage|p2a: Tyranitar|10/100 psn|[from] psn
|upkeep
|turn|70
|
|move|p2a: Tyranitar|Crunch|p1a: Reuniclus
|-supereffective|p1a: Reuniclus
|-damage|p1a: Reuniclus|84/100
|-damage|p2a: Tyranitar|0 fnt|[from] item: Rocky Helmet|[of] p1a: Reuniclus
|faint|p2a: Tyranitar
|move|p1a: Reuniclus|Recover|p1a: Reuniclus
|-heal|p1a: Reuniclus|100/100
|
|-weather|Sandstorm|[upkeep]
|upkeep
|
|switch|p2a: Scizor|Scizor, F|46/100
|turn|71
|
|move|p2a: Scizor|Roost|p2a: Scizor
|-heal|p2a: Scizor|96/100
|-singleturn|p2a: Scizor|move: Roost
|move|p1a: Reuniclus|Psychic|p2a: Scizor
|-resisted|p2a: Scizor
|-crit|p2a: Scizor
|-damage|p2a: Scizor|0 fnt
|faint|p2a: Scizor
|
|-weather|Sandstorm|[upkeep]
|upkeep
|-message|fata lina forfeited.
|
|win|Invisible Enemy
|l|☆fata lina
|raw|Invisible Enemy's rating: 1568 &rarr; <strong>1579</strong><br />(+11 for winning)
|raw|fata lina's rating: 1411 &rarr; <strong>1399</strong><br />(-12 for losing)
