|j|☆AstroMigui
|j|☆HANMA JACK
|t:|1735136184
|gametype|singles
|player|p1|AstroMigui|hoopster|1332
|player|p2|HANMA JACK|169|1572
|teamsize|p1|6
|teamsize|p2|6
|gen|5
|tier|[Gen 5] OU
|rated|
|rule|Species Clause: Limit one of each Pokémon
|rule|OHKO Clause: OHKO moves are banned
|rule|Moody Clause: Moody is banned
|rule|Evasion Items Clause: Evasion items are banned
|rule|Evasion Moves Clause: Evasion moves are banned
|rule|Endless Battle Clause: Forcing endless battles is banned
|rule|HP Percentage Mod: HP is shown in percentages
|rule|Evasion Abilities Clause: Evasion abilities are banned
|rule|Sleep Moves Clause: Sleep-inducing moves are banned
|rule|Swagger Clause: Swagger is banned
|rule|Baton Pass Stat Clause: No Baton Passer may have a way to boost its stats
|clearpoke
|poke|p1|Abomasnow, F|item
|poke|p1|Kyurem-Black|item
|poke|p1|Latios, M|item
|poke|p1|Excadrill, F|item
|poke|p1|Reuniclus, F|item
|poke|p1|Ferrothorn, M|item
|poke|p2|Abomasnow, F|item
|poke|p2|Blissey, F|item
|poke|p2|Forretress, M|item
|poke|p2|Gastrodon, M|item
|poke|p2|Kyurem|item
|poke|p2|Mandibuzz, F|item
|teampreview
|c|☆HANMA JACK|gl hf
|
|t:|1735136206
|start
|switch|p1a: Excadrill|Excadrill, F|100/100
|switch|p2a: Forretress|Forretress, M|100/100
|-ability|p1a: Excadrill|Mold Breaker
|-item|p1a: Excadrill|Air Balloon
|turn|1
|
|t:|1735136211
|move|p1a: Excadrill|Swords Dance|p1a: Excadrill
|-boost|p1a: Excadrill|atk|2
|move|p2a: Forretress|Gyro Ball|p1a: Excadrill
|-resisted|p1a: Excadrill
|-damage|p1a: Excadrill|80/100
|-enditem|p1a: Excadrill|Air Balloon
|
|upkeep
|turn|2
|
|t:|1735136218
|move|p1a: Excadrill|Earthquake|p2a: Forretress
|-damage|p2a: Forretress|37/100
|move|p2a: Forretress|Earthquake|p1a: Excadrill
|-supereffective|p1a: Excadrill
|-damage|p1a: Excadrill|24/100
|
|-heal|p2a: Forretress|43/100|[from] item: Leftovers
|upkeep
|turn|3
|
|t:|1735136234
|switch|p2a: Abomasnow|Abomasnow, F|100/100
|-weather|Hail|[from] ability: Snow Warning|[of] p2a: Abomasnow
|move|p1a: Excadrill|Earthquake|p2a: Abomasnow
|-resisted|p2a: Abomasnow
|-damage|p2a: Abomasnow|30/100
|
|-weather|Hail|[upkeep]
|-damage|p1a: Excadrill|18/100|[from] Hail
|upkeep
|turn|4
|
|t:|1735136240
|move|p1a: Excadrill|Iron Head|p2a: Abomasnow
|-supereffective|p2a: Abomasnow
|-damage|p2a: Abomasnow|0 fnt
|faint|p2a: Abomasnow
|
|-weather|Hail|[upkeep]
|-damage|p1a: Excadrill|12/100|[from] Hail
|upkeep
|
|t:|1735136248
|switch|p2a: Kyurem|Kyurem|100/100
|-ability|p2a: Kyurem|Pressure
|turn|5
|
|t:|1735136251
|move|p2a: Kyurem|Blizzard|p1a: Excadrill
|-damage|p1a: Excadrill|0 fnt
|faint|p1a: Excadrill
|
|-weather|Hail|[upkeep]
|upkeep
|
|t:|1735136259
|switch|p1a: Latios|Latios, M|100/100
|turn|6
|
|t:|1735136270
|switch|p2a: Gastrodon|Gastrodon, M|100/100
|move|p1a: Latios|Psyshock|p2a: Gastrodon
|-damage|p2a: Gastrodon|67/100
|
|-weather|Hail|[upkeep]
|-damage|p1a: Latios|95/100|[from] Hail
|-damage|p2a: Gastrodon|61/100|[from] Hail
|-heal|p2a: Gastrodon|67/100|[from] item: Leftovers
|upkeep
|turn|7
|
|t:|1735136294
|switch|p1a: Ferrothorn|Ferrothorn, M|100/100
|move|p2a: Gastrodon|Recover|p2a: Gastrodon
|-heal|p2a: Gastrodon|100/100
|
|-weather|Hail|[upkeep]
|-damage|p2a: Gastrodon|94/100|[from] Hail
|-damage|p1a: Ferrothorn|94/100|[from] Hail
|-heal|p2a: Gastrodon|100/100|[from] item: Leftovers
|-heal|p1a: Ferrothorn|100/100|[from] item: Leftovers
|upkeep
|turn|8
|
|t:|1735136300
|switch|p2a: Forretress|Forretress, M|43/100
|move|p1a: Ferrothorn|Stealth Rock|p2a: Forretress
|-sidestart|p2: HANMA JACK|move: Stealth Rock
|
|-weather|Hail|[upkeep]
|-damage|p1a: Ferrothorn|94/100|[from] Hail
|-heal|p2a: Forretress|49/100|[from] item: Leftovers
|-heal|p1a: Ferrothorn|100/100|[from] item: Leftovers
|upkeep
|turn|9
|
|t:|1735136304
|move|p2a: Forretress|Spikes|p1a: Ferrothorn
|-sidestart|p1: AstroMigui|Spikes
|move|p1a: Ferrothorn|Knock Off|p2a: Forretress
|-resisted|p2a: Forretress
|-damage|p2a: Forretress|48/100
|-enditem|p2a: Forretress|Leftovers|[from] move: Knock Off|[of] p1a: Ferrothorn
|
|-weather|Hail|[upkeep]
|-damage|p1a: Ferrothorn|94/100|[from] Hail
|-heal|p1a: Ferrothorn|100/100|[from] item: Leftovers
|upkeep
|turn|10
|
|t:|1735136310
|move|p2a: Forretress|Rapid Spin|p1a: Ferrothorn
|-resisted|p1a: Ferrothorn
|-damage|p1a: Ferrothorn|99/100
|-damage|p2a: Forretress|36/100|[from] ability: Iron Barbs|[of] p1a: Ferrothorn
|-sideend|p2: HANMA JACK|Stealth Rock|[from] move: Rapid Spin|[of] p2a: Forretress
|move|p1a: Ferrothorn|Spikes|p2a: Forretress
|-sidestart|p2: HANMA JACK|Spikes
|
|-weather|Hail|[upkeep]
|-damage|p1a: Ferrothorn|93/100|[from] Hail
|-heal|p1a: Ferrothorn|99/100|[from] item: Leftovers
|upkeep
|turn|11
|
|t:|1735136314
|move|p1a: Ferrothorn|Stealth Rock|p2a: Forretress
|-sidestart|p2: HANMA JACK|move: Stealth Rock
|move|p2a: Forretress|Spikes|p1a: Ferrothorn
|-sidestart|p1: AstroMigui|Spikes
|
|-weather|Hail|[upkeep]
|-damage|p1a: Ferrothorn|93/100|[from] Hail
|-heal|p1a: Ferrothorn|99/100|[from] item: Leftovers
|upkeep
|turn|12
|
|t:|1735136323
|move|p2a: Forretress|Rapid Spin|p1a: Ferrothorn
|-resisted|p1a: Ferrothorn
|-damage|p1a: Ferrothorn|97/100
|-damage|p2a: Forretress|23/100|[from] ability: Iron Barbs|[of] p1a: Ferrothorn
|-sideend|p2: HANMA JACK|Spikes|[from] move: Rapid Spin|[of] p2a: Forretress
|-sideend|p2: HANMA JACK|Stealth Rock|[from] move: Rapid Spin|[of] p2a: Forretress
|move|p1a: Ferrothorn|Power Whip|p2a: Forretress
|-resisted|p2a: Forretress
|-damage|p2a: Forretress|17/100
|
|-weather|Hail|[upkeep]
|-damage|p1a: Ferrothorn|91/100|[from] Hail
|-heal|p1a: Ferrothorn|97/100|[from] item: Leftovers
|upkeep
|turn|13
|
|t:|1735136329
|switch|p2a: Mandibuzz|Mandibuzz, F|100/100
|move|p1a: Ferrothorn|Stealth Rock|p2a: Mandibuzz
|-sidestart|p2: HANMA JACK|move: Stealth Rock
|
|-weather|Hail|[upkeep]
|-damage|p1a: Ferrothorn|91/100|[from] Hail
|-heal|p1a: Ferrothorn|97/100|[from] item: Leftovers
|upkeep
|turn|14
|
|t:|1735136336
|move|p2a: Mandibuzz|Heat Wave|p1a: Ferrothorn
|-supereffective|p1a: Ferrothorn
|-damage|p1a: Ferrothorn|42/100
|move|p1a: Ferrothorn|Spikes|p2a: Mandibuzz
|-sidestart|p2: HANMA JACK|Spikes
|
|-weather|Hail|[upkeep]
|-damage|p1a: Ferrothorn|35/100|[from] Hail
|-heal|p1a: Ferrothorn|42/100|[from] item: Leftovers
|upkeep
|turn|15
|
|t:|1735136348
|move|p2a: Mandibuzz|Heat Wave|p1a: Ferrothorn
|-supereffective|p1a: Ferrothorn
|-damage|p1a: Ferrothorn|0 fnt
|faint|p1a: Ferrothorn
|
|-weather|Hail|[upkeep]
|upkeep
|
|t:|1735136360
|switch|p1a: Kyurem|Kyurem-Black|100/100
|-damage|p1a: Kyurem|84/100|[from] Spikes
|-ability|p1a: Kyurem|Teravolt
|turn|16
|
|t:|1735136366
|switch|p2a: Forretress|Forretress, M|17/100
|-damage|p2a: Forretress|5/100|[from] Stealth Rock
|-damage|p2a: Forretress|0 fnt|[from] Spikes
|faint|p2a: Forretress
|move|p1a: Kyurem|Blizzard|p2: Forretress|[notarget]
|-fail|p1a: Kyurem
|
|-weather|Hail|[upkeep]
|upkeep
|
|t:|1735136383
|switch|p2a: Blissey|Blissey, F|100/100
|-damage|p2a: Blissey|88/100|[from] Stealth Rock
|-damage|p2a: Blissey|76/100|[from] Spikes
|turn|17
|
|t:|1735136393
|switch|p1a: Reuniclus|Reuniclus, F|100/100
|move|p2a: Blissey|Stealth Rock|p1a: Reuniclus
|-sidestart|p1: AstroMigui|move: Stealth Rock
|
|-weather|Hail|[upkeep]
|-damage|p2a: Blissey|69/100|[from] Hail
|-heal|p2a: Blissey|76/100|[from] item: Leftovers
|upkeep
|turn|18
|
|t:|1735136408
|switch|p2a: Mandibuzz|Mandibuzz, F|100/100
|-damage|p2a: Mandibuzz|76/100|[from] Stealth Rock
|move|p1a: Reuniclus|Calm Mind|p1a: Reuniclus
|-boost|p1a: Reuniclus|spa|1
|-boost|p1a: Reuniclus|spd|1
|
|-weather|Hail|[upkeep]
|-heal|p2a: Mandibuzz|82/100|[from] item: Leftovers
|upkeep
|turn|19
|
|t:|1735136414
|move|p2a: Mandibuzz|Snarl|p1a: Reuniclus
|-supereffective|p1a: Reuniclus
|-damage|p1a: Reuniclus|79/100
|-unboost|p1a: Reuniclus|spa|1
|move|p1a: Reuniclus|Focus Blast|p2a: Mandibuzz
|-damage|p2a: Mandibuzz|50/100
|
|-weather|Hail|[upkeep]
|-heal|p2a: Mandibuzz|56/100|[from] item: Leftovers
|-heal|p1a: Reuniclus|85/100|[from] item: Leftovers
|upkeep
|turn|20
|
|t:|1735136424
|move|p2a: Mandibuzz|Snarl|p1a: Reuniclus
|-supereffective|p1a: Reuniclus
|-crit|p1a: Reuniclus
|-damage|p1a: Reuniclus|23/100
|-unboost|p1a: Reuniclus|spa|1
|move|p1a: Reuniclus|Focus Blast|p2a: Mandibuzz
|-damage|p2a: Mandibuzz|34/100
|
|-weather|Hail|[upkeep]
|-heal|p2a: Mandibuzz|40/100|[from] item: Leftovers
|-heal|p1a: Reuniclus|29/100|[from] item: Leftovers
|upkeep
|turn|21
|
|t:|1735136434
|move|p2a: Mandibuzz|Taunt|p1a: Reuniclus
|-start|p1a: Reuniclus|move: Taunt
|cant|p1a: Reuniclus|move: Taunt|Recover
|
|-weather|Hail|[upkeep]
|-heal|p2a: Mandibuzz|46/100|[from] item: Leftovers
|-heal|p1a: Reuniclus|35/100|[from] item: Leftovers
|upkeep
|turn|22
|
|t:|1735136452
|switch|p1a: Abomasnow|Abomasnow, F|100/100
|-damage|p1a: Abomasnow|84/100|[from] Spikes
|-damage|p1a: Abomasnow|59/100|[from] Stealth Rock
|move|p2a: Mandibuzz|Roost|p2a: Mandibuzz
|-heal|p2a: Mandibuzz|97/100
|-singleturn|p2a: Mandibuzz|move: Roost
|
|-weather|Hail|[upkeep]
|-heal|p2a: Mandibuzz|100/100|[from] item: Leftovers
|upkeep
|turn|23
|
|t:|1735136461
|switch|p1a: Latios|Latios, M|95/100
|-damage|p1a: Latios|82/100|[from] Stealth Rock
|move|p2a: Mandibuzz|Heat Wave|p1a: Latios
|-resisted|p1a: Latios
|-damage|p1a: Latios|72/100
|
|-weather|Hail|[upkeep]
|-damage|p1a: Latios|66/100|[from] Hail
|upkeep
|turn|24
|
|t:|1735136470
|switch|p2a: Gastrodon|Gastrodon, M|100/100
|-damage|p2a: Gastrodon|94/100|[from] Stealth Rock
|-damage|p2a: Gastrodon|82/100|[from] Spikes
|move|p1a: Latios|Draco Meteor|p2a: Gastrodon
|-damage|p2a: Gastrodon|13/100
|-unboost|p1a: Latios|spa|2
|
|-weather|Hail|[upkeep]
|-damage|p1a: Latios|60/100|[from] Hail
|-damage|p2a: Gastrodon|7/100|[from] Hail
|-heal|p2a: Gastrodon|13/100|[from] item: Leftovers
|upkeep
|turn|25
|
|t:|1735136474
|move|p1a: Latios|Draco Meteor|p2a: Gastrodon|[miss]
|-miss|p1a: Latios|p2a: Gastrodon
|move|p2a: Gastrodon|Ice Beam|p1a: Latios
|-supereffective|p1a: Latios
|-damage|p1a: Latios|16/100
|
|-weather|Hail|[upkeep]
|-damage|p1a: Latios|10/100|[from] Hail
|-damage|p2a: Gastrodon|7/100|[from] Hail
|-heal|p2a: Gastrodon|13/100|[from] item: Leftovers
|upkeep
|turn|26
|
|t:|1735136478
|move|p1a: Latios|Draco Meteor|p2a: Gastrodon
|-damage|p2a: Gastrodon|0 fnt
|-unboost|p1a: Latios|spa|2
|faint|p2a: Gastrodon
|
|-weather|Hail|[upkeep]
|-damage|p1a: Latios|4/100|[from] Hail
|upkeep
|
|t:|1735136481
|switch|p2a: Blissey|Blissey, F|76/100
|-damage|p2a: Blissey|63/100|[from] Stealth Rock
|-damage|p2a: Blissey|51/100|[from] Spikes
|turn|27
|
|t:|1735136484
|move|p1a: Latios|Draco Meteor|p2a: Blissey
|-damage|p2a: Blissey|43/100
|-unboost|p1a: Latios|spa|2
|move|p2a: Blissey|Soft-Boiled|p2a: Blissey
|-heal|p2a: Blissey|93/100
|
|-weather|Hail|[upkeep]
|-damage|p1a: Latios|0 fnt|[from] Hail
|-damage|p2a: Blissey|87/100|[from] Hail
|faint|p1a: Latios
|-heal|p2a: Blissey|93/100|[from] item: Leftovers
|upkeep
|
|t:|1735136494
|switch|p1a: Abomasnow|Abomasnow, F|59/100
|-damage|p1a: Abomasnow|43/100|[from] Spikes
|-damage|p1a: Abomasnow|18/100|[from] Stealth Rock
|turn|28
|
|t:|1735136505
|-singleturn|p1a: Abomasnow|move: Focus Punch
|move|p2a: Blissey|Seismic Toss|p1a: Abomasnow
|-damage|p1a: Abomasnow|0 fnt
|faint|p1a: Abomasnow
|
|-weather|Hail|[upkeep]
|-damage|p2a: Blissey|87/100|[from] Hail
|-heal|p2a: Blissey|93/100|[from] item: Leftovers
|upkeep
|
|t:|1735136515
|switch|p1a: Kyurem|Kyurem-Black|84/100
|-damage|p1a: Kyurem|67/100|[from] Spikes
|-damage|p1a: Kyurem|42/100|[from] Stealth Rock
|-ability|p1a: Kyurem|Teravolt
|turn|29
|
|t:|1735136519
|move|p1a: Kyurem|Outrage|p2a: Blissey
|-damage|p2a: Blissey|21/100
|move|p2a: Blissey|Seismic Toss|p1a: Kyurem
|-damage|p1a: Kyurem|17/100
|
|-weather|Hail|[upkeep]
|-damage|p2a: Blissey|15/100|[from] Hail
|-heal|p2a: Blissey|21/100|[from] item: Leftovers
|upkeep
|turn|30
|
|t:|1735136529
|move|p1a: Kyurem|Outrage|p2a: Blissey|[from]lockedmove
|-damage|p2a: Blissey|0 fnt
|faint|p2a: Blissey
|-start|p1a: Kyurem|confusion|[fatigue]
|
|-weather|Hail|[upkeep]
|upkeep
|
|t:|1735136531
|switch|p2a: Kyurem|Kyurem|100/100
|-damage|p2a: Kyurem|76/100|[from] Stealth Rock
|-damage|p2a: Kyurem|63/100|[from] Spikes
|-ability|p2a: Kyurem|Pressure
|turn|31
|
|t:|1735136536
|-activate|p1a: Kyurem|confusion
|-damage|p1a: Kyurem|0 fnt|[from] confusion
|faint|p1a: Kyurem
|move|p2a: Kyurem|Dragon Pulse|p1: Kyurem|[notarget]
|-fail|p2a: Kyurem
|
|-weather|Hail|[upkeep]
|upkeep
|
|t:|1735136540
|switch|p1a: Reuniclus|Reuniclus, F|35/100
|turn|32
|c|☆AstroMigui|gg
|
|t:|1735136544
|move|p2a: Kyurem|Dragon Pulse|p1a: Reuniclus
|-damage|p1a: Reuniclus|0 fnt
|faint|p1a: Reuniclus
|
|win|HANMA JACK
|raw|AstroMigui's rating: 1332 &rarr; <strong>1324</strong><br />(-8 for losing)
|raw|HANMA JACK's rating: 1572 &rarr; <strong>1580</strong><br />(+8 for winning)
|c|☆HANMA JACK|gg
|l|☆AstroMigui
|player|p1|
