|j|☆Tokantolov
|j|☆t04ster
|t:|1597710396
|player|p1|Tokantolov|170|1253
|player|p2|t04ster|gentleman-gen2|1314
|teamsize|p1|6
|teamsize|p2|6
|gametype|singles
|gen|5
|tier|[Gen 5] OU
|rated|
|clearpoke
|poke|p1|Gastrodon, F|item
|poke|p1|Heatran, F|item
|poke|p1|Landorus-Therian, M|item
|poke|p1|Skarmory, M|item
|poke|p1|Gengar, F|item
|poke|p1|Latios, M|item
|poke|p2|Politoed, F|item
|poke|p2|Bronzong|item
|poke|p2|Gliscor, F|item
|poke|p2|Tentacruel, F|item
|poke|p2|Keldeo|item
|poke|p2|Tornadus, M|item
|rule|Species Clause: Limit one of each Pokémon
|rule|OHKO Clause: OHKO moves are banned
|rule|Moody Clause: Moody is banned
|rule|Evasion Moves Clause: Evasion moves are banned
|rule|Endless Battle Clause: Forcing endless battles is banned
|rule|HP Percentage Mod: HP is shown in percentages
|rule|Evasion Abilities Clause: Evasion abilities are banned
|rule|Baton Pass Clause: Limit one Baton Passer, can't pass Spe and other stats simultaneously
|rule|Sleep Clause: Sleep-inducing moves are banned
|rule|Swagger Clause: Swagger is banned
|teampreview
|inactive|Battle timer is ON: inactive players will automatically lose when time's up. (requested by Tokantolov)
|j| Blackballzz
|
|t:|1597710425
|start
|switch|p1a: Landorus|Landorus-Therian, M|100/100
|switch|p2a: Bronzong|Bronzong|100/100
|-ability|p1a: Landorus|Intimidate|boost
|-unboost|p2a: Bronzong|atk|1
|turn|1
|
|t:|1597710435
|move|p1a: Landorus|Superpower|p2a: Bronzong
|-damage|p2a: Bronzong|54/100
|-unboost|p1a: Landorus|atk|1
|-unboost|p1a: Landorus|def|1
|move|p2a: Bronzong|Stealth Rock|p1a: Landorus
|-sidestart|p1: Tokantolov|move: Stealth Rock
|
|-heal|p2a: Bronzong|60/100|[from] item: Leftovers
|upkeep
|turn|2
|
|t:|1597710447
|switch|p1a: Skarmory|Skarmory, M|100/100
|-damage|p1a: Skarmory|88/100|[from] Stealth Rock
|move|p2a: Bronzong|Toxic|p1a: Skarmory
|-immune|p1a: Skarmory
|
|-heal|p2a: Bronzong|66/100|[from] item: Leftovers
|upkeep
|turn|3
|
|t:|1597710456
|switch|p2a: Politoed|Politoed, F|100/100
|-weather|RainDance|[from] ability: Drizzle|[of] p2a: Politoed
|move|p1a: Skarmory|Spikes|p2a: Politoed
|-sidestart|p2: t04ster|Spikes
|
|-weather|RainDance|[upkeep]
|upkeep
|turn|4
|
|t:|1597710468
|switch|p1a: Gastrodon|Gastrodon, F|100/100
|-damage|p1a: Gastrodon|94/100|[from] Stealth Rock
|move|p2a: Politoed|Ice Beam|p1a: Gastrodon
|-damage|p1a: Gastrodon|81/100
|
|-weather|RainDance|[upkeep]
|-heal|p1a: Gastrodon|88/100|[from] item: Leftovers
|upkeep
|turn|5
|
|t:|1597710478
|switch|p2a: Gliscor|Gliscor, F|100/100
|move|p1a: Gastrodon|Toxic|p2a: Gliscor|[miss]
|-miss|p1a: Gastrodon|p2a: Gliscor
|
|-weather|RainDance|[upkeep]
|-heal|p1a: Gastrodon|94/100|[from] item: Leftovers
|-status|p2a: Gliscor|tox|[from] item: Toxic Orb
|upkeep
|turn|6
|
|t:|1597710488
|move|p2a: Gliscor|Substitute|p2a: Gliscor
|-start|p2a: Gliscor|Substitute
|-damage|p2a: Gliscor|75/100 tox
|move|p1a: Gastrodon|Scald|p2a: Gliscor
|-supereffective|p2a: Gliscor
|-end|p2a: Gliscor|Substitute
|
|-weather|RainDance|[upkeep]
|-heal|p1a: Gastrodon|99/100|[from] item: Leftovers
|-heal|p2a: Gliscor|88/100 tox|[from] ability: Poison Heal
|upkeep
|turn|7
|
|t:|1597710501
|switch|p2a: Keldeo|Keldeo|100/100
|-damage|p2a: Keldeo|88/100|[from] Spikes
|move|p1a: Gastrodon|Scald|p2a: Keldeo
|-resisted|p2a: Keldeo
|-damage|p2a: Keldeo|65/100
|
|-weather|RainDance|[upkeep]
|-heal|p1a: Gastrodon|100/100|[from] item: Leftovers
|upkeep
|turn|8
|
|t:|1597710513
|move|p2a: Keldeo|Secret Sword|p1a: Gastrodon
|-damage|p1a: Gastrodon|26/100
|move|p1a: Gastrodon|Toxic|p2a: Keldeo
|-status|p2a: Keldeo|tox
|
|-weather|RainDance|[upkeep]
|-heal|p1a: Gastrodon|32/100|[from] item: Leftovers
|-damage|p2a: Keldeo|59/100 tox|[from] psn
|upkeep
|turn|9
|
|t:|1597710536
|switch|p2a: Tornadus|Tornadus, M|100/100
|switch|p1a: Skarmory|Skarmory, M|88/100
|-damage|p1a: Skarmory|76/100|[from] Stealth Rock
|
|-weather|RainDance|[upkeep]
|upkeep
|turn|10
|
|t:|1597710549
|move|p2a: Tornadus|U-turn|p1a: Skarmory
|-resisted|p1a: Skarmory
|-damage|p1a: Skarmory|74/100
|-damage|p2a: Tornadus|84/100|[from] item: Rocky Helmet|[of] p1a: Skarmory
|
|t:|1597710556
|switch|p2a: Tentacruel|Tentacruel, F|100/100|[from]move: U-turn
|-damage|p2a: Tentacruel|88/100|[from] Spikes
|move|p1a: Skarmory|Brave Bird|p2a: Tentacruel
|-damage|p2a: Tentacruel|49/100
|-damage|p1a: Skarmory|59/100|[from] Recoil
|
|-weather|RainDance|[upkeep]
|-heal|p2a: Tentacruel|55/100|[from] ability: Rain Dish
|-heal|p2a: Tentacruel|61/100|[from] item: Black Sludge
|upkeep
|turn|11
|
|t:|1597710571
|move|p2a: Tentacruel|Scald|p1a: Skarmory
|-damage|p1a: Skarmory|10/100
|-status|p1a: Skarmory|brn
|move|p1a: Skarmory|Spikes|p2a: Tentacruel
|-sidestart|p2: t04ster|Spikes
|
|-weather|RainDance|[upkeep]
|-heal|p2a: Tentacruel|68/100|[from] ability: Rain Dish
|-heal|p2a: Tentacruel|74/100|[from] item: Black Sludge
|-damage|p1a: Skarmory|0 fnt|[from] brn
|faint|p1a: Skarmory
|upkeep
|
|t:|1597710584
|switch|p1a: Gengar|Gengar, F|100/100
|-damage|p1a: Gengar|88/100|[from] Stealth Rock
|turn|12
|
|t:|1597710593
|move|p1a: Gengar|Disable|p2a: Tentacruel
|-start|p2a: Tentacruel|Disable|Scald
|cant|p2a: Tentacruel|Disable|Scald
|
|-weather|RainDance|[upkeep]
|-heal|p2a: Tentacruel|80/100|[from] ability: Rain Dish
|-heal|p1a: Gengar|94/100|[from] item: Black Sludge
|-heal|p2a: Tentacruel|86/100|[from] item: Black Sludge
|upkeep
|turn|13
|
|t:|1597710602
|move|p2a: Tentacruel|Protect|p2a: Tentacruel
|-singleturn|p2a: Tentacruel|Protect
|move|p1a: Gengar|Will-O-Wisp|p2a: Tentacruel
|-activate|p2a: Tentacruel|move: Protect
|
|-weather|RainDance|[upkeep]
|-heal|p2a: Tentacruel|92/100|[from] ability: Rain Dish
|-heal|p1a: Gengar|100/100|[from] item: Black Sludge
|-heal|p2a: Tentacruel|98/100|[from] item: Black Sludge
|upkeep
|turn|14
|
|t:|1597710615
|switch|p2a: Tornadus|Tornadus, M|84/100
|move|p1a: Gengar|Will-O-Wisp|p2a: Tornadus|[miss]
|-miss|p1a: Gengar|p2a: Tornadus
|
|-weather|RainDance|[upkeep]
|upkeep
|turn|15
|
|t:|1597710626
|switch|p1a: Heatran|Heatran, F|100/100
|-damage|p1a: Heatran|88/100|[from] Stealth Rock
|move|p2a: Tornadus|Hurricane|p1a: Heatran
|-resisted|p1a: Heatran
|-damage|p1a: Heatran|65/100
|
|-weather|RainDance|[upkeep]
|-heal|p1a: Heatran|71/100|[from] item: Leftovers
|upkeep
|turn|16
|
|t:|1597710639
|move|p2a: Tornadus|Tailwind|p2a: Tornadus
|-sidestart|p2: t04ster|move: Tailwind
|move|p1a: Heatran|Roar|p2a: Tornadus
|drag|p2a: Keldeo|Keldeo|59/100 tox
|-damage|p2a: Keldeo|42/100 tox|[from] Spikes
|
|-weather|RainDance|[upkeep]
|-heal|p1a: Heatran|77/100|[from] item: Leftovers
|-damage|p2a: Keldeo|36/100 tox|[from] psn
|upkeep
|turn|17
|
|t:|1597710659
|move|p1a: Heatran|Protect|p1a: Heatran
|-singleturn|p1a: Heatran|Protect
|move|p2a: Keldeo|Secret Sword|p1a: Heatran
|-activate|p1a: Heatran|move: Protect
|
|-weather|RainDance|[upkeep]
|-heal|p1a: Heatran|83/100|[from] item: Leftovers
|-damage|p2a: Keldeo|24/100 tox|[from] psn
|upkeep
|turn|18
|
|t:|1597710677
|switch|p2a: Gliscor|Gliscor, F|88/100 tox
|move|p1a: Heatran|Stealth Rock|p2a: Gliscor
|-sidestart|p2: t04ster|move: Stealth Rock
|
|-weather|RainDance|[upkeep]
|-heal|p1a: Heatran|90/100|[from] item: Leftovers
|-heal|p2a: Gliscor|100/100 tox|[from] ability: Poison Heal
|upkeep
|turn|19
|
|t:|1597710690
|switch|p1a: Landorus|Landorus-Therian, M|100/100
|-damage|p1a: Landorus|88/100|[from] Stealth Rock
|-ability|p1a: Landorus|Intimidate|boost
|-unboost|p2a: Gliscor|atk|1
|move|p2a: Gliscor|Substitute|p2a: Gliscor
|-start|p2a: Gliscor|Substitute
|-damage|p2a: Gliscor|75/100 tox
|
|-weather|RainDance|[upkeep]
|-heal|p2a: Gliscor|88/100 tox|[from] ability: Poison Heal
|-sideend|p2: t04ster|move: Tailwind
|upkeep
|turn|20
|
|t:|1597710703
|move|p1a: Landorus|Hidden Power|p2a: Gliscor
|-supereffective|p2a: Gliscor
|-end|p2a: Gliscor|Substitute
|move|p2a: Gliscor|Toxic|p1a: Landorus|[miss]
|-miss|p2a: Gliscor|p1a: Landorus
|
|-weather|RainDance|[upkeep]
|-heal|p2a: Gliscor|100/100 tox|[from] ability: Poison Heal
|upkeep
|turn|21
|
|t:|1597710721
|switch|p1a: Gengar|Gengar, F|100/100
|-damage|p1a: Gengar|88/100|[from] Stealth Rock
|switch|p2a: Tentacruel|Tentacruel, F|98/100
|-damage|p2a: Tentacruel|85/100|[from] Stealth Rock
|-damage|p2a: Tentacruel|69/100|[from] Spikes
|
|-weather|RainDance|[upkeep]
|-heal|p2a: Tentacruel|75/100|[from] ability: Rain Dish
|-heal|p1a: Gengar|94/100|[from] item: Black Sludge
|-heal|p2a: Tentacruel|81/100|[from] item: Black Sludge
|upkeep
|turn|22
|
|t:|1597710739
|move|p1a: Gengar|Will-O-Wisp|p2a: Tentacruel
|-status|p2a: Tentacruel|brn
|move|p2a: Tentacruel|Scald|p1a: Gengar
|-damage|p1a: Gengar|50/100
|
|-weather|RainDance|[upkeep]
|-heal|p2a: Tentacruel|87/100 brn|[from] ability: Rain Dish
|-heal|p1a: Gengar|56/100|[from] item: Black Sludge
|-heal|p2a: Tentacruel|93/100 brn|[from] item: Black Sludge
|-damage|p2a: Tentacruel|81/100 brn|[from] brn
|upkeep
|turn|23
|
|t:|1597710758
|move|p2a: Tentacruel|Protect|p2a: Tentacruel
|-singleturn|p2a: Tentacruel|Protect
|move|p1a: Gengar|Disable|p2a: Tentacruel
|-activate|p2a: Tentacruel|move: Protect
|
|-weather|RainDance|[upkeep]
|-heal|p2a: Tentacruel|87/100 brn|[from] ability: Rain Dish
|-heal|p1a: Gengar|62/100|[from] item: Black Sludge
|-heal|p2a: Tentacruel|93/100 brn|[from] item: Black Sludge
|-damage|p2a: Tentacruel|80/100 brn|[from] brn
|upkeep
|turn|24
|inactive|t04ster has 120 seconds left.
|
|t:|1597710774
|switch|p2a: Bronzong|Bronzong|66/100
|-damage|p2a: Bronzong|60/100|[from] Stealth Rock
|move|p1a: Gengar|Pain Split|p2a: Bronzong
|-sethp|p2a: Bronzong|60/100|[from] move: Pain Split|[silent]
|-sethp|p1a: Gengar|62/100|[from] move: Pain Split
|
|-weather|RainDance|[upkeep]
|-heal|p1a: Gengar|68/100|[from] item: Black Sludge
|-heal|p2a: Bronzong|66/100|[from] item: Leftovers
|upkeep
|turn|25
|inactive|t04ster has 120 seconds left.
|
|t:|1597710787
|move|p1a: Gengar|Will-O-Wisp|p2a: Bronzong
|-status|p2a: Bronzong|brn
|move|p2a: Bronzong|Gyro Ball|p1a: Gengar
|-damage|p1a: Gengar|44/100
|
|-weather|RainDance|[upkeep]
|-heal|p1a: Gengar|50/100|[from] item: Black Sludge
|-heal|p2a: Bronzong|72/100 brn|[from] item: Leftovers
|-damage|p2a: Bronzong|60/100 brn|[from] brn
|upkeep
|turn|26
|inactive|t04ster has 120 seconds left.
|
|t:|1597710799
|move|p1a: Gengar|Disable|p2a: Bronzong
|-start|p2a: Bronzong|Disable|Gyro Ball
|move|p2a: Bronzong|Hidden Power|p1a: Gengar
|-crit|p1a: Gengar
|-damage|p1a: Gengar|11/100
|
|-weather|RainDance|[upkeep]
|-heal|p1a: Gengar|17/100|[from] item: Black Sludge
|-heal|p2a: Bronzong|66/100 brn|[from] item: Leftovers
|-damage|p2a: Bronzong|53/100 brn|[from] brn
|upkeep
|turn|27
|inactive|t04ster has 120 seconds left.
|
|t:|1597710813
|switch|p1a: Heatran|Heatran, F|90/100
|-damage|p1a: Heatran|77/100|[from] Stealth Rock
|move|p2a: Bronzong|Hidden Power|p1a: Heatran
|-resisted|p1a: Heatran
|-damage|p1a: Heatran|75/100
|
|-weather|RainDance|[upkeep]
|-heal|p1a: Heatran|81/100|[from] item: Leftovers
|-heal|p2a: Bronzong|60/100 brn|[from] item: Leftovers
|-damage|p2a: Bronzong|47/100 brn|[from] brn
|upkeep
|turn|28
|inactive|t04ster has 120 seconds left.
|
|t:|1597710824
|switch|p2a: Gliscor|Gliscor, F|100/100 tox
|-damage|p2a: Gliscor|88/100 tox|[from] Stealth Rock
|move|p1a: Heatran|Roar|p2a: Gliscor
|drag|p2a: Keldeo|Keldeo|24/100 tox
|-damage|p2a: Keldeo|18/100 tox|[from] Stealth Rock
|-damage|p2a: Keldeo|1/100 tox|[from] Spikes
|
|-weather|RainDance|[upkeep]
|-heal|p1a: Heatran|88/100|[from] item: Leftovers
|-damage|p2a: Keldeo|0 fnt|[from] psn
|faint|p2a: Keldeo
|upkeep
|inactive|t04ster has 120 seconds left.
|
|t:|1597710837
|switch|p2a: Gliscor|Gliscor, F|88/100 tox
|-damage|p2a: Gliscor|75/100 tox|[from] Stealth Rock
|turn|29
|inactive|t04ster has 120 seconds left.
|
|t:|1597710853
|switch|p1a: Landorus|Landorus-Therian, M|88/100
|-damage|p1a: Landorus|75/100|[from] Stealth Rock
|-ability|p1a: Landorus|Intimidate|boost
|-unboost|p2a: Gliscor|atk|1
|move|p2a: Gliscor|Substitute|p2a: Gliscor
|-start|p2a: Gliscor|Substitute
|-damage|p2a: Gliscor|50/100 tox
|
|-weather|RainDance|[upkeep]
|-heal|p2a: Gliscor|63/100 tox|[from] ability: Poison Heal
|upkeep
|turn|30
|inactive|t04ster has 120 seconds left.
|
|t:|1597710864
|move|p1a: Landorus|Hidden Power|p2a: Gliscor
|-supereffective|p2a: Gliscor
|-end|p2a: Gliscor|Substitute
|move|p2a: Gliscor|Toxic|p1a: Landorus
|-status|p1a: Landorus|tox
|
|-weather|RainDance|[upkeep]
|-damage|p1a: Landorus|69/100 tox|[from] psn
|-heal|p2a: Gliscor|75/100 tox|[from] ability: Poison Heal
|upkeep
|turn|31
|inactive|t04ster has 120 seconds left.
|
|t:|1597710878
|switch|p2a: Tentacruel|Tentacruel, F|80/100 brn
|-damage|p2a: Tentacruel|68/100 brn|[from] Stealth Rock
|-damage|p2a: Tentacruel|52/100 brn|[from] Spikes
|move|p1a: Landorus|Hidden Power|p2a: Tentacruel
|-resisted|p2a: Tentacruel
|-damage|p2a: Tentacruel|45/100 brn
|
|-weather|RainDance|[upkeep]
|-heal|p2a: Tentacruel|51/100 brn|[from] ability: Rain Dish
|-heal|p2a: Tentacruel|57/100 brn|[from] item: Black Sludge
|-damage|p1a: Landorus|57/100 tox|[from] psn
|-damage|p2a: Tentacruel|45/100 brn|[from] brn
|upkeep
|turn|32
|inactive|t04ster has 120 seconds left.
|
|t:|1597710894
|switch|p1a: Latios|Latios, M|100/100
|-damage|p1a: Latios|88/100|[from] Stealth Rock
|move|p2a: Tentacruel|Scald|p1a: Latios
|-resisted|p1a: Latios
|-damage|p1a: Latios|69/100
|
|-weather|RainDance|[upkeep]
|-heal|p2a: Tentacruel|51/100 brn|[from] ability: Rain Dish
|-heal|p2a: Tentacruel|57/100 brn|[from] item: Black Sludge
|-damage|p2a: Tentacruel|45/100 brn|[from] brn
|upkeep
|turn|33
|inactive|t04ster has 120 seconds left.
|inactive|Tokantolov has 120 seconds left.
|
|t:|1597710934
|move|p2a: Tentacruel|Protect|p2a: Tentacruel
|-singleturn|p2a: Tentacruel|Protect
|move|p1a: Latios|Psychic|p2a: Tentacruel
|-activate|p2a: Tentacruel|move: Protect
|
|-weather|RainDance|[upkeep]
|-heal|p2a: Tentacruel|51/100 brn|[from] ability: Rain Dish
|-heal|p2a: Tentacruel|57/100 brn|[from] item: Black Sludge
|-damage|p2a: Tentacruel|44/100 brn|[from] brn
|upkeep
|turn|34
|inactive|t04ster has 120 seconds left.
|
|t:|1597710945
|move|p1a: Latios|Tailwind|p1a: Latios
|-sidestart|p1: Tokantolov|move: Tailwind
|move|p2a: Tentacruel|Rapid Spin|p1a: Latios
|-damage|p1a: Latios|67/100
|-sideend|p2: t04ster|Spikes|[from] move: Rapid Spin|[of] p2a: Tentacruel
|-sideend|p2: t04ster|Stealth Rock|[from] move: Rapid Spin|[of] p2a: Tentacruel
|
|-weather|RainDance|[upkeep]
|-heal|p2a: Tentacruel|50/100 brn|[from] ability: Rain Dish
|-heal|p2a: Tentacruel|57/100 brn|[from] item: Black Sludge
|-damage|p2a: Tentacruel|44/100 brn|[from] brn
|upkeep
|turn|35
|inactive|t04ster has 120 seconds left.
|
|t:|1597710959
|move|p1a: Latios|Psychic|p2a: Tentacruel
|-supereffective|p2a: Tentacruel
|-damage|p2a: Tentacruel|0 fnt
|-damage|p1a: Latios|57/100|[from] item: Life Orb
|faint|p2a: Tentacruel
|
|-weather|RainDance|[upkeep]
|upkeep
|inactive|t04ster has 120 seconds left.
|
|t:|1597710965
|switch|p2a: Tornadus|Tornadus, M|84/100
|turn|36
|
|t:|1597710976
|move|p1a: Latios|Psychic|p2a: Tornadus
|-damage|p2a: Tornadus|0 fnt
|-damage|p1a: Latios|47/100|[from] item: Life Orb
|faint|p2a: Tornadus
|
|-weather|RainDance|[upkeep]
|upkeep
|
|t:|1597710984
|switch|p2a: Politoed|Politoed, F|100/100
|turn|37
|
|t:|1597710993
|switch|p1a: Gastrodon|Gastrodon, F|32/100
|-damage|p1a: Gastrodon|26/100|[from] Stealth Rock
|move|p2a: Politoed|Toxic|p1a: Gastrodon
|-status|p1a: Gastrodon|tox
|
|-weather|RainDance|[upkeep]
|-heal|p1a: Gastrodon|32/100 tox|[from] item: Leftovers
|-damage|p1a: Gastrodon|26/100 tox|[from] psn
|-sideend|p1: Tokantolov|move: Tailwind
|upkeep
|turn|38
|inactive|Tokantolov has 120 seconds left.
|
|t:|1597711004
|move|p2a: Politoed|Protect|p2a: Politoed
|-singleturn|p2a: Politoed|Protect
|move|p1a: Gastrodon|Recover|p1a: Gastrodon
|-heal|p1a: Gastrodon|76/100 tox
|
|-weather|RainDance|[upkeep]
|-heal|p1a: Gastrodon|82/100 tox|[from] item: Leftovers
|-damage|p1a: Gastrodon|70/100 tox|[from] psn
|upkeep
|turn|39
|inactive|Tokantolov has 120 seconds left.
|
|t:|1597711015
|switch|p2a: Bronzong|Bronzong|47/100 brn
|move|p1a: Gastrodon|Scald|p2a: Bronzong
|-damage|p2a: Bronzong|19/100 brn
|
|-weather|RainDance|[upkeep]
|-heal|p1a: Gastrodon|76/100 tox|[from] item: Leftovers
|-heal|p2a: Bronzong|26/100 brn|[from] item: Leftovers
|-damage|p1a: Gastrodon|58/100 tox|[from] psn
|-damage|p2a: Bronzong|13/100 brn|[from] brn
|upkeep
|turn|40
|inactive|Tokantolov has 120 seconds left.
|
|t:|1597711032
|move|p1a: Gastrodon|Recover|p1a: Gastrodon
|-heal|p1a: Gastrodon|100/100 tox
|move|p2a: Bronzong|Hidden Power|p1a: Gastrodon
|-damage|p1a: Gastrodon|92/100 tox
|
|-weather|RainDance|[upkeep]
|-heal|p1a: Gastrodon|98/100 tox|[from] item: Leftovers
|-heal|p2a: Bronzong|19/100 brn|[from] item: Leftovers
|-damage|p1a: Gastrodon|74/100 tox|[from] psn
|-damage|p2a: Bronzong|7/100 brn|[from] brn
|upkeep
|turn|41
|
|t:|1597711048
|switch|p1a: Heatran|Heatran, F|88/100
|-damage|p1a: Heatran|75/100|[from] Stealth Rock
|move|p2a: Bronzong|Gyro Ball|p1a: Heatran
|-resisted|p1a: Heatran
|-damage|p1a: Heatran|73/100
|
|-weather|RainDance|[upkeep]
|-heal|p1a: Heatran|80/100|[from] item: Leftovers
|-heal|p2a: Bronzong|13/100 brn|[from] item: Leftovers
|-damage|p2a: Bronzong|1/100 brn|[from] brn
|upkeep
|turn|42
|
|t:|1597711063
|switch|p2a: Gliscor|Gliscor, F|75/100 tox
|move|p1a: Heatran|Stealth Rock|p2a: Gliscor
|-sidestart|p2: t04ster|move: Stealth Rock
|
|-weather|RainDance|[upkeep]
|-heal|p1a: Heatran|86/100|[from] item: Leftovers
|-heal|p2a: Gliscor|88/100 tox|[from] ability: Poison Heal
|upkeep
|turn|43
|
|t:|1597711077
|move|p2a: Gliscor|Substitute|p2a: Gliscor
|-start|p2a: Gliscor|Substitute
|-damage|p2a: Gliscor|63/100 tox
|move|p1a: Heatran|Roar|p2a: Gliscor
|drag|p2a: Bronzong|Bronzong|1/100 brn
|-damage|p2a: Bronzong|0 fnt|[from] Stealth Rock
|faint|p2a: Bronzong
|
|-weather|RainDance|[upkeep]
|-heal|p1a: Heatran|92/100|[from] item: Leftovers
|upkeep
|
|t:|1597711087
|switch|p2a: Politoed|Politoed, F|100/100
|-damage|p2a: Politoed|88/100|[from] Stealth Rock
|turn|44
|inactive|Tokantolov has 120 seconds left.
|
|t:|1597711099
|switch|p1a: Gastrodon|Gastrodon, F|74/100 tox
|-damage|p1a: Gastrodon|67/100 tox|[from] Stealth Rock
|move|p2a: Politoed|Ice Beam|p1a: Gastrodon
|-damage|p1a: Gastrodon|54/100 tox
|
|-weather|RainDance|[upkeep]
|-heal|p2a: Politoed|94/100|[from] item: Leftovers
|-heal|p1a: Gastrodon|61/100 tox|[from] item: Leftovers
|-damage|p1a: Gastrodon|54/100 tox|[from] psn
|upkeep
|turn|45
|inactive|Tokantolov has 120 seconds left.
|
|t:|1597711113
|switch|p2a: Gliscor|Gliscor, F|63/100 tox
|-damage|p2a: Gliscor|50/100 tox|[from] Stealth Rock
|move|p1a: Gastrodon|Recover|p1a: Gastrodon
|-heal|p1a: Gastrodon|100/100 tox
|
|-weather|RainDance|[upkeep]
|-heal|p2a: Gliscor|63/100 tox|[from] ability: Poison Heal
|-damage|p1a: Gastrodon|88/100 tox|[from] psn
|upkeep
|turn|46
|inactive|Tokantolov has 120 seconds left.
|
|t:|1597711126
|move|p2a: Gliscor|Substitute|p2a: Gliscor
|-start|p2a: Gliscor|Substitute
|-damage|p2a: Gliscor|38/100 tox
|move|p1a: Gastrodon|Scald|p2a: Gliscor
|-supereffective|p2a: Gliscor
|-crit|p2a: Gliscor
|-end|p2a: Gliscor|Substitute
|
|-weather|RainDance|[upkeep]
|-heal|p1a: Gastrodon|94/100 tox|[from] item: Leftovers
|-heal|p2a: Gliscor|50/100 tox|[from] ability: Poison Heal
|-damage|p1a: Gastrodon|76/100 tox|[from] psn
|upkeep
|turn|47
|inactive|Tokantolov has 120 seconds left.
|
|t:|1597711144
|switch|p2a: Politoed|Politoed, F|94/100
|-damage|p2a: Politoed|82/100|[from] Stealth Rock
|switch|p1a: Gengar|Gengar, F|17/100
|-damage|p1a: Gengar|5/100|[from] Stealth Rock
|
|-weather|RainDance|[upkeep]
|-heal|p1a: Gengar|11/100|[from] item: Black Sludge
|-heal|p2a: Politoed|88/100|[from] item: Leftovers
|upkeep
|turn|48
|inactive|Tokantolov has 120 seconds left.
|
|t:|1597711158
|move|p1a: Gengar|Pain Split|p2a: Politoed
|-sethp|p2a: Politoed|49/100|[from] move: Pain Split|[silent]
|-sethp|p1a: Gengar|58/100|[from] move: Pain Split
|move|p2a: Politoed|Ice Beam|p1a: Gengar
|-damage|p1a: Gengar|32/100
|
|-weather|RainDance|[upkeep]
|-heal|p1a: Gengar|38/100|[from] item: Black Sludge
|-heal|p2a: Politoed|55/100|[from] item: Leftovers
|upkeep
|turn|49
|inactive|Tokantolov has 120 seconds left.
|
|t:|1597711170
|move|p1a: Gengar|Will-O-Wisp|p2a: Politoed|[miss]
|-miss|p1a: Gengar|p2a: Politoed
|move|p2a: Politoed|Scald|p1a: Gengar
|-damage|p1a: Gengar|0 fnt
|faint|p1a: Gengar
|
|-weather|RainDance|[upkeep]
|-heal|p2a: Politoed|61/100|[from] item: Leftovers
|upkeep
|
|t:|1597711185
|switch|p1a: Latios|Latios, M|47/100
|-damage|p1a: Latios|34/100|[from] Stealth Rock
|turn|50
|
|t:|1597711194
|move|p1a: Latios|Psychic|p2a: Politoed
|-damage|p2a: Politoed|7/100
|-damage|p1a: Latios|24/100|[from] item: Life Orb
|move|p2a: Politoed|Ice Beam|p1a: Latios
|-supereffective|p1a: Latios
|-damage|p1a: Latios|0 fnt
|faint|p1a: Latios
|
|-weather|RainDance|[upkeep]
|-heal|p2a: Politoed|13/100|[from] item: Leftovers
|upkeep
|
|t:|1597711205
|switch|p1a: Landorus|Landorus-Therian, M|57/100 tox
|-damage|p1a: Landorus|44/100 tox|[from] Stealth Rock
|-ability|p1a: Landorus|Intimidate|boost
|-unboost|p2a: Politoed|atk|1
|turn|51
|
|t:|1597711218
|move|p2a: Politoed|Protect|p2a: Politoed
|-singleturn|p2a: Politoed|Protect
|move|p1a: Landorus|Superpower|p2a: Politoed
|-activate|p2a: Politoed|move: Protect
|
|-weather|RainDance|[upkeep]
|-heal|p2a: Politoed|20/100|[from] item: Leftovers
|-damage|p1a: Landorus|38/100 tox|[from] psn
|upkeep
|turn|52
|
|t:|1597711229
|switch|p2a: Gliscor|Gliscor, F|50/100 tox
|-damage|p2a: Gliscor|38/100 tox|[from] Stealth Rock
|move|p1a: Landorus|Superpower|p2a: Gliscor
|-resisted|p2a: Gliscor
|-damage|p2a: Gliscor|23/100 tox
|-unboost|p1a: Landorus|atk|1
|-unboost|p1a: Landorus|def|1
|
|-weather|RainDance|[upkeep]
|-damage|p1a: Landorus|25/100 tox|[from] psn
|-heal|p2a: Gliscor|35/100 tox|[from] ability: Poison Heal
|upkeep
|turn|53
|
|t:|1597711245
|switch|p1a: Gastrodon|Gastrodon, F|76/100 tox
|-damage|p1a: Gastrodon|70/100 tox|[from] Stealth Rock
|move|p2a: Gliscor|Roost|p2a: Gliscor
|-heal|p2a: Gliscor|85/100 tox
|-singleturn|p2a: Gliscor|move: Roost
|
|-weather|RainDance|[upkeep]
|-heal|p1a: Gastrodon|76/100 tox|[from] item: Leftovers
|-heal|p2a: Gliscor|98/100 tox|[from] ability: Poison Heal
|-damage|p1a: Gastrodon|70/100 tox|[from] psn
|upkeep
|turn|54
|
|t:|1597711264
|move|p2a: Gliscor|Substitute|p2a: Gliscor
|-start|p2a: Gliscor|Substitute
|-damage|p2a: Gliscor|73/100 tox
|move|p1a: Gastrodon|Scald|p2a: Gliscor
|-supereffective|p2a: Gliscor
|-end|p2a: Gliscor|Substitute
|
|-weather|RainDance|[upkeep]
|-heal|p1a: Gastrodon|76/100 tox|[from] item: Leftovers
|-heal|p2a: Gliscor|85/100 tox|[from] ability: Poison Heal
|-damage|p1a: Gastrodon|64/100 tox|[from] psn
|upkeep
|turn|55
|
|t:|1597711277
|move|p2a: Gliscor|Earthquake|p1a: Gastrodon
|-damage|p1a: Gastrodon|25/100 tox
|move|p1a: Gastrodon|Scald|p2a: Gliscor
|-supereffective|p2a: Gliscor
|-damage|p2a: Gliscor|0 fnt
|faint|p2a: Gliscor
|
|-weather|RainDance|[upkeep]
|-heal|p1a: Gastrodon|31/100 tox|[from] item: Leftovers
|-damage|p1a: Gastrodon|13/100 tox|[from] psn
|upkeep
|
|t:|1597711289
|switch|p2a: Politoed|Politoed, F|20/100
|-damage|p2a: Politoed|7/100|[from] Stealth Rock
|turn|56
|
|t:|1597711295
|move|p2a: Politoed|Ice Beam|p1a: Gastrodon
|-damage|p1a: Gastrodon|0 fnt
|faint|p1a: Gastrodon
|
|-weather|RainDance|[upkeep]
|-heal|p2a: Politoed|13/100|[from] item: Leftovers
|upkeep
|
|t:|1597711304
|switch|p1a: Landorus|Landorus-Therian, M|25/100 tox
|-damage|p1a: Landorus|13/100 tox|[from] Stealth Rock
|-ability|p1a: Landorus|Intimidate|boost
|-unboost|p2a: Politoed|atk|1
|turn|57
|inactive|Tokantolov has 120 seconds left.
|
|t:|1597711314
|move|p2a: Politoed|Protect|p2a: Politoed
|-singleturn|p2a: Politoed|Protect
|move|p1a: Landorus|Superpower|p2a: Politoed
|-activate|p2a: Politoed|move: Protect
|
|-weather|RainDance|[upkeep]
|-heal|p2a: Politoed|20/100|[from] item: Leftovers
|-damage|p1a: Landorus|7/100 tox|[from] psn
|upkeep
|turn|58
|
|t:|1597711326
|move|p2a: Politoed|Protect||[still]
|-fail|p2a: Politoed
|move|p1a: Landorus|Superpower|p2a: Politoed
|-damage|p2a: Politoed|0 fnt
|-unboost|p1a: Landorus|atk|1
|-unboost|p1a: Landorus|def|1
|faint|p2a: Politoed
|
|win|Tokantolov
|c|☆t04ster|gg
|raw|Tokantolov's rating: 1274 &rarr; <strong>1302</strong><br />(+28 for winning)
|raw|t04ster's rating: 1314 &rarr; <strong>1292</strong><br />(-22 for losing)
