|j|☆GimmickMigui
|j|☆DubbedOn
|t:|1743103624
|gametype|singles
|player|p1|GimmickMigui|hoopster|1496
|player|p2|DubbedOn|boarder|1354
|teamsize|p1|6
|teamsize|p2|6
|gen|5
|tier|[Gen 5] OU
|rated|
|rule|Species Clause: Limit one of each Pokémon
|rule|OHKO Clause: OHKO moves are banned
|rule|Moody Clause: Moody is banned
|rule|Evasion Items Clause: Evasion items are banned
|rule|Evasion Moves Clause: Evasion moves are banned
|rule|Endless Battle Clause: Forcing endless battles is banned
|rule|HP Percentage Mod: HP is shown in percentages
|rule|Evasion Abilities Clause: Evasion abilities are banned
|rule|Sleep Moves Clause: Sleep-inducing moves are banned
|rule|Swagger Clause: Swagger is banned
|rule|Baton Pass Stat Clause: No Baton Passer may have a way to boost its stats
|clearpoke
|poke|p1|Abomasnow, M|item
|poke|p1|Garchomp, M|item
|poke|p1|Jirachi|item
|poke|p1|Starmie|item
|poke|p1|Mamoswine, M|item
|poke|p1|Latios, M|item
|poke|p2|Nidoking, M|item
|poke|p2|Latios, M|item
|poke|p2|Rotom-Wash|item
|poke|p2|Landorus-Therian, M|item
|poke|p2|Tyranitar, F|item
|poke|p2|Amoonguss, F|item
|teampreview
|inactive|Battle timer is ON: inactive players will automatically lose when time's up. (requested by DubbedOn)
|
|t:|1743103635
|start
|switch|p1a: Che Guevara|Latios, M|100/100
|switch|p2a: Tyranitar|Tyranitar, F|100/100
|-weather|Sandstorm|[from] ability: Sand Stream|[of] p2a: Tyranitar
|turn|1
|
|t:|1743103645
|-activate|p1a: Che Guevara|move: Pursuit
|move|p2a: Tyranitar|Pursuit|p1a: Che Guevara|[from] Pursuit
|-supereffective|p1a: Che Guevara
|-damage|p1a: Che Guevara|0 fnt
|faint|p1a: Che Guevara
|-hint|A Pokemon can't switch between when it runs out of HP and when it faints
|
|-weather|Sandstorm|[upkeep]
|upkeep
|
|t:|1743103651
|switch|p1a: Kanye West|Jirachi|100/100
|turn|2
|
|t:|1743103660
|switch|p2a: Rotom|Rotom-Wash|100/100
|move|p1a: Kanye West|U-turn|p2a: Rotom
|-damage|p2a: Rotom|85/100
|
|t:|1743103685
|switch|p1a: Kim Jong-Un|Abomasnow, M|100/100|[from] U-turn
|-weather|Hail|[from] ability: Snow Warning|[of] p1a: Kim Jong-Un
|
|-weather|Hail|[upkeep]
|-damage|p2a: Rotom|79/100|[from] Hail
|-heal|p2a: Rotom|85/100|[from] item: Leftovers
|upkeep
|turn|3
|
|t:|1743103695
|move|p1a: Kim Jong-Un|Giga Drain|p2a: Rotom
|-supereffective|p2a: Rotom
|-damage|p2a: Rotom|16/100
|move|p2a: Rotom|Volt Switch|p1a: Kim Jong-Un
|-resisted|p1a: Kim Jong-Un
|-crit|p1a: Kim Jong-Un
|-damage|p1a: Kim Jong-Un|68/100
|inactive|DubbedOn has 120 seconds left.
|
|t:|1743103731
|switch|p2a: Landorus|Landorus-Therian, M|100/100|[from] Volt Switch
|-ability|p2a: Landorus|Intimidate|boost
|-unboost|p1a: Kim Jong-Un|atk|1
|
|-weather|Hail|[upkeep]
|-damage|p2a: Landorus|95/100|[from] Hail
|upkeep
|turn|4
|inactive|DubbedOn has 120 seconds left.
|
|t:|1743103743
|move|p1a: Kim Jong-Un|Ice Shard|p2a: Landorus
|-supereffective|p2a: Landorus
|-damage|p2a: Landorus|48/100
|move|p2a: Landorus|U-turn|p1a: Kim Jong-Un
|-supereffective|p1a: Kim Jong-Un
|-damage|p1a: Kim Jong-Un|0 fnt
|faint|p1a: Kim Jong-Un
|inactive|DubbedOn has 120 seconds left.
|l|☆GimmickMigui
|inactive|GimmickMigui disconnected and has a minute to reconnect!
|player|p1|
|j|☆GimmickMigui
|inactive|GimmickMigui reconnected.
|player|p1|GimmickMigui|hoopster|
|inactive|DubbedOn has 90 seconds left.
|
|t:|1743103784
|switch|p2a: Amoonguss|Amoonguss, F|100/100|[from] U-turn
|
|-weather|Hail|[upkeep]
|-damage|p2a: Amoonguss|94/100|[from] Hail
|-heal|p2a: Amoonguss|100/100|[from] item: Black Sludge
|upkeep
|
|t:|1743103798
|switch|p1a: Kanye West|Jirachi|100/100
|turn|5
|
|t:|1743103803
|move|p1a: Kanye West|Iron Head|p2a: Amoonguss
|-damage|p2a: Amoonguss|67/100
|cant|p2a: Amoonguss|flinch
|
|-weather|Hail|[upkeep]
|-damage|p1a: Kanye West|94/100|[from] Hail
|-damage|p2a: Amoonguss|61/100|[from] Hail
|-heal|p2a: Amoonguss|67/100|[from] item: Black Sludge
|upkeep
|turn|6
|
|t:|1743103817
|switch|p1a: Bill Gates|Garchomp, M, shiny|100/100
|move|p2a: Amoonguss|Stun Spore|p1a: Bill Gates
|-status|p1a: Bill Gates|par
|
|-weather|Hail|[upkeep]
|-damage|p1a: Bill Gates|94/100 par|[from] Hail
|-damage|p2a: Amoonguss|61/100|[from] Hail
|-heal|p2a: Amoonguss|67/100|[from] item: Black Sludge
|upkeep
|turn|7
|
|t:|1743103833
|move|p1a: Bill Gates|Outrage|p2a: Amoonguss
|-damage|p2a: Amoonguss|6/100
|move|p2a: Amoonguss|Giga Drain|p1a: Bill Gates
|-damage|p1a: Bill Gates|71/100 par
|-heal|p2a: Amoonguss|16/100|[from] drain|[of] p1a: Bill Gates
|
|-weather|Hail|[upkeep]
|-damage|p1a: Bill Gates|65/100 par|[from] Hail
|-damage|p2a: Amoonguss|10/100|[from] Hail
|-heal|p2a: Amoonguss|16/100|[from] item: Black Sludge
|upkeep
|turn|8
|inactive|DubbedOn has 90 seconds left.
|
|t:|1743103849
|switch|p2a: Rotom|Rotom-Wash|16/100
|cant|p1a: Bill Gates|par
|
|-weather|Hail|[upkeep]
|-damage|p2a: Rotom|10/100|[from] Hail
|-damage|p1a: Bill Gates|58/100 par|[from] Hail
|-heal|p2a: Rotom|16/100|[from] item: Leftovers
|upkeep
|turn|9
|
|t:|1743103862
|switch|p1a: Kanye West|Jirachi|94/100
|move|p2a: Rotom|Hidden Power|p1a: Kanye West
|-resisted|p1a: Kanye West
|-damage|p1a: Kanye West|86/100
|
|-weather|Hail|[upkeep]
|-damage|p1a: Kanye West|80/100|[from] Hail
|-damage|p2a: Rotom|10/100|[from] Hail
|-heal|p2a: Rotom|16/100|[from] item: Leftovers
|upkeep
|turn|10
|inactive|DubbedOn has 90 seconds left.
|
|t:|1743103883
|move|p1a: Kanye West|U-turn|p2a: Rotom
|-damage|p2a: Rotom|0 fnt
|faint|p2a: Rotom
|
|t:|1743103889
|switch|p1a: Joseph Stalin|Mamoswine, M|100/100|[from] U-turn
|
|-weather|Hail|[upkeep]
|upkeep
|inactive|DubbedOn has 90 seconds left.
|
|t:|1743103920
|switch|p2a: Landorus|Landorus-Therian, M|48/100
|-ability|p2a: Landorus|Intimidate|boost
|-unboost|p1a: Joseph Stalin|atk|1
|turn|11
|
|t:|1743103926
|switch|p2a: Amoonguss|Amoonguss, F|49/100
|move|p1a: Joseph Stalin|Ice Shard|p2a: Amoonguss
|-supereffective|p2a: Amoonguss
|-damage|p2a: Amoonguss|20/100
|
|-weather|Hail|[upkeep]
|-damage|p2a: Amoonguss|14/100|[from] Hail
|-heal|p2a: Amoonguss|20/100|[from] item: Black Sludge
|upkeep
|turn|12
|
|t:|1743103933
|move|p1a: Joseph Stalin|Ice Shard|p2a: Amoonguss
|-supereffective|p2a: Amoonguss
|-damage|p2a: Amoonguss|0 fnt
|faint|p2a: Amoonguss
|
|-weather|Hail|[upkeep]
|upkeep
|inactive|DubbedOn has 60 seconds left.
|
|t:|1743103988
|switch|p2a: Tyranitar|Tyranitar, F|100/100
|-weather|Sandstorm|[from] ability: Sand Stream|[of] p2a: Tyranitar
|turn|13
|
|t:|1743103993
|move|p1a: Joseph Stalin|Stealth Rock|p2a: Tyranitar
|-sidestart|p2: DubbedOn|move: Stealth Rock
|move|p2a: Tyranitar|Thunder Wave|p1a: Joseph Stalin
|-immune|p1a: Joseph Stalin
|
|-weather|Sandstorm|[upkeep]
|upkeep
|turn|14
|
|t:|1743103998
|move|p1a: Joseph Stalin|Earthquake|p2a: Tyranitar
|-supereffective|p2a: Tyranitar
|-damage|p2a: Tyranitar|43/100
|move|p2a: Tyranitar|Rock Slide|p1a: Joseph Stalin
|-damage|p1a: Joseph Stalin|63/100
|
|-weather|Sandstorm|[upkeep]
|upkeep
|turn|15
|inactive|DubbedOn has 60 seconds left.
|
|t:|1743104015
|move|p1a: Joseph Stalin|Earthquake|p2a: Tyranitar
|-supereffective|p2a: Tyranitar
|-damage|p2a: Tyranitar|0 fnt
|faint|p2a: Tyranitar
|
|-weather|Sandstorm|[upkeep]
|upkeep
|
|t:|1743104028
|switch|p2a: Nidoking|Nidoking, M|100/100
|-damage|p2a: Nidoking|95/100|[from] Stealth Rock
|turn|16
|
|t:|1743104034
|move|p1a: Joseph Stalin|Endeavor|p2a: Nidoking
|-damage|p2a: Nidoking|75/100
|move|p2a: Nidoking|Earth Power|p1a: Joseph Stalin
|-damage|p1a: Joseph Stalin|0 fnt
|faint|p1a: Joseph Stalin
|
|-weather|Sandstorm|[upkeep]
|upkeep
|
|t:|1743104041
|switch|p1a: Ben Laden|Starmie|100/100
|-item|p1a: Ben Laden|Air Balloon
|turn|17
|
|t:|1743104055
|move|p1a: Ben Laden|Hydro Pump|p2a: Nidoking|[miss]
|-miss|p1a: Ben Laden|p2a: Nidoking
|move|p2a: Nidoking|Thunder|p1a: Ben Laden
|-supereffective|p1a: Ben Laden
|-damage|p1a: Ben Laden|0 fnt
|-enditem|p1a: Ben Laden|Air Balloon
|faint|p1a: Ben Laden
|
|-weather|Sandstorm|[upkeep]
|upkeep
|
|t:|1743104066
|switch|p1a: Kanye West|Jirachi|80/100
|turn|18
|inactive|DubbedOn has 60 seconds left.
|
|t:|1743104087
|move|p1a: Kanye West|Iron Head|p2a: Nidoking
|-damage|p2a: Nidoking|24/100
|move|p2a: Nidoking|Earth Power|p1a: Kanye West
|-supereffective|p1a: Kanye West
|-damage|p1a: Kanye West|0 fnt
|faint|p1a: Kanye West
|
|-weather|Sandstorm|[upkeep]
|upkeep
|
|t:|1743104092
|switch|p1a: Bill Gates|Garchomp, M, shiny|58/100 par
|turn|19
|
|t:|1743104100
|move|p2a: Nidoking|Ice Beam|p1a: Bill Gates
|-supereffective|p1a: Bill Gates
|-damage|p1a: Bill Gates|0 fnt
|faint|p1a: Bill Gates
|
|win|DubbedOn
|raw|GimmickMigui's rating: 1496 &rarr; <strong>1468</strong><br />(-28 for losing)
|raw|DubbedOn's rating: 1354 &rarr; <strong>1382</strong><br />(+28 for winning)
|l|☆GimmickMigui
|player|p1|
