|j|☆HydreigonSpammer
|j|☆techsavage
|t:|1734909822
|gametype|singles
|player|p1|HydreigonSpammer|janitor|1380
|player|p2|techsavage|workerf-gen8|1321
|teamsize|p1|6
|teamsize|p2|6
|gen|5
|tier|[Gen 5] OU
|rated|
|rule|Species Clause: Limit one of each Pokémon
|rule|OHKO Clause: OHKO moves are banned
|rule|Moody Clause: Moody is banned
|rule|Evasion Items Clause: Evasion items are banned
|rule|Evasion Moves Clause: Evasion moves are banned
|rule|Endless Battle Clause: Forcing endless battles is banned
|rule|HP Percentage Mod: HP is shown in percentages
|rule|Evasion Abilities Clause: Evasion abilities are banned
|rule|Sleep Moves Clause: Sleep-inducing moves are banned
|rule|Swagger Clause: Swagger is banned
|rule|Baton Pass Stat Clause: No Baton Passer may have a way to boost its stats
|clearpoke
|poke|p1|Politoed, F|item
|poke|p1|Shedinja|item
|poke|p1|Tentacruel, M|item
|poke|p1|Latios, M|item
|poke|p1|Azumarill, F|item
|poke|p1|Keldeo|item
|poke|p2|Tyranitar, M|item
|poke|p2|Mamoswine, M|item
|poke|p2|Rotom-Wash|item
|poke|p2|Ferrothorn, M|item
|poke|p2|Landorus-Therian, M|item
|poke|p2|Latios, M|item
|teampreview
|
|t:|1734909833
|start
|switch|p1a: Politoed|Politoed, F|100/100
|switch|p2a: Rotom|Rotom-Wash|100/100
|-weather|RainDance|[from] ability: Drizzle|[of] p1a: Politoed
|turn|1
|
|t:|1734909838
|switch|p1a: Shedinja|Shedinja|100/100
|move|p2a: Rotom|Will-O-Wisp|p1a: Shedinja|[miss]
|-miss|p2a: Rotom|p1a: Shedinja
|
|-weather|RainDance|[upkeep]
|upkeep
|turn|2
|
|t:|1734909847
|move|p2a: Rotom|Will-O-Wisp|p1a: Shedinja|[miss]
|-miss|p2a: Rotom|p1a: Shedinja
|move|p1a: Shedinja|Baton Pass|p1a: Shedinja
|
|t:|1734909857
|switch|p1a: Tentacruel|Tentacruel, M|100/100|[from] Baton Pass
|
|-weather|RainDance|[upkeep]
|upkeep
|turn|3
|
|t:|1734909863
|switch|p2a: Ferrothorn|Ferrothorn, M|100/100
|move|p1a: Tentacruel|Toxic Spikes|p2a: Ferrothorn
|-sidestart|p2: techsavage|move: Toxic Spikes
|
|-weather|RainDance|[upkeep]
|upkeep
|turn|4
|
|t:|1734909891
|move|p1a: Tentacruel|Scald|p2a: Ferrothorn
|-resisted|p2a: Ferrothorn
|-damage|p2a: Ferrothorn|87/100
|move|p2a: Ferrothorn|Power Whip|p1a: Tentacruel
|-damage|p1a: Tentacruel|47/100
|
|-weather|RainDance|[upkeep]
|-heal|p1a: Tentacruel|53/100|[from] ability: Rain Dish
|-heal|p1a: Tentacruel|59/100|[from] item: Black Sludge
|upkeep
|turn|5
|
|t:|1734909902
|move|p1a: Tentacruel|Scald|p2a: Ferrothorn
|-resisted|p2a: Ferrothorn
|-damage|p2a: Ferrothorn|75/100
|-status|p2a: Ferrothorn|brn
|-enditem|p2a: Ferrothorn|Lum Berry|[eat]
|-curestatus|p2a: Ferrothorn|brn|[msg]
|move|p2a: Ferrothorn|Spikes|p1a: Tentacruel
|-sidestart|p1: HydreigonSpammer|Spikes
|
|-weather|RainDance|[upkeep]
|-heal|p1a: Tentacruel|65/100|[from] ability: Rain Dish
|-heal|p1a: Tentacruel|71/100|[from] item: Black Sludge
|upkeep
|turn|6
|
|t:|1734909914
|move|p1a: Tentacruel|Scald|p2a: Ferrothorn
|-resisted|p2a: Ferrothorn
|-damage|p2a: Ferrothorn|63/100
|-status|p2a: Ferrothorn|brn
|move|p2a: Ferrothorn|Explosion|p1a: Tentacruel
|-damage|p1a: Tentacruel|28/100
|faint|p2a: Ferrothorn
|
|-weather|RainDance|[upkeep]
|-heal|p1a: Tentacruel|34/100|[from] ability: Rain Dish
|-heal|p1a: Tentacruel|40/100|[from] item: Black Sludge
|upkeep
|
|t:|1734909929
|switch|p2a: Rotom|Rotom-Wash|100/100
|turn|7
|
|t:|1734909932
|move|p1a: Tentacruel|Protect|p1a: Tentacruel
|-singleturn|p1a: Tentacruel|Protect
|move|p2a: Rotom|Volt Switch|p1a: Tentacruel
|-activate|p1a: Tentacruel|move: Protect
|
|-weather|RainDance|[upkeep]
|-heal|p1a: Tentacruel|46/100|[from] ability: Rain Dish
|-heal|p1a: Tentacruel|52/100|[from] item: Black Sludge
|upkeep
|turn|8
|
|t:|1734909943
|move|p1a: Tentacruel|Rapid Spin|p2a: Rotom
|-damage|p2a: Rotom|98/100
|-sideend|p1: HydreigonSpammer|Spikes|[from] move: Rapid Spin|[of] p1a: Tentacruel
|move|p2a: Rotom|Volt Switch|p1a: Tentacruel
|-supereffective|p1a: Tentacruel
|-damage|p1a: Tentacruel|11/100
|
|t:|1734909955
|switch|p2a: Latios|Latios, M|100/100|[from] Volt Switch
|
|-weather|RainDance|[upkeep]
|-heal|p1a: Tentacruel|17/100|[from] ability: Rain Dish
|-heal|p1a: Tentacruel|23/100|[from] item: Black Sludge
|upkeep
|turn|9
|
|t:|1734909960
|move|p1a: Tentacruel|Protect|p1a: Tentacruel
|-singleturn|p1a: Tentacruel|Protect
|move|p2a: Latios|Dragon Pulse|p1a: Tentacruel
|-activate|p1a: Tentacruel|move: Protect
|
|-weather|RainDance|[upkeep]
|-heal|p1a: Tentacruel|29/100|[from] ability: Rain Dish
|-heal|p1a: Tentacruel|35/100|[from] item: Black Sludge
|upkeep
|turn|10
|
|t:|1734909988
|switch|p2a: Tyranitar|Tyranitar, M|100/100
|-status|p2a: Tyranitar|psn
|-weather|Sandstorm|[from] ability: Sand Stream|[of] p2a: Tyranitar
|switch|p1a: Shedinja|Shedinja|100/100
|
|-weather|Sandstorm|[upkeep]
|-damage|p1a: Shedinja|0 fnt|[from] Sandstorm
|faint|p1a: Shedinja
|-damage|p2a: Tyranitar|88/100 psn|[from] psn
|upkeep
|
|t:|1734909992
|switch|p1a: Keldeo|Keldeo|100/100
|turn|11
|
|t:|1734910000
|switch|p2a: Latios|Latios, M|100/100
|move|p1a: Keldeo|Scald|p2a: Latios
|-resisted|p2a: Latios
|-damage|p2a: Latios|70/100
|
|-weather|Sandstorm|[upkeep]
|-damage|p2a: Latios|64/100|[from] Sandstorm
|-damage|p1a: Keldeo|94/100|[from] Sandstorm
|upkeep
|turn|12
|
|t:|1734910016
|switch|p1a: Tentacruel|Tentacruel, M|35/100
|move|p2a: Latios|Draco Meteor|p1a: Tentacruel
|-damage|p1a: Tentacruel|0 fnt
|-unboost|p2a: Latios|spa|2
|faint|p1a: Tentacruel
|
|-weather|Sandstorm|[upkeep]
|-damage|p2a: Latios|58/100|[from] Sandstorm
|upkeep
|
|t:|1734910031
|switch|p1a: Politoed|Politoed, F|100/100
|-weather|RainDance|[from] ability: Drizzle|[of] p1a: Politoed
|turn|13
|
|t:|1734910042
|switch|p2a: Rotom|Rotom-Wash|98/100
|switch|p1a: Keldeo|Keldeo|94/100
|
|-weather|RainDance|[upkeep]
|-heal|p2a: Rotom|100/100|[from] item: Leftovers
|upkeep
|turn|14
|
|t:|1734910062
|move|p1a: Keldeo|Secret Sword|p2a: Rotom
|-damage|p2a: Rotom|44/100
|move|p2a: Rotom|Volt Switch|p1a: Keldeo
|-supereffective|p1a: Keldeo
|-damage|p1a: Keldeo|40/100
|
|t:|1734910079
|switch|p2a: Latios|Latios, M|58/100|[from] Volt Switch
|
|-weather|RainDance|[upkeep]
|upkeep
|turn|15
|
|t:|1734910101
|switch|p1a: Politoed|Politoed, F|100/100
|move|p2a: Latios|Dragon Pulse|p1a: Politoed
|-damage|p1a: Politoed|59/100
|
|-weather|RainDance|[upkeep]
|-heal|p1a: Politoed|65/100|[from] item: Leftovers
|upkeep
|turn|16
|
|t:|1734910117
|move|p1a: Politoed|Protect|p1a: Politoed
|-singleturn|p1a: Politoed|Protect
|move|p2a: Latios|Dragon Pulse|p1a: Politoed
|-activate|p1a: Politoed|move: Protect
|
|-weather|RainDance|[upkeep]
|-heal|p1a: Politoed|72/100|[from] item: Leftovers
|upkeep
|turn|17
|
|t:|1734910128
|move|p2a: Latios|Dragon Pulse|p1a: Politoed
|-damage|p1a: Politoed|29/100
|move|p1a: Politoed|Scald|p2a: Latios
|-resisted|p2a: Latios
|-damage|p2a: Latios|37/100
|
|-weather|RainDance|[upkeep]
|-heal|p1a: Politoed|35/100|[from] item: Leftovers
|upkeep
|turn|18
|
|t:|1734910134
|move|p1a: Politoed|Protect|p1a: Politoed
|-singleturn|p1a: Politoed|Protect
|move|p2a: Latios|Dragon Pulse|p1a: Politoed
|-activate|p1a: Politoed|move: Protect
|
|-weather|RainDance|[upkeep]
|-heal|p1a: Politoed|41/100|[from] item: Leftovers
|upkeep
|turn|19
|
|t:|1734910143
|move|p2a: Latios|Dragon Pulse|p1a: Politoed
|-damage|p1a: Politoed|0 fnt
|faint|p1a: Politoed
|
|-weather|RainDance|[upkeep]
|upkeep
|
|t:|1734910157
|switch|p1a: Azumarill|Azumarill, F|100/100
|turn|20
|
|t:|1734910172
|switch|p2a: Rotom|Rotom-Wash|44/100
|move|p1a: Azumarill|Waterfall|p2a: Rotom
|-resisted|p2a: Rotom
|-damage|p2a: Rotom|0 fnt
|faint|p2a: Rotom
|
|-weather|RainDance|[upkeep]
|upkeep
|
|t:|1734910177
|switch|p2a: Tyranitar|Tyranitar, M|88/100 psn
|-weather|Sandstorm|[from] ability: Sand Stream|[of] p2a: Tyranitar
|turn|21
|
|t:|1734910189
|move|p2a: Tyranitar|Thunder Wave|p1a: Azumarill
|-status|p1a: Azumarill|par
|move|p1a: Azumarill|Waterfall|p2a: Tyranitar
|-supereffective|p2a: Tyranitar
|-damage|p2a: Tyranitar|0 fnt
|faint|p2a: Tyranitar
|
|-weather|Sandstorm|[upkeep]
|-damage|p1a: Azumarill|94/100 par|[from] Sandstorm
|upkeep
|
|t:|1734910196
|switch|p2a: Landorus|Landorus-Therian, M|100/100
|-ability|p2a: Landorus|Intimidate|boost
|-unboost|p1a: Azumarill|atk|1
|turn|22
|
|t:|1734910224
|switch|p1a: Latios|Latios, M|100/100
|move|p2a: Landorus|Earthquake|p1a: Latios
|-immune|p1a: Latios|[from] ability: Levitate
|
|-weather|Sandstorm|[upkeep]
|-damage|p1a: Latios|95/100|[from] Sandstorm
|upkeep
|turn|23
|
|t:|1734910235
|move|p1a: Latios|Surf|p2a: Landorus
|-supereffective|p2a: Landorus
|-damage|p2a: Landorus|41/100
|move|p2a: Landorus|Hidden Power|p1a: Latios
|-supereffective|p1a: Latios
|-damage|p1a: Latios|61/100
|
|-weather|Sandstorm|[upkeep]
|-damage|p1a: Latios|55/100|[from] Sandstorm
|-heal|p2a: Landorus|47/100|[from] item: Leftovers
|upkeep
|turn|24
|
|t:|1734910243
|move|p1a: Latios|Surf|p2a: Landorus
|-supereffective|p2a: Landorus
|-damage|p2a: Landorus|0 fnt
|faint|p2a: Landorus
|
|-weather|Sandstorm|[upkeep]
|-damage|p1a: Latios|49/100|[from] Sandstorm
|upkeep
|
|t:|1734910245
|switch|p2a: Mamoswine|Mamoswine, M|100/100
|-status|p2a: Mamoswine|psn
|turn|25
|
|t:|1734910262
|move|p1a: Latios|Surf|p2a: Mamoswine
|-supereffective|p2a: Mamoswine
|-damage|p2a: Mamoswine|6/100 psn
|move|p2a: Mamoswine|Icicle Crash|p1a: Latios
|-supereffective|p1a: Latios
|-damage|p1a: Latios|0 fnt
|faint|p1a: Latios
|
|-weather|Sandstorm|[upkeep]
|-damage|p2a: Mamoswine|0 fnt|[from] psn
|faint|p2a: Mamoswine
|upkeep
|
|t:|1734910271
|switch|p1a: Keldeo|Keldeo|40/100
|switch|p2a: Latios|Latios, M|37/100
|turn|26
|
|t:|1734910275
|move|p2a: Latios|Dragon Pulse|p1a: Keldeo
|-crit|p1a: Keldeo
|-damage|p1a: Keldeo|0 fnt
|faint|p1a: Keldeo
|
|-weather|Sandstorm|[upkeep]
|-damage|p2a: Latios|31/100|[from] Sandstorm
|upkeep
|
|t:|1734910278
|switch|p1a: Azumarill|Azumarill, F|94/100 par
|turn|27
|
|t:|1734910293
|move|p1a: Azumarill|Aqua Jet|p2a: Latios
|-resisted|p2a: Latios
|-damage|p2a: Latios|6/100
|move|p2a: Latios|Dragon Pulse|p1a: Azumarill
|-damage|p1a: Azumarill|47/100 par
|
|-weather|Sandstorm|[upkeep]
|-damage|p2a: Latios|0 fnt|[from] Sandstorm
|-damage|p1a: Azumarill|41/100 par|[from] Sandstorm
|faint|p2a: Latios
|
|win|HydreigonSpammer
|upkeep
|raw|HydreigonSpammer's rating: 1380 &rarr; <strong>1397</strong><br />(+17 for winning)
|raw|techsavage's rating: 1321 &rarr; <strong>1304</strong><br />(-17 for losing)
