|j|☆TheMiracleMan420
|j|☆G4416143
|player|p1|TheMiracleMan420|265
|player|p2|G4416143|277
|teamsize|p1|6
|teamsize|p2|6
|gametype|singles
|gen|5
|tier|[Gen 5] OU
|rated|
|rule|Sleep Clause Mod: Limit one foe put to sleep
|rule|Species Clause: Limit one of each Pokémon
|rule|OHKO Clause: OHKO moves are banned
|rule|Moody Clause: Moody is banned
|rule|Evasion Moves Clause: Evasion moves are banned
|rule|Endless Battle Clause: Forcing endless battles is banned
|rule|HP Percentage Mod: HP is shown in percentages
|rule|Evasion Abilities Clause: Evasion abilities are banned
|rule|Baton Pass Clause: Limit one Baton Passer, can't pass Spe and other stats simultaneously
|rule|Swagger Clause: Swagger is banned
|clearpoke
|poke|p1|Cloyster, M|item
|poke|p1|Conkeldurr, M|item
|poke|p1|Salamence, M|item
|poke|p1|Chandelure, M|item
|poke|p1|Metagross|item
|poke|p1|Starmie|item
|poke|p2|Dragonite, M|item
|poke|p2|Latios, M|item
|poke|p2|Mamoswine, M|item
|poke|p2|Magnezone|item
|poke|p2|Haxorus, M|item
|poke|p2|Jirachi|item
|teampreview
|c|☆TheMiracleMan420|gl fam
|c|☆G4416143|gl hf u2
|
|start
|switch|p1a: Cloyster|Cloyster, M|100/100
|switch|p2a: Magnezone|Magnezone|100/100
|turn|1
|
|switch|p1a: Chandelure|Chandelure, M|100/100
|move|p2a: Magnezone|Thunderbolt|p1a: Chandelure
|-damage|p1a: Chandelure|34/100
|-status|p1a: Chandelure|par
|
|upkeep
|turn|2
|
|move|p2a: Magnezone|Thunderbolt|p1a: Chandelure
|-damage|p1a: Chandelure|0 fnt
|faint|p1a: Chandelure
|
|upkeep
|
|switch|p1a: Salamence|Salamence, M|100/100
|-ability|p1a: Salamence|Intimidate|boost
|-unboost|p2a: Magnezone|atk|1
|turn|3
|
|move|p1a: Salamence|Dragon Dance|p1a: Salamence
|-boost|p1a: Salamence|atk|1
|-boost|p1a: Salamence|spe|1
|move|p2a: Magnezone|Thunderbolt|p1a: Salamence
|-damage|p1a: Salamence|33/100
|
|upkeep
|turn|4
|
|switch|p2a: Dragonite|Dragonite, M|100/100
|move|p1a: Salamence|Fire Fang|p2a: Dragonite
|-resisted|p2a: Dragonite
|-damage|p2a: Dragonite|89/100
|
|upkeep
|turn|5
|
|move|p2a: Dragonite|Extreme Speed|p1a: Salamence
|-damage|p1a: Salamence|0 fnt
|faint|p1a: Salamence
|
|upkeep
|
|switch|p1a: Cloyster|Cloyster, M|100/100
|turn|6
|
|switch|p2a: Magnezone|Magnezone|100/100
|move|p1a: Cloyster|Shell Smash|p1a: Cloyster
|-unboost|p1a: Cloyster|def|1
|-unboost|p1a: Cloyster|spd|1
|-boost|p1a: Cloyster|atk|2
|-boost|p1a: Cloyster|spa|2
|-boost|p1a: Cloyster|spe|2
|
|upkeep
|turn|7
|
|move|p1a: Cloyster|Icicle Spear|p2a: Magnezone
|-resisted|p2a: Magnezone
|-damage|p2a: Magnezone|90/100
|-resisted|p2a: Magnezone
|-damage|p2a: Magnezone|79/100
|-resisted|p2a: Magnezone
|-damage|p2a: Magnezone|69/100
|-resisted|p2a: Magnezone
|-damage|p2a: Magnezone|57/100
|-resisted|p2a: Magnezone
|-damage|p2a: Magnezone|47/100
|-hitcount|p2a: Magnezone|5
|cant|p2a: Magnezone|flinch
|
|-heal|p2a: Magnezone|53/100|[from] item: Leftovers
|upkeep
|turn|8
|
|move|p1a: Cloyster|Icicle Spear|p2a: Magnezone
|-resisted|p2a: Magnezone
|-damage|p2a: Magnezone|43/100
|-resisted|p2a: Magnezone
|-damage|p2a: Magnezone|31/100
|-resisted|p2a: Magnezone
|-damage|p2a: Magnezone|20/100
|-resisted|p2a: Magnezone
|-damage|p2a: Magnezone|9/100
|-resisted|p2a: Magnezone
|-damage|p2a: Magnezone|0 fnt
|-hitcount|p2a: Magnezone|5
|faint|p2a: Magnezone
|
|upkeep
|
|switch|p2a: Jirachi|Jirachi|100/100
|turn|9
|
|move|p2a: Jirachi|Iron Head|p1a: Cloyster
|-damage|p1a: Cloyster|54/100
|move|p1a: Cloyster|Icicle Spear|p2a: Jirachi
|-resisted|p2a: Jirachi
|-damage|p2a: Jirachi|89/100
|-resisted|p2a: Jirachi
|-damage|p2a: Jirachi|78/100
|-resisted|p2a: Jirachi
|-damage|p2a: Jirachi|66/100
|-resisted|p2a: Jirachi
|-damage|p2a: Jirachi|55/100
|-resisted|p2a: Jirachi
|-damage|p2a: Jirachi|44/100
|-hitcount|p2a: Jirachi|5
|
|upkeep
|turn|10
|
|move|p2a: Jirachi|Iron Head|p1a: Cloyster
|-damage|p1a: Cloyster|6/100
|move|p1a: Cloyster|Icicle Spear|p2a: Jirachi
|-resisted|p2a: Jirachi
|-damage|p2a: Jirachi|33/100
|-resisted|p2a: Jirachi
|-damage|p2a: Jirachi|21/100
|-resisted|p2a: Jirachi
|-damage|p2a: Jirachi|10/100
|-resisted|p2a: Jirachi
|-damage|p2a: Jirachi|0 fnt
|-hitcount|p2a: Jirachi|4
|faint|p2a: Jirachi
|
|upkeep
|
|switch|p2a: Dragonite|Dragonite, M|89/100
|turn|11
|
|move|p2a: Dragonite|Extreme Speed|p1a: Cloyster
|-damage|p1a: Cloyster|0 fnt
|faint|p1a: Cloyster
|
|upkeep
|
|switch|p1a: Metagross|Metagross|100/100
|turn|12
|
|switch|p2a: Mamoswine|Mamoswine, M|100/100
|move|p1a: Metagross|Meteor Mash|p2a: Mamoswine
|-supereffective|p2a: Mamoswine
|-enditem|p2a: Mamoswine|Focus Sash
|-damage|p2a: Mamoswine|1/100
|
|upkeep
|turn|13
|
|move|p2a: Mamoswine|Endeavor|p1a: Metagross
|-damage|p1a: Metagross|1/100
|move|p1a: Metagross|Meteor Mash|p2a: Mamoswine
|-supereffective|p2a: Mamoswine
|-damage|p2a: Mamoswine|0 fnt
|faint|p2a: Mamoswine
|
|upkeep
|
|switch|p2a: Haxorus|Haxorus, M, shiny|100/100
|-ability|p2a: Haxorus|Mold Breaker
|turn|14
|
|move|p2a: Haxorus|Earthquake|p1a: Metagross
|-supereffective|p1a: Metagross
|-damage|p1a: Metagross|0 fnt
|faint|p1a: Metagross
|
|upkeep
|
|switch|p1a: Starmie|Starmie|100/100
|turn|15
|
|move|p1a: Starmie|Scald|p2a: Haxorus
|-resisted|p2a: Haxorus
|-damage|p2a: Haxorus|68/100
|-damage|p1a: Starmie|91/100|[from] item: Life Orb
|move|p2a: Haxorus|Outrage|p1a: Starmie
|-damage|p1a: Starmie|0 fnt
|faint|p1a: Starmie
|
|upkeep
|
|switch|p1a: Conkeldurr|Conkeldurr, M|100/100
|turn|16
|
|move|p2a: Haxorus|Outrage|p1a: Conkeldurr|[from]lockedmove
|-damage|p1a: Conkeldurr|35/100
|move|p1a: Conkeldurr|Bulk Up|p1a: Conkeldurr
|-boost|p1a: Conkeldurr|atk|1
|-boost|p1a: Conkeldurr|def|1
|
|-status|p1a: Conkeldurr|brn|[from] item: Flame Orb
|upkeep
|turn|17
|
|move|p1a: Conkeldurr|Mach Punch|p2a: Haxorus
|-damage|p2a: Haxorus|0 fnt
|faint|p2a: Haxorus
|
|-damage|p1a: Conkeldurr|23/100 brn|[from] brn
|upkeep
|
|switch|p2a: Dragonite|Dragonite, M|89/100
|turn|18
|
|move|p2a: Dragonite|Extreme Speed|p1a: Conkeldurr
|-damage|p1a: Conkeldurr|0 fnt
|faint|p1a: Conkeldurr
|
|win|G4416143
|raw|TheMiracleMan420's rating: 1331 &rarr; <strong>1309</strong><br />(-22 for losing)
|raw|G4416143's rating: 1290 &rarr; <strong>1318</strong><br />(+28 for winning)
|l|☆TheMiracleMan420
