|j|☆chundee galaxy
|j|☆HydreigonSpammer
|t:|1735059321
|gametype|singles
|player|p1|chundee galaxy|alder|1362
|player|p2|HydreigonSpammer|janitor|1389
|teamsize|p1|6
|teamsize|p2|6
|gen|5
|tier|[Gen 5] OU
|rated|
|rule|Species Clause: Limit one of each Pokémon
|rule|OHKO Clause: OHKO moves are banned
|rule|Moody Clause: Moody is banned
|rule|Evasion Items Clause: Evasion items are banned
|rule|Evasion Moves Clause: Evasion moves are banned
|rule|Endless Battle Clause: Forcing endless battles is banned
|rule|HP Percentage Mod: HP is shown in percentages
|rule|Evasion Abilities Clause: Evasion abilities are banned
|rule|Sleep Moves Clause: Sleep-inducing moves are banned
|rule|Swagger Clause: Swagger is banned
|rule|Baton Pass Stat Clause: No Baton Passer may have a way to boost its stats
|clearpoke
|poke|p1|Politoed, F|item
|poke|p1|Gyarados, M|item
|poke|p1|Keldeo|item
|poke|p1|Breloom, M|item
|poke|p1|Metagross|item
|poke|p1|Scizor, F|item
|poke|p2|Politoed, F|item
|poke|p2|Ferrothorn, F|item
|poke|p2|Thundurus-Therian, M|item
|poke|p2|Keldeo|item
|poke|p2|Tornadus, M|item
|poke|p2|Jirachi|item
|teampreview
|
|t:|1735059335
|start
|switch|p1a: Breloom|Breloom, M|100/100
|switch|p2a: Politoed|Politoed, F|100/100
|-weather|RainDance|[from] ability: Drizzle|[of] p2a: Politoed
|turn|1
|
|t:|1735059347
|switch|p2a: Jirachi|Jirachi|100/100
|move|p1a: Breloom|Bullet Seed|p2a: Jirachi
|-resisted|p2a: Jirachi
|-damage|p2a: Jirachi|88/100
|-resisted|p2a: Jirachi
|-damage|p2a: Jirachi|74/100
|-resisted|p2a: Jirachi
|-damage|p2a: Jirachi|62/100
|-resisted|p2a: Jirachi
|-damage|p2a: Jirachi|47/100
|-hitcount|p2a: Jirachi|4
|
|-weather|RainDance|[upkeep]
|-heal|p2a: Jirachi|54/100|[from] item: Leftovers
|upkeep
|turn|2
|
|t:|1735059361
|switch|p1a: Metagross|Metagross|100/100
|move|p2a: Jirachi|Stealth Rock|p1a: Metagross
|-sidestart|p1: chundee galaxy|move: Stealth Rock
|
|-weather|RainDance|[upkeep]
|-heal|p2a: Jirachi|60/100|[from] item: Leftovers
|upkeep
|turn|3
|
|t:|1735059369
|move|p2a: Jirachi|U-turn|p1a: Metagross
|-damage|p1a: Metagross|88/100
|
|t:|1735059372
|switch|p2a: Ferrothorn|Ferrothorn, F|100/100|[from] U-turn
|move|p1a: Metagross|Stealth Rock|p2a: Ferrothorn
|-sidestart|p2: HydreigonSpammer|move: Stealth Rock
|
|-weather|RainDance|[upkeep]
|upkeep
|turn|4
|
|t:|1735059382
|switch|p1a: Breloom|Breloom, M|100/100
|-damage|p1a: Breloom|94/100|[from] Stealth Rock
|move|p2a: Ferrothorn|Spikes|p1a: Breloom
|-sidestart|p1: chundee galaxy|Spikes
|
|-weather|RainDance|[upkeep]
|upkeep
|turn|5
|
|t:|1735059389
|switch|p2a: Politoed|Politoed, F|100/100
|-damage|p2a: Politoed|88/100|[from] Stealth Rock
|move|p1a: Breloom|Superpower|p2a: Politoed
|-damage|p2a: Politoed|4/100
|-unboost|p1a: Breloom|atk|1
|-unboost|p1a: Breloom|def|1
|-enditem|p2a: Politoed|Eject Button
|
|t:|1735059402
|switch|p2a: Tornadus|Tornadus, M|100/100
|-damage|p2a: Tornadus|76/100|[from] Stealth Rock
|
|-weather|RainDance|[upkeep]
|upkeep
|turn|6
|j| GermanoMosconiKing
|c| GermanoMosconiKing|cordiale buonasera hydreigon
|c|☆HydreigonSpammer|pure a te Germano
|
|t:|1735059448
|switch|p1a: Metagross|Metagross|88/100
|-damage|p1a: Metagross|82/100|[from] Stealth Rock
|-damage|p1a: Metagross|70/100|[from] Spikes
|move|p2a: Tornadus|Hurricane|p1a: Metagross
|-resisted|p1a: Metagross
|-damage|p1a: Metagross|26/100
|
|-weather|RainDance|[upkeep]
|upkeep
|turn|7
|
|t:|1735059466
|move|p2a: Tornadus|Hurricane|p1a: Metagross
|-resisted|p1a: Metagross
|-damage|p1a: Metagross|0 fnt
|faint|p1a: Metagross
|
|-weather|RainDance|[upkeep]
|upkeep
|
|t:|1735059478
|switch|p1a: Politoed|Politoed, F|100/100
|-damage|p1a: Politoed|88/100|[from] Stealth Rock
|-damage|p1a: Politoed|76/100|[from] Spikes
|turn|8
|
|t:|1735059488
|switch|p2a: Politoed|Politoed, F|4/100
|-damage|p2a: Politoed|0 fnt|[from] Stealth Rock
|faint|p2a: Politoed
|move|p1a: Politoed|Surf|p2: Politoed|[notarget]
|-fail|p1a: Politoed
|
|-weather|RainDance|[upkeep]
|upkeep
|
|t:|1735059491
|switch|p2a: Thundurus|Thundurus-Therian, M|100/100
|-damage|p2a: Thundurus|75/100|[from] Stealth Rock
|turn|9
|
|t:|1735059505
|move|p2a: Thundurus|Thunder|p1a: Politoed
|-supereffective|p1a: Politoed
|-damage|p1a: Politoed|0 fnt
|faint|p1a: Politoed
|
|-weather|RainDance|[upkeep]
|upkeep
|
|t:|1735059517
|switch|p1a: Keldeo|Keldeo|100/100
|-damage|p1a: Keldeo|94/100|[from] Stealth Rock
|-damage|p1a: Keldeo|82/100|[from] Spikes
|turn|10
|
|t:|1735059530
|switch|p2a: Ferrothorn|Ferrothorn, F|100/100
|-damage|p2a: Ferrothorn|94/100|[from] Stealth Rock
|move|p1a: Keldeo|Surf|p2a: Ferrothorn
|-resisted|p2a: Ferrothorn
|-crit|p2a: Ferrothorn
|-damage|p2a: Ferrothorn|20/100
|
|-weather|RainDance|[upkeep]
|-heal|p2a: Ferrothorn|26/100|[from] item: Leftovers
|upkeep
|turn|11
|
|t:|1735059546
|move|p1a: Keldeo|Surf|p2a: Ferrothorn
|-resisted|p2a: Ferrothorn
|-damage|p2a: Ferrothorn|0 fnt
|faint|p2a: Ferrothorn
|
|-weather|RainDance|[upkeep]
|upkeep
|
|t:|1735059582
|switch|p2a: Tornadus|Tornadus, M|76/100
|-damage|p2a: Tornadus|51/100|[from] Stealth Rock
|turn|12
|
|t:|1735059592
|move|p2a: Tornadus|Hurricane|p1a: Keldeo
|-supereffective|p1a: Keldeo
|-damage|p1a: Keldeo|0 fnt
|faint|p1a: Keldeo
|
|-weather|RainDance|[upkeep]
|upkeep
|
|t:|1735059600
|switch|p1a: Scizor|Scizor, F|100/100
|-damage|p1a: Scizor|88/100|[from] Stealth Rock
|-damage|p1a: Scizor|76/100|[from] Spikes
|turn|13
|
|t:|1735059608
|move|p1a: Scizor|Bullet Punch|p2a: Tornadus
|-damage|p2a: Tornadus|0 fnt
|faint|p2a: Tornadus
|
|-weather|RainDance|[upkeep]
|upkeep
|
|t:|1735059636
|switch|p2a: Keldeo|Keldeo|100/100
|-damage|p2a: Keldeo|94/100|[from] Stealth Rock
|turn|14
|
|t:|1735059653
|move|p1a: Scizor|Bullet Punch|p2a: Keldeo
|-resisted|p2a: Keldeo
|-damage|p2a: Keldeo|65/100
|move|p2a: Keldeo|Surf|p1a: Scizor
|-damage|p1a: Scizor|0 fnt
|faint|p1a: Scizor
|
|-weather|RainDance|[upkeep]
|upkeep
|
|t:|1735059668
|switch|p1a: Breloom|Breloom, M|94/100
|-damage|p1a: Breloom|88/100|[from] Stealth Rock
|-damage|p1a: Breloom|76/100|[from] Spikes
|turn|15
|
|t:|1735059676
|move|p1a: Breloom|Mach Punch|p2a: Keldeo
|-damage|p2a: Keldeo|4/100
|move|p2a: Keldeo|Surf|p1a: Breloom
|-resisted|p1a: Breloom
|-damage|p1a: Breloom|7/100
|
|-weather|RainDance|[upkeep]
|upkeep
|turn|16
|
|t:|1735059682
|move|p1a: Breloom|Mach Punch|p2a: Keldeo
|-damage|p2a: Keldeo|0 fnt
|faint|p2a: Keldeo
|
|-weather|RainDance|[upkeep]
|upkeep
|
|t:|1735059691
|switch|p2a: Jirachi|Jirachi|60/100
|-damage|p2a: Jirachi|54/100|[from] Stealth Rock
|turn|17
|
|t:|1735059700
|move|p1a: Breloom|Mach Punch|p2a: Jirachi
|-damage|p2a: Jirachi|12/100
|move|p2a: Jirachi|Healing Wish|p2a: Jirachi
|faint|p2a: Jirachi
|
|-weather|RainDance|[upkeep]
|upkeep
|
|t:|1735059702
|switch|p2a: Thundurus|Thundurus-Therian, M|75/100
|-heal|p2a: Thundurus|100/100|[from] move: Healing Wish
|-damage|p2a: Thundurus|75/100|[from] Stealth Rock
|turn|18
|
|t:|1735059709
|move|p1a: Breloom|Mach Punch|p2a: Thundurus
|-resisted|p2a: Thundurus
|-damage|p2a: Thundurus|35/100
|move|p2a: Thundurus|Thunder|p1a: Breloom
|-resisted|p1a: Breloom
|-damage|p1a: Breloom|0 fnt
|faint|p1a: Breloom
|
|-weather|RainDance|[upkeep]
|upkeep
|c|☆chundee galaxy|gg
|
|t:|1735059718
|switch|p1a: Gyarados|Gyarados, M|100/100
|-damage|p1a: Gyarados|76/100|[from] Stealth Rock
|turn|19
|c| GermanoMosconiKing|gg
|c|☆HydreigonSpammer|gg
|
|t:|1735059726
|move|p2a: Thundurus|Thunder|p1a: Gyarados
|-supereffective|p1a: Gyarados
|-damage|p1a: Gyarados|0 fnt
|faint|p1a: Gyarados
|
|win|HydreigonSpammer
|raw|chundee galaxy's rating: 1362 &rarr; <strong>1344</strong><br />(-18 for losing)
|raw|HydreigonSpammer's rating: 1389 &rarr; <strong>1407</strong><br />(+18 for winning)
