|j|☆LTEZ Kellogs
|j|☆Lancer MK
|player|p1|LTEZ Kellogs|pokemonbreeder-gen3
|player|p2|Lancer MK|tucker-gen3
|teamsize|p1|6
|teamsize|p2|6
|gametype|singles
|gen|5
|tier|[Gen 5] OU
|rated|
|rule|Sleep Clause Mod: Limit one foe put to sleep
|rule|Species Clause: Limit one of each Pokémon
|rule|OHKO Clause: OHKO moves are banned
|rule|Moody Clause: Moody is banned
|rule|Evasion Moves Clause: Evasion moves are banned
|rule|Endless Battle Clause: Forcing endless battles is banned
|rule|HP Percentage Mod: HP is shown in percentages
|rule|Evasion Abilities Clause: Evasion abilities are banned
|rule|Baton Pass Clause: Limit one Baton Passer, can't pass Spe and other stats simultaneously
|rule|Swagger Clause: Swagger is banned
|clearpoke
|poke|p1|Excadrill, F|item
|poke|p1|Terrakion|item
|poke|p1|Tyranitar, F|item
|poke|p1|Rotom-Wash|item
|poke|p1|Amoonguss, F|item
|poke|p1|Skarmory, F|item
|poke|p2|Conkeldurr, M|item
|poke|p2|Espeon, F|item
|poke|p2|Cloyster, M|item
|poke|p2|Landorus-Therian, M|item
|poke|p2|Empoleon, M|item
|poke|p2|Scizor, M|item
|teampreview
|inactive|Battle timer is ON: inactive players will automatically lose when time's up. (requested by Lancer MK)
|inactive|LTEZ Kellogs has 120 seconds left.
|
|start
|switch|p1a: Rotom|Rotom-Wash|100/100
|switch|p2a: Landorus|Landorus-Therian, M|100/100
|-ability|p2a: Landorus|Intimidate|boost
|-unboost|p1a: Rotom|atk|1
|turn|1
|
|switch|p1a: Skarmory|Skarmory, F|100/100
|move|p2a: Landorus|Stealth Rock|p1a: Skarmory
|-sidestart|p1: LTEZ Kellogs|move: Stealth Rock
|
|upkeep
|turn|2
|
|move|p2a: Landorus|Explosion|p1a: Skarmory
|-resisted|p1a: Skarmory
|-damage|p1a: Skarmory|63/100
|faint|p2a: Landorus
|move|p1a: Skarmory|Spikes|p2: Landorus
|-sidestart|p2: Lancer MK|Spikes
|
|-heal|p1a: Skarmory|69/100|[from] item: Leftovers
|upkeep
|
|switch|p2a: Espeon|Espeon, F|100/100
|-damage|p2a: Espeon|88/100|[from] Spikes
|turn|3
|
|switch|p1a: Tyranitar|Tyranitar, F|100/100
|-damage|p1a: Tyranitar|88/100|[from] Stealth Rock
|-weather|Sandstorm|[from] ability: Sand Stream|[of] p1a: Tyranitar
|move|p2a: Espeon|Reflect|p2a: Espeon
|-sidestart|p2: Lancer MK|Reflect
|
|-weather|Sandstorm|[upkeep]
|-damage|p2a: Espeon|82/100|[from] Sandstorm
|upkeep
|turn|4
|
|move|p2a: Espeon|Light Screen|p2a: Espeon
|-sidestart|p2: Lancer MK|move: Light Screen
|move|p1a: Tyranitar|Crunch|p2a: Espeon
|-supereffective|p2a: Espeon
|-damage|p2a: Espeon|13/100
|
|-weather|Sandstorm|[upkeep]
|-damage|p2a: Espeon|7/100|[from] Sandstorm
|upkeep
|turn|5
|
|move|p2a: Espeon|Baton Pass|p2a: Espeon
|
|switch|p2a: Empoleon|Empoleon, M|100/100
|-damage|p2a: Empoleon|88/100|[from] Spikes
|move|p1a: Tyranitar|Crunch|p2a: Empoleon
|-resisted|p2a: Empoleon
|-damage|p2a: Empoleon|75/100
|
|-weather|Sandstorm|[upkeep]
|upkeep
|turn|6
|
|move|p2a: Empoleon|Ice Beam|p1a: Tyranitar
|-damage|p1a: Tyranitar|66/100
|-damage|p2a: Empoleon|65/100|[from] item: Life Orb
|move|p1a: Tyranitar|Stealth Rock|p2a: Empoleon
|-sidestart|p2: Lancer MK|move: Stealth Rock
|
|-weather|Sandstorm|[upkeep]
|upkeep
|turn|7
|
|switch|p1a: Rotom|Rotom-Wash|100/100
|-damage|p1a: Rotom|88/100|[from] Stealth Rock
|move|p2a: Empoleon|Ice Beam|p1a: Rotom
|-resisted|p1a: Rotom
|-damage|p1a: Rotom|64/100
|-damage|p2a: Empoleon|55/100|[from] item: Life Orb
|
|-weather|Sandstorm|[upkeep]
|-damage|p1a: Rotom|58/100|[from] Sandstorm
|-heal|p1a: Rotom|64/100|[from] item: Leftovers
|upkeep
|turn|8
|
|switch|p2a: Espeon|Espeon, F|7/100
|-damage|p2a: Espeon|0 fnt|[from] Stealth Rock
|faint|p2a: Espeon
|move|p1a: Rotom|Volt Switch|p2: Espeon|[notarget]
|-fail|p1a: Rotom
|
|-weather|Sandstorm|[upkeep]
|-damage|p1a: Rotom|58/100|[from] Sandstorm
|-heal|p1a: Rotom|64/100|[from] item: Leftovers
|upkeep
|
|switch|p2a: Conkeldurr|Conkeldurr, M, shiny|100/100
|-damage|p2a: Conkeldurr|88/100|[from] Spikes
|-damage|p2a: Conkeldurr|82/100|[from] Stealth Rock
|turn|9
|
|move|p1a: Rotom|Hydro Pump|p2a: Conkeldurr
|-damage|p2a: Conkeldurr|49/100
|move|p2a: Conkeldurr|Thunder Punch|p1a: Rotom
|-crit|p1a: Rotom
|-damage|p1a: Rotom|3/100
|
|-weather|Sandstorm|[upkeep]
|-damage|p1a: Rotom|0 fnt|[from] Sandstorm
|-damage|p2a: Conkeldurr|43/100|[from] Sandstorm
|faint|p1a: Rotom
|-status|p2a: Conkeldurr|brn|[from] item: Flame Orb
|upkeep
|
|switch|p1a: Amoonguss|Amoonguss, F|100/100
|-damage|p1a: Amoonguss|88/100|[from] Stealth Rock
|turn|10
|
|move|p2a: Conkeldurr|Ice Punch|p1a: Amoonguss
|-supereffective|p1a: Amoonguss
|-damage|p1a: Amoonguss|0 fnt
|faint|p1a: Amoonguss
|
|-weather|Sandstorm|[upkeep]
|-damage|p2a: Conkeldurr|37/100 brn|[from] Sandstorm
|-damage|p2a: Conkeldurr|24/100 brn|[from] brn
|-sideend|p2: Lancer MK|Reflect
|upkeep
|inactive|LTEZ Kellogs has 120 seconds left.
|
|switch|p1a: Excadrill|Excadrill, F|100/100
|-damage|p1a: Excadrill|97/100|[from] Stealth Rock
|-ability|p1a: Excadrill|Mold Breaker
|turn|11
|
|switch|p1a: Tyranitar|Tyranitar, F|66/100
|-damage|p1a: Tyranitar|54/100|[from] Stealth Rock
|move|p2a: Conkeldurr|Mach Punch|p1a: Tyranitar
|-supereffective|p1a: Tyranitar
|-enditem|p1a: Tyranitar|Chople Berry|[eat]
|-enditem|p1a: Tyranitar|Chople Berry|[weaken]
|-damage|p1a: Tyranitar|0 fnt
|faint|p1a: Tyranitar
|
|-weather|Sandstorm|[upkeep]
|-damage|p2a: Conkeldurr|18/100 brn|[from] Sandstorm
|-damage|p2a: Conkeldurr|6/100 brn|[from] brn
|-sideend|p2: Lancer MK|move: Light Screen
|upkeep
|
|switch|p1a: Terrakion|Terrakion|100/100
|-damage|p1a: Terrakion|94/100|[from] Stealth Rock
|turn|12
|
|move|p1a: Terrakion|Quick Attack|p2a: Conkeldurr
|-damage|p2a: Conkeldurr|0 fnt
|faint|p2a: Conkeldurr
|
|-weather|Sandstorm|[upkeep]
|upkeep
|
|switch|p2a: Cloyster|Cloyster, M, shiny|100/100
|-damage|p2a: Cloyster|76/100|[from] Stealth Rock
|-damage|p2a: Cloyster|63/100|[from] Spikes
|turn|13
|
|move|p1a: Terrakion|Quick Attack|p2a: Cloyster
|-damage|p2a: Cloyster|44/100
|move|p2a: Cloyster|Shell Smash|p2a: Cloyster
|-unboost|p2a: Cloyster|def|1
|-unboost|p2a: Cloyster|spd|1
|-boost|p2a: Cloyster|atk|2
|-boost|p2a: Cloyster|spa|2
|-boost|p2a: Cloyster|spe|2
|
|-weather|Sandstorm|[upkeep]
|-damage|p2a: Cloyster|38/100|[from] Sandstorm
|upkeep
|turn|14
|
|move|p1a: Terrakion|Quick Attack|p2a: Cloyster
|-damage|p2a: Cloyster|11/100
|move|p2a: Cloyster|Icicle Spear|p1a: Terrakion
|-damage|p1a: Terrakion|68/100
|-damage|p1a: Terrakion|43/100
|-damage|p1a: Terrakion|18/100
|-damage|p1a: Terrakion|0 fnt
|-hitcount|p1a: Terrakion|4
|faint|p1a: Terrakion
|
|-weather|Sandstorm|[upkeep]
|-damage|p2a: Cloyster|5/100|[from] Sandstorm
|upkeep
|
|switch|p1a: Skarmory|Skarmory, F|69/100
|-damage|p1a: Skarmory|56/100|[from] Stealth Rock
|turn|15
|
|move|p2a: Cloyster|Icicle Spear|p1a: Skarmory
|-damage|p1a: Skarmory|39/100
|-damage|p1a: Skarmory|20/100
|-damage|p1a: Skarmory|3/100
|-damage|p1a: Skarmory|0 fnt
|-hitcount|p1a: Skarmory|4
|faint|p1a: Skarmory
|
|-weather|Sandstorm|[upkeep]
|-damage|p2a: Cloyster|0 fnt|[from] Sandstorm
|faint|p2a: Cloyster
|upkeep
|
|switch|p2a: Empoleon|Empoleon, M|55/100
|switch|p1a: Excadrill|Excadrill, F|97/100
|-damage|p1a: Excadrill|94/100|[from] Stealth Rock
|-ability|p1a: Excadrill|Mold Breaker
|-damage|p2a: Empoleon|49/100|[from] Stealth Rock
|-damage|p2a: Empoleon|37/100|[from] Spikes
|turn|16
|
|move|p1a: Excadrill|Earthquake|p2a: Empoleon
|-supereffective|p2a: Empoleon
|-damage|p2a: Empoleon|0 fnt
|faint|p2a: Empoleon
|
|-weather|Sandstorm|[upkeep]
|upkeep
|
|switch|p2a: Scizor|Scizor, M|100/100
|-damage|p2a: Scizor|88/100|[from] Spikes
|-damage|p2a: Scizor|76/100|[from] Stealth Rock
|turn|17
|
|move|p1a: Excadrill|Earthquake|p2a: Scizor
|-damage|p2a: Scizor|7/100
|move|p2a: Scizor|Superpower|p1a: Excadrill
|-supereffective|p1a: Excadrill
|-damage|p1a: Excadrill|0 fnt
|-unboost|p2a: Scizor|atk|1
|-unboost|p2a: Scizor|def|1
|-damage|p2a: Scizor|0 fnt|[from] item: Life Orb
|faint|p1a: Excadrill
|faint|p2a: Scizor
|
|win|Lancer MK
|raw|LTEZ Kellogs's rating: 1369 &rarr; <strong>1348</strong><br />(-21 for losing)
|raw|Lancer MK's rating: 1344 &rarr; <strong>1366</strong><br />(+22 for winning)
