|j|☆Croaset
|j|☆HayDe223
|t:|1706904286
|gametype|singles
|player|p1|Croaset|elesa|1401
|player|p2|HayDe223|pokemonbreederf-gen4|1367
|teamsize|p1|6
|teamsize|p2|6
|gen|5
|tier|[Gen 5] OU
|rated|
|rule|Species Clause: Limit one of each Pokémon
|rule|OHKO Clause: OHKO moves are banned
|rule|Moody Clause: Moody is banned
|rule|Evasion Items Clause: Evasion items are banned
|rule|Evasion Moves Clause: Evasion moves are banned
|rule|Endless Battle Clause: Forcing endless battles is banned
|rule|HP Percentage Mod: HP is shown in percentages
|rule|Evasion Abilities Clause: Evasion abilities are banned
|rule|Sleep Moves Clause: Sleep-inducing moves are banned
|rule|Swagger Clause: Swagger is banned
|rule|Baton Pass Stat Clause: No Baton Passer may have a way to boost its stats
|clearpoke
|poke|p1|Politoed, M|item
|poke|p1|Tentacruel, M|item
|poke|p1|Ferrothorn, M|item
|poke|p1|Toxicroak, M|item
|poke|p1|Thundurus-Therian, M|item
|poke|p1|Virizion|item
|poke|p2|Gliscor, F|item
|poke|p2|Heatran, F|item
|poke|p2|Celebi|item
|poke|p2|Forretress, F|item
|poke|p2|Tyranitar, M|item
|poke|p2|Keldeo|item
|teampreview
|inactive|Battle timer is ON: inactive players will automatically lose when time's up. (requested by Croaset)
|
|t:|1706904313
|start
|switch|p1a: Virizion|Virizion|100/100
|switch|p2a: Music Is Mine|Celebi|100/100
|turn|1
|
|t:|1706904317
|move|p1a: Virizion|Calm Mind|p1a: Virizion
|-boost|p1a: Virizion|spa|1
|-boost|p1a: Virizion|spd|1
|move|p2a: Music Is Mine|Substitute|p2a: Music Is Mine
|-start|p2a: Music Is Mine|Substitute
|-damage|p2a: Music Is Mine|76/100
|
|-heal|p2a: Music Is Mine|82/100|[from] item: Leftovers
|upkeep
|turn|2
|
|t:|1706904322
|move|p1a: Virizion|Focus Blast|p2a: Music Is Mine|[miss]
|-miss|p1a: Virizion|p2a: Music Is Mine
|move|p2a: Music Is Mine|Psychic|p1a: Virizion
|-supereffective|p1a: Virizion
|-damage|p1a: Virizion|63/100
|
|-heal|p1a: Virizion|69/100|[from] item: Leftovers
|-heal|p2a: Music Is Mine|88/100|[from] item: Leftovers
|upkeep
|turn|3
|
|t:|1706904326
|move|p1a: Virizion|Calm Mind|p1a: Virizion
|-boost|p1a: Virizion|spa|1
|-boost|p1a: Virizion|spd|1
|move|p2a: Music Is Mine|Psychic|p1a: Virizion
|-supereffective|p1a: Virizion
|-damage|p1a: Virizion|43/100
|
|-heal|p1a: Virizion|49/100|[from] item: Leftovers
|-heal|p2a: Music Is Mine|94/100|[from] item: Leftovers
|upkeep
|turn|4
|
|t:|1706904329
|move|p1a: Virizion|Hidden Power|p2a: Music Is Mine
|-supereffective|p2a: Music Is Mine
|-end|p2a: Music Is Mine|Substitute
|move|p2a: Music Is Mine|Psychic|p1a: Virizion
|-supereffective|p1a: Virizion
|-damage|p1a: Virizion|23/100
|
|-heal|p1a: Virizion|29/100|[from] item: Leftovers
|-heal|p2a: Music Is Mine|100/100|[from] item: Leftovers
|upkeep
|turn|5
|
|t:|1706904341
|move|p1a: Virizion|Hidden Power|p2a: Music Is Mine
|-supereffective|p2a: Music Is Mine
|-damage|p2a: Music Is Mine|54/100
|move|p2a: Music Is Mine|Psychic|p1a: Virizion
|-supereffective|p1a: Virizion
|-damage|p1a: Virizion|5/100
|
|-heal|p1a: Virizion|11/100|[from] item: Leftovers
|-heal|p2a: Music Is Mine|60/100|[from] item: Leftovers
|upkeep
|turn|6
|
|t:|1706904366
|move|p1a: Virizion|Hidden Power|p2a: Music Is Mine
|-supereffective|p2a: Music Is Mine
|-damage|p2a: Music Is Mine|11/100
|move|p2a: Music Is Mine|Psychic|p1a: Virizion
|-supereffective|p1a: Virizion
|-damage|p1a: Virizion|0 fnt
|faint|p1a: Virizion
|
|-heal|p2a: Music Is Mine|17/100|[from] item: Leftovers
|upkeep
|
|t:|1706904371
|switch|p1a: Thundurus|Thundurus-Therian, M|100/100
|turn|7
|
|t:|1706904380
|switch|p2a: T.R.O.Y|Tyranitar, M|100/100
|-weather|Sandstorm|[from] ability: Sand Stream|[of] p2a: T.R.O.Y
|move|p1a: Thundurus|Hidden Power|p2a: T.R.O.Y
|-damage|p2a: T.R.O.Y|88/100
|
|-weather|Sandstorm|[upkeep]
|-damage|p1a: Thundurus|94/100|[from] Sandstorm
|-heal|p1a: Thundurus|100/100|[from] item: Leftovers
|upkeep
|turn|8
|
|t:|1706904387
|switch|p1a: Politoed|Politoed, M, shiny|100/100
|-weather|RainDance|[from] ability: Drizzle|[of] p1a: Politoed
|move|p2a: T.R.O.Y|Crunch|p1a: Politoed
|-damage|p1a: Politoed|68/100
|-unboost|p1a: Politoed|def|1
|
|-weather|RainDance|[upkeep]
|-heal|p1a: Politoed|74/100|[from] item: Leftovers
|upkeep
|turn|9
|
|t:|1706904397
|switch|p2a: Do For Love|Keldeo|100/100
|move|p1a: Politoed|Scald|p2a: Do For Love
|-resisted|p2a: Do For Love
|-damage|p2a: Do For Love|80/100
|
|-weather|RainDance|[upkeep]
|-heal|p2a: Do For Love|86/100|[from] item: Leftovers
|-heal|p1a: Politoed|80/100|[from] item: Leftovers
|upkeep
|turn|10
|
|t:|1706904404
|switch|p2a: Music Is Mine|Celebi|17/100
|switch|p1a: Toxicroak|Toxicroak, M|100/100
|
|-weather|RainDance|[upkeep]
|-heal|p2a: Music Is Mine|23/100|[from] item: Leftovers
|upkeep
|turn|11
|
|t:|1706904410
|move|p2a: Music Is Mine|Recover|p2a: Music Is Mine
|-heal|p2a: Music Is Mine|73/100
|move|p1a: Toxicroak|Toxic|p2a: Music Is Mine
|-status|p2a: Music Is Mine|tox
|
|-weather|RainDance|[upkeep]
|-heal|p2a: Music Is Mine|80/100 tox|[from] item: Leftovers
|-damage|p2a: Music Is Mine|73/100 tox|[from] psn
|upkeep
|turn|12
|
|t:|1706904415
|move|p2a: Music Is Mine|Substitute|p2a: Music Is Mine
|-start|p2a: Music Is Mine|Substitute
|-damage|p2a: Music Is Mine|49/100 tox
|move|p1a: Toxicroak|Substitute|p1a: Toxicroak
|-start|p1a: Toxicroak|Substitute
|-damage|p1a: Toxicroak|76/100
|
|-weather|RainDance|[upkeep]
|-heal|p1a: Toxicroak|88/100|[from] ability: Dry Skin
|-heal|p2a: Music Is Mine|55/100 tox|[from] item: Leftovers
|-heal|p1a: Toxicroak|94/100|[from] item: Black Sludge
|-damage|p2a: Music Is Mine|42/100 tox|[from] psn
|upkeep
|turn|13
|
|t:|1706904419
|move|p2a: Music Is Mine|Baton Pass|p2a: Music Is Mine
|
|t:|1706904421
|-curestatus|p2a: Music Is Mine|tox|[from] ability: Natural Cure
|switch|p2a: Good Day|Gliscor, F|100/100|[from] Baton Pass
|move|p1a: Toxicroak|Substitute|p1a: Toxicroak
|-fail|p1a: Toxicroak|move: Substitute
|
|-weather|RainDance|[upkeep]
|-heal|p1a: Toxicroak|100/100|[from] ability: Dry Skin
|-status|p2a: Good Day|tox|[from] item: Toxic Orb
|upkeep
|turn|14
|
|t:|1706904426
|switch|p1a: Thundurus|Thundurus-Therian, M|100/100
|move|p2a: Good Day|Earthquake|p1a: Thundurus
|-immune|p1a: Thundurus
|
|-weather|RainDance|[upkeep]
|upkeep
|turn|15
|
|t:|1706904430
|move|p1a: Thundurus|Hidden Power|p2a: Good Day
|-supereffective|p2a: Good Day
|-crit|p2a: Good Day
|-end|p2a: Good Day|Substitute
|move|p2a: Good Day|Facade|p1a: Thundurus
|-damage|p1a: Thundurus|56/100
|
|-weather|RainDance|[upkeep]
|-heal|p1a: Thundurus|62/100|[from] item: Leftovers
|upkeep
|turn|16
|
|t:|1706904438
|move|p1a: Thundurus|Hidden Power|p2a: Good Day
|-supereffective|p2a: Good Day
|-damage|p2a: Good Day|13/100 tox
|move|p2a: Good Day|Facade|p1a: Thundurus
|-damage|p1a: Thundurus|11/100
|
|-weather|RainDance|[upkeep]
|-heal|p1a: Thundurus|17/100|[from] item: Leftovers
|-heal|p2a: Good Day|25/100 tox|[from] ability: Poison Heal
|upkeep
|turn|17
|
|t:|1706904448
|move|p1a: Thundurus|Hidden Power|p2a: Good Day
|-supereffective|p2a: Good Day
|-damage|p2a: Good Day|0 fnt
|faint|p2a: Good Day
|
|-weather|RainDance|[upkeep]
|-heal|p1a: Thundurus|23/100|[from] item: Leftovers
|upkeep
|
|t:|1706904451
|switch|p2a: T.R.O.Y|Tyranitar, M|88/100
|-weather|Sandstorm|[from] ability: Sand Stream|[of] p2a: T.R.O.Y
|turn|18
|
|t:|1706904456
|move|p1a: Thundurus|Focus Blast|p2a: T.R.O.Y|[miss]
|-miss|p1a: Thundurus|p2a: T.R.O.Y
|move|p2a: T.R.O.Y|Pursuit|p1a: Thundurus
|-damage|p1a: Thundurus|0 fnt
|faint|p1a: Thundurus
|
|-weather|Sandstorm|[upkeep]
|upkeep
|
|t:|1706904461
|switch|p1a: Politoed|Politoed, M, shiny|80/100
|-weather|RainDance|[from] ability: Drizzle|[of] p1a: Politoed
|turn|19
|
|t:|1706904466
|switch|p2a: Music Is Mine|Celebi|42/100
|move|p1a: Politoed|Scald|p2a: Music Is Mine
|-resisted|p2a: Music Is Mine
|-damage|p2a: Music Is Mine|32/100
|
|-weather|RainDance|[upkeep]
|-heal|p2a: Music Is Mine|38/100|[from] item: Leftovers
|-heal|p1a: Politoed|86/100|[from] item: Leftovers
|upkeep
|turn|20
|
|t:|1706904472
|move|p2a: Music Is Mine|Substitute|p2a: Music Is Mine
|-start|p2a: Music Is Mine|Substitute
|-damage|p2a: Music Is Mine|13/100
|move|p1a: Politoed|Toxic||[still]
|-fail|p1a: Politoed
|
|-weather|RainDance|[upkeep]
|-heal|p2a: Music Is Mine|19/100|[from] item: Leftovers
|-heal|p1a: Politoed|93/100|[from] item: Leftovers
|upkeep
|turn|21
|
|t:|1706904476
|move|p2a: Music Is Mine|Recover|p2a: Music Is Mine
|-heal|p2a: Music Is Mine|69/100
|move|p1a: Politoed|Perish Song|p1a: Politoed
|-start|p1a: Politoed|perish3|[silent]
|-start|p2a: Music Is Mine|perish3|[silent]
|-fieldactivate|move: Perish Song
|
|-weather|RainDance|[upkeep]
|-heal|p2a: Music Is Mine|75/100|[from] item: Leftovers
|-heal|p1a: Politoed|99/100|[from] item: Leftovers
|-start|p2a: Music Is Mine|perish3
|-start|p1a: Politoed|perish3
|upkeep
|turn|22
|
|t:|1706904488
|switch|p1a: Ferrothorn|Ferrothorn, M, shiny|100/100
|move|p2a: Music Is Mine|Recover|p2a: Music Is Mine
|-heal|p2a: Music Is Mine|100/100
|
|-weather|RainDance|[upkeep]
|-start|p2a: Music Is Mine|perish2
|upkeep
|turn|23
|
|t:|1706904496
|switch|p2a: Criminology|Heatran, F|100/100
|move|p1a: Ferrothorn|Stealth Rock|p2a: Criminology
|-sidestart|p2: HayDe223|move: Stealth Rock
|
|-weather|RainDance|[upkeep]
|upkeep
|turn|24
|
|t:|1706904504
|switch|p1a: Tentacruel|Tentacruel, M|100/100
|move|p2a: Criminology|Stealth Rock|p1a: Tentacruel
|-sidestart|p1: Croaset|move: Stealth Rock
|
|-weather|RainDance|[upkeep]
|upkeep
|turn|25
|
|t:|1706904508
|switch|p2a: Music Is Mine|Celebi|100/100
|-damage|p2a: Music Is Mine|88/100|[from] Stealth Rock
|move|p1a: Tentacruel|Scald|p2a: Music Is Mine
|-resisted|p2a: Music Is Mine
|-damage|p2a: Music Is Mine|78/100
|
|-weather|RainDance|[upkeep]
|-heal|p2a: Music Is Mine|84/100|[from] item: Leftovers
|upkeep
|turn|26
|
|t:|1706904512
|move|p1a: Tentacruel|Rapid Spin|p2a: Music Is Mine
|-damage|p2a: Music Is Mine|82/100
|-sideend|p1: Croaset|Stealth Rock|[from] move: Rapid Spin|[of] p1a: Tentacruel
|move|p2a: Music Is Mine|Substitute|p2a: Music Is Mine
|-start|p2a: Music Is Mine|Substitute
|-damage|p2a: Music Is Mine|57/100
|
|-weather|RainDance|[upkeep]
|-heal|p2a: Music Is Mine|63/100|[from] item: Leftovers
|upkeep
|turn|27
|
|t:|1706904518
|switch|p1a: Ferrothorn|Ferrothorn, M, shiny|100/100
|move|p2a: Music Is Mine|Psychic|p1a: Ferrothorn
|-resisted|p1a: Ferrothorn
|-damage|p1a: Ferrothorn|90/100
|
|-weather|RainDance|[upkeep]
|-heal|p2a: Music Is Mine|69/100|[from] item: Leftovers
|-heal|p1a: Ferrothorn|96/100|[from] item: Leftovers
|upkeep
|turn|28
|
|t:|1706904524
|move|p2a: Music Is Mine|Baton Pass|p2a: Music Is Mine
|
|t:|1706904529
|switch|p2a: T.R.O.Y|Tyranitar, M|88/100|[from] Baton Pass
|-damage|p2a: T.R.O.Y|76/100|[from] Stealth Rock
|-weather|Sandstorm|[from] ability: Sand Stream|[of] p2a: T.R.O.Y
|move|p1a: Ferrothorn|Gyro Ball|p2a: T.R.O.Y
|-supereffective|p2a: T.R.O.Y
|-crit|p2a: T.R.O.Y
|-end|p2a: T.R.O.Y|Substitute
|
|-weather|Sandstorm|[upkeep]
|-heal|p1a: Ferrothorn|100/100|[from] item: Leftovers
|upkeep
|turn|29
|
|t:|1706904535
|switch|p2a: Music Is Mine|Celebi|69/100
|-damage|p2a: Music Is Mine|57/100|[from] Stealth Rock
|switch|p1a: Politoed|Politoed, M, shiny|99/100
|-weather|RainDance|[from] ability: Drizzle|[of] p1a: Politoed
|
|-weather|RainDance|[upkeep]
|-heal|p2a: Music Is Mine|63/100|[from] item: Leftovers
|-heal|p1a: Politoed|100/100|[from] item: Leftovers
|upkeep
|turn|30
|
|t:|1706904546
|move|p2a: Music Is Mine|Recover|p2a: Music Is Mine
|-heal|p2a: Music Is Mine|100/100
|move|p1a: Politoed|Perish Song|p1a: Politoed
|-start|p1a: Politoed|perish3|[silent]
|-start|p2a: Music Is Mine|perish3|[silent]
|-fieldactivate|move: Perish Song
|
|-weather|RainDance|[upkeep]
|-start|p2a: Music Is Mine|perish3
|-start|p1a: Politoed|perish3
|upkeep
|turn|31
|
|t:|1706904550
|switch|p2a: Coco Mango|Forretress, F|100/100
|-damage|p2a: Coco Mango|88/100|[from] Stealth Rock
|switch|p1a: Ferrothorn|Ferrothorn, M, shiny|100/100
|
|-weather|RainDance|[upkeep]
|-heal|p2a: Coco Mango|94/100|[from] item: Leftovers
|upkeep
|turn|32
|
|t:|1706904556
|move|p2a: Coco Mango|Spikes|p1a: Ferrothorn
|-sidestart|p1: Croaset|Spikes
|move|p1a: Ferrothorn|Knock Off|p2a: Coco Mango
|-resisted|p2a: Coco Mango
|-damage|p2a: Coco Mango|93/100
|-enditem|p2a: Coco Mango|Leftovers|[from] move: Knock Off|[of] p1a: Ferrothorn
|
|-weather|RainDance|[upkeep]
|upkeep
|turn|33
|
|t:|1706904560
|switch|p1a: Tentacruel|Tentacruel, M|100/100
|-damage|p1a: Tentacruel|88/100|[from] Spikes
|move|p2a: Coco Mango|Spikes|p1a: Tentacruel
|-sidestart|p1: Croaset|Spikes
|
|-weather|RainDance|[upkeep]
|-heal|p1a: Tentacruel|94/100|[from] ability: Rain Dish
|-heal|p1a: Tentacruel|99/100|[from] item: Black Sludge
|upkeep
|turn|34
|
|t:|1706904564
|move|p1a: Tentacruel|Scald|p2a: Coco Mango
|-damage|p2a: Coco Mango|43/100
|move|p2a: Coco Mango|Rapid Spin|p1a: Tentacruel
|-damage|p1a: Tentacruel|97/100
|-sideend|p2: HayDe223|Stealth Rock|[from] move: Rapid Spin|[of] p2a: Coco Mango
|
|-weather|RainDance|[upkeep]
|-heal|p1a: Tentacruel|100/100|[from] ability: Rain Dish
|upkeep
|turn|35
|
|t:|1706904569
|move|p1a: Tentacruel|Rapid Spin|p2a: Coco Mango
|-resisted|p2a: Coco Mango
|-damage|p2a: Coco Mango|42/100
|-sideend|p1: Croaset|Spikes|[from] move: Rapid Spin|[of] p1a: Tentacruel
|move|p2a: Coco Mango|Volt Switch|p1a: Tentacruel
|-supereffective|p1a: Tentacruel
|-damage|p1a: Tentacruel|83/100
|
|t:|1706904573
|switch|p2a: Music Is Mine|Celebi|100/100|[from] Volt Switch
|
|-weather|RainDance|[upkeep]
|-heal|p1a: Tentacruel|89/100|[from] ability: Rain Dish
|-heal|p1a: Tentacruel|95/100|[from] item: Black Sludge
|upkeep
|turn|36
|
|t:|1706904578
|move|p1a: Tentacruel|Toxic|p2a: Music Is Mine|[miss]
|-miss|p1a: Tentacruel|p2a: Music Is Mine
|move|p2a: Music Is Mine|Substitute|p2a: Music Is Mine
|-start|p2a: Music Is Mine|Substitute
|-damage|p2a: Music Is Mine|76/100
|
|-weather|RainDance|[upkeep]
|-heal|p1a: Tentacruel|100/100|[from] ability: Rain Dish
|-heal|p2a: Music Is Mine|82/100|[from] item: Leftovers
|upkeep
|turn|37
|
|t:|1706904581
|switch|p1a: Ferrothorn|Ferrothorn, M, shiny|100/100
|move|p2a: Music Is Mine|Baton Pass|p2a: Music Is Mine
|
|t:|1706904584
|switch|p2a: Do For Love|Keldeo|86/100|[from] Baton Pass
|
|-weather|RainDance|[upkeep]
|-heal|p2a: Do For Love|92/100|[from] item: Leftovers
|upkeep
|turn|38
|
|t:|1706904588
|switch|p1a: Toxicroak|Toxicroak, M|100/100
|move|p2a: Do For Love|Secret Sword|p1a: Toxicroak
|-resisted|p1a: Toxicroak
|-damage|p1a: Toxicroak|71/100
|
|-weather|RainDance|[upkeep]
|-heal|p1a: Toxicroak|84/100|[from] ability: Dry Skin
|-heal|p2a: Do For Love|98/100|[from] item: Leftovers
|-heal|p1a: Toxicroak|90/100|[from] item: Black Sludge
|upkeep
|turn|39
|
|t:|1706904593
|move|p2a: Do For Love|Calm Mind|p2a: Do For Love
|-boost|p2a: Do For Love|spa|1
|-boost|p2a: Do For Love|spd|1
|move|p1a: Toxicroak|Substitute|p1a: Toxicroak
|-start|p1a: Toxicroak|Substitute
|-damage|p1a: Toxicroak|65/100
|
|-weather|RainDance|[upkeep]
|-heal|p1a: Toxicroak|78/100|[from] ability: Dry Skin
|-heal|p2a: Do For Love|100/100|[from] item: Leftovers
|-heal|p1a: Toxicroak|84/100|[from] item: Black Sludge
|upkeep
|turn|40
|
|t:|1706904600
|move|p2a: Do For Love|Secret Sword|p1a: Toxicroak
|-resisted|p1a: Toxicroak
|-end|p1a: Toxicroak|Substitute
|move|p1a: Toxicroak|Bulk Up|p1a: Toxicroak
|-boost|p1a: Toxicroak|atk|1
|-boost|p1a: Toxicroak|def|1
|
|-weather|RainDance|[upkeep]
|-heal|p1a: Toxicroak|96/100|[from] ability: Dry Skin
|-heal|p1a: Toxicroak|100/100|[from] item: Black Sludge
|upkeep
|turn|41
|
|t:|1706904603
|move|p2a: Do For Love|Hidden Power|p1a: Toxicroak
|-damage|p1a: Toxicroak|70/100
|move|p1a: Toxicroak|Substitute|p1a: Toxicroak
|-start|p1a: Toxicroak|Substitute
|-damage|p1a: Toxicroak|45/100
|
|-weather|RainDance|[upkeep]
|-heal|p1a: Toxicroak|58/100|[from] ability: Dry Skin
|-heal|p1a: Toxicroak|64/100|[from] item: Black Sludge
|upkeep
|turn|42
|
|t:|1706904608
|move|p2a: Do For Love|Hidden Power|p1a: Toxicroak
|-end|p1a: Toxicroak|Substitute
|move|p1a: Toxicroak|Bulk Up|p1a: Toxicroak
|-boost|p1a: Toxicroak|atk|1
|-boost|p1a: Toxicroak|def|1
|
|-weather|RainDance|[upkeep]
|-heal|p1a: Toxicroak|76/100|[from] ability: Dry Skin
|-heal|p1a: Toxicroak|82/100|[from] item: Black Sludge
|upkeep
|turn|43
|
|t:|1706904612
|move|p2a: Do For Love|Calm Mind|p2a: Do For Love
|-boost|p2a: Do For Love|spa|1
|-boost|p2a: Do For Love|spd|1
|move|p1a: Toxicroak|Drain Punch|p2a: Do For Love
|-end|p2a: Do For Love|Substitute
|-heal|p1a: Toxicroak|96/100|[from] drain|[of] p2a: Do For Love
|
|-weather|RainDance|[upkeep]
|-heal|p1a: Toxicroak|100/100|[from] ability: Dry Skin
|upkeep
|turn|44
|
|t:|1706904621
|switch|p2a: Music Is Mine|Celebi|82/100
|move|p1a: Toxicroak|Drain Punch|p2a: Music Is Mine
|-resisted|p2a: Music Is Mine
|-crit|p2a: Music Is Mine
|-damage|p2a: Music Is Mine|39/100
|
|-weather|RainDance|[upkeep]
|-heal|p2a: Music Is Mine|46/100|[from] item: Leftovers
|upkeep
|turn|45
|
|t:|1706904627
|switch|p1a: Ferrothorn|Ferrothorn, M, shiny|100/100
|move|p2a: Music Is Mine|Psychic|p1a: Ferrothorn
|-resisted|p1a: Ferrothorn
|-damage|p1a: Ferrothorn|90/100
|
|-weather|RainDance|[upkeep]
|-heal|p2a: Music Is Mine|52/100|[from] item: Leftovers
|-heal|p1a: Ferrothorn|97/100|[from] item: Leftovers
|upkeep
|turn|46
|
|t:|1706904632
|move|p2a: Music Is Mine|Substitute|p2a: Music Is Mine
|-start|p2a: Music Is Mine|Substitute
|-damage|p2a: Music Is Mine|27/100
|move|p1a: Ferrothorn|Stealth Rock|p2a: Music Is Mine
|-sidestart|p2: HayDe223|move: Stealth Rock
|
|-weather|RainDance|[upkeep]
|-heal|p2a: Music Is Mine|33/100|[from] item: Leftovers
|-heal|p1a: Ferrothorn|100/100|[from] item: Leftovers
|upkeep
|turn|47
|
|t:|1706904638
|move|p2a: Music Is Mine|Baton Pass|p2a: Music Is Mine
|
|t:|1706904640
|switch|p2a: Do For Love|Keldeo|100/100|[from] Baton Pass
|-damage|p2a: Do For Love|94/100|[from] Stealth Rock
|move|p1a: Ferrothorn|Gyro Ball|p2a: Do For Love
|-resisted|p2a: Do For Love
|-activate|p2a: Do For Love|Substitute|[damage]
|
|-weather|RainDance|[upkeep]
|-heal|p2a: Do For Love|100/100|[from] item: Leftovers
|upkeep
|turn|48
|
|t:|1706904648
|switch|p1a: Toxicroak|Toxicroak, M|100/100
|move|p2a: Do For Love|Calm Mind|p2a: Do For Love
|-boost|p2a: Do For Love|spa|1
|-boost|p2a: Do For Love|spd|1
|
|-weather|RainDance|[upkeep]
|upkeep
|turn|49
|
|t:|1706904651
|move|p2a: Do For Love|Hidden Power|p1a: Toxicroak
|-damage|p1a: Toxicroak|68/100
|move|p1a: Toxicroak|Bulk Up|p1a: Toxicroak
|-boost|p1a: Toxicroak|atk|1
|-boost|p1a: Toxicroak|def|1
|
|-weather|RainDance|[upkeep]
|-heal|p1a: Toxicroak|80/100|[from] ability: Dry Skin
|-heal|p1a: Toxicroak|86/100|[from] item: Black Sludge
|upkeep
|turn|50
|
|t:|1706904658
|move|p2a: Do For Love|Hidden Power|p1a: Toxicroak
|-damage|p1a: Toxicroak|53/100
|move|p1a: Toxicroak|Drain Punch|p2a: Do For Love
|-end|p2a: Do For Love|Substitute
|-heal|p1a: Toxicroak|58/100|[from] drain|[of] p2a: Do For Love
|
|-weather|RainDance|[upkeep]
|-heal|p1a: Toxicroak|70/100|[from] ability: Dry Skin
|-heal|p1a: Toxicroak|76/100|[from] item: Black Sludge
|upkeep
|turn|51
|
|t:|1706904665
|switch|p2a: T.R.O.Y|Tyranitar, M|76/100
|-damage|p2a: T.R.O.Y|64/100|[from] Stealth Rock
|-weather|Sandstorm|[from] ability: Sand Stream|[of] p2a: T.R.O.Y
|move|p1a: Toxicroak|Substitute|p1a: Toxicroak
|-start|p1a: Toxicroak|Substitute
|-damage|p1a: Toxicroak|51/100
|
|-weather|Sandstorm|[upkeep]
|-damage|p1a: Toxicroak|45/100|[from] Sandstorm
|-heal|p1a: Toxicroak|51/100|[from] item: Black Sludge
|upkeep
|turn|52
|c|☆HayDe223|yeah very ahah funny
|
|t:|1706904679
|switch|p2a: Coco Mango|Forretress, F|42/100
|-damage|p2a: Coco Mango|29/100|[from] Stealth Rock
|move|p1a: Toxicroak|Drain Punch|p2a: Coco Mango
|-damage|p2a: Coco Mango|7/100
|-heal|p1a: Toxicroak|62/100|[from] drain|[of] p2a: Coco Mango
|
|-weather|Sandstorm|[upkeep]
|-damage|p1a: Toxicroak|56/100|[from] Sandstorm
|-heal|p1a: Toxicroak|62/100|[from] item: Black Sludge
|upkeep
|turn|53
|
|t:|1706904685
|move|p1a: Toxicroak|Drain Punch|p2a: Coco Mango
|-damage|p2a: Coco Mango|0 fnt
|-heal|p1a: Toxicroak|65/100|[from] drain|[of] p2a: Coco Mango
|faint|p2a: Coco Mango
|
|-weather|Sandstorm|[upkeep]
|-damage|p1a: Toxicroak|59/100|[from] Sandstorm
|-heal|p1a: Toxicroak|65/100|[from] item: Black Sludge
|upkeep
|c|☆HayDe223|good clap clap
|c|☆HayDe223|rain is very funny and balanced
|-message|HayDe223 forfeited.
|
|win|Croaset
|raw|Croaset's rating: 1401 &rarr; <strong>1419</strong><br />(+18 for winning)
|raw|HayDe223's rating: 1367 &rarr; <strong>1349</strong><br />(-18 for losing)
|l|☆HayDe223
|player|p2|
