|j|☆pikapip1010
|j|☆xanatosss gambit
|t:|1748533596
|gametype|singles
|player|p1|pikapip1010|2|1396
|player|p2|xanatosss gambit|psychic-gen2|1623
|teamsize|p1|6
|teamsize|p2|6
|gen|5
|tier|[Gen 5] OU
|rated|
|rule|Species Clause: Limit one of each Pokémon
|rule|OHKO Clause: OHKO moves are banned
|rule|Moody Clause: Moody is banned
|rule|Evasion Items Clause: Evasion items are banned
|rule|Evasion Moves Clause: Evasion moves are banned
|rule|Endless Battle Clause: Forcing endless battles is banned
|rule|HP Percentage Mod: HP is shown in percentages
|rule|Evasion Abilities Clause: Evasion abilities are banned
|rule|Sleep Moves Clause: Sleep-inducing moves are banned
|rule|Swagger Clause: Swagger is banned
|rule|Baton Pass Stat Clause: No Baton Passer may have a way to boost its stats
|clearpoke
|poke|p1|Politoed, M|item
|poke|p1|Keldeo-Resolute|item
|poke|p1|Jirachi|item
|poke|p1|Tentacruel, M|item
|poke|p1|Ferrothorn, F|item
|poke|p1|Thundurus-Therian, M|item
|poke|p2|Skarmory, F|item
|poke|p2|Gengar, M|item
|poke|p2|Garchomp, M|item
|poke|p2|Jirachi|item
|poke|p2|Latios, M|item
|poke|p2|Lucario, F|item
|teampreview
|inactive|Battle timer is ON: inactive players will automatically lose when time's up. (requested by xanatosss gambit)
|
|t:|1748533609
|start
|switch|p1a: Politoed|Politoed, M, shiny|100/100
|switch|p2a: Skarmory|Skarmory, F, shiny|100/100
|-weather|RainDance|[from] ability: Drizzle|[of] p1a: Politoed
|turn|1
|
|t:|1748533626
|move|p2a: Skarmory|Stealth Rock|p1a: Politoed
|-sidestart|p1: pikapip1010|move: Stealth Rock
|move|p1a: Politoed|Scald|p2a: Skarmory
|-damage|p2a: Skarmory|35/100
|-status|p2a: Skarmory|brn
|-enditem|p2a: Skarmory|Red Card|[of] p1a: Politoed
|drag|p1a: Ferrothorn|Ferrothorn, F|100/100
|-damage|p1a: Ferrothorn|94/100|[from] Stealth Rock
|
|-weather|RainDance|[upkeep]
|-damage|p2a: Skarmory|23/100 brn|[from] brn
|upkeep
|turn|2
|
|t:|1748533635
|move|p2a: Skarmory|Spikes|p1a: Ferrothorn
|-sidestart|p1: pikapip1010|Spikes
|move|p1a: Ferrothorn|Stealth Rock|p2a: Skarmory
|-sidestart|p2: xanatosss gambit|move: Stealth Rock
|
|-weather|RainDance|[upkeep]
|-damage|p2a: Skarmory|11/100 brn|[from] brn
|upkeep
|turn|3
|
|t:|1748533639
|move|p2a: Skarmory|Taunt|p1a: Ferrothorn
|-start|p1a: Ferrothorn|move: Taunt
|cant|p1a: Ferrothorn|move: Taunt|Spikes
|
|-weather|RainDance|[upkeep]
|-damage|p2a: Skarmory|0 fnt|[from] brn
|faint|p2a: Skarmory
|upkeep
|
|t:|1748533645
|switch|p2a: Lucario|Lucario, F|100/100
|-damage|p2a: Lucario|98/100|[from] Stealth Rock
|turn|4
|
|t:|1748533662
|switch|p1a: Politoed|Politoed, M, shiny|100/100
|-damage|p1a: Politoed|88/100|[from] Stealth Rock
|-damage|p1a: Politoed|75/100|[from] Spikes
|move|p2a: Lucario|Swords Dance|p2a: Lucario
|-boost|p2a: Lucario|atk|2
|
|-weather|RainDance|[upkeep]
|-heal|p1a: Politoed|82/100|[from] item: Leftovers
|upkeep
|turn|5
|
|t:|1748533667
|move|p2a: Lucario|Close Combat|p1a: Politoed
|-damage|p1a: Politoed|0 fnt
|-unboost|p2a: Lucario|def|1
|-unboost|p2a: Lucario|spd|1
|faint|p1a: Politoed
|-damage|p2a: Lucario|88/100|[from] item: Life Orb
|
|-weather|RainDance|[upkeep]
|upkeep
|
|t:|1748533685
|switch|p1a: Keldeo|Keldeo-Resolute|100/100
|-damage|p1a: Keldeo|94/100|[from] Stealth Rock
|-damage|p1a: Keldeo|82/100|[from] Spikes
|turn|6
|
|t:|1748533689
|move|p2a: Lucario|Extreme Speed|p1a: Keldeo
|-damage|p1a: Keldeo|0 fnt
|faint|p1a: Keldeo
|-damage|p2a: Lucario|78/100|[from] item: Life Orb
|
|-weather|RainDance|[upkeep]
|upkeep
|inactive|pikapip1010 has 120 seconds left.
|
|t:|1748533737
|switch|p1a: Jirachi|Jirachi|100/100
|-damage|p1a: Jirachi|94/100|[from] Stealth Rock
|-damage|p1a: Jirachi|82/100|[from] Spikes
|turn|7
|
|t:|1748533750
|move|p1a: Jirachi|Iron Head|p2a: Lucario
|-resisted|p2a: Lucario
|-damage|p2a: Lucario|36/100
|cant|p2a: Lucario|flinch
|
|-weather|RainDance|[upkeep]
|upkeep
|turn|8
|
|t:|1748533757
|move|p2a: Lucario|Extreme Speed|p1a: Jirachi
|-resisted|p1a: Jirachi
|-crit|p1a: Jirachi
|-damage|p1a: Jirachi|22/100
|-damage|p2a: Lucario|26/100|[from] item: Life Orb
|move|p1a: Jirachi|Iron Head|p2a: Lucario
|-resisted|p2a: Lucario
|-damage|p2a: Lucario|0 fnt
|faint|p2a: Lucario
|
|-weather|RainDance|[upkeep]
|upkeep
|
|t:|1748533760
|switch|p2a: Garchomp|Garchomp, M, shiny|100/100
|-damage|p2a: Garchomp|94/100|[from] Stealth Rock
|turn|9
|
|t:|1748533769
|switch|p1a: Ferrothorn|Ferrothorn, F|94/100
|-damage|p1a: Ferrothorn|88/100|[from] Stealth Rock
|-damage|p1a: Ferrothorn|75/100|[from] Spikes
|move|p2a: Garchomp|Swords Dance|p2a: Garchomp
|-boost|p2a: Garchomp|atk|2
|
|-weather|RainDance|[upkeep]
|upkeep
|turn|10
|
|t:|1748533778
|move|p2a: Garchomp|Substitute|p2a: Garchomp
|-start|p2a: Garchomp|Substitute
|-damage|p2a: Garchomp|69/100
|move|p1a: Ferrothorn|Power Whip|p2a: Garchomp
|-crit|p2a: Garchomp
|-end|p2a: Garchomp|Substitute
|
|-weather|RainDance|[upkeep]
|upkeep
|turn|11
|
|t:|1748533783
|move|p2a: Garchomp|Substitute|p2a: Garchomp
|-start|p2a: Garchomp|Substitute
|-damage|p2a: Garchomp|44/100
|move|p1a: Ferrothorn|Power Whip|p2a: Garchomp|[miss]
|-miss|p1a: Ferrothorn|p2a: Garchomp
|
|-weather|RainDance|[upkeep]
|upkeep
|turn|12
|
|t:|1748533787
|move|p2a: Garchomp|Earthquake|p1a: Ferrothorn
|-damage|p1a: Ferrothorn|0 fnt
|faint|p1a: Ferrothorn
|
|-weather|RainDance|[upkeep]
|upkeep
|-message|pikapip1010 forfeited.
|
|win|xanatosss gambit
|raw|pikapip1010's rating: 1396 &rarr; <strong>1387</strong><br />(-9 for losing)
|raw|xanatosss gambit's rating: 1623 &rarr; <strong>1632</strong><br />(+9 for winning)
|l|☆pikapip1010
|player|p1|
