|j|☆BookofConke
|j|☆ReallyFunTeams
|t:|1702415040
|gametype|singles
|player|p1|BookofConke|silver-masters|1512
|player|p2|ReallyFunTeams|janitor|1439
|teamsize|p1|6
|teamsize|p2|6
|gen|5
|tier|[Gen 5] OU
|rated|
|rule|Species Clause: Limit one of each Pokémon
|rule|OHKO Clause: OHKO moves are banned
|rule|Moody Clause: Moody is banned
|rule|Evasion Items Clause: Evasion items are banned
|rule|Evasion Moves Clause: Evasion moves are banned
|rule|Endless Battle Clause: Forcing endless battles is banned
|rule|HP Percentage Mod: HP is shown in percentages
|rule|Evasion Abilities Clause: Evasion abilities are banned
|rule|Sleep Moves Clause: Sleep-inducing moves are banned
|rule|Swagger Clause: Swagger is banned
|rule|Baton Pass Stat Clause: No Baton Passer may have a way to boost its stats
|clearpoke
|poke|p1|Kyurem-Black|item
|poke|p1|Garchomp, F|item
|poke|p1|Magnezone|item
|poke|p1|Salamence, F|item
|poke|p1|Scizor, M|item
|poke|p1|Starmie|item
|poke|p2|Politoed, F|item
|poke|p2|Ferrothorn, M|item
|poke|p2|Jirachi|item
|poke|p2|Tentacruel, M|item
|poke|p2|Keldeo|item
|poke|p2|Kyurem-Black|item
|teampreview
|inactive|Battle timer is ON: inactive players will automatically lose when time's up. (requested by ReallyFunTeams)
|
|t:|1702415053
|start
|switch|p1a: Kyurem|Kyurem-Black|100/100
|switch|p2a: Politoed|Politoed, F|100/100
|-ability|p1a: Kyurem|Teravolt
|-weather|RainDance|[from] ability: Drizzle|[of] p2a: Politoed
|turn|1
|
|t:|1702415063
|move|p1a: Kyurem|Outrage|p2a: Politoed
|-damage|p2a: Politoed|0 fnt
|faint|p2a: Politoed
|
|-weather|RainDance|[upkeep]
|upkeep
|
|t:|1702415069
|switch|p2a: Ferrothorn|Ferrothorn, M|100/100
|turn|2
|
|t:|1702415074
|move|p1a: Kyurem|Outrage|p2a: Ferrothorn|[from]lockedmove
|-resisted|p2a: Ferrothorn
|-damage|p2a: Ferrothorn|56/100
|-damage|p1a: Kyurem|88/100|[from] ability: Iron Barbs|[of] p2a: Ferrothorn
|move|p2a: Ferrothorn|Curse|p2a: Ferrothorn
|-unboost|p2a: Ferrothorn|spe|1
|-boost|p2a: Ferrothorn|atk|1
|-boost|p2a: Ferrothorn|def|1
|
|-weather|RainDance|[upkeep]
|-heal|p2a: Ferrothorn|62/100|[from] item: Leftovers
|upkeep
|turn|3
|
|t:|1702415084
|move|p1a: Kyurem|Outrage|p2a: Ferrothorn|[from]lockedmove
|-resisted|p2a: Ferrothorn
|-damage|p2a: Ferrothorn|30/100
|-damage|p1a: Kyurem|76/100|[from] ability: Iron Barbs|[of] p2a: Ferrothorn
|-start|p1a: Kyurem|confusion|[fatigue]
|move|p2a: Ferrothorn|Leech Seed|p1a: Kyurem
|-start|p1a: Kyurem|move: Leech Seed
|
|-weather|RainDance|[upkeep]
|-heal|p2a: Ferrothorn|36/100|[from] item: Leftovers
|-damage|p1a: Kyurem|64/100|[from] Leech Seed|[of] p2a: Ferrothorn
|-heal|p2a: Ferrothorn|50/100|[silent]
|upkeep
|turn|4
|
|t:|1702415095
|switch|p1a: Magnezone|Magnezone|100/100
|move|p2a: Ferrothorn|Leech Seed|p1a: Magnezone
|-start|p1a: Magnezone|move: Leech Seed
|
|-weather|RainDance|[upkeep]
|-heal|p2a: Ferrothorn|56/100|[from] item: Leftovers
|-damage|p1a: Magnezone|88/100|[from] Leech Seed|[of] p2a: Ferrothorn
|-heal|p2a: Ferrothorn|66/100|[silent]
|upkeep
|turn|5
|
|t:|1702415102
|move|p2a: Ferrothorn|Protect|p2a: Ferrothorn
|-singleturn|p2a: Ferrothorn|Protect
|move|p1a: Magnezone|Sunny Day|p1a: Magnezone
|-weather|SunnyDay
|
|-weather|SunnyDay|[upkeep]
|-heal|p2a: Ferrothorn|72/100|[from] item: Leftovers
|-damage|p1a: Magnezone|76/100|[from] Leech Seed|[of] p2a: Ferrothorn
|-heal|p2a: Ferrothorn|82/100|[silent]
|upkeep
|turn|6
|
|t:|1702415115
|move|p2a: Ferrothorn|Protect||[still]
|-fail|p2a: Ferrothorn
|move|p1a: Magnezone|Hidden Power|p2a: Ferrothorn
|-supereffective|p2a: Ferrothorn
|-damage|p2a: Ferrothorn|0 fnt
|faint|p2a: Ferrothorn
|
|-weather|SunnyDay|[upkeep]
|upkeep
|
|t:|1702415133
|switch|p2a: Kyurem|Kyurem-Black|100/100
|-ability|p2a: Kyurem|Teravolt
|turn|7
|inactive|BookofConke has 120 seconds left.
|
|t:|1702415170
|switch|p1a: Scizor|Scizor, M|100/100
|move|p2a: Kyurem|Dragon Claw|p1a: Scizor
|-resisted|p1a: Scizor
|-damage|p1a: Scizor|57/100
|
|-weather|SunnyDay|[upkeep]
|upkeep
|turn|8
|inactive|BookofConke has 120 seconds left.
|
|t:|1702415181
|switch|p2a: Tentacruel|Tentacruel, M, shiny|100/100
|move|p1a: Scizor|U-turn|p2a: Tentacruel
|-resisted|p2a: Tentacruel
|-damage|p2a: Tentacruel|75/100
|
|t:|1702415197
|switch|p1a: Garchomp|Garchomp, F|100/100|[from] U-turn
|
|-weather|SunnyDay|[upkeep]
|-heal|p2a: Tentacruel|81/100|[from] item: Black Sludge
|upkeep
|turn|9
|
|t:|1702415202
|move|p1a: Garchomp|Earthquake|p2a: Tentacruel
|-supereffective|p2a: Tentacruel
|-damage|p2a: Tentacruel|0 fnt
|faint|p2a: Tentacruel
|
|-weather|none
|upkeep
|
|t:|1702415208
|switch|p2a: Keldeo|Keldeo|100/100
|turn|10
|inactive|BookofConke has 120 seconds left.
|
|t:|1702415216
|switch|p1a: Starmie|Starmie|100/100
|-item|p1a: Starmie|Air Balloon
|move|p2a: Keldeo|Icy Wind|p1a: Starmie
|-resisted|p1a: Starmie
|-damage|p1a: Starmie|86/100
|-unboost|p1a: Starmie|spe|1
|-enditem|p1a: Starmie|Air Balloon
|
|upkeep
|turn|11
|inactive|BookofConke has 120 seconds left.
|
|t:|1702415229
|switch|p2a: Kyurem|Kyurem-Black|100/100
|-ability|p2a: Kyurem|Teravolt
|move|p1a: Starmie|Scald|p2a: Kyurem
|-resisted|p2a: Kyurem
|-damage|p2a: Kyurem|74/100
|-status|p2a: Kyurem|brn
|
|-damage|p2a: Kyurem|62/100 brn|[from] brn
|upkeep
|turn|12
|inactive|BookofConke has 120 seconds left.
|
|t:|1702415247
|move|p2a: Kyurem|Outrage|p1a: Starmie
|-damage|p1a: Starmie|0 fnt
|faint|p1a: Starmie
|
|-damage|p2a: Kyurem|50/100 brn|[from] brn
|upkeep
|
|t:|1702415259
|switch|p1a: Scizor|Scizor, M|57/100
|turn|13
|
|t:|1702415261
|move|p1a: Scizor|Bullet Punch|p2a: Kyurem
|-supereffective|p2a: Kyurem
|-damage|p2a: Kyurem|0 fnt
|faint|p2a: Kyurem
|
|upkeep
|
|t:|1702415266
|switch|p2a: Jirachi|Jirachi|100/100
|turn|14
|
|t:|1702415277
|switch|p1a: Kyurem|Kyurem-Black|64/100
|-ability|p1a: Kyurem|Teravolt
|move|p2a: Jirachi|Stealth Rock|p1a: Kyurem
|-sidestart|p1: BookofConke|move: Stealth Rock
|
|upkeep
|turn|15
|
|t:|1702415284
|move|p1a: Kyurem|Fusion Bolt|p2a: Jirachi
|-damage|p2a: Jirachi|40/100
|move|p2a: Jirachi|Thunder|p1a: Kyurem
|-resisted|p1a: Kyurem
|-damage|p1a: Kyurem|50/100
|
|-heal|p2a: Jirachi|46/100|[from] item: Leftovers
|upkeep
|turn|16
|
|t:|1702415293
|move|p1a: Kyurem|Fusion Bolt|p2a: Jirachi
|-damage|p2a: Jirachi|0 fnt
|faint|p2a: Jirachi
|
|upkeep
|
|t:|1702415297
|switch|p2a: Keldeo|Keldeo|100/100
|turn|17
|
|t:|1702415301
|move|p2a: Keldeo|Secret Sword|p1a: Kyurem
|-supereffective|p1a: Kyurem
|-damage|p1a: Kyurem|0 fnt
|faint|p1a: Kyurem
|
|upkeep
|
|t:|1702415315
|switch|p1a: Magnezone|Magnezone|76/100
|-damage|p1a: Magnezone|70/100|[from] Stealth Rock
|turn|18
|
|t:|1702415319
|move|p2a: Keldeo|Secret Sword|p1a: Magnezone
|-supereffective|p1a: Magnezone
|-enditem|p1a: Magnezone|Chople Berry|[eat]
|-enditem|p1a: Magnezone|Chople Berry|[weaken]
|-damage|p1a: Magnezone|23/100
|move|p1a: Magnezone|Thunderbolt|p2a: Keldeo
|-supereffective|p2a: Keldeo
|-damage|p2a: Keldeo|0 fnt
|faint|p2a: Keldeo
|
|win|BookofConke
|raw|BookofConke's rating: 1512 &rarr; <strong>1528</strong><br />(+16 for winning)
|raw|ReallyFunTeams's rating: 1439 &rarr; <strong>1423</strong><br />(-16 for losing)
|l|☆ReallyFunTeams
