|j|☆chomp29
|j|☆taxturbo
|t:|1743044075
|gametype|singles
|player|p1|chomp29|lucas|1499
|player|p2|taxturbo|gentleman-gen4|1420
|teamsize|p1|6
|teamsize|p2|6
|gen|5
|tier|[Gen 5] OU
|rated|
|rule|Species Clause: Limit one of each Pokémon
|rule|OHKO Clause: OHKO moves are banned
|rule|Moody Clause: Moody is banned
|rule|Evasion Items Clause: Evasion items are banned
|rule|Evasion Moves Clause: Evasion moves are banned
|rule|Endless Battle Clause: Forcing endless battles is banned
|rule|HP Percentage Mod: HP is shown in percentages
|rule|Evasion Abilities Clause: Evasion abilities are banned
|rule|Sleep Moves Clause: Sleep-inducing moves are banned
|rule|Swagger Clause: Swagger is banned
|rule|Baton Pass Stat Clause: No Baton Passer may have a way to boost its stats
|clearpoke
|poke|p1|Conkeldurr, M|item
|poke|p1|Latias, F|item
|poke|p1|Starmie|item
|poke|p1|Jirachi|item
|poke|p1|Volcarona, M|item
|poke|p1|Landorus-Therian, M|item
|poke|p2|Tyranitar, F|item
|poke|p2|Landorus-Therian, M|item
|poke|p2|Rotom-Wash|item
|poke|p2|Ferrothorn, M|item
|poke|p2|Alakazam, M|item
|poke|p2|Latios, M|item
|teampreview
|inactive|Battle timer is ON: inactive players will automatically lose when time's up. (requested by chomp29)
|inactive|taxturbo has 120 seconds left.
|
|t:|1743044127
|start
|switch|p1a: Volcarona|Volcarona, M|100/100
|switch|p2a: Latios|Latios, M|100/100
|turn|1
|
|t:|1743044137
|switch|p1a: Jirachi|Jirachi|100/100
|move|p2a: Latios|Draco Meteor|p1a: Jirachi
|-resisted|p1a: Jirachi
|-damage|p1a: Jirachi|55/100
|-unboost|p2a: Latios|spa|2
|
|upkeep
|turn|2
|
|t:|1743044157
|switch|p2a: Rotom|Rotom-Wash|100/100
|move|p1a: Jirachi|U-turn|p2a: Rotom
|-damage|p2a: Rotom|83/100
|
|t:|1743044160
|switch|p1a: Volcarona|Volcarona, M|100/100|[from] U-turn
|
|-heal|p2a: Rotom|89/100|[from] item: Leftovers
|upkeep
|turn|3
|
|t:|1743044178
|move|p1a: Volcarona|Giga Drain|p2a: Rotom
|-supereffective|p2a: Rotom
|-damage|p2a: Rotom|13/100
|-damage|p1a: Volcarona|91/100|[from] item: Life Orb
|move|p2a: Rotom|Hydro Pump|p1a: Volcarona|[miss]
|-miss|p2a: Rotom|p1a: Volcarona
|
|-heal|p2a: Rotom|20/100|[from] item: Leftovers
|upkeep
|turn|4
|inactive|taxturbo has 120 seconds left.
|j| Crowned Crystals ♔
|inactive|taxturbo has 90 seconds left.
|
|t:|1743044235
|move|p1a: Volcarona|Bug Buzz|p2a: Rotom
|-damage|p2a: Rotom|0 fnt
|faint|p2a: Rotom
|-damage|p1a: Volcarona|81/100|[from] item: Life Orb
|
|upkeep
|j| connect connect
|
|t:|1743044238
|switch|p2a: Tyranitar|Tyranitar, F|100/100
|-weather|Sandstorm|[from] ability: Sand Stream|[of] p2a: Tyranitar
|turn|5
|inactive|taxturbo has 90 seconds left.
|c| connect connect|yoooo its the goat
|
|t:|1743044253
|switch|p1a: Conkeldurr|Conkeldurr, M|100/100
|move|p2a: Tyranitar|Thunder Wave|p1a: Conkeldurr
|-status|p1a: Conkeldurr|par
|
|-weather|Sandstorm|[upkeep]
|-damage|p1a: Conkeldurr|94/100 par|[from] Sandstorm
|upkeep
|turn|6
|inactive|taxturbo has 90 seconds left.
|
|t:|1743044286
|switch|p2a: Latios|Latios, M|100/100
|move|p1a: Conkeldurr|Hammer Arm|p2a: Latios
|-resisted|p2a: Latios
|-damage|p2a: Latios|37/100
|-unboost|p1a: Conkeldurr|spe|1
|-damage|p1a: Conkeldurr|85/100 par|[from] item: Life Orb
|
|-weather|Sandstorm|[upkeep]
|-damage|p2a: Latios|31/100|[from] Sandstorm
|-damage|p1a: Conkeldurr|78/100 par|[from] Sandstorm
|upkeep
|turn|7
|inactive|chomp29 has 120 seconds left.
|
|t:|1743044325
|switch|p1a: Jirachi|Jirachi|55/100
|move|p2a: Latios|Draco Meteor|p1a: Jirachi
|-resisted|p1a: Jirachi
|-crit|p1a: Jirachi
|-damage|p1a: Jirachi|0 fnt
|-unboost|p2a: Latios|spa|2
|faint|p1a: Jirachi
|
|-weather|Sandstorm|[upkeep]
|-damage|p2a: Latios|25/100|[from] Sandstorm
|upkeep
|c|☆chomp29|Dang
|c| connect connect|I would have dodged
|c| connect connect|btw
|
|t:|1743044349
|switch|p1a: Landorus|Landorus-Therian, M|100/100
|-ability|p1a: Landorus|Intimidate|boost
|-unboost|p2a: Latios|atk|1
|turn|8
|c|☆chomp29|Tru
|inactive|taxturbo has 60 seconds left.
|
|t:|1743044380
|switch|p2a: Landorus|Landorus-Therian, M|100/100
|-ability|p2a: Landorus|Intimidate|boost
|-unboost|p1a: Landorus|atk|1
|move|p1a: Landorus|Stealth Rock|p2a: Landorus
|-sidestart|p2: taxturbo|move: Stealth Rock
|
|-weather|Sandstorm|[upkeep]
|upkeep
|turn|9
|inactive|taxturbo has 60 seconds left.
|inactive|chomp29 has 90 seconds left.
|
|t:|1743044406
|move|p2a: Landorus|U-turn|p1a: Landorus
|-resisted|p1a: Landorus
|-damage|p1a: Landorus|89/100
|
|t:|1743044411
|switch|p2a: Ferrothorn|Ferrothorn, M|100/100|[from] U-turn
|-damage|p2a: Ferrothorn|94/100|[from] Stealth Rock
|move|p1a: Landorus|Hidden Power|p2a: Ferrothorn
|-damage|p2a: Ferrothorn|78/100
|-damage|p1a: Landorus|79/100|[from] item: Life Orb
|
|-weather|Sandstorm|[upkeep]
|upkeep
|turn|10
|inactive|chomp29 has 90 seconds left.
|
|t:|1743044438
|switch|p1a: Volcarona|Volcarona, M|81/100
|switch|p2a: Landorus|Landorus-Therian, M|100/100
|-damage|p2a: Landorus|88/100|[from] Stealth Rock
|-ability|p2a: Landorus|Intimidate|boost
|-unboost|p1a: Volcarona|atk|1
|
|-weather|Sandstorm|[upkeep]
|-damage|p1a: Volcarona|75/100|[from] Sandstorm
|-heal|p2a: Landorus|94/100|[from] item: Leftovers
|upkeep
|turn|11
|inactive|chomp29 has 90 seconds left.
|inactive|chomp29 has 60 seconds left.
|
|t:|1743044482
|move|p2a: Landorus|Stealth Rock|p1a: Volcarona
|-sidestart|p1: chomp29|move: Stealth Rock
|move|p1a: Volcarona|Quiver Dance|p1a: Volcarona
|-boost|p1a: Volcarona|spa|1
|-boost|p1a: Volcarona|spd|1
|-boost|p1a: Volcarona|spe|1
|
|-weather|Sandstorm|[upkeep]
|-damage|p1a: Volcarona|69/100|[from] Sandstorm
|-heal|p2a: Landorus|99/100|[from] item: Leftovers
|upkeep
|turn|12
|
|t:|1743044492
|move|p1a: Volcarona|Fire Blast|p2a: Landorus
|-damage|p2a: Landorus|0 fnt
|faint|p2a: Landorus
|-damage|p1a: Volcarona|59/100|[from] item: Life Orb
|
|-weather|Sandstorm|[upkeep]
|-damage|p1a: Volcarona|53/100|[from] Sandstorm
|upkeep
|
|t:|1743044501
|switch|p2a: Alakazam|Alakazam, M|100/100
|turn|13
|
|t:|1743044504
|move|p1a: Volcarona|Giga Drain|p2a: Alakazam
|-damage|p2a: Alakazam|12/100
|-heal|p1a: Volcarona|88/100|[from] drain|[of] p2a: Alakazam
|-damage|p1a: Volcarona|79/100|[from] item: Life Orb
|move|p2a: Alakazam|Psyshock|p1a: Volcarona
|-damage|p1a: Volcarona|27/100
|
|-weather|Sandstorm|[upkeep]
|-damage|p1a: Volcarona|21/100|[from] Sandstorm
|upkeep
|turn|14
|inactive|chomp29 has 90 seconds left.
|
|t:|1743044522
|switch|p2a: Ferrothorn|Ferrothorn, M|78/100
|-damage|p2a: Ferrothorn|72/100|[from] Stealth Rock
|move|p1a: Volcarona|Bug Buzz|p2a: Ferrothorn
|-damage|p2a: Ferrothorn|0 fnt
|faint|p2a: Ferrothorn
|-damage|p1a: Volcarona|11/100|[from] item: Life Orb
|
|-weather|Sandstorm|[upkeep]
|-damage|p1a: Volcarona|5/100|[from] Sandstorm
|upkeep
|c|☆chomp29|Volc is stuoid but
|inactive|taxturbo has 30 seconds left.
|c|☆chomp29|So is no scarfer
|inactive|taxturbo has 20 seconds left.
|c|☆chomp29|In the age of volc
|inactive|taxturbo has 15 seconds left.
|inactive|taxturbo has 10 seconds left.
|-message|taxturbo forfeited.
|
|win|chomp29
|inactive|taxturbo has 15 seconds left this turn.
|raw|chomp29's rating: 1499 &rarr; <strong>1515</strong><br />(+16 for winning)
|raw|taxturbo's rating: 1420 &rarr; <strong>1404</strong><br />(-16 for losing)
|c|☆taxturbo|I think that game was fine
|c|☆chomp29|I meant
|c|☆chomp29|The lack of
|c|☆chomp29|Speed control
|c|☆taxturbo|bad MU and I was fine if had reads
|c|☆chomp29|Volc shouldnt
|c|☆taxturbo|I think the team is fine I mean
|c|☆chomp29|Ok lemmebask
|c|☆chomp29|If volc grts +1
|c|☆chomp29|With rocks
|c|☆chomp29|What do u do
|c|☆chomp29|Even if every mon is full
|c| connect connect|dodge the blast
|c| connect connect|duh
|c|☆chomp29|Ye
|c|☆chomp29|Tru
|c|☆chomp29|Granted my vlc has
|c|☆chomp29|Muxh more
|c|☆chomp29|Phys def
|c|☆chomp29|Than average cuz im not dumb
|c|☆chomp29|But still
|c|☆taxturbo|I mean if I EQ'd instead of rocked I was fine
|c|☆taxturbo|went for the read
|c|☆chomp29|I kived
|c|☆chomp29|I lived eq
|c| connect connect|the rocks was quite greedy yeah
|c|☆chomp29|My volc is heavily def invested
|c|☆taxturbo|you can't giga drain out of it
|c|☆chomp29|Sue but
|c|☆chomp29|I claim abother mon
|c|☆chomp29|And amso earlier
|c|☆chomp29|I assumed
|c|☆chomp29|Hr mist have scarf lando
|c|☆chomp29|But if i qd
|c|☆chomp29|Earljer
|c|☆chomp29|What do u do
|c|☆taxturbo|this MU greeds that specific lando set
|c|☆taxturbo|team I mean
|c|☆taxturbo|I think it's fine
|c|☆taxturbo|cna easily just put twave zam if wnated to not greed it
|c|☆chomp29|Hm
|c|☆chomp29|Yeab
|c|☆chomp29|Wave zam
|c|☆chomp29|Is abgood call
|c|☆chomp29|Or just like
|c|☆chomp29|Edge > ice
|c|☆chomp29|On lando
|c|☆chomp29|Its beter thsn u think
|c| connect connect|beast set
|c|☆chomp29|Ye
|c|☆chomp29|Cya
|l|☆chomp29
|player|p1|
|l| connect connect
|c|☆taxturbo|cya
|l|☆taxturbo
|player|p2|
