|j|☆ImaginewasTaken
|j|☆lijkjlkjlkjlkjlk
|t:|1725042257
|gametype|singles
|player|p1|ImaginewasTaken|n|1378
|player|p2|lijkjlkjlkjlkjlk|bugcatcher-gen4dp|1380
|teamsize|p1|6
|teamsize|p2|6
|gen|5
|tier|[Gen 5] OU
|rated|
|rule|Species Clause: Limit one of each Pokémon
|rule|OHKO Clause: OHKO moves are banned
|rule|Moody Clause: Moody is banned
|rule|Evasion Items Clause: Evasion items are banned
|rule|Evasion Moves Clause: Evasion moves are banned
|rule|Endless Battle Clause: Forcing endless battles is banned
|rule|HP Percentage Mod: HP is shown in percentages
|rule|Evasion Abilities Clause: Evasion abilities are banned
|rule|Sleep Moves Clause: Sleep-inducing moves are banned
|rule|Swagger Clause: Swagger is banned
|rule|Baton Pass Stat Clause: No Baton Passer may have a way to boost its stats
|clearpoke
|poke|p1|Politoed, M|item
|poke|p1|Breloom, F|item
|poke|p1|Tentacruel, F|item
|poke|p1|Ferrothorn, M|item
|poke|p1|Latios, M|item
|poke|p1|Thundurus-Therian, M|item
|poke|p2|Bronzong|item
|poke|p2|Porygon2|item
|poke|p2|Reuniclus, M|item
|poke|p2|Chandelure, F|item
|poke|p2|Crawdaunt, M|item
|poke|p2|Terrakion|item
|teampreview
|inactive|Battle timer is ON: inactive players will automatically lose when time's up. (requested by lijkjlkjlkjlkjlk)
|inactive|ImaginewasTaken has 120 seconds left.
|
|t:|1725042337
|start
|switch|p1a: Latios|Latios, M|100/100
|switch|p2a: Porygon2|Porygon2|100/100
|-ability|p2a: Porygon2|Download|boost
|-boost|p2a: Porygon2|atk|1
|turn|1
|
|t:|1725042350
|switch|p1a: The Toed|Politoed, M|100/100
|-weather|RainDance|[from] ability: Drizzle|[of] p1a: The Toed
|move|p2a: Porygon2|Trick Room|p2a: Porygon2
|-fieldstart|move: Trick Room|[of] p2a: Porygon2
|
|-weather|RainDance|[upkeep]
|upkeep
|turn|2
|
|t:|1725042358
|move|p2a: Porygon2|Thunder|p1a: The Toed
|-supereffective|p1a: The Toed
|-damage|p1a: The Toed|37/100
|-status|p1a: The Toed|par
|move|p1a: The Toed|Toxic|p2a: Porygon2
|-status|p2a: Porygon2|tox
|
|-weather|RainDance|[upkeep]
|-heal|p1a: The Toed|43/100 par|[from] item: Leftovers
|-damage|p2a: Porygon2|94/100 tox|[from] psn
|upkeep
|turn|3
|
|t:|1725042368
|switch|p1a: RIP Freaky-Sand|Ferrothorn, M|100/100
|move|p2a: Porygon2|Thunder|p1a: RIP Freaky-Sand
|-resisted|p1a: RIP Freaky-Sand
|-damage|p1a: RIP Freaky-Sand|87/100
|
|-weather|RainDance|[upkeep]
|-heal|p1a: RIP Freaky-Sand|93/100|[from] item: Leftovers
|-damage|p2a: Porygon2|82/100 tox|[from] psn
|upkeep
|turn|4
|
|t:|1725042379
|switch|p2a: Chandelure|Chandelure, F|100/100
|-item|p2a: Chandelure|Air Balloon
|move|p1a: RIP Freaky-Sand|Stealth Rock|p2a: Chandelure
|-sidestart|p2: lijkjlkjlkjlkjlk|move: Stealth Rock
|
|-weather|RainDance|[upkeep]
|-heal|p1a: RIP Freaky-Sand|99/100|[from] item: Leftovers
|upkeep
|turn|5
|
|t:|1725042386
|move|p1a: RIP Freaky-Sand|Protect|p1a: RIP Freaky-Sand
|-singleturn|p1a: RIP Freaky-Sand|Protect
|move|p2a: Chandelure|Fire Blast|p1a: RIP Freaky-Sand
|-activate|p1a: RIP Freaky-Sand|move: Protect
|
|-weather|RainDance|[upkeep]
|-heal|p1a: RIP Freaky-Sand|100/100|[from] item: Leftovers
|-fieldend|move: Trick Room
|upkeep
|turn|6
|
|t:|1725042394
|move|p1a: RIP Freaky-Sand|Gyro Ball|p2a: Chandelure
|-resisted|p2a: Chandelure
|-damage|p2a: Chandelure|81/100
|-enditem|p2a: Chandelure|Air Balloon
|move|p2a: Chandelure|Trick Room|p2a: Chandelure
|-fieldstart|move: Trick Room|[of] p2a: Chandelure
|
|-weather|RainDance|[upkeep]
|upkeep
|turn|7
|
|t:|1725042408
|move|p1a: RIP Freaky-Sand|Protect|p1a: RIP Freaky-Sand
|-singleturn|p1a: RIP Freaky-Sand|Protect
|move|p2a: Chandelure|Fire Blast|p1a: RIP Freaky-Sand
|-activate|p1a: RIP Freaky-Sand|move: Protect
|
|-weather|RainDance|[upkeep]
|upkeep
|turn|8
|
|t:|1725042411
|switch|p1a: Tentacruel|Tentacruel, F|100/100
|move|p2a: Chandelure|Fire Blast|p1a: Tentacruel
|-resisted|p1a: Tentacruel
|-damage|p1a: Tentacruel|85/100
|
|-weather|RainDance|[upkeep]
|-heal|p1a: Tentacruel|91/100|[from] ability: Rain Dish
|-heal|p1a: Tentacruel|97/100|[from] item: Black Sludge
|upkeep
|turn|9
|
|t:|1725042416
|switch|p2a: Reuniclus|Reuniclus, M|100/100
|move|p1a: Tentacruel|Scald|p2a: Reuniclus
|-damage|p2a: Reuniclus|73/100
|
|-weather|RainDance|[upkeep]
|-heal|p1a: Tentacruel|100/100|[from] ability: Rain Dish
|upkeep
|turn|10
|
|t:|1725042432
|switch|p1a: The Toed|Politoed, M|43/100 par
|move|p2a: Reuniclus|Psyshock|p1a: The Toed
|-damage|p1a: The Toed|8/100 par
|
|-weather|RainDance|[upkeep]
|-heal|p1a: The Toed|15/100 par|[from] item: Leftovers
|-fieldend|move: Trick Room
|upkeep
|turn|11
|
|t:|1725042442
|move|p1a: The Toed|Encore|p2a: Reuniclus
|-start|p2a: Reuniclus|Encore
|move|p2a: Reuniclus|Psyshock|p1a: The Toed
|-damage|p1a: The Toed|0 fnt
|faint|p1a: The Toed
|
|-weather|RainDance|[upkeep]
|upkeep
|
|t:|1725042445
|switch|p1a: OHKO??? ZAMN!!!|Thundurus-Therian, M|100/100
|turn|12
|
|t:|1725042448
|move|p1a: OHKO??? ZAMN!!!|Agility|p1a: OHKO??? ZAMN!!!
|-boost|p1a: OHKO??? ZAMN!!!|spe|2
|move|p2a: Reuniclus|Psyshock|p1a: OHKO??? ZAMN!!!
|-damage|p1a: OHKO??? ZAMN!!!|32/100
|-enditem|p1a: OHKO??? ZAMN!!!|Sitrus Berry|[eat]
|-heal|p1a: OHKO??? ZAMN!!!|57/100|[from] item: Sitrus Berry
|
|-weather|RainDance|[upkeep]
|upkeep
|turn|13
|
|t:|1725042452
|move|p1a: OHKO??? ZAMN!!!|Thunder|p2a: Reuniclus
|-damage|p2a: Reuniclus|21/100
|move|p2a: Reuniclus|Psyshock|p1a: OHKO??? ZAMN!!!
|-damage|p1a: OHKO??? ZAMN!!!|0 fnt
|faint|p1a: OHKO??? ZAMN!!!
|
|-weather|RainDance|[upkeep]
|-end|p2a: Reuniclus|Encore
|upkeep
|
|t:|1725042456
|switch|p1a: Tentacruel|Tentacruel, F|100/100
|turn|14
|
|t:|1725042464
|move|p1a: Tentacruel|Scald|p2a: Reuniclus
|-damage|p2a: Reuniclus|0 fnt
|faint|p2a: Reuniclus
|
|-weather|RainDance|[upkeep]
|upkeep
|
|t:|1725042482
|switch|p2a: Crawdaunt|Crawdaunt, M|100/100
|-damage|p2a: Crawdaunt|88/100|[from] Stealth Rock
|turn|15
|
|t:|1725042487
|move|p1a: Tentacruel|Toxic|p2a: Crawdaunt|[miss]
|-miss|p1a: Tentacruel|p2a: Crawdaunt
|move|p2a: Crawdaunt|Crunch|p1a: Tentacruel
|-damage|p1a: Tentacruel|0 fnt
|faint|p1a: Tentacruel
|
|-weather|RainDance|[upkeep]
|upkeep
|
|t:|1725042492
|switch|p1a: MY GOAT RAAAHHHH|Breloom, F|100/100
|turn|16
|
|t:|1725042508
|move|p1a: MY GOAT RAAAHHHH|Swords Dance|p1a: MY GOAT RAAAHHHH
|-boost|p1a: MY GOAT RAAAHHHH|atk|2
|move|p2a: Crawdaunt|Crunch|p1a: MY GOAT RAAAHHHH
|-resisted|p1a: MY GOAT RAAAHHHH
|-damage|p1a: MY GOAT RAAAHHHH|47/100
|
|-weather|RainDance|[upkeep]
|-status|p1a: MY GOAT RAAAHHHH|tox|[from] item: Toxic Orb
|upkeep
|turn|17
|
|t:|1725042518
|move|p1a: MY GOAT RAAAHHHH|Drain Punch|p2a: Crawdaunt
|-supereffective|p2a: Crawdaunt
|-crit|p2a: Crawdaunt
|-damage|p2a: Crawdaunt|0 fnt
|-heal|p1a: MY GOAT RAAAHHHH|89/100 tox|[from] drain|[of] p2a: Crawdaunt
|faint|p2a: Crawdaunt
|
|-weather|RainDance|[upkeep]
|-heal|p1a: MY GOAT RAAAHHHH|100/100 tox|[from] ability: Poison Heal
|upkeep
|
|t:|1725042524
|switch|p2a: Chandelure|Chandelure, F|81/100
|-damage|p2a: Chandelure|57/100|[from] Stealth Rock
|turn|18
|
|t:|1725042528
|move|p1a: MY GOAT RAAAHHHH|Protect|p1a: MY GOAT RAAAHHHH
|-singleturn|p1a: MY GOAT RAAAHHHH|Protect
|move|p2a: Chandelure|Fire Blast|p1a: MY GOAT RAAAHHHH
|-activate|p1a: MY GOAT RAAAHHHH|move: Protect
|
|-weather|RainDance|[upkeep]
|upkeep
|turn|19
|
|t:|1725042532
|switch|p1a: Latios|Latios, M|100/100
|move|p2a: Chandelure|Trick Room|p2a: Chandelure
|-fieldstart|move: Trick Room|[of] p2a: Chandelure
|
|-weather|RainDance|[upkeep]
|upkeep
|turn|20
|
|t:|1725042537
|move|p2a: Chandelure|Shadow Ball|p1a: Latios
|-supereffective|p1a: Latios
|-damage|p1a: Latios|0 fnt
|faint|p1a: Latios
|
|-weather|RainDance|[upkeep]
|upkeep
|
|t:|1725042541
|switch|p1a: RIP Freaky-Sand|Ferrothorn, M|100/100
|turn|21
|l|☆ImaginewasTaken
|inactive|ImaginewasTaken disconnected and has a minute to reconnect!
|player|p1|
|j|☆ImaginewasTaken
|inactive|ImaginewasTaken reconnected and has 130 seconds left.
|player|p1|ImaginewasTaken|n|
|
|t:|1725042570
|move|p1a: RIP Freaky-Sand|Gyro Ball|p2a: Chandelure
|-resisted|p2a: Chandelure
|-damage|p2a: Chandelure|39/100
|move|p2a: Chandelure|Fire Blast|p1a: RIP Freaky-Sand
|-supereffective|p1a: RIP Freaky-Sand
|-damage|p1a: RIP Freaky-Sand|0 fnt
|faint|p1a: RIP Freaky-Sand
|
|-weather|RainDance|[upkeep]
|upkeep
|
|t:|1725042573
|switch|p1a: MY GOAT RAAAHHHH|Breloom, F|100/100 tox
|turn|22
|
|t:|1725042578
|move|p1a: MY GOAT RAAAHHHH|Protect|p1a: MY GOAT RAAAHHHH
|-singleturn|p1a: MY GOAT RAAAHHHH|Protect
|move|p2a: Chandelure|Fire Blast|p1a: MY GOAT RAAAHHHH
|-activate|p1a: MY GOAT RAAAHHHH|move: Protect
|
|-weather|RainDance|[upkeep]
|upkeep
|turn|23
|
|t:|1725042581
|move|p1a: MY GOAT RAAAHHHH|Protect|p1a: MY GOAT RAAAHHHH
|-singleturn|p1a: MY GOAT RAAAHHHH|Protect
|move|p2a: Chandelure|Fire Blast|p1a: MY GOAT RAAAHHHH
|-activate|p1a: MY GOAT RAAAHHHH|move: Protect
|
|-weather|RainDance|[upkeep]
|-fieldend|move: Trick Room
|upkeep
|turn|24
|
|t:|1725042586
|move|p1a: MY GOAT RAAAHHHH|Swords Dance|p1a: MY GOAT RAAAHHHH
|-boost|p1a: MY GOAT RAAAHHHH|atk|2
|move|p2a: Chandelure|Fire Blast|p1a: MY GOAT RAAAHHHH|[miss]
|-miss|p2a: Chandelure|p1a: MY GOAT RAAAHHHH
|
|-weather|RainDance|[upkeep]
|upkeep
|turn|25
|
|t:|1725042592
|move|p1a: MY GOAT RAAAHHHH|Swords Dance|p1a: MY GOAT RAAAHHHH
|-boost|p1a: MY GOAT RAAAHHHH|atk|2
|move|p2a: Chandelure|Shadow Ball|p1a: MY GOAT RAAAHHHH
|-damage|p1a: MY GOAT RAAAHHHH|40/100 tox
|-unboost|p1a: MY GOAT RAAAHHHH|spd|1
|
|-weather|RainDance|[upkeep]
|-heal|p1a: MY GOAT RAAAHHHH|52/100 tox|[from] ability: Poison Heal
|upkeep
|turn|26
|
|t:|1725042601
|move|p1a: MY GOAT RAAAHHHH|Protect|p1a: MY GOAT RAAAHHHH
|-singleturn|p1a: MY GOAT RAAAHHHH|Protect
|move|p2a: Chandelure|Shadow Ball|p1a: MY GOAT RAAAHHHH
|-activate|p1a: MY GOAT RAAAHHHH|move: Protect
|
|-weather|RainDance|[upkeep]
|-heal|p1a: MY GOAT RAAAHHHH|65/100 tox|[from] ability: Poison Heal
|upkeep
|turn|27
|c|☆ImaginewasTaken|i wish i could hit ghost types
|c|☆ImaginewasTaken|fr
|-message|ImaginewasTaken forfeited.
|
|win|lijkjlkjlkjlkjlk
|raw|ImaginewasTaken's rating: 1378 &rarr; <strong>1358</strong><br />(-20 for losing)
|raw|lijkjlkjlkjlkjlk's rating: 1380 &rarr; <strong>1400</strong><br />(+20 for winning)
|l|☆ImaginewasTaken
|player|p1|
|c|☆lijkjlkjlkjlkjlk|oof
|c|☆lijkjlkjlkjlkjlk|gg
