|join|Eber Alakazam
|join|voulge
|player|p1|Eber Alakazam|265
|player|p2|voulge|25
|gametype|singles
|gen|5
|tier|[Gen 5] OU
|rated
|rule|Evasion Abilities Clause: Evasion abilities are banned
|clearpoke
|poke|p1|Blissey, F
|poke|p1|Skarmory, F
|poke|p1|Ferrothorn, M
|poke|p1|Tentacruel, M
|poke|p1|Politoed, M
|poke|p1|Jirachi
|poke|p2|Ferrothorn, M
|poke|p2|Heatran, F
|poke|p2|Jellicent, F
|poke|p2|Jolteon, M
|poke|p2|Landorus-Therian, M, shiny
|poke|p2|Hitmontop, M
|rule|Sleep Clause Mod: Limit one foe put to sleep
|rule|Species Clause: Limit one of each Pokémon
|rule|OHKO Clause: OHKO moves are banned
|rule|Moody Clause: Moody is banned
|rule|Evasion Moves Clause: Evasion moves are banned
|rule|Endless Battle Clause: Forcing endless battles is banned
|rule|HP Percentage Mod: HP is reported as percentages
|teampreview
|chat|voulge|wow
|chat|voulge|rain stall much
|
|start
|switch|p1a: Tentacruel|Tentacruel, M|364/364
|switch|p2a: Jolteon|Jolteon, M|272/272
|turn|1
|
|switch|p1a: Ferrothorn|Ferrothorn, M|351/351
|move|p2a: Jolteon|Volt Switch|p1a: Ferrothorn
|-resisted|p1a: Ferrothorn
|-damage|p1a: Ferrothorn|312/351
|
|switch|p2a: Heatran|Heatran, F|386/386
|
|-heal|p1a: Ferrothorn|333/351|[from] item: Leftovers
|turn|2
|
|switch|p1a: Politoed|Politoed, M|384/384
|-weather|RainDance|[from] ability: Drizzle|[of] p1a: Politoed
|move|p2a: Heatran|Lava Plume|p1a: Politoed
|-resisted|p1a: Politoed
|-damage|p1a: Politoed|357/384
|
|-weather|RainDance|[upkeep]
|-heal|p1a: Politoed|381/384|[from] item: Leftovers
|turn|3
|
|switch|p2a: Ferrothorn|Ferrothorn, M|352/352
|move|p1a: Politoed|Scald|p2a: Ferrothorn
|-resisted|p2a: Ferrothorn
|-damage|p2a: Ferrothorn|295/352
|-status|p2a: Ferrothorn|brn
|
|-weather|RainDance|[upkeep]
|-heal|p1a: Politoed|384/384|[from] item: Leftovers
|-heal|p2a: Ferrothorn|317/352 brn|[from] item: Leftovers
|-damage|p2a: Ferrothorn|273/352 brn|[from] brn
|turn|4
|
|switch|p1a: Tentacruel|Tentacruel, M|364/364
|move|p2a: Ferrothorn|Spikes|p1a: Tentacruel
|-sidestart|p1: Eber Alakazam|Spikes
|
|-weather|RainDance|[upkeep]
|-heal|p2a: Ferrothorn|295/352 brn|[from] item: Leftovers
|-damage|p2a: Ferrothorn|251/352 brn|[from] brn
|turn|5
|
|switch|p2a: Jolteon|Jolteon, M|272/272
|move|p1a: Tentacruel|Toxic Spikes|p2a: Jolteon
|-sidestart|p2: voulge|move: Toxic Spikes
|
|-weather|RainDance|[upkeep]
|turn|6
|
|move|p2a: Jolteon|Volt Switch|p1a: Tentacruel
|-supereffective|p1a: Tentacruel
|-damage|p1a: Tentacruel|136/364
|
|switch|p2a: Landorus-Therian|Landorus-Therian, M, shiny|354/354
|-ability|p2a: Landorus-Therian|Intimidate|[of] p1a: Tentacruel
|-unboost|p1a: Tentacruel|atk|1
|move|p1a: Tentacruel|Toxic Spikes|p2a: Landorus-Therian
|-sidestart|p2: voulge|move: Toxic Spikes
|
|-weather|RainDance|[upkeep]
|-heal|p1a: Tentacruel|158/364|[from] ability: Rain Dish
|-heal|p1a: Tentacruel|180/364|[from] item: Black Sludge
|turn|7
|
|move|p1a: Tentacruel|Protect|p1a: Tentacruel
|-singleturn|p1a: Tentacruel|Protect
|move|p2a: Landorus-Therian|U-turn|p1a: Tentacruel
|-activate|p1a: Tentacruel|Protect
|
|-weather|RainDance|[upkeep]
|-heal|p1a: Tentacruel|202/364|[from] ability: Rain Dish
|-heal|p1a: Tentacruel|224/364|[from] item: Black Sludge
|turn|8
|
|move|p2a: Landorus-Therian|U-turn|p1a: Tentacruel
|-resisted|p1a: Tentacruel
|-damage|p1a: Tentacruel|181/364
|
|switch|p2a: Hitmontop|Hitmontop, M|304/304
|-status|p2a: Hitmontop|tox
|-ability|p2a: Hitmontop|Intimidate|[of] p1a: Tentacruel
|-unboost|p1a: Tentacruel|atk|1
|move|p1a: Tentacruel|Scald|p2a: Hitmontop
|-damage|p2a: Hitmontop|199/304 tox
|
|-weather|RainDance|[upkeep]
|-heal|p1a: Tentacruel|203/364|[from] ability: Rain Dish
|-heal|p1a: Tentacruel|225/364|[from] item: Black Sludge
|-heal|p2a: Hitmontop|218/304 tox|[from] item: Leftovers
|-damage|p2a: Hitmontop|199/304 tox|[from] psn
|turn|9
|
|move|p1a: Tentacruel|Protect|p1a: Tentacruel
|-singleturn|p1a: Tentacruel|Protect
|move|p2a: Hitmontop|Rapid Spin|p1a: Tentacruel
|-activate|p1a: Tentacruel|Protect
|
|-weather|RainDance|[upkeep]
|-heal|p1a: Tentacruel|247/364|[from] ability: Rain Dish
|-heal|p1a: Tentacruel|269/364|[from] item: Black Sludge
|-heal|p2a: Hitmontop|218/304 tox|[from] item: Leftovers
|-damage|p2a: Hitmontop|180/304 tox|[from] psn
|turn|10
|
|move|p1a: Tentacruel|Toxic Spikes|p2a: Hitmontop
|-fail|p2a: Hitmontop
|move|p2a: Hitmontop|Rapid Spin|p1a: Tentacruel
|-damage|p1a: Tentacruel|250/364
|-sideend|p2: voulge|Toxic Spikes|[from] move: Rapid Spin|[of] p2a: Hitmontop
|
|-weather|RainDance|[upkeep]
|-heal|p1a: Tentacruel|272/364|[from] ability: Rain Dish
|-heal|p1a: Tentacruel|294/364|[from] item: Black Sludge
|-heal|p2a: Hitmontop|199/304 tox|[from] item: Leftovers
|-damage|p2a: Hitmontop|142/304 tox|[from] psn
|turn|11
|
|switch|p2a: Jellicent|Jellicent, F|404/404
|move|p1a: Tentacruel|Toxic Spikes|p2a: Jellicent
|-sidestart|p2: voulge|move: Toxic Spikes
|
|-weather|RainDance|[upkeep]
|-heal|p1a: Tentacruel|316/364|[from] ability: Rain Dish
|-heal|p1a: Tentacruel|338/364|[from] item: Black Sludge
|turn|12
|
|move|p1a: Tentacruel|Toxic Spikes|p2a: Jellicent
|-sidestart|p2: voulge|move: Toxic Spikes
|move|p2a: Jellicent|Taunt|p1a: Tentacruel
|-start|p1a: Tentacruel|move: Taunt
|
|-weather|RainDance|[upkeep]
|-heal|p1a: Tentacruel|360/364|[from] ability: Rain Dish
|-heal|p1a: Tentacruel|364/364|[from] item: Black Sludge
|turn|13
|
|switch|p1a: Blissey|Blissey, F|714/714
|-damage|p1a: Blissey|625/714|[from] Spikes
|move|p2a: Jellicent|Will-O-Wisp|p1a: Blissey
|-status|p1a: Blissey|brn
|
|-weather|RainDance|[upkeep]
|-heal|p1a: Blissey|669/714 brn|[from] item: Leftovers
|-damage|p1a: Blissey|580/714 brn|[from] brn
|turn|14
|
|switch|p1a: Tentacruel|Tentacruel, M|364/364
|-damage|p1a: Tentacruel|319/364|[from] Spikes
|move|p2a: Jellicent|Taunt|p1a: Tentacruel
|-start|p1a: Tentacruel|move: Taunt
|
|-weather|RainDance|[upkeep]
|-heal|p1a: Tentacruel|341/364|[from] ability: Rain Dish
|-heal|p1a: Tentacruel|363/364|[from] item: Black Sludge
|turn|15
|
|move|p1a: Tentacruel|Scald|p2a: Jellicent
|-immune|p2a: Jellicent|[msg]
|move|p2a: Jellicent|Will-O-Wisp|p1a: Tentacruel
|-status|p1a: Tentacruel|brn
|
|-weather|RainDance|[upkeep]
|-heal|p1a: Tentacruel|364/364 brn|[from] ability: Rain Dish
|-damage|p1a: Tentacruel|319/364 brn|[from] brn
|turn|16
|
|move|p1a: Tentacruel|Rapid Spin|p2a: Jellicent
|-immune|p2a: Jellicent|[msg]
|move|p2a: Jellicent|Scald|p1a: Tentacruel
|-resisted|p1a: Tentacruel
|-damage|p1a: Tentacruel|263/364 brn
|
|-weather|RainDance|[upkeep]
|-heal|p1a: Tentacruel|285/364 brn|[from] ability: Rain Dish
|-heal|p1a: Tentacruel|307/364 brn|[from] item: Black Sludge
|-damage|p1a: Tentacruel|262/364 brn|[from] brn
|turn|17
|
|switch|p1a: Ferrothorn|Ferrothorn, M|333/351
|-damage|p1a: Ferrothorn|290/351|[from] Spikes
|move|p2a: Jellicent|Scald|p1a: Ferrothorn
|-resisted|p1a: Ferrothorn
|-damage|p1a: Ferrothorn|251/351
|
|-weather|RainDance|[upkeep]
|-heal|p1a: Ferrothorn|272/351|[from] item: Leftovers
|turn|18
|
|move|p2a: Jellicent|Will-O-Wisp|p1a: Ferrothorn|[miss]
|-miss|p2a: Jellicent|p1a: Ferrothorn
|move|p1a: Ferrothorn|Power Whip|p2a: Jellicent
|-supereffective|p2a: Jellicent
|-damage|p2a: Jellicent|60/404
|
|-weather|RainDance|[upkeep]
|-heal|p2a: Jellicent|85/404|[from] item: Leftovers
|-heal|p1a: Ferrothorn|293/351|[from] item: Leftovers
|turn|19
|
|move|p2a: Jellicent|Will-O-Wisp|p1a: Ferrothorn
|-status|p1a: Ferrothorn|brn
|move|p1a: Ferrothorn|Power Whip|p2a: Jellicent
|-supereffective|p2a: Jellicent
|-damage|p2a: Jellicent|0 fnt
|faint|p2a: Jellicent
|
|-weather|RainDance|[upkeep]
|-heal|p1a: Ferrothorn|314/351 brn|[from] item: Leftovers
|-damage|p1a: Ferrothorn|271/351 brn|[from] brn
|chat|voulge|sigh
|chat|voulge|i hate rain stall
|chat|voulge|so, so boring
|
|switch|p2a: Heatran|Heatran, F|386/386
|turn|20
|
|switch|p1a: Blissey|Blissey, F|580/714
|-damage|p1a: Blissey|491/714|[from] Spikes
|move|p2a: Heatran|Lava Plume|p1a: Blissey
|-damage|p1a: Blissey|443/714
|
|-weather|RainDance|[upkeep]
|-heal|p1a: Blissey|487/714|[from] item: Leftovers
|turn|21
|
|move|p2a: Heatran|Stealth Rock|p1a: Blissey
|-sidestart|p1: Eber Alakazam|move: Stealth Rock
|move|p1a: Blissey|Stealth Rock|p2a: Heatran
|-sidestart|p2: voulge|move: Stealth Rock
|
|-weather|RainDance|[upkeep]
|-heal|p1a: Blissey|531/714|[from] item: Leftovers
|turn|22
|
|move|p1a: Blissey|Toxic|p2a: Heatran|[miss]
|-miss|p1a: Blissey|p2a: Heatran
|move|p2a: Heatran|Roar|p1a: Blissey
|drag|p1a: Skarmory|Skarmory, F|334/334
|-damage|p1a: Skarmory|293/334|[from] Stealth Rock
|
|-weather|RainDance|[upkeep]
|turn|23
|
|move|p2a: Heatran|Lava Plume|p1a: Skarmory
|-supereffective|p1a: Skarmory
|-damage|p1a: Skarmory|147/334
|move|p1a: Skarmory|Spikes|p2a: Heatran
|-sidestart|p2: voulge|Spikes
|
|-weather|RainDance|[upkeep]
|turn|24
|
|move|p2a: Heatran|Lava Plume|p1a: Skarmory
|-supereffective|p1a: Skarmory
|-damage|p1a: Skarmory|0 fnt
|faint|p1a: Skarmory
|
|-weather|RainDance|[upkeep]
|
|switch|p1a: Tentacruel|Tentacruel, M|262/364 brn
|-damage|p1a: Tentacruel|217/364 brn|[from] Stealth Rock
|-damage|p1a: Tentacruel|172/364 brn|[from] Spikes
|turn|25
|
|move|p1a: Tentacruel|Rapid Spin|p2a: Heatran
|-resisted|p2a: Heatran
|-damage|p2a: Heatran|383/386
|-sideend|p1: Eber Alakazam|Spikes|[from] move: Rapid Spin|[of] p1a: Tentacruel
|-sideend|p1: Eber Alakazam|Stealth Rock|[from] move: Rapid Spin|[of] p1a: Tentacruel
|move|p2a: Heatran|Stealth Rock|p1a: Tentacruel
|-sidestart|p1: Eber Alakazam|move: Stealth Rock
|
|-weather|RainDance|[upkeep]
|-heal|p1a: Tentacruel|194/364 brn|[from] ability: Rain Dish
|-heal|p1a: Tentacruel|216/364 brn|[from] item: Black Sludge
|-heal|p2a: Heatran|386/386|[from] item: Leftovers
|-damage|p1a: Tentacruel|171/364 brn|[from] brn
|turn|26
|
|move|p1a: Tentacruel|Rapid Spin|p2a: Heatran
|-resisted|p2a: Heatran
|-damage|p2a: Heatran|383/386
|-sideend|p1: Eber Alakazam|Stealth Rock|[from] move: Rapid Spin|[of] p1a: Tentacruel
|move|p2a: Heatran|Roar|p1a: Tentacruel
|drag|p1a: Politoed|Politoed, M|384/384
|
|-weather|RainDance|[upkeep]
|-heal|p2a: Heatran|386/386|[from] item: Leftovers
|turn|27
|
|move|p2a: Heatran|Stealth Rock|p1a: Politoed
|-sidestart|p1: Eber Alakazam|move: Stealth Rock
|move|p1a: Politoed|Scald|p2a: Heatran
|-supereffective|p2a: Heatran
|-damage|p2a: Heatran|200/386
|
|-weather|RainDance|[upkeep]
|-heal|p2a: Heatran|224/386|[from] item: Leftovers
|turn|28
|
|move|p2a: Heatran|Protect|p2a: Heatran
|-singleturn|p2a: Heatran|Protect
|move|p1a: Politoed|Scald|p2a: Heatran
|-activate|p2a: Heatran|Protect
|
|-weather|RainDance|[upkeep]
|-heal|p2a: Heatran|248/386|[from] item: Leftovers
|turn|29
|
|move|p1a: Politoed|Scald|p2a: Heatran
|-supereffective|p2a: Heatran
|-damage|p2a: Heatran|66/386
|move|p2a: Heatran|Roar|p1a: Politoed
|drag|p1a: Ferrothorn|Ferrothorn, M|271/351 brn
|-damage|p1a: Ferrothorn|250/351 brn|[from] Stealth Rock
|
|-weather|RainDance|[upkeep]
|-heal|p2a: Heatran|90/386|[from] item: Leftovers
|-heal|p1a: Ferrothorn|271/351 brn|[from] item: Leftovers
|-damage|p1a: Ferrothorn|228/351 brn|[from] brn
|turn|30
|
|move|p2a: Heatran|Lava Plume|p1a: Ferrothorn
|-supereffective|p1a: Ferrothorn
|-damage|p1a: Ferrothorn|60/351 brn
|move|p1a: Ferrothorn|Leech Seed|p2a: Heatran
|-start|p2a: Heatran|move: Leech Seed
|
|-weather|RainDance|[upkeep]
|-heal|p2a: Heatran|114/386|[from] item: Leftovers
|-heal|p1a: Ferrothorn|81/351 brn|[from] item: Leftovers
|-damage|p2a: Heatran|66/386|[from] Leech Seed|[of] p1a: Ferrothorn
|-heal|p1a: Ferrothorn|129/351 brn|[silent]
|-damage|p1a: Ferrothorn|86/351 brn|[from] brn
|turn|31
|
|switch|p2a: Hitmontop|Hitmontop, M|142/304 tox
|-damage|p2a: Hitmontop|123/304 tox|[from] Stealth Rock
|-damage|p2a: Hitmontop|85/304 tox|[from] Spikes
|-ability|p2a: Hitmontop|Intimidate|[of] p1a: Ferrothorn
|-unboost|p1a: Ferrothorn|atk|1
|move|p1a: Ferrothorn|Protect|p1a: Ferrothorn
|-fail|p1a: Ferrothorn
|
|-weather|RainDance|[upkeep]
|-heal|p2a: Hitmontop|104/304 tox|[from] item: Leftovers
|-heal|p1a: Ferrothorn|107/351 brn|[from] item: Leftovers
|-damage|p2a: Hitmontop|85/304 tox|[from] psn
|-damage|p1a: Ferrothorn|64/351 brn|[from] brn
|turn|32
|
|move|p1a: Ferrothorn|Protect|p1a: Ferrothorn
|-singleturn|p1a: Ferrothorn|Protect
|move|p2a: Hitmontop|Rapid Spin|p1a: Ferrothorn
|-activate|p1a: Ferrothorn|Protect
|
|-weather|RainDance|[upkeep]
|-heal|p2a: Hitmontop|104/304 tox|[from] item: Leftovers
|-heal|p1a: Ferrothorn|85/351 brn|[from] item: Leftovers
|-damage|p2a: Hitmontop|66/304 tox|[from] psn
|-damage|p1a: Ferrothorn|42/351 brn|[from] brn
|turn|33
|
|move|p1a: Ferrothorn|Protect|p1a: Ferrothorn
|-singleturn|p1a: Ferrothorn|Protect
|move|p2a: Hitmontop|Rapid Spin|p1a: Ferrothorn
|-activate|p1a: Ferrothorn|Protect
|
|-weather|RainDance|[upkeep]
|-heal|p2a: Hitmontop|85/304 tox|[from] item: Leftovers
|-heal|p1a: Ferrothorn|63/351 brn|[from] item: Leftovers
|-damage|p2a: Hitmontop|28/304 tox|[from] psn
|-damage|p1a: Ferrothorn|20/351 brn|[from] brn
|turn|34
|
|switch|p1a: Politoed|Politoed, M|384/384
|-damage|p1a: Politoed|336/384|[from] Stealth Rock
|move|p2a: Hitmontop|Rapid Spin|p1a: Politoed
|-damage|p1a: Politoed|316/384
|-sideend|p2: voulge|Spikes|[from] move: Rapid Spin|[of] p2a: Hitmontop
|-sideend|p2: voulge|Toxic Spikes|[from] move: Rapid Spin|[of] p2a: Hitmontop
|-sideend|p2: voulge|Stealth Rock|[from] move: Rapid Spin|[of] p2a: Hitmontop
|
|-weather|RainDance|[upkeep]
|-heal|p2a: Hitmontop|47/304 tox|[from] item: Leftovers
|-heal|p1a: Politoed|340/384|[from] item: Leftovers
|-damage|p2a: Hitmontop|0 fnt|[from] psn
|faint|p2a: Hitmontop
|
|switch|p2a: Jolteon|Jolteon, M|272/272
|turn|35
|
|move|p1a: Politoed|Protect|p1a: Politoed
|-singleturn|p1a: Politoed|Protect
|move|p2a: Jolteon|Thunder|p1a: Politoed
|-activate|p1a: Politoed|Protect
|
|-weather|RainDance|[upkeep]
|-heal|p1a: Politoed|364/384|[from] item: Leftovers
|turn|36
|
|switch|p2a: Landorus-Therian|Landorus-Therian, M, shiny|354/354
|-ability|p2a: Landorus-Therian|Intimidate|[of] p1a: Politoed
|-unboost|p1a: Politoed|atk|1
|switch|p1a: Blissey|Blissey, F|531/714
|-damage|p1a: Blissey|442/714|[from] Stealth Rock
|
|-weather|RainDance|[upkeep]
|-heal|p1a: Blissey|486/714|[from] item: Leftovers
|turn|37
|
|move|p2a: Landorus-Therian|Earthquake|p1a: Blissey
|-damage|p1a: Blissey|177/714
|move|p1a: Blissey|Soft-Boiled|p1a: Blissey
|-heal|p1a: Blissey|534/714
|
|-weather|RainDance|[upkeep]
|-heal|p1a: Blissey|578/714|[from] item: Leftovers
|turn|38
|
|switch|p2a: Ferrothorn|Ferrothorn, M|251/352 brn
|move|p1a: Blissey|Soft-Boiled|p1a: Blissey
|-heal|p1a: Blissey|714/714
|
|-weather|RainDance|[upkeep]
|-heal|p2a: Ferrothorn|273/352 brn|[from] item: Leftovers
|-damage|p2a: Ferrothorn|229/352 brn|[from] brn
|turn|39
|
|move|p1a: Blissey|Stealth Rock|p2a: Ferrothorn
|-sidestart|p2: voulge|move: Stealth Rock
|move|p2a: Ferrothorn|Leech Seed|p1a: Blissey
|-start|p1a: Blissey|move: Leech Seed
|
|-weather|RainDance|[upkeep]
|-heal|p2a: Ferrothorn|251/352 brn|[from] item: Leftovers
|-damage|p1a: Blissey|625/714|[from] Leech Seed|[of] p2a: Ferrothorn
|-heal|p2a: Ferrothorn|340/352 brn|[silent]
|-damage|p2a: Ferrothorn|296/352 brn|[from] brn
|turn|40
|
|switch|p1a: Ferrothorn|Ferrothorn, M|20/351 brn
|-damage|p1a: Ferrothorn|0 fnt|[from] Stealth Rock
|faint|p1a: Ferrothorn
|move|p2a: Ferrothorn|Spikes|p1: Ferrothorn
|-sidestart|p1: Eber Alakazam|Spikes
|
|-weather|RainDance|[upkeep]
|-heal|p2a: Ferrothorn|318/352 brn|[from] item: Leftovers
|-damage|p2a: Ferrothorn|274/352 brn|[from] brn
|
|switch|p1a: Jirachi|Jirachi|404/404
|-damage|p1a: Jirachi|379/404|[from] Stealth Rock
|-damage|p1a: Jirachi|329/404|[from] Spikes
|turn|41
|
|move|p1a: Jirachi|Substitute|p1a: Jirachi
|-start|p1a: Jirachi|Substitute
|-damage|p1a: Jirachi|228/404
|move|p2a: Ferrothorn|Leech Seed|p1a: Jirachi
|
|-weather|RainDance|[upkeep]
|-heal|p1a: Jirachi|253/404|[from] item: Leftovers
|-heal|p2a: Ferrothorn|296/352 brn|[from] item: Leftovers
|-damage|p2a: Ferrothorn|252/352 brn|[from] brn
|turn|42
|
|switch|p2a: Jolteon|Jolteon, M|272/272
|-damage|p2a: Jolteon|238/272|[from] Stealth Rock
|move|p1a: Jirachi|Calm Mind|p1a: Jirachi
|-boost|p1a: Jirachi|spa|1
|-boost|p1a: Jirachi|spd|1
|
|-weather|RainDance|[upkeep]
|-heal|p1a: Jirachi|278/404|[from] item: Leftovers
|turn|43
|
|move|p2a: Jolteon|Volt Switch|p1a: Jirachi
|-activate|p1a: Jirachi|Substitute|[damage]
|
|switch|p2a: Landorus-Therian|Landorus-Therian, M, shiny|354/354
|-damage|p2a: Landorus-Therian|310/354|[from] Stealth Rock
|-activate|p1a: Jirachi|Substitute|ability: Intimidate|[of] p2a: Landorus-Therian
|move|p1a: Jirachi|Calm Mind|p1a: Jirachi
|-boost|p1a: Jirachi|spa|1
|-boost|p1a: Jirachi|spd|1
|
|-weather|RainDance|[upkeep]
|-heal|p1a: Jirachi|303/404|[from] item: Leftovers
|turn|44
|
|move|p2a: Landorus-Therian|U-turn|p1a: Jirachi
|-crit|p1a: Jirachi
|-end|p1a: Jirachi|Substitute
|
|switch|p2a: Heatran|Heatran, F|66/386
|-damage|p2a: Heatran|18/386|[from] Stealth Rock
|move|p1a: Jirachi|Psychic|p2a: Heatran
|-resisted|p2a: Heatran
|-damage|p2a: Heatran|0 fnt
|faint|p2a: Heatran
|
|-weather|RainDance|[upkeep]
|-heal|p1a: Jirachi|328/404|[from] item: Leftovers
|
|switch|p2a: Landorus-Therian|Landorus-Therian, M, shiny|310/354
|-damage|p2a: Landorus-Therian|266/354|[from] Stealth Rock
|-ability|p2a: Landorus-Therian|Intimidate|[of] p1a: Jirachi
|-unboost|p1a: Jirachi|atk|1
|turn|45
|
|switch|p1a: Politoed|Politoed, M|364/384
|-damage|p1a: Politoed|316/384|[from] Spikes
|-damage|p1a: Politoed|268/384|[from] Stealth Rock
|move|p2a: Landorus-Therian|Earthquake|p1a: Politoed
|-damage|p1a: Politoed|97/384
|
|-weather|RainDance|[upkeep]
|-heal|p1a: Politoed|121/384|[from] item: Leftovers
|turn|46
|
|move|p1a: Politoed|Protect|p1a: Politoed
|-singleturn|p1a: Politoed|Protect
|move|p2a: Landorus-Therian|Earthquake|p1a: Politoed
|-activate|p1a: Politoed|Protect
|
|-weather|RainDance|[upkeep]
|-heal|p1a: Politoed|145/384|[from] item: Leftovers
|turn|47
|chat|voulge|why did you switch?
|
|move|p1a: Politoed|Protect|p1a: Politoed
|-fail|p1a: Politoed
|move|p2a: Landorus-Therian|Earthquake|p1a: Politoed
|-damage|p1a: Politoed|0 fnt
|faint|p1a: Politoed
|
|-weather|RainDance|[upkeep]
|
|switch|p1a: Blissey|Blissey, F|625/714
|-damage|p1a: Blissey|536/714|[from] Stealth Rock
|-damage|p1a: Blissey|447/714|[from] Spikes
|turn|48
|
|switch|p1a: Tentacruel|Tentacruel, M|171/364 brn
|-damage|p1a: Tentacruel|126/364 brn|[from] Spikes
|-damage|p1a: Tentacruel|81/364 brn|[from] Stealth Rock
|move|p2a: Landorus-Therian|Earthquake|p1a: Tentacruel
|-supereffective|p1a: Tentacruel
|-damage|p1a: Tentacruel|0 fnt
|faint|p1a: Tentacruel
|
|-weather|RainDance|[upkeep]
|
|switch|p1a: Blissey|Blissey, F|447/714
|-damage|p1a: Blissey|358/714|[from] Stealth Rock
|-damage|p1a: Blissey|269/714|[from] Spikes
|turn|49
|
|move|p2a: Landorus-Therian|Earthquake|p1a: Blissey
|-damage|p1a: Blissey|0 fnt
|faint|p1a: Blissey
|
|-weather|RainDance|[upkeep]
|-message|Eber Alakazam forfeited.
|leave|Eber Alakazam
|
|win|voulge
|raw|Ladder updating...
|raw|Eber Alakazam's rating: 1458 &rarr; <strong>1430</strong><br />(-28 for losing)
|raw|voulge's rating: 1304 &rarr; <strong>1333</strong><br />(+29 for winning)
|player|p1
|chat|voulge|how did you throw it away? I was down and out, my friend :/