|j|☆Jojo65
|j|☆supersneed saga
|t:|1705100919
|gametype|singles
|player|p1|Jojo65|youngster-gen1rb|1319
|player|p2|supersneed saga|wallace|1384
|teamsize|p1|6
|teamsize|p2|6
|gen|5
|tier|[Gen 5] OU
|rated|
|rule|Species Clause: Limit one of each Pokémon
|rule|OHKO Clause: OHKO moves are banned
|rule|Moody Clause: Moody is banned
|rule|Evasion Items Clause: Evasion items are banned
|rule|Evasion Moves Clause: Evasion moves are banned
|rule|Endless Battle Clause: Forcing endless battles is banned
|rule|HP Percentage Mod: HP is shown in percentages
|rule|Evasion Abilities Clause: Evasion abilities are banned
|rule|Sleep Moves Clause: Sleep-inducing moves are banned
|rule|Swagger Clause: Swagger is banned
|rule|Baton Pass Stat Clause: No Baton Passer may have a way to boost its stats
|clearpoke
|poke|p1|Keldeo-Resolute|item
|poke|p1|Thundurus-Therian, M|item
|poke|p1|Tentacruel, M|item
|poke|p1|Toxicroak, M|item
|poke|p1|Latios, M|item
|poke|p1|Politoed, F|item
|poke|p2|Tyranitar, M|item
|poke|p2|Excadrill, M|item
|poke|p2|Alakazam, M|item
|poke|p2|Reuniclus, M|item
|poke|p2|Gastrodon-East, M|item
|poke|p2|Ferrothorn, M|item
|teampreview
|inactive|Battle timer is ON: inactive players will automatically lose when time's up. (requested by supersneed saga)
|inactive|Jojo65 also wants the timer to be on.
|
|t:|1705100944
|start
|switch|p1a: ok i 𝖙𝖍𝖗𝖔𝖜 up|Latios, M|100/100
|switch|p2a: Reuniclus|Reuniclus, M|100/100
|turn|1
|inactive|Jojo65 has 120 seconds left.
|
|t:|1705100977
|move|p1a: ok i 𝖙𝖍𝖗𝖔𝖜 up|Draco Meteor|p2a: Reuniclus
|-damage|p2a: Reuniclus|13/100
|-unboost|p1a: ok i 𝖙𝖍𝖗𝖔𝖜 up|spa|2
|move|p2a: Reuniclus|Calm Mind|p2a: Reuniclus
|-boost|p2a: Reuniclus|spa|1
|-boost|p2a: Reuniclus|spd|1
|
|-heal|p2a: Reuniclus|19/100|[from] item: Leftovers
|upkeep
|turn|2
|
|t:|1705100984
|switch|p2a: Tyranitar|Tyranitar, M|100/100
|-weather|Sandstorm|[from] ability: Sand Stream|[of] p2a: Tyranitar
|move|p1a: ok i 𝖙𝖍𝖗𝖔𝖜 up|Draco Meteor|p2a: Tyranitar
|-damage|p2a: Tyranitar|81/100
|-unboost|p1a: ok i 𝖙𝖍𝖗𝖔𝖜 up|spa|2
|
|-weather|Sandstorm|[upkeep]
|-damage|p1a: ok i 𝖙𝖍𝖗𝖔𝖜 up|95/100|[from] Sandstorm
|upkeep
|turn|3
|
|t:|1705100988
|move|p2a: Tyranitar|Pursuit|p1a: ok i 𝖙𝖍𝖗𝖔𝖜 up
|-supereffective|p1a: ok i 𝖙𝖍𝖗𝖔𝖜 up
|-damage|p1a: ok i 𝖙𝖍𝖗𝖔𝖜 up|34/100
|move|p1a: ok i 𝖙𝖍𝖗𝖔𝖜 up|Roar|p2a: Tyranitar
|drag|p2a: Ferrothorn|Ferrothorn, M|100/100
|
|-weather|Sandstorm|[upkeep]
|-damage|p1a: ok i 𝖙𝖍𝖗𝖔𝖜 up|28/100|[from] Sandstorm
|upkeep
|turn|4
|
|t:|1705100993
|switch|p1a: catch me not|Politoed, F|100/100
|-weather|RainDance|[from] ability: Drizzle|[of] p1a: catch me not
|move|p2a: Ferrothorn|Leech Seed|p1a: catch me not
|-start|p1a: catch me not|move: Leech Seed
|
|-weather|RainDance|[upkeep]
|-damage|p1a: catch me not|88/100|[from] Leech Seed|[of] p2a: Ferrothorn
|upkeep
|turn|5
|
|t:|1705100997
|switch|p1a: cousin bit my neck|Toxicroak, M|100/100
|move|p2a: Ferrothorn|Stealth Rock|p1a: cousin bit my neck
|-sidestart|p1: Jojo65|move: Stealth Rock
|
|-weather|RainDance|[upkeep]
|upkeep
|turn|6
|
|t:|1705101006
|switch|p2a: Reuniclus|Reuniclus, M|19/100
|move|p1a: cousin bit my neck|Drain Punch|p2a: Reuniclus
|-resisted|p2a: Reuniclus
|-damage|p2a: Reuniclus|2/100
|-damage|p1a: cousin bit my neck|91/100|[from] item: Life Orb
|
|-weather|RainDance|[upkeep]
|-heal|p1a: cousin bit my neck|100/100|[from] ability: Dry Skin
|-heal|p2a: Reuniclus|8/100|[from] item: Leftovers
|upkeep
|turn|7
|
|t:|1705101009
|move|p1a: cousin bit my neck|Drain Punch|p2a: Reuniclus
|-resisted|p2a: Reuniclus
|-damage|p2a: Reuniclus|0 fnt
|faint|p2a: Reuniclus
|-damage|p1a: cousin bit my neck|91/100|[from] item: Life Orb
|
|-weather|RainDance|[upkeep]
|-heal|p1a: cousin bit my neck|100/100|[from] ability: Dry Skin
|upkeep
|
|t:|1705101013
|switch|p2a: Alakazam|Alakazam, M|100/100
|turn|8
|
|t:|1705101029
|move|p1a: cousin bit my neck|Sucker Punch|p2a: Alakazam
|-supereffective|p2a: Alakazam
|-enditem|p2a: Alakazam|Focus Sash
|-damage|p2a: Alakazam|1/100
|-damage|p1a: cousin bit my neck|91/100|[from] item: Life Orb
|move|p2a: Alakazam|Psychic|p1a: cousin bit my neck
|-supereffective|p1a: cousin bit my neck
|-damage|p1a: cousin bit my neck|0 fnt
|faint|p1a: cousin bit my neck
|
|-weather|RainDance|[upkeep]
|upkeep
|
|t:|1705101033
|switch|p1a: catch me not|Politoed, F|88/100
|-damage|p1a: catch me not|76/100|[from] Stealth Rock
|turn|9
|
|t:|1705101037
|switch|p2a: Gastrodon|Gastrodon-East, M|100/100
|move|p1a: catch me not|Surf|p2a: Gastrodon
|-ability|p2a: Gastrodon|Storm Drain|boost
|-boost|p2a: Gastrodon|spa|1
|
|-weather|RainDance|[upkeep]
|upkeep
|turn|10
|
|t:|1705101047
|switch|p1a: noodle knot|Tentacruel, M|100/100
|-damage|p1a: noodle knot|88/100|[from] Stealth Rock
|move|p2a: Gastrodon|Toxic|p1a: noodle knot
|-immune|p1a: noodle knot
|
|-weather|RainDance|[upkeep]
|-heal|p1a: noodle knot|94/100|[from] ability: Rain Dish
|-heal|p1a: noodle knot|99/100|[from] item: Black Sludge
|upkeep
|turn|11
|
|t:|1705101051
|move|p1a: noodle knot|Rapid Spin|p2a: Gastrodon
|-damage|p2a: Gastrodon|99/100
|-sideend|p1: Jojo65|Stealth Rock|[from] move: Rapid Spin|[of] p1a: noodle knot
|move|p2a: Gastrodon|Scald|p1a: noodle knot
|-resisted|p1a: noodle knot
|-damage|p1a: noodle knot|75/100
|
|-weather|RainDance|[upkeep]
|-heal|p1a: noodle knot|82/100|[from] ability: Rain Dish
|-heal|p1a: noodle knot|88/100|[from] item: Black Sludge
|-heal|p2a: Gastrodon|100/100|[from] item: Leftovers
|upkeep
|turn|12
|
|t:|1705101066
|move|p1a: noodle knot|Toxic Spikes|p2a: Gastrodon
|-sidestart|p2: supersneed saga|move: Toxic Spikes
|move|p2a: Gastrodon|Scald|p1a: noodle knot
|-resisted|p1a: noodle knot
|-damage|p1a: noodle knot|65/100
|-status|p1a: noodle knot|brn
|
|-weather|RainDance|[upkeep]
|-heal|p1a: noodle knot|71/100 brn|[from] ability: Rain Dish
|-heal|p1a: noodle knot|77/100 brn|[from] item: Black Sludge
|-damage|p1a: noodle knot|65/100 brn|[from] brn
|upkeep
|turn|13
|
|t:|1705101075
|move|p1a: noodle knot|Toxic Spikes|p2a: Gastrodon
|-sidestart|p2: supersneed saga|move: Toxic Spikes
|move|p2a: Gastrodon|Scald|p1a: noodle knot
|-resisted|p1a: noodle knot
|-damage|p1a: noodle knot|40/100 brn
|
|-weather|RainDance|[upkeep]
|-heal|p1a: noodle knot|46/100 brn|[from] ability: Rain Dish
|-heal|p1a: noodle knot|52/100 brn|[from] item: Black Sludge
|-damage|p1a: noodle knot|40/100 brn|[from] brn
|upkeep
|turn|14
|
|t:|1705101085
|switch|p1a: hiiiiiyeah|Keldeo-Resolute|100/100
|move|p2a: Gastrodon|Scald|p1a: hiiiiiyeah
|-resisted|p1a: hiiiiiyeah
|-damage|p1a: hiiiiiyeah|66/100
|
|-weather|RainDance|[upkeep]
|upkeep
|turn|15
|
|t:|1705101091
|move|p1a: hiiiiiyeah|Hidden Power|p2a: Gastrodon
|-supereffective|p2a: Gastrodon
|-damage|p2a: Gastrodon|0 fnt
|faint|p2a: Gastrodon
|
|-weather|RainDance|[upkeep]
|upkeep
|
|t:|1705101096
|switch|p2a: Alakazam|Alakazam, M|1/100
|-status|p2a: Alakazam|tox
|turn|16
|
|t:|1705101101
|switch|p1a: noodle knot|Tentacruel, M|40/100 brn
|move|p2a: Alakazam|Psychic|p1a: noodle knot
|-supereffective|p1a: noodle knot
|-damage|p1a: noodle knot|0 fnt
|faint|p1a: noodle knot
|
|-weather|RainDance|[upkeep]
|upkeep
|
|t:|1705101103
|switch|p1a: catch me not|Politoed, F|76/100
|turn|17
|
|t:|1705101114
|switch|p2a: Ferrothorn|Ferrothorn, M|100/100
|move|p1a: catch me not|Focus Blast|p2a: Ferrothorn
|-supereffective|p2a: Ferrothorn
|-damage|p2a: Ferrothorn|54/100
|
|-weather|RainDance|[upkeep]
|-heal|p2a: Ferrothorn|61/100|[from] item: Leftovers
|upkeep
|turn|18
|
|t:|1705101120
|switch|p1a: reveared swordog|Thundurus-Therian, M|100/100
|move|p2a: Ferrothorn|Leech Seed|p1a: reveared swordog
|-start|p1a: reveared swordog|move: Leech Seed
|
|-weather|RainDance|[upkeep]
|-heal|p2a: Ferrothorn|67/100|[from] item: Leftovers
|-damage|p1a: reveared swordog|88/100|[from] Leech Seed|[of] p2a: Ferrothorn
|-heal|p2a: Ferrothorn|78/100|[silent]
|upkeep
|turn|19
|
|t:|1705101126
|switch|p1a: hiiiiiyeah|Keldeo-Resolute|66/100
|move|p2a: Ferrothorn|Stealth Rock|p1a: hiiiiiyeah
|-sidestart|p1: Jojo65|move: Stealth Rock
|
|-weather|RainDance|[upkeep]
|-heal|p2a: Ferrothorn|85/100|[from] item: Leftovers
|upkeep
|turn|20
|
|t:|1705101140
|move|p1a: hiiiiiyeah|Secret Sword|p2a: Ferrothorn
|-supereffective|p2a: Ferrothorn
|-damage|p2a: Ferrothorn|0 fnt
|faint|p2a: Ferrothorn
|
|-weather|RainDance|[upkeep]
|upkeep
|
|t:|1705101145
|switch|p2a: Alakazam|Alakazam, M|1/100 tox
|turn|21
|
|t:|1705101161
|switch|p1a: ok i 𝖙𝖍𝖗𝖔𝖜 up|Latios, M|28/100
|-damage|p1a: ok i 𝖙𝖍𝖗𝖔𝖜 up|16/100|[from] Stealth Rock
|move|p2a: Alakazam|Psychic|p1a: ok i 𝖙𝖍𝖗𝖔𝖜 up
|-resisted|p1a: ok i 𝖙𝖍𝖗𝖔𝖜 up
|-damage|p1a: ok i 𝖙𝖍𝖗𝖔𝖜 up|0 fnt
|faint|p1a: ok i 𝖙𝖍𝖗𝖔𝖜 up
|
|-weather|RainDance|[upkeep]
|upkeep
|
|t:|1705101164
|switch|p1a: catch me not|Politoed, F|76/100
|-damage|p1a: catch me not|63/100|[from] Stealth Rock
|turn|22
|
|t:|1705101174
|switch|p2a: Tyranitar|Tyranitar, M|81/100
|-status|p2a: Tyranitar|tox
|-weather|Sandstorm|[from] ability: Sand Stream|[of] p2a: Tyranitar
|move|p1a: catch me not|Focus Blast|p2a: Tyranitar
|-supereffective|p2a: Tyranitar
|-enditem|p2a: Tyranitar|Chople Berry|[eat]
|-enditem|p2a: Tyranitar|Chople Berry|[weaken]
|-damage|p2a: Tyranitar|48/100 tox
|
|-weather|Sandstorm|[upkeep]
|-damage|p1a: catch me not|57/100|[from] Sandstorm
|-damage|p2a: Tyranitar|42/100 tox|[from] psn
|upkeep
|turn|23
|
|t:|1705101189
|move|p1a: catch me not|Focus Blast|p2a: Tyranitar
|-supereffective|p2a: Tyranitar
|-damage|p2a: Tyranitar|0 fnt
|faint|p2a: Tyranitar
|
|-weather|Sandstorm|[upkeep]
|-damage|p1a: catch me not|51/100|[from] Sandstorm
|upkeep
|
|t:|1705101195
|switch|p2a: Excadrill|Excadrill, M|100/100
|turn|24
|
|t:|1705101202
|move|p1a: catch me not|Focus Blast|p2a: Excadrill
|-supereffective|p2a: Excadrill
|-damage|p2a: Excadrill|10/100
|move|p2a: Excadrill|Rock Tomb|p1a: catch me not
|-damage|p1a: catch me not|20/100
|-unboost|p1a: catch me not|spe|1
|
|-weather|Sandstorm|[upkeep]
|-damage|p1a: catch me not|14/100|[from] Sandstorm
|-heal|p2a: Excadrill|16/100|[from] item: Leftovers
|upkeep
|turn|25
|
|t:|1705101209
|move|p2a: Excadrill|Iron Head|p1a: catch me not
|-resisted|p1a: catch me not
|-damage|p1a: catch me not|0 fnt
|faint|p1a: catch me not
|
|-weather|Sandstorm|[upkeep]
|-heal|p2a: Excadrill|22/100|[from] item: Leftovers
|upkeep
|-message|Jojo65 forfeited.
|
|win|supersneed saga
|raw|Jojo65's rating: 1319 &rarr; <strong>1303</strong><br />(-16 for losing)
|raw|supersneed saga's rating: 1384 &rarr; <strong>1400</strong><br />(+16 for winning)
|l|☆Jojo65
|player|p1|
