|j|☆Pythagorean Python
|j|☆VictorBass
|t:|1595478381
|player|p1|Pythagorean Python|159|1460
|player|p2|VictorBass|musician|1428
|teamsize|p1|6
|teamsize|p2|6
|gametype|singles
|gen|5
|tier|[Gen 5] OU
|rated|
|clearpoke
|poke|p1|Salamence, M|item
|poke|p1|Garchomp, F|item
|poke|p1|Meloetta|item
|poke|p1|Raikou|item
|poke|p1|Mienshao, F|item
|poke|p1|Jirachi|item
|poke|p2|Volcarona, M|item
|poke|p2|Terrakion|item
|poke|p2|Starmie|item
|poke|p2|Magnezone|item
|poke|p2|Landorus-Therian, M|item
|poke|p2|Kyurem-Black|item
|rule|Species Clause: Limit one of each Pokémon
|rule|OHKO Clause: OHKO moves are banned
|rule|Moody Clause: Moody is banned
|rule|Evasion Moves Clause: Evasion moves are banned
|rule|Endless Battle Clause: Forcing endless battles is banned
|rule|HP Percentage Mod: HP is shown in percentages
|rule|Evasion Abilities Clause: Evasion abilities are banned
|rule|Baton Pass Clause: Limit one Baton Passer, can't pass Spe and other stats simultaneously
|rule|Sleep Clause: Sleep-inducing moves are banned
|rule|Swagger Clause: Swagger is banned
|teampreview
|
|t:|1595478415
|start
|switch|p1a: Salamence|Salamence, M|100/100
|switch|p2a: Landorus|Landorus-Therian, M|100/100
|-ability|p1a: Salamence|Intimidate|boost
|-unboost|p2a: Landorus|atk|1
|-ability|p2a: Landorus|Intimidate|boost
|-unboost|p1a: Salamence|atk|1
|turn|1
|
|t:|1595478437
|move|p1a: Salamence|Hydro Pump|p2a: Landorus|[miss]
|-miss|p1a: Salamence|p2a: Landorus
|move|p2a: Landorus|Hidden Power|p1a: Salamence
|-supereffective|p1a: Salamence
|-damage|p1a: Salamence|15/100
|
|upkeep
|turn|2
|
|t:|1595478447
|switch|p2a: Starmie|Starmie|100/100
|move|p1a: Salamence|Roost|p1a: Salamence
|-heal|p1a: Salamence|65/100
|-singleturn|p1a: Salamence|move: Roost
|
|upkeep
|turn|3
|
|t:|1595478453
|switch|p1a: Meloetta|Meloetta|100/100
|move|p2a: Starmie|Ice Beam|p1a: Meloetta
|-damage|p1a: Meloetta|85/100
|
|-heal|p1a: Meloetta|91/100|[from] item: Leftovers
|upkeep
|turn|4
|
|t:|1595478465
|move|p2a: Starmie|Scald|p1a: Meloetta
|-damage|p1a: Meloetta|72/100
|move|p1a: Meloetta|Calm Mind|p1a: Meloetta
|-boost|p1a: Meloetta|spa|1
|-boost|p1a: Meloetta|spd|1
|
|-heal|p1a: Meloetta|78/100|[from] item: Leftovers
|upkeep
|turn|5
|
|t:|1595478475
|switch|p2a: Magnezone|Magnezone|100/100
|move|p1a: Meloetta|Shadow Ball|p2a: Magnezone
|-resisted|p2a: Magnezone
|-damage|p2a: Magnezone|76/100
|
|-heal|p1a: Meloetta|84/100|[from] item: Leftovers
|-heal|p2a: Magnezone|82/100|[from] item: Leftovers
|upkeep
|turn|6
|
|t:|1595478489
|move|p1a: Meloetta|Focus Blast|p2a: Magnezone
|-supereffective|p2a: Magnezone
|-damage|p2a: Magnezone|0 fnt
|faint|p2a: Magnezone
|
|-heal|p1a: Meloetta|90/100|[from] item: Leftovers
|upkeep
|
|t:|1595478496
|switch|p2a: Terrakion|Terrakion|100/100
|turn|7
|
|t:|1595478499
|move|p2a: Terrakion|Close Combat|p1a: Meloetta
|-damage|p1a: Meloetta|0 fnt
|-unboost|p2a: Terrakion|def|1
|-unboost|p2a: Terrakion|spd|1
|faint|p1a: Meloetta
|
|upkeep
|
|t:|1595478509
|switch|p1a: Jirachi|Jirachi|100/100
|turn|8
|
|t:|1595478513
|move|p2a: Terrakion|Close Combat|p1a: Jirachi
|-crit|p1a: Jirachi
|-damage|p1a: Jirachi|0 fnt
|-unboost|p2a: Terrakion|def|1
|-unboost|p2a: Terrakion|spd|1
|faint|p1a: Jirachi
|
|upkeep
|
|t:|1595478519
|switch|p1a: Salamence|Salamence, M|65/100
|-ability|p1a: Salamence|Intimidate|boost
|-unboost|p2a: Terrakion|atk|1
|turn|9
|
|t:|1595478525
|switch|p2a: Starmie|Starmie|100/100
|move|p1a: Salamence|Draco Meteor|p2a: Starmie
|-damage|p2a: Starmie|21/100
|-unboost|p1a: Salamence|spa|2
|
|-heal|p2a: Starmie|28/100|[from] item: Leftovers
|upkeep
|turn|10
|
|t:|1595478533
|switch|p1a: Raikou|Raikou|100/100
|-ability|p1a: Raikou|Pressure
|move|p2a: Starmie|Recover|p2a: Starmie
|-heal|p2a: Starmie|78/100
|
|-heal|p2a: Starmie|84/100|[from] item: Leftovers
|upkeep
|turn|11
|
|t:|1595478541
|move|p2a: Starmie|Scald|p1a: Raikou
|-damage|p1a: Raikou|73/100
|move|p1a: Raikou|Volt Switch|p2a: Starmie
|-supereffective|p2a: Starmie
|-damage|p2a: Starmie|0 fnt
|faint|p2a: Starmie
|
|t:|1595478553
|switch|p1a: Mienshao|Mienshao, F|100/100|[from]move: Volt Switch
|
|upkeep
|
|t:|1595478558
|switch|p2a: Landorus|Landorus-Therian, M|100/100
|-ability|p2a: Landorus|Intimidate|boost
|-unboost|p1a: Mienshao|atk|1
|turn|12
|
|t:|1595478565
|switch|p1a: Salamence|Salamence, M|65/100
|-ability|p1a: Salamence|Intimidate|boost
|-unboost|p2a: Landorus|atk|1
|move|p2a: Landorus|U-turn|p1a: Salamence
|-resisted|p1a: Salamence
|-damage|p1a: Salamence|55/100
|
|t:|1595478571
|switch|p2a: Kyurem|Kyurem-Black|100/100|[from]move: U-turn
|-ability|p2a: Kyurem|Teravolt
|
|upkeep
|turn|13
|
|t:|1595478576
|move|p2a: Kyurem|Outrage|p1a: Salamence
|-supereffective|p1a: Salamence
|-damage|p1a: Salamence|0 fnt
|faint|p1a: Salamence
|
|upkeep
|
|t:|1595478580
|switch|p1a: Garchomp|Garchomp, F|100/100
|turn|14
|
|t:|1595478583
|move|p1a: Garchomp|Outrage|p2a: Kyurem
|-supereffective|p2a: Kyurem
|-damage|p2a: Kyurem|0 fnt
|faint|p2a: Kyurem
|
|upkeep
|
|t:|1595478589
|switch|p2a: Landorus|Landorus-Therian, M|100/100
|-ability|p2a: Landorus|Intimidate|boost
|-unboost|p1a: Garchomp|atk|1
|turn|15
|
|t:|1595478598
|move|p1a: Garchomp|Outrage|p2a: Landorus|[from]lockedmove
|-damage|p2a: Landorus|63/100
|-start|p1a: Garchomp|confusion|[fatigue]
|move|p2a: Landorus|Stealth Rock|p1a: Garchomp
|-sidestart|p1: Pythagorean Python|move: Stealth Rock
|
|-heal|p2a: Landorus|69/100|[from] item: Leftovers
|upkeep
|turn|16
|
|t:|1595478608
|switch|p1a: Mienshao|Mienshao, F|100/100
|-damage|p1a: Mienshao|95/100|[from] Stealth Rock
|move|p2a: Landorus|Hidden Power|p1a: Mienshao
|-damage|p1a: Mienshao|59/100
|
|-heal|p2a: Landorus|75/100|[from] item: Leftovers
|upkeep
|turn|17
|
|t:|1595478616
|move|p1a: Mienshao|Hidden Power|p2a: Landorus
|-supereffective|p2a: Landorus
|-damage|p2a: Landorus|0 fnt
|faint|p2a: Landorus
|
|upkeep
|
|t:|1595478621
|switch|p2a: Volcarona|Volcarona, M|100/100
|turn|18
|
|t:|1595478624
|move|p1a: Mienshao|Stone Edge|p2a: Volcarona
|-supereffective|p2a: Volcarona
|-damage|p2a: Volcarona|0 fnt
|faint|p2a: Volcarona
|
|upkeep
|
|t:|1595478629
|switch|p2a: Terrakion|Terrakion|100/100
|turn|19
|
|t:|1595478632
|move|p2a: Terrakion|Close Combat|p1a: Mienshao
|-damage|p1a: Mienshao|0 fnt
|-unboost|p2a: Terrakion|def|1
|-unboost|p2a: Terrakion|spd|1
|faint|p1a: Mienshao
|
|upkeep
|-message|VictorBass forfeited.
|
|win|Pythagorean Python
|l|☆VictorBass
|raw|Pythagorean Python's rating: 1461 &rarr; <strong>1479</strong><br />(+18 for winning)
|raw|VictorBass's rating: 1428 &rarr; <strong>1410</strong><br />(-18 for losing)
