|j|☆lijkjlkjlkjlkjlk
|j|☆magialice
|t:|1725200244
|gametype|singles
|player|p1|lijkjlkjlkjlkjlk|bugcatcher-gen4dp|1460
|player|p2|magialice|miku-flying|1441
|teamsize|p1|6
|teamsize|p2|6
|gen|5
|tier|[Gen 5] OU
|rated|
|rule|Species Clause: Limit one of each Pokémon
|rule|OHKO Clause: OHKO moves are banned
|rule|Moody Clause: Moody is banned
|rule|Evasion Items Clause: Evasion items are banned
|rule|Evasion Moves Clause: Evasion moves are banned
|rule|Endless Battle Clause: Forcing endless battles is banned
|rule|HP Percentage Mod: HP is shown in percentages
|rule|Evasion Abilities Clause: Evasion abilities are banned
|rule|Sleep Moves Clause: Sleep-inducing moves are banned
|rule|Swagger Clause: Swagger is banned
|rule|Baton Pass Stat Clause: No Baton Passer may have a way to boost its stats
|clearpoke
|poke|p1|Bronzong|item
|poke|p1|Porygon2|item
|poke|p1|Reuniclus, F|item
|poke|p1|Chandelure, M|item
|poke|p1|Crawdaunt, M|item
|poke|p1|Terrakion|item
|poke|p2|Politoed, M|item
|poke|p2|Ferrothorn, M|item
|poke|p2|Tentacruel, F|item
|poke|p2|Latios, M|item
|poke|p2|Thundurus-Therian, M|item
|poke|p2|Garchomp, F|item
|teampreview
|inactive|Battle timer is ON: inactive players will automatically lose when time's up. (requested by magialice)
|
|t:|1725200259
|start
|switch|p1a: Porygon2|Porygon2|100/100
|switch|p2a: Politoed|Politoed, M|100/100
|-weather|RainDance|[from] ability: Drizzle|[of] p2a: Politoed
|-ability|p1a: Porygon2|Download|boost
|-boost|p1a: Porygon2|spa|1
|turn|1
|
|t:|1725200262
|move|p2a: Politoed|Toxic|p1a: Porygon2
|-status|p1a: Porygon2|tox
|move|p1a: Porygon2|Thunder|p2a: Politoed
|-supereffective|p2a: Politoed
|-damage|p2a: Politoed|0 fnt
|faint|p2a: Politoed
|
|-weather|RainDance|[upkeep]
|-damage|p1a: Porygon2|94/100 tox|[from] psn
|upkeep
|
|t:|1725200267
|switch|p2a: Ferrothorn|Ferrothorn, M|100/100
|turn|2
|
|t:|1725200272
|switch|p1a: Chandelure|Chandelure, M|100/100
|-item|p1a: Chandelure|Air Balloon
|move|p2a: Ferrothorn|Knock Off|p1a: Chandelure
|-supereffective|p1a: Chandelure
|-damage|p1a: Chandelure|89/100
|-status|p2a: Ferrothorn|brn|[from] ability: Flame Body|[of] p1a: Chandelure
|-enditem|p2a: Ferrothorn|Lum Berry|[eat]
|-curestatus|p2a: Ferrothorn|brn|[msg]
|-enditem|p1a: Chandelure|Air Balloon
|
|-weather|RainDance|[upkeep]
|upkeep
|turn|3
|
|t:|1725200285
|switch|p2a: Tentacruel|Tentacruel, F|100/100
|move|p1a: Chandelure|Fire Blast|p2a: Tentacruel
|-resisted|p2a: Tentacruel
|-damage|p2a: Tentacruel|86/100
|
|-weather|RainDance|[upkeep]
|-heal|p2a: Tentacruel|93/100|[from] ability: Rain Dish
|-heal|p2a: Tentacruel|99/100|[from] item: Black Sludge
|upkeep
|turn|4
|
|t:|1725200292
|switch|p1a: Reuniclus|Reuniclus, F|100/100
|move|p2a: Tentacruel|Scald|p1a: Reuniclus
|-damage|p1a: Reuniclus|77/100
|
|-weather|RainDance|[upkeep]
|-heal|p2a: Tentacruel|100/100|[from] ability: Rain Dish
|upkeep
|turn|5
|
|t:|1725200311
|switch|p2a: Thundurus|Thundurus-Therian, M|100/100
|move|p1a: Reuniclus|Trick Room|p1a: Reuniclus
|-fieldstart|move: Trick Room|[of] p1a: Reuniclus
|
|-weather|RainDance|[upkeep]
|upkeep
|turn|6
|
|t:|1725200316
|move|p1a: Reuniclus|Psyshock|p2a: Thundurus
|-damage|p2a: Thundurus|30/100
|move|p2a: Thundurus|Thunder|p1a: Reuniclus
|-damage|p1a: Reuniclus|24/100
|
|-weather|RainDance|[upkeep]
|-heal|p2a: Thundurus|37/100|[from] item: Leftovers
|upkeep
|turn|7
|
|t:|1725200321
|switch|p2a: Ferrothorn|Ferrothorn, M|100/100
|move|p1a: Reuniclus|Psyshock|p2a: Ferrothorn
|-resisted|p2a: Ferrothorn
|-damage|p2a: Ferrothorn|82/100
|
|-weather|RainDance|[upkeep]
|upkeep
|turn|8
|
|t:|1725200325
|move|p1a: Reuniclus|Focus Blast|p2a: Ferrothorn|[miss]
|-miss|p1a: Reuniclus|p2a: Ferrothorn
|move|p2a: Ferrothorn|Power Whip|p1a: Reuniclus
|-damage|p1a: Reuniclus|0 fnt
|faint|p1a: Reuniclus
|
|-weather|RainDance|[upkeep]
|upkeep
|
|t:|1725200345
|switch|p1a: Bronzong|Bronzong|100/100
|turn|9
|
|t:|1725200348
|move|p1a: Bronzong|Stealth Rock|p2a: Ferrothorn
|-sidestart|p2: magialice|move: Stealth Rock
|move|p2a: Ferrothorn|Stealth Rock|p1a: Bronzong
|-sidestart|p1: lijkjlkjlkjlkjlk|move: Stealth Rock
|
|-weather|RainDance|[upkeep]
|-fieldend|move: Trick Room
|upkeep
|turn|10
|
|t:|1725200354
|switch|p1a: Chandelure|Chandelure, M|89/100
|-damage|p1a: Chandelure|65/100|[from] Stealth Rock
|move|p2a: Ferrothorn|Knock Off|p1a: Chandelure
|-supereffective|p1a: Chandelure
|-damage|p1a: Chandelure|53/100
|
|-weather|RainDance|[upkeep]
|upkeep
|turn|11
|
|t:|1725200360
|switch|p2a: Tentacruel|Tentacruel, F|100/100
|-damage|p2a: Tentacruel|88/100|[from] Stealth Rock
|move|p1a: Chandelure|Fire Blast|p2a: Tentacruel
|-resisted|p2a: Tentacruel
|-damage|p2a: Tentacruel|72/100
|
|-weather|RainDance|[upkeep]
|-heal|p2a: Tentacruel|79/100|[from] ability: Rain Dish
|-heal|p2a: Tentacruel|85/100|[from] item: Black Sludge
|upkeep
|turn|12
|
|t:|1725200371
|switch|p1a: Porygon2|Porygon2|94/100 tox
|-damage|p1a: Porygon2|82/100 tox|[from] Stealth Rock
|-ability|p1a: Porygon2|Download|boost
|-boost|p1a: Porygon2|atk|1
|move|p2a: Tentacruel|Scald|p1a: Porygon2
|-damage|p1a: Porygon2|63/100 tox
|
|-weather|RainDance|[upkeep]
|-heal|p2a: Tentacruel|91/100|[from] ability: Rain Dish
|-heal|p2a: Tentacruel|97/100|[from] item: Black Sludge
|-damage|p1a: Porygon2|57/100 tox|[from] psn
|upkeep
|turn|13
|
|t:|1725200382
|move|p2a: Tentacruel|Protect|p2a: Tentacruel
|-singleturn|p2a: Tentacruel|Protect
|move|p1a: Porygon2|Trick Room|p1a: Porygon2
|-fieldstart|move: Trick Room|[of] p1a: Porygon2
|
|-weather|RainDance|[upkeep]
|-heal|p2a: Tentacruel|100/100|[from] ability: Rain Dish
|-damage|p1a: Porygon2|44/100 tox|[from] psn
|upkeep
|turn|14
|
|t:|1725200390
|move|p1a: Porygon2|Recover|p1a: Porygon2
|-heal|p1a: Porygon2|94/100 tox
|move|p2a: Tentacruel|Rapid Spin|p1a: Porygon2
|-damage|p1a: Porygon2|92/100 tox
|-sideend|p2: magialice|Stealth Rock|[from] move: Rapid Spin|[of] p2a: Tentacruel
|
|-weather|RainDance|[upkeep]
|-damage|p1a: Porygon2|74/100 tox|[from] psn
|upkeep
|turn|15
|
|t:|1725200395
|switch|p1a: Crawdaunt|Crawdaunt, M|100/100
|-damage|p1a: Crawdaunt|88/100|[from] Stealth Rock
|move|p2a: Tentacruel|Protect||[still]
|-fail|p2a: Tentacruel
|
|-weather|RainDance|[upkeep]
|upkeep
|turn|16
|
|t:|1725200400
|move|p2a: Tentacruel|Protect|p2a: Tentacruel
|-singleturn|p2a: Tentacruel|Protect
|move|p1a: Crawdaunt|Crunch|p2a: Tentacruel
|-activate|p2a: Tentacruel|move: Protect
|
|-weather|RainDance|[upkeep]
|upkeep
|turn|17
|
|t:|1725200402
|move|p1a: Crawdaunt|Crunch|p2a: Tentacruel
|-damage|p2a: Tentacruel|0 fnt
|faint|p2a: Tentacruel
|
|-weather|RainDance|[upkeep]
|-fieldend|move: Trick Room
|upkeep
|
|t:|1725200408
|switch|p2a: Thundurus|Thundurus-Therian, M|37/100
|turn|18
|
|t:|1725200423
|move|p2a: Thundurus|Thunder|p1a: Crawdaunt
|-supereffective|p1a: Crawdaunt
|-damage|p1a: Crawdaunt|0 fnt
|faint|p1a: Crawdaunt
|
|-weather|RainDance|[upkeep]
|-heal|p2a: Thundurus|43/100|[from] item: Leftovers
|upkeep
|inactive|lijkjlkjlkjlkjlk has 120 seconds left.
|
|t:|1725200459
|switch|p1a: Bronzong|Bronzong|100/100
|-damage|p1a: Bronzong|94/100|[from] Stealth Rock
|turn|19
|
|t:|1725200485
|move|p2a: Thundurus|Nasty Plot|p2a: Thundurus
|-boost|p2a: Thundurus|spa|2
|move|p1a: Bronzong|Trick Room|p1a: Bronzong
|-fieldstart|move: Trick Room|[of] p1a: Bronzong
|
|-weather|RainDance|[upkeep]
|-heal|p2a: Thundurus|49/100|[from] item: Leftovers
|upkeep
|turn|20
|inactive|lijkjlkjlkjlkjlk has 90 seconds left.
|inactive|lijkjlkjlkjlkjlk has 60 seconds left.
|
|t:|1725200545
|move|p1a: Bronzong|Explosion|p2a: Thundurus
|-damage|p2a: Thundurus|0 fnt
|faint|p1a: Bronzong
|faint|p2a: Thundurus
|
|-weather|RainDance|[upkeep]
|upkeep
|inactive|lijkjlkjlkjlkjlk has 60 seconds left.
|
|t:|1725200569
|switch|p1a: Porygon2|Porygon2|74/100 tox
|switch|p2a: Ferrothorn|Ferrothorn, M|82/100
|-damage|p1a: Porygon2|62/100 tox|[from] Stealth Rock
|-ability|p1a: Porygon2|Download|boost
|-boost|p1a: Porygon2|atk|1
|turn|21
|
|t:|1725200575
|switch|p1a: Chandelure|Chandelure, M|53/100
|-damage|p1a: Chandelure|29/100|[from] Stealth Rock
|move|p2a: Ferrothorn|Knock Off|p1a: Chandelure
|-supereffective|p1a: Chandelure
|-damage|p1a: Chandelure|18/100
|-status|p2a: Ferrothorn|brn|[from] ability: Flame Body|[of] p1a: Chandelure
|
|-weather|RainDance|[upkeep]
|-damage|p2a: Ferrothorn|69/100 brn|[from] brn
|upkeep
|turn|22
|
|t:|1725200581
|move|p2a: Ferrothorn|Spikes|p1a: Chandelure
|-sidestart|p1: lijkjlkjlkjlkjlk|Spikes
|move|p1a: Chandelure|Fire Blast|p2a: Ferrothorn
|-supereffective|p2a: Ferrothorn
|-damage|p2a: Ferrothorn|0 fnt
|faint|p2a: Ferrothorn
|
|-weather|RainDance|[upkeep]
|upkeep
|
|t:|1725200585
|switch|p2a: Garchomp|Garchomp, F|100/100
|turn|23
|
|t:|1725200588
|move|p1a: Chandelure|Shadow Ball|p2a: Garchomp
|-damage|p2a: Garchomp|43/100
|move|p2a: Garchomp|Swords Dance|p2a: Garchomp
|-boost|p2a: Garchomp|atk|2
|
|-weather|RainDance|[upkeep]
|-fieldend|move: Trick Room
|upkeep
|turn|24
|
|t:|1725200594
|move|p2a: Garchomp|Earthquake|p1a: Chandelure
|-supereffective|p1a: Chandelure
|-damage|p1a: Chandelure|0 fnt
|faint|p1a: Chandelure
|
|-weather|RainDance|[upkeep]
|upkeep
|
|t:|1725200597
|switch|p1a: Terrakion|Terrakion|100/100
|-damage|p1a: Terrakion|94/100|[from] Stealth Rock
|-damage|p1a: Terrakion|82/100|[from] Spikes
|turn|25
|
|t:|1725200603
|switch|p2a: Latios|Latios, M|100/100
|move|p1a: Terrakion|Close Combat|p2a: Latios
|-resisted|p2a: Latios
|-damage|p2a: Latios|59/100
|-unboost|p1a: Terrakion|def|1
|-unboost|p1a: Terrakion|spd|1
|
|-weather|RainDance|[upkeep]
|upkeep
|turn|26
|
|t:|1725200613
|move|p2a: Latios|Surf|p1a: Terrakion
|-supereffective|p1a: Terrakion
|-damage|p1a: Terrakion|0 fnt
|faint|p1a: Terrakion
|
|-weather|RainDance|[upkeep]
|upkeep
|
|t:|1725200616
|switch|p1a: Porygon2|Porygon2|62/100 tox
|-damage|p1a: Porygon2|49/100 tox|[from] Stealth Rock
|-damage|p1a: Porygon2|37/100 tox|[from] Spikes
|-ability|p1a: Porygon2|Download|boost
|-boost|p1a: Porygon2|atk|1
|turn|27
|
|t:|1725200618
|move|p2a: Latios|Surf|p1a: Porygon2
|-damage|p1a: Porygon2|6/100 tox
|move|p1a: Porygon2|Recover|p1a: Porygon2
|-heal|p1a: Porygon2|56/100 tox
|
|-weather|RainDance|[upkeep]
|-damage|p1a: Porygon2|50/100 tox|[from] psn
|upkeep
|turn|28
|
|t:|1725200622
|move|p2a: Latios|Surf|p1a: Porygon2
|-damage|p1a: Porygon2|22/100 tox
|move|p1a: Porygon2|Recover|p1a: Porygon2
|-heal|p1a: Porygon2|72/100 tox
|
|-weather|RainDance|[upkeep]
|-damage|p1a: Porygon2|59/100 tox|[from] psn
|upkeep
|turn|29
|
|t:|1725200625
|move|p2a: Latios|Surf|p1a: Porygon2
|-damage|p1a: Porygon2|29/100 tox
|move|p1a: Porygon2|Trick Room|p1a: Porygon2
|-fieldstart|move: Trick Room|[of] p1a: Porygon2
|
|-weather|RainDance|[upkeep]
|-damage|p1a: Porygon2|11/100 tox|[from] psn
|upkeep
|turn|30
|
|t:|1725200629
|move|p1a: Porygon2|Ice Beam|p2a: Latios
|-supereffective|p2a: Latios
|-damage|p2a: Latios|0 fnt
|faint|p2a: Latios
|
|-weather|RainDance|[upkeep]
|-damage|p1a: Porygon2|0 fnt|[from] psn
|faint|p1a: Porygon2
|
|win|magialice
|upkeep
|raw|lijkjlkjlkjlkjlk's rating: 1460 &rarr; <strong>1439</strong><br />(-21 for losing)
|raw|magialice's rating: 1441 &rarr; <strong>1462</strong><br />(+21 for winning)
