|j|☆happy_hitbox
|j|☆Bigsmokemorel
|t:|1719450949
|gametype|singles
|player|p1|happy_hitbox|riley|1375
|player|p2|Bigsmokemorel|flannery|1311
|teamsize|p1|6
|teamsize|p2|6
|gen|5
|tier|[Gen 5] OU
|rated|
|rule|Species Clause: Limit one of each Pokémon
|rule|OHKO Clause: OHKO moves are banned
|rule|Moody Clause: Moody is banned
|rule|Evasion Items Clause: Evasion items are banned
|rule|Evasion Moves Clause: Evasion moves are banned
|rule|Endless Battle Clause: Forcing endless battles is banned
|rule|HP Percentage Mod: HP is shown in percentages
|rule|Evasion Abilities Clause: Evasion abilities are banned
|rule|Sleep Moves Clause: Sleep-inducing moves are banned
|rule|Swagger Clause: Swagger is banned
|rule|Baton Pass Stat Clause: No Baton Passer may have a way to boost its stats
|clearpoke
|poke|p1|Jirachi|item
|poke|p1|Conkeldurr, M|item
|poke|p1|Scizor, M|item
|poke|p1|Politoed, M|item
|poke|p1|Keldeo|item
|poke|p1|Donphan, M|item
|poke|p2|Poliwrath, F|item
|poke|p2|Landorus-Therian, M|item
|poke|p2|Scizor, M|item
|poke|p2|Gengar, F|item
|poke|p2|Hydreigon, M|item
|poke|p2|Alakazam, M|item
|teampreview
|inactive|Battle timer is ON: inactive players will automatically lose when time's up. (requested by Bigsmokemorel)
|
|t:|1719450960
|start
|switch|p1a: Keldeo|Keldeo|100/100
|switch|p2a: Poliwrath|Poliwrath, F|100/100
|turn|1
|
|t:|1719450973
|switch|p2a: Gengar|Gengar, F|100/100
|move|p1a: Keldeo|Toxic|p2a: Gengar
|-immune|p2a: Gengar
|
|upkeep
|turn|2
|
|t:|1719450989
|switch|p1a: Conkeldurr|Conkeldurr, M, shiny|100/100
|move|p2a: Gengar|Giga Drain|p1a: Conkeldurr
|-damage|p1a: Conkeldurr|72/100
|
|-status|p1a: Conkeldurr|brn|[from] item: Flame Orb
|upkeep
|turn|3
|
|t:|1719451001
|switch|p1a: Jirachi|Jirachi|100/100
|move|p2a: Gengar|Giga Drain|p1a: Jirachi
|-resisted|p1a: Jirachi
|-damage|p1a: Jirachi|92/100
|
|-heal|p1a: Jirachi|99/100|[from] item: Leftovers
|upkeep
|turn|4
|inactive|happy_hitbox has 120 seconds left.
|
|t:|1719451056
|switch|p2a: Landorus|Landorus-Therian, M|100/100
|-ability|p2a: Landorus|Intimidate|boost
|-unboost|p1a: Jirachi|atk|1
|move|p1a: Jirachi|U-turn|p2a: Landorus
|-resisted|p2a: Landorus
|-damage|p2a: Landorus|95/100
|
|t:|1719451062
|switch|p1a: Keldeo|Keldeo|100/100|[from] U-turn
|
|-heal|p2a: Landorus|100/100|[from] item: Leftovers
|upkeep
|turn|5
|inactive|Bigsmokemorel has 120 seconds left.
|
|t:|1719451090
|switch|p2a: Poliwrath|Poliwrath, F|100/100
|move|p1a: Keldeo|Scald|p2a: Poliwrath
|-immune|p2a: Poliwrath|[from] ability: Water Absorb
|
|upkeep
|turn|6
|
|t:|1719451097
|switch|p1a: Politoed|Politoed, M|100/100
|-weather|RainDance|[from] ability: Drizzle|[of] p1a: Politoed
|move|p2a: Poliwrath|Earthquake|p1a: Politoed
|-damage|p1a: Politoed|50/100
|
|-weather|RainDance|[upkeep]
|upkeep
|turn|7
|inactive|Bigsmokemorel has 120 seconds left.
|
|t:|1719451122
|move|p2a: Poliwrath|Earthquake|p1a: Politoed
|-damage|p1a: Politoed|0 fnt
|faint|p1a: Politoed
|
|-weather|RainDance|[upkeep]
|upkeep
|
|t:|1719451129
|switch|p1a: Conkeldurr|Conkeldurr, M, shiny|72/100 brn
|turn|8
|inactive|Bigsmokemorel has 120 seconds left.
|
|t:|1719451142
|switch|p2a: Landorus|Landorus-Therian, M|100/100
|-ability|p2a: Landorus|Intimidate|boost
|-unboost|p1a: Conkeldurr|atk|1
|move|p1a: Conkeldurr|Drain Punch|p2a: Landorus
|-resisted|p2a: Landorus
|-damage|p2a: Landorus|76/100
|-heal|p1a: Conkeldurr|82/100 brn|[from] drain|[of] p2a: Landorus
|
|-weather|RainDance|[upkeep]
|-heal|p2a: Landorus|82/100|[from] item: Leftovers
|-damage|p1a: Conkeldurr|70/100 brn|[from] brn
|upkeep
|turn|9
|inactive|Bigsmokemorel has 120 seconds left.
|
|t:|1719451158
|switch|p1a: Keldeo|Keldeo|100/100
|move|p2a: Landorus|Earth Power|p1a: Keldeo
|-damage|p1a: Keldeo|57/100
|
|-weather|RainDance|[upkeep]
|-heal|p1a: Keldeo|64/100|[from] item: Leftovers
|-heal|p2a: Landorus|88/100|[from] item: Leftovers
|upkeep
|turn|10
|inactive|happy_hitbox has 120 seconds left.
|
|t:|1719451199
|move|p1a: Keldeo|Toxic|p2a: Landorus|[miss]
|-miss|p1a: Keldeo|p2a: Landorus
|move|p2a: Landorus|Earth Power|p1a: Keldeo
|-damage|p1a: Keldeo|14/100
|-unboost|p1a: Keldeo|spd|1
|
|-weather|RainDance|[upkeep]
|-heal|p1a: Keldeo|21/100|[from] item: Leftovers
|-heal|p2a: Landorus|94/100|[from] item: Leftovers
|upkeep
|turn|11
|inactive|Bigsmokemorel has 90 seconds left.
|
|t:|1719451231
|switch|p2a: Scizor|Scizor, M|100/100
|move|p1a: Keldeo|Toxic|p2a: Scizor
|-immune|p2a: Scizor
|
|-weather|RainDance|[upkeep]
|-heal|p1a: Keldeo|27/100|[from] item: Leftovers
|upkeep
|turn|12
|inactive|Bigsmokemorel has 90 seconds left.
|
|t:|1719451243
|switch|p1a: Donphan|Donphan, M|100/100
|move|p2a: Scizor|U-turn|p1a: Donphan
|-damage|p1a: Donphan|82/100
|inactive|Bigsmokemorel has 90 seconds left.
|-message|happy_hitbox forfeited.
|
|win|Bigsmokemorel
|raw|happy_hitbox's rating: 1375 &rarr; <strong>1351</strong><br />(-24 for losing)
|raw|Bigsmokemorel's rating: 1311 &rarr; <strong>1335</strong><br />(+24 for winning)
|l|☆happy_hitbox
|player|p1|
