|j|☆Koolwraith
|j|☆nb 41st
|t:|1719708149
|gametype|singles
|player|p1|Koolwraith|miku-water|1341
|player|p2|nb 41st|1|1486
|teamsize|p1|6
|teamsize|p2|6
|gen|5
|tier|[Gen 5] OU
|rated|
|rule|Species Clause: Limit one of each Pokémon
|rule|OHKO Clause: OHKO moves are banned
|rule|Moody Clause: Moody is banned
|rule|Evasion Items Clause: Evasion items are banned
|rule|Evasion Moves Clause: Evasion moves are banned
|rule|Endless Battle Clause: Forcing endless battles is banned
|rule|HP Percentage Mod: HP is shown in percentages
|rule|Evasion Abilities Clause: Evasion abilities are banned
|rule|Sleep Moves Clause: Sleep-inducing moves are banned
|rule|Swagger Clause: Swagger is banned
|rule|Baton Pass Stat Clause: No Baton Passer may have a way to boost its stats
|clearpoke
|poke|p1|Garchomp, F|item
|poke|p1|Milotic, F|item
|poke|p1|Lucario, F|item
|poke|p1|Volcarona, F|item
|poke|p1|Amoonguss, F|item
|poke|p1|Zapdos|item
|poke|p2|Tyranitar, M|item
|poke|p2|Latias, F|item
|poke|p2|Excadrill, F|item
|poke|p2|Alakazam, M|item
|poke|p2|Rotom-Wash|item
|poke|p2|Landorus-Therian, M|item
|teampreview
|inactive|Battle timer is ON: inactive players will automatically lose when time's up. (requested by Koolwraith)
|
|t:|1719708169
|start
|switch|p1a: Milotic|Milotic, F, shiny|100/100
|switch|p2a: Rotom|Rotom-Wash|100/100
|turn|1
|
|t:|1719708175
|move|p2a: Rotom|Will-O-Wisp|p1a: Milotic
|-status|p1a: Milotic|brn
|move|p1a: Milotic|Toxic|p2a: Rotom
|-status|p2a: Rotom|tox
|
|-damage|p2a: Rotom|94/100 tox|[from] psn
|-damage|p1a: Milotic|88/100 brn|[from] brn
|upkeep
|turn|2
|
|t:|1719708184
|move|p1a: Milotic|Protect|p1a: Milotic
|-singleturn|p1a: Milotic|Protect
|move|p2a: Rotom|Volt Switch|p1a: Milotic
|-activate|p1a: Milotic|move: Protect
|
|-heal|p2a: Rotom|100/100 tox|[from] item: Leftovers
|-heal|p1a: Milotic|94/100 brn|[from] item: Leftovers
|-damage|p2a: Rotom|88/100 tox|[from] psn
|-damage|p1a: Milotic|82/100 brn|[from] brn
|upkeep
|turn|3
|
|t:|1719708194
|switch|p1a: Garchomp|Garchomp, F|100/100
|move|p2a: Rotom|Volt Switch|p1a: Garchomp
|-immune|p1a: Garchomp
|
|-heal|p2a: Rotom|94/100 tox|[from] item: Leftovers
|-damage|p2a: Rotom|75/100 tox|[from] psn
|upkeep
|turn|4
|
|t:|1719708202
|switch|p2a: Landorus|Landorus-Therian, M|100/100
|-ability|p2a: Landorus|Intimidate|boost
|-unboost|p1a: Garchomp|atk|1
|move|p1a: Garchomp|Outrage|p2a: Landorus
|-damage|p2a: Landorus|61/100
|
|-heal|p2a: Landorus|67/100|[from] item: Leftovers
|upkeep
|turn|5
|
|t:|1719708211
|move|p1a: Garchomp|Outrage|p2a: Landorus|[from]lockedmove
|-damage|p2a: Landorus|30/100
|-start|p1a: Garchomp|confusion|[fatigue]
|move|p2a: Landorus|Hidden Power|p1a: Garchomp
|-supereffective|p1a: Garchomp
|-damage|p1a: Garchomp|32/100
|
|-heal|p2a: Landorus|36/100|[from] item: Leftovers
|upkeep
|turn|6
|
|t:|1719708226
|switch|p1a: Milotic|Milotic, F, shiny|82/100 brn
|switch|p2a: Excadrill|Excadrill, F|100/100
|
|-heal|p1a: Milotic|88/100 brn|[from] item: Leftovers
|-damage|p1a: Milotic|75/100 brn|[from] brn
|upkeep
|turn|7
|
|t:|1719708233
|move|p2a: Excadrill|Iron Head|p1a: Milotic
|-resisted|p1a: Milotic
|-damage|p1a: Milotic|62/100 brn
|move|p1a: Milotic|Scald|p2a: Excadrill
|-supereffective|p2a: Excadrill
|-damage|p2a: Excadrill|31/100
|
|-heal|p2a: Excadrill|37/100|[from] item: Leftovers
|-heal|p1a: Milotic|68/100 brn|[from] item: Leftovers
|-damage|p1a: Milotic|55/100 brn|[from] brn
|upkeep
|turn|8
|
|t:|1719708243
|move|p2a: Excadrill|Substitute|p2a: Excadrill
|-start|p2a: Excadrill|Substitute
|-damage|p2a: Excadrill|12/100
|move|p1a: Milotic|Recover|p1a: Milotic
|-heal|p1a: Milotic|100/100 brn
|
|-heal|p2a: Excadrill|18/100|[from] item: Leftovers
|-damage|p1a: Milotic|88/100 brn|[from] brn
|upkeep
|turn|9
|
|t:|1719708251
|move|p2a: Excadrill|Protect|p2a: Excadrill
|-singleturn|p2a: Excadrill|Protect
|move|p1a: Milotic|Scald|p2a: Excadrill
|-activate|p2a: Excadrill|move: Protect
|
|-heal|p2a: Excadrill|24/100|[from] item: Leftovers
|-heal|p1a: Milotic|94/100 brn|[from] item: Leftovers
|-damage|p1a: Milotic|82/100 brn|[from] brn
|upkeep
|turn|10
|
|t:|1719708260
|move|p2a: Excadrill|Earthquake|p1a: Milotic
|-damage|p1a: Milotic|49/100 brn
|move|p1a: Milotic|Scald|p2a: Excadrill
|-supereffective|p2a: Excadrill
|-end|p2a: Excadrill|Substitute
|
|-heal|p2a: Excadrill|30/100|[from] item: Leftovers
|-heal|p1a: Milotic|55/100 brn|[from] item: Leftovers
|-damage|p1a: Milotic|43/100 brn|[from] brn
|upkeep
|turn|11
|
|t:|1719708270
|move|p2a: Excadrill|Earthquake|p1a: Milotic
|-damage|p1a: Milotic|10/100 brn
|move|p1a: Milotic|Scald|p2a: Excadrill
|-supereffective|p2a: Excadrill
|-damage|p2a: Excadrill|0 fnt
|faint|p2a: Excadrill
|
|-heal|p1a: Milotic|16/100 brn|[from] item: Leftovers
|-damage|p1a: Milotic|4/100 brn|[from] brn
|upkeep
|
|t:|1719708279
|switch|p2a: Landorus|Landorus-Therian, M|36/100
|-ability|p2a: Landorus|Intimidate|boost
|-unboost|p1a: Milotic|atk|1
|turn|12
|
|t:|1719708283
|move|p2a: Landorus|U-turn|p1a: Milotic
|-damage|p1a: Milotic|0 fnt
|faint|p1a: Milotic
|
|t:|1719708289
|switch|p2a: Tyranitar|Tyranitar, M|100/100|[from] U-turn
|-weather|Sandstorm|[from] ability: Sand Stream|[of] p2a: Tyranitar
|
|-weather|Sandstorm|[upkeep]
|upkeep
|
|t:|1719708297
|switch|p1a: Amoonguss|Amoonguss, F|100/100
|turn|13
|
|t:|1719708303
|move|p2a: Tyranitar|Stealth Rock|p1a: Amoonguss
|-sidestart|p1: Koolwraith|move: Stealth Rock
|move|p1a: Amoonguss|Toxic|p2a: Tyranitar
|-status|p2a: Tyranitar|tox
|
|-weather|Sandstorm|[upkeep]
|-damage|p1a: Amoonguss|94/100|[from] Sandstorm
|-heal|p1a: Amoonguss|100/100|[from] item: Leftovers
|-damage|p2a: Tyranitar|94/100 tox|[from] psn
|upkeep
|turn|14
|
|t:|1719708313
|move|p2a: Tyranitar|Crunch|p1a: Amoonguss
|-damage|p1a: Amoonguss|53/100
|move|p1a: Amoonguss|Giga Drain|p2a: Tyranitar
|-supereffective|p2a: Tyranitar
|-damage|p2a: Tyranitar|65/100 tox
|-heal|p1a: Amoonguss|66/100|[from] drain|[of] p2a: Tyranitar
|
|-weather|Sandstorm|[upkeep]
|-damage|p1a: Amoonguss|60/100|[from] Sandstorm
|-heal|p1a: Amoonguss|66/100|[from] item: Leftovers
|-damage|p2a: Tyranitar|53/100 tox|[from] psn
|upkeep
|turn|15
|
|t:|1719708323
|switch|p2a: Landorus|Landorus-Therian, M|36/100
|-ability|p2a: Landorus|Intimidate|boost
|-unboost|p1a: Amoonguss|atk|1
|move|p1a: Amoonguss|Synthesis|p1a: Amoonguss
|-heal|p1a: Amoonguss|91/100
|
|-weather|Sandstorm|[upkeep]
|-damage|p1a: Amoonguss|85/100|[from] Sandstorm
|-heal|p2a: Landorus|42/100|[from] item: Leftovers
|-heal|p1a: Amoonguss|91/100|[from] item: Leftovers
|upkeep
|turn|16
|
|t:|1719708333
|move|p2a: Landorus|Earthquake|p1a: Amoonguss
|-damage|p1a: Amoonguss|38/100
|move|p1a: Amoonguss|Toxic|p2a: Landorus
|-status|p2a: Landorus|tox
|
|-weather|Sandstorm|[upkeep]
|-damage|p1a: Amoonguss|32/100|[from] Sandstorm
|-heal|p2a: Landorus|48/100 tox|[from] item: Leftovers
|-heal|p1a: Amoonguss|38/100|[from] item: Leftovers
|-damage|p2a: Landorus|42/100 tox|[from] psn
|upkeep
|turn|17
|
|t:|1719708346
|move|p2a: Landorus|U-turn|p1a: Amoonguss
|-damage|p1a: Amoonguss|15/100
|
|t:|1719708350
|switch|p2a: Tyranitar|Tyranitar, M|53/100 tox|[from] U-turn
|move|p1a: Amoonguss|Synthesis|p1a: Amoonguss
|-heal|p1a: Amoonguss|40/100
|
|-weather|Sandstorm|[upkeep]
|-damage|p1a: Amoonguss|33/100|[from] Sandstorm
|-heal|p1a: Amoonguss|40/100|[from] item: Leftovers
|-damage|p2a: Tyranitar|47/100 tox|[from] psn
|upkeep
|turn|18
|
|t:|1719708359
|move|p2a: Tyranitar|Crunch|p1a: Amoonguss
|-damage|p1a: Amoonguss|0 fnt
|faint|p1a: Amoonguss
|
|-weather|Sandstorm|[upkeep]
|-damage|p2a: Tyranitar|35/100 tox|[from] psn
|upkeep
|
|t:|1719708382
|switch|p1a: Lucario|Lucario, F|100/100
|-damage|p1a: Lucario|98/100|[from] Stealth Rock
|turn|19
|
|t:|1719708389
|move|p1a: Lucario|Close Combat|p2a: Tyranitar
|-supereffective|p2a: Tyranitar
|-enditem|p2a: Tyranitar|Chople Berry|[eat]
|-enditem|p2a: Tyranitar|Chople Berry|[weaken]
|-damage|p2a: Tyranitar|0 fnt
|-unboost|p1a: Lucario|def|1
|-unboost|p1a: Lucario|spd|1
|faint|p2a: Tyranitar
|
|-weather|Sandstorm|[upkeep]
|upkeep
|
|t:|1719708398
|switch|p2a: Landorus|Landorus-Therian, M|42/100 tox
|-ability|p2a: Landorus|Intimidate|boost
|-unboost|p1a: Lucario|atk|1
|turn|20
|
|t:|1719708402
|switch|p1a: Zapdos|Zapdos|100/100
|-damage|p1a: Zapdos|76/100|[from] Stealth Rock
|-ability|p1a: Zapdos|Pressure
|move|p2a: Landorus|Earthquake|p1a: Zapdos
|-immune|p1a: Zapdos
|
|-weather|Sandstorm|[upkeep]
|-damage|p1a: Zapdos|69/100|[from] Sandstorm
|-heal|p1a: Zapdos|76/100|[from] item: Leftovers
|-heal|p2a: Landorus|48/100 tox|[from] item: Leftovers
|-damage|p2a: Landorus|42/100 tox|[from] psn
|upkeep
|turn|21
|
|t:|1719708416
|switch|p2a: Rotom|Rotom-Wash|75/100 tox
|move|p1a: Zapdos|Hidden Power|p2a: Rotom
|-supereffective|p2a: Rotom
|-damage|p2a: Rotom|36/100 tox
|
|-weather|Sandstorm|[upkeep]
|-damage|p1a: Zapdos|69/100|[from] Sandstorm
|-damage|p2a: Rotom|30/100 tox|[from] Sandstorm
|-heal|p1a: Zapdos|76/100|[from] item: Leftovers
|-heal|p2a: Rotom|36/100 tox|[from] item: Leftovers
|-damage|p2a: Rotom|30/100 tox|[from] psn
|upkeep
|turn|22
|
|t:|1719708427
|switch|p2a: Latias|Latias, F|100/100
|move|p1a: Zapdos|Roost|p1a: Zapdos
|-heal|p1a: Zapdos|100/100
|-singleturn|p1a: Zapdos|move: Roost
|
|-weather|Sandstorm|[upkeep]
|-damage|p2a: Latias|94/100|[from] Sandstorm
|-damage|p1a: Zapdos|94/100|[from] Sandstorm
|-heal|p1a: Zapdos|100/100|[from] item: Leftovers
|upkeep
|turn|23
|
|t:|1719708436
|move|p2a: Latias|Ice Beam|p1a: Zapdos
|-supereffective|p1a: Zapdos
|-damage|p1a: Zapdos|43/100
|-status|p1a: Zapdos|frz
|cant|p1a: Zapdos|frz
|
|-weather|Sandstorm|[upkeep]
|-damage|p2a: Latias|88/100|[from] Sandstorm
|-damage|p1a: Zapdos|36/100 frz|[from] Sandstorm
|-heal|p1a: Zapdos|43/100 frz|[from] item: Leftovers
|upkeep
|turn|24
|
|t:|1719708445
|move|p2a: Latias|Ice Beam|p1a: Zapdos
|-supereffective|p1a: Zapdos
|-damage|p1a: Zapdos|0 fnt
|faint|p1a: Zapdos
|
|-weather|Sandstorm|[upkeep]
|-damage|p2a: Latias|82/100|[from] Sandstorm
|upkeep
|
|t:|1719708454
|switch|p1a: Volcarona|Volcarona, F|100/100
|-damage|p1a: Volcarona|51/100|[from] Stealth Rock
|turn|25
|
|t:|1719708457
|move|p2a: Latias|Thunder Wave|p1a: Volcarona
|-status|p1a: Volcarona|par
|move|p1a: Volcarona|Quiver Dance|p1a: Volcarona
|-boost|p1a: Volcarona|spa|1
|-boost|p1a: Volcarona|spd|1
|-boost|p1a: Volcarona|spe|1
|
|-weather|Sandstorm|[upkeep]
|-damage|p2a: Latias|76/100|[from] Sandstorm
|-damage|p1a: Volcarona|45/100 par|[from] Sandstorm
|upkeep
|turn|26
|
|t:|1719708466
|switch|p2a: Rotom|Rotom-Wash|30/100 tox
|move|p1a: Volcarona|Bug Buzz|p2a: Rotom
|-damage|p2a: Rotom|0 fnt
|faint|p2a: Rotom
|
|-weather|Sandstorm|[upkeep]
|-damage|p1a: Volcarona|38/100 par|[from] Sandstorm
|upkeep
|
|t:|1719708472
|switch|p2a: Landorus|Landorus-Therian, M|42/100 tox
|-ability|p2a: Landorus|Intimidate|boost
|-unboost|p1a: Volcarona|atk|1
|turn|27
|
|t:|1719708476
|move|p2a: Landorus|Earthquake|p1a: Volcarona
|-damage|p1a: Volcarona|0 fnt
|faint|p1a: Volcarona
|
|-weather|Sandstorm|[upkeep]
|-heal|p2a: Landorus|48/100 tox|[from] item: Leftovers
|-damage|p2a: Landorus|42/100 tox|[from] psn
|upkeep
|
|t:|1719708483
|switch|p1a: Garchomp|Garchomp, F|32/100
|-damage|p1a: Garchomp|26/100|[from] Stealth Rock
|turn|28
|
|t:|1719708504
|move|p1a: Garchomp|Outrage|p2a: Landorus
|-damage|p2a: Landorus|0 fnt
|faint|p2a: Landorus
|
|-weather|Sandstorm|[upkeep]
|upkeep
|
|t:|1719708508
|switch|p2a: Alakazam|Alakazam, M|100/100
|turn|29
|
|t:|1719708511
|move|p1a: Garchomp|Outrage|p2a: Alakazam|[from]lockedmove
|-enditem|p2a: Alakazam|Focus Sash
|-damage|p2a: Alakazam|1/100
|move|p2a: Alakazam|Hidden Power|p1a: Garchomp
|-supereffective|p1a: Garchomp
|-crit|p1a: Garchomp
|-damage|p1a: Garchomp|0 fnt
|faint|p1a: Garchomp
|
|-weather|Sandstorm|[upkeep]
|upkeep
|
|t:|1719708520
|switch|p1a: Lucario|Lucario, F|98/100
|-damage|p1a: Lucario|95/100|[from] Stealth Rock
|turn|30
|
|t:|1719708524
|move|p1a: Lucario|Bullet Punch|p2a: Alakazam
|-damage|p2a: Alakazam|0 fnt
|faint|p2a: Alakazam
|
|-weather|Sandstorm|[upkeep]
|upkeep
|
|t:|1719708526
|switch|p2a: Latias|Latias, F|76/100
|turn|31
|
|t:|1719708529
|move|p2a: Latias|Hidden Power|p1a: Lucario
|-supereffective|p1a: Lucario
|-damage|p1a: Lucario|41/100
|move|p1a: Lucario|Crunch|p2a: Latias
|-supereffective|p2a: Latias
|-damage|p2a: Latias|16/100
|-damage|p1a: Lucario|25/100|[from] item: Rocky Helmet|[of] p2a: Latias
|
|-weather|Sandstorm|[upkeep]
|-damage|p2a: Latias|10/100|[from] Sandstorm
|upkeep
|turn|32
|
|t:|1719708539
|move|p1a: Lucario|Bullet Punch|p2a: Latias
|-crit|p2a: Latias
|-damage|p2a: Latias|0 fnt
|-damage|p1a: Lucario|9/100|[from] item: Rocky Helmet|[of] p2a: Latias
|faint|p2a: Latias
|
|win|Koolwraith
|raw|Koolwraith's rating: 1341 &rarr; <strong>1369</strong><br />(+28 for winning)
|raw|nb 41st's rating: 1486 &rarr; <strong>1458</strong><br />(-28 for losing)
|l|☆nb 41st
|player|p2|
|j|☆nb 41st
|player|p2|nb 41st|1|
|l|☆nb 41st
|player|p2|
