|join|Dude321
|join|LornaDeezy
|player|p1|Dude321|80
|player|p2|LornaDeezy|148
|gametype|singles
|gen|5
|tier|[Gen 5] OU
|rated
|rule|Evasion Abilities Clause: Evasion abilities are banned
|clearpoke
|poke|p1|Dragonite, F
|poke|p1|Politoed, F
|poke|p1|Tornadus, M
|poke|p1|Starmie
|poke|p1|Jolteon, F
|poke|p1|Dugtrio, F
|poke|p2|Politoed, M
|poke|p2|Garchomp, M
|poke|p2|Tornadus, M
|poke|p2|Keldeo-Resolute
|poke|p2|Toxicroak, F
|poke|p2|Jirachi
|rule|Sleep Clause Mod: Limit one foe put to sleep
|rule|Species Clause: Limit one of each Pokemon
|rule|OHKO Clause: OHKO moves are banned
|rule|Moody Clause: Moody is banned
|rule|Evasion Moves Clause: Evasion moves are banned
|rule|Endless Battle Clause: Forcing endless battles is banned.
|rule|HP Percentage Mod: HP is reported as percentages
|teampreview
|
|start
|switch|p1a: Jolteon|Jolteon, F|271/271
|switch|p2a: Quadzilla|Garchomp, M|411/411
|turn|1
|
|move|p1a: Jolteon|Substitute|p1a: Jolteon
|-start|p1a: Jolteon|Substitute
|-damage|p1a: Jolteon|204/271
|move|p2a: Quadzilla|Earthquake|p1a: Jolteon
|-supereffective|p1a: Jolteon
|-end|p1a: Jolteon|Substitute
|
|turn|2
|
|move|p1a: Jolteon|Hidden Power|p2a: Quadzilla
|-supereffective|p2a: Quadzilla
|-damage|p2a: Quadzilla|0 fnt
|faint|p2a: Quadzilla
|
|
|switch|p2a: Seahorses Forever|Keldeo-Resolute|323/323
|turn|3
|
|switch|p1a: Dragonite|Dragonite, F|386/386
|move|p2a: Seahorses Forever|Hydro Pump|p1a: Dragonite
|-resisted|p1a: Dragonite
|-damage|p1a: Dragonite|337/386
|
|-heal|p1a: Dragonite|361/386|[from] item: Leftovers
|turn|4
|
|switch|p2a: Twinkletoes|Jirachi|404/404
|switch|p1a: Jolteon|Jolteon, F|204/271
|
|turn|5
|
|move|p1a: Jolteon|Thunder|p2a: Twinkletoes|[miss]
|-miss|p1a: Jolteon|p2a: Twinkletoes
|move|p2a: Twinkletoes|Calm Mind|p2a: Twinkletoes
|-boost|p2a: Twinkletoes|spa|1
|-boost|p2a: Twinkletoes|spd|1
|
|turn|6
|
|move|p1a: Jolteon|Substitute|p1a: Jolteon
|-start|p1a: Jolteon|Substitute
|-damage|p1a: Jolteon|137/271
|move|p2a: Twinkletoes|Substitute|p2a: Twinkletoes
|-start|p2a: Twinkletoes|Substitute
|-damage|p2a: Twinkletoes|303/404
|
|-heal|p2a: Twinkletoes|328/404|[from] item: Leftovers
|turn|7
|
|move|p1a: Jolteon|Baton Pass|p1a: Jolteon
|
|switch|p1a: Dugtrio|Dugtrio, F|211/211
|move|p2a: Twinkletoes|Psyshock|p1a: Dugtrio
|-crit|p1a: Dugtrio
|-end|p1a: Dugtrio|Substitute
|
|-heal|p2a: Twinkletoes|353/404|[from] item: Leftovers
|turn|8
|
|move|p1a: Dugtrio|Earthquake|p2a: Twinkletoes
|-supereffective|p2a: Twinkletoes
|-end|p2a: Twinkletoes|Substitute
|move|p2a: Twinkletoes|Psyshock|p1a: Dugtrio
|-enditem|p1a: Dugtrio|Focus Sash
|-damage|p1a: Dugtrio|1/211
|
|-heal|p2a: Twinkletoes|378/404|[from] item: Leftovers
|turn|9
|
|move|p1a: Dugtrio|Earthquake|p2a: Twinkletoes
|-supereffective|p2a: Twinkletoes
|-damage|p2a: Twinkletoes|130/404
|move|p2a: Twinkletoes|Psyshock|p1a: Dugtrio
|-damage|p1a: Dugtrio|0 fnt
|faint|p1a: Dugtrio
|
|-heal|p2a: Twinkletoes|155/404|[from] item: Leftovers
|
|switch|p1a: Politoed|Politoed, F|322/322
|-weather|RainDance|[from] ability: Drizzle|[of] p1a: Politoed
|turn|10
|
|move|p1a: Politoed|Hydro Pump|p2a: Twinkletoes
|-damage|p2a: Twinkletoes|0 fnt
|faint|p2a: Twinkletoes
|
|-weather|RainDance|[upkeep]
|
|switch|p2a: Peter Pan|Toxicroak, F|308/308
|turn|11
|
|switch|p1a: Tornadus|Tornadus, M|299/299
|move|p2a: Peter Pan|Swords Dance|p2a: Peter Pan
|-boost|p2a: Peter Pan|atk|2
|
|-weather|RainDance|[upkeep]
|turn|12
|
|move|p2a: Peter Pan|Sucker Punch|p1a: Tornadus
|-damage|p1a: Tornadus|0 fnt
|-damage|p2a: Peter Pan|278/308|[from] item: Life Orb
|faint|p1a: Tornadus
|
|-weather|RainDance|[upkeep]
|-heal|p2a: Peter Pan|308/308|[from] ability: Dry Skin
|
|switch|p1a: Jolteon|Jolteon, F|137/271
|turn|13
|join|Blader_X
|
|move|p1a: Jolteon|Substitute|p1a: Jolteon
|-start|p1a: Jolteon|Substitute
|-damage|p1a: Jolteon|70/271
|move|p2a: Peter Pan|Drain Punch|p1a: Jolteon
|-crit|p1a: Jolteon
|-end|p1a: Jolteon|Substitute
|-damage|p2a: Peter Pan|278/308|[from] item: Life Orb
|
|-weather|RainDance|[upkeep]
|-heal|p2a: Peter Pan|308/308|[from] ability: Dry Skin
|turn|14
|leave|Blader_X
|
|move|p2a: Peter Pan|Sucker Punch|p1a: Jolteon
|-fail|p1a: Jolteon
|move|p1a: Jolteon|Substitute|p1a: Jolteon
|-start|p1a: Jolteon|Substitute
|-damage|p1a: Jolteon|3/271
|
|-weather|RainDance|[upkeep]
|turn|15
|
|move|p1a: Jolteon|Thunder|p2a: Peter Pan
|-crit|p2a: Peter Pan
|-damage|p2a: Peter Pan|0 fnt
|faint|p2a: Peter Pan
|
|-weather|RainDance|[upkeep]
|
|switch|p2a: Seahorses Forever|Keldeo-Resolute|323/323
|turn|16
|
|move|p2a: Seahorses Forever|Surf|p1a: Jolteon
|-crit|p1a: Jolteon
|-end|p1a: Jolteon|Substitute
|move|p1a: Jolteon|Thunder|p2a: Seahorses Forever
|-supereffective|p2a: Seahorses Forever
|-damage|p2a: Seahorses Forever|0 fnt
|faint|p2a: Seahorses Forever
|
|-weather|RainDance|[upkeep]
|
|switch|p2a: Streak|Tornadus, M|299/299
|turn|17
|
|move|p1a: Jolteon|Thunder|p2a: Streak
|-supereffective|p2a: Streak
|-damage|p2a: Streak|0 fnt
|faint|p2a: Streak
|
|-weather|RainDance|[upkeep]
|
|switch|p2a: Magnum PIMP|Politoed, M|376/376
|turn|18
|
|move|p1a: Jolteon|Thunder|p2a: Magnum PIMP
|-supereffective|p2a: Magnum PIMP
|-damage|p2a: Magnum PIMP|0 fnt
|faint|p2a: Magnum PIMP
|
|win|Dude321
|raw|Ladder updating...
|raw|Dude321's rating: 1316 &rarr; <strong>1336</strong><br />(+20 for winning)
|raw|LornaDeezy's rating: 1319 &rarr; <strong>1299</strong><br />(-20 for losing)