|html|<div class="broadcast-blue"><strong>[Gen 5] OU is currently suspecting Volcarona & Cloyster! For information on how to participate check out the <a href="https://www.smogon.com/forums/threads/re-cloyster-volcarona-in-bw-ou-survey-post-29.3731863/page-2#post-9904362">suspect thread</a>.</strong></div>
|j|☆happyhitbox
|j|☆ILoveTeamPreview
|t:|1704391567
|gametype|singles
|player|p1|happyhitbox|gambler|1303
|player|p2|ILoveTeamPreview|zinnia|1526
|teamsize|p1|6
|teamsize|p2|6
|gen|5
|tier|[Gen 5] OU
|rated|
|rule|Species Clause: Limit one of each Pokémon
|rule|OHKO Clause: OHKO moves are banned
|rule|Moody Clause: Moody is banned
|rule|Evasion Items Clause: Evasion items are banned
|rule|Evasion Moves Clause: Evasion moves are banned
|rule|Endless Battle Clause: Forcing endless battles is banned
|rule|HP Percentage Mod: HP is shown in percentages
|rule|Evasion Abilities Clause: Evasion abilities are banned
|rule|Sleep Moves Clause: Sleep-inducing moves are banned
|rule|Swagger Clause: Swagger is banned
|rule|Baton Pass Stat Clause: No Baton Passer may have a way to boost its stats
|clearpoke
|poke|p1|Jirachi|item
|poke|p1|Politoed, F|item
|poke|p1|Mamoswine, M|item
|poke|p1|Tentacruel, F|item
|poke|p1|Salamence, M|item
|poke|p1|Rotom-Wash|item
|poke|p2|Tyranitar, F|item
|poke|p2|Terrakion|item
|poke|p2|Landorus-Therian, M|item
|poke|p2|Excadrill, F|item
|poke|p2|Breloom, F|item
|poke|p2|Slowking, F|item
|teampreview
|inactive|Battle timer is ON: inactive players will automatically lose when time's up. (requested by happyhitbox)
|
|t:|1704391583
|start
|switch|p1a: Mamoswine|Mamoswine, M|100/100
|switch|p2a: Breloom|Breloom, F|100/100
|turn|1
|
|t:|1704391590
|switch|p2a: Slowking|Slowking, F|100/100
|move|p1a: Mamoswine|Substitute|p1a: Mamoswine
|-start|p1a: Mamoswine|Substitute
|-damage|p1a: Mamoswine|76/100
|
|-heal|p1a: Mamoswine|82/100|[from] item: Leftovers
|upkeep
|turn|2
|
|t:|1704391599
|move|p1a: Mamoswine|Earthquake|p2a: Slowking
|-damage|p2a: Slowking|50/100
|move|p2a: Slowking|Scald|p1a: Mamoswine
|-supereffective|p1a: Mamoswine
|-end|p1a: Mamoswine|Substitute
|
|-heal|p1a: Mamoswine|88/100|[from] item: Leftovers
|-heal|p2a: Slowking|56/100|[from] item: Leftovers
|upkeep
|turn|3
|inactive|happyhitbox has 120 seconds left.
|inactive|happyhitbox has 90 seconds left.
|inactive|happyhitbox has 60 seconds left.
|
|t:|1704391696
|switch|p1a: Salamence|Salamence, M|100/100
|move|p2a: Slowking|Scald|p1a: Salamence
|-resisted|p1a: Salamence
|-damage|p1a: Salamence|80/100
|
|-heal|p2a: Slowking|62/100|[from] item: Leftovers
|upkeep
|turn|4
|inactive|happyhitbox has 60 seconds left.
|
|t:|1704391707
|switch|p2a: Landorus|Landorus-Therian, M|100/100
|-ability|p2a: Landorus|Intimidate|boost
|-unboost|p1a: Salamence|atk|1
|move|p1a: Salamence|Hidden Power|p2a: Landorus
|-supereffective|p2a: Landorus
|-crit|p2a: Landorus
|-damage|p2a: Landorus|0 fnt
|faint|p2a: Landorus
|-ability|p1a: Salamence|Moxie|boost
|-boost|p1a: Salamence|atk|1
|
|upkeep
|
|t:|1704391710
|switch|p2a: Tyranitar|Tyranitar, F|100/100
|-weather|Sandstorm|[from] ability: Sand Stream|[of] p2a: Tyranitar
|turn|5
|inactive|happyhitbox has 60 seconds left.
|
|t:|1704391721
|-activate|p1a: Salamence|move: Pursuit
|move|p2a: Tyranitar|Pursuit|p1a: Salamence|[from]Pursuit
|-damage|p1a: Salamence|29/100
|switch|p1a: Politoed|Politoed, F|100/100
|-weather|RainDance|[from] ability: Drizzle|[of] p1a: Politoed
|
|-weather|RainDance|[upkeep]
|upkeep
|turn|6
|inactive|happyhitbox has 60 seconds left.
|inactive|happyhitbox has 30 seconds left.
|
|t:|1704391764
|switch|p2a: Slowking|Slowking, F|95/100
|switch|p1a: Mamoswine|Mamoswine, M|88/100
|
|-weather|RainDance|[upkeep]
|-heal|p1a: Mamoswine|94/100|[from] item: Leftovers
|-heal|p2a: Slowking|100/100|[from] item: Leftovers
|upkeep
|turn|7
|inactive|happyhitbox has 30 seconds left.
|
|t:|1704391779
|switch|p1a: Tentacruel|Tentacruel, F|100/100
|move|p2a: Slowking|Scald|p1a: Tentacruel
|-resisted|p1a: Tentacruel
|-damage|p1a: Tentacruel|83/100
|
|-weather|RainDance|[upkeep]
|-heal|p1a: Tentacruel|89/100|[from] ability: Rain Dish
|-heal|p1a: Tentacruel|95/100|[from] item: Black Sludge
|upkeep
|turn|8
|inactive|happyhitbox has 30 seconds left.
|
|t:|1704391793
|switch|p2a: Breloom|Breloom, F|100/100
|move|p1a: Tentacruel|Toxic|p2a: Breloom
|-status|p2a: Breloom|tox
|
|-weather|RainDance|[upkeep]
|-heal|p1a: Tentacruel|100/100|[from] ability: Rain Dish
|upkeep
|turn|9
|inactive|happyhitbox has 30 seconds left.
|
|t:|1704391804
|move|p1a: Tentacruel|Scald|p2a: Breloom
|-resisted|p2a: Breloom
|-crit|p2a: Breloom
|-damage|p2a: Breloom|66/100 tox
|move|p2a: Breloom|Facade|p1a: Tentacruel
|-damage|p1a: Tentacruel|54/100
|
|-weather|RainDance|[upkeep]
|-heal|p1a: Tentacruel|60/100|[from] ability: Rain Dish
|-heal|p1a: Tentacruel|66/100|[from] item: Black Sludge
|-heal|p2a: Breloom|78/100 tox|[from] ability: Poison Heal
|upkeep
|turn|10
|inactive|happyhitbox has 30 seconds left.
|
|t:|1704391818
|switch|p1a: Jirachi|Jirachi|100/100
|move|p2a: Breloom|Swords Dance|p2a: Breloom
|-boost|p2a: Breloom|atk|2
|
|-weather|RainDance|[upkeep]
|-heal|p2a: Breloom|91/100 tox|[from] ability: Poison Heal
|upkeep
|turn|11
|
|t:|1704391827
|move|p1a: Jirachi|Iron Head|p2a: Breloom
|-damage|p2a: Breloom|57/100 tox
|cant|p2a: Breloom|flinch
|
|-weather|RainDance|[upkeep]
|-heal|p2a: Breloom|70/100 tox|[from] ability: Poison Heal
|upkeep
|turn|12
|
|t:|1704391835
|move|p2a: Breloom|Protect|p2a: Breloom
|-singleturn|p2a: Breloom|Protect
|move|p1a: Jirachi|Iron Head|p2a: Breloom
|-activate|p2a: Breloom|move: Protect
|
|-weather|RainDance|[upkeep]
|-heal|p2a: Breloom|82/100 tox|[from] ability: Poison Heal
|upkeep
|turn|13
|
|t:|1704391844
|move|p1a: Jirachi|Iron Head|p2a: Breloom
|-damage|p2a: Breloom|48/100 tox
|cant|p2a: Breloom|flinch
|
|-weather|RainDance|[upkeep]
|-heal|p2a: Breloom|60/100 tox|[from] ability: Poison Heal
|upkeep
|turn|14
|
|t:|1704391853
|move|p2a: Breloom|Protect|p2a: Breloom
|-singleturn|p2a: Breloom|Protect
|move|p1a: Jirachi|Wish|p1a: Jirachi
|
|-weather|RainDance|[upkeep]
|-heal|p2a: Breloom|73/100 tox|[from] ability: Poison Heal
|upkeep
|turn|15
|
|t:|1704391861
|move|p1a: Jirachi|Iron Head|p2a: Breloom
|-damage|p2a: Breloom|41/100 tox
|move|p2a: Breloom|Drain Punch|p1a: Jirachi
|-damage|p1a: Jirachi|44/100
|-heal|p2a: Breloom|76/100 tox|[from] drain|[of] p1a: Jirachi
|
|-weather|RainDance|[upkeep]
|-heal|p1a: Jirachi|94/100|[from] move: Wish|[wisher] Jirachi
|-heal|p1a: Jirachi|99/100|[from] item: Leftovers
|-heal|p2a: Breloom|89/100 tox|[from] ability: Poison Heal
|upkeep
|turn|16
|inactive|happyhitbox has 60 seconds left.
|
|t:|1704391885
|move|p1a: Jirachi|Iron Head|p2a: Breloom
|-damage|p2a: Breloom|53/100 tox
|cant|p2a: Breloom|flinch
|
|-weather|RainDance|[upkeep]
|-heal|p1a: Jirachi|100/100|[from] item: Leftovers
|-heal|p2a: Breloom|65/100 tox|[from] ability: Poison Heal
|upkeep
|turn|17
|
|t:|1704391895
|move|p2a: Breloom|Protect|p2a: Breloom
|-singleturn|p2a: Breloom|Protect
|move|p1a: Jirachi|Iron Head|p2a: Breloom
|-activate|p2a: Breloom|move: Protect
|
|-weather|RainDance|[upkeep]
|-heal|p2a: Breloom|78/100 tox|[from] ability: Poison Heal
|upkeep
|turn|18
|
|t:|1704391907
|move|p1a: Jirachi|Iron Head|p2a: Breloom
|-damage|p2a: Breloom|44/100 tox
|cant|p2a: Breloom|flinch
|
|-weather|RainDance|[upkeep]
|-heal|p2a: Breloom|56/100 tox|[from] ability: Poison Heal
|upkeep
|turn|19
|
|t:|1704391930
|move|p2a: Breloom|Protect|p2a: Breloom
|-singleturn|p2a: Breloom|Protect
|move|p1a: Jirachi|Iron Head|p2a: Breloom
|-activate|p2a: Breloom|move: Protect
|
|-weather|RainDance|[upkeep]
|-heal|p2a: Breloom|69/100 tox|[from] ability: Poison Heal
|upkeep
|turn|20
|inactive|happyhitbox has 60 seconds left.
|
|t:|1704391939
|move|p1a: Jirachi|Iron Head|p2a: Breloom
|-damage|p2a: Breloom|33/100 tox
|cant|p2a: Breloom|flinch
|
|-weather|RainDance|[upkeep]
|-heal|p2a: Breloom|45/100 tox|[from] ability: Poison Heal
|upkeep
|turn|21
|
|t:|1704391948
|move|p2a: Breloom|Protect|p2a: Breloom
|-singleturn|p2a: Breloom|Protect
|move|p1a: Jirachi|Wish|p1a: Jirachi
|
|-weather|RainDance|[upkeep]
|-heal|p2a: Breloom|58/100 tox|[from] ability: Poison Heal
|upkeep
|turn|22
|
|t:|1704391955
|move|p1a: Jirachi|Iron Head|p2a: Breloom
|-damage|p2a: Breloom|21/100 tox
|cant|p2a: Breloom|flinch
|
|-weather|RainDance|[upkeep]
|-heal|p2a: Breloom|34/100 tox|[from] ability: Poison Heal
|upkeep
|turn|23
|
|t:|1704391969
|move|p2a: Breloom|Protect|p2a: Breloom
|-singleturn|p2a: Breloom|Protect
|move|p1a: Jirachi|Iron Head|p2a: Breloom
|-activate|p2a: Breloom|move: Protect
|
|-weather|RainDance|[upkeep]
|-heal|p2a: Breloom|46/100 tox|[from] ability: Poison Heal
|upkeep
|turn|24
|
|t:|1704391979
|switch|p2a: Excadrill|Excadrill, F|100/100
|move|p1a: Jirachi|Iron Head|p2a: Excadrill
|-resisted|p2a: Excadrill
|-damage|p2a: Excadrill|82/100
|
|-weather|RainDance|[upkeep]
|-heal|p2a: Excadrill|89/100|[from] item: Leftovers
|upkeep
|turn|25
|
|t:|1704391989
|switch|p2a: Breloom|Breloom, F|46/100 tox
|switch|p1a: Rotom|Rotom-Wash|100/100
|
|-weather|RainDance|[upkeep]
|-heal|p2a: Breloom|59/100 tox|[from] ability: Poison Heal
|upkeep
|turn|26
|
|t:|1704392003
|move|p2a: Breloom|Protect|p2a: Breloom
|-singleturn|p2a: Breloom|Protect
|move|p1a: Rotom|Volt Switch|p2a: Breloom
|-activate|p2a: Breloom|move: Protect
|
|-weather|RainDance|[upkeep]
|-heal|p2a: Breloom|71/100 tox|[from] ability: Poison Heal
|upkeep
|turn|27
|
|t:|1704392013
|move|p1a: Rotom|Volt Switch|p2a: Breloom
|-resisted|p2a: Breloom
|-damage|p2a: Breloom|57/100 tox
|
|t:|1704392017
|switch|p1a: Jirachi|Jirachi|100/100|[from] Volt Switch
|move|p2a: Breloom|Drain Punch|p1a: Jirachi
|-damage|p1a: Jirachi|72/100
|-heal|p2a: Breloom|75/100 tox|[from] drain|[of] p1a: Jirachi
|
|-weather|RainDance|[upkeep]
|-heal|p1a: Jirachi|78/100|[from] item: Leftovers
|-heal|p2a: Breloom|88/100 tox|[from] ability: Poison Heal
|upkeep
|turn|28
|inactive|happyhitbox has 90 seconds left.
|
|t:|1704392030
|switch|p2a: Excadrill|Excadrill, F|89/100
|move|p1a: Jirachi|Wish|p1a: Jirachi
|
|-weather|RainDance|[upkeep]
|-heal|p2a: Excadrill|95/100|[from] item: Leftovers
|-heal|p1a: Jirachi|85/100|[from] item: Leftovers
|upkeep
|turn|29
|
|t:|1704392040
|switch|p1a: Salamence|Salamence, M|29/100
|move|p2a: Excadrill|Earthquake|p1a: Salamence
|-immune|p1a: Salamence
|
|-weather|RainDance|[upkeep]
|-heal|p1a: Salamence|90/100|[from] move: Wish|[wisher] Jirachi
|-heal|p2a: Excadrill|100/100|[from] item: Leftovers
|upkeep
|turn|30
|inactive|happyhitbox has 90 seconds left.
|
|t:|1704392068
|switch|p2a: Slowking|Slowking, F|100/100
|move|p1a: Salamence|Outrage|p2a: Slowking
|-damage|p2a: Slowking|45/100
|
|-weather|RainDance|[upkeep]
|-heal|p2a: Slowking|52/100|[from] item: Leftovers
|upkeep
|turn|31
|
|t:|1704392077
|switch|p2a: Excadrill|Excadrill, F|100/100
|move|p1a: Salamence|Outrage|p2a: Excadrill|[from]lockedmove
|-resisted|p2a: Excadrill
|-damage|p2a: Excadrill|64/100
|
|-weather|RainDance|[upkeep]
|-heal|p2a: Excadrill|70/100|[from] item: Leftovers
|upkeep
|turn|32
|inactive|happyhitbox has 90 seconds left.
|
|t:|1704392087
|move|p1a: Salamence|Outrage|p2a: Excadrill|[from]lockedmove
|-resisted|p2a: Excadrill
|-damage|p2a: Excadrill|32/100
|-start|p1a: Salamence|confusion|[fatigue]
|move|p2a: Excadrill|Iron Head|p1a: Salamence
|-damage|p1a: Salamence|42/100
|
|-weather|RainDance|[upkeep]
|-heal|p2a: Excadrill|38/100|[from] item: Leftovers
|upkeep
|turn|33
|inactive|happyhitbox has 90 seconds left.
|
|t:|1704392101
|switch|p1a: Rotom|Rotom-Wash|100/100
|move|p2a: Excadrill|Iron Head|p1a: Rotom
|-resisted|p1a: Rotom
|-damage|p1a: Rotom|93/100
|
|-weather|RainDance|[upkeep]
|-heal|p2a: Excadrill|44/100|[from] item: Leftovers
|-heal|p1a: Rotom|99/100|[from] item: Leftovers
|upkeep
|turn|34
|
|t:|1704392111
|switch|p2a: Breloom|Breloom, F|88/100 tox
|move|p1a: Rotom|Volt Switch|p2a: Breloom
|-resisted|p2a: Breloom
|-damage|p2a: Breloom|75/100 tox
|
|t:|1704392118
|switch|p1a: Salamence|Salamence, M|42/100|[from] Volt Switch
|
|-weather|RainDance|[upkeep]
|-heal|p2a: Breloom|87/100 tox|[from] ability: Poison Heal
|upkeep
|turn|35
|
|t:|1704392125
|move|p2a: Breloom|Protect|p2a: Breloom
|-singleturn|p2a: Breloom|Protect
|move|p1a: Salamence|Outrage|p2a: Breloom
|-activate|p2a: Breloom|move: Protect
|
|-weather|RainDance|[upkeep]
|-heal|p2a: Breloom|99/100 tox|[from] ability: Poison Heal
|upkeep
|turn|36
|
|t:|1704392134
|move|p1a: Salamence|Outrage|p2a: Breloom
|-damage|p2a: Breloom|18/100 tox
|move|p2a: Breloom|Facade|p1a: Salamence
|-damage|p1a: Salamence|0 fnt
|faint|p1a: Salamence
|
|-weather|RainDance|[upkeep]
|-heal|p2a: Breloom|30/100 tox|[from] ability: Poison Heal
|upkeep
|
|t:|1704392145
|switch|p1a: Mamoswine|Mamoswine, M|94/100
|turn|37
|
|t:|1704392151
|move|p2a: Breloom|Protect|p2a: Breloom
|-singleturn|p2a: Breloom|Protect
|move|p1a: Mamoswine|Substitute|p1a: Mamoswine
|-start|p1a: Mamoswine|Substitute
|-damage|p1a: Mamoswine|69/100
|
|-weather|RainDance|[upkeep]
|-heal|p1a: Mamoswine|75/100|[from] item: Leftovers
|-heal|p2a: Breloom|43/100 tox|[from] ability: Poison Heal
|upkeep
|turn|38
|
|t:|1704392161
|switch|p2a: Slowking|Slowking, F|85/100
|move|p1a: Mamoswine|Icicle Crash|p2a: Slowking
|-resisted|p2a: Slowking
|-damage|p2a: Slowking|65/100
|
|-weather|RainDance|[upkeep]
|-heal|p1a: Mamoswine|81/100|[from] item: Leftovers
|-heal|p2a: Slowking|71/100|[from] item: Leftovers
|upkeep
|turn|39
|
|t:|1704392171
|move|p1a: Mamoswine|Earthquake|p2a: Slowking
|-damage|p2a: Slowking|19/100
|move|p2a: Slowking|Scald|p1a: Mamoswine
|-supereffective|p1a: Mamoswine
|-end|p1a: Mamoswine|Substitute
|
|-weather|RainDance|[upkeep]
|-heal|p1a: Mamoswine|87/100|[from] item: Leftovers
|-heal|p2a: Slowking|25/100|[from] item: Leftovers
|upkeep
|turn|40
|
|t:|1704392182
|move|p1a: Mamoswine|Earthquake|p2a: Slowking
|-damage|p2a: Slowking|0 fnt
|faint|p2a: Slowking
|
|-weather|RainDance|[upkeep]
|-heal|p1a: Mamoswine|93/100|[from] item: Leftovers
|upkeep
|
|t:|1704392184
|switch|p2a: Terrakion|Terrakion|100/100
|turn|41
|
|t:|1704392201
|switch|p1a: Tentacruel|Tentacruel, F|66/100
|move|p2a: Terrakion|Close Combat|p1a: Tentacruel
|-resisted|p1a: Tentacruel
|-damage|p1a: Tentacruel|10/100
|-unboost|p2a: Terrakion|def|1
|-unboost|p2a: Terrakion|spd|1
|
|-weather|RainDance|[upkeep]
|-heal|p1a: Tentacruel|16/100|[from] ability: Rain Dish
|-heal|p1a: Tentacruel|22/100|[from] item: Black Sludge
|upkeep
|turn|42
|
|t:|1704392214
|move|p2a: Terrakion|Close Combat|p1a: Tentacruel
|-resisted|p1a: Tentacruel
|-damage|p1a: Tentacruel|0 fnt
|-unboost|p2a: Terrakion|def|1
|-unboost|p2a: Terrakion|spd|1
|faint|p1a: Tentacruel
|
|-weather|RainDance|[upkeep]
|upkeep
|
|t:|1704392231
|switch|p1a: Rotom|Rotom-Wash|99/100
|turn|43
|
|t:|1704392236
|switch|p2a: Breloom|Breloom, F|43/100 tox
|move|p1a: Rotom|Volt Switch|p2a: Breloom
|-resisted|p2a: Breloom
|-damage|p2a: Breloom|30/100 tox
|
|t:|1704392242
|switch|p1a: Mamoswine|Mamoswine, M|93/100|[from] Volt Switch
|
|-weather|RainDance|[upkeep]
|-heal|p1a: Mamoswine|99/100|[from] item: Leftovers
|-heal|p2a: Breloom|43/100 tox|[from] ability: Poison Heal
|upkeep
|turn|44
|
|t:|1704392251
|switch|p2a: Excadrill|Excadrill, F|44/100
|move|p1a: Mamoswine|Icicle Crash|p2a: Excadrill
|-damage|p2a: Excadrill|0 fnt
|faint|p2a: Excadrill
|
|-weather|RainDance|[upkeep]
|-heal|p1a: Mamoswine|100/100|[from] item: Leftovers
|upkeep
|
|t:|1704392254
|switch|p2a: Terrakion|Terrakion|100/100
|turn|45
|inactive|happyhitbox has 120 seconds left.
|
|t:|1704392263
|switch|p1a: Politoed|Politoed, F|100/100
|move|p2a: Terrakion|Close Combat|p1a: Politoed
|-crit|p1a: Politoed
|-damage|p1a: Politoed|0 fnt
|-unboost|p2a: Terrakion|def|1
|-unboost|p2a: Terrakion|spd|1
|faint|p1a: Politoed
|
|-weather|RainDance|[upkeep]
|upkeep
|inactive|happyhitbox has 120 seconds left.
|
|t:|1704392274
|switch|p1a: Jirachi|Jirachi|85/100
|turn|46
|
|t:|1704392282
|switch|p2a: Tyranitar|Tyranitar, F|100/100
|-weather|Sandstorm|[from] ability: Sand Stream|[of] p2a: Tyranitar
|move|p1a: Jirachi|Iron Head|p2a: Tyranitar
|-supereffective|p2a: Tyranitar
|-crit|p2a: Tyranitar
|-damage|p2a: Tyranitar|7/100
|
|-weather|Sandstorm|[upkeep]
|-heal|p1a: Jirachi|91/100|[from] item: Leftovers
|upkeep
|turn|47
|inactive|happyhitbox has 120 seconds left.
|
|t:|1704392299
|switch|p1a: Rotom|Rotom-Wash|99/100
|move|p2a: Tyranitar|Crunch|p1a: Rotom
|-damage|p1a: Rotom|66/100
|
|-weather|Sandstorm|[upkeep]
|-damage|p1a: Rotom|59/100|[from] Sandstorm
|-heal|p1a: Rotom|66/100|[from] item: Leftovers
|upkeep
|turn|48
|
|t:|1704392309
|switch|p2a: Breloom|Breloom, F|43/100 tox
|move|p1a: Rotom|Volt Switch|p2a: Breloom
|-resisted|p2a: Breloom
|-damage|p2a: Breloom|29/100 tox
|
|t:|1704392316
|switch|p1a: Mamoswine|Mamoswine, M|100/100|[from] Volt Switch
|
|-weather|Sandstorm|[upkeep]
|-damage|p2a: Breloom|23/100 tox|[from] Sandstorm
|-heal|p2a: Breloom|35/100 tox|[from] ability: Poison Heal
|upkeep
|turn|49
|
|t:|1704392326
|move|p2a: Breloom|Protect|p2a: Breloom
|-singleturn|p2a: Breloom|Protect
|move|p1a: Mamoswine|Substitute|p1a: Mamoswine
|-start|p1a: Mamoswine|Substitute
|-damage|p1a: Mamoswine|76/100
|
|-weather|Sandstorm|[upkeep]
|-damage|p2a: Breloom|29/100 tox|[from] Sandstorm
|-heal|p1a: Mamoswine|82/100|[from] item: Leftovers
|-heal|p2a: Breloom|42/100 tox|[from] ability: Poison Heal
|upkeep
|turn|50
|-message|ILoveTeamPreview forfeited.
|
|win|happyhitbox
|raw|happyhitbox's rating: 1303 &rarr; <strong>1334</strong><br />(+31 for winning)
|raw|ILoveTeamPreview's rating: 1526 &rarr; <strong>1495</strong><br />(-31 for losing)
|l|☆ILoveTeamPreview
