|j|☆Moth fantall.
|j|☆PStargazer
|player|p1|Moth fantall.|168
|player|p2|PStargazer|277
|teamsize|p1|6
|teamsize|p2|6
|gametype|singles
|gen|5
|tier|[Gen 5] OU
|rated|
|rule|Sleep Clause Mod: Limit one foe put to sleep
|rule|Species Clause: Limit one of each Pokémon
|rule|OHKO Clause: OHKO moves are banned
|rule|Moody Clause: Moody is banned
|rule|Evasion Moves Clause: Evasion moves are banned
|rule|Endless Battle Clause: Forcing endless battles is banned
|rule|HP Percentage Mod: HP is shown in percentages
|rule|Evasion Abilities Clause: Evasion abilities are banned
|rule|Baton Pass Clause: Limit one Baton Passer, can't pass Spe and other stats simultaneously
|rule|Swagger Clause: Swagger is banned
|clearpoke
|poke|p1|Politoed, F|item
|poke|p1|Tentacruel, M|item
|poke|p1|Ferrothorn, M|item
|poke|p1|Thundurus-Therian, M|item
|poke|p1|Latios, M|item
|poke|p1|Jirachi|item
|poke|p2|Tyranitar, M|item
|poke|p2|Terrakion|item
|poke|p2|Jirachi|item
|poke|p2|Gastrodon, F|item
|poke|p2|Latias, F|item
|poke|p2|Landorus-Therian, M|item
|teampreview
|inactive|Battle timer is ON: inactive players will automatically lose when time's up. (requested by Moth fantall.)
|
|start
|switch|p1a: Jirachi|Jirachi|100/100
|switch|p2a: Tyranitar|Tyranitar, M|100/100
|-weather|Sandstorm|[from] ability: Sand Stream|[of] p2a: Tyranitar
|turn|1
|
|switch|p2a: Jirachi|Jirachi|100/100
|move|p1a: Jirachi|U-turn|p2a: Jirachi
|-damage|p2a: Jirachi|83/100
|
|switch|p1a: Ferrothorn|Ferrothorn, M|100/100
|
|-weather|Sandstorm|[upkeep]
|-heal|p2a: Jirachi|89/100|[from] item: Leftovers
|upkeep
|turn|2
|
|move|p2a: Jirachi|Fire Punch|p1a: Ferrothorn
|-supereffective|p1a: Ferrothorn
|-crit|p1a: Ferrothorn
|-damage|p1a: Ferrothorn|10/100
|-damage|p2a: Jirachi|77/100|[from] ability: Iron Barbs|[of] p1a: Ferrothorn
|-status|p1a: Ferrothorn|brn
|move|p1a: Ferrothorn|Stealth Rock|p2a: Jirachi
|-sidestart|p2: PStargazer|move: Stealth Rock
|
|-weather|Sandstorm|[upkeep]
|-heal|p2a: Jirachi|83/100|[from] item: Leftovers
|-heal|p1a: Ferrothorn|16/100 brn|[from] item: Leftovers
|-damage|p1a: Ferrothorn|3/100 brn|[from] brn
|upkeep
|turn|3
|c|☆Moth fantall.|obv
|c|☆PStargazer|Sorry fam
|
|move|p2a: Jirachi|Fire Punch|p1a: Ferrothorn
|-supereffective|p1a: Ferrothorn
|-damage|p1a: Ferrothorn|0 fnt
|-damage|p2a: Jirachi|71/100|[from] ability: Iron Barbs|[of] p1a: Ferrothorn
|faint|p1a: Ferrothorn
|
|-weather|Sandstorm|[upkeep]
|-heal|p2a: Jirachi|77/100|[from] item: Leftovers
|upkeep
|
|switch|p1a: Politoed|Politoed, F|100/100
|-weather|RainDance|[from] ability: Drizzle|[of] p1a: Politoed
|turn|4
|
|move|p1a: Politoed|Encore|p2a: Jirachi
|-start|p2a: Jirachi|Encore
|move|p2a: Jirachi|Fire Punch|p1a: Politoed
|-resisted|p1a: Politoed
|-damage|p1a: Politoed|95/100
|-status|p1a: Politoed|brn
|
|-weather|RainDance|[upkeep]
|-heal|p2a: Jirachi|83/100|[from] item: Leftovers
|-damage|p1a: Politoed|82/100 brn|[from] brn
|upkeep
|turn|5
|
|switch|p1a: Tentacruel|Tentacruel, M|100/100
|switch|p2a: Gastrodon|Gastrodon, F|100/100
|-damage|p2a: Gastrodon|94/100|[from] Stealth Rock
|
|-weather|RainDance|[upkeep]
|upkeep
|turn|6
|
|move|p1a: Tentacruel|Toxic|p2a: Gastrodon
|-status|p2a: Gastrodon|tox
|move|p2a: Gastrodon|Earth Power|p1a: Tentacruel
|-supereffective|p1a: Tentacruel
|-damage|p1a: Tentacruel|7/100
|-damage|p2a: Gastrodon|84/100 tox|[from] item: Life Orb
|
|-weather|RainDance|[upkeep]
|-heal|p1a: Tentacruel|13/100|[from] ability: Rain Dish
|-heal|p1a: Tentacruel|20/100|[from] item: Black Sludge
|-damage|p2a: Gastrodon|78/100 tox|[from] psn
|upkeep
|turn|7
|
|switch|p1a: Latios|Latios, M|100/100
|move|p2a: Gastrodon|Surf|p1a: Latios
|-resisted|p1a: Latios
|-crit|p1a: Latios
|-damage|p1a: Latios|16/100
|-damage|p2a: Gastrodon|68/100 tox|[from] item: Life Orb
|
|-weather|RainDance|[upkeep]
|-damage|p2a: Gastrodon|56/100 tox|[from] psn
|upkeep
|turn|8
|c|☆PStargazer|I am so sorry
|
|switch|p2a: Tyranitar|Tyranitar, M|100/100
|-damage|p2a: Tyranitar|88/100|[from] Stealth Rock
|-weather|Sandstorm|[from] ability: Sand Stream|[of] p2a: Tyranitar
|move|p1a: Latios|Draco Meteor|p2a: Tyranitar|[miss]
|-miss|p1a: Latios|p2a: Tyranitar
|
|-weather|Sandstorm|[upkeep]
|-damage|p1a: Latios|10/100|[from] Sandstorm
|upkeep
|turn|9
|
|move|p1a: Latios|Draco Meteor|p2a: Tyranitar
|-damage|p2a: Tyranitar|16/100
|-unboost|p1a: Latios|spa|2
|move|p2a: Tyranitar|Stealth Rock|p1a: Latios
|-sidestart|p1: Moth fantall.|move: Stealth Rock
|
|-weather|Sandstorm|[upkeep]
|-damage|p1a: Latios|4/100|[from] Sandstorm
|upkeep
|turn|10
|
|switch|p2a: Jirachi|Jirachi|83/100
|-damage|p2a: Jirachi|77/100|[from] Stealth Rock
|move|p1a: Latios|Draco Meteor|p2a: Jirachi
|-resisted|p2a: Jirachi
|-damage|p2a: Jirachi|59/100
|-unboost|p1a: Latios|spa|2
|
|-weather|Sandstorm|[upkeep]
|-damage|p1a: Latios|0 fnt|[from] Sandstorm
|faint|p1a: Latios
|-heal|p2a: Jirachi|65/100|[from] item: Leftovers
|upkeep
|
|switch|p1a: Politoed|Politoed, F|82/100 brn
|-damage|p1a: Politoed|70/100 brn|[from] Stealth Rock
|-weather|RainDance|[from] ability: Drizzle|[of] p1a: Politoed
|turn|11
|
|move|p1a: Politoed|Hydro Pump|p2a: Jirachi|[miss]
|-miss|p1a: Politoed|p2a: Jirachi
|move|p2a: Jirachi|U-turn|p1a: Politoed
|-damage|p1a: Politoed|49/100 brn
|
|switch|p2a: Gastrodon|Gastrodon, F|56/100 tox
|-damage|p2a: Gastrodon|50/100 tox|[from] Stealth Rock
|
|-weather|RainDance|[upkeep]
|-damage|p1a: Politoed|37/100 brn|[from] brn
|-damage|p2a: Gastrodon|43/100 tox|[from] psn
|upkeep
|turn|12
|
|switch|p1a: Jirachi|Jirachi|100/100
|-damage|p1a: Jirachi|94/100|[from] Stealth Rock
|move|p2a: Gastrodon|Recover|p2a: Gastrodon
|-heal|p2a: Gastrodon|94/100 tox
|
|-weather|RainDance|[upkeep]
|-damage|p2a: Gastrodon|81/100 tox|[from] psn
|upkeep
|turn|13
|
|move|p1a: Jirachi|Iron Head|p2a: Gastrodon
|-resisted|p2a: Gastrodon
|-damage|p2a: Gastrodon|62/100 tox
|move|p2a: Gastrodon|Surf|p1a: Jirachi
|-damage|p1a: Jirachi|15/100
|-damage|p2a: Gastrodon|52/100 tox|[from] item: Life Orb
|
|-weather|RainDance|[upkeep]
|-damage|p2a: Gastrodon|34/100 tox|[from] psn
|upkeep
|turn|14
|c|☆Moth fantall.|nice match
|
|move|p1a: Jirachi|Iron Head|p2a: Gastrodon
|-resisted|p2a: Gastrodon
|-crit|p2a: Gastrodon
|-damage|p2a: Gastrodon|0 fnt
|faint|p2a: Gastrodon
|
|-weather|RainDance|[upkeep]
|upkeep
|
|switch|p2a: Jirachi|Jirachi|65/100
|-damage|p2a: Jirachi|59/100|[from] Stealth Rock
|turn|15
|
|move|p1a: Jirachi|Iron Head|p2a: Jirachi
|-resisted|p2a: Jirachi
|-damage|p2a: Jirachi|43/100
|cant|p2a: Jirachi|flinch
|
|-weather|RainDance|[upkeep]
|-heal|p2a: Jirachi|49/100|[from] item: Leftovers
|upkeep
|turn|16
|
|move|p1a: Jirachi|Iron Head|p2a: Jirachi
|-resisted|p2a: Jirachi
|-damage|p2a: Jirachi|36/100
|cant|p2a: Jirachi|flinch
|
|-weather|RainDance|[upkeep]
|-heal|p2a: Jirachi|42/100|[from] item: Leftovers
|upkeep
|turn|17
|
|move|p1a: Jirachi|Iron Head|p2a: Jirachi
|-resisted|p2a: Jirachi
|-damage|p2a: Jirachi|28/100
|move|p2a: Jirachi|U-turn|p1a: Jirachi
|-damage|p1a: Jirachi|0 fnt
|faint|p1a: Jirachi
|
|switch|p2a: Landorus|Landorus-Therian, M|100/100
|-damage|p2a: Landorus|88/100|[from] Stealth Rock
|
|-weather|RainDance|[upkeep]
|upkeep
|
|switch|p1a: Politoed|Politoed, F|37/100 brn
|-damage|p1a: Politoed|24/100 brn|[from] Stealth Rock
|turn|18
|
|move|p2a: Landorus|Stone Edge|p1a: Politoed
|-damage|p1a: Politoed|0 fnt
|faint|p1a: Politoed
|
|-weather|RainDance|[upkeep]
|upkeep
|
|switch|p1a: Tentacruel|Tentacruel, M|20/100
|-damage|p1a: Tentacruel|7/100|[from] Stealth Rock
|turn|19
|
|move|p2a: Landorus|Stone Edge|p1a: Tentacruel
|-damage|p1a: Tentacruel|0 fnt
|faint|p1a: Tentacruel
|
|-weather|RainDance|[upkeep]
|upkeep
|
|switch|p1a: Thundurus|Thundurus-Therian, M|100/100
|-damage|p1a: Thundurus|76/100|[from] Stealth Rock
|turn|20
|
|move|p2a: Landorus|Stone Edge|p1a: Thundurus
|-supereffective|p1a: Thundurus
|-crit|p1a: Thundurus
|-damage|p1a: Thundurus|0 fnt
|faint|p1a: Thundurus
|
|win|PStargazer
|raw|Moth fantall.'s rating: 1484 &rarr; <strong>1462</strong><br />(-22 for losing)
|raw|PStargazer's rating: 1438 &rarr; <strong>1461</strong><br />(+23 for winning)
|c|☆Moth fantall.|nice hax
|l|☆Moth fantall.
