|j|☆mello ss
|j|☆ChrisCross1990
|t:|1744060254
|gametype|singles
|player|p1|mello ss|psychic-gen2|1474
|player|p2|ChrisCross1990|1|1417
|teamsize|p1|6
|teamsize|p2|6
|gen|5
|tier|[Gen 5] OU
|rated|
|rule|Species Clause: Limit one of each Pokémon
|rule|OHKO Clause: OHKO moves are banned
|rule|Moody Clause: Moody is banned
|rule|Evasion Items Clause: Evasion items are banned
|rule|Evasion Moves Clause: Evasion moves are banned
|rule|Endless Battle Clause: Forcing endless battles is banned
|rule|HP Percentage Mod: HP is shown in percentages
|rule|Evasion Abilities Clause: Evasion abilities are banned
|rule|Sleep Moves Clause: Sleep-inducing moves are banned
|rule|Swagger Clause: Swagger is banned
|rule|Baton Pass Stat Clause: No Baton Passer may have a way to boost its stats
|clearpoke
|poke|p1|Keldeo|item
|poke|p1|Jirachi|item
|poke|p1|Excadrill, F|item
|poke|p1|Dragonite, M|item
|poke|p1|Celebi|item
|poke|p1|Weavile, F|item
|poke|p2|Landorus-Therian, M|item
|poke|p2|Metagross|item
|poke|p2|Celebi|item
|poke|p2|Conkeldurr, F|item
|poke|p2|Donphan, M|item
|poke|p2|Jirachi|item
|teampreview
|inactive|Battle timer is ON: inactive players will automatically lose when time's up. (requested by ChrisCross1990)
|
|t:|1744060267
|start
|switch|p1a: Jirachi|Jirachi, shiny|100/100
|switch|p2a: Conkeldurr|Conkeldurr, F|100/100
|turn|1
|
|t:|1744060278
|move|p1a: Jirachi|Iron Head|p2a: Conkeldurr
|-damage|p2a: Conkeldurr|76/100
|cant|p2a: Conkeldurr|flinch
|
|-heal|p2a: Conkeldurr|82/100|[from] item: Leftovers
|upkeep
|turn|2
|
|t:|1744060285
|move|p1a: Jirachi|Iron Head|p2a: Conkeldurr
|-damage|p2a: Conkeldurr|57/100
|cant|p2a: Conkeldurr|flinch
|
|-heal|p2a: Conkeldurr|63/100|[from] item: Leftovers
|upkeep
|turn|3
|
|t:|1744060293
|move|p1a: Jirachi|Iron Head|p2a: Conkeldurr
|-damage|p2a: Conkeldurr|38/100
|move|p2a: Conkeldurr|Drain Punch|p1a: Jirachi
|-damage|p1a: Jirachi|57/100
|-heal|p2a: Conkeldurr|58/100|[from] drain|[of] p1a: Jirachi
|
|-heal|p2a: Conkeldurr|65/100|[from] item: Leftovers
|upkeep
|turn|4
|
|t:|1744060314
|switch|p2a: Metagross|Metagross|100/100
|move|p1a: Jirachi|Iron Head|p2a: Metagross
|-resisted|p2a: Metagross
|-damage|p2a: Metagross|89/100
|
|upkeep
|turn|5
|inactive|ChrisCross1990 has 120 seconds left.
|
|t:|1744060341
|move|p2a: Metagross|Ice Punch|p1a: Jirachi
|-resisted|p1a: Jirachi
|-damage|p1a: Jirachi|45/100
|move|p1a: Jirachi|Hidden Power|p2a: Metagross
|-supereffective|p2a: Metagross
|-damage|p2a: Metagross|49/100
|
|upkeep
|turn|6
|inactive|ChrisCross1990 has 120 seconds left.
|
|t:|1744060360
|switch|p2a: Landorus|Landorus-Therian, M|100/100
|-ability|p2a: Landorus|Intimidate|boost
|-unboost|p1a: Jirachi|atk|1
|move|p1a: Jirachi|Energy Ball|p2a: Landorus
|-damage|p2a: Landorus|74/100
|
|-heal|p2a: Landorus|80/100|[from] item: Leftovers
|upkeep
|turn|7
|
|t:|1744060373
|move|p1a: Jirachi|Icy Wind|p2a: Landorus
|-supereffective|p2a: Landorus
|-damage|p2a: Landorus|3/100
|-unboost|p2a: Landorus|spe|1
|move|p2a: Landorus|U-turn|p1a: Jirachi
|-damage|p1a: Jirachi|22/100
|
|t:|1744060390
|switch|p2a: Jirachi|Jirachi|100/100|[from] U-turn
|
|upkeep
|turn|8
|
|t:|1744060394
|move|p1a: Jirachi|Hidden Power|p2a: Jirachi
|-supereffective|p2a: Jirachi
|-damage|p2a: Jirachi|69/100
|move|p2a: Jirachi|Substitute|p2a: Jirachi
|-start|p2a: Jirachi|Substitute
|-damage|p2a: Jirachi|44/100
|
|-heal|p2a: Jirachi|50/100|[from] item: Leftovers
|upkeep
|turn|9
|
|t:|1744060405
|move|p1a: Jirachi|Hidden Power|p2a: Jirachi
|-supereffective|p2a: Jirachi
|-end|p2a: Jirachi|Substitute
|move|p2a: Jirachi|Thunderbolt|p1a: Jirachi
|-damage|p1a: Jirachi|0 fnt
|faint|p1a: Jirachi
|
|-heal|p2a: Jirachi|56/100|[from] item: Leftovers
|upkeep
|
|t:|1744060413
|switch|p1a: Excadrill|Excadrill, F|100/100
|-ability|p1a: Excadrill|Mold Breaker
|turn|10
|inactive|ChrisCross1990 has 120 seconds left.
|
|t:|1744060420
|switch|p2a: Landorus|Landorus-Therian, M|3/100
|-ability|p2a: Landorus|Intimidate|boost
|-unboost|p1a: Excadrill|atk|1
|move|p1a: Excadrill|Iron Head|p2a: Landorus
|-damage|p2a: Landorus|0 fnt
|faint|p2a: Landorus
|
|upkeep
|inactive|ChrisCross1990 has 120 seconds left.
|
|t:|1744060429
|switch|p2a: Conkeldurr|Conkeldurr, F|65/100
|turn|11
|
|t:|1744060435
|switch|p1a: Dragonite|Dragonite, M|100/100
|move|p2a: Conkeldurr|Drain Punch|p1a: Dragonite
|-resisted|p1a: Dragonite
|-damage|p1a: Dragonite|86/100
|-heal|p2a: Conkeldurr|70/100|[from] drain|[of] p1a: Dragonite
|
|-heal|p2a: Conkeldurr|76/100|[from] item: Leftovers
|upkeep
|turn|12
|
|t:|1744060445
|move|p1a: Dragonite|Outrage|p2a: Conkeldurr
|-damage|p2a: Conkeldurr|0 fnt
|faint|p2a: Conkeldurr
|
|upkeep
|inactive|ChrisCross1990 has 120 seconds left.
|
|t:|1744060464
|switch|p2a: Metagross|Metagross|49/100
|turn|13
|
|t:|1744060468
|move|p2a: Metagross|Ice Punch|p1a: Dragonite
|-supereffective|p1a: Dragonite
|-damage|p1a: Dragonite|0 fnt
|faint|p1a: Dragonite
|
|upkeep
|
|t:|1744060471
|switch|p1a: Weavile|Weavile, F|100/100
|turn|14
|
|t:|1744060483
|switch|p2a: Donphan|Donphan, M|100/100
|move|p1a: Weavile|Swords Dance|p1a: Weavile
|-boost|p1a: Weavile|atk|2
|
|upkeep
|turn|15
|
|t:|1744060489
|move|p1a: Weavile|Ice Shard|p2a: Donphan
|-supereffective|p2a: Donphan
|-damage|p2a: Donphan|44/100
|move|p2a: Donphan|Rock Slide|p1a: Weavile
|-supereffective|p1a: Weavile
|-damage|p1a: Weavile|12/100
|
|-heal|p2a: Donphan|50/100|[from] item: Leftovers
|upkeep
|turn|16
|
|t:|1744060515
|switch|p2a: Metagross|Metagross|49/100
|move|p1a: Weavile|Ice Shard|p2a: Metagross
|-resisted|p2a: Metagross
|-damage|p2a: Metagross|32/100
|
|upkeep
|turn|17
|inactive|mello ss has 120 seconds left.
|
|t:|1744060548
|move|p1a: Weavile|Ice Shard|p2a: Metagross
|-resisted|p2a: Metagross
|-damage|p2a: Metagross|14/100
|move|p2a: Metagross|Earthquake|p1a: Weavile
|-damage|p1a: Weavile|0 fnt
|faint|p1a: Weavile
|
|upkeep
|
|t:|1744060550
|switch|p1a: Celebi|Celebi|100/100
|turn|18
|
|t:|1744060568
|switch|p2a: Jirachi|Jirachi|56/100
|move|p1a: Celebi|Swords Dance|p1a: Celebi
|-boost|p1a: Celebi|atk|2
|
|-heal|p2a: Jirachi|62/100|[from] item: Leftovers
|upkeep
|turn|19
|inactive|ChrisCross1990 has 120 seconds left.
|
|t:|1744060587
|move|p1a: Celebi|Seed Bomb|p2a: Jirachi
|-resisted|p2a: Jirachi
|-damage|p2a: Jirachi|25/100
|-damage|p1a: Celebi|91/100|[from] item: Life Orb
|move|p2a: Jirachi|Icy Wind|p1a: Celebi
|-supereffective|p1a: Celebi
|-damage|p1a: Celebi|58/100
|-unboost|p1a: Celebi|spe|1
|
|-heal|p2a: Jirachi|31/100|[from] item: Leftovers
|upkeep
|turn|20
|inactive|ChrisCross1990 has 120 seconds left.
|
|t:|1744060626
|move|p1a: Celebi|Sucker Punch|p2a: Jirachi
|-damage|p2a: Jirachi|0 fnt
|faint|p2a: Jirachi
|-damage|p1a: Celebi|49/100|[from] item: Life Orb
|
|upkeep
|inactive|ChrisCross1990 has 90 seconds left.
|
|t:|1744060646
|switch|p2a: Celebi|Celebi|100/100
|turn|21
|
|t:|1744060651
|switch|p1a: Excadrill|Excadrill, F|100/100
|-ability|p1a: Excadrill|Mold Breaker
|move|p2a: Celebi|Thunder Wave|p1a: Excadrill
|-immune|p1a: Excadrill
|
|upkeep
|turn|22
|inactive|ChrisCross1990 has 90 seconds left.
|
|t:|1744060661
|move|p1a: Excadrill|Iron Head|p2a: Celebi
|-damage|p2a: Celebi|67/100
|move|p2a: Celebi|Stealth Rock|p1a: Excadrill
|-sidestart|p1: mello ss|move: Stealth Rock
|
|-heal|p2a: Celebi|73/100|[from] item: Leftovers
|upkeep
|turn|23
|
|t:|1744060670
|move|p1a: Excadrill|Iron Head|p2a: Celebi
|-damage|p2a: Celebi|36/100
|move|p2a: Celebi|Giga Drain|p1a: Excadrill
|-crit|p1a: Excadrill
|-damage|p1a: Excadrill|32/100
|-heal|p2a: Celebi|68/100|[from] drain|[of] p1a: Excadrill
|
|-heal|p2a: Celebi|74/100|[from] item: Leftovers
|upkeep
|turn|24
|c|☆mello ss|lol
|
|t:|1744060681
|move|p1a: Excadrill|Iron Head|p2a: Celebi
|-damage|p2a: Celebi|37/100
|move|p2a: Celebi|Giga Drain|p1a: Excadrill
|-damage|p1a: Excadrill|0 fnt
|-heal|p2a: Celebi|51/100|[from] drain|[of] p1a: Excadrill
|faint|p1a: Excadrill
|
|-heal|p2a: Celebi|57/100|[from] item: Leftovers
|upkeep
|
|t:|1744060686
|switch|p1a: Celebi|Celebi|49/100
|-damage|p1a: Celebi|36/100|[from] Stealth Rock
|turn|25
|
|t:|1744060695
|move|p1a: Celebi|Swords Dance|p1a: Celebi
|-boost|p1a: Celebi|atk|2
|move|p2a: Celebi|Thunder Wave|p1a: Celebi
|-status|p1a: Celebi|par
|
|-heal|p2a: Celebi|63/100|[from] item: Leftovers
|upkeep
|turn|26
|inactive|ChrisCross1990 has 90 seconds left.
|
|t:|1744060723
|switch|p2a: Donphan|Donphan, M|50/100
|move|p1a: Celebi|Seed Bomb|p2a: Donphan
|-supereffective|p2a: Donphan
|-damage|p2a: Donphan|0 fnt
|faint|p2a: Donphan
|-damage|p1a: Celebi|27/100 par|[from] item: Life Orb
|
|upkeep
|inactive|ChrisCross1990 has 90 seconds left.
|
|t:|1744060740
|switch|p2a: Metagross|Metagross|14/100
|turn|27
|
|t:|1744060744
|move|p1a: Celebi|Sucker Punch|p2a: Metagross
|-damage|p2a: Metagross|0 fnt
|faint|p2a: Metagross
|-damage|p1a: Celebi|17/100 par|[from] item: Life Orb
|
|upkeep
|inactive|ChrisCross1990 has 90 seconds left.
|
|t:|1744060750
|switch|p2a: Celebi|Celebi|63/100
|turn|28
|
|t:|1744060757
|move|p1a: Celebi|Sucker Punch||[still]
|-fail|p1a: Celebi
|move|p2a: Celebi|Stealth Rock||[still]
|-fail|p2a: Celebi
|
|-heal|p2a: Celebi|69/100|[from] item: Leftovers
|upkeep
|turn|29
|
|t:|1744060765
|move|p2a: Celebi|Stealth Rock||[still]
|-fail|p2a: Celebi
|move|p1a: Celebi|Seed Bomb|p2a: Celebi
|-resisted|p2a: Celebi
|-crit|p2a: Celebi
|-damage|p2a: Celebi|0 fnt
|faint|p2a: Celebi
|-damage|p1a: Celebi|7/100 par|[from] item: Life Orb
|
|win|mello ss
|raw|mello ss's rating: 1474 &rarr; <strong>1491</strong><br />(+17 for winning)
|raw|ChrisCross1990's rating: 1417 &rarr; <strong>1400</strong><br />(-17 for losing)
