|raw|<div class="broadcast-red"><strong>This battle is invite-only!</strong><br />Users must be rank + or invited with <code>/invite</code> to join</div>
|j|☆chacho bratt
|j|☆refsunpersons
|player|p1|chacho bratt|266
|player|p2|refsunpersons|123
|teamsize|p1|6
|teamsize|p2|6
|gametype|singles
|gen|5
|tier|[Gen 5] OU
|rated|
|rule|Sleep Clause Mod: Limit one foe put to sleep
|rule|Species Clause: Limit one of each Pokémon
|rule|OHKO Clause: OHKO moves are banned
|rule|Moody Clause: Moody is banned
|rule|Evasion Moves Clause: Evasion moves are banned
|rule|Endless Battle Clause: Forcing endless battles is banned
|rule|HP Percentage Mod: HP is shown in percentages
|rule|Evasion Abilities Clause: Evasion abilities are banned
|rule|Baton Pass Clause: Limit one Baton Passer, can't pass Spe and other stats simultaneously
|rule|Swagger Clause: Swagger is banned
|clearpoke
|poke|p1|Rotom-Wash|item
|poke|p1|Skarmory, M|item
|poke|p1|Gliscor, M|item
|poke|p1|Alakazam, M|item
|poke|p1|Tyranitar, M|item
|poke|p1|Amoonguss, M|item
|poke|p2|Donphan, M|item
|poke|p2|Jirachi|item
|poke|p2|Latios, M|item
|poke|p2|Ninetales, M|item
|poke|p2|Volcarona, F|item
|poke|p2|Porygon2|item
|teampreview
|c|☆refsunpersons|gl hf
|c|☆chacho bratt|hf
|inactive|Battle timer is ON: inactive players will automatically lose when time's up. (requested by chacho bratt)
|
|start
|switch|p1a: Rotom|Rotom-Wash|100/100
|switch|p2a: Donphan|Donphan, M|100/100
|turn|1
|
|move|p1a: Rotom|Hydro Pump|p2a: Donphan|[miss]
|-miss|p1a: Rotom|p2a: Donphan
|move|p2a: Donphan|Stealth Rock|p1a: Rotom
|-sidestart|p1: chacho bratt|move: Stealth Rock
|
|upkeep
|turn|2
|
|switch|p2a: Latios|Latios, M|100/100
|move|p1a: Rotom|Hydro Pump|p2a: Latios
|-resisted|p2a: Latios
|-damage|p2a: Latios|74/100
|
|upkeep
|turn|3
|
|move|p2a: Latios|Draco Meteor|p1a: Rotom
|-damage|p1a: Rotom|31/100
|-unboost|p2a: Latios|spa|2
|-damage|p2a: Latios|64/100|[from] item: Life Orb
|move|p1a: Rotom|Volt Switch|p2a: Latios
|-resisted|p2a: Latios
|-crit|p2a: Latios
|-damage|p2a: Latios|31/100
|
|switch|p1a: Tyranitar|Tyranitar, M|100/100
|-damage|p1a: Tyranitar|88/100|[from] Stealth Rock
|-weather|Sandstorm|[from] ability: Sand Stream|[of] p1a: Tyranitar
|
|-weather|Sandstorm|[upkeep]
|-damage|p2a: Latios|25/100|[from] Sandstorm
|upkeep
|turn|4
|
|move|p2a: Latios|Earthquake|p1a: Tyranitar
|-supereffective|p1a: Tyranitar
|-damage|p1a: Tyranitar|44/100
|-damage|p2a: Latios|15/100|[from] item: Life Orb
|move|p1a: Tyranitar|Pursuit|p2a: Latios
|-supereffective|p2a: Latios
|-damage|p2a: Latios|0 fnt
|faint|p2a: Latios
|
|-weather|Sandstorm|[upkeep]
|upkeep
|
|switch|p2a: Jirachi|Jirachi|100/100
|turn|5
|
|switch|p1a: Skarmory|Skarmory, M|100/100
|-damage|p1a: Skarmory|88/100|[from] Stealth Rock
|move|p2a: Jirachi|Flash Cannon|p1a: Skarmory
|-resisted|p1a: Skarmory
|-damage|p1a: Skarmory|63/100
|-unboost|p1a: Skarmory|spd|1
|
|-weather|Sandstorm|[upkeep]
|upkeep
|turn|6
|
|switch|p1a: Amoonguss|Amoonguss, M|100/100
|-damage|p1a: Amoonguss|88/100|[from] Stealth Rock
|move|p2a: Jirachi|Calm Mind|p2a: Jirachi
|-boost|p2a: Jirachi|spa|1
|-boost|p2a: Jirachi|spd|1
|
|-weather|Sandstorm|[upkeep]
|-damage|p1a: Amoonguss|82/100|[from] Sandstorm
|-heal|p1a: Amoonguss|88/100|[from] item: Black Sludge
|upkeep
|turn|7
|
|move|p2a: Jirachi|Flash Cannon|p1a: Amoonguss
|-damage|p1a: Amoonguss|52/100
|move|p1a: Amoonguss|Spore|p2a: Jirachi
|-status|p2a: Jirachi|slp
|
|-weather|Sandstorm|[upkeep]
|-damage|p1a: Amoonguss|46/100|[from] Sandstorm
|-heal|p1a: Amoonguss|52/100|[from] item: Black Sludge
|upkeep
|turn|8
|
|switch|p1a: Gliscor|Gliscor, M|100/100
|-damage|p1a: Gliscor|88/100|[from] Stealth Rock
|cant|p2a: Jirachi|slp
|
|-weather|Sandstorm|[upkeep]
|-status|p1a: Gliscor|tox|[from] item: Toxic Orb
|upkeep
|turn|9
|
|cant|p2a: Jirachi|slp
|move|p1a: Gliscor|Ice Fang|p2a: Jirachi
|-resisted|p2a: Jirachi
|-damage|p2a: Jirachi|93/100 slp
|
|-weather|Sandstorm|[upkeep]
|-heal|p1a: Gliscor|100/100 tox|[from] ability: Poison Heal
|upkeep
|turn|10
|
|-curestatus|p2a: Jirachi|slp|[msg]
|move|p2a: Jirachi|Flash Cannon|p1a: Gliscor
|-damage|p1a: Gliscor|31/100 tox
|move|p1a: Gliscor|Earthquake|p2a: Jirachi
|-supereffective|p2a: Jirachi
|-damage|p2a: Jirachi|24/100
|
|-weather|Sandstorm|[upkeep]
|-heal|p1a: Gliscor|43/100 tox|[from] ability: Poison Heal
|upkeep
|turn|11
|
|switch|p2a: Ninetales|Ninetales, M|100/100
|-weather|SunnyDay|[from] ability: Drought|[of] p2a: Ninetales
|-item|p2a: Ninetales|Air Balloon
|switch|p1a: Amoonguss|Amoonguss, M|86/100
|-damage|p1a: Amoonguss|73/100|[from] Stealth Rock
|
|-weather|SunnyDay|[upkeep]
|-heal|p1a: Amoonguss|79/100|[from] item: Black Sludge
|upkeep
|turn|12
|
|switch|p1a: Rotom|Rotom-Wash|31/100
|-damage|p1a: Rotom|19/100|[from] Stealth Rock
|move|p2a: Ninetales|Sunny Day||[still]
|-fail|p2a: Ninetales
|
|-weather|SunnyDay|[upkeep]
|-heal|p1a: Rotom|25/100|[from] item: Leftovers
|upkeep
|turn|13
|
|move|p2a: Ninetales|Solar Beam||[still]
|-prepare|p2a: Ninetales|Solar Beam|p1a: Rotom
|-anim|p2a: Ninetales|Solar Beam|p1a: Rotom
|-supereffective|p1a: Rotom
|-damage|p1a: Rotom|0 fnt
|faint|p1a: Rotom
|
|-weather|SunnyDay|[upkeep]
|upkeep
|
|switch|p1a: Alakazam|Alakazam, M|100/100
|turn|14
|
|switch|p2a: Porygon2|Porygon2|100/100
|-ability|p2a: Porygon2|Magic Guard|[from] ability: Trace|[of] p1a: Alakazam
|move|p1a: Alakazam|Focus Blast|p2a: Porygon2|[miss]
|-miss|p1a: Alakazam|p2a: Porygon2
|
|-weather|SunnyDay|[upkeep]
|upkeep
|turn|15
|
|switch|p1a: Amoonguss|Amoonguss, M|100/100
|-damage|p1a: Amoonguss|88/100|[from] Stealth Rock
|switch|p2a: Jirachi|Jirachi|24/100
|
|-weather|SunnyDay|[upkeep]
|-heal|p1a: Amoonguss|94/100|[from] item: Black Sludge
|upkeep
|turn|16
|
|move|p2a: Jirachi|Thunder|p1a: Amoonguss
|-resisted|p1a: Amoonguss
|-damage|p1a: Amoonguss|81/100
|move|p1a: Amoonguss|Spore|p2a: Jirachi
|-status|p2a: Jirachi|slp
|
|-weather|SunnyDay|[upkeep]
|-heal|p1a: Amoonguss|87/100|[from] item: Black Sludge
|upkeep
|turn|17
|
|switch|p2a: Volcarona|Volcarona, F|100/100
|switch|p1a: Alakazam|Alakazam, M|100/100
|
|-weather|SunnyDay|[upkeep]
|upkeep
|turn|18
|
|switch|p2a: Porygon2|Porygon2|100/100
|-ability|p2a: Porygon2|Magic Guard|[from] ability: Trace|[of] p1a: Alakazam
|move|p1a: Alakazam|Psychic|p2a: Porygon2
|-damage|p2a: Porygon2|72/100
|
|-weather|SunnyDay|[upkeep]
|upkeep
|turn|19
|
|switch|p1a: Amoonguss|Amoonguss, M|100/100
|-damage|p1a: Amoonguss|88/100|[from] Stealth Rock
|switch|p2a: Volcarona|Volcarona, F|100/100
|
|-weather|SunnyDay|[upkeep]
|-heal|p1a: Amoonguss|94/100|[from] item: Black Sludge
|upkeep
|turn|20
|
|move|p2a: Volcarona|Quiver Dance|p2a: Volcarona
|-boost|p2a: Volcarona|spa|1
|-boost|p2a: Volcarona|spd|1
|-boost|p2a: Volcarona|spe|1
|move|p1a: Amoonguss|Stun Spore|p2a: Volcarona
|-status|p2a: Volcarona|par
|
|-weather|SunnyDay|[upkeep]
|-heal|p1a: Amoonguss|100/100|[from] item: Black Sludge
|upkeep
|turn|21
|
|switch|p1a: Skarmory|Skarmory, M|63/100
|-damage|p1a: Skarmory|51/100|[from] Stealth Rock
|move|p2a: Volcarona|Bug Buzz|p1a: Skarmory
|-resisted|p1a: Skarmory
|-damage|p1a: Skarmory|25/100
|-unboost|p1a: Skarmory|spd|1
|
|-weather|SunnyDay|[upkeep]
|upkeep
|turn|22
|
|move|p1a: Skarmory|Brave Bird|p2a: Volcarona
|-supereffective|p2a: Volcarona
|-damage|p2a: Volcarona|27/100 par
|-damage|p1a: Skarmory|1/100|[from] Recoil
|cant|p2a: Volcarona|par
|
|-weather|SunnyDay|[upkeep]
|upkeep
|turn|23
|
|switch|p2a: Donphan|Donphan, M|100/100
|move|p1a: Skarmory|Roost|p1a: Skarmory
|-heal|p1a: Skarmory|51/100
|
|-weather|SunnyDay|[upkeep]
|upkeep
|turn|24
|
|switch|p2a: Ninetales|Ninetales, M|100/100
|-item|p2a: Ninetales|Air Balloon
|move|p1a: Skarmory|Roost|p1a: Skarmory
|-heal|p1a: Skarmory|100/100
|
|-weather|SunnyDay|[upkeep]
|upkeep
|turn|25
|
|move|p2a: Ninetales|Sunny Day||[still]
|-fail|p2a: Ninetales
|move|p1a: Skarmory|Brave Bird|p2a: Ninetales
|-damage|p2a: Ninetales|54/100
|-enditem|p2a: Ninetales|Air Balloon
|-damage|p1a: Skarmory|86/100|[from] Recoil
|
|-weather|SunnyDay|[upkeep]
|upkeep
|turn|26
|
|switch|p1a: Tyranitar|Tyranitar, M|44/100
|-damage|p1a: Tyranitar|31/100|[from] Stealth Rock
|-weather|Sandstorm|[from] ability: Sand Stream|[of] p1a: Tyranitar
|move|p2a: Ninetales|Fire Blast|p1a: Tyranitar
|-resisted|p1a: Tyranitar
|-damage|p1a: Tyranitar|22/100
|
|-weather|Sandstorm|[upkeep]
|-damage|p2a: Ninetales|48/100|[from] Sandstorm
|upkeep
|turn|27
|
|move|p2a: Ninetales|Solar Beam||[still]
|-prepare|p2a: Ninetales|Solar Beam|p1a: Tyranitar
|move|p1a: Tyranitar|Pursuit|p2a: Ninetales
|-damage|p2a: Ninetales|19/100
|
|-weather|Sandstorm|[upkeep]
|-damage|p2a: Ninetales|13/100|[from] Sandstorm
|upkeep
|turn|28
|
|switch|p1a: Gliscor|Gliscor, M|43/100 tox
|-damage|p1a: Gliscor|31/100 tox|[from] Stealth Rock
|move|p2a: Ninetales|Solar Beam|p1a: Gliscor|[from]lockedmove
|-damage|p1a: Gliscor|11/100 tox
|
|-weather|Sandstorm|[upkeep]
|-damage|p2a: Ninetales|7/100|[from] Sandstorm
|-heal|p1a: Gliscor|23/100 tox|[from] ability: Poison Heal
|upkeep
|turn|29
|
|switch|p2a: Porygon2|Porygon2|72/100
|-ability|p2a: Porygon2|Poison Heal|[from] ability: Trace|[of] p1a: Gliscor
|move|p1a: Gliscor|Earthquake|p2a: Porygon2
|-damage|p2a: Porygon2|50/100
|
|-weather|Sandstorm|[upkeep]
|-damage|p2a: Porygon2|44/100|[from] Sandstorm
|-heal|p1a: Gliscor|36/100 tox|[from] ability: Poison Heal
|upkeep
|turn|30
|
|move|p1a: Gliscor|Taunt|p2a: Porygon2
|-start|p2a: Porygon2|move: Taunt
|cant|p2a: Porygon2|move: Taunt|Recover
|
|-weather|Sandstorm|[upkeep]
|-damage|p2a: Porygon2|37/100|[from] Sandstorm
|-heal|p1a: Gliscor|48/100 tox|[from] ability: Poison Heal
|upkeep
|turn|31
|
|move|p1a: Gliscor|Earthquake|p2a: Porygon2
|-crit|p2a: Porygon2
|-damage|p2a: Porygon2|0 fnt
|faint|p2a: Porygon2
|
|-weather|Sandstorm|[upkeep]
|-heal|p1a: Gliscor|61/100 tox|[from] ability: Poison Heal
|upkeep
|
|switch|p2a: Ninetales|Ninetales, M|7/100
|-weather|SunnyDay|[from] ability: Drought|[of] p2a: Ninetales
|turn|32
|
|move|p1a: Gliscor|Protect|p1a: Gliscor
|-singleturn|p1a: Gliscor|Protect
|move|p2a: Ninetales|Fire Blast|p1a: Gliscor
|-activate|p1a: Gliscor|move: Protect
|
|-weather|SunnyDay|[upkeep]
|-heal|p1a: Gliscor|73/100 tox|[from] ability: Poison Heal
|upkeep
|turn|33
|
|move|p2a: Ninetales|Fire Blast|p1a: Gliscor
|-damage|p1a: Gliscor|0 fnt
|faint|p1a: Gliscor
|
|-weather|SunnyDay|[upkeep]
|upkeep
|
|switch|p1a: Tyranitar|Tyranitar, M|22/100
|-damage|p1a: Tyranitar|9/100|[from] Stealth Rock
|-weather|Sandstorm|[from] ability: Sand Stream|[of] p1a: Tyranitar
|turn|34
|
|move|p2a: Ninetales|Fire Blast|p1a: Tyranitar
|-resisted|p1a: Tyranitar
|-damage|p1a: Tyranitar|0 fnt
|faint|p1a: Tyranitar
|
|-weather|Sandstorm|[upkeep]
|-damage|p2a: Ninetales|1/100|[from] Sandstorm
|upkeep
|
|switch|p1a: Alakazam|Alakazam, M|100/100
|turn|35
|
|switch|p2a: Jirachi|Jirachi|24/100 slp
|move|p1a: Alakazam|Psychic|p2a: Jirachi
|-resisted|p2a: Jirachi
|-damage|p2a: Jirachi|9/100 slp
|-unboost|p2a: Jirachi|spd|1
|
|-weather|Sandstorm|[upkeep]
|upkeep
|turn|36
|
|move|p1a: Alakazam|Substitute|p1a: Alakazam
|-start|p1a: Alakazam|Substitute
|-damage|p1a: Alakazam|76/100
|cant|p2a: Jirachi|slp
|
|-weather|Sandstorm|[upkeep]
|upkeep
|turn|37
|
|move|p1a: Alakazam|Psychic|p2a: Jirachi
|-resisted|p2a: Jirachi
|-damage|p2a: Jirachi|0 fnt
|faint|p2a: Jirachi
|
|-weather|Sandstorm|[upkeep]
|upkeep
|
|switch|p2a: Donphan|Donphan, M|100/100
|turn|38
|
|move|p1a: Alakazam|Psychic|p2a: Donphan
|-damage|p2a: Donphan|10/100
|move|p2a: Donphan|Earthquake|p1a: Alakazam
|-end|p1a: Alakazam|Substitute
|
|-weather|Sandstorm|[upkeep]
|-heal|p2a: Donphan|16/100|[from] item: Leftovers
|upkeep
|turn|39
|
|move|p2a: Donphan|Ice Shard|p1a: Alakazam
|-damage|p1a: Alakazam|50/100
|move|p1a: Alakazam|Psychic|p2a: Donphan
|-damage|p2a: Donphan|0 fnt
|faint|p2a: Donphan
|
|-weather|Sandstorm|[upkeep]
|upkeep
|c|☆chacho bratt|lmao
|c|☆chacho bratt|gg
|
|switch|p2a: Volcarona|Volcarona, F|27/100 par
|turn|40
|c|☆refsunpersons|gg
|
|move|p1a: Alakazam|Psychic|p2a: Volcarona
|-damage|p2a: Volcarona|0 fnt
|faint|p2a: Volcarona
|
|-weather|Sandstorm|[upkeep]
|upkeep
|
|switch|p2a: Ninetales|Ninetales, M|1/100
|-weather|SunnyDay|[from] ability: Drought|[of] p2a: Ninetales
|turn|41
|c|☆chacho bratt|luck didn't help you
|c|☆refsunpersons|No, I could have played this better.
|
|move|p1a: Alakazam|Psychic|p2a: Ninetales
|-damage|p2a: Ninetales|0 fnt
|faint|p2a: Ninetales
|
|win|chacho bratt
|l|☆refsunpersons
|raw|chacho bratt's rating: 1321 &rarr; <strong>1346</strong><br />(+25 for winning)
|raw|refsunpersons's rating: 1414 &rarr; <strong>1389</strong><br />(-25 for losing)
|c|☆chacho bratt|/log chacho bratt made this room public.
