|j|☆Clawdia Chauchat
|j|☆XaviBun
|t:|1717439130
|gametype|singles
|player|p1|Clawdia Chauchat|winona|1354
|player|p2|XaviBun|youngcouple-gen4dp|1311
|teamsize|p1|6
|teamsize|p2|6
|gen|5
|tier|[Gen 5] OU
|rated|
|rule|Species Clause: Limit one of each Pokémon
|rule|OHKO Clause: OHKO moves are banned
|rule|Moody Clause: Moody is banned
|rule|Evasion Items Clause: Evasion items are banned
|rule|Evasion Moves Clause: Evasion moves are banned
|rule|Endless Battle Clause: Forcing endless battles is banned
|rule|HP Percentage Mod: HP is shown in percentages
|rule|Evasion Abilities Clause: Evasion abilities are banned
|rule|Sleep Moves Clause: Sleep-inducing moves are banned
|rule|Swagger Clause: Swagger is banned
|rule|Baton Pass Stat Clause: No Baton Passer may have a way to boost its stats
|clearpoke
|poke|p1|Tyranitar, M|item
|poke|p1|Celebi|item
|poke|p1|Gliscor, M|item
|poke|p1|Excadrill, M|item
|poke|p1|Jirachi|item
|poke|p1|Ferrothorn, F|item
|poke|p2|Politoed, F|item
|poke|p2|Ferrothorn, F|item
|poke|p2|Tentacruel, M|item
|poke|p2|Latios, M|item
|poke|p2|Thundurus-Therian, M|item
|poke|p2|Reuniclus, F|item
|teampreview
|inactive|Battle timer is ON: inactive players will automatically lose when time's up. (requested by XaviBun)
|inactive|Clawdia Chauchat has 120 seconds left.
|
|t:|1717439162
|start
|switch|p1a: Tyranitar|Tyranitar, M|100/100
|switch|p2a: Ferrothorn|Ferrothorn, F|100/100
|-weather|Sandstorm|[from] ability: Sand Stream|[of] p1a: Tyranitar
|turn|1
|
|t:|1717439170
|switch|p1a: Excadrill|Excadrill, M|100/100
|move|p2a: Ferrothorn|Knock Off|p1a: Excadrill
|-resisted|p1a: Excadrill
|-damage|p1a: Excadrill|97/100
|-enditem|p1a: Excadrill|Leftovers|[from] move: Knock Off|[of] p2a: Ferrothorn
|
|-weather|Sandstorm|[upkeep]
|upkeep
|turn|2
|
|t:|1717439183
|switch|p2a: Politoed|Politoed, F|100/100
|-weather|RainDance|[from] ability: Drizzle|[of] p2a: Politoed
|move|p1a: Excadrill|Swords Dance|p1a: Excadrill
|-boost|p1a: Excadrill|atk|2
|
|-weather|RainDance|[upkeep]
|upkeep
|turn|3
|
|t:|1717439190
|move|p1a: Excadrill|Earthquake|p2a: Politoed
|-damage|p2a: Politoed|9/100
|move|p2a: Politoed|Scald|p1a: Excadrill
|-supereffective|p1a: Excadrill
|-damage|p1a: Excadrill|2/100
|
|-weather|RainDance|[upkeep]
|-heal|p2a: Politoed|15/100|[from] item: Leftovers
|upkeep
|turn|4
|
|t:|1717439205
|switch|p2a: Thundurus|Thundurus-Therian, M|100/100
|move|p1a: Excadrill|Iron Head|p2a: Thundurus
|-resisted|p2a: Thundurus
|-crit|p2a: Thundurus
|-damage|p2a: Thundurus|0 fnt
|faint|p2a: Thundurus
|
|-weather|RainDance|[upkeep]
|upkeep
|
|t:|1717439213
|switch|p2a: Tentacruel|Tentacruel, M|100/100
|turn|5
|
|t:|1717439237
|move|p2a: Tentacruel|Scald|p1a: Excadrill
|-supereffective|p1a: Excadrill
|-damage|p1a: Excadrill|0 fnt
|faint|p1a: Excadrill
|
|-weather|RainDance|[upkeep]
|upkeep
|
|t:|1717439245
|switch|p1a: Celebi|Celebi|100/100
|turn|6
|
|t:|1717439263
|switch|p2a: Ferrothorn|Ferrothorn, F|100/100
|move|p1a: Celebi|Thunder Wave|p2a: Ferrothorn
|-status|p2a: Ferrothorn|par
|
|-weather|RainDance|[upkeep]
|upkeep
|turn|7
|inactive|Clawdia Chauchat has 120 seconds left.
|
|t:|1717439308
|move|p1a: Celebi|Baton Pass|p1a: Celebi
|
|t:|1717439312
|switch|p1a: Ferrothorn|Ferrothorn, F|100/100|[from] Baton Pass
|move|p2a: Ferrothorn|Stealth Rock|p1a: Ferrothorn
|-sidestart|p1: Clawdia Chauchat|move: Stealth Rock
|
|-weather|RainDance|[upkeep]
|upkeep
|turn|8
|
|t:|1717439319
|move|p1a: Ferrothorn|Spikes|p2a: Ferrothorn
|-sidestart|p2: XaviBun|Spikes
|move|p2a: Ferrothorn|Knock Off|p1a: Ferrothorn
|-resisted|p1a: Ferrothorn
|-damage|p1a: Ferrothorn|99/100
|-damage|p2a: Ferrothorn|88/100 par|[from] ability: Iron Barbs|[of] p1a: Ferrothorn
|-enditem|p1a: Ferrothorn|Leftovers|[from] move: Knock Off|[of] p2a: Ferrothorn
|
|-weather|RainDance|[upkeep]
|-heal|p2a: Ferrothorn|94/100 par|[from] item: Leftovers
|upkeep
|turn|9
|inactive|Clawdia Chauchat has 120 seconds left.
|
|t:|1717439362
|move|p1a: Ferrothorn|Spikes|p2a: Ferrothorn
|-sidestart|p2: XaviBun|Spikes
|move|p2a: Ferrothorn|Spikes|p1a: Ferrothorn
|-sidestart|p1: Clawdia Chauchat|Spikes
|
|-weather|RainDance|[upkeep]
|-heal|p2a: Ferrothorn|100/100 par|[from] item: Leftovers
|upkeep
|turn|10
|
|t:|1717439376
|switch|p1a: Tyranitar|Tyranitar, M|100/100
|-damage|p1a: Tyranitar|88/100|[from] Stealth Rock
|-damage|p1a: Tyranitar|76/100|[from] Spikes
|-weather|Sandstorm|[from] ability: Sand Stream|[of] p1a: Tyranitar
|switch|p2a: Latios|Latios, M|100/100
|
|-weather|Sandstorm|[upkeep]
|-damage|p2a: Latios|95/100|[from] Sandstorm
|upkeep
|turn|11
|inactive|Clawdia Chauchat has 90 seconds left.
|inactive|Clawdia Chauchat has 60 seconds left.
|
|t:|1717439427
|move|p2a: Latios|Trick|p1a: Tyranitar
|-activate|p2a: Latios|move: Trick|[of] p1a: Tyranitar
|-item|p1a: Tyranitar|Choice Scarf|[from] move: Trick
|-item|p2a: Latios|Chople Berry|[from] move: Trick
|move|p1a: Tyranitar|Pursuit|p2a: Latios
|-supereffective|p2a: Latios
|-damage|p2a: Latios|39/100
|
|-weather|Sandstorm|[upkeep]
|-damage|p2a: Latios|33/100|[from] Sandstorm
|upkeep
|turn|12
|
|t:|1717439437
|move|p2a: Latios|Draco Meteor|p1a: Tyranitar
|-damage|p1a: Tyranitar|43/100
|-unboost|p2a: Latios|spa|2
|move|p1a: Tyranitar|Pursuit|p2a: Latios
|-supereffective|p2a: Latios
|-damage|p2a: Latios|0 fnt
|faint|p2a: Latios
|
|-weather|Sandstorm|[upkeep]
|upkeep
|
|t:|1717439446
|switch|p2a: Tentacruel|Tentacruel, M|100/100
|-damage|p2a: Tentacruel|84/100|[from] Spikes
|turn|13
|inactive|Clawdia Chauchat has 60 seconds left.
|
|t:|1717439472
|switch|p1a: Ferrothorn|Ferrothorn, F|99/100
|-damage|p1a: Ferrothorn|93/100|[from] Stealth Rock
|-damage|p1a: Ferrothorn|81/100|[from] Spikes
|move|p2a: Tentacruel|Scald|p1a: Ferrothorn
|-resisted|p1a: Ferrothorn
|-damage|p1a: Ferrothorn|73/100
|-status|p1a: Ferrothorn|brn
|
|-weather|Sandstorm|[upkeep]
|-damage|p2a: Tentacruel|78/100|[from] Sandstorm
|-heal|p2a: Tentacruel|84/100|[from] item: Black Sludge
|-damage|p1a: Ferrothorn|61/100 brn|[from] brn
|upkeep
|turn|14
|inactive|XaviBun has 120 seconds left.
|
|t:|1717439512
|move|p2a: Tentacruel|Rapid Spin|p1a: Ferrothorn
|-resisted|p1a: Ferrothorn
|-damage|p1a: Ferrothorn|60/100 brn
|-damage|p2a: Tentacruel|72/100|[from] ability: Iron Barbs|[of] p1a: Ferrothorn
|-sideend|p2: XaviBun|Spikes|[from] move: Rapid Spin|[of] p2a: Tentacruel
|move|p1a: Ferrothorn|Leech Seed|p2a: Tentacruel
|-start|p2a: Tentacruel|move: Leech Seed
|
|-weather|Sandstorm|[upkeep]
|-damage|p2a: Tentacruel|66/100|[from] Sandstorm
|-heal|p2a: Tentacruel|72/100|[from] item: Black Sludge
|-damage|p2a: Tentacruel|59/100|[from] Leech Seed|[of] p1a: Ferrothorn
|-heal|p1a: Ferrothorn|73/100 brn|[silent]
|-damage|p1a: Ferrothorn|61/100 brn|[from] brn
|upkeep
|turn|15
|
|t:|1717439524
|switch|p2a: Politoed|Politoed, F|15/100
|-weather|RainDance|[from] ability: Drizzle|[of] p2a: Politoed
|move|p1a: Ferrothorn|Spikes|p2a: Politoed
|-sidestart|p2: XaviBun|Spikes
|
|-weather|RainDance|[upkeep]
|-heal|p2a: Politoed|21/100|[from] item: Leftovers
|-damage|p1a: Ferrothorn|48/100 brn|[from] brn
|upkeep
|turn|16
|
|t:|1717439535
|move|p2a: Politoed|Encore|p1a: Ferrothorn
|-start|p1a: Ferrothorn|Encore
|move|p1a: Ferrothorn|Spikes|p2a: Politoed
|-sidestart|p2: XaviBun|Spikes
|
|-weather|RainDance|[upkeep]
|-heal|p2a: Politoed|28/100|[from] item: Leftovers
|-damage|p1a: Ferrothorn|36/100 brn|[from] brn
|upkeep
|turn|17
|
|t:|1717439554
|switch|p1a: Tyranitar|Tyranitar, M|43/100
|-damage|p1a: Tyranitar|30/100|[from] Stealth Rock
|-damage|p1a: Tyranitar|18/100|[from] Spikes
|-weather|Sandstorm|[from] ability: Sand Stream|[of] p1a: Tyranitar
|move|p2a: Politoed|Scald|p1a: Tyranitar
|-supereffective|p1a: Tyranitar
|-damage|p1a: Tyranitar|0 fnt
|faint|p1a: Tyranitar
|
|-weather|Sandstorm|[upkeep]
|-damage|p2a: Politoed|21/100|[from] Sandstorm
|-heal|p2a: Politoed|28/100|[from] item: Leftovers
|upkeep
|
|t:|1717439557
|switch|p1a: Celebi|Celebi|100/100
|-damage|p1a: Celebi|88/100|[from] Stealth Rock
|-damage|p1a: Celebi|76/100|[from] Spikes
|turn|18
|inactive|XaviBun has 120 seconds left.
|
|t:|1717439570
|switch|p2a: Ferrothorn|Ferrothorn, F|100/100 par
|-damage|p2a: Ferrothorn|84/100 par|[from] Spikes
|move|p1a: Celebi|Thunder Wave|p2a: Ferrothorn
|-fail|p2a: Ferrothorn|par
|
|-weather|Sandstorm|[upkeep]
|-damage|p1a: Celebi|70/100|[from] Sandstorm
|-heal|p1a: Celebi|76/100|[from] item: Leftovers
|-heal|p2a: Ferrothorn|90/100 par|[from] item: Leftovers
|upkeep
|turn|19
|inactive|XaviBun has 120 seconds left.
|
|t:|1717439581
|move|p1a: Celebi|Baton Pass|p1a: Celebi
|
|t:|1717439583
|switch|p1a: Ferrothorn|Ferrothorn, F|36/100 brn|[from] Baton Pass
|-damage|p1a: Ferrothorn|30/100 brn|[from] Stealth Rock
|-damage|p1a: Ferrothorn|18/100 brn|[from] Spikes
|move|p2a: Ferrothorn|Knock Off|p1a: Ferrothorn
|-resisted|p1a: Ferrothorn
|-damage|p1a: Ferrothorn|16/100 brn
|-damage|p2a: Ferrothorn|78/100 par|[from] ability: Iron Barbs|[of] p1a: Ferrothorn
|
|-weather|Sandstorm|[upkeep]
|-heal|p2a: Ferrothorn|84/100 par|[from] item: Leftovers
|-damage|p1a: Ferrothorn|4/100 brn|[from] brn
|upkeep
|turn|20
|
|t:|1717439594
|move|p1a: Ferrothorn|Spikes|p2a: Ferrothorn
|-sidestart|p2: XaviBun|Spikes
|cant|p2a: Ferrothorn|par
|
|-weather|Sandstorm|[upkeep]
|-heal|p2a: Ferrothorn|90/100 par|[from] item: Leftovers
|-damage|p1a: Ferrothorn|0 fnt|[from] brn
|faint|p1a: Ferrothorn
|upkeep
|
|t:|1717439596
|switch|p1a: Gliscor|Gliscor, M|100/100
|-damage|p1a: Gliscor|88/100|[from] Stealth Rock
|turn|21
|
|t:|1717439605
|move|p1a: Gliscor|Stealth Rock|p2a: Ferrothorn
|-sidestart|p2: XaviBun|move: Stealth Rock
|move|p2a: Ferrothorn|Knock Off|p1a: Gliscor
|-damage|p1a: Gliscor|85/100
|-enditem|p1a: Gliscor|Toxic Orb|[from] move: Knock Off|[of] p2a: Ferrothorn
|
|-weather|Sandstorm|[upkeep]
|-heal|p2a: Ferrothorn|97/100 par|[from] item: Leftovers
|upkeep
|turn|22
|
|t:|1717439612
|move|p1a: Gliscor|Earthquake|p2a: Ferrothorn
|-crit|p2a: Ferrothorn
|-damage|p2a: Ferrothorn|42/100 par
|cant|p2a: Ferrothorn|par
|
|-weather|Sandstorm|[upkeep]
|-heal|p2a: Ferrothorn|48/100 par|[from] item: Leftovers
|upkeep
|turn|23
|
|t:|1717439619
|move|p1a: Gliscor|Earthquake|p2a: Ferrothorn
|-damage|p2a: Ferrothorn|24/100 par
|move|p2a: Ferrothorn|Spikes|p1a: Gliscor
|-sidestart|p1: Clawdia Chauchat|Spikes
|
|-weather|Sandstorm|[upkeep]
|-heal|p2a: Ferrothorn|31/100 par|[from] item: Leftovers
|upkeep
|turn|24
|
|t:|1717439625
|move|p1a: Gliscor|Earthquake|p2a: Ferrothorn
|-damage|p2a: Ferrothorn|4/100 par
|move|p2a: Ferrothorn|Spikes|p1a: Gliscor
|-sidestart|p1: Clawdia Chauchat|Spikes
|
|-weather|Sandstorm|[upkeep]
|-heal|p2a: Ferrothorn|10/100 par|[from] item: Leftovers
|upkeep
|turn|25
|
|t:|1717439631
|switch|p1a: Jirachi|Jirachi|100/100
|-damage|p1a: Jirachi|94/100|[from] Stealth Rock
|-damage|p1a: Jirachi|69/100|[from] Spikes
|move|p2a: Ferrothorn|Power Whip|p1a: Jirachi
|-resisted|p1a: Jirachi
|-damage|p1a: Jirachi|48/100
|
|-weather|Sandstorm|[upkeep]
|-heal|p2a: Ferrothorn|16/100 par|[from] item: Leftovers
|upkeep
|turn|26
|
|t:|1717439641
|move|p1a: Jirachi|Iron Head|p2a: Ferrothorn
|-resisted|p2a: Ferrothorn
|-damage|p2a: Ferrothorn|3/100 par
|-damage|p1a: Jirachi|36/100|[from] ability: Iron Barbs|[of] p2a: Ferrothorn
|move|p2a: Ferrothorn|Knock Off|p1a: Jirachi
|-damage|p1a: Jirachi|31/100
|-enditem|p1a: Jirachi|Choice Scarf|[from] move: Knock Off|[of] p2a: Ferrothorn
|
|-weather|Sandstorm|[upkeep]
|-heal|p2a: Ferrothorn|9/100 par|[from] item: Leftovers
|upkeep
|turn|27
|
|t:|1717439651
|move|p1a: Jirachi|Iron Head|p2a: Ferrothorn
|-resisted|p2a: Ferrothorn
|-damage|p2a: Ferrothorn|0 fnt
|-damage|p1a: Jirachi|19/100|[from] ability: Iron Barbs|[of] p2a: Ferrothorn
|faint|p2a: Ferrothorn
|
|-weather|Sandstorm|[upkeep]
|upkeep
|
|t:|1717439661
|switch|p2a: Tentacruel|Tentacruel, M|59/100
|-damage|p2a: Tentacruel|34/100|[from] Spikes
|-damage|p2a: Tentacruel|22/100|[from] Stealth Rock
|turn|28
|
|t:|1717439668
|move|p1a: Jirachi|Iron Head|p2a: Tentacruel
|-resisted|p2a: Tentacruel
|-damage|p2a: Tentacruel|2/100
|move|p2a: Tentacruel|Rapid Spin|p1a: Jirachi
|-resisted|p1a: Jirachi
|-damage|p1a: Jirachi|17/100
|-sideend|p2: XaviBun|Spikes|[from] move: Rapid Spin|[of] p2a: Tentacruel
|-sideend|p2: XaviBun|Stealth Rock|[from] move: Rapid Spin|[of] p2a: Tentacruel
|
|-weather|Sandstorm|[upkeep]
|-damage|p2a: Tentacruel|0 fnt|[from] Sandstorm
|faint|p2a: Tentacruel
|upkeep
|
|t:|1717439677
|switch|p2a: Politoed|Politoed, F|28/100
|-weather|RainDance|[from] ability: Drizzle|[of] p2a: Politoed
|turn|29
|
|t:|1717439681
|move|p1a: Jirachi|Trick|p2a: Politoed
|-activate|p1a: Jirachi|move: Trick|[of] p2a: Politoed
|-enditem|p2a: Politoed|Leftovers|[silent]|[from] move: Trick
|-item|p1a: Jirachi|Leftovers|[from] move: Trick
|move|p2a: Politoed|Scald|p1a: Jirachi
|-damage|p1a: Jirachi|0 fnt
|faint|p1a: Jirachi
|
|-weather|RainDance|[upkeep]
|upkeep
|j| Wassup beijing
|
|t:|1717439689
|switch|p1a: Celebi|Celebi|76/100
|-damage|p1a: Celebi|63/100|[from] Stealth Rock
|-damage|p1a: Celebi|38/100|[from] Spikes
|turn|30
|
|t:|1717439693
|move|p1a: Celebi|Psychic|p2a: Politoed
|-damage|p2a: Politoed|2/100
|move|p2a: Politoed|Scald|p1a: Celebi
|-resisted|p1a: Celebi
|-damage|p1a: Celebi|27/100
|
|-weather|RainDance|[upkeep]
|-heal|p1a: Celebi|33/100|[from] item: Leftovers
|upkeep
|turn|31
|
|t:|1717439703
|move|p1a: Celebi|Psychic|p2a: Politoed
|-damage|p2a: Politoed|0 fnt
|faint|p2a: Politoed
|
|-weather|RainDance|[upkeep]
|-heal|p1a: Celebi|39/100|[from] item: Leftovers
|upkeep
|
|t:|1717439708
|switch|p2a: Reuniclus|Reuniclus, F|100/100
|turn|32
|
|t:|1717439711
|move|p1a: Celebi|Thunder Wave|p2a: Reuniclus
|-status|p2a: Reuniclus|par
|move|p2a: Reuniclus|Calm Mind|p2a: Reuniclus
|-boost|p2a: Reuniclus|spa|1
|-boost|p2a: Reuniclus|spd|1
|
|-weather|RainDance|[upkeep]
|-heal|p1a: Celebi|45/100|[from] item: Leftovers
|upkeep
|turn|33
|
|t:|1717439718
|move|p1a: Celebi|Recover|p1a: Celebi
|-heal|p1a: Celebi|95/100
|move|p2a: Reuniclus|Calm Mind|p2a: Reuniclus
|-boost|p2a: Reuniclus|spa|1
|-boost|p2a: Reuniclus|spd|1
|
|-weather|RainDance|[upkeep]
|-heal|p1a: Celebi|100/100|[from] item: Leftovers
|upkeep
|turn|34
|
|t:|1717439725
|move|p1a: Celebi|Psychic|p2a: Reuniclus
|-resisted|p2a: Reuniclus
|-damage|p2a: Reuniclus|93/100 par
|move|p2a: Reuniclus|Calm Mind|p2a: Reuniclus
|-boost|p2a: Reuniclus|spa|1
|-boost|p2a: Reuniclus|spd|1
|
|-weather|RainDance|[upkeep]
|-heal|p2a: Reuniclus|99/100 par|[from] item: Leftovers
|upkeep
|turn|35
|
|t:|1717439732
|move|p1a: Celebi|Psychic|p2a: Reuniclus
|-resisted|p2a: Reuniclus
|-damage|p2a: Reuniclus|93/100 par
|move|p2a: Reuniclus|Calm Mind|p2a: Reuniclus
|-boost|p2a: Reuniclus|spa|1
|-boost|p2a: Reuniclus|spd|1
|
|-weather|RainDance|[upkeep]
|-heal|p2a: Reuniclus|99/100 par|[from] item: Leftovers
|upkeep
|turn|36
|inactive|Clawdia Chauchat has 120 seconds left.
|
|t:|1717439770
|move|p1a: Celebi|Psychic|p2a: Reuniclus
|-resisted|p2a: Reuniclus
|-damage|p2a: Reuniclus|95/100 par
|move|p2a: Reuniclus|Calm Mind|p2a: Reuniclus
|-boost|p2a: Reuniclus|spa|1
|-boost|p2a: Reuniclus|spd|1
|
|-weather|RainDance|[upkeep]
|-heal|p2a: Reuniclus|100/100 par|[from] item: Leftovers
|upkeep
|turn|37
|
|t:|1717439780
|move|p1a: Celebi|Psychic|p2a: Reuniclus
|-resisted|p2a: Reuniclus
|-damage|p2a: Reuniclus|96/100 par
|cant|p2a: Reuniclus|par
|
|-weather|RainDance|[upkeep]
|-heal|p2a: Reuniclus|100/100 par|[from] item: Leftovers
|upkeep
|turn|38
|
|t:|1717439790
|move|p1a: Celebi|Psychic|p2a: Reuniclus
|-resisted|p2a: Reuniclus
|-damage|p2a: Reuniclus|96/100 par
|move|p2a: Reuniclus|Calm Mind|p2a: Reuniclus
|-boost|p2a: Reuniclus|spa|1
|-boost|p2a: Reuniclus|spd|1
|
|-weather|RainDance|[upkeep]
|-heal|p2a: Reuniclus|100/100 par|[from] item: Leftovers
|upkeep
|turn|39
|
|t:|1717439798
|move|p1a: Celebi|Psychic|p2a: Reuniclus
|-resisted|p2a: Reuniclus
|-damage|p2a: Reuniclus|97/100 par
|cant|p2a: Reuniclus|par
|
|-weather|RainDance|[upkeep]
|-heal|p2a: Reuniclus|100/100 par|[from] item: Leftovers
|upkeep
|turn|40
|
|t:|1717439804
|move|p1a: Celebi|Psychic|p2a: Reuniclus
|-resisted|p2a: Reuniclus
|-damage|p2a: Reuniclus|97/100 par
|cant|p2a: Reuniclus|par
|
|-weather|RainDance|[upkeep]
|-heal|p2a: Reuniclus|100/100 par|[from] item: Leftovers
|upkeep
|turn|41
|
|t:|1717439811
|move|p1a: Celebi|Psychic|p2a: Reuniclus
|-resisted|p2a: Reuniclus
|-damage|p2a: Reuniclus|97/100 par
|move|p2a: Reuniclus|Psyshock|p1a: Celebi
|-resisted|p1a: Celebi
|-damage|p1a: Celebi|46/100
|
|-weather|RainDance|[upkeep]
|-heal|p1a: Celebi|52/100|[from] item: Leftovers
|-heal|p2a: Reuniclus|100/100 par|[from] item: Leftovers
|upkeep
|turn|42
|
|t:|1717439819
|move|p1a: Celebi|Recover|p1a: Celebi
|-heal|p1a: Celebi|100/100
|move|p2a: Reuniclus|Psyshock|p1a: Celebi
|-resisted|p1a: Celebi
|-damage|p1a: Celebi|49/100
|
|-weather|RainDance|[upkeep]
|-heal|p1a: Celebi|55/100|[from] item: Leftovers
|upkeep
|turn|43
|
|t:|1717439829
|move|p1a: Celebi|Recover|p1a: Celebi
|-heal|p1a: Celebi|100/100
|move|p2a: Reuniclus|Psyshock|p1a: Celebi
|-resisted|p1a: Celebi
|-damage|p1a: Celebi|49/100
|
|-weather|RainDance|[upkeep]
|-heal|p1a: Celebi|55/100|[from] item: Leftovers
|upkeep
|turn|44
|
|t:|1717439837
|move|p1a: Celebi|Recover|p1a: Celebi
|-heal|p1a: Celebi|100/100
|cant|p2a: Reuniclus|par
|
|-weather|RainDance|[upkeep]
|upkeep
|turn|45
|
|t:|1717439843
|move|p1a: Celebi|Thunder Wave|p2a: Reuniclus
|-fail|p2a: Reuniclus|par
|move|p2a: Reuniclus|Psyshock|p1a: Celebi
|-resisted|p1a: Celebi
|-damage|p1a: Celebi|42/100
|
|-weather|RainDance|[upkeep]
|-heal|p1a: Celebi|48/100|[from] item: Leftovers
|upkeep
|turn|46
|
|t:|1717439850
|move|p1a: Celebi|Recover|p1a: Celebi
|-heal|p1a: Celebi|98/100
|move|p2a: Reuniclus|Psyshock|p1a: Celebi
|-resisted|p1a: Celebi
|-crit|p1a: Celebi
|-damage|p1a: Celebi|0 fnt
|faint|p1a: Celebi
|
|-weather|RainDance|[upkeep]
|upkeep
|
|t:|1717439855
|switch|p1a: Gliscor|Gliscor, M|85/100
|-damage|p1a: Gliscor|73/100|[from] Stealth Rock
|turn|47
|
|t:|1717439860
|move|p1a: Gliscor|U-turn|p2a: Reuniclus
|-supereffective|p2a: Reuniclus
|-damage|p2a: Reuniclus|79/100 par
|cant|p2a: Reuniclus|par
|
|-weather|RainDance|[upkeep]
|-heal|p2a: Reuniclus|85/100 par|[from] item: Leftovers
|upkeep
|turn|48
|
|t:|1717439869
|move|p1a: Gliscor|U-turn|p2a: Reuniclus
|-supereffective|p2a: Reuniclus
|-damage|p2a: Reuniclus|65/100 par
|move|p2a: Reuniclus|Psyshock|p1a: Gliscor
|-damage|p1a: Gliscor|0 fnt
|faint|p1a: Gliscor
|
|win|XaviBun
|raw|Clawdia Chauchat's rating: 1331 &rarr; <strong>1310</strong><br />(-21 for losing)
|raw|XaviBun's rating: 1311 &rarr; <strong>1332</strong><br />(+21 for winning)
|l|☆Clawdia Chauchat
|player|p1|
