|j|☆big ups pal
|j|☆CasinoTime
|t:|1706025389
|gametype|singles
|player|p1|big ups pal|miku-ground|1487
|player|p2|CasinoTime|petrel|1337
|teamsize|p1|6
|teamsize|p2|6
|gen|5
|tier|[Gen 5] OU
|rated|
|rule|Species Clause: Limit one of each Pokémon
|rule|OHKO Clause: OHKO moves are banned
|rule|Moody Clause: Moody is banned
|rule|Evasion Items Clause: Evasion items are banned
|rule|Evasion Moves Clause: Evasion moves are banned
|rule|Endless Battle Clause: Forcing endless battles is banned
|rule|HP Percentage Mod: HP is shown in percentages
|rule|Evasion Abilities Clause: Evasion abilities are banned
|rule|Sleep Moves Clause: Sleep-inducing moves are banned
|rule|Swagger Clause: Swagger is banned
|rule|Baton Pass Stat Clause: No Baton Passer may have a way to boost its stats
|clearpoke
|poke|p1|Politoed, M|item
|poke|p1|Breloom, F|item
|poke|p1|Keldeo|item
|poke|p1|Tentacruel, F|item
|poke|p1|Thundurus-Therian, M|item
|poke|p1|Jirachi|item
|poke|p2|Gliscor, F|item
|poke|p2|Tyranitar, F|item
|poke|p2|Latios, M|item
|poke|p2|Alakazam, F|item
|poke|p2|Ferrothorn, M|item
|poke|p2|Reuniclus, M|item
|teampreview
|inactive|Battle timer is ON: inactive players will automatically lose when time's up. (requested by CasinoTime)
|
|t:|1706025406
|start
|switch|p1a: Jirachi|Jirachi|100/100
|switch|p2a: Latios|Latios, M|100/100
|turn|1
|
|t:|1706025418
|move|p2a: Latios|Calm Mind|p2a: Latios
|-boost|p2a: Latios|spa|1
|-boost|p2a: Latios|spd|1
|move|p1a: Jirachi|Body Slam|p2a: Latios
|-damage|p2a: Latios|73/100
|
|upkeep
|turn|2
|
|t:|1706025434
|move|p2a: Latios|Calm Mind|p2a: Latios
|-boost|p2a: Latios|spa|1
|-boost|p2a: Latios|spd|1
|move|p1a: Jirachi|Body Slam|p2a: Latios
|-damage|p2a: Latios|47/100
|-status|p2a: Latios|par
|
|upkeep
|turn|3
|
|t:|1706025441
|switch|p2a: Ferrothorn|Ferrothorn, M|100/100
|move|p1a: Jirachi|Iron Head|p2a: Ferrothorn
|-resisted|p2a: Ferrothorn
|-crit|p2a: Ferrothorn
|-damage|p2a: Ferrothorn|79/100
|-damage|p1a: Jirachi|88/100|[from] ability: Iron Barbs|[of] p2a: Ferrothorn
|
|-heal|p1a: Jirachi|94/100|[from] item: Leftovers
|-heal|p2a: Ferrothorn|85/100|[from] item: Leftovers
|upkeep
|turn|4
|
|t:|1706025445
|move|p1a: Jirachi|Stealth Rock|p2a: Ferrothorn
|-sidestart|p2: CasinoTime|move: Stealth Rock
|move|p2a: Ferrothorn|Knock Off|p1a: Jirachi
|-damage|p1a: Jirachi|91/100
|-enditem|p1a: Jirachi|Leftovers|[from] move: Knock Off|[of] p2a: Ferrothorn
|
|-heal|p2a: Ferrothorn|91/100|[from] item: Leftovers
|upkeep
|turn|5
|
|t:|1706025451
|switch|p1a: Breloom|Breloom, F|100/100
|move|p2a: Ferrothorn|Stealth Rock|p1a: Breloom
|-sidestart|p1: big ups pal|move: Stealth Rock
|
|-heal|p2a: Ferrothorn|98/100|[from] item: Leftovers
|-status|p1a: Breloom|tox|[from] item: Toxic Orb
|upkeep
|turn|6
|
|t:|1706025455
|switch|p2a: Gliscor|Gliscor, F|100/100
|-damage|p2a: Gliscor|88/100|[from] Stealth Rock
|move|p1a: Breloom|Swords Dance|p1a: Breloom
|-boost|p1a: Breloom|atk|2
|
|-status|p2a: Gliscor|tox|[from] item: Toxic Orb
|upkeep
|turn|7
|
|t:|1706025464
|move|p1a: Breloom|Protect|p1a: Breloom
|-singleturn|p1a: Breloom|Protect
|move|p2a: Gliscor|Acrobatics|p1a: Breloom
|-activate|p1a: Breloom|move: Protect
|
|-heal|p2a: Gliscor|100/100 tox|[from] ability: Poison Heal
|upkeep
|turn|8
|
|t:|1706025475
|switch|p1a: Politoed|Politoed, M|100/100
|-damage|p1a: Politoed|88/100|[from] Stealth Rock
|-weather|RainDance|[from] ability: Drizzle|[of] p1a: Politoed
|move|p2a: Gliscor|Acrobatics|p1a: Politoed
|-damage|p1a: Politoed|74/100
|
|-weather|RainDance|[upkeep]
|-heal|p1a: Politoed|81/100|[from] item: Leftovers
|upkeep
|turn|9
|
|t:|1706025481
|switch|p2a: Latios|Latios, M|47/100 par
|-damage|p2a: Latios|35/100 par|[from] Stealth Rock
|move|p1a: Politoed|Scald|p2a: Latios
|-resisted|p2a: Latios
|-crit|p2a: Latios
|-damage|p2a: Latios|0 fnt
|faint|p2a: Latios
|
|-weather|RainDance|[upkeep]
|-heal|p1a: Politoed|87/100|[from] item: Leftovers
|upkeep
|
|t:|1706025495
|switch|p2a: Tyranitar|Tyranitar, F|100/100
|-damage|p2a: Tyranitar|88/100|[from] Stealth Rock
|-weather|Sandstorm|[from] ability: Sand Stream|[of] p2a: Tyranitar
|turn|10
|
|t:|1706025509
|switch|p2a: Reuniclus|Reuniclus, M|100/100
|move|p1a: Politoed|Scald|p2a: Reuniclus
|-damage|p2a: Reuniclus|78/100
|
|-weather|Sandstorm|[upkeep]
|-damage|p1a: Politoed|81/100|[from] Sandstorm
|-heal|p1a: Politoed|87/100|[from] item: Leftovers
|-heal|p2a: Reuniclus|84/100|[from] item: Leftovers
|upkeep
|turn|11
|j| SugarLilyCat
|
|t:|1706025514
|move|p1a: Politoed|Scald|p2a: Reuniclus
|-crit|p2a: Reuniclus
|-damage|p2a: Reuniclus|36/100
|move|p2a: Reuniclus|Psychic|p1a: Politoed
|-damage|p1a: Politoed|54/100
|
|-weather|Sandstorm|[upkeep]
|-damage|p1a: Politoed|48/100|[from] Sandstorm
|-heal|p1a: Politoed|54/100|[from] item: Leftovers
|-heal|p2a: Reuniclus|42/100|[from] item: Leftovers
|upkeep
|turn|12
|
|t:|1706025519
|move|p1a: Politoed|Scald|p2a: Reuniclus
|-damage|p2a: Reuniclus|19/100
|move|p2a: Reuniclus|Psychic|p1a: Politoed
|-damage|p1a: Politoed|18/100
|
|-weather|Sandstorm|[upkeep]
|-damage|p1a: Politoed|12/100|[from] Sandstorm
|-heal|p1a: Politoed|18/100|[from] item: Leftovers
|-heal|p2a: Reuniclus|25/100|[from] item: Leftovers
|upkeep
|turn|13
|
|t:|1706025525
|move|p1a: Politoed|Protect|p1a: Politoed
|-singleturn|p1a: Politoed|Protect
|move|p2a: Reuniclus|Recover|p2a: Reuniclus
|-heal|p2a: Reuniclus|75/100
|
|-weather|Sandstorm|[upkeep]
|-damage|p1a: Politoed|12/100|[from] Sandstorm
|-heal|p1a: Politoed|18/100|[from] item: Leftovers
|-heal|p2a: Reuniclus|81/100|[from] item: Leftovers
|upkeep
|turn|14
|
|t:|1706025529
|switch|p2a: Alakazam|Alakazam, F|100/100
|move|p1a: Politoed|Encore||[still]
|-fail|p1a: Politoed
|
|-weather|Sandstorm|[upkeep]
|-damage|p1a: Politoed|12/100|[from] Sandstorm
|-heal|p1a: Politoed|18/100|[from] item: Leftovers
|upkeep
|turn|15
|
|t:|1706025536
|switch|p1a: Jirachi|Jirachi|91/100
|-damage|p1a: Jirachi|84/100|[from] Stealth Rock
|move|p2a: Alakazam|Focus Blast|p1a: Jirachi
|-damage|p1a: Jirachi|57/100
|
|-weather|Sandstorm|[upkeep]
|upkeep
|turn|16
|
|t:|1706025546
|switch|p2a: Gliscor|Gliscor, F|100/100 tox
|-damage|p2a: Gliscor|88/100 tox|[from] Stealth Rock
|move|p1a: Jirachi|Body Slam|p2a: Gliscor
|-damage|p2a: Gliscor|77/100 tox
|
|-weather|Sandstorm|[upkeep]
|-heal|p2a: Gliscor|90/100 tox|[from] ability: Poison Heal
|upkeep
|turn|17
|
|t:|1706025562
|switch|p1a: Thundurus|Thundurus-Therian, M|100/100
|-damage|p1a: Thundurus|76/100|[from] Stealth Rock
|move|p2a: Gliscor|Fling|p1a: Thundurus
|-damage|p1a: Thundurus|68/100
|-status|p1a: Thundurus|tox
|-enditem|p2a: Gliscor|Toxic Orb|[from] move: Fling
|
|-weather|Sandstorm|[upkeep]
|-damage|p1a: Thundurus|61/100 tox|[from] Sandstorm
|-heal|p1a: Thundurus|68/100 tox|[from] item: Leftovers
|-damage|p1a: Thundurus|61/100 tox|[from] psn
|-heal|p2a: Gliscor|100/100 tox|[from] ability: Poison Heal
|upkeep
|turn|18
|
|t:|1706025581
|move|p1a: Thundurus|Hidden Power|p2a: Gliscor
|-supereffective|p2a: Gliscor
|-damage|p2a: Gliscor|0 fnt
|faint|p2a: Gliscor
|
|-weather|Sandstorm|[upkeep]
|-damage|p1a: Thundurus|55/100 tox|[from] Sandstorm
|-heal|p1a: Thundurus|61/100 tox|[from] item: Leftovers
|-damage|p1a: Thundurus|49/100 tox|[from] psn
|upkeep
|
|t:|1706025586
|switch|p2a: Alakazam|Alakazam, F|100/100
|turn|19
|
|t:|1706025591
|move|p2a: Alakazam|Hidden Power|p1a: Thundurus
|-supereffective|p1a: Thundurus
|-damage|p1a: Thundurus|0 fnt
|faint|p1a: Thundurus
|
|-weather|Sandstorm|[upkeep]
|upkeep
|l| SugarLilyCat
|inactive|big ups pal has 120 seconds left.
|
|t:|1706025645
|switch|p1a: Jirachi|Jirachi|57/100
|-damage|p1a: Jirachi|51/100|[from] Stealth Rock
|turn|20
|
|t:|1706025656
|switch|p2a: Tyranitar|Tyranitar, F|88/100
|-damage|p2a: Tyranitar|76/100|[from] Stealth Rock
|switch|p1a: Tentacruel|Tentacruel, F|100/100
|-damage|p1a: Tentacruel|88/100|[from] Stealth Rock
|
|-weather|Sandstorm|[upkeep]
|-damage|p1a: Tentacruel|82/100|[from] Sandstorm
|-heal|p1a: Tentacruel|88/100|[from] item: Black Sludge
|upkeep
|turn|21
|
|t:|1706025669
|move|p1a: Tentacruel|Rapid Spin|p2a: Tyranitar
|-resisted|p2a: Tyranitar
|-damage|p2a: Tyranitar|75/100
|-sideend|p1: big ups pal|Stealth Rock|[from] move: Rapid Spin|[of] p1a: Tentacruel
|move|p2a: Tyranitar|Thunder Wave|p1a: Tentacruel
|-status|p1a: Tentacruel|par
|
|-weather|Sandstorm|[upkeep]
|-damage|p1a: Tentacruel|82/100 par|[from] Sandstorm
|-heal|p1a: Tentacruel|88/100 par|[from] item: Black Sludge
|upkeep
|turn|22
|
|t:|1706025675
|switch|p2a: Ferrothorn|Ferrothorn, M|98/100
|-damage|p2a: Ferrothorn|91/100|[from] Stealth Rock
|move|p1a: Tentacruel|Toxic|p2a: Ferrothorn
|-immune|p2a: Ferrothorn
|
|-weather|Sandstorm|[upkeep]
|-damage|p1a: Tentacruel|82/100 par|[from] Sandstorm
|-heal|p1a: Tentacruel|88/100 par|[from] item: Black Sludge
|-heal|p2a: Ferrothorn|98/100|[from] item: Leftovers
|upkeep
|turn|23
|
|t:|1706025680
|move|p1a: Tentacruel|Scald|p2a: Ferrothorn
|-resisted|p2a: Ferrothorn
|-damage|p2a: Ferrothorn|91/100
|move|p2a: Ferrothorn|Stealth Rock|p1a: Tentacruel
|-sidestart|p1: big ups pal|move: Stealth Rock
|
|-weather|Sandstorm|[upkeep]
|-damage|p1a: Tentacruel|82/100 par|[from] Sandstorm
|-heal|p1a: Tentacruel|88/100 par|[from] item: Black Sludge
|-heal|p2a: Ferrothorn|97/100|[from] item: Leftovers
|upkeep
|turn|24
|
|t:|1706025688
|switch|p1a: Breloom|Breloom, F|100/100 tox
|-damage|p1a: Breloom|94/100 tox|[from] Stealth Rock
|move|p2a: Ferrothorn|Knock Off|p1a: Breloom
|-resisted|p1a: Breloom
|-damage|p1a: Breloom|91/100 tox
|-enditem|p1a: Breloom|Toxic Orb|[from] move: Knock Off|[of] p2a: Ferrothorn
|
|-weather|Sandstorm|[upkeep]
|-damage|p1a: Breloom|85/100 tox|[from] Sandstorm
|-heal|p2a: Ferrothorn|100/100|[from] item: Leftovers
|-heal|p1a: Breloom|98/100 tox|[from] ability: Poison Heal
|upkeep
|turn|25
|
|t:|1706025696
|switch|p2a: Reuniclus|Reuniclus, M|81/100
|move|p1a: Breloom|Facade|p2a: Reuniclus
|-damage|p2a: Reuniclus|53/100
|
|-weather|Sandstorm|[upkeep]
|-damage|p1a: Breloom|91/100 tox|[from] Sandstorm
|-heal|p2a: Reuniclus|59/100|[from] item: Leftovers
|-heal|p1a: Breloom|100/100 tox|[from] ability: Poison Heal
|upkeep
|turn|26
|inactive|big ups pal has 120 seconds left.
|
|t:|1706025724
|move|p1a: Breloom|Swords Dance|p1a: Breloom
|-boost|p1a: Breloom|atk|2
|move|p2a: Reuniclus|Psychic|p1a: Breloom
|-supereffective|p1a: Breloom
|-damage|p1a: Breloom|12/100 tox
|
|-weather|Sandstorm|[upkeep]
|-damage|p1a: Breloom|5/100 tox|[from] Sandstorm
|-heal|p2a: Reuniclus|65/100|[from] item: Leftovers
|-heal|p1a: Breloom|18/100 tox|[from] ability: Poison Heal
|upkeep
|turn|27
|
|t:|1706025735
|switch|p2a: Ferrothorn|Ferrothorn, M|100/100
|-damage|p2a: Ferrothorn|94/100|[from] Stealth Rock
|move|p1a: Breloom|Facade|p2a: Ferrothorn
|-resisted|p2a: Ferrothorn
|-damage|p2a: Ferrothorn|62/100
|-damage|p1a: Breloom|5/100 tox|[from] ability: Iron Barbs|[of] p2a: Ferrothorn
|
|-weather|Sandstorm|[upkeep]
|-damage|p1a: Breloom|0 fnt|[from] Sandstorm
|faint|p1a: Breloom
|-heal|p2a: Ferrothorn|68/100|[from] item: Leftovers
|upkeep
|inactive|big ups pal has 120 seconds left.
|j| aip qwe
|inactive|big ups pal has 90 seconds left.
|
|t:|1706025781
|switch|p1a: Politoed|Politoed, M|18/100
|-damage|p1a: Politoed|6/100|[from] Stealth Rock
|-weather|RainDance|[from] ability: Drizzle|[of] p1a: Politoed
|turn|28
|inactive|big ups pal has 90 seconds left.
|
|t:|1706025793
|switch|p1a: Jirachi|Jirachi|51/100
|-damage|p1a: Jirachi|45/100|[from] Stealth Rock
|move|p2a: Ferrothorn|Knock Off|p1a: Jirachi
|-damage|p1a: Jirachi|40/100
|
|-weather|RainDance|[upkeep]
|-heal|p2a: Ferrothorn|75/100|[from] item: Leftovers
|upkeep
|turn|29
|inactive|big ups pal has 90 seconds left.
|
|t:|1706025805
|switch|p1a: Keldeo|Keldeo|100/100
|-damage|p1a: Keldeo|94/100|[from] Stealth Rock
|move|p2a: Ferrothorn|Spikes|p1a: Keldeo
|-sidestart|p1: big ups pal|Spikes
|
|-weather|RainDance|[upkeep]
|-heal|p2a: Ferrothorn|81/100|[from] item: Leftovers
|upkeep
|turn|30
|inactive|big ups pal has 90 seconds left.
|
|t:|1706025818
|move|p1a: Keldeo|Hydro Pump|p2a: Ferrothorn
|-resisted|p2a: Ferrothorn
|-damage|p2a: Ferrothorn|49/100
|move|p2a: Ferrothorn|Power Whip|p1a: Keldeo
|-supereffective|p1a: Keldeo
|-damage|p1a: Keldeo|0 fnt
|faint|p1a: Keldeo
|
|-weather|RainDance|[upkeep]
|-heal|p2a: Ferrothorn|55/100|[from] item: Leftovers
|upkeep
|
|t:|1706025822
|switch|p1a: Tentacruel|Tentacruel, F|88/100 par
|-damage|p1a: Tentacruel|76/100 par|[from] Stealth Rock
|-damage|p1a: Tentacruel|63/100 par|[from] Spikes
|turn|31
|
|t:|1706025826
|move|p1a: Tentacruel|Scald|p2a: Ferrothorn
|-resisted|p2a: Ferrothorn
|-damage|p2a: Ferrothorn|45/100
|move|p2a: Ferrothorn|Knock Off|p1a: Tentacruel
|-damage|p1a: Tentacruel|58/100 par
|-enditem|p1a: Tentacruel|Black Sludge|[from] move: Knock Off|[of] p2a: Ferrothorn
|
|-weather|RainDance|[upkeep]
|-heal|p1a: Tentacruel|64/100 par|[from] ability: Rain Dish
|-heal|p2a: Ferrothorn|51/100|[from] item: Leftovers
|upkeep
|turn|32
|
|t:|1706025830
|cant|p1a: Tentacruel|par
|move|p2a: Ferrothorn|Power Whip|p1a: Tentacruel
|-damage|p1a: Tentacruel|13/100 par
|
|-weather|RainDance|[upkeep]
|-heal|p1a: Tentacruel|19/100 par|[from] ability: Rain Dish
|-heal|p2a: Ferrothorn|58/100|[from] item: Leftovers
|upkeep
|turn|33
|
|t:|1706025832
|move|p1a: Tentacruel|Scald|p2a: Ferrothorn
|-resisted|p2a: Ferrothorn
|-damage|p2a: Ferrothorn|47/100
|-status|p2a: Ferrothorn|brn
|move|p2a: Ferrothorn|Power Whip|p1a: Tentacruel
|-crit|p1a: Tentacruel
|-damage|p1a: Tentacruel|0 fnt
|faint|p1a: Tentacruel
|
|-weather|RainDance|[upkeep]
|-heal|p2a: Ferrothorn|53/100 brn|[from] item: Leftovers
|-damage|p2a: Ferrothorn|40/100 brn|[from] brn
|upkeep
|
|t:|1706025835
|switch|p1a: Jirachi|Jirachi|40/100
|-damage|p1a: Jirachi|34/100|[from] Stealth Rock
|-damage|p1a: Jirachi|22/100|[from] Spikes
|turn|34
|
|t:|1706025840
|move|p1a: Jirachi|Protect|p1a: Jirachi
|-singleturn|p1a: Jirachi|Protect
|move|p2a: Ferrothorn|Power Whip|p1a: Jirachi
|-activate|p1a: Jirachi|move: Protect
|
|-weather|RainDance|[upkeep]
|-heal|p2a: Ferrothorn|47/100 brn|[from] item: Leftovers
|-damage|p2a: Ferrothorn|34/100 brn|[from] brn
|upkeep
|turn|35
|
|t:|1706025843
|move|p1a: Jirachi|Protect|p1a: Jirachi
|-singleturn|p1a: Jirachi|Protect
|move|p2a: Ferrothorn|Power Whip|p1a: Jirachi
|-activate|p1a: Jirachi|move: Protect
|
|-weather|RainDance|[upkeep]
|-heal|p2a: Ferrothorn|40/100 brn|[from] item: Leftovers
|-damage|p2a: Ferrothorn|28/100 brn|[from] brn
|upkeep
|turn|36
|
|t:|1706025845
|move|p1a: Jirachi|Protect||[still]
|-fail|p1a: Jirachi
|move|p2a: Ferrothorn|Power Whip|p1a: Jirachi
|-resisted|p1a: Jirachi
|-damage|p1a: Jirachi|13/100
|
|-weather|RainDance|[upkeep]
|-heal|p2a: Ferrothorn|34/100 brn|[from] item: Leftovers
|-damage|p2a: Ferrothorn|22/100 brn|[from] brn
|upkeep
|turn|37
|
|t:|1706025847
|move|p1a: Jirachi|Protect|p1a: Jirachi
|-singleturn|p1a: Jirachi|Protect
|move|p2a: Ferrothorn|Power Whip|p1a: Jirachi
|-activate|p1a: Jirachi|move: Protect
|
|-weather|RainDance|[upkeep]
|-heal|p2a: Ferrothorn|28/100 brn|[from] item: Leftovers
|-damage|p2a: Ferrothorn|15/100 brn|[from] brn
|upkeep
|turn|38
|
|t:|1706025849
|move|p1a: Jirachi|Protect|p1a: Jirachi
|-singleturn|p1a: Jirachi|Protect
|move|p2a: Ferrothorn|Power Whip|p1a: Jirachi
|-activate|p1a: Jirachi|move: Protect
|
|-weather|RainDance|[upkeep]
|-heal|p2a: Ferrothorn|22/100 brn|[from] item: Leftovers
|-damage|p2a: Ferrothorn|9/100 brn|[from] brn
|upkeep
|turn|39
|
|t:|1706025853
|switch|p1a: Politoed|Politoed, M|6/100
|-damage|p1a: Politoed|0 fnt|[from] Stealth Rock
|faint|p1a: Politoed
|move|p2a: Ferrothorn|Power Whip|p1: Politoed|[notarget]
|-fail|p2a: Ferrothorn
|
|-weather|RainDance|[upkeep]
|-heal|p2a: Ferrothorn|15/100 brn|[from] item: Leftovers
|-damage|p2a: Ferrothorn|3/100 brn|[from] brn
|upkeep
|
|t:|1706025854
|switch|p1a: Jirachi|Jirachi|13/100
|-damage|p1a: Jirachi|7/100|[from] Stealth Rock
|-damage|p1a: Jirachi|0 fnt|[from] Spikes
|faint|p1a: Jirachi
|
|win|CasinoTime
|raw|big ups pal's rating: 1487 &rarr; <strong>1459</strong><br />(-28 for losing)
|raw|CasinoTime's rating: 1337 &rarr; <strong>1365</strong><br />(+28 for winning)
|l|☆big ups pal
|player|p1|
|l| aip qwe
