|j|☆Clawdia Chauchat
|j|☆du11
|t:|1705244254
|gametype|singles
|player|p1|Clawdia Chauchat|winona|1449
|player|p2|du11|plasmagrunt-gen5bw|1340
|teamsize|p1|6
|teamsize|p2|6
|gen|5
|tier|[Gen 5] OU
|rated|
|rule|Species Clause: Limit one of each Pokémon
|rule|OHKO Clause: OHKO moves are banned
|rule|Moody Clause: Moody is banned
|rule|Evasion Items Clause: Evasion items are banned
|rule|Evasion Moves Clause: Evasion moves are banned
|rule|Endless Battle Clause: Forcing endless battles is banned
|rule|HP Percentage Mod: HP is shown in percentages
|rule|Evasion Abilities Clause: Evasion abilities are banned
|rule|Sleep Moves Clause: Sleep-inducing moves are banned
|rule|Swagger Clause: Swagger is banned
|rule|Baton Pass Stat Clause: No Baton Passer may have a way to boost its stats
|clearpoke
|poke|p1|Ninetales, F|item
|poke|p1|Starmie|item
|poke|p1|Latios, M|item
|poke|p1|Xatu, M|item
|poke|p1|Jirachi|item
|poke|p1|Victini|item
|poke|p2|Rotom-Wash|item
|poke|p2|Metagross|item
|poke|p2|Slowking, M|item
|poke|p2|Chandelure, M|item
|poke|p2|Scizor, M|item
|poke|p2|Breloom, F|item
|teampreview
|
|t:|1705244322
|start
|switch|p1a: Ninetales|Ninetales, F|100/100
|switch|p2a: Chandelure|Chandelure, M|100/100
|-weather|SunnyDay|[from] ability: Drought|[of] p1a: Ninetales
|turn|1
|inactive|Battle timer is ON: inactive players will automatically lose when time's up. (requested by Clawdia Chauchat)
|
|t:|1705244335
|move|p1a: Ninetales|Protect|p1a: Ninetales
|-singleturn|p1a: Ninetales|Protect
|move|p2a: Chandelure|Shadow Ball|p1a: Ninetales
|-activate|p1a: Ninetales|move: Protect
|
|-weather|SunnyDay|[upkeep]
|upkeep
|turn|2
|inactive|Clawdia Chauchat has 120 seconds left.
|
|t:|1705244368
|move|p2a: Chandelure|Shadow Ball|p1a: Ninetales
|-crit|p1a: Ninetales
|-damage|p1a: Ninetales|7/100
|move|p1a: Ninetales|Flamethrower|p2a: Chandelure
|-resisted|p2a: Chandelure
|-damage|p2a: Chandelure|71/100
|
|-weather|SunnyDay|[upkeep]
|-heal|p1a: Ninetales|13/100|[from] item: Leftovers
|upkeep
|turn|3
|
|t:|1705244378
|move|p1a: Ninetales|Protect|p1a: Ninetales
|-singleturn|p1a: Ninetales|Protect
|move|p2a: Chandelure|Shadow Ball|p1a: Ninetales
|-activate|p1a: Ninetales|move: Protect
|
|-weather|SunnyDay|[upkeep]
|-heal|p1a: Ninetales|19/100|[from] item: Leftovers
|upkeep
|turn|4
|inactive|Clawdia Chauchat has 120 seconds left.
|
|t:|1705244417
|move|p2a: Chandelure|Shadow Ball|p1a: Ninetales
|-damage|p1a: Ninetales|0 fnt
|faint|p1a: Ninetales
|
|-weather|SunnyDay|[upkeep]
|upkeep
|
|t:|1705244419
|switch|p1a: Jirachi|Jirachi|100/100
|turn|5
|
|t:|1705244433
|switch|p2a: Slowking|Slowking, M|100/100
|move|p1a: Jirachi|Stealth Rock|p2a: Slowking
|-sidestart|p2: du11|move: Stealth Rock
|
|-weather|SunnyDay|[upkeep]
|upkeep
|turn|6
|inactive|Clawdia Chauchat has 120 seconds left.
|
|t:|1705244447
|switch|p1a: Victini|Victini|100/100
|move|p2a: Slowking|Fire Blast|p1a: Victini
|-resisted|p1a: Victini
|-damage|p1a: Victini|81/100
|
|-weather|SunnyDay|[upkeep]
|upkeep
|turn|7
|
|t:|1705244460
|move|p1a: Victini|U-turn|p2a: Slowking
|-supereffective|p2a: Slowking
|-damage|p2a: Slowking|42/100
|inactive|Clawdia Chauchat has 120 seconds left.
|
|t:|1705244494
|switch|p1a: Jirachi|Jirachi|100/100|[from] U-turn
|move|p2a: Slowking|Thunder Wave|p1a: Jirachi
|-status|p1a: Jirachi|par
|
|-weather|SunnyDay|[upkeep]
|-heal|p2a: Slowking|48/100|[from] item: Leftovers
|upkeep
|turn|8
|
|t:|1705244510
|switch|p1a: Victini|Victini|81/100
|move|p2a: Slowking|Thunder Wave|p1a: Victini
|-status|p1a: Victini|par
|
|-weather|SunnyDay|[upkeep]
|-heal|p2a: Slowking|54/100|[from] item: Leftovers
|upkeep
|turn|9
|
|t:|1705244542
|switch|p2a: Scizor|Scizor, M|100/100
|-damage|p2a: Scizor|88/100|[from] Stealth Rock
|move|p1a: Victini|V-create|p2a: Scizor
|-supereffective|p2a: Scizor
|-damage|p2a: Scizor|0 fnt
|-unboost|p1a: Victini|spe|1
|-unboost|p1a: Victini|def|1
|-unboost|p1a: Victini|spd|1
|faint|p2a: Scizor
|
|-weather|SunnyDay|[upkeep]
|upkeep
|
|t:|1705244555
|switch|p2a: Chandelure|Chandelure, M|71/100
|-damage|p2a: Chandelure|46/100|[from] Stealth Rock
|turn|10
|
|t:|1705244560
|move|p2a: Chandelure|Shadow Ball|p1a: Victini
|-supereffective|p1a: Victini
|-damage|p1a: Victini|0 fnt
|faint|p1a: Victini
|
|-weather|SunnyDay|[upkeep]
|upkeep
|
|t:|1705244566
|switch|p1a: Latios|Latios, M|100/100
|turn|11
|
|t:|1705244570
|switch|p2a: Metagross|Metagross|100/100
|-damage|p2a: Metagross|94/100|[from] Stealth Rock
|-item|p2a: Metagross|Air Balloon
|move|p1a: Latios|Dragon Pulse|p2a: Metagross
|-resisted|p2a: Metagross
|-damage|p2a: Metagross|75/100
|-enditem|p2a: Metagross|Air Balloon
|
|-weather|SunnyDay|[upkeep]
|upkeep
|turn|12
|inactive|Clawdia Chauchat has 120 seconds left.
|
|t:|1705244589
|-activate|p1a: Latios|move: Pursuit
|move|p2a: Metagross|Pursuit|p1a: Latios|[from]Pursuit
|-supereffective|p1a: Latios
|-damage|p1a: Latios|25/100
|switch|p1a: Xatu|Xatu, M|100/100
|
|-weather|SunnyDay|[upkeep]
|upkeep
|turn|13
|
|t:|1705244599
|move|p1a: Xatu|Reflect|p1a: Xatu
|-sidestart|p1: Clawdia Chauchat|Reflect
|move|p2a: Metagross|Ice Punch|p1a: Xatu
|-supereffective|p1a: Xatu
|-crit|p1a: Xatu
|-damage|p1a: Xatu|5/100
|-damage|p2a: Metagross|58/100|[from] item: Rocky Helmet|[of] p1a: Xatu
|
|-weather|SunnyDay|[upkeep]
|upkeep
|turn|14
|inactive|Clawdia Chauchat has 120 seconds left.
|
|t:|1705244618
|switch|p2a: Rotom|Rotom-Wash|100/100
|-damage|p2a: Rotom|88/100|[from] Stealth Rock
|move|p1a: Xatu|Roost|p1a: Xatu
|-heal|p1a: Xatu|55/100
|-singleturn|p1a: Xatu|move: Roost
|
|-weather|SunnyDay|[upkeep]
|-heal|p2a: Rotom|94/100|[from] item: Leftovers
|upkeep
|turn|15
|
|t:|1705244623
|switch|p1a: Jirachi|Jirachi|100/100 par
|move|p2a: Rotom|Volt Switch|p1a: Jirachi
|-damage|p1a: Jirachi|80/100 par
|
|t:|1705244630
|switch|p2a: Slowking|Slowking, M|88/100|[from] Volt Switch
|-damage|p2a: Slowking|75/100|[from] Stealth Rock
|
|-weather|SunnyDay|[upkeep]
|-heal|p2a: Slowking|81/100|[from] item: Leftovers
|-heal|p1a: Jirachi|87/100 par|[from] item: Leftovers
|upkeep
|turn|16
|
|t:|1705244633
|move|p2a: Slowking|Fire Blast|p1a: Jirachi|[miss]
|-miss|p2a: Slowking|p1a: Jirachi
|move|p1a: Jirachi|Body Slam|p2a: Slowking
|-damage|p2a: Slowking|61/100
|-status|p2a: Slowking|par
|
|-weather|SunnyDay|[upkeep]
|-heal|p1a: Jirachi|93/100 par|[from] item: Leftovers
|-heal|p2a: Slowking|67/100 par|[from] item: Leftovers
|upkeep
|turn|17
|
|t:|1705244638
|cant|p1a: Jirachi|par
|move|p2a: Slowking|Fire Blast|p1a: Jirachi
|-supereffective|p1a: Jirachi
|-damage|p1a: Jirachi|30/100 par
|
|-weather|SunnyDay|[upkeep]
|-heal|p1a: Jirachi|36/100 par|[from] item: Leftovers
|-heal|p2a: Slowking|73/100 par|[from] item: Leftovers
|-sideend|p1: Clawdia Chauchat|Reflect
|upkeep
|turn|18
|c|☆du11|Bruh
|
|t:|1705244649
|cant|p1a: Jirachi|par
|cant|p2a: Slowking|par
|
|-weather|SunnyDay|[upkeep]
|-heal|p1a: Jirachi|42/100 par|[from] item: Leftovers
|-heal|p2a: Slowking|79/100 par|[from] item: Leftovers
|upkeep
|turn|19
|
|t:|1705244651
|move|p1a: Jirachi|Iron Head|p2a: Slowking
|-resisted|p2a: Slowking
|-damage|p2a: Slowking|64/100 par
|cant|p2a: Slowking|flinch
|
|-weather|SunnyDay|[upkeep]
|-heal|p1a: Jirachi|49/100 par|[from] item: Leftovers
|-heal|p2a: Slowking|70/100 par|[from] item: Leftovers
|upkeep
|turn|20
|
|t:|1705244654
|move|p1a: Jirachi|Iron Head|p2a: Slowking
|-resisted|p2a: Slowking
|-damage|p2a: Slowking|56/100 par
|cant|p2a: Slowking|flinch
|
|-weather|SunnyDay|[upkeep]
|-heal|p1a: Jirachi|55/100 par|[from] item: Leftovers
|-heal|p2a: Slowking|62/100 par|[from] item: Leftovers
|upkeep
|turn|21
|
|t:|1705244677
|cant|p1a: Jirachi|par
|move|p2a: Slowking|Fire Blast|p1a: Jirachi
|-supereffective|p1a: Jirachi
|-damage|p1a: Jirachi|0 fnt
|faint|p1a: Jirachi
|
|-weather|SunnyDay|[upkeep]
|-heal|p2a: Slowking|68/100 par|[from] item: Leftovers
|upkeep
|
|t:|1705244685
|switch|p1a: Starmie|Starmie|100/100
|turn|22
|
|t:|1705244692
|move|p1a: Starmie|Psychic|p2a: Slowking
|-resisted|p2a: Slowking
|-damage|p2a: Slowking|55/100 par
|cant|p2a: Slowking|par
|
|-weather|SunnyDay|[upkeep]
|-heal|p2a: Slowking|61/100 par|[from] item: Leftovers
|upkeep
|turn|23
|
|t:|1705244696
|move|p1a: Starmie|Psychic|p2a: Slowking
|-resisted|p2a: Slowking
|-damage|p2a: Slowking|48/100 par
|move|p2a: Slowking|Thunder Wave|p1a: Starmie
|-status|p1a: Starmie|par
|
|-weather|SunnyDay|[upkeep]
|-heal|p2a: Slowking|54/100 par|[from] item: Leftovers
|upkeep
|turn|24
|
|t:|1705244700
|-curestatus|p1a: Starmie|par|[from] ability: Natural Cure
|switch|p1a: Latios|Latios, M|25/100
|move|p2a: Slowking|Dragon Tail|p1a: Latios
|-supereffective|p1a: Latios
|-damage|p1a: Latios|0 fnt
|faint|p1a: Latios
|
|-weather|SunnyDay|[upkeep]
|-heal|p2a: Slowking|60/100 par|[from] item: Leftovers
|upkeep
|-message|Clawdia Chauchat forfeited.
|
|win|du11
|raw|Clawdia Chauchat's rating: 1446 &rarr; <strong>1420</strong><br />(-26 for losing)
|raw|du11's rating: 1343 &rarr; <strong>1369</strong><br />(+26 for winning)
|l|☆Clawdia Chauchat
|player|p1|
