|j|☆TheRareCandyDealer
|j|☆Pythagorean Python
|player|p1|TheRareCandyDealer|dragontamer|1386
|player|p2|Pythagorean Python|159|1406
|teamsize|p1|6
|teamsize|p2|6
|gametype|singles
|gen|5
|tier|[Gen 5] OU
|rated|
|clearpoke
|poke|p1|Lapras, F|item
|poke|p1|Chansey, F|item
|poke|p1|Skarmory, F|item
|poke|p1|Starmie|item
|poke|p1|Landorus-Therian, M|item
|poke|p1|Dragonite, F|item
|poke|p2|Salamence, M|item
|poke|p2|Garchomp, M|item
|poke|p2|Meloetta|item
|poke|p2|Raikou|item
|poke|p2|Mienshao, F|item
|poke|p2|Jirachi|item
|rule|Species Clause: Limit one of each Pokémon
|rule|OHKO Clause: OHKO moves are banned
|rule|Moody Clause: Moody is banned
|rule|Evasion Moves Clause: Evasion moves are banned
|rule|Endless Battle Clause: Forcing endless battles is banned
|rule|HP Percentage Mod: HP is shown in percentages
|rule|Evasion Abilities Clause: Evasion abilities are banned
|rule|Baton Pass Clause: Limit one Baton Passer, can't pass Spe and other stats simultaneously
|rule|Sleep Clause: Sleep-inducing moves are banned
|rule|Swagger Clause: Swagger is banned
|teampreview
|
|start
|switch|p1a: Adios|Landorus-Therian, M|100/100
|switch|p2a: Raikou|Raikou|100/100
|-ability|p1a: Adios|Intimidate|boost
|-unboost|p2a: Raikou|atk|1
|-ability|p2a: Raikou|Pressure
|turn|1
|
|move|p1a: Adios|U-turn|p2a: Raikou
|-damage|p2a: Raikou|66/100
|
|switch|p1a: Bulky Girl|Chansey, F|100/100|[from]move: U-turn
|move|p2a: Raikou|Hidden Power|p1a: Bulky Girl
|-damage|p1a: Bulky Girl|94/100
|
|upkeep
|turn|2
|
|move|p2a: Raikou|Volt Switch|p1a: Bulky Girl
|-damage|p1a: Bulky Girl|83/100
|
|switch|p2a: Jirachi|Jirachi|100/100|[from]move: Volt Switch
|move|p1a: Bulky Girl|Thunder Wave|p2a: Jirachi
|-status|p2a: Jirachi|par
|
|upkeep
|turn|3
|
|switch|p1a: Ironheart|Skarmory, F|100/100
|cant|p2a: Jirachi|par
|
|upkeep
|turn|4
|
|move|p1a: Ironheart|Stealth Rock|p2a: Jirachi
|-sidestart|p2: Pythagorean Python|move: Stealth Rock
|move|p2a: Jirachi|Stealth Rock|p1a: Ironheart
|-sidestart|p1: TheRareCandyDealer|move: Stealth Rock
|
|upkeep
|turn|5
|
|switch|p2a: Salamence|Salamence, M|100/100
|-damage|p2a: Salamence|76/100|[from] Stealth Rock
|-ability|p2a: Salamence|Intimidate|boost
|-unboost|p1a: Ironheart|atk|1
|move|p1a: Ironheart|Spikes|p2a: Salamence
|-sidestart|p2: Pythagorean Python|Spikes
|
|upkeep
|turn|6
|
|move|p2a: Salamence|Fire Blast|p1a: Ironheart
|-supereffective|p1a: Ironheart
|-damage|p1a: Ironheart|5/100
|move|p1a: Ironheart|Brave Bird|p2a: Salamence
|-damage|p2a: Salamence|47/100
|-damage|p1a: Ironheart|0 fnt|[from] Recoil
|faint|p1a: Ironheart
|
|upkeep
|
|switch|p1a: Patrick|Starmie|100/100
|-damage|p1a: Patrick|88/100|[from] Stealth Rock
|turn|7
|
|move|p1a: Patrick|Rapid Spin|p2a: Salamence
|-damage|p2a: Salamence|44/100
|-sideend|p1: TheRareCandyDealer|Stealth Rock|[from] move: Rapid Spin|[of] p1a: Patrick
|move|p2a: Salamence|Draco Meteor|p1a: Patrick
|-damage|p1a: Patrick|0 fnt
|-unboost|p2a: Salamence|spa|2
|faint|p1a: Patrick
|
|upkeep
|
|switch|p1a: Urava|Dragonite, F|100/100
|turn|8
|
|switch|p2a: Jirachi|Jirachi|100/100 par
|-damage|p2a: Jirachi|94/100 par|[from] Stealth Rock
|-damage|p2a: Jirachi|82/100 par|[from] Spikes
|switch|p1a: Bulky Girl|Chansey, F|83/100
|
|-heal|p2a: Jirachi|88/100 par|[from] item: Leftovers
|upkeep
|turn|9
|
|switch|p1a: Urava|Dragonite, F|100/100
|move|p2a: Jirachi|Stealth Rock|p1a: Urava
|-sidestart|p1: TheRareCandyDealer|move: Stealth Rock
|
|-heal|p2a: Jirachi|94/100 par|[from] item: Leftovers
|upkeep
|turn|10
|
|switch|p2a: Salamence|Salamence, M|44/100
|-damage|p2a: Salamence|19/100|[from] Stealth Rock
|-ability|p2a: Salamence|Intimidate|boost
|-unboost|p1a: Urava|atk|1
|move|p1a: Urava|Dragon Dance|p1a: Urava
|-boost|p1a: Urava|atk|1
|-boost|p1a: Urava|spe|1
|
|upkeep
|turn|11
|
|move|p1a: Urava|Dragon Dance|p1a: Urava
|-boost|p1a: Urava|atk|1
|-boost|p1a: Urava|spe|1
|move|p2a: Salamence|Draco Meteor|p1a: Urava
|-supereffective|p1a: Urava
|-damage|p1a: Urava|30/100
|-unboost|p2a: Salamence|spa|2
|
|-heal|p1a: Urava|36/100|[from] item: Leftovers
|upkeep
|turn|12
|
|move|p1a: Urava|Fire Punch|p2a: Salamence
|-resisted|p2a: Salamence
|-damage|p2a: Salamence|0 fnt
|faint|p2a: Salamence
|
|-heal|p1a: Urava|42/100|[from] item: Leftovers
|upkeep
|
|switch|p2a: Garchomp|Garchomp, M|100/100
|-damage|p2a: Garchomp|94/100|[from] Stealth Rock
|-damage|p2a: Garchomp|82/100|[from] Spikes
|turn|13
|
|move|p1a: Urava|Outrage|p2a: Garchomp
|-supereffective|p2a: Garchomp
|-damage|p2a: Garchomp|0 fnt
|-damage|p1a: Urava|30/100|[from] ability: Rough Skin|[of] p2a: Garchomp
|faint|p2a: Garchomp
|
|-heal|p1a: Urava|36/100|[from] item: Leftovers
|upkeep
|
|switch|p2a: Jirachi|Jirachi|94/100 par
|-damage|p2a: Jirachi|88/100 par|[from] Stealth Rock
|-damage|p2a: Jirachi|76/100 par|[from] Spikes
|turn|14
|
|move|p1a: Urava|Outrage|p2a: Jirachi|[from]lockedmove
|-resisted|p2a: Jirachi
|-damage|p2a: Jirachi|27/100 par
|move|p2a: Jirachi|Iron Head|p1a: Urava
|-crit|p1a: Urava
|-damage|p1a: Urava|0 fnt
|faint|p1a: Urava
|
|-heal|p2a: Jirachi|33/100 par|[from] item: Leftovers
|upkeep
|
|switch|p1a: Nessy|Lapras, F, shiny|100/100
|-damage|p1a: Nessy|76/100|[from] Stealth Rock
|turn|15
|
|move|p1a: Nessy|Hydro Pump|p2a: Jirachi|[miss]
|-miss|p1a: Nessy|p2a: Jirachi
|cant|p2a: Jirachi|par
|
|-heal|p2a: Jirachi|40/100 par|[from] item: Leftovers
|upkeep
|turn|16
|
|move|p1a: Nessy|Hydro Pump|p2a: Jirachi|[miss]
|-miss|p1a: Nessy|p2a: Jirachi
|move|p2a: Jirachi|Thunder Punch|p1a: Nessy
|-supereffective|p1a: Nessy
|-damage|p1a: Nessy|34/100
|
|-heal|p2a: Jirachi|46/100 par|[from] item: Leftovers
|upkeep
|turn|17
|
|move|p1a: Nessy|Hydro Pump|p2a: Jirachi
|-damage|p2a: Jirachi|0 fnt
|faint|p2a: Jirachi
|
|upkeep
|
|switch|p2a: Raikou|Raikou|66/100
|-damage|p2a: Raikou|54/100|[from] Stealth Rock
|-damage|p2a: Raikou|41/100|[from] Spikes
|-ability|p2a: Raikou|Pressure
|turn|18
|
|move|p2a: Raikou|Volt Switch|p1a: Nessy
|-supereffective|p1a: Nessy
|-damage|p1a: Nessy|0 fnt
|faint|p1a: Nessy
|
|switch|p2a: Meloetta|Meloetta|100/100|[from]move: Volt Switch
|-damage|p2a: Meloetta|88/100|[from] Stealth Rock
|-damage|p2a: Meloetta|76/100|[from] Spikes
|
|-heal|p2a: Meloetta|82/100|[from] item: Leftovers
|upkeep
|
|switch|p1a: Adios|Landorus-Therian, M|100/100
|-damage|p1a: Adios|88/100|[from] Stealth Rock
|-ability|p1a: Adios|Intimidate|boost
|-unboost|p2a: Meloetta|atk|1
|turn|19
|
|move|p1a: Adios|U-turn|p2a: Meloetta
|-supereffective|p2a: Meloetta
|-damage|p2a: Meloetta|24/100
|
|switch|p1a: Bulky Girl|Chansey, F|83/100|[from]move: U-turn
|-damage|p1a: Bulky Girl|71/100|[from] Stealth Rock
|move|p2a: Meloetta|Psyshock|p1a: Bulky Girl
|-damage|p1a: Bulky Girl|42/100
|
|-heal|p2a: Meloetta|30/100|[from] item: Leftovers
|upkeep
|turn|20
|
|move|p2a: Meloetta|Calm Mind|p2a: Meloetta
|-boost|p2a: Meloetta|spa|1
|-boost|p2a: Meloetta|spd|1
|move|p1a: Bulky Girl|Seismic Toss|p2a: Meloetta
|-damage|p2a: Meloetta|5/100
|
|-heal|p2a: Meloetta|11/100|[from] item: Leftovers
|upkeep
|turn|21
|
|move|p2a: Meloetta|Psyshock|p1a: Bulky Girl
|-damage|p1a: Bulky Girl|0 fnt
|faint|p1a: Bulky Girl
|
|-heal|p2a: Meloetta|18/100|[from] item: Leftovers
|upkeep
|
|switch|p1a: Adios|Landorus-Therian, M|88/100
|-damage|p1a: Adios|76/100|[from] Stealth Rock
|-ability|p1a: Adios|Intimidate|boost
|-unboost|p2a: Meloetta|atk|1
|turn|22
|
|move|p1a: Adios|Earthquake|p2a: Meloetta
|-damage|p2a: Meloetta|0 fnt
|faint|p2a: Meloetta
|
|upkeep
|
|switch|p2a: Raikou|Raikou|41/100
|-damage|p2a: Raikou|29/100|[from] Stealth Rock
|-damage|p2a: Raikou|16/100|[from] Spikes
|-ability|p2a: Raikou|Pressure
|turn|23
|
|move|p1a: Adios|Earthquake|p2a: Raikou
|-supereffective|p2a: Raikou
|-damage|p2a: Raikou|0 fnt
|faint|p2a: Raikou
|
|upkeep
|
|switch|p2a: Mienshao|Mienshao, F|100/100
|-damage|p2a: Mienshao|95/100|[from] Stealth Rock
|-damage|p2a: Mienshao|82/100|[from] Spikes
|turn|24
|
|move|p1a: Adios|Earthquake|p2a: Mienshao
|-damage|p2a: Mienshao|0 fnt
|faint|p2a: Mienshao
|
|win|TheRareCandyDealer
|raw|TheRareCandyDealer's rating: 1386 &rarr; <strong>1407</strong><br />(+21 for winning)
|raw|Pythagorean Python's rating: 1406 &rarr; <strong>1385</strong><br />(-21 for losing)
