|j|assndix
|j|Spaintakula
|player|p1|assndix|167
|player|p2|Spaintakula|52
|gametype|singles
|gen|5
|tier|[Gen 5] OU
|rated
|seed|35551,10638,32466,34867
|rule|Evasion Abilities Clause: Evasion abilities are banned
|rule|Baton Pass Clause: Limit one Baton Passer, can't pass Spe and other stats simultaneously
|rule|Swagger Clause: Swagger is banned
|clearpoke
|poke|p1|Politoed, M|item
|poke|p1|Ferrothorn, M|item
|poke|p1|Mienshao, M|item
|poke|p1|Tornadus, M|item
|poke|p1|Excadrill, M|item
|poke|p1|Thundurus-Therian, M|item
|poke|p2|Politoed, F|item
|poke|p2|Tornadus, M|item
|poke|p2|Gastrodon, M|item
|poke|p2|Jirachi|item
|poke|p2|Landorus-Therian, M|item
|poke|p2|Azumarill, F|item
|rule|Sleep Clause Mod: Limit one foe put to sleep
|rule|Species Clause: Limit one of each Pokémon
|rule|OHKO Clause: OHKO moves are banned
|rule|Moody Clause: Moody is banned
|rule|Evasion Moves Clause: Evasion moves are banned
|rule|Endless Battle Clause: Forcing endless battles is banned
|rule|HP Percentage Mod: HP is shown in percentages
|teampreview
|j|PkeL Oltan
|c| PkeL Oltan|do you hop into a gen 5 ou whenever you get crippling depression 'cuz of me?
|c|☆Spaintakula|ye
|c|☆Spaintakula|you know it
|c| PkeL Oltan|rough
|choice|team 2, team 1, team 3, team 4, team 5, team 6|team 2, team 1, team 3, team 4, team 5, team 6
|
|start
|switch|p1a: Ferrothorn|Ferrothorn, M|351/351
|switch|p2a: Tornadus|Tornadus, M|299/299
|turn|1
|l|Spaintakula
|player|p2|
|j|Spaintakula
|player|p2|Spaintakula|52
|choice|move stealthrock|move focusblast
|
|move|p2a: Tornadus|Focus Blast|p1a: Ferrothorn
|-supereffective|p1a: Ferrothorn
|-damage|p1a: Ferrothorn|45/351
|move|p1a: Ferrothorn|Stealth Rock|p2a: Tornadus
|-sidestart|p2: Spaintakula|move: Stealth Rock
|
|-heal|p1a: Ferrothorn|66/351|[from] item: Leftovers
|upkeep
|turn|2
|choice|switch 6|move focusblast
|
|switch|p1a: Thundurus|Thundurus-Therian, M|299/299
|move|p2a: Tornadus|Focus Blast|p1a: Thundurus|[miss]
|-miss|p2a: Tornadus|p1a: Thundurus
|
|upkeep
|turn|3
|c| PkeL Oltan|you can try using kyurem black too
|c|☆Spaintakula|knew it
|choice|switch 6|switch 3
|
|switch|p2a: Gastrodon|Gastrodon, M|399/399
|-damage|p2a: Gastrodon|375/399|[from] Stealth Rock
|switch|p1a: Ferrothorn|Ferrothorn, M|66/351
|
|-heal|p1a: Ferrothorn|87/351|[from] item: Leftovers
|upkeep
|turn|4
|c| PkeL Oltan|to be more mmo
|c|☆Spaintakula|I'll give you my black kyurem
|c| PkeL Oltan|3 legends in juan team
|choice|move spikes|move earthpower
|
|move|p2a: Gastrodon|Earth Power|p1a: Ferrothorn
|-damage|p1a: Ferrothorn|0 fnt
|-damage|p2a: Gastrodon|336/399|[from] item: Life Orb
|faint|p1a: Ferrothorn
|
|upkeep
|choice|switch 4|
|
|switch|p1a: Tornadus|Tornadus, M|299/299
|turn|5
|c| PkeL Oltan|and wow thats sexual harassment
|choice|move hiddenpower|switch 4
|
|switch|p2a: Jirachi|Jirachi|404/404
|-damage|p2a: Jirachi|379/404|[from] Stealth Rock
|move|p1a: Tornadus|Hidden Power|p2a: Jirachi
|-resisted|p2a: Jirachi
|-damage|p2a: Jirachi|340/404
|-damage|p1a: Tornadus|270/299|[from] item: Life Orb
|
|-heal|p2a: Jirachi|365/404|[from] item: Leftovers
|upkeep
|turn|6
|c| PkeL Oltan|knowing mmo btw
|c| PkeL Oltan|they'll prolly ban rotom
|choice|switch 5|move stealthrock
|
|switch|p1a: Excadrill|Excadrill, M|369/369
|-item|p1a: Excadrill|Air Balloon
|move|p2a: Jirachi|Stealth Rock|p1a: Excadrill
|-sidestart|p1: assndix|move: Stealth Rock
|
|-heal|p2a: Jirachi|390/404|[from] item: Leftovers
|upkeep
|turn|7
|c|☆Spaintakula|they'll ban half the new mons
|c|☆Spaintakula|because "OP"
|choice|move rapidspin|switch 5
|
|switch|p2a: Landorus|Landorus-Therian, M|318/318
|-damage|p2a: Landorus|279/318|[from] Stealth Rock
|-ability|p2a: Landorus|Intimidate|boost
|-unboost|p1a: Excadrill|atk|1
|move|p1a: Excadrill|Rapid Spin|p2a: Landorus
|-damage|p2a: Landorus|259/318
|-sideend|p1: assndix|Stealth Rock|[from] move: Rapid Spin|[of] p1a: Excadrill
|
|upkeep
|turn|8
|c| PkeL Oltan|because they want a long ass match where we call it "stall" but they call it "balanced"
|choice|switch 2|move earthquake
|
|switch|p1a: Politoed|Politoed, M|381/381
|-weather|RainDance|[from] ability: Drizzle|[of] p1a: Politoed
|move|p2a: Landorus|Earthquake|p1a: Politoed
|-damage|p1a: Politoed|218/381
|
|-weather|RainDance|[upkeep]
|-heal|p1a: Politoed|241/381|[from] item: Leftovers
|upkeep
|turn|9
|c| PkeL Oltan|and when THEY call it "stall", we call it... uh...
|c|☆Spaintakula|it's not stall if they have 1 sweeper and 5 walls
|c|☆Spaintakula|god oltan
|c| PkeL Oltan|cringier than baton pass?
|c| PkeL Oltan|gotti
|choice|move toxic|switch 6
|
|switch|p2a: Azumarill|Azumarill, F|393/393
|-damage|p2a: Azumarill|344/393|[from] Stealth Rock
|move|p1a: Politoed|Toxic|p2a: Azumarill
|-status|p2a: Azumarill|tox
|
|-weather|RainDance|[upkeep]
|-heal|p1a: Politoed|264/381|[from] item: Leftovers
|-damage|p2a: Azumarill|320/393 tox|[from] psn
|upkeep
|turn|10
|c|☆Spaintakula|ye
|choice|move protect|move waterfall
|
|move|p1a: Politoed|Protect|p1a: Politoed
|-singleturn|p1a: Politoed|Protect
|move|p2a: Azumarill|Waterfall|p1a: Politoed
|-activate|p1a: Politoed|move: Protect
|
|-weather|RainDance|[upkeep]
|-heal|p1a: Politoed|287/381|[from] item: Leftovers
|-damage|p2a: Azumarill|272/393 tox|[from] psn
|upkeep
|turn|11
|c| PkeL Oltan|why even ban baton pass
|c|☆Spaintakula|idk
|c| PkeL Oltan|complex bans
|c| PkeL Oltan|hello
|c|☆Spaintakula|cause pussies
|choice|move scald|move waterfall
|
|move|p1a: Politoed|Scald|p2a: Azumarill
|-resisted|p2a: Azumarill
|-damage|p2a: Azumarill|197/393 tox
|move|p2a: Azumarill|Waterfall|p1a: Politoed
|-resisted|p1a: Politoed
|-damage|p1a: Politoed|116/381
|
|-weather|RainDance|[upkeep]
|-heal|p1a: Politoed|139/381|[from] item: Leftovers
|-damage|p2a: Azumarill|125/393 tox|[from] psn
|upkeep
|turn|12
|c| PkeL Oltan|nah they all lazy ass fucks that cant code a dedicated system for tiering
|c| PkeL Oltan|@devs
|choice|move protect|switch 2
|
|switch|p2a: Politoed|Politoed, F|351/351
|-damage|p2a: Politoed|308/351|[from] Stealth Rock
|move|p1a: Politoed|Protect|p1a: Politoed
|-fail|p1a: Politoed
|
|-weather|RainDance|[upkeep]
|-heal|p1a: Politoed|162/381|[from] item: Leftovers
|upkeep
|turn|13
|c| PkeL Oltan|oh also
|c| PkeL Oltan|>GEN 5
|c|☆Spaintakula|ikr
|c| PkeL Oltan|>NOT EVEN PERMA WEATHER
|choice|move protect|move hydropump
|
|move|p1a: Politoed|Protect|p1a: Politoed
|-singleturn|p1a: Politoed|Protect
|move|p2a: Politoed|Hydro Pump|p1a: Politoed
|-activate|p1a: Politoed|move: Protect
|
|-weather|RainDance|[upkeep]
|-heal|p1a: Politoed|185/381|[from] item: Leftovers
|upkeep
|turn|14
|c|☆Spaintakula|yeah dude I noticed that
|c| PkeL Oltan|CAN WE GET OUR HIGH DOSAGE OF WEATHER WARS?
|choice|move toxic|move hydropump
|
|move|p2a: Politoed|Hydro Pump|p1a: Politoed|[miss]
|-miss|p2a: Politoed|p1a: Politoed
|move|p1a: Politoed|Toxic|p2a: Politoed
|-status|p2a: Politoed|tox
|
|-weather|RainDance|[upkeep]
|-heal|p1a: Politoed|208/381|[from] item: Leftovers
|-damage|p2a: Politoed|287/351 tox|[from] psn
|upkeep
|turn|15
|c|☆Spaintakula|n-no
|c| PkeL Oltan|;(
|l|Spaintakula
|player|p2|
|j|Spaintakula
|player|p2|Spaintakula|52
|choice|move protect|move hydropump
|
|move|p1a: Politoed|Protect|p1a: Politoed
|-singleturn|p1a: Politoed|Protect
|move|p2a: Politoed|Hydro Pump|p1a: Politoed
|-activate|p1a: Politoed|move: Protect
|
|-weather|RainDance|[upkeep]
|-heal|p1a: Politoed|231/381|[from] item: Leftovers
|-damage|p2a: Politoed|245/351 tox|[from] psn
|upkeep
|turn|16
|c|☆Spaintakula|nigga fuck this game
|choice|move scald|move hydropump
|
|move|p2a: Politoed|Hydro Pump|p1a: Politoed
|-resisted|p1a: Politoed
|-damage|p1a: Politoed|33/381
|move|p1a: Politoed|Scald|p2a: Politoed
|-resisted|p2a: Politoed
|-damage|p2a: Politoed|176/351 tox
|
|-weather|RainDance|[upkeep]
|-heal|p1a: Politoed|56/381|[from] item: Leftovers
|-damage|p2a: Politoed|113/351 tox|[from] psn
|upkeep
|turn|17
|c| PkeL Oltan|bad
|c| PkeL Oltan|and here I am shiny hunting for new gen
|choice|move protect|switch 6
|
|switch|p2a: Landorus|Landorus-Therian, M|259/318
|-damage|p2a: Landorus|220/318|[from] Stealth Rock
|-ability|p2a: Landorus|Intimidate|boost
|-unboost|p1a: Politoed|atk|1
|move|p1a: Politoed|Protect|p1a: Politoed
|-fail|p1a: Politoed
|
|-weather|RainDance|[upkeep]
|-heal|p1a: Politoed|79/381|[from] item: Leftovers
|upkeep
|turn|18
|c|☆Spaintakula|same
|choice|move protect|move uturn
|
|move|p1a: Politoed|Protect|p1a: Politoed
|-singleturn|p1a: Politoed|Protect
|move|p2a: Landorus|U-turn|p1a: Politoed
|-activate|p1a: Politoed|move: Protect
|
|-weather|RainDance|[upkeep]
|-heal|p1a: Politoed|102/381|[from] item: Leftovers
|upkeep
|turn|19
|j|ksas
|choice|move toxic|move uturn
|
|move|p2a: Landorus|U-turn|p1a: Politoed
|-damage|p1a: Politoed|14/381
|choice||switch 4
|
|switch|p2a: Gastrodon|Gastrodon, M|336/399
|-damage|p2a: Gastrodon|312/399|[from] Stealth Rock
|move|p1a: Politoed|Toxic|p2a: Gastrodon
|-status|p2a: Gastrodon|tox
|
|-weather|RainDance|[upkeep]
|-heal|p1a: Politoed|37/381|[from] item: Leftovers
|-damage|p2a: Gastrodon|288/399 tox|[from] psn
|upkeep
|turn|20
|choice|move protect|move recover
|
|move|p1a: Politoed|Protect|p1a: Politoed
|-singleturn|p1a: Politoed|Protect
|move|p2a: Gastrodon|Recover|p2a: Gastrodon
|-heal|p2a: Gastrodon|399/399 tox
|
|-weather|RainDance|[upkeep]
|-heal|p1a: Politoed|60/381|[from] item: Leftovers
|-damage|p2a: Gastrodon|351/399 tox|[from] psn
|upkeep
|turn|21
|choice|move encore|move surf
|
|move|p1a: Politoed|Encore|p2a: Gastrodon
|-start|p2a: Gastrodon|Encore
|move|p2a: Gastrodon|Recover|p2a: Gastrodon
|-heal|p2a: Gastrodon|399/399 tox
|
|-weather|RainDance|[upkeep]
|-heal|p1a: Politoed|83/381|[from] item: Leftovers
|-damage|p2a: Gastrodon|327/399 tox|[from] psn
|upkeep
|turn|22
|choice|switch 3|switch 5
|
|switch|p1a: Mienshao|Mienshao, M|271/271
|switch|p2a: Jirachi|Jirachi|390/404
|-damage|p2a: Jirachi|365/404|[from] Stealth Rock
|
|-weather|RainDance|[upkeep]
|-heal|p2a: Jirachi|390/404|[from] item: Leftovers
|upkeep
|turn|23
|choice|move uturn|move bodyslam
|
|move|p1a: Mienshao|U-turn|p2a: Jirachi
|-damage|p2a: Jirachi|311/404
|choice|switch 2|
|
|switch|p1a: Excadrill|Excadrill, M|369/369
|-item|p1a: Excadrill|Air Balloon
|move|p2a: Jirachi|Body Slam|p1a: Excadrill
|-resisted|p1a: Excadrill
|-crit|p1a: Excadrill
|-damage|p1a: Excadrill|272/369
|-enditem|p1a: Excadrill|Air Balloon
|
|-weather|RainDance|[upkeep]
|-heal|p2a: Jirachi|336/404|[from] item: Leftovers
|upkeep
|turn|24
|c|☆Spaintakula|para if real
|choice|move earthquake|switch 4
|
|switch|p2a: Landorus|Landorus-Therian, M|220/318
|-damage|p2a: Landorus|181/318|[from] Stealth Rock
|-ability|p2a: Landorus|Intimidate|boost
|-unboost|p1a: Excadrill|atk|1
|move|p1a: Excadrill|Earthquake|p2a: Landorus
|-immune|p2a: Landorus|[msg]
|
|-weather|RainDance|[upkeep]
|upkeep
|turn|25
|choice|move ironhead|move uturn
|
|move|p2a: Landorus|U-turn|p1a: Excadrill
|-resisted|p1a: Excadrill
|-damage|p1a: Excadrill|201/369
|j|HxThG3
|choice||switch 6
|
|switch|p2a: Politoed|Politoed, F|113/351 tox
|-damage|p2a: Politoed|70/351 tox|[from] Stealth Rock
|move|p1a: Excadrill|Iron Head|p2a: Politoed
|-resisted|p2a: Politoed
|-damage|p2a: Politoed|0 fnt
|faint|p2a: Politoed
|
|-weather|RainDance|[upkeep]
|upkeep
|choice||switch 3
|
|switch|p2a: Tornadus|Tornadus, M|299/299
|-damage|p2a: Tornadus|225/299|[from] Stealth Rock
|turn|26
|choice|move ironhead|move uturn
|
|move|p2a: Tornadus|U-turn|p1a: Excadrill
|-resisted|p1a: Excadrill
|-damage|p1a: Excadrill|161/369
|choice||switch 6
|
|switch|p2a: Landorus|Landorus-Therian, M|181/318
|-damage|p2a: Landorus|142/318|[from] Stealth Rock
|-ability|p2a: Landorus|Intimidate|boost
|-unboost|p1a: Excadrill|atk|1
|move|p1a: Excadrill|Iron Head|p2a: Landorus
|-damage|p2a: Landorus|55/318
|
|-weather|RainDance|[upkeep]
|upkeep
|turn|27
|c| PkeL Oltan|league game started c u bad
|choice|move earthquake|move earthquake
|
|move|p2a: Landorus|Earthquake|p1a: Excadrill
|-supereffective|p1a: Excadrill
|-crit|p1a: Excadrill
|-damage|p1a: Excadrill|0 fnt
|faint|p1a: Excadrill
|
|-weather|RainDance|[upkeep]
|upkeep
|c| PkeL Oltan|also is there a problem with showdown servers, its laggy af today
|c|☆Spaintakula|yeah same for me
|c|☆Spaintakula|I thought it was net
|c|☆Spaintakula|but it wasnt me
|choice|switch 6|
|
|switch|p1a: Thundurus|Thundurus-Therian, M|299/299
|turn|28
|c|☆Spaintakula|apparantly
|choice|move substitute|switch 5
|
|switch|p2a: Gastrodon|Gastrodon, M|327/399 tox
|-damage|p2a: Gastrodon|303/399 tox|[from] Stealth Rock
|move|p1a: Thundurus|Substitute|p1a: Thundurus
|-start|p1a: Thundurus|Substitute
|-damage|p1a: Thundurus|225/299
|
|-weather|RainDance|[upkeep]
|-heal|p1a: Thundurus|243/299|[from] item: Leftovers
|-damage|p2a: Gastrodon|279/399 tox|[from] psn
|upkeep
|turn|29
|c| PkeL Oltan|ye im getting a stable 51 ms in league
|c| PkeL Oltan|and like 600 in here
|c|☆Spaintakula|lmao
|choice|move hiddenpower|move icebeam
|
|move|p1a: Thundurus|Hidden Power|p2a: Gastrodon
|-damage|p2a: Gastrodon|176/399 tox
|move|p2a: Gastrodon|Ice Beam|p1a: Thundurus
|-supereffective|p1a: Thundurus
|-end|p1a: Thundurus|Substitute
|-damage|p2a: Gastrodon|137/399 tox|[from] item: Life Orb
|
|-weather|RainDance|[upkeep]
|-heal|p1a: Thundurus|261/299|[from] item: Leftovers
|-damage|p2a: Gastrodon|89/399 tox|[from] psn
|upkeep
|turn|30
|choice|move hiddenpower|move surf
|
|move|p1a: Thundurus|Hidden Power|p2a: Gastrodon
|-damage|p2a: Gastrodon|0 fnt
|faint|p2a: Gastrodon
|
|-weather|RainDance|[upkeep]
|-heal|p1a: Thundurus|279/299|[from] item: Leftovers
|upkeep
|choice||switch 5
|
|switch|p2a: Landorus|Landorus-Therian, M|55/318
|-damage|p2a: Landorus|16/318|[from] Stealth Rock
|-ability|p2a: Landorus|Intimidate|boost
|-unboost|p1a: Thundurus|atk|1
|turn|31
|l|ksas
|choice|switch 3|move stoneedge
|
|switch|p1a: Politoed|Politoed, M|83/381
|move|p2a: Landorus|Stone Edge|p1a: Politoed
|-damage|p1a: Politoed|0 fnt
|faint|p1a: Politoed
|
|-weather|RainDance|[upkeep]
|upkeep
|choice|switch 2|
|
|switch|p1a: Mienshao|Mienshao, M|271/271
|turn|32
|choice|move uturn|move stoneedge
|
|move|p1a: Mienshao|U-turn|p2a: Landorus
|-resisted|p2a: Landorus
|-damage|p2a: Landorus|0 fnt
|faint|p2a: Landorus
|choice|switch 5|
|
|switch|p1a: Tornadus|Tornadus, M|270/299
|
|-weather|RainDance|[upkeep]
|upkeep
|choice||switch 4
|
|switch|p2a: Jirachi|Jirachi|336/404
|-damage|p2a: Jirachi|311/404|[from] Stealth Rock
|turn|33
|choice|move hurricane|move bodyslam
|
|move|p1a: Tornadus|Hurricane|p2a: Jirachi
|-resisted|p2a: Jirachi
|-damage|p2a: Jirachi|211/404
|-start|p2a: Jirachi|confusion
|-damage|p1a: Tornadus|241/299|[from] item: Life Orb
|-activate|p2a: Jirachi|confusion
|-damage|p2a: Jirachi|177/404|[from] confusion
|
|-weather|RainDance|[upkeep]
|-heal|p2a: Jirachi|202/404|[from] item: Leftovers
|upkeep
|turn|34
|choice|move hurricane|move bodyslam
|
|move|p1a: Tornadus|Hurricane|p2a: Jirachi
|-resisted|p2a: Jirachi
|-damage|p2a: Jirachi|111/404
|-damage|p1a: Tornadus|212/299|[from] item: Life Orb
|-activate|p2a: Jirachi|confusion
|move|p2a: Jirachi|Body Slam|p1a: Tornadus
|-damage|p1a: Tornadus|122/299
|-status|p1a: Tornadus|par
|
|-weather|RainDance|[upkeep]
|-heal|p2a: Jirachi|136/404|[from] item: Leftovers
|upkeep
|turn|35
|choice|move hurricane|move wish
|
|-end|p2a: Jirachi|confusion
|move|p2a: Jirachi|Wish|p2a: Jirachi
|move|p1a: Tornadus|Hurricane|p2a: Jirachi
|-resisted|p2a: Jirachi
|-damage|p2a: Jirachi|45/404
|-start|p2a: Jirachi|confusion
|-damage|p1a: Tornadus|93/299 par|[from] item: Life Orb
|
|-weather|RainDance|[upkeep]
|-heal|p2a: Jirachi|70/404|[from] item: Leftovers
|upkeep
|turn|36
|c|☆Spaintakula|kill me
|choice|move hurricane|move ironhead
|
|-activate|p2a: Jirachi|confusion
|-damage|p2a: Jirachi|37/404|[from] confusion
|move|p1a: Tornadus|Hurricane|p2a: Jirachi
|-resisted|p2a: Jirachi
|-damage|p2a: Jirachi|0 fnt
|-damage|p1a: Tornadus|64/299 par|[from] item: Life Orb
|faint|p2a: Jirachi
|
|-weather|RainDance|[upkeep]
|upkeep
|c|☆assndix|ur wish has been conceded
|choice||switch 2
|
|switch|p2a: Azumarill|Azumarill, F|125/393 tox
|-damage|p2a: Azumarill|76/393 tox|[from] Stealth Rock
|turn|37
|choice|move hurricane|move aquajet
|
|move|p2a: Azumarill|Aqua Jet|p1a: Tornadus
|-damage|p1a: Tornadus|0 fnt
|faint|p1a: Tornadus
|
|-weather|RainDance|[upkeep]
|-damage|p2a: Azumarill|52/393 tox|[from] psn
|upkeep
|choice|switch 3|
|
|switch|p1a: Thundurus|Thundurus-Therian, M|279/299
|turn|38
|choice|move thunder|move aquajet
|
|move|p2a: Azumarill|Aqua Jet|p1a: Thundurus
|-crit|p1a: Thundurus
|-damage|p1a: Thundurus|0 fnt
|faint|p1a: Thundurus
|
|-weather|RainDance|[upkeep]
|-damage|p2a: Azumarill|4/393 tox|[from] psn
|upkeep
|choice|switch 5|
|
|switch|p1a: Mienshao|Mienshao, M|271/271
|turn|39
|choice|move rockslide|move aquajet
|
|move|p2a: Azumarill|Aqua Jet|p1a: Mienshao
|-damage|p1a: Mienshao|0 fnt
|faint|p1a: Mienshao
|
|win|Spaintakula
|l|assndix
|raw|assndix's rating: 1473 &rarr; <strong>1442</strong><br />(-31 for losing)
|raw|Spaintakula's rating: 1251 &rarr; <strong>1291</strong><br />(+40 for winning)