|j|☆Croaset
|j|☆Hollywood Zero
|t:|1730830839
|gametype|singles
|player|p1|Croaset|elesa|1328
|player|p2|Hollywood Zero|265|1469
|teamsize|p1|6
|teamsize|p2|6
|gen|5
|tier|[Gen 5] OU
|rated|
|rule|Species Clause: Limit one of each Pokémon
|rule|OHKO Clause: OHKO moves are banned
|rule|Moody Clause: Moody is banned
|rule|Evasion Items Clause: Evasion items are banned
|rule|Evasion Moves Clause: Evasion moves are banned
|rule|Endless Battle Clause: Forcing endless battles is banned
|rule|HP Percentage Mod: HP is shown in percentages
|rule|Evasion Abilities Clause: Evasion abilities are banned
|rule|Sleep Moves Clause: Sleep-inducing moves are banned
|rule|Swagger Clause: Swagger is banned
|rule|Baton Pass Stat Clause: No Baton Passer may have a way to boost its stats
|clearpoke
|poke|p1|Reuniclus, M|item
|poke|p1|Skarmory, F|item
|poke|p1|Latios, M|item
|poke|p1|Tyranitar, F|item
|poke|p1|Volcarona, M|item
|poke|p1|Latias, F|item
|poke|p2|Tyranitar, F|
|poke|p2|Excadrill, F|item
|poke|p2|Landorus-Therian, M|item
|poke|p2|Rotom-Wash|item
|poke|p2|Breloom, M|item
|poke|p2|Heatran, F|item
|teampreview
|inactive|Battle timer is ON: inactive players will automatically lose when time's up. (requested by Hollywood Zero)
|
|t:|1730830849
|start
|switch|p1a: Skarmory|Skarmory, F|100/100
|switch|p2a: Rotom|Rotom-Wash|100/100
|turn|1
|
|t:|1730830853
|switch|p1a: Latias|Latias, F|100/100
|move|p2a: Rotom|Will-O-Wisp|p1a: Latias
|-status|p1a: Latias|brn
|
|-damage|p1a: Latias|88/100 brn|[from] brn
|upkeep
|turn|2
|
|t:|1730830856
|move|p1a: Latias|Thunder Wave|p2a: Rotom
|-status|p2a: Rotom|par
|move|p2a: Rotom|Volt Switch|p1a: Latias
|-resisted|p1a: Latias
|-damage|p1a: Latias|79/100 brn
|
|t:|1730830859
|switch|p2a: Tyranitar|Tyranitar, F|100/100|[from] Volt Switch
|-weather|Sandstorm|[from] ability: Sand Stream|[of] p2a: Tyranitar
|
|-weather|Sandstorm|[upkeep]
|-damage|p1a: Latias|73/100 brn|[from] Sandstorm
|-heal|p1a: Latias|79/100 brn|[from] item: Leftovers
|-damage|p1a: Latias|67/100 brn|[from] brn
|upkeep
|turn|3
|
|t:|1730830865
|move|p1a: Latias|Thunder Wave|p2a: Tyranitar
|-status|p2a: Tyranitar|par
|move|p2a: Tyranitar|Pursuit|p1a: Latias
|-supereffective|p1a: Latias
|-damage|p1a: Latias|21/100 brn
|
|-weather|Sandstorm|[upkeep]
|-damage|p1a: Latias|15/100 brn|[from] Sandstorm
|-heal|p1a: Latias|21/100 brn|[from] item: Leftovers
|-damage|p1a: Latias|8/100 brn|[from] brn
|upkeep
|turn|4
|
|t:|1730830871
|move|p1a: Latias|Recover|p1a: Latias
|-heal|p1a: Latias|58/100 brn
|move|p2a: Tyranitar|Pursuit|p1a: Latias
|-supereffective|p1a: Latias
|-damage|p1a: Latias|5/100 brn
|
|-weather|Sandstorm|[upkeep]
|-damage|p1a: Latias|0 fnt|[from] Sandstorm
|faint|p1a: Latias
|upkeep
|
|t:|1730830880
|switch|p1a: Skarmory|Skarmory, F|100/100
|turn|5
|
|t:|1730830884
|switch|p2a: Rotom|Rotom-Wash|100/100 par
|move|p1a: Skarmory|Stealth Rock|p2a: Rotom
|-sidestart|p2: Hollywood Zero|move: Stealth Rock
|
|-weather|Sandstorm|[upkeep]
|-damage|p2a: Rotom|94/100 par|[from] Sandstorm
|-heal|p2a: Rotom|100/100 par|[from] item: Leftovers
|upkeep
|turn|6
|
|t:|1730830898
|move|p1a: Skarmory|Roost||[still]
|-fail|p1a: Skarmory|heal
|cant|p2a: Rotom|par
|
|-weather|Sandstorm|[upkeep]
|-damage|p2a: Rotom|94/100 par|[from] Sandstorm
|-heal|p2a: Rotom|100/100 par|[from] item: Leftovers
|upkeep
|turn|7
|
|t:|1730830908
|switch|p1a: Reuniclus|Reuniclus, M, shiny|100/100
|move|p2a: Rotom|Will-O-Wisp|p1a: Reuniclus|[miss]
|-miss|p2a: Rotom|p1a: Reuniclus
|
|-weather|Sandstorm|[upkeep]
|-damage|p2a: Rotom|94/100 par|[from] Sandstorm
|-heal|p2a: Rotom|100/100 par|[from] item: Leftovers
|upkeep
|turn|8
|
|t:|1730830913
|move|p1a: Reuniclus|Focus Blast|p2a: Rotom
|-damage|p2a: Rotom|66/100 par
|move|p2a: Rotom|Volt Switch|p1a: Reuniclus
|-damage|p1a: Reuniclus|76/100
|
|t:|1730830919
|switch|p2a: Landorus|Landorus-Therian, M|100/100|[from] Volt Switch
|-damage|p2a: Landorus|88/100|[from] Stealth Rock
|-ability|p2a: Landorus|Intimidate|boost
|-unboost|p1a: Reuniclus|atk|1
|
|-weather|Sandstorm|[upkeep]
|-heal|p2a: Landorus|94/100|[from] item: Leftovers
|-heal|p1a: Reuniclus|83/100|[from] item: Leftovers
|upkeep
|turn|9
|
|t:|1730830924
|switch|p1a: Skarmory|Skarmory, F|100/100
|move|p2a: Landorus|Stealth Rock|p1a: Skarmory
|-sidestart|p1: Croaset|move: Stealth Rock
|
|-weather|Sandstorm|[upkeep]
|-heal|p2a: Landorus|99/100|[from] item: Leftovers
|upkeep
|turn|10
|
|t:|1730830932
|switch|p2a: Heatran|Heatran, F|100/100
|-damage|p2a: Heatran|88/100|[from] Stealth Rock
|move|p1a: Skarmory|Whirlwind|p2a: Heatran
|drag|p2a: Landorus|Landorus-Therian, M|99/100
|-damage|p2a: Landorus|88/100|[from] Stealth Rock
|-ability|p2a: Landorus|Intimidate|boost
|-unboost|p1a: Skarmory|atk|1
|
|-weather|Sandstorm|[upkeep]
|-heal|p2a: Landorus|94/100|[from] item: Leftovers
|upkeep
|turn|11
|
|t:|1730830939
|move|p2a: Landorus|U-turn|p1a: Skarmory
|-resisted|p1a: Skarmory
|-damage|p1a: Skarmory|97/100
|
|t:|1730830942
|switch|p2a: Heatran|Heatran, F|88/100|[from] U-turn
|-damage|p2a: Heatran|76/100|[from] Stealth Rock
|move|p1a: Skarmory|Whirlwind|p2a: Heatran
|drag|p2a: Breloom|Breloom, M|100/100
|-damage|p2a: Breloom|94/100|[from] Stealth Rock
|
|-weather|Sandstorm|[upkeep]
|-damage|p2a: Breloom|88/100|[from] Sandstorm
|-heal|p1a: Skarmory|100/100|[from] item: Leftovers
|-status|p2a: Breloom|tox|[from] item: Toxic Orb
|upkeep
|turn|12
|
|t:|1730830946
|move|p2a: Breloom|Protect|p2a: Breloom
|-singleturn|p2a: Breloom|Protect
|move|p1a: Skarmory|Whirlwind|p2a: Breloom
|-activate|p2a: Breloom|move: Protect
|
|-weather|Sandstorm|[upkeep]
|-damage|p2a: Breloom|82/100 tox|[from] Sandstorm
|-heal|p2a: Breloom|94/100 tox|[from] ability: Poison Heal
|upkeep
|turn|13
|
|t:|1730830949
|move|p2a: Breloom|Drain Punch|p1a: Skarmory
|-damage|p1a: Skarmory|81/100
|-heal|p2a: Breloom|100/100 tox|[from] drain|[of] p1a: Skarmory
|move|p1a: Skarmory|Whirlwind|p2a: Breloom
|drag|p2a: Rotom|Rotom-Wash|66/100 par
|-damage|p2a: Rotom|54/100 par|[from] Stealth Rock
|
|-weather|Sandstorm|[upkeep]
|-damage|p2a: Rotom|48/100 par|[from] Sandstorm
|-heal|p1a: Skarmory|87/100|[from] item: Leftovers
|-heal|p2a: Rotom|54/100 par|[from] item: Leftovers
|upkeep
|turn|14
|
|t:|1730830966
|switch|p1a: Reuniclus|Reuniclus, M, shiny|83/100
|move|p2a: Rotom|Pain Split|p1a: Reuniclus
|-sethp|p1a: Reuniclus|61/100|[from] move: Pain Split|[silent]
|-sethp|p2a: Rotom|84/100 par|[from] move: Pain Split
|
|-weather|Sandstorm|[upkeep]
|-damage|p2a: Rotom|78/100 par|[from] Sandstorm
|-heal|p1a: Reuniclus|67/100|[from] item: Leftovers
|-heal|p2a: Rotom|84/100 par|[from] item: Leftovers
|upkeep
|turn|15
|
|t:|1730830974
|move|p1a: Reuniclus|Recover|p1a: Reuniclus
|-heal|p1a: Reuniclus|100/100
|move|p2a: Rotom|Volt Switch|p1a: Reuniclus
|-crit|p1a: Reuniclus
|-damage|p1a: Reuniclus|57/100
|
|t:|1730830983
|switch|p2a: Excadrill|Excadrill, F|100/100|[from] Volt Switch
|-damage|p2a: Excadrill|97/100|[from] Stealth Rock
|
|-weather|Sandstorm|[upkeep]
|-heal|p1a: Reuniclus|63/100|[from] item: Leftovers
|upkeep
|turn|16
|
|t:|1730830987
|switch|p1a: Skarmory|Skarmory, F|87/100
|-damage|p1a: Skarmory|74/100|[from] Stealth Rock
|move|p2a: Excadrill|Iron Head|p1a: Skarmory
|-resisted|p1a: Skarmory
|-damage|p1a: Skarmory|56/100
|
|-weather|Sandstorm|[upkeep]
|-heal|p1a: Skarmory|62/100|[from] item: Leftovers
|upkeep
|turn|17
|
|t:|1730830992
|switch|p2a: Heatran|Heatran, F|76/100
|-damage|p2a: Heatran|63/100|[from] Stealth Rock
|move|p1a: Skarmory|Roost|p1a: Skarmory
|-heal|p1a: Skarmory|100/100
|-singleturn|p1a: Skarmory|move: Roost
|
|-weather|Sandstorm|[upkeep]
|-heal|p2a: Heatran|69/100|[from] item: Leftovers
|upkeep
|turn|18
|
|t:|1730830996
|switch|p1a: Latios|Latios, M|100/100
|-damage|p1a: Latios|88/100|[from] Stealth Rock
|move|p2a: Heatran|Lava Plume|p1a: Latios
|-resisted|p1a: Latios
|-damage|p1a: Latios|72/100
|-status|p1a: Latios|brn
|
|-weather|Sandstorm|[upkeep]
|-damage|p1a: Latios|66/100 brn|[from] Sandstorm
|-heal|p2a: Heatran|76/100|[from] item: Leftovers
|-damage|p1a: Latios|53/100 brn|[from] brn
|upkeep
|turn|19
|
|t:|1730831000
|move|p2a: Heatran|Protect|p2a: Heatran
|-singleturn|p2a: Heatran|Protect
|move|p1a: Latios|Thunder Wave|p2a: Heatran
|-activate|p2a: Heatran|move: Protect
|
|-weather|Sandstorm|[upkeep]
|-damage|p1a: Latios|47/100 brn|[from] Sandstorm
|-heal|p2a: Heatran|82/100|[from] item: Leftovers
|-damage|p1a: Latios|35/100 brn|[from] brn
|upkeep
|turn|20
|
|t:|1730831007
|switch|p2a: Tyranitar|Tyranitar, F|100/100 par
|-damage|p2a: Tyranitar|88/100 par|[from] Stealth Rock
|move|p1a: Latios|Thunder Wave|p2a: Tyranitar
|-fail|p2a: Tyranitar|par
|
|-weather|Sandstorm|[upkeep]
|-damage|p1a: Latios|29/100 brn|[from] Sandstorm
|-damage|p1a: Latios|17/100 brn|[from] brn
|upkeep
|turn|21
|
|t:|1730831011
|move|p1a: Latios|Draco Meteor|p2a: Tyranitar
|-damage|p2a: Tyranitar|50/100 par
|-unboost|p1a: Latios|spa|2
|move|p2a: Tyranitar|Crunch|p1a: Latios
|-supereffective|p1a: Latios
|-enditem|p1a: Latios|Colbur Berry|[eat]
|-enditem|p1a: Latios|Colbur Berry|[weaken]
|-damage|p1a: Latios|0 fnt
|faint|p1a: Latios
|
|-weather|Sandstorm|[upkeep]
|upkeep
|
|t:|1730831022
|switch|p1a: Volcarona|Volcarona, M|100/100
|-damage|p1a: Volcarona|51/100|[from] Stealth Rock
|turn|22
|
|t:|1730831028
|move|p1a: Volcarona|Bug Buzz|p2a: Tyranitar
|-supereffective|p2a: Tyranitar
|-damage|p2a: Tyranitar|0 fnt
|faint|p2a: Tyranitar
|
|-weather|Sandstorm|[upkeep]
|-damage|p1a: Volcarona|45/100|[from] Sandstorm
|upkeep
|-enditem|p1a: Volcarona|Sitrus Berry|[eat]
|-heal|p1a: Volcarona|69/100|[from] item: Sitrus Berry
|
|t:|1730831035
|switch|p2a: Excadrill|Excadrill, F|97/100
|-damage|p2a: Excadrill|94/100|[from] Stealth Rock
|turn|23
|
|t:|1730831050
|move|p2a: Excadrill|Rock Slide|p1a: Volcarona
|-supereffective|p1a: Volcarona
|-damage|p1a: Volcarona|0 fnt
|faint|p1a: Volcarona
|
|-weather|Sandstorm|[upkeep]
|upkeep
|
|t:|1730831057
|switch|p1a: Reuniclus|Reuniclus, M, shiny|63/100
|turn|24
|
|t:|1730831061
|switch|p2a: Landorus|Landorus-Therian, M|94/100
|-damage|p2a: Landorus|81/100|[from] Stealth Rock
|-ability|p2a: Landorus|Intimidate|boost
|-unboost|p1a: Reuniclus|atk|1
|move|p1a: Reuniclus|Recover|p1a: Reuniclus
|-heal|p1a: Reuniclus|100/100
|
|-weather|Sandstorm|[upkeep]
|-heal|p2a: Landorus|88/100|[from] item: Leftovers
|upkeep
|turn|25
|
|t:|1730831064
|move|p2a: Landorus|Earthquake|p1a: Reuniclus
|-damage|p1a: Reuniclus|66/100
|move|p1a: Reuniclus|Calm Mind|p1a: Reuniclus
|-boost|p1a: Reuniclus|spa|1
|-boost|p1a: Reuniclus|spd|1
|
|-weather|Sandstorm|[upkeep]
|-heal|p2a: Landorus|94/100|[from] item: Leftovers
|-heal|p1a: Reuniclus|72/100|[from] item: Leftovers
|upkeep
|turn|26
|
|t:|1730831068
|move|p2a: Landorus|U-turn|p1a: Reuniclus
|-supereffective|p1a: Reuniclus
|-crit|p1a: Reuniclus
|-damage|p1a: Reuniclus|11/100
|
|t:|1730831071
|switch|p2a: Excadrill|Excadrill, F|94/100|[from] U-turn
|-damage|p2a: Excadrill|91/100|[from] Stealth Rock
|move|p1a: Reuniclus|Recover|p1a: Reuniclus
|-heal|p1a: Reuniclus|61/100
|
|-weather|Sandstorm|[upkeep]
|-heal|p1a: Reuniclus|67/100|[from] item: Leftovers
|upkeep
|turn|27
|
|t:|1730831076
|move|p2a: Excadrill|Iron Head|p1a: Reuniclus
|-damage|p1a: Reuniclus|21/100
|move|p1a: Reuniclus|Recover|p1a: Reuniclus
|-heal|p1a: Reuniclus|71/100
|
|-weather|Sandstorm|[upkeep]
|-heal|p1a: Reuniclus|78/100|[from] item: Leftovers
|upkeep
|turn|28
|
|t:|1730831080
|move|p2a: Excadrill|Iron Head|p1a: Reuniclus
|-damage|p1a: Reuniclus|36/100
|move|p1a: Reuniclus|Focus Blast|p2a: Excadrill
|-supereffective|p2a: Excadrill
|-damage|p2a: Excadrill|0 fnt
|faint|p2a: Excadrill
|
|-weather|Sandstorm|[upkeep]
|-heal|p1a: Reuniclus|42/100|[from] item: Leftovers
|upkeep
|
|t:|1730831087
|switch|p2a: Landorus|Landorus-Therian, M|94/100
|-damage|p2a: Landorus|81/100|[from] Stealth Rock
|-ability|p2a: Landorus|Intimidate|boost
|-unboost|p1a: Reuniclus|atk|1
|turn|29
|
|t:|1730831092
|move|p2a: Landorus|Earthquake|p1a: Reuniclus
|-damage|p1a: Reuniclus|11/100
|move|p1a: Reuniclus|Recover|p1a: Reuniclus
|-heal|p1a: Reuniclus|61/100
|
|-weather|Sandstorm|[upkeep]
|-heal|p2a: Landorus|87/100|[from] item: Leftovers
|-heal|p1a: Reuniclus|67/100|[from] item: Leftovers
|upkeep
|turn|30
|
|t:|1730831097
|move|p2a: Landorus|Earthquake|p1a: Reuniclus
|-damage|p1a: Reuniclus|37/100
|move|p1a: Reuniclus|Recover|p1a: Reuniclus
|-heal|p1a: Reuniclus|87/100
|
|-weather|Sandstorm|[upkeep]
|-heal|p2a: Landorus|93/100|[from] item: Leftovers
|-heal|p1a: Reuniclus|93/100|[from] item: Leftovers
|upkeep
|turn|31
|
|t:|1730831099
|move|p2a: Landorus|Earthquake|p1a: Reuniclus
|-damage|p1a: Reuniclus|59/100
|move|p1a: Reuniclus|Psyshock|p2a: Landorus
|-damage|p2a: Landorus|45/100
|
|-weather|Sandstorm|[upkeep]
|-heal|p2a: Landorus|51/100|[from] item: Leftovers
|-heal|p1a: Reuniclus|65/100|[from] item: Leftovers
|upkeep
|turn|32
|
|t:|1730831102
|move|p2a: Landorus|Earthquake|p1a: Reuniclus
|-damage|p1a: Reuniclus|30/100
|move|p1a: Reuniclus|Recover|p1a: Reuniclus
|-heal|p1a: Reuniclus|80/100
|
|-weather|Sandstorm|[upkeep]
|-heal|p2a: Landorus|57/100|[from] item: Leftovers
|-heal|p1a: Reuniclus|86/100|[from] item: Leftovers
|upkeep
|turn|33
|
|t:|1730831105
|move|p2a: Landorus|Earthquake|p1a: Reuniclus
|-damage|p1a: Reuniclus|55/100
|move|p1a: Reuniclus|Psyshock|p2a: Landorus
|-crit|p2a: Landorus
|-damage|p2a: Landorus|0 fnt
|faint|p2a: Landorus
|
|-weather|Sandstorm|[upkeep]
|-heal|p1a: Reuniclus|62/100|[from] item: Leftovers
|upkeep
|-message|Hollywood Zero forfeited.
|
|win|Croaset
|raw|Croaset's rating: 1328 &rarr; <strong>1356</strong><br />(+28 for winning)
|raw|Hollywood Zero's rating: 1469 &rarr; <strong>1441</strong><br />(-28 for losing)
|l|☆Hollywood Zero
|player|p2|
