|j|☆CertamenMeum
|j|☆triple axel river
|t:|1720811787
|gametype|singles
|player|p1|CertamenMeum|artist|1477
|player|p2|triple axel river|lady-gen4|1566
|teamsize|p1|6
|teamsize|p2|6
|gen|5
|tier|[Gen 5] OU
|rated|
|rule|Species Clause: Limit one of each Pokémon
|rule|OHKO Clause: OHKO moves are banned
|rule|Moody Clause: Moody is banned
|rule|Evasion Items Clause: Evasion items are banned
|rule|Evasion Moves Clause: Evasion moves are banned
|rule|Endless Battle Clause: Forcing endless battles is banned
|rule|HP Percentage Mod: HP is shown in percentages
|rule|Evasion Abilities Clause: Evasion abilities are banned
|rule|Sleep Moves Clause: Sleep-inducing moves are banned
|rule|Swagger Clause: Swagger is banned
|rule|Baton Pass Stat Clause: No Baton Passer may have a way to boost its stats
|clearpoke
|poke|p1|Forretress, M|item
|poke|p1|Dragonite, M|item
|poke|p1|Ferrothorn, F|item
|poke|p1|Scizor, M|item
|poke|p1|Alakazam, M|item
|poke|p1|Rotom-Wash|item
|poke|p2|Tyranitar, F|item
|poke|p2|Keldeo|item
|poke|p2|Clefable, F|item
|poke|p2|Skarmory, M|item
|poke|p2|Latios, M|item
|poke|p2|Donphan, M|item
|teampreview
|inactive|Battle timer is ON: inactive players will automatically lose when time's up. (requested by triple axel river)
|inactive|CertamenMeum also wants the timer to be on.
|
|t:|1720811805
|start
|switch|p1a: Rotom|Rotom-Wash, shiny|100/100
|switch|p2a: Keldeo|Keldeo|100/100
|turn|1
|
|t:|1720811811
|switch|p2a: Donphan|Donphan, M|100/100
|move|p1a: Rotom|Hydro Pump|p2a: Donphan|[miss]
|-miss|p1a: Rotom|p2a: Donphan
|
|upkeep
|turn|2
|
|t:|1720811819
|switch|p2a: Keldeo|Keldeo|100/100
|move|p1a: Rotom|Hydro Pump|p2a: Keldeo
|-resisted|p2a: Keldeo
|-damage|p2a: Keldeo|52/100
|
|-heal|p2a: Keldeo|58/100|[from] item: Leftovers
|upkeep
|turn|3
|
|t:|1720811827
|switch|p1a: Dragonite|Dragonite, M|100/100
|move|p2a: Keldeo|Hidden Power|p1a: Dragonite
|-resisted|p1a: Dragonite
|-damage|p1a: Dragonite|97/100
|
|-heal|p2a: Keldeo|64/100|[from] item: Leftovers
|upkeep
|turn|4
|
|t:|1720811834
|move|p2a: Keldeo|Taunt|p1a: Dragonite
|-start|p1a: Dragonite|move: Taunt
|move|p1a: Dragonite|Earthquake|p2a: Keldeo
|-damage|p2a: Keldeo|22/100
|
|-heal|p2a: Keldeo|28/100|[from] item: Leftovers
|upkeep
|turn|5
|
|t:|1720811850
|switch|p2a: Donphan|Donphan, M|100/100
|move|p1a: Dragonite|Extreme Speed|p2a: Donphan
|-damage|p2a: Donphan|84/100
|
|-heal|p2a: Donphan|90/100|[from] item: Leftovers
|upkeep
|turn|6
|
|t:|1720811861
|switch|p1a: Rotom|Rotom-Wash, shiny|100/100
|move|p2a: Donphan|Stealth Rock|p1a: Rotom
|-sidestart|p1: CertamenMeum|move: Stealth Rock
|
|-heal|p2a: Donphan|96/100|[from] item: Leftovers
|upkeep
|turn|7
|
|t:|1720811867
|switch|p2a: Clefable|Clefable, F|100/100
|move|p1a: Rotom|Hydro Pump|p2a: Clefable|[miss]
|-miss|p1a: Rotom|p2a: Clefable
|
|upkeep
|turn|8
|
|t:|1720811873
|move|p1a: Rotom|Hydro Pump|p2a: Clefable
|-damage|p2a: Clefable|44/100
|move|p2a: Clefable|Thunder Wave|p1a: Rotom
|-status|p1a: Rotom|par
|
|-heal|p2a: Clefable|50/100|[from] item: Leftovers
|upkeep
|turn|9
|
|t:|1720811886
|switch|p1a: Scizor|Scizor, M|100/100
|-damage|p1a: Scizor|88/100|[from] Stealth Rock
|move|p2a: Clefable|Soft-Boiled|p2a: Clefable
|-heal|p2a: Clefable|99/100
|
|-heal|p2a: Clefable|100/100|[from] item: Leftovers
|upkeep
|turn|10
|
|t:|1720811893
|switch|p2a: Skarmory|Skarmory, M|100/100
|move|p1a: Scizor|U-turn|p2a: Skarmory
|-resisted|p2a: Skarmory
|-damage|p2a: Skarmory|89/100
|
|t:|1720811899
|switch|p1a: Forretress|Forretress, M|100/100|[from] U-turn
|-damage|p1a: Forretress|88/100|[from] Stealth Rock
|
|-heal|p2a: Skarmory|95/100|[from] item: Leftovers
|upkeep
|turn|11
|
|t:|1720811905
|switch|p2a: Donphan|Donphan, M|96/100
|move|p1a: Forretress|Rapid Spin|p2a: Donphan
|-damage|p2a: Donphan|93/100
|-sideend|p1: CertamenMeum|Stealth Rock|[from] move: Rapid Spin|[of] p1a: Forretress
|
|-heal|p2a: Donphan|99/100|[from] item: Leftovers
|upkeep
|turn|12
|
|t:|1720811912
|switch|p1a: Ferrothorn|Ferrothorn, F|100/100
|move|p2a: Donphan|Stealth Rock|p1a: Ferrothorn
|-sidestart|p1: CertamenMeum|move: Stealth Rock
|
|-heal|p2a: Donphan|100/100|[from] item: Leftovers
|upkeep
|turn|13
|j| freak and its can
|c| freak and its can|helo
|c|☆CertamenMeum|hi
|c|☆triple axel river|is this sharkyking
|c| freak and its can|nope
|
|t:|1720811939
|switch|p2a: Skarmory|Skarmory, M|95/100
|move|p1a: Ferrothorn|Leech Seed|p2a: Skarmory
|-start|p2a: Skarmory|move: Leech Seed
|
|-heal|p2a: Skarmory|100/100|[from] item: Leftovers
|-damage|p2a: Skarmory|88/100|[from] Leech Seed|[of] p1a: Ferrothorn
|upkeep
|turn|14
|c| freak and its can|how r u guys
|c|☆triple axel river|gd you
|c|☆CertamenMeum|good
|
|t:|1720811947
|switch|p2a: Latios|Latios, M|100/100
|move|p1a: Ferrothorn|Curse|p1a: Ferrothorn
|-unboost|p1a: Ferrothorn|spe|1
|-boost|p1a: Ferrothorn|atk|1
|-boost|p1a: Ferrothorn|def|1
|
|upkeep
|turn|15
|
|t:|1720811954
|move|p1a: Ferrothorn|Protect|p1a: Ferrothorn
|-singleturn|p1a: Ferrothorn|Protect
|move|p2a: Latios|Hidden Power|p1a: Ferrothorn
|-activate|p1a: Ferrothorn|move: Protect
|
|upkeep
|turn|16
|
|t:|1720811963
|move|p2a: Latios|Hidden Power|p1a: Ferrothorn
|-supereffective|p1a: Ferrothorn
|-damage|p1a: Ferrothorn|37/100
|move|p1a: Ferrothorn|Leech Seed|p2a: Latios
|-start|p2a: Latios|move: Leech Seed
|
|-heal|p1a: Ferrothorn|43/100|[from] item: Leftovers
|-damage|p2a: Latios|88/100|[from] Leech Seed|[of] p1a: Ferrothorn
|-heal|p1a: Ferrothorn|54/100|[silent]
|upkeep
|turn|17
|c| freak and its can|good, thanks
|c| freak and its can|have fun friend
|
|t:|1720811979
|switch|p2a: Keldeo|Keldeo|28/100
|move|p1a: Ferrothorn|Protect||[still]
|-fail|p1a: Ferrothorn
|
|-heal|p2a: Keldeo|34/100|[from] item: Leftovers
|-heal|p1a: Ferrothorn|60/100|[from] item: Leftovers
|upkeep
|turn|18
|c| freak and its can|good to see great player is playing
|
|t:|1720811994
|move|p2a: Keldeo|Secret Sword|p1a: Ferrothorn
|-supereffective|p1a: Ferrothorn
|-damage|p1a: Ferrothorn|17/100
|move|p1a: Ferrothorn|Leech Seed|p2a: Keldeo
|-start|p2a: Keldeo|move: Leech Seed
|
|-heal|p2a: Keldeo|40/100|[from] item: Leftovers
|-heal|p1a: Ferrothorn|23/100|[from] item: Leftovers
|-damage|p2a: Keldeo|28/100|[from] Leech Seed|[of] p1a: Ferrothorn
|-heal|p1a: Ferrothorn|34/100|[silent]
|upkeep
|turn|19
|c|☆triple axel river|which one is the good player aha
|c|☆triple axel river|cause i know its not me
|
|t:|1720812004
|move|p1a: Ferrothorn|Protect|p1a: Ferrothorn
|-singleturn|p1a: Ferrothorn|Protect
|move|p2a: Keldeo|Secret Sword|p1a: Ferrothorn
|-activate|p1a: Ferrothorn|move: Protect
|
|-heal|p2a: Keldeo|34/100|[from] item: Leftovers
|-heal|p1a: Ferrothorn|41/100|[from] item: Leftovers
|-damage|p2a: Keldeo|22/100|[from] Leech Seed|[of] p1a: Ferrothorn
|-heal|p1a: Ferrothorn|52/100|[silent]
|upkeep
|turn|20
|c| freak and its can|u both
|
|t:|1720812013
|move|p2a: Keldeo|Secret Sword|p1a: Ferrothorn
|-supereffective|p1a: Ferrothorn
|-damage|p1a: Ferrothorn|8/100
|move|p1a: Ferrothorn|Curse|p1a: Ferrothorn
|-unboost|p1a: Ferrothorn|spe|1
|-boost|p1a: Ferrothorn|atk|1
|-boost|p1a: Ferrothorn|def|1
|
|-heal|p2a: Keldeo|28/100|[from] item: Leftovers
|-heal|p1a: Ferrothorn|14/100|[from] item: Leftovers
|-damage|p2a: Keldeo|16/100|[from] Leech Seed|[of] p1a: Ferrothorn
|-heal|p1a: Ferrothorn|25/100|[silent]
|upkeep
|turn|21
|
|t:|1720812025
|move|p1a: Ferrothorn|Protect|p1a: Ferrothorn
|-singleturn|p1a: Ferrothorn|Protect
|move|p2a: Keldeo|Secret Sword|p1a: Ferrothorn
|-activate|p1a: Ferrothorn|move: Protect
|
|-heal|p2a: Keldeo|22/100|[from] item: Leftovers
|-heal|p1a: Ferrothorn|31/100|[from] item: Leftovers
|-damage|p2a: Keldeo|9/100|[from] Leech Seed|[of] p1a: Ferrothorn
|-heal|p1a: Ferrothorn|43/100|[silent]
|upkeep
|turn|22
|c| freak and its can|u were on #1 axel
|c| freak and its can|xD
|
|t:|1720812035
|move|p1a: Ferrothorn|Protect|p1a: Ferrothorn
|-singleturn|p1a: Ferrothorn|Protect
|move|p2a: Keldeo|Secret Sword|p1a: Ferrothorn
|-activate|p1a: Ferrothorn|move: Protect
|
|-heal|p2a: Keldeo|16/100|[from] item: Leftovers
|-heal|p1a: Ferrothorn|49/100|[from] item: Leftovers
|-damage|p2a: Keldeo|3/100|[from] Leech Seed|[of] p1a: Ferrothorn
|-heal|p1a: Ferrothorn|60/100|[silent]
|upkeep
|turn|23
|c|☆triple axel river|i was aha
|c|☆triple axel river|who is this?
|
|t:|1720812046
|move|p2a: Keldeo|Secret Sword|p1a: Ferrothorn
|-supereffective|p1a: Ferrothorn
|-damage|p1a: Ferrothorn|24/100
|move|p1a: Ferrothorn|Curse|p1a: Ferrothorn
|-unboost|p1a: Ferrothorn|spe|1
|-boost|p1a: Ferrothorn|atk|1
|-boost|p1a: Ferrothorn|def|1
|
|-heal|p2a: Keldeo|9/100|[from] item: Leftovers
|-heal|p1a: Ferrothorn|30/100|[from] item: Leftovers
|-damage|p2a: Keldeo|0 fnt|[from] Leech Seed|[of] p1a: Ferrothorn
|-heal|p1a: Ferrothorn|39/100|[silent]
|faint|p2a: Keldeo
|upkeep
|c| freak and its can|one of your friend
|
|t:|1720812049
|switch|p2a: Latios|Latios, M|88/100
|turn|24
|c|☆triple axel river|i have lots of friends
|c|☆triple axel river|hmmmmm
|c|☆triple axel river|gimme a clue
|
|t:|1720812059
|move|p1a: Ferrothorn|Protect|p1a: Ferrothorn
|-singleturn|p1a: Ferrothorn|Protect
|move|p2a: Latios|Hidden Power|p1a: Ferrothorn
|-activate|p1a: Ferrothorn|move: Protect
|
|-heal|p1a: Ferrothorn|45/100|[from] item: Leftovers
|upkeep
|turn|25
|c| freak and its can|thats why
|c| freak and its can|one of haha
|
|t:|1720812074
|switch|p1a: Rotom|Rotom-Wash, shiny|100/100 par
|-damage|p1a: Rotom|88/100 par|[from] Stealth Rock
|move|p2a: Latios|Hidden Power|p1a: Rotom
|-resisted|p1a: Rotom
|-damage|p1a: Rotom|72/100 par
|
|upkeep
|turn|26
|c| freak and its can|u keep forgetting me
|c| freak and its can|thats the clue
|
|t:|1720812087
|switch|p2a: Clefable|Clefable, F|100/100
|cant|p1a: Rotom|par
|
|upkeep
|turn|27
|c| freak and its can|no offense, but i think thats a good clue
|c| freak and its can|XD
|
|t:|1720812092
|move|p2a: Clefable|Seismic Toss|p1a: Rotom
|-damage|p1a: Rotom|31/100 par
|cant|p1a: Rotom|par
|
|upkeep
|turn|28
|c|☆triple axel river|hmmmmmmmmmmm
|c|☆triple axel river|sand castles?
|
|t:|1720812101
|move|p2a: Clefable|Seismic Toss|p1a: Rotom
|-damage|p1a: Rotom|0 fnt
|faint|p1a: Rotom
|
|upkeep
|
|t:|1720812106
|switch|p1a: Forretress|Forretress, M|88/100
|-damage|p1a: Forretress|76/100|[from] Stealth Rock
|turn|29
|
|t:|1720812111
|switch|p2a: Donphan|Donphan, M|100/100
|move|p1a: Forretress|Rapid Spin|p2a: Donphan
|-damage|p2a: Donphan|97/100
|-sideend|p1: CertamenMeum|Stealth Rock|[from] move: Rapid Spin|[of] p1a: Forretress
|
|-heal|p2a: Donphan|100/100|[from] item: Leftovers
|upkeep
|turn|30
|c| freak and its can|nope xel
|
|t:|1720812120
|move|p2a: Donphan|Knock Off|p1a: Forretress
|-resisted|p1a: Forretress
|-damage|p1a: Forretress|73/100
|-enditem|p1a: Forretress|Custap Berry|[from] move: Knock Off|[of] p2a: Donphan
|move|p1a: Forretress|Stealth Rock|p2a: Donphan
|-sidestart|p2: triple axel river|move: Stealth Rock
|
|upkeep
|turn|31
|c|☆triple axel river|soulwind?
|
|t:|1720812132
|switch|p1a: Ferrothorn|Ferrothorn, F|45/100
|move|p2a: Donphan|Rapid Spin|p1a: Ferrothorn
|-resisted|p1a: Ferrothorn
|-damage|p1a: Ferrothorn|43/100
|-damage|p2a: Donphan|88/100|[from] ability: Iron Barbs|[of] p1a: Ferrothorn
|-sideend|p2: triple axel river|Stealth Rock|[from] move: Rapid Spin|[of] p2a: Donphan
|
|-heal|p2a: Donphan|94/100|[from] item: Leftovers
|-heal|p1a: Ferrothorn|49/100|[from] item: Leftovers
|upkeep
|turn|32
|
|t:|1720812141
|switch|p2a: Clefable|Clefable, F|100/100
|move|p1a: Ferrothorn|Leech Seed|p2a: Clefable
|-start|p2a: Clefable|move: Leech Seed
|
|-heal|p1a: Ferrothorn|55/100|[from] item: Leftovers
|upkeep
|turn|33
|c| freak and its can|not likely
|
|t:|1720812148
|move|p1a: Ferrothorn|Protect|p1a: Ferrothorn
|-singleturn|p1a: Ferrothorn|Protect
|move|p2a: Clefable|Seismic Toss|p1a: Ferrothorn
|-activate|p1a: Ferrothorn|move: Protect
|
|-heal|p1a: Ferrothorn|61/100|[from] item: Leftovers
|upkeep
|turn|34
|
|t:|1720812155
|switch|p1a: Forretress|Forretress, M|73/100
|move|p2a: Clefable|Seismic Toss|p1a: Forretress
|-damage|p1a: Forretress|45/100
|
|upkeep
|turn|35
|
|t:|1720812161
|switch|p2a: Donphan|Donphan, M|94/100
|move|p1a: Forretress|Stealth Rock|p2a: Donphan
|-sidestart|p2: triple axel river|move: Stealth Rock
|
|-heal|p2a: Donphan|100/100|[from] item: Leftovers
|upkeep
|turn|36
|
|t:|1720812168
|switch|p1a: Ferrothorn|Ferrothorn, F|61/100
|move|p2a: Donphan|Rapid Spin|p1a: Ferrothorn
|-resisted|p1a: Ferrothorn
|-damage|p1a: Ferrothorn|59/100
|-damage|p2a: Donphan|88/100|[from] ability: Iron Barbs|[of] p1a: Ferrothorn
|-sideend|p2: triple axel river|Stealth Rock|[from] move: Rapid Spin|[of] p2a: Donphan
|
|-heal|p2a: Donphan|94/100|[from] item: Leftovers
|-heal|p1a: Ferrothorn|66/100|[from] item: Leftovers
|upkeep
|turn|37
|c|☆triple axel river|hmmmmm
|
|t:|1720812177
|move|p2a: Donphan|Knock Off|p1a: Ferrothorn
|-resisted|p1a: Ferrothorn
|-damage|p1a: Ferrothorn|64/100
|-damage|p2a: Donphan|82/100|[from] ability: Iron Barbs|[of] p1a: Ferrothorn
|-enditem|p1a: Ferrothorn|Leftovers|[from] move: Knock Off|[of] p2a: Donphan
|move|p1a: Ferrothorn|Curse|p1a: Ferrothorn
|-unboost|p1a: Ferrothorn|spe|1
|-boost|p1a: Ferrothorn|atk|1
|-boost|p1a: Ferrothorn|def|1
|
|-heal|p2a: Donphan|88/100|[from] item: Leftovers
|upkeep
|turn|38
|c| freak and its can|it's okey
|c|☆triple axel river|i actually dont know im sorry LOL
|
|t:|1720812187
|switch|p2a: Skarmory|Skarmory, M|88/100
|move|p1a: Ferrothorn|Gyro Ball|p2a: Skarmory
|-resisted|p2a: Skarmory
|-damage|p2a: Skarmory|69/100
|
|-heal|p2a: Skarmory|75/100|[from] item: Leftovers
|upkeep
|turn|39
|c| freak and its can|relax
|
|t:|1720812194
|move|p1a: Ferrothorn|Leech Seed|p2a: Skarmory
|-start|p2a: Skarmory|move: Leech Seed
|move|p2a: Skarmory|Whirlwind|p1a: Ferrothorn
|drag|p1a: Scizor|Scizor, M|88/100
|
|-heal|p2a: Skarmory|81/100|[from] item: Leftovers
|-damage|p2a: Skarmory|69/100|[from] Leech Seed|[of] p1a: Scizor
|-heal|p1a: Scizor|100/100|[silent]
|upkeep
|turn|40
|
|t:|1720812201
|move|p1a: Scizor|U-turn|p2a: Skarmory
|-resisted|p2a: Skarmory
|-crit|p2a: Skarmory
|-damage|p2a: Skarmory|45/100
|
|t:|1720812210
|switch|p1a: Ferrothorn|Ferrothorn, F|64/100|[from] U-turn
|move|p2a: Skarmory|Roost|p2a: Skarmory
|-heal|p2a: Skarmory|95/100
|-singleturn|p2a: Skarmory|move: Roost
|
|-heal|p2a: Skarmory|100/100|[from] item: Leftovers
|-damage|p2a: Skarmory|88/100|[from] Leech Seed|[of] p1a: Ferrothorn
|-heal|p1a: Ferrothorn|75/100|[silent]
|upkeep
|turn|41
|
|t:|1720812219
|move|p2a: Skarmory|Spikes|p1a: Ferrothorn
|-sidestart|p1: CertamenMeum|Spikes
|move|p1a: Ferrothorn|Curse|p1a: Ferrothorn
|-unboost|p1a: Ferrothorn|spe|1
|-boost|p1a: Ferrothorn|atk|1
|-boost|p1a: Ferrothorn|def|1
|
|-heal|p2a: Skarmory|94/100|[from] item: Leftovers
|-damage|p2a: Skarmory|82/100|[from] Leech Seed|[of] p1a: Ferrothorn
|-heal|p1a: Ferrothorn|87/100|[silent]
|upkeep
|turn|42
|
|t:|1720812227
|move|p1a: Ferrothorn|Protect|p1a: Ferrothorn
|-singleturn|p1a: Ferrothorn|Protect
|move|p2a: Skarmory|Whirlwind|p1a: Ferrothorn
|-activate|p1a: Ferrothorn|move: Protect
|
|-heal|p2a: Skarmory|88/100|[from] item: Leftovers
|-damage|p2a: Skarmory|76/100|[from] Leech Seed|[of] p1a: Ferrothorn
|-heal|p1a: Ferrothorn|99/100|[silent]
|upkeep
|turn|43
|
|t:|1720812235
|move|p1a: Ferrothorn|Gyro Ball|p2a: Skarmory
|-resisted|p2a: Skarmory
|-damage|p2a: Skarmory|56/100
|move|p2a: Skarmory|Whirlwind|p1a: Ferrothorn
|drag|p1a: Alakazam|Alakazam, M|100/100
|
|-heal|p2a: Skarmory|62/100|[from] item: Leftovers
|-damage|p2a: Skarmory|50/100|[from] Leech Seed|[of] p1a: Alakazam
|upkeep
|turn|44
|c| freak and its can|cool set
|c| freak and its can|ferro
|
|t:|1720812243
|switch|p2a: Clefable|Clefable, F|100/100
|move|p1a: Alakazam|Focus Blast|p2a: Clefable|[miss]
|-miss|p1a: Alakazam|p2a: Clefable
|
|upkeep
|turn|45
|c|☆triple axel river|mb
|
|t:|1720812255
|switch|p1a: Forretress|Forretress, M|45/100
|-damage|p1a: Forretress|33/100|[from] Spikes
|move|p2a: Clefable|Thunder Wave|p1a: Forretress
|-status|p1a: Forretress|par
|
|upkeep
|turn|46
|
|t:|1720812265
|move|p2a: Clefable|Seismic Toss|p1a: Forretress
|-damage|p1a: Forretress|4/100 par
|cant|p1a: Forretress|par
|
|upkeep
|turn|47
|
|t:|1720812271
|switch|p2a: Donphan|Donphan, M|88/100
|move|p1a: Forretress|Explosion|p2a: Donphan
|-damage|p2a: Donphan|47/100
|faint|p1a: Forretress
|
|-heal|p2a: Donphan|53/100|[from] item: Leftovers
|upkeep
|
|t:|1720812287
|switch|p1a: Alakazam|Alakazam, M|100/100
|turn|48
|
|t:|1720812292
|move|p1a: Alakazam|Hidden Power|p2a: Donphan
|-supereffective|p2a: Donphan
|-damage|p2a: Donphan|0 fnt
|faint|p2a: Donphan
|
|upkeep
|
|t:|1720812295
|switch|p2a: Clefable|Clefable, F|100/100
|turn|49
|
|t:|1720812303
|move|p1a: Alakazam|Focus Blast|p2a: Clefable
|-supereffective|p2a: Clefable
|-damage|p2a: Clefable|44/100
|-unboost|p2a: Clefable|spd|1
|move|p2a: Clefable|Thunder Wave|p1a: Alakazam
|-status|p1a: Alakazam|par
|
|-heal|p2a: Clefable|50/100|[from] item: Leftovers
|upkeep
|turn|50
|
|t:|1720812311
|switch|p2a: Skarmory|Skarmory, M|50/100
|move|p1a: Alakazam|Focus Blast|p2a: Skarmory
|-damage|p2a: Skarmory|10/100
|
|-heal|p2a: Skarmory|16/100|[from] item: Leftovers
|upkeep
|turn|51
|
|t:|1720812320
|switch|p1a: Ferrothorn|Ferrothorn, F|99/100
|-damage|p1a: Ferrothorn|86/100|[from] Spikes
|move|p2a: Skarmory|Spikes|p1a: Ferrothorn
|-sidestart|p1: CertamenMeum|Spikes
|
|-heal|p2a: Skarmory|22/100|[from] item: Leftovers
|upkeep
|turn|52
|
|t:|1720812326
|move|p2a: Skarmory|Spikes|p1a: Ferrothorn
|-sidestart|p1: CertamenMeum|Spikes
|move|p1a: Ferrothorn|Leech Seed|p2a: Skarmory
|-start|p2a: Skarmory|move: Leech Seed
|
|-heal|p2a: Skarmory|28/100|[from] item: Leftovers
|-damage|p2a: Skarmory|15/100|[from] Leech Seed|[of] p1a: Ferrothorn
|-heal|p1a: Ferrothorn|98/100|[silent]
|upkeep
|turn|53
|
|t:|1720812333
|move|p2a: Skarmory|Roost|p2a: Skarmory
|-heal|p2a: Skarmory|65/100
|-singleturn|p2a: Skarmory|move: Roost
|move|p1a: Ferrothorn|Curse|p1a: Ferrothorn
|-unboost|p1a: Ferrothorn|spe|1
|-boost|p1a: Ferrothorn|atk|1
|-boost|p1a: Ferrothorn|def|1
|
|-heal|p2a: Skarmory|71/100|[from] item: Leftovers
|-damage|p2a: Skarmory|59/100|[from] Leech Seed|[of] p1a: Ferrothorn
|-heal|p1a: Ferrothorn|100/100|[silent]
|upkeep
|turn|54
|
|t:|1720812344
|move|p2a: Skarmory|Roost|p2a: Skarmory
|-heal|p2a: Skarmory|100/100
|-singleturn|p2a: Skarmory|move: Roost
|move|p1a: Ferrothorn|Curse|p1a: Ferrothorn
|-unboost|p1a: Ferrothorn|spe|1
|-boost|p1a: Ferrothorn|atk|1
|-boost|p1a: Ferrothorn|def|1
|
|-damage|p2a: Skarmory|88/100|[from] Leech Seed|[of] p1a: Ferrothorn
|upkeep
|turn|55
|
|t:|1720812352
|move|p1a: Ferrothorn|Protect|p1a: Ferrothorn
|-singleturn|p1a: Ferrothorn|Protect
|move|p2a: Skarmory|Whirlwind|p1a: Ferrothorn
|-activate|p1a: Ferrothorn|move: Protect
|
|-heal|p2a: Skarmory|94/100|[from] item: Leftovers
|-damage|p2a: Skarmory|82/100|[from] Leech Seed|[of] p1a: Ferrothorn
|upkeep
|turn|56
|
|t:|1720812360
|move|p1a: Ferrothorn|Gyro Ball|p2a: Skarmory
|-resisted|p2a: Skarmory
|-damage|p2a: Skarmory|47/100
|move|p2a: Skarmory|Whirlwind|p1a: Ferrothorn
|drag|p1a: Dragonite|Dragonite, M|97/100
|
|-heal|p2a: Skarmory|53/100|[from] item: Leftovers
|-damage|p2a: Skarmory|41/100|[from] Leech Seed|[of] p1a: Dragonite
|-heal|p1a: Dragonite|100/100|[silent]
|upkeep
|turn|57
|
|t:|1720812371
|switch|p2a: Tyranitar|Tyranitar, F|100/100
|-weather|Sandstorm|[from] ability: Sand Stream|[of] p2a: Tyranitar
|move|p1a: Dragonite|Dragon Dance|p1a: Dragonite
|-boost|p1a: Dragonite|atk|1
|-boost|p1a: Dragonite|spe|1
|
|-weather|Sandstorm|[upkeep]
|-damage|p1a: Dragonite|94/100|[from] Sandstorm
|upkeep
|turn|58
|
|t:|1720812379
|switch|p2a: Skarmory|Skarmory, M|41/100
|move|p1a: Dragonite|Earthquake|p2a: Skarmory
|-immune|p2a: Skarmory
|
|-weather|Sandstorm|[upkeep]
|-damage|p1a: Dragonite|88/100|[from] Sandstorm
|-heal|p2a: Skarmory|47/100|[from] item: Leftovers
|upkeep
|turn|59
|
|t:|1720812387
|move|p1a: Dragonite|Outrage|p2a: Skarmory
|-resisted|p2a: Skarmory
|-damage|p2a: Skarmory|4/100
|move|p2a: Skarmory|Roost|p2a: Skarmory
|-heal|p2a: Skarmory|54/100
|-singleturn|p2a: Skarmory|move: Roost
|
|-weather|Sandstorm|[upkeep]
|-damage|p1a: Dragonite|82/100|[from] Sandstorm
|-heal|p2a: Skarmory|60/100|[from] item: Leftovers
|upkeep
|turn|60
|
|t:|1720812397
|move|p1a: Dragonite|Outrage|p2a: Skarmory|[from]lockedmove
|-resisted|p2a: Skarmory
|-damage|p2a: Skarmory|23/100
|-start|p1a: Dragonite|confusion|[fatigue]
|-enditem|p1a: Dragonite|Lum Berry|[eat]
|-end|p1a: Dragonite|confusion
|move|p2a: Skarmory|Roost|p2a: Skarmory
|-heal|p2a: Skarmory|73/100
|-singleturn|p2a: Skarmory|move: Roost
|
|-weather|Sandstorm|[upkeep]
|-damage|p1a: Dragonite|76/100|[from] Sandstorm
|-heal|p2a: Skarmory|79/100|[from] item: Leftovers
|upkeep
|turn|61
|c|☆triple axel river|can you please tell me who you are ahah
|
|t:|1720812410
|move|p1a: Dragonite|Dragon Dance|p1a: Dragonite
|-boost|p1a: Dragonite|atk|1
|-boost|p1a: Dragonite|spe|1
|move|p2a: Skarmory|Roost|p2a: Skarmory
|-heal|p2a: Skarmory|100/100
|-singleturn|p2a: Skarmory|move: Roost
|
|-weather|Sandstorm|[upkeep]
|-damage|p1a: Dragonite|70/100|[from] Sandstorm
|upkeep
|turn|62
|c|☆triple axel river|i probably haven't forgoten you
|
|t:|1720812418
|move|p1a: Dragonite|Outrage|p2a: Skarmory
|-resisted|p2a: Skarmory
|-damage|p2a: Skarmory|43/100
|move|p2a: Skarmory|Whirlwind|p1a: Dragonite
|drag|p1a: Scizor|Scizor, M|100/100
|-damage|p1a: Scizor|76/100|[from] Spikes
|
|-weather|Sandstorm|[upkeep]
|-heal|p2a: Skarmory|49/100|[from] item: Leftovers
|upkeep
|turn|63
|
|t:|1720812427
|move|p1a: Scizor|Superpower|p2a: Skarmory
|-damage|p2a: Skarmory|0 fnt
|-unboost|p1a: Scizor|atk|1
|-unboost|p1a: Scizor|def|1
|faint|p2a: Skarmory
|
|-weather|Sandstorm|[upkeep]
|upkeep
|
|t:|1720812431
|switch|p2a: Latios|Latios, M|88/100
|turn|64
|
|t:|1720812447
|switch|p1a: Dragonite|Dragonite, M|70/100
|move|p2a: Latios|Draco Meteor|p1a: Dragonite
|-supereffective|p1a: Dragonite
|-damage|p1a: Dragonite|0 fnt
|-unboost|p2a: Latios|spa|2
|faint|p1a: Dragonite
|
|-weather|Sandstorm|[upkeep]
|-damage|p2a: Latios|82/100|[from] Sandstorm
|upkeep
|l| freak and its can
|
|t:|1720812466
|switch|p1a: Ferrothorn|Ferrothorn, F|100/100
|-damage|p1a: Ferrothorn|75/100|[from] Spikes
|turn|65
|
|t:|1720812470
|switch|p2a: Clefable|Clefable, F|50/100
|move|p1a: Ferrothorn|Curse|p1a: Ferrothorn
|-unboost|p1a: Ferrothorn|spe|1
|-boost|p1a: Ferrothorn|atk|1
|-boost|p1a: Ferrothorn|def|1
|
|-weather|Sandstorm|[upkeep]
|-heal|p2a: Clefable|56/100|[from] item: Leftovers
|upkeep
|turn|66
|
|t:|1720812477
|move|p2a: Clefable|Seismic Toss|p1a: Ferrothorn
|-damage|p1a: Ferrothorn|47/100
|move|p1a: Ferrothorn|Gyro Ball|p2a: Clefable
|-damage|p2a: Clefable|0 fnt
|faint|p2a: Clefable
|
|-weather|Sandstorm|[upkeep]
|upkeep
|
|t:|1720812480
|switch|p2a: Latios|Latios, M|82/100
|turn|67
|
|t:|1720812486
|move|p1a: Ferrothorn|Protect|p1a: Ferrothorn
|-singleturn|p1a: Ferrothorn|Protect
|move|p2a: Latios|Hidden Power|p1a: Ferrothorn
|-activate|p1a: Ferrothorn|move: Protect
|
|-weather|Sandstorm|[upkeep]
|-damage|p2a: Latios|76/100|[from] Sandstorm
|upkeep
|turn|68
|
|t:|1720812500
|move|p2a: Latios|Hidden Power|p1a: Ferrothorn
|-supereffective|p1a: Ferrothorn
|-damage|p1a: Ferrothorn|0 fnt
|faint|p1a: Ferrothorn
|
|-weather|Sandstorm|[upkeep]
|-damage|p2a: Latios|70/100|[from] Sandstorm
|upkeep
|
|t:|1720812506
|switch|p1a: Alakazam|Alakazam, M|100/100 par
|turn|69
|
|t:|1720812511
|move|p2a: Latios|Recover|p2a: Latios
|-heal|p2a: Latios|100/100
|move|p1a: Alakazam|Hidden Power|p2a: Latios
|-supereffective|p2a: Latios
|-crit|p2a: Latios
|-damage|p2a: Latios|0 fnt
|faint|p2a: Latios
|
|-weather|Sandstorm|[upkeep]
|upkeep
|
|t:|1720812513
|switch|p2a: Tyranitar|Tyranitar, F|100/100
|turn|70
|
|t:|1720812519
|move|p2a: Tyranitar|Crunch|p1a: Alakazam
|-supereffective|p1a: Alakazam
|-enditem|p1a: Alakazam|Focus Sash
|-damage|p1a: Alakazam|1/100 par
|move|p1a: Alakazam|Hidden Power|p2a: Tyranitar
|-damage|p2a: Tyranitar|84/100
|
|-weather|Sandstorm|[upkeep]
|upkeep
|turn|71
|c|☆triple axel river|rip
|
|t:|1720812528
|move|p2a: Tyranitar|Crunch|p1a: Alakazam
|-supereffective|p1a: Alakazam
|-crit|p1a: Alakazam
|-damage|p1a: Alakazam|0 fnt
|faint|p1a: Alakazam
|
|-weather|Sandstorm|[upkeep]
|upkeep
|
|t:|1720812534
|switch|p1a: Scizor|Scizor, M|76/100
|-damage|p1a: Scizor|51/100|[from] Spikes
|turn|72
|
|t:|1720812544
|move|p1a: Scizor|Bullet Punch|p2a: Tyranitar
|-supereffective|p2a: Tyranitar
|-damage|p2a: Tyranitar|0 fnt
|faint|p2a: Tyranitar
|
|win|CertamenMeum
|raw|CertamenMeum's rating: 1477 &rarr; <strong>1502</strong><br />(+25 for winning)
|raw|triple axel river's rating: 1566 &rarr; <strong>1541</strong><br />(-25 for losing)
|c|☆CertamenMeum|gg
|l|☆triple axel river
|player|p2|
