|join|shadowist
|join|dtw
|player|p1|shadowist|269
|player|p2|dtw|1
|gametype|singles
|gen|5
|tier|[Gen 5] OU
|rated
|rule|Evasion Abilities Clause: Evasion abilities are banned
|clearpoke
|poke|p1|Politoed, F
|poke|p1|Volcarona, M
|poke|p1|Gastrodon, M
|poke|p1|Toxicroak, F
|poke|p1|Starmie
|poke|p1|Ferrothorn, M
|poke|p2|Staraptor, M
|poke|p2|Rotom-Wash
|poke|p2|Scizor, M
|poke|p2|Tyranitar, F
|poke|p2|Landorus-Therian, M
|poke|p2|Mienshao, F
|rule|Sleep Clause Mod: Limit one foe put to sleep
|rule|Species Clause: Limit one of each Pokémon
|rule|OHKO Clause: OHKO moves are banned
|rule|Moody Clause: Moody is banned
|rule|Evasion Moves Clause: Evasion moves are banned
|rule|Endless Battle Clause: Forcing endless battles is banned
|rule|HP Percentage Mod: HP is reported as percentages
|teampreview
|
|start
|switch|p1a: Ferrothorn|Ferrothorn, M|352/352
|switch|p2a: Rotom-Wash|Rotom-Wash|303/303
|turn|1
|
|move|p2a: Rotom-Wash|Will-O-Wisp|p1a: Ferrothorn
|-status|p1a: Ferrothorn|brn
|move|p1a: Ferrothorn|Stealth Rock|p2a: Rotom-Wash
|-sidestart|p2: dtw|move: Stealth Rock
|
|-damage|p1a: Ferrothorn|308/352 brn|[from] brn
|turn|2
|
|move|p2a: Rotom-Wash|Volt Switch|p1a: Ferrothorn
|-resisted|p1a: Ferrothorn
|-damage|p1a: Ferrothorn|273/352 brn
|
|switch|p2a: Landorus-Therian|Landorus-Therian, M|381/381
|-damage|p2a: Landorus-Therian|334/381|[from] Stealth Rock
|-ability|p2a: Landorus-Therian|Intimidate|[of] p1a: Ferrothorn
|-unboost|p1a: Ferrothorn|atk|1
|move|p1a: Ferrothorn|Leech Seed|p2a: Landorus-Therian
|-start|p2a: Landorus-Therian|move: Leech Seed
|
|-heal|p2a: Landorus-Therian|357/381|[from] item: Leftovers
|-heal|p1a: Ferrothorn|295/352 brn|[from] item: Leftovers
|-damage|p2a: Landorus-Therian|310/381|[from] Leech Seed|[of] p1a: Ferrothorn
|-heal|p1a: Ferrothorn|342/352 brn|[silent]
|-damage|p1a: Ferrothorn|298/352 brn|[from] brn
|turn|3
|
|switch|p1a: Starmie|Starmie|261/261
|move|p2a: Landorus-Therian|Stealth Rock|p1a: Starmie
|-sidestart|p1: shadowist|move: Stealth Rock
|
|-heal|p2a: Landorus-Therian|333/381|[from] item: Leftovers
|-damage|p2a: Landorus-Therian|286/381|[from] Leech Seed|[of] p1a: Starmie
|turn|4
|
|switch|p2a: Tyranitar|Tyranitar, F|341/341
|-damage|p2a: Tyranitar|299/341|[from] Stealth Rock
|-weather|Sandstorm|[from] ability: Sand Stream|[of] p2a: Tyranitar
|move|p1a: Starmie|Ice Beam|p2a: Tyranitar
|-damage|p2a: Tyranitar|232/341
|
|-weather|Sandstorm|[upkeep]
|-damage|p1a: Starmie|245/261|[from] sandstorm
|-heal|p1a: Starmie|261/261|[from] item: Leftovers
|turn|5
|
|move|p2a: Tyranitar|Crunch|p1a: Starmie
|-supereffective|p1a: Starmie
|-damage|p1a: Starmie|0 fnt
|faint|p1a: Starmie
|
|-weather|Sandstorm|[upkeep]
|
|switch|p1a: Politoed|Politoed, F|384/384
|-damage|p1a: Politoed|336/384|[from] Stealth Rock
|-weather|RainDance|[from] ability: Drizzle|[of] p1a: Politoed
|turn|6
|
|switch|p2a: Rotom-Wash|Rotom-Wash|303/303
|-damage|p2a: Rotom-Wash|266/303|[from] Stealth Rock
|move|p1a: Politoed|Hidden Power|p2a: Rotom-Wash
|-supereffective|p2a: Rotom-Wash
|-damage|p2a: Rotom-Wash|124/303
|
|-weather|RainDance|[upkeep]
|-heal|p2a: Rotom-Wash|142/303|[from] item: Leftovers
|turn|7
|
|switch|p1a: Gastrodon|Gastrodon, M|426/426
|-damage|p1a: Gastrodon|400/426|[from] Stealth Rock
|move|p2a: Rotom-Wash|Volt Switch|p1a: Gastrodon
|-immune|p1a: Gastrodon|[msg]
|
|-weather|RainDance|[upkeep]
|-heal|p2a: Rotom-Wash|160/303|[from] item: Leftovers
|-heal|p1a: Gastrodon|426/426|[from] item: Leftovers
|turn|8
|
|move|p2a: Rotom-Wash|Will-O-Wisp|p1a: Gastrodon|[miss]
|-miss|p2a: Rotom-Wash|p1a: Gastrodon
|move|p1a: Gastrodon|Toxic|p2a: Rotom-Wash
|-status|p2a: Rotom-Wash|tox
|
|-weather|RainDance|[upkeep]
|-heal|p2a: Rotom-Wash|178/303 tox|[from] item: Leftovers
|-damage|p2a: Rotom-Wash|160/303 tox|[from] psn
|turn|9
|
|switch|p1a: Ferrothorn|Ferrothorn, M|298/352 brn
|-damage|p1a: Ferrothorn|276/352 brn|[from] Stealth Rock
|move|p2a: Rotom-Wash|Volt Switch|p1a: Ferrothorn
|-resisted|p1a: Ferrothorn
|-damage|p1a: Ferrothorn|245/352 brn
|
|switch|p2a: Mienshao|Mienshao, F|271/271
|-damage|p2a: Mienshao|255/271|[from] Stealth Rock
|
|-weather|RainDance|[upkeep]
|-heal|p1a: Ferrothorn|267/352 brn|[from] item: Leftovers
|-damage|p1a: Ferrothorn|223/352 brn|[from] brn
|turn|10
|
|move|p1a: Ferrothorn|Protect|p1a: Ferrothorn
|-singleturn|p1a: Ferrothorn|Protect
|move|p2a: Mienshao|High Jump Kick|p1a: Ferrothorn
|-activate|p1a: Ferrothorn|Protect
|-damage|p2a: Mienshao|120/271|[from] highjumpkick
|
|-weather|RainDance|[upkeep]
|-heal|p1a: Ferrothorn|245/352 brn|[from] item: Leftovers
|-damage|p1a: Ferrothorn|201/352 brn|[from] brn
|turn|11
|
|move|p2a: Mienshao|High Jump Kick|p1a: Ferrothorn
|-supereffective|p1a: Ferrothorn
|-damage|p1a: Ferrothorn|0 fnt
|-damage|p2a: Mienshao|87/271|[from] ability: Iron Barbs|[of] p1a: Ferrothorn
|-damage|p2a: Mienshao|60/271|[from] item: Life Orb
|faint|p1a: Ferrothorn
|
|-weather|RainDance|[upkeep]
|
|switch|p1a: Toxicroak|Toxicroak, F|314/314
|-damage|p1a: Toxicroak|295/314|[from] Stealth Rock
|turn|12
|
|move|p2a: Mienshao|U-turn|p1a: Toxicroak
|-resisted|p1a: Toxicroak
|-damage|p1a: Toxicroak|255/314
|-damage|p2a: Mienshao|33/271|[from] item: Life Orb
|
|switch|p2a: Scizor|Scizor, M|343/343
|-damage|p2a: Scizor|301/343|[from] Stealth Rock
|move|p1a: Toxicroak|Ice Punch|p2a: Scizor
|-resisted|p2a: Scizor
|-damage|p2a: Scizor|249/343
|-damage|p1a: Toxicroak|224/314|[from] item: Life Orb
|
|-weather|RainDance|[upkeep]
|-heal|p1a: Toxicroak|263/314|[from] ability: Dry Skin
|turn|13
|
|move|p2a: Scizor|Bullet Punch|p1a: Toxicroak
|-damage|p1a: Toxicroak|20/314
|move|p1a: Toxicroak|Drain Punch|p2a: Scizor
|-damage|p2a: Scizor|70/343
|-heal|p1a: Toxicroak|110/314|[from] drain|[of] p2a: Scizor
|-damage|p1a: Toxicroak|79/314|[from] item: Life Orb
|
|-weather|RainDance|[upkeep]
|-heal|p1a: Toxicroak|118/314|[from] ability: Dry Skin
|turn|14
|
|switch|p1a: Gastrodon|Gastrodon, M|426/426
|-damage|p1a: Gastrodon|400/426|[from] Stealth Rock
|move|p2a: Scizor|Bullet Punch|p1a: Gastrodon
|-resisted|p1a: Gastrodon
|-damage|p1a: Gastrodon|320/426
|
|-weather|RainDance|[upkeep]
|-heal|p1a: Gastrodon|346/426|[from] item: Leftovers
|turn|15
|
|switch|p2a: Rotom-Wash|Rotom-Wash|160/303 tox
|-damage|p2a: Rotom-Wash|123/303 tox|[from] Stealth Rock
|move|p1a: Gastrodon|Scald|p2a: Rotom-Wash
|-resisted|p2a: Rotom-Wash
|-damage|p2a: Rotom-Wash|78/303 tox
|
|-weather|RainDance|[upkeep]
|-heal|p2a: Rotom-Wash|96/303 tox|[from] item: Leftovers
|-heal|p1a: Gastrodon|372/426|[from] item: Leftovers
|-damage|p2a: Rotom-Wash|78/303 tox|[from] psn
|turn|16
|
|move|p2a: Rotom-Wash|Volt Switch|p1a: Gastrodon
|-immune|p1a: Gastrodon|[msg]
|move|p1a: Gastrodon|Scald|p2a: Rotom-Wash
|-resisted|p2a: Rotom-Wash
|-damage|p2a: Rotom-Wash|32/303 tox
|
|-weather|RainDance|[upkeep]
|-heal|p2a: Rotom-Wash|50/303 tox|[from] item: Leftovers
|-heal|p1a: Gastrodon|398/426|[from] item: Leftovers
|-damage|p2a: Rotom-Wash|14/303 tox|[from] psn
|turn|17
|
|move|p2a: Rotom-Wash|Will-O-Wisp|p1a: Gastrodon|[miss]
|-miss|p2a: Rotom-Wash|p1a: Gastrodon
|move|p1a: Gastrodon|Scald|p2a: Rotom-Wash
|-resisted|p2a: Rotom-Wash
|-damage|p2a: Rotom-Wash|0 fnt
|faint|p2a: Rotom-Wash
|
|-weather|RainDance|[upkeep]
|-heal|p1a: Gastrodon|424/426|[from] item: Leftovers
|
|switch|p2a: Mienshao|Mienshao, F|123/271
|-damage|p2a: Mienshao|107/271|[from] Stealth Rock
|turn|18
|
|move|p2a: Mienshao|Grass Knot|p1a: Gastrodon
|-supereffective|p1a: Gastrodon
|-damage|p1a: Gastrodon|148/426
|-damage|p2a: Mienshao|80/271|[from] item: Life Orb
|move|p1a: Gastrodon|Recover|p1a: Gastrodon
|-heal|p1a: Gastrodon|361/426
|
|-weather|RainDance|[upkeep]
|-heal|p1a: Gastrodon|387/426|[from] item: Leftovers
|turn|19
|
|move|p2a: Mienshao|Grass Knot|p1a: Gastrodon
|-supereffective|p1a: Gastrodon
|-damage|p1a: Gastrodon|91/426
|-damage|p2a: Mienshao|53/271|[from] item: Life Orb
|move|p1a: Gastrodon|Recover|p1a: Gastrodon
|-heal|p1a: Gastrodon|304/426
|
|-weather|RainDance|[upkeep]
|-heal|p1a: Gastrodon|330/426|[from] item: Leftovers
|turn|20
|
|move|p2a: Mienshao|Grass Knot|p1a: Gastrodon
|-supereffective|p1a: Gastrodon
|-damage|p1a: Gastrodon|34/426
|-damage|p2a: Mienshao|26/271|[from] item: Life Orb
|move|p1a: Gastrodon|Recover|p1a: Gastrodon
|-heal|p1a: Gastrodon|247/426
|
|-weather|RainDance|[upkeep]
|-heal|p1a: Gastrodon|273/426|[from] item: Leftovers
|turn|21
|
|switch|p1a: Toxicroak|Toxicroak, F|118/314
|-damage|p1a: Toxicroak|99/314|[from] Stealth Rock
|move|p2a: Mienshao|High Jump Kick|p1a: Toxicroak
|-resisted|p1a: Toxicroak
|-damage|p1a: Toxicroak|0 fnt
|-damage|p2a: Mienshao|0 fnt|[from] item: Life Orb
|faint|p1a: Toxicroak
|faint|p2a: Mienshao
|
|-weather|RainDance|[upkeep]
|
|switch|p2a: Landorus-Therian|Landorus-Therian, M|286/381
|-damage|p2a: Landorus-Therian|239/381|[from] Stealth Rock
|switch|p1a: Gastrodon|Gastrodon, M|273/426
|-damage|p1a: Gastrodon|247/426|[from] Stealth Rock
|-ability|p2a: Landorus-Therian|Intimidate|[of] p1a: Gastrodon
|-unboost|p1a: Gastrodon|atk|1
|turn|22
|
|move|p2a: Landorus-Therian|Earthquake|p1a: Gastrodon
|-damage|p1a: Gastrodon|100/426
|move|p1a: Gastrodon|Recover|p1a: Gastrodon
|-heal|p1a: Gastrodon|313/426
|
|-weather|RainDance|[upkeep]
|-heal|p2a: Landorus-Therian|262/381|[from] item: Leftovers
|-heal|p1a: Gastrodon|339/426|[from] item: Leftovers
|turn|23
|
|move|p2a: Landorus-Therian|Earthquake|p1a: Gastrodon
|-damage|p1a: Gastrodon|185/426
|move|p1a: Gastrodon|Scald|p2a: Landorus-Therian
|-supereffective|p2a: Landorus-Therian
|-damage|p2a: Landorus-Therian|0 fnt
|faint|p2a: Landorus-Therian
|
|-weather|RainDance|[upkeep]
|-heal|p1a: Gastrodon|211/426|[from] item: Leftovers
|
|switch|p2a: Staraptor|Staraptor, M|311/311
|-damage|p2a: Staraptor|234/311|[from] Stealth Rock
|turn|24
|
|move|p2a: Staraptor|Brave Bird|p1a: Gastrodon
|-damage|p1a: Gastrodon|0 fnt
|-damage|p2a: Staraptor|164/311|[from] recoil|[of] p1a: Gastrodon
|faint|p1a: Gastrodon
|
|-weather|RainDance|[upkeep]
|
|switch|p1a: Politoed|Politoed, F|336/384
|-damage|p1a: Politoed|288/384|[from] Stealth Rock
|turn|25
|
|move|p2a: Staraptor|Brave Bird|p1a: Politoed
|-damage|p1a: Politoed|0 fnt
|-damage|p2a: Staraptor|69/311|[from] recoil|[of] p1a: Politoed
|faint|p1a: Politoed
|
|-weather|RainDance|[upkeep]
|
|switch|p1a: Volcarona|Volcarona, M|311/311
|-damage|p1a: Volcarona|156/311|[from] Stealth Rock
|turn|26
|
|move|p2a: Staraptor|Brave Bird|p1a: Volcarona
|-supereffective|p1a: Volcarona
|-damage|p1a: Volcarona|0 fnt
|-damage|p2a: Staraptor|18/311|[from] recoil|[of] p1a: Volcarona
|faint|p1a: Volcarona
|
|win|dtw
|raw|Ladder updating...
|chat|dtw|gg
|chat|shadowist|gg
|raw|shadowist's rating: 1448 &rarr; <strong>1422</strong><br />(-26 for losing)
|raw|dtw's rating: 1355 &rarr; <strong>1380</strong><br />(+25 for winning)