|j|☆porrompompom
|j|☆Conflict
|player|p1|porrompompom|266|1539
|player|p2|Conflict|126|1477
|teamsize|p1|6
|teamsize|p2|6
|gametype|singles
|gen|5
|tier|[Gen 5] OU
|rated|
|rule|Sleep Clause Mod: Limit one foe put to sleep
|rule|Species Clause: Limit one of each Pokémon
|rule|OHKO Clause: OHKO moves are banned
|rule|Moody Clause: Moody is banned
|rule|Evasion Moves Clause: Evasion moves are banned
|rule|Endless Battle Clause: Forcing endless battles is banned
|rule|HP Percentage Mod: HP is shown in percentages
|rule|Evasion Abilities Clause: Evasion abilities are banned
|rule|Baton Pass Clause: Limit one Baton Passer, can't pass Spe and other stats simultaneously
|rule|Swagger Clause: Swagger is banned
|clearpoke
|poke|p1|Ninetales, F|item
|poke|p1|Salamence, F|item
|poke|p1|Starmie|item
|poke|p1|Heatran, F|item
|poke|p1|Garchomp, M|item
|poke|p1|Scizor, M|item
|poke|p2|Victini|item
|poke|p2|Tyranitar, M|item
|poke|p2|Forretress, M|item
|poke|p2|Rotom-Wash|item
|poke|p2|Landorus-Therian, M|item
|poke|p2|Amoonguss, M|item
|teampreview
|inactive|Battle timer is ON: inactive players will automatically lose when time's up. (requested by porrompompom)
|inactive|Conflict has 120 seconds left.
|inactive|Conflict has 90 seconds left.
|inactive|Conflict has 60 seconds left.
|
|start
|switch|p1a: Garchomp|Garchomp, M|100/100
|switch|p2a: Tyranitar|Tyranitar, M|100/100
|-weather|Sandstorm|[from] ability: Sand Stream|[of] p2a: Tyranitar
|turn|1
|inactive|Conflict has 120 seconds left.
|
|switch|p2a: Amoonguss|Amoonguss, M|100/100
|move|p1a: Garchomp|Fire Fang|p2a: Amoonguss
|-supereffective|p2a: Amoonguss
|-damage|p2a: Amoonguss|30/100
|
|-weather|Sandstorm|[upkeep]
|-damage|p2a: Amoonguss|24/100|[from] Sandstorm
|-heal|p2a: Amoonguss|30/100|[from] item: Black Sludge
|upkeep
|turn|2
|inactive|Conflict has 120 seconds left.
|
|switch|p1a: Ninetales|Ninetales, F|100/100
|-weather|SunnyDay|[from] ability: Drought|[of] p1a: Ninetales
|switch|p2a: Tyranitar|Tyranitar, M|100/100
|-weather|Sandstorm|[from] ability: Sand Stream|[of] p2a: Tyranitar
|
|-weather|Sandstorm|[upkeep]
|-damage|p1a: Ninetales|94/100|[from] Sandstorm
|-heal|p1a: Ninetales|100/100|[from] item: Leftovers
|upkeep
|turn|3
|inactive|Conflict has 120 seconds left.
|
|switch|p2a: Rotom|Rotom-Wash|100/100
|move|p1a: Ninetales|Hypnosis|p2a: Rotom
|-status|p2a: Rotom|slp|[from] move: Hypnosis
|-enditem|p2a: Rotom|Chesto Berry|[eat]
|-curestatus|p2a: Rotom|slp|[msg]
|
|-weather|Sandstorm|[upkeep]
|-damage|p1a: Ninetales|94/100|[from] Sandstorm
|-damage|p2a: Rotom|95/100|[from] Sandstorm
|-heal|p1a: Ninetales|100/100|[from] item: Leftovers
|upkeep
|turn|4
|
|switch|p2a: Victini|Victini|100/100
|move|p1a: Ninetales|Sunny Day|p1a: Ninetales
|-weather|SunnyDay
|
|-weather|SunnyDay|[upkeep]
|upkeep
|turn|5
|inactive|Conflict has 120 seconds left.
|
|move|p1a: Ninetales|Hypnosis|p2a: Victini|[miss]
|-miss|p1a: Ninetales|p2a: Victini
|move|p2a: Victini|U-turn|p1a: Ninetales
|-resisted|p1a: Ninetales
|-damage|p1a: Ninetales|82/100
|
|switch|p2a: Tyranitar|Tyranitar, M|100/100|[from]move: U-turn
|-weather|Sandstorm|[from] ability: Sand Stream|[of] p2a: Tyranitar
|
|-weather|Sandstorm|[upkeep]
|-damage|p1a: Ninetales|76/100|[from] Sandstorm
|-heal|p1a: Ninetales|82/100|[from] item: Leftovers
|upkeep
|turn|6
|
|switch|p1a: Garchomp|Garchomp, M|100/100
|switch|p2a: Victini|Victini|100/100
|
|-weather|Sandstorm|[upkeep]
|-damage|p2a: Victini|94/100|[from] Sandstorm
|upkeep
|turn|7
|
|switch|p2a: Forretress|Forretress, M|100/100
|move|p1a: Garchomp|Dual Chop|p2a: Forretress
|-resisted|p2a: Forretress
|-damage|p2a: Forretress|92/100
|-resisted|p2a: Forretress
|-damage|p2a: Forretress|84/100
|-hitcount|p2a: Forretress|2
|
|-weather|Sandstorm|[upkeep]
|-heal|p2a: Forretress|90/100|[from] item: Leftovers
|upkeep
|turn|8
|
|switch|p1a: Heatran|Heatran, F|100/100
|-item|p1a: Heatran|Air Balloon
|move|p2a: Forretress|Spikes|p1a: Heatran
|-sidestart|p1: porrompompom|Spikes
|
|-weather|Sandstorm|[upkeep]
|-heal|p2a: Forretress|96/100|[from] item: Leftovers
|upkeep
|turn|9
|
|switch|p2a: Rotom|Rotom-Wash|95/100
|move|p1a: Heatran|Stealth Rock|p2a: Rotom
|-sidestart|p2: Conflict|move: Stealth Rock
|
|-weather|Sandstorm|[upkeep]
|-damage|p2a: Rotom|89/100|[from] Sandstorm
|upkeep
|turn|10
|
|switch|p1a: Ninetales|Ninetales, F|82/100
|-damage|p1a: Ninetales|70/100|[from] Spikes
|-weather|SunnyDay|[from] ability: Drought|[of] p1a: Ninetales
|move|p2a: Rotom|Hydro Pump|p1a: Ninetales
|-supereffective|p1a: Ninetales
|-crit|p1a: Ninetales
|-damage|p1a: Ninetales|0 fnt
|faint|p1a: Ninetales
|
|-weather|SunnyDay|[upkeep]
|upkeep
|c|☆porrompompom|bop
|
|switch|p1a: Garchomp|Garchomp, M|100/100
|-damage|p1a: Garchomp|88/100|[from] Spikes
|turn|11
|
|switch|p2a: Amoonguss|Amoonguss, M|64/100
|-damage|p2a: Amoonguss|51/100|[from] Stealth Rock
|move|p1a: Garchomp|Fire Fang|p2a: Amoonguss
|-supereffective|p2a: Amoonguss
|-crit|p2a: Amoonguss
|-damage|p2a: Amoonguss|0 fnt
|faint|p2a: Amoonguss
|
|-weather|SunnyDay|[upkeep]
|upkeep
|
|switch|p2a: Tyranitar|Tyranitar, M|100/100
|-damage|p2a: Tyranitar|88/100|[from] Stealth Rock
|-weather|Sandstorm|[from] ability: Sand Stream|[of] p2a: Tyranitar
|turn|12
|
|switch|p1a: Heatran|Heatran, F|100/100
|-item|p1a: Heatran|Air Balloon
|move|p2a: Tyranitar|Stealth Rock|p1a: Heatran
|-sidestart|p1: porrompompom|move: Stealth Rock
|
|-weather|Sandstorm|[upkeep]
|upkeep
|turn|13
|
|-activate|p1a: Heatran|move: Pursuit
|move|p2a: Tyranitar|Pursuit|p1a: Heatran|[from]Pursuit
|-resisted|p1a: Heatran
|-damage|p1a: Heatran|79/100
|-enditem|p1a: Heatran|Air Balloon
|switch|p1a: Garchomp|Garchomp, M|88/100
|-damage|p1a: Garchomp|76/100|[from] Spikes
|-damage|p1a: Garchomp|70/100|[from] Stealth Rock
|
|-weather|Sandstorm|[upkeep]
|upkeep
|turn|14
|inactive|Conflict has 120 seconds left.
|
|switch|p2a: Landorus|Landorus-Therian, M|100/100
|-damage|p2a: Landorus|88/100|[from] Stealth Rock
|-ability|p2a: Landorus|Intimidate|boost
|-unboost|p1a: Garchomp|atk|1
|move|p1a: Garchomp|Outrage|p2a: Landorus
|-damage|p2a: Landorus|15/100
|
|-weather|Sandstorm|[upkeep]
|upkeep
|turn|15
|inactive|Conflict has 120 seconds left.
|
|move|p2a: Landorus|Hidden Power|p1a: Garchomp
|-supereffective|p1a: Garchomp
|-damage|p1a: Garchomp|1/100
|move|p1a: Garchomp|Outrage|p2a: Landorus|[from]lockedmove
|-damage|p2a: Landorus|0 fnt
|faint|p2a: Landorus
|
|-weather|Sandstorm|[upkeep]
|upkeep
|
|switch|p2a: Forretress|Forretress, M|96/100
|-damage|p2a: Forretress|84/100|[from] Stealth Rock
|turn|16
|
|move|p1a: Garchomp|Outrage|p2a: Forretress|[from]lockedmove
|-resisted|p2a: Forretress
|-crit|p2a: Forretress
|-damage|p2a: Forretress|28/100
|-start|p1a: Garchomp|confusion|[fatigue]
|move|p2a: Forretress|Rapid Spin|p1a: Garchomp
|-damage|p1a: Garchomp|0 fnt
|-damage|p2a: Forretress|16/100|[from] ability: Rough Skin|[of] p1a: Garchomp
|-sideend|p2: Conflict|Stealth Rock|[from] move: Rapid Spin|[of] p2a: Forretress
|faint|p1a: Garchomp
|
|-weather|Sandstorm|[upkeep]
|-heal|p2a: Forretress|22/100|[from] item: Leftovers
|upkeep
|
|switch|p1a: Heatran|Heatran, F|79/100
|-damage|p1a: Heatran|66/100|[from] Stealth Rock
|-damage|p1a: Heatran|54/100|[from] Spikes
|turn|17
|
|move|p1a: Heatran|Stealth Rock|p2a: Forretress
|-sidestart|p2: Conflict|move: Stealth Rock
|move|p2a: Forretress|Earthquake|p1a: Heatran
|-supereffective|p1a: Heatran
|-damage|p1a: Heatran|0 fnt
|faint|p1a: Heatran
|
|-weather|Sandstorm|[upkeep]
|-heal|p2a: Forretress|28/100|[from] item: Leftovers
|upkeep
|
|switch|p1a: Starmie|Starmie|100/100
|-damage|p1a: Starmie|88/100|[from] Spikes
|-damage|p1a: Starmie|76/100|[from] Stealth Rock
|turn|18
|
|move|p1a: Starmie|Thunderbolt|p2a: Forretress
|-damage|p2a: Forretress|0 fnt
|faint|p2a: Forretress
|
|-weather|Sandstorm|[upkeep]
|-damage|p1a: Starmie|70/100|[from] Sandstorm
|upkeep
|
|switch|p2a: Rotom|Rotom-Wash|89/100
|-damage|p2a: Rotom|76/100|[from] Stealth Rock
|turn|19
|
|move|p1a: Starmie|Thunderbolt|p2a: Rotom
|-damage|p2a: Rotom|31/100
|move|p2a: Rotom|Volt Switch|p1a: Starmie
|-supereffective|p1a: Starmie
|-damage|p1a: Starmie|0 fnt
|faint|p1a: Starmie
|inactive|Conflict has 120 seconds left.
|inactive|Conflict has 90 seconds left.
|inactive|Conflict has 60 seconds left.
|
|switch|p2a: Victini|Victini|94/100|[from]move: Volt Switch
|-damage|p2a: Victini|69/100|[from] Stealth Rock
|
|-weather|Sandstorm|[upkeep]
|-damage|p2a: Victini|63/100|[from] Sandstorm
|upkeep
|inactive|porrompompom has 120 seconds left.
|inactive|porrompompom has 90 seconds left.
|
|switch|p1a: Salamence|Salamence, F|100/100
|-damage|p1a: Salamence|76/100|[from] Stealth Rock
|turn|20
|inactive|Conflict has 60 seconds left.
|inactive|Conflict has 30 seconds left.
|inactive|Conflict has 20 seconds left.
|
|switch|p2a: Tyranitar|Tyranitar, M|88/100
|-damage|p2a: Tyranitar|76/100|[from] Stealth Rock
|move|p1a: Salamence|Outrage|p2a: Tyranitar
|-damage|p2a: Tyranitar|26/100
|
|-weather|Sandstorm|[upkeep]
|-damage|p1a: Salamence|70/100|[from] Sandstorm
|upkeep
|turn|21
|inactive|Conflict has 30 seconds left this turn.
|
|switch|p2a: Rotom|Rotom-Wash|31/100
|-damage|p2a: Rotom|19/100|[from] Stealth Rock
|move|p1a: Salamence|Outrage|p2a: Rotom|[from]lockedmove
|-damage|p2a: Rotom|0 fnt
|faint|p2a: Rotom
|-ability|p1a: Salamence|Moxie|boost
|-boost|p1a: Salamence|atk|1
|
|-weather|Sandstorm|[upkeep]
|-damage|p1a: Salamence|64/100|[from] Sandstorm
|upkeep
|inactive|Conflict has 30 seconds left.
|
|switch|p2a: Tyranitar|Tyranitar, M|26/100
|-damage|p2a: Tyranitar|14/100|[from] Stealth Rock
|turn|22
|-enditem|p2a: Tyranitar|Custap Berry|[eat]
|-activate|p2a: Tyranitar|item: Custap Berry|[consumed]
|
|move|p2a: Tyranitar|Rock Slide|p1a: Salamence
|-supereffective|p1a: Salamence
|-damage|p1a: Salamence|0 fnt
|faint|p1a: Salamence
|
|-weather|Sandstorm|[upkeep]
|upkeep
|
|switch|p1a: Scizor|Scizor, M|100/100
|-damage|p1a: Scizor|88/100|[from] Stealth Rock
|-damage|p1a: Scizor|76/100|[from] Spikes
|turn|23
|raw|<div class="broadcast-red"><b>The server is restarting soon.</b><br />Please finish your battles quickly. No new battles can be started until the server resets in a few minutes.</div>
|inactive|staff also wants the timer to be on.
|raw|<div class="broadcast-red"><b>Moderated chat was set to +!</b><br />Only users of rank + and higher can talk.</div>
|inactive|porrompompom has 90 seconds left.
|
|move|p1a: Scizor|Swords Dance|p1a: Scizor
|-boost|p1a: Scizor|atk|2
|move|p2a: Tyranitar|Rock Slide|p1a: Scizor
|-damage|p1a: Scizor|30/100
|
|-weather|Sandstorm|[upkeep]
|upkeep
|turn|24
|
|move|p1a: Scizor|Bullet Punch|p2a: Tyranitar
|-supereffective|p2a: Tyranitar
|-damage|p2a: Tyranitar|0 fnt
|-damage|p1a: Scizor|20/100|[from] item: Life Orb
|faint|p2a: Tyranitar
|
|-weather|Sandstorm|[upkeep]
|upkeep
|
|switch|p2a: Victini|Victini|63/100
|-damage|p2a: Victini|38/100|[from] Stealth Rock
|turn|25
|
|move|p1a: Scizor|Bullet Punch|p2a: Victini
|-resisted|p2a: Victini
|-damage|p2a: Victini|0 fnt
|-damage|p1a: Scizor|10/100|[from] item: Life Orb
|faint|p2a: Victini
|
|win|porrompompom
|raw|porrompompom's rating: 1539 &rarr; <strong>1553</strong><br />(+14 for winning)
|raw|Conflict's rating: 1443 &rarr; <strong>1429</strong><br />(-14 for losing)
