|j|☆Gen5OU.AntiMeta
|j|☆Crimsonbacon38
|t:|1736191675
|gametype|singles
|player|p1|Gen5OU.AntiMeta|cyrus|1370
|player|p2|Crimsonbacon38|barry|1284
|teamsize|p1|6
|teamsize|p2|6
|gen|5
|tier|[Gen 5] OU
|rated|
|rule|Species Clause: Limit one of each Pokémon
|rule|OHKO Clause: OHKO moves are banned
|rule|Moody Clause: Moody is banned
|rule|Evasion Items Clause: Evasion items are banned
|rule|Evasion Moves Clause: Evasion moves are banned
|rule|Endless Battle Clause: Forcing endless battles is banned
|rule|HP Percentage Mod: HP is shown in percentages
|rule|Evasion Abilities Clause: Evasion abilities are banned
|rule|Sleep Moves Clause: Sleep-inducing moves are banned
|rule|Swagger Clause: Swagger is banned
|rule|Baton Pass Stat Clause: No Baton Passer may have a way to boost its stats
|clearpoke
|poke|p1|Mamoswine, M|item
|poke|p1|Hitmontop, M|item
|poke|p1|Zapdos|item
|poke|p1|Breloom, F|item
|poke|p1|Chansey, F|item
|poke|p1|Dragonite, M|item
|poke|p2|Tyranitar, M|item
|poke|p2|Gliscor, M|item
|poke|p2|Excadrill, F|item
|poke|p2|Latios, M|item
|poke|p2|Dragonite, M|item
|poke|p2|Scizor, M|item
|teampreview
|inactive|Battle timer is ON: inactive players will automatically lose when time's up. (requested by Gen5OU.AntiMeta)
|
|t:|1736191699
|start
|switch|p1a: da vinchi.|Zapdos, shiny|100/100
|switch|p2a: Tyranitar|Tyranitar, M|100/100
|-weather|Sandstorm|[from] ability: Sand Stream|[of] p2a: Tyranitar
|-ability|p1a: da vinchi.|Pressure
|turn|1
|
|t:|1736191709
|switch|p2a: Gliscor|Gliscor, M|100/100
|move|p1a: da vinchi.|Volt Switch|p2a: Gliscor
|-immune|p2a: Gliscor
|
|-weather|Sandstorm|[upkeep]
|-damage|p1a: da vinchi.|94/100|[from] Sandstorm
|-heal|p1a: da vinchi.|100/100|[from] item: Leftovers
|-status|p2a: Gliscor|tox|[from] item: Toxic Orb
|upkeep
|turn|2
|
|t:|1736191722
|switch|p2a: Scizor|Scizor, M|100/100
|move|p1a: da vinchi.|Hidden Power|p2a: Scizor
|-resisted|p2a: Scizor
|-damage|p2a: Scizor|82/100
|
|-weather|Sandstorm|[upkeep]
|-damage|p1a: da vinchi.|94/100|[from] Sandstorm
|-heal|p1a: da vinchi.|100/100|[from] item: Leftovers
|upkeep
|turn|3
|
|t:|1736191731
|switch|p2a: Latios|Latios, M|100/100
|move|p1a: da vinchi.|Heat Wave|p2a: Latios
|-resisted|p2a: Latios
|-damage|p2a: Latios|82/100
|
|-weather|Sandstorm|[upkeep]
|-damage|p2a: Latios|76/100|[from] Sandstorm
|-damage|p1a: da vinchi.|94/100|[from] Sandstorm
|-heal|p1a: da vinchi.|100/100|[from] item: Leftovers
|upkeep
|turn|4
|
|t:|1736191741
|switch|p1a: omega.|Chansey, F, shiny|100/100
|move|p2a: Latios|Draco Meteor|p1a: omega.
|-damage|p1a: omega.|76/100
|-unboost|p2a: Latios|spa|2
|
|-weather|Sandstorm|[upkeep]
|-damage|p2a: Latios|70/100|[from] Sandstorm
|-damage|p1a: omega.|70/100|[from] Sandstorm
|upkeep
|turn|5
|
|t:|1736191752
|switch|p2a: Excadrill|Excadrill, F|100/100
|move|p1a: omega.|Stealth Rock|p2a: Excadrill
|-sidestart|p2: Crimsonbacon38|move: Stealth Rock
|
|-weather|Sandstorm|[upkeep]
|-damage|p1a: omega.|64/100|[from] Sandstorm
|upkeep
|turn|6
|
|t:|1736191758
|switch|p1a: da vinchi.|Zapdos, shiny|100/100
|-ability|p1a: da vinchi.|Pressure
|move|p2a: Excadrill|Stealth Rock|p1a: da vinchi.
|-sidestart|p1: Gen5OU.AntiMeta|move: Stealth Rock
|
|-weather|Sandstorm|[upkeep]
|-damage|p1a: da vinchi.|94/100|[from] Sandstorm
|-heal|p1a: da vinchi.|100/100|[from] item: Leftovers
|upkeep
|turn|7
|
|t:|1736191765
|switch|p2a: Tyranitar|Tyranitar, M|100/100
|-damage|p2a: Tyranitar|88/100|[from] Stealth Rock
|move|p1a: da vinchi.|Heat Wave|p2a: Tyranitar
|-resisted|p2a: Tyranitar
|-damage|p2a: Tyranitar|76/100
|
|-weather|Sandstorm|[upkeep]
|-damage|p1a: da vinchi.|94/100|[from] Sandstorm
|-heal|p1a: da vinchi.|100/100|[from] item: Leftovers
|upkeep
|turn|8
|
|t:|1736191771
|move|p2a: Tyranitar|Ice Beam|p1a: da vinchi.
|-supereffective|p1a: da vinchi.
|-crit|p1a: da vinchi.
|-damage|p1a: da vinchi.|15/100
|move|p1a: da vinchi.|Volt Switch|p2a: Tyranitar
|-damage|p2a: Tyranitar|49/100
|
|t:|1736191777
|switch|p1a: Hitmontop|Hitmontop, M|100/100|[from] Volt Switch
|-damage|p1a: Hitmontop|94/100|[from] Stealth Rock
|-ability|p1a: Hitmontop|Intimidate|boost
|-unboost|p2a: Tyranitar|atk|1
|
|-weather|Sandstorm|[upkeep]
|-damage|p1a: Hitmontop|88/100|[from] Sandstorm
|-heal|p1a: Hitmontop|94/100|[from] item: Leftovers
|upkeep
|turn|9
|inactive|Crimsonbacon38 has 120 seconds left.
|
|t:|1736191815
|switch|p2a: Gliscor|Gliscor, M|100/100 tox
|-damage|p2a: Gliscor|88/100 tox|[from] Stealth Rock
|move|p1a: Hitmontop|Rapid Spin|p2a: Gliscor
|-damage|p2a: Gliscor|84/100 tox
|-sideend|p1: Gen5OU.AntiMeta|Stealth Rock|[from] move: Rapid Spin|[of] p1a: Hitmontop
|
|-weather|Sandstorm|[upkeep]
|-damage|p1a: Hitmontop|88/100|[from] Sandstorm
|-heal|p1a: Hitmontop|94/100|[from] item: Leftovers
|-heal|p2a: Gliscor|97/100 tox|[from] ability: Poison Heal
|upkeep
|turn|10
|inactive|Crimsonbacon38 has 120 seconds left.
|
|t:|1736191825
|switch|p1a: omega.|Chansey, F, shiny|64/100
|move|p2a: Gliscor|Swords Dance|p2a: Gliscor
|-boost|p2a: Gliscor|atk|2
|
|-weather|Sandstorm|[upkeep]
|-damage|p1a: omega.|58/100|[from] Sandstorm
|-heal|p2a: Gliscor|100/100 tox|[from] ability: Poison Heal
|upkeep
|turn|11
|
|t:|1736191831
|move|p2a: Gliscor|Earthquake|p1a: omega.
|-damage|p1a: omega.|16/100
|move|p1a: omega.|Wish|p1a: omega.
|
|-weather|Sandstorm|[upkeep]
|-damage|p1a: omega.|10/100|[from] Sandstorm
|upkeep
|turn|12
|
|t:|1736191837
|switch|p1a: da vinchi.|Zapdos, shiny|15/100
|-ability|p1a: da vinchi.|Pressure
|move|p2a: Gliscor|Facade|p1a: da vinchi.
|-damage|p1a: da vinchi.|0 fnt
|faint|p1a: da vinchi.
|
|-weather|Sandstorm|[upkeep]
|upkeep
|
|t:|1736191840
|switch|p1a: xio ling.|Mamoswine, M, shiny|100/100
|turn|13
|
|t:|1736191851
|switch|p2a: Excadrill|Excadrill, F|100/100
|-damage|p2a: Excadrill|97/100|[from] Stealth Rock
|move|p1a: xio ling.|Ice Shard|p2a: Excadrill
|-damage|p2a: Excadrill|55/100
|
|-weather|Sandstorm|[upkeep]
|-heal|p2a: Excadrill|61/100|[from] item: Leftovers
|upkeep
|turn|14
|
|t:|1736191873
|move|p1a: xio ling.|Ice Shard|p2a: Excadrill
|-damage|p2a: Excadrill|16/100
|move|p2a: Excadrill|Iron Head|p1a: xio ling.
|-supereffective|p1a: xio ling.
|-damage|p1a: xio ling.|0 fnt
|faint|p1a: xio ling.
|
|-weather|Sandstorm|[upkeep]
|-heal|p2a: Excadrill|22/100|[from] item: Leftovers
|upkeep
|
|t:|1736191878
|switch|p1a: aries god of war.|Breloom, F, shiny|100/100
|turn|15
|
|t:|1736191895
|switch|p2a: Gliscor|Gliscor, M|100/100 tox
|-damage|p2a: Gliscor|88/100 tox|[from] Stealth Rock
|move|p1a: aries god of war.|Mach Punch|p2a: Gliscor
|-resisted|p2a: Gliscor
|-damage|p2a: Gliscor|71/100 tox
|
|-weather|Sandstorm|[upkeep]
|-damage|p1a: aries god of war.|94/100|[from] Sandstorm
|-heal|p2a: Gliscor|83/100 tox|[from] ability: Poison Heal
|upkeep
|turn|16
|
|t:|1736191902
|move|p2a: Gliscor|Swords Dance|p2a: Gliscor
|-boost|p2a: Gliscor|atk|2
|move|p1a: aries god of war.|Bullet Seed|p2a: Gliscor
|-damage|p2a: Gliscor|65/100 tox
|-damage|p2a: Gliscor|46/100 tox
|-hitcount|p2a: Gliscor|2
|
|-weather|Sandstorm|[upkeep]
|-damage|p1a: aries god of war.|88/100|[from] Sandstorm
|-heal|p2a: Gliscor|58/100 tox|[from] ability: Poison Heal
|upkeep
|turn|17
|
|t:|1736191909
|move|p2a: Gliscor|Protect|p2a: Gliscor
|-singleturn|p2a: Gliscor|Protect
|move|p1a: aries god of war.|Bullet Seed|p2a: Gliscor
|-activate|p2a: Gliscor|move: Protect
|
|-weather|Sandstorm|[upkeep]
|-damage|p1a: aries god of war.|82/100|[from] Sandstorm
|-heal|p2a: Gliscor|71/100 tox|[from] ability: Poison Heal
|upkeep
|turn|18
|
|t:|1736191917
|move|p2a: Gliscor|Facade|p1a: aries god of war.
|-damage|p1a: aries god of war.|2/100
|move|p1a: aries god of war.|Bullet Seed|p2a: Gliscor
|-crit|p2a: Gliscor
|-damage|p2a: Gliscor|37/100 tox
|-damage|p2a: Gliscor|19/100 tox
|-damage|p2a: Gliscor|4/100 tox
|-hitcount|p2a: Gliscor|3
|
|-weather|Sandstorm|[upkeep]
|-damage|p1a: aries god of war.|0 fnt|[from] Sandstorm
|faint|p1a: aries god of war.
|-heal|p2a: Gliscor|16/100 tox|[from] ability: Poison Heal
|upkeep
|
|t:|1736191940
|switch|p1a: Dragonite|Dragonite, M|100/100
|turn|19
|
|t:|1736191956
|move|p1a: Dragonite|Extreme Speed|p2a: Gliscor
|-damage|p2a: Gliscor|0 fnt
|faint|p2a: Gliscor
|
|-weather|Sandstorm|[upkeep]
|-damage|p1a: Dragonite|94/100|[from] Sandstorm
|upkeep
|
|t:|1736191962
|switch|p2a: Scizor|Scizor, M|82/100
|-damage|p2a: Scizor|69/100|[from] Stealth Rock
|turn|20
|
|t:|1736191965
|move|p1a: Dragonite|Fire Punch|p2a: Scizor
|-supereffective|p2a: Scizor
|-damage|p2a: Scizor|0 fnt
|faint|p2a: Scizor
|
|-weather|Sandstorm|[upkeep]
|-damage|p1a: Dragonite|88/100|[from] Sandstorm
|upkeep
|
|t:|1736191982
|switch|p2a: Excadrill|Excadrill, F|22/100
|-damage|p2a: Excadrill|19/100|[from] Stealth Rock
|turn|21
|
|t:|1736191990
|move|p1a: Dragonite|Extreme Speed|p2a: Excadrill
|-resisted|p2a: Excadrill
|-damage|p2a: Excadrill|0 fnt
|faint|p2a: Excadrill
|
|-weather|Sandstorm|[upkeep]
|-damage|p1a: Dragonite|82/100|[from] Sandstorm
|upkeep
|
|t:|1736191996
|switch|p2a: Latios|Latios, M|70/100
|-damage|p2a: Latios|57/100|[from] Stealth Rock
|turn|22
|
|t:|1736192003
|switch|p1a: omega.|Chansey, F, shiny|10/100
|move|p2a: Latios|Draco Meteor|p1a: omega.
|-damage|p1a: omega.|0 fnt
|-unboost|p2a: Latios|spa|2
|faint|p1a: omega.
|
|-weather|Sandstorm|[upkeep]
|-damage|p2a: Latios|51/100|[from] Sandstorm
|upkeep
|
|t:|1736192005
|switch|p1a: Hitmontop|Hitmontop, M|94/100
|-ability|p1a: Hitmontop|Intimidate|boost
|-unboost|p2a: Latios|atk|1
|turn|23
|
|t:|1736192010
|switch|p2a: Tyranitar|Tyranitar, M|49/100
|-damage|p2a: Tyranitar|37/100|[from] Stealth Rock
|move|p1a: Hitmontop|Toxic|p2a: Tyranitar
|-status|p2a: Tyranitar|tox
|
|-weather|Sandstorm|[upkeep]
|-damage|p1a: Hitmontop|88/100|[from] Sandstorm
|-heal|p1a: Hitmontop|94/100|[from] item: Leftovers
|-damage|p2a: Tyranitar|30/100 tox|[from] psn
|upkeep
|turn|24
|
|t:|1736192018
|move|p2a: Tyranitar|Superpower|p1a: Hitmontop
|-damage|p1a: Hitmontop|61/100
|-unboost|p2a: Tyranitar|atk|1
|-unboost|p2a: Tyranitar|def|1
|move|p1a: Hitmontop|High Jump Kick|p2a: Tyranitar
|-supereffective|p2a: Tyranitar
|-damage|p2a: Tyranitar|0 fnt
|faint|p2a: Tyranitar
|
|-weather|Sandstorm|[upkeep]
|-damage|p1a: Hitmontop|54/100|[from] Sandstorm
|-heal|p1a: Hitmontop|61/100|[from] item: Leftovers
|upkeep
|
|t:|1736192033
|switch|p2a: Latios|Latios, M|51/100
|-damage|p2a: Latios|39/100|[from] Stealth Rock
|turn|25
|
|t:|1736192036
|move|p2a: Latios|Psyshock|p1a: Hitmontop
|-supereffective|p1a: Hitmontop
|-damage|p1a: Hitmontop|0 fnt
|faint|p1a: Hitmontop
|
|-weather|Sandstorm|[upkeep]
|-damage|p2a: Latios|33/100|[from] Sandstorm
|upkeep
|
|t:|1736192038
|switch|p1a: Dragonite|Dragonite, M|82/100
|turn|26
|
|t:|1736192041
|move|p2a: Latios|Psyshock|p1a: Dragonite
|-damage|p1a: Dragonite|36/100
|move|p1a: Dragonite|Dragon Dance|p1a: Dragonite
|-boost|p1a: Dragonite|atk|1
|-boost|p1a: Dragonite|spe|1
|
|-weather|Sandstorm|[upkeep]
|-damage|p2a: Latios|27/100|[from] Sandstorm
|-damage|p1a: Dragonite|30/100|[from] Sandstorm
|upkeep
|turn|27
|
|t:|1736192046
|move|p1a: Dragonite|Extreme Speed|p2a: Latios
|-damage|p2a: Latios|0 fnt
|faint|p2a: Latios
|
|-weather|Sandstorm|[upkeep]
|-damage|p1a: Dragonite|24/100|[from] Sandstorm
|upkeep
|
|t:|1736192049
|switch|p2a: Dragonite|Dragonite, M|100/100
|-damage|p2a: Dragonite|76/100|[from] Stealth Rock
|turn|28
|
|t:|1736192051
|move|p2a: Dragonite|Extreme Speed|p1a: Dragonite
|-damage|p1a: Dragonite|0 fnt
|faint|p1a: Dragonite
|
|win|Crimsonbacon38
|raw|Gen5OU.AntiMeta's rating: 1370 &rarr; <strong>1345</strong><br />(-25 for losing)
|raw|Crimsonbacon38's rating: 1284 &rarr; <strong>1315</strong><br />(+31 for winning)
|l|☆Gen5OU.AntiMeta
|player|p1|
|c|☆Crimsonbacon38|gg
|l|☆Crimsonbacon38
|player|p2|
|j|☆Crimsonbacon38
|player|p2|Crimsonbacon38|barry|
