|j|☆lombre 2.0
|j|☆bwr spyro190
|t:|1723907684
|gametype|singles
|player|p1|lombre 2.0|hiker-gen4|1282
|player|p2|bwr spyro190|bugcatcher-gen4dp|1384
|teamsize|p1|6
|teamsize|p2|6
|gen|5
|tier|[Gen 5] OU
|rated|
|rule|Species Clause: Limit one of each Pokémon
|rule|OHKO Clause: OHKO moves are banned
|rule|Moody Clause: Moody is banned
|rule|Evasion Items Clause: Evasion items are banned
|rule|Evasion Moves Clause: Evasion moves are banned
|rule|Endless Battle Clause: Forcing endless battles is banned
|rule|HP Percentage Mod: HP is shown in percentages
|rule|Evasion Abilities Clause: Evasion abilities are banned
|rule|Sleep Moves Clause: Sleep-inducing moves are banned
|rule|Swagger Clause: Swagger is banned
|rule|Baton Pass Stat Clause: No Baton Passer may have a way to boost its stats
|clearpoke
|poke|p1|Xatu, M|item
|poke|p1|Volcarona, F|item
|poke|p1|Dragonite, M|item
|poke|p1|Mamoswine, M|item
|poke|p1|Gastrodon-East, M|item
|poke|p1|Blissey, F|item
|poke|p2|Volcarona, F|item
|poke|p2|Garchomp, F|item
|poke|p2|Starmie|item
|poke|p2|Scizor, F|item
|poke|p2|Dragonite, F|item
|poke|p2|Breloom, F|item
|teampreview
|inactive|Battle timer is ON: inactive players will automatically lose when time's up. (requested by lombre 2.0)
|
|t:|1723907703
|start
|switch|p1a: Mamoswine|Mamoswine, M|100/100
|switch|p2a: Señora García|Garchomp, F|100/100
|turn|1
|
|t:|1723907723
|move|p2a: Señora García|Earthquake|p1a: Mamoswine
|-damage|p1a: Mamoswine|40/100
|move|p1a: Mamoswine|Earthquake|p2a: Señora García
|-damage|p2a: Señora García|47/100
|
|upkeep
|turn|2
|
|t:|1723907736
|switch|p2a: Margot Robbie|Starmie|100/100
|-item|p2a: Margot Robbie|Air Balloon
|move|p1a: Mamoswine|Ice Shard|p2a: Margot Robbie
|-resisted|p2a: Margot Robbie
|-damage|p2a: Margot Robbie|81/100
|-enditem|p2a: Margot Robbie|Air Balloon
|
|upkeep
|turn|3
|
|t:|1723907742
|switch|p1a: Gastrodon|Gastrodon-East, M|100/100
|move|p2a: Margot Robbie|Ice Beam|p1a: Gastrodon
|-damage|p1a: Gastrodon|67/100
|
|-heal|p1a: Gastrodon|73/100|[from] item: Leftovers
|upkeep
|turn|4
|
|t:|1723907758
|switch|p2a: Shezor|Scizor, F|100/100
|move|p1a: Gastrodon|Ice Beam|p2a: Shezor
|-resisted|p2a: Shezor
|-damage|p2a: Shezor|85/100
|
|-heal|p1a: Gastrodon|79/100|[from] item: Leftovers
|upkeep
|turn|5
|
|t:|1723907764
|switch|p2a: Berry Lum|Breloom, F|100/100
|move|p1a: Gastrodon|Recover|p1a: Gastrodon
|-heal|p1a: Gastrodon|100/100
|
|upkeep
|turn|6
|
|t:|1723907771
|switch|p1a: Volcarona|Volcarona, F|100/100
|move|p2a: Berry Lum|Swords Dance|p2a: Berry Lum
|-boost|p2a: Berry Lum|atk|2
|
|upkeep
|turn|7
|
|t:|1723907778
|move|p1a: Volcarona|Fire Blast|p2a: Berry Lum
|-supereffective|p2a: Berry Lum
|-damage|p2a: Berry Lum|0 fnt
|faint|p2a: Berry Lum
|
|upkeep
|
|t:|1723907782
|switch|p2a: Señora García|Garchomp, F|47/100
|turn|8
|j| nb41st
|l| nb41st
|
|t:|1723907793
|move|p2a: Señora García|Stealth Rock|p1a: Volcarona
|-sidestart|p1: lombre 2.0|move: Stealth Rock
|move|p1a: Volcarona|Bug Buzz|p2a: Señora García
|-damage|p2a: Señora García|0 fnt
|faint|p2a: Señora García
|
|upkeep
|
|t:|1723907808
|switch|p2a: Margot Robbie|Starmie|81/100
|turn|9
|
|t:|1723907818
|move|p2a: Margot Robbie|Hydro Pump|p1a: Volcarona
|-supereffective|p1a: Volcarona
|-damage|p1a: Volcarona|0 fnt
|faint|p1a: Volcarona
|
|upkeep
|
|t:|1723907820
|switch|p1a: Gastrodon|Gastrodon-East, M|100/100
|-damage|p1a: Gastrodon|94/100|[from] Stealth Rock
|turn|10
|j| nb41st
|
|t:|1723907831
|move|p2a: Margot Robbie|Ice Beam|p1a: Gastrodon
|-damage|p1a: Gastrodon|66/100
|move|p1a: Gastrodon|Scald|p2a: Margot Robbie
|-resisted|p2a: Margot Robbie
|-damage|p2a: Margot Robbie|62/100
|-status|p2a: Margot Robbie|brn
|
|-heal|p1a: Gastrodon|73/100|[from] item: Leftovers
|-damage|p2a: Margot Robbie|50/100 brn|[from] brn
|upkeep
|turn|11
|
|t:|1723907839
|move|p2a: Margot Robbie|Ice Beam|p1a: Gastrodon
|-damage|p1a: Gastrodon|49/100
|move|p1a: Gastrodon|Scald|p2a: Margot Robbie
|-resisted|p2a: Margot Robbie
|-damage|p2a: Margot Robbie|32/100 brn
|
|-heal|p1a: Gastrodon|55/100|[from] item: Leftovers
|-damage|p2a: Margot Robbie|20/100 brn|[from] brn
|upkeep
|turn|12
|
|t:|1723907845
|switch|p2a: Dragon Hate|Dragonite, F|100/100
|move|p1a: Gastrodon|Recover|p1a: Gastrodon
|-heal|p1a: Gastrodon|100/100
|
|upkeep
|turn|13
|
|t:|1723907851
|move|p2a: Dragon Hate|Dragon Dance|p2a: Dragon Hate
|-boost|p2a: Dragon Hate|atk|1
|-boost|p2a: Dragon Hate|spe|1
|move|p1a: Gastrodon|Ice Beam|p2a: Dragon Hate
|-supereffective|p2a: Dragon Hate
|-crit|p2a: Dragon Hate
|-damage|p2a: Dragon Hate|11/100
|
|upkeep
|turn|14
|
|t:|1723907859
|switch|p1a: Xatu|Xatu, M|100/100
|-damage|p1a: Xatu|76/100|[from] Stealth Rock
|move|p2a: Dragon Hate|Outrage|p1a: Xatu
|-damage|p1a: Xatu|0 fnt
|-damage|p2a: Dragon Hate|0 fnt|[from] item: Rocky Helmet|[of] p1a: Xatu
|faint|p2a: Dragon Hate
|faint|p1a: Xatu
|
|upkeep
|
|t:|1723907872
|switch|p2a: Shezor|Scizor, F|85/100
|switch|p1a: Gastrodon|Gastrodon-East, M|100/100
|-damage|p1a: Gastrodon|94/100|[from] Stealth Rock
|turn|15
|
|t:|1723907874
|move|p2a: Shezor|Swords Dance|p2a: Shezor
|-boost|p2a: Shezor|atk|2
|move|p1a: Gastrodon|Scald|p2a: Shezor
|-damage|p2a: Shezor|51/100
|
|-heal|p1a: Gastrodon|100/100|[from] item: Leftovers
|upkeep
|turn|16
|
|t:|1723907880
|move|p2a: Shezor|Superpower|p1a: Gastrodon
|-damage|p1a: Gastrodon|15/100
|-unboost|p2a: Shezor|atk|1
|-unboost|p2a: Shezor|def|1
|-damage|p2a: Shezor|41/100|[from] item: Life Orb
|move|p1a: Gastrodon|Scald|p2a: Shezor
|-crit|p2a: Shezor
|-damage|p2a: Shezor|0 fnt
|faint|p2a: Shezor
|
|-heal|p1a: Gastrodon|21/100|[from] item: Leftovers
|upkeep
|
|t:|1723907890
|switch|p2a: Margot Robbie|Starmie|20/100 brn
|turn|17
|
|t:|1723907911
|move|p2a: Margot Robbie|Ice Beam|p1a: Gastrodon
|-damage|p1a: Gastrodon|0 fnt
|faint|p1a: Gastrodon
|
|-damage|p2a: Margot Robbie|8/100 brn|[from] brn
|upkeep
|
|t:|1723907921
|switch|p1a: Blissey|Blissey, F|100/100
|-damage|p1a: Blissey|88/100|[from] Stealth Rock
|turn|18
|
|t:|1723907924
|move|p2a: Margot Robbie|Ice Beam|p1a: Blissey
|-damage|p1a: Blissey|78/100
|move|p1a: Blissey|Stealth Rock|p2a: Margot Robbie
|-sidestart|p2: bwr spyro190|move: Stealth Rock
|
|-heal|p1a: Blissey|84/100|[from] item: Leftovers
|-damage|p2a: Margot Robbie|0 fnt|[from] brn
|faint|p2a: Margot Robbie
|upkeep
|
|t:|1723907929
|switch|p2a: Millennium|Volcarona, F|100/100
|-damage|p2a: Millennium|51/100|[from] Stealth Rock
|turn|19
|
|t:|1723907932
|move|p2a: Millennium|Quiver Dance|p2a: Millennium
|-boost|p2a: Millennium|spa|1
|-boost|p2a: Millennium|spd|1
|-boost|p2a: Millennium|spe|1
|move|p1a: Blissey|Seismic Toss|p2a: Millennium
|-damage|p2a: Millennium|19/100
|-status|p1a: Blissey|brn|[from] ability: Flame Body|[of] p2a: Millennium
|
|-heal|p1a: Blissey|90/100 brn|[from] item: Leftovers
|-damage|p1a: Blissey|77/100 brn|[from] brn
|upkeep
|turn|20
|
|t:|1723907936
|move|p2a: Millennium|Giga Drain|p1a: Blissey
|-damage|p1a: Blissey|63/100 brn
|-heal|p2a: Millennium|36/100|[from] drain|[of] p1a: Blissey
|move|p1a: Blissey|Seismic Toss|p2a: Millennium
|-damage|p2a: Millennium|5/100
|
|-heal|p1a: Blissey|69/100 brn|[from] item: Leftovers
|-damage|p1a: Blissey|56/100 brn|[from] brn
|upkeep
|turn|21
|
|t:|1723907941
|move|p2a: Millennium|Bug Buzz|p1a: Blissey
|-damage|p1a: Blissey|26/100 brn
|move|p1a: Blissey|Seismic Toss|p2a: Millennium
|-damage|p2a: Millennium|0 fnt
|faint|p2a: Millennium
|
|win|lombre 2.0
|raw|lombre 2.0's rating: 1282 &rarr; <strong>1314</strong><br />(+32 for winning)
|raw|bwr spyro190's rating: 1384 &rarr; <strong>1358</strong><br />(-26 for losing)
|c|☆bwr spyro190|gg
