|j|☆Auxplr
|j|☆Primary Trout
|t:|1715187163
|gametype|singles
|player|p1|Auxplr|1|1380
|player|p2|Primary Trout|koga|1421
|teamsize|p1|6
|teamsize|p2|6
|gen|5
|tier|[Gen 5] OU
|rated|
|rule|Species Clause: Limit one of each Pokémon
|rule|OHKO Clause: OHKO moves are banned
|rule|Moody Clause: Moody is banned
|rule|Evasion Items Clause: Evasion items are banned
|rule|Evasion Moves Clause: Evasion moves are banned
|rule|Endless Battle Clause: Forcing endless battles is banned
|rule|HP Percentage Mod: HP is shown in percentages
|rule|Evasion Abilities Clause: Evasion abilities are banned
|rule|Sleep Moves Clause: Sleep-inducing moves are banned
|rule|Swagger Clause: Swagger is banned
|rule|Baton Pass Stat Clause: No Baton Passer may have a way to boost its stats
|clearpoke
|poke|p1|Politoed, M|item
|poke|p1|Keldeo|item
|poke|p1|Latios, M|item
|poke|p1|Tentacruel, M|item
|poke|p1|Ferrothorn, F|item
|poke|p1|Thundurus-Therian, M|item
|poke|p2|Jirachi|item
|poke|p2|Salamence, F|item
|poke|p2|Landorus-Therian, M|item
|poke|p2|Scizor, F|item
|poke|p2|Kyurem-Black|item
|poke|p2|Starmie|item
|teampreview
|inactive|Battle timer is ON: inactive players will automatically lose when time's up. (requested by Primary Trout)
|inactive|Auxplr has 120 seconds left.
|c|☆Auxplr|Where mag?
|
|t:|1715187201
|start
|switch|p1a: Politoed|Politoed, M|100/100
|switch|p2a: Jirachi|Jirachi|100/100
|-weather|RainDance|[from] ability: Drizzle|[of] p1a: Politoed
|turn|1
|
|t:|1715187210
|switch|p1a: Keldeo|Keldeo|100/100
|move|p2a: Jirachi|Thunder|p1a: Keldeo
|-supereffective|p1a: Keldeo
|-damage|p1a: Keldeo|37/100
|
|-weather|RainDance|[upkeep]
|upkeep
|turn|2
|
|t:|1715187213
|switch|p2a: Starmie|Starmie|100/100
|move|p1a: Keldeo|Hydro Pump|p2a: Starmie
|-resisted|p2a: Starmie
|-damage|p2a: Starmie|9/100
|
|-weather|RainDance|[upkeep]
|-heal|p2a: Starmie|16/100|[from] item: Leftovers
|upkeep
|turn|3
|
|t:|1715187219
|switch|p1a: Ferrothorn|Ferrothorn, F|100/100
|move|p2a: Starmie|Scald|p1a: Ferrothorn
|-resisted|p1a: Ferrothorn
|-damage|p1a: Ferrothorn|87/100
|
|-weather|RainDance|[upkeep]
|-heal|p2a: Starmie|22/100|[from] item: Leftovers
|-heal|p1a: Ferrothorn|93/100|[from] item: Leftovers
|upkeep
|turn|4
|
|t:|1715187223
|move|p2a: Starmie|Recover|p2a: Starmie
|-heal|p2a: Starmie|72/100
|move|p1a: Ferrothorn|Knock Off|p2a: Starmie
|-supereffective|p2a: Starmie
|-damage|p2a: Starmie|60/100
|-enditem|p2a: Starmie|Leftovers|[from] move: Knock Off|[of] p1a: Ferrothorn
|
|-weather|RainDance|[upkeep]
|-heal|p1a: Ferrothorn|99/100|[from] item: Leftovers
|upkeep
|turn|5
|
|t:|1715187227
|switch|p2a: Scizor|Scizor, F|100/100
|move|p1a: Ferrothorn|Power Whip|p2a: Scizor
|-resisted|p2a: Scizor
|-damage|p2a: Scizor|90/100
|
|-weather|RainDance|[upkeep]
|-heal|p2a: Scizor|96/100|[from] item: Leftovers
|-heal|p1a: Ferrothorn|100/100|[from] item: Leftovers
|upkeep
|turn|6
|
|t:|1715187229
|move|p2a: Scizor|Swords Dance|p2a: Scizor
|-boost|p2a: Scizor|atk|2
|move|p1a: Ferrothorn|Stealth Rock|p2a: Scizor
|-sidestart|p2: Primary Trout|move: Stealth Rock
|
|-weather|RainDance|[upkeep]
|-heal|p2a: Scizor|100/100|[from] item: Leftovers
|upkeep
|turn|7
|
|t:|1715187234
|switch|p1a: Tentacruel|Tentacruel, M|100/100
|move|p2a: Scizor|Superpower|p1a: Tentacruel
|-resisted|p1a: Tentacruel
|-damage|p1a: Tentacruel|56/100
|-unboost|p2a: Scizor|atk|1
|-unboost|p2a: Scizor|def|1
|
|-weather|RainDance|[upkeep]
|-heal|p1a: Tentacruel|62/100|[from] ability: Rain Dish
|-heal|p1a: Tentacruel|68/100|[from] item: Black Sludge
|upkeep
|turn|8
|
|t:|1715187237
|move|p1a: Tentacruel|Scald|p2a: Scizor
|-damage|p2a: Scizor|57/100
|-status|p2a: Scizor|brn
|move|p2a: Scizor|U-turn|p1a: Tentacruel
|-resisted|p1a: Tentacruel
|-damage|p1a: Tentacruel|54/100
|
|t:|1715187240
|switch|p2a: Starmie|Starmie|60/100|[from] U-turn
|-damage|p2a: Starmie|48/100|[from] Stealth Rock
|
|-weather|RainDance|[upkeep]
|-heal|p1a: Tentacruel|60/100|[from] ability: Rain Dish
|-heal|p1a: Tentacruel|66/100|[from] item: Black Sludge
|upkeep
|turn|9
|
|t:|1715187247
|move|p1a: Tentacruel|Protect|p1a: Tentacruel
|-singleturn|p1a: Tentacruel|Protect
|move|p2a: Starmie|Rapid Spin|p1a: Tentacruel
|-activate|p1a: Tentacruel|move: Protect
|
|-weather|RainDance|[upkeep]
|-heal|p1a: Tentacruel|72/100|[from] ability: Rain Dish
|-heal|p1a: Tentacruel|78/100|[from] item: Black Sludge
|upkeep
|turn|10
|
|t:|1715187252
|move|p2a: Starmie|Scald|p1a: Tentacruel
|-resisted|p1a: Tentacruel
|-damage|p1a: Tentacruel|60/100
|-status|p1a: Tentacruel|brn
|move|p1a: Tentacruel|Toxic|p2a: Starmie
|-status|p2a: Starmie|tox
|
|-weather|RainDance|[upkeep]
|-heal|p1a: Tentacruel|66/100 brn|[from] ability: Rain Dish
|-heal|p1a: Tentacruel|72/100 brn|[from] item: Black Sludge
|-damage|p2a: Starmie|42/100 tox|[from] psn
|-damage|p1a: Tentacruel|60/100 brn|[from] brn
|upkeep
|turn|11
|
|t:|1715187259
|switch|p1a: Ferrothorn|Ferrothorn, F|100/100
|move|p2a: Starmie|Recover|p2a: Starmie
|-heal|p2a: Starmie|92/100 tox
|
|-weather|RainDance|[upkeep]
|-damage|p2a: Starmie|79/100 tox|[from] psn
|upkeep
|turn|12
|
|t:|1715187263
|move|p2a: Starmie|Rapid Spin|p1a: Ferrothorn
|-resisted|p1a: Ferrothorn
|-damage|p1a: Ferrothorn|99/100
|-damage|p2a: Starmie|67/100 tox|[from] ability: Iron Barbs|[of] p1a: Ferrothorn
|-sideend|p2: Primary Trout|Stealth Rock|[from] move: Rapid Spin|[of] p2a: Starmie
|move|p1a: Ferrothorn|Spikes|p2a: Starmie
|-sidestart|p2: Primary Trout|Spikes
|
|-weather|RainDance|[upkeep]
|-heal|p1a: Ferrothorn|100/100|[from] item: Leftovers
|-damage|p2a: Starmie|48/100 tox|[from] psn
|upkeep
|turn|13
|
|t:|1715187268
|-curestatus|p2a: Starmie|tox|[from] ability: Natural Cure
|switch|p2a: Salamence|Salamence, F|100/100
|-ability|p2a: Salamence|Intimidate|boost
|-unboost|p1a: Ferrothorn|atk|1
|move|p1a: Ferrothorn|Stealth Rock|p2a: Salamence
|-sidestart|p2: Primary Trout|move: Stealth Rock
|
|-weather|RainDance|[upkeep]
|upkeep
|turn|14
|
|t:|1715187274
|switch|p1a: Politoed|Politoed, M|100/100
|move|p2a: Salamence|Fire Blast|p1a: Politoed
|-resisted|p1a: Politoed
|-damage|p1a: Politoed|89/100
|
|-weather|RainDance|[upkeep]
|-heal|p1a: Politoed|95/100|[from] item: Leftovers
|upkeep
|turn|15
|
|t:|1715187280
|switch|p2a: Jirachi|Jirachi|100/100
|-damage|p2a: Jirachi|88/100|[from] Spikes
|-damage|p2a: Jirachi|82/100|[from] Stealth Rock
|move|p1a: Politoed|Scald|p2a: Jirachi
|-damage|p2a: Jirachi|49/100
|
|-weather|RainDance|[upkeep]
|-heal|p2a: Jirachi|55/100|[from] item: Leftovers
|-heal|p1a: Politoed|100/100|[from] item: Leftovers
|upkeep
|turn|16
|
|t:|1715187289
|move|p1a: Politoed|Protect|p1a: Politoed
|-singleturn|p1a: Politoed|Protect
|move|p2a: Jirachi|Icy Wind|p1a: Politoed
|-activate|p1a: Politoed|move: Protect
|
|-weather|RainDance|[upkeep]
|-heal|p2a: Jirachi|61/100|[from] item: Leftovers
|upkeep
|turn|17
|
|t:|1715187295
|switch|p1a: Ferrothorn|Ferrothorn, F|100/100
|move|p2a: Jirachi|Thunder|p1a: Ferrothorn
|-resisted|p1a: Ferrothorn
|-damage|p1a: Ferrothorn|91/100
|-status|p1a: Ferrothorn|par
|
|-weather|RainDance|[upkeep]
|-heal|p2a: Jirachi|68/100|[from] item: Leftovers
|-heal|p1a: Ferrothorn|98/100 par|[from] item: Leftovers
|upkeep
|turn|18
|
|t:|1715187308
|switch|p2a: Landorus|Landorus-Therian, M|100/100
|-damage|p2a: Landorus|88/100|[from] Stealth Rock
|-ability|p2a: Landorus|Intimidate|boost
|-unboost|p1a: Ferrothorn|atk|1
|cant|p1a: Ferrothorn|par
|
|-weather|RainDance|[upkeep]
|-heal|p2a: Landorus|94/100|[from] item: Leftovers
|-heal|p1a: Ferrothorn|100/100 par|[from] item: Leftovers
|upkeep
|turn|19
|
|t:|1715187316
|move|p2a: Landorus|Stealth Rock|p1a: Ferrothorn
|-sidestart|p1: Auxplr|move: Stealth Rock
|move|p1a: Ferrothorn|Knock Off|p2a: Landorus
|-damage|p2a: Landorus|92/100
|-enditem|p2a: Landorus|Leftovers|[from] move: Knock Off|[of] p1a: Ferrothorn
|
|-weather|RainDance|[upkeep]
|upkeep
|turn|20
|
|t:|1715187322
|move|p2a: Landorus|Earthquake|p1a: Ferrothorn
|-crit|p1a: Ferrothorn
|-damage|p1a: Ferrothorn|25/100 par
|cant|p1a: Ferrothorn|par
|
|-weather|RainDance|[upkeep]
|-heal|p1a: Ferrothorn|31/100 par|[from] item: Leftovers
|upkeep
|turn|21
|
|t:|1715187328
|move|p2a: Landorus|Earthquake|p1a: Ferrothorn
|-damage|p1a: Ferrothorn|0 fnt
|faint|p1a: Ferrothorn
|
|-weather|RainDance|[upkeep]
|upkeep
|
|t:|1715187331
|switch|p1a: Keldeo|Keldeo|37/100
|-damage|p1a: Keldeo|31/100|[from] Stealth Rock
|turn|22
|
|t:|1715187335
|move|p1a: Keldeo|Hydro Pump|p2a: Landorus
|-supereffective|p2a: Landorus
|-damage|p2a: Landorus|0 fnt
|faint|p2a: Landorus
|
|-weather|RainDance|[upkeep]
|upkeep
|
|t:|1715187338
|switch|p2a: Starmie|Starmie|48/100
|-damage|p2a: Starmie|36/100|[from] Spikes
|-damage|p2a: Starmie|24/100|[from] Stealth Rock
|turn|23
|
|t:|1715187345
|move|p2a: Starmie|Rapid Spin|p1a: Keldeo
|-damage|p1a: Keldeo|27/100
|-sideend|p2: Primary Trout|Spikes|[from] move: Rapid Spin|[of] p2a: Starmie
|-sideend|p2: Primary Trout|Stealth Rock|[from] move: Rapid Spin|[of] p2a: Starmie
|move|p1a: Keldeo|Hydro Pump|p2a: Starmie
|-resisted|p2a: Starmie
|-damage|p2a: Starmie|0 fnt
|faint|p2a: Starmie
|
|-weather|RainDance|[upkeep]
|upkeep
|
|t:|1715187351
|switch|p2a: Kyurem|Kyurem-Black|100/100
|-ability|p2a: Kyurem|Teravolt
|turn|24
|
|t:|1715187356
|switch|p1a: Politoed|Politoed, M|100/100
|-damage|p1a: Politoed|88/100|[from] Stealth Rock
|move|p2a: Kyurem|Dragon Claw|p1a: Politoed
|-damage|p1a: Politoed|51/100
|
|-weather|RainDance|[upkeep]
|-heal|p1a: Politoed|57/100|[from] item: Leftovers
|upkeep
|turn|25
|
|t:|1715187359
|switch|p2a: Scizor|Scizor, F|57/100 brn
|move|p1a: Politoed|Scald|p2a: Scizor
|-damage|p2a: Scizor|14/100 brn
|
|-weather|RainDance|[upkeep]
|-heal|p1a: Politoed|64/100|[from] item: Leftovers
|-heal|p2a: Scizor|20/100 brn|[from] item: Leftovers
|-damage|p2a: Scizor|8/100 brn|[from] brn
|upkeep
|turn|26
|
|t:|1715187364
|move|p1a: Politoed|Protect|p1a: Politoed
|-singleturn|p1a: Politoed|Protect
|move|p2a: Scizor|Bullet Punch|p1a: Politoed
|-activate|p1a: Politoed|move: Protect
|
|-weather|RainDance|[upkeep]
|-heal|p1a: Politoed|70/100|[from] item: Leftovers
|-heal|p2a: Scizor|14/100 brn|[from] item: Leftovers
|-damage|p2a: Scizor|1/100 brn|[from] brn
|upkeep
|turn|27
|
|t:|1715187381
|switch|p1a: Tentacruel|Tentacruel, M|60/100 brn
|-damage|p1a: Tentacruel|47/100 brn|[from] Stealth Rock
|move|p2a: Scizor|U-turn|p1a: Tentacruel
|-resisted|p1a: Tentacruel
|-damage|p1a: Tentacruel|37/100 brn
|
|t:|1715187392
|switch|p2a: Kyurem|Kyurem-Black|100/100|[from] U-turn
|-ability|p2a: Kyurem|Teravolt
|
|-weather|RainDance|[upkeep]
|-heal|p1a: Tentacruel|43/100 brn|[from] ability: Rain Dish
|-heal|p1a: Tentacruel|49/100 brn|[from] item: Black Sludge
|-damage|p1a: Tentacruel|37/100 brn|[from] brn
|upkeep
|turn|28
|
|t:|1715187396
|move|p2a: Kyurem|Fusion Bolt|p1a: Tentacruel
|-supereffective|p1a: Tentacruel
|-damage|p1a: Tentacruel|0 fnt
|faint|p1a: Tentacruel
|
|-weather|RainDance|[upkeep]
|upkeep
|
|t:|1715187402
|switch|p1a: Latios|Latios, M|100/100
|-damage|p1a: Latios|88/100|[from] Stealth Rock
|turn|29
|
|t:|1715187408
|switch|p2a: Scizor|Scizor, F|1/100 brn
|move|p1a: Latios|Dragon Pulse|p2a: Scizor
|-resisted|p2a: Scizor
|-damage|p2a: Scizor|0 fnt
|faint|p2a: Scizor
|
|-weather|RainDance|[upkeep]
|upkeep
|
|t:|1715187411
|switch|p2a: Jirachi|Jirachi|68/100
|turn|30
|
|t:|1715187414
|switch|p1a: Politoed|Politoed, M|70/100
|-damage|p1a: Politoed|57/100|[from] Stealth Rock
|move|p2a: Jirachi|Icy Wind|p1a: Politoed
|-resisted|p1a: Politoed
|-damage|p1a: Politoed|51/100
|-unboost|p1a: Politoed|spe|1
|
|-weather|RainDance|[upkeep]
|-heal|p2a: Jirachi|74/100|[from] item: Leftovers
|-heal|p1a: Politoed|57/100|[from] item: Leftovers
|upkeep
|turn|31
|
|t:|1715187418
|move|p2a: Jirachi|Thunder|p1a: Politoed
|-supereffective|p1a: Politoed
|-damage|p1a: Politoed|0 fnt
|faint|p1a: Politoed
|
|-weather|RainDance|[upkeep]
|-heal|p2a: Jirachi|80/100|[from] item: Leftovers
|upkeep
|
|t:|1715187422
|switch|p1a: Thundurus|Thundurus-Therian, M|100/100
|-damage|p1a: Thundurus|76/100|[from] Stealth Rock
|turn|32
|
|t:|1715187425
|move|p2a: Jirachi|Icy Wind|p1a: Thundurus
|-supereffective|p1a: Thundurus
|-damage|p1a: Thundurus|41/100
|-unboost|p1a: Thundurus|spe|1
|move|p1a: Thundurus|Agility|p1a: Thundurus
|-boost|p1a: Thundurus|spe|2
|
|-weather|RainDance|[upkeep]
|-heal|p1a: Thundurus|48/100|[from] item: Leftovers
|-heal|p2a: Jirachi|86/100|[from] item: Leftovers
|upkeep
|turn|33
|
|t:|1715187433
|move|p1a: Thundurus|Thunder|p2a: Jirachi
|-damage|p2a: Jirachi|25/100
|-status|p2a: Jirachi|par
|move|p2a: Jirachi|Icy Wind|p1a: Thundurus
|-supereffective|p1a: Thundurus
|-damage|p1a: Thundurus|16/100
|-unboost|p1a: Thundurus|spe|1
|
|-weather|RainDance|[upkeep]
|-heal|p1a: Thundurus|22/100|[from] item: Leftovers
|-heal|p2a: Jirachi|31/100 par|[from] item: Leftovers
|upkeep
|turn|34
|
|t:|1715187442
|move|p1a: Thundurus|Thunder|p2a: Jirachi
|-damage|p2a: Jirachi|0 fnt
|faint|p2a: Jirachi
|
|-weather|RainDance|[upkeep]
|-heal|p1a: Thundurus|28/100|[from] item: Leftovers
|upkeep
|
|t:|1715187448
|switch|p2a: Kyurem|Kyurem-Black|100/100
|-ability|p2a: Kyurem|Teravolt
|turn|35
|
|t:|1715187452
|move|p2a: Kyurem|Dragon Claw|p1a: Thundurus
|-damage|p1a: Thundurus|0 fnt
|faint|p1a: Thundurus
|
|-weather|RainDance|[upkeep]
|upkeep
|
|t:|1715187457
|switch|p1a: Latios|Latios, M|88/100
|-damage|p1a: Latios|76/100|[from] Stealth Rock
|turn|36
|
|t:|1715187460
|move|p2a: Kyurem|Dragon Claw|p1a: Latios
|-supereffective|p1a: Latios
|-crit|p1a: Latios
|-damage|p1a: Latios|0 fnt
|faint|p1a: Latios
|
|-weather|RainDance|[upkeep]
|upkeep
|c|☆Primary Trout|gg
|c|☆Auxplr|Gg
|j| SaltDan
|
|t:|1715187469
|switch|p1a: Keldeo|Keldeo|27/100
|-damage|p1a: Keldeo|21/100|[from] Stealth Rock
|turn|37
|
|t:|1715187473
|move|p2a: Kyurem|Dragon Claw|p1a: Keldeo
|-damage|p1a: Keldeo|0 fnt
|faint|p1a: Keldeo
|
|win|Primary Trout
|raw|Auxplr's rating: 1380 &rarr; <strong>1362</strong><br />(-18 for losing)
|raw|Primary Trout's rating: 1421 &rarr; <strong>1439</strong><br />(+18 for winning)
|l|☆Auxplr
|player|p1|
|l| SaltDan
