|j|☆WeR#4Hay!
|j|☆chomp29
|t:|1722473089
|gametype|singles
|player|p1|WeR#4Hay!|169|1522
|player|p2|chomp29|lucas|1539
|teamsize|p1|6
|teamsize|p2|6
|gen|5
|tier|[Gen 5] OU
|rated|
|rule|Species Clause: Limit one of each Pokémon
|rule|OHKO Clause: OHKO moves are banned
|rule|Moody Clause: Moody is banned
|rule|Evasion Items Clause: Evasion items are banned
|rule|Evasion Moves Clause: Evasion moves are banned
|rule|Endless Battle Clause: Forcing endless battles is banned
|rule|HP Percentage Mod: HP is shown in percentages
|rule|Evasion Abilities Clause: Evasion abilities are banned
|rule|Sleep Moves Clause: Sleep-inducing moves are banned
|rule|Swagger Clause: Swagger is banned
|rule|Baton Pass Stat Clause: No Baton Passer may have a way to boost its stats
|clearpoke
|poke|p1|Tyranitar, M|item
|poke|p1|Reuniclus, F|item
|poke|p1|Skarmory, F|item
|poke|p1|Latias, F|item
|poke|p1|Heatran, M|item
|poke|p1|Gastrodon, F|item
|poke|p2|Hippowdon, F|item
|poke|p2|Ferrothorn, M|item
|poke|p2|Hydreigon, F|item
|poke|p2|Latios, M|item
|poke|p2|Excadrill, M|item
|poke|p2|Scizor, M|item
|teampreview
|inactive|Battle timer is ON: inactive players will automatically lose when time's up. (requested by chomp29)
|c|☆chomp29|Gl
|c|☆WeR#4Hay!|thx, u 2
|inactive|chomp29 has 120 seconds left.
|
|t:|1722473236
|start
|switch|p1a: Wi-*dies to leaf*|Gastrodon, F|100/100
|switch|p2a: Hippowdon|Hippowdon, F|100/100
|-weather|Sandstorm|[from] ability: Sand Stream|[of] p2a: Hippowdon
|turn|1
|
|t:|1722473239
|move|p2a: Hippowdon|Toxic|p1a: Wi-*dies to leaf*
|-status|p1a: Wi-*dies to leaf*|tox
|move|p1a: Wi-*dies to leaf*|Scald|p2a: Hippowdon
|-supereffective|p2a: Hippowdon
|-damage|p2a: Hippowdon|62/100
|
|-weather|Sandstorm|[upkeep]
|-heal|p2a: Hippowdon|68/100|[from] item: Leftovers
|-damage|p1a: Wi-*dies to leaf*|94/100 tox|[from] psn
|upkeep
|turn|2
|
|t:|1722473245
|move|p2a: Hippowdon|Stealth Rock|p1a: Wi-*dies to leaf*
|-sidestart|p1: WeR#4Hay!|move: Stealth Rock
|move|p1a: Wi-*dies to leaf*|Scald|p2a: Hippowdon
|-supereffective|p2a: Hippowdon
|-damage|p2a: Hippowdon|27/100
|
|-weather|Sandstorm|[upkeep]
|-heal|p2a: Hippowdon|33/100|[from] item: Leftovers
|-heal|p1a: Wi-*dies to leaf*|100/100 tox|[from] item: Leftovers
|-damage|p1a: Wi-*dies to leaf*|88/100 tox|[from] psn
|upkeep
|turn|3
|
|t:|1722473248
|move|p2a: Hippowdon|Slack Off|p2a: Hippowdon
|-heal|p2a: Hippowdon|83/100
|move|p1a: Wi-*dies to leaf*|Scald|p2a: Hippowdon
|-supereffective|p2a: Hippowdon
|-damage|p2a: Hippowdon|41/100
|-status|p2a: Hippowdon|brn
|
|-weather|Sandstorm|[upkeep]
|-heal|p2a: Hippowdon|47/100 brn|[from] item: Leftovers
|-heal|p1a: Wi-*dies to leaf*|94/100 tox|[from] item: Leftovers
|-damage|p1a: Wi-*dies to leaf*|76/100 tox|[from] psn
|-damage|p2a: Hippowdon|35/100 brn|[from] brn
|upkeep
|turn|4
|
|t:|1722473250
|move|p2a: Hippowdon|Slack Off|p2a: Hippowdon
|-heal|p2a: Hippowdon|85/100 brn
|move|p1a: Wi-*dies to leaf*|Scald|p2a: Hippowdon
|-supereffective|p2a: Hippowdon
|-damage|p2a: Hippowdon|44/100 brn
|
|-weather|Sandstorm|[upkeep]
|-heal|p2a: Hippowdon|50/100 brn|[from] item: Leftovers
|-heal|p1a: Wi-*dies to leaf*|82/100 tox|[from] item: Leftovers
|-damage|p1a: Wi-*dies to leaf*|58/100 tox|[from] psn
|-damage|p2a: Hippowdon|38/100 brn|[from] brn
|upkeep
|turn|5
|j| Renio75
|
|t:|1722473256
|move|p2a: Hippowdon|Slack Off|p2a: Hippowdon
|-heal|p2a: Hippowdon|88/100 brn
|move|p1a: Wi-*dies to leaf*|Recover|p1a: Wi-*dies to leaf*
|-heal|p1a: Wi-*dies to leaf*|100/100 tox
|
|-weather|Sandstorm|[upkeep]
|-heal|p2a: Hippowdon|94/100 brn|[from] item: Leftovers
|-damage|p1a: Wi-*dies to leaf*|70/100 tox|[from] psn
|-damage|p2a: Hippowdon|82/100 brn|[from] brn
|upkeep
|turn|6
|
|t:|1722473264
|switch|p2a: Hydreigon|Hydreigon, F|100/100
|switch|p1a: Luz Noceda|Skarmory, F|100/100
|-damage|p1a: Luz Noceda|88/100|[from] Stealth Rock
|
|-weather|Sandstorm|[upkeep]
|-damage|p2a: Hydreigon|94/100|[from] Sandstorm
|upkeep
|turn|7
|
|t:|1722473268
|switch|p1a: Hunter Wittebane|Heatran, M|100/100
|-damage|p1a: Hunter Wittebane|88/100|[from] Stealth Rock
|move|p2a: Hydreigon|Focus Blast|p1a: Hunter Wittebane
|-supereffective|p1a: Hunter Wittebane
|-damage|p1a: Hunter Wittebane|11/100
|
|-weather|Sandstorm|[upkeep]
|-damage|p2a: Hydreigon|88/100|[from] Sandstorm
|upkeep
|turn|8
|
|t:|1722473285
|move|p2a: Hydreigon|Focus Blast|p1a: Hunter Wittebane|[miss]
|-miss|p2a: Hydreigon|p1a: Hunter Wittebane
|move|p1a: Hunter Wittebane|Hidden Power|p2a: Hydreigon
|-supereffective|p2a: Hydreigon
|-damage|p2a: Hydreigon|37/100
|
|-weather|Sandstorm|[upkeep]
|-damage|p2a: Hydreigon|31/100|[from] Sandstorm
|upkeep
|turn|9
|
|t:|1722473294
|switch|p2a: Excadrill|Excadrill, M|100/100
|move|p1a: Hunter Wittebane|Hidden Power|p2a: Excadrill
|-damage|p2a: Excadrill|74/100
|
|-weather|Sandstorm|[upkeep]
|upkeep
|turn|10
|
|t:|1722473301
|switch|p1a: Luz Noceda|Skarmory, F|88/100
|-damage|p1a: Luz Noceda|76/100|[from] Stealth Rock
|move|p2a: Excadrill|Iron Head|p1a: Luz Noceda
|-resisted|p1a: Luz Noceda
|-damage|p1a: Luz Noceda|60/100
|-damage|p2a: Excadrill|57/100|[from] item: Rocky Helmet|[of] p1a: Luz Noceda
|
|-weather|Sandstorm|[upkeep]
|upkeep
|turn|11
|
|t:|1722473311
|switch|p2a: Latios|Latios, M|100/100
|move|p1a: Luz Noceda|Roost|p1a: Luz Noceda
|-heal|p1a: Luz Noceda|100/100
|-singleturn|p1a: Luz Noceda|move: Roost
|
|-weather|Sandstorm|[upkeep]
|-damage|p2a: Latios|95/100|[from] Sandstorm
|upkeep
|turn|12
|
|t:|1722473321
|switch|p1a: Hunter Wittebane|Heatran, M|11/100
|-damage|p1a: Hunter Wittebane|0 fnt|[from] Stealth Rock
|faint|p1a: Hunter Wittebane
|move|p2a: Latios|Trick|p1: Hunter Wittebane|[notarget]
|-fail|p2a: Latios
|
|-weather|Sandstorm|[upkeep]
|-damage|p2a: Latios|89/100|[from] Sandstorm
|upkeep
|
|t:|1722473323
|switch|p1a: Gus Porter|Tyranitar, M|100/100
|-damage|p1a: Gus Porter|88/100|[from] Stealth Rock
|turn|13
|j| Crowned Crystals ♔
|
|t:|1722473333
|move|p2a: Latios|Trick|p1a: Gus Porter
|-activate|p2a: Latios|move: Trick|[of] p1a: Gus Porter
|-item|p1a: Gus Porter|Choice Specs|[from] move: Trick
|-item|p2a: Latios|Chople Berry|[from] move: Trick
|move|p1a: Gus Porter|Pursuit|p2a: Latios
|-supereffective|p2a: Latios
|-damage|p2a: Latios|29/100
|
|-weather|Sandstorm|[upkeep]
|-damage|p2a: Latios|23/100|[from] Sandstorm
|upkeep
|turn|14
|
|t:|1722473336
|move|p2a: Latios|Draco Meteor|p1a: Gus Porter
|-damage|p1a: Gus Porter|54/100
|-unboost|p2a: Latios|spa|2
|move|p1a: Gus Porter|Pursuit|p2a: Latios
|-supereffective|p2a: Latios
|-damage|p2a: Latios|0 fnt
|faint|p2a: Latios
|
|-weather|Sandstorm|[upkeep]
|upkeep
|
|t:|1722473350
|switch|p2a: Ferrothorn|Ferrothorn, M|100/100
|turn|15
|
|t:|1722473359
|switch|p1a: Eda Clawthorne|Latias, F|100/100
|-damage|p1a: Eda Clawthorne|88/100|[from] Stealth Rock
|move|p2a: Ferrothorn|Spikes|p1a: Eda Clawthorne
|-sidestart|p1: WeR#4Hay!|Spikes
|
|-weather|Sandstorm|[upkeep]
|-damage|p1a: Eda Clawthorne|82/100|[from] Sandstorm
|-heal|p1a: Eda Clawthorne|88/100|[from] item: Leftovers
|upkeep
|turn|16
|
|t:|1722473365
|move|p1a: Eda Clawthorne|Thunder Wave|p2a: Ferrothorn
|-status|p2a: Ferrothorn|par
|move|p2a: Ferrothorn|Leech Seed|p1a: Eda Clawthorne
|-start|p1a: Eda Clawthorne|move: Leech Seed
|
|-weather|Sandstorm|[upkeep]
|-damage|p1a: Eda Clawthorne|82/100|[from] Sandstorm
|-heal|p1a: Eda Clawthorne|88/100|[from] item: Leftovers
|-damage|p1a: Eda Clawthorne|76/100|[from] Leech Seed|[of] p2a: Ferrothorn
|upkeep
|turn|17
|
|t:|1722473383
|switch|p1a: Amity Blight|Reuniclus, F|100/100
|switch|p2a: Hydreigon|Hydreigon, F|31/100
|
|-weather|Sandstorm|[upkeep]
|-damage|p2a: Hydreigon|25/100|[from] Sandstorm
|upkeep
|turn|18
|
|t:|1722473399
|switch|p1a: Luz Noceda|Skarmory, F|100/100
|-damage|p1a: Luz Noceda|88/100|[from] Stealth Rock
|move|p2a: Hydreigon|Dark Pulse|p1a: Luz Noceda
|-resisted|p1a: Luz Noceda
|-damage|p1a: Luz Noceda|61/100
|
|-weather|Sandstorm|[upkeep]
|-damage|p2a: Hydreigon|19/100|[from] Sandstorm
|upkeep
|turn|19
|
|t:|1722473420
|switch|p2a: Ferrothorn|Ferrothorn, M|100/100 par
|move|p1a: Luz Noceda|Spikes|p2a: Ferrothorn
|-sidestart|p2: chomp29|Spikes
|
|-weather|Sandstorm|[upkeep]
|upkeep
|turn|20
|
|t:|1722473434
|move|p1a: Luz Noceda|Roost|p1a: Luz Noceda
|-heal|p1a: Luz Noceda|100/100
|-singleturn|p1a: Luz Noceda|move: Roost
|cant|p2a: Ferrothorn|par
|
|-weather|Sandstorm|[upkeep]
|upkeep
|turn|21
|
|t:|1722473439
|switch|p1a: Amity Blight|Reuniclus, F|100/100
|move|p2a: Ferrothorn|Leech Seed|p1a: Amity Blight
|-start|p1a: Amity Blight|move: Leech Seed
|
|-weather|Sandstorm|[upkeep]
|upkeep
|turn|22
|
|t:|1722473447
|move|p1a: Amity Blight|Focus Blast|p2a: Ferrothorn|[miss]
|-miss|p1a: Amity Blight|p2a: Ferrothorn
|move|p2a: Ferrothorn|Spikes|p1a: Amity Blight
|-sidestart|p1: WeR#4Hay!|Spikes
|
|-weather|Sandstorm|[upkeep]
|upkeep
|turn|23
|
|t:|1722473458
|switch|p2a: Scizor|Scizor, M|100/100
|-damage|p2a: Scizor|88/100|[from] Spikes
|move|p1a: Amity Blight|Calm Mind|p1a: Amity Blight
|-boost|p1a: Amity Blight|spa|1
|-boost|p1a: Amity Blight|spd|1
|
|-weather|Sandstorm|[upkeep]
|upkeep
|turn|24
|
|t:|1722473462
|switch|p1a: Luz Noceda|Skarmory, F|100/100
|-damage|p1a: Luz Noceda|88/100|[from] Stealth Rock
|move|p2a: Scizor|U-turn|p1a: Luz Noceda
|-resisted|p1a: Luz Noceda
|-damage|p1a: Luz Noceda|80/100
|-damage|p2a: Scizor|71/100|[from] item: Rocky Helmet|[of] p1a: Luz Noceda
|
|t:|1722473476
|switch|p2a: Ferrothorn|Ferrothorn, M|100/100 par|[from] U-turn
|-damage|p2a: Ferrothorn|88/100 par|[from] Spikes
|
|-weather|Sandstorm|[upkeep]
|-heal|p2a: Ferrothorn|94/100 par|[from] item: Leftovers
|upkeep
|turn|25
|
|t:|1722473487
|switch|p1a: Amity Blight|Reuniclus, F|100/100
|move|p2a: Ferrothorn|Leech Seed|p1a: Amity Blight
|-start|p1a: Amity Blight|move: Leech Seed
|
|-weather|Sandstorm|[upkeep]
|-heal|p2a: Ferrothorn|100/100 par|[from] item: Leftovers
|upkeep
|turn|26
|
|t:|1722473494
|move|p1a: Amity Blight|Focus Blast|p2a: Ferrothorn
|-supereffective|p2a: Ferrothorn
|-damage|p2a: Ferrothorn|45/100 par
|move|p2a: Ferrothorn|Power Whip|p1a: Amity Blight
|-damage|p1a: Amity Blight|73/100
|
|-weather|Sandstorm|[upkeep]
|-heal|p1a: Amity Blight|80/100|[from] item: Leftovers
|-heal|p2a: Ferrothorn|52/100 par|[from] item: Leftovers
|upkeep
|turn|27
|
|t:|1722473500
|cant|p2a: Ferrothorn|par
|move|p1a: Amity Blight|Focus Blast|p2a: Ferrothorn
|-supereffective|p2a: Ferrothorn
|-damage|p2a: Ferrothorn|0 fnt
|faint|p2a: Ferrothorn
|
|-weather|Sandstorm|[upkeep]
|-heal|p1a: Amity Blight|86/100|[from] item: Leftovers
|upkeep
|
|t:|1722473506
|switch|p2a: Scizor|Scizor, M|71/100
|-damage|p2a: Scizor|59/100|[from] Spikes
|turn|28
|
|t:|1722473509
|-activate|p1a: Amity Blight|move: Pursuit
|move|p2a: Scizor|Pursuit|p1a: Amity Blight|[from]Pursuit
|-supereffective|p1a: Amity Blight
|-damage|p1a: Amity Blight|22/100
|switch|p1a: Luz Noceda|Skarmory, F|80/100
|-damage|p1a: Luz Noceda|67/100|[from] Stealth Rock
|
|-weather|Sandstorm|[upkeep]
|upkeep
|turn|29
|
|t:|1722473520
|switch|p2a: Hippowdon|Hippowdon, F|82/100 brn
|-damage|p2a: Hippowdon|70/100 brn|[from] Spikes
|move|p1a: Luz Noceda|Brave Bird|p2a: Hippowdon
|-damage|p2a: Hippowdon|47/100 brn
|-damage|p1a: Luz Noceda|58/100|[from] Recoil
|
|-weather|Sandstorm|[upkeep]
|-heal|p2a: Hippowdon|54/100 brn|[from] item: Leftovers
|-damage|p2a: Hippowdon|41/100 brn|[from] brn
|upkeep
|turn|30
|
|t:|1722473527
|move|p1a: Luz Noceda|Roost|p1a: Luz Noceda
|-heal|p1a: Luz Noceda|100/100
|-singleturn|p1a: Luz Noceda|move: Roost
|move|p2a: Hippowdon|Slack Off|p2a: Hippowdon
|-heal|p2a: Hippowdon|91/100 brn
|
|-weather|Sandstorm|[upkeep]
|-heal|p2a: Hippowdon|97/100 brn|[from] item: Leftovers
|-damage|p2a: Hippowdon|85/100 brn|[from] brn
|upkeep
|turn|31
|
|t:|1722473531
|switch|p2a: Excadrill|Excadrill, M|57/100
|-damage|p2a: Excadrill|45/100|[from] Spikes
|move|p1a: Luz Noceda|Spikes|p2a: Excadrill
|-sidestart|p2: chomp29|Spikes
|
|-weather|Sandstorm|[upkeep]
|upkeep
|turn|32
|
|t:|1722473535
|move|p2a: Excadrill|Swords Dance|p2a: Excadrill
|-boost|p2a: Excadrill|atk|2
|move|p1a: Luz Noceda|Brave Bird|p2a: Excadrill
|-resisted|p2a: Excadrill
|-damage|p2a: Excadrill|23/100
|-damage|p1a: Luz Noceda|92/100|[from] Recoil
|
|-weather|Sandstorm|[upkeep]
|upkeep
|turn|33
|
|t:|1722473542
|switch|p1a: Amity Blight|Reuniclus, F|22/100
|move|p2a: Excadrill|Iron Head|p1a: Amity Blight
|-damage|p1a: Amity Blight|0 fnt
|faint|p1a: Amity Blight
|
|-weather|Sandstorm|[upkeep]
|upkeep
|
|t:|1722473544
|switch|p1a: Eda Clawthorne|Latias, F|76/100
|-damage|p1a: Eda Clawthorne|63/100|[from] Stealth Rock
|turn|34
|
|t:|1722473560
|switch|p2a: Hippowdon|Hippowdon, F|85/100 brn
|-damage|p2a: Hippowdon|68/100 brn|[from] Spikes
|move|p1a: Eda Clawthorne|Surf|p2a: Hippowdon
|-supereffective|p2a: Hippowdon
|-damage|p2a: Hippowdon|26/100 brn
|
|-weather|Sandstorm|[upkeep]
|-damage|p1a: Eda Clawthorne|57/100|[from] Sandstorm
|-heal|p1a: Eda Clawthorne|63/100|[from] item: Leftovers
|-heal|p2a: Hippowdon|33/100 brn|[from] item: Leftovers
|-damage|p2a: Hippowdon|20/100 brn|[from] brn
|upkeep
|turn|35
|j| endlessenigma
|
|t:|1722473567
|move|p1a: Eda Clawthorne|Surf|p2a: Hippowdon
|-supereffective|p2a: Hippowdon
|-damage|p2a: Hippowdon|0 fnt
|faint|p2a: Hippowdon
|
|-weather|Sandstorm|[upkeep]
|-damage|p1a: Eda Clawthorne|57/100|[from] Sandstorm
|-heal|p1a: Eda Clawthorne|63/100|[from] item: Leftovers
|upkeep
|
|t:|1722473574
|switch|p2a: Hydreigon|Hydreigon, F|19/100
|turn|36
|l| endlessenigma
|
|t:|1722473594
|switch|p1a: Wi-*dies to leaf*|Gastrodon, F|70/100 tox
|-damage|p1a: Wi-*dies to leaf*|64/100 tox|[from] Stealth Rock
|-damage|p1a: Wi-*dies to leaf*|47/100 tox|[from] Spikes
|move|p2a: Hydreigon|Draco Meteor|p1a: Wi-*dies to leaf*
|-damage|p1a: Wi-*dies to leaf*|0 fnt
|-unboost|p2a: Hydreigon|spa|2
|faint|p1a: Wi-*dies to leaf*
|
|-weather|Sandstorm|[upkeep]
|-damage|p2a: Hydreigon|13/100|[from] Sandstorm
|upkeep
|
|t:|1722473598
|switch|p1a: Luz Noceda|Skarmory, F|92/100
|-damage|p1a: Luz Noceda|79/100|[from] Stealth Rock
|turn|37
|inactive|WeR#4Hay! has 120 seconds left.
|
|t:|1722473633
|switch|p2a: Excadrill|Excadrill, M|23/100
|-damage|p2a: Excadrill|6/100|[from] Spikes
|move|p1a: Luz Noceda|Whirlwind|p2a: Excadrill
|drag|p2a: Hydreigon|Hydreigon, F|13/100
|
|-weather|Sandstorm|[upkeep]
|-damage|p2a: Hydreigon|7/100|[from] Sandstorm
|upkeep
|turn|38
|inactive|WeR#4Hay! has 90 seconds left.
|
|t:|1722473672
|switch|p2a: Scizor|Scizor, M|59/100
|-damage|p2a: Scizor|42/100|[from] Spikes
|switch|p1a: Eda Clawthorne|Latias, F|63/100
|-damage|p1a: Eda Clawthorne|51/100|[from] Stealth Rock
|
|-weather|Sandstorm|[upkeep]
|-damage|p1a: Eda Clawthorne|45/100|[from] Sandstorm
|-heal|p1a: Eda Clawthorne|51/100|[from] item: Leftovers
|upkeep
|turn|39
|inactive|WeR#4Hay! has 90 seconds left.
|inactive|chomp29 has 120 seconds left.
|
|t:|1722473713
|switch|p1a: Gus Porter|Tyranitar, M|54/100
|-damage|p1a: Gus Porter|42/100|[from] Stealth Rock
|-damage|p1a: Gus Porter|26/100|[from] Spikes
|move|p2a: Scizor|U-turn|p1a: Gus Porter
|-supereffective|p1a: Gus Porter
|-damage|p1a: Gus Porter|0 fnt
|faint|p1a: Gus Porter
|
|t:|1722473719
|switch|p2a: Excadrill|Excadrill, M|6/100|[from] U-turn
|-damage|p2a: Excadrill|0 fnt|[from] Spikes
|faint|p2a: Excadrill
|
|-weather|Sandstorm|[upkeep]
|upkeep
|
|t:|1722473747
|switch|p2a: Hydreigon|Hydreigon, F|7/100
|switch|p1a: Luz Noceda|Skarmory, F|79/100
|-damage|p1a: Luz Noceda|67/100|[from] Stealth Rock
|turn|40
|
|t:|1722473750
|switch|p1a: Eda Clawthorne|Latias, F|51/100
|-damage|p1a: Eda Clawthorne|39/100|[from] Stealth Rock
|move|p2a: Hydreigon|Fire Blast|p1a: Eda Clawthorne
|-resisted|p1a: Eda Clawthorne
|-crit|p1a: Eda Clawthorne
|-damage|p1a: Eda Clawthorne|0 fnt
|faint|p1a: Eda Clawthorne
|
|-weather|Sandstorm|[upkeep]
|-damage|p2a: Hydreigon|1/100|[from] Sandstorm
|upkeep
|
|t:|1722473754
|switch|p1a: Luz Noceda|Skarmory, F|67/100
|-damage|p1a: Luz Noceda|55/100|[from] Stealth Rock
|turn|41
|
|t:|1722473762
|move|p2a: Hydreigon|Fire Blast|p1a: Luz Noceda
|-supereffective|p1a: Luz Noceda
|-damage|p1a: Luz Noceda|0 fnt
|faint|p1a: Luz Noceda
|
|win|chomp29
|raw|WeR#4Hay!'s rating: 1522 &rarr; <strong>1503</strong><br />(-19 for losing)
|raw|chomp29's rating: 1539 &rarr; <strong>1558</strong><br />(+19 for winning)
||Ladder isn't responding, score probably updated but might not have (Connection error).
|c|☆WeR#4Hay!|gg
|c|☆chomp29|Mb
|c|☆chomp29|Gg
|l|☆chomp29
|player|p2|
