|j|☆NeonJolteonWasUsed
|j|☆Simplexous
|t:|1743111666
|gametype|singles
|player|p1|NeonJolteonWasUsed|tourist|1409
|player|p2|Simplexous|colress|1357
|teamsize|p1|6
|teamsize|p2|6
|gen|5
|tier|[Gen 5] OU
|rated|
|rule|Species Clause: Limit one of each Pokémon
|rule|OHKO Clause: OHKO moves are banned
|rule|Moody Clause: Moody is banned
|rule|Evasion Items Clause: Evasion items are banned
|rule|Evasion Moves Clause: Evasion moves are banned
|rule|Endless Battle Clause: Forcing endless battles is banned
|rule|HP Percentage Mod: HP is shown in percentages
|rule|Evasion Abilities Clause: Evasion abilities are banned
|rule|Sleep Moves Clause: Sleep-inducing moves are banned
|rule|Swagger Clause: Swagger is banned
|rule|Baton Pass Stat Clause: No Baton Passer may have a way to boost its stats
|clearpoke
|poke|p1|Politoed, M|item
|poke|p1|Excadrill, M|item
|poke|p1|Kyurem|item
|poke|p1|Ferrothorn, F|item
|poke|p1|Tentacruel, M|item
|poke|p1|Bronzong|item
|poke|p2|Abomasnow, M|item
|poke|p2|Gliscor, M|item
|poke|p2|Forretress, F|item
|poke|p2|Blissey, F|item
|poke|p2|Latios, M|item
|poke|p2|Reuniclus, M|item
|teampreview
|inactive|Battle timer is ON: inactive players will automatically lose when time's up. (requested by NeonJolteonWasUsed)
|inactive|Simplexous has 120 seconds left.
|inactive|Simplexous has 90 seconds left.
|inactive|Simplexous has 60 seconds left.
|
|t:|1743111757
|start
|switch|p1a: Kyurem|Kyurem|100/100
|switch|p2a: Racist Uncle|Gliscor, M|100/100
|-ability|p1a: Kyurem|Pressure
|turn|1
|inactive|Simplexous has 120 seconds left.
|
|t:|1743111780
|switch|p2a: Eggnog|Blissey, F|100/100
|move|p1a: Kyurem|Substitute|p1a: Kyurem
|-start|p1a: Kyurem|Substitute
|-damage|p1a: Kyurem|76/100
|
|-heal|p1a: Kyurem|82/100|[from] item: Leftovers
|upkeep
|turn|2
|
|t:|1743111784
|move|p1a: Kyurem|Ice Beam|p2a: Eggnog
|-damage|p2a: Eggnog|84/100
|move|p2a: Eggnog|Seismic Toss|p1a: Kyurem
|-activate|p1a: Kyurem|Substitute|[damage]
|
|-heal|p1a: Kyurem|88/100|[from] item: Leftovers
|-heal|p2a: Eggnog|91/100|[from] item: Leftovers
|upkeep
|turn|3
|
|t:|1743111787
|move|p1a: Kyurem|Ice Beam|p2a: Eggnog
|-damage|p2a: Eggnog|74/100
|move|p2a: Eggnog|Seismic Toss|p1a: Kyurem
|-end|p1a: Kyurem|Substitute
|
|-heal|p1a: Kyurem|94/100|[from] item: Leftovers
|-heal|p2a: Eggnog|80/100|[from] item: Leftovers
|upkeep
|turn|4
|
|t:|1743111797
|switch|p2a: MERRY CHRISTMAS|Abomasnow, M|100/100
|-weather|Hail|[from] ability: Snow Warning|[of] p2a: MERRY CHRISTMAS
|move|p1a: Kyurem|Substitute|p1a: Kyurem
|-start|p1a: Kyurem|Substitute
|-damage|p1a: Kyurem|69/100
|
|-weather|Hail|[upkeep]
|-heal|p1a: Kyurem|75/100|[from] item: Leftovers
|upkeep
|turn|5
|
|t:|1743111801
|move|p1a: Kyurem|Ice Beam|p2a: MERRY CHRISTMAS
|-damage|p2a: MERRY CHRISTMAS|57/100
|move|p2a: MERRY CHRISTMAS|Blizzard|p1a: Kyurem
|-end|p1a: Kyurem|Substitute
|
|-weather|Hail|[upkeep]
|-heal|p1a: Kyurem|81/100|[from] item: Leftovers
|-heal|p2a: MERRY CHRISTMAS|63/100|[from] item: Leftovers
|upkeep
|turn|6
|
|t:|1743111805
|move|p1a: Kyurem|Substitute|p1a: Kyurem
|-start|p1a: Kyurem|Substitute
|-damage|p1a: Kyurem|57/100
|move|p2a: MERRY CHRISTMAS|Blizzard|p1a: Kyurem
|-end|p1a: Kyurem|Substitute
|
|-weather|Hail|[upkeep]
|-heal|p1a: Kyurem|63/100|[from] item: Leftovers
|-heal|p2a: MERRY CHRISTMAS|69/100|[from] item: Leftovers
|upkeep
|turn|7
|
|t:|1743111807
|move|p1a: Kyurem|Roost|p1a: Kyurem
|-heal|p1a: Kyurem|100/100
|-singleturn|p1a: Kyurem|move: Roost
|move|p2a: MERRY CHRISTMAS|Blizzard|p1a: Kyurem
|-damage|p1a: Kyurem|53/100
|
|-weather|Hail|[upkeep]
|-heal|p1a: Kyurem|59/100|[from] item: Leftovers
|-heal|p2a: MERRY CHRISTMAS|75/100|[from] item: Leftovers
|upkeep
|turn|8
|
|t:|1743111811
|move|p1a: Kyurem|Roost|p1a: Kyurem
|-heal|p1a: Kyurem|100/100
|-singleturn|p1a: Kyurem|move: Roost
|move|p2a: MERRY CHRISTMAS|Blizzard|p1a: Kyurem
|-damage|p1a: Kyurem|52/100
|
|-weather|Hail|[upkeep]
|-heal|p1a: Kyurem|59/100|[from] item: Leftovers
|-heal|p2a: MERRY CHRISTMAS|81/100|[from] item: Leftovers
|upkeep
|turn|9
|
|t:|1743111817
|switch|p2a: Dreidel|Forretress, F|100/100
|move|p1a: Kyurem|Substitute|p1a: Kyurem
|-start|p1a: Kyurem|Substitute
|-damage|p1a: Kyurem|34/100
|
|-weather|Hail|[upkeep]
|-heal|p1a: Kyurem|40/100|[from] item: Leftovers
|upkeep
|turn|10
|
|t:|1743111820
|move|p1a: Kyurem|Roost|p1a: Kyurem
|-heal|p1a: Kyurem|90/100
|-singleturn|p1a: Kyurem|move: Roost
|move|p2a: Dreidel|Gyro Ball|p1a: Kyurem
|-supereffective|p1a: Kyurem
|-end|p1a: Kyurem|Substitute
|
|-weather|Hail|[upkeep]
|-heal|p1a: Kyurem|96/100|[from] item: Leftovers
|upkeep
|turn|11
|
|t:|1743111822
|move|p1a: Kyurem|Substitute|p1a: Kyurem
|-start|p1a: Kyurem|Substitute
|-damage|p1a: Kyurem|71/100
|move|p2a: Dreidel|Gyro Ball|p1a: Kyurem
|-supereffective|p1a: Kyurem
|-end|p1a: Kyurem|Substitute
|
|-weather|Hail|[upkeep]
|-heal|p1a: Kyurem|77/100|[from] item: Leftovers
|upkeep
|turn|12
|
|t:|1743111823
|move|p1a: Kyurem|Substitute|p1a: Kyurem
|-start|p1a: Kyurem|Substitute
|-damage|p1a: Kyurem|52/100
|move|p2a: Dreidel|Gyro Ball|p1a: Kyurem
|-supereffective|p1a: Kyurem
|-end|p1a: Kyurem|Substitute
|
|-weather|Hail|[upkeep]
|-heal|p1a: Kyurem|59/100|[from] item: Leftovers
|upkeep
|turn|13
|
|t:|1743111829
|move|p1a: Kyurem|Substitute|p1a: Kyurem
|-start|p1a: Kyurem|Substitute
|-damage|p1a: Kyurem|34/100
|move|p2a: Dreidel|Hidden Power|p1a: Kyurem
|-activate|p1a: Kyurem|Substitute|[damage]
|
|-weather|Hail|[upkeep]
|-heal|p1a: Kyurem|40/100|[from] item: Leftovers
|upkeep
|turn|14
|
|t:|1743111832
|move|p1a: Kyurem|Roost|p1a: Kyurem
|-heal|p1a: Kyurem|90/100
|-singleturn|p1a: Kyurem|move: Roost
|move|p2a: Dreidel|Spikes|p1a: Kyurem
|-sidestart|p1: NeonJolteonWasUsed|Spikes
|
|-weather|Hail|[upkeep]
|-heal|p1a: Kyurem|96/100|[from] item: Leftovers
|upkeep
|turn|15
|
|t:|1743111841
|switch|p2a: MERRY CHRISTMAS|Abomasnow, M|81/100
|move|p1a: Kyurem|Earth Power|p2a: MERRY CHRISTMAS
|-resisted|p2a: MERRY CHRISTMAS
|-damage|p2a: MERRY CHRISTMAS|67/100
|
|-weather|Hail|[upkeep]
|-heal|p1a: Kyurem|100/100|[from] item: Leftovers
|-heal|p2a: MERRY CHRISTMAS|73/100|[from] item: Leftovers
|upkeep
|turn|16
|
|t:|1743111844
|move|p2a: MERRY CHRISTMAS|Ice Shard|p1a: Kyurem
|-crit|p1a: Kyurem
|-end|p1a: Kyurem|Substitute
|move|p1a: Kyurem|Ice Beam|p2a: MERRY CHRISTMAS
|-damage|p2a: MERRY CHRISTMAS|28/100
|
|-weather|Hail|[upkeep]
|-heal|p2a: MERRY CHRISTMAS|34/100|[from] item: Leftovers
|upkeep
|turn|17
|
|t:|1743111850
|switch|p2a: Racist Uncle|Gliscor, M|100/100
|move|p1a: Kyurem|Substitute|p1a: Kyurem
|-start|p1a: Kyurem|Substitute
|-damage|p1a: Kyurem|76/100
|
|-weather|Hail|[upkeep]
|-damage|p2a: Racist Uncle|94/100|[from] Hail
|-heal|p1a: Kyurem|82/100|[from] item: Leftovers
|-status|p2a: Racist Uncle|tox|[from] item: Toxic Orb
|upkeep
|turn|18
|
|t:|1743111854
|move|p2a: Racist Uncle|Protect|p2a: Racist Uncle
|-singleturn|p2a: Racist Uncle|Protect
|move|p1a: Kyurem|Ice Beam|p2a: Racist Uncle
|-activate|p2a: Racist Uncle|move: Protect
|
|-weather|Hail|[upkeep]
|-damage|p2a: Racist Uncle|88/100 tox|[from] Hail
|-heal|p1a: Kyurem|88/100|[from] item: Leftovers
|-heal|p2a: Racist Uncle|100/100 tox|[from] ability: Poison Heal
|upkeep
|turn|19
|
|t:|1743111860
|switch|p2a: Eggnog|Blissey, F|80/100
|move|p1a: Kyurem|Ice Beam|p2a: Eggnog
|-damage|p2a: Eggnog|63/100
|
|-weather|Hail|[upkeep]
|-damage|p2a: Eggnog|57/100|[from] Hail
|-heal|p1a: Kyurem|94/100|[from] item: Leftovers
|-heal|p2a: Eggnog|63/100|[from] item: Leftovers
|upkeep
|turn|20
|
|t:|1743111863
|move|p1a: Kyurem|Ice Beam|p2a: Eggnog
|-damage|p2a: Eggnog|45/100
|move|p2a: Eggnog|Soft-Boiled|p2a: Eggnog
|-heal|p2a: Eggnog|95/100
|
|-weather|Hail|[upkeep]
|-damage|p2a: Eggnog|89/100|[from] Hail
|-heal|p1a: Kyurem|99/100|[from] item: Leftovers
|-heal|p2a: Eggnog|95/100|[from] item: Leftovers
|upkeep
|turn|21
|
|t:|1743111865
|move|p1a: Kyurem|Earth Power|p2a: Eggnog
|-damage|p2a: Eggnog|85/100
|move|p2a: Eggnog|Seismic Toss|p1a: Kyurem
|-activate|p1a: Kyurem|Substitute|[damage]
|
|-weather|Hail|[upkeep]
|-damage|p2a: Eggnog|79/100|[from] Hail
|-heal|p1a: Kyurem|100/100|[from] item: Leftovers
|-heal|p2a: Eggnog|85/100|[from] item: Leftovers
|upkeep
|turn|22
|
|t:|1743111868
|move|p1a: Kyurem|Earth Power|p2a: Eggnog
|-damage|p2a: Eggnog|74/100
|move|p2a: Eggnog|Seismic Toss|p1a: Kyurem
|-end|p1a: Kyurem|Substitute
|
|-weather|Hail|[upkeep]
|-damage|p2a: Eggnog|68/100|[from] Hail
|-heal|p2a: Eggnog|74/100|[from] item: Leftovers
|upkeep
|turn|23
|
|t:|1743111873
|switch|p2a: Chistmas Embryo|Reuniclus, M|100/100
|move|p1a: Kyurem|Substitute|p1a: Kyurem
|-start|p1a: Kyurem|Substitute
|-damage|p1a: Kyurem|76/100
|
|-weather|Hail|[upkeep]
|-heal|p1a: Kyurem|82/100|[from] item: Leftovers
|upkeep
|turn|24
|
|t:|1743111875
|move|p1a: Kyurem|Ice Beam|p2a: Chistmas Embryo
|-damage|p2a: Chistmas Embryo|54/100
|move|p2a: Chistmas Embryo|Calm Mind|p2a: Chistmas Embryo
|-boost|p2a: Chistmas Embryo|spa|1
|-boost|p2a: Chistmas Embryo|spd|1
|
|-weather|Hail|[upkeep]
|-heal|p1a: Kyurem|88/100|[from] item: Leftovers
|-heal|p2a: Chistmas Embryo|60/100|[from] item: Leftovers
|upkeep
|turn|25
|
|t:|1743111879
|move|p1a: Kyurem|Ice Beam|p2a: Chistmas Embryo
|-damage|p2a: Chistmas Embryo|32/100
|move|p2a: Chistmas Embryo|Recover|p2a: Chistmas Embryo
|-heal|p2a: Chistmas Embryo|82/100
|
|-weather|Hail|[upkeep]
|-heal|p1a: Kyurem|94/100|[from] item: Leftovers
|-heal|p2a: Chistmas Embryo|88/100|[from] item: Leftovers
|upkeep
|turn|26
|
|t:|1743111882
|switch|p1a: Politoed|Politoed, M|100/100
|-damage|p1a: Politoed|88/100|[from] Spikes
|-weather|RainDance|[from] ability: Drizzle|[of] p1a: Politoed
|move|p2a: Chistmas Embryo|Calm Mind|p2a: Chistmas Embryo
|-boost|p2a: Chistmas Embryo|spa|1
|-boost|p2a: Chistmas Embryo|spd|1
|
|-weather|RainDance|[upkeep]
|-heal|p2a: Chistmas Embryo|94/100|[from] item: Leftovers
|upkeep
|turn|27
|
|t:|1743111886
|move|p1a: Politoed|Encore|p2a: Chistmas Embryo
|-start|p2a: Chistmas Embryo|Encore
|move|p2a: Chistmas Embryo|Calm Mind|p2a: Chistmas Embryo
|-boost|p2a: Chistmas Embryo|spa|1
|-boost|p2a: Chistmas Embryo|spd|1
|
|-weather|RainDance|[upkeep]
|-heal|p2a: Chistmas Embryo|100/100|[from] item: Leftovers
|upkeep
|turn|28
|
|t:|1743111893
|switch|p1a: Excadrill|Excadrill, M|100/100
|-damage|p1a: Excadrill|88/100|[from] Spikes
|-ability|p1a: Excadrill|Mold Breaker
|switch|p2a: MERRY CHRISTMAS|Abomasnow, M|34/100
|-weather|Hail|[from] ability: Snow Warning|[of] p2a: MERRY CHRISTMAS
|
|-weather|Hail|[upkeep]
|-damage|p1a: Excadrill|82/100|[from] Hail
|-heal|p1a: Excadrill|88/100|[from] item: Leftovers
|-heal|p2a: MERRY CHRISTMAS|40/100|[from] item: Leftovers
|upkeep
|turn|29
|
|t:|1743111913
|move|p2a: MERRY CHRISTMAS|Protect|p2a: MERRY CHRISTMAS
|-singleturn|p2a: MERRY CHRISTMAS|Protect
|move|p1a: Excadrill|Rapid Spin|p2a: MERRY CHRISTMAS
|-activate|p2a: MERRY CHRISTMAS|move: Protect
|
|-weather|Hail|[upkeep]
|-damage|p1a: Excadrill|82/100|[from] Hail
|-heal|p1a: Excadrill|88/100|[from] item: Leftovers
|-heal|p2a: MERRY CHRISTMAS|46/100|[from] item: Leftovers
|upkeep
|turn|30
|
|t:|1743111918
|move|p1a: Excadrill|Iron Head|p2a: MERRY CHRISTMAS
|-supereffective|p2a: MERRY CHRISTMAS
|-damage|p2a: MERRY CHRISTMAS|0 fnt
|faint|p2a: MERRY CHRISTMAS
|
|-weather|Hail|[upkeep]
|-damage|p1a: Excadrill|82/100|[from] Hail
|-heal|p1a: Excadrill|88/100|[from] item: Leftovers
|upkeep
|
|t:|1743111920
|switch|p2a: Racist Uncle|Gliscor, M|100/100 tox
|turn|31
|
|t:|1743111924
|switch|p1a: Bronzong|Bronzong|100/100
|move|p2a: Racist Uncle|Earthquake|p1a: Bronzong
|-immune|p1a: Bronzong|[from] ability: Levitate
|
|-weather|Hail|[upkeep]
|-damage|p2a: Racist Uncle|94/100 tox|[from] Hail
|-damage|p1a: Bronzong|94/100|[from] Hail
|-heal|p1a: Bronzong|100/100|[from] item: Leftovers
|-heal|p2a: Racist Uncle|100/100 tox|[from] ability: Poison Heal
|upkeep
|turn|32
|
|t:|1743111929
|move|p2a: Racist Uncle|Stealth Rock|p1a: Bronzong
|-sidestart|p1: NeonJolteonWasUsed|move: Stealth Rock
|move|p1a: Bronzong|Hidden Power|p2a: Racist Uncle
|-supereffective|p2a: Racist Uncle
|-damage|p2a: Racist Uncle|22/100 tox
|
|-weather|Hail|[upkeep]
|-damage|p2a: Racist Uncle|16/100 tox|[from] Hail
|-damage|p1a: Bronzong|94/100|[from] Hail
|-heal|p1a: Bronzong|100/100|[from] item: Leftovers
|-heal|p2a: Racist Uncle|28/100 tox|[from] ability: Poison Heal
|upkeep
|turn|33
|
|t:|1743111932
|move|p2a: Racist Uncle|Protect|p2a: Racist Uncle
|-singleturn|p2a: Racist Uncle|Protect
|move|p1a: Bronzong|Gyro Ball|p2a: Racist Uncle
|-activate|p2a: Racist Uncle|move: Protect
|
|-weather|Hail|[upkeep]
|-damage|p2a: Racist Uncle|22/100 tox|[from] Hail
|-damage|p1a: Bronzong|94/100|[from] Hail
|-heal|p1a: Bronzong|100/100|[from] item: Leftovers
|-heal|p2a: Racist Uncle|34/100 tox|[from] ability: Poison Heal
|upkeep
|turn|34
|
|t:|1743111939
|switch|p2a: Eggnog|Blissey, F|74/100
|switch|p1a: Excadrill|Excadrill, M|88/100
|-damage|p1a: Excadrill|76/100|[from] Spikes
|-damage|p1a: Excadrill|73/100|[from] Stealth Rock
|-ability|p1a: Excadrill|Mold Breaker
|
|-weather|Hail|[upkeep]
|-damage|p1a: Excadrill|66/100|[from] Hail
|-damage|p2a: Eggnog|68/100|[from] Hail
|-heal|p1a: Excadrill|73/100|[from] item: Leftovers
|-heal|p2a: Eggnog|74/100|[from] item: Leftovers
|upkeep
|turn|35
|
|t:|1743111942
|move|p1a: Excadrill|Rapid Spin|p2a: Eggnog
|-damage|p2a: Eggnog|68/100
|-sideend|p1: NeonJolteonWasUsed|Spikes|[from] move: Rapid Spin|[of] p1a: Excadrill
|-sideend|p1: NeonJolteonWasUsed|Stealth Rock|[from] move: Rapid Spin|[of] p1a: Excadrill
|move|p2a: Eggnog|Seismic Toss|p1a: Excadrill
|-damage|p1a: Excadrill|45/100
|
|-weather|Hail|[upkeep]
|-damage|p1a: Excadrill|39/100|[from] Hail
|-damage|p2a: Eggnog|62/100|[from] Hail
|-heal|p1a: Excadrill|45/100|[from] item: Leftovers
|-heal|p2a: Eggnog|68/100|[from] item: Leftovers
|upkeep
|turn|36
|
|t:|1743111946
|move|p1a: Excadrill|Iron Head|p2a: Eggnog
|-damage|p2a: Eggnog|31/100
|move|p2a: Eggnog|Seismic Toss|p1a: Excadrill
|-damage|p1a: Excadrill|18/100
|
|-weather|Hail|[upkeep]
|-damage|p1a: Excadrill|12/100|[from] Hail
|-damage|p2a: Eggnog|25/100|[from] Hail
|-heal|p1a: Excadrill|18/100|[from] item: Leftovers
|-heal|p2a: Eggnog|31/100|[from] item: Leftovers
|upkeep
|turn|37
|
|t:|1743111950
|switch|p2a: Dreidel|Forretress, F|100/100
|move|p1a: Excadrill|Iron Head|p2a: Dreidel
|-resisted|p2a: Dreidel
|-damage|p2a: Dreidel|88/100
|
|-weather|Hail|[upkeep]
|-damage|p1a: Excadrill|12/100|[from] Hail
|-heal|p1a: Excadrill|18/100|[from] item: Leftovers
|-heal|p2a: Dreidel|95/100|[from] item: Leftovers
|upkeep
|turn|38
|
|t:|1743111956
|switch|p1a: Kyurem|Kyurem|94/100
|-ability|p1a: Kyurem|Pressure
|move|p2a: Dreidel|Spikes|p1a: Kyurem
|-sidestart|p1: NeonJolteonWasUsed|Spikes
|
|-weather|Hail|[upkeep]
|-heal|p1a: Kyurem|99/100|[from] item: Leftovers
|-heal|p2a: Dreidel|100/100|[from] item: Leftovers
|upkeep
|turn|39
|
|t:|1743111966
|switch|p2a: Eggnog|Blissey, F|31/100
|move|p1a: Kyurem|Substitute|p1a: Kyurem
|-start|p1a: Kyurem|Substitute
|-damage|p1a: Kyurem|75/100
|
|-weather|Hail|[upkeep]
|-damage|p2a: Eggnog|25/100|[from] Hail
|-heal|p1a: Kyurem|81/100|[from] item: Leftovers
|-heal|p2a: Eggnog|31/100|[from] item: Leftovers
|upkeep
|turn|40
|
|t:|1743111968
|move|p1a: Kyurem|Ice Beam|p2a: Eggnog
|-damage|p2a: Eggnog|14/100
|-status|p2a: Eggnog|frz
|cant|p2a: Eggnog|frz
|
|-weather|Hail|[upkeep]
|-damage|p2a: Eggnog|8/100 frz|[from] Hail
|-heal|p1a: Kyurem|88/100|[from] item: Leftovers
|-heal|p2a: Eggnog|14/100 frz|[from] item: Leftovers
|upkeep
|turn|41
|
|t:|1743111972
|-curestatus|p2a: Eggnog|frz|[from] ability: Natural Cure
|switch|p2a: Chistmas Embryo|Reuniclus, M|100/100
|move|p1a: Kyurem|Ice Beam|p2a: Chistmas Embryo
|-damage|p2a: Chistmas Embryo|57/100
|
|-weather|Hail|[upkeep]
|-heal|p1a: Kyurem|94/100|[from] item: Leftovers
|-heal|p2a: Chistmas Embryo|63/100|[from] item: Leftovers
|upkeep
|turn|42
|
|t:|1743111975
|move|p1a: Kyurem|Ice Beam|p2a: Chistmas Embryo
|-damage|p2a: Chistmas Embryo|21/100
|move|p2a: Chistmas Embryo|Calm Mind|p2a: Chistmas Embryo
|-boost|p2a: Chistmas Embryo|spa|1
|-boost|p2a: Chistmas Embryo|spd|1
|
|-weather|Hail|[upkeep]
|-heal|p1a: Kyurem|99/100|[from] item: Leftovers
|-heal|p2a: Chistmas Embryo|27/100|[from] item: Leftovers
|upkeep
|turn|43
|
|t:|1743111978
|move|p1a: Kyurem|Ice Beam|p2a: Chistmas Embryo
|-damage|p2a: Chistmas Embryo|0 fnt
|faint|p2a: Chistmas Embryo
|
|-weather|Hail|[upkeep]
|-heal|p1a: Kyurem|100/100|[from] item: Leftovers
|upkeep
|
|t:|1743111981
|switch|p2a: Christmas Baby|Latios, M, shiny|100/100
|turn|44
|-message|Simplexous forfeited.
|
|win|NeonJolteonWasUsed
|raw|NeonJolteonWasUsed's rating: 1409 &rarr; <strong>1426</strong><br />(+17 for winning)
|raw|Simplexous's rating: 1357 &rarr; <strong>1340</strong><br />(-17 for losing)
|l|☆Simplexous
|player|p2|
