|j|☆EG Jhonx
|j|☆Crowned Crystals ♔
|t:|1742256644
|gametype|singles
|player|p1|EG Jhonx|#gscpl5ladderbayleefsaints|1336
|player|p2|Crowned Crystals ♔|lucas|1562
|teamsize|p1|6
|teamsize|p2|6
|gen|5
|tier|[Gen 5] OU
|rated|
|rule|Species Clause: Limit one of each Pokémon
|rule|OHKO Clause: OHKO moves are banned
|rule|Moody Clause: Moody is banned
|rule|Evasion Items Clause: Evasion items are banned
|rule|Evasion Moves Clause: Evasion moves are banned
|rule|Endless Battle Clause: Forcing endless battles is banned
|rule|HP Percentage Mod: HP is shown in percentages
|rule|Evasion Abilities Clause: Evasion abilities are banned
|rule|Sleep Moves Clause: Sleep-inducing moves are banned
|rule|Swagger Clause: Swagger is banned
|rule|Baton Pass Stat Clause: No Baton Passer may have a way to boost its stats
|clearpoke
|poke|p1|Politoed, F|item
|poke|p1|Kyurem-Black|item
|poke|p1|Starmie|item
|poke|p1|Ferrothorn, M|item
|poke|p1|Latios, M|item
|poke|p1|Gyarados, M|item
|poke|p2|Politoed, M|item
|poke|p2|Jirachi|item
|poke|p2|Starmie|item
|poke|p2|Ferrothorn, F|item
|poke|p2|Thundurus-Therian, M|item
|poke|p2|Keldeo|item
|teampreview
|inactive|Battle timer is ON: inactive players will automatically lose when time's up. (requested by Crowned Crystals ♔)
|c|☆EG Jhonx|hf
|c|☆Crowned Crystals ♔|You too!
|
|t:|1742256663
|start
|switch|p1a: Politoed|Politoed, F|100/100
|switch|p2a: Thundurus|Thundurus-Therian, M|100/100
|-weather|RainDance|[from] ability: Drizzle|[of] p1a: Politoed
|turn|1
|inactive|Crowned Crystals ♔ has 120 seconds left.
|
|t:|1742256695
|move|p2a: Thundurus|Thunder|p1a: Politoed
|-supereffective|p1a: Politoed
|-damage|p1a: Politoed|0 fnt
|faint|p1a: Politoed
|
|-weather|RainDance|[upkeep]
|upkeep
|
|t:|1742256701
|switch|p1a: Starmie|Starmie|100/100
|turn|2
|
|t:|1742256713
|switch|p2a: Politoed|Politoed, M, shiny|100/100
|move|p1a: Starmie|Surf|p2a: Politoed
|-resisted|p2a: Politoed
|-damage|p2a: Politoed|43/100
|-enditem|p2a: Politoed|Eject Button
|inactive|Crowned Crystals ♔ has 120 seconds left.
|
|t:|1742256725
|switch|p2a: Ferrothorn|Ferrothorn, F, shiny|100/100
|
|-weather|RainDance|[upkeep]
|upkeep
|turn|3
|
|t:|1742256730
|switch|p1a: Ferrothorn|Ferrothorn, M|100/100
|move|p2a: Ferrothorn|Stealth Rock|p1a: Ferrothorn
|-sidestart|p1: EG Jhonx|move: Stealth Rock
|
|-weather|RainDance|[upkeep]
|upkeep
|turn|4
|
|t:|1742256733
|switch|p2a: Thundurus|Thundurus-Therian, M|100/100
|move|p1a: Ferrothorn|Stealth Rock|p2a: Thundurus
|-sidestart|p2: Crowned Crystals ♔|move: Stealth Rock
|
|-weather|RainDance|[upkeep]
|upkeep
|turn|5
|
|t:|1742256749
|move|p2a: Thundurus|Focus Blast|p1a: Ferrothorn
|-supereffective|p1a: Ferrothorn
|-damage|p1a: Ferrothorn|44/100
|move|p1a: Ferrothorn|Spikes|p2a: Thundurus
|-sidestart|p2: Crowned Crystals ♔|Spikes
|
|-weather|RainDance|[upkeep]
|upkeep
|turn|6
|inactive|EG Jhonx has 120 seconds left.
|inactive|EG Jhonx has 90 seconds left.
|
|t:|1742256813
|move|p2a: Thundurus|Thunder|p1a: Ferrothorn
|-resisted|p1a: Ferrothorn
|-damage|p1a: Ferrothorn|26/100
|move|p1a: Ferrothorn|Spikes|p2a: Thundurus
|-sidestart|p2: Crowned Crystals ♔|Spikes
|
|-weather|RainDance|[upkeep]
|upkeep
|turn|7
|
|t:|1742256824
|move|p2a: Thundurus|Focus Blast|p1a: Ferrothorn
|-supereffective|p1a: Ferrothorn
|-damage|p1a: Ferrothorn|0 fnt
|faint|p1a: Ferrothorn
|
|-weather|RainDance|[upkeep]
|upkeep
|inactive|EG Jhonx has 90 seconds left.
|
|t:|1742256841
|switch|p1a: Starmie|Starmie|100/100
|-damage|p1a: Starmie|88/100|[from] Stealth Rock
|turn|8
|
|t:|1742256849
|switch|p2a: Politoed|Politoed, M, shiny|43/100
|-damage|p2a: Politoed|31/100|[from] Stealth Rock
|-damage|p2a: Politoed|14/100|[from] Spikes
|move|p1a: Starmie|Surf|p2a: Politoed
|-resisted|p2a: Politoed
|-damage|p2a: Politoed|0 fnt
|faint|p2a: Politoed
|
|-weather|RainDance|[upkeep]
|upkeep
|
|t:|1742256858
|switch|p2a: Starmie|Starmie, shiny|100/100
|-damage|p2a: Starmie|88/100|[from] Stealth Rock
|-damage|p2a: Starmie|72/100|[from] Spikes
|turn|9
|
|t:|1742256872
|switch|p1a: Latios|Latios, M|100/100
|-damage|p1a: Latios|88/100|[from] Stealth Rock
|move|p2a: Starmie|Thunder|p1a: Latios
|-resisted|p1a: Latios
|-damage|p1a: Latios|53/100
|
|-weather|RainDance|[upkeep]
|upkeep
|turn|10
|
|t:|1742256877
|switch|p2a: Ferrothorn|Ferrothorn, F, shiny|100/100
|-damage|p2a: Ferrothorn|95/100|[from] Stealth Rock
|-damage|p2a: Ferrothorn|78/100|[from] Spikes
|move|p1a: Latios|Draco Meteor|p2a: Ferrothorn
|-resisted|p2a: Ferrothorn
|-damage|p2a: Ferrothorn|50/100
|-unboost|p1a: Latios|spa|2
|
|-weather|RainDance|[upkeep]
|upkeep
|turn|11
|
|t:|1742256890
|switch|p1a: Gyarados|Gyarados, M|100/100
|-damage|p1a: Gyarados|76/100|[from] Stealth Rock
|-ability|p1a: Gyarados|Intimidate|boost
|-unboost|p2a: Ferrothorn|atk|1
|move|p2a: Ferrothorn|Gyro Ball|p1a: Gyarados
|-resisted|p1a: Gyarados
|-damage|p1a: Gyarados|58/100
|
|-weather|RainDance|[upkeep]
|-heal|p1a: Gyarados|64/100|[from] item: Leftovers
|upkeep
|turn|12
|
|t:|1742256901
|move|p1a: Gyarados|Substitute|p1a: Gyarados
|-start|p1a: Gyarados|Substitute
|-damage|p1a: Gyarados|39/100
|move|p2a: Ferrothorn|Power Whip|p1a: Gyarados
|-end|p1a: Gyarados|Substitute
|
|-weather|RainDance|[upkeep]
|-heal|p1a: Gyarados|46/100|[from] item: Leftovers
|upkeep
|turn|13
|inactive|EG Jhonx has 120 seconds left.
|
|t:|1742256922
|move|p1a: Gyarados|Dragon Dance|p1a: Gyarados
|-boost|p1a: Gyarados|atk|1
|-boost|p1a: Gyarados|spe|1
|move|p2a: Ferrothorn|Power Whip|p1a: Gyarados
|-damage|p1a: Gyarados|16/100
|
|-weather|RainDance|[upkeep]
|-heal|p1a: Gyarados|22/100|[from] item: Leftovers
|upkeep
|turn|14
|
|t:|1742256931
|move|p1a: Gyarados|Bounce||[still]
|-prepare|p1a: Gyarados|Bounce
|move|p2a: Ferrothorn|Power Whip|p1a: Gyarados|[miss]
|-miss|p2a: Ferrothorn|p1a: Gyarados
|
|-weather|RainDance|[upkeep]
|-heal|p1a: Gyarados|28/100|[from] item: Leftovers
|upkeep
|turn|15
|
|t:|1742256947
|move|p1a: Gyarados|Bounce|p2a: Ferrothorn|[from] lockedmove
|-damage|p2a: Ferrothorn|5/100
|-status|p2a: Ferrothorn|par
|-enditem|p2a: Ferrothorn|Lum Berry|[eat]
|-curestatus|p2a: Ferrothorn|par|[msg]
|-damage|p1a: Gyarados|16/100|[from] ability: Iron Barbs|[of] p2a: Ferrothorn
|move|p2a: Ferrothorn|Spikes|p1a: Gyarados
|-sidestart|p1: EG Jhonx|Spikes
|
|-weather|RainDance|[upkeep]
|-heal|p1a: Gyarados|22/100|[from] item: Leftovers
|upkeep
|turn|16
|
|t:|1742256960
|move|p1a: Gyarados|Bounce||[still]
|-prepare|p1a: Gyarados|Bounce
|move|p2a: Ferrothorn|Power Whip|p1a: Gyarados|[miss]
|-miss|p2a: Ferrothorn|p1a: Gyarados
|
|-weather|RainDance|[upkeep]
|-heal|p1a: Gyarados|28/100|[from] item: Leftovers
|upkeep
|turn|17
|
|t:|1742256964
|move|p1a: Gyarados|Bounce|p2a: Ferrothorn|[from] lockedmove
|-damage|p2a: Ferrothorn|0 fnt
|-damage|p1a: Gyarados|16/100|[from] ability: Iron Barbs|[of] p2a: Ferrothorn
|faint|p2a: Ferrothorn
|
|-weather|RainDance|[upkeep]
|-heal|p1a: Gyarados|22/100|[from] item: Leftovers
|upkeep
|
|t:|1742256969
|switch|p2a: Keldeo|Keldeo|100/100
|-damage|p2a: Keldeo|94/100|[from] Stealth Rock
|-damage|p2a: Keldeo|78/100|[from] Spikes
|turn|18
|
|t:|1742256978
|move|p2a: Keldeo|Secret Sword|p1a: Gyarados
|-resisted|p1a: Gyarados
|-damage|p1a: Gyarados|0 fnt
|faint|p1a: Gyarados
|
|-weather|RainDance|[upkeep]
|upkeep
|
|t:|1742256985
|switch|p1a: Starmie|Starmie|88/100
|-damage|p1a: Starmie|76/100|[from] Stealth Rock
|-damage|p1a: Starmie|64/100|[from] Spikes
|turn|19
|
|t:|1742257002
|move|p2a: Keldeo|Secret Sword|p1a: Starmie
|-resisted|p1a: Starmie
|-damage|p1a: Starmie|30/100
|move|p1a: Starmie|Surf|p2a: Keldeo
|-resisted|p2a: Keldeo
|-damage|p2a: Keldeo|13/100
|
|-weather|RainDance|[upkeep]
|upkeep
|turn|20
|
|t:|1742257018
|move|p2a: Keldeo|Secret Sword|p1a: Starmie
|-resisted|p1a: Starmie
|-damage|p1a: Starmie|0 fnt
|faint|p1a: Starmie
|
|-weather|RainDance|[upkeep]
|upkeep
|
|t:|1742257021
|switch|p1a: Latios|Latios, M|53/100
|-damage|p1a: Latios|40/100|[from] Stealth Rock
|turn|21
|
|t:|1742257026
|move|p1a: Latios|Dragon Pulse|p2a: Keldeo
|-damage|p2a: Keldeo|0 fnt
|faint|p2a: Keldeo
|
|-weather|RainDance|[upkeep]
|upkeep
|
|t:|1742257034
|switch|p2a: Jirachi|Jirachi, shiny|100/100
|-damage|p2a: Jirachi|94/100|[from] Stealth Rock
|-damage|p2a: Jirachi|78/100|[from] Spikes
|turn|22
|
|t:|1742257041
|move|p1a: Latios|Dragon Pulse|p2a: Jirachi
|-resisted|p2a: Jirachi
|-damage|p2a: Jirachi|54/100
|move|p2a: Jirachi|Iron Head|p1a: Latios
|-damage|p1a: Latios|0 fnt
|faint|p1a: Latios
|
|-weather|RainDance|[upkeep]
|upkeep
|
|t:|1742257044
|switch|p1a: Kyurem|Kyurem-Black|100/100
|-damage|p1a: Kyurem|75/100|[from] Stealth Rock
|-damage|p1a: Kyurem|63/100|[from] Spikes
|-ability|p1a: Kyurem|Teravolt
|turn|23
|
|t:|1742257049
|move|p2a: Jirachi|Iron Head|p1a: Kyurem
|-supereffective|p1a: Kyurem
|-damage|p1a: Kyurem|0 fnt
|faint|p1a: Kyurem
|
|win|Crowned Crystals ♔
|raw|EG Jhonx's rating: 1336 &rarr; <strong>1327</strong><br />(-9 for losing)
|raw|Crowned Crystals ♔'s rating: 1562 &rarr; <strong>1571</strong><br />(+9 for winning)
|c|☆Crowned Crystals ♔|ggs
|c|☆EG Jhonx|gg
|l|☆EG Jhonx
|player|p1|
|c|☆Crowned Crystals ♔|/log Crowned Crystals ♔ made this room public.
