|j|☆xpeps_10
|j|‽AltTestingAlt
|t:|1743710395
|gametype|singles
|player|p1|xpeps_10|gentleman-gen4|1330
|player|p2|AltTestingAlt|twins-gen4dp|1327
|teamsize|p1|6
|teamsize|p2|6
|gen|5
|tier|[Gen 5] OU
|rated|
|rule|Species Clause: Limit one of each Pokémon
|rule|OHKO Clause: OHKO moves are banned
|rule|Moody Clause: Moody is banned
|rule|Evasion Items Clause: Evasion items are banned
|rule|Evasion Moves Clause: Evasion moves are banned
|rule|Endless Battle Clause: Forcing endless battles is banned
|rule|HP Percentage Mod: HP is shown in percentages
|rule|Evasion Abilities Clause: Evasion abilities are banned
|rule|Sleep Moves Clause: Sleep-inducing moves are banned
|rule|Swagger Clause: Swagger is banned
|rule|Baton Pass Stat Clause: No Baton Passer may have a way to boost its stats
|clearpoke
|poke|p1|Rotom-Wash|item
|poke|p1|Landorus-Therian, M|item
|poke|p1|Tyranitar, M|item
|poke|p1|Alakazam, F|item
|poke|p1|Keldeo|item
|poke|p1|Excadrill, F|item
|poke|p2|Alomomola, M|item
|poke|p2|Amoonguss, M|item
|poke|p2|Quagsire, F|item
|poke|p2|Chansey, F|item
|poke|p2|Blissey, F|item
|poke|p2|Xatu, F|item
|teampreview
|inactive|Battle timer is ON: inactive players will automatically lose when time's up. (requested by xpeps_10)
|
|t:|1743710423
|start
|switch|p1a: Rotom|Rotom-Wash|100/100
|switch|p2a: Blissey|Blissey, F|100/100
|turn|1
|
|t:|1743710431
|move|p1a: Rotom|Volt Switch|p2a: Blissey
|-damage|p2a: Blissey|91/100
|
|t:|1743710434
|switch|p1a: Landorus|Landorus-Therian, M|100/100|[from] Volt Switch
|-ability|p1a: Landorus|Intimidate|boost
|-unboost|p2a: Blissey|atk|1
|move|p2a: Blissey|Ice Beam|p1a: Landorus
|-supereffective|p1a: Landorus
|-damage|p1a: Landorus|0 fnt
|faint|p1a: Landorus
|
|upkeep
|
|t:|1743710445
|switch|p1a: Tyranitar|Tyranitar, M|100/100
|-weather|Sandstorm|[from] ability: Sand Stream|[of] p1a: Tyranitar
|turn|2
|
|t:|1743710454
|switch|p2a: Alomomola|Alomomola, M|100/100
|move|p1a: Tyranitar|Crunch|p2a: Alomomola
|-damage|p2a: Alomomola|81/100
|-damage|p1a: Tyranitar|84/100|[from] item: Rocky Helmet|[of] p2a: Alomomola
|
|-weather|Sandstorm|[upkeep]
|-damage|p2a: Alomomola|74/100|[from] Sandstorm
|upkeep
|turn|3
|
|t:|1743710460
|move|p1a: Tyranitar|Stealth Rock|p2a: Alomomola
|-sidestart|p2: AltTestingAlt|move: Stealth Rock
|move|p2a: Alomomola|Toxic|p1a: Tyranitar
|-status|p1a: Tyranitar|tox
|
|-weather|Sandstorm|[upkeep]
|-damage|p2a: Alomomola|68/100|[from] Sandstorm
|-damage|p1a: Tyranitar|78/100 tox|[from] psn
|upkeep
|turn|4
|
|t:|1743710472
|move|p1a: Tyranitar|Crunch|p2a: Alomomola
|-crit|p2a: Alomomola
|-damage|p2a: Alomomola|24/100
|-damage|p1a: Tyranitar|61/100 tox|[from] item: Rocky Helmet|[of] p2a: Alomomola
|move|p2a: Alomomola|Wish|p2a: Alomomola
|
|-weather|Sandstorm|[upkeep]
|-damage|p2a: Alomomola|18/100|[from] Sandstorm
|-damage|p1a: Tyranitar|49/100 tox|[from] psn
|upkeep
|turn|5
|
|t:|1743710483
|switch|p1a: Rotom|Rotom-Wash|100/100
|move|p2a: Alomomola|Protect||[still]
|-fail|p2a: Alomomola
|
|-weather|Sandstorm|[upkeep]
|-damage|p1a: Rotom|94/100|[from] Sandstorm
|-damage|p2a: Alomomola|12/100|[from] Sandstorm
|-heal|p2a: Alomomola|62/100|[from] move: Wish|[wisher] Alomomola
|-heal|p1a: Rotom|100/100|[from] item: Leftovers
|upkeep
|turn|6
|
|t:|1743710488
|switch|p2a: Amoonguss|Amoonguss, M|100/100
|-damage|p2a: Amoonguss|88/100|[from] Stealth Rock
|move|p1a: Rotom|Will-O-Wisp|p2a: Amoonguss
|-status|p2a: Amoonguss|brn
|
|-weather|Sandstorm|[upkeep]
|-damage|p1a: Rotom|94/100|[from] Sandstorm
|-damage|p2a: Amoonguss|82/100 brn|[from] Sandstorm
|-heal|p1a: Rotom|100/100|[from] item: Leftovers
|-heal|p2a: Amoonguss|88/100 brn|[from] item: Black Sludge
|-damage|p2a: Amoonguss|75/100 brn|[from] brn
|upkeep
|turn|7
|
|t:|1743710497
|move|p1a: Rotom|Volt Switch|p2a: Amoonguss
|-resisted|p2a: Amoonguss
|-damage|p2a: Amoonguss|66/100 brn
|
|t:|1743710499
|switch|p1a: Tyranitar|Tyranitar, M|49/100 tox|[from] Volt Switch
|move|p2a: Amoonguss|Energy Ball|p1a: Tyranitar
|-supereffective|p1a: Tyranitar
|-damage|p1a: Tyranitar|27/100 tox
|
|-weather|Sandstorm|[upkeep]
|-damage|p2a: Amoonguss|60/100 brn|[from] Sandstorm
|-heal|p2a: Amoonguss|66/100 brn|[from] item: Black Sludge
|-damage|p1a: Tyranitar|21/100 tox|[from] psn
|-damage|p2a: Amoonguss|53/100 brn|[from] brn
|upkeep
|turn|8
|
|t:|1743710506
|switch|p2a: Alomomola|Alomomola, M|95/100
|-damage|p2a: Alomomola|83/100|[from] Stealth Rock
|move|p1a: Tyranitar|Crunch|p2a: Alomomola
|-damage|p2a: Alomomola|63/100
|-damage|p1a: Tyranitar|4/100 tox|[from] item: Rocky Helmet|[of] p2a: Alomomola
|
|-weather|Sandstorm|[upkeep]
|-damage|p2a: Alomomola|57/100|[from] Sandstorm
|-damage|p1a: Tyranitar|0 fnt|[from] psn
|faint|p1a: Tyranitar
|upkeep
|
|t:|1743710517
|switch|p1a: Excadrill|Excadrill, F|100/100
|-item|p1a: Excadrill|Air Balloon
|turn|9
|
|t:|1743710527
|switch|p2a: Xatu|Xatu, F|100/100
|-damage|p2a: Xatu|76/100|[from] Stealth Rock
|move|p1a: Excadrill|Earthquake|p2a: Xatu
|-immune|p2a: Xatu
|
|-weather|Sandstorm|[upkeep]
|-damage|p2a: Xatu|70/100|[from] Sandstorm
|-heal|p2a: Xatu|76/100|[from] item: Leftovers
|upkeep
|turn|10
|
|t:|1743710534
|move|p1a: Excadrill|Rock Slide|p2a: Xatu
|-supereffective|p2a: Xatu
|-damage|p2a: Xatu|6/100
|cant|p2a: Xatu|flinch
|
|-weather|Sandstorm|[upkeep]
|-damage|p2a: Xatu|0 fnt|[from] Sandstorm
|faint|p2a: Xatu
|upkeep
|
|t:|1743710547
|switch|p2a: Alomomola|Alomomola, M|90/100
|-damage|p2a: Alomomola|78/100|[from] Stealth Rock
|turn|11
|
|t:|1743710554
|move|p1a: Excadrill|Earthquake|p2a: Alomomola
|-damage|p2a: Alomomola|37/100
|move|p2a: Alomomola|Wish|p2a: Alomomola
|
|-weather|Sandstorm|[upkeep]
|-damage|p2a: Alomomola|31/100|[from] Sandstorm
|upkeep
|turn|12
|
|t:|1743710564
|move|p2a: Alomomola|Protect|p2a: Alomomola
|-singleturn|p2a: Alomomola|Protect
|move|p1a: Excadrill|Earthquake|p2a: Alomomola
|-activate|p2a: Alomomola|move: Protect
|
|-weather|Sandstorm|[upkeep]
|-damage|p2a: Alomomola|25/100|[from] Sandstorm
|-heal|p2a: Alomomola|75/100|[from] move: Wish|[wisher] Alomomola
|upkeep
|turn|13
|
|t:|1743710566
|move|p1a: Excadrill|Earthquake|p2a: Alomomola
|-damage|p2a: Alomomola|33/100
|move|p2a: Alomomola|Wish|p2a: Alomomola
|
|-weather|Sandstorm|[upkeep]
|-damage|p2a: Alomomola|27/100|[from] Sandstorm
|upkeep
|turn|14
|
|t:|1743710572
|switch|p1a: Rotom|Rotom-Wash|100/100
|switch|p2a: Quagsire|Quagsire, F|100/100
|-damage|p2a: Quagsire|94/100|[from] Stealth Rock
|
|-weather|Sandstorm|[upkeep]
|-damage|p1a: Rotom|94/100|[from] Sandstorm
|-heal|p2a: Quagsire|100/100|[from] move: Wish|[wisher] Alomomola
|-heal|p1a: Rotom|100/100|[from] item: Leftovers
|upkeep
|turn|15
|
|t:|1743710588
|switch|p2a: Chansey|Chansey, F|100/100
|-damage|p2a: Chansey|88/100|[from] Stealth Rock
|move|p1a: Rotom|Will-O-Wisp|p2a: Chansey
|-status|p2a: Chansey|brn
|
|-weather|Sandstorm|[upkeep]
|-damage|p1a: Rotom|94/100|[from] Sandstorm
|-damage|p2a: Chansey|82/100 brn|[from] Sandstorm
|-heal|p1a: Rotom|100/100|[from] item: Leftovers
|-damage|p2a: Chansey|69/100 brn|[from] brn
|upkeep
|turn|16
|
|t:|1743710601
|move|p1a: Rotom|Pain Split|p2a: Chansey
|-sethp|p2a: Chansey|56/100 brn|[from] move: Pain Split|[silent]
|-sethp|p1a: Rotom|100/100|[from] move: Pain Split
|move|p2a: Chansey|Soft-Boiled|p2a: Chansey
|-heal|p2a: Chansey|100/100 brn
|
|-weather|Sandstorm|[upkeep]
|-damage|p1a: Rotom|94/100|[from] Sandstorm
|-damage|p2a: Chansey|94/100 brn|[from] Sandstorm
|-heal|p1a: Rotom|100/100|[from] item: Leftovers
|-damage|p2a: Chansey|82/100 brn|[from] brn
|upkeep
|turn|17
|
|t:|1743710609
|move|p1a: Rotom|Pain Split|p2a: Chansey
|-sethp|p2a: Chansey|63/100 brn|[from] move: Pain Split|[silent]
|-sethp|p1a: Rotom|100/100|[from] move: Pain Split
|move|p2a: Chansey|Toxic|p1a: Rotom
|-status|p1a: Rotom|tox
|
|-weather|Sandstorm|[upkeep]
|-damage|p1a: Rotom|94/100 tox|[from] Sandstorm
|-damage|p2a: Chansey|56/100 brn|[from] Sandstorm
|-heal|p1a: Rotom|100/100 tox|[from] item: Leftovers
|-damage|p1a: Rotom|94/100 tox|[from] psn
|-damage|p2a: Chansey|44/100 brn|[from] brn
|upkeep
|turn|18
|
|t:|1743710612
|move|p1a: Rotom|Volt Switch|p2a: Chansey
|-damage|p2a: Chansey|36/100 brn
|
|t:|1743710615
|switch|p1a: Excadrill|Excadrill, F|100/100|[from] Volt Switch
|-item|p1a: Excadrill|Air Balloon
|move|p2a: Chansey|Soft-Boiled|p2a: Chansey
|-heal|p2a: Chansey|86/100 brn
|
|-weather|Sandstorm|[upkeep]
|-damage|p2a: Chansey|80/100 brn|[from] Sandstorm
|-damage|p2a: Chansey|67/100 brn|[from] brn
|upkeep
|turn|19
|
|t:|1743710642
|-curestatus|p2a: Chansey|brn|[from] ability: Natural Cure
|switch|p2a: Amoonguss|Amoonguss, M|87/100 brn
|-damage|p2a: Amoonguss|74/100 brn|[from] Stealth Rock
|move|p1a: Excadrill|Earthquake|p2a: Amoonguss
|-damage|p2a: Amoonguss|0 fnt
|faint|p2a: Amoonguss
|
|-weather|Sandstorm|[upkeep]
|upkeep
|inactive|AltTestingAlt has 120 seconds left.
|
|t:|1743710666
|switch|p2a: Alomomola|Alomomola, M|60/100
|-damage|p2a: Alomomola|48/100|[from] Stealth Rock
|turn|20
|
|t:|1743710669
|move|p1a: Excadrill|Earthquake|p2a: Alomomola
|-damage|p2a: Alomomola|9/100
|move|p2a: Alomomola|Wish|p2a: Alomomola
|
|-weather|Sandstorm|[upkeep]
|-damage|p2a: Alomomola|3/100|[from] Sandstorm
|upkeep
|turn|21
|
|t:|1743710677
|move|p2a: Alomomola|Protect|p2a: Alomomola
|-singleturn|p2a: Alomomola|Protect
|move|p1a: Excadrill|Rapid Spin|p2a: Alomomola
|-activate|p2a: Alomomola|move: Protect
|
|-weather|Sandstorm|[upkeep]
|-damage|p2a: Alomomola|0 fnt|[from] Sandstorm
|faint|p2a: Alomomola
|upkeep
|inactive|AltTestingAlt has 120 seconds left.
|-message|AltTestingAlt forfeited.
|
|win|xpeps_10
|raw|xpeps_10's rating: 1330 &rarr; <strong>1350</strong><br />(+20 for winning)
|raw|AltTestingAlt's rating: 1327 &rarr; <strong>1307</strong><br />(-20 for losing)
