|j|☆Angellore
|j|☆Mono Luce
|player|p1|Angellore|291
|player|p2|Mono Luce|101
|teamsize|p1|6
|teamsize|p2|6
|gametype|singles
|gen|5
|tier|[Gen 5] OU
|rated|
|rule|Sleep Clause Mod: Limit one foe put to sleep
|rule|Species Clause: Limit one of each Pokémon
|rule|OHKO Clause: OHKO moves are banned
|rule|Moody Clause: Moody is banned
|rule|Evasion Moves Clause: Evasion moves are banned
|rule|Endless Battle Clause: Forcing endless battles is banned
|rule|HP Percentage Mod: HP is shown in percentages
|rule|Evasion Abilities Clause: Evasion abilities are banned
|rule|Baton Pass Clause: Limit one Baton Passer, can't pass Spe and other stats simultaneously
|rule|Swagger Clause: Swagger is banned
|clearpoke
|poke|p1|Landorus-Therian, M|item
|poke|p1|Scizor, F|item
|poke|p1|Abomasnow, F|item
|poke|p1|Terrakion|item
|poke|p1|Kyurem|item
|poke|p1|Xatu, M|item
|poke|p2|Garchomp, M|item
|poke|p2|Magnezone|item
|poke|p2|Starmie|item
|poke|p2|Gyarados, F|item
|poke|p2|Scizor, F|item
|poke|p2|Celebi|item
|teampreview
|inactive|Battle timer is ON: inactive players will automatically lose when time's up. (requested by Mono Luce)
|
|start
|switch|p1a: Landorus|Landorus-Therian, M|100/100
|switch|p2a: Scizor|Scizor, F|100/100
|-ability|p1a: Landorus|Intimidate|boost
|-unboost|p2a: Scizor|atk|1
|turn|1
|
|move|p1a: Landorus|Earthquake|p2a: Scizor
|-crit|p2a: Scizor
|-damage|p2a: Scizor|0 fnt
|faint|p2a: Scizor
|
|upkeep
|
|switch|p2a: Celebi|Celebi|100/100
|turn|2
|
|switch|p1a: Xatu|Xatu, M|100/100
|move|p2a: Celebi|Stealth Rock|p1a: Xatu
|move|p1a: Xatu|Stealth Rock|p2a: Celebi|[from]Magic Bounce
|-sidestart|p2: Mono Luce|move: Stealth Rock
|
|upkeep
|turn|3
|
|switch|p2a: Magnezone|Magnezone|100/100
|-damage|p2a: Magnezone|94/100|[from] Stealth Rock
|move|p1a: Xatu|U-turn|p2a: Magnezone
|-resisted|p2a: Magnezone
|-damage|p2a: Magnezone|88/100
|
|switch|p1a: Landorus|Landorus-Therian, M|100/100
|-ability|p1a: Landorus|Intimidate|boost
|-unboost|p2a: Magnezone|atk|1
|
|-heal|p2a: Magnezone|94/100|[from] item: Leftovers
|upkeep
|turn|4
|
|move|p1a: Landorus|Earthquake|p2a: Magnezone
|-supereffective|p2a: Magnezone
|-damage|p2a: Magnezone|0 fnt
|faint|p2a: Magnezone
|
|upkeep
|
|switch|p2a: Gyarados|Gyarados, F|100/100
|-damage|p2a: Gyarados|76/100|[from] Stealth Rock
|-ability|p2a: Gyarados|Intimidate|boost
|-unboost|p1a: Landorus|atk|1
|turn|5
|
|switch|p1a: Kyurem|Kyurem|100/100
|-ability|p1a: Kyurem|Pressure
|move|p2a: Gyarados|Bounce|p1a: Kyurem|[still]
|-prepare|p2a: Gyarados|Bounce|p1a: Kyurem
|
|-heal|p2a: Gyarados|82/100|[from] item: Leftovers
|upkeep
|turn|6
|
|switch|p1a: Xatu|Xatu, M|100/100
|move|p2a: Gyarados|Bounce|p1a: Xatu|[from]lockedmove
|-damage|p1a: Xatu|63/100
|-damage|p2a: Gyarados|65/100|[from] item: Rocky Helmet|[of] p1a: Xatu
|
|-heal|p2a: Gyarados|72/100|[from] item: Leftovers
|upkeep
|turn|7
|
|move|p2a: Gyarados|Substitute|p2a: Gyarados
|-start|p2a: Gyarados|Substitute
|-damage|p2a: Gyarados|47/100
|move|p1a: Xatu|U-turn|p2a: Gyarados
|-resisted|p2a: Gyarados
|-activate|p2a: Gyarados|Substitute|[damage]
|
|switch|p1a: Kyurem|Kyurem|100/100
|-ability|p1a: Kyurem|Pressure
|
|-heal|p2a: Gyarados|53/100|[from] item: Leftovers
|upkeep
|turn|8
|
|move|p1a: Kyurem|Ice Beam|p2a: Gyarados
|-end|p2a: Gyarados|Substitute
|move|p2a: Gyarados|Dragon Dance|p2a: Gyarados
|-boost|p2a: Gyarados|atk|1
|-boost|p2a: Gyarados|spe|1
|
|-heal|p2a: Gyarados|59/100|[from] item: Leftovers
|upkeep
|turn|9
|
|move|p1a: Kyurem|Ice Beam|p2a: Gyarados
|-damage|p2a: Gyarados|13/100
|move|p2a: Gyarados|Bounce|p1a: Kyurem|[still]
|-prepare|p2a: Gyarados|Bounce|p1a: Kyurem
|
|-heal|p2a: Gyarados|19/100|[from] item: Leftovers
|upkeep
|turn|10
|
|switch|p1a: Xatu|Xatu, M|63/100
|move|p2a: Gyarados|Bounce|p1a: Xatu|[from]lockedmove
|-damage|p1a: Xatu|2/100
|-damage|p2a: Gyarados|3/100|[from] item: Rocky Helmet|[of] p1a: Xatu
|-status|p1a: Xatu|par
|
|-heal|p2a: Gyarados|9/100|[from] item: Leftovers
|upkeep
|turn|11
|
|move|p2a: Gyarados|Dragon Dance|p2a: Gyarados
|-boost|p2a: Gyarados|atk|1
|-boost|p2a: Gyarados|spe|1
|move|p1a: Xatu|U-turn|p2a: Gyarados
|-resisted|p2a: Gyarados
|-damage|p2a: Gyarados|3/100
|
|switch|p1a: Abomasnow|Abomasnow, F|100/100
|-weather|Hail|[from] ability: Snow Warning|[of] p1a: Abomasnow
|
|-weather|Hail|[upkeep]
|-damage|p2a: Gyarados|0 fnt|[from] Hail
|upkeep
|faint|p2a: Gyarados
|
|switch|p2a: Starmie|Starmie|100/100
|-damage|p2a: Starmie|88/100|[from] Stealth Rock
|turn|12
|
|move|p2a: Starmie|Psychic|p1a: Abomasnow
|-damage|p1a: Abomasnow|41/100
|-unboost|p1a: Abomasnow|spd|1
|-damage|p2a: Starmie|78/100|[from] item: Life Orb
|move|p1a: Abomasnow|Wood Hammer|p2a: Starmie
|-supereffective|p2a: Starmie
|-damage|p2a: Starmie|0 fnt
|-damage|p1a: Abomasnow|20/100|[from] Recoil
|faint|p2a: Starmie
|
|-weather|Hail|[upkeep]
|upkeep
|
|switch|p2a: Celebi|Celebi|100/100
|-damage|p2a: Celebi|88/100|[from] Stealth Rock
|turn|13
|
|switch|p1a: Xatu|Xatu, M|2/100 par
|move|p2a: Celebi|Stealth Rock|p1a: Xatu
|move|p1a: Xatu|Stealth Rock|p2a: Celebi|[from]Magic Bounce
|-fail|p1a: Xatu
|
|-weather|Hail|[upkeep]
|-damage|p2a: Celebi|82/100|[from] Hail
|-damage|p1a: Xatu|0 fnt|[from] Hail
|-heal|p2a: Celebi|88/100|[from] item: Leftovers
|upkeep
|faint|p1a: Xatu
|
|switch|p1a: Kyurem|Kyurem|100/100
|-ability|p1a: Kyurem|Pressure
|turn|14
|
|move|p1a: Kyurem|Blizzard|p2a: Celebi
|-supereffective|p2a: Celebi
|-damage|p2a: Celebi|3/100
|move|p2a: Celebi|Stealth Rock|p1a: Kyurem
|-sidestart|p1: Angellore|move: Stealth Rock
|
|-weather|Hail|[upkeep]
|-damage|p2a: Celebi|0 fnt|[from] Hail
|upkeep
|faint|p2a: Celebi
|
|switch|p2a: Garchomp|Garchomp, M|100/100
|-damage|p2a: Garchomp|94/100|[from] Stealth Rock
|turn|15
|j| Dayanne or Mavis
|
|move|p1a: Kyurem|Blizzard|p2a: Garchomp
|-supereffective|p2a: Garchomp
|-damage|p2a: Garchomp|0 fnt
|faint|p2a: Garchomp
|
|win|Angellore
|raw|Angellore's rating: 1397 &rarr; <strong>1413</strong><br />(+16 for winning)
|raw|Mono Luce's rating: 1320 &rarr; <strong>1305</strong><br />(-15 for losing)
|l|☆Mono Luce
|l|☆Angellore
