|j|☆Aquisz
|j|☆refsunpersons
|player|p1|Aquisz|22
|player|p2|refsunpersons|123
|teamsize|p1|6
|teamsize|p2|6
|gametype|singles
|gen|5
|tier|[Gen 5] OU
|rated|
|rule|Sleep Clause Mod: Limit one foe put to sleep
|rule|Species Clause: Limit one of each Pokémon
|rule|OHKO Clause: OHKO moves are banned
|rule|Moody Clause: Moody is banned
|rule|Evasion Moves Clause: Evasion moves are banned
|rule|Endless Battle Clause: Forcing endless battles is banned
|rule|HP Percentage Mod: HP is shown in percentages
|rule|Evasion Abilities Clause: Evasion abilities are banned
|rule|Baton Pass Clause: Limit one Baton Passer, can't pass Spe and other stats simultaneously
|rule|Swagger Clause: Swagger is banned
|clearpoke
|poke|p1|Volcarona, F|item
|poke|p1|Starmie|item
|poke|p1|Espeon, M|item
|poke|p1|Garchomp, F|item
|poke|p1|Heatran, F|item
|poke|p1|Ninetales, F|item
|poke|p2|Politoed, M|item
|poke|p2|Ferrothorn, M|item
|poke|p2|Xatu, M|item
|poke|p2|Magnezone|item
|poke|p2|Salamence, M|item
|poke|p2|Latias, F|item
|teampreview
|
|start
|switch|p1a: Starmie|Starmie|100/100
|switch|p2a: BETLOG ASSASSIN|Magnezone|100/100
|turn|1
|c|☆refsunpersons|gl hf
|c|☆Aquisz|glhf
|j| Invisible Enemy
|
|switch|p1a: Garchomp|Garchomp, F|100/100
|switch|p2a: SNIPER NG BETLUG|Politoed, M|100/100
|-weather|RainDance|[from] ability: Drizzle|[of] p2a: SNIPER NG BETLUG
|
|-weather|RainDance|[upkeep]
|upkeep
|turn|2
|
|move|p1a: Garchomp|Earthquake|p2a: SNIPER NG BETLUG
|-damage|p2a: SNIPER NG BETLUG|36/100
|move|p2a: SNIPER NG BETLUG|Ice Beam|p1a: Garchomp
|-supereffective|p1a: Garchomp
|-damage|p1a: Garchomp|0 fnt
|faint|p1a: Garchomp
|
|-weather|RainDance|[upkeep]
|upkeep
|
|switch|p1a: Starmie|Starmie|100/100
|turn|3
|
|switch|p2a: PAMBANSANGBLOWBLOW|Ferrothorn, M|100/100
|move|p1a: Starmie|Trick|p2a: PAMBANSANGBLOWBLOW
|-activate|p1a: Starmie|move: Trick|[of] p2a: PAMBANSANGBLOWBLOW
|-item|p2a: PAMBANSANGBLOWBLOW|Flame Orb|[from] move: Trick
|-item|p1a: Starmie|Leftovers|[from] move: Trick
|
|-weather|RainDance|[upkeep]
|-status|p2a: PAMBANSANGBLOWBLOW|brn|[from] item: Flame Orb
|upkeep
|turn|4
|
|switch|p1a: Espeon|Espeon, M|100/100
|switch|p2a: BETLOG ASSASSIN|Magnezone|100/100
|
|-weather|RainDance|[upkeep]
|upkeep
|turn|5
|
|move|p2a: BETLOG ASSASSIN|Thunder|p1a: Espeon
|-damage|p1a: Espeon|22/100
|move|p1a: Espeon|Calm Mind|p1a: Espeon
|-boost|p1a: Espeon|spa|1
|-boost|p1a: Espeon|spd|1
|
|-weather|RainDance|[upkeep]
|upkeep
|turn|6
|
|switch|p1a: Ninetales|Ninetales, F|100/100
|-weather|SunnyDay|[from] ability: Drought|[of] p1a: Ninetales
|move|p2a: BETLOG ASSASSIN|Thunder|p1a: Ninetales|[miss]
|-miss|p2a: BETLOG ASSASSIN|p1a: Ninetales
|
|-weather|SunnyDay|[upkeep]
|upkeep
|turn|7
|
|switch|p2a: BITLUG PANTSER|Latias, F|100/100
|move|p1a: Ninetales|Flamethrower|p2a: BITLUG PANTSER
|-resisted|p2a: BITLUG PANTSER
|-damage|p2a: BITLUG PANTSER|85/100
|
|-weather|SunnyDay|[upkeep]
|-heal|p2a: BITLUG PANTSER|91/100|[from] item: Leftovers
|upkeep
|turn|8
|
|move|p2a: BITLUG PANTSER|Dragon Pulse|p1a: Ninetales
|-damage|p1a: Ninetales|68/100
|move|p1a: Ninetales|Will-O-Wisp|p2a: BITLUG PANTSER
|-status|p2a: BITLUG PANTSER|brn
|
|-weather|SunnyDay|[upkeep]
|-heal|p2a: BITLUG PANTSER|97/100 brn|[from] item: Leftovers
|-heal|p1a: Ninetales|74/100|[from] item: Leftovers
|-damage|p2a: BITLUG PANTSER|85/100 brn|[from] brn
|upkeep
|turn|9
|
|switch|p2a: BETLOG ASSASSIN|Magnezone|100/100
|move|p1a: Ninetales|Flamethrower|p2a: BETLOG ASSASSIN
|-supereffective|p2a: BETLOG ASSASSIN
|-damage|p2a: BETLOG ASSASSIN|0 fnt
|faint|p2a: BETLOG ASSASSIN
|
|-weather|SunnyDay|[upkeep]
|-heal|p1a: Ninetales|80/100|[from] item: Leftovers
|upkeep
|
|switch|p2a: SNIPER NG BETLUG|Politoed, M|36/100
|-weather|RainDance|[from] ability: Drizzle|[of] p2a: SNIPER NG BETLUG
|turn|10
|
|switch|p2a: BITLUG PANTSER|Latias, F|85/100 brn
|switch|p1a: Espeon|Espeon, M|22/100
|
|-weather|RainDance|[upkeep]
|-heal|p2a: BITLUG PANTSER|91/100 brn|[from] item: Leftovers
|-damage|p2a: BITLUG PANTSER|78/100 brn|[from] brn
|upkeep
|turn|11
|
|switch|p1a: Ninetales|Ninetales, F|80/100
|-weather|SunnyDay|[from] ability: Drought|[of] p1a: Ninetales
|move|p2a: BITLUG PANTSER|Calm Mind|p2a: BITLUG PANTSER
|-boost|p2a: BITLUG PANTSER|spa|1
|-boost|p2a: BITLUG PANTSER|spd|1
|
|-weather|SunnyDay|[upkeep]
|-heal|p2a: BITLUG PANTSER|85/100 brn|[from] item: Leftovers
|-heal|p1a: Ninetales|86/100|[from] item: Leftovers
|-damage|p2a: BITLUG PANTSER|72/100 brn|[from] brn
|upkeep
|turn|12
|
|move|p2a: BITLUG PANTSER|Calm Mind|p2a: BITLUG PANTSER
|-boost|p2a: BITLUG PANTSER|spa|1
|-boost|p2a: BITLUG PANTSER|spd|1
|move|p1a: Ninetales|Roar|p2a: BITLUG PANTSER
|drag|p2a: BOBBY PACQUIAO|Salamence, M|100/100
|-ability|p2a: BOBBY PACQUIAO|Intimidate|boost
|-unboost|p1a: Ninetales|atk|1
|
|-weather|SunnyDay|[upkeep]
|-heal|p1a: Ninetales|92/100|[from] item: Leftovers
|upkeep
|turn|13
|
|move|p1a: Ninetales|Will-O-Wisp|p2a: BOBBY PACQUIAO
|-status|p2a: BOBBY PACQUIAO|brn
|move|p2a: BOBBY PACQUIAO|Outrage|p1a: Ninetales
|-damage|p1a: Ninetales|52/100
|
|-weather|SunnyDay|[upkeep]
|-heal|p1a: Ninetales|58/100|[from] item: Leftovers
|-damage|p2a: BOBBY PACQUIAO|88/100 brn|[from] brn
|upkeep
|turn|14
|
|switch|p1a: Heatran|Heatran, F|100/100
|move|p2a: BOBBY PACQUIAO|Outrage|p1a: Heatran|[from]lockedmove
|-resisted|p1a: Heatran
|-damage|p1a: Heatran|85/100
|
|-weather|SunnyDay|[upkeep]
|-heal|p1a: Heatran|91/100|[from] item: Leftovers
|-damage|p2a: BOBBY PACQUIAO|76/100 brn|[from] brn
|upkeep
|turn|15
|
|move|p2a: BOBBY PACQUIAO|Outrage|p1a: Heatran|[from]lockedmove
|-resisted|p1a: Heatran
|-damage|p1a: Heatran|75/100
|-start|p2a: BOBBY PACQUIAO|confusion|[fatigue]
|move|p1a: Heatran|Stealth Rock|p2a: BOBBY PACQUIAO
|-sidestart|p2: refsunpersons|move: Stealth Rock
|
|-weather|SunnyDay|[upkeep]
|-heal|p1a: Heatran|81/100|[from] item: Leftovers
|-damage|p2a: BOBBY PACQUIAO|63/100 brn|[from] brn
|upkeep
|turn|16
|
|switch|p2a: SNIPER NG BETLUG|Politoed, M|36/100
|-damage|p2a: SNIPER NG BETLUG|24/100|[from] Stealth Rock
|-weather|RainDance|[from] ability: Drizzle|[of] p2a: SNIPER NG BETLUG
|switch|p1a: Starmie|Starmie|100/100
|
|-weather|RainDance|[upkeep]
|upkeep
|turn|17
|
|move|p2a: SNIPER NG BETLUG|Surf|p1a: Starmie
|-resisted|p1a: Starmie
|-damage|p1a: Starmie|55/100
|move|p1a: Starmie|Thunderbolt|p2a: SNIPER NG BETLUG
|-supereffective|p2a: SNIPER NG BETLUG
|-damage|p2a: SNIPER NG BETLUG|0 fnt
|faint|p2a: SNIPER NG BETLUG
|
|-weather|RainDance|[upkeep]
|-heal|p1a: Starmie|61/100|[from] item: Leftovers
|upkeep
|
|switch|p2a: BITLUG PANTSER|Latias, F|72/100 brn
|-damage|p2a: BITLUG PANTSER|60/100 brn|[from] Stealth Rock
|turn|18
|
|move|p1a: Starmie|Ice Beam|p2a: BITLUG PANTSER
|-supereffective|p2a: BITLUG PANTSER
|-damage|p2a: BITLUG PANTSER|18/100 brn
|move|p2a: BITLUG PANTSER|Calm Mind|p2a: BITLUG PANTSER
|-boost|p2a: BITLUG PANTSER|spa|1
|-boost|p2a: BITLUG PANTSER|spd|1
|
|-weather|RainDance|[upkeep]
|-heal|p1a: Starmie|67/100|[from] item: Leftovers
|-heal|p2a: BITLUG PANTSER|24/100 brn|[from] item: Leftovers
|-damage|p2a: BITLUG PANTSER|11/100 brn|[from] brn
|upkeep
|turn|19
|c|☆refsunpersons|gg
|c|☆Aquisz|gg
|-message|refsunpersons forfeited.
|
|win|Aquisz
|l|☆refsunpersons
|raw|Aquisz's rating: 1264 &rarr; <strong>1295</strong><br />(+31 for winning)
|raw|refsunpersons's rating: 1361 &rarr; <strong>1336</strong><br />(-25 for losing)
|l|aquisz
|j| zytrem
