|j|‽E0 Palourde
|j|☆HydreigonSpammer
|t:|1735762304
|gametype|singles
|player|p1|E0 Palourde|ingo|1312
|player|p2|HydreigonSpammer|acetrainer|1420
|teamsize|p1|6
|teamsize|p2|6
|gen|5
|tier|[Gen 5] OU
|rated|
|rule|Species Clause: Limit one of each Pokémon
|rule|OHKO Clause: OHKO moves are banned
|rule|Moody Clause: Moody is banned
|rule|Evasion Items Clause: Evasion items are banned
|rule|Evasion Moves Clause: Evasion moves are banned
|rule|Endless Battle Clause: Forcing endless battles is banned
|rule|HP Percentage Mod: HP is shown in percentages
|rule|Evasion Abilities Clause: Evasion abilities are banned
|rule|Sleep Moves Clause: Sleep-inducing moves are banned
|rule|Swagger Clause: Swagger is banned
|rule|Baton Pass Stat Clause: No Baton Passer may have a way to boost its stats
|clearpoke
|poke|p1|Ferrothorn, M|item
|poke|p1|Politoed, M|item
|poke|p1|Tentacruel, M|item
|poke|p1|Latios, M|item
|poke|p1|Dragonite, M|item
|poke|p1|Keldeo|item
|poke|p2|Tyranitar, M|item
|poke|p2|Garchomp, M|item
|poke|p2|Skarmory, M|item
|poke|p2|Jellicent, F|item
|poke|p2|Latios, M|item
|poke|p2|Alakazam, M|item
|teampreview
|
|t:|1735762341
|start
|switch|p1a: Politoed|Politoed, M|100/100
|switch|p2a: Garchomp|Garchomp, M|100/100
|-weather|RainDance|[from] ability: Drizzle|[of] p1a: Politoed
|turn|1
|
|t:|1735762356
|switch|p2a: Skarmory|Skarmory, M|100/100
|move|p1a: Politoed|Toxic|p2a: Skarmory
|-immune|p2a: Skarmory
|
|-weather|RainDance|[upkeep]
|upkeep
|turn|2
|
|t:|1735762361
|switch|p1a: Ferrothorn|Ferrothorn, M|100/100
|move|p2a: Skarmory|Spikes|p1a: Ferrothorn
|-sidestart|p1: E0 Palourde|Spikes
|
|-weather|RainDance|[upkeep]
|upkeep
|turn|3
|
|t:|1735762365
|switch|p2a: Garchomp|Garchomp, M|100/100
|move|p1a: Ferrothorn|Stealth Rock|p2a: Garchomp
|-sidestart|p2: HydreigonSpammer|move: Stealth Rock
|
|-weather|RainDance|[upkeep]
|upkeep
|turn|4
|
|t:|1735762369
|move|p2a: Garchomp|Stealth Rock|p1a: Ferrothorn
|-sidestart|p1: E0 Palourde|move: Stealth Rock
|move|p1a: Ferrothorn|Gyro Ball|p2a: Garchomp
|-damage|p2a: Garchomp|36/100
|-damage|p1a: Ferrothorn|88/100|[from] ability: Rough Skin|[of] p2a: Garchomp
|
|-weather|RainDance|[upkeep]
|-heal|p1a: Ferrothorn|94/100|[from] item: Leftovers
|upkeep
|turn|5
|
|t:|1735762376
|switch|p2a: Skarmory|Skarmory, M|100/100
|-damage|p2a: Skarmory|88/100|[from] Stealth Rock
|move|p1a: Ferrothorn|Gyro Ball|p2a: Skarmory
|-resisted|p2a: Skarmory
|-crit|p2a: Skarmory
|-damage|p2a: Skarmory|52/100
|-damage|p1a: Ferrothorn|78/100|[from] item: Rocky Helmet|[of] p2a: Skarmory
|
|-weather|RainDance|[upkeep]
|-heal|p1a: Ferrothorn|84/100|[from] item: Leftovers
|upkeep
|turn|6
|
|t:|1735762382
|move|p2a: Skarmory|Roost|p2a: Skarmory
|-heal|p2a: Skarmory|100/100
|-singleturn|p2a: Skarmory|move: Roost
|move|p1a: Ferrothorn|Spikes|p2a: Skarmory
|-sidestart|p2: HydreigonSpammer|Spikes
|
|-weather|RainDance|[upkeep]
|-heal|p1a: Ferrothorn|90/100|[from] item: Leftovers
|upkeep
|turn|7
|
|t:|1735762385
|move|p2a: Skarmory|Spikes|p1a: Ferrothorn
|-sidestart|p1: E0 Palourde|Spikes
|move|p1a: Ferrothorn|Spikes|p2a: Skarmory
|-sidestart|p2: HydreigonSpammer|Spikes
|
|-weather|RainDance|[upkeep]
|-heal|p1a: Ferrothorn|97/100|[from] item: Leftovers
|upkeep
|turn|8
|
|t:|1735762387
|move|p2a: Skarmory|Spikes|p1a: Ferrothorn
|-sidestart|p1: E0 Palourde|Spikes
|move|p1a: Ferrothorn|Spikes|p2a: Skarmory
|-sidestart|p2: HydreigonSpammer|Spikes
|
|-weather|RainDance|[upkeep]
|-heal|p1a: Ferrothorn|100/100|[from] item: Leftovers
|upkeep
|turn|9
|
|t:|1735762391
|switch|p1a: Tentacruel|Tentacruel, M|100/100
|-damage|p1a: Tentacruel|75/100|[from] Spikes
|-damage|p1a: Tentacruel|63/100|[from] Stealth Rock
|move|p2a: Skarmory|Whirlwind|p1a: Tentacruel
|drag|p1a: Politoed|Politoed, M|100/100
|-damage|p1a: Politoed|75/100|[from] Spikes
|-damage|p1a: Politoed|63/100|[from] Stealth Rock
|
|-weather|RainDance|[upkeep]
|-heal|p1a: Politoed|69/100|[from] item: Leftovers
|upkeep
|turn|10
|
|t:|1735762404
|move|p1a: Politoed|Scald|p2a: Skarmory
|-damage|p2a: Skarmory|63/100
|-status|p2a: Skarmory|brn
|move|p2a: Skarmory|Whirlwind|p1a: Politoed
|drag|p1a: Latios|Latios, M|100/100
|-damage|p1a: Latios|88/100|[from] Stealth Rock
|
|-weather|RainDance|[upkeep]
|-damage|p2a: Skarmory|50/100 brn|[from] brn
|upkeep
|turn|11
|
|t:|1735762415
|switch|p2a: Tyranitar|Tyranitar, M|100/100
|-damage|p2a: Tyranitar|88/100|[from] Stealth Rock
|-damage|p2a: Tyranitar|63/100|[from] Spikes
|-weather|Sandstorm|[from] ability: Sand Stream|[of] p2a: Tyranitar
|move|p1a: Latios|Surf|p2a: Tyranitar
|-supereffective|p2a: Tyranitar
|-damage|p2a: Tyranitar|31/100
|
|-weather|Sandstorm|[upkeep]
|-damage|p1a: Latios|82/100|[from] Sandstorm
|upkeep
|turn|12
|
|t:|1735762429
|move|p1a: Latios|Surf|p2a: Tyranitar
|-supereffective|p2a: Tyranitar
|-damage|p2a: Tyranitar|0 fnt
|faint|p2a: Tyranitar
|
|-weather|Sandstorm|[upkeep]
|-damage|p1a: Latios|76/100|[from] Sandstorm
|upkeep
|
|t:|1735762435
|switch|p2a: Alakazam|Alakazam, M|100/100
|turn|13
|
|t:|1735762466
|switch|p1a: Ferrothorn|Ferrothorn, M|100/100
|-damage|p1a: Ferrothorn|75/100|[from] Spikes
|-damage|p1a: Ferrothorn|69/100|[from] Stealth Rock
|move|p2a: Alakazam|Hidden Power|p1a: Ferrothorn
|-damage|p1a: Ferrothorn|47/100
|
|-weather|Sandstorm|[upkeep]
|-heal|p1a: Ferrothorn|54/100|[from] item: Leftovers
|upkeep
|turn|14
|
|t:|1735762486
|switch|p2a: Skarmory|Skarmory, M|50/100 brn
|-damage|p2a: Skarmory|38/100 brn|[from] Stealth Rock
|switch|p1a: Dragonite|Dragonite, M|100/100
|-damage|p1a: Dragonite|76/100|[from] Stealth Rock
|
|-weather|Sandstorm|[upkeep]
|-damage|p1a: Dragonite|69/100|[from] Sandstorm
|-damage|p2a: Skarmory|26/100 brn|[from] brn
|upkeep
|turn|15
|
|t:|1735762492
|move|p1a: Dragonite|Roost|p1a: Dragonite
|-heal|p1a: Dragonite|100/100
|-singleturn|p1a: Dragonite|move: Roost
|move|p2a: Skarmory|Roost|p2a: Skarmory
|-heal|p2a: Skarmory|76/100 brn
|-singleturn|p2a: Skarmory|move: Roost
|
|-weather|Sandstorm|[upkeep]
|-damage|p1a: Dragonite|94/100|[from] Sandstorm
|-damage|p2a: Skarmory|64/100 brn|[from] brn
|upkeep
|turn|16
|
|t:|1735762498
|move|p1a: Dragonite|Thunder|p2a: Skarmory|[miss]
|-miss|p1a: Dragonite|p2a: Skarmory
|move|p2a: Skarmory|Whirlwind|p1a: Dragonite
|drag|p1a: Ferrothorn|Ferrothorn, M|54/100
|-damage|p1a: Ferrothorn|29/100|[from] Spikes
|-damage|p1a: Ferrothorn|22/100|[from] Stealth Rock
|
|-weather|Sandstorm|[upkeep]
|-heal|p1a: Ferrothorn|29/100|[from] item: Leftovers
|-damage|p2a: Skarmory|52/100 brn|[from] brn
|upkeep
|turn|17
|
|t:|1735762504
|move|p2a: Skarmory|Roost|p2a: Skarmory
|-heal|p2a: Skarmory|100/100 brn
|-singleturn|p2a: Skarmory|move: Roost
|move|p1a: Ferrothorn|Gyro Ball|p2a: Skarmory
|-resisted|p2a: Skarmory
|-damage|p2a: Skarmory|81/100 brn
|-damage|p1a: Ferrothorn|12/100|[from] item: Rocky Helmet|[of] p2a: Skarmory
|
|-weather|Sandstorm|[upkeep]
|-heal|p1a: Ferrothorn|18/100|[from] item: Leftovers
|-damage|p2a: Skarmory|69/100 brn|[from] brn
|upkeep
|turn|18
|
|t:|1735762517
|switch|p1a: Politoed|Politoed, M|69/100
|-damage|p1a: Politoed|44/100|[from] Spikes
|-damage|p1a: Politoed|32/100|[from] Stealth Rock
|-weather|RainDance|[from] ability: Drizzle|[of] p1a: Politoed
|move|p2a: Skarmory|Roost|p2a: Skarmory
|-heal|p2a: Skarmory|100/100 brn
|-singleturn|p2a: Skarmory|move: Roost
|
|-weather|RainDance|[upkeep]
|-heal|p1a: Politoed|38/100|[from] item: Leftovers
|-damage|p2a: Skarmory|88/100 brn|[from] brn
|upkeep
|turn|19
|
|t:|1735762542
|move|p1a: Politoed|Toxic||[still]
|-fail|p1a: Politoed
|move|p2a: Skarmory|Whirlwind|p1a: Politoed
|drag|p1a: Ferrothorn|Ferrothorn, M|18/100
|-damage|p1a: Ferrothorn|0 fnt|[from] Spikes
|faint|p1a: Ferrothorn
|
|-weather|RainDance|[upkeep]
|-damage|p2a: Skarmory|76/100 brn|[from] brn
|upkeep
|
|t:|1735762549
|switch|p1a: Tentacruel|Tentacruel, M|63/100
|-damage|p1a: Tentacruel|38/100|[from] Spikes
|-damage|p1a: Tentacruel|26/100|[from] Stealth Rock
|turn|20
|
|t:|1735762559
|switch|p2a: Jellicent|Jellicent, F|100/100
|-damage|p2a: Jellicent|88/100|[from] Stealth Rock
|-damage|p2a: Jellicent|63/100|[from] Spikes
|move|p1a: Tentacruel|Toxic Spikes|p2a: Jellicent
|-sidestart|p2: HydreigonSpammer|move: Toxic Spikes
|
|-weather|RainDance|[upkeep]
|-heal|p1a: Tentacruel|32/100|[from] ability: Rain Dish
|-heal|p1a: Tentacruel|38/100|[from] item: Black Sludge
|-heal|p2a: Jellicent|69/100|[from] item: Leftovers
|upkeep
|turn|21
|
|t:|1735762566
|move|p1a: Tentacruel|Protect|p1a: Tentacruel
|-singleturn|p1a: Tentacruel|Protect
|move|p2a: Jellicent|Will-O-Wisp|p1a: Tentacruel
|-activate|p1a: Tentacruel|move: Protect
|
|-weather|RainDance|[upkeep]
|-heal|p1a: Tentacruel|44/100|[from] ability: Rain Dish
|-heal|p1a: Tentacruel|50/100|[from] item: Black Sludge
|-heal|p2a: Jellicent|76/100|[from] item: Leftovers
|upkeep
|turn|22
|
|t:|1735762583
|move|p1a: Tentacruel|Toxic Spikes|p2a: Jellicent
|-sidestart|p2: HydreigonSpammer|move: Toxic Spikes
|move|p2a: Jellicent|Will-O-Wisp|p1a: Tentacruel
|-status|p1a: Tentacruel|brn
|
|-weather|RainDance|[upkeep]
|-heal|p1a: Tentacruel|56/100 brn|[from] ability: Rain Dish
|-heal|p1a: Tentacruel|62/100 brn|[from] item: Black Sludge
|-heal|p2a: Jellicent|82/100|[from] item: Leftovers
|-damage|p1a: Tentacruel|50/100 brn|[from] brn
|upkeep
|turn|23
|
|t:|1735762590
|move|p1a: Tentacruel|Protect|p1a: Tentacruel
|-singleturn|p1a: Tentacruel|Protect
|move|p2a: Jellicent|Scald|p1a: Tentacruel
|-activate|p1a: Tentacruel|move: Protect
|
|-weather|RainDance|[upkeep]
|-heal|p1a: Tentacruel|56/100 brn|[from] ability: Rain Dish
|-heal|p1a: Tentacruel|62/100 brn|[from] item: Black Sludge
|-heal|p2a: Jellicent|88/100|[from] item: Leftovers
|-damage|p1a: Tentacruel|49/100 brn|[from] brn
|upkeep
|turn|24
|j| Blaise BWOU
|
|t:|1735762602
|switch|p1a: Keldeo|Keldeo|100/100
|-damage|p1a: Keldeo|76/100|[from] Spikes
|-damage|p1a: Keldeo|70/100|[from] Stealth Rock
|move|p2a: Jellicent|Scald|p1a: Keldeo
|-resisted|p1a: Keldeo
|-damage|p1a: Keldeo|49/100
|
|-weather|RainDance|[upkeep]
|-heal|p1a: Keldeo|56/100|[from] item: Leftovers
|-heal|p2a: Jellicent|94/100|[from] item: Leftovers
|upkeep
|turn|25
|
|t:|1735762613
|move|p1a: Keldeo|Substitute|p1a: Keldeo
|-start|p1a: Keldeo|Substitute
|-damage|p1a: Keldeo|31/100
|move|p2a: Jellicent|Scald|p1a: Keldeo
|-resisted|p1a: Keldeo
|-activate|p1a: Keldeo|Substitute|[damage]
|
|-weather|RainDance|[upkeep]
|-heal|p1a: Keldeo|37/100|[from] item: Leftovers
|-heal|p2a: Jellicent|100/100|[from] item: Leftovers
|upkeep
|turn|26
|l| Blaise BWOU
|
|t:|1735762623
|move|p1a: Keldeo|Calm Mind|p1a: Keldeo
|-boost|p1a: Keldeo|spa|1
|-boost|p1a: Keldeo|spd|1
|move|p2a: Jellicent|Scald|p1a: Keldeo
|-resisted|p1a: Keldeo
|-end|p1a: Keldeo|Substitute
|
|-weather|RainDance|[upkeep]
|-heal|p1a: Keldeo|43/100|[from] item: Leftovers
|upkeep
|turn|27
|
|t:|1735762645
|move|p1a: Keldeo|Substitute|p1a: Keldeo
|-start|p1a: Keldeo|Substitute
|-damage|p1a: Keldeo|18/100
|move|p2a: Jellicent|Scald|p1a: Keldeo
|-resisted|p1a: Keldeo
|-activate|p1a: Keldeo|Substitute|[damage]
|
|-weather|RainDance|[upkeep]
|-heal|p1a: Keldeo|25/100|[from] item: Leftovers
|upkeep
|turn|28
|
|t:|1735762653
|move|p1a: Keldeo|Calm Mind|p1a: Keldeo
|-boost|p1a: Keldeo|spa|1
|-boost|p1a: Keldeo|spd|1
|move|p2a: Jellicent|Scald|p1a: Keldeo
|-resisted|p1a: Keldeo
|-activate|p1a: Keldeo|Substitute|[damage]
|
|-weather|RainDance|[upkeep]
|-heal|p1a: Keldeo|31/100|[from] item: Leftovers
|upkeep
|turn|29
|
|t:|1735762659
|move|p1a: Keldeo|Calm Mind|p1a: Keldeo
|-boost|p1a: Keldeo|spa|1
|-boost|p1a: Keldeo|spd|1
|move|p2a: Jellicent|Scald|p1a: Keldeo
|-resisted|p1a: Keldeo
|-crit|p1a: Keldeo
|-end|p1a: Keldeo|Substitute
|
|-weather|RainDance|[upkeep]
|-heal|p1a: Keldeo|37/100|[from] item: Leftovers
|upkeep
|turn|30
|
|t:|1735762665
|switch|p2a: Garchomp|Garchomp, M|36/100
|-damage|p2a: Garchomp|30/100|[from] Stealth Rock
|-damage|p2a: Garchomp|5/100|[from] Spikes
|-status|p2a: Garchomp|tox
|move|p1a: Keldeo|Substitute|p1a: Keldeo
|-start|p1a: Keldeo|Substitute
|-damage|p1a: Keldeo|12/100
|
|-weather|RainDance|[upkeep]
|-heal|p1a: Keldeo|18/100|[from] item: Leftovers
|-damage|p2a: Garchomp|0 fnt|[from] psn
|faint|p2a: Garchomp
|upkeep
|
|t:|1735762675
|switch|p2a: Latios|Latios, M|100/100
|-damage|p2a: Latios|88/100|[from] Stealth Rock
|turn|31
|
|t:|1735762690
|move|p1a: Keldeo|Calm Mind|p1a: Keldeo
|-boost|p1a: Keldeo|spa|1
|-boost|p1a: Keldeo|spd|1
|move|p2a: Latios|Roar|p1a: Keldeo
|drag|p1a: Latios|Latios, M|76/100
|-damage|p1a: Latios|64/100|[from] Stealth Rock
|
|-weather|RainDance|[upkeep]
|upkeep
|turn|32
|
|t:|1735762715
|move|p1a: Latios|Dragon Pulse|p2a: Latios
|-supereffective|p2a: Latios
|-damage|p2a: Latios|0 fnt
|faint|p2a: Latios
|
|-weather|RainDance|[upkeep]
|upkeep
|
|t:|1735762738
|switch|p2a: Skarmory|Skarmory, M|76/100 brn
|-damage|p2a: Skarmory|64/100 brn|[from] Stealth Rock
|turn|33
|
|t:|1735762757
|switch|p1a: Tentacruel|Tentacruel, M|49/100 brn
|-damage|p1a: Tentacruel|24/100 brn|[from] Spikes
|-damage|p1a: Tentacruel|12/100 brn|[from] Stealth Rock
|move|p2a: Skarmory|Roost|p2a: Skarmory
|-heal|p2a: Skarmory|100/100 brn
|-singleturn|p2a: Skarmory|move: Roost
|
|-weather|RainDance|[upkeep]
|-heal|p1a: Tentacruel|18/100 brn|[from] ability: Rain Dish
|-heal|p1a: Tentacruel|24/100 brn|[from] item: Black Sludge
|-damage|p1a: Tentacruel|12/100 brn|[from] brn
|-damage|p2a: Skarmory|88/100 brn|[from] brn
|upkeep
|turn|34
|
|t:|1735762775
|switch|p2a: Jellicent|Jellicent, F|100/100
|-damage|p2a: Jellicent|88/100|[from] Stealth Rock
|-damage|p2a: Jellicent|63/100|[from] Spikes
|-status|p2a: Jellicent|tox
|move|p1a: Tentacruel|Protect||[still]
|-fail|p1a: Tentacruel
|
|-weather|RainDance|[upkeep]
|-heal|p1a: Tentacruel|18/100 brn|[from] ability: Rain Dish
|-heal|p1a: Tentacruel|24/100 brn|[from] item: Black Sludge
|-heal|p2a: Jellicent|69/100 tox|[from] item: Leftovers
|-damage|p2a: Jellicent|63/100 tox|[from] psn
|-damage|p1a: Tentacruel|11/100 brn|[from] brn
|upkeep
|turn|35
|
|t:|1735762789
|move|p1a: Tentacruel|Protect|p1a: Tentacruel
|-singleturn|p1a: Tentacruel|Protect
|move|p2a: Jellicent|Recover|p2a: Jellicent
|-heal|p2a: Jellicent|100/100 tox
|
|-weather|RainDance|[upkeep]
|-heal|p1a: Tentacruel|18/100 brn|[from] ability: Rain Dish
|-heal|p1a: Tentacruel|24/100 brn|[from] item: Black Sludge
|-damage|p2a: Jellicent|88/100 tox|[from] psn
|-damage|p1a: Tentacruel|11/100 brn|[from] brn
|upkeep
|turn|36
|
|t:|1735762805
|move|p1a: Tentacruel|Protect||[still]
|-fail|p1a: Tentacruel
|move|p2a: Jellicent|Scald|p1a: Tentacruel
|-resisted|p1a: Tentacruel
|-damage|p1a: Tentacruel|0 fnt
|faint|p1a: Tentacruel
|
|-weather|RainDance|[upkeep]
|-heal|p2a: Jellicent|94/100 tox|[from] item: Leftovers
|-damage|p2a: Jellicent|76/100 tox|[from] psn
|upkeep
|
|t:|1735762822
|switch|p1a: Dragonite|Dragonite, M|94/100
|-damage|p1a: Dragonite|69/100|[from] Stealth Rock
|turn|37
|
|t:|1735762852
|move|p2a: Jellicent|Scald|p1a: Dragonite
|-resisted|p1a: Dragonite
|-damage|p1a: Dragonite|52/100
|-status|p1a: Dragonite|brn
|-enditem|p1a: Dragonite|Lum Berry|[eat]
|-curestatus|p1a: Dragonite|brn|[msg]
|move|p1a: Dragonite|Thunder|p2a: Jellicent
|-supereffective|p2a: Jellicent
|-damage|p2a: Jellicent|10/100 tox
|
|-weather|RainDance|[upkeep]
|-heal|p2a: Jellicent|16/100 tox|[from] item: Leftovers
|-damage|p2a: Jellicent|0 fnt|[from] psn
|faint|p2a: Jellicent
|upkeep
|
|t:|1735762862
|switch|p2a: Alakazam|Alakazam, M|100/100
|-status|p2a: Alakazam|tox
|turn|38
|
|t:|1735762866
|move|p1a: Dragonite|Extreme Speed|p2a: Alakazam
|-damage|p2a: Alakazam|40/100 tox
|move|p2a: Alakazam|Hidden Power|p1a: Dragonite
|-supereffective|p1a: Dragonite
|-damage|p1a: Dragonite|0 fnt
|faint|p1a: Dragonite
|
|-weather|RainDance|[upkeep]
|upkeep
|
|t:|1735762872
|switch|p1a: Latios|Latios, M|64/100
|-damage|p1a: Latios|52/100|[from] Stealth Rock
|turn|39
|
|t:|1735762880
|switch|p2a: Skarmory|Skarmory, M|88/100 brn
|-damage|p2a: Skarmory|76/100 brn|[from] Stealth Rock
|move|p1a: Latios|Surf|p2a: Skarmory
|-damage|p2a: Skarmory|26/100 brn
|
|-weather|RainDance|[upkeep]
|-damage|p2a: Skarmory|14/100 brn|[from] brn
|upkeep
|turn|40
|
|t:|1735762886
|move|p1a: Latios|Surf|p2a: Skarmory
|-damage|p2a: Skarmory|0 fnt
|faint|p2a: Skarmory
|
|-weather|RainDance|[upkeep]
|upkeep
|
|t:|1735762888
|switch|p2a: Alakazam|Alakazam, M|40/100 tox
|turn|41
|
|t:|1735762891
|move|p1a: Latios|Surf|p2a: Alakazam
|-damage|p2a: Alakazam|0 fnt
|faint|p2a: Alakazam
|
|win|E0 Palourde
|raw|E0 Palourde's rating: 1312 &rarr; <strong>1338</strong><br />(+26 for winning)
|raw|HydreigonSpammer's rating: 1420 &rarr; <strong>1394</strong><br />(-26 for losing)
|l|☆HydreigonSpammer
|player|p2|
