|j|☆XP3R1
|j|☆sidis
|t:|1705171433
|gametype|singles
|player|p1|XP3R1|ghetsis|1337
|player|p2|sidis|iris-gen5bw2|1353
|teamsize|p1|6
|teamsize|p2|6
|gen|5
|tier|[Gen 5] OU
|rated|
|rule|Species Clause: Limit one of each Pokémon
|rule|OHKO Clause: OHKO moves are banned
|rule|Moody Clause: Moody is banned
|rule|Evasion Items Clause: Evasion items are banned
|rule|Evasion Moves Clause: Evasion moves are banned
|rule|Endless Battle Clause: Forcing endless battles is banned
|rule|HP Percentage Mod: HP is shown in percentages
|rule|Evasion Abilities Clause: Evasion abilities are banned
|rule|Sleep Moves Clause: Sleep-inducing moves are banned
|rule|Swagger Clause: Swagger is banned
|rule|Baton Pass Stat Clause: No Baton Passer may have a way to boost its stats
|clearpoke
|poke|p1|Landorus-Therian, M|item
|poke|p1|Tyranitar, F|item
|poke|p1|Slowbro, M|item
|poke|p1|Scizor, F|item
|poke|p1|Ferrothorn, M|item
|poke|p1|Breloom, M|item
|poke|p2|Celebi|item
|poke|p2|Politoed, M|item
|poke|p2|Terrakion|item
|poke|p2|Starmie|item
|poke|p2|Meloetta|item
|poke|p2|Scizor, M|item
|teampreview
|
|t:|1705171443
|start
|switch|p1a: Feral|Ferrothorn, M, shiny|100/100
|switch|p2a: Celebi|Celebi|100/100
|turn|1
|inactive|Battle timer is ON: inactive players will automatically lose when time's up. (requested by XP3R1)
|
|t:|1705171447
|move|p2a: Celebi|Stealth Rock|p1a: Feral
|-sidestart|p1: XP3R1|move: Stealth Rock
|move|p1a: Feral|Stealth Rock|p2a: Celebi
|-sidestart|p2: sidis|move: Stealth Rock
|
|upkeep
|turn|2
|inactive|sidis has 120 seconds left.
|
|t:|1705171482
|switch|p2a: Meloetta|Meloetta|100/100
|-damage|p2a: Meloetta|88/100|[from] Stealth Rock
|move|p1a: Feral|Gyro Ball|p2a: Meloetta
|-damage|p2a: Meloetta|23/100
|
|upkeep
|turn|3
|inactive|XP3R1 has 120 seconds left.
|
|t:|1705171520
|switch|p1a: Tyratina|Tyranitar, F, shiny|100/100
|-damage|p1a: Tyratina|88/100|[from] Stealth Rock
|-weather|Sandstorm|[from] ability: Sand Stream|[of] p1a: Tyratina
|move|p2a: Meloetta|Focus Blast|p1a: Tyratina
|-supereffective|p1a: Tyratina
|-enditem|p1a: Tyratina|Chople Berry|[eat]
|-enditem|p1a: Tyratina|Chople Berry|[weaken]
|-damage|p1a: Tyratina|39/100
|-damage|p2a: Meloetta|13/100|[from] item: Life Orb
|
|-weather|Sandstorm|[upkeep]
|-damage|p2a: Meloetta|7/100|[from] Sandstorm
|upkeep
|turn|4
|inactive|XP3R1 has 120 seconds left.
|
|t:|1705171533
|switch|p1a: Don|Slowbro, M, shiny|100/100
|-damage|p1a: Don|88/100|[from] Stealth Rock
|move|p2a: Meloetta|Psychic|p1a: Don
|-resisted|p1a: Don
|-damage|p1a: Don|56/100
|-damage|p2a: Meloetta|0 fnt|[from] item: Life Orb
|faint|p2a: Meloetta
|
|-weather|Sandstorm|[upkeep]
|-damage|p1a: Don|50/100|[from] Sandstorm
|-heal|p1a: Don|56/100|[from] item: Leftovers
|upkeep
|inactive|sidis has 120 seconds left.
|
|t:|1705171555
|switch|p2a: Politoed|Politoed, M|100/100
|-damage|p2a: Politoed|88/100|[from] Stealth Rock
|-weather|RainDance|[from] ability: Drizzle|[of] p2a: Politoed
|turn|5
|inactive|sidis has 120 seconds left.
|
|t:|1705171564
|move|p2a: Politoed|Scald|p1a: Don
|-resisted|p1a: Don
|-damage|p1a: Don|37/100
|move|p1a: Don|Toxic|p2a: Politoed|[miss]
|-miss|p1a: Don|p2a: Politoed
|
|-weather|RainDance|[upkeep]
|-heal|p2a: Politoed|94/100|[from] item: Leftovers
|-heal|p1a: Don|43/100|[from] item: Leftovers
|upkeep
|turn|6
|
|t:|1705171568
|move|p2a: Politoed|Toxic|p1a: Don
|-status|p1a: Don|tox
|move|p1a: Don|Toxic|p2a: Politoed
|-status|p2a: Politoed|tox
|
|-weather|RainDance|[upkeep]
|-heal|p2a: Politoed|100/100 tox|[from] item: Leftovers
|-heal|p1a: Don|49/100 tox|[from] item: Leftovers
|-damage|p2a: Politoed|94/100 tox|[from] psn
|-damage|p1a: Don|43/100 tox|[from] psn
|upkeep
|turn|7
|
|t:|1705171574
|switch|p2a: Starmie|Starmie|100/100
|-damage|p2a: Starmie|88/100|[from] Stealth Rock
|switch|p1a: Feral|Ferrothorn, M, shiny|100/100
|-damage|p1a: Feral|94/100|[from] Stealth Rock
|
|-weather|RainDance|[upkeep]
|upkeep
|turn|8
|
|t:|1705171581
|move|p2a: Starmie|Rapid Spin|p1a: Feral
|-resisted|p1a: Feral
|-crit|p1a: Feral
|-damage|p1a: Feral|92/100
|-damage|p2a: Starmie|76/100|[from] ability: Iron Barbs|[of] p1a: Feral
|-damage|p2a: Starmie|60/100|[from] item: Rocky Helmet|[of] p1a: Feral
|-sideend|p2: sidis|Stealth Rock|[from] move: Rapid Spin|[of] p2a: Starmie
|-damage|p2a: Starmie|50/100|[from] item: Life Orb
|move|p1a: Feral|Seed Bomb|p2a: Starmie
|-supereffective|p2a: Starmie
|-damage|p2a: Starmie|0 fnt
|faint|p2a: Starmie
|
|-weather|RainDance|[upkeep]
|upkeep
|
|t:|1705171592
|switch|p2a: Terrakion|Terrakion|100/100
|turn|9
|
|t:|1705171606
|switch|p2a: Scizor|Scizor, M|100/100
|move|p1a: Feral|Seed Bomb|p2a: Scizor
|-resisted|p2a: Scizor
|-damage|p2a: Scizor|94/100
|
|-weather|RainDance|[upkeep]
|-heal|p2a: Scizor|99/100|[from] item: Leftovers
|upkeep
|turn|10
|
|t:|1705171611
|switch|p1a: Don|Slowbro, M, shiny|76/100 tox
|-damage|p1a: Don|64/100 tox|[from] Stealth Rock
|move|p2a: Scizor|Swords Dance|p2a: Scizor
|-boost|p2a: Scizor|atk|2
|
|-weather|RainDance|[upkeep]
|-heal|p2a: Scizor|100/100|[from] item: Leftovers
|-heal|p1a: Don|70/100 tox|[from] item: Leftovers
|-damage|p1a: Don|64/100 tox|[from] psn
|upkeep
|turn|11
|
|t:|1705171620
|move|p2a: Scizor|U-turn|p1a: Don
|-supereffective|p1a: Don
|-damage|p1a: Don|0 fnt
|faint|p1a: Don
|
|t:|1705171628
|switch|p2a: Terrakion|Terrakion|100/100|[from] U-turn
|
|-weather|RainDance|[upkeep]
|upkeep
|
|t:|1705171656
|switch|p1a: Scyzera|Scizor, F, shiny|100/100
|-damage|p1a: Scyzera|88/100|[from] Stealth Rock
|turn|12
|inactive|sidis has 120 seconds left.
|
|t:|1705171689
|switch|p2a: Politoed|Politoed, M|94/100 tox
|move|p1a: Scyzera|Bullet Punch|p2a: Politoed
|-resisted|p2a: Politoed
|-damage|p2a: Politoed|76/100 tox
|-damage|p1a: Scyzera|78/100|[from] item: Life Orb
|
|-weather|RainDance|[upkeep]
|-heal|p2a: Politoed|82/100 tox|[from] item: Leftovers
|-damage|p2a: Politoed|76/100 tox|[from] psn
|upkeep
|turn|13
|
|t:|1705171698
|switch|p1a: Feral|Ferrothorn, M, shiny|92/100
|-damage|p1a: Feral|85/100|[from] Stealth Rock
|move|p2a: Politoed|Scald|p1a: Feral
|-resisted|p1a: Feral
|-damage|p1a: Feral|71/100
|
|-weather|RainDance|[upkeep]
|-heal|p2a: Politoed|82/100 tox|[from] item: Leftovers
|-damage|p2a: Politoed|70/100 tox|[from] psn
|upkeep
|turn|14
|
|t:|1705171706
|switch|p2a: Scizor|Scizor, M|100/100
|move|p1a: Feral|Stealth Rock|p2a: Scizor
|-sidestart|p2: sidis|move: Stealth Rock
|
|-weather|RainDance|[upkeep]
|upkeep
|turn|15
|
|t:|1705171712
|switch|p1a: Good Boy|Landorus-Therian, M|100/100
|-damage|p1a: Good Boy|88/100|[from] Stealth Rock
|-ability|p1a: Good Boy|Intimidate|boost
|-unboost|p2a: Scizor|atk|1
|move|p2a: Scizor|Swords Dance|p2a: Scizor
|-boost|p2a: Scizor|atk|2
|
|-weather|RainDance|[upkeep]
|upkeep
|turn|16
|
|t:|1705171719
|move|p1a: Good Boy|U-turn|p2a: Scizor
|-resisted|p2a: Scizor
|-damage|p2a: Scizor|89/100
|
|t:|1705171721
|switch|p1a: Feral|Ferrothorn, M, shiny|71/100|[from] U-turn
|-damage|p1a: Feral|65/100|[from] Stealth Rock
|move|p2a: Scizor|Swords Dance|p2a: Scizor
|-boost|p2a: Scizor|atk|2
|
|-weather|RainDance|[upkeep]
|-heal|p2a: Scizor|95/100|[from] item: Leftovers
|upkeep
|turn|17
|
|t:|1705171732
|move|p2a: Scizor|U-turn|p1a: Feral
|-damage|p1a: Feral|5/100
|-damage|p2a: Scizor|82/100|[from] ability: Iron Barbs|[of] p1a: Feral
|-damage|p2a: Scizor|66/100|[from] item: Rocky Helmet|[of] p1a: Feral
|
|t:|1705171735
|switch|p2a: Politoed|Politoed, M|70/100 tox|[from] U-turn
|-damage|p2a: Politoed|57/100 tox|[from] Stealth Rock
|move|p1a: Feral|Thunder Wave||[still]
|-fail|p1a: Feral
|
|-weather|RainDance|[upkeep]
|-heal|p2a: Politoed|63/100 tox|[from] item: Leftovers
|-damage|p2a: Politoed|57/100 tox|[from] psn
|upkeep
|turn|18
|
|t:|1705171739
|move|p2a: Politoed|Scald|p1a: Feral
|-resisted|p1a: Feral
|-damage|p1a: Feral|0 fnt
|faint|p1a: Feral
|
|-weather|RainDance|[upkeep]
|-heal|p2a: Politoed|63/100 tox|[from] item: Leftovers
|-damage|p2a: Politoed|51/100 tox|[from] psn
|upkeep
|
|t:|1705171743
|switch|p1a: Peck|Breloom, M, shiny|100/100
|-damage|p1a: Peck|94/100|[from] Stealth Rock
|turn|19
|
|t:|1705171747
|switch|p2a: Celebi|Celebi|100/100
|-damage|p2a: Celebi|88/100|[from] Stealth Rock
|move|p1a: Peck|Swords Dance|p1a: Peck
|-boost|p1a: Peck|atk|2
|
|-weather|RainDance|[upkeep]
|-status|p1a: Peck|tox|[from] item: Toxic Orb
|upkeep
|turn|20
|
|t:|1705171752
|move|p2a: Celebi|Psychic|p1a: Peck
|-supereffective|p1a: Peck
|-damage|p1a: Peck|0 fnt
|faint|p1a: Peck
|-damage|p2a: Celebi|78/100|[from] item: Life Orb
|
|-weather|RainDance|[upkeep]
|upkeep
|
|t:|1705171757
|switch|p1a: Tyratina|Tyranitar, F, shiny|39/100
|-damage|p1a: Tyratina|27/100|[from] Stealth Rock
|-weather|Sandstorm|[from] ability: Sand Stream|[of] p1a: Tyratina
|turn|21
|
|t:|1705171759
|move|p2a: Celebi|Leaf Storm|p1a: Tyratina
|-supereffective|p1a: Tyratina
|-damage|p1a: Tyratina|0 fnt
|-unboost|p2a: Celebi|spa|2
|faint|p1a: Tyratina
|-damage|p2a: Celebi|69/100|[from] item: Life Orb
|
|-weather|Sandstorm|[upkeep]
|-damage|p2a: Celebi|63/100|[from] Sandstorm
|upkeep
|
|t:|1705171765
|switch|p1a: Scyzera|Scizor, F, shiny|78/100
|-damage|p1a: Scyzera|66/100|[from] Stealth Rock
|turn|22
|
|t:|1705171768
|switch|p2a: Politoed|Politoed, M|51/100 tox
|-damage|p2a: Politoed|38/100 tox|[from] Stealth Rock
|-weather|RainDance|[from] ability: Drizzle|[of] p2a: Politoed
|move|p1a: Scyzera|Swords Dance|p1a: Scyzera
|-boost|p1a: Scyzera|atk|2
|
|-weather|RainDance|[upkeep]
|-heal|p2a: Politoed|45/100 tox|[from] item: Leftovers
|-damage|p2a: Politoed|38/100 tox|[from] psn
|upkeep
|turn|23
|j| Alvin12NJZ
|
|t:|1705171774
|move|p2a: Politoed|Scald|p1a: Scyzera
|-damage|p1a: Scyzera|20/100
|move|p1a: Scyzera|Swords Dance|p1a: Scyzera
|-boost|p1a: Scyzera|atk|2
|
|-weather|RainDance|[upkeep]
|-heal|p2a: Politoed|45/100 tox|[from] item: Leftovers
|-damage|p2a: Politoed|32/100 tox|[from] psn
|upkeep
|turn|24
|
|t:|1705171780
|move|p1a: Scyzera|Bullet Punch|p2a: Politoed
|-resisted|p2a: Politoed
|-damage|p2a: Politoed|0 fnt
|faint|p2a: Politoed
|-damage|p1a: Scyzera|10/100|[from] item: Life Orb
|
|-weather|RainDance|[upkeep]
|upkeep
|
|t:|1705171784
|switch|p2a: Scizor|Scizor, M|66/100
|-damage|p2a: Scizor|53/100|[from] Stealth Rock
|turn|25
|
|t:|1705171786
|move|p1a: Scyzera|Bullet Punch|p2a: Scizor
|-resisted|p2a: Scizor
|-damage|p2a: Scizor|0 fnt
|faint|p2a: Scizor
|-damage|p1a: Scyzera|0 fnt|[from] item: Life Orb
|faint|p1a: Scyzera
|
|-weather|RainDance|[upkeep]
|upkeep
|
|t:|1705171792
|switch|p1a: Good Boy|Landorus-Therian, M|88/100
|switch|p2a: Celebi|Celebi|63/100
|-damage|p1a: Good Boy|75/100|[from] Stealth Rock
|-ability|p1a: Good Boy|Intimidate|boost
|-unboost|p2a: Celebi|atk|1
|-damage|p2a: Celebi|50/100|[from] Stealth Rock
|turn|26
|l| Alvin12NJZ
|j| PataDeAranha
|l| PataDeAranha
|
|t:|1705171818
|move|p1a: Good Boy|Earthquake|p2a: Celebi
|-resisted|p2a: Celebi
|-damage|p2a: Celebi|26/100
|move|p2a: Celebi|Leaf Storm|p1a: Good Boy
|-damage|p1a: Good Boy|0 fnt
|-unboost|p2a: Celebi|spa|2
|faint|p1a: Good Boy
|-damage|p2a: Celebi|16/100|[from] item: Life Orb
|
|win|sidis
|raw|XP3R1's rating: 1337 &rarr; <strong>1318</strong><br />(-19 for losing)
|raw|sidis's rating: 1353 &rarr; <strong>1372</strong><br />(+19 for winning)
|l|☆XP3R1
|player|p1|
