|j|☆lazyhrpseal
|j|☆WeR#4Hay!
|t:|1743698658
|gametype|singles
|player|p1|lazyhrpseal|preschoolerf|1433
|player|p2|WeR#4Hay!|266|1566
|teamsize|p1|6
|teamsize|p2|6
|gen|5
|tier|[Gen 5] OU
|rated|
|rule|Species Clause: Limit one of each Pokémon
|rule|OHKO Clause: OHKO moves are banned
|rule|Moody Clause: Moody is banned
|rule|Evasion Items Clause: Evasion items are banned
|rule|Evasion Moves Clause: Evasion moves are banned
|rule|Endless Battle Clause: Forcing endless battles is banned
|rule|HP Percentage Mod: HP is shown in percentages
|rule|Evasion Abilities Clause: Evasion abilities are banned
|rule|Sleep Moves Clause: Sleep-inducing moves are banned
|rule|Swagger Clause: Swagger is banned
|rule|Baton Pass Stat Clause: No Baton Passer may have a way to boost its stats
|clearpoke
|poke|p1|Tyranitar, F|item
|poke|p1|Heatran, F|item
|poke|p1|Garchomp, M|item
|poke|p1|Skarmory, M|item
|poke|p1|Jellicent, M|item
|poke|p1|Hydreigon, F|item
|poke|p2|Breloom, M|item
|poke|p2|Heatran, M|item
|poke|p2|Rotom-Wash|item
|poke|p2|Jirachi|item
|poke|p2|Latias, F|item
|poke|p2|Landorus-Therian, M|item
|teampreview
|
|t:|1743698672
|start
|switch|p1a: Hydreigon|Hydreigon, F|100/100
|switch|p2a: Satoshi Nakano|Jirachi|100/100
|turn|1
|inactive|Battle timer is ON: inactive players will automatically lose when time's up. (requested by lazyhrpseal)
|
|t:|1743698674
|move|p1a: Hydreigon|Flamethrower|p2a: Satoshi Nakano
|-supereffective|p2a: Satoshi Nakano
|-damage|p2a: Satoshi Nakano|47/100
|-damage|p1a: Hydreigon|91/100|[from] item: Life Orb
|move|p2a: Satoshi Nakano|Stealth Rock|p1a: Hydreigon
|-sidestart|p1: lazyhrpseal|move: Stealth Rock
|
|upkeep
|turn|2
|
|t:|1743698686
|switch|p2a: Takeshi Maenami|Heatran, M|100/100
|-item|p2a: Takeshi Maenami|Air Balloon
|move|p1a: Hydreigon|Earth Power|p2a: Takeshi Maenami
|-immune|p2a: Takeshi Maenami
|
|upkeep
|turn|3
|
|t:|1743698693
|switch|p1a: Heatran|Heatran, F|100/100
|-damage|p1a: Heatran|88/100|[from] Stealth Rock
|move|p2a: Takeshi Maenami|Hidden Power|p1a: Heatran
|-resisted|p1a: Heatran
|-damage|p1a: Heatran|84/100
|
|-heal|p1a: Heatran|90/100|[from] item: Leftovers
|upkeep
|turn|4
|
|t:|1743698712
|switch|p2a: Aito Ohashi|Rotom-Wash|100/100
|move|p1a: Heatran|Protect||[still]
|-fail|p1a: Heatran
|
|-heal|p1a: Heatran|96/100|[from] item: Leftovers
|upkeep
|turn|5
|
|t:|1743698715
|move|p1a: Heatran|Lava Plume|p2a: Aito Ohashi
|-resisted|p2a: Aito Ohashi
|-damage|p2a: Aito Ohashi|83/100
|-status|p2a: Aito Ohashi|brn
|move|p2a: Aito Ohashi|Hydro Pump|p1a: Heatran|[miss]
|-miss|p2a: Aito Ohashi|p1a: Heatran
|
|-heal|p1a: Heatran|100/100|[from] item: Leftovers
|-heal|p2a: Aito Ohashi|90/100 brn|[from] item: Leftovers
|-damage|p2a: Aito Ohashi|77/100 brn|[from] brn
|upkeep
|turn|6
|
|t:|1743698736
|move|p1a: Heatran|Stealth Rock|p2a: Aito Ohashi
|-sidestart|p2: WeR#4Hay!|move: Stealth Rock
|move|p2a: Aito Ohashi|Hydro Pump|p1a: Heatran
|-supereffective|p1a: Heatran
|-damage|p1a: Heatran|46/100
|
|-heal|p1a: Heatran|52/100|[from] item: Leftovers
|-heal|p2a: Aito Ohashi|83/100 brn|[from] item: Leftovers
|-damage|p2a: Aito Ohashi|71/100 brn|[from] brn
|upkeep
|turn|7
|
|t:|1743698750
|switch|p2a: Takeshi Maenami|Heatran, M|100/100
|-damage|p2a: Takeshi Maenami|88/100|[from] Stealth Rock
|-item|p2a: Takeshi Maenami|Air Balloon
|move|p1a: Heatran|Protect||[still]
|-fail|p1a: Heatran
|
|-heal|p1a: Heatran|58/100|[from] item: Leftovers
|upkeep
|turn|8
|
|t:|1743698754
|switch|p1a: Tyranitar|Tyranitar, F|100/100
|-damage|p1a: Tyranitar|88/100|[from] Stealth Rock
|-weather|Sandstorm|[from] ability: Sand Stream|[of] p1a: Tyranitar
|move|p2a: Takeshi Maenami|Taunt|p1a: Tyranitar
|-start|p1a: Tyranitar|move: Taunt
|
|-weather|Sandstorm|[upkeep]
|upkeep
|turn|9
|
|t:|1743698758
|switch|p2a: Yusuke Oshida|Landorus-Therian, M|100/100
|-damage|p2a: Yusuke Oshida|88/100|[from] Stealth Rock
|-ability|p2a: Yusuke Oshida|Intimidate|boost
|-unboost|p1a: Tyranitar|atk|1
|move|p1a: Tyranitar|Superpower|p2a: Yusuke Oshida
|-resisted|p2a: Yusuke Oshida
|-damage|p2a: Yusuke Oshida|75/100
|-unboost|p1a: Tyranitar|atk|1
|-unboost|p1a: Tyranitar|def|1
|
|-weather|Sandstorm|[upkeep]
|upkeep
|turn|10
|
|t:|1743698763
|switch|p1a: Skarmory|Skarmory, M|100/100
|-damage|p1a: Skarmory|88/100|[from] Stealth Rock
|move|p2a: Yusuke Oshida|U-turn|p1a: Skarmory
|-resisted|p1a: Skarmory
|-damage|p1a: Skarmory|83/100
|-damage|p2a: Yusuke Oshida|58/100|[from] item: Rocky Helmet|[of] p1a: Skarmory
|
|t:|1743698767
|switch|p2a: Takeshi Maenami|Heatran, M|88/100|[from] U-turn
|-damage|p2a: Takeshi Maenami|76/100|[from] Stealth Rock
|-item|p2a: Takeshi Maenami|Air Balloon
|
|-weather|Sandstorm|[upkeep]
|upkeep
|turn|11
|
|t:|1743698776
|switch|p2a: Hanako Ueda|Latias, F|100/100
|-damage|p2a: Hanako Ueda|88/100|[from] Stealth Rock
|switch|p1a: Jellicent|Jellicent, M, shiny|100/100
|-damage|p1a: Jellicent|88/100|[from] Stealth Rock
|
|-weather|Sandstorm|[upkeep]
|-damage|p2a: Hanako Ueda|82/100|[from] Sandstorm
|-damage|p1a: Jellicent|82/100|[from] Sandstorm
|-heal|p1a: Jellicent|88/100|[from] item: Leftovers
|upkeep
|turn|12
|
|t:|1743698781
|move|p2a: Hanako Ueda|Draco Meteor|p1a: Jellicent
|-damage|p1a: Jellicent|10/100
|-unboost|p2a: Hanako Ueda|spa|2
|move|p1a: Jellicent|Will-O-Wisp|p2a: Hanako Ueda
|-status|p2a: Hanako Ueda|brn
|
|-weather|Sandstorm|[upkeep]
|-damage|p2a: Hanako Ueda|76/100 brn|[from] Sandstorm
|-damage|p1a: Jellicent|4/100|[from] Sandstorm
|-heal|p1a: Jellicent|10/100|[from] item: Leftovers
|-damage|p2a: Hanako Ueda|64/100 brn|[from] brn
|upkeep
|turn|13
|
|t:|1743698787
|switch|p1a: Tyranitar|Tyranitar, F|88/100
|-damage|p1a: Tyranitar|76/100|[from] Stealth Rock
|move|p2a: Hanako Ueda|Draco Meteor|p1a: Tyranitar
|-damage|p1a: Tyranitar|41/100
|-unboost|p2a: Hanako Ueda|spa|2
|
|-weather|Sandstorm|[upkeep]
|-damage|p2a: Hanako Ueda|58/100 brn|[from] Sandstorm
|-damage|p2a: Hanako Ueda|46/100 brn|[from] brn
|upkeep
|turn|14
|
|t:|1743698791
|move|p1a: Tyranitar|Pursuit|p2a: Hanako Ueda
|-supereffective|p2a: Hanako Ueda
|-damage|p2a: Hanako Ueda|0 fnt
|faint|p2a: Hanako Ueda
|
|-weather|Sandstorm|[upkeep]
|upkeep
|
|t:|1743698793
|switch|p2a: Yusuke Oshida|Landorus-Therian, M|58/100
|-damage|p2a: Yusuke Oshida|46/100|[from] Stealth Rock
|-ability|p2a: Yusuke Oshida|Intimidate|boost
|-unboost|p1a: Tyranitar|atk|1
|turn|15
|
|t:|1743698797
|switch|p1a: Jellicent|Jellicent, M, shiny|10/100
|-damage|p1a: Jellicent|0 fnt|[from] Stealth Rock
|faint|p1a: Jellicent
|move|p2a: Yusuke Oshida|U-turn|p1: Jellicent|[notarget]
|-fail|p2a: Yusuke Oshida
|
|-weather|Sandstorm|[upkeep]
|upkeep
|
|t:|1743698800
|switch|p1a: Skarmory|Skarmory, M|83/100
|-damage|p1a: Skarmory|71/100|[from] Stealth Rock
|turn|16
|
|t:|1743698806
|switch|p2a: Takeshi Maenami|Heatran, M|76/100
|-damage|p2a: Takeshi Maenami|63/100|[from] Stealth Rock
|-item|p2a: Takeshi Maenami|Air Balloon
|move|p1a: Skarmory|Spikes|p2a: Takeshi Maenami
|-sidestart|p2: WeR#4Hay!|Spikes
|
|-weather|Sandstorm|[upkeep]
|upkeep
|turn|17
|
|t:|1743698814
|switch|p2a: Yusuke Oshida|Landorus-Therian, M|46/100
|-damage|p2a: Yusuke Oshida|33/100|[from] Stealth Rock
|-ability|p2a: Yusuke Oshida|Intimidate|boost
|-unboost|p1a: Skarmory|atk|1
|switch|p1a: Heatran|Heatran, F|58/100
|-damage|p1a: Heatran|46/100|[from] Stealth Rock
|
|-weather|Sandstorm|[upkeep]
|-heal|p1a: Heatran|52/100|[from] item: Leftovers
|upkeep
|turn|18
|
|t:|1743698817
|move|p1a: Heatran|Protect|p1a: Heatran
|-singleturn|p1a: Heatran|Protect
|move|p2a: Yusuke Oshida|Superpower|p1a: Heatran
|-activate|p1a: Heatran|move: Protect
|
|-weather|Sandstorm|[upkeep]
|-heal|p1a: Heatran|58/100|[from] item: Leftovers
|upkeep
|turn|19
|
|t:|1743698826
|switch|p2a: Masaaki Iwane|Breloom, M|100/100
|-damage|p2a: Masaaki Iwane|94/100|[from] Stealth Rock
|-damage|p2a: Masaaki Iwane|82/100|[from] Spikes
|switch|p1a: Skarmory|Skarmory, M|71/100
|-damage|p1a: Skarmory|58/100|[from] Stealth Rock
|
|-weather|Sandstorm|[upkeep]
|-damage|p2a: Masaaki Iwane|76/100|[from] Sandstorm
|upkeep
|turn|20
|
|t:|1743698828
|move|p2a: Masaaki Iwane|Superpower|p1a: Skarmory
|-damage|p1a: Skarmory|0 fnt
|-unboost|p2a: Masaaki Iwane|atk|1
|-unboost|p2a: Masaaki Iwane|def|1
|-damage|p2a: Masaaki Iwane|60/100|[from] item: Rocky Helmet|[of] p1a: Skarmory
|faint|p1a: Skarmory
|
|-weather|Sandstorm|[upkeep]
|-damage|p2a: Masaaki Iwane|53/100|[from] Sandstorm
|upkeep
|
|t:|1743698832
|switch|p1a: Hydreigon|Hydreigon, F|91/100
|-damage|p1a: Hydreigon|78/100|[from] Stealth Rock
|turn|21
|
|t:|1743698835
|switch|p2a: Satoshi Nakano|Jirachi|47/100
|-damage|p2a: Satoshi Nakano|40/100|[from] Stealth Rock
|-damage|p2a: Satoshi Nakano|28/100|[from] Spikes
|move|p1a: Hydreigon|Flamethrower|p2a: Satoshi Nakano
|-supereffective|p2a: Satoshi Nakano
|-damage|p2a: Satoshi Nakano|0 fnt
|faint|p2a: Satoshi Nakano
|-damage|p1a: Hydreigon|68/100|[from] item: Life Orb
|
|-weather|Sandstorm|[upkeep]
|-damage|p1a: Hydreigon|62/100|[from] Sandstorm
|upkeep
|
|t:|1743698845
|switch|p2a: Masaaki Iwane|Breloom, M|53/100
|-damage|p2a: Masaaki Iwane|47/100|[from] Stealth Rock
|-damage|p2a: Masaaki Iwane|35/100|[from] Spikes
|turn|22
|
|t:|1743698862
|move|p2a: Masaaki Iwane|Mach Punch|p1a: Hydreigon
|-supereffective|p1a: Hydreigon
|-damage|p1a: Hydreigon|0 fnt
|faint|p1a: Hydreigon
|
|-weather|Sandstorm|[upkeep]
|-damage|p2a: Masaaki Iwane|29/100|[from] Sandstorm
|upkeep
|
|t:|1743698865
|switch|p1a: Garchomp|Garchomp, M|100/100
|-damage|p1a: Garchomp|94/100|[from] Stealth Rock
|turn|23
|
|t:|1743698867
|move|p2a: Masaaki Iwane|Mach Punch|p1a: Garchomp
|-damage|p1a: Garchomp|41/100
|-damage|p2a: Masaaki Iwane|17/100|[from] ability: Rough Skin|[of] p1a: Garchomp
|move|p1a: Garchomp|Outrage|p2a: Masaaki Iwane
|-damage|p2a: Masaaki Iwane|0 fnt
|faint|p2a: Masaaki Iwane
|
|-weather|Sandstorm|[upkeep]
|upkeep
|
|t:|1743698870
|switch|p2a: Takeshi Maenami|Heatran, M|63/100
|-damage|p2a: Takeshi Maenami|51/100|[from] Stealth Rock
|-item|p2a: Takeshi Maenami|Air Balloon
|turn|24
|
|t:|1743698872
|move|p1a: Garchomp|Outrage|p2a: Takeshi Maenami|[from] lockedmove
|-resisted|p2a: Takeshi Maenami
|-damage|p2a: Takeshi Maenami|5/100
|-enditem|p2a: Takeshi Maenami|Air Balloon
|move|p2a: Takeshi Maenami|Hidden Power|p1a: Garchomp
|-supereffective|p1a: Garchomp
|-damage|p1a: Garchomp|0 fnt
|faint|p1a: Garchomp
|
|-weather|Sandstorm|[upkeep]
|upkeep
|
|t:|1743698875
|switch|p1a: Heatran|Heatran, F|58/100
|-damage|p1a: Heatran|46/100|[from] Stealth Rock
|turn|25
|
|t:|1743698878
|move|p2a: Takeshi Maenami|Taunt|p1a: Heatran
|-start|p1a: Heatran|move: Taunt
|move|p1a: Heatran|Earth Power|p2a: Takeshi Maenami
|-supereffective|p2a: Takeshi Maenami
|-damage|p2a: Takeshi Maenami|0 fnt
|faint|p2a: Takeshi Maenami
|
|-weather|Sandstorm|[upkeep]
|-heal|p1a: Heatran|52/100|[from] item: Leftovers
|upkeep
|
|t:|1743698881
|switch|p2a: Yusuke Oshida|Landorus-Therian, M|33/100
|-damage|p2a: Yusuke Oshida|21/100|[from] Stealth Rock
|-ability|p2a: Yusuke Oshida|Intimidate|boost
|-unboost|p1a: Heatran|atk|1
|turn|26
|
|t:|1743698884
|move|p2a: Yusuke Oshida|Earthquake|p1a: Heatran
|-supereffective|p1a: Heatran
|-crit|p1a: Heatran
|-damage|p1a: Heatran|0 fnt
|faint|p1a: Heatran
|
|-weather|Sandstorm|[upkeep]
|upkeep
|
|t:|1743698886
|switch|p1a: Tyranitar|Tyranitar, F|41/100
|-damage|p1a: Tyranitar|29/100|[from] Stealth Rock
|turn|27
|inactive|WeR#4Hay! has 120 seconds left.
|inactive|WeR#4Hay! has 90 seconds left.
|
|t:|1743698960
|move|p2a: Yusuke Oshida|Earthquake|p1a: Tyranitar
|-supereffective|p1a: Tyranitar
|-damage|p1a: Tyranitar|0 fnt
|faint|p1a: Tyranitar
|
|win|WeR#4Hay!
|raw|lazyhrpseal's rating: 1401 &rarr; <strong>1390</strong><br />(-11 for losing)
|raw|WeR#4Hay!'s rating: 1566 &rarr; <strong>1577</strong><br />(+11 for winning)
|l|☆lazyhrpseal
|player|p1|
