|j|Nightanglet
|j|Dragon Lords1
|player|p1|Nightanglet|209
|player|p2|Dragon Lords1|168
|gametype|singles
|gen|5
|tier|[Gen 5] OU
|rated
|seed|32833,5081,32957,60227
|rule|Evasion Abilities Clause: Evasion abilities are banned
|rule|Baton Pass Clause: Limit one Baton Passer, can't pass Spe and other stats simultaneously
|rule|Swagger Clause: Swagger is banned
|clearpoke
|poke|p1|Ninetales, M, shiny|item
|poke|p1|Exeggutor, M, shiny|item
|poke|p1|Charizard, M, shiny|item
|poke|p1|Torkoal, M|item
|poke|p1|Rhydon, M|item
|poke|p1|Infernape, M|item
|poke|p2|Tyranitar, M|item
|poke|p2|Keldeo|item
|poke|p2|Breloom, M|item
|poke|p2|Scizor, M|item
|poke|p2|Garchomp, M|item
|poke|p2|Latios, M|item
|rule|Sleep Clause Mod: Limit one foe put to sleep
|rule|Species Clause: Limit one of each Pokémon
|rule|OHKO Clause: OHKO moves are banned
|rule|Moody Clause: Moody is banned
|rule|Evasion Moves Clause: Evasion moves are banned
|rule|Endless Battle Clause: Forcing endless battles is banned
|rule|HP Percentage Mod: HP is shown in percentages
|teampreview
|c|★Nightanglet|glhf
|choice|team 1, team 2, team 3, team 4, team 5, team 6|team 6, team 2, team 3, team 4, team 5, team 1
|
|start
|switch|p1a: Ninetales|Ninetales, M, shiny|350/350
|switch|p2a: Latios|Latios, M|301/301
|-weather|SunnyDay|[from] ability: Drought|[of] p1a: Ninetales
|turn|1
|choice|move willowisp|move dracometeor
|
|move|p2a: Latios|Draco Meteor|p1a: Ninetales
|-damage|p1a: Ninetales|68/350
|-unboost|p2a: Latios|spa|2
|move|p1a: Ninetales|Will-O-Wisp|p2a: Latios
|-status|p2a: Latios|brn
|
|-weather|SunnyDay|[upkeep]
|-heal|p1a: Ninetales|89/350|[from] item: Leftovers
|-damage|p2a: Latios|264/301 brn|[from] brn
|turn|2
|choice|switch 2|move dracometeor
|
|switch|p1a: Exeggutor|Exeggutor, M, shiny|394/394
|move|p2a: Latios|Draco Meteor|p1a: Exeggutor
|-damage|p1a: Exeggutor|153/394
|-unboost|p2a: Latios|spa|2
|
|-weather|SunnyDay|[upkeep]
|-damage|p2a: Latios|227/301 brn|[from] brn
|turn|3
|choice|move gigadrain|switch 4
|
|switch|p2a: Scizor|Scizor, M|343/343
|move|p1a: Exeggutor|Giga Drain|p2a: Scizor
|-resisted|p2a: Scizor
|-damage|p2a: Scizor|300/343
|-heal|p1a: Exeggutor|175/394|[from] drain|[of] p2a: Scizor
|
|-weather|SunnyDay|[upkeep]
|turn|4
|choice|switch 4|move bulletpunch
|
|switch|p1a: Torkoal|Torkoal, M|344/344
|move|p2a: Scizor|Bullet Punch|p1a: Torkoal
|-resisted|p1a: Torkoal
|-damage|p1a: Torkoal|280/344
|
|-weather|SunnyDay|[upkeep]
|-heal|p1a: Torkoal|301/344|[from] item: Leftovers
|turn|5
|choice|move willowisp|switch 4
|
|switch|p2a: Latios|Latios, M|227/301 brn
|move|p1a: Torkoal|Will-O-Wisp|p2a: Latios
|-fail|p2a: Latios|brn
|
|-weather|SunnyDay|[upkeep]
|-heal|p1a: Torkoal|322/344|[from] item: Leftovers
|-damage|p2a: Latios|190/301 brn|[from] brn
|turn|6
|choice|move stealthrock|move dracometeor
|
|move|p2a: Latios|Draco Meteor|p1a: Torkoal
|-damage|p1a: Torkoal|0 fnt
|-unboost|p2a: Latios|spa|2
|faint|p1a: Torkoal
|
|-weather|SunnyDay|[upkeep]
|-damage|p2a: Latios|153/301 brn|[from] brn
|choice|switch 5|
|
|switch|p1a: Rhydon|Rhydon, M|351/351
|turn|7
|choice|move rockpolish|switch 3
|
|switch|p2a: Breloom|Breloom, M|261/261
|move|p1a: Rhydon|Rock Polish|p1a: Rhydon
|-boost|p1a: Rhydon|spe|2
|
|-weather|SunnyDay|[upkeep]
|turn|8
|choice|move firepunch|move bulletseed
|
|move|p1a: Rhydon|Fire Punch|p2a: Breloom
|-supereffective|p2a: Breloom
|-crit|p2a: Breloom
|-damage|p2a: Breloom|0 fnt
|faint|p2a: Breloom
|
|-weather|SunnyDay|[upkeep]
|choice||switch 5
|
|switch|p2a: Garchomp|Garchomp, M|357/357
|turn|9
|choice|switch 3|move earthquake
|
|switch|p1a: Charizard|Charizard, M, shiny|297/297
|move|p2a: Garchomp|Earthquake|p1a: Charizard
|-immune|p1a: Charizard|[msg]
|
|-weather|SunnyDay|[upkeep]
|-damage|p1a: Charizard|260/297|[from] ability: Solar Power|[of] p1a: Charizard
|turn|10
|choice|move airslash|move substitute
|
|move|p2a: Garchomp|Substitute|p2a: Garchomp
|-start|p2a: Garchomp|Substitute
|-damage|p2a: Garchomp|268/357
|move|p1a: Charizard|Air Slash|p2a: Garchomp
|-end|p2a: Garchomp|Substitute
|-damage|p1a: Charizard|231/297|[from] item: Life Orb
|
|-weather|SunnyDay|[upkeep]
|-damage|p1a: Charizard|194/297|[from] ability: Solar Power|[of] p1a: Charizard
|turn|11
|choice|move solarbeam|move substitute
|
|move|p2a: Garchomp|Substitute|p2a: Garchomp
|-start|p2a: Garchomp|Substitute
|-damage|p2a: Garchomp|179/357
|move|p1a: Charizard|Solar Beam|p2a: Garchomp|[still]
|-prepare|p1a: Charizard|Solar Beam|p2a: Garchomp
|-anim|p1a: Charizard|Solar Beam|p2a: Garchomp
|-end|p2a: Garchomp|Substitute
|-damage|p1a: Charizard|165/297|[from] item: Life Orb
|
|-weather|SunnyDay|[upkeep]
|-damage|p1a: Charizard|128/297|[from] ability: Solar Power|[of] p1a: Charizard
|turn|12
|choice|move solarbeam|move outrage
|
|move|p2a: Garchomp|Outrage|p1a: Charizard
|-damage|p1a: Charizard|0 fnt
|faint|p1a: Charizard
|
|-weather|SunnyDay|[upkeep]
|choice|switch 3|
|
|switch|p1a: Rhydon|Rhydon, M|351/351
|turn|13
|choice|move rockpolish|move outrage
|
|move|p2a: Garchomp|Outrage|p1a: Rhydon|[from]lockedmove
|-damage|p1a: Rhydon|237/351
|move|p1a: Rhydon|Rock Polish|p1a: Rhydon
|-boost|p1a: Rhydon|spe|2
|
|-weather|SunnyDay|[upkeep]
|turn|14
|choice|move earthquake|move outrage
|
|move|p1a: Rhydon|Earthquake|p2a: Garchomp
|-damage|p2a: Garchomp|0 fnt
|faint|p2a: Garchomp
|
|-weather|SunnyDay|[upkeep]
|choice||switch 4
|
|switch|p2a: Scizor|Scizor, M|300/343
|turn|15
|choice|move firepunch|move bulletpunch
|
|move|p2a: Scizor|Bullet Punch|p1a: Rhydon
|-supereffective|p1a: Rhydon
|-damage|p1a: Rhydon|37/351
|move|p1a: Rhydon|Fire Punch|p2a: Scizor
|-supereffective|p2a: Scizor
|-damage|p2a: Scizor|0 fnt
|faint|p2a: Scizor
|
|-weather|SunnyDay|[upkeep]
|choice||switch 2
|
|switch|p2a: Keldeo|Keldeo|323/323
|turn|16
|choice|move earthquake|move surf
|
|move|p2a: Keldeo|Surf|p1a: Rhydon
|-supereffective|p1a: Rhydon
|-damage|p1a: Rhydon|0 fnt
|faint|p1a: Rhydon
|
|-weather|SunnyDay|[upkeep]
|choice|switch 4|
|
|switch|p1a: Exeggutor|Exeggutor, M, shiny|175/394
|turn|17
|choice|move gigadrain|switch 6
|
|switch|p2a: Tyranitar|Tyranitar, M|358/358
|-weather|Sandstorm|[from] ability: Sand Stream|[of] p2a: Tyranitar
|move|p1a: Exeggutor|Giga Drain|p2a: Tyranitar
|-supereffective|p2a: Tyranitar
|-damage|p2a: Tyranitar|196/358
|-heal|p1a: Exeggutor|256/394|[from] drain|[of] p2a: Tyranitar
|
|-weather|Sandstorm|[upkeep]
|-damage|p1a: Exeggutor|232/394|[from] sandstorm
|turn|18
|c|★Nightanglet|u know something?
|c|★Nightanglet|surprised i still got ninetales alive
|choice|move sleeppowder|switch 3
|
|switch|p2a: Latios|Latios, M|153/301 brn
|move|p1a: Exeggutor|Sleep Powder|p2a: Latios
|-fail|p2a: Latios
|
|-weather|Sandstorm|[upkeep]
|-damage|p2a: Latios|135/301 brn|[from] sandstorm
|-damage|p1a: Exeggutor|208/394|[from] sandstorm
|-damage|p2a: Latios|98/301 brn|[from] brn
|turn|19
|choice|switch 6|move dracometeor
|
|switch|p1a: Infernape|Infernape, M|356/356
|move|p2a: Latios|Draco Meteor|p1a: Infernape
|-damage|p1a: Infernape|37/356
|-unboost|p2a: Latios|spa|2
|
|-weather|Sandstorm|[upkeep]
|-damage|p2a: Latios|80/301 brn|[from] sandstorm
|-damage|p1a: Infernape|15/356|[from] sandstorm
|-heal|p1a: Infernape|37/356|[from] item: Leftovers
|-damage|p2a: Latios|43/301 brn|[from] brn
|turn|20
|choice|move toxic|move dracometeor
|
|move|p2a: Latios|Draco Meteor|p1a: Infernape
|-damage|p1a: Infernape|0 fnt
|-unboost|p2a: Latios|spa|2
|faint|p1a: Infernape
|
|-weather|Sandstorm|[upkeep]
|-damage|p2a: Latios|25/301 brn|[from] sandstorm
|-damage|p2a: Latios|0 fnt|[from] brn
|faint|p2a: Latios
|choice|switch 2|switch 6
|
|switch|p2a: Keldeo|Keldeo|323/323
|switch|p1a: Ninetales|Ninetales, M, shiny|89/350
|-weather|SunnyDay|[from] ability: Drought|[of] p1a: Ninetales
|turn|21
|choice|move protect|move hiddenpower
|
|move|p1a: Ninetales|Protect|p1a: Ninetales
|-singleturn|p1a: Ninetales|Protect
|move|p2a: Keldeo|Hidden Power|p1a: Ninetales
|-activate|p1a: Ninetales|move: Protect
|
|-weather|SunnyDay|[upkeep]
|-heal|p1a: Ninetales|110/350|[from] item: Leftovers
|turn|22
|choice|move willowisp|switch 3
|
|switch|p2a: Tyranitar|Tyranitar, M|196/358
|-weather|Sandstorm|[from] ability: Sand Stream|[of] p2a: Tyranitar
|move|p1a: Ninetales|Will-O-Wisp|p2a: Tyranitar
|-status|p2a: Tyranitar|brn
|
|-weather|Sandstorm|[upkeep]
|-damage|p1a: Ninetales|89/350|[from] sandstorm
|-heal|p1a: Ninetales|110/350|[from] item: Leftovers
|-damage|p2a: Tyranitar|152/358 brn|[from] brn
|turn|23
|choice|move protect|move stealthrock
|
|move|p1a: Ninetales|Protect|p1a: Ninetales
|-singleturn|p1a: Ninetales|Protect
|move|p2a: Tyranitar|Stealth Rock|p1a: Ninetales
|-sidestart|p1: Nightanglet|move: Stealth Rock
|
|-weather|Sandstorm|[upkeep]
|-damage|p1a: Ninetales|89/350|[from] sandstorm
|-heal|p1a: Ninetales|110/350|[from] item: Leftovers
|-damage|p2a: Tyranitar|108/358 brn|[from] brn
|turn|24
|choice|move fireblast|move crunch
|
|move|p1a: Ninetales|Fire Blast|p2a: Tyranitar
|-resisted|p2a: Tyranitar
|-damage|p2a: Tyranitar|70/358 brn
|move|p2a: Tyranitar|Crunch|p1a: Ninetales
|-damage|p1a: Ninetales|14/350
|-unboost|p1a: Ninetales|def|1
|
|-weather|Sandstorm|[upkeep]
|-damage|p1a: Ninetales|0 fnt|[from] sandstorm
|-damage|p2a: Tyranitar|26/358 brn|[from] brn
|faint|p1a: Ninetales
|choice|switch 6|
|
|switch|p1a: Exeggutor|Exeggutor, M, shiny|208/394
|-damage|p1a: Exeggutor|159/394|[from] Stealth Rock
|turn|25
|choice|move gigadrain|move crunch
|
|move|p1a: Exeggutor|Giga Drain|p2a: Tyranitar
|-supereffective|p2a: Tyranitar
|-damage|p2a: Tyranitar|0 fnt
|-heal|p1a: Exeggutor|172/394|[from] drain|[of] p2a: Tyranitar
|faint|p2a: Tyranitar
|
|-weather|Sandstorm|[upkeep]
|-damage|p1a: Exeggutor|148/394|[from] sandstorm
|choice||switch 3
|
|switch|p2a: Keldeo|Keldeo|323/323
|turn|26
|c|★Nightanglet|gg
|choice|move gigadrain|move hiddenpower
|
|move|p2a: Keldeo|Hidden Power|p1a: Exeggutor
|-supereffective|p1a: Exeggutor
|-damage|p1a: Exeggutor|0 fnt
|faint|p1a: Exeggutor
|
|win|Dragon Lords1
|player|p1
|player|p2
|raw|Nightanglet's rating: 1331 &rarr; <strong>1315</strong><br />(-16 for losing)
|raw|Dragon Lords1's rating: 1407 &rarr; <strong>1423</strong><br />(+16 for winning)
|l|Nightanglet