|j|☆Profesor Turo
|j|☆authentise_is_shit
|t:|1710775059
|gametype|singles
|player|p1|Profesor Turo|turo-ai|1362
|player|p2|authentise_is_shit|265|1396
|teamsize|p1|6
|teamsize|p2|6
|gen|5
|tier|[Gen 5] OU
|rated|
|rule|Species Clause: Limit one of each Pokémon
|rule|OHKO Clause: OHKO moves are banned
|rule|Moody Clause: Moody is banned
|rule|Evasion Items Clause: Evasion items are banned
|rule|Evasion Moves Clause: Evasion moves are banned
|rule|Endless Battle Clause: Forcing endless battles is banned
|rule|HP Percentage Mod: HP is shown in percentages
|rule|Evasion Abilities Clause: Evasion abilities are banned
|rule|Sleep Moves Clause: Sleep-inducing moves are banned
|rule|Swagger Clause: Swagger is banned
|rule|Baton Pass Stat Clause: No Baton Passer may have a way to boost its stats
|clearpoke
|poke|p1|Alakazam, M|item
|poke|p1|Omastar, M|item
|poke|p1|Heracross, M|item
|poke|p1|Latios, M|item
|poke|p1|Volcarona, F|item
|poke|p1|Yanmega, M|item
|poke|p2|Politoed, F|item
|poke|p2|Jellicent, M|item
|poke|p2|Excadrill, M|item
|poke|p2|Tornadus, M|item
|poke|p2|Gastrodon, M|item
|poke|p2|Ferrothorn, M|item
|teampreview
|inactive|Battle timer is ON: inactive players will automatically lose when time's up. (requested by Profesor Turo)
|inactive|authentise_is_shit has 120 seconds left.
|
|t:|1710775107
|start
|switch|p1a: Lord Helix|Omastar, M|100/100
|switch|p2a: Politoed|Politoed, F, shiny|100/100
|-weather|RainDance|[from] ability: Drizzle|[of] p2a: Politoed
|turn|1
|
|t:|1710775111
|move|p1a: Lord Helix|Shell Smash|p1a: Lord Helix
|-unboost|p1a: Lord Helix|def|1
|-unboost|p1a: Lord Helix|spd|1
|-boost|p1a: Lord Helix|atk|2
|-boost|p1a: Lord Helix|spa|2
|-boost|p1a: Lord Helix|spe|2
|move|p2a: Politoed|Scald|p1a: Lord Helix
|-damage|p1a: Lord Helix|3/100
|
|-weather|RainDance|[upkeep]
|upkeep
|turn|2
|
|t:|1710775113
|move|p1a: Lord Helix|Surf|p2a: Politoed
|-resisted|p2a: Politoed
|-damage|p2a: Politoed|38/100
|move|p2a: Politoed|Scald|p1a: Lord Helix
|-damage|p1a: Lord Helix|0 fnt
|faint|p1a: Lord Helix
|
|-weather|RainDance|[upkeep]
|-heal|p2a: Politoed|44/100|[from] item: Leftovers
|upkeep
|
|t:|1710775120
|switch|p1a: Flinchinator|Yanmega, M, shiny|100/100
|turn|3
|
|t:|1710775128
|move|p1a: Flinchinator|Giga Drain|p2a: Politoed
|-supereffective|p2a: Politoed
|-crit|p2a: Politoed
|-damage|p2a: Politoed|0 fnt
|faint|p2a: Politoed
|-damage|p1a: Flinchinator|91/100|[from] item: Life Orb
|
|-weather|RainDance|[upkeep]
|-ability|p1a: Flinchinator|Speed Boost|boost
|-boost|p1a: Flinchinator|spe|1
|upkeep
|
|t:|1710775135
|switch|p2a: Excadrill|Excadrill, M|100/100
|-ability|p2a: Excadrill|Mold Breaker
|turn|4
|
|t:|1710775139
|move|p1a: Flinchinator|Protect|p1a: Flinchinator
|-singleturn|p1a: Flinchinator|Protect
|move|p2a: Excadrill|Iron Head|p1a: Flinchinator
|-activate|p1a: Flinchinator|move: Protect
|
|-weather|RainDance|[upkeep]
|-ability|p1a: Flinchinator|Speed Boost|boost
|-boost|p1a: Flinchinator|spe|1
|upkeep
|turn|5
|
|t:|1710775145
|move|p1a: Flinchinator|Air Slash|p2a: Excadrill
|-resisted|p2a: Excadrill
|-damage|p2a: Excadrill|65/100
|-damage|p1a: Flinchinator|81/100|[from] item: Life Orb
|move|p2a: Excadrill|Stealth Rock|p1a: Flinchinator
|-sidestart|p1: Profesor Turo|move: Stealth Rock
|
|-weather|RainDance|[upkeep]
|-heal|p2a: Excadrill|71/100|[from] item: Leftovers
|-ability|p1a: Flinchinator|Speed Boost|boost
|-boost|p1a: Flinchinator|spe|1
|upkeep
|turn|6
|
|t:|1710775153
|move|p1a: Flinchinator|Air Slash|p2a: Excadrill
|-resisted|p2a: Excadrill
|-crit|p2a: Excadrill
|-damage|p2a: Excadrill|7/100
|-damage|p1a: Flinchinator|71/100|[from] item: Life Orb
|move|p2a: Excadrill|Iron Head|p1a: Flinchinator
|-damage|p1a: Flinchinator|16/100
|
|-weather|RainDance|[upkeep]
|-heal|p2a: Excadrill|13/100|[from] item: Leftovers
|-ability|p1a: Flinchinator|Speed Boost|boost
|-boost|p1a: Flinchinator|spe|1
|upkeep
|turn|7
|
|t:|1710775159
|switch|p2a: Gastrodon|Gastrodon, M, shiny|100/100
|move|p1a: Flinchinator|Giga Drain|p2a: Gastrodon
|-supereffective|p2a: Gastrodon
|-damage|p2a: Gastrodon|0 fnt
|-heal|p1a: Flinchinator|84/100|[from] drain|[of] p2a: Gastrodon
|faint|p2a: Gastrodon
|-damage|p1a: Flinchinator|74/100|[from] item: Life Orb
|
|-weather|RainDance|[upkeep]
|-ability|p1a: Flinchinator|Speed Boost|boost
|-boost|p1a: Flinchinator|spe|1
|upkeep
|
|t:|1710775164
|switch|p2a: Tornadus|Tornadus, M|100/100
|turn|8
|
|t:|1710775166
|move|p1a: Flinchinator|Air Slash|p2a: Tornadus
|-damage|p2a: Tornadus|28/100
|-damage|p1a: Flinchinator|64/100|[from] item: Life Orb
|move|p2a: Tornadus|Hurricane|p1a: Flinchinator
|-supereffective|p1a: Flinchinator
|-crit|p1a: Flinchinator
|-damage|p1a: Flinchinator|0 fnt
|faint|p1a: Flinchinator
|
|-weather|RainDance|[upkeep]
|upkeep
|
|t:|1710775188
|switch|p1a: The Cross|Heracross, M|100/100
|-damage|p1a: The Cross|88/100|[from] Stealth Rock
|turn|9
|
|t:|1710775192
|switch|p2a: Jellicent|Jellicent, M, shiny|100/100
|move|p1a: The Cross|Megahorn|p2a: Jellicent
|-resisted|p2a: Jellicent
|-damage|p2a: Jellicent|64/100
|
|-weather|RainDance|[upkeep]
|upkeep
|turn|10
|
|t:|1710775197
|switch|p1a: Matchup Moth|Volcarona, F|100/100
|-damage|p1a: Matchup Moth|51/100|[from] Stealth Rock
|move|p2a: Jellicent|Surf|p1a: Matchup Moth
|-supereffective|p1a: Matchup Moth
|-damage|p1a: Matchup Moth|0 fnt
|faint|p1a: Matchup Moth
|
|-weather|RainDance|[upkeep]
|upkeep
|
|t:|1710775200
|switch|p1a: Minty Man|Latios, M, shiny|100/100
|-damage|p1a: Minty Man|88/100|[from] Stealth Rock
|turn|11
|
|t:|1710775208
|switch|p2a: Ferrothorn|Ferrothorn, M|100/100
|move|p1a: Minty Man|Trick|p2a: Ferrothorn
|-activate|p1a: Minty Man|move: Trick|[of] p2a: Ferrothorn
|-item|p2a: Ferrothorn|Choice Scarf|[from] move: Trick
|-item|p1a: Minty Man|Leftovers|[from] move: Trick
|
|-weather|RainDance|[upkeep]
|-heal|p1a: Minty Man|94/100|[from] item: Leftovers
|upkeep
|turn|12
|
|t:|1710775215
|switch|p1a: The Spoon Man|Alakazam, M|100/100
|move|p2a: Ferrothorn|Knock Off|p1a: The Spoon Man
|-supereffective|p1a: The Spoon Man
|-damage|p1a: The Spoon Man|79/100
|-enditem|p1a: The Spoon Man|Focus Sash|[from] move: Knock Off|[of] p2a: Ferrothorn
|
|-weather|RainDance|[upkeep]
|upkeep
|turn|13
|inactive|authentise_is_shit has 120 seconds left.
|inactive|authentise_is_shit has 90 seconds left.
|
|t:|1710775275
|switch|p2a: Excadrill|Excadrill, M|13/100
|-ability|p2a: Excadrill|Mold Breaker
|move|p1a: The Spoon Man|Psychic|p2a: Excadrill
|-resisted|p2a: Excadrill
|-damage|p2a: Excadrill|0 fnt
|faint|p2a: Excadrill
|
|-weather|RainDance|[upkeep]
|upkeep
|
|t:|1710775279
|switch|p2a: Ferrothorn|Ferrothorn, M|100/100
|turn|14
|
|t:|1710775282
|move|p1a: The Spoon Man|Focus Blast|p2a: Ferrothorn
|-supereffective|p2a: Ferrothorn
|-damage|p2a: Ferrothorn|40/100
|move|p2a: Ferrothorn|Power Whip|p1a: The Spoon Man
|-damage|p1a: The Spoon Man|0 fnt
|faint|p1a: The Spoon Man
|
|-weather|RainDance|[upkeep]
|upkeep
|
|t:|1710775294
|switch|p1a: The Cross|Heracross, M|88/100
|-damage|p1a: The Cross|76/100|[from] Stealth Rock
|turn|15
|
|t:|1710775297
|move|p1a: The Cross|Megahorn|p2a: Ferrothorn
|-damage|p2a: Ferrothorn|0 fnt
|-damage|p1a: The Cross|64/100|[from] ability: Iron Barbs|[of] p2a: Ferrothorn
|faint|p2a: Ferrothorn
|-ability|p1a: The Cross|Moxie|boost
|-boost|p1a: The Cross|atk|1
|
|-weather|RainDance|[upkeep]
|upkeep
|
|t:|1710775301
|switch|p2a: Jellicent|Jellicent, M, shiny|64/100
|turn|16
|
|t:|1710775305
|move|p1a: The Cross|Megahorn|p2a: Jellicent
|-resisted|p2a: Jellicent
|-damage|p2a: Jellicent|8/100
|move|p2a: Jellicent|Shadow Ball|p1a: The Cross
|-damage|p1a: The Cross|3/100
|
|-weather|RainDance|[upkeep]
|upkeep
|turn|17
|
|t:|1710775310
|move|p1a: The Cross|Megahorn|p2a: Jellicent
|-resisted|p2a: Jellicent
|-damage|p2a: Jellicent|0 fnt
|faint|p2a: Jellicent
|-ability|p1a: The Cross|Moxie|boost
|-boost|p1a: The Cross|atk|1
|
|-weather|RainDance|[upkeep]
|upkeep
|
|t:|1710775322
|switch|p2a: Tornadus|Tornadus, M|28/100
|turn|18
|
|t:|1710775326
|move|p1a: The Cross|Megahorn|p2a: Tornadus
|-resisted|p2a: Tornadus
|-damage|p2a: Tornadus|0 fnt
|faint|p2a: Tornadus
|-ability|p1a: The Cross|Moxie|boost
|-boost|p1a: The Cross|atk|1
|
|win|Profesor Turo
|raw|Profesor Turo's rating: 1362 &rarr; <strong>1384</strong><br />(+22 for winning)
|raw|authentise_is_shit's rating: 1396 &rarr; <strong>1374</strong><br />(-22 for losing)
|l|☆authentise_is_shit
|player|p2|
|c|☆Profesor Turo|Gg wp
