|j|☆mello ss
|j|☆wanglaomo
|t:|1744310303
|gametype|singles
|player|p1|mello ss|psychic-gen2|1487
|player|p2|wanglaomo|266|1376
|teamsize|p1|6
|teamsize|p2|6
|gen|5
|tier|[Gen 5] OU
|rated|
|rule|Species Clause: Limit one of each Pokémon
|rule|OHKO Clause: OHKO moves are banned
|rule|Moody Clause: Moody is banned
|rule|Evasion Items Clause: Evasion items are banned
|rule|Evasion Moves Clause: Evasion moves are banned
|rule|Endless Battle Clause: Forcing endless battles is banned
|rule|HP Percentage Mod: HP is shown in percentages
|rule|Evasion Abilities Clause: Evasion abilities are banned
|rule|Sleep Moves Clause: Sleep-inducing moves are banned
|rule|Swagger Clause: Swagger is banned
|rule|Baton Pass Stat Clause: No Baton Passer may have a way to boost its stats
|clearpoke
|poke|p1|Keldeo|item
|poke|p1|Jirachi|item
|poke|p1|Excadrill, F|item
|poke|p1|Dragonite, M|item
|poke|p1|Celebi|item
|poke|p1|Weavile, M|item
|poke|p2|Dragonite, F|item
|poke|p2|Garchomp, F|item
|poke|p2|Bronzong|item
|poke|p2|Reuniclus, M|item
|poke|p2|Lucario, M|item
|poke|p2|Conkeldurr, M|item
|teampreview
|inactive|Battle timer is ON: inactive players will automatically lose when time's up. (requested by wanglaomo)
|
|t:|1744310321
|start
|switch|p1a: Jirachi|Jirachi, shiny|100/100
|switch|p2a: Dragonite|Dragonite, F, shiny|100/100
|turn|1
|
|t:|1744310329
|move|p1a: Jirachi|Icy Wind|p2a: Dragonite
|-supereffective|p2a: Dragonite
|-damage|p2a: Dragonite|68/100
|-unboost|p2a: Dragonite|spe|1
|move|p2a: Dragonite|Superpower|p1a: Jirachi
|-damage|p1a: Jirachi|49/100
|-unboost|p2a: Dragonite|atk|1
|-unboost|p2a: Dragonite|def|1
|-damage|p2a: Dragonite|58/100|[from] item: Life Orb
|
|upkeep
|turn|2
|
|t:|1744310340
|switch|p2a: Bronzong|Bronzong, shiny|100/100
|move|p1a: Jirachi|Hidden Power|p2a: Bronzong
|-supereffective|p2a: Bronzong
|-enditem|p2a: Bronzong|Occa Berry|[eat]
|-enditem|p2a: Bronzong|Occa Berry|[weaken]
|-damage|p2a: Bronzong|89/100
|
|upkeep
|turn|3
|
|t:|1744310349
|move|p1a: Jirachi|Hidden Power|p2a: Bronzong
|-supereffective|p2a: Bronzong
|-damage|p2a: Bronzong|61/100
|move|p2a: Bronzong|Stealth Rock|p1a: Jirachi
|-sidestart|p1: mello ss|move: Stealth Rock
|
|upkeep
|turn|4
|
|t:|1744310356
|move|p1a: Jirachi|Icy Wind|p2a: Bronzong
|-resisted|p2a: Bronzong
|-crit|p2a: Bronzong
|-damage|p2a: Bronzong|51/100
|-unboost|p2a: Bronzong|spe|1
|move|p2a: Bronzong|Trick Room|p2a: Bronzong
|-fieldstart|move: Trick Room|[of] p2a: Bronzong
|
|upkeep
|turn|5
|
|t:|1744310365
|move|p2a: Bronzong|Explosion|p1a: Jirachi
|-resisted|p1a: Jirachi
|-damage|p1a: Jirachi|23/100
|faint|p2a: Bronzong
|move|p1a: Jirachi|Hidden Power|p2: Bronzong|[notarget]
|-fail|p1a: Jirachi
|
|upkeep
|
|t:|1744310376
|switch|p2a: Conkeldurr|Conkeldurr, M, shiny|100/100
|turn|6
|
|t:|1744310391
|move|p2a: Conkeldurr|Thunder Punch|p1a: Jirachi
|-damage|p1a: Jirachi|0 fnt
|faint|p1a: Jirachi
|
|upkeep
|
|t:|1744310397
|switch|p1a: Celebi|Celebi|100/100
|-damage|p1a: Celebi|88/100|[from] Stealth Rock
|turn|7
|
|t:|1744310402
|move|p2a: Conkeldurr|Ice Punch|p1a: Celebi
|-supereffective|p1a: Celebi
|-damage|p1a: Celebi|0 fnt
|faint|p1a: Celebi
|
|upkeep
|
|t:|1744310421
|switch|p1a: Weavile|Weavile, M, shiny|100/100
|-damage|p1a: Weavile|76/100|[from] Stealth Rock
|turn|8
|
|t:|1744310429
|move|p1a: Weavile|Ice Shard|p2a: Conkeldurr
|-damage|p2a: Conkeldurr|82/100
|move|p2a: Conkeldurr|Drain Punch|p1a: Weavile
|-supereffective|p1a: Weavile
|-damage|p1a: Weavile|0 fnt
|-heal|p2a: Conkeldurr|100/100|[from] drain|[of] p1a: Weavile
|faint|p1a: Weavile
|-damage|p2a: Conkeldurr|91/100|[from] item: Life Orb
|
|-fieldend|move: Trick Room
|upkeep
|
|t:|1744310436
|switch|p1a: Dragonite|Dragonite, M|100/100
|-damage|p1a: Dragonite|76/100|[from] Stealth Rock
|turn|9
|
|t:|1744310447
|switch|p2a: Reuniclus|Reuniclus, M, shiny|100/100
|move|p1a: Dragonite|Wing Attack|p2a: Reuniclus
|-damage|p2a: Reuniclus|46/100
|
|upkeep
|turn|10
|
|t:|1744310455
|move|p1a: Dragonite|Wing Attack|p2a: Reuniclus
|-damage|p2a: Reuniclus|0 fnt
|faint|p2a: Reuniclus
|
|upkeep
|
|t:|1744310463
|switch|p2a: Dragonite|Dragonite, F, shiny|58/100
|turn|11
|
|t:|1744310468
|move|p1a: Dragonite|Wing Attack|p2a: Dragonite
|-damage|p2a: Dragonite|5/100
|move|p2a: Dragonite|Draco Meteor|p1a: Dragonite
|-supereffective|p1a: Dragonite
|-damage|p1a: Dragonite|0 fnt
|-unboost|p2a: Dragonite|spa|2
|faint|p1a: Dragonite
|-damage|p2a: Dragonite|0 fnt|[from] item: Life Orb
|faint|p2a: Dragonite
|
|upkeep
|
|t:|1744310486
|switch|p1a: Keldeo|Keldeo|100/100
|switch|p2a: Conkeldurr|Conkeldurr, M, shiny|91/100
|-damage|p1a: Keldeo|94/100|[from] Stealth Rock
|turn|12
|
|t:|1744310492
|move|p1a: Keldeo|Surf|p2a: Conkeldurr
|-damage|p2a: Conkeldurr|33/100
|move|p2a: Conkeldurr|Thunder Punch|p1a: Keldeo
|-supereffective|p1a: Keldeo
|-damage|p1a: Keldeo|0 fnt
|faint|p1a: Keldeo
|
|upkeep
|
|t:|1744310496
|switch|p1a: Excadrill|Excadrill, F|100/100
|-damage|p1a: Excadrill|98/100|[from] Stealth Rock
|-ability|p1a: Excadrill|Mold Breaker
|turn|13
|
|t:|1744310505
|move|p2a: Conkeldurr|Mach Punch|p1a: Excadrill
|-supereffective|p1a: Excadrill
|-damage|p1a: Excadrill|15/100
|-damage|p2a: Conkeldurr|23/100|[from] item: Life Orb
|move|p1a: Excadrill|Earthquake|p2a: Conkeldurr
|-damage|p2a: Conkeldurr|0 fnt
|faint|p2a: Conkeldurr
|
|upkeep
|-message|mello ss forfeited.
|
|win|wanglaomo
|raw|mello ss's rating: 1487 &rarr; <strong>1461</strong><br />(-26 for losing)
|raw|wanglaomo's rating: 1376 &rarr; <strong>1402</strong><br />(+26 for winning)
|l|☆mello ss
|player|p1|
