|j|☆ddtdh
|j|☆baixiaohen
|t:|1744899408
|gametype|singles
|player|p1|ddtdh|lucas|1309
|player|p2|baixiaohen|n|1328
|teamsize|p1|6
|teamsize|p2|6
|gen|5
|tier|[Gen 5] OU
|rated|
|rule|Species Clause: Limit one of each Pokémon
|rule|OHKO Clause: OHKO moves are banned
|rule|Moody Clause: Moody is banned
|rule|Evasion Items Clause: Evasion items are banned
|rule|Evasion Moves Clause: Evasion moves are banned
|rule|Endless Battle Clause: Forcing endless battles is banned
|rule|HP Percentage Mod: HP is shown in percentages
|rule|Evasion Abilities Clause: Evasion abilities are banned
|rule|Sleep Moves Clause: Sleep-inducing moves are banned
|rule|Swagger Clause: Swagger is banned
|rule|Baton Pass Stat Clause: No Baton Passer may have a way to boost its stats
|clearpoke
|poke|p1|Politoed, M|item
|poke|p1|Keldeo-Resolute|item
|poke|p1|Jirachi|item
|poke|p1|Tentacruel, M|item
|poke|p1|Ferrothorn, M|item
|poke|p1|Thundurus-Therian, M|item
|poke|p2|Latios, M|item
|poke|p2|Jirachi|item
|poke|p2|Rotom-Wash|item
|poke|p2|Starmie|item
|poke|p2|Dragonite, M|item
|poke|p2|Mamoswine, M|item
|teampreview
|inactive|Battle timer is ON: inactive players will automatically lose when time's up. (requested by ddtdh)
|inactive|baixiaohen also wants the timer to be on.
|
|t:|1744899419
|start
|switch|p1a: Keldeo|Keldeo-Resolute|100/100
|switch|p2a: Rotom|Rotom-Wash|100/100
|turn|1
|
|t:|1744899428
|switch|p1a: Thundurus|Thundurus-Therian, M|100/100
|move|p2a: Rotom|Trick|p1a: Thundurus
|-activate|p2a: Rotom|move: Trick|[of] p1a: Thundurus
|-item|p1a: Thundurus|Choice Scarf|[from] move: Trick
|-item|p2a: Rotom|Leftovers|[from] move: Trick
|
|upkeep
|turn|2
|
|t:|1744899455
|switch|p1a: Keldeo|Keldeo-Resolute|100/100
|switch|p2a: Latios|Latios, M|100/100
|
|upkeep
|turn|3
|
|t:|1744899465
|switch|p1a: Jirachi|Jirachi|100/100
|move|p2a: Latios|Trick|p1a: Jirachi
|-activate|p2a: Latios|move: Trick|[of] p1a: Jirachi
|-item|p1a: Jirachi|Choice Scarf|[from] move: Trick
|-item|p2a: Latios|Choice Scarf|[from] move: Trick
|
|upkeep
|turn|4
|inactive|baixiaohen has 120 seconds left.
|
|t:|1744899490
|switch|p2a: Dragonite|Dragonite, M|100/100
|move|p1a: Jirachi|U-turn|p2a: Dragonite
|-resisted|p2a: Dragonite
|-damage|p2a: Dragonite|94/100
|
|t:|1744899497
|switch|p1a: Politoed|Politoed, M|100/100|[from] U-turn
|-weather|RainDance|[from] ability: Drizzle|[of] p1a: Politoed
|
|-weather|RainDance|[upkeep]
|-heal|p2a: Dragonite|100/100|[from] item: Leftovers
|upkeep
|turn|5
|inactive|baixiaohen has 120 seconds left.
|
|t:|1744899528
|switch|p2a: Starmie|Starmie|100/100
|move|p1a: Politoed|Scald|p2a: Starmie
|-resisted|p2a: Starmie
|-damage|p2a: Starmie|73/100
|
|-weather|RainDance|[upkeep]
|upkeep
|turn|6
|
|t:|1744899536
|move|p1a: Politoed|Protect|p1a: Politoed
|-singleturn|p1a: Politoed|Protect
|move|p2a: Starmie|Thunderbolt|p1a: Politoed
|-activate|p1a: Politoed|move: Protect
|
|-weather|RainDance|[upkeep]
|upkeep
|turn|7
|
|t:|1744899554
|switch|p1a: Ferrothorn|Ferrothorn, M|100/100
|move|p2a: Starmie|Thunderbolt|p1a: Ferrothorn
|-resisted|p1a: Ferrothorn
|-damage|p1a: Ferrothorn|85/100
|-damage|p2a: Starmie|63/100|[from] item: Life Orb
|
|-weather|RainDance|[upkeep]
|upkeep
|turn|8
|inactive|baixiaohen has 90 seconds left.
|
|t:|1744899569
|switch|p2a: Jirachi|Jirachi|100/100
|move|p1a: Ferrothorn|Stealth Rock|p2a: Jirachi
|-sidestart|p2: baixiaohen|move: Stealth Rock
|
|-weather|RainDance|[upkeep]
|upkeep
|turn|9
|
|t:|1744899576
|switch|p1a: Tentacruel|Tentacruel, M|100/100
|move|p2a: Jirachi|Stealth Rock|p1a: Tentacruel
|-sidestart|p1: ddtdh|move: Stealth Rock
|
|-weather|RainDance|[upkeep]
|upkeep
|turn|10
|
|t:|1744899582
|move|p1a: Tentacruel|Substitute|p1a: Tentacruel
|-start|p1a: Tentacruel|Substitute
|-damage|p1a: Tentacruel|75/100
|move|p2a: Jirachi|Body Slam|p1a: Tentacruel
|-activate|p1a: Tentacruel|Substitute|[damage]
|
|-weather|RainDance|[upkeep]
|-heal|p1a: Tentacruel|82/100|[from] ability: Rain Dish
|-heal|p1a: Tentacruel|88/100|[from] item: Black Sludge
|upkeep
|turn|11
|
|t:|1744899598
|move|p1a: Tentacruel|Rapid Spin|p2a: Jirachi
|-resisted|p2a: Jirachi
|-damage|p2a: Jirachi|99/100
|-sideend|p1: ddtdh|Stealth Rock|[from] move: Rapid Spin|[of] p1a: Tentacruel
|move|p2a: Jirachi|U-turn|p1a: Tentacruel
|-resisted|p1a: Tentacruel
|-end|p1a: Tentacruel|Substitute
|
|t:|1744899608
|switch|p2a: Starmie|Starmie|63/100|[from] U-turn
|-damage|p2a: Starmie|51/100|[from] Stealth Rock
|
|-weather|RainDance|[upkeep]
|-heal|p1a: Tentacruel|94/100|[from] ability: Rain Dish
|-heal|p1a: Tentacruel|99/100|[from] item: Black Sludge
|upkeep
|turn|12
|
|t:|1744899615
|switch|p1a: Ferrothorn|Ferrothorn, M|85/100
|move|p2a: Starmie|Thunderbolt|p1a: Ferrothorn
|-resisted|p1a: Ferrothorn
|-damage|p1a: Ferrothorn|71/100
|-damage|p2a: Starmie|41/100|[from] item: Life Orb
|
|-weather|RainDance|[upkeep]
|upkeep
|turn|13
|inactive|baixiaohen has 120 seconds left.
|
|t:|1744899626
|move|p2a: Starmie|Rapid Spin|p1a: Ferrothorn
|-resisted|p1a: Ferrothorn
|-damage|p1a: Ferrothorn|70/100
|-damage|p2a: Starmie|28/100|[from] ability: Iron Barbs|[of] p1a: Ferrothorn
|-sideend|p2: baixiaohen|Stealth Rock|[from] move: Rapid Spin|[of] p2a: Starmie
|-damage|p2a: Starmie|19/100|[from] item: Life Orb
|move|p1a: Ferrothorn|Spikes|p2a: Starmie
|-sidestart|p2: baixiaohen|Spikes
|
|-weather|RainDance|[upkeep]
|upkeep
|turn|14
|
|t:|1744899632
|move|p2a: Starmie|Surf|p1a: Ferrothorn
|-resisted|p1a: Ferrothorn
|-damage|p1a: Ferrothorn|40/100
|-damage|p2a: Starmie|9/100|[from] item: Life Orb
|move|p1a: Ferrothorn|Stealth Rock|p2a: Starmie
|-sidestart|p2: baixiaohen|move: Stealth Rock
|
|-weather|RainDance|[upkeep]
|upkeep
|turn|15
|
|t:|1744899639
|move|p2a: Starmie|Surf|p1a: Ferrothorn
|-resisted|p1a: Ferrothorn
|-damage|p1a: Ferrothorn|6/100
|-damage|p2a: Starmie|0 fnt|[from] item: Life Orb
|faint|p2a: Starmie
|move|p1a: Ferrothorn|Spikes|p2: Starmie
|-sidestart|p2: baixiaohen|Spikes
|
|-weather|RainDance|[upkeep]
|upkeep
|
|t:|1744899648
|switch|p2a: Dragonite|Dragonite, M|100/100
|-damage|p2a: Dragonite|75/100|[from] Stealth Rock
|turn|16
|
|t:|1744899656
|move|p2a: Dragonite|Dragon Dance|p2a: Dragonite
|-boost|p2a: Dragonite|atk|1
|-boost|p2a: Dragonite|spe|1
|move|p1a: Ferrothorn|Explosion|p2a: Dragonite
|-damage|p2a: Dragonite|0 fnt
|faint|p1a: Ferrothorn
|faint|p2a: Dragonite
|
|-weather|RainDance|[upkeep]
|upkeep
|
|t:|1744899674
|switch|p2a: Rotom|Rotom-Wash|100/100
|switch|p1a: Jirachi|Jirachi|100/100
|-damage|p2a: Rotom|88/100|[from] Stealth Rock
|turn|17
|
|t:|1744899682
|move|p1a: Jirachi|U-turn|p2a: Rotom
|-damage|p2a: Rotom|70/100
|
|t:|1744899683
|switch|p1a: Tentacruel|Tentacruel, M|99/100|[from] U-turn
|move|p2a: Rotom|Volt Switch|p1a: Tentacruel
|-supereffective|p1a: Tentacruel
|-damage|p1a: Tentacruel|60/100
|-message|baixiaohen forfeited.
|
|win|ddtdh
|raw|ddtdh's rating: 1309 &rarr; <strong>1330</strong><br />(+21 for winning)
|raw|baixiaohen's rating: 1328 &rarr; <strong>1307</strong><br />(-21 for losing)
|l|☆baixiaohen
|player|p2|
