|j|☆jkhkjhkhj
|j|☆rabian
|t:|1720217260
|gametype|singles
|player|p1|jkhkjhkhj|169|1315
|player|p2|rabian|iris-gen5bw2|1344
|teamsize|p1|6
|teamsize|p2|6
|gen|5
|tier|[Gen 5] OU
|rated|
|rule|Species Clause: Limit one of each Pokémon
|rule|OHKO Clause: OHKO moves are banned
|rule|Moody Clause: Moody is banned
|rule|Evasion Items Clause: Evasion items are banned
|rule|Evasion Moves Clause: Evasion moves are banned
|rule|Endless Battle Clause: Forcing endless battles is banned
|rule|HP Percentage Mod: HP is shown in percentages
|rule|Evasion Abilities Clause: Evasion abilities are banned
|rule|Sleep Moves Clause: Sleep-inducing moves are banned
|rule|Swagger Clause: Swagger is banned
|rule|Baton Pass Stat Clause: No Baton Passer may have a way to boost its stats
|clearpoke
|poke|p1|Abomasnow, F|item
|poke|p1|Jirachi|item
|poke|p1|Vanilluxe, M|item
|poke|p1|Latios, M|item
|poke|p1|Garchomp, F|item
|poke|p1|Kyurem-Black|item
|poke|p2|Jolteon, M|item
|poke|p2|Ferrothorn, F|item
|poke|p2|Politoed, M|item
|poke|p2|Gyarados, M|item
|poke|p2|Toxicroak, M|item
|poke|p2|Tentacruel, F|item
|teampreview
|c|☆rabian|glhf!
|
|t:|1720217292
|start
|switch|p1a: Obamasnow|Abomasnow, F|100/100
|switch|p2a: Squid|Tentacruel, F|100/100
|-weather|Hail|[from] ability: Snow Warning|[of] p1a: Obamasnow
|turn|1
|c|☆rabian|ice ice baby
|
|t:|1720217317
|switch|p1a: DQ|Vanilluxe, M|100/100
|move|p2a: Squid|Toxic|p1a: DQ
|-status|p1a: DQ|tox
|
|-weather|Hail|[upkeep]
|-damage|p2a: Squid|95/100|[from] Hail
|-heal|p2a: Squid|100/100|[from] item: Black Sludge
|-damage|p1a: DQ|94/100 tox|[from] psn
|upkeep
|turn|2
|
|t:|1720217323
|switch|p2a: Weather Setter|Politoed, M|100/100
|-weather|RainDance|[from] ability: Drizzle|[of] p2a: Weather Setter
|move|p1a: DQ|Hidden Power|p2a: Weather Setter
|-crit|p2a: Weather Setter
|-damage|p2a: Weather Setter|61/100
|
|-weather|RainDance|[upkeep]
|-heal|p2a: Weather Setter|67/100|[from] item: Leftovers
|-damage|p1a: DQ|82/100 tox|[from] psn
|upkeep
|turn|3
|
|t:|1720217336
|switch|p1a: Obamasnow|Abomasnow, F|100/100
|-weather|Hail|[from] ability: Snow Warning|[of] p1a: Obamasnow
|switch|p2a: Squid|Tentacruel, F|100/100
|
|-weather|Hail|[upkeep]
|-damage|p2a: Squid|95/100|[from] Hail
|-heal|p2a: Squid|100/100|[from] item: Black Sludge
|upkeep
|turn|4
|
|t:|1720217354
|switch|p1a: Wishmaker|Jirachi|100/100
|move|p2a: Squid|Scald|p1a: Wishmaker
|-damage|p1a: Wishmaker|85/100
|-status|p1a: Wishmaker|brn
|
|-weather|Hail|[upkeep]
|-damage|p1a: Wishmaker|78/100 brn|[from] Hail
|-damage|p2a: Squid|95/100|[from] Hail
|-heal|p2a: Squid|100/100|[from] item: Black Sludge
|-damage|p1a: Wishmaker|66/100 brn|[from] brn
|upkeep
|turn|5
|
|t:|1720217364
|switch|p2a: Look at this boi|Jolteon, M|100/100
|move|p1a: Wishmaker|Stealth Rock|p2a: Look at this boi
|-sidestart|p2: rabian|move: Stealth Rock
|
|-weather|Hail|[upkeep]
|-damage|p2a: Look at this boi|94/100|[from] Hail
|-damage|p1a: Wishmaker|60/100 brn|[from] Hail
|-damage|p1a: Wishmaker|48/100 brn|[from] brn
|upkeep
|-enditem|p1a: Wishmaker|Sitrus Berry|[eat]
|-heal|p1a: Wishmaker|73/100 brn|[from] item: Sitrus Berry
|turn|6
|
|t:|1720217368
|move|p2a: Look at this boi|Volt Switch|p1a: Wishmaker
|-damage|p1a: Wishmaker|49/100 brn
|
|t:|1720217371
|switch|p2a: Squid|Tentacruel, F|100/100|[from] Volt Switch
|-damage|p2a: Squid|88/100|[from] Stealth Rock
|move|p1a: Wishmaker|U-turn|p2a: Squid
|-resisted|p2a: Squid
|-damage|p2a: Squid|84/100
|
|t:|1720217377
|switch|p1a: Kyurem-African|Kyurem-Black|100/100|[from] U-turn
|-ability|p1a: Kyurem-African|Teravolt
|
|-weather|Hail|[upkeep]
|-damage|p2a: Squid|78/100|[from] Hail
|-heal|p2a: Squid|84/100|[from] item: Black Sludge
|upkeep
|turn|7
|c|☆rabian|dude
|c|☆rabian|really
|
|t:|1720217392
|move|p1a: Kyurem-African|Fusion Bolt|p2a: Squid
|-supereffective|p2a: Squid
|-damage|p2a: Squid|0 fnt
|faint|p2a: Squid
|
|-weather|Hail|[upkeep]
|upkeep
|
|t:|1720217395
|switch|p2a: Wall|Ferrothorn, F|100/100
|-damage|p2a: Wall|94/100|[from] Stealth Rock
|turn|8
|
|t:|1720217404
|switch|p1a: Obamasnow|Abomasnow, F|100/100
|move|p2a: Wall|Stealth Rock|p1a: Obamasnow
|-sidestart|p1: jkhkjhkhj|move: Stealth Rock
|
|-weather|Hail|[upkeep]
|-damage|p2a: Wall|88/100|[from] Hail
|-heal|p2a: Wall|94/100|[from] item: Leftovers
|upkeep
|turn|9
|
|t:|1720217407
|switch|p2a: Weather Setter|Politoed, M|67/100
|-damage|p2a: Weather Setter|55/100|[from] Stealth Rock
|-weather|RainDance|[from] ability: Drizzle|[of] p2a: Weather Setter
|move|p1a: Obamasnow|Hidden Power|p2a: Weather Setter
|-resisted|p2a: Weather Setter
|-damage|p2a: Weather Setter|51/100
|
|-weather|RainDance|[upkeep]
|-heal|p2a: Weather Setter|57/100|[from] item: Leftovers
|upkeep
|turn|10
|
|t:|1720217413
|move|p2a: Weather Setter|Protect|p2a: Weather Setter
|-singleturn|p2a: Weather Setter|Protect
|move|p1a: Obamasnow|Wood Hammer|p2a: Weather Setter
|-activate|p2a: Weather Setter|move: Protect
|
|-weather|RainDance|[upkeep]
|-heal|p2a: Weather Setter|64/100|[from] item: Leftovers
|upkeep
|turn|11
|
|t:|1720217418
|switch|p2a: Wall|Ferrothorn, F|94/100
|-damage|p2a: Wall|88/100|[from] Stealth Rock
|move|p1a: Obamasnow|Wood Hammer|p2a: Wall
|-resisted|p2a: Wall
|-damage|p2a: Wall|81/100
|-damage|p1a: Obamasnow|88/100|[from] ability: Iron Barbs|[of] p2a: Wall
|-damage|p1a: Obamasnow|86/100|[from] Recoil
|
|-weather|RainDance|[upkeep]
|-heal|p2a: Wall|87/100|[from] item: Leftovers
|upkeep
|turn|12
|
|t:|1720217427
|switch|p1a: Wishmaker|Jirachi|49/100 brn
|-damage|p1a: Wishmaker|43/100 brn|[from] Stealth Rock
|move|p2a: Wall|Gyro Ball|p1a: Wishmaker
|-resisted|p1a: Wishmaker
|-damage|p1a: Wishmaker|24/100 brn
|
|-weather|RainDance|[upkeep]
|-heal|p2a: Wall|94/100|[from] item: Leftovers
|-damage|p1a: Wishmaker|12/100 brn|[from] brn
|upkeep
|turn|13
|
|t:|1720217437
|move|p1a: Wishmaker|Fire Punch|p2a: Wall
|-supereffective|p2a: Wall
|-damage|p2a: Wall|83/100
|-damage|p1a: Wishmaker|0 fnt|[from] ability: Iron Barbs|[of] p2a: Wall
|faint|p1a: Wishmaker
|move|p2a: Wall|Leech Seed|p1: Wishmaker|[notarget]
|-fail|p2a: Wall
|
|-weather|RainDance|[upkeep]
|-heal|p2a: Wall|89/100|[from] item: Leftovers
|upkeep
|
|t:|1720217446
|switch|p1a: Obamasnow|Abomasnow, F|86/100
|-damage|p1a: Obamasnow|61/100|[from] Stealth Rock
|-weather|Hail|[from] ability: Snow Warning|[of] p1a: Obamasnow
|turn|14
|
|t:|1720217450
|switch|p2a: Just A Magikarp|Gyarados, M, shiny|100/100
|-damage|p2a: Just A Magikarp|76/100|[from] Stealth Rock
|-ability|p2a: Just A Magikarp|Intimidate|boost
|-unboost|p1a: Obamasnow|atk|1
|move|p1a: Obamasnow|Hidden Power|p2a: Just A Magikarp
|-resisted|p2a: Just A Magikarp
|-damage|p2a: Just A Magikarp|66/100
|
|-weather|Hail|[upkeep]
|-damage|p2a: Just A Magikarp|60/100|[from] Hail
|-heal|p2a: Just A Magikarp|66/100|[from] item: Leftovers
|upkeep
|turn|15
|
|t:|1720217460
|switch|p1a: Cynthia|Garchomp, F|100/100
|-damage|p1a: Cynthia|94/100|[from] Stealth Rock
|move|p2a: Just A Magikarp|Waterfall|p1a: Cynthia
|-damage|p1a: Cynthia|60/100
|-damage|p2a: Just A Magikarp|53/100|[from] ability: Rough Skin|[of] p1a: Cynthia
|
|-weather|Hail|[upkeep]
|-damage|p1a: Cynthia|54/100|[from] Hail
|-damage|p2a: Just A Magikarp|47/100|[from] Hail
|-heal|p2a: Just A Magikarp|53/100|[from] item: Leftovers
|upkeep
|turn|16
|
|t:|1720217469
|switch|p2a: Wall|Ferrothorn, F|89/100
|-damage|p2a: Wall|83/100|[from] Stealth Rock
|move|p1a: Cynthia|Rock Slide|p2a: Wall|[miss]
|-miss|p1a: Cynthia|p2a: Wall
|
|-weather|Hail|[upkeep]
|-damage|p1a: Cynthia|48/100|[from] Hail
|-damage|p2a: Wall|76/100|[from] Hail
|-heal|p2a: Wall|83/100|[from] item: Leftovers
|upkeep
|turn|17
|
|t:|1720217475
|switch|p1a: Obamasnow|Abomasnow, F|61/100
|-damage|p1a: Obamasnow|36/100|[from] Stealth Rock
|move|p2a: Wall|Gyro Ball|p1a: Obamasnow
|-supereffective|p1a: Obamasnow
|-damage|p1a: Obamasnow|0 fnt
|faint|p1a: Obamasnow
|
|-weather|Hail|[upkeep]
|-damage|p2a: Wall|76/100|[from] Hail
|-heal|p2a: Wall|83/100|[from] item: Leftovers
|upkeep
|
|t:|1720217479
|switch|p1a: Latino|Latios, M|100/100
|-damage|p1a: Latino|88/100|[from] Stealth Rock
|turn|18
|
|t:|1720217481
|move|p1a: Latino|Hidden Power|p2a: Wall
|-supereffective|p2a: Wall
|-damage|p2a: Wall|0 fnt
|faint|p2a: Wall
|
|-weather|Hail|[upkeep]
|-damage|p1a: Latino|82/100|[from] Hail
|upkeep
|
|t:|1720217485
|switch|p2a: Weather Setter|Politoed, M|64/100
|-damage|p2a: Weather Setter|51/100|[from] Stealth Rock
|-weather|RainDance|[from] ability: Drizzle|[of] p2a: Weather Setter
|turn|19
|
|t:|1720217492
|move|p1a: Latino|Roost|p1a: Latino
|-heal|p1a: Latino|100/100
|-singleturn|p1a: Latino|move: Roost
|move|p2a: Weather Setter|Toxic|p1a: Latino
|-status|p1a: Latino|tox
|
|-weather|RainDance|[upkeep]
|-heal|p2a: Weather Setter|57/100|[from] item: Leftovers
|-damage|p1a: Latino|94/100 tox|[from] psn
|upkeep
|turn|20
|
|t:|1720217500
|switch|p1a: Kyurem-African|Kyurem-Black|100/100
|-damage|p1a: Kyurem-African|76/100|[from] Stealth Rock
|-ability|p1a: Kyurem-African|Teravolt
|move|p2a: Weather Setter|Protect||[still]
|-fail|p2a: Weather Setter
|
|-weather|RainDance|[upkeep]
|-heal|p2a: Weather Setter|64/100|[from] item: Leftovers
|upkeep
|turn|21
|
|t:|1720217506
|move|p1a: Kyurem-African|Substitute|p1a: Kyurem-African
|-start|p1a: Kyurem-African|Substitute
|-damage|p1a: Kyurem-African|51/100
|move|p2a: Weather Setter|Toxic||[still]
|-fail|p2a: Weather Setter
|
|-weather|RainDance|[upkeep]
|-heal|p2a: Weather Setter|70/100|[from] item: Leftovers
|upkeep
|turn|22
|
|t:|1720217512
|move|p1a: Kyurem-African|Fusion Bolt|p2a: Weather Setter
|-supereffective|p2a: Weather Setter
|-damage|p2a: Weather Setter|0 fnt
|faint|p2a: Weather Setter
|
|-weather|RainDance|[upkeep]
|upkeep
|
|t:|1720217515
|switch|p2a: Look at this boi|Jolteon, M|94/100
|-damage|p2a: Look at this boi|82/100|[from] Stealth Rock
|turn|23
|
|t:|1720217519
|move|p2a: Look at this boi|Volt Switch|p1a: Kyurem-African
|-resisted|p1a: Kyurem-African
|-activate|p1a: Kyurem-African|Substitute|[damage]
|
|t:|1720217523
|switch|p2a: Just A Magikarp|Gyarados, M, shiny|53/100|[from] Volt Switch
|-damage|p2a: Just A Magikarp|29/100|[from] Stealth Rock
|-ability|p2a: Just A Magikarp|Intimidate|boost
|-immune|p1a: Kyurem-African
|move|p1a: Kyurem-African|Freeze Shock||[still]
|-prepare|p1a: Kyurem-African|Freeze Shock
|-enditem|p1a: Kyurem-African|Power Herb
|-anim|p1a: Kyurem-African|Freeze Shock|p2a: Just A Magikarp
|-damage|p2a: Just A Magikarp|0 fnt
|faint|p2a: Just A Magikarp
|
|-weather|RainDance|[upkeep]
|upkeep
|
|t:|1720217525
|switch|p2a: Trans Flag|Toxicroak, M, shiny|100/100
|-damage|p2a: Trans Flag|94/100|[from] Stealth Rock
|turn|24
|inactive|Battle timer is ON: inactive players will automatically lose when time's up. (requested by rabian)
|
|t:|1720217556
|move|p2a: Trans Flag|Drain Punch|p1a: Kyurem-African
|-supereffective|p1a: Kyurem-African
|-end|p1a: Kyurem-African|Substitute
|-heal|p2a: Trans Flag|100/100|[from] drain|[of] p1a: Kyurem-African
|move|p1a: Kyurem-African|Outrage|p2a: Trans Flag
|-enditem|p2a: Trans Flag|Focus Sash
|-damage|p2a: Trans Flag|1/100
|
|-weather|RainDance|[upkeep]
|-heal|p2a: Trans Flag|13/100|[from] ability: Dry Skin
|upkeep
|turn|25
|
|t:|1720217583
|move|p2a: Trans Flag|Drain Punch|p1a: Kyurem-African
|-supereffective|p1a: Kyurem-African
|-damage|p1a: Kyurem-African|0 fnt
|-heal|p2a: Trans Flag|46/100|[from] drain|[of] p1a: Kyurem-African
|faint|p1a: Kyurem-African
|
|-weather|RainDance|[upkeep]
|-heal|p2a: Trans Flag|59/100|[from] ability: Dry Skin
|upkeep
|
|t:|1720217590
|switch|p1a: Cynthia|Garchomp, F|48/100
|-damage|p1a: Cynthia|41/100|[from] Stealth Rock
|turn|26
|
|t:|1720217610
|move|p2a: Trans Flag|Sucker Punch|p1a: Cynthia
|-damage|p1a: Cynthia|14/100
|-damage|p2a: Trans Flag|46/100|[from] ability: Rough Skin|[of] p1a: Cynthia
|move|p1a: Cynthia|Earthquake|p2a: Trans Flag
|-supereffective|p2a: Trans Flag
|-damage|p2a: Trans Flag|0 fnt
|faint|p2a: Trans Flag
|
|-weather|RainDance|[upkeep]
|upkeep
|
|t:|1720217615
|switch|p2a: Look at this boi|Jolteon, M|82/100
|-damage|p2a: Look at this boi|69/100|[from] Stealth Rock
|turn|27
|
|t:|1720217620
|move|p2a: Look at this boi|Hidden Power|p1a: Cynthia
|-supereffective|p1a: Cynthia
|-damage|p1a: Cynthia|0 fnt
|faint|p1a: Cynthia
|
|-weather|RainDance|[upkeep]
|upkeep
|
|t:|1720217625
|switch|p1a: DQ|Vanilluxe, M|82/100 tox
|-damage|p1a: DQ|57/100 tox|[from] Stealth Rock
|turn|28
|
|t:|1720217627
|move|p2a: Look at this boi|Hidden Power|p1a: DQ
|-resisted|p1a: DQ
|-damage|p1a: DQ|44/100 tox
|move|p1a: DQ|Hidden Power|p2a: Look at this boi
|-supereffective|p2a: Look at this boi
|-damage|p2a: Look at this boi|0 fnt
|faint|p2a: Look at this boi
|
|win|jkhkjhkhj
|raw|jkhkjhkhj's rating: 1315 &rarr; <strong>1337</strong><br />(+22 for winning)
|raw|rabian's rating: 1344 &rarr; <strong>1322</strong><br />(-22 for losing)
|c|☆rabian|gg
