|j|☆Pilif
|j|☆Shirakaba
|player|p1|Pilif|101
|player|p2|Shirakaba|9
|teamsize|p1|6
|teamsize|p2|6
|gametype|singles
|gen|5
|tier|[Gen 5] OU
|rated|
|rule|Sleep Clause Mod: Limit one foe put to sleep
|rule|Species Clause: Limit one of each Pokémon
|rule|OHKO Clause: OHKO moves are banned
|rule|Moody Clause: Moody is banned
|rule|Evasion Moves Clause: Evasion moves are banned
|rule|Endless Battle Clause: Forcing endless battles is banned
|rule|HP Percentage Mod: HP is shown in percentages
|rule|Evasion Abilities Clause: Evasion abilities are banned
|rule|Baton Pass Clause: Limit one Baton Passer, can't pass Spe and other stats simultaneously
|rule|Swagger Clause: Swagger is banned
|clearpoke
|poke|p1|Hippowdon, F|item
|poke|p1|Umbreon, M|item
|poke|p1|Forretress, M|item
|poke|p1|Toxicroak, M|item
|poke|p1|Infernape, M|item
|poke|p1|Hydreigon, M|item
|poke|p2|Jirachi|item
|poke|p2|Dragonite, M|item
|poke|p2|Salamence, F|item
|poke|p2|Excadrill, M|item
|poke|p2|Breloom, M|item
|poke|p2|Tornadus, M|item
|teampreview
|inactive|Battle timer is ON: inactive players will automatically lose when time's up. (requested by Shirakaba)
|inactive|Pilif has 135 seconds left.
|
|start
|switch|p1a: Toxicroak|Toxicroak, M|100/100
|switch|p2a: Breloom|Breloom, M|100/100
|turn|1
|
|move|p1a: Toxicroak|Substitute|p1a: Toxicroak
|-start|p1a: Toxicroak|Substitute
|-damage|p1a: Toxicroak|75/100
|move|p2a: Breloom|Spore|p1a: Toxicroak
|-fail|p1a: Toxicroak
|
|-heal|p1a: Toxicroak|82/100|[from] item: Black Sludge
|upkeep
|turn|2
|
|switch|p2a: Jirachi|Jirachi|100/100
|move|p1a: Toxicroak|Swords Dance|p1a: Toxicroak
|-boost|p1a: Toxicroak|atk|2
|
|-heal|p1a: Toxicroak|88/100|[from] item: Black Sludge
|upkeep
|turn|3
|
|move|p1a: Toxicroak|Drain Punch|p2a: Jirachi
|-damage|p2a: Jirachi|35/100
|-heal|p1a: Toxicroak|100/100|[from] drain|[of] p2a: Jirachi
|move|p2a: Jirachi|Hidden Power|p1a: Toxicroak
|-end|p1a: Toxicroak|Substitute
|
|upkeep
|turn|4
|
|move|p1a: Toxicroak|Substitute|p1a: Toxicroak
|-start|p1a: Toxicroak|Substitute
|-damage|p1a: Toxicroak|75/100
|move|p2a: Jirachi|Hidden Power|p1a: Toxicroak
|-end|p1a: Toxicroak|Substitute
|
|-heal|p1a: Toxicroak|82/100|[from] item: Black Sludge
|upkeep
|turn|5
|
|move|p1a: Toxicroak|Drain Punch|p2a: Jirachi
|-damage|p2a: Jirachi|0
|-heal|p1a: Toxicroak|100/100|[from] drain|[of] p2a: Jirachi
|faint|p2a: Jirachi
|
|upkeep
|
|switch|p2a: Dragonite|Dragonite, M|100/100
|turn|6
|inactive|Pilif has 135 seconds left.
|j| ChildCatcher_9000
|inactive|Pilif has 120 seconds left.
|inactive|Pilif has 105 seconds left.
|
|move|p1a: Toxicroak|Substitute|p1a: Toxicroak
|-start|p1a: Toxicroak|Substitute
|-damage|p1a: Toxicroak|75/100
|move|p2a: Dragonite|Fire Blast|p1a: Toxicroak
|-end|p1a: Toxicroak|Substitute
|
|-heal|p1a: Toxicroak|82/100|[from] item: Black Sludge
|upkeep
|turn|7
|inactive|Pilif has 135 seconds left.
|
|move|p2a: Dragonite|Extreme Speed|p1a: Toxicroak
|-damage|p1a: Toxicroak|34/100
|move|p1a: Toxicroak|Substitute|p1a: Toxicroak
|-start|p1a: Toxicroak|Substitute
|-damage|p1a: Toxicroak|9/100
|
|-heal|p1a: Toxicroak|15/100|[from] item: Black Sludge
|upkeep
|turn|8
|
|move|p2a: Dragonite|Extreme Speed|p1a: Toxicroak
|-end|p1a: Toxicroak|Substitute
|move|p1a: Toxicroak|Ice Punch|p2a: Dragonite
|-supereffective|p2a: Dragonite
|-damage|p2a: Dragonite|0
|faint|p2a: Dragonite
|
|-heal|p1a: Toxicroak|21/100|[from] item: Black Sludge
|upkeep
|inactive|Shirakaba has 135 seconds left.
|
|switch|p2a: Salamence|Salamence, F|100/100
|turn|9
|
|switch|p1a: Hippowdon|Hippowdon, F|100/100
|-weather|Sandstorm|[from] ability: Sand Stream|[of] p1a: Hippowdon
|move|p2a: Salamence|Outrage|p1a: Hippowdon
|-damage|p1a: Hippowdon|67/100
|
|-weather|Sandstorm|[upkeep]
|-damage|p2a: Salamence|94/100|[from] Sandstorm
|-heal|p1a: Hippowdon|73/100|[from] item: Leftovers
|upkeep
|turn|10
|inactive|Pilif has 135 seconds left.
|
|move|p2a: Salamence|Outrage|p1a: Hippowdon|[from]lockedmove
|-damage|p1a: Hippowdon|36/100
|-start|p2a: Salamence|confusion|[fatigue]
|move|p1a: Hippowdon|Stealth Rock|p2a: Salamence
|-sidestart|p2: Shirakaba|move: Stealth Rock
|
|-weather|Sandstorm|[upkeep]
|-damage|p2a: Salamence|88/100|[from] Sandstorm
|-heal|p1a: Hippowdon|42/100|[from] item: Leftovers
|upkeep
|turn|11
|
|-activate|p2a: Salamence|confusion
|move|p2a: Salamence|Outrage|p1a: Hippowdon
|-damage|p1a: Hippowdon|7/100
|move|p1a: Hippowdon|Slack Off|p1a: Hippowdon
|-heal|p1a: Hippowdon|57/100
|
|-weather|Sandstorm|[upkeep]
|-damage|p2a: Salamence|82/100|[from] Sandstorm
|-heal|p1a: Hippowdon|63/100|[from] item: Leftovers
|upkeep
|turn|12
|
|-end|p2a: Salamence|confusion
|move|p2a: Salamence|Outrage|p1a: Hippowdon|[from]lockedmove
|-damage|p1a: Hippowdon|30/100
|move|p1a: Hippowdon|Slack Off|p1a: Hippowdon
|-heal|p1a: Hippowdon|80/100
|
|-weather|Sandstorm|[upkeep]
|-damage|p2a: Salamence|76/100|[from] Sandstorm
|-heal|p1a: Hippowdon|86/100|[from] item: Leftovers
|upkeep
|turn|13
|
|move|p2a: Salamence|Outrage|p1a: Hippowdon|[from]lockedmove
|-damage|p1a: Hippowdon|53/100
|-start|p2a: Salamence|confusion|[fatigue]
|move|p1a: Hippowdon|Slack Off|p1a: Hippowdon
|-heal|p1a: Hippowdon|100/100
|
|-weather|Sandstorm|[upkeep]
|-damage|p2a: Salamence|70/100|[from] Sandstorm
|upkeep
|turn|14
|inactive|Pilif has 135 seconds left.
|
|switch|p2a: Breloom|Breloom, M|100/100
|-damage|p2a: Breloom|94/100|[from] Stealth Rock
|move|p1a: Hippowdon|Roar|p2a: Breloom
|drag|p2a: Tornadus|Tornadus, M|100/100
|-damage|p2a: Tornadus|76/100|[from] Stealth Rock
|
|-weather|Sandstorm|[upkeep]
|-damage|p2a: Tornadus|70/100|[from] Sandstorm
|upkeep
|turn|15
|
|switch|p1a: Umbreon|Umbreon, M|100/100
|move|p2a: Tornadus|Icy Wind|p1a: Umbreon
|-damage|p1a: Umbreon|88/100
|-unboost|p1a: Umbreon|spe|1
|-damage|p2a: Tornadus|60/100|[from] item: Life Orb
|
|-weather|Sandstorm|[upkeep]
|-damage|p2a: Tornadus|54/100|[from] Sandstorm
|-damage|p1a: Umbreon|81/100|[from] Sandstorm
|-heal|p1a: Umbreon|88/100|[from] item: Leftovers
|upkeep
|turn|16
|
|switch|p2a: Excadrill|Excadrill, M, shiny|100/100
|-damage|p2a: Excadrill|97/100|[from] Stealth Rock
|-item|p2a: Excadrill|Air Balloon
|move|p1a: Umbreon|Wish|p1a: Umbreon
|
|-weather|Sandstorm|[upkeep]
|-damage|p1a: Umbreon|81/100|[from] Sandstorm
|-heal|p1a: Umbreon|88/100|[from] item: Leftovers
|upkeep
|turn|17
|inactive|Pilif has 135 seconds left.
|inactive|Pilif has 120 seconds left.
|
|switch|p1a: Hydreigon|Hydreigon, M|100/100
|move|p2a: Excadrill|Iron Head|p1a: Hydreigon
|-damage|p1a: Hydreigon|43/100
|
|-weather|Sandstorm|[upkeep]
|-damage|p1a: Hydreigon|37/100|[from] Sandstorm
|-heal|p1a: Hydreigon|98/100|[from] move: Wish|[wisher] Umbreon
|upkeep
|turn|18
|
|move|p2a: Excadrill|Iron Head|p1a: Hydreigon
|-damage|p1a: Hydreigon|44/100
|cant|p1a: Hydreigon|flinch
|
|-weather|Sandstorm|[upkeep]
|-damage|p1a: Hydreigon|38/100|[from] Sandstorm
|upkeep
|turn|19
|
|switch|p1a: Forretress|Forretress, M|100/100
|move|p2a: Excadrill|Iron Head|p1a: Forretress
|-resisted|p1a: Forretress
|-damage|p1a: Forretress|88/100
|
|-weather|Sandstorm|[upkeep]
|-heal|p1a: Forretress|94/100|[from] item: Leftovers
|upkeep
|turn|20
|
|move|p2a: Excadrill|Rapid Spin|p1a: Forretress
|-resisted|p1a: Forretress
|-damage|p1a: Forretress|92/100
|-sideend|p2: Shirakaba|Stealth Rock|[from] move: Rapid Spin|[of] p2a: Excadrill
|move|p1a: Forretress|Gyro Ball|p2a: Excadrill
|-resisted|p2a: Excadrill
|-damage|p2a: Excadrill|62/100
|-enditem|p2a: Excadrill|Air Balloon
|
|-weather|Sandstorm|[upkeep]
|-heal|p1a: Forretress|98/100|[from] item: Leftovers
|upkeep
|turn|21
|
|move|p2a: Excadrill|Earthquake|p1a: Forretress
|-damage|p1a: Forretress|65/100
|move|p1a: Forretress|Volt Switch|p2a: Excadrill
|-immune|p2a: Excadrill|[msg]
|
|-weather|Sandstorm|[upkeep]
|-heal|p1a: Forretress|71/100|[from] item: Leftovers
|upkeep
|turn|22
|
|switch|p2a: Breloom|Breloom, M|94/100
|switch|p1a: Hippowdon|Hippowdon, F|100/100
|
|-weather|Sandstorm|[upkeep]
|-damage|p2a: Breloom|88/100|[from] Sandstorm
|upkeep
|turn|23
|inactive|Pilif has 135 seconds left.
|
|move|p2a: Breloom|Spore|p1a: Hippowdon
|-status|p1a: Hippowdon|slp
|cant|p1a: Hippowdon|slp
|
|-weather|Sandstorm|[upkeep]
|-damage|p2a: Breloom|82/100|[from] Sandstorm
|upkeep
|turn|24
|
|-singleturn|p2a: Breloom|move: Focus Punch
|switch|p1a: Forretress|Forretress, M|71/100
|move|p2a: Breloom|Focus Punch|p1a: Forretress
|-enditem|p2a: Breloom|Fighting Gem|[from] gem|[move] Focus Punch
|-damage|p1a: Forretress|0
|faint|p1a: Forretress
|
|-weather|Sandstorm|[upkeep]
|-damage|p2a: Breloom|76/100|[from] Sandstorm
|upkeep
|inactive|Pilif has 135 seconds left.
|
|switch|p1a: Infernape|Infernape, M|100/100
|turn|25
|
|move|p2a: Breloom|Mach Punch|p1a: Infernape
|-damage|p1a: Infernape|41/100
|move|p1a: Infernape|Fire Blast|p2a: Breloom
|-supereffective|p2a: Breloom
|-damage|p2a: Breloom|0
|-damage|p1a: Infernape|31/100|[from] item: Life Orb
|faint|p2a: Breloom
|
|-weather|Sandstorm|[upkeep]
|-damage|p1a: Infernape|25/100|[from] Sandstorm
|upkeep
|
|switch|p2a: Excadrill|Excadrill, M, shiny|62/100
|turn|26
|inactive|Pilif has 135 seconds left.
|inactive|Pilif has 120 seconds left.
|
|switch|p1a: Hippowdon|Hippowdon, F|100/100 slp
|move|p2a: Excadrill|Earthquake|p1a: Hippowdon
|-damage|p1a: Hippowdon|69/100 slp
|
|-weather|Sandstorm|[upkeep]
|-heal|p1a: Hippowdon|75/100 slp|[from] item: Leftovers
|upkeep
|turn|27
|
|move|p2a: Excadrill|Earthquake|p1a: Hippowdon
|-damage|p1a: Hippowdon|43/100 slp
|cant|p1a: Hippowdon|slp
|
|-weather|Sandstorm|[upkeep]
|-heal|p1a: Hippowdon|49/100 slp|[from] item: Leftovers
|upkeep
|turn|28
|
|switch|p2a: Tornadus|Tornadus, M|54/100
|-curestatus|p1a: Hippowdon|slp|[msg]
|move|p1a: Hippowdon|Slack Off|p1a: Hippowdon
|-heal|p1a: Hippowdon|99/100
|
|-weather|Sandstorm|[upkeep]
|-damage|p2a: Tornadus|48/100|[from] Sandstorm
|-heal|p1a: Hippowdon|100/100|[from] item: Leftovers
|upkeep
|turn|29
|
|switch|p1a: Umbreon|Umbreon, M|88/100
|move|p2a: Tornadus|Hurricane|p1a: Umbreon
|-crit|p1a: Umbreon
|-damage|p1a: Umbreon|11/100
|-damage|p2a: Tornadus|38/100|[from] item: Life Orb
|
|-weather|Sandstorm|[upkeep]
|-damage|p2a: Tornadus|32/100|[from] Sandstorm
|-damage|p1a: Umbreon|5/100|[from] Sandstorm
|-heal|p1a: Umbreon|11/100|[from] item: Leftovers
|upkeep
|turn|30
|
|move|p1a: Umbreon|Protect|p1a: Umbreon
|-singleturn|p1a: Umbreon|Protect
|move|p2a: Tornadus|Icy Wind|p1a: Umbreon
|-activate|p1a: Umbreon|move: Protect
|
|-weather|Sandstorm|[upkeep]
|-damage|p2a: Tornadus|26/100|[from] Sandstorm
|-damage|p1a: Umbreon|5/100|[from] Sandstorm
|-heal|p1a: Umbreon|11/100|[from] item: Leftovers
|upkeep
|turn|31
|
|move|p2a: Tornadus|Icy Wind|p1a: Umbreon
|-damage|p1a: Umbreon|0
|-damage|p2a: Tornadus|17/100|[from] item: Life Orb
|faint|p1a: Umbreon
|
|-weather|Sandstorm|[upkeep]
|-damage|p2a: Tornadus|11/100|[from] Sandstorm
|upkeep
|inactive|Pilif has 135 seconds left.
|
|switch|p1a: Hydreigon|Hydreigon, M|38/100
|turn|32
|
|switch|p2a: Salamence|Salamence, F|70/100
|move|p1a: Hydreigon|U-turn|p2a: Salamence
|-resisted|p2a: Salamence
|-damage|p2a: Salamence|61/100
|
|switch|p1a: Hippowdon|Hippowdon, F|100/100
|
|-weather|Sandstorm|[upkeep]
|-damage|p2a: Salamence|55/100|[from] Sandstorm
|upkeep
|turn|33
|
|move|p2a: Salamence|Fire Blast|p1a: Hippowdon|[miss]
|-miss|p2a: Salamence|p1a: Hippowdon
|move|p1a: Hippowdon|Stealth Rock|p2a: Salamence
|-sidestart|p2: Shirakaba|move: Stealth Rock
|
|-weather|Sandstorm|[upkeep]
|-damage|p2a: Salamence|49/100|[from] Sandstorm
|upkeep
|turn|34
|inactive|Pilif has 135 seconds left.
|
|move|p2a: Salamence|Fire Blast|p1a: Hippowdon
|-damage|p1a: Hippowdon|72/100
|move|p1a: Hippowdon|Roar|p2a: Salamence
|drag|p2a: Excadrill|Excadrill, M, shiny|62/100
|-damage|p2a: Excadrill|59/100|[from] Stealth Rock
|
|-weather|Sandstorm|[upkeep]
|-heal|p1a: Hippowdon|78/100|[from] item: Leftovers
|upkeep
|turn|35
|
|move|p2a: Excadrill|Rapid Spin|p1a: Hippowdon
|-damage|p1a: Hippowdon|74/100
|-sideend|p2: Shirakaba|Stealth Rock|[from] move: Rapid Spin|[of] p2a: Excadrill
|move|p1a: Hippowdon|Earthquake|p2a: Excadrill
|-supereffective|p2a: Excadrill
|-damage|p2a: Excadrill|0
|faint|p2a: Excadrill
|
|-weather|Sandstorm|[upkeep]
|-heal|p1a: Hippowdon|80/100|[from] item: Leftovers
|upkeep
|c|☆Shirakaba|nooo
|c|☆Shirakaba|hah
|
|switch|p2a: Tornadus|Tornadus, M|11/100
|turn|36
|
|switch|p1a: Toxicroak|Toxicroak, M|21/100
|move|p2a: Tornadus|Hurricane|p1a: Toxicroak
|-supereffective|p1a: Toxicroak
|-damage|p1a: Toxicroak|0
|-damage|p2a: Tornadus|1/100|[from] item: Life Orb
|faint|p1a: Toxicroak
|
|-weather|Sandstorm|[upkeep]
|-damage|p2a: Tornadus|0|[from] Sandstorm
|upkeep
|faint|p2a: Tornadus
|c|☆Shirakaba|wasn't expecting he had eq
|inactive|Pilif has 135 seconds left.
|
|switch|p2a: Salamence|Salamence, F|49/100
|switch|p1a: Hippowdon|Hippowdon, F|80/100
|turn|37
|
|move|p2a: Salamence|Outrage|p1a: Hippowdon
|-damage|p1a: Hippowdon|46/100
|move|p1a: Hippowdon|Slack Off|p1a: Hippowdon
|-heal|p1a: Hippowdon|96/100
|
|-weather|Sandstorm|[upkeep]
|-damage|p2a: Salamence|43/100|[from] Sandstorm
|-heal|p1a: Hippowdon|100/100|[from] item: Leftovers
|upkeep
|turn|38
|
|move|p2a: Salamence|Outrage|p1a: Hippowdon|[from]lockedmove
|-damage|p1a: Hippowdon|66/100
|move|p1a: Hippowdon|Slack Off|p1a: Hippowdon
|-heal|p1a: Hippowdon|100/100
|
|-weather|Sandstorm|[upkeep]
|-damage|p2a: Salamence|37/100|[from] Sandstorm
|upkeep
|turn|39
|
|move|p2a: Salamence|Outrage|p1a: Hippowdon|[from]lockedmove
|-damage|p1a: Hippowdon|65/100
|-start|p2a: Salamence|confusion|[fatigue]
|move|p1a: Hippowdon|Slack Off|p1a: Hippowdon
|-heal|p1a: Hippowdon|100/100
|
|-weather|Sandstorm|[upkeep]
|-damage|p2a: Salamence|31/100|[from] Sandstorm
|upkeep
|turn|40
|
|-activate|p2a: Salamence|confusion
|-damage|p2a: Salamence|14/100|[from] confusion
|move|p1a: Hippowdon|Stealth Rock|p2a: Salamence
|-sidestart|p2: Shirakaba|move: Stealth Rock
|
|-weather|Sandstorm|[upkeep]
|-damage|p2a: Salamence|8/100|[from] Sandstorm
|upkeep
|turn|41
|
|-activate|p2a: Salamence|confusion
|-damage|p2a: Salamence|0|[from] confusion
|faint|p2a: Salamence
|
|win|Pilif
|raw|Pilif's rating: 1378 &rarr; <strong>1398</strong><br />(+20 for winning)
|raw|Shirakaba's rating: 1377 &rarr; <strong>1357</strong><br />(-20 for losing)
|l|☆Shirakaba
|c|☆Pilif|gg
