|j|☆thbigstuff27
|j|☆SageOfOldGens
|t:|1706640464
|gametype|singles
|player|p1|thbigstuff27|clair|1401
|player|p2|SageOfOldGens|li|1460
|teamsize|p1|6
|teamsize|p2|6
|gen|5
|tier|[Gen 5] OU
|rated|
|rule|Species Clause: Limit one of each Pokémon
|rule|OHKO Clause: OHKO moves are banned
|rule|Moody Clause: Moody is banned
|rule|Evasion Items Clause: Evasion items are banned
|rule|Evasion Moves Clause: Evasion moves are banned
|rule|Endless Battle Clause: Forcing endless battles is banned
|rule|HP Percentage Mod: HP is shown in percentages
|rule|Evasion Abilities Clause: Evasion abilities are banned
|rule|Sleep Moves Clause: Sleep-inducing moves are banned
|rule|Swagger Clause: Swagger is banned
|rule|Baton Pass Stat Clause: No Baton Passer may have a way to boost its stats
|clearpoke
|poke|p1|Jirachi|item
|poke|p1|Politoed, F|item
|poke|p1|Landorus-Therian, M|item
|poke|p1|Starmie|item
|poke|p1|Dragonite, M|item
|poke|p1|Scizor, M|item
|poke|p2|Keldeo|item
|poke|p2|Alakazam, F|item
|poke|p2|Tentacruel, F|item
|poke|p2|Landorus-Therian, M|item
|poke|p2|Latios, M|item
|poke|p2|Jirachi|item
|teampreview
|inactive|Battle timer is ON: inactive players will automatically lose when time's up. (requested by SageOfOldGens)
|inactive|SageOfOldGens has 120 seconds left.
|
|t:|1706640497
|start
|switch|p1a: Politoed|Politoed, F|100/100
|switch|p2a: Tentacruel|Tentacruel, F|100/100
|-weather|RainDance|[from] ability: Drizzle|[of] p1a: Politoed
|turn|1
|j| MalumaBaby XL
|
|t:|1706640502
|move|p2a: Tentacruel|Toxic Spikes|p1a: Politoed
|-sidestart|p1: thbigstuff27|move: Toxic Spikes
|move|p1a: Politoed|Perish Song|p1a: Politoed
|-start|p1a: Politoed|perish3|[silent]
|-start|p2a: Tentacruel|perish3|[silent]
|-fieldactivate|move: Perish Song
|
|-weather|RainDance|[upkeep]
|-start|p2a: Tentacruel|perish3
|-start|p1a: Politoed|perish3
|upkeep
|turn|2
|
|t:|1706640510
|switch|p2a: Latios|Latios, M|100/100
|switch|p1a: Starmie|Starmie|100/100
|-status|p1a: Starmie|psn
|
|-weather|RainDance|[upkeep]
|-damage|p1a: Starmie|88/100 psn|[from] psn
|upkeep
|turn|3
|
|t:|1706640520
|-curestatus|p1a: Starmie|psn|[from] ability: Natural Cure
|switch|p1a: Scizor|Scizor, M|100/100
|move|p2a: Latios|Grass Knot|p1a: Scizor
|-resisted|p1a: Scizor
|-damage|p1a: Scizor|87/100
|
|-weather|RainDance|[upkeep]
|upkeep
|turn|4
|
|t:|1706640523
|switch|p2a: Tentacruel|Tentacruel, F|100/100
|move|p1a: Scizor|U-turn|p2a: Tentacruel
|-resisted|p2a: Tentacruel
|-damage|p2a: Tentacruel|77/100
|
|t:|1706640526
|switch|p1a: Jirachi|Jirachi|100/100|[from] U-turn
|
|-weather|RainDance|[upkeep]
|-heal|p2a: Tentacruel|83/100|[from] ability: Rain Dish
|-heal|p2a: Tentacruel|89/100|[from] item: Black Sludge
|upkeep
|turn|5
|
|t:|1706640532
|switch|p2a: Landorus|Landorus-Therian, M|100/100
|-ability|p2a: Landorus|Intimidate|boost
|-unboost|p1a: Jirachi|atk|1
|move|p1a: Jirachi|Substitute|p1a: Jirachi
|-start|p1a: Jirachi|Substitute
|-damage|p1a: Jirachi|76/100
|
|-weather|RainDance|[upkeep]
|-heal|p1a: Jirachi|82/100|[from] item: Leftovers
|upkeep
|turn|6
|
|t:|1706640535
|move|p2a: Landorus|Stealth Rock|p1a: Jirachi
|-sidestart|p1: thbigstuff27|move: Stealth Rock
|move|p1a: Jirachi|Water Pulse|p2a: Landorus
|-supereffective|p2a: Landorus
|-damage|p2a: Landorus|35/100
|
|-weather|RainDance|[upkeep]
|-heal|p2a: Landorus|41/100|[from] item: Leftovers
|-heal|p1a: Jirachi|88/100|[from] item: Leftovers
|upkeep
|turn|7
|
|t:|1706640541
|move|p2a: Landorus|U-turn|p1a: Jirachi
|-activate|p1a: Jirachi|Substitute|[damage]
|
|t:|1706640553
|switch|p2a: Latios|Latios, M|100/100|[from] U-turn
|move|p1a: Jirachi|Water Pulse|p2a: Latios
|-resisted|p2a: Latios
|-damage|p2a: Latios|86/100
|
|-weather|RainDance|[upkeep]
|-heal|p1a: Jirachi|94/100|[from] item: Leftovers
|upkeep
|turn|8
|
|t:|1706640561
|move|p2a: Latios|Surf|p1a: Jirachi
|-end|p1a: Jirachi|Substitute
|move|p1a: Jirachi|Substitute|p1a: Jirachi
|-start|p1a: Jirachi|Substitute
|-damage|p1a: Jirachi|69/100
|
|-weather|RainDance|[upkeep]
|-heal|p1a: Jirachi|75/100|[from] item: Leftovers
|upkeep
|turn|9
|
|t:|1706640565
|move|p2a: Latios|Surf|p1a: Jirachi
|-end|p1a: Jirachi|Substitute
|move|p1a: Jirachi|Thunder|p2a: Latios
|-resisted|p2a: Latios
|-damage|p2a: Latios|64/100
|-status|p2a: Latios|par
|
|-weather|RainDance|[upkeep]
|-heal|p1a: Jirachi|81/100|[from] item: Leftovers
|upkeep
|turn|10
|
|t:|1706640573
|switch|p1a: Starmie|Starmie|88/100
|-status|p1a: Starmie|psn
|-damage|p1a: Starmie|76/100 psn|[from] Stealth Rock
|move|p2a: Latios|Surf|p1a: Starmie
|-resisted|p1a: Starmie
|-damage|p1a: Starmie|37/100 psn
|
|-weather|RainDance|[upkeep]
|-heal|p1a: Starmie|43/100 psn|[from] item: Leftovers
|-damage|p1a: Starmie|31/100 psn|[from] psn
|upkeep
|turn|11
|
|t:|1706640587
|move|p1a: Starmie|Rapid Spin|p2a: Latios
|-damage|p2a: Latios|61/100 par
|-sideend|p1: thbigstuff27|Toxic Spikes|[from] move: Rapid Spin|[of] p1a: Starmie
|-sideend|p1: thbigstuff27|Stealth Rock|[from] move: Rapid Spin|[of] p1a: Starmie
|move|p2a: Latios|Grass Knot|p1a: Starmie
|-supereffective|p1a: Starmie
|-damage|p1a: Starmie|0 fnt
|faint|p1a: Starmie
|
|-weather|RainDance|[upkeep]
|upkeep
|
|t:|1706640591
|switch|p1a: Landorus|Landorus-Therian, M|100/100
|-ability|p1a: Landorus|Intimidate|boost
|-unboost|p2a: Latios|atk|1
|turn|12
|
|t:|1706640595
|switch|p2a: Keldeo|Keldeo|100/100
|move|p1a: Landorus|U-turn|p2a: Keldeo
|-resisted|p2a: Keldeo
|-damage|p2a: Keldeo|85/100
|
|t:|1706640602
|switch|p1a: Dragonite|Dragonite, M|100/100|[from] U-turn
|
|-weather|RainDance|[upkeep]
|-heal|p2a: Keldeo|91/100|[from] item: Leftovers
|upkeep
|turn|13
|
|t:|1706640607
|switch|p2a: Landorus|Landorus-Therian, M|41/100
|-ability|p2a: Landorus|Intimidate|boost
|-unboost|p1a: Dragonite|atk|1
|move|p1a: Dragonite|Outrage|p2a: Landorus
|-damage|p2a: Landorus|0 fnt
|faint|p2a: Landorus
|
|-weather|RainDance|[upkeep]
|upkeep
|
|t:|1706640620
|switch|p2a: Jirachi|Jirachi|100/100
|turn|14
|
|t:|1706640623
|move|p2a: Jirachi|Psychic|p1a: Dragonite
|-damage|p1a: Dragonite|85/100
|move|p1a: Dragonite|Outrage|p2a: Jirachi|[from]lockedmove
|-resisted|p2a: Jirachi
|-damage|p2a: Jirachi|84/100
|-start|p1a: Dragonite|confusion|[fatigue]
|-enditem|p1a: Dragonite|Lum Berry|[eat]
|-end|p1a: Dragonite|confusion
|
|-weather|RainDance|[upkeep]
|-heal|p2a: Jirachi|90/100|[from] item: Leftovers
|upkeep
|turn|15
|
|t:|1706640632
|switch|p1a: Landorus|Landorus-Therian, M|100/100
|-ability|p1a: Landorus|Intimidate|boost
|-unboost|p2a: Jirachi|atk|1
|move|p2a: Jirachi|Psychic|p1a: Landorus
|-damage|p1a: Landorus|58/100
|
|-weather|RainDance|[upkeep]
|-heal|p2a: Jirachi|96/100|[from] item: Leftovers
|upkeep
|turn|16
|
|t:|1706640640
|switch|p2a: Latios|Latios, M|61/100 par
|move|p1a: Landorus|U-turn|p2a: Latios
|-supereffective|p2a: Latios
|-crit|p2a: Latios
|-damage|p2a: Latios|0 fnt
|faint|p2a: Latios
|
|t:|1706640646
|switch|p1a: Politoed|Politoed, F|100/100|[from] U-turn
|
|-weather|RainDance|[upkeep]
|upkeep
|
|t:|1706640656
|switch|p2a: Tentacruel|Tentacruel, F|89/100
|turn|17
|
|t:|1706640661
|switch|p1a: Landorus|Landorus-Therian, M|58/100
|-ability|p1a: Landorus|Intimidate|boost
|-unboost|p2a: Tentacruel|atk|1
|move|p2a: Tentacruel|Toxic Spikes|p1a: Landorus
|-sidestart|p1: thbigstuff27|move: Toxic Spikes
|
|-weather|RainDance|[upkeep]
|-heal|p2a: Tentacruel|95/100|[from] ability: Rain Dish
|-heal|p2a: Tentacruel|100/100|[from] item: Black Sludge
|upkeep
|turn|18
|
|t:|1706640667
|move|p2a: Tentacruel|Protect|p2a: Tentacruel
|-singleturn|p2a: Tentacruel|Protect
|move|p1a: Landorus|Earthquake|p2a: Tentacruel
|-activate|p2a: Tentacruel|move: Protect
|
|-weather|RainDance|[upkeep]
|upkeep
|turn|19
|
|t:|1706640672
|move|p1a: Landorus|Earthquake|p2a: Tentacruel
|-supereffective|p2a: Tentacruel
|-damage|p2a: Tentacruel|0 fnt
|faint|p2a: Tentacruel
|
|-weather|RainDance|[upkeep]
|upkeep
|
|t:|1706640674
|switch|p2a: Keldeo|Keldeo|91/100
|turn|20
|
|t:|1706640684
|switch|p1a: Dragonite|Dragonite, M|85/100
|move|p2a: Keldeo|Scald|p1a: Dragonite
|-resisted|p1a: Dragonite
|-damage|p1a: Dragonite|53/100
|-status|p1a: Dragonite|brn
|
|-weather|RainDance|[upkeep]
|-heal|p2a: Keldeo|97/100|[from] item: Leftovers
|-damage|p1a: Dragonite|40/100 brn|[from] brn
|upkeep
|turn|21
|
|t:|1706640691
|switch|p2a: Jirachi|Jirachi|96/100
|move|p1a: Dragonite|Extreme Speed|p2a: Jirachi
|-resisted|p2a: Jirachi
|-damage|p2a: Jirachi|90/100
|
|-weather|RainDance|[upkeep]
|-heal|p2a: Jirachi|96/100|[from] item: Leftovers
|-damage|p1a: Dragonite|28/100 brn|[from] brn
|upkeep
|turn|22
|
|t:|1706640695
|move|p2a: Jirachi|Substitute|p2a: Jirachi
|-start|p2a: Jirachi|Substitute
|-damage|p2a: Jirachi|71/100
|move|p1a: Dragonite|Waterfall|p2a: Jirachi
|-activate|p2a: Jirachi|Substitute|[damage]
|
|-weather|RainDance|[upkeep]
|-heal|p2a: Jirachi|77/100|[from] item: Leftovers
|-damage|p1a: Dragonite|16/100 brn|[from] brn
|upkeep
|turn|23
|
|t:|1706640702
|move|p2a: Jirachi|Calm Mind|p2a: Jirachi
|-boost|p2a: Jirachi|spa|1
|-boost|p2a: Jirachi|spd|1
|move|p1a: Dragonite|Waterfall|p2a: Jirachi
|-end|p2a: Jirachi|Substitute
|
|-weather|RainDance|[upkeep]
|-heal|p2a: Jirachi|83/100|[from] item: Leftovers
|-damage|p1a: Dragonite|3/100 brn|[from] brn
|upkeep
|turn|24
|
|t:|1706640724
|switch|p1a: Landorus|Landorus-Therian, M|58/100
|-ability|p1a: Landorus|Intimidate|boost
|-unboost|p2a: Jirachi|atk|1
|move|p2a: Jirachi|Substitute|p2a: Jirachi
|-start|p2a: Jirachi|Substitute
|-damage|p2a: Jirachi|58/100
|
|-weather|RainDance|[upkeep]
|-heal|p2a: Jirachi|64/100|[from] item: Leftovers
|upkeep
|turn|25
|
|t:|1706640728
|move|p1a: Landorus|Earthquake|p2a: Jirachi
|-supereffective|p2a: Jirachi
|-end|p2a: Jirachi|Substitute
|move|p2a: Jirachi|Substitute|p2a: Jirachi
|-start|p2a: Jirachi|Substitute
|-damage|p2a: Jirachi|39/100
|
|-weather|RainDance|[upkeep]
|-heal|p2a: Jirachi|46/100|[from] item: Leftovers
|upkeep
|turn|26
|
|t:|1706640732
|move|p1a: Landorus|Earthquake|p2a: Jirachi
|-supereffective|p2a: Jirachi
|-end|p2a: Jirachi|Substitute
|move|p2a: Jirachi|Psychic|p1a: Landorus
|-damage|p1a: Landorus|0 fnt
|faint|p1a: Landorus
|
|-weather|RainDance|[upkeep]
|-heal|p2a: Jirachi|52/100|[from] item: Leftovers
|upkeep
|
|t:|1706640736
|switch|p1a: Jirachi|Jirachi|81/100
|turn|27
|
|t:|1706640739
|move|p2a: Jirachi|Substitute|p2a: Jirachi
|-start|p2a: Jirachi|Substitute
|-damage|p2a: Jirachi|27/100
|move|p1a: Jirachi|Thunder|p2a: Jirachi
|-crit|p2a: Jirachi
|-end|p2a: Jirachi|Substitute
|
|-weather|RainDance|[upkeep]
|-heal|p2a: Jirachi|33/100|[from] item: Leftovers
|-heal|p1a: Jirachi|87/100|[from] item: Leftovers
|upkeep
|turn|28
|
|t:|1706640745
|move|p2a: Jirachi|Substitute|p2a: Jirachi
|-start|p2a: Jirachi|Substitute
|-damage|p2a: Jirachi|8/100
|move|p1a: Jirachi|Thunder|p2a: Jirachi
|-activate|p2a: Jirachi|Substitute|[damage]
|
|-weather|RainDance|[upkeep]
|-heal|p2a: Jirachi|14/100|[from] item: Leftovers
|-heal|p1a: Jirachi|93/100|[from] item: Leftovers
|upkeep
|turn|29
|
|t:|1706640751
|move|p2a: Jirachi|Calm Mind|p2a: Jirachi
|-boost|p2a: Jirachi|spa|1
|-boost|p2a: Jirachi|spd|1
|move|p1a: Jirachi|Substitute|p1a: Jirachi
|-start|p1a: Jirachi|Substitute
|-damage|p1a: Jirachi|68/100
|
|-weather|RainDance|[upkeep]
|-heal|p2a: Jirachi|20/100|[from] item: Leftovers
|-heal|p1a: Jirachi|74/100|[from] item: Leftovers
|upkeep
|turn|30
|
|t:|1706640756
|move|p2a: Jirachi|Calm Mind|p2a: Jirachi
|-boost|p2a: Jirachi|spa|1
|-boost|p2a: Jirachi|spd|1
|move|p1a: Jirachi|Calm Mind|p1a: Jirachi
|-boost|p1a: Jirachi|spa|1
|-boost|p1a: Jirachi|spd|1
|
|-weather|RainDance|[upkeep]
|-heal|p2a: Jirachi|26/100|[from] item: Leftovers
|-heal|p1a: Jirachi|80/100|[from] item: Leftovers
|upkeep
|turn|31
|
|t:|1706640761
|move|p2a: Jirachi|Calm Mind|p2a: Jirachi
|-boost|p2a: Jirachi|spa|1
|-boost|p2a: Jirachi|spd|1
|move|p1a: Jirachi|Thunder|p2a: Jirachi
|-end|p2a: Jirachi|Substitute
|
|-weather|RainDance|[upkeep]
|-heal|p2a: Jirachi|33/100|[from] item: Leftovers
|-heal|p1a: Jirachi|86/100|[from] item: Leftovers
|upkeep
|turn|32
|
|t:|1706640766
|move|p2a: Jirachi|Substitute|p2a: Jirachi
|-start|p2a: Jirachi|Substitute
|-damage|p2a: Jirachi|8/100
|move|p1a: Jirachi|Thunder|p2a: Jirachi
|-activate|p2a: Jirachi|Substitute|[damage]
|
|-weather|RainDance|[upkeep]
|-heal|p2a: Jirachi|14/100|[from] item: Leftovers
|-heal|p1a: Jirachi|92/100|[from] item: Leftovers
|upkeep
|turn|33
|
|t:|1706640770
|move|p2a: Jirachi|Calm Mind|p2a: Jirachi
|-boost|p2a: Jirachi|spa|1
|-boost|p2a: Jirachi|spd|1
|move|p1a: Jirachi|Thunder|p2a: Jirachi
|-end|p2a: Jirachi|Substitute
|
|-weather|RainDance|[upkeep]
|-heal|p2a: Jirachi|20/100|[from] item: Leftovers
|-heal|p1a: Jirachi|98/100|[from] item: Leftovers
|upkeep
|turn|34
|
|t:|1706640776
|move|p2a: Jirachi|Hidden Power|p1a: Jirachi
|-end|p1a: Jirachi|Substitute
|move|p1a: Jirachi|Thunder|p2a: Jirachi
|-damage|p2a: Jirachi|6/100
|-status|p2a: Jirachi|par
|
|-weather|RainDance|[upkeep]
|-heal|p1a: Jirachi|100/100|[from] item: Leftovers
|-heal|p2a: Jirachi|12/100 par|[from] item: Leftovers
|upkeep
|turn|35
|
|t:|1706640780
|move|p1a: Jirachi|Substitute|p1a: Jirachi
|-start|p1a: Jirachi|Substitute
|-damage|p1a: Jirachi|76/100
|move|p2a: Jirachi|Hidden Power|p1a: Jirachi
|-end|p1a: Jirachi|Substitute
|
|-weather|RainDance|[upkeep]
|-heal|p1a: Jirachi|82/100|[from] item: Leftovers
|-heal|p2a: Jirachi|19/100 par|[from] item: Leftovers
|upkeep
|turn|36
|
|t:|1706640784
|move|p1a: Jirachi|Substitute|p1a: Jirachi
|-start|p1a: Jirachi|Substitute
|-damage|p1a: Jirachi|57/100
|move|p2a: Jirachi|Hidden Power|p1a: Jirachi
|-end|p1a: Jirachi|Substitute
|
|-weather|RainDance|[upkeep]
|-heal|p1a: Jirachi|63/100|[from] item: Leftovers
|-heal|p2a: Jirachi|25/100 par|[from] item: Leftovers
|upkeep
|turn|37
|
|t:|1706640787
|move|p1a: Jirachi|Substitute|p1a: Jirachi
|-start|p1a: Jirachi|Substitute
|-damage|p1a: Jirachi|38/100
|cant|p2a: Jirachi|par
|
|-weather|RainDance|[upkeep]
|-heal|p1a: Jirachi|44/100|[from] item: Leftovers
|-heal|p2a: Jirachi|31/100 par|[from] item: Leftovers
|upkeep
|turn|38
|
|t:|1706640789
|move|p1a: Jirachi|Thunder|p2a: Jirachi
|-damage|p2a: Jirachi|18/100 par
|move|p2a: Jirachi|Hidden Power|p1a: Jirachi
|-crit|p1a: Jirachi
|-end|p1a: Jirachi|Substitute
|
|-weather|RainDance|[upkeep]
|-heal|p1a: Jirachi|50/100|[from] item: Leftovers
|-heal|p2a: Jirachi|24/100 par|[from] item: Leftovers
|upkeep
|turn|39
|
|t:|1706640792
|move|p1a: Jirachi|Thunder|p2a: Jirachi
|-damage|p2a: Jirachi|10/100 par
|move|p2a: Jirachi|Hidden Power|p1a: Jirachi
|-crit|p1a: Jirachi
|-damage|p1a: Jirachi|0 fnt
|faint|p1a: Jirachi
|
|-weather|RainDance|[upkeep]
|-heal|p2a: Jirachi|16/100 par|[from] item: Leftovers
|upkeep
|
|t:|1706640799
|switch|p1a: Politoed|Politoed, F|100/100
|-status|p1a: Politoed|psn
|turn|40
|
|t:|1706640802
|move|p1a: Politoed|Scald|p2a: Jirachi
|-damage|p2a: Jirachi|7/100 par
|move|p2a: Jirachi|Psychic|p1a: Politoed
|-damage|p1a: Politoed|0 fnt
|faint|p1a: Politoed
|
|-weather|RainDance|[upkeep]
|-heal|p2a: Jirachi|13/100 par|[from] item: Leftovers
|upkeep
|
|t:|1706640807
|switch|p1a: Scizor|Scizor, M|87/100
|turn|41
|
|t:|1706640819
|move|p1a: Scizor|Swords Dance|p1a: Scizor
|-boost|p1a: Scizor|atk|2
|move|p2a: Jirachi|Hidden Power|p1a: Scizor
|-damage|p1a: Scizor|12/100
|
|-weather|RainDance|[upkeep]
|-heal|p2a: Jirachi|19/100 par|[from] item: Leftovers
|upkeep
|turn|42
|
|t:|1706640825
|move|p1a: Scizor|Bullet Punch|p2a: Jirachi
|-resisted|p2a: Jirachi
|-damage|p2a: Jirachi|0 fnt
|faint|p2a: Jirachi
|
|-weather|RainDance|[upkeep]
|upkeep
|
|t:|1706640829
|switch|p2a: Alakazam|Alakazam, F|100/100
|turn|43
|
|t:|1706640832
|move|p1a: Scizor|Bullet Punch|p2a: Alakazam
|-enditem|p2a: Alakazam|Focus Sash
|-damage|p2a: Alakazam|1/100
|move|p2a: Alakazam|Psyshock|p1a: Scizor
|-resisted|p1a: Scizor
|-damage|p1a: Scizor|0 fnt
|faint|p1a: Scizor
|
|-weather|RainDance|[upkeep]
|upkeep
|
|t:|1706640834
|switch|p1a: Dragonite|Dragonite, M|3/100 brn
|turn|44
|
|t:|1706640836
|move|p1a: Dragonite|Extreme Speed|p2a: Alakazam
|-damage|p2a: Alakazam|0 fnt
|faint|p2a: Alakazam
|
|-weather|RainDance|[upkeep]
|-damage|p1a: Dragonite|0 fnt|[from] brn
|faint|p1a: Dragonite
|
|win|SageOfOldGens
|upkeep
|raw|thbigstuff27's rating: 1401 &rarr; <strong>1384</strong><br />(-17 for losing)
|raw|SageOfOldGens's rating: 1460 &rarr; <strong>1477</strong><br />(+17 for winning)
|l|☆SageOfOldGens
|player|p2|
|l|☆thbigstuff27
|player|p1|
