|uhtml|medal-msg|<div class="broadcast-blue">Curious what those medals under the avatar are? PS now has Ladder Seasons! For more information, check out the <a href="https://www.smogon.com/forums/threads/3740067/">thread on Smogon.</a></div>
|uhtml|medal-msg|<div class="broadcast-blue">Curious what those medals under the avatar are? PS now has Ladder Seasons! For more information, check out the <a href="https://www.smogon.com/forums/threads/3740067/">thread on Smogon.</a></div>
|j|☆BWVC BookofConke
|j|☆Re Heated Oven
|t:|1712819131
|gametype|singles
|player|p1|BWVC BookofConke|silver|1290
|player|p2|Re Heated Oven|steven|1381
|teamsize|p1|6
|teamsize|p2|6
|gen|5
|tier|[Gen 5] OU
|rated|
|rule|Species Clause: Limit one of each Pokémon
|rule|OHKO Clause: OHKO moves are banned
|rule|Moody Clause: Moody is banned
|rule|Evasion Items Clause: Evasion items are banned
|rule|Evasion Moves Clause: Evasion moves are banned
|rule|Endless Battle Clause: Forcing endless battles is banned
|rule|HP Percentage Mod: HP is shown in percentages
|rule|Evasion Abilities Clause: Evasion abilities are banned
|rule|Sleep Moves Clause: Sleep-inducing moves are banned
|rule|Swagger Clause: Swagger is banned
|rule|Baton Pass Stat Clause: No Baton Passer may have a way to boost its stats
|clearpoke
|poke|p1|Politoed, M|item
|poke|p1|Ferrothorn, F|item
|poke|p1|Starmie|item
|poke|p1|Keldeo-Resolute|item
|poke|p1|Kyurem-Black|item
|poke|p1|Thundurus-Therian, M|item
|poke|p2|Aerodactyl, M|item
|poke|p2|Dragonite, M|item
|poke|p2|Starmie|item
|poke|p2|Lucario, F|item
|poke|p2|Conkeldurr, M|item
|poke|p2|Cloyster, M|item
|teampreview
|inactive|Battle timer is ON: inactive players will automatically lose when time's up. (requested by Re Heated Oven)
|
|t:|1712819147
|start
|switch|p1a: Politoed|Politoed, M|100/100
|switch|p2a: Aerodactyl|Aerodactyl, M|100/100
|-weather|RainDance|[from] ability: Drizzle|[of] p1a: Politoed
|turn|1
|
|t:|1712819154
|move|p2a: Aerodactyl|Stealth Rock|p1a: Politoed
|-sidestart|p1: BWVC BookofConke|move: Stealth Rock
|move|p1a: Politoed|Scald|p2a: Aerodactyl
|-supereffective|p2a: Aerodactyl
|-enditem|p2a: Aerodactyl|Focus Sash
|-damage|p2a: Aerodactyl|1/100
|
|-weather|RainDance|[upkeep]
|upkeep
|turn|2
|
|t:|1712819170
|switch|p1a: Starmie|Starmie|100/100
|-damage|p1a: Starmie|88/100|[from] Stealth Rock
|-item|p1a: Starmie|Air Balloon
|move|p2a: Aerodactyl|Double-Edge|p1a: Starmie
|-damage|p1a: Starmie|32/100
|-enditem|p1a: Starmie|Air Balloon
|
|-weather|RainDance|[upkeep]
|upkeep
|turn|3
|
|t:|1712819182
|move|p2a: Aerodactyl|Earthquake|p1a: Starmie
|-damage|p1a: Starmie|0 fnt
|faint|p1a: Starmie
|
|-weather|RainDance|[upkeep]
|upkeep
|
|t:|1712819192
|switch|p1a: Ferrothorn|Ferrothorn, F|100/100
|-damage|p1a: Ferrothorn|94/100|[from] Stealth Rock
|turn|4
|
|t:|1712819197
|move|p2a: Aerodactyl|Taunt|p1a: Ferrothorn
|-start|p1a: Ferrothorn|move: Taunt
|cant|p1a: Ferrothorn|move: Taunt|Stealth Rock
|
|-weather|RainDance|[upkeep]
|-heal|p1a: Ferrothorn|100/100|[from] item: Leftovers
|upkeep
|turn|5
|j| shiyonghao
|
|t:|1712819203
|move|p2a: Aerodactyl|Earthquake|p1a: Ferrothorn
|-damage|p1a: Ferrothorn|77/100
|move|p1a: Ferrothorn|Gyro Ball|p2a: Aerodactyl
|-supereffective|p2a: Aerodactyl
|-damage|p2a: Aerodactyl|0 fnt
|faint|p2a: Aerodactyl
|
|-weather|RainDance|[upkeep]
|-heal|p1a: Ferrothorn|83/100|[from] item: Leftovers
|upkeep
|
|t:|1712819208
|switch|p2a: Conkeldurr|Conkeldurr, M|100/100
|turn|6
|
|t:|1712819216
|switch|p1a: Politoed|Politoed, M|100/100
|-damage|p1a: Politoed|88/100|[from] Stealth Rock
|move|p2a: Conkeldurr|Bulk Up|p2a: Conkeldurr
|-boost|p2a: Conkeldurr|atk|1
|-boost|p2a: Conkeldurr|def|1
|
|-weather|RainDance|[upkeep]
|upkeep
|turn|7
|
|t:|1712819227
|switch|p2a: Starmie|Starmie|100/100
|-item|p2a: Starmie|Air Balloon
|move|p1a: Politoed|Encore||[still]
|-fail|p1a: Politoed
|
|-weather|RainDance|[upkeep]
|upkeep
|turn|8
|
|t:|1712819236
|move|p2a: Starmie|Thunder|p1a: Politoed
|-supereffective|p1a: Politoed
|-damage|p1a: Politoed|36/100
|-enditem|p1a: Politoed|Eject Button
|
|t:|1712819248
|switch|p1a: Ferrothorn|Ferrothorn, F|83/100
|-damage|p1a: Ferrothorn|77/100|[from] Stealth Rock
|
|-weather|RainDance|[upkeep]
|-heal|p1a: Ferrothorn|83/100|[from] item: Leftovers
|upkeep
|turn|9
|
|t:|1712819258
|switch|p2a: Conkeldurr|Conkeldurr, M|100/100
|move|p1a: Ferrothorn|Stealth Rock|p2a: Conkeldurr
|-sidestart|p2: Re Heated Oven|move: Stealth Rock
|
|-weather|RainDance|[upkeep]
|-heal|p1a: Ferrothorn|89/100|[from] item: Leftovers
|upkeep
|turn|10
|
|t:|1712819266
|switch|p1a: Politoed|Politoed, M|36/100
|-damage|p1a: Politoed|24/100|[from] Stealth Rock
|move|p2a: Conkeldurr|Drain Punch|p1a: Politoed
|-damage|p1a: Politoed|0 fnt
|faint|p1a: Politoed
|
|-weather|RainDance|[upkeep]
|upkeep
|
|t:|1712819277
|switch|p1a: Keldeo|Keldeo-Resolute|100/100
|-damage|p1a: Keldeo|94/100|[from] Stealth Rock
|turn|11
|
|t:|1712819282
|move|p1a: Keldeo|Hydro Pump|p2a: Conkeldurr|[miss]
|-miss|p1a: Keldeo|p2a: Conkeldurr
|move|p2a: Conkeldurr|Drain Punch|p1a: Keldeo
|-damage|p1a: Keldeo|40/100
|
|-weather|RainDance|[upkeep]
|upkeep
|turn|12
|
|t:|1712819288
|move|p1a: Keldeo|Hydro Pump|p2a: Conkeldurr
|-crit|p2a: Conkeldurr
|-damage|p2a: Conkeldurr|0 fnt
|faint|p2a: Conkeldurr
|
|-weather|RainDance|[upkeep]
|upkeep
|
|t:|1712819291
|switch|p2a: Starmie|Starmie|100/100
|-damage|p2a: Starmie|88/100|[from] Stealth Rock
|-item|p2a: Starmie|Air Balloon
|turn|13
|
|t:|1712819303
|switch|p1a: Ferrothorn|Ferrothorn, F|89/100
|-damage|p1a: Ferrothorn|83/100|[from] Stealth Rock
|move|p2a: Starmie|Rapid Spin|p1a: Ferrothorn
|-resisted|p1a: Ferrothorn
|-damage|p1a: Ferrothorn|81/100
|-damage|p2a: Starmie|76/100|[from] ability: Iron Barbs|[of] p1a: Ferrothorn
|-sideend|p2: Re Heated Oven|Stealth Rock|[from] move: Rapid Spin|[of] p2a: Starmie
|
|-weather|RainDance|[upkeep]
|-heal|p1a: Ferrothorn|88/100|[from] item: Leftovers
|upkeep
|turn|14
|
|t:|1712819316
|move|p2a: Starmie|Thunder|p1a: Ferrothorn
|-resisted|p1a: Ferrothorn
|-damage|p1a: Ferrothorn|76/100
|move|p1a: Ferrothorn|Stealth Rock|p2a: Starmie
|-sidestart|p2: Re Heated Oven|move: Stealth Rock
|
|-weather|RainDance|[upkeep]
|-heal|p1a: Ferrothorn|83/100|[from] item: Leftovers
|upkeep
|turn|15
|inactive|BWVC BookofConke has 120 seconds left.
|
|t:|1712819348
|switch|p2a: Lucario|Lucario, F|100/100
|-damage|p2a: Lucario|98/100|[from] Stealth Rock
|move|p1a: Ferrothorn|Gyro Ball|p2a: Lucario
|-resisted|p2a: Lucario
|-damage|p2a: Lucario|61/100
|
|-weather|RainDance|[upkeep]
|-heal|p1a: Ferrothorn|89/100|[from] item: Leftovers
|upkeep
|turn|16
|inactive|BWVC BookofConke has 120 seconds left.
|
|t:|1712819375
|move|p2a: Lucario|Swords Dance|p2a: Lucario
|-boost|p2a: Lucario|atk|2
|move|p1a: Ferrothorn|Gyro Ball|p2a: Lucario
|-resisted|p2a: Lucario
|-damage|p2a: Lucario|24/100
|
|-weather|RainDance|[upkeep]
|-heal|p1a: Ferrothorn|95/100|[from] item: Leftovers
|upkeep
|turn|17
|
|t:|1712819391
|move|p2a: Lucario|Close Combat|p1a: Ferrothorn
|-supereffective|p1a: Ferrothorn
|-damage|p1a: Ferrothorn|0 fnt
|-unboost|p2a: Lucario|def|1
|-unboost|p2a: Lucario|spd|1
|-damage|p2a: Lucario|12/100|[from] ability: Iron Barbs|[of] p1a: Ferrothorn
|faint|p1a: Ferrothorn
|-damage|p2a: Lucario|2/100|[from] item: Life Orb
|
|-weather|RainDance|[upkeep]
|upkeep
|inactive|BWVC BookofConke has 90 seconds left.
|
|t:|1712819406
|switch|p1a: Keldeo|Keldeo-Resolute|40/100
|-damage|p1a: Keldeo|34/100|[from] Stealth Rock
|turn|18
|inactive|BWVC BookofConke has 90 seconds left.
|
|t:|1712819422
|move|p2a: Lucario|Extreme Speed|p1a: Keldeo
|-damage|p1a: Keldeo|0 fnt
|faint|p1a: Keldeo
|-damage|p2a: Lucario|0 fnt|[from] item: Life Orb
|faint|p2a: Lucario
|
|-weather|RainDance|[upkeep]
|upkeep
|inactive|BWVC BookofConke has 90 seconds left.
|
|t:|1712819434
|switch|p1a: Kyurem|Kyurem-Black|100/100
|switch|p2a: Starmie|Starmie|76/100
|-damage|p1a: Kyurem|76/100|[from] Stealth Rock
|-ability|p1a: Kyurem|Teravolt
|-damage|p2a: Starmie|64/100|[from] Stealth Rock
|-item|p2a: Starmie|Air Balloon
|turn|19
|inactive|BWVC BookofConke has 90 seconds left.
|
|t:|1712819442
|move|p1a: Kyurem|Fusion Bolt|p2a: Starmie
|-supereffective|p2a: Starmie
|-crit|p2a: Starmie
|-damage|p2a: Starmie|0 fnt
|-enditem|p2a: Starmie|Air Balloon
|faint|p2a: Starmie
|
|-weather|RainDance|[upkeep]
|upkeep
|
|t:|1712819462
|switch|p2a: Cloyster|Cloyster, M|100/100
|-damage|p2a: Cloyster|75/100|[from] Stealth Rock
|turn|20
|
|t:|1712819467
|move|p2a: Cloyster|Ice Shard|p1a: Kyurem
|-damage|p1a: Kyurem|64/100
|move|p1a: Kyurem|Fusion Bolt|p2a: Cloyster
|-supereffective|p2a: Cloyster
|-damage|p2a: Cloyster|5/100
|
|-weather|RainDance|[upkeep]
|upkeep
|turn|21
|
|t:|1712819474
|move|p2a: Cloyster|Ice Shard|p1a: Kyurem
|-damage|p1a: Kyurem|51/100
|move|p1a: Kyurem|Fusion Bolt|p2a: Cloyster
|-supereffective|p2a: Cloyster
|-damage|p2a: Cloyster|0 fnt
|faint|p2a: Cloyster
|
|-weather|RainDance|[upkeep]
|upkeep
|
|t:|1712819476
|switch|p2a: Dragonite|Dragonite, M|100/100
|-damage|p2a: Dragonite|75/100|[from] Stealth Rock
|turn|22
|inactive|BWVC BookofConke has 120 seconds left.
|
|t:|1712819484
|move|p1a: Kyurem|Fusion Bolt|p2a: Dragonite
|-damage|p2a: Dragonite|23/100
|move|p2a: Dragonite|Dragon Dance|p2a: Dragonite
|-boost|p2a: Dragonite|atk|1
|-boost|p2a: Dragonite|spe|1
|
|-weather|RainDance|[upkeep]
|-heal|p2a: Dragonite|30/100|[from] item: Leftovers
|upkeep
|turn|23
|
|t:|1712819494
|move|p1a: Kyurem|Fusion Bolt|p2a: Dragonite
|-damage|p2a: Dragonite|0 fnt
|faint|p2a: Dragonite
|
|win|BWVC BookofConke
|raw|BWVC BookofConke's rating: 1290 &rarr; <strong>1321</strong><br />(+31 for winning)
|raw|Re Heated Oven's rating: 1381 &rarr; <strong>1356</strong><br />(-25 for losing)
|l|☆Re Heated Oven
|player|p2|
