|j|☆MightyLemm2
|j|☆sergio aguero
|t:|1709567001
|gametype|singles
|player|p1|MightyLemm2|dawn|1322
|player|p2|sergio aguero|#oraspliiislayingjustice|1415
|teamsize|p1|6
|teamsize|p2|6
|gen|5
|tier|[Gen 5] OU
|rated|
|rule|Species Clause: Limit one of each Pokémon
|rule|OHKO Clause: OHKO moves are banned
|rule|Moody Clause: Moody is banned
|rule|Evasion Items Clause: Evasion items are banned
|rule|Evasion Moves Clause: Evasion moves are banned
|rule|Endless Battle Clause: Forcing endless battles is banned
|rule|HP Percentage Mod: HP is shown in percentages
|rule|Evasion Abilities Clause: Evasion abilities are banned
|rule|Sleep Moves Clause: Sleep-inducing moves are banned
|rule|Swagger Clause: Swagger is banned
|rule|Baton Pass Stat Clause: No Baton Passer may have a way to boost its stats
|clearpoke
|poke|p1|Latios, M|item
|poke|p1|Tyranitar, F|item
|poke|p1|Landorus-Therian, M|item
|poke|p1|Ferrothorn, M|item
|poke|p1|Machamp, F|item
|poke|p1|Keldeo|item
|poke|p2|Skarmory, F|item
|poke|p2|Volcarona, F|item
|poke|p2|Tyranitar, F|item
|poke|p2|Keldeo|item
|poke|p2|Excadrill, F|item
|poke|p2|Latios, M|item
|teampreview
|inactive|Battle timer is ON: inactive players will automatically lose when time's up. (requested by MightyLemm2)
|c|☆MightyLemm2|glhf
|c|☆sergio aguero|hf
|
|t:|1709567023
|start
|switch|p1a: Machamp|Machamp, F|100/100
|switch|p2a: Skarmory|Skarmory, F, shiny|100/100
|turn|1
|
|t:|1709567052
|move|p1a: Machamp|Dynamic Punch|p2a: Skarmory
|-damage|p2a: Skarmory|57/100
|-start|p2a: Skarmory|confusion
|-activate|p2a: Skarmory|confusion
|-damage|p2a: Skarmory|51/100|[from] confusion
|
|-heal|p2a: Skarmory|57/100|[from] item: Leftovers
|upkeep
|turn|2
|
|t:|1709567059
|move|p1a: Machamp|Dynamic Punch|p2a: Skarmory
|-damage|p2a: Skarmory|16/100
|-activate|p2a: Skarmory|confusion
|move|p2a: Skarmory|Roost|p2a: Skarmory
|-heal|p2a: Skarmory|66/100
|-singleturn|p2a: Skarmory|move: Roost
|
|-heal|p2a: Skarmory|72/100|[from] item: Leftovers
|upkeep
|turn|3
|
|t:|1709567065
|move|p1a: Machamp|Dynamic Punch|p2a: Skarmory
|-damage|p2a: Skarmory|32/100
|-activate|p2a: Skarmory|confusion
|-damage|p2a: Skarmory|26/100|[from] confusion
|
|-heal|p2a: Skarmory|32/100|[from] item: Leftovers
|upkeep
|turn|4
|
|t:|1709567076
|switch|p2a: Volcarona|Volcarona, F|100/100
|move|p1a: Machamp|Dynamic Punch|p2a: Volcarona
|-resisted|p2a: Volcarona
|-damage|p2a: Volcarona|60/100
|-start|p2a: Volcarona|confusion
|
|upkeep
|turn|5
|
|t:|1709567083
|move|p1a: Machamp|Dynamic Punch|p2a: Volcarona
|-resisted|p2a: Volcarona
|-damage|p2a: Volcarona|24/100
|-status|p1a: Machamp|brn|[from] ability: Flame Body|[of] p2a: Volcarona
|-activate|p2a: Volcarona|confusion
|-damage|p2a: Volcarona|18/100|[from] confusion
|
|-damage|p1a: Machamp|88/100 brn|[from] brn
|upkeep
|turn|6
|
|t:|1709567102
|move|p1a: Machamp|Dynamic Punch|p2a: Volcarona
|-resisted|p2a: Volcarona
|-damage|p2a: Volcarona|0 fnt
|faint|p2a: Volcarona
|
|-damage|p1a: Machamp|76/100 brn|[from] brn
|upkeep
|
|t:|1709567106
|switch|p2a: Skarmory|Skarmory, F, shiny|32/100
|turn|7
|
|t:|1709567108
|move|p1a: Machamp|Dynamic Punch|p2a: Skarmory
|-damage|p2a: Skarmory|10/100
|-start|p2a: Skarmory|confusion
|-activate|p2a: Skarmory|confusion
|-damage|p2a: Skarmory|5/100|[from] confusion
|
|-heal|p2a: Skarmory|11/100|[from] item: Leftovers
|-damage|p1a: Machamp|63/100 brn|[from] brn
|upkeep
|turn|8
|c|☆MightyLemm2|well
|c|☆MightyLemm2|that's bullshit
|c|☆sergio aguero|itsn ot
|c|☆MightyLemm2|sorry lol
|c|☆sergio aguero|it happens to me every game
|j| SKT T1 Motherfaker
|
|t:|1709567127
|switch|p2a: Latios|Latios, M|100/100
|move|p1a: Machamp|Dynamic Punch|p2a: Latios
|-resisted|p2a: Latios
|-damage|p2a: Latios|83/100
|-start|p2a: Latios|confusion
|
|-damage|p1a: Machamp|51/100 brn|[from] brn
|upkeep
|turn|9
|
|t:|1709567130
|switch|p2a: Skarmory|Skarmory, F, shiny|11/100
|switch|p1a: Tyranitar|Tyranitar, F|100/100
|-weather|Sandstorm|[from] ability: Sand Stream|[of] p1a: Tyranitar
|
|-weather|Sandstorm|[upkeep]
|-heal|p2a: Skarmory|17/100|[from] item: Leftovers
|upkeep
|turn|10
|
|t:|1709567137
|move|p2a: Skarmory|Roost|p2a: Skarmory
|-heal|p2a: Skarmory|67/100
|-singleturn|p2a: Skarmory|move: Roost
|move|p1a: Tyranitar|Fire Punch|p2a: Skarmory
|-supereffective|p2a: Skarmory
|-damage|p2a: Skarmory|0 fnt
|faint|p2a: Skarmory
|
|-weather|Sandstorm|[upkeep]
|upkeep
|
|t:|1709567146
|switch|p2a: Keldeo|Keldeo|100/100
|turn|11
|
|t:|1709567152
|switch|p1a: Latios|Latios, M|100/100
|move|p2a: Keldeo|Secret Sword|p1a: Latios
|-resisted|p1a: Latios
|-damage|p1a: Latios|71/100
|
|-weather|Sandstorm|[upkeep]
|-damage|p1a: Latios|65/100|[from] Sandstorm
|-damage|p2a: Keldeo|94/100|[from] Sandstorm
|-heal|p2a: Keldeo|100/100|[from] item: Leftovers
|upkeep
|turn|12
|
|t:|1709567163
|switch|p1a: Landorus|Landorus-Therian, M|100/100
|-ability|p1a: Landorus|Intimidate|boost
|-unboost|p2a: Keldeo|atk|1
|move|p2a: Keldeo|Protect||[still]
|-fail|p2a: Keldeo
|
|-weather|Sandstorm|[upkeep]
|-damage|p2a: Keldeo|94/100|[from] Sandstorm
|-heal|p2a: Keldeo|100/100|[from] item: Leftovers
|upkeep
|turn|13
|
|t:|1709567174
|move|p1a: Landorus|U-turn|p2a: Keldeo
|-resisted|p2a: Keldeo
|-damage|p2a: Keldeo|86/100
|
|t:|1709567179
|switch|p1a: Machamp|Machamp, F|51/100 brn|[from] U-turn
|move|p2a: Keldeo|Scald|p1a: Machamp
|-damage|p1a: Machamp|0 fnt
|faint|p1a: Machamp
|
|-weather|Sandstorm|[upkeep]
|-damage|p2a: Keldeo|80/100|[from] Sandstorm
|-heal|p2a: Keldeo|86/100|[from] item: Leftovers
|upkeep
|
|t:|1709567189
|switch|p1a: Keldeo|Keldeo|100/100
|turn|14
|
|t:|1709567193
|switch|p2a: Latios|Latios, M|83/100
|move|p1a: Keldeo|Secret Sword|p2a: Latios
|-resisted|p2a: Latios
|-damage|p2a: Latios|38/100
|
|-weather|Sandstorm|[upkeep]
|-damage|p2a: Latios|32/100|[from] Sandstorm
|-damage|p1a: Keldeo|94/100|[from] Sandstorm
|upkeep
|turn|15
|
|t:|1709567206
|switch|p1a: Tyranitar|Tyranitar, F|100/100
|move|p2a: Latios|Roost|p2a: Latios
|-heal|p2a: Latios|83/100
|-singleturn|p2a: Latios|move: Roost
|
|-weather|Sandstorm|[upkeep]
|-damage|p2a: Latios|77/100|[from] Sandstorm
|upkeep
|turn|16
|
|t:|1709567216
|-activate|p2a: Latios|move: Pursuit
|move|p1a: Tyranitar|Pursuit|p2a: Latios|[from]Pursuit
|-supereffective|p2a: Latios
|-damage|p2a: Latios|0 fnt
|faint|p2a: Latios
|-hint|A Pokemon can't switch between when it runs out of HP and when it faints
|
|-weather|Sandstorm|[upkeep]
|upkeep
|
|t:|1709567219
|switch|p2a: Keldeo|Keldeo|86/100
|turn|17
|
|t:|1709567225
|move|p2a: Keldeo|Secret Sword|p1a: Tyranitar
|-supereffective|p1a: Tyranitar
|-damage|p1a: Tyranitar|0 fnt
|faint|p1a: Tyranitar
|
|-weather|Sandstorm|[upkeep]
|-damage|p2a: Keldeo|80/100|[from] Sandstorm
|-heal|p2a: Keldeo|86/100|[from] item: Leftovers
|upkeep
|
|t:|1709567230
|switch|p1a: Keldeo|Keldeo|94/100
|turn|18
|
|t:|1709567233
|move|p2a: Keldeo|Protect|p2a: Keldeo
|-singleturn|p2a: Keldeo|Protect
|move|p1a: Keldeo|Secret Sword|p2a: Keldeo
|-activate|p2a: Keldeo|move: Protect
|
|-weather|Sandstorm|[upkeep]
|-damage|p2a: Keldeo|80/100|[from] Sandstorm
|-damage|p1a: Keldeo|88/100|[from] Sandstorm
|-heal|p2a: Keldeo|86/100|[from] item: Leftovers
|upkeep
|turn|19
|
|t:|1709567240
|switch|p2a: Tyranitar|Tyranitar, F|100/100
|move|p1a: Keldeo|Secret Sword|p2a: Tyranitar
|-supereffective|p2a: Tyranitar
|-enditem|p2a: Tyranitar|Chople Berry|[eat]
|-enditem|p2a: Tyranitar|Chople Berry|[weaken]
|-damage|p2a: Tyranitar|0 fnt
|faint|p2a: Tyranitar
|
|-weather|Sandstorm|[upkeep]
|-damage|p1a: Keldeo|82/100|[from] Sandstorm
|upkeep
|
|t:|1709567243
|switch|p2a: Excadrill|Excadrill, F|100/100
|turn|20
|
|t:|1709567250
|move|p2a: Excadrill|Earthquake|p1a: Keldeo
|-damage|p1a: Keldeo|0 fnt
|faint|p1a: Keldeo
|
|-weather|Sandstorm|[upkeep]
|upkeep
|
|t:|1709567260
|switch|p1a: Ferrothorn|Ferrothorn, M|100/100
|turn|21
|
|t:|1709567299
|move|p2a: Excadrill|Earthquake|p1a: Ferrothorn
|-damage|p1a: Ferrothorn|47/100
|move|p1a: Ferrothorn|Curse|p1a: Ferrothorn
|-unboost|p1a: Ferrothorn|spe|1
|-boost|p1a: Ferrothorn|atk|1
|-boost|p1a: Ferrothorn|def|1
|
|-weather|Sandstorm|[upkeep]
|upkeep
|turn|22
|
|t:|1709567321
|move|p2a: Excadrill|Earthquake|p1a: Ferrothorn
|-damage|p1a: Ferrothorn|8/100
|move|p1a: Ferrothorn|Explosion|p2a: Excadrill
|-resisted|p2a: Excadrill
|-damage|p2a: Excadrill|0 fnt
|faint|p1a: Ferrothorn
|faint|p2a: Excadrill
|
|-weather|Sandstorm|[upkeep]
|upkeep
|c|☆MightyLemm2|wp
|
|t:|1709567341
|switch|p2a: Keldeo|Keldeo|86/100
|switch|p1a: Latios|Latios, M|65/100
|turn|23
|c|☆MightyLemm2|I think there's really no way I win that without the hax from earlier lol
|c|☆sergio aguero|happens bro
|c|☆sergio aguero|gg
|c|☆MightyLemm2|gg
|
|t:|1709567349
|move|p2a: Keldeo|Protect|p2a: Keldeo
|-singleturn|p2a: Keldeo|Protect
|move|p1a: Latios|Psyshock|p2a: Keldeo
|-activate|p2a: Keldeo|move: Protect
|
|-weather|Sandstorm|[upkeep]
|-damage|p1a: Latios|59/100|[from] Sandstorm
|-damage|p2a: Keldeo|80/100|[from] Sandstorm
|-heal|p2a: Keldeo|86/100|[from] item: Leftovers
|upkeep
|turn|24
|
|t:|1709567351
|move|p1a: Latios|Psyshock|p2a: Keldeo
|-supereffective|p2a: Keldeo
|-damage|p2a: Keldeo|0 fnt
|faint|p2a: Keldeo
|
|win|MightyLemm2
|raw|MightyLemm2's rating: 1322 &rarr; <strong>1347</strong><br />(+25 for winning)
|raw|sergio aguero's rating: 1415 &rarr; <strong>1390</strong><br />(-25 for losing)
|l|☆sergio aguero
|player|p2|
|l|☆MightyLemm2
|player|p1|
