|j|☆Throw Games
|j|☆Garchomplte
|player|p1|Throw Games|cynthia-gen4|1307
|player|p2|Garchomplte|brock|1499
|teamsize|p1|6
|teamsize|p2|6
|gametype|singles
|gen|5
|tier|[Gen 5] OU
|rated|
|clearpoke
|poke|p1|Bronzong|item
|poke|p1|Politoed, F|item
|poke|p1|Ferrothorn, F|item
|poke|p1|Gliscor, F|item
|poke|p1|Tentacruel, F|item
|poke|p1|Jirachi|item
|poke|p2|Tyranitar, M|item
|poke|p2|Slowbro, M|item
|poke|p2|Landorus-Therian, M|item
|poke|p2|Magnezone|item
|poke|p2|Excadrill, M|item
|poke|p2|Jellicent, F|item
|rule|Species Clause: Limit one of each Pokémon
|rule|OHKO Clause: OHKO moves are banned
|rule|Moody Clause: Moody is banned
|rule|Evasion Moves Clause: Evasion moves are banned
|rule|Endless Battle Clause: Forcing endless battles is banned
|rule|HP Percentage Mod: HP is shown in percentages
|rule|Evasion Abilities Clause: Evasion abilities are banned
|rule|Baton Pass Clause: Limit one Baton Passer, can't pass Spe and other stats simultaneously
|rule|Sleep Clause: Sleep-inducing moves are banned
|rule|Swagger Clause: Swagger is banned
|teampreview
|inactive|Battle timer is ON: inactive players will automatically lose when time's up. (requested by Garchomplte)
|l|☆Garchomplte
|inactive|Garchomplte disconnected and has a minute to reconnect!
|player|p2|
|j|☆Garchomplte
|inactive|Garchomplte reconnected.
|player|p2|Garchomplte|brock
|inactive|Throw Games has 120 seconds left.
|l|☆Garchomplte
|inactive|Garchomplte disconnected and has a minute to reconnect!
|player|p2|
|j|☆Garchomplte
|inactive|Garchomplte reconnected.
|player|p2|Garchomplte|brock
|inactive|Throw Games has 90 seconds left.
|
|start
|switch|p1a: Politoed|Politoed, F|100/100
|switch|p2a: Slowbro|Slowbro, M|100/100
|-weather|RainDance|[from] ability: Drizzle|[of] p1a: Politoed
|turn|1
|
|switch|p2a: Magnezone|Magnezone|100/100
|move|p1a: Politoed|Toxic|p2a: Magnezone
|-immune|p2a: Magnezone
|
|-weather|RainDance|[upkeep]
|upkeep
|turn|2
|
|move|p1a: Politoed|Protect|p1a: Politoed
|-singleturn|p1a: Politoed|Protect
|move|p2a: Magnezone|Flash Cannon|p1a: Politoed
|-activate|p1a: Politoed|move: Protect
|
|-weather|RainDance|[upkeep]
|upkeep
|turn|3
|
|switch|p2a: Jellicent|Jellicent, F|100/100
|move|p1a: Politoed|Scald|p2a: Jellicent
|-immune|p2a: Jellicent|[from] ability: Water Absorb
|
|-weather|RainDance|[upkeep]
|upkeep
|turn|4
|
|move|p1a: Politoed|Toxic|p2a: Jellicent
|-status|p2a: Jellicent|tox
|move|p2a: Jellicent|Toxic|p1a: Politoed
|-status|p1a: Politoed|tox
|
|-weather|RainDance|[upkeep]
|-damage|p1a: Politoed|94/100 tox|[from] psn
|-damage|p2a: Jellicent|94/100 tox|[from] psn
|upkeep
|turn|5
|j| Pulse56
|
|switch|p1a: Ferrothorn|Ferrothorn, F|100/100
|switch|p2a: Magnezone|Magnezone|100/100
|
|-weather|RainDance|[upkeep]
|upkeep
|turn|6
|
|move|p2a: Magnezone|Hidden Power|p1a: Ferrothorn
|-supereffective|p1a: Ferrothorn
|-damage|p1a: Ferrothorn|39/100
|move|p1a: Ferrothorn|Leech Seed|p2a: Magnezone
|-start|p2a: Magnezone|move: Leech Seed
|
|-weather|RainDance|[upkeep]
|-heal|p1a: Ferrothorn|45/100|[from] item: Leftovers
|-damage|p2a: Magnezone|88/100|[from] Leech Seed|[of] p1a: Ferrothorn
|-heal|p1a: Ferrothorn|55/100|[silent]
|upkeep
|turn|7
|
|move|p1a: Ferrothorn|Protect|p1a: Ferrothorn
|-singleturn|p1a: Ferrothorn|Protect
|move|p2a: Magnezone|Hidden Power|p1a: Ferrothorn
|-activate|p1a: Ferrothorn|move: Protect
|
|-weather|RainDance|[upkeep]
|-heal|p1a: Ferrothorn|62/100|[from] item: Leftovers
|-damage|p2a: Magnezone|76/100|[from] Leech Seed|[of] p1a: Ferrothorn
|-heal|p1a: Ferrothorn|72/100|[silent]
|upkeep
|turn|8
|
|move|p2a: Magnezone|Hidden Power|p1a: Ferrothorn
|-supereffective|p1a: Ferrothorn
|-damage|p1a: Ferrothorn|11/100
|move|p1a: Ferrothorn|Spikes|p2a: Magnezone
|-sidestart|p2: Garchomplte|Spikes
|
|-weather|RainDance|[upkeep]
|-heal|p1a: Ferrothorn|18/100|[from] item: Leftovers
|-damage|p2a: Magnezone|63/100|[from] Leech Seed|[of] p1a: Ferrothorn
|-heal|p1a: Ferrothorn|27/100|[silent]
|upkeep
|turn|9
|
|move|p1a: Ferrothorn|Protect|p1a: Ferrothorn
|-singleturn|p1a: Ferrothorn|Protect
|move|p2a: Magnezone|Hidden Power|p1a: Ferrothorn
|-activate|p1a: Ferrothorn|move: Protect
|
|-weather|RainDance|[upkeep]
|-heal|p1a: Ferrothorn|34/100|[from] item: Leftovers
|-damage|p2a: Magnezone|51/100|[from] Leech Seed|[of] p1a: Ferrothorn
|-heal|p1a: Ferrothorn|44/100|[silent]
|upkeep
|turn|10
|
|move|p1a: Ferrothorn|Protect||[still]
|-fail|p1a: Ferrothorn
|move|p2a: Magnezone|Hidden Power|p1a: Ferrothorn
|-supereffective|p1a: Ferrothorn
|-damage|p1a: Ferrothorn|0 fnt
|faint|p1a: Ferrothorn
|
|-weather|RainDance|[upkeep]
|upkeep
|
|switch|p1a: Gliscor|Gliscor, F|100/100
|turn|11
|
|switch|p2a: Slowbro|Slowbro, M|100/100
|-damage|p2a: Slowbro|88/100|[from] Spikes
|move|p1a: Gliscor|Substitute|p1a: Gliscor
|-start|p1a: Gliscor|Substitute
|-damage|p1a: Gliscor|76/100
|
|-weather|RainDance|[upkeep]
|-status|p1a: Gliscor|tox|[from] item: Toxic Orb
|upkeep
|turn|12
|
|move|p1a: Gliscor|Earthquake|p2a: Slowbro
|-damage|p2a: Slowbro|69/100
|move|p2a: Slowbro|Scald|p1a: Gliscor
|-supereffective|p1a: Gliscor
|-end|p1a: Gliscor|Substitute
|
|-weather|RainDance|[upkeep]
|-heal|p1a: Gliscor|88/100 tox|[from] ability: Poison Heal
|upkeep
|turn|13
|l| Pulse56
|
|switch|p1a: Jirachi|Jirachi|100/100
|move|p2a: Slowbro|Scald|p1a: Jirachi
|-damage|p1a: Jirachi|74/100
|
|-weather|RainDance|[upkeep]
|-heal|p1a: Jirachi|80/100|[from] item: Leftovers
|upkeep
|turn|14
|
|move|p1a: Jirachi|Thunder|p2a: Slowbro
|-supereffective|p2a: Slowbro
|-damage|p2a: Slowbro|16/100
|-status|p2a: Slowbro|par
|move|p2a: Slowbro|Scald|p1a: Jirachi
|-damage|p1a: Jirachi|54/100
|
|-weather|RainDance|[upkeep]
|-heal|p1a: Jirachi|61/100|[from] item: Leftovers
|upkeep
|turn|15
|
|switch|p2a: Landorus|Landorus-Therian, M|100/100
|-ability|p2a: Landorus|Intimidate|boost
|-unboost|p1a: Jirachi|atk|1
|move|p1a: Jirachi|Wish|p1a: Jirachi
|
|-weather|RainDance|[upkeep]
|-heal|p1a: Jirachi|67/100|[from] item: Leftovers
|upkeep
|turn|16
|
|switch|p1a: Politoed|Politoed, F|94/100 tox
|move|p2a: Landorus|Hidden Power|p1a: Politoed
|-resisted|p1a: Politoed
|-damage|p1a: Politoed|87/100 tox
|
|-weather|RainDance|[upkeep]
|-heal|p1a: Politoed|100/100 tox|[from] move: Wish|[wisher] Jirachi
|-damage|p1a: Politoed|94/100 tox|[from] psn
|upkeep
|turn|17
|
|switch|p2a: Jellicent|Jellicent, F|94/100 tox
|-damage|p2a: Jellicent|82/100 tox|[from] Spikes
|switch|p1a: Bronzong|Bronzong|100/100
|
|-weather|RainDance|[upkeep]
|-heal|p2a: Jellicent|88/100 tox|[from] item: Leftovers
|-damage|p2a: Jellicent|82/100 tox|[from] psn
|upkeep
|turn|18
|
|move|p2a: Jellicent|Scald|p1a: Bronzong
|-damage|p1a: Bronzong|75/100
|move|p1a: Bronzong|Stealth Rock|p2a: Jellicent
|-sidestart|p2: Garchomplte|move: Stealth Rock
|
|-weather|RainDance|[upkeep]
|-heal|p2a: Jellicent|88/100 tox|[from] item: Leftovers
|-heal|p1a: Bronzong|81/100|[from] item: Leftovers
|-damage|p2a: Jellicent|76/100 tox|[from] psn
|upkeep
|turn|19
|
|switch|p2a: Excadrill|Excadrill, M|100/100
|-damage|p2a: Excadrill|97/100|[from] Stealth Rock
|-damage|p2a: Excadrill|85/100|[from] Spikes
|-ability|p2a: Excadrill|Mold Breaker
|move|p1a: Bronzong|Gyro Ball|p2a: Excadrill
|-resisted|p2a: Excadrill
|-damage|p2a: Excadrill|71/100
|
|-weather|RainDance|[upkeep]
|-heal|p2a: Excadrill|77/100|[from] item: Leftovers
|-heal|p1a: Bronzong|87/100|[from] item: Leftovers
|upkeep
|turn|20
|
|switch|p1a: Gliscor|Gliscor, F|88/100 tox
|move|p2a: Excadrill|Rapid Spin|p1a: Gliscor
|-crit|p1a: Gliscor
|-damage|p1a: Gliscor|78/100 tox
|-sideend|p2: Garchomplte|Spikes|[from] move: Rapid Spin|[of] p2a: Excadrill
|-sideend|p2: Garchomplte|Stealth Rock|[from] move: Rapid Spin|[of] p2a: Excadrill
|
|-weather|RainDance|[upkeep]
|-heal|p2a: Excadrill|83/100|[from] item: Leftovers
|-heal|p1a: Gliscor|91/100 tox|[from] ability: Poison Heal
|upkeep
|turn|21
|
|switch|p2a: Slowbro|Slowbro, M|49/100 par
|move|p1a: Gliscor|Substitute|p1a: Gliscor
|-start|p1a: Gliscor|Substitute
|-damage|p1a: Gliscor|66/100 tox
|
|-weather|RainDance|[upkeep]
|-heal|p1a: Gliscor|78/100 tox|[from] ability: Poison Heal
|upkeep
|turn|22
|
|move|p1a: Gliscor|Earthquake|p2a: Slowbro
|-damage|p2a: Slowbro|26/100 par
|move|p2a: Slowbro|Slack Off|p2a: Slowbro
|-heal|p2a: Slowbro|76/100 par
|
|-weather|RainDance|[upkeep]
|-heal|p1a: Gliscor|91/100 tox|[from] ability: Poison Heal
|upkeep
|turn|23
|
|move|p1a: Gliscor|Earthquake|p2a: Slowbro
|-damage|p2a: Slowbro|57/100 par
|move|p2a: Slowbro|Scald|p1a: Gliscor
|-supereffective|p1a: Gliscor
|-end|p1a: Gliscor|Substitute
|
|-weather|RainDance|[upkeep]
|-heal|p1a: Gliscor|100/100 tox|[from] ability: Poison Heal
|upkeep
|turn|24
|
|move|p1a: Gliscor|Substitute|p1a: Gliscor
|-start|p1a: Gliscor|Substitute
|-damage|p1a: Gliscor|76/100 tox
|move|p2a: Slowbro|Scald|p1a: Gliscor
|-supereffective|p1a: Gliscor
|-end|p1a: Gliscor|Substitute
|
|-weather|RainDance|[upkeep]
|-heal|p1a: Gliscor|88/100 tox|[from] ability: Poison Heal
|upkeep
|turn|25
|
|switch|p2a: Landorus|Landorus-Therian, M|100/100
|-ability|p2a: Landorus|Intimidate|boost
|-unboost|p1a: Gliscor|atk|1
|move|p1a: Gliscor|Protect||[still]
|-fail|p1a: Gliscor
|
|-weather|RainDance|[upkeep]
|-heal|p1a: Gliscor|100/100 tox|[from] ability: Poison Heal
|upkeep
|turn|26
|
|move|p2a: Landorus|U-turn|p1a: Gliscor
|-resisted|p1a: Gliscor
|-crit|p1a: Gliscor
|-damage|p1a: Gliscor|80/100 tox
|
|switch|p2a: Slowbro|Slowbro, M|90/100 par|[from]move: U-turn
|move|p1a: Gliscor|Ice Fang|p2a: Slowbro
|-resisted|p2a: Slowbro
|-damage|p2a: Slowbro|87/100 par
|-damage|p1a: Gliscor|63/100 tox|[from] item: Rocky Helmet|[of] p2a: Slowbro
|
|-weather|RainDance|[upkeep]
|-heal|p1a: Gliscor|75/100 tox|[from] ability: Poison Heal
|upkeep
|turn|27
|
|move|p1a: Gliscor|Substitute|p1a: Gliscor
|-start|p1a: Gliscor|Substitute
|-damage|p1a: Gliscor|50/100 tox
|move|p2a: Slowbro|Scald|p1a: Gliscor
|-supereffective|p1a: Gliscor
|-end|p1a: Gliscor|Substitute
|
|-weather|RainDance|[upkeep]
|-heal|p1a: Gliscor|63/100 tox|[from] ability: Poison Heal
|upkeep
|turn|28
|
|move|p1a: Gliscor|Protect|p1a: Gliscor
|-singleturn|p1a: Gliscor|Protect
|cant|p2a: Slowbro|par
|
|-weather|RainDance|[upkeep]
|-heal|p1a: Gliscor|75/100 tox|[from] ability: Poison Heal
|upkeep
|turn|29
|
|move|p1a: Gliscor|Substitute|p1a: Gliscor
|-start|p1a: Gliscor|Substitute
|-damage|p1a: Gliscor|50/100 tox
|move|p2a: Slowbro|Scald|p1a: Gliscor
|-supereffective|p1a: Gliscor
|-end|p1a: Gliscor|Substitute
|
|-weather|RainDance|[upkeep]
|-heal|p1a: Gliscor|63/100 tox|[from] ability: Poison Heal
|upkeep
|turn|30
|
|move|p1a: Gliscor|Protect|p1a: Gliscor
|-singleturn|p1a: Gliscor|Protect
|move|p2a: Slowbro|Ice Beam|p1a: Gliscor
|-activate|p1a: Gliscor|move: Protect
|
|-weather|RainDance|[upkeep]
|-heal|p1a: Gliscor|75/100 tox|[from] ability: Poison Heal
|upkeep
|turn|31
|
|switch|p1a: Tentacruel|Tentacruel, F|100/100
|move|p2a: Slowbro|Ice Beam|p1a: Tentacruel
|-resisted|p1a: Tentacruel
|-damage|p1a: Tentacruel|92/100
|
|-weather|RainDance|[upkeep]
|-heal|p1a: Tentacruel|98/100|[from] ability: Rain Dish
|-heal|p1a: Tentacruel|100/100|[from] item: Black Sludge
|upkeep
|turn|32
|
|move|p1a: Tentacruel|Toxic Spikes|p2a: Slowbro
|-sidestart|p2: Garchomplte|move: Toxic Spikes
|cant|p2a: Slowbro|par
|
|-weather|RainDance|[upkeep]
|upkeep
|turn|33
|
|move|p1a: Tentacruel|Scald|p2a: Slowbro
|-resisted|p2a: Slowbro
|-damage|p2a: Slowbro|70/100 par
|cant|p2a: Slowbro|par
|
|-weather|RainDance|[upkeep]
|upkeep
|turn|34
|
|move|p1a: Tentacruel|Toxic Spikes|p2a: Slowbro
|-sidestart|p2: Garchomplte|move: Toxic Spikes
|move|p2a: Slowbro|Psychic|p1a: Tentacruel
|-supereffective|p1a: Tentacruel
|-damage|p1a: Tentacruel|54/100
|
|-weather|RainDance|[upkeep]
|-heal|p1a: Tentacruel|60/100|[from] ability: Rain Dish
|-heal|p1a: Tentacruel|66/100|[from] item: Black Sludge
|upkeep
|turn|35
|
|switch|p2a: Excadrill|Excadrill, M|83/100
|-ability|p2a: Excadrill|Mold Breaker
|move|p1a: Tentacruel|Protect||[still]
|-fail|p1a: Tentacruel
|
|-weather|RainDance|[upkeep]
|-heal|p1a: Tentacruel|72/100|[from] ability: Rain Dish
|-heal|p1a: Tentacruel|79/100|[from] item: Black Sludge
|-heal|p2a: Excadrill|89/100|[from] item: Leftovers
|upkeep
|turn|36
|
|move|p1a: Tentacruel|Scald|p2a: Excadrill
|-supereffective|p2a: Excadrill
|-damage|p2a: Excadrill|33/100
|move|p2a: Excadrill|Earthquake|p1a: Tentacruel
|-supereffective|p1a: Tentacruel
|-damage|p1a: Tentacruel|0 fnt
|faint|p1a: Tentacruel
|
|-weather|RainDance|[upkeep]
|-heal|p2a: Excadrill|39/100|[from] item: Leftovers
|upkeep
|
|switch|p1a: Gliscor|Gliscor, F|75/100 tox
|turn|37
|
|move|p2a: Excadrill|Protect|p2a: Excadrill
|-singleturn|p2a: Excadrill|Protect
|move|p1a: Gliscor|Earthquake|p2a: Excadrill
|-activate|p2a: Excadrill|move: Protect
|
|-weather|RainDance|[upkeep]
|-heal|p2a: Excadrill|45/100|[from] item: Leftovers
|-heal|p1a: Gliscor|88/100 tox|[from] ability: Poison Heal
|upkeep
|turn|38
|
|switch|p2a: Slowbro|Slowbro, M|100/100 par
|move|p1a: Gliscor|Earthquake|p2a: Slowbro
|-damage|p2a: Slowbro|78/100 par
|
|-weather|RainDance|[upkeep]
|-heal|p1a: Gliscor|99/100 tox|[from] ability: Poison Heal
|upkeep
|turn|39
|
|switch|p1a: Jirachi|Jirachi|67/100
|move|p2a: Slowbro|Scald|p1a: Jirachi
|-damage|p1a: Jirachi|43/100
|-status|p1a: Jirachi|brn
|
|-weather|RainDance|[upkeep]
|-heal|p1a: Jirachi|49/100 brn|[from] item: Leftovers
|-damage|p1a: Jirachi|37/100 brn|[from] brn
|upkeep
|turn|40
|inactive|Throw Games has 120 seconds left.
|
|switch|p2a: Magnezone|Magnezone|51/100
|move|p1a: Jirachi|Thunder|p2a: Magnezone
|-resisted|p2a: Magnezone
|-damage|p2a: Magnezone|31/100
|
|-weather|RainDance|[upkeep]
|-heal|p1a: Jirachi|43/100 brn|[from] item: Leftovers
|-damage|p1a: Jirachi|30/100 brn|[from] brn
|upkeep
|turn|41
|
|move|p1a: Jirachi|Wish|p1a: Jirachi
|move|p2a: Magnezone|Thunderbolt|p1a: Jirachi
|-damage|p1a: Jirachi|0 fnt
|faint|p1a: Jirachi
|
|-weather|RainDance|[upkeep]
|upkeep
|inactive|Throw Games has 120 seconds left.
|
|switch|p1a: Gliscor|Gliscor, F|99/100 tox
|turn|42
|
|switch|p2a: Slowbro|Slowbro, M|100/100 par
|move|p1a: Gliscor|Ice Fang|p2a: Slowbro
|-resisted|p2a: Slowbro
|-damage|p2a: Slowbro|96/100 par
|-damage|p1a: Gliscor|84/100 tox|[from] item: Rocky Helmet|[of] p2a: Slowbro
|
|-weather|RainDance|[upkeep]
|-heal|p1a: Gliscor|100/100 tox|[from] move: Wish|[wisher] Jirachi
|upkeep
|turn|43
|-message|Throw Games forfeited.
|
|win|Garchomplte
|l|☆Throw Games
|raw|Throw Games's rating: 1319 &rarr; <strong>1309</strong><br />(-10 for losing)
|raw|Garchomplte's rating: 1500 &rarr; <strong>1510</strong><br />(+10 for winning)
