|join|Draigon
|join|Damen Auguste
|player|p1|Draigon|80
|player|p2|Damen Auguste|99
|gametype|singles
|gen|5
|tier|[Gen 5] OU
|rated
|rule|Evasion Abilities Clause: Evasion abilities are banned
|clearpoke
|poke|p1|Tyranitar, F
|poke|p1|Gliscor, M
|poke|p1|Rotom-Wash
|poke|p1|Scizor, F
|poke|p1|Mamoswine, M
|poke|p1|Garchomp, M
|poke|p2|Abomasnow, M
|poke|p2|Keldeo
|poke|p2|Heatran, F
|poke|p2|Latias, F
|poke|p2|Gliscor, M
|poke|p2|Starmie
|rule|Sleep Clause Mod: Limit one foe put to sleep
|rule|Species Clause: Limit one of each Pokemon
|rule|OHKO Clause: OHKO moves are banned
|rule|Moody Clause: Moody is banned
|rule|Evasion Moves Clause: Evasion moves are banned
|rule|Endless Battle Clause: Forcing endless battles is banned.
|rule|HP Percentage Mod: HP is reported as percentages
|teampreview
|
|start
|switch|p1a: Rotom-Wash|Rotom-Wash|304/304
|switch|p2a: Heatran|Heatran, F|324/324
|-item|p2a: Heatran|Air Balloon
|turn|1
|
|switch|p2a: Abomasnow|Abomasnow, M|321/321
|-weather|Hail|[from] ability: Snow Warning|[of] p2a: Abomasnow
|move|p1a: Rotom-Wash|Hydro Pump|p2a: Abomasnow
|-resisted|p2a: Abomasnow
|-damage|p2a: Abomasnow|237/321
|
|-weather|Hail|[upkeep]
|-damage|p1a: Rotom-Wash|285/304|[from] hail
|-heal|p1a: Rotom-Wash|304/304|[from] item: Leftovers
|turn|2
|
|move|p1a: Rotom-Wash|Will-O-Wisp|p2a: Abomasnow
|-status|p2a: Abomasnow|brn
|move|p2a: Abomasnow|Wood Hammer|p1a: Rotom-Wash
|-supereffective|p1a: Rotom-Wash
|-damage|p1a: Rotom-Wash|107/304
|-damage|p2a: Abomasnow|172/321 brn|[from] recoil|[of] p1a: Rotom-Wash
|
|-weather|Hail|[upkeep]
|-damage|p1a: Rotom-Wash|88/304|[from] hail
|-heal|p1a: Rotom-Wash|107/304|[from] item: Leftovers
|-damage|p2a: Abomasnow|132/321 brn|[from] brn
|turn|3
|
|switch|p2a: Gliscor|Gliscor, M|352/352
|move|p1a: Rotom-Wash|Volt Switch|p2a: Gliscor
|-immune|p2a: Gliscor|[msg]
|
|-weather|Hail|[upkeep]
|-damage|p2a: Gliscor|330/352|[from] hail
|-damage|p1a: Rotom-Wash|88/304|[from] hail
|-heal|p1a: Rotom-Wash|107/304|[from] item: Leftovers
|-status|p2a: Gliscor|tox|[from] item: Toxic Orb
|turn|4
|
|switch|p2a: Latias|Latias, F|343/343
|move|p1a: Rotom-Wash|Pain Split|p2a: Latias
|-sethp|p2a: Latias|225/343|p1a: Rotom-Wash|225/304|[from] move: Pain Split
|
|-weather|Hail|[upkeep]
|-damage|p2a: Latias|204/343|[from] hail
|-damage|p1a: Rotom-Wash|206/304|[from] hail
|-heal|p1a: Rotom-Wash|225/304|[from] item: Leftovers
|turn|5
|
|switch|p1a: Tyranitar|Tyranitar, F|404/404
|-weather|Sandstorm|[from] ability: Sand Stream|[of] p1a: Tyranitar
|move|p2a: Latias|Draco Meteor|p1a: Tyranitar|[miss]
|-miss|p2a: Latias|p1a: Tyranitar
|
|-weather|Sandstorm|[upkeep]
|-damage|p2a: Latias|183/343|[from] sandstorm
|turn|6
|
|move|p2a: Latias|Reflect Type|p1a: Tyranitar
|-start|p2a: Latias|typechange|Rock/Dark|[from] move: Reflect Type|[of] p1a: Tyranitar
|move|p1a: Tyranitar|Pursuit|p2a: Latias
|-resisted|p2a: Latias
|-damage|p2a: Latias|148/343
|
|-weather|Sandstorm|[upkeep]
|turn|7
|
|move|p2a: Latias|Roost|p2a: Latias
|-heal|p2a: Latias|320/343
|move|p1a: Tyranitar|Superpower|p2a: Latias
|-supereffective|p2a: Latias
|-damage|p2a: Latias|0 fnt
|-unboost|p1a: Tyranitar|atk|1
|-unboost|p1a: Tyranitar|def|1
|faint|p2a: Latias
|
|-weather|Sandstorm|[upkeep]
|
|switch|p2a: Heatran|Heatran, F|324/324
|-item|p2a: Heatran|Air Balloon
|turn|8
|
|move|p2a: Heatran|Stealth Rock|p1a: Tyranitar
|-sidestart|p1: Draigon|move: Stealth Rock
|move|p1a: Tyranitar|Stealth Rock|p2a: Heatran
|-sidestart|p2: Damen Auguste|move: Stealth Rock
|
|-weather|Sandstorm|[upkeep]
|turn|9
|chat|Damen Auguste|lol
|
|switch|p1a: Rotom-Wash|Rotom-Wash|225/304
|-damage|p1a: Rotom-Wash|187/304|[from] Stealth Rock
|move|p2a: Heatran|Sunny Day|p2a: Heatran
|-weather|SunnyDay
|
|-weather|SunnyDay|[upkeep]
|-heal|p1a: Rotom-Wash|206/304|[from] item: Leftovers
|turn|10
|
|move|p2a: Heatran|Solar Beam|p1a: Rotom-Wash|[still]
|-prepare|p2a: Heatran|Solar Beam|p1a: Rotom-Wash
|-anim|p2a: Heatran|Solar Beam|p1a: Rotom-Wash
|-supereffective|p1a: Rotom-Wash
|-damage|p1a: Rotom-Wash|10/304
|move|p1a: Rotom-Wash|Volt Switch|p2a: Heatran
|-damage|p2a: Heatran|239/324
|-enditem|p2a: Heatran|Air Balloon
|
|switch|p1a: Tyranitar|Tyranitar, F|404/404
|-damage|p1a: Tyranitar|354/404|[from] Stealth Rock
|-weather|Sandstorm|[from] ability: Sand Stream|[of] p1a: Tyranitar
|
|-weather|Sandstorm|[upkeep]
|-heal|p1a: Tyranitar|379/404|[from] item: Leftovers
|turn|11
|
|switch|p2a: Keldeo|Keldeo|323/323
|-damage|p2a: Keldeo|303/323|[from] Stealth Rock
|switch|p1a: Mamoswine|Mamoswine, M|424/424
|-damage|p1a: Mamoswine|371/424|[from] Stealth Rock
|
|-weather|Sandstorm|[upkeep]
|-damage|p2a: Keldeo|283/323|[from] sandstorm
|turn|12
|
|switch|p1a: Rotom-Wash|Rotom-Wash|10/304
|-damage|p1a: Rotom-Wash|0 fnt|[from] Stealth Rock
|faint|p1a: Rotom-Wash
|move|p2a: Keldeo|Surf|p1: Rotom-Wash|[notarget]
|-notarget
|
|-weather|Sandstorm|[upkeep]
|-damage|p2a: Keldeo|263/323|[from] sandstorm
|
|switch|p1a: Scizor|Scizor, F|344/344
|-damage|p1a: Scizor|301/344|[from] Stealth Rock
|turn|13
|
|switch|p2a: Abomasnow|Abomasnow, M|132/321 brn
|-damage|p2a: Abomasnow|52/321 brn|[from] Stealth Rock
|-weather|Hail|[from] ability: Snow Warning|[of] p2a: Abomasnow
|move|p1a: Scizor|U-turn|p2a: Abomasnow
|-supereffective|p2a: Abomasnow
|-damage|p2a: Abomasnow|0 fnt
|faint|p2a: Abomasnow
|
|switch|p1a: Gliscor|Gliscor, M|354/354
|-damage|p1a: Gliscor|310/354|[from] Stealth Rock
|
|-weather|Hail|[upkeep]
|-damage|p1a: Gliscor|288/354|[from] hail
|-status|p1a: Gliscor|tox|[from] item: Toxic Orb
|
|switch|p2a: Starmie|Starmie|323/323
|-damage|p2a: Starmie|283/323|[from] Stealth Rock
|turn|14
|
|move|p2a: Starmie|Rapid Spin|p1a: Gliscor
|-damage|p1a: Gliscor|280/354 tox
|-sideend|p2: Damen Auguste|Stealth Rock|[from] move: Rapid Spin|[of] p2a: Starmie
|move|p1a: Gliscor|Toxic|p2a: Starmie
|-status|p2a: Starmie|tox
|
|-weather|Hail|[upkeep]
|-damage|p2a: Starmie|263/323 tox|[from] hail
|-damage|p1a: Gliscor|258/354 tox|[from] hail
|-heal|p2a: Starmie|283/323 tox|[from] item: Leftovers
|-damage|p2a: Starmie|263/323 tox|[from] psn
|-heal|p1a: Gliscor|302/354 tox|[from] ability: Poison Heal
|turn|15
|
|move|p1a: Gliscor|Protect|p1a: Gliscor
|-singleturn|p1a: Gliscor|Protect
|move|p2a: Starmie|Scald|p1a: Gliscor
|-activate|p1a: Gliscor|Protect
|
|-weather|Hail|[upkeep]
|-damage|p2a: Starmie|243/323 tox|[from] hail
|-damage|p1a: Gliscor|280/354 tox|[from] hail
|-heal|p2a: Starmie|263/323 tox|[from] item: Leftovers
|-damage|p2a: Starmie|223/323 tox|[from] psn
|-heal|p1a: Gliscor|324/354 tox|[from] ability: Poison Heal
|turn|16
|
|switch|p1a: Tyranitar|Tyranitar, F|379/404
|-damage|p1a: Tyranitar|329/404|[from] Stealth Rock
|-weather|Sandstorm|[from] ability: Sand Stream|[of] p1a: Tyranitar
|move|p2a: Starmie|Scald|p1a: Tyranitar
|-supereffective|p1a: Tyranitar
|-damage|p1a: Tyranitar|231/404
|
|-weather|Sandstorm|[upkeep]
|-damage|p2a: Starmie|203/323 tox|[from] sandstorm
|-heal|p2a: Starmie|223/323 tox|[from] item: Leftovers
|-heal|p1a: Tyranitar|256/404|[from] item: Leftovers
|-damage|p2a: Starmie|163/323 tox|[from] psn
|turn|17
|
|switch|p2a: Keldeo|Keldeo|263/323
|move|p1a: Tyranitar|Stealth Rock|p2a: Keldeo
|-sidestart|p2: Damen Auguste|move: Stealth Rock
|
|-weather|Sandstorm|[upkeep]
|-damage|p2a: Keldeo|243/323|[from] sandstorm
|-heal|p1a: Tyranitar|281/404|[from] item: Leftovers
|turn|18
|
|move|p2a: Keldeo|Hydro Pump|p1a: Tyranitar
|-supereffective|p1a: Tyranitar
|-damage|p1a: Tyranitar|89/404
|move|p1a: Tyranitar|Superpower|p2a: Keldeo
|-damage|p2a: Keldeo|112/323
|-unboost|p1a: Tyranitar|atk|1
|-unboost|p1a: Tyranitar|def|1
|
|-weather|Sandstorm|[upkeep]
|-damage|p2a: Keldeo|92/323|[from] sandstorm
|-heal|p1a: Tyranitar|114/404|[from] item: Leftovers
|turn|19
|
|move|p1a: Tyranitar|Pursuit|p2a: Keldeo|[from]Pursuit
|-resisted|p2a: Keldeo
|-damage|p2a: Keldeo|47/323
|-boost|p2a: Keldeo|atk|1|[from] ability: Justified
|switch|p2a: Starmie|Starmie|163/323
|-damage|p2a: Starmie|123/323|[from] Stealth Rock
|
|-weather|Sandstorm|[upkeep]
|-damage|p2a: Starmie|103/323|[from] sandstorm
|-heal|p2a: Starmie|123/323|[from] item: Leftovers
|-heal|p1a: Tyranitar|139/404|[from] item: Leftovers
|turn|20
|
|move|p2a: Starmie|Rapid Spin|p1a: Tyranitar
|-resisted|p1a: Tyranitar
|-damage|p1a: Tyranitar|131/404
|-sideend|p2: Damen Auguste|Stealth Rock|[from] move: Rapid Spin|[of] p2a: Starmie
|move|p1a: Tyranitar|Stealth Rock|p2a: Starmie
|-sidestart|p2: Damen Auguste|move: Stealth Rock
|
|-weather|Sandstorm|[upkeep]
|-damage|p2a: Starmie|103/323|[from] sandstorm
|-heal|p2a: Starmie|123/323|[from] item: Leftovers
|-heal|p1a: Tyranitar|156/404|[from] item: Leftovers
|turn|21
|
|move|p2a: Starmie|Scald|p1a: Tyranitar
|-supereffective|p1a: Tyranitar
|-damage|p1a: Tyranitar|66/404
|-status|p1a: Tyranitar|brn
|move|p1a: Tyranitar|Stealth Rock|p2a: Starmie
|-fail|p2a: Starmie
|
|-weather|Sandstorm|[upkeep]
|-damage|p2a: Starmie|103/323|[from] sandstorm
|-heal|p2a: Starmie|123/323|[from] item: Leftovers
|-heal|p1a: Tyranitar|91/404 brn|[from] item: Leftovers
|-damage|p1a: Tyranitar|41/404 brn|[from] brn
|turn|22
|
|move|p2a: Starmie|Rapid Spin|p1a: Tyranitar
|-resisted|p1a: Tyranitar
|-damage|p1a: Tyranitar|34/404 brn
|-sideend|p2: Damen Auguste|Stealth Rock|[from] move: Rapid Spin|[of] p2a: Starmie
|move|p1a: Tyranitar|Pursuit|p2a: Starmie
|-supereffective|p2a: Starmie
|-damage|p2a: Starmie|75/323
|
|-weather|Sandstorm|[upkeep]
|-damage|p2a: Starmie|55/323|[from] sandstorm
|-heal|p2a: Starmie|75/323|[from] item: Leftovers
|-heal|p1a: Tyranitar|59/404 brn|[from] item: Leftovers
|-damage|p1a: Tyranitar|9/404 brn|[from] brn
|turn|23
|
|move|p2a: Starmie|Scald|p1a: Tyranitar
|-supereffective|p1a: Tyranitar
|-damage|p1a: Tyranitar|0 fnt
|faint|p1a: Tyranitar
|
|-weather|Sandstorm|[upkeep]
|-damage|p2a: Starmie|55/323|[from] sandstorm
|-heal|p2a: Starmie|75/323|[from] item: Leftovers
|
|switch|p1a: Garchomp|Garchomp, M|357/357
|-damage|p1a: Garchomp|335/357|[from] Stealth Rock
|turn|24
|
|switch|p2a: Gliscor|Gliscor, M|330/352 tox
|move|p1a: Garchomp|Stone Edge|p2a: Gliscor
|-damage|p2a: Gliscor|247/352 tox
|
|-weather|Sandstorm|[upkeep]
|-heal|p2a: Gliscor|291/352 tox|[from] ability: Poison Heal
|turn|25
|
|switch|p1a: Gliscor|Gliscor, M|324/354 tox
|-damage|p1a: Gliscor|280/354 tox|[from] Stealth Rock
|switch|p2a: Starmie|Starmie|75/323
|
|-weather|Sandstorm|[upkeep]
|-damage|p2a: Starmie|55/323|[from] sandstorm
|-heal|p2a: Starmie|75/323|[from] item: Leftovers
|-heal|p1a: Gliscor|324/354 tox|[from] ability: Poison Heal
|turn|26
|
|move|p2a: Starmie|Recover|p2a: Starmie
|-heal|p2a: Starmie|237/323
|move|p1a: Gliscor|Earthquake|p2a: Starmie
|-damage|p2a: Starmie|110/323
|
|-weather|Sandstorm|[upkeep]
|-damage|p2a: Starmie|90/323|[from] sandstorm
|-heal|p2a: Starmie|110/323|[from] item: Leftovers
|-heal|p1a: Gliscor|354/354 tox|[from] ability: Poison Heal
|turn|27
|
|move|p2a: Starmie|Scald|p1a: Gliscor
|-supereffective|p1a: Gliscor
|-damage|p1a: Gliscor|100/354 tox
|move|p1a: Gliscor|Toxic|p2a: Starmie
|-status|p2a: Starmie|tox
|
|-weather|Sandstorm|[upkeep]
|-damage|p2a: Starmie|90/323 tox|[from] sandstorm
|-heal|p2a: Starmie|110/323 tox|[from] item: Leftovers
|-damage|p2a: Starmie|90/323 tox|[from] psn
|-heal|p1a: Gliscor|144/354 tox|[from] ability: Poison Heal
|turn|28
|
|move|p1a: Gliscor|Protect|p1a: Gliscor
|-singleturn|p1a: Gliscor|Protect
|move|p2a: Starmie|Recover|p2a: Starmie
|-heal|p2a: Starmie|252/323 tox
|
|-weather|Sandstorm|[upkeep]
|-damage|p2a: Starmie|232/323 tox|[from] sandstorm
|-heal|p2a: Starmie|252/323 tox|[from] item: Leftovers
|-damage|p2a: Starmie|212/323 tox|[from] psn
|-heal|p1a: Gliscor|188/354 tox|[from] ability: Poison Heal
|turn|29
|
|switch|p1a: Scizor|Scizor, F|301/344
|-damage|p1a: Scizor|258/344|[from] Stealth Rock
|move|p2a: Starmie|Scald|p1a: Scizor
|-damage|p1a: Scizor|141/344
|-status|p1a: Scizor|brn
|
|-weather|Sandstorm|[upkeep]
|-damage|p2a: Starmie|192/323 tox|[from] sandstorm
|-heal|p2a: Starmie|212/323 tox|[from] item: Leftovers
|-damage|p2a: Starmie|152/323 tox|[from] psn
|-damage|p1a: Scizor|98/344 brn|[from] brn
|turn|30
|
|move|p1a: Scizor|Pursuit|p2a: Starmie|[from]Pursuit
|-supereffective|p2a: Starmie
|-damage|p2a: Starmie|0 fnt
|faint|p2a: Starmie
|
|-weather|Sandstorm|[upkeep]
|-damage|p1a: Scizor|55/344 brn|[from] brn
|
|switch|p2a: Gliscor|Gliscor, M|291/352 tox
|turn|31
|
|move|p2a: Gliscor|Earthquake|p1a: Scizor
|-damage|p1a: Scizor|0 fnt
|faint|p1a: Scizor
|
|-weather|Sandstorm|[upkeep]
|-heal|p2a: Gliscor|335/352 tox|[from] ability: Poison Heal
|
|switch|p1a: Mamoswine|Mamoswine, M|371/424
|-damage|p1a: Mamoswine|318/424|[from] Stealth Rock
|turn|32
|
|move|p2a: Gliscor|Protect|p2a: Gliscor
|-singleturn|p2a: Gliscor|Protect
|move|p1a: Mamoswine|Earthquake|p2a: Gliscor
|-immune|p2a: Gliscor|[msg]
|
|-weather|Sandstorm|[upkeep]
|-heal|p2a: Gliscor|352/352 tox|[from] ability: Poison Heal
|turn|33
|
|move|p1a: Mamoswine|Ice Shard|p2a: Gliscor
|-supereffective|p2a: Gliscor
|-damage|p2a: Gliscor|35/352 tox
|-damage|p1a: Mamoswine|276/424|[from] item: Life Orb
|move|p2a: Gliscor|Earthquake|p1a: Mamoswine
|-crit|p1a: Mamoswine
|-damage|p1a: Mamoswine|15/424
|
|-weather|Sandstorm|[upkeep]
|-heal|p2a: Gliscor|79/352 tox|[from] ability: Poison Heal
|turn|34
|
|move|p2a: Gliscor|Protect|p2a: Gliscor
|-singleturn|p2a: Gliscor|Protect
|move|p1a: Mamoswine|Stealth Rock|p2a: Gliscor
|-sidestart|p2: Damen Auguste|move: Stealth Rock
|
|-weather|Sandstorm|[upkeep]
|-heal|p2a: Gliscor|123/352 tox|[from] ability: Poison Heal
|turn|35
|
|switch|p2a: Heatran|Heatran, F|239/324
|-damage|p2a: Heatran|199/324|[from] Stealth Rock
|move|p1a: Mamoswine|Earthquake|p2a: Heatran
|-supereffective|p2a: Heatran
|-damage|p2a: Heatran|0 fnt
|-damage|p1a: Mamoswine|0 fnt|[from] item: Life Orb
|faint|p2a: Heatran
|faint|p1a: Mamoswine
|
|-weather|Sandstorm|[upkeep]
|
|switch|p1a: Garchomp|Garchomp, M|335/357
|-damage|p1a: Garchomp|313/357|[from] Stealth Rock
|switch|p2a: Gliscor|Gliscor, M|123/352 tox
|-damage|p2a: Gliscor|79/352 tox|[from] Stealth Rock
|turn|36
|
|move|p2a: Gliscor|Protect|p2a: Gliscor
|-singleturn|p2a: Gliscor|Protect
|move|p1a: Garchomp|Outrage|p2a: Gliscor
|-activate|p2a: Gliscor|Protect
|
|-weather|Sandstorm|[upkeep]
|-heal|p2a: Gliscor|123/352 tox|[from] ability: Poison Heal
|turn|37
|
|move|p1a: Garchomp|Outrage|p2a: Gliscor
|-damage|p2a: Gliscor|0 fnt
|faint|p2a: Gliscor
|
|-weather|Sandstorm|[upkeep]
|
|switch|p2a: Keldeo|Keldeo|47/323
|-damage|p2a: Keldeo|27/323|[from] Stealth Rock
|turn|38
|
|move|p2a: Keldeo|Hidden Power|p1a: Garchomp
|-supereffective|p1a: Garchomp
|-damage|p1a: Garchomp|0 fnt
|faint|p1a: Garchomp
|
|-weather|Sandstorm|[upkeep]
|-damage|p2a: Keldeo|7/323|[from] sandstorm
|
|switch|p1a: Gliscor|Gliscor, M|188/354 tox
|-damage|p1a: Gliscor|144/354 tox|[from] Stealth Rock
|turn|39
|
|move|p1a: Gliscor|Protect|p1a: Gliscor
|-singleturn|p1a: Gliscor|Protect
|move|p2a: Keldeo|Hidden Power|p1a: Gliscor
|-activate|p1a: Gliscor|Protect
|
|-weather|Sandstorm|[upkeep]
|-damage|p2a: Keldeo|0 fnt|[from] sandstorm
|-heal|p1a: Gliscor|188/354 tox|[from] ability: Poison Heal
|faint|p2a: Keldeo
|
|win|Draigon
|raw|Ladder updating...
|raw|Draigon's rating: 1523 &rarr; <strong>1534</strong><br />(+11 for winning)
|raw|Damen Auguste's rating: 1342 &rarr; <strong>1331</strong><br />(-11 for losing)
|leave|Damen Auguste
|player|p2
|chat|Draigon|gg