|j|☆SK8HEAD
|j|☆Crimsonbacon38
|t:|1705947149
|gametype|singles
|player|p1|SK8HEAD|265|1459
|player|p2|Crimsonbacon38|266|1401
|teamsize|p1|6
|teamsize|p2|6
|gen|5
|tier|[Gen 5] OU
|rated|
|rule|Species Clause: Limit one of each Pokémon
|rule|OHKO Clause: OHKO moves are banned
|rule|Moody Clause: Moody is banned
|rule|Evasion Items Clause: Evasion items are banned
|rule|Evasion Moves Clause: Evasion moves are banned
|rule|Endless Battle Clause: Forcing endless battles is banned
|rule|HP Percentage Mod: HP is shown in percentages
|rule|Evasion Abilities Clause: Evasion abilities are banned
|rule|Sleep Moves Clause: Sleep-inducing moves are banned
|rule|Swagger Clause: Swagger is banned
|rule|Baton Pass Stat Clause: No Baton Passer may have a way to boost its stats
|clearpoke
|poke|p1|Mamoswine, M|item
|poke|p1|Latios, M|item
|poke|p1|Scizor, F|item
|poke|p1|Kyurem-Black|item
|poke|p1|Salamence, M|item
|poke|p1|Magnezone|item
|poke|p2|Politoed, M|item
|poke|p2|Ferrothorn, M|item
|poke|p2|Starmie|item
|poke|p2|Latios, M|item
|poke|p2|Keldeo|item
|poke|p2|Garchomp, M|item
|teampreview
|c|☆Crimsonbacon38|Ohohohooo shit
|c|☆SK8HEAD|gl dawg
|c|☆Crimsonbacon38|What’s up bro
|c|☆Crimsonbacon38|gl hf
|c|☆SK8HEAD|not tryna get haxxed today
|
|t:|1705947187
|start
|switch|p1a: Mamoswine|Mamoswine, M|100/100
|switch|p2a: Politoed|Politoed, M|100/100
|-weather|RainDance|[from] ability: Drizzle|[of] p2a: Politoed
|turn|1
|
|t:|1705947192
|move|p1a: Mamoswine|Stealth Rock|p2a: Politoed
|-sidestart|p2: Crimsonbacon38|move: Stealth Rock
|move|p2a: Politoed|Toxic|p1a: Mamoswine
|-status|p1a: Mamoswine|tox
|
|-weather|RainDance|[upkeep]
|-damage|p1a: Mamoswine|94/100 tox|[from] psn
|upkeep
|turn|2
|
|t:|1705947197
|switch|p1a: Latios|Latios, M|100/100
|move|p2a: Politoed|Scald|p1a: Latios
|-resisted|p1a: Latios
|-damage|p1a: Latios|80/100
|-status|p1a: Latios|brn
|
|-weather|RainDance|[upkeep]
|-damage|p1a: Latios|68/100 brn|[from] brn
|upkeep
|turn|3
|
|t:|1705947200
|switch|p1a: Magnezone|Magnezone|100/100
|move|p2a: Politoed|Protect||[still]
|-fail|p2a: Politoed
|
|-weather|RainDance|[upkeep]
|upkeep
|turn|4
|
|t:|1705947205
|switch|p2a: Ferrothorn|Ferrothorn, M|100/100
|-damage|p2a: Ferrothorn|94/100|[from] Stealth Rock
|move|p1a: Magnezone|Volt Switch|p2a: Ferrothorn
|-resisted|p2a: Ferrothorn
|-damage|p2a: Ferrothorn|72/100
|
|t:|1705947210
|switch|p1a: Scizor|Scizor, F|100/100|[from] Volt Switch
|
|-weather|RainDance|[upkeep]
|-heal|p2a: Ferrothorn|79/100|[from] item: Leftovers
|upkeep
|turn|5
|
|t:|1705947220
|move|p1a: Scizor|U-turn|p2a: Ferrothorn
|-damage|p2a: Ferrothorn|37/100
|-damage|p1a: Scizor|88/100|[from] ability: Iron Barbs|[of] p2a: Ferrothorn
|
|t:|1705947224
|switch|p1a: Mamoswine|Mamoswine, M|94/100 tox|[from] U-turn
|move|p2a: Ferrothorn|Stealth Rock|p1a: Mamoswine
|-sidestart|p1: SK8HEAD|move: Stealth Rock
|
|-weather|RainDance|[upkeep]
|-heal|p2a: Ferrothorn|43/100|[from] item: Leftovers
|-damage|p1a: Mamoswine|88/100 tox|[from] psn
|upkeep
|turn|6
|
|t:|1705947227
|move|p1a: Mamoswine|Earthquake|p2a: Ferrothorn
|-damage|p2a: Ferrothorn|4/100
|move|p2a: Ferrothorn|Gyro Ball|p1a: Mamoswine
|-supereffective|p1a: Mamoswine
|-damage|p1a: Mamoswine|0 fnt
|faint|p1a: Mamoswine
|
|-weather|RainDance|[upkeep]
|-heal|p2a: Ferrothorn|10/100|[from] item: Leftovers
|upkeep
|c|☆SK8HEAD|tuff
|
|t:|1705947239
|switch|p1a: Scizor|Scizor, F|88/100
|-damage|p1a: Scizor|76/100|[from] Stealth Rock
|turn|7
|
|t:|1705947245
|move|p1a: Scizor|U-turn|p2a: Ferrothorn
|-damage|p2a: Ferrothorn|0 fnt
|-damage|p1a: Scizor|64/100|[from] ability: Iron Barbs|[of] p2a: Ferrothorn
|faint|p2a: Ferrothorn
|
|t:|1705947248
|switch|p1a: Latios|Latios, M|68/100 brn|[from] U-turn
|-damage|p1a: Latios|55/100 brn|[from] Stealth Rock
|
|-weather|RainDance|[upkeep]
|-damage|p1a: Latios|43/100 brn|[from] brn
|upkeep
|c|☆SK8HEAD|this team kinda bad if uk whats up icl
|
|t:|1705947291
|switch|p2a: Starmie|Starmie|100/100
|-damage|p2a: Starmie|88/100|[from] Stealth Rock
|-item|p2a: Starmie|Air Balloon
|turn|8
|
|t:|1705947294
|move|p2a: Starmie|Hydro Pump|p1a: Latios
|-resisted|p1a: Latios
|-crit|p1a: Latios
|-damage|p1a: Latios|0 fnt
|faint|p1a: Latios
|
|-weather|RainDance|[upkeep]
|upkeep
|c|☆SK8HEAD|man
|
|t:|1705947316
|switch|p1a: Salamence|Salamence, M|100/100
|-damage|p1a: Salamence|76/100|[from] Stealth Rock
|turn|9
|
|t:|1705947322
|move|p1a: Salamence|Outrage|p2a: Starmie
|-damage|p2a: Starmie|0 fnt
|-enditem|p2a: Starmie|Air Balloon
|faint|p2a: Starmie
|-ability|p1a: Salamence|Moxie|boost
|-boost|p1a: Salamence|atk|1
|
|-weather|RainDance|[upkeep]
|upkeep
|
|t:|1705947324
|switch|p2a: Keldeo|Keldeo|100/100
|-damage|p2a: Keldeo|94/100|[from] Stealth Rock
|turn|10
|
|t:|1705947327
|move|p2a: Keldeo|Hidden Power|p1a: Salamence
|-supereffective|p1a: Salamence
|-damage|p1a: Salamence|0 fnt
|faint|p1a: Salamence
|
|-weather|RainDance|[upkeep]
|upkeep
|
|t:|1705947330
|switch|p1a: Kyurem|Kyurem-Black|100/100
|-damage|p1a: Kyurem|76/100|[from] Stealth Rock
|-ability|p1a: Kyurem|Teravolt
|turn|11
|
|t:|1705947335
|switch|p2a: Politoed|Politoed, M|100/100
|-damage|p2a: Politoed|88/100|[from] Stealth Rock
|move|p1a: Kyurem|Dragon Claw|p2a: Politoed
|-damage|p2a: Politoed|21/100
|
|-weather|RainDance|[upkeep]
|-heal|p2a: Politoed|27/100|[from] item: Leftovers
|upkeep
|turn|12
|
|t:|1705947341
|move|p1a: Kyurem|Dragon Claw|p2a: Politoed
|-damage|p2a: Politoed|0 fnt
|faint|p2a: Politoed
|
|-weather|RainDance|[upkeep]
|upkeep
|inactive|Battle timer is ON: inactive players will automatically lose when time's up. (requested by SK8HEAD)
|
|t:|1705947352
|switch|p2a: Garchomp|Garchomp, M|100/100
|-damage|p2a: Garchomp|94/100|[from] Stealth Rock
|turn|13
|c|☆SK8HEAD|gg
|inactive|Crimsonbacon38 has 120 seconds left.
|
|t:|1705947405
|move|p2a: Garchomp|Rock Slide|p1a: Kyurem
|-supereffective|p1a: Kyurem
|-damage|p1a: Kyurem|17/100
|cant|p1a: Kyurem|flinch
|
|-weather|RainDance|[upkeep]
|upkeep
|turn|14
|inactive|Crimsonbacon38 has 120 seconds left.
|c|☆SK8HEAD|damn
|
|t:|1705947423
|move|p2a: Garchomp|Rock Slide|p1a: Kyurem
|-supereffective|p1a: Kyurem
|-damage|p1a: Kyurem|0 fnt
|faint|p1a: Kyurem
|
|-weather|RainDance|[upkeep]
|upkeep
|
|t:|1705947427
|switch|p1a: Magnezone|Magnezone|100/100
|-damage|p1a: Magnezone|94/100|[from] Stealth Rock
|turn|15
|
|t:|1705947436
|switch|p2a: Keldeo|Keldeo|94/100
|-damage|p2a: Keldeo|88/100|[from] Stealth Rock
|move|p1a: Magnezone|Flash Cannon|p2a: Keldeo
|-resisted|p2a: Keldeo
|-crit|p2a: Keldeo
|-damage|p2a: Keldeo|12/100
|
|-weather|RainDance|[upkeep]
|upkeep
|turn|16
|
|t:|1705947444
|move|p2a: Keldeo|Secret Sword|p1a: Magnezone
|-supereffective|p1a: Magnezone
|-damage|p1a: Magnezone|0 fnt
|faint|p1a: Magnezone
|
|-weather|RainDance|[upkeep]
|upkeep
|
|t:|1705947447
|switch|p1a: Scizor|Scizor, F|64/100
|-damage|p1a: Scizor|51/100|[from] Stealth Rock
|turn|17
|c|☆Crimsonbacon38|Gg wp
|
|t:|1705947453
|move|p1a: Scizor|Bullet Punch|p2a: Keldeo
|-resisted|p2a: Keldeo
|-damage|p2a: Keldeo|0 fnt
|faint|p2a: Keldeo
|
|-weather|RainDance|[upkeep]
|upkeep
|
|t:|1705947454
|switch|p2a: Garchomp|Garchomp, M|94/100
|-damage|p2a: Garchomp|88/100|[from] Stealth Rock
|turn|18
|c|☆SK8HEAD|ggs lmao
|
|t:|1705947464
|move|p1a: Scizor|Bullet Punch|p2a: Garchomp
|-damage|p2a: Garchomp|37/100
|-damage|p1a: Scizor|39/100|[from] ability: Rough Skin|[of] p2a: Garchomp
|move|p2a: Garchomp|Earthquake|p1a: Scizor
|-crit|p1a: Scizor
|-damage|p1a: Scizor|0 fnt
|faint|p1a: Scizor
|
|win|Crimsonbacon38
|raw|SK8HEAD's rating: 1459 &rarr; <strong>1436</strong><br />(-23 for losing)
|raw|Crimsonbacon38's rating: 1401 &rarr; <strong>1424</strong><br />(+23 for winning)
|l|☆SK8HEAD
|player|p1|
