|j|☆ill
|j|☆Haxeraresonofbitch
|player|p1|ill|zinzolin|1267
|player|p2|Haxeraresonofbitch|249|1441
|teamsize|p1|6
|teamsize|p2|6
|gametype|singles
|gen|5
|tier|[Gen 5] OU
|rated|
|clearpoke
|poke|p1|Skarmory, M|item
|poke|p1|Gastrodon-East, F|item
|poke|p1|Reuniclus, F|item
|poke|p1|Tyranitar, M|item
|poke|p1|Latias, F|item
|poke|p1|Heatran, M|item
|poke|p2|Infernape, M|item
|poke|p2|Conkeldurr, M|item
|poke|p2|Tyranitar, F|item
|poke|p2|Jellicent, M|item
|poke|p2|Bronzong|item
|poke|p2|Reuniclus, M|item
|rule|Species Clause: Limit one of each Pokémon
|rule|OHKO Clause: OHKO moves are banned
|rule|Moody Clause: Moody is banned
|rule|Evasion Moves Clause: Evasion moves are banned
|rule|Endless Battle Clause: Forcing endless battles is banned
|rule|HP Percentage Mod: HP is shown in percentages
|rule|Evasion Abilities Clause: Evasion abilities are banned
|rule|Baton Pass Clause: Limit one Baton Passer, can't pass Spe and other stats simultaneously
|rule|Sleep Clause: Sleep-inducing moves are banned
|rule|Swagger Clause: Swagger is banned
|teampreview
|inactive|Battle timer is ON: inactive players will automatically lose when time's up. (requested by Haxeraresonofbitch)
|
|start
|switch|p1a: Latias|Latias, F|100/100
|switch|p2a: Reuniclus|Reuniclus, M|100/100
|turn|1
|
|move|p1a: Latias|Thunder Wave|p2a: Reuniclus
|-status|p2a: Reuniclus|par
|move|p2a: Reuniclus|Trick Room|p2a: Reuniclus
|-fieldstart|move: Trick Room|[of] p2a: Reuniclus
|
|upkeep
|turn|2
|
|switch|p1a: Skarmory|Skarmory, M|100/100
|move|p2a: Reuniclus|Shadow Ball|p1a: Skarmory
|-resisted|p1a: Skarmory
|-damage|p1a: Skarmory|77/100
|
|upkeep
|turn|3
|
|move|p2a: Reuniclus|Focus Blast|p1a: Skarmory|[miss]
|-miss|p2a: Reuniclus|p1a: Skarmory
|move|p1a: Skarmory|Roost|p1a: Skarmory
|-heal|p1a: Skarmory|100/100
|-singleturn|p1a: Skarmory|move: Roost
|
|upkeep
|turn|4
|
|move|p2a: Reuniclus|Focus Blast|p1a: Skarmory|[miss]
|-miss|p2a: Reuniclus|p1a: Skarmory
|move|p1a: Skarmory|Spikes|p2a: Reuniclus
|-sidestart|p2: Haxeraresonofbitch|Spikes
|
|upkeep
|turn|5
|
|move|p2a: Reuniclus|Focus Blast|p1a: Skarmory|[miss]
|-miss|p2a: Reuniclus|p1a: Skarmory
|move|p1a: Skarmory|Spikes|p2a: Reuniclus
|-sidestart|p2: Haxeraresonofbitch|Spikes
|
|-fieldend|move: Trick Room
|upkeep
|turn|6
|c|☆Haxeraresonofbitch|read my name son of bitch
|
|move|p1a: Skarmory|Spikes|p2a: Reuniclus
|-sidestart|p2: Haxeraresonofbitch|Spikes
|move|p2a: Reuniclus|Trick Room|p2a: Reuniclus
|-fieldstart|move: Trick Room|[of] p2a: Reuniclus
|
|upkeep
|turn|7
|inactive|ill has 120 seconds left.
|
|cant|p2a: Reuniclus|par
|move|p1a: Skarmory|Whirlwind|p2a: Reuniclus
|drag|p2a: Conkeldurr|Conkeldurr, M|100/100
|-damage|p2a: Conkeldurr|76/100|[from] Spikes
|
|upkeep
|turn|8
|c|☆Haxeraresonofbitch|4 hax a row yeah
|c|☆Haxeraresonofbitch|just go suicide you fucker
|
|switch|p1a: Latias|Latias, F|100/100
|move|p2a: Conkeldurr|Thunder Punch|p1a: Latias
|-resisted|p1a: Latias
|-damage|p1a: Latias|73/100
|-damage|p2a: Conkeldurr|66/100|[from] item: Life Orb
|
|-heal|p1a: Latias|79/100|[from] item: Leftovers
|upkeep
|turn|9
|
|move|p2a: Conkeldurr|Ice Punch|p1a: Latias
|-supereffective|p1a: Latias
|-damage|p1a: Latias|0 fnt
|-damage|p2a: Conkeldurr|56/100|[from] item: Life Orb
|faint|p1a: Latias
|
|upkeep
|
|switch|p1a: Reuniclus|Reuniclus, F|100/100
|turn|10
|
|switch|p2a: Tyranitar|Tyranitar, F|100/100
|-damage|p2a: Tyranitar|76/100|[from] Spikes
|-weather|Sandstorm|[from] ability: Sand Stream|[of] p2a: Tyranitar
|move|p1a: Reuniclus|Calm Mind|p1a: Reuniclus
|-boost|p1a: Reuniclus|spa|1
|-boost|p1a: Reuniclus|spd|1
|
|-weather|Sandstorm|[upkeep]
|-fieldend|move: Trick Room
|upkeep
|turn|11
|
|switch|p1a: Tyranitar|Tyranitar, M|100/100
|move|p2a: Tyranitar|Crunch|p1a: Tyranitar
|-resisted|p1a: Tyranitar
|-damage|p1a: Tyranitar|84/100
|-unboost|p1a: Tyranitar|def|1
|
|-weather|Sandstorm|[upkeep]
|upkeep
|turn|12
|
|switch|p2a: Infernape|Infernape, M|100/100
|-damage|p2a: Infernape|76/100|[from] Spikes
|move|p1a: Tyranitar|Stealth Rock|p2a: Infernape
|-sidestart|p2: Haxeraresonofbitch|move: Stealth Rock
|
|-weather|Sandstorm|[upkeep]
|-damage|p2a: Infernape|69/100|[from] Sandstorm
|upkeep
|turn|13
|inactive|ill has 120 seconds left.
|
|switch|p1a: Gastrodon|Gastrodon-East, F|100/100
|move|p2a: Infernape|Stealth Rock|p1a: Gastrodon
|-sidestart|p1: ill|move: Stealth Rock
|
|-weather|Sandstorm|[upkeep]
|-damage|p2a: Infernape|63/100|[from] Sandstorm
|upkeep
|turn|14
|inactive|ill has 120 seconds left.
|
|switch|p2a: Jellicent|Jellicent, M, shiny|100/100
|-damage|p2a: Jellicent|75/100|[from] Spikes
|-damage|p2a: Jellicent|63/100|[from] Stealth Rock
|move|p1a: Gastrodon|Toxic|p2a: Jellicent
|-status|p2a: Jellicent|tox
|
|-weather|Sandstorm|[upkeep]
|-damage|p2a: Jellicent|57/100 tox|[from] Sandstorm
|-heal|p2a: Jellicent|63/100 tox|[from] item: Leftovers
|-damage|p2a: Jellicent|57/100 tox|[from] psn
|upkeep
|turn|15
|
|switch|p1a: Skarmory|Skarmory, M|100/100
|-damage|p1a: Skarmory|88/100|[from] Stealth Rock
|move|p2a: Jellicent|Energy Ball|p1a: Skarmory
|-resisted|p1a: Skarmory
|-damage|p1a: Skarmory|81/100
|
|-weather|Sandstorm|[upkeep]
|-damage|p2a: Jellicent|51/100 tox|[from] Sandstorm
|-heal|p2a: Jellicent|57/100 tox|[from] item: Leftovers
|-damage|p2a: Jellicent|45/100 tox|[from] psn
|upkeep
|turn|16
|inactive|ill has 120 seconds left.
|
|switch|p2a: Infernape|Infernape, M|63/100
|-damage|p2a: Infernape|38/100|[from] Spikes
|-damage|p2a: Infernape|26/100|[from] Stealth Rock
|move|p1a: Skarmory|Whirlwind|p2a: Infernape
|drag|p2a: Jellicent|Jellicent, M, shiny|45/100 tox
|-damage|p2a: Jellicent|32/100 tox|[from] Stealth Rock
|-damage|p2a: Jellicent|7/100 tox|[from] Spikes
|
|-weather|Sandstorm|[upkeep]
|-damage|p2a: Jellicent|1/100 tox|[from] Sandstorm
|-heal|p2a: Jellicent|7/100 tox|[from] item: Leftovers
|-damage|p2a: Jellicent|1/100 tox|[from] psn
|upkeep
|turn|17
|
|move|p1a: Skarmory|Brave Bird|p2a: Jellicent
|-damage|p2a: Jellicent|0 fnt
|-damage|p1a: Skarmory|81/100|[from] Recoil
|faint|p2a: Jellicent
|
|-weather|Sandstorm|[upkeep]
|upkeep
|
|switch|p2a: Infernape|Infernape, M|26/100
|-damage|p2a: Infernape|14/100|[from] Stealth Rock
|-damage|p2a: Infernape|0 fnt|[from] Spikes
|faint|p2a: Infernape
|c|☆Haxeraresonofbitch|it's incredible
|c|☆Haxeraresonofbitch|this fucking skarmory should have been dead before posing any entry hazard
|c|☆Haxeraresonofbitch|but yeah
|inactive|Haxeraresonofbitch has 120 seconds left.
|c|☆Haxeraresonofbitch|you're a fucking son of a fatty bitch
|
|switch|p2a: Reuniclus|Reuniclus, M|100/100 par
|turn|18
|inactive|ill has 120 seconds left.
|
|switch|p1a: Tyranitar|Tyranitar, M|84/100
|-damage|p1a: Tyranitar|72/100|[from] Stealth Rock
|cant|p2a: Reuniclus|par
|
|-weather|Sandstorm|[upkeep]
|upkeep
|turn|19
|inactive|ill has 120 seconds left.
|inactive|Haxeraresonofbitch has 120 seconds left.
|c|☆Haxeraresonofbitch|COME ON FUCK R FATTY MOM
|c|☆Haxeraresonofbitch|FUCKING SON OF BITCH
|c|☆Haxeraresonofbitch|GO SUICIDE IT WILL BE BETTER FOR EVERYBODY EVEN YOUR FATTY MOM
|
|switch|p2a: Conkeldurr|Conkeldurr, M|56/100
|-damage|p2a: Conkeldurr|50/100|[from] Stealth Rock
|-damage|p2a: Conkeldurr|25/100|[from] Spikes
|move|p1a: Tyranitar|Crunch|p2a: Conkeldurr
|-resisted|p2a: Conkeldurr
|-damage|p2a: Conkeldurr|7/100
|
|-weather|Sandstorm|[upkeep]
|-damage|p2a: Conkeldurr|0 fnt|[from] Sandstorm
|faint|p2a: Conkeldurr
|upkeep
|
|switch|p2a: Bronzong|Bronzong|100/100
|-damage|p2a: Bronzong|94/100|[from] Stealth Rock
|turn|20
|inactive|ill has 120 seconds left.
|
|move|p1a: Tyranitar|Crunch|p2a: Bronzong
|-damage|p2a: Bronzong|59/100
|-unboost|p2a: Bronzong|def|1
|move|p2a: Bronzong|Trick Room|p2a: Bronzong
|-fieldstart|move: Trick Room|[of] p2a: Bronzong
|
|-weather|Sandstorm|[upkeep]
|upkeep
|turn|21
|
|switch|p1a: Skarmory|Skarmory, M|81/100
|-damage|p1a: Skarmory|69/100|[from] Stealth Rock
|move|p2a: Bronzong|Gyro Ball|p1a: Skarmory
|-resisted|p1a: Skarmory
|-damage|p1a: Skarmory|48/100
|-damage|p2a: Bronzong|42/100|[from] item: Rocky Helmet|[of] p1a: Skarmory
|
|-weather|Sandstorm|[upkeep]
|upkeep
|turn|22
|
|switch|p2a: Tyranitar|Tyranitar, F|76/100
|-damage|p2a: Tyranitar|63/100|[from] Stealth Rock
|-damage|p2a: Tyranitar|39/100|[from] Spikes
|move|p1a: Skarmory|Roost|p1a: Skarmory
|-heal|p1a: Skarmory|98/100
|-singleturn|p1a: Skarmory|move: Roost
|
|-weather|Sandstorm|[upkeep]
|upkeep
|turn|23
|
|move|p2a: Tyranitar|Flamethrower|p1a: Skarmory
|-supereffective|p1a: Skarmory
|-damage|p1a: Skarmory|21/100
|move|p1a: Skarmory|Whirlwind|p2a: Tyranitar
|drag|p2a: Reuniclus|Reuniclus, M|100/100 par
|
|-weather|Sandstorm|[upkeep]
|upkeep
|turn|24
|c|☆Haxeraresonofbitch|YEAAAAH I'LL LOSE 30 PTS AGAINST A FUCKING NOOB THAT CAN'T PLAY WITHOUT SHITTY HAX
|inactive|ill has 120 seconds left.
|
|move|p2a: Reuniclus|Focus Blast|p1a: Skarmory
|-damage|p1a: Skarmory|0 fnt
|faint|p1a: Skarmory
|
|-weather|Sandstorm|[upkeep]
|-fieldend|move: Trick Room
|upkeep
|inactive|ill has 120 seconds left.
|
|switch|p1a: Tyranitar|Tyranitar, M|72/100
|-damage|p1a: Tyranitar|60/100|[from] Stealth Rock
|turn|25
|
|move|p1a: Tyranitar|Crunch|p2a: Reuniclus
|-supereffective|p2a: Reuniclus
|-damage|p2a: Reuniclus|18/100 par
|cant|p2a: Reuniclus|par
|
|-weather|Sandstorm|[upkeep]
|upkeep
|turn|26
|c|☆Haxeraresonofbitch|JUUUUUUUUUUUUUUUUST FUUUUUUUUUUUUUUUUUUUUUUUUUUUUUUUUUUUUUUUUUUUUUUUUUUUUUUUUUUUUUUUUUUUUUCKK
|c|☆Haxeraresonofbitch|FUCKING SON OF BITCH I WISH YOU'LL DIE WITH ALL YOUR FUCKING FAMILY
|
|move|p1a: Tyranitar|Pursuit|p2a: Reuniclus
|-supereffective|p2a: Reuniclus
|-damage|p2a: Reuniclus|0 fnt
|faint|p2a: Reuniclus
|
|-weather|Sandstorm|[upkeep]
|upkeep
|
|switch|p2a: Bronzong|Bronzong|42/100
|-damage|p2a: Bronzong|36/100|[from] Stealth Rock
|turn|27
|
|move|p1a: Tyranitar|Crunch|p2a: Bronzong
|-damage|p2a: Bronzong|0 fnt
|faint|p2a: Bronzong
|
|-weather|Sandstorm|[upkeep]
|upkeep
|
|switch|p2a: Tyranitar|Tyranitar, F|39/100
|-damage|p2a: Tyranitar|26/100|[from] Stealth Rock
|-damage|p2a: Tyranitar|1/100|[from] Spikes
|turn|28
|c|☆Haxeraresonofbitch|FUCKING SON OF BITCH GO SUICIDE FOR EVERYONE'S SAKE
|c|☆Haxeraresonofbitch|ASSHOLE
|c|☆Haxeraresonofbitch|BASTARD
|c|☆Haxeraresonofbitch|SON OF A DISGUSTING BITCH
|inactive|Haxeraresonofbitch has 120 seconds left.
|c|☆Haxeraresonofbitch|EVEN YOUR DISGUSTING MOM WOULD PREFER SEEING YOU DEAD
|
|move|p1a: Tyranitar|Crunch|p2a: Tyranitar
|-resisted|p2a: Tyranitar
|-damage|p2a: Tyranitar|0 fnt
|faint|p2a: Tyranitar
|
|win|ill
|raw|ill's rating: 1267 &rarr; <strong>1304</strong><br />(+37 for winning)
|raw|Haxeraresonofbitch's rating: 1441 &rarr; <strong>1411</strong><br />(-30 for losing)
