|j|☆sawk123
|j|☆player 384098275
|player|p1|sawk123|170|1352
|player|p2|player 384098275|brendan-gen3|1309
|teamsize|p1|6
|teamsize|p2|6
|gametype|singles
|gen|5
|tier|[Gen 5] OU
|rated|
|clearpoke
|poke|p1|Terrakion|item
|poke|p1|Gengar, M|item
|poke|p1|Hydreigon, M|item
|poke|p1|Alakazam, M|item
|poke|p1|Mamoswine, F|item
|poke|p1|Staraptor, F|item
|poke|p2|Politoed, M|item
|poke|p2|Keldeo|item
|poke|p2|Excadrill, M|item
|poke|p2|Thundurus-Therian, M|item
|poke|p2|Murkrow, M|item
|poke|p2|Volcarona, F|item
|rule|Species Clause: Limit one of each Pokémon
|rule|OHKO Clause: OHKO moves are banned
|rule|Moody Clause: Moody is banned
|rule|Evasion Moves Clause: Evasion moves are banned
|rule|Endless Battle Clause: Forcing endless battles is banned
|rule|HP Percentage Mod: HP is shown in percentages
|rule|Evasion Abilities Clause: Evasion abilities are banned
|rule|Baton Pass Clause: Limit one Baton Passer, can't pass Spe and other stats simultaneously
|rule|Sleep Clause: Sleep-inducing moves are banned
|rule|Swagger Clause: Swagger is banned
|teampreview
|inactive|Battle timer is ON: inactive players will automatically lose when time's up. (requested by player 384098275)
|
|start
|switch|p1a: Gengar|Gengar, M|100/100
|switch|p2a: Murkrow|Murkrow, M|100/100
|turn|1
|
|move|p2a: Murkrow|Thunder Wave|p1a: Gengar
|-status|p1a: Gengar|par
|move|p1a: Gengar|Thunderbolt|p2a: Murkrow
|-supereffective|p2a: Murkrow
|-damage|p2a: Murkrow|17/100
|
|upkeep
|turn|2
|
|switch|p1a: Hydreigon|Hydreigon, M|100/100
|move|p2a: Murkrow|Roost|p2a: Murkrow
|-heal|p2a: Murkrow|67/100
|-singleturn|p2a: Murkrow|move: Roost
|
|upkeep
|turn|3
|
|switch|p1a: Mamoswine|Mamoswine, F|100/100
|move|p2a: Murkrow|Thunder Wave|p1a: Mamoswine
|-immune|p1a: Mamoswine
|
|upkeep
|turn|4
|
|move|p1a: Mamoswine|Ice Shard|p2a: Murkrow
|-supereffective|p2a: Murkrow
|-damage|p2a: Murkrow|20/100
|-damage|p1a: Mamoswine|91/100|[from] item: Life Orb
|move|p2a: Murkrow|Taunt|p1a: Mamoswine
|-start|p1a: Mamoswine|move: Taunt
|
|upkeep
|turn|5
|
|move|p1a: Mamoswine|Ice Shard|p2a: Murkrow
|-supereffective|p2a: Murkrow
|-damage|p2a: Murkrow|0 fnt
|-damage|p1a: Mamoswine|81/100|[from] item: Life Orb
|faint|p2a: Murkrow
|
|upkeep
|
|switch|p2a: Politoed|Politoed, M|100/100
|-weather|RainDance|[from] ability: Drizzle|[of] p2a: Politoed
|turn|6
|
|switch|p1a: Gengar|Gengar, M|100/100 par
|move|p2a: Politoed|Surf|p1a: Gengar
|-damage|p1a: Gengar|0 fnt
|faint|p1a: Gengar
|
|-weather|RainDance|[upkeep]
|upkeep
|
|switch|p1a: Hydreigon|Hydreigon, M|100/100
|turn|7
|
|switch|p1a: Terrakion|Terrakion|100/100
|move|p2a: Politoed|Ice Beam|p1a: Terrakion
|-damage|p1a: Terrakion|68/100
|
|-weather|RainDance|[upkeep]
|upkeep
|turn|8
|
|switch|p1a: Hydreigon|Hydreigon, M|100/100
|move|p2a: Politoed|Surf|p1a: Hydreigon
|-resisted|p1a: Hydreigon
|-damage|p1a: Hydreigon|64/100
|
|-weather|RainDance|[upkeep]
|upkeep
|turn|9
|
|move|p1a: Hydreigon|Draco Meteor|p2a: Politoed
|-crit|p2a: Politoed
|-damage|p2a: Politoed|0 fnt
|-unboost|p1a: Hydreigon|spa|2
|faint|p2a: Politoed
|
|-weather|RainDance|[upkeep]
|upkeep
|
|switch|p2a: Volcarona|Volcarona, F|100/100
|-item|p2a: Volcarona|Air Balloon
|turn|10
|
|switch|p1a: Staraptor|Staraptor, F|100/100
|move|p2a: Volcarona|Quiver Dance|p2a: Volcarona
|-boost|p2a: Volcarona|spa|1
|-boost|p2a: Volcarona|spd|1
|-boost|p2a: Volcarona|spe|1
|
|-weather|RainDance|[upkeep]
|upkeep
|turn|11
|
|move|p2a: Volcarona|Hurricane|p1a: Staraptor
|-damage|p1a: Staraptor|0 fnt
|faint|p1a: Staraptor
|
|-weather|RainDance|[upkeep]
|upkeep
|
|switch|p1a: Hydreigon|Hydreigon, M|64/100
|turn|12
|-message|sawk123 forfeited.
|
|win|player 384098275
|l|☆sawk123
|raw|sawk123's rating: 1352 &rarr; <strong>1329</strong><br />(-23 for losing)
|raw|player 384098275's rating: 1309 &rarr; <strong>1331</strong><br />(+22 for winning)
