|j|☆fyvgkjgbr
|j|☆Claude's Journey
|t:|1746502159
|gametype|singles
|player|p1|fyvgkjgbr|erika-lgpe|1491
|player|p2|Claude's Journey|lass-gen1rb|1342
|teamsize|p1|6
|teamsize|p2|6
|gen|5
|tier|[Gen 5] OU
|rated|
|rule|Species Clause: Limit one of each Pokémon
|rule|OHKO Clause: OHKO moves are banned
|rule|Moody Clause: Moody is banned
|rule|Evasion Items Clause: Evasion items are banned
|rule|Evasion Moves Clause: Evasion moves are banned
|rule|Endless Battle Clause: Forcing endless battles is banned
|rule|HP Percentage Mod: HP is shown in percentages
|rule|Evasion Abilities Clause: Evasion abilities are banned
|rule|Sleep Moves Clause: Sleep-inducing moves are banned
|rule|Swagger Clause: Swagger is banned
|rule|Baton Pass Stat Clause: No Baton Passer may have a way to boost its stats
|clearpoke
|poke|p1|Tyranitar, F|item
|poke|p1|Latios, M|item
|poke|p1|Landorus-Therian, M|item
|poke|p1|Ferrothorn, M|item
|poke|p1|Rotom-Wash|item
|poke|p1|Excadrill, F|item
|poke|p2|Politoed, M|item
|poke|p2|Ferrothorn, F|item
|poke|p2|Volcarona, M|item
|poke|p2|Excadrill, F|item
|poke|p2|Latios, M|item
|poke|p2|Azumarill, F|item
|teampreview
|inactive|Battle timer is ON: inactive players will automatically lose when time's up. (requested by fyvgkjgbr)
|inactive|Claude's Journey has 120 seconds left.
|inactive|Claude's Journey has 90 seconds left.
|
|t:|1746502230
|start
|switch|p1a: Rotom|Rotom-Wash, shiny|100/100
|switch|p2a: Ferrothorn|Ferrothorn, F|100/100
|turn|1
|
|t:|1746502237
|move|p1a: Rotom|Volt Switch|p2a: Ferrothorn
|-resisted|p2a: Ferrothorn
|-crit|p2a: Ferrothorn
|-damage|p2a: Ferrothorn|83/100
|
|t:|1746502246
|switch|p1a: Excadrill|Excadrill, F, shiny|100/100|[from] Volt Switch
|move|p2a: Ferrothorn|Stealth Rock|p1a: Excadrill
|-sidestart|p1: fyvgkjgbr|move: Stealth Rock
|
|upkeep
|turn|2
|inactive|fyvgkjgbr has 120 seconds left.
|
|t:|1746502279
|move|p1a: Excadrill|Earthquake|p2a: Ferrothorn
|-damage|p2a: Ferrothorn|42/100
|move|p2a: Ferrothorn|Power Whip|p1a: Excadrill
|-damage|p1a: Excadrill|46/100
|
|-heal|p1a: Excadrill|52/100|[from] item: Leftovers
|upkeep
|turn|3
|inactive|fyvgkjgbr has 120 seconds left.
|
|t:|1746502307
|move|p1a: Excadrill|Rapid Spin|p2a: Ferrothorn
|-resisted|p2a: Ferrothorn
|-damage|p2a: Ferrothorn|39/100
|-damage|p1a: Excadrill|40/100|[from] ability: Iron Barbs|[of] p2a: Ferrothorn
|-sideend|p1: fyvgkjgbr|Stealth Rock|[from] move: Rapid Spin|[of] p1a: Excadrill
|move|p2a: Ferrothorn|Stealth Rock|p1a: Excadrill
|-sidestart|p1: fyvgkjgbr|move: Stealth Rock
|
|-heal|p1a: Excadrill|46/100|[from] item: Leftovers
|upkeep
|turn|4
|
|t:|1746502320
|move|p1a: Excadrill|Earthquake|p2a: Ferrothorn
|-damage|p2a: Ferrothorn|0 fnt
|faint|p2a: Ferrothorn
|
|-heal|p1a: Excadrill|52/100|[from] item: Leftovers
|upkeep
|
|t:|1746502326
|switch|p2a: Latios|Latios, M|100/100
|turn|5
|inactive|fyvgkjgbr has 90 seconds left.
|
|t:|1746502365
|switch|p1a: Ferrothorn|Ferrothorn, M, shiny|100/100
|-damage|p1a: Ferrothorn|94/100|[from] Stealth Rock
|move|p2a: Latios|Surf|p1a: Ferrothorn
|-resisted|p1a: Ferrothorn
|-damage|p1a: Ferrothorn|84/100
|
|-heal|p1a: Ferrothorn|90/100|[from] item: Leftovers
|upkeep
|turn|6
|inactive|fyvgkjgbr has 90 seconds left.
|
|t:|1746502394
|switch|p2a: Excadrill|Excadrill, F|100/100
|-ability|p2a: Excadrill|Mold Breaker
|move|p1a: Ferrothorn|Stealth Rock|p2a: Excadrill
|-sidestart|p2: Claude's Journey|move: Stealth Rock
|
|-heal|p1a: Ferrothorn|96/100|[from] item: Leftovers
|upkeep
|turn|7
|
|t:|1746502407
|switch|p1a: Landorus|Landorus-Therian, M, shiny|100/100
|-damage|p1a: Landorus|88/100|[from] Stealth Rock
|-ability|p1a: Landorus|Intimidate|boost
|-unboost|p2a: Excadrill|atk|1
|move|p2a: Excadrill|Rapid Spin|p1a: Landorus
|-damage|p1a: Landorus|84/100
|-sideend|p2: Claude's Journey|Stealth Rock|[from] move: Rapid Spin|[of] p2a: Excadrill
|
|-heal|p1a: Landorus|90/100|[from] item: Leftovers
|upkeep
|turn|8
|
|t:|1746502422
|move|p1a: Landorus|Earthquake|p2a: Excadrill
|-supereffective|p2a: Excadrill
|-damage|p2a: Excadrill|0 fnt
|faint|p2a: Excadrill
|
|-heal|p1a: Landorus|97/100|[from] item: Leftovers
|upkeep
|
|t:|1746502425
|switch|p2a: Azumarill|Azumarill, F|100/100
|turn|9
|
|t:|1746502436
|switch|p2a: Volcarona|Volcarona, M|100/100
|move|p1a: Landorus|Earthquake|p2a: Volcarona
|-damage|p2a: Volcarona|21/100
|
|-heal|p1a: Landorus|100/100|[from] item: Leftovers
|upkeep
|turn|10
|-message|Claude's Journey forfeited.
|
|win|fyvgkjgbr
|raw|fyvgkjgbr's rating: 1491 &rarr; <strong>1502</strong><br />(+11 for winning)
|raw|Claude&apos;s Journey's rating: 1324 &rarr; <strong>1313</strong><br />(-11 for losing)
|l|☆Claude's Journey
|player|p2|
