|j|☆Let’sgosixers
|j|☆pikachumeng
|player|p1|Let’sgosixers|red-gen7|1299
|player|p2|pikachumeng|266|1593
|teamsize|p1|6
|teamsize|p2|6
|gametype|singles
|gen|5
|tier|[Gen 5] OU
|rated|
|clearpoke
|poke|p1|Tornadus, M|item
|poke|p1|Keldeo|item
|poke|p1|Politoed, F|item
|poke|p1|Ferrothorn, F|item
|poke|p1|Excadrill, M|item
|poke|p1|Toxicroak, M|item
|poke|p2|Kyurem-Black|item
|poke|p2|Gliscor, M|item
|poke|p2|Mamoswine, M|item
|poke|p2|Excadrill, M|item
|poke|p2|Latios, M|item
|poke|p2|Rotom-Wash|item
|rule|Species Clause: Limit one of each Pokémon
|rule|OHKO Clause: OHKO moves are banned
|rule|Moody Clause: Moody is banned
|rule|Evasion Moves Clause: Evasion moves are banned
|rule|Endless Battle Clause: Forcing endless battles is banned
|rule|HP Percentage Mod: HP is shown in percentages
|rule|Evasion Abilities Clause: Evasion abilities are banned
|rule|Baton Pass Clause: Limit one Baton Passer, can't pass Spe and other stats simultaneously
|rule|Sleep Clause: Sleep-inducing moves are banned
|rule|Swagger Clause: Swagger is banned
|teampreview
|
|start
|switch|p1a: Politoed|Politoed, F|100/100
|switch|p2a: Rotom|Rotom-Wash|100/100
|-weather|RainDance|[from] ability: Drizzle|[of] p1a: Politoed
|turn|1
|
|move|p1a: Politoed|Protect|p1a: Politoed
|-singleturn|p1a: Politoed|Protect
|move|p2a: Rotom|Will-O-Wisp|p1a: Politoed
|-activate|p1a: Politoed|move: Protect
|
|-weather|RainDance|[upkeep]
|upkeep
|turn|2
|
|move|p2a: Rotom|Will-O-Wisp|p1a: Politoed
|-status|p1a: Politoed|brn
|move|p1a: Politoed|Toxic|p2a: Rotom
|-status|p2a: Rotom|tox
|
|-weather|RainDance|[upkeep]
|-damage|p2a: Rotom|94/100 tox|[from] psn
|-damage|p1a: Politoed|88/100 brn|[from] brn
|upkeep
|turn|3
|
|move|p1a: Politoed|Protect|p1a: Politoed
|-singleturn|p1a: Politoed|Protect
|move|p2a: Rotom|Volt Switch|p1a: Politoed
|-activate|p1a: Politoed|move: Protect
|
|-weather|RainDance|[upkeep]
|-heal|p2a: Rotom|100/100 tox|[from] item: Leftovers
|-heal|p1a: Politoed|94/100 brn|[from] item: Leftovers
|-damage|p2a: Rotom|88/100 tox|[from] psn
|-damage|p1a: Politoed|82/100 brn|[from] brn
|upkeep
|turn|4
|
|switch|p1a: Excadrill|Excadrill, M|100/100
|-ability|p1a: Excadrill|Mold Breaker
|move|p2a: Rotom|Will-O-Wisp|p1a: Excadrill
|-status|p1a: Excadrill|brn
|
|-weather|RainDance|[upkeep]
|-heal|p2a: Rotom|94/100 tox|[from] item: Leftovers
|-damage|p1a: Excadrill|88/100 brn|[from] brn
|-damage|p2a: Rotom|75/100 tox|[from] psn
|upkeep
|turn|5
|
|switch|p1a: Ferrothorn|Ferrothorn, F|100/100
|switch|p2a: Gliscor|Gliscor, M|100/100
|
|-weather|RainDance|[upkeep]
|-status|p2a: Gliscor|tox|[from] item: Toxic Orb
|upkeep
|turn|6
|
|move|p2a: Gliscor|Earthquake|p1a: Ferrothorn
|-damage|p1a: Ferrothorn|70/100
|move|p1a: Ferrothorn|Stealth Rock|p2a: Gliscor
|-sidestart|p2: pikachumeng|move: Stealth Rock
|
|-weather|RainDance|[upkeep]
|-heal|p1a: Ferrothorn|76/100|[from] item: Leftovers
|upkeep
|turn|7
|
|switch|p2a: Excadrill|Excadrill, M|100/100
|-damage|p2a: Excadrill|97/100|[from] Stealth Rock
|-ability|p2a: Excadrill|Mold Breaker
|switch|p1a: Tornadus|Tornadus, M|100/100
|
|-weather|RainDance|[upkeep]
|-heal|p2a: Excadrill|100/100|[from] item: Leftovers
|upkeep
|turn|8
|
|move|p1a: Tornadus|Focus Blast|p2a: Excadrill|[miss]
|-miss|p1a: Tornadus|p2a: Excadrill
|move|p2a: Excadrill|Rapid Spin|p1a: Tornadus
|-damage|p1a: Tornadus|91/100
|-sideend|p2: pikachumeng|Stealth Rock|[from] move: Rapid Spin|[of] p2a: Excadrill
|
|-weather|RainDance|[upkeep]
|upkeep
|turn|9
|
|switch|p2a: Gliscor|Gliscor, M|100/100 tox
|move|p1a: Tornadus|Hurricane|p2a: Gliscor
|-damage|p2a: Gliscor|14/100 tox
|
|-weather|RainDance|[upkeep]
|-heal|p2a: Gliscor|27/100 tox|[from] ability: Poison Heal
|upkeep
|turn|10
|
|move|p2a: Gliscor|Protect|p2a: Gliscor
|-singleturn|p2a: Gliscor|Protect
|move|p1a: Tornadus|Hurricane|p2a: Gliscor
|-activate|p2a: Gliscor|move: Protect
|
|-weather|RainDance|[upkeep]
|-heal|p2a: Gliscor|39/100 tox|[from] ability: Poison Heal
|upkeep
|turn|11
|
|switch|p2a: Excadrill|Excadrill, M|100/100
|-ability|p2a: Excadrill|Mold Breaker
|move|p1a: Tornadus|Hurricane|p2a: Excadrill
|-resisted|p2a: Excadrill
|-crit|p2a: Excadrill
|-damage|p2a: Excadrill|41/100
|
|-weather|RainDance|[upkeep]
|-heal|p2a: Excadrill|47/100|[from] item: Leftovers
|upkeep
|turn|12
|
|move|p1a: Tornadus|Focus Blast|p2a: Excadrill|[miss]
|-miss|p1a: Tornadus|p2a: Excadrill
|move|p2a: Excadrill|Stealth Rock|p1a: Tornadus
|-sidestart|p1: Let’sgosixers|move: Stealth Rock
|
|-weather|RainDance|[upkeep]
|-heal|p2a: Excadrill|53/100|[from] item: Leftovers
|upkeep
|turn|13
|
|move|p2a: Excadrill|Protect|p2a: Excadrill
|-singleturn|p2a: Excadrill|Protect
|move|p1a: Tornadus|Hurricane|p2a: Excadrill
|-activate|p2a: Excadrill|move: Protect
|
|-weather|RainDance|[upkeep]
|-heal|p2a: Excadrill|59/100|[from] item: Leftovers
|upkeep
|turn|14
|
|move|p1a: Tornadus|Focus Blast|p2a: Excadrill|[miss]
|-miss|p1a: Tornadus|p2a: Excadrill
|move|p2a: Excadrill|Rapid Spin|p1a: Tornadus
|-damage|p1a: Tornadus|81/100
|
|-weather|RainDance|[upkeep]
|-heal|p2a: Excadrill|66/100|[from] item: Leftovers
|upkeep
|turn|15
|
|move|p2a: Excadrill|Protect|p2a: Excadrill
|-singleturn|p2a: Excadrill|Protect
|move|p1a: Tornadus|Tailwind|p1a: Tornadus
|-sidestart|p1: Let’sgosixers|move: Tailwind
|
|-weather|RainDance|[upkeep]
|-heal|p2a: Excadrill|72/100|[from] item: Leftovers
|upkeep
|turn|16
|
|move|p1a: Tornadus|Focus Blast|p2a: Excadrill|[miss]
|-miss|p1a: Tornadus|p2a: Excadrill
|move|p2a: Excadrill|Earthquake|p1a: Tornadus
|-immune|p1a: Tornadus
|
|-weather|RainDance|[upkeep]
|-heal|p2a: Excadrill|78/100|[from] item: Leftovers
|upkeep
|turn|17
|
|move|p1a: Tornadus|Hurricane|p2a: Excadrill
|-resisted|p2a: Excadrill
|-damage|p2a: Excadrill|51/100
|move|p2a: Excadrill|Earthquake|p1a: Tornadus
|-immune|p1a: Tornadus
|
|-weather|RainDance|[upkeep]
|-heal|p2a: Excadrill|57/100|[from] item: Leftovers
|upkeep
|turn|18
|
|move|p1a: Tornadus|Focus Blast|p2a: Excadrill
|-supereffective|p2a: Excadrill
|-damage|p2a: Excadrill|0 fnt
|faint|p2a: Excadrill
|
|-weather|RainDance|[upkeep]
|-sideend|p1: Let’sgosixers|move: Tailwind
|upkeep
|
|switch|p2a: Mamoswine|Mamoswine, M|100/100
|turn|19
|
|switch|p1a: Keldeo|Keldeo|100/100
|-damage|p1a: Keldeo|94/100|[from] Stealth Rock
|move|p2a: Mamoswine|Earthquake|p1a: Keldeo
|-damage|p1a: Keldeo|0 fnt
|faint|p1a: Keldeo
|
|-weather|RainDance|[upkeep]
|upkeep
|
|switch|p1a: Tornadus|Tornadus, M|81/100
|-damage|p1a: Tornadus|56/100|[from] Stealth Rock
|turn|20
|
|switch|p2a: Kyurem|Kyurem-Black|100/100
|-ability|p2a: Kyurem|Teravolt
|move|p1a: Tornadus|Hurricane|p2a: Kyurem
|-damage|p2a: Kyurem|24/100
|
|-weather|RainDance|[upkeep]
|upkeep
|turn|21
|
|move|p2a: Kyurem|Ice Beam|p1a: Tornadus
|-supereffective|p1a: Tornadus
|-damage|p1a: Tornadus|0 fnt
|faint|p1a: Tornadus
|
|-weather|RainDance|[upkeep]
|upkeep
|
|switch|p1a: Ferrothorn|Ferrothorn, F|76/100
|-damage|p1a: Ferrothorn|70/100|[from] Stealth Rock
|turn|22
|
|move|p2a: Kyurem|Ice Beam|p1a: Ferrothorn
|-damage|p1a: Ferrothorn|40/100
|move|p1a: Ferrothorn|Stealth Rock|p2a: Kyurem
|-sidestart|p2: pikachumeng|move: Stealth Rock
|
|-weather|RainDance|[upkeep]
|-heal|p1a: Ferrothorn|46/100|[from] item: Leftovers
|upkeep
|turn|23
|
|move|p2a: Kyurem|Ice Beam|p1a: Ferrothorn
|-damage|p1a: Ferrothorn|17/100
|move|p1a: Ferrothorn|Spikes|p2a: Kyurem
|-sidestart|p2: pikachumeng|Spikes
|
|-weather|RainDance|[upkeep]
|-heal|p1a: Ferrothorn|23/100|[from] item: Leftovers
|upkeep
|turn|24
|
|switch|p1a: Politoed|Politoed, F|82/100 brn
|-damage|p1a: Politoed|70/100 brn|[from] Stealth Rock
|move|p2a: Kyurem|Ice Beam|p1a: Politoed
|-resisted|p1a: Politoed
|-damage|p1a: Politoed|54/100 brn
|
|-weather|RainDance|[upkeep]
|-heal|p1a: Politoed|60/100 brn|[from] item: Leftovers
|-damage|p1a: Politoed|48/100 brn|[from] brn
|upkeep
|turn|25
|
|move|p2a: Kyurem|Ice Beam|p1a: Politoed
|-resisted|p1a: Politoed
|-damage|p1a: Politoed|31/100 brn
|move|p1a: Politoed|Scald|p2a: Kyurem
|-resisted|p2a: Kyurem
|-damage|p2a: Kyurem|3/100
|
|-weather|RainDance|[upkeep]
|-heal|p1a: Politoed|37/100 brn|[from] item: Leftovers
|-damage|p1a: Politoed|25/100 brn|[from] brn
|upkeep
|turn|26
|
|move|p2a: Kyurem|Ice Beam|p1a: Politoed
|-resisted|p1a: Politoed
|-damage|p1a: Politoed|8/100 brn
|move|p1a: Politoed|Scald|p2a: Kyurem
|-resisted|p2a: Kyurem
|-damage|p2a: Kyurem|0 fnt
|faint|p2a: Kyurem
|
|-weather|RainDance|[upkeep]
|-heal|p1a: Politoed|14/100 brn|[from] item: Leftovers
|-damage|p1a: Politoed|2/100 brn|[from] brn
|upkeep
|
|switch|p2a: Latios|Latios, M|100/100
|-damage|p2a: Latios|88/100|[from] Stealth Rock
|turn|27
|
|move|p2a: Latios|Dragon Pulse|p1a: Politoed
|-damage|p1a: Politoed|0 fnt
|faint|p1a: Politoed
|
|-weather|RainDance|[upkeep]
|upkeep
|
|switch|p1a: Excadrill|Excadrill, M|88/100 brn
|-damage|p1a: Excadrill|85/100 brn|[from] Stealth Rock
|-ability|p1a: Excadrill|Mold Breaker
|turn|28
|
|switch|p2a: Gliscor|Gliscor, M|39/100 tox
|-damage|p2a: Gliscor|27/100 tox|[from] Stealth Rock
|move|p1a: Excadrill|Iron Head|p2a: Gliscor
|-damage|p2a: Gliscor|13/100 tox
|
|-weather|RainDance|[upkeep]
|-heal|p1a: Excadrill|91/100 brn|[from] item: Leftovers
|-heal|p2a: Gliscor|25/100 tox|[from] ability: Poison Heal
|-damage|p1a: Excadrill|79/100 brn|[from] brn
|upkeep
|turn|29
|
|switch|p1a: Ferrothorn|Ferrothorn, F|23/100
|-damage|p1a: Ferrothorn|17/100|[from] Stealth Rock
|move|p2a: Gliscor|Protect||[still]
|-fail|p2a: Gliscor
|
|-weather|RainDance|[upkeep]
|-heal|p1a: Ferrothorn|23/100|[from] item: Leftovers
|-heal|p2a: Gliscor|38/100 tox|[from] ability: Poison Heal
|upkeep
|turn|30
|
|move|p2a: Gliscor|Earthquake|p1a: Ferrothorn
|-damage|p1a: Ferrothorn|0 fnt
|faint|p1a: Ferrothorn
|
|-weather|RainDance|[upkeep]
|-heal|p2a: Gliscor|50/100 tox|[from] ability: Poison Heal
|upkeep
|
|switch|p1a: Toxicroak|Toxicroak, M|100/100
|-damage|p1a: Toxicroak|94/100|[from] Stealth Rock
|turn|31
|
|move|p1a: Toxicroak|Ice Punch|p2a: Gliscor
|-supereffective|p2a: Gliscor
|-damage|p2a: Gliscor|0 fnt
|-damage|p1a: Toxicroak|85/100|[from] item: Life Orb
|faint|p2a: Gliscor
|
|-weather|RainDance|[upkeep]
|-heal|p1a: Toxicroak|97/100|[from] ability: Dry Skin
|upkeep
|
|switch|p2a: Latios|Latios, M|88/100
|-damage|p2a: Latios|76/100|[from] Stealth Rock
|turn|32
|
|move|p1a: Toxicroak|Sucker Punch|p2a: Latios
|-supereffective|p2a: Latios
|-damage|p2a: Latios|0 fnt
|-damage|p1a: Toxicroak|87/100|[from] item: Life Orb
|faint|p2a: Latios
|
|-weather|RainDance|[upkeep]
|-heal|p1a: Toxicroak|99/100|[from] ability: Dry Skin
|upkeep
|
|switch|p2a: Rotom|Rotom-Wash|75/100 tox
|-damage|p2a: Rotom|63/100 tox|[from] Stealth Rock
|turn|33
|
|move|p1a: Toxicroak|Swords Dance|p1a: Toxicroak
|-boost|p1a: Toxicroak|atk|2
|move|p2a: Rotom|Hydro Pump|p1a: Toxicroak
|-heal|p1a: Toxicroak|100/100|[from] ability: Dry Skin|[of] p2a: Rotom
|
|-weather|RainDance|[upkeep]
|-heal|p2a: Rotom|69/100 tox|[from] item: Leftovers
|-damage|p2a: Rotom|63/100 tox|[from] psn
|upkeep
|turn|34
|
|move|p1a: Toxicroak|Swords Dance|p1a: Toxicroak
|-boost|p1a: Toxicroak|atk|2
|move|p2a: Rotom|Will-O-Wisp|p1a: Toxicroak
|-status|p1a: Toxicroak|brn
|
|-weather|RainDance|[upkeep]
|-heal|p2a: Rotom|69/100 tox|[from] item: Leftovers
|-damage|p1a: Toxicroak|88/100 brn|[from] brn
|-damage|p2a: Rotom|57/100 tox|[from] psn
|upkeep
|turn|35
|
|move|p1a: Toxicroak|Swords Dance|p1a: Toxicroak
|-boost|p1a: Toxicroak|atk|2
|move|p2a: Rotom|Pain Split|p1a: Toxicroak
|-sethp|p1a: Toxicroak|72/100 brn|[from] move: Pain Split|[silent]
|-sethp|p2a: Rotom|74/100 tox|[from] move: Pain Split
|
|-weather|RainDance|[upkeep]
|-heal|p1a: Toxicroak|84/100 brn|[from] ability: Dry Skin
|-heal|p2a: Rotom|80/100 tox|[from] item: Leftovers
|-damage|p1a: Toxicroak|72/100 brn|[from] brn
|-damage|p2a: Rotom|61/100 tox|[from] psn
|upkeep
|turn|36
|
|move|p1a: Toxicroak|Drain Punch|p2a: Rotom
|-damage|p2a: Rotom|0 fnt
|-heal|p1a: Toxicroak|100/100 brn|[from] drain|[of] p2a: Rotom
|-damage|p1a: Toxicroak|91/100 brn|[from] item: Life Orb
|faint|p2a: Rotom
|
|-weather|RainDance|[upkeep]
|-heal|p1a: Toxicroak|100/100 brn|[from] ability: Dry Skin
|-damage|p1a: Toxicroak|88/100 brn|[from] brn
|upkeep
|
|switch|p2a: Mamoswine|Mamoswine, M|100/100
|-damage|p2a: Mamoswine|88/100|[from] Spikes
|-damage|p2a: Mamoswine|76/100|[from] Stealth Rock
|turn|37
|
|move|p1a: Toxicroak|Sucker Punch|p2a: Mamoswine
|-damage|p2a: Mamoswine|0 fnt
|-damage|p1a: Toxicroak|78/100 brn|[from] item: Life Orb
|faint|p2a: Mamoswine
|
|win|Let’sgosixers
|l|☆pikachumeng
|c|☆Let’sgosixers|ggggg
|raw|Let’sgosixers's rating: 1299 &rarr; <strong>1342</strong><br />(+43 for winning)
|raw|pikachumeng's rating: 1594 &rarr; <strong>1560</strong><br />(-34 for losing)
