|j|☆sidis
|j|☆Chomp29
|t:|1708664573
|gametype|singles
|player|p1|sidis|iris-gen5bw2|1402
|player|p2|Chomp29|lucas|1521
|teamsize|p1|6
|teamsize|p2|6
|gen|5
|tier|[Gen 5] OU
|rated|
|rule|Species Clause: Limit one of each Pokémon
|rule|OHKO Clause: OHKO moves are banned
|rule|Moody Clause: Moody is banned
|rule|Evasion Items Clause: Evasion items are banned
|rule|Evasion Moves Clause: Evasion moves are banned
|rule|Endless Battle Clause: Forcing endless battles is banned
|rule|HP Percentage Mod: HP is shown in percentages
|rule|Evasion Abilities Clause: Evasion abilities are banned
|rule|Sleep Moves Clause: Sleep-inducing moves are banned
|rule|Swagger Clause: Swagger is banned
|rule|Baton Pass Stat Clause: No Baton Passer may have a way to boost its stats
|clearpoke
|poke|p1|Terrakion|item
|poke|p1|Infernape, M|item
|poke|p1|Mienshao, F|item
|poke|p1|Conkeldurr, F|item
|poke|p1|Scrafty, F|item
|poke|p1|Toxicroak, F|item
|poke|p2|Heatran, M|item
|poke|p2|Tyranitar, M|item
|poke|p2|Landorus-Therian, M|item
|poke|p2|Alakazam, F|item
|poke|p2|Skarmory, M|item
|poke|p2|Jellicent, M|item
|teampreview
|inactive|Battle timer is ON: inactive players will automatically lose when time's up. (requested by sidis)
|c|☆sidis|are you bkc
|
|t:|1708664608
|start
|switch|p1a: Terrakion|Terrakion|100/100
|switch|p2a: Landorus|Landorus-Therian, M|100/100
|-ability|p2a: Landorus|Intimidate|boost
|-unboost|p1a: Terrakion|atk|1
|turn|1
|
|t:|1708664613
|move|p2a: Landorus|Earthquake|p1a: Terrakion
|-supereffective|p1a: Terrakion
|-enditem|p1a: Terrakion|Focus Sash
|-damage|p1a: Terrakion|1/100
|move|p1a: Terrakion|Taunt|p2a: Landorus
|-start|p2a: Landorus|move: Taunt
|
|upkeep
|turn|2
|
|t:|1708664624
|switch|p1a: Conkeldurr|Conkeldurr, F|100/100
|move|p2a: Landorus|Earthquake|p1a: Conkeldurr
|-damage|p1a: Conkeldurr|37/100
|
|-status|p1a: Conkeldurr|brn|[from] item: Flame Orb
|upkeep
|turn|3
|
|t:|1708664631
|move|p2a: Landorus|Earthquake|p1a: Conkeldurr
|-crit|p1a: Conkeldurr
|-damage|p1a: Conkeldurr|0 fnt
|faint|p1a: Conkeldurr
|
|upkeep
|
|t:|1708664639
|switch|p1a: Scrafty|Scrafty, F|100/100
|turn|4
|c|☆Chomp29|I am not bkc
|
|t:|1708664647
|move|p2a: Landorus|Earthquake|p1a: Scrafty
|-damage|p1a: Scrafty|26/100
|move|p1a: Scrafty|Ice Punch|p2a: Landorus
|-supereffective|p2a: Landorus
|-damage|p2a: Landorus|13/100
|
|-heal|p1a: Scrafty|32/100|[from] item: Leftovers
|-end|p2a: Landorus|move: Taunt
|upkeep
|turn|5
|
|t:|1708664652
|switch|p1a: Terrakion|Terrakion|1/100
|move|p2a: Landorus|Earthquake|p1a: Terrakion
|-supereffective|p1a: Terrakion
|-damage|p1a: Terrakion|0 fnt
|faint|p1a: Terrakion
|
|upkeep
|
|t:|1708664654
|switch|p1a: Toxicroak|Toxicroak, F|100/100
|turn|6
|j| SKT T1 Motherfaker
|
|t:|1708664667
|switch|p2a: Skarmory|Skarmory, M|100/100
|move|p1a: Toxicroak|Sucker Punch||[still]
|-fail|p1a: Toxicroak
|
|upkeep
|turn|7
|
|t:|1708664671
|move|p1a: Toxicroak|Swords Dance|p1a: Toxicroak
|-boost|p1a: Toxicroak|atk|2
|move|p2a: Skarmory|Spikes|p1a: Toxicroak
|-sidestart|p1: sidis|Spikes
|
|upkeep
|turn|8
|
|t:|1708664682
|move|p1a: Toxicroak|Drain Punch|p2a: Skarmory
|-damage|p2a: Skarmory|46/100
|move|p2a: Skarmory|Whirlwind|p1a: Toxicroak
|drag|p1a: Infernape|Infernape, M|100/100
|-damage|p1a: Infernape|88/100|[from] Spikes
|
|-heal|p2a: Skarmory|52/100|[from] item: Leftovers
|upkeep
|turn|9
|
|t:|1708664691
|switch|p2a: Jellicent|Jellicent, M|100/100
|-item|p2a: Jellicent|Air Balloon
|move|p1a: Infernape|Overheat|p2a: Jellicent
|-resisted|p2a: Jellicent
|-damage|p2a: Jellicent|73/100
|-unboost|p1a: Infernape|spa|2
|-enditem|p2a: Jellicent|Air Balloon
|-damage|p1a: Infernape|78/100|[from] item: Life Orb
|
|upkeep
|turn|10
|
|t:|1708664695
|move|p1a: Infernape|Thunder Punch|p2a: Jellicent
|-supereffective|p2a: Jellicent
|-damage|p2a: Jellicent|16/100
|-damage|p1a: Infernape|68/100|[from] item: Life Orb
|move|p2a: Jellicent|Recover|p2a: Jellicent
|-heal|p2a: Jellicent|66/100
|
|upkeep
|turn|11
|-message|sidis forfeited.
|
|win|Chomp29
|raw|sidis's rating: 1402 &rarr; <strong>1389</strong><br />(-13 for losing)
|raw|Chomp29's rating: 1521 &rarr; <strong>1534</strong><br />(+13 for winning)
|l|☆sidis
|player|p1|
|l|☆Chomp29
|player|p2|
