|j|☆realbirdshoota
|j|☆Le Girondin
|t:|1701636834
|gametype|singles
|player|p1|realbirdshoota|anabel-gen3|1318
|player|p2|Le Girondin|aromalady|1359
|teamsize|p1|6
|teamsize|p2|6
|gen|5
|tier|[Gen 5] OU
|rated|
|rule|Species Clause: Limit one of each Pokémon
|rule|OHKO Clause: OHKO moves are banned
|rule|Moody Clause: Moody is banned
|rule|Evasion Items Clause: Evasion items are banned
|rule|Evasion Moves Clause: Evasion moves are banned
|rule|Endless Battle Clause: Forcing endless battles is banned
|rule|HP Percentage Mod: HP is shown in percentages
|rule|Evasion Abilities Clause: Evasion abilities are banned
|rule|Sleep Moves Clause: Sleep-inducing moves are banned
|rule|Swagger Clause: Swagger is banned
|rule|Baton Pass Stat Clause: No Baton Passer may have a way to boost its stats
|clearpoke
|poke|p1|Slowking, F|item
|poke|p1|Metagross|item
|poke|p1|Weavile, F|item
|poke|p1|Magnezone|item
|poke|p1|Latios, M|item
|poke|p1|Terrakion|item
|poke|p2|Excadrill, M|item
|poke|p2|Ferrothorn, M|item
|poke|p2|Jellicent, M|item
|poke|p2|Rotom-Wash|item
|poke|p2|Hippowdon, M|item
|poke|p2|Crobat, M|item
|teampreview
|inactive|Battle timer is ON: inactive players will automatically lose when time's up. (requested by realbirdshoota)
|
|t:|1701636853
|start
|switch|p1a: Terrakion|Terrakion|100/100
|switch|p2a: Crobat|Crobat, M|100/100
|turn|1
|
|t:|1701636864
|switch|p1a: Magnezone|Magnezone|100/100
|move|p2a: Crobat|U-turn|p1a: Magnezone
|-resisted|p1a: Magnezone
|-damage|p1a: Magnezone|88/100
|-damage|p2a: Crobat|91/100|[from] item: Life Orb
|
|t:|1701636873
|switch|p2a: Hippowdon|Hippowdon, M|100/100|[from] U-turn
|-weather|Sandstorm|[from] ability: Sand Stream|[of] p2a: Hippowdon
|
|-weather|Sandstorm|[upkeep]
|-heal|p1a: Magnezone|94/100|[from] item: Leftovers
|upkeep
|turn|2
|
|t:|1701636882
|move|p1a: Magnezone|Substitute|p1a: Magnezone
|-start|p1a: Magnezone|Substitute
|-damage|p1a: Magnezone|69/100
|move|p2a: Hippowdon|Stealth Rock|p1a: Magnezone
|-sidestart|p1: realbirdshoota|move: Stealth Rock
|
|-weather|Sandstorm|[upkeep]
|-heal|p1a: Magnezone|75/100|[from] item: Leftovers
|upkeep
|turn|3
|
|t:|1701636889
|move|p1a: Magnezone|Hidden Power|p2a: Hippowdon
|-supereffective|p2a: Hippowdon
|-damage|p2a: Hippowdon|47/100
|move|p2a: Hippowdon|Roar|p1a: Magnezone
|drag|p1a: Weavile|Weavile, F|100/100
|-damage|p1a: Weavile|76/100|[from] Stealth Rock
|
|-weather|Sandstorm|[upkeep]
|-damage|p1a: Weavile|70/100|[from] Sandstorm
|-heal|p2a: Hippowdon|53/100|[from] item: Leftovers
|upkeep
|turn|4
|
|t:|1701636902
|move|p1a: Weavile|Low Kick|p2a: Hippowdon
|-crit|p2a: Hippowdon
|-damage|p2a: Hippowdon|9/100
|move|p2a: Hippowdon|Slack Off|p2a: Hippowdon
|-heal|p2a: Hippowdon|59/100
|
|-weather|Sandstorm|[upkeep]
|-damage|p1a: Weavile|63/100|[from] Sandstorm
|-heal|p2a: Hippowdon|65/100|[from] item: Leftovers
|upkeep
|turn|5
|
|t:|1701636914
|switch|p2a: Ferrothorn|Ferrothorn, M|100/100
|move|p1a: Weavile|Ice Punch|p2a: Ferrothorn
|-damage|p2a: Ferrothorn|77/100
|-damage|p1a: Weavile|51/100|[from] ability: Iron Barbs|[of] p2a: Ferrothorn
|
|-weather|Sandstorm|[upkeep]
|-damage|p1a: Weavile|45/100|[from] Sandstorm
|-heal|p2a: Ferrothorn|84/100|[from] item: Leftovers
|upkeep
|turn|6
|
|t:|1701636925
|switch|p2a: Excadrill|Excadrill, M|100/100
|-item|p2a: Excadrill|Air Balloon
|move|p1a: Weavile|Low Kick|p2a: Excadrill
|-supereffective|p2a: Excadrill
|-damage|p2a: Excadrill|31/100
|-enditem|p2a: Excadrill|Air Balloon
|
|-weather|Sandstorm|[upkeep]
|-damage|p1a: Weavile|39/100|[from] Sandstorm
|upkeep
|turn|7
|
|t:|1701636936
|move|p1a: Weavile|Ice Punch|p2a: Excadrill
|-crit|p2a: Excadrill
|-damage|p2a: Excadrill|0 fnt
|faint|p2a: Excadrill
|
|-weather|Sandstorm|[upkeep]
|-damage|p1a: Weavile|33/100|[from] Sandstorm
|upkeep
|
|t:|1701636942
|switch|p2a: Crobat|Crobat, M|91/100
|turn|8
|
|t:|1701636949
|move|p2a: Crobat|U-turn|p1a: Weavile
|-supereffective|p1a: Weavile
|-damage|p1a: Weavile|0 fnt
|faint|p1a: Weavile
|-damage|p2a: Crobat|81/100|[from] item: Life Orb
|
|t:|1701636966
|switch|p2a: Rotom|Rotom-Wash|100/100|[from] U-turn
|
|-weather|Sandstorm|[upkeep]
|-damage|p2a: Rotom|94/100|[from] Sandstorm
|upkeep
|
|t:|1701636992
|switch|p1a: Magnezone|Magnezone|75/100
|-damage|p1a: Magnezone|69/100|[from] Stealth Rock
|turn|9
|
|t:|1701636997
|move|p2a: Rotom|Trick|p1a: Magnezone
|-activate|p2a: Rotom|move: Trick|[of] p1a: Magnezone
|-item|p1a: Magnezone|Choice Scarf|[from] move: Trick
|-item|p2a: Rotom|Leftovers|[from] move: Trick
|move|p1a: Magnezone|Charge Beam|p2a: Rotom
|-damage|p2a: Rotom|58/100
|-boost|p1a: Magnezone|spa|1
|
|-weather|Sandstorm|[upkeep]
|-damage|p2a: Rotom|52/100|[from] Sandstorm
|-heal|p2a: Rotom|58/100|[from] item: Leftovers
|upkeep
|turn|10
|
|t:|1701637008
|switch|p1a: Slowking|Slowking, F|100/100
|-damage|p1a: Slowking|88/100|[from] Stealth Rock
|switch|p2a: Hippowdon|Hippowdon, M|65/100
|
|-weather|Sandstorm|[upkeep]
|-damage|p1a: Slowking|82/100|[from] Sandstorm
|-heal|p2a: Hippowdon|71/100|[from] item: Leftovers
|upkeep
|turn|11
|
|t:|1701637018
|move|p2a: Hippowdon|Earthquake|p1a: Slowking
|-damage|p1a: Slowking|42/100
|move|p1a: Slowking|Psyshock|p2a: Hippowdon
|-damage|p2a: Hippowdon|45/100
|-damage|p1a: Slowking|32/100|[from] item: Life Orb
|
|-weather|Sandstorm|[upkeep]
|-damage|p1a: Slowking|26/100|[from] Sandstorm
|-heal|p2a: Hippowdon|51/100|[from] item: Leftovers
|upkeep
|turn|12
|
|t:|1701637032
|switch|p1a: Latios|Latios, M|100/100
|-damage|p1a: Latios|88/100|[from] Stealth Rock
|move|p2a: Hippowdon|Slack Off|p2a: Hippowdon
|-heal|p2a: Hippowdon|100/100
|
|-weather|Sandstorm|[upkeep]
|-damage|p1a: Latios|82/100|[from] Sandstorm
|upkeep
|turn|13
|
|t:|1701637041
|switch|p2a: Ferrothorn|Ferrothorn, M|84/100
|move|p1a: Latios|Dragon Pulse|p2a: Ferrothorn
|-resisted|p2a: Ferrothorn
|-damage|p2a: Ferrothorn|68/100
|
|-weather|Sandstorm|[upkeep]
|-damage|p1a: Latios|76/100|[from] Sandstorm
|-heal|p2a: Ferrothorn|75/100|[from] item: Leftovers
|upkeep
|turn|14
|
|t:|1701637053
|switch|p1a: Magnezone|Magnezone|69/100
|-damage|p1a: Magnezone|63/100|[from] Stealth Rock
|switch|p2a: Jellicent|Jellicent, M|100/100
|
|-weather|Sandstorm|[upkeep]
|-damage|p2a: Jellicent|94/100|[from] Sandstorm
|-heal|p2a: Jellicent|100/100|[from] item: Leftovers
|upkeep
|turn|15
|
|t:|1701637063
|move|p1a: Magnezone|Charge Beam|p2a: Jellicent
|-supereffective|p2a: Jellicent
|-damage|p2a: Jellicent|51/100
|-boost|p1a: Magnezone|spa|1
|move|p2a: Jellicent|Will-O-Wisp|p1a: Magnezone|[miss]
|-miss|p2a: Jellicent|p1a: Magnezone
|
|-weather|Sandstorm|[upkeep]
|-damage|p2a: Jellicent|45/100|[from] Sandstorm
|-heal|p2a: Jellicent|51/100|[from] item: Leftovers
|upkeep
|turn|16
|
|t:|1701637073
|switch|p2a: Hippowdon|Hippowdon, M|100/100
|move|p1a: Magnezone|Charge Beam|p2a: Hippowdon
|-immune|p2a: Hippowdon
|
|-weather|Sandstorm|[upkeep]
|upkeep
|turn|17
|
|t:|1701637081
|switch|p1a: Latios|Latios, M|76/100
|-damage|p1a: Latios|64/100|[from] Stealth Rock
|move|p2a: Hippowdon|Roar|p1a: Latios
|drag|p1a: Metagross|Metagross|100/100
|-damage|p1a: Metagross|94/100|[from] Stealth Rock
|
|-weather|Sandstorm|[upkeep]
|upkeep
|turn|18
|
|t:|1701637090
|move|p1a: Metagross|Meteor Mash|p2a: Hippowdon
|-damage|p2a: Hippowdon|58/100
|move|p2a: Hippowdon|Earthquake|p1a: Metagross
|-supereffective|p1a: Metagross
|-damage|p1a: Metagross|40/100
|
|-weather|Sandstorm|[upkeep]
|-heal|p2a: Hippowdon|64/100|[from] item: Leftovers
|upkeep
|turn|19
|
|t:|1701637099
|move|p1a: Metagross|Meteor Mash|p2a: Hippowdon
|-damage|p2a: Hippowdon|16/100
|move|p2a: Hippowdon|Earthquake|p1a: Metagross
|-supereffective|p1a: Metagross
|-damage|p1a: Metagross|0 fnt
|faint|p1a: Metagross
|
|-weather|Sandstorm|[upkeep]
|-heal|p2a: Hippowdon|23/100|[from] item: Leftovers
|upkeep
|
|t:|1701637114
|switch|p1a: Magnezone|Magnezone|63/100
|-damage|p1a: Magnezone|57/100|[from] Stealth Rock
|turn|20
|
|t:|1701637123
|move|p1a: Magnezone|Flash Cannon|p2a: Hippowdon
|-damage|p2a: Hippowdon|0 fnt
|faint|p2a: Hippowdon
|
|-weather|Sandstorm|[upkeep]
|upkeep
|
|t:|1701637131
|switch|p2a: Jellicent|Jellicent, M|51/100
|turn|21
|
|t:|1701637135
|switch|p1a: Slowking|Slowking, F|59/100
|-damage|p1a: Slowking|46/100|[from] Stealth Rock
|move|p2a: Jellicent|Recover|p2a: Jellicent
|-heal|p2a: Jellicent|100/100
|
|-weather|Sandstorm|[upkeep]
|-damage|p2a: Jellicent|94/100|[from] Sandstorm
|-damage|p1a: Slowking|40/100|[from] Sandstorm
|-heal|p2a: Jellicent|100/100|[from] item: Leftovers
|upkeep
|turn|22
|
|t:|1701637159
|move|p2a: Jellicent|Shadow Ball|p1a: Slowking
|-supereffective|p1a: Slowking
|-damage|p1a: Slowking|3/100
|move|p1a: Slowking|Psyshock|p2a: Jellicent
|-damage|p2a: Jellicent|61/100
|-damage|p1a: Slowking|0 fnt|[from] item: Life Orb
|faint|p1a: Slowking
|
|-weather|Sandstorm|[upkeep]
|-damage|p2a: Jellicent|54/100|[from] Sandstorm
|-heal|p2a: Jellicent|61/100|[from] item: Leftovers
|upkeep
|
|t:|1701637165
|switch|p1a: Magnezone|Magnezone|57/100
|-damage|p1a: Magnezone|51/100|[from] Stealth Rock
|turn|23
|
|t:|1701637180
|switch|p2a: Rotom|Rotom-Wash|58/100
|move|p1a: Magnezone|Charge Beam|p2a: Rotom
|-damage|p2a: Rotom|20/100
|-boost|p1a: Magnezone|spa|1
|
|-weather|Sandstorm|[upkeep]
|-damage|p2a: Rotom|14/100|[from] Sandstorm
|-heal|p2a: Rotom|20/100|[from] item: Leftovers
|upkeep
|turn|24
|
|t:|1701637191
|switch|p2a: Ferrothorn|Ferrothorn, M|75/100
|move|p1a: Magnezone|Charge Beam|p2a: Ferrothorn
|-resisted|p2a: Ferrothorn
|-damage|p2a: Ferrothorn|56/100
|-boost|p1a: Magnezone|spa|1
|
|-weather|Sandstorm|[upkeep]
|-heal|p2a: Ferrothorn|62/100|[from] item: Leftovers
|upkeep
|turn|25
|
|t:|1701637200
|move|p1a: Magnezone|Charge Beam|p2a: Ferrothorn
|-resisted|p2a: Ferrothorn
|-damage|p2a: Ferrothorn|38/100
|move|p2a: Ferrothorn|Leech Seed|p1a: Magnezone|[miss]
|-miss|p2a: Ferrothorn|p1a: Magnezone
|
|-weather|Sandstorm|[upkeep]
|-heal|p2a: Ferrothorn|45/100|[from] item: Leftovers
|upkeep
|turn|26
|
|t:|1701637208
|move|p2a: Ferrothorn|Protect|p2a: Ferrothorn
|-singleturn|p2a: Ferrothorn|Protect
|move|p1a: Magnezone|Charge Beam|p2a: Ferrothorn
|-activate|p2a: Ferrothorn|move: Protect
|
|-weather|Sandstorm|[upkeep]
|-heal|p2a: Ferrothorn|51/100|[from] item: Leftovers
|upkeep
|turn|27
|
|t:|1701637215
|move|p1a: Magnezone|Charge Beam|p2a: Ferrothorn
|-resisted|p2a: Ferrothorn
|-damage|p2a: Ferrothorn|27/100
|move|p2a: Ferrothorn|Leech Seed|p1a: Magnezone
|-start|p1a: Magnezone|move: Leech Seed
|
|-weather|Sandstorm|[upkeep]
|-heal|p2a: Ferrothorn|33/100|[from] item: Leftovers
|-damage|p1a: Magnezone|38/100|[from] Leech Seed|[of] p2a: Ferrothorn
|-heal|p2a: Ferrothorn|43/100|[silent]
|upkeep
|turn|28
|
|t:|1701637224
|switch|p1a: Latios|Latios, M|64/100
|-damage|p1a: Latios|51/100|[from] Stealth Rock
|move|p2a: Ferrothorn|Leech Seed|p1a: Latios
|-start|p1a: Latios|move: Leech Seed
|
|-weather|Sandstorm|[upkeep]
|-damage|p1a: Latios|45/100|[from] Sandstorm
|-heal|p2a: Ferrothorn|49/100|[from] item: Leftovers
|-damage|p1a: Latios|33/100|[from] Leech Seed|[of] p2a: Ferrothorn
|-heal|p2a: Ferrothorn|62/100|[silent]
|upkeep
|turn|29
|
|t:|1701637234
|switch|p1a: Terrakion|Terrakion|100/100
|-damage|p1a: Terrakion|94/100|[from] Stealth Rock
|move|p2a: Ferrothorn|Protect||[still]
|-fail|p2a: Ferrothorn
|
|-weather|Sandstorm|[upkeep]
|-heal|p2a: Ferrothorn|68/100|[from] item: Leftovers
|upkeep
|turn|30
|j| AngryPidgeon
|
|t:|1701637245
|switch|p2a: Rotom|Rotom-Wash|20/100
|move|p1a: Terrakion|Stone Edge|p2a: Rotom
|-damage|p2a: Rotom|0 fnt
|faint|p2a: Rotom
|
|-weather|Sandstorm|[upkeep]
|upkeep
|
|t:|1701637254
|switch|p2a: Ferrothorn|Ferrothorn, M|68/100
|turn|31
|
|t:|1701637257
|move|p1a: Terrakion|Close Combat|p2a: Ferrothorn
|-supereffective|p2a: Ferrothorn
|-damage|p2a: Ferrothorn|0 fnt
|-unboost|p1a: Terrakion|def|1
|-unboost|p1a: Terrakion|spd|1
|-damage|p1a: Terrakion|82/100|[from] ability: Iron Barbs|[of] p2a: Ferrothorn
|faint|p2a: Ferrothorn
|
|-weather|Sandstorm|[upkeep]
|upkeep
|
|t:|1701637266
|switch|p2a: Jellicent|Jellicent, M|61/100
|turn|32
|
|t:|1701637270
|switch|p1a: Latios|Latios, M|33/100
|-damage|p1a: Latios|21/100|[from] Stealth Rock
|move|p2a: Jellicent|Scald|p1a: Latios
|-resisted|p1a: Latios
|-damage|p1a: Latios|10/100
|
|-weather|Sandstorm|[upkeep]
|-damage|p1a: Latios|4/100|[from] Sandstorm
|-damage|p2a: Jellicent|54/100|[from] Sandstorm
|-heal|p2a: Jellicent|61/100|[from] item: Leftovers
|upkeep
|turn|33
|
|t:|1701637280
|move|p1a: Latios|Dragon Pulse|p2a: Jellicent
|-damage|p2a: Jellicent|31/100
|move|p2a: Jellicent|Recover|p2a: Jellicent
|-heal|p2a: Jellicent|81/100
|
|-weather|Sandstorm|[upkeep]
|-damage|p1a: Latios|0 fnt|[from] Sandstorm
|-damage|p2a: Jellicent|75/100|[from] Sandstorm
|faint|p1a: Latios
|-heal|p2a: Jellicent|81/100|[from] item: Leftovers
|upkeep
|
|t:|1701637284
|switch|p1a: Magnezone|Magnezone|38/100
|-damage|p1a: Magnezone|32/100|[from] Stealth Rock
|turn|34
|
|t:|1701637298
|move|p1a: Magnezone|Charge Beam|p2a: Jellicent
|-supereffective|p2a: Jellicent
|-damage|p2a: Jellicent|34/100
|move|p2a: Jellicent|Shadow Ball|p1a: Magnezone
|-resisted|p1a: Magnezone
|-damage|p1a: Magnezone|15/100
|
|-weather|Sandstorm|[upkeep]
|-damage|p2a: Jellicent|28/100|[from] Sandstorm
|-heal|p2a: Jellicent|34/100|[from] item: Leftovers
|upkeep
|turn|35
|
|t:|1701637308
|move|p1a: Magnezone|Charge Beam|p2a: Jellicent
|-supereffective|p2a: Jellicent
|-damage|p2a: Jellicent|0 fnt
|-boost|p1a: Magnezone|spa|1
|faint|p2a: Jellicent
|
|-weather|Sandstorm|[upkeep]
|upkeep
|
|t:|1701637314
|switch|p2a: Crobat|Crobat, M|81/100
|turn|36
|
|t:|1701637318
|move|p2a: Crobat|Brave Bird|p1a: Magnezone
|-resisted|p1a: Magnezone
|-damage|p1a: Magnezone|0 fnt
|faint|p1a: Magnezone
|-damage|p2a: Crobat|76/100|[from] Recoil
|-damage|p2a: Crobat|66/100|[from] item: Life Orb
|
|-weather|Sandstorm|[upkeep]
|-damage|p2a: Crobat|60/100|[from] Sandstorm
|upkeep
|
|t:|1701637320
|switch|p1a: Terrakion|Terrakion|82/100
|-damage|p1a: Terrakion|76/100|[from] Stealth Rock
|turn|37
|
|t:|1701637329
|move|p2a: Crobat|Brave Bird|p1a: Terrakion
|-damage|p1a: Terrakion|8/100
|-damage|p2a: Crobat|37/100|[from] Recoil
|-damage|p2a: Crobat|27/100|[from] item: Life Orb
|move|p1a: Terrakion|Stone Edge|p2a: Crobat
|-supereffective|p2a: Crobat
|-damage|p2a: Crobat|0 fnt
|faint|p2a: Crobat
|
|win|realbirdshoota
|raw|realbirdshoota's rating: 1318 &rarr; <strong>1340</strong><br />(+22 for winning)
|raw|Le Girondin's rating: 1359 &rarr; <strong>1337</strong><br />(-22 for losing)
