|j|☆OldyMcOldFace
|j|☆av2336
|t:|1716636409
|gametype|singles
|player|p1|OldyMcOldFace|blaine|1314
|player|p2|av2336|pokemaniac-gen3rs|1403
|teamsize|p1|6
|teamsize|p2|6
|gen|5
|tier|[Gen 5] OU
|rated|
|rule|Species Clause: Limit one of each Pokémon
|rule|OHKO Clause: OHKO moves are banned
|rule|Moody Clause: Moody is banned
|rule|Evasion Items Clause: Evasion items are banned
|rule|Evasion Moves Clause: Evasion moves are banned
|rule|Endless Battle Clause: Forcing endless battles is banned
|rule|HP Percentage Mod: HP is shown in percentages
|rule|Evasion Abilities Clause: Evasion abilities are banned
|rule|Sleep Moves Clause: Sleep-inducing moves are banned
|rule|Swagger Clause: Swagger is banned
|rule|Baton Pass Stat Clause: No Baton Passer may have a way to boost its stats
|clearpoke
|poke|p1|Tyranitar, M|item
|poke|p1|Excadrill, F|item
|poke|p1|Reuniclus, M|item
|poke|p1|Ferrothorn, M|item
|poke|p1|Rotom-Wash|item
|poke|p1|Latios, M|item
|poke|p2|Omastar, F|item
|poke|p2|Latios, M|item
|poke|p2|Jirachi|item
|poke|p2|Dugtrio, F|item
|poke|p2|Gyarados, F|item
|poke|p2|Conkeldurr, M|item
|teampreview
|inactive|Battle timer is ON: inactive players will automatically lose when time's up. (requested by OldyMcOldFace)
|inactive|av2336 also wants the timer to be on.
|inactive|av2336 has 120 seconds left.
|
|t:|1716636442
|start
|switch|p1a: Latios|Latios, M|100/100
|switch|p2a: Dugtrio|Dugtrio, F|100/100
|turn|1
|
|t:|1716636448
|move|p1a: Latios|Surf|p2a: Dugtrio
|-supereffective|p2a: Dugtrio
|-enditem|p2a: Dugtrio|Focus Sash
|-damage|p2a: Dugtrio|1/100
|move|p2a: Dugtrio|Stealth Rock|p1a: Latios
|-sidestart|p1: OldyMcOldFace|move: Stealth Rock
|
|upkeep
|turn|2
|
|t:|1716636464
|move|p1a: Latios|Surf|p2a: Dugtrio
|-supereffective|p2a: Dugtrio
|-damage|p2a: Dugtrio|0 fnt
|faint|p2a: Dugtrio
|
|upkeep
|
|t:|1716636467
|switch|p2a: Conkeldurr|Conkeldurr, M|100/100
|turn|3
|
|t:|1716636491
|switch|p1a: Rotom|Rotom-Wash|100/100
|-damage|p1a: Rotom|88/100|[from] Stealth Rock
|move|p2a: Conkeldurr|Bulk Up|p2a: Conkeldurr
|-boost|p2a: Conkeldurr|atk|1
|-boost|p2a: Conkeldurr|def|1
|
|-heal|p1a: Rotom|94/100|[from] item: Leftovers
|upkeep
|turn|4
|
|t:|1716636497
|move|p1a: Rotom|Will-O-Wisp|p2a: Conkeldurr
|-status|p2a: Conkeldurr|brn
|move|p2a: Conkeldurr|Bulk Up|p2a: Conkeldurr
|-boost|p2a: Conkeldurr|atk|1
|-boost|p2a: Conkeldurr|def|1
|
|-heal|p1a: Rotom|99/100|[from] item: Leftovers
|-damage|p2a: Conkeldurr|88/100 brn|[from] brn
|upkeep
|turn|5
|
|t:|1716636505
|move|p1a: Rotom|Hydro Pump|p2a: Conkeldurr
|-damage|p2a: Conkeldurr|52/100 brn
|move|p2a: Conkeldurr|Drain Punch|p1a: Rotom
|-damage|p1a: Rotom|0 fnt
|-heal|p2a: Conkeldurr|89/100 brn|[from] drain|[of] p1a: Rotom
|faint|p1a: Rotom
|
|-heal|p2a: Conkeldurr|95/100 brn|[from] item: Leftovers
|-damage|p2a: Conkeldurr|83/100 brn|[from] brn
|upkeep
|
|t:|1716636512
|switch|p1a: Latios|Latios, M|100/100
|-damage|p1a: Latios|88/100|[from] Stealth Rock
|turn|6
|
|t:|1716636520
|move|p1a: Latios|Draco Meteor|p2a: Conkeldurr
|-damage|p2a: Conkeldurr|23/100 brn
|-unboost|p1a: Latios|spa|2
|move|p2a: Conkeldurr|Payback|p1a: Latios
|-supereffective|p1a: Latios
|-crit|p1a: Latios
|-damage|p1a: Latios|0 fnt
|faint|p1a: Latios
|
|-heal|p2a: Conkeldurr|29/100 brn|[from] item: Leftovers
|-damage|p2a: Conkeldurr|17/100 brn|[from] brn
|upkeep
|
|t:|1716636531
|switch|p1a: Excadrill|Excadrill, F|100/100
|-damage|p1a: Excadrill|97/100|[from] Stealth Rock
|turn|7
|
|t:|1716636536
|switch|p2a: Latios|Latios, M|100/100
|move|p1a: Excadrill|Earthquake|p2a: Latios
|-immune|p2a: Latios|[from] ability: Levitate
|
|-heal|p1a: Excadrill|100/100|[from] item: Leftovers
|upkeep
|turn|8
|
|t:|1716636545
|move|p1a: Excadrill|Protect|p1a: Excadrill
|-singleturn|p1a: Excadrill|Protect
|move|p2a: Latios|Reflect|p2a: Latios
|-sidestart|p2: av2336|Reflect
|
|upkeep
|turn|9
|
|t:|1716636551
|switch|p1a: Ferrothorn|Ferrothorn, M|100/100
|-damage|p1a: Ferrothorn|94/100|[from] Stealth Rock
|move|p2a: Latios|Memento|p1a: Ferrothorn
|-unboost|p1a: Ferrothorn|atk|2
|-unboost|p1a: Ferrothorn|spa|2
|faint|p2a: Latios
|
|-heal|p1a: Ferrothorn|100/100|[from] item: Leftovers
|upkeep
|
|t:|1716636554
|switch|p2a: Gyarados|Gyarados, F|100/100
|-ability|p2a: Gyarados|Intimidate|boost
|-unboost|p1a: Ferrothorn|atk|1
|turn|10
|-message|OldyMcOldFace forfeited.
|
|win|av2336
|raw|OldyMcOldFace's rating: 1314 &rarr; <strong>1300</strong><br />(-14 for losing)
|raw|av2336's rating: 1420 &rarr; <strong>1434</strong><br />(+14 for winning)
|l|☆OldyMcOldFace
|player|p1|
