|j|☆three bees
|j|☆Morgan23
|t:|1707144658
|gametype|singles
|player|p1|three bees|sabrina|1376
|player|p2|Morgan23|102|1331
|teamsize|p1|6
|teamsize|p2|6
|gen|5
|tier|[Gen 5] OU
|rated|
|rule|Species Clause: Limit one of each Pokémon
|rule|OHKO Clause: OHKO moves are banned
|rule|Moody Clause: Moody is banned
|rule|Evasion Items Clause: Evasion items are banned
|rule|Evasion Moves Clause: Evasion moves are banned
|rule|Endless Battle Clause: Forcing endless battles is banned
|rule|HP Percentage Mod: HP is shown in percentages
|rule|Evasion Abilities Clause: Evasion abilities are banned
|rule|Sleep Moves Clause: Sleep-inducing moves are banned
|rule|Swagger Clause: Swagger is banned
|rule|Baton Pass Stat Clause: No Baton Passer may have a way to boost its stats
|clearpoke
|poke|p1|Tyranitar, F|item
|poke|p1|Skarmory, M|item
|poke|p1|Alakazam, F|item
|poke|p1|Landorus-Therian, M|item
|poke|p1|Latios, M|item
|poke|p1|Rotom-Wash|item
|poke|p2|Tyranitar, M|item
|poke|p2|Keldeo|item
|poke|p2|Gliscor, M|item
|poke|p2|Terrakion|item
|poke|p2|Latios, M|item
|poke|p2|Skarmory, F|item
|teampreview
|
|t:|1707144683
|start
|switch|p1a: Rotom|Rotom-Wash|100/100
|switch|p2a: Terrakion|Terrakion|100/100
|turn|1
|
|t:|1707144687
|move|p2a: Terrakion|Close Combat|p1a: Rotom
|-damage|p1a: Rotom|24/100
|-unboost|p2a: Terrakion|def|1
|-unboost|p2a: Terrakion|spd|1
|move|p1a: Rotom|Will-O-Wisp|p2a: Terrakion
|-status|p2a: Terrakion|brn
|
|-heal|p1a: Rotom|30/100|[from] item: Leftovers
|-damage|p2a: Terrakion|88/100 brn|[from] brn
|upkeep
|turn|2
|
|t:|1707144703
|switch|p1a: Landorus|Landorus-Therian, M|100/100
|-ability|p1a: Landorus|Intimidate|boost
|-unboost|p2a: Terrakion|atk|1
|move|p2a: Terrakion|Close Combat|p1a: Landorus
|-resisted|p1a: Landorus
|-damage|p1a: Landorus|90/100
|-unboost|p2a: Terrakion|def|1
|-unboost|p2a: Terrakion|spd|1
|
|-heal|p1a: Landorus|96/100|[from] item: Leftovers
|-damage|p2a: Terrakion|76/100 brn|[from] brn
|upkeep
|turn|3
|
|t:|1707144721
|switch|p2a: Skarmory|Skarmory, F, shiny|100/100
|move|p1a: Landorus|Stealth Rock|p2a: Skarmory
|-sidestart|p2: Morgan23|move: Stealth Rock
|
|-heal|p1a: Landorus|100/100|[from] item: Leftovers
|upkeep
|turn|4
|
|t:|1707144735
|switch|p2a: Gliscor|Gliscor, M|100/100
|-damage|p2a: Gliscor|88/100|[from] Stealth Rock
|move|p1a: Landorus|U-turn|p2a: Gliscor
|-resisted|p2a: Gliscor
|-damage|p2a: Gliscor|81/100
|
|t:|1707144747
|switch|p1a: Alakazam|Alakazam, F|100/100|[from] U-turn
|
|-status|p2a: Gliscor|tox|[from] item: Toxic Orb
|upkeep
|turn|5
|
|t:|1707144752
|move|p2a: Gliscor|Protect|p2a: Gliscor
|-singleturn|p2a: Gliscor|Protect
|move|p1a: Alakazam|Hidden Power|p2a: Gliscor
|-activate|p2a: Gliscor|move: Protect
|
|-heal|p2a: Gliscor|94/100 tox|[from] ability: Poison Heal
|upkeep
|turn|6
|
|t:|1707144770
|switch|p2a: Skarmory|Skarmory, F, shiny|100/100
|-damage|p2a: Skarmory|88/100|[from] Stealth Rock
|move|p1a: Alakazam|Hidden Power|p2a: Skarmory
|-damage|p2a: Skarmory|60/100
|
|upkeep
|turn|7
|
|t:|1707144816
|switch|p1a: Landorus|Landorus-Therian, M|100/100
|-ability|p1a: Landorus|Intimidate|boost
|-unboost|p2a: Skarmory|atk|1
|move|p2a: Skarmory|Roost|p2a: Skarmory
|-heal|p2a: Skarmory|100/100
|-singleturn|p2a: Skarmory|move: Roost
|
|upkeep
|turn|8
|
|t:|1707144846
|switch|p2a: Gliscor|Gliscor, M|94/100 tox
|-damage|p2a: Gliscor|81/100 tox|[from] Stealth Rock
|move|p1a: Landorus|U-turn|p2a: Gliscor
|-resisted|p2a: Gliscor
|-damage|p2a: Gliscor|74/100 tox
|
|t:|1707144856
|switch|p1a: Alakazam|Alakazam, F|100/100|[from] U-turn
|
|-heal|p2a: Gliscor|86/100 tox|[from] ability: Poison Heal
|upkeep
|turn|9
|
|t:|1707144863
|move|p2a: Gliscor|Protect|p2a: Gliscor
|-singleturn|p2a: Gliscor|Protect
|move|p1a: Alakazam|Hidden Power|p2a: Gliscor
|-activate|p2a: Gliscor|move: Protect
|
|-heal|p2a: Gliscor|99/100 tox|[from] ability: Poison Heal
|upkeep
|turn|10
|
|t:|1707144913
|switch|p2a: Tyranitar|Tyranitar, M|100/100
|-damage|p2a: Tyranitar|88/100|[from] Stealth Rock
|-weather|Sandstorm|[from] ability: Sand Stream|[of] p2a: Tyranitar
|move|p1a: Alakazam|Hidden Power|p2a: Tyranitar
|-damage|p2a: Tyranitar|76/100
|
|-weather|Sandstorm|[upkeep]
|upkeep
|turn|11
|
|t:|1707144932
|move|p1a: Alakazam|Focus Blast|p2a: Tyranitar
|-supereffective|p2a: Tyranitar
|-crit|p2a: Tyranitar
|-enditem|p2a: Tyranitar|Chople Berry|[eat]
|-enditem|p2a: Tyranitar|Chople Berry|[weaken]
|-damage|p2a: Tyranitar|6/100
|move|p2a: Tyranitar|Pursuit|p1a: Alakazam
|-supereffective|p1a: Alakazam
|-enditem|p1a: Alakazam|Focus Sash
|-damage|p1a: Alakazam|1/100
|
|-weather|Sandstorm|[upkeep]
|upkeep
|turn|12
|
|t:|1707144944
|move|p1a: Alakazam|Signal Beam|p2a: Tyranitar
|-supereffective|p2a: Tyranitar
|-damage|p2a: Tyranitar|0 fnt
|faint|p2a: Tyranitar
|
|-weather|Sandstorm|[upkeep]
|upkeep
|
|t:|1707144961
|switch|p2a: Terrakion|Terrakion|76/100 brn
|-damage|p2a: Terrakion|70/100 brn|[from] Stealth Rock
|turn|13
|
|t:|1707144970
|switch|p1a: Landorus|Landorus-Therian, M|100/100
|-ability|p1a: Landorus|Intimidate|boost
|-unboost|p2a: Terrakion|atk|1
|move|p2a: Terrakion|Close Combat|p1a: Landorus
|-resisted|p1a: Landorus
|-damage|p1a: Landorus|88/100
|-unboost|p2a: Terrakion|def|1
|-unboost|p2a: Terrakion|spd|1
|
|-weather|Sandstorm|[upkeep]
|-heal|p1a: Landorus|95/100|[from] item: Leftovers
|-damage|p2a: Terrakion|57/100 brn|[from] brn
|upkeep
|turn|14
|
|t:|1707144984
|move|p2a: Terrakion|Close Combat|p1a: Landorus
|-resisted|p1a: Landorus
|-damage|p1a: Landorus|84/100
|-unboost|p2a: Terrakion|def|1
|-unboost|p2a: Terrakion|spd|1
|move|p1a: Landorus|U-turn|p2a: Terrakion
|-resisted|p2a: Terrakion
|-damage|p2a: Terrakion|33/100 brn
|
|t:|1707144994
|switch|p1a: Skarmory|Skarmory, M|100/100|[from] U-turn
|
|-weather|Sandstorm|[upkeep]
|-damage|p2a: Terrakion|21/100 brn|[from] brn
|upkeep
|turn|15
|
|t:|1707145000
|switch|p2a: Gliscor|Gliscor, M|99/100 tox
|-damage|p2a: Gliscor|86/100 tox|[from] Stealth Rock
|move|p1a: Skarmory|Spikes|p2a: Gliscor
|-sidestart|p2: Morgan23|Spikes
|
|-weather|Sandstorm|[upkeep]
|-heal|p2a: Gliscor|99/100 tox|[from] ability: Poison Heal
|upkeep
|turn|16
|
|t:|1707145010
|move|p2a: Gliscor|Stealth Rock|p1a: Skarmory
|-sidestart|p1: three bees|move: Stealth Rock
|move|p1a: Skarmory|Whirlwind|p2a: Gliscor
|drag|p2a: Terrakion|Terrakion|21/100 brn
|-damage|p2a: Terrakion|15/100 brn|[from] Stealth Rock
|-damage|p2a: Terrakion|2/100 brn|[from] Spikes
|
|-weather|Sandstorm|[upkeep]
|-damage|p2a: Terrakion|0 fnt|[from] brn
|faint|p2a: Terrakion
|upkeep
|
|t:|1707145024
|switch|p2a: Keldeo|Keldeo|100/100
|-damage|p2a: Keldeo|94/100|[from] Stealth Rock
|-damage|p2a: Keldeo|82/100|[from] Spikes
|turn|17
|
|t:|1707145060
|move|p2a: Keldeo|Scald|p1a: Skarmory
|-damage|p1a: Skarmory|58/100
|move|p1a: Skarmory|Whirlwind|p2a: Keldeo
|drag|p2a: Skarmory|Skarmory, F, shiny|100/100
|-damage|p2a: Skarmory|88/100|[from] Stealth Rock
|
|-weather|Sandstorm|[upkeep]
|-heal|p1a: Skarmory|64/100|[from] item: Leftovers
|upkeep
|turn|18
|
|t:|1707145073
|move|p1a: Skarmory|Roost|p1a: Skarmory
|-heal|p1a: Skarmory|100/100
|-singleturn|p1a: Skarmory|move: Roost
|move|p2a: Skarmory|Spikes|p1a: Skarmory
|-sidestart|p1: three bees|Spikes
|
|-weather|Sandstorm|[upkeep]
|upkeep
|turn|19
|
|t:|1707145079
|move|p1a: Skarmory|Spikes|p2a: Skarmory
|-sidestart|p2: Morgan23|Spikes
|move|p2a: Skarmory|Whirlwind|p1a: Skarmory
|drag|p1a: Rotom|Rotom-Wash|30/100
|-damage|p1a: Rotom|18/100|[from] Stealth Rock
|
|-weather|Sandstorm|[upkeep]
|-damage|p1a: Rotom|12/100|[from] Sandstorm
|-heal|p1a: Rotom|18/100|[from] item: Leftovers
|upkeep
|turn|20
|
|t:|1707145094
|move|p1a: Rotom|Pain Split|p2a: Skarmory
|-sethp|p2a: Skarmory|52/100|[from] move: Pain Split|[silent]
|-sethp|p1a: Rotom|57/100|[from] move: Pain Split
|move|p2a: Skarmory|Whirlwind|p1a: Rotom
|drag|p1a: Alakazam|Alakazam, F|1/100
|
|-weather|Sandstorm|[upkeep]
|upkeep
|turn|21
|
|t:|1707145126
|switch|p1a: Skarmory|Skarmory, M|100/100
|-damage|p1a: Skarmory|88/100|[from] Stealth Rock
|move|p2a: Skarmory|Brave Bird|p1a: Skarmory
|-resisted|p1a: Skarmory
|-damage|p1a: Skarmory|74/100
|-damage|p2a: Skarmory|48/100|[from] Recoil
|
|-weather|Sandstorm|[upkeep]
|-heal|p1a: Skarmory|80/100|[from] item: Leftovers
|upkeep
|turn|22
|
|t:|1707145136
|move|p1a: Skarmory|Spikes|p2a: Skarmory
|-sidestart|p2: Morgan23|Spikes
|move|p2a: Skarmory|Roost|p2a: Skarmory
|-heal|p2a: Skarmory|98/100
|-singleturn|p2a: Skarmory|move: Roost
|
|-weather|Sandstorm|[upkeep]
|-heal|p1a: Skarmory|86/100|[from] item: Leftovers
|upkeep
|turn|23
|
|t:|1707145156
|move|p1a: Skarmory|Whirlwind|p2a: Skarmory
|drag|p2a: Gliscor|Gliscor, M|99/100 tox
|-damage|p2a: Gliscor|86/100 tox|[from] Stealth Rock
|
|-weather|Sandstorm|[upkeep]
|-heal|p1a: Skarmory|92/100|[from] item: Leftovers
|-heal|p2a: Gliscor|99/100 tox|[from] ability: Poison Heal
|upkeep
|turn|24
|
|t:|1707145165
|move|p2a: Gliscor|Knock Off|p1a: Skarmory
|-resisted|p1a: Skarmory
|-damage|p1a: Skarmory|90/100
|-enditem|p1a: Skarmory|Leftovers|[from] move: Knock Off|[of] p2a: Gliscor
|move|p1a: Skarmory|Whirlwind|p2a: Gliscor
|drag|p2a: Skarmory|Skarmory, F, shiny|98/100
|-damage|p2a: Skarmory|85/100|[from] Stealth Rock
|
|-weather|Sandstorm|[upkeep]
|upkeep
|turn|25
|
|t:|1707145176
|move|p1a: Skarmory|Whirlwind|p2a: Skarmory
|drag|p2a: Keldeo|Keldeo|82/100
|-damage|p2a: Keldeo|76/100|[from] Stealth Rock
|-damage|p2a: Keldeo|51/100|[from] Spikes
|
|-weather|Sandstorm|[upkeep]
|-damage|p2a: Keldeo|45/100|[from] Sandstorm
|-heal|p2a: Keldeo|51/100|[from] item: Leftovers
|upkeep
|turn|26
|
|t:|1707145190
|move|p2a: Keldeo|Scald|p1a: Skarmory
|-damage|p1a: Skarmory|54/100
|move|p1a: Skarmory|Whirlwind|p2a: Keldeo
|drag|p2a: Gliscor|Gliscor, M|99/100 tox
|-damage|p2a: Gliscor|86/100 tox|[from] Stealth Rock
|
|-weather|Sandstorm|[upkeep]
|-heal|p2a: Gliscor|99/100 tox|[from] ability: Poison Heal
|upkeep
|turn|27
|
|t:|1707145202
|move|p2a: Gliscor|Protect|p2a: Gliscor
|-singleturn|p2a: Gliscor|Protect
|move|p1a: Skarmory|Roost|p1a: Skarmory
|-heal|p1a: Skarmory|100/100
|-singleturn|p1a: Skarmory|move: Roost
|
|-weather|Sandstorm|[upkeep]
|-heal|p2a: Gliscor|100/100 tox|[from] ability: Poison Heal
|upkeep
|turn|28
|
|t:|1707145213
|move|p2a: Gliscor|Earthquake|p1a: Skarmory
|-immune|p1a: Skarmory
|move|p1a: Skarmory|Whirlwind|p2a: Gliscor
|drag|p2a: Keldeo|Keldeo|51/100
|-damage|p2a: Keldeo|45/100|[from] Stealth Rock
|-damage|p2a: Keldeo|20/100|[from] Spikes
|
|-weather|Sandstorm|[upkeep]
|-damage|p2a: Keldeo|14/100|[from] Sandstorm
|-heal|p2a: Keldeo|20/100|[from] item: Leftovers
|upkeep
|turn|29
|
|t:|1707145224
|move|p2a: Keldeo|Taunt|p1a: Skarmory
|-start|p1a: Skarmory|move: Taunt
|cant|p1a: Skarmory|move: Taunt|Whirlwind
|
|-weather|Sandstorm|[upkeep]
|-damage|p2a: Keldeo|14/100|[from] Sandstorm
|-heal|p2a: Keldeo|20/100|[from] item: Leftovers
|upkeep
|turn|30
|
|t:|1707145232
|move|p2a: Keldeo|Scald|p1a: Skarmory
|-damage|p1a: Skarmory|59/100
|move|p1a: Skarmory|Brave Bird|p2a: Keldeo
|-supereffective|p2a: Keldeo
|-damage|p2a: Keldeo|0 fnt
|faint|p2a: Keldeo
|-damage|p1a: Skarmory|53/100|[from] Recoil
|
|-weather|Sandstorm|[upkeep]
|upkeep
|
|t:|1707145289
|switch|p2a: Skarmory|Skarmory, F, shiny|85/100
|-damage|p2a: Skarmory|73/100|[from] Stealth Rock
|turn|31
|
|t:|1707145321
|switch|p1a: Rotom|Rotom-Wash|57/100
|-damage|p1a: Rotom|45/100|[from] Stealth Rock
|move|p2a: Skarmory|Whirlwind|p1a: Rotom
|drag|p1a: Latios|Latios, M|100/100
|-damage|p1a: Latios|88/100|[from] Stealth Rock
|
|-weather|Sandstorm|[upkeep]
|-damage|p1a: Latios|82/100|[from] Sandstorm
|upkeep
|turn|32
|
|t:|1707145338
|move|p1a: Latios|Surf|p2a: Skarmory
|-damage|p2a: Skarmory|26/100
|move|p2a: Skarmory|Roost|p2a: Skarmory
|-heal|p2a: Skarmory|76/100
|-singleturn|p2a: Skarmory|move: Roost
|
|-weather|Sandstorm|[upkeep]
|-damage|p1a: Latios|76/100|[from] Sandstorm
|upkeep
|turn|33
|
|t:|1707145354
|switch|p1a: Rotom|Rotom-Wash|45/100
|-damage|p1a: Rotom|32/100|[from] Stealth Rock
|move|p2a: Skarmory|Roost|p2a: Skarmory
|-heal|p2a: Skarmory|100/100
|-singleturn|p2a: Skarmory|move: Roost
|
|-weather|Sandstorm|[upkeep]
|-damage|p1a: Rotom|26/100|[from] Sandstorm
|-heal|p1a: Rotom|32/100|[from] item: Leftovers
|upkeep
|turn|34
|
|t:|1707145368
|switch|p2a: Latios|Latios, M, shiny|100/100
|-damage|p2a: Latios|88/100|[from] Stealth Rock
|move|p1a: Rotom|Pain Split|p2a: Latios
|-sethp|p2a: Latios|60/100|[from] move: Pain Split|[silent]
|-sethp|p1a: Rotom|60/100|[from] move: Pain Split
|
|-weather|Sandstorm|[upkeep]
|-damage|p2a: Latios|54/100|[from] Sandstorm
|-damage|p1a: Rotom|53/100|[from] Sandstorm
|-heal|p1a: Rotom|60/100|[from] item: Leftovers
|upkeep
|turn|35
|
|t:|1707145388
|switch|p1a: Tyranitar|Tyranitar, F|100/100
|-damage|p1a: Tyranitar|88/100|[from] Stealth Rock
|-damage|p1a: Tyranitar|76/100|[from] Spikes
|move|p2a: Latios|Grass Knot|p1a: Tyranitar
|-supereffective|p1a: Tyranitar
|-damage|p1a: Tyranitar|37/100
|
|-weather|Sandstorm|[upkeep]
|-damage|p2a: Latios|48/100|[from] Sandstorm
|upkeep
|turn|36
|
|t:|1707145404
|move|p2a: Latios|Grass Knot|p1a: Tyranitar
|-supereffective|p1a: Tyranitar
|-damage|p1a: Tyranitar|0 fnt
|faint|p1a: Tyranitar
|
|-weather|Sandstorm|[upkeep]
|-damage|p2a: Latios|42/100|[from] Sandstorm
|upkeep
|
|t:|1707145423
|switch|p1a: Alakazam|Alakazam, F|1/100
|turn|37
|
|t:|1707145426
|move|p2a: Latios|Grass Knot|p1a: Alakazam
|-damage|p1a: Alakazam|0 fnt
|faint|p1a: Alakazam
|
|-weather|Sandstorm|[upkeep]
|-damage|p2a: Latios|36/100|[from] Sandstorm
|upkeep
|
|t:|1707145435
|switch|p1a: Skarmory|Skarmory, M|53/100
|-damage|p1a: Skarmory|41/100|[from] Stealth Rock
|turn|38
|
|t:|1707145441
|switch|p2a: Skarmory|Skarmory, F, shiny|100/100
|-damage|p2a: Skarmory|88/100|[from] Stealth Rock
|move|p1a: Skarmory|Roost|p1a: Skarmory
|-heal|p1a: Skarmory|91/100
|-singleturn|p1a: Skarmory|move: Roost
|
|-weather|Sandstorm|[upkeep]
|upkeep
|turn|39
|
|t:|1707145452
|move|p1a: Skarmory|Whirlwind|p2a: Skarmory
|drag|p2a: Latios|Latios, M, shiny|36/100
|-damage|p2a: Latios|24/100|[from] Stealth Rock
|
|-weather|Sandstorm|[upkeep]
|-damage|p2a: Latios|18/100|[from] Sandstorm
|upkeep
|turn|40
|
|t:|1707145461
|move|p2a: Latios|Thunder|p1a: Skarmory
|-supereffective|p1a: Skarmory
|-damage|p1a: Skarmory|7/100
|move|p1a: Skarmory|Whirlwind|p2a: Latios
|drag|p2a: Gliscor|Gliscor, M|100/100 tox
|-damage|p2a: Gliscor|88/100 tox|[from] Stealth Rock
|
|-weather|Sandstorm|[upkeep]
|-heal|p2a: Gliscor|100/100 tox|[from] ability: Poison Heal
|upkeep
|turn|41
|
|t:|1707145470
|switch|p2a: Latios|Latios, M, shiny|18/100
|-damage|p2a: Latios|6/100|[from] Stealth Rock
|move|p1a: Skarmory|Roost|p1a: Skarmory
|-heal|p1a: Skarmory|57/100
|-singleturn|p1a: Skarmory|move: Roost
|
|-weather|Sandstorm|[upkeep]
|-damage|p2a: Latios|0 fnt|[from] Sandstorm
|faint|p2a: Latios
|upkeep
|
|t:|1707145573
|switch|p2a: Skarmory|Skarmory, F, shiny|88/100
|-damage|p2a: Skarmory|76/100|[from] Stealth Rock
|turn|42
|
|t:|1707145579
|move|p1a: Skarmory|Roost|p1a: Skarmory
|-heal|p1a: Skarmory|100/100
|-singleturn|p1a: Skarmory|move: Roost
|move|p2a: Skarmory|Roost|p2a: Skarmory
|-heal|p2a: Skarmory|100/100
|-singleturn|p2a: Skarmory|move: Roost
|
|-weather|Sandstorm|[upkeep]
|upkeep
|turn|43
|
|t:|1707145595
|move|p1a: Skarmory|Whirlwind|p2a: Skarmory
|drag|p2a: Gliscor|Gliscor, M|100/100 tox
|-damage|p2a: Gliscor|88/100 tox|[from] Stealth Rock
|
|-weather|Sandstorm|[upkeep]
|-heal|p2a: Gliscor|100/100 tox|[from] ability: Poison Heal
|upkeep
|turn|44
|
|t:|1707145603
|move|p2a: Gliscor|Protect|p2a: Gliscor
|-singleturn|p2a: Gliscor|Protect
|move|p1a: Skarmory|Whirlwind|p2a: Gliscor
|-activate|p2a: Gliscor|move: Protect
|
|-weather|Sandstorm|[upkeep]
|upkeep
|turn|45
|
|t:|1707145670
|move|p2a: Gliscor|Protect||[still]
|-fail|p2a: Gliscor
|move|p1a: Skarmory|Whirlwind|p2a: Gliscor
|drag|p2a: Skarmory|Skarmory, F, shiny|100/100
|-damage|p2a: Skarmory|88/100|[from] Stealth Rock
|
|-weather|Sandstorm|[upkeep]
|upkeep
|turn|46
|
|t:|1707145692
|move|p2a: Skarmory|Spikes|p1a: Skarmory
|-sidestart|p1: three bees|Spikes
|move|p1a: Skarmory|Whirlwind|p2a: Skarmory
|drag|p2a: Gliscor|Gliscor, M|100/100 tox
|-damage|p2a: Gliscor|88/100 tox|[from] Stealth Rock
|
|-weather|Sandstorm|[upkeep]
|-heal|p2a: Gliscor|100/100 tox|[from] ability: Poison Heal
|upkeep
|turn|47
|
|t:|1707145725
|switch|p1a: Rotom|Rotom-Wash|60/100
|-damage|p1a: Rotom|47/100|[from] Stealth Rock
|move|p2a: Gliscor|Knock Off|p1a: Rotom
|-damage|p1a: Rotom|43/100
|-enditem|p1a: Rotom|Leftovers|[from] move: Knock Off|[of] p2a: Gliscor
|
|-weather|Sandstorm|[upkeep]
|-damage|p1a: Rotom|37/100|[from] Sandstorm
|upkeep
|turn|48
|
|t:|1707145734
|move|p2a: Gliscor|Protect|p2a: Gliscor
|-singleturn|p2a: Gliscor|Protect
|move|p1a: Rotom|Pain Split|p2a: Gliscor
|-activate|p2a: Gliscor|move: Protect
|
|-weather|Sandstorm|[upkeep]
|-damage|p1a: Rotom|31/100|[from] Sandstorm
|upkeep
|turn|49
|
|t:|1707145742
|move|p2a: Gliscor|Knock Off|p1a: Rotom
|-damage|p1a: Rotom|26/100
|move|p1a: Rotom|Pain Split|p2a: Gliscor
|-sethp|p2a: Gliscor|62/100 tox|[from] move: Pain Split|[silent]
|-sethp|p1a: Rotom|72/100|[from] move: Pain Split
|
|-weather|Sandstorm|[upkeep]
|-damage|p1a: Rotom|65/100|[from] Sandstorm
|-heal|p2a: Gliscor|74/100 tox|[from] ability: Poison Heal
|upkeep
|turn|50
|
|t:|1707145753
|move|p2a: Gliscor|Protect|p2a: Gliscor
|-singleturn|p2a: Gliscor|Protect
|move|p1a: Rotom|Hydro Pump|p2a: Gliscor
|-activate|p2a: Gliscor|move: Protect
|
|-weather|Sandstorm|[upkeep]
|-damage|p1a: Rotom|59/100|[from] Sandstorm
|-heal|p2a: Gliscor|86/100 tox|[from] ability: Poison Heal
|upkeep
|turn|51
|
|t:|1707145762
|switch|p2a: Skarmory|Skarmory, F, shiny|88/100
|-damage|p2a: Skarmory|76/100|[from] Stealth Rock
|move|p1a: Rotom|Hydro Pump|p2a: Skarmory
|-damage|p2a: Skarmory|33/100
|
|-weather|Sandstorm|[upkeep]
|-damage|p1a: Rotom|53/100|[from] Sandstorm
|upkeep
|turn|52
|
|t:|1707145812
|move|p1a: Rotom|Will-O-Wisp|p2a: Skarmory|[miss]
|-miss|p1a: Rotom|p2a: Skarmory
|move|p2a: Skarmory|Roost|p2a: Skarmory
|-heal|p2a: Skarmory|83/100
|-singleturn|p2a: Skarmory|move: Roost
|
|-weather|Sandstorm|[upkeep]
|-damage|p1a: Rotom|47/100|[from] Sandstorm
|upkeep
|turn|53
|
|t:|1707145821
|move|p1a: Rotom|Will-O-Wisp|p2a: Skarmory
|-status|p2a: Skarmory|brn
|move|p2a: Skarmory|Roost|p2a: Skarmory
|-heal|p2a: Skarmory|100/100 brn
|-singleturn|p2a: Skarmory|move: Roost
|
|-weather|Sandstorm|[upkeep]
|-damage|p1a: Rotom|40/100|[from] Sandstorm
|-damage|p2a: Skarmory|88/100 brn|[from] brn
|upkeep
|turn|54
|
|t:|1707145831
|move|p1a: Rotom|Pain Split|p2a: Skarmory
|-sethp|p2a: Skarmory|62/100 brn|[from] move: Pain Split|[silent]
|-sethp|p1a: Rotom|69/100|[from] move: Pain Split
|move|p2a: Skarmory|Whirlwind|p1a: Rotom
|drag|p1a: Latios|Latios, M|76/100
|-damage|p1a: Latios|64/100|[from] Stealth Rock
|
|-weather|Sandstorm|[upkeep]
|-damage|p1a: Latios|58/100|[from] Sandstorm
|-damage|p2a: Skarmory|50/100 brn|[from] brn
|upkeep
|turn|55
|
|t:|1707145846
|move|p1a: Latios|Draco Meteor|p2a: Skarmory
|-resisted|p2a: Skarmory
|-damage|p2a: Skarmory|0 fnt
|-unboost|p1a: Latios|spa|2
|faint|p2a: Skarmory
|
|-weather|Sandstorm|[upkeep]
|-damage|p1a: Latios|52/100|[from] Sandstorm
|upkeep
|
|t:|1707145853
|switch|p2a: Gliscor|Gliscor, M|86/100 tox
|-damage|p2a: Gliscor|74/100 tox|[from] Stealth Rock
|turn|56
|
|t:|1707145866
|switch|p1a: Rotom|Rotom-Wash|69/100
|-damage|p1a: Rotom|56/100|[from] Stealth Rock
|move|p2a: Gliscor|Protect||[still]
|-fail|p2a: Gliscor
|
|-weather|Sandstorm|[upkeep]
|-damage|p1a: Rotom|50/100|[from] Sandstorm
|-heal|p2a: Gliscor|86/100 tox|[from] ability: Poison Heal
|upkeep
|turn|57
|j| twicety
|
|t:|1707145876
|move|p2a: Gliscor|Knock Off|p1a: Rotom
|-damage|p1a: Rotom|46/100
|move|p1a: Rotom|Pain Split|p2a: Gliscor
|-sethp|p2a: Gliscor|63/100 tox|[from] move: Pain Split|[silent]
|-sethp|p1a: Rotom|73/100|[from] move: Pain Split
|
|-weather|Sandstorm|[upkeep]
|-damage|p1a: Rotom|67/100|[from] Sandstorm
|-heal|p2a: Gliscor|75/100 tox|[from] ability: Poison Heal
|upkeep
|turn|58
|
|t:|1707145887
|move|p2a: Gliscor|Knock Off|p1a: Rotom
|-damage|p1a: Rotom|63/100
|move|p1a: Rotom|Pain Split|p2a: Gliscor
|-sethp|p2a: Gliscor|65/100 tox|[from] move: Pain Split|[silent]
|-sethp|p1a: Rotom|75/100|[from] move: Pain Split
|
|-weather|Sandstorm|[upkeep]
|-damage|p1a: Rotom|69/100|[from] Sandstorm
|-heal|p2a: Gliscor|77/100 tox|[from] ability: Poison Heal
|upkeep
|turn|59
|
|t:|1707145897
|move|p2a: Gliscor|Knock Off|p1a: Rotom
|-crit|p1a: Rotom
|-damage|p1a: Rotom|61/100
|move|p1a: Rotom|Hydro Pump|p2a: Gliscor
|-supereffective|p2a: Gliscor
|-damage|p2a: Gliscor|0 fnt
|faint|p2a: Gliscor
|
|win|three bees
|raw|three bees's rating: 1376 &rarr; <strong>1393</strong><br />(+17 for winning)
|raw|Morgan23's rating: 1331 &rarr; <strong>1314</strong><br />(-17 for losing)
|c|☆Morgan23|gg
|c|☆three bees|ggs
