|j|☆Garchomplte
|j|☆Glad She's Mine
|player|p1|Garchomplte|brock|1443
|player|p2|Glad She's Mine|34|1345
|teamsize|p1|6
|teamsize|p2|6
|gametype|singles
|gen|5
|tier|[Gen 5] OU
|rated|
|rule|Sleep Clause Mod: Limit one foe put to sleep
|rule|Species Clause: Limit one of each Pokémon
|rule|OHKO Clause: OHKO moves are banned
|rule|Moody Clause: Moody is banned
|rule|Evasion Moves Clause: Evasion moves are banned
|rule|Endless Battle Clause: Forcing endless battles is banned
|rule|HP Percentage Mod: HP is shown in percentages
|rule|Evasion Abilities Clause: Evasion abilities are banned
|rule|Baton Pass Clause: Limit one Baton Passer, can't pass Spe and other stats simultaneously
|rule|Swagger Clause: Swagger is banned
|clearpoke
|poke|p1|Forretress, F|item
|poke|p1|Hydreigon, F|item
|poke|p1|Gengar, F|item
|poke|p1|Terrakion|item
|poke|p1|Alakazam, M|item
|poke|p1|Magnezone|item
|poke|p2|Politoed, F|item
|poke|p2|Scizor, M|item
|poke|p2|Tentacruel, M|item
|poke|p2|Landorus-Therian, M|item
|poke|p2|Kyurem|item
|poke|p2|Mew|item
|teampreview
|inactive|Battle timer is ON: inactive players will automatically lose when time's up. (requested by Glad She's Mine)
|
|start
|switch|p1a: Forretress|Forretress, F|100/100
|switch|p2a: Dribbles|Politoed, F, shiny|100/100
|-weather|RainDance|[from] ability: Drizzle|[of] p2a: Dribbles
|turn|1
|
|move|p2a: Dribbles|Surf|p1a: Forretress
|-ability|p1a: Forretress|Sturdy
|-damage|p1a: Forretress|1/100
|move|p1a: Forretress|Stealth Rock|p2a: Dribbles
|-sidestart|p2: Glad She's Mine|move: Stealth Rock
|
|-weather|RainDance|[upkeep]
|upkeep
|turn|2
|-enditem|p1a: Forretress|Custap Berry|[eat]
|-activate|p1a: Forretress|item: Custap Berry|[consumed]
|
|move|p1a: Forretress|Spikes|p2a: Dribbles
|-sidestart|p2: Glad She's Mine|Spikes
|move|p2a: Dribbles|Surf|p1a: Forretress
|-damage|p1a: Forretress|0 fnt
|faint|p1a: Forretress
|
|-weather|RainDance|[upkeep]
|upkeep
|
|switch|p1a: Terrakion|Terrakion|100/100
|turn|3
|
|move|p2a: Dribbles|Surf|p1a: Terrakion
|-supereffective|p1a: Terrakion
|-damage|p1a: Terrakion|0 fnt
|faint|p1a: Terrakion
|
|-weather|RainDance|[upkeep]
|upkeep
|
|switch|p1a: Magnezone|Magnezone|100/100
|turn|4
|
|move|p2a: Dribbles|Surf|p1a: Magnezone
|-damage|p1a: Magnezone|22/100
|move|p1a: Magnezone|Thunderbolt|p2a: Dribbles
|-supereffective|p2a: Dribbles
|-damage|p2a: Dribbles|0 fnt
|faint|p2a: Dribbles
|
|-weather|RainDance|[upkeep]
|-heal|p1a: Magnezone|29/100|[from] item: Leftovers
|upkeep
|
|switch|p2a: Traveler|Tentacruel, M|100/100
|-damage|p2a: Traveler|88/100|[from] Spikes
|-damage|p2a: Traveler|76/100|[from] Stealth Rock
|turn|5
|
|switch|p1a: Gengar|Gengar, F|100/100
|move|p2a: Traveler|Scald|p1a: Gengar
|-damage|p1a: Gengar|43/100
|
|-weather|RainDance|[upkeep]
|-heal|p2a: Traveler|82/100|[from] ability: Rain Dish
|-heal|p2a: Traveler|88/100|[from] item: Black Sludge
|upkeep
|turn|6
|
|move|p1a: Gengar|Thunderbolt|p2a: Traveler
|-supereffective|p2a: Traveler
|-damage|p2a: Traveler|31/100
|move|p2a: Traveler|Scald|p1a: Gengar
|-damage|p1a: Gengar|0 fnt
|faint|p1a: Gengar
|
|-weather|RainDance|[upkeep]
|-heal|p2a: Traveler|37/100|[from] ability: Rain Dish
|-heal|p2a: Traveler|43/100|[from] item: Black Sludge
|upkeep
|
|switch|p1a: Alakazam|Alakazam, M|100/100
|turn|7
|
|move|p2a: Traveler|Protect|p2a: Traveler
|-singleturn|p2a: Traveler|Protect
|move|p1a: Alakazam|Psychic|p2a: Traveler
|-activate|p2a: Traveler|move: Protect
|
|-weather|RainDance|[upkeep]
|-heal|p2a: Traveler|49/100|[from] ability: Rain Dish
|-heal|p2a: Traveler|55/100|[from] item: Black Sludge
|upkeep
|turn|8
|
|switch|p2a: Proto|Scizor, M|100/100
|-damage|p2a: Proto|88/100|[from] Spikes
|-damage|p2a: Proto|75/100|[from] Stealth Rock
|move|p1a: Alakazam|Psychic|p2a: Proto
|-resisted|p2a: Proto
|-damage|p2a: Proto|47/100
|
|-weather|RainDance|[upkeep]
|-heal|p2a: Proto|53/100|[from] item: Leftovers
|upkeep
|turn|9
|
|switch|p1a: Magnezone|Magnezone|29/100
|move|p2a: Proto|Bullet Punch|p1a: Magnezone
|-resisted|p1a: Magnezone
|-damage|p1a: Magnezone|21/100
|
|-weather|RainDance|[upkeep]
|-heal|p1a: Magnezone|27/100|[from] item: Leftovers
|-heal|p2a: Proto|60/100|[from] item: Leftovers
|upkeep
|turn|10
|
|move|p1a: Magnezone|Hidden Power|p2a: Proto
|-supereffective|p2a: Proto
|-crit|p2a: Proto
|-damage|p2a: Proto|0 fnt
|faint|p2a: Proto
|
|-weather|RainDance|[upkeep]
|-heal|p1a: Magnezone|33/100|[from] item: Leftovers
|upkeep
|
|switch|p2a: Traveler|Tentacruel, M|55/100
|-damage|p2a: Traveler|43/100|[from] Spikes
|-damage|p2a: Traveler|31/100|[from] Stealth Rock
|turn|11
|
|move|p2a: Traveler|Rapid Spin|p1a: Magnezone
|-resisted|p1a: Magnezone
|-damage|p1a: Magnezone|32/100
|-sideend|p2: Glad She's Mine|Spikes|[from] move: Rapid Spin|[of] p2a: Traveler
|-sideend|p2: Glad She's Mine|Stealth Rock|[from] move: Rapid Spin|[of] p2a: Traveler
|move|p1a: Magnezone|Thunderbolt|p2a: Traveler
|-supereffective|p2a: Traveler
|-damage|p2a: Traveler|0 fnt
|faint|p2a: Traveler
|
|-weather|RainDance|[upkeep]
|-heal|p1a: Magnezone|38/100|[from] item: Leftovers
|upkeep
|
|switch|p2a: Vyzard|Kyurem, shiny|100/100
|-ability|p2a: Vyzard|Pressure
|turn|12
|
|move|p2a: Vyzard|Substitute|p2a: Vyzard
|-start|p2a: Vyzard|Substitute
|-damage|p2a: Vyzard|76/100
|move|p1a: Magnezone|Thunderbolt|p2a: Vyzard
|-resisted|p2a: Vyzard
|-activate|p2a: Vyzard|Substitute|[damage]
|
|-weather|RainDance|[upkeep]
|-heal|p2a: Vyzard|82/100|[from] item: Leftovers
|-heal|p1a: Magnezone|44/100|[from] item: Leftovers
|upkeep
|turn|13
|
|move|p2a: Vyzard|Earth Power|p1a: Magnezone
|-supereffective|p1a: Magnezone
|-damage|p1a: Magnezone|0 fnt
|faint|p1a: Magnezone
|
|-weather|RainDance|[upkeep]
|-heal|p2a: Vyzard|88/100|[from] item: Leftovers
|upkeep
|
|switch|p1a: Alakazam|Alakazam, M|100/100
|turn|14
|
|move|p1a: Alakazam|Psychic|p2a: Vyzard
|-end|p2a: Vyzard|Substitute
|move|p2a: Vyzard|Ice Beam|p1a: Alakazam
|-damage|p1a: Alakazam|29/100
|
|-weather|RainDance|[upkeep]
|-heal|p2a: Vyzard|94/100|[from] item: Leftovers
|upkeep
|turn|15
|
|move|p1a: Alakazam|Focus Blast|p2a: Vyzard
|-supereffective|p2a: Vyzard
|-damage|p2a: Vyzard|0 fnt
|faint|p2a: Vyzard
|
|-weather|RainDance|[upkeep]
|upkeep
|
|switch|p2a: Totem|Landorus-Therian, M|100/100
|-ability|p2a: Totem|Intimidate|boost
|-unboost|p1a: Alakazam|atk|1
|turn|16
|
|move|p1a: Alakazam|Psychic|p2a: Totem
|-damage|p2a: Totem|30/100
|move|p2a: Totem|U-turn|p1a: Alakazam
|-supereffective|p1a: Alakazam
|-damage|p1a: Alakazam|0 fnt
|faint|p1a: Alakazam
|
|switch|p2a: Cobalt|Mew, shiny|100/100|[from]move: U-turn
|
|-weather|RainDance|[upkeep]
|upkeep
|
|switch|p1a: Hydreigon|Hydreigon, F|100/100
|turn|17
|
|switch|p2a: Totem|Landorus-Therian, M|30/100
|-ability|p2a: Totem|Intimidate|boost
|-unboost|p1a: Hydreigon|atk|1
|move|p1a: Hydreigon|Dark Pulse|p2a: Totem
|-damage|p2a: Totem|0 fnt
|-damage|p1a: Hydreigon|91/100|[from] item: Life Orb
|faint|p2a: Totem
|
|-weather|RainDance|[upkeep]
|upkeep
|
|switch|p2a: Cobalt|Mew, shiny|100/100
|turn|18
|
|move|p1a: Hydreigon|Dark Pulse|p2a: Cobalt
|-supereffective|p2a: Cobalt
|-damage|p2a: Cobalt|7/100
|-damage|p1a: Hydreigon|81/100|[from] item: Life Orb
|cant|p2a: Cobalt|flinch
|
|-weather|RainDance|[upkeep]
|-heal|p2a: Cobalt|13/100|[from] item: Leftovers
|upkeep
|turn|19
|
|move|p1a: Hydreigon|Dark Pulse|p2a: Cobalt
|-supereffective|p2a: Cobalt
|-damage|p2a: Cobalt|0 fnt
|-damage|p1a: Hydreigon|71/100|[from] item: Life Orb
|faint|p2a: Cobalt
|
|win|Garchomplte
|l|☆Garchomplte
|raw|Garchomplte's rating: 1443 &rarr; <strong>1457</strong><br />(+14 for winning)
|raw|Glad She&apos;s Mine's rating: 1345 &rarr; <strong>1331</strong><br />(-14 for losing)
