|j|☆phrd.vvs
|j|☆Jellium
|t:|1715636426
|gametype|singles
|player|p1|phrd.vvs|170|1359
|player|p2|Jellium|scientist-gen4|1446
|teamsize|p1|6
|teamsize|p2|6
|gen|5
|tier|[Gen 5] OU
|rated|
|rule|Species Clause: Limit one of each Pokémon
|rule|OHKO Clause: OHKO moves are banned
|rule|Moody Clause: Moody is banned
|rule|Evasion Items Clause: Evasion items are banned
|rule|Evasion Moves Clause: Evasion moves are banned
|rule|Endless Battle Clause: Forcing endless battles is banned
|rule|HP Percentage Mod: HP is shown in percentages
|rule|Evasion Abilities Clause: Evasion abilities are banned
|rule|Sleep Moves Clause: Sleep-inducing moves are banned
|rule|Swagger Clause: Swagger is banned
|rule|Baton Pass Stat Clause: No Baton Passer may have a way to boost its stats
|clearpoke
|poke|p1|Hydreigon, M|item
|poke|p1|Landorus-Therian, M|item
|poke|p1|Mienshao, F|item
|poke|p1|Slowking, M|item
|poke|p1|Donphan, M|item
|poke|p1|Raikou|item
|poke|p2|Garchomp, M|item
|poke|p2|Volcarona, F|item
|poke|p2|Dragonite, M|item
|poke|p2|Breloom, F|item
|poke|p2|Starmie|item
|poke|p2|Scizor, M|item
|teampreview
|inactive|Battle timer is ON: inactive players will automatically lose when time's up. (requested by phrd.vvs)
|
|t:|1715636446
|start
|switch|p1a: Donphan|Donphan, M|100/100
|switch|p2a: Garchomp|Garchomp, M|100/100
|turn|1
|
|t:|1715636460
|move|p2a: Garchomp|Stealth Rock|p1a: Donphan
|-sidestart|p1: phrd.vvs|move: Stealth Rock
|move|p1a: Donphan|Stealth Rock|p2a: Garchomp
|-sidestart|p2: Jellium|move: Stealth Rock
|
|upkeep
|turn|2
|
|t:|1715636474
|move|p2a: Garchomp|Outrage|p1a: Donphan
|-damage|p1a: Donphan|65/100
|move|p1a: Donphan|Rapid Spin|p2a: Garchomp
|-damage|p2a: Garchomp|95/100
|-damage|p1a: Donphan|53/100|[from] ability: Rough Skin|[of] p2a: Garchomp
|-sideend|p1: phrd.vvs|Stealth Rock|[from] move: Rapid Spin|[of] p1a: Donphan
|
|-heal|p1a: Donphan|59/100|[from] item: Leftovers
|upkeep
|turn|3
|
|t:|1715636484
|move|p1a: Donphan|Ice Shard|p2a: Garchomp
|-supereffective|p2a: Garchomp
|-damage|p2a: Garchomp|48/100
|move|p2a: Garchomp|Outrage|p1a: Donphan|[from]lockedmove
|-damage|p1a: Donphan|23/100
|-start|p2a: Garchomp|confusion|[fatigue]
|
|-heal|p1a: Donphan|29/100|[from] item: Leftovers
|upkeep
|turn|4
|
|t:|1715636491
|switch|p2a: Starmie|Starmie|100/100
|-damage|p2a: Starmie|88/100|[from] Stealth Rock
|-item|p2a: Starmie|Air Balloon
|move|p1a: Donphan|Ice Shard|p2a: Starmie
|-resisted|p2a: Starmie
|-damage|p2a: Starmie|80/100
|-enditem|p2a: Starmie|Air Balloon
|
|-heal|p1a: Donphan|35/100|[from] item: Leftovers
|upkeep
|turn|5
|
|t:|1715636499
|move|p2a: Starmie|Rapid Spin|p1a: Donphan
|-damage|p1a: Donphan|33/100
|-sideend|p2: Jellium|Stealth Rock|[from] move: Rapid Spin|[of] p2a: Starmie
|move|p1a: Donphan|Earthquake|p2a: Starmie
|-crit|p2a: Starmie
|-damage|p2a: Starmie|0 fnt
|faint|p2a: Starmie
|
|-heal|p1a: Donphan|39/100|[from] item: Leftovers
|upkeep
|
|t:|1715636516
|switch|p2a: Breloom|Breloom, F, shiny|100/100
|turn|6
|
|t:|1715636524
|move|p2a: Breloom|Bullet Seed|p1a: Donphan
|-supereffective|p1a: Donphan
|-damage|p1a: Donphan|9/100
|-supereffective|p1a: Donphan
|-damage|p1a: Donphan|0 fnt
|faint|p1a: Donphan
|-hitcount|p1: Donphan|2
|-damage|p2a: Breloom|91/100|[from] item: Life Orb
|
|upkeep
|inactive|phrd.vvs has 120 seconds left.
|inactive|phrd.vvs has 90 seconds left.
|
|t:|1715636591
|switch|p1a: Mienshao|Mienshao, F|100/100
|turn|7
|
|t:|1715636594
|switch|p1a: Landorus|Landorus-Therian, M|100/100
|-ability|p1a: Landorus|Intimidate|boost
|-unboost|p2a: Breloom|atk|1
|switch|p2a: Garchomp|Garchomp, M|48/100
|
|upkeep
|turn|8
|
|t:|1715636605
|move|p2a: Garchomp|Stealth Rock|p1a: Landorus
|-sidestart|p1: phrd.vvs|move: Stealth Rock
|move|p1a: Landorus|Earthquake|p2a: Garchomp
|-damage|p2a: Garchomp|0 fnt
|faint|p2a: Garchomp
|
|upkeep
|
|t:|1715636613
|switch|p2a: Dragonite|Dragonite, M, shiny|100/100
|turn|9
|
|t:|1715636625
|move|p2a: Dragonite|Dragon Dance|p2a: Dragonite
|-boost|p2a: Dragonite|atk|1
|-boost|p2a: Dragonite|spe|1
|move|p1a: Landorus|U-turn|p2a: Dragonite
|-resisted|p2a: Dragonite
|-damage|p2a: Dragonite|93/100
|inactive|phrd.vvs has 90 seconds left.
|inactive|phrd.vvs has 60 seconds left.
|
|t:|1715636676
|switch|p1a: Mienshao|Mienshao, F|100/100|[from] U-turn
|-damage|p1a: Mienshao|95/100|[from] Stealth Rock
|
|upkeep
|turn|10
|inactive|phrd.vvs has 60 seconds left.
|
|t:|1715636696
|move|p2a: Dragonite|Extreme Speed|p1a: Mienshao
|-damage|p1a: Mienshao|0 fnt
|faint|p1a: Mienshao
|
|upkeep
|inactive|phrd.vvs has 30 seconds left.
|-message|phrd.vvs forfeited.
|
|win|Jellium
|inactive|phrd.vvs has 30 seconds left this turn.
|raw|phrd.vvs's rating: 1359 &rarr; <strong>1344</strong><br />(-15 for losing)
|raw|Jellium's rating: 1446 &rarr; <strong>1461</strong><br />(+15 for winning)
|l|☆phrd.vvs
|player|p1|
