|j|☆Spritzalcianuro96
|j|☆mox
|t:|1597134233
|player|p1|Spritzalcianuro96|colress|1542
|player|p2|mox|266|1359
|teamsize|p1|6
|teamsize|p2|6
|gametype|singles
|gen|5
|tier|[Gen 5] OU
|rated|
|clearpoke
|poke|p1|Tornadus, M|item
|poke|p1|Gengar, M|item
|poke|p1|Keldeo|item
|poke|p1|Hydreigon, F|item
|poke|p1|Tyranitar, M|item
|poke|p1|Celebi|item
|poke|p2|Politoed, M|item
|poke|p2|Gyarados, M|item
|poke|p2|Lapras, M|item
|poke|p2|Cloyster, F|item
|poke|p2|Keldeo|item
|poke|p2|Lanturn, F|item
|rule|Species Clause: Limit one of each Pokémon
|rule|OHKO Clause: OHKO moves are banned
|rule|Moody Clause: Moody is banned
|rule|Evasion Moves Clause: Evasion moves are banned
|rule|Endless Battle Clause: Forcing endless battles is banned
|rule|HP Percentage Mod: HP is shown in percentages
|rule|Evasion Abilities Clause: Evasion abilities are banned
|rule|Baton Pass Clause: Limit one Baton Passer, can't pass Spe and other stats simultaneously
|rule|Sleep Clause: Sleep-inducing moves are banned
|rule|Swagger Clause: Swagger is banned
|teampreview
|
|t:|1597134253
|start
|switch|p1a: Keldeo|Keldeo|100/100
|switch|p2a: Lanturn|Lanturn, F|100/100
|turn|1
|inactive|Battle timer is ON: inactive players will automatically lose when time's up. (requested by Spritzalcianuro96)
|
|t:|1597134265
|switch|p1a: Celebi|Celebi|100/100
|move|p2a: Lanturn|Thunder Wave|p1a: Celebi
|-status|p1a: Celebi|par
|
|upkeep
|turn|2
|
|t:|1597134274
|switch|p2a: Gyarados|Gyarados, M|100/100
|move|p1a: Celebi|Stealth Rock|p2a: Gyarados
|-sidestart|p2: mox|move: Stealth Rock
|
|upkeep
|turn|3
|
|t:|1597134295
|switch|p1a: Gengar|Gengar, M|100/100
|move|p2a: Gyarados|Substitute|p2a: Gyarados
|-start|p2a: Gyarados|Substitute
|-damage|p2a: Gyarados|75/100
|
|-heal|p2a: Gyarados|82/100|[from] item: Leftovers
|upkeep
|turn|4
|
|t:|1597134305
|move|p1a: Gengar|Shadow Ball|p2a: Gyarados
|-end|p2a: Gyarados|Substitute
|move|p2a: Gyarados|Dragon Dance|p2a: Gyarados
|-boost|p2a: Gyarados|atk|1
|-boost|p2a: Gyarados|spe|1
|
|-heal|p2a: Gyarados|88/100|[from] item: Leftovers
|upkeep
|turn|5
|
|t:|1597134312
|move|p2a: Gyarados|Waterfall|p1a: Gengar
|-damage|p1a: Gengar|0 fnt
|faint|p1a: Gengar
|-ability|p2a: Gyarados|Moxie|boost
|-boost|p2a: Gyarados|atk|1
|
|-heal|p2a: Gyarados|94/100|[from] item: Leftovers
|upkeep
|
|t:|1597134324
|switch|p1a: Keldeo|Keldeo|100/100
|turn|6
|
|t:|1597134328
|move|p2a: Gyarados|Earthquake|p1a: Keldeo
|-damage|p1a: Keldeo|18/100
|move|p1a: Keldeo|Hidden Power|p2a: Gyarados
|-supereffective|p2a: Gyarados
|-crit|p2a: Gyarados
|-damage|p2a: Gyarados|0 fnt
|-damage|p1a: Keldeo|8/100|[from] item: Life Orb
|faint|p2a: Gyarados
|
|upkeep
|
|t:|1597134340
|switch|p2a: Keldeo|Keldeo|100/100
|-damage|p2a: Keldeo|94/100|[from] Stealth Rock
|turn|7
|
|t:|1597134347
|switch|p1a: Celebi|Celebi|100/100
|move|p2a: Keldeo|Scald|p1a: Celebi
|-resisted|p1a: Celebi
|-damage|p1a: Celebi|84/100
|-status|p1a: Celebi|brn
|-damage|p2a: Keldeo|84/100|[from] item: Life Orb
|
|-heal|p1a: Celebi|90/100 brn|[from] item: Leftovers
|-damage|p1a: Celebi|78/100 brn|[from] brn
|upkeep
|turn|8
|
|t:|1597134358
|move|p2a: Keldeo|Calm Mind|p2a: Keldeo
|-boost|p2a: Keldeo|spa|1
|-boost|p2a: Keldeo|spd|1
|move|p1a: Celebi|Giga Drain|p2a: Keldeo
|-supereffective|p2a: Keldeo
|-damage|p2a: Keldeo|46/100
|-heal|p1a: Celebi|94/100 brn|[from] drain|[of] p2a: Keldeo
|
|-heal|p1a: Celebi|99/100 brn|[from] item: Leftovers
|-damage|p1a: Celebi|87/100 brn|[from] brn
|upkeep
|turn|9
|
|t:|1597134369
|move|p2a: Keldeo|Calm Mind|p2a: Keldeo
|-boost|p2a: Keldeo|spa|1
|-boost|p2a: Keldeo|spd|1
|move|p1a: Celebi|Giga Drain|p2a: Keldeo
|-supereffective|p2a: Keldeo
|-damage|p2a: Keldeo|17/100
|-heal|p1a: Celebi|99/100 brn|[from] drain|[of] p2a: Keldeo
|
|-heal|p1a: Celebi|100/100 brn|[from] item: Leftovers
|-damage|p1a: Celebi|88/100 brn|[from] brn
|upkeep
|turn|10
|
|t:|1597134381
|-curestatus|p1a: Celebi|brn|[from] ability: Natural Cure
|switch|p1a: Keldeo|Keldeo|8/100
|move|p2a: Keldeo|Scald|p1a: Keldeo
|-resisted|p1a: Keldeo
|-damage|p1a: Keldeo|0 fnt
|-damage|p2a: Keldeo|7/100|[from] item: Life Orb
|faint|p1a: Keldeo
|
|upkeep
|
|t:|1597134389
|switch|p1a: Tyranitar|Tyranitar, M|100/100
|-weather|Sandstorm|[from] ability: Sand Stream|[of] p1a: Tyranitar
|turn|11
|
|t:|1597134396
|move|p1a: Tyranitar|Crunch|p2a: Keldeo
|-resisted|p2a: Keldeo
|-damage|p2a: Keldeo|0 fnt
|faint|p2a: Keldeo
|
|-weather|Sandstorm|[upkeep]
|upkeep
|
|t:|1597134403
|switch|p2a: Politoed|Politoed, M|100/100
|-damage|p2a: Politoed|88/100|[from] Stealth Rock
|-weather|RainDance|[from] ability: Drizzle|[of] p2a: Politoed
|turn|12
|
|t:|1597134409
|switch|p1a: Celebi|Celebi|88/100
|move|p2a: Politoed|Ice Beam|p1a: Celebi
|-supereffective|p1a: Celebi
|-damage|p1a: Celebi|52/100
|
|-weather|RainDance|[upkeep]
|-heal|p1a: Celebi|58/100|[from] item: Leftovers
|upkeep
|turn|13
|
|t:|1597134436
|move|p1a: Celebi|Giga Drain|p2a: Politoed
|-supereffective|p2a: Politoed
|-damage|p2a: Politoed|49/100
|-heal|p1a: Celebi|77/100|[from] drain|[of] p2a: Politoed
|move|p2a: Politoed|Ice Beam|p1a: Celebi
|-supereffective|p1a: Celebi
|-damage|p1a: Celebi|40/100
|
|-weather|RainDance|[upkeep]
|-heal|p1a: Celebi|46/100|[from] item: Leftovers
|upkeep
|turn|14
|inactive|mox has 120 seconds left.
|-message|mox forfeited.
|
|win|Spritzalcianuro96
|l|☆mox
|raw|Spritzalcianuro96's rating: 1542 &rarr; <strong>1553</strong><br />(+11 for winning)
|raw|mox's rating: 1359 &rarr; <strong>1349</strong><br />(-10 for losing)
