|uhtml|medal-msg|<div class="broadcast-blue">Curious what those medals under the avatar are? PS now has Ladder Seasons! For more information, check out the <a href="https://www.smogon.com/forums/threads/3740067/">thread on Smogon.</a></div>
|uhtml|medal-msg|<div class="broadcast-blue">Curious what those medals under the avatar are? PS now has Ladder Seasons! For more information, check out the <a href="https://www.smogon.com/forums/threads/3740067/">thread on Smogon.</a></div>
|j|‽ImJustSamu
|j|☆Dozkek
|t:|1713344312
|gametype|singles
|player|p1|ImJustSamu|hilbert|1382
|player|p2|Dozkek|adaman|1303
|teamsize|p1|6
|teamsize|p2|6
|gen|5
|tier|[Gen 5] OU
|rated|
|rule|Species Clause: Limit one of each Pokémon
|rule|OHKO Clause: OHKO moves are banned
|rule|Moody Clause: Moody is banned
|rule|Evasion Items Clause: Evasion items are banned
|rule|Evasion Moves Clause: Evasion moves are banned
|rule|Endless Battle Clause: Forcing endless battles is banned
|rule|HP Percentage Mod: HP is shown in percentages
|rule|Evasion Abilities Clause: Evasion abilities are banned
|rule|Sleep Moves Clause: Sleep-inducing moves are banned
|rule|Swagger Clause: Swagger is banned
|rule|Baton Pass Stat Clause: No Baton Passer may have a way to boost its stats
|clearpoke
|poke|p1|Tyranitar, F|item
|poke|p1|Reuniclus, F|item
|poke|p1|Alakazam, M|item
|poke|p1|Excadrill, M|item
|poke|p1|Skarmory, F|item
|poke|p1|Keldeo-Resolute|item
|poke|p2|Politoed, F|item
|poke|p2|Ferrothorn, F|item
|poke|p2|Tentacruel, F|item
|poke|p2|Thundurus-Therian, M|item
|poke|p2|Mamoswine, M|item
|poke|p2|Latios, M|item
|teampreview
|inactive|Battle timer is ON: inactive players will automatically lose when time's up. (requested by ImJustSamu)
|inactive|Dozkek also wants the timer to be on.
|c|☆Dozkek|Hf
|inactive|Dozkek has 120 seconds left.
|
|t:|1713344353
|start
|switch|p1a: Tyranitar|Tyranitar, F|100/100
|switch|p2a: Politoed|Politoed, F|100/100
|-weather|RainDance|[from] ability: Drizzle|[of] p2a: Politoed
|-weather|Sandstorm|[from] ability: Sand Stream|[of] p1a: Tyranitar
|turn|1
|
|t:|1713344372
|switch|p1a: Skarmory|Skarmory, F|100/100
|move|p2a: Politoed|Scald|p1a: Skarmory
|-damage|p1a: Skarmory|79/100
|
|-weather|Sandstorm|[upkeep]
|-damage|p2a: Politoed|94/100|[from] Sandstorm
|-heal|p2a: Politoed|100/100|[from] item: Leftovers
|-heal|p1a: Skarmory|85/100|[from] item: Leftovers
|upkeep
|turn|2
|inactive|Dozkek has 120 seconds left.
|
|t:|1713344415
|switch|p2a: Ferrothorn|Ferrothorn, F|100/100
|move|p1a: Skarmory|Stealth Rock|p2a: Ferrothorn
|-sidestart|p2: Dozkek|move: Stealth Rock
|
|-weather|Sandstorm|[upkeep]
|-heal|p1a: Skarmory|91/100|[from] item: Leftovers
|upkeep
|turn|3
|
|t:|1713344426
|switch|p1a: Excadrill|Excadrill, M|100/100
|move|p2a: Ferrothorn|Knock Off|p1a: Excadrill
|-resisted|p1a: Excadrill
|-damage|p1a: Excadrill|97/100
|-enditem|p1a: Excadrill|Choice Scarf|[from] move: Knock Off|[of] p2a: Ferrothorn
|
|-weather|Sandstorm|[upkeep]
|upkeep
|turn|4
|
|t:|1713344443
|move|p1a: Excadrill|Earthquake|p2a: Ferrothorn
|-damage|p2a: Ferrothorn|51/100
|move|p2a: Ferrothorn|Spikes|p1a: Excadrill
|-sidestart|p1: ImJustSamu|Spikes
|
|-weather|Sandstorm|[upkeep]
|upkeep
|turn|5
|
|t:|1713344462
|move|p1a: Excadrill|Rock Slide|p2a: Ferrothorn
|-resisted|p2a: Ferrothorn
|-damage|p2a: Ferrothorn|37/100
|move|p2a: Ferrothorn|Power Whip|p1a: Excadrill
|-damage|p1a: Excadrill|38/100
|
|-weather|Sandstorm|[upkeep]
|upkeep
|turn|6
|
|t:|1713344472
|move|p1a: Excadrill|Earthquake|p2a: Ferrothorn
|-damage|p2a: Ferrothorn|0 fnt
|faint|p2a: Ferrothorn
|
|-weather|Sandstorm|[upkeep]
|upkeep
|inactive|Dozkek has 90 seconds left.
|
|t:|1713344488
|switch|p2a: Politoed|Politoed, F|100/100
|-damage|p2a: Politoed|88/100|[from] Stealth Rock
|-weather|RainDance|[from] ability: Drizzle|[of] p2a: Politoed
|turn|7
|inactive|Dozkek has 90 seconds left.
|
|t:|1713344503
|move|p1a: Excadrill|Earthquake|p2a: Politoed
|-damage|p2a: Politoed|33/100
|move|p2a: Politoed|Scald|p1a: Excadrill
|-supereffective|p1a: Excadrill
|-damage|p1a: Excadrill|0 fnt
|faint|p1a: Excadrill
|
|-weather|RainDance|[upkeep]
|-heal|p2a: Politoed|39/100|[from] item: Leftovers
|upkeep
|
|t:|1713344513
|switch|p1a: Alakazam|Alakazam, M|100/100
|turn|8
|inactive|Dozkek has 90 seconds left.
|
|t:|1713344533
|move|p2a: Politoed|Protect|p2a: Politoed
|-singleturn|p2a: Politoed|Protect
|move|p1a: Alakazam|Psychic|p2a: Politoed
|-activate|p2a: Politoed|move: Protect
|
|-weather|RainDance|[upkeep]
|-heal|p2a: Politoed|45/100|[from] item: Leftovers
|upkeep
|turn|9
|inactive|Dozkek has 90 seconds left.
|inactive|Dozkek has 60 seconds left.
|
|t:|1713344588
|switch|p2a: Mamoswine|Mamoswine, M|100/100
|-damage|p2a: Mamoswine|88/100|[from] Stealth Rock
|move|p1a: Alakazam|Encore||[still]
|-fail|p1a: Alakazam
|
|-weather|RainDance|[upkeep]
|upkeep
|turn|10
|
|t:|1713344605
|switch|p1a: Skarmory|Skarmory, F|91/100
|move|p2a: Mamoswine|Icicle Crash|p1a: Skarmory
|-damage|p1a: Skarmory|34/100
|
|-weather|RainDance|[upkeep]
|-heal|p1a: Skarmory|40/100|[from] item: Leftovers
|upkeep
|turn|11
|
|t:|1713344612
|move|p2a: Mamoswine|Icicle Crash|p1a: Skarmory
|-damage|p1a: Skarmory|0 fnt
|faint|p1a: Skarmory
|
|-weather|RainDance|[upkeep]
|upkeep
|
|t:|1713344614
|switch|p1a: Keldeo|Keldeo-Resolute|100/100
|-damage|p1a: Keldeo|88/100|[from] Spikes
|turn|12
|
|t:|1713344619
|switch|p1a: Reuniclus|Reuniclus, F|100/100
|switch|p2a: Tentacruel|Tentacruel, F|100/100
|-damage|p2a: Tentacruel|88/100|[from] Stealth Rock
|
|-weather|RainDance|[upkeep]
|-heal|p2a: Tentacruel|94/100|[from] ability: Rain Dish
|-heal|p2a: Tentacruel|99/100|[from] item: Black Sludge
|upkeep
|turn|13
|
|t:|1713344627
|move|p2a: Tentacruel|Rapid Spin|p1a: Reuniclus
|-damage|p1a: Reuniclus|98/100
|-sideend|p2: Dozkek|Stealth Rock|[from] move: Rapid Spin|[of] p2a: Tentacruel
|move|p1a: Reuniclus|Calm Mind|p1a: Reuniclus
|-boost|p1a: Reuniclus|spa|1
|-boost|p1a: Reuniclus|spd|1
|
|-weather|RainDance|[upkeep]
|-heal|p2a: Tentacruel|100/100|[from] ability: Rain Dish
|-heal|p1a: Reuniclus|100/100|[from] item: Leftovers
|upkeep
|turn|14
|inactive|Dozkek has 60 seconds left.
|
|t:|1713344643
|switch|p2a: Latios|Latios, M|100/100
|move|p1a: Reuniclus|Psychic|p2a: Latios
|-resisted|p2a: Latios
|-damage|p2a: Latios|72/100
|
|-weather|RainDance|[upkeep]
|upkeep
|turn|15
|inactive|Dozkek has 60 seconds left.
|
|t:|1713344676
|move|p2a: Latios|Trick|p1a: Reuniclus
|-activate|p2a: Latios|move: Trick|[of] p1a: Reuniclus
|-item|p1a: Reuniclus|Choice Scarf|[from] move: Trick
|-item|p2a: Latios|Leftovers|[from] move: Trick
|move|p1a: Reuniclus|Psychic|p2a: Latios
|-resisted|p2a: Latios
|-damage|p2a: Latios|43/100
|
|-weather|RainDance|[upkeep]
|-heal|p2a: Latios|49/100|[from] item: Leftovers
|upkeep
|turn|16
|inactive|Dozkek has 30 seconds left.
|
|t:|1713344698
|move|p2a: Latios|Draco Meteor|p1a: Reuniclus
|-damage|p1a: Reuniclus|59/100
|-unboost|p2a: Latios|spa|2
|move|p1a: Reuniclus|Psychic|p2a: Latios
|-resisted|p2a: Latios
|-damage|p2a: Latios|21/100
|
|-weather|RainDance|[upkeep]
|-heal|p2a: Latios|27/100|[from] item: Leftovers
|upkeep
|turn|17
|inactive|Dozkek has 30 seconds left.
|
|t:|1713344709
|move|p2a: Latios|Draco Meteor|p1a: Reuniclus
|-damage|p1a: Reuniclus|36/100
|-unboost|p2a: Latios|spa|2
|move|p1a: Reuniclus|Psychic|p2a: Latios
|-resisted|p2a: Latios
|-damage|p2a: Latios|0 fnt
|faint|p2a: Latios
|
|-weather|RainDance|[upkeep]
|upkeep
|inactive|Dozkek has 30 seconds left.
|inactive|Dozkek has 20 seconds left.
|inactive|Dozkek has 15 seconds left.
|inactive|Dozkek has 10 seconds left.
|
|t:|1713344737
|switch|p2a: Thundurus|Thundurus-Therian, M|100/100
|turn|18
|inactive|Dozkek has 20 seconds left this turn.
|inactive|Dozkek has 15 seconds left.
|
|t:|1713344745
|move|p2a: Thundurus|Thunder|p1a: Reuniclus
|-damage|p1a: Reuniclus|0 fnt
|faint|p1a: Reuniclus
|
|-weather|RainDance|[upkeep]
|upkeep
|inactive|Dozkek has 20 seconds left this turn.
|
|t:|1713344748
|switch|p1a: Tyranitar|Tyranitar, F|100/100
|-damage|p1a: Tyranitar|88/100|[from] Spikes
|-weather|Sandstorm|[from] ability: Sand Stream|[of] p1a: Tyranitar
|turn|19
|inactive|Dozkek has 30 seconds left this turn.
|
|t:|1713344753
|move|p2a: Thundurus|U-turn|p1a: Tyranitar
|-supereffective|p1a: Tyranitar
|-damage|p1a: Tyranitar|66/100
|inactive|Dozkek has 30 seconds left.
|inactive|Dozkek has 20 seconds left.
|inactive|Dozkek has 15 seconds left.
|
|t:|1713344775
|switch|p2a: Politoed|Politoed, F|45/100|[from] U-turn
|-weather|RainDance|[from] ability: Drizzle|[of] p2a: Politoed
|move|p1a: Tyranitar|Crunch|p2a: Politoed
|-crit|p2a: Politoed
|-damage|p2a: Politoed|0 fnt
|faint|p2a: Politoed
|
|-weather|RainDance|[upkeep]
|upkeep
|inactive|Dozkek has 20 seconds left this turn.
|inactive|Dozkek has 15 seconds left.
|inactive|Dozkek has 10 seconds left.
|
|t:|1713344790
|switch|p2a: Mamoswine|Mamoswine, M|88/100
|turn|20
|inactive|Dozkek has 20 seconds left this turn.
|inactive|Dozkek has 15 seconds left.
|
|t:|1713344795
|move|p2a: Mamoswine|Earthquake|p1a: Tyranitar
|-supereffective|p1a: Tyranitar
|-damage|p1a: Tyranitar|0 fnt
|faint|p1a: Tyranitar
|
|-weather|RainDance|[upkeep]
|upkeep
|inactive|Dozkek has 20 seconds left this turn.
|
|t:|1713344798
|switch|p1a: Keldeo|Keldeo-Resolute|88/100
|-damage|p1a: Keldeo|76/100|[from] Spikes
|turn|21
|inactive|Dozkek has 30 seconds left this turn.
|inactive|Dozkek has 20 seconds left.
|inactive|Dozkek has 15 seconds left.
|
|t:|1713344814
|switch|p2a: Thundurus|Thundurus-Therian, M|100/100
|move|p1a: Keldeo|Scald|p2a: Thundurus
|-damage|p2a: Thundurus|23/100
|
|-weather|RainDance|[upkeep]
|-heal|p1a: Keldeo|82/100|[from] item: Leftovers
|-heal|p2a: Thundurus|29/100|[from] item: Leftovers
|upkeep
|turn|22
|inactive|Dozkek has 25 seconds left this turn.
|inactive|Dozkek has 20 seconds left.
|inactive|Dozkek has 15 seconds left.
|
|t:|1713344828
|move|p1a: Keldeo|Scald|p2a: Thundurus
|-damage|p2a: Thundurus|0 fnt
|faint|p2a: Thundurus
|
|-weather|RainDance|[upkeep]
|-heal|p1a: Keldeo|88/100|[from] item: Leftovers
|upkeep
|inactive|Dozkek has 20 seconds left this turn.
|inactive|Dozkek has 15 seconds left.
|
|t:|1713344833
|switch|p2a: Tentacruel|Tentacruel, F|100/100
|turn|23
|inactive|Dozkek has 25 seconds left this turn.
|inactive|Dozkek has 20 seconds left.
|inactive|Dozkek has 15 seconds left.
|
|t:|1713344846
|switch|p1a: Alakazam|Alakazam, M|100/100
|move|p2a: Tentacruel|Scald|p1a: Alakazam
|-damage|p1a: Alakazam|44/100
|
|-weather|RainDance|[upkeep]
|upkeep
|turn|24
|inactive|Dozkek has 25 seconds left this turn.
|inactive|Dozkek has 20 seconds left.
|inactive|Dozkek has 15 seconds left.
|inactive|Dozkek has 10 seconds left.
|inactive|Dozkek has 5 seconds left.
|
|t:|1713344867
|switch|p2a: Mamoswine|Mamoswine, M|88/100
|move|p1a: Alakazam|Psychic|p2a: Mamoswine
|-damage|p2a: Mamoswine|25/100
|
|-weather|RainDance|[upkeep]
|upkeep
|turn|25
|inactive|Dozkek has 15 seconds left this turn.
|inactive|Dozkek has 10 seconds left.
|inactive|Dozkek has 5 seconds left.
|
|t:|1713344881
|switch|p1a: Keldeo|Keldeo-Resolute|88/100
|-damage|p1a: Keldeo|76/100|[from] Spikes
|move|p2a: Mamoswine|Ice Shard|p1a: Keldeo
|-resisted|p1a: Keldeo
|-damage|p1a: Keldeo|57/100
|
|-weather|RainDance|[upkeep]
|-heal|p1a: Keldeo|63/100|[from] item: Leftovers
|upkeep
|turn|26
|inactive|Dozkek has 15 seconds left this turn.
|
|t:|1713344886
|switch|p1a: Alakazam|Alakazam, M|44/100
|switch|p2a: Tentacruel|Tentacruel, F|100/100
|
|-weather|RainDance|[upkeep]
|upkeep
|turn|27
|inactive|Dozkek has 25 seconds left this turn.
|inactive|Dozkek has 20 seconds left.
|inactive|Dozkek has 15 seconds left.
|
|t:|1713344900
|move|p1a: Alakazam|Psychic|p2a: Tentacruel
|-supereffective|p2a: Tentacruel
|-damage|p2a: Tentacruel|28/100
|move|p2a: Tentacruel|Scald|p1a: Alakazam
|-damage|p1a: Alakazam|0 fnt
|faint|p1a: Alakazam
|
|-weather|RainDance|[upkeep]
|-heal|p2a: Tentacruel|34/100|[from] ability: Rain Dish
|-heal|p2a: Tentacruel|40/100|[from] item: Black Sludge
|upkeep
|inactive|Dozkek has 20 seconds left this turn.
|c|☆Dozkek|Gg
|
|t:|1713344905
|switch|p1a: Keldeo|Keldeo-Resolute|63/100
|-damage|p1a: Keldeo|51/100|[from] Spikes
|turn|28
|inactive|Dozkek has 30 seconds left this turn.
|
|t:|1713344911
|move|p2a: Tentacruel|Protect|p2a: Tentacruel
|-singleturn|p2a: Tentacruel|Protect
|move|p1a: Keldeo|Scald|p2a: Tentacruel
|-activate|p2a: Tentacruel|move: Protect
|
|-weather|RainDance|[upkeep]
|-heal|p2a: Tentacruel|46/100|[from] ability: Rain Dish
|-heal|p1a: Keldeo|57/100|[from] item: Leftovers
|-heal|p2a: Tentacruel|52/100|[from] item: Black Sludge
|upkeep
|turn|29
|inactive|Dozkek has 30 seconds left.
|inactive|Dozkek has 20 seconds left.
|
|t:|1713344929
|move|p1a: Keldeo|Scald|p2a: Tentacruel
|-resisted|p2a: Tentacruel
|-damage|p2a: Tentacruel|27/100
|-status|p2a: Tentacruel|brn
|move|p2a: Tentacruel|Toxic|p1a: Keldeo
|-status|p1a: Keldeo|tox
|
|-weather|RainDance|[upkeep]
|-heal|p2a: Tentacruel|33/100 brn|[from] ability: Rain Dish
|-heal|p1a: Keldeo|63/100 tox|[from] item: Leftovers
|-heal|p2a: Tentacruel|40/100 brn|[from] item: Black Sludge
|-damage|p1a: Keldeo|57/100 tox|[from] psn
|-damage|p2a: Tentacruel|27/100 brn|[from] brn
|upkeep
|turn|30
|inactive|Dozkek has 30 seconds left this turn.
|
|t:|1713344939
|move|p2a: Tentacruel|Protect|p2a: Tentacruel
|-singleturn|p2a: Tentacruel|Protect
|move|p1a: Keldeo|Scald|p2a: Tentacruel
|-activate|p2a: Tentacruel|move: Protect
|
|-weather|RainDance|[upkeep]
|-heal|p2a: Tentacruel|33/100 brn|[from] ability: Rain Dish
|-heal|p1a: Keldeo|63/100 tox|[from] item: Leftovers
|-heal|p2a: Tentacruel|39/100 brn|[from] item: Black Sludge
|-damage|p1a: Keldeo|51/100 tox|[from] psn
|-damage|p2a: Tentacruel|27/100 brn|[from] brn
|upkeep
|turn|31
|c|☆Dozkek|Bruhhh
|inactive|Dozkek has 30 seconds left.
|c|☆Dozkek|Yeah nah I lost cuz of the burn :(
|inactive|Dozkek has 20 seconds left.
|inactive|Dozkek has 15 seconds left.
|
|t:|1713344962
|switch|p2a: Mamoswine|Mamoswine, M|25/100
|move|p1a: Keldeo|Scald|p2a: Mamoswine
|-supereffective|p2a: Mamoswine
|-damage|p2a: Mamoswine|0 fnt
|faint|p2a: Mamoswine
|
|-weather|RainDance|[upkeep]
|-heal|p1a: Keldeo|57/100 tox|[from] item: Leftovers
|-damage|p1a: Keldeo|39/100 tox|[from] psn
|upkeep
|inactive|Dozkek has 20 seconds left this turn.
|inactive|Dozkek has 15 seconds left.
|
|t:|1713344970
|switch|p2a: Tentacruel|Tentacruel, F|27/100 brn
|turn|32
|inactive|Dozkek has 25 seconds left this turn.
|
|t:|1713344975
|move|p2a: Tentacruel|Protect|p2a: Tentacruel
|-singleturn|p2a: Tentacruel|Protect
|move|p1a: Keldeo|Scald|p2a: Tentacruel
|-activate|p2a: Tentacruel|move: Protect
|
|-weather|RainDance|[upkeep]
|-heal|p2a: Tentacruel|33/100 brn|[from] ability: Rain Dish
|-heal|p1a: Keldeo|45/100 tox|[from] item: Leftovers
|-heal|p2a: Tentacruel|39/100 brn|[from] item: Black Sludge
|-damage|p1a: Keldeo|20/100 tox|[from] psn
|-damage|p2a: Tentacruel|27/100 brn|[from] brn
|upkeep
|turn|33
|inactive|Dozkek has 30 seconds left.
|inactive|Dozkek has 20 seconds left.
|inactive|ImJustSamu has 120 seconds left.
|
|t:|1713345009
|move|p2a: Tentacruel|Protect||[still]
|-fail|p2a: Tentacruel
|move|p1a: Keldeo|Secret Sword|p2a: Tentacruel
|-resisted|p2a: Tentacruel
|-damage|p2a: Tentacruel|6/100 brn
|
|-weather|RainDance|[upkeep]
|-heal|p2a: Tentacruel|12/100 brn|[from] ability: Rain Dish
|-heal|p1a: Keldeo|26/100 tox|[from] item: Leftovers
|-heal|p2a: Tentacruel|18/100 brn|[from] item: Black Sludge
|-damage|p1a: Keldeo|0 fnt|[from] psn
|faint|p1a: Keldeo
|
|win|Dozkek
|upkeep
|inactive|Dozkek has 25 seconds left this turn.
|raw|ImJustSamu's rating: 1382 &rarr; <strong>1358</strong><br />(-24 for losing)
|raw|Dozkek's rating: 1303 &rarr; <strong>1327</strong><br />(+24 for winning)
|c|☆Dozkek|Yooo
|l|‽ImJustSamu
|player|p1|
|c|☆Dozkek|Ggs
