|j|☆irgendwasmitmeeem
|j|☆Clawdia Chauchat
|t:|1705240748
|gametype|singles
|player|p1|irgendwasmitmeeem|petrel|1418
|player|p2|Clawdia Chauchat|winona|1468
|teamsize|p1|6
|teamsize|p2|6
|gen|5
|tier|[Gen 5] OU
|rated|
|rule|Species Clause: Limit one of each Pokémon
|rule|OHKO Clause: OHKO moves are banned
|rule|Moody Clause: Moody is banned
|rule|Evasion Items Clause: Evasion items are banned
|rule|Evasion Moves Clause: Evasion moves are banned
|rule|Endless Battle Clause: Forcing endless battles is banned
|rule|HP Percentage Mod: HP is shown in percentages
|rule|Evasion Abilities Clause: Evasion abilities are banned
|rule|Sleep Moves Clause: Sleep-inducing moves are banned
|rule|Swagger Clause: Swagger is banned
|rule|Baton Pass Stat Clause: No Baton Passer may have a way to boost its stats
|clearpoke
|poke|p1|Politoed, F|item
|poke|p1|Excadrill, M|item
|poke|p1|Tentacruel, F|item
|poke|p1|Scizor, F|item
|poke|p1|Latios, M|item
|poke|p1|Tornadus, M|item
|poke|p2|Ninetales, F|item
|poke|p2|Starmie|item
|poke|p2|Latios, M|item
|poke|p2|Xatu, F|item
|poke|p2|Jirachi|item
|poke|p2|Victini|item
|teampreview
|inactive|Battle timer is ON: inactive players will automatically lose when time's up. (requested by irgendwasmitmeeem)
|inactive|Clawdia Chauchat has 120 seconds left.
|
|t:|1705240804
|start
|switch|p1a: Latios|Latios, M|100/100
|switch|p2a: Victini|Victini|100/100
|turn|1
|
|t:|1705240808
|move|p1a: Latios|Draco Meteor|p2a: Victini
|-damage|p2a: Victini|0 fnt
|-unboost|p1a: Latios|spa|2
|faint|p2a: Victini
|
|upkeep
|inactive|Clawdia Chauchat has 120 seconds left.
|
|t:|1705240852
|switch|p2a: Jirachi|Jirachi|100/100
|turn|2
|
|t:|1705240855
|switch|p1a: Excadrill|Excadrill, M|100/100
|-ability|p1a: Excadrill|Mold Breaker
|move|p2a: Jirachi|Body Slam|p1a: Excadrill
|-resisted|p1a: Excadrill
|-damage|p1a: Excadrill|85/100
|
|-heal|p1a: Excadrill|91/100|[from] item: Leftovers
|upkeep
|turn|3
|
|t:|1705240860
|switch|p1a: Politoed|Politoed, F, shiny|100/100
|-weather|RainDance|[from] ability: Drizzle|[of] p1a: Politoed
|switch|p2a: Xatu|Xatu, F|100/100
|
|-weather|RainDance|[upkeep]
|upkeep
|turn|4
|inactive|Clawdia Chauchat has 120 seconds left.
|c|☆irgendwasmitmeeem|,,,
|
|t:|1705240891
|switch|p2a: Ninetales|Ninetales, F|100/100
|-weather|SunnyDay|[from] ability: Drought|[of] p2a: Ninetales
|move|p1a: Politoed|Hydro Pump|p2a: Ninetales
|-supereffective|p2a: Ninetales
|-damage|p2a: Ninetales|18/100
|
|-weather|SunnyDay|[upkeep]
|-heal|p2a: Ninetales|24/100|[from] item: Leftovers
|upkeep
|turn|5
|
|t:|1705240897
|switch|p2a: Starmie|Starmie|100/100
|switch|p1a: Latios|Latios, M|100/100
|
|-weather|SunnyDay|[upkeep]
|upkeep
|turn|6
|
|t:|1705240899
|move|p2a: Starmie|Ice Beam|p1a: Latios
|-supereffective|p1a: Latios
|-damage|p1a: Latios|43/100
|move|p1a: Latios|Draco Meteor|p2a: Starmie
|-damage|p2a: Starmie|0 fnt
|-unboost|p1a: Latios|spa|2
|faint|p2a: Starmie
|
|-weather|SunnyDay|[upkeep]
|upkeep
|
|t:|1705240903
|switch|p2a: Jirachi|Jirachi|100/100
|turn|7
|
|t:|1705240905
|switch|p1a: Politoed|Politoed, F, shiny|100/100
|-weather|RainDance|[from] ability: Drizzle|[of] p1a: Politoed
|move|p2a: Jirachi|Stealth Rock|p1a: Politoed
|-sidestart|p1: irgendwasmitmeeem|move: Stealth Rock
|
|-weather|RainDance|[upkeep]
|upkeep
|turn|8
|
|t:|1705240933
|switch|p2a: Latios|Latios, M|100/100
|move|p1a: Politoed|Scald|p2a: Latios
|-resisted|p2a: Latios
|-damage|p2a: Latios|59/100
|-status|p2a: Latios|brn
|
|-weather|RainDance|[upkeep]
|-damage|p2a: Latios|47/100 brn|[from] brn
|upkeep
|turn|9
|
|t:|1705240938
|switch|p2a: Ninetales|Ninetales, F|24/100
|-weather|SunnyDay|[from] ability: Drought|[of] p2a: Ninetales
|switch|p1a: Excadrill|Excadrill, M|91/100
|-damage|p1a: Excadrill|88/100|[from] Stealth Rock
|-ability|p1a: Excadrill|Mold Breaker
|
|-weather|SunnyDay|[upkeep]
|-heal|p2a: Ninetales|30/100|[from] item: Leftovers
|-heal|p1a: Excadrill|95/100|[from] item: Leftovers
|upkeep
|turn|10
|
|t:|1705240951
|switch|p1a: Politoed|Politoed, F, shiny|100/100
|-damage|p1a: Politoed|88/100|[from] Stealth Rock
|-weather|RainDance|[from] ability: Drizzle|[of] p1a: Politoed
|move|p2a: Ninetales|Will-O-Wisp|p1a: Politoed|[miss]
|-miss|p2a: Ninetales|p1a: Politoed
|
|-weather|RainDance|[upkeep]
|-heal|p2a: Ninetales|36/100|[from] item: Leftovers
|upkeep
|turn|11
|
|t:|1705240954
|move|p2a: Ninetales|Protect|p2a: Ninetales
|-singleturn|p2a: Ninetales|Protect
|move|p1a: Politoed|Scald|p2a: Ninetales
|-activate|p2a: Ninetales|move: Protect
|
|-weather|RainDance|[upkeep]
|-heal|p2a: Ninetales|42/100|[from] item: Leftovers
|upkeep
|turn|12
|
|t:|1705240958
|move|p2a: Ninetales|Sunny Day|p2a: Ninetales
|-weather|SunnyDay
|move|p1a: Politoed|Scald|p2a: Ninetales
|-supereffective|p2a: Ninetales
|-damage|p2a: Ninetales|0 fnt
|faint|p2a: Ninetales
|
|-weather|SunnyDay|[upkeep]
|upkeep
|-message|Clawdia Chauchat forfeited.
|
|win|irgendwasmitmeeem
|raw|irgendwasmitmeeem's rating: 1418 &rarr; <strong>1440</strong><br />(+22 for winning)
|raw|Clawdia Chauchat's rating: 1455 &rarr; <strong>1433</strong><br />(-22 for losing)
|l|☆Clawdia Chauchat
|player|p2|
