|j|☆Yor Gasai
|j|☆600hoeskaido
|t:|1748120068
|gametype|singles
|player|p1|Yor Gasai|169|1438
|player|p2|600hoeskaido|lucas|1455
|teamsize|p1|6
|teamsize|p2|6
|gen|5
|tier|[Gen 5] OU
|rated|
|rule|Species Clause: Limit one of each Pokémon
|rule|OHKO Clause: OHKO moves are banned
|rule|Moody Clause: Moody is banned
|rule|Evasion Items Clause: Evasion items are banned
|rule|Evasion Moves Clause: Evasion moves are banned
|rule|Endless Battle Clause: Forcing endless battles is banned
|rule|HP Percentage Mod: HP is shown in percentages
|rule|Evasion Abilities Clause: Evasion abilities are banned
|rule|Sleep Moves Clause: Sleep-inducing moves are banned
|rule|Swagger Clause: Swagger is banned
|rule|Baton Pass Stat Clause: No Baton Passer may have a way to boost its stats
|clearpoke
|poke|p1|Reuniclus, F|item
|poke|p1|Magnezone|item
|poke|p1|Latias, F|item
|poke|p1|Latios, M|item
|poke|p1|Jirachi|item
|poke|p1|Kyurem-Black|item
|poke|p2|Garchomp, F|item
|poke|p2|Skarmory, M|item
|poke|p2|Tyranitar, M|item
|poke|p2|Latios, M|item
|poke|p2|Terrakion|item
|poke|p2|Abomasnow, M|item
|teampreview
|
|t:|1748120082
|start
|switch|p1a: Kyurem|Kyurem-Black|100/100
|switch|p2a: Skarmory|Skarmory, M|100/100
|-ability|p1a: Kyurem|Teravolt
|turn|1
|
|t:|1748120086
|switch|p2a: Garchomp|Garchomp, F, shiny|100/100
|move|p1a: Kyurem|Fusion Bolt|p2a: Garchomp
|-immune|p2a: Garchomp
|
|upkeep
|turn|2
|
|t:|1748120097
|switch|p1a: Jirachi|Jirachi|100/100
|switch|p2a: Skarmory|Skarmory, M|100/100
|
|upkeep
|turn|3
|
|t:|1748120100
|move|p1a: Jirachi|Stealth Rock|p2a: Skarmory
|-sidestart|p2: 600hoeskaido|move: Stealth Rock
|move|p2a: Skarmory|Stealth Rock|p1a: Jirachi
|-sidestart|p1: Yor Gasai|move: Stealth Rock
|
|upkeep
|turn|4
|
|t:|1748120103
|move|p1a: Jirachi|U-turn|p2a: Skarmory
|-resisted|p2a: Skarmory
|-damage|p2a: Skarmory|97/100
|
|t:|1748120105
|switch|p1a: Magnezone|Magnezone|100/100|[from] U-turn
|-damage|p1a: Magnezone|94/100|[from] Stealth Rock
|-item|p1a: Magnezone|Air Balloon
|move|p2a: Skarmory|Spikes|p1a: Magnezone
|-sidestart|p1: Yor Gasai|Spikes
|
|upkeep
|turn|5
|
|t:|1748120108
|move|p2a: Skarmory|Spikes|p1a: Magnezone
|-sidestart|p1: Yor Gasai|Spikes
|move|p1a: Magnezone|Thunderbolt|p2a: Skarmory
|-supereffective|p2a: Skarmory
|-damage|p2a: Skarmory|0 fnt
|faint|p2a: Skarmory
|
|upkeep
|
|t:|1748120119
|switch|p2a: Garchomp|Garchomp, F, shiny|100/100
|-damage|p2a: Garchomp|94/100|[from] Stealth Rock
|turn|6
|
|t:|1748120147
|switch|p1a: Latios|Latios, M|100/100
|-damage|p1a: Latios|88/100|[from] Stealth Rock
|move|p2a: Garchomp|Fire Blast|p1a: Latios|[miss]
|-miss|p2a: Garchomp|p1a: Latios
|
|upkeep
|turn|7
|
|t:|1748120160
|move|p2a: Garchomp|Protect|p2a: Garchomp
|-singleturn|p2a: Garchomp|Protect
|move|p1a: Latios|Dragon Pulse|p2a: Garchomp
|-activate|p2a: Garchomp|move: Protect
|
|upkeep
|turn|8
|
|t:|1748120164
|switch|p2a: Tyranitar|Tyranitar, M, shiny|100/100
|-damage|p2a: Tyranitar|88/100|[from] Stealth Rock
|-weather|Sandstorm|[from] ability: Sand Stream|[of] p2a: Tyranitar
|move|p1a: Latios|Dragon Pulse|p2a: Tyranitar
|-damage|p2a: Tyranitar|40/100
|
|-weather|Sandstorm|[upkeep]
|-damage|p1a: Latios|82/100|[from] Sandstorm
|upkeep
|turn|9
|
|t:|1748120171
|move|p2a: Tyranitar|Crunch|p1a: Latios
|-supereffective|p1a: Latios
|-damage|p1a: Latios|0 fnt
|faint|p1a: Latios
|
|-weather|Sandstorm|[upkeep]
|upkeep
|
|t:|1748120192
|switch|p1a: Kyurem|Kyurem-Black|100/100
|-damage|p1a: Kyurem|76/100|[from] Stealth Rock
|-damage|p1a: Kyurem|59/100|[from] Spikes
|-ability|p1a: Kyurem|Teravolt
|turn|10
|
|t:|1748120200
|switch|p2a: Abomasnow|Abomasnow, M|100/100
|-damage|p2a: Abomasnow|76/100|[from] Stealth Rock
|-weather|Hail|[from] ability: Snow Warning|[of] p2a: Abomasnow
|move|p1a: Kyurem|Outrage|p2a: Abomasnow
|-damage|p2a: Abomasnow|0 fnt
|faint|p2a: Abomasnow
|
|-weather|Hail|[upkeep]
|upkeep
|
|t:|1748120206
|switch|p2a: Terrakion|Terrakion|100/100
|-damage|p2a: Terrakion|94/100|[from] Stealth Rock
|turn|11
|
|t:|1748120208
|move|p2a: Terrakion|Close Combat|p1a: Kyurem
|-supereffective|p1a: Kyurem
|-damage|p1a: Kyurem|0 fnt
|-unboost|p2a: Terrakion|def|1
|-unboost|p2a: Terrakion|spd|1
|faint|p1a: Kyurem
|
|-weather|Hail|[upkeep]
|-damage|p2a: Terrakion|88/100|[from] Hail
|upkeep
|inactive|Battle timer is ON: inactive players will automatically lose when time's up. (requested by 600hoeskaido)
|
|t:|1748120239
|switch|p1a: Reuniclus|Reuniclus, F|100/100
|turn|12
|
|t:|1748120245
|switch|p2a: Garchomp|Garchomp, F, shiny|94/100
|-damage|p2a: Garchomp|88/100|[from] Stealth Rock
|move|p1a: Reuniclus|Trick Room|p1a: Reuniclus
|-fieldstart|move: Trick Room|[of] p1a: Reuniclus
|
|-weather|Hail|[upkeep]
|-damage|p2a: Garchomp|82/100|[from] Hail
|upkeep
|turn|13
|
|t:|1748120249
|move|p2a: Garchomp|Protect|p2a: Garchomp
|-singleturn|p2a: Garchomp|Protect
|move|p1a: Reuniclus|Hidden Power|p2a: Garchomp
|-activate|p2a: Garchomp|move: Protect
|
|-weather|Hail|[upkeep]
|-damage|p2a: Garchomp|76/100|[from] Hail
|upkeep
|turn|14
|
|t:|1748120253
|move|p1a: Reuniclus|Hidden Power|p2a: Garchomp
|-supereffective|p2a: Garchomp
|-damage|p2a: Garchomp|0 fnt
|faint|p2a: Garchomp
|
|-weather|Hail|[upkeep]
|upkeep
|
|t:|1748120257
|switch|p2a: Latios|Latios, M, shiny|100/100
|-damage|p2a: Latios|88/100|[from] Stealth Rock
|turn|15
|
|t:|1748120261
|move|p1a: Reuniclus|Signal Beam|p2a: Latios
|-supereffective|p2a: Latios
|-damage|p2a: Latios|19/100
|move|p2a: Latios|Draco Meteor|p1a: Reuniclus
|-damage|p1a: Reuniclus|26/100
|-unboost|p2a: Latios|spa|2
|
|-weather|Hail|[upkeep]
|-damage|p2a: Latios|13/100|[from] Hail
|upkeep
|turn|16
|
|t:|1748120270
|switch|p1a: Jirachi|Jirachi|100/100
|-damage|p1a: Jirachi|94/100|[from] Stealth Rock
|-damage|p1a: Jirachi|78/100|[from] Spikes
|move|p2a: Latios|Draco Meteor|p1a: Jirachi
|-resisted|p1a: Jirachi
|-damage|p1a: Jirachi|62/100
|-unboost|p2a: Latios|spa|2
|
|-weather|Hail|[upkeep]
|-damage|p1a: Jirachi|56/100|[from] Hail
|-damage|p2a: Latios|7/100|[from] Hail
|-fieldend|move: Trick Room
|upkeep
|turn|17
|
|t:|1748120274
|move|p2a: Latios|Hidden Power|p1a: Jirachi
|-supereffective|p1a: Jirachi
|-damage|p1a: Jirachi|43/100
|move|p1a: Jirachi|Healing Wish|p1a: Jirachi
|faint|p1a: Jirachi
|
|-weather|Hail|[upkeep]
|-damage|p2a: Latios|1/100|[from] Hail
|upkeep
|
|t:|1748120276
|switch|p1a: Reuniclus|Reuniclus, F|26/100
|-heal|p1a: Reuniclus|100/100|[from] move: Healing Wish
|turn|18
|c|☆Yor Gasai|gg
|
|t:|1748120285
|move|p2a: Latios|Thunder|p1a: Reuniclus
|-damage|p1a: Reuniclus|88/100
|move|p1a: Reuniclus|Trick Room|p1a: Reuniclus
|-fieldstart|move: Trick Room|[of] p1a: Reuniclus
|
|-weather|Hail|[upkeep]
|-damage|p2a: Latios|0 fnt|[from] Hail
|faint|p2a: Latios
|upkeep
|
|t:|1748120288
|switch|p2a: Tyranitar|Tyranitar, M, shiny|40/100
|-damage|p2a: Tyranitar|27/100|[from] Stealth Rock
|-weather|Sandstorm|[from] ability: Sand Stream|[of] p2a: Tyranitar
|turn|19
|
|t:|1748120294
|move|p1a: Reuniclus|Signal Beam|p2a: Tyranitar
|-supereffective|p2a: Tyranitar
|-damage|p2a: Tyranitar|0 fnt
|faint|p2a: Tyranitar
|
|-weather|Sandstorm|[upkeep]
|upkeep
|
|t:|1748120297
|switch|p2a: Terrakion|Terrakion|88/100
|-damage|p2a: Terrakion|82/100|[from] Stealth Rock
|turn|20
|
|t:|1748120299
|move|p1a: Reuniclus|Psychic|p2a: Terrakion
|-supereffective|p2a: Terrakion
|-damage|p2a: Terrakion|0 fnt
|faint|p2a: Terrakion
|
|win|Yor Gasai
|raw|Yor Gasai's rating: 1438 &rarr; <strong>1459</strong><br />(+21 for winning)
|raw|600hoeskaido's rating: 1455 &rarr; <strong>1434</strong><br />(-21 for losing)
|l|☆600hoeskaido
|player|p2|
