|uhtml|medal-msg|<div class="broadcast-blue">Curious what those medals under the avatar are? PS now has Ladder Seasons! For more information, check out the <a href="https://www.smogon.com/forums/threads/3740067/">thread on Smogon.</a></div>
|uhtml|medal-msg|<div class="broadcast-blue">Curious what those medals under the avatar are? PS now has Ladder Seasons! For more information, check out the <a href="https://www.smogon.com/forums/threads/3740067/">thread on Smogon.</a></div>
|j|☆Jellium
|j|☆taylor
|t:|1712787507
|gametype|singles
|player|p1|Jellium|scientist-gen4|1336
|player|p2|taylor|#taylor|1456
|teamsize|p1|6
|teamsize|p2|6
|gen|5
|tier|[Gen 5] OU
|rated|
|rule|Species Clause: Limit one of each Pokémon
|rule|OHKO Clause: OHKO moves are banned
|rule|Moody Clause: Moody is banned
|rule|Evasion Items Clause: Evasion items are banned
|rule|Evasion Moves Clause: Evasion moves are banned
|rule|Endless Battle Clause: Forcing endless battles is banned
|rule|HP Percentage Mod: HP is shown in percentages
|rule|Evasion Abilities Clause: Evasion abilities are banned
|rule|Sleep Moves Clause: Sleep-inducing moves are banned
|rule|Swagger Clause: Swagger is banned
|rule|Baton Pass Stat Clause: No Baton Passer may have a way to boost its stats
|clearpoke
|poke|p1|Jirachi|item
|poke|p1|Dragonite, F|item
|poke|p1|Kyurem-Black|item
|poke|p1|Latios, M|item
|poke|p1|Magnezone|item
|poke|p1|Aerodactyl, M|item
|poke|p2|Politoed, F|item
|poke|p2|Keldeo-Resolute|item
|poke|p2|Latios, M|item
|poke|p2|Landorus-Therian, M|item
|poke|p2|Jirachi|item
|poke|p2|Kyurem-Black|item
|teampreview
|inactive|Battle timer is ON: inactive players will automatically lose when time's up. (requested by taylor)
|
|t:|1712787526
|start
|switch|p1a: SIU|Aerodactyl, M|100/100
|switch|p2a: Landorus|Landorus-Therian, M|100/100
|-ability|p1a: SIU|Unnerve
|-ability|p2a: Landorus|Intimidate|boost
|-unboost|p1a: SIU|atk|1
|turn|1
|
|t:|1712787533
|move|p1a: SIU|Taunt|p2a: Landorus
|-start|p2a: Landorus|move: Taunt
|move|p2a: Landorus|Smack Down|p1a: SIU
|-supereffective|p1a: SIU
|-crit|p1a: SIU
|-enditem|p1a: SIU|Focus Sash
|-damage|p1a: SIU|1/100
|-start|p1a: SIU|Smack Down
|
|upkeep
|turn|2
|
|t:|1712787543
|move|p1a: SIU|Stealth Rock|p2a: Landorus
|-sidestart|p2: taylor|move: Stealth Rock
|move|p2a: Landorus|Smack Down|p1a: SIU
|-supereffective|p1a: SIU
|-damage|p1a: SIU|0 fnt
|faint|p1a: SIU
|
|upkeep
|
|t:|1712787558
|switch|p1a: BKC|Kyurem-Black|100/100
|-ability|p1a: BKC|Teravolt
|turn|3
|
|t:|1712787571
|switch|p2a: Politoed|Politoed, F|100/100
|-damage|p2a: Politoed|88/100|[from] Stealth Rock
|-weather|RainDance|[from] ability: Drizzle|[of] p2a: Politoed
|move|p1a: BKC|Fusion Bolt|p2a: Politoed
|-supereffective|p2a: Politoed
|-damage|p2a: Politoed|0 fnt
|faint|p2a: Politoed
|-damage|p1a: BKC|91/100|[from] item: Life Orb
|
|-weather|RainDance|[upkeep]
|upkeep
|
|t:|1712787580
|switch|p2a: Landorus|Landorus-Therian, M|100/100
|-damage|p2a: Landorus|88/100|[from] Stealth Rock
|-ability|p2a: Landorus|Intimidate|boost
|-unboost|p1a: BKC|atk|1
|turn|4
|
|t:|1712787589
|move|p2a: Landorus|Stealth Rock|p1a: BKC
|-sidestart|p1: Jellium|move: Stealth Rock
|move|p1a: BKC|Ice Beam|p2a: Landorus
|-supereffective|p2a: Landorus
|-crit|p2a: Landorus
|-damage|p2a: Landorus|0 fnt
|faint|p2a: Landorus
|-damage|p1a: BKC|81/100|[from] item: Life Orb
|
|-weather|RainDance|[upkeep]
|upkeep
|inactive|taylor has 120 seconds left.
|
|t:|1712787619
|switch|p2a: Kyurem|Kyurem-Black|100/100
|-damage|p2a: Kyurem|76/100|[from] Stealth Rock
|-ability|p2a: Kyurem|Teravolt
|turn|5
|
|t:|1712787624
|move|p2a: Kyurem|Ice Beam|p1a: BKC
|-damage|p1a: BKC|33/100
|move|p1a: BKC|Ice Beam|p2a: Kyurem
|-damage|p2a: Kyurem|11/100
|-damage|p1a: BKC|23/100|[from] item: Life Orb
|
|-weather|RainDance|[upkeep]
|upkeep
|turn|6
|
|t:|1712787637
|move|p2a: Kyurem|Ice Beam|p1a: BKC
|-damage|p1a: BKC|0 fnt
|faint|p1a: BKC
|
|-weather|RainDance|[upkeep]
|upkeep
|
|t:|1712787655
|switch|p1a: Badass|Jirachi|100/100
|-damage|p1a: Badass|94/100|[from] Stealth Rock
|turn|7
|
|t:|1712787663
|move|p1a: Badass|U-turn|p2a: Kyurem
|-damage|p2a: Kyurem|0 fnt
|faint|p2a: Kyurem
|
|t:|1712787667
|switch|p1a: CTC|Magnezone|100/100|[from] U-turn
|-damage|p1a: CTC|95/100|[from] Stealth Rock
|
|-weather|RainDance|[upkeep]
|upkeep
|
|t:|1712787691
|switch|p2a: Keldeo|Keldeo-Resolute|100/100
|-damage|p2a: Keldeo|94/100|[from] Stealth Rock
|turn|8
|
|t:|1712787695
|move|p2a: Keldeo|Scald|p1a: CTC
|-damage|p1a: CTC|24/100
|move|p1a: CTC|Volt Switch|p2a: Keldeo
|-supereffective|p2a: Keldeo
|-damage|p2a: Keldeo|0 fnt
|faint|p2a: Keldeo
|
|t:|1712787707
|switch|p1a: IDM Hugo|Latios, M|100/100|[from] Volt Switch
|-damage|p1a: IDM Hugo|88/100|[from] Stealth Rock
|
|-weather|RainDance|[upkeep]
|upkeep
|
|t:|1712787712
|switch|p2a: Latios|Latios, M|100/100
|-damage|p2a: Latios|88/100|[from] Stealth Rock
|turn|9
|
|t:|1712787722
|switch|p1a: CTC|Magnezone|24/100
|-damage|p1a: CTC|18/100|[from] Stealth Rock
|move|p2a: Latios|Thunder|p1a: CTC
|-resisted|p1a: CTC
|-damage|p1a: CTC|0 fnt
|faint|p1a: CTC
|-damage|p2a: Latios|78/100|[from] item: Life Orb
|
|-weather|RainDance|[upkeep]
|upkeep
|
|t:|1712787738
|switch|p1a: Badass|Jirachi|94/100
|-damage|p1a: Badass|88/100|[from] Stealth Rock
|turn|10
|
|t:|1712787743
|move|p1a: Badass|U-turn|p2a: Latios
|-supereffective|p2a: Latios
|-damage|p2a: Latios|14/100
|
|t:|1712787751
|switch|p1a: Stone_Cold|Dragonite, F|100/100|[from] U-turn
|-damage|p1a: Stone_Cold|76/100|[from] Stealth Rock
|move|p2a: Latios|Thunder|p1a: Stone_Cold
|-damage|p1a: Stone_Cold|24/100
|-damage|p2a: Latios|4/100|[from] item: Life Orb
|
|-weather|RainDance|[upkeep]
|upkeep
|turn|11
|
|t:|1712787761
|move|p1a: Stone_Cold|Extreme Speed|p2a: Latios
|-damage|p2a: Latios|0 fnt
|faint|p2a: Latios
|
|-weather|RainDance|[upkeep]
|upkeep
|
|t:|1712787764
|switch|p2a: Jirachi|Jirachi|100/100
|-damage|p2a: Jirachi|94/100|[from] Stealth Rock
|turn|12
|
|t:|1712787769
|move|p2a: Jirachi|Substitute|p2a: Jirachi
|-start|p2a: Jirachi|Substitute
|-damage|p2a: Jirachi|69/100
|move|p1a: Stone_Cold|Earthquake|p2a: Jirachi
|-supereffective|p2a: Jirachi
|-end|p2a: Jirachi|Substitute
|
|-weather|RainDance|[upkeep]
|-heal|p2a: Jirachi|75/100|[from] item: Leftovers
|upkeep
|turn|13
|
|t:|1712787776
|move|p2a: Jirachi|Thunder|p1a: Stone_Cold
|-damage|p1a: Stone_Cold|0 fnt
|faint|p1a: Stone_Cold
|
|-weather|RainDance|[upkeep]
|-heal|p2a: Jirachi|82/100|[from] item: Leftovers
|upkeep
|
|t:|1712787784
|switch|p1a: IDM Hugo|Latios, M|88/100
|-damage|p1a: IDM Hugo|76/100|[from] Stealth Rock
|turn|14
|
|t:|1712787788
|move|p1a: IDM Hugo|Surf|p2a: Jirachi
|-damage|p2a: Jirachi|42/100
|move|p2a: Jirachi|Calm Mind|p2a: Jirachi
|-boost|p2a: Jirachi|spa|1
|-boost|p2a: Jirachi|spd|1
|
|-weather|RainDance|[upkeep]
|-heal|p2a: Jirachi|48/100|[from] item: Leftovers
|upkeep
|turn|15
|
|t:|1712787796
|move|p1a: IDM Hugo|Surf|p2a: Jirachi
|-damage|p2a: Jirachi|19/100
|move|p2a: Jirachi|Thunder|p1a: IDM Hugo
|-resisted|p1a: IDM Hugo
|-damage|p1a: IDM Hugo|53/100
|-status|p1a: IDM Hugo|par
|
|-weather|RainDance|[upkeep]
|-heal|p2a: Jirachi|25/100|[from] item: Leftovers
|upkeep
|turn|16
|
|t:|1712787809
|move|p2a: Jirachi|Calm Mind|p2a: Jirachi
|-boost|p2a: Jirachi|spa|1
|-boost|p2a: Jirachi|spd|1
|move|p1a: IDM Hugo|Surf|p2a: Jirachi
|-damage|p2a: Jirachi|2/100
|
|-weather|RainDance|[upkeep]
|-heal|p2a: Jirachi|9/100|[from] item: Leftovers
|upkeep
|turn|17
|
|t:|1712787819
|move|p2a: Jirachi|Water Pulse|p1a: IDM Hugo
|-resisted|p1a: IDM Hugo
|-damage|p1a: IDM Hugo|31/100 par
|-start|p1a: IDM Hugo|confusion
|-activate|p1a: IDM Hugo|confusion
|-damage|p1a: IDM Hugo|21/100 par|[from] confusion
|
|-weather|RainDance|[upkeep]
|-heal|p2a: Jirachi|15/100|[from] item: Leftovers
|upkeep
|turn|18
|
|t:|1712787833
|move|p2a: Jirachi|Thunder|p1a: IDM Hugo
|-resisted|p1a: IDM Hugo
|-crit|p1a: IDM Hugo
|-damage|p1a: IDM Hugo|0 fnt
|faint|p1a: IDM Hugo
|
|-weather|RainDance|[upkeep]
|-heal|p2a: Jirachi|21/100|[from] item: Leftovers
|upkeep
|
|t:|1712787841
|switch|p1a: Badass|Jirachi|88/100
|-damage|p1a: Badass|82/100|[from] Stealth Rock
|turn|19
|
|t:|1712787856
|move|p1a: Badass|Fire Punch|p2a: Jirachi
|-supereffective|p2a: Jirachi
|-damage|p2a: Jirachi|0 fnt
|faint|p2a: Jirachi
|
|win|Jellium
|raw|Jellium's rating: 1336 &rarr; <strong>1363</strong><br />(+27 for winning)
|raw|taylor's rating: 1456 &rarr; <strong>1429</strong><br />(-27 for losing)
|c|☆Jellium|phew
|c|☆Jellium|gg
|c|☆taylor|gg
