|join|Py9876
|join|dtw
|player|p1|Py9876|1
|player|p2|dtw|1
|gametype|singles
|gen|5
|tier|[Gen 5] OU
|rated
|rule|Evasion Abilities Clause: Evasion abilities are banned
|clearpoke
|poke|p1|Mew
|poke|p1|Tentacruel, M
|poke|p1|Terrakion
|poke|p1|Volcarona, F
|poke|p1|Gyarados, F
|poke|p1|Jolteon, F
|poke|p2|Politoed, M
|poke|p2|Breloom, M
|poke|p2|Ferrothorn, F
|poke|p2|Gyarados, M
|poke|p2|Starmie
|poke|p2|Gengar, M
|rule|Sleep Clause Mod: Limit one foe put to sleep
|rule|Species Clause: Limit one of each Pokemon
|rule|OHKO Clause: OHKO moves are banned
|rule|Moody Clause: Moody is banned
|rule|Evasion Moves Clause: Evasion moves are banned
|rule|Endless Battle Clause: Forcing endless battles is banned.
|rule|HP Percentage Mod: HP is reported as percentages
|teampreview
|
|start
|switch|p1a: Mew|Mew|342/342
|switch|p2a: Breloom|Breloom, M|262/262
|turn|1
|
|move|p1a: Mew|Taunt|p2a: Breloom
|-start|p2a: Breloom|move: Taunt
|cant|p2a: Breloom|move: Taunt|Spore
|
|turn|2
|
|move|p1a: Mew|Stealth Rock|p2a: Breloom
|-sidestart|p2: dtw|move: Stealth Rock
|move|p2a: Breloom|Bullet Seed|p1a: Mew
|-crit|p1a: Mew
|-damage|p1a: Mew|234/342
|-damage|p1a: Mew|182/342
|-damage|p1a: Mew|128/342
|-hitcount|p1a: Mew|3
|
|turn|3
|
|switch|p2a: Ferrothorn|Ferrothorn, F|352/352
|-damage|p2a: Ferrothorn|330/352|[from] Stealth Rock
|move|p1a: Mew|Psychic|p2a: Ferrothorn
|-crit|p2a: Ferrothorn
|-resisted|p2a: Ferrothorn
|-damage|p2a: Ferrothorn|232/352
|-unboost|p2a: Ferrothorn|spd|1
|
|turn|4
|
|move|p1a: Mew|Taunt|p2a: Ferrothorn
|-start|p2a: Ferrothorn|move: Taunt
|move|p2a: Ferrothorn|Gyro Ball|p1a: Mew
|-damage|p1a: Mew|0 fnt
|faint|p1a: Mew
|
|
|switch|p1a: Volcarona|Volcarona, F|312/312
|turn|5
|
|move|p1a: Volcarona|Fiery Dance|p2a: Ferrothorn
|-supereffective|p2a: Ferrothorn
|-damage|p2a: Ferrothorn|0 fnt
|-boost|p1a: Volcarona|spa|1
|faint|p2a: Ferrothorn
|
|
|switch|p2a: Gyarados|Gyarados, M|352/352
|-damage|p2a: Gyarados|264/352|[from] Stealth Rock
|-ability|p2a: Gyarados|Intimidate|[of] p1a: Volcarona
|-unboost|p1a: Volcarona|atk|1
|turn|6
|
|move|p1a: Volcarona|Fiery Dance|p2a: Gyarados
|-crit|p2a: Gyarados
|-resisted|p2a: Gyarados
|-damage|p2a: Gyarados|48/352
|move|p2a: Gyarados|Dragon Dance|p2a: Gyarados
|-boost|p2a: Gyarados|atk|1
|-boost|p2a: Gyarados|spe|1
|
|-heal|p2a: Gyarados|70/352|[from] item: Leftovers
|turn|7
|
|move|p2a: Gyarados|Waterfall|p1a: Volcarona
|-supereffective|p1a: Volcarona
|-damage|p1a: Volcarona|0 fnt
|faint|p1a: Volcarona
|
|-heal|p2a: Gyarados|92/352|[from] item: Leftovers
|
|switch|p1a: Jolteon|Jolteon, F|272/272
|turn|8
|
|move|p2a: Gyarados|Waterfall|p1a: Jolteon
|-damage|p1a: Jolteon|0 fnt
|faint|p1a: Jolteon
|
|-heal|p2a: Gyarados|114/352|[from] item: Leftovers
|
|switch|p1a: Tentacruel|Tentacruel, M|364/364
|turn|9
|
|move|p2a: Gyarados|Taunt|p1a: Tentacruel
|-start|p1a: Tentacruel|move: Taunt
|move|p1a: Tentacruel|Acid Spray|p2a: Gyarados
|-damage|p2a: Gyarados|75/352
|-unboost|p2a: Gyarados|spd|2
|
|-heal|p2a: Gyarados|97/352|[from] item: Leftovers
|turn|10
|
|move|p2a: Gyarados|Bounce|p1a: Tentacruel|[still]
|-prepare|p2a: Gyarados|Bounce|p1a: Tentacruel
|move|p1a: Tentacruel|Scald|p2a: Gyarados|[miss]
|-miss|p1a: Tentacruel|p2a: Gyarados
|
|-heal|p2a: Gyarados|119/352|[from] item: Leftovers
|turn|11
|
|move|p2a: Gyarados|Bounce|p1a: Tentacruel
|-damage|p1a: Tentacruel|157/364
|move|p1a: Tentacruel|Scald|p2a: Gyarados
|-resisted|p2a: Gyarados
|-damage|p2a: Gyarados|44/352
|
|-heal|p2a: Gyarados|66/352|[from] item: Leftovers
|-heal|p1a: Tentacruel|179/364|[from] item: Black Sludge
|-end|p1a: Tentacruel|move: Taunt
|turn|12
|
|move|p2a: Gyarados|Bounce|p1a: Tentacruel|[still]
|-prepare|p2a: Gyarados|Bounce|p1a: Tentacruel
|move|p1a: Tentacruel|Scald|p2a: Gyarados|[miss]
|-miss|p1a: Tentacruel|p2a: Gyarados
|
|-heal|p2a: Gyarados|88/352|[from] item: Leftovers
|-heal|p1a: Tentacruel|201/364|[from] item: Black Sludge
|turn|13
|
|move|p2a: Gyarados|Bounce|p1a: Tentacruel
|-damage|p1a: Tentacruel|3/364
|move|p1a: Tentacruel|Acid Spray|p2a: Gyarados
|-damage|p2a: Gyarados|9/352
|-unboost|p2a: Gyarados|spd|2
|
|-heal|p2a: Gyarados|31/352|[from] item: Leftovers
|-heal|p1a: Tentacruel|25/364|[from] item: Black Sludge
|turn|14
|
|move|p2a: Gyarados|Waterfall|p1a: Tentacruel
|-resisted|p1a: Tentacruel
|-damage|p1a: Tentacruel|0 fnt
|faint|p1a: Tentacruel
|
|-heal|p2a: Gyarados|53/352|[from] item: Leftovers
|
|switch|p1a: Gyarados|Gyarados, F|394/394
|turn|15
|
|move|p2a: Gyarados|Taunt|p1a: Gyarados
|-start|p1a: Gyarados|move: Taunt
|move|p1a: Gyarados|Bounce|p2a: Gyarados|[still]
|-prepare|p1a: Gyarados|Bounce|p2a: Gyarados
|
|-heal|p2a: Gyarados|75/352|[from] item: Leftovers
|turn|16
|
|move|p2a: Gyarados|Bounce|p1a: Gyarados|[still]
|-prepare|p2a: Gyarados|Bounce|p1a: Gyarados
|move|p1a: Gyarados|Bounce|p2a: Gyarados|[miss]
|-miss|p1a: Gyarados|p2a: Gyarados
|
|-heal|p2a: Gyarados|97/352|[from] item: Leftovers
|turn|17
|
|move|p2a: Gyarados|Bounce|p1a: Gyarados
|-damage|p1a: Gyarados|142/394
|-status|p1a: Gyarados|par
|move|p1a: Gyarados|Waterfall|p2a: Gyarados
|-resisted|p2a: Gyarados
|-damage|p2a: Gyarados|9/352
|
|-heal|p2a: Gyarados|31/352|[from] item: Leftovers
|-heal|p1a: Gyarados|166/394 par|[from] item: Leftovers
|-end|p1a: Gyarados|move: Taunt
|turn|18
|-message|Py9876 forfeited.
|
|win|dtw
|raw|Ladder updating...
|leave|Py9876
|player|p1
|raw|Py9876's rating: 1396 &rarr; <strong>1374</strong><br />(-22 for losing)
|raw|dtw's rating: 1360 &rarr; <strong>1382</strong><br />(+22 for winning)