|j|‽ayrab money
|j|☆nb41st
|t:|1717818191
|gametype|singles
|player|p1|ayrab money|brock|1450
|player|p2|nb41st|266|1638
|teamsize|p1|6
|teamsize|p2|6
|gen|5
|tier|[Gen 5] OU
|rated|
|rule|Species Clause: Limit one of each Pokémon
|rule|OHKO Clause: OHKO moves are banned
|rule|Moody Clause: Moody is banned
|rule|Evasion Items Clause: Evasion items are banned
|rule|Evasion Moves Clause: Evasion moves are banned
|rule|Endless Battle Clause: Forcing endless battles is banned
|rule|HP Percentage Mod: HP is shown in percentages
|rule|Evasion Abilities Clause: Evasion abilities are banned
|rule|Sleep Moves Clause: Sleep-inducing moves are banned
|rule|Swagger Clause: Swagger is banned
|rule|Baton Pass Stat Clause: No Baton Passer may have a way to boost its stats
|clearpoke
|poke|p1|Politoed, F|item
|poke|p1|Tornadus, M|item
|poke|p1|Ferrothorn, M|item
|poke|p1|Tentacruel, M|item
|poke|p1|Mamoswine, M|item
|poke|p1|Keldeo|item
|poke|p2|Tyranitar, M|item
|poke|p2|Latias, F|item
|poke|p2|Excadrill, F|item
|poke|p2|Alakazam, F|item
|poke|p2|Rotom-Wash|item
|poke|p2|Landorus-Therian, M|item
|teampreview
|
|t:|1717818214
|start
|switch|p1a: Keldeo|Keldeo|100/100
|switch|p2a: Rotom|Rotom-Wash|100/100
|turn|1
|
|t:|1717818224
|move|p1a: Keldeo|Substitute|p1a: Keldeo
|-start|p1a: Keldeo|Substitute
|-damage|p1a: Keldeo|76/100
|move|p2a: Rotom|Will-O-Wisp||[still]
|-fail|p2a: Rotom
|
|-heal|p1a: Keldeo|82/100|[from] item: Leftovers
|upkeep
|turn|2
|
|t:|1717818233
|switch|p2a: Alakazam|Alakazam, F|100/100
|move|p1a: Keldeo|Scald|p2a: Alakazam
|-damage|p2a: Alakazam|37/100
|
|-heal|p1a: Keldeo|88/100|[from] item: Leftovers
|upkeep
|turn|3
|
|t:|1717818239
|switch|p2a: Rotom|Rotom-Wash|100/100
|move|p1a: Keldeo|Scald|p2a: Rotom
|-resisted|p2a: Rotom
|-damage|p2a: Rotom|85/100
|
|-heal|p1a: Keldeo|94/100|[from] item: Leftovers
|-heal|p2a: Rotom|91/100|[from] item: Leftovers
|upkeep
|turn|4
|
|t:|1717818246
|move|p1a: Keldeo|Calm Mind|p1a: Keldeo
|-boost|p1a: Keldeo|spa|1
|-boost|p1a: Keldeo|spd|1
|move|p2a: Rotom|Volt Switch|p1a: Keldeo
|-supereffective|p1a: Keldeo
|-end|p1a: Keldeo|Substitute
|
|t:|1717818249
|switch|p2a: Alakazam|Alakazam, F|37/100|[from] Volt Switch
|
|-heal|p1a: Keldeo|100/100|[from] item: Leftovers
|upkeep
|turn|5
|
|t:|1717818253
|switch|p1a: Mamoswine|Mamoswine, M|100/100
|move|p2a: Alakazam|Encore||[still]
|-fail|p2a: Alakazam
|
|upkeep
|turn|6
|
|t:|1717818258
|switch|p2a: Rotom|Rotom-Wash|91/100
|move|p1a: Mamoswine|Superpower|p2a: Rotom
|-damage|p2a: Rotom|20/100
|-unboost|p1a: Mamoswine|atk|1
|-unboost|p1a: Mamoswine|def|1
|
|-heal|p2a: Rotom|26/100|[from] item: Leftovers
|upkeep
|turn|7
|
|t:|1717818263
|switch|p1a: Keldeo|Keldeo|100/100
|switch|p2a: Landorus|Landorus-Therian, M|100/100
|-ability|p2a: Landorus|Intimidate|boost
|-unboost|p1a: Keldeo|atk|1
|
|upkeep
|turn|8
|
|t:|1717818268
|move|p1a: Keldeo|Scald|p2a: Landorus
|-supereffective|p2a: Landorus
|-damage|p2a: Landorus|6/100
|move|p2a: Landorus|Earthquake|p1a: Keldeo
|-crit|p1a: Keldeo
|-damage|p1a: Keldeo|0 fnt
|faint|p1a: Keldeo
|
|-heal|p2a: Landorus|12/100|[from] item: Leftovers
|upkeep
|
|t:|1717818296
|switch|p1a: Politoed|Politoed, F|100/100
|-weather|RainDance|[from] ability: Drizzle|[of] p1a: Politoed
|turn|9
|
|t:|1717818303
|switch|p2a: Tyranitar|Tyranitar, M|100/100
|-weather|Sandstorm|[from] ability: Sand Stream|[of] p2a: Tyranitar
|move|p1a: Politoed|Scald|p2a: Tyranitar
|-supereffective|p2a: Tyranitar
|-damage|p2a: Tyranitar|69/100
|
|-weather|Sandstorm|[upkeep]
|-damage|p1a: Politoed|94/100|[from] Sandstorm
|upkeep
|turn|10
|
|t:|1717818313
|move|p1a: Politoed|Scald|p2a: Tyranitar
|-supereffective|p2a: Tyranitar
|-damage|p2a: Tyranitar|36/100
|move|p2a: Tyranitar|Stealth Rock|p1a: Politoed
|-sidestart|p1: ayrab money|move: Stealth Rock
|
|-weather|Sandstorm|[upkeep]
|-damage|p1a: Politoed|88/100|[from] Sandstorm
|upkeep
|turn|11
|
|t:|1717818317
|switch|p2a: Latias|Latias, F|100/100
|move|p1a: Politoed|Scald|p2a: Latias
|-resisted|p2a: Latias
|-damage|p2a: Latias|89/100
|
|-weather|Sandstorm|[upkeep]
|-damage|p1a: Politoed|82/100|[from] Sandstorm
|-damage|p2a: Latias|83/100|[from] Sandstorm
|upkeep
|turn|12
|
|t:|1717818322
|switch|p1a: Ferrothorn|Ferrothorn, M|100/100
|-damage|p1a: Ferrothorn|94/100|[from] Stealth Rock
|switch|p2a: Excadrill|Excadrill, F|100/100
|
|-weather|Sandstorm|[upkeep]
|upkeep
|turn|13
|
|t:|1717818332
|move|p2a: Excadrill|Substitute|p2a: Excadrill
|-start|p2a: Excadrill|Substitute
|-damage|p2a: Excadrill|76/100
|move|p1a: Ferrothorn|Stealth Rock|p2a: Excadrill
|-sidestart|p2: nb41st|move: Stealth Rock
|
|-weather|Sandstorm|[upkeep]
|-heal|p2a: Excadrill|82/100|[from] item: Leftovers
|upkeep
|turn|14
|
|t:|1717818338
|move|p2a: Excadrill|Earthquake|p1a: Ferrothorn
|-damage|p1a: Ferrothorn|40/100
|move|p1a: Ferrothorn|Power Whip|p2a: Excadrill
|-end|p2a: Excadrill|Substitute
|
|-weather|Sandstorm|[upkeep]
|-heal|p2a: Excadrill|88/100|[from] item: Leftovers
|upkeep
|turn|15
|
|t:|1717818344
|move|p2a: Excadrill|Earthquake|p1a: Ferrothorn
|-damage|p1a: Ferrothorn|0 fnt
|faint|p1a: Ferrothorn
|
|-weather|Sandstorm|[upkeep]
|-heal|p2a: Excadrill|94/100|[from] item: Leftovers
|upkeep
|
|t:|1717818349
|switch|p1a: Tornadus|Tornadus, M|100/100
|-damage|p1a: Tornadus|76/100|[from] Stealth Rock
|turn|16
|
|t:|1717818359
|move|p2a: Excadrill|Protect|p2a: Excadrill
|-singleturn|p2a: Excadrill|Protect
|move|p1a: Tornadus|Tailwind|p1a: Tornadus
|-sidestart|p1: ayrab money|move: Tailwind
|
|-weather|Sandstorm|[upkeep]
|-damage|p1a: Tornadus|70/100|[from] Sandstorm
|-heal|p1a: Tornadus|76/100|[from] item: Leftovers
|-heal|p2a: Excadrill|99/100|[from] item: Leftovers
|upkeep
|turn|17
|
|t:|1717818364
|move|p1a: Tornadus|Superpower|p2a: Excadrill
|-supereffective|p2a: Excadrill
|-damage|p2a: Excadrill|19/100
|-unboost|p1a: Tornadus|atk|1
|-unboost|p1a: Tornadus|def|1
|move|p2a: Excadrill|Iron Head|p1a: Tornadus
|-damage|p1a: Tornadus|0 fnt
|faint|p1a: Tornadus
|
|-weather|Sandstorm|[upkeep]
|-heal|p2a: Excadrill|25/100|[from] item: Leftovers
|upkeep
|
|t:|1717818398
|switch|p1a: Politoed|Politoed, F|82/100
|-damage|p1a: Politoed|69/100|[from] Stealth Rock
|-weather|RainDance|[from] ability: Drizzle|[of] p1a: Politoed
|turn|18
|
|t:|1717818402
|move|p2a: Excadrill|Protect|p2a: Excadrill
|-singleturn|p2a: Excadrill|Protect
|move|p1a: Politoed|Scald|p2a: Excadrill
|-activate|p2a: Excadrill|move: Protect
|
|-weather|RainDance|[upkeep]
|-heal|p2a: Excadrill|31/100|[from] item: Leftovers
|upkeep
|turn|19
|
|t:|1717818410
|switch|p2a: Landorus|Landorus-Therian, M|12/100
|-damage|p2a: Landorus|0 fnt|[from] Stealth Rock
|faint|p2a: Landorus
|move|p1a: Politoed|Scald|p2: Landorus|[notarget]
|-fail|p1a: Politoed
|
|-weather|RainDance|[upkeep]
|-sideend|p1: ayrab money|move: Tailwind
|upkeep
|
|t:|1717818426
|switch|p2a: Latias|Latias, F|83/100
|-damage|p2a: Latias|70/100|[from] Stealth Rock
|turn|20
|
|t:|1717818430
|move|p1a: Politoed|Scald|p2a: Latias
|-resisted|p2a: Latias
|-damage|p2a: Latias|50/100
|move|p2a: Latias|Thunder Wave|p1a: Politoed
|-status|p1a: Politoed|par
|
|-weather|RainDance|[upkeep]
|upkeep
|turn|21
|
|t:|1717818434
|move|p2a: Latias|Recover|p2a: Latias
|-heal|p2a: Latias|100/100
|move|p1a: Politoed|Scald|p2a: Latias
|-resisted|p2a: Latias
|-damage|p2a: Latias|81/100
|-status|p2a: Latias|brn
|
|-weather|RainDance|[upkeep]
|-damage|p2a: Latias|69/100 brn|[from] brn
|upkeep
|turn|22
|
|t:|1717818438
|move|p2a: Latias|Recover|p2a: Latias
|-heal|p2a: Latias|100/100 brn
|move|p1a: Politoed|Scald|p2a: Latias
|-resisted|p2a: Latias
|-damage|p2a: Latias|81/100 brn
|
|-weather|RainDance|[upkeep]
|-damage|p2a: Latias|68/100 brn|[from] brn
|upkeep
|turn|23
|
|t:|1717818441
|move|p2a: Latias|Recover|p2a: Latias
|-heal|p2a: Latias|100/100 brn
|cant|p1a: Politoed|par
|
|-weather|RainDance|[upkeep]
|-damage|p2a: Latias|88/100 brn|[from] brn
|upkeep
|turn|24
|
|t:|1717818445
|switch|p2a: Tyranitar|Tyranitar, M|36/100
|-damage|p2a: Tyranitar|23/100|[from] Stealth Rock
|-weather|Sandstorm|[from] ability: Sand Stream|[of] p2a: Tyranitar
|move|p1a: Politoed|Scald|p2a: Tyranitar
|-supereffective|p2a: Tyranitar
|-damage|p2a: Tyranitar|0 fnt
|faint|p2a: Tyranitar
|
|-weather|Sandstorm|[upkeep]
|-damage|p1a: Politoed|63/100 par|[from] Sandstorm
|upkeep
|
|t:|1717818448
|switch|p2a: Excadrill|Excadrill, F|31/100
|-damage|p2a: Excadrill|28/100|[from] Stealth Rock
|turn|25
|
|t:|1717818451
|move|p2a: Excadrill|Substitute|p2a: Excadrill
|-start|p2a: Excadrill|Substitute
|-damage|p2a: Excadrill|3/100
|move|p1a: Politoed|Scald|p2a: Excadrill
|-supereffective|p2a: Excadrill
|-end|p2a: Excadrill|Substitute
|
|-weather|Sandstorm|[upkeep]
|-damage|p1a: Politoed|57/100 par|[from] Sandstorm
|-heal|p2a: Excadrill|9/100|[from] item: Leftovers
|upkeep
|turn|26
|
|t:|1717818457
|move|p2a: Excadrill|Earthquake|p1a: Politoed
|-damage|p1a: Politoed|0 fnt
|faint|p1a: Politoed
|
|-weather|Sandstorm|[upkeep]
|-heal|p2a: Excadrill|15/100|[from] item: Leftovers
|upkeep
|
|t:|1717818459
|switch|p1a: Mamoswine|Mamoswine, M|100/100
|-damage|p1a: Mamoswine|88/100|[from] Stealth Rock
|turn|27
|
|t:|1717818465
|move|p2a: Excadrill|Protect|p2a: Excadrill
|-singleturn|p2a: Excadrill|Protect
|move|p1a: Mamoswine|Ice Shard|p2a: Excadrill
|-activate|p2a: Excadrill|move: Protect
|
|-weather|Sandstorm|[upkeep]
|-heal|p2a: Excadrill|21/100|[from] item: Leftovers
|upkeep
|turn|28
|
|t:|1717818475
|move|p2a: Excadrill|Protect||[still]
|-fail|p2a: Excadrill
|move|p1a: Mamoswine|Ice Shard|p2a: Excadrill
|-damage|p2a: Excadrill|0 fnt
|faint|p2a: Excadrill
|
|-weather|Sandstorm|[upkeep]
|upkeep
|
|t:|1717818482
|switch|p2a: Rotom|Rotom-Wash|26/100
|-damage|p2a: Rotom|13/100|[from] Stealth Rock
|turn|29
|
|t:|1717818485
|move|p1a: Mamoswine|Ice Shard|p2a: Rotom
|-resisted|p2a: Rotom
|-damage|p2a: Rotom|0 fnt
|faint|p2a: Rotom
|
|-weather|Sandstorm|[upkeep]
|upkeep
|
|t:|1717818487
|switch|p2a: Latias|Latias, F|88/100 brn
|-damage|p2a: Latias|76/100 brn|[from] Stealth Rock
|turn|30
|
|t:|1717818491
|move|p1a: Mamoswine|Ice Shard|p2a: Latias
|-supereffective|p2a: Latias
|-damage|p2a: Latias|4/100 brn
|move|p2a: Latias|Recover|p2a: Latias
|-heal|p2a: Latias|54/100 brn
|
|-weather|Sandstorm|[upkeep]
|-damage|p2a: Latias|48/100 brn|[from] Sandstorm
|-damage|p2a: Latias|36/100 brn|[from] brn
|upkeep
|turn|31
|
|t:|1717818494
|move|p1a: Mamoswine|Ice Shard|p2a: Latias
|-supereffective|p2a: Latias
|-damage|p2a: Latias|0 fnt
|faint|p2a: Latias
|
|-weather|Sandstorm|[upkeep]
|upkeep
|
|t:|1717818497
|switch|p2a: Alakazam|Alakazam, F|37/100
|turn|32
|
|t:|1717818499
|move|p1a: Mamoswine|Ice Shard|p2a: Alakazam
|-damage|p2a: Alakazam|0 fnt
|faint|p2a: Alakazam
|
|win|ayrab money
|raw|ayrab money's rating: 1450 &rarr; <strong>1480</strong><br />(+30 for winning)
|raw|nb41st's rating: 1638 &rarr; <strong>1608</strong><br />(-30 for losing)
|l|☆nb41st
|player|p2|
