|j|☆mcribs
|j|☆firelit nights
|t:|1723169990
|gametype|singles
|player|p1|mcribs|brycenman|1330
|player|p2|firelit nights|169|1394
|teamsize|p1|6
|teamsize|p2|6
|gen|5
|tier|[Gen 5] OU
|rated|
|rule|Species Clause: Limit one of each Pokémon
|rule|OHKO Clause: OHKO moves are banned
|rule|Moody Clause: Moody is banned
|rule|Evasion Items Clause: Evasion items are banned
|rule|Evasion Moves Clause: Evasion moves are banned
|rule|Endless Battle Clause: Forcing endless battles is banned
|rule|HP Percentage Mod: HP is shown in percentages
|rule|Evasion Abilities Clause: Evasion abilities are banned
|rule|Sleep Moves Clause: Sleep-inducing moves are banned
|rule|Swagger Clause: Swagger is banned
|rule|Baton Pass Stat Clause: No Baton Passer may have a way to boost its stats
|clearpoke
|poke|p1|Ferrothorn, M|item
|poke|p1|Heatran, M|item
|poke|p1|Jellicent, M|item
|poke|p1|Gliscor, F|item
|poke|p1|Tyranitar, F|item
|poke|p1|Reuniclus, F|item
|poke|p2|Tyranitar, M|item
|poke|p2|Ferrothorn, M|item
|poke|p2|Landorus-Therian, M|item
|poke|p2|Starmie|item
|poke|p2|Latios, M|item
|poke|p2|Garchomp, M|item
|teampreview
|c|☆firelit nights|Gl hf
|
|t:|1723170000
|start
|switch|p1a: Jellicent|Jellicent, M|100/100
|switch|p2a: Ferrothorn|Ferrothorn, M|100/100
|turn|1
|
|t:|1723170002
|move|p1a: Jellicent|Will-O-Wisp|p2a: Ferrothorn
|-status|p2a: Ferrothorn|brn
|-enditem|p2a: Ferrothorn|Lum Berry|[eat]
|-curestatus|p2a: Ferrothorn|brn|[msg]
|move|p2a: Ferrothorn|Power Whip|p1a: Jellicent
|-supereffective|p1a: Jellicent
|-damage|p1a: Jellicent|23/100
|
|-heal|p1a: Jellicent|29/100|[from] item: Leftovers
|upkeep
|turn|2
|
|t:|1723170007
|move|p1a: Jellicent|Recover|p1a: Jellicent
|-heal|p1a: Jellicent|79/100
|move|p2a: Ferrothorn|Power Whip|p1a: Jellicent
|-supereffective|p1a: Jellicent
|-damage|p1a: Jellicent|2/100
|
|-heal|p1a: Jellicent|9/100|[from] item: Leftovers
|upkeep
|turn|3
|
|t:|1723170009
|switch|p1a: Heatran|Heatran, M|100/100
|move|p2a: Ferrothorn|Power Whip|p1a: Heatran|[miss]
|-miss|p2a: Ferrothorn|p1a: Heatran
|
|upkeep
|turn|4
|
|t:|1723170027
|switch|p2a: Latios|Latios, M|100/100
|move|p1a: Heatran|Lava Plume|p2a: Latios
|-resisted|p2a: Latios
|-damage|p2a: Latios|83/100
|
|upkeep
|turn|5
|
|t:|1723170031
|move|p2a: Latios|Calm Mind|p2a: Latios
|-boost|p2a: Latios|spa|1
|-boost|p2a: Latios|spd|1
|move|p1a: Heatran|Toxic|p2a: Latios
|-status|p2a: Latios|tox
|-enditem|p2a: Latios|Lum Berry|[eat]
|-curestatus|p2a: Latios|tox|[msg]
|
|upkeep
|turn|6
|
|t:|1723170042
|switch|p1a: Jellicent|Jellicent, M|9/100
|move|p2a: Latios|Surf|p1a: Jellicent
|-heal|p1a: Jellicent|34/100|[from] ability: Water Absorb|[of] p2a: Latios
|
|-heal|p1a: Jellicent|40/100|[from] item: Leftovers
|upkeep
|turn|7
|
|t:|1723170048
|move|p2a: Latios|Hidden Power|p1a: Jellicent
|-resisted|p1a: Jellicent
|-damage|p1a: Jellicent|24/100
|move|p1a: Jellicent|Recover|p1a: Jellicent
|-heal|p1a: Jellicent|74/100
|
|-heal|p1a: Jellicent|80/100|[from] item: Leftovers
|upkeep
|turn|8
|
|t:|1723170050
|move|p2a: Latios|Draco Meteor|p1a: Jellicent
|-damage|p1a: Jellicent|0 fnt
|-unboost|p2a: Latios|spa|2
|faint|p1a: Jellicent
|
|upkeep
|
|t:|1723170053
|switch|p1a: Tyranitar|Tyranitar, F|100/100
|-weather|Sandstorm|[from] ability: Sand Stream|[of] p1a: Tyranitar
|turn|9
|
|t:|1723170058
|move|p2a: Latios|Surf|p1a: Tyranitar
|-supereffective|p1a: Tyranitar
|-damage|p1a: Tyranitar|80/100
|move|p1a: Tyranitar|Pursuit|p2a: Latios
|-supereffective|p2a: Latios
|-damage|p2a: Latios|25/100
|
|-weather|Sandstorm|[upkeep]
|-damage|p2a: Latios|19/100|[from] Sandstorm
|upkeep
|turn|10
|
|t:|1723170062
|move|p2a: Latios|Surf|p1a: Tyranitar
|-supereffective|p1a: Tyranitar
|-damage|p1a: Tyranitar|57/100
|move|p1a: Tyranitar|Pursuit|p2a: Latios
|-supereffective|p2a: Latios
|-damage|p2a: Latios|0 fnt
|faint|p2a: Latios
|
|-weather|Sandstorm|[upkeep]
|upkeep
|
|t:|1723170067
|switch|p2a: Ferrothorn|Ferrothorn, M|100/100
|turn|11
|
|t:|1723170071
|move|p1a: Tyranitar|Superpower|p2a: Ferrothorn
|-supereffective|p2a: Ferrothorn
|-damage|p2a: Ferrothorn|39/100
|-unboost|p1a: Tyranitar|atk|1
|-unboost|p1a: Tyranitar|def|1
|-damage|p1a: Tyranitar|45/100|[from] ability: Iron Barbs|[of] p2a: Ferrothorn
|move|p2a: Ferrothorn|Stealth Rock|p1a: Tyranitar
|-sidestart|p1: mcribs|move: Stealth Rock
|
|-weather|Sandstorm|[upkeep]
|upkeep
|turn|12
|
|t:|1723170076
|switch|p1a: Heatran|Heatran, M|100/100
|-damage|p1a: Heatran|88/100|[from] Stealth Rock
|move|p2a: Ferrothorn|Spikes|p1a: Heatran
|-sidestart|p1: mcribs|Spikes
|
|-weather|Sandstorm|[upkeep]
|-heal|p1a: Heatran|94/100|[from] item: Leftovers
|upkeep
|turn|13
|
|t:|1723170079
|switch|p2a: Starmie|Starmie|100/100
|-item|p2a: Starmie|Air Balloon
|move|p1a: Heatran|Lava Plume|p2a: Starmie
|-resisted|p2a: Starmie
|-crit|p2a: Starmie
|-damage|p2a: Starmie|53/100
|-enditem|p2a: Starmie|Air Balloon
|
|-weather|Sandstorm|[upkeep]
|-damage|p2a: Starmie|46/100|[from] Sandstorm
|-heal|p1a: Heatran|100/100|[from] item: Leftovers
|upkeep
|turn|14
|
|t:|1723170084
|move|p2a: Starmie|Hydro Pump|p1a: Heatran
|-supereffective|p1a: Heatran
|-damage|p1a: Heatran|41/100
|move|p1a: Heatran|Toxic|p2a: Starmie|[miss]
|-miss|p1a: Heatran|p2a: Starmie
|
|-weather|Sandstorm|[upkeep]
|-damage|p2a: Starmie|40/100|[from] Sandstorm
|-heal|p1a: Heatran|47/100|[from] item: Leftovers
|upkeep
|turn|15
|
|t:|1723170088
|move|p1a: Heatran|Protect|p1a: Heatran
|-singleturn|p1a: Heatran|Protect
|move|p2a: Starmie|Hydro Pump|p1a: Heatran
|-activate|p1a: Heatran|move: Protect
|
|-weather|Sandstorm|[upkeep]
|-damage|p2a: Starmie|34/100|[from] Sandstorm
|-heal|p1a: Heatran|53/100|[from] item: Leftovers
|upkeep
|turn|16
|
|t:|1723170091
|switch|p1a: Ferrothorn|Ferrothorn, M|100/100
|-damage|p1a: Ferrothorn|94/100|[from] Stealth Rock
|-damage|p1a: Ferrothorn|82/100|[from] Spikes
|move|p2a: Starmie|Hydro Pump|p1a: Ferrothorn
|-resisted|p1a: Ferrothorn
|-damage|p1a: Ferrothorn|58/100
|
|-weather|Sandstorm|[upkeep]
|-damage|p2a: Starmie|28/100|[from] Sandstorm
|-heal|p1a: Ferrothorn|65/100|[from] item: Leftovers
|upkeep
|turn|17
|
|t:|1723170095
|move|p2a: Starmie|Hidden Power|p1a: Ferrothorn
|-supereffective|p1a: Ferrothorn
|-crit|p1a: Ferrothorn
|-damage|p1a: Ferrothorn|0 fnt
|faint|p1a: Ferrothorn
|
|-weather|Sandstorm|[upkeep]
|-damage|p2a: Starmie|22/100|[from] Sandstorm
|upkeep
|
|t:|1723170099
|switch|p1a: Reuniclus|Reuniclus, F|100/100
|turn|18
|
|t:|1723170103
|switch|p2a: Tyranitar|Tyranitar, M|100/100
|move|p1a: Reuniclus|Calm Mind|p1a: Reuniclus
|-boost|p1a: Reuniclus|spa|1
|-boost|p1a: Reuniclus|spd|1
|
|-weather|Sandstorm|[upkeep]
|upkeep
|turn|19
|
|t:|1723170108
|switch|p1a: Gliscor|Gliscor, F|100/100
|-damage|p1a: Gliscor|88/100|[from] Stealth Rock
|move|p2a: Tyranitar|Crunch|p1a: Gliscor
|-damage|p1a: Gliscor|61/100
|-unboost|p1a: Gliscor|def|1
|
|-weather|Sandstorm|[upkeep]
|-status|p1a: Gliscor|tox|[from] item: Toxic Orb
|upkeep
|turn|20
|
|t:|1723170111
|move|p1a: Gliscor|Earthquake|p2a: Tyranitar
|-supereffective|p2a: Tyranitar
|-damage|p2a: Tyranitar|46/100
|move|p2a: Tyranitar|Ice Beam|p1a: Gliscor
|-supereffective|p1a: Gliscor
|-crit|p1a: Gliscor
|-damage|p1a: Gliscor|0 fnt
|faint|p1a: Gliscor
|
|-weather|Sandstorm|[upkeep]
|upkeep
|
|t:|1723170116
|switch|p1a: Tyranitar|Tyranitar, F|45/100
|-damage|p1a: Tyranitar|33/100|[from] Stealth Rock
|-damage|p1a: Tyranitar|20/100|[from] Spikes
|turn|21
|
|t:|1723170124
|switch|p2a: Ferrothorn|Ferrothorn, M|39/100
|move|p1a: Tyranitar|Superpower|p2a: Ferrothorn
|-supereffective|p2a: Ferrothorn
|-damage|p2a: Ferrothorn|0 fnt
|-unboost|p1a: Tyranitar|atk|1
|-unboost|p1a: Tyranitar|def|1
|-damage|p1a: Tyranitar|8/100|[from] ability: Iron Barbs|[of] p2a: Ferrothorn
|faint|p2a: Ferrothorn
|
|-weather|Sandstorm|[upkeep]
|upkeep
|
|t:|1723170131
|switch|p2a: Landorus|Landorus-Therian, M|100/100
|-ability|p2a: Landorus|Intimidate|boost
|-unboost|p1a: Tyranitar|atk|1
|turn|22
|
|t:|1723170133
|move|p2a: Landorus|Swords Dance|p2a: Landorus
|-boost|p2a: Landorus|atk|2
|move|p1a: Tyranitar|Crunch|p2a: Landorus
|-damage|p2a: Landorus|78/100
|-unboost|p2a: Landorus|def|1
|
|-weather|Sandstorm|[upkeep]
|upkeep
|turn|23
|
|t:|1723170138
|move|p2a: Landorus|Earthquake|p1a: Tyranitar
|-supereffective|p1a: Tyranitar
|-damage|p1a: Tyranitar|0 fnt
|faint|p1a: Tyranitar
|
|-weather|Sandstorm|[upkeep]
|upkeep
|
|t:|1723170140
|switch|p1a: Reuniclus|Reuniclus, F|100/100
|turn|24
|
|t:|1723170143
|move|p2a: Landorus|Earthquake|p1a: Reuniclus
|-damage|p1a: Reuniclus|19/100
|move|p1a: Reuniclus|Hidden Power|p2a: Landorus
|-supereffective|p2a: Landorus
|-enditem|p2a: Landorus|Yache Berry|[eat]
|-enditem|p2a: Landorus|Yache Berry|[weaken]
|-damage|p2a: Landorus|24/100
|
|-weather|Sandstorm|[upkeep]
|-heal|p1a: Reuniclus|25/100|[from] item: Leftovers
|upkeep
|turn|25
|
|t:|1723170146
|move|p2a: Landorus|Earthquake|p1a: Reuniclus
|-damage|p1a: Reuniclus|0 fnt
|faint|p1a: Reuniclus
|
|-weather|Sandstorm|[upkeep]
|upkeep
|
|t:|1723170147
|switch|p1a: Heatran|Heatran, M|53/100
|-damage|p1a: Heatran|41/100|[from] Stealth Rock
|-damage|p1a: Heatran|28/100|[from] Spikes
|turn|26
|
|t:|1723170148
|move|p2a: Landorus|Earthquake|p1a: Heatran
|-supereffective|p1a: Heatran
|-damage|p1a: Heatran|0 fnt
|faint|p1a: Heatran
|
|win|firelit nights
|raw|mcribs's rating: 1330 &rarr; <strong>1314</strong><br />(-16 for losing)
|raw|firelit nights's rating: 1394 &rarr; <strong>1410</strong><br />(+16 for winning)
|c|☆mcribs|gg
|l|☆mcribs
|player|p1|
|c|☆firelit nights|Gg
|l|☆firelit nights
|player|p2|
|j|☆firelit nights
|player|p2|firelit nights|169|
