|j|‽WeR#4Hay!
|j|☆Planetanksubmarine
|t:|1741639367
|gametype|singles
|player|p1|WeR#4Hay!|1|1483
|player|p2|Planetanksubmarine|#scl4dynamos2|1378
|teamsize|p1|6
|teamsize|p2|6
|gen|5
|tier|[Gen 5] OU
|rated|
|rule|Species Clause: Limit one of each Pokémon
|rule|OHKO Clause: OHKO moves are banned
|rule|Moody Clause: Moody is banned
|rule|Evasion Items Clause: Evasion items are banned
|rule|Evasion Moves Clause: Evasion moves are banned
|rule|Endless Battle Clause: Forcing endless battles is banned
|rule|HP Percentage Mod: HP is shown in percentages
|rule|Evasion Abilities Clause: Evasion abilities are banned
|rule|Sleep Moves Clause: Sleep-inducing moves are banned
|rule|Swagger Clause: Swagger is banned
|rule|Baton Pass Stat Clause: No Baton Passer may have a way to boost its stats
|clearpoke
|poke|p1|Breloom, M|item
|poke|p1|Heatran, M|item
|poke|p1|Rotom-Wash|item
|poke|p1|Jirachi|item
|poke|p1|Latias, F|item
|poke|p1|Landorus-Therian, M|item
|poke|p2|Tyranitar, M|item
|poke|p2|Ferrothorn, M|item
|poke|p2|Gliscor, F|item
|poke|p2|Latios, M|item
|poke|p2|Keldeo|item
|poke|p2|Alakazam, F|item
|teampreview
|
|t:|1741639398
|start
|switch|p1a: Jirachi|Jirachi|100/100
|switch|p2a: Gliscor|Gliscor, F|100/100
|turn|1
|
|t:|1741639412
|move|p2a: Gliscor|Earthquake|p1a: Jirachi
|-supereffective|p1a: Jirachi
|-enditem|p1a: Jirachi|Shuca Berry|[eat]
|-enditem|p1a: Jirachi|Shuca Berry|[weaken]
|-damage|p1a: Jirachi|72/100
|move|p1a: Jirachi|Stealth Rock|p2a: Gliscor
|-sidestart|p2: Planetanksubmarine|move: Stealth Rock
|
|-status|p2a: Gliscor|tox|[from] item: Toxic Orb
|upkeep
|turn|2
|
|t:|1741639447
|switch|p1a: Rotom|Rotom-Wash|100/100
|move|p2a: Gliscor|Swords Dance|p2a: Gliscor
|-boost|p2a: Gliscor|atk|2
|
|upkeep
|turn|3
|
|t:|1741639456
|move|p2a: Gliscor|Protect|p2a: Gliscor
|-singleturn|p2a: Gliscor|Protect
|move|p1a: Rotom|Hydro Pump|p2a: Gliscor
|-activate|p2a: Gliscor|move: Protect
|
|upkeep
|turn|4
|
|t:|1741639469
|switch|p2a: Latios|Latios, M|100/100
|-damage|p2a: Latios|88/100|[from] Stealth Rock
|move|p1a: Rotom|Hydro Pump|p2a: Latios
|-resisted|p2a: Latios
|-damage|p2a: Latios|65/100
|
|upkeep
|turn|5
|
|t:|1741639482
|switch|p1a: Jirachi|Jirachi|72/100
|move|p2a: Latios|Surf|p1a: Jirachi
|-damage|p1a: Jirachi|41/100
|
|upkeep
|turn|6
|
|t:|1741639492
|switch|p2a: Gliscor|Gliscor, F|100/100 tox
|-damage|p2a: Gliscor|88/100 tox|[from] Stealth Rock
|move|p1a: Jirachi|U-turn|p2a: Gliscor
|-resisted|p2a: Gliscor
|-damage|p2a: Gliscor|82/100 tox
|
|t:|1741639522
|switch|p1a: Heatran|Heatran, M|100/100|[from] U-turn
|-item|p1a: Heatran|Air Balloon
|
|-heal|p2a: Gliscor|95/100 tox|[from] ability: Poison Heal
|upkeep
|turn|7
|
|t:|1741639527
|move|p2a: Gliscor|Protect|p2a: Gliscor
|-singleturn|p2a: Gliscor|Protect
|move|p1a: Heatran|Hidden Power|p2a: Gliscor
|-activate|p2a: Gliscor|move: Protect
|
|-heal|p2a: Gliscor|100/100 tox|[from] ability: Poison Heal
|upkeep
|turn|8
|
|t:|1741639529
|switch|p2a: Keldeo|Keldeo|100/100
|-damage|p2a: Keldeo|94/100|[from] Stealth Rock
|move|p1a: Heatran|Hidden Power|p2a: Keldeo
|-resisted|p2a: Keldeo
|-damage|p2a: Keldeo|79/100
|
|-heal|p2a: Keldeo|85/100|[from] item: Leftovers
|upkeep
|turn|9
|
|t:|1741639541
|switch|p1a: Latias|Latias, F|100/100
|move|p2a: Keldeo|Hidden Power|p1a: Latias
|-supereffective|p1a: Latias
|-damage|p1a: Latias|55/100
|
|-heal|p2a: Keldeo|91/100|[from] item: Leftovers
|upkeep
|turn|10
|
|t:|1741639548
|switch|p1a: Breloom|Breloom, M|100/100
|move|p2a: Keldeo|Protect||[still]
|-fail|p2a: Keldeo
|
|-heal|p2a: Keldeo|97/100|[from] item: Leftovers
|upkeep
|turn|11
|
|t:|1741639558
|switch|p2a: Latios|Latios, M|65/100
|-damage|p2a: Latios|53/100|[from] Stealth Rock
|switch|p1a: Rotom|Rotom-Wash|100/100
|
|upkeep
|turn|12
|
|t:|1741639567
|switch|p1a: Jirachi|Jirachi|41/100
|move|p2a: Latios|Draco Meteor|p1a: Jirachi
|-resisted|p1a: Jirachi
|-damage|p1a: Jirachi|6/100
|-unboost|p2a: Latios|spa|2
|
|upkeep
|turn|13
|
|t:|1741639585
|move|p2a: Latios|Draco Meteor|p1a: Jirachi
|-resisted|p1a: Jirachi
|-damage|p1a: Jirachi|0 fnt
|-unboost|p2a: Latios|spa|2
|faint|p1a: Jirachi
|
|upkeep
|
|t:|1741639607
|switch|p1a: Breloom|Breloom, M|100/100
|turn|14
|
|t:|1741639622
|switch|p2a: Gliscor|Gliscor, F|100/100 tox
|-damage|p2a: Gliscor|88/100 tox|[from] Stealth Rock
|move|p1a: Breloom|Bullet Seed|p2a: Gliscor
|-damage|p2a: Gliscor|60/100 tox
|-damage|p2a: Gliscor|36/100 tox
|-hitcount|p2a: Gliscor|2
|
|-heal|p2a: Gliscor|49/100 tox|[from] ability: Poison Heal
|upkeep
|turn|15
|
|t:|1741639642
|move|p2a: Gliscor|Protect|p2a: Gliscor
|-singleturn|p2a: Gliscor|Protect
|move|p1a: Breloom|Bullet Seed|p2a: Gliscor
|-activate|p2a: Gliscor|move: Protect
|
|-heal|p2a: Gliscor|61/100 tox|[from] ability: Poison Heal
|upkeep
|turn|16
|
|t:|1741639643
|switch|p2a: Ferrothorn|Ferrothorn, M|100/100
|-damage|p2a: Ferrothorn|94/100|[from] Stealth Rock
|move|p1a: Breloom|Bullet Seed|p2a: Ferrothorn
|-resisted|p2a: Ferrothorn
|-damage|p2a: Ferrothorn|90/100
|-resisted|p2a: Ferrothorn
|-damage|p2a: Ferrothorn|85/100
|-resisted|p2a: Ferrothorn
|-damage|p2a: Ferrothorn|79/100
|-resisted|p2a: Ferrothorn
|-crit|p2a: Ferrothorn
|-damage|p2a: Ferrothorn|70/100
|-resisted|p2a: Ferrothorn
|-damage|p2a: Ferrothorn|64/100
|-hitcount|p2a: Ferrothorn|5
|
|-heal|p2a: Ferrothorn|71/100|[from] item: Leftovers
|upkeep
|turn|17
|
|t:|1741639651
|switch|p1a: Heatran|Heatran, M|100/100
|-item|p1a: Heatran|Air Balloon
|move|p2a: Ferrothorn|Stealth Rock|p1a: Heatran
|-sidestart|p1: WeR#4Hay!|move: Stealth Rock
|
|-heal|p2a: Ferrothorn|77/100|[from] item: Leftovers
|upkeep
|turn|18
|
|t:|1741639656
|switch|p2a: Keldeo|Keldeo|97/100
|-damage|p2a: Keldeo|91/100|[from] Stealth Rock
|move|p1a: Heatran|Lava Plume|p2a: Keldeo
|-resisted|p2a: Keldeo
|-damage|p2a: Keldeo|64/100
|
|-heal|p2a: Keldeo|70/100|[from] item: Leftovers
|upkeep
|turn|19
|
|t:|1741639666
|switch|p1a: Rotom|Rotom-Wash|100/100
|-damage|p1a: Rotom|88/100|[from] Stealth Rock
|move|p2a: Keldeo|Secret Sword|p1a: Rotom
|-damage|p1a: Rotom|50/100
|
|-heal|p2a: Keldeo|77/100|[from] item: Leftovers
|-heal|p1a: Rotom|56/100|[from] item: Leftovers
|upkeep
|turn|20
|
|t:|1741639677
|move|p2a: Keldeo|Secret Sword|p1a: Rotom
|-damage|p1a: Rotom|24/100
|move|p1a: Rotom|Volt Switch|p2a: Keldeo
|-supereffective|p2a: Keldeo
|-crit|p2a: Keldeo
|-damage|p2a: Keldeo|0 fnt
|faint|p2a: Keldeo
|
|t:|1741639686
|switch|p1a: Landorus|Landorus-Therian, M|100/100|[from] Volt Switch
|-damage|p1a: Landorus|88/100|[from] Stealth Rock
|
|upkeep
|
|t:|1741639692
|switch|p2a: Gliscor|Gliscor, F|61/100 tox
|-damage|p2a: Gliscor|49/100 tox|[from] Stealth Rock
|turn|21
|
|t:|1741639724
|switch|p1a: Heatran|Heatran, M|100/100
|-damage|p1a: Heatran|88/100|[from] Stealth Rock
|-item|p1a: Heatran|Air Balloon
|move|p2a: Gliscor|Protect||[still]
|-fail|p2a: Gliscor
|
|-heal|p2a: Gliscor|61/100 tox|[from] ability: Poison Heal
|upkeep
|turn|22
|
|t:|1741639728
|move|p2a: Gliscor|Protect|p2a: Gliscor
|-singleturn|p2a: Gliscor|Protect
|move|p1a: Heatran|Hidden Power|p2a: Gliscor
|-activate|p2a: Gliscor|move: Protect
|
|-heal|p2a: Gliscor|74/100 tox|[from] ability: Poison Heal
|upkeep
|turn|23
|
|t:|1741639738
|switch|p2a: Tyranitar|Tyranitar, M|100/100
|-damage|p2a: Tyranitar|88/100|[from] Stealth Rock
|-weather|Sandstorm|[from] ability: Sand Stream|[of] p2a: Tyranitar
|move|p1a: Heatran|Hidden Power|p2a: Tyranitar
|-damage|p2a: Tyranitar|71/100
|
|-weather|Sandstorm|[upkeep]
|upkeep
|turn|24
|
|t:|1741639750
|switch|p1a: Breloom|Breloom, M|100/100
|-damage|p1a: Breloom|94/100|[from] Stealth Rock
|move|p2a: Tyranitar|Superpower|p1a: Breloom
|-damage|p1a: Breloom|22/100
|-unboost|p2a: Tyranitar|atk|1
|-unboost|p2a: Tyranitar|def|1
|
|-weather|Sandstorm|[upkeep]
|-damage|p1a: Breloom|16/100|[from] Sandstorm
|upkeep
|turn|25
|
|t:|1741639775
|switch|p1a: Landorus|Landorus-Therian, M|88/100
|-damage|p1a: Landorus|76/100|[from] Stealth Rock
|-ability|p1a: Landorus|Intimidate|boost
|-unboost|p2a: Tyranitar|atk|1
|move|p2a: Tyranitar|Superpower|p1a: Landorus
|-resisted|p1a: Landorus
|-damage|p1a: Landorus|64/100
|-unboost|p2a: Tyranitar|atk|1
|-unboost|p2a: Tyranitar|def|1
|
|-weather|Sandstorm|[upkeep]
|upkeep
|turn|26
|
|t:|1741639789
|switch|p2a: Gliscor|Gliscor, F|74/100 tox
|-damage|p2a: Gliscor|61/100 tox|[from] Stealth Rock
|move|p1a: Landorus|U-turn|p2a: Gliscor
|-resisted|p2a: Gliscor
|-damage|p2a: Gliscor|50/100 tox
|
|t:|1741639792
|switch|p1a: Heatran|Heatran, M|88/100|[from] U-turn
|-damage|p1a: Heatran|76/100|[from] Stealth Rock
|-item|p1a: Heatran|Air Balloon
|
|-weather|Sandstorm|[upkeep]
|-heal|p2a: Gliscor|63/100 tox|[from] ability: Poison Heal
|upkeep
|turn|27
|
|t:|1741639796
|move|p2a: Gliscor|Protect|p2a: Gliscor
|-singleturn|p2a: Gliscor|Protect
|move|p1a: Heatran|Hidden Power|p2a: Gliscor
|-activate|p2a: Gliscor|move: Protect
|
|-weather|Sandstorm|[upkeep]
|-heal|p2a: Gliscor|75/100 tox|[from] ability: Poison Heal
|upkeep
|turn|28
|
|t:|1741639805
|switch|p2a: Tyranitar|Tyranitar, M|71/100
|-damage|p2a: Tyranitar|59/100|[from] Stealth Rock
|move|p1a: Heatran|Hidden Power|p2a: Tyranitar
|-damage|p2a: Tyranitar|42/100
|
|-weather|Sandstorm|[upkeep]
|upkeep
|turn|29
|
|t:|1741639813
|switch|p1a: Breloom|Breloom, M|16/100
|-damage|p1a: Breloom|10/100|[from] Stealth Rock
|move|p2a: Tyranitar|Superpower|p1a: Breloom
|-damage|p1a: Breloom|0 fnt
|-unboost|p2a: Tyranitar|atk|1
|-unboost|p2a: Tyranitar|def|1
|faint|p1a: Breloom
|
|-weather|Sandstorm|[upkeep]
|upkeep
|
|t:|1741639816
|switch|p1a: Landorus|Landorus-Therian, M|64/100
|-damage|p1a: Landorus|51/100|[from] Stealth Rock
|-ability|p1a: Landorus|Intimidate|boost
|-unboost|p2a: Tyranitar|atk|1
|turn|30
|
|t:|1741639822
|switch|p1a: Heatran|Heatran, M|76/100
|-damage|p1a: Heatran|63/100|[from] Stealth Rock
|-item|p1a: Heatran|Air Balloon
|switch|p2a: Gliscor|Gliscor, F|75/100 tox
|-damage|p2a: Gliscor|63/100 tox|[from] Stealth Rock
|
|-weather|Sandstorm|[upkeep]
|-heal|p2a: Gliscor|75/100 tox|[from] ability: Poison Heal
|upkeep
|turn|31
|
|t:|1741639826
|move|p2a: Gliscor|Protect|p2a: Gliscor
|-singleturn|p2a: Gliscor|Protect
|move|p1a: Heatran|Hidden Power|p2a: Gliscor
|-activate|p2a: Gliscor|move: Protect
|
|-weather|Sandstorm|[upkeep]
|-heal|p2a: Gliscor|88/100 tox|[from] ability: Poison Heal
|upkeep
|turn|32
|
|t:|1741639831
|switch|p1a: Landorus|Landorus-Therian, M|51/100
|-damage|p1a: Landorus|39/100|[from] Stealth Rock
|-ability|p1a: Landorus|Intimidate|boost
|-unboost|p2a: Gliscor|atk|1
|switch|p2a: Tyranitar|Tyranitar, M|42/100
|-damage|p2a: Tyranitar|29/100|[from] Stealth Rock
|
|-weather|Sandstorm|[upkeep]
|upkeep
|turn|33
|
|t:|1741639836
|switch|p2a: Gliscor|Gliscor, F|88/100 tox
|-damage|p2a: Gliscor|75/100 tox|[from] Stealth Rock
|move|p1a: Landorus|U-turn|p2a: Gliscor
|-resisted|p2a: Gliscor
|-damage|p2a: Gliscor|66/100 tox
|
|t:|1741639839
|switch|p1a: Heatran|Heatran, M|63/100|[from] U-turn
|-damage|p1a: Heatran|51/100|[from] Stealth Rock
|-item|p1a: Heatran|Air Balloon
|
|-weather|Sandstorm|[upkeep]
|-heal|p2a: Gliscor|79/100 tox|[from] ability: Poison Heal
|upkeep
|turn|34
|
|t:|1741639841
|move|p2a: Gliscor|Protect|p2a: Gliscor
|-singleturn|p2a: Gliscor|Protect
|move|p1a: Heatran|Hidden Power|p2a: Gliscor
|-activate|p2a: Gliscor|move: Protect
|
|-weather|Sandstorm|[upkeep]
|-heal|p2a: Gliscor|91/100 tox|[from] ability: Poison Heal
|upkeep
|turn|35
|
|t:|1741639849
|switch|p2a: Tyranitar|Tyranitar, M|29/100
|-damage|p2a: Tyranitar|17/100|[from] Stealth Rock
|move|p1a: Heatran|Hidden Power|p2a: Tyranitar
|-damage|p2a: Tyranitar|0 fnt
|faint|p2a: Tyranitar
|
|-weather|Sandstorm|[upkeep]
|upkeep
|
|t:|1741639853
|switch|p2a: Latios|Latios, M|53/100
|-damage|p2a: Latios|40/100|[from] Stealth Rock
|turn|36
|
|t:|1741639898
|switch|p1a: Latias|Latias, F|55/100
|-damage|p1a: Latias|43/100|[from] Stealth Rock
|move|p2a: Latios|Surf|p1a: Latias
|-resisted|p1a: Latias
|-damage|p1a: Latias|19/100
|
|-weather|Sandstorm|[upkeep]
|-damage|p2a: Latios|34/100|[from] Sandstorm
|-damage|p1a: Latias|13/100|[from] Sandstorm
|upkeep
|turn|37
|
|t:|1741639906
|switch|p2a: Ferrothorn|Ferrothorn, M|77/100
|-damage|p2a: Ferrothorn|71/100|[from] Stealth Rock
|switch|p1a: Heatran|Heatran, M|51/100
|-damage|p1a: Heatran|39/100|[from] Stealth Rock
|-item|p1a: Heatran|Air Balloon
|
|-weather|Sandstorm|[upkeep]
|-heal|p2a: Ferrothorn|77/100|[from] item: Leftovers
|upkeep
|turn|38
|
|t:|1741639939
|switch|p2a: Gliscor|Gliscor, F|91/100 tox
|-damage|p2a: Gliscor|79/100 tox|[from] Stealth Rock
|move|p1a: Heatran|Lava Plume|p2a: Gliscor
|-damage|p2a: Gliscor|37/100 tox
|
|-weather|Sandstorm|[upkeep]
|-heal|p2a: Gliscor|50/100 tox|[from] ability: Poison Heal
|upkeep
|turn|39
|
|t:|1741639955
|move|p1a: Heatran|Hidden Power|p2a: Gliscor
|-supereffective|p2a: Gliscor
|-crit|p2a: Gliscor
|-damage|p2a: Gliscor|0 fnt
|faint|p2a: Gliscor
|
|-weather|Sandstorm|[upkeep]
|upkeep
|
|t:|1741639957
|switch|p2a: Latios|Latios, M|34/100
|-damage|p2a: Latios|22/100|[from] Stealth Rock
|turn|40
|
|t:|1741639980
|switch|p1a: Latias|Latias, F|13/100
|-damage|p1a: Latias|0 fnt|[from] Stealth Rock
|faint|p1a: Latias
|move|p2a: Latios|Surf|p1: Latias|[notarget]
|-fail|p2a: Latios
|
|-weather|Sandstorm|[upkeep]
|-damage|p2a: Latios|16/100|[from] Sandstorm
|upkeep
|
|t:|1741639986
|switch|p1a: Landorus|Landorus-Therian, M|39/100
|-damage|p1a: Landorus|26/100|[from] Stealth Rock
|-ability|p1a: Landorus|Intimidate|boost
|-unboost|p2a: Latios|atk|1
|turn|41
|
|t:|1741639991
|switch|p2a: Ferrothorn|Ferrothorn, M|77/100
|-damage|p2a: Ferrothorn|71/100|[from] Stealth Rock
|move|p1a: Landorus|Hidden Power|p2a: Ferrothorn
|-damage|p2a: Ferrothorn|58/100
|
|-weather|Sandstorm|[upkeep]
|-heal|p2a: Ferrothorn|64/100|[from] item: Leftovers
|upkeep
|turn|42
|
|t:|1741640016
|switch|p1a: Rotom|Rotom-Wash|24/100
|-damage|p1a: Rotom|11/100|[from] Stealth Rock
|move|p2a: Ferrothorn|Power Whip|p1a: Rotom
|-supereffective|p1a: Rotom
|-damage|p1a: Rotom|0 fnt
|faint|p1a: Rotom
|
|-weather|Sandstorm|[upkeep]
|-heal|p2a: Ferrothorn|70/100|[from] item: Leftovers
|upkeep
|
|t:|1741640018
|switch|p1a: Heatran|Heatran, M|39/100
|-damage|p1a: Heatran|26/100|[from] Stealth Rock
|-item|p1a: Heatran|Air Balloon
|turn|43
|
|t:|1741640084
|move|p1a: Heatran|Lava Plume|p2a: Ferrothorn
|-supereffective|p2a: Ferrothorn
|-damage|p2a: Ferrothorn|0 fnt
|faint|p2a: Ferrothorn
|
|-weather|Sandstorm|[upkeep]
|upkeep
|
|t:|1741640088
|switch|p2a: Latios|Latios, M|16/100
|-damage|p2a: Latios|4/100|[from] Stealth Rock
|turn|44
|
|t:|1741640094
|move|p2a: Latios|Surf|p1a: Heatran
|-supereffective|p1a: Heatran
|-damage|p1a: Heatran|0 fnt
|-enditem|p1a: Heatran|Air Balloon
|faint|p1a: Heatran
|
|-weather|Sandstorm|[upkeep]
|-damage|p2a: Latios|0 fnt|[from] Sandstorm
|faint|p2a: Latios
|upkeep
|
|t:|1741640096
|switch|p2a: Alakazam|Alakazam, F|100/100
|switch|p1a: Landorus|Landorus-Therian, M|26/100
|-damage|p1a: Landorus|14/100|[from] Stealth Rock
|-ability|p1a: Landorus|Intimidate|boost
|-unboost|p2a: Alakazam|atk|1
|turn|45
|
|t:|1741640102
|move|p1a: Landorus|Rock Slide|p2a: Alakazam
|-damage|p2a: Alakazam|32/100
|move|p2a: Alakazam|Psyshock|p1a: Landorus
|-damage|p1a: Landorus|0 fnt
|faint|p1a: Landorus
|
|win|Planetanksubmarine
|raw|WeR#4Hay!'s rating: 1483 &rarr; <strong>1457</strong><br />(-26 for losing)
|raw|Planetanksubmarine's rating: 1378 &rarr; <strong>1404</strong><br />(+26 for winning)
