|j|☆Lovely111
|j|☆Vanteline
|player|p1|Lovely111|misty-gen3|1315
|player|p2|Vanteline|130|1266
|teamsize|p1|6
|teamsize|p2|6
|gametype|singles
|gen|5
|tier|[Gen 5] OU
|rated|
|rule|Sleep Clause Mod: Limit one foe put to sleep
|rule|Species Clause: Limit one of each Pokémon
|rule|OHKO Clause: OHKO moves are banned
|rule|Moody Clause: Moody is banned
|rule|Evasion Moves Clause: Evasion moves are banned
|rule|Endless Battle Clause: Forcing endless battles is banned
|rule|HP Percentage Mod: HP is shown in percentages
|rule|Evasion Abilities Clause: Evasion abilities are banned
|rule|Baton Pass Clause: Limit one Baton Passer, can't pass Spe and other stats simultaneously
|rule|Swagger Clause: Swagger is banned
|clearpoke
|poke|p1|Ninetales, M|item
|poke|p1|Forretress, F|item
|poke|p1|Xatu, M|item
|poke|p1|Cresselia, F|item
|poke|p1|Blissey, F|item
|poke|p1|Infernape, F|item
|poke|p2|Ferrothorn, F|item
|poke|p2|Gyarados, F|item
|poke|p2|Thundurus-Therian, M|item
|poke|p2|Heatran, F|item
|poke|p2|Latios, M|item
|poke|p2|Conkeldurr, M|item
|teampreview
|c|☆Lovely111|hf
|
|start
|switch|p1a: Ninetales|Ninetales, M|100/100
|switch|p2a: Thundurus|Thundurus-Therian, M|100/100
|-weather|SunnyDay|[from] ability: Drought|[of] p1a: Ninetales
|turn|1
|
|move|p2a: Thundurus|Volt Switch|p1a: Ninetales
|-crit|p1a: Ninetales
|-damage|p1a: Ninetales|0 fnt
|faint|p1a: Ninetales
|
|switch|p2a: Heatran|Heatran, F|100/100|[from]move: Volt Switch
|-item|p2a: Heatran|Air Balloon
|
|-weather|SunnyDay|[upkeep]
|upkeep
|
|switch|p1a: Infernape|Infernape, F, shiny|100/100
|turn|2
|
|switch|p2a: Gyarados|Gyarados, F|100/100
|-ability|p2a: Gyarados|Intimidate|boost
|-unboost|p1a: Infernape|atk|1
|move|p1a: Infernape|U-turn|p2a: Gyarados
|-resisted|p2a: Gyarados
|-damage|p2a: Gyarados|93/100
|-damage|p1a: Infernape|84/100|[from] item: Rocky Helmet|[of] p2a: Gyarados
|
|switch|p1a: Cresselia|Cresselia, F|100/100|[from]move: U-turn
|
|-weather|SunnyDay|[upkeep]
|upkeep
|turn|3
|
|switch|p2a: Ferrothorn|Ferrothorn, F|100/100
|move|p1a: Cresselia|Toxic|p2a: Ferrothorn
|-immune|p2a: Ferrothorn
|
|-weather|SunnyDay|[upkeep]
|upkeep
|turn|4
|
|switch|p1a: Xatu|Xatu, M|100/100
|move|p2a: Ferrothorn|Bullet Seed|p1a: Xatu
|-resisted|p1a: Xatu
|-damage|p1a: Xatu|97/100
|-resisted|p1a: Xatu
|-damage|p1a: Xatu|93/100
|-hitcount|p1a: Xatu|2
|
|-weather|SunnyDay|[upkeep]
|upkeep
|turn|5
|
|switch|p2a: Thundurus|Thundurus-Therian, M|100/100
|move|p1a: Xatu|Toxic|p2a: Thundurus|[miss]
|-miss|p1a: Xatu|p2a: Thundurus
|
|-weather|SunnyDay|[upkeep]
|upkeep
|turn|6
|
|switch|p1a: Blissey|Blissey, F|100/100
|move|p2a: Thundurus|Thunderbolt|p1a: Blissey
|-damage|p1a: Blissey|74/100
|
|-weather|SunnyDay|[upkeep]
|-heal|p1a: Blissey|80/100|[from] item: Leftovers
|upkeep
|turn|7
|
|switch|p2a: Ferrothorn|Ferrothorn, F|100/100
|move|p1a: Blissey|Wish|p1a: Blissey
|
|-weather|SunnyDay|[upkeep]
|-heal|p1a: Blissey|87/100|[from] item: Leftovers
|upkeep
|turn|8
|
|move|p1a: Blissey|Flamethrower|p2a: Ferrothorn
|-supereffective|p2a: Ferrothorn
|-damage|p2a: Ferrothorn|25/100
|move|p2a: Ferrothorn|Bullet Seed|p1a: Blissey
|-damage|p1a: Blissey|79/100
|-damage|p1a: Blissey|69/100
|-damage|p1a: Blissey|61/100
|-hitcount|p1a: Blissey|3
|
|-weather|SunnyDay|[upkeep]
|-heal|p1a: Blissey|100/100|[from] move: Wish|[wisher] Blissey
|-heal|p2a: Ferrothorn|31/100|[from] item: Leftovers
|upkeep
|turn|9
|
|switch|p1a: Infernape|Infernape, F, shiny|84/100
|switch|p2a: Heatran|Heatran, F|100/100
|-item|p2a: Heatran|Air Balloon
|
|-weather|SunnyDay|[upkeep]
|upkeep
|turn|10
|
|switch|p2a: Gyarados|Gyarados, F|93/100
|-ability|p2a: Gyarados|Intimidate|boost
|-unboost|p1a: Infernape|atk|1
|move|p1a: Infernape|U-turn|p2a: Gyarados
|-resisted|p2a: Gyarados
|-damage|p2a: Gyarados|86/100
|-damage|p1a: Infernape|68/100|[from] item: Rocky Helmet|[of] p2a: Gyarados
|
|switch|p1a: Cresselia|Cresselia, F|100/100|[from]move: U-turn
|
|-weather|SunnyDay|[upkeep]
|upkeep
|turn|11
|
|switch|p2a: Heatran|Heatran, F|100/100
|-item|p2a: Heatran|Air Balloon
|move|p1a: Cresselia|Ice Beam|p2a: Heatran
|-resisted|p2a: Heatran
|-damage|p2a: Heatran|96/100
|-enditem|p2a: Heatran|Air Balloon
|
|-weather|SunnyDay|[upkeep]
|upkeep
|turn|12
|
|move|p2a: Heatran|Fire Blast|p1a: Cresselia
|-damage|p1a: Cresselia|41/100
|move|p1a: Cresselia|Moonlight|p1a: Cresselia
|-heal|p1a: Cresselia|100/100
|
|-weather|SunnyDay|[upkeep]
|upkeep
|turn|13
|
|switch|p1a: Blissey|Blissey, F|100/100
|move|p2a: Heatran|Stealth Rock|p1a: Blissey
|-sidestart|p1: Lovely111|move: Stealth Rock
|
|-weather|SunnyDay|[upkeep]
|upkeep
|turn|14
|
|move|p2a: Heatran|Fire Blast|p1a: Blissey
|-damage|p1a: Blissey|73/100
|move|p1a: Blissey|Wish|p1a: Blissey
|
|-weather|SunnyDay|[upkeep]
|-heal|p1a: Blissey|79/100|[from] item: Leftovers
|upkeep
|turn|15
|j| Ozfozgozg
|
|switch|p2a: Conkeldurr|Conkeldurr, M|100/100
|switch|p1a: Infernape|Infernape, F, shiny|68/100
|-damage|p1a: Infernape|55/100|[from] Stealth Rock
|
|-weather|SunnyDay|[upkeep]
|-heal|p1a: Infernape|100/100|[from] move: Wish|[wisher] Blissey
|upkeep
|turn|16
|
|move|p1a: Infernape|Fire Blast|p2a: Conkeldurr
|-damage|p2a: Conkeldurr|17/100
|move|p2a: Conkeldurr|Thunder Punch|p1a: Infernape
|-damage|p1a: Infernape|31/100
|
|-weather|SunnyDay|[upkeep]
|upkeep
|turn|17
|
|switch|p1a: Cresselia|Cresselia, F|100/100
|-damage|p1a: Cresselia|88/100|[from] Stealth Rock
|switch|p2a: Gyarados|Gyarados, F|86/100
|-ability|p2a: Gyarados|Intimidate|boost
|-unboost|p1a: Cresselia|atk|1
|
|-weather|SunnyDay|[upkeep]
|-heal|p1a: Cresselia|94/100|[from] item: Leftovers
|upkeep
|turn|18
|
|move|p2a: Gyarados|Dragon Dance|p2a: Gyarados
|-boost|p2a: Gyarados|atk|1
|-boost|p2a: Gyarados|spe|1
|move|p1a: Cresselia|Toxic|p2a: Gyarados
|-status|p2a: Gyarados|tox
|
|-weather|SunnyDay|[upkeep]
|-heal|p1a: Cresselia|99/100|[from] item: Leftovers
|-damage|p2a: Gyarados|80/100 tox|[from] psn
|upkeep
|turn|19
|
|move|p2a: Gyarados|Waterfall|p1a: Cresselia
|-damage|p1a: Cresselia|85/100
|move|p1a: Cresselia|Moonlight|p1a: Cresselia
|-heal|p1a: Cresselia|100/100
|
|-weather|SunnyDay|[upkeep]
|-damage|p2a: Gyarados|68/100 tox|[from] psn
|upkeep
|turn|20
|l| Ozfozgozg
|
|switch|p2a: Thundurus|Thundurus-Therian, M|100/100
|move|p1a: Cresselia|Ice Beam|p2a: Thundurus
|-supereffective|p2a: Thundurus
|-damage|p2a: Thundurus|52/100
|
|-weather|SunnyDay|[upkeep]
|upkeep
|turn|21
|
|switch|p1a: Blissey|Blissey, F|79/100
|-damage|p1a: Blissey|66/100|[from] Stealth Rock
|move|p2a: Thundurus|Thunderbolt|p1a: Blissey
|-damage|p1a: Blissey|38/100
|
|-weather|SunnyDay|[upkeep]
|-heal|p1a: Blissey|44/100|[from] item: Leftovers
|upkeep
|turn|22
|
|move|p2a: Thundurus|Thunderbolt|p1a: Blissey
|-damage|p1a: Blissey|17/100
|move|p1a: Blissey|Wish|p1a: Blissey
|
|-weather|SunnyDay|[upkeep]
|-heal|p1a: Blissey|23/100|[from] item: Leftovers
|upkeep
|turn|23
|
|move|p1a: Blissey|Protect|p1a: Blissey
|-singleturn|p1a: Blissey|Protect
|move|p2a: Thundurus|Thunderbolt|p1a: Blissey
|-activate|p1a: Blissey|move: Protect
|
|-weather|SunnyDay|[upkeep]
|-heal|p1a: Blissey|73/100|[from] move: Wish|[wisher] Blissey
|-heal|p1a: Blissey|79/100|[from] item: Leftovers
|upkeep
|turn|24
|
|move|p2a: Thundurus|Thunderbolt|p1a: Blissey
|-damage|p1a: Blissey|54/100
|move|p1a: Blissey|Wish|p1a: Blissey
|
|-weather|SunnyDay|[upkeep]
|-heal|p1a: Blissey|60/100|[from] item: Leftovers
|upkeep
|turn|25
|
|move|p2a: Thundurus|Thunderbolt|p1a: Blissey
|-damage|p1a: Blissey|34/100
|move|p1a: Blissey|Toxic|p2a: Thundurus
|-status|p2a: Thundurus|tox
|
|-weather|SunnyDay|[upkeep]
|-heal|p1a: Blissey|84/100|[from] move: Wish|[wisher] Blissey
|-heal|p1a: Blissey|90/100|[from] item: Leftovers
|-damage|p2a: Thundurus|46/100 tox|[from] psn
|upkeep
|turn|26
|
|move|p2a: Thundurus|Thunderbolt|p1a: Blissey
|-damage|p1a: Blissey|61/100
|move|p1a: Blissey|Toxic|p2a: Thundurus
|-fail|p2a: Thundurus|tox
|
|-weather|SunnyDay|[upkeep]
|-heal|p1a: Blissey|68/100|[from] item: Leftovers
|-damage|p2a: Thundurus|34/100 tox|[from] psn
|upkeep
|turn|27
|
|move|p2a: Thundurus|Thunderbolt|p1a: Blissey
|-damage|p1a: Blissey|39/100
|move|p1a: Blissey|Wish|p1a: Blissey
|
|-weather|SunnyDay|[upkeep]
|-heal|p1a: Blissey|45/100|[from] item: Leftovers
|-damage|p2a: Thundurus|16/100 tox|[from] psn
|upkeep
|turn|28
|
|move|p1a: Blissey|Protect|p1a: Blissey
|-singleturn|p1a: Blissey|Protect
|move|p2a: Thundurus|Thunderbolt|p1a: Blissey
|-activate|p1a: Blissey|move: Protect
|
|-weather|SunnyDay|[upkeep]
|-heal|p1a: Blissey|95/100|[from] move: Wish|[wisher] Blissey
|-heal|p1a: Blissey|100/100|[from] item: Leftovers
|-damage|p2a: Thundurus|0 fnt|[from] psn
|faint|p2a: Thundurus
|upkeep
|
|switch|p2a: Heatran|Heatran, F|96/100
|turn|29
|j| Ichifzguo
|
|move|p2a: Heatran|Earth Power|p1a: Blissey
|-damage|p1a: Blissey|92/100
|move|p1a: Blissey|Wish|p1a: Blissey
|
|-weather|SunnyDay|[upkeep]
|-heal|p1a: Blissey|98/100|[from] item: Leftovers
|upkeep
|turn|30
|
|switch|p1a: Forretress|Forretress, F|100/100
|-damage|p1a: Forretress|88/100|[from] Stealth Rock
|move|p2a: Heatran|Dragon Pulse|p1a: Forretress
|-resisted|p1a: Forretress
|-damage|p1a: Forretress|65/100
|
|-weather|SunnyDay|[upkeep]
|-heal|p1a: Forretress|100/100|[from] move: Wish|[wisher] Blissey
|upkeep
|turn|31
|
|move|p2a: Heatran|Fire Blast|p1a: Forretress
|-supereffective|p1a: Forretress
|-ability|p1a: Forretress|Sturdy
|-damage|p1a: Forretress|1/100
|move|p1a: Forretress|Stealth Rock|p2a: Heatran
|-sidestart|p2: Vanteline|move: Stealth Rock
|
|-weather|SunnyDay|[upkeep]
|-heal|p1a: Forretress|7/100|[from] item: Leftovers
|upkeep
|turn|32
|
|switch|p2a: Gyarados|Gyarados, F|68/100 tox
|-damage|p2a: Gyarados|43/100 tox|[from] Stealth Rock
|-ability|p2a: Gyarados|Intimidate|boost
|-unboost|p1a: Forretress|atk|1
|move|p1a: Forretress|Rapid Spin|p2a: Gyarados
|-damage|p2a: Gyarados|40/100 tox
|-damage|p1a: Forretress|0 fnt|[from] item: Rocky Helmet|[of] p2a: Gyarados
|faint|p1a: Forretress
|
|-weather|SunnyDay|[upkeep]
|-damage|p2a: Gyarados|34/100 tox|[from] psn
|upkeep
|n| bluri537|ichifzguo
|
|switch|p1a: Cresselia|Cresselia, F|100/100
|-damage|p1a: Cresselia|88/100|[from] Stealth Rock
|turn|33
|
|move|p2a: Gyarados|Waterfall|p1a: Cresselia
|-damage|p1a: Cresselia|77/100
|move|p1a: Cresselia|Ice Beam|p2a: Gyarados
|-damage|p2a: Gyarados|15/100 tox
|
|-weather|SunnyDay|[upkeep]
|-heal|p1a: Cresselia|83/100|[from] item: Leftovers
|-damage|p2a: Gyarados|3/100 tox|[from] psn
|upkeep
|turn|34
|
|move|p2a: Gyarados|Ice Fang|p1a: Cresselia
|-damage|p1a: Cresselia|71/100
|cant|p1a: Cresselia|flinch
|
|-weather|SunnyDay|[upkeep]
|-heal|p1a: Cresselia|77/100|[from] item: Leftovers
|-damage|p2a: Gyarados|0 fnt|[from] psn
|faint|p2a: Gyarados
|upkeep
|
|switch|p2a: Latios|Latios, M|100/100
|-damage|p2a: Latios|88/100|[from] Stealth Rock
|turn|35
|
|switch|p1a: Blissey|Blissey, F|98/100
|-damage|p1a: Blissey|85/100|[from] Stealth Rock
|move|p2a: Latios|Draco Meteor|p1a: Blissey
|-damage|p1a: Blissey|52/100
|-unboost|p2a: Latios|spa|2
|
|-weather|SunnyDay|[upkeep]
|-heal|p1a: Blissey|58/100|[from] item: Leftovers
|upkeep
|turn|36
|
|switch|p2a: Heatran|Heatran, F|96/100
|-damage|p2a: Heatran|84/100|[from] Stealth Rock
|move|p1a: Blissey|Wish|p1a: Blissey
|
|-weather|SunnyDay|[upkeep]
|-heal|p1a: Blissey|64/100|[from] item: Leftovers
|upkeep
|turn|37
|
|switch|p1a: Xatu|Xatu, M|93/100
|-damage|p1a: Xatu|68/100|[from] Stealth Rock
|move|p2a: Heatran|Earth Power|p1a: Xatu
|-immune|p1a: Xatu
|
|-weather|SunnyDay|[upkeep]
|-heal|p1a: Xatu|100/100|[from] move: Wish|[wisher] Blissey
|upkeep
|turn|38
|
|move|p2a: Heatran|Earth Power|p1a: Xatu
|-immune|p1a: Xatu
|move|p1a: Xatu|Roost||[still]
|-fail|p1a: Xatu
|
|-weather|SunnyDay|[upkeep]
|upkeep
|turn|39
|
|move|p2a: Heatran|Dragon Pulse|p1a: Xatu
|-damage|p1a: Xatu|57/100
|move|p1a: Xatu|Toxic|p2a: Heatran
|-immune|p2a: Heatran
|
|-weather|SunnyDay|[upkeep]
|upkeep
|turn|40
|
|move|p2a: Heatran|Dragon Pulse|p1a: Xatu
|-damage|p1a: Xatu|13/100
|move|p1a: Xatu|Toxic|p2a: Heatran
|-immune|p2a: Heatran
|
|-weather|SunnyDay|[upkeep]
|upkeep
|turn|41
|
|move|p2a: Heatran|Dragon Pulse|p1a: Xatu
|-damage|p1a: Xatu|0 fnt
|faint|p1a: Xatu
|
|-weather|SunnyDay|[upkeep]
|upkeep
|
|switch|p1a: Infernape|Infernape, F, shiny|31/100
|-damage|p1a: Infernape|19/100|[from] Stealth Rock
|turn|42
|
|switch|p2a: Ferrothorn|Ferrothorn, F|31/100
|-damage|p2a: Ferrothorn|25/100|[from] Stealth Rock
|move|p1a: Infernape|Close Combat|p2a: Ferrothorn
|-supereffective|p2a: Ferrothorn
|-damage|p2a: Ferrothorn|0 fnt
|-damage|p1a: Infernape|7/100|[from] ability: Iron Barbs|[of] p2a: Ferrothorn
|-unboost|p1a: Infernape|def|1
|-unboost|p1a: Infernape|spd|1
|faint|p2a: Ferrothorn
|
|-weather|SunnyDay|[upkeep]
|upkeep
|
|switch|p2a: Conkeldurr|Conkeldurr, M|17/100
|-damage|p2a: Conkeldurr|11/100|[from] Stealth Rock
|turn|43
|
|move|p2a: Conkeldurr|Mach Punch|p1a: Infernape
|-damage|p1a: Infernape|0 fnt
|-damage|p2a: Conkeldurr|1/100|[from] item: Life Orb
|faint|p1a: Infernape
|
|-weather|SunnyDay|[upkeep]
|upkeep
|
|switch|p1a: Cresselia|Cresselia, F|77/100
|-damage|p1a: Cresselia|64/100|[from] Stealth Rock
|turn|44
|
|move|p1a: Cresselia|Ice Beam|p2a: Conkeldurr
|-crit|p2a: Conkeldurr
|-damage|p2a: Conkeldurr|0 fnt
|faint|p2a: Conkeldurr
|
|-weather|SunnyDay|[upkeep]
|-heal|p1a: Cresselia|70/100|[from] item: Leftovers
|upkeep
|
|switch|p2a: Heatran|Heatran, F|84/100
|-damage|p2a: Heatran|71/100|[from] Stealth Rock
|turn|45
|
|move|p2a: Heatran|Dragon Pulse|p1a: Cresselia
|-damage|p1a: Cresselia|52/100
|move|p1a: Cresselia|Ice Beam|p2a: Heatran
|-resisted|p2a: Heatran
|-damage|p2a: Heatran|67/100
|
|-weather|SunnyDay|[upkeep]
|-heal|p1a: Cresselia|58/100|[from] item: Leftovers
|upkeep
|turn|46
|
|move|p2a: Heatran|Dragon Pulse|p1a: Cresselia
|-damage|p1a: Cresselia|39/100
|move|p1a: Cresselia|Moonlight|p1a: Cresselia
|-heal|p1a: Cresselia|100/100
|
|-weather|SunnyDay|[upkeep]
|upkeep
|turn|47
|c|☆Lovely111|i get pp stalled
|c|☆Lovely111|gg
|
|move|p2a: Heatran|Fire Blast|p1a: Cresselia|[miss]
|-miss|p2a: Heatran|p1a: Cresselia
|move|p1a: Cresselia|Ice Beam|p2a: Heatran
|-resisted|p2a: Heatran
|-damage|p2a: Heatran|63/100
|
|-weather|SunnyDay|[upkeep]
|upkeep
|turn|48
|-message|Lovely111 forfeited.
|
|win|Vanteline
|l|☆Lovely111
|raw|Lovely111's rating: 1315 &rarr; <strong>1292</strong><br />(-23 for losing)
|raw|Vanteline's rating: 1267 &rarr; <strong>1295</strong><br />(+28 for winning)
