|j|☆seanb143
|j|☆Blaise BWOU
|t:|1735248032
|gametype|singles
|player|p1|seanb143|emmet|1381
|player|p2|Blaise BWOU|n|1350
|teamsize|p1|6
|teamsize|p2|6
|gen|5
|tier|[Gen 5] OU
|rated|
|rule|Species Clause: Limit one of each Pokémon
|rule|OHKO Clause: OHKO moves are banned
|rule|Moody Clause: Moody is banned
|rule|Evasion Items Clause: Evasion items are banned
|rule|Evasion Moves Clause: Evasion moves are banned
|rule|Endless Battle Clause: Forcing endless battles is banned
|rule|HP Percentage Mod: HP is shown in percentages
|rule|Evasion Abilities Clause: Evasion abilities are banned
|rule|Sleep Moves Clause: Sleep-inducing moves are banned
|rule|Swagger Clause: Swagger is banned
|rule|Baton Pass Stat Clause: No Baton Passer may have a way to boost its stats
|clearpoke
|poke|p1|Jellicent, M|item
|poke|p1|Scizor, F|item
|poke|p1|Starmie|item
|poke|p1|Heatran, M|item
|poke|p1|Ninetales, F|item
|poke|p1|Landorus-Therian, M|item
|poke|p2|Excadrill, F|item
|poke|p2|Starmie|item
|poke|p2|Volcarona, M|item
|poke|p2|Dragonite, M|item
|poke|p2|Garchomp, M|item
|poke|p2|Lucario, M|item
|teampreview
|inactive|Battle timer is ON: inactive players will automatically lose when time's up. (requested by seanb143)
|
|t:|1735248038
|start
|switch|p1a: Landorus|Landorus-Therian, M, shiny|100/100
|switch|p2a: Excadrill|Excadrill, F|100/100
|-ability|p2a: Excadrill|Mold Breaker
|-ability|p1a: Landorus|Intimidate|boost
|-unboost|p2a: Excadrill|atk|1
|turn|1
|
|t:|1735248047
|move|p2a: Excadrill|Stealth Rock|p1a: Landorus
|-sidestart|p1: seanb143|move: Stealth Rock
|move|p1a: Landorus|U-turn|p2a: Excadrill
|-resisted|p2a: Excadrill
|-damage|p2a: Excadrill|68/100
|
|t:|1735248050
|switch|p1a: Starmie|Starmie, shiny|100/100|[from] U-turn
|-damage|p1a: Starmie|88/100|[from] Stealth Rock
|
|-heal|p1a: Starmie|94/100|[from] item: Leftovers
|upkeep
|turn|2
|
|t:|1735248057
|move|p1a: Starmie|Hydro Pump|p2a: Excadrill
|-supereffective|p2a: Excadrill
|-crit|p2a: Excadrill
|-damage|p2a: Excadrill|0 fnt
|faint|p2a: Excadrill
|
|-heal|p1a: Starmie|100/100|[from] item: Leftovers
|upkeep
|inactive|Blaise BWOU has 120 seconds left.
|l|☆seanb143
|inactive|seanb143 disconnected and has a minute to reconnect!
|player|p1|
|j|☆seanb143
|inactive|seanb143 reconnected.
|player|p1|seanb143|emmet|
|inactive|Blaise BWOU has 90 seconds left.
|
|t:|1735248126
|switch|p2a: Lucario|Lucario, M|100/100
|turn|3
|
|t:|1735248130
|move|p1a: Starmie|Rapid Spin|p2a: Lucario
|-resisted|p2a: Lucario
|-damage|p2a: Lucario|98/100
|-sideend|p1: seanb143|Stealth Rock|[from] move: Rapid Spin|[of] p1a: Starmie
|move|p2a: Lucario|Crunch|p1a: Starmie
|-supereffective|p1a: Starmie
|-damage|p1a: Starmie|4/100
|-damage|p2a: Lucario|88/100|[from] item: Life Orb
|
|-heal|p1a: Starmie|10/100|[from] item: Leftovers
|upkeep
|turn|4
|
|t:|1735248136
|switch|p1a: Landorus|Landorus-Therian, M, shiny|100/100
|-ability|p1a: Landorus|Intimidate|boost
|-unboost|p2a: Lucario|atk|1
|move|p2a: Lucario|Extreme Speed|p1a: Landorus
|-crit|p1a: Landorus
|-damage|p1a: Landorus|18/100
|-damage|p2a: Lucario|78/100|[from] item: Life Orb
|
|upkeep
|turn|5
|
|t:|1735248142
|switch|p1a: Jellicent|Jellicent, M, shiny|100/100
|move|p2a: Lucario|Extreme Speed|p1a: Jellicent
|-immune|p1a: Jellicent
|
|upkeep
|turn|6
|
|t:|1735248147
|move|p2a: Lucario|Crunch|p1a: Jellicent
|-supereffective|p1a: Jellicent
|-damage|p1a: Jellicent|51/100
|-damage|p2a: Lucario|68/100|[from] item: Life Orb
|move|p1a: Jellicent|Will-O-Wisp|p2a: Lucario
|-status|p2a: Lucario|brn
|
|-heal|p1a: Jellicent|57/100|[from] item: Leftovers
|-damage|p2a: Lucario|56/100 brn|[from] brn
|upkeep
|turn|7
|inactive|Blaise BWOU has 120 seconds left.
|
|t:|1735248153
|move|p2a: Lucario|Swords Dance|p2a: Lucario
|-boost|p2a: Lucario|atk|2
|move|p1a: Jellicent|Night Shade|p2a: Lucario
|-damage|p2a: Lucario|20/100 brn
|
|-heal|p1a: Jellicent|63/100|[from] item: Leftovers
|-damage|p2a: Lucario|8/100 brn|[from] brn
|upkeep
|turn|8
|
|t:|1735248157
|switch|p1a: Scizor|Scizor, F, shiny|100/100
|move|p2a: Lucario|Crunch|p1a: Scizor
|-resisted|p1a: Scizor
|-damage|p1a: Scizor|86/100
|-damage|p2a: Lucario|0 fnt|[from] item: Life Orb
|faint|p2a: Lucario
|
|upkeep
|inactive|Blaise BWOU has 120 seconds left.
|
|t:|1735248176
|switch|p2a: Volcarona|Volcarona, M|100/100
|turn|9
|
|t:|1735248179
|switch|p1a: Heatran|Heatran, M, shiny|100/100
|move|p2a: Volcarona|Quiver Dance|p2a: Volcarona
|-boost|p2a: Volcarona|spa|1
|-boost|p2a: Volcarona|spd|1
|-boost|p2a: Volcarona|spe|1
|
|upkeep
|turn|10
|
|t:|1735248183
|move|p2a: Volcarona|Hidden Power|p1a: Heatran
|-supereffective|p1a: Heatran
|-damage|p1a: Heatran|13/100
|move|p1a: Heatran|Stealth Rock|p2a: Volcarona
|-sidestart|p2: Blaise BWOU|move: Stealth Rock
|
|-heal|p1a: Heatran|20/100|[from] item: Leftovers
|upkeep
|turn|11
|
|t:|1735248190
|switch|p1a: Landorus|Landorus-Therian, M, shiny|18/100
|-ability|p1a: Landorus|Intimidate|boost
|-unboost|p2a: Volcarona|atk|1
|move|p2a: Volcarona|Hidden Power|p1a: Landorus
|-immune|p1a: Landorus
|
|upkeep
|turn|12
|
|t:|1735248194
|switch|p1a: Heatran|Heatran, M, shiny|20/100
|move|p2a: Volcarona|Giga Drain|p1a: Heatran
|-resisted|p1a: Heatran
|-damage|p1a: Heatran|13/100
|
|-heal|p1a: Heatran|20/100|[from] item: Leftovers
|upkeep
|turn|13
|
|t:|1735248200
|move|p2a: Volcarona|Hidden Power|p1a: Heatran
|-supereffective|p1a: Heatran
|-damage|p1a: Heatran|0 fnt
|faint|p1a: Heatran
|
|upkeep
|
|t:|1735248203
|switch|p1a: Ninetales|Ninetales, F|100/100
|-weather|SunnyDay|[from] ability: Drought|[of] p1a: Ninetales
|turn|14
|
|t:|1735248210
|move|p2a: Volcarona|Hidden Power|p1a: Ninetales
|-supereffective|p1a: Ninetales
|-damage|p1a: Ninetales|29/100
|move|p1a: Ninetales|Flamethrower|p2a: Volcarona
|-damage|p2a: Volcarona|70/100
|
|-weather|SunnyDay|[upkeep]
|-heal|p1a: Ninetales|34/100|[from] item: Leftovers
|upkeep
|turn|15
|
|t:|1735248216
|move|p2a: Volcarona|Quiver Dance|p2a: Volcarona
|-boost|p2a: Volcarona|spa|1
|-boost|p2a: Volcarona|spd|1
|-boost|p2a: Volcarona|spe|1
|move|p1a: Ninetales|Flamethrower|p2a: Volcarona
|-damage|p2a: Volcarona|48/100
|
|-weather|SunnyDay|[upkeep]
|-heal|p1a: Ninetales|40/100|[from] item: Leftovers
|upkeep
|turn|16
|
|t:|1735248223
|move|p2a: Volcarona|Hidden Power|p1a: Ninetales
|-supereffective|p1a: Ninetales
|-damage|p1a: Ninetales|0 fnt
|faint|p1a: Ninetales
|
|-weather|SunnyDay|[upkeep]
|upkeep
|-message|seanb143 forfeited.
|
|win|Blaise BWOU
|raw|seanb143's rating: 1381 &rarr; <strong>1360</strong><br />(-21 for losing)
|raw|Blaise BWOU's rating: 1363 &rarr; <strong>1384</strong><br />(+21 for winning)
|l|☆seanb143
|player|p1|
