|j|☆CertamenMeum
|j|‽happy_hitbox
|t:|1724293895
|gametype|singles
|player|p1|CertamenMeum|fisherman-gen4|1546
|player|p2|happy_hitbox|riley|1464
|teamsize|p1|6
|teamsize|p2|6
|gen|5
|tier|[Gen 5] OU
|rated|
|rule|Species Clause: Limit one of each Pokémon
|rule|OHKO Clause: OHKO moves are banned
|rule|Moody Clause: Moody is banned
|rule|Evasion Items Clause: Evasion items are banned
|rule|Evasion Moves Clause: Evasion moves are banned
|rule|Endless Battle Clause: Forcing endless battles is banned
|rule|HP Percentage Mod: HP is shown in percentages
|rule|Evasion Abilities Clause: Evasion abilities are banned
|rule|Sleep Moves Clause: Sleep-inducing moves are banned
|rule|Swagger Clause: Swagger is banned
|rule|Baton Pass Stat Clause: No Baton Passer may have a way to boost its stats
|clearpoke
|poke|p1|Forretress, F|item
|poke|p1|Dragonite, M|item
|poke|p1|Scizor, F|item
|poke|p1|Rotom-Wash|item
|poke|p1|Ferrothorn, M|item
|poke|p1|Alakazam, F|item
|poke|p2|Jirachi|item
|poke|p2|Conkeldurr, F|item
|poke|p2|Scizor, F|item
|poke|p2|Politoed, F|item
|poke|p2|Keldeo|item
|poke|p2|Donphan, F|item
|teampreview
|inactive|Battle timer is ON: inactive players will automatically lose when time's up. (requested by CertamenMeum)
|
|t:|1724293909
|start
|switch|p1a: Scizor|Scizor, F|100/100
|switch|p2a: Conkeldurr|Conkeldurr, F, shiny|100/100
|turn|1
|
|t:|1724293922
|move|p1a: Scizor|U-turn|p2a: Conkeldurr
|-resisted|p2a: Conkeldurr
|-crit|p2a: Conkeldurr
|-damage|p2a: Conkeldurr|45/100
|
|t:|1724293929
|switch|p1a: Rotom|Rotom-Wash, shiny|100/100|[from] U-turn
|move|p2a: Conkeldurr|Drain Punch|p1a: Rotom
|-damage|p1a: Rotom|40/100
|-heal|p2a: Conkeldurr|64/100|[from] drain|[of] p1a: Rotom
|
|-status|p2a: Conkeldurr|brn|[from] item: Flame Orb
|upkeep
|turn|2
|
|t:|1724293939
|move|p2a: Conkeldurr|Mach Punch|p1a: Rotom
|-damage|p1a: Rotom|0 fnt
|faint|p1a: Rotom
|
|-damage|p2a: Conkeldurr|52/100 brn|[from] brn
|upkeep
|
|t:|1724293948
|switch|p1a: Alakazam|Alakazam, F|100/100
|turn|3
|
|t:|1724293951
|switch|p2a: Jirachi|Jirachi|100/100
|move|p1a: Alakazam|Psychic|p2a: Jirachi
|-resisted|p2a: Jirachi
|-damage|p2a: Jirachi|93/100
|
|-heal|p2a: Jirachi|99/100|[from] item: Leftovers
|upkeep
|turn|4
|
|t:|1724293966
|switch|p1a: Forretress|Forretress, F, shiny|100/100
|move|p2a: Jirachi|U-turn|p1a: Forretress
|-resisted|p1a: Forretress
|-damage|p1a: Forretress|94/100
|
|t:|1724293973
|switch|p2a: Donphan|Donphan, F|100/100|[from] U-turn
|
|upkeep
|turn|5
|
|t:|1724293980
|switch|p1a: Ferrothorn|Ferrothorn, M|100/100
|move|p2a: Donphan|Stealth Rock|p1a: Ferrothorn
|-sidestart|p1: CertamenMeum|move: Stealth Rock
|
|upkeep
|turn|6
|
|t:|1724293986
|switch|p2a: Conkeldurr|Conkeldurr, F, shiny|52/100 brn
|move|p1a: Ferrothorn|Curse|p1a: Ferrothorn
|-unboost|p1a: Ferrothorn|spe|1
|-boost|p1a: Ferrothorn|atk|1
|-boost|p1a: Ferrothorn|def|1
|
|-damage|p2a: Conkeldurr|40/100 brn|[from] brn
|upkeep
|turn|7
|
|t:|1724293993
|move|p1a: Ferrothorn|Protect|p1a: Ferrothorn
|-singleturn|p1a: Ferrothorn|Protect
|move|p2a: Conkeldurr|Drain Punch|p1a: Ferrothorn
|-activate|p1a: Ferrothorn|move: Protect
|
|-damage|p2a: Conkeldurr|27/100 brn|[from] brn
|upkeep
|turn|8
|
|t:|1724294001
|move|p2a: Conkeldurr|Drain Punch|p1a: Ferrothorn
|-supereffective|p1a: Ferrothorn
|-damage|p1a: Ferrothorn|34/100
|-heal|p2a: Conkeldurr|58/100 brn|[from] drain|[of] p1a: Ferrothorn
|-damage|p2a: Conkeldurr|46/100 brn|[from] ability: Iron Barbs|[of] p1a: Ferrothorn
|move|p1a: Ferrothorn|Leech Seed|p2a: Conkeldurr
|-start|p2a: Conkeldurr|move: Leech Seed
|
|-heal|p1a: Ferrothorn|40/100|[from] item: Leftovers
|-damage|p2a: Conkeldurr|33/100 brn|[from] Leech Seed|[of] p1a: Ferrothorn
|-heal|p1a: Ferrothorn|54/100|[silent]
|-damage|p2a: Conkeldurr|21/100 brn|[from] brn
|upkeep
|turn|9
|
|t:|1724294016
|switch|p2a: Scizor|Scizor, F|100/100
|move|p1a: Ferrothorn|Leech Seed|p2a: Scizor|[miss]
|-miss|p1a: Ferrothorn|p2a: Scizor
|
|-heal|p1a: Ferrothorn|60/100|[from] item: Leftovers
|upkeep
|turn|10
|
|t:|1724294023
|move|p2a: Scizor|Superpower|p1a: Ferrothorn
|-supereffective|p1a: Ferrothorn
|-damage|p1a: Ferrothorn|17/100
|-unboost|p2a: Scizor|atk|1
|-unboost|p2a: Scizor|def|1
|-damage|p2a: Scizor|88/100|[from] ability: Iron Barbs|[of] p1a: Ferrothorn
|move|p1a: Ferrothorn|Leech Seed|p2a: Scizor
|-start|p2a: Scizor|move: Leech Seed
|
|-heal|p1a: Ferrothorn|23/100|[from] item: Leftovers
|-damage|p2a: Scizor|76/100|[from] Leech Seed|[of] p1a: Ferrothorn
|-heal|p1a: Ferrothorn|33/100|[silent]
|upkeep
|turn|11
|
|t:|1724294038
|switch|p2a: Keldeo|Keldeo|100/100
|move|p1a: Ferrothorn|Curse|p1a: Ferrothorn
|-unboost|p1a: Ferrothorn|spe|1
|-boost|p1a: Ferrothorn|atk|1
|-boost|p1a: Ferrothorn|def|1
|
|-heal|p1a: Ferrothorn|39/100|[from] item: Leftovers
|upkeep
|turn|12
|
|t:|1724294048
|move|p1a: Ferrothorn|Protect|p1a: Ferrothorn
|-singleturn|p1a: Ferrothorn|Protect
|move|p2a: Keldeo|Secret Sword|p1a: Ferrothorn
|-activate|p1a: Ferrothorn|move: Protect
|
|-heal|p1a: Ferrothorn|45/100|[from] item: Leftovers
|upkeep
|turn|13
|
|t:|1724294054
|move|p2a: Keldeo|Secret Sword|p1a: Ferrothorn
|-supereffective|p1a: Ferrothorn
|-damage|p1a: Ferrothorn|9/100
|move|p1a: Ferrothorn|Leech Seed|p2a: Keldeo
|-start|p2a: Keldeo|move: Leech Seed
|
|-heal|p1a: Ferrothorn|15/100|[from] item: Leftovers
|-damage|p2a: Keldeo|88/100|[from] Leech Seed|[of] p1a: Ferrothorn
|-heal|p1a: Ferrothorn|27/100|[silent]
|upkeep
|turn|14
|
|t:|1724294063
|switch|p2a: Scizor|Scizor, F|76/100
|move|p1a: Ferrothorn|Leech Seed|p2a: Scizor
|-start|p2a: Scizor|move: Leech Seed
|
|-heal|p1a: Ferrothorn|33/100|[from] item: Leftovers
|-damage|p2a: Scizor|63/100|[from] Leech Seed|[of] p1a: Ferrothorn
|-heal|p1a: Ferrothorn|43/100|[silent]
|upkeep
|turn|15
|
|t:|1724294070
|switch|p2a: Jirachi|Jirachi|99/100
|move|p1a: Ferrothorn|Protect||[still]
|-fail|p1a: Ferrothorn
|
|-heal|p2a: Jirachi|100/100|[from] item: Leftovers
|-heal|p1a: Ferrothorn|49/100|[from] item: Leftovers
|upkeep
|turn|16
|
|t:|1724294077
|move|p2a: Jirachi|Wish|p2a: Jirachi
|move|p1a: Ferrothorn|Leech Seed|p2a: Jirachi
|-start|p2a: Jirachi|move: Leech Seed
|
|-heal|p1a: Ferrothorn|55/100|[from] item: Leftovers
|-damage|p2a: Jirachi|88/100|[from] Leech Seed|[of] p1a: Ferrothorn
|-heal|p1a: Ferrothorn|70/100|[silent]
|upkeep
|turn|17
|
|t:|1724294083
|switch|p2a: Scizor|Scizor, F|63/100
|move|p1a: Ferrothorn|Curse|p1a: Ferrothorn
|-unboost|p1a: Ferrothorn|spe|1
|-boost|p1a: Ferrothorn|atk|1
|-boost|p1a: Ferrothorn|def|1
|
|-heal|p2a: Scizor|100/100|[from] move: Wish|[wisher] Jirachi
|-heal|p1a: Ferrothorn|76/100|[from] item: Leftovers
|upkeep
|turn|18
|
|t:|1724294093
|move|p2a: Scizor|Superpower|p1a: Ferrothorn
|-supereffective|p1a: Ferrothorn
|-damage|p1a: Ferrothorn|49/100
|-unboost|p2a: Scizor|atk|1
|-unboost|p2a: Scizor|def|1
|-damage|p2a: Scizor|88/100|[from] ability: Iron Barbs|[of] p1a: Ferrothorn
|move|p1a: Ferrothorn|Leech Seed|p2a: Scizor|[miss]
|-miss|p1a: Ferrothorn|p2a: Scizor
|
|-heal|p1a: Ferrothorn|55/100|[from] item: Leftovers
|upkeep
|turn|19
|
|t:|1724294102
|switch|p2a: Politoed|Politoed, F|100/100
|-weather|RainDance|[from] ability: Drizzle|[of] p2a: Politoed
|move|p1a: Ferrothorn|Leech Seed|p2a: Politoed|[miss]
|-miss|p1a: Ferrothorn|p2a: Politoed
|
|-weather|RainDance|[upkeep]
|-heal|p1a: Ferrothorn|62/100|[from] item: Leftovers
|upkeep
|turn|20
|
|t:|1724294111
|move|p2a: Politoed|Hydro Pump|p1a: Ferrothorn
|-resisted|p1a: Ferrothorn
|-damage|p1a: Ferrothorn|25/100
|move|p1a: Ferrothorn|Leech Seed|p2a: Politoed
|-start|p2a: Politoed|move: Leech Seed
|
|-weather|RainDance|[upkeep]
|-heal|p1a: Ferrothorn|31/100|[from] item: Leftovers
|-damage|p2a: Politoed|88/100|[from] Leech Seed|[of] p1a: Ferrothorn
|-heal|p1a: Ferrothorn|45/100|[silent]
|upkeep
|turn|21
|
|t:|1724294121
|switch|p2a: Scizor|Scizor, F|88/100
|move|p1a: Ferrothorn|Gyro Ball|p2a: Scizor
|-resisted|p2a: Scizor
|-damage|p2a: Scizor|20/100
|
|-weather|RainDance|[upkeep]
|-heal|p1a: Ferrothorn|51/100|[from] item: Leftovers
|upkeep
|turn|22
|
|t:|1724294128
|move|p1a: Ferrothorn|Protect|p1a: Ferrothorn
|-singleturn|p1a: Ferrothorn|Protect
|move|p2a: Scizor|Superpower|p1a: Ferrothorn
|-activate|p1a: Ferrothorn|move: Protect
|
|-weather|RainDance|[upkeep]
|-heal|p1a: Ferrothorn|57/100|[from] item: Leftovers
|upkeep
|turn|23
|
|t:|1724294135
|move|p2a: Scizor|Superpower|p1a: Ferrothorn
|-supereffective|p1a: Ferrothorn
|-damage|p1a: Ferrothorn|33/100
|-unboost|p2a: Scizor|atk|1
|-unboost|p2a: Scizor|def|1
|-damage|p2a: Scizor|8/100|[from] ability: Iron Barbs|[of] p1a: Ferrothorn
|move|p1a: Ferrothorn|Leech Seed|p2a: Scizor
|-start|p2a: Scizor|move: Leech Seed
|
|-weather|RainDance|[upkeep]
|-heal|p1a: Ferrothorn|39/100|[from] item: Leftovers
|-damage|p2a: Scizor|0 fnt|[from] Leech Seed|[of] p1a: Ferrothorn
|-heal|p1a: Ferrothorn|45/100|[silent]
|faint|p2a: Scizor
|upkeep
|
|t:|1724294140
|switch|p2a: Politoed|Politoed, F|88/100
|turn|24
|
|t:|1724294148
|move|p1a: Ferrothorn|Protect|p1a: Ferrothorn
|-singleturn|p1a: Ferrothorn|Protect
|move|p2a: Politoed|Hydro Pump|p1a: Ferrothorn
|-activate|p1a: Ferrothorn|move: Protect
|
|-weather|RainDance|[upkeep]
|-heal|p1a: Ferrothorn|51/100|[from] item: Leftovers
|upkeep
|turn|25
|
|t:|1724294155
|move|p2a: Politoed|Hydro Pump|p1a: Ferrothorn
|-resisted|p1a: Ferrothorn
|-damage|p1a: Ferrothorn|15/100
|move|p1a: Ferrothorn|Leech Seed|p2a: Politoed
|-start|p2a: Politoed|move: Leech Seed
|
|-weather|RainDance|[upkeep]
|-heal|p1a: Ferrothorn|21/100|[from] item: Leftovers
|-damage|p2a: Politoed|76/100|[from] Leech Seed|[of] p1a: Ferrothorn
|-heal|p1a: Ferrothorn|34/100|[silent]
|upkeep
|turn|26
|
|t:|1724294163
|switch|p2a: Keldeo|Keldeo|88/100
|move|p1a: Ferrothorn|Protect||[still]
|-fail|p1a: Ferrothorn
|
|-weather|RainDance|[upkeep]
|-heal|p2a: Keldeo|94/100|[from] item: Leftovers
|-heal|p1a: Ferrothorn|41/100|[from] item: Leftovers
|upkeep
|turn|27
|
|t:|1724294171
|switch|p2a: Politoed|Politoed, F|76/100
|move|p1a: Ferrothorn|Protect||[still]
|-fail|p1a: Ferrothorn
|
|-weather|RainDance|[upkeep]
|-heal|p1a: Ferrothorn|47/100|[from] item: Leftovers
|upkeep
|turn|28
|
|t:|1724294177
|move|p1a: Ferrothorn|Protect|p1a: Ferrothorn
|-singleturn|p1a: Ferrothorn|Protect
|move|p2a: Politoed|Hydro Pump|p1a: Ferrothorn
|-activate|p1a: Ferrothorn|move: Protect
|
|-weather|RainDance|[upkeep]
|-heal|p1a: Ferrothorn|53/100|[from] item: Leftovers
|upkeep
|turn|29
|
|t:|1724294184
|move|p2a: Politoed|Hydro Pump|p1a: Ferrothorn|[miss]
|-miss|p2a: Politoed|p1a: Ferrothorn
|move|p1a: Ferrothorn|Leech Seed|p2a: Politoed
|-start|p2a: Politoed|move: Leech Seed
|
|-weather|RainDance|[upkeep]
|-heal|p1a: Ferrothorn|59/100|[from] item: Leftovers
|-damage|p2a: Politoed|64/100|[from] Leech Seed|[of] p1a: Ferrothorn
|-heal|p1a: Ferrothorn|73/100|[silent]
|upkeep
|turn|30
|
|t:|1724294192
|switch|p2a: Jirachi|Jirachi|88/100
|move|p1a: Ferrothorn|Gyro Ball|p2a: Jirachi
|-resisted|p2a: Jirachi
|-damage|p2a: Jirachi|39/100
|
|-weather|RainDance|[upkeep]
|-heal|p2a: Jirachi|45/100|[from] item: Leftovers
|-heal|p1a: Ferrothorn|79/100|[from] item: Leftovers
|upkeep
|turn|31
|
|t:|1724294200
|move|p2a: Jirachi|Wish|p2a: Jirachi
|move|p1a: Ferrothorn|Leech Seed|p2a: Jirachi
|-start|p2a: Jirachi|move: Leech Seed
|
|-weather|RainDance|[upkeep]
|-heal|p2a: Jirachi|51/100|[from] item: Leftovers
|-heal|p1a: Ferrothorn|85/100|[from] item: Leftovers
|-damage|p2a: Jirachi|39/100|[from] Leech Seed|[of] p1a: Ferrothorn
|-heal|p1a: Ferrothorn|99/100|[silent]
|upkeep
|turn|32
|
|t:|1724294209
|move|p2a: Jirachi|Thunder|p1a: Ferrothorn
|-resisted|p1a: Ferrothorn
|-damage|p1a: Ferrothorn|91/100
|-status|p1a: Ferrothorn|par
|cant|p1a: Ferrothorn|par
|
|-weather|RainDance|[upkeep]
|-heal|p2a: Jirachi|89/100|[from] move: Wish|[wisher] Jirachi
|-heal|p2a: Jirachi|95/100|[from] item: Leftovers
|-heal|p1a: Ferrothorn|98/100 par|[from] item: Leftovers
|-damage|p2a: Jirachi|83/100|[from] Leech Seed|[of] p1a: Ferrothorn
|-heal|p1a: Ferrothorn|100/100 par|[silent]
|upkeep
|turn|33
|
|t:|1724294221
|move|p2a: Jirachi|Wish|p2a: Jirachi
|move|p1a: Ferrothorn|Curse|p1a: Ferrothorn
|-unboost|p1a: Ferrothorn|spe|1
|-boost|p1a: Ferrothorn|atk|1
|-boost|p1a: Ferrothorn|def|1
|
|-weather|RainDance|[upkeep]
|-heal|p2a: Jirachi|89/100|[from] item: Leftovers
|-damage|p2a: Jirachi|77/100|[from] Leech Seed|[of] p1a: Ferrothorn
|upkeep
|turn|34
|
|t:|1724294233
|switch|p2a: Conkeldurr|Conkeldurr, F, shiny|21/100 brn
|move|p1a: Ferrothorn|Curse|p1a: Ferrothorn
|-unboost|p1a: Ferrothorn|spe|1
|-boost|p1a: Ferrothorn|atk|1
|-boost|p1a: Ferrothorn|def|1
|
|-weather|RainDance|[upkeep]
|-heal|p2a: Conkeldurr|74/100 brn|[from] move: Wish|[wisher] Jirachi
|-damage|p2a: Conkeldurr|62/100 brn|[from] brn
|upkeep
|turn|35
|
|t:|1724294243
|move|p2a: Conkeldurr|Drain Punch|p1a: Ferrothorn
|-supereffective|p1a: Ferrothorn
|-damage|p1a: Ferrothorn|71/100 par
|-heal|p2a: Conkeldurr|75/100 brn|[from] drain|[of] p1a: Ferrothorn
|-damage|p2a: Conkeldurr|63/100 brn|[from] ability: Iron Barbs|[of] p1a: Ferrothorn
|cant|p1a: Ferrothorn|par
|
|-weather|RainDance|[upkeep]
|-heal|p1a: Ferrothorn|77/100 par|[from] item: Leftovers
|-damage|p2a: Conkeldurr|51/100 brn|[from] brn
|upkeep
|turn|36
|
|t:|1724294253
|move|p1a: Ferrothorn|Protect|p1a: Ferrothorn
|-singleturn|p1a: Ferrothorn|Protect
|move|p2a: Conkeldurr|Drain Punch|p1a: Ferrothorn
|-activate|p1a: Ferrothorn|move: Protect
|
|-weather|RainDance|[upkeep]
|-heal|p1a: Ferrothorn|83/100 par|[from] item: Leftovers
|-damage|p2a: Conkeldurr|38/100 brn|[from] brn
|upkeep
|turn|37
|
|t:|1724294261
|move|p2a: Conkeldurr|Drain Punch|p1a: Ferrothorn
|-supereffective|p1a: Ferrothorn
|-damage|p1a: Ferrothorn|54/100 par
|-heal|p2a: Conkeldurr|52/100 brn|[from] drain|[of] p1a: Ferrothorn
|-damage|p2a: Conkeldurr|40/100 brn|[from] ability: Iron Barbs|[of] p1a: Ferrothorn
|move|p1a: Ferrothorn|Gyro Ball|p2a: Conkeldurr
|-damage|p2a: Conkeldurr|0 fnt
|faint|p2a: Conkeldurr
|
|-weather|RainDance|[upkeep]
|-heal|p1a: Ferrothorn|60/100 par|[from] item: Leftovers
|upkeep
|
|t:|1724294269
|switch|p2a: Donphan|Donphan, F|100/100
|turn|38
|
|t:|1724294273
|move|p2a: Donphan|Earthquake|p1a: Ferrothorn
|-damage|p1a: Ferrothorn|52/100 par
|move|p1a: Ferrothorn|Leech Seed|p2a: Donphan|[miss]
|-miss|p1a: Ferrothorn|p2a: Donphan
|
|-weather|RainDance|[upkeep]
|-heal|p1a: Ferrothorn|58/100 par|[from] item: Leftovers
|upkeep
|turn|39
|
|t:|1724294280
|move|p2a: Donphan|Earthquake|p1a: Ferrothorn
|-damage|p1a: Ferrothorn|48/100 par
|move|p1a: Ferrothorn|Leech Seed|p2a: Donphan
|-start|p2a: Donphan|move: Leech Seed
|
|-weather|RainDance|[upkeep]
|-heal|p1a: Ferrothorn|54/100 par|[from] item: Leftovers
|-damage|p2a: Donphan|88/100|[from] Leech Seed|[of] p1a: Ferrothorn
|-heal|p1a: Ferrothorn|68/100 par|[silent]
|upkeep
|turn|40
|
|t:|1724294289
|move|p2a: Donphan|Rapid Spin|p1a: Ferrothorn
|-resisted|p1a: Ferrothorn
|-damage|p1a: Ferrothorn|68/100 par
|-damage|p2a: Donphan|75/100|[from] ability: Iron Barbs|[of] p1a: Ferrothorn
|-end|p2a: Donphan|Leech Seed|[from] move: Rapid Spin|[of] p2a: Donphan
|move|p1a: Ferrothorn|Gyro Ball|p2a: Donphan
|-damage|p2a: Donphan|0 fnt
|faint|p2a: Donphan
|
|-weather|RainDance|[upkeep]
|-heal|p1a: Ferrothorn|74/100 par|[from] item: Leftovers
|upkeep
|
|t:|1724294297
|switch|p2a: Keldeo|Keldeo|94/100
|turn|41
|
|t:|1724294301
|move|p2a: Keldeo|Secret Sword|p1a: Ferrothorn
|-supereffective|p1a: Ferrothorn
|-damage|p1a: Ferrothorn|55/100 par
|move|p1a: Ferrothorn|Leech Seed|p2a: Keldeo|[miss]
|-miss|p1a: Ferrothorn|p2a: Keldeo
|
|-weather|RainDance|[upkeep]
|-heal|p2a: Keldeo|100/100|[from] item: Leftovers
|-heal|p1a: Ferrothorn|61/100 par|[from] item: Leftovers
|upkeep
|turn|42
|
|t:|1724294312
|move|p2a: Keldeo|Protect|p2a: Keldeo
|-singleturn|p2a: Keldeo|Protect
|move|p1a: Ferrothorn|Gyro Ball|p2a: Keldeo
|-activate|p2a: Keldeo|move: Protect
|
|-weather|RainDance|[upkeep]
|-heal|p1a: Ferrothorn|68/100 par|[from] item: Leftovers
|upkeep
|turn|43
|
|t:|1724294318
|switch|p2a: Politoed|Politoed, F|64/100
|move|p1a: Ferrothorn|Gyro Ball|p2a: Politoed
|-resisted|p2a: Politoed
|-damage|p2a: Politoed|0 fnt
|faint|p2a: Politoed
|
|-weather|RainDance|[upkeep]
|-heal|p1a: Ferrothorn|74/100 par|[from] item: Leftovers
|upkeep
|
|t:|1724294327
|switch|p2a: Jirachi|Jirachi|77/100
|turn|44
|
|t:|1724294332
|move|p2a: Jirachi|Wish|p2a: Jirachi
|move|p1a: Ferrothorn|Curse|p1a: Ferrothorn
|-unboost|p1a: Ferrothorn|spe|1
|-boost|p1a: Ferrothorn|atk|1
|-boost|p1a: Ferrothorn|def|1
|
|-weather|RainDance|[upkeep]
|-heal|p2a: Jirachi|83/100|[from] item: Leftovers
|-heal|p1a: Ferrothorn|80/100 par|[from] item: Leftovers
|upkeep
|turn|45
|
|t:|1724294340
|move|p2a: Jirachi|Thunder|p1a: Ferrothorn
|-resisted|p1a: Ferrothorn
|-damage|p1a: Ferrothorn|73/100 par
|cant|p1a: Ferrothorn|par
|
|-weather|RainDance|[upkeep]
|-heal|p2a: Jirachi|100/100|[from] move: Wish|[wisher] Jirachi
|-heal|p1a: Ferrothorn|79/100 par|[from] item: Leftovers
|upkeep
|turn|46
|
|t:|1724294349
|move|p2a: Jirachi|Wish|p2a: Jirachi
|move|p1a: Ferrothorn|Gyro Ball|p2a: Jirachi
|-resisted|p2a: Jirachi
|-damage|p2a: Jirachi|20/100
|
|-weather|RainDance|[upkeep]
|-heal|p2a: Jirachi|26/100|[from] item: Leftovers
|-heal|p1a: Ferrothorn|85/100 par|[from] item: Leftovers
|upkeep
|turn|47
|
|t:|1724294358
|move|p2a: Jirachi|Iron Head|p1a: Ferrothorn
|-resisted|p1a: Ferrothorn
|-damage|p1a: Ferrothorn|83/100 par
|-damage|p2a: Jirachi|13/100|[from] ability: Iron Barbs|[of] p1a: Ferrothorn
|move|p1a: Ferrothorn|Gyro Ball|p2a: Jirachi
|-resisted|p2a: Jirachi
|-damage|p2a: Jirachi|0 fnt
|faint|p2a: Jirachi
|
|-weather|RainDance|[upkeep]
|-heal|p1a: Ferrothorn|89/100 par|[from] item: Leftovers
|upkeep
|
|t:|1724294362
|switch|p2a: Keldeo|Keldeo|100/100
|turn|48
|
|t:|1724294371
|move|p1a: Ferrothorn|Protect|p1a: Ferrothorn
|-singleturn|p1a: Ferrothorn|Protect
|move|p2a: Keldeo|Secret Sword|p1a: Ferrothorn
|-activate|p1a: Ferrothorn|move: Protect
|
|-weather|RainDance|[upkeep]
|-heal|p1a: Ferrothorn|95/100 par|[from] item: Leftovers
|upkeep
|turn|49
|-message|happy_hitbox forfeited.
|
|win|CertamenMeum
|raw|CertamenMeum's rating: 1546 &rarr; <strong>1561</strong><br />(+15 for winning)
|raw|happy_hitbox's rating: 1464 &rarr; <strong>1449</strong><br />(-15 for losing)
|l|‽happy_hitbox
|player|p2|
