|join|waltermel0n
|join|Pedro-P
|player|p1|waltermel0n|101
|player|p2|Pedro-P|56
|gametype|singles
|gen|5
|tier|[Gen 5] OU
|rated
|rule|Evasion Abilities Clause: Evasion abilities are banned
|clearpoke
|poke|p1|Virizion
|poke|p1|Mienshao, F
|poke|p1|Slowbro, M
|poke|p1|Gliscor, M
|poke|p1|Heatran, M
|poke|p1|Jirachi
|poke|p2|Gliscor, M
|poke|p2|Tyranitar, F
|poke|p2|Jirachi
|poke|p2|Keldeo
|poke|p2|Forretress, M
|poke|p2|Celebi
|rule|Sleep Clause Mod: Limit one foe put to sleep
|rule|Species Clause: Limit one of each Pokemon
|rule|OHKO Clause: OHKO moves are banned
|rule|Moody Clause: Moody is banned
|rule|Evasion Moves Clause: Evasion moves are banned
|rule|Endless Battle Clause: Forcing endless battles is banned.
|rule|HP Percentage Mod: HP is reported as percentages
|teampreview
|
|start
|switch|p1a: Mienshao|Mienshao, F|271/271
|switch|p2a: Gliscor|Gliscor, M|292/292
|turn|1
|
|switch|p2a: Forretress|Forretress, M|354/354
|move|p1a: Mienshao|Fake Out|p2a: Forretress
|-resisted|p2a: Forretress
|-damage|p2a: Forretress|335/354
|-damage|p1a: Mienshao|244/271|[from] item: Life Orb
|
|-heal|p2a: Forretress|354/354|[from] item: Leftovers
|turn|2
|
|move|p1a: Mienshao|U-turn|p2a: Forretress
|-resisted|p2a: Forretress
|-damage|p2a: Forretress|320/354
|-damage|p1a: Mienshao|217/271|[from] item: Life Orb
|
|switch|p1a: Heatran|Heatran, M|385/385
|move|p2a: Forretress|Spikes|p1a: Heatran
|-sidestart|p1: waltermel0n|Spikes
|
|-heal|p2a: Forretress|342/354|[from] item: Leftovers
|turn|3
|
|switch|p2a: Tyranitar|Tyranitar, F|404/404
|-weather|Sandstorm|[from] ability: Sand Stream|[of] p2a: Tyranitar
|move|p1a: Heatran|Lava Plume|p2a: Tyranitar
|-resisted|p2a: Tyranitar
|-damage|p2a: Tyranitar|377/404
|-status|p2a: Tyranitar|brn
|
|-weather|Sandstorm|[upkeep]
|-damage|p2a: Tyranitar|327/404 brn|[from] brn
|turn|4
|
|switch|p1a: Gliscor|Gliscor, M|352/352
|move|p2a: Tyranitar|Stealth Rock|p1a: Gliscor
|-sidestart|p1: waltermel0n|move: Stealth Rock
|
|-weather|Sandstorm|[upkeep]
|-damage|p2a: Tyranitar|277/404 brn|[from] brn
|-status|p1a: Gliscor|tox|[from] item: Toxic Orb
|turn|5
|join|16kims1
|
|switch|p1a: Mienshao|Mienshao, F|271/271
|-damage|p1a: Mienshao|238/271|[from] Spikes
|-damage|p1a: Mienshao|222/271|[from] Stealth Rock
|switch|p2a: Gliscor|Gliscor, M|292/292
|
|-weather|Sandstorm|[upkeep]
|-damage|p1a: Mienshao|206/271|[from] sandstorm
|turn|6
|
|switch|p2a: Forretress|Forretress, M|342/354
|move|p1a: Mienshao|U-turn|p2a: Forretress
|-resisted|p2a: Forretress
|-damage|p2a: Forretress|312/354
|-damage|p1a: Mienshao|179/271|[from] item: Life Orb
|
|switch|p1a: Slowbro|Slowbro, M|393/393
|-damage|p1a: Slowbro|344/393|[from] Spikes
|-damage|p1a: Slowbro|295/393|[from] Stealth Rock
|
|-weather|Sandstorm|[upkeep]
|-damage|p1a: Slowbro|271/393|[from] sandstorm
|-heal|p1a: Slowbro|295/393|[from] item: Leftovers
|-heal|p2a: Forretress|334/354|[from] item: Leftovers
|turn|7
|
|switch|p2a: Tyranitar|Tyranitar, F|277/404 brn
|move|p1a: Slowbro|Flamethrower|p2a: Tyranitar
|-resisted|p2a: Tyranitar
|-damage|p2a: Tyranitar|258/404 brn
|
|-weather|Sandstorm|[upkeep]
|-damage|p1a: Slowbro|271/393|[from] sandstorm
|-heal|p1a: Slowbro|295/393|[from] item: Leftovers
|-damage|p2a: Tyranitar|208/404 brn|[from] brn
|turn|8
|
|switch|p2a: Celebi|Celebi|399/399
|switch|p1a: Mienshao|Mienshao, F|269/271
|-damage|p1a: Mienshao|236/271|[from] Spikes
|-damage|p1a: Mienshao|220/271|[from] Stealth Rock
|
|-weather|Sandstorm|[upkeep]
|-damage|p1a: Mienshao|204/271|[from] sandstorm
|-damage|p2a: Celebi|375/399|[from] sandstorm
|turn|9
|
|switch|p2a: Forretress|Forretress, M|334/354
|move|p1a: Mienshao|U-turn|p2a: Forretress
|-resisted|p2a: Forretress
|-damage|p2a: Forretress|304/354
|-damage|p1a: Mienshao|177/271|[from] item: Life Orb
|
|switch|p1a: Slowbro|Slowbro, M|393/393
|-damage|p1a: Slowbro|344/393|[from] Stealth Rock
|-damage|p1a: Slowbro|295/393|[from] Spikes
|
|-weather|Sandstorm|[upkeep]
|-damage|p1a: Slowbro|271/393|[from] sandstorm
|-heal|p1a: Slowbro|295/393|[from] item: Leftovers
|-heal|p2a: Forretress|326/354|[from] item: Leftovers
|turn|10
|
|switch|p2a: Celebi|Celebi|375/399
|move|p1a: Slowbro|Flamethrower|p2a: Celebi
|-supereffective|p2a: Celebi
|-damage|p2a: Celebi|229/399
|
|-weather|Sandstorm|[upkeep]
|-damage|p2a: Celebi|205/399|[from] sandstorm
|-damage|p1a: Slowbro|271/393|[from] sandstorm
|-heal|p1a: Slowbro|295/393|[from] item: Leftovers
|turn|11
|
|switch|p1a: Jirachi|Jirachi|404/404
|-damage|p1a: Jirachi|379/404|[from] Stealth Rock
|-damage|p1a: Jirachi|329/404|[from] Spikes
|move|p2a: Celebi|Leaf Storm|p1a: Jirachi
|-crit|p1a: Jirachi
|-resisted|p1a: Jirachi
|-damage|p1a: Jirachi|115/404
|-unboost|p2a: Celebi|spa|2
|-damage|p2a: Celebi|166/399|[from] item: Life Orb
|
|-weather|Sandstorm|[upkeep]
|-damage|p2a: Celebi|142/399|[from] sandstorm
|-heal|p1a: Jirachi|140/404|[from] item: Leftovers
|turn|12
|
|switch|p2a: Forretress|Forretress, M|326/354
|move|p1a: Jirachi|U-turn|p2a: Forretress
|-resisted|p2a: Forretress
|-damage|p2a: Forretress|310/354
|
|switch|p1a: Slowbro|Slowbro, M|393/393
|-damage|p1a: Slowbro|344/393|[from] Spikes
|-damage|p1a: Slowbro|295/393|[from] Stealth Rock
|
|-weather|Sandstorm|[upkeep]
|-damage|p1a: Slowbro|271/393|[from] sandstorm
|-heal|p1a: Slowbro|295/393|[from] item: Leftovers
|-heal|p2a: Forretress|332/354|[from] item: Leftovers
|turn|13
|
|switch|p2a: Tyranitar|Tyranitar, F|208/404 brn
|move|p1a: Slowbro|Flamethrower|p2a: Tyranitar
|-resisted|p2a: Tyranitar
|-damage|p2a: Tyranitar|191/404 brn
|
|-weather|Sandstorm|[upkeep]
|-damage|p1a: Slowbro|271/393|[from] sandstorm
|-heal|p1a: Slowbro|295/393|[from] item: Leftovers
|-damage|p2a: Tyranitar|141/404 brn|[from] brn
|turn|14
|
|switch|p2a: Celebi|Celebi|142/399
|move|p1a: Slowbro|Slack Off|p1a: Slowbro
|-heal|p1a: Slowbro|393/393
|
|-weather|Sandstorm|[upkeep]
|-damage|p2a: Celebi|118/399|[from] sandstorm
|-damage|p1a: Slowbro|369/393|[from] sandstorm
|-heal|p1a: Slowbro|393/393|[from] item: Leftovers
|turn|15
|
|switch|p1a: Virizion|Virizion|323/323
|-damage|p1a: Virizion|303/323|[from] Stealth Rock
|-damage|p1a: Virizion|263/323|[from] Spikes
|move|p2a: Celebi|Recover|p2a: Celebi
|-heal|p2a: Celebi|318/399
|
|-weather|Sandstorm|[upkeep]
|-damage|p1a: Virizion|243/323|[from] sandstorm
|-damage|p2a: Celebi|294/399|[from] sandstorm
|-heal|p1a: Virizion|263/323|[from] item: Leftovers
|turn|16
|leave|16kims1
|
|move|p1a: Virizion|Hidden Power|p2a: Celebi
|-supereffective|p2a: Celebi
|-damage|p2a: Celebi|160/399
|move|p2a: Celebi|Hidden Power|p1a: Virizion
|-supereffective|p1a: Virizion
|-damage|p1a: Virizion|107/323
|-damage|p2a: Celebi|121/399|[from] item: Life Orb
|
|-weather|Sandstorm|[upkeep]
|-damage|p1a: Virizion|87/323|[from] sandstorm
|-damage|p2a: Celebi|97/399|[from] sandstorm
|-heal|p1a: Virizion|107/323|[from] item: Leftovers
|turn|17
|
|switch|p2a: Jirachi|Jirachi|404/404
|move|p1a: Virizion|Focus Blast|p2a: Jirachi
|-damage|p2a: Jirachi|275/404
|
|-weather|Sandstorm|[upkeep]
|-damage|p1a: Virizion|87/323|[from] sandstorm
|-heal|p1a: Virizion|107/323|[from] item: Leftovers
|-heal|p2a: Jirachi|300/404|[from] item: Leftovers
|turn|18
|
|switch|p1a: Heatran|Heatran, M|385/385
|-damage|p1a: Heatran|337/385|[from] Spikes
|-damage|p1a: Heatran|289/385|[from] Stealth Rock
|move|p2a: Jirachi|Wish|p2a: Jirachi
|
|-weather|Sandstorm|[upkeep]
|-heal|p2a: Jirachi|325/404|[from] item: Leftovers
|-heal|p1a: Heatran|313/385|[from] item: Leftovers
|turn|19
|
|switch|p2a: Tyranitar|Tyranitar, F|141/404 brn
|move|p1a: Heatran|Stealth Rock|p2a: Tyranitar
|-sidestart|p2: Pedro-P|move: Stealth Rock
|
|-weather|Sandstorm|[upkeep]
|-heal|p2a: Tyranitar|343/404 brn|[from] move: Wish|[wisher] Jirachi
|-heal|p1a: Heatran|337/385|[from] item: Leftovers
|-damage|p2a: Tyranitar|293/404 brn|[from] brn
|turn|20
|
|switch|p1a: Gliscor|Gliscor, M|352/352 tox
|-damage|p1a: Gliscor|308/352 tox|[from] Stealth Rock
|move|p2a: Tyranitar|Earthquake|p1a: Gliscor
|-immune|p1a: Gliscor|[msg]
|
|-weather|Sandstorm|[upkeep]
|-heal|p1a: Gliscor|352/352 tox|[from] ability: Poison Heal
|-damage|p2a: Tyranitar|243/404 brn|[from] brn
|turn|21
|
|switch|p2a: Gliscor|Gliscor, M|292/292
|-damage|p2a: Gliscor|256/292|[from] Stealth Rock
|move|p1a: Gliscor|Ice Fang|p2a: Gliscor
|-crit|p2a: Gliscor
|-supereffective|p2a: Gliscor
|-damage|p2a: Gliscor|0 fnt
|faint|p2a: Gliscor
|
|-weather|Sandstorm|[upkeep]
|
|switch|p2a: Keldeo|Keldeo|324/324
|-damage|p2a: Keldeo|304/324|[from] Stealth Rock
|turn|22
|
|move|p1a: Gliscor|Protect|p1a: Gliscor
|-singleturn|p1a: Gliscor|Protect
|move|p2a: Keldeo|Hydro Pump|p1a: Gliscor
|-activate|p1a: Gliscor|Protect
|
|-weather|Sandstorm|[upkeep]
|-damage|p2a: Keldeo|284/324|[from] sandstorm
|turn|23
|
|switch|p1a: Slowbro|Slowbro, M|393/393
|-damage|p1a: Slowbro|344/393|[from] Spikes
|-damage|p1a: Slowbro|295/393|[from] Stealth Rock
|move|p2a: Keldeo|Hydro Pump|p1a: Slowbro
|-resisted|p1a: Slowbro
|-damage|p1a: Slowbro|181/393
|
|-weather|Sandstorm|[upkeep]
|-damage|p2a: Keldeo|264/324|[from] sandstorm
|-damage|p1a: Slowbro|157/393|[from] sandstorm
|-heal|p1a: Slowbro|181/393|[from] item: Leftovers
|turn|24
|
|switch|p2a: Tyranitar|Tyranitar, F|243/404 brn
|-damage|p2a: Tyranitar|193/404 brn|[from] Stealth Rock
|switch|p1a: Mienshao|Mienshao, F|267/271
|-damage|p1a: Mienshao|251/271|[from] Stealth Rock
|-damage|p1a: Mienshao|218/271|[from] Spikes
|
|-weather|Sandstorm|[upkeep]
|-damage|p1a: Mienshao|202/271|[from] sandstorm
|-damage|p2a: Tyranitar|143/404 brn|[from] brn
|turn|25
|
|switch|p2a: Forretress|Forretress, M|332/354
|-damage|p2a: Forretress|288/354|[from] Stealth Rock
|move|p1a: Mienshao|High Jump Kick|p2a: Forretress
|-damage|p2a: Forretress|127/354
|-damage|p1a: Mienshao|175/271|[from] item: Life Orb
|
|-weather|Sandstorm|[upkeep]
|-damage|p1a: Mienshao|159/271|[from] sandstorm
|-heal|p2a: Forretress|149/354|[from] item: Leftovers
|turn|26
|
|move|p1a: Mienshao|High Jump Kick|p2a: Forretress|[miss]
|-miss|p1a: Mienshao|p2a: Forretress
|-damage|p1a: Mienshao|24/271|[from] highjumpkick
|move|p2a: Forretress|Rapid Spin|p1a: Mienshao
|-damage|p1a: Mienshao|2/271
|-sideend|p2: Pedro-P|Stealth Rock|[from] move: Rapid Spin|[of] p2a: Forretress
|
|-weather|Sandstorm|[upkeep]
|-damage|p1a: Mienshao|0 fnt|[from] sandstorm
|-heal|p2a: Forretress|171/354|[from] item: Leftovers
|faint|p1a: Mienshao
|
|switch|p1a: Slowbro|Slowbro, M|312/393
|-damage|p1a: Slowbro|263/393|[from] Stealth Rock
|-damage|p1a: Slowbro|214/393|[from] Spikes
|turn|27
|
|switch|p2a: Tyranitar|Tyranitar, F|143/404 brn
|move|p1a: Slowbro|Slack Off|p1a: Slowbro
|-heal|p1a: Slowbro|393/393
|
|-weather|Sandstorm|[upkeep]
|-damage|p1a: Slowbro|369/393|[from] sandstorm
|-heal|p1a: Slowbro|393/393|[from] item: Leftovers
|-damage|p2a: Tyranitar|93/404 brn|[from] brn
|turn|28
|
|switch|p2a: Celebi|Celebi|97/399
|move|p1a: Slowbro|Slack Off|p1a: Slowbro
|-fail|p1a: Slowbro
|
|-weather|Sandstorm|[upkeep]
|-damage|p2a: Celebi|73/399|[from] sandstorm
|-damage|p1a: Slowbro|369/393|[from] sandstorm
|-heal|p1a: Slowbro|393/393|[from] item: Leftovers
|turn|29
|
|move|p2a: Celebi|Recover|p2a: Celebi
|-heal|p2a: Celebi|273/399
|move|p1a: Slowbro|Flamethrower|p2a: Celebi
|-supereffective|p2a: Celebi
|-damage|p2a: Celebi|121/399
|
|-weather|Sandstorm|[upkeep]
|-damage|p2a: Celebi|97/399|[from] sandstorm
|-damage|p1a: Slowbro|369/393|[from] sandstorm
|-heal|p1a: Slowbro|393/393|[from] item: Leftovers
|turn|30
|
|switch|p1a: Jirachi|Jirachi|140/404
|-damage|p1a: Jirachi|90/404|[from] Spikes
|-damage|p1a: Jirachi|65/404|[from] Stealth Rock
|move|p2a: Celebi|Recover|p2a: Celebi
|-heal|p2a: Celebi|297/399
|
|-weather|Sandstorm|[upkeep]
|-damage|p2a: Celebi|273/399|[from] sandstorm
|-heal|p1a: Jirachi|90/404|[from] item: Leftovers
|turn|31
|
|move|p2a: Celebi|Hidden Power|p1a: Jirachi
|-supereffective|p1a: Jirachi
|-damage|p1a: Jirachi|0 fnt
|-damage|p2a: Celebi|234/399|[from] item: Life Orb
|faint|p1a: Jirachi
|
|-weather|Sandstorm|[upkeep]
|-damage|p2a: Celebi|210/399|[from] sandstorm
|
|switch|p1a: Heatran|Heatran, M|337/385
|-damage|p1a: Heatran|289/385|[from] Spikes
|-damage|p1a: Heatran|241/385|[from] Stealth Rock
|turn|32
|
|switch|p2a: Tyranitar|Tyranitar, F|93/404 brn
|move|p1a: Heatran|Stealth Rock|p2a: Tyranitar
|-sidestart|p2: Pedro-P|move: Stealth Rock
|
|-weather|Sandstorm|[upkeep]
|-heal|p1a: Heatran|265/385|[from] item: Leftovers
|-damage|p2a: Tyranitar|43/404 brn|[from] brn
|turn|33
|
|switch|p2a: Keldeo|Keldeo|264/324
|-damage|p2a: Keldeo|244/324|[from] Stealth Rock
|move|p1a: Heatran|Earth Power|p2a: Keldeo
|-damage|p2a: Keldeo|145/324
|
|-weather|Sandstorm|[upkeep]
|-damage|p2a: Keldeo|125/324|[from] sandstorm
|-heal|p1a: Heatran|289/385|[from] item: Leftovers
|turn|34
|
|switch|p1a: Virizion|Virizion|107/323
|-damage|p1a: Virizion|87/323|[from] Stealth Rock
|-damage|p1a: Virizion|47/323|[from] Spikes
|move|p2a: Keldeo|Hydro Pump|p1a: Virizion
|-resisted|p1a: Virizion
|-damage|p1a: Virizion|0 fnt
|faint|p1a: Virizion
|
|-weather|Sandstorm|[upkeep]
|-damage|p2a: Keldeo|105/324|[from] sandstorm
|
|switch|p1a: Slowbro|Slowbro, M|393/393
|-damage|p1a: Slowbro|344/393|[from] Stealth Rock
|-damage|p1a: Slowbro|295/393|[from] Spikes
|turn|35
|
|switch|p2a: Tyranitar|Tyranitar, F|43/404 brn
|-damage|p2a: Tyranitar|0 fnt|[from] Stealth Rock
|faint|p2a: Tyranitar
|move|p1a: Slowbro|Flamethrower|p2: Tyranitar|[notarget]
|-notarget
|
|-weather|Sandstorm|[upkeep]
|-damage|p1a: Slowbro|271/393|[from] sandstorm
|-heal|p1a: Slowbro|295/393|[from] item: Leftovers
|
|switch|p2a: Celebi|Celebi|210/399
|-damage|p2a: Celebi|161/399|[from] Stealth Rock
|turn|36
|
|switch|p1a: Gliscor|Gliscor, M|352/352 tox
|-damage|p1a: Gliscor|308/352 tox|[from] Stealth Rock
|move|p2a: Celebi|Leaf Storm|p1a: Gliscor
|-damage|p1a: Gliscor|0 fnt
|-unboost|p2a: Celebi|spa|2
|-damage|p2a: Celebi|122/399|[from] item: Life Orb
|faint|p1a: Gliscor
|
|-weather|Sandstorm|[upkeep]
|-damage|p2a: Celebi|98/399|[from] sandstorm
|
|switch|p1a: Heatran|Heatran, M|289/385
|-damage|p1a: Heatran|241/385|[from] Spikes
|-damage|p1a: Heatran|193/385|[from] Stealth Rock
|turn|37
|
|switch|p2a: Forretress|Forretress, M|171/354
|-damage|p2a: Forretress|127/354|[from] Stealth Rock
|move|p1a: Heatran|Lava Plume|p2a: Forretress
|-supereffective|p2a: Forretress
|-damage|p2a: Forretress|0 fnt
|faint|p2a: Forretress
|
|-weather|Sandstorm|[upkeep]
|-heal|p1a: Heatran|217/385|[from] item: Leftovers
|
|switch|p2a: Keldeo|Keldeo|105/324
|-damage|p2a: Keldeo|85/324|[from] Stealth Rock
|turn|38
|
|switch|p1a: Slowbro|Slowbro, M|393/393
|-damage|p1a: Slowbro|344/393|[from] Spikes
|-damage|p1a: Slowbro|295/393|[from] Stealth Rock
|move|p2a: Keldeo|Hydro Pump|p1a: Slowbro
|-resisted|p1a: Slowbro
|-damage|p1a: Slowbro|187/393
|
|-weather|Sandstorm|[upkeep]
|-damage|p2a: Keldeo|65/324|[from] sandstorm
|-damage|p1a: Slowbro|163/393|[from] sandstorm
|-heal|p1a: Slowbro|187/393|[from] item: Leftovers
|turn|39
|
|switch|p2a: Jirachi|Jirachi|325/404
|-damage|p2a: Jirachi|300/404|[from] Stealth Rock
|move|p1a: Slowbro|Flamethrower|p2a: Jirachi
|-supereffective|p2a: Jirachi
|-damage|p2a: Jirachi|198/404
|
|-weather|Sandstorm|[upkeep]
|-damage|p1a: Slowbro|163/393|[from] sandstorm
|-heal|p2a: Jirachi|223/404|[from] item: Leftovers
|-heal|p1a: Slowbro|187/393|[from] item: Leftovers
|turn|40
|
|move|p2a: Jirachi|Body Slam|p1a: Slowbro
|-damage|p1a: Slowbro|132/393
|move|p1a: Slowbro|Slack Off|p1a: Slowbro
|-heal|p1a: Slowbro|329/393
|
|-weather|Sandstorm|[upkeep]
|-damage|p1a: Slowbro|305/393|[from] sandstorm
|-heal|p2a: Jirachi|248/404|[from] item: Leftovers
|-heal|p1a: Slowbro|329/393|[from] item: Leftovers
|turn|41
|
|move|p2a: Jirachi|Body Slam|p1a: Slowbro
|-damage|p1a: Slowbro|281/393
|move|p1a: Slowbro|Flamethrower|p2a: Jirachi
|-supereffective|p2a: Jirachi
|-damage|p2a: Jirachi|134/404
|
|-weather|Sandstorm|[upkeep]
|-damage|p1a: Slowbro|257/393|[from] sandstorm
|-heal|p2a: Jirachi|159/404|[from] item: Leftovers
|-heal|p1a: Slowbro|281/393|[from] item: Leftovers
|turn|42
|
|move|p2a: Jirachi|Body Slam|p1a: Slowbro
|-damage|p1a: Slowbro|232/393
|-status|p1a: Slowbro|par
|move|p1a: Slowbro|Flamethrower|p2a: Jirachi
|-crit|p2a: Jirachi
|-supereffective|p2a: Jirachi
|-damage|p2a: Jirachi|0 fnt
|faint|p2a: Jirachi
|
|-weather|Sandstorm|[upkeep]
|-damage|p1a: Slowbro|208/393 par|[from] sandstorm
|-heal|p1a: Slowbro|232/393 par|[from] item: Leftovers
|
|switch|p2a: Celebi|Celebi|98/399
|-damage|p2a: Celebi|49/399|[from] Stealth Rock
|turn|43
|
|move|p2a: Celebi|Recover|p2a: Celebi
|-heal|p2a: Celebi|249/399
|move|p1a: Slowbro|Flamethrower|p2a: Celebi
|-supereffective|p2a: Celebi
|-damage|p2a: Celebi|87/399
|
|-weather|Sandstorm|[upkeep]
|-damage|p2a: Celebi|63/399|[from] sandstorm
|-damage|p1a: Slowbro|208/393 par|[from] sandstorm
|-heal|p1a: Slowbro|232/393 par|[from] item: Leftovers
|turn|44
|
|switch|p1a: Heatran|Heatran, M|217/385
|-damage|p1a: Heatran|169/385|[from] Spikes
|-damage|p1a: Heatran|121/385|[from] Stealth Rock
|move|p2a: Celebi|Recover|p2a: Celebi
|-heal|p2a: Celebi|263/399
|
|-weather|Sandstorm|[upkeep]
|-damage|p2a: Celebi|239/399|[from] sandstorm
|-heal|p1a: Heatran|145/385|[from] item: Leftovers
|turn|45
|
|move|p2a: Celebi|Thunder Wave|p1a: Heatran
|-status|p1a: Heatran|par
|move|p1a: Heatran|Lava Plume|p2a: Celebi
|-supereffective|p2a: Celebi
|-damage|p2a: Celebi|21/399
|
|-weather|Sandstorm|[upkeep]
|-damage|p2a: Celebi|0 fnt|[from] sandstorm
|-heal|p1a: Heatran|169/385 par|[from] item: Leftovers
|faint|p2a: Celebi
|
|switch|p2a: Keldeo|Keldeo|65/324
|-damage|p2a: Keldeo|45/324|[from] Stealth Rock
|turn|46
|
|move|p2a: Keldeo|Hydro Pump|p1a: Heatran
|-supereffective|p1a: Heatran
|-damage|p1a: Heatran|0 fnt
|faint|p1a: Heatran
|
|-weather|Sandstorm|[upkeep]
|-damage|p2a: Keldeo|25/324|[from] sandstorm
|chat|waltermel0n|gg
|
|switch|p1a: Slowbro|Slowbro, M|363/393 par
|-damage|p1a: Slowbro|314/393 par|[from] Stealth Rock
|-damage|p1a: Slowbro|265/393 par|[from] Spikes
|turn|47
|chat|Pedro-P|gg
|
|move|p2a: Keldeo|Hydro Pump|p1a: Slowbro
|-resisted|p1a: Slowbro
|-damage|p1a: Slowbro|151/393 par
|move|p1a: Slowbro|Psychic|p2a: Keldeo
|-supereffective|p2a: Keldeo
|-damage|p2a: Keldeo|0 fnt
|faint|p2a: Keldeo
|
|win|waltermel0n
|raw|Ladder updating...
|raw|waltermel0n's rating: 1333 &rarr; <strong>1356</strong><br />(+23 for winning)
|raw|Pedro-P's rating: 1388 &rarr; <strong>1365</strong><br />(-23 for losing)