|j|☆sw is kewl
|j|☆Loom<3
|player|p1|sw is kewl|25
|player|p2|Loom<3|#zinnia
|teamsize|p1|6
|teamsize|p2|6
|gametype|singles
|gen|5
|tier|[Gen 5] OU
|rated|
|rule|Sleep Clause Mod: Limit one foe put to sleep
|rule|Species Clause: Limit one of each Pokémon
|rule|OHKO Clause: OHKO moves are banned
|rule|Moody Clause: Moody is banned
|rule|Evasion Moves Clause: Evasion moves are banned
|rule|Endless Battle Clause: Forcing endless battles is banned
|rule|HP Percentage Mod: HP is shown in percentages
|rule|Evasion Abilities Clause: Evasion abilities are banned
|rule|Baton Pass Clause: Limit one Baton Passer, can't pass Spe and other stats simultaneously
|rule|Swagger Clause: Swagger is banned
|clearpoke
|poke|p1|Mew|item
|poke|p1|Empoleon, M|item
|poke|p1|Thundurus-Therian, M|item
|poke|p1|Whimsicott, F|item
|poke|p1|Azelf|item
|poke|p1|Aerodactyl, F|item
|poke|p2|Starmie|item
|poke|p2|Politoed, F|item
|poke|p2|Tornadus, M|item
|poke|p2|Ferrothorn, F|item
|poke|p2|Garchomp, F|item
|poke|p2|Jirachi|item
|teampreview
|inactive|Battle timer is ON: inactive players will automatically lose when time's up. (requested by Loom<3)
|
|start
|switch|p1a: Aerodactyl|Aerodactyl, F|100/100
|switch|p2a: Politoed|Politoed, F|100/100
|-ability|p1a: Aerodactyl|Pressure
|-weather|RainDance|[from] ability: Drizzle|[of] p2a: Politoed
|turn|1
|
|move|p1a: Aerodactyl|Stealth Rock|p2a: Politoed
|-sidestart|p2: Loom<3|move: Stealth Rock
|move|p2a: Politoed|Scald|p1a: Aerodactyl
|-supereffective|p1a: Aerodactyl
|-enditem|p1a: Aerodactyl|Focus Sash
|-damage|p1a: Aerodactyl|1/100
|-status|p1a: Aerodactyl|brn
|
|-weather|RainDance|[upkeep]
|-damage|p1a: Aerodactyl|0 fnt|[from] brn
|upkeep
|faint|p1a: Aerodactyl
|
|switch|p1a: Azelf|Azelf|100/100
|turn|2
|
|move|p2a: Politoed|Scald|p1a: Azelf
|-damage|p1a: Azelf|38/100
|-status|p1a: Azelf|brn
|move|p1a: Azelf|Light Screen|p1a: Azelf
|-sidestart|p1: sw is kewl|move: Light Screen
|
|-weather|RainDance|[upkeep]
|-damage|p1a: Azelf|26/100 brn|[from] brn
|upkeep
|turn|3
|
|move|p2a: Politoed|Scald|p1a: Azelf
|-damage|p1a: Azelf|0 fnt
|faint|p1a: Azelf
|
|-weather|RainDance|[upkeep]
|upkeep
|
|switch|p1a: Mew|Mew|100/100
|turn|4
|
|switch|p2a: Starmie|Starmie|100/100
|-damage|p2a: Starmie|88/100|[from] Stealth Rock
|move|p1a: Mew|Barrier|p1a: Mew
|-boost|p1a: Mew|def|2
|
|-weather|RainDance|[upkeep]
|upkeep
|turn|5
|
|move|p2a: Starmie|Hydro Pump|p1a: Mew
|-damage|p1a: Mew|59/100
|-damage|p2a: Starmie|78/100|[from] item: Life Orb
|move|p1a: Mew|Calm Mind|p1a: Mew
|-boost|p1a: Mew|spa|1
|-boost|p1a: Mew|spd|1
|
|-weather|RainDance|[upkeep]
|upkeep
|turn|6
|
|switch|p2a: Politoed|Politoed, F|100/100
|-damage|p2a: Politoed|88/100|[from] Stealth Rock
|move|p1a: Mew|Calm Mind|p1a: Mew
|-boost|p1a: Mew|spa|1
|-boost|p1a: Mew|spd|1
|
|-weather|RainDance|[upkeep]
|upkeep
|turn|7
|
|move|p2a: Politoed|Encore|p1a: Mew
|-start|p1a: Mew|Encore
|-enditem|p1a: Mew|Mental Herb
|-end|p1a: Mew|Encore
|move|p1a: Mew|Baton Pass|p1a: Mew
|
|switch|p1a: Empoleon|Empoleon, M|100/100
|
|-weather|RainDance|[upkeep]
|upkeep
|turn|8
|
|switch|p2a: Ferrothorn|Ferrothorn, F|100/100
|-damage|p2a: Ferrothorn|95/100|[from] Stealth Rock
|move|p1a: Empoleon|Agility|p1a: Empoleon
|-boost|p1a: Empoleon|spe|2
|
|-weather|RainDance|[upkeep]
|-heal|p2a: Ferrothorn|100/100|[from] item: Leftovers
|upkeep
|turn|9
|
|move|p1a: Empoleon|Substitute|p1a: Empoleon
|-start|p1a: Empoleon|Substitute
|-damage|p1a: Empoleon|75/100
|move|p2a: Ferrothorn|Leech Seed|p1a: Empoleon
|-fail|p1a: Empoleon
|
|-weather|RainDance|[upkeep]
|-sideend|p1: sw is kewl|move: Light Screen
|upkeep
|turn|10
|
|move|p1a: Empoleon|Surf|p2a: Ferrothorn
|-resisted|p2a: Ferrothorn
|-damage|p2a: Ferrothorn|54/100
|move|p2a: Ferrothorn|Spikes|p1a: Empoleon
|-sidestart|p1: sw is kewl|Spikes
|
|-weather|RainDance|[upkeep]
|-heal|p2a: Ferrothorn|60/100|[from] item: Leftovers
|upkeep
|turn|11
|
|move|p1a: Empoleon|Ice Beam|p2a: Ferrothorn
|-damage|p2a: Ferrothorn|19/100
|move|p2a: Ferrothorn|Gyro Ball|p1a: Empoleon
|-resisted|p1a: Empoleon
|-crit|p1a: Empoleon
|-end|p1a: Empoleon|Substitute
|
|-weather|RainDance|[upkeep]
|-heal|p2a: Ferrothorn|25/100|[from] item: Leftovers
|upkeep
|turn|12
|-message|Loom<3 forfeited.
|
|win|sw is kewl
|l|☆Loom<3
|raw|sw is kewl's rating: 1429 &rarr; <strong>1442</strong><br />(+13 for winning)
|raw|Loom&lt;3's rating: 1306 &rarr; <strong>1293</strong><br />(-13 for losing)
