|j|☆Gen5OU.AntiMeta
|j|☆cinema staff fan
|t:|1745950536
|gametype|singles
|player|p1|Gen5OU.AntiMeta|cyrus|1375
|player|p2|cinema staff fan|sordward-shielbert|1434
|teamsize|p1|6
|teamsize|p2|6
|gen|5
|tier|[Gen 5] OU
|rated|
|rule|Species Clause: Limit one of each Pokémon
|rule|OHKO Clause: OHKO moves are banned
|rule|Moody Clause: Moody is banned
|rule|Evasion Items Clause: Evasion items are banned
|rule|Evasion Moves Clause: Evasion moves are banned
|rule|Endless Battle Clause: Forcing endless battles is banned
|rule|HP Percentage Mod: HP is shown in percentages
|rule|Evasion Abilities Clause: Evasion abilities are banned
|rule|Sleep Moves Clause: Sleep-inducing moves are banned
|rule|Swagger Clause: Swagger is banned
|rule|Baton Pass Stat Clause: No Baton Passer may have a way to boost its stats
|clearpoke
|poke|p1|Latios, M|item
|poke|p1|Gyarados, F|item
|poke|p1|Ferrothorn, F|item
|poke|p1|Gengar, F|item
|poke|p1|Starmie|item
|poke|p1|Heatran, F|item
|poke|p2|Tyranitar, M|item
|poke|p2|Reuniclus, F|item
|poke|p2|Ferrothorn, F|item
|poke|p2|Gastrodon-East, M|item
|poke|p2|Excadrill, M|item
|poke|p2|Terrakion|item
|teampreview
|inactive|Battle timer is ON: inactive players will automatically lose when time's up. (requested by cinema staff fan)
|inactive|Gen5OU.AntiMeta also wants the timer to be on.
|inactive|Gen5OU.AntiMeta has 120 seconds left.
|j| isolatedstar
|inactive|Gen5OU.AntiMeta has 90 seconds left.
|
|t:|1745950606
|start
|switch|p1a: chuck|Ferrothorn, F|100/100
|switch|p2a: Ferrothorn|Ferrothorn, F|100/100
|turn|1
|
|t:|1745950611
|move|p1a: chuck|Thunder Wave|p2a: Ferrothorn
|-status|p2a: Ferrothorn|par
|move|p2a: Ferrothorn|Stealth Rock|p1a: chuck
|-sidestart|p1: Gen5OU.AntiMeta|move: Stealth Rock
|
|upkeep
|turn|2
|
|t:|1745950618
|switch|p2a: Reuniclus|Reuniclus, F|100/100
|move|p1a: chuck|Stealth Rock|p2a: Reuniclus
|-sidestart|p2: cinema staff fan|move: Stealth Rock
|
|upkeep
|turn|3
|
|t:|1745950623
|move|p2a: Reuniclus|Calm Mind|p2a: Reuniclus
|-boost|p2a: Reuniclus|spa|1
|-boost|p2a: Reuniclus|spd|1
|move|p1a: chuck|Thunder Wave|p2a: Reuniclus
|-status|p2a: Reuniclus|par
|
|upkeep
|turn|4
|
|t:|1745950627
|switch|p1a: rey|Starmie|100/100
|-damage|p1a: rey|88/100|[from] Stealth Rock
|cant|p2a: Reuniclus|par
|
|-heal|p1a: rey|94/100|[from] item: Leftovers
|upkeep
|turn|5
|
|t:|1745950635
|move|p1a: rey|Rapid Spin|p2a: Reuniclus
|-damage|p2a: Reuniclus|98/100 par
|-sideend|p1: Gen5OU.AntiMeta|Stealth Rock|[from] move: Rapid Spin|[of] p1a: rey
|move|p2a: Reuniclus|Psychic|p1a: rey
|-resisted|p1a: rey
|-damage|p1a: rey|55/100
|
|-heal|p1a: rey|61/100|[from] item: Leftovers
|-heal|p2a: Reuniclus|100/100 par|[from] item: Leftovers
|upkeep
|turn|6
|
|t:|1745950641
|move|p1a: rey|Hydro Pump|p2a: Reuniclus
|-damage|p2a: Reuniclus|67/100 par
|move|p2a: Reuniclus|Psychic|p1a: rey
|-resisted|p1a: rey
|-damage|p1a: rey|21/100
|
|-heal|p1a: rey|27/100|[from] item: Leftovers
|-heal|p2a: Reuniclus|73/100 par|[from] item: Leftovers
|upkeep
|turn|7
|
|t:|1745950646
|switch|p1a: Latios|Latios, M|100/100
|move|p2a: Reuniclus|Recover|p2a: Reuniclus
|-heal|p2a: Reuniclus|100/100 par
|
|upkeep
|turn|8
|
|t:|1745950648
|move|p1a: Latios|Surf|p2a: Reuniclus
|-damage|p2a: Reuniclus|74/100 par
|-damage|p1a: Latios|91/100|[from] item: Life Orb
|move|p2a: Reuniclus|Calm Mind|p2a: Reuniclus
|-boost|p2a: Reuniclus|spa|1
|-boost|p2a: Reuniclus|spd|1
|
|-heal|p2a: Reuniclus|80/100 par|[from] item: Leftovers
|upkeep
|turn|9
|
|t:|1745950654
|move|p1a: Latios|Draco Meteor|p2a: Reuniclus
|-damage|p2a: Reuniclus|35/100 par
|-unboost|p1a: Latios|spa|2
|-damage|p1a: Latios|81/100|[from] item: Life Orb
|move|p2a: Reuniclus|Psychic|p1a: Latios
|-resisted|p1a: Latios
|-damage|p1a: Latios|40/100
|
|-heal|p2a: Reuniclus|41/100 par|[from] item: Leftovers
|upkeep
|turn|10
|
|t:|1745950656
|switch|p1a: maxus|Gyarados, F|100/100
|move|p2a: Reuniclus|Recover|p2a: Reuniclus
|-heal|p2a: Reuniclus|91/100 par
|
|-heal|p2a: Reuniclus|97/100 par|[from] item: Leftovers
|upkeep
|turn|11
|
|t:|1745950661
|move|p1a: maxus|Dragon Dance|p1a: maxus
|-boost|p1a: maxus|atk|1
|-boost|p1a: maxus|spe|1
|move|p2a: Reuniclus|Psychic|p1a: maxus
|-damage|p1a: maxus|23/100
|
|-heal|p1a: maxus|30/100|[from] item: Leftovers
|-heal|p2a: Reuniclus|100/100 par|[from] item: Leftovers
|upkeep
|turn|12
|
|t:|1745950666
|move|p1a: maxus|Substitute|p1a: maxus
|-start|p1a: maxus|Substitute
|-damage|p1a: maxus|5/100
|move|p2a: Reuniclus|Psychic|p1a: maxus
|-end|p1a: maxus|Substitute
|
|-heal|p1a: maxus|11/100|[from] item: Leftovers
|upkeep
|turn|13
|
|t:|1745950669
|move|p1a: maxus|Bounce||[still]
|-prepare|p1a: maxus|Bounce
|move|p2a: Reuniclus|Psychic|p1a: maxus|[miss]
|-miss|p2a: Reuniclus|p1a: maxus
|
|-heal|p1a: maxus|17/100|[from] item: Leftovers
|upkeep
|turn|14
|
|t:|1745950674
|move|p1a: maxus|Bounce|p2a: Reuniclus|[from] lockedmove
|-damage|p2a: Reuniclus|48/100 par
|move|p2a: Reuniclus|Psychic|p1a: maxus
|-damage|p1a: maxus|0 fnt
|faint|p1a: maxus
|
|-heal|p2a: Reuniclus|54/100 par|[from] item: Leftovers
|upkeep
|
|t:|1745950678
|switch|p1a: Gengar|Gengar, F|100/100
|turn|15
|
|t:|1745950681
|move|p1a: Gengar|Taunt|p2a: Reuniclus
|-start|p2a: Reuniclus|move: Taunt
|cant|p2a: Reuniclus|move: Taunt|Recover
|
|-heal|p2a: Reuniclus|60/100 par|[from] item: Leftovers
|upkeep
|turn|16
|
|t:|1745950687
|switch|p1a: chuck|Ferrothorn, F|100/100
|move|p2a: Reuniclus|Psychic|p1a: chuck
|-resisted|p1a: chuck
|-damage|p1a: chuck|77/100
|
|-heal|p2a: Reuniclus|67/100 par|[from] item: Leftovers
|upkeep
|turn|17
|
|t:|1745950691
|switch|p1a: kyoto|Heatran, F|100/100
|move|p2a: Reuniclus|Focus Blast|p1a: kyoto|[miss]
|-miss|p2a: Reuniclus|p1a: kyoto
|
|-heal|p2a: Reuniclus|73/100 par|[from] item: Leftovers
|-end|p2a: Reuniclus|move: Taunt
|upkeep
|turn|18
|
|t:|1745950694
|switch|p1a: Gengar|Gengar, F|100/100
|cant|p2a: Reuniclus|par
|
|-heal|p2a: Reuniclus|79/100 par|[from] item: Leftovers
|upkeep
|turn|19
|
|t:|1745950698
|move|p1a: Gengar|Taunt|p2a: Reuniclus
|-start|p2a: Reuniclus|move: Taunt
|cant|p2a: Reuniclus|par
|
|-heal|p2a: Reuniclus|85/100 par|[from] item: Leftovers
|upkeep
|turn|20
|
|t:|1745950703
|switch|p1a: kyoto|Heatran, F|100/100
|cant|p2a: Reuniclus|par
|
|-heal|p2a: Reuniclus|91/100 par|[from] item: Leftovers
|upkeep
|turn|21
|
|t:|1745950708
|move|p1a: kyoto|Magma Storm|p2a: Reuniclus|[miss]
|-miss|p1a: kyoto|p2a: Reuniclus
|move|p2a: Reuniclus|Psychic|p1a: kyoto
|-resisted|p1a: kyoto
|-damage|p1a: kyoto|63/100
|
|-heal|p1a: kyoto|69/100|[from] item: Leftovers
|-heal|p2a: Reuniclus|97/100 par|[from] item: Leftovers
|-end|p2a: Reuniclus|move: Taunt
|upkeep
|turn|22
|
|t:|1745950711
|move|p1a: kyoto|Magma Storm|p2a: Reuniclus
|-damage|p2a: Reuniclus|65/100 par
|-activate|p2a: Reuniclus|move: Magma Storm|[of] p1a: kyoto
|cant|p2a: Reuniclus|par
|
|-heal|p1a: kyoto|75/100|[from] item: Leftovers
|-heal|p2a: Reuniclus|71/100 par|[from] item: Leftovers
|upkeep
|turn|23
|-message|Gen5OU.AntiMeta forfeited.
|
|win|cinema staff fan
|raw|Gen5OU.AntiMeta's rating: 1358 &rarr; <strong>1342</strong><br />(-16 for losing)
|raw|cinema staff fan's rating: 1434 &rarr; <strong>1450</strong><br />(+16 for winning)
|l|☆Gen5OU.AntiMeta
|player|p1|
