|j|☆Sad Anime Boy
|j|☆sankafola
|player|p1|Sad Anime Boy|101|1458
|player|p2|sankafola|juan|1440
|teamsize|p1|6
|teamsize|p2|6
|gametype|singles
|gen|5
|tier|[Gen 5] OU
|rated|
|rule|Species Clause: Limit one of each Pokémon
|rule|OHKO Clause: OHKO moves are banned
|rule|Moody Clause: Moody is banned
|rule|Evasion Moves Clause: Evasion moves are banned
|rule|Endless Battle Clause: Forcing endless battles is banned
|rule|HP Percentage Mod: HP is shown in percentages
|rule|Evasion Abilities Clause: Evasion abilities are banned
|rule|Baton Pass Clause: Limit one Baton Passer, can't pass Spe and other stats simultaneously
|rule|Sleep Clause: Sleep-inducing moves are banned
|rule|Swagger Clause: Swagger is banned
|clearpoke
|poke|p1|Tyranitar, F|item
|poke|p1|Rotom-Wash|item
|poke|p1|Alakazam, M|item
|poke|p1|Ferrothorn, M|item
|poke|p1|Landorus-Therian, M|item
|poke|p1|Latios, M|item
|poke|p2|Terrakion|item
|poke|p2|Politoed, F|item
|poke|p2|Jirachi|item
|poke|p2|Tornadus, M|item
|poke|p2|Keldeo-Resolute|item
|poke|p2|Latios, M|item
|teampreview
|inactive|Battle timer is ON: inactive players will automatically lose when time's up. (requested by Sad Anime Boy)
|
|start
|switch|p1a: Latios|Latios, M|100/100
|switch|p2a: Terrakion|Terrakion|100/100
|turn|1
|
|move|p1a: Latios|Surf|p2a: Terrakion
|-supereffective|p2a: Terrakion
|-enditem|p2a: Terrakion|Focus Sash
|-damage|p2a: Terrakion|1/100
|move|p2a: Terrakion|Swords Dance|p2a: Terrakion
|-boost|p2a: Terrakion|atk|2
|
|upkeep
|turn|2
|
|switch|p2a: Latios|Latios, M|100/100
|move|p1a: Latios|Surf|p2a: Latios
|-resisted|p2a: Latios
|-damage|p2a: Latios|73/100
|
|upkeep
|turn|3
|
|switch|p1a: Tyranitar|Tyranitar, F|100/100
|-weather|Sandstorm|[from] ability: Sand Stream|[of] p1a: Tyranitar
|switch|p2a: Terrakion|Terrakion|1/100
|
|-weather|Sandstorm|[upkeep]
|upkeep
|turn|4
|
|switch|p1a: Landorus|Landorus-Therian, M|100/100
|-ability|p1a: Landorus|Intimidate|boost
|-unboost|p2a: Terrakion|atk|1
|move|p2a: Terrakion|Stealth Rock|p1a: Landorus
|-sidestart|p1: Sad Anime Boy|move: Stealth Rock
|
|-weather|Sandstorm|[upkeep]
|upkeep
|turn|5
|
|move|p2a: Terrakion|Rock Slide|p1a: Landorus
|-damage|p1a: Landorus|80/100
|cant|p1a: Landorus|flinch
|
|-weather|Sandstorm|[upkeep]
|upkeep
|turn|6
|
|move|p2a: Terrakion|Rock Slide|p1a: Landorus
|-damage|p1a: Landorus|56/100
|cant|p1a: Landorus|flinch
|
|-weather|Sandstorm|[upkeep]
|upkeep
|turn|7
|
|move|p2a: Terrakion|Rock Slide|p1a: Landorus
|-damage|p1a: Landorus|34/100
|cant|p1a: Landorus|flinch
|
|-weather|Sandstorm|[upkeep]
|upkeep
|turn|8
|c|☆sankafola|omg
|
|move|p2a: Terrakion|Rock Slide|p1a: Landorus
|-damage|p1a: Landorus|11/100
|cant|p1a: Landorus|flinch
|
|-weather|Sandstorm|[upkeep]
|upkeep
|turn|9
|c|☆sankafola|wtf
|
|move|p2a: Terrakion|Rock Slide|p1a: Landorus
|-damage|p1a: Landorus|0 fnt
|faint|p1a: Landorus
|
|-weather|Sandstorm|[upkeep]
|upkeep
|c|☆sankafola|brb buying a lottery ticket
|
|switch|p1a: Alakazam|Alakazam, M|100/100
|turn|10
|
|move|p1a: Alakazam|Shadow Ball|p2a: Terrakion
|-damage|p2a: Terrakion|0 fnt
|faint|p2a: Terrakion
|
|-weather|Sandstorm|[upkeep]
|upkeep
|
|switch|p2a: Politoed|Politoed, F|100/100
|-weather|RainDance|[from] ability: Drizzle|[of] p2a: Politoed
|turn|11
|
|switch|p1a: Ferrothorn|Ferrothorn, M|100/100
|-damage|p1a: Ferrothorn|94/100|[from] Stealth Rock
|move|p2a: Politoed|Scald|p1a: Ferrothorn
|-resisted|p1a: Ferrothorn
|-damage|p1a: Ferrothorn|65/100
|-status|p1a: Ferrothorn|brn
|
|-weather|RainDance|[upkeep]
|-heal|p1a: Ferrothorn|71/100 brn|[from] item: Leftovers
|-damage|p1a: Ferrothorn|59/100 brn|[from] brn
|upkeep
|turn|12
|c|☆Sad Anime Boy|i def would
|c|☆Sad Anime Boy|ur getting super lucky
|
|switch|p2a: Tornadus|Tornadus, M|100/100
|move|p1a: Ferrothorn|Spikes|p2a: Tornadus
|-sidestart|p2: sankafola|Spikes
|
|-weather|RainDance|[upkeep]
|-heal|p1a: Ferrothorn|65/100 brn|[from] item: Leftovers
|-damage|p1a: Ferrothorn|52/100 brn|[from] brn
|upkeep
|turn|13
|c|☆sankafola|^^:
|
|move|p2a: Tornadus|Hurricane|p1a: Ferrothorn
|-damage|p1a: Ferrothorn|0 fnt
|faint|p1a: Ferrothorn
|
|-weather|RainDance|[upkeep]
|upkeep
|
|switch|p1a: Tyranitar|Tyranitar, F|100/100
|-damage|p1a: Tyranitar|88/100|[from] Stealth Rock
|-weather|Sandstorm|[from] ability: Sand Stream|[of] p1a: Tyranitar
|turn|14
|
|-activate|p2a: Tornadus|move: Pursuit
|move|p1a: Tyranitar|Pursuit|p2a: Tornadus|[from]Pursuit
|-damage|p2a: Tornadus|41/100
|switch|p2a: Politoed|Politoed, F|100/100
|-damage|p2a: Politoed|88/100|[from] Spikes
|-weather|RainDance|[from] ability: Drizzle|[of] p2a: Politoed
|
|-weather|RainDance|[upkeep]
|upkeep
|turn|15
|
|switch|p1a: Rotom|Rotom-Wash, shiny|100/100
|-damage|p1a: Rotom|88/100|[from] Stealth Rock
|move|p2a: Politoed|Scald|p1a: Rotom
|-resisted|p1a: Rotom
|-damage|p1a: Rotom|55/100
|-status|p1a: Rotom|brn
|
|-weather|RainDance|[upkeep]
|-heal|p1a: Rotom|61/100 brn|[from] item: Leftovers
|-damage|p1a: Rotom|48/100 brn|[from] brn
|upkeep
|turn|16
|c|☆Sad Anime Boy|lmfao
|
|switch|p2a: Latios|Latios, M|73/100
|move|p1a: Rotom|Volt Switch|p2a: Latios
|-resisted|p2a: Latios
|-damage|p2a: Latios|61/100
|
|switch|p1a: Tyranitar|Tyranitar, F|88/100|[from]move: Volt Switch
|-damage|p1a: Tyranitar|76/100|[from] Stealth Rock
|-weather|Sandstorm|[from] ability: Sand Stream|[of] p1a: Tyranitar
|
|-weather|Sandstorm|[upkeep]
|-damage|p2a: Latios|55/100|[from] Sandstorm
|upkeep
|turn|17
|inactive|sankafola has 120 seconds left.
|
|move|p2a: Latios|Surf|p1a: Tyranitar
|-supereffective|p1a: Tyranitar
|-damage|p1a: Tyranitar|35/100
|-damage|p2a: Latios|45/100|[from] item: Life Orb
|move|p1a: Tyranitar|Stealth Rock|p2a: Latios
|-sidestart|p2: sankafola|move: Stealth Rock
|
|-weather|Sandstorm|[upkeep]
|-damage|p2a: Latios|39/100|[from] Sandstorm
|upkeep
|turn|18
|
|move|p2a: Latios|Surf|p1a: Tyranitar
|-supereffective|p1a: Tyranitar
|-damage|p1a: Tyranitar|0 fnt
|-damage|p2a: Latios|29/100|[from] item: Life Orb
|faint|p1a: Tyranitar
|
|-weather|Sandstorm|[upkeep]
|-damage|p2a: Latios|23/100|[from] Sandstorm
|upkeep
|
|switch|p1a: Alakazam|Alakazam, M|100/100
|turn|19
|
|move|p1a: Alakazam|Shadow Ball|p2a: Latios
|-supereffective|p2a: Latios
|-damage|p2a: Latios|0 fnt
|faint|p2a: Latios
|
|-weather|Sandstorm|[upkeep]
|upkeep
|
|switch|p2a: Politoed|Politoed, F|88/100
|-damage|p2a: Politoed|76/100|[from] Spikes
|-damage|p2a: Politoed|64/100|[from] Stealth Rock
|-weather|RainDance|[from] ability: Drizzle|[of] p2a: Politoed
|turn|20
|
|move|p1a: Alakazam|Psychic|p2a: Politoed
|-damage|p2a: Politoed|23/100
|move|p2a: Politoed|Ice Beam|p1a: Alakazam
|-damage|p1a: Alakazam|40/100
|
|-weather|RainDance|[upkeep]
|upkeep
|turn|21
|
|move|p1a: Alakazam|Psychic|p2a: Politoed
|-damage|p2a: Politoed|0 fnt
|faint|p2a: Politoed
|
|-weather|RainDance|[upkeep]
|upkeep
|
|switch|p2a: Jirachi|Jirachi|100/100
|-damage|p2a: Jirachi|94/100|[from] Stealth Rock
|-damage|p2a: Jirachi|82/100|[from] Spikes
|turn|22
|
|move|p1a: Alakazam|Shadow Ball|p2a: Jirachi
|-damage|p2a: Jirachi|58/100
|move|p2a: Jirachi|Water Pulse|p1a: Alakazam
|-damage|p1a: Alakazam|9/100
|
|-weather|RainDance|[upkeep]
|-heal|p2a: Jirachi|64/100|[from] item: Leftovers
|upkeep
|turn|23
|
|move|p1a: Alakazam|Shadow Ball|p2a: Jirachi
|-damage|p2a: Jirachi|38/100
|-unboost|p2a: Jirachi|spd|1
|move|p2a: Jirachi|Thunder|p1a: Alakazam
|-damage|p1a: Alakazam|0 fnt
|faint|p1a: Alakazam
|
|-weather|RainDance|[upkeep]
|-heal|p2a: Jirachi|44/100|[from] item: Leftovers
|upkeep
|
|switch|p1a: Latios|Latios, M|100/100
|-damage|p1a: Latios|88/100|[from] Stealth Rock
|turn|24
|
|move|p1a: Latios|Surf|p2a: Jirachi
|-damage|p2a: Jirachi|0 fnt
|faint|p2a: Jirachi
|
|-weather|RainDance|[upkeep]
|upkeep
|
|switch|p2a: Tornadus|Tornadus, M|41/100
|-damage|p2a: Tornadus|16/100|[from] Stealth Rock
|turn|25
|
|move|p2a: Tornadus|Hurricane|p1a: Latios
|-damage|p1a: Latios|0 fnt
|faint|p1a: Latios
|
|-weather|RainDance|[upkeep]
|upkeep
|
|switch|p1a: Rotom|Rotom-Wash, shiny|48/100 brn
|-damage|p1a: Rotom|36/100 brn|[from] Stealth Rock
|turn|26
|c|☆Sad Anime Boy|bg
|
|move|p2a: Tornadus|Hurricane|p1a: Rotom
|-resisted|p1a: Rotom
|-damage|p1a: Rotom|1/100 brn
|move|p1a: Rotom|Volt Switch|p2a: Tornadus
|-supereffective|p2a: Tornadus
|-damage|p2a: Tornadus|0 fnt
|faint|p2a: Tornadus
|
|-weather|RainDance|[upkeep]
|-heal|p1a: Rotom|7/100 brn|[from] item: Leftovers
|-damage|p1a: Rotom|0 fnt|[from] brn
|faint|p1a: Rotom
|
|win|sankafola
|upkeep
|c|☆sankafola|lmao
|l|☆Sad Anime Boy
|raw|Sad Anime Boy's rating: 1459 &rarr; <strong>1438</strong><br />(-21 for losing)
|raw|sankafola's rating: 1440 &rarr; <strong>1461</strong><br />(+21 for winning)
