|j|☆when it shutdown
|j|☆AstroMigui
|t:|1748376306
|gametype|singles
|player|p1|when it shutdown|dawn|1613
|player|p2|AstroMigui|hoopster|1449
|teamsize|p1|6
|teamsize|p2|6
|gen|5
|tier|[Gen 5] OU
|rated|
|rule|Species Clause: Limit one of each Pokémon
|rule|OHKO Clause: OHKO moves are banned
|rule|Moody Clause: Moody is banned
|rule|Evasion Items Clause: Evasion items are banned
|rule|Evasion Moves Clause: Evasion moves are banned
|rule|Endless Battle Clause: Forcing endless battles is banned
|rule|HP Percentage Mod: HP is shown in percentages
|rule|Evasion Abilities Clause: Evasion abilities are banned
|rule|Sleep Moves Clause: Sleep-inducing moves are banned
|rule|Swagger Clause: Swagger is banned
|rule|Baton Pass Stat Clause: No Baton Passer may have a way to boost its stats
|clearpoke
|poke|p1|Alomomola, M|item
|poke|p1|Landorus-Therian, M|item
|poke|p1|Excadrill, F|item
|poke|p1|Tyranitar, M|item
|poke|p1|Breloom, F|item
|poke|p1|Latios, M|item
|poke|p2|Abomasnow, M|item
|poke|p2|Garchomp, M|item
|poke|p2|Jirachi|item
|poke|p2|Starmie|item
|poke|p2|Mamoswine, M|item
|poke|p2|Latios, M|item
|teampreview
|
|t:|1748376326
|start
|switch|p1a: Landorus|Landorus-Therian, M|100/100
|switch|p2a: Kim Jong-Un|Abomasnow, M|100/100
|-ability|p1a: Landorus|Intimidate|boost
|-unboost|p2a: Kim Jong-Un|atk|1
|-weather|Hail|[from] ability: Snow Warning|[of] p2a: Kim Jong-Un
|turn|1
|
|t:|1748376335
|move|p1a: Landorus|U-turn|p2a: Kim Jong-Un
|-supereffective|p2a: Kim Jong-Un
|-crit|p2a: Kim Jong-Un
|-enditem|p2a: Kim Jong-Un|Focus Sash
|-damage|p2a: Kim Jong-Un|1/100
|
|t:|1748376343
|switch|p1a: Tyranitar|Tyranitar, M|100/100|[from] U-turn
|-weather|Sandstorm|[from] ability: Sand Stream|[of] p1a: Tyranitar
|move|p2a: Kim Jong-Un|Giga Drain|p1a: Tyranitar
|-supereffective|p1a: Tyranitar
|-crit|p1a: Tyranitar
|-damage|p1a: Tyranitar|26/100
|-heal|p2a: Kim Jong-Un|48/100|[from] drain|[of] p1a: Tyranitar
|
|-weather|Sandstorm|[upkeep]
|-damage|p2a: Kim Jong-Un|41/100|[from] Sandstorm
|upkeep
|turn|2
|
|t:|1748376357
|switch|p1a: Excadrill|Excadrill, F|100/100
|move|p2a: Kim Jong-Un|Giga Drain|p1a: Excadrill
|-damage|p1a: Excadrill|67/100
|-heal|p2a: Kim Jong-Un|61/100|[from] drain|[of] p1a: Excadrill
|
|-weather|Sandstorm|[upkeep]
|-damage|p2a: Kim Jong-Un|54/100|[from] Sandstorm
|-heal|p1a: Excadrill|73/100|[from] item: Leftovers
|upkeep
|turn|3
|
|t:|1748376364
|switch|p2a: Ben Laden|Starmie|100/100
|-item|p2a: Ben Laden|Air Balloon
|move|p1a: Excadrill|Iron Head|p2a: Ben Laden
|-resisted|p2a: Ben Laden
|-damage|p2a: Ben Laden|64/100
|-enditem|p2a: Ben Laden|Air Balloon
|
|-weather|Sandstorm|[upkeep]
|-damage|p2a: Ben Laden|58/100|[from] Sandstorm
|-heal|p1a: Excadrill|80/100|[from] item: Leftovers
|upkeep
|turn|4
|
|t:|1748376370
|switch|p1a: Breloom|Breloom, F|100/100
|move|p2a: Ben Laden|Hydro Pump|p1a: Breloom
|-resisted|p1a: Breloom
|-damage|p1a: Breloom|59/100
|
|-weather|Sandstorm|[upkeep]
|-damage|p2a: Ben Laden|51/100|[from] Sandstorm
|-damage|p1a: Breloom|53/100|[from] Sandstorm
|-status|p1a: Breloom|tox|[from] item: Toxic Orb
|upkeep
|turn|5
|
|t:|1748376378
|move|p1a: Breloom|Protect|p1a: Breloom
|-singleturn|p1a: Breloom|Protect
|move|p2a: Ben Laden|Ice Beam|p1a: Breloom
|-activate|p1a: Breloom|move: Protect
|
|-weather|Sandstorm|[upkeep]
|-damage|p2a: Ben Laden|45/100|[from] Sandstorm
|-damage|p1a: Breloom|47/100 tox|[from] Sandstorm
|-heal|p1a: Breloom|59/100 tox|[from] ability: Poison Heal
|upkeep
|turn|6
|
|t:|1748376388
|move|p2a: Ben Laden|Ice Beam|p1a: Breloom
|-supereffective|p1a: Breloom
|-damage|p1a: Breloom|0 fnt
|faint|p1a: Breloom
|
|-weather|Sandstorm|[upkeep]
|-damage|p2a: Ben Laden|39/100|[from] Sandstorm
|upkeep
|
|t:|1748376394
|switch|p1a: Latios|Latios, M|100/100
|turn|7
|
|t:|1748376399
|switch|p2a: Kanye West|Jirachi|100/100
|move|p1a: Latios|Draco Meteor|p2a: Kanye West
|-resisted|p2a: Kanye West
|-damage|p2a: Kanye West|72/100
|-unboost|p1a: Latios|spa|2
|
|-weather|Sandstorm|[upkeep]
|-damage|p1a: Latios|95/100|[from] Sandstorm
|-heal|p2a: Kanye West|79/100|[from] item: Leftovers
|upkeep
|turn|8
|
|t:|1748376406
|switch|p1a: Excadrill|Excadrill, F|80/100
|move|p2a: Kanye West|Icy Wind|p1a: Excadrill
|-damage|p1a: Excadrill|66/100
|-unboost|p1a: Excadrill|spe|1
|
|-weather|Sandstorm|[upkeep]
|-heal|p2a: Kanye West|85/100|[from] item: Leftovers
|-heal|p1a: Excadrill|72/100|[from] item: Leftovers
|upkeep
|turn|9
|
|t:|1748376411
|move|p2a: Kanye West|Hidden Power|p1a: Excadrill
|-supereffective|p1a: Excadrill
|-damage|p1a: Excadrill|40/100
|move|p1a: Excadrill|Earthquake|p2a: Kanye West
|-supereffective|p2a: Kanye West
|-damage|p2a: Kanye West|0 fnt
|faint|p2a: Kanye West
|
|-weather|Sandstorm|[upkeep]
|-heal|p1a: Excadrill|46/100|[from] item: Leftovers
|upkeep
|
|t:|1748376424
|switch|p2a: Kim Jong-Un|Abomasnow, M|54/100
|-weather|Hail|[from] ability: Snow Warning|[of] p2a: Kim Jong-Un
|turn|10
|
|t:|1748376429
|switch|p1a: Tyranitar|Tyranitar, M|26/100
|-weather|Sandstorm|[from] ability: Sand Stream|[of] p1a: Tyranitar
|move|p2a: Kim Jong-Un|Blizzard|p1a: Tyranitar
|-damage|p1a: Tyranitar|0 fnt
|faint|p1a: Tyranitar
|
|-weather|Sandstorm|[upkeep]
|-damage|p2a: Kim Jong-Un|48/100|[from] Sandstorm
|upkeep
|
|t:|1748376433
|switch|p1a: Excadrill|Excadrill, F|46/100
|turn|11
|
|t:|1748376440
|switch|p2a: Ben Laden|Starmie|39/100
|move|p1a: Excadrill|Iron Head|p2a: Ben Laden
|-resisted|p2a: Ben Laden
|-damage|p2a: Ben Laden|4/100
|
|-weather|Sandstorm|[upkeep]
|-damage|p2a: Ben Laden|0 fnt|[from] Sandstorm
|faint|p2a: Ben Laden
|-heal|p1a: Excadrill|52/100|[from] item: Leftovers
|upkeep
|
|t:|1748376443
|switch|p2a: Kim Jong-Un|Abomasnow, M|48/100
|-weather|Hail|[from] ability: Snow Warning|[of] p2a: Kim Jong-Un
|turn|12
|
|t:|1748376450
|move|p2a: Kim Jong-Un|Ice Shard|p1a: Excadrill
|-damage|p1a: Excadrill|34/100
|move|p1a: Excadrill|Iron Head|p2a: Kim Jong-Un
|-supereffective|p2a: Kim Jong-Un
|-damage|p2a: Kim Jong-Un|0 fnt
|faint|p2a: Kim Jong-Un
|
|-weather|Hail|[upkeep]
|-damage|p1a: Excadrill|28/100|[from] Hail
|-heal|p1a: Excadrill|34/100|[from] item: Leftovers
|upkeep
|
|t:|1748376461
|switch|p2a: Che Guevara|Latios, M|100/100
|turn|13
|
|t:|1748376465
|switch|p1a: Alomomola|Alomomola, M|100/100
|move|p2a: Che Guevara|Hidden Power|p1a: Alomomola
|-resisted|p1a: Alomomola
|-damage|p1a: Alomomola|89/100
|
|-weather|Hail|[upkeep]
|-damage|p2a: Che Guevara|95/100|[from] Hail
|-damage|p1a: Alomomola|83/100|[from] Hail
|-heal|p1a: Alomomola|89/100|[from] item: Leftovers
|upkeep
|turn|14
|
|t:|1748376471
|move|p2a: Che Guevara|Calm Mind|p2a: Che Guevara
|-boost|p2a: Che Guevara|spa|1
|-boost|p2a: Che Guevara|spd|1
|move|p1a: Alomomola|Wish|p1a: Alomomola
|
|-weather|Hail|[upkeep]
|-damage|p2a: Che Guevara|89/100|[from] Hail
|-damage|p1a: Alomomola|83/100|[from] Hail
|-heal|p1a: Alomomola|89/100|[from] item: Leftovers
|upkeep
|turn|15
|
|t:|1748376483
|move|p2a: Che Guevara|Calm Mind|p2a: Che Guevara
|-boost|p2a: Che Guevara|spa|1
|-boost|p2a: Che Guevara|spd|1
|move|p1a: Alomomola|Knock Off|p2a: Che Guevara
|-supereffective|p2a: Che Guevara
|-enditem|p2a: Che Guevara|Colbur Berry|[eat]
|-enditem|p2a: Che Guevara|Colbur Berry|[weaken]
|-damage|p2a: Che Guevara|83/100
|
|-weather|Hail|[upkeep]
|-damage|p2a: Che Guevara|77/100|[from] Hail
|-damage|p1a: Alomomola|83/100|[from] Hail
|-heal|p1a: Alomomola|100/100|[from] move: Wish|[wisher] Alomomola
|upkeep
|turn|16
|
|t:|1748376488
|switch|p1a: Excadrill|Excadrill, F|34/100
|move|p2a: Che Guevara|Draco Meteor|p1a: Excadrill|[miss]
|-miss|p2a: Che Guevara|p1a: Excadrill
|
|-weather|Hail|[upkeep]
|-damage|p2a: Che Guevara|71/100|[from] Hail
|-damage|p1a: Excadrill|28/100|[from] Hail
|-heal|p1a: Excadrill|34/100|[from] item: Leftovers
|upkeep
|turn|17
|
|t:|1748376494
|switch|p1a: Latios|Latios, M|95/100
|move|p2a: Che Guevara|Hidden Power|p1a: Latios
|-resisted|p1a: Latios
|-damage|p1a: Latios|70/100
|
|-weather|Hail|[upkeep]
|-damage|p1a: Latios|64/100|[from] Hail
|-damage|p2a: Che Guevara|65/100|[from] Hail
|upkeep
|turn|18
|
|t:|1748376500
|move|p1a: Latios|Draco Meteor|p2a: Che Guevara
|-supereffective|p2a: Che Guevara
|-damage|p2a: Che Guevara|0 fnt
|-unboost|p1a: Latios|spa|2
|faint|p2a: Che Guevara
|
|-weather|Hail|[upkeep]
|-damage|p1a: Latios|58/100|[from] Hail
|upkeep
|
|t:|1748376509
|switch|p2a: Bill Gates|Garchomp, M, shiny|100/100
|turn|19
|
|t:|1748376513
|switch|p1a: Landorus|Landorus-Therian, M|100/100
|-ability|p1a: Landorus|Intimidate|boost
|-unboost|p2a: Bill Gates|atk|1
|move|p2a: Bill Gates|Outrage|p1a: Landorus
|-damage|p1a: Landorus|68/100
|
|-weather|Hail|[upkeep]
|-damage|p2a: Bill Gates|94/100|[from] Hail
|-damage|p1a: Landorus|62/100|[from] Hail
|-heal|p1a: Landorus|68/100|[from] item: Leftovers
|upkeep
|turn|20
|
|t:|1748376517
|move|p2a: Bill Gates|Outrage|p1a: Landorus|[from] lockedmove
|-damage|p1a: Landorus|38/100
|move|p1a: Landorus|Hidden Power|p2a: Bill Gates
|-supereffective|p2a: Bill Gates
|-damage|p2a: Bill Gates|18/100
|
|-weather|Hail|[upkeep]
|-damage|p2a: Bill Gates|12/100|[from] Hail
|-damage|p1a: Landorus|32/100|[from] Hail
|-heal|p1a: Landorus|38/100|[from] item: Leftovers
|upkeep
|turn|21
|-message|AstroMigui forfeited.
|
|win|when it shutdown
|raw|when it shutdown's rating: 1613 &rarr; <strong>1624</strong><br />(+11 for winning)
|raw|AstroMigui's rating: 1449 &rarr; <strong>1438</strong><br />(-11 for losing)
|l|☆AstroMigui
|player|p2|
