|j|☆av2336
|j|☆Memoire
|t:|1715029449
|gametype|singles
|player|p1|av2336|pokemaniac-gen3rs|1328
|player|p2|Memoire|beauty-gen2jp|1336
|teamsize|p1|6
|teamsize|p2|6
|gen|5
|tier|[Gen 5] OU
|rated|
|rule|Species Clause: Limit one of each Pokémon
|rule|OHKO Clause: OHKO moves are banned
|rule|Moody Clause: Moody is banned
|rule|Evasion Items Clause: Evasion items are banned
|rule|Evasion Moves Clause: Evasion moves are banned
|rule|Endless Battle Clause: Forcing endless battles is banned
|rule|HP Percentage Mod: HP is shown in percentages
|rule|Evasion Abilities Clause: Evasion abilities are banned
|rule|Sleep Moves Clause: Sleep-inducing moves are banned
|rule|Swagger Clause: Swagger is banned
|rule|Baton Pass Stat Clause: No Baton Passer may have a way to boost its stats
|clearpoke
|poke|p1|Azelf|item
|poke|p1|Gengar, M|item
|poke|p1|Latios, M|item
|poke|p1|Volcarona, M|item
|poke|p1|Breloom, F|item
|poke|p1|Excadrill, M|item
|poke|p2|Cloyster, M|item
|poke|p2|Volcarona, M|item
|poke|p2|Starmie|item
|poke|p2|Garchomp, F|item
|poke|p2|Mamoswine, F|item
|poke|p2|Scizor, F|item
|teampreview
|inactive|Battle timer is ON: inactive players will automatically lose when time's up. (requested by av2336)
|
|t:|1715029454
|start
|switch|p1a: Azelf|Azelf|100/100
|switch|p2a: Scizor|Scizor, F|100/100
|turn|1
|
|t:|1715029457
|move|p2a: Scizor|U-turn|p1a: Azelf
|-supereffective|p1a: Azelf
|-damage|p1a: Azelf|4/100
|
|t:|1715029462
|switch|p2a: Starmie|Starmie|100/100|[from] U-turn
|-item|p2a: Starmie|Air Balloon
|move|p1a: Azelf|Stealth Rock|p2a: Starmie
|-sidestart|p2: Memoire|move: Stealth Rock
|
|upkeep
|turn|2
|
|t:|1715029467
|move|p1a: Azelf|Explosion|p2a: Starmie
|-damage|p2a: Starmie|1/100
|-enditem|p2a: Starmie|Air Balloon
|faint|p1a: Azelf
|move|p2a: Starmie|Surf|p1: Azelf|[notarget]
|-fail|p2a: Starmie
|
|upkeep
|
|t:|1715029472
|switch|p1a: Breloom|Breloom, F|100/100
|turn|3
|
|t:|1715029475
|move|p1a: Breloom|Mach Punch|p2a: Starmie
|-resisted|p2a: Starmie
|-damage|p2a: Starmie|0 fnt
|faint|p2a: Starmie
|-damage|p1a: Breloom|91/100|[from] item: Life Orb
|
|upkeep
|
|t:|1715029481
|switch|p2a: Volcarona|Volcarona, M|100/100
|-damage|p2a: Volcarona|51/100|[from] Stealth Rock
|turn|4
|
|t:|1715029494
|switch|p1a: Latios|Latios, M|100/100
|move|p2a: Volcarona|Fiery Dance|p1a: Latios
|-resisted|p1a: Latios
|-damage|p1a: Latios|79/100
|
|upkeep
|turn|5
|
|t:|1715029503
|move|p1a: Latios|Dragon Pulse|p2a: Volcarona
|-damage|p2a: Volcarona|7/100
|move|p2a: Volcarona|Quiver Dance|p2a: Volcarona
|-boost|p2a: Volcarona|spa|1
|-boost|p2a: Volcarona|spd|1
|-boost|p2a: Volcarona|spe|1
|
|upkeep
|turn|6
|
|t:|1715029506
|move|p1a: Latios|Dragon Pulse|p2a: Volcarona
|-damage|p2a: Volcarona|0 fnt
|faint|p2a: Volcarona
|
|upkeep
|
|t:|1715029509
|switch|p2a: Scizor|Scizor, F|100/100
|-damage|p2a: Scizor|88/100|[from] Stealth Rock
|turn|7
|
|t:|1715029514
|-activate|p1a: Latios|move: Pursuit
|move|p2a: Scizor|Pursuit|p1a: Latios|[from]Pursuit
|-supereffective|p1a: Latios
|-damage|p1a: Latios|0 fnt
|faint|p1a: Latios
|-hint|A Pokemon can't switch between when it runs out of HP and when it faints
|
|upkeep
|
|t:|1715029518
|switch|p1a: Volcarona|Volcarona, M|100/100
|turn|8
|
|t:|1715029526
|switch|p2a: Garchomp|Garchomp, F|100/100
|-damage|p2a: Garchomp|94/100|[from] Stealth Rock
|move|p1a: Volcarona|Flamethrower|p2a: Garchomp
|-resisted|p2a: Garchomp
|-damage|p2a: Garchomp|68/100
|
|upkeep
|turn|9
|
|t:|1715029531
|switch|p1a: Gengar|Gengar, M|100/100
|move|p2a: Garchomp|Substitute|p2a: Garchomp
|-start|p2a: Garchomp|Substitute
|-damage|p2a: Garchomp|43/100
|
|upkeep
|turn|10
|
|t:|1715029538
|move|p1a: Gengar|Shadow Ball|p2a: Garchomp
|-end|p2a: Garchomp|Substitute
|move|p2a: Garchomp|Substitute|p2a: Garchomp
|-start|p2a: Garchomp|Substitute
|-damage|p2a: Garchomp|18/100
|-enditem|p2a: Garchomp|Salac Berry|[eat]
|-boost|p2a: Garchomp|spe|1|[from] item: Salac Berry
|
|upkeep
|turn|11
|
|t:|1715029542
|move|p2a: Garchomp|Dual Chop|p1a: Gengar
|-damage|p1a: Gengar|66/100
|-damage|p1a: Gengar|28/100
|-hitcount|p1a: Gengar|2
|move|p1a: Gengar|Shadow Ball|p2a: Garchomp
|-end|p2a: Garchomp|Substitute
|
|-heal|p1a: Gengar|34/100|[from] item: Black Sludge
|upkeep
|turn|12
|
|t:|1715029550
|move|p2a: Garchomp|Dual Chop|p1a: Gengar
|-damage|p1a: Gengar|0 fnt
|faint|p1a: Gengar
|-hitcount|p1: Gengar|1
|
|upkeep
|
|t:|1715029552
|switch|p1a: Breloom|Breloom, F|91/100
|turn|13
|
|t:|1715029554
|move|p1a: Breloom|Mach Punch|p2a: Garchomp
|-damage|p2a: Garchomp|0 fnt
|-damage|p1a: Breloom|78/100|[from] ability: Rough Skin|[of] p2a: Garchomp
|faint|p2a: Garchomp
|-damage|p1a: Breloom|68/100|[from] item: Life Orb
|
|upkeep
|
|t:|1715029556
|switch|p2a: Scizor|Scizor, F|88/100
|-damage|p2a: Scizor|76/100|[from] Stealth Rock
|turn|14
|
|t:|1715029566
|switch|p1a: Volcarona|Volcarona, M|100/100
|move|p2a: Scizor|U-turn|p1a: Volcarona
|-resisted|p1a: Volcarona
|-damage|p1a: Volcarona|72/100
|j| CertamenMeum
|
|t:|1715029569
|switch|p2a: Mamoswine|Mamoswine, F|100/100|[from] U-turn
|-damage|p2a: Mamoswine|88/100|[from] Stealth Rock
|
|upkeep
|turn|15
|
|t:|1715029573
|move|p1a: Volcarona|Flamethrower|p2a: Mamoswine
|-supereffective|p2a: Mamoswine
|-damage|p2a: Mamoswine|19/100
|-status|p2a: Mamoswine|brn
|move|p2a: Mamoswine|Earthquake|p1a: Volcarona
|-damage|p1a: Volcarona|35/100
|
|-damage|p2a: Mamoswine|7/100 brn|[from] brn
|upkeep
|turn|16
|c|☆Memoire|gg
|-message|Memoire forfeited.
|
|win|av2336
|raw|av2336's rating: 1328 &rarr; <strong>1348</strong><br />(+20 for winning)
|raw|Memoire's rating: 1336 &rarr; <strong>1316</strong><br />(-20 for losing)
|l|☆Memoire
|player|p2|
