|j|☆lord txde
|j|☆Monochromes
|t:|1715123384
|gametype|singles
|player|p1|lord txde|1|1426
|player|p2|Monochromes|2|1362
|teamsize|p1|6
|teamsize|p2|6
|gen|5
|tier|[Gen 5] OU
|rated|
|rule|Species Clause: Limit one of each Pokémon
|rule|OHKO Clause: OHKO moves are banned
|rule|Moody Clause: Moody is banned
|rule|Evasion Items Clause: Evasion items are banned
|rule|Evasion Moves Clause: Evasion moves are banned
|rule|Endless Battle Clause: Forcing endless battles is banned
|rule|HP Percentage Mod: HP is shown in percentages
|rule|Evasion Abilities Clause: Evasion abilities are banned
|rule|Sleep Moves Clause: Sleep-inducing moves are banned
|rule|Swagger Clause: Swagger is banned
|rule|Baton Pass Stat Clause: No Baton Passer may have a way to boost its stats
|clearpoke
|poke|p1|Hydreigon, M|item
|poke|p1|Scizor, F|item
|poke|p1|Rotom-Wash|item
|poke|p1|Landorus-Therian, M|item
|poke|p1|Alakazam, F|item
|poke|p1|Froslass, F|item
|poke|p2|Hippowdon, M|item
|poke|p2|Tyranitar, M|item
|poke|p2|Magnezone|item
|poke|p2|Shaymin|item
|poke|p2|Latios, M|item
|poke|p2|Excadrill, F|item
|teampreview
|inactive|Battle timer is ON: inactive players will automatically lose when time's up. (requested by Monochromes)
|
|t:|1715123394
|start
|switch|p1a: Froslass|Froslass, F|100/100
|switch|p2a: Tyranitar|Tyranitar, M|100/100
|-weather|Sandstorm|[from] ability: Sand Stream|[of] p2a: Tyranitar
|turn|1
|
|t:|1715123402
|move|p1a: Froslass|Spikes|p2a: Tyranitar
|-sidestart|p2: Monochromes|Spikes
|move|p2a: Tyranitar|Crunch|p1a: Froslass
|-supereffective|p1a: Froslass
|-enditem|p1a: Froslass|Focus Sash
|-damage|p1a: Froslass|1/100
|-start|p2a: Tyranitar|Disable|Crunch|[from] ability: Cursed Body|[of] p1a: Froslass
|
|-weather|Sandstorm|[upkeep]
|-damage|p1a: Froslass|0 fnt|[from] Sandstorm
|faint|p1a: Froslass
|upkeep
|
|t:|1715123405
|switch|p1a: Landorus|Landorus-Therian, M|100/100
|-ability|p1a: Landorus|Intimidate|boost
|-unboost|p2a: Tyranitar|atk|1
|turn|2
|
|t:|1715123414
|switch|p2a: Latios|Latios, M|100/100
|move|p1a: Landorus|Earthquake|p2a: Latios
|-immune|p2a: Latios|[from] ability: Levitate
|
|-weather|Sandstorm|[upkeep]
|-damage|p2a: Latios|95/100|[from] Sandstorm
|upkeep
|turn|3
|
|t:|1715123421
|switch|p1a: Hydreigon|Hydreigon, M|100/100
|move|p2a: Latios|Surf|p1a: Hydreigon
|-resisted|p1a: Hydreigon
|-damage|p1a: Hydreigon|73/100
|
|-weather|Sandstorm|[upkeep]
|-damage|p2a: Latios|89/100|[from] Sandstorm
|-damage|p1a: Hydreigon|67/100|[from] Sandstorm
|upkeep
|turn|4
|
|t:|1715123427
|switch|p2a: Tyranitar|Tyranitar, M|100/100
|-damage|p2a: Tyranitar|88/100|[from] Spikes
|switch|p1a: Landorus|Landorus-Therian, M|100/100
|-ability|p1a: Landorus|Intimidate|boost
|-unboost|p2a: Tyranitar|atk|1
|
|-weather|Sandstorm|[upkeep]
|upkeep
|turn|5
|
|t:|1715123432
|switch|p2a: Hippowdon|Hippowdon, M|100/100
|-damage|p2a: Hippowdon|88/100|[from] Spikes
|move|p1a: Landorus|Stealth Rock|p2a: Hippowdon
|-sidestart|p2: Monochromes|move: Stealth Rock
|
|-weather|Sandstorm|[upkeep]
|-heal|p2a: Hippowdon|94/100|[from] item: Leftovers
|upkeep
|turn|6
|
|t:|1715123434
|move|p1a: Landorus|Earthquake|p2a: Hippowdon
|-damage|p2a: Hippowdon|55/100
|move|p2a: Hippowdon|Stealth Rock|p1a: Landorus
|-sidestart|p1: lord txde|move: Stealth Rock
|
|-weather|Sandstorm|[upkeep]
|-heal|p2a: Hippowdon|61/100|[from] item: Leftovers
|upkeep
|turn|7
|
|t:|1715123438
|move|p1a: Landorus|U-turn|p2a: Hippowdon
|-damage|p2a: Hippowdon|46/100
|
|t:|1715123441
|switch|p1a: Hydreigon|Hydreigon, M|67/100|[from] U-turn
|-damage|p1a: Hydreigon|55/100|[from] Stealth Rock
|move|p2a: Hippowdon|Slack Off|p2a: Hippowdon
|-heal|p2a: Hippowdon|96/100
|
|-weather|Sandstorm|[upkeep]
|-damage|p1a: Hydreigon|48/100|[from] Sandstorm
|-heal|p2a: Hippowdon|100/100|[from] item: Leftovers
|upkeep
|turn|8
|
|t:|1715123446
|switch|p2a: Tyranitar|Tyranitar, M|88/100
|-damage|p2a: Tyranitar|76/100|[from] Spikes
|-damage|p2a: Tyranitar|63/100|[from] Stealth Rock
|move|p1a: Hydreigon|Roost|p1a: Hydreigon
|-heal|p1a: Hydreigon|99/100
|-singleturn|p1a: Hydreigon|move: Roost
|
|-weather|Sandstorm|[upkeep]
|-damage|p1a: Hydreigon|92/100|[from] Sandstorm
|upkeep
|turn|9
|
|t:|1715123450
|switch|p1a: Landorus|Landorus-Therian, M|100/100
|-damage|p1a: Landorus|88/100|[from] Stealth Rock
|-ability|p1a: Landorus|Intimidate|boost
|-unboost|p2a: Tyranitar|atk|1
|move|p2a: Tyranitar|Stone Edge|p1a: Landorus
|-damage|p1a: Landorus|23/100
|
|-weather|Sandstorm|[upkeep]
|upkeep
|turn|10
|
|t:|1715123466
|switch|p2a: Hippowdon|Hippowdon, M|100/100
|-damage|p2a: Hippowdon|88/100|[from] Spikes
|-damage|p2a: Hippowdon|82/100|[from] Stealth Rock
|move|p1a: Landorus|U-turn|p2a: Hippowdon
|-damage|p2a: Hippowdon|68/100
|
|t:|1715123469
|switch|p1a: Hydreigon|Hydreigon, M|92/100|[from] U-turn
|-damage|p1a: Hydreigon|80/100|[from] Stealth Rock
|
|-weather|Sandstorm|[upkeep]
|-damage|p1a: Hydreigon|74/100|[from] Sandstorm
|-heal|p2a: Hippowdon|74/100|[from] item: Leftovers
|upkeep
|turn|11
|
|t:|1715123474
|switch|p2a: Tyranitar|Tyranitar, M|63/100
|-damage|p2a: Tyranitar|51/100|[from] Spikes
|-damage|p2a: Tyranitar|39/100|[from] Stealth Rock
|move|p1a: Hydreigon|Draco Meteor|p2a: Tyranitar
|-damage|p2a: Tyranitar|0 fnt
|-unboost|p1a: Hydreigon|spa|2
|faint|p2a: Tyranitar
|-damage|p1a: Hydreigon|64/100|[from] item: Life Orb
|
|-weather|Sandstorm|[upkeep]
|-damage|p1a: Hydreigon|58/100|[from] Sandstorm
|upkeep
|
|t:|1715123479
|switch|p2a: Magnezone|Magnezone|100/100
|-damage|p2a: Magnezone|88/100|[from] Spikes
|-damage|p2a: Magnezone|82/100|[from] Stealth Rock
|turn|12
|
|t:|1715123482
|move|p2a: Magnezone|Flash Cannon|p1a: Hydreigon
|-damage|p1a: Hydreigon|9/100
|move|p1a: Hydreigon|Earth Power|p2a: Magnezone
|-supereffective|p2a: Magnezone
|-crit|p2a: Magnezone
|-damage|p2a: Magnezone|0 fnt
|faint|p2a: Magnezone
|-damage|p1a: Hydreigon|0 fnt|[from] item: Life Orb
|faint|p1a: Hydreigon
|
|-weather|Sandstorm|[upkeep]
|upkeep
|
|t:|1715123493
|switch|p1a: Alakazam|Alakazam, F|100/100
|switch|p2a: Latios|Latios, M|89/100
|-damage|p2a: Latios|76/100|[from] Stealth Rock
|turn|13
|
|t:|1715123496
|move|p1a: Alakazam|Hidden Power|p2a: Latios
|-supereffective|p2a: Latios
|-damage|p2a: Latios|28/100
|move|p2a: Latios|Draco Meteor|p1a: Alakazam
|-enditem|p1a: Alakazam|Focus Sash
|-damage|p1a: Alakazam|1/100
|-unboost|p2a: Latios|spa|2
|
|-weather|Sandstorm|[upkeep]
|-damage|p2a: Latios|22/100|[from] Sandstorm
|upkeep
|turn|14
|
|t:|1715123509
|move|p1a: Alakazam|Psychic|p2a: Latios
|-resisted|p2a: Latios
|-crit|p2a: Latios
|-damage|p2a: Latios|0 fnt
|faint|p2a: Latios
|
|-weather|Sandstorm|[upkeep]
|upkeep
|
|t:|1715123512
|switch|p2a: Shaymin|Shaymin|100/100
|-damage|p2a: Shaymin|88/100|[from] Spikes
|-damage|p2a: Shaymin|76/100|[from] Stealth Rock
|turn|15
|
|t:|1715123528
|move|p1a: Alakazam|Psychic|p2a: Shaymin
|-damage|p2a: Shaymin|36/100
|move|p2a: Shaymin|Hidden Power|p1a: Alakazam
|-damage|p1a: Alakazam|0 fnt
|faint|p1a: Alakazam
|
|-weather|Sandstorm|[upkeep]
|-damage|p2a: Shaymin|30/100|[from] Sandstorm
|-heal|p2a: Shaymin|36/100|[from] item: Leftovers
|upkeep
|
|t:|1715123531
|switch|p1a: Scizor|Scizor, F|100/100
|-damage|p1a: Scizor|88/100|[from] Stealth Rock
|turn|16
|
|t:|1715123536
|switch|p2a: Hippowdon|Hippowdon, M|74/100
|-damage|p2a: Hippowdon|61/100|[from] Spikes
|-damage|p2a: Hippowdon|55/100|[from] Stealth Rock
|move|p1a: Scizor|Bullet Punch|p2a: Hippowdon
|-damage|p2a: Hippowdon|27/100
|
|-weather|Sandstorm|[upkeep]
|-heal|p2a: Hippowdon|34/100|[from] item: Leftovers
|upkeep
|turn|17
|
|t:|1715123538
|switch|p1a: Rotom|Rotom-Wash|100/100
|-damage|p1a: Rotom|88/100|[from] Stealth Rock
|move|p2a: Hippowdon|Slack Off|p2a: Hippowdon
|-heal|p2a: Hippowdon|84/100
|
|-weather|Sandstorm|[upkeep]
|-damage|p1a: Rotom|82/100|[from] Sandstorm
|-heal|p2a: Hippowdon|90/100|[from] item: Leftovers
|upkeep
|turn|18
|
|t:|1715123546
|switch|p2a: Shaymin|Shaymin|36/100
|-damage|p2a: Shaymin|24/100|[from] Spikes
|-damage|p2a: Shaymin|11/100|[from] Stealth Rock
|move|p1a: Rotom|Hydro Pump|p2a: Shaymin
|-resisted|p2a: Shaymin
|-damage|p2a: Shaymin|0 fnt
|faint|p2a: Shaymin
|
|-weather|Sandstorm|[upkeep]
|-damage|p1a: Rotom|76/100|[from] Sandstorm
|upkeep
|
|t:|1715123548
|switch|p2a: Excadrill|Excadrill, F|100/100
|-damage|p2a: Excadrill|88/100|[from] Spikes
|-damage|p2a: Excadrill|85/100|[from] Stealth Rock
|turn|19
|
|t:|1715123551
|move|p1a: Rotom|Hydro Pump|p2a: Excadrill
|-supereffective|p2a: Excadrill
|-damage|p2a: Excadrill|0 fnt
|faint|p2a: Excadrill
|
|-weather|Sandstorm|[upkeep]
|-damage|p1a: Rotom|70/100|[from] Sandstorm
|upkeep
|-message|Monochromes forfeited.
|
|win|lord txde
|raw|lord txde's rating: 1426 &rarr; <strong>1442</strong><br />(+16 for winning)
|raw|Monochromes's rating: 1362 &rarr; <strong>1346</strong><br />(-16 for losing)
|l|☆Monochromes
|player|p2|
