|j|☆rootntootn
|j|☆NikC29
|player|p1|rootntootn|psychicf-gen4|1470
|player|p2|NikC29|126|1412
|teamsize|p1|6
|teamsize|p2|6
|gametype|singles
|gen|5
|tier|[Gen 5] OU
|rated|
|clearpoke
|poke|p1|Tyranitar, F|item
|poke|p1|Ferrothorn, M|item
|poke|p1|Excadrill, F|item
|poke|p1|Landorus-Therian, M|item
|poke|p1|Keldeo-Resolute|item
|poke|p1|Amoonguss, F|item
|poke|p2|Tyranitar, M|item
|poke|p2|Ferrothorn, F|item
|poke|p2|Landorus-Therian, M|item
|poke|p2|Latios, M|item
|poke|p2|Keldeo|item
|poke|p2|Heatran, F|item
|rule|Species Clause: Limit one of each Pokémon
|rule|OHKO Clause: OHKO moves are banned
|rule|Moody Clause: Moody is banned
|rule|Evasion Moves Clause: Evasion moves are banned
|rule|Endless Battle Clause: Forcing endless battles is banned
|rule|HP Percentage Mod: HP is shown in percentages
|rule|Evasion Abilities Clause: Evasion abilities are banned
|rule|Baton Pass Clause: Limit one Baton Passer, can't pass Spe and other stats simultaneously
|rule|Sleep Clause: Sleep-inducing moves are banned
|rule|Swagger Clause: Swagger is banned
|teampreview
|inactive|Battle timer is ON: inactive players will automatically lose when time's up. (requested by NikC29)
|
|start
|switch|p1a: Landorus|Landorus-Therian, M, shiny|100/100
|switch|p2a: Tyranitar|Tyranitar, M|100/100
|-ability|p1a: Landorus|Intimidate|boost
|-unboost|p2a: Tyranitar|atk|1
|-weather|Sandstorm|[from] ability: Sand Stream|[of] p2a: Tyranitar
|turn|1
|
|move|p1a: Landorus|U-turn|p2a: Tyranitar
|-supereffective|p2a: Tyranitar
|-damage|p2a: Tyranitar|54/100
|inactive|rootntootn has 120 seconds left.
|
|switch|p1a: Excadrill|Excadrill, F|100/100|[from]move: U-turn
|-item|p1a: Excadrill|Air Balloon
|move|p2a: Tyranitar|Stealth Rock|p1a: Excadrill
|-sidestart|p1: rootntootn|move: Stealth Rock
|
|-weather|Sandstorm|[upkeep]
|upkeep
|turn|2
|
|move|p1a: Excadrill|Iron Head|p2a: Tyranitar
|-supereffective|p2a: Tyranitar
|-damage|p2a: Tyranitar|0 fnt
|faint|p2a: Tyranitar
|
|-weather|Sandstorm|[upkeep]
|upkeep
|j| celadoncerulean
|
|switch|p2a: Heatran|Heatran, F|100/100
|-item|p2a: Heatran|Air Balloon
|turn|3
|inactive|rootntootn has 120 seconds left.
|
|switch|p1a: Tyranitar|Tyranitar, F|100/100
|-damage|p1a: Tyranitar|88/100|[from] Stealth Rock
|move|p2a: Heatran|Will-O-Wisp|p1a: Tyranitar
|-status|p1a: Tyranitar|brn
|
|-weather|Sandstorm|[upkeep]
|-damage|p1a: Tyranitar|76/100 brn|[from] brn
|upkeep
|turn|4
|inactive|rootntootn has 120 seconds left.
|
|switch|p2a: Ferrothorn|Ferrothorn, F|100/100
|switch|p1a: Ferrothorn|Ferrothorn, M|100/100
|-damage|p1a: Ferrothorn|94/100|[from] Stealth Rock
|
|-weather|Sandstorm|[upkeep]
|-heal|p1a: Ferrothorn|100/100|[from] item: Leftovers
|upkeep
|turn|5
|inactive|rootntootn has 120 seconds left.
|
|move|p1a: Ferrothorn|Stealth Rock|p2a: Ferrothorn
|-sidestart|p2: NikC29|move: Stealth Rock
|move|p2a: Ferrothorn|Spikes|p1a: Ferrothorn
|-sidestart|p1: rootntootn|Spikes
|
|-weather|Sandstorm|[upkeep]
|upkeep
|turn|6
|
|move|p2a: Ferrothorn|Spikes|p1a: Ferrothorn
|-sidestart|p1: rootntootn|Spikes
|move|p1a: Ferrothorn|Knock Off|p2a: Ferrothorn
|-resisted|p2a: Ferrothorn
|-damage|p2a: Ferrothorn|99/100
|-damage|p1a: Ferrothorn|88/100|[from] ability: Iron Barbs|[of] p2a: Ferrothorn
|-enditem|p2a: Ferrothorn|Leftovers|[from] move: Knock Off|[of] p1a: Ferrothorn
|
|-weather|Sandstorm|[upkeep]
|-heal|p1a: Ferrothorn|94/100|[from] item: Leftovers
|upkeep
|turn|7
|inactive|rootntootn has 120 seconds left.
|
|switch|p1a: Landorus|Landorus-Therian, M, shiny|100/100
|-damage|p1a: Landorus|88/100|[from] Stealth Rock
|-ability|p1a: Landorus|Intimidate|boost
|-unboost|p2a: Ferrothorn|atk|1
|switch|p2a: Heatran|Heatran, F|100/100
|-damage|p2a: Heatran|88/100|[from] Stealth Rock
|-item|p2a: Heatran|Air Balloon
|
|-weather|Sandstorm|[upkeep]
|upkeep
|turn|8
|
|move|p1a: Landorus|U-turn|p2a: Heatran
|-resisted|p2a: Heatran
|-damage|p2a: Heatran|83/100
|-enditem|p2a: Heatran|Air Balloon
|
|switch|p1a: Tyranitar|Tyranitar, F|76/100 brn|[from]move: U-turn
|-damage|p1a: Tyranitar|59/100 brn|[from] Spikes
|-damage|p1a: Tyranitar|47/100 brn|[from] Stealth Rock
|move|p2a: Heatran|Magma Storm|p1a: Tyranitar
|-resisted|p1a: Tyranitar
|-damage|p1a: Tyranitar|30/100 brn
|-activate|p1a: Tyranitar|move: Magma Storm|[of] p2a: Heatran
|
|-weather|Sandstorm|[upkeep]
|-damage|p1a: Tyranitar|18/100 brn|[from] brn
|-damage|p1a: Tyranitar|12/100 brn|[from] move: Magma Storm|[partiallytrapped]
|upkeep
|turn|9
|
|move|p2a: Heatran|Protect|p2a: Heatran
|-singleturn|p2a: Heatran|Protect
|move|p1a: Tyranitar|Rock Slide|p2a: Heatran
|-activate|p2a: Heatran|move: Protect
|
|-weather|Sandstorm|[upkeep]
|-damage|p1a: Tyranitar|0 fnt|[from] brn
|faint|p1a: Tyranitar
|upkeep
|inactive|rootntootn has 120 seconds left.
|
|switch|p1a: Keldeo|Keldeo-Resolute|100/100
|-damage|p1a: Keldeo|94/100|[from] Stealth Rock
|-damage|p1a: Keldeo|78/100|[from] Spikes
|turn|10
|
|switch|p2a: Latios|Latios, M|100/100
|-damage|p2a: Latios|88/100|[from] Stealth Rock
|move|p1a: Keldeo|Secret Sword|p2a: Latios
|-resisted|p2a: Latios
|-damage|p2a: Latios|40/100
|
|-weather|Sandstorm|[upkeep]
|-damage|p2a: Latios|34/100|[from] Sandstorm
|-damage|p1a: Keldeo|71/100|[from] Sandstorm
|upkeep
|turn|11
|inactive|rootntootn has 120 seconds left.
|
|switch|p1a: Ferrothorn|Ferrothorn, M|94/100
|-damage|p1a: Ferrothorn|78/100|[from] Spikes
|-damage|p1a: Ferrothorn|72/100|[from] Stealth Rock
|move|p2a: Latios|Draco Meteor|p1a: Ferrothorn
|-resisted|p1a: Ferrothorn
|-damage|p1a: Ferrothorn|33/100
|-unboost|p2a: Latios|spa|2
|
|-weather|Sandstorm|[upkeep]
|-damage|p2a: Latios|28/100|[from] Sandstorm
|-heal|p1a: Ferrothorn|39/100|[from] item: Leftovers
|upkeep
|turn|12
|
|switch|p2a: Heatran|Heatran, F|83/100
|-damage|p2a: Heatran|71/100|[from] Stealth Rock
|switch|p1a: Excadrill|Excadrill, F|100/100
|-damage|p1a: Excadrill|97/100|[from] Stealth Rock
|-item|p1a: Excadrill|Air Balloon
|
|-weather|Sandstorm|[upkeep]
|upkeep
|turn|13
|inactive|rootntootn has 120 seconds left.
|
|switch|p2a: Landorus|Landorus-Therian, M|100/100
|-damage|p2a: Landorus|88/100|[from] Stealth Rock
|-ability|p2a: Landorus|Intimidate|boost
|-unboost|p1a: Excadrill|atk|1
|move|p1a: Excadrill|Earthquake|p2a: Landorus
|-immune|p2a: Landorus
|
|-weather|Sandstorm|[upkeep]
|upkeep
|turn|14
|
|move|p2a: Landorus|U-turn|p1a: Excadrill
|-resisted|p1a: Excadrill
|-damage|p1a: Excadrill|77/100
|-enditem|p1a: Excadrill|Air Balloon
|
|switch|p2a: Ferrothorn|Ferrothorn, F|99/100|[from]move: U-turn
|-damage|p2a: Ferrothorn|93/100|[from] Stealth Rock
|move|p1a: Excadrill|Rapid Spin|p2a: Ferrothorn
|-resisted|p2a: Ferrothorn
|-damage|p2a: Ferrothorn|91/100
|-damage|p1a: Excadrill|65/100|[from] ability: Iron Barbs|[of] p2a: Ferrothorn
|-sideend|p1: rootntootn|Spikes|[from] move: Rapid Spin|[of] p1a: Excadrill
|-sideend|p1: rootntootn|Stealth Rock|[from] move: Rapid Spin|[of] p1a: Excadrill
|
|-weather|Sandstorm|[upkeep]
|upkeep
|turn|15
|
|move|p1a: Excadrill|Swords Dance|p1a: Excadrill
|-boost|p1a: Excadrill|atk|2
|move|p2a: Ferrothorn|Leech Seed|p1a: Excadrill
|-start|p1a: Excadrill|move: Leech Seed
|
|-weather|Sandstorm|[upkeep]
|-damage|p1a: Excadrill|52/100|[from] Leech Seed|[of] p2a: Ferrothorn
|-heal|p2a: Ferrothorn|100/100|[silent]
|upkeep
|turn|16
|
|move|p1a: Excadrill|Earthquake|p2a: Ferrothorn
|-damage|p2a: Ferrothorn|27/100
|move|p2a: Ferrothorn|Spikes|p1a: Excadrill
|-sidestart|p1: rootntootn|Spikes
|
|-weather|Sandstorm|[upkeep]
|-damage|p1a: Excadrill|40/100|[from] Leech Seed|[of] p2a: Ferrothorn
|-heal|p2a: Ferrothorn|40/100|[silent]
|upkeep
|turn|17
|
|move|p2a: Ferrothorn|Protect|p2a: Ferrothorn
|-singleturn|p2a: Ferrothorn|Protect
|move|p1a: Excadrill|Rapid Spin|p2a: Ferrothorn
|-activate|p2a: Ferrothorn|move: Protect
|
|-weather|Sandstorm|[upkeep]
|-damage|p1a: Excadrill|27/100|[from] Leech Seed|[of] p2a: Ferrothorn
|-heal|p2a: Ferrothorn|52/100|[silent]
|upkeep
|turn|18
|
|move|p1a: Excadrill|Earthquake|p2a: Ferrothorn
|-damage|p2a: Ferrothorn|0 fnt
|faint|p2a: Ferrothorn
|
|-weather|Sandstorm|[upkeep]
|upkeep
|
|switch|p2a: Landorus|Landorus-Therian, M|88/100
|-damage|p2a: Landorus|76/100|[from] Stealth Rock
|-ability|p2a: Landorus|Intimidate|boost
|-unboost|p1a: Excadrill|atk|1
|turn|19
|
|move|p2a: Landorus|Hidden Power|p1a: Excadrill
|-damage|p1a: Excadrill|7/100
|move|p1a: Excadrill|Rapid Spin|p2a: Landorus
|-damage|p2a: Landorus|68/100
|-end|p1a: Excadrill|Leech Seed|[from] move: Rapid Spin|[of] p1a: Excadrill
|-sideend|p1: rootntootn|Spikes|[from] move: Rapid Spin|[of] p1a: Excadrill
|
|-weather|Sandstorm|[upkeep]
|upkeep
|turn|20
|
|switch|p1a: Keldeo|Keldeo-Resolute|71/100
|move|p2a: Landorus|Hidden Power|p1a: Keldeo
|-resisted|p1a: Keldeo
|-damage|p1a: Keldeo|63/100
|
|-weather|Sandstorm|[upkeep]
|-damage|p1a: Keldeo|56/100|[from] Sandstorm
|upkeep
|turn|21
|
|switch|p2a: Keldeo|Keldeo|100/100
|-damage|p2a: Keldeo|94/100|[from] Stealth Rock
|move|p1a: Keldeo|Surf|p2a: Keldeo
|-resisted|p2a: Keldeo
|-damage|p2a: Keldeo|55/100
|
|-weather|Sandstorm|[upkeep]
|-damage|p1a: Keldeo|50/100|[from] Sandstorm
|-damage|p2a: Keldeo|49/100|[from] Sandstorm
|-heal|p2a: Keldeo|55/100|[from] item: Leftovers
|upkeep
|turn|22
|
|switch|p1a: Excadrill|Excadrill, F|7/100
|switch|p2a: Heatran|Heatran, F|71/100
|-damage|p2a: Heatran|58/100|[from] Stealth Rock
|
|-weather|Sandstorm|[upkeep]
|upkeep
|turn|23
|
|switch|p2a: Landorus|Landorus-Therian, M|68/100
|-damage|p2a: Landorus|55/100|[from] Stealth Rock
|-ability|p2a: Landorus|Intimidate|boost
|-unboost|p1a: Excadrill|atk|1
|move|p1a: Excadrill|Iron Head|p2a: Landorus
|-damage|p2a: Landorus|16/100
|
|-weather|Sandstorm|[upkeep]
|upkeep
|turn|24
|-message|NikC29 forfeited.
|
|win|rootntootn
|l|☆NikC29
|raw|rootntootn's rating: 1470 &rarr; <strong>1487</strong><br />(+17 for winning)
|raw|NikC29's rating: 1412 &rarr; <strong>1395</strong><br />(-17 for losing)
