|j|☆Spritzalcianuro96
|j|☆Perish Song ♫
|t:|1597412006
|player|p1|Spritzalcianuro96|colress|1387
|player|p2|Perish Song ♫|#perishsong|1462
|teamsize|p1|6
|teamsize|p2|6
|gametype|singles
|gen|5
|tier|[Gen 5] OU
|rated|
|clearpoke
|poke|p1|Terrakion|item
|poke|p1|Skarmory, F|item
|poke|p1|Jellicent, F|item
|poke|p1|Latias, F|item
|poke|p1|Tyranitar, F|item
|poke|p1|Heatran, F|item
|poke|p2|Politoed, F|item
|poke|p2|Tentacruel, M|item
|poke|p2|Ferrothorn, M|item
|poke|p2|Mamoswine, M|item
|poke|p2|Keldeo|item
|poke|p2|Thundurus-Therian, M|item
|rule|Species Clause: Limit one of each Pokémon
|rule|OHKO Clause: OHKO moves are banned
|rule|Moody Clause: Moody is banned
|rule|Evasion Moves Clause: Evasion moves are banned
|rule|Endless Battle Clause: Forcing endless battles is banned
|rule|HP Percentage Mod: HP is shown in percentages
|rule|Evasion Abilities Clause: Evasion abilities are banned
|rule|Baton Pass Clause: Limit one Baton Passer, can't pass Spe and other stats simultaneously
|rule|Sleep Clause: Sleep-inducing moves are banned
|rule|Swagger Clause: Swagger is banned
|teampreview
|
|t:|1597412014
|start
|switch|p1a: Terrakion|Terrakion|100/100
|switch|p2a: Politoed|Politoed, F|100/100
|-weather|RainDance|[from] ability: Drizzle|[of] p2a: Politoed
|turn|1
|
|t:|1597412019
|move|p1a: Terrakion|Stealth Rock|p2a: Politoed
|-sidestart|p2: Perish Song ♫|move: Stealth Rock
|move|p2a: Politoed|Scald|p1a: Terrakion
|-supereffective|p1a: Terrakion
|-damage|p1a: Terrakion|20/100
|
|-weather|RainDance|[upkeep]
|upkeep
|turn|2
|
|t:|1597412023
|switch|p1a: Jellicent|Jellicent, F|100/100
|move|p2a: Politoed|Scald|p1a: Jellicent
|-immune|p1a: Jellicent|[from] ability: Water Absorb
|
|-weather|RainDance|[upkeep]
|upkeep
|turn|3
|
|t:|1597412026
|move|p2a: Politoed|Toxic|p1a: Jellicent
|-status|p1a: Jellicent|tox
|move|p1a: Jellicent|Will-O-Wisp|p2a: Politoed
|-status|p2a: Politoed|brn
|
|-weather|RainDance|[upkeep]
|-damage|p2a: Politoed|88/100 brn|[from] brn
|-damage|p1a: Jellicent|94/100 tox|[from] psn
|upkeep
|turn|4
|
|t:|1597412035
|switch|p1a: Latias|Latias, F|100/100
|move|p2a: Politoed|Scald|p1a: Latias
|-resisted|p1a: Latias
|-damage|p1a: Latias|82/100
|
|-weather|RainDance|[upkeep]
|-heal|p2a: Politoed|94/100 brn|[from] item: Leftovers
|-damage|p2a: Politoed|82/100 brn|[from] brn
|upkeep
|turn|5
|
|t:|1597412044
|switch|p1a: Terrakion|Terrakion|20/100
|move|p2a: Politoed|Encore||[still]
|-fail|p2a: Politoed
|
|-weather|RainDance|[upkeep]
|-heal|p2a: Politoed|88/100 brn|[from] item: Leftovers
|-damage|p2a: Politoed|76/100 brn|[from] brn
|upkeep
|turn|6
|
|t:|1597412051
|move|p1a: Terrakion|Close Combat|p2a: Politoed
|-damage|p2a: Politoed|22/100 brn
|-unboost|p1a: Terrakion|def|1
|-unboost|p1a: Terrakion|spd|1
|move|p2a: Politoed|Scald|p1a: Terrakion
|-supereffective|p1a: Terrakion
|-damage|p1a: Terrakion|0 fnt
|faint|p1a: Terrakion
|
|-weather|RainDance|[upkeep]
|-heal|p2a: Politoed|28/100 brn|[from] item: Leftovers
|-damage|p2a: Politoed|15/100 brn|[from] brn
|upkeep
|
|t:|1597412068
|switch|p1a: Tyranitar|Tyranitar, F|100/100
|-weather|Sandstorm|[from] ability: Sand Stream|[of] p1a: Tyranitar
|turn|7
|
|t:|1597412074
|-activate|p2a: Politoed|move: Pursuit
|move|p1a: Tyranitar|Pursuit|p2a: Politoed|[from]Pursuit
|-damage|p2a: Politoed|0 fnt
|-hint|A Pokemon can't switch between when it runs out of HP and when it faints
|faint|p2a: Politoed
|
|-weather|Sandstorm|[upkeep]
|upkeep
|
|t:|1597412077
|switch|p2a: Tentacruel|Tentacruel, M|100/100
|-damage|p2a: Tentacruel|88/100|[from] Stealth Rock
|turn|8
|
|t:|1597412082
|switch|p1a: Jellicent|Jellicent, F|94/100 tox
|move|p2a: Tentacruel|Rapid Spin|p1a: Jellicent
|-immune|p1a: Jellicent
|
|-weather|Sandstorm|[upkeep]
|-damage|p2a: Tentacruel|82/100|[from] Sandstorm
|-damage|p1a: Jellicent|88/100 tox|[from] Sandstorm
|-heal|p2a: Tentacruel|88/100|[from] item: Black Sludge
|-heal|p1a: Jellicent|94/100 tox|[from] item: Leftovers
|-damage|p1a: Jellicent|88/100 tox|[from] psn
|upkeep
|turn|9
|
|t:|1597412085
|move|p2a: Tentacruel|Protect|p2a: Tentacruel
|-singleturn|p2a: Tentacruel|Protect
|move|p1a: Jellicent|Will-O-Wisp|p2a: Tentacruel
|-activate|p2a: Tentacruel|move: Protect
|
|-weather|Sandstorm|[upkeep]
|-damage|p2a: Tentacruel|82/100|[from] Sandstorm
|-damage|p1a: Jellicent|82/100 tox|[from] Sandstorm
|-heal|p2a: Tentacruel|88/100|[from] item: Black Sludge
|-heal|p1a: Jellicent|88/100 tox|[from] item: Leftovers
|-damage|p1a: Jellicent|76/100 tox|[from] psn
|upkeep
|turn|10
|
|t:|1597412091
|switch|p2a: Ferrothorn|Ferrothorn, M|100/100
|-damage|p2a: Ferrothorn|94/100|[from] Stealth Rock
|move|p1a: Jellicent|Will-O-Wisp|p2a: Ferrothorn
|-status|p2a: Ferrothorn|brn
|
|-weather|Sandstorm|[upkeep]
|-damage|p1a: Jellicent|70/100 tox|[from] Sandstorm
|-heal|p1a: Jellicent|76/100 tox|[from] item: Leftovers
|-heal|p2a: Ferrothorn|100/100 brn|[from] item: Leftovers
|-damage|p1a: Jellicent|57/100 tox|[from] psn
|-damage|p2a: Ferrothorn|88/100 brn|[from] brn
|upkeep
|turn|11
|
|t:|1597412095
|move|p1a: Jellicent|Recover|p1a: Jellicent
|-heal|p1a: Jellicent|100/100 tox
|move|p2a: Ferrothorn|Stealth Rock|p1a: Jellicent
|-sidestart|p1: Spritzalcianuro96|move: Stealth Rock
|
|-weather|Sandstorm|[upkeep]
|-damage|p1a: Jellicent|94/100 tox|[from] Sandstorm
|-heal|p1a: Jellicent|100/100 tox|[from] item: Leftovers
|-heal|p2a: Ferrothorn|94/100 brn|[from] item: Leftovers
|-damage|p1a: Jellicent|76/100 tox|[from] psn
|-damage|p2a: Ferrothorn|82/100 brn|[from] brn
|upkeep
|turn|12
|
|t:|1597412101
|switch|p1a: Skarmory|Skarmory, F|100/100
|-damage|p1a: Skarmory|88/100|[from] Stealth Rock
|move|p2a: Ferrothorn|Knock Off|p1a: Skarmory
|-resisted|p1a: Skarmory
|-damage|p1a: Skarmory|87/100
|-enditem|p1a: Skarmory|Leftovers|[from] move: Knock Off|[of] p2a: Ferrothorn
|
|-weather|Sandstorm|[upkeep]
|-heal|p2a: Ferrothorn|88/100 brn|[from] item: Leftovers
|-damage|p2a: Ferrothorn|75/100 brn|[from] brn
|upkeep
|turn|13
|
|t:|1597412103
|move|p1a: Skarmory|Spikes|p2a: Ferrothorn
|-sidestart|p2: Perish Song ♫|Spikes
|move|p2a: Ferrothorn|Spikes|p1a: Skarmory
|-sidestart|p1: Spritzalcianuro96|Spikes
|
|-weather|Sandstorm|[upkeep]
|-heal|p2a: Ferrothorn|82/100 brn|[from] item: Leftovers
|-damage|p2a: Ferrothorn|69/100 brn|[from] brn
|upkeep
|turn|14
|
|t:|1597412107
|move|p1a: Skarmory|Spikes|p2a: Ferrothorn
|-sidestart|p2: Perish Song ♫|Spikes
|move|p2a: Ferrothorn|Spikes|p1a: Skarmory
|-sidestart|p1: Spritzalcianuro96|Spikes
|
|-weather|Sandstorm|[upkeep]
|-heal|p2a: Ferrothorn|75/100 brn|[from] item: Leftovers
|-damage|p2a: Ferrothorn|63/100 brn|[from] brn
|upkeep
|turn|15
|
|t:|1597412110
|move|p1a: Skarmory|Spikes|p2a: Ferrothorn
|-sidestart|p2: Perish Song ♫|Spikes
|move|p2a: Ferrothorn|Spikes|p1a: Skarmory
|-sidestart|p1: Spritzalcianuro96|Spikes
|
|-weather|Sandstorm|[upkeep]
|-heal|p2a: Ferrothorn|69/100 brn|[from] item: Leftovers
|-damage|p2a: Ferrothorn|57/100 brn|[from] brn
|upkeep
|turn|16
|
|t:|1597412113
|move|p2a: Ferrothorn|Knock Off|p1a: Skarmory
|-resisted|p1a: Skarmory
|-damage|p1a: Skarmory|87/100
|move|p1a: Skarmory|Whirlwind|p2a: Ferrothorn
|drag|p2a: Mamoswine|Mamoswine, M|100/100
|-damage|p2a: Mamoswine|88/100|[from] Stealth Rock
|-damage|p2a: Mamoswine|63/100|[from] Spikes
|
|-weather|Sandstorm|[upkeep]
|upkeep
|turn|17
|
|t:|1597412123
|move|p2a: Mamoswine|Icicle Crash|p1a: Skarmory
|-damage|p1a: Skarmory|45/100
|move|p1a: Skarmory|Brave Bird|p2a: Mamoswine
|-damage|p2a: Mamoswine|22/100
|-damage|p1a: Skarmory|30/100|[from] Recoil
|
|-weather|Sandstorm|[upkeep]
|upkeep
|turn|18
|
|t:|1597412130
|move|p2a: Mamoswine|Icicle Crash|p1a: Skarmory
|-damage|p1a: Skarmory|0 fnt
|faint|p1a: Skarmory
|
|-weather|Sandstorm|[upkeep]
|upkeep
|
|t:|1597412171
|switch|p1a: Heatran|Heatran, F|100/100
|-damage|p1a: Heatran|88/100|[from] Stealth Rock
|-damage|p1a: Heatran|63/100|[from] Spikes
|turn|19
|j| Kautilya07
|
|t:|1597412206
|move|p1a: Heatran|Flamethrower|p2a: Mamoswine
|-supereffective|p2a: Mamoswine
|-damage|p2a: Mamoswine|0 fnt
|faint|p2a: Mamoswine
|
|-weather|Sandstorm|[upkeep]
|upkeep
|
|t:|1597412209
|switch|p2a: Tentacruel|Tentacruel, M|88/100
|-damage|p2a: Tentacruel|63/100|[from] Spikes
|-damage|p2a: Tentacruel|51/100|[from] Stealth Rock
|turn|20
|
|t:|1597412219
|switch|p1a: Jellicent|Jellicent, F|76/100 tox
|-damage|p1a: Jellicent|63/100 tox|[from] Stealth Rock
|-damage|p1a: Jellicent|38/100 tox|[from] Spikes
|move|p2a: Tentacruel|Protect||[still]
|-fail|p2a: Tentacruel
|
|-weather|Sandstorm|[upkeep]
|-damage|p2a: Tentacruel|45/100|[from] Sandstorm
|-damage|p1a: Jellicent|32/100 tox|[from] Sandstorm
|-heal|p2a: Tentacruel|51/100|[from] item: Black Sludge
|-heal|p1a: Jellicent|38/100 tox|[from] item: Leftovers
|-damage|p1a: Jellicent|32/100 tox|[from] psn
|upkeep
|turn|21
|
|t:|1597412224
|move|p2a: Tentacruel|Toxic|p1a: Jellicent
|-fail|p1a: Jellicent|tox
|move|p1a: Jellicent|Recover|p1a: Jellicent
|-heal|p1a: Jellicent|82/100 tox
|
|-weather|Sandstorm|[upkeep]
|-damage|p2a: Tentacruel|45/100|[from] Sandstorm
|-damage|p1a: Jellicent|76/100 tox|[from] Sandstorm
|-heal|p2a: Tentacruel|51/100|[from] item: Black Sludge
|-heal|p1a: Jellicent|82/100 tox|[from] item: Leftovers
|-damage|p1a: Jellicent|70/100 tox|[from] psn
|upkeep
|turn|22
|
|t:|1597412228
|move|p2a: Tentacruel|Protect|p2a: Tentacruel
|-singleturn|p2a: Tentacruel|Protect
|move|p1a: Jellicent|Will-O-Wisp|p2a: Tentacruel
|-activate|p2a: Tentacruel|move: Protect
|
|-weather|Sandstorm|[upkeep]
|-damage|p2a: Tentacruel|45/100|[from] Sandstorm
|-damage|p1a: Jellicent|64/100 tox|[from] Sandstorm
|-heal|p2a: Tentacruel|51/100|[from] item: Black Sludge
|-heal|p1a: Jellicent|70/100 tox|[from] item: Leftovers
|-damage|p1a: Jellicent|51/100 tox|[from] psn
|upkeep
|turn|23
|
|t:|1597412234
|move|p2a: Tentacruel|Toxic|p1a: Jellicent|[miss]
|-miss|p2a: Tentacruel|p1a: Jellicent
|move|p1a: Jellicent|Will-O-Wisp|p2a: Tentacruel|[miss]
|-miss|p1a: Jellicent|p2a: Tentacruel
|
|-weather|Sandstorm|[upkeep]
|-damage|p2a: Tentacruel|45/100|[from] Sandstorm
|-damage|p1a: Jellicent|45/100 tox|[from] Sandstorm
|-heal|p2a: Tentacruel|51/100|[from] item: Black Sludge
|-heal|p1a: Jellicent|51/100 tox|[from] item: Leftovers
|-damage|p1a: Jellicent|26/100 tox|[from] psn
|upkeep
|turn|24
|
|t:|1597412242
|switch|p2a: Thundurus|Thundurus-Therian, M|100/100
|-damage|p2a: Thundurus|76/100|[from] Stealth Rock
|move|p1a: Jellicent|Recover|p1a: Jellicent
|-heal|p1a: Jellicent|76/100 tox
|
|-weather|Sandstorm|[upkeep]
|-damage|p2a: Thundurus|69/100|[from] Sandstorm
|-damage|p1a: Jellicent|70/100 tox|[from] Sandstorm
|-heal|p2a: Thundurus|76/100|[from] item: Leftovers
|-heal|p1a: Jellicent|76/100 tox|[from] item: Leftovers
|-damage|p1a: Jellicent|46/100 tox|[from] psn
|upkeep
|turn|25
|
|t:|1597412248
|switch|p1a: Latias|Latias, F|82/100
|-damage|p1a: Latias|70/100|[from] Stealth Rock
|move|p2a: Thundurus|Substitute|p2a: Thundurus
|-start|p2a: Thundurus|Substitute
|-damage|p2a: Thundurus|51/100
|
|-weather|Sandstorm|[upkeep]
|-damage|p1a: Latias|64/100|[from] Sandstorm
|-damage|p2a: Thundurus|44/100|[from] Sandstorm
|-heal|p2a: Thundurus|51/100|[from] item: Leftovers
|upkeep
|turn|26
|
|t:|1597412252
|move|p1a: Latias|Psyshock|p2a: Thundurus
|-end|p2a: Thundurus|Substitute
|-damage|p1a: Latias|54/100|[from] item: Life Orb
|move|p2a: Thundurus|Thunder|p1a: Latias|[miss]
|-miss|p2a: Thundurus|p1a: Latias
|
|-weather|Sandstorm|[upkeep]
|-damage|p1a: Latias|48/100|[from] Sandstorm
|-damage|p2a: Thundurus|44/100|[from] Sandstorm
|-heal|p2a: Thundurus|51/100|[from] item: Leftovers
|upkeep
|turn|27
|
|t:|1597412261
|move|p1a: Latias|Roost|p1a: Latias
|-heal|p1a: Latias|98/100
|-singleturn|p1a: Latias|move: Roost
|move|p2a: Thundurus|Hidden Power|p1a: Latias
|-supereffective|p1a: Latias
|-damage|p1a: Latias|53/100
|
|-weather|Sandstorm|[upkeep]
|-damage|p1a: Latias|47/100|[from] Sandstorm
|-damage|p2a: Thundurus|44/100|[from] Sandstorm
|-heal|p2a: Thundurus|51/100|[from] item: Leftovers
|upkeep
|turn|28
|
|t:|1597412285
|move|p1a: Latias|Psyshock|p2a: Thundurus
|-damage|p2a: Thundurus|0 fnt
|-damage|p1a: Latias|37/100|[from] item: Life Orb
|faint|p2a: Thundurus
|
|-weather|Sandstorm|[upkeep]
|-damage|p1a: Latias|31/100|[from] Sandstorm
|upkeep
|
|t:|1597412295
|switch|p2a: Tentacruel|Tentacruel, M|51/100
|-damage|p2a: Tentacruel|39/100|[from] Stealth Rock
|-damage|p2a: Tentacruel|14/100|[from] Spikes
|turn|29
|
|t:|1597412314
|move|p1a: Latias|Roost|p1a: Latias
|-heal|p1a: Latias|81/100
|-singleturn|p1a: Latias|move: Roost
|move|p2a: Tentacruel|Toxic|p1a: Latias
|-status|p1a: Latias|tox
|
|-weather|Sandstorm|[upkeep]
|-damage|p1a: Latias|75/100 tox|[from] Sandstorm
|-damage|p2a: Tentacruel|8/100|[from] Sandstorm
|-heal|p2a: Tentacruel|14/100|[from] item: Black Sludge
|-damage|p1a: Latias|69/100 tox|[from] psn
|upkeep
|turn|30
|j| HALOCENE
|
|t:|1597412319
|move|p2a: Tentacruel|Protect|p2a: Tentacruel
|-singleturn|p2a: Tentacruel|Protect
|move|p1a: Latias|Surf|p2a: Tentacruel
|-activate|p2a: Tentacruel|move: Protect
|
|-weather|Sandstorm|[upkeep]
|-damage|p1a: Latias|63/100 tox|[from] Sandstorm
|-damage|p2a: Tentacruel|8/100|[from] Sandstorm
|-heal|p2a: Tentacruel|14/100|[from] item: Black Sludge
|-damage|p1a: Latias|51/100 tox|[from] psn
|upkeep
|turn|31
|
|t:|1597412322
|switch|p2a: Ferrothorn|Ferrothorn, M|57/100 brn
|-damage|p2a: Ferrothorn|32/100 brn|[from] Spikes
|-damage|p2a: Ferrothorn|25/100 brn|[from] Stealth Rock
|move|p1a: Latias|Psyshock|p2a: Ferrothorn
|-resisted|p2a: Ferrothorn
|-damage|p2a: Ferrothorn|8/100 brn
|-damage|p1a: Latias|42/100 tox|[from] item: Life Orb
|
|-weather|Sandstorm|[upkeep]
|-damage|p1a: Latias|36/100 tox|[from] Sandstorm
|-heal|p2a: Ferrothorn|14/100 brn|[from] item: Leftovers
|-damage|p1a: Latias|18/100 tox|[from] psn
|-damage|p2a: Ferrothorn|2/100 brn|[from] brn
|upkeep
|turn|32
|
|t:|1597412329
|move|p1a: Latias|Psyshock|p2a: Ferrothorn
|-resisted|p2a: Ferrothorn
|-damage|p2a: Ferrothorn|0 fnt
|-damage|p1a: Latias|8/100 tox|[from] item: Life Orb
|faint|p2a: Ferrothorn
|
|-weather|Sandstorm|[upkeep]
|-damage|p1a: Latias|2/100 tox|[from] Sandstorm
|-damage|p1a: Latias|0 fnt|[from] psn
|faint|p1a: Latias
|upkeep
|
|t:|1597412336
|switch|p1a: Tyranitar|Tyranitar, F|100/100
|switch|p2a: Keldeo|Keldeo|100/100
|-damage|p2a: Keldeo|76/100|[from] Spikes
|-damage|p2a: Keldeo|70/100|[from] Stealth Rock
|-damage|p1a: Tyranitar|88/100|[from] Stealth Rock
|-damage|p1a: Tyranitar|63/100|[from] Spikes
|turn|33
|
|t:|1597412352
|move|p2a: Keldeo|Hidden Power|p1a: Tyranitar
|-damage|p1a: Tyranitar|48/100
|move|p1a: Tyranitar|Superpower|p2a: Keldeo
|-damage|p2a: Keldeo|17/100
|-unboost|p1a: Tyranitar|atk|1
|-unboost|p1a: Tyranitar|def|1
|
|-weather|Sandstorm|[upkeep]
|-damage|p2a: Keldeo|11/100|[from] Sandstorm
|upkeep
|turn|34
|
|t:|1597412357
|move|p2a: Keldeo|Hidden Power|p1a: Tyranitar
|-damage|p1a: Tyranitar|33/100
|move|p1a: Tyranitar|Superpower|p2a: Keldeo
|-damage|p2a: Keldeo|0 fnt
|-unboost|p1a: Tyranitar|atk|1
|-unboost|p1a: Tyranitar|def|1
|faint|p2a: Keldeo
|
|-weather|Sandstorm|[upkeep]
|upkeep
|
|t:|1597412360
|switch|p2a: Tentacruel|Tentacruel, M|14/100
|-damage|p2a: Tentacruel|1/100|[from] Stealth Rock
|-damage|p2a: Tentacruel|0 fnt|[from] Spikes
|faint|p2a: Tentacruel
|
|win|Spritzalcianuro96
|l|☆Perish Song ♫
|raw|Spritzalcianuro96's rating: 1387 &rarr; <strong>1412</strong><br />(+25 for winning)
|raw|Perish Song ♫'s rating: 1462 &rarr; <strong>1437</strong><br />(-25 for losing)
|l| Kautilya07
|l| HALOCENE
