|j|☆cdrgcde
|j|☆fyvgkjgbr
|t:|1745538141
|gametype|singles
|player|p1|cdrgcde|dawn|1476
|player|p2|fyvgkjgbr|clerkf|1503
|teamsize|p1|6
|teamsize|p2|6
|gen|5
|tier|[Gen 5] OU
|rated|
|rule|Species Clause: Limit one of each Pokémon
|rule|OHKO Clause: OHKO moves are banned
|rule|Moody Clause: Moody is banned
|rule|Evasion Items Clause: Evasion items are banned
|rule|Evasion Moves Clause: Evasion moves are banned
|rule|Endless Battle Clause: Forcing endless battles is banned
|rule|HP Percentage Mod: HP is shown in percentages
|rule|Evasion Abilities Clause: Evasion abilities are banned
|rule|Sleep Moves Clause: Sleep-inducing moves are banned
|rule|Swagger Clause: Swagger is banned
|rule|Baton Pass Stat Clause: No Baton Passer may have a way to boost its stats
|clearpoke
|poke|p1|Tyranitar, F|item
|poke|p1|Alakazam, F|item
|poke|p1|Latios, M|item
|poke|p1|Ferrothorn, M|item
|poke|p1|Keldeo|item
|poke|p1|Landorus-Therian, M|item
|poke|p2|Politoed, F|item
|poke|p2|Ferrothorn, M|item
|poke|p2|Tentacruel, F|item
|poke|p2|Keldeo-Resolute|item
|poke|p2|Thundurus-Therian, M|item
|poke|p2|Latios, M|item
|teampreview
|inactive|Battle timer is ON: inactive players will automatically lose when time's up. (requested by cdrgcde)
|
|t:|1745538152
|start
|switch|p1a: Latios|Latios, M|100/100
|switch|p2a: Thundurus|Thundurus-Therian, M, shiny|100/100
|turn|1
|
|t:|1745538167
|switch|p2a: Ferrothorn|Ferrothorn, M, shiny|100/100
|move|p1a: Latios|Trick|p2a: Ferrothorn
|-activate|p1a: Latios|move: Trick|[of] p2a: Ferrothorn
|-item|p2a: Ferrothorn|Choice Scarf|[from] move: Trick
|-item|p1a: Latios|Leftovers|[from] move: Trick
|
|upkeep
|turn|2
|
|t:|1745538181
|switch|p1a: Landorus|Landorus-Therian, M|100/100
|-ability|p1a: Landorus|Intimidate|boost
|-unboost|p2a: Ferrothorn|atk|1
|switch|p2a: Thundurus|Thundurus-Therian, M, shiny|100/100
|
|upkeep
|turn|3
|
|t:|1745538188
|move|p1a: Landorus|Hidden Power|p2a: Thundurus
|-supereffective|p2a: Thundurus
|-damage|p2a: Thundurus|54/100
|move|p2a: Thundurus|Substitute|p2a: Thundurus
|-start|p2a: Thundurus|Substitute
|-damage|p2a: Thundurus|29/100
|
|-heal|p2a: Thundurus|36/100|[from] item: Leftovers
|upkeep
|turn|4
|
|t:|1745538195
|move|p1a: Landorus|Hidden Power|p2a: Thundurus
|-supereffective|p2a: Thundurus
|-end|p2a: Thundurus|Substitute
|move|p2a: Thundurus|Hidden Power|p1a: Landorus
|-supereffective|p1a: Landorus
|-enditem|p1a: Landorus|Yache Berry|[eat]
|-enditem|p1a: Landorus|Yache Berry|[weaken]
|-damage|p1a: Landorus|31/100
|
|-heal|p2a: Thundurus|42/100|[from] item: Leftovers
|upkeep
|turn|5
|
|t:|1745538205
|switch|p2a: Keldeo|Keldeo-Resolute|100/100
|move|p1a: Landorus|U-turn|p2a: Keldeo
|-resisted|p2a: Keldeo
|-damage|p2a: Keldeo|89/100
|
|t:|1745538218
|switch|p1a: Alakazam|Alakazam, F|100/100|[from] U-turn
|
|upkeep
|turn|6
|
|t:|1745538237
|move|p1a: Alakazam|Psychic|p2a: Keldeo
|-supereffective|p2a: Keldeo
|-damage|p2a: Keldeo|0 fnt
|faint|p2a: Keldeo
|
|upkeep
|
|t:|1745538243
|switch|p2a: Ferrothorn|Ferrothorn, M, shiny|100/100
|turn|7
|
|t:|1745538249
|move|p1a: Alakazam|Hidden Power|p2a: Ferrothorn
|-supereffective|p2a: Ferrothorn
|-crit|p2a: Ferrothorn
|-damage|p2a: Ferrothorn|0 fnt
|faint|p2a: Ferrothorn
|
|upkeep
|
|t:|1745538253
|switch|p2a: Latios|Latios, M, shiny|100/100
|turn|8
|
|t:|1745538261
|switch|p2a: Thundurus|Thundurus-Therian, M, shiny|42/100
|switch|p1a: Landorus|Landorus-Therian, M|31/100
|-ability|p1a: Landorus|Intimidate|boost
|-unboost|p2a: Thundurus|atk|1
|
|-heal|p2a: Thundurus|48/100|[from] item: Leftovers
|upkeep
|turn|9
|
|t:|1745538271
|move|p1a: Landorus|Hidden Power|p2a: Thundurus
|-supereffective|p2a: Thundurus
|-damage|p2a: Thundurus|4/100
|move|p2a: Thundurus|Hidden Power|p1a: Landorus
|-supereffective|p1a: Landorus
|-damage|p1a: Landorus|0 fnt
|faint|p1a: Landorus
|
|-heal|p2a: Thundurus|10/100|[from] item: Leftovers
|upkeep
|
|t:|1745538288
|switch|p1a: Alakazam|Alakazam, F|100/100
|turn|10
|
|t:|1745538296
|move|p1a: Alakazam|Shadow Ball|p2a: Thundurus
|-damage|p2a: Thundurus|0 fnt
|faint|p2a: Thundurus
|
|upkeep
|
|t:|1745538302
|switch|p2a: Politoed|Politoed, F, shiny|100/100
|-weather|RainDance|[from] ability: Drizzle|[of] p2a: Politoed
|turn|11
|
|t:|1745538310
|switch|p1a: Ferrothorn|Ferrothorn, M|100/100
|move|p2a: Politoed|Scald|p1a: Ferrothorn
|-resisted|p1a: Ferrothorn
|-crit|p1a: Ferrothorn
|-damage|p1a: Ferrothorn|73/100
|
|-weather|RainDance|[upkeep]
|upkeep
|turn|12
|
|t:|1745538322
|move|p2a: Politoed|Scald|p1a: Ferrothorn
|-resisted|p1a: Ferrothorn
|-damage|p1a: Ferrothorn|61/100
|move|p1a: Ferrothorn|Knock Off|p2a: Politoed
|-damage|p2a: Politoed|97/100
|-enditem|p2a: Politoed|Leftovers|[from] move: Knock Off|[of] p1a: Ferrothorn
|
|-weather|RainDance|[upkeep]
|upkeep
|turn|13
|
|t:|1745538330
|move|p2a: Politoed|Encore|p1a: Ferrothorn
|-start|p1a: Ferrothorn|Encore
|move|p1a: Ferrothorn|Knock Off|p2a: Politoed
|-damage|p2a: Politoed|93/100
|
|-weather|RainDance|[upkeep]
|upkeep
|turn|14
|
|t:|1745538334
|switch|p1a: Latios|Latios, M|100/100
|move|p2a: Politoed|Scald|p1a: Latios
|-resisted|p1a: Latios
|-damage|p1a: Latios|81/100
|
|-weather|RainDance|[upkeep]
|-heal|p1a: Latios|87/100|[from] item: Leftovers
|upkeep
|turn|15
|
|t:|1745538344
|switch|p2a: Tentacruel|Tentacruel, F, shiny|100/100
|move|p1a: Latios|Draco Meteor|p2a: Tentacruel
|-damage|p2a: Tentacruel|44/100
|-unboost|p1a: Latios|spa|2
|
|-weather|RainDance|[upkeep]
|-heal|p2a: Tentacruel|50/100|[from] ability: Rain Dish
|-heal|p1a: Latios|93/100|[from] item: Leftovers
|-heal|p2a: Tentacruel|56/100|[from] item: Black Sludge
|upkeep
|turn|16
|
|t:|1745538349
|switch|p1a: Tyranitar|Tyranitar, F|100/100
|-weather|Sandstorm|[from] ability: Sand Stream|[of] p1a: Tyranitar
|move|p2a: Tentacruel|Scald|p1a: Tyranitar
|-supereffective|p1a: Tyranitar
|-damage|p1a: Tyranitar|78/100
|
|-weather|Sandstorm|[upkeep]
|-damage|p2a: Tentacruel|50/100|[from] Sandstorm
|-heal|p2a: Tentacruel|56/100|[from] item: Black Sludge
|upkeep
|turn|17
|
|t:|1745538364
|move|p2a: Tentacruel|Scald|p1a: Tyranitar
|-supereffective|p1a: Tyranitar
|-damage|p1a: Tyranitar|55/100
|move|p1a: Tyranitar|Thunder Wave|p2a: Tentacruel
|-status|p2a: Tentacruel|par
|
|-weather|Sandstorm|[upkeep]
|-damage|p2a: Tentacruel|50/100 par|[from] Sandstorm
|-heal|p2a: Tentacruel|56/100 par|[from] item: Black Sludge
|upkeep
|turn|18
|
|t:|1745538371
|switch|p1a: Alakazam|Alakazam, F|100/100
|move|p2a: Tentacruel|Scald|p1a: Alakazam
|-damage|p1a: Alakazam|67/100
|
|-weather|Sandstorm|[upkeep]
|-damage|p2a: Tentacruel|50/100 par|[from] Sandstorm
|-heal|p2a: Tentacruel|56/100 par|[from] item: Black Sludge
|upkeep
|turn|19
|
|t:|1745538379
|switch|p2a: Latios|Latios, M, shiny|100/100
|move|p1a: Alakazam|Psychic|p2a: Latios
|-resisted|p2a: Latios
|-damage|p2a: Latios|67/100
|
|-weather|Sandstorm|[upkeep]
|-damage|p2a: Latios|61/100|[from] Sandstorm
|upkeep
|turn|20
|
|t:|1745538394
|switch|p2a: Politoed|Politoed, F, shiny|93/100
|-weather|RainDance|[from] ability: Drizzle|[of] p2a: Politoed
|switch|p1a: Ferrothorn|Ferrothorn, M|61/100
|
|-weather|RainDance|[upkeep]
|upkeep
|turn|21
|
|t:|1745538400
|move|p2a: Politoed|Scald|p1a: Ferrothorn
|-resisted|p1a: Ferrothorn
|-damage|p1a: Ferrothorn|48/100
|move|p1a: Ferrothorn|Power Whip|p2a: Politoed
|-supereffective|p2a: Politoed
|-damage|p2a: Politoed|29/100
|
|-weather|RainDance|[upkeep]
|upkeep
|turn|22
|
|t:|1745538407
|move|p2a: Politoed|Protect|p2a: Politoed
|-singleturn|p2a: Politoed|Protect
|move|p1a: Ferrothorn|Power Whip|p2a: Politoed
|-activate|p2a: Politoed|move: Protect
|
|-weather|RainDance|[upkeep]
|upkeep
|turn|23
|
|t:|1745538410
|move|p2a: Politoed|Scald|p1a: Ferrothorn
|-resisted|p1a: Ferrothorn
|-damage|p1a: Ferrothorn|35/100
|move|p1a: Ferrothorn|Power Whip|p2a: Politoed
|-supereffective|p2a: Politoed
|-damage|p2a: Politoed|0 fnt
|faint|p2a: Politoed
|
|-weather|RainDance|[upkeep]
|upkeep
|-message|fyvgkjgbr forfeited.
|
|win|cdrgcde
|raw|cdrgcde's rating: 1476 &rarr; <strong>1498</strong><br />(+22 for winning)
|raw|fyvgkjgbr's rating: 1503 &rarr; <strong>1481</strong><br />(-22 for losing)
|l|☆fyvgkjgbr
|player|p2|
