|j|☆wudikrunnis
|j|☆Kurosu eX
|t:|1724104714
|gametype|singles
|player|p1|wudikrunnis|101|1376
|player|p2|Kurosu eX|morty-gen2|1474
|teamsize|p1|6
|teamsize|p2|6
|gen|5
|tier|[Gen 5] OU
|rated|
|rule|Species Clause: Limit one of each Pokémon
|rule|OHKO Clause: OHKO moves are banned
|rule|Moody Clause: Moody is banned
|rule|Evasion Items Clause: Evasion items are banned
|rule|Evasion Moves Clause: Evasion moves are banned
|rule|Endless Battle Clause: Forcing endless battles is banned
|rule|HP Percentage Mod: HP is shown in percentages
|rule|Evasion Abilities Clause: Evasion abilities are banned
|rule|Sleep Moves Clause: Sleep-inducing moves are banned
|rule|Swagger Clause: Swagger is banned
|rule|Baton Pass Stat Clause: No Baton Passer may have a way to boost its stats
|clearpoke
|poke|p1|Politoed, M|item
|poke|p1|Ferrothorn, F|item
|poke|p1|Tentacruel, F|item
|poke|p1|Latios, M|item
|poke|p1|Keldeo-Resolute|item
|poke|p1|Thundurus-Therian, M|item
|poke|p2|Azelf|item
|poke|p2|Scizor, M|item
|poke|p2|Keldeo|item
|poke|p2|Gyarados, M|item
|poke|p2|Volcarona, F|item
|poke|p2|Thundurus-Therian, M|item
|teampreview
|inactive|Battle timer is ON: inactive players will automatically lose when time's up. (requested by Kurosu eX)
|inactive|wudikrunnis has 120 seconds left.
|inactive|wudikrunnis has 90 seconds left.
|
|t:|1724104795
|start
|switch|p1a: Politoed|Politoed, M|100/100
|switch|p2a: Azelf|Azelf|100/100
|-weather|RainDance|[from] ability: Drizzle|[of] p1a: Politoed
|turn|1
|
|t:|1724104807
|move|p2a: Azelf|Stealth Rock|p1a: Politoed
|-sidestart|p1: wudikrunnis|move: Stealth Rock
|move|p1a: Politoed|Scald|p2a: Azelf
|-damage|p2a: Azelf|52/100
|
|-weather|RainDance|[upkeep]
|upkeep
|turn|2
|
|t:|1724104823
|move|p2a: Azelf|Taunt|p1a: Politoed
|-start|p1a: Politoed|move: Taunt
|move|p1a: Politoed|Scald|p2a: Azelf
|-damage|p2a: Azelf|0 fnt
|faint|p2a: Azelf
|
|-weather|RainDance|[upkeep]
|upkeep
|
|t:|1724104831
|switch|p2a: Keldeo|Keldeo|100/100
|turn|3
|
|t:|1724104835
|switch|p1a: Tentacruel|Tentacruel, F|100/100
|-damage|p1a: Tentacruel|88/100|[from] Stealth Rock
|move|p2a: Keldeo|Calm Mind|p2a: Keldeo
|-boost|p2a: Keldeo|spa|1
|-boost|p2a: Keldeo|spd|1
|
|-weather|RainDance|[upkeep]
|-heal|p1a: Tentacruel|94/100|[from] ability: Rain Dish
|-heal|p1a: Tentacruel|100/100|[from] item: Black Sludge
|upkeep
|turn|4
|
|t:|1724104840
|move|p2a: Keldeo|Calm Mind|p2a: Keldeo
|-boost|p2a: Keldeo|spa|1
|-boost|p2a: Keldeo|spd|1
|move|p1a: Tentacruel|Toxic|p2a: Keldeo
|-status|p2a: Keldeo|tox
|
|-weather|RainDance|[upkeep]
|-damage|p2a: Keldeo|94/100 tox|[from] psn
|upkeep
|turn|5
|
|t:|1724104851
|move|p2a: Keldeo|Hydro Pump|p1a: Tentacruel
|-resisted|p1a: Tentacruel
|-crit|p1a: Tentacruel
|-damage|p1a: Tentacruel|0 fnt
|faint|p1a: Tentacruel
|
|-weather|RainDance|[upkeep]
|-heal|p2a: Keldeo|100/100 tox|[from] item: Leftovers
|-damage|p2a: Keldeo|88/100 tox|[from] psn
|upkeep
|c|☆Kurosu eX|mb
|inactive|wudikrunnis has 120 seconds left.
|
|t:|1724104886
|switch|p1a: Politoed|Politoed, M|100/100
|-damage|p1a: Politoed|88/100|[from] Stealth Rock
|turn|6
|inactive|wudikrunnis has 120 seconds left.
|
|t:|1724104899
|move|p1a: Politoed|Protect|p1a: Politoed
|-singleturn|p1a: Politoed|Protect
|move|p2a: Keldeo|Hidden Power|p1a: Politoed
|-activate|p1a: Politoed|move: Protect
|
|-weather|RainDance|[upkeep]
|-heal|p2a: Keldeo|94/100 tox|[from] item: Leftovers
|-heal|p1a: Politoed|94/100|[from] item: Leftovers
|-damage|p2a: Keldeo|76/100 tox|[from] psn
|upkeep
|turn|7
|inactive|wudikrunnis has 120 seconds left.
|
|t:|1724104921
|switch|p1a: Thundurus|Thundurus-Therian, M|100/100
|-damage|p1a: Thundurus|76/100|[from] Stealth Rock
|move|p2a: Keldeo|Secret Sword|p1a: Thundurus
|-resisted|p1a: Thundurus
|-damage|p1a: Thundurus|25/100
|
|-weather|RainDance|[upkeep]
|-heal|p2a: Keldeo|82/100 tox|[from] item: Leftovers
|-heal|p1a: Thundurus|31/100|[from] item: Leftovers
|-damage|p2a: Keldeo|57/100 tox|[from] psn
|upkeep
|turn|8
|
|t:|1724104934
|switch|p1a: Politoed|Politoed, M|94/100
|-damage|p1a: Politoed|82/100|[from] Stealth Rock
|move|p2a: Keldeo|Secret Sword|p1a: Politoed
|-damage|p1a: Politoed|4/100
|
|-weather|RainDance|[upkeep]
|-heal|p2a: Keldeo|63/100 tox|[from] item: Leftovers
|-heal|p1a: Politoed|10/100|[from] item: Leftovers
|-damage|p2a: Keldeo|32/100 tox|[from] psn
|upkeep
|turn|9
|
|t:|1724104956
|switch|p2a: Scizor|Scizor, M|100/100
|move|p1a: Politoed|Protect||[still]
|-fail|p1a: Politoed
|
|-weather|RainDance|[upkeep]
|-heal|p1a: Politoed|16/100|[from] item: Leftovers
|upkeep
|turn|10
|
|t:|1724104963
|move|p1a: Politoed|Protect|p1a: Politoed
|-singleturn|p1a: Politoed|Protect
|move|p2a: Scizor|Bug Bite|p1a: Politoed
|-activate|p1a: Politoed|move: Protect
|
|-weather|RainDance|[upkeep]
|-heal|p1a: Politoed|22/100|[from] item: Leftovers
|upkeep
|turn|11
|inactive|wudikrunnis has 120 seconds left.
|
|t:|1724104981
|switch|p1a: Ferrothorn|Ferrothorn, F|100/100
|-damage|p1a: Ferrothorn|94/100|[from] Stealth Rock
|move|p2a: Scizor|Bug Bite|p1a: Ferrothorn
|-damage|p1a: Ferrothorn|66/100
|-damage|p2a: Scizor|88/100|[from] ability: Iron Barbs|[of] p1a: Ferrothorn
|
|-weather|RainDance|[upkeep]
|-heal|p1a: Ferrothorn|72/100|[from] item: Leftovers
|upkeep
|turn|12
|
|t:|1724104997
|move|p2a: Scizor|Swords Dance|p2a: Scizor
|-boost|p2a: Scizor|atk|2
|move|p1a: Ferrothorn|Stealth Rock|p2a: Scizor
|-sidestart|p2: Kurosu eX|move: Stealth Rock
|
|-weather|RainDance|[upkeep]
|-heal|p1a: Ferrothorn|78/100|[from] item: Leftovers
|upkeep
|turn|13
|inactive|wudikrunnis has 120 seconds left.
|
|t:|1724105013
|switch|p1a: Politoed|Politoed, M|22/100
|-damage|p1a: Politoed|9/100|[from] Stealth Rock
|move|p2a: Scizor|Superpower|p1a: Politoed
|-crit|p1a: Politoed
|-damage|p1a: Politoed|0 fnt
|-unboost|p2a: Scizor|atk|1
|-unboost|p2a: Scizor|def|1
|faint|p1a: Politoed
|
|-weather|RainDance|[upkeep]
|upkeep
|inactive|wudikrunnis has 120 seconds left.
|
|t:|1724105023
|switch|p1a: Keldeo|Keldeo-Resolute|100/100
|-damage|p1a: Keldeo|94/100|[from] Stealth Rock
|turn|14
|inactive|wudikrunnis has 120 seconds left.
|
|t:|1724105031
|switch|p2a: Keldeo|Keldeo|32/100 tox
|-damage|p2a: Keldeo|26/100 tox|[from] Stealth Rock
|move|p1a: Keldeo|Hydro Pump|p2a: Keldeo|[miss]
|-miss|p1a: Keldeo|p2a: Keldeo
|
|-weather|RainDance|[upkeep]
|-heal|p2a: Keldeo|32/100 tox|[from] item: Leftovers
|-damage|p2a: Keldeo|26/100 tox|[from] psn
|upkeep
|turn|15
|
|t:|1724105037
|move|p1a: Keldeo|Hydro Pump|p2a: Keldeo
|-resisted|p2a: Keldeo
|-damage|p2a: Keldeo|0 fnt
|faint|p2a: Keldeo
|
|-weather|RainDance|[upkeep]
|upkeep
|
|t:|1724105043
|switch|p2a: Gyarados|Gyarados, M, shiny|100/100
|-damage|p2a: Gyarados|76/100|[from] Stealth Rock
|-ability|p2a: Gyarados|Intimidate|boost
|-unboost|p1a: Keldeo|atk|1
|turn|16
|
|t:|1724105049
|move|p1a: Keldeo|Hydro Pump|p2a: Gyarados|[miss]
|-miss|p1a: Keldeo|p2a: Gyarados
|move|p2a: Gyarados|Dragon Dance|p2a: Gyarados
|-boost|p2a: Gyarados|atk|1
|-boost|p2a: Gyarados|spe|1
|
|-weather|RainDance|[upkeep]
|-heal|p2a: Gyarados|82/100|[from] item: Leftovers
|upkeep
|turn|17
|
|t:|1724105054
|move|p2a: Gyarados|Dragon Dance|p2a: Gyarados
|-boost|p2a: Gyarados|atk|1
|-boost|p2a: Gyarados|spe|1
|move|p1a: Keldeo|Hydro Pump|p2a: Gyarados
|-resisted|p2a: Gyarados
|-damage|p2a: Gyarados|12/100
|
|-weather|RainDance|[upkeep]
|-heal|p2a: Gyarados|18/100|[from] item: Leftovers
|upkeep
|turn|18
|
|t:|1724105063
|switch|p1a: Ferrothorn|Ferrothorn, F|78/100
|-damage|p1a: Ferrothorn|72/100|[from] Stealth Rock
|move|p2a: Gyarados|Double-Edge|p1a: Ferrothorn
|-resisted|p1a: Ferrothorn
|-damage|p1a: Ferrothorn|46/100
|-damage|p2a: Gyarados|6/100|[from] ability: Iron Barbs|[of] p1a: Ferrothorn
|-damage|p2a: Gyarados|0 fnt|[from] Recoil
|faint|p2a: Gyarados
|
|-weather|RainDance|[upkeep]
|-heal|p1a: Ferrothorn|52/100|[from] item: Leftovers
|upkeep
|
|t:|1724105076
|switch|p2a: Volcarona|Volcarona, F|100/100
|-damage|p2a: Volcarona|51/100|[from] Stealth Rock
|turn|19
|
|t:|1724105086
|switch|p1a: Latios|Latios, M|100/100
|-damage|p1a: Latios|88/100|[from] Stealth Rock
|move|p2a: Volcarona|Quiver Dance|p2a: Volcarona
|-boost|p2a: Volcarona|spa|1
|-boost|p2a: Volcarona|spd|1
|-boost|p2a: Volcarona|spe|1
|
|-weather|RainDance|[upkeep]
|upkeep
|turn|20
|
|t:|1724105104
|move|p1a: Latios|Draco Meteor|p2a: Volcarona
|-damage|p2a: Volcarona|0 fnt
|-unboost|p1a: Latios|spa|2
|faint|p2a: Volcarona
|
|-weather|RainDance|[upkeep]
|upkeep
|
|t:|1724105108
|switch|p2a: Thundurus|Thundurus-Therian, M, shiny|100/100
|-damage|p2a: Thundurus|76/100|[from] Stealth Rock
|turn|21
|
|t:|1724105114
|switch|p1a: Thundurus|Thundurus-Therian, M|31/100
|-damage|p1a: Thundurus|6/100|[from] Stealth Rock
|move|p2a: Thundurus|Agility|p2a: Thundurus
|-boost|p2a: Thundurus|spe|2
|
|-weather|RainDance|[upkeep]
|-heal|p1a: Thundurus|12/100|[from] item: Leftovers
|upkeep
|turn|22
|
|t:|1724105127
|move|p2a: Thundurus|Hidden Power|p1a: Thundurus
|-supereffective|p1a: Thundurus
|-damage|p1a: Thundurus|0 fnt
|faint|p1a: Thundurus
|
|-weather|RainDance|[upkeep]
|upkeep
|
|t:|1724105130
|switch|p1a: Latios|Latios, M|88/100
|-damage|p1a: Latios|76/100|[from] Stealth Rock
|turn|23
|
|t:|1724105134
|move|p2a: Thundurus|Hidden Power|p1a: Latios
|-supereffective|p1a: Latios
|-damage|p1a: Latios|13/100
|move|p1a: Latios|Draco Meteor|p2a: Thundurus
|-crit|p2a: Thundurus
|-damage|p2a: Thundurus|0 fnt
|-unboost|p1a: Latios|spa|2
|faint|p2a: Thundurus
|
|-weather|RainDance|[upkeep]
|upkeep
|
|t:|1724105139
|switch|p2a: Scizor|Scizor, M|88/100
|-damage|p2a: Scizor|76/100|[from] Stealth Rock
|turn|24
|
|t:|1724105146
|switch|p1a: Keldeo|Keldeo-Resolute|94/100
|-damage|p1a: Keldeo|88/100|[from] Stealth Rock
|move|p2a: Scizor|Swords Dance|p2a: Scizor
|-boost|p2a: Scizor|atk|2
|
|-weather|RainDance|[upkeep]
|upkeep
|turn|25
|
|t:|1724105152
|move|p1a: Keldeo|Secret Sword|p2a: Scizor
|-damage|p2a: Scizor|0 fnt
|faint|p2a: Scizor
|
|win|wudikrunnis
|raw|wudikrunnis's rating: 1376 &rarr; <strong>1401</strong><br />(+25 for winning)
|raw|Kurosu eX's rating: 1474 &rarr; <strong>1449</strong><br />(-25 for losing)
|l|☆Kurosu eX
|player|p2|
