|join|Pythagorean Python
|join|meekers
|player|p1|Pythagorean Python|15
|player|p2|meekers|32
|gametype|singles
|gen|5
|tier|[Gen 5] OU
|rated
|rule|Evasion Abilities Clause: Evasion abilities are banned
|clearpoke
|poke|p1|Dusclops, F
|poke|p1|Riolu, M
|poke|p1|Forretress, M
|poke|p1|Gengar, F
|poke|p1|Aerodactyl, F
|poke|p1|Skarmory, F
|poke|p2|Politoed, M, shiny
|poke|p2|Ferrothorn, F
|poke|p2|Rotom-Wash
|poke|p2|Mamoswine, F
|poke|p2|Landorus-Therian, M
|poke|p2|Jirachi
|rule|Sleep Clause Mod: Limit one foe put to sleep
|rule|Species Clause: Limit one of each Pokemon
|rule|OHKO Clause: OHKO moves are banned
|rule|Moody Clause: Moody is banned
|rule|Evasion Moves Clause: Evasion moves are banned
|rule|Endless Battle Clause: Forcing endless battles is banned.
|rule|HP Percentage Mod: HP is reported as percentages
|teampreview
|
|start
|switch|p1a: Forretress|Forretress, M|354/354
|switch|p2a: Politoed|Politoed, M, shiny|322/322
|-weather|RainDance|[from] ability: Drizzle|[of] p2a: Politoed
|turn|1
|join|Kims stay away
|
|move|p2a: Politoed|Scald|p1a: Forretress
|-damage|p1a: Forretress|107/354
|move|p1a: Forretress|Stealth Rock|p2a: Politoed
|-sidestart|p2: meekers|move: Stealth Rock
|
|-weather|RainDance|[upkeep]
|-heal|p1a: Forretress|129/354|[from] item: Leftovers
|turn|2
|
|move|p2a: Politoed|Scald|p1a: Forretress
|-damage|p1a: Forretress|0 fnt
|faint|p1a: Forretress
|
|-weather|RainDance|[upkeep]
|
|switch|p1a: Skarmory|Skarmory, F|334/334
|turn|3
|
|move|p1a: Skarmory|Spikes|p2a: Politoed
|-sidestart|p2: meekers|Spikes
|move|p2a: Politoed|Scald|p1a: Skarmory
|-damage|p1a: Skarmory|100/334
|
|-weather|RainDance|[upkeep]
|-heal|p1a: Skarmory|120/334|[from] item: Leftovers
|turn|4
|
|move|p1a: Skarmory|Spikes|p2a: Politoed
|-sidestart|p2: meekers|Spikes
|move|p2a: Politoed|Scald|p1a: Skarmory
|-damage|p1a: Skarmory|0 fnt
|faint|p1a: Skarmory
|
|-weather|RainDance|[upkeep]
|
|switch|p1a: Riolu|Riolu, M|284/284
|turn|5
|chat|Kims stay away|dat setup for riolu
|
|move|p2a: Politoed|Protect|p2a: Politoed
|-singleturn|p2a: Politoed|Protect
|move|p1a: Riolu|Roar|p2a: Politoed
|-activate|p2a: Politoed|Protect
|
|-weather|RainDance|[upkeep]
|turn|6
|chat|Kims stay away|copycat
|chat|Kims stay away|its gg
|
|move|p1a: Riolu|Copycat|p1a: Riolu
|move|p1a: Riolu|Roar|p2a: Politoed|[from]Copycat
|drag|p2a: Jirachi|Jirachi|341/341
|-damage|p2a: Jirachi|320/341|[from] Stealth Rock
|-damage|p2a: Jirachi|264/341|[from] Spikes
|
|-weather|RainDance|[upkeep]
|turn|7
|
|move|p1a: Riolu|Copycat|p1a: Riolu
|move|p1a: Riolu|Roar|p2a: Jirachi|[from]Copycat
|drag|p2a: Landorus-Therian|Landorus-Therian, M|320/320
|-damage|p2a: Landorus-Therian|280/320|[from] Stealth Rock
|-ability|p2a: Landorus-Therian|Intimidate|[of] p1a: Riolu
|-unboost|p1a: Riolu|atk|1
|
|-weather|RainDance|[upkeep]
|turn|8
|
|move|p1a: Riolu|Copycat|p1a: Riolu
|move|p1a: Riolu|Roar|p2a: Landorus-Therian|[from]Copycat
|drag|p2a: Politoed|Politoed, M, shiny|322/322
|-damage|p2a: Politoed|269/322|[from] Spikes
|-damage|p2a: Politoed|229/322|[from] Stealth Rock
|
|-weather|RainDance|[upkeep]
|-heal|p2a: Politoed|249/322|[from] item: Leftovers
|turn|9
|
|move|p2a: Politoed|Protect|p2a: Politoed
|-singleturn|p2a: Politoed|Protect
|move|p1a: Riolu|Copycat|p1a: Riolu
|-fail|p1a: Riolu
|
|-weather|RainDance|[upkeep]
|-heal|p2a: Politoed|269/322|[from] item: Leftovers
|turn|10
|chat|Kims stay away| mamo is the only thing that can save him
|chat|Kims stay away|oh wait
|
|move|p2a: Politoed|Toxic|p1a: Riolu
|-status|p1a: Riolu|tox
|move|p1a: Riolu|Roar|p2a: Politoed
|drag|p2a: Jirachi|Jirachi|264/341
|-damage|p2a: Jirachi|243/341|[from] Stealth Rock
|-damage|p2a: Jirachi|187/341|[from] Spikes
|
|-weather|RainDance|[upkeep]
|-damage|p1a: Riolu|267/284 tox|[from] psn
|turn|11
|chat|Kims stay away|awesome
|chat|Kims stay away|ruined his sash
|
|move|p1a: Riolu|Copycat|p1a: Riolu
|move|p1a: Riolu|Roar|p2a: Jirachi|[from]Copycat
|drag|p2a: Mamoswine|Mamoswine, F|362/362
|-damage|p2a: Mamoswine|317/362|[from] Stealth Rock
|-damage|p2a: Mamoswine|257/362|[from] Spikes
|
|-weather|RainDance|[upkeep]
|-damage|p1a: Riolu|233/284 tox|[from] psn
|turn|12
|
|move|p2a: Mamoswine|Ice Shard|p1a: Riolu
|-damage|p1a: Riolu|47/284 tox
|move|p1a: Riolu|Drain Punch|p2a: Mamoswine
|-crit|p2a: Mamoswine
|-supereffective|p2a: Mamoswine
|-damage|p2a: Mamoswine|0 fnt
|-heal|p1a: Riolu|176/284 tox|[from] drain|[of] p2a: Mamoswine
|faint|p2a: Mamoswine
|
|-weather|RainDance|[upkeep]
|-damage|p1a: Riolu|125/284 tox|[from] psn
|chat|Kims stay away|love seeing riolu cheese failing
|
|switch|p2a: Ferrothorn|Ferrothorn, F|290/290
|-damage|p2a: Ferrothorn|272/290|[from] Stealth Rock
|-damage|p2a: Ferrothorn|224/290|[from] Spikes
|turn|13
|
|switch|p2a: Landorus-Therian|Landorus-Therian, M|280/320
|-damage|p2a: Landorus-Therian|240/320|[from] Stealth Rock
|-ability|p2a: Landorus-Therian|Intimidate|[of] p1a: Riolu
|-unboost|p1a: Riolu|atk|1
|move|p1a: Riolu|Roar|p2a: Landorus-Therian
|drag|p2a: Rotom-Wash|Rotom-Wash|241/241
|-damage|p2a: Rotom-Wash|211/241|[from] Stealth Rock
|
|-weather|RainDance|[upkeep]
|-damage|p1a: Riolu|57/284 tox|[from] psn
|turn|14
|
|switch|p2a: Ferrothorn|Ferrothorn, F|224/290
|-damage|p2a: Ferrothorn|176/290|[from] Spikes
|-damage|p2a: Ferrothorn|158/290|[from] Stealth Rock
|move|p1a: Riolu|Copycat|p1a: Riolu
|move|p1a: Riolu|Roar|p2a: Ferrothorn|[from]Copycat
|drag|p2a: Landorus-Therian|Landorus-Therian, M|240/320
|-damage|p2a: Landorus-Therian|200/320|[from] Stealth Rock
|-ability|p2a: Landorus-Therian|Intimidate|[of] p1a: Riolu
|-unboost|p1a: Riolu|atk|1
|
|-weather|RainDance|[upkeep]
|-damage|p1a: Riolu|0 fnt|[from] psn
|faint|p1a: Riolu
|join|rrtrefgg
|
|switch|p1a: Gengar|Gengar, F|262/262
|turn|15
|
|switch|p2a: Politoed|Politoed, M, shiny|269/322
|-damage|p2a: Politoed|229/322|[from] Stealth Rock
|-damage|p2a: Politoed|176/322|[from] Spikes
|move|p1a: Gengar|Substitute|p1a: Gengar
|-start|p1a: Gengar|Substitute
|-damage|p1a: Gengar|197/262
|
|-weather|RainDance|[upkeep]
|-heal|p1a: Gengar|213/262|[from] item: Black Sludge
|-heal|p2a: Politoed|196/322|[from] item: Leftovers
|turn|16
|
|move|p1a: Gengar|Thunderbolt|p2a: Politoed
|-supereffective|p2a: Politoed
|-damage|p2a: Politoed|18/322
|move|p2a: Politoed|Scald|p1a: Gengar
|-end|p1a: Gengar|Substitute
|
|-weather|RainDance|[upkeep]
|-heal|p1a: Gengar|229/262|[from] item: Black Sludge
|-heal|p2a: Politoed|38/322|[from] item: Leftovers
|turn|17
|
|move|p1a: Gengar|Thunderbolt|p2a: Politoed
|-supereffective|p2a: Politoed
|-damage|p2a: Politoed|0 fnt
|faint|p2a: Politoed
|
|-weather|RainDance|[upkeep]
|-heal|p1a: Gengar|245/262|[from] item: Black Sludge
|
|switch|p2a: Ferrothorn|Ferrothorn, F|158/290
|-damage|p2a: Ferrothorn|140/290|[from] Stealth Rock
|-damage|p2a: Ferrothorn|92/290|[from] Spikes
|turn|18
|
|move|p1a: Gengar|Substitute|p1a: Gengar
|-start|p1a: Gengar|Substitute
|-damage|p1a: Gengar|180/262
|move|p2a: Ferrothorn|Power Whip|p1a: Gengar|[miss]
|-miss|p2a: Ferrothorn|p1a: Gengar
|
|-weather|RainDance|[upkeep]
|-heal|p1a: Gengar|196/262|[from] item: Black Sludge
|-heal|p2a: Ferrothorn|110/290|[from] item: Leftovers
|turn|19
|
|move|p1a: Gengar|Focus Blast|p2a: Ferrothorn|[miss]
|-miss|p1a: Gengar|p2a: Ferrothorn
|move|p2a: Ferrothorn|Power Whip|p1a: Gengar|[miss]
|-miss|p2a: Ferrothorn|p1a: Gengar
|
|-weather|RainDance|[upkeep]
|-heal|p1a: Gengar|212/262|[from] item: Black Sludge
|-heal|p2a: Ferrothorn|128/290|[from] item: Leftovers
|turn|20
|
|move|p1a: Gengar|Focus Blast|p2a: Ferrothorn|[miss]
|-miss|p1a: Gengar|p2a: Ferrothorn
|move|p2a: Ferrothorn|Power Whip|p1a: Gengar
|-resisted|p1a: Gengar
|-end|p1a: Gengar|Substitute
|
|-weather|RainDance|[upkeep]
|-heal|p1a: Gengar|228/262|[from] item: Black Sludge
|-heal|p2a: Ferrothorn|146/290|[from] item: Leftovers
|turn|21
|
|move|p1a: Gengar|Focus Blast|p2a: Ferrothorn
|-supereffective|p2a: Ferrothorn
|-damage|p2a: Ferrothorn|0 fnt
|faint|p2a: Ferrothorn
|
|-weather|RainDance|[upkeep]
|-heal|p1a: Gengar|244/262|[from] item: Black Sludge
|
|switch|p2a: Jirachi|Jirachi|187/341
|-damage|p2a: Jirachi|131/341|[from] Spikes
|-damage|p2a: Jirachi|110/341|[from] Stealth Rock
|turn|22
|
|move|p1a: Gengar|Shadow Ball|p2a: Jirachi
|-damage|p2a: Jirachi|0 fnt
|faint|p2a: Jirachi
|
|-weather|RainDance|[upkeep]
|-heal|p1a: Gengar|260/262|[from] item: Black Sludge
|
|switch|p2a: Rotom-Wash|Rotom-Wash|211/241
|-damage|p2a: Rotom-Wash|181/241|[from] Stealth Rock
|turn|23
|
|move|p1a: Gengar|Shadow Ball|p2a: Rotom-Wash
|-damage|p2a: Rotom-Wash|82/241
|move|p2a: Rotom-Wash|Thunder|p1a: Gengar
|-damage|p1a: Gengar|0 fnt
|faint|p1a: Gengar
|
|-weather|RainDance|[upkeep]
|
|switch|p1a: Aerodactyl|Aerodactyl, F|302/302
|-ability|p1a: Aerodactyl|Pressure
|turn|24
|
|switch|p2a: Landorus-Therian|Landorus-Therian, M|200/320
|-damage|p2a: Landorus-Therian|160/320|[from] Stealth Rock
|-ability|p2a: Landorus-Therian|Intimidate|[of] p1a: Aerodactyl
|-unboost|p1a: Aerodactyl|atk|1
|move|p1a: Aerodactyl|Stone Edge|p2a: Landorus-Therian
|-damage|p2a: Landorus-Therian|76/320
|
|-weather|RainDance|[upkeep]
|turn|25
|
|move|p1a: Aerodactyl|Ice Fang|p2a: Landorus-Therian
|-supereffective|p2a: Landorus-Therian
|-damage|p2a: Landorus-Therian|0 fnt
|-damage|p1a: Aerodactyl|252/302|[from] item: Rocky Helmet|[of] p2a: Landorus-Therian
|faint|p2a: Landorus-Therian
|
|-weather|RainDance|[upkeep]
|
|switch|p2a: Rotom-Wash|Rotom-Wash|82/241
|-damage|p2a: Rotom-Wash|52/241|[from] Stealth Rock
|turn|26
|
|move|p1a: Aerodactyl|Stone Edge|p2a: Rotom-Wash|[miss]
|-miss|p1a: Aerodactyl|p2a: Rotom-Wash
|move|p2a: Rotom-Wash|Hydro Pump|p1a: Aerodactyl
|-supereffective|p1a: Aerodactyl
|-damage|p1a: Aerodactyl|0 fnt
|faint|p1a: Aerodactyl
|
|-weather|RainDance|[upkeep]
|
|switch|p1a: Dusclops|Dusclops, F|222/222
|-ability|p1a: Dusclops|Pressure
|turn|27
|
|move|p2a: Rotom-Wash|Hydro Pump|p1a: Dusclops
|-damage|p1a: Dusclops|65/222
|move|p1a: Dusclops|Confuse Ray|p2a: Rotom-Wash
|-start|p2a: Rotom-Wash|confusion
|
|-weather|RainDance|[upkeep]
|turn|28
|
|-activate|p2a: Rotom-Wash|confusion
|-damage|p2a: Rotom-Wash|34/241|[from] confusion
|move|p1a: Dusclops|Will-O-Wisp|p2a: Rotom-Wash|[miss]
|-miss|p1a: Dusclops|p2a: Rotom-Wash
|
|-weather|RainDance|[upkeep]
|turn|29
|
|-activate|p2a: Rotom-Wash|confusion
|move|p2a: Rotom-Wash|Hydro Pump|p1a: Dusclops|[miss]
|-miss|p2a: Rotom-Wash|p1a: Dusclops
|move|p1a: Dusclops|Will-O-Wisp|p2a: Rotom-Wash
|-status|p2a: Rotom-Wash|brn
|
|-weather|RainDance|[upkeep]
|-damage|p2a: Rotom-Wash|4/241 brn|[from] brn
|turn|30
|
|-activate|p2a: Rotom-Wash|confusion
|-damage|p2a: Rotom-Wash|0 fnt|[from] confusion
|faint|p2a: Rotom-Wash
|
|win|Pythagorean Python
|raw|Ladder updating...
|raw|Pythagorean Python's rating: 1436 &rarr; <strong>1451</strong><br />(+15 for winning)
|raw|meekers's rating: 1343 &rarr; <strong>1328</strong><br />(-15 for losing)
|chat|Pythagorean Python|gg