|j|☆SwordIsBored
|j|☆CertamenMeum
|t:|1716748157
|gametype|singles
|player|p1|SwordIsBored|miku-water|1325
|player|p2|CertamenMeum|blue|1544
|teamsize|p1|6
|teamsize|p2|6
|gen|5
|tier|[Gen 5] OU
|rated|
|rule|Species Clause: Limit one of each Pokémon
|rule|OHKO Clause: OHKO moves are banned
|rule|Moody Clause: Moody is banned
|rule|Evasion Items Clause: Evasion items are banned
|rule|Evasion Moves Clause: Evasion moves are banned
|rule|Endless Battle Clause: Forcing endless battles is banned
|rule|HP Percentage Mod: HP is shown in percentages
|rule|Evasion Abilities Clause: Evasion abilities are banned
|rule|Sleep Moves Clause: Sleep-inducing moves are banned
|rule|Swagger Clause: Swagger is banned
|rule|Baton Pass Stat Clause: No Baton Passer may have a way to boost its stats
|clearpoke
|poke|p1|Hippowdon, M|item
|poke|p1|Skarmory, F|item
|poke|p1|Reuniclus, M|item
|poke|p1|Clefable, F|item
|poke|p1|Latias, F|item
|poke|p1|Bronzong|item
|poke|p2|Dragonite, M|item
|poke|p2|Scizor, M|item
|poke|p2|Forretress, M|item
|poke|p2|Ferrothorn, F|item
|poke|p2|Alakazam, M|item
|poke|p2|Rotom-Wash|item
|teampreview
|inactive|Battle timer is ON: inactive players will automatically lose when time's up. (requested by CertamenMeum)
|
|t:|1716748185
|start
|switch|p1a: Clefable|Clefable, F|100/100
|switch|p2a: Forretress|Forretress, M|100/100
|turn|1
|
|t:|1716748191
|move|p1a: Clefable|Knock Off|p2a: Forretress
|-resisted|p2a: Forretress
|-damage|p2a: Forretress|99/100
|-enditem|p2a: Forretress|Custap Berry|[from] move: Knock Off|[of] p1a: Clefable
|move|p2a: Forretress|Stealth Rock|p1a: Clefable
|-sidestart|p1: SwordIsBored|move: Stealth Rock
|
|upkeep
|turn|2
|
|t:|1716748207
|switch|p1a: Skarmory|Skarmory, F|100/100
|-damage|p1a: Skarmory|88/100|[from] Stealth Rock
|move|p2a: Forretress|Spikes|p1a: Skarmory
|-sidestart|p1: SwordIsBored|Spikes
|
|upkeep
|turn|3
|
|t:|1716748218
|switch|p2a: Rotom|Rotom-Wash, shiny|100/100
|move|p1a: Skarmory|Spikes|p2a: Rotom
|-sidestart|p2: CertamenMeum|Spikes
|
|upkeep
|turn|4
|
|t:|1716748227
|switch|p1a: Clefable|Clefable, F|100/100
|move|p2a: Rotom|Hydro Pump|p1a: Clefable
|-damage|p1a: Clefable|41/100
|
|-heal|p1a: Clefable|47/100|[from] item: Leftovers
|upkeep
|turn|5
|
|t:|1716748256
|switch|p1a: Latias|Latias, F|100/100
|-damage|p1a: Latias|88/100|[from] Stealth Rock
|move|p2a: Rotom|Hydro Pump|p1a: Latias
|-resisted|p1a: Latias
|-damage|p1a: Latias|46/100
|
|upkeep
|turn|6
|
|t:|1716748265
|switch|p2a: Scizor|Scizor, M|100/100
|-damage|p2a: Scizor|88/100|[from] Spikes
|move|p1a: Latias|Recover|p1a: Latias
|-heal|p1a: Latias|97/100
|
|upkeep
|turn|7
|inactive|SwordIsBored has 120 seconds left.
|
|t:|1716748288
|-activate|p1a: Latias|move: Pursuit
|move|p2a: Scizor|Pursuit|p1a: Latias|[from]Pursuit
|-supereffective|p1a: Latias
|-enditem|p1a: Latias|Colbur Berry|[eat]
|-enditem|p1a: Latias|Colbur Berry|[weaken]
|-damage|p1a: Latias|39/100
|switch|p1a: Hippowdon|Hippowdon, M|100/100
|-damage|p1a: Hippowdon|94/100|[from] Stealth Rock
|-damage|p1a: Hippowdon|82/100|[from] Spikes
|-weather|Sandstorm|[from] ability: Sand Stream|[of] p1a: Hippowdon
|
|-weather|Sandstorm|[upkeep]
|-heal|p1a: Hippowdon|88/100|[from] item: Leftovers
|upkeep
|turn|8
|
|t:|1716748302
|switch|p2a: Rotom|Rotom-Wash, shiny|100/100
|move|p1a: Hippowdon|Stealth Rock|p2a: Rotom
|-sidestart|p2: CertamenMeum|move: Stealth Rock
|
|-weather|Sandstorm|[upkeep]
|-damage|p2a: Rotom|94/100|[from] Sandstorm
|-heal|p1a: Hippowdon|94/100|[from] item: Leftovers
|upkeep
|turn|9
|inactive|SwordIsBored has 120 seconds left.
|
|t:|1716748329
|switch|p1a: Bronzong|Bronzong|100/100
|-damage|p1a: Bronzong|94/100|[from] Stealth Rock
|move|p2a: Rotom|Hydro Pump|p1a: Bronzong|[miss]
|-miss|p2a: Rotom|p1a: Bronzong
|
|-weather|Sandstorm|[upkeep]
|-damage|p2a: Rotom|88/100|[from] Sandstorm
|-heal|p1a: Bronzong|100/100|[from] item: Leftovers
|upkeep
|turn|10
|
|t:|1716748339
|switch|p2a: Forretress|Forretress, M|99/100
|-damage|p2a: Forretress|87/100|[from] Spikes
|-damage|p2a: Forretress|74/100|[from] Stealth Rock
|move|p1a: Bronzong|Toxic|p2a: Forretress
|-immune|p2a: Forretress
|
|-weather|Sandstorm|[upkeep]
|upkeep
|turn|11
|inactive|SwordIsBored has 120 seconds left.
|
|t:|1716748347
|move|p2a: Forretress|Rapid Spin|p1a: Bronzong
|-resisted|p1a: Bronzong
|-damage|p1a: Bronzong|98/100
|-sideend|p2: CertamenMeum|Spikes|[from] move: Rapid Spin|[of] p2a: Forretress
|-sideend|p2: CertamenMeum|Stealth Rock|[from] move: Rapid Spin|[of] p2a: Forretress
|move|p1a: Bronzong|Earthquake|p2a: Forretress
|-damage|p2a: Forretress|56/100
|
|-weather|Sandstorm|[upkeep]
|-heal|p1a: Bronzong|100/100|[from] item: Leftovers
|upkeep
|turn|12
|inactive|SwordIsBored has 120 seconds left.
|
|t:|1716748363
|switch|p1a: Reuniclus|Reuniclus, M|100/100
|move|p2a: Forretress|Spikes|p1a: Reuniclus
|-sidestart|p1: SwordIsBored|Spikes
|
|-weather|Sandstorm|[upkeep]
|upkeep
|turn|13
|
|t:|1716748370
|switch|p2a: Scizor|Scizor, M|88/100
|move|p1a: Reuniclus|Focus Blast|p2a: Scizor
|-damage|p2a: Scizor|43/100
|
|-weather|Sandstorm|[upkeep]
|upkeep
|turn|14
|
|t:|1716748376
|move|p2a: Scizor|U-turn|p1a: Reuniclus
|-supereffective|p1a: Reuniclus
|-damage|p1a: Reuniclus|11/100
|
|t:|1716748396
|switch|p2a: Alakazam|Alakazam, M|100/100|[from] U-turn
|move|p1a: Reuniclus|Focus Blast|p2a: Alakazam
|-resisted|p2a: Alakazam
|-damage|p2a: Alakazam|73/100
|
|-weather|Sandstorm|[upkeep]
|-heal|p1a: Reuniclus|17/100|[from] item: Leftovers
|upkeep
|turn|15
|
|t:|1716748408
|switch|p1a: Bronzong|Bronzong|100/100
|-damage|p1a: Bronzong|94/100|[from] Stealth Rock
|move|p2a: Alakazam|Shadow Ball|p1a: Bronzong
|-damage|p1a: Bronzong|77/100
|-unboost|p1a: Bronzong|spd|1
|
|-weather|Sandstorm|[upkeep]
|-heal|p1a: Bronzong|83/100|[from] item: Leftovers
|upkeep
|turn|16
|
|t:|1716748418
|switch|p2a: Rotom|Rotom-Wash, shiny|88/100
|move|p1a: Bronzong|Gyro Ball|p2a: Rotom
|-resisted|p2a: Rotom
|-damage|p2a: Rotom|80/100
|
|-weather|Sandstorm|[upkeep]
|-damage|p2a: Rotom|74/100|[from] Sandstorm
|-heal|p1a: Bronzong|89/100|[from] item: Leftovers
|upkeep
|turn|17
|
|t:|1716748426
|move|p2a: Rotom|Hydro Pump|p1a: Bronzong
|-damage|p1a: Bronzong|0 fnt
|faint|p1a: Bronzong
|
|-weather|Sandstorm|[upkeep]
|-damage|p2a: Rotom|68/100|[from] Sandstorm
|upkeep
|-message|SwordIsBored forfeited.
|
|win|CertamenMeum
|raw|SwordIsBored's rating: 1325 &rarr; <strong>1316</strong><br />(-9 for losing)
|raw|CertamenMeum's rating: 1544 &rarr; <strong>1553</strong><br />(+9 for winning)
|l|☆CertamenMeum
|player|p2|
