|j|☆Super Suit
|j|☆BluuError%
|t:|1707884514
|gametype|singles
|player|p1|Super Suit|yellow|1428
|player|p2|BluuError%|169|1313
|teamsize|p1|6
|teamsize|p2|6
|gen|5
|tier|[Gen 5] OU
|rated|
|rule|Species Clause: Limit one of each Pokémon
|rule|OHKO Clause: OHKO moves are banned
|rule|Moody Clause: Moody is banned
|rule|Evasion Items Clause: Evasion items are banned
|rule|Evasion Moves Clause: Evasion moves are banned
|rule|Endless Battle Clause: Forcing endless battles is banned
|rule|HP Percentage Mod: HP is shown in percentages
|rule|Evasion Abilities Clause: Evasion abilities are banned
|rule|Sleep Moves Clause: Sleep-inducing moves are banned
|rule|Swagger Clause: Swagger is banned
|rule|Baton Pass Stat Clause: No Baton Passer may have a way to boost its stats
|clearpoke
|poke|p1|Ninetales, F|item
|poke|p1|Victini|item
|poke|p1|Darmanitan, M|item
|poke|p1|Xatu, F|item
|poke|p1|Ferrothorn, M|item
|poke|p1|Volcarona, M|item
|poke|p2|Jirachi|item
|poke|p2|Latios, M|item
|poke|p2|Scizor, M|item
|poke|p2|Starmie|item
|poke|p2|Landorus-Therian, M|item
|poke|p2|Tyranitar, F|item
|teampreview
|inactive|Battle timer is ON: inactive players will automatically lose when time's up. (requested by Super Suit)
|c|☆Super Suit|Glhf
|
|t:|1707884536
|start
|switch|p1a: Victini|Victini|100/100
|switch|p2a: NOOB|Landorus-Therian, M, shiny|100/100
|-ability|p2a: NOOB|Intimidate|boost
|-unboost|p1a: Victini|atk|1
|turn|1
|
|t:|1707884543
|move|p1a: Victini|U-turn|p2a: NOOB
|-resisted|p2a: NOOB
|-damage|p2a: NOOB|93/100
|
|t:|1707884547
|switch|p1a: Ferrothorn|Ferrothorn, M|100/100|[from] U-turn
|move|p2a: NOOB|Earthquake|p1a: Ferrothorn
|-damage|p1a: Ferrothorn|54/100
|
|-heal|p1a: Ferrothorn|60/100|[from] item: Leftovers
|upkeep
|turn|2
|
|t:|1707884558
|switch|p2a: Not Pursuit😥|Tyranitar, F, shiny|100/100
|-weather|Sandstorm|[from] ability: Sand Stream|[of] p2a: Not Pursuit😥
|move|p1a: Ferrothorn|Stealth Rock|p2a: Not Pursuit😥
|-sidestart|p2: BluuError%|move: Stealth Rock
|
|-weather|Sandstorm|[upkeep]
|-heal|p1a: Ferrothorn|67/100|[from] item: Leftovers
|upkeep
|turn|3
|
|t:|1707884570
|switch|p1a: Xatu|Xatu, F|100/100
|move|p2a: Not Pursuit😥|Fire Punch|p1a: Xatu
|-damage|p1a: Xatu|72/100
|-damage|p2a: Not Pursuit😥|84/100|[from] item: Rocky Helmet|[of] p1a: Xatu
|
|-weather|Sandstorm|[upkeep]
|-damage|p1a: Xatu|66/100|[from] Sandstorm
|upkeep
|turn|4
|
|t:|1707884581
|move|p1a: Xatu|Reflect|p1a: Xatu
|-sidestart|p1: Super Suit|Reflect
|move|p2a: Not Pursuit😥|Pursuit|p1a: Xatu
|-supereffective|p1a: Xatu
|-damage|p1a: Xatu|44/100
|-damage|p2a: Not Pursuit😥|67/100|[from] item: Rocky Helmet|[of] p1a: Xatu
|
|-weather|Sandstorm|[upkeep]
|-damage|p1a: Xatu|38/100|[from] Sandstorm
|upkeep
|turn|5
|
|t:|1707884592
|switch|p2a: NOOB|Landorus-Therian, M, shiny|93/100
|-damage|p2a: NOOB|81/100|[from] Stealth Rock
|-ability|p2a: NOOB|Intimidate|boost
|-unboost|p1a: Xatu|atk|1
|move|p1a: Xatu|Roost|p1a: Xatu
|-heal|p1a: Xatu|88/100
|-singleturn|p1a: Xatu|move: Roost
|
|-weather|Sandstorm|[upkeep]
|-damage|p1a: Xatu|82/100|[from] Sandstorm
|upkeep
|turn|6
|
|t:|1707884606
|move|p2a: NOOB|Hidden Power|p1a: Xatu
|-supereffective|p1a: Xatu
|-damage|p1a: Xatu|37/100
|move|p1a: Xatu|U-turn|p2a: NOOB
|-resisted|p2a: NOOB
|-damage|p2a: NOOB|76/100
|
|t:|1707884612
|switch|p1a: Victini|Victini|100/100|[from] U-turn
|
|-weather|Sandstorm|[upkeep]
|-damage|p1a: Victini|94/100|[from] Sandstorm
|upkeep
|turn|7
|
|t:|1707884622
|switch|p2a: OTK|Latios, M, shiny|100/100
|-damage|p2a: OTK|88/100|[from] Stealth Rock
|move|p1a: Victini|U-turn|p2a: OTK
|-supereffective|p2a: OTK
|-damage|p2a: OTK|28/100
|
|t:|1707884631
|switch|p1a: Ferrothorn|Ferrothorn, M|67/100|[from] U-turn
|
|-weather|Sandstorm|[upkeep]
|-damage|p2a: OTK|22/100|[from] Sandstorm
|-heal|p1a: Ferrothorn|73/100|[from] item: Leftovers
|upkeep
|turn|8
|
|t:|1707884639
|move|p2a: OTK|Trick|p1a: Ferrothorn
|-activate|p2a: OTK|move: Trick|[of] p1a: Ferrothorn
|-item|p1a: Ferrothorn|Choice Scarf|[from] move: Trick
|-item|p2a: OTK|Leftovers|[from] move: Trick
|move|p1a: Ferrothorn|Spikes|p2a: OTK
|-sidestart|p2: BluuError%|Spikes
|
|-weather|Sandstorm|[upkeep]
|-damage|p2a: OTK|16/100|[from] Sandstorm
|-heal|p2a: OTK|22/100|[from] item: Leftovers
|-sideend|p1: Super Suit|Reflect
|upkeep
|turn|9
|
|t:|1707884651
|switch|p2a: BLACKSTAR♠️♥️|Starmie, shiny|100/100
|-damage|p2a: BLACKSTAR♠️♥️|88/100|[from] Stealth Rock
|-damage|p2a: BLACKSTAR♠️♥️|76/100|[from] Spikes
|switch|p1a: Victini|Victini|94/100
|
|-weather|Sandstorm|[upkeep]
|-damage|p1a: Victini|88/100|[from] Sandstorm
|-damage|p2a: BLACKSTAR♠️♥️|70/100|[from] Sandstorm
|upkeep
|turn|10
|
|t:|1707884666
|switch|p2a: NOOB|Landorus-Therian, M, shiny|76/100
|-damage|p2a: NOOB|64/100|[from] Stealth Rock
|-ability|p2a: NOOB|Intimidate|boost
|-unboost|p1a: Victini|atk|1
|move|p1a: Victini|Bolt Strike|p2a: NOOB
|-immune|p2a: NOOB
|
|-weather|Sandstorm|[upkeep]
|-damage|p1a: Victini|82/100|[from] Sandstorm
|upkeep
|turn|11
|
|t:|1707884677
|switch|p1a: Xatu|Xatu, F|37/100
|move|p2a: NOOB|U-turn|p1a: Xatu
|-damage|p1a: Xatu|10/100
|-damage|p2a: NOOB|47/100|[from] item: Rocky Helmet|[of] p1a: Xatu
|
|t:|1707884691
|switch|p2a: BLACKSTAR♠️♥️|Starmie, shiny|70/100|[from] U-turn
|-damage|p2a: BLACKSTAR♠️♥️|58/100|[from] Stealth Rock
|-damage|p2a: BLACKSTAR♠️♥️|45/100|[from] Spikes
|
|-weather|Sandstorm|[upkeep]
|-damage|p2a: BLACKSTAR♠️♥️|39/100|[from] Sandstorm
|-damage|p1a: Xatu|4/100|[from] Sandstorm
|upkeep
|turn|12
|
|t:|1707884700
|move|p2a: BLACKSTAR♠️♥️|Ice Beam|p1a: Xatu
|-supereffective|p1a: Xatu
|-damage|p1a: Xatu|0 fnt
|faint|p1a: Xatu
|
|-weather|Sandstorm|[upkeep]
|-damage|p2a: BLACKSTAR♠️♥️|33/100|[from] Sandstorm
|upkeep
|
|t:|1707884703
|switch|p1a: Victini|Victini|82/100
|turn|13
|
|t:|1707884711
|switch|p2a: NOOB|Landorus-Therian, M, shiny|47/100
|-damage|p2a: NOOB|35/100|[from] Stealth Rock
|-ability|p2a: NOOB|Intimidate|boost
|-unboost|p1a: Victini|atk|1
|move|p1a: Victini|U-turn|p2a: NOOB
|-resisted|p2a: NOOB
|-damage|p2a: NOOB|27/100
|
|t:|1707884714
|switch|p1a: Ferrothorn|Ferrothorn, M|73/100|[from] U-turn
|
|-weather|Sandstorm|[upkeep]
|upkeep
|turn|14
|
|t:|1707884724
|move|p2a: NOOB|Superpower|p1a: Ferrothorn
|-supereffective|p1a: Ferrothorn
|-damage|p1a: Ferrothorn|4/100
|-unboost|p2a: NOOB|atk|1
|-unboost|p2a: NOOB|def|1
|-damage|p2a: NOOB|15/100|[from] ability: Iron Barbs|[of] p1a: Ferrothorn
|move|p1a: Ferrothorn|Knock Off|p2a: NOOB
|-damage|p2a: NOOB|6/100
|-enditem|p2a: NOOB|Choice Scarf|[from] move: Knock Off|[of] p1a: Ferrothorn
|
|-weather|Sandstorm|[upkeep]
|upkeep
|turn|15
|
|t:|1707884736
|move|p2a: NOOB|Earthquake|p1a: Ferrothorn
|-damage|p1a: Ferrothorn|0 fnt
|faint|p1a: Ferrothorn
|
|-weather|Sandstorm|[upkeep]
|upkeep
|
|t:|1707884738
|switch|p1a: Victini|Victini|82/100
|turn|16
|
|t:|1707884749
|move|p1a: Victini|U-turn|p2a: NOOB
|-resisted|p2a: NOOB
|-damage|p2a: NOOB|0 fnt
|faint|p2a: NOOB
|
|t:|1707884754
|switch|p1a: Ninetales|Ninetales, F|100/100|[from] U-turn
|-weather|SunnyDay|[from] ability: Drought|[of] p1a: Ninetales
|
|-weather|SunnyDay|[upkeep]
|upkeep
|
|t:|1707884762
|switch|p2a: BLACKSTAR♠️♥️|Starmie, shiny|33/100
|-damage|p2a: BLACKSTAR♠️♥️|21/100|[from] Stealth Rock
|-damage|p2a: BLACKSTAR♠️♥️|9/100|[from] Spikes
|turn|17
|
|t:|1707884768
|move|p2a: BLACKSTAR♠️♥️|Rapid Spin|p1a: Ninetales
|-damage|p1a: Ninetales|97/100
|-sideend|p2: BluuError%|Spikes|[from] move: Rapid Spin|[of] p2a: BLACKSTAR♠️♥️
|-sideend|p2: BluuError%|Stealth Rock|[from] move: Rapid Spin|[of] p2a: BLACKSTAR♠️♥️
|move|p1a: Ninetales|Flamethrower|p2a: BLACKSTAR♠️♥️
|-resisted|p2a: BLACKSTAR♠️♥️
|-crit|p2a: BLACKSTAR♠️♥️
|-damage|p2a: BLACKSTAR♠️♥️|0 fnt
|faint|p2a: BLACKSTAR♠️♥️
|
|-weather|SunnyDay|[upkeep]
|-heal|p1a: Ninetales|100/100|[from] item: Leftovers
|upkeep
|
|t:|1707884780
|switch|p2a: Not Pursuit😥|Tyranitar, F, shiny|67/100
|-weather|Sandstorm|[from] ability: Sand Stream|[of] p2a: Not Pursuit😥
|turn|18
|
|t:|1707884785
|move|p1a: Ninetales|Will-O-Wisp|p2a: Not Pursuit😥
|-status|p2a: Not Pursuit😥|brn
|move|p2a: Not Pursuit😥|Stealth Rock|p1a: Ninetales
|-sidestart|p1: Super Suit|move: Stealth Rock
|
|-weather|Sandstorm|[upkeep]
|-damage|p1a: Ninetales|94/100|[from] Sandstorm
|-heal|p1a: Ninetales|100/100|[from] item: Leftovers
|-damage|p2a: Not Pursuit😥|55/100 brn|[from] brn
|upkeep
|turn|19
|
|t:|1707884796
|move|p1a: Ninetales|Sunny Day|p1a: Ninetales
|-weather|SunnyDay
|move|p2a: Not Pursuit😥|Earthquake|p1a: Ninetales
|-supereffective|p1a: Ninetales
|-crit|p1a: Ninetales
|-damage|p1a: Ninetales|20/100
|
|-weather|SunnyDay|[upkeep]
|-heal|p1a: Ninetales|26/100|[from] item: Leftovers
|-damage|p2a: Not Pursuit😥|43/100 brn|[from] brn
|upkeep
|turn|20
|
|t:|1707884808
|switch|p2a: OTK|Latios, M, shiny|22/100
|move|p1a: Ninetales|Flamethrower|p2a: OTK
|-resisted|p2a: OTK
|-damage|p2a: OTK|0 fnt
|faint|p2a: OTK
|
|-weather|SunnyDay|[upkeep]
|-heal|p1a: Ninetales|32/100|[from] item: Leftovers
|upkeep
|
|t:|1707884822
|switch|p2a: Not Pursuit😥|Tyranitar, F, shiny|43/100 brn
|-weather|Sandstorm|[from] ability: Sand Stream|[of] p2a: Not Pursuit😥
|turn|21
|
|t:|1707884831
|move|p1a: Ninetales|Pain Split|p2a: Not Pursuit😥
|-sethp|p2a: Not Pursuit😥|38/100 brn|[from] move: Pain Split|[silent]
|-sethp|p1a: Ninetales|37/100|[from] move: Pain Split
|move|p2a: Not Pursuit😥|Pursuit|p1a: Ninetales
|-damage|p1a: Ninetales|25/100
|
|-weather|Sandstorm|[upkeep]
|-damage|p1a: Ninetales|19/100|[from] Sandstorm
|-heal|p1a: Ninetales|25/100|[from] item: Leftovers
|-damage|p2a: Not Pursuit😥|25/100 brn|[from] brn
|upkeep
|turn|22
|
|t:|1707884844
|move|p1a: Ninetales|Sunny Day|p1a: Ninetales
|-weather|SunnyDay
|move|p2a: Not Pursuit😥|Earthquake|p1a: Ninetales
|-supereffective|p1a: Ninetales
|-damage|p1a: Ninetales|0 fnt
|faint|p1a: Ninetales
|
|-weather|SunnyDay|[upkeep]
|-damage|p2a: Not Pursuit😥|13/100 brn|[from] brn
|upkeep
|
|t:|1707884849
|switch|p1a: Darmanitan|Darmanitan, M|100/100
|-damage|p1a: Darmanitan|76/100|[from] Stealth Rock
|turn|23
|
|t:|1707884869
|switch|p2a: Scizoria|Scizor, M, shiny|100/100
|move|p1a: Darmanitan|Flare Blitz|p2a: Scizoria
|-supereffective|p2a: Scizoria
|-damage|p2a: Scizoria|0 fnt
|faint|p2a: Scizoria
|-damage|p1a: Darmanitan|49/100|[from] Recoil
|
|-weather|SunnyDay|[upkeep]
|upkeep
|
|t:|1707884880
|switch|p2a: Not Pursuit😥|Tyranitar, F, shiny|13/100 brn
|-weather|Sandstorm|[from] ability: Sand Stream|[of] p2a: Not Pursuit😥
|turn|24
|
|t:|1707884885
|move|p1a: Darmanitan|Flare Blitz|p2a: Not Pursuit😥
|-resisted|p2a: Not Pursuit😥
|-damage|p2a: Not Pursuit😥|0 fnt
|faint|p2a: Not Pursuit😥
|-damage|p1a: Darmanitan|45/100|[from] Recoil
|
|-weather|Sandstorm|[upkeep]
|-damage|p1a: Darmanitan|39/100|[from] Sandstorm
|upkeep
|
|t:|1707884895
|switch|p2a: Zap|Jirachi|100/100
|turn|25
|
|t:|1707884899
|move|p2a: Zap|Protect|p2a: Zap
|-singleturn|p2a: Zap|Protect
|move|p1a: Darmanitan|Flare Blitz|p2a: Zap
|-activate|p2a: Zap|move: Protect
|
|-weather|Sandstorm|[upkeep]
|-damage|p1a: Darmanitan|33/100|[from] Sandstorm
|upkeep
|turn|26
|
|t:|1707884908
|move|p1a: Darmanitan|Flare Blitz|p2a: Zap
|-supereffective|p2a: Zap
|-damage|p2a: Zap|0 fnt
|faint|p2a: Zap
|-damage|p1a: Darmanitan|0 fnt|[from] Recoil
|faint|p1a: Darmanitan
|
|win|Super Suit
|raw|Super Suit's rating: 1428 &rarr; <strong>1442</strong><br />(+14 for winning)
|raw|BluuError%'s rating: 1313 &rarr; <strong>1299</strong><br />(-14 for losing)
|l|☆BluuError%
|player|p2|
