|j|☆Blaise BWOU
|j|☆HANMA JACK
|t:|1735132821
|gametype|singles
|player|p1|Blaise BWOU|n|1311
|player|p2|HANMA JACK|169|1516
|teamsize|p1|6
|teamsize|p2|6
|gen|5
|tier|[Gen 5] OU
|rated|
|rule|Species Clause: Limit one of each Pokémon
|rule|OHKO Clause: OHKO moves are banned
|rule|Moody Clause: Moody is banned
|rule|Evasion Items Clause: Evasion items are banned
|rule|Evasion Moves Clause: Evasion moves are banned
|rule|Endless Battle Clause: Forcing endless battles is banned
|rule|HP Percentage Mod: HP is shown in percentages
|rule|Evasion Abilities Clause: Evasion abilities are banned
|rule|Sleep Moves Clause: Sleep-inducing moves are banned
|rule|Swagger Clause: Swagger is banned
|rule|Baton Pass Stat Clause: No Baton Passer may have a way to boost its stats
|clearpoke
|poke|p1|Latios, M|item
|poke|p1|Magnezone|item
|poke|p1|Starmie|item
|poke|p1|Volcarona, F|item
|poke|p1|Lombre, M|item
|poke|p1|Ludicolo, M|item
|poke|p2|Tyranitar, F|item
|poke|p2|Ferrothorn, F|item
|poke|p2|Landorus-Therian, M|item
|poke|p2|Excadrill, M|item
|poke|p2|Keldeo-Resolute|item
|poke|p2|Latias, F|item
|teampreview
|c|☆HANMA JACK|gl hf
|c|☆Blaise BWOU|thx u2
|
|t:|1735132841
|start
|switch|p1a: Beyblade|Starmie|100/100
|switch|p2a: Ferrothorn|Ferrothorn, F|100/100
|turn|1
|
|t:|1735132845
|switch|p1a: Area B|Magnezone, shiny|100/100
|move|p2a: Ferrothorn|Stealth Rock|p1a: Area B
|-sidestart|p1: Blaise BWOU|move: Stealth Rock
|
|upkeep
|turn|2
|
|t:|1735132850
|move|p1a: Area B|Substitute|p1a: Area B
|-start|p1a: Area B|Substitute
|-damage|p1a: Area B|75/100
|move|p2a: Ferrothorn|Spikes|p1a: Area B
|-sidestart|p1: Blaise BWOU|Spikes
|
|upkeep
|turn|3
|
|t:|1735132856
|move|p1a: Area B|Hidden Power|p2a: Ferrothorn
|-damage|p2a: Ferrothorn|84/100
|move|p2a: Ferrothorn|Power Whip|p1a: Area B
|-resisted|p1a: Area B
|-activate|p1a: Area B|Substitute|[damage]
|
|upkeep
|turn|4
|
|t:|1735132862
|move|p1a: Area B|Hidden Power|p2a: Ferrothorn
|-damage|p2a: Ferrothorn|67/100
|move|p2a: Ferrothorn|Spikes|p1a: Area B
|-sidestart|p1: Blaise BWOU|Spikes
|
|upkeep
|turn|5
|
|t:|1735132866
|move|p1a: Area B|Hidden Power|p2a: Ferrothorn
|-damage|p2a: Ferrothorn|49/100
|move|p2a: Ferrothorn|Power Whip|p1a: Area B
|-resisted|p1a: Area B
|-end|p1a: Area B|Substitute
|
|upkeep
|turn|6
|
|t:|1735132870
|move|p1a: Area B|Substitute|p1a: Area B
|-start|p1a: Area B|Substitute
|-damage|p1a: Area B|50/100
|move|p2a: Ferrothorn|Power Whip|p1a: Area B
|-resisted|p1a: Area B
|-activate|p1a: Area B|Substitute|[damage]
|
|upkeep
|turn|7
|
|t:|1735132875
|move|p1a: Area B|Hidden Power|p2a: Ferrothorn
|-damage|p2a: Ferrothorn|33/100
|move|p2a: Ferrothorn|Power Whip|p1a: Area B
|-resisted|p1a: Area B
|-end|p1a: Area B|Substitute
|
|upkeep
|turn|8
|
|t:|1735132881
|move|p1a: Area B|Substitute|p1a: Area B
|-start|p1a: Area B|Substitute
|-damage|p1a: Area B|25/100
|move|p2a: Ferrothorn|Power Whip|p1a: Area B
|-resisted|p1a: Area B
|-activate|p1a: Area B|Substitute|[damage]
|
|upkeep
|turn|9
|
|t:|1735132888
|move|p1a: Area B|Hidden Power|p2a: Ferrothorn
|-damage|p2a: Ferrothorn|14/100
|move|p2a: Ferrothorn|Power Whip|p1a: Area B|[miss]
|-miss|p2a: Ferrothorn|p1a: Area B
|
|upkeep
|turn|10
|
|t:|1735132894
|move|p1a: Area B|Hidden Power|p2a: Ferrothorn
|-damage|p2a: Ferrothorn|0 fnt
|faint|p2a: Ferrothorn
|
|upkeep
|
|t:|1735132906
|switch|p2a: Latias|Latias, F|100/100
|turn|11
|
|t:|1735132911
|move|p2a: Latias|Surf|p1a: Area B
|-end|p1a: Area B|Substitute
|-damage|p2a: Latias|91/100|[from] item: Life Orb
|move|p1a: Area B|Rain Dance|p1a: Area B
|-weather|RainDance
|
|-weather|RainDance|[upkeep]
|upkeep
|turn|12
|
|t:|1735132919
|switch|p2a: Excadrill|Excadrill, M|100/100
|move|p1a: Area B|Thunder|p2a: Excadrill
|-immune|p2a: Excadrill
|
|-weather|RainDance|[upkeep]
|upkeep
|turn|13
|
|t:|1735132924
|move|p2a: Excadrill|Earthquake|p1a: Area B
|-supereffective|p1a: Area B
|-damage|p1a: Area B|0 fnt
|faint|p1a: Area B
|
|-weather|RainDance|[upkeep]
|upkeep
|
|t:|1735132935
|switch|p1a: Beyblade|Starmie|100/100
|-damage|p1a: Beyblade|88/100|[from] Stealth Rock
|-damage|p1a: Beyblade|72/100|[from] Spikes
|turn|14
|
|t:|1735132942
|move|p2a: Excadrill|Earthquake|p1a: Beyblade
|-damage|p1a: Beyblade|0 fnt
|faint|p1a: Beyblade
|
|-weather|RainDance|[upkeep]
|upkeep
|
|t:|1735132945
|switch|p1a: Mister B|Ludicolo, M|100/100
|-damage|p1a: Mister B|88/100|[from] Stealth Rock
|-damage|p1a: Mister B|72/100|[from] Spikes
|turn|15
|
|t:|1735132959
|switch|p2a: Landorus|Landorus-Therian, M|100/100
|-ability|p2a: Landorus|Intimidate|boost
|-unboost|p1a: Mister B|atk|1
|move|p1a: Mister B|Swords Dance|p1a: Mister B
|-boost|p1a: Mister B|atk|2
|
|-weather|RainDance|[upkeep]
|upkeep
|turn|16
|
|t:|1735132972
|move|p1a: Mister B|Waterfall|p2a: Landorus
|-supereffective|p2a: Landorus
|-damage|p2a: Landorus|0 fnt
|faint|p2a: Landorus
|-damage|p1a: Mister B|62/100|[from] item: Life Orb
|
|-weather|RainDance|[upkeep]
|upkeep
|
|t:|1735132983
|switch|p2a: Tyranitar|Tyranitar, F|100/100
|-weather|Sandstorm|[from] ability: Sand Stream|[of] p2a: Tyranitar
|turn|17
|
|t:|1735132993
|switch|p2a: Latias|Latias, F|91/100
|move|p1a: Mister B|Seed Bomb|p2a: Latias
|-resisted|p2a: Latias
|-damage|p2a: Latias|59/100
|-damage|p1a: Mister B|52/100|[from] item: Life Orb
|
|-weather|Sandstorm|[upkeep]
|-damage|p2a: Latias|52/100|[from] Sandstorm
|-damage|p1a: Mister B|46/100|[from] Sandstorm
|upkeep
|turn|18
|
|t:|1735133001
|move|p2a: Latias|Draco Meteor|p1a: Mister B
|-damage|p1a: Mister B|0 fnt
|-unboost|p2a: Latias|spa|2
|faint|p1a: Mister B
|-damage|p2a: Latias|43/100|[from] item: Life Orb
|
|-weather|Sandstorm|[upkeep]
|-damage|p2a: Latias|36/100|[from] Sandstorm
|upkeep
|
|t:|1735133010
|switch|p1a: Britney|Volcarona, F|100/100
|-damage|p1a: Britney|50/100|[from] Stealth Rock
|-damage|p1a: Britney|34/100|[from] Spikes
|turn|19
|
|t:|1735133014
|move|p2a: Latias|Surf|p1a: Britney
|-supereffective|p1a: Britney
|-damage|p1a: Britney|0 fnt
|faint|p1a: Britney
|-damage|p2a: Latias|26/100|[from] item: Life Orb
|
|-weather|Sandstorm|[upkeep]
|-damage|p2a: Latias|20/100|[from] Sandstorm
|upkeep
|
|t:|1735133016
|switch|p1a: Bip Bip|Latios, M|100/100
|-damage|p1a: Bip Bip|88/100|[from] Stealth Rock
|turn|20
|
|t:|1735133026
|switch|p2a: Keldeo|Keldeo-Resolute|100/100
|-item|p2a: Keldeo|Air Balloon
|move|p1a: Bip Bip|Surf|p2a: Keldeo
|-resisted|p2a: Keldeo
|-damage|p2a: Keldeo|71/100
|-enditem|p2a: Keldeo|Air Balloon
|
|-weather|Sandstorm|[upkeep]
|-damage|p1a: Bip Bip|82/100|[from] Sandstorm
|-damage|p2a: Keldeo|64/100|[from] Sandstorm
|upkeep
|turn|21
|
|t:|1735133030
|switch|p1a: Mister B jr|Lombre, M|100/100
|-damage|p1a: Mister B jr|88/100|[from] Stealth Rock
|-damage|p1a: Mister B jr|71/100|[from] Spikes
|move|p2a: Keldeo|Hidden Power|p1a: Mister B jr
|-damage|p1a: Mister B jr|40/100
|
|-weather|Sandstorm|[upkeep]
|-damage|p2a: Keldeo|58/100|[from] Sandstorm
|-damage|p1a: Mister B jr|34/100|[from] Sandstorm
|upkeep
|turn|22
|
|t:|1735133034
|move|p2a: Keldeo|Secret Sword|p1a: Mister B jr
|-damage|p1a: Mister B jr|0 fnt
|faint|p1a: Mister B jr
|
|-weather|Sandstorm|[upkeep]
|-damage|p2a: Keldeo|52/100|[from] Sandstorm
|upkeep
|-message|Blaise BWOU forfeited.
|
|win|HANMA JACK
|raw|Blaise BWOU's rating: 1311 &rarr; <strong>1302</strong><br />(-9 for losing)
|raw|HANMA JACK's rating: 1516 &rarr; <strong>1525</strong><br />(+9 for winning)
|l|☆Blaise BWOU
|player|p1|
|c|☆HANMA JACK|gg
