|j|☆Bellosom22
|j|☆HydreigonSpammer
|t:|1735708353
|gametype|singles
|player|p1|Bellosom22|1|1368
|player|p2|HydreigonSpammer|acetrainer|1415
|teamsize|p1|6
|teamsize|p2|6
|gen|5
|tier|[Gen 5] OU
|rated|
|rule|Species Clause: Limit one of each Pokémon
|rule|OHKO Clause: OHKO moves are banned
|rule|Moody Clause: Moody is banned
|rule|Evasion Items Clause: Evasion items are banned
|rule|Evasion Moves Clause: Evasion moves are banned
|rule|Endless Battle Clause: Forcing endless battles is banned
|rule|HP Percentage Mod: HP is shown in percentages
|rule|Evasion Abilities Clause: Evasion abilities are banned
|rule|Sleep Moves Clause: Sleep-inducing moves are banned
|rule|Swagger Clause: Swagger is banned
|rule|Baton Pass Stat Clause: No Baton Passer may have a way to boost its stats
|clearpoke
|poke|p1|Garchomp, M|item
|poke|p1|Scizor, M|item
|poke|p1|Dragonite, M|item
|poke|p1|Volcarona, M|item
|poke|p1|Starmie|item
|poke|p1|Breloom, M|item
|poke|p2|Abomasnow, M|item
|poke|p2|Kyurem|item
|poke|p2|Reuniclus, F|item
|poke|p2|Mamoswine, F|item
|poke|p2|Alakazam, M|item
|poke|p2|Walrein, M|item
|teampreview
|
|t:|1735708361
|start
|switch|p1a: Scizor|Scizor, M|100/100
|switch|p2a: Mamoswine|Mamoswine, F|100/100
|turn|1
|
|t:|1735708373
|move|p2a: Mamoswine|Earthquake|p1a: Scizor
|-crit|p1a: Scizor
|-damage|p1a: Scizor|0 fnt
|faint|p1a: Scizor
|
|upkeep
|
|t:|1735708431
|switch|p1a: Garchomp|Garchomp, M|100/100
|turn|2
|
|t:|1735708439
|move|p1a: Garchomp|Stealth Rock|p2a: Mamoswine
|-sidestart|p2: HydreigonSpammer|move: Stealth Rock
|move|p2a: Mamoswine|Stealth Rock|p1a: Garchomp
|-sidestart|p1: Bellosom22|move: Stealth Rock
|
|upkeep
|turn|3
|
|t:|1735708457
|move|p2a: Mamoswine|Ice Shard|p1a: Garchomp
|-supereffective|p1a: Garchomp
|-damage|p1a: Garchomp|5/100
|move|p1a: Garchomp|Earthquake|p2a: Mamoswine
|-crit|p2a: Mamoswine
|-damage|p2a: Mamoswine|7/100
|
|upkeep
|turn|4
|
|t:|1735708478
|move|p1a: Garchomp|Draco Meteor|p2a: Mamoswine
|-damage|p2a: Mamoswine|0 fnt
|-unboost|p1a: Garchomp|spa|2
|faint|p2a: Mamoswine
|
|upkeep
|
|t:|1735708481
|switch|p2a: Alakazam|Alakazam, M|100/100
|turn|5
|
|t:|1735708510
|move|p2a: Alakazam|Psyshock|p1a: Garchomp
|-damage|p1a: Garchomp|0 fnt
|faint|p1a: Garchomp
|
|upkeep
|
|t:|1735708531
|switch|p1a: Dragonite|Dragonite, M|100/100
|-damage|p1a: Dragonite|75/100|[from] Stealth Rock
|turn|6
|
|t:|1735708536
|move|p2a: Alakazam|Hidden Power|p1a: Dragonite
|-supereffective|p1a: Dragonite
|-damage|p1a: Dragonite|0 fnt
|faint|p1a: Dragonite
|
|upkeep
|
|t:|1735708542
|switch|p1a: Breloom|Breloom, M|100/100
|-damage|p1a: Breloom|94/100|[from] Stealth Rock
|turn|7
|
|t:|1735708546
|move|p1a: Breloom|Mach Punch|p2a: Alakazam
|-resisted|p2a: Alakazam
|-damage|p2a: Alakazam|55/100
|move|p2a: Alakazam|Psyshock|p1a: Breloom
|-supereffective|p1a: Breloom
|-damage|p1a: Breloom|0 fnt
|faint|p1a: Breloom
|
|upkeep
|-message|Bellosom22 forfeited.
|
|win|HydreigonSpammer
|raw|Bellosom22's rating: 1368 &rarr; <strong>1351</strong><br />(-17 for losing)
|raw|HydreigonSpammer's rating: 1415 &rarr; <strong>1432</strong><br />(+17 for winning)
|l|☆Bellosom22
|player|p1|
