|j|☆Hematemesis
|j|☆JeffIsGay69420
|t:|1718664758
|gametype|singles
|player|p1|Hematemesis|266|1313
|player|p2|JeffIsGay69420|cynthia-masters3|1321
|teamsize|p1|6
|teamsize|p2|6
|gen|5
|tier|[Gen 5] OU
|rated|
|rule|Species Clause: Limit one of each Pokémon
|rule|OHKO Clause: OHKO moves are banned
|rule|Moody Clause: Moody is banned
|rule|Evasion Items Clause: Evasion items are banned
|rule|Evasion Moves Clause: Evasion moves are banned
|rule|Endless Battle Clause: Forcing endless battles is banned
|rule|HP Percentage Mod: HP is shown in percentages
|rule|Evasion Abilities Clause: Evasion abilities are banned
|rule|Sleep Moves Clause: Sleep-inducing moves are banned
|rule|Swagger Clause: Swagger is banned
|rule|Baton Pass Stat Clause: No Baton Passer may have a way to boost its stats
|clearpoke
|poke|p1|Tyranitar, M|item
|poke|p1|Alakazam, M|item
|poke|p1|Latios, M|item
|poke|p1|Ferrothorn, M|item
|poke|p1|Keldeo|item
|poke|p1|Landorus-Therian, M|item
|poke|p2|Tyranitar, M|item
|poke|p2|Skarmory, M|item
|poke|p2|Reuniclus, F|item
|poke|p2|Alakazam, M|item
|poke|p2|Gliscor, F|item
|poke|p2|Gastrodon, F|item
|teampreview
|inactive|Battle timer is ON: inactive players will automatically lose when time's up. (requested by JeffIsGay69420)
|c|☆JeffIsGay69420|glhf
|c|☆Hematemesis|glhf
|inactive|Hematemesis has 120 seconds left.
|
|t:|1718664818
|start
|switch|p1a: Tyranitar|Tyranitar, M|100/100
|switch|p2a: Gliscor|Gliscor, F|100/100
|-weather|Sandstorm|[from] ability: Sand Stream|[of] p1a: Tyranitar
|turn|1
|
|t:|1718664827
|switch|p1a: Keldeo|Keldeo|100/100
|move|p2a: Gliscor|Stealth Rock|p1a: Keldeo
|-sidestart|p1: Hematemesis|move: Stealth Rock
|
|-weather|Sandstorm|[upkeep]
|-damage|p1a: Keldeo|94/100|[from] Sandstorm
|-heal|p1a: Keldeo|100/100|[from] item: Leftovers
|-status|p2a: Gliscor|tox|[from] item: Toxic Orb
|upkeep
|turn|2
|
|t:|1718664833
|switch|p2a: Gastrodon|Gastrodon, F|100/100
|move|p1a: Keldeo|Hidden Power|p2a: Gastrodon
|-damage|p2a: Gastrodon|77/100
|
|-weather|Sandstorm|[upkeep]
|-damage|p1a: Keldeo|94/100|[from] Sandstorm
|-heal|p1a: Keldeo|100/100|[from] item: Leftovers
|-heal|p2a: Gastrodon|83/100|[from] item: Leftovers
|upkeep
|turn|3
|
|t:|1718664861
|switch|p1a: Ferrothorn|Ferrothorn, M|100/100
|-damage|p1a: Ferrothorn|95/100|[from] Stealth Rock
|move|p2a: Gastrodon|Scald|p1a: Ferrothorn
|-resisted|p1a: Ferrothorn
|-damage|p1a: Ferrothorn|85/100
|
|-weather|Sandstorm|[upkeep]
|-heal|p2a: Gastrodon|89/100|[from] item: Leftovers
|upkeep
|turn|4
|
|t:|1718664870
|move|p2a: Gastrodon|Scald|p1a: Ferrothorn
|-resisted|p1a: Ferrothorn
|-damage|p1a: Ferrothorn|76/100
|move|p1a: Ferrothorn|Spikes|p2a: Gastrodon
|-sidestart|p2: JeffIsGay69420|Spikes
|
|-weather|Sandstorm|[upkeep]
|-heal|p2a: Gastrodon|95/100|[from] item: Leftovers
|upkeep
|turn|5
|
|t:|1718664877
|switch|p2a: Skarmory|Skarmory, M|100/100
|move|p1a: Ferrothorn|Knock Off|p2a: Skarmory
|-resisted|p2a: Skarmory
|-damage|p2a: Skarmory|99/100
|-enditem|p2a: Skarmory|Leftovers|[from] move: Knock Off|[of] p1a: Ferrothorn
|
|-weather|Sandstorm|[upkeep]
|upkeep
|turn|6
|
|t:|1718664885
|switch|p1a: Tyranitar|Tyranitar, M|100/100
|-damage|p1a: Tyranitar|88/100|[from] Stealth Rock
|move|p2a: Skarmory|Spikes|p1a: Tyranitar
|-sidestart|p1: Hematemesis|Spikes
|
|-weather|Sandstorm|[upkeep]
|upkeep
|turn|7
|
|t:|1718664888
|switch|p2a: Gliscor|Gliscor, F|100/100 tox
|move|p1a: Tyranitar|Flamethrower|p2a: Gliscor
|-damage|p2a: Gliscor|76/100 tox
|
|-weather|Sandstorm|[upkeep]
|-heal|p2a: Gliscor|89/100 tox|[from] ability: Poison Heal
|upkeep
|turn|8
|
|t:|1718664894
|switch|p1a: Landorus|Landorus-Therian, M|100/100
|-damage|p1a: Landorus|88/100|[from] Stealth Rock
|-ability|p1a: Landorus|Intimidate|boost
|-unboost|p2a: Gliscor|atk|1
|move|p2a: Gliscor|Knock Off|p1a: Landorus
|-damage|p1a: Landorus|85/100
|-enditem|p1a: Landorus|Leftovers|[from] move: Knock Off|[of] p2a: Gliscor
|
|-weather|Sandstorm|[upkeep]
|-heal|p2a: Gliscor|100/100 tox|[from] ability: Poison Heal
|upkeep
|turn|9
|
|t:|1718664905
|switch|p2a: Gastrodon|Gastrodon, F|95/100
|-damage|p2a: Gastrodon|83/100|[from] Spikes
|move|p1a: Landorus|Stealth Rock|p2a: Gastrodon
|-sidestart|p2: JeffIsGay69420|move: Stealth Rock
|
|-weather|Sandstorm|[upkeep]
|-heal|p2a: Gastrodon|89/100|[from] item: Leftovers
|upkeep
|turn|10
|
|t:|1718664909
|move|p1a: Landorus|U-turn|p2a: Gastrodon
|-damage|p2a: Gastrodon|72/100
|
|t:|1718664911
|switch|p1a: Ferrothorn|Ferrothorn, M|76/100|[from] U-turn
|-damage|p1a: Ferrothorn|70/100|[from] Stealth Rock
|-damage|p1a: Ferrothorn|58/100|[from] Spikes
|move|p2a: Gastrodon|Scald|p1a: Ferrothorn
|-resisted|p1a: Ferrothorn
|-damage|p1a: Ferrothorn|49/100
|-status|p1a: Ferrothorn|brn
|-enditem|p1a: Ferrothorn|Rawst Berry|[eat]
|-curestatus|p1a: Ferrothorn|brn|[msg]
|
|-weather|Sandstorm|[upkeep]
|-heal|p2a: Gastrodon|78/100|[from] item: Leftovers
|upkeep
|turn|11
|
|t:|1718664925
|move|p2a: Gastrodon|Earth Power|p1a: Ferrothorn
|-damage|p1a: Ferrothorn|30/100
|move|p1a: Ferrothorn|Spikes|p2a: Gastrodon
|-sidestart|p2: JeffIsGay69420|Spikes
|
|-weather|Sandstorm|[upkeep]
|-heal|p2a: Gastrodon|84/100|[from] item: Leftovers
|upkeep
|turn|12
|
|t:|1718664930
|switch|p2a: Skarmory|Skarmory, M|99/100
|-damage|p2a: Skarmory|87/100|[from] Stealth Rock
|move|p1a: Ferrothorn|Power Whip|p2a: Skarmory
|-resisted|p2a: Skarmory
|-damage|p2a: Skarmory|79/100
|
|-weather|Sandstorm|[upkeep]
|upkeep
|turn|13
|
|t:|1718664949
|switch|p1a: Alakazam|Alakazam, M|100/100
|move|p2a: Skarmory|Whirlwind|p1a: Alakazam
|drag|p1a: Keldeo|Keldeo|100/100
|-damage|p1a: Keldeo|94/100|[from] Stealth Rock
|-damage|p1a: Keldeo|82/100|[from] Spikes
|
|-weather|Sandstorm|[upkeep]
|-damage|p1a: Keldeo|76/100|[from] Sandstorm
|-heal|p1a: Keldeo|82/100|[from] item: Leftovers
|upkeep
|turn|14
|
|t:|1718664956
|move|p1a: Keldeo|Secret Sword|p2a: Skarmory
|-damage|p2a: Skarmory|45/100
|move|p2a: Skarmory|Roost|p2a: Skarmory
|-heal|p2a: Skarmory|95/100
|-singleturn|p2a: Skarmory|move: Roost
|
|-weather|Sandstorm|[upkeep]
|-damage|p1a: Keldeo|76/100|[from] Sandstorm
|-heal|p1a: Keldeo|82/100|[from] item: Leftovers
|upkeep
|turn|15
|
|t:|1718664964
|switch|p2a: Reuniclus|Reuniclus, F, shiny|100/100
|move|p1a: Keldeo|Scald|p2a: Reuniclus
|-damage|p2a: Reuniclus|60/100
|-status|p2a: Reuniclus|brn
|
|-weather|Sandstorm|[upkeep]
|-damage|p1a: Keldeo|76/100|[from] Sandstorm
|-heal|p1a: Keldeo|82/100|[from] item: Leftovers
|-heal|p2a: Reuniclus|66/100 brn|[from] item: Leftovers
|upkeep
|turn|16
|
|t:|1718664973
|switch|p1a: Tyranitar|Tyranitar, M|88/100
|-damage|p1a: Tyranitar|76/100|[from] Stealth Rock
|-damage|p1a: Tyranitar|63/100|[from] Spikes
|move|p2a: Reuniclus|Thunder|p1a: Tyranitar
|-damage|p1a: Tyranitar|46/100
|-status|p1a: Tyranitar|par
|
|-weather|Sandstorm|[upkeep]
|-heal|p2a: Reuniclus|72/100 brn|[from] item: Leftovers
|upkeep
|turn|17
|
|t:|1718664978
|-activate|p2a: Reuniclus|move: Pursuit
|move|p1a: Tyranitar|Pursuit|p2a: Reuniclus|[from]Pursuit
|-supereffective|p2a: Reuniclus
|-damage|p2a: Reuniclus|15/100 brn
|switch|p2a: Gliscor|Gliscor, F|100/100 tox
|-damage|p2a: Gliscor|88/100 tox|[from] Stealth Rock
|
|-weather|Sandstorm|[upkeep]
|-heal|p2a: Gliscor|100/100 tox|[from] ability: Poison Heal
|upkeep
|turn|18
|
|t:|1718664988
|move|p2a: Gliscor|Knock Off|p1a: Tyranitar
|-resisted|p1a: Tyranitar
|-damage|p1a: Tyranitar|44/100 par
|-enditem|p1a: Tyranitar|Chople Berry|[from] move: Knock Off|[of] p2a: Gliscor
|move|p1a: Tyranitar|Crunch|p2a: Gliscor
|-damage|p2a: Gliscor|74/100 tox
|
|-weather|Sandstorm|[upkeep]
|-heal|p2a: Gliscor|87/100 tox|[from] ability: Poison Heal
|upkeep
|turn|19
|
|t:|1718665002
|switch|p1a: Landorus|Landorus-Therian, M|85/100
|-damage|p1a: Landorus|73/100|[from] Stealth Rock
|-ability|p1a: Landorus|Intimidate|boost
|-unboost|p2a: Gliscor|atk|1
|move|p2a: Gliscor|Earthquake|p1a: Landorus
|-immune|p1a: Landorus
|
|-weather|Sandstorm|[upkeep]
|-heal|p2a: Gliscor|99/100 tox|[from] ability: Poison Heal
|upkeep
|turn|20
|
|t:|1718665003
|move|p2a: Gliscor|Protect|p2a: Gliscor
|-singleturn|p2a: Gliscor|Protect
|move|p1a: Landorus|Hidden Power|p2a: Gliscor
|-activate|p2a: Gliscor|move: Protect
|
|-weather|Sandstorm|[upkeep]
|-heal|p2a: Gliscor|100/100 tox|[from] ability: Poison Heal
|upkeep
|turn|21
|
|t:|1718665008
|switch|p2a: Skarmory|Skarmory, M|95/100
|-damage|p2a: Skarmory|83/100|[from] Stealth Rock
|move|p1a: Landorus|U-turn|p2a: Skarmory
|-resisted|p2a: Skarmory
|-damage|p2a: Skarmory|78/100
|
|t:|1718665010
|switch|p1a: Alakazam|Alakazam, M|100/100|[from] U-turn
|
|-weather|Sandstorm|[upkeep]
|upkeep
|turn|22
|
|t:|1718665025
|switch|p2a: Reuniclus|Reuniclus, F, shiny|15/100 brn
|move|p1a: Alakazam|Grass Knot|p2a: Reuniclus
|-damage|p2a: Reuniclus|0 fnt
|faint|p2a: Reuniclus
|
|-weather|Sandstorm|[upkeep]
|upkeep
|
|t:|1718665026
|switch|p2a: Tyranitar|Tyranitar, M|100/100
|-damage|p2a: Tyranitar|84/100|[from] Spikes
|-damage|p2a: Tyranitar|71/100|[from] Stealth Rock
|turn|23
|
|t:|1718665028
|move|p1a: Alakazam|Grass Knot|p2a: Tyranitar
|-supereffective|p2a: Tyranitar
|-damage|p2a: Tyranitar|17/100
|move|p2a: Tyranitar|Pursuit|p1a: Alakazam
|-supereffective|p1a: Alakazam
|-damage|p1a: Alakazam|11/100
|
|-weather|Sandstorm|[upkeep]
|upkeep
|turn|24
|
|t:|1718665039
|move|p1a: Alakazam|Grass Knot|p2a: Tyranitar
|-supereffective|p2a: Tyranitar
|-damage|p2a: Tyranitar|0 fnt
|faint|p2a: Tyranitar
|
|-weather|Sandstorm|[upkeep]
|upkeep
|
|t:|1718665044
|switch|p2a: Alakazam|Alakazam, M|100/100
|turn|25
|
|t:|1718665047
|move|p2a: Alakazam|Psychic|p1a: Alakazam
|-resisted|p1a: Alakazam
|-damage|p1a: Alakazam|0 fnt
|faint|p1a: Alakazam
|
|-weather|Sandstorm|[upkeep]
|upkeep
|
|t:|1718665057
|switch|p1a: Landorus|Landorus-Therian, M|73/100
|-damage|p1a: Landorus|61/100|[from] Stealth Rock
|-ability|p1a: Landorus|Intimidate|boost
|-unboost|p2a: Alakazam|atk|1
|turn|26
|
|t:|1718665061
|move|p2a: Alakazam|Hidden Power|p1a: Landorus
|-supereffective|p1a: Landorus
|-damage|p1a: Landorus|0 fnt
|faint|p1a: Landorus
|
|-weather|Sandstorm|[upkeep]
|upkeep
|
|t:|1718665063
|switch|p1a: Latios|Latios, M|100/100
|-damage|p1a: Latios|88/100|[from] Stealth Rock
|turn|27
|
|t:|1718665075
|switch|p2a: Skarmory|Skarmory, M|78/100
|-damage|p2a: Skarmory|66/100|[from] Stealth Rock
|move|p1a: Latios|Draco Meteor|p2a: Skarmory|[miss]
|-miss|p1a: Latios|p2a: Skarmory
|
|-weather|Sandstorm|[upkeep]
|-damage|p1a: Latios|82/100|[from] Sandstorm
|upkeep
|turn|28
|
|t:|1718665082
|switch|p1a: Tyranitar|Tyranitar, M|44/100 par
|-damage|p1a: Tyranitar|32/100 par|[from] Stealth Rock
|-damage|p1a: Tyranitar|19/100 par|[from] Spikes
|move|p2a: Skarmory|Roost|p2a: Skarmory
|-heal|p2a: Skarmory|100/100
|-singleturn|p2a: Skarmory|move: Roost
|
|-weather|Sandstorm|[upkeep]
|upkeep
|turn|29
|
|t:|1718665085
|switch|p1a: Keldeo|Keldeo|82/100
|-damage|p1a: Keldeo|76/100|[from] Stealth Rock
|-damage|p1a: Keldeo|63/100|[from] Spikes
|move|p2a: Skarmory|Spikes|p1a: Keldeo
|-sidestart|p1: Hematemesis|Spikes
|
|-weather|Sandstorm|[upkeep]
|-damage|p1a: Keldeo|57/100|[from] Sandstorm
|-heal|p1a: Keldeo|63/100|[from] item: Leftovers
|upkeep
|turn|30
|
|t:|1718665093
|move|p1a: Keldeo|Scald|p2a: Skarmory
|-damage|p2a: Skarmory|62/100
|move|p2a: Skarmory|Brave Bird|p1a: Keldeo
|-supereffective|p1a: Keldeo
|-damage|p1a: Keldeo|0 fnt
|faint|p1a: Keldeo
|-damage|p2a: Skarmory|42/100|[from] Recoil
|
|-weather|Sandstorm|[upkeep]
|upkeep
|
|t:|1718665098
|switch|p1a: Latios|Latios, M|82/100
|-damage|p1a: Latios|70/100|[from] Stealth Rock
|turn|31
|
|t:|1718665101
|move|p1a: Latios|Draco Meteor|p2a: Skarmory
|-resisted|p2a: Skarmory
|-damage|p2a: Skarmory|11/100
|-unboost|p1a: Latios|spa|2
|move|p2a: Skarmory|Roost|p2a: Skarmory
|-heal|p2a: Skarmory|61/100
|-singleturn|p2a: Skarmory|move: Roost
|
|-weather|Sandstorm|[upkeep]
|-damage|p1a: Latios|64/100|[from] Sandstorm
|upkeep
|turn|32
|-message|Hematemesis forfeited.
|
|win|JeffIsGay69420
|raw|Hematemesis's rating: 1313 &rarr; <strong>1293</strong><br />(-20 for losing)
|raw|JeffIsGay69420's rating: 1321 &rarr; <strong>1341</strong><br />(+20 for winning)
|l|☆Hematemesis
|player|p1|
|l|☆JeffIsGay69420
|player|p2|
