|j|☆RawrMX
|j|☆Tezile
|player|p1|RawrMX|1
|player|p2|Tezile|238
|teamsize|p1|6
|teamsize|p2|6
|gametype|singles
|gen|5
|tier|[Gen 5] OU
|rated|
|rule|Sleep Clause Mod: Limit one foe put to sleep
|rule|Species Clause: Limit one of each Pokémon
|rule|OHKO Clause: OHKO moves are banned
|rule|Moody Clause: Moody is banned
|rule|Evasion Moves Clause: Evasion moves are banned
|rule|Endless Battle Clause: Forcing endless battles is banned
|rule|HP Percentage Mod: HP is shown in percentages
|rule|Evasion Abilities Clause: Evasion abilities are banned
|rule|Baton Pass Clause: Limit one Baton Passer, can't pass Spe and other stats simultaneously
|rule|Swagger Clause: Swagger is banned
|clearpoke
|poke|p1|Shaymin|item
|poke|p1|Rotom-Wash|item
|poke|p1|Tyranitar, M|item
|poke|p1|Skarmory, M|item
|poke|p1|Landorus-Therian, M|item
|poke|p1|Alakazam, M|item
|poke|p2|Tyranitar, M|item
|poke|p2|Celebi|item
|poke|p2|Landorus-Therian, M|item
|poke|p2|Keldeo|item
|poke|p2|Magnezone|item
|poke|p2|Dragonite, F|item
|teampreview
|
|start
|switch|p1a: Efrit|Landorus-Therian, M|100/100
|switch|p2a: Tyranitar|Tyranitar, M|100/100
|-weather|Sandstorm|[from] ability: Sand Stream|[of] p2a: Tyranitar
|-ability|p1a: Efrit|Intimidate|boost
|-unboost|p2a: Tyranitar|atk|1
|turn|1
|
|move|p2a: Tyranitar|Stealth Rock|p1a: Efrit
|-sidestart|p1: RawrMX|move: Stealth Rock
|move|p1a: Efrit|Stealth Rock|p2a: Tyranitar
|-sidestart|p2: Tezile|move: Stealth Rock
|
|-weather|Sandstorm|[upkeep]
|upkeep
|turn|2
|
|move|p2a: Tyranitar|Ice Beam|p1a: Efrit
|-supereffective|p1a: Efrit
|-damage|p1a: Efrit|0 fnt
|faint|p1a: Efrit
|
|-weather|Sandstorm|[upkeep]
|upkeep
|
|switch|p1a: Ghul|Rotom-Wash|100/100
|-damage|p1a: Ghul|88/100|[from] Stealth Rock
|turn|3
|
|switch|p2a: Celebi|Celebi|100/100
|-damage|p2a: Celebi|88/100|[from] Stealth Rock
|move|p1a: Ghul|Will-O-Wisp|p2a: Celebi
|-status|p2a: Celebi|brn
|
|-weather|Sandstorm|[upkeep]
|-damage|p2a: Celebi|82/100 brn|[from] Sandstorm
|-damage|p1a: Ghul|82/100|[from] Sandstorm
|-heal|p2a: Celebi|88/100 brn|[from] item: Leftovers
|-heal|p1a: Ghul|88/100|[from] item: Leftovers
|-damage|p2a: Celebi|76/100 brn|[from] brn
|upkeep
|turn|4
|
|move|p2a: Celebi|Giga Drain|p1a: Ghul
|-supereffective|p1a: Ghul
|-damage|p1a: Ghul|48/100
|-heal|p2a: Celebi|91/100 brn|[from] drain|[of] p1a: Ghul
|move|p1a: Ghul|Volt Switch|p2a: Celebi
|-resisted|p2a: Celebi
|-damage|p2a: Celebi|82/100 brn
|
|switch|p1a: Marid|Tyranitar, M|100/100
|-damage|p1a: Marid|88/100|[from] Stealth Rock
|
|-weather|Sandstorm|[upkeep]
|-damage|p2a: Celebi|76/100 brn|[from] Sandstorm
|-heal|p2a: Celebi|82/100 brn|[from] item: Leftovers
|-damage|p2a: Celebi|70/100 brn|[from] brn
|upkeep
|turn|5
|
|-activate|p2a: Celebi|move: Pursuit
|move|p1a: Marid|Pursuit|p2a: Celebi|[from]Pursuit
|-supereffective|p2a: Celebi
|-damage|p2a: Celebi|0 fnt
|faint|p2a: Celebi
|
|-weather|Sandstorm|[upkeep]
|upkeep
|
|switch|p2a: Landorus|Landorus-Therian, M|100/100
|-damage|p2a: Landorus|88/100|[from] Stealth Rock
|-ability|p2a: Landorus|Intimidate|boost
|-unboost|p1a: Marid|atk|1
|turn|6
|
|move|p2a: Landorus|Rock Polish|p2a: Landorus
|-boost|p2a: Landorus|spe|2
|move|p1a: Marid|Pursuit|p2a: Landorus
|-damage|p2a: Landorus|67/100
|
|-weather|Sandstorm|[upkeep]
|-heal|p2a: Landorus|73/100|[from] item: Leftovers
|upkeep
|turn|7
|
|switch|p1a: Ghul|Rotom-Wash|48/100
|-damage|p1a: Ghul|36/100|[from] Stealth Rock
|move|p2a: Landorus|Swords Dance|p2a: Landorus
|-boost|p2a: Landorus|atk|2
|
|-weather|Sandstorm|[upkeep]
|-damage|p1a: Ghul|30/100|[from] Sandstorm
|-heal|p2a: Landorus|79/100|[from] item: Leftovers
|-heal|p1a: Ghul|36/100|[from] item: Leftovers
|upkeep
|turn|8
|
|move|p2a: Landorus|Stone Edge|p1a: Ghul
|-crit|p1a: Ghul
|-damage|p1a: Ghul|0 fnt
|faint|p1a: Ghul
|
|-weather|Sandstorm|[upkeep]
|-heal|p2a: Landorus|85/100|[from] item: Leftovers
|upkeep
|
|switch|p1a: Jinn|Alakazam, M|100/100
|turn|9
|
|move|p2a: Landorus|Earthquake|p1a: Jinn
|-enditem|p1a: Jinn|Focus Sash
|-damage|p1a: Jinn|1/100
|move|p1a: Jinn|Hidden Power|p2a: Landorus
|-supereffective|p2a: Landorus
|-damage|p2a: Landorus|0 fnt
|faint|p2a: Landorus
|
|-weather|Sandstorm|[upkeep]
|upkeep
|
|switch|p2a: Dragonite|Dragonite, F|100/100
|-damage|p2a: Dragonite|76/100|[from] Stealth Rock
|turn|10
|
|switch|p1a: Marid|Tyranitar, M|88/100
|-damage|p1a: Marid|76/100|[from] Stealth Rock
|move|p2a: Dragonite|Extreme Speed|p1a: Marid
|-resisted|p1a: Marid
|-crit|p1a: Marid
|-damage|p1a: Marid|50/100
|
|-weather|Sandstorm|[upkeep]
|-damage|p2a: Dragonite|70/100|[from] Sandstorm
|upkeep
|turn|11
|
|-activate|p2a: Dragonite|move: Pursuit
|move|p1a: Marid|Pursuit|p2a: Dragonite|[from]Pursuit
|-damage|p2a: Dragonite|11/100
|switch|p2a: Keldeo|Keldeo|100/100
|-damage|p2a: Keldeo|94/100|[from] Stealth Rock
|
|-weather|Sandstorm|[upkeep]
|-damage|p2a: Keldeo|88/100|[from] Sandstorm
|upkeep
|turn|12
|
|move|p2a: Keldeo|Scald|p1a: Marid
|-supereffective|p1a: Marid
|-damage|p1a: Marid|8/100
|-status|p1a: Marid|brn
|move|p1a: Marid|Pursuit|p2a: Keldeo
|-resisted|p2a: Keldeo
|-damage|p2a: Keldeo|81/100
|-ability|p2a: Keldeo|Justified|boost
|-boost|p2a: Keldeo|atk|1
|
|-weather|Sandstorm|[upkeep]
|-damage|p2a: Keldeo|74/100|[from] Sandstorm
|-damage|p1a: Marid|0 fnt|[from] brn
|upkeep
|faint|p1a: Marid
|
|switch|p1a: Jinn|Alakazam, M|1/100
|turn|13
|
|switch|p2a: Tyranitar|Tyranitar, M|100/100
|-damage|p2a: Tyranitar|88/100|[from] Stealth Rock
|move|p1a: Jinn|Psyshock|p2a: Tyranitar
|-immune|p2a: Tyranitar|[msg]
|
|-weather|Sandstorm|[upkeep]
|upkeep
|turn|14
|
|move|p1a: Jinn|Focus Blast|p2a: Tyranitar
|-supereffective|p2a: Tyranitar
|-damage|p2a: Tyranitar|0 fnt
|faint|p2a: Tyranitar
|
|-weather|Sandstorm|[upkeep]
|upkeep
|
|switch|p2a: Magnezone|Magnezone|100/100
|-damage|p2a: Magnezone|94/100|[from] Stealth Rock
|turn|15
|
|switch|p1a: Helmaroc|Skarmory, M|100/100
|-damage|p1a: Helmaroc|88/100|[from] Stealth Rock
|move|p2a: Magnezone|Flash Cannon|p1a: Helmaroc
|-resisted|p1a: Helmaroc
|-damage|p1a: Helmaroc|59/100
|
|-weather|Sandstorm|[upkeep]
|-heal|p2a: Magnezone|100/100|[from] item: Leftovers
|-heal|p1a: Helmaroc|65/100|[from] item: Leftovers
|upkeep
|turn|16
|
|move|p2a: Magnezone|Thunderbolt|p1a: Helmaroc
|-supereffective|p1a: Helmaroc
|-damage|p1a: Helmaroc|0 fnt
|faint|p1a: Helmaroc
|
|-weather|Sandstorm|[upkeep]
|upkeep
|
|switch|p1a: Shaymnin|Shaymin|100/100
|-damage|p1a: Shaymnin|88/100|[from] Stealth Rock
|turn|17
|
|move|p1a: Shaymnin|Earth Power|p2a: Magnezone
|-supereffective|p2a: Magnezone
|-crit|p2a: Magnezone
|-damage|p2a: Magnezone|0 fnt
|faint|p2a: Magnezone
|
|-weather|Sandstorm|[upkeep]
|-damage|p1a: Shaymnin|82/100|[from] Sandstorm
|-heal|p1a: Shaymnin|88/100|[from] item: Leftovers
|upkeep
|
|switch|p2a: Dragonite|Dragonite, F|11/100
|-damage|p2a: Dragonite|0 fnt|[from] Stealth Rock
|faint|p2a: Dragonite
|
|switch|p2a: Keldeo|Keldeo|74/100
|-damage|p2a: Keldeo|68/100|[from] Stealth Rock
|turn|18
|
|move|p2a: Keldeo|Hidden Power|p1a: Shaymnin
|-supereffective|p1a: Shaymnin
|-crit|p1a: Shaymnin
|-damage|p1a: Shaymnin|0 fnt
|faint|p1a: Shaymnin
|
|-weather|Sandstorm|[upkeep]
|-damage|p2a: Keldeo|62/100|[from] Sandstorm
|upkeep
|
|switch|p1a: Jinn|Alakazam, M|1/100
|turn|19
|
|move|p1a: Jinn|Psyshock|p2a: Keldeo
|-supereffective|p2a: Keldeo
|-damage|p2a: Keldeo|0 fnt
|faint|p2a: Keldeo
|
|win|RawrMX
|c|☆Tezile|gg
|raw|RawrMX's rating: 1457 &rarr; <strong>1471</strong><br />(+14 for winning)
|raw|Tezile's rating: 1341 &rarr; <strong>1328</strong><br />(-13 for losing)
|c|☆RawrMX|gg
