|join|dtw
|join|ParkLife
|player|p1|dtw|266
|player|p2|ParkLife|7
|gametype|singles
|gen|5
|tier|[Gen 5] OU
|rated
|rule|Evasion Abilities Clause: Evasion abilities are banned
|clearpoke
|poke|p1|Scizor, F
|poke|p1|Rotom-Wash
|poke|p1|Heatran, M
|poke|p1|Breloom, M
|poke|p1|Keldeo
|poke|p1|Espeon, F
|poke|p2|Terrakion
|poke|p2|Landorus-Therian, M
|poke|p2|Latios, M
|poke|p2|Tyranitar, M
|poke|p2|Breloom, F
|poke|p2|Rotom-Wash
|rule|Sleep Clause Mod: Limit one foe put to sleep
|rule|Species Clause: Limit one of each Pokemon
|rule|OHKO Clause: OHKO moves are banned
|rule|Moody Clause: Moody is banned
|rule|Evasion Moves Clause: Evasion moves are banned
|rule|Endless Battle Clause: Forcing endless battles is banned.
|rule|HP Percentage Mod: HP is reported as percentages
|teampreview
|
|start
|switch|p1a: Espeon|Espeon, F|334/334
|switch|p2a: Tyranitar|Tyranitar, M|404/404
|-weather|Sandstorm|[from] ability: Sand Stream|[of] p2a: Tyranitar
|turn|1
|
|move|p1a: Espeon|Reflect|p1a: Espeon
|-sidestart|p1: dtw|Reflect
|move|p2a: Tyranitar|Pursuit|p1a: Espeon
|-supereffective|p1a: Espeon
|-damage|p1a: Espeon|241/334
|
|-weather|Sandstorm|[upkeep]
|-damage|p1a: Espeon|221/334|[from] sandstorm
|turn|2
|
|move|p1a: Espeon|Baton Pass|p1a: Espeon
|
|switch|p1a: Breloom|Breloom, M|261/261
|move|p2a: Tyranitar|Pursuit|p1a: Breloom
|-resisted|p1a: Breloom
|-damage|p1a: Breloom|242/261
|
|-weather|Sandstorm|[upkeep]
|-damage|p1a: Breloom|226/261|[from] sandstorm
|turn|3
|
|move|p1a: Breloom|Low Sweep|p2a: Tyranitar
|-supereffective|p2a: Tyranitar
|-damage|p2a: Tyranitar|0 fnt
|-damage|p1a: Breloom|200/261|[from] item: Life Orb
|faint|p2a: Tyranitar
|
|-weather|Sandstorm|[upkeep]
|-damage|p1a: Breloom|184/261|[from] sandstorm
|
|switch|p2a: Landorus-Therian|Landorus-Therian, M|381/381
|-ability|p2a: Landorus-Therian|Intimidate|[of] p1a: Breloom
|-unboost|p1a: Breloom|atk|1
|turn|4
|
|move|p2a: Landorus-Therian|Rock Polish|p2a: Landorus-Therian
|-boost|p2a: Landorus-Therian|spe|2
|move|p1a: Breloom|Spore|p2a: Landorus-Therian
|-status|p2a: Landorus-Therian|slp
|
|-weather|Sandstorm|[upkeep]
|-damage|p1a: Breloom|168/261|[from] sandstorm
|turn|5
|
|switch|p2a: Latios|Latios, M|302/302
|move|p1a: Breloom|Bullet Seed|p2a: Latios
|-resisted|p2a: Latios
|-damage|p2a: Latios|264/302
|-resisted|p2a: Latios
|-damage|p2a: Latios|226/302
|-hitcount|p2a: Latios|2
|-damage|p1a: Breloom|142/261|[from] item: Life Orb
|
|-weather|Sandstorm|[upkeep]
|-damage|p2a: Latios|208/302|[from] sandstorm
|-damage|p1a: Breloom|126/261|[from] sandstorm
|turn|6
|
|switch|p1a: Heatran|Heatran, M|386/386
|-item|p1a: Heatran|Air Balloon
|move|p2a: Latios|Psyshock|p1a: Heatran
|-resisted|p1a: Heatran
|-damage|p1a: Heatran|321/386
|-enditem|p1a: Heatran|Air Balloon
|
|-weather|Sandstorm|[upkeep]
|-damage|p2a: Latios|190/302|[from] sandstorm
|turn|7
|
|switch|p2a: Rotom-Wash|Rotom-Wash|241/241
|move|p1a: Heatran|Stealth Rock|p2a: Rotom-Wash
|-sidestart|p2: ParkLife|move: Stealth Rock
|
|-weather|Sandstorm|[upkeep]
|-damage|p2a: Rotom-Wash|226/241|[from] sandstorm
|turn|8
|
|move|p2a: Rotom-Wash|Volt Switch|p1a: Heatran
|-damage|p1a: Heatran|242/386
|
|switch|p2a: Terrakion|Terrakion|323/323
|-damage|p2a: Terrakion|303/323|[from] Stealth Rock
|move|p1a: Heatran|Lava Plume|p2a: Terrakion
|-resisted|p2a: Terrakion
|-damage|p2a: Terrakion|262/323
|
|-weather|Sandstorm|[upkeep]
|-sideend|p1: dtw|Reflect
|turn|9
|
|move|p2a: Terrakion|Close Combat|p1a: Heatran
|-supereffective|p1a: Heatran
|-damage|p1a: Heatran|0 fnt
|-unboost|p2a: Terrakion|def|1
|-unboost|p2a: Terrakion|spd|1
|faint|p1a: Heatran
|
|-weather|Sandstorm|[upkeep]
|
|switch|p1a: Espeon|Espeon, F|221/334
|turn|10
|
|switch|p2a: Latios|Latios, M|190/302
|-damage|p2a: Latios|153/302|[from] Stealth Rock
|move|p1a: Espeon|Reflect|p1a: Espeon
|-sidestart|p1: dtw|Reflect
|
|-weather|Sandstorm|[upkeep]
|-damage|p1a: Espeon|201/334|[from] sandstorm
|-damage|p2a: Latios|135/302|[from] sandstorm
|turn|11
|
|move|p1a: Espeon|Light Screen|p1a: Espeon
|-sidestart|p1: dtw|move: Light Screen
|move|p2a: Latios|Draco Meteor|p1a: Espeon
|-damage|p1a: Espeon|79/334
|-unboost|p2a: Latios|spa|2
|
|-weather|Sandstorm|[upkeep]
|-damage|p1a: Espeon|59/334|[from] sandstorm
|-damage|p2a: Latios|117/302|[from] sandstorm
|turn|12
|
|switch|p1a: Scizor|Scizor, F|281/281
|move|p2a: Latios|Memento|p1a: Scizor
|-unboost|p1a: Scizor|atk|2
|-unboost|p1a: Scizor|spa|2
|faint|p2a: Latios
|
|-weather|Sandstorm|[upkeep]
|
|switch|p2a: Breloom|Breloom, F|262/262
|-damage|p2a: Breloom|246/262|[from] Stealth Rock
|turn|13
|
|switch|p1a: Espeon|Espeon, F|59/334
|move|p2a: Breloom|Spore|p1a: Espeon
|move|p1a: Espeon|Spore|p2a: Breloom|[from]Magic Bounce
|-message|Sleep Clause Mod activated.
|-fail|p2a: Breloom
|
|-weather|Sandstorm|[upkeep]
|-damage|p1a: Espeon|39/334|[from] sandstorm
|-damage|p2a: Breloom|230/262|[from] sandstorm
|turn|14
|
|move|p2a: Breloom|Mach Punch|p1a: Espeon
|-resisted|p1a: Espeon
|-damage|p1a: Espeon|0 fnt
|faint|p1a: Espeon
|
|-weather|Sandstorm|[upkeep]
|-damage|p2a: Breloom|214/262|[from] sandstorm
|
|switch|p1a: Keldeo|Keldeo|323/323
|turn|15
|
|switch|p2a: Rotom-Wash|Rotom-Wash|226/241
|-damage|p2a: Rotom-Wash|196/241|[from] Stealth Rock
|move|p1a: Keldeo|Icy Wind|p2a: Rotom-Wash
|-resisted|p2a: Rotom-Wash
|-damage|p2a: Rotom-Wash|160/241
|-unboost|p2a: Rotom-Wash|spe|1
|-damage|p1a: Keldeo|291/323|[from] item: Life Orb
|
|-weather|Sandstorm|[upkeep]
|-damage|p1a: Keldeo|271/323|[from] sandstorm
|-damage|p2a: Rotom-Wash|145/241|[from] sandstorm
|turn|16
|
|move|p1a: Keldeo|Secret Sword|p2a: Rotom-Wash
|-damage|p2a: Rotom-Wash|0 fnt
|-damage|p1a: Keldeo|239/323|[from] item: Life Orb
|faint|p2a: Rotom-Wash
|
|-weather|Sandstorm|[upkeep]
|-damage|p1a: Keldeo|219/323|[from] sandstorm
|
|switch|p2a: Terrakion|Terrakion|262/323
|-damage|p2a: Terrakion|242/323|[from] Stealth Rock
|turn|17
|
|switch|p1a: Rotom-Wash|Rotom-Wash|304/304
|move|p2a: Terrakion|Close Combat|p1a: Rotom-Wash
|-damage|p1a: Rotom-Wash|199/304
|-unboost|p2a: Terrakion|def|1
|-unboost|p2a: Terrakion|spd|1
|
|-weather|Sandstorm|[upkeep]
|-damage|p1a: Rotom-Wash|180/304|[from] sandstorm
|-heal|p1a: Rotom-Wash|199/304|[from] item: Leftovers
|-sideend|p1: dtw|Reflect
|turn|18
|
|move|p2a: Terrakion|Close Combat|p1a: Rotom-Wash
|-damage|p1a: Rotom-Wash|0 fnt
|-unboost|p2a: Terrakion|def|1
|-unboost|p2a: Terrakion|spd|1
|faint|p1a: Rotom-Wash
|
|-weather|Sandstorm|[upkeep]
|-sideend|p1: dtw|move: Light Screen
|
|switch|p1a: Breloom|Breloom, M|126/261
|turn|19
|
|move|p1a: Breloom|Mach Punch|p2a: Terrakion
|-supereffective|p2a: Terrakion
|-damage|p2a: Terrakion|0 fnt
|-damage|p1a: Breloom|100/261|[from] item: Life Orb
|faint|p2a: Terrakion
|
|-weather|Sandstorm|[upkeep]
|-damage|p1a: Breloom|84/261|[from] sandstorm
|
|switch|p2a: Breloom|Breloom, F|214/262
|-damage|p2a: Breloom|198/262|[from] Stealth Rock
|turn|20
|
|move|p2a: Breloom|Mach Punch|p1a: Breloom
|-damage|p1a: Breloom|0 fnt
|faint|p1a: Breloom
|
|-weather|Sandstorm|[upkeep]
|-damage|p2a: Breloom|182/262|[from] sandstorm
|
|switch|p1a: Keldeo|Keldeo|219/323
|turn|21
|
|move|p2a: Breloom|Mach Punch|p1a: Keldeo
|-damage|p1a: Keldeo|93/323
|move|p1a: Keldeo|Secret Sword|p2a: Breloom
|-damage|p2a: Breloom|0 fnt
|-damage|p1a: Keldeo|61/323|[from] item: Life Orb
|faint|p2a: Breloom
|
|-weather|Sandstorm|[upkeep]
|-damage|p1a: Keldeo|41/323|[from] sandstorm
|
|switch|p2a: Landorus-Therian|Landorus-Therian, M|381/381 slp
|-damage|p2a: Landorus-Therian|334/381 slp|[from] Stealth Rock
|-ability|p2a: Landorus-Therian|Intimidate|[of] p1a: Keldeo
|-unboost|p1a: Keldeo|atk|1
|turn|22
|
|move|p1a: Keldeo|Hydro Pump|p2a: Landorus-Therian
|-supereffective|p2a: Landorus-Therian
|-damage|p2a: Landorus-Therian|0 fnt
|-damage|p1a: Keldeo|9/323|[from] item: Life Orb
|faint|p2a: Landorus-Therian
|
|win|dtw
|raw|Ladder updating...
|raw|dtw's rating: 1305 &rarr; <strong>1331</strong><br />(+26 for winning)
|raw|ParkLife's rating: 1410 &rarr; <strong>1385</strong><br />(-25 for losing)
|chat|dtw|gg
|leave|ParkLife
|player|p2