|j|☆TypeEpsilonChaos
|j|☆veryfasttosin
|player|p1|TypeEpsilonChaos|33
|player|p2|veryfasttosin|53
|teamsize|p1|6
|teamsize|p2|6
|gametype|singles
|gen|5
|tier|[Gen 5] OU
|rated|
|rule|Sleep Clause Mod: Limit one foe put to sleep
|rule|Species Clause: Limit one of each Pokémon
|rule|OHKO Clause: OHKO moves are banned
|rule|Moody Clause: Moody is banned
|rule|Evasion Moves Clause: Evasion moves are banned
|rule|Endless Battle Clause: Forcing endless battles is banned
|rule|HP Percentage Mod: HP is shown in percentages
|rule|Evasion Abilities Clause: Evasion abilities are banned
|rule|Baton Pass Clause: Limit one Baton Passer, can't pass Spe and other stats simultaneously
|rule|Swagger Clause: Swagger is banned
|clearpoke
|poke|p1|Abomasnow, F|item
|poke|p1|Kyurem-Black|item
|poke|p1|Donphan, F|item
|poke|p1|Heatran, F|item
|poke|p1|Rotom-Wash|item
|poke|p1|Scizor, M|item
|poke|p2|Tornadus, M|item
|poke|p2|Politoed, M|item
|poke|p2|Dragonite, M|item
|poke|p2|Starmie|item
|poke|p2|Ferrothorn, F|item
|poke|p2|Garchomp, M|item
|teampreview
|inactive|Battle timer is ON: inactive players will automatically lose when time's up. (requested by veryfasttosin)
|
|start
|switch|p1a: Rotom|Rotom-Wash|100/100
|switch|p2a: Ferrothorn|Ferrothorn, F|100/100
|turn|1
|
|move|p1a: Rotom|Hidden Power|p2a: Ferrothorn
|-supereffective|p2a: Ferrothorn
|-damage|p2a: Ferrothorn|55/100
|move|p2a: Ferrothorn|Stealth Rock|p1a: Rotom
|-sidestart|p1: TypeEpsilonChaos|move: Stealth Rock
|
|-heal|p2a: Ferrothorn|61/100|[from] item: Leftovers
|upkeep
|turn|2
|inactive|veryfasttosin has 120 seconds left.
|
|switch|p2a: Garchomp|Garchomp, M|100/100
|move|p1a: Rotom|Thunder Wave|p2a: Garchomp
|-immune|p2a: Garchomp
|
|upkeep
|turn|3
|
|switch|p1a: Donphan|Donphan, F|100/100
|-damage|p1a: Donphan|94/100|[from] Stealth Rock
|move|p2a: Garchomp|Dual Chop|p1a: Donphan
|-damage|p1a: Donphan|75/100
|-damage|p1a: Donphan|59/100
|-hitcount|p1a: Donphan|2
|
|-heal|p1a: Donphan|65/100|[from] item: Leftovers
|upkeep
|turn|4
|
|switch|p2a: Politoed|Politoed, M|100/100
|-weather|RainDance|[from] ability: Drizzle|[of] p2a: Politoed
|move|p1a: Donphan|Stealth Rock|p2a: Politoed
|-sidestart|p2: veryfasttosin|move: Stealth Rock
|
|-weather|RainDance|[upkeep]
|-heal|p1a: Donphan|71/100|[from] item: Leftovers
|upkeep
|turn|5
|
|switch|p1a: Rotom|Rotom-Wash|100/100
|-damage|p1a: Rotom|88/100|[from] Stealth Rock
|move|p2a: Politoed|Hydro Pump|p1a: Rotom
|-resisted|p1a: Rotom
|-damage|p1a: Rotom|58/100
|
|-weather|RainDance|[upkeep]
|-heal|p1a: Rotom|64/100|[from] item: Leftovers
|upkeep
|turn|6
|
|switch|p2a: Ferrothorn|Ferrothorn, F|61/100
|-damage|p2a: Ferrothorn|55/100|[from] Stealth Rock
|move|p1a: Rotom|Hydro Pump|p2a: Ferrothorn
|-resisted|p2a: Ferrothorn
|-damage|p2a: Ferrothorn|33/100
|
|-weather|RainDance|[upkeep]
|-heal|p1a: Rotom|70/100|[from] item: Leftovers
|-heal|p2a: Ferrothorn|39/100|[from] item: Leftovers
|upkeep
|turn|7
|inactive|veryfasttosin has 90 seconds left.
|
|move|p1a: Rotom|Volt Switch|p2a: Ferrothorn
|-resisted|p2a: Ferrothorn
|-damage|p2a: Ferrothorn|30/100
|
|switch|p1a: Heatran|Heatran, F|100/100
|-damage|p1a: Heatran|88/100|[from] Stealth Rock
|move|p2a: Ferrothorn|Gyro Ball|p1a: Heatran
|-resisted|p1a: Heatran
|-damage|p1a: Heatran|75/100
|
|-weather|RainDance|[upkeep]
|-heal|p1a: Heatran|82/100|[from] item: Leftovers
|-heal|p2a: Ferrothorn|36/100|[from] item: Leftovers
|upkeep
|turn|8
|
|switch|p2a: Starmie|Starmie|100/100
|-damage|p2a: Starmie|88/100|[from] Stealth Rock
|move|p1a: Heatran|Substitute|p1a: Heatran
|-start|p1a: Heatran|Substitute
|-damage|p1a: Heatran|57/100
|
|-weather|RainDance|[upkeep]
|-heal|p1a: Heatran|63/100|[from] item: Leftovers
|upkeep
|turn|9
|inactive|veryfasttosin has 90 seconds left.
|
|move|p2a: Starmie|Rapid Spin|p1a: Heatran
|-resisted|p1a: Heatran
|-activate|p1a: Heatran|Substitute|[damage]
|-sideend|p2: veryfasttosin|Stealth Rock|[from] move: Rapid Spin|[of] p2a: Starmie
|-damage|p2a: Starmie|78/100|[from] item: Life Orb
|move|p1a: Heatran|Earth Power|p2a: Starmie
|-damage|p2a: Starmie|28/100
|
|-weather|RainDance|[upkeep]
|-heal|p1a: Heatran|69/100|[from] item: Leftovers
|upkeep
|turn|10
|inactive|veryfasttosin has 90 seconds left.
|
|switch|p2a: Dragonite|Dragonite, M|100/100
|move|p1a: Heatran|Earth Power|p2a: Dragonite
|-immune|p2a: Dragonite
|
|-weather|RainDance|[upkeep]
|-heal|p1a: Heatran|75/100|[from] item: Leftovers
|upkeep
|turn|11
|
|move|p1a: Heatran|Hidden Power|p2a: Dragonite
|-supereffective|p2a: Dragonite
|-damage|p2a: Dragonite|48/100
|move|p2a: Dragonite|Thunder|p1a: Heatran
|-end|p1a: Heatran|Substitute
|-damage|p2a: Dragonite|38/100|[from] item: Life Orb
|
|-weather|RainDance|[upkeep]
|-heal|p1a: Heatran|81/100|[from] item: Leftovers
|upkeep
|turn|12
|inactive|veryfasttosin has 90 seconds left.
|
|move|p1a: Heatran|Substitute|p1a: Heatran
|-start|p1a: Heatran|Substitute
|-damage|p1a: Heatran|56/100
|move|p2a: Dragonite|Aqua Tail|p1a: Heatran
|-supereffective|p1a: Heatran
|-end|p1a: Heatran|Substitute
|-damage|p2a: Dragonite|28/100|[from] item: Life Orb
|
|-weather|RainDance|[upkeep]
|-heal|p1a: Heatran|63/100|[from] item: Leftovers
|upkeep
|turn|13
|
|move|p1a: Heatran|Hidden Power|p2a: Dragonite
|-supereffective|p2a: Dragonite
|-damage|p2a: Dragonite|0 fnt
|faint|p2a: Dragonite
|
|-weather|RainDance|[upkeep]
|-heal|p1a: Heatran|69/100|[from] item: Leftovers
|upkeep
|inactive|veryfasttosin has 90 seconds left.
|
|switch|p2a: Starmie|Starmie|28/100
|turn|14
|
|switch|p1a: Abomasnow|Abomasnow, F|100/100
|-damage|p1a: Abomasnow|76/100|[from] Stealth Rock
|-weather|Hail|[from] ability: Snow Warning|[of] p1a: Abomasnow
|move|p2a: Starmie|Hydro Pump|p1a: Abomasnow
|-resisted|p1a: Abomasnow
|-crit|p1a: Abomasnow
|-damage|p1a: Abomasnow|0 fnt
|-damage|p2a: Starmie|18/100|[from] item: Life Orb
|faint|p1a: Abomasnow
|
|-weather|Hail|[upkeep]
|-damage|p2a: Starmie|12/100|[from] Hail
|upkeep
|
|switch|p1a: Scizor|Scizor, M|100/100
|-damage|p1a: Scizor|88/100|[from] Stealth Rock
|turn|15
|inactive|veryfasttosin has 90 seconds left.
|
|switch|p2a: Politoed|Politoed, M|100/100
|-weather|RainDance|[from] ability: Drizzle|[of] p2a: Politoed
|move|p1a: Scizor|Swords Dance|p1a: Scizor
|-boost|p1a: Scizor|atk|2
|
|-weather|RainDance|[upkeep]
|upkeep
|turn|16
|
|move|p2a: Politoed|Hydro Pump|p1a: Scizor
|-damage|p1a: Scizor|0 fnt
|faint|p1a: Scizor
|
|-weather|RainDance|[upkeep]
|upkeep
|
|switch|p1a: Kyurem|Kyurem-Black|100/100
|-damage|p1a: Kyurem|76/100|[from] Stealth Rock
|-ability|p1a: Kyurem|Teravolt
|turn|17
|
|switch|p2a: Ferrothorn|Ferrothorn, F|36/100
|move|p1a: Kyurem|Substitute|p1a: Kyurem
|-start|p1a: Kyurem|Substitute
|-damage|p1a: Kyurem|51/100
|
|-weather|RainDance|[upkeep]
|-heal|p1a: Kyurem|57/100|[from] item: Leftovers
|-heal|p2a: Ferrothorn|43/100|[from] item: Leftovers
|upkeep
|turn|18
|inactive|veryfasttosin has 90 seconds left.
|
|move|p1a: Kyurem|Blizzard|p2a: Ferrothorn
|-damage|p2a: Ferrothorn|8/100
|move|p2a: Ferrothorn|Gyro Ball|p1a: Kyurem
|-supereffective|p1a: Kyurem
|-end|p1a: Kyurem|Substitute
|
|-weather|RainDance|[upkeep]
|-heal|p1a: Kyurem|63/100|[from] item: Leftovers
|-heal|p2a: Ferrothorn|15/100|[from] item: Leftovers
|upkeep
|turn|19
|
|move|p1a: Kyurem|Blizzard|p2a: Ferrothorn
|-damage|p2a: Ferrothorn|0 fnt
|faint|p2a: Ferrothorn
|
|-weather|RainDance|[upkeep]
|-heal|p1a: Kyurem|69/100|[from] item: Leftovers
|upkeep
|inactive|veryfasttosin has 90 seconds left.
|inactive|veryfasttosin has 60 seconds left.
|
|switch|p2a: Garchomp|Garchomp, M|100/100
|turn|20
|inactive|veryfasttosin has 60 seconds left.
|
|switch|p1a: Donphan|Donphan, F|71/100
|-damage|p1a: Donphan|65/100|[from] Stealth Rock
|move|p2a: Garchomp|Dual Chop|p1a: Donphan
|-damage|p1a: Donphan|48/100
|-damage|p1a: Donphan|29/100
|-hitcount|p1a: Donphan|2
|
|-weather|RainDance|[upkeep]
|-heal|p1a: Donphan|36/100|[from] item: Leftovers
|upkeep
|turn|21
|inactive|veryfasttosin has 60 seconds left.
|
|switch|p2a: Starmie|Starmie|12/100
|move|p1a: Donphan|Ice Shard|p2a: Starmie
|-resisted|p2a: Starmie
|-damage|p2a: Starmie|4/100
|
|-weather|RainDance|[upkeep]
|-heal|p1a: Donphan|42/100|[from] item: Leftovers
|upkeep
|turn|22
|
|move|p1a: Donphan|Ice Shard|p2a: Starmie
|-resisted|p2a: Starmie
|-damage|p2a: Starmie|0 fnt
|faint|p2a: Starmie
|
|-weather|RainDance|[upkeep]
|-heal|p1a: Donphan|48/100|[from] item: Leftovers
|upkeep
|
|switch|p2a: Politoed|Politoed, M|100/100
|turn|23
|
|move|p2a: Politoed|Ice Beam|p1a: Donphan
|-supereffective|p1a: Donphan
|-damage|p1a: Donphan|0 fnt
|faint|p1a: Donphan
|
|-weather|RainDance|[upkeep]
|upkeep
|
|switch|p1a: Kyurem|Kyurem-Black|69/100
|-damage|p1a: Kyurem|44/100|[from] Stealth Rock
|-ability|p1a: Kyurem|Teravolt
|turn|24
|
|move|p2a: Politoed|Ice Beam|p1a: Kyurem
|-damage|p1a: Kyurem|17/100
|move|p1a: Kyurem|Outrage|p2a: Politoed
|-damage|p2a: Politoed|0 fnt
|faint|p2a: Politoed
|
|-weather|RainDance|[upkeep]
|-heal|p1a: Kyurem|24/100|[from] item: Leftovers
|upkeep
|inactive|veryfasttosin has 60 seconds left.
|
|switch|p2a: Tornadus|Tornadus, M|100/100
|turn|25
|
|move|p2a: Tornadus|Hurricane|p1a: Kyurem
|-damage|p1a: Kyurem|0 fnt
|faint|p1a: Kyurem
|
|-weather|RainDance|[upkeep]
|upkeep
|
|switch|p1a: Rotom|Rotom-Wash|70/100
|-damage|p1a: Rotom|58/100|[from] Stealth Rock
|turn|26
|
|move|p2a: Tornadus|Hurricane|p1a: Rotom
|-resisted|p1a: Rotom
|-damage|p1a: Rotom|30/100
|-start|p1a: Rotom|confusion
|-activate|p1a: Rotom|confusion
|move|p1a: Rotom|Hydro Pump|p2a: Tornadus
|-damage|p2a: Tornadus|6/100
|
|-weather|RainDance|[upkeep]
|-heal|p1a: Rotom|36/100|[from] item: Leftovers
|upkeep
|turn|27
|
|move|p2a: Tornadus|Hurricane|p1a: Rotom
|-resisted|p1a: Rotom
|-damage|p1a: Rotom|6/100
|-end|p1a: Rotom|confusion
|move|p1a: Rotom|Hidden Power|p2a: Tornadus
|-damage|p2a: Tornadus|0 fnt
|faint|p2a: Tornadus
|
|-weather|RainDance|[upkeep]
|-heal|p1a: Rotom|12/100|[from] item: Leftovers
|upkeep
|
|switch|p2a: Garchomp|Garchomp, M|100/100
|turn|28
|
|move|p2a: Garchomp|Outrage|p1a: Rotom
|-damage|p1a: Rotom|0 fnt
|faint|p1a: Rotom
|
|-weather|RainDance|[upkeep]
|upkeep
|
|switch|p1a: Heatran|Heatran, F|69/100
|-damage|p1a: Heatran|56/100|[from] Stealth Rock
|turn|29
|
|move|p2a: Garchomp|Outrage|p1a: Heatran|[from]lockedmove
|-resisted|p1a: Heatran
|-damage|p1a: Heatran|9/100
|-start|p2a: Garchomp|confusion|[fatigue]
|move|p1a: Heatran|Hidden Power|p2a: Garchomp
|-supereffective|p2a: Garchomp
|-crit|p2a: Garchomp
|-damage|p2a: Garchomp|0 fnt
|faint|p2a: Garchomp
|
|win|TypeEpsilonChaos
|raw|TypeEpsilonChaos's rating: 1316 &rarr; <strong>1339</strong><br />(+23 for winning)
|raw|veryfasttosin's rating: 1368 &rarr; <strong>1345</strong><br />(-23 for losing)
|c|☆TypeEpsilonChaos|thanks for the good game
|c|☆veryfasttosin|gg
|l|☆veryfasttosin
