|j|☆JoaF
|j|☆I love Neco Arc
|t:|1721124166
|gametype|singles
|player|p1|JoaF|caitlin|1337
|player|p2|I love Neco Arc|pokemonranger|1490
|teamsize|p1|6
|teamsize|p2|6
|gen|5
|tier|[Gen 5] OU
|rated|
|rule|Species Clause: Limit one of each Pokémon
|rule|OHKO Clause: OHKO moves are banned
|rule|Moody Clause: Moody is banned
|rule|Evasion Items Clause: Evasion items are banned
|rule|Evasion Moves Clause: Evasion moves are banned
|rule|Endless Battle Clause: Forcing endless battles is banned
|rule|HP Percentage Mod: HP is shown in percentages
|rule|Evasion Abilities Clause: Evasion abilities are banned
|rule|Sleep Moves Clause: Sleep-inducing moves are banned
|rule|Swagger Clause: Swagger is banned
|rule|Baton Pass Stat Clause: No Baton Passer may have a way to boost its stats
|clearpoke
|poke|p1|Politoed, F|item
|poke|p1|Ferrothorn, M|item
|poke|p1|Starmie|item
|poke|p1|Dragonite, M|item
|poke|p1|Keldeo|item
|poke|p1|Landorus-Therian, M|item
|poke|p2|Scizor, F|item
|poke|p2|Excadrill, M|item
|poke|p2|Hippowdon, M|item
|poke|p2|Ferrothorn, M|item
|poke|p2|Jellicent, F|item
|poke|p2|Latios, M|item
|teampreview
|inactive|Battle timer is ON: inactive players will automatically lose when time's up. (requested by JoaF)
|
|t:|1721124192
|start
|switch|p1a: Politoed|Politoed, F|100/100
|switch|p2a: Jellicent|Jellicent, F|100/100
|-weather|RainDance|[from] ability: Drizzle|[of] p1a: Politoed
|turn|1
|
|t:|1721124219
|switch|p1a: Starmie|Starmie|100/100
|move|p2a: Jellicent|Taunt|p1a: Starmie
|-start|p1a: Starmie|move: Taunt
|
|-weather|RainDance|[upkeep]
|upkeep
|turn|2
|
|t:|1721124224
|switch|p2a: Ferrothorn|Ferrothorn, M|100/100
|move|p1a: Starmie|Thunder|p2a: Ferrothorn
|-resisted|p2a: Ferrothorn
|-damage|p2a: Ferrothorn|82/100
|
|-weather|RainDance|[upkeep]
|-heal|p2a: Ferrothorn|88/100|[from] item: Leftovers
|upkeep
|turn|3
|
|t:|1721124238
|switch|p1a: Keldeo|Keldeo|100/100
|move|p2a: Ferrothorn|Knock Off|p1a: Keldeo
|-resisted|p1a: Keldeo
|-damage|p1a: Keldeo|98/100
|-ability|p1a: Keldeo|Justified|boost
|-boost|p1a: Keldeo|atk|1
|-enditem|p1a: Keldeo|Choice Specs|[from] move: Knock Off|[of] p2a: Ferrothorn
|
|-weather|RainDance|[upkeep]
|-heal|p2a: Ferrothorn|95/100|[from] item: Leftovers
|upkeep
|turn|4
|
|t:|1721124247
|switch|p2a: Jellicent|Jellicent, F|100/100
|move|p1a: Keldeo|Secret Sword|p2a: Jellicent
|-immune|p2a: Jellicent
|
|-weather|RainDance|[upkeep]
|upkeep
|turn|5
|
|t:|1721124253
|move|p1a: Keldeo|Hidden Power|p2a: Jellicent
|-supereffective|p2a: Jellicent
|-crit|p2a: Jellicent
|-damage|p2a: Jellicent|25/100
|move|p2a: Jellicent|Will-O-Wisp|p1a: Keldeo
|-status|p1a: Keldeo|brn
|
|-weather|RainDance|[upkeep]
|-heal|p2a: Jellicent|31/100|[from] item: Leftovers
|-damage|p1a: Keldeo|86/100 brn|[from] brn
|upkeep
|turn|6
|
|t:|1721124263
|switch|p2a: Ferrothorn|Ferrothorn, M|95/100
|move|p1a: Keldeo|Hidden Power|p2a: Ferrothorn
|-resisted|p2a: Ferrothorn
|-damage|p2a: Ferrothorn|85/100
|
|-weather|RainDance|[upkeep]
|-heal|p2a: Ferrothorn|91/100|[from] item: Leftovers
|-damage|p1a: Keldeo|73/100 brn|[from] brn
|upkeep
|turn|7
|
|t:|1721124272
|switch|p2a: Latios|Latios, M|100/100
|move|p1a: Keldeo|Secret Sword|p2a: Latios
|-resisted|p2a: Latios
|-damage|p2a: Latios|68/100
|
|-weather|RainDance|[upkeep]
|-damage|p1a: Keldeo|61/100 brn|[from] brn
|upkeep
|turn|8
|
|t:|1721124288
|switch|p1a: Ferrothorn|Ferrothorn, M|100/100
|move|p2a: Latios|Thunderbolt|p1a: Ferrothorn
|-resisted|p1a: Ferrothorn
|-damage|p1a: Ferrothorn|90/100
|
|-weather|RainDance|[upkeep]
|-heal|p1a: Ferrothorn|97/100|[from] item: Leftovers
|upkeep
|turn|9
|
|t:|1721124297
|switch|p2a: Hippowdon|Hippowdon, M|100/100
|-weather|Sandstorm|[from] ability: Sand Stream|[of] p2a: Hippowdon
|move|p1a: Ferrothorn|Knock Off|p2a: Hippowdon
|-damage|p2a: Hippowdon|98/100
|-damage|p1a: Ferrothorn|80/100|[from] item: Rocky Helmet|[of] p2a: Hippowdon
|-enditem|p2a: Hippowdon|Rocky Helmet|[from] move: Knock Off|[of] p1a: Ferrothorn
|
|-weather|Sandstorm|[upkeep]
|-heal|p1a: Ferrothorn|86/100|[from] item: Leftovers
|upkeep
|turn|10
|
|t:|1721124310
|switch|p1a: Politoed|Politoed, F|100/100
|-weather|RainDance|[from] ability: Drizzle|[of] p1a: Politoed
|move|p2a: Hippowdon|Stealth Rock|p1a: Politoed
|-sidestart|p1: JoaF|move: Stealth Rock
|
|-weather|RainDance|[upkeep]
|upkeep
|turn|11
|
|t:|1721124315
|switch|p2a: Jellicent|Jellicent, F|31/100
|move|p1a: Politoed|Ice Beam|p2a: Jellicent
|-resisted|p2a: Jellicent
|-damage|p2a: Jellicent|21/100
|
|-weather|RainDance|[upkeep]
|-heal|p2a: Jellicent|27/100|[from] item: Leftovers
|upkeep
|turn|12
|
|t:|1721124326
|switch|p1a: Starmie|Starmie|100/100
|-damage|p1a: Starmie|88/100|[from] Stealth Rock
|move|p2a: Jellicent|Recover|p2a: Jellicent
|-heal|p2a: Jellicent|77/100
|
|-weather|RainDance|[upkeep]
|-heal|p1a: Starmie|94/100|[from] item: Leftovers
|-heal|p2a: Jellicent|83/100|[from] item: Leftovers
|upkeep
|turn|13
|
|t:|1721124334
|switch|p2a: Ferrothorn|Ferrothorn, M|91/100
|move|p1a: Starmie|Rapid Spin|p2a: Ferrothorn
|-resisted|p2a: Ferrothorn
|-damage|p2a: Ferrothorn|90/100
|-damage|p1a: Starmie|82/100|[from] ability: Iron Barbs|[of] p2a: Ferrothorn
|-sideend|p1: JoaF|Stealth Rock|[from] move: Rapid Spin|[of] p1a: Starmie
|
|-weather|RainDance|[upkeep]
|-heal|p1a: Starmie|88/100|[from] item: Leftovers
|-heal|p2a: Ferrothorn|96/100|[from] item: Leftovers
|upkeep
|turn|14
|l|☆JoaF
|inactive|JoaF disconnected and has a minute to reconnect!
|player|p1|
|j|☆JoaF
|inactive|JoaF reconnected and has 115 seconds left.
|player|p1|JoaF|caitlin|
|
|t:|1721124384
|switch|p1a: Ferrothorn|Ferrothorn, M|86/100
|move|p2a: Ferrothorn|Power Whip|p1a: Ferrothorn
|-resisted|p1a: Ferrothorn
|-damage|p1a: Ferrothorn|79/100
|-damage|p2a: Ferrothorn|84/100|[from] ability: Iron Barbs|[of] p1a: Ferrothorn
|
|-weather|RainDance|[upkeep]
|-heal|p2a: Ferrothorn|90/100|[from] item: Leftovers
|-heal|p1a: Ferrothorn|85/100|[from] item: Leftovers
|upkeep
|turn|15
|
|t:|1721124396
|switch|p2a: Hippowdon|Hippowdon, M|98/100
|-weather|Sandstorm|[from] ability: Sand Stream|[of] p2a: Hippowdon
|move|p1a: Ferrothorn|Stealth Rock|p2a: Hippowdon
|-sidestart|p2: I love Neco Arc|move: Stealth Rock
|
|-weather|Sandstorm|[upkeep]
|-heal|p1a: Ferrothorn|91/100|[from] item: Leftovers
|upkeep
|turn|16
|
|t:|1721124404
|move|p2a: Hippowdon|Stealth Rock|p1a: Ferrothorn
|-sidestart|p1: JoaF|move: Stealth Rock
|move|p1a: Ferrothorn|Power Whip|p2a: Hippowdon
|-supereffective|p2a: Hippowdon
|-damage|p2a: Hippowdon|56/100
|
|-weather|Sandstorm|[upkeep]
|-heal|p1a: Ferrothorn|98/100|[from] item: Leftovers
|upkeep
|turn|17
|
|t:|1721124414
|move|p2a: Hippowdon|Slack Off|p2a: Hippowdon
|-heal|p2a: Hippowdon|100/100
|move|p1a: Ferrothorn|Spikes|p2a: Hippowdon
|-sidestart|p2: I love Neco Arc|Spikes
|
|-weather|Sandstorm|[upkeep]
|-heal|p1a: Ferrothorn|100/100|[from] item: Leftovers
|upkeep
|turn|18
|
|t:|1721124422
|move|p1a: Ferrothorn|Power Whip|p2a: Hippowdon
|-supereffective|p2a: Hippowdon
|-damage|p2a: Hippowdon|63/100
|move|p2a: Hippowdon|Whirlwind|p1a: Ferrothorn
|drag|p1a: Starmie|Starmie|88/100
|-damage|p1a: Starmie|76/100|[from] Stealth Rock
|
|-weather|Sandstorm|[upkeep]
|-damage|p1a: Starmie|70/100|[from] Sandstorm
|-heal|p1a: Starmie|76/100|[from] item: Leftovers
|upkeep
|turn|19
|inactive|JoaF has 120 seconds left.
|
|t:|1721124435
|switch|p2a: Jellicent|Jellicent, F|83/100
|-damage|p2a: Jellicent|71/100|[from] Stealth Rock
|-damage|p2a: Jellicent|58/100|[from] Spikes
|move|p1a: Starmie|Scald|p2a: Jellicent
|-heal|p2a: Jellicent|83/100|[from] ability: Water Absorb|[of] p1a: Starmie
|
|-weather|Sandstorm|[upkeep]
|-damage|p1a: Starmie|70/100|[from] Sandstorm
|-damage|p2a: Jellicent|77/100|[from] Sandstorm
|-heal|p1a: Starmie|76/100|[from] item: Leftovers
|-heal|p2a: Jellicent|83/100|[from] item: Leftovers
|upkeep
|turn|20
|
|t:|1721124445
|switch|p2a: Ferrothorn|Ferrothorn, M|90/100
|-damage|p2a: Ferrothorn|84/100|[from] Stealth Rock
|-damage|p2a: Ferrothorn|71/100|[from] Spikes
|move|p1a: Starmie|Thunder|p2a: Ferrothorn
|-resisted|p2a: Ferrothorn
|-damage|p2a: Ferrothorn|52/100
|
|-weather|Sandstorm|[upkeep]
|-damage|p1a: Starmie|70/100|[from] Sandstorm
|-heal|p1a: Starmie|76/100|[from] item: Leftovers
|-heal|p2a: Ferrothorn|58/100|[from] item: Leftovers
|upkeep
|turn|21
|
|t:|1721124459
|switch|p1a: Ferrothorn|Ferrothorn, M|100/100
|-damage|p1a: Ferrothorn|94/100|[from] Stealth Rock
|move|p2a: Ferrothorn|Power Whip|p1a: Ferrothorn
|-resisted|p1a: Ferrothorn
|-damage|p1a: Ferrothorn|87/100
|-damage|p2a: Ferrothorn|45/100|[from] ability: Iron Barbs|[of] p1a: Ferrothorn
|
|-weather|Sandstorm|[upkeep]
|-heal|p2a: Ferrothorn|52/100|[from] item: Leftovers
|-heal|p1a: Ferrothorn|93/100|[from] item: Leftovers
|upkeep
|turn|22
|
|t:|1721124464
|move|p2a: Ferrothorn|Spikes|p1a: Ferrothorn
|-sidestart|p1: JoaF|Spikes
|move|p1a: Ferrothorn|Power Whip|p2a: Ferrothorn|[miss]
|-miss|p1a: Ferrothorn|p2a: Ferrothorn
|
|-weather|Sandstorm|[upkeep]
|-heal|p2a: Ferrothorn|58/100|[from] item: Leftovers
|-heal|p1a: Ferrothorn|99/100|[from] item: Leftovers
|upkeep
|turn|23
|
|t:|1721124471
|move|p2a: Ferrothorn|Spikes|p1a: Ferrothorn
|-sidestart|p1: JoaF|Spikes
|move|p1a: Ferrothorn|Knock Off|p2a: Ferrothorn
|-resisted|p2a: Ferrothorn
|-damage|p2a: Ferrothorn|56/100
|-damage|p1a: Ferrothorn|87/100|[from] ability: Iron Barbs|[of] p2a: Ferrothorn
|-enditem|p2a: Ferrothorn|Leftovers|[from] move: Knock Off|[of] p1a: Ferrothorn
|
|-weather|Sandstorm|[upkeep]
|-heal|p1a: Ferrothorn|93/100|[from] item: Leftovers
|upkeep
|turn|24
|
|t:|1721124474
|move|p2a: Ferrothorn|Spikes|p1a: Ferrothorn
|-sidestart|p1: JoaF|Spikes
|move|p1a: Ferrothorn|Spikes|p2a: Ferrothorn
|-sidestart|p2: I love Neco Arc|Spikes
|
|-weather|Sandstorm|[upkeep]
|-heal|p1a: Ferrothorn|99/100|[from] item: Leftovers
|upkeep
|turn|25
|
|t:|1721124479
|move|p2a: Ferrothorn|Knock Off|p1a: Ferrothorn
|-resisted|p1a: Ferrothorn
|-damage|p1a: Ferrothorn|97/100
|-damage|p2a: Ferrothorn|44/100|[from] ability: Iron Barbs|[of] p1a: Ferrothorn
|-enditem|p1a: Ferrothorn|Leftovers|[from] move: Knock Off|[of] p2a: Ferrothorn
|move|p1a: Ferrothorn|Power Whip|p2a: Ferrothorn
|-resisted|p2a: Ferrothorn
|-damage|p2a: Ferrothorn|39/100
|-damage|p1a: Ferrothorn|85/100|[from] ability: Iron Barbs|[of] p2a: Ferrothorn
|
|-weather|Sandstorm|[upkeep]
|upkeep
|turn|26
|
|t:|1721124494
|move|p2a: Ferrothorn|Leech Seed|p1a: Ferrothorn
|-immune|p1a: Ferrothorn
|move|p1a: Ferrothorn|Spikes|p2a: Ferrothorn
|-sidestart|p2: I love Neco Arc|Spikes
|
|-weather|Sandstorm|[upkeep]
|upkeep
|turn|27
|
|t:|1721124504
|move|p2a: Ferrothorn|Leech Seed|p1a: Ferrothorn
|-immune|p1a: Ferrothorn
|move|p1a: Ferrothorn|Power Whip|p2a: Ferrothorn|[miss]
|-miss|p1a: Ferrothorn|p2a: Ferrothorn
|
|-weather|Sandstorm|[upkeep]
|upkeep
|turn|28
|
|t:|1721124521
|switch|p1a: Landorus|Landorus-Therian, M|100/100
|-damage|p1a: Landorus|88/100|[from] Stealth Rock
|-ability|p1a: Landorus|Intimidate|boost
|-unboost|p2a: Ferrothorn|atk|1
|move|p2a: Ferrothorn|Leech Seed|p1a: Landorus
|-start|p1a: Landorus|move: Leech Seed
|
|-weather|Sandstorm|[upkeep]
|-damage|p1a: Landorus|76/100|[from] Leech Seed|[of] p2a: Ferrothorn
|-heal|p2a: Ferrothorn|50/100|[silent]
|upkeep
|turn|29
|
|t:|1721124531
|move|p1a: Landorus|Earthquake|p2a: Ferrothorn
|-damage|p2a: Ferrothorn|13/100
|move|p2a: Ferrothorn|Power Whip|p1a: Landorus
|-damage|p1a: Landorus|47/100
|
|-weather|Sandstorm|[upkeep]
|-damage|p1a: Landorus|34/100|[from] Leech Seed|[of] p2a: Ferrothorn
|-heal|p2a: Ferrothorn|24/100|[silent]
|upkeep
|turn|30
|
|t:|1721124543
|switch|p1a: Politoed|Politoed, F|100/100
|-damage|p1a: Politoed|88/100|[from] Stealth Rock
|-damage|p1a: Politoed|63/100|[from] Spikes
|-weather|RainDance|[from] ability: Drizzle|[of] p1a: Politoed
|move|p2a: Ferrothorn|Power Whip|p1a: Politoed|[miss]
|-miss|p2a: Ferrothorn|p1a: Politoed
|
|-weather|RainDance|[upkeep]
|upkeep
|turn|31
|
|t:|1721124562
|switch|p1a: Ferrothorn|Ferrothorn, M|85/100
|-damage|p1a: Ferrothorn|79/100|[from] Stealth Rock
|-damage|p1a: Ferrothorn|54/100|[from] Spikes
|switch|p2a: Jellicent|Jellicent, F|83/100
|-damage|p2a: Jellicent|71/100|[from] Stealth Rock
|-damage|p2a: Jellicent|46/100|[from] Spikes
|
|-weather|RainDance|[upkeep]
|-heal|p2a: Jellicent|52/100|[from] item: Leftovers
|upkeep
|turn|32
|inactive|I love Neco Arc has 120 seconds left.
|j| freak and its can
|
|t:|1721124588
|switch|p2a: Excadrill|Excadrill, M|100/100
|-damage|p2a: Excadrill|97/100|[from] Stealth Rock
|-damage|p2a: Excadrill|73/100|[from] Spikes
|-ability|p2a: Excadrill|Mold Breaker
|switch|p1a: Starmie|Starmie|76/100
|-damage|p1a: Starmie|64/100|[from] Stealth Rock
|-damage|p1a: Starmie|39/100|[from] Spikes
|
|-weather|RainDance|[upkeep]
|-heal|p1a: Starmie|45/100|[from] item: Leftovers
|-heal|p2a: Excadrill|79/100|[from] item: Leftovers
|upkeep
|turn|33
|
|t:|1721124600
|switch|p2a: Jellicent|Jellicent, F|52/100
|-damage|p2a: Jellicent|40/100|[from] Stealth Rock
|-damage|p2a: Jellicent|15/100|[from] Spikes
|move|p1a: Starmie|Rapid Spin|p2a: Jellicent
|-immune|p2a: Jellicent
|
|-weather|RainDance|[upkeep]
|-heal|p1a: Starmie|51/100|[from] item: Leftovers
|-heal|p2a: Jellicent|21/100|[from] item: Leftovers
|upkeep
|turn|34
|
|t:|1721124614
|switch|p2a: Ferrothorn|Ferrothorn, M|24/100
|-damage|p2a: Ferrothorn|18/100|[from] Stealth Rock
|-damage|p2a: Ferrothorn|0 fnt|[from] Spikes
|faint|p2a: Ferrothorn
|move|p1a: Starmie|Thunder|p2: Ferrothorn|[notarget]
|-fail|p1a: Starmie
|
|-weather|RainDance|[upkeep]
|-heal|p1a: Starmie|57/100|[from] item: Leftovers
|upkeep
|
|t:|1721124623
|switch|p2a: Latios|Latios, M|68/100
|-damage|p2a: Latios|55/100|[from] Stealth Rock
|turn|35
|
|t:|1721124632
|switch|p1a: Ferrothorn|Ferrothorn, M|54/100
|-damage|p1a: Ferrothorn|47/100|[from] Stealth Rock
|-damage|p1a: Ferrothorn|22/100|[from] Spikes
|move|p2a: Latios|Thunderbolt|p1a: Ferrothorn
|-resisted|p1a: Ferrothorn
|-damage|p1a: Ferrothorn|12/100
|
|-weather|RainDance|[upkeep]
|upkeep
|turn|36
|
|t:|1721124642
|move|p2a: Latios|Thunderbolt|p1a: Ferrothorn
|-resisted|p1a: Ferrothorn
|-damage|p1a: Ferrothorn|1/100
|move|p1a: Ferrothorn|Knock Off|p2a: Latios
|-supereffective|p2a: Latios
|-damage|p2a: Latios|43/100
|-enditem|p2a: Latios|Choice Scarf|[from] move: Knock Off|[of] p1a: Ferrothorn
|
|-weather|RainDance|[upkeep]
|upkeep
|turn|37
|
|t:|1721124655
|move|p2a: Latios|Dragon Pulse|p1a: Ferrothorn
|-resisted|p1a: Ferrothorn
|-damage|p1a: Ferrothorn|0 fnt
|faint|p1a: Ferrothorn
|
|-weather|RainDance|[upkeep]
|upkeep
|
|t:|1721124659
|switch|p1a: Starmie|Starmie|57/100
|-damage|p1a: Starmie|45/100|[from] Stealth Rock
|-damage|p1a: Starmie|20/100|[from] Spikes
|turn|38
|
|t:|1721124674
|move|p1a: Starmie|Ice Beam|p2a: Latios
|-supereffective|p2a: Latios
|-damage|p2a: Latios|0 fnt
|faint|p2a: Latios
|
|-weather|RainDance|[upkeep]
|-heal|p1a: Starmie|26/100|[from] item: Leftovers
|upkeep
|
|t:|1721124677
|switch|p2a: Scizor|Scizor, F|100/100
|-damage|p2a: Scizor|88/100|[from] Stealth Rock
|-damage|p2a: Scizor|63/100|[from] Spikes
|turn|39
|inactive|JoaF has 120 seconds left.
|
|t:|1721124709
|move|p2a: Scizor|Bullet Punch|p1a: Starmie
|-resisted|p1a: Starmie
|-damage|p1a: Starmie|0 fnt
|faint|p1a: Starmie
|
|-weather|RainDance|[upkeep]
|upkeep
|inactive|JoaF has 120 seconds left.
|
|t:|1721124720
|switch|p1a: Keldeo|Keldeo|61/100 brn
|-damage|p1a: Keldeo|55/100 brn|[from] Stealth Rock
|-damage|p1a: Keldeo|30/100 brn|[from] Spikes
|turn|40
|
|t:|1721124727
|move|p2a: Scizor|Bullet Punch|p1a: Keldeo
|-resisted|p1a: Keldeo
|-damage|p1a: Keldeo|0 fnt
|faint|p1a: Keldeo
|
|-weather|RainDance|[upkeep]
|upkeep
|
|t:|1721124730
|switch|p1a: Politoed|Politoed, F|63/100
|-damage|p1a: Politoed|51/100|[from] Stealth Rock
|-damage|p1a: Politoed|26/100|[from] Spikes
|turn|41
|
|t:|1721124737
|switch|p1a: Landorus|Landorus-Therian, M|34/100
|-damage|p1a: Landorus|22/100|[from] Stealth Rock
|-ability|p1a: Landorus|Intimidate|boost
|-unboost|p2a: Scizor|atk|1
|switch|p2a: Hippowdon|Hippowdon, M|63/100
|-damage|p2a: Hippowdon|57/100|[from] Stealth Rock
|-damage|p2a: Hippowdon|32/100|[from] Spikes
|-weather|Sandstorm|[from] ability: Sand Stream|[of] p2a: Hippowdon
|
|-weather|Sandstorm|[upkeep]
|upkeep
|turn|42
|
|t:|1721124748
|move|p1a: Landorus|Hidden Power|p2a: Hippowdon
|-supereffective|p2a: Hippowdon
|-damage|p2a: Hippowdon|0 fnt
|faint|p2a: Hippowdon
|
|-weather|Sandstorm|[upkeep]
|upkeep
|
|t:|1721124768
|switch|p2a: Excadrill|Excadrill, M|79/100
|-damage|p2a: Excadrill|76/100|[from] Stealth Rock
|-damage|p2a: Excadrill|51/100|[from] Spikes
|-ability|p2a: Excadrill|Mold Breaker
|turn|43
|
|t:|1721124777
|move|p2a: Excadrill|Rapid Spin|p1a: Landorus
|-damage|p1a: Landorus|14/100
|-sideend|p2: I love Neco Arc|Spikes|[from] move: Rapid Spin|[of] p2a: Excadrill
|-sideend|p2: I love Neco Arc|Stealth Rock|[from] move: Rapid Spin|[of] p2a: Excadrill
|move|p1a: Landorus|Explosion|p2a: Excadrill
|-resisted|p2a: Excadrill
|-damage|p2a: Excadrill|0 fnt
|faint|p1a: Landorus
|faint|p2a: Excadrill
|
|-weather|Sandstorm|[upkeep]
|upkeep
|
|t:|1721124790
|switch|p2a: Jellicent|Jellicent, F|21/100
|switch|p1a: Dragonite|Dragonite, M|100/100
|-damage|p1a: Dragonite|76/100|[from] Stealth Rock
|turn|44
|
|t:|1721124799
|move|p1a: Dragonite|Outrage|p2a: Jellicent
|-crit|p2a: Jellicent
|-damage|p2a: Jellicent|0 fnt
|faint|p2a: Jellicent
|
|-weather|Sandstorm|[upkeep]
|-damage|p1a: Dragonite|69/100|[from] Sandstorm
|upkeep
|
|t:|1721124801
|switch|p2a: Scizor|Scizor, F|63/100
|turn|45
|
|t:|1721124803
|move|p2a: Scizor|Bullet Punch|p1a: Dragonite
|-damage|p1a: Dragonite|19/100
|move|p1a: Dragonite|Outrage|p2a: Scizor|[from]lockedmove
|-resisted|p2a: Scizor
|-damage|p2a: Scizor|15/100
|-start|p1a: Dragonite|confusion|[fatigue]
|
|-weather|Sandstorm|[upkeep]
|-damage|p1a: Dragonite|13/100|[from] Sandstorm
|upkeep
|turn|46
|
|t:|1721124815
|switch|p1a: Politoed|Politoed, F|26/100
|-damage|p1a: Politoed|13/100|[from] Stealth Rock
|-damage|p1a: Politoed|0 fnt|[from] Spikes
|faint|p1a: Politoed
|move|p2a: Scizor|Bullet Punch|p1: Politoed|[notarget]
|-fail|p2a: Scizor
|
|-weather|Sandstorm|[upkeep]
|upkeep
|
|t:|1721124819
|switch|p1a: Dragonite|Dragonite, M|13/100
|-damage|p1a: Dragonite|0 fnt|[from] Stealth Rock
|faint|p1a: Dragonite
|
|win|I love Neco Arc
|raw|JoaF's rating: 1337 &rarr; <strong>1325</strong><br />(-12 for losing)
|raw|I love Neco Arc's rating: 1490 &rarr; <strong>1502</strong><br />(+12 for winning)
|l|☆JoaF
|player|p1|
