|j|☆affksl1
|j|☆el janitor
|t:|1707858458
|gametype|singles
|player|p1|affksl1|pokemaniac-gen3rs|1374
|player|p2|el janitor|170|1394
|teamsize|p1|6
|teamsize|p2|6
|gen|5
|tier|[Gen 5] OU
|rated|
|rule|Species Clause: Limit one of each Pokémon
|rule|OHKO Clause: OHKO moves are banned
|rule|Moody Clause: Moody is banned
|rule|Evasion Items Clause: Evasion items are banned
|rule|Evasion Moves Clause: Evasion moves are banned
|rule|Endless Battle Clause: Forcing endless battles is banned
|rule|HP Percentage Mod: HP is shown in percentages
|rule|Evasion Abilities Clause: Evasion abilities are banned
|rule|Sleep Moves Clause: Sleep-inducing moves are banned
|rule|Swagger Clause: Swagger is banned
|rule|Baton Pass Stat Clause: No Baton Passer may have a way to boost its stats
|clearpoke
|poke|p1|Garchomp, F|item
|poke|p1|Magnezone|item
|poke|p1|Dragonite, M|item
|poke|p1|Cloyster, F|item
|poke|p1|Starmie|item
|poke|p1|Jirachi|item
|poke|p2|Politoed, M|item
|poke|p2|Landorus-Therian, M|item
|poke|p2|Tentacruel, F|item
|poke|p2|Toxicroak, F|item
|poke|p2|Tornadus, M|item
|poke|p2|Ferrothorn, M|item
|teampreview
|inactive|Battle timer is ON: inactive players will automatically lose when time's up. (requested by affksl1)
|inactive|el janitor also wants the timer to be on.
|
|t:|1707858466
|start
|switch|p1a: Garchomp|Garchomp, F|100/100
|switch|p2a: Politoed|Politoed, M|100/100
|-weather|RainDance|[from] ability: Drizzle|[of] p2a: Politoed
|turn|1
|
|t:|1707858469
|move|p1a: Garchomp|Stealth Rock|p2a: Politoed
|-sidestart|p2: el janitor|move: Stealth Rock
|move|p2a: Politoed|Encore|p1a: Garchomp
|-start|p1a: Garchomp|Encore
|
|-weather|RainDance|[upkeep]
|upkeep
|turn|2
|
|t:|1707858474
|switch|p1a: Jirachi|Jirachi|100/100
|switch|p2a: Landorus|Landorus-Therian, M|100/100
|-damage|p2a: Landorus|88/100|[from] Stealth Rock
|-ability|p2a: Landorus|Intimidate|boost
|-unboost|p1a: Jirachi|atk|1
|
|-weather|RainDance|[upkeep]
|upkeep
|turn|3
|
|t:|1707858481
|move|p2a: Landorus|Earthquake|p1a: Jirachi
|-supereffective|p1a: Jirachi
|-damage|p1a: Jirachi|0 fnt
|faint|p1a: Jirachi
|
|-weather|RainDance|[upkeep]
|upkeep
|
|t:|1707858492
|switch|p1a: Dragonite|Dragonite, M|100/100
|turn|4
|
|t:|1707858495
|switch|p2a: Ferrothorn|Ferrothorn, M|100/100
|-damage|p2a: Ferrothorn|94/100|[from] Stealth Rock
|move|p1a: Dragonite|Dragon Dance|p1a: Dragonite
|-boost|p1a: Dragonite|atk|1
|-boost|p1a: Dragonite|spe|1
|
|-weather|RainDance|[upkeep]
|-heal|p2a: Ferrothorn|100/100|[from] item: Leftovers
|upkeep
|turn|5
|
|t:|1707858499
|move|p1a: Dragonite|Dragon Dance|p1a: Dragonite
|-boost|p1a: Dragonite|atk|1
|-boost|p1a: Dragonite|spe|1
|move|p2a: Ferrothorn|Leech Seed|p1a: Dragonite
|-start|p1a: Dragonite|move: Leech Seed
|
|-weather|RainDance|[upkeep]
|-damage|p1a: Dragonite|88/100|[from] Leech Seed|[of] p2a: Ferrothorn
|upkeep
|turn|6
|
|t:|1707858501
|switch|p1a: Magnezone|Magnezone|100/100
|-item|p1a: Magnezone|Air Balloon
|move|p2a: Ferrothorn|Gyro Ball|p1a: Magnezone
|-resisted|p1a: Magnezone
|-damage|p1a: Magnezone|90/100
|-enditem|p1a: Magnezone|Air Balloon
|
|-weather|RainDance|[upkeep]
|upkeep
|turn|7
|
|t:|1707858504
|move|p1a: Magnezone|Sunny Day|p1a: Magnezone
|-weather|SunnyDay
|move|p2a: Ferrothorn|Stealth Rock|p1a: Magnezone
|-sidestart|p1: affksl1|move: Stealth Rock
|
|-weather|SunnyDay|[upkeep]
|upkeep
|turn|8
|
|t:|1707858506
|move|p1a: Magnezone|Hidden Power|p2a: Ferrothorn
|-supereffective|p2a: Ferrothorn
|-damage|p2a: Ferrothorn|2/100
|move|p2a: Ferrothorn|Spikes|p1a: Magnezone
|-sidestart|p1: affksl1|Spikes
|
|-weather|SunnyDay|[upkeep]
|-heal|p2a: Ferrothorn|8/100|[from] item: Leftovers
|upkeep
|turn|9
|
|t:|1707858515
|move|p1a: Magnezone|Hidden Power|p2a: Ferrothorn
|-supereffective|p2a: Ferrothorn
|-damage|p2a: Ferrothorn|0 fnt
|faint|p2a: Ferrothorn
|
|-weather|SunnyDay|[upkeep]
|upkeep
|
|t:|1707858522
|switch|p2a: Politoed|Politoed, M|100/100
|-damage|p2a: Politoed|88/100|[from] Stealth Rock
|-weather|RainDance|[from] ability: Drizzle|[of] p2a: Politoed
|turn|10
|
|t:|1707858525
|switch|p2a: Landorus|Landorus-Therian, M|88/100
|-damage|p2a: Landorus|76/100|[from] Stealth Rock
|-ability|p2a: Landorus|Intimidate|boost
|-unboost|p1a: Magnezone|atk|1
|move|p1a: Magnezone|Sunny Day|p1a: Magnezone
|-weather|SunnyDay
|
|-weather|SunnyDay|[upkeep]
|upkeep
|turn|11
|
|t:|1707858542
|move|p2a: Landorus|Earthquake|p1a: Magnezone
|-supereffective|p1a: Magnezone
|-damage|p1a: Magnezone|0 fnt
|faint|p1a: Magnezone
|
|-weather|SunnyDay|[upkeep]
|upkeep
|
|t:|1707858545
|switch|p1a: Dragonite|Dragonite, M|88/100
|-damage|p1a: Dragonite|63/100|[from] Stealth Rock
|turn|12
|
|t:|1707858548
|switch|p2a: Politoed|Politoed, M|88/100
|-damage|p2a: Politoed|75/100|[from] Stealth Rock
|-weather|RainDance|[from] ability: Drizzle|[of] p2a: Politoed
|move|p1a: Dragonite|Dragon Dance|p1a: Dragonite
|-boost|p1a: Dragonite|atk|1
|-boost|p1a: Dragonite|spe|1
|
|-weather|RainDance|[upkeep]
|-heal|p2a: Politoed|82/100|[from] item: Leftovers
|upkeep
|turn|13
|
|t:|1707858557
|move|p1a: Dragonite|Outrage|p2a: Politoed
|-damage|p2a: Politoed|0 fnt
|faint|p2a: Politoed
|
|-weather|RainDance|[upkeep]
|upkeep
|
|t:|1707858563
|switch|p2a: Landorus|Landorus-Therian, M|76/100
|-damage|p2a: Landorus|63/100|[from] Stealth Rock
|-ability|p2a: Landorus|Intimidate|boost
|-unboost|p1a: Dragonite|atk|1
|turn|14
|
|t:|1707858568
|move|p2a: Landorus|Hidden Power|p1a: Dragonite
|-supereffective|p1a: Dragonite
|-damage|p1a: Dragonite|0 fnt
|faint|p1a: Dragonite
|
|-weather|RainDance|[upkeep]
|upkeep
|
|t:|1707858570
|switch|p1a: Cloyster|Cloyster, F|100/100
|-damage|p1a: Cloyster|76/100|[from] Stealth Rock
|-damage|p1a: Cloyster|63/100|[from] Spikes
|turn|15
|
|t:|1707858574
|switch|p2a: Tentacruel|Tentacruel, F|100/100
|-damage|p2a: Tentacruel|88/100|[from] Stealth Rock
|move|p1a: Cloyster|Shell Smash|p1a: Cloyster
|-unboost|p1a: Cloyster|def|1
|-unboost|p1a: Cloyster|spd|1
|-boost|p1a: Cloyster|atk|2
|-boost|p1a: Cloyster|spa|2
|-boost|p1a: Cloyster|spe|2
|
|-weather|RainDance|[upkeep]
|-heal|p2a: Tentacruel|94/100|[from] ability: Rain Dish
|-heal|p2a: Tentacruel|99/100|[from] item: Black Sludge
|upkeep
|turn|16
|
|t:|1707858577
|move|p1a: Cloyster|Rock Blast|p2a: Tentacruel
|-damage|p2a: Tentacruel|81/100
|-damage|p2a: Tentacruel|63/100
|-damage|p2a: Tentacruel|46/100
|-damage|p2a: Tentacruel|29/100
|-damage|p2a: Tentacruel|11/100
|-hitcount|p2a: Tentacruel|5
|move|p2a: Tentacruel|Scald|p1a: Cloyster
|-resisted|p1a: Cloyster
|-damage|p1a: Cloyster|0 fnt
|faint|p1a: Cloyster
|
|-weather|RainDance|[upkeep]
|-heal|p2a: Tentacruel|17/100|[from] ability: Rain Dish
|-heal|p2a: Tentacruel|23/100|[from] item: Black Sludge
|upkeep
|-message|affksl1 forfeited.
|
|win|el janitor
|raw|affksl1's rating: 1374 &rarr; <strong>1355</strong><br />(-19 for losing)
|raw|el janitor's rating: 1394 &rarr; <strong>1413</strong><br />(+19 for winning)
|l|☆affksl1
|player|p1|
