|j|☆baixiaohen
|j|☆phosphor
|t:|1741336193
|gametype|singles
|player|p1|baixiaohen|steven|1336
|player|p2|phosphor|#phosphor|1469
|teamsize|p1|6
|teamsize|p2|6
|gen|5
|tier|[Gen 5] OU
|rated|
|rule|Species Clause: Limit one of each Pokémon
|rule|OHKO Clause: OHKO moves are banned
|rule|Moody Clause: Moody is banned
|rule|Evasion Items Clause: Evasion items are banned
|rule|Evasion Moves Clause: Evasion moves are banned
|rule|Endless Battle Clause: Forcing endless battles is banned
|rule|HP Percentage Mod: HP is shown in percentages
|rule|Evasion Abilities Clause: Evasion abilities are banned
|rule|Sleep Moves Clause: Sleep-inducing moves are banned
|rule|Swagger Clause: Swagger is banned
|rule|Baton Pass Stat Clause: No Baton Passer may have a way to boost its stats
|clearpoke
|poke|p1|Gengar, M|item
|poke|p1|Rotom-Wash|item
|poke|p1|Kyurem-Black|item
|poke|p1|Tentacruel, M|item
|poke|p1|Volcarona, F|item
|poke|p1|Ferrothorn, M|item
|poke|p2|Tyranitar, F|item
|poke|p2|Blissey, F|item
|poke|p2|Skarmory, M|item
|poke|p2|Excadrill, F|item
|poke|p2|Gastrodon, M|item
|poke|p2|Reuniclus, F|item
|teampreview
|c|☆phosphor|gl hf
|
|t:|1741336208
|start
|switch|p1a: Rotom|Rotom-Wash|100/100
|switch|p2a: Tyranitar|Tyranitar, F|100/100
|-weather|Sandstorm|[from] ability: Sand Stream|[of] p2a: Tyranitar
|turn|1
|
|t:|1741336219
|switch|p2a: Reuniclus|Reuniclus, F|100/100
|move|p1a: Rotom|Trick|p2a: Reuniclus
|-activate|p1a: Rotom|move: Trick|[of] p2a: Reuniclus
|-item|p2a: Reuniclus|Choice Scarf|[from] move: Trick
|-item|p1a: Rotom|Sitrus Berry|[from] move: Trick
|
|-weather|Sandstorm|[upkeep]
|-damage|p1a: Rotom|94/100|[from] Sandstorm
|upkeep
|turn|2
|
|t:|1741336230
|move|p1a: Rotom|Volt Switch|p2a: Reuniclus
|-damage|p2a: Reuniclus|71/100
|
|t:|1741336238
|switch|p1a: Ferrothorn|Ferrothorn, M, shiny|100/100|[from] Volt Switch
|move|p2a: Reuniclus|Focus Blast|p1a: Ferrothorn
|-supereffective|p1a: Ferrothorn
|-damage|p1a: Ferrothorn|48/100
|
|-weather|Sandstorm|[upkeep]
|-heal|p1a: Ferrothorn|54/100|[from] item: Leftovers
|upkeep
|turn|3
|
|t:|1741336254
|switch|p2a: Tyranitar|Tyranitar, F|100/100
|move|p1a: Ferrothorn|Stealth Rock|p2a: Tyranitar
|-sidestart|p2: phosphor|move: Stealth Rock
|
|-weather|Sandstorm|[upkeep]
|-heal|p1a: Ferrothorn|61/100|[from] item: Leftovers
|upkeep
|turn|4
|
|t:|1741336260
|move|p2a: Tyranitar|Fire Blast|p1a: Ferrothorn
|-supereffective|p1a: Ferrothorn
|-damage|p1a: Ferrothorn|0 fnt
|faint|p1a: Ferrothorn
|
|-weather|Sandstorm|[upkeep]
|upkeep
|
|t:|1741336269
|switch|p1a: Kyurem|Kyurem-Black|100/100
|-ability|p1a: Kyurem|Teravolt
|turn|5
|
|t:|1741336275
|switch|p2a: Excadrill|Excadrill, F|100/100
|-damage|p2a: Excadrill|98/100|[from] Stealth Rock
|move|p1a: Kyurem|Fusion Bolt|p2a: Excadrill
|-immune|p2a: Excadrill
|
|-weather|Sandstorm|[upkeep]
|-damage|p1a: Kyurem|94/100|[from] Sandstorm
|-heal|p2a: Excadrill|100/100|[from] item: Leftovers
|upkeep
|turn|6
|
|t:|1741336282
|move|p2a: Excadrill|Substitute|p2a: Excadrill
|-start|p2a: Excadrill|Substitute
|-damage|p2a: Excadrill|75/100
|move|p1a: Kyurem|Rock Tomb|p2a: Excadrill
|-resisted|p2a: Excadrill
|-activate|p2a: Excadrill|Substitute|[damage]
|
|-weather|Sandstorm|[upkeep]
|-damage|p1a: Kyurem|88/100|[from] Sandstorm
|-heal|p2a: Excadrill|82/100|[from] item: Leftovers
|upkeep
|turn|7
|
|t:|1741336303
|switch|p1a: Rotom|Rotom-Wash|94/100
|move|p2a: Excadrill|Iron Head|p1a: Rotom
|-resisted|p1a: Rotom
|-damage|p1a: Rotom|78/100
|
|-weather|Sandstorm|[upkeep]
|-damage|p1a: Rotom|72/100|[from] Sandstorm
|-heal|p2a: Excadrill|88/100|[from] item: Leftovers
|upkeep
|turn|8
|
|t:|1741336309
|move|p2a: Excadrill|Rapid Spin|p1a: Rotom
|-damage|p1a: Rotom|63/100
|-sideend|p2: phosphor|Stealth Rock|[from] move: Rapid Spin|[of] p2a: Excadrill
|move|p1a: Rotom|Hidden Power|p2a: Excadrill
|-crit|p2a: Excadrill
|-end|p2a: Excadrill|Substitute
|
|-weather|Sandstorm|[upkeep]
|-damage|p1a: Rotom|57/100|[from] Sandstorm
|-heal|p2a: Excadrill|94/100|[from] item: Leftovers
|upkeep
|turn|9
|
|t:|1741336314
|move|p2a: Excadrill|Substitute|p2a: Excadrill
|-start|p2a: Excadrill|Substitute
|-damage|p2a: Excadrill|69/100
|move|p1a: Rotom|Hydro Pump|p2a: Excadrill
|-supereffective|p2a: Excadrill
|-crit|p2a: Excadrill
|-end|p2a: Excadrill|Substitute
|
|-weather|Sandstorm|[upkeep]
|-damage|p1a: Rotom|51/100|[from] Sandstorm
|-heal|p2a: Excadrill|75/100|[from] item: Leftovers
|upkeep
|turn|10
|
|t:|1741336320
|switch|p2a: Blissey|Blissey, F|100/100
|move|p1a: Rotom|Hidden Power|p2a: Blissey
|-crit|p2a: Blissey
|-damage|p2a: Blissey|85/100
|
|-weather|Sandstorm|[upkeep]
|-damage|p1a: Rotom|45/100|[from] Sandstorm
|-damage|p2a: Blissey|79/100|[from] Sandstorm
|-heal|p2a: Blissey|85/100|[from] item: Leftovers
|upkeep
|-enditem|p1a: Rotom|Sitrus Berry|[eat]
|-heal|p1a: Rotom|70/100|[from] item: Sitrus Berry
|turn|11
|
|t:|1741336326
|move|p1a: Rotom|Trick|p2a: Blissey
|-activate|p1a: Rotom|move: Trick|[of] p2a: Blissey
|-enditem|p2a: Blissey|Leftovers|[silent]|[from] move: Trick
|-item|p1a: Rotom|Leftovers|[from] move: Trick
|move|p2a: Blissey|Stealth Rock|p1a: Rotom
|-sidestart|p1: baixiaohen|move: Stealth Rock
|
|-weather|Sandstorm|[upkeep]
|-damage|p1a: Rotom|64/100|[from] Sandstorm
|-damage|p2a: Blissey|79/100|[from] Sandstorm
|-heal|p1a: Rotom|70/100|[from] item: Leftovers
|upkeep
|turn|12
|
|t:|1741336336
|move|p1a: Rotom|Volt Switch|p2a: Blissey
|-damage|p2a: Blissey|69/100
|
|t:|1741336339
|switch|p1a: Gengar|Gengar, M|100/100|[from] Volt Switch
|-damage|p1a: Gengar|88/100|[from] Stealth Rock
|move|p2a: Blissey|Seismic Toss|p1a: Gengar
|-immune|p1a: Gengar
|
|-weather|Sandstorm|[upkeep]
|-damage|p1a: Gengar|82/100|[from] Sandstorm
|-damage|p2a: Blissey|63/100|[from] Sandstorm
|-heal|p1a: Gengar|88/100|[from] item: Black Sludge
|upkeep
|turn|13
|
|t:|1741336352
|switch|p2a: Reuniclus|Reuniclus, F|71/100
|move|p1a: Gengar|Will-O-Wisp|p2a: Reuniclus
|-status|p2a: Reuniclus|brn
|
|-weather|Sandstorm|[upkeep]
|-damage|p1a: Gengar|82/100|[from] Sandstorm
|-heal|p1a: Gengar|88/100|[from] item: Black Sludge
|upkeep
|turn|14
|
|t:|1741336360
|move|p1a: Gengar|Hex|p2a: Reuniclus
|-supereffective|p2a: Reuniclus
|-damage|p2a: Reuniclus|0 fnt
|faint|p2a: Reuniclus
|
|-weather|Sandstorm|[upkeep]
|-damage|p1a: Gengar|82/100|[from] Sandstorm
|-heal|p1a: Gengar|88/100|[from] item: Black Sludge
|upkeep
|
|t:|1741336363
|switch|p2a: Tyranitar|Tyranitar, F|100/100
|turn|15
|
|t:|1741336370
|move|p1a: Gengar|Will-O-Wisp|p2a: Tyranitar|[miss]
|-miss|p1a: Gengar|p2a: Tyranitar
|move|p2a: Tyranitar|Crunch|p1a: Gengar
|-supereffective|p1a: Gengar
|-damage|p1a: Gengar|5/100
|
|-weather|Sandstorm|[upkeep]
|-damage|p1a: Gengar|0 fnt|[from] Sandstorm
|faint|p1a: Gengar
|upkeep
|
|t:|1741336378
|switch|p1a: Tentacruel|Tentacruel, M|100/100
|-damage|p1a: Tentacruel|88/100|[from] Stealth Rock
|turn|16
|
|t:|1741336391
|switch|p2a: Blissey|Blissey, F|63/100
|move|p1a: Tentacruel|Rapid Spin|p2a: Blissey
|-damage|p2a: Blissey|60/100
|-sideend|p1: baixiaohen|Stealth Rock|[from] move: Rapid Spin|[of] p1a: Tentacruel
|
|-weather|Sandstorm|[upkeep]
|-damage|p1a: Tentacruel|82/100|[from] Sandstorm
|-damage|p2a: Blissey|54/100|[from] Sandstorm
|-heal|p1a: Tentacruel|88/100|[from] item: Black Sludge
|upkeep
|turn|17
|
|t:|1741336397
|move|p1a: Tentacruel|Toxic Spikes|p2a: Blissey
|-sidestart|p2: phosphor|move: Toxic Spikes
|move|p2a: Blissey|Soft-Boiled|p2a: Blissey
|-heal|p2a: Blissey|100/100
|
|-weather|Sandstorm|[upkeep]
|-damage|p1a: Tentacruel|82/100|[from] Sandstorm
|-damage|p2a: Blissey|94/100|[from] Sandstorm
|-heal|p1a: Tentacruel|88/100|[from] item: Black Sludge
|upkeep
|turn|18
|
|t:|1741336402
|move|p1a: Tentacruel|Toxic Spikes|p2a: Blissey
|-sidestart|p2: phosphor|move: Toxic Spikes
|move|p2a: Blissey|Seismic Toss|p1a: Tentacruel
|-damage|p1a: Tentacruel|61/100
|
|-weather|Sandstorm|[upkeep]
|-damage|p1a: Tentacruel|55/100|[from] Sandstorm
|-damage|p2a: Blissey|88/100|[from] Sandstorm
|-heal|p1a: Tentacruel|61/100|[from] item: Black Sludge
|upkeep
|turn|19
|
|t:|1741336413
|move|p1a: Tentacruel|Scald|p2a: Blissey
|-crit|p2a: Blissey
|-damage|p2a: Blissey|73/100
|move|p2a: Blissey|Stealth Rock|p1a: Tentacruel
|-sidestart|p1: baixiaohen|move: Stealth Rock
|
|-weather|Sandstorm|[upkeep]
|-damage|p1a: Tentacruel|55/100|[from] Sandstorm
|-damage|p2a: Blissey|67/100|[from] Sandstorm
|-heal|p1a: Tentacruel|61/100|[from] item: Black Sludge
|upkeep
|turn|20
|
|t:|1741336420
|move|p1a: Tentacruel|Rapid Spin|p2a: Blissey
|-damage|p2a: Blissey|64/100
|-sideend|p1: baixiaohen|Stealth Rock|[from] move: Rapid Spin|[of] p1a: Tentacruel
|move|p2a: Blissey|Seismic Toss|p1a: Tentacruel
|-damage|p1a: Tentacruel|33/100
|
|-weather|Sandstorm|[upkeep]
|-damage|p1a: Tentacruel|27/100|[from] Sandstorm
|-damage|p2a: Blissey|58/100|[from] Sandstorm
|-heal|p1a: Tentacruel|33/100|[from] item: Black Sludge
|upkeep
|turn|21
|
|t:|1741336426
|switch|p1a: Kyurem|Kyurem-Black|88/100
|-ability|p1a: Kyurem|Teravolt
|move|p2a: Blissey|Soft-Boiled|p2a: Blissey
|-heal|p2a: Blissey|100/100
|
|-weather|Sandstorm|[upkeep]
|-damage|p1a: Kyurem|82/100|[from] Sandstorm
|-damage|p2a: Blissey|94/100|[from] Sandstorm
|upkeep
|turn|22
|
|t:|1741336437
|switch|p2a: Skarmory|Skarmory, M|100/100
|move|p1a: Kyurem|Rock Tomb|p2a: Skarmory
|-damage|p2a: Skarmory|86/100
|-unboost|p2a: Skarmory|spe|1
|
|-weather|Sandstorm|[upkeep]
|-damage|p1a: Kyurem|76/100|[from] Sandstorm
|upkeep
|turn|23
|
|t:|1741336442
|move|p1a: Kyurem|Fusion Bolt|p2a: Skarmory
|-supereffective|p2a: Skarmory
|-damage|p2a: Skarmory|30/100
|move|p2a: Skarmory|Spikes|p1a: Kyurem
|-sidestart|p1: baixiaohen|Spikes
|
|-weather|Sandstorm|[upkeep]
|-damage|p1a: Kyurem|70/100|[from] Sandstorm
|upkeep
|turn|24
|
|t:|1741336451
|switch|p2a: Excadrill|Excadrill, F|75/100
|move|p1a: Kyurem|Fusion Bolt|p2a: Excadrill
|-immune|p2a: Excadrill
|
|-weather|Sandstorm|[upkeep]
|-damage|p1a: Kyurem|64/100|[from] Sandstorm
|-heal|p2a: Excadrill|81/100|[from] item: Leftovers
|upkeep
|turn|25
|
|t:|1741336461
|switch|p1a: Rotom|Rotom-Wash|70/100
|move|p2a: Excadrill|Substitute|p2a: Excadrill
|-start|p2a: Excadrill|Substitute
|-damage|p2a: Excadrill|56/100
|
|-weather|Sandstorm|[upkeep]
|-damage|p1a: Rotom|64/100|[from] Sandstorm
|-heal|p2a: Excadrill|63/100|[from] item: Leftovers
|-heal|p1a: Rotom|70/100|[from] item: Leftovers
|upkeep
|turn|26
|
|t:|1741336463
|move|p2a: Excadrill|Rapid Spin|p1a: Rotom
|-damage|p1a: Rotom|60/100
|-sideend|p2: phosphor|Toxic Spikes|[from] move: Rapid Spin|[of] p2a: Excadrill
|move|p1a: Rotom|Hidden Power|p2a: Excadrill
|-end|p2a: Excadrill|Substitute
|
|-weather|Sandstorm|[upkeep]
|-damage|p1a: Rotom|54/100|[from] Sandstorm
|-heal|p2a: Excadrill|69/100|[from] item: Leftovers
|-heal|p1a: Rotom|60/100|[from] item: Leftovers
|upkeep
|turn|27
|
|t:|1741336477
|switch|p2a: Blissey|Blissey, F|94/100
|move|p1a: Rotom|Hidden Power|p2a: Blissey
|-damage|p2a: Blissey|88/100
|
|-weather|Sandstorm|[upkeep]
|-damage|p1a: Rotom|54/100|[from] Sandstorm
|-damage|p2a: Blissey|81/100|[from] Sandstorm
|-heal|p1a: Rotom|60/100|[from] item: Leftovers
|upkeep
|turn|28
|
|t:|1741336485
|move|p1a: Rotom|Volt Switch|p2a: Blissey
|-damage|p2a: Blissey|71/100
|
|t:|1741336489
|switch|p1a: Tentacruel|Tentacruel, M|33/100|[from] Volt Switch
|-damage|p1a: Tentacruel|21/100|[from] Spikes
|move|p2a: Blissey|Seismic Toss|p1a: Tentacruel
|-damage|p1a: Tentacruel|0 fnt
|faint|p1a: Tentacruel
|
|-weather|Sandstorm|[upkeep]
|-damage|p2a: Blissey|65/100|[from] Sandstorm
|upkeep
|
|t:|1741336494
|switch|p1a: Volcarona|Volcarona, F|100/100
|-damage|p1a: Volcarona|88/100|[from] Spikes
|turn|29
|
|t:|1741336497
|move|p1a: Volcarona|Quiver Dance|p1a: Volcarona
|-boost|p1a: Volcarona|spa|1
|-boost|p1a: Volcarona|spd|1
|-boost|p1a: Volcarona|spe|1
|move|p2a: Blissey|Toxic|p1a: Volcarona
|-status|p1a: Volcarona|tox
|-enditem|p1a: Volcarona|Lum Berry|[eat]
|-curestatus|p1a: Volcarona|tox|[msg]
|
|-weather|Sandstorm|[upkeep]
|-damage|p1a: Volcarona|82/100|[from] Sandstorm
|-damage|p2a: Blissey|59/100|[from] Sandstorm
|upkeep
|turn|30
|
|t:|1741336503
|move|p1a: Volcarona|Fiery Dance|p2a: Blissey
|-damage|p2a: Blissey|33/100
|-boost|p1a: Volcarona|spa|1
|move|p2a: Blissey|Toxic|p1a: Volcarona
|-status|p1a: Volcarona|tox
|
|-weather|Sandstorm|[upkeep]
|-damage|p1a: Volcarona|76/100 tox|[from] Sandstorm
|-damage|p2a: Blissey|27/100|[from] Sandstorm
|-damage|p1a: Volcarona|70/100 tox|[from] psn
|upkeep
|turn|31
|
|t:|1741336511
|switch|p2a: Tyranitar|Tyranitar, F|100/100
|move|p1a: Volcarona|Fiery Dance|p2a: Tyranitar
|-resisted|p2a: Tyranitar
|-damage|p2a: Tyranitar|76/100
|
|-weather|Sandstorm|[upkeep]
|-damage|p1a: Volcarona|64/100 tox|[from] Sandstorm
|-damage|p1a: Volcarona|52/100 tox|[from] psn
|upkeep
|turn|32
|
|t:|1741336518
|switch|p2a: Skarmory|Skarmory, M|30/100
|move|p1a: Volcarona|Bug Buzz|p2a: Skarmory
|-resisted|p2a: Skarmory
|-damage|p2a: Skarmory|0 fnt
|faint|p2a: Skarmory
|
|-weather|Sandstorm|[upkeep]
|-damage|p1a: Volcarona|46/100 tox|[from] Sandstorm
|-damage|p1a: Volcarona|27/100 tox|[from] psn
|upkeep
|
|t:|1741336526
|switch|p2a: Excadrill|Excadrill, F|69/100
|turn|33
|
|t:|1741336534
|switch|p2a: Tyranitar|Tyranitar, F|76/100
|move|p1a: Volcarona|Bug Buzz|p2a: Tyranitar
|-supereffective|p2a: Tyranitar
|-damage|p2a: Tyranitar|0 fnt
|faint|p2a: Tyranitar
|
|-weather|Sandstorm|[upkeep]
|-damage|p1a: Volcarona|21/100 tox|[from] Sandstorm
|-damage|p1a: Volcarona|0 fnt|[from] psn
|faint|p1a: Volcarona
|upkeep
|
|t:|1741336552
|switch|p1a: Rotom|Rotom-Wash|60/100
|switch|p2a: Excadrill|Excadrill, F|69/100
|turn|34
|
|t:|1741336559
|switch|p2a: Gastrodon|Gastrodon, M|100/100
|move|p1a: Rotom|Volt Switch|p2a: Gastrodon
|-immune|p2a: Gastrodon
|
|-weather|Sandstorm|[upkeep]
|-damage|p1a: Rotom|54/100|[from] Sandstorm
|-heal|p1a: Rotom|60/100|[from] item: Leftovers
|upkeep
|turn|35
|-message|baixiaohen forfeited.
|
|win|phosphor
|raw|baixiaohen's rating: 1336 &rarr; <strong>1323</strong><br />(-13 for losing)
|raw|phosphor's rating: 1469 &rarr; <strong>1482</strong><br />(+13 for winning)
|l|☆baixiaohen
|player|p1|
