|j|☆the1truep1neapple
|j|☆Ghetsis 789
|t:|1598269770
|player|p1|the1truep1neapple|169|1332
|player|p2|Ghetsis 789|ghetsis|1321
|teamsize|p1|6
|teamsize|p2|6
|gametype|singles
|gen|5
|tier|[Gen 5] OU
|rated|
|clearpoke
|poke|p1|Xatu, F|item
|poke|p1|Ninetales, M|item
|poke|p1|Jirachi|item
|poke|p1|Latios, M|item
|poke|p1|Garchomp, M|item
|poke|p1|Darmanitan, F|item
|poke|p2|Weavile, M|item
|poke|p2|Alakazam, M|item
|poke|p2|Heatran, F|item
|poke|p2|Salamence, M|item
|poke|p2|Jellicent, F|item
|poke|p2|Scizor, M|item
|rule|Species Clause: Limit one of each Pokémon
|rule|OHKO Clause: OHKO moves are banned
|rule|Moody Clause: Moody is banned
|rule|Evasion Moves Clause: Evasion moves are banned
|rule|Endless Battle Clause: Forcing endless battles is banned
|rule|HP Percentage Mod: HP is shown in percentages
|rule|Evasion Abilities Clause: Evasion abilities are banned
|rule|Baton Pass Clause: Limit one Baton Passer, can't pass Spe and other stats simultaneously
|rule|Sleep Clause: Sleep-inducing moves are banned
|rule|Swagger Clause: Swagger is banned
|teampreview
|
|t:|1598269778
|start
|switch|p1a: Firefox|Ninetales, M, shiny|100/100
|switch|p2a: Heatran|Heatran, F|100/100
|-weather|SunnyDay|[from] ability: Drought|[of] p1a: Firefox
|turn|1
|j| Rain Deathless
|
|t:|1598269801
|move|p1a: Firefox|Energy Ball|p2a: Heatran
|-resisted|p2a: Heatran
|-damage|p2a: Heatran|97/100
|move|p2a: Heatran|Flamethrower|p1a: Firefox
|-resisted|p1a: Firefox
|-damage|p1a: Firefox|70/100
|
|-weather|SunnyDay|[upkeep]
|-heal|p1a: Firefox|76/100|[from] item: Leftovers
|-heal|p2a: Heatran|100/100|[from] item: Leftovers
|upkeep
|turn|2
|
|t:|1598269814
|move|p2a: Heatran|Flamethrower|p1a: Firefox
|-resisted|p1a: Firefox
|-damage|p1a: Firefox|46/100
|move|p1a: Firefox|Roar|p2a: Heatran
|drag|p2a: Alakazam|Alakazam, M|100/100
|
|-weather|SunnyDay|[upkeep]
|-heal|p1a: Firefox|52/100|[from] item: Leftovers
|upkeep
|turn|3
|
|t:|1598269826
|move|p2a: Alakazam|Psychic|p1a: Firefox
|-damage|p1a: Firefox|8/100
|move|p1a: Firefox|Energy Ball|p2a: Alakazam
|-damage|p2a: Alakazam|76/100
|
|-weather|SunnyDay|[upkeep]
|-heal|p1a: Firefox|14/100|[from] item: Leftovers
|upkeep
|turn|4
|
|t:|1598269838
|move|p2a: Alakazam|Shadow Ball|p1a: Firefox
|-damage|p1a: Firefox|0 fnt
|faint|p1a: Firefox
|
|-weather|SunnyDay|[upkeep]
|upkeep
|
|t:|1598269844
|switch|p1a: ResistenceIsFutile|Darmanitan, F|100/100
|turn|5
|
|t:|1598269851
|move|p1a: ResistenceIsFutile|U-turn|p2a: Alakazam
|-supereffective|p2a: Alakazam
|-damage|p2a: Alakazam|0 fnt
|faint|p2a: Alakazam
|
|t:|1598269857
|switch|p1a: Cynthia Flashbacks|Garchomp, M, shiny|100/100|[from]move: U-turn
|
|-weather|SunnyDay|[upkeep]
|upkeep
|
|t:|1598269867
|switch|p2a: Weavile|Weavile, M|100/100
|-ability|p2a: Weavile|Pressure
|turn|6
|
|t:|1598269876
|move|p2a: Weavile|Ice Shard|p1a: Cynthia Flashbacks
|-supereffective|p1a: Cynthia Flashbacks
|-enditem|p1a: Cynthia Flashbacks|Yache Berry|[eat]
|-enditem|p1a: Cynthia Flashbacks|Yache Berry|[weaken]
|-damage|p1a: Cynthia Flashbacks|45/100
|-damage|p2a: Weavile|91/100|[from] item: Life Orb
|move|p1a: Cynthia Flashbacks|Fire Fang|p2a: Weavile
|-supereffective|p2a: Weavile
|-damage|p2a: Weavile|0 fnt
|faint|p2a: Weavile
|
|-weather|SunnyDay|[upkeep]
|upkeep
|
|t:|1598269889
|switch|p2a: Scizor|Scizor, M|100/100
|turn|7
|
|t:|1598269906
|move|p2a: Scizor|Bullet Punch|p1a: Cynthia Flashbacks
|-damage|p1a: Cynthia Flashbacks|0 fnt
|-damage|p2a: Scizor|88/100|[from] ability: Rough Skin|[of] p1a: Cynthia Flashbacks
|faint|p1a: Cynthia Flashbacks
|
|-weather|SunnyDay|[upkeep]
|upkeep
|
|t:|1598269909
|switch|p1a: ResistenceIsFutile|Darmanitan, F|100/100
|turn|8
|
|t:|1598269919
|switch|p2a: Heatran|Heatran, F|100/100
|move|p1a: ResistenceIsFutile|Earthquake|p2a: Heatran
|-supereffective|p2a: Heatran
|-damage|p2a: Heatran|0 fnt
|faint|p2a: Heatran
|
|-weather|SunnyDay|[upkeep]
|upkeep
|
|t:|1598269929
|switch|p2a: Salamence|Salamence, M|100/100
|turn|9
|
|t:|1598269934
|switch|p1a: Bounce Back Bird|Xatu, F, shiny|100/100
|move|p2a: Salamence|Rain Dance|p2a: Salamence
|-weather|RainDance
|
|-weather|RainDance|[upkeep]
|upkeep
|turn|10
|
|t:|1598269946
|switch|p2a: Scizor|Scizor, M|88/100
|move|p1a: Bounce Back Bird|Thunder Wave|p2a: Scizor
|-status|p2a: Scizor|par
|
|-weather|RainDance|[upkeep]
|upkeep
|turn|11
|
|t:|1598269956
|move|p1a: Bounce Back Bird|Heat Wave|p2a: Scizor
|-supereffective|p2a: Scizor
|-damage|p2a: Scizor|32/100 par
|move|p2a: Scizor|U-turn|p1a: Bounce Back Bird
|-damage|p1a: Bounce Back Bird|49/100
|-damage|p2a: Scizor|16/100 par|[from] item: Rocky Helmet|[of] p1a: Bounce Back Bird
|
|t:|1598269965
|switch|p2a: Salamence|Salamence, M|100/100|[from]move: U-turn
|
|-weather|RainDance|[upkeep]
|upkeep
|turn|12
|
|t:|1598269978
|move|p2a: Salamence|Stone Edge|p1a: Bounce Back Bird
|-supereffective|p1a: Bounce Back Bird
|-damage|p1a: Bounce Back Bird|0 fnt
|faint|p1a: Bounce Back Bird
|-ability|p2a: Salamence|Moxie|boost
|-boost|p2a: Salamence|atk|1
|
|-weather|RainDance|[upkeep]
|upkeep
|
|t:|1598269982
|switch|p1a: Fair and Balanced|Latios, M|100/100
|turn|13
|
|t:|1598269991
|move|p1a: Fair and Balanced|Draco Meteor|p2a: Salamence
|-supereffective|p2a: Salamence
|-damage|p2a: Salamence|0 fnt
|-unboost|p1a: Fair and Balanced|spa|2
|faint|p2a: Salamence
|
|-weather|none
|upkeep
|
|t:|1598270002
|switch|p2a: Scizor|Scizor, M|16/100 par
|turn|14
|
|t:|1598270007
|cant|p2a: Scizor|par
|move|p1a: Fair and Balanced|Draco Meteor|p2a: Scizor
|-resisted|p2a: Scizor
|-damage|p2a: Scizor|0 fnt
|-unboost|p1a: Fair and Balanced|spa|2
|faint|p2a: Scizor
|
|upkeep
|
|t:|1598270017
|switch|p2a: Jellicent|Jellicent, F|100/100
|turn|15
|
|t:|1598270025
|switch|p1a: no turns for you|Jirachi|100/100
|move|p2a: Jellicent|Toxic|p1a: no turns for you|[miss]
|-miss|p2a: Jellicent|p1a: no turns for you
|
|upkeep
|turn|16
|
|t:|1598270039
|move|p2a: Jellicent|Magic Coat|p2a: Jellicent
|-singleturn|p2a: Jellicent|move: Magic Coat
|move|p1a: no turns for you|Wish|p1a: no turns for you
|
|upkeep
|turn|17
|
|t:|1598270045
|switch|p1a: ResistenceIsFutile|Darmanitan, F|100/100
|move|p2a: Jellicent|Scald|p1a: ResistenceIsFutile
|-supereffective|p1a: ResistenceIsFutile
|-damage|p1a: ResistenceIsFutile|32/100
|
|-heal|p1a: ResistenceIsFutile|85/100|[from] move: Wish|[wisher] no turns for you
|upkeep
|turn|18
|
|t:|1598270058
|move|p1a: ResistenceIsFutile|Earthquake|p2a: Jellicent
|-damage|p2a: Jellicent|66/100
|move|p2a: Jellicent|Scald|p1a: ResistenceIsFutile
|-supereffective|p1a: ResistenceIsFutile
|-damage|p1a: ResistenceIsFutile|12/100
|
|-heal|p2a: Jellicent|72/100|[from] item: Leftovers
|upkeep
|turn|19
|
|t:|1598270069
|move|p1a: ResistenceIsFutile|Earthquake|p2a: Jellicent
|-damage|p2a: Jellicent|38/100
|move|p2a: Jellicent|Recover|p2a: Jellicent
|-heal|p2a: Jellicent|88/100
|
|-heal|p2a: Jellicent|95/100|[from] item: Leftovers
|upkeep
|turn|20
|
|t:|1598270079
|move|p1a: ResistenceIsFutile|Earthquake|p2a: Jellicent
|-damage|p2a: Jellicent|61/100
|move|p2a: Jellicent|Scald|p1a: ResistenceIsFutile
|-supereffective|p1a: ResistenceIsFutile
|-damage|p1a: ResistenceIsFutile|0 fnt
|faint|p1a: ResistenceIsFutile
|
|-heal|p2a: Jellicent|67/100|[from] item: Leftovers
|upkeep
|
|t:|1598270082
|switch|p1a: Fair and Balanced|Latios, M|100/100
|turn|21
|
|t:|1598270093
|move|p1a: Fair and Balanced|Trick|p2a: Jellicent
|-activate|p1a: Fair and Balanced|move: Trick|[of] p2a: Jellicent
|-item|p2a: Jellicent|Choice Scarf|[from] move: Trick
|-item|p1a: Fair and Balanced|Leftovers|[from] move: Trick
|move|p2a: Jellicent|Recover|p2a: Jellicent
|-heal|p2a: Jellicent|100/100
|
|upkeep
|turn|22
|
|t:|1598270103
|move|p1a: Fair and Balanced|Grass Knot|p2a: Jellicent
|-supereffective|p2a: Jellicent
|-damage|p2a: Jellicent|53/100
|move|p2a: Jellicent|Recover|p2a: Jellicent
|-heal|p2a: Jellicent|100/100
|
|upkeep
|turn|23
|
|t:|1598270111
|move|p1a: Fair and Balanced|Grass Knot|p2a: Jellicent
|-supereffective|p2a: Jellicent
|-crit|p2a: Jellicent
|-damage|p2a: Jellicent|0 fnt
|faint|p2a: Jellicent
|
|win|the1truep1neapple
|raw|the1truep1neapple's rating: 1332 &rarr; <strong>1351</strong><br />(+19 for winning)
|raw|Ghetsis 789's rating: 1321 &rarr; <strong>1302</strong><br />(-19 for losing)
|c|☆the1truep1neapple|gg
