|join|Clifford
|join|Pythagorean Python
|player|p1|Clifford|256
|player|p2|Pythagorean Python|170
|gametype|singles
|gen|5
|tier|[Gen 5] OU
|rated
|rule|Evasion Abilities Clause: Evasion abilities are banned
|clearpoke
|poke|p1|Latios, M
|poke|p1|Politoed, F
|poke|p1|Alakazam, F
|poke|p1|Ferrothorn, F
|poke|p1|Landorus-Therian, M
|poke|p1|Breloom, F
|poke|p2|Forretress, M
|poke|p2|Skarmory, F
|poke|p2|Dusclops, M
|poke|p2|Gengar, M
|poke|p2|Aerodactyl, F
|poke|p2|Riolu, F
|rule|Sleep Clause Mod: Limit one foe put to sleep
|rule|Species Clause: Limit one of each Pokemon
|rule|OHKO Clause: OHKO moves are banned
|rule|Moody Clause: Moody is banned
|rule|Evasion Moves Clause: Evasion moves are banned
|rule|Endless Battle Clause: Forcing endless battles is banned.
|rule|HP Percentage Mod: HP is reported as percentages
|teampreview
|
|start
|switch|p1a: Politoed|Politoed, F|384/384
|switch|p2a: Forretress|Forretress, M|354/354
|-weather|RainDance|[from] ability: Drizzle|[of] p1a: Politoed
|turn|1
|
|move|p1a: Politoed|Hydro Pump|p2a: Forretress
|-damage|p2a: Forretress|87/354
|move|p2a: Forretress|Stealth Rock|p1a: Politoed
|-sidestart|p1: Clifford|move: Stealth Rock
|
|-weather|RainDance|[upkeep]
|-heal|p2a: Forretress|109/354|[from] item: Leftovers
|turn|2
|
|move|p1a: Politoed|Hydro Pump|p2a: Forretress
|-damage|p2a: Forretress|0 fnt
|faint|p2a: Forretress
|
|-weather|RainDance|[upkeep]
|
|switch|p2a: Skarmory|Skarmory, F|334/334
|turn|3
|
|move|p1a: Politoed|Hydro Pump|p2a: Skarmory
|-damage|p2a: Skarmory|78/334
|move|p2a: Skarmory|Spikes|p1a: Politoed
|-sidestart|p1: Clifford|Spikes
|
|-weather|RainDance|[upkeep]
|-heal|p2a: Skarmory|98/334|[from] item: Leftovers
|turn|4
|
|move|p1a: Politoed|Hydro Pump|p2a: Skarmory
|-damage|p2a: Skarmory|0 fnt
|faint|p2a: Skarmory
|
|-weather|RainDance|[upkeep]
|
|switch|p2a: Riolu|Riolu, F|284/284
|turn|5
|
|move|p1a: Politoed|Hydro Pump|p2a: Riolu
|-enditem|p2a: Riolu|Focus Sash
|-damage|p2a: Riolu|1/284
|move|p2a: Riolu|Roar|p1a: Politoed
|drag|p1a: Ferrothorn|Ferrothorn, F|352/352
|-damage|p1a: Ferrothorn|308/352|[from] Spikes
|-damage|p1a: Ferrothorn|286/352|[from] Stealth Rock
|
|-weather|RainDance|[upkeep]
|-heal|p1a: Ferrothorn|308/352|[from] item: Leftovers
|turn|6
|
|move|p1a: Ferrothorn|Protect|p1a: Ferrothorn
|-singleturn|p1a: Ferrothorn|Protect
|move|p2a: Riolu|Copycat|p2a: Riolu
|-fail|p2a: Riolu
|
|-weather|RainDance|[upkeep]
|-heal|p1a: Ferrothorn|330/352|[from] item: Leftovers
|turn|7
|
|move|p2a: Riolu|Drain Punch|p1a: Ferrothorn
|-supereffective|p1a: Ferrothorn
|-damage|p1a: Ferrothorn|246/352
|-heal|p2a: Riolu|43/284|[from] drain|[of] p1a: Ferrothorn
|-damage|p2a: Riolu|8/284|[from] ability: Iron Barbs|[of] p1a: Ferrothorn
|move|p1a: Ferrothorn|Gyro Ball|p2a: Riolu
|-damage|p2a: Riolu|0 fnt
|faint|p2a: Riolu
|
|-weather|RainDance|[upkeep]
|-heal|p1a: Ferrothorn|268/352|[from] item: Leftovers
|
|switch|p2a: Aerodactyl|Aerodactyl, F|302/302
|-ability|p2a: Aerodactyl|Pressure
|turn|8
|
|move|p2a: Aerodactyl|Fire Fang|p1a: Ferrothorn
|-crit|p1a: Ferrothorn
|-supereffective|p1a: Ferrothorn
|-damage|p1a: Ferrothorn|55/352
|-damage|p2a: Aerodactyl|265/302|[from] ability: Iron Barbs|[of] p1a: Ferrothorn
|-damage|p2a: Aerodactyl|235/302|[from] item: Life Orb
|move|p1a: Ferrothorn|Gyro Ball|p2a: Aerodactyl
|-supereffective|p2a: Aerodactyl
|-damage|p2a: Aerodactyl|0 fnt
|faint|p2a: Aerodactyl
|
|-weather|RainDance|[upkeep]
|-heal|p1a: Ferrothorn|77/352|[from] item: Leftovers
|
|switch|p2a: Gengar|Gengar, M|262/262
|turn|9
|
|move|p2a: Gengar|Substitute|p2a: Gengar
|-start|p2a: Gengar|Substitute
|-damage|p2a: Gengar|197/262
|move|p1a: Ferrothorn|Gyro Ball|p2a: Gengar
|-crit|p2a: Gengar
|-end|p2a: Gengar|Substitute
|
|-weather|RainDance|[upkeep]
|-heal|p2a: Gengar|213/262|[from] item: Black Sludge
|-heal|p1a: Ferrothorn|99/352|[from] item: Leftovers
|turn|10
|
|move|p2a: Gengar|Substitute|p2a: Gengar
|-start|p2a: Gengar|Substitute
|-damage|p2a: Gengar|148/262
|move|p1a: Ferrothorn|Leech Seed|p2a: Gengar
|
|-weather|RainDance|[upkeep]
|-heal|p2a: Gengar|164/262|[from] item: Black Sludge
|-heal|p1a: Ferrothorn|121/352|[from] item: Leftovers
|turn|11
|
|move|p2a: Gengar|Focus Blast|p1a: Ferrothorn
|-supereffective|p1a: Ferrothorn
|-damage|p1a: Ferrothorn|0 fnt
|faint|p1a: Ferrothorn
|
|-weather|RainDance|[upkeep]
|-heal|p2a: Gengar|180/262|[from] item: Black Sludge
|
|switch|p1a: Alakazam|Alakazam, F|252/252
|turn|12
|
|move|p1a: Alakazam|Psychic|p2a: Gengar
|-supereffective|p2a: Gengar
|-end|p2a: Gengar|Substitute
|move|p2a: Gengar|Shadow Ball|p1a: Alakazam
|-supereffective|p1a: Alakazam
|-enditem|p1a: Alakazam|Focus Sash
|-damage|p1a: Alakazam|1/252
|
|-weather|RainDance|[upkeep]
|-heal|p2a: Gengar|196/262|[from] item: Black Sludge
|turn|13
|
|switch|p2a: Dusclops|Dusclops, M|222/222
|-ability|p2a: Dusclops|Pressure
|move|p1a: Alakazam|Psychic|p2a: Dusclops
|-damage|p2a: Dusclops|153/222
|
|-weather|RainDance|[upkeep]
|turn|14
|
|switch|p1a: Landorus-Therian|Landorus-Therian, M|382/382
|-damage|p1a: Landorus-Therian|335/382|[from] Stealth Rock
|-ability|p1a: Landorus-Therian|Intimidate|[of] p2a: Dusclops
|-unboost|p2a: Dusclops|atk|1
|move|p2a: Dusclops|Confuse Ray|p1a: Landorus-Therian
|-start|p1a: Landorus-Therian|confusion
|
|-weather|RainDance|[upkeep]
|-heal|p1a: Landorus-Therian|358/382|[from] item: Leftovers
|turn|15
|
|-activate|p1a: Landorus-Therian|confusion
|move|p1a: Landorus-Therian|U-turn|p2a: Dusclops
|-resisted|p2a: Dusclops
|-damage|p2a: Dusclops|132/222
|
|switch|p1a: Politoed|Politoed, F|384/384
|-damage|p1a: Politoed|336/384|[from] Spikes
|-damage|p1a: Politoed|288/384|[from] Stealth Rock
|move|p2a: Dusclops|Will-O-Wisp|p1a: Politoed|[miss]
|-miss|p2a: Dusclops|p1a: Politoed
|
|-weather|RainDance|[upkeep]
|turn|16
|
|move|p1a: Politoed|Hydro Pump|p2a: Dusclops
|-damage|p2a: Dusclops|54/222
|move|p2a: Dusclops|Pain Split|p1a: Politoed
|-sethp|p1a: Politoed|171/384|p2a: Dusclops|171/222|[from] move: Pain Split
|
|-weather|RainDance|[upkeep]
|turn|17
|
|move|p1a: Politoed|Hydro Pump|p2a: Dusclops
|-damage|p2a: Dusclops|96/222
|move|p2a: Dusclops|Will-O-Wisp|p1a: Politoed|[miss]
|-miss|p2a: Dusclops|p1a: Politoed
|
|-weather|RainDance|[upkeep]
|turn|18
|
|-activate|p1a: Politoed|move: Struggle
|move|p1a: Politoed|Struggle|p2a: Dusclops
|-damage|p2a: Dusclops|82/222
|-damage|p1a: Politoed|75/384
|move|p2a: Dusclops|Confuse Ray|p1a: Politoed
|-start|p1a: Politoed|confusion
|
|-weather|RainDance|[upkeep]
|turn|19
|
|-activate|p1a: Politoed|confusion
|-damage|p1a: Politoed|47/384|[from] confusion
|move|p2a: Dusclops|Will-O-Wisp|p1a: Politoed|[miss]
|-miss|p2a: Dusclops|p1a: Politoed
|
|-weather|RainDance|[upkeep]
|turn|20
|
|switch|p1a: Alakazam|Alakazam, F|1/252
|move|p2a: Dusclops|Will-O-Wisp|p1a: Alakazam
|-status|p1a: Alakazam|brn
|
|-weather|RainDance|[upkeep]
|turn|21
|
|move|p1a: Alakazam|Shadow Ball|p2a: Dusclops
|-supereffective|p2a: Dusclops
|-damage|p2a: Dusclops|10/222
|move|p2a: Dusclops|Confuse Ray|p1a: Alakazam
|-start|p1a: Alakazam|confusion
|
|-weather|RainDance|[upkeep]
|turn|22
|
|-activate|p1a: Alakazam|confusion
|-damage|p1a: Alakazam|0 fnt|[from] confusion
|faint|p1a: Alakazam
|move|p2a: Dusclops|Confuse Ray|p1: Alakazam|[notarget]
|-notarget
|
|-weather|RainDance|[upkeep]
|
|switch|p1a: Breloom|Breloom, F|324/324
|-damage|p1a: Breloom|304/324|[from] Stealth Rock
|-damage|p1a: Breloom|264/324|[from] Spikes
|turn|23
|
|move|p1a: Breloom|Bullet Seed|p2a: Dusclops
|-damage|p2a: Dusclops|0 fnt
|-hitcount|p2a: Dusclops|1
|faint|p2a: Dusclops
|
|-weather|RainDance|[upkeep]
|-heal|p1a: Breloom|284/324|[from] item: Leftovers
|
|switch|p2a: Gengar|Gengar, M|196/262
|turn|24
|
|move|p2a: Gengar|Shadow Ball|p1a: Breloom
|-damage|p1a: Breloom|71/324
|-unboost|p1a: Breloom|spd|1
|move|p1a: Breloom|Bullet Seed|p2a: Gengar
|-resisted|p2a: Gengar
|-damage|p2a: Gengar|142/262
|-resisted|p2a: Gengar
|-damage|p2a: Gengar|85/262
|-hitcount|p2a: Gengar|2
|
|-weather|RainDance|[upkeep]
|-heal|p2a: Gengar|101/262|[from] item: Black Sludge
|-heal|p1a: Breloom|91/324|[from] item: Leftovers
|turn|25
|
|move|p2a: Gengar|Shadow Ball|p1a: Breloom
|-damage|p1a: Breloom|0 fnt
|faint|p1a: Breloom
|
|-weather|RainDance|[upkeep]
|-heal|p2a: Gengar|117/262|[from] item: Black Sludge
|
|switch|p1a: Latios|Latios, M|302/302
|-damage|p1a: Latios|265/302|[from] Stealth Rock
|turn|26
|
|move|p2a: Gengar|Shadow Ball|p1a: Latios
|-supereffective|p1a: Latios
|-damage|p1a: Latios|0 fnt
|faint|p1a: Latios
|
|-weather|RainDance|[upkeep]
|-heal|p2a: Gengar|133/262|[from] item: Black Sludge
|
|switch|p1a: Landorus-Therian|Landorus-Therian, M|358/382
|-damage|p1a: Landorus-Therian|311/382|[from] Stealth Rock
|-ability|p1a: Landorus-Therian|Intimidate|[of] p2a: Gengar
|-unboost|p2a: Gengar|atk|1
|turn|27
|
|move|p2a: Gengar|Substitute|p2a: Gengar
|-start|p2a: Gengar|Substitute
|-damage|p2a: Gengar|68/262
|move|p1a: Landorus-Therian|Stone Edge|p2a: Gengar
|-end|p2a: Gengar|Substitute
|
|-weather|RainDance|[upkeep]
|-heal|p2a: Gengar|84/262|[from] item: Black Sludge
|-heal|p1a: Landorus-Therian|334/382|[from] item: Leftovers
|turn|28
|
|move|p2a: Gengar|Substitute|p2a: Gengar
|-start|p2a: Gengar|Substitute
|-damage|p2a: Gengar|19/262
|move|p1a: Landorus-Therian|Stone Edge|p2a: Gengar|[miss]
|-miss|p1a: Landorus-Therian|p2a: Gengar
|
|-weather|RainDance|[upkeep]
|-heal|p2a: Gengar|35/262|[from] item: Black Sludge
|-heal|p1a: Landorus-Therian|357/382|[from] item: Leftovers
|turn|29
|
|move|p2a: Gengar|Shadow Ball|p1a: Landorus-Therian
|-damage|p1a: Landorus-Therian|185/382
|move|p1a: Landorus-Therian|Stone Edge|p2a: Gengar
|-end|p2a: Gengar|Substitute
|
|-weather|RainDance|[upkeep]
|-heal|p2a: Gengar|51/262|[from] item: Black Sludge
|-heal|p1a: Landorus-Therian|208/382|[from] item: Leftovers
|turn|30
|
|move|p2a: Gengar|Shadow Ball|p1a: Landorus-Therian
|-damage|p1a: Landorus-Therian|25/382
|move|p1a: Landorus-Therian|Stone Edge|p2a: Gengar
|-crit|p2a: Gengar
|-damage|p2a: Gengar|0 fnt
|faint|p2a: Gengar
|
|win|Clifford
|raw|Ladder updating...
|raw|Clifford's rating: 1258 &rarr; <strong>1292</strong><br />(+34 for winning)
|raw|Pythagorean Python's rating: 1393 &rarr; <strong>1366</strong><br />(-27 for losing)
|chat|Clifford|gg
|leave|Clifford
|player|p1