|j|☆daddy_days2
|j|☆cinema staff fan
|t:|1741817156
|gametype|singles
|player|p1|daddy_days2|benga|1456
|player|p2|cinema staff fan|sordward-shielbert|1450
|teamsize|p1|6
|teamsize|p2|6
|gen|5
|tier|[Gen 5] OU
|rated|
|rule|Species Clause: Limit one of each Pokémon
|rule|OHKO Clause: OHKO moves are banned
|rule|Moody Clause: Moody is banned
|rule|Evasion Items Clause: Evasion items are banned
|rule|Evasion Moves Clause: Evasion moves are banned
|rule|Endless Battle Clause: Forcing endless battles is banned
|rule|HP Percentage Mod: HP is shown in percentages
|rule|Evasion Abilities Clause: Evasion abilities are banned
|rule|Sleep Moves Clause: Sleep-inducing moves are banned
|rule|Swagger Clause: Swagger is banned
|rule|Baton Pass Stat Clause: No Baton Passer may have a way to boost its stats
|clearpoke
|poke|p1|Kyurem-Black|item
|poke|p1|Garchomp, M|item
|poke|p1|Conkeldurr, M|item
|poke|p1|Starmie|item
|poke|p1|Bisharp, M|item
|poke|p1|Scyther, M|item
|poke|p2|Keldeo|item
|poke|p2|Politoed, F|item
|poke|p2|Excadrill, F|item
|poke|p2|Conkeldurr, M|item
|poke|p2|Toxicroak, F|item
|poke|p2|Alakazam, F|item
|teampreview
|inactive|Battle timer is ON: inactive players will automatically lose when time's up. (requested by cinema staff fan)
|
|t:|1741817172
|start
|switch|p1a: Insane Dwayne|Kyurem-Black|100/100
|switch|p2a: Alakazam|Alakazam, F|100/100
|-ability|p1a: Insane Dwayne|Teravolt
|turn|1
|
|t:|1741817181
|move|p2a: Alakazam|Focus Blast|p1a: Insane Dwayne
|-supereffective|p1a: Insane Dwayne
|-damage|p1a: Insane Dwayne|16/100
|move|p1a: Insane Dwayne|Dragon Claw|p2a: Alakazam
|-enditem|p2a: Alakazam|Focus Sash
|-damage|p2a: Alakazam|1/100
|
|upkeep
|turn|2
|
|t:|1741817190
|switch|p1a: Blade|Scyther, M|100/100
|move|p2a: Alakazam|Psychic|p1a: Blade
|-damage|p1a: Blade|25/100
|-unboost|p1a: Blade|spd|1
|
|upkeep
|turn|3
|
|t:|1741817198
|move|p1a: Blade|Pursuit|p2a: Alakazam
|-supereffective|p2a: Alakazam
|-damage|p2a: Alakazam|0 fnt
|faint|p2a: Alakazam
|
|upkeep
|
|t:|1741817208
|switch|p2a: Politoed|Politoed, F|100/100
|-weather|RainDance|[from] ability: Drizzle|[of] p2a: Politoed
|turn|4
|
|t:|1741817213
|switch|p1a: Starlight|Starmie|100/100
|move|p2a: Politoed|Scald|p1a: Starlight
|-resisted|p1a: Starlight
|-damage|p1a: Starlight|50/100
|
|-weather|RainDance|[upkeep]
|-heal|p1a: Starlight|56/100|[from] item: Leftovers
|upkeep
|turn|5
|
|t:|1741817227
|move|p1a: Starlight|Thunder Wave|p2a: Politoed
|-status|p2a: Politoed|par
|move|p2a: Politoed|Scald|p1a: Starlight
|-resisted|p1a: Starlight
|-damage|p1a: Starlight|4/100
|
|-weather|RainDance|[upkeep]
|-heal|p1a: Starlight|10/100|[from] item: Leftovers
|upkeep
|turn|6
|inactive|daddy_days2 has 120 seconds left.
|
|t:|1741817261
|switch|p1a: Adolf|Bisharp, M|100/100
|-item|p1a: Adolf|Air Balloon
|move|p2a: Politoed|Scald|p1a: Adolf
|-damage|p1a: Adolf|0 fnt
|-enditem|p1a: Adolf|Air Balloon
|faint|p1a: Adolf
|
|-weather|RainDance|[upkeep]
|upkeep
|inactive|daddy_days2 has 120 seconds left.
|
|t:|1741817272
|switch|p1a: Insane Dwayne|Kyurem-Black|16/100
|-ability|p1a: Insane Dwayne|Teravolt
|turn|7
|inactive|daddy_days2 has 120 seconds left.
|
|t:|1741817279
|move|p1a: Insane Dwayne|Outrage|p2a: Politoed
|-damage|p2a: Politoed|0 fnt
|faint|p2a: Politoed
|
|-weather|RainDance|[upkeep]
|upkeep
|
|t:|1741817297
|switch|p2a: Keldeo|Keldeo|100/100
|turn|8
|
|t:|1741817300
|move|p2a: Keldeo|Scald|p1a: Insane Dwayne
|-resisted|p1a: Insane Dwayne
|-damage|p1a: Insane Dwayne|0 fnt
|faint|p1a: Insane Dwayne
|
|-weather|RainDance|[upkeep]
|upkeep
|
|t:|1741817308
|switch|p1a: Blade|Scyther, M|25/100
|turn|9
|
|t:|1741817312
|move|p2a: Keldeo|Scald|p1a: Blade
|-damage|p1a: Blade|0 fnt
|faint|p1a: Blade
|
|-weather|RainDance|[upkeep]
|upkeep
|
|t:|1741817318
|switch|p1a: Shrekster|Conkeldurr, M|100/100
|turn|10
|
|t:|1741817323
|move|p2a: Keldeo|Scald|p1a: Shrekster
|-damage|p1a: Shrekster|20/100
|-status|p1a: Shrekster|brn
|move|p1a: Shrekster|Drain Punch|p2a: Keldeo
|-damage|p2a: Keldeo|67/100
|-heal|p1a: Shrekster|35/100 brn|[from] drain|[of] p2a: Keldeo
|
|-weather|RainDance|[upkeep]
|-heal|p1a: Shrekster|41/100 brn|[from] item: Leftovers
|-damage|p1a: Shrekster|29/100 brn|[from] brn
|upkeep
|turn|11
|-message|daddy_days2 forfeited.
|
|win|cinema staff fan
|raw|daddy_days2's rating: 1456 &rarr; <strong>1436</strong><br />(-20 for losing)
|raw|cinema staff fan's rating: 1450 &rarr; <strong>1470</strong><br />(+20 for winning)
|l|☆daddy_days2
|player|p1|
