|join|Lotwewy
|join|d007
|player|p1|Lotwewy|154
|player|p2|d007|61
|gametype|singles
|gen|5
|tier|[Gen 5] OU
|rated
|rule|Evasion Abilities Clause: Evasion abilities are banned
|clearpoke
|poke|p1|Tyranitar, M
|poke|p1|Lucario, F
|poke|p1|Jirachi
|poke|p1|Mamoswine, M
|poke|p1|Terrakion
|poke|p1|Latias, F
|poke|p2|Cofagrigus, F
|poke|p2|Slaking, F
|poke|p2|Dugtrio, M
|poke|p2|Reuniclus, M
|poke|p2|Seismitoad, M
|poke|p2|Tentacruel, M
|rule|Sleep Clause Mod: Limit one foe put to sleep
|rule|Species Clause: Limit one of each Pokemon
|rule|OHKO Clause: OHKO moves are banned
|rule|Moody Clause: Moody is banned
|rule|Evasion Moves Clause: Evasion moves are banned
|rule|Endless Battle Clause: Forcing endless battles is banned.
|rule|HP Percentage Mod: HP is reported as percentages
|teampreview
|
|start
|switch|p1a: Jirachi|Jirachi|404/404
|switch|p2a: Seismitoad|Seismitoad, M|414/414
|turn|1
|
|switch|p1a: Latias|Latias, F|302/302
|move|p2a: Seismitoad|Earthquake|p1a: Latias
|-immune|p1a: Latias|[msg]
|
|turn|2
|
|move|p1a: Latias|Draco Meteor|p2a: Seismitoad
|-damage|p2a: Seismitoad|32/414
|-unboost|p1a: Latias|spa|2
|-damage|p1a: Latias|272/302|[from] item: Life Orb
|move|p2a: Seismitoad|Stealth Rock|p1a: Latias
|-sidestart|p1: Lotwewy|move: Stealth Rock
|
|-heal|p2a: Seismitoad|57/414|[from] item: Leftovers
|turn|3
|
|move|p1a: Latias|Psyshock|p2a: Seismitoad
|-damage|p2a: Seismitoad|0 fnt
|-damage|p1a: Latias|242/302|[from] item: Life Orb
|faint|p2a: Seismitoad
|
|
|switch|p2a: Slaking|Slaking, F|504/504
|turn|4
|
|move|p2a: Slaking|Pursuit|p1a: Latias|[from]Pursuit
|-supereffective|p1a: Latias
|-damage|p1a: Latias|0 fnt
|faint|p1a: Latias
|
|
|switch|p1a: Terrakion|Terrakion|324/324
|-damage|p1a: Terrakion|304/324|[from] Stealth Rock
|turn|5
|
|switch|p2a: Tentacruel|Tentacruel, M|364/364
|move|p1a: Terrakion|Close Combat|p2a: Tentacruel
|-resisted|p2a: Tentacruel
|-damage|p2a: Tentacruel|270/364
|-unboost|p1a: Terrakion|def|1
|-unboost|p1a: Terrakion|spd|1
|
|-heal|p2a: Tentacruel|292/364|[from] item: Black Sludge
|turn|6
|
|switch|p1a: Jirachi|Jirachi|404/404
|-damage|p1a: Jirachi|379/404|[from] Stealth Rock
|move|p2a: Tentacruel|Scald|p1a: Jirachi
|-damage|p1a: Jirachi|298/404
|
|-heal|p1a: Jirachi|323/404|[from] item: Leftovers
|-heal|p2a: Tentacruel|314/364|[from] item: Black Sludge
|turn|7
|
|move|p1a: Jirachi|Calm Mind|p1a: Jirachi
|-boost|p1a: Jirachi|spa|1
|-boost|p1a: Jirachi|spd|1
|move|p2a: Tentacruel|Scald|p1a: Jirachi
|-damage|p1a: Jirachi|274/404
|
|-heal|p1a: Jirachi|299/404|[from] item: Leftovers
|-heal|p2a: Tentacruel|336/364|[from] item: Black Sludge
|turn|8
|
|move|p1a: Jirachi|Calm Mind|p1a: Jirachi
|-boost|p1a: Jirachi|spa|1
|-boost|p1a: Jirachi|spd|1
|move|p2a: Tentacruel|Scald|p1a: Jirachi
|-damage|p1a: Jirachi|256/404
|
|-heal|p1a: Jirachi|281/404|[from] item: Leftovers
|-heal|p2a: Tentacruel|358/364|[from] item: Black Sludge
|turn|9
|chat|d007|this guy
|chat|d007|does not respect
|
|move|p1a: Jirachi|Calm Mind|p1a: Jirachi
|-boost|p1a: Jirachi|spa|1
|-boost|p1a: Jirachi|spd|1
|move|p2a: Tentacruel|Scald|p1a: Jirachi
|-damage|p1a: Jirachi|248/404
|-status|p1a: Jirachi|brn
|
|-heal|p1a: Jirachi|273/404 brn|[from] item: Leftovers
|-heal|p2a: Tentacruel|364/364|[from] item: Black Sludge
|-damage|p1a: Jirachi|223/404 brn|[from] brn
|turn|10
|chat|d007|the 30%
|chat|d007|:]
|
|move|p1a: Jirachi|Thunder|p2a: Tentacruel
|-crit|p2a: Tentacruel
|-supereffective|p2a: Tentacruel
|-damage|p2a: Tentacruel|0 fnt
|faint|p2a: Tentacruel
|
|-heal|p1a: Jirachi|248/404 brn|[from] item: Leftovers
|-damage|p1a: Jirachi|198/404 brn|[from] brn
|chat|d007|no he does not
|chat|d007|lol
|
|switch|p2a: I'm so done|Dugtrio, M|201/201
|turn|11
|
|move|p2a: I'm so done|Earthquake|p1a: Jirachi
|-supereffective|p1a: Jirachi
|-damage|p1a: Jirachi|0 fnt
|faint|p1a: Jirachi
|
|chat|Lotwewy|Oh shit
|
|switch|p1a: Mamoswine|Mamoswine, M|361/361
|-damage|p1a: Mamoswine|316/361|[from] Stealth Rock
|turn|12
|
|switch|p2a: Cofagrigus|Cofagrigus, F|320/320
|move|p1a: Mamoswine|Ice Shard|p2a: Cofagrigus
|-crit|p2a: Cofagrigus
|-damage|p2a: Cofagrigus|194/320
|-damage|p1a: Mamoswine|280/361|[from] item: Life Orb
|
|turn|13
|
|switch|p1a: Tyranitar|Tyranitar, M|341/341
|-damage|p1a: Tyranitar|299/341|[from] Stealth Rock
|-weather|Sandstorm|[from] ability: Sand Stream|[of] p1a: Tyranitar
|move|p2a: Cofagrigus|Will-O-Wisp|p1a: Tyranitar
|-status|p1a: Tyranitar|brn
|
|-weather|Sandstorm|[upkeep]
|-damage|p2a: Cofagrigus|174/320|[from] Sandstorm
|-damage|p1a: Tyranitar|257/341 brn|[from] brn
|turn|14
|
|move|p1a: Tyranitar|Crunch|p2a: Cofagrigus
|-supereffective|p2a: Cofagrigus
|-damage|p2a: Cofagrigus|78/320
|-ability|p1a: Tyranitar|Mummy|[from] Mummy
|move|p2a: Cofagrigus|Shadow Ball|p1a: Tyranitar
|-resisted|p1a: Tyranitar
|-damage|p1a: Tyranitar|229/341 brn
|
|-weather|Sandstorm|[upkeep]
|-damage|p2a: Cofagrigus|58/320|[from] Sandstorm
|-damage|p1a: Tyranitar|187/341 brn|[from] brn
|turn|15
|
|move|p1a: Tyranitar|Crunch|p2a: Cofagrigus
|-supereffective|p2a: Cofagrigus
|-damage|p2a: Cofagrigus|0 fnt
|faint|p2a: Cofagrigus
|
|-weather|Sandstorm|[upkeep]
|-damage|p1a: Tyranitar|145/341 brn|[from] brn
|
|switch|p2a: Reuniclus|Reuniclus, M|424/424
|turn|16
|
|move|p1a: Tyranitar|Crunch|p2a: Reuniclus
|-supereffective|p2a: Reuniclus
|-damage|p2a: Reuniclus|320/424
|move|p2a: Reuniclus|Calm Mind|p2a: Reuniclus
|-boost|p2a: Reuniclus|spa|1
|-boost|p2a: Reuniclus|spd|1
|
|-weather|Sandstorm|[upkeep]
|-heal|p2a: Reuniclus|346/424|[from] item: Leftovers
|-damage|p1a: Tyranitar|103/341 brn|[from] brn
|turn|17
|
|move|p1a: Tyranitar|Stealth Rock|p2a: Reuniclus
|-sidestart|p2: d007|move: Stealth Rock
|move|p2a: Reuniclus|Calm Mind|p2a: Reuniclus
|-boost|p2a: Reuniclus|spa|1
|-boost|p2a: Reuniclus|spd|1
|
|-weather|Sandstorm|[upkeep]
|-heal|p2a: Reuniclus|372/424|[from] item: Leftovers
|-damage|p1a: Tyranitar|61/341 brn|[from] brn
|turn|18
|
|move|p1a: Tyranitar|Crunch|p2a: Reuniclus
|-crit|p2a: Reuniclus
|-supereffective|p2a: Reuniclus
|-damage|p2a: Reuniclus|142/424
|move|p2a: Reuniclus|Calm Mind|p2a: Reuniclus
|-boost|p2a: Reuniclus|spa|1
|-boost|p2a: Reuniclus|spd|1
|
|-weather|Sandstorm|[upkeep]
|-heal|p2a: Reuniclus|168/424|[from] item: Leftovers
|-damage|p1a: Tyranitar|19/341 brn|[from] brn
|turn|19
|
|move|p1a: Tyranitar|Crunch|p2a: Reuniclus
|-supereffective|p2a: Reuniclus
|-damage|p2a: Reuniclus|54/424
|move|p2a: Reuniclus|Recover|p2a: Reuniclus
|-heal|p2a: Reuniclus|266/424
|
|-weather|Sandstorm|[upkeep]
|-heal|p2a: Reuniclus|292/424|[from] item: Leftovers
|-damage|p1a: Tyranitar|0 fnt|[from] brn
|faint|p1a: Tyranitar
|
|switch|p1a: Lucario|Lucario, F|282/282
|-damage|p1a: Lucario|274/282|[from] Stealth Rock
|turn|20
|
|move|p1a: Lucario|Crunch|p2a: Reuniclus
|-supereffective|p2a: Reuniclus
|-damage|p2a: Reuniclus|66/424
|-damage|p1a: Lucario|246/282|[from] item: Life Orb
|move|p2a: Reuniclus|Hidden Power|p1a: Lucario
|-supereffective|p1a: Lucario
|-damage|p1a: Lucario|0 fnt
|faint|p1a: Lucario
|
|-weather|Sandstorm|[upkeep]
|-heal|p2a: Reuniclus|92/424|[from] item: Leftovers
|
|switch|p1a: Mamoswine|Mamoswine, M|280/361
|-damage|p1a: Mamoswine|235/361|[from] Stealth Rock
|turn|21
|
|move|p1a: Mamoswine|Earthquake|p2a: Reuniclus
|-damage|p2a: Reuniclus|0 fnt
|-damage|p1a: Mamoswine|199/361|[from] item: Life Orb
|faint|p2a: Reuniclus
|
|-weather|Sandstorm|[upkeep]
|chat|d007|well derp
|chat|d007|gg
|
|switch|p2a: Slaking|Slaking, F|504/504
|-damage|p2a: Slaking|441/504|[from] Stealth Rock
|turn|22
|
|move|p1a: Mamoswine|Superpower|p2a: Slaking
|-supereffective|p2a: Slaking
|-damage|p2a: Slaking|85/504
|-unboost|p1a: Mamoswine|atk|1
|-unboost|p1a: Mamoswine|def|1
|-damage|p1a: Mamoswine|163/361|[from] item: Life Orb
|move|p2a: Slaking|Return|p1a: Mamoswine
|-damage|p1a: Mamoswine|0 fnt
|faint|p1a: Mamoswine
|
|-weather|Sandstorm|[upkeep]
|-damage|p2a: Slaking|54/504|[from] Sandstorm
|-heal|p2a: Slaking|85/504|[from] item: Leftovers
|
|switch|p1a: Terrakion|Terrakion|304/324
|-damage|p1a: Terrakion|284/324|[from] Stealth Rock
|turn|23
|chat|Lotwewy|You might still sin
|chat|Lotwewy|win*
|chat|d007|well if this terrak is scarfed
|
|move|p1a: Terrakion|Close Combat|p2a: Slaking
|-supereffective|p2a: Slaking
|-damage|p2a: Slaking|0 fnt
|-unboost|p1a: Terrakion|def|1
|-unboost|p1a: Terrakion|spd|1
|faint|p2a: Slaking
|
|-weather|Sandstorm|[upkeep]
|chat|d007|I don't see how
|
|switch|p2a: I'm so done|Dugtrio, M|201/201
|-damage|p2a: I'm so done|189/201|[from] Stealth Rock
|turn|24
|
|move|p1a: Terrakion|Close Combat|p2a: I'm so done
|-damage|p2a: I'm so done|0 fnt
|-unboost|p1a: Terrakion|def|1
|-unboost|p1a: Terrakion|spd|1
|faint|p2a: I'm so done
|
|win|Lotwewy
|raw|Ladder updating...
|raw|Lotwewy's rating: 1323 &rarr; <strong>1342</strong><br />(+19 for winning)
|raw|d007's rating: 1314 &rarr; <strong>1295</strong><br />(-19 for losing)
|chat|Lotwewy|Right