|j|‽killerfishsandiego
|j|☆night bliz
|t:|1731388813
|gametype|singles
|player|p1|killerfishsandiego|101|1551
|player|p2|night bliz|veteran|1379
|teamsize|p1|6
|teamsize|p2|6
|gen|5
|tier|[Gen 5] OU
|rated|
|rule|Species Clause: Limit one of each Pokémon
|rule|OHKO Clause: OHKO moves are banned
|rule|Moody Clause: Moody is banned
|rule|Evasion Items Clause: Evasion items are banned
|rule|Evasion Moves Clause: Evasion moves are banned
|rule|Endless Battle Clause: Forcing endless battles is banned
|rule|HP Percentage Mod: HP is shown in percentages
|rule|Evasion Abilities Clause: Evasion abilities are banned
|rule|Sleep Moves Clause: Sleep-inducing moves are banned
|rule|Swagger Clause: Swagger is banned
|rule|Baton Pass Stat Clause: No Baton Passer may have a way to boost its stats
|clearpoke
|poke|p1|Tyranitar, M|item
|poke|p1|Rotom-Heat|item
|poke|p1|Terrakion|item
|poke|p1|Alakazam, F|item
|poke|p1|Jellicent, F|item
|poke|p1|Forretress, L99, F|item
|poke|p2|Terrakion|item
|poke|p2|Tyranitar, F|item
|poke|p2|Skarmory, F|item
|poke|p2|Gastrodon, M|item
|poke|p2|Excadrill, M|item
|poke|p2|Celebi|item
|teampreview
|inactive|Battle timer is ON: inactive players will automatically lose when time's up. (requested by killerfishsandiego)
|
|t:|1731388832
|start
|switch|p1a: Forretress|Forretress, L99, F|100/100
|switch|p2a: Tyranitar|Tyranitar, F|100/100
|-weather|Sandstorm|[from] ability: Sand Stream|[of] p2a: Tyranitar
|turn|1
|
|t:|1731388836
|switch|p2a: Gastrodon|Gastrodon, M|100/100
|move|p1a: Forretress|Stealth Rock|p2a: Gastrodon
|-sidestart|p2: night bliz|move: Stealth Rock
|
|-weather|Sandstorm|[upkeep]
|upkeep
|turn|2
|
|t:|1731388839
|move|p2a: Gastrodon|Scald|p1a: Forretress
|-damage|p1a: Forretress|72/100
|move|p1a: Forretress|Spikes|p2a: Gastrodon
|-sidestart|p2: night bliz|Spikes
|
|-weather|Sandstorm|[upkeep]
|upkeep
|turn|3
|
|t:|1731388845
|switch|p1a: Jellicent|Jellicent, F|100/100
|-item|p1a: Jellicent|Air Balloon
|move|p2a: Gastrodon|Scald|p1a: Jellicent
|-immune|p1a: Jellicent|[from] ability: Water Absorb
|
|-weather|Sandstorm|[upkeep]
|-damage|p1a: Jellicent|94/100|[from] Sandstorm
|upkeep
|turn|4
|
|t:|1731388851
|move|p1a: Jellicent|Magic Coat|p1a: Jellicent
|-singleturn|p1a: Jellicent|move: Magic Coat
|move|p2a: Gastrodon|Toxic|p1a: Jellicent
|move|p1a: Jellicent|Toxic|p2a: Gastrodon|[from]Magic Coat
|-status|p2a: Gastrodon|tox
|
|-weather|Sandstorm|[upkeep]
|-damage|p1a: Jellicent|88/100|[from] Sandstorm
|-damage|p2a: Gastrodon|94/100 tox|[from] psn
|upkeep
|turn|5
|
|t:|1731388856
|switch|p1a: Forretress|Forretress, L99, F|72/100
|move|p2a: Gastrodon|Toxic|p1a: Forretress
|-immune|p1a: Forretress
|
|-weather|Sandstorm|[upkeep]
|-heal|p2a: Gastrodon|100/100 tox|[from] item: Leftovers
|-damage|p2a: Gastrodon|88/100 tox|[from] psn
|upkeep
|turn|6
|
|t:|1731388861
|move|p2a: Gastrodon|Toxic|p1a: Forretress
|-immune|p1a: Forretress
|move|p1a: Forretress|Spikes|p2a: Gastrodon
|-sidestart|p2: night bliz|Spikes
|
|-weather|Sandstorm|[upkeep]
|-heal|p2a: Gastrodon|94/100 tox|[from] item: Leftovers
|-damage|p2a: Gastrodon|76/100 tox|[from] psn
|upkeep
|turn|7
|
|t:|1731388869
|move|p2a: Gastrodon|Scald|p1a: Forretress
|-damage|p1a: Forretress|44/100
|-status|p1a: Forretress|brn
|move|p1a: Forretress|Spikes|p2a: Gastrodon
|-sidestart|p2: night bliz|Spikes
|
|-weather|Sandstorm|[upkeep]
|-heal|p2a: Gastrodon|82/100 tox|[from] item: Leftovers
|-damage|p2a: Gastrodon|58/100 tox|[from] psn
|-damage|p1a: Forretress|32/100 brn|[from] brn
|upkeep
|turn|8
|
|t:|1731388889
|switch|p2a: Skarmory|Skarmory, F|100/100
|-damage|p2a: Skarmory|88/100|[from] Stealth Rock
|switch|p1a: Jellicent|Jellicent, F|88/100
|-item|p1a: Jellicent|Air Balloon
|
|-weather|Sandstorm|[upkeep]
|-damage|p1a: Jellicent|82/100|[from] Sandstorm
|upkeep
|turn|9
|
|t:|1731388905
|move|p2a: Skarmory|Brave Bird|p1a: Jellicent
|-damage|p1a: Jellicent|47/100
|-enditem|p1a: Jellicent|Air Balloon
|-damage|p2a: Skarmory|76/100|[from] Recoil
|move|p1a: Jellicent|Hydro Pump|p2a: Skarmory|[miss]
|-miss|p1a: Jellicent|p2a: Skarmory
|
|-weather|Sandstorm|[upkeep]
|-damage|p1a: Jellicent|41/100|[from] Sandstorm
|upkeep
|turn|10
|
|t:|1731388909
|switch|p1a: Rotom|Rotom-Heat|100/100
|move|p2a: Skarmory|Spikes|p1a: Rotom
|-sidestart|p1: killerfishsandiego|Spikes
|
|-weather|Sandstorm|[upkeep]
|-damage|p1a: Rotom|94/100|[from] Sandstorm
|-heal|p1a: Rotom|100/100|[from] item: Leftovers
|upkeep
|turn|11
|
|t:|1731388918
|switch|p2a: Gastrodon|Gastrodon, M|58/100 tox
|-damage|p2a: Gastrodon|52/100 tox|[from] Stealth Rock
|-damage|p2a: Gastrodon|27/100 tox|[from] Spikes
|move|p1a: Rotom|Volt Switch|p2a: Gastrodon
|-immune|p2a: Gastrodon
|
|-weather|Sandstorm|[upkeep]
|-damage|p1a: Rotom|94/100|[from] Sandstorm
|-heal|p1a: Rotom|100/100|[from] item: Leftovers
|-heal|p2a: Gastrodon|33/100 tox|[from] item: Leftovers
|-damage|p2a: Gastrodon|27/100 tox|[from] psn
|upkeep
|turn|12
|
|t:|1731388923
|move|p1a: Rotom|Hidden Power|p2a: Gastrodon
|-damage|p2a: Gastrodon|8/100 tox
|move|p2a: Gastrodon|Recover|p2a: Gastrodon
|-heal|p2a: Gastrodon|58/100 tox
|
|-weather|Sandstorm|[upkeep]
|-damage|p1a: Rotom|94/100|[from] Sandstorm
|-heal|p1a: Rotom|100/100|[from] item: Leftovers
|-heal|p2a: Gastrodon|64/100 tox|[from] item: Leftovers
|-damage|p2a: Gastrodon|52/100 tox|[from] psn
|upkeep
|turn|13
|
|t:|1731388930
|switch|p1a: Jellicent|Jellicent, F|41/100
|-damage|p1a: Jellicent|29/100|[from] Spikes
|move|p2a: Gastrodon|Scald|p1a: Jellicent
|-heal|p1a: Jellicent|53/100|[from] ability: Water Absorb|[of] p2a: Gastrodon
|
|-weather|Sandstorm|[upkeep]
|-damage|p1a: Jellicent|47/100|[from] Sandstorm
|-heal|p2a: Gastrodon|58/100 tox|[from] item: Leftovers
|-damage|p2a: Gastrodon|39/100 tox|[from] psn
|upkeep
|turn|14
|j| The Hail Incident
|
|t:|1731388950
|move|p1a: Jellicent|Shadow Ball|p2a: Gastrodon
|-damage|p2a: Gastrodon|4/100 tox
|move|p2a: Gastrodon|Toxic|p1a: Jellicent|[miss]
|-miss|p2a: Gastrodon|p1a: Jellicent
|
|-weather|Sandstorm|[upkeep]
|-damage|p1a: Jellicent|41/100|[from] Sandstorm
|-heal|p2a: Gastrodon|10/100 tox|[from] item: Leftovers
|-damage|p2a: Gastrodon|0 fnt|[from] psn
|faint|p2a: Gastrodon
|upkeep
|
|t:|1731388955
|switch|p2a: Tyranitar|Tyranitar, F|100/100
|-damage|p2a: Tyranitar|88/100|[from] Stealth Rock
|-damage|p2a: Tyranitar|63/100|[from] Spikes
|turn|15
|
|t:|1731388958
|move|p1a: Jellicent|Hydro Pump|p2a: Tyranitar
|-supereffective|p2a: Tyranitar
|-damage|p2a: Tyranitar|18/100
|move|p2a: Tyranitar|Crunch|p1a: Jellicent
|-supereffective|p1a: Jellicent
|-damage|p1a: Jellicent|0 fnt
|faint|p1a: Jellicent
|
|-weather|Sandstorm|[upkeep]
|upkeep
|
|t:|1731388963
|switch|p1a: Rotom|Rotom-Heat|100/100
|turn|16
|
|t:|1731388968
|move|p1a: Rotom|Volt Switch|p2a: Tyranitar
|-damage|p2a: Tyranitar|3/100
|
|t:|1731388971
|switch|p1a: Forretress|Forretress, L99, F|32/100 brn|[from] Volt Switch
|-damage|p1a: Forretress|19/100 brn|[from] Spikes
|move|p2a: Tyranitar|Stealth Rock|p1a: Forretress
|-sidestart|p1: killerfishsandiego|move: Stealth Rock
|
|-weather|Sandstorm|[upkeep]
|-damage|p1a: Forretress|7/100 brn|[from] brn
|upkeep
|turn|17
|-enditem|p1a: Forretress|Custap Berry|[eat]
|-activate|p1a: Forretress|item: Custap Berry|[consumed]
|
|t:|1731388980
|move|p1a: Forretress|Rapid Spin|p2a: Tyranitar
|-resisted|p2a: Tyranitar
|-damage|p2a: Tyranitar|3/100
|-sideend|p1: killerfishsandiego|Spikes|[from] move: Rapid Spin|[of] p1a: Forretress
|-sideend|p1: killerfishsandiego|Stealth Rock|[from] move: Rapid Spin|[of] p1a: Forretress
|move|p2a: Tyranitar|Crunch|p1a: Forretress
|-resisted|p1a: Forretress
|-damage|p1a: Forretress|0 fnt
|faint|p1a: Forretress
|
|-weather|Sandstorm|[upkeep]
|upkeep
|
|t:|1731388982
|switch|p1a: Rotom|Rotom-Heat|100/100
|turn|18
|
|t:|1731388984
|move|p1a: Rotom|Volt Switch|p2a: Tyranitar
|-damage|p2a: Tyranitar|0 fnt
|faint|p2a: Tyranitar
|
|t:|1731388990
|switch|p1a: Terrakion|Terrakion|100/100|[from] Volt Switch
|
|-weather|Sandstorm|[upkeep]
|upkeep
|
|t:|1731388992
|switch|p2a: Skarmory|Skarmory, F|76/100
|-damage|p2a: Skarmory|63/100|[from] Stealth Rock
|turn|19
|
|t:|1731388998
|switch|p1a: Rotom|Rotom-Heat|100/100
|move|p2a: Skarmory|Roost|p2a: Skarmory
|-heal|p2a: Skarmory|100/100
|-singleturn|p2a: Skarmory|move: Roost
|
|-weather|Sandstorm|[upkeep]
|-damage|p1a: Rotom|94/100|[from] Sandstorm
|-heal|p1a: Rotom|100/100|[from] item: Leftovers
|upkeep
|turn|20
|
|t:|1731389005
|switch|p2a: Celebi|Celebi|100/100
|-damage|p2a: Celebi|88/100|[from] Stealth Rock
|-damage|p2a: Celebi|63/100|[from] Spikes
|move|p1a: Rotom|Overheat|p2a: Celebi
|-supereffective|p2a: Celebi
|-damage|p2a: Celebi|0 fnt
|-unboost|p1a: Rotom|spa|2
|faint|p2a: Celebi
|
|-weather|Sandstorm|[upkeep]
|-damage|p1a: Rotom|94/100|[from] Sandstorm
|-heal|p1a: Rotom|100/100|[from] item: Leftovers
|upkeep
|
|t:|1731389008
|switch|p2a: Excadrill|Excadrill, M|100/100
|-damage|p2a: Excadrill|97/100|[from] Stealth Rock
|-damage|p2a: Excadrill|73/100|[from] Spikes
|turn|21
|
|t:|1731389011
|move|p2a: Excadrill|Rapid Spin|p1a: Rotom
|-damage|p1a: Rotom|92/100
|-sideend|p2: night bliz|Spikes|[from] move: Rapid Spin|[of] p2a: Excadrill
|-sideend|p2: night bliz|Stealth Rock|[from] move: Rapid Spin|[of] p2a: Excadrill
|move|p1a: Rotom|Overheat|p2a: Excadrill
|-supereffective|p2a: Excadrill
|-damage|p2a: Excadrill|0 fnt
|-unboost|p1a: Rotom|spa|2
|faint|p2a: Excadrill
|
|-weather|Sandstorm|[upkeep]
|-damage|p1a: Rotom|86/100|[from] Sandstorm
|-heal|p1a: Rotom|92/100|[from] item: Leftovers
|upkeep
|
|t:|1731389013
|switch|p2a: Terrakion|Terrakion, shiny|100/100
|turn|22
|
|t:|1731389018
|switch|p1a: Tyranitar|Tyranitar, M|100/100
|move|p2a: Terrakion|Rock Polish|p2a: Terrakion
|-boost|p2a: Terrakion|spe|2
|
|-weather|Sandstorm|[upkeep]
|upkeep
|turn|23
|
|t:|1731389022
|move|p2a: Terrakion|Close Combat|p1a: Tyranitar
|-supereffective|p1a: Tyranitar
|-enditem|p1a: Tyranitar|Chople Berry|[eat]
|-enditem|p1a: Tyranitar|Chople Berry|[weaken]
|-damage|p1a: Tyranitar|0 fnt
|-unboost|p2a: Terrakion|def|1
|-unboost|p2a: Terrakion|spd|1
|faint|p1a: Tyranitar
|-damage|p2a: Terrakion|91/100|[from] item: Life Orb
|
|-weather|Sandstorm|[upkeep]
|upkeep
|
|t:|1731389033
|switch|p1a: Alakazam|Alakazam, F|100/100
|turn|24
|l| The Hail Incident
|inactive|night bliz has 120 seconds left.
|
|t:|1731389066
|switch|p2a: Skarmory|Skarmory, F|100/100
|move|p1a: Alakazam|Psyshock|p2a: Skarmory
|-resisted|p2a: Skarmory
|-damage|p2a: Skarmory|83/100
|
|-weather|Sandstorm|[upkeep]
|upkeep
|turn|25
|
|t:|1731389069
|switch|p1a: Rotom|Rotom-Heat|92/100
|switch|p2a: Terrakion|Terrakion, shiny|91/100
|
|-weather|Sandstorm|[upkeep]
|-damage|p1a: Rotom|86/100|[from] Sandstorm
|-heal|p1a: Rotom|92/100|[from] item: Leftovers
|upkeep
|turn|26
|
|t:|1731389088
|switch|p1a: Alakazam|Alakazam, F|100/100
|move|p2a: Terrakion|Stone Edge|p1a: Alakazam|[miss]
|-miss|p2a: Terrakion|p1a: Alakazam
|
|-weather|Sandstorm|[upkeep]
|upkeep
|turn|27
|
|t:|1731389092
|switch|p2a: Skarmory|Skarmory, F|83/100
|move|p1a: Alakazam|Psyshock|p2a: Skarmory
|-resisted|p2a: Skarmory
|-damage|p2a: Skarmory|66/100
|
|-weather|Sandstorm|[upkeep]
|upkeep
|turn|28
|
|t:|1731389097
|switch|p1a: Rotom|Rotom-Heat|92/100
|move|p2a: Skarmory|Roost|p2a: Skarmory
|-heal|p2a: Skarmory|100/100
|-singleturn|p2a: Skarmory|move: Roost
|
|-weather|Sandstorm|[upkeep]
|-damage|p1a: Rotom|86/100|[from] Sandstorm
|-heal|p1a: Rotom|92/100|[from] item: Leftovers
|upkeep
|turn|29
|
|t:|1731389099
|move|p1a: Rotom|Volt Switch|p2a: Skarmory
|-supereffective|p2a: Skarmory
|-damage|p2a: Skarmory|39/100
|
|t:|1731389103
|switch|p1a: Alakazam|Alakazam, F|100/100|[from] Volt Switch
|move|p2a: Skarmory|Roost|p2a: Skarmory
|-heal|p2a: Skarmory|89/100
|-singleturn|p2a: Skarmory|move: Roost
|
|-weather|Sandstorm|[upkeep]
|upkeep
|turn|30
|
|t:|1731389105
|move|p1a: Alakazam|Encore|p2a: Skarmory
|-start|p2a: Skarmory|Encore
|move|p2a: Skarmory|Roost|p2a: Skarmory
|-heal|p2a: Skarmory|100/100
|-singleturn|p2a: Skarmory|move: Roost
|
|-weather|Sandstorm|[upkeep]
|upkeep
|turn|31
|
|t:|1731389107
|move|p1a: Alakazam|Focus Blast|p2a: Skarmory|[miss]
|-miss|p1a: Alakazam|p2a: Skarmory
|move|p2a: Skarmory|Roost||[still]
|-fail|p2a: Skarmory|heal
|
|-weather|Sandstorm|[upkeep]
|upkeep
|turn|32
|
|t:|1731389110
|move|p1a: Alakazam|Focus Blast|p2a: Skarmory
|-damage|p2a: Skarmory|61/100
|move|p2a: Skarmory|Roost|p2a: Skarmory
|-heal|p2a: Skarmory|100/100
|-singleturn|p2a: Skarmory|move: Roost
|
|-weather|Sandstorm|[upkeep]
|-end|p2a: Skarmory|Encore
|upkeep
|turn|33
|
|t:|1731389114
|switch|p2a: Terrakion|Terrakion, shiny|91/100
|move|p1a: Alakazam|Encore||[still]
|-fail|p1a: Alakazam
|
|-weather|Sandstorm|[upkeep]
|upkeep
|turn|34
|
|t:|1731389117
|switch|p2a: Skarmory|Skarmory, F|100/100
|move|p1a: Alakazam|Psyshock|p2a: Skarmory
|-resisted|p2a: Skarmory
|-damage|p2a: Skarmory|83/100
|
|-weather|Sandstorm|[upkeep]
|upkeep
|turn|35
|
|t:|1731389121
|switch|p1a: Terrakion|Terrakion|100/100
|switch|p2a: Terrakion|Terrakion, shiny|91/100
|
|-weather|Sandstorm|[upkeep]
|upkeep
|turn|36
|
|t:|1731389124
|switch|p2a: Skarmory|Skarmory, F|83/100
|move|p1a: Terrakion|Close Combat|p2a: Skarmory
|-damage|p2a: Skarmory|34/100
|-unboost|p1a: Terrakion|def|1
|-unboost|p1a: Terrakion|spd|1
|
|-weather|Sandstorm|[upkeep]
|upkeep
|turn|37
|-message|night bliz forfeited.
|
|win|killerfishsandiego
|raw|killerfishsandiego's rating: 1551 &rarr; <strong>1562</strong><br />(+11 for winning)
|raw|night bliz's rating: 1379 &rarr; <strong>1368</strong><br />(-11 for losing)
|l|☆night bliz
|player|p2|
