|j|☆el janitor
|j|☆Stone Cold Sunner
|t:|1728255816
|gametype|singles
|player|p1|el janitor|2|1375
|player|p2|Stone Cold Sunner|170|1364
|teamsize|p1|6
|teamsize|p2|6
|gen|5
|tier|[Gen 5] OU
|rated|
|rule|Species Clause: Limit one of each Pokémon
|rule|OHKO Clause: OHKO moves are banned
|rule|Moody Clause: Moody is banned
|rule|Evasion Items Clause: Evasion items are banned
|rule|Evasion Moves Clause: Evasion moves are banned
|rule|Endless Battle Clause: Forcing endless battles is banned
|rule|HP Percentage Mod: HP is shown in percentages
|rule|Evasion Abilities Clause: Evasion abilities are banned
|rule|Sleep Moves Clause: Sleep-inducing moves are banned
|rule|Swagger Clause: Swagger is banned
|rule|Baton Pass Stat Clause: No Baton Passer may have a way to boost its stats
|clearpoke
|poke|p1|Politoed, F|item
|poke|p1|Landorus-Therian, M|item
|poke|p1|Tentacruel, M|item
|poke|p1|Toxicroak, M|item
|poke|p1|Tornadus, M|item
|poke|p1|Ferrothorn, F|item
|poke|p2|Azelf|item
|poke|p2|Starmie|item
|poke|p2|Gyarados, F|item
|poke|p2|Tornadus, M|item
|poke|p2|Dragonite, F|item
|poke|p2|Politoed, M|item
|teampreview
|inactive|Battle timer is ON: inactive players will automatically lose when time's up. (requested by el janitor)
|
|t:|1728255833
|start
|switch|p1a: Ferrothorn|Ferrothorn, F|100/100
|switch|p2a: Politoed|Politoed, M|100/100
|-weather|RainDance|[from] ability: Drizzle|[of] p2a: Politoed
|turn|1
|
|t:|1728255839
|move|p2a: Politoed|Focus Blast|p1a: Ferrothorn
|-supereffective|p1a: Ferrothorn
|-damage|p1a: Ferrothorn|34/100
|move|p1a: Ferrothorn|Stealth Rock|p2a: Politoed
|-sidestart|p2: Stone Cold Sunner|move: Stealth Rock
|
|-weather|RainDance|[upkeep]
|-heal|p1a: Ferrothorn|40/100|[from] item: Leftovers
|upkeep
|turn|2
|
|t:|1728255849
|switch|p1a: Tentacruel|Tentacruel, M|100/100
|move|p2a: Politoed|Focus Blast|p1a: Tentacruel
|-resisted|p1a: Tentacruel
|-damage|p1a: Tentacruel|84/100
|
|-weather|RainDance|[upkeep]
|-heal|p1a: Tentacruel|90/100|[from] ability: Rain Dish
|-heal|p1a: Tentacruel|96/100|[from] item: Black Sludge
|upkeep
|turn|3
|
|t:|1728255856
|switch|p2a: Starmie|Starmie|100/100
|-damage|p2a: Starmie|88/100|[from] Stealth Rock
|move|p1a: Tentacruel|Toxic Spikes|p2a: Starmie
|-sidestart|p2: Stone Cold Sunner|move: Toxic Spikes
|
|-weather|RainDance|[upkeep]
|-heal|p1a: Tentacruel|100/100|[from] ability: Rain Dish
|upkeep
|turn|4
|
|t:|1728255862
|move|p1a: Tentacruel|Protect|p1a: Tentacruel
|-singleturn|p1a: Tentacruel|Protect
|move|p2a: Starmie|Rapid Spin|p1a: Tentacruel
|-activate|p1a: Tentacruel|move: Protect
|
|-weather|RainDance|[upkeep]
|upkeep
|turn|5
|
|t:|1728255875
|switch|p1a: Landorus|Landorus-Therian, M|100/100
|-ability|p1a: Landorus|Intimidate|boost
|-unboost|p2a: Starmie|atk|1
|move|p2a: Starmie|Thunder|p1a: Landorus
|-immune|p1a: Landorus
|
|-weather|RainDance|[upkeep]
|upkeep
|turn|6
|
|t:|1728255880
|switch|p2a: Gyarados|Gyarados, F|100/100
|-damage|p2a: Gyarados|76/100|[from] Stealth Rock
|move|p1a: Landorus|U-turn|p2a: Gyarados
|-resisted|p2a: Gyarados
|-damage|p2a: Gyarados|61/100
|
|t:|1728255884
|switch|p1a: Tornadus|Tornadus, M|100/100|[from] U-turn
|
|-weather|RainDance|[upkeep]
|-heal|p2a: Gyarados|67/100|[from] item: Leftovers
|upkeep
|turn|7
|
|t:|1728255891
|switch|p2a: Politoed|Politoed, M|100/100
|-damage|p2a: Politoed|88/100|[from] Stealth Rock
|-status|p2a: Politoed|psn
|move|p1a: Tornadus|Hurricane|p2a: Politoed
|-damage|p2a: Politoed|0 fnt
|faint|p2a: Politoed
|
|-weather|RainDance|[upkeep]
|upkeep
|
|t:|1728255893
|switch|p2a: Starmie|Starmie|88/100
|-damage|p2a: Starmie|76/100|[from] Stealth Rock
|-status|p2a: Starmie|psn
|turn|8
|
|t:|1728255901
|switch|p1a: Ferrothorn|Ferrothorn, F|40/100
|move|p2a: Starmie|Rapid Spin|p1a: Ferrothorn
|-resisted|p1a: Ferrothorn
|-damage|p1a: Ferrothorn|39/100
|-damage|p2a: Starmie|64/100 psn|[from] ability: Iron Barbs|[of] p1a: Ferrothorn
|-sideend|p2: Stone Cold Sunner|Toxic Spikes|[from] move: Rapid Spin|[of] p2a: Starmie
|-sideend|p2: Stone Cold Sunner|Stealth Rock|[from] move: Rapid Spin|[of] p2a: Starmie
|-damage|p2a: Starmie|54/100 psn|[from] item: Life Orb
|
|-weather|RainDance|[upkeep]
|-heal|p1a: Ferrothorn|45/100|[from] item: Leftovers
|-damage|p2a: Starmie|41/100 psn|[from] psn
|upkeep
|turn|9
|
|t:|1728255910
|-curestatus|p2a: Starmie|psn|[from] ability: Natural Cure
|switch|p2a: Tornadus|Tornadus, M|100/100
|switch|p1a: Politoed|Politoed, F|100/100
|
|-weather|RainDance|[upkeep]
|upkeep
|turn|10
|
|t:|1728255915
|move|p2a: Tornadus|Protect|p2a: Tornadus
|-singleturn|p2a: Tornadus|Protect
|move|p1a: Politoed|Scald|p2a: Tornadus
|-activate|p2a: Tornadus|move: Protect
|
|-weather|RainDance|[upkeep]
|upkeep
|turn|11
|
|t:|1728255920
|switch|p2a: Dragonite|Dragonite, F|100/100
|move|p1a: Politoed|Scald|p2a: Dragonite
|-resisted|p2a: Dragonite
|-damage|p2a: Dragonite|91/100
|-status|p2a: Dragonite|brn
|
|-weather|RainDance|[upkeep]
|-damage|p2a: Dragonite|79/100 brn|[from] brn
|upkeep
|turn|12
|
|t:|1728255926
|move|p1a: Politoed|Protect|p1a: Politoed
|-singleturn|p1a: Politoed|Protect
|move|p2a: Dragonite|Hurricane|p1a: Politoed
|-activate|p1a: Politoed|move: Protect
|
|-weather|RainDance|[upkeep]
|-damage|p2a: Dragonite|66/100 brn|[from] brn
|upkeep
|turn|13
|
|t:|1728255942
|move|p2a: Dragonite|Hurricane|p1a: Politoed
|-damage|p1a: Politoed|29/100
|move|p1a: Politoed|Scald|p2a: Dragonite
|-resisted|p2a: Dragonite
|-damage|p2a: Dragonite|45/100 brn
|
|-weather|RainDance|[upkeep]
|-heal|p1a: Politoed|35/100|[from] item: Leftovers
|-damage|p2a: Dragonite|33/100 brn|[from] brn
|upkeep
|turn|14
|
|t:|1728255949
|switch|p2a: Gyarados|Gyarados, F|67/100
|move|p1a: Politoed|Scald|p2a: Gyarados
|-resisted|p2a: Gyarados
|-damage|p2a: Gyarados|47/100
|
|-weather|RainDance|[upkeep]
|-heal|p2a: Gyarados|53/100|[from] item: Leftovers
|-heal|p1a: Politoed|41/100|[from] item: Leftovers
|upkeep
|turn|15
|
|t:|1728255952
|move|p2a: Gyarados|Substitute|p2a: Gyarados
|-start|p2a: Gyarados|Substitute
|-damage|p2a: Gyarados|28/100
|move|p1a: Politoed|Scald|p2a: Gyarados
|-resisted|p2a: Gyarados
|-activate|p2a: Gyarados|Substitute|[damage]
|
|-weather|RainDance|[upkeep]
|-heal|p2a: Gyarados|34/100|[from] item: Leftovers
|-heal|p1a: Politoed|47/100|[from] item: Leftovers
|upkeep
|turn|16
|
|t:|1728255959
|move|p2a: Gyarados|Dragon Dance|p2a: Gyarados
|-boost|p2a: Gyarados|atk|1
|-boost|p2a: Gyarados|spe|1
|move|p1a: Politoed|Encore|p2a: Gyarados
|-start|p2a: Gyarados|Encore
|
|-weather|RainDance|[upkeep]
|-heal|p2a: Gyarados|40/100|[from] item: Leftovers
|-heal|p1a: Politoed|54/100|[from] item: Leftovers
|upkeep
|turn|17
|
|t:|1728255976
|switch|p2a: Azelf|Azelf|100/100
|move|p1a: Politoed|Scald|p2a: Azelf
|-damage|p2a: Azelf|44/100
|-status|p2a: Azelf|brn
|
|-weather|RainDance|[upkeep]
|-heal|p1a: Politoed|60/100|[from] item: Leftovers
|-damage|p2a: Azelf|32/100 brn|[from] brn
|upkeep
|turn|18
|
|t:|1728255983
|switch|p1a: Ferrothorn|Ferrothorn, F|45/100
|move|p2a: Azelf|Taunt|p1a: Ferrothorn
|-start|p1a: Ferrothorn|move: Taunt
|
|-weather|RainDance|[upkeep]
|-heal|p1a: Ferrothorn|52/100|[from] item: Leftovers
|-damage|p2a: Azelf|20/100 brn|[from] brn
|upkeep
|turn|19
|
|t:|1728255996
|move|p2a: Azelf|Explosion|p1a: Ferrothorn
|-resisted|p1a: Ferrothorn
|-damage|p1a: Ferrothorn|31/100
|faint|p2a: Azelf
|move|p1a: Ferrothorn|Gyro Ball|p2: Azelf|[notarget]
|-fail|p1a: Ferrothorn
|
|-weather|RainDance|[upkeep]
|-heal|p1a: Ferrothorn|37/100|[from] item: Leftovers
|upkeep
|
|t:|1728256007
|switch|p2a: Dragonite|Dragonite, F|33/100 brn
|turn|20
|
|t:|1728256010
|move|p2a: Dragonite|Hurricane|p1a: Ferrothorn
|-damage|p1a: Ferrothorn|0 fnt
|faint|p1a: Ferrothorn
|
|-weather|RainDance|[upkeep]
|-damage|p2a: Dragonite|21/100 brn|[from] brn
|upkeep
|
|t:|1728256029
|switch|p1a: Tornadus|Tornadus, M|100/100
|turn|21
|
|t:|1728256038
|move|p1a: Tornadus|Hurricane|p2a: Dragonite
|-damage|p2a: Dragonite|0 fnt
|faint|p2a: Dragonite
|
|-weather|RainDance|[upkeep]
|upkeep
|
|t:|1728256039
|switch|p2a: Starmie|Starmie|41/100
|turn|22
|
|t:|1728256049
|switch|p1a: Politoed|Politoed, F|60/100
|move|p2a: Starmie|Ice Beam|p1a: Politoed
|-resisted|p1a: Politoed
|-damage|p1a: Politoed|44/100
|-damage|p2a: Starmie|32/100|[from] item: Life Orb
|
|-weather|RainDance|[upkeep]
|-heal|p1a: Politoed|50/100|[from] item: Leftovers
|upkeep
|turn|23
|
|t:|1728256063
|move|p2a: Starmie|Thunder|p1a: Politoed
|-supereffective|p1a: Politoed
|-damage|p1a: Politoed|0 fnt
|faint|p1a: Politoed
|-damage|p2a: Starmie|22/100|[from] item: Life Orb
|
|-weather|RainDance|[upkeep]
|upkeep
|
|t:|1728256065
|switch|p1a: Landorus|Landorus-Therian, M|100/100
|-ability|p1a: Landorus|Intimidate|boost
|-unboost|p2a: Starmie|atk|1
|turn|24
|
|t:|1728256074
|switch|p2a: Gyarados|Gyarados, F|40/100
|move|p1a: Landorus|U-turn|p2a: Gyarados
|-resisted|p2a: Gyarados
|-damage|p2a: Gyarados|24/100
|
|t:|1728256080
|switch|p1a: Tornadus|Tornadus, M|100/100|[from] U-turn
|
|-weather|RainDance|[upkeep]
|-heal|p2a: Gyarados|30/100|[from] item: Leftovers
|upkeep
|turn|25
|
|t:|1728256082
|move|p1a: Tornadus|Hurricane|p2a: Gyarados
|-damage|p2a: Gyarados|0 fnt
|faint|p2a: Gyarados
|
|-weather|RainDance|[upkeep]
|upkeep
|
|t:|1728256087
|switch|p2a: Starmie|Starmie|22/100
|turn|26
|
|t:|1728256092
|switch|p1a: Toxicroak|Toxicroak, M|100/100
|move|p2a: Starmie|Thunder|p1a: Toxicroak
|-damage|p1a: Toxicroak|31/100
|-damage|p2a: Starmie|12/100|[from] item: Life Orb
|
|-weather|RainDance|[upkeep]
|-heal|p1a: Toxicroak|44/100|[from] ability: Dry Skin
|upkeep
|turn|27
|
|t:|1728256097
|move|p1a: Toxicroak|Sucker Punch|p2a: Starmie
|-supereffective|p2a: Starmie
|-damage|p2a: Starmie|0 fnt
|faint|p2a: Starmie
|-damage|p1a: Toxicroak|34/100|[from] item: Life Orb
|
|-weather|RainDance|[upkeep]
|-heal|p1a: Toxicroak|46/100|[from] ability: Dry Skin
|upkeep
|
|t:|1728256098
|switch|p2a: Tornadus|Tornadus, M|100/100
|turn|28
|
|t:|1728256101
|move|p2a: Tornadus|Substitute|p2a: Tornadus
|-start|p2a: Tornadus|Substitute
|-damage|p2a: Tornadus|76/100
|move|p1a: Toxicroak|Drain Punch|p2a: Tornadus
|-resisted|p2a: Tornadus
|-crit|p2a: Tornadus
|-end|p2a: Tornadus|Substitute
|-heal|p1a: Toxicroak|58/100|[from] drain|[of] p2a: Tornadus
|-damage|p1a: Toxicroak|49/100|[from] item: Life Orb
|
|-weather|RainDance|[upkeep]
|-heal|p1a: Toxicroak|61/100|[from] ability: Dry Skin
|-heal|p2a: Tornadus|82/100|[from] item: Leftovers
|upkeep
|turn|29
|
|t:|1728256111
|move|p2a: Tornadus|Protect|p2a: Tornadus
|-singleturn|p2a: Tornadus|Protect
|move|p1a: Toxicroak|Substitute|p1a: Toxicroak
|-start|p1a: Toxicroak|Substitute
|-damage|p1a: Toxicroak|36/100
|
|-weather|RainDance|[upkeep]
|-heal|p1a: Toxicroak|49/100|[from] ability: Dry Skin
|-heal|p2a: Tornadus|88/100|[from] item: Leftovers
|upkeep
|turn|30
|-message|Stone Cold Sunner forfeited.
|
|win|el janitor
|raw|el janitor's rating: 1375 &rarr; <strong>1394</strong><br />(+19 for winning)
|raw|Stone Cold Sunner's rating: 1364 &rarr; <strong>1345</strong><br />(-19 for losing)
|l|☆Stone Cold Sunner
|player|p2|
|l|☆el janitor
|player|p1|
|j|☆el janitor
|player|p1|el janitor|2|
