|j|☆killerfishsandiego
|j|☆seaohtwo
|t:|1730838302
|gametype|singles
|player|p1|killerfishsandiego|1|1460
|player|p2|seaohtwo|burglar-gen1rb|1311
|teamsize|p1|6
|teamsize|p2|6
|gen|5
|tier|[Gen 5] OU
|rated|
|rule|Species Clause: Limit one of each Pokémon
|rule|OHKO Clause: OHKO moves are banned
|rule|Moody Clause: Moody is banned
|rule|Evasion Items Clause: Evasion items are banned
|rule|Evasion Moves Clause: Evasion moves are banned
|rule|Endless Battle Clause: Forcing endless battles is banned
|rule|HP Percentage Mod: HP is shown in percentages
|rule|Evasion Abilities Clause: Evasion abilities are banned
|rule|Sleep Moves Clause: Sleep-inducing moves are banned
|rule|Swagger Clause: Swagger is banned
|rule|Baton Pass Stat Clause: No Baton Passer may have a way to boost its stats
|clearpoke
|poke|p1|Tyranitar, F|item
|poke|p1|Rotom-Heat|item
|poke|p1|Terrakion|item
|poke|p1|Alakazam, F|item
|poke|p1|Jellicent, M|item
|poke|p1|Forretress, L99, F|item
|poke|p2|Terrakion|item
|poke|p2|Rotom-Wash|item
|poke|p2|Starmie|item
|poke|p2|Dragonite, M|item
|poke|p2|Scizor, F|item
|poke|p2|Breloom, M|item
|teampreview
|inactive|Battle timer is ON: inactive players will automatically lose when time's up. (requested by seaohtwo)
|inactive|killerfishsandiego has 120 seconds left.
|
|t:|1730838346
|start
|switch|p1a: Forretress|Forretress, L99, F|100/100
|switch|p2a: Terrakion|Terrakion|100/100
|turn|1
|
|t:|1730838358
|move|p2a: Terrakion|Taunt|p1a: Forretress
|-start|p1a: Forretress|move: Taunt
|move|p1a: Forretress|Volt Switch|p2a: Terrakion
|-damage|p2a: Terrakion|89/100
|
|t:|1730838362
|switch|p1a: Jellicent|Jellicent, M|100/100|[from] Volt Switch
|-item|p1a: Jellicent|Air Balloon
|
|upkeep
|turn|2
|
|t:|1730838368
|move|p1a: Jellicent|Magic Coat|p1a: Jellicent
|-singleturn|p1a: Jellicent|move: Magic Coat
|move|p2a: Terrakion|Stealth Rock|p1a: Jellicent
|move|p1a: Jellicent|Stealth Rock|p2a: Terrakion|[from]Magic Coat
|-sidestart|p2: seaohtwo|move: Stealth Rock
|
|upkeep
|turn|3
|
|t:|1730838390
|move|p2a: Terrakion|Stealth Rock|p1a: Jellicent
|-sidestart|p1: killerfishsandiego|move: Stealth Rock
|move|p1a: Jellicent|Hydro Pump|p2a: Terrakion
|-supereffective|p2a: Terrakion
|-damage|p2a: Terrakion|0 fnt
|faint|p2a: Terrakion
|
|upkeep
|
|t:|1730838398
|switch|p2a: Starmie|Starmie|100/100
|-damage|p2a: Starmie|88/100|[from] Stealth Rock
|-item|p2a: Starmie|Air Balloon
|turn|4
|
|t:|1730838403
|move|p2a: Starmie|Thunderbolt|p1a: Jellicent
|-supereffective|p1a: Jellicent
|-crit|p1a: Jellicent
|-damage|p1a: Jellicent|0 fnt
|-enditem|p1a: Jellicent|Air Balloon
|faint|p1a: Jellicent
|
|upkeep
|c|☆killerfishsandiego|Ofc
|c|☆killerfishsandiego|wow
|c|☆killerfishsandiego|ofc
|inactive|killerfishsandiego has 120 seconds left.
|
|t:|1730838441
|switch|p1a: Forretress|Forretress, L99, F|100/100
|-damage|p1a: Forretress|88/100|[from] Stealth Rock
|turn|5
|
|t:|1730838447
|move|p2a: Starmie|Rapid Spin|p1a: Forretress
|-resisted|p1a: Forretress
|-damage|p1a: Forretress|87/100
|-sideend|p2: seaohtwo|Stealth Rock|[from] move: Rapid Spin|[of] p2a: Starmie
|move|p1a: Forretress|Rapid Spin|p2a: Starmie
|-damage|p2a: Starmie|82/100
|-enditem|p2a: Starmie|Air Balloon
|-sideend|p1: killerfishsandiego|Stealth Rock|[from] move: Rapid Spin|[of] p1a: Forretress
|
|upkeep
|turn|6
|
|t:|1730838454
|move|p2a: Starmie|Surf|p1a: Forretress
|-damage|p1a: Forretress|40/100
|move|p1a: Forretress|Volt Switch|p2a: Starmie
|-supereffective|p2a: Starmie
|-damage|p2a: Starmie|50/100
|
|t:|1730838461
|switch|p1a: Tyranitar|Tyranitar, F|100/100|[from] Volt Switch
|-weather|Sandstorm|[from] ability: Sand Stream|[of] p1a: Tyranitar
|
|-weather|Sandstorm|[upkeep]
|-damage|p2a: Starmie|43/100|[from] Sandstorm
|upkeep
|turn|7
|
|t:|1730838470
|move|p2a: Starmie|Surf|p1a: Tyranitar
|-supereffective|p1a: Tyranitar
|-damage|p1a: Tyranitar|57/100
|move|p1a: Tyranitar|Crunch|p2a: Starmie
|-supereffective|p2a: Starmie
|-damage|p2a: Starmie|0 fnt
|faint|p2a: Starmie
|
|-weather|Sandstorm|[upkeep]
|upkeep
|
|t:|1730838478
|switch|p2a: Breloom|Breloom, M|100/100
|turn|8
|
|t:|1730838492
|switch|p1a: Forretress|Forretress, L99, F|40/100
|move|p2a: Breloom|Bullet Seed|p1a: Forretress
|-resisted|p1a: Forretress
|-damage|p1a: Forretress|37/100
|-resisted|p1a: Forretress
|-damage|p1a: Forretress|33/100
|-resisted|p1a: Forretress
|-damage|p1a: Forretress|29/100
|-hitcount|p1a: Forretress|3
|
|-weather|Sandstorm|[upkeep]
|-damage|p2a: Breloom|94/100|[from] Sandstorm
|upkeep
|turn|9
|
|t:|1730838504
|switch|p2a: Rotom|Rotom-Wash|100/100
|move|p1a: Forretress|Stealth Rock|p2a: Rotom
|-sidestart|p2: seaohtwo|move: Stealth Rock
|
|-weather|Sandstorm|[upkeep]
|-damage|p2a: Rotom|94/100|[from] Sandstorm
|-heal|p2a: Rotom|100/100|[from] item: Leftovers
|upkeep
|turn|10
|
|t:|1730838511
|move|p2a: Rotom|Will-O-Wisp|p1a: Forretress
|-status|p1a: Forretress|brn
|move|p1a: Forretress|Spikes|p2a: Rotom
|-sidestart|p2: seaohtwo|Spikes
|
|-weather|Sandstorm|[upkeep]
|-damage|p2a: Rotom|94/100|[from] Sandstorm
|-heal|p2a: Rotom|100/100|[from] item: Leftovers
|-damage|p1a: Forretress|17/100 brn|[from] brn
|upkeep
|turn|11
|-enditem|p1a: Forretress|Custap Berry|[eat]
|-activate|p1a: Forretress|item: Custap Berry|[consumed]
|
|t:|1730838522
|move|p1a: Forretress|Spikes|p2a: Rotom
|-sidestart|p2: seaohtwo|Spikes
|move|p2a: Rotom|Volt Switch|p1a: Forretress
|-damage|p1a: Forretress|0 fnt
|faint|p1a: Forretress
|
|t:|1730838533
|switch|p2a: Dragonite|Dragonite, M, shiny|100/100|[from] Volt Switch
|-damage|p2a: Dragonite|76/100|[from] Stealth Rock
|
|-weather|Sandstorm|[upkeep]
|-damage|p2a: Dragonite|70/100|[from] Sandstorm
|upkeep
|
|t:|1730838546
|switch|p1a: Terrakion|Terrakion|100/100
|turn|12
|inactive|killerfishsandiego has 120 seconds left.
|inactive|killerfishsandiego has 90 seconds left.
|
|t:|1730838608
|move|p1a: Terrakion|Stone Edge|p2a: Dragonite
|-supereffective|p2a: Dragonite
|-damage|p2a: Dragonite|0 fnt
|faint|p2a: Dragonite
|
|-weather|Sandstorm|[upkeep]
|upkeep
|
|t:|1730838615
|switch|p2a: Breloom|Breloom, M|94/100
|-damage|p2a: Breloom|88/100|[from] Stealth Rock
|-damage|p2a: Breloom|72/100|[from] Spikes
|turn|13
|
|t:|1730838622
|switch|p1a: Tyranitar|Tyranitar, F|57/100
|move|p2a: Breloom|Bullet Seed|p1a: Tyranitar
|-supereffective|p1a: Tyranitar
|-damage|p1a: Tyranitar|24/100
|-supereffective|p1a: Tyranitar
|-damage|p1a: Tyranitar|0 fnt
|faint|p1a: Tyranitar
|-hitcount|p1: Tyranitar|2
|
|-weather|Sandstorm|[upkeep]
|-damage|p2a: Breloom|66/100|[from] Sandstorm
|upkeep
|
|t:|1730838626
|switch|p1a: Rotom|Rotom-Heat|100/100
|turn|14
|j| CertamenMeum
|
|t:|1730838633
|move|p2a: Breloom|Bullet Seed|p1a: Rotom
|-resisted|p1a: Rotom
|-damage|p1a: Rotom|89/100
|-resisted|p1a: Rotom
|-damage|p1a: Rotom|76/100
|-hitcount|p1a: Rotom|2
|move|p1a: Rotom|Overheat|p2a: Breloom
|-supereffective|p2a: Breloom
|-crit|p2a: Breloom
|-damage|p2a: Breloom|0 fnt
|-unboost|p1a: Rotom|spa|2
|faint|p2a: Breloom
|
|-weather|Sandstorm|[upkeep]
|-damage|p1a: Rotom|70/100|[from] Sandstorm
|-heal|p1a: Rotom|76/100|[from] item: Leftovers
|upkeep
|
|t:|1730838645
|switch|p2a: Rotom|Rotom-Wash|100/100
|-damage|p2a: Rotom|88/100|[from] Stealth Rock
|turn|15
|
|t:|1730838649
|switch|p1a: Alakazam|Alakazam, F|100/100
|move|p2a: Rotom|Hydro Pump|p1a: Alakazam|[miss]
|-miss|p2a: Rotom|p1a: Alakazam
|
|-weather|Sandstorm|[upkeep]
|-damage|p2a: Rotom|82/100|[from] Sandstorm
|-heal|p2a: Rotom|88/100|[from] item: Leftovers
|upkeep
|turn|16
|
|t:|1730838658
|move|p1a: Alakazam|Psyshock|p2a: Rotom
|-damage|p2a: Rotom|52/100
|move|p2a: Rotom|Will-O-Wisp|p1a: Alakazam
|-status|p1a: Alakazam|brn
|
|-weather|Sandstorm|[upkeep]
|-damage|p2a: Rotom|46/100|[from] Sandstorm
|-heal|p2a: Rotom|52/100|[from] item: Leftovers
|upkeep
|turn|17
|
|t:|1730838667
|move|p1a: Alakazam|Psyshock|p2a: Rotom
|-damage|p2a: Rotom|20/100
|move|p2a: Rotom|Hydro Pump|p1a: Alakazam
|-damage|p1a: Alakazam|37/100 brn
|
|-weather|Sandstorm|[upkeep]
|-damage|p2a: Rotom|13/100|[from] Sandstorm
|-heal|p2a: Rotom|20/100|[from] item: Leftovers
|upkeep
|turn|18
|
|t:|1730838675
|move|p1a: Alakazam|Psyshock|p2a: Rotom
|-damage|p2a: Rotom|0 fnt
|faint|p2a: Rotom
|
|-weather|Sandstorm|[upkeep]
|upkeep
|
|t:|1730838680
|switch|p2a: Scizor|Scizor, F, shiny|100/100
|-damage|p2a: Scizor|88/100|[from] Stealth Rock
|-damage|p2a: Scizor|72/100|[from] Spikes
|turn|19
|
|t:|1730838685
|move|p2a: Scizor|Bullet Punch|p1a: Alakazam
|-damage|p1a: Alakazam|0 fnt
|faint|p1a: Alakazam
|-damage|p2a: Scizor|62/100|[from] item: Life Orb
|
|-weather|Sandstorm|[upkeep]
|upkeep
|
|t:|1730838689
|switch|p1a: Rotom|Rotom-Heat|76/100
|turn|20
|
|t:|1730838696
|move|p2a: Scizor|Bullet Punch|p1a: Rotom
|-resisted|p1a: Rotom
|-damage|p1a: Rotom|64/100
|-damage|p2a: Scizor|52/100|[from] item: Life Orb
|move|p1a: Rotom|Volt Switch|p2a: Scizor
|-crit|p2a: Scizor
|-damage|p2a: Scizor|0 fnt
|faint|p2a: Scizor
|
|win|killerfishsandiego
|raw|killerfishsandiego's rating: 1460 &rarr; <strong>1472</strong><br />(+12 for winning)
|raw|seaohtwo's rating: 1311 &rarr; <strong>1299</strong><br />(-12 for losing)
|l|☆seaohtwo
|player|p2|
