|uhtml|medal-msg|<div class="broadcast-blue">Curious what those medals under the avatar are? PS now has Ladder Seasons! For more information, check out the <a href="https://www.smogon.com/forums/threads/3740067/">thread on Smogon.</a></div>
|uhtml|medal-msg|<div class="broadcast-blue">Curious what those medals under the avatar are? PS now has Ladder Seasons! For more information, check out the <a href="https://www.smogon.com/forums/threads/3740067/">thread on Smogon.</a></div>
|j|☆Dozkek
|j|☆Boizeroni
|t:|1713372929
|gametype|singles
|player|p1|Dozkek|adaman|1360
|player|p2|Boizeroni|266|1401
|teamsize|p1|6
|teamsize|p2|6
|gen|5
|tier|[Gen 5] OU
|rated|
|rule|Species Clause: Limit one of each Pokémon
|rule|OHKO Clause: OHKO moves are banned
|rule|Moody Clause: Moody is banned
|rule|Evasion Items Clause: Evasion items are banned
|rule|Evasion Moves Clause: Evasion moves are banned
|rule|Endless Battle Clause: Forcing endless battles is banned
|rule|HP Percentage Mod: HP is shown in percentages
|rule|Evasion Abilities Clause: Evasion abilities are banned
|rule|Sleep Moves Clause: Sleep-inducing moves are banned
|rule|Swagger Clause: Swagger is banned
|rule|Baton Pass Stat Clause: No Baton Passer may have a way to boost its stats
|clearpoke
|poke|p1|Politoed, M|item
|poke|p1|Tentacruel, F|item
|poke|p1|Ferrothorn, M|item
|poke|p1|Keldeo-Resolute|item
|poke|p1|Thundurus-Therian, M|item
|poke|p1|Latios, M|item
|poke|p2|Espeon, F|item
|poke|p2|Darmanitan, M|item
|poke|p2|Latios, M|item
|poke|p2|Alakazam, M|item
|poke|p2|Scizor, M|item
|poke|p2|Dugtrio, F|item
|teampreview
|inactive|Battle timer is ON: inactive players will automatically lose when time's up. (requested by Dozkek)
|c|☆Dozkek|Hf
|
|t:|1713372940
|start
|switch|p1a: Politoed|Politoed, M|100/100
|switch|p2a: Latios|Latios, M|100/100
|-weather|RainDance|[from] ability: Drizzle|[of] p1a: Politoed
|turn|1
|
|t:|1713372952
|move|p1a: Politoed|Protect|p1a: Politoed
|-singleturn|p1a: Politoed|Protect
|move|p2a: Latios|Thunder|p1a: Politoed
|-activate|p1a: Politoed|move: Protect
|
|-weather|RainDance|[upkeep]
|upkeep
|turn|2
|
|t:|1713372974
|switch|p1a: Ferrothorn|Ferrothorn, M|100/100
|move|p2a: Latios|Thunder|p1a: Ferrothorn
|-resisted|p1a: Ferrothorn
|-damage|p1a: Ferrothorn|84/100
|-damage|p2a: Latios|91/100|[from] item: Life Orb
|
|-weather|RainDance|[upkeep]
|-heal|p1a: Ferrothorn|91/100|[from] item: Leftovers
|upkeep
|turn|3
|
|t:|1713372983
|switch|p2a: Espeon|Espeon, F|100/100
|move|p1a: Ferrothorn|Stealth Rock|p2a: Espeon
|move|p2a: Espeon|Stealth Rock|p1a: Ferrothorn|[from]ability: Magic Bounce
|-sidestart|p1: Dozkek|move: Stealth Rock
|
|-weather|RainDance|[upkeep]
|-heal|p1a: Ferrothorn|97/100|[from] item: Leftovers
|upkeep
|turn|4
|
|t:|1713372985
|move|p2a: Espeon|Hidden Power|p1a: Ferrothorn
|-supereffective|p1a: Ferrothorn
|-damage|p1a: Ferrothorn|68/100
|move|p1a: Ferrothorn|Stealth Rock|p2a: Espeon
|move|p2a: Espeon|Stealth Rock||[from]ability: Magic Bounce|[still]
|-fail|p2a: Espeon
|
|-weather|RainDance|[upkeep]
|-heal|p1a: Ferrothorn|75/100|[from] item: Leftovers
|upkeep
|turn|5
|
|t:|1713372988
|move|p2a: Espeon|Hidden Power|p1a: Ferrothorn
|-supereffective|p1a: Ferrothorn
|-damage|p1a: Ferrothorn|46/100
|move|p1a: Ferrothorn|Stealth Rock|p2a: Espeon
|move|p2a: Espeon|Stealth Rock||[from]ability: Magic Bounce|[still]
|-fail|p2a: Espeon
|
|-weather|RainDance|[upkeep]
|-heal|p1a: Ferrothorn|52/100|[from] item: Leftovers
|upkeep
|turn|6
|
|t:|1713372992
|move|p2a: Espeon|Hidden Power|p1a: Ferrothorn
|-supereffective|p1a: Ferrothorn
|-damage|p1a: Ferrothorn|24/100
|move|p1a: Ferrothorn|Knock Off|p2a: Espeon
|-supereffective|p2a: Espeon
|-damage|p2a: Espeon|83/100
|-enditem|p2a: Espeon|Focus Sash|[from] move: Knock Off|[of] p1a: Ferrothorn
|
|-weather|RainDance|[upkeep]
|-heal|p1a: Ferrothorn|30/100|[from] item: Leftovers
|upkeep
|turn|7
|c|☆Dozkek|I did not click rocks that many times
|c|☆Dozkek|Wtf
|inactive|Dozkek has 120 seconds left.
|
|t:|1713373038
|switch|p1a: Latios|Latios, M|100/100
|-damage|p1a: Latios|88/100|[from] Stealth Rock
|move|p2a: Espeon|Hidden Power|p1a: Latios
|-resisted|p1a: Latios
|-damage|p1a: Latios|82/100
|
|-weather|RainDance|[upkeep]
|upkeep
|turn|8
|
|t:|1713373056
|switch|p2a: Dugtrio|Dugtrio, F|100/100
|move|p1a: Latios|Surf|p2a: Dugtrio
|-supereffective|p2a: Dugtrio
|-enditem|p2a: Dugtrio|Focus Sash
|-damage|p2a: Dugtrio|1/100
|
|-weather|RainDance|[upkeep]
|upkeep
|turn|9
|inactive|Dozkek has 90 seconds left.
|
|t:|1713373079
|move|p2a: Dugtrio|Sucker Punch|p1a: Latios
|-supereffective|p1a: Latios
|-damage|p1a: Latios|21/100
|move|p1a: Latios|Surf|p2a: Dugtrio
|-supereffective|p2a: Dugtrio
|-damage|p2a: Dugtrio|0 fnt
|faint|p2a: Dugtrio
|
|-weather|RainDance|[upkeep]
|upkeep
|
|t:|1713373083
|switch|p2a: Scizor|Scizor, M|100/100
|turn|10
|inactive|Dozkek has 90 seconds left.
|
|t:|1713373099
|move|p2a: Scizor|Bullet Punch|p1a: Latios
|-crit|p1a: Latios
|-damage|p1a: Latios|0 fnt
|faint|p1a: Latios
|
|-weather|RainDance|[upkeep]
|upkeep
|inactive|Dozkek has 90 seconds left.
|
|t:|1713373109
|switch|p1a: Tentacruel|Tentacruel, F|100/100
|-damage|p1a: Tentacruel|88/100|[from] Stealth Rock
|turn|11
|
|t:|1713373115
|switch|p2a: Espeon|Espeon, F|83/100
|move|p1a: Tentacruel|Scald|p2a: Espeon
|-damage|p2a: Espeon|38/100
|
|-weather|RainDance|[upkeep]
|-heal|p1a: Tentacruel|94/100|[from] ability: Rain Dish
|-heal|p1a: Tentacruel|99/100|[from] item: Black Sludge
|upkeep
|turn|12
|
|t:|1713373129
|move|p2a: Espeon|Psychic|p1a: Tentacruel
|-supereffective|p1a: Tentacruel
|-crit|p1a: Tentacruel
|-damage|p1a: Tentacruel|0 fnt
|faint|p1a: Tentacruel
|
|-weather|RainDance|[upkeep]
|upkeep
|c|☆Dozkek|Ofc
|c|☆Dozkek|:(
|c|☆Boizeroni|Brutal
|inactive|Dozkek has 90 seconds left.
|
|t:|1713373158
|switch|p1a: Politoed|Politoed, M|100/100
|-damage|p1a: Politoed|88/100|[from] Stealth Rock
|turn|13
|
|t:|1713373169
|move|p2a: Espeon|Psychic|p1a: Politoed
|-damage|p1a: Politoed|54/100
|move|p1a: Politoed|Scald|p2a: Espeon
|-damage|p2a: Espeon|0 fnt
|faint|p2a: Espeon
|
|-weather|RainDance|[upkeep]
|-heal|p1a: Politoed|60/100|[from] item: Leftovers
|upkeep
|
|t:|1713373174
|switch|p2a: Latios|Latios, M|91/100
|turn|14
|
|t:|1713373183
|move|p1a: Politoed|Protect|p1a: Politoed
|-singleturn|p1a: Politoed|Protect
|move|p2a: Latios|Thunder|p1a: Politoed
|-activate|p1a: Politoed|move: Protect
|
|-weather|RainDance|[upkeep]
|-heal|p1a: Politoed|66/100|[from] item: Leftovers
|upkeep
|turn|15
|inactive|Dozkek has 90 seconds left.
|
|t:|1713373206
|switch|p1a: Ferrothorn|Ferrothorn, M|30/100
|-damage|p1a: Ferrothorn|24/100|[from] Stealth Rock
|move|p2a: Latios|Thunder|p1a: Ferrothorn
|-resisted|p1a: Ferrothorn
|-damage|p1a: Ferrothorn|6/100
|-damage|p2a: Latios|81/100|[from] item: Life Orb
|
|-weather|RainDance|[upkeep]
|-heal|p1a: Ferrothorn|13/100|[from] item: Leftovers
|upkeep
|turn|16
|
|t:|1713373216
|move|p2a: Latios|Thunder|p1a: Ferrothorn
|-resisted|p1a: Ferrothorn
|-damage|p1a: Ferrothorn|0 fnt
|faint|p1a: Ferrothorn
|-damage|p2a: Latios|71/100|[from] item: Life Orb
|
|-weather|RainDance|[upkeep]
|upkeep
|
|t:|1713373225
|switch|p1a: Keldeo|Keldeo-Resolute|100/100
|-damage|p1a: Keldeo|94/100|[from] Stealth Rock
|turn|17
|
|t:|1713373233
|switch|p1a: Thundurus|Thundurus-Therian, M|100/100
|-damage|p1a: Thundurus|76/100|[from] Stealth Rock
|move|p2a: Latios|Thunder|p1a: Thundurus
|-heal|p1a: Thundurus|100/100|[from] ability: Volt Absorb|[of] p2a: Latios
|
|-weather|RainDance|[upkeep]
|upkeep
|turn|18
|inactive|Dozkek has 90 seconds left.
|
|t:|1713373250
|switch|p1a: Politoed|Politoed, M|66/100
|-damage|p1a: Politoed|54/100|[from] Stealth Rock
|move|p2a: Latios|Draco Meteor|p1a: Politoed
|-damage|p1a: Politoed|0 fnt
|-unboost|p2a: Latios|spa|2
|faint|p1a: Politoed
|-damage|p2a: Latios|61/100|[from] item: Life Orb
|
|-weather|RainDance|[upkeep]
|upkeep
|
|t:|1713373260
|switch|p1a: Thundurus|Thundurus-Therian, M|100/100
|-damage|p1a: Thundurus|76/100|[from] Stealth Rock
|turn|19
|
|t:|1713373271
|switch|p2a: Darmanitan|Darmanitan, M|100/100
|move|p1a: Thundurus|Substitute|p1a: Thundurus
|-start|p1a: Thundurus|Substitute
|-damage|p1a: Thundurus|51/100
|
|-weather|RainDance|[upkeep]
|-heal|p1a: Thundurus|57/100|[from] item: Leftovers
|upkeep
|turn|20
|
|t:|1713373283
|move|p2a: Darmanitan|Flare Blitz|p1a: Thundurus
|-end|p1a: Thundurus|Substitute
|-damage|p2a: Darmanitan|93/100|[from] Recoil|[of] p1a: Thundurus
|move|p1a: Thundurus|Thunder|p2a: Darmanitan
|-crit|p2a: Darmanitan
|-damage|p2a: Darmanitan|0 fnt
|faint|p2a: Darmanitan
|
|-weather|RainDance|[upkeep]
|-heal|p1a: Thundurus|63/100|[from] item: Leftovers
|upkeep
|
|t:|1713373293
|switch|p2a: Alakazam|Alakazam, M|100/100
|turn|21
|
|t:|1713373302
|move|p2a: Alakazam|Hidden Power|p1a: Thundurus
|-supereffective|p1a: Thundurus
|-crit|p1a: Thundurus
|-damage|p1a: Thundurus|0 fnt
|faint|p1a: Thundurus
|
|-weather|RainDance|[upkeep]
|upkeep
|c|☆Dozkek|Another one
|
|t:|1713373309
|switch|p1a: Keldeo|Keldeo-Resolute|94/100
|-damage|p1a: Keldeo|88/100|[from] Stealth Rock
|turn|22
|-message|Dozkek forfeited.
|
|win|Boizeroni
|raw|Dozkek's rating: 1360 &rarr; <strong>1342</strong><br />(-18 for losing)
|raw|Boizeroni's rating: 1401 &rarr; <strong>1419</strong><br />(+18 for winning)
