|j|☆Boizeroni
|j|☆daddy_days2
|t:|1746487281
|gametype|singles
|player|p1|Boizeroni|170|1357
|player|p2|daddy_days2|benga|1378
|teamsize|p1|6
|teamsize|p2|6
|gen|5
|tier|[Gen 5] OU
|rated|
|rule|Species Clause: Limit one of each Pokémon
|rule|OHKO Clause: OHKO moves are banned
|rule|Moody Clause: Moody is banned
|rule|Evasion Items Clause: Evasion items are banned
|rule|Evasion Moves Clause: Evasion moves are banned
|rule|Endless Battle Clause: Forcing endless battles is banned
|rule|HP Percentage Mod: HP is shown in percentages
|rule|Evasion Abilities Clause: Evasion abilities are banned
|rule|Sleep Moves Clause: Sleep-inducing moves are banned
|rule|Swagger Clause: Swagger is banned
|rule|Baton Pass Stat Clause: No Baton Passer may have a way to boost its stats
|clearpoke
|poke|p1|Onix, F|item
|poke|p1|Scizor, F|item
|poke|p1|Latios, M|item
|poke|p1|Espeon, F|item
|poke|p1|Darmanitan, M|item
|poke|p1|Breloom, F|item
|poke|p2|Kyurem-Black|item
|poke|p2|Garchomp, M|item
|poke|p2|Conkeldurr, F|item
|poke|p2|Starmie|item
|poke|p2|Bisharp, M|item
|poke|p2|Scyther, M|item
|teampreview
|inactive|Battle timer is ON: inactive players will automatically lose when time's up. (requested by Boizeroni)
|
|t:|1746487286
|start
|switch|p1a: Onix|Onix, F|100/100
|switch|p2a: Blade|Scyther, M|100/100
|turn|1
|
|t:|1746487293
|move|p2a: Blade|U-turn|p1a: Onix
|-damage|p1a: Onix|65/100
|
|t:|1746487296
|switch|p2a: Starlight|Starmie|100/100|[from] U-turn
|move|p1a: Onix|Stealth Rock|p2a: Starlight
|-sidestart|p2: daddy_days2|move: Stealth Rock
|
|upkeep
|turn|2
|
|t:|1746487302
|move|p2a: Starlight|Rapid Spin|p1a: Onix
|-resisted|p1a: Onix
|-damage|p1a: Onix|64/100
|-sideend|p2: daddy_days2|Stealth Rock|[from] move: Rapid Spin|[of] p2a: Starlight
|move|p1a: Onix|Stealth Rock|p2a: Starlight
|-sidestart|p2: daddy_days2|move: Stealth Rock
|
|upkeep
|turn|3
|
|t:|1746487309
|move|p2a: Starlight|Rapid Spin|p1a: Onix
|-resisted|p1a: Onix
|-damage|p1a: Onix|62/100
|-sideend|p2: daddy_days2|Stealth Rock|[from] move: Rapid Spin|[of] p2a: Starlight
|move|p1a: Onix|Stealth Rock|p2a: Starlight
|-sidestart|p2: daddy_days2|move: Stealth Rock
|
|upkeep
|turn|4
|
|t:|1746487315
|move|p2a: Starlight|Rapid Spin|p1a: Onix
|-resisted|p1a: Onix
|-damage|p1a: Onix|60/100
|-sideend|p2: daddy_days2|Stealth Rock|[from] move: Rapid Spin|[of] p2a: Starlight
|move|p1a: Onix|Stealth Rock|p2a: Starlight
|-sidestart|p2: daddy_days2|move: Stealth Rock
|
|upkeep
|turn|5
|
|t:|1746487322
|move|p2a: Starlight|Rapid Spin|p1a: Onix
|-resisted|p1a: Onix
|-damage|p1a: Onix|59/100
|-sideend|p2: daddy_days2|Stealth Rock|[from] move: Rapid Spin|[of] p2a: Starlight
|move|p1a: Onix|Stealth Rock|p2a: Starlight
|-sidestart|p2: daddy_days2|move: Stealth Rock
|
|upkeep
|turn|6
|
|t:|1746487328
|move|p2a: Starlight|Rapid Spin|p1a: Onix
|-resisted|p1a: Onix
|-damage|p1a: Onix|57/100
|-sideend|p2: daddy_days2|Stealth Rock|[from] move: Rapid Spin|[of] p2a: Starlight
|move|p1a: Onix|Stealth Rock|p2a: Starlight
|-sidestart|p2: daddy_days2|move: Stealth Rock
|
|upkeep
|turn|7
|
|t:|1746487335
|move|p2a: Starlight|Rapid Spin|p1a: Onix
|-resisted|p1a: Onix
|-damage|p1a: Onix|56/100
|-sideend|p2: daddy_days2|Stealth Rock|[from] move: Rapid Spin|[of] p2a: Starlight
|move|p1a: Onix|Stealth Rock|p2a: Starlight
|-sidestart|p2: daddy_days2|move: Stealth Rock
|
|upkeep
|turn|8
|
|t:|1746487341
|move|p2a: Starlight|Rapid Spin|p1a: Onix
|-resisted|p1a: Onix
|-damage|p1a: Onix|54/100
|-sideend|p2: daddy_days2|Stealth Rock|[from] move: Rapid Spin|[of] p2a: Starlight
|move|p1a: Onix|Stealth Rock|p2a: Starlight
|-sidestart|p2: daddy_days2|move: Stealth Rock
|
|upkeep
|turn|9
|
|t:|1746487344
|move|p2a: Starlight|Rapid Spin|p1a: Onix
|-resisted|p1a: Onix
|-damage|p1a: Onix|53/100
|-sideend|p2: daddy_days2|Stealth Rock|[from] move: Rapid Spin|[of] p2a: Starlight
|move|p1a: Onix|Stealth Rock|p2a: Starlight
|-sidestart|p2: daddy_days2|move: Stealth Rock
|
|upkeep
|turn|10
|
|t:|1746487346
|move|p2a: Starlight|Rapid Spin|p1a: Onix
|-resisted|p1a: Onix
|-crit|p1a: Onix
|-damage|p1a: Onix|50/100
|-sideend|p2: daddy_days2|Stealth Rock|[from] move: Rapid Spin|[of] p2a: Starlight
|move|p1a: Onix|Stealth Rock|p2a: Starlight
|-sidestart|p2: daddy_days2|move: Stealth Rock
|
|upkeep
|turn|11
|
|t:|1746487351
|move|p2a: Starlight|Rapid Spin|p1a: Onix
|-resisted|p1a: Onix
|-damage|p1a: Onix|48/100
|-sideend|p2: daddy_days2|Stealth Rock|[from] move: Rapid Spin|[of] p2a: Starlight
|move|p1a: Onix|Stealth Rock|p2a: Starlight
|-sidestart|p2: daddy_days2|move: Stealth Rock
|
|upkeep
|turn|12
|
|t:|1746487354
|move|p2a: Starlight|Rapid Spin|p1a: Onix
|-resisted|p1a: Onix
|-damage|p1a: Onix|47/100
|-sideend|p2: daddy_days2|Stealth Rock|[from] move: Rapid Spin|[of] p2a: Starlight
|move|p1a: Onix|Stealth Rock|p2a: Starlight
|-sidestart|p2: daddy_days2|move: Stealth Rock
|
|upkeep
|turn|13
|
|t:|1746487356
|move|p2a: Starlight|Rapid Spin|p1a: Onix
|-resisted|p1a: Onix
|-damage|p1a: Onix|45/100
|-sideend|p2: daddy_days2|Stealth Rock|[from] move: Rapid Spin|[of] p2a: Starlight
|move|p1a: Onix|Stealth Rock|p2a: Starlight
|-sidestart|p2: daddy_days2|move: Stealth Rock
|
|upkeep
|turn|14
|
|t:|1746487360
|move|p2a: Starlight|Rapid Spin|p1a: Onix
|-resisted|p1a: Onix
|-damage|p1a: Onix|43/100
|-sideend|p2: daddy_days2|Stealth Rock|[from] move: Rapid Spin|[of] p2a: Starlight
|move|p1a: Onix|Stealth Rock|p2a: Starlight
|-sidestart|p2: daddy_days2|move: Stealth Rock
|
|upkeep
|turn|15
|
|t:|1746487362
|move|p2a: Starlight|Rapid Spin|p1a: Onix
|-resisted|p1a: Onix
|-damage|p1a: Onix|42/100
|-sideend|p2: daddy_days2|Stealth Rock|[from] move: Rapid Spin|[of] p2a: Starlight
|move|p1a: Onix|Stealth Rock|p2a: Starlight
|-sidestart|p2: daddy_days2|move: Stealth Rock
|
|upkeep
|turn|16
|
|t:|1746487369
|move|p2a: Starlight|Rapid Spin|p1a: Onix
|-resisted|p1a: Onix
|-damage|p1a: Onix|41/100
|-sideend|p2: daddy_days2|Stealth Rock|[from] move: Rapid Spin|[of] p2a: Starlight
|move|p1a: Onix|Stealth Rock|p2a: Starlight
|-sidestart|p2: daddy_days2|move: Stealth Rock
|
|upkeep
|turn|17
|
|t:|1746487375
|move|p2a: Starlight|Rapid Spin|p1a: Onix
|-resisted|p1a: Onix
|-damage|p1a: Onix|39/100
|-sideend|p2: daddy_days2|Stealth Rock|[from] move: Rapid Spin|[of] p2a: Starlight
|move|p1a: Onix|Stealth Rock|p2a: Starlight
|-sidestart|p2: daddy_days2|move: Stealth Rock
|
|upkeep
|turn|18
|
|t:|1746487379
|move|p2a: Starlight|Rapid Spin|p1a: Onix
|-resisted|p1a: Onix
|-damage|p1a: Onix|38/100
|-sideend|p2: daddy_days2|Stealth Rock|[from] move: Rapid Spin|[of] p2a: Starlight
|move|p1a: Onix|Stealth Rock|p2a: Starlight
|-sidestart|p2: daddy_days2|move: Stealth Rock
|
|upkeep
|turn|19
|
|t:|1746487381
|move|p2a: Starlight|Rapid Spin|p1a: Onix
|-resisted|p1a: Onix
|-damage|p1a: Onix|36/100
|-sideend|p2: daddy_days2|Stealth Rock|[from] move: Rapid Spin|[of] p2a: Starlight
|move|p1a: Onix|Stealth Rock|p2a: Starlight
|-sidestart|p2: daddy_days2|move: Stealth Rock
|
|upkeep
|turn|20
|
|t:|1746487383
|move|p2a: Starlight|Rapid Spin|p1a: Onix
|-resisted|p1a: Onix
|-damage|p1a: Onix|35/100
|-sideend|p2: daddy_days2|Stealth Rock|[from] move: Rapid Spin|[of] p2a: Starlight
|move|p1a: Onix|Stealth Rock|p2a: Starlight
|-sidestart|p2: daddy_days2|move: Stealth Rock
|
|upkeep
|turn|21
|
|t:|1746487385
|move|p2a: Starlight|Rapid Spin|p1a: Onix
|-resisted|p1a: Onix
|-damage|p1a: Onix|34/100
|-sideend|p2: daddy_days2|Stealth Rock|[from] move: Rapid Spin|[of] p2a: Starlight
|move|p1a: Onix|Stealth Rock|p2a: Starlight
|-sidestart|p2: daddy_days2|move: Stealth Rock
|
|upkeep
|turn|22
|
|t:|1746487387
|move|p2a: Starlight|Rapid Spin|p1a: Onix
|-resisted|p1a: Onix
|-crit|p1a: Onix
|-damage|p1a: Onix|30/100
|-sideend|p2: daddy_days2|Stealth Rock|[from] move: Rapid Spin|[of] p2a: Starlight
|move|p1a: Onix|Stealth Rock|p2a: Starlight
|-sidestart|p2: daddy_days2|move: Stealth Rock
|
|upkeep
|turn|23
|
|t:|1746487395
|move|p2a: Starlight|Rapid Spin|p1a: Onix
|-resisted|p1a: Onix
|-damage|p1a: Onix|29/100
|-sideend|p2: daddy_days2|Stealth Rock|[from] move: Rapid Spin|[of] p2a: Starlight
|move|p1a: Onix|Stealth Rock|p2a: Starlight
|-sidestart|p2: daddy_days2|move: Stealth Rock
|
|upkeep
|turn|24
|
|t:|1746487397
|move|p2a: Starlight|Rapid Spin|p1a: Onix
|-resisted|p1a: Onix
|-damage|p1a: Onix|27/100
|-sideend|p2: daddy_days2|Stealth Rock|[from] move: Rapid Spin|[of] p2a: Starlight
|move|p1a: Onix|Stealth Rock|p2a: Starlight
|-sidestart|p2: daddy_days2|move: Stealth Rock
|
|upkeep
|turn|25
|
|t:|1746487401
|move|p2a: Starlight|Rapid Spin|p1a: Onix
|-resisted|p1a: Onix
|-damage|p1a: Onix|26/100
|-sideend|p2: daddy_days2|Stealth Rock|[from] move: Rapid Spin|[of] p2a: Starlight
|move|p1a: Onix|Stealth Rock|p2a: Starlight
|-sidestart|p2: daddy_days2|move: Stealth Rock
|
|upkeep
|turn|26
|
|t:|1746487403
|move|p2a: Starlight|Rapid Spin|p1a: Onix
|-resisted|p1a: Onix
|-crit|p1a: Onix
|-damage|p1a: Onix|23/100
|-sideend|p2: daddy_days2|Stealth Rock|[from] move: Rapid Spin|[of] p2a: Starlight
|move|p1a: Onix|Stealth Rock|p2a: Starlight
|-sidestart|p2: daddy_days2|move: Stealth Rock
|
|upkeep
|turn|27
|-enditem|p1a: Onix|Custap Berry|[eat]
|-activate|p1a: Onix|item: Custap Berry|[consumed]
|
|t:|1746487406
|move|p1a: Onix|Explosion|p2a: Starlight
|-damage|p2a: Starlight|43/100
|faint|p1a: Onix
|move|p2a: Starlight|Rapid Spin|p1: Onix|[notarget]
|-fail|p2a: Starlight
|
|-heal|p2a: Starlight|49/100|[from] item: Leftovers
|upkeep
|
|t:|1746487411
|switch|p1a: Darmanitan|Darmanitan, M|100/100
|turn|28
|
|t:|1746487419
|switch|p2a: Painkiller|Garchomp, M|100/100
|-damage|p2a: Painkiller|94/100|[from] Stealth Rock
|move|p1a: Darmanitan|U-turn|p2a: Painkiller
|-damage|p2a: Painkiller|77/100
|-damage|p1a: Darmanitan|88/100|[from] ability: Rough Skin|[of] p2a: Painkiller
|-damage|p1a: Darmanitan|72/100|[from] item: Rocky Helmet|[of] p2a: Painkiller
|
|t:|1746487424
|switch|p1a: Latios|Latios, M|100/100|[from] U-turn
|
|upkeep
|turn|29
|
|t:|1746487431
|switch|p2a: Adolf|Bisharp, M|100/100
|-damage|p2a: Adolf|94/100|[from] Stealth Rock
|-item|p2a: Adolf|Air Balloon
|move|p1a: Latios|Dragon Pulse|p2a: Adolf
|-resisted|p2a: Adolf
|-damage|p2a: Adolf|49/100
|-enditem|p2a: Adolf|Air Balloon
|-damage|p1a: Latios|91/100|[from] item: Life Orb
|
|upkeep
|turn|30
|
|t:|1746487443
|move|p1a: Latios|Surf|p2a: Adolf
|-damage|p2a: Adolf|0 fnt
|faint|p2a: Adolf
|-damage|p1a: Latios|81/100|[from] item: Life Orb
|
|upkeep
|
|t:|1746487450
|switch|p2a: Blade|Scyther, M|100/100
|-damage|p2a: Blade|51/100|[from] Stealth Rock
|turn|31
|
|t:|1746487456
|move|p2a: Blade|U-turn|p1a: Latios
|-supereffective|p1a: Latios
|-damage|p1a: Latios|0 fnt
|faint|p1a: Latios
|
|t:|1746487461
|switch|p2a: Starlight|Starmie|49/100|[from] U-turn
|-damage|p2a: Starlight|36/100|[from] Stealth Rock
|
|-heal|p2a: Starlight|43/100|[from] item: Leftovers
|upkeep
|
|t:|1746487463
|switch|p1a: Darmanitan|Darmanitan, M|72/100
|turn|32
|
|t:|1746487471
|switch|p2a: Painkiller|Garchomp, M|77/100
|-damage|p2a: Painkiller|71/100|[from] Stealth Rock
|move|p1a: Darmanitan|U-turn|p2a: Painkiller
|-damage|p2a: Painkiller|54/100
|-damage|p1a: Darmanitan|59/100|[from] ability: Rough Skin|[of] p2a: Painkiller
|-damage|p1a: Darmanitan|43/100|[from] item: Rocky Helmet|[of] p2a: Painkiller
|
|t:|1746487478
|switch|p1a: Scizor|Scizor, F|100/100|[from] U-turn
|
|upkeep
|turn|33
|
|t:|1746487485
|move|p2a: Painkiller|Earthquake|p1a: Scizor
|-damage|p1a: Scizor|57/100
|move|p1a: Scizor|Swords Dance|p1a: Scizor
|-boost|p1a: Scizor|atk|2
|
|-heal|p1a: Scizor|63/100|[from] item: Leftovers
|upkeep
|turn|34
|
|t:|1746487503
|move|p1a: Scizor|Roost|p1a: Scizor
|-heal|p1a: Scizor|100/100
|-singleturn|p1a: Scizor|move: Roost
|move|p2a: Painkiller|Dragon Tail|p1a: Scizor
|-resisted|p1a: Scizor
|-damage|p1a: Scizor|87/100
|drag|p1a: Darmanitan|Darmanitan, M|43/100
|
|upkeep
|turn|35
|
|t:|1746487514
|move|p1a: Darmanitan|Flare Blitz|p2a: Painkiller
|-resisted|p2a: Painkiller
|-damage|p2a: Painkiller|27/100
|-damage|p1a: Darmanitan|30/100|[from] ability: Rough Skin|[of] p2a: Painkiller
|-damage|p1a: Darmanitan|14/100|[from] item: Rocky Helmet|[of] p2a: Painkiller
|-damage|p1a: Darmanitan|3/100|[from] Recoil
|move|p2a: Painkiller|Dragon Tail|p1a: Darmanitan
|-damage|p1a: Darmanitan|0 fnt
|faint|p1a: Darmanitan
|
|upkeep
|
|t:|1746487517
|switch|p1a: Breloom|Breloom, F|100/100
|turn|36
|
|t:|1746487534
|move|p2a: Painkiller|Stealth Rock|p1a: Breloom
|-sidestart|p1: Boizeroni|move: Stealth Rock
|move|p1a: Breloom|Bullet Seed|p2a: Painkiller
|-damage|p2a: Painkiller|10/100
|-damage|p2a: Painkiller|0 fnt
|faint|p2a: Painkiller
|-hitcount|p2: Painkiller|2
|-damage|p1a: Breloom|91/100|[from] item: Life Orb
|
|upkeep
|
|t:|1746487543
|switch|p2a: Starlight|Starmie|43/100
|-damage|p2a: Starlight|30/100|[from] Stealth Rock
|turn|37
|
|t:|1746487548
|move|p1a: Breloom|Mach Punch|p2a: Starlight
|-resisted|p2a: Starlight
|-damage|p2a: Starlight|3/100
|-damage|p1a: Breloom|81/100|[from] item: Life Orb
|move|p2a: Starlight|Rapid Spin|p1a: Breloom
|-damage|p1a: Breloom|76/100
|-sideend|p2: daddy_days2|Stealth Rock|[from] move: Rapid Spin|[of] p2a: Starlight
|
|-heal|p2a: Starlight|9/100|[from] item: Leftovers
|upkeep
|turn|38
|
|t:|1746487558
|move|p1a: Breloom|Mach Punch|p2a: Starlight
|-resisted|p2a: Starlight
|-damage|p2a: Starlight|0 fnt
|faint|p2a: Starlight
|-damage|p1a: Breloom|66/100|[from] item: Life Orb
|
|upkeep
|
|t:|1746487572
|switch|p2a: Blade|Scyther, M|51/100
|turn|39
|
|t:|1746487578
|move|p1a: Breloom|Mach Punch|p2a: Blade
|-resisted|p2a: Blade
|-damage|p2a: Blade|34/100
|-damage|p1a: Breloom|56/100|[from] item: Life Orb
|move|p2a: Blade|U-turn|p1a: Breloom
|-damage|p1a: Breloom|0 fnt
|faint|p1a: Breloom
|
|t:|1746487592
|switch|p2a: Insane Dwayne|Kyurem-Black|100/100|[from] U-turn
|-ability|p2a: Insane Dwayne|Teravolt
|
|upkeep
|
|t:|1746487598
|switch|p1a: Scizor|Scizor, F|87/100
|-damage|p1a: Scizor|74/100|[from] Stealth Rock
|turn|40
|
|t:|1746487603
|move|p2a: Insane Dwayne|Fusion Bolt|p1a: Scizor
|-damage|p1a: Scizor|9/100
|move|p1a: Scizor|Roost|p1a: Scizor
|-heal|p1a: Scizor|59/100
|-singleturn|p1a: Scizor|move: Roost
|
|-heal|p1a: Scizor|65/100|[from] item: Leftovers
|upkeep
|turn|41
|
|t:|1746487612
|move|p1a: Scizor|Bullet Punch|p2a: Insane Dwayne
|-supereffective|p2a: Insane Dwayne
|-damage|p2a: Insane Dwayne|36/100
|move|p2a: Insane Dwayne|Fusion Bolt|p1a: Scizor
|-damage|p1a: Scizor|0 fnt
|faint|p1a: Scizor
|
|upkeep
|-message|Boizeroni forfeited.
|
|win|daddy_days2
|raw|Boizeroni's rating: 1357 &rarr; <strong>1338</strong><br />(-19 for losing)
|raw|daddy_days2's rating: 1378 &rarr; <strong>1397</strong><br />(+19 for winning)
|l|☆Boizeroni
|player|p1|
|c|☆daddy_days2|gg
