|j|☆testaccount5ou
|j|☆Dewey7
|player|p1|testaccount5ou|102|1372
|player|p2|Dewey7|proton|1330
|teamsize|p1|6
|teamsize|p2|6
|gametype|singles
|gen|5
|tier|[Gen 5] OU
|rated|
|clearpoke
|poke|p1|Garchomp, M|item
|poke|p1|Alakazam, M|item
|poke|p1|Jellicent, M|item
|poke|p1|Scizor, M|item
|poke|p1|Tyranitar, M|item
|poke|p1|Eelektross, M|item
|poke|p2|Jirachi|item
|poke|p2|Meloetta|item
|poke|p2|Politoed, F|item
|poke|p2|Jolteon, F|item
|poke|p2|Landorus-Therian, M|item
|poke|p2|Starmie|item
|rule|Species Clause: Limit one of each Pokémon
|rule|OHKO Clause: OHKO moves are banned
|rule|Moody Clause: Moody is banned
|rule|Evasion Moves Clause: Evasion moves are banned
|rule|Endless Battle Clause: Forcing endless battles is banned
|rule|HP Percentage Mod: HP is shown in percentages
|rule|Evasion Abilities Clause: Evasion abilities are banned
|rule|Baton Pass Clause: Limit one Baton Passer, can't pass Spe and other stats simultaneously
|rule|Sleep Clause: Sleep-inducing moves are banned
|rule|Swagger Clause: Swagger is banned
|teampreview
|
|start
|switch|p1a: Jellicent|Jellicent, M|100/100
|switch|p2a: Landorus|Landorus-Therian, M|100/100
|-ability|p2a: Landorus|Intimidate|boost
|-unboost|p1a: Jellicent|atk|1
|turn|1
|
|move|p2a: Landorus|U-turn|p1a: Jellicent
|-resisted|p1a: Jellicent
|-damage|p1a: Jellicent|86/100
|
|switch|p2a: Starmie|Starmie|100/100|[from]move: U-turn
|move|p1a: Jellicent|Surf|p2a: Starmie
|-resisted|p2a: Starmie
|-damage|p2a: Starmie|66/100
|
|-heal|p2a: Starmie|73/100|[from] item: Leftovers
|upkeep
|turn|2
|
|switch|p1a: Tyranitar|Tyranitar, M|100/100
|-weather|Sandstorm|[from] ability: Sand Stream|[of] p1a: Tyranitar
|move|p2a: Starmie|Psyshock|p1a: Tyranitar
|-immune|p1a: Tyranitar
|
|-weather|Sandstorm|[upkeep]
|-damage|p2a: Starmie|66/100|[from] Sandstorm
|-heal|p2a: Starmie|73/100|[from] item: Leftovers
|upkeep
|turn|3
|
|move|p2a: Starmie|Scald|p1a: Tyranitar
|-supereffective|p1a: Tyranitar
|-damage|p1a: Tyranitar|78/100
|move|p1a: Tyranitar|Pursuit|p2a: Starmie
|-supereffective|p2a: Starmie
|-damage|p2a: Starmie|30/100
|
|-weather|Sandstorm|[upkeep]
|-damage|p2a: Starmie|24/100|[from] Sandstorm
|-heal|p2a: Starmie|30/100|[from] item: Leftovers
|-heal|p1a: Tyranitar|84/100|[from] item: Leftovers
|upkeep
|turn|4
|
|move|p2a: Starmie|Recover|p2a: Starmie
|-heal|p2a: Starmie|80/100
|move|p1a: Tyranitar|Pursuit|p2a: Starmie
|-supereffective|p2a: Starmie
|-damage|p2a: Starmie|39/100
|
|-weather|Sandstorm|[upkeep]
|-damage|p2a: Starmie|33/100|[from] Sandstorm
|-heal|p2a: Starmie|39/100|[from] item: Leftovers
|-heal|p1a: Tyranitar|90/100|[from] item: Leftovers
|upkeep
|turn|5
|
|move|p2a: Starmie|Recover|p2a: Starmie
|-heal|p2a: Starmie|89/100
|move|p1a: Tyranitar|Pursuit|p2a: Starmie
|-supereffective|p2a: Starmie
|-damage|p2a: Starmie|47/100
|
|-weather|Sandstorm|[upkeep]
|-damage|p2a: Starmie|40/100|[from] Sandstorm
|-heal|p2a: Starmie|47/100|[from] item: Leftovers
|-heal|p1a: Tyranitar|96/100|[from] item: Leftovers
|upkeep
|turn|6
|
|move|p2a: Starmie|Recover|p2a: Starmie
|-heal|p2a: Starmie|97/100
|move|p1a: Tyranitar|Crunch|p2a: Starmie
|-supereffective|p2a: Starmie
|-damage|p2a: Starmie|20/100
|-unboost|p2a: Starmie|def|1
|
|-weather|Sandstorm|[upkeep]
|-damage|p2a: Starmie|14/100|[from] Sandstorm
|-heal|p2a: Starmie|20/100|[from] item: Leftovers
|-heal|p1a: Tyranitar|100/100|[from] item: Leftovers
|upkeep
|turn|7
|
|move|p2a: Starmie|Recover|p2a: Starmie
|-heal|p2a: Starmie|70/100
|move|p1a: Tyranitar|Pursuit|p2a: Starmie
|-supereffective|p2a: Starmie
|-damage|p2a: Starmie|5/100
|
|-weather|Sandstorm|[upkeep]
|-damage|p2a: Starmie|0 fnt|[from] Sandstorm
|faint|p2a: Starmie
|upkeep
|
|switch|p2a: Jirachi|Jirachi|100/100
|turn|8
|
|move|p2a: Jirachi|Stealth Rock|p1a: Tyranitar
|-sidestart|p1: testaccount5ou|move: Stealth Rock
|move|p1a: Tyranitar|Fire Blast|p2a: Jirachi
|-supereffective|p2a: Jirachi
|-damage|p2a: Jirachi|67/100
|
|-weather|Sandstorm|[upkeep]
|-heal|p2a: Jirachi|74/100|[from] item: Leftovers
|upkeep
|turn|9
|
|move|p2a: Jirachi|Wish|p2a: Jirachi
|move|p1a: Tyranitar|Fire Blast|p2a: Jirachi
|-supereffective|p2a: Jirachi
|-damage|p2a: Jirachi|42/100
|
|-weather|Sandstorm|[upkeep]
|-heal|p2a: Jirachi|49/100|[from] item: Leftovers
|upkeep
|turn|10
|
|switch|p1a: Garchomp|Garchomp, M|100/100
|-damage|p1a: Garchomp|94/100|[from] Stealth Rock
|move|p2a: Jirachi|Protect||[still]
|-fail|p2a: Jirachi
|
|-weather|Sandstorm|[upkeep]
|-heal|p2a: Jirachi|99/100|[from] move: Wish|[wisher] Jirachi
|-heal|p2a: Jirachi|100/100|[from] item: Leftovers
|upkeep
|turn|11
|
|switch|p2a: Landorus|Landorus-Therian, M|100/100
|-ability|p2a: Landorus|Intimidate|boost
|-unboost|p1a: Garchomp|atk|1
|move|p1a: Garchomp|Earthquake|p2a: Landorus
|-immune|p2a: Landorus
|
|-weather|Sandstorm|[upkeep]
|upkeep
|turn|12
|
|switch|p1a: Tyranitar|Tyranitar, M|100/100
|-damage|p1a: Tyranitar|88/100|[from] Stealth Rock
|move|p2a: Landorus|Earthquake|p1a: Tyranitar
|-supereffective|p1a: Tyranitar
|-damage|p1a: Tyranitar|2/100
|
|-weather|Sandstorm|[upkeep]
|-heal|p1a: Tyranitar|8/100|[from] item: Leftovers
|upkeep
|turn|13
|
|move|p2a: Landorus|Earthquake|p1a: Tyranitar
|-supereffective|p1a: Tyranitar
|-damage|p1a: Tyranitar|0 fnt
|faint|p1a: Tyranitar
|
|-weather|Sandstorm|[upkeep]
|upkeep
|
|switch|p1a: Scizor|Scizor, M|100/100
|-damage|p1a: Scizor|88/100|[from] Stealth Rock
|turn|14
|
|switch|p2a: Politoed|Politoed, F|100/100
|-weather|RainDance|[from] ability: Drizzle|[of] p2a: Politoed
|move|p1a: Scizor|Superpower|p2a: Politoed
|-crit|p2a: Politoed
|-damage|p2a: Politoed|0 fnt
|-unboost|p1a: Scizor|atk|1
|-unboost|p1a: Scizor|def|1
|faint|p2a: Politoed
|
|-weather|RainDance|[upkeep]
|upkeep
|
|switch|p2a: Jolteon|Jolteon, F|100/100
|turn|15
|
|switch|p1a: Eelektross|Eelektross, M|100/100
|-damage|p1a: Eelektross|88/100|[from] Stealth Rock
|move|p2a: Jolteon|Substitute|p2a: Jolteon
|-start|p2a: Jolteon|Substitute
|-damage|p2a: Jolteon|75/100
|
|-weather|RainDance|[upkeep]
|-heal|p2a: Jolteon|82/100|[from] item: Leftovers
|-heal|p1a: Eelektross|94/100|[from] item: Leftovers
|upkeep
|turn|16
|
|move|p2a: Jolteon|Baton Pass|p2a: Jolteon
|
|switch|p2a: Meloetta|Meloetta|100/100|[from]move: Baton Pass
|move|p1a: Eelektross|Flamethrower|p2a: Meloetta
|-activate|p2a: Meloetta|Substitute|[damage]
|
|-weather|RainDance|[upkeep]
|-heal|p1a: Eelektross|100/100|[from] item: Leftovers
|upkeep
|turn|17
|
|move|p2a: Meloetta|Relic Song|p1a: Eelektross
|-damage|p1a: Eelektross|55/100
|-formechange|p2a: Meloetta|Meloetta-Pirouette|[msg]
|move|p1a: Eelektross|Thunderbolt|p2a: Meloetta
|-end|p2a: Meloetta|Substitute
|
|-weather|RainDance|[upkeep]
|-heal|p1a: Eelektross|61/100|[from] item: Leftovers
|upkeep
|turn|18
|j| Mizuho_poke
|
|move|p2a: Meloetta|Close Combat|p1a: Eelektross
|-damage|p1a: Eelektross|6/100
|-unboost|p2a: Meloetta|def|1
|-unboost|p2a: Meloetta|spd|1
|move|p1a: Eelektross|Thunderbolt|p2a: Meloetta
|-crit|p2a: Meloetta
|-damage|p2a: Meloetta|0 fnt
|faint|p2a: Meloetta
|
|-weather|RainDance|[upkeep]
|-heal|p1a: Eelektross|12/100|[from] item: Leftovers
|upkeep
|l| Mizuho_poke
|inactive|Battle timer is ON: inactive players will automatically lose when time's up. (requested by testaccount5ou)
|
|switch|p2a: Jolteon|Jolteon, F|82/100
|turn|19
|
|move|p2a: Jolteon|Substitute|p2a: Jolteon
|-start|p2a: Jolteon|Substitute
|-damage|p2a: Jolteon|57/100
|move|p1a: Eelektross|Superpower|p2a: Jolteon
|-end|p2a: Jolteon|Substitute
|-unboost|p1a: Eelektross|atk|1
|-unboost|p1a: Eelektross|def|1
|
|-weather|RainDance|[upkeep]
|-heal|p2a: Jolteon|63/100|[from] item: Leftovers
|-heal|p1a: Eelektross|18/100|[from] item: Leftovers
|upkeep
|turn|20
|
|move|p2a: Jolteon|Thunder|p1a: Eelektross
|-resisted|p1a: Eelektross
|-damage|p1a: Eelektross|0 fnt
|faint|p1a: Eelektross
|
|-weather|RainDance|[upkeep]
|-heal|p2a: Jolteon|69/100|[from] item: Leftovers
|upkeep
|
|switch|p1a: Alakazam|Alakazam, M|100/100
|turn|21
|
|switch|p2a: Jirachi|Jirachi|100/100
|move|p1a: Alakazam|Psychic|p2a: Jirachi
|-resisted|p2a: Jirachi
|-damage|p2a: Jirachi|91/100
|-unboost|p2a: Jirachi|spd|1
|
|-weather|RainDance|[upkeep]
|-heal|p2a: Jirachi|97/100|[from] item: Leftovers
|upkeep
|turn|22
|
|switch|p1a: Scizor|Scizor, M|88/100
|-damage|p1a: Scizor|76/100|[from] Stealth Rock
|move|p2a: Jirachi|Body Slam|p1a: Scizor
|-resisted|p1a: Scizor
|-damage|p1a: Scizor|67/100
|-status|p1a: Scizor|par
|
|-weather|RainDance|[upkeep]
|-heal|p2a: Jirachi|100/100|[from] item: Leftovers
|upkeep
|turn|23
|
|switch|p2a: Landorus|Landorus-Therian, M|100/100
|-ability|p2a: Landorus|Intimidate|boost
|-unboost|p1a: Scizor|atk|1
|move|p1a: Scizor|Superpower|p2a: Landorus
|-resisted|p2a: Landorus
|-damage|p2a: Landorus|75/100
|-unboost|p1a: Scizor|atk|1
|-unboost|p1a: Scizor|def|1
|
|-weather|RainDance|[upkeep]
|upkeep
|turn|24
|
|switch|p1a: Jellicent|Jellicent, M|86/100
|-damage|p1a: Jellicent|74/100|[from] Stealth Rock
|move|p2a: Landorus|Earthquake|p1a: Jellicent
|-crit|p1a: Jellicent
|-damage|p1a: Jellicent|0 fnt
|faint|p1a: Jellicent
|
|-weather|RainDance|[upkeep]
|upkeep
|
|switch|p1a: Scizor|Scizor, M|67/100 par
|-damage|p1a: Scizor|55/100 par|[from] Stealth Rock
|turn|25
|inactive|Dewey7 has 120 seconds left.
|
|switch|p2a: Jirachi|Jirachi|100/100
|move|p1a: Scizor|Bullet Punch|p2a: Jirachi
|-resisted|p2a: Jirachi
|-damage|p2a: Jirachi|79/100
|
|-weather|RainDance|[upkeep]
|-heal|p2a: Jirachi|85/100|[from] item: Leftovers
|upkeep
|turn|26
|inactive|Dewey7 has 120 seconds left.
|inactive|testaccount5ou has 120 seconds left.
|
|switch|p1a: Garchomp|Garchomp, M|94/100
|-damage|p1a: Garchomp|88/100|[from] Stealth Rock
|move|p2a: Jirachi|Body Slam|p1a: Garchomp
|-crit|p1a: Garchomp
|-damage|p1a: Garchomp|46/100
|-status|p1a: Garchomp|par
|-damage|p2a: Jirachi|73/100|[from] ability: Rough Skin|[of] p1a: Garchomp
|
|-weather|RainDance|[upkeep]
|-heal|p2a: Jirachi|79/100|[from] item: Leftovers
|upkeep
|turn|27
|inactive|testaccount5ou has 120 seconds left.
|inactive|Dewey7 has 120 seconds left.
|c|☆testaccount5ou|gg your game
|
|move|p2a: Jirachi|Protect|p2a: Jirachi
|-singleturn|p2a: Jirachi|Protect
|cant|p1a: Garchomp|par
|
|-weather|RainDance|[upkeep]
|-heal|p2a: Jirachi|85/100|[from] item: Leftovers
|upkeep
|turn|28
|c|☆Dewey7|gg
|
|switch|p2a: Landorus|Landorus-Therian, M|75/100
|-ability|p2a: Landorus|Intimidate|boost
|-unboost|p1a: Garchomp|atk|1
|cant|p1a: Garchomp|par
|
|-weather|RainDance|[upkeep]
|upkeep
|turn|29
|inactive|testaccount5ou has 120 seconds left.
|inactive|Dewey7 has 120 seconds left.
|
|move|p2a: Landorus|Earthquake|p1a: Garchomp
|-damage|p1a: Garchomp|0 fnt
|faint|p1a: Garchomp
|
|-weather|RainDance|[upkeep]
|upkeep
|
|switch|p1a: Alakazam|Alakazam, M|100/100
|turn|30
|
|switch|p2a: Jirachi|Jirachi|85/100
|move|p1a: Alakazam|Hidden Power|p2a: Jirachi
|-resisted|p2a: Jirachi
|-damage|p2a: Jirachi|75/100
|
|-weather|RainDance|[upkeep]
|-heal|p2a: Jirachi|81/100|[from] item: Leftovers
|upkeep
|turn|31
|inactive|testaccount5ou has 120 seconds left.
|
|move|p1a: Alakazam|Focus Blast|p2a: Jirachi
|-damage|p2a: Jirachi|47/100
|move|p2a: Jirachi|Body Slam|p1a: Alakazam
|-damage|p1a: Alakazam|52/100
|
|-weather|RainDance|[upkeep]
|-heal|p2a: Jirachi|53/100|[from] item: Leftovers
|upkeep
|turn|32
|inactive|testaccount5ou has 120 seconds left.
|
|move|p1a: Alakazam|Focus Blast|p2a: Jirachi
|-damage|p2a: Jirachi|19/100
|move|p2a: Jirachi|Wish|p2a: Jirachi
|
|-weather|RainDance|[upkeep]
|-heal|p2a: Jirachi|25/100|[from] item: Leftovers
|upkeep
|turn|33
|
|switch|p1a: Scizor|Scizor, M|55/100 par
|-damage|p1a: Scizor|42/100 par|[from] Stealth Rock
|move|p2a: Jirachi|Protect||[still]
|-fail|p2a: Jirachi
|
|-weather|RainDance|[upkeep]
|-heal|p2a: Jirachi|75/100|[from] move: Wish|[wisher] Jirachi
|-heal|p2a: Jirachi|81/100|[from] item: Leftovers
|upkeep
|turn|34
|inactive|testaccount5ou has 120 seconds left.
|
|move|p2a: Jirachi|Wish|p2a: Jirachi
|move|p1a: Scizor|Superpower|p2a: Jirachi
|-damage|p2a: Jirachi|18/100
|-unboost|p1a: Scizor|atk|1
|-unboost|p1a: Scizor|def|1
|
|-weather|RainDance|[upkeep]
|-heal|p2a: Jirachi|25/100|[from] item: Leftovers
|upkeep
|turn|35
|inactive|testaccount5ou has 120 seconds left.
|
|switch|p2a: Landorus|Landorus-Therian, M|75/100
|-ability|p2a: Landorus|Intimidate|boost
|-unboost|p1a: Scizor|atk|1
|switch|p1a: Alakazam|Alakazam, M|52/100
|
|-weather|RainDance|[upkeep]
|-heal|p2a: Landorus|100/100|[from] move: Wish|[wisher] Jirachi
|upkeep
|turn|36
|inactive|testaccount5ou has 120 seconds left.
|
|move|p2a: Landorus|Earthquake|p1a: Alakazam
|-damage|p1a: Alakazam|0 fnt
|faint|p1a: Alakazam
|
|-weather|RainDance|[upkeep]
|upkeep
|
|switch|p1a: Scizor|Scizor, M|42/100 par
|-damage|p1a: Scizor|30/100 par|[from] Stealth Rock
|turn|37
|
|move|p1a: Scizor|Bullet Punch|p2a: Landorus
|-damage|p2a: Landorus|40/100
|move|p2a: Landorus|Earthquake|p1a: Scizor
|-damage|p1a: Scizor|0 fnt
|faint|p1a: Scizor
|
|win|Dewey7
|c|☆testaccount5ou|gg
|c|☆testaccount5ou|wp
|c|☆Dewey7|ggwp
|raw|testaccount5ou's rating: 1372 &rarr; <strong>1349</strong><br />(-23 for losing)
|raw|Dewey7's rating: 1330 &rarr; <strong>1353</strong><br />(+23 for winning)
