|j|☆Glad She's Mine
|j|☆LubbeForLife
|player|p1|Glad She's Mine|34|1468
|player|p2|LubbeForLife|272|1309
|teamsize|p1|6
|teamsize|p2|6
|gametype|singles
|gen|5
|tier|[Gen 5] OU
|rated|
|rule|Sleep Clause Mod: Limit one foe put to sleep
|rule|Species Clause: Limit one of each Pokémon
|rule|OHKO Clause: OHKO moves are banned
|rule|Moody Clause: Moody is banned
|rule|Evasion Moves Clause: Evasion moves are banned
|rule|Endless Battle Clause: Forcing endless battles is banned
|rule|HP Percentage Mod: HP is shown in percentages
|rule|Evasion Abilities Clause: Evasion abilities are banned
|rule|Baton Pass Clause: Limit one Baton Passer, can't pass Spe and other stats simultaneously
|rule|Swagger Clause: Swagger is banned
|clearpoke
|poke|p1|Tyranitar, M|item
|poke|p1|Landorus-Therian, M|item
|poke|p1|Alomomola, M|item
|poke|p1|Magnezone|item
|poke|p1|Amoonguss, M|item
|poke|p1|Reuniclus, F|item
|poke|p2|Mamoswine, M|item
|poke|p2|Breloom, F|item
|poke|p2|Salamence, M|item
|poke|p2|Skarmory, F|item
|poke|p2|Starmie|item
|poke|p2|Kyurem-Black|item
|teampreview
|inactive|Battle timer is ON: inactive players will automatically lose when time's up. (requested by LubbeForLife)
|j| apesh!t
|
|start
|switch|p1a: woodruff|Alomomola, M, shiny|100/100
|switch|p2a: Mamoswine|Mamoswine, M, shiny|100/100
|turn|1
|l| apesh!t
|
|move|p2a: Mamoswine|Stealth Rock|p1a: woodruff
|-sidestart|p1: Glad She's Mine|move: Stealth Rock
|move|p1a: woodruff|Scald|p2a: Mamoswine
|-supereffective|p2a: Mamoswine
|-damage|p2a: Mamoswine|63/100
|
|upkeep
|turn|2
|
|move|p2a: Mamoswine|Earthquake|p1a: woodruff
|-damage|p1a: woodruff|67/100
|move|p1a: woodruff|Scald|p2a: Mamoswine
|-supereffective|p2a: Mamoswine
|-damage|p2a: Mamoswine|25/100
|
|-heal|p1a: woodruff|73/100|[from] item: Leftovers
|upkeep
|turn|3
|
|move|p2a: Mamoswine|Endeavor|p1a: woodruff
|-damage|p1a: woodruff|19/100
|move|p1a: woodruff|Wish|p1a: woodruff
|
|-heal|p1a: woodruff|25/100|[from] item: Leftovers
|upkeep
|turn|4
|
|move|p1a: woodruff|Protect|p1a: woodruff
|-singleturn|p1a: woodruff|Protect
|move|p2a: Mamoswine|Earthquake|p1a: woodruff
|-activate|p1a: woodruff|move: Protect
|
|-heal|p1a: woodruff|75/100|[from] move: Wish|[wisher] woodruff
|-heal|p1a: woodruff|81/100|[from] item: Leftovers
|upkeep
|turn|5
|
|move|p2a: Mamoswine|Endeavor|p1a: woodruff
|-damage|p1a: woodruff|19/100
|move|p1a: woodruff|Scald|p2a: Mamoswine
|-supereffective|p2a: Mamoswine
|-damage|p2a: Mamoswine|0 fnt
|faint|p2a: Mamoswine
|
|-heal|p1a: woodruff|25/100|[from] item: Leftovers
|upkeep
|
|switch|p2a: Breloom|Breloom, F|100/100
|turn|6
|
|switch|p1a: know you|Amoonguss, M, shiny|100/100
|-damage|p1a: know you|88/100|[from] Stealth Rock
|move|p2a: Breloom|Substitute|p2a: Breloom
|-start|p2a: Breloom|Substitute
|-damage|p2a: Breloom|75/100
|
|-heal|p1a: know you|94/100|[from] item: Black Sludge
|-status|p2a: Breloom|tox|[from] item: Toxic Orb
|upkeep
|turn|7
|
|move|p2a: Breloom|Spore|p1a: know you
|-status|p1a: know you|slp|[from] move: Spore
|cant|p1a: know you|slp
|
|-heal|p1a: know you|99/100 slp|[from] item: Black Sludge
|-heal|p2a: Breloom|88/100 tox|[from] ability: Poison Heal
|upkeep
|turn|8
|
|-singleturn|p2a: Breloom|move: Focus Punch
|cant|p1a: know you|slp
|move|p2a: Breloom|Focus Punch|p1a: know you
|-resisted|p1a: know you
|-damage|p1a: know you|59/100 slp
|
|-heal|p1a: know you|65/100 slp|[from] item: Black Sludge
|-heal|p2a: Breloom|100/100 tox|[from] ability: Poison Heal
|upkeep
|turn|9
|
|-singleturn|p2a: Breloom|move: Focus Punch
|cant|p1a: know you|slp
|move|p2a: Breloom|Focus Punch|p1a: know you
|-resisted|p1a: know you
|-damage|p1a: know you|28/100 slp
|
|-heal|p1a: know you|34/100 slp|[from] item: Black Sludge
|upkeep
|turn|10
|
|-singleturn|p2a: Breloom|move: Focus Punch
|switch|p1a: insomniac|Landorus-Therian, M|100/100
|-damage|p1a: insomniac|88/100|[from] Stealth Rock
|-ability|p1a: insomniac|Intimidate|boost
|-immune|p2a: Breloom
|move|p2a: Breloom|Focus Punch|p1a: insomniac
|-resisted|p1a: insomniac
|-damage|p1a: insomniac|53/100
|-damage|p2a: Breloom|84/100 tox|[from] item: Rocky Helmet|[of] p1a: insomniac
|
|-heal|p2a: Breloom|96/100 tox|[from] ability: Poison Heal
|upkeep
|turn|11
|
|move|p1a: insomniac|Hidden Power|p2a: Breloom
|-supereffective|p2a: Breloom
|-end|p2a: Breloom|Substitute
|move|p2a: Breloom|Seed Bomb|p1a: insomniac
|-damage|p1a: insomniac|15/100
|
|-heal|p2a: Breloom|100/100 tox|[from] ability: Poison Heal
|upkeep
|turn|12
|
|switch|p2a: Skarmory|Skarmory, F|100/100
|move|p1a: insomniac|Stealth Rock|p2a: Skarmory
|-sidestart|p2: LubbeForLife|move: Stealth Rock
|
|upkeep
|turn|13
|
|switch|p1a: figaro|Magnezone, shiny|100/100
|-damage|p1a: figaro|94/100|[from] Stealth Rock
|move|p2a: Skarmory|Whirlwind|p1a: figaro
|drag|p1a: blurred vision|Reuniclus, F, shiny|100/100
|
|upkeep
|turn|14
|
|move|p1a: blurred vision|Calm Mind|p1a: blurred vision
|-boost|p1a: blurred vision|spa|1
|-boost|p1a: blurred vision|spd|1
|move|p2a: Skarmory|Whirlwind|p1a: blurred vision
|drag|p1a: mind of an|Tyranitar, M|100/100
|-damage|p1a: mind of an|88/100|[from] Stealth Rock
|-weather|Sandstorm|[from] ability: Sand Stream|[of] p1a: mind of an
|
|-weather|Sandstorm|[upkeep]
|upkeep
|turn|15
|
|switch|p1a: figaro|Magnezone, shiny|94/100
|-damage|p1a: figaro|88/100|[from] Stealth Rock
|move|p2a: Skarmory|Spikes|p1a: figaro
|-sidestart|p1: Glad She's Mine|Spikes
|
|-weather|Sandstorm|[upkeep]
|upkeep
|turn|16
|
|move|p1a: figaro|Thunderbolt|p2a: Skarmory
|-supereffective|p2a: Skarmory
|-ability|p2a: Skarmory|Sturdy
|-damage|p2a: Skarmory|1/100
|move|p2a: Skarmory|Whirlwind|p1a: figaro
|drag|p1a: know you|Amoonguss, M, shiny|67/100 slp
|-damage|p1a: know you|55/100 slp|[from] Spikes
|-damage|p1a: know you|43/100 slp|[from] Stealth Rock
|
|-weather|Sandstorm|[upkeep]
|-damage|p1a: know you|37/100 slp|[from] Sandstorm
|-heal|p2a: Skarmory|7/100|[from] item: Leftovers
|-heal|p1a: know you|43/100 slp|[from] item: Black Sludge
|upkeep
|turn|17
|
|switch|p1a: figaro|Magnezone, shiny|88/100
|-damage|p1a: figaro|76/100|[from] Spikes
|-damage|p1a: figaro|70/100|[from] Stealth Rock
|move|p2a: Skarmory|Roost|p2a: Skarmory
|-heal|p2a: Skarmory|57/100
|-singleturn|p2a: Skarmory|move: Roost
|
|-weather|Sandstorm|[upkeep]
|-heal|p2a: Skarmory|63/100|[from] item: Leftovers
|upkeep
|turn|18
|
|move|p1a: figaro|Thunderbolt|p2a: Skarmory
|-supereffective|p2a: Skarmory
|-damage|p2a: Skarmory|0 fnt
|faint|p2a: Skarmory
|
|-weather|Sandstorm|[upkeep]
|upkeep
|
|switch|p2a: Breloom|Breloom, F|100/100 tox
|-damage|p2a: Breloom|94/100 tox|[from] Stealth Rock
|turn|19
|
|move|p1a: figaro|Thunderbolt|p2a: Breloom
|-resisted|p2a: Breloom
|-damage|p2a: Breloom|18/100 tox
|move|p2a: Breloom|Substitute|p2a: Breloom
|-fail|p2a: Breloom|move: Substitute|[weak]
|
|-weather|Sandstorm|[upkeep]
|-damage|p2a: Breloom|12/100 tox|[from] Sandstorm
|-heal|p2a: Breloom|24/100 tox|[from] ability: Poison Heal
|upkeep
|turn|20
|
|-singleturn|p2a: Breloom|move: Focus Punch
|move|p1a: figaro|Thunderbolt|p2a: Breloom
|-resisted|p2a: Breloom
|-damage|p2a: Breloom|0 fnt
|faint|p2a: Breloom
|
|-weather|Sandstorm|[upkeep]
|upkeep
|
|switch|p2a: Salamence|Salamence, M, shiny|100/100
|-damage|p2a: Salamence|76/100|[from] Stealth Rock
|turn|21
|
|switch|p1a: insomniac|Landorus-Therian, M|15/100
|-damage|p1a: insomniac|3/100|[from] Stealth Rock
|-ability|p1a: insomniac|Intimidate|boost
|-unboost|p2a: Salamence|atk|1
|move|p2a: Salamence|Earthquake|p1a: insomniac
|-immune|p1a: insomniac
|
|-weather|Sandstorm|[upkeep]
|-damage|p2a: Salamence|70/100|[from] Sandstorm
|upkeep
|turn|22
|
|switch|p2a: Starmie|Starmie|100/100
|-damage|p2a: Starmie|88/100|[from] Stealth Rock
|move|p1a: insomniac|Hidden Power|p2a: Starmie
|-resisted|p2a: Starmie
|-damage|p2a: Starmie|78/100
|
|-weather|Sandstorm|[upkeep]
|-damage|p2a: Starmie|72/100|[from] Sandstorm
|-heal|p2a: Starmie|78/100|[from] item: Leftovers
|upkeep
|turn|23
|
|switch|p1a: mind of an|Tyranitar, M|88/100
|-damage|p1a: mind of an|76/100|[from] Stealth Rock
|-damage|p1a: mind of an|64/100|[from] Spikes
|move|p2a: Starmie|Rapid Spin|p1a: mind of an
|-resisted|p1a: mind of an
|-damage|p1a: mind of an|62/100
|-sideend|p2: LubbeForLife|Stealth Rock|[from] move: Rapid Spin|[of] p2a: Starmie
|
|-weather|Sandstorm|[upkeep]
|-damage|p2a: Starmie|72/100|[from] Sandstorm
|-heal|p2a: Starmie|78/100|[from] item: Leftovers
|upkeep
|turn|24
|
|move|p1a: mind of an|Crunch|p2a: Starmie
|-supereffective|p2a: Starmie
|-crit|p2a: Starmie
|-damage|p2a: Starmie|0 fnt
|faint|p2a: Starmie
|
|-weather|Sandstorm|[upkeep]
|upkeep
|
|switch|p2a: Kyurem|Kyurem-Black|100/100
|-ability|p2a: Kyurem|Teravolt
|turn|25
|
|move|p1a: mind of an|Crunch|p2a: Kyurem
|-damage|p2a: Kyurem|59/100
|move|p2a: Kyurem|Substitute|p2a: Kyurem
|-start|p2a: Kyurem|Substitute
|-damage|p2a: Kyurem|34/100
|
|-weather|Sandstorm|[upkeep]
|-damage|p2a: Kyurem|28/100|[from] Sandstorm
|-heal|p2a: Kyurem|34/100|[from] item: Leftovers
|upkeep
|turn|26
|
|move|p1a: mind of an|Crunch|p2a: Kyurem
|-end|p2a: Kyurem|Substitute
|move|p2a: Kyurem|Dragon Claw|p1a: mind of an
|-damage|p1a: mind of an|5/100
|
|-weather|Sandstorm|[upkeep]
|-damage|p2a: Kyurem|28/100|[from] Sandstorm
|-heal|p2a: Kyurem|34/100|[from] item: Leftovers
|upkeep
|turn|27
|l|☆LubbeForLife
|inactive|LubbeForLife disconnected and has a minute to reconnect!
|player|p2|
|j|☆LubbeForLife
|inactive|LubbeForLife reconnected and has 130 seconds left.
|player|p2|LubbeForLife|272
|inactive|LubbeForLife has 120 seconds left.
|
|move|p1a: mind of an|Crunch|p2a: Kyurem
|-damage|p2a: Kyurem|0 fnt
|faint|p2a: Kyurem
|
|-weather|Sandstorm|[upkeep]
|upkeep
|
|switch|p2a: Salamence|Salamence, M, shiny|70/100
|turn|28
|
|move|p2a: Salamence|Outrage|p1a: mind of an
|-damage|p1a: mind of an|0 fnt
|faint|p1a: mind of an
|-ability|p2a: Salamence|Moxie|boost
|-boost|p2a: Salamence|atk|1
|
|-weather|Sandstorm|[upkeep]
|-damage|p2a: Salamence|64/100|[from] Sandstorm
|upkeep
|inactive|Glad She's Mine has 120 seconds left.
|
|switch|p1a: figaro|Magnezone, shiny|70/100
|-damage|p1a: figaro|64/100|[from] Stealth Rock
|-damage|p1a: figaro|51/100|[from] Spikes
|turn|29
|
|move|p2a: Salamence|Outrage|p1a: figaro|[from]lockedmove
|-resisted|p1a: figaro
|-damage|p1a: figaro|2/100
|-start|p2a: Salamence|confusion|[fatigue]
|move|p1a: figaro|Flash Cannon|p2a: Salamence
|-damage|p2a: Salamence|0 fnt
|faint|p2a: Salamence
|
|win|Glad She's Mine
|raw|Glad She&apos;s Mine's rating: 1468 &rarr; <strong>1480</strong><br />(+12 for winning)
|raw|LubbeForLife's rating: 1309 &rarr; <strong>1298</strong><br />(-11 for losing)
|c|☆Glad She's Mine|gg
