|j|☆AristoBrat
|j|☆LadderGod1
|t:|1727243458
|gametype|singles
|player|p1|AristoBrat|fantina|1300
|player|p2|LadderGod1|2|1378
|teamsize|p1|6
|teamsize|p2|6
|gen|5
|tier|[Gen 5] OU
|rated|
|rule|Species Clause: Limit one of each Pokémon
|rule|OHKO Clause: OHKO moves are banned
|rule|Moody Clause: Moody is banned
|rule|Evasion Items Clause: Evasion items are banned
|rule|Evasion Moves Clause: Evasion moves are banned
|rule|Endless Battle Clause: Forcing endless battles is banned
|rule|HP Percentage Mod: HP is shown in percentages
|rule|Evasion Abilities Clause: Evasion abilities are banned
|rule|Sleep Moves Clause: Sleep-inducing moves are banned
|rule|Swagger Clause: Swagger is banned
|rule|Baton Pass Stat Clause: No Baton Passer may have a way to boost its stats
|clearpoke
|poke|p1|Abomasnow, M|item
|poke|p1|Landorus-Therian, M|item
|poke|p1|Kyurem-Black|item
|poke|p1|Volcarona, F|item
|poke|p1|Jirachi|item
|poke|p1|Forretress, F|item
|poke|p2|Ferrothorn, F|item
|poke|p2|Politoed, M|item
|poke|p2|Heatran, F|item
|poke|p2|Salamence, M|item
|poke|p2|Gliscor, F|item
|poke|p2|Hydreigon, F|item
|teampreview
|
|t:|1727243480
|start
|switch|p1a: Landorus|Landorus-Therian, M|100/100
|switch|p2a: Heatran|Heatran, F|100/100
|-ability|p1a: Landorus|Intimidate|boost
|-unboost|p2a: Heatran|atk|1
|-item|p2a: Heatran|Air Balloon
|turn|1
|inactive|Battle timer is ON: inactive players will automatically lose when time's up. (requested by LadderGod1)
|
|t:|1727243487
|move|p1a: Landorus|Imprison|p1a: Landorus
|-start|p1a: Landorus|move: Imprison
|move|p2a: Heatran|Magma Storm|p1a: Landorus
|-crit|p1a: Landorus
|-enditem|p1a: Landorus|Focus Sash
|-damage|p1a: Landorus|1/100
|-activate|p1a: Landorus|move: Magma Storm|[of] p2a: Heatran
|
|-damage|p1a: Landorus|0 fnt|[from] move: Magma Storm|[partiallytrapped]
|faint|p1a: Landorus
|upkeep
|
|t:|1727243510
|switch|p1a: Abomasnow|Abomasnow, M, shiny|100/100
|-weather|Hail|[from] ability: Snow Warning|[of] p1a: Abomasnow
|turn|2
|inactive|AristoBrat has 120 seconds left.
|
|t:|1727243549
|switch|p1a: Kyurem|Kyurem-Black|100/100
|-ability|p1a: Kyurem|Teravolt
|move|p2a: Heatran|Magma Storm|p1a: Kyurem|[miss]
|-miss|p2a: Heatran|p1a: Kyurem
|
|-weather|Hail|[upkeep]
|-damage|p2a: Heatran|94/100|[from] Hail
|upkeep
|turn|3
|
|t:|1727243559
|switch|p2a: Ferrothorn|Ferrothorn, F|100/100
|move|p1a: Kyurem|Blizzard|p2a: Ferrothorn
|-damage|p2a: Ferrothorn|39/100
|-damage|p1a: Kyurem|91/100|[from] item: Life Orb
|
|-weather|Hail|[upkeep]
|-damage|p2a: Ferrothorn|32/100|[from] Hail
|-heal|p2a: Ferrothorn|39/100|[from] item: Leftovers
|upkeep
|turn|4
|
|t:|1727243569
|switch|p2a: Politoed|Politoed, M|100/100
|move|p1a: Kyurem|Blizzard|p2a: Politoed
|-resisted|p2a: Politoed
|-crit|p2a: Politoed
|-damage|p2a: Politoed|47/100
|-damage|p1a: Kyurem|81/100|[from] item: Life Orb
|
|-weather|Hail|[upkeep]
|-damage|p2a: Politoed|40/100|[from] Hail
|-heal|p2a: Politoed|47/100|[from] item: Leftovers
|upkeep
|turn|5
|
|t:|1727243577
|move|p1a: Kyurem|Draco Meteor|p2a: Politoed
|-damage|p2a: Politoed|0 fnt
|-unboost|p1a: Kyurem|spa|2
|faint|p2a: Politoed
|-damage|p1a: Kyurem|71/100|[from] item: Life Orb
|
|-weather|Hail|[upkeep]
|upkeep
|
|t:|1727243581
|switch|p2a: Heatran|Heatran, F|94/100
|-item|p2a: Heatran|Air Balloon
|turn|6
|
|t:|1727243588
|move|p1a: Kyurem|Draco Meteor|p2a: Heatran
|-resisted|p2a: Heatran
|-damage|p2a: Heatran|77/100
|-unboost|p1a: Kyurem|spa|2
|-enditem|p2a: Heatran|Air Balloon
|-damage|p1a: Kyurem|61/100|[from] item: Life Orb
|move|p2a: Heatran|Flash Cannon|p1a: Kyurem
|-supereffective|p1a: Kyurem
|-damage|p1a: Kyurem|0 fnt
|faint|p1a: Kyurem
|
|-weather|Hail|[upkeep]
|-damage|p2a: Heatran|71/100|[from] Hail
|upkeep
|inactive|AristoBrat has 120 seconds left.
|
|t:|1727243620
|switch|p1a: Abomasnow|Abomasnow, M, shiny|100/100
|turn|7
|inactive|LadderGod1 has 120 seconds left.
|
|t:|1727243673
|move|p1a: Abomasnow|Earthquake|p2a: Heatran
|-supereffective|p2a: Heatran
|-damage|p2a: Heatran|0 fnt
|faint|p2a: Heatran
|
|-weather|Hail|[upkeep]
|upkeep
|
|t:|1727243683
|switch|p2a: Salamence|Salamence, M|100/100
|turn|8
|
|t:|1727243687
|move|p2a: Salamence|Aerial Ace|p1a: Abomasnow
|-supereffective|p1a: Abomasnow
|-enditem|p1a: Abomasnow|Focus Sash
|-damage|p1a: Abomasnow|1/100
|-damage|p2a: Salamence|91/100|[from] item: Life Orb
|move|p1a: Abomasnow|Blizzard|p2a: Salamence
|-supereffective|p2a: Salamence
|-damage|p2a: Salamence|0 fnt
|faint|p2a: Salamence
|
|-weather|Hail|[upkeep]
|upkeep
|
|t:|1727243698
|switch|p2a: Gliscor|Gliscor, F|100/100
|turn|9
|
|t:|1727243703
|move|p2a: Gliscor|Earthquake|p1a: Abomasnow
|-resisted|p1a: Abomasnow
|-damage|p1a: Abomasnow|0 fnt
|faint|p1a: Abomasnow
|
|-weather|Hail|[upkeep]
|-damage|p2a: Gliscor|94/100|[from] Hail
|-status|p2a: Gliscor|tox|[from] item: Toxic Orb
|upkeep
|
|t:|1727243722
|switch|p1a: Volcarona|Volcarona, F|100/100
|turn|10
|
|t:|1727243730
|move|p1a: Volcarona|Quiver Dance|p1a: Volcarona
|-boost|p1a: Volcarona|spa|1
|-boost|p1a: Volcarona|spd|1
|-boost|p1a: Volcarona|spe|1
|move|p2a: Gliscor|Toxic|p1a: Volcarona
|-status|p1a: Volcarona|tox
|-enditem|p1a: Volcarona|Lum Berry|[eat]
|-curestatus|p1a: Volcarona|tox|[msg]
|
|-weather|Hail|[upkeep]
|-damage|p1a: Volcarona|94/100|[from] Hail
|-damage|p2a: Gliscor|88/100 tox|[from] Hail
|-heal|p2a: Gliscor|100/100 tox|[from] ability: Poison Heal
|upkeep
|turn|11
|
|t:|1727243743
|move|p2a: Gliscor|Protect|p2a: Gliscor
|-singleturn|p2a: Gliscor|Protect
|move|p1a: Volcarona|Fire Blast|p2a: Gliscor
|-activate|p2a: Gliscor|move: Protect
|
|-weather|Hail|[upkeep]
|-damage|p1a: Volcarona|88/100|[from] Hail
|-damage|p2a: Gliscor|94/100 tox|[from] Hail
|-heal|p2a: Gliscor|100/100 tox|[from] ability: Poison Heal
|upkeep
|turn|12
|
|t:|1727243752
|move|p1a: Volcarona|Bug Buzz|p2a: Gliscor
|-resisted|p2a: Gliscor
|-damage|p2a: Gliscor|54/100 tox
|move|p2a: Gliscor|Toxic|p1a: Volcarona
|-status|p1a: Volcarona|tox
|
|-weather|Hail|[upkeep]
|-damage|p1a: Volcarona|82/100 tox|[from] Hail
|-damage|p2a: Gliscor|48/100 tox|[from] Hail
|-damage|p1a: Volcarona|76/100 tox|[from] psn
|-heal|p2a: Gliscor|60/100 tox|[from] ability: Poison Heal
|upkeep
|turn|13
|
|t:|1727243759
|move|p2a: Gliscor|Protect|p2a: Gliscor
|-singleturn|p2a: Gliscor|Protect
|move|p1a: Volcarona|Quiver Dance|p1a: Volcarona
|-boost|p1a: Volcarona|spa|1
|-boost|p1a: Volcarona|spd|1
|-boost|p1a: Volcarona|spe|1
|
|-weather|Hail|[upkeep]
|-damage|p1a: Volcarona|70/100 tox|[from] Hail
|-damage|p2a: Gliscor|54/100 tox|[from] Hail
|-damage|p1a: Volcarona|58/100 tox|[from] psn
|-heal|p2a: Gliscor|67/100 tox|[from] ability: Poison Heal
|upkeep
|turn|14
|
|t:|1727243786
|switch|p2a: Hydreigon|Hydreigon, F|100/100
|move|p1a: Volcarona|Bug Buzz|p2a: Hydreigon
|-supereffective|p2a: Hydreigon
|-damage|p2a: Hydreigon|0 fnt
|faint|p2a: Hydreigon
|
|-weather|Hail|[upkeep]
|-damage|p1a: Volcarona|52/100 tox|[from] Hail
|-damage|p1a: Volcarona|33/100 tox|[from] psn
|upkeep
|
|t:|1727243792
|switch|p2a: Gliscor|Gliscor, F|67/100 tox
|turn|15
|
|t:|1727243804
|move|p2a: Gliscor|Protect|p2a: Gliscor
|-singleturn|p2a: Gliscor|Protect
|move|p1a: Volcarona|Bug Buzz|p2a: Gliscor
|-activate|p2a: Gliscor|move: Protect
|
|-weather|Hail|[upkeep]
|-damage|p1a: Volcarona|27/100 tox|[from] Hail
|-damage|p2a: Gliscor|60/100 tox|[from] Hail
|-damage|p1a: Volcarona|3/100 tox|[from] psn
|-heal|p2a: Gliscor|73/100 tox|[from] ability: Poison Heal
|upkeep
|turn|16
|
|t:|1727243815
|move|p2a: Gliscor|Protect|p2a: Gliscor
|-singleturn|p2a: Gliscor|Protect
|move|p1a: Volcarona|Bug Buzz|p2a: Gliscor
|-activate|p2a: Gliscor|move: Protect
|
|-weather|Hail|[upkeep]
|-damage|p1a: Volcarona|0 fnt|[from] Hail
|-damage|p2a: Gliscor|67/100 tox|[from] Hail
|faint|p1a: Volcarona
|-heal|p2a: Gliscor|79/100 tox|[from] ability: Poison Heal
|upkeep
|
|t:|1727243818
|switch|p1a: Jirachi|Jirachi|100/100
|turn|17
|
|t:|1727243825
|move|p1a: Jirachi|Iron Head|p2a: Gliscor
|-damage|p2a: Gliscor|57/100 tox
|move|p2a: Gliscor|Earthquake|p1a: Jirachi
|-supereffective|p1a: Jirachi
|-damage|p1a: Jirachi|35/100
|
|-weather|Hail|[upkeep]
|-damage|p1a: Jirachi|29/100|[from] Hail
|-damage|p2a: Gliscor|50/100 tox|[from] Hail
|-heal|p2a: Gliscor|63/100 tox|[from] ability: Poison Heal
|upkeep
|turn|18
|
|t:|1727243844
|move|p1a: Jirachi|Iron Head|p2a: Gliscor
|-damage|p2a: Gliscor|39/100 tox
|move|p2a: Gliscor|Earthquake|p1a: Jirachi
|-supereffective|p1a: Jirachi
|-damage|p1a: Jirachi|0 fnt
|faint|p1a: Jirachi
|
|-weather|Hail|[upkeep]
|-damage|p2a: Gliscor|33/100 tox|[from] Hail
|-heal|p2a: Gliscor|45/100 tox|[from] ability: Poison Heal
|upkeep
|
|t:|1727243848
|switch|p1a: Forretress|Forretress, F|100/100
|turn|19
|
|t:|1727243851
|switch|p2a: Ferrothorn|Ferrothorn, F|39/100
|move|p1a: Forretress|Flash Cannon|p2a: Ferrothorn
|-resisted|p2a: Ferrothorn
|-damage|p2a: Ferrothorn|27/100
|-unboost|p2a: Ferrothorn|spd|1
|
|-weather|Hail|[upkeep]
|-damage|p2a: Ferrothorn|21/100|[from] Hail
|-heal|p2a: Ferrothorn|27/100|[from] item: Leftovers
|upkeep
|turn|20
|
|t:|1727243859
|move|p1a: Forretress|Flash Cannon|p2a: Ferrothorn
|-resisted|p2a: Ferrothorn
|-crit|p2a: Ferrothorn
|-damage|p2a: Ferrothorn|0 fnt
|faint|p2a: Ferrothorn
|
|-weather|Hail|[upkeep]
|upkeep
|c|☆LadderGod1|bruh
|
|t:|1727243866
|switch|p2a: Gliscor|Gliscor, F|45/100 tox
|turn|21
|
|t:|1727243870
|move|p2a: Gliscor|Protect|p2a: Gliscor
|-singleturn|p2a: Gliscor|Protect
|move|p1a: Forretress|Flash Cannon|p2a: Gliscor
|-activate|p2a: Gliscor|move: Protect
|
|-weather|Hail|[upkeep]
|-damage|p2a: Gliscor|39/100 tox|[from] Hail
|-heal|p2a: Gliscor|51/100 tox|[from] ability: Poison Heal
|upkeep
|turn|22
|
|t:|1727243878
|move|p2a: Gliscor|Substitute|p2a: Gliscor
|-start|p2a: Gliscor|Substitute
|-damage|p2a: Gliscor|26/100 tox
|move|p1a: Forretress|Flash Cannon|p2a: Gliscor
|-end|p2a: Gliscor|Substitute
|
|-weather|Hail|[upkeep]
|-damage|p2a: Gliscor|20/100 tox|[from] Hail
|-heal|p2a: Gliscor|33/100 tox|[from] ability: Poison Heal
|upkeep
|turn|23
|
|t:|1727243888
|move|p2a: Gliscor|Protect|p2a: Gliscor
|-singleturn|p2a: Gliscor|Protect
|move|p1a: Forretress|Flash Cannon|p2a: Gliscor
|-activate|p2a: Gliscor|move: Protect
|
|-weather|Hail|[upkeep]
|-damage|p2a: Gliscor|26/100 tox|[from] Hail
|-heal|p2a: Gliscor|39/100 tox|[from] ability: Poison Heal
|upkeep
|turn|24
|
|t:|1727243898
|move|p2a: Gliscor|Earthquake|p1a: Forretress
|-damage|p1a: Forretress|73/100
|move|p1a: Forretress|Flash Cannon|p2a: Gliscor
|-damage|p2a: Gliscor|6/100 tox
|
|-weather|Hail|[upkeep]
|-damage|p2a: Gliscor|0 fnt|[from] Hail
|faint|p2a: Gliscor
|
|win|AristoBrat
|upkeep
|raw|AristoBrat's rating: 1300 &rarr; <strong>1331</strong><br />(+31 for winning)
|raw|LadderGod1's rating: 1378 &rarr; <strong>1354</strong><br />(-24 for losing)
