|uhtml|medal-msg|<div class="broadcast-blue">Curious what those medals under the avatar are? PS now has Ladder Seasons! For more information, check out the <a href="https://www.smogon.com/forums/threads/3740067/">thread on Smogon.</a></div>
|uhtml|medal-msg|<div class="broadcast-blue">Curious what those medals under the avatar are? PS now has Ladder Seasons! For more information, check out the <a href="https://www.smogon.com/forums/threads/3740067/">thread on Smogon.</a></div>
|j|☆LittleBlueHat
|j|☆snof2
|t:|1713159592
|gametype|singles
|player|p1|LittleBlueHat|teacher-gen2|1336
|player|p2|snof2|1|1412
|teamsize|p1|6
|teamsize|p2|6
|gen|5
|tier|[Gen 5] OU
|rated|
|rule|Species Clause: Limit one of each Pokémon
|rule|OHKO Clause: OHKO moves are banned
|rule|Moody Clause: Moody is banned
|rule|Evasion Items Clause: Evasion items are banned
|rule|Evasion Moves Clause: Evasion moves are banned
|rule|Endless Battle Clause: Forcing endless battles is banned
|rule|HP Percentage Mod: HP is shown in percentages
|rule|Evasion Abilities Clause: Evasion abilities are banned
|rule|Sleep Moves Clause: Sleep-inducing moves are banned
|rule|Swagger Clause: Swagger is banned
|rule|Baton Pass Stat Clause: No Baton Passer may have a way to boost its stats
|clearpoke
|poke|p1|Tyranitar, F|item
|poke|p1|Landorus-Therian, M|item
|poke|p1|Latios, M|item
|poke|p1|Terrakion|item
|poke|p1|Ferrothorn, M|item
|poke|p1|Reuniclus, M|item
|poke|p2|Politoed, M|item
|poke|p2|Ferrothorn, F|item
|poke|p2|Thundurus-Therian, M|item
|poke|p2|Latios, M|item
|poke|p2|Gengar, M|item
|poke|p2|Keldeo|item
|teampreview
|
|t:|1713159608
|start
|switch|p1a: Terrakion|Terrakion|100/100
|switch|p2a: Ferrothorn|Ferrothorn, F|100/100
|turn|1
|
|t:|1713159620
|switch|p2a: Gengar|Gengar, M|100/100
|move|p1a: Terrakion|Close Combat|p2a: Gengar
|-immune|p2a: Gengar
|
|upkeep
|turn|2
|
|t:|1713159632
|switch|p1a: Ferrothorn|Ferrothorn, M|100/100
|move|p2a: Gengar|Substitute|p2a: Gengar
|-start|p2a: Gengar|Substitute
|-damage|p2a: Gengar|76/100
|
|-heal|p2a: Gengar|82/100|[from] item: Black Sludge
|upkeep
|turn|3
|
|t:|1713159636
|move|p2a: Gengar|Will-O-Wisp|p1a: Ferrothorn
|-status|p1a: Ferrothorn|brn
|move|p1a: Ferrothorn|Knock Off|p2a: Gengar
|-supereffective|p2a: Gengar
|-activate|p2a: Gengar|Substitute|[damage]
|
|-heal|p2a: Gengar|88/100|[from] item: Black Sludge
|-damage|p1a: Ferrothorn|88/100 brn|[from] brn
|upkeep
|turn|4
|
|t:|1713159642
|move|p2a: Gengar|Focus Blast|p1a: Ferrothorn|[miss]
|-miss|p2a: Gengar|p1a: Ferrothorn
|move|p1a: Ferrothorn|Spikes|p2a: Gengar
|-sidestart|p2: snof2|Spikes
|
|-heal|p2a: Gengar|94/100|[from] item: Black Sludge
|-damage|p1a: Ferrothorn|76/100 brn|[from] brn
|upkeep
|turn|5
|
|t:|1713159652
|switch|p1a: Reuniclus|Reuniclus, M|100/100
|move|p2a: Gengar|Focus Blast|p1a: Reuniclus|[miss]
|-miss|p2a: Gengar|p1a: Reuniclus
|
|-heal|p2a: Gengar|99/100|[from] item: Black Sludge
|upkeep
|turn|6
|
|t:|1713159656
|switch|p1a: Tyranitar|Tyranitar, F|100/100
|-weather|Sandstorm|[from] ability: Sand Stream|[of] p1a: Tyranitar
|move|p2a: Gengar|Shadow Ball|p1a: Tyranitar
|-resisted|p1a: Tyranitar
|-damage|p1a: Tyranitar|91/100
|
|-weather|Sandstorm|[upkeep]
|-damage|p2a: Gengar|94/100|[from] Sandstorm
|-heal|p2a: Gengar|99/100|[from] item: Black Sludge
|upkeep
|turn|7
|
|t:|1713159660
|move|p2a: Gengar|Will-O-Wisp|p1a: Tyranitar
|-status|p1a: Tyranitar|brn
|move|p1a: Tyranitar|Crunch|p2a: Gengar
|-supereffective|p2a: Gengar
|-end|p2a: Gengar|Substitute
|
|-weather|Sandstorm|[upkeep]
|-damage|p2a: Gengar|94/100|[from] Sandstorm
|-heal|p2a: Gengar|99/100|[from] item: Black Sludge
|-damage|p1a: Tyranitar|78/100 brn|[from] brn
|upkeep
|turn|8
|
|t:|1713159671
|move|p2a: Gengar|Focus Blast|p1a: Tyranitar
|-supereffective|p1a: Tyranitar
|-enditem|p1a: Tyranitar|Chople Berry|[eat]
|-enditem|p1a: Tyranitar|Chople Berry|[weaken]
|-damage|p1a: Tyranitar|37/100 brn
|move|p1a: Tyranitar|Crunch|p2a: Gengar
|-supereffective|p2a: Gengar
|-crit|p2a: Gengar
|-damage|p2a: Gengar|0 fnt
|faint|p2a: Gengar
|
|-weather|Sandstorm|[upkeep]
|-damage|p1a: Tyranitar|24/100 brn|[from] brn
|upkeep
|
|t:|1713159685
|switch|p2a: Politoed|Politoed, M|100/100
|-damage|p2a: Politoed|88/100|[from] Spikes
|-weather|RainDance|[from] ability: Drizzle|[of] p2a: Politoed
|turn|9
|
|t:|1713159695
|switch|p2a: Thundurus|Thundurus-Therian, M|100/100
|switch|p1a: Ferrothorn|Ferrothorn, M|76/100 brn
|
|-weather|RainDance|[upkeep]
|-damage|p1a: Ferrothorn|64/100 brn|[from] brn
|upkeep
|turn|10
|
|t:|1713159701
|switch|p1a: Tyranitar|Tyranitar, F|24/100 brn
|-weather|Sandstorm|[from] ability: Sand Stream|[of] p1a: Tyranitar
|move|p2a: Thundurus|Substitute|p2a: Thundurus
|-start|p2a: Thundurus|Substitute
|-damage|p2a: Thundurus|76/100
|
|-weather|Sandstorm|[upkeep]
|-damage|p2a: Thundurus|69/100|[from] Sandstorm
|-heal|p2a: Thundurus|76/100|[from] item: Leftovers
|-damage|p1a: Tyranitar|12/100 brn|[from] brn
|upkeep
|turn|11
|
|t:|1713159745
|move|p2a: Thundurus|Hidden Power|p1a: Tyranitar
|-damage|p1a: Tyranitar|0 fnt
|faint|p1a: Tyranitar
|
|-weather|Sandstorm|[upkeep]
|-damage|p2a: Thundurus|69/100|[from] Sandstorm
|-heal|p2a: Thundurus|76/100|[from] item: Leftovers
|upkeep
|inactive|Battle timer is ON: inactive players will automatically lose when time's up. (requested by snof2)
|
|t:|1713159797
|switch|p1a: Terrakion|Terrakion|100/100
|turn|12
|
|t:|1713159824
|move|p1a: Terrakion|Stone Edge|p2a: Thundurus
|-supereffective|p2a: Thundurus
|-crit|p2a: Thundurus
|-end|p2a: Thundurus|Substitute
|move|p2a: Thundurus|Focus Blast|p1a: Terrakion
|-supereffective|p1a: Terrakion
|-damage|p1a: Terrakion|31/100
|
|-weather|Sandstorm|[upkeep]
|-damage|p2a: Thundurus|69/100|[from] Sandstorm
|-heal|p2a: Thundurus|76/100|[from] item: Leftovers
|upkeep
|turn|13
|
|t:|1713159834
|switch|p2a: Ferrothorn|Ferrothorn, F|100/100
|-damage|p2a: Ferrothorn|88/100|[from] Spikes
|move|p1a: Terrakion|Stone Edge|p2a: Ferrothorn
|-resisted|p2a: Ferrothorn
|-damage|p2a: Ferrothorn|70/100
|
|-weather|Sandstorm|[upkeep]
|-heal|p2a: Ferrothorn|77/100|[from] item: Leftovers
|upkeep
|turn|14
|
|t:|1713159846
|move|p1a: Terrakion|Close Combat|p2a: Ferrothorn
|-supereffective|p2a: Ferrothorn
|-damage|p2a: Ferrothorn|0 fnt
|-unboost|p1a: Terrakion|def|1
|-unboost|p1a: Terrakion|spd|1
|-damage|p1a: Terrakion|19/100|[from] ability: Iron Barbs|[of] p2a: Ferrothorn
|faint|p2a: Ferrothorn
|
|-weather|Sandstorm|[upkeep]
|upkeep
|
|t:|1713159853
|switch|p2a: Keldeo|Keldeo|100/100
|-damage|p2a: Keldeo|88/100|[from] Spikes
|turn|15
|
|t:|1713159863
|move|p2a: Keldeo|Surf|p1a: Terrakion
|-supereffective|p1a: Terrakion
|-damage|p1a: Terrakion|0 fnt
|faint|p1a: Terrakion
|
|-weather|Sandstorm|[upkeep]
|-damage|p2a: Keldeo|82/100|[from] Sandstorm
|upkeep
|
|t:|1713159867
|switch|p1a: Latios|Latios, M|100/100
|turn|16
|
|t:|1713159872
|switch|p2a: Politoed|Politoed, M|88/100
|-damage|p2a: Politoed|75/100|[from] Spikes
|-weather|RainDance|[from] ability: Drizzle|[of] p2a: Politoed
|move|p1a: Latios|Draco Meteor|p2a: Politoed
|-damage|p2a: Politoed|17/100
|-unboost|p1a: Latios|spa|2
|
|-weather|RainDance|[upkeep]
|-heal|p2a: Politoed|23/100|[from] item: Leftovers
|upkeep
|turn|17
|
|t:|1713159881
|move|p1a: Latios|Draco Meteor|p2a: Politoed
|-damage|p2a: Politoed|0 fnt
|-unboost|p1a: Latios|spa|2
|faint|p2a: Politoed
|
|-weather|RainDance|[upkeep]
|upkeep
|
|t:|1713159884
|switch|p2a: Thundurus|Thundurus-Therian, M|76/100
|turn|18
|
|t:|1713159896
|switch|p1a: Landorus|Landorus-Therian, M|100/100
|-ability|p1a: Landorus|Intimidate|boost
|-unboost|p2a: Thundurus|atk|1
|move|p2a: Thundurus|Substitute|p2a: Thundurus
|-start|p2a: Thundurus|Substitute
|-damage|p2a: Thundurus|51/100
|
|-weather|RainDance|[upkeep]
|-heal|p2a: Thundurus|57/100|[from] item: Leftovers
|upkeep
|turn|19
|
|t:|1713159901
|move|p1a: Landorus|Hidden Power|p2a: Thundurus
|-supereffective|p2a: Thundurus
|-end|p2a: Thundurus|Substitute
|move|p2a: Thundurus|Hidden Power|p1a: Landorus
|-supereffective|p1a: Landorus
|-damage|p1a: Landorus|0 fnt
|faint|p1a: Landorus
|
|-weather|RainDance|[upkeep]
|-heal|p2a: Thundurus|63/100|[from] item: Leftovers
|upkeep
|
|t:|1713159905
|switch|p1a: Latios|Latios, M|100/100
|turn|20
|
|t:|1713159915
|move|p1a: Latios|Thunder Wave|p2a: Thundurus
|-heal|p2a: Thundurus|88/100|[from] ability: Volt Absorb|[of] p1a: Latios
|move|p2a: Thundurus|Hidden Power|p1a: Latios
|-supereffective|p1a: Latios
|-damage|p1a: Latios|48/100
|
|-weather|RainDance|[upkeep]
|-heal|p2a: Thundurus|94/100|[from] item: Leftovers
|upkeep
|turn|21
|
|t:|1713159932
|move|p1a: Latios|Draco Meteor|p2a: Thundurus
|-damage|p2a: Thundurus|2/100
|-unboost|p1a: Latios|spa|2
|move|p2a: Thundurus|Hidden Power|p1a: Latios
|-supereffective|p1a: Latios
|-damage|p1a: Latios|0 fnt
|faint|p1a: Latios
|
|-weather|RainDance|[upkeep]
|-heal|p2a: Thundurus|8/100|[from] item: Leftovers
|upkeep
|
|t:|1713159938
|switch|p1a: Ferrothorn|Ferrothorn, M|64/100 brn
|turn|22
|
|t:|1713159940
|move|p2a: Thundurus|Focus Blast|p1a: Ferrothorn
|-supereffective|p1a: Ferrothorn
|-damage|p1a: Ferrothorn|0 fnt
|faint|p1a: Ferrothorn
|
|-weather|RainDance|[upkeep]
|-heal|p2a: Thundurus|14/100|[from] item: Leftovers
|upkeep
|
|t:|1713159943
|switch|p1a: Reuniclus|Reuniclus, M|100/100
|turn|23
|
|t:|1713159946
|move|p2a: Thundurus|Thunder|p1a: Reuniclus
|-damage|p1a: Reuniclus|48/100
|-status|p1a: Reuniclus|par
|move|p1a: Reuniclus|Calm Mind|p1a: Reuniclus
|-boost|p1a: Reuniclus|spa|1
|-boost|p1a: Reuniclus|spd|1
|
|-weather|RainDance|[upkeep]
|-heal|p2a: Thundurus|20/100|[from] item: Leftovers
|-heal|p1a: Reuniclus|55/100 par|[from] item: Leftovers
|upkeep
|turn|24
|
|t:|1713159949
|move|p2a: Thundurus|Thunder|p1a: Reuniclus
|-damage|p1a: Reuniclus|23/100 par
|cant|p1a: Reuniclus|par
|
|-weather|RainDance|[upkeep]
|-heal|p2a: Thundurus|26/100|[from] item: Leftovers
|-heal|p1a: Reuniclus|30/100 par|[from] item: Leftovers
|upkeep
|turn|25
|
|t:|1713159953
|move|p2a: Thundurus|Thunder|p1a: Reuniclus
|-crit|p1a: Reuniclus
|-damage|p1a: Reuniclus|0 fnt
|faint|p1a: Reuniclus
|
|win|snof2
|raw|LittleBlueHat's rating: 1336 &rarr; <strong>1320</strong><br />(-16 for losing)
|raw|snof2's rating: 1412 &rarr; <strong>1428</strong><br />(+16 for winning)
