|join|inglesesfeo
|join|BBP EVERYWHERE
|player|p1|inglesesfeo|2
|player|p2|BBP EVERYWHERE|169
|gametype|singles
|gen|5
|tier|[Gen 5] OU
|rated
|rule|Evasion Abilities Clause: Evasion abilities are banned
|clearpoke
|poke|p1|Mamoswine, F
|poke|p1|Slowbro, M
|poke|p1|Infernape, M
|poke|p1|Scizor, M
|poke|p1|Rotom-Wash
|poke|p1|Jirachi
|poke|p2|Blastoise, F
|poke|p2|Salamence, M
|poke|p2|Ferrothorn, F
|poke|p2|Heatran, F
|poke|p2|Sableye, M
|poke|p2|Breloom, F
|rule|Sleep Clause Mod: Limit one foe put to sleep
|rule|Species Clause: Limit one of each Pokemon
|rule|OHKO Clause: OHKO moves are banned
|rule|Moody Clause: Moody is banned
|rule|Evasion Moves Clause: Evasion moves are banned
|rule|Endless Battle Clause: Forcing endless battles is banned.
|rule|HP Percentage Mod: HP is reported as percentages
|teampreview
|
|start
|switch|p1a: Mamoswine|Mamoswine, F|361/361
|switch|p2a: Sableye|Sableye, M|304/304
|turn|1
|
|move|p2a: Sableye|Fake Out|p1a: Mamoswine
|-damage|p1a: Mamoswine|329/361
|cant|p1a: Mamoswine|flinch
|
|turn|2
|
|move|p2a: Sableye|Detect|p2a: Sableye
|-singleturn|p2a: Sableye|Protect
|move|p1a: Mamoswine|Stealth Rock|p2a: Sableye
|-sidestart|p2: BBP EVERYWHERE|move: Stealth Rock
|
|turn|3
|
|switch|p1a: Rotom-Wash|Rotom-Wash|242/242
|move|p2a: Sableye|Will-O-Wisp|p1a: Rotom-Wash|[miss]
|-miss|p2a: Sableye|p1a: Rotom-Wash
|
|turn|4
|
|move|p2a: Sableye|Will-O-Wisp|p1a: Rotom-Wash|[miss]
|-miss|p2a: Sableye|p1a: Rotom-Wash
|move|p1a: Rotom-Wash|Hydro Pump|p2a: Sableye|[miss]
|-miss|p1a: Rotom-Wash|p2a: Sableye
|
|turn|5
|chat|BBP EVERYWHERE|LOL.
|
|switch|p2a: Blastoise|Blastoise, F|362/362
|-damage|p2a: Blastoise|317/362|[from] Stealth Rock
|move|p1a: Rotom-Wash|Hydro Pump|p2a: Blastoise
|-resisted|p2a: Blastoise
|-damage|p2a: Blastoise|191/362
|
|-heal|p2a: Blastoise|213/362|[from] item: Leftovers
|turn|6
|
|switch|p1a: Jirachi|Jirachi|404/404
|move|p2a: Blastoise|Toxic|p1a: Jirachi
|-fail|p1a: Jirachi
|
|-heal|p2a: Blastoise|235/362|[from] item: Leftovers
|turn|7
|
|switch|p2a: Sableye|Sableye, M|304/304
|-damage|p2a: Sableye|266/304|[from] Stealth Rock
|move|p1a: Jirachi|Body Slam|p2a: Sableye
|-immune|p2a: Sableye|[msg]
|
|-heal|p2a: Sableye|285/304|[from] item: Leftovers
|turn|8
|
|switch|p1a: Rotom-Wash|Rotom-Wash|242/242
|move|p2a: Sableye|Will-O-Wisp|p1a: Rotom-Wash
|-status|p1a: Rotom-Wash|brn
|
|-heal|p2a: Sableye|304/304|[from] item: Leftovers
|-damage|p1a: Rotom-Wash|212/242 brn|[from] brn
|turn|9
|
|move|p2a: Sableye|Detect|p2a: Sableye
|-singleturn|p2a: Sableye|Protect
|move|p1a: Rotom-Wash|Volt Switch|p2a: Sableye
|-activate|p2a: Sableye|Protect
|
|-damage|p1a: Rotom-Wash|182/242 brn|[from] brn
|turn|10
|
|switch|p2a: Ferrothorn|Ferrothorn, F|352/352
|-damage|p2a: Ferrothorn|330/352|[from] Stealth Rock
|move|p1a: Rotom-Wash|Volt Switch|p2a: Ferrothorn
|-resisted|p2a: Ferrothorn
|-damage|p2a: Ferrothorn|264/352
|
|switch|p1a: Infernape|Infernape, M|293/293
|
|-heal|p2a: Ferrothorn|286/352|[from] item: Leftovers
|turn|11
|
|move|p2a: Ferrothorn|Protect|p2a: Ferrothorn
|-singleturn|p2a: Ferrothorn|Protect
|move|p1a: Infernape|Overheat|p2a: Ferrothorn
|-activate|p2a: Ferrothorn|Protect
|
|-heal|p2a: Ferrothorn|308/352|[from] item: Leftovers
|turn|12
|
|switch|p2a: Heatran|Heatran, F|386/386
|-damage|p2a: Heatran|338/386|[from] Stealth Rock
|move|p1a: Infernape|Thunder Punch|p2a: Heatran
|-damage|p2a: Heatran|256/386
|
|-heal|p2a: Heatran|280/386|[from] item: Leftovers
|turn|13
|
|move|p1a: Infernape|Close Combat|p2a: Heatran
|-supereffective|p2a: Heatran
|-damage|p2a: Heatran|0 fnt
|-unboost|p1a: Infernape|def|1
|-unboost|p1a: Infernape|spd|1
|faint|p2a: Heatran
|
|
|switch|p2a: Salamence|Salamence, M|331/331
|-damage|p2a: Salamence|249/331|[from] Stealth Rock
|turn|14
|
|move|p2a: Salamence|Earthquake|p1a: Infernape
|-supereffective|p1a: Infernape
|-damage|p1a: Infernape|0 fnt
|faint|p1a: Infernape
|-boost|p2a: Salamence|atk|1|[from] ability: Moxie
|
|
|switch|p1a: Rotom-Wash|Rotom-Wash|182/242 brn
|turn|15
|
|switch|p2a: Ferrothorn|Ferrothorn, F|308/352
|-damage|p2a: Ferrothorn|286/352|[from] Stealth Rock
|move|p1a: Rotom-Wash|Volt Switch|p2a: Ferrothorn
|-resisted|p2a: Ferrothorn
|-damage|p2a: Ferrothorn|214/352
|
|switch|p1a: Scizor|Scizor, M|343/343
|
|-heal|p2a: Ferrothorn|236/352|[from] item: Leftovers
|turn|16
|
|move|p2a: Ferrothorn|Protect|p2a: Ferrothorn
|-singleturn|p2a: Ferrothorn|Protect
|move|p1a: Scizor|U-turn|p2a: Ferrothorn
|-activate|p2a: Ferrothorn|Protect
|
|-heal|p2a: Ferrothorn|258/352|[from] item: Leftovers
|turn|17
|
|move|p1a: Scizor|U-turn|p2a: Ferrothorn
|-damage|p2a: Ferrothorn|143/352
|-damage|p1a: Scizor|301/343|[from] ability: Iron Barbs|[of] p2a: Ferrothorn
|
|switch|p1a: Rotom-Wash|Rotom-Wash|182/242 brn
|move|p2a: Ferrothorn|Leech Seed|p1a: Rotom-Wash
|-start|p1a: Rotom-Wash|move: Leech Seed
|
|-heal|p2a: Ferrothorn|165/352|[from] item: Leftovers
|-damage|p1a: Rotom-Wash|152/242 brn|[from] Leech Seed|[of] p2a: Ferrothorn
|-heal|p2a: Ferrothorn|195/352|[silent]
|-damage|p1a: Rotom-Wash|122/242 brn|[from] brn
|turn|18
|
|switch|p1a: Scizor|Scizor, M|301/343
|move|p2a: Ferrothorn|Protect|p2a: Ferrothorn
|-fail|p2a: Ferrothorn
|
|-heal|p2a: Ferrothorn|217/352|[from] item: Leftovers
|turn|19
|
|move|p2a: Ferrothorn|Protect|p2a: Ferrothorn
|-singleturn|p2a: Ferrothorn|Protect
|move|p1a: Scizor|Superpower|p2a: Ferrothorn
|-activate|p2a: Ferrothorn|Protect
|
|-heal|p2a: Ferrothorn|239/352|[from] item: Leftovers
|turn|20
|
|switch|p2a: Sableye|Sableye, M|304/304
|-damage|p2a: Sableye|266/304|[from] Stealth Rock
|move|p1a: Scizor|Superpower|p2a: Sableye
|-immune|p2a: Sableye|[msg]
|
|-heal|p2a: Sableye|285/304|[from] item: Leftovers
|turn|21
|
|switch|p1a: Slowbro|Slowbro, M|394/394
|move|p2a: Sableye|Detect|p2a: Sableye
|-fail|p2a: Sableye
|
|-heal|p2a: Sableye|304/304|[from] item: Leftovers
|turn|22
|
|move|p2a: Sableye|Detect|p2a: Sableye
|-singleturn|p2a: Sableye|Protect
|move|p1a: Slowbro|Scald|p2a: Sableye
|-activate|p2a: Sableye|Protect
|
|turn|23
|
|move|p2a: Sableye|Will-O-Wisp|p1a: Slowbro|[miss]
|-miss|p2a: Sableye|p1a: Slowbro
|move|p1a: Slowbro|Ice Beam|p2a: Sableye
|-damage|p2a: Sableye|221/304
|
|-heal|p2a: Sableye|240/304|[from] item: Leftovers
|turn|24
|
|move|p2a: Sableye|Will-O-Wisp|p1a: Slowbro|[miss]
|-miss|p2a: Sableye|p1a: Slowbro
|move|p1a: Slowbro|Ice Beam|p2a: Sableye
|-damage|p2a: Sableye|164/304
|
|-heal|p2a: Sableye|183/304|[from] item: Leftovers
|turn|25
|chat|BBP EVERYWHERE|is this
|chat|BBP EVERYWHERE|real life
|
|move|p2a: Sableye|Will-O-Wisp|p1a: Slowbro|[miss]
|-miss|p2a: Sableye|p1a: Slowbro
|move|p1a: Slowbro|Ice Beam|p2a: Sableye
|-damage|p2a: Sableye|105/304
|
|-heal|p2a: Sableye|124/304|[from] item: Leftovers
|turn|26
|chat|BBP EVERYWHERE|LOL
|
|move|p2a: Sableye|Recover|p2a: Sableye
|-heal|p2a: Sableye|276/304
|move|p1a: Slowbro|Scald|p2a: Sableye
|-damage|p2a: Sableye|179/304
|
|-heal|p2a: Sableye|198/304|[from] item: Leftovers
|turn|27
|chat|inglesesfeo|lol
|
|move|p2a: Sableye|Will-O-Wisp|p1a: Slowbro
|-status|p1a: Slowbro|brn
|move|p1a: Slowbro|Scald|p2a: Sableye
|-damage|p2a: Sableye|102/304
|
|-heal|p2a: Sableye|121/304|[from] item: Leftovers
|-damage|p1a: Slowbro|345/394 brn|[from] brn
|turn|28
|
|move|p2a: Sableye|Detect|p2a: Sableye
|-singleturn|p2a: Sableye|Protect
|move|p1a: Slowbro|Slack Off|p1a: Slowbro
|-heal|p1a: Slowbro|394/394 brn
|
|-heal|p2a: Sableye|140/304|[from] item: Leftovers
|-damage|p1a: Slowbro|345/394 brn|[from] brn
|turn|29
|
|move|p2a: Sableye|Recover|p2a: Sableye
|-heal|p2a: Sableye|292/304
|move|p1a: Slowbro|Ice Beam|p2a: Sableye
|-damage|p2a: Sableye|218/304
|
|-heal|p2a: Sableye|237/304|[from] item: Leftovers
|-heal|p1a: Slowbro|369/394 brn|[from] item: Leftovers
|-damage|p1a: Slowbro|320/394 brn|[from] brn
|turn|30
|
|switch|p2a: Blastoise|Blastoise, F|235/362
|-damage|p2a: Blastoise|190/362|[from] Stealth Rock
|move|p1a: Slowbro|Ice Beam|p2a: Blastoise
|-resisted|p2a: Blastoise
|-damage|p2a: Blastoise|160/362
|
|-heal|p2a: Blastoise|182/362|[from] item: Leftovers
|-heal|p1a: Slowbro|344/394 brn|[from] item: Leftovers
|-damage|p1a: Slowbro|295/394 brn|[from] brn
|turn|31
|
|move|p2a: Blastoise|Rapid Spin|p1a: Slowbro
|-damage|p1a: Slowbro|286/394 brn
|-sideend|p2: BBP EVERYWHERE|Stealth Rock|[from] move: Rapid Spin|[of] p2a: Blastoise
|move|p1a: Slowbro|Psychic|p2a: Blastoise
|-damage|p2a: Blastoise|80/362
|
|-heal|p2a: Blastoise|102/362|[from] item: Leftovers
|-heal|p1a: Slowbro|310/394 brn|[from] item: Leftovers
|-damage|p1a: Slowbro|261/394 brn|[from] brn
|turn|32
|
|move|p2a: Blastoise|Protect|p2a: Blastoise
|-singleturn|p2a: Blastoise|Protect
|move|p1a: Slowbro|Slack Off|p1a: Slowbro
|-heal|p1a: Slowbro|394/394 brn
|
|-heal|p2a: Blastoise|124/362|[from] item: Leftovers
|-damage|p1a: Slowbro|345/394 brn|[from] brn
|turn|33
|
|switch|p2a: Ferrothorn|Ferrothorn, F|239/352
|move|p1a: Slowbro|Scald|p2a: Ferrothorn
|-resisted|p2a: Ferrothorn
|-damage|p2a: Ferrothorn|198/352
|-status|p2a: Ferrothorn|brn
|
|-heal|p1a: Slowbro|369/394 brn|[from] item: Leftovers
|-heal|p2a: Ferrothorn|220/352 brn|[from] item: Leftovers
|-damage|p1a: Slowbro|320/394 brn|[from] brn
|-damage|p2a: Ferrothorn|176/352 brn|[from] brn
|turn|34
|
|move|p1a: Slowbro|Slack Off|p1a: Slowbro
|-heal|p1a: Slowbro|394/394 brn
|move|p2a: Ferrothorn|Leech Seed|p1a: Slowbro
|-start|p1a: Slowbro|move: Leech Seed
|
|-heal|p2a: Ferrothorn|198/352 brn|[from] item: Leftovers
|-damage|p1a: Slowbro|345/394 brn|[from] Leech Seed|[of] p2a: Ferrothorn
|-heal|p2a: Ferrothorn|247/352 brn|[silent]
|-damage|p1a: Slowbro|296/394 brn|[from] brn
|-damage|p2a: Ferrothorn|203/352 brn|[from] brn
|turn|35
|
|switch|p1a: Mamoswine|Mamoswine, F|329/361
|move|p2a: Ferrothorn|Protect|p2a: Ferrothorn
|-fail|p2a: Ferrothorn
|
|-heal|p2a: Ferrothorn|225/352 brn|[from] item: Leftovers
|-damage|p2a: Ferrothorn|181/352 brn|[from] brn
|turn|36
|
|move|p1a: Mamoswine|Earthquake|p2a: Ferrothorn
|-damage|p2a: Ferrothorn|72/352 brn
|move|p2a: Ferrothorn|Leech Seed|p1a: Mamoswine
|-start|p1a: Mamoswine|move: Leech Seed
|
|-heal|p2a: Ferrothorn|94/352 brn|[from] item: Leftovers
|-damage|p1a: Mamoswine|284/361|[from] Leech Seed|[of] p2a: Ferrothorn
|-heal|p2a: Ferrothorn|139/352 brn|[silent]
|-damage|p2a: Ferrothorn|95/352 brn|[from] brn
|turn|37
|
|move|p2a: Ferrothorn|Protect|p2a: Ferrothorn
|-singleturn|p2a: Ferrothorn|Protect
|move|p1a: Mamoswine|Stealth Rock|p2a: Ferrothorn
|-sidestart|p2: BBP EVERYWHERE|move: Stealth Rock
|
|-heal|p2a: Ferrothorn|117/352 brn|[from] item: Leftovers
|-damage|p1a: Mamoswine|239/361|[from] Leech Seed|[of] p2a: Ferrothorn
|-heal|p2a: Ferrothorn|162/352 brn|[silent]
|-damage|p2a: Ferrothorn|118/352 brn|[from] brn
|turn|38
|
|move|p1a: Mamoswine|Earthquake|p2a: Ferrothorn
|-damage|p2a: Ferrothorn|9/352 brn
|move|p2a: Ferrothorn|Stealth Rock|p1a: Mamoswine
|-sidestart|p1: inglesesfeo|move: Stealth Rock
|
|-heal|p2a: Ferrothorn|31/352 brn|[from] item: Leftovers
|-damage|p1a: Mamoswine|194/361|[from] Leech Seed|[of] p2a: Ferrothorn
|-heal|p2a: Ferrothorn|76/352 brn|[silent]
|-damage|p2a: Ferrothorn|32/352 brn|[from] brn
|turn|39
|
|move|p1a: Mamoswine|Earthquake|p2a: Ferrothorn
|-crit|p2a: Ferrothorn
|-damage|p2a: Ferrothorn|0 fnt
|faint|p2a: Ferrothorn
|
|
|switch|p2a: Salamence|Salamence, M|249/331
|-damage|p2a: Salamence|167/331|[from] Stealth Rock
|turn|40
|
|move|p1a: Mamoswine|Ice Shard|p2a: Salamence
|-supereffective|p2a: Salamence
|-damage|p2a: Salamence|0 fnt
|faint|p2a: Salamence
|
|
|switch|p2a: Sableye|Sableye, M|237/304
|-damage|p2a: Sableye|199/304|[from] Stealth Rock
|turn|41
|
|switch|p1a: Rotom-Wash|Rotom-Wash|122/242 brn
|-damage|p1a: Rotom-Wash|92/242 brn|[from] Stealth Rock
|move|p2a: Sableye|Fake Out|p1a: Rotom-Wash
|-damage|p1a: Rotom-Wash|70/242 brn
|
|-heal|p2a: Sableye|218/304|[from] item: Leftovers
|-damage|p1a: Rotom-Wash|40/242 brn|[from] brn
|turn|42
|
|move|p2a: Sableye|Detect|p2a: Sableye
|-singleturn|p2a: Sableye|Protect
|move|p1a: Rotom-Wash|Thunderbolt|p2a: Sableye
|-activate|p2a: Sableye|Protect
|
|-heal|p2a: Sableye|237/304|[from] item: Leftovers
|-damage|p1a: Rotom-Wash|10/242 brn|[from] brn
|turn|43
|
|switch|p2a: Breloom|Breloom, F|282/282
|-damage|p2a: Breloom|265/282|[from] Stealth Rock
|move|p1a: Rotom-Wash|Thunderbolt|p2a: Breloom
|-resisted|p2a: Breloom
|-damage|p2a: Breloom|108/282
|
|-damage|p1a: Rotom-Wash|0 fnt|[from] brn
|-status|p2a: Breloom|tox|[from] item: Toxic Orb
|faint|p1a: Rotom-Wash
|
|switch|p1a: Scizor|Scizor, M|301/343
|-damage|p1a: Scizor|259/343|[from] Stealth Rock
|turn|44
|
|move|p2a: Breloom|Spore|p1a: Scizor
|-status|p1a: Scizor|slp
|cant|p1a: Scizor|slp
|
|-heal|p2a: Breloom|143/282 tox|[from] ability: Poison Heal
|turn|45
|
|switch|p1a: Jirachi|Jirachi|404/404
|-damage|p1a: Jirachi|379/404|[from] Stealth Rock
|move|p2a: Breloom|Leech Seed|p1a: Jirachi
|-start|p1a: Jirachi|move: Leech Seed
|
|-heal|p1a: Jirachi|404/404|[from] item: Leftovers
|-damage|p1a: Jirachi|354/404|[from] Leech Seed|[of] p2a: Breloom
|-heal|p2a: Breloom|193/282 tox|[silent]
|-heal|p2a: Breloom|228/282 tox|[from] ability: Poison Heal
|turn|46
|
|-singleturn|p2a: Breloom|move: Focus Punch
|move|p1a: Jirachi|Wish|p1a: Jirachi
|move|p2a: Breloom|Focus Punch|p1a: Jirachi
|-damage|p1a: Jirachi|111/404
|
|-heal|p1a: Jirachi|136/404|[from] item: Leftovers
|-damage|p1a: Jirachi|86/404|[from] Leech Seed|[of] p2a: Breloom
|-heal|p2a: Breloom|278/282 tox|[silent]
|-heal|p2a: Breloom|282/282 tox|[from] ability: Poison Heal
|turn|47
|
|move|p1a: Jirachi|Iron Head|p2a: Breloom
|-damage|p2a: Breloom|188/282 tox
|cant|p2a: Breloom|flinch
|
|-heal|p1a: Jirachi|288/404|[from] move: Wish|[wisher] Jirachi
|-heal|p1a: Jirachi|313/404|[from] item: Leftovers
|-damage|p1a: Jirachi|263/404|[from] Leech Seed|[of] p2a: Breloom
|-heal|p2a: Breloom|238/282 tox|[silent]
|-heal|p2a: Breloom|273/282 tox|[from] ability: Poison Heal
|turn|48
|
|move|p1a: Jirachi|Iron Head|p2a: Breloom
|-damage|p2a: Breloom|171/282 tox
|cant|p2a: Breloom|flinch
|
|-heal|p1a: Jirachi|288/404|[from] item: Leftovers
|-damage|p1a: Jirachi|238/404|[from] Leech Seed|[of] p2a: Breloom
|-heal|p2a: Breloom|221/282 tox|[silent]
|-heal|p2a: Breloom|256/282 tox|[from] ability: Poison Heal
|turn|49
|
|move|p1a: Jirachi|Wish|p1a: Jirachi
|move|p2a: Breloom|Substitute|p2a: Breloom
|-start|p2a: Breloom|Substitute
|-damage|p2a: Breloom|186/282 tox
|
|-heal|p1a: Jirachi|263/404|[from] item: Leftovers
|-damage|p1a: Jirachi|213/404|[from] Leech Seed|[of] p2a: Breloom
|-heal|p2a: Breloom|236/282 tox|[silent]
|-heal|p2a: Breloom|271/282 tox|[from] ability: Poison Heal
|turn|50
|
|-singleturn|p2a: Breloom|move: Focus Punch
|switch|p1a: Slowbro|Slowbro, M|394/394 brn
|-damage|p1a: Slowbro|345/394 brn|[from] Stealth Rock
|move|p2a: Breloom|Focus Punch|p1a: Slowbro
|-resisted|p1a: Slowbro
|-damage|p1a: Slowbro|268/394 brn
|
|-heal|p1a: Slowbro|394/394 brn|[from] move: Wish|[wisher] Jirachi
|-heal|p2a: Breloom|282/282 tox|[from] ability: Poison Heal
|-damage|p1a: Slowbro|345/394 brn|[from] brn
|turn|51
|
|move|p2a: Breloom|Leech Seed|p1a: Slowbro
|-start|p1a: Slowbro|move: Leech Seed
|move|p1a: Slowbro|Slack Off|p1a: Slowbro
|-heal|p1a: Slowbro|394/394 brn
|
|-damage|p1a: Slowbro|345/394 brn|[from] Leech Seed|[of] p2a: Breloom
|-damage|p1a: Slowbro|296/394 brn|[from] brn
|turn|52
|
|-singleturn|p2a: Breloom|move: Focus Punch
|move|p1a: Slowbro|Psychic|p2a: Breloom
|-supereffective|p2a: Breloom
|-end|p2a: Breloom|Substitute
|move|p2a: Breloom|Focus Punch|p1a: Slowbro
|-resisted|p1a: Slowbro
|-damage|p1a: Slowbro|212/394 brn
|
|-heal|p1a: Slowbro|236/394 brn|[from] item: Leftovers
|-damage|p1a: Slowbro|187/394 brn|[from] Leech Seed|[of] p2a: Breloom
|-damage|p1a: Slowbro|138/394 brn|[from] brn
|turn|53
|
|switch|p2a: Sableye|Sableye, M|237/304
|-damage|p2a: Sableye|199/304|[from] Stealth Rock
|move|p1a: Slowbro|Slack Off|p1a: Slowbro
|-heal|p1a: Slowbro|335/394 brn
|
|-heal|p2a: Sableye|218/304|[from] item: Leftovers
|-heal|p1a: Slowbro|359/394 brn|[from] item: Leftovers
|-damage|p1a: Slowbro|310/394 brn|[from] Leech Seed|[of] p2a: Sableye
|-heal|p2a: Sableye|267/304|[silent]
|-damage|p1a: Slowbro|261/394 brn|[from] brn
|turn|54
|
|move|p2a: Sableye|Fake Out|p1a: Slowbro
|-damage|p1a: Slowbro|243/394 brn
|cant|p1a: Slowbro|flinch
|
|-heal|p2a: Sableye|286/304|[from] item: Leftovers
|-heal|p1a: Slowbro|267/394 brn|[from] item: Leftovers
|-damage|p1a: Slowbro|218/394 brn|[from] Leech Seed|[of] p2a: Sableye
|-heal|p2a: Sableye|304/304|[silent]
|-damage|p1a: Slowbro|169/394 brn|[from] brn
|turn|55
|
|move|p2a: Sableye|Will-O-Wisp|p1a: Slowbro
|-fail|p1a: Slowbro|brn
|move|p1a: Slowbro|Slack Off|p1a: Slowbro
|-heal|p1a: Slowbro|366/394 brn
|
|-heal|p1a: Slowbro|390/394 brn|[from] item: Leftovers
|-damage|p1a: Slowbro|341/394 brn|[from] Leech Seed|[of] p2a: Sableye
|-damage|p1a: Slowbro|292/394 brn|[from] brn
|turn|56
|chat|inglesesfeo|this is legitimately the most annoying team i have ever faced
|chat|inglesesfeo|nice job
|chat|BBP EVERYWHERE|lol
|
|move|p2a: Sableye|Detect|p2a: Sableye
|-singleturn|p2a: Sableye|Protect
|move|p1a: Slowbro|Scald|p2a: Sableye
|-activate|p2a: Sableye|Protect
|
|-heal|p1a: Slowbro|316/394 brn|[from] item: Leftovers
|-damage|p1a: Slowbro|267/394 brn|[from] Leech Seed|[of] p2a: Sableye
|-damage|p1a: Slowbro|218/394 brn|[from] brn
|turn|57
|chat|BBP EVERYWHERE|you play so well
|
|move|p2a: Sableye|Will-O-Wisp|p1a: Slowbro|[miss]
|-miss|p2a: Sableye|p1a: Slowbro
|move|p1a: Slowbro|Psychic|p2a: Sableye
|-immune|p2a: Sableye|[msg]
|
|-heal|p1a: Slowbro|242/394 brn|[from] item: Leftovers
|-damage|p1a: Slowbro|193/394 brn|[from] Leech Seed|[of] p2a: Sableye
|-damage|p1a: Slowbro|144/394 brn|[from] brn
|turn|58
|chat|inglesesfeo|you too man
|chat|inglesesfeo|today i learned i have no answer for stall ferrothorn, sableye, or breloom
|
|move|p2a: Sableye|Will-O-Wisp|p1a: Slowbro
|-fail|p1a: Slowbro|brn
|move|p1a: Slowbro|Slack Off|p1a: Slowbro
|-heal|p1a: Slowbro|341/394 brn
|
|-heal|p1a: Slowbro|365/394 brn|[from] item: Leftovers
|-damage|p1a: Slowbro|316/394 brn|[from] Leech Seed|[of] p2a: Sableye
|-damage|p1a: Slowbro|267/394 brn|[from] brn
|turn|59
|
|move|p2a: Sableye|Will-O-Wisp|p1a: Slowbro|[miss]
|-miss|p2a: Sableye|p1a: Slowbro
|move|p1a: Slowbro|Scald|p2a: Sableye
|-damage|p2a: Sableye|205/304
|
|-heal|p2a: Sableye|224/304|[from] item: Leftovers
|-heal|p1a: Slowbro|291/394 brn|[from] item: Leftovers
|-damage|p1a: Slowbro|242/394 brn|[from] Leech Seed|[of] p2a: Sableye
|-heal|p2a: Sableye|273/304|[silent]
|-damage|p1a: Slowbro|193/394 brn|[from] brn
|turn|60
|
|move|p2a: Sableye|Detect|p2a: Sableye
|-singleturn|p2a: Sableye|Protect
|move|p1a: Slowbro|Scald|p2a: Sableye
|-activate|p2a: Sableye|Protect
|
|-heal|p2a: Sableye|292/304|[from] item: Leftovers
|-heal|p1a: Slowbro|217/394 brn|[from] item: Leftovers
|-damage|p1a: Slowbro|168/394 brn|[from] Leech Seed|[of] p2a: Sableye
|-heal|p2a: Sableye|304/304|[silent]
|-damage|p1a: Slowbro|119/394 brn|[from] brn
|turn|61
|
|move|p2a: Sableye|Will-O-Wisp|p1a: Slowbro
|-fail|p1a: Slowbro|brn
|move|p1a: Slowbro|Scald|p2a: Sableye
|-damage|p2a: Sableye|201/304
|
|-heal|p2a: Sableye|220/304|[from] item: Leftovers
|-heal|p1a: Slowbro|143/394 brn|[from] item: Leftovers
|-damage|p1a: Slowbro|94/394 brn|[from] Leech Seed|[of] p2a: Sableye
|-heal|p2a: Sableye|269/304|[silent]
|-damage|p1a: Slowbro|45/394 brn|[from] brn
|turn|62
|
|switch|p2a: Breloom|Breloom, F|282/282 tox
|-damage|p2a: Breloom|265/282 tox|[from] Stealth Rock
|move|p1a: Slowbro|Slack Off|p1a: Slowbro
|-heal|p1a: Slowbro|242/394 brn
|
|-heal|p1a: Slowbro|266/394 brn|[from] item: Leftovers
|-damage|p1a: Slowbro|217/394 brn|[from] Leech Seed|[of] p2a: Breloom
|-heal|p2a: Breloom|282/282 tox|[silent]
|-damage|p1a: Slowbro|168/394 brn|[from] brn
|turn|63
|
|switch|p2a: Sableye|Sableye, M|269/304
|-damage|p2a: Sableye|231/304|[from] Stealth Rock
|move|p1a: Slowbro|Psychic|p2a: Sableye
|-immune|p2a: Sableye|[msg]
|
|-heal|p2a: Sableye|250/304|[from] item: Leftovers
|-heal|p1a: Slowbro|192/394 brn|[from] item: Leftovers
|-damage|p1a: Slowbro|143/394 brn|[from] Leech Seed|[of] p2a: Sableye
|-heal|p2a: Sableye|299/304|[silent]
|-damage|p1a: Slowbro|94/394 brn|[from] brn
|turn|64
|
|move|p2a: Sableye|Fake Out|p1a: Slowbro
|-damage|p1a: Slowbro|76/394 brn
|cant|p1a: Slowbro|flinch
|
|-heal|p2a: Sableye|304/304|[from] item: Leftovers
|-heal|p1a: Slowbro|100/394 brn|[from] item: Leftovers
|-damage|p1a: Slowbro|51/394 brn|[from] Leech Seed|[of] p2a: Sableye
|-damage|p1a: Slowbro|2/394 brn|[from] brn
|turn|65
|chat|inglesesfeo|lol
|chat|BBP EVERYWHERE|OMGGGG
|
|move|p2a: Sableye|Will-O-Wisp|p1a: Slowbro
|-fail|p1a: Slowbro|brn
|move|p1a: Slowbro|Slack Off|p1a: Slowbro
|-heal|p1a: Slowbro|199/394 brn
|
|-heal|p1a: Slowbro|223/394 brn|[from] item: Leftovers
|-damage|p1a: Slowbro|174/394 brn|[from] Leech Seed|[of] p2a: Sableye
|-damage|p1a: Slowbro|125/394 brn|[from] brn
|turn|66
|chat|BBP EVERYWHERE|THE BAIT IS REAL
|
|move|p2a: Sableye|Fake Out|p1a: Slowbro
|-message|(Fake Out only works your first turn out.)
|-fail|p1a: Slowbro
|move|p1a: Slowbro|Slack Off|p1a: Slowbro
|-heal|p1a: Slowbro|322/394 brn
|
|-heal|p1a: Slowbro|346/394 brn|[from] item: Leftovers
|-damage|p1a: Slowbro|297/394 brn|[from] Leech Seed|[of] p2a: Sableye
|-damage|p1a: Slowbro|248/394 brn|[from] brn
|turn|67
|chat|inglesesfeo|dang dude i need taunt
|chat|BBP EVERYWHERE|true
|chat|BBP EVERYWHERE|how much slack off
|chat|BBP EVERYWHERE|do you have
|chat|BBP EVERYWHERE|AELJFAWLJEEAW:E
|chat|inglesesfeo|infinity
|chat|BBP EVERYWHERE|i didnt get protect
|chat|BBP EVERYWHERE|i got dtect
|chat|BBP EVERYWHERE|fffffffffffff
|chat|inglesesfeo|i dont have taunt or toxic on anyone
|chat|inglesesfeo|not built for stall
|
|move|p2a: Sableye|Will-O-Wisp|p1a: Slowbro|[miss]
|-miss|p2a: Sableye|p1a: Slowbro
|move|p1a: Slowbro|Slack Off|p1a: Slowbro
|-heal|p1a: Slowbro|394/394 brn
|
|-damage|p1a: Slowbro|345/394 brn|[from] Leech Seed|[of] p2a: Sableye
|-damage|p1a: Slowbro|296/394 brn|[from] brn
|turn|68
|chat|BBP EVERYWHERE|HOW
|chat|BBP EVERYWHERE|DO YOU HAVE SO MUCH PP
|chat|inglesesfeo|i still have 5 slacks
|
|move|p2a: Sableye|Fake Out|p1a: Slowbro
|-message|(Fake Out only works your first turn out.)
|-fail|p1a: Slowbro
|move|p1a: Slowbro|Scald|p2a: Sableye
|-damage|p2a: Sableye|211/304
|
|-heal|p2a: Sableye|230/304|[from] item: Leftovers
|-heal|p1a: Slowbro|320/394 brn|[from] item: Leftovers
|-damage|p1a: Slowbro|271/394 brn|[from] Leech Seed|[of] p2a: Sableye
|-heal|p2a: Sableye|279/304|[silent]
|-damage|p1a: Slowbro|222/394 brn|[from] brn
|turn|69
|
|move|p2a: Sableye|Recover|p2a: Sableye
|-heal|p2a: Sableye|304/304
|move|p1a: Slowbro|Scald|p2a: Sableye
|-damage|p2a: Sableye|208/304
|
|-heal|p2a: Sableye|227/304|[from] item: Leftovers
|-heal|p1a: Slowbro|246/394 brn|[from] item: Leftovers
|-damage|p1a: Slowbro|197/394 brn|[from] Leech Seed|[of] p2a: Sableye
|-heal|p2a: Sableye|276/304|[silent]
|-damage|p1a: Slowbro|148/394 brn|[from] brn
|turn|70
|chat|BBP EVERYWHERE|suprisingly
|chat|BBP EVERYWHERE|you havent got a burn yet
|
|move|p2a: Sableye|Fake Out|p1a: Slowbro
|-message|(Fake Out only works your first turn out.)
|-fail|p1a: Slowbro
|move|p1a: Slowbro|Ice Beam|p2a: Sableye
|-damage|p2a: Sableye|190/304
|
|-heal|p2a: Sableye|209/304|[from] item: Leftovers
|-heal|p1a: Slowbro|172/394 brn|[from] item: Leftovers
|-damage|p1a: Slowbro|123/394 brn|[from] Leech Seed|[of] p2a: Sableye
|-heal|p2a: Sableye|258/304|[silent]
|-damage|p1a: Slowbro|74/394 brn|[from] brn
|turn|71
|
|move|p2a: Sableye|Recover|p2a: Sableye
|-heal|p2a: Sableye|304/304
|move|p1a: Slowbro|Slack Off|p1a: Slowbro
|-heal|p1a: Slowbro|271/394 brn
|
|-heal|p1a: Slowbro|295/394 brn|[from] item: Leftovers
|-damage|p1a: Slowbro|246/394 brn|[from] Leech Seed|[of] p2a: Sableye
|-damage|p1a: Slowbro|197/394 brn|[from] brn
|turn|72
|
|move|p2a: Sableye|Fake Out|p1a: Slowbro
|-message|(Fake Out only works your first turn out.)
|-fail|p1a: Slowbro
|move|p1a: Slowbro|Ice Beam|p2a: Sableye
|-damage|p2a: Sableye|222/304
|
|-heal|p2a: Sableye|241/304|[from] item: Leftovers
|-heal|p1a: Slowbro|221/394 brn|[from] item: Leftovers
|-damage|p1a: Slowbro|172/394 brn|[from] Leech Seed|[of] p2a: Sableye
|-heal|p2a: Sableye|290/304|[silent]
|-damage|p1a: Slowbro|123/394 brn|[from] brn
|turn|73
|
|move|p2a: Sableye|Will-O-Wisp|p1a: Slowbro
|-fail|p1a: Slowbro|brn
|move|p1a: Slowbro|Ice Beam|p2a: Sableye
|-damage|p2a: Sableye|213/304
|
|-heal|p2a: Sableye|232/304|[from] item: Leftovers
|-heal|p1a: Slowbro|147/394 brn|[from] item: Leftovers
|-damage|p1a: Slowbro|98/394 brn|[from] Leech Seed|[of] p2a: Sableye
|-heal|p2a: Sableye|281/304|[silent]
|-damage|p1a: Slowbro|49/394 brn|[from] brn
|turn|74
|
|move|p2a: Sableye|Recover|p2a: Sableye
|-heal|p2a: Sableye|304/304
|move|p1a: Slowbro|Slack Off|p1a: Slowbro
|-heal|p1a: Slowbro|246/394 brn
|
|-heal|p1a: Slowbro|270/394 brn|[from] item: Leftovers
|-damage|p1a: Slowbro|221/394 brn|[from] Leech Seed|[of] p2a: Sableye
|-damage|p1a: Slowbro|172/394 brn|[from] brn
|turn|75
|
|move|p2a: Sableye|Fake Out|p1a: Slowbro
|-message|(Fake Out only works your first turn out.)
|-fail|p1a: Slowbro
|move|p1a: Slowbro|Ice Beam|p2a: Sableye
|-damage|p2a: Sableye|231/304
|
|-heal|p2a: Sableye|250/304|[from] item: Leftovers
|-heal|p1a: Slowbro|196/394 brn|[from] item: Leftovers
|-damage|p1a: Slowbro|147/394 brn|[from] Leech Seed|[of] p2a: Sableye
|-heal|p2a: Sableye|299/304|[silent]
|-damage|p1a: Slowbro|98/394 brn|[from] brn
|turn|76
|chat|BBP EVERYWHERE|you have 16
|chat|BBP EVERYWHERE|has it not been 16
|chat|BBP EVERYWHERE|yet
|
|move|p2a: Sableye|Will-O-Wisp|p1a: Slowbro|[miss]
|-miss|p2a: Sableye|p1a: Slowbro
|move|p1a: Slowbro|Slack Off|p1a: Slowbro
|-heal|p1a: Slowbro|295/394 brn
|
|-heal|p2a: Sableye|304/304|[from] item: Leftovers
|-heal|p1a: Slowbro|319/394 brn|[from] item: Leftovers
|-damage|p1a: Slowbro|270/394 brn|[from] Leech Seed|[of] p2a: Sableye
|-damage|p1a: Slowbro|221/394 brn|[from] brn
|turn|77
|
|switch|p1a: Jirachi|Jirachi|213/404
|-damage|p1a: Jirachi|188/404|[from] Stealth Rock
|move|p2a: Sableye|Fake Out|p1a: Jirachi
|-message|(Fake Out only works your first turn out.)
|-fail|p1a: Jirachi
|
|-heal|p1a: Jirachi|213/404|[from] item: Leftovers
|turn|78
|chat|BBP EVERYWHERE|omfg
|chat|BBP EVERYWHERE|NOT
|chat|BBP EVERYWHERE|THE
|chat|inglesesfeo|alternating
|chat|BBP EVERYWHERE|WISH
|
|switch|p1a: Slowbro|Slowbro, M|352/394 brn
|-damage|p1a: Slowbro|303/394 brn|[from] Stealth Rock
|move|p2a: Sableye|Will-O-Wisp|p1a: Slowbro
|-fail|p1a: Slowbro|brn
|
|-heal|p1a: Slowbro|327/394 brn|[from] item: Leftovers
|-damage|p1a: Slowbro|278/394 brn|[from] brn
|turn|79
|chat|BBP EVERYWHERE|OMFG
|chat|BBP EVERYWHERE|SO SMART
|chat|BBP EVERYWHERE|LOL
|chat|inglesesfeo|hehehehehe
|
|move|p2a: Sableye|Will-O-Wisp|p1a: Slowbro|[miss]
|-miss|p2a: Sableye|p1a: Slowbro
|move|p1a: Slowbro|Ice Beam|p2a: Sableye
|-damage|p2a: Sableye|223/304
|
|-heal|p2a: Sableye|242/304|[from] item: Leftovers
|-heal|p1a: Slowbro|302/394 brn|[from] item: Leftovers
|-damage|p1a: Slowbro|253/394 brn|[from] brn
|turn|80
|
|move|p2a: Sableye|Recover|p2a: Sableye
|-heal|p2a: Sableye|304/304
|move|p1a: Slowbro|Ice Beam|p2a: Sableye
|-damage|p2a: Sableye|231/304
|
|-heal|p2a: Sableye|250/304|[from] item: Leftovers
|-heal|p1a: Slowbro|277/394 brn|[from] item: Leftovers
|-damage|p1a: Slowbro|228/394 brn|[from] brn
|turn|81
|
|move|p2a: Sableye|Recover|p2a: Sableye
|-heal|p2a: Sableye|304/304
|move|p1a: Slowbro|Ice Beam|p2a: Sableye
|-damage|p2a: Sableye|229/304
|
|-heal|p2a: Sableye|248/304|[from] item: Leftovers
|-heal|p1a: Slowbro|252/394 brn|[from] item: Leftovers
|-damage|p1a: Slowbro|203/394 brn|[from] brn
|turn|82
|
|move|p2a: Sableye|Will-O-Wisp|p1a: Slowbro|[miss]
|-miss|p2a: Sableye|p1a: Slowbro
|move|p1a: Slowbro|Ice Beam|p2a: Sableye
|-damage|p2a: Sableye|168/304
|
|-heal|p2a: Sableye|187/304|[from] item: Leftovers
|-heal|p1a: Slowbro|227/394 brn|[from] item: Leftovers
|-damage|p1a: Slowbro|178/394 brn|[from] brn
|turn|83
|
|move|p2a: Sableye|Recover|p2a: Sableye
|-heal|p2a: Sableye|304/304
|move|p1a: Slowbro|Ice Beam|p2a: Sableye
|-damage|p2a: Sableye|225/304
|
|-heal|p2a: Sableye|244/304|[from] item: Leftovers
|-heal|p1a: Slowbro|202/394 brn|[from] item: Leftovers
|-damage|p1a: Slowbro|153/394 brn|[from] brn
|turn|84
|
|move|p2a: Sableye|Will-O-Wisp|p1a: Slowbro
|-fail|p1a: Slowbro|brn
|move|p1a: Slowbro|Ice Beam|p2a: Sableye
|-damage|p2a: Sableye|169/304
|
|-heal|p2a: Sableye|188/304|[from] item: Leftovers
|-heal|p1a: Slowbro|177/394 brn|[from] item: Leftovers
|-damage|p1a: Slowbro|128/394 brn|[from] brn
|turn|85
|
|move|p2a: Sableye|Will-O-Wisp|p1a: Slowbro
|-fail|p1a: Slowbro|brn
|move|p1a: Slowbro|Ice Beam|p2a: Sableye
|-damage|p2a: Sableye|111/304
|-status|p2a: Sableye|frz
|
|-heal|p2a: Sableye|130/304 frz|[from] item: Leftovers
|-heal|p1a: Slowbro|152/394 brn|[from] item: Leftovers
|-damage|p1a: Slowbro|103/394 brn|[from] brn
|turn|86
|chat|BBP EVERYWHERE|NOOO
|chat|BBP EVERYWHERE|LOL
|chat|inglesesfeo|IVE DONE IT
|
|switch|p1a: Jirachi|Jirachi|213/404
|-damage|p1a: Jirachi|188/404|[from] Stealth Rock
|-curestatus|p2a: Sableye|frz
|move|p2a: Sableye|Recover|p2a: Sableye
|-heal|p2a: Sableye|282/304
|
|-heal|p1a: Jirachi|213/404|[from] item: Leftovers
|-heal|p2a: Sableye|301/304|[from] item: Leftovers
|turn|87
|chat|BBP EVERYWHERE|LMFAO
|chat|inglesesfeo|WHAT THE FUCK
|
|switch|p2a: Breloom|Breloom, F|282/282 tox
|-damage|p2a: Breloom|265/282 tox|[from] Stealth Rock
|move|p1a: Jirachi|Protect|p1a: Jirachi
|-fail|p1a: Jirachi
|
|-heal|p1a: Jirachi|238/404|[from] item: Leftovers
|-heal|p2a: Breloom|282/282 tox|[from] ability: Poison Heal
|turn|88
|
|move|p1a: Jirachi|Iron Head|p2a: Breloom
|-damage|p2a: Breloom|185/282 tox
|cant|p2a: Breloom|flinch
|
|-heal|p1a: Jirachi|263/404|[from] item: Leftovers
|-heal|p2a: Breloom|220/282 tox|[from] ability: Poison Heal
|turn|89
|chat|BBP EVERYWHERE|OH GOd
|chat|BBP EVERYWHERE|PLS
|chat|BBP EVERYWHERE|NO
|
|move|p1a: Jirachi|Iron Head|p2a: Breloom
|-damage|p2a: Breloom|115/282 tox
|move|p2a: Breloom|Leech Seed|p1a: Jirachi
|-start|p1a: Jirachi|move: Leech Seed
|
|-heal|p1a: Jirachi|288/404|[from] item: Leftovers
|-damage|p1a: Jirachi|238/404|[from] Leech Seed|[of] p2a: Breloom
|-heal|p2a: Breloom|165/282 tox|[silent]
|-heal|p2a: Breloom|200/282 tox|[from] ability: Poison Heal
|turn|90
|
|switch|p1a: Slowbro|Slowbro, M|234/394 brn
|-damage|p1a: Slowbro|185/394 brn|[from] Stealth Rock
|move|p2a: Breloom|Substitute|p2a: Breloom
|-start|p2a: Breloom|Substitute
|-damage|p2a: Breloom|130/282 tox
|
|-heal|p1a: Slowbro|209/394 brn|[from] item: Leftovers
|-heal|p2a: Breloom|165/282 tox|[from] ability: Poison Heal
|-damage|p1a: Slowbro|160/394 brn|[from] brn
|turn|91
|
|move|p2a: Breloom|Leech Seed|p1a: Slowbro
|-start|p1a: Slowbro|move: Leech Seed
|move|p1a: Slowbro|Slack Off|p1a: Slowbro
|-heal|p1a: Slowbro|357/394 brn
|
|-heal|p1a: Slowbro|381/394 brn|[from] item: Leftovers
|-damage|p1a: Slowbro|332/394 brn|[from] Leech Seed|[of] p2a: Breloom
|-heal|p2a: Breloom|214/282 tox|[silent]
|-heal|p2a: Breloom|249/282 tox|[from] ability: Poison Heal
|-damage|p1a: Slowbro|283/394 brn|[from] brn
|turn|92
|chat|BBP EVERYWHERE|WDF
|chat|BBP EVERYWHERE|WAIt
|chat|BBP EVERYWHERE|YOU STILL HAD SOmE
|
|-singleturn|p2a: Breloom|move: Focus Punch
|move|p1a: Slowbro|Psychic|p2a: Breloom
|-supereffective|p2a: Breloom
|-end|p2a: Breloom|Substitute
|move|p2a: Breloom|Focus Punch|p1a: Slowbro
|-resisted|p1a: Slowbro
|-damage|p1a: Slowbro|201/394 brn
|
|-heal|p1a: Slowbro|225/394 brn|[from] item: Leftovers
|-damage|p1a: Slowbro|176/394 brn|[from] Leech Seed|[of] p2a: Breloom
|-heal|p2a: Breloom|282/282 tox|[silent]
|-damage|p1a: Slowbro|127/394 brn|[from] brn
|turn|93
|
|switch|p2a: Sableye|Sableye, M|301/304
|-damage|p2a: Sableye|263/304|[from] Stealth Rock
|switch|p1a: Mamoswine|Mamoswine, F|194/361
|-damage|p1a: Mamoswine|149/361|[from] Stealth Rock
|
|-heal|p2a: Sableye|282/304|[from] item: Leftovers
|turn|94
|
|move|p2a: Sableye|Fake Out|p1a: Mamoswine
|-damage|p1a: Mamoswine|118/361
|cant|p1a: Mamoswine|flinch
|
|-heal|p2a: Sableye|301/304|[from] item: Leftovers
|turn|95
|
|move|p2a: Sableye|Will-O-Wisp|p1a: Mamoswine
|-status|p1a: Mamoswine|brn
|move|p1a: Mamoswine|Roar|p2a: Sableye
|drag|p2a: Blastoise|Blastoise, F|124/362
|-damage|p2a: Blastoise|79/362|[from] Stealth Rock
|
|-heal|p2a: Blastoise|101/362|[from] item: Leftovers
|-damage|p1a: Mamoswine|73/361 brn|[from] brn
|turn|96
|chat|BBP EVERYWHERE|I SEE...
|
|move|p2a: Blastoise|Protect|p2a: Blastoise
|-singleturn|p2a: Blastoise|Protect
|move|p1a: Mamoswine|Earthquake|p2a: Blastoise
|-activate|p2a: Blastoise|Protect
|
|-heal|p2a: Blastoise|123/362|[from] item: Leftovers
|-damage|p1a: Mamoswine|28/361 brn|[from] brn
|turn|97
|
|move|p2a: Blastoise|Protect|p2a: Blastoise
|-fail|p2a: Blastoise
|move|p1a: Mamoswine|Earthquake|p2a: Blastoise
|-damage|p2a: Blastoise|47/362
|
|-heal|p2a: Blastoise|69/362|[from] item: Leftovers
|-damage|p1a: Mamoswine|0 fnt|[from] brn
|faint|p1a: Mamoswine
|chat|BBP EVERYWHERE|NOO
|chat|BBP EVERYWHERE|o
|
|switch|p1a: Jirachi|Jirachi|238/404
|-damage|p1a: Jirachi|213/404|[from] Stealth Rock
|turn|98
|
|move|p1a: Jirachi|Wish|p1a: Jirachi
|move|p2a: Blastoise|Scald|p1a: Jirachi
|-damage|p1a: Jirachi|120/404
|
|-heal|p1a: Jirachi|145/404|[from] item: Leftovers
|-heal|p2a: Blastoise|91/362|[from] item: Leftovers
|turn|99
|
|move|p1a: Jirachi|Body Slam|p2a: Blastoise
|-damage|p2a: Blastoise|35/362
|-status|p2a: Blastoise|par
|move|p2a: Blastoise|Toxic|p1a: Jirachi|[miss]
|-miss|p2a: Blastoise|p1a: Jirachi
|
|-heal|p1a: Jirachi|347/404|[from] move: Wish|[wisher] Jirachi
|-heal|p1a: Jirachi|372/404|[from] item: Leftovers
|-heal|p2a: Blastoise|57/362 par|[from] item: Leftovers
|turn|100
|chat|BBP EVERYWHERE|loolol
|chat|BBP EVERYWHERE|oh god
|
|move|p2a: Blastoise|Protect|p2a: Blastoise
|-singleturn|p2a: Blastoise|Protect
|move|p1a: Jirachi|Iron Head|p2a: Blastoise
|-activate|p2a: Blastoise|Protect
|
|-heal|p1a: Jirachi|397/404|[from] item: Leftovers
|-heal|p2a: Blastoise|79/362 par|[from] item: Leftovers
|turn|101
|chat|inglesesfeo|wooo
|
|move|p1a: Jirachi|Iron Head|p2a: Blastoise
|-resisted|p2a: Blastoise
|-damage|p2a: Blastoise|38/362 par
|move|p2a: Blastoise|Scald|p1a: Jirachi
|-damage|p1a: Jirachi|300/404
|
|-heal|p1a: Jirachi|325/404|[from] item: Leftovers
|-heal|p2a: Blastoise|60/362 par|[from] item: Leftovers
|turn|102
|chat|BBP EVERYWHERE|PLS
|chat|BBP EVERYWHERE|PLS
|
|cant|p2a: Blastoise|par
|move|p1a: Jirachi|Wish|p1a: Jirachi
|
|-heal|p1a: Jirachi|350/404|[from] item: Leftovers
|-heal|p2a: Blastoise|82/362 par|[from] item: Leftovers
|turn|103
|chat|BBP EVERYWHERE|OH GOd
|
|move|p1a: Jirachi|Body Slam|p2a: Blastoise
|-damage|p2a: Blastoise|22/362 par
|cant|p2a: Blastoise|par
|
|-heal|p1a: Jirachi|404/404|[from] move: Wish|[wisher] Jirachi
|-heal|p2a: Blastoise|44/362 par|[from] item: Leftovers
|turn|104
|chat|BBP EVERYWHERE|NO
|chat|BBP EVERYWHERE|PLS
|chat|inglesesfeo|HAX
|
|move|p2a: Blastoise|Protect|p2a: Blastoise
|-singleturn|p2a: Blastoise|Protect
|move|p1a: Jirachi|Iron Head|p2a: Blastoise
|-activate|p2a: Blastoise|Protect
|
|-heal|p2a: Blastoise|66/362 par|[from] item: Leftovers
|turn|105
|
|move|p1a: Jirachi|Iron Head|p2a: Blastoise
|-resisted|p2a: Blastoise
|-damage|p2a: Blastoise|27/362 par
|cant|p2a: Blastoise|par
|
|-heal|p2a: Blastoise|49/362 par|[from] item: Leftovers
|turn|106
|chat|BBP EVERYWHERE|OH GOd
|
|move|p2a: Blastoise|Protect|p2a: Blastoise
|-singleturn|p2a: Blastoise|Protect
|move|p1a: Jirachi|Iron Head|p2a: Blastoise
|-activate|p2a: Blastoise|Protect
|
|-heal|p2a: Blastoise|71/362 par|[from] item: Leftovers
|turn|107
|
|move|p1a: Jirachi|Iron Head|p2a: Blastoise
|-resisted|p2a: Blastoise
|-damage|p2a: Blastoise|28/362 par
|cant|p2a: Blastoise|flinch
|
|-heal|p2a: Blastoise|50/362 par|[from] item: Leftovers
|turn|108
|chat|inglesesfeo|i dont think either of us has gotten a single crit on anything the whole battle
|
|move|p1a: Jirachi|Iron Head|p2a: Blastoise
|-resisted|p2a: Blastoise
|-damage|p2a: Blastoise|4/362 par
|cant|p2a: Blastoise|flinch
|
|-heal|p2a: Blastoise|26/362 par|[from] item: Leftovers
|turn|109
|chat|BBP EVERYWHERE|lol
|chat|BBP EVERYWHERE|thank god also
|
|move|p2a: Blastoise|Protect|p2a: Blastoise
|-singleturn|p2a: Blastoise|Protect
|move|p1a: Jirachi|Iron Head|p2a: Blastoise
|-activate|p2a: Blastoise|Protect
|
|-heal|p2a: Blastoise|48/362 par|[from] item: Leftovers
|turn|110
|
|move|p1a: Jirachi|Body Slam|p2a: Blastoise
|-damage|p2a: Blastoise|0 fnt
|faint|p2a: Blastoise
|
|chat|BBP EVERYWHERE|OH GOd
|
|switch|p2a: Sableye|Sableye, M|301/304
|-damage|p2a: Sableye|263/304|[from] Stealth Rock
|turn|111
|
|move|p1a: Jirachi|Protect|p1a: Jirachi
|-singleturn|p1a: Jirachi|Protect
|move|p2a: Sableye|Fake Out|p1a: Jirachi
|-activate|p1a: Jirachi|Protect
|
|-heal|p2a: Sableye|282/304|[from] item: Leftovers
|turn|112
|
|move|p2a: Sableye|Recover|p2a: Sableye
|-heal|p2a: Sableye|304/304
|move|p1a: Jirachi|Iron Head|p2a: Sableye
|-damage|p2a: Sableye|180/304
|
|-heal|p2a: Sableye|199/304|[from] item: Leftovers
|turn|113
|chat|BBP EVERYWHERE|hmm
|
|move|p2a: Sableye|Recover|p2a: Sableye
|-heal|p2a: Sableye|304/304
|move|p1a: Jirachi|Iron Head|p2a: Sableye
|-damage|p2a: Sableye|192/304
|
|-heal|p2a: Sableye|211/304|[from] item: Leftovers
|turn|114
|
|move|p2a: Sableye|Will-O-Wisp|p1a: Jirachi
|-status|p1a: Jirachi|brn
|move|p1a: Jirachi|Iron Head|p2a: Sableye
|-crit|p2a: Sableye
|-damage|p2a: Sableye|97/304
|
|-heal|p2a: Sableye|116/304|[from] item: Leftovers
|-damage|p1a: Jirachi|354/404 brn|[from] brn
|turn|115
|chat|BBP EVERYWHERE|there's your crit
|
|move|p2a: Sableye|Recover|p2a: Sableye
|-heal|p2a: Sableye|268/304
|move|p1a: Jirachi|Iron Head|p2a: Sableye
|-damage|p2a: Sableye|208/304
|
|-heal|p1a: Jirachi|379/404 brn|[from] item: Leftovers
|-heal|p2a: Sableye|227/304|[from] item: Leftovers
|-damage|p1a: Jirachi|329/404 brn|[from] brn
|turn|116
|chat|inglesesfeo|lol
|
|switch|p2a: Breloom|Breloom, F|282/282 tox
|-damage|p2a: Breloom|265/282 tox|[from] Stealth Rock
|move|p1a: Jirachi|Wish|p1a: Jirachi
|
|-heal|p1a: Jirachi|354/404 brn|[from] item: Leftovers
|-damage|p1a: Jirachi|304/404 brn|[from] brn
|-heal|p2a: Breloom|282/282 tox|[from] ability: Poison Heal
|turn|117
|chat|inglesesfeo|hax time?
|
|move|p1a: Jirachi|Iron Head|p2a: Breloom
|-damage|p2a: Breloom|234/282 tox
|cant|p2a: Breloom|flinch
|
|-heal|p1a: Jirachi|404/404 brn|[from] move: Wish|[wisher] Jirachi
|-damage|p1a: Jirachi|354/404 brn|[from] brn
|-heal|p2a: Breloom|269/282 tox|[from] ability: Poison Heal
|turn|118
|chat|BBP EVERYWHERE|im gonna cry
|chat|inglesesfeo|its not going to work
|chat|inglesesfeo|im doing effectively 4% per
|chat|inglesesfeo|and thats before seed
|
|move|p1a: Jirachi|Iron Head|p2a: Breloom
|-damage|p2a: Breloom|218/282 tox
|move|p2a: Breloom|Leech Seed|p1a: Jirachi
|-start|p1a: Jirachi|move: Leech Seed
|
|-heal|p1a: Jirachi|379/404 brn|[from] item: Leftovers
|-damage|p1a: Jirachi|329/404 brn|[from] Leech Seed|[of] p2a: Breloom
|-heal|p2a: Breloom|268/282 tox|[silent]
|-damage|p1a: Jirachi|279/404 brn|[from] brn
|-heal|p2a: Breloom|282/282 tox|[from] ability: Poison Heal
|turn|119
|chat|BBP EVERYWHERE|yus
|
|-singleturn|p2a: Breloom|move: Focus Punch
|move|p1a: Jirachi|Wish|p1a: Jirachi
|move|p2a: Breloom|Focus Punch|p1a: Jirachi
|-damage|p1a: Jirachi|32/404 brn
|
|-heal|p1a: Jirachi|57/404 brn|[from] item: Leftovers
|-damage|p1a: Jirachi|7/404 brn|[from] Leech Seed|[of] p2a: Breloom
|-damage|p1a: Jirachi|0 fnt|[from] brn
|faint|p1a: Jirachi
|
|switch|p1a: Slowbro|Slowbro, M|258/394 brn
|-damage|p1a: Slowbro|209/394 brn|[from] Stealth Rock
|turn|120
|chat|BBP EVERYWHERE|you're pretty chill guy
|chat|BBP EVERYWHERE|do you play league of legends?
|chat|inglesesfeo|u too
|chat|inglesesfeo|nah
|chat|BBP EVERYWHERE|dang
|chat|inglesesfeo|i dont really play video games
|chat|BBP EVERYWHERE|o
|chat|inglesesfeo|i just started this like 2 days ago
|chat|inglesesfeo|havent played any pokemon since DP haha
|chat|BBP EVERYWHERE|lol
|
|move|p2a: Breloom|Leech Seed|p1a: Slowbro
|-start|p1a: Slowbro|move: Leech Seed
|move|p1a: Slowbro|Scald|p2a: Breloom
|-resisted|p2a: Breloom
|-damage|p2a: Breloom|225/282 tox
|
|-heal|p1a: Slowbro|394/394 brn|[from] move: Wish|[wisher] Jirachi
|-damage|p1a: Slowbro|345/394 brn|[from] Leech Seed|[of] p2a: Breloom
|-heal|p2a: Breloom|274/282 tox|[silent]
|-heal|p2a: Breloom|282/282 tox|[from] ability: Poison Heal
|-damage|p1a: Slowbro|296/394 brn|[from] brn
|turn|121
|chat|BBP EVERYWHERE|oh wait
|
|switch|p2a: Sableye|Sableye, M|227/304
|-damage|p2a: Sableye|189/304|[from] Stealth Rock
|move|p1a: Slowbro|Psychic|p2a: Sableye
|-immune|p2a: Sableye|[msg]
|
|-heal|p2a: Sableye|208/304|[from] item: Leftovers
|-heal|p1a: Slowbro|320/394 brn|[from] item: Leftovers
|-damage|p1a: Slowbro|271/394 brn|[from] Leech Seed|[of] p2a: Sableye
|-heal|p2a: Sableye|257/304|[silent]
|-damage|p1a: Slowbro|222/394 brn|[from] brn
|turn|122
|chat|inglesesfeo|holy shit dude
|chat|inglesesfeo|that one move
|chat|inglesesfeo|cost me the ganme
|chat|BBP EVERYWHERE|what
|chat|inglesesfeo|if i had psychiced
|chat|BBP EVERYWHERE|yea
|chat|BBP EVERYWHERE|thats why
|chat|BBP EVERYWHERE|i was like
|chat|BBP EVERYWHERE|what
|
|switch|p1a: Scizor|Scizor, M|259/343 slp
|-damage|p1a: Scizor|217/343 slp|[from] Stealth Rock
|move|p2a: Sableye|Recover|p2a: Sableye
|-heal|p2a: Sableye|304/304
|
|turn|123
|
|switch|p2a: Breloom|Breloom, F|282/282 tox
|-damage|p2a: Breloom|265/282 tox|[from] Stealth Rock
|cant|p1a: Scizor|slp
|
|-heal|p2a: Breloom|282/282 tox|[from] ability: Poison Heal
|turn|124
|
|cant|p1a: Scizor|slp
|move|p2a: Breloom|Substitute|p2a: Breloom
|-start|p2a: Breloom|Substitute
|-damage|p2a: Breloom|212/282 tox
|
|-heal|p2a: Breloom|247/282 tox|[from] ability: Poison Heal
|turn|125
|chat|BBP EVERYWHERE|so hows life
|
|move|p2a: Breloom|Leech Seed|p1a: Scizor
|-start|p1a: Scizor|move: Leech Seed
|-curestatus|p1a: Scizor|slp
|move|p1a: Scizor|U-turn|p2a: Breloom
|-end|p2a: Breloom|Substitute
|
|switch|p1a: Slowbro|Slowbro, M|353/394 brn
|-damage|p1a: Slowbro|304/394 brn|[from] Stealth Rock
|
|-heal|p1a: Slowbro|328/394 brn|[from] item: Leftovers
|-heal|p2a: Breloom|282/282 tox|[from] ability: Poison Heal
|-damage|p1a: Slowbro|279/394 brn|[from] brn
|turn|126
|
|switch|p2a: Sableye|Sableye, M|304/304
|-damage|p2a: Sableye|266/304|[from] Stealth Rock
|move|p1a: Slowbro|Psychic|p2a: Sableye
|-immune|p2a: Sableye|[msg]
|
|-heal|p2a: Sableye|285/304|[from] item: Leftovers
|-heal|p1a: Slowbro|303/394 brn|[from] item: Leftovers
|-damage|p1a: Slowbro|254/394 brn|[from] brn
|turn|127
|chat|inglesesfeo|forgot spore?
|
|move|p2a: Sableye|Fake Out|p1a: Slowbro
|-crit|p1a: Slowbro
|-damage|p1a: Slowbro|218/394 brn
|cant|p1a: Slowbro|flinch
|
|-heal|p2a: Sableye|304/304|[from] item: Leftovers
|-heal|p1a: Slowbro|242/394 brn|[from] item: Leftovers
|-damage|p1a: Slowbro|193/394 brn|[from] brn
|turn|128
|
|move|p2a: Sableye|Fake Out|p1a: Slowbro
|-message|(Fake Out only works your first turn out.)
|-fail|p1a: Slowbro
|move|p1a: Slowbro|Psychic|p2a: Sableye
|-immune|p2a: Sableye|[msg]
|
|-heal|p1a: Slowbro|217/394 brn|[from] item: Leftovers
|-damage|p1a: Slowbro|168/394 brn|[from] brn
|turn|129
|
|move|p2a: Sableye|Fake Out|p1a: Slowbro
|-message|(Fake Out only works your first turn out.)
|-fail|p1a: Slowbro
|move|p1a: Slowbro|Scald|p2a: Sableye
|-damage|p2a: Sableye|211/304
|
|-heal|p2a: Sableye|230/304|[from] item: Leftovers
|-heal|p1a: Slowbro|192/394 brn|[from] item: Leftovers
|-damage|p1a: Slowbro|143/394 brn|[from] brn
|turn|130
|
|move|p2a: Sableye|Fake Out|p1a: Slowbro
|-message|(Fake Out only works your first turn out.)
|-fail|p1a: Slowbro
|move|p1a: Slowbro|Psychic|p2a: Sableye
|-immune|p2a: Sableye|[msg]
|
|-heal|p2a: Sableye|249/304|[from] item: Leftovers
|-heal|p1a: Slowbro|167/394 brn|[from] item: Leftovers
|-damage|p1a: Slowbro|118/394 brn|[from] brn
|turn|131
|
|move|p2a: Sableye|Recover|p2a: Sableye
|-heal|p2a: Sableye|304/304
|move|p1a: Slowbro|Slack Off|p1a: Slowbro
|-heal|p1a: Slowbro|315/394 brn
|
|-heal|p1a: Slowbro|339/394 brn|[from] item: Leftovers
|-damage|p1a: Slowbro|290/394 brn|[from] brn
|turn|132
|chat|BBP EVERYWHERE|o
|chat|BBP EVERYWHERE|m
|chat|BBP EVERYWHERE|f
|chat|BBP EVERYWHERE|g
|chat|BBP EVERYWHERE|you still
|chat|BBP EVERYWHERE|have 
|chat|BBP EVERYWHERE|slack off
|chat|inglesesfeo|lol
|chat|inglesesfeo|used regen to save it
|chat|BBP EVERYWHERE|what regen
|chat|BBP EVERYWHERE|??
|chat|BBP EVERYWHERE|????????????????????
|chat|inglesesfeo|no i mean
|chat|inglesesfeo|ability
|chat|BBP EVERYWHERE|what
|chat|BBP EVERYWHERE|what
|chat|BBP EVERYWHERE|what ability
|chat|inglesesfeo|slowbro heals 33% on switch
|
|move|p2a: Sableye|Recover|p2a: Sableye
|-fail|p2a: Sableye
|move|p1a: Slowbro|Scald|p2a: Sableye
|-damage|p2a: Sableye|204/304
|
|-heal|p2a: Sableye|223/304|[from] item: Leftovers
|-heal|p1a: Slowbro|314/394 brn|[from] item: Leftovers
|-damage|p1a: Slowbro|265/394 brn|[from] brn
|turn|133
|chat|BBP EVERYWHERE|oh
|chat|BBP EVERYWHERE|i thought you mean
|chat|BBP EVERYWHERE|something else
|
|switch|p2a: Breloom|Breloom, F|282/282 tox
|-damage|p2a: Breloom|265/282 tox|[from] Stealth Rock
|move|p1a: Slowbro|Scald|p2a: Breloom
|-resisted|p2a: Breloom
|-damage|p2a: Breloom|197/282 tox
|
|-heal|p1a: Slowbro|289/394 brn|[from] item: Leftovers
|-heal|p2a: Breloom|232/282 tox|[from] ability: Poison Heal
|-damage|p1a: Slowbro|240/394 brn|[from] brn
|turn|134
|chat|inglesesfeo|yeah i used an ether
|chat|BBP EVERYWHERE|kikki
|chat|BBP EVERYWHERE|lolo
|
|move|p2a: Breloom|Substitute|p2a: Breloom
|-start|p2a: Breloom|Substitute
|-damage|p2a: Breloom|162/282 tox
|move|p1a: Slowbro|Psychic|p2a: Breloom
|-supereffective|p2a: Breloom
|-end|p2a: Breloom|Substitute
|
|-heal|p1a: Slowbro|264/394 brn|[from] item: Leftovers
|-heal|p2a: Breloom|197/282 tox|[from] ability: Poison Heal
|-damage|p1a: Slowbro|215/394 brn|[from] brn
|turn|135
|
|move|p2a: Breloom|Substitute|p2a: Breloom
|-start|p2a: Breloom|Substitute
|-damage|p2a: Breloom|127/282 tox
|move|p1a: Slowbro|Psychic|p2a: Breloom
|-supereffective|p2a: Breloom
|-end|p2a: Breloom|Substitute
|
|-heal|p1a: Slowbro|239/394 brn|[from] item: Leftovers
|-heal|p2a: Breloom|162/282 tox|[from] ability: Poison Heal
|-damage|p1a: Slowbro|190/394 brn|[from] brn
|turn|136
|
|switch|p2a: Sableye|Sableye, M|223/304
|-damage|p2a: Sableye|185/304|[from] Stealth Rock
|move|p1a: Slowbro|Psychic|p2a: Sableye
|-immune|p2a: Sableye|[msg]
|
|-heal|p2a: Sableye|204/304|[from] item: Leftovers
|-heal|p1a: Slowbro|214/394 brn|[from] item: Leftovers
|-damage|p1a: Slowbro|165/394 brn|[from] brn
|turn|137
|chat|BBP EVERYWHERE|y are you so smart 
|chat|BBP EVERYWHERE|god dang it
|
|move|p2a: Sableye|Recover|p2a: Sableye
|-heal|p2a: Sableye|304/304
|move|p1a: Slowbro|Scald|p2a: Sableye
|-damage|p2a: Sableye|195/304
|
|-heal|p2a: Sableye|214/304|[from] item: Leftovers
|-heal|p1a: Slowbro|189/394 brn|[from] item: Leftovers
|-damage|p1a: Slowbro|140/394 brn|[from] brn
|turn|138
|chat|inglesesfeo|was thinking of scalding
|chat|inglesesfeo|but not worth the substitute
|
|move|p2a: Sableye|Will-O-Wisp|p1a: Slowbro
|-fail|p1a: Slowbro|brn
|move|p1a: Slowbro|Scald|p2a: Sableye
|-damage|p2a: Sableye|114/304
|-status|p2a: Sableye|brn
|
|-heal|p2a: Sableye|133/304 brn|[from] item: Leftovers
|-heal|p1a: Slowbro|164/394 brn|[from] item: Leftovers
|-damage|p2a: Sableye|95/304 brn|[from] brn
|-damage|p1a: Slowbro|115/394 brn|[from] brn
|turn|139
|chat|BBP EVERYWHERE|aWELFJAEW:LFJAEW:
|chat|BBP EVERYWHERE|its funny
|chat|inglesesfeo|here we go
|chat|BBP EVERYWHERE|because
|chat|BBP EVERYWHERE|im out
|chat|BBP EVERYWHERE|of pp
|chat|BBP EVERYWHERE|right as you got that
|chat|inglesesfeo|it took me
|chat|inglesesfeo|16 scalds
|chat|inglesesfeo|to get one burn
|chat|BBP EVERYWHERE|that's actually kinda funny
|chat|BBP EVERYWHERE|i litterally
|chat|BBP EVERYWHERE|just
|chat|BBP EVERYWHERE|ran out
|chat|BBP EVERYWHERE|of pp
|chat|inglesesfeo|out of ALL pp?
|chat|BBP EVERYWHERE|on everything
|chat|BBP EVERYWHERE|yea
|chat|BBP EVERYWHERE|that's hilarious
|chat|BBP EVERYWHERE|lemme screen shot this
|chat|inglesesfeo|thats some shit man
|chat|BBP EVERYWHERE|just so i can remember that
|chat|inglesesfeo|hahahaha
|
|-activate|p2a: Sableye|move: Struggle
|move|p2a: Sableye|Struggle|p1a: Slowbro
|-damage|p1a: Slowbro|103/394 brn
|-damage|p2a: Sableye|19/304 brn
|move|p1a: Slowbro|Psychic|p2a: Sableye
|-immune|p2a: Sableye|[msg]
|
|-heal|p2a: Sableye|38/304 brn|[from] item: Leftovers
|-heal|p1a: Slowbro|127/394 brn|[from] item: Leftovers
|-damage|p2a: Sableye|0 fnt|[from] brn
|-damage|p1a: Slowbro|78/394 brn|[from] brn
|faint|p2a: Sableye
|chat|inglesesfeo|i was planning on just getting your sableeye low enough and burned
|
|switch|p2a: Breloom|Breloom, F|162/282 tox
|-damage|p2a: Breloom|145/282 tox|[from] Stealth Rock
|turn|140
|chat|inglesesfeo|that i could sweep with bullet punch
|
|move|p2a: Breloom|Substitute|p2a: Breloom
|-start|p2a: Breloom|Substitute
|-damage|p2a: Breloom|75/282 tox
|move|p1a: Slowbro|Psychic|p2a: Breloom
|-supereffective|p2a: Breloom
|-end|p2a: Breloom|Substitute
|
|-heal|p1a: Slowbro|102/394 brn|[from] item: Leftovers
|-heal|p2a: Breloom|110/282 tox|[from] ability: Poison Heal
|-damage|p1a: Slowbro|53/394 brn|[from] brn
|turn|141
|
|move|p2a: Breloom|Substitute|p2a: Breloom
|-start|p2a: Breloom|Substitute
|-damage|p2a: Breloom|40/282 tox
|move|p1a: Slowbro|Psychic|p2a: Breloom
|-crit|p2a: Breloom
|-supereffective|p2a: Breloom
|-end|p2a: Breloom|Substitute
|
|-heal|p1a: Slowbro|77/394 brn|[from] item: Leftovers
|-heal|p2a: Breloom|75/282 tox|[from] ability: Poison Heal
|-damage|p1a: Slowbro|28/394 brn|[from] brn
|turn|142
|chat|inglesesfeo|tis the problem with mono attacking breloom
|
|move|p2a: Breloom|Substitute|p2a: Breloom
|-start|p2a: Breloom|Substitute
|-damage|p2a: Breloom|5/282 tox
|move|p1a: Slowbro|Psychic|p2a: Breloom
|-supereffective|p2a: Breloom
|-end|p2a: Breloom|Substitute
|
|-heal|p1a: Slowbro|52/394 brn|[from] item: Leftovers
|-heal|p2a: Breloom|40/282 tox|[from] ability: Poison Heal
|-damage|p1a: Slowbro|3/394 brn|[from] brn
|turn|143
|chat|BBP EVERYWHERE|o
|chat|BBP EVERYWHERE|mfg
|chat|BBP EVERYWHERE|LOOOL
|chat|BBP EVERYWHERE|LMFAO
|chat|BBP EVERYWHERE|LMFAO
|chat|BBP EVERYWHERE|LMFAO
|chat|inglesesfeo|out of pyshic
|
|move|p2a: Breloom|Leech Seed|p1a: Slowbro
|-start|p1a: Slowbro|move: Leech Seed
|move|p1a: Slowbro|Scald|p2a: Breloom
|-resisted|p2a: Breloom
|-damage|p2a: Breloom|0 fnt
|faint|p2a: Breloom
|
|win|inglesesfeo
|raw|Ladder updating...
|raw|inglesesfeo's rating: 1350 &rarr; <strong>1368</strong><br />(+18 for winning)
|raw|BBP EVERYWHERE's rating: 1313 &rarr; <strong>1295</strong><br />(-18 for losing)
|chat|inglesesfeo|lol
|chat|BBP EVERYWHERE|NO WAY
|chat|BBP EVERYWHERE|LOL
|chat|BBP EVERYWHERE|AEWFNOAWEFJaew
|chat|BBP EVERYWHERE|aw'OFMg
|chat|inglesesfeo|dude
|chat|inglesesfeo|if that scaled hadnt ko'd
|chat|BBP EVERYWHERE|i just ran out of health
|chat|BBP EVERYWHERE|for sub
|chat|BBP EVERYWHERE|stitute
|chat|inglesesfeo|i might have been done for
|chat|BBP EVERYWHERE|OMFG
|chat|BBP EVERYWHERE|the timing
|chat|inglesesfeo|because leech seed and toxic
|chat|inglesesfeo|damn dude
|chat|inglesesfeo|this was a crazy battle
|chat|inglesesfeo|good game man
|chat|BBP EVERYWHERE|LOL
|chat|inglesesfeo|im saving this