|j|☆Alexia B.
|j|☆phosphor
|t:|1724981249
|gametype|singles
|player|p1|Alexia B.|cynthia|1506
|player|p2|phosphor|#phosphor|1434
|teamsize|p1|6
|teamsize|p2|6
|gen|5
|tier|[Gen 5] OU
|rated|
|rule|Species Clause: Limit one of each Pokémon
|rule|OHKO Clause: OHKO moves are banned
|rule|Moody Clause: Moody is banned
|rule|Evasion Items Clause: Evasion items are banned
|rule|Evasion Moves Clause: Evasion moves are banned
|rule|Endless Battle Clause: Forcing endless battles is banned
|rule|HP Percentage Mod: HP is shown in percentages
|rule|Evasion Abilities Clause: Evasion abilities are banned
|rule|Sleep Moves Clause: Sleep-inducing moves are banned
|rule|Swagger Clause: Swagger is banned
|rule|Baton Pass Stat Clause: No Baton Passer may have a way to boost its stats
|clearpoke
|poke|p1|Chansey, F|item
|poke|p1|Politoed, F|item
|poke|p1|Jirachi|item
|poke|p1|Gliscor, F|item
|poke|p1|Jellicent, M|item
|poke|p1|Ferrothorn, M|item
|poke|p2|Ninetales, M|item
|poke|p2|Blissey, F|item
|poke|p2|Cresselia, F|item
|poke|p2|Excadrill, M|item
|poke|p2|Volcarona, F|item
|poke|p2|Rotom-Wash|item
|teampreview
|c|☆phosphor|Gl hf
|
|t:|1724981266
|start
|switch|p1a: Chansey|Chansey, F|100/100
|switch|p2a: Ninetales|Ninetales, M|100/100
|-weather|SunnyDay|[from] ability: Drought|[of] p2a: Ninetales
|turn|1
|
|t:|1724981273
|switch|p2a: Excadrill|Excadrill, M|100/100
|-ability|p2a: Excadrill|Mold Breaker
|move|p1a: Chansey|Stealth Rock|p2a: Excadrill
|-sidestart|p2: phosphor|move: Stealth Rock
|
|-weather|SunnyDay|[upkeep]
|upkeep
|turn|2
|
|t:|1724981280
|switch|p1a: Gliscor|Gliscor, F|100/100
|move|p2a: Excadrill|Substitute|p2a: Excadrill
|-start|p2a: Excadrill|Substitute
|-damage|p2a: Excadrill|75/100
|
|-weather|SunnyDay|[upkeep]
|-heal|p2a: Excadrill|82/100|[from] item: Leftovers
|-status|p1a: Gliscor|tox|[from] item: Toxic Orb
|upkeep
|turn|3
|
|t:|1724981285
|move|p2a: Excadrill|Rapid Spin|p1a: Gliscor
|-damage|p1a: Gliscor|97/100 tox
|-sideend|p2: phosphor|Stealth Rock|[from] move: Rapid Spin|[of] p2a: Excadrill
|move|p1a: Gliscor|Earthquake|p2a: Excadrill
|-supereffective|p2a: Excadrill
|-crit|p2a: Excadrill
|-end|p2a: Excadrill|Substitute
|
|-weather|SunnyDay|[upkeep]
|-heal|p2a: Excadrill|88/100|[from] item: Leftovers
|-heal|p1a: Gliscor|100/100 tox|[from] ability: Poison Heal
|upkeep
|turn|4
|
|t:|1724981313
|switch|p2a: Blissey|Blissey, F|100/100
|move|p1a: Gliscor|Toxic|p2a: Blissey|[miss]
|-miss|p1a: Gliscor|p2a: Blissey
|
|-weather|SunnyDay|[upkeep]
|upkeep
|turn|5
|
|t:|1724981321
|switch|p1a: Chansey|Chansey, F|100/100
|move|p2a: Blissey|Stealth Rock|p1a: Chansey
|-sidestart|p1: Alexia B.|move: Stealth Rock
|
|-weather|SunnyDay|[upkeep]
|upkeep
|turn|6
|
|t:|1724981325
|switch|p2a: Excadrill|Excadrill, M|88/100
|-ability|p2a: Excadrill|Mold Breaker
|move|p1a: Chansey|Stealth Rock|p2a: Excadrill
|-sidestart|p2: phosphor|move: Stealth Rock
|
|-weather|SunnyDay|[upkeep]
|-heal|p2a: Excadrill|94/100|[from] item: Leftovers
|upkeep
|turn|7
|
|t:|1724981331
|switch|p1a: Gliscor|Gliscor, F|100/100 tox
|-damage|p1a: Gliscor|88/100 tox|[from] Stealth Rock
|move|p2a: Excadrill|Substitute|p2a: Excadrill
|-start|p2a: Excadrill|Substitute
|-damage|p2a: Excadrill|69/100
|
|-weather|SunnyDay|[upkeep]
|-heal|p2a: Excadrill|75/100|[from] item: Leftovers
|-heal|p1a: Gliscor|100/100 tox|[from] ability: Poison Heal
|upkeep
|turn|8
|
|t:|1724981335
|move|p2a: Excadrill|Rapid Spin|p1a: Gliscor
|-damage|p1a: Gliscor|96/100 tox
|-sideend|p2: phosphor|Stealth Rock|[from] move: Rapid Spin|[of] p2a: Excadrill
|move|p1a: Gliscor|Earthquake|p2a: Excadrill
|-supereffective|p2a: Excadrill
|-end|p2a: Excadrill|Substitute
|
|-weather|SunnyDay|[upkeep]
|-heal|p2a: Excadrill|81/100|[from] item: Leftovers
|-heal|p1a: Gliscor|100/100 tox|[from] ability: Poison Heal
|upkeep
|turn|9
|
|t:|1724981345
|switch|p2a: Rotom|Rotom-Wash|100/100
|move|p1a: Gliscor|Earthquake|p2a: Rotom
|-immune|p2a: Rotom|[from] ability: Levitate
|
|-weather|SunnyDay|[upkeep]
|upkeep
|turn|10
|
|t:|1724981349
|move|p1a: Gliscor|Protect|p1a: Gliscor
|-singleturn|p1a: Gliscor|Protect
|move|p2a: Rotom|Hidden Power|p1a: Gliscor
|-activate|p1a: Gliscor|move: Protect
|
|-weather|SunnyDay|[upkeep]
|upkeep
|turn|11
|
|t:|1724981355
|switch|p1a: Chansey|Chansey, F|100/100
|-damage|p1a: Chansey|88/100|[from] Stealth Rock
|move|p2a: Rotom|Volt Switch|p1a: Chansey
|-damage|p1a: Chansey|80/100
|
|t:|1724981368
|switch|p2a: Volcarona|Volcarona, F|100/100|[from] Volt Switch
|
|-weather|SunnyDay|[upkeep]
|upkeep
|turn|12
|
|t:|1724981372
|move|p2a: Volcarona|Quiver Dance|p2a: Volcarona
|-boost|p2a: Volcarona|spa|1
|-boost|p2a: Volcarona|spd|1
|-boost|p2a: Volcarona|spe|1
|move|p1a: Chansey|Stealth Rock|p2a: Volcarona
|-sidestart|p2: phosphor|move: Stealth Rock
|
|-weather|SunnyDay|[upkeep]
|upkeep
|turn|13
|
|t:|1724981377
|switch|p1a: Politoed|Politoed, F|100/100
|-damage|p1a: Politoed|88/100|[from] Stealth Rock
|-weather|RainDance|[from] ability: Drizzle|[of] p1a: Politoed
|move|p2a: Volcarona|Quiver Dance|p2a: Volcarona
|-boost|p2a: Volcarona|spa|1
|-boost|p2a: Volcarona|spd|1
|-boost|p2a: Volcarona|spe|1
|
|-weather|RainDance|[upkeep]
|upkeep
|turn|14
|
|t:|1724981381
|move|p2a: Volcarona|Bug Buzz|p1a: Politoed
|-damage|p1a: Politoed|0 fnt
|faint|p1a: Politoed
|
|-weather|RainDance|[upkeep]
|upkeep
|
|t:|1724981387
|switch|p1a: Jellicent|Jellicent, M|100/100
|-damage|p1a: Jellicent|88/100|[from] Stealth Rock
|turn|15
|
|t:|1724981391
|move|p2a: Volcarona|Bug Buzz|p1a: Jellicent
|-resisted|p1a: Jellicent
|-damage|p1a: Jellicent|48/100
|move|p1a: Jellicent|Scald|p2a: Volcarona
|-supereffective|p2a: Volcarona
|-damage|p2a: Volcarona|63/100
|
|-weather|RainDance|[upkeep]
|-heal|p1a: Jellicent|54/100|[from] item: Leftovers
|upkeep
|turn|16
|
|t:|1724981398
|move|p2a: Volcarona|Quiver Dance|p2a: Volcarona
|-boost|p2a: Volcarona|spa|1
|-boost|p2a: Volcarona|spd|1
|-boost|p2a: Volcarona|spe|1
|move|p1a: Jellicent|Recover|p1a: Jellicent
|-heal|p1a: Jellicent|100/100
|
|-weather|RainDance|[upkeep]
|upkeep
|turn|17
|
|t:|1724981405
|move|p2a: Volcarona|Quiver Dance|p2a: Volcarona
|-boost|p2a: Volcarona|spa|1
|-boost|p2a: Volcarona|spd|1
|-boost|p2a: Volcarona|spe|1
|move|p1a: Jellicent|Scald|p2a: Volcarona
|-supereffective|p2a: Volcarona
|-damage|p2a: Volcarona|39/100
|
|-weather|RainDance|[upkeep]
|upkeep
|turn|18
|
|t:|1724981411
|move|p2a: Volcarona|Bug Buzz|p1a: Jellicent
|-resisted|p1a: Jellicent
|-crit|p1a: Jellicent
|-damage|p1a: Jellicent|0 fnt
|faint|p1a: Jellicent
|
|-weather|RainDance|[upkeep]
|upkeep
|
|t:|1724981417
|switch|p1a: Gliscor|Gliscor, F|100/100 tox
|-damage|p1a: Gliscor|88/100 tox|[from] Stealth Rock
|turn|19
|
|t:|1724981425
|move|p2a: Volcarona|Bug Buzz|p1a: Gliscor
|-resisted|p1a: Gliscor
|-damage|p1a: Gliscor|0 fnt
|faint|p1a: Gliscor
|
|-weather|RainDance|[upkeep]
|upkeep
|-message|Alexia B. forfeited.
|
|win|phosphor
|raw|Alexia B.'s rating: 1506 &rarr; <strong>1482</strong><br />(-24 for losing)
|raw|phosphor's rating: 1434 &rarr; <strong>1458</strong><br />(+24 for winning)
|l|☆Alexia B.
|player|p1|
