|j|☆Yokao893
|j|☆el janitor
|t:|1707969646
|gametype|singles
|player|p1|Yokao893|hilbert|1434
|player|p2|el janitor|burglar|1367
|teamsize|p1|6
|teamsize|p2|6
|gen|5
|tier|[Gen 5] OU
|rated|
|rule|Species Clause: Limit one of each Pokémon
|rule|OHKO Clause: OHKO moves are banned
|rule|Moody Clause: Moody is banned
|rule|Evasion Items Clause: Evasion items are banned
|rule|Evasion Moves Clause: Evasion moves are banned
|rule|Endless Battle Clause: Forcing endless battles is banned
|rule|HP Percentage Mod: HP is shown in percentages
|rule|Evasion Abilities Clause: Evasion abilities are banned
|rule|Sleep Moves Clause: Sleep-inducing moves are banned
|rule|Swagger Clause: Swagger is banned
|rule|Baton Pass Stat Clause: No Baton Passer may have a way to boost its stats
|clearpoke
|poke|p1|Garchomp, M|item
|poke|p1|Magnezone|item
|poke|p1|Dragonite, M|item
|poke|p1|Cloyster, F|item
|poke|p1|Starmie|item
|poke|p1|Jirachi|item
|poke|p2|Politoed, M|item
|poke|p2|Landorus-Therian, M|item
|poke|p2|Tentacruel, F|item
|poke|p2|Toxicroak, F|item
|poke|p2|Tornadus, M|item
|poke|p2|Ferrothorn, F|item
|teampreview
|inactive|Battle timer is ON: inactive players will automatically lose when time's up. (requested by el janitor)
|inactive|Yokao893 also wants the timer to be on.
|
|t:|1707969650
|start
|switch|p1a: Chainchomp|Garchomp, M|100/100
|switch|p2a: Politoed|Politoed, M|100/100
|-weather|RainDance|[from] ability: Drizzle|[of] p2a: Politoed
|turn|1
|
|t:|1707969660
|move|p1a: Chainchomp|Stealth Rock|p2a: Politoed
|-sidestart|p2: el janitor|move: Stealth Rock
|move|p2a: Politoed|Encore|p1a: Chainchomp
|-start|p1a: Chainchomp|Encore
|
|-weather|RainDance|[upkeep]
|upkeep
|turn|2
|
|t:|1707969679
|switch|p1a: Footdive!|Jirachi|100/100
|move|p2a: Politoed|Scald|p1a: Footdive!
|-damage|p1a: Footdive!|63/100
|
|-weather|RainDance|[upkeep]
|upkeep
|turn|3
|
|t:|1707969688
|move|p2a: Politoed|Protect|p2a: Politoed
|-singleturn|p2a: Politoed|Protect
|move|p1a: Footdive!|U-turn|p2a: Politoed
|-activate|p2a: Politoed|move: Protect
|
|-weather|RainDance|[upkeep]
|upkeep
|turn|4
|
|t:|1707969693
|move|p1a: Footdive!|U-turn|p2a: Politoed
|-damage|p2a: Politoed|83/100
|
|t:|1707969695
|switch|p1a: Ultraman|Starmie|100/100|[from] U-turn
|-item|p1a: Ultraman|Air Balloon
|move|p2a: Politoed|Scald|p1a: Ultraman
|-resisted|p1a: Ultraman
|-damage|p1a: Ultraman|72/100
|-enditem|p1a: Ultraman|Air Balloon
|
|-weather|RainDance|[upkeep]
|-heal|p2a: Politoed|89/100|[from] item: Leftovers
|upkeep
|turn|5
|
|t:|1707969698
|switch|p2a: Ferrothorn|Ferrothorn, F|100/100
|-damage|p2a: Ferrothorn|94/100|[from] Stealth Rock
|move|p1a: Ultraman|Thunderbolt|p2a: Ferrothorn
|-resisted|p2a: Ferrothorn
|-damage|p2a: Ferrothorn|82/100
|
|-weather|RainDance|[upkeep]
|-heal|p2a: Ferrothorn|88/100|[from] item: Leftovers
|upkeep
|turn|6
|
|t:|1707969702
|switch|p1a: Gorilla Grip|Magnezone, shiny|100/100
|-item|p1a: Gorilla Grip|Air Balloon
|switch|p2a: Landorus|Landorus-Therian, M|100/100
|-damage|p2a: Landorus|88/100|[from] Stealth Rock
|-ability|p2a: Landorus|Intimidate|boost
|-unboost|p1a: Gorilla Grip|atk|1
|
|-weather|RainDance|[upkeep]
|upkeep
|turn|7
|
|t:|1707969706
|switch|p1a: Hiya Papaya|Cloyster, F, shiny|100/100
|move|p2a: Landorus|U-turn|p1a: Hiya Papaya
|-damage|p1a: Hiya Papaya|80/100
|
|t:|1707969734
|switch|p2a: Ferrothorn|Ferrothorn, F|88/100|[from] U-turn
|-damage|p2a: Ferrothorn|82/100|[from] Stealth Rock
|
|-weather|RainDance|[upkeep]
|-heal|p2a: Ferrothorn|88/100|[from] item: Leftovers
|upkeep
|turn|8
|
|t:|1707969754
|switch|p2a: Politoed|Politoed, M|89/100
|-damage|p2a: Politoed|76/100|[from] Stealth Rock
|move|p1a: Hiya Papaya|Shell Smash|p1a: Hiya Papaya
|-unboost|p1a: Hiya Papaya|def|1
|-unboost|p1a: Hiya Papaya|spd|1
|-boost|p1a: Hiya Papaya|atk|2
|-boost|p1a: Hiya Papaya|spa|2
|-boost|p1a: Hiya Papaya|spe|2
|
|-weather|RainDance|[upkeep]
|-heal|p2a: Politoed|83/100|[from] item: Leftovers
|upkeep
|turn|9
|
|t:|1707969757
|move|p1a: Hiya Papaya|Rock Blast|p2a: Politoed
|-damage|p2a: Politoed|70/100
|-damage|p2a: Politoed|58/100
|-damage|p2a: Politoed|45/100
|-damage|p2a: Politoed|33/100
|-damage|p2a: Politoed|20/100
|-hitcount|p2a: Politoed|5
|move|p2a: Politoed|Scald|p1a: Hiya Papaya
|-resisted|p1a: Hiya Papaya
|-damage|p1a: Hiya Papaya|10/100
|-status|p1a: Hiya Papaya|brn
|
|-weather|RainDance|[upkeep]
|-heal|p2a: Politoed|26/100|[from] item: Leftovers
|-damage|p1a: Hiya Papaya|0 fnt|[from] brn
|faint|p1a: Hiya Papaya
|upkeep
|
|t:|1707969764
|switch|p1a: Ultraman|Starmie|72/100
|turn|10
|
|t:|1707969767
|move|p2a: Politoed|Protect|p2a: Politoed
|-singleturn|p2a: Politoed|Protect
|move|p1a: Ultraman|Ice Beam|p2a: Politoed
|-activate|p2a: Politoed|move: Protect
|
|-weather|RainDance|[upkeep]
|-heal|p2a: Politoed|33/100|[from] item: Leftovers
|upkeep
|turn|11
|
|t:|1707969772
|switch|p1a: Gorilla Grip|Magnezone, shiny|100/100
|-item|p1a: Gorilla Grip|Air Balloon
|switch|p2a: Ferrothorn|Ferrothorn, F|88/100
|-damage|p2a: Ferrothorn|82/100|[from] Stealth Rock
|
|-weather|RainDance|[upkeep]
|-heal|p2a: Ferrothorn|88/100|[from] item: Leftovers
|upkeep
|turn|12
|
|t:|1707969779
|move|p1a: Gorilla Grip|Sunny Day|p1a: Gorilla Grip
|-weather|SunnyDay
|move|p2a: Ferrothorn|Stealth Rock|p1a: Gorilla Grip
|-sidestart|p1: Yokao893|move: Stealth Rock
|
|-weather|SunnyDay|[upkeep]
|-heal|p2a: Ferrothorn|94/100|[from] item: Leftovers
|upkeep
|turn|13
|
|t:|1707969784
|move|p1a: Gorilla Grip|Hidden Power|p2a: Ferrothorn
|-supereffective|p2a: Ferrothorn
|-damage|p2a: Ferrothorn|0 fnt
|faint|p2a: Ferrothorn
|
|-weather|SunnyDay|[upkeep]
|upkeep
|
|t:|1707969787
|switch|p2a: Politoed|Politoed, M|33/100
|-damage|p2a: Politoed|20/100|[from] Stealth Rock
|-weather|RainDance|[from] ability: Drizzle|[of] p2a: Politoed
|turn|14
|
|t:|1707969790
|move|p1a: Gorilla Grip|Sunny Day|p1a: Gorilla Grip
|-weather|SunnyDay
|move|p2a: Politoed|Encore|p1a: Gorilla Grip
|-start|p1a: Gorilla Grip|Encore
|
|-weather|SunnyDay|[upkeep]
|-heal|p2a: Politoed|26/100|[from] item: Leftovers
|upkeep
|turn|15
|
|t:|1707969797
|switch|p1a: Footdive!|Jirachi|63/100
|-damage|p1a: Footdive!|56/100|[from] Stealth Rock
|switch|p2a: Landorus|Landorus-Therian, M|88/100
|-damage|p2a: Landorus|76/100|[from] Stealth Rock
|-ability|p2a: Landorus|Intimidate|boost
|-unboost|p1a: Footdive!|atk|1
|
|-weather|SunnyDay|[upkeep]
|upkeep
|turn|16
|
|t:|1707969800
|move|p2a: Landorus|Earthquake|p1a: Footdive!
|-supereffective|p1a: Footdive!
|-damage|p1a: Footdive!|0 fnt
|faint|p1a: Footdive!
|
|-weather|SunnyDay|[upkeep]
|upkeep
|
|t:|1707969804
|switch|p1a: Gorilla Grip|Magnezone, shiny|100/100
|-damage|p1a: Gorilla Grip|94/100|[from] Stealth Rock
|-item|p1a: Gorilla Grip|Air Balloon
|turn|17
|
|t:|1707969810
|switch|p2a: Tentacruel|Tentacruel, F|100/100
|-damage|p2a: Tentacruel|88/100|[from] Stealth Rock
|move|p1a: Gorilla Grip|Thunderbolt|p2a: Tentacruel
|-supereffective|p2a: Tentacruel
|-crit|p2a: Tentacruel
|-damage|p2a: Tentacruel|0 fnt
|faint|p2a: Tentacruel
|
|-weather|SunnyDay|[upkeep]
|upkeep
|
|t:|1707969815
|switch|p2a: Toxicroak|Toxicroak, F|100/100
|-damage|p2a: Toxicroak|94/100|[from] Stealth Rock
|turn|18
|
|t:|1707969820
|move|p2a: Toxicroak|Drain Punch|p1a: Gorilla Grip
|-supereffective|p1a: Gorilla Grip
|-damage|p1a: Gorilla Grip|0 fnt
|-heal|p2a: Toxicroak|100/100|[from] drain|[of] p1a: Gorilla Grip
|-enditem|p1a: Gorilla Grip|Air Balloon
|faint|p1a: Gorilla Grip
|-damage|p2a: Toxicroak|91/100|[from] item: Life Orb
|
|-weather|none
|upkeep
|
|t:|1707969823
|switch|p1a: Ultraman|Starmie|72/100
|-damage|p1a: Ultraman|60/100|[from] Stealth Rock
|turn|19
|
|t:|1707969826
|move|p2a: Toxicroak|Sucker Punch|p1a: Ultraman
|-supereffective|p1a: Ultraman
|-damage|p1a: Ultraman|0 fnt
|faint|p1a: Ultraman
|-damage|p2a: Toxicroak|81/100|[from] item: Life Orb
|
|upkeep
|
|t:|1707969828
|switch|p1a: Chainchomp|Garchomp, M|100/100
|-damage|p1a: Chainchomp|94/100|[from] Stealth Rock
|turn|20
|
|t:|1707969830
|switch|p2a: Politoed|Politoed, M|26/100
|-damage|p2a: Politoed|14/100|[from] Stealth Rock
|-weather|RainDance|[from] ability: Drizzle|[of] p2a: Politoed
|move|p1a: Chainchomp|Swords Dance|p1a: Chainchomp
|-boost|p1a: Chainchomp|atk|2
|
|-weather|RainDance|[upkeep]
|-heal|p2a: Politoed|20/100|[from] item: Leftovers
|upkeep
|turn|21
|
|t:|1707969834
|move|p1a: Chainchomp|Earthquake|p2a: Politoed
|-damage|p2a: Politoed|0 fnt
|faint|p2a: Politoed
|
|-weather|RainDance|[upkeep]
|upkeep
|
|t:|1707969848
|switch|p2a: Tornadus|Tornadus, M|100/100
|-damage|p2a: Tornadus|76/100|[from] Stealth Rock
|turn|22
|
|t:|1707969855
|move|p2a: Tornadus|Hurricane|p1a: Chainchomp
|-damage|p1a: Chainchomp|0 fnt
|faint|p1a: Chainchomp
|
|-weather|RainDance|[upkeep]
|upkeep
|
|t:|1707969857
|switch|p1a: Nitemare|Dragonite, M|100/100
|-damage|p1a: Nitemare|76/100|[from] Stealth Rock
|turn|23
|
|t:|1707969859
|move|p2a: Tornadus|Hurricane|p1a: Nitemare
|-crit|p1a: Nitemare
|-damage|p1a: Nitemare|0 fnt
|faint|p1a: Nitemare
|
|win|el janitor
|raw|Yokao893's rating: 1434 &rarr; <strong>1410</strong><br />(-24 for losing)
|raw|el janitor's rating: 1367 &rarr; <strong>1391</strong><br />(+24 for winning)
|l|☆Yokao893
|player|p1|
|c|☆el janitor|gg
