|j|☆SwordIsBored
|j|☆lazyhrpseal
|t:|1744384415
|gametype|singles
|player|p1|SwordIsBored|irida|1416
|player|p2|lazyhrpseal|preschoolerf|1388
|teamsize|p1|6
|teamsize|p2|6
|gen|5
|tier|[Gen 5] OU
|rated|
|rule|Species Clause: Limit one of each Pokémon
|rule|OHKO Clause: OHKO moves are banned
|rule|Moody Clause: Moody is banned
|rule|Evasion Items Clause: Evasion items are banned
|rule|Evasion Moves Clause: Evasion moves are banned
|rule|Endless Battle Clause: Forcing endless battles is banned
|rule|HP Percentage Mod: HP is shown in percentages
|rule|Evasion Abilities Clause: Evasion abilities are banned
|rule|Sleep Moves Clause: Sleep-inducing moves are banned
|rule|Swagger Clause: Swagger is banned
|rule|Baton Pass Stat Clause: No Baton Passer may have a way to boost its stats
|clearpoke
|poke|p1|Tyranitar, F|item
|poke|p1|Mamoswine, M|item
|poke|p1|Rotom-Wash|item
|poke|p1|Latios, M|item
|poke|p1|Landorus-Therian, M|item
|poke|p1|Reuniclus, F|item
|poke|p2|Forretress, M|item
|poke|p2|Blissey, F|item
|poke|p2|Tyranitar, M|item
|poke|p2|Xatu, F|item
|poke|p2|Jellicent, M|item
|poke|p2|Gliscor, F|item
|teampreview
|
|t:|1744384426
|start
|switch|p1a: Rotom|Rotom-Wash|100/100
|switch|p2a: Forretress|Forretress, M|100/100
|turn|1
|
|t:|1744384430
|switch|p2a: Blissey|Blissey, F|100/100
|move|p1a: Rotom|Hidden Power|p2a: Blissey
|-damage|p2a: Blissey|91/100
|
|-heal|p2a: Blissey|98/100|[from] item: Leftovers
|upkeep
|turn|2
|
|t:|1744384433
|move|p1a: Rotom|Volt Switch|p2a: Blissey
|-damage|p2a: Blissey|85/100
|inactive|Battle timer is ON: inactive players will automatically lose when time's up. (requested by lazyhrpseal)
|
|t:|1744384466
|switch|p1a: Mamoswine|Mamoswine, M|100/100|[from] Volt Switch
|move|p2a: Blissey|Stealth Rock|p1a: Mamoswine
|-sidestart|p1: SwordIsBored|move: Stealth Rock
|
|-heal|p2a: Blissey|91/100|[from] item: Leftovers
|upkeep
|turn|3
|
|t:|1744384477
|switch|p2a: Forretress|Forretress, M|100/100
|move|p1a: Mamoswine|Icicle Crash|p2a: Forretress
|-resisted|p2a: Forretress
|-damage|p2a: Forretress|84/100
|
|-heal|p2a: Forretress|90/100|[from] item: Leftovers
|upkeep
|turn|4
|
|t:|1744384495
|switch|p1a: Rotom|Rotom-Wash|100/100
|-damage|p1a: Rotom|88/100|[from] Stealth Rock
|move|p2a: Forretress|Spikes|p1a: Rotom
|-sidestart|p1: SwordIsBored|Spikes
|
|-heal|p2a: Forretress|96/100|[from] item: Leftovers
|upkeep
|turn|5
|
|t:|1744384512
|switch|p2a: Blissey|Blissey, F|91/100
|move|p1a: Rotom|Volt Switch|p2a: Blissey
|-damage|p2a: Blissey|77/100
|
|t:|1744384516
|switch|p1a: Mamoswine|Mamoswine, M|100/100|[from] Volt Switch
|-damage|p1a: Mamoswine|88/100|[from] Stealth Rock
|-damage|p1a: Mamoswine|76/100|[from] Spikes
|
|-heal|p2a: Blissey|83/100|[from] item: Leftovers
|upkeep
|turn|6
|
|t:|1744384520
|switch|p2a: Forretress|Forretress, M|96/100
|move|p1a: Mamoswine|Earthquake|p2a: Forretress
|-damage|p2a: Forretress|62/100
|
|-heal|p2a: Forretress|68/100|[from] item: Leftovers
|upkeep
|turn|7
|
|t:|1744384525
|move|p1a: Mamoswine|Earthquake|p2a: Forretress
|-damage|p2a: Forretress|37/100
|move|p2a: Forretress|Earthquake|p1a: Mamoswine
|-damage|p1a: Mamoswine|53/100
|
|-heal|p2a: Forretress|43/100|[from] item: Leftovers
|upkeep
|turn|8
|
|t:|1744384533
|switch|p1a: Rotom|Rotom-Wash|88/100
|-damage|p1a: Rotom|76/100|[from] Stealth Rock
|switch|p2a: Jellicent|Jellicent, M|100/100
|
|upkeep
|turn|9
|
|t:|1744384536
|switch|p2a: Blissey|Blissey, F|83/100
|move|p1a: Rotom|Volt Switch|p2a: Blissey
|-damage|p2a: Blissey|72/100
|
|t:|1744384557
|switch|p1a: Mamoswine|Mamoswine, M|53/100|[from] Volt Switch
|-damage|p1a: Mamoswine|40/100|[from] Stealth Rock
|-damage|p1a: Mamoswine|28/100|[from] Spikes
|
|-heal|p2a: Blissey|78/100|[from] item: Leftovers
|upkeep
|turn|10
|
|t:|1744384564
|switch|p2a: Jellicent|Jellicent, M|100/100
|move|p1a: Mamoswine|Icicle Crash|p2a: Jellicent
|-resisted|p2a: Jellicent
|-damage|p2a: Jellicent|77/100
|
|-heal|p2a: Jellicent|83/100|[from] item: Leftovers
|upkeep
|turn|11
|
|t:|1744384573
|move|p1a: Mamoswine|Earthquake|p2a: Jellicent
|-damage|p2a: Jellicent|37/100
|move|p2a: Jellicent|Will-O-Wisp|p1a: Mamoswine|[miss]
|-miss|p2a: Jellicent|p1a: Mamoswine
|
|-heal|p2a: Jellicent|44/100|[from] item: Leftovers
|upkeep
|turn|12
|
|t:|1744384582
|switch|p2a: Xatu|Xatu, F|100/100
|move|p1a: Mamoswine|Earthquake|p2a: Xatu
|-immune|p2a: Xatu
|
|upkeep
|turn|13
|
|t:|1744384588
|switch|p2a: Tyranitar|Tyranitar, M|100/100
|-weather|Sandstorm|[from] ability: Sand Stream|[of] p2a: Tyranitar
|move|p1a: Mamoswine|Icicle Crash|p2a: Tyranitar
|-damage|p2a: Tyranitar|43/100
|
|-weather|Sandstorm|[upkeep]
|upkeep
|turn|14
|
|t:|1744384596
|switch|p1a: Landorus|Landorus-Therian, M|100/100
|-damage|p1a: Landorus|88/100|[from] Stealth Rock
|-ability|p1a: Landorus|Intimidate|boost
|-unboost|p2a: Tyranitar|atk|1
|move|p2a: Tyranitar|Crunch|p1a: Landorus
|-damage|p1a: Landorus|57/100
|
|-weather|Sandstorm|[upkeep]
|upkeep
|turn|15
|
|t:|1744384604
|switch|p2a: Gliscor|Gliscor, F|100/100
|move|p1a: Landorus|U-turn|p2a: Gliscor
|-resisted|p2a: Gliscor
|-damage|p2a: Gliscor|89/100
|
|t:|1744384606
|switch|p1a: Rotom|Rotom-Wash|76/100|[from] U-turn
|-damage|p1a: Rotom|63/100|[from] Stealth Rock
|
|-weather|Sandstorm|[upkeep]
|-damage|p1a: Rotom|57/100|[from] Sandstorm
|-status|p2a: Gliscor|tox|[from] item: Toxic Orb
|upkeep
|turn|16
|
|t:|1744384611
|switch|p2a: Blissey|Blissey, F|78/100
|move|p1a: Rotom|Hydro Pump|p2a: Blissey|[miss]
|-miss|p1a: Rotom|p2a: Blissey
|
|-weather|Sandstorm|[upkeep]
|-damage|p1a: Rotom|51/100|[from] Sandstorm
|-damage|p2a: Blissey|72/100|[from] Sandstorm
|-heal|p2a: Blissey|78/100|[from] item: Leftovers
|upkeep
|turn|17
|
|t:|1744384616
|move|p1a: Rotom|Pain Split|p2a: Blissey
|-sethp|p2a: Blissey|49/100|[from] move: Pain Split|[silent]
|-sethp|p1a: Rotom|100/100|[from] move: Pain Split
|move|p2a: Blissey|Thunder Wave|p1a: Rotom
|-status|p1a: Rotom|par
|
|-weather|Sandstorm|[upkeep]
|-damage|p2a: Blissey|43/100|[from] Sandstorm
|-damage|p1a: Rotom|94/100 par|[from] Sandstorm
|-heal|p2a: Blissey|49/100|[from] item: Leftovers
|upkeep
|turn|18
|
|t:|1744384628
|move|p2a: Blissey|Soft-Boiled|p2a: Blissey
|-heal|p2a: Blissey|99/100
|move|p1a: Rotom|Volt Switch|p2a: Blissey
|-damage|p2a: Blissey|86/100
|
|t:|1744384637
|switch|p1a: Mamoswine|Mamoswine, M|28/100|[from] Volt Switch
|-damage|p1a: Mamoswine|15/100|[from] Stealth Rock
|-damage|p1a: Mamoswine|3/100|[from] Spikes
|
|-weather|Sandstorm|[upkeep]
|-damage|p2a: Blissey|80/100|[from] Sandstorm
|-heal|p2a: Blissey|86/100|[from] item: Leftovers
|upkeep
|turn|19
|
|t:|1744384642
|move|p1a: Mamoswine|Icicle Crash|p2a: Blissey
|-damage|p2a: Blissey|39/100
|cant|p2a: Blissey|flinch
|
|-weather|Sandstorm|[upkeep]
|-damage|p2a: Blissey|33/100|[from] Sandstorm
|-heal|p2a: Blissey|39/100|[from] item: Leftovers
|upkeep
|turn|20
|c|☆SwordIsBored|sorry
|
|t:|1744384657
|switch|p2a: Forretress|Forretress, M|43/100
|move|p1a: Mamoswine|Earthquake|p2a: Forretress
|-damage|p2a: Forretress|10/100
|
|-weather|Sandstorm|[upkeep]
|-heal|p2a: Forretress|17/100|[from] item: Leftovers
|upkeep
|turn|21
|
|t:|1744384660
|move|p1a: Mamoswine|Earthquake|p2a: Forretress
|-damage|p2a: Forretress|0 fnt
|faint|p2a: Forretress
|
|-weather|Sandstorm|[upkeep]
|upkeep
|
|t:|1744384662
|switch|p2a: Tyranitar|Tyranitar, M|43/100
|turn|22
|
|t:|1744384670
|move|p1a: Mamoswine|Ice Shard|p2a: Tyranitar
|-damage|p2a: Tyranitar|16/100
|move|p2a: Tyranitar|Pursuit|p1a: Mamoswine
|-damage|p1a: Mamoswine|0 fnt
|faint|p1a: Mamoswine
|
|-weather|Sandstorm|[upkeep]
|upkeep
|
|t:|1744384679
|switch|p1a: Landorus|Landorus-Therian, M|57/100
|-damage|p1a: Landorus|45/100|[from] Stealth Rock
|-ability|p1a: Landorus|Intimidate|boost
|-unboost|p2a: Tyranitar|atk|1
|turn|23
|
|t:|1744384686
|switch|p2a: Xatu|Xatu, F|100/100
|move|p1a: Landorus|U-turn|p2a: Xatu
|-damage|p2a: Xatu|73/100
|-damage|p1a: Landorus|28/100|[from] item: Rocky Helmet|[of] p2a: Xatu
|
|t:|1744384695
|switch|p1a: Rotom|Rotom-Wash|94/100 par|[from] U-turn
|-damage|p1a: Rotom|82/100 par|[from] Stealth Rock
|
|-weather|Sandstorm|[upkeep]
|-damage|p2a: Xatu|67/100|[from] Sandstorm
|-damage|p1a: Rotom|76/100 par|[from] Sandstorm
|upkeep
|turn|24
|
|t:|1744384699
|switch|p2a: Blissey|Blissey, F|39/100
|move|p1a: Rotom|Volt Switch|p2a: Blissey
|-damage|p2a: Blissey|27/100
|
|t:|1744384715
|switch|p1a: Tyranitar|Tyranitar, F|100/100|[from] Volt Switch
|-damage|p1a: Tyranitar|88/100|[from] Stealth Rock
|-damage|p1a: Tyranitar|76/100|[from] Spikes
|
|-weather|Sandstorm|[upkeep]
|-damage|p2a: Blissey|21/100|[from] Sandstorm
|-heal|p2a: Blissey|27/100|[from] item: Leftovers
|upkeep
|turn|25
|
|t:|1744384721
|move|p1a: Tyranitar|Pursuit|p2a: Blissey
|-damage|p2a: Blissey|12/100
|move|p2a: Blissey|Soft-Boiled|p2a: Blissey
|-heal|p2a: Blissey|62/100
|
|-weather|Sandstorm|[upkeep]
|-damage|p2a: Blissey|56/100|[from] Sandstorm
|-heal|p2a: Blissey|62/100|[from] item: Leftovers
|upkeep
|turn|26
|
|t:|1744384724
|switch|p2a: Xatu|Xatu, F|67/100
|move|p1a: Tyranitar|Crunch|p2a: Xatu
|-supereffective|p2a: Xatu
|-damage|p2a: Xatu|0 fnt
|-damage|p1a: Tyranitar|59/100|[from] item: Rocky Helmet|[of] p2a: Xatu
|faint|p2a: Xatu
|
|-weather|Sandstorm|[upkeep]
|upkeep
|
|t:|1744384730
|switch|p2a: Tyranitar|Tyranitar, M|16/100
|turn|27
|
|t:|1744384733
|move|p2a: Tyranitar|Superpower|p1a: Tyranitar
|-supereffective|p1a: Tyranitar
|-enditem|p1a: Tyranitar|Chople Berry|[eat]
|-enditem|p1a: Tyranitar|Chople Berry|[weaken]
|-damage|p1a: Tyranitar|0 fnt
|-unboost|p2a: Tyranitar|atk|1
|-unboost|p2a: Tyranitar|def|1
|faint|p1a: Tyranitar
|
|-weather|Sandstorm|[upkeep]
|upkeep
|
|t:|1744384736
|switch|p1a: Landorus|Landorus-Therian, M|28/100
|-damage|p1a: Landorus|16/100|[from] Stealth Rock
|-ability|p1a: Landorus|Intimidate|boost
|-unboost|p2a: Tyranitar|atk|1
|turn|28
|
|t:|1744384739
|switch|p2a: Gliscor|Gliscor, F|89/100 tox
|move|p1a: Landorus|U-turn|p2a: Gliscor
|-resisted|p2a: Gliscor
|-damage|p2a: Gliscor|78/100 tox
|
|t:|1744384746
|switch|p1a: Latios|Latios, M|100/100|[from] U-turn
|-damage|p1a: Latios|88/100|[from] Stealth Rock
|
|-weather|Sandstorm|[upkeep]
|-damage|p1a: Latios|82/100|[from] Sandstorm
|-heal|p2a: Gliscor|91/100 tox|[from] ability: Poison Heal
|upkeep
|turn|29
|
|t:|1744384752
|switch|p2a: Jellicent|Jellicent, M|44/100
|move|p1a: Latios|Surf|p2a: Jellicent
|-heal|p2a: Jellicent|69/100|[from] ability: Water Absorb|[of] p1a: Latios
|
|-weather|Sandstorm|[upkeep]
|-damage|p1a: Latios|76/100|[from] Sandstorm
|-damage|p2a: Jellicent|62/100|[from] Sandstorm
|-heal|p2a: Jellicent|69/100|[from] item: Leftovers
|upkeep
|turn|30
|
|t:|1744384757
|move|p1a: Latios|Calm Mind|p1a: Latios
|-boost|p1a: Latios|spa|1
|-boost|p1a: Latios|spd|1
|move|p2a: Jellicent|Shadow Ball|p1a: Latios
|-supereffective|p1a: Latios
|-crit|p1a: Latios
|-damage|p1a: Latios|0 fnt
|faint|p1a: Latios
|
|-weather|Sandstorm|[upkeep]
|-damage|p2a: Jellicent|62/100|[from] Sandstorm
|-heal|p2a: Jellicent|69/100|[from] item: Leftovers
|upkeep
|
|t:|1744384762
|switch|p1a: Reuniclus|Reuniclus, F|100/100
|turn|31
|
|t:|1744384769
|move|p2a: Jellicent|Taunt|p1a: Reuniclus
|-start|p1a: Reuniclus|move: Taunt
|move|p1a: Reuniclus|Focus Blast|p2a: Jellicent
|-immune|p2a: Jellicent
|
|-weather|Sandstorm|[upkeep]
|-damage|p2a: Jellicent|62/100|[from] Sandstorm
|-heal|p2a: Jellicent|69/100|[from] item: Leftovers
|upkeep
|turn|32
|
|t:|1744384771
|move|p2a: Jellicent|Shadow Ball|p1a: Reuniclus
|-supereffective|p1a: Reuniclus
|-damage|p1a: Reuniclus|59/100
|-unboost|p1a: Reuniclus|spd|1
|move|p1a: Reuniclus|Psychic|p2a: Jellicent
|-damage|p2a: Jellicent|19/100
|
|-weather|Sandstorm|[upkeep]
|-damage|p2a: Jellicent|13/100|[from] Sandstorm
|-heal|p2a: Jellicent|19/100|[from] item: Leftovers
|upkeep
|turn|33
|
|t:|1744384773
|move|p2a: Jellicent|Shadow Ball|p1a: Reuniclus
|-supereffective|p1a: Reuniclus
|-damage|p1a: Reuniclus|0 fnt
|faint|p1a: Reuniclus
|
|-weather|Sandstorm|[upkeep]
|-damage|p2a: Jellicent|13/100|[from] Sandstorm
|-heal|p2a: Jellicent|19/100|[from] item: Leftovers
|upkeep
|
|t:|1744384777
|switch|p1a: Landorus|Landorus-Therian, M|16/100
|-damage|p1a: Landorus|3/100|[from] Stealth Rock
|-ability|p1a: Landorus|Intimidate|boost
|-unboost|p2a: Jellicent|atk|1
|turn|34
|
|t:|1744384781
|switch|p2a: Gliscor|Gliscor, F|91/100 tox
|move|p1a: Landorus|Hidden Power|p2a: Gliscor
|-supereffective|p2a: Gliscor
|-crit|p2a: Gliscor
|-damage|p2a: Gliscor|0 fnt
|faint|p2a: Gliscor
|
|-weather|Sandstorm|[upkeep]
|upkeep
|
|t:|1744384788
|switch|p2a: Tyranitar|Tyranitar, M|16/100
|turn|35
|
|t:|1744384791
|move|p1a: Landorus|Hidden Power|p2a: Tyranitar
|-damage|p2a: Tyranitar|4/100
|move|p2a: Tyranitar|Ice Beam|p1a: Landorus
|-supereffective|p1a: Landorus
|-crit|p1a: Landorus
|-damage|p1a: Landorus|0 fnt
|faint|p1a: Landorus
|
|-weather|Sandstorm|[upkeep]
|upkeep
|
|t:|1744384793
|switch|p1a: Rotom|Rotom-Wash|76/100 par
|-damage|p1a: Rotom|63/100 par|[from] Stealth Rock
|turn|36
|
|t:|1744384796
|switch|p2a: Jellicent|Jellicent, M|19/100
|move|p1a: Rotom|Volt Switch|p2a: Jellicent
|-supereffective|p2a: Jellicent
|-damage|p2a: Jellicent|0 fnt
|faint|p2a: Jellicent
|
|-weather|Sandstorm|[upkeep]
|-damage|p1a: Rotom|57/100 par|[from] Sandstorm
|upkeep
|
|t:|1744384800
|switch|p2a: Tyranitar|Tyranitar, M|4/100
|turn|37
|
|t:|1744384804
|move|p2a: Tyranitar|Crunch|p1a: Rotom
|-damage|p1a: Rotom|10/100 par
|move|p1a: Rotom|Volt Switch|p2a: Tyranitar
|-damage|p2a: Tyranitar|0 fnt
|faint|p2a: Tyranitar
|
|-weather|Sandstorm|[upkeep]
|-damage|p1a: Rotom|4/100 par|[from] Sandstorm
|upkeep
|
|t:|1744384807
|switch|p2a: Blissey|Blissey, F|62/100
|turn|38
|
|t:|1744384808
|move|p2a: Blissey|Seismic Toss|p1a: Rotom
|-damage|p1a: Rotom|0 fnt
|faint|p1a: Rotom
|
|win|lazyhrpseal
|raw|SwordIsBored's rating: 1416 &rarr; <strong>1395</strong><br />(-21 for losing)
|raw|lazyhrpseal's rating: 1401 &rarr; <strong>1422</strong><br />(+21 for winning)
|l|☆lazyhrpseal
|player|p2|
