|j|☆Blossummm
|j|☆DubbedOn
|t:|1743461159
|gametype|singles
|player|p1|Blossummm|roxie|1504
|player|p2|DubbedOn|boarder|1287
|teamsize|p1|6
|teamsize|p2|6
|gen|5
|tier|[Gen 5] OU
|rated|
|rule|Species Clause: Limit one of each Pokémon
|rule|OHKO Clause: OHKO moves are banned
|rule|Moody Clause: Moody is banned
|rule|Evasion Items Clause: Evasion items are banned
|rule|Evasion Moves Clause: Evasion moves are banned
|rule|Endless Battle Clause: Forcing endless battles is banned
|rule|HP Percentage Mod: HP is shown in percentages
|rule|Evasion Abilities Clause: Evasion abilities are banned
|rule|Sleep Moves Clause: Sleep-inducing moves are banned
|rule|Swagger Clause: Swagger is banned
|rule|Baton Pass Stat Clause: No Baton Passer may have a way to boost its stats
|clearpoke
|poke|p1|Tyranitar, F|item
|poke|p1|Alakazam, M|item
|poke|p1|Rotom-Wash|item
|poke|p1|Landorus-Therian, M|item
|poke|p1|Latios, M|item
|poke|p1|Ferrothorn, M|item
|poke|p2|Latios, M|item
|poke|p2|Rotom-Wash|item
|poke|p2|Landorus-Therian, M|item
|poke|p2|Tyranitar, M|item
|poke|p2|Alakazam, F|item
|poke|p2|Skarmory, M|item
|teampreview
|inactive|Battle timer is ON: inactive players will automatically lose when time's up. (requested by DubbedOn)
|
|t:|1743461186
|start
|switch|p1a: Tyranitar|Tyranitar, F, shiny|100/100
|switch|p2a: Rotom|Rotom-Wash|100/100
|-weather|Sandstorm|[from] ability: Sand Stream|[of] p1a: Tyranitar
|turn|1
|
|t:|1743461199
|switch|p1a: Rotom|Rotom-Wash|100/100
|move|p2a: Rotom|Will-O-Wisp|p1a: Rotom
|-status|p1a: Rotom|brn
|
|-weather|Sandstorm|[upkeep]
|-damage|p1a: Rotom|95/100 brn|[from] Sandstorm
|-damage|p2a: Rotom|94/100|[from] Sandstorm
|-heal|p2a: Rotom|100/100|[from] item: Leftovers
|-damage|p1a: Rotom|82/100 brn|[from] brn
|upkeep
|turn|2
|
|t:|1743461216
|move|p1a: Rotom|Hidden Power|p2a: Rotom
|-supereffective|p2a: Rotom
|-damage|p2a: Rotom|29/100
|move|p2a: Rotom|Volt Switch|p1a: Rotom
|-damage|p1a: Rotom|52/100 brn
|
|t:|1743461236
|switch|p2a: Latios|Latios, M|100/100|[from] Volt Switch
|
|-weather|Sandstorm|[upkeep]
|-damage|p2a: Latios|95/100|[from] Sandstorm
|-damage|p1a: Rotom|46/100 brn|[from] Sandstorm
|-damage|p1a: Rotom|34/100 brn|[from] brn
|upkeep
|turn|3
|
|t:|1743461252
|switch|p1a: Ferrothorn|Ferrothorn, M|100/100
|move|p2a: Latios|Dragon Pulse|p1a: Ferrothorn
|-resisted|p1a: Ferrothorn
|-damage|p1a: Ferrothorn|76/100
|
|-weather|Sandstorm|[upkeep]
|-damage|p2a: Latios|89/100|[from] Sandstorm
|-heal|p1a: Ferrothorn|83/100|[from] item: Leftovers
|upkeep
|turn|4
|
|t:|1743461262
|switch|p2a: Rotom|Rotom-Wash|29/100
|move|p1a: Ferrothorn|Stealth Rock|p2a: Rotom
|-sidestart|p2: DubbedOn|move: Stealth Rock
|
|-weather|Sandstorm|[upkeep]
|-damage|p2a: Rotom|23/100|[from] Sandstorm
|-heal|p2a: Rotom|29/100|[from] item: Leftovers
|-heal|p1a: Ferrothorn|89/100|[from] item: Leftovers
|upkeep
|turn|5
|
|t:|1743461269
|move|p2a: Rotom|Will-O-Wisp|p1a: Ferrothorn
|-status|p1a: Ferrothorn|brn
|move|p1a: Ferrothorn|Power Whip|p2a: Rotom|[miss]
|-miss|p1a: Ferrothorn|p2a: Rotom
|
|-weather|Sandstorm|[upkeep]
|-damage|p2a: Rotom|23/100|[from] Sandstorm
|-heal|p2a: Rotom|29/100|[from] item: Leftovers
|-heal|p1a: Ferrothorn|95/100 brn|[from] item: Leftovers
|-damage|p1a: Ferrothorn|83/100 brn|[from] brn
|upkeep
|turn|6
|
|t:|1743461280
|move|p2a: Rotom|Pain Split|p1a: Ferrothorn
|-sethp|p1a: Ferrothorn|54/100 brn|[from] move: Pain Split|[silent]
|-sethp|p2a: Rotom|62/100|[from] move: Pain Split
|move|p1a: Ferrothorn|Leech Seed|p2a: Rotom
|-start|p2a: Rotom|move: Leech Seed
|
|-weather|Sandstorm|[upkeep]
|-damage|p2a: Rotom|56/100|[from] Sandstorm
|-heal|p2a: Rotom|62/100|[from] item: Leftovers
|-heal|p1a: Ferrothorn|60/100 brn|[from] item: Leftovers
|-damage|p2a: Rotom|50/100|[from] Leech Seed|[of] p1a: Ferrothorn
|-heal|p1a: Ferrothorn|71/100 brn|[silent]
|-damage|p1a: Ferrothorn|58/100 brn|[from] brn
|upkeep
|turn|7
|
|t:|1743461288
|switch|p2a: Skarmory|Skarmory, M|100/100
|-damage|p2a: Skarmory|88/100|[from] Stealth Rock
|move|p1a: Ferrothorn|Thunder Wave|p2a: Skarmory
|-status|p2a: Skarmory|par
|
|-weather|Sandstorm|[upkeep]
|-heal|p1a: Ferrothorn|64/100 brn|[from] item: Leftovers
|-damage|p1a: Ferrothorn|52/100 brn|[from] brn
|upkeep
|turn|8
|
|t:|1743461295
|move|p1a: Ferrothorn|Leech Seed|p2a: Skarmory
|-start|p2a: Skarmory|move: Leech Seed
|move|p2a: Skarmory|Spikes|p1a: Ferrothorn
|-sidestart|p1: Blossummm|Spikes
|
|-weather|Sandstorm|[upkeep]
|-heal|p1a: Ferrothorn|58/100 brn|[from] item: Leftovers
|-damage|p2a: Skarmory|76/100 par|[from] Leech Seed|[of] p1a: Ferrothorn
|-heal|p1a: Ferrothorn|70/100 brn|[silent]
|-damage|p1a: Ferrothorn|57/100 brn|[from] brn
|upkeep
|turn|9
|
|t:|1743461316
|switch|p1a: Alakazam|Alakazam, M|100/100
|switch|p2a: Rotom|Rotom-Wash|50/100
|-damage|p2a: Rotom|37/100|[from] Stealth Rock
|
|-weather|Sandstorm|[upkeep]
|-damage|p2a: Rotom|31/100|[from] Sandstorm
|-heal|p2a: Rotom|37/100|[from] item: Leftovers
|upkeep
|turn|10
|
|t:|1743461331
|move|p1a: Alakazam|Shadow Ball|p2a: Rotom
|-damage|p2a: Rotom|3/100
|move|p2a: Rotom|Volt Switch|p1a: Alakazam
|-damage|p1a: Alakazam|57/100
|
|t:|1743461337
|switch|p2a: Tyranitar|Tyranitar, M|100/100|[from] Volt Switch
|-damage|p2a: Tyranitar|88/100|[from] Stealth Rock
|
|-weather|Sandstorm|[upkeep]
|upkeep
|turn|11
|
|t:|1743461343
|move|p1a: Alakazam|Grass Knot|p2a: Tyranitar
|-supereffective|p2a: Tyranitar
|-damage|p2a: Tyranitar|48/100
|move|p2a: Tyranitar|Pursuit|p1a: Alakazam
|-supereffective|p1a: Alakazam
|-damage|p1a: Alakazam|0 fnt
|faint|p1a: Alakazam
|
|-weather|Sandstorm|[upkeep]
|upkeep
|
|t:|1743461353
|switch|p1a: Landorus|Landorus-Therian, M|100/100
|-ability|p1a: Landorus|Intimidate|boost
|-unboost|p2a: Tyranitar|atk|1
|turn|12
|
|t:|1743461361
|switch|p2a: Rotom|Rotom-Wash|3/100
|-damage|p2a: Rotom|0 fnt|[from] Stealth Rock
|faint|p2a: Rotom
|move|p1a: Landorus|Stone Edge|p2: Rotom|[notarget]
|-fail|p1a: Landorus
|
|-weather|Sandstorm|[upkeep]
|upkeep
|
|t:|1743461384
|switch|p2a: Landorus|Landorus-Therian, M|100/100
|-damage|p2a: Landorus|88/100|[from] Stealth Rock
|-ability|p2a: Landorus|Intimidate|boost
|-unboost|p1a: Landorus|atk|1
|turn|13
|inactive|DubbedOn has 120 seconds left.
|
|t:|1743461404
|switch|p1a: Rotom|Rotom-Wash|34/100 brn
|move|p2a: Landorus|Hidden Power|p1a: Rotom
|-resisted|p1a: Rotom
|-damage|p1a: Rotom|24/100 brn
|
|-weather|Sandstorm|[upkeep]
|-damage|p1a: Rotom|18/100 brn|[from] Sandstorm
|-damage|p1a: Rotom|6/100 brn|[from] brn
|upkeep
|turn|14
|inactive|DubbedOn has 120 seconds left.
|
|t:|1743461417
|move|p2a: Landorus|Hidden Power|p1a: Rotom
|-resisted|p1a: Rotom
|-damage|p1a: Rotom|0 fnt
|faint|p1a: Rotom
|
|-weather|Sandstorm|[upkeep]
|upkeep
|
|t:|1743461429
|switch|p1a: Tyranitar|Tyranitar, F, shiny|100/100
|-damage|p1a: Tyranitar|88/100|[from] Spikes
|turn|15
|
|t:|1743461443
|switch|p2a: Tyranitar|Tyranitar, M|48/100
|-damage|p2a: Tyranitar|36/100|[from] Stealth Rock
|move|p1a: Tyranitar|Fire Blast|p2a: Tyranitar
|-resisted|p2a: Tyranitar
|-damage|p2a: Tyranitar|30/100
|
|-weather|Sandstorm|[upkeep]
|upkeep
|turn|16
|
|t:|1743461469
|move|p2a: Tyranitar|Thunder Wave|p1a: Tyranitar
|-status|p1a: Tyranitar|par
|move|p1a: Tyranitar|Crunch|p2a: Tyranitar
|-resisted|p2a: Tyranitar
|-crit|p2a: Tyranitar
|-damage|p2a: Tyranitar|2/100
|
|-weather|Sandstorm|[upkeep]
|upkeep
|turn|17
|
|t:|1743461478
|switch|p1a: Landorus|Landorus-Therian, M|100/100
|-ability|p1a: Landorus|Intimidate|boost
|-unboost|p2a: Tyranitar|atk|1
|move|p2a: Tyranitar|Rock Slide|p1a: Landorus
|-damage|p1a: Landorus|76/100
|
|-weather|Sandstorm|[upkeep]
|upkeep
|turn|18
|
|t:|1743461487
|move|p1a: Landorus|U-turn|p2a: Tyranitar
|-supereffective|p2a: Tyranitar
|-crit|p2a: Tyranitar
|-damage|p2a: Tyranitar|0 fnt
|faint|p2a: Tyranitar
|
|t:|1743461496
|switch|p1a: Latios|Latios, M|100/100|[from] U-turn
|
|-weather|Sandstorm|[upkeep]
|-damage|p1a: Latios|95/100|[from] Sandstorm
|upkeep
|
|t:|1743461512
|switch|p2a: Landorus|Landorus-Therian, M|88/100
|-damage|p2a: Landorus|76/100|[from] Stealth Rock
|-ability|p2a: Landorus|Intimidate|boost
|-unboost|p1a: Latios|atk|1
|turn|19
|
|t:|1743461524
|switch|p1a: Ferrothorn|Ferrothorn, M|57/100 brn
|-damage|p1a: Ferrothorn|45/100 brn|[from] Spikes
|move|p2a: Landorus|U-turn|p1a: Ferrothorn
|-damage|p1a: Ferrothorn|29/100 brn
|-damage|p2a: Landorus|64/100|[from] ability: Iron Barbs|[of] p1a: Ferrothorn
|
|t:|1743461545
|switch|p2a: Alakazam|Alakazam, F|100/100|[from] U-turn
|
|-weather|Sandstorm|[upkeep]
|-heal|p1a: Ferrothorn|35/100 brn|[from] item: Leftovers
|-damage|p1a: Ferrothorn|22/100 brn|[from] brn
|upkeep
|turn|20
|
|t:|1743461555
|move|p2a: Alakazam|Hidden Power|p1a: Ferrothorn
|-supereffective|p1a: Ferrothorn
|-damage|p1a: Ferrothorn|0 fnt
|faint|p1a: Ferrothorn
|
|-weather|Sandstorm|[upkeep]
|upkeep
|
|t:|1743461564
|switch|p1a: Tyranitar|Tyranitar, F, shiny|88/100 par
|-damage|p1a: Tyranitar|76/100 par|[from] Spikes
|turn|21
|
|t:|1743461572
|move|p2a: Alakazam|Grass Knot|p1a: Tyranitar
|-supereffective|p1a: Tyranitar
|-damage|p1a: Tyranitar|28/100 par
|cant|p1a: Tyranitar|par
|
|-weather|Sandstorm|[upkeep]
|upkeep
|turn|22
|
|t:|1743461586
|move|p2a: Alakazam|Grass Knot|p1a: Tyranitar
|-supereffective|p1a: Tyranitar
|-damage|p1a: Tyranitar|0 fnt
|faint|p1a: Tyranitar
|
|-weather|Sandstorm|[upkeep]
|upkeep
|
|t:|1743461589
|switch|p1a: Landorus|Landorus-Therian, M|76/100
|-ability|p1a: Landorus|Intimidate|boost
|-unboost|p2a: Alakazam|atk|1
|turn|23
|
|t:|1743461594
|switch|p2a: Skarmory|Skarmory, M|76/100 par
|-damage|p2a: Skarmory|64/100 par|[from] Stealth Rock
|move|p1a: Landorus|Hidden Power|p2a: Skarmory
|-damage|p2a: Skarmory|48/100 par
|
|-weather|Sandstorm|[upkeep]
|upkeep
|turn|24
|
|t:|1743461605
|switch|p1a: Latios|Latios, M|95/100
|cant|p2a: Skarmory|par
|
|-weather|Sandstorm|[upkeep]
|-damage|p1a: Latios|89/100|[from] Sandstorm
|upkeep
|turn|25
|
|t:|1743461620
|move|p1a: Latios|Calm Mind|p1a: Latios
|-boost|p1a: Latios|spa|1
|-boost|p1a: Latios|spd|1
|move|p2a: Skarmory|Roost|p2a: Skarmory
|-heal|p2a: Skarmory|98/100 par
|-singleturn|p2a: Skarmory|move: Roost
|
|-weather|Sandstorm|[upkeep]
|-damage|p1a: Latios|83/100|[from] Sandstorm
|upkeep
|turn|26
|
|t:|1743461633
|move|p1a: Latios|Dragon Pulse|p2a: Skarmory
|-resisted|p2a: Skarmory
|-damage|p2a: Skarmory|68/100 par
|move|p2a: Skarmory|Whirlwind|p1a: Latios
|drag|p1a: Landorus|Landorus-Therian, M|76/100
|-ability|p1a: Landorus|Intimidate|boost
|-unboost|p2a: Skarmory|atk|1
|
|-weather|Sandstorm|[upkeep]
|upkeep
|turn|27
|
|t:|1743461651
|move|p1a: Landorus|Stone Edge|p2a: Skarmory
|-damage|p2a: Skarmory|37/100 par
|cant|p2a: Skarmory|par
|
|-weather|Sandstorm|[upkeep]
|upkeep
|turn|28
|
|t:|1743461657
|move|p1a: Landorus|Stone Edge|p2a: Skarmory
|-damage|p2a: Skarmory|6/100 par
|cant|p2a: Skarmory|par
|
|-weather|Sandstorm|[upkeep]
|upkeep
|turn|29
|
|t:|1743461663
|move|p1a: Landorus|Stone Edge|p2a: Skarmory|[miss]
|-miss|p1a: Landorus|p2a: Skarmory
|move|p2a: Skarmory|Roost|p2a: Skarmory
|-heal|p2a: Skarmory|56/100 par
|-singleturn|p2a: Skarmory|move: Roost
|
|-weather|Sandstorm|[upkeep]
|upkeep
|turn|30
|
|t:|1743461670
|move|p1a: Landorus|Stone Edge|p2a: Skarmory
|-damage|p2a: Skarmory|28/100 par
|move|p2a: Skarmory|Roost|p2a: Skarmory
|-heal|p2a: Skarmory|78/100 par
|-singleturn|p2a: Skarmory|move: Roost
|
|-weather|Sandstorm|[upkeep]
|upkeep
|turn|31
|
|t:|1743461681
|move|p1a: Landorus|Stone Edge|p2a: Skarmory
|-damage|p2a: Skarmory|48/100 par
|move|p2a: Skarmory|Roost|p2a: Skarmory
|-heal|p2a: Skarmory|98/100 par
|-singleturn|p2a: Skarmory|move: Roost
|
|-weather|Sandstorm|[upkeep]
|upkeep
|turn|32
|
|t:|1743461689
|move|p1a: Landorus|Stone Edge|p2a: Skarmory
|-damage|p2a: Skarmory|71/100 par
|move|p2a: Skarmory|Roost|p2a: Skarmory
|-heal|p2a: Skarmory|100/100 par
|-singleturn|p2a: Skarmory|move: Roost
|
|-weather|Sandstorm|[upkeep]
|upkeep
|turn|33
|
|t:|1743461695
|move|p1a: Landorus|Stone Edge|p2a: Skarmory
|-damage|p2a: Skarmory|72/100 par
|move|p2a: Skarmory|Roost|p2a: Skarmory
|-heal|p2a: Skarmory|100/100 par
|-singleturn|p2a: Skarmory|move: Roost
|
|-weather|Sandstorm|[upkeep]
|upkeep
|turn|34
|
|t:|1743461702
|switch|p1a: Latios|Latios, M|83/100
|move|p2a: Skarmory|Brave Bird|p1a: Latios
|-damage|p1a: Latios|50/100
|-damage|p2a: Skarmory|91/100 par|[from] Recoil
|
|-weather|Sandstorm|[upkeep]
|-damage|p1a: Latios|44/100|[from] Sandstorm
|upkeep
|turn|35
|
|t:|1743461711
|move|p1a: Latios|Recover|p1a: Latios
|-heal|p1a: Latios|95/100
|move|p2a: Skarmory|Brave Bird|p1a: Latios
|-damage|p1a: Latios|65/100
|-damage|p2a: Skarmory|82/100 par|[from] Recoil
|
|-weather|Sandstorm|[upkeep]
|-damage|p1a: Latios|59/100|[from] Sandstorm
|upkeep
|turn|36
|
|t:|1743461720
|switch|p1a: Landorus|Landorus-Therian, M|76/100
|-ability|p1a: Landorus|Intimidate|boost
|-unboost|p2a: Skarmory|atk|1
|move|p2a: Skarmory|Whirlwind|p1a: Landorus
|drag|p1a: Latios|Latios, M|59/100
|
|-weather|Sandstorm|[upkeep]
|-damage|p1a: Latios|53/100|[from] Sandstorm
|upkeep
|turn|37
|
|t:|1743461725
|switch|p2a: Landorus|Landorus-Therian, M|64/100
|-damage|p2a: Landorus|52/100|[from] Stealth Rock
|-ability|p2a: Landorus|Intimidate|boost
|-unboost|p1a: Latios|atk|1
|move|p1a: Latios|Recover|p1a: Latios
|-heal|p1a: Latios|100/100
|
|-weather|Sandstorm|[upkeep]
|-damage|p1a: Latios|95/100|[from] Sandstorm
|upkeep
|turn|38
|
|t:|1743461743
|move|p2a: Landorus|U-turn|p1a: Latios
|-supereffective|p1a: Latios
|-damage|p1a: Latios|28/100
|
|t:|1743461751
|switch|p2a: Alakazam|Alakazam, F|100/100|[from] U-turn
|move|p1a: Latios|Dragon Pulse|p2a: Alakazam
|-damage|p2a: Alakazam|27/100
|
|-weather|Sandstorm|[upkeep]
|-damage|p1a: Latios|22/100|[from] Sandstorm
|upkeep
|turn|39
|
|t:|1743461760
|switch|p1a: Landorus|Landorus-Therian, M|76/100
|-ability|p1a: Landorus|Intimidate|boost
|-unboost|p2a: Alakazam|atk|1
|move|p2a: Alakazam|Psychic|p1a: Landorus
|-damage|p1a: Landorus|0 fnt
|faint|p1a: Landorus
|
|-weather|Sandstorm|[upkeep]
|upkeep
|
|t:|1743461763
|switch|p1a: Latios|Latios, M|22/100
|turn|40
|
|t:|1743461770
|move|p2a: Alakazam|Shadow Ball|p1a: Latios
|-supereffective|p1a: Latios
|-damage|p1a: Latios|0 fnt
|faint|p1a: Latios
|
|win|DubbedOn
|raw|Blossummm's rating: 1504 &rarr; <strong>1473</strong><br />(-31 for losing)
|raw|DubbedOn's rating: 1287 &rarr; <strong>1326</strong><br />(+39 for winning)
|l|☆Blossummm
|player|p1|
