|j|☆nofacekillah
|j|☆xpeps_10
|t:|1745934425
|gametype|singles
|player|p1|nofacekillah|hilbert-wonderlauncher|1384
|player|p2|xpeps_10|gentleman-gen4|1393
|teamsize|p1|6
|teamsize|p2|6
|gen|5
|tier|[Gen 5] OU
|rated|
|rule|Species Clause: Limit one of each Pokémon
|rule|OHKO Clause: OHKO moves are banned
|rule|Moody Clause: Moody is banned
|rule|Evasion Items Clause: Evasion items are banned
|rule|Evasion Moves Clause: Evasion moves are banned
|rule|Endless Battle Clause: Forcing endless battles is banned
|rule|HP Percentage Mod: HP is shown in percentages
|rule|Evasion Abilities Clause: Evasion abilities are banned
|rule|Sleep Moves Clause: Sleep-inducing moves are banned
|rule|Swagger Clause: Swagger is banned
|rule|Baton Pass Stat Clause: No Baton Passer may have a way to boost its stats
|clearpoke
|poke|p1|Dragonite, M|item
|poke|p1|Ninetales, M|item
|poke|p1|Volcarona, M|item
|poke|p1|Conkeldurr, M|item
|poke|p1|Starmie|item
|poke|p1|Gastrodon, F|item
|poke|p2|Politoed, M|item
|poke|p2|Thundurus-Therian, M|item
|poke|p2|Tentacruel, M|item
|poke|p2|Ferrothorn, F|item
|poke|p2|Landorus-Therian, M|item
|poke|p2|Alakazam, F|item
|teampreview
|inactive|Battle timer is ON: inactive players will automatically lose when time's up. (requested by xpeps_10)
|
|t:|1745934438
|start
|switch|p1a: Starmie|Starmie|100/100
|switch|p2a: Landorus|Landorus-Therian, M|100/100
|-ability|p2a: Landorus|Intimidate|boost
|-unboost|p1a: Starmie|atk|1
|turn|1
|
|t:|1745934442
|switch|p1a: Volcarona|Volcarona, M|100/100
|move|p2a: Landorus|U-turn|p1a: Volcarona
|-resisted|p1a: Volcarona
|-damage|p1a: Volcarona|80/100
|
|t:|1745934447
|switch|p2a: Politoed|Politoed, M, shiny|100/100|[from] U-turn
|-weather|RainDance|[from] ability: Drizzle|[of] p2a: Politoed
|
|-weather|RainDance|[upkeep]
|upkeep
|turn|2
|
|t:|1745934449
|move|p1a: Volcarona|Bug Buzz|p2a: Politoed
|-damage|p2a: Politoed|55/100
|move|p2a: Politoed|Hidden Power|p1a: Volcarona
|-resisted|p1a: Volcarona
|-damage|p1a: Volcarona|73/100
|
|-weather|RainDance|[upkeep]
|upkeep
|turn|3
|
|t:|1745934454
|switch|p1a: Gastrodon|Gastrodon, F|100/100
|switch|p2a: Ferrothorn|Ferrothorn, F|100/100
|
|-weather|RainDance|[upkeep]
|upkeep
|turn|4
|
|t:|1745934458
|move|p1a: Gastrodon|Scald|p2a: Ferrothorn
|-resisted|p2a: Ferrothorn
|-damage|p2a: Ferrothorn|87/100
|-status|p2a: Ferrothorn|brn
|move|p2a: Ferrothorn|Leech Seed|p1a: Gastrodon
|-start|p1a: Gastrodon|move: Leech Seed
|
|-weather|RainDance|[upkeep]
|-heal|p2a: Ferrothorn|93/100 brn|[from] item: Leftovers
|-damage|p1a: Gastrodon|88/100|[from] Leech Seed|[of] p2a: Ferrothorn
|-heal|p2a: Ferrothorn|100/100 brn|[silent]
|-damage|p2a: Ferrothorn|88/100 brn|[from] brn
|upkeep
|turn|5
|
|t:|1745934466
|switch|p1a: Ninetales|Ninetales, M|100/100
|-weather|SunnyDay|[from] ability: Drought|[of] p1a: Ninetales
|-item|p1a: Ninetales|Air Balloon
|move|p2a: Ferrothorn|Stealth Rock|p1a: Ninetales
|-sidestart|p1: nofacekillah|move: Stealth Rock
|
|-weather|SunnyDay|[upkeep]
|-heal|p2a: Ferrothorn|94/100 brn|[from] item: Leftovers
|-damage|p2a: Ferrothorn|82/100 brn|[from] brn
|upkeep
|turn|6
|
|t:|1745934480
|switch|p2a: Politoed|Politoed, M, shiny|55/100
|-weather|RainDance|[from] ability: Drizzle|[of] p2a: Politoed
|move|p1a: Ninetales|Hidden Power|p2a: Politoed
|-damage|p2a: Politoed|38/100
|
|-weather|RainDance|[upkeep]
|upkeep
|turn|7
|
|t:|1745934484
|switch|p1a: Starmie|Starmie|100/100
|-damage|p1a: Starmie|88/100|[from] Stealth Rock
|move|p2a: Politoed|Hidden Power|p1a: Starmie
|-supereffective|p1a: Starmie
|-damage|p1a: Starmie|19/100
|
|-weather|RainDance|[upkeep]
|-heal|p1a: Starmie|25/100|[from] item: Leftovers
|upkeep
|turn|8
|
|t:|1745934492
|switch|p2a: Landorus|Landorus-Therian, M|100/100
|-ability|p2a: Landorus|Intimidate|boost
|-unboost|p1a: Starmie|atk|1
|move|p1a: Starmie|Recover|p1a: Starmie
|-heal|p1a: Starmie|75/100
|
|-weather|RainDance|[upkeep]
|-heal|p1a: Starmie|81/100|[from] item: Leftovers
|upkeep
|turn|9
|
|t:|1745934497
|move|p2a: Landorus|U-turn|p1a: Starmie
|-supereffective|p1a: Starmie
|-damage|p1a: Starmie|21/100
|
|t:|1745934507
|switch|p2a: Ferrothorn|Ferrothorn, F|82/100 brn|[from] U-turn
|move|p1a: Starmie|Confuse Ray|p2a: Ferrothorn
|-start|p2a: Ferrothorn|confusion
|
|-weather|RainDance|[upkeep]
|-heal|p1a: Starmie|27/100|[from] item: Leftovers
|-heal|p2a: Ferrothorn|88/100 brn|[from] item: Leftovers
|-damage|p2a: Ferrothorn|75/100 brn|[from] brn
|upkeep
|turn|10
|
|t:|1745934513
|move|p1a: Starmie|Recover|p1a: Starmie
|-heal|p1a: Starmie|77/100
|-activate|p2a: Ferrothorn|confusion
|move|p2a: Ferrothorn|Leech Seed|p1a: Starmie
|-start|p1a: Starmie|move: Leech Seed
|
|-weather|RainDance|[upkeep]
|-heal|p1a: Starmie|83/100|[from] item: Leftovers
|-heal|p2a: Ferrothorn|82/100 brn|[from] item: Leftovers
|-damage|p1a: Starmie|71/100|[from] Leech Seed|[of] p2a: Ferrothorn
|-heal|p2a: Ferrothorn|93/100 brn|[silent]
|-damage|p2a: Ferrothorn|81/100 brn|[from] brn
|upkeep
|turn|11
|
|t:|1745934517
|move|p1a: Starmie|Rapid Spin|p2a: Ferrothorn
|-resisted|p2a: Ferrothorn
|-damage|p2a: Ferrothorn|80/100 brn
|-damage|p1a: Starmie|59/100|[from] ability: Iron Barbs|[of] p2a: Ferrothorn
|-end|p1a: Starmie|Leech Seed|[from] move: Rapid Spin|[of] p1a: Starmie
|-sideend|p1: nofacekillah|Stealth Rock|[from] move: Rapid Spin|[of] p1a: Starmie
|-end|p2a: Ferrothorn|confusion
|move|p2a: Ferrothorn|Spikes|p1a: Starmie
|-sidestart|p1: nofacekillah|Spikes
|
|-weather|RainDance|[upkeep]
|-heal|p1a: Starmie|65/100|[from] item: Leftovers
|-heal|p2a: Ferrothorn|86/100 brn|[from] item: Leftovers
|-damage|p2a: Ferrothorn|74/100 brn|[from] brn
|upkeep
|turn|12
|
|t:|1745934528
|switch|p1a: Ninetales|Ninetales, M|100/100
|-weather|SunnyDay|[from] ability: Drought|[of] p1a: Ninetales
|-item|p1a: Ninetales|Air Balloon
|move|p2a: Ferrothorn|Stealth Rock|p1a: Ninetales
|-sidestart|p1: nofacekillah|move: Stealth Rock
|
|-weather|SunnyDay|[upkeep]
|-heal|p2a: Ferrothorn|80/100 brn|[from] item: Leftovers
|-damage|p2a: Ferrothorn|68/100 brn|[from] brn
|upkeep
|turn|13
|
|t:|1745934546
|move|p1a: Ninetales|Solar Beam||[still]
|-prepare|p1a: Ninetales|Solar Beam
|-anim|p1a: Ninetales|Solar Beam|p2a: Ferrothorn
|-resisted|p2a: Ferrothorn
|-damage|p2a: Ferrothorn|62/100 brn
|move|p2a: Ferrothorn|Leech Seed|p1a: Ninetales
|-start|p1a: Ninetales|move: Leech Seed
|
|-weather|SunnyDay|[upkeep]
|-heal|p2a: Ferrothorn|69/100 brn|[from] item: Leftovers
|-damage|p1a: Ninetales|88/100|[from] Leech Seed|[of] p2a: Ferrothorn
|-heal|p2a: Ferrothorn|81/100 brn|[silent]
|-damage|p2a: Ferrothorn|68/100 brn|[from] brn
|upkeep
|turn|14
|
|t:|1745934556
|switch|p2a: Landorus|Landorus-Therian, M|100/100
|-ability|p2a: Landorus|Intimidate|boost
|-unboost|p1a: Ninetales|atk|1
|move|p1a: Ninetales|Flamethrower|p2a: Landorus
|-damage|p2a: Landorus|24/100
|
|-weather|SunnyDay|[upkeep]
|-damage|p1a: Ninetales|76/100|[from] Leech Seed|[of] p2a: Landorus
|-heal|p2a: Landorus|37/100|[silent]
|upkeep
|turn|15
|
|t:|1745934561
|move|p2a: Landorus|Stone Edge|p1a: Ninetales
|-supereffective|p1a: Ninetales
|-damage|p1a: Ninetales|0 fnt
|-enditem|p1a: Ninetales|Air Balloon
|faint|p1a: Ninetales
|
|-weather|SunnyDay|[upkeep]
|upkeep
|
|t:|1745934567
|switch|p1a: Conkeldurr|Conkeldurr, M|100/100
|-damage|p1a: Conkeldurr|88/100|[from] Spikes
|-damage|p1a: Conkeldurr|82/100|[from] Stealth Rock
|turn|16
|
|t:|1745934571
|switch|p2a: Politoed|Politoed, M, shiny|38/100
|-weather|RainDance|[from] ability: Drizzle|[of] p2a: Politoed
|move|p1a: Conkeldurr|Drain Punch|p2a: Politoed
|-crit|p2a: Politoed
|-damage|p2a: Politoed|0 fnt
|-heal|p1a: Conkeldurr|99/100|[from] drain|[of] p2a: Politoed
|faint|p2a: Politoed
|
|-weather|RainDance|[upkeep]
|upkeep
|
|t:|1745934576
|switch|p2a: Alakazam|Alakazam, F|100/100
|turn|17
|
|t:|1745934578
|move|p2a: Alakazam|Psyshock|p1a: Conkeldurr
|-supereffective|p1a: Conkeldurr
|-damage|p1a: Conkeldurr|22/100
|-enditem|p1a: Conkeldurr|Sitrus Berry|[eat]
|-heal|p1a: Conkeldurr|46/100|[from] item: Sitrus Berry
|move|p1a: Conkeldurr|Drain Punch|p2a: Alakazam
|-resisted|p2a: Alakazam
|-damage|p2a: Alakazam|30/100
|-heal|p1a: Conkeldurr|68/100|[from] drain|[of] p2a: Alakazam
|
|-weather|RainDance|[upkeep]
|upkeep
|turn|18
|
|t:|1745934581
|move|p1a: Conkeldurr|Mach Punch|p2a: Alakazam
|-resisted|p2a: Alakazam
|-damage|p2a: Alakazam|0 fnt
|faint|p2a: Alakazam
|
|-weather|RainDance|[upkeep]
|upkeep
|
|t:|1745934584
|switch|p2a: Thundurus|Thundurus-Therian, M|100/100
|turn|19
|
|t:|1745934586
|move|p2a: Thundurus|Thunder|p1a: Conkeldurr
|-damage|p1a: Conkeldurr|0 fnt
|faint|p1a: Conkeldurr
|
|-weather|RainDance|[upkeep]
|upkeep
|
|t:|1745934596
|switch|p1a: Starmie|Starmie|65/100
|-damage|p1a: Starmie|52/100|[from] Spikes
|-damage|p1a: Starmie|40/100|[from] Stealth Rock
|turn|20
|
|t:|1745934610
|switch|p2a: Ferrothorn|Ferrothorn, F|68/100 brn
|move|p1a: Starmie|Rapid Spin|p2a: Ferrothorn
|-resisted|p2a: Ferrothorn
|-damage|p2a: Ferrothorn|68/100 brn
|-damage|p1a: Starmie|28/100|[from] ability: Iron Barbs|[of] p2a: Ferrothorn
|-sideend|p1: nofacekillah|Spikes|[from] move: Rapid Spin|[of] p1a: Starmie
|-sideend|p1: nofacekillah|Stealth Rock|[from] move: Rapid Spin|[of] p1a: Starmie
|
|-weather|RainDance|[upkeep]
|-heal|p1a: Starmie|34/100|[from] item: Leftovers
|-heal|p2a: Ferrothorn|74/100 brn|[from] item: Leftovers
|-damage|p2a: Ferrothorn|61/100 brn|[from] brn
|upkeep
|turn|21
|
|t:|1745934615
|move|p1a: Starmie|Recover|p1a: Starmie
|-heal|p1a: Starmie|84/100
|move|p2a: Ferrothorn|Leech Seed|p1a: Starmie
|-start|p1a: Starmie|move: Leech Seed
|
|-weather|RainDance|[upkeep]
|-heal|p1a: Starmie|90/100|[from] item: Leftovers
|-heal|p2a: Ferrothorn|68/100 brn|[from] item: Leftovers
|-damage|p1a: Starmie|78/100|[from] Leech Seed|[of] p2a: Ferrothorn
|-heal|p2a: Ferrothorn|79/100 brn|[silent]
|-damage|p2a: Ferrothorn|66/100 brn|[from] brn
|upkeep
|turn|22
|
|t:|1745934620
|switch|p1a: Volcarona|Volcarona, M|73/100
|move|p2a: Ferrothorn|Stealth Rock|p1a: Volcarona
|-sidestart|p1: nofacekillah|move: Stealth Rock
|
|-weather|RainDance|[upkeep]
|-heal|p2a: Ferrothorn|73/100 brn|[from] item: Leftovers
|-damage|p2a: Ferrothorn|60/100 brn|[from] brn
|upkeep
|turn|23
|
|t:|1745934627
|switch|p2a: Landorus|Landorus-Therian, M|37/100
|-ability|p2a: Landorus|Intimidate|boost
|-unboost|p1a: Volcarona|atk|1
|move|p1a: Volcarona|Bug Buzz|p2a: Landorus
|-resisted|p2a: Landorus
|-damage|p2a: Landorus|6/100
|
|-weather|RainDance|[upkeep]
|upkeep
|turn|24
|
|t:|1745934631
|move|p1a: Volcarona|Bug Buzz|p2a: Landorus
|-resisted|p2a: Landorus
|-damage|p2a: Landorus|0 fnt
|faint|p2a: Landorus
|
|-weather|RainDance|[upkeep]
|upkeep
|
|t:|1745934635
|switch|p2a: Thundurus|Thundurus-Therian, M|100/100
|turn|25
|
|t:|1745934638
|switch|p1a: Gastrodon|Gastrodon, F|88/100
|-damage|p1a: Gastrodon|82/100|[from] Stealth Rock
|move|p2a: Thundurus|Agility|p2a: Thundurus
|-boost|p2a: Thundurus|spe|2
|
|-weather|RainDance|[upkeep]
|upkeep
|turn|26
|
|t:|1745934645
|move|p2a: Thundurus|Focus Blast|p1a: Gastrodon
|-damage|p1a: Gastrodon|41/100
|move|p1a: Gastrodon|Ice Beam|p2a: Thundurus
|-supereffective|p2a: Thundurus
|-damage|p2a: Thundurus|54/100
|
|-weather|RainDance|[upkeep]
|upkeep
|turn|27
|
|t:|1745934650
|move|p2a: Thundurus|Focus Blast|p1a: Gastrodon
|-damage|p1a: Gastrodon|3/100
|-unboost|p1a: Gastrodon|spd|1
|move|p1a: Gastrodon|Recover|p1a: Gastrodon
|-heal|p1a: Gastrodon|53/100
|
|-weather|RainDance|[upkeep]
|upkeep
|turn|28
|
|t:|1745934655
|switch|p1a: Starmie|Starmie|78/100
|-damage|p1a: Starmie|65/100|[from] Stealth Rock
|move|p2a: Thundurus|Focus Blast|p1a: Starmie
|-resisted|p1a: Starmie
|-damage|p1a: Starmie|39/100
|
|-weather|RainDance|[upkeep]
|-heal|p1a: Starmie|46/100|[from] item: Leftovers
|upkeep
|turn|29
|
|t:|1745934667
|move|p2a: Thundurus|Thunder|p1a: Starmie
|-supereffective|p1a: Starmie
|-damage|p1a: Starmie|0 fnt
|faint|p1a: Starmie
|
|-weather|RainDance|[upkeep]
|upkeep
|
|t:|1745934670
|switch|p1a: Volcarona|Volcarona, M|73/100
|-damage|p1a: Volcarona|23/100|[from] Stealth Rock
|turn|30
|
|t:|1745934672
|move|p2a: Thundurus|Thunder|p1a: Volcarona
|-crit|p1a: Volcarona
|-damage|p1a: Volcarona|0 fnt
|faint|p1a: Volcarona
|
|-weather|RainDance|[upkeep]
|upkeep
|-message|nofacekillah forfeited.
|
|win|xpeps_10
|raw|nofacekillah's rating: 1384 &rarr; <strong>1365</strong><br />(-19 for losing)
|raw|xpeps_10's rating: 1393 &rarr; <strong>1412</strong><br />(+19 for winning)
|l|☆nofacekillah
|player|p1|
