|j|☆the alchemist 67
|j|☆affkslblc
|t:|1741176473
|gametype|singles
|player|p1|the alchemist 67|rood|1432
|player|p2|affkslblc|170|1335
|teamsize|p1|6
|teamsize|p2|6
|gen|5
|tier|[Gen 5] OU
|rated|
|rule|Species Clause: Limit one of each Pokémon
|rule|OHKO Clause: OHKO moves are banned
|rule|Moody Clause: Moody is banned
|rule|Evasion Items Clause: Evasion items are banned
|rule|Evasion Moves Clause: Evasion moves are banned
|rule|Endless Battle Clause: Forcing endless battles is banned
|rule|HP Percentage Mod: HP is shown in percentages
|rule|Evasion Abilities Clause: Evasion abilities are banned
|rule|Sleep Moves Clause: Sleep-inducing moves are banned
|rule|Swagger Clause: Swagger is banned
|rule|Baton Pass Stat Clause: No Baton Passer may have a way to boost its stats
|clearpoke
|poke|p1|Haxorus, F|item
|poke|p1|Magnezone|item
|poke|p1|Mamoswine, F|item
|poke|p1|Latios, M|item
|poke|p1|Garchomp, F|item
|poke|p1|Politoed, M|item
|poke|p2|Reuniclus, F|item
|poke|p2|Conkeldurr, M|item
|poke|p2|Bronzong|item
|poke|p2|Scizor, F|item
|poke|p2|Garchomp, M|item
|poke|p2|Dragonite, M|item
|teampreview
|inactive|Battle timer is ON: inactive players will automatically lose when time's up. (requested by affkslblc)
|inactive|the alchemist 67 has 120 seconds left.
|
|t:|1741176513
|start
|switch|p1a: Haxorus|Haxorus, F|100/100
|switch|p2a: Bronzong|Bronzong|100/100
|-ability|p1a: Haxorus|Mold Breaker
|turn|1
|
|t:|1741176522
|switch|p2a: Dragonite|Dragonite, M|100/100
|move|p1a: Haxorus|Earthquake|p2a: Dragonite
|-immune|p2a: Dragonite
|
|upkeep
|turn|2
|
|t:|1741176528
|switch|p1a: Mamoswine|Mamoswine, F|100/100
|move|p2a: Dragonite|Draco Meteor|p1a: Mamoswine
|-damage|p1a: Mamoswine|0 fnt
|-unboost|p2a: Dragonite|spa|2
|faint|p1a: Mamoswine
|-damage|p2a: Dragonite|91/100|[from] item: Life Orb
|
|upkeep
|
|t:|1741176534
|switch|p1a: Latios|Latios, M|100/100
|turn|3
|
|t:|1741176538
|switch|p2a: Bronzong|Bronzong|100/100
|move|p1a: Latios|Thunderbolt|p2a: Bronzong
|-crit|p2a: Bronzong
|-damage|p2a: Bronzong|32/100
|-damage|p1a: Latios|91/100|[from] item: Life Orb
|
|upkeep
|turn|4
|
|t:|1741176550
|move|p1a: Latios|Thunderbolt|p2a: Bronzong
|-damage|p2a: Bronzong|0 fnt
|faint|p2a: Bronzong
|-damage|p1a: Latios|81/100|[from] item: Life Orb
|
|upkeep
|
|t:|1741176555
|switch|p2a: Scizor|Scizor, F|100/100
|turn|5
|
|t:|1741176569
|switch|p1a: Politoed|Politoed, M|100/100
|-weather|RainDance|[from] ability: Drizzle|[of] p1a: Politoed
|move|p2a: Scizor|Bug Bite|p1a: Politoed
|-damage|p1a: Politoed|23/100
|-damage|p2a: Scizor|91/100|[from] item: Life Orb
|
|-weather|RainDance|[upkeep]
|upkeep
|turn|6
|
|t:|1741176576
|move|p1a: Politoed|Hydro Pump|p2a: Scizor
|-damage|p2a: Scizor|0 fnt
|faint|p2a: Scizor
|
|-weather|RainDance|[upkeep]
|upkeep
|
|t:|1741176591
|switch|p2a: Dragonite|Dragonite, M|91/100
|turn|7
|
|t:|1741176598
|switch|p1a: Garchomp|Garchomp, F|100/100
|move|p2a: Dragonite|Extreme Speed|p1a: Garchomp
|-damage|p1a: Garchomp|67/100
|-damage|p2a: Dragonite|78/100|[from] ability: Rough Skin|[of] p1a: Garchomp
|-damage|p2a: Dragonite|68/100|[from] item: Life Orb
|
|-weather|RainDance|[upkeep]
|upkeep
|turn|8
|inactive|affkslblc has 120 seconds left.
|
|t:|1741176630
|move|p1a: Garchomp|Outrage|p2a: Dragonite
|-supereffective|p2a: Dragonite
|-damage|p2a: Dragonite|0 fnt
|faint|p2a: Dragonite
|
|-weather|RainDance|[upkeep]
|upkeep
|
|t:|1741176633
|switch|p2a: Reuniclus|Reuniclus, F|100/100
|turn|9
|
|t:|1741176638
|move|p1a: Garchomp|Outrage|p2a: Reuniclus|[from] lockedmove
|-damage|p2a: Reuniclus|38/100
|-start|p1a: Garchomp|confusion|[fatigue]
|move|p2a: Reuniclus|Trick Room|p2a: Reuniclus
|-fieldstart|move: Trick Room|[of] p2a: Reuniclus
|
|-weather|RainDance|[upkeep]
|upkeep
|turn|10
|
|t:|1741176649
|switch|p1a: Magnezone|Magnezone|100/100
|-item|p1a: Magnezone|Air Balloon
|move|p2a: Reuniclus|Shadow Ball|p1a: Magnezone
|-resisted|p1a: Magnezone
|-damage|p1a: Magnezone|76/100
|-enditem|p1a: Magnezone|Air Balloon
|
|-weather|RainDance|[upkeep]
|upkeep
|turn|11
|
|t:|1741176653
|switch|p1a: Latios|Latios, M|81/100
|move|p2a: Reuniclus|Focus Blast|p1a: Latios|[miss]
|-miss|p2a: Reuniclus|p1a: Latios
|
|-weather|RainDance|[upkeep]
|upkeep
|turn|12
|
|t:|1741176660
|move|p2a: Reuniclus|Focus Blast|p1a: Latios
|-resisted|p1a: Latios
|-damage|p1a: Latios|48/100
|move|p1a: Latios|Surf|p2a: Reuniclus
|-damage|p2a: Reuniclus|0 fnt
|faint|p2a: Reuniclus
|-damage|p1a: Latios|38/100|[from] item: Life Orb
|
|-weather|RainDance|[upkeep]
|upkeep
|
|t:|1741176663
|switch|p2a: Conkeldurr|Conkeldurr, M|100/100
|turn|13
|
|t:|1741176674
|switch|p1a: Haxorus|Haxorus, F|100/100
|-ability|p1a: Haxorus|Mold Breaker
|move|p2a: Conkeldurr|Drain Punch|p1a: Haxorus
|-damage|p1a: Haxorus|17/100
|-damage|p2a: Conkeldurr|91/100|[from] item: Life Orb
|
|-weather|RainDance|[upkeep]
|-fieldend|move: Trick Room
|upkeep
|turn|14
|j| lzgboys
|
|t:|1741176678
|move|p2a: Conkeldurr|Mach Punch|p1a: Haxorus
|-damage|p1a: Haxorus|0 fnt
|faint|p1a: Haxorus
|-damage|p2a: Conkeldurr|81/100|[from] item: Life Orb
|
|-weather|RainDance|[upkeep]
|upkeep
|
|t:|1741176685
|switch|p1a: Garchomp|Garchomp, F|67/100
|turn|15
|
|t:|1741176691
|move|p1a: Garchomp|Outrage|p2a: Conkeldurr
|-damage|p2a: Conkeldurr|29/100
|move|p2a: Conkeldurr|Drain Punch|p1a: Garchomp
|-damage|p1a: Garchomp|0 fnt
|-heal|p2a: Conkeldurr|59/100|[from] drain|[of] p1a: Garchomp
|-damage|p2a: Conkeldurr|47/100|[from] ability: Rough Skin|[of] p1a: Garchomp
|faint|p1a: Garchomp
|-damage|p2a: Conkeldurr|37/100|[from] item: Life Orb
|
|-weather|RainDance|[upkeep]
|upkeep
|
|t:|1741176698
|switch|p1a: Latios|Latios, M|38/100
|turn|16
|
|t:|1741176704
|switch|p2a: Garchomp|Garchomp, M|100/100
|move|p1a: Latios|Psyshock|p2a: Garchomp
|-damage|p2a: Garchomp|48/100
|-damage|p1a: Latios|28/100|[from] item: Life Orb
|
|-weather|RainDance|[upkeep]
|upkeep
|turn|17
|
|t:|1741176716
|switch|p1a: Politoed|Politoed, M|23/100
|move|p2a: Garchomp|Outrage|p1a: Politoed
|-damage|p1a: Politoed|0 fnt
|faint|p1a: Politoed
|
|-weather|RainDance|[upkeep]
|upkeep
|
|t:|1741176721
|switch|p1a: Magnezone|Magnezone|76/100
|turn|18
|
|t:|1741176724
|move|p2a: Garchomp|Outrage|p1a: Magnezone|[from] lockedmove
|-resisted|p1a: Magnezone
|-damage|p1a: Magnezone|25/100
|-start|p2a: Garchomp|confusion|[fatigue]
|move|p1a: Magnezone|Flash Cannon|p2a: Garchomp
|-damage|p2a: Garchomp|2/100
|-unboost|p2a: Garchomp|spd|1
|
|-weather|RainDance|[upkeep]
|upkeep
|turn|19
|
|t:|1741176731
|-activate|p2a: Garchomp|confusion
|move|p2a: Garchomp|Outrage|p1a: Magnezone
|-resisted|p1a: Magnezone
|-damage|p1a: Magnezone|0 fnt
|faint|p1a: Magnezone
|
|-weather|RainDance|[upkeep]
|upkeep
|
|t:|1741176737
|switch|p1a: Latios|Latios, M|28/100
|turn|20
|
|t:|1741176740
|move|p1a: Latios|Surf|p2a: Garchomp
|-damage|p2a: Garchomp|0 fnt
|faint|p2a: Garchomp
|-damage|p1a: Latios|18/100|[from] item: Life Orb
|
|-weather|RainDance|[upkeep]
|upkeep
|
|t:|1741176742
|switch|p2a: Conkeldurr|Conkeldurr, M|37/100
|turn|21
|c|☆the alchemist 67|Bruh
|
|t:|1741176747
|move|p2a: Conkeldurr|Mach Punch|p1a: Latios
|-resisted|p1a: Latios
|-damage|p1a: Latios|0 fnt
|faint|p1a: Latios
|-damage|p2a: Conkeldurr|27/100|[from] item: Life Orb
|
|win|affkslblc
|raw|the alchemist 67's rating: 1432 &rarr; <strong>1407</strong><br />(-25 for losing)
|raw|affkslblc's rating: 1335 &rarr; <strong>1360</strong><br />(+25 for winning)
|c|☆affkslblc|gg
|c|☆the alchemist 67|Not gg
|l|☆the alchemist 67
|player|p1|
