|j|☆PlayForDreams
|j|☆zztrztrzrz
|player|p1|PlayForDreams|279|1408
|player|p2|zztrztrzrz|169|1528
|teamsize|p1|6
|teamsize|p2|6
|gametype|singles
|gen|5
|tier|[Gen 5] OU
|rated|
|rule|Sleep Clause Mod: Limit one foe put to sleep
|rule|Species Clause: Limit one of each Pokémon
|rule|OHKO Clause: OHKO moves are banned
|rule|Moody Clause: Moody is banned
|rule|Evasion Moves Clause: Evasion moves are banned
|rule|Endless Battle Clause: Forcing endless battles is banned
|rule|HP Percentage Mod: HP is shown in percentages
|rule|Evasion Abilities Clause: Evasion abilities are banned
|rule|Baton Pass Clause: Limit one Baton Passer, can't pass Spe and other stats simultaneously
|rule|Swagger Clause: Swagger is banned
|clearpoke
|poke|p1|Reuniclus, M|item
|poke|p1|Tyranitar, M|item
|poke|p1|Excadrill, M|item
|poke|p1|Amoonguss, F|item
|poke|p1|Rotom-Wash|item
|poke|p1|Latias, F|item
|poke|p2|Alakazam, M|item
|poke|p2|Heatran, F|item
|poke|p2|Landorus-Therian, M|item
|poke|p2|Ferrothorn, F|item
|poke|p2|Amoonguss, F|item
|poke|p2|Tyranitar, M|item
|teampreview
|inactive|Battle timer is ON: inactive players will automatically lose when time's up. (requested by zztrztrzrz)
|inactive|PlayForDreams has 120 seconds left.
|
|start
|switch|p1a: Tyranitar|Tyranitar, M|100/100
|switch|p2a: Landorus|Landorus-Therian, M, shiny|100/100
|-ability|p2a: Landorus|Intimidate|boost
|-unboost|p1a: Tyranitar|atk|1
|-weather|Sandstorm|[from] ability: Sand Stream|[of] p1a: Tyranitar
|turn|1
|
|switch|p1a: Rotom|Rotom-Wash|100/100
|move|p2a: Landorus|U-turn|p1a: Rotom
|-damage|p1a: Rotom|76/100
|
|switch|p2a: Amoonguss|Amoonguss, F, shiny|100/100|[from]move: U-turn
|
|-weather|Sandstorm|[upkeep]
|-damage|p1a: Rotom|70/100|[from] Sandstorm
|-damage|p2a: Amoonguss|94/100|[from] Sandstorm
|-heal|p1a: Rotom|76/100|[from] item: Leftovers
|-heal|p2a: Amoonguss|100/100|[from] item: Black Sludge
|upkeep
|turn|2
|
|move|p1a: Rotom|Volt Switch|p2a: Amoonguss
|-resisted|p2a: Amoonguss
|-damage|p2a: Amoonguss|90/100
|inactive|PlayForDreams has 120 seconds left.
|
|switch|p1a: Amoonguss|Amoonguss, F|100/100|[from]move: Volt Switch
|move|p2a: Amoonguss|Spore|p1a: Amoonguss
|-status|p1a: Amoonguss|slp|[from] move: Spore
|
|-weather|Sandstorm|[upkeep]
|-damage|p1a: Amoonguss|94/100 slp|[from] Sandstorm
|-damage|p2a: Amoonguss|84/100|[from] Sandstorm
|-heal|p1a: Amoonguss|100/100 slp|[from] item: Black Sludge
|-heal|p2a: Amoonguss|90/100|[from] item: Black Sludge
|upkeep
|turn|3
|inactive|PlayForDreams has 120 seconds left.
|
|switch|p1a: Reuniclus|Reuniclus, M, shiny|100/100
|switch|p2a: Heatran|Heatran, F, shiny|100/100
|
|-weather|Sandstorm|[upkeep]
|upkeep
|turn|4
|inactive|PlayForDreams has 120 seconds left.
|
|switch|p2a: Tyranitar|Tyranitar, M, shiny|100/100
|switch|p1a: Rotom|Rotom-Wash|76/100
|
|-weather|Sandstorm|[upkeep]
|-damage|p1a: Rotom|70/100|[from] Sandstorm
|-heal|p1a: Rotom|76/100|[from] item: Leftovers
|upkeep
|turn|5
|inactive|PlayForDreams has 120 seconds left.
|
|switch|p2a: Amoonguss|Amoonguss, F, shiny|100/100
|move|p1a: Rotom|Will-O-Wisp|p2a: Amoonguss
|-status|p2a: Amoonguss|brn
|
|-weather|Sandstorm|[upkeep]
|-damage|p1a: Rotom|70/100|[from] Sandstorm
|-damage|p2a: Amoonguss|94/100 brn|[from] Sandstorm
|-heal|p1a: Rotom|76/100|[from] item: Leftovers
|-heal|p2a: Amoonguss|100/100 brn|[from] item: Black Sludge
|-damage|p2a: Amoonguss|88/100 brn|[from] brn
|upkeep
|turn|6
|inactive|PlayForDreams has 120 seconds left.
|
|switch|p2a: Landorus|Landorus-Therian, M, shiny|100/100
|-ability|p2a: Landorus|Intimidate|boost
|-unboost|p1a: Rotom|atk|1
|move|p1a: Rotom|Volt Switch|p2a: Landorus
|-immune|p2a: Landorus
|
|-weather|Sandstorm|[upkeep]
|-damage|p1a: Rotom|70/100|[from] Sandstorm
|-heal|p1a: Rotom|76/100|[from] item: Leftovers
|upkeep
|turn|7
|
|move|p2a: Landorus|U-turn|p1a: Rotom
|-damage|p1a: Rotom|52/100
|
|switch|p2a: Amoonguss|Amoonguss, F, shiny|100/100 brn|[from]move: U-turn
|move|p1a: Rotom|Volt Switch|p2a: Amoonguss
|-resisted|p2a: Amoonguss
|-damage|p2a: Amoonguss|91/100 brn
|
|switch|p1a: Excadrill|Excadrill, M, shiny|100/100|[from]move: Volt Switch
|
|-weather|Sandstorm|[upkeep]
|-damage|p2a: Amoonguss|85/100 brn|[from] Sandstorm
|-heal|p2a: Amoonguss|91/100 brn|[from] item: Black Sludge
|-damage|p2a: Amoonguss|78/100 brn|[from] brn
|upkeep
|turn|8
|
|move|p1a: Excadrill|Iron Head|p2a: Amoonguss
|-damage|p2a: Amoonguss|0 fnt
|faint|p2a: Amoonguss
|
|-weather|Sandstorm|[upkeep]
|upkeep
|
|switch|p2a: Landorus|Landorus-Therian, M, shiny|100/100
|-ability|p2a: Landorus|Intimidate|boost
|-unboost|p1a: Excadrill|atk|1
|turn|9
|
|switch|p1a: Rotom|Rotom-Wash|52/100
|move|p2a: Landorus|U-turn|p1a: Rotom
|-damage|p1a: Rotom|29/100
|
|switch|p2a: Alakazam|Alakazam, M, shiny|100/100|[from]move: U-turn
|
|-weather|Sandstorm|[upkeep]
|-damage|p1a: Rotom|23/100|[from] Sandstorm
|-heal|p1a: Rotom|29/100|[from] item: Leftovers
|upkeep
|turn|10
|
|switch|p1a: Reuniclus|Reuniclus, M, shiny|100/100
|move|p2a: Alakazam|Psychic|p1a: Reuniclus
|-resisted|p1a: Reuniclus
|-damage|p1a: Reuniclus|70/100
|
|-weather|Sandstorm|[upkeep]
|-heal|p1a: Reuniclus|76/100|[from] item: Leftovers
|upkeep
|turn|11
|
|switch|p1a: Tyranitar|Tyranitar, M|100/100
|move|p2a: Alakazam|Signal Beam|p1a: Tyranitar
|-supereffective|p1a: Tyranitar
|-damage|p1a: Tyranitar|64/100
|
|-weather|Sandstorm|[upkeep]
|upkeep
|turn|12
|
|move|p2a: Alakazam|Focus Blast|p1a: Tyranitar
|-supereffective|p1a: Tyranitar
|-enditem|p1a: Tyranitar|Chople Berry|[eat]
|-enditem|p1a: Tyranitar|Chople Berry|[weaken]
|-damage|p1a: Tyranitar|8/100
|move|p1a: Tyranitar|Pursuit|p2a: Alakazam
|-supereffective|p2a: Alakazam
|-damage|p2a: Alakazam|0 fnt
|faint|p2a: Alakazam
|
|-weather|Sandstorm|[upkeep]
|upkeep
|j| UberRainStall42
|
|switch|p2a: Landorus|Landorus-Therian, M, shiny|100/100
|-ability|p2a: Landorus|Intimidate|boost
|-unboost|p1a: Tyranitar|atk|1
|turn|13
|
|move|p2a: Landorus|U-turn|p1a: Tyranitar
|-supereffective|p1a: Tyranitar
|-damage|p1a: Tyranitar|0 fnt
|faint|p1a: Tyranitar
|
|switch|p2a: Heatran|Heatran, F, shiny|100/100|[from]move: U-turn
|
|-weather|Sandstorm|[upkeep]
|upkeep
|
|switch|p1a: Rotom|Rotom-Wash|29/100
|turn|14
|
|move|p2a: Heatran|Protect|p2a: Heatran
|-singleturn|p2a: Heatran|Protect
|move|p1a: Rotom|Pain Split|p2a: Heatran
|-activate|p2a: Heatran|move: Protect
|
|-weather|Sandstorm|[upkeep]
|-damage|p1a: Rotom|23/100|[from] Sandstorm
|-heal|p1a: Rotom|29/100|[from] item: Leftovers
|upkeep
|turn|15
|
|move|p1a: Rotom|Pain Split|p2a: Heatran
|-sethp|p2a: Heatran|62/100|[from] move: Pain Split|[silent]
|-sethp|p1a: Rotom|79/100|[from] move: Pain Split
|move|p2a: Heatran|Substitute|p2a: Heatran
|-start|p2a: Heatran|Substitute
|-damage|p2a: Heatran|37/100
|
|-weather|Sandstorm|[upkeep]
|-damage|p1a: Rotom|73/100|[from] Sandstorm
|-heal|p1a: Rotom|79/100|[from] item: Leftovers
|-heal|p2a: Heatran|43/100|[from] item: Leftovers
|upkeep
|turn|16
|
|move|p2a: Heatran|Protect|p2a: Heatran
|-singleturn|p2a: Heatran|Protect
|move|p1a: Rotom|Hydro Pump|p2a: Heatran
|-activate|p2a: Heatran|move: Protect
|
|-weather|Sandstorm|[upkeep]
|-damage|p1a: Rotom|73/100|[from] Sandstorm
|-heal|p1a: Rotom|79/100|[from] item: Leftovers
|-heal|p2a: Heatran|49/100|[from] item: Leftovers
|upkeep
|turn|17
|
|move|p1a: Rotom|Hydro Pump|p2a: Heatran
|-supereffective|p2a: Heatran
|-end|p2a: Heatran|Substitute
|move|p2a: Heatran|Substitute|p2a: Heatran
|-start|p2a: Heatran|Substitute
|-damage|p2a: Heatran|24/100
|
|-weather|Sandstorm|[upkeep]
|-damage|p1a: Rotom|73/100|[from] Sandstorm
|-heal|p1a: Rotom|79/100|[from] item: Leftovers
|-heal|p2a: Heatran|30/100|[from] item: Leftovers
|upkeep
|turn|18
|
|move|p2a: Heatran|Protect|p2a: Heatran
|-singleturn|p2a: Heatran|Protect
|move|p1a: Rotom|Volt Switch|p2a: Heatran
|-activate|p2a: Heatran|move: Protect
|
|-weather|Sandstorm|[upkeep]
|-damage|p1a: Rotom|73/100|[from] Sandstorm
|-heal|p1a: Rotom|79/100|[from] item: Leftovers
|-heal|p2a: Heatran|37/100|[from] item: Leftovers
|upkeep
|turn|19
|
|move|p1a: Rotom|Volt Switch|p2a: Heatran
|-activate|p2a: Heatran|Substitute|[damage]
|
|switch|p1a: Latias|Latias, F|100/100|[from]move: Volt Switch
|move|p2a: Heatran|Toxic|p1a: Latias
|-status|p1a: Latias|tox
|
|-weather|Sandstorm|[upkeep]
|-damage|p1a: Latias|95/100 tox|[from] Sandstorm
|-heal|p2a: Heatran|43/100|[from] item: Leftovers
|-damage|p1a: Latias|89/100 tox|[from] psn
|upkeep
|turn|20
|
|move|p2a: Heatran|Protect|p2a: Heatran
|-singleturn|p2a: Heatran|Protect
|move|p1a: Latias|Surf|p2a: Heatran
|-activate|p2a: Heatran|move: Protect
|
|-weather|Sandstorm|[upkeep]
|-damage|p1a: Latias|83/100 tox|[from] Sandstorm
|-heal|p2a: Heatran|49/100|[from] item: Leftovers
|-damage|p1a: Latias|71/100 tox|[from] psn
|upkeep
|turn|21
|
|switch|p2a: Ferrothorn|Ferrothorn, F, shiny|100/100
|move|p1a: Latias|Surf|p2a: Ferrothorn
|-resisted|p2a: Ferrothorn
|-damage|p2a: Ferrothorn|90/100
|
|-weather|Sandstorm|[upkeep]
|-damage|p1a: Latias|65/100 tox|[from] Sandstorm
|-heal|p2a: Ferrothorn|96/100|[from] item: Leftovers
|-damage|p1a: Latias|47/100 tox|[from] psn
|upkeep
|turn|22
|
|switch|p1a: Excadrill|Excadrill, M, shiny|100/100
|move|p2a: Ferrothorn|Spikes|p1a: Excadrill
|-sidestart|p1: PlayForDreams|Spikes
|
|-weather|Sandstorm|[upkeep]
|-heal|p2a: Ferrothorn|100/100|[from] item: Leftovers
|upkeep
|turn|23
|
|move|p1a: Excadrill|Earthquake|p2a: Ferrothorn
|-damage|p2a: Ferrothorn|33/100
|move|p2a: Ferrothorn|Leech Seed|p1a: Excadrill
|-start|p1a: Excadrill|move: Leech Seed
|
|-weather|Sandstorm|[upkeep]
|-heal|p2a: Ferrothorn|39/100|[from] item: Leftovers
|-damage|p1a: Excadrill|88/100|[from] Leech Seed|[of] p2a: Ferrothorn
|-heal|p2a: Ferrothorn|52/100|[silent]
|upkeep
|turn|24
|
|switch|p1a: Reuniclus|Reuniclus, M, shiny|76/100
|move|p2a: Ferrothorn|Protect||[still]
|-fail|p2a: Ferrothorn
|
|-weather|Sandstorm|[upkeep]
|-heal|p1a: Reuniclus|82/100|[from] item: Leftovers
|-heal|p2a: Ferrothorn|58/100|[from] item: Leftovers
|upkeep
|turn|25
|
|switch|p1a: Rotom|Rotom-Wash|79/100
|switch|p2a: Tyranitar|Tyranitar, M, shiny|100/100
|
|-weather|Sandstorm|[upkeep]
|-damage|p1a: Rotom|73/100|[from] Sandstorm
|-heal|p1a: Rotom|79/100|[from] item: Leftovers
|upkeep
|turn|26
|
|switch|p2a: Ferrothorn|Ferrothorn, F, shiny|58/100
|move|p1a: Rotom|Will-O-Wisp|p2a: Ferrothorn
|-status|p2a: Ferrothorn|brn
|
|-weather|Sandstorm|[upkeep]
|-damage|p1a: Rotom|73/100|[from] Sandstorm
|-heal|p1a: Rotom|79/100|[from] item: Leftovers
|-heal|p2a: Ferrothorn|64/100 brn|[from] item: Leftovers
|-damage|p2a: Ferrothorn|52/100 brn|[from] brn
|upkeep
|turn|27
|
|switch|p2a: Landorus|Landorus-Therian, M, shiny|100/100
|-ability|p2a: Landorus|Intimidate|boost
|-unboost|p1a: Rotom|atk|1
|move|p1a: Rotom|Volt Switch|p2a: Landorus
|-immune|p2a: Landorus
|
|-weather|Sandstorm|[upkeep]
|-damage|p1a: Rotom|73/100|[from] Sandstorm
|-heal|p1a: Rotom|79/100|[from] item: Leftovers
|upkeep
|turn|28
|
|move|p2a: Landorus|U-turn|p1a: Rotom
|-damage|p1a: Rotom|55/100
|
|switch|p2a: Ferrothorn|Ferrothorn, F, shiny|52/100 brn|[from]move: U-turn
|move|p1a: Rotom|Volt Switch|p2a: Ferrothorn
|-resisted|p2a: Ferrothorn
|-damage|p2a: Ferrothorn|41/100 brn
|
|switch|p1a: Excadrill|Excadrill, M, shiny|88/100|[from]move: Volt Switch
|-damage|p1a: Excadrill|76/100|[from] Spikes
|
|-weather|Sandstorm|[upkeep]
|-heal|p2a: Ferrothorn|47/100 brn|[from] item: Leftovers
|-damage|p2a: Ferrothorn|35/100 brn|[from] brn
|upkeep
|turn|29
|
|move|p2a: Ferrothorn|Protect|p2a: Ferrothorn
|-singleturn|p2a: Ferrothorn|Protect
|move|p1a: Excadrill|Iron Head|p2a: Ferrothorn
|-activate|p2a: Ferrothorn|move: Protect
|
|-weather|Sandstorm|[upkeep]
|-heal|p2a: Ferrothorn|41/100 brn|[from] item: Leftovers
|-damage|p2a: Ferrothorn|28/100 brn|[from] brn
|upkeep
|turn|30
|
|move|p1a: Excadrill|Iron Head|p2a: Ferrothorn
|-resisted|p2a: Ferrothorn
|-damage|p2a: Ferrothorn|2/100 brn
|-damage|p1a: Excadrill|63/100|[from] ability: Iron Barbs|[of] p2a: Ferrothorn
|move|p2a: Ferrothorn|Spikes|p1a: Excadrill
|-sidestart|p1: PlayForDreams|Spikes
|
|-weather|Sandstorm|[upkeep]
|-heal|p2a: Ferrothorn|9/100 brn|[from] item: Leftovers
|-damage|p2a: Ferrothorn|0 fnt|[from] brn
|faint|p2a: Ferrothorn
|upkeep
|
|switch|p2a: Landorus|Landorus-Therian, M, shiny|100/100
|-ability|p2a: Landorus|Intimidate|boost
|-unboost|p1a: Excadrill|atk|1
|turn|31
|
|switch|p1a: Amoonguss|Amoonguss, F|100/100 slp
|-damage|p1a: Amoonguss|84/100 slp|[from] Spikes
|move|p2a: Landorus|U-turn|p1a: Amoonguss
|-damage|p1a: Amoonguss|59/100 slp
|
|switch|p2a: Heatran|Heatran, F, shiny|49/100|[from]move: U-turn
|
|-weather|Sandstorm|[upkeep]
|-damage|p1a: Amoonguss|53/100 slp|[from] Sandstorm
|-heal|p2a: Heatran|55/100|[from] item: Leftovers
|-heal|p1a: Amoonguss|59/100 slp|[from] item: Black Sludge
|upkeep
|turn|32
|
|switch|p2a: Landorus|Landorus-Therian, M, shiny|100/100
|-ability|p2a: Landorus|Intimidate|boost
|-unboost|p1a: Amoonguss|atk|1
|switch|p1a: Reuniclus|Reuniclus, M, shiny|82/100
|
|-weather|Sandstorm|[upkeep]
|-heal|p1a: Reuniclus|88/100|[from] item: Leftovers
|upkeep
|turn|33
|
|switch|p1a: Amoonguss|Amoonguss, F|93/100 slp
|-damage|p1a: Amoonguss|76/100 slp|[from] Spikes
|move|p2a: Landorus|U-turn|p1a: Amoonguss
|-damage|p1a: Amoonguss|54/100 slp
|
|switch|p2a: Heatran|Heatran, F, shiny|55/100|[from]move: U-turn
|
|-weather|Sandstorm|[upkeep]
|-damage|p1a: Amoonguss|47/100 slp|[from] Sandstorm
|-heal|p2a: Heatran|62/100|[from] item: Leftovers
|-heal|p1a: Amoonguss|54/100 slp|[from] item: Black Sludge
|upkeep
|turn|34
|
|switch|p2a: Tyranitar|Tyranitar, M, shiny|100/100
|cant|p1a: Amoonguss|slp
|
|-weather|Sandstorm|[upkeep]
|-damage|p1a: Amoonguss|47/100 slp|[from] Sandstorm
|-heal|p1a: Amoonguss|54/100 slp|[from] item: Black Sludge
|upkeep
|turn|35
|
|move|p2a: Tyranitar|Ice Beam|p1a: Amoonguss
|-supereffective|p1a: Amoonguss
|-damage|p1a: Amoonguss|16/100 slp
|cant|p1a: Amoonguss|slp
|
|-weather|Sandstorm|[upkeep]
|-damage|p1a: Amoonguss|10/100 slp|[from] Sandstorm
|-heal|p1a: Amoonguss|16/100 slp|[from] item: Black Sludge
|upkeep
|turn|36
|
|switch|p1a: Rotom|Rotom-Wash|55/100
|move|p2a: Tyranitar|Stealth Rock|p1a: Rotom
|-sidestart|p1: PlayForDreams|move: Stealth Rock
|
|-weather|Sandstorm|[upkeep]
|-damage|p1a: Rotom|49/100|[from] Sandstorm
|-heal|p1a: Rotom|55/100|[from] item: Leftovers
|upkeep
|turn|37
|
|move|p1a: Rotom|Hydro Pump|p2a: Tyranitar
|-supereffective|p2a: Tyranitar
|-damage|p2a: Tyranitar|44/100
|move|p2a: Tyranitar|Dark Pulse|p1a: Rotom
|-damage|p1a: Rotom|16/100
|
|-weather|Sandstorm|[upkeep]
|-damage|p1a: Rotom|10/100|[from] Sandstorm
|-heal|p1a: Rotom|16/100|[from] item: Leftovers
|upkeep
|turn|38
|
|switch|p2a: Heatran|Heatran, F, shiny|62/100
|move|p1a: Rotom|Hydro Pump|p2a: Heatran
|-supereffective|p2a: Heatran
|-damage|p2a: Heatran|3/100
|
|-weather|Sandstorm|[upkeep]
|-damage|p1a: Rotom|10/100|[from] Sandstorm
|-heal|p1a: Rotom|16/100|[from] item: Leftovers
|-heal|p2a: Heatran|10/100|[from] item: Leftovers
|upkeep
|turn|39
|
|move|p2a: Heatran|Protect|p2a: Heatran
|-singleturn|p2a: Heatran|Protect
|move|p1a: Rotom|Volt Switch|p2a: Heatran
|-activate|p2a: Heatran|move: Protect
|
|-weather|Sandstorm|[upkeep]
|-damage|p1a: Rotom|10/100|[from] Sandstorm
|-heal|p1a: Rotom|16/100|[from] item: Leftovers
|-heal|p2a: Heatran|16/100|[from] item: Leftovers
|upkeep
|turn|40
|
|move|p1a: Rotom|Hydro Pump|p2a: Heatran
|-supereffective|p2a: Heatran
|-damage|p2a: Heatran|0 fnt
|faint|p2a: Heatran
|
|-weather|Sandstorm|[upkeep]
|-damage|p1a: Rotom|10/100|[from] Sandstorm
|-heal|p1a: Rotom|16/100|[from] item: Leftovers
|upkeep
|
|switch|p2a: Landorus|Landorus-Therian, M, shiny|100/100
|-ability|p2a: Landorus|Intimidate|boost
|-unboost|p1a: Rotom|atk|1
|turn|41
|
|switch|p1a: Amoonguss|Amoonguss, F|49/100 slp
|-damage|p1a: Amoonguss|33/100 slp|[from] Spikes
|-damage|p1a: Amoonguss|20/100 slp|[from] Stealth Rock
|move|p2a: Landorus|U-turn|p1a: Amoonguss
|-damage|p1a: Amoonguss|0 fnt
|faint|p1a: Amoonguss
|
|switch|p2a: Tyranitar|Tyranitar, M, shiny|44/100|[from]move: U-turn
|
|-weather|Sandstorm|[upkeep]
|upkeep
|
|switch|p1a: Excadrill|Excadrill, M, shiny|63/100
|-damage|p1a: Excadrill|60/100|[from] Stealth Rock
|-damage|p1a: Excadrill|43/100|[from] Spikes
|turn|42
|
|switch|p2a: Landorus|Landorus-Therian, M, shiny|100/100
|-ability|p2a: Landorus|Intimidate|boost
|-unboost|p1a: Excadrill|atk|1
|move|p1a: Excadrill|Iron Head|p2a: Landorus
|-damage|p2a: Landorus|53/100
|
|-weather|Sandstorm|[upkeep]
|upkeep
|turn|43
|
|move|p2a: Landorus|Earthquake|p1a: Excadrill
|-supereffective|p1a: Excadrill
|-damage|p1a: Excadrill|0 fnt
|faint|p1a: Excadrill
|
|-weather|Sandstorm|[upkeep]
|upkeep
|
|switch|p1a: Latias|Latias, F|47/100 tox
|-damage|p1a: Latias|34/100 tox|[from] Stealth Rock
|turn|44
|
|switch|p2a: Tyranitar|Tyranitar, M, shiny|44/100
|move|p1a: Latias|Surf|p2a: Tyranitar
|-supereffective|p2a: Tyranitar
|-crit|p2a: Tyranitar
|-damage|p2a: Tyranitar|0 fnt
|faint|p2a: Tyranitar
|
|-weather|Sandstorm|[upkeep]
|-damage|p1a: Latias|28/100 tox|[from] Sandstorm
|-damage|p1a: Latias|22/100 tox|[from] psn
|upkeep
|
|switch|p2a: Landorus|Landorus-Therian, M, shiny|53/100
|-ability|p2a: Landorus|Intimidate|boost
|-unboost|p1a: Latias|atk|1
|turn|45
|
|move|p1a: Latias|Surf|p2a: Landorus
|-supereffective|p2a: Landorus
|-damage|p2a: Landorus|0 fnt
|faint|p2a: Landorus
|
|win|PlayForDreams
|c|☆PlayForDreams|gg
|c|☆zztrztrzrz|gg
|raw|PlayForDreams's rating: 1408 &rarr; <strong>1435</strong><br />(+27 for winning)
|raw|zztrztrzrz's rating: 1529 &rarr; <strong>1502</strong><br />(-27 for losing)
|l| UberRainStall42
