|j|☆TurboWakanda
|j|☆the great gazump
|t:|1706734076
|gametype|singles
|player|p1|TurboWakanda|cynthia-gen4|1394
|player|p2|the great gazump|102|1466
|teamsize|p1|6
|teamsize|p2|6
|gen|5
|tier|[Gen 5] OU
|rated|
|rule|Species Clause: Limit one of each Pokémon
|rule|OHKO Clause: OHKO moves are banned
|rule|Moody Clause: Moody is banned
|rule|Evasion Items Clause: Evasion items are banned
|rule|Evasion Moves Clause: Evasion moves are banned
|rule|Endless Battle Clause: Forcing endless battles is banned
|rule|HP Percentage Mod: HP is shown in percentages
|rule|Evasion Abilities Clause: Evasion abilities are banned
|rule|Sleep Moves Clause: Sleep-inducing moves are banned
|rule|Swagger Clause: Swagger is banned
|rule|Baton Pass Stat Clause: No Baton Passer may have a way to boost its stats
|clearpoke
|poke|p1|Dragonite, M|item
|poke|p1|Garchomp, F|item
|poke|p1|Kyurem-Black|item
|poke|p1|Magnezone|item
|poke|p1|Latios, M|item
|poke|p1|Haxorus, F|item
|poke|p2|Abomasnow, F|item
|poke|p2|Gliscor, F|item
|poke|p2|Forretress, F|item
|poke|p2|Blissey, F|item
|poke|p2|Latios, M|item
|poke|p2|Reuniclus, F|item
|teampreview
|inactive|Battle timer is ON: inactive players will automatically lose when time's up. (requested by TurboWakanda)
|
|t:|1706734086
|start
|switch|p1a: Dragonite|Dragonite, M|100/100
|switch|p2a: Gliscor|Gliscor, F|100/100
|turn|1
|
|t:|1706734098
|move|p1a: Dragonite|Dragon Dance|p1a: Dragonite
|-boost|p1a: Dragonite|atk|1
|-boost|p1a: Dragonite|spe|1
|move|p2a: Gliscor|Stealth Rock|p1a: Dragonite
|-sidestart|p1: TurboWakanda|move: Stealth Rock
|
|-status|p2a: Gliscor|tox|[from] item: Toxic Orb
|upkeep
|turn|2
|
|t:|1706734109
|move|p1a: Dragonite|Dragon Dance|p1a: Dragonite
|-boost|p1a: Dragonite|atk|1
|-boost|p1a: Dragonite|spe|1
|move|p2a: Gliscor|Ice Fang|p1a: Dragonite
|-supereffective|p1a: Dragonite
|-enditem|p1a: Dragonite|Yache Berry|[eat]
|-enditem|p1a: Dragonite|Yache Berry|[weaken]
|-damage|p1a: Dragonite|84/100
|
|upkeep
|turn|3
|inactive|the great gazump has 120 seconds left.
|
|t:|1706734153
|move|p1a: Dragonite|Extreme Speed|p2a: Gliscor
|-damage|p2a: Gliscor|51/100 tox
|move|p2a: Gliscor|Ice Fang|p1a: Dragonite
|-supereffective|p1a: Dragonite
|-damage|p1a: Dragonite|17/100
|
|-heal|p2a: Gliscor|63/100 tox|[from] ability: Poison Heal
|upkeep
|turn|4
|inactive|the great gazump has 90 seconds left.
|
|t:|1706734185
|move|p1a: Dragonite|Outrage|p2a: Gliscor
|-damage|p2a: Gliscor|0 fnt
|faint|p2a: Gliscor
|
|upkeep
|
|t:|1706734186
|switch|p2a: Abomasnow|Abomasnow, F|100/100
|-weather|Hail|[from] ability: Snow Warning|[of] p2a: Abomasnow
|turn|5
|
|t:|1706734188
|move|p2a: Abomasnow|Ice Shard|p1a: Dragonite
|-supereffective|p1a: Dragonite
|-damage|p1a: Dragonite|0 fnt
|faint|p1a: Dragonite
|
|-weather|Hail|[upkeep]
|upkeep
|
|t:|1706734199
|switch|p1a: Magnezone|Magnezone|100/100
|-damage|p1a: Magnezone|95/100|[from] Stealth Rock
|turn|6
|
|t:|1706734204
|switch|p2a: Blissey|Blissey, F|100/100
|move|p1a: Magnezone|Flash Cannon|p2a: Blissey
|-damage|p2a: Blissey|77/100
|
|-weather|Hail|[upkeep]
|-damage|p1a: Magnezone|89/100|[from] Hail
|-damage|p2a: Blissey|71/100|[from] Hail
|-heal|p2a: Blissey|77/100|[from] item: Leftovers
|upkeep
|turn|7
|
|t:|1706734214
|switch|p1a: Haxorus|Haxorus, F|100/100
|-damage|p1a: Haxorus|88/100|[from] Stealth Rock
|-ability|p1a: Haxorus|Mold Breaker
|move|p2a: Blissey|Ice Beam|p1a: Haxorus
|-supereffective|p1a: Haxorus
|-crit|p1a: Haxorus
|-damage|p1a: Haxorus|0 fnt
|faint|p1a: Haxorus
|
|-weather|Hail|[upkeep]
|-damage|p2a: Blissey|71/100|[from] Hail
|-heal|p2a: Blissey|77/100|[from] item: Leftovers
|upkeep
|
|t:|1706734223
|switch|p1a: Kyurem|Kyurem-Black|100/100
|-damage|p1a: Kyurem|76/100|[from] Stealth Rock
|-ability|p1a: Kyurem|Teravolt
|turn|8
|
|t:|1706734232
|switch|p2a: Forretress|Forretress, F|100/100
|move|p1a: Kyurem|Fusion Bolt|p2a: Forretress
|-damage|p2a: Forretress|61/100
|
|-weather|Hail|[upkeep]
|-heal|p2a: Forretress|67/100|[from] item: Leftovers
|upkeep
|turn|9
|inactive|the great gazump has 120 seconds left.
|
|t:|1706734258
|switch|p1a: Magnezone|Magnezone|89/100
|-damage|p1a: Magnezone|83/100|[from] Stealth Rock
|switch|p2a: Abomasnow|Abomasnow, F|100/100
|
|-weather|Hail|[upkeep]
|-damage|p1a: Magnezone|77/100|[from] Hail
|upkeep
|turn|10
|
|t:|1706734265
|move|p2a: Abomasnow|Protect|p2a: Abomasnow
|-singleturn|p2a: Abomasnow|Protect
|move|p1a: Magnezone|Volt Switch|p2a: Abomasnow
|-activate|p2a: Abomasnow|move: Protect
|
|-weather|Hail|[upkeep]
|-damage|p1a: Magnezone|71/100|[from] Hail
|upkeep
|turn|11
|
|t:|1706734269
|move|p1a: Magnezone|Volt Switch|p2a: Abomasnow
|-resisted|p2a: Abomasnow
|-damage|p2a: Abomasnow|80/100
|
|t:|1706734272
|switch|p1a: Kyurem|Kyurem-Black|76/100|[from] Volt Switch
|-damage|p1a: Kyurem|51/100|[from] Stealth Rock
|-ability|p1a: Kyurem|Teravolt
|move|p2a: Abomasnow|Leech Seed|p1a: Kyurem
|-start|p1a: Kyurem|move: Leech Seed
|
|-weather|Hail|[upkeep]
|-heal|p2a: Abomasnow|87/100|[from] item: Leftovers
|-damage|p1a: Kyurem|39/100|[from] Leech Seed|[of] p2a: Abomasnow
|-heal|p2a: Abomasnow|99/100|[silent]
|upkeep
|turn|12
|
|t:|1706734275
|move|p2a: Abomasnow|Protect|p2a: Abomasnow
|-singleturn|p2a: Abomasnow|Protect
|move|p1a: Kyurem|Outrage|p2a: Abomasnow
|-activate|p2a: Abomasnow|move: Protect
|
|-weather|Hail|[upkeep]
|-heal|p2a: Abomasnow|100/100|[from] item: Leftovers
|-damage|p1a: Kyurem|26/100|[from] Leech Seed|[of] p2a: Abomasnow
|upkeep
|turn|13
|
|t:|1706734278
|switch|p2a: Forretress|Forretress, F|67/100
|move|p1a: Kyurem|Outrage|p2a: Forretress
|-resisted|p2a: Forretress
|-damage|p2a: Forretress|35/100
|
|-weather|Hail|[upkeep]
|-heal|p2a: Forretress|41/100|[from] item: Leftovers
|-damage|p1a: Kyurem|14/100|[from] Leech Seed|[of] p2a: Forretress
|-heal|p2a: Forretress|55/100|[silent]
|upkeep
|turn|14
|inactive|the great gazump has 120 seconds left.
|
|t:|1706734323
|move|p1a: Kyurem|Outrage|p2a: Forretress|[from]lockedmove
|-resisted|p2a: Forretress
|-damage|p2a: Forretress|23/100
|move|p2a: Forretress|Spikes|p1a: Kyurem
|-sidestart|p1: TurboWakanda|Spikes
|
|-weather|Hail|[upkeep]
|-heal|p2a: Forretress|29/100|[from] item: Leftovers
|-damage|p1a: Kyurem|2/100|[from] Leech Seed|[of] p2a: Forretress
|-heal|p2a: Forretress|43/100|[silent]
|upkeep
|turn|15
|
|t:|1706734340
|move|p1a: Kyurem|Outrage|p2a: Forretress|[from]lockedmove
|-resisted|p2a: Forretress
|-damage|p2a: Forretress|7/100
|-start|p1a: Kyurem|confusion|[fatigue]
|move|p2a: Forretress|Spikes|p1a: Kyurem
|-sidestart|p1: TurboWakanda|Spikes
|
|-weather|Hail|[upkeep]
|-heal|p2a: Forretress|13/100|[from] item: Leftovers
|-damage|p1a: Kyurem|0 fnt|[from] Leech Seed|[of] p2a: Forretress
|-heal|p2a: Forretress|15/100|[silent]
|faint|p1a: Kyurem
|upkeep
|
|t:|1706734354
|switch|p1a: Garchomp|Garchomp, F|100/100
|-damage|p1a: Garchomp|94/100|[from] Stealth Rock
|-damage|p1a: Garchomp|78/100|[from] Spikes
|turn|16
|
|t:|1706734359
|move|p1a: Garchomp|Fire Fang|p2a: Forretress
|-supereffective|p2a: Forretress
|-damage|p2a: Forretress|0 fnt
|faint|p2a: Forretress
|
|-weather|Hail|[upkeep]
|-damage|p1a: Garchomp|72/100|[from] Hail
|upkeep
|
|t:|1706734369
|switch|p2a: Latios|Latios, M|100/100
|turn|17
|
|t:|1706734373
|switch|p1a: Magnezone|Magnezone|71/100
|-damage|p1a: Magnezone|65/100|[from] Stealth Rock
|-damage|p1a: Magnezone|48/100|[from] Spikes
|move|p2a: Latios|Draco Meteor|p1a: Magnezone
|-resisted|p1a: Magnezone
|-damage|p1a: Magnezone|7/100
|-unboost|p2a: Latios|spa|2
|
|-weather|Hail|[upkeep]
|-damage|p2a: Latios|95/100|[from] Hail
|-damage|p1a: Magnezone|1/100|[from] Hail
|upkeep
|turn|18
|
|t:|1706734379
|move|p2a: Latios|Surf|p1a: Magnezone
|-damage|p1a: Magnezone|0 fnt
|faint|p1a: Magnezone
|
|-weather|Hail|[upkeep]
|-damage|p2a: Latios|89/100|[from] Hail
|upkeep
|
|t:|1706734385
|switch|p1a: Garchomp|Garchomp, F|72/100
|-damage|p1a: Garchomp|65/100|[from] Stealth Rock
|-damage|p1a: Garchomp|49/100|[from] Spikes
|turn|19
|
|t:|1706734394
|move|p1a: Garchomp|Outrage|p2a: Latios
|-supereffective|p2a: Latios
|-damage|p2a: Latios|0 fnt
|faint|p2a: Latios
|
|-weather|Hail|[upkeep]
|-damage|p1a: Garchomp|43/100|[from] Hail
|upkeep
|
|t:|1706734396
|switch|p2a: Abomasnow|Abomasnow, F|100/100
|turn|20
|
|t:|1706734398
|move|p2a: Abomasnow|Ice Shard|p1a: Garchomp
|-supereffective|p1a: Garchomp
|-damage|p1a: Garchomp|0 fnt
|faint|p1a: Garchomp
|
|-weather|Hail|[upkeep]
|upkeep
|
|t:|1706734400
|switch|p1a: Latios|Latios, M|100/100
|-damage|p1a: Latios|88/100|[from] Stealth Rock
|turn|21
|
|t:|1706734410
|move|p1a: Latios|Dragon Pulse|p2a: Abomasnow
|-damage|p2a: Abomasnow|63/100
|move|p2a: Abomasnow|Blizzard|p1a: Latios
|-supereffective|p1a: Latios
|-damage|p1a: Latios|12/100
|
|-weather|Hail|[upkeep]
|-damage|p1a: Latios|6/100|[from] Hail
|-heal|p2a: Abomasnow|69/100|[from] item: Leftovers
|upkeep
|turn|22
|-message|TurboWakanda forfeited.
|
|win|the great gazump
|raw|TurboWakanda's rating: 1394 &rarr; <strong>1378</strong><br />(-16 for losing)
|raw|the great gazump's rating: 1466 &rarr; <strong>1482</strong><br />(+16 for winning)
|l|☆TurboWakanda
|player|p1|
