|j|☆AngryPidgeon
|j|☆Broduderman
|t:|1715533855
|gametype|singles
|player|p1|AngryPidgeon|2|1351
|player|p2|Broduderman|clown|1451
|teamsize|p1|6
|teamsize|p2|6
|gen|5
|tier|[Gen 5] OU
|rated|
|rule|Species Clause: Limit one of each Pokémon
|rule|OHKO Clause: OHKO moves are banned
|rule|Moody Clause: Moody is banned
|rule|Evasion Items Clause: Evasion items are banned
|rule|Evasion Moves Clause: Evasion moves are banned
|rule|Endless Battle Clause: Forcing endless battles is banned
|rule|HP Percentage Mod: HP is shown in percentages
|rule|Evasion Abilities Clause: Evasion abilities are banned
|rule|Sleep Moves Clause: Sleep-inducing moves are banned
|rule|Swagger Clause: Swagger is banned
|rule|Baton Pass Stat Clause: No Baton Passer may have a way to boost its stats
|clearpoke
|poke|p1|Quagsire, M|item
|poke|p1|Chansey, F|item
|poke|p1|Xatu, F|item
|poke|p1|Skarmory, M|item
|poke|p1|Sableye, F|item
|poke|p1|Gastrodon-East, M|item
|poke|p2|Tyranitar, F|item
|poke|p2|Clefable, F|item
|poke|p2|Latias, F|item
|poke|p2|Landorus-Therian, M|item
|poke|p2|Slowbro, M|item
|poke|p2|Excadrill, F|item
|teampreview
|inactive|Battle timer is ON: inactive players will automatically lose when time's up. (requested by Broduderman)
|
|t:|1715533875
|start
|switch|p1a: Ozeuk|Skarmory, M, shiny|100/100
|switch|p2a: Clefable|Clefable, F|100/100
|turn|1
|
|t:|1715533883
|switch|p1a: Xaoccoax|Xatu, F, shiny|100/100
|move|p2a: Clefable|Stealth Rock|p1a: Xaoccoax
|move|p1a: Xaoccoax|Stealth Rock|p2a: Clefable|[from]ability: Magic Bounce
|-sidestart|p2: Broduderman|move: Stealth Rock
|
|upkeep
|turn|2
|
|t:|1715533890
|move|p1a: Xaoccoax|Reflect|p1a: Xaoccoax
|-sidestart|p1: AngryPidgeon|Reflect
|move|p2a: Clefable|Ice Beam|p1a: Xaoccoax
|-supereffective|p1a: Xaoccoax
|-damage|p1a: Xaoccoax|50/100
|
|upkeep
|turn|3
|
|t:|1715533895
|move|p1a: Xaoccoax|Roost|p1a: Xaoccoax
|-heal|p1a: Xaoccoax|99/100
|-singleturn|p1a: Xaoccoax|move: Roost
|move|p2a: Clefable|Ice Beam|p1a: Xaoccoax
|-damage|p1a: Xaoccoax|75/100
|
|upkeep
|turn|4
|
|t:|1715533909
|move|p1a: Xaoccoax|Roost|p1a: Xaoccoax
|-heal|p1a: Xaoccoax|100/100
|-singleturn|p1a: Xaoccoax|move: Roost
|move|p2a: Clefable|Stealth Rock|p1a: Xaoccoax
|move|p1a: Xaoccoax|Stealth Rock||[from]ability: Magic Bounce|[still]
|-fail|p1a: Xaoccoax
|
|upkeep
|turn|5
|
|t:|1715533933
|switch|p1a: Glenn Quagsire|Quagsire, M, shiny|100/100
|move|p2a: Clefable|Ice Beam|p1a: Glenn Quagsire
|-damage|p1a: Glenn Quagsire|77/100
|
|-heal|p1a: Glenn Quagsire|83/100|[from] item: Leftovers
|upkeep
|turn|6
|
|t:|1715533938
|move|p2a: Clefable|Ice Beam|p1a: Glenn Quagsire
|-damage|p1a: Glenn Quagsire|58/100
|move|p1a: Glenn Quagsire|Encore|p2a: Clefable
|-start|p2a: Clefable|Encore
|
|-heal|p1a: Glenn Quagsire|64/100|[from] item: Leftovers
|-sideend|p1: AngryPidgeon|Reflect
|upkeep
|turn|7
|
|t:|1715533941
|move|p2a: Clefable|Ice Beam|p1a: Glenn Quagsire
|-damage|p1a: Glenn Quagsire|41/100
|-status|p1a: Glenn Quagsire|frz
|cant|p1a: Glenn Quagsire|frz
|
|-heal|p1a: Glenn Quagsire|47/100 frz|[from] item: Leftovers
|upkeep
|turn|8
|
|t:|1715533948
|switch|p2a: Excadrill|Excadrill, F|100/100
|-damage|p2a: Excadrill|98/100|[from] Stealth Rock
|switch|p1a: Chris Chansey|Chansey, F, shiny|100/100
|
|-heal|p2a: Excadrill|100/100|[from] item: Leftovers
|upkeep
|turn|9
|
|t:|1715533952
|switch|p1a: Gemothy|Sableye, F, shiny|100/100
|move|p2a: Excadrill|Iron Head|p1a: Gemothy
|-damage|p1a: Gemothy|44/100
|
|-heal|p1a: Gemothy|50/100|[from] item: Leftovers
|upkeep
|turn|10
|
|t:|1715533959
|switch|p2a: Clefable|Clefable, F|100/100
|move|p1a: Gemothy|Will-O-Wisp|p2a: Clefable
|-status|p2a: Clefable|brn
|
|-heal|p1a: Gemothy|57/100|[from] item: Leftovers
|upkeep
|turn|11
|
|t:|1715533966
|move|p1a: Gemothy|Taunt|p2a: Clefable
|-start|p2a: Clefable|move: Taunt
|move|p2a: Clefable|Ice Beam|p1a: Gemothy
|-damage|p1a: Gemothy|35/100
|
|-heal|p1a: Gemothy|41/100|[from] item: Leftovers
|upkeep
|turn|12
|
|t:|1715533973
|switch|p2a: Tyranitar|Tyranitar, F|100/100
|-damage|p2a: Tyranitar|88/100|[from] Stealth Rock
|-weather|Sandstorm|[from] ability: Sand Stream|[of] p2a: Tyranitar
|move|p1a: Gemothy|Recover|p1a: Gemothy
|-heal|p1a: Gemothy|91/100
|
|-weather|Sandstorm|[upkeep]
|-damage|p1a: Gemothy|85/100|[from] Sandstorm
|-heal|p1a: Gemothy|91/100|[from] item: Leftovers
|upkeep
|turn|13
|
|t:|1715533980
|switch|p2a: Clefable|Clefable, F|100/100 brn
|move|p1a: Gemothy|Will-O-Wisp|p2a: Clefable
|-fail|p2a: Clefable|brn
|
|-weather|Sandstorm|[upkeep]
|-damage|p1a: Gemothy|85/100|[from] Sandstorm
|-heal|p1a: Gemothy|91/100|[from] item: Leftovers
|upkeep
|turn|14
|
|t:|1715533985
|move|p1a: Gemothy|Taunt|p2a: Clefable
|-start|p2a: Clefable|move: Taunt
|cant|p2a: Clefable|move: Taunt|Stealth Rock
|
|-weather|Sandstorm|[upkeep]
|-damage|p1a: Gemothy|85/100|[from] Sandstorm
|-heal|p1a: Gemothy|91/100|[from] item: Leftovers
|upkeep
|turn|15
|
|t:|1715533993
|move|p1a: Gemothy|Will-O-Wisp|p2a: Clefable
|-fail|p2a: Clefable|brn
|move|p2a: Clefable|Ice Beam|p1a: Gemothy
|-damage|p1a: Gemothy|73/100
|
|-weather|Sandstorm|[upkeep]
|-damage|p1a: Gemothy|66/100|[from] Sandstorm
|-heal|p1a: Gemothy|73/100|[from] item: Leftovers
|upkeep
|turn|16
|
|t:|1715534005
|move|p1a: Gemothy|Will-O-Wisp|p2a: Clefable
|-fail|p2a: Clefable|brn
|move|p2a: Clefable|Ice Beam|p1a: Gemothy
|-damage|p1a: Gemothy|52/100
|
|-weather|Sandstorm|[upkeep]
|-damage|p1a: Gemothy|46/100|[from] Sandstorm
|-heal|p1a: Gemothy|52/100|[from] item: Leftovers
|-end|p2a: Clefable|move: Taunt
|upkeep
|turn|17
|
|t:|1715534014
|switch|p2a: Slowbro|Slowbro, M|100/100
|-damage|p2a: Slowbro|88/100|[from] Stealth Rock
|move|p1a: Gemothy|Taunt|p2a: Slowbro
|-start|p2a: Slowbro|move: Taunt
|
|-weather|Sandstorm|[upkeep]
|-damage|p1a: Gemothy|46/100|[from] Sandstorm
|-damage|p2a: Slowbro|82/100|[from] Sandstorm
|-heal|p1a: Gemothy|52/100|[from] item: Leftovers
|-heal|p2a: Slowbro|88/100|[from] item: Leftovers
|upkeep
|turn|18
|
|t:|1715534020
|move|p1a: Gemothy|Recover|p1a: Gemothy
|-heal|p1a: Gemothy|100/100
|move|p2a: Slowbro|Scald|p1a: Gemothy
|-damage|p1a: Gemothy|73/100
|-status|p1a: Gemothy|brn
|
|-weather|Sandstorm|[upkeep]
|-damage|p1a: Gemothy|67/100 brn|[from] Sandstorm
|-damage|p2a: Slowbro|82/100|[from] Sandstorm
|-heal|p1a: Gemothy|73/100 brn|[from] item: Leftovers
|-heal|p2a: Slowbro|88/100|[from] item: Leftovers
|-damage|p1a: Gemothy|60/100 brn|[from] brn
|upkeep
|turn|19
|
|t:|1715534026
|switch|p1a: Chris Chansey|Chansey, F, shiny|100/100
|switch|p2a: Clefable|Clefable, F|100/100 brn
|
|-weather|Sandstorm|[upkeep]
|-damage|p1a: Chris Chansey|94/100|[from] Sandstorm
|upkeep
|turn|20
|
|t:|1715534036
|move|p2a: Clefable|Stealth Rock|p1a: Chris Chansey
|-sidestart|p1: AngryPidgeon|move: Stealth Rock
|move|p1a: Chris Chansey|Aromatherapy|p1a: Chris Chansey
|-activate|p1a: Chris Chansey|move: Aromatherapy
|-curestatus|p1: Glenn Quagsire|frz|[msg]
|-curestatus|p1: Gemothy|brn|[msg]
|
|-weather|Sandstorm|[upkeep]
|-damage|p1a: Chris Chansey|88/100|[from] Sandstorm
|upkeep
|turn|21
|
|t:|1715534042
|move|p2a: Clefable|Thunder Wave|p1a: Chris Chansey
|-status|p1a: Chris Chansey|par
|move|p1a: Chris Chansey|Seismic Toss|p2a: Clefable
|-damage|p2a: Clefable|75/100 brn
|
|-weather|Sandstorm|[upkeep]
|-damage|p1a: Chris Chansey|82/100 par|[from] Sandstorm
|-heal|p2a: Clefable|81/100 brn|[from] item: Leftovers
|upkeep
|turn|22
|
|t:|1715534049
|switch|p2a: Excadrill|Excadrill, F|100/100
|-damage|p2a: Excadrill|98/100|[from] Stealth Rock
|move|p1a: Chris Chansey|Seismic Toss|p2a: Excadrill
|-damage|p2a: Excadrill|70/100
|
|-weather|Sandstorm|[upkeep]
|-damage|p1a: Chris Chansey|76/100 par|[from] Sandstorm
|-heal|p2a: Excadrill|77/100|[from] item: Leftovers
|upkeep
|turn|23
|
|t:|1715534057
|-curestatus|p1a: Chris Chansey|par|[from] ability: Natural Cure
|switch|p1a: Ozeuk|Skarmory, M, shiny|100/100
|-damage|p1a: Ozeuk|88/100|[from] Stealth Rock
|move|p2a: Excadrill|Rapid Spin|p1a: Ozeuk
|-resisted|p1a: Ozeuk
|-damage|p1a: Ozeuk|86/100
|-sideend|p2: Broduderman|Stealth Rock|[from] move: Rapid Spin|[of] p2a: Excadrill
|
|-weather|Sandstorm|[upkeep]
|-heal|p2a: Excadrill|83/100|[from] item: Leftovers
|upkeep
|turn|24
|
|t:|1715534065
|switch|p2a: Landorus|Landorus-Therian, M|100/100
|-ability|p2a: Landorus|Intimidate|boost
|-unboost|p1a: Ozeuk|atk|1
|move|p1a: Ozeuk|Spikes|p2a: Landorus
|-sidestart|p2: Broduderman|Spikes
|
|-weather|Sandstorm|[upkeep]
|upkeep
|turn|25
|
|t:|1715534069
|move|p2a: Landorus|Substitute|p2a: Landorus
|-start|p2a: Landorus|Substitute
|-damage|p2a: Landorus|76/100
|move|p1a: Ozeuk|Spikes|p2a: Landorus
|-sidestart|p2: Broduderman|Spikes
|
|-weather|Sandstorm|[upkeep]
|-heal|p2a: Landorus|82/100|[from] item: Leftovers
|upkeep
|turn|26
|
|t:|1715534074
|move|p2a: Landorus|Smack Down|p1a: Ozeuk
|-damage|p1a: Ozeuk|75/100
|-start|p1a: Ozeuk|Smack Down
|move|p1a: Ozeuk|Whirlwind|p2a: Landorus
|drag|p2a: Latias|Latias, F|100/100
|
|-weather|Sandstorm|[upkeep]
|-damage|p2a: Latias|95/100|[from] Sandstorm
|upkeep
|turn|27
|
|t:|1715534086
|switch|p1a: Sk8rhead boy|Gastrodon-East, M, shiny|100/100
|-damage|p1a: Sk8rhead boy|94/100|[from] Stealth Rock
|move|p2a: Latias|Surf|p1a: Sk8rhead boy
|-ability|p1a: Sk8rhead boy|Storm Drain|boost
|-boost|p1a: Sk8rhead boy|spa|1
|
|-weather|Sandstorm|[upkeep]
|-damage|p2a: Latias|89/100|[from] Sandstorm
|-heal|p1a: Sk8rhead boy|100/100|[from] item: Leftovers
|upkeep
|turn|28
|
|t:|1715534097
|switch|p2a: Clefable|Clefable, F|81/100 brn
|move|p1a: Sk8rhead boy|Earth Power|p2a: Clefable
|-damage|p2a: Clefable|47/100 brn
|
|-weather|Sandstorm|[upkeep]
|-heal|p2a: Clefable|54/100 brn|[from] item: Leftovers
|upkeep
|turn|29
|
|t:|1715534102
|move|p2a: Clefable|Soft-Boiled|p2a: Clefable
|-heal|p2a: Clefable|100/100 brn
|move|p1a: Sk8rhead boy|Earth Power|p2a: Clefable
|-damage|p2a: Clefable|65/100 brn
|
|-weather|Sandstorm|[upkeep]
|-heal|p2a: Clefable|71/100 brn|[from] item: Leftovers
|upkeep
|turn|30
|
|t:|1715534107
|move|p2a: Clefable|Ice Beam|p1a: Sk8rhead boy
|-damage|p1a: Sk8rhead boy|87/100
|move|p1a: Sk8rhead boy|Ice Beam|p2a: Clefable
|-damage|p2a: Clefable|48/100 brn
|
|-weather|Sandstorm|[upkeep]
|-heal|p2a: Clefable|54/100 brn|[from] item: Leftovers
|-heal|p1a: Sk8rhead boy|93/100|[from] item: Leftovers
|upkeep
|turn|31
|
|t:|1715534113
|move|p2a: Clefable|Soft-Boiled|p2a: Clefable
|-heal|p2a: Clefable|100/100 brn
|move|p1a: Sk8rhead boy|Earth Power|p2a: Clefable
|-crit|p2a: Clefable
|-damage|p2a: Clefable|29/100 brn
|
|-weather|Sandstorm|[upkeep]
|-heal|p2a: Clefable|35/100 brn|[from] item: Leftovers
|-heal|p1a: Sk8rhead boy|99/100|[from] item: Leftovers
|upkeep
|turn|32
|
|t:|1715534117
|move|p2a: Clefable|Soft-Boiled|p2a: Clefable
|-heal|p2a: Clefable|85/100 brn
|move|p1a: Sk8rhead boy|Earth Power|p2a: Clefable
|-damage|p2a: Clefable|50/100 brn
|-unboost|p2a: Clefable|spd|1
|
|-weather|Sandstorm|[upkeep]
|-heal|p2a: Clefable|57/100 brn|[from] item: Leftovers
|-heal|p1a: Sk8rhead boy|100/100|[from] item: Leftovers
|upkeep
|turn|33
|
|t:|1715534123
|switch|p2a: Slowbro|Slowbro, M|100/100
|-damage|p2a: Slowbro|84/100|[from] Spikes
|move|p1a: Sk8rhead boy|Ice Beam|p2a: Slowbro
|-resisted|p2a: Slowbro
|-damage|p2a: Slowbro|69/100
|
|-weather|Sandstorm|[upkeep]
|-damage|p2a: Slowbro|62/100|[from] Sandstorm
|-heal|p2a: Slowbro|69/100|[from] item: Leftovers
|upkeep
|turn|34
|
|t:|1715534133
|move|p1a: Sk8rhead boy|Earth Power|p2a: Slowbro
|-damage|p2a: Slowbro|16/100
|move|p2a: Slowbro|Slack Off|p2a: Slowbro
|-heal|p2a: Slowbro|66/100
|
|-weather|Sandstorm|[upkeep]
|-damage|p2a: Slowbro|60/100|[from] Sandstorm
|-heal|p2a: Slowbro|66/100|[from] item: Leftovers
|upkeep
|turn|35
|
|t:|1715534139
|switch|p2a: Latias|Latias, F|89/100
|move|p1a: Sk8rhead boy|Earth Power|p2a: Latias
|-immune|p2a: Latias|[from] ability: Levitate
|
|-weather|Sandstorm|[upkeep]
|-damage|p2a: Latias|83/100|[from] Sandstorm
|upkeep
|turn|36
|
|t:|1715534149
|move|p2a: Latias|Draco Meteor|p1a: Sk8rhead boy
|-damage|p1a: Sk8rhead boy|30/100
|-unboost|p2a: Latias|spa|2
|move|p1a: Sk8rhead boy|Ice Beam|p2a: Latias
|-supereffective|p2a: Latias
|-damage|p2a: Latias|23/100
|
|-weather|Sandstorm|[upkeep]
|-damage|p2a: Latias|17/100|[from] Sandstorm
|-heal|p1a: Sk8rhead boy|36/100|[from] item: Leftovers
|upkeep
|turn|37
|
|t:|1715534159
|switch|p2a: Excadrill|Excadrill, F|83/100
|-damage|p2a: Excadrill|66/100|[from] Spikes
|move|p1a: Sk8rhead boy|Recover|p1a: Sk8rhead boy
|-heal|p1a: Sk8rhead boy|86/100
|
|-weather|Sandstorm|[upkeep]
|-heal|p2a: Excadrill|73/100|[from] item: Leftovers
|-heal|p1a: Sk8rhead boy|92/100|[from] item: Leftovers
|upkeep
|turn|38
|
|t:|1715534164
|move|p2a: Excadrill|Earthquake|p1a: Sk8rhead boy
|-damage|p1a: Sk8rhead boy|24/100
|move|p1a: Sk8rhead boy|Earth Power|p2a: Excadrill
|-supereffective|p2a: Excadrill
|-damage|p2a: Excadrill|0 fnt
|faint|p2a: Excadrill
|
|-weather|Sandstorm|[upkeep]
|-heal|p1a: Sk8rhead boy|30/100|[from] item: Leftovers
|upkeep
|
|t:|1715534170
|switch|p2a: Tyranitar|Tyranitar, F|88/100
|-damage|p2a: Tyranitar|72/100|[from] Spikes
|turn|39
|
|t:|1715534176
|move|p2a: Tyranitar|Crunch|p1a: Sk8rhead boy
|-damage|p1a: Sk8rhead boy|0 fnt
|faint|p1a: Sk8rhead boy
|
|-weather|Sandstorm|[upkeep]
|upkeep
|
|t:|1715534181
|switch|p1a: Xaoccoax|Xatu, F, shiny|100/100
|-damage|p1a: Xaoccoax|76/100|[from] Stealth Rock
|turn|40
|
|t:|1715534183
|move|p2a: Tyranitar|Crunch|p1a: Xaoccoax
|-supereffective|p1a: Xaoccoax
|-damage|p1a: Xaoccoax|0 fnt
|-damage|p2a: Tyranitar|55/100|[from] item: Rocky Helmet|[of] p1a: Xaoccoax
|faint|p1a: Xaoccoax
|
|-weather|Sandstorm|[upkeep]
|upkeep
|
|t:|1715534189
|switch|p1a: Gemothy|Sableye, F, shiny|60/100
|-damage|p1a: Gemothy|48/100|[from] Stealth Rock
|turn|41
|
|t:|1715534192
|switch|p2a: Clefable|Clefable, F|57/100 brn
|move|p1a: Gemothy|Recover|p1a: Gemothy
|-heal|p1a: Gemothy|98/100
|
|-weather|Sandstorm|[upkeep]
|-damage|p1a: Gemothy|92/100|[from] Sandstorm
|-heal|p2a: Clefable|63/100 brn|[from] item: Leftovers
|-heal|p1a: Gemothy|98/100|[from] item: Leftovers
|upkeep
|turn|42
|
|t:|1715534200
|move|p1a: Gemothy|Taunt|p2a: Clefable
|-start|p2a: Clefable|move: Taunt
|move|p2a: Clefable|Ice Beam|p1a: Gemothy
|-damage|p1a: Gemothy|78/100
|
|-weather|Sandstorm|[upkeep]
|-damage|p1a: Gemothy|72/100|[from] Sandstorm
|-heal|p2a: Clefable|69/100 brn|[from] item: Leftovers
|-heal|p1a: Gemothy|78/100|[from] item: Leftovers
|upkeep
|turn|43
|
|t:|1715534214
|switch|p2a: Slowbro|Slowbro, M|99/100
|-damage|p2a: Slowbro|83/100|[from] Spikes
|move|p1a: Gemothy|Will-O-Wisp|p2a: Slowbro
|-status|p2a: Slowbro|brn
|
|-weather|Sandstorm|[upkeep]
|-damage|p1a: Gemothy|72/100|[from] Sandstorm
|-damage|p2a: Slowbro|77/100 brn|[from] Sandstorm
|-heal|p1a: Gemothy|78/100|[from] item: Leftovers
|-heal|p2a: Slowbro|83/100 brn|[from] item: Leftovers
|-damage|p2a: Slowbro|71/100 brn|[from] brn
|upkeep
|turn|44
|
|t:|1715534225
|switch|p1a: Chris Chansey|Chansey, F, shiny|76/100
|-damage|p1a: Chris Chansey|64/100|[from] Stealth Rock
|move|p2a: Slowbro|Scald|p1a: Chris Chansey
|-damage|p1a: Chris Chansey|55/100
|
|-weather|Sandstorm|[upkeep]
|-damage|p1a: Chris Chansey|49/100|[from] Sandstorm
|-damage|p2a: Slowbro|65/100 brn|[from] Sandstorm
|-heal|p2a: Slowbro|71/100 brn|[from] item: Leftovers
|-damage|p2a: Slowbro|58/100 brn|[from] brn
|upkeep
|turn|45
|
|t:|1715534228
|switch|p2a: Latias|Latias, F|17/100
|move|p1a: Chris Chansey|Soft-Boiled|p1a: Chris Chansey
|-heal|p1a: Chris Chansey|99/100
|
|-weather|Sandstorm|[upkeep]
|-damage|p2a: Latias|11/100|[from] Sandstorm
|-damage|p1a: Chris Chansey|93/100|[from] Sandstorm
|upkeep
|turn|46
|
|t:|1715534238
|switch|p1a: Glenn Quagsire|Quagsire, M, shiny|47/100
|-damage|p1a: Glenn Quagsire|41/100|[from] Stealth Rock
|move|p2a: Latias|Trick|p1a: Glenn Quagsire
|-activate|p2a: Latias|move: Trick|[of] p1a: Glenn Quagsire
|-item|p1a: Glenn Quagsire|Choice Specs|[from] move: Trick
|-item|p2a: Latias|Leftovers|[from] move: Trick
|
|-weather|Sandstorm|[upkeep]
|-damage|p2a: Latias|5/100|[from] Sandstorm
|-heal|p2a: Latias|11/100|[from] item: Leftovers
|upkeep
|turn|47
|
|t:|1715534245
|move|p2a: Latias|Grass Knot|p1a: Glenn Quagsire
|-supereffective|p1a: Glenn Quagsire
|-damage|p1a: Glenn Quagsire|0 fnt
|faint|p1a: Glenn Quagsire
|
|-weather|Sandstorm|[upkeep]
|-damage|p2a: Latias|5/100|[from] Sandstorm
|-heal|p2a: Latias|11/100|[from] item: Leftovers
|upkeep
|
|t:|1715534252
|switch|p1a: Chris Chansey|Chansey, F, shiny|93/100
|-damage|p1a: Chris Chansey|81/100|[from] Stealth Rock
|turn|48
|
|t:|1715534257
|move|p2a: Latias|Trick|p1a: Chris Chansey
|-activate|p2a: Latias|move: Trick|[of] p1a: Chris Chansey
|-item|p1a: Chris Chansey|Leftovers|[from] move: Trick
|-item|p2a: Latias|Eviolite|[from] move: Trick
|move|p1a: Chris Chansey|Stealth Rock|p2a: Latias
|-sidestart|p2: Broduderman|move: Stealth Rock
|
|-weather|Sandstorm|[upkeep]
|-damage|p2a: Latias|5/100|[from] Sandstorm
|-damage|p1a: Chris Chansey|75/100|[from] Sandstorm
|-heal|p1a: Chris Chansey|81/100|[from] item: Leftovers
|upkeep
|turn|49
|
|t:|1715534265
|move|p2a: Latias|Draco Meteor|p1a: Chris Chansey
|-damage|p1a: Chris Chansey|53/100
|-unboost|p2a: Latias|spa|2
|move|p1a: Chris Chansey|Soft-Boiled|p1a: Chris Chansey
|-heal|p1a: Chris Chansey|100/100
|
|-weather|Sandstorm|[upkeep]
|-damage|p2a: Latias|0 fnt|[from] Sandstorm
|-damage|p1a: Chris Chansey|94/100|[from] Sandstorm
|faint|p2a: Latias
|-heal|p1a: Chris Chansey|100/100|[from] item: Leftovers
|upkeep
|
|t:|1715534269
|switch|p2a: Landorus|Landorus-Therian, M|82/100
|-damage|p2a: Landorus|69/100|[from] Stealth Rock
|-ability|p2a: Landorus|Intimidate|boost
|-unboost|p1a: Chris Chansey|atk|1
|turn|50
|
|t:|1715534274
|switch|p1a: Ozeuk|Skarmory, M, shiny|75/100
|-damage|p1a: Ozeuk|63/100|[from] Stealth Rock
|move|p2a: Landorus|Smack Down|p1a: Ozeuk
|-damage|p1a: Ozeuk|51/100
|-start|p1a: Ozeuk|Smack Down
|
|-weather|Sandstorm|[upkeep]
|-heal|p2a: Landorus|76/100|[from] item: Leftovers
|upkeep
|turn|51
|
|t:|1715534283
|move|p2a: Landorus|Earthquake|p1a: Ozeuk
|-supereffective|p1a: Ozeuk
|-damage|p1a: Ozeuk|0 fnt
|faint|p1a: Ozeuk
|
|-weather|Sandstorm|[upkeep]
|-heal|p2a: Landorus|82/100|[from] item: Leftovers
|upkeep
|
|t:|1715534285
|switch|p1a: Gemothy|Sableye, F, shiny|78/100
|-damage|p1a: Gemothy|65/100|[from] Stealth Rock
|turn|52
|
|t:|1715534290
|switch|p2a: Slowbro|Slowbro, M|92/100 brn
|-damage|p2a: Slowbro|75/100 brn|[from] Spikes
|-damage|p2a: Slowbro|63/100 brn|[from] Stealth Rock
|move|p1a: Gemothy|Recover|p1a: Gemothy
|-heal|p1a: Gemothy|100/100
|
|-weather|Sandstorm|[upkeep]
|-damage|p1a: Gemothy|94/100|[from] Sandstorm
|-damage|p2a: Slowbro|57/100 brn|[from] Sandstorm
|-heal|p1a: Gemothy|100/100|[from] item: Leftovers
|-heal|p2a: Slowbro|63/100 brn|[from] item: Leftovers
|-damage|p2a: Slowbro|50/100 brn|[from] brn
|upkeep
|turn|53
|
|t:|1715534298
|switch|p1a: Chris Chansey|Chansey, F, shiny|100/100
|-damage|p1a: Chris Chansey|88/100|[from] Stealth Rock
|move|p2a: Slowbro|Scald|p1a: Chris Chansey
|-damage|p1a: Chris Chansey|75/100
|-status|p1a: Chris Chansey|brn
|
|-weather|Sandstorm|[upkeep]
|-damage|p1a: Chris Chansey|69/100 brn|[from] Sandstorm
|-damage|p2a: Slowbro|44/100 brn|[from] Sandstorm
|-heal|p1a: Chris Chansey|75/100 brn|[from] item: Leftovers
|-heal|p2a: Slowbro|50/100 brn|[from] item: Leftovers
|-damage|p1a: Chris Chansey|63/100 brn|[from] brn
|-damage|p2a: Slowbro|38/100 brn|[from] brn
|upkeep
|turn|54
|
|t:|1715534302
|move|p1a: Chris Chansey|Aromatherapy|p1a: Chris Chansey
|-activate|p1a: Chris Chansey|move: Aromatherapy
|-curestatus|p1a: Chris Chansey|brn|[msg]
|move|p2a: Slowbro|Slack Off|p2a: Slowbro
|-heal|p2a: Slowbro|88/100 brn
|
|-weather|Sandstorm|[upkeep]
|-damage|p1a: Chris Chansey|57/100|[from] Sandstorm
|-damage|p2a: Slowbro|82/100 brn|[from] Sandstorm
|-heal|p1a: Chris Chansey|63/100|[from] item: Leftovers
|-heal|p2a: Slowbro|88/100 brn|[from] item: Leftovers
|-damage|p2a: Slowbro|75/100 brn|[from] brn
|upkeep
|turn|55
|
|t:|1715534306
|switch|p2a: Clefable|Clefable, F|69/100 brn
|move|p1a: Chris Chansey|Soft-Boiled|p1a: Chris Chansey
|-heal|p1a: Chris Chansey|100/100
|
|-weather|Sandstorm|[upkeep]
|-damage|p1a: Chris Chansey|94/100|[from] Sandstorm
|-heal|p2a: Clefable|75/100 brn|[from] item: Leftovers
|-heal|p1a: Chris Chansey|100/100|[from] item: Leftovers
|upkeep
|turn|56
|
|t:|1715534311
|switch|p1a: Gemothy|Sableye, F, shiny|100/100
|-damage|p1a: Gemothy|88/100|[from] Stealth Rock
|move|p2a: Clefable|Soft-Boiled|p2a: Clefable
|-heal|p2a: Clefable|100/100 brn
|
|-weather|Sandstorm|[upkeep]
|-damage|p1a: Gemothy|82/100|[from] Sandstorm
|-heal|p1a: Gemothy|88/100|[from] item: Leftovers
|upkeep
|turn|57
|
|t:|1715534316
|move|p1a: Gemothy|Taunt|p2a: Clefable
|-start|p2a: Clefable|move: Taunt
|cant|p2a: Clefable|move: Taunt|Thunder Wave
|
|-weather|Sandstorm|[upkeep]
|-damage|p1a: Gemothy|82/100|[from] Sandstorm
|-heal|p1a: Gemothy|88/100|[from] item: Leftovers
|upkeep
|turn|58
|
|t:|1715534321
|move|p1a: Gemothy|Will-O-Wisp|p2a: Clefable
|-fail|p2a: Clefable|brn
|move|p2a: Clefable|Ice Beam|p1a: Gemothy
|-damage|p1a: Gemothy|69/100
|
|-weather|Sandstorm|[upkeep]
|-damage|p1a: Gemothy|63/100|[from] Sandstorm
|-heal|p1a: Gemothy|69/100|[from] item: Leftovers
|upkeep
|turn|59
|
|t:|1715534330
|switch|p2a: Slowbro|Slowbro, M|100/100 brn
|-damage|p2a: Slowbro|84/100 brn|[from] Spikes
|-damage|p2a: Slowbro|72/100 brn|[from] Stealth Rock
|move|p1a: Gemothy|Recover|p1a: Gemothy
|-heal|p1a: Gemothy|100/100
|
|-weather|Sandstorm|[upkeep]
|-damage|p1a: Gemothy|94/100|[from] Sandstorm
|-damage|p2a: Slowbro|65/100 brn|[from] Sandstorm
|-heal|p1a: Gemothy|100/100|[from] item: Leftovers
|-heal|p2a: Slowbro|72/100 brn|[from] item: Leftovers
|-damage|p2a: Slowbro|59/100 brn|[from] brn
|upkeep
|turn|60
|
|t:|1715534336
|switch|p1a: Chris Chansey|Chansey, F, shiny|100/100
|-damage|p1a: Chris Chansey|88/100|[from] Stealth Rock
|move|p2a: Slowbro|Scald|p1a: Chris Chansey
|-damage|p1a: Chris Chansey|74/100
|-status|p1a: Chris Chansey|brn
|
|-weather|Sandstorm|[upkeep]
|-damage|p1a: Chris Chansey|68/100 brn|[from] Sandstorm
|-damage|p2a: Slowbro|53/100 brn|[from] Sandstorm
|-heal|p1a: Chris Chansey|74/100 brn|[from] item: Leftovers
|-heal|p2a: Slowbro|59/100 brn|[from] item: Leftovers
|-damage|p1a: Chris Chansey|62/100 brn|[from] brn
|-damage|p2a: Slowbro|47/100 brn|[from] brn
|upkeep
|turn|61
|
|t:|1715534344
|move|p1a: Chris Chansey|Soft-Boiled|p1a: Chris Chansey
|-heal|p1a: Chris Chansey|100/100 brn
|move|p2a: Slowbro|Slack Off|p2a: Slowbro
|-heal|p2a: Slowbro|97/100 brn
|
|-weather|Sandstorm|[upkeep]
|-damage|p1a: Chris Chansey|94/100 brn|[from] Sandstorm
|-damage|p2a: Slowbro|91/100 brn|[from] Sandstorm
|-heal|p1a: Chris Chansey|100/100 brn|[from] item: Leftovers
|-heal|p2a: Slowbro|97/100 brn|[from] item: Leftovers
|-damage|p1a: Chris Chansey|88/100 brn|[from] brn
|-damage|p2a: Slowbro|84/100 brn|[from] brn
|upkeep
|turn|62
|
|t:|1715534351
|-curestatus|p1a: Chris Chansey|brn|[from] ability: Natural Cure
|switch|p1a: Gemothy|Sableye, F, shiny|100/100
|-damage|p1a: Gemothy|88/100|[from] Stealth Rock
|move|p2a: Slowbro|Scald|p1a: Gemothy
|-damage|p1a: Gemothy|59/100
|
|-weather|Sandstorm|[upkeep]
|-damage|p1a: Gemothy|53/100|[from] Sandstorm
|-damage|p2a: Slowbro|78/100 brn|[from] Sandstorm
|-heal|p1a: Gemothy|59/100|[from] item: Leftovers
|-heal|p2a: Slowbro|84/100 brn|[from] item: Leftovers
|-damage|p2a: Slowbro|72/100 brn|[from] brn
|upkeep
|turn|63
|
|t:|1715534361
|move|p1a: Gemothy|Recover|p1a: Gemothy
|-heal|p1a: Gemothy|100/100
|move|p2a: Slowbro|Scald|p1a: Gemothy
|-damage|p1a: Gemothy|71/100
|
|-weather|Sandstorm|[upkeep]
|-damage|p1a: Gemothy|65/100|[from] Sandstorm
|-damage|p2a: Slowbro|66/100 brn|[from] Sandstorm
|-heal|p1a: Gemothy|71/100|[from] item: Leftovers
|-heal|p2a: Slowbro|72/100 brn|[from] item: Leftovers
|-damage|p2a: Slowbro|59/100 brn|[from] brn
|upkeep
|turn|64
|
|t:|1715534369
|switch|p2a: Clefable|Clefable, F|100/100 brn
|move|p1a: Gemothy|Taunt|p2a: Clefable
|-start|p2a: Clefable|move: Taunt
|
|-weather|Sandstorm|[upkeep]
|-damage|p1a: Gemothy|65/100|[from] Sandstorm
|-heal|p1a: Gemothy|71/100|[from] item: Leftovers
|upkeep
|turn|65
|
|t:|1715534375
|move|p2a: Clefable|Ice Beam|p1a: Gemothy
|-damage|p1a: Gemothy|50/100
|move|p1a: Gemothy|Foul Play|p2a: Clefable
|-damage|p2a: Clefable|83/100 brn
|
|-weather|Sandstorm|[upkeep]
|-damage|p1a: Gemothy|44/100|[from] Sandstorm
|-heal|p2a: Clefable|89/100 brn|[from] item: Leftovers
|-heal|p1a: Gemothy|50/100|[from] item: Leftovers
|upkeep
|turn|66
|
|t:|1715534384
|switch|p2a: Slowbro|Slowbro, M|93/100 brn
|-damage|p2a: Slowbro|76/100 brn|[from] Spikes
|-damage|p2a: Slowbro|64/100 brn|[from] Stealth Rock
|move|p1a: Gemothy|Recover|p1a: Gemothy
|-heal|p1a: Gemothy|99/100
|
|-weather|Sandstorm|[upkeep]
|-damage|p1a: Gemothy|94/100|[from] Sandstorm
|-damage|p2a: Slowbro|58/100 brn|[from] Sandstorm
|-heal|p1a: Gemothy|99/100|[from] item: Leftovers
|-heal|p2a: Slowbro|64/100 brn|[from] item: Leftovers
|-damage|p2a: Slowbro|51/100 brn|[from] brn
|upkeep
|turn|67
|
|t:|1715534391
|move|p1a: Gemothy|Foul Play|p2a: Slowbro
|-supereffective|p2a: Slowbro
|-damage|p2a: Slowbro|26/100 brn
|move|p2a: Slowbro|Scald|p1a: Gemothy
|-damage|p1a: Gemothy|72/100
|
|-weather|Sandstorm|[upkeep]
|-damage|p1a: Gemothy|66/100|[from] Sandstorm
|-damage|p2a: Slowbro|20/100 brn|[from] Sandstorm
|-heal|p1a: Gemothy|72/100|[from] item: Leftovers
|-heal|p2a: Slowbro|26/100 brn|[from] item: Leftovers
|-damage|p2a: Slowbro|14/100 brn|[from] brn
|upkeep
|turn|68
|
|t:|1715534402
|switch|p2a: Clefable|Clefable, F|89/100 brn
|move|p1a: Gemothy|Foul Play|p2a: Clefable
|-damage|p2a: Clefable|69/100 brn
|
|-weather|Sandstorm|[upkeep]
|-damage|p1a: Gemothy|66/100|[from] Sandstorm
|-heal|p2a: Clefable|75/100 brn|[from] item: Leftovers
|-heal|p1a: Gemothy|72/100|[from] item: Leftovers
|upkeep
|turn|69
|
|t:|1715534408
|move|p1a: Gemothy|Taunt|p2a: Clefable
|-start|p2a: Clefable|move: Taunt
|cant|p2a: Clefable|move: Taunt|Thunder Wave
|
|-weather|Sandstorm|[upkeep]
|-damage|p1a: Gemothy|66/100|[from] Sandstorm
|-heal|p2a: Clefable|81/100 brn|[from] item: Leftovers
|-heal|p1a: Gemothy|72/100|[from] item: Leftovers
|upkeep
|turn|70
|
|t:|1715534411
|move|p1a: Gemothy|Recover|p1a: Gemothy
|-heal|p1a: Gemothy|100/100
|move|p2a: Clefable|Ice Beam|p1a: Gemothy
|-damage|p1a: Gemothy|81/100
|
|-weather|Sandstorm|[upkeep]
|-damage|p1a: Gemothy|75/100|[from] Sandstorm
|-heal|p2a: Clefable|87/100 brn|[from] item: Leftovers
|-heal|p1a: Gemothy|81/100|[from] item: Leftovers
|upkeep
|turn|71
|
|t:|1715534418
|move|p2a: Clefable|Ice Beam|p1a: Gemothy
|-damage|p1a: Gemothy|62/100
|-status|p1a: Gemothy|frz
|cant|p1a: Gemothy|frz
|
|-weather|Sandstorm|[upkeep]
|-damage|p1a: Gemothy|55/100 frz|[from] Sandstorm
|-heal|p2a: Clefable|93/100 brn|[from] item: Leftovers
|-heal|p1a: Gemothy|62/100 frz|[from] item: Leftovers
|-end|p2a: Clefable|move: Taunt
|upkeep
|turn|72
|
|t:|1715534422
|switch|p2a: Slowbro|Slowbro, M|47/100 brn
|-damage|p2a: Slowbro|31/100 brn|[from] Spikes
|-damage|p2a: Slowbro|18/100 brn|[from] Stealth Rock
|switch|p1a: Chris Chansey|Chansey, F, shiny|88/100
|-damage|p1a: Chris Chansey|76/100|[from] Stealth Rock
|
|-weather|Sandstorm|[upkeep]
|-damage|p1a: Chris Chansey|70/100|[from] Sandstorm
|-damage|p2a: Slowbro|12/100 brn|[from] Sandstorm
|-heal|p1a: Chris Chansey|76/100|[from] item: Leftovers
|-heal|p2a: Slowbro|18/100 brn|[from] item: Leftovers
|-damage|p2a: Slowbro|6/100 brn|[from] brn
|upkeep
|turn|73
|
|t:|1715534429
|move|p1a: Chris Chansey|Aromatherapy|p1a: Chris Chansey
|-activate|p1a: Chris Chansey|move: Aromatherapy
|-curestatus|p1: Gemothy|frz|[msg]
|move|p2a: Slowbro|Slack Off|p2a: Slowbro
|-heal|p2a: Slowbro|56/100 brn
|
|-weather|Sandstorm|[upkeep]
|-damage|p1a: Chris Chansey|70/100|[from] Sandstorm
|-damage|p2a: Slowbro|50/100 brn|[from] Sandstorm
|-heal|p1a: Chris Chansey|76/100|[from] item: Leftovers
|-heal|p2a: Slowbro|56/100 brn|[from] item: Leftovers
|-damage|p2a: Slowbro|43/100 brn|[from] brn
|upkeep
|turn|74
|
|t:|1715534435
|switch|p1a: Gemothy|Sableye, F, shiny|62/100
|-damage|p1a: Gemothy|49/100|[from] Stealth Rock
|move|p2a: Slowbro|Scald|p1a: Gemothy
|-damage|p1a: Gemothy|19/100
|
|-weather|Sandstorm|[upkeep]
|-damage|p1a: Gemothy|12/100|[from] Sandstorm
|-damage|p2a: Slowbro|37/100 brn|[from] Sandstorm
|-heal|p1a: Gemothy|19/100|[from] item: Leftovers
|-heal|p2a: Slowbro|43/100 brn|[from] item: Leftovers
|-damage|p2a: Slowbro|31/100 brn|[from] brn
|upkeep
|turn|75
|
|t:|1715534438
|move|p1a: Gemothy|Recover|p1a: Gemothy
|-heal|p1a: Gemothy|69/100
|move|p2a: Slowbro|Scald|p1a: Gemothy
|-damage|p1a: Gemothy|36/100
|
|-weather|Sandstorm|[upkeep]
|-damage|p1a: Gemothy|29/100|[from] Sandstorm
|-damage|p2a: Slowbro|25/100 brn|[from] Sandstorm
|-heal|p1a: Gemothy|36/100|[from] item: Leftovers
|-heal|p2a: Slowbro|31/100 brn|[from] item: Leftovers
|-damage|p2a: Slowbro|19/100 brn|[from] brn
|upkeep
|turn|76
|
|t:|1715534441
|move|p1a: Gemothy|Recover|p1a: Gemothy
|-heal|p1a: Gemothy|86/100
|move|p2a: Slowbro|Slack Off|p2a: Slowbro
|-heal|p2a: Slowbro|69/100 brn
|
|-weather|Sandstorm|[upkeep]
|-damage|p1a: Gemothy|79/100|[from] Sandstorm
|-damage|p2a: Slowbro|62/100 brn|[from] Sandstorm
|-heal|p1a: Gemothy|86/100|[from] item: Leftovers
|-heal|p2a: Slowbro|69/100 brn|[from] item: Leftovers
|-damage|p2a: Slowbro|56/100 brn|[from] brn
|upkeep
|turn|77
|
|t:|1715534448
|switch|p1a: Chris Chansey|Chansey, F, shiny|76/100
|-damage|p1a: Chris Chansey|63/100|[from] Stealth Rock
|switch|p2a: Landorus|Landorus-Therian, M|82/100
|-damage|p2a: Landorus|69/100|[from] Stealth Rock
|-ability|p2a: Landorus|Intimidate|boost
|-unboost|p1a: Chris Chansey|atk|1
|
|-weather|Sandstorm|[upkeep]
|-damage|p1a: Chris Chansey|57/100|[from] Sandstorm
|-heal|p2a: Landorus|76/100|[from] item: Leftovers
|-heal|p1a: Chris Chansey|63/100|[from] item: Leftovers
|upkeep
|turn|78
|
|t:|1715534457
|move|p2a: Landorus|Substitute|p2a: Landorus
|-start|p2a: Landorus|Substitute
|-damage|p2a: Landorus|51/100
|move|p1a: Chris Chansey|Soft-Boiled|p1a: Chris Chansey
|-heal|p1a: Chris Chansey|100/100
|
|-weather|Sandstorm|[upkeep]
|-damage|p1a: Chris Chansey|94/100|[from] Sandstorm
|-heal|p2a: Landorus|57/100|[from] item: Leftovers
|-heal|p1a: Chris Chansey|100/100|[from] item: Leftovers
|upkeep
|turn|79
|c|☆Broduderman|Got better
|c|☆Broduderman|Getted
|
|t:|1715534467
|move|p2a: Landorus|Earthquake|p1a: Chris Chansey
|-damage|p1a: Chris Chansey|45/100
|move|p1a: Chris Chansey|Seismic Toss|p2a: Landorus
|-end|p2a: Landorus|Substitute
|
|-weather|Sandstorm|[upkeep]
|-damage|p1a: Chris Chansey|39/100|[from] Sandstorm
|-heal|p2a: Landorus|63/100|[from] item: Leftovers
|-heal|p1a: Chris Chansey|45/100|[from] item: Leftovers
|upkeep
|turn|80
|
|t:|1715534473
|move|p2a: Landorus|Earthquake|p1a: Chris Chansey
|-damage|p1a: Chris Chansey|0 fnt
|faint|p1a: Chris Chansey
|
|-weather|Sandstorm|[upkeep]
|-heal|p2a: Landorus|69/100|[from] item: Leftovers
|upkeep
|
|t:|1715534475
|switch|p1a: Gemothy|Sableye, F, shiny|86/100
|-damage|p1a: Gemothy|73/100|[from] Stealth Rock
|turn|81
|
|t:|1715534478
|move|p1a: Gemothy|Will-O-Wisp|p2a: Landorus
|-status|p2a: Landorus|brn
|move|p2a: Landorus|Earthquake|p1a: Gemothy
|-damage|p1a: Gemothy|34/100
|
|-weather|Sandstorm|[upkeep]
|-damage|p1a: Gemothy|27/100|[from] Sandstorm
|-heal|p2a: Landorus|75/100 brn|[from] item: Leftovers
|-heal|p1a: Gemothy|34/100|[from] item: Leftovers
|-damage|p2a: Landorus|63/100 brn|[from] brn
|upkeep
|turn|82
|
|t:|1715534480
|move|p1a: Gemothy|Recover|p1a: Gemothy
|-heal|p1a: Gemothy|84/100
|move|p2a: Landorus|Earthquake|p1a: Gemothy
|-damage|p1a: Gemothy|43/100
|
|-weather|Sandstorm|[upkeep]
|-damage|p1a: Gemothy|36/100|[from] Sandstorm
|-heal|p2a: Landorus|69/100 brn|[from] item: Leftovers
|-heal|p1a: Gemothy|43/100|[from] item: Leftovers
|-damage|p2a: Landorus|57/100 brn|[from] brn
|upkeep
|turn|83
|
|t:|1715534484
|move|p1a: Gemothy|Recover|p1a: Gemothy
|-heal|p1a: Gemothy|93/100
|move|p2a: Landorus|Earthquake|p1a: Gemothy
|-damage|p1a: Gemothy|53/100
|
|-weather|Sandstorm|[upkeep]
|-damage|p1a: Gemothy|47/100|[from] Sandstorm
|-heal|p2a: Landorus|63/100 brn|[from] item: Leftovers
|-heal|p1a: Gemothy|53/100|[from] item: Leftovers
|-damage|p2a: Landorus|51/100 brn|[from] brn
|upkeep
|turn|84
|
|t:|1715534492
|move|p1a: Gemothy|Recover|p1a: Gemothy
|-heal|p1a: Gemothy|100/100
|move|p2a: Landorus|Earthquake|p1a: Gemothy
|-damage|p1a: Gemothy|59/100
|
|-weather|Sandstorm|[upkeep]
|-damage|p1a: Gemothy|53/100|[from] Sandstorm
|-heal|p2a: Landorus|57/100 brn|[from] item: Leftovers
|-heal|p1a: Gemothy|59/100|[from] item: Leftovers
|-damage|p2a: Landorus|44/100 brn|[from] brn
|upkeep
|turn|85
|
|t:|1715534498
|move|p2a: Landorus|Earthquake|p1a: Gemothy
|-damage|p1a: Gemothy|21/100
|move|p1a: Gemothy|Foul Play|p2a: Landorus
|-damage|p2a: Landorus|0 fnt
|faint|p2a: Landorus
|
|-weather|Sandstorm|[upkeep]
|-damage|p1a: Gemothy|15/100|[from] Sandstorm
|-heal|p1a: Gemothy|21/100|[from] item: Leftovers
|upkeep
|
|t:|1715534505
|switch|p2a: Tyranitar|Tyranitar, F|55/100
|-damage|p2a: Tyranitar|39/100|[from] Spikes
|-damage|p2a: Tyranitar|27/100|[from] Stealth Rock
|turn|86
|
|t:|1715534510
|move|p1a: Gemothy|Recover|p1a: Gemothy
|-heal|p1a: Gemothy|71/100
|move|p2a: Tyranitar|Crunch|p1a: Gemothy
|-damage|p1a: Gemothy|14/100
|
|-weather|Sandstorm|[upkeep]
|-damage|p1a: Gemothy|7/100|[from] Sandstorm
|-heal|p1a: Gemothy|14/100|[from] item: Leftovers
|upkeep
|turn|87
|
|t:|1715534516
|move|p1a: Gemothy|Recover|p1a: Gemothy
|-heal|p1a: Gemothy|64/100
|move|p2a: Tyranitar|Crunch|p1a: Gemothy
|-damage|p1a: Gemothy|2/100
|
|-weather|Sandstorm|[upkeep]
|-damage|p1a: Gemothy|0 fnt|[from] Sandstorm
|faint|p1a: Gemothy
|
|win|Broduderman
|upkeep
|raw|AngryPidgeon's rating: 1351 &rarr; <strong>1337</strong><br />(-14 for losing)
|raw|Broduderman's rating: 1451 &rarr; <strong>1465</strong><br />(+14 for winning)
|l|☆AngryPidgeon
|player|p1|
|c|☆Broduderman|Wp
