|j|☆II Armando II
|j|☆Speed Shobu
|player|p1|II Armando II|169|1476
|player|p2|Speed Shobu|mina|1544
|teamsize|p1|6
|teamsize|p2|6
|gametype|singles
|gen|5
|tier|[Gen 5] OU
|rated|
|rule|Sleep Clause Mod: Limit one foe put to sleep
|rule|Species Clause: Limit one of each Pokémon
|rule|OHKO Clause: OHKO moves are banned
|rule|Moody Clause: Moody is banned
|rule|Evasion Moves Clause: Evasion moves are banned
|rule|Endless Battle Clause: Forcing endless battles is banned
|rule|HP Percentage Mod: HP is shown in percentages
|rule|Evasion Abilities Clause: Evasion abilities are banned
|rule|Baton Pass Clause: Limit one Baton Passer, can't pass Spe and other stats simultaneously
|rule|Swagger Clause: Swagger is banned
|clearpoke
|poke|p1|Tyranitar, M|item
|poke|p1|Jellicent, F|item
|poke|p1|Reuniclus, F|item
|poke|p1|Latias, F|item
|poke|p1|Ferrothorn, M|item
|poke|p1|Heatran, M|item
|poke|p2|Latias, F|item
|poke|p2|Magnezone|item
|poke|p2|Garchomp, F|item
|poke|p2|Ferrothorn, M|item
|poke|p2|Jirachi|item
|poke|p2|Landorus-Therian, M|item
|teampreview
|
|start
|switch|p1a: Tyranitar|Tyranitar, M|100/100
|switch|p2a: Garchomp|Garchomp, F|100/100
|-weather|Sandstorm|[from] ability: Sand Stream|[of] p1a: Tyranitar
|turn|1
|
|switch|p2a: Jirachi|Jirachi|100/100
|switch|p1a: Jellicent|Jellicent, F|100/100
|
|-weather|Sandstorm|[upkeep]
|-damage|p1a: Jellicent|94/100|[from] Sandstorm
|-heal|p1a: Jellicent|100/100|[from] item: Leftovers
|upkeep
|turn|2
|
|switch|p2a: Latias|Latias, F|100/100
|move|p1a: Jellicent|Will-O-Wisp|p2a: Latias
|-status|p2a: Latias|brn
|
|-weather|Sandstorm|[upkeep]
|-damage|p2a: Latias|94/100 brn|[from] Sandstorm
|-damage|p1a: Jellicent|94/100|[from] Sandstorm
|-heal|p2a: Latias|100/100 brn|[from] item: Leftovers
|-heal|p1a: Jellicent|100/100|[from] item: Leftovers
|-damage|p2a: Latias|88/100 brn|[from] brn
|upkeep
|turn|3
|
|switch|p2a: Garchomp|Garchomp, F|100/100
|switch|p1a: Tyranitar|Tyranitar, M|100/100
|
|-weather|Sandstorm|[upkeep]
|upkeep
|turn|4
|
|switch|p1a: Jellicent|Jellicent, F|100/100
|move|p2a: Garchomp|Substitute|p2a: Garchomp
|-start|p2a: Garchomp|Substitute
|-damage|p2a: Garchomp|76/100
|
|-weather|Sandstorm|[upkeep]
|-damage|p1a: Jellicent|94/100|[from] Sandstorm
|-heal|p2a: Garchomp|82/100|[from] item: Leftovers
|-heal|p1a: Jellicent|100/100|[from] item: Leftovers
|upkeep
|turn|5
|
|move|p2a: Garchomp|Swords Dance|p2a: Garchomp
|-boost|p2a: Garchomp|atk|2
|move|p1a: Jellicent|Scald|p2a: Garchomp
|-activate|p2a: Garchomp|Substitute|[damage]
|
|-weather|Sandstorm|[upkeep]
|-damage|p1a: Jellicent|94/100|[from] Sandstorm
|-heal|p2a: Garchomp|88/100|[from] item: Leftovers
|-heal|p1a: Jellicent|100/100|[from] item: Leftovers
|upkeep
|turn|6
|
|move|p2a: Garchomp|Dragon Claw|p1a: Jellicent
|-damage|p1a: Jellicent|49/100
|move|p1a: Jellicent|Scald|p2a: Garchomp
|-end|p2a: Garchomp|Substitute
|
|-weather|Sandstorm|[upkeep]
|-damage|p1a: Jellicent|43/100|[from] Sandstorm
|-heal|p2a: Garchomp|94/100|[from] item: Leftovers
|-heal|p1a: Jellicent|49/100|[from] item: Leftovers
|upkeep
|turn|7
|
|switch|p1a: Ferrothorn|Ferrothorn, M|100/100
|move|p2a: Garchomp|Substitute|p2a: Garchomp
|-start|p2a: Garchomp|Substitute
|-damage|p2a: Garchomp|69/100
|
|-weather|Sandstorm|[upkeep]
|-heal|p2a: Garchomp|75/100|[from] item: Leftovers
|upkeep
|turn|8
|
|move|p2a: Garchomp|Earthquake|p1a: Ferrothorn
|-damage|p1a: Ferrothorn|41/100
|move|p1a: Ferrothorn|Power Whip|p2a: Garchomp
|-crit|p2a: Garchomp
|-end|p2a: Garchomp|Substitute
|
|-weather|Sandstorm|[upkeep]
|-heal|p2a: Garchomp|82/100|[from] item: Leftovers
|-heal|p1a: Ferrothorn|48/100|[from] item: Leftovers
|upkeep
|turn|9
|
|move|p2a: Garchomp|Earthquake|p1a: Ferrothorn
|-damage|p1a: Ferrothorn|0 fnt
|faint|p1a: Ferrothorn
|
|-weather|Sandstorm|[upkeep]
|-heal|p2a: Garchomp|88/100|[from] item: Leftovers
|upkeep
|
|switch|p1a: Latias|Latias, F|100/100
|turn|10
|
|switch|p2a: Ferrothorn|Ferrothorn, M|100/100
|move|p1a: Latias|Trick|p2a: Ferrothorn
|-activate|p1a: Latias|move: Trick|[of] p2a: Ferrothorn
|-item|p2a: Ferrothorn|Flame Orb|[from] move: Trick
|-item|p1a: Latias|Leftovers|[from] move: Trick
|
|-weather|Sandstorm|[upkeep]
|-damage|p1a: Latias|95/100|[from] Sandstorm
|-heal|p1a: Latias|100/100|[from] item: Leftovers
|-status|p2a: Ferrothorn|brn|[from] item: Flame Orb
|upkeep
|turn|11
|
|switch|p1a: Heatran|Heatran, M|100/100
|move|p2a: Ferrothorn|Stealth Rock|p1a: Heatran
|-sidestart|p1: II Armando II|move: Stealth Rock
|
|-weather|Sandstorm|[upkeep]
|-damage|p2a: Ferrothorn|88/100 brn|[from] brn
|upkeep
|turn|12
|
|move|p1a: Heatran|Will-O-Wisp|p2a: Ferrothorn
|-fail|p2a: Ferrothorn|brn
|move|p2a: Ferrothorn|Spikes|p1a: Heatran
|-sidestart|p1: II Armando II|Spikes
|
|-weather|Sandstorm|[upkeep]
|-damage|p2a: Ferrothorn|76/100 brn|[from] brn
|upkeep
|turn|13
|
|switch|p2a: Latias|Latias, F|88/100 brn
|move|p1a: Heatran|Taunt|p2a: Latias
|-start|p2a: Latias|move: Taunt
|
|-weather|Sandstorm|[upkeep]
|-damage|p2a: Latias|82/100 brn|[from] Sandstorm
|-heal|p2a: Latias|88/100 brn|[from] item: Leftovers
|-damage|p2a: Latias|76/100 brn|[from] brn
|upkeep
|turn|14
|
|switch|p2a: Landorus|Landorus-Therian, M|100/100
|-ability|p2a: Landorus|Intimidate|boost
|-unboost|p1a: Heatran|atk|1
|move|p1a: Heatran|Magma Storm|p2a: Landorus
|-damage|p2a: Landorus|32/100
|-activate|p2a: Landorus|move: Magma Storm|[of] p1a: Heatran
|
|-weather|Sandstorm|[upkeep]
|-damage|p2a: Landorus|27/100|[from] move: Magma Storm|[partiallytrapped]
|upkeep
|turn|15
|
|move|p1a: Heatran|Protect|p1a: Heatran
|-singleturn|p1a: Heatran|Protect
|move|p2a: Landorus|Earthquake|p1a: Heatran
|-activate|p1a: Heatran|move: Protect
|
|-weather|Sandstorm|[upkeep]
|-damage|p2a: Landorus|21/100|[from] move: Magma Storm|[partiallytrapped]
|upkeep
|turn|16
|
|switch|p1a: Latias|Latias, F|100/100
|-damage|p1a: Latias|88/100|[from] Stealth Rock
|move|p2a: Landorus|Earthquake|p1a: Latias
|-immune|p1a: Latias|[from] ability: Levitate
|
|-weather|Sandstorm|[upkeep]
|-damage|p1a: Latias|82/100|[from] Sandstorm
|-heal|p1a: Latias|88/100|[from] item: Leftovers
|upkeep
|turn|17
|
|move|p2a: Landorus|Earthquake|p1a: Latias
|-immune|p1a: Latias|[from] ability: Levitate
|move|p1a: Latias|Psyshock|p2a: Landorus
|-damage|p2a: Landorus|0 fnt
|faint|p2a: Landorus
|
|-weather|Sandstorm|[upkeep]
|-damage|p1a: Latias|82/100|[from] Sandstorm
|-heal|p1a: Latias|88/100|[from] item: Leftovers
|upkeep
|
|switch|p2a: Jirachi|Jirachi|100/100
|turn|18
|
|switch|p1a: Heatran|Heatran, M|100/100
|-damage|p1a: Heatran|88/100|[from] Spikes
|-damage|p1a: Heatran|76/100|[from] Stealth Rock
|move|p2a: Jirachi|Body Slam|p1a: Heatran
|-resisted|p1a: Heatran
|-damage|p1a: Heatran|67/100
|-status|p1a: Heatran|par
|
|-weather|Sandstorm|[upkeep]
|-heal|p1a: Heatran|74/100 par|[from] item: Leftovers
|upkeep
|turn|19
|
|move|p2a: Jirachi|Protect|p2a: Jirachi
|-singleturn|p2a: Jirachi|Protect
|cant|p1a: Heatran|par
|
|-weather|Sandstorm|[upkeep]
|-heal|p1a: Heatran|80/100 par|[from] item: Leftovers
|upkeep
|turn|20
|
|switch|p2a: Latias|Latias, F|76/100 brn
|move|p1a: Heatran|Will-O-Wisp|p2a: Latias|[miss]
|-miss|p1a: Heatran|p2a: Latias
|
|-weather|Sandstorm|[upkeep]
|-damage|p2a: Latias|70/100 brn|[from] Sandstorm
|-heal|p2a: Latias|76/100 brn|[from] item: Leftovers
|-heal|p1a: Heatran|86/100 par|[from] item: Leftovers
|-damage|p2a: Latias|63/100 brn|[from] brn
|upkeep
|turn|21
|
|move|p2a: Latias|Recover|p2a: Latias
|-heal|p2a: Latias|100/100 brn
|cant|p1a: Heatran|par
|
|-weather|Sandstorm|[upkeep]
|-damage|p2a: Latias|94/100 brn|[from] Sandstorm
|-heal|p2a: Latias|100/100 brn|[from] item: Leftovers
|-heal|p1a: Heatran|92/100 par|[from] item: Leftovers
|-damage|p2a: Latias|88/100 brn|[from] brn
|upkeep
|turn|22
|
|move|p2a: Latias|Calm Mind|p2a: Latias
|-boost|p2a: Latias|spa|1
|-boost|p2a: Latias|spd|1
|move|p1a: Heatran|Taunt|p2a: Latias
|-start|p2a: Latias|move: Taunt
|
|-weather|Sandstorm|[upkeep]
|-damage|p2a: Latias|82/100 brn|[from] Sandstorm
|-heal|p2a: Latias|88/100 brn|[from] item: Leftovers
|-heal|p1a: Heatran|98/100 par|[from] item: Leftovers
|-damage|p2a: Latias|76/100 brn|[from] brn
|upkeep
|turn|23
|
|switch|p1a: Jellicent|Jellicent, F|49/100
|-damage|p1a: Jellicent|37/100|[from] Stealth Rock
|-damage|p1a: Jellicent|24/100|[from] Spikes
|move|p2a: Latias|Dragon Pulse|p1a: Jellicent
|-crit|p1a: Jellicent
|-damage|p1a: Jellicent|0 fnt
|faint|p1a: Jellicent
|
|-weather|Sandstorm|[upkeep]
|-damage|p2a: Latias|70/100 brn|[from] Sandstorm
|-heal|p2a: Latias|76/100 brn|[from] item: Leftovers
|-damage|p2a: Latias|63/100 brn|[from] brn
|upkeep
|
|switch|p1a: Tyranitar|Tyranitar, M|100/100
|-damage|p1a: Tyranitar|88/100|[from] Stealth Rock
|-damage|p1a: Tyranitar|76/100|[from] Spikes
|turn|24
|
|move|p2a: Latias|Dragon Pulse|p1a: Tyranitar
|-damage|p1a: Tyranitar|53/100
|move|p1a: Tyranitar|Crunch|p2a: Latias
|-supereffective|p2a: Latias
|-damage|p2a: Latias|0 fnt
|faint|p2a: Latias
|
|-weather|Sandstorm|[upkeep]
|upkeep
|
|switch|p2a: Garchomp|Garchomp, F|88/100
|turn|25
|
|switch|p1a: Latias|Latias, F|88/100
|-damage|p1a: Latias|76/100|[from] Stealth Rock
|move|p2a: Garchomp|Earthquake|p1a: Latias
|-immune|p1a: Latias|[from] ability: Levitate
|
|-weather|Sandstorm|[upkeep]
|-damage|p1a: Latias|70/100|[from] Sandstorm
|-heal|p1a: Latias|76/100|[from] item: Leftovers
|-heal|p2a: Garchomp|94/100|[from] item: Leftovers
|upkeep
|turn|26
|
|switch|p2a: Jirachi|Jirachi|100/100
|move|p1a: Latias|Draco Meteor|p2a: Jirachi|[miss]
|-miss|p1a: Latias|p2a: Jirachi
|
|-weather|Sandstorm|[upkeep]
|-damage|p1a: Latias|70/100|[from] Sandstorm
|-heal|p1a: Latias|76/100|[from] item: Leftovers
|upkeep
|turn|27
|
|switch|p1a: Heatran|Heatran, M|98/100 par
|-damage|p1a: Heatran|86/100 par|[from] Spikes
|-damage|p1a: Heatran|74/100 par|[from] Stealth Rock
|move|p2a: Jirachi|Body Slam|p1a: Heatran
|-resisted|p1a: Heatran
|-damage|p1a: Heatran|65/100 par
|
|-weather|Sandstorm|[upkeep]
|-heal|p1a: Heatran|71/100 par|[from] item: Leftovers
|upkeep
|turn|28
|
|switch|p2a: Garchomp|Garchomp, F|94/100
|move|p1a: Heatran|Will-O-Wisp|p2a: Garchomp
|-status|p2a: Garchomp|brn
|
|-weather|Sandstorm|[upkeep]
|-heal|p2a: Garchomp|99/100 brn|[from] item: Leftovers
|-heal|p1a: Heatran|78/100 par|[from] item: Leftovers
|-damage|p2a: Garchomp|88/100 brn|[from] brn
|upkeep
|turn|29
|
|switch|p1a: Reuniclus|Reuniclus, F|100/100
|move|p2a: Garchomp|Earthquake|p1a: Reuniclus
|-damage|p1a: Reuniclus|86/100
|
|-weather|Sandstorm|[upkeep]
|-heal|p2a: Garchomp|94/100 brn|[from] item: Leftovers
|-heal|p1a: Reuniclus|92/100|[from] item: Leftovers
|-damage|p2a: Garchomp|82/100 brn|[from] brn
|upkeep
|turn|30
|
|switch|p2a: Jirachi|Jirachi|100/100
|switch|p1a: Tyranitar|Tyranitar, M|53/100
|-damage|p1a: Tyranitar|40/100|[from] Spikes
|-damage|p1a: Tyranitar|28/100|[from] Stealth Rock
|
|-weather|Sandstorm|[upkeep]
|upkeep
|turn|31
|
|move|p2a: Jirachi|Wish|p2a: Jirachi
|move|p1a: Tyranitar|Fire Blast|p2a: Jirachi
|-supereffective|p2a: Jirachi
|-damage|p2a: Jirachi|72/100
|-status|p2a: Jirachi|brn
|
|-weather|Sandstorm|[upkeep]
|-heal|p2a: Jirachi|78/100 brn|[from] item: Leftovers
|-damage|p2a: Jirachi|66/100 brn|[from] brn
|upkeep
|turn|32
|c|☆Speed Shobu|NO
|
|move|p2a: Jirachi|Iron Head|p1a: Tyranitar
|-supereffective|p1a: Tyranitar
|-damage|p1a: Tyranitar|5/100
|cant|p1a: Tyranitar|flinch
|
|-weather|Sandstorm|[upkeep]
|-heal|p2a: Jirachi|100/100 brn|[from] move: Wish|[wisher] Jirachi
|-damage|p2a: Jirachi|88/100 brn|[from] brn
|upkeep
|turn|33
|
|move|p2a: Jirachi|Iron Head|p1a: Tyranitar
|-supereffective|p1a: Tyranitar
|-damage|p1a: Tyranitar|0 fnt
|faint|p1a: Tyranitar
|
|-weather|Sandstorm|[upkeep]
|-heal|p2a: Jirachi|94/100 brn|[from] item: Leftovers
|-damage|p2a: Jirachi|82/100 brn|[from] brn
|upkeep
|
|switch|p1a: Heatran|Heatran, M|78/100 par
|-damage|p1a: Heatran|65/100 par|[from] Stealth Rock
|-damage|p1a: Heatran|53/100 par|[from] Spikes
|turn|34
|
|switch|p2a: Garchomp|Garchomp, F|82/100 brn
|cant|p1a: Heatran|par
|
|-weather|Sandstorm|[upkeep]
|-heal|p2a: Garchomp|88/100 brn|[from] item: Leftovers
|-heal|p1a: Heatran|59/100 par|[from] item: Leftovers
|-damage|p2a: Garchomp|75/100 brn|[from] brn
|upkeep
|turn|35
|
|switch|p1a: Latias|Latias, F|76/100
|-damage|p1a: Latias|64/100|[from] Stealth Rock
|move|p2a: Garchomp|Swords Dance|p2a: Garchomp
|-boost|p2a: Garchomp|atk|2
|
|-weather|Sandstorm|[upkeep]
|-damage|p1a: Latias|58/100|[from] Sandstorm
|-heal|p1a: Latias|64/100|[from] item: Leftovers
|-heal|p2a: Garchomp|82/100 brn|[from] item: Leftovers
|-damage|p2a: Garchomp|69/100 brn|[from] brn
|upkeep
|turn|36
|
|switch|p2a: Jirachi|Jirachi|82/100 brn
|move|p1a: Latias|Draco Meteor|p2a: Jirachi
|-resisted|p2a: Jirachi
|-damage|p2a: Jirachi|60/100 brn
|-unboost|p1a: Latias|spa|2
|
|-weather|Sandstorm|[upkeep]
|-damage|p1a: Latias|58/100|[from] Sandstorm
|-heal|p1a: Latias|64/100|[from] item: Leftovers
|-heal|p2a: Jirachi|67/100 brn|[from] item: Leftovers
|-damage|p2a: Jirachi|54/100 brn|[from] brn
|upkeep
|turn|37
|
|switch|p1a: Heatran|Heatran, M|59/100 par
|-damage|p1a: Heatran|47/100 par|[from] Spikes
|-damage|p1a: Heatran|34/100 par|[from] Stealth Rock
|switch|p2a: Garchomp|Garchomp, F|69/100 brn
|
|-weather|Sandstorm|[upkeep]
|-heal|p2a: Garchomp|75/100 brn|[from] item: Leftovers
|-heal|p1a: Heatran|40/100 par|[from] item: Leftovers
|-damage|p2a: Garchomp|63/100 brn|[from] brn
|upkeep
|turn|38
|
|move|p2a: Garchomp|Swords Dance|p2a: Garchomp
|-boost|p2a: Garchomp|atk|2
|cant|p1a: Heatran|par
|
|-weather|Sandstorm|[upkeep]
|-heal|p2a: Garchomp|69/100 brn|[from] item: Leftovers
|-heal|p1a: Heatran|47/100 par|[from] item: Leftovers
|-damage|p2a: Garchomp|57/100 brn|[from] brn
|upkeep
|turn|39
|
|cant|p1a: Heatran|par
|move|p2a: Garchomp|Swords Dance|p2a: Garchomp
|-boost|p2a: Garchomp|atk|2
|
|-weather|Sandstorm|[upkeep]
|-heal|p2a: Garchomp|63/100 brn|[from] item: Leftovers
|-heal|p1a: Heatran|53/100 par|[from] item: Leftovers
|-damage|p2a: Garchomp|51/100 brn|[from] brn
|upkeep
|turn|40
|
|move|p1a: Heatran|Protect|p1a: Heatran
|-singleturn|p1a: Heatran|Protect
|move|p2a: Garchomp|Dragon Claw|p1a: Heatran
|-activate|p1a: Heatran|move: Protect
|
|-weather|Sandstorm|[upkeep]
|-heal|p2a: Garchomp|57/100 brn|[from] item: Leftovers
|-heal|p1a: Heatran|59/100 par|[from] item: Leftovers
|-damage|p2a: Garchomp|45/100 brn|[from] brn
|upkeep
|turn|41
|
|switch|p1a: Reuniclus|Reuniclus, F|92/100
|move|p2a: Garchomp|Dragon Claw|p1a: Reuniclus
|-damage|p1a: Reuniclus|52/100
|
|-weather|Sandstorm|[upkeep]
|-heal|p2a: Garchomp|51/100 brn|[from] item: Leftovers
|-heal|p1a: Reuniclus|58/100|[from] item: Leftovers
|-damage|p2a: Garchomp|38/100 brn|[from] brn
|upkeep
|turn|42
|
|move|p2a: Garchomp|Swords Dance|p2a: Garchomp
|-boost|p2a: Garchomp|atk|2
|move|p1a: Reuniclus|Recover|p1a: Reuniclus
|-heal|p1a: Reuniclus|100/100
|
|-weather|Sandstorm|[upkeep]
|-heal|p2a: Garchomp|45/100 brn|[from] item: Leftovers
|-damage|p2a: Garchomp|32/100 brn|[from] brn
|upkeep
|turn|43
|
|move|p2a: Garchomp|Earthquake|p1a: Reuniclus
|-damage|p1a: Reuniclus|38/100
|move|p1a: Reuniclus|Hidden Power|p2a: Garchomp
|-supereffective|p2a: Garchomp
|-damage|p2a: Garchomp|0 fnt
|faint|p2a: Garchomp
|
|-weather|Sandstorm|[upkeep]
|-heal|p1a: Reuniclus|44/100|[from] item: Leftovers
|upkeep
|
|switch|p2a: Magnezone|Magnezone|100/100
|-item|p2a: Magnezone|Air Balloon
|turn|44
|
|switch|p1a: Latias|Latias, F|64/100
|-damage|p1a: Latias|51/100|[from] Stealth Rock
|move|p2a: Magnezone|Thunderbolt|p1a: Latias
|-resisted|p1a: Latias
|-damage|p1a: Latias|28/100
|
|-weather|Sandstorm|[upkeep]
|-damage|p1a: Latias|22/100|[from] Sandstorm
|-heal|p1a: Latias|28/100|[from] item: Leftovers
|upkeep
|turn|45
|
|move|p1a: Latias|Recover|p1a: Latias
|-heal|p1a: Latias|78/100
|move|p2a: Magnezone|Thunderbolt|p1a: Latias
|-resisted|p1a: Latias
|-damage|p1a: Latias|54/100
|
|-weather|Sandstorm|[upkeep]
|-damage|p1a: Latias|48/100|[from] Sandstorm
|-heal|p1a: Latias|54/100|[from] item: Leftovers
|upkeep
|turn|46
|
|switch|p2a: Jirachi|Jirachi|54/100 brn
|move|p1a: Latias|Recover|p1a: Latias
|-heal|p1a: Latias|100/100
|
|-weather|Sandstorm|[upkeep]
|-damage|p1a: Latias|95/100|[from] Sandstorm
|-heal|p1a: Latias|100/100|[from] item: Leftovers
|-heal|p2a: Jirachi|60/100 brn|[from] item: Leftovers
|-damage|p2a: Jirachi|48/100 brn|[from] brn
|upkeep
|turn|47
|
|switch|p1a: Heatran|Heatran, M|59/100 par
|-damage|p1a: Heatran|47/100 par|[from] Stealth Rock
|-damage|p1a: Heatran|34/100 par|[from] Spikes
|switch|p2a: Magnezone|Magnezone|100/100
|-item|p2a: Magnezone|Air Balloon
|
|-weather|Sandstorm|[upkeep]
|-heal|p1a: Heatran|40/100 par|[from] item: Leftovers
|upkeep
|turn|48
|
|move|p1a: Heatran|Protect|p1a: Heatran
|-singleturn|p1a: Heatran|Protect
|move|p2a: Magnezone|Thunderbolt|p1a: Heatran
|-activate|p1a: Heatran|move: Protect
|
|-weather|Sandstorm|[upkeep]
|-heal|p1a: Heatran|47/100 par|[from] item: Leftovers
|upkeep
|turn|49
|
|move|p2a: Magnezone|Thunderbolt|p1a: Heatran
|-damage|p1a: Heatran|12/100 par
|move|p1a: Heatran|Magma Storm|p2a: Magnezone
|-supereffective|p2a: Magnezone
|-damage|p2a: Magnezone|0 fnt
|-enditem|p2a: Magnezone|Air Balloon
|faint|p2a: Magnezone
|
|-weather|Sandstorm|[upkeep]
|-heal|p1a: Heatran|19/100 par|[from] item: Leftovers
|upkeep
|c|☆Speed Shobu|unbelievable lol
|-message|Speed Shobu forfeited.
|
|win|II Armando II
|l|☆Speed Shobu
|raw|II Armando II's rating: 1476 &rarr; <strong>1500</strong><br />(+24 for winning)
|raw|Speed Shobu's rating: 1544 &rarr; <strong>1520</strong><br />(-24 for losing)
