|j|☆LadderGod1
|j|☆Im jesus christ
|t:|1726497900
|gametype|singles
|player|p1|LadderGod1|169|1407
|player|p2|Im jesus christ|2|1298
|teamsize|p1|6
|teamsize|p2|6
|gen|5
|tier|[Gen 5] OU
|rated|
|rule|Species Clause: Limit one of each Pokémon
|rule|OHKO Clause: OHKO moves are banned
|rule|Moody Clause: Moody is banned
|rule|Evasion Items Clause: Evasion items are banned
|rule|Evasion Moves Clause: Evasion moves are banned
|rule|Endless Battle Clause: Forcing endless battles is banned
|rule|HP Percentage Mod: HP is shown in percentages
|rule|Evasion Abilities Clause: Evasion abilities are banned
|rule|Sleep Moves Clause: Sleep-inducing moves are banned
|rule|Swagger Clause: Swagger is banned
|rule|Baton Pass Stat Clause: No Baton Passer may have a way to boost its stats
|clearpoke
|poke|p1|Ferrothorn, F|item
|poke|p1|Politoed, M|item
|poke|p1|Heatran, M|item
|poke|p1|Salamence, F|item
|poke|p1|Gliscor, F|item
|poke|p1|Hydreigon, M|item
|poke|p2|Politoed, M|item
|poke|p2|Starmie|item
|poke|p2|Volcarona, M|item
|poke|p2|Jirachi|item
|poke|p2|Garchomp, F|item
|poke|p2|Dragonite, M|item
|teampreview
|
|t:|1726497937
|start
|switch|p1a: Hydreigon|Hydreigon, M|100/100
|switch|p2a: Garchomp|Garchomp, F, shiny|100/100
|turn|1
|
|t:|1726497943
|move|p1a: Hydreigon|Draco Meteor|p2a: Garchomp
|-supereffective|p2a: Garchomp
|-crit|p2a: Garchomp
|-enditem|p2a: Garchomp|Focus Sash
|-damage|p2a: Garchomp|1/100
|-unboost|p1a: Hydreigon|spa|2
|move|p2a: Garchomp|Stealth Rock|p1a: Hydreigon
|-sidestart|p1: LadderGod1|move: Stealth Rock
|
|upkeep
|turn|2
|
|t:|1726497952
|switch|p2a: Jirachi|Jirachi, shiny|100/100
|move|p1a: Hydreigon|Draco Meteor|p2a: Jirachi
|-resisted|p2a: Jirachi
|-damage|p2a: Jirachi|83/100
|-unboost|p1a: Hydreigon|spa|2
|
|-heal|p2a: Jirachi|89/100|[from] item: Leftovers
|upkeep
|turn|3
|
|t:|1726497958
|switch|p1a: Ferrothorn|Ferrothorn, F|100/100
|-damage|p1a: Ferrothorn|94/100|[from] Stealth Rock
|move|p2a: Jirachi|Calm Mind|p2a: Jirachi
|-boost|p2a: Jirachi|spa|1
|-boost|p2a: Jirachi|spd|1
|
|-heal|p2a: Jirachi|95/100|[from] item: Leftovers
|-heal|p1a: Ferrothorn|100/100|[from] item: Leftovers
|upkeep
|turn|4
|
|t:|1726497964
|move|p2a: Jirachi|Substitute|p2a: Jirachi
|-start|p2a: Jirachi|Substitute
|-damage|p2a: Jirachi|70/100
|move|p1a: Ferrothorn|Stealth Rock|p2a: Jirachi
|-sidestart|p2: Im jesus christ|move: Stealth Rock
|
|-heal|p2a: Jirachi|76/100|[from] item: Leftovers
|upkeep
|turn|5
|
|t:|1726497968
|switch|p1a: Heatran|Heatran, M|100/100
|-damage|p1a: Heatran|88/100|[from] Stealth Rock
|-item|p1a: Heatran|Air Balloon
|move|p2a: Jirachi|Calm Mind|p2a: Jirachi
|-boost|p2a: Jirachi|spa|1
|-boost|p2a: Jirachi|spd|1
|
|-heal|p2a: Jirachi|82/100|[from] item: Leftovers
|upkeep
|turn|6
|
|t:|1726497978
|move|p2a: Jirachi|Thunder|p1a: Heatran
|-damage|p1a: Heatran|43/100
|-status|p1a: Heatran|par
|-enditem|p1a: Heatran|Air Balloon
|cant|p1a: Heatran|par
|
|-heal|p2a: Jirachi|89/100|[from] item: Leftovers
|upkeep
|turn|7
|-message|LadderGod1 forfeited.
|
|win|Im jesus christ
|raw|LadderGod1's rating: 1407 &rarr; <strong>1381</strong><br />(-26 for losing)
|raw|Im jesus christ's rating: 1298 &rarr; <strong>1331</strong><br />(+33 for winning)
