|j|☆Meloriver
|j|☆stonya
|player|p1|Meloriver|220
|player|p2|stonya|1
|teamsize|p1|6
|teamsize|p2|6
|gametype|singles
|gen|5
|tier|[Gen 5] OU
|rated|
|rule|Sleep Clause Mod: Limit one foe put to sleep
|rule|Species Clause: Limit one of each Pokémon
|rule|OHKO Clause: OHKO moves are banned
|rule|Moody Clause: Moody is banned
|rule|Evasion Moves Clause: Evasion moves are banned
|rule|Endless Battle Clause: Forcing endless battles is banned
|rule|HP Percentage Mod: HP is shown in percentages
|rule|Evasion Abilities Clause: Evasion abilities are banned
|rule|Baton Pass Clause: Limit one Baton Passer, can't pass Spe and other stats simultaneously
|rule|Swagger Clause: Swagger is banned
|clearpoke
|poke|p1|Tyranitar, F|item
|poke|p1|Rotom-Wash|item
|poke|p1|Landorus-Therian, M|item
|poke|p1|Keldeo|item
|poke|p1|Latios, M|item
|poke|p1|Scizor, F|item
|poke|p2|Tyranitar, M|item
|poke|p2|Magnezone|item
|poke|p2|Terrakion|item
|poke|p2|Latios, M|item
|poke|p2|Scizor, M|item
|poke|p2|Landorus-Therian, M|item
|teampreview
|
|start
|switch|p1a: Landorus|Landorus-Therian, M|100/100
|switch|p2a: Bron Bron|Landorus-Therian, M|100/100
|-ability|p1a: Landorus|Intimidate|boost
|-unboost|p2a: Bron Bron|atk|1
|-ability|p2a: Bron Bron|Intimidate|boost
|-unboost|p1a: Landorus|atk|1
|turn|1
|
|move|p1a: Landorus|Hidden Power|p2a: Bron Bron
|-supereffective|p2a: Bron Bron
|-damage|p2a: Bron Bron|21/100
|move|p2a: Bron Bron|Hidden Power|p1a: Landorus
|-supereffective|p1a: Landorus
|-damage|p1a: Landorus|0 fnt
|faint|p1a: Landorus
|
|upkeep
|
|switch|p1a: Puxão|Keldeo|100/100
|turn|2
|
|move|p1a: Puxão|Surf|p2a: Bron Bron
|-supereffective|p2a: Bron Bron
|-damage|p2a: Bron Bron|0 fnt
|faint|p2a: Bron Bron
|
|upkeep
|
|switch|p2a: Bosh|Latios, M, shiny|100/100
|turn|3
|
|switch|p1a: Scizor|Scizor, F|100/100
|move|p2a: Bosh|Energy Ball|p1a: Scizor
|-resisted|p1a: Scizor
|-damage|p1a: Scizor|94/100
|
|-heal|p1a: Scizor|100/100|[from] item: Leftovers
|upkeep
|turn|4
|
|switch|p2a: Miller|Scizor, M, shiny|100/100
|switch|p1a: Tyranitar|Tyranitar, F|100/100
|-weather|Sandstorm|[from] ability: Sand Stream|[of] p1a: Tyranitar
|
|-weather|Sandstorm|[upkeep]
|upkeep
|turn|5
|
|switch|p1a: Rotom|Rotom-Wash|100/100
|move|p2a: Miller|Bullet Punch|p1a: Rotom
|-resisted|p1a: Rotom
|-damage|p1a: Rotom|88/100
|
|-weather|Sandstorm|[upkeep]
|-damage|p1a: Rotom|81/100|[from] Sandstorm
|-heal|p1a: Rotom|88/100|[from] item: Leftovers
|upkeep
|turn|6
|
|switch|p2a: Pat Riely|Tyranitar, M|100/100
|move|p1a: Rotom|Will-O-Wisp|p2a: Pat Riely|[miss]
|-miss|p1a: Rotom|p2a: Pat Riely
|
|-weather|Sandstorm|[upkeep]
|-damage|p1a: Rotom|81/100|[from] Sandstorm
|-heal|p1a: Rotom|88/100|[from] item: Leftovers
|upkeep
|turn|7
|
|move|p1a: Rotom|Will-O-Wisp|p2a: Pat Riely
|-status|p2a: Pat Riely|brn
|move|p2a: Pat Riely|Stealth Rock|p1a: Rotom
|-sidestart|p1: Meloriver|move: Stealth Rock
|
|-weather|Sandstorm|[upkeep]
|-damage|p1a: Rotom|81/100|[from] Sandstorm
|-heal|p1a: Rotom|88/100|[from] item: Leftovers
|-damage|p2a: Pat Riely|88/100 brn|[from] brn
|upkeep
|turn|8
|
|move|p1a: Rotom|Volt Switch|p2a: Pat Riely
|-damage|p2a: Pat Riely|77/100 brn
|
|-activate|p1a: Rotom|move: Pursuit
|move|p2a: Pat Riely|Pursuit|p1a: Rotom|[from]Pursuit
|-damage|p1a: Rotom|70/100
|switch|p1a: Scizor|Scizor, F|100/100
|-damage|p1a: Scizor|88/100|[from] Stealth Rock
|
|-weather|Sandstorm|[upkeep]
|-heal|p1a: Scizor|94/100|[from] item: Leftovers
|-heal|p2a: Pat Riely|83/100 brn|[from] item: Leftovers
|-damage|p2a: Pat Riely|71/100 brn|[from] brn
|upkeep
|turn|9
|
|move|p1a: Scizor|Bug Bite|p2a: Pat Riely
|-supereffective|p2a: Pat Riely
|-damage|p2a: Pat Riely|0 fnt
|faint|p2a: Pat Riely
|
|-weather|Sandstorm|[upkeep]
|-heal|p1a: Scizor|100/100|[from] item: Leftovers
|upkeep
|
|switch|p2a: Ray Allen|Magnezone|100/100
|turn|10
|
|move|p2a: Ray Allen|Substitute|p2a: Ray Allen
|-start|p2a: Ray Allen|Substitute
|-damage|p2a: Ray Allen|76/100
|move|p1a: Scizor|Bug Bite|p2a: Ray Allen
|-resisted|p2a: Ray Allen
|-crit|p2a: Ray Allen
|-end|p2a: Ray Allen|Substitute
|
|-weather|Sandstorm|[upkeep]
|-heal|p2a: Ray Allen|82/100|[from] item: Leftovers
|upkeep
|turn|11
|
|move|p2a: Ray Allen|Substitute|p2a: Ray Allen
|-start|p2a: Ray Allen|Substitute
|-damage|p2a: Ray Allen|57/100
|move|p1a: Scizor|Swords Dance|p1a: Scizor
|-boost|p1a: Scizor|atk|2
|
|-weather|Sandstorm|[upkeep]
|-heal|p2a: Ray Allen|63/100|[from] item: Leftovers
|upkeep
|turn|12
|
|move|p2a: Ray Allen|Hidden Power|p1a: Scizor
|-supereffective|p1a: Scizor
|-damage|p1a: Scizor|13/100
|move|p1a: Scizor|Bug Bite|p2a: Ray Allen
|-resisted|p2a: Ray Allen
|-end|p2a: Ray Allen|Substitute
|
|-weather|Sandstorm|[upkeep]
|-heal|p2a: Ray Allen|69/100|[from] item: Leftovers
|-heal|p1a: Scizor|19/100|[from] item: Leftovers
|upkeep
|turn|13
|
|move|p2a: Ray Allen|Hidden Power|p1a: Scizor
|-supereffective|p1a: Scizor
|-damage|p1a: Scizor|0 fnt
|faint|p1a: Scizor
|
|-weather|Sandstorm|[upkeep]
|-heal|p2a: Ray Allen|75/100|[from] item: Leftovers
|upkeep
|
|switch|p1a: Latios|Latios, M|100/100
|-damage|p1a: Latios|88/100|[from] Stealth Rock
|turn|14
|
|move|p1a: Latios|Surf|p2a: Ray Allen
|-damage|p2a: Ray Allen|13/100
|move|p2a: Ray Allen|Flash Cannon|p1a: Latios
|-damage|p1a: Latios|41/100
|
|-weather|Sandstorm|[upkeep]
|-damage|p1a: Latios|35/100|[from] Sandstorm
|-heal|p2a: Ray Allen|19/100|[from] item: Leftovers
|upkeep
|turn|15
|
|move|p1a: Latios|Surf|p2a: Ray Allen
|-damage|p2a: Ray Allen|0 fnt
|faint|p2a: Ray Allen
|
|-weather|Sandstorm|[upkeep]
|-damage|p1a: Latios|29/100|[from] Sandstorm
|upkeep
|
|switch|p2a: D.Wade|Terrakion|100/100
|turn|16
|
|move|p2a: D.Wade|Close Combat|p1a: Latios
|-resisted|p1a: Latios
|-damage|p1a: Latios|0 fnt
|-unboost|p2a: D.Wade|def|1
|-unboost|p2a: D.Wade|spd|1
|faint|p1a: Latios
|
|-weather|Sandstorm|[upkeep]
|upkeep
|
|switch|p1a: Puxão|Keldeo|100/100
|-damage|p1a: Puxão|94/100|[from] Stealth Rock
|turn|17
|
|switch|p2a: Bosh|Latios, M, shiny|100/100
|move|p1a: Puxão|Secret Sword|p2a: Bosh
|-resisted|p2a: Bosh
|-damage|p2a: Bosh|68/100
|
|-weather|Sandstorm|[upkeep]
|-damage|p1a: Puxão|88/100|[from] Sandstorm
|-damage|p2a: Bosh|62/100|[from] Sandstorm
|upkeep
|turn|18
|
|switch|p1a: Rotom|Rotom-Wash|70/100
|-damage|p1a: Rotom|57/100|[from] Stealth Rock
|move|p2a: Bosh|Energy Ball|p1a: Rotom
|-supereffective|p1a: Rotom
|-damage|p1a: Rotom|7/100
|
|-weather|Sandstorm|[upkeep]
|-damage|p2a: Bosh|56/100|[from] Sandstorm
|-damage|p1a: Rotom|1/100|[from] Sandstorm
|-heal|p1a: Rotom|7/100|[from] item: Leftovers
|upkeep
|turn|19
|
|move|p2a: Bosh|Energy Ball|p1a: Rotom
|-supereffective|p1a: Rotom
|-damage|p1a: Rotom|0 fnt
|faint|p1a: Rotom
|
|-weather|Sandstorm|[upkeep]
|-damage|p2a: Bosh|50/100|[from] Sandstorm
|upkeep
|
|switch|p1a: Tyranitar|Tyranitar, F|100/100
|-damage|p1a: Tyranitar|88/100|[from] Stealth Rock
|turn|20
|
|move|p2a: Bosh|Energy Ball|p1a: Tyranitar
|-supereffective|p1a: Tyranitar
|-damage|p1a: Tyranitar|56/100
|move|p1a: Tyranitar|Pursuit|p2a: Bosh
|-supereffective|p2a: Bosh
|-damage|p2a: Bosh|0 fnt
|faint|p2a: Bosh
|
|-weather|Sandstorm|[upkeep]
|upkeep
|l|☆stonya
|player|p2|
|j|☆stonya
|player|p2|stonya|1
|-message|Meloriver forfeited.
|
|win|stonya
|l|☆Meloriver
|raw|Meloriver's rating: 1520 &rarr; <strong>1491</strong><br />(-29 for losing)
|raw|stonya's rating: 1344 &rarr; <strong>1373</strong><br />(+29 for winning)
