|join|bluri
|join|Doudrasand
|player|p1|bluri|97
|player|p2|Doudrasand|70
|gametype|singles
|gen|5
|tier|[Gen 5] OU
|rated
|rule|Evasion Abilities Clause: Evasion abilities are banned
|clearpoke
|poke|p1|Heatran, M
|poke|p1|Ninetales, M
|poke|p1|Forretress, M
|poke|p1|Dugtrio, M
|poke|p1|Volcarona, F
|poke|p1|Venusaur, M
|poke|p2|Tyranitar, F
|poke|p2|Latias, F
|poke|p2|Gliscor, F
|poke|p2|Skarmory, F
|poke|p2|Heatran, F
|poke|p2|Jellicent, F, shiny
|rule|Sleep Clause Mod: Limit one foe put to sleep
|rule|Species Clause: Limit one of each Pokémon
|rule|OHKO Clause: OHKO moves are banned
|rule|Moody Clause: Moody is banned
|rule|Evasion Moves Clause: Evasion moves are banned
|rule|Endless Battle Clause: Forcing endless battles is banned
|rule|HP Percentage Mod: HP is shown in percentages
|teampreview
bluri made this room private.
|
|start
|switch|p1a: Forretress|Forretress, M|354/354
|switch|p2a: Gliscor|Gliscor, F|354/354
|turn|1
|
|switch|p2a: Skarmory|Skarmory, F|334/334
|move|p1a: Forretress|Spikes|p2a: Skarmory
|-sidestart|p2: Doudrasand|Spikes
|
|turn|2
|
|move|p2a: Skarmory|Spikes|p1a: Forretress
|-sidestart|p1: bluri|Spikes
|move|p1a: Forretress|Volt Switch|p2a: Skarmory
|-supereffective|p2a: Skarmory
|-damage|p2a: Skarmory|234/334
|
|switch|p1a: Volcarona|Volcarona, F|312/312
|-damage|p1a: Volcarona|273/312|[from] Spikes
|
|-heal|p1a: Volcarona|292/312|[from] item: Leftovers
|-heal|p2a: Skarmory|254/334|[from] item: Leftovers
|turn|3
|
|move|p1a: Volcarona|Quiver Dance|p1a: Volcarona
|-boost|p1a: Volcarona|spa|1
|-boost|p1a: Volcarona|spd|1
|-boost|p1a: Volcarona|spe|1
|move|p2a: Skarmory|Brave Bird|p1a: Volcarona
|-supereffective|p1a: Volcarona
|-damage|p1a: Volcarona|0 fnt
|-status|p2a: Skarmory|brn
|-damage|p2a: Skarmory|158/334 brn|[from] recoil|[of] p1a: Volcarona
|faint|p1a: Volcarona
|
|-heal|p2a: Skarmory|178/334 brn|[from] item: Leftovers
|-damage|p2a: Skarmory|137/334 brn|[from] brn
|
|switch|p1a: Heatran|Heatran, M|323/323
|-item|p1a: Heatran|Air Balloon
|turn|4
|
|switch|p2a: Jellicent|Jellicent, F, shiny|404/404
|-damage|p2a: Jellicent|354/404|[from] Spikes
|move|p1a: Heatran|Magma Storm|p2a: Jellicent
|-resisted|p2a: Jellicent
|-damage|p2a: Jellicent|264/404
|-activate|p2a: Jellicent|move: Magma Storm|[of] p1a: Heatran
|
|-heal|p2a: Jellicent|289/404|[from] item: Leftovers
|-damage|p2a: Jellicent|264/404|[from] move: Magma Storm|[partiallytrapped]
|turn|5
|
|move|p1a: Heatran|Sunny Day|p1a: Heatran
|-weather|SunnyDay
|move|p2a: Jellicent|Scald|p1a: Heatran
|-supereffective|p1a: Heatran
|-damage|p1a: Heatran|251/323
|-enditem|p1a: Heatran|Air Balloon
|
|-weather|SunnyDay|[upkeep]
|-heal|p2a: Jellicent|289/404|[from] item: Leftovers
|-damage|p2a: Jellicent|264/404|[from] move: Magma Storm|[partiallytrapped]
|turn|6
|
|move|p1a: Heatran|Solar Beam|p2a: Jellicent|[still]
|-prepare|p1a: Heatran|Solar Beam|p2a: Jellicent
|-anim|p1a: Heatran|Solar Beam|p2a: Jellicent
|-supereffective|p2a: Jellicent
|-damage|p2a: Jellicent|48/404
|move|p2a: Jellicent|Scald|p1a: Heatran
|-supereffective|p1a: Heatran
|-damage|p1a: Heatran|171/323
|
|-weather|SunnyDay|[upkeep]
|-heal|p2a: Jellicent|73/404|[from] item: Leftovers
|-damage|p2a: Jellicent|48/404|[from] move: Magma Storm|[partiallytrapped]
|turn|7
|
|move|p1a: Heatran|Solar Beam|p2a: Jellicent|[still]
|-prepare|p1a: Heatran|Solar Beam|p2a: Jellicent
|-anim|p1a: Heatran|Solar Beam|p2a: Jellicent
|-supereffective|p2a: Jellicent
|-damage|p2a: Jellicent|0 fnt
|faint|p2a: Jellicent
|
|-weather|SunnyDay|[upkeep]
|
|switch|p2a: Tyranitar|Tyranitar, F|342/342
|-damage|p2a: Tyranitar|300/342|[from] Spikes
|-weather|Sandstorm|[from] ability: Sand Stream|[of] p2a: Tyranitar
|turn|8
|
|switch|p1a: Forretress|Forretress, M|354/354
|-damage|p1a: Forretress|310/354|[from] Spikes
|move|p2a: Tyranitar|Stealth Rock|p1a: Forretress
|-sidestart|p1: bluri|move: Stealth Rock
|
|-weather|Sandstorm|[upkeep]
|-heal|p1a: Forretress|332/354|[from] item: Leftovers
|turn|9
|
|switch|p2a: Heatran|Heatran, F|385/385
|-damage|p2a: Heatran|337/385|[from] Spikes
|move|p1a: Forretress|Rapid Spin|p2a: Heatran
|-resisted|p2a: Heatran
|-damage|p2a: Heatran|330/385
|-sideend|p1: bluri|Spikes|[from] move: Rapid Spin|[of] p1a: Forretress
|-sideend|p1: bluri|Stealth Rock|[from] move: Rapid Spin|[of] p1a: Forretress
|
|-weather|Sandstorm|[upkeep]
|-heal|p2a: Heatran|354/385|[from] item: Leftovers
|-heal|p1a: Forretress|354/354|[from] item: Leftovers
|turn|10
|
|switch|p1a: Dugtrio|Dugtrio, M|212/212
|move|p2a: Heatran|Substitute|p2a: Heatran
|-start|p2a: Heatran|Substitute
|-damage|p2a: Heatran|258/385
|
|-weather|Sandstorm|[upkeep]
|-heal|p2a: Heatran|282/385|[from] item: Leftovers
|turn|11
|
|move|p2a: Heatran|Protect|p2a: Heatran
|-singleturn|p2a: Heatran|Protect
|move|p1a: Dugtrio|Earthquake|p2a: Heatran
|-activate|p2a: Heatran|Protect
|
|-weather|Sandstorm|[upkeep]
|-heal|p2a: Heatran|306/385|[from] item: Leftovers
|turn|12
|
|move|p1a: Dugtrio|Earthquake|p2a: Heatran
|-supereffective|p2a: Heatran
|-end|p2a: Heatran|Substitute
|move|p2a: Heatran|Torment|p1a: Dugtrio
|-start|p1a: Dugtrio|Torment
|
|-weather|Sandstorm|[upkeep]
|-heal|p2a: Heatran|330/385|[from] item: Leftovers
|turn|13
|
|move|p1a: Dugtrio|Stealth Rock|p2a: Heatran
|-sidestart|p2: Doudrasand|move: Stealth Rock
|move|p2a: Heatran|Substitute|p2a: Heatran
|-start|p2a: Heatran|Substitute
|-damage|p2a: Heatran|234/385
|
|-weather|Sandstorm|[upkeep]
|-heal|p2a: Heatran|258/385|[from] item: Leftovers
|turn|14
|
|move|p1a: Dugtrio|Stone Edge|p2a: Heatran
|-activate|p2a: Heatran|Substitute|[damage]
|move|p2a: Heatran|Lava Plume|p1a: Dugtrio
|-damage|p1a: Dugtrio|67/212
|
|-weather|Sandstorm|[upkeep]
|-heal|p2a: Heatran|282/385|[from] item: Leftovers
|turn|15
|
|switch|p1a: Heatran|Heatran, M|171/323
|move|p2a: Heatran|Protect|p2a: Heatran
|-fail|p2a: Heatran
|
|-weather|Sandstorm|[upkeep]
|-heal|p2a: Heatran|306/385|[from] item: Leftovers
|turn|16
|
|move|p1a: Heatran|Sunny Day|p1a: Heatran
|-weather|SunnyDay
|move|p2a: Heatran|Torment|p1a: Heatran
|-start|p1a: Heatran|Torment
|
|-weather|SunnyDay|[upkeep]
|-heal|p2a: Heatran|330/385|[from] item: Leftovers
|turn|17
|
|move|p2a: Heatran|Protect|p2a: Heatran
|-singleturn|p2a: Heatran|Protect
|move|p1a: Heatran|Hidden Power|p2a: Heatran
|-activate|p2a: Heatran|Protect
|
|-weather|SunnyDay|[upkeep]
|-heal|p2a: Heatran|354/385|[from] item: Leftovers
|turn|18
|
|move|p1a: Heatran|Solar Beam|p2a: Heatran|[still]
|-prepare|p1a: Heatran|Solar Beam|p2a: Heatran
|-anim|p1a: Heatran|Solar Beam|p2a: Heatran
|-resisted|p2a: Heatran
|-end|p2a: Heatran|Substitute
|move|p2a: Heatran|Torment|p1a: Heatran
|-fail|p1a: Heatran
|
|-weather|SunnyDay|[upkeep]
|-heal|p2a: Heatran|378/385|[from] item: Leftovers
|turn|19
|
|move|p1a: Heatran|Hidden Power|p2a: Heatran
|-resisted|p2a: Heatran
|-damage|p2a: Heatran|364/385
|move|p2a: Heatran|Substitute|p2a: Heatran
|-start|p2a: Heatran|Substitute
|-damage|p2a: Heatran|268/385
|
|-weather|SunnyDay|[upkeep]
|-heal|p2a: Heatran|292/385|[from] item: Leftovers
|turn|20
|
|move|p1a: Heatran|Sunny Day|p1a: Heatran
|-fail|p1a: Heatran
|move|p2a: Heatran|Lava Plume|p1a: Heatran
|-start|p1a: Heatran|ability: Flash Fire
|
|-weather|none
|-heal|p2a: Heatran|316/385|[from] item: Leftovers
|turn|21
|
|switch|p1a: Ninetales|Ninetales, M|349/349
|-weather|SunnyDay|[from] ability: Drought|[of] p1a: Ninetales
|move|p2a: Heatran|Torment|p1a: Ninetales
|-start|p1a: Ninetales|Torment
|
|-weather|SunnyDay|[upkeep]
|-heal|p2a: Heatran|340/385|[from] item: Leftovers
|turn|22
|
|move|p1a: Ninetales|Protect|p1a: Ninetales
|-singleturn|p1a: Ninetales|Protect
|move|p2a: Heatran|Lava Plume|p1a: Ninetales
|-activate|p1a: Ninetales|Protect
|
|-weather|SunnyDay|[upkeep]
|-heal|p2a: Heatran|364/385|[from] item: Leftovers
|turn|23
|
|switch|p2a: Gliscor|Gliscor, F|354/354
|-damage|p2a: Gliscor|310/354|[from] Stealth Rock
|move|p1a: Ninetales|Toxic|p2a: Gliscor
|-status|p2a: Gliscor|tox
|
|-weather|SunnyDay|[upkeep]
|-heal|p2a: Gliscor|354/354 tox|[from] ability: Poison Heal
|turn|24
|
|switch|p1a: Forretress|Forretress, M|354/354
|move|p2a: Gliscor|Substitute|p2a: Gliscor
|-start|p2a: Gliscor|Substitute
|-damage|p2a: Gliscor|266/354 tox
|
|-weather|SunnyDay|[upkeep]
|-heal|p2a: Gliscor|310/354 tox|[from] ability: Poison Heal
|turn|25
|
|move|p2a: Gliscor|Earthquake|p1a: Forretress
|-crit|p1a: Forretress
|-damage|p1a: Forretress|231/354
|move|p1a: Forretress|Spikes|p2a: Gliscor
|-sidestart|p2: Doudrasand|Spikes
|
|-weather|SunnyDay|[upkeep]
|-heal|p1a: Forretress|253/354|[from] item: Leftovers
|-heal|p2a: Gliscor|354/354 tox|[from] ability: Poison Heal
|turn|26
|
|move|p2a: Gliscor|Earthquake|p1a: Forretress
|-damage|p1a: Forretress|190/354
|move|p1a: Forretress|Hidden Power|p2a: Gliscor
|-crit|p2a: Gliscor
|-supereffective|p2a: Gliscor
|-end|p2a: Gliscor|Substitute
|
|-weather|SunnyDay|[upkeep]
|-heal|p1a: Forretress|212/354|[from] item: Leftovers
|turn|27
|
|move|p2a: Gliscor|Substitute|p2a: Gliscor
|-start|p2a: Gliscor|Substitute
|-damage|p2a: Gliscor|266/354 tox
|move|p1a: Forretress|Spikes|p2a: Gliscor
|-sidestart|p2: Doudrasand|Spikes
|
|-weather|SunnyDay|[upkeep]
|-heal|p1a: Forretress|234/354|[from] item: Leftovers
|-heal|p2a: Gliscor|310/354 tox|[from] ability: Poison Heal
|turn|28
|
|move|p2a: Gliscor|Earthquake|p1a: Forretress
|-damage|p1a: Forretress|170/354
|move|p1a: Forretress|Hidden Power|p2a: Gliscor
|-supereffective|p2a: Gliscor
|-end|p2a: Gliscor|Substitute
|
|-weather|SunnyDay|[upkeep]
|-heal|p1a: Forretress|192/354|[from] item: Leftovers
|-heal|p2a: Gliscor|354/354 tox|[from] ability: Poison Heal
|turn|29
|
|move|p2a: Gliscor|Earthquake|p1a: Forretress
|-damage|p1a: Forretress|125/354
|move|p1a: Forretress|Hidden Power|p2a: Gliscor
|-supereffective|p2a: Gliscor
|-damage|p2a: Gliscor|162/354 tox
|
|-weather|SunnyDay|[upkeep]
|-heal|p1a: Forretress|147/354|[from] item: Leftovers
|-heal|p2a: Gliscor|206/354 tox|[from] ability: Poison Heal
|turn|30
|
|switch|p2a: Heatran|Heatran, F|364/385
|-damage|p2a: Heatran|316/385|[from] Stealth Rock
|-damage|p2a: Heatran|220/385|[from] Spikes
|move|p1a: Forretress|Hidden Power|p2a: Heatran
|-resisted|p2a: Heatran
|-damage|p2a: Heatran|213/385
|
|-weather|SunnyDay|[upkeep]
|-heal|p2a: Heatran|237/385|[from] item: Leftovers
|-heal|p1a: Forretress|169/354|[from] item: Leftovers
|turn|31
|
|switch|p1a: Ninetales|Ninetales, M|349/349
|move|p2a: Heatran|Substitute|p2a: Heatran
|-start|p2a: Heatran|Substitute
|-damage|p2a: Heatran|141/385
|
|-weather|SunnyDay|[upkeep]
|-heal|p2a: Heatran|165/385|[from] item: Leftovers
|turn|32
|
|move|p1a: Ninetales|Protect|p1a: Ninetales
|-singleturn|p1a: Ninetales|Protect
|move|p2a: Heatran|Protect|p2a: Heatran
|-fail|p2a: Heatran
|
|-weather|SunnyDay|[upkeep]
|-heal|p2a: Heatran|189/385|[from] item: Leftovers
|turn|33
|
|move|p1a: Ninetales|Fire Blast|p2a: Heatran
|-start|p2a: Heatran|ability: Flash Fire
|move|p2a: Heatran|Lava Plume|p1a: Ninetales
|-resisted|p1a: Ninetales
|-damage|p1a: Ninetales|223/349
|
|-weather|SunnyDay|[upkeep]
|-heal|p1a: Ninetales|244/349|[from] item: Leftovers
|-heal|p2a: Heatran|213/385|[from] item: Leftovers
|turn|34
|
|move|p1a: Ninetales|Protect|p1a: Ninetales
|-singleturn|p1a: Ninetales|Protect
|move|p2a: Heatran|Lava Plume|p1a: Ninetales
|-activate|p1a: Ninetales|Protect
|
|-weather|SunnyDay|[upkeep]
|-heal|p1a: Ninetales|265/349|[from] item: Leftovers
|-heal|p2a: Heatran|237/385|[from] item: Leftovers
|turn|35
|
|switch|p1a: Heatran|Heatran, M|171/323
|move|p2a: Heatran|Lava Plume|p1a: Heatran
|-start|p1a: Heatran|ability: Flash Fire
|
|-weather|SunnyDay|[upkeep]
|-heal|p2a: Heatran|261/385|[from] item: Leftovers
|turn|36
|
|move|p1a: Heatran|Hidden Power|p2a: Heatran
|-resisted|p2a: Heatran
|-activate|p2a: Heatran|Substitute|[damage]
|move|p2a: Heatran|Torment|p1a: Heatran
|-start|p1a: Heatran|Torment
|
|-weather|SunnyDay|[upkeep]
|-heal|p2a: Heatran|285/385|[from] item: Leftovers
|turn|37
|
|move|p1a: Heatran|Sunny Day|p1a: Heatran
|-fail|p1a: Heatran
|move|p2a: Heatran|Lava Plume|p1a: Heatran
|-immune|p1a: Heatran|[msg]
|
|-weather|SunnyDay|[upkeep]
|-heal|p2a: Heatran|309/385|[from] item: Leftovers
|turn|38
|
|move|p1a: Heatran|Solar Beam|p2a: Heatran|[still]
|-prepare|p1a: Heatran|Solar Beam|p2a: Heatran
|-anim|p1a: Heatran|Solar Beam|p2a: Heatran
|-resisted|p2a: Heatran
|-activate|p2a: Heatran|Substitute|[damage]
|move|p2a: Heatran|Torment|p1a: Heatran
|-fail|p1a: Heatran
|
|-weather|SunnyDay|[upkeep]
|-heal|p2a: Heatran|333/385|[from] item: Leftovers
|turn|39
|
|move|p1a: Heatran|Hidden Power|p2a: Heatran
|-resisted|p2a: Heatran
|-activate|p2a: Heatran|Substitute|[damage]
|move|p2a: Heatran|Lava Plume|p1a: Heatran
|-immune|p1a: Heatran|[msg]
|
|-weather|SunnyDay|[upkeep]
|-heal|p2a: Heatran|357/385|[from] item: Leftovers
|turn|40
|
|move|p1a: Heatran|Solar Beam|p2a: Heatran|[still]
|-prepare|p1a: Heatran|Solar Beam|p2a: Heatran
|-anim|p1a: Heatran|Solar Beam|p2a: Heatran
|-resisted|p2a: Heatran
|-activate|p2a: Heatran|Substitute|[damage]
|move|p2a: Heatran|Lava Plume|p1a: Heatran
|-immune|p1a: Heatran|[msg]
|
|-weather|SunnyDay|[upkeep]
|-heal|p2a: Heatran|381/385|[from] item: Leftovers
|turn|41
|
|move|p1a: Heatran|Hidden Power|p2a: Heatran
|-resisted|p2a: Heatran
|-end|p2a: Heatran|Substitute
|move|p2a: Heatran|Torment|p1a: Heatran
|-fail|p1a: Heatran
|
|-weather|SunnyDay|[upkeep]
|-heal|p2a: Heatran|385/385|[from] item: Leftovers
|turn|42
|
|switch|p1a: Ninetales|Ninetales, M|265/349
|move|p2a: Heatran|Lava Plume|p1a: Ninetales
|-resisted|p1a: Ninetales
|-damage|p1a: Ninetales|134/349
|
|-weather|SunnyDay|[upkeep]
|-heal|p1a: Ninetales|155/349|[from] item: Leftovers
|turn|43
|
|move|p1a: Ninetales|Protect|p1a: Ninetales
|-singleturn|p1a: Ninetales|Protect
|move|p2a: Heatran|Substitute|p2a: Heatran
|-start|p2a: Heatran|Substitute
|-damage|p2a: Heatran|289/385
|
|-weather|SunnyDay|[upkeep]
|-heal|p1a: Ninetales|176/349|[from] item: Leftovers
|-heal|p2a: Heatran|313/385|[from] item: Leftovers
|turn|44
|
|switch|p1a: Heatran|Heatran, M|171/323
|move|p2a: Heatran|Lava Plume|p1a: Heatran
|-start|p1a: Heatran|ability: Flash Fire
|
|-weather|SunnyDay|[upkeep]
|-heal|p2a: Heatran|337/385|[from] item: Leftovers
|turn|45
|
|move|p1a: Heatran|Hidden Power|p2a: Heatran
|-crit|p2a: Heatran
|-resisted|p2a: Heatran
|-activate|p2a: Heatran|Substitute|[damage]
|move|p2a: Heatran|Torment|p1a: Heatran
|-start|p1a: Heatran|Torment
|
|-weather|SunnyDay|[upkeep]
|-heal|p2a: Heatran|361/385|[from] item: Leftovers
|turn|46
|
|move|p1a: Heatran|Sunny Day|p1a: Heatran
|-fail|p1a: Heatran
|move|p2a: Heatran|Torment|p1a: Heatran
|-fail|p1a: Heatran
|
|-weather|SunnyDay|[upkeep]
|-heal|p2a: Heatran|385/385|[from] item: Leftovers
|turn|47
|
|move|p1a: Heatran|Hidden Power|p2a: Heatran
|-resisted|p2a: Heatran
|-activate|p2a: Heatran|Substitute|[damage]
|move|p2a: Heatran|Torment|p1a: Heatran
|-fail|p1a: Heatran
|
|-weather|SunnyDay|[upkeep]
|turn|48
|
|move|p1a: Heatran|Solar Beam|p2a: Heatran|[still]
|-prepare|p1a: Heatran|Solar Beam|p2a: Heatran
|-anim|p1a: Heatran|Solar Beam|p2a: Heatran
|-resisted|p2a: Heatran
|-activate|p2a: Heatran|Substitute|[damage]
|move|p2a: Heatran|Lava Plume|p1a: Heatran
|-immune|p1a: Heatran|[msg]
|
|-weather|SunnyDay|[upkeep]
|turn|49
|
|move|p1a: Heatran|Hidden Power|p2a: Heatran
|-resisted|p2a: Heatran
|-activate|p2a: Heatran|Substitute|[damage]
|move|p2a: Heatran|Lava Plume|p1a: Heatran
|-immune|p1a: Heatran|[msg]
|
|-weather|SunnyDay|[upkeep]
|turn|50
|
|move|p1a: Heatran|Sunny Day|p1a: Heatran
|-fail|p1a: Heatran
|move|p2a: Heatran|Lava Plume|p1a: Heatran
|-immune|p1a: Heatran|[msg]
|
|-weather|SunnyDay|[upkeep]
|turn|51
|
|move|p1a: Heatran|Hidden Power|p2a: Heatran
|-resisted|p2a: Heatran
|-end|p2a: Heatran|Substitute
|move|p2a: Heatran|Torment|p1a: Heatran
|-fail|p1a: Heatran
|
|-weather|SunnyDay|[upkeep]
|turn|52
|
|move|p1a: Heatran|Solar Beam|p2a: Heatran|[still]
|-prepare|p1a: Heatran|Solar Beam|p2a: Heatran
|-anim|p1a: Heatran|Solar Beam|p2a: Heatran
|-resisted|p2a: Heatran
|-damage|p2a: Heatran|360/385
|move|p2a: Heatran|Substitute|p2a: Heatran
|-start|p2a: Heatran|Substitute
|-damage|p2a: Heatran|264/385
|
|-weather|SunnyDay|[upkeep]
|-heal|p2a: Heatran|288/385|[from] item: Leftovers
|turn|53
|
|move|p1a: Heatran|Hidden Power|p2a: Heatran
|-resisted|p2a: Heatran
|-activate|p2a: Heatran|Substitute|[damage]
|move|p2a: Heatran|Torment|p1a: Heatran
|-fail|p1a: Heatran
|
|-weather|SunnyDay|[upkeep]
|-heal|p2a: Heatran|312/385|[from] item: Leftovers
|turn|54
|
|move|p1a: Heatran|Solar Beam|p2a: Heatran|[still]
|-prepare|p1a: Heatran|Solar Beam|p2a: Heatran
|-anim|p1a: Heatran|Solar Beam|p2a: Heatran
|-resisted|p2a: Heatran
|-activate|p2a: Heatran|Substitute|[damage]
|move|p2a: Heatran|Torment|p1a: Heatran
|-fail|p1a: Heatran
|
|-weather|SunnyDay|[upkeep]
|-heal|p2a: Heatran|336/385|[from] item: Leftovers
|turn|55
|
|move|p1a: Heatran|Hidden Power|p2a: Heatran
|-resisted|p2a: Heatran
|-activate|p2a: Heatran|Substitute|[damage]
|move|p2a: Heatran|Torment|p1a: Heatran
|-fail|p1a: Heatran
|
|-weather|SunnyDay|[upkeep]
|-heal|p2a: Heatran|360/385|[from] item: Leftovers
|turn|56
|
|move|p1a: Heatran|Sunny Day|p1a: Heatran
|-fail|p1a: Heatran
|move|p2a: Heatran|Torment|p1a: Heatran
|-fail|p1a: Heatran
|
|-weather|SunnyDay|[upkeep]
|-heal|p2a: Heatran|384/385|[from] item: Leftovers
|turn|57
|
|move|p1a: Heatran|Hidden Power|p2a: Heatran
|-resisted|p2a: Heatran
|-activate|p2a: Heatran|Substitute|[damage]
|move|p2a: Heatran|Torment|p1a: Heatran
|-fail|p1a: Heatran
|
|-weather|SunnyDay|[upkeep]
|-heal|p2a: Heatran|385/385|[from] item: Leftovers
|turn|58
|
|move|p1a: Heatran|Solar Beam|p2a: Heatran|[still]
|-prepare|p1a: Heatran|Solar Beam|p2a: Heatran
|-anim|p1a: Heatran|Solar Beam|p2a: Heatran
|-resisted|p2a: Heatran
|-end|p2a: Heatran|Substitute
|move|p2a: Heatran|Torment|p1a: Heatran
|-fail|p1a: Heatran
|
|-weather|SunnyDay|[upkeep]
|turn|59
|
|switch|p1a: Ninetales|Ninetales, M|176/349
|move|p2a: Heatran|Torment|p1a: Ninetales
|-start|p1a: Ninetales|Torment
|
|-weather|SunnyDay|[upkeep]
|-heal|p1a: Ninetales|197/349|[from] item: Leftovers
|turn|60
|
|switch|p2a: Tyranitar|Tyranitar, F|300/342
|-damage|p2a: Tyranitar|215/342|[from] Spikes
|-damage|p2a: Tyranitar|173/342|[from] Stealth Rock
|-weather|Sandstorm|[from] ability: Sand Stream|[of] p2a: Tyranitar
|move|p1a: Ninetales|Protect|p1a: Ninetales
|-fail|p1a: Ninetales
|
|-weather|Sandstorm|[upkeep]
|-damage|p1a: Ninetales|176/349|[from] sandstorm
|-heal|p1a: Ninetales|197/349|[from] item: Leftovers
|turn|61
|
|move|p2a: Tyranitar|Pursuit|p1a: Ninetales|[from]Pursuit
|-damage|p1a: Ninetales|46/349
|switch|p1a: Forretress|Forretress, M|169/354
|
|-weather|Sandstorm|[upkeep]
|-heal|p1a: Forretress|191/354|[from] item: Leftovers
|turn|62
|
|switch|p2a: Gliscor|Gliscor, F|206/354 tox
|-damage|p2a: Gliscor|162/354 tox|[from] Stealth Rock
|move|p1a: Forretress|Volt Switch|p2a: Gliscor
|-immune|p2a: Gliscor|[msg]
|
|-weather|Sandstorm|[upkeep]
|-heal|p1a: Forretress|213/354|[from] item: Leftovers
|-heal|p2a: Gliscor|206/354 tox|[from] ability: Poison Heal
|turn|63
|
|switch|p2a: Heatran|Heatran, F|385/385
|-damage|p2a: Heatran|289/385|[from] Spikes
|-damage|p2a: Heatran|241/385|[from] Stealth Rock
|move|p1a: Forretress|Hidden Power|p2a: Heatran
|-resisted|p2a: Heatran
|-damage|p2a: Heatran|235/385
|
|-weather|Sandstorm|[upkeep]
|-heal|p2a: Heatran|259/385|[from] item: Leftovers
|-heal|p1a: Forretress|235/354|[from] item: Leftovers
|turn|64
|
|switch|p1a: Ninetales|Ninetales, M|46/349
|-weather|SunnyDay|[from] ability: Drought|[of] p1a: Ninetales
|move|p2a: Heatran|Substitute|p2a: Heatran
|-start|p2a: Heatran|Substitute
|-damage|p2a: Heatran|163/385
|
|-weather|SunnyDay|[upkeep]
|-heal|p1a: Ninetales|67/349|[from] item: Leftovers
|-heal|p2a: Heatran|187/385|[from] item: Leftovers
|turn|65
|
|switch|p2a: Tyranitar|Tyranitar, F|173/342
|-damage|p2a: Tyranitar|88/342|[from] Spikes
|-damage|p2a: Tyranitar|46/342|[from] Stealth Rock
|-weather|Sandstorm|[from] ability: Sand Stream|[of] p2a: Tyranitar
|move|p1a: Ninetales|Protect|p1a: Ninetales
|-fail|p1a: Ninetales
|
|-weather|Sandstorm|[upkeep]
|-damage|p1a: Ninetales|46/349|[from] sandstorm
|-heal|p1a: Ninetales|67/349|[from] item: Leftovers
|turn|66
|
|move|p1a: Ninetales|Protect|p1a: Ninetales
|-singleturn|p1a: Ninetales|Protect
|move|p2a: Tyranitar|Pursuit|p1a: Ninetales
|-activate|p1a: Ninetales|Protect
|
|-weather|Sandstorm|[upkeep]
|-damage|p1a: Ninetales|46/349|[from] sandstorm
|-heal|p1a: Ninetales|67/349|[from] item: Leftovers
|turn|67
|
|move|p2a: Tyranitar|Pursuit|p1a: Ninetales
|-damage|p1a: Ninetales|0 fnt
|faint|p1a: Ninetales
|
|-weather|Sandstorm|[upkeep]
|
|switch|p1a: Forretress|Forretress, M|235/354
|turn|68
|
|move|p2a: Tyranitar|Pursuit|p1a: Forretress
|-resisted|p1a: Forretress
|-damage|p1a: Forretress|213/354
|move|p1a: Forretress|Volt Switch|p2a: Tyranitar
|-damage|p2a: Tyranitar|20/342
|
|switch|p1a: Dugtrio|Dugtrio, M|67/212
|
|-weather|Sandstorm|[upkeep]
|turn|69
|-message|bluri forfeited.
|
|win|Doudrasand
|raw|Ladder updating...
|raw|bluri's rating: 1394 &rarr; <strong>1370</strong><br />(-24 for losing)
|raw|Doudrasand's rating: 1340 &rarr; <strong>1363</strong><br />(+23 for winning)
|leave|bluri
|player|p1