|j|☆Boizeroni
|j|☆the great gazump
|t:|1707237409
|gametype|singles
|player|p1|Boizeroni|1|1371
|player|p2|the great gazump|169|1500
|teamsize|p1|6
|teamsize|p2|6
|gen|5
|tier|[Gen 5] OU
|rated|
|rule|Species Clause: Limit one of each Pokémon
|rule|OHKO Clause: OHKO moves are banned
|rule|Moody Clause: Moody is banned
|rule|Evasion Items Clause: Evasion items are banned
|rule|Evasion Moves Clause: Evasion moves are banned
|rule|Endless Battle Clause: Forcing endless battles is banned
|rule|HP Percentage Mod: HP is shown in percentages
|rule|Evasion Abilities Clause: Evasion abilities are banned
|rule|Sleep Moves Clause: Sleep-inducing moves are banned
|rule|Swagger Clause: Swagger is banned
|rule|Baton Pass Stat Clause: No Baton Passer may have a way to boost its stats
|clearpoke
|poke|p1|Darmanitan, F|item
|poke|p1|Espeon, F|item
|poke|p1|Latios, M|item
|poke|p1|Alakazam, F|item
|poke|p1|Scizor, M|item
|poke|p1|Salamence, M|item
|poke|p2|Skarmory, F|item
|poke|p2|Jellicent, F|item
|poke|p2|Tyranitar, M|item
|poke|p2|Latios, M|item
|poke|p2|Keldeo|item
|poke|p2|Alakazam, F|item
|teampreview
|inactive|Battle timer is ON: inactive players will automatically lose when time's up. (requested by Boizeroni)
|inactive|the great gazump has 120 seconds left.
|
|t:|1707237441
|start
|switch|p1a: Darmanitan|Darmanitan, F|100/100
|switch|p2a: Jellicent|Jellicent, F|100/100
|-item|p2a: Jellicent|Air Balloon
|turn|1
|
|t:|1707237449
|move|p1a: Darmanitan|U-turn|p2a: Jellicent
|-resisted|p2a: Jellicent
|-damage|p2a: Jellicent|90/100
|-enditem|p2a: Jellicent|Air Balloon
|
|t:|1707237453
|switch|p1a: Espeon|Espeon, F|100/100|[from] U-turn
|move|p2a: Jellicent|Shadow Ball|p1a: Espeon
|-supereffective|p1a: Espeon
|-damage|p1a: Espeon|32/100
|
|upkeep
|turn|2
|
|t:|1707237475
|move|p1a: Espeon|Grass Knot|p2a: Jellicent
|-supereffective|p2a: Jellicent
|-damage|p2a: Jellicent|32/100
|move|p2a: Jellicent|Shadow Ball|p1a: Espeon
|-supereffective|p1a: Espeon
|-damage|p1a: Espeon|0 fnt
|faint|p1a: Espeon
|
|upkeep
|
|t:|1707237483
|switch|p1a: Alakazam|Alakazam, F|100/100
|turn|3
|
|t:|1707237493
|switch|p2a: Skarmory|Skarmory, F|100/100
|move|p1a: Alakazam|Shadow Ball|p2a: Skarmory
|-resisted|p2a: Skarmory
|-damage|p2a: Skarmory|82/100
|-unboost|p2a: Skarmory|spd|1
|
|upkeep
|turn|4
|
|t:|1707237510
|move|p1a: Alakazam|Focus Blast|p2a: Skarmory|[miss]
|-miss|p1a: Alakazam|p2a: Skarmory
|move|p2a: Skarmory|Stealth Rock|p1a: Alakazam
|-sidestart|p1: Boizeroni|move: Stealth Rock
|
|upkeep
|turn|5
|
|t:|1707237527
|switch|p2a: Jellicent|Jellicent, F|32/100
|move|p1a: Alakazam|Focus Blast|p2a: Jellicent
|-immune|p2a: Jellicent
|
|upkeep
|turn|6
|
|t:|1707237534
|switch|p2a: Tyranitar|Tyranitar, M|100/100
|-weather|Sandstorm|[from] ability: Sand Stream|[of] p2a: Tyranitar
|move|p1a: Alakazam|Shadow Ball|p2a: Tyranitar
|-resisted|p2a: Tyranitar
|-crit|p2a: Tyranitar
|-damage|p2a: Tyranitar|86/100
|
|-weather|Sandstorm|[upkeep]
|upkeep
|turn|7
|
|t:|1707237537
|move|p1a: Alakazam|Focus Blast|p2a: Tyranitar
|-supereffective|p2a: Tyranitar
|-enditem|p2a: Tyranitar|Chople Berry|[eat]
|-enditem|p2a: Tyranitar|Chople Berry|[weaken]
|-damage|p2a: Tyranitar|45/100
|move|p2a: Tyranitar|Pursuit|p1a: Alakazam
|-supereffective|p1a: Alakazam
|-enditem|p1a: Alakazam|Focus Sash
|-damage|p1a: Alakazam|1/100
|
|-weather|Sandstorm|[upkeep]
|upkeep
|turn|8
|
|t:|1707237542
|move|p1a: Alakazam|Focus Blast|p2a: Tyranitar
|-supereffective|p2a: Tyranitar
|-damage|p2a: Tyranitar|0 fnt
|faint|p2a: Tyranitar
|
|-weather|Sandstorm|[upkeep]
|upkeep
|
|t:|1707237556
|switch|p2a: Alakazam|Alakazam, F|100/100
|turn|9
|
|t:|1707237560
|move|p1a: Alakazam|Shadow Ball|p2a: Alakazam
|-supereffective|p2a: Alakazam
|-damage|p2a: Alakazam|10/100
|move|p2a: Alakazam|Psyshock|p1a: Alakazam
|-resisted|p1a: Alakazam
|-damage|p1a: Alakazam|0 fnt
|faint|p1a: Alakazam
|
|-weather|Sandstorm|[upkeep]
|upkeep
|
|t:|1707237575
|switch|p1a: Salamence|Salamence, M|100/100
|-damage|p1a: Salamence|75/100|[from] Stealth Rock
|turn|10
|
|t:|1707237583
|move|p2a: Alakazam|Hidden Power|p1a: Salamence
|-supereffective|p1a: Salamence
|-damage|p1a: Salamence|0 fnt
|faint|p1a: Salamence
|
|-weather|Sandstorm|[upkeep]
|upkeep
|
|t:|1707237597
|switch|p1a: Darmanitan|Darmanitan, F|100/100
|-damage|p1a: Darmanitan|76/100|[from] Stealth Rock
|turn|11
|
|t:|1707237604
|move|p1a: Darmanitan|Flare Blitz|p2a: Alakazam
|-damage|p2a: Alakazam|0 fnt
|faint|p2a: Alakazam
|-damage|p1a: Darmanitan|73/100|[from] Recoil
|
|-weather|Sandstorm|[upkeep]
|-damage|p1a: Darmanitan|67/100|[from] Sandstorm
|upkeep
|
|t:|1707237614
|switch|p2a: Latios|Latios, M|100/100
|turn|12
|
|t:|1707237617
|move|p1a: Darmanitan|Flare Blitz|p2a: Latios
|-resisted|p2a: Latios
|-damage|p2a: Latios|32/100
|-damage|p1a: Darmanitan|48/100|[from] Recoil
|move|p2a: Latios|Surf|p1a: Darmanitan
|-supereffective|p1a: Darmanitan
|-damage|p1a: Darmanitan|0 fnt
|faint|p1a: Darmanitan
|
|-weather|Sandstorm|[upkeep]
|-damage|p2a: Latios|26/100|[from] Sandstorm
|upkeep
|
|t:|1707237624
|switch|p1a: Latios|Latios, M|100/100
|-damage|p1a: Latios|88/100|[from] Stealth Rock
|turn|13
|
|t:|1707237630
|move|p1a: Latios|Psychic|p2a: Latios
|-resisted|p2a: Latios
|-damage|p2a: Latios|0 fnt
|faint|p2a: Latios
|-damage|p1a: Latios|78/100|[from] item: Life Orb
|
|-weather|Sandstorm|[upkeep]
|-damage|p1a: Latios|72/100|[from] Sandstorm
|upkeep
|
|t:|1707237639
|switch|p2a: Skarmory|Skarmory, F|82/100
|turn|14
|
|t:|1707237644
|move|p1a: Latios|Thunder|p2a: Skarmory|[miss]
|-miss|p1a: Latios|p2a: Skarmory
|move|p2a: Skarmory|Brave Bird|p1a: Latios
|-damage|p1a: Latios|28/100
|-damage|p2a: Skarmory|69/100|[from] Recoil
|
|-weather|Sandstorm|[upkeep]
|-damage|p1a: Latios|22/100|[from] Sandstorm
|upkeep
|turn|15
|
|t:|1707237653
|move|p1a: Latios|Thunder|p2a: Skarmory
|-supereffective|p2a: Skarmory
|-damage|p2a: Skarmory|0 fnt
|faint|p2a: Skarmory
|-damage|p1a: Latios|12/100|[from] item: Life Orb
|
|-weather|Sandstorm|[upkeep]
|-damage|p1a: Latios|6/100|[from] Sandstorm
|upkeep
|
|t:|1707237655
|switch|p2a: Jellicent|Jellicent, F|32/100
|turn|16
|
|t:|1707237657
|move|p1a: Latios|Draco Meteor|p2a: Jellicent
|-damage|p2a: Jellicent|0 fnt
|-unboost|p1a: Latios|spa|2
|faint|p2a: Jellicent
|-damage|p1a: Latios|0 fnt|[from] item: Life Orb
|faint|p1a: Latios
|
|-weather|Sandstorm|[upkeep]
|upkeep
|
|t:|1707237661
|switch|p1a: Scizor|Scizor, M|100/100
|switch|p2a: Keldeo|Keldeo|100/100
|-damage|p1a: Scizor|88/100|[from] Stealth Rock
|turn|17
|
|t:|1707237662
|move|p2a: Keldeo|Scald|p1a: Scizor
|-damage|p1a: Scizor|38/100
|move|p1a: Scizor|Bug Bite|p2a: Keldeo
|-resisted|p2a: Keldeo
|-damage|p2a: Keldeo|73/100
|
|-weather|Sandstorm|[upkeep]
|-damage|p2a: Keldeo|67/100|[from] Sandstorm
|-heal|p2a: Keldeo|73/100|[from] item: Leftovers
|-heal|p1a: Scizor|44/100|[from] item: Leftovers
|upkeep
|turn|18
|
|t:|1707237672
|move|p2a: Keldeo|Scald|p1a: Scizor
|-damage|p1a: Scizor|0 fnt
|faint|p1a: Scizor
|
|win|the great gazump
|raw|Boizeroni's rating: 1385 &rarr; <strong>1371</strong><br />(-14 for losing)
|raw|the great gazump's rating: 1500 &rarr; <strong>1514</strong><br />(+14 for winning)
