|j|☆kingoglu
|j|☆KBR-13
|t:|1724577440
|gametype|singles
|player|p1|kingoglu|265|1314
|player|p2|KBR-13|lance|1301
|teamsize|p1|6
|teamsize|p2|6
|gen|5
|tier|[Gen 5] OU
|rated|
|rule|Species Clause: Limit one of each Pokémon
|rule|OHKO Clause: OHKO moves are banned
|rule|Moody Clause: Moody is banned
|rule|Evasion Items Clause: Evasion items are banned
|rule|Evasion Moves Clause: Evasion moves are banned
|rule|Endless Battle Clause: Forcing endless battles is banned
|rule|HP Percentage Mod: HP is shown in percentages
|rule|Evasion Abilities Clause: Evasion abilities are banned
|rule|Sleep Moves Clause: Sleep-inducing moves are banned
|rule|Swagger Clause: Swagger is banned
|rule|Baton Pass Stat Clause: No Baton Passer may have a way to boost its stats
|clearpoke
|poke|p1|Magnezone|item
|poke|p1|Excadrill, M|item
|poke|p1|Landorus-Therian, M|item
|poke|p1|Volcarona, M|item
|poke|p1|Keldeo|item
|poke|p1|Latios, M|item
|poke|p2|Magnezone|item
|poke|p2|Latios, M|item
|poke|p2|Kyurem-Black|item
|poke|p2|Salamence, M|item
|poke|p2|Latias, F|item
|poke|p2|Garchomp, M|item
|teampreview
|
|t:|1724577450
|start
|switch|p1a: Keldeo|Keldeo|100/100
|switch|p2a: Garchomp|Garchomp, M|100/100
|turn|1
|inactive|Battle timer is ON: inactive players will automatically lose when time's up. (requested by KBR-13)
|
|t:|1724577457
|move|p1a: Keldeo|Hidden Power|p2a: Garchomp
|-supereffective|p2a: Garchomp
|-enditem|p2a: Garchomp|Focus Sash
|-damage|p2a: Garchomp|1/100
|move|p2a: Garchomp|Stealth Rock|p1a: Keldeo
|-sidestart|p1: kingoglu|move: Stealth Rock
|
|upkeep
|turn|2
|
|t:|1724577470
|switch|p2a: Magnezone|Magnezone|100/100
|move|p1a: Keldeo|Secret Sword|p2a: Magnezone
|-supereffective|p2a: Magnezone
|-damage|p2a: Magnezone|6/100
|
|-heal|p2a: Magnezone|12/100|[from] item: Leftovers
|upkeep
|turn|3
|
|t:|1724577480
|move|p1a: Keldeo|Secret Sword|p2a: Magnezone
|-supereffective|p2a: Magnezone
|-damage|p2a: Magnezone|0 fnt
|faint|p2a: Magnezone
|
|upkeep
|
|t:|1724577487
|switch|p2a: Latias|Latias, F|100/100
|turn|4
|
|t:|1724577492
|switch|p1a: Excadrill|Excadrill, M|100/100
|-damage|p1a: Excadrill|97/100|[from] Stealth Rock
|-ability|p1a: Excadrill|Mold Breaker
|move|p2a: Latias|Hidden Power|p1a: Excadrill
|-supereffective|p1a: Excadrill
|-damage|p1a: Excadrill|21/100
|
|-heal|p1a: Excadrill|27/100|[from] item: Leftovers
|upkeep
|turn|5
|inactive|kingoglu has 120 seconds left.
|
|t:|1724577531
|move|p2a: Latias|Hidden Power|p1a: Excadrill
|-supereffective|p1a: Excadrill
|-damage|p1a: Excadrill|0 fnt
|faint|p1a: Excadrill
|
|upkeep
|
|t:|1724577534
|switch|p1a: Latios|Latios, M|100/100
|-damage|p1a: Latios|88/100|[from] Stealth Rock
|turn|6
|
|t:|1724577542
|move|p1a: Latios|Draco Meteor|p2a: Latias
|-supereffective|p2a: Latias
|-damage|p2a: Latias|0 fnt
|-unboost|p1a: Latios|spa|2
|faint|p2a: Latias
|
|upkeep
|
|t:|1724577549
|switch|p2a: Latios|Latios, M|100/100
|turn|7
|
|t:|1724577554
|switch|p2a: Garchomp|Garchomp, M|1/100
|switch|p1a: Magnezone|Magnezone|100/100
|-damage|p1a: Magnezone|94/100|[from] Stealth Rock
|-item|p1a: Magnezone|Air Balloon
|
|upkeep
|turn|8
|
|t:|1724577562
|move|p2a: Garchomp|Fire Fang|p1a: Magnezone
|-supereffective|p1a: Magnezone
|-damage|p1a: Magnezone|45/100
|-enditem|p1a: Magnezone|Air Balloon
|move|p1a: Magnezone|Hidden Power|p2a: Garchomp
|-resisted|p2a: Garchomp
|-damage|p2a: Garchomp|0 fnt
|faint|p2a: Garchomp
|
|upkeep
|
|t:|1724577572
|switch|p2a: Salamence|Salamence, M|100/100
|turn|9
|
|t:|1724577576
|move|p2a: Salamence|Earthquake|p1a: Magnezone
|-supereffective|p1a: Magnezone
|-damage|p1a: Magnezone|0 fnt
|faint|p1a: Magnezone
|-ability|p2a: Salamence|Moxie|boost
|-boost|p2a: Salamence|atk|1
|
|upkeep
|
|t:|1724577588
|switch|p1a: Keldeo|Keldeo|100/100
|-damage|p1a: Keldeo|94/100|[from] Stealth Rock
|turn|10
|
|t:|1724577592
|move|p2a: Salamence|Earthquake|p1a: Keldeo
|-damage|p1a: Keldeo|31/100
|move|p1a: Keldeo|Hidden Power|p2a: Salamence
|-supereffective|p2a: Salamence
|-damage|p2a: Salamence|0 fnt
|faint|p2a: Salamence
|
|-heal|p1a: Keldeo|37/100|[from] item: Leftovers
|upkeep
|
|t:|1724577602
|switch|p2a: Latios|Latios, M|100/100
|turn|11
|
|t:|1724577605
|move|p1a: Keldeo|Protect|p1a: Keldeo
|-singleturn|p1a: Keldeo|Protect
|move|p2a: Latios|Dragon Pulse|p1a: Keldeo
|-activate|p1a: Keldeo|move: Protect
|
|-heal|p1a: Keldeo|44/100|[from] item: Leftovers
|upkeep
|turn|12
|
|t:|1724577622
|switch|p1a: Landorus|Landorus-Therian, M|100/100
|-damage|p1a: Landorus|88/100|[from] Stealth Rock
|-ability|p1a: Landorus|Intimidate|boost
|-unboost|p2a: Latios|atk|1
|move|p2a: Latios|Dragon Pulse|p1a: Landorus
|-damage|p1a: Landorus|23/100
|
|-heal|p1a: Landorus|29/100|[from] item: Leftovers
|upkeep
|turn|13
|
|t:|1724577632
|move|p2a: Latios|Dragon Pulse|p1a: Landorus
|-damage|p1a: Landorus|0 fnt
|faint|p1a: Landorus
|
|upkeep
|
|t:|1724577636
|switch|p1a: Latios|Latios, M|88/100
|-damage|p1a: Latios|76/100|[from] Stealth Rock
|turn|14
|
|t:|1724577641
|move|p2a: Latios|Dragon Pulse|p1a: Latios
|-supereffective|p1a: Latios
|-damage|p1a: Latios|0 fnt
|faint|p1a: Latios
|
|upkeep
|
|t:|1724577652
|switch|p1a: Volcarona|Volcarona, M|100/100
|-damage|p1a: Volcarona|51/100|[from] Stealth Rock
|turn|15
|
|t:|1724577656
|move|p2a: Latios|Dragon Pulse|p1a: Volcarona
|-damage|p1a: Volcarona|3/100
|move|p1a: Volcarona|Quiver Dance|p1a: Volcarona
|-boost|p1a: Volcarona|spa|1
|-boost|p1a: Volcarona|spd|1
|-boost|p1a: Volcarona|spe|1
|
|-heal|p1a: Volcarona|9/100|[from] item: Leftovers
|upkeep
|turn|16
|
|t:|1724577666
|move|p2a: Latios|Dragon Pulse|p1a: Volcarona
|-damage|p1a: Volcarona|0 fnt
|faint|p1a: Volcarona
|
|upkeep
|
|t:|1724577669
|switch|p1a: Keldeo|Keldeo|44/100
|-damage|p1a: Keldeo|37/100|[from] Stealth Rock
|turn|17
|c|☆kingoglu|gg
|
|t:|1724577675
|move|p2a: Latios|Dragon Pulse|p1a: Keldeo
|-damage|p1a: Keldeo|0 fnt
|faint|p1a: Keldeo
|
|win|KBR-13
|raw|kingoglu's rating: 1314 &rarr; <strong>1293</strong><br />(-21 for losing)
|raw|KBR-13's rating: 1301 &rarr; <strong>1322</strong><br />(+21 for winning)
|l|☆kingoglu
|player|p1|
