|j|☆Croaset
|j|☆akxhdwy
|t:|1728523143
|gametype|singles
|player|p1|Croaset|elesa|1411
|player|p2|akxhdwy|169|1323
|teamsize|p1|6
|teamsize|p2|6
|gen|5
|tier|[Gen 5] OU
|rated|
|rule|Species Clause: Limit one of each Pokémon
|rule|OHKO Clause: OHKO moves are banned
|rule|Moody Clause: Moody is banned
|rule|Evasion Items Clause: Evasion items are banned
|rule|Evasion Moves Clause: Evasion moves are banned
|rule|Endless Battle Clause: Forcing endless battles is banned
|rule|HP Percentage Mod: HP is shown in percentages
|rule|Evasion Abilities Clause: Evasion abilities are banned
|rule|Sleep Moves Clause: Sleep-inducing moves are banned
|rule|Swagger Clause: Swagger is banned
|rule|Baton Pass Stat Clause: No Baton Passer may have a way to boost its stats
|clearpoke
|poke|p1|Reuniclus, F|item
|poke|p1|Skarmory, F|item
|poke|p1|Latios, M|item
|poke|p1|Tyranitar, F|item
|poke|p1|Cofagrigus, F|item
|poke|p1|Latias, F|item
|poke|p2|Tyranitar, M|item
|poke|p2|Skarmory, F|item
|poke|p2|Gastrodon, F|item
|poke|p2|Reuniclus, F|item
|poke|p2|Alakazam, F|item
|poke|p2|Gliscor, M|item
|teampreview
|inactive|Battle timer is ON: inactive players will automatically lose when time's up. (requested by akxhdwy)
|
|t:|1728523153
|start
|switch|p1a: Skarmory|Skarmory, F|100/100
|switch|p2a: Gliscor|Gliscor, M|100/100
|turn|1
|
|t:|1728523157
|move|p2a: Gliscor|Stealth Rock|p1a: Skarmory
|-sidestart|p1: Croaset|move: Stealth Rock
|move|p1a: Skarmory|Stealth Rock|p2a: Gliscor
|-sidestart|p2: akxhdwy|move: Stealth Rock
|
|-status|p2a: Gliscor|tox|[from] item: Toxic Orb
|upkeep
|turn|2
|
|t:|1728523162
|move|p2a: Gliscor|Knock Off|p1a: Skarmory
|-resisted|p1a: Skarmory
|-damage|p1a: Skarmory|99/100
|-enditem|p1a: Skarmory|Leftovers|[from] move: Knock Off|[of] p2a: Gliscor
|move|p1a: Skarmory|Spikes|p2a: Gliscor
|-sidestart|p2: akxhdwy|Spikes
|
|upkeep
|turn|3
|
|t:|1728523168
|switch|p2a: Skarmory|Skarmory, F|100/100
|-damage|p2a: Skarmory|88/100|[from] Stealth Rock
|move|p1a: Skarmory|Spikes|p2a: Skarmory
|-sidestart|p2: akxhdwy|Spikes
|
|-heal|p2a: Skarmory|94/100|[from] item: Leftovers
|upkeep
|turn|4
|
|t:|1728523171
|move|p1a: Skarmory|Spikes|p2a: Skarmory
|-sidestart|p2: akxhdwy|Spikes
|move|p2a: Skarmory|Spikes|p1a: Skarmory
|-sidestart|p1: Croaset|Spikes
|
|-heal|p2a: Skarmory|99/100|[from] item: Leftovers
|upkeep
|turn|5
|
|t:|1728523175
|move|p2a: Skarmory|Spikes|p1a: Skarmory
|-sidestart|p1: Croaset|Spikes
|move|p1a: Skarmory|Whirlwind|p2a: Skarmory
|drag|p2a: Tyranitar|Tyranitar, M|100/100
|-damage|p2a: Tyranitar|88/100|[from] Stealth Rock
|-damage|p2a: Tyranitar|63/100|[from] Spikes
|-weather|Sandstorm|[from] ability: Sand Stream|[of] p2a: Tyranitar
|
|-weather|Sandstorm|[upkeep]
|upkeep
|turn|6
|
|t:|1728523181
|move|p2a: Tyranitar|Fire Blast|p1a: Skarmory
|-supereffective|p1a: Skarmory
|-damage|p1a: Skarmory|28/100
|move|p1a: Skarmory|Whirlwind|p2a: Tyranitar
|drag|p2a: Gliscor|Gliscor, M|100/100 tox
|-damage|p2a: Gliscor|88/100 tox|[from] Stealth Rock
|
|-weather|Sandstorm|[upkeep]
|-heal|p2a: Gliscor|100/100 tox|[from] ability: Poison Heal
|upkeep
|turn|7
|
|t:|1728523190
|switch|p2a: Skarmory|Skarmory, F|99/100
|-damage|p2a: Skarmory|88/100|[from] Stealth Rock
|move|p1a: Skarmory|Roost|p1a: Skarmory
|-heal|p1a: Skarmory|78/100
|-singleturn|p1a: Skarmory|move: Roost
|
|-weather|Sandstorm|[upkeep]
|-heal|p2a: Skarmory|94/100|[from] item: Leftovers
|upkeep
|turn|8
|
|t:|1728523193
|move|p2a: Skarmory|Spikes|p1a: Skarmory
|-sidestart|p1: Croaset|Spikes
|move|p1a: Skarmory|Roost|p1a: Skarmory
|-heal|p1a: Skarmory|100/100
|-singleturn|p1a: Skarmory|move: Roost
|
|-weather|Sandstorm|[upkeep]
|-heal|p2a: Skarmory|99/100|[from] item: Leftovers
|upkeep
|turn|9
|
|t:|1728523196
|move|p2a: Skarmory|Whirlwind|p1a: Skarmory
|drag|p1a: Latias|Latias, F|100/100
|-damage|p1a: Latias|88/100|[from] Stealth Rock
|
|-weather|Sandstorm|[upkeep]
|-damage|p1a: Latias|82/100|[from] Sandstorm
|-heal|p1a: Latias|88/100|[from] item: Leftovers
|-heal|p2a: Skarmory|100/100|[from] item: Leftovers
|upkeep
|turn|10
|
|t:|1728523201
|switch|p2a: Tyranitar|Tyranitar, M|63/100
|-damage|p2a: Tyranitar|51/100|[from] Stealth Rock
|-damage|p2a: Tyranitar|26/100|[from] Spikes
|move|p1a: Latias|Thunder Wave|p2a: Tyranitar
|-status|p2a: Tyranitar|par
|
|-weather|Sandstorm|[upkeep]
|-damage|p1a: Latias|82/100|[from] Sandstorm
|-heal|p1a: Latias|88/100|[from] item: Leftovers
|upkeep
|turn|11
|
|t:|1728523207
|move|p1a: Latias|Calm Mind|p1a: Latias
|-boost|p1a: Latias|spa|1
|-boost|p1a: Latias|spd|1
|move|p2a: Tyranitar|Pursuit|p1a: Latias
|-supereffective|p1a: Latias
|-damage|p1a: Latias|43/100
|
|-weather|Sandstorm|[upkeep]
|-damage|p1a: Latias|37/100|[from] Sandstorm
|-heal|p1a: Latias|43/100|[from] item: Leftovers
|upkeep
|turn|12
|
|t:|1728523211
|move|p1a: Latias|Dragon Pulse|p2a: Tyranitar
|-crit|p2a: Tyranitar
|-damage|p2a: Tyranitar|0 fnt
|faint|p2a: Tyranitar
|
|-weather|Sandstorm|[upkeep]
|-damage|p1a: Latias|37/100|[from] Sandstorm
|-heal|p1a: Latias|43/100|[from] item: Leftovers
|upkeep
|
|t:|1728523216
|switch|p2a: Alakazam|Alakazam, F|100/100
|turn|13
|
|t:|1728523219
|move|p2a: Alakazam|Signal Beam|p1a: Latias
|-supereffective|p1a: Latias
|-damage|p1a: Latias|18/100
|move|p1a: Latias|Thunder Wave|p2a: Alakazam
|-status|p2a: Alakazam|par
|
|-weather|Sandstorm|[upkeep]
|-damage|p1a: Latias|12/100|[from] Sandstorm
|-heal|p1a: Latias|18/100|[from] item: Leftovers
|upkeep
|turn|14
|
|t:|1728523228
|move|p1a: Latias|Recover|p1a: Latias
|-heal|p1a: Latias|68/100
|cant|p2a: Alakazam|par
|
|-weather|Sandstorm|[upkeep]
|-damage|p1a: Latias|62/100|[from] Sandstorm
|-heal|p1a: Latias|68/100|[from] item: Leftovers
|upkeep
|turn|15
|
|t:|1728523230
|switch|p2a: Gastrodon|Gastrodon, F|100/100
|-damage|p2a: Gastrodon|94/100|[from] Stealth Rock
|-damage|p2a: Gastrodon|70/100|[from] Spikes
|move|p1a: Latias|Recover|p1a: Latias
|-heal|p1a: Latias|100/100
|
|-weather|Sandstorm|[upkeep]
|-damage|p1a: Latias|94/100|[from] Sandstorm
|-heal|p1a: Latias|100/100|[from] item: Leftovers
|-heal|p2a: Gastrodon|76/100|[from] item: Leftovers
|upkeep
|turn|16
|
|t:|1728523233
|move|p1a: Latias|Calm Mind|p1a: Latias
|-boost|p1a: Latias|spa|1
|-boost|p1a: Latias|spd|1
|move|p2a: Gastrodon|Toxic|p1a: Latias
|-status|p1a: Latias|tox
|
|-weather|Sandstorm|[upkeep]
|-damage|p1a: Latias|94/100 tox|[from] Sandstorm
|-heal|p1a: Latias|100/100 tox|[from] item: Leftovers
|-heal|p2a: Gastrodon|82/100|[from] item: Leftovers
|-damage|p1a: Latias|94/100 tox|[from] psn
|upkeep
|turn|17
|
|t:|1728523236
|move|p1a: Latias|Calm Mind|p1a: Latias
|-boost|p1a: Latias|spa|1
|-boost|p1a: Latias|spd|1
|move|p2a: Gastrodon|Recover|p2a: Gastrodon
|-heal|p2a: Gastrodon|100/100
|
|-weather|Sandstorm|[upkeep]
|-damage|p1a: Latias|88/100 tox|[from] Sandstorm
|-heal|p1a: Latias|94/100 tox|[from] item: Leftovers
|-damage|p1a: Latias|82/100 tox|[from] psn
|upkeep
|turn|18
|
|t:|1728523241
|move|p1a: Latias|Calm Mind|p1a: Latias
|-boost|p1a: Latias|spa|1
|-boost|p1a: Latias|spd|1
|move|p2a: Gastrodon|Ice Beam|p1a: Latias
|-supereffective|p1a: Latias
|-damage|p1a: Latias|72/100 tox
|
|-weather|Sandstorm|[upkeep]
|-damage|p1a: Latias|66/100 tox|[from] Sandstorm
|-heal|p1a: Latias|72/100 tox|[from] item: Leftovers
|-damage|p1a: Latias|54/100 tox|[from] psn
|upkeep
|turn|19
|
|t:|1728523244
|move|p1a: Latias|Recover|p1a: Latias
|-heal|p1a: Latias|100/100 tox
|move|p2a: Gastrodon|Recover||[still]
|-fail|p2a: Gastrodon|heal
|
|-weather|Sandstorm|[upkeep]
|-damage|p1a: Latias|94/100 tox|[from] Sandstorm
|-heal|p1a: Latias|100/100 tox|[from] item: Leftovers
|-damage|p1a: Latias|76/100 tox|[from] psn
|upkeep
|turn|20
|
|t:|1728523247
|move|p1a: Latias|Dragon Pulse|p2a: Gastrodon
|-damage|p2a: Gastrodon|11/100
|move|p2a: Gastrodon|Ice Beam|p1a: Latias
|-supereffective|p1a: Latias
|-damage|p1a: Latias|65/100 tox
|
|-weather|Sandstorm|[upkeep]
|-damage|p1a: Latias|59/100 tox|[from] Sandstorm
|-heal|p1a: Latias|65/100 tox|[from] item: Leftovers
|-heal|p2a: Gastrodon|17/100|[from] item: Leftovers
|-damage|p1a: Latias|35/100 tox|[from] psn
|upkeep
|turn|21
|
|t:|1728523250
|move|p1a: Latias|Dragon Pulse|p2a: Gastrodon
|-damage|p2a: Gastrodon|0 fnt
|faint|p2a: Gastrodon
|
|-weather|Sandstorm|[upkeep]
|-damage|p1a: Latias|29/100 tox|[from] Sandstorm
|-heal|p1a: Latias|35/100 tox|[from] item: Leftovers
|-damage|p1a: Latias|0 fnt|[from] psn
|faint|p1a: Latias
|upkeep
|
|t:|1728523270
|switch|p1a: Skarmory|Skarmory, F|100/100
|switch|p2a: Gliscor|Gliscor, M|100/100 tox
|-damage|p2a: Gliscor|88/100 tox|[from] Stealth Rock
|-damage|p1a: Skarmory|88/100|[from] Stealth Rock
|turn|22
|
|t:|1728523275
|move|p2a: Gliscor|Knock Off|p1a: Skarmory
|-resisted|p1a: Skarmory
|-damage|p1a: Skarmory|87/100
|move|p1a: Skarmory|Roost|p1a: Skarmory
|-heal|p1a: Skarmory|100/100
|-singleturn|p1a: Skarmory|move: Roost
|
|-weather|Sandstorm|[upkeep]
|-heal|p2a: Gliscor|100/100 tox|[from] ability: Poison Heal
|upkeep
|turn|23
|
|t:|1728523277
|move|p2a: Gliscor|Knock Off|p1a: Skarmory
|-resisted|p1a: Skarmory
|-damage|p1a: Skarmory|99/100
|move|p1a: Skarmory|Whirlwind|p2a: Gliscor
|drag|p2a: Skarmory|Skarmory, F|100/100
|-damage|p2a: Skarmory|88/100|[from] Stealth Rock
|
|-weather|Sandstorm|[upkeep]
|-heal|p2a: Skarmory|94/100|[from] item: Leftovers
|upkeep
|turn|24
|
|t:|1728523282
|move|p2a: Skarmory|Brave Bird|p1a: Skarmory
|-resisted|p1a: Skarmory
|-damage|p1a: Skarmory|89/100
|-damage|p2a: Skarmory|91/100|[from] Recoil
|move|p1a: Skarmory|Whirlwind|p2a: Skarmory
|drag|p2a: Alakazam|Alakazam, F|100/100 par
|
|-weather|Sandstorm|[upkeep]
|upkeep
|turn|25
|
|t:|1728523292
|cant|p2a: Alakazam|par
|move|p1a: Skarmory|Whirlwind|p2a: Alakazam
|drag|p2a: Reuniclus|Reuniclus, F|100/100
|
|-weather|Sandstorm|[upkeep]
|upkeep
|turn|26
|
|t:|1728523300
|move|p2a: Reuniclus|Calm Mind|p2a: Reuniclus
|-boost|p2a: Reuniclus|spa|1
|-boost|p2a: Reuniclus|spd|1
|move|p1a: Skarmory|Whirlwind|p2a: Reuniclus
|drag|p2a: Skarmory|Skarmory, F|91/100
|-damage|p2a: Skarmory|79/100|[from] Stealth Rock
|
|-weather|Sandstorm|[upkeep]
|-heal|p2a: Skarmory|85/100|[from] item: Leftovers
|upkeep
|turn|27
|
|t:|1728523310
|switch|p1a: Cofagrigus|Cofagrigus, F, shiny|100/100
|-damage|p1a: Cofagrigus|88/100|[from] Stealth Rock
|-damage|p1a: Cofagrigus|63/100|[from] Spikes
|move|p2a: Skarmory|Brave Bird|p1a: Cofagrigus
|-damage|p1a: Cofagrigus|43/100
|-activate|p1a: Cofagrigus|ability: Mummy|Sturdy|[of] p2a: Skarmory
|-damage|p2a: Skarmory|78/100|[from] Recoil
|
|-weather|Sandstorm|[upkeep]
|-damage|p1a: Cofagrigus|37/100|[from] Sandstorm
|-heal|p2a: Skarmory|84/100|[from] item: Leftovers
|-heal|p1a: Cofagrigus|43/100|[from] item: Leftovers
|upkeep
|turn|28
|
|t:|1728523323
|switch|p2a: Gliscor|Gliscor, M|100/100 tox
|-damage|p2a: Gliscor|88/100 tox|[from] Stealth Rock
|move|p1a: Cofagrigus|Knock Off|p2a: Gliscor
|-damage|p2a: Gliscor|86/100 tox
|-enditem|p2a: Gliscor|Toxic Orb|[from] move: Knock Off|[of] p1a: Cofagrigus
|
|-weather|Sandstorm|[upkeep]
|-damage|p1a: Cofagrigus|37/100|[from] Sandstorm
|-heal|p1a: Cofagrigus|43/100|[from] item: Leftovers
|-heal|p2a: Gliscor|98/100 tox|[from] ability: Poison Heal
|upkeep
|turn|29
|
|t:|1728523326
|switch|p1a: Skarmory|Skarmory, F|89/100
|-damage|p1a: Skarmory|77/100|[from] Stealth Rock
|move|p2a: Gliscor|Earthquake|p1a: Skarmory
|-immune|p1a: Skarmory
|
|-weather|Sandstorm|[upkeep]
|-heal|p2a: Gliscor|100/100 tox|[from] ability: Poison Heal
|upkeep
|turn|30
|
|t:|1728523330
|switch|p2a: Reuniclus|Reuniclus, F|100/100
|move|p1a: Skarmory|Roost|p1a: Skarmory
|-heal|p1a: Skarmory|100/100
|-singleturn|p1a: Skarmory|move: Roost
|
|-weather|Sandstorm|[upkeep]
|upkeep
|turn|31
|
|t:|1728523334
|move|p2a: Reuniclus|Focus Blast|p1a: Skarmory
|-damage|p1a: Skarmory|54/100
|move|p1a: Skarmory|Whirlwind|p2a: Reuniclus
|drag|p2a: Gliscor|Gliscor, M|100/100 tox
|-damage|p2a: Gliscor|88/100 tox|[from] Stealth Rock
|
|-weather|Sandstorm|[upkeep]
|-heal|p2a: Gliscor|100/100 tox|[from] ability: Poison Heal
|upkeep
|turn|32
|
|t:|1728523344
|switch|p2a: Reuniclus|Reuniclus, F|100/100
|move|p1a: Skarmory|Roost|p1a: Skarmory
|-heal|p1a: Skarmory|100/100
|-singleturn|p1a: Skarmory|move: Roost
|
|-weather|Sandstorm|[upkeep]
|upkeep
|turn|33
|
|t:|1728523346
|switch|p1a: Cofagrigus|Cofagrigus, F, shiny|43/100
|-damage|p1a: Cofagrigus|31/100|[from] Stealth Rock
|-damage|p1a: Cofagrigus|6/100|[from] Spikes
|move|p2a: Reuniclus|Calm Mind|p2a: Reuniclus
|-boost|p2a: Reuniclus|spa|1
|-boost|p2a: Reuniclus|spd|1
|
|-weather|Sandstorm|[upkeep]
|-damage|p1a: Cofagrigus|0 fnt|[from] Sandstorm
|faint|p1a: Cofagrigus
|upkeep
|
|t:|1728523361
|switch|p1a: Latios|Latios, M|100/100
|-damage|p1a: Latios|88/100|[from] Stealth Rock
|turn|34
|j| Thugnite
|
|t:|1728523368
|switch|p2a: Alakazam|Alakazam, F|100/100 par
|move|p1a: Latios|Thunder Wave|p2a: Alakazam
|-fail|p2a: Alakazam|par
|
|-weather|Sandstorm|[upkeep]
|-damage|p1a: Latios|82/100|[from] Sandstorm
|upkeep
|turn|35
|l|thugnite
|
|t:|1728523374
|switch|p1a: Skarmory|Skarmory, F|100/100
|-damage|p1a: Skarmory|88/100|[from] Stealth Rock
|move|p2a: Alakazam|Signal Beam|p1a: Skarmory
|-resisted|p1a: Skarmory
|-damage|p1a: Skarmory|80/100
|
|-weather|Sandstorm|[upkeep]
|upkeep
|turn|36
|
|t:|1728523379
|move|p1a: Skarmory|Roost|p1a: Skarmory
|-heal|p1a: Skarmory|100/100
|-singleturn|p1a: Skarmory|move: Roost
|move|p2a: Alakazam|Focus Blast|p1a: Skarmory|[miss]
|-miss|p2a: Alakazam|p1a: Skarmory
|
|-weather|Sandstorm|[upkeep]
|upkeep
|turn|37
|
|t:|1728523389
|switch|p1a: Latios|Latios, M|82/100
|-damage|p1a: Latios|70/100|[from] Stealth Rock
|move|p2a: Alakazam|Focus Blast|p1a: Latios|[miss]
|-miss|p2a: Alakazam|p1a: Latios
|
|-weather|Sandstorm|[upkeep]
|-damage|p1a: Latios|64/100|[from] Sandstorm
|upkeep
|turn|38
|
|t:|1728523393
|move|p1a: Latios|Surf|p2a: Alakazam
|-damage|p2a: Alakazam|50/100 par
|move|p2a: Alakazam|Signal Beam|p1a: Latios
|-supereffective|p1a: Latios
|-damage|p1a: Latios|9/100
|
|-weather|Sandstorm|[upkeep]
|-damage|p1a: Latios|3/100|[from] Sandstorm
|upkeep
|turn|39
|
|t:|1728523407
|move|p1a: Latios|Surf|p2a: Alakazam
|-damage|p2a: Alakazam|0 fnt
|faint|p2a: Alakazam
|
|-weather|Sandstorm|[upkeep]
|-damage|p1a: Latios|0 fnt|[from] Sandstorm
|faint|p1a: Latios
|upkeep
|
|t:|1728523414
|switch|p2a: Gliscor|Gliscor, M|100/100 tox
|switch|p1a: Skarmory|Skarmory, F|100/100
|-damage|p2a: Gliscor|88/100 tox|[from] Stealth Rock
|-damage|p1a: Skarmory|88/100|[from] Stealth Rock
|turn|40
|
|t:|1728523422
|move|p2a: Gliscor|Knock Off|p1a: Skarmory
|-resisted|p1a: Skarmory
|-damage|p1a: Skarmory|87/100
|move|p1a: Skarmory|Whirlwind|p2a: Gliscor
|drag|p2a: Skarmory|Skarmory, F|84/100
|-damage|p2a: Skarmory|72/100|[from] Stealth Rock
|
|-weather|Sandstorm|[upkeep]
|-heal|p2a: Skarmory|78/100|[from] item: Leftovers
|upkeep
|turn|41
|
|t:|1728523428
|move|p2a: Skarmory|Brave Bird|p1a: Skarmory
|-resisted|p1a: Skarmory
|-damage|p1a: Skarmory|76/100
|-damage|p2a: Skarmory|74/100|[from] Recoil
|move|p1a: Skarmory|Roost|p1a: Skarmory
|-heal|p1a: Skarmory|100/100
|-singleturn|p1a: Skarmory|move: Roost
|
|-weather|Sandstorm|[upkeep]
|-heal|p2a: Skarmory|80/100|[from] item: Leftovers
|upkeep
|turn|42
|
|t:|1728523431
|move|p2a: Skarmory|Brave Bird|p1a: Skarmory
|-resisted|p1a: Skarmory
|-damage|p1a: Skarmory|91/100
|-damage|p2a: Skarmory|77/100|[from] Recoil
|move|p1a: Skarmory|Whirlwind|p2a: Skarmory
|drag|p2a: Reuniclus|Reuniclus, F|100/100
|
|-weather|Sandstorm|[upkeep]
|upkeep
|turn|43
|
|t:|1728523435
|switch|p1a: Tyranitar|Tyranitar, F|100/100
|-damage|p1a: Tyranitar|88/100|[from] Stealth Rock
|-damage|p1a: Tyranitar|63/100|[from] Spikes
|move|p2a: Reuniclus|Calm Mind|p2a: Reuniclus
|-boost|p2a: Reuniclus|spa|1
|-boost|p2a: Reuniclus|spd|1
|
|-weather|Sandstorm|[upkeep]
|upkeep
|turn|44
|
|t:|1728523441
|move|p1a: Tyranitar|Pursuit|p2a: Reuniclus
|-supereffective|p2a: Reuniclus
|-crit|p2a: Reuniclus
|-damage|p2a: Reuniclus|49/100
|move|p2a: Reuniclus|Focus Blast|p1a: Tyranitar
|-supereffective|p1a: Tyranitar
|-enditem|p1a: Tyranitar|Chople Berry|[eat]
|-enditem|p1a: Tyranitar|Chople Berry|[weaken]
|-damage|p1a: Tyranitar|19/100
|
|-weather|Sandstorm|[upkeep]
|-heal|p2a: Reuniclus|55/100|[from] item: Leftovers
|upkeep
|turn|45
|
|t:|1728523446
|move|p1a: Tyranitar|Thunder Wave|p2a: Reuniclus
|-status|p2a: Reuniclus|par
|cant|p2a: Reuniclus|par
|
|-weather|Sandstorm|[upkeep]
|-heal|p2a: Reuniclus|61/100 par|[from] item: Leftovers
|upkeep
|turn|46
|
|t:|1728523452
|-activate|p2a: Reuniclus|move: Pursuit
|move|p1a: Tyranitar|Pursuit|p2a: Reuniclus|[from]Pursuit
|-supereffective|p2a: Reuniclus
|-crit|p2a: Reuniclus
|-damage|p2a: Reuniclus|0 fnt
|faint|p2a: Reuniclus
|-hint|A Pokemon can't switch between when it runs out of HP and when it faints
|
|-weather|Sandstorm|[upkeep]
|upkeep
|-message|akxhdwy forfeited.
|
|win|Croaset
|raw|Croaset's rating: 1411 &rarr; <strong>1426</strong><br />(+15 for winning)
|raw|akxhdwy's rating: 1323 &rarr; <strong>1308</strong><br />(-15 for losing)
|l|☆akxhdwy
|player|p2|
