|j|☆beradonna
|j|☆tr in b&w
|t:|1732331684
|gametype|singles
|player|p1|beradonna|serena-masters|1392
|player|p2|tr in b&w|170|1320
|teamsize|p1|6
|teamsize|p2|6
|gen|5
|tier|[Gen 5] OU
|rated|
|rule|Species Clause: Limit one of each Pokémon
|rule|OHKO Clause: OHKO moves are banned
|rule|Moody Clause: Moody is banned
|rule|Evasion Items Clause: Evasion items are banned
|rule|Evasion Moves Clause: Evasion moves are banned
|rule|Endless Battle Clause: Forcing endless battles is banned
|rule|HP Percentage Mod: HP is shown in percentages
|rule|Evasion Abilities Clause: Evasion abilities are banned
|rule|Sleep Moves Clause: Sleep-inducing moves are banned
|rule|Swagger Clause: Swagger is banned
|rule|Baton Pass Stat Clause: No Baton Passer may have a way to boost its stats
|clearpoke
|poke|p1|Tyranitar, M|item
|poke|p1|Latios, M|item
|poke|p1|Rotom-Wash|item
|poke|p1|Landorus-Therian, M|item
|poke|p1|Conkeldurr, F|item
|poke|p1|Jirachi|item
|poke|p2|Jellicent, F|item
|poke|p2|Reuniclus, M|item
|poke|p2|Ferrothorn, M|item
|poke|p2|Mesprit|item
|poke|p2|Heatran, F|item
|poke|p2|Rhyperior, F|item
|teampreview
|inactive|Battle timer is ON: inactive players will automatically lose when time's up. (requested by beradonna)
|inactive|beradonna has 120 seconds left.
|inactive|tr in b&w has 120 seconds left.
|
|t:|1732331718
|start
|switch|p1a: Landorus|Landorus-Therian, M|100/100
|switch|p2a: Ferrothorn|Ferrothorn, M|100/100
|-ability|p1a: Landorus|Intimidate|boost
|-unboost|p2a: Ferrothorn|atk|1
|turn|1
|
|t:|1732331729
|move|p1a: Landorus|Stealth Rock|p2a: Ferrothorn
|-sidestart|p2: tr in b&w|move: Stealth Rock
|move|p2a: Ferrothorn|Stealth Rock|p1a: Landorus
|-sidestart|p1: beradonna|move: Stealth Rock
|
|upkeep
|turn|2
|
|t:|1732331731
|move|p1a: Landorus|U-turn|p2a: Ferrothorn
|-damage|p2a: Ferrothorn|85/100
|-damage|p1a: Landorus|88/100|[from] ability: Iron Barbs|[of] p2a: Ferrothorn
|
|t:|1732331733
|switch|p1a: El Jefe|Conkeldurr, F, shiny|100/100|[from] U-turn
|-damage|p1a: El Jefe|94/100|[from] Stealth Rock
|move|p2a: Ferrothorn|Spikes|p1a: El Jefe
|-sidestart|p1: beradonna|Spikes
|
|-heal|p1a: El Jefe|100/100|[from] item: Leftovers
|upkeep
|turn|3
|inactive|tr in b&w has 120 seconds left.
|
|t:|1732331786
|switch|p2a: Reuniclus|Reuniclus, M|100/100
|move|p1a: El Jefe|Bulk Up|p1a: El Jefe
|-boost|p1a: El Jefe|atk|1
|-boost|p1a: El Jefe|def|1
|
|upkeep
|turn|4
|inactive|beradonna has 120 seconds left.
|
|t:|1732331816
|switch|p1a: Tyranitar|Tyranitar, M|100/100
|-damage|p1a: Tyranitar|88/100|[from] Stealth Rock
|-damage|p1a: Tyranitar|76/100|[from] Spikes
|-weather|Sandstorm|[from] ability: Sand Stream|[of] p1a: Tyranitar
|move|p2a: Reuniclus|Psychic|p1a: Tyranitar
|-immune|p1a: Tyranitar
|
|-weather|Sandstorm|[upkeep]
|upkeep
|turn|5
|
|t:|1732331837
|switch|p2a: Ferrothorn|Ferrothorn, M|85/100
|-damage|p2a: Ferrothorn|79/100|[from] Stealth Rock
|move|p1a: Tyranitar|Crunch|p2a: Ferrothorn
|-resisted|p2a: Ferrothorn
|-damage|p2a: Ferrothorn|62/100
|-damage|p1a: Tyranitar|63/100|[from] ability: Iron Barbs|[of] p2a: Ferrothorn
|
|-weather|Sandstorm|[upkeep]
|upkeep
|turn|6
|inactive|beradonna has 120 seconds left.
|inactive|beradonna has 90 seconds left.
|
|t:|1732331892
|move|p1a: Tyranitar|Crunch|p2a: Ferrothorn
|-resisted|p2a: Ferrothorn
|-crit|p2a: Ferrothorn
|-damage|p2a: Ferrothorn|30/100
|-unboost|p2a: Ferrothorn|def|1
|-damage|p1a: Tyranitar|51/100|[from] ability: Iron Barbs|[of] p2a: Ferrothorn
|move|p2a: Ferrothorn|Gyro Ball|p1a: Tyranitar
|-supereffective|p1a: Tyranitar
|-damage|p1a: Tyranitar|0 fnt
|faint|p1a: Tyranitar
|
|-weather|Sandstorm|[upkeep]
|upkeep
|inactive|beradonna has 90 seconds left.
|
|t:|1732331903
|switch|p1a: Landorus|Landorus-Therian, M|88/100
|-damage|p1a: Landorus|76/100|[from] Stealth Rock
|-ability|p1a: Landorus|Intimidate|boost
|-unboost|p2a: Ferrothorn|atk|1
|turn|7
|
|t:|1732331911
|switch|p2a: Jellicent|Jellicent, F|100/100
|-damage|p2a: Jellicent|88/100|[from] Stealth Rock
|-item|p2a: Jellicent|Air Balloon
|move|p1a: Landorus|U-turn|p2a: Jellicent
|-resisted|p2a: Jellicent
|-damage|p2a: Jellicent|77/100
|-enditem|p2a: Jellicent|Air Balloon
|inactive|beradonna has 90 seconds left.
|
|t:|1732331923
|switch|p1a: Rotom|Rotom-Wash|100/100|[from] U-turn
|-damage|p1a: Rotom|88/100|[from] Stealth Rock
|
|-weather|Sandstorm|[upkeep]
|-damage|p1a: Rotom|82/100|[from] Sandstorm
|-damage|p2a: Jellicent|71/100|[from] Sandstorm
|-heal|p1a: Rotom|88/100|[from] item: Leftovers
|upkeep
|turn|8
|inactive|tr in b&w has 120 seconds left.
|
|t:|1732331928
|move|p1a: Rotom|Volt Switch|p2a: Jellicent
|-supereffective|p2a: Jellicent
|-damage|p2a: Jellicent|33/100
|inactive|beradonna has 90 seconds left.
|
|t:|1732331947
|switch|p1a: El Jefe|Conkeldurr, F, shiny|100/100|[from] Volt Switch
|-damage|p1a: El Jefe|94/100|[from] Stealth Rock
|-damage|p1a: El Jefe|82/100|[from] Spikes
|move|p2a: Jellicent|Recover|p2a: Jellicent
|-heal|p2a: Jellicent|83/100
|
|-weather|Sandstorm|[upkeep]
|-damage|p1a: El Jefe|76/100|[from] Sandstorm
|-damage|p2a: Jellicent|77/100|[from] Sandstorm
|-heal|p1a: El Jefe|82/100|[from] item: Leftovers
|upkeep
|turn|9
|inactive|tr in b&w has 120 seconds left.
|
|t:|1732331962
|move|p1a: El Jefe|Bulk Up|p1a: El Jefe
|-boost|p1a: El Jefe|atk|1
|-boost|p1a: El Jefe|def|1
|move|p2a: Jellicent|Will-O-Wisp|p1a: El Jefe|[miss]
|-miss|p2a: Jellicent|p1a: El Jefe
|
|-weather|Sandstorm|[upkeep]
|-damage|p1a: El Jefe|76/100|[from] Sandstorm
|-damage|p2a: Jellicent|71/100|[from] Sandstorm
|-heal|p1a: El Jefe|82/100|[from] item: Leftovers
|upkeep
|turn|10
|inactive|tr in b&w has 120 seconds left.
|inactive|beradonna has 90 seconds left.
|
|t:|1732331992
|move|p1a: El Jefe|Bulk Up|p1a: El Jefe
|-boost|p1a: El Jefe|atk|1
|-boost|p1a: El Jefe|def|1
|move|p2a: Jellicent|Trick Room|p2a: Jellicent
|-fieldstart|move: Trick Room|[of] p2a: Jellicent
|
|-weather|Sandstorm|[upkeep]
|-damage|p2a: Jellicent|65/100|[from] Sandstorm
|-damage|p1a: El Jefe|76/100|[from] Sandstorm
|-heal|p1a: El Jefe|82/100|[from] item: Leftovers
|upkeep
|turn|11
|
|t:|1732331995
|move|p2a: Jellicent|Will-O-Wisp|p1a: El Jefe
|-status|p1a: El Jefe|brn
|move|p1a: El Jefe|Ice Punch|p2a: Jellicent
|-resisted|p2a: Jellicent
|-damage|p2a: Jellicent|27/100
|
|-weather|Sandstorm|[upkeep]
|-damage|p2a: Jellicent|21/100|[from] Sandstorm
|-damage|p1a: El Jefe|76/100 brn|[from] Sandstorm
|-heal|p1a: El Jefe|82/100 brn|[from] item: Leftovers
|-damage|p1a: El Jefe|70/100 brn|[from] brn
|upkeep
|turn|12
|
|t:|1732332003
|move|p2a: Jellicent|Recover|p2a: Jellicent
|-heal|p2a: Jellicent|71/100
|move|p1a: El Jefe|Bulk Up|p1a: El Jefe
|-boost|p1a: El Jefe|atk|1
|-boost|p1a: El Jefe|def|1
|
|-weather|Sandstorm|[upkeep]
|-damage|p2a: Jellicent|65/100|[from] Sandstorm
|-damage|p1a: El Jefe|64/100 brn|[from] Sandstorm
|-heal|p1a: El Jefe|70/100 brn|[from] item: Leftovers
|-damage|p1a: El Jefe|57/100 brn|[from] brn
|upkeep
|turn|13
|
|t:|1732332007
|move|p2a: Jellicent|Recover|p2a: Jellicent
|-heal|p2a: Jellicent|100/100
|move|p1a: El Jefe|Ice Punch|p2a: Jellicent
|-resisted|p2a: Jellicent
|-damage|p2a: Jellicent|51/100
|
|-weather|Sandstorm|[upkeep]
|-damage|p2a: Jellicent|45/100|[from] Sandstorm
|-damage|p1a: El Jefe|51/100 brn|[from] Sandstorm
|-heal|p1a: El Jefe|57/100 brn|[from] item: Leftovers
|-damage|p1a: El Jefe|45/100 brn|[from] brn
|upkeep
|turn|14
|
|t:|1732332016
|move|p2a: Jellicent|Recover|p2a: Jellicent
|-heal|p2a: Jellicent|95/100
|move|p1a: El Jefe|Bulk Up|p1a: El Jefe
|-boost|p1a: El Jefe|atk|1
|-boost|p1a: El Jefe|def|1
|
|-weather|Sandstorm|[upkeep]
|-damage|p2a: Jellicent|89/100|[from] Sandstorm
|-damage|p1a: El Jefe|39/100 brn|[from] Sandstorm
|-heal|p1a: El Jefe|45/100 brn|[from] item: Leftovers
|-damage|p1a: El Jefe|33/100 brn|[from] brn
|-fieldend|move: Trick Room
|upkeep
|turn|15
|inactive|beradonna has 90 seconds left.
|
|t:|1732332047
|move|p1a: El Jefe|Ice Punch|p2a: Jellicent
|-resisted|p2a: Jellicent
|-damage|p2a: Jellicent|27/100
|move|p2a: Jellicent|Recover|p2a: Jellicent
|-heal|p2a: Jellicent|77/100
|
|-weather|Sandstorm|[upkeep]
|-damage|p1a: El Jefe|27/100 brn|[from] Sandstorm
|-damage|p2a: Jellicent|71/100|[from] Sandstorm
|-heal|p1a: El Jefe|33/100 brn|[from] item: Leftovers
|-damage|p1a: El Jefe|20/100 brn|[from] brn
|upkeep
|turn|16
|
|t:|1732332062
|move|p1a: El Jefe|Ice Punch|p2a: Jellicent
|-resisted|p2a: Jellicent
|-damage|p2a: Jellicent|15/100
|move|p2a: Jellicent|Trick Room|p2a: Jellicent
|-fieldstart|move: Trick Room|[of] p2a: Jellicent
|
|-weather|Sandstorm|[upkeep]
|-damage|p2a: Jellicent|9/100|[from] Sandstorm
|-damage|p1a: El Jefe|14/100 brn|[from] Sandstorm
|-heal|p1a: El Jefe|20/100 brn|[from] item: Leftovers
|-damage|p1a: El Jefe|8/100 brn|[from] brn
|upkeep
|turn|17
|inactive|beradonna has 90 seconds left.
|
|t:|1732332083
|move|p2a: Jellicent|Recover|p2a: Jellicent
|-heal|p2a: Jellicent|59/100
|move|p1a: El Jefe|Ice Punch|p2a: Jellicent
|-resisted|p2a: Jellicent
|-damage|p2a: Jellicent|0 fnt
|faint|p2a: Jellicent
|
|-weather|Sandstorm|[upkeep]
|-damage|p1a: El Jefe|2/100 brn|[from] Sandstorm
|-heal|p1a: El Jefe|8/100 brn|[from] item: Leftovers
|-damage|p1a: El Jefe|0 fnt|[from] brn
|faint|p1a: El Jefe
|upkeep
|inactive|beradonna has 90 seconds left.
|
|t:|1732332102
|switch|p2a: Rhyperior|Rhyperior, F|100/100
|switch|p1a: Rotom|Rotom-Wash|88/100
|-damage|p2a: Rhyperior|94/100|[from] Stealth Rock
|-damage|p1a: Rotom|76/100|[from] Stealth Rock
|turn|18
|
|t:|1732332111
|move|p2a: Rhyperior|Substitute|p2a: Rhyperior
|-start|p2a: Rhyperior|Substitute
|-damage|p2a: Rhyperior|69/100
|move|p1a: Rotom|Hydro Pump|p2a: Rhyperior
|-supereffective|p2a: Rhyperior
|-end|p2a: Rhyperior|Substitute
|
|-weather|Sandstorm|[upkeep]
|-damage|p1a: Rotom|70/100|[from] Sandstorm
|-heal|p1a: Rotom|76/100|[from] item: Leftovers
|upkeep
|turn|19
|
|t:|1732332129
|move|p2a: Rhyperior|Rock Blast|p1a: Rotom
|-crit|p1a: Rotom
|-damage|p1a: Rotom|37/100
|-damage|p1a: Rotom|16/100
|-hitcount|p1a: Rotom|2
|-damage|p2a: Rhyperior|59/100|[from] item: Life Orb
|move|p1a: Rotom|Hydro Pump|p2a: Rhyperior
|-supereffective|p2a: Rhyperior
|-damage|p2a: Rhyperior|0 fnt
|faint|p2a: Rhyperior
|
|-weather|Sandstorm|[upkeep]
|-damage|p1a: Rotom|10/100|[from] Sandstorm
|-heal|p1a: Rotom|16/100|[from] item: Leftovers
|upkeep
|
|t:|1732332144
|switch|p2a: Ferrothorn|Ferrothorn, M|30/100
|-damage|p2a: Ferrothorn|24/100|[from] Stealth Rock
|turn|20
|inactive|beradonna has 90 seconds left.
|
|t:|1732332166
|move|p2a: Ferrothorn|Gyro Ball|p1a: Rotom
|-resisted|p1a: Rotom
|-damage|p1a: Rotom|0 fnt
|faint|p1a: Rotom
|
|-weather|Sandstorm|[upkeep]
|-fieldend|move: Trick Room
|upkeep
|inactive|beradonna has 90 seconds left.
|
|t:|1732332171
|switch|p1a: Landorus|Landorus-Therian, M|76/100
|-damage|p1a: Landorus|63/100|[from] Stealth Rock
|-ability|p1a: Landorus|Intimidate|boost
|-unboost|p2a: Ferrothorn|atk|1
|turn|21
|
|t:|1732332180
|move|p1a: Landorus|U-turn|p2a: Ferrothorn
|-damage|p2a: Ferrothorn|8/100
|-damage|p1a: Landorus|51/100|[from] ability: Iron Barbs|[of] p2a: Ferrothorn
|inactive|beradonna has 90 seconds left.
|
|t:|1732332197
|switch|p1a: Jirachi|Jirachi|100/100|[from] U-turn
|-damage|p1a: Jirachi|94/100|[from] Stealth Rock
|-damage|p1a: Jirachi|82/100|[from] Spikes
|move|p2a: Ferrothorn|Power Whip|p1a: Jirachi
|-resisted|p1a: Jirachi
|-damage|p1a: Jirachi|64/100
|
|-weather|Sandstorm|[upkeep]
|upkeep
|turn|22
|
|t:|1732332216
|switch|p2a: Mesprit|Mesprit|100/100
|-damage|p2a: Mesprit|88/100|[from] Stealth Rock
|move|p1a: Jirachi|U-turn|p2a: Mesprit
|-supereffective|p2a: Mesprit
|-damage|p2a: Mesprit|55/100
|inactive|beradonna has 90 seconds left.
|
|t:|1732332232
|switch|p1a: Landorus|Landorus-Therian, M|51/100|[from] U-turn
|-damage|p1a: Landorus|38/100|[from] Stealth Rock
|-ability|p1a: Landorus|Intimidate|boost
|-unboost|p2a: Mesprit|atk|1
|
|-weather|Sandstorm|[upkeep]
|-damage|p2a: Mesprit|49/100|[from] Sandstorm
|-heal|p1a: Landorus|45/100|[from] item: Leftovers
|upkeep
|turn|23
|
|t:|1732332237
|move|p1a: Landorus|U-turn|p2a: Mesprit
|-supereffective|p2a: Mesprit
|-damage|p2a: Mesprit|13/100
|
|t:|1732332240
|switch|p1a: Jirachi|Jirachi|64/100|[from] U-turn
|-damage|p1a: Jirachi|58/100|[from] Stealth Rock
|-damage|p1a: Jirachi|45/100|[from] Spikes
|move|p2a: Mesprit|Trick Room|p2a: Mesprit
|-fieldstart|move: Trick Room|[of] p2a: Mesprit
|
|-weather|Sandstorm|[upkeep]
|-damage|p2a: Mesprit|7/100|[from] Sandstorm
|upkeep
|turn|24
|
|t:|1732332245
|move|p2a: Mesprit|Healing Wish|p2a: Mesprit
|faint|p2a: Mesprit
|move|p1a: Jirachi|U-turn|p2: Mesprit|[notarget]
|-fail|p1a: Jirachi
|
|-weather|Sandstorm|[upkeep]
|upkeep
|
|t:|1732332249
|switch|p2a: Ferrothorn|Ferrothorn, M|8/100
|-heal|p2a: Ferrothorn|100/100|[from] move: Healing Wish
|-damage|p2a: Ferrothorn|95/100|[from] Stealth Rock
|turn|25
|-message|beradonna forfeited.
|
|win|tr in b&w
|raw|beradonna's rating: 1392 &rarr; <strong>1368</strong><br />(-24 for losing)
|raw|tr in b&amp;w's rating: 1320 &rarr; <strong>1344</strong><br />(+24 for winning)
|l|☆beradonna
|player|p1|
