|j|☆Blaise BWOU
|j|☆HydreigonSpammer
|t:|1734817164
|gametype|singles
|player|p1|Blaise BWOU|n|1361
|player|p2|HydreigonSpammer|janitor|1430
|teamsize|p1|6
|teamsize|p2|6
|gen|5
|tier|[Gen 5] OU
|rated|
|rule|Species Clause: Limit one of each Pokémon
|rule|OHKO Clause: OHKO moves are banned
|rule|Moody Clause: Moody is banned
|rule|Evasion Items Clause: Evasion items are banned
|rule|Evasion Moves Clause: Evasion moves are banned
|rule|Endless Battle Clause: Forcing endless battles is banned
|rule|HP Percentage Mod: HP is shown in percentages
|rule|Evasion Abilities Clause: Evasion abilities are banned
|rule|Sleep Moves Clause: Sleep-inducing moves are banned
|rule|Swagger Clause: Swagger is banned
|rule|Baton Pass Stat Clause: No Baton Passer may have a way to boost its stats
|clearpoke
|poke|p1|Excadrill, M|item
|poke|p1|Hippowdon, M|item
|poke|p1|Tangrowth, M|item
|poke|p1|Slowbro, M|item
|poke|p1|Amoonguss, F|item
|poke|p1|Chansey, F|item
|poke|p2|Tyranitar, F|item
|poke|p2|Bisharp, M|item
|poke|p2|Starmie|item
|poke|p2|Hydreigon, F|item
|poke|p2|Landorus-Therian, M|item
|poke|p2|Latias, F|item
|teampreview
|
|t:|1734817180
|start
|switch|p1a: Neptunus|Slowbro, M|100/100
|switch|p2a: Landorus|Landorus-Therian, M|100/100
|-ability|p2a: Landorus|Intimidate|boost
|-unboost|p1a: Neptunus|atk|1
|turn|1
|
|t:|1734817197
|move|p2a: Landorus|U-turn|p1a: Neptunus
|-supereffective|p1a: Neptunus
|-damage|p1a: Neptunus|74/100
|
|t:|1734817210
|switch|p2a: Starmie|Starmie|100/100|[from] U-turn
|-item|p2a: Starmie|Air Balloon
|move|p1a: Neptunus|Ice Beam|p2a: Starmie
|-resisted|p2a: Starmie
|-damage|p2a: Starmie|86/100
|-enditem|p2a: Starmie|Air Balloon
|
|-heal|p1a: Neptunus|80/100|[from] item: Leftovers
|upkeep
|turn|2
|
|t:|1734817226
|switch|p1a: Demeter|Amoonguss, F, shiny|100/100
|move|p2a: Starmie|Thunderbolt|p1a: Demeter
|-resisted|p1a: Demeter
|-damage|p1a: Demeter|88/100
|
|-heal|p1a: Demeter|94/100|[from] item: Black Sludge
|upkeep
|turn|3
|
|t:|1734817240
|switch|p2a: Tyranitar|Tyranitar, F|100/100
|-weather|Sandstorm|[from] ability: Sand Stream|[of] p2a: Tyranitar
|move|p1a: Demeter|Stun Spore|p2a: Tyranitar
|-status|p2a: Tyranitar|par
|
|-weather|Sandstorm|[upkeep]
|-damage|p1a: Demeter|88/100|[from] Sandstorm
|-heal|p1a: Demeter|94/100|[from] item: Black Sludge
|upkeep
|turn|4
|
|t:|1734817271
|switch|p1a: Janus|Hippowdon, M|100/100
|cant|p2a: Tyranitar|par
|
|-weather|Sandstorm|[upkeep]
|upkeep
|turn|5
|
|t:|1734817290
|switch|p1a: Venus|Chansey, F|100/100
|switch|p2a: Landorus|Landorus-Therian, M|100/100
|-ability|p2a: Landorus|Intimidate|boost
|-unboost|p1a: Venus|atk|1
|
|-weather|Sandstorm|[upkeep]
|-damage|p1a: Venus|94/100|[from] Sandstorm
|upkeep
|turn|6
|
|t:|1734817310
|move|p2a: Landorus|Stealth Rock|p1a: Venus
|-sidestart|p1: Blaise BWOU|move: Stealth Rock
|move|p1a: Venus|Toxic|p2a: Landorus
|-status|p2a: Landorus|tox
|
|-weather|Sandstorm|[upkeep]
|-damage|p1a: Venus|88/100|[from] Sandstorm
|-damage|p2a: Landorus|94/100 tox|[from] psn
|upkeep
|turn|7
|
|t:|1734817315
|move|p2a: Landorus|U-turn|p1a: Venus
|-damage|p1a: Venus|71/100
|
|t:|1734817317
|switch|p2a: Bisharp|Bisharp, M|100/100|[from] U-turn
|move|p1a: Venus|Soft-Boiled|p1a: Venus
|-heal|p1a: Venus|100/100
|
|-weather|Sandstorm|[upkeep]
|-damage|p1a: Venus|94/100|[from] Sandstorm
|upkeep
|turn|8
|
|t:|1734817326
|switch|p1a: Janus|Hippowdon, M|100/100
|-damage|p1a: Janus|94/100|[from] Stealth Rock
|move|p2a: Bisharp|Substitute|p2a: Bisharp
|-start|p2a: Bisharp|Substitute
|-damage|p2a: Bisharp|76/100
|
|-weather|Sandstorm|[upkeep]
|-heal|p2a: Bisharp|82/100|[from] item: Leftovers
|upkeep
|turn|9
|
|t:|1734817337
|move|p2a: Bisharp|Swords Dance|p2a: Bisharp
|-boost|p2a: Bisharp|atk|2
|move|p1a: Janus|Earthquake|p2a: Bisharp
|-supereffective|p2a: Bisharp
|-end|p2a: Bisharp|Substitute
|
|-weather|Sandstorm|[upkeep]
|-heal|p2a: Bisharp|88/100|[from] item: Leftovers
|upkeep
|turn|10
|
|t:|1734817342
|switch|p2a: Hydreigon|Hydreigon, F, shiny|100/100
|move|p1a: Janus|Earthquake|p2a: Hydreigon
|-immune|p2a: Hydreigon|[from] ability: Levitate
|
|-weather|Sandstorm|[upkeep]
|-damage|p2a: Hydreigon|94/100|[from] Sandstorm
|upkeep
|turn|11
|
|t:|1734817352
|switch|p1a: Venus|Chansey, F|94/100
|-damage|p1a: Venus|82/100|[from] Stealth Rock
|move|p2a: Hydreigon|Draco Meteor|p1a: Venus
|-damage|p1a: Venus|58/100
|-unboost|p2a: Hydreigon|spa|2
|-damage|p2a: Hydreigon|84/100|[from] item: Life Orb
|
|-weather|Sandstorm|[upkeep]
|-damage|p2a: Hydreigon|78/100|[from] Sandstorm
|-damage|p1a: Venus|51/100|[from] Sandstorm
|upkeep
|turn|12
|
|t:|1734817363
|move|p2a: Hydreigon|Superpower|p1a: Venus
|-supereffective|p1a: Venus
|-damage|p1a: Venus|0 fnt
|-unboost|p2a: Hydreigon|atk|1
|-unboost|p2a: Hydreigon|def|1
|faint|p1a: Venus
|-damage|p2a: Hydreigon|68/100|[from] item: Life Orb
|
|-weather|Sandstorm|[upkeep]
|-damage|p2a: Hydreigon|62/100|[from] Sandstorm
|upkeep
|
|t:|1734817379
|switch|p1a: Demeter|Amoonguss, F, shiny|100/100
|-damage|p1a: Demeter|88/100|[from] Stealth Rock
|turn|13
|
|t:|1734817400
|switch|p2a: Tyranitar|Tyranitar, F|100/100 par
|move|p1a: Demeter|Sludge Bomb|p2a: Tyranitar
|-resisted|p2a: Tyranitar
|-damage|p2a: Tyranitar|95/100 par
|
|-weather|Sandstorm|[upkeep]
|-damage|p1a: Demeter|82/100|[from] Sandstorm
|-heal|p1a: Demeter|88/100|[from] item: Black Sludge
|upkeep
|turn|14
|
|t:|1734817409
|switch|p1a: Janus|Hippowdon, M|94/100
|-damage|p1a: Janus|88/100|[from] Stealth Rock
|move|p2a: Tyranitar|Crunch|p1a: Janus
|-damage|p1a: Janus|69/100
|-damage|p2a: Tyranitar|78/100 par|[from] item: Rocky Helmet|[of] p1a: Janus
|
|-weather|Sandstorm|[upkeep]
|upkeep
|turn|15
|
|t:|1734817428
|switch|p1a: Demeter|Amoonguss, F, shiny|100/100
|-damage|p1a: Demeter|88/100|[from] Stealth Rock
|switch|p2a: Hydreigon|Hydreigon, F, shiny|62/100
|
|-weather|Sandstorm|[upkeep]
|-damage|p2a: Hydreigon|56/100|[from] Sandstorm
|-damage|p1a: Demeter|82/100|[from] Sandstorm
|-heal|p1a: Demeter|88/100|[from] item: Black Sludge
|upkeep
|turn|16
|
|t:|1734817440
|switch|p2a: Tyranitar|Tyranitar, F|78/100 par
|move|p1a: Demeter|Sludge Bomb|p2a: Tyranitar
|-resisted|p2a: Tyranitar
|-damage|p2a: Tyranitar|72/100 par
|
|-weather|Sandstorm|[upkeep]
|-damage|p1a: Demeter|82/100|[from] Sandstorm
|-heal|p1a: Demeter|88/100|[from] item: Black Sludge
|upkeep
|turn|17
|
|t:|1734817478
|switch|p1a: Zeus|Tangrowth, M, shiny|100/100
|-damage|p1a: Zeus|88/100|[from] Stealth Rock
|move|p2a: Tyranitar|Crunch|p1a: Zeus
|-damage|p1a: Zeus|68/100
|
|-weather|Sandstorm|[upkeep]
|-damage|p1a: Zeus|62/100|[from] Sandstorm
|-heal|p1a: Zeus|68/100|[from] item: Leftovers
|upkeep
|turn|18
|
|t:|1734817494
|move|p1a: Zeus|Stun Spore|p2a: Tyranitar
|-fail|p2a: Tyranitar|par
|cant|p2a: Tyranitar|par
|
|-weather|Sandstorm|[upkeep]
|-damage|p1a: Zeus|62/100|[from] Sandstorm
|-heal|p1a: Zeus|68/100|[from] item: Leftovers
|upkeep
|turn|19
|
|t:|1734817498
|move|p1a: Zeus|Power Whip|p2a: Tyranitar
|-supereffective|p2a: Tyranitar
|-damage|p2a: Tyranitar|13/100 par
|move|p2a: Tyranitar|Thunder Wave|p1a: Zeus
|-status|p1a: Zeus|par
|
|-weather|Sandstorm|[upkeep]
|-damage|p1a: Zeus|62/100 par|[from] Sandstorm
|-heal|p1a: Zeus|68/100 par|[from] item: Leftovers
|upkeep
|turn|20
|
|t:|1734817516
|move|p2a: Tyranitar|Pursuit|p1a: Zeus
|-damage|p1a: Zeus|58/100 par
|cant|p1a: Zeus|par
|
|-weather|Sandstorm|[upkeep]
|-damage|p1a: Zeus|52/100 par|[from] Sandstorm
|-heal|p1a: Zeus|58/100 par|[from] item: Leftovers
|upkeep
|turn|21
|
|t:|1734817536
|switch|p2a: Bisharp|Bisharp, M|88/100
|move|p1a: Zeus|Hidden Power|p2a: Bisharp
|-resisted|p2a: Bisharp
|-damage|p2a: Bisharp|74/100
|
|-weather|Sandstorm|[upkeep]
|-damage|p1a: Zeus|52/100 par|[from] Sandstorm
|-heal|p2a: Bisharp|80/100|[from] item: Leftovers
|-heal|p1a: Zeus|58/100 par|[from] item: Leftovers
|upkeep
|turn|22
|
|t:|1734817543
|switch|p1a: Janus|Hippowdon, M|69/100
|-damage|p1a: Janus|63/100|[from] Stealth Rock
|move|p2a: Bisharp|Substitute|p2a: Bisharp
|-start|p2a: Bisharp|Substitute
|-damage|p2a: Bisharp|55/100
|
|-weather|Sandstorm|[upkeep]
|-heal|p2a: Bisharp|61/100|[from] item: Leftovers
|upkeep
|turn|23
|
|t:|1734817548
|switch|p2a: Hydreigon|Hydreigon, F, shiny|56/100
|move|p1a: Janus|Earthquake|p2a: Hydreigon
|-immune|p2a: Hydreigon|[from] ability: Levitate
|
|-weather|Sandstorm|[upkeep]
|-damage|p2a: Hydreigon|50/100|[from] Sandstorm
|upkeep
|turn|24
|
|t:|1734817562
|switch|p1a: Demeter|Amoonguss, F, shiny|100/100
|-damage|p1a: Demeter|88/100|[from] Stealth Rock
|move|p2a: Hydreigon|Draco Meteor|p1a: Demeter
|-damage|p1a: Demeter|18/100
|-unboost|p2a: Hydreigon|spa|2
|-damage|p2a: Hydreigon|40/100|[from] item: Life Orb
|
|-weather|Sandstorm|[upkeep]
|-damage|p2a: Hydreigon|34/100|[from] Sandstorm
|-damage|p1a: Demeter|12/100|[from] Sandstorm
|-heal|p1a: Demeter|18/100|[from] item: Black Sludge
|upkeep
|turn|25
|l|☆Blaise BWOU
|player|p1|
|
|t:|1734817620
|switch|p1a: Neptunus|Slowbro, M|100/100
|-damage|p1a: Neptunus|88/100|[from] Stealth Rock
|move|p2a: Hydreigon|Flamethrower|p1a: Neptunus
|-resisted|p1a: Neptunus
|-damage|p1a: Neptunus|76/100
|-damage|p2a: Hydreigon|24/100|[from] item: Life Orb
|
|-weather|Sandstorm|[upkeep]
|-damage|p2a: Hydreigon|18/100|[from] Sandstorm
|-damage|p1a: Neptunus|70/100|[from] Sandstorm
|-heal|p1a: Neptunus|76/100|[from] item: Leftovers
|upkeep
|turn|26
|inactive|Battle timer is ON: inactive players will automatically lose when time's up. (requested by HydreigonSpammer)
|j|☆Blaise BWOU
|inactive|Blaise BWOU reconnected and has 130 seconds left.
|player|p1|Blaise BWOU|n|
|inactive|Blaise BWOU has 120 seconds left.
|inactive|HydreigonSpammer has 120 seconds left.
|
|t:|1734817689
|switch|p2a: Tyranitar|Tyranitar, F|13/100 par
|move|p1a: Neptunus|Calm Mind|p1a: Neptunus
|-boost|p1a: Neptunus|spa|1
|-boost|p1a: Neptunus|spd|1
|
|-weather|Sandstorm|[upkeep]
|-damage|p1a: Neptunus|70/100|[from] Sandstorm
|-heal|p1a: Neptunus|76/100|[from] item: Leftovers
|upkeep
|turn|27
|inactive|HydreigonSpammer has 120 seconds left.
|
|t:|1734817745
|switch|p2a: Latias|Latias, F|100/100
|move|p1a: Neptunus|Calm Mind|p1a: Neptunus
|-boost|p1a: Neptunus|spa|1
|-boost|p1a: Neptunus|spd|1
|
|-weather|Sandstorm|[upkeep]
|-damage|p2a: Latias|95/100|[from] Sandstorm
|-damage|p1a: Neptunus|70/100|[from] Sandstorm
|-heal|p1a: Neptunus|76/100|[from] item: Leftovers
|upkeep
|turn|28
|
|t:|1734817758
|move|p2a: Latias|Healing Wish|p2a: Latias
|faint|p2a: Latias
|move|p1a: Neptunus|Ice Beam|p2: Latias|[notarget]
|-fail|p1a: Neptunus
|
|-weather|Sandstorm|[upkeep]
|-damage|p1a: Neptunus|70/100|[from] Sandstorm
|-heal|p1a: Neptunus|76/100|[from] item: Leftovers
|upkeep
|
|t:|1734817762
|switch|p2a: Tyranitar|Tyranitar, F|13/100 par
|-heal|p2a: Tyranitar|100/100|[from] move: Healing Wish
|turn|29
|
|t:|1734817765
|move|p2a: Tyranitar|Crunch|p1a: Neptunus
|-supereffective|p1a: Neptunus
|-damage|p1a: Neptunus|32/100
|move|p1a: Neptunus|Scald|p2a: Tyranitar
|-supereffective|p2a: Tyranitar
|-damage|p2a: Tyranitar|56/100
|
|-weather|Sandstorm|[upkeep]
|-damage|p1a: Neptunus|26/100|[from] Sandstorm
|-heal|p1a: Neptunus|32/100|[from] item: Leftovers
|upkeep
|turn|30
|
|t:|1734817785
|move|p2a: Tyranitar|Pursuit|p1a: Neptunus
|-supereffective|p1a: Neptunus
|-crit|p1a: Neptunus
|-damage|p1a: Neptunus|0 fnt
|faint|p1a: Neptunus
|
|-weather|Sandstorm|[upkeep]
|upkeep
|inactive|Blaise BWOU has 120 seconds left.
|
|t:|1734817816
|switch|p1a: Janus|Hippowdon, M|63/100
|-damage|p1a: Janus|57/100|[from] Stealth Rock
|turn|31
|
|t:|1734817829
|switch|p2a: Bisharp|Bisharp, M|61/100
|move|p1a: Janus|Fire Fang|p2a: Bisharp
|-supereffective|p2a: Bisharp
|-damage|p2a: Bisharp|21/100
|
|-weather|Sandstorm|[upkeep]
|-heal|p2a: Bisharp|28/100|[from] item: Leftovers
|upkeep
|turn|32
|
|t:|1734817839
|move|p2a: Bisharp|Swords Dance|p2a: Bisharp
|-boost|p2a: Bisharp|atk|2
|move|p1a: Janus|Fire Fang|p2a: Bisharp
|-supereffective|p2a: Bisharp
|-crit|p2a: Bisharp
|-damage|p2a: Bisharp|0 fnt
|faint|p2a: Bisharp
|
|-weather|Sandstorm|[upkeep]
|upkeep
|
|t:|1734817842
|switch|p2a: Hydreigon|Hydreigon, F, shiny|18/100
|turn|33
|inactive|Blaise BWOU has 120 seconds left.
|
|t:|1734817868
|move|p2a: Hydreigon|Roost|p2a: Hydreigon
|-heal|p2a: Hydreigon|68/100
|-singleturn|p2a: Hydreigon|move: Roost
|move|p1a: Janus|Slack Off|p1a: Janus
|-heal|p1a: Janus|100/100
|
|-weather|Sandstorm|[upkeep]
|-damage|p2a: Hydreigon|62/100|[from] Sandstorm
|upkeep
|turn|34
|
|t:|1734817877
|move|p2a: Hydreigon|Roost|p2a: Hydreigon
|-heal|p2a: Hydreigon|100/100
|-singleturn|p2a: Hydreigon|move: Roost
|move|p1a: Janus|Earthquake|p2a: Hydreigon
|-immune|p2a: Hydreigon|[from] ability: Levitate
|
|-weather|Sandstorm|[upkeep]
|-damage|p2a: Hydreigon|94/100|[from] Sandstorm
|upkeep
|turn|35
|c|☆HydreigonSpammer|ahahah ur very good
|inactive|HydreigonSpammer has 120 seconds left.
|c|☆HydreigonSpammer|it's like this guy is in my head
|c|☆HydreigonSpammer|can read all my intents
|
|t:|1734817905
|move|p2a: Hydreigon|Flamethrower|p1a: Janus
|-damage|p1a: Janus|51/100
|-damage|p2a: Hydreigon|84/100|[from] item: Life Orb
|move|p1a: Janus|Fire Fang|p2a: Hydreigon
|-resisted|p2a: Hydreigon
|-damage|p2a: Hydreigon|75/100
|
|-weather|Sandstorm|[upkeep]
|-damage|p2a: Hydreigon|69/100|[from] Sandstorm
|upkeep
|turn|36
|
|t:|1734817914
|move|p2a: Hydreigon|Draco Meteor|p1a: Janus
|-damage|p1a: Janus|0 fnt
|-unboost|p2a: Hydreigon|spa|2
|faint|p1a: Janus
|-damage|p2a: Hydreigon|59/100|[from] item: Life Orb
|
|-weather|Sandstorm|[upkeep]
|-damage|p2a: Hydreigon|53/100|[from] Sandstorm
|upkeep
|
|t:|1734817925
|switch|p1a: Demeter|Amoonguss, F, shiny|51/100
|-damage|p1a: Demeter|39/100|[from] Stealth Rock
|turn|37
|
|t:|1734817933
|switch|p2a: Tyranitar|Tyranitar, F|56/100
|switch|p1a: Mars|Excadrill, M|100/100
|-damage|p1a: Mars|97/100|[from] Stealth Rock
|
|-weather|Sandstorm|[upkeep]
|-heal|p1a: Mars|100/100|[from] item: Leftovers
|upkeep
|turn|38
|inactive|HydreigonSpammer has 120 seconds left.
|
|t:|1734817953
|move|p1a: Mars|Rock Slide|p2a: Tyranitar
|-damage|p2a: Tyranitar|26/100
|cant|p2a: Tyranitar|flinch
|
|-weather|Sandstorm|[upkeep]
|upkeep
|turn|39
|inactive|HydreigonSpammer has 120 seconds left.
|
|t:|1734817967
|move|p1a: Mars|Rock Slide|p2a: Tyranitar
|-damage|p2a: Tyranitar|0 fnt
|faint|p2a: Tyranitar
|
|-weather|Sandstorm|[upkeep]
|upkeep
|inactive|HydreigonSpammer has 120 seconds left.
|c|☆Blaise BWOU|your hydreigon will end this
|c|☆Blaise BWOU|nice battle
|
|t:|1734817994
|switch|p2a: Hydreigon|Hydreigon, F, shiny|53/100
|turn|40
|
|t:|1734818000
|switch|p1a: Demeter|Amoonguss, F, shiny|72/100
|-damage|p1a: Demeter|59/100|[from] Stealth Rock
|move|p2a: Hydreigon|Flamethrower|p1a: Demeter
|-supereffective|p1a: Demeter
|-damage|p1a: Demeter|0 fnt
|faint|p1a: Demeter
|-damage|p2a: Hydreigon|43/100|[from] item: Life Orb
|
|-weather|Sandstorm|[upkeep]
|-damage|p2a: Hydreigon|37/100|[from] Sandstorm
|upkeep
|
|t:|1734818011
|switch|p1a: Mars|Excadrill, M|100/100
|-damage|p1a: Mars|97/100|[from] Stealth Rock
|turn|41
|
|t:|1734818019
|switch|p2a: Landorus|Landorus-Therian, M|94/100 tox
|-ability|p2a: Landorus|Intimidate|boost
|-unboost|p1a: Mars|atk|1
|move|p1a: Mars|Rock Slide|p2a: Landorus
|-damage|p2a: Landorus|71/100 tox
|
|-weather|Sandstorm|[upkeep]
|-heal|p1a: Mars|100/100|[from] item: Leftovers
|-damage|p2a: Landorus|65/100 tox|[from] psn
|upkeep
|turn|42
|inactive|HydreigonSpammer has 120 seconds left.
|
|t:|1734818025
|switch|p1a: Zeus|Tangrowth, M, shiny|91/100 par
|-damage|p1a: Zeus|79/100 par|[from] Stealth Rock
|move|p2a: Landorus|U-turn|p1a: Zeus
|-supereffective|p1a: Zeus
|-damage|p1a: Zeus|57/100 par
|
|t:|1734818028
|switch|p2a: Hydreigon|Hydreigon, F, shiny|37/100|[from] U-turn
|
|-weather|Sandstorm|[upkeep]
|-damage|p2a: Hydreigon|31/100|[from] Sandstorm
|-damage|p1a: Zeus|51/100 par|[from] Sandstorm
|-heal|p1a: Zeus|57/100 par|[from] item: Leftovers
|upkeep
|turn|43
|
|t:|1734818037
|move|p2a: Hydreigon|Flamethrower|p1a: Zeus
|-supereffective|p1a: Zeus
|-damage|p1a: Zeus|0 fnt
|faint|p1a: Zeus
|-damage|p2a: Hydreigon|21/100|[from] item: Life Orb
|
|-weather|Sandstorm|[upkeep]
|-damage|p2a: Hydreigon|15/100|[from] Sandstorm
|upkeep
|
|t:|1734818040
|switch|p1a: Mars|Excadrill, M|100/100
|-damage|p1a: Mars|97/100|[from] Stealth Rock
|turn|44
|c|☆HydreigonSpammer|gg
|c|☆Blaise BWOU|gg
|c|☆HydreigonSpammer|very difficult battle
|
|t:|1734818048
|move|p2a: Hydreigon|Flamethrower|p1a: Mars
|-supereffective|p1a: Mars
|-damage|p1a: Mars|0 fnt
|faint|p1a: Mars
|-damage|p2a: Hydreigon|5/100|[from] item: Life Orb
|
|win|HydreigonSpammer
|raw|Blaise BWOU's rating: 1361 &rarr; <strong>1345</strong><br />(-16 for losing)
|raw|HydreigonSpammer's rating: 1430 &rarr; <strong>1446</strong><br />(+16 for winning)
