|j|☆killerfishsandiego
|j|☆Blossummm
|t:|1716674454
|gametype|singles
|player|p1|killerfishsandiego|102|1507
|player|p2|Blossummm|roxie|1384
|teamsize|p1|6
|teamsize|p2|6
|gen|5
|tier|[Gen 5] OU
|rated|
|rule|Species Clause: Limit one of each Pokémon
|rule|OHKO Clause: OHKO moves are banned
|rule|Moody Clause: Moody is banned
|rule|Evasion Items Clause: Evasion items are banned
|rule|Evasion Moves Clause: Evasion moves are banned
|rule|Endless Battle Clause: Forcing endless battles is banned
|rule|HP Percentage Mod: HP is shown in percentages
|rule|Evasion Abilities Clause: Evasion abilities are banned
|rule|Sleep Moves Clause: Sleep-inducing moves are banned
|rule|Swagger Clause: Swagger is banned
|rule|Baton Pass Stat Clause: No Baton Passer may have a way to boost its stats
|clearpoke
|poke|p1|Tangrowth, M|item
|poke|p1|Clefable, F|item
|poke|p1|Swampert, M|item
|poke|p1|Druddigon, F|item
|poke|p1|Reuniclus, F|item
|poke|p1|Latias, F|item
|poke|p2|Tyranitar, F|item
|poke|p2|Excadrill, F|item
|poke|p2|Latios, M|item
|poke|p2|Rotom-Wash|item
|poke|p2|Ferrothorn, F|item
|poke|p2|Landorus-Therian, M|item
|teampreview
|
|t:|1716674473
|start
|switch|p1a: Tangrowth|Tangrowth, M|100/100
|switch|p2a: Tyranitar|Tyranitar, F, shiny|100/100
|-weather|Sandstorm|[from] ability: Sand Stream|[of] p2a: Tyranitar
|turn|1
|
|t:|1716674488
|switch|p2a: Ferrothorn|Ferrothorn, F|100/100
|move|p1a: Tangrowth|Stun Spore|p2a: Ferrothorn
|-status|p2a: Ferrothorn|par
|
|-weather|Sandstorm|[upkeep]
|-damage|p1a: Tangrowth|94/100|[from] Sandstorm
|-heal|p1a: Tangrowth|100/100|[from] item: Leftovers
|upkeep
|turn|2
|
|t:|1716674493
|switch|p1a: Druddigon|Druddigon, F|100/100
|switch|p2a: Landorus|Landorus-Therian, M|100/100
|-ability|p2a: Landorus|Intimidate|boost
|-unboost|p1a: Druddigon|atk|1
|
|-weather|Sandstorm|[upkeep]
|-damage|p1a: Druddigon|94/100|[from] Sandstorm
|upkeep
|turn|3
|
|t:|1716674497
|move|p2a: Landorus|Stealth Rock|p1a: Druddigon
|-sidestart|p1: killerfishsandiego|move: Stealth Rock
|move|p1a: Druddigon|Glare|p2a: Landorus
|-status|p2a: Landorus|par
|
|-weather|Sandstorm|[upkeep]
|-damage|p1a: Druddigon|88/100|[from] Sandstorm
|upkeep
|turn|4
|
|t:|1716674504
|switch|p1a: Swampert|Swampert, M|100/100
|-damage|p1a: Swampert|94/100|[from] Stealth Rock
|move|p2a: Landorus|Hidden Power|p1a: Swampert
|-damage|p1a: Swampert|78/100
|
|-weather|Sandstorm|[upkeep]
|upkeep
|turn|5
|
|t:|1716674511
|switch|p2a: Ferrothorn|Ferrothorn, F|100/100 par
|move|p1a: Swampert|Ice Punch|p2a: Ferrothorn
|-damage|p2a: Ferrothorn|81/100 par
|-damage|p1a: Swampert|65/100|[from] ability: Iron Barbs|[of] p2a: Ferrothorn
|
|-weather|Sandstorm|[upkeep]
|upkeep
|turn|6
|
|t:|1716674515
|switch|p1a: Druddigon|Druddigon, F|88/100
|-damage|p1a: Druddigon|75/100|[from] Stealth Rock
|cant|p2a: Ferrothorn|par
|
|-weather|Sandstorm|[upkeep]
|-damage|p1a: Druddigon|69/100|[from] Sandstorm
|upkeep
|turn|7
|
|t:|1716674519
|move|p1a: Druddigon|Fire Punch|p2a: Ferrothorn
|-supereffective|p2a: Ferrothorn
|-damage|p2a: Ferrothorn|0 fnt
|-damage|p1a: Druddigon|57/100|[from] ability: Iron Barbs|[of] p2a: Ferrothorn
|faint|p2a: Ferrothorn
|
|-weather|Sandstorm|[upkeep]
|-damage|p1a: Druddigon|50/100|[from] Sandstorm
|upkeep
|
|t:|1716674553
|switch|p2a: Latios|Latios, M|100/100
|turn|8
|
|t:|1716674570
|switch|p1a: Clefable|Clefable, F|100/100
|move|p2a: Latios|Dragon Pulse|p1a: Clefable
|-damage|p1a: Clefable|52/100
|
|-weather|Sandstorm|[upkeep]
|-damage|p2a: Latios|95/100|[from] Sandstorm
|-heal|p1a: Clefable|58/100|[from] item: Leftovers
|upkeep
|turn|9
|
|t:|1716674583
|switch|p2a: Landorus|Landorus-Therian, M|100/100 par
|-ability|p2a: Landorus|Intimidate|boost
|-unboost|p1a: Clefable|atk|1
|move|p1a: Clefable|Thunder Wave|p2a: Landorus
|-immune|p2a: Landorus
|
|-weather|Sandstorm|[upkeep]
|-heal|p1a: Clefable|64/100|[from] item: Leftovers
|upkeep
|turn|10
|
|t:|1716674589
|move|p1a: Clefable|Soft-Boiled|p1a: Clefable
|-heal|p1a: Clefable|100/100
|cant|p2a: Landorus|par
|
|-weather|Sandstorm|[upkeep]
|upkeep
|turn|11
|
|t:|1716674595
|switch|p1a: Tangrowth|Tangrowth, M|100/100
|-damage|p1a: Tangrowth|88/100|[from] Stealth Rock
|move|p2a: Landorus|Earthquake|p1a: Tangrowth
|-resisted|p1a: Tangrowth
|-damage|p1a: Tangrowth|74/100
|
|-weather|Sandstorm|[upkeep]
|-damage|p1a: Tangrowth|68/100|[from] Sandstorm
|-heal|p1a: Tangrowth|74/100|[from] item: Leftovers
|upkeep
|turn|12
|
|t:|1716674598
|move|p1a: Tangrowth|Hidden Power|p2a: Landorus
|-supereffective|p2a: Landorus
|-damage|p2a: Landorus|0 fnt
|faint|p2a: Landorus
|
|-weather|Sandstorm|[upkeep]
|-damage|p1a: Tangrowth|68/100|[from] Sandstorm
|-heal|p1a: Tangrowth|74/100|[from] item: Leftovers
|upkeep
|
|t:|1716674606
|switch|p2a: Excadrill|Excadrill, F|100/100
|turn|13
|
|t:|1716674609
|move|p2a: Excadrill|Iron Head|p1a: Tangrowth
|-damage|p1a: Tangrowth|37/100
|cant|p1a: Tangrowth|flinch
|
|-weather|Sandstorm|[upkeep]
|-damage|p1a: Tangrowth|31/100|[from] Sandstorm
|-heal|p1a: Tangrowth|37/100|[from] item: Leftovers
|upkeep
|turn|14
|
|t:|1716674623
|switch|p1a: Druddigon|Druddigon, F|50/100
|-damage|p1a: Druddigon|38/100|[from] Stealth Rock
|move|p2a: Excadrill|Iron Head|p1a: Druddigon
|-damage|p1a: Druddigon|0 fnt
|faint|p1a: Druddigon
|
|-weather|Sandstorm|[upkeep]
|upkeep
|
|t:|1716674636
|switch|p1a: Swampert|Swampert, M|65/100
|-damage|p1a: Swampert|59/100|[from] Stealth Rock
|turn|15
|
|t:|1716674648
|move|p2a: Excadrill|Iron Head|p1a: Swampert
|-resisted|p1a: Swampert
|-damage|p1a: Swampert|33/100
|move|p1a: Swampert|Fling|p2a: Excadrill
|-resisted|p2a: Excadrill
|-damage|p2a: Excadrill|93/100
|-status|p2a: Excadrill|par
|-enditem|p1a: Swampert|Light Ball|[from] move: Fling
|
|-weather|Sandstorm|[upkeep]
|upkeep
|turn|16
|
|t:|1716674655
|switch|p2a: Rotom|Rotom-Wash|100/100
|move|p1a: Swampert|Waterfall|p2a: Rotom
|-resisted|p2a: Rotom
|-crit|p2a: Rotom
|-damage|p2a: Rotom|68/100
|
|-weather|Sandstorm|[upkeep]
|-damage|p2a: Rotom|61/100|[from] Sandstorm
|-heal|p2a: Rotom|68/100|[from] item: Leftovers
|upkeep
|turn|17
|
|t:|1716674661
|switch|p1a: Clefable|Clefable, F|100/100
|move|p2a: Rotom|Hydro Pump|p1a: Clefable
|-damage|p1a: Clefable|72/100
|
|-weather|Sandstorm|[upkeep]
|-damage|p2a: Rotom|61/100|[from] Sandstorm
|-heal|p2a: Rotom|68/100|[from] item: Leftovers
|-heal|p1a: Clefable|78/100|[from] item: Leftovers
|upkeep
|turn|18
|
|t:|1716674675
|move|p2a: Rotom|Volt Switch|p1a: Clefable
|-damage|p1a: Clefable|60/100
|
|t:|1716674678
|switch|p2a: Excadrill|Excadrill, F|93/100 par|[from] Volt Switch
|move|p1a: Clefable|Seismic Toss|p2a: Excadrill
|-damage|p2a: Excadrill|66/100 par
|
|-weather|Sandstorm|[upkeep]
|-heal|p1a: Clefable|66/100|[from] item: Leftovers
|upkeep
|turn|19
|
|t:|1716674682
|switch|p1a: Tangrowth|Tangrowth, M|70/100
|-damage|p1a: Tangrowth|58/100|[from] Stealth Rock
|move|p2a: Excadrill|Iron Head|p1a: Tangrowth
|-damage|p1a: Tangrowth|20/100
|
|-weather|Sandstorm|[upkeep]
|-damage|p1a: Tangrowth|14/100|[from] Sandstorm
|-heal|p1a: Tangrowth|20/100|[from] item: Leftovers
|upkeep
|turn|20
|
|t:|1716674715
|switch|p1a: Swampert|Swampert, M|33/100
|-damage|p1a: Swampert|27/100|[from] Stealth Rock
|move|p2a: Excadrill|Iron Head|p1a: Swampert
|-resisted|p1a: Swampert
|-damage|p1a: Swampert|0 fnt
|faint|p1a: Swampert
|
|-weather|Sandstorm|[upkeep]
|upkeep
|
|t:|1716674720
|switch|p1a: Reuniclus|Reuniclus, F|100/100
|turn|21
|
|t:|1716674722
|move|p1a: Reuniclus|Acid Armor|p1a: Reuniclus
|-boost|p1a: Reuniclus|def|2
|move|p2a: Excadrill|Iron Head|p1a: Reuniclus
|-damage|p1a: Reuniclus|79/100
|-damage|p2a: Excadrill|49/100 par|[from] item: Rocky Helmet|[of] p1a: Reuniclus
|
|-weather|Sandstorm|[upkeep]
|upkeep
|turn|22
|
|t:|1716674731
|switch|p2a: Latios|Latios, M|95/100
|move|p1a: Reuniclus|Calm Mind|p1a: Reuniclus
|-boost|p1a: Reuniclus|spa|1
|-boost|p1a: Reuniclus|spd|1
|
|-weather|Sandstorm|[upkeep]
|-damage|p2a: Latios|89/100|[from] Sandstorm
|upkeep
|turn|23
|
|t:|1716674737
|switch|p1a: Tangrowth|Tangrowth, M|53/100
|-damage|p1a: Tangrowth|41/100|[from] Stealth Rock
|move|p2a: Latios|Trick|p1a: Tangrowth
|-activate|p2a: Latios|move: Trick|[of] p1a: Tangrowth
|-item|p1a: Tangrowth|Choice Specs|[from] move: Trick
|-item|p2a: Latios|Leftovers|[from] move: Trick
|
|-weather|Sandstorm|[upkeep]
|-damage|p2a: Latios|83/100|[from] Sandstorm
|-damage|p1a: Tangrowth|35/100|[from] Sandstorm
|-heal|p2a: Latios|89/100|[from] item: Leftovers
|upkeep
|turn|24
|j| yokeer
|
|t:|1716674745
|move|p2a: Latios|Dragon Pulse|p1a: Tangrowth
|-damage|p1a: Tangrowth|0 fnt
|faint|p1a: Tangrowth
|
|-weather|Sandstorm|[upkeep]
|-damage|p2a: Latios|83/100|[from] Sandstorm
|-heal|p2a: Latios|89/100|[from] item: Leftovers
|upkeep
|
|t:|1716674756
|switch|p1a: Clefable|Clefable, F|66/100
|turn|25
|
|t:|1716674765
|switch|p2a: Excadrill|Excadrill, F|49/100 par
|move|p1a: Clefable|Soft-Boiled|p1a: Clefable
|-heal|p1a: Clefable|100/100
|
|-weather|Sandstorm|[upkeep]
|upkeep
|turn|26
|
|t:|1716674770
|move|p1a: Clefable|Seismic Toss|p2a: Excadrill
|-damage|p2a: Excadrill|21/100 par
|move|p2a: Excadrill|Iron Head|p1a: Clefable
|-damage|p1a: Clefable|31/100
|
|-weather|Sandstorm|[upkeep]
|-heal|p1a: Clefable|37/100|[from] item: Leftovers
|upkeep
|turn|27
|
|t:|1716674777
|move|p1a: Clefable|Seismic Toss|p2a: Excadrill
|-damage|p2a: Excadrill|0 fnt
|faint|p2a: Excadrill
|
|-weather|Sandstorm|[upkeep]
|-heal|p1a: Clefable|43/100|[from] item: Leftovers
|upkeep
|
|t:|1716674787
|switch|p2a: Latios|Latios, M|89/100
|turn|28
|
|t:|1716674791
|move|p2a: Latios|Draco Meteor|p1a: Clefable
|-damage|p1a: Clefable|0 fnt
|-unboost|p2a: Latios|spa|2
|faint|p1a: Clefable
|
|-weather|Sandstorm|[upkeep]
|-damage|p2a: Latios|83/100|[from] Sandstorm
|-heal|p2a: Latios|89/100|[from] item: Leftovers
|upkeep
|
|t:|1716674796
|switch|p1a: Reuniclus|Reuniclus, F|79/100
|turn|29
|
|t:|1716674799
|move|p2a: Latios|Trick|p1a: Reuniclus
|-activate|p2a: Latios|move: Trick|[of] p1a: Reuniclus
|-item|p1a: Reuniclus|Leftovers|[from] move: Trick
|-item|p2a: Latios|Rocky Helmet|[from] move: Trick
|move|p1a: Reuniclus|Acid Armor|p1a: Reuniclus
|-boost|p1a: Reuniclus|def|2
|
|-weather|Sandstorm|[upkeep]
|-damage|p2a: Latios|83/100|[from] Sandstorm
|-heal|p1a: Reuniclus|85/100|[from] item: Leftovers
|upkeep
|turn|30
|
|t:|1716674803
|switch|p2a: Tyranitar|Tyranitar, F, shiny|100/100
|move|p1a: Reuniclus|Calm Mind|p1a: Reuniclus
|-boost|p1a: Reuniclus|spa|1
|-boost|p1a: Reuniclus|spd|1
|
|-weather|Sandstorm|[upkeep]
|-heal|p1a: Reuniclus|92/100|[from] item: Leftovers
|upkeep
|turn|31
|
|t:|1716674807
|move|p2a: Tyranitar|Thunder Wave|p1a: Reuniclus
|-status|p1a: Reuniclus|par
|cant|p1a: Reuniclus|par
|
|-weather|Sandstorm|[upkeep]
|-heal|p1a: Reuniclus|98/100 par|[from] item: Leftovers
|upkeep
|turn|32
|
|t:|1716674810
|move|p2a: Tyranitar|Crunch|p1a: Reuniclus
|-supereffective|p1a: Reuniclus
|-damage|p1a: Reuniclus|70/100 par
|move|p1a: Reuniclus|Acid Armor|p1a: Reuniclus
|-boost|p1a: Reuniclus|def|2
|
|-weather|Sandstorm|[upkeep]
|-heal|p1a: Reuniclus|76/100 par|[from] item: Leftovers
|upkeep
|turn|33
|c|☆killerfishsandiego|it’s just so crazy how
|c|☆killerfishsandiego|this game is lost to
|c|☆killerfishsandiego|drill flinches
|c|☆killerfishsandiego|a 30% chance
|c|☆killerfishsandiego|very interesting how i never win games off 30%s but
|c|☆killerfishsandiego|it seems my opponents do
|c|☆killerfishsandiego|considering you weren’t getting para’ed at all
|
|t:|1716674872
|move|p2a: Tyranitar|Crunch|p1a: Reuniclus
|-supereffective|p1a: Reuniclus
|-damage|p1a: Reuniclus|55/100 par
|cant|p1a: Reuniclus|par
|
|-weather|Sandstorm|[upkeep]
|-heal|p1a: Reuniclus|61/100 par|[from] item: Leftovers
|upkeep
|turn|34
|
|t:|1716674880
|move|p2a: Tyranitar|Crunch|p1a: Reuniclus
|-supereffective|p1a: Reuniclus
|-damage|p1a: Reuniclus|42/100 par
|move|p1a: Reuniclus|Recover|p1a: Reuniclus
|-heal|p1a: Reuniclus|92/100 par
|
|-weather|Sandstorm|[upkeep]
|-heal|p1a: Reuniclus|98/100 par|[from] item: Leftovers
|upkeep
|turn|35
|
|t:|1716674891
|move|p2a: Tyranitar|Crunch|p1a: Reuniclus
|-supereffective|p1a: Reuniclus
|-damage|p1a: Reuniclus|79/100 par
|-unboost|p1a: Reuniclus|def|1
|cant|p1a: Reuniclus|par
|
|-weather|Sandstorm|[upkeep]
|-heal|p1a: Reuniclus|85/100 par|[from] item: Leftovers
|upkeep
|turn|36
|
|t:|1716674895
|move|p2a: Tyranitar|Crunch|p1a: Reuniclus
|-supereffective|p1a: Reuniclus
|-damage|p1a: Reuniclus|63/100 par
|move|p1a: Reuniclus|Acid Armor|p1a: Reuniclus
|-boost|p1a: Reuniclus|def|2
|
|-weather|Sandstorm|[upkeep]
|-heal|p1a: Reuniclus|69/100 par|[from] item: Leftovers
|upkeep
|turn|37
|
|t:|1716674900
|move|p2a: Tyranitar|Crunch|p1a: Reuniclus
|-supereffective|p1a: Reuniclus
|-damage|p1a: Reuniclus|52/100 par
|move|p1a: Reuniclus|Acid Armor|p1a: Reuniclus
|-boost|p1a: Reuniclus|def|1
|
|-weather|Sandstorm|[upkeep]
|-heal|p1a: Reuniclus|58/100 par|[from] item: Leftovers
|upkeep
|turn|38
|
|t:|1716674904
|move|p2a: Tyranitar|Crunch|p1a: Reuniclus
|-supereffective|p1a: Reuniclus
|-damage|p1a: Reuniclus|42/100 par
|-unboost|p1a: Reuniclus|def|1
|move|p1a: Reuniclus|Recover|p1a: Reuniclus
|-heal|p1a: Reuniclus|92/100 par
|
|-weather|Sandstorm|[upkeep]
|-heal|p1a: Reuniclus|99/100 par|[from] item: Leftovers
|upkeep
|turn|39
|
|t:|1716674908
|move|p2a: Tyranitar|Crunch|p1a: Reuniclus
|-supereffective|p1a: Reuniclus
|-damage|p1a: Reuniclus|81/100 par
|cant|p1a: Reuniclus|par
|
|-weather|Sandstorm|[upkeep]
|-heal|p1a: Reuniclus|87/100 par|[from] item: Leftovers
|upkeep
|turn|40
|
|t:|1716674912
|move|p2a: Tyranitar|Crunch|p1a: Reuniclus
|-supereffective|p1a: Reuniclus
|-damage|p1a: Reuniclus|72/100 par
|move|p1a: Reuniclus|Acid Armor|p1a: Reuniclus
|-boost|p1a: Reuniclus|def|1
|
|-weather|Sandstorm|[upkeep]
|-heal|p1a: Reuniclus|78/100 par|[from] item: Leftovers
|upkeep
|turn|41
|
|t:|1716674915
|move|p2a: Tyranitar|Crunch|p1a: Reuniclus
|-supereffective|p1a: Reuniclus
|-damage|p1a: Reuniclus|64/100 par
|move|p1a: Reuniclus|Calm Mind|p1a: Reuniclus
|-boost|p1a: Reuniclus|spa|1
|-boost|p1a: Reuniclus|spd|1
|
|-weather|Sandstorm|[upkeep]
|-heal|p1a: Reuniclus|70/100 par|[from] item: Leftovers
|upkeep
|turn|42
|
|t:|1716674920
|move|p2a: Tyranitar|Crunch|p1a: Reuniclus
|-supereffective|p1a: Reuniclus
|-damage|p1a: Reuniclus|55/100 par
|move|p1a: Reuniclus|Calm Mind|p1a: Reuniclus
|-boost|p1a: Reuniclus|spa|1
|-boost|p1a: Reuniclus|spd|1
|
|-weather|Sandstorm|[upkeep]
|-heal|p1a: Reuniclus|61/100 par|[from] item: Leftovers
|upkeep
|turn|43
|
|t:|1716674925
|move|p2a: Tyranitar|Crunch|p1a: Reuniclus
|-supereffective|p1a: Reuniclus
|-damage|p1a: Reuniclus|47/100 par
|move|p1a: Reuniclus|Recover|p1a: Reuniclus
|-heal|p1a: Reuniclus|97/100 par
|
|-weather|Sandstorm|[upkeep]
|-heal|p1a: Reuniclus|100/100 par|[from] item: Leftovers
|upkeep
|turn|44
|
|t:|1716674928
|move|p2a: Tyranitar|Crunch|p1a: Reuniclus
|-supereffective|p1a: Reuniclus
|-damage|p1a: Reuniclus|86/100 par
|move|p1a: Reuniclus|Calm Mind|p1a: Reuniclus
|-boost|p1a: Reuniclus|spa|1
|-boost|p1a: Reuniclus|spd|1
|
|-weather|Sandstorm|[upkeep]
|-heal|p1a: Reuniclus|92/100 par|[from] item: Leftovers
|upkeep
|turn|45
|
|t:|1716674934
|move|p2a: Tyranitar|Crunch|p1a: Reuniclus
|-supereffective|p1a: Reuniclus
|-damage|p1a: Reuniclus|76/100 par
|-unboost|p1a: Reuniclus|def|1
|cant|p1a: Reuniclus|par
|
|-weather|Sandstorm|[upkeep]
|-heal|p1a: Reuniclus|82/100 par|[from] item: Leftovers
|upkeep
|turn|46
|
|t:|1716674939
|move|p2a: Tyranitar|Crunch|p1a: Reuniclus
|-supereffective|p1a: Reuniclus
|-damage|p1a: Reuniclus|66/100 par
|cant|p1a: Reuniclus|par
|
|-weather|Sandstorm|[upkeep]
|-heal|p1a: Reuniclus|72/100 par|[from] item: Leftovers
|upkeep
|turn|47
|
|t:|1716674943
|move|p2a: Tyranitar|Crunch|p1a: Reuniclus
|-supereffective|p1a: Reuniclus
|-damage|p1a: Reuniclus|56/100 par
|move|p1a: Reuniclus|Acid Armor|p1a: Reuniclus
|-boost|p1a: Reuniclus|def|1
|
|-weather|Sandstorm|[upkeep]
|-heal|p1a: Reuniclus|62/100 par|[from] item: Leftovers
|upkeep
|turn|48
|
|t:|1716674945
|move|p2a: Tyranitar|Crunch|p1a: Reuniclus
|-supereffective|p1a: Reuniclus
|-damage|p1a: Reuniclus|48/100 par
|cant|p1a: Reuniclus|par
|
|-weather|Sandstorm|[upkeep]
|-heal|p1a: Reuniclus|54/100 par|[from] item: Leftovers
|upkeep
|turn|49
|
|t:|1716674948
|move|p2a: Tyranitar|Crunch|p1a: Reuniclus
|-supereffective|p1a: Reuniclus
|-crit|p1a: Reuniclus
|-damage|p1a: Reuniclus|0 fnt
|faint|p1a: Reuniclus
|
|-weather|Sandstorm|[upkeep]
|upkeep
|
|t:|1716674951
|switch|p1a: Latias|Latias, F|100/100
|-damage|p1a: Latias|88/100|[from] Stealth Rock
|turn|50
|
|t:|1716674954
|move|p1a: Latias|Hidden Power|p2a: Tyranitar
|-supereffective|p2a: Tyranitar
|-enditem|p2a: Tyranitar|Chople Berry|[eat]
|-enditem|p2a: Tyranitar|Chople Berry|[weaken]
|-damage|p2a: Tyranitar|81/100
|move|p2a: Tyranitar|Crunch|p1a: Latias
|-supereffective|p1a: Latias
|-enditem|p1a: Latias|Colbur Berry|[eat]
|-enditem|p1a: Latias|Colbur Berry|[weaken]
|-damage|p1a: Latias|39/100
|
|-weather|Sandstorm|[upkeep]
|-damage|p1a: Latias|33/100|[from] Sandstorm
|upkeep
|turn|51
|
|t:|1716674963
|move|p1a: Latias|Thunder Wave|p2a: Tyranitar
|-status|p2a: Tyranitar|par
|move|p2a: Tyranitar|Crunch|p1a: Latias
|-supereffective|p1a: Latias
|-damage|p1a: Latias|0 fnt
|faint|p1a: Latias
|
|win|Blossummm
|raw|killerfishsandiego's rating: 1507 &rarr; <strong>1480</strong><br />(-27 for losing)
|raw|Blossummm's rating: 1384 &rarr; <strong>1411</strong><br />(+27 for winning)
