|j|☆Laone.L.ous
|j|☆Raksbach
|t:|1715148510
|gametype|singles
|player|p1|Laone.L.ous|bellelba|1380
|player|p2|Raksbach|169|1339
|teamsize|p1|6
|teamsize|p2|6
|gen|5
|tier|[Gen 5] OU
|rated|
|rule|Species Clause: Limit one of each Pokémon
|rule|OHKO Clause: OHKO moves are banned
|rule|Moody Clause: Moody is banned
|rule|Evasion Items Clause: Evasion items are banned
|rule|Evasion Moves Clause: Evasion moves are banned
|rule|Endless Battle Clause: Forcing endless battles is banned
|rule|HP Percentage Mod: HP is shown in percentages
|rule|Evasion Abilities Clause: Evasion abilities are banned
|rule|Sleep Moves Clause: Sleep-inducing moves are banned
|rule|Swagger Clause: Swagger is banned
|rule|Baton Pass Stat Clause: No Baton Passer may have a way to boost its stats
|clearpoke
|poke|p1|Keldeo-Resolute|item
|poke|p1|Politoed, F|item
|poke|p1|Scizor, F|item
|poke|p1|Thundurus-Therian, M|item
|poke|p1|Ferrothorn, F|item
|poke|p1|Tentacruel, F|item
|poke|p2|Garchomp, F|item
|poke|p2|Kyurem-Black|item
|poke|p2|Dragonite, M|item
|poke|p2|Starmie|item
|poke|p2|Jirachi|item
|poke|p2|Magnezone|item
|teampreview
|inactive|Battle timer is ON: inactive players will automatically lose when time's up. (requested by Laone.L.ous)
|
|t:|1715148526
|start
|switch|p1a: Politoed|Politoed, F, shiny|100/100
|switch|p2a: Garchomp|Garchomp, F|100/100
|-weather|RainDance|[from] ability: Drizzle|[of] p1a: Politoed
|turn|1
|
|t:|1715148538
|move|p2a: Garchomp|Stealth Rock|p1a: Politoed
|-sidestart|p1: Laone.L.ous|move: Stealth Rock
|move|p1a: Politoed|Hydro Pump|p2a: Garchomp
|-damage|p2a: Garchomp|0 fnt
|faint|p2a: Garchomp
|
|-weather|RainDance|[upkeep]
|upkeep
|
|t:|1715148550
|switch|p2a: Kyurem|Kyurem-Black|100/100
|-ability|p2a: Kyurem|Teravolt
|turn|2
|
|t:|1715148557
|switch|p1a: Ferrothorn|Ferrothorn, F, shiny|100/100
|-damage|p1a: Ferrothorn|94/100|[from] Stealth Rock
|move|p2a: Kyurem|Ice Beam|p1a: Ferrothorn
|-damage|p1a: Ferrothorn|47/100
|-damage|p2a: Kyurem|91/100|[from] item: Life Orb
|
|-weather|RainDance|[upkeep]
|-heal|p1a: Ferrothorn|53/100|[from] item: Leftovers
|upkeep
|turn|3
|
|t:|1715148565
|switch|p2a: Magnezone|Magnezone|100/100
|-item|p2a: Magnezone|Air Balloon
|move|p1a: Ferrothorn|Gyro Ball|p2a: Magnezone
|-resisted|p2a: Magnezone
|-damage|p2a: Magnezone|88/100
|-enditem|p2a: Magnezone|Air Balloon
|
|-weather|RainDance|[upkeep]
|-heal|p1a: Ferrothorn|59/100|[from] item: Leftovers
|upkeep
|turn|4
|
|t:|1715148575
|move|p2a: Magnezone|Substitute|p2a: Magnezone
|-start|p2a: Magnezone|Substitute
|-damage|p2a: Magnezone|63/100
|move|p1a: Ferrothorn|Stealth Rock|p2a: Magnezone
|-sidestart|p2: Raksbach|move: Stealth Rock
|
|-weather|RainDance|[upkeep]
|-heal|p1a: Ferrothorn|65/100|[from] item: Leftovers
|upkeep
|turn|5
|
|t:|1715148585
|move|p2a: Magnezone|Hidden Power|p1a: Ferrothorn
|-supereffective|p1a: Ferrothorn
|-damage|p1a: Ferrothorn|29/100
|move|p1a: Ferrothorn|Spikes|p2a: Magnezone
|-sidestart|p2: Raksbach|Spikes
|
|-weather|RainDance|[upkeep]
|-heal|p1a: Ferrothorn|35/100|[from] item: Leftovers
|upkeep
|turn|6
|
|t:|1715148595
|move|p2a: Magnezone|Hidden Power|p1a: Ferrothorn
|-supereffective|p1a: Ferrothorn
|-damage|p1a: Ferrothorn|0 fnt
|faint|p1a: Ferrothorn
|
|-weather|RainDance|[upkeep]
|upkeep
|
|t:|1715148604
|switch|p1a: Tentacruel|Tentacruel, F, shiny|100/100
|-damage|p1a: Tentacruel|88/100|[from] Stealth Rock
|turn|7
|
|t:|1715148610
|move|p1a: Tentacruel|Toxic Spikes|p2a: Magnezone
|-sidestart|p2: Raksbach|move: Toxic Spikes
|move|p2a: Magnezone|Thunderbolt|p1a: Tentacruel
|-supereffective|p1a: Tentacruel
|-damage|p1a: Tentacruel|22/100
|
|-weather|RainDance|[upkeep]
|-heal|p1a: Tentacruel|28/100|[from] ability: Rain Dish
|-heal|p1a: Tentacruel|34/100|[from] item: Black Sludge
|upkeep
|turn|8
|
|t:|1715148618
|move|p1a: Tentacruel|Rapid Spin|p2a: Magnezone
|-resisted|p2a: Magnezone
|-activate|p2a: Magnezone|Substitute|[damage]
|-sideend|p1: Laone.L.ous|Stealth Rock|[from] move: Rapid Spin|[of] p1a: Tentacruel
|move|p2a: Magnezone|Thunderbolt|p1a: Tentacruel
|-supereffective|p1a: Tentacruel
|-damage|p1a: Tentacruel|0 fnt
|faint|p1a: Tentacruel
|
|-weather|RainDance|[upkeep]
|upkeep
|
|t:|1715148624
|switch|p1a: Thundurus|Thundurus-Therian, M, shiny|100/100
|turn|9
|
|t:|1715148628
|move|p1a: Thundurus|Volt Switch|p2a: Magnezone
|-resisted|p2a: Magnezone
|-end|p2a: Magnezone|Substitute
|
|t:|1715148636
|switch|p1a: Scizor|Scizor, F, shiny|100/100|[from] Volt Switch
|move|p2a: Magnezone|Flash Cannon|p1a: Scizor
|-resisted|p1a: Scizor
|-damage|p1a: Scizor|67/100
|
|-weather|RainDance|[upkeep]
|upkeep
|turn|10
|
|t:|1715148642
|move|p1a: Scizor|U-turn|p2a: Magnezone
|-resisted|p2a: Magnezone
|-damage|p2a: Magnezone|33/100
|
|t:|1715148645
|switch|p1a: Thundurus|Thundurus-Therian, M, shiny|100/100|[from] U-turn
|move|p2a: Magnezone|Hidden Power|p1a: Thundurus
|-damage|p1a: Thundurus|81/100
|
|-weather|RainDance|[upkeep]
|upkeep
|turn|11
|
|t:|1715148656
|move|p1a: Thundurus|Thunder|p2a: Magnezone
|-resisted|p2a: Magnezone
|-damage|p2a: Magnezone|0 fnt
|faint|p2a: Magnezone
|
|-weather|RainDance|[upkeep]
|upkeep
|
|t:|1715148660
|switch|p2a: Starmie|Starmie|100/100
|-damage|p2a: Starmie|88/100|[from] Stealth Rock
|-damage|p2a: Starmie|76/100|[from] Spikes
|-status|p2a: Starmie|psn
|turn|12
|
|t:|1715148663
|move|p1a: Thundurus|Thunder|p2a: Starmie
|-supereffective|p2a: Starmie
|-crit|p2a: Starmie
|-damage|p2a: Starmie|0 fnt
|faint|p2a: Starmie
|
|-weather|RainDance|[upkeep]
|upkeep
|
|t:|1715148670
|switch|p2a: Jirachi|Jirachi|100/100
|-damage|p2a: Jirachi|94/100|[from] Stealth Rock
|-damage|p2a: Jirachi|82/100|[from] Spikes
|turn|13
|
|t:|1715148675
|move|p1a: Thundurus|Thunder|p2a: Jirachi
|-damage|p2a: Jirachi|22/100
|move|p2a: Jirachi|Ice Punch|p1a: Thundurus
|-supereffective|p1a: Thundurus
|-damage|p1a: Thundurus|21/100
|
|-weather|RainDance|[upkeep]
|upkeep
|turn|14
|
|t:|1715148680
|move|p1a: Thundurus|Thunder|p2a: Jirachi
|-damage|p2a: Jirachi|0 fnt
|faint|p2a: Jirachi
|
|-weather|RainDance|[upkeep]
|upkeep
|
|t:|1715148686
|switch|p2a: Dragonite|Dragonite, M|100/100
|-damage|p2a: Dragonite|76/100|[from] Stealth Rock
|turn|15
|
|t:|1715148689
|move|p2a: Dragonite|Extreme Speed|p1a: Thundurus
|-damage|p1a: Thundurus|0 fnt
|faint|p1a: Thundurus
|
|-weather|RainDance|[upkeep]
|upkeep
|
|t:|1715148697
|switch|p1a: Scizor|Scizor, F, shiny|67/100
|turn|16
|
|t:|1715148701
|move|p1a: Scizor|Bullet Punch|p2a: Dragonite
|-damage|p2a: Dragonite|24/100
|move|p2a: Dragonite|Fire Punch|p1a: Scizor
|-supereffective|p1a: Scizor
|-damage|p1a: Scizor|0 fnt
|faint|p1a: Scizor
|
|-weather|RainDance|[upkeep]
|upkeep
|
|t:|1715148705
|switch|p1a: Politoed|Politoed, F, shiny|100/100
|turn|17
|
|t:|1715148716
|move|p2a: Dragonite|Extreme Speed|p1a: Politoed
|-damage|p1a: Politoed|57/100
|move|p1a: Politoed|Focus Blast|p2a: Dragonite|[miss]
|-miss|p1a: Politoed|p2a: Dragonite
|
|-weather|RainDance|[upkeep]
|upkeep
|turn|18
|
|t:|1715148725
|move|p2a: Dragonite|Extreme Speed|p1a: Politoed
|-damage|p1a: Politoed|19/100
|move|p1a: Politoed|Focus Blast|p2a: Dragonite
|-resisted|p2a: Dragonite
|-damage|p2a: Dragonite|0 fnt
|faint|p2a: Dragonite
|
|-weather|RainDance|[upkeep]
|upkeep
|
|t:|1715148731
|switch|p2a: Kyurem|Kyurem-Black|91/100
|-damage|p2a: Kyurem|66/100|[from] Stealth Rock
|-damage|p2a: Kyurem|53/100|[from] Spikes
|-status|p2a: Kyurem|psn
|-ability|p2a: Kyurem|Teravolt
|turn|19
|
|t:|1715148733
|move|p2a: Kyurem|Fusion Bolt|p1a: Politoed
|-supereffective|p1a: Politoed
|-damage|p1a: Politoed|0 fnt
|faint|p1a: Politoed
|-damage|p2a: Kyurem|43/100 psn|[from] item: Life Orb
|
|-weather|RainDance|[upkeep]
|-damage|p2a: Kyurem|31/100 psn|[from] psn
|upkeep
|
|t:|1715148736
|switch|p1a: Keldeo|Keldeo-Resolute|100/100
|turn|20
|
|t:|1715148738
|move|p1a: Keldeo|Secret Sword|p2a: Kyurem
|-supereffective|p2a: Kyurem
|-crit|p2a: Kyurem
|-damage|p2a: Kyurem|0 fnt
|faint|p2a: Kyurem
|
|win|Laone.L.ous
|raw|Laone.L.ous's rating: 1380 &rarr; <strong>1398</strong><br />(+18 for winning)
|raw|Raksbach's rating: 1339 &rarr; <strong>1321</strong><br />(-18 for losing)
|l|☆Raksbach
|player|p2|
