|j|☆E.V.A 008
|j|☆leoperi99
|t:|1717088817
|gametype|singles
|player|p1|E.V.A 008|steven|1377
|player|p2|leoperi99|sage-gen2jp|1481
|teamsize|p1|6
|teamsize|p2|6
|gen|5
|tier|[Gen 5] OU
|rated|
|rule|Species Clause: Limit one of each Pokémon
|rule|OHKO Clause: OHKO moves are banned
|rule|Moody Clause: Moody is banned
|rule|Evasion Items Clause: Evasion items are banned
|rule|Evasion Moves Clause: Evasion moves are banned
|rule|Endless Battle Clause: Forcing endless battles is banned
|rule|HP Percentage Mod: HP is shown in percentages
|rule|Evasion Abilities Clause: Evasion abilities are banned
|rule|Sleep Moves Clause: Sleep-inducing moves are banned
|rule|Swagger Clause: Swagger is banned
|rule|Baton Pass Stat Clause: No Baton Passer may have a way to boost its stats
|clearpoke
|poke|p1|Jirachi|item
|poke|p1|Magnezone|item
|poke|p1|Latios, M|item
|poke|p1|Garchomp, M|item
|poke|p1|Kyurem-Black|item
|poke|p1|Salamence, F|item
|poke|p2|Politoed, M|item
|poke|p2|Reuniclus, F|item
|poke|p2|Chansey, F|item
|poke|p2|Gliscor, F|item
|poke|p2|Ferrothorn, F|item
|poke|p2|Tentacruel, F|item
|teampreview
|
|t:|1717088826
|start
|switch|p1a: Jirachi|Jirachi|100/100
|switch|p2a: Tentacruel|Tentacruel, F|100/100
|turn|1
|
|t:|1717088831
|move|p2a: Tentacruel|Toxic Spikes|p1a: Jirachi
|-sidestart|p1: E.V.A 008|move: Toxic Spikes
|move|p1a: Jirachi|Thunder|p2a: Tentacruel
|-supereffective|p2a: Tentacruel
|-damage|p2a: Tentacruel|56/100
|-status|p2a: Tentacruel|par
|
|-heal|p2a: Tentacruel|62/100 par|[from] item: Black Sludge
|upkeep
|turn|2
|
|t:|1717088835
|move|p1a: Jirachi|Stealth Rock|p2a: Tentacruel
|-sidestart|p2: leoperi99|move: Stealth Rock
|cant|p2a: Tentacruel|par
|
|-heal|p2a: Tentacruel|68/100 par|[from] item: Black Sludge
|upkeep
|turn|3
|
|t:|1717088838
|move|p1a: Jirachi|Thunder|p2a: Tentacruel|[miss]
|-miss|p1a: Jirachi|p2a: Tentacruel
|move|p2a: Tentacruel|Rapid Spin|p1a: Jirachi
|-resisted|p1a: Jirachi
|-damage|p1a: Jirachi|99/100
|-sideend|p2: leoperi99|Stealth Rock|[from] move: Rapid Spin|[of] p2a: Tentacruel
|
|-heal|p1a: Jirachi|100/100|[from] item: Leftovers
|-heal|p2a: Tentacruel|74/100 par|[from] item: Black Sludge
|upkeep
|turn|4
|
|t:|1717088842
|move|p1a: Jirachi|Stealth Rock|p2a: Tentacruel
|-sidestart|p2: leoperi99|move: Stealth Rock
|move|p2a: Tentacruel|Toxic Spikes|p1a: Jirachi
|-sidestart|p1: E.V.A 008|move: Toxic Spikes
|
|-heal|p2a: Tentacruel|80/100 par|[from] item: Black Sludge
|upkeep
|turn|5
|
|t:|1717088845
|cant|p2a: Tentacruel|par
|move|p1a: Jirachi|Thunder|p2a: Tentacruel|[miss]
|-miss|p1a: Jirachi|p2a: Tentacruel
|
|-heal|p2a: Tentacruel|86/100 par|[from] item: Black Sludge
|upkeep
|turn|6
|
|t:|1717088848
|move|p1a: Jirachi|Thunder|p2a: Tentacruel
|-supereffective|p2a: Tentacruel
|-damage|p2a: Tentacruel|42/100 par
|move|p2a: Tentacruel|Rapid Spin|p1a: Jirachi
|-resisted|p1a: Jirachi
|-crit|p1a: Jirachi
|-damage|p1a: Jirachi|98/100
|-sideend|p2: leoperi99|Stealth Rock|[from] move: Rapid Spin|[of] p2a: Tentacruel
|
|-heal|p1a: Jirachi|100/100|[from] item: Leftovers
|-heal|p2a: Tentacruel|48/100 par|[from] item: Black Sludge
|upkeep
|turn|7
|
|t:|1717088853
|switch|p2a: Gliscor|Gliscor, F|100/100
|move|p1a: Jirachi|Stealth Rock|p2a: Gliscor
|-sidestart|p2: leoperi99|move: Stealth Rock
|
|-status|p2a: Gliscor|tox|[from] item: Toxic Orb
|upkeep
|turn|8
|
|t:|1717088858
|switch|p1a: Salamence|Salamence, F|100/100
|-ability|p1a: Salamence|Intimidate|boost
|-unboost|p2a: Gliscor|atk|1
|move|p2a: Gliscor|Swords Dance|p2a: Gliscor
|-boost|p2a: Gliscor|atk|2
|
|upkeep
|turn|9
|
|t:|1717088865
|move|p2a: Gliscor|Protect|p2a: Gliscor
|-singleturn|p2a: Gliscor|Protect
|move|p1a: Salamence|Hydro Pump|p2a: Gliscor
|-activate|p2a: Gliscor|move: Protect
|
|upkeep
|turn|10
|
|t:|1717088873
|move|p1a: Salamence|Hydro Pump|p2a: Gliscor
|-supereffective|p2a: Gliscor
|-damage|p2a: Gliscor|0 fnt
|faint|p2a: Gliscor
|-damage|p1a: Salamence|90/100|[from] item: Life Orb
|
|upkeep
|
|t:|1717088878
|switch|p2a: Politoed|Politoed, M, shiny|100/100
|-damage|p2a: Politoed|88/100|[from] Stealth Rock
|-weather|RainDance|[from] ability: Drizzle|[of] p2a: Politoed
|turn|11
|
|t:|1717088880
|move|p2a: Politoed|Ice Beam|p1a: Salamence
|-supereffective|p1a: Salamence
|-damage|p1a: Salamence|4/100
|move|p1a: Salamence|Draco Meteor|p2a: Politoed
|-damage|p2a: Politoed|5/100
|-unboost|p1a: Salamence|spa|2
|-damage|p1a: Salamence|0 fnt|[from] item: Life Orb
|faint|p1a: Salamence
|
|-weather|RainDance|[upkeep]
|upkeep
|
|t:|1717088884
|switch|p1a: Magnezone|Magnezone|100/100
|-item|p1a: Magnezone|Air Balloon
|turn|12
|
|t:|1717088887
|move|p2a: Politoed|Ice Beam|p1a: Magnezone
|-resisted|p1a: Magnezone
|-damage|p1a: Magnezone|88/100
|-enditem|p1a: Magnezone|Air Balloon
|move|p1a: Magnezone|Thunderbolt|p2a: Politoed
|-supereffective|p2a: Politoed
|-damage|p2a: Politoed|0 fnt
|faint|p2a: Politoed
|
|-weather|RainDance|[upkeep]
|upkeep
|
|t:|1717088894
|switch|p2a: Chansey|Chansey, F|100/100
|-damage|p2a: Chansey|88/100|[from] Stealth Rock
|turn|13
|
|t:|1717088901
|move|p1a: Magnezone|Sunny Day|p1a: Magnezone
|-weather|SunnyDay
|move|p2a: Chansey|Stealth Rock|p1a: Magnezone
|-sidestart|p1: E.V.A 008|move: Stealth Rock
|
|-weather|SunnyDay|[upkeep]
|upkeep
|turn|14
|
|t:|1717088912
|switch|p1a: Jirachi|Jirachi|100/100
|-damage|p1a: Jirachi|94/100|[from] Stealth Rock
|move|p2a: Chansey|Seismic Toss|p1a: Jirachi
|-damage|p1a: Jirachi|70/100
|
|-weather|SunnyDay|[upkeep]
|-heal|p1a: Jirachi|76/100|[from] item: Leftovers
|upkeep
|turn|15
|
|t:|1717088919
|move|p1a: Jirachi|U-turn|p2a: Chansey
|-damage|p2a: Chansey|76/100
|
|t:|1717088921
|switch|p1a: Latios|Latios, M|100/100|[from] U-turn
|-damage|p1a: Latios|88/100|[from] Stealth Rock
|move|p2a: Chansey|Seismic Toss|p1a: Latios
|-damage|p1a: Latios|55/100
|
|-weather|SunnyDay|[upkeep]
|upkeep
|turn|16
|
|t:|1717088924
|move|p1a: Latios|Trick|p2a: Chansey
|-activate|p1a: Latios|move: Trick|[of] p2a: Chansey
|-item|p2a: Chansey|Choice Specs|[from] move: Trick
|-item|p1a: Latios|Eviolite|[from] move: Trick
|move|p2a: Chansey|Seismic Toss|p1a: Latios
|-damage|p1a: Latios|22/100
|
|-weather|SunnyDay|[upkeep]
|upkeep
|turn|17
|
|t:|1717088929
|move|p1a: Latios|Draco Meteor|p2a: Chansey
|-damage|p2a: Chansey|45/100
|-unboost|p1a: Latios|spa|2
|move|p2a: Chansey|Seismic Toss|p1a: Latios
|-damage|p1a: Latios|0 fnt
|faint|p1a: Latios
|
|-weather|none
|upkeep
|
|t:|1717088934
|switch|p1a: Garchomp|Garchomp, M|100/100
|-status|p1a: Garchomp|tox
|-damage|p1a: Garchomp|94/100 tox|[from] Stealth Rock
|turn|18
|
|t:|1717088944
|switch|p2a: Tentacruel|Tentacruel, F|48/100 par
|-damage|p2a: Tentacruel|36/100 par|[from] Stealth Rock
|move|p1a: Garchomp|Earthquake|p2a: Tentacruel
|-supereffective|p2a: Tentacruel
|-damage|p2a: Tentacruel|0 fnt
|faint|p2a: Tentacruel
|
|-damage|p1a: Garchomp|88/100 tox|[from] psn
|upkeep
|
|t:|1717088950
|switch|p2a: Reuniclus|Reuniclus, F|100/100
|turn|19
|
|t:|1717088952
|switch|p1a: Kyurem|Kyurem-Black|100/100
|-status|p1a: Kyurem|tox
|-damage|p1a: Kyurem|76/100 tox|[from] Stealth Rock
|-ability|p1a: Kyurem|Teravolt
|move|p2a: Reuniclus|Psychic|p1a: Kyurem
|-damage|p1a: Kyurem|42/100 tox
|
|-damage|p1a: Kyurem|36/100 tox|[from] psn
|upkeep
|turn|20
|
|t:|1717088956
|switch|p1a: Magnezone|Magnezone|88/100
|-damage|p1a: Magnezone|82/100|[from] Stealth Rock
|switch|p2a: Ferrothorn|Ferrothorn, F|100/100
|-damage|p2a: Ferrothorn|94/100|[from] Stealth Rock
|
|-heal|p2a: Ferrothorn|100/100|[from] item: Leftovers
|upkeep
|turn|21
|
|t:|1717088958
|move|p1a: Magnezone|Hidden Power|p2a: Ferrothorn
|-supereffective|p2a: Ferrothorn
|-damage|p2a: Ferrothorn|33/100
|move|p2a: Ferrothorn|Spikes|p1a: Magnezone
|-sidestart|p1: E.V.A 008|Spikes
|
|-heal|p2a: Ferrothorn|40/100|[from] item: Leftovers
|upkeep
|turn|22
|
|t:|1717088961
|move|p1a: Magnezone|Hidden Power|p2a: Ferrothorn
|-supereffective|p2a: Ferrothorn
|-damage|p2a: Ferrothorn|0 fnt
|faint|p2a: Ferrothorn
|
|upkeep
|
|t:|1717088968
|switch|p2a: Reuniclus|Reuniclus, F|100/100
|turn|23
|
|t:|1717088974
|move|p1a: Magnezone|Thunderbolt|p2a: Reuniclus
|-damage|p2a: Reuniclus|53/100
|move|p2a: Reuniclus|Calm Mind|p2a: Reuniclus
|-boost|p2a: Reuniclus|spa|1
|-boost|p2a: Reuniclus|spd|1
|
|-heal|p2a: Reuniclus|60/100|[from] item: Leftovers
|upkeep
|turn|24
|
|t:|1717088977
|move|p1a: Magnezone|Thunderbolt|p2a: Reuniclus
|-damage|p2a: Reuniclus|24/100
|move|p2a: Reuniclus|Recover|p2a: Reuniclus
|-heal|p2a: Reuniclus|74/100
|
|-heal|p2a: Reuniclus|80/100|[from] item: Leftovers
|upkeep
|turn|25
|
|t:|1717088979
|switch|p1a: Kyurem|Kyurem-Black|36/100 tox
|-damage|p1a: Kyurem|11/100 tox|[from] Stealth Rock
|-damage|p1a: Kyurem|0 fnt|[from] Spikes
|faint|p1a: Kyurem
|move|p2a: Reuniclus|Calm Mind|p2a: Reuniclus
|-boost|p2a: Reuniclus|spa|1
|-boost|p2a: Reuniclus|spd|1
|
|-heal|p2a: Reuniclus|86/100|[from] item: Leftovers
|upkeep
|
|t:|1717088983
|switch|p1a: Garchomp|Garchomp, M|88/100 tox
|-damage|p1a: Garchomp|82/100 tox|[from] Stealth Rock
|-damage|p1a: Garchomp|70/100 tox|[from] Spikes
|turn|26
|
|t:|1717088989
|move|p1a: Garchomp|Outrage|p2a: Reuniclus
|-damage|p2a: Reuniclus|43/100
|move|p2a: Reuniclus|Psychic|p1a: Garchomp
|-damage|p1a: Garchomp|0 fnt
|faint|p1a: Garchomp
|
|-heal|p2a: Reuniclus|49/100|[from] item: Leftovers
|upkeep
|
|t:|1717088992
|switch|p1a: Jirachi|Jirachi|76/100
|-damage|p1a: Jirachi|70/100|[from] Stealth Rock
|-damage|p1a: Jirachi|57/100|[from] Spikes
|turn|27
|
|t:|1717088994
|move|p1a: Jirachi|U-turn|p2a: Reuniclus
|-supereffective|p2a: Reuniclus
|-damage|p2a: Reuniclus|28/100
|
|t:|1717088997
|switch|p1a: Magnezone|Magnezone|82/100|[from] U-turn
|-damage|p1a: Magnezone|76/100|[from] Stealth Rock
|-damage|p1a: Magnezone|63/100|[from] Spikes
|move|p2a: Reuniclus|Signal Beam|p1a: Magnezone
|-resisted|p1a: Magnezone
|-damage|p1a: Magnezone|38/100
|
|-heal|p2a: Reuniclus|34/100|[from] item: Leftovers
|upkeep
|turn|28
|
|t:|1717088999
|move|p1a: Magnezone|Thunderbolt|p2a: Reuniclus
|-damage|p2a: Reuniclus|8/100
|move|p2a: Reuniclus|Recover|p2a: Reuniclus
|-heal|p2a: Reuniclus|58/100
|
|-heal|p2a: Reuniclus|64/100|[from] item: Leftovers
|upkeep
|turn|29
|-message|E.V.A 008 forfeited.
|
|win|leoperi99
|raw|E.V.A 008's rating: 1377 &rarr; <strong>1363</strong><br />(-14 for losing)
|raw|leoperi99's rating: 1481 &rarr; <strong>1495</strong><br />(+14 for winning)
|l|☆E.V.A 008
|player|p1|
