|j|☆stonya
|j|☆night bliz
|t:|1722614721
|gametype|singles
|player|p1|stonya|1|1377
|player|p2|night bliz|dragontamer-gen3|1426
|teamsize|p1|6
|teamsize|p2|6
|gen|5
|tier|[Gen 5] OU
|rated|
|rule|Species Clause: Limit one of each Pokémon
|rule|OHKO Clause: OHKO moves are banned
|rule|Moody Clause: Moody is banned
|rule|Evasion Items Clause: Evasion items are banned
|rule|Evasion Moves Clause: Evasion moves are banned
|rule|Endless Battle Clause: Forcing endless battles is banned
|rule|HP Percentage Mod: HP is shown in percentages
|rule|Evasion Abilities Clause: Evasion abilities are banned
|rule|Sleep Moves Clause: Sleep-inducing moves are banned
|rule|Swagger Clause: Swagger is banned
|rule|Baton Pass Stat Clause: No Baton Passer may have a way to boost its stats
|clearpoke
|poke|p1|Tyranitar, M|item
|poke|p1|Magnezone|item
|poke|p1|Terrakion|item
|poke|p1|Latios, M|item
|poke|p1|Scizor, F|item
|poke|p1|Landorus-Therian, M|item
|poke|p2|Hippowdon, M|item
|poke|p2|Ferrothorn, F|item
|poke|p2|Magnezone|item
|poke|p2|Latios, M|item
|poke|p2|Excadrill, M|item
|poke|p2|Reuniclus, F|item
|teampreview
|
|t:|1722614740
|start
|switch|p1a: Bron Bron|Landorus-Therian, M|100/100
|switch|p2a: Hippowdon|Hippowdon, M|100/100
|-ability|p1a: Bron Bron|Intimidate|boost
|-unboost|p2a: Hippowdon|atk|1
|-weather|Sandstorm|[from] ability: Sand Stream|[of] p2a: Hippowdon
|turn|1
|
|t:|1722614744
|move|p1a: Bron Bron|Toxic|p2a: Hippowdon
|-status|p2a: Hippowdon|tox
|move|p2a: Hippowdon|Stealth Rock|p1a: Bron Bron
|-sidestart|p1: stonya|move: Stealth Rock
|
|-weather|Sandstorm|[upkeep]
|-damage|p2a: Hippowdon|94/100 tox|[from] psn
|upkeep
|turn|2
|
|t:|1722614749
|switch|p1a: Pat Riely|Tyranitar, M|100/100
|-damage|p1a: Pat Riely|88/100|[from] Stealth Rock
|move|p2a: Hippowdon|Slack Off|p2a: Hippowdon
|-heal|p2a: Hippowdon|100/100 tox
|
|-weather|Sandstorm|[upkeep]
|-heal|p1a: Pat Riely|94/100|[from] item: Leftovers
|-damage|p2a: Hippowdon|88/100 tox|[from] psn
|upkeep
|turn|3
|
|t:|1722614752
|move|p1a: Pat Riely|Stealth Rock|p2a: Hippowdon
|-sidestart|p2: night bliz|move: Stealth Rock
|move|p2a: Hippowdon|Earthquake|p1a: Pat Riely
|-supereffective|p1a: Pat Riely
|-damage|p1a: Pat Riely|51/100
|
|-weather|Sandstorm|[upkeep]
|-heal|p1a: Pat Riely|57/100|[from] item: Leftovers
|-heal|p2a: Hippowdon|94/100 tox|[from] item: Leftovers
|-damage|p2a: Hippowdon|76/100 tox|[from] psn
|upkeep
|turn|4
|
|t:|1722614756
|switch|p2a: Ferrothorn|Ferrothorn, F|100/100
|-damage|p2a: Ferrothorn|94/100|[from] Stealth Rock
|move|p1a: Pat Riely|Ice Beam|p2a: Ferrothorn
|-damage|p2a: Ferrothorn|77/100
|
|-weather|Sandstorm|[upkeep]
|-heal|p1a: Pat Riely|64/100|[from] item: Leftovers
|-heal|p2a: Ferrothorn|83/100|[from] item: Leftovers
|upkeep
|turn|5
|
|t:|1722614763
|switch|p1a: Bron Bron|Landorus-Therian, M|100/100
|-damage|p1a: Bron Bron|88/100|[from] Stealth Rock
|-ability|p1a: Bron Bron|Intimidate|boost
|-unboost|p2a: Ferrothorn|atk|1
|switch|p2a: Reuniclus|Reuniclus, F|100/100
|
|-weather|Sandstorm|[upkeep]
|upkeep
|turn|6
|
|t:|1722614767
|move|p1a: Bron Bron|U-turn|p2a: Reuniclus
|-supereffective|p2a: Reuniclus
|-damage|p2a: Reuniclus|51/100
|
|t:|1722614769
|switch|p1a: Miller|Scizor, F, shiny|100/100|[from] U-turn
|-damage|p1a: Miller|88/100|[from] Stealth Rock
|move|p2a: Reuniclus|Calm Mind|p2a: Reuniclus
|-boost|p2a: Reuniclus|spa|1
|-boost|p2a: Reuniclus|spd|1
|
|-weather|Sandstorm|[upkeep]
|-heal|p2a: Reuniclus|57/100|[from] item: Leftovers
|upkeep
|turn|7
|inactive|Battle timer is ON: inactive players will automatically lose when time's up. (requested by stonya)
|
|t:|1722614830
|switch|p2a: Magnezone|Magnezone|100/100
|-damage|p2a: Magnezone|94/100|[from] Stealth Rock
|-item|p2a: Magnezone|Air Balloon
|move|p1a: Miller|U-turn|p2a: Magnezone
|-resisted|p2a: Magnezone
|-damage|p2a: Magnezone|62/100
|-enditem|p2a: Magnezone|Air Balloon
|
|t:|1722614834
|switch|p1a: D.Wade|Terrakion|100/100|[from] U-turn
|-damage|p1a: D.Wade|94/100|[from] Stealth Rock
|
|-weather|Sandstorm|[upkeep]
|upkeep
|turn|8
|
|t:|1722614845
|move|p1a: D.Wade|Close Combat|p2a: Magnezone
|-supereffective|p2a: Magnezone
|-damage|p2a: Magnezone|0 fnt
|-unboost|p1a: D.Wade|def|1
|-unboost|p1a: D.Wade|spd|1
|faint|p2a: Magnezone
|
|-weather|Sandstorm|[upkeep]
|upkeep
|
|t:|1722614853
|switch|p2a: Latios|Latios, M|100/100
|-damage|p2a: Latios|88/100|[from] Stealth Rock
|turn|9
|
|t:|1722614857
|switch|p1a: Pat Riely|Tyranitar, M|64/100
|-damage|p1a: Pat Riely|51/100|[from] Stealth Rock
|move|p2a: Latios|Surf|p1a: Pat Riely
|-supereffective|p1a: Pat Riely
|-crit|p1a: Pat Riely
|-damage|p1a: Pat Riely|0 fnt
|faint|p1a: Pat Riely
|
|-weather|Sandstorm|[upkeep]
|-damage|p2a: Latios|82/100|[from] Sandstorm
|upkeep
|
|t:|1722614861
|switch|p1a: Bosh|Latios, M, shiny|100/100
|-damage|p1a: Bosh|88/100|[from] Stealth Rock
|turn|10
|
|t:|1722614866
|switch|p1a: Ray Allen|Magnezone|100/100
|-damage|p1a: Ray Allen|94/100|[from] Stealth Rock
|switch|p2a: Ferrothorn|Ferrothorn, F|83/100
|-damage|p2a: Ferrothorn|77/100|[from] Stealth Rock
|
|-weather|Sandstorm|[upkeep]
|-heal|p1a: Ray Allen|100/100|[from] item: Leftovers
|-heal|p2a: Ferrothorn|83/100|[from] item: Leftovers
|upkeep
|turn|11
|
|t:|1722614868
|move|p1a: Ray Allen|Substitute|p1a: Ray Allen
|-start|p1a: Ray Allen|Substitute
|-damage|p1a: Ray Allen|76/100
|move|p2a: Ferrothorn|Leech Seed||[still]
|-fail|p2a: Ferrothorn
|
|-weather|Sandstorm|[upkeep]
|-heal|p1a: Ray Allen|82/100|[from] item: Leftovers
|-heal|p2a: Ferrothorn|89/100|[from] item: Leftovers
|upkeep
|turn|12
|
|t:|1722614870
|move|p1a: Ray Allen|Charge Beam|p2a: Ferrothorn|[miss]
|-miss|p1a: Ray Allen|p2a: Ferrothorn
|move|p2a: Ferrothorn|Power Whip|p1a: Ray Allen
|-resisted|p1a: Ray Allen
|-activate|p1a: Ray Allen|Substitute|[damage]
|
|-weather|Sandstorm|[upkeep]
|-heal|p1a: Ray Allen|88/100|[from] item: Leftovers
|-heal|p2a: Ferrothorn|96/100|[from] item: Leftovers
|upkeep
|turn|13
|
|t:|1722614873
|move|p2a: Ferrothorn|Protect|p2a: Ferrothorn
|-singleturn|p2a: Ferrothorn|Protect
|move|p1a: Ray Allen|Charge Beam|p2a: Ferrothorn
|-activate|p2a: Ferrothorn|move: Protect
|
|-weather|Sandstorm|[upkeep]
|-heal|p1a: Ray Allen|94/100|[from] item: Leftovers
|-heal|p2a: Ferrothorn|100/100|[from] item: Leftovers
|upkeep
|turn|14
|
|t:|1722614876
|move|p1a: Ray Allen|Charge Beam|p2a: Ferrothorn
|-resisted|p2a: Ferrothorn
|-damage|p2a: Ferrothorn|90/100
|-boost|p1a: Ray Allen|spa|1
|move|p2a: Ferrothorn|Spikes|p1a: Ray Allen
|-sidestart|p1: stonya|Spikes
|
|-weather|Sandstorm|[upkeep]
|-heal|p1a: Ray Allen|99/100|[from] item: Leftovers
|-heal|p2a: Ferrothorn|97/100|[from] item: Leftovers
|upkeep
|turn|15
|
|t:|1722614877
|move|p2a: Ferrothorn|Protect|p2a: Ferrothorn
|-singleturn|p2a: Ferrothorn|Protect
|move|p1a: Ray Allen|Charge Beam|p2a: Ferrothorn
|-activate|p2a: Ferrothorn|move: Protect
|
|-weather|Sandstorm|[upkeep]
|-heal|p1a: Ray Allen|100/100|[from] item: Leftovers
|-heal|p2a: Ferrothorn|100/100|[from] item: Leftovers
|upkeep
|turn|16
|
|t:|1722614879
|move|p1a: Ray Allen|Charge Beam|p2a: Ferrothorn
|-resisted|p2a: Ferrothorn
|-damage|p2a: Ferrothorn|87/100
|-boost|p1a: Ray Allen|spa|1
|move|p2a: Ferrothorn|Power Whip|p1a: Ray Allen
|-resisted|p1a: Ray Allen
|-end|p1a: Ray Allen|Substitute
|
|-weather|Sandstorm|[upkeep]
|-heal|p2a: Ferrothorn|93/100|[from] item: Leftovers
|upkeep
|turn|17
|
|t:|1722614884
|move|p1a: Ray Allen|Substitute|p1a: Ray Allen
|-start|p1a: Ray Allen|Substitute
|-damage|p1a: Ray Allen|76/100
|move|p2a: Ferrothorn|Power Whip|p1a: Ray Allen|[miss]
|-miss|p2a: Ferrothorn|p1a: Ray Allen
|
|-weather|Sandstorm|[upkeep]
|-heal|p1a: Ray Allen|82/100|[from] item: Leftovers
|-heal|p2a: Ferrothorn|99/100|[from] item: Leftovers
|upkeep
|turn|18
|
|t:|1722614888
|move|p2a: Ferrothorn|Protect|p2a: Ferrothorn
|-singleturn|p2a: Ferrothorn|Protect
|move|p1a: Ray Allen|Charge Beam|p2a: Ferrothorn
|-activate|p2a: Ferrothorn|move: Protect
|
|-weather|Sandstorm|[upkeep]
|-heal|p1a: Ray Allen|88/100|[from] item: Leftovers
|-heal|p2a: Ferrothorn|100/100|[from] item: Leftovers
|upkeep
|turn|19
|
|t:|1722614890
|move|p1a: Ray Allen|Charge Beam|p2a: Ferrothorn
|-resisted|p2a: Ferrothorn
|-damage|p2a: Ferrothorn|81/100
|move|p2a: Ferrothorn|Power Whip|p1a: Ray Allen
|-resisted|p1a: Ray Allen
|-activate|p1a: Ray Allen|Substitute|[damage]
|
|-weather|Sandstorm|[upkeep]
|-heal|p1a: Ray Allen|94/100|[from] item: Leftovers
|-heal|p2a: Ferrothorn|87/100|[from] item: Leftovers
|upkeep
|turn|20
|
|t:|1722614892
|move|p2a: Ferrothorn|Protect|p2a: Ferrothorn
|-singleturn|p2a: Ferrothorn|Protect
|move|p1a: Ray Allen|Charge Beam|p2a: Ferrothorn
|-activate|p2a: Ferrothorn|move: Protect
|
|-weather|Sandstorm|[upkeep]
|-heal|p1a: Ray Allen|99/100|[from] item: Leftovers
|-heal|p2a: Ferrothorn|93/100|[from] item: Leftovers
|upkeep
|turn|21
|
|t:|1722614894
|move|p1a: Ray Allen|Charge Beam|p2a: Ferrothorn
|-resisted|p2a: Ferrothorn
|-damage|p2a: Ferrothorn|73/100
|-boost|p1a: Ray Allen|spa|1
|move|p2a: Ferrothorn|Power Whip|p1a: Ray Allen
|-resisted|p1a: Ray Allen
|-end|p1a: Ray Allen|Substitute
|
|-weather|Sandstorm|[upkeep]
|-heal|p1a: Ray Allen|100/100|[from] item: Leftovers
|-heal|p2a: Ferrothorn|79/100|[from] item: Leftovers
|upkeep
|turn|22
|
|t:|1722614901
|move|p1a: Ray Allen|Substitute|p1a: Ray Allen
|-start|p1a: Ray Allen|Substitute
|-damage|p1a: Ray Allen|76/100
|move|p2a: Ferrothorn|Power Whip|p1a: Ray Allen
|-resisted|p1a: Ray Allen
|-activate|p1a: Ray Allen|Substitute|[damage]
|
|-weather|Sandstorm|[upkeep]
|-heal|p1a: Ray Allen|82/100|[from] item: Leftovers
|-heal|p2a: Ferrothorn|85/100|[from] item: Leftovers
|upkeep
|turn|23
|
|t:|1722614905
|move|p2a: Ferrothorn|Protect|p2a: Ferrothorn
|-singleturn|p2a: Ferrothorn|Protect
|move|p1a: Ray Allen|Charge Beam|p2a: Ferrothorn
|-activate|p2a: Ferrothorn|move: Protect
|
|-weather|Sandstorm|[upkeep]
|-heal|p1a: Ray Allen|88/100|[from] item: Leftovers
|-heal|p2a: Ferrothorn|92/100|[from] item: Leftovers
|upkeep
|turn|24
|
|t:|1722614906
|move|p1a: Ray Allen|Charge Beam|p2a: Ferrothorn
|-resisted|p2a: Ferrothorn
|-damage|p2a: Ferrothorn|66/100
|-boost|p1a: Ray Allen|spa|1
|move|p2a: Ferrothorn|Power Whip|p1a: Ray Allen
|-resisted|p1a: Ray Allen
|-end|p1a: Ray Allen|Substitute
|
|-weather|Sandstorm|[upkeep]
|-heal|p1a: Ray Allen|94/100|[from] item: Leftovers
|-heal|p2a: Ferrothorn|73/100|[from] item: Leftovers
|upkeep
|turn|25
|
|t:|1722614912
|move|p1a: Ray Allen|Substitute|p1a: Ray Allen
|-start|p1a: Ray Allen|Substitute
|-damage|p1a: Ray Allen|69/100
|move|p2a: Ferrothorn|Power Whip|p1a: Ray Allen|[miss]
|-miss|p2a: Ferrothorn|p1a: Ray Allen
|
|-weather|Sandstorm|[upkeep]
|-heal|p1a: Ray Allen|75/100|[from] item: Leftovers
|-heal|p2a: Ferrothorn|79/100|[from] item: Leftovers
|upkeep
|turn|26
|
|t:|1722614915
|move|p2a: Ferrothorn|Protect|p2a: Ferrothorn
|-singleturn|p2a: Ferrothorn|Protect
|move|p1a: Ray Allen|Charge Beam|p2a: Ferrothorn
|-activate|p2a: Ferrothorn|move: Protect
|
|-weather|Sandstorm|[upkeep]
|-heal|p1a: Ray Allen|81/100|[from] item: Leftovers
|-heal|p2a: Ferrothorn|85/100|[from] item: Leftovers
|upkeep
|turn|27
|
|t:|1722614917
|move|p1a: Ray Allen|Charge Beam|p2a: Ferrothorn
|-resisted|p2a: Ferrothorn
|-damage|p2a: Ferrothorn|54/100
|move|p2a: Ferrothorn|Power Whip|p1a: Ray Allen
|-resisted|p1a: Ray Allen
|-activate|p1a: Ray Allen|Substitute|[damage]
|
|-weather|Sandstorm|[upkeep]
|-heal|p1a: Ray Allen|87/100|[from] item: Leftovers
|-heal|p2a: Ferrothorn|60/100|[from] item: Leftovers
|upkeep
|turn|28
|
|t:|1722614921
|move|p2a: Ferrothorn|Protect|p2a: Ferrothorn
|-singleturn|p2a: Ferrothorn|Protect
|move|p1a: Ray Allen|Charge Beam|p2a: Ferrothorn
|-activate|p2a: Ferrothorn|move: Protect
|
|-weather|Sandstorm|[upkeep]
|-heal|p1a: Ray Allen|93/100|[from] item: Leftovers
|-heal|p2a: Ferrothorn|66/100|[from] item: Leftovers
|upkeep
|turn|29
|
|t:|1722614923
|move|p1a: Ray Allen|Charge Beam|p2a: Ferrothorn
|-resisted|p2a: Ferrothorn
|-damage|p2a: Ferrothorn|39/100
|-boost|p1a: Ray Allen|spa|1
|move|p2a: Ferrothorn|Power Whip|p1a: Ray Allen
|-resisted|p1a: Ray Allen
|-end|p1a: Ray Allen|Substitute
|
|-weather|Sandstorm|[upkeep]
|-heal|p1a: Ray Allen|99/100|[from] item: Leftovers
|-heal|p2a: Ferrothorn|45/100|[from] item: Leftovers
|upkeep
|turn|30
|
|t:|1722614930
|move|p1a: Ray Allen|Substitute|p1a: Ray Allen
|-start|p1a: Ray Allen|Substitute
|-damage|p1a: Ray Allen|74/100
|move|p2a: Ferrothorn|Power Whip|p1a: Ray Allen
|-resisted|p1a: Ray Allen
|-activate|p1a: Ray Allen|Substitute|[damage]
|
|-weather|Sandstorm|[upkeep]
|-heal|p1a: Ray Allen|80/100|[from] item: Leftovers
|-heal|p2a: Ferrothorn|51/100|[from] item: Leftovers
|upkeep
|turn|31
|
|t:|1722614935
|move|p2a: Ferrothorn|Protect|p2a: Ferrothorn
|-singleturn|p2a: Ferrothorn|Protect
|move|p1a: Ray Allen|Charge Beam|p2a: Ferrothorn
|-activate|p2a: Ferrothorn|move: Protect
|
|-weather|Sandstorm|[upkeep]
|-heal|p1a: Ray Allen|86/100|[from] item: Leftovers
|-heal|p2a: Ferrothorn|57/100|[from] item: Leftovers
|upkeep
|turn|32
|
|t:|1722614937
|move|p1a: Ray Allen|Flash Cannon|p2a: Ferrothorn
|-resisted|p2a: Ferrothorn
|-damage|p2a: Ferrothorn|2/100
|move|p2a: Ferrothorn|Power Whip|p1a: Ray Allen
|-resisted|p1a: Ray Allen
|-end|p1a: Ray Allen|Substitute
|
|-weather|Sandstorm|[upkeep]
|-heal|p1a: Ray Allen|92/100|[from] item: Leftovers
|-heal|p2a: Ferrothorn|8/100|[from] item: Leftovers
|upkeep
|turn|33
|
|t:|1722614945
|move|p1a: Ray Allen|Substitute|p1a: Ray Allen
|-start|p1a: Ray Allen|Substitute
|-damage|p1a: Ray Allen|68/100
|move|p2a: Ferrothorn|Spikes|p1a: Ray Allen
|-sidestart|p1: stonya|Spikes
|
|-weather|Sandstorm|[upkeep]
|-heal|p1a: Ray Allen|74/100|[from] item: Leftovers
|-heal|p2a: Ferrothorn|14/100|[from] item: Leftovers
|upkeep
|turn|34
|
|t:|1722614947
|move|p2a: Ferrothorn|Protect|p2a: Ferrothorn
|-singleturn|p2a: Ferrothorn|Protect
|move|p1a: Ray Allen|Flash Cannon|p2a: Ferrothorn
|-activate|p2a: Ferrothorn|move: Protect
|
|-weather|Sandstorm|[upkeep]
|-heal|p1a: Ray Allen|80/100|[from] item: Leftovers
|-heal|p2a: Ferrothorn|21/100|[from] item: Leftovers
|upkeep
|turn|35
|
|t:|1722614948
|move|p2a: Ferrothorn|Protect|p2a: Ferrothorn
|-singleturn|p2a: Ferrothorn|Protect
|move|p1a: Ray Allen|Flash Cannon|p2a: Ferrothorn
|-activate|p2a: Ferrothorn|move: Protect
|
|-weather|Sandstorm|[upkeep]
|-heal|p1a: Ray Allen|86/100|[from] item: Leftovers
|-heal|p2a: Ferrothorn|27/100|[from] item: Leftovers
|upkeep
|turn|36
|
|t:|1722614950
|move|p2a: Ferrothorn|Protect|p2a: Ferrothorn
|-singleturn|p2a: Ferrothorn|Protect
|move|p1a: Ray Allen|Flash Cannon|p2a: Ferrothorn
|-activate|p2a: Ferrothorn|move: Protect
|
|-weather|Sandstorm|[upkeep]
|-heal|p1a: Ray Allen|92/100|[from] item: Leftovers
|-heal|p2a: Ferrothorn|33/100|[from] item: Leftovers
|upkeep
|turn|37
|
|t:|1722614951
|move|p1a: Ray Allen|Flash Cannon|p2a: Ferrothorn
|-resisted|p2a: Ferrothorn
|-damage|p2a: Ferrothorn|0 fnt
|faint|p2a: Ferrothorn
|
|-weather|Sandstorm|[upkeep]
|-heal|p1a: Ray Allen|98/100|[from] item: Leftovers
|upkeep
|c|☆stonya|holy shit 3 in a row
|c|☆stonya|i never seen it work 3 times
|c|☆night bliz|its like a 2.5%
|c|☆night bliz|also cringe aa mag set
|inactive|night bliz has 120 seconds left.
|
|t:|1722614983
|switch|p2a: Excadrill|Excadrill, M|100/100
|-damage|p2a: Excadrill|97/100|[from] Stealth Rock
|turn|38
|c|☆stonya|most people fall for it
|
|t:|1722614994
|move|p2a: Excadrill|Earthquake|p1a: Ray Allen
|-supereffective|p1a: Ray Allen
|-end|p1a: Ray Allen|Substitute
|move|p1a: Ray Allen|Hidden Power|p2a: Excadrill
|-supereffective|p2a: Excadrill
|-damage|p2a: Excadrill|0 fnt
|faint|p2a: Excadrill
|
|-weather|Sandstorm|[upkeep]
|-heal|p1a: Ray Allen|100/100|[from] item: Leftovers
|upkeep
|c|☆night bliz|its so bad in every other matcup
|c|☆stonya|protect lets me have more hp
|c|☆stonya|so thank you
|inactive|night bliz has 120 seconds left.
|c|☆night bliz|indeed
|
|t:|1722615014
|switch|p2a: Latios|Latios, M|82/100
|-damage|p2a: Latios|70/100|[from] Stealth Rock
|turn|39
|
|t:|1722615016
|move|p2a: Latios|Surf|p1a: Ray Allen
|-damage|p1a: Ray Allen|30/100
|move|p1a: Ray Allen|Flash Cannon|p2a: Latios
|-damage|p2a: Latios|0 fnt
|faint|p2a: Latios
|
|-weather|Sandstorm|[upkeep]
|-heal|p1a: Ray Allen|36/100|[from] item: Leftovers
|upkeep
|-message|night bliz forfeited.
|
|win|stonya
|raw|stonya's rating: 1377 &rarr; <strong>1400</strong><br />(+23 for winning)
|raw|night bliz's rating: 1426 &rarr; <strong>1403</strong><br />(-23 for losing)
|l|☆night bliz
|player|p2|
