|j|☆AKARANATA
|j|☆deepfriedtacos
|t:|1716281968
|gametype|singles
|player|p1|AKARANATA|bruno|1467
|player|p2|deepfriedtacos|benga|1366
|teamsize|p1|6
|teamsize|p2|6
|gen|5
|tier|[Gen 5] OU
|rated|
|rule|Species Clause: Limit one of each Pokémon
|rule|OHKO Clause: OHKO moves are banned
|rule|Moody Clause: Moody is banned
|rule|Evasion Items Clause: Evasion items are banned
|rule|Evasion Moves Clause: Evasion moves are banned
|rule|Endless Battle Clause: Forcing endless battles is banned
|rule|HP Percentage Mod: HP is shown in percentages
|rule|Evasion Abilities Clause: Evasion abilities are banned
|rule|Sleep Moves Clause: Sleep-inducing moves are banned
|rule|Swagger Clause: Swagger is banned
|rule|Baton Pass Stat Clause: No Baton Passer may have a way to boost its stats
|clearpoke
|poke|p1|Rotom-Wash|item
|poke|p1|Jirachi|item
|poke|p1|Tyranitar, M|item
|poke|p1|Terrakion|item
|poke|p1|Gliscor, M|item
|poke|p1|Latias, F|item
|poke|p2|Politoed, F|item
|poke|p2|Dragonite, F|item
|poke|p2|Ferrothorn, F|item
|poke|p2|Tentacruel, F|item
|poke|p2|Keldeo-Resolute|item
|poke|p2|Thundurus-Therian, M|item
|teampreview
|inactive|Battle timer is ON: inactive players will automatically lose when time's up. (requested by AKARANATA)
|
|t:|1716281987
|start
|switch|p1a: Jirachi|Jirachi|100/100
|switch|p2a: Keldeo|Keldeo-Resolute|100/100
|turn|1
|
|t:|1716281994
|switch|p2a: Ferrothorn|Ferrothorn, F|100/100
|move|p1a: Jirachi|Psychic|p2a: Ferrothorn
|-resisted|p2a: Ferrothorn
|-damage|p2a: Ferrothorn|88/100
|
|-heal|p2a: Ferrothorn|94/100|[from] item: Leftovers
|upkeep
|turn|2
|
|t:|1716281997
|move|p1a: Jirachi|Hidden Power|p2a: Ferrothorn
|-supereffective|p2a: Ferrothorn
|-damage|p2a: Ferrothorn|41/100
|move|p2a: Ferrothorn|Leech Seed|p1a: Jirachi|[miss]
|-miss|p2a: Ferrothorn|p1a: Jirachi
|
|-heal|p2a: Ferrothorn|47/100|[from] item: Leftovers
|upkeep
|turn|3
|
|t:|1716282001
|switch|p2a: Politoed|Politoed, F|100/100
|-weather|RainDance|[from] ability: Drizzle|[of] p2a: Politoed
|move|p1a: Jirachi|Stealth Rock|p2a: Politoed
|-sidestart|p2: deepfriedtacos|move: Stealth Rock
|
|-weather|RainDance|[upkeep]
|upkeep
|turn|4
|
|t:|1716282005
|move|p1a: Jirachi|Psychic|p2a: Politoed
|-damage|p2a: Politoed|71/100
|move|p2a: Politoed|Scald|p1a: Jirachi
|-damage|p1a: Jirachi|66/100
|
|-weather|RainDance|[upkeep]
|-heal|p1a: Jirachi|72/100|[from] item: Leftovers
|-heal|p2a: Politoed|77/100|[from] item: Leftovers
|upkeep
|turn|5
|
|t:|1716282009
|switch|p1a: Tyranitar|Tyranitar, M|100/100
|-weather|Sandstorm|[from] ability: Sand Stream|[of] p1a: Tyranitar
|move|p2a: Politoed|Toxic|p1a: Tyranitar
|-status|p1a: Tyranitar|tox
|
|-weather|Sandstorm|[upkeep]
|-damage|p2a: Politoed|71/100|[from] Sandstorm
|-heal|p2a: Politoed|77/100|[from] item: Leftovers
|-damage|p1a: Tyranitar|94/100 tox|[from] psn
|upkeep
|turn|6
|
|t:|1716282013
|switch|p1a: Jirachi|Jirachi|72/100
|move|p2a: Politoed|Scald|p1a: Jirachi
|-damage|p1a: Jirachi|47/100
|
|-weather|Sandstorm|[upkeep]
|-damage|p2a: Politoed|71/100|[from] Sandstorm
|-heal|p1a: Jirachi|53/100|[from] item: Leftovers
|-heal|p2a: Politoed|77/100|[from] item: Leftovers
|upkeep
|turn|7
|
|t:|1716282018
|switch|p2a: Tentacruel|Tentacruel, F|100/100
|-damage|p2a: Tentacruel|88/100|[from] Stealth Rock
|move|p1a: Jirachi|Psychic|p2a: Tentacruel
|-supereffective|p2a: Tentacruel
|-damage|p2a: Tentacruel|24/100
|
|-weather|Sandstorm|[upkeep]
|-damage|p2a: Tentacruel|18/100|[from] Sandstorm
|-heal|p2a: Tentacruel|24/100|[from] item: Black Sludge
|-heal|p1a: Jirachi|60/100|[from] item: Leftovers
|upkeep
|turn|8
|
|t:|1716282024
|switch|p2a: Politoed|Politoed, F|77/100
|-damage|p2a: Politoed|64/100|[from] Stealth Rock
|-weather|RainDance|[from] ability: Drizzle|[of] p2a: Politoed
|move|p1a: Jirachi|Psychic|p2a: Politoed
|-damage|p2a: Politoed|36/100
|
|-weather|RainDance|[upkeep]
|-heal|p1a: Jirachi|66/100|[from] item: Leftovers
|-heal|p2a: Politoed|42/100|[from] item: Leftovers
|upkeep
|turn|9
|
|t:|1716282029
|move|p1a: Jirachi|Psychic|p2a: Politoed
|-damage|p2a: Politoed|12/100
|move|p2a: Politoed|Scald|p1a: Jirachi
|-damage|p1a: Jirachi|32/100
|
|-weather|RainDance|[upkeep]
|-heal|p1a: Jirachi|38/100|[from] item: Leftovers
|-heal|p2a: Politoed|18/100|[from] item: Leftovers
|upkeep
|turn|10
|
|t:|1716282035
|switch|p1a: Tyranitar|Tyranitar, M|94/100 tox
|-weather|Sandstorm|[from] ability: Sand Stream|[of] p1a: Tyranitar
|move|p2a: Politoed|Protect||[still]
|-fail|p2a: Politoed
|
|-weather|Sandstorm|[upkeep]
|-damage|p2a: Politoed|12/100|[from] Sandstorm
|-heal|p2a: Politoed|18/100|[from] item: Leftovers
|-damage|p1a: Tyranitar|88/100 tox|[from] psn
|upkeep
|turn|11
|
|t:|1716282038
|move|p2a: Politoed|Scald|p1a: Tyranitar
|-supereffective|p1a: Tyranitar
|-damage|p1a: Tyranitar|60/100 tox
|move|p1a: Tyranitar|Pursuit|p2a: Politoed
|-damage|p2a: Politoed|0 fnt
|faint|p2a: Politoed
|
|-weather|Sandstorm|[upkeep]
|-damage|p1a: Tyranitar|48/100 tox|[from] psn
|upkeep
|
|t:|1716282041
|switch|p2a: Keldeo|Keldeo-Resolute|100/100
|-damage|p2a: Keldeo|94/100|[from] Stealth Rock
|turn|12
|
|t:|1716282045
|switch|p1a: Latias|Latias, F|100/100
|move|p2a: Keldeo|Hydro Pump|p1a: Latias
|-resisted|p1a: Latias
|-damage|p1a: Latias|73/100
|
|-weather|Sandstorm|[upkeep]
|-damage|p2a: Keldeo|88/100|[from] Sandstorm
|-damage|p1a: Latias|67/100|[from] Sandstorm
|upkeep
|turn|13
|-message|deepfriedtacos forfeited.
|
|win|AKARANATA
|raw|AKARANATA's rating: 1467 &rarr; <strong>1481</strong><br />(+14 for winning)
|raw|deepfriedtacos's rating: 1366 &rarr; <strong>1352</strong><br />(-14 for losing)
|l|☆deepfriedtacos
|player|p2|
