|j|☆SattleBimulator
|j|☆HANMA JACK
|t:|1735457682
|gametype|singles
|player|p1|SattleBimulator|170|1302
|player|p2|HANMA JACK|#phosphor|1641
|teamsize|p1|6
|teamsize|p2|6
|gen|5
|tier|[Gen 5] OU
|rated|
|rule|Species Clause: Limit one of each Pokémon
|rule|OHKO Clause: OHKO moves are banned
|rule|Moody Clause: Moody is banned
|rule|Evasion Items Clause: Evasion items are banned
|rule|Evasion Moves Clause: Evasion moves are banned
|rule|Endless Battle Clause: Forcing endless battles is banned
|rule|HP Percentage Mod: HP is shown in percentages
|rule|Evasion Abilities Clause: Evasion abilities are banned
|rule|Sleep Moves Clause: Sleep-inducing moves are banned
|rule|Swagger Clause: Swagger is banned
|rule|Baton Pass Stat Clause: No Baton Passer may have a way to boost its stats
|clearpoke
|poke|p1|Scizor, F|item
|poke|p1|Breloom, F|item
|poke|p1|Alakazam, F|item
|poke|p1|Latios, M|item
|poke|p1|Starmie|item
|poke|p1|Landorus-Therian, M|item
|poke|p2|Tyranitar, F|item
|poke|p2|Forretress, M|item
|poke|p2|Alakazam, M|item
|poke|p2|Zapdos|item
|poke|p2|Seismitoad, F|item
|poke|p2|Hydreigon, M|item
|teampreview
|inactive|Battle timer is ON: inactive players will automatically lose when time's up. (requested by SattleBimulator)
|c|☆HANMA JACK|gl hf
|inactive|HANMA JACK has 120 seconds left.
|
|t:|1735457724
|start
|switch|p1a: Breloom|Breloom, F|100/100
|switch|p2a: Zapdos|Zapdos|100/100
|-ability|p2a: Zapdos|Pressure
|turn|1
|
|t:|1735457730
|move|p2a: Zapdos|Hidden Power|p1a: Breloom
|-supereffective|p1a: Breloom
|-damage|p1a: Breloom|35/100
|move|p1a: Breloom|Substitute|p1a: Breloom
|-start|p1a: Breloom|Substitute
|-damage|p1a: Breloom|11/100
|
|-heal|p1a: Breloom|17/100|[from] item: Leftovers
|upkeep
|turn|2
|
|t:|1735457735
|move|p2a: Zapdos|Hidden Power|p1a: Breloom
|-supereffective|p1a: Breloom
|-end|p1a: Breloom|Substitute
|move|p1a: Breloom|Bullet Seed|p2a: Zapdos
|-resisted|p2a: Zapdos
|-crit|p2a: Zapdos
|-damage|p2a: Zapdos|79/100
|-resisted|p2a: Zapdos
|-damage|p2a: Zapdos|68/100
|-hitcount|p2a: Zapdos|2
|
|-heal|p2a: Zapdos|74/100|[from] item: Leftovers
|-heal|p1a: Breloom|23/100|[from] item: Leftovers
|upkeep
|turn|3
|
|t:|1735457743
|move|p1a: Breloom|Mach Punch|p2a: Zapdos
|-resisted|p2a: Zapdos
|-damage|p2a: Zapdos|56/100
|move|p2a: Zapdos|Volt Switch|p1a: Breloom
|-resisted|p1a: Breloom
|-damage|p1a: Breloom|0 fnt
|faint|p1a: Breloom
|
|t:|1735457751
|switch|p2a: Seismitoad|Seismitoad, F|100/100|[from] Volt Switch
|
|upkeep
|
|t:|1735457757
|switch|p1a: Latios|Latios, M|100/100
|turn|4
|
|t:|1735457772
|switch|p2a: Hydreigon|Hydreigon, M|100/100
|move|p1a: Latios|Trick|p2a: Hydreigon
|-activate|p1a: Latios|move: Trick|[of] p2a: Hydreigon
|-item|p2a: Hydreigon|Choice Scarf|[from] move: Trick
|-item|p1a: Latios|Life Orb|[from] move: Trick
|
|upkeep
|turn|5
|
|t:|1735457777
|switch|p1a: Scizor|Scizor, F|100/100
|move|p2a: Hydreigon|Draco Meteor|p1a: Scizor
|-resisted|p1a: Scizor
|-damage|p1a: Scizor|57/100
|-unboost|p2a: Hydreigon|spa|2
|
|upkeep
|turn|6
|
|t:|1735457793
|switch|p2a: Zapdos|Zapdos|56/100
|-ability|p2a: Zapdos|Pressure
|switch|p1a: Latios|Latios, M|100/100
|
|-heal|p2a: Zapdos|62/100|[from] item: Leftovers
|upkeep
|turn|7
|
|t:|1735457803
|switch|p1a: Scizor|Scizor, F|57/100
|switch|p2a: Forretress|Forretress, M|100/100
|
|upkeep
|turn|8
|
|t:|1735457806
|move|p1a: Scizor|Swords Dance|p1a: Scizor
|-boost|p1a: Scizor|atk|2
|move|p2a: Forretress|Spikes|p1a: Scizor
|-sidestart|p1: SattleBimulator|Spikes
|
|upkeep
|turn|9
|
|t:|1735457809
|move|p1a: Scizor|Swords Dance|p1a: Scizor
|-boost|p1a: Scizor|atk|2
|move|p2a: Forretress|Earthquake|p1a: Scizor
|-damage|p1a: Scizor|36/100
|
|upkeep
|turn|10
|
|t:|1735457813
|move|p1a: Scizor|Superpower|p2a: Forretress
|-damage|p2a: Forretress|5/100
|-unboost|p1a: Scizor|atk|1
|-unboost|p1a: Scizor|def|1
|-damage|p1a: Scizor|26/100|[from] item: Life Orb
|move|p2a: Forretress|Earthquake|p1a: Scizor
|-damage|p1a: Scizor|0 fnt
|faint|p1a: Scizor
|
|-heal|p2a: Forretress|12/100|[from] item: Leftovers
|upkeep
|
|t:|1735457817
|switch|p1a: Landorus|Landorus-Therian, M|100/100
|-ability|p1a: Landorus|Intimidate|boost
|-unboost|p2a: Forretress|atk|1
|turn|11
|
|t:|1735457824
|move|p1a: Landorus|Stealth Rock|p2a: Forretress
|-sidestart|p2: HANMA JACK|move: Stealth Rock
|move|p2a: Forretress|Rapid Spin|p1a: Landorus
|-crit|p1a: Landorus
|-damage|p1a: Landorus|91/100
|-sideend|p2: HANMA JACK|Stealth Rock|[from] move: Rapid Spin|[of] p2a: Forretress
|
|-heal|p1a: Landorus|97/100|[from] item: Leftovers
|-heal|p2a: Forretress|18/100|[from] item: Leftovers
|upkeep
|turn|12
|
|t:|1735457828
|move|p1a: Landorus|Stealth Rock|p2a: Forretress
|-sidestart|p2: HANMA JACK|move: Stealth Rock
|move|p2a: Forretress|Rapid Spin|p1a: Landorus
|-damage|p1a: Landorus|93/100
|-sideend|p2: HANMA JACK|Stealth Rock|[from] move: Rapid Spin|[of] p2a: Forretress
|
|-heal|p1a: Landorus|99/100|[from] item: Leftovers
|-heal|p2a: Forretress|24/100|[from] item: Leftovers
|upkeep
|turn|13
|
|t:|1735457833
|move|p1a: Landorus|Hidden Power|p2a: Forretress
|-resisted|p2a: Forretress
|-damage|p2a: Forretress|13/100
|move|p2a: Forretress|Rapid Spin|p1a: Landorus
|-damage|p1a: Landorus|95/100
|
|-heal|p1a: Landorus|100/100|[from] item: Leftovers
|-heal|p2a: Forretress|19/100|[from] item: Leftovers
|upkeep
|turn|14
|
|t:|1735457835
|move|p1a: Landorus|Stealth Rock|p2a: Forretress
|-sidestart|p2: HANMA JACK|move: Stealth Rock
|move|p2a: Forretress|Rapid Spin|p1a: Landorus
|-damage|p1a: Landorus|97/100
|-sideend|p2: HANMA JACK|Stealth Rock|[from] move: Rapid Spin|[of] p2a: Forretress
|
|-heal|p1a: Landorus|100/100|[from] item: Leftovers
|-heal|p2a: Forretress|25/100|[from] item: Leftovers
|upkeep
|turn|15
|
|t:|1735457838
|move|p1a: Landorus|Stealth Rock|p2a: Forretress
|-sidestart|p2: HANMA JACK|move: Stealth Rock
|move|p2a: Forretress|Rapid Spin|p1a: Landorus
|-damage|p1a: Landorus|97/100
|-sideend|p2: HANMA JACK|Stealth Rock|[from] move: Rapid Spin|[of] p2a: Forretress
|
|-heal|p1a: Landorus|100/100|[from] item: Leftovers
|-heal|p2a: Forretress|31/100|[from] item: Leftovers
|upkeep
|turn|16
|
|t:|1735457845
|move|p1a: Landorus|Earthquake|p2a: Forretress
|-damage|p2a: Forretress|0 fnt
|faint|p2a: Forretress
|
|upkeep
|
|t:|1735457874
|switch|p2a: Hydreigon|Hydreigon, M|100/100
|turn|17
|
|t:|1735457877
|move|p2a: Hydreigon|Draco Meteor|p1a: Landorus
|-damage|p1a: Landorus|6/100
|-unboost|p2a: Hydreigon|spa|2
|move|p1a: Landorus|U-turn|p2a: Hydreigon
|-supereffective|p2a: Hydreigon
|-damage|p2a: Hydreigon|41/100
|
|t:|1735457882
|switch|p1a: Starmie|Starmie|100/100|[from] U-turn
|-item|p1a: Starmie|Air Balloon
|
|upkeep
|turn|18
|
|t:|1735457888
|switch|p2a: Seismitoad|Seismitoad, F|100/100
|move|p1a: Starmie|Ice Beam|p2a: Seismitoad
|-damage|p2a: Seismitoad|66/100
|
|-heal|p2a: Seismitoad|72/100|[from] item: Leftovers
|upkeep
|turn|19
|
|t:|1735457897
|switch|p1a: Landorus|Landorus-Therian, M|6/100
|-ability|p1a: Landorus|Intimidate|boost
|-unboost|p2a: Seismitoad|atk|1
|move|p2a: Seismitoad|Toxic|p1a: Landorus
|-status|p1a: Landorus|tox
|
|-heal|p1a: Landorus|11/100 tox|[from] item: Leftovers
|-heal|p2a: Seismitoad|78/100|[from] item: Leftovers
|-damage|p1a: Landorus|6/100 tox|[from] psn
|upkeep
|turn|20
|
|t:|1735457902
|move|p1a: Landorus|Stealth Rock|p2a: Seismitoad
|-sidestart|p2: HANMA JACK|move: Stealth Rock
|move|p2a: Seismitoad|Stealth Rock|p1a: Landorus
|-sidestart|p1: SattleBimulator|move: Stealth Rock
|
|-heal|p1a: Landorus|11/100 tox|[from] item: Leftovers
|-heal|p2a: Seismitoad|84/100|[from] item: Leftovers
|-damage|p1a: Landorus|0 fnt|[from] psn
|faint|p1a: Landorus
|upkeep
|
|t:|1735457911
|switch|p1a: Latios|Latios, M|100/100
|-damage|p1a: Latios|88/100|[from] Stealth Rock
|turn|21
|
|t:|1735457923
|switch|p2a: Zapdos|Zapdos|62/100
|-damage|p2a: Zapdos|37/100|[from] Stealth Rock
|-ability|p2a: Zapdos|Pressure
|move|p1a: Latios|Psychic|p2a: Zapdos
|-damage|p2a: Zapdos|0 fnt
|faint|p2a: Zapdos
|-damage|p1a: Latios|78/100|[from] item: Life Orb
|
|upkeep
|
|t:|1735457929
|switch|p2a: Hydreigon|Hydreigon, M|41/100
|-damage|p2a: Hydreigon|29/100|[from] Stealth Rock
|turn|22
|
|t:|1735457932
|move|p2a: Hydreigon|Draco Meteor|p1a: Latios
|-supereffective|p1a: Latios
|-damage|p1a: Latios|0 fnt
|-unboost|p2a: Hydreigon|spa|2
|faint|p1a: Latios
|
|upkeep
|
|t:|1735457934
|switch|p1a: Starmie|Starmie|100/100
|-damage|p1a: Starmie|88/100|[from] Stealth Rock
|-item|p1a: Starmie|Air Balloon
|turn|23
|
|t:|1735457939
|move|p2a: Hydreigon|Draco Meteor|p1a: Starmie
|-damage|p1a: Starmie|37/100
|-unboost|p2a: Hydreigon|spa|2
|-enditem|p1a: Starmie|Air Balloon
|move|p1a: Starmie|Ice Beam|p2a: Hydreigon
|-supereffective|p2a: Hydreigon
|-damage|p2a: Hydreigon|0 fnt
|faint|p2a: Hydreigon
|
|upkeep
|
|t:|1735457948
|switch|p2a: Alakazam|Alakazam, M|100/100
|turn|24
|
|t:|1735457951
|move|p2a: Alakazam|Shadow Ball|p1a: Starmie
|-supereffective|p1a: Starmie
|-damage|p1a: Starmie|0 fnt
|faint|p1a: Starmie
|
|upkeep
|
|t:|1735457952
|switch|p1a: Alakazam|Alakazam, F|100/100
|turn|25
|
|t:|1735457954
|move|p1a: Alakazam|Shadow Ball|p2a: Alakazam
|-supereffective|p2a: Alakazam
|-damage|p2a: Alakazam|5/100
|-unboost|p2a: Alakazam|spd|1
|move|p2a: Alakazam|Shadow Ball|p1a: Alakazam
|-supereffective|p1a: Alakazam
|-damage|p1a: Alakazam|16/100
|
|upkeep
|turn|26
|
|t:|1735457956
|move|p1a: Alakazam|Shadow Ball|p2a: Alakazam
|-supereffective|p2a: Alakazam
|-damage|p2a: Alakazam|0 fnt
|faint|p2a: Alakazam
|
|upkeep
|
|t:|1735457958
|switch|p2a: Tyranitar|Tyranitar, F|100/100
|-damage|p2a: Tyranitar|88/100|[from] Stealth Rock
|-weather|Sandstorm|[from] ability: Sand Stream|[of] p2a: Tyranitar
|turn|27
|
|t:|1735457959
|move|p1a: Alakazam|Focus Blast|p2a: Tyranitar
|-supereffective|p2a: Tyranitar
|-enditem|p2a: Tyranitar|Chople Berry|[eat]
|-enditem|p2a: Tyranitar|Chople Berry|[weaken]
|-damage|p2a: Tyranitar|52/100
|move|p2a: Tyranitar|Crunch|p1a: Alakazam
|-supereffective|p1a: Alakazam
|-damage|p1a: Alakazam|0 fnt
|faint|p1a: Alakazam
|
|win|HANMA JACK
|raw|SattleBimulator's rating: 1302 &rarr; <strong>1297</strong><br />(-5 for losing)
|raw|HANMA JACK's rating: 1641 &rarr; <strong>1646</strong><br />(+5 for winning)
|l|☆SattleBimulator
|player|p1|
|c|☆HANMA JACK|gg
|j| skatehead
