|j|☆ayevon
|j|☆firelit nights
|player|p1|ayevon|265
|player|p2|firelit nights|158
|teamsize|p1|6
|teamsize|p2|6
|gametype|singles
|gen|5
|tier|[Gen 5] OU
|rated|
|rule|Sleep Clause Mod: Limit one foe put to sleep
|rule|Species Clause: Limit one of each Pokémon
|rule|OHKO Clause: OHKO moves are banned
|rule|Moody Clause: Moody is banned
|rule|Evasion Moves Clause: Evasion moves are banned
|rule|Endless Battle Clause: Forcing endless battles is banned
|rule|HP Percentage Mod: HP is shown in percentages
|rule|Evasion Abilities Clause: Evasion abilities are banned
|rule|Baton Pass Clause: Limit one Baton Passer, can't pass Spe and other stats simultaneously
|rule|Swagger Clause: Swagger is banned
|clearpoke
|poke|p1|Politoed, F|item
|poke|p1|Tentacruel, F|item
|poke|p1|Keldeo|item
|poke|p1|Jirachi|item
|poke|p1|Breloom, M|item
|poke|p1|Landorus-Therian, M|item
|poke|p2|Metagross|item
|poke|p2|Mew|item
|poke|p2|Volbeat, M|item
|poke|p2|Kingdra, M|item
|poke|p2|Latios, M|item
|poke|p2|Gothitelle, M|item
|teampreview
|c|☆firelit nights|gl hf
|
|start
|switch|p1a: Landorus|Landorus-Therian, M|100/100
|switch|p2a: Mew|Mew|100/100
|-ability|p1a: Landorus|Intimidate|boost
|-unboost|p2a: Mew|atk|1
|turn|1
|
|move|p1a: Landorus|U-turn|p2a: Mew
|-supereffective|p2a: Mew
|-damage|p2a: Mew|53/100
|
|switch|p1a: Jirachi|Jirachi|100/100|[from]move: U-turn
|move|p2a: Mew|Light Screen|p2a: Mew
|-sidestart|p2: firelit nights|move: Light Screen
|
|upkeep
|turn|2
|
|move|p2a: Mew|Taunt|p1a: Jirachi
|-start|p1a: Jirachi|move: Taunt
|cant|p1a: Jirachi|move: Taunt|Stealth Rock
|
|upkeep
|turn|3
|
|switch|p1a: Landorus|Landorus-Therian, M|100/100
|-ability|p1a: Landorus|Intimidate|boost
|-unboost|p2a: Mew|atk|1
|move|p2a: Mew|Reflect|p2a: Mew
|-sidestart|p2: firelit nights|Reflect
|
|upkeep
|turn|4
|
|move|p1a: Landorus|U-turn|p2a: Mew
|-supereffective|p2a: Mew
|-damage|p2a: Mew|31/100
|
|switch|p1a: Jirachi|Jirachi|100/100|[from]move: U-turn
|move|p2a: Mew|Taunt|p1a: Jirachi
|-start|p1a: Jirachi|move: Taunt
|
|upkeep
|turn|5
|
|switch|p1a: Politoed|Politoed, F|100/100
|-weather|RainDance|[from] ability: Drizzle|[of] p1a: Politoed
|move|p2a: Mew|Explosion|p1a: Politoed
|-damage|p1a: Politoed|66/100
|faint|p2a: Mew
|
|-weather|RainDance|[upkeep]
|upkeep
|
|switch|p2a: Volbeat|Volbeat, M|100/100
|turn|6
|
|move|p2a: Volbeat|Tail Glow|p2a: Volbeat
|-boost|p2a: Volbeat|spa|3
|move|p1a: Politoed|Hydro Pump|p2a: Volbeat
|-enditem|p1a: Politoed|Water Gem|[from] gem|[move] Hydro Pump
|-damage|p2a: Volbeat|26/100
|
|-weather|RainDance|[upkeep]
|upkeep
|turn|7
|
|switch|p1a: Tentacruel|Tentacruel, F|100/100
|move|p2a: Volbeat|Substitute|p2a: Volbeat
|-start|p2a: Volbeat|Substitute
|-damage|p2a: Volbeat|1/100
|
|-weather|RainDance|[upkeep]
|upkeep
|turn|8
|
|move|p2a: Volbeat|Baton Pass|p2a: Volbeat
|
|switch|p2a: Kingdra|Kingdra, M|100/100|[from]move: Baton Pass
|move|p1a: Tentacruel|Toxic Spikes|p2a: Kingdra
|-sidestart|p2: firelit nights|move: Toxic Spikes
|
|-weather|RainDance|[upkeep]
|-sideend|p2: firelit nights|move: Light Screen
|upkeep
|turn|9
|
|move|p1a: Tentacruel|Protect|p1a: Tentacruel
|-singleturn|p1a: Tentacruel|Protect
|move|p2a: Kingdra|Dragon Pulse|p1a: Tentacruel
|-activate|p1a: Tentacruel|move: Protect
|
|-weather|RainDance|[upkeep]
|upkeep
|turn|10
|
|move|p2a: Kingdra|Dragon Pulse|p1a: Tentacruel
|-enditem|p2a: Kingdra|Dragon Gem|[from] gem|[move] Dragon Pulse
|-damage|p1a: Tentacruel|0 fnt
|faint|p1a: Tentacruel
|
|-weather|RainDance|[upkeep]
|-sideend|p2: firelit nights|Reflect
|upkeep
|
|switch|p1a: Breloom|Breloom, M|100/100
|turn|11
|
|move|p2a: Kingdra|Ice Beam|p1a: Breloom
|-supereffective|p1a: Breloom
|-damage|p1a: Breloom|0 fnt
|faint|p1a: Breloom
|
|-weather|RainDance|[upkeep]
|upkeep
|
|switch|p1a: Jirachi|Jirachi|100/100
|turn|12
|
|move|p2a: Kingdra|Surf|p1a: Jirachi
|-damage|p1a: Jirachi|0 fnt
|faint|p1a: Jirachi
|
|-weather|RainDance|[upkeep]
|upkeep
|-message|ayevon forfeited.
|
|win|firelit nights
|l|☆ayevon
|raw|ayevon's rating: 1489 &rarr; <strong>1458</strong><br />(-31 for losing)
|raw|firelit nights's rating: 1254 &rarr; <strong>1293</strong><br />(+39 for winning)
