|join|princess deluks917
|join|darkshowl
|player|p1|princess deluks917|33
|player|p2|darkshowl|169
|gametype|singles
|gen|5
|tier|[Gen 5] OU
|rated
|rule|Evasion Abilities Clause: Evasion abilities are banned
|clearpoke
|poke|p1|Politoed, M
|poke|p1|Chansey, F
|poke|p1|Gliscor, M
|poke|p1|Tentacruel, F
|poke|p1|Skarmory, F
|poke|p1|Gothitelle, M
|poke|p2|Machamp, F
|poke|p2|Rotom-Wash
|poke|p2|Scizor, M
|poke|p2|Dragonite, F
|poke|p2|Politoed, F
|poke|p2|Jirachi
|rule|Sleep Clause Mod: Limit one foe put to sleep
|rule|Species Clause: Limit one of each Pokémon
|rule|OHKO Clause: OHKO moves are banned
|rule|Moody Clause: Moody is banned
|rule|Evasion Moves Clause: Evasion moves are banned
|rule|Endless Battle Clause: Forcing endless battles is banned
|rule|HP Percentage Mod: HP is shown in percentages
|teampreview
|join|FS Princess Anna
|c|★darkshowl|so stall team
|c|★princess deluks917|gl
|c|★darkshowl|why not ?
|
|start
|switch|p1a: Chansey|Chansey, F|642/642
|switch|p2a: Politoed|Politoed, F|384/384
|-weather|RainDance|[from] ability: Drizzle|[of] p2a: Politoed
|turn|1
|
|switch|p2a: Scizor|Scizor, M|309/309
|switch|p1a: Tentacruel|Tentacruel, F|363/363
|
|-weather|RainDance|[upkeep]
|turn|2
|
|switch|p1a: Skarmory|Skarmory, F|334/334
|move|p2a: Scizor|U-turn|p1a: Skarmory
|-resisted|p1a: Skarmory
|-damage|p1a: Skarmory|303/334
|
|switch|p2a: Rotom-Wash|Rotom-Wash|248/248
|
|-weather|RainDance|[upkeep]
|turn|3
|join|titouusa
|
|switch|p1a: Chansey|Chansey, F|642/642
|move|p2a: Rotom-Wash|Hydro Pump|p1a: Chansey
|-damage|p1a: Chansey|416/642
|
|-weather|RainDance|[upkeep]
|-heal|p1a: Chansey|456/642|[from] item: Leftovers
|turn|4
|
|switch|p2a: Machamp|Machamp, F|360/360
|move|p1a: Chansey|Wish|p1a: Chansey
|
|-weather|RainDance|[upkeep]
|-heal|p1a: Chansey|496/642|[from] item: Leftovers
|turn|5
|
|switch|p1a: Skarmory|Skarmory, F|303/334
|move|p2a: Machamp|Dynamic Punch|p1a: Skarmory
|-damage|p1a: Skarmory|201/334
|-start|p1a: Skarmory|confusion
|
|-weather|RainDance|[upkeep]
|-heal|p1a: Skarmory|334/334|[from] move: Wish|[wisher] Chansey
|turn|6
|
|switch|p2a: Rotom-Wash|Rotom-Wash|248/248
|-activate|p1a: Skarmory|confusion
|move|p1a: Skarmory|Spikes|p2a: Rotom-Wash
|-sidestart|p2: darkshowl|Spikes
|
|-weather|RainDance|[upkeep]
|turn|7
|
|switch|p1a: Chansey|Chansey, F|496/642
|move|p2a: Rotom-Wash|Hydro Pump|p1a: Chansey
|-damage|p1a: Chansey|256/642
|
|-weather|RainDance|[upkeep]
|-heal|p1a: Chansey|296/642|[from] item: Leftovers
|turn|8
|
|move|p2a: Rotom-Wash|Hydro Pump|p1a: Chansey
|-damage|p1a: Chansey|79/642
|move|p1a: Chansey|Soft-Boiled|p1a: Chansey
|-heal|p1a: Chansey|400/642
|
|-weather|RainDance|[upkeep]
|-heal|p1a: Chansey|440/642|[from] item: Leftovers
|turn|9
|c|★darkshowl|lol seriously ?
|c|★darkshowl|wish + soft-boiled ?
|
|switch|p2a: Machamp|Machamp, F|360/360
|-damage|p2a: Machamp|315/360|[from] Spikes
|move|p1a: Chansey|Soft-Boiled|p1a: Chansey
|-heal|p1a: Chansey|642/642
|
|-weather|RainDance|[upkeep]
|turn|10
|
|switch|p1a: Skarmory|Skarmory, F|334/334
|move|p2a: Machamp|Dynamic Punch|p1a: Skarmory
|-damage|p1a: Skarmory|219/334
|-start|p1a: Skarmory|confusion
|
|-weather|RainDance|[upkeep]
|turn|11
|
|switch|p1a: Gliscor|Gliscor, M|354/354
|move|p2a: Machamp|Dynamic Punch|p1a: Gliscor
|-crit|p1a: Gliscor
|-resisted|p1a: Gliscor
|-damage|p1a: Gliscor|225/354
|-start|p1a: Gliscor|confusion
|
|-weather|RainDance|[upkeep]
|-status|p1a: Gliscor|tox|[from] item: Toxic Orb
|turn|12
|
|-activate|p1a: Gliscor|confusion
|move|p1a: Gliscor|Stealth Rock|p2a: Machamp
|-sidestart|p2: darkshowl|move: Stealth Rock
|move|p2a: Machamp|Stone Edge|p1a: Gliscor
|-damage|p1a: Gliscor|142/354 tox
|
|-weather|RainDance|[upkeep]
|-heal|p1a: Gliscor|186/354 tox|[from] ability: Poison Heal
|turn|13
|
|switch|p1a: Skarmory|Skarmory, F|219/334
|switch|p2a: Dragonite|Dragonite, F|386/386
|-damage|p2a: Dragonite|290/386|[from] Stealth Rock
|
|-weather|RainDance|[upkeep]
|-heal|p2a: Dragonite|314/386|[from] item: Leftovers
|turn|14
|leave|titouusa
|
|switch|p1a: Chansey|Chansey, F|642/642
|move|p2a: Dragonite|Dragon Dance|p2a: Dragonite
|-boost|p2a: Dragonite|atk|1
|-boost|p2a: Dragonite|spe|1
|
|-weather|RainDance|[upkeep]
|-heal|p2a: Dragonite|338/386|[from] item: Leftovers
|turn|15
|
|switch|p1a: Skarmory|Skarmory, F|219/334
|move|p2a: Dragonite|Superpower|p1a: Skarmory
|-damage|p1a: Skarmory|119/334
|-unboost|p2a: Dragonite|atk|1
|-unboost|p2a: Dragonite|def|1
|
|-weather|RainDance|[upkeep]
|-heal|p2a: Dragonite|362/386|[from] item: Leftovers
|turn|16
|
|move|p2a: Dragonite|Dragon Dance|p2a: Dragonite
|-boost|p2a: Dragonite|atk|1
|-boost|p2a: Dragonite|spe|1
|move|p1a: Skarmory|Roost|p1a: Skarmory
|-heal|p1a: Skarmory|286/334
|
|-weather|RainDance|[upkeep]
|-heal|p2a: Dragonite|386/386|[from] item: Leftovers
|turn|17
|
|move|p2a: Dragonite|Dragon Dance|p2a: Dragonite
|-boost|p2a: Dragonite|atk|1
|-boost|p2a: Dragonite|spe|1
|move|p1a: Skarmory|Whirlwind|p2a: Dragonite
|drag|p2a: Scizor|Scizor, M|309/309
|-damage|p2a: Scizor|271/309|[from] Spikes
|-damage|p2a: Scizor|233/309|[from] Stealth Rock
|
|-weather|RainDance|[upkeep]
|turn|18
|
|move|p2a: Scizor|U-turn|p1a: Skarmory
|-resisted|p1a: Skarmory
|-damage|p1a: Skarmory|255/334
|
|switch|p2a: Rotom-Wash|Rotom-Wash|248/248
|-damage|p2a: Rotom-Wash|217/248|[from] Stealth Rock
|move|p1a: Skarmory|Spikes|p2a: Rotom-Wash
|-sidestart|p2: darkshowl|Spikes
|
|-weather|RainDance|[upkeep]
|turn|19
|
|switch|p1a: Chansey|Chansey, F|642/642
|move|p2a: Rotom-Wash|Trick|p1a: Chansey
|-activate|p2a: Rotom-Wash|move: Trick|[of] p1a: Chansey
|-item|p1a: Chansey|Choice Scarf|[from] move: Trick
|-item|p2a: Rotom-Wash|Leftovers|[from] move: Trick
|
|-weather|RainDance|[upkeep]
|-heal|p2a: Rotom-Wash|232/248|[from] item: Leftovers
|turn|20
|c|★darkshowl|thanks
|
|move|p2a: Rotom-Wash|Hydro Pump|p1a: Chansey
|-crit|p1a: Chansey
|-damage|p1a: Chansey|182/642
|move|p1a: Chansey|Seismic Toss|p2a: Rotom-Wash
|-damage|p2a: Rotom-Wash|132/248
|
|-weather|RainDance|[upkeep]
|-heal|p2a: Rotom-Wash|147/248|[from] item: Leftovers
|turn|21
|
|move|p2a: Rotom-Wash|Hydro Pump|p1a: Chansey|[miss]
|-miss|p2a: Rotom-Wash|p1a: Chansey
|move|p1a: Chansey|Seismic Toss|p2a: Rotom-Wash
|-damage|p2a: Rotom-Wash|47/248
|
|-weather|RainDance|[upkeep]
|-heal|p2a: Rotom-Wash|62/248|[from] item: Leftovers
|turn|22
|
|move|p2a: Rotom-Wash|Hydro Pump|p1a: Chansey
|-crit|p1a: Chansey
|-damage|p1a: Chansey|0 fnt
|faint|p1a: Chansey
|
|-weather|RainDance|[upkeep]
|-heal|p2a: Rotom-Wash|77/248|[from] item: Leftovers
|c|★darkshowl|bye
|c|★darkshowl|almost finished
|c|★darkshowl|you can quit
|
|switch|p1a: Politoed|Politoed, M|384/384
|turn|23
|
|move|p2a: Rotom-Wash|Thunder|p1a: Politoed
|-supereffective|p1a: Politoed
|-damage|p1a: Politoed|0 fnt
|faint|p1a: Politoed
|
|-weather|RainDance|[upkeep]
|-heal|p2a: Rotom-Wash|92/248|[from] item: Leftovers
|
|switch|p1a: Gothitelle|Gothitelle, M|323/323
|turn|24
|
|move|p2a: Rotom-Wash|Hydro Pump|p1a: Gothitelle
|-damage|p1a: Gothitelle|68/323
|move|p1a: Gothitelle|Psyshock|p2a: Rotom-Wash
|-damage|p2a: Rotom-Wash|0 fnt
|faint|p2a: Rotom-Wash
|
|-weather|RainDance|[upkeep]
|
|switch|p2a: Scizor|Scizor, M|233/309
|-damage|p2a: Scizor|182/309|[from] Spikes
|-damage|p2a: Scizor|144/309|[from] Stealth Rock
|turn|25
|
|move|p2a: Scizor|Pursuit|p1a: Gothitelle|[from]Pursuit
|-supereffective|p1a: Gothitelle
|-damage|p1a: Gothitelle|0 fnt
|faint|p1a: Gothitelle
|
|-weather|RainDance|[upkeep]
|
|switch|p1a: Skarmory|Skarmory, F|255/334
|turn|26
|
|switch|p2a: Politoed|Politoed, F|384/384
|-damage|p2a: Politoed|336/384|[from] Stealth Rock
|-damage|p2a: Politoed|272/384|[from] Spikes
|move|p1a: Skarmory|Whirlwind|p2a: Politoed
|drag|p2a: Scizor|Scizor, M|144/309
|-damage|p2a: Scizor|93/309|[from] Spikes
|-damage|p2a: Scizor|55/309|[from] Stealth Rock
|
|-weather|RainDance|[upkeep]
|turn|27
|
|move|p2a: Scizor|Superpower|p1a: Skarmory
|-damage|p1a: Skarmory|132/334
|-unboost|p2a: Scizor|atk|1
|-unboost|p2a: Scizor|def|1
|move|p1a: Skarmory|Roost|p1a: Skarmory
|-heal|p1a: Skarmory|299/334
|
|-weather|RainDance|[upkeep]
|turn|28
|
|switch|p1a: Gliscor|Gliscor, M|186/354 tox
|move|p2a: Scizor|Superpower|p1a: Gliscor
|-resisted|p1a: Gliscor
|-damage|p1a: Gliscor|135/354 tox
|-unboost|p2a: Scizor|atk|1
|-unboost|p2a: Scizor|def|1
|
|-weather|RainDance|[upkeep]
|-heal|p1a: Gliscor|179/354 tox|[from] ability: Poison Heal
|turn|29
|
|switch|p2a: Dragonite|Dragonite, F|386/386
|-damage|p2a: Dragonite|290/386|[from] Stealth Rock
|move|p1a: Gliscor|Roost|p1a: Gliscor
|-heal|p1a: Gliscor|354/354 tox
|
|-weather|RainDance|[upkeep]
|-heal|p2a: Dragonite|314/386|[from] item: Leftovers
|turn|30
|
|switch|p1a: Skarmory|Skarmory, F|299/334
|move|p2a: Dragonite|Dragon Dance|p2a: Dragonite
|-boost|p2a: Dragonite|atk|1
|-boost|p2a: Dragonite|spe|1
|
|-weather|RainDance|[upkeep]
|-heal|p2a: Dragonite|338/386|[from] item: Leftovers
|turn|31
|
|move|p2a: Dragonite|Superpower|p1a: Skarmory
|-damage|p1a: Skarmory|192/334
|-unboost|p2a: Dragonite|atk|1
|-unboost|p2a: Dragonite|def|1
|move|p1a: Skarmory|Spikes|p2a: Dragonite
|-sidestart|p2: darkshowl|Spikes
|
|-weather|RainDance|[upkeep]
|-heal|p2a: Dragonite|362/386|[from] item: Leftovers
|turn|32
|
|move|p2a: Dragonite|Roost|p2a: Dragonite
|-heal|p2a: Dragonite|386/386
|move|p1a: Skarmory|Roost|p1a: Skarmory
|-heal|p1a: Skarmory|334/334
|
|-weather|RainDance|[upkeep]
|turn|33
|
|switch|p1a: Gliscor|Gliscor, M|354/354 tox
|move|p2a: Dragonite|Dragon Dance|p2a: Dragonite
|-boost|p2a: Dragonite|atk|1
|-boost|p2a: Dragonite|spe|1
|
|-weather|RainDance|[upkeep]
|turn|34
|
|switch|p2a: Scizor|Scizor, M|55/309
|-damage|p2a: Scizor|17/309|[from] Stealth Rock
|-damage|p2a: Scizor|0 fnt|[from] Spikes
|faint|p2a: Scizor
|move|p1a: Gliscor|Toxic|p2: Scizor|[notarget]
|-notarget
|
|-weather|RainDance|[upkeep]
|
|switch|p2a: Jirachi|Jirachi|404/404
|-damage|p2a: Jirachi|379/404|[from] Stealth Rock
|-damage|p2a: Jirachi|278/404|[from] Spikes
|turn|35
|
|switch|p1a: Tentacruel|Tentacruel, F|363/363
|move|p2a: Jirachi|Stealth Rock|p1a: Tentacruel
|-sidestart|p1: princess deluks917|move: Stealth Rock
|
|-weather|RainDance|[upkeep]
|-heal|p2a: Jirachi|303/404|[from] item: Leftovers
|turn|36
|
|switch|p1a: Gliscor|Gliscor, M|354/354 tox
|-damage|p1a: Gliscor|310/354 tox|[from] Stealth Rock
|move|p2a: Jirachi|Thunder Wave|p1a: Gliscor
|-immune|p1a: Gliscor|[msg]
|
|-weather|RainDance|[upkeep]
|-heal|p2a: Jirachi|328/404|[from] item: Leftovers
|-heal|p1a: Gliscor|354/354 tox|[from] ability: Poison Heal
|turn|37
|
|move|p2a: Jirachi|Wish|p2a: Jirachi
|move|p1a: Gliscor|Earthquake|p2a: Jirachi
|-supereffective|p2a: Jirachi
|-damage|p2a: Jirachi|146/404
|
|-weather|RainDance|[upkeep]
|-heal|p2a: Jirachi|171/404|[from] item: Leftovers
|turn|38
|
|switch|p2a: Politoed|Politoed, F|272/384
|-damage|p2a: Politoed|224/384|[from] Stealth Rock
|-damage|p2a: Politoed|128/384|[from] Spikes
|move|p1a: Gliscor|Earthquake|p2a: Politoed
|-damage|p2a: Politoed|0 fnt
|faint|p2a: Politoed
|
|-weather|RainDance|[upkeep]
|
|switch|p2a: Machamp|Machamp, F|315/360
|-damage|p2a: Machamp|293/360|[from] Stealth Rock
|-damage|p2a: Machamp|203/360|[from] Spikes
|turn|39
|
|switch|p1a: Skarmory|Skarmory, F|334/334
|-damage|p1a: Skarmory|293/334|[from] Stealth Rock
|move|p2a: Machamp|Dynamic Punch|p1a: Skarmory
|-damage|p1a: Skarmory|182/334
|-start|p1a: Skarmory|confusion
|
|-weather|RainDance|[upkeep]
|turn|40
|
|-activate|p1a: Skarmory|confusion
|move|p1a: Skarmory|Brave Bird|p2a: Machamp
|-supereffective|p2a: Machamp
|-damage|p2a: Machamp|0 fnt
|-damage|p1a: Skarmory|115/334|[from] recoil|[of] p2a: Machamp
|faint|p2a: Machamp
|
|-weather|RainDance|[upkeep]
|
|switch|p2a: Dragonite|Dragonite, F|386/386
|-damage|p2a: Dragonite|290/386|[from] Stealth Rock
|turn|41
|
|switch|p1a: Gliscor|Gliscor, M|354/354 tox
|-damage|p1a: Gliscor|310/354 tox|[from] Stealth Rock
|move|p2a: Dragonite|Dragon Dance|p2a: Dragonite
|-boost|p2a: Dragonite|atk|1
|-boost|p2a: Dragonite|spe|1
|
|-weather|RainDance|[upkeep]
|-heal|p2a: Dragonite|314/386|[from] item: Leftovers
|-heal|p1a: Gliscor|354/354 tox|[from] ability: Poison Heal
|turn|42
|
|move|p2a: Dragonite|Dragon Dance|p2a: Dragonite
|-boost|p2a: Dragonite|atk|1
|-boost|p2a: Dragonite|spe|1
|move|p1a: Gliscor|Toxic|p2a: Dragonite
|-status|p2a: Dragonite|tox
|
|-weather|RainDance|[upkeep]
|-heal|p2a: Dragonite|338/386 tox|[from] item: Leftovers
|-damage|p2a: Dragonite|314/386 tox|[from] psn
|turn|43
|
|move|p2a: Dragonite|Roost|p2a: Dragonite
|-heal|p2a: Dragonite|386/386 tox
|move|p1a: Gliscor|Roost|p1a: Gliscor
|-fail|p1a: Gliscor
|
|-weather|RainDance|[upkeep]
|-damage|p2a: Dragonite|338/386 tox|[from] psn
|turn|44
|
|move|p2a: Dragonite|Dragon Dance|p2a: Dragonite
|-boost|p2a: Dragonite|atk|1
|-boost|p2a: Dragonite|spe|1
|move|p1a: Gliscor|Roost|p1a: Gliscor
|-fail|p1a: Gliscor
|
|-weather|RainDance|[upkeep]
|-heal|p2a: Dragonite|362/386 tox|[from] item: Leftovers
|-damage|p2a: Dragonite|290/386 tox|[from] psn
|turn|45
|
|move|p2a: Dragonite|Dragon Dance|p2a: Dragonite
|-boost|p2a: Dragonite|atk|1
|-boost|p2a: Dragonite|spe|1
|move|p1a: Gliscor|Roost|p1a: Gliscor
|-fail|p1a: Gliscor
|
|-weather|RainDance|[upkeep]
|-heal|p2a: Dragonite|314/386 tox|[from] item: Leftovers
|-damage|p2a: Dragonite|218/386 tox|[from] psn
|turn|46
|
|switch|p1a: Skarmory|Skarmory, F|115/334
|-damage|p1a: Skarmory|74/334|[from] Stealth Rock
|move|p2a: Dragonite|Roost|p2a: Dragonite
|-heal|p2a: Dragonite|386/386 tox
|
|-weather|RainDance|[upkeep]
|-damage|p2a: Dragonite|266/386 tox|[from] psn
|turn|47
|
|move|p2a: Dragonite|Extreme Speed|p1a: Skarmory
|-resisted|p1a: Skarmory
|-damage|p1a: Skarmory|0 fnt
|faint|p1a: Skarmory
|
|-weather|RainDance|[upkeep]
|-heal|p2a: Dragonite|290/386 tox|[from] item: Leftovers
|-damage|p2a: Dragonite|146/386 tox|[from] psn
|
|switch|p1a: Tentacruel|Tentacruel, F|363/363
|-damage|p1a: Tentacruel|318/363|[from] Stealth Rock
|turn|48
|
|switch|p2a: Jirachi|Jirachi|171/404
|-damage|p2a: Jirachi|70/404|[from] Spikes
|-damage|p2a: Jirachi|45/404|[from] Stealth Rock
|move|p1a: Tentacruel|Protect|p1a: Tentacruel
|-fail|p1a: Tentacruel
|
|-weather|RainDance|[upkeep]
|-heal|p1a: Tentacruel|340/363|[from] ability: Rain Dish
|-heal|p2a: Jirachi|70/404|[from] item: Leftovers
|-heal|p1a: Tentacruel|362/363|[from] item: Leftovers
|turn|49
|
|move|p2a: Jirachi|Wish|p2a: Jirachi
|move|p1a: Tentacruel|Scald|p2a: Jirachi
|-damage|p2a: Jirachi|0 fnt
|faint|p2a: Jirachi
|
|-weather|RainDance|[upkeep]
|-heal|p1a: Tentacruel|363/363|[from] ability: Rain Dish
|
|switch|p2a: Dragonite|Dragonite, F|146/386 tox
|-damage|p2a: Dragonite|50/386 tox|[from] Stealth Rock
|turn|50
|
|move|p1a: Tentacruel|Scald|p2a: Dragonite
|-resisted|p2a: Dragonite
|-damage|p2a: Dragonite|0 fnt
|faint|p2a: Dragonite
|
|win|princess deluks917
|raw|Ladder updating...
|raw|princess deluks917's rating: 1436 &rarr; <strong>1451</strong><br />(+15 for winning)
|raw|darkshowl's rating: 1349 &rarr; <strong>1334</strong><br />(-15 for losing)
|c|★princess deluks917|gg