|uhtml|medal-msg|<div class="broadcast-blue">Curious what those medals under the avatar are? PS now has Ladder Seasons! For more information, check out the <a href="https://www.smogon.com/forums/threads/3740067/">thread on Smogon.</a></div>
|uhtml|medal-msg|<div class="broadcast-blue">Curious what those medals under the avatar are? PS now has Ladder Seasons! For more information, check out the <a href="https://www.smogon.com/forums/threads/3740067/">thread on Smogon.</a></div>
|j|☆authentise_is_shit
|j|☆twizzy tonkaaaa
|t:|1713526124
|gametype|singles
|player|p1|authentise_is_shit|170|1493
|player|p2|twizzy tonkaaaa|argenta|1541
|teamsize|p1|6
|teamsize|p2|6
|gen|5
|tier|[Gen 5] OU
|rated|
|rule|Species Clause: Limit one of each Pokémon
|rule|OHKO Clause: OHKO moves are banned
|rule|Moody Clause: Moody is banned
|rule|Evasion Items Clause: Evasion items are banned
|rule|Evasion Moves Clause: Evasion moves are banned
|rule|Endless Battle Clause: Forcing endless battles is banned
|rule|HP Percentage Mod: HP is shown in percentages
|rule|Evasion Abilities Clause: Evasion abilities are banned
|rule|Sleep Moves Clause: Sleep-inducing moves are banned
|rule|Swagger Clause: Swagger is banned
|rule|Baton Pass Stat Clause: No Baton Passer may have a way to boost its stats
|clearpoke
|poke|p1|Jirachi|item
|poke|p1|Tyranitar, M|item
|poke|p1|Latios, M|item
|poke|p1|Reuniclus, M|item
|poke|p1|Landorus-Therian, M|item
|poke|p1|Rotom-Wash|item
|poke|p2|Politoed, M|item
|poke|p2|Volcarona, M|item
|poke|p2|Jirachi|item
|poke|p2|Dragonite, M|item
|poke|p2|Starmie|item
|poke|p2|Kyurem-Black|item
|teampreview
|inactive|Battle timer is ON: inactive players will automatically lose when time's up. (requested by twizzy tonkaaaa)
|
|t:|1713526145
|start
|switch|p1a: Jirachi|Jirachi|100/100
|switch|p2a: Best I Ever Had|Kyurem-Black|100/100
|-ability|p2a: Best I Ever Had|Teravolt
|turn|1
|
|t:|1713526158
|switch|p2a: 5am in Toronto|Jirachi|100/100
|move|p1a: Jirachi|Trick|p2a: 5am in Toronto
|-activate|p1a: Jirachi|move: Trick|[of] p2a: 5am in Toronto
|-item|p2a: 5am in Toronto|Flame Orb|[from] move: Trick
|-item|p1a: Jirachi|Leftovers|[from] move: Trick
|
|-status|p2a: 5am in Toronto|brn|[from] item: Flame Orb
|upkeep
|turn|2
|
|t:|1713526169
|move|p2a: 5am in Toronto|Stealth Rock|p1a: Jirachi
|-sidestart|p1: authentise_is_shit|move: Stealth Rock
|move|p1a: Jirachi|U-turn|p2a: 5am in Toronto
|-damage|p2a: 5am in Toronto|88/100 brn
|
|t:|1713526188
|switch|p1a: Reuniclus|Reuniclus, M|100/100|[from] U-turn
|
|-damage|p2a: 5am in Toronto|76/100 brn|[from] brn
|upkeep
|turn|3
|
|t:|1713526192
|move|p2a: 5am in Toronto|U-turn|p1a: Reuniclus
|-supereffective|p1a: Reuniclus
|-damage|p1a: Reuniclus|88/100
|
|t:|1713526194
|switch|p2a: Hotline Bling|Politoed, M, shiny|100/100|[from] U-turn
|-weather|RainDance|[from] ability: Drizzle|[of] p2a: Hotline Bling
|move|p1a: Reuniclus|Calm Mind|p1a: Reuniclus
|-boost|p1a: Reuniclus|spa|1
|-boost|p1a: Reuniclus|spd|1
|
|-weather|RainDance|[upkeep]
|-heal|p1a: Reuniclus|94/100|[from] item: Leftovers
|upkeep
|turn|4
|
|t:|1713526202
|switch|p2a: Best I Ever Had|Kyurem-Black|100/100
|-ability|p2a: Best I Ever Had|Teravolt
|switch|p1a: Rotom|Rotom-Wash|100/100
|-damage|p1a: Rotom|88/100|[from] Stealth Rock
|
|-weather|RainDance|[upkeep]
|upkeep
|turn|5
|
|t:|1713526206
|move|p2a: Best I Ever Had|Substitute|p2a: Best I Ever Had
|-start|p2a: Best I Ever Had|Substitute
|-damage|p2a: Best I Ever Had|76/100
|move|p1a: Rotom|Volt Switch|p2a: Best I Ever Had
|-resisted|p2a: Best I Ever Had
|-activate|p2a: Best I Ever Had|Substitute|[damage]
|
|t:|1713526213
|switch|p1a: Landorus|Landorus-Therian, M|100/100|[from] Volt Switch
|-damage|p1a: Landorus|88/100|[from] Stealth Rock
|-ability|p1a: Landorus|Intimidate|boost
|-immune|p2a: Best I Ever Had
|
|-weather|RainDance|[upkeep]
|upkeep
|turn|6
|
|t:|1713526215
|move|p1a: Landorus|U-turn|p2a: Best I Ever Had
|-end|p2a: Best I Ever Had|Substitute
|
|t:|1713526217
|switch|p1a: Jirachi|Jirachi|100/100|[from] U-turn
|-damage|p1a: Jirachi|94/100|[from] Stealth Rock
|move|p2a: Best I Ever Had|Freeze Shock||[still]
|-prepare|p2a: Best I Ever Had|Freeze Shock
|-enditem|p2a: Best I Ever Had|Power Herb
|-anim|p2a: Best I Ever Had|Freeze Shock|p1a: Jirachi
|-resisted|p1a: Jirachi
|-damage|p1a: Jirachi|51/100
|
|-weather|RainDance|[upkeep]
|-heal|p1a: Jirachi|57/100|[from] item: Leftovers
|upkeep
|turn|7
|
|t:|1713526227
|move|p2a: Best I Ever Had|Substitute|p2a: Best I Ever Had
|-start|p2a: Best I Ever Had|Substitute
|-damage|p2a: Best I Ever Had|51/100
|move|p1a: Jirachi|Doom Desire|p2a: Best I Ever Had
|-start|p1a: Jirachi|Doom Desire
|
|-weather|RainDance|[upkeep]
|-heal|p1a: Jirachi|63/100|[from] item: Leftovers
|upkeep
|turn|8
|
|t:|1713526230
|move|p2a: Best I Ever Had|Fusion Bolt|p1a: Jirachi
|-damage|p1a: Jirachi|25/100
|move|p1a: Jirachi|U-turn|p2a: Best I Ever Had
|-activate|p2a: Best I Ever Had|Substitute|[damage]
|
|t:|1713526232
|switch|p1a: Landorus|Landorus-Therian, M|88/100|[from] U-turn
|-damage|p1a: Landorus|75/100|[from] Stealth Rock
|-ability|p1a: Landorus|Intimidate|boost
|-immune|p2a: Best I Ever Had
|
|-weather|RainDance|[upkeep]
|upkeep
|turn|9
|
|t:|1713526238
|move|p1a: Landorus|U-turn|p2a: Best I Ever Had
|-end|p2a: Best I Ever Had|Substitute
|
|t:|1713526242
|switch|p1a: Tyranitar|Tyranitar, M|100/100|[from] U-turn
|-damage|p1a: Tyranitar|88/100|[from] Stealth Rock
|-weather|Sandstorm|[from] ability: Sand Stream|[of] p1a: Tyranitar
|move|p2a: Best I Ever Had|Substitute|p2a: Best I Ever Had
|-start|p2a: Best I Ever Had|Substitute
|-damage|p2a: Best I Ever Had|26/100
|
|-weather|Sandstorm|[upkeep]
|-damage|p2a: Best I Ever Had|20/100|[from] Sandstorm
|-end|p2a: Best I Ever Had|move: Doom Desire
|-supereffective|p2a: Best I Ever Had
|-end|p2a: Best I Ever Had|Substitute
|upkeep
|turn|10
|
|t:|1713526248
|move|p2a: Best I Ever Had|Outrage|p1a: Tyranitar
|-crit|p1a: Tyranitar
|-damage|p1a: Tyranitar|0 fnt
|faint|p1a: Tyranitar
|
|-weather|Sandstorm|[upkeep]
|-damage|p2a: Best I Ever Had|13/100|[from] Sandstorm
|upkeep
|
|t:|1713526259
|switch|p1a: Latios|Latios, M|100/100
|-damage|p1a: Latios|88/100|[from] Stealth Rock
|turn|11
|
|t:|1713526261
|move|p1a: Latios|Dragon Pulse|p2a: Best I Ever Had
|-supereffective|p2a: Best I Ever Had
|-damage|p2a: Best I Ever Had|0 fnt
|faint|p2a: Best I Ever Had
|
|-weather|Sandstorm|[upkeep]
|-damage|p1a: Latios|82/100|[from] Sandstorm
|upkeep
|
|t:|1713526264
|switch|p2a: 5am in Toronto|Jirachi|76/100 brn
|turn|12
|
|t:|1713526270
|switch|p1a: Reuniclus|Reuniclus, M|94/100
|move|p2a: 5am in Toronto|U-turn|p1a: Reuniclus
|-supereffective|p1a: Reuniclus
|-damage|p1a: Reuniclus|83/100
|
|t:|1713526275
|switch|p2a: Hotline Bling|Politoed, M, shiny|100/100|[from] U-turn
|-weather|RainDance|[from] ability: Drizzle|[of] p2a: Hotline Bling
|
|-weather|RainDance|[upkeep]
|-heal|p1a: Reuniclus|89/100|[from] item: Leftovers
|upkeep
|turn|13
|
|t:|1713526280
|move|p2a: Hotline Bling|Surf|p1a: Reuniclus
|-damage|p1a: Reuniclus|32/100
|move|p1a: Reuniclus|Psychic|p2a: Hotline Bling
|-damage|p2a: Hotline Bling|58/100
|
|-weather|RainDance|[upkeep]
|-heal|p1a: Reuniclus|38/100|[from] item: Leftovers
|upkeep
|turn|14
|
|t:|1713526286
|switch|p1a: Rotom|Rotom-Wash|88/100
|-damage|p1a: Rotom|76/100|[from] Stealth Rock
|move|p2a: Hotline Bling|Surf|p1a: Rotom
|-resisted|p1a: Rotom
|-damage|p1a: Rotom|51/100
|
|-weather|RainDance|[upkeep]
|upkeep
|turn|15
|
|t:|1713526293
|move|p2a: Hotline Bling|Surf|p1a: Rotom
|-resisted|p1a: Rotom
|-damage|p1a: Rotom|27/100
|move|p1a: Rotom|Volt Switch|p2a: Hotline Bling
|-supereffective|p2a: Hotline Bling
|-damage|p2a: Hotline Bling|6/100
|
|t:|1713526301
|switch|p1a: Landorus|Landorus-Therian, M|75/100|[from] Volt Switch
|-damage|p1a: Landorus|63/100|[from] Stealth Rock
|-ability|p1a: Landorus|Intimidate|boost
|-unboost|p2a: Hotline Bling|atk|1
|
|-weather|RainDance|[upkeep]
|upkeep
|turn|16
|
|t:|1713526304
|move|p1a: Landorus|U-turn|p2a: Hotline Bling
|-damage|p2a: Hotline Bling|0 fnt
|faint|p2a: Hotline Bling
|
|t:|1713526311
|switch|p1a: Jirachi|Jirachi|25/100|[from] U-turn
|-damage|p1a: Jirachi|19/100|[from] Stealth Rock
|
|-weather|RainDance|[upkeep]
|-heal|p1a: Jirachi|25/100|[from] item: Leftovers
|upkeep
|
|t:|1713526316
|switch|p2a: One Dance|Volcarona, M|100/100
|turn|17
|
|t:|1713526318
|move|p2a: One Dance|Quiver Dance|p2a: One Dance
|-boost|p2a: One Dance|spa|1
|-boost|p2a: One Dance|spd|1
|-boost|p2a: One Dance|spe|1
|move|p1a: Jirachi|Thunder|p2a: One Dance
|-damage|p2a: One Dance|77/100
|-status|p2a: One Dance|par
|-enditem|p2a: One Dance|Lum Berry|[eat]
|-curestatus|p2a: One Dance|par|[msg]
|
|-weather|RainDance|[upkeep]
|-heal|p1a: Jirachi|32/100|[from] item: Leftovers
|upkeep
|turn|18
|
|t:|1713526323
|move|p2a: One Dance|Bug Buzz|p1a: Jirachi
|-damage|p1a: Jirachi|0 fnt
|faint|p1a: Jirachi
|
|-weather|RainDance|[upkeep]
|upkeep
|
|t:|1713526326
|switch|p1a: Landorus|Landorus-Therian, M|63/100
|-damage|p1a: Landorus|50/100|[from] Stealth Rock
|-ability|p1a: Landorus|Intimidate|boost
|-unboost|p2a: One Dance|atk|1
|turn|19
|
|t:|1713526329
|move|p1a: Landorus|Stone Edge|p2a: One Dance|[miss]
|-miss|p1a: Landorus|p2a: One Dance
|move|p2a: One Dance|Hidden Power|p1a: Landorus
|-supereffective|p1a: Landorus
|-damage|p1a: Landorus|0 fnt
|faint|p1a: Landorus
|
|-weather|RainDance|[upkeep]
|upkeep
|-message|authentise_is_shit forfeited.
|
|win|twizzy tonkaaaa
|raw|authentise_is_shit's rating: 1493 &rarr; <strong>1476</strong><br />(-17 for losing)
|raw|twizzy tonkaaaa's rating: 1541 &rarr; <strong>1558</strong><br />(+17 for winning)
|l|☆authentise_is_shit
|player|p1|
