|j|☆BookOfMonk
|j|☆jwhi
|t:|1727737447
|gametype|singles
|player|p1|BookOfMonk|silver|1309
|player|p2|jwhi|ingo|1476
|teamsize|p1|6
|teamsize|p2|6
|gen|5
|tier|[Gen 5] OU
|rated|
|rule|Species Clause: Limit one of each Pokémon
|rule|OHKO Clause: OHKO moves are banned
|rule|Moody Clause: Moody is banned
|rule|Evasion Items Clause: Evasion items are banned
|rule|Evasion Moves Clause: Evasion moves are banned
|rule|Endless Battle Clause: Forcing endless battles is banned
|rule|HP Percentage Mod: HP is shown in percentages
|rule|Evasion Abilities Clause: Evasion abilities are banned
|rule|Sleep Moves Clause: Sleep-inducing moves are banned
|rule|Swagger Clause: Swagger is banned
|rule|Baton Pass Stat Clause: No Baton Passer may have a way to boost its stats
|clearpoke
|poke|p1|Tyranitar, M|item
|poke|p1|Latios, M|item
|poke|p1|Landorus-Therian, M|item
|poke|p1|Ferrothorn, M|item
|poke|p1|Alakazam, M|item
|poke|p1|Excadrill, F|item
|poke|p2|Excadrill, F|item
|poke|p2|Infernape, F|item
|poke|p2|Dragonite, M|item
|poke|p2|Kingdra, M|item
|poke|p2|Starmie|item
|poke|p2|Tornadus, M|item
|teampreview
|inactive|Battle timer is ON: inactive players will automatically lose when time's up. (requested by jwhi)
|
|t:|1727737481
|start
|switch|p1a: Tyranitar|Tyranitar, M|100/100
|switch|p2a: Infernape|Infernape, F|100/100
|-weather|Sandstorm|[from] ability: Sand Stream|[of] p1a: Tyranitar
|turn|1
|
|t:|1727737493
|switch|p1a: Landorus|Landorus-Therian, M|100/100
|-ability|p1a: Landorus|Intimidate|boost
|-unboost|p2a: Infernape|atk|1
|move|p2a: Infernape|Close Combat|p1a: Landorus
|-resisted|p1a: Landorus
|-damage|p1a: Landorus|86/100
|-unboost|p2a: Infernape|def|1
|-unboost|p2a: Infernape|spd|1
|
|-weather|Sandstorm|[upkeep]
|-damage|p2a: Infernape|94/100|[from] Sandstorm
|upkeep
|turn|2
|
|t:|1727737507
|move|p1a: Landorus|Earthquake|p2a: Infernape
|-supereffective|p2a: Infernape
|-damage|p2a: Infernape|0 fnt
|faint|p2a: Infernape
|
|-weather|Sandstorm|[upkeep]
|upkeep
|
|t:|1727737516
|switch|p2a: Dragonite|Dragonite, M|100/100
|turn|3
|
|t:|1727737535
|switch|p1a: Alakazam|Alakazam, M|100/100
|move|p2a: Dragonite|Dragon Dance|p2a: Dragonite
|-boost|p2a: Dragonite|atk|1
|-boost|p2a: Dragonite|spe|1
|
|-weather|Sandstorm|[upkeep]
|-damage|p2a: Dragonite|94/100|[from] Sandstorm
|upkeep
|turn|4
|
|t:|1727737544
|move|p2a: Dragonite|Extreme Speed|p1a: Alakazam
|-enditem|p1a: Alakazam|Focus Sash
|-damage|p1a: Alakazam|1/100
|move|p1a: Alakazam|Hidden Power|p2a: Dragonite
|-supereffective|p2a: Dragonite
|-damage|p2a: Dragonite|0 fnt
|faint|p2a: Dragonite
|
|-weather|Sandstorm|[upkeep]
|upkeep
|inactive|jwhi has 120 seconds left.
|
|t:|1727737588
|switch|p2a: Excadrill|Excadrill, F|100/100
|-ability|p2a: Excadrill|Mold Breaker
|turn|5
|
|t:|1727737605
|switch|p1a: Landorus|Landorus-Therian, M|86/100
|-ability|p1a: Landorus|Intimidate|boost
|-unboost|p2a: Excadrill|atk|1
|move|p2a: Excadrill|Iron Head|p1a: Landorus
|-damage|p1a: Landorus|62/100
|
|-weather|Sandstorm|[upkeep]
|upkeep
|turn|6
|inactive|jwhi has 120 seconds left.
|
|t:|1727737619
|switch|p2a: Tornadus|Tornadus, M|100/100
|move|p1a: Landorus|U-turn|p2a: Tornadus
|-resisted|p2a: Tornadus
|-damage|p2a: Tornadus|84/100
|inactive|BookOfMonk has 120 seconds left.
|
|t:|1727737646
|switch|p1a: Alakazam|Alakazam, M|1/100|[from] U-turn
|
|-weather|Sandstorm|[upkeep]
|-damage|p2a: Tornadus|78/100|[from] Sandstorm
|upkeep
|turn|7
|inactive|BookOfMonk has 120 seconds left.
|inactive|jwhi has 120 seconds left.
|
|t:|1727737665
|switch|p2a: Excadrill|Excadrill, F|100/100
|-ability|p2a: Excadrill|Mold Breaker
|move|p1a: Alakazam|Hidden Power|p2a: Excadrill
|-damage|p2a: Excadrill|68/100
|
|-weather|Sandstorm|[upkeep]
|upkeep
|turn|8
|inactive|BookOfMonk has 120 seconds left.
|
|t:|1727737678
|switch|p1a: Ferrothorn|Ferrothorn, M|100/100
|move|p2a: Excadrill|Iron Head|p1a: Ferrothorn
|-resisted|p1a: Ferrothorn
|-damage|p1a: Ferrothorn|85/100
|-damage|p2a: Excadrill|56/100|[from] ability: Iron Barbs|[of] p1a: Ferrothorn
|
|-weather|Sandstorm|[upkeep]
|-heal|p1a: Ferrothorn|91/100|[from] item: Leftovers
|upkeep
|turn|9
|
|t:|1727737687
|switch|p2a: Tornadus|Tornadus, M|78/100
|switch|p1a: Landorus|Landorus-Therian, M|62/100
|-ability|p1a: Landorus|Intimidate|boost
|-unboost|p2a: Tornadus|atk|1
|
|-weather|Sandstorm|[upkeep]
|-damage|p2a: Tornadus|72/100|[from] Sandstorm
|upkeep
|turn|10
|
|t:|1727737698
|switch|p2a: Starmie|Starmie|100/100
|move|p1a: Landorus|Hidden Power|p2a: Starmie
|-resisted|p2a: Starmie
|-damage|p2a: Starmie|89/100
|
|-weather|Sandstorm|[upkeep]
|-damage|p2a: Starmie|82/100|[from] Sandstorm
|upkeep
|turn|11
|
|t:|1727737704
|switch|p1a: Ferrothorn|Ferrothorn, M|91/100
|move|p2a: Starmie|Ice Beam|p1a: Ferrothorn
|-damage|p1a: Ferrothorn|72/100
|
|-weather|Sandstorm|[upkeep]
|-damage|p2a: Starmie|76/100|[from] Sandstorm
|-heal|p1a: Ferrothorn|78/100|[from] item: Leftovers
|upkeep
|turn|12
|
|t:|1727737714
|move|p2a: Starmie|Hydro Pump|p1a: Ferrothorn
|-resisted|p1a: Ferrothorn
|-damage|p1a: Ferrothorn|59/100
|move|p1a: Ferrothorn|Power Whip|p2a: Starmie
|-supereffective|p2a: Starmie
|-damage|p2a: Starmie|0 fnt
|faint|p2a: Starmie
|
|-weather|Sandstorm|[upkeep]
|-heal|p1a: Ferrothorn|66/100|[from] item: Leftovers
|upkeep
|
|t:|1727737720
|switch|p2a: Tornadus|Tornadus, M|72/100
|turn|13
|
|t:|1727737725
|move|p2a: Tornadus|Heat Wave|p1a: Ferrothorn
|-supereffective|p1a: Ferrothorn
|-damage|p1a: Ferrothorn|0 fnt
|faint|p1a: Ferrothorn
|
|-weather|Sandstorm|[upkeep]
|-damage|p2a: Tornadus|66/100|[from] Sandstorm
|upkeep
|
|t:|1727737731
|switch|p1a: Landorus|Landorus-Therian, M|62/100
|-ability|p1a: Landorus|Intimidate|boost
|-unboost|p2a: Tornadus|atk|1
|turn|14
|
|t:|1727737742
|move|p2a: Tornadus|Rain Dance|p2a: Tornadus
|-weather|RainDance
|move|p1a: Landorus|Hidden Power|p2a: Tornadus
|-supereffective|p2a: Tornadus
|-damage|p2a: Tornadus|18/100
|
|-weather|RainDance|[upkeep]
|upkeep
|turn|15
|
|t:|1727737751
|switch|p2a: Excadrill|Excadrill, F|56/100
|-ability|p2a: Excadrill|Mold Breaker
|move|p1a: Landorus|Hidden Power|p2a: Excadrill
|-damage|p2a: Excadrill|32/100
|
|-weather|RainDance|[upkeep]
|upkeep
|turn|16
|
|t:|1727737758
|switch|p1a: Excadrill|Excadrill, F|100/100
|move|p2a: Excadrill|Iron Head|p1a: Excadrill
|-resisted|p1a: Excadrill
|-damage|p1a: Excadrill|68/100
|
|-weather|RainDance|[upkeep]
|-heal|p1a: Excadrill|74/100|[from] item: Leftovers
|upkeep
|turn|17
|
|t:|1727737767
|move|p2a: Excadrill|Iron Head|p1a: Excadrill
|-resisted|p1a: Excadrill
|-damage|p1a: Excadrill|42/100
|cant|p1a: Excadrill|flinch
|
|-weather|RainDance|[upkeep]
|-heal|p1a: Excadrill|48/100|[from] item: Leftovers
|upkeep
|turn|18
|
|t:|1727737776
|move|p2a: Excadrill|Iron Head|p1a: Excadrill
|-resisted|p1a: Excadrill
|-crit|p1a: Excadrill
|-damage|p1a: Excadrill|0 fnt
|faint|p1a: Excadrill
|
|-weather|RainDance|[upkeep]
|upkeep
|
|t:|1727737783
|switch|p1a: Landorus|Landorus-Therian, M|62/100
|-ability|p1a: Landorus|Intimidate|boost
|-unboost|p2a: Excadrill|atk|1
|turn|19
|
|t:|1727737793
|move|p2a: Excadrill|Iron Head|p1a: Landorus
|-damage|p1a: Landorus|40/100
|move|p1a: Landorus|Superpower|p2a: Excadrill
|-supereffective|p2a: Excadrill
|-damage|p2a: Excadrill|0 fnt
|-unboost|p1a: Landorus|atk|1
|-unboost|p1a: Landorus|def|1
|faint|p2a: Excadrill
|
|-weather|RainDance|[upkeep]
|upkeep
|
|t:|1727737813
|switch|p2a: Tornadus|Tornadus, M|18/100
|turn|20
|
|t:|1727737822
|move|p1a: Landorus|Superpower|p2a: Tornadus
|-resisted|p2a: Tornadus
|-damage|p2a: Tornadus|0 fnt
|-unboost|p1a: Landorus|atk|1
|-unboost|p1a: Landorus|def|1
|faint|p2a: Tornadus
|
|-weather|RainDance|[upkeep]
|upkeep
|
|t:|1727737827
|switch|p2a: Kingdra|Kingdra, M|100/100
|turn|21
|
|t:|1727737834
|switch|p1a: Tyranitar|Tyranitar, M|100/100
|-weather|Sandstorm|[from] ability: Sand Stream|[of] p1a: Tyranitar
|move|p2a: Kingdra|Ice Beam|p1a: Tyranitar
|-damage|p1a: Tyranitar|84/100
|-damage|p2a: Kingdra|91/100|[from] item: Life Orb
|
|-weather|Sandstorm|[upkeep]
|-damage|p2a: Kingdra|84/100|[from] Sandstorm
|upkeep
|turn|22
|
|t:|1727737861
|move|p2a: Kingdra|Surf|p1a: Tyranitar
|-supereffective|p1a: Tyranitar
|-damage|p1a: Tyranitar|36/100
|-damage|p2a: Kingdra|74/100|[from] item: Life Orb
|move|p1a: Tyranitar|Crunch|p2a: Kingdra
|-damage|p2a: Kingdra|29/100
|
|-weather|Sandstorm|[upkeep]
|-damage|p2a: Kingdra|23/100|[from] Sandstorm
|upkeep
|turn|23
|
|t:|1727737873
|move|p2a: Kingdra|Surf|p1a: Tyranitar
|-supereffective|p1a: Tyranitar
|-crit|p1a: Tyranitar
|-damage|p1a: Tyranitar|0 fnt
|faint|p1a: Tyranitar
|-damage|p2a: Kingdra|13/100|[from] item: Life Orb
|
|-weather|Sandstorm|[upkeep]
|-damage|p2a: Kingdra|7/100|[from] Sandstorm
|upkeep
|
|t:|1727737877
|switch|p1a: Alakazam|Alakazam, M|1/100
|turn|24
|
|t:|1727737883
|move|p1a: Alakazam|Psychic|p2a: Kingdra
|-damage|p2a: Kingdra|0 fnt
|faint|p2a: Kingdra
|
|win|BookOfMonk
|raw|BookOfMonk's rating: 1309 &rarr; <strong>1338</strong><br />(+29 for winning)
|raw|jwhi's rating: 1476 &rarr; <strong>1447</strong><br />(-29 for losing)
