|j|☆post scriptum
|j|☆the goldeen boy
|player|p1|post scriptum|138
|player|p2|the goldeen boy|170
|teamsize|p1|6
|teamsize|p2|6
|gametype|singles
|gen|5
|tier|[Gen 5] OU
|rated|
|rule|Sleep Clause Mod: Limit one foe put to sleep
|rule|Species Clause: Limit one of each Pokémon
|rule|OHKO Clause: OHKO moves are banned
|rule|Moody Clause: Moody is banned
|rule|Evasion Moves Clause: Evasion moves are banned
|rule|Endless Battle Clause: Forcing endless battles is banned
|rule|HP Percentage Mod: HP is shown in percentages
|rule|Evasion Abilities Clause: Evasion abilities are banned
|rule|Baton Pass Clause: Limit one Baton Passer, can't pass Spe and other stats simultaneously
|rule|Swagger Clause: Swagger is banned
|clearpoke
|poke|p1|Politoed, M|item
|poke|p1|Azumarill, M|item
|poke|p1|Ferrothorn, M|item
|poke|p1|Landorus-Therian, M|item
|poke|p1|Starmie|item
|poke|p1|Tornadus, M|item
|poke|p2|Scizor, M|item
|poke|p2|Magnezone|item
|poke|p2|Landorus-Therian, M|item
|poke|p2|Starmie|item
|poke|p2|Dragonite, M|item
|poke|p2|Garchomp, M|item
|teampreview
|inactive|Battle timer is ON: inactive players will automatically lose when time's up. (requested by post scriptum)
|
|start
|switch|p1a: Landorus|Landorus-Therian, M|100/100
|switch|p2a: Garchomp|Garchomp, M|100/100
|-ability|p1a: Landorus|Intimidate|boost
|-unboost|p2a: Garchomp|atk|1
|turn|1
|
|move|p2a: Garchomp|Stealth Rock|p1a: Landorus
|-sidestart|p1: post scriptum|move: Stealth Rock
|move|p1a: Landorus|Stealth Rock|p2a: Garchomp
|-sidestart|p2: the goldeen boy|move: Stealth Rock
|
|upkeep
|turn|2
|
|move|p2a: Garchomp|Swords Dance|p2a: Garchomp
|-boost|p2a: Garchomp|atk|2
|move|p1a: Landorus|Earthquake|p2a: Garchomp
|-crit|p2a: Garchomp
|-damage|p2a: Garchomp|3/100
|
|upkeep
|turn|3
|c|☆post scriptum|sry for that
|
|switch|p1a: Ferrothorn|Ferrothorn, M|100/100
|-damage|p1a: Ferrothorn|95/100|[from] Stealth Rock
|move|p2a: Garchomp|Outrage|p1a: Ferrothorn
|-resisted|p1a: Ferrothorn
|-damage|p1a: Ferrothorn|59/100
|-damage|p2a: Garchomp|0 fnt|[from] ability: Iron Barbs|[of] p1a: Ferrothorn
|faint|p2a: Garchomp
|-formechange|p2a: Garchomp|Garchomp||[from] ability: Iron Barbs
|
|-heal|p1a: Ferrothorn|65/100|[from] item: Leftovers
|upkeep
|
|switch|p2a: Magnezone|Magnezone|100/100
|-damage|p2a: Magnezone|94/100|[from] Stealth Rock
|turn|4
|
|move|p1a: Ferrothorn|Protect|p1a: Ferrothorn
|-singleturn|p1a: Ferrothorn|Protect
|move|p2a: Magnezone|Hidden Power|p1a: Ferrothorn
|-activate|p1a: Ferrothorn|move: Protect
|
|-heal|p1a: Ferrothorn|71/100|[from] item: Leftovers
|upkeep
|turn|5
|
|move|p2a: Magnezone|Hidden Power|p1a: Ferrothorn
|-supereffective|p1a: Ferrothorn
|-damage|p1a: Ferrothorn|0 fnt
|faint|p1a: Ferrothorn
|
|upkeep
|inactive|post scriptum has 135 seconds left.
|
|switch|p1a: Politoed|Politoed, M|100/100
|-damage|p1a: Politoed|88/100|[from] Stealth Rock
|-weather|RainDance|[from] ability: Drizzle|[of] p1a: Politoed
|turn|6
|
|move|p2a: Magnezone|Hidden Power|p1a: Politoed
|-resisted|p1a: Politoed
|-damage|p1a: Politoed|80/100
|move|p1a: Politoed|Hidden Power|p2a: Magnezone
|-resisted|p2a: Magnezone
|-crit|p2a: Magnezone
|-damage|p2a: Magnezone|57/100
|
|-weather|RainDance|[upkeep]
|upkeep
|turn|7
|
|switch|p2a: Scizor|Scizor, M|100/100
|-damage|p2a: Scizor|88/100|[from] Stealth Rock
|move|p1a: Politoed|Hidden Power|p2a: Scizor
|-resisted|p2a: Scizor
|-damage|p2a: Scizor|81/100
|
|-weather|RainDance|[upkeep]
|-heal|p2a: Scizor|87/100|[from] item: Leftovers
|upkeep
|turn|8
|
|switch|p1a: Landorus|Landorus-Therian, M|100/100
|-damage|p1a: Landorus|88/100|[from] Stealth Rock
|-ability|p1a: Landorus|Intimidate|boost
|-unboost|p2a: Scizor|atk|1
|move|p2a: Scizor|U-turn|p1a: Landorus
|-resisted|p1a: Landorus
|-crit|p1a: Landorus
|-damage|p1a: Landorus|53/100
|inactive|the goldeen boy has 135 seconds left.
|
|switch|p2a: Starmie|Starmie|100/100
|-damage|p2a: Starmie|88/100|[from] Stealth Rock
|
|-weather|RainDance|[upkeep]
|-heal|p1a: Landorus|59/100|[from] item: Leftovers
|upkeep
|turn|9
|
|switch|p1a: Starmie|Starmie|100/100
|-damage|p1a: Starmie|88/100|[from] Stealth Rock
|move|p2a: Starmie|Ice Beam|p1a: Starmie
|-resisted|p1a: Starmie
|-damage|p1a: Starmie|52/100
|-damage|p2a: Starmie|78/100|[from] item: Life Orb
|
|-weather|RainDance|[upkeep]
|upkeep
|turn|10
|
|move|p1a: Starmie|Thunder|p2a: Starmie
|-supereffective|p2a: Starmie
|-damage|p2a: Starmie|0 fnt
|-damage|p1a: Starmie|42/100|[from] item: Life Orb
|faint|p2a: Starmie
|
|-weather|RainDance|[upkeep]
|upkeep
|
|switch|p2a: Landorus-T|Landorus-Therian, M|100/100
|-damage|p2a: Landorus-T|88/100|[from] Stealth Rock
|-ability|p2a: Landorus-T|Intimidate|boost
|-unboost|p1a: Starmie|atk|1
|turn|11
|
|switch|p1a: Landorus|Landorus-Therian, M|59/100
|-damage|p1a: Landorus|47/100|[from] Stealth Rock
|-ability|p1a: Landorus|Intimidate|boost
|-unboost|p2a: Landorus-T|atk|1
|move|p2a: Landorus-T|U-turn|p1a: Landorus
|-resisted|p1a: Landorus
|-damage|p1a: Landorus|38/100
|
|switch|p2a: Scizor|Scizor, M|87/100
|-damage|p2a: Scizor|75/100|[from] Stealth Rock
|
|-weather|RainDance|[upkeep]
|-heal|p1a: Landorus|44/100|[from] item: Leftovers
|-heal|p2a: Scizor|81/100|[from] item: Leftovers
|upkeep
|turn|12
|
|move|p1a: Landorus|Earthquake|p2a: Scizor
|-crit|p2a: Scizor
|-damage|p2a: Scizor|0 fnt
|faint|p2a: Scizor
|
|-weather|RainDance|[upkeep]
|-heal|p1a: Landorus|50/100|[from] item: Leftovers
|upkeep
|
|switch|p2a: Landorus-T|Landorus-Therian, M|88/100
|-damage|p2a: Landorus-T|76/100|[from] Stealth Rock
|-ability|p2a: Landorus-T|Intimidate|boost
|-unboost|p1a: Landorus|atk|1
|turn|13
|c|☆post scriptum|dude
|c|☆post scriptum|http://replay.pokemonshowdown.com/gen5ou-764363295
|c|☆post scriptum|just watch this
|c|☆post scriptum|you'll forgive me
|
|switch|p1a: Politoed|Politoed, M|80/100
|-damage|p1a: Politoed|68/100|[from] Stealth Rock
|move|p2a: Landorus-T|Hidden Power|p1a: Politoed
|-resisted|p1a: Politoed
|-damage|p1a: Politoed|61/100
|
|-weather|RainDance|[upkeep]
|upkeep
|turn|14
|
|switch|p2a: Magnezone|Magnezone|57/100
|-damage|p2a: Magnezone|50/100|[from] Stealth Rock
|move|p1a: Politoed|Ice Beam|p2a: Magnezone
|-resisted|p2a: Magnezone
|-damage|p2a: Magnezone|26/100
|
|-weather|RainDance|[upkeep]
|upkeep
|turn|15
|
|switch|p1a: Landorus|Landorus-Therian, M|50/100
|-damage|p1a: Landorus|37/100|[from] Stealth Rock
|-ability|p1a: Landorus|Intimidate|boost
|-unboost|p2a: Magnezone|atk|1
|move|p2a: Magnezone|Thunderbolt|p1a: Landorus
|-immune|p1a: Landorus|[msg]
|
|-weather|RainDance|[upkeep]
|-heal|p1a: Landorus|44/100|[from] item: Leftovers
|upkeep
|turn|16
|
|switch|p2a: Landorus-T|Landorus-Therian, M|76/100
|-damage|p2a: Landorus-T|64/100|[from] Stealth Rock
|-ability|p2a: Landorus-T|Intimidate|boost
|-unboost|p1a: Landorus|atk|1
|move|p1a: Landorus|Stone Edge|p2a: Landorus-T
|-damage|p2a: Landorus-T|37/100
|
|-weather|RainDance|[upkeep]
|-heal|p1a: Landorus|50/100|[from] item: Leftovers
|upkeep
|turn|17
|
|switch|p1a: Politoed|Politoed, M|61/100
|-damage|p1a: Politoed|48/100|[from] Stealth Rock
|move|p2a: Landorus-T|Stone Edge|p1a: Politoed
|-damage|p1a: Politoed|9/100
|
|-weather|RainDance|[upkeep]
|upkeep
|turn|18
|
|move|p2a: Landorus-T|Stone Edge|p1a: Politoed
|-damage|p1a: Politoed|0 fnt
|faint|p1a: Politoed
|
|-weather|RainDance|[upkeep]
|upkeep
|
|switch|p1a: Azumarill|Azumarill, M|100/100
|-damage|p1a: Azumarill|88/100|[from] Stealth Rock
|turn|19
|
|switch|p2a: Magnezone|Magnezone|26/100
|-damage|p2a: Magnezone|19/100|[from] Stealth Rock
|move|p1a: Azumarill|Aqua Jet|p2a: Magnezone
|-damage|p2a: Magnezone|0 fnt
|faint|p2a: Magnezone
|
|-weather|RainDance|[upkeep]
|upkeep
|
|switch|p2a: Dragonite|Dragonite, M|100/100
|-damage|p2a: Dragonite|76/100|[from] Stealth Rock
|turn|20
|
|move|p2a: Dragonite|Extreme Speed|p1a: Azumarill
|-damage|p1a: Azumarill|39/100
|move|p1a: Azumarill|Aqua Jet|p2a: Dragonite
|-resisted|p2a: Dragonite
|-damage|p2a: Dragonite|45/100
|
|-weather|RainDance|[upkeep]
|upkeep
|turn|21
|
|switch|p1a: Landorus|Landorus-Therian, M|50/100
|-damage|p1a: Landorus|37/100|[from] Stealth Rock
|-ability|p1a: Landorus|Intimidate|boost
|-unboost|p2a: Dragonite|atk|1
|move|p2a: Dragonite|Extreme Speed|p1a: Landorus
|-damage|p1a: Landorus|7/100
|
|-weather|RainDance|[upkeep]
|-heal|p1a: Landorus|13/100|[from] item: Leftovers
|upkeep
|turn|22
|
|move|p2a: Dragonite|Extreme Speed|p1a: Landorus
|-damage|p1a: Landorus|0 fnt
|faint|p1a: Landorus
|
|-weather|RainDance|[upkeep]
|upkeep
|
|switch|p1a: Tornadus|Tornadus, M|100/100
|-damage|p1a: Tornadus|76/100|[from] Stealth Rock
|turn|23
|
|move|p2a: Dragonite|Extreme Speed|p1a: Tornadus
|-crit|p1a: Tornadus
|-damage|p1a: Tornadus|0 fnt
|faint|p1a: Tornadus
|
|-weather|RainDance|[upkeep]
|upkeep
|c|☆post scriptum|Oh key
|c|☆post scriptum|LOVIN it
|c|☆the goldeen boy|lol
|inactive|post scriptum has 135 seconds left.
|c|☆post scriptum|BRO
|inactive|post scriptum has 120 seconds left.
|c|☆post scriptum|FUCK THIS
|c|☆post scriptum|FUCK THIS SHIT
|c|☆post scriptum|COME ON
|c|☆post scriptum|JUST PLEASE
|c|☆post scriptum|http://replay.pokemonshowdown.com/gen5ou-764363295
|c|☆post scriptum|WATCH THIS REPLAY
|c|☆post scriptum|HONESTLY
|inactive|post scriptum has 105 seconds left.
|c|☆post scriptum|I'VE GOTTEN HAXED
|c|☆post scriptum|4 GAMES IN A ROW
|c|☆post scriptum|I BEG OF YOU
|c|☆post scriptum|DON'T LET IT END THIS WAY
|c|☆post scriptum|HOLY FUCK
|c|☆post scriptum|WHAT IS THIS SHIT
|inactive|post scriptum has 90 seconds left.
|c|☆the goldeen boy|lol
|inactive|post scriptum has 75 seconds left.
|c|☆post scriptum|COME ON
|c|☆post scriptum|DUDE
|c|☆post scriptum|I'M NOT KIDDING
|c|☆post scriptum|WTF
|
|switch|p1a: Starmie|Starmie|42/100
|-damage|p1a: Starmie|30/100|[from] Stealth Rock
|turn|24
|
|move|p2a: Dragonite|Extreme Speed|p1a: Starmie
|-crit|p1a: Starmie
|-damage|p1a: Starmie|0 fnt
|faint|p1a: Starmie
|
|-weather|RainDance|[upkeep]
|upkeep
|
|switch|p1a: Azumarill|Azumarill, M|39/100
|-damage|p1a: Azumarill|26/100|[from] Stealth Rock
|turn|25
|
|move|p2a: Dragonite|Extreme Speed|p1a: Azumarill
|-damage|p1a: Azumarill|0 fnt
|faint|p1a: Azumarill
|
|win|the goldeen boy
|raw|post scriptum's rating: 1323 &rarr; <strong>1305</strong><br />(-18 for losing)
|raw|the goldeen boy's rating: 1369 &rarr; <strong>1386</strong><br />(+17 for winning)
|l|☆the goldeen boy
