|j|☆torinoko city
|j|☆BWVC BookofConke
|t:|1709830875
|gametype|singles
|player|p1|torinoko city|miku-flying|1457
|player|p2|BWVC BookofConke|silver|1341
|teamsize|p1|6
|teamsize|p2|6
|gen|5
|tier|[Gen 5] OU
|rated|
|rule|Species Clause: Limit one of each Pokémon
|rule|OHKO Clause: OHKO moves are banned
|rule|Moody Clause: Moody is banned
|rule|Evasion Items Clause: Evasion items are banned
|rule|Evasion Moves Clause: Evasion moves are banned
|rule|Endless Battle Clause: Forcing endless battles is banned
|rule|HP Percentage Mod: HP is shown in percentages
|rule|Evasion Abilities Clause: Evasion abilities are banned
|rule|Sleep Moves Clause: Sleep-inducing moves are banned
|rule|Swagger Clause: Swagger is banned
|rule|Baton Pass Stat Clause: No Baton Passer may have a way to boost its stats
|clearpoke
|poke|p1|Abomasnow, M|item
|poke|p1|Forretress, F|item
|poke|p1|Blissey, F|item
|poke|p1|Gliscor, F|item
|poke|p1|Latios, M|item
|poke|p1|Reuniclus, M|item
|poke|p2|Tyranitar, F|item
|poke|p2|Amoonguss, F|item
|poke|p2|Excadrill, M|item
|poke|p2|Gliscor, M|item
|poke|p2|Keldeo|item
|poke|p2|Mamoswine, F|item
|teampreview
|inactive|Battle timer is ON: inactive players will automatically lose when time's up. (requested by torinoko city)
|
|t:|1709830904
|start
|switch|p1a: Gliscor|Gliscor, F|100/100
|switch|p2a: Tyranitar|Tyranitar, F|100/100
|-weather|Sandstorm|[from] ability: Sand Stream|[of] p2a: Tyranitar
|turn|1
|
|t:|1709830912
|move|p1a: Gliscor|Protect|p1a: Gliscor
|-singleturn|p1a: Gliscor|Protect
|move|p2a: Tyranitar|Ice Beam|p1a: Gliscor
|-activate|p1a: Gliscor|move: Protect
|
|-weather|Sandstorm|[upkeep]
|-status|p1a: Gliscor|tox|[from] item: Toxic Orb
|upkeep
|turn|2
|inactive|BWVC BookofConke has 120 seconds left.
|
|t:|1709830952
|switch|p1a: Abomasnow|Abomasnow, M|100/100
|-weather|Hail|[from] ability: Snow Warning|[of] p1a: Abomasnow
|switch|p2a: Keldeo|Keldeo|100/100
|
|-weather|Hail|[upkeep]
|-damage|p2a: Keldeo|94/100|[from] Hail
|-heal|p2a: Keldeo|100/100|[from] item: Leftovers
|upkeep
|turn|3
|inactive|BWVC BookofConke has 120 seconds left.
|j| Iuhgfvhjkkjh
|l| Iuhgfvhjkkjh
|
|t:|1709830982
|switch|p1a: Reuniclus|Reuniclus, M|100/100
|move|p2a: Keldeo|Secret Sword|p1a: Reuniclus
|-resisted|p1a: Reuniclus
|-damage|p1a: Reuniclus|86/100
|
|-weather|Hail|[upkeep]
|-damage|p2a: Keldeo|94/100|[from] Hail
|-heal|p2a: Keldeo|100/100|[from] item: Leftovers
|-heal|p1a: Reuniclus|92/100|[from] item: Leftovers
|upkeep
|turn|4
|j| ouku type c
|
|t:|1709830997
|switch|p2a: Tyranitar|Tyranitar, F|100/100
|-weather|Sandstorm|[from] ability: Sand Stream|[of] p2a: Tyranitar
|move|p1a: Reuniclus|Focus Blast|p2a: Tyranitar
|-supereffective|p2a: Tyranitar
|-enditem|p2a: Tyranitar|Chople Berry|[eat]
|-enditem|p2a: Tyranitar|Chople Berry|[weaken]
|-damage|p2a: Tyranitar|69/100
|
|-weather|Sandstorm|[upkeep]
|-heal|p1a: Reuniclus|98/100|[from] item: Leftovers
|upkeep
|turn|5
|
|t:|1709831008
|-activate|p1a: Reuniclus|move: Pursuit
|move|p2a: Tyranitar|Pursuit|p1a: Reuniclus|[from]Pursuit
|-supereffective|p1a: Reuniclus
|-damage|p1a: Reuniclus|37/100
|switch|p1a: Abomasnow|Abomasnow, M|100/100
|-weather|Hail|[from] ability: Snow Warning|[of] p1a: Abomasnow
|
|-weather|Hail|[upkeep]
|-damage|p2a: Tyranitar|63/100|[from] Hail
|upkeep
|turn|6
|inactive|BWVC BookofConke has 90 seconds left.
|
|t:|1709831035
|switch|p2a: Excadrill|Excadrill, M|100/100
|move|p1a: Abomasnow|Wood Hammer|p2a: Excadrill
|-damage|p2a: Excadrill|27/100
|-damage|p1a: Abomasnow|74/100|[from] Recoil
|
|-weather|Hail|[upkeep]
|-damage|p2a: Excadrill|21/100|[from] Hail
|-heal|p2a: Excadrill|27/100|[from] item: Leftovers
|-heal|p1a: Abomasnow|80/100|[from] item: Leftovers
|upkeep
|turn|7
|l| ouku type c
|inactive|BWVC BookofConke has 90 seconds left.
|
|t:|1709831064
|switch|p2a: Amoonguss|Amoonguss, F|100/100
|move|p1a: Abomasnow|Ice Shard|p2a: Amoonguss
|-supereffective|p2a: Amoonguss
|-damage|p2a: Amoonguss|61/100
|
|-weather|Hail|[upkeep]
|-damage|p2a: Amoonguss|55/100|[from] Hail
|-heal|p1a: Abomasnow|86/100|[from] item: Leftovers
|-heal|p2a: Amoonguss|61/100|[from] item: Black Sludge
|upkeep
|turn|8
|
|t:|1709831075
|switch|p1a: Gliscor|Gliscor, F|100/100 tox
|switch|p2a: Keldeo|Keldeo|100/100
|
|-weather|Hail|[upkeep]
|-damage|p2a: Keldeo|94/100|[from] Hail
|-damage|p1a: Gliscor|94/100 tox|[from] Hail
|-heal|p2a: Keldeo|100/100|[from] item: Leftovers
|-heal|p1a: Gliscor|100/100 tox|[from] ability: Poison Heal
|upkeep
|turn|9
|
|t:|1709831085
|move|p1a: Gliscor|Protect|p1a: Gliscor
|-singleturn|p1a: Gliscor|Protect
|move|p2a: Keldeo|Scald|p1a: Gliscor
|-activate|p1a: Gliscor|move: Protect
|
|-weather|Hail|[upkeep]
|-damage|p2a: Keldeo|94/100|[from] Hail
|-damage|p1a: Gliscor|94/100 tox|[from] Hail
|-heal|p2a: Keldeo|100/100|[from] item: Leftovers
|-heal|p1a: Gliscor|100/100 tox|[from] ability: Poison Heal
|upkeep
|turn|10
|
|t:|1709831103
|switch|p1a: Latios|Latios, M|100/100
|move|p2a: Keldeo|Secret Sword|p1a: Latios
|-resisted|p1a: Latios
|-damage|p1a: Latios|71/100
|
|-weather|Hail|[upkeep]
|-damage|p1a: Latios|65/100|[from] Hail
|-damage|p2a: Keldeo|94/100|[from] Hail
|-heal|p2a: Keldeo|100/100|[from] item: Leftovers
|upkeep
|turn|11
|inactive|BWVC BookofConke has 60 seconds left.
|
|t:|1709831137
|switch|p2a: Amoonguss|Amoonguss, F|95/100
|move|p1a: Latios|Dragon Pulse|p2a: Amoonguss
|-damage|p2a: Amoonguss|51/100
|
|-weather|Hail|[upkeep]
|-damage|p1a: Latios|59/100|[from] Hail
|-damage|p2a: Amoonguss|45/100|[from] Hail
|-heal|p2a: Amoonguss|51/100|[from] item: Black Sludge
|upkeep
|turn|12
|
|t:|1709831156
|switch|p1a: Reuniclus|Reuniclus, M|37/100
|move|p2a: Amoonguss|Hidden Power|p1a: Reuniclus
|-damage|p1a: Reuniclus|24/100
|
|-weather|Hail|[upkeep]
|-damage|p2a: Amoonguss|45/100|[from] Hail
|-heal|p2a: Amoonguss|51/100|[from] item: Black Sludge
|-heal|p1a: Reuniclus|30/100|[from] item: Leftovers
|upkeep
|turn|13
|
|t:|1709831175
|move|p2a: Amoonguss|Sludge Bomb|p1a: Reuniclus
|-damage|p1a: Reuniclus|3/100
|-status|p1a: Reuniclus|psn
|move|p1a: Reuniclus|Recover|p1a: Reuniclus
|-heal|p1a: Reuniclus|53/100 psn
|
|-weather|Hail|[upkeep]
|-damage|p2a: Amoonguss|45/100|[from] Hail
|-heal|p2a: Amoonguss|51/100|[from] item: Black Sludge
|-heal|p1a: Reuniclus|59/100 psn|[from] item: Leftovers
|upkeep
|turn|14
|
|t:|1709831185
|switch|p2a: Tyranitar|Tyranitar, F|63/100
|-weather|Sandstorm|[from] ability: Sand Stream|[of] p2a: Tyranitar
|move|p1a: Reuniclus|Recover|p1a: Reuniclus
|-heal|p1a: Reuniclus|100/100 psn
|
|-weather|Sandstorm|[upkeep]
|upkeep
|turn|15
|
|t:|1709831194
|move|p2a: Tyranitar|Pursuit|p1a: Reuniclus
|-supereffective|p1a: Reuniclus
|-damage|p1a: Reuniclus|68/100 psn
|move|p1a: Reuniclus|Focus Blast|p2a: Tyranitar|[miss]
|-miss|p1a: Reuniclus|p2a: Tyranitar
|
|-weather|Sandstorm|[upkeep]
|-heal|p1a: Reuniclus|74/100 psn|[from] item: Leftovers
|upkeep
|turn|16
|
|t:|1709831202
|move|p2a: Tyranitar|Crunch|p1a: Reuniclus
|-supereffective|p1a: Reuniclus
|-damage|p1a: Reuniclus|16/100 psn
|move|p1a: Reuniclus|Focus Blast|p2a: Tyranitar
|-supereffective|p2a: Tyranitar
|-damage|p2a: Tyranitar|2/100
|
|-weather|Sandstorm|[upkeep]
|-heal|p1a: Reuniclus|22/100 psn|[from] item: Leftovers
|upkeep
|turn|17
|
|t:|1709831210
|move|p2a: Tyranitar|Pursuit|p1a: Reuniclus
|-supereffective|p1a: Reuniclus
|-damage|p1a: Reuniclus|0 fnt
|faint|p1a: Reuniclus
|
|-weather|Sandstorm|[upkeep]
|upkeep
|
|t:|1709831213
|switch|p1a: Abomasnow|Abomasnow, M|86/100
|-weather|Hail|[from] ability: Snow Warning|[of] p1a: Abomasnow
|turn|18
|inactive|BWVC BookofConke has 60 seconds left.
|
|t:|1709831237
|switch|p2a: Amoonguss|Amoonguss, F|84/100
|move|p1a: Abomasnow|Wood Hammer|p2a: Amoonguss
|-resisted|p2a: Amoonguss
|-damage|p2a: Amoonguss|70/100
|-damage|p1a: Abomasnow|81/100|[from] Recoil
|
|-weather|Hail|[upkeep]
|-damage|p2a: Amoonguss|64/100|[from] Hail
|-heal|p1a: Abomasnow|87/100|[from] item: Leftovers
|-heal|p2a: Amoonguss|70/100|[from] item: Black Sludge
|upkeep
|turn|19
|
|t:|1709831256
|switch|p1a: Gliscor|Gliscor, F|100/100 tox
|move|p2a: Amoonguss|Sludge Bomb|p1a: Gliscor
|-resisted|p1a: Gliscor
|-damage|p1a: Gliscor|87/100 tox
|
|-weather|Hail|[upkeep]
|-damage|p1a: Gliscor|80/100 tox|[from] Hail
|-damage|p2a: Amoonguss|64/100|[from] Hail
|-heal|p2a: Amoonguss|70/100|[from] item: Black Sludge
|-heal|p1a: Gliscor|93/100 tox|[from] ability: Poison Heal
|upkeep
|turn|20
|
|t:|1709831277
|switch|p2a: Mamoswine|Mamoswine, F|100/100
|move|p1a: Gliscor|Stealth Rock|p2a: Mamoswine
|-sidestart|p2: BWVC BookofConke|move: Stealth Rock
|
|-weather|Hail|[upkeep]
|-damage|p1a: Gliscor|87/100 tox|[from] Hail
|-heal|p1a: Gliscor|99/100 tox|[from] ability: Poison Heal
|upkeep
|turn|21
|
|t:|1709831285
|switch|p1a: Abomasnow|Abomasnow, M|87/100
|move|p2a: Mamoswine|Icicle Crash|p1a: Abomasnow
|-damage|p1a: Abomasnow|1/100
|
|-weather|Hail|[upkeep]
|-heal|p1a: Abomasnow|7/100|[from] item: Leftovers
|upkeep
|turn|22
|
|t:|1709831293
|move|p2a: Mamoswine|Icicle Crash|p1a: Abomasnow
|-damage|p1a: Abomasnow|0 fnt
|faint|p1a: Abomasnow
|
|-weather|Hail|[upkeep]
|upkeep
|
|t:|1709831299
|switch|p1a: Latios|Latios, M|59/100
|turn|23
|
|t:|1709831314
|switch|p2a: Tyranitar|Tyranitar, F|2/100
|-damage|p2a: Tyranitar|0 fnt|[from] Stealth Rock
|faint|p2a: Tyranitar
|move|p1a: Latios|Draco Meteor|p2: Tyranitar|[notarget]
|-fail|p1a: Latios
|
|-weather|Hail|[upkeep]
|-damage|p1a: Latios|53/100|[from] Hail
|upkeep
|inactive|BWVC BookofConke has 30 seconds left.
|inactive|BWVC BookofConke has 20 seconds left.
|inactive|BWVC BookofConke has 15 seconds left.
|
|t:|1709831352
|switch|p2a: Mamoswine|Mamoswine, F|100/100
|-damage|p2a: Mamoswine|88/100|[from] Stealth Rock
|turn|24
|inactive|BWVC BookofConke has 25 seconds left this turn.
|
|t:|1709831355
|switch|p1a: Forretress|Forretress, F|100/100
|move|p2a: Mamoswine|Ice Shard|p1a: Forretress
|-resisted|p1a: Forretress
|-damage|p1a: Forretress|91/100
|
|-weather|Hail|[upkeep]
|-damage|p1a: Forretress|85/100|[from] Hail
|-heal|p1a: Forretress|91/100|[from] item: Leftovers
|upkeep
|turn|25
|inactive|BWVC BookofConke has 30 seconds left.
|
|t:|1709831364
|switch|p2a: Amoonguss|Amoonguss, F|100/100
|-damage|p2a: Amoonguss|88/100|[from] Stealth Rock
|move|p1a: Forretress|Spikes|p2a: Amoonguss
|-sidestart|p2: BWVC BookofConke|Spikes
|
|-weather|Hail|[upkeep]
|-damage|p1a: Forretress|85/100|[from] Hail
|-damage|p2a: Amoonguss|82/100|[from] Hail
|-heal|p1a: Forretress|91/100|[from] item: Leftovers
|-heal|p2a: Amoonguss|88/100|[from] item: Black Sludge
|upkeep
|turn|26
|
|t:|1709831373
|move|p1a: Forretress|Volt Switch|p2a: Amoonguss
|-resisted|p2a: Amoonguss
|-damage|p2a: Amoonguss|84/100
|
|t:|1709831377
|switch|p1a: Gliscor|Gliscor, F|99/100 tox|[from] Volt Switch
|move|p2a: Amoonguss|Stun Spore||[still]
|-fail|p2a: Amoonguss
|
|-weather|Hail|[upkeep]
|-damage|p1a: Gliscor|93/100 tox|[from] Hail
|-damage|p2a: Amoonguss|78/100|[from] Hail
|-heal|p2a: Amoonguss|84/100|[from] item: Black Sludge
|-heal|p1a: Gliscor|100/100 tox|[from] ability: Poison Heal
|upkeep
|turn|27
|
|t:|1709831386
|switch|p2a: Keldeo|Keldeo|100/100
|-damage|p2a: Keldeo|94/100|[from] Stealth Rock
|-damage|p2a: Keldeo|82/100|[from] Spikes
|move|p1a: Gliscor|Knock Off|p2a: Keldeo
|-resisted|p2a: Keldeo
|-damage|p2a: Keldeo|79/100
|-ability|p2a: Keldeo|Justified|boost
|-boost|p2a: Keldeo|atk|1
|-enditem|p2a: Keldeo|Leftovers|[from] move: Knock Off|[of] p1a: Gliscor
|
|-weather|Hail|[upkeep]
|-damage|p2a: Keldeo|73/100|[from] Hail
|-damage|p1a: Gliscor|94/100 tox|[from] Hail
|-heal|p1a: Gliscor|100/100 tox|[from] ability: Poison Heal
|upkeep
|turn|28
|
|t:|1709831400
|move|p1a: Gliscor|Protect|p1a: Gliscor
|-singleturn|p1a: Gliscor|Protect
|move|p2a: Keldeo|Hidden Power|p1a: Gliscor
|-activate|p1a: Gliscor|move: Protect
|
|-weather|Hail|[upkeep]
|-damage|p2a: Keldeo|67/100|[from] Hail
|-damage|p1a: Gliscor|94/100 tox|[from] Hail
|-heal|p1a: Gliscor|100/100 tox|[from] ability: Poison Heal
|upkeep
|turn|29
|
|t:|1709831415
|switch|p1a: Blissey|Blissey, F|100/100
|move|p2a: Keldeo|Scald|p1a: Blissey
|-damage|p1a: Blissey|85/100
|
|-weather|Hail|[upkeep]
|-damage|p2a: Keldeo|61/100|[from] Hail
|-damage|p1a: Blissey|79/100|[from] Hail
|-heal|p1a: Blissey|85/100|[from] item: Leftovers
|upkeep
|turn|30
|
|t:|1709831424
|switch|p1a: Latios|Latios, M|53/100
|move|p2a: Keldeo|Secret Sword|p1a: Latios
|-resisted|p1a: Latios
|-damage|p1a: Latios|25/100
|
|-weather|Hail|[upkeep]
|-damage|p1a: Latios|19/100|[from] Hail
|-damage|p2a: Keldeo|55/100|[from] Hail
|upkeep
|turn|31
|
|t:|1709831443
|switch|p2a: Amoonguss|Amoonguss, F|100/100
|-damage|p2a: Amoonguss|88/100|[from] Stealth Rock
|-damage|p2a: Amoonguss|76/100|[from] Spikes
|move|p1a: Latios|Dragon Pulse|p2a: Amoonguss
|-damage|p2a: Amoonguss|26/100
|
|-weather|Hail|[upkeep]
|-damage|p1a: Latios|13/100|[from] Hail
|-damage|p2a: Amoonguss|20/100|[from] Hail
|-heal|p2a: Amoonguss|26/100|[from] item: Black Sludge
|upkeep
|turn|32
|
|t:|1709831458
|move|p1a: Latios|Dragon Pulse|p2a: Amoonguss
|-damage|p2a: Amoonguss|0 fnt
|faint|p2a: Amoonguss
|
|-weather|Hail|[upkeep]
|-damage|p1a: Latios|7/100|[from] Hail
|upkeep
|
|t:|1709831471
|switch|p2a: Excadrill|Excadrill, M|27/100
|-damage|p2a: Excadrill|24/100|[from] Stealth Rock
|-damage|p2a: Excadrill|12/100|[from] Spikes
|turn|33
|
|t:|1709831477
|move|p2a: Excadrill|Protect|p2a: Excadrill
|-singleturn|p2a: Excadrill|Protect
|move|p1a: Latios|Dragon Pulse|p2a: Excadrill
|-activate|p2a: Excadrill|move: Protect
|
|-weather|Hail|[upkeep]
|-damage|p1a: Latios|1/100|[from] Hail
|-damage|p2a: Excadrill|6/100|[from] Hail
|-heal|p2a: Excadrill|12/100|[from] item: Leftovers
|upkeep
|turn|34
|
|t:|1709831487
|move|p2a: Excadrill|Protect||[still]
|-fail|p2a: Excadrill
|move|p1a: Latios|Dragon Pulse|p2a: Excadrill
|-resisted|p2a: Excadrill
|-damage|p2a: Excadrill|0 fnt
|faint|p2a: Excadrill
|
|-weather|Hail|[upkeep]
|-damage|p1a: Latios|0 fnt|[from] Hail
|faint|p1a: Latios
|upkeep
|inactive|BWVC BookofConke has 30 seconds left.
|inactive|BWVC BookofConke has 20 seconds left.
|
|t:|1709831519
|switch|p1a: Forretress|Forretress, F|91/100
|switch|p2a: Keldeo|Keldeo|55/100
|-damage|p2a: Keldeo|48/100|[from] Stealth Rock
|-damage|p2a: Keldeo|36/100|[from] Spikes
|turn|35
|inactive|BWVC BookofConke has 30 seconds left this turn.
|
|t:|1709831528
|switch|p1a: Blissey|Blissey, F|85/100
|move|p2a: Keldeo|Scald|p1a: Blissey
|-crit|p1a: Blissey
|-damage|p1a: Blissey|57/100
|-status|p1a: Blissey|brn
|
|-weather|Hail|[upkeep]
|-damage|p2a: Keldeo|30/100|[from] Hail
|-damage|p1a: Blissey|50/100 brn|[from] Hail
|-heal|p1a: Blissey|57/100 brn|[from] item: Leftovers
|-damage|p1a: Blissey|44/100 brn|[from] brn
|upkeep
|turn|36
|inactive|BWVC BookofConke has 30 seconds left.
|
|t:|1709831540
|move|p2a: Keldeo|Secret Sword|p1a: Blissey
|-supereffective|p1a: Blissey
|-damage|p1a: Blissey|0 fnt
|faint|p1a: Blissey
|
|-weather|Hail|[upkeep]
|-damage|p2a: Keldeo|24/100|[from] Hail
|upkeep
|inactive|BWVC BookofConke has 30 seconds left this turn.
|
|t:|1709831544
|switch|p1a: Forretress|Forretress, F|91/100
|turn|37
|inactive|BWVC BookofConke has 30 seconds left.
|
|t:|1709831558
|move|p2a: Keldeo|Scald|p1a: Forretress
|-damage|p1a: Forretress|34/100
|move|p1a: Forretress|Volt Switch|p2a: Keldeo
|-supereffective|p2a: Keldeo
|-damage|p2a: Keldeo|0 fnt
|faint|p2a: Keldeo
|
|t:|1709831560
|switch|p1a: Gliscor|Gliscor, F|100/100 tox|[from] Volt Switch
|
|-weather|Hail|[upkeep]
|-damage|p1a: Gliscor|94/100 tox|[from] Hail
|-heal|p1a: Gliscor|100/100 tox|[from] ability: Poison Heal
|upkeep
|inactive|BWVC BookofConke has 30 seconds left.
|inactive|BWVC BookofConke has 20 seconds left.
|
|t:|1709831582
|switch|p2a: Mamoswine|Mamoswine, F|88/100
|-damage|p2a: Mamoswine|76/100|[from] Stealth Rock
|-damage|p2a: Mamoswine|63/100|[from] Spikes
|turn|38
|inactive|BWVC BookofConke has 30 seconds left this turn.
|
|t:|1709831612
|move|p2a: Mamoswine|Icicle Crash|p1a: Gliscor
|-supereffective|p1a: Gliscor
|-damage|p1a: Gliscor|0 fnt
|faint|p1a: Gliscor
|
|-weather|Hail|[upkeep]
|upkeep
|
|t:|1709831615
|switch|p1a: Forretress|Forretress, F|34/100
|turn|39
|
|t:|1709831618
|move|p2a: Mamoswine|Icicle Crash|p1a: Forretress
|-resisted|p1a: Forretress
|-damage|p1a: Forretress|12/100
|move|p1a: Forretress|Hidden Power|p2a: Mamoswine
|-damage|p2a: Mamoswine|55/100
|
|-weather|Hail|[upkeep]
|-damage|p1a: Forretress|6/100|[from] Hail
|-heal|p1a: Forretress|12/100|[from] item: Leftovers
|upkeep
|turn|40
|
|t:|1709831627
|move|p2a: Mamoswine|Icicle Crash|p1a: Forretress
|-resisted|p1a: Forretress
|-damage|p1a: Forretress|0 fnt
|faint|p1a: Forretress
|
|win|BWVC BookofConke
|raw|torinoko city's rating: 1457 &rarr; <strong>1431</strong><br />(-26 for losing)
|raw|BWVC BookofConke's rating: 1341 &rarr; <strong>1367</strong><br />(+26 for winning)
|c|☆torinoko city|gg
|c|☆BWVC BookofConke|gg
|l|☆torinoko city
|player|p1|
