|join|drehmspryne
|join|abzdein2icn
|player|p1|drehmspryne|265
|player|p2|abzdein2icn|265
|gametype|singles
|gen|5
|tier|[Gen 5] OU
|rated
|rule|Evasion Abilities Clause: Evasion abilities are banned
|clearpoke
|poke|p1|Jirachi
|poke|p1|Azelf
|poke|p1|Alakazam, F
|poke|p1|Kyurem-Black
|poke|p1|Slowbro, M
|poke|p1|Keldeo
|poke|p2|Ninetales, F
|poke|p2|Venusaur, M
|poke|p2|Arcanine, M
|poke|p2|Jirachi
|poke|p2|Donphan, M
|poke|p2|Shiftry, F
|rule|Sleep Clause Mod: Limit one foe put to sleep
|rule|Species Clause: Limit one of each Pokémon
|rule|OHKO Clause: OHKO moves are banned
|rule|Moody Clause: Moody is banned
|rule|Evasion Moves Clause: Evasion moves are banned
|rule|Endless Battle Clause: Forcing endless battles is banned
|rule|HP Percentage Mod: HP is shown in percentages
|teampreview
|
|start
|switch|p1a: Kyurem-Black|Kyurem-Black|405/405
|switch|p2a: Jirachi|Jirachi|404/404
|-ability|p1a: Kyurem-Black|Teravolt
|turn|1
|
|switch|p1a: Slowbro|Slowbro, M|394/394
|move|p2a: Jirachi|Thunder Wave|p1a: Slowbro
|-status|p1a: Slowbro|par
|
|turn|2
|
|move|p2a: Jirachi|Wish|p2a: Jirachi
|cant|p1a: Slowbro|par
|
|turn|3
|
|switch|p2a: Venusaur|Venusaur, M|319/319
|move|p1a: Slowbro|Scald|p2a: Venusaur
|-resisted|p2a: Venusaur
|-damage|p2a: Venusaur|273/319
|-status|p2a: Venusaur|brn
|
|-heal|p2a: Venusaur|319/319 brn|[from] move: Wish|[wisher] Jirachi
|-damage|p2a: Venusaur|280/319 brn|[from] brn
|turn|4
|
|move|p2a: Venusaur|Giga Drain|p1a: Slowbro
|-supereffective|p1a: Slowbro
|-damage|p1a: Slowbro|25/394 par
|-heal|p2a: Venusaur|319/319 brn|[from] drain|[of] p1a: Slowbro
|-damage|p2a: Venusaur|288/319 brn|[from] item: Life Orb
|move|p1a: Slowbro|Psychic|p2a: Venusaur
|-supereffective|p2a: Venusaur
|-damage|p2a: Venusaur|66/319 brn
|
|-heal|p1a: Slowbro|49/394 par|[from] item: Leftovers
|-damage|p2a: Venusaur|27/319 brn|[from] brn
|turn|5
|
|switch|p1a: Jirachi|Jirachi|355/355
|move|p2a: Venusaur|Giga Drain|p1a: Jirachi
|-resisted|p1a: Jirachi
|-damage|p1a: Jirachi|298/355
|-heal|p2a: Venusaur|56/319 brn|[from] drain|[of] p1a: Jirachi
|-damage|p2a: Venusaur|25/319 brn|[from] item: Life Orb
|
|-heal|p1a: Jirachi|320/355|[from] item: Leftovers
|-damage|p2a: Venusaur|0 fnt|[from] brn
|faint|p2a: Venusaur
|
|switch|p2a: Ninetales|Ninetales, F|350/350
|-weather|SunnyDay|[from] ability: Drought|[of] p2a: Ninetales
|turn|6
|
|move|p2a: Ninetales|Substitute|p2a: Ninetales
|-start|p2a: Ninetales|Substitute
|-damage|p2a: Ninetales|263/350
|move|p1a: Jirachi|Thunder Wave|p2a: Ninetales
|
|-weather|SunnyDay|[upkeep]
|-heal|p2a: Ninetales|284/350|[from] item: Leftovers
|-heal|p1a: Jirachi|342/355|[from] item: Leftovers
|turn|7
|
|move|p2a: Ninetales|Flamethrower|p1a: Jirachi
|-supereffective|p1a: Jirachi
|-damage|p1a: Jirachi|144/355
|move|p1a: Jirachi|Iron Head|p2a: Ninetales
|-resisted|p2a: Ninetales
|-activate|p2a: Ninetales|Substitute|[damage]
|
|-weather|SunnyDay|[upkeep]
|-heal|p2a: Ninetales|305/350|[from] item: Leftovers
|-heal|p1a: Jirachi|166/355|[from] item: Leftovers
|turn|8
|
|move|p2a: Ninetales|Flamethrower|p1a: Jirachi
|-supereffective|p1a: Jirachi
|-damage|p1a: Jirachi|0 fnt
|faint|p1a: Jirachi
|
|-weather|SunnyDay|[upkeep]
|-heal|p2a: Ninetales|326/350|[from] item: Leftovers
|
|switch|p1a: Azelf|Azelf|291/291
|turn|9
|
|move|p1a: Azelf|Psychic|p2a: Ninetales
|-end|p2a: Ninetales|Substitute
|move|p2a: Ninetales|Flamethrower|p1a: Azelf
|-damage|p1a: Azelf|117/291
|
|-weather|SunnyDay|[upkeep]
|-heal|p2a: Ninetales|347/350|[from] item: Leftovers
|turn|10
|
|switch|p2a: Shiftry|Shiftry, F|321/321
|move|p1a: Azelf|Psychic|p2a: Shiftry
|-immune|p2a: Shiftry|[msg]
|
|-weather|SunnyDay|[upkeep]
|turn|11
|
|move|p2a: Shiftry|Sucker Punch|p1a: Azelf
|-supereffective|p1a: Azelf
|-damage|p1a: Azelf|0 fnt
|-damage|p2a: Shiftry|289/321|[from] item: Life Orb
|faint|p1a: Azelf
|
|-weather|SunnyDay|[upkeep]
|
|switch|p1a: Alakazam|Alakazam, F|252/252
|turn|12
|
|move|p2a: Shiftry|Sucker Punch|p1a: Alakazam
|-supereffective|p1a: Alakazam
|-enditem|p1a: Alakazam|Focus Sash
|-damage|p1a: Alakazam|1/252
|-damage|p2a: Shiftry|257/321|[from] item: Life Orb
|move|p1a: Alakazam|Signal Beam|p2a: Shiftry
|-supereffective|p2a: Shiftry
|-damage|p2a: Shiftry|0 fnt
|faint|p2a: Shiftry
|
|-weather|SunnyDay|[upkeep]
|
|switch|p2a: Donphan|Donphan, M|384/384
|turn|13
|
|switch|p1a: Slowbro|Slowbro, M|180/394 par
|move|p2a: Donphan|Ice Shard|p1a: Slowbro
|-resisted|p1a: Slowbro
|-damage|p1a: Slowbro|166/394 par
|
|-weather|SunnyDay|[upkeep]
|-heal|p1a: Slowbro|190/394 par|[from] item: Leftovers
|turn|14
|
|move|p2a: Donphan|Stealth Rock|p1a: Slowbro
|-sidestart|p1: drehmspryne|move: Stealth Rock
|move|p1a: Slowbro|Scald|p2a: Donphan
|-supereffective|p2a: Donphan
|-damage|p2a: Donphan|246/384
|
|-weather|SunnyDay|[upkeep]
|-heal|p2a: Donphan|270/384|[from] item: Leftovers
|-heal|p1a: Slowbro|214/394 par|[from] item: Leftovers
|turn|15
|
|switch|p2a: Ninetales|Ninetales, F|347/350
|move|p1a: Slowbro|Scald|p2a: Ninetales
|-supereffective|p2a: Ninetales
|-damage|p2a: Ninetales|255/350
|
|-weather|SunnyDay|[upkeep]
|-heal|p2a: Ninetales|276/350|[from] item: Leftovers
|-heal|p1a: Slowbro|238/394 par|[from] item: Leftovers
|turn|16
|
|move|p2a: Ninetales|Flamethrower|p1a: Slowbro
|-resisted|p1a: Slowbro
|-damage|p1a: Slowbro|150/394 par
|move|p1a: Slowbro|Psychic|p2a: Ninetales
|-damage|p2a: Ninetales|170/350
|
|-weather|SunnyDay|[upkeep]
|-heal|p2a: Ninetales|191/350|[from] item: Leftovers
|-heal|p1a: Slowbro|174/394 par|[from] item: Leftovers
|turn|17
|
|switch|p2a: Jirachi|Jirachi|404/404
|move|p1a: Slowbro|Slack Off|p1a: Slowbro
|-heal|p1a: Slowbro|371/394 par
|
|-weather|SunnyDay|[upkeep]
|-heal|p1a: Slowbro|394/394 par|[from] item: Leftovers
|turn|18
|
|move|p2a: Jirachi|Wish|p2a: Jirachi
|cant|p1a: Slowbro|par
|
|-weather|SunnyDay|[upkeep]
|turn|19
|
|switch|p2a: Ninetales|Ninetales, F|191/350
|move|p1a: Slowbro|Scald|p2a: Ninetales
|-supereffective|p2a: Ninetales
|-damage|p2a: Ninetales|93/350
|
|-weather|SunnyDay|[upkeep]
|-heal|p2a: Ninetales|295/350|[from] move: Wish|[wisher] Jirachi
|-heal|p2a: Ninetales|316/350|[from] item: Leftovers
|turn|20
|
|switch|p2a: Jirachi|Jirachi|404/404
|switch|p1a: Alakazam|Alakazam, F|1/252
|
|-weather|SunnyDay|[upkeep]
|turn|21
|
|move|p1a: Alakazam|Focus Blast|p2a: Jirachi
|-damage|p2a: Jirachi|267/404
|move|p2a: Jirachi|Thunder Wave|p1a: Alakazam
|-status|p1a: Alakazam|par
|
|-weather|SunnyDay|[upkeep]
|-heal|p2a: Jirachi|292/404|[from] item: Leftovers
|turn|22
|
|move|p2a: Jirachi|Wish|p2a: Jirachi
|move|p1a: Alakazam|Focus Blast|p2a: Jirachi|[miss]
|-miss|p1a: Alakazam|p2a: Jirachi
|
|-weather|SunnyDay|[upkeep]
|-heal|p2a: Jirachi|317/404|[from] item: Leftovers
|turn|23
|
|move|p2a: Jirachi|Ice Punch|p1a: Alakazam
|-damage|p1a: Alakazam|0 fnt
|faint|p1a: Alakazam
|
|-weather|SunnyDay|[upkeep]
|-heal|p2a: Jirachi|404/404|[from] move: Wish|[wisher] Jirachi
|
|switch|p1a: Kyurem-Black|Kyurem-Black|405/405
|-damage|p1a: Kyurem-Black|304/405|[from] Stealth Rock
|-ability|p1a: Kyurem-Black|Teravolt
|turn|24
|
|move|p1a: Kyurem-Black|Substitute|p1a: Kyurem-Black
|-start|p1a: Kyurem-Black|Substitute
|-damage|p1a: Kyurem-Black|203/405
|move|p2a: Jirachi|Thunder Wave|p1a: Kyurem-Black
|
|-weather|SunnyDay|[upkeep]
|-heal|p1a: Kyurem-Black|228/405|[from] item: Leftovers
|turn|25
|
|move|p1a: Kyurem-Black|Fusion Bolt|p2a: Jirachi
|-damage|p2a: Jirachi|265/404
|move|p2a: Jirachi|Ice Punch|p1a: Kyurem-Black
|-activate|p1a: Kyurem-Black|Substitute|[damage]
|
|-weather|SunnyDay|[upkeep]
|-heal|p1a: Kyurem-Black|253/405|[from] item: Leftovers
|-heal|p2a: Jirachi|290/404|[from] item: Leftovers
|turn|26
|
|move|p1a: Kyurem-Black|Fusion Bolt|p2a: Jirachi
|-damage|p2a: Jirachi|153/404
|move|p2a: Jirachi|Wish|p2a: Jirachi
|
|-weather|SunnyDay|[upkeep]
|-heal|p1a: Kyurem-Black|278/405|[from] item: Leftovers
|-heal|p2a: Jirachi|178/404|[from] item: Leftovers
|turn|27
|
|switch|p2a: Donphan|Donphan, M|270/384
|move|p1a: Kyurem-Black|Dragon Claw|p2a: Donphan
|-damage|p2a: Donphan|131/384
|
|-weather|SunnyDay|[upkeep]
|-heal|p2a: Donphan|333/384|[from] move: Wish|[wisher] Jirachi
|-heal|p1a: Kyurem-Black|303/405|[from] item: Leftovers
|-heal|p2a: Donphan|357/384|[from] item: Leftovers
|turn|28
|
|move|p1a: Kyurem-Black|Ice Beam|p2a: Donphan
|-supereffective|p2a: Donphan
|-damage|p2a: Donphan|0 fnt
|faint|p2a: Donphan
|
|-weather|SunnyDay|[upkeep]
|-heal|p1a: Kyurem-Black|328/405|[from] item: Leftovers
|
|switch|p2a: Ninetales|Ninetales, F|316/350
|turn|29
|
|move|p2a: Ninetales|Flamethrower|p1a: Kyurem-Black
|-end|p1a: Kyurem-Black|Substitute
|move|p1a: Kyurem-Black|Dragon Claw|p2a: Ninetales
|-damage|p2a: Ninetales|118/350
|
|-weather|SunnyDay|[upkeep]
|-heal|p2a: Ninetales|139/350|[from] item: Leftovers
|-heal|p1a: Kyurem-Black|353/405|[from] item: Leftovers
|turn|30
|
|move|p2a: Ninetales|Will-O-Wisp|p1a: Kyurem-Black
|-status|p1a: Kyurem-Black|brn
|move|p1a: Kyurem-Black|Substitute|p1a: Kyurem-Black
|-start|p1a: Kyurem-Black|Substitute
|-damage|p1a: Kyurem-Black|252/405 brn
|
|-weather|SunnyDay|[upkeep]
|-heal|p2a: Ninetales|160/350|[from] item: Leftovers
|-heal|p1a: Kyurem-Black|277/405 brn|[from] item: Leftovers
|-damage|p1a: Kyurem-Black|227/405 brn|[from] brn
|turn|31
|
|move|p2a: Ninetales|Flamethrower|p1a: Kyurem-Black
|-end|p1a: Kyurem-Black|Substitute
|move|p1a: Kyurem-Black|Dragon Claw|p2a: Ninetales
|-damage|p2a: Ninetales|57/350
|
|-weather|SunnyDay|[upkeep]
|-heal|p2a: Ninetales|78/350|[from] item: Leftovers
|-heal|p1a: Kyurem-Black|252/405 brn|[from] item: Leftovers
|-damage|p1a: Kyurem-Black|202/405 brn|[from] brn
|turn|32
|-message|drehmspryne forfeited.
|
|win|abzdein2icn
|raw|Ladder updating...
|leave|drehmspryne
|player|p1
|raw|drehmspryne's rating: 1339 &rarr; <strong>1315</strong><br />(-24 for losing)
|raw|abzdein2icn's rating: 1261 &rarr; <strong>1292</strong><br />(+31 for winning)