|j|jimmyo
|j|Bodycounts
|player|p1|jimmyo|161
|player|p2|Bodycounts|1
|gametype|singles
|gen|5
|tier|[Gen 5] OU
|rated
|seed|
|rule|Evasion Abilities Clause: Evasion abilities are banned
|rule|Baton Pass Clause: Limit one Baton Passer, can't pass Spe and other stats simultaneously
|rule|Swagger Clause: Swagger is banned
|clearpoke
|poke|p1|Politoed, M|item
|poke|p1|Ferrothorn, M|item
|poke|p1|Keldeo-Resolute|item
|poke|p1|Rotom-Wash|item
|poke|p1|Salamence, M|item
|poke|p1|Jirachi|item
|poke|p2|Garchomp, M|item
|poke|p2|Landorus-Therian, M|item
|poke|p2|Latios, M|item
|poke|p2|Magnezone|item
|poke|p2|Metagross|item
|poke|p2|Kyurem-Black|item
|rule|Sleep Clause Mod: Limit one foe put to sleep
|rule|Species Clause: Limit one of each Pokémon
|rule|OHKO Clause: OHKO moves are banned
|rule|Moody Clause: Moody is banned
|rule|Evasion Moves Clause: Evasion moves are banned
|rule|Endless Battle Clause: Forcing endless battles is banned
|rule|HP Percentage Mod: HP is shown in percentages
|teampreview
|choice||
|
|start
|switch|p1a: Politoed|Politoed, M|100/100
|switch|p2a: Garchomp|Garchomp, M|100/100
|-weather|RainDance|[from] ability: Drizzle|[of] p1a: Politoed
|turn|1
|choice||
|
|move|p2a: Garchomp|Stealth Rock|p1a: Politoed
|-sidestart|p1: jimmyo|move: Stealth Rock
|move|p1a: Politoed|Ice Beam|p2a: Garchomp
|-supereffective|p2a: Garchomp
|-enditem|p2a: Garchomp|Yache Berry|[eat]
|-enditem|p2a: Garchomp|Yache Berry|[weaken]
|-damage|p2a: Garchomp|56/100
|
|-weather|RainDance|[upkeep]
|turn|2
|choice||
|
|switch|p2a: Magnezone|Magnezone|100/100
|move|p1a: Politoed|Ice Beam|p2a: Magnezone
|-resisted|p2a: Magnezone
|-damage|p2a: Magnezone|88/100
|
|-weather|RainDance|[upkeep]
|turn|3
|choice||
|
|move|p1a: Politoed|Protect|p1a: Politoed
|-singleturn|p1a: Politoed|Protect
|move|p2a: Magnezone|Volt Switch|p1a: Politoed
|-activate|p1a: Politoed|Protect
|
|-weather|RainDance|[upkeep]
|turn|4
|choice||
|
|move|p2a: Magnezone|Volt Switch|p1a: Politoed
|-supereffective|p1a: Politoed
|-damage|p1a: Politoed|0 fnt
|faint|p1a: Politoed
|choice||
|
|switch|p2a: Latios|Latios, M|100/100
|
|-weather|RainDance|[upkeep]
|choice||
|
|switch|p1a: Jirachi|Jirachi|100/100
|-damage|p1a: Jirachi|94/100|[from] Stealth Rock
|turn|5
|choice||
|
|move|p2a: Latios|Dragon Dance|p2a: Latios
|-boost|p2a: Latios|atk|1
|-boost|p2a: Latios|spe|1
|move|p1a: Jirachi|Thunder|p2a: Latios
|-resisted|p2a: Latios
|-damage|p2a: Latios|84/100
|
|-weather|RainDance|[upkeep]
|turn|6
|choice||
|
|move|p2a: Latios|Earthquake|p1a: Jirachi
|-supereffective|p1a: Jirachi
|-damage|p1a: Jirachi|0 fnt
|-damage|p2a: Latios|74/100|[from] item: Life Orb
|faint|p1a: Jirachi
|
|-weather|RainDance|[upkeep]
|choice||
|
|switch|p1a: Ferrothorn|Ferrothorn, M|100/100
|-damage|p1a: Ferrothorn|94/100|[from] Stealth Rock
|turn|7
|choice||
|
|switch|p2a: Magnezone|Magnezone|88/100
|switch|p1a: Keldeo|Keldeo-Resolute|100/100
|-damage|p1a: Keldeo|94/100|[from] Stealth Rock
|
|-weather|RainDance|[upkeep]
|turn|8
|choice||
|
|switch|p2a: Latios|Latios, M|74/100
|move|p1a: Keldeo|Surf|p2a: Latios
|-resisted|p2a: Latios
|-damage|p2a: Latios|30/100
|
|-weather|RainDance|[upkeep]
|turn|9
|choice||
|
|move|p1a: Keldeo|Surf|p2a: Latios
|-resisted|p2a: Latios
|-damage|p2a: Latios|0 fnt
|faint|p2a: Latios
|
|-weather|RainDance|[upkeep]
|choice||
|
|switch|p2a: Kyurem|Kyurem-Black|100/100
|-ability|p2a: Kyurem|Teravolt
|turn|10
|choice||
|
|switch|p1a: Rotom|Rotom-Wash|100/100
|-damage|p1a: Rotom|88/100|[from] Stealth Rock
|switch|p2a: Magnezone|Magnezone|88/100
|
|-weather|RainDance|[upkeep]
|-heal|p1a: Rotom|94/100|[from] item: Leftovers
|turn|11
|choice||
|
|move|p1a: Rotom|Hydro Pump|p2a: Magnezone
|-damage|p2a: Magnezone|0 fnt
|faint|p2a: Magnezone
|
|-weather|RainDance|[upkeep]
|-heal|p1a: Rotom|99/100|[from] item: Leftovers
|choice||
|
|switch|p2a: Garchomp|Garchomp, M|56/100
|turn|12
|choice||
|
|move|p2a: Garchomp|Outrage|p1a: Rotom
|-damage|p1a: Rotom|36/100
|move|p1a: Rotom|Hydro Pump|p2a: Garchomp
|-damage|p2a: Garchomp|0 fnt
|faint|p2a: Garchomp
|
|-weather|RainDance|[upkeep]
|-heal|p1a: Rotom|42/100|[from] item: Leftovers
|choice||
|
|switch|p2a: Metagross|Metagross|100/100
|turn|13
|choice||
|
|move|p1a: Rotom|Will-O-Wisp|p2a: Metagross
|-status|p2a: Metagross|brn
|move|p2a: Metagross|Zen Headbutt|p1a: Rotom
|-damage|p1a: Rotom|7/100
|
|-weather|RainDance|[upkeep]
|-heal|p1a: Rotom|13/100|[from] item: Leftovers
|-damage|p2a: Metagross|88/100 brn|[from] brn
|turn|14
|choice||
|
|move|p1a: Rotom|Pain Split|p2a: Metagross
|-sethp|p2a: Metagross|49/100 brn|p1a: Rotom|60/100|[from] move: Pain Split
|move|p2a: Metagross|Zen Headbutt|p1a: Rotom
|-damage|p1a: Rotom|21/100
|
|-weather|RainDance|[upkeep]
|-heal|p1a: Rotom|27/100|[from] item: Leftovers
|-damage|p2a: Metagross|37/100 brn|[from] brn
|turn|15
|-message|Bodycounts forfeited.
|
|win|jimmyo
|player|p1
|player|p2
|l|Bodycounts
|raw|jimmyo's rating: 1415 &rarr; <strong>1432</strong><br />(+17 for winning)
|raw|Bodycounts's rating: 1365 &rarr; <strong>1348</strong><br />(-17 for losing)
|l|jimmyo