|j|☆CroCoeur
|j|☆Pandawastik
|player|p1|CroCoeur|161
|player|p2|Pandawastik|102
|teamsize|p1|6
|teamsize|p2|6
|gametype|singles
|gen|5
|tier|[Gen 5] OU
|rated|
|rule|Sleep Clause Mod: Limit one foe put to sleep
|rule|Species Clause: Limit one of each Pokémon
|rule|OHKO Clause: OHKO moves are banned
|rule|Moody Clause: Moody is banned
|rule|Evasion Moves Clause: Evasion moves are banned
|rule|Endless Battle Clause: Forcing endless battles is banned
|rule|HP Percentage Mod: HP is shown in percentages
|rule|Evasion Abilities Clause: Evasion abilities are banned
|rule|Baton Pass Clause: Limit one Baton Passer, can't pass Spe and other stats simultaneously
|rule|Swagger Clause: Swagger is banned
|clearpoke
|poke|p1|Politoed, M|item
|poke|p1|Vaporeon, F|item
|poke|p1|Celebi|item
|poke|p1|Ferrothorn, M|item
|poke|p1|Latios, M|item
|poke|p1|Jirachi|item
|poke|p2|Empoleon, F|item
|poke|p2|Landorus-Therian, M|item
|poke|p2|Rotom-Wash|item
|poke|p2|Breloom, M|item
|poke|p2|Scizor, F|item
|poke|p2|Chandelure, F|item
|teampreview
|inactive|Battle timer is ON: inactive players will automatically lose when time's up. (requested by CroCoeur)
|
|start
|switch|p1a: Politoed|Politoed, M|100/100
|switch|p2a: Landorus|Landorus-Therian, M|100/100
|-ability|p2a: Landorus|Intimidate|boost
|-unboost|p1a: Politoed|atk|1
|-weather|RainDance|[from] ability: Drizzle|[of] p1a: Politoed
|turn|1
|
|move|p2a: Landorus|U-turn|p1a: Politoed
|-damage|p1a: Politoed|68/100
|
|switch|p2a: Scizor|Scizor, F|100/100
|move|p1a: Politoed|Ice Beam|p2a: Scizor
|-resisted|p2a: Scizor
|-damage|p2a: Scizor|86/100
|
|-weather|RainDance|[upkeep]
|upkeep
|turn|2
|
|switch|p1a: Vaporeon|Vaporeon, F|100/100
|move|p2a: Scizor|Superpower|p1a: Vaporeon
|-damage|p1a: Vaporeon|20/100
|-unboost|p2a: Scizor|atk|1
|-unboost|p2a: Scizor|def|1
|
|-weather|RainDance|[upkeep]
|-heal|p1a: Vaporeon|26/100|[from] item: Leftovers
|upkeep
|turn|3
|
|switch|p2a: Rotom|Rotom-Wash|100/100
|switch|p1a: Celebi|Celebi|100/100
|
|-weather|RainDance|[upkeep]
|upkeep
|turn|4
|
|move|p2a: Rotom|Volt Switch|p1a: Celebi
|-resisted|p1a: Celebi
|-damage|p1a: Celebi|91/100
|inactive|Pandawastik has 120 seconds left.
|
|switch|p2a: Scizor|Scizor, F|86/100
|move|p1a: Celebi|Psychic|p2a: Scizor
|-resisted|p2a: Scizor
|-damage|p2a: Scizor|67/100
|
|-weather|RainDance|[upkeep]
|-heal|p1a: Celebi|98/100|[from] item: Leftovers
|upkeep
|turn|5
|inactive|CroCoeur has 120 seconds left.
|
|move|p1a: Celebi|Psychic|p2a: Scizor
|-resisted|p2a: Scizor
|-damage|p2a: Scizor|49/100
|move|p2a: Scizor|Pursuit|p1a: Celebi
|-supereffective|p1a: Celebi
|-damage|p1a: Celebi|39/100
|
|-weather|RainDance|[upkeep]
|-heal|p1a: Celebi|45/100|[from] item: Leftovers
|upkeep
|turn|6
|
|move|p1a: Celebi|Recover|p1a: Celebi
|-heal|p1a: Celebi|95/100
|move|p2a: Scizor|Pursuit|p1a: Celebi
|-supereffective|p1a: Celebi
|-damage|p1a: Celebi|32/100
|
|-weather|RainDance|[upkeep]
|-heal|p1a: Celebi|39/100|[from] item: Leftovers
|upkeep
|turn|7
|
|move|p1a: Celebi|Psychic|p2a: Scizor
|-resisted|p2a: Scizor
|-damage|p2a: Scizor|29/100
|move|p2a: Scizor|Pursuit|p1a: Celebi
|-supereffective|p1a: Celebi
|-damage|p1a: Celebi|0 fnt
|faint|p1a: Celebi
|
|-weather|RainDance|[upkeep]
|upkeep
|
|switch|p1a: Ferrothorn|Ferrothorn, M|100/100
|turn|8
|
|switch|p2a: Breloom|Breloom, M|100/100
|move|p1a: Ferrothorn|Stealth Rock|p2a: Breloom
|-sidestart|p2: Pandawastik|move: Stealth Rock
|
|-weather|RainDance|[upkeep]
|-status|p2a: Breloom|tox|[from] item: Toxic Orb
|upkeep
|turn|9
|j|‽Weekend Wars
|l|‽Weekend Wars
|
|move|p2a: Breloom|Substitute|p2a: Breloom
|-start|p2a: Breloom|Substitute
|-damage|p2a: Breloom|75/100 tox
|move|p1a: Ferrothorn|Spikes|p2a: Breloom
|-sidestart|p2: Pandawastik|Spikes
|
|-weather|RainDance|[upkeep]
|-heal|p2a: Breloom|88/100 tox|[from] ability: Poison Heal
|upkeep
|turn|10
|inactive|Pandawastik has 120 seconds left.
|
|-singleturn|p2a: Breloom|move: Focus Punch
|move|p1a: Ferrothorn|Spikes|p2a: Breloom
|-sidestart|p2: Pandawastik|Spikes
|move|p2a: Breloom|Focus Punch|p1a: Ferrothorn
|-supereffective|p1a: Ferrothorn
|-damage|p1a: Ferrothorn|11/100
|-damage|p2a: Breloom|75/100 tox|[from] ability: Iron Barbs|[of] p1a: Ferrothorn
|
|-weather|RainDance|[upkeep]
|-heal|p1a: Ferrothorn|18/100|[from] item: Leftovers
|-heal|p2a: Breloom|88/100 tox|[from] ability: Poison Heal
|upkeep
|turn|11
|
|-singleturn|p2a: Breloom|move: Focus Punch
|move|p1a: Ferrothorn|Spikes|p2a: Breloom
|-sidestart|p2: Pandawastik|Spikes
|move|p2a: Breloom|Focus Punch|p1a: Ferrothorn
|-supereffective|p1a: Ferrothorn
|-damage|p1a: Ferrothorn|0 fnt
|-damage|p2a: Breloom|75/100 tox|[from] ability: Iron Barbs|[of] p1a: Ferrothorn
|faint|p1a: Ferrothorn
|
|-weather|RainDance|[upkeep]
|-heal|p2a: Breloom|88/100 tox|[from] ability: Poison Heal
|upkeep
|
|switch|p1a: Politoed|Politoed, M|68/100
|turn|12
|inactive|Pandawastik has 120 seconds left.
|
|move|p1a: Politoed|Perish Song|p1a: Politoed
|-start|p1a: Politoed|perish3|[silent]
|-start|p2a: Breloom|perish3|[silent]
|-fieldactivate|move: Perish Song
|move|p2a: Breloom|Spore|p1a: Politoed
|-status|p1a: Politoed|slp
|
|-weather|RainDance|[upkeep]
|-heal|p2a: Breloom|100/100 tox|[from] ability: Poison Heal
|-start|p1a: Politoed|perish3
|-start|p2a: Breloom|perish3
|upkeep
|turn|13
|
|-singleturn|p2a: Breloom|move: Focus Punch
|cant|p1a: Politoed|slp
|move|p2a: Breloom|Focus Punch|p1a: Politoed
|-damage|p1a: Politoed|0 fnt
|faint|p1a: Politoed
|
|-weather|RainDance|[upkeep]
|-start|p2a: Breloom|perish2
|upkeep
|
|switch|p1a: Jirachi|Jirachi|100/100
|turn|14
|
|move|p1a: Jirachi|Substitute|p1a: Jirachi
|-start|p1a: Jirachi|Substitute
|-damage|p1a: Jirachi|75/100
|move|p2a: Breloom|Leech Seed|p1a: Jirachi
|-fail|p1a: Jirachi
|
|-weather|RainDance|[upkeep]
|-heal|p1a: Jirachi|82/100|[from] item: Leftovers
|-start|p2a: Breloom|perish1
|upkeep
|turn|15
|
|switch|p2a: Rotom|Rotom-Wash|100/100
|-damage|p2a: Rotom|88/100|[from] Stealth Rock
|move|p1a: Jirachi|Calm Mind|p1a: Jirachi
|-boost|p1a: Jirachi|spa|1
|-boost|p1a: Jirachi|spd|1
|
|-weather|RainDance|[upkeep]
|-heal|p1a: Jirachi|88/100|[from] item: Leftovers
|-heal|p2a: Rotom|94/100|[from] item: Leftovers
|upkeep
|turn|16
|
|move|p1a: Jirachi|Calm Mind|p1a: Jirachi
|-boost|p1a: Jirachi|spa|1
|-boost|p1a: Jirachi|spd|1
|move|p2a: Rotom|Hydro Pump|p1a: Jirachi|[miss]
|-miss|p2a: Rotom|p1a: Jirachi
|
|-weather|RainDance|[upkeep]
|-heal|p1a: Jirachi|94/100|[from] item: Leftovers
|-heal|p2a: Rotom|100/100|[from] item: Leftovers
|upkeep
|turn|17
|
|move|p1a: Jirachi|Calm Mind|p1a: Jirachi
|-boost|p1a: Jirachi|spa|1
|-boost|p1a: Jirachi|spd|1
|move|p2a: Rotom|Hydro Pump|p1a: Jirachi
|-crit|p1a: Jirachi
|-end|p1a: Jirachi|Substitute
|
|-weather|RainDance|[upkeep]
|-heal|p1a: Jirachi|99/100|[from] item: Leftovers
|upkeep
|turn|18
|
|move|p1a: Jirachi|Substitute|p1a: Jirachi
|-start|p1a: Jirachi|Substitute
|-damage|p1a: Jirachi|75/100
|move|p2a: Rotom|Volt Switch|p1a: Jirachi
|-activate|p1a: Jirachi|Substitute|[damage]
|
|switch|p2a: Chandelure|Chandelure, F|100/100
|-damage|p2a: Chandelure|76/100|[from] Spikes
|-damage|p2a: Chandelure|51/100|[from] Stealth Rock
|
|-weather|RainDance|[upkeep]
|-heal|p1a: Jirachi|81/100|[from] item: Leftovers
|upkeep
|turn|19
|
|move|p2a: Chandelure|Fire Blast|p1a: Jirachi
|-supereffective|p1a: Jirachi
|-end|p1a: Jirachi|Substitute
|move|p1a: Jirachi|Water Pulse|p2a: Chandelure
|-supereffective|p2a: Chandelure
|-damage|p2a: Chandelure|0 fnt
|faint|p2a: Chandelure
|
|-weather|RainDance|[upkeep]
|-heal|p1a: Jirachi|88/100|[from] item: Leftovers
|upkeep
|
|switch|p2a: Landorus|Landorus-Therian, M|100/100
|-damage|p2a: Landorus|88/100|[from] Stealth Rock
|-ability|p2a: Landorus|Intimidate|boost
|-unboost|p1a: Jirachi|atk|1
|turn|20
|
|move|p2a: Landorus|Earthquake|p1a: Jirachi
|-supereffective|p1a: Jirachi
|-damage|p1a: Jirachi|0 fnt
|faint|p1a: Jirachi
|
|-weather|RainDance|[upkeep]
|upkeep
|
|switch|p1a: Latios|Latios, M|100/100
|turn|21
|
|switch|p2a: Rotom|Rotom-Wash|100/100
|-damage|p2a: Rotom|88/100|[from] Stealth Rock
|move|p1a: Latios|Psyshock|p2a: Rotom
|-damage|p2a: Rotom|40/100
|
|-weather|RainDance|[upkeep]
|-heal|p2a: Rotom|46/100|[from] item: Leftovers
|upkeep
|turn|22
|
|switch|p2a: Empoleon|Empoleon, F|100/100
|-damage|p2a: Empoleon|75/100|[from] Spikes
|-damage|p2a: Empoleon|69/100|[from] Stealth Rock
|move|p1a: Latios|Psyshock|p2a: Empoleon
|-resisted|p2a: Empoleon
|-damage|p2a: Empoleon|44/100
|
|-weather|RainDance|[upkeep]
|upkeep
|turn|23
|
|move|p1a: Latios|Psyshock|p2a: Empoleon
|-resisted|p2a: Empoleon
|-damage|p2a: Empoleon|19/100
|-enditem|p2a: Empoleon|Petaya Berry|[eat]
|-boost|p2a: Empoleon|spa|1
|move|p2a: Empoleon|Agility|p2a: Empoleon
|-boost|p2a: Empoleon|spe|2
|
|-weather|RainDance|[upkeep]
|upkeep
|turn|24
|
|move|p1a: Latios|Psyshock|p2a: Empoleon
|-resisted|p2a: Empoleon
|-damage|p2a: Empoleon|0 fnt
|faint|p2a: Empoleon
|
|-weather|RainDance|[upkeep]
|upkeep
|
|switch|p2a: Scizor|Scizor, F|29/100
|-damage|p2a: Scizor|17/100|[from] Stealth Rock
|-damage|p2a: Scizor|0 fnt|[from] Spikes
|faint|p2a: Scizor
|
|switch|p2a: Landorus|Landorus-Therian, M|88/100
|-damage|p2a: Landorus|76/100|[from] Stealth Rock
|-ability|p2a: Landorus|Intimidate|boost
|-unboost|p1a: Latios|atk|1
|turn|25
|inactive|CroCoeur has 120 seconds left.
|
|move|p1a: Latios|Psyshock|p2a: Landorus
|-damage|p2a: Landorus|29/100
|move|p2a: Landorus|U-turn|p1a: Latios
|-supereffective|p1a: Latios
|-damage|p1a: Latios|26/100
|
|switch|p2a: Breloom|Breloom, M|100/100 tox
|-damage|p2a: Breloom|75/100 tox|[from] Spikes
|-damage|p2a: Breloom|69/100 tox|[from] Stealth Rock
|
|-weather|RainDance|[upkeep]
|-heal|p2a: Breloom|82/100 tox|[from] ability: Poison Heal
|upkeep
|turn|26
|
|move|p1a: Latios|Psyshock|p2a: Breloom
|-supereffective|p2a: Breloom
|-damage|p2a: Breloom|0 fnt
|faint|p2a: Breloom
|
|-weather|RainDance|[upkeep]
|upkeep
|-message|Pandawastik forfeited.
|
|win|CroCoeur
|l|☆Pandawastik
|raw|CroCoeur's rating: 1453 &rarr; <strong>1465</strong><br />(+12 for winning)
|raw|Pandawastik's rating: 1303 &rarr; <strong>1291</strong><br />(-12 for losing)
