|j|☆Suirio
|j|☆yoloboy9000
|player|p1|Suirio|170|1320
|player|p2|yoloboy9000|169|1376
|teamsize|p1|6
|teamsize|p2|6
|gametype|singles
|gen|5
|tier|[Gen 5] OU
|rated|
|rule|Sleep Clause Mod: Limit one foe put to sleep
|rule|Species Clause: Limit one of each Pokémon
|rule|OHKO Clause: OHKO moves are banned
|rule|Moody Clause: Moody is banned
|rule|Evasion Moves Clause: Evasion moves are banned
|rule|Endless Battle Clause: Forcing endless battles is banned
|rule|HP Percentage Mod: HP is shown in percentages
|rule|Evasion Abilities Clause: Evasion abilities are banned
|rule|Baton Pass Clause: Limit one Baton Passer, can't pass Spe and other stats simultaneously
|rule|Swagger Clause: Swagger is banned
|clearpoke
|poke|p1|Mamoswine, M|item
|poke|p1|Latios, M|item
|poke|p1|Scizor, F|item
|poke|p1|Kyurem-Black|item
|poke|p1|Salamence, M|item
|poke|p1|Magnezone|item
|poke|p2|Tyranitar, M|item
|poke|p2|Magnezone|item
|poke|p2|Terrakion|item
|poke|p2|Latios, M|item
|poke|p2|Scizor, F|item
|poke|p2|Landorus-Therian, M|item
|teampreview
|
|start
|switch|p1a: Mamoswine|Mamoswine, M|100/100
|switch|p2a: D.Wade|Terrakion|100/100
|turn|1
|inactive|Battle timer is ON: inactive players will automatically lose when time's up. (requested by Suirio)
|
|move|p2a: D.Wade|Close Combat|p1a: Mamoswine
|-supereffective|p1a: Mamoswine
|-enditem|p1a: Mamoswine|Focus Sash
|-damage|p1a: Mamoswine|1/100
|-unboost|p2a: D.Wade|def|1
|-unboost|p2a: D.Wade|spd|1
|move|p1a: Mamoswine|Endeavor|p2a: D.Wade
|-damage|p2a: D.Wade|1/100
|
|upkeep
|turn|2
|
|switch|p2a: Miller|Scizor, F, shiny|100/100
|move|p1a: Mamoswine|Ice Shard|p2a: Miller
|-resisted|p2a: Miller
|-damage|p2a: Miller|88/100
|
|upkeep
|turn|3
|
|switch|p1a: Magnezone|Magnezone|100/100
|move|p2a: Miller|U-turn|p1a: Magnezone
|-resisted|p1a: Magnezone
|-damage|p1a: Magnezone|69/100
|
|switch|p2a: D.Wade|Terrakion|1/100|[from]move: U-turn
|
|upkeep
|turn|4
|
|switch|p1a: Mamoswine|Mamoswine, M|1/100
|move|p2a: D.Wade|Stone Edge|p1a: Mamoswine
|-damage|p1a: Mamoswine|0 fnt
|faint|p1a: Mamoswine
|
|upkeep
|
|switch|p1a: Scizor|Scizor, F|100/100
|turn|5
|
|switch|p2a: Bron Bron|Landorus-Therian, M|100/100
|-ability|p2a: Bron Bron|Intimidate|boost
|-unboost|p1a: Scizor|atk|1
|move|p1a: Scizor|U-turn|p2a: Bron Bron
|-resisted|p2a: Bron Bron
|-damage|p2a: Bron Bron|81/100
|inactive|Suirio has 120 seconds left.
|
|switch|p1a: Latios|Latios, M|100/100|[from]move: U-turn
|
|upkeep
|turn|6
|inactive|Suirio has 120 seconds left.
|
|switch|p2a: Pat Riely|Tyranitar, M|100/100
|-weather|Sandstorm|[from] ability: Sand Stream|[of] p2a: Pat Riely
|move|p1a: Latios|Draco Meteor|p2a: Pat Riely
|-damage|p2a: Pat Riely|46/100
|-unboost|p1a: Latios|spa|2
|
|-weather|Sandstorm|[upkeep]
|-damage|p1a: Latios|94/100|[from] Sandstorm
|-heal|p2a: Pat Riely|52/100|[from] item: Leftovers
|upkeep
|turn|7
|inactive|Suirio has 120 seconds left.
|
|-activate|p1a: Latios|move: Pursuit
|move|p2a: Pat Riely|Pursuit|p1a: Latios|[from]Pursuit
|-supereffective|p1a: Latios
|-damage|p1a: Latios|0 fnt
|-hint|A Pokemon can't switch between when it runs out of HP and when it faints
|faint|p1a: Latios
|
|-weather|Sandstorm|[upkeep]
|-heal|p2a: Pat Riely|58/100|[from] item: Leftovers
|upkeep
|inactive|Suirio has 120 seconds left.
|
|switch|p1a: Scizor|Scizor, F|100/100
|turn|8
|
|move|p1a: Scizor|U-turn|p2a: Pat Riely
|-supereffective|p2a: Pat Riely
|-damage|p2a: Pat Riely|0 fnt
|faint|p2a: Pat Riely
|inactive|Suirio has 120 seconds left.
|
|switch|p1a: Kyurem|Kyurem-Black|100/100|[from]move: U-turn
|-ability|p1a: Kyurem|Teravolt
|
|-weather|Sandstorm|[upkeep]
|-damage|p1a: Kyurem|94/100|[from] Sandstorm
|upkeep
|
|switch|p2a: D.Wade|Terrakion|1/100
|turn|9
|
|switch|p1a: Scizor|Scizor, F|100/100
|move|p2a: D.Wade|Close Combat|p1a: Scizor
|-damage|p1a: Scizor|36/100
|-unboost|p2a: D.Wade|def|1
|-unboost|p2a: D.Wade|spd|1
|
|-weather|Sandstorm|[upkeep]
|upkeep
|turn|10
|
|switch|p2a: Bron Bron|Landorus-Therian, M|81/100
|-ability|p2a: Bron Bron|Intimidate|boost
|-unboost|p1a: Scizor|atk|1
|move|p1a: Scizor|Superpower|p2a: Bron Bron
|-resisted|p2a: Bron Bron
|-damage|p2a: Bron Bron|59/100
|-unboost|p1a: Scizor|atk|1
|-unboost|p1a: Scizor|def|1
|
|-weather|Sandstorm|[upkeep]
|upkeep
|turn|11
|
|switch|p1a: Salamence|Salamence, M|100/100
|move|p2a: Bron Bron|U-turn|p1a: Salamence
|-resisted|p1a: Salamence
|-damage|p1a: Salamence|82/100
|
|switch|p2a: D.Wade|Terrakion|1/100|[from]move: U-turn
|
|-weather|Sandstorm|[upkeep]
|-damage|p1a: Salamence|76/100|[from] Sandstorm
|upkeep
|turn|12
|
|move|p2a: D.Wade|Stone Edge|p1a: Salamence
|-supereffective|p1a: Salamence
|-damage|p1a: Salamence|0 fnt
|faint|p1a: Salamence
|
|-weather|Sandstorm|[upkeep]
|upkeep
|
|switch|p1a: Magnezone|Magnezone|69/100
|turn|13
|
|move|p2a: D.Wade|Stone Edge|p1a: Magnezone
|-resisted|p1a: Magnezone
|-damage|p1a: Magnezone|42/100
|move|p1a: Magnezone|Flash Cannon|p2a: D.Wade
|-supereffective|p2a: D.Wade
|-damage|p2a: D.Wade|0 fnt
|faint|p2a: D.Wade
|
|-weather|Sandstorm|[upkeep]
|upkeep
|
|switch|p2a: Ray Allen|Magnezone|100/100
|turn|14
|
|move|p2a: Ray Allen|Hidden Power|p1a: Magnezone
|-supereffective|p1a: Magnezone
|-damage|p1a: Magnezone|0 fnt
|faint|p1a: Magnezone
|
|-weather|Sandstorm|[upkeep]
|upkeep
|
|switch|p1a: Kyurem|Kyurem-Black|94/100
|-ability|p1a: Kyurem|Teravolt
|turn|15
|
|move|p1a: Kyurem|Outrage|p2a: Ray Allen
|-resisted|p2a: Ray Allen
|-damage|p2a: Ray Allen|36/100
|move|p2a: Ray Allen|Flash Cannon|p1a: Kyurem
|-supereffective|p1a: Kyurem
|-damage|p1a: Kyurem|10/100
|
|-weather|Sandstorm|[upkeep]
|-damage|p1a: Kyurem|4/100|[from] Sandstorm
|-heal|p2a: Ray Allen|42/100|[from] item: Leftovers
|upkeep
|turn|16
|
|switch|p2a: Bosh|Latios, M, shiny|100/100
|move|p1a: Kyurem|Outrage|p2a: Bosh|[from]lockedmove
|-supereffective|p2a: Bosh
|-damage|p2a: Bosh|0 fnt
|faint|p2a: Bosh
|
|-weather|Sandstorm|[upkeep]
|-damage|p1a: Kyurem|0 fnt|[from] Sandstorm
|faint|p1a: Kyurem
|upkeep
|
|switch|p2a: Ray Allen|Magnezone|42/100
|switch|p1a: Scizor|Scizor, F|36/100
|turn|17
|
|move|p1a: Scizor|Bullet Punch|p2a: Ray Allen
|-resisted|p2a: Ray Allen
|-damage|p2a: Ray Allen|28/100
|move|p2a: Ray Allen|Hidden Power|p1a: Scizor
|-supereffective|p1a: Scizor
|-damage|p1a: Scizor|0 fnt
|faint|p1a: Scizor
|
|win|yoloboy9000
|c|☆Suirio|gg
|c|☆yoloboy9000|gg
|c|☆Suirio|cant beat the miami heat
|c|☆yoloboy9000|lol
|c|☆yoloboy9000|old school heat
|raw|Suirio's rating: 1321 &rarr; <strong>1304</strong><br />(-17 for losing)
|raw|yoloboy9000's rating: 1376 &rarr; <strong>1393</strong><br />(+17 for winning)
|c|☆yoloboy9000|best heat
|l|☆Suirio
