|j|☆Xurkiyee
|j|☆happy_hitbox
|t:|1719783882
|gametype|singles
|player|p1|Xurkiyee|kimonogirl|1455
|player|p2|happy_hitbox|riley|1385
|teamsize|p1|6
|teamsize|p2|6
|gen|5
|tier|[Gen 5] OU
|rated|
|rule|Species Clause: Limit one of each Pokémon
|rule|OHKO Clause: OHKO moves are banned
|rule|Moody Clause: Moody is banned
|rule|Evasion Items Clause: Evasion items are banned
|rule|Evasion Moves Clause: Evasion moves are banned
|rule|Endless Battle Clause: Forcing endless battles is banned
|rule|HP Percentage Mod: HP is shown in percentages
|rule|Evasion Abilities Clause: Evasion abilities are banned
|rule|Sleep Moves Clause: Sleep-inducing moves are banned
|rule|Swagger Clause: Swagger is banned
|rule|Baton Pass Stat Clause: No Baton Passer may have a way to boost its stats
|clearpoke
|poke|p1|Tyranitar, F|item
|poke|p1|Mienshao, M|item
|poke|p1|Excadrill, F|item
|poke|p1|Ferrothorn, F|item
|poke|p1|Latios, M|item
|poke|p1|Landorus-Therian, M|item
|poke|p2|Hippowdon, M|item
|poke|p2|Heatran, M|item
|poke|p2|Rotom-Wash|item
|poke|p2|Terrakion|item
|poke|p2|Celebi|item
|poke|p2|Excadrill, M|item
|teampreview
|inactive|Battle timer is ON: inactive players will automatically lose when time's up. (requested by happy_hitbox)
|
|t:|1719783914
|start
|switch|p1a: Mienshao|Mienshao, M|100/100
|switch|p2a: Rotom|Rotom-Wash|100/100
|turn|1
|
|t:|1719783932
|move|p1a: Mienshao|Substitute|p1a: Mienshao
|-start|p1a: Mienshao|Substitute
|-damage|p1a: Mienshao|76/100
|move|p2a: Rotom|Will-O-Wisp||[still]
|-fail|p2a: Rotom
|
|upkeep
|turn|2
|
|t:|1719783940
|move|p1a: Mienshao|High Jump Kick|p2a: Rotom
|-damage|p2a: Rotom|6/100
|-damage|p1a: Mienshao|66/100|[from] item: Life Orb
|move|p2a: Rotom|Volt Switch|p1a: Mienshao
|-end|p1a: Mienshao|Substitute
|
|t:|1719783945
|switch|p2a: Terrakion|Terrakion|100/100|[from] Volt Switch
|
|upkeep
|turn|3
|
|t:|1719783951
|switch|p2a: Rotom|Rotom-Wash|6/100
|switch|p1a: Latios|Latios, M|100/100
|
|-heal|p2a: Rotom|12/100|[from] item: Leftovers
|upkeep
|turn|4
|
|t:|1719783955
|switch|p2a: Celebi|Celebi|100/100
|move|p1a: Latios|Surf|p2a: Celebi
|-resisted|p2a: Celebi
|-damage|p2a: Celebi|90/100
|
|-heal|p2a: Celebi|96/100|[from] item: Leftovers
|upkeep
|turn|5
|
|t:|1719783959
|switch|p1a: Ferrothorn|Ferrothorn, F|100/100
|move|p2a: Celebi|Baton Pass|p2a: Celebi
|
|t:|1719783965
|switch|p2a: Heatran|Heatran, M|100/100|[from] Baton Pass
|
|upkeep
|turn|6
|
|t:|1719783978
|switch|p1a: Tyranitar|Tyranitar, F|100/100
|-weather|Sandstorm|[from] ability: Sand Stream|[of] p1a: Tyranitar
|move|p2a: Heatran|Substitute|p2a: Heatran
|-start|p2a: Heatran|Substitute
|-damage|p2a: Heatran|76/100
|
|-weather|Sandstorm|[upkeep]
|-heal|p2a: Heatran|82/100|[from] item: Leftovers
|upkeep
|turn|7
|
|t:|1719783986
|move|p2a: Heatran|Protect|p2a: Heatran
|-singleturn|p2a: Heatran|Protect
|move|p1a: Tyranitar|Crunch|p2a: Heatran
|-activate|p2a: Heatran|move: Protect
|
|-weather|Sandstorm|[upkeep]
|-heal|p2a: Heatran|88/100|[from] item: Leftovers
|upkeep
|turn|8
|
|t:|1719783992
|move|p2a: Heatran|Toxic|p1a: Tyranitar
|-status|p1a: Tyranitar|tox
|move|p1a: Tyranitar|Crunch|p2a: Heatran
|-resisted|p2a: Heatran
|-activate|p2a: Heatran|Substitute|[damage]
|
|-weather|Sandstorm|[upkeep]
|-heal|p2a: Heatran|94/100|[from] item: Leftovers
|-damage|p1a: Tyranitar|94/100 tox|[from] psn
|upkeep
|turn|9
|
|t:|1719783998
|move|p2a: Heatran|Protect|p2a: Heatran
|-singleturn|p2a: Heatran|Protect
|move|p1a: Tyranitar|Stealth Rock|p2a: Heatran
|-sidestart|p2: happy_hitbox|move: Stealth Rock
|
|-weather|Sandstorm|[upkeep]
|-heal|p2a: Heatran|99/100|[from] item: Leftovers
|-damage|p1a: Tyranitar|82/100 tox|[from] psn
|upkeep
|turn|10
|
|t:|1719784003
|switch|p1a: Latios|Latios, M|100/100
|move|p2a: Heatran|Lava Plume|p1a: Latios
|-resisted|p1a: Latios
|-damage|p1a: Latios|82/100
|
|-weather|Sandstorm|[upkeep]
|-damage|p1a: Latios|76/100|[from] Sandstorm
|-heal|p2a: Heatran|100/100|[from] item: Leftovers
|upkeep
|turn|11
|
|t:|1719784010
|move|p2a: Heatran|Toxic|p1a: Latios|[miss]
|-miss|p2a: Heatran|p1a: Latios
|move|p1a: Latios|Roar|p2a: Heatran
|drag|p2a: Rotom|Rotom-Wash|12/100
|-damage|p2a: Rotom|0 fnt|[from] Stealth Rock
|faint|p2a: Rotom
|
|-weather|Sandstorm|[upkeep]
|-damage|p1a: Latios|70/100|[from] Sandstorm
|upkeep
|c|☆Xurkiyee|mb
|
|t:|1719784027
|switch|p2a: Excadrill|Excadrill, M|100/100
|-damage|p2a: Excadrill|97/100|[from] Stealth Rock
|turn|12
|
|t:|1719784031
|move|p1a: Latios|Surf|p2a: Excadrill
|-supereffective|p2a: Excadrill
|-damage|p2a: Excadrill|4/100
|move|p2a: Excadrill|Rapid Spin|p1a: Latios
|-damage|p1a: Latios|60/100
|-sideend|p2: happy_hitbox|Stealth Rock|[from] move: Rapid Spin|[of] p2a: Excadrill
|
|-weather|Sandstorm|[upkeep]
|-damage|p1a: Latios|54/100|[from] Sandstorm
|-heal|p2a: Excadrill|10/100|[from] item: Leftovers
|upkeep
|turn|13
|
|t:|1719784039
|switch|p1a: Ferrothorn|Ferrothorn, F|100/100
|switch|p2a: Celebi|Celebi|96/100
|
|-weather|Sandstorm|[upkeep]
|-damage|p2a: Celebi|90/100|[from] Sandstorm
|-heal|p2a: Celebi|96/100|[from] item: Leftovers
|upkeep
|turn|14
|
|t:|1719784043
|switch|p2a: Heatran|Heatran, M|100/100
|move|p1a: Ferrothorn|Spikes|p2a: Heatran
|-sidestart|p2: happy_hitbox|Spikes
|
|-weather|Sandstorm|[upkeep]
|upkeep
|turn|15
|
|t:|1719784053
|switch|p1a: Mienshao|Mienshao, M|99/100
|move|p2a: Heatran|Substitute|p2a: Heatran
|-start|p2a: Heatran|Substitute
|-damage|p2a: Heatran|76/100
|
|-weather|Sandstorm|[upkeep]
|-damage|p1a: Mienshao|93/100|[from] Sandstorm
|-heal|p2a: Heatran|82/100|[from] item: Leftovers
|upkeep
|turn|16
|
|t:|1719784058
|move|p1a: Mienshao|Substitute|p1a: Mienshao
|-start|p1a: Mienshao|Substitute
|-damage|p1a: Mienshao|68/100
|move|p2a: Heatran|Lava Plume|p1a: Mienshao
|-end|p1a: Mienshao|Substitute
|
|-weather|Sandstorm|[upkeep]
|-damage|p1a: Mienshao|62/100|[from] Sandstorm
|-heal|p2a: Heatran|88/100|[from] item: Leftovers
|upkeep
|turn|17
|
|t:|1719784062
|move|p2a: Heatran|Protect|p2a: Heatran
|-singleturn|p2a: Heatran|Protect
|move|p1a: Mienshao|Substitute|p1a: Mienshao
|-start|p1a: Mienshao|Substitute
|-damage|p1a: Mienshao|38/100
|
|-weather|Sandstorm|[upkeep]
|-damage|p1a: Mienshao|32/100|[from] Sandstorm
|-heal|p2a: Heatran|94/100|[from] item: Leftovers
|upkeep
|turn|18
|
|t:|1719784064
|move|p1a: Mienshao|High Jump Kick|p2a: Heatran
|-supereffective|p2a: Heatran
|-end|p2a: Heatran|Substitute
|-damage|p1a: Mienshao|22/100|[from] item: Life Orb
|move|p2a: Heatran|Lava Plume|p1a: Mienshao
|-end|p1a: Mienshao|Substitute
|
|-weather|Sandstorm|[upkeep]
|-damage|p1a: Mienshao|16/100|[from] Sandstorm
|-heal|p2a: Heatran|99/100|[from] item: Leftovers
|upkeep
|turn|19
|
|t:|1719784068
|move|p1a: Mienshao|High Jump Kick|p2a: Heatran
|-supereffective|p2a: Heatran
|-crit|p2a: Heatran
|-damage|p2a: Heatran|0 fnt
|faint|p2a: Heatran
|-damage|p1a: Mienshao|6/100|[from] item: Life Orb
|
|-weather|Sandstorm|[upkeep]
|-damage|p1a: Mienshao|0 fnt|[from] Sandstorm
|faint|p1a: Mienshao
|upkeep
|-message|happy_hitbox forfeited.
|
|win|Xurkiyee
|raw|Xurkiyee's rating: 1455 &rarr; <strong>1471</strong><br />(+16 for winning)
|raw|happy_hitbox's rating: 1385 &rarr; <strong>1369</strong><br />(-16 for losing)
|l|☆happy_hitbox
|player|p2|
