|j|☆Juaann69
|j|☆minutemaid13
|t:|1707536213
|gametype|singles
|player|p1|Juaann69|rosa|1332
|player|p2|minutemaid13|1|1325
|teamsize|p1|6
|teamsize|p2|6
|gen|5
|tier|[Gen 5] OU
|rated|
|rule|Species Clause: Limit one of each Pokémon
|rule|OHKO Clause: OHKO moves are banned
|rule|Moody Clause: Moody is banned
|rule|Evasion Items Clause: Evasion items are banned
|rule|Evasion Moves Clause: Evasion moves are banned
|rule|Endless Battle Clause: Forcing endless battles is banned
|rule|HP Percentage Mod: HP is shown in percentages
|rule|Evasion Abilities Clause: Evasion abilities are banned
|rule|Sleep Moves Clause: Sleep-inducing moves are banned
|rule|Swagger Clause: Swagger is banned
|rule|Baton Pass Stat Clause: No Baton Passer may have a way to boost its stats
|clearpoke
|poke|p1|Landorus-Therian, M|item
|poke|p1|Volcarona, M|item
|poke|p1|Skarmory, M|item
|poke|p1|Suicune|item
|poke|p1|Scrafty, M|item
|poke|p1|Terrakion|item
|poke|p2|Skarmory, M|item
|poke|p2|Chansey, F|item
|poke|p2|Celebi|mail
|poke|p2|Alakazam, M|item
|poke|p2|Gliscor, F|item
|poke|p2|Keldeo|item
|teampreview
|
|t:|1707536239
|start
|switch|p1a: Landorus|Landorus-Therian, M, shiny|100/100
|switch|p2a: Gliscor|Gliscor, F, shiny|100/100
|-ability|p1a: Landorus|Intimidate|boost
|-unboost|p2a: Gliscor|atk|1
|turn|1
|inactive|Battle timer is ON: inactive players will automatically lose when time's up. (requested by Juaann69)
|
|t:|1707536245
|move|p1a: Landorus|Swords Dance|p1a: Landorus
|-boost|p1a: Landorus|atk|2
|move|p2a: Gliscor|U-turn|p1a: Landorus
|-resisted|p1a: Landorus
|-crit|p1a: Landorus
|-damage|p1a: Landorus|84/100
|
|t:|1707536252
|switch|p2a: Keldeo|Keldeo|100/100|[from] U-turn
|
|upkeep
|turn|2
|
|t:|1707536256
|switch|p1a: Suicune|Suicune, shiny|100/100
|-ability|p1a: Suicune|Pressure
|move|p2a: Keldeo|Icy Wind|p1a: Suicune
|-resisted|p1a: Suicune
|-damage|p1a: Suicune|92/100
|-unboost|p1a: Suicune|spe|1
|-damage|p2a: Keldeo|91/100|[from] item: Life Orb
|
|-heal|p1a: Suicune|98/100|[from] item: Leftovers
|upkeep
|turn|3
|j| BingBongDingBong
|
|t:|1707536268
|switch|p2a: Celebi|Celebi|100/100
|move|p1a: Suicune|Calm Mind|p1a: Suicune
|-boost|p1a: Suicune|spa|1
|-boost|p1a: Suicune|spd|1
|
|-heal|p1a: Suicune|100/100|[from] item: Leftovers
|upkeep
|turn|4
|
|t:|1707536279
|move|p2a: Celebi|Thunder Wave|p1a: Suicune
|-status|p1a: Suicune|par
|move|p1a: Suicune|Ice Beam|p2a: Celebi
|-supereffective|p2a: Celebi
|-damage|p2a: Celebi|63/100
|
|upkeep
|turn|5
|
|t:|1707536285
|move|p2a: Celebi|Giga Drain|p1a: Suicune
|-supereffective|p1a: Suicune
|-damage|p1a: Suicune|76/100 par
|-heal|p2a: Celebi|75/100|[from] drain|[of] p1a: Suicune
|move|p1a: Suicune|Calm Mind|p1a: Suicune
|-boost|p1a: Suicune|spa|1
|-boost|p1a: Suicune|spd|1
|
|-heal|p1a: Suicune|82/100 par|[from] item: Leftovers
|upkeep
|turn|6
|
|t:|1707536293
|move|p2a: Celebi|Giga Drain|p1a: Suicune
|-supereffective|p1a: Suicune
|-damage|p1a: Suicune|65/100 par
|-heal|p2a: Celebi|84/100|[from] drain|[of] p1a: Suicune
|move|p1a: Suicune|Calm Mind|p1a: Suicune
|-boost|p1a: Suicune|spa|1
|-boost|p1a: Suicune|spd|1
|
|-heal|p1a: Suicune|71/100 par|[from] item: Leftovers
|upkeep
|turn|7
|j| BWVC PM1
|
|t:|1707536304
|switch|p2a: Chansey|Chansey, F|100/100
|move|p1a: Suicune|Ice Beam|p2a: Chansey
|-damage|p2a: Chansey|89/100
|
|-heal|p1a: Suicune|77/100 par|[from] item: Leftovers
|upkeep
|turn|8
|
|t:|1707536313
|move|p2a: Chansey|Stealth Rock|p1a: Suicune
|-sidestart|p1: Juaann69|move: Stealth Rock
|move|p1a: Suicune|Scald|p2a: Chansey
|-crit|p2a: Chansey
|-damage|p2a: Chansey|62/100
|-status|p2a: Chansey|brn
|
|-heal|p1a: Suicune|83/100 par|[from] item: Leftovers
|-damage|p2a: Chansey|50/100 brn|[from] brn
|upkeep
|turn|9
|
|t:|1707536323
|move|p2a: Chansey|Soft-Boiled|p2a: Chansey
|-heal|p2a: Chansey|99/100 brn
|cant|p1a: Suicune|par
|
|-heal|p1a: Suicune|89/100 par|[from] item: Leftovers
|-damage|p2a: Chansey|87/100 brn|[from] brn
|upkeep
|turn|10
|
|t:|1707536332
|-curestatus|p2a: Chansey|brn|[from] ability: Natural Cure
|switch|p2a: Celebi|Celebi|84/100
|move|p1a: Suicune|Scald|p2a: Celebi
|-resisted|p2a: Celebi
|-damage|p2a: Celebi|64/100
|
|-heal|p1a: Suicune|96/100 par|[from] item: Leftovers
|upkeep
|turn|11
|l| BWVC PM1
|
|t:|1707536340
|move|p2a: Celebi|Recover|p2a: Celebi
|-heal|p2a: Celebi|100/100
|cant|p1a: Suicune|par
|
|-heal|p1a: Suicune|100/100 par|[from] item: Leftovers
|upkeep
|turn|12
|
|t:|1707536346
|move|p2a: Celebi|Giga Drain|p1a: Suicune
|-supereffective|p1a: Suicune
|-damage|p1a: Suicune|87/100 par
|move|p1a: Suicune|Ice Beam|p2a: Celebi
|-supereffective|p2a: Celebi
|-damage|p2a: Celebi|38/100
|
|-heal|p1a: Suicune|93/100 par|[from] item: Leftovers
|upkeep
|turn|13
|
|t:|1707536354
|switch|p2a: Chansey|Chansey, F|87/100
|move|p1a: Suicune|Calm Mind|p1a: Suicune
|-boost|p1a: Suicune|spa|1
|-boost|p1a: Suicune|spd|1
|
|-heal|p1a: Suicune|99/100 par|[from] item: Leftovers
|upkeep
|turn|14
|
|t:|1707536368
|move|p2a: Chansey|Seismic Toss|p1a: Suicune
|-damage|p1a: Suicune|74/100 par
|cant|p1a: Suicune|par
|
|-heal|p1a: Suicune|80/100 par|[from] item: Leftovers
|upkeep
|turn|15
|
|t:|1707536374
|move|p2a: Chansey|Seismic Toss|p1a: Suicune
|-damage|p1a: Suicune|56/100 par
|cant|p1a: Suicune|par
|
|-heal|p1a: Suicune|62/100 par|[from] item: Leftovers
|upkeep
|turn|16
|
|t:|1707536380
|move|p2a: Chansey|Seismic Toss|p1a: Suicune
|-damage|p1a: Suicune|37/100 par
|move|p1a: Suicune|Rest|p1a: Suicune
|-status|p1a: Suicune|slp|[from] move: Rest
|-heal|p1a: Suicune|100/100 slp|[silent]
|
|upkeep
|turn|17
|
|t:|1707536387
|cant|p1a: Suicune|slp
|move|p2a: Chansey|Seismic Toss|p1a: Suicune
|-damage|p1a: Suicune|76/100 slp
|
|-heal|p1a: Suicune|82/100 slp|[from] item: Leftovers
|upkeep
|turn|18
|
|t:|1707536393
|cant|p1a: Suicune|slp
|move|p2a: Chansey|Seismic Toss|p1a: Suicune
|-damage|p1a: Suicune|57/100 slp
|
|-heal|p1a: Suicune|63/100 slp|[from] item: Leftovers
|upkeep
|turn|19
|
|t:|1707536400
|-curestatus|p1a: Suicune|slp|[msg]
|move|p1a: Suicune|Scald|p2a: Chansey
|-damage|p2a: Chansey|69/100
|move|p2a: Chansey|Toxic|p1a: Suicune|[miss]
|-miss|p2a: Chansey|p1a: Suicune
|
|-heal|p1a: Suicune|70/100|[from] item: Leftovers
|upkeep
|turn|20
|
|t:|1707536409
|move|p1a: Suicune|Scald|p2a: Chansey
|-damage|p2a: Chansey|51/100
|move|p2a: Chansey|Toxic|p1a: Suicune
|-status|p1a: Suicune|tox
|
|-heal|p1a: Suicune|76/100 tox|[from] item: Leftovers
|-damage|p1a: Suicune|70/100 tox|[from] psn
|upkeep
|turn|21
|
|t:|1707536417
|move|p1a: Suicune|Scald|p2a: Chansey
|-damage|p2a: Chansey|34/100
|move|p2a: Chansey|Soft-Boiled|p2a: Chansey
|-heal|p2a: Chansey|84/100
|
|-heal|p1a: Suicune|76/100 tox|[from] item: Leftovers
|-damage|p1a: Suicune|63/100 tox|[from] psn
|upkeep
|turn|22
|
|t:|1707536425
|move|p1a: Suicune|Scald|p2a: Chansey
|-damage|p2a: Chansey|66/100
|move|p2a: Chansey|Seismic Toss|p1a: Suicune
|-damage|p1a: Suicune|39/100 tox
|
|-heal|p1a: Suicune|45/100 tox|[from] item: Leftovers
|-damage|p1a: Suicune|26/100 tox|[from] psn
|upkeep
|turn|23
|
|t:|1707536434
|switch|p2a: Keldeo|Keldeo|91/100
|move|p1a: Suicune|Rest|p1a: Suicune
|-status|p1a: Suicune|slp|[from] move: Rest
|-heal|p1a: Suicune|100/100 slp|[silent]
|
|upkeep
|turn|24
|
|t:|1707536440
|move|p2a: Keldeo|Secret Sword|p1a: Suicune
|-damage|p1a: Suicune|65/100 slp
|-damage|p2a: Keldeo|81/100|[from] item: Life Orb
|cant|p1a: Suicune|slp
|
|-heal|p1a: Suicune|72/100 slp|[from] item: Leftovers
|upkeep
|turn|25
|
|t:|1707536455
|move|p2a: Keldeo|Secret Sword|p1a: Suicune
|-damage|p1a: Suicune|36/100 slp
|-damage|p2a: Keldeo|71/100|[from] item: Life Orb
|cant|p1a: Suicune|slp
|
|-heal|p1a: Suicune|43/100 slp|[from] item: Leftovers
|upkeep
|turn|26
|
|t:|1707536468
|move|p2a: Keldeo|Secret Sword|p1a: Suicune
|-damage|p1a: Suicune|4/100 slp
|-damage|p2a: Keldeo|61/100|[from] item: Life Orb
|-curestatus|p1a: Suicune|slp|[msg]
|move|p1a: Suicune|Rest|p1a: Suicune
|-status|p1a: Suicune|slp|[from] move: Rest
|-heal|p1a: Suicune|100/100 slp|[silent]
|
|upkeep
|turn|27
|
|t:|1707536478
|switch|p2a: Skarmory|Skarmory, M|100/100
|cant|p1a: Suicune|slp
|
|upkeep
|turn|28
|
|t:|1707536482
|cant|p1a: Suicune|slp
|move|p2a: Skarmory|Whirlwind|p1a: Suicune
|drag|p1a: Terrakion|Terrakion, shiny|100/100
|-damage|p1a: Terrakion|94/100|[from] Stealth Rock
|
|upkeep
|turn|29
|
|t:|1707536489
|move|p1a: Terrakion|Close Combat|p2a: Skarmory
|-damage|p2a: Skarmory|39/100
|-unboost|p1a: Terrakion|def|1
|-unboost|p1a: Terrakion|spd|1
|move|p2a: Skarmory|Spikes|p1a: Terrakion
|-sidestart|p1: Juaann69|Spikes
|
|upkeep
|turn|30
|
|t:|1707536496
|switch|p2a: Gliscor|Gliscor, F, shiny|100/100
|move|p1a: Terrakion|Close Combat|p2a: Gliscor
|-resisted|p2a: Gliscor
|-damage|p2a: Gliscor|71/100
|-unboost|p1a: Terrakion|def|1
|-unboost|p1a: Terrakion|spd|1
|
|-status|p2a: Gliscor|tox|[from] item: Toxic Orb
|upkeep
|turn|31
|
|t:|1707536508
|switch|p1a: Scrafty|Scrafty, M, shiny|100/100
|-damage|p1a: Scrafty|94/100|[from] Stealth Rock
|-damage|p1a: Scrafty|82/100|[from] Spikes
|move|p2a: Gliscor|Knock Off|p1a: Scrafty
|-resisted|p1a: Scrafty
|-damage|p1a: Scrafty|81/100
|-enditem|p1a: Scrafty|Lum Berry|[from] move: Knock Off|[of] p2a: Gliscor
|
|-heal|p2a: Gliscor|83/100 tox|[from] ability: Poison Heal
|upkeep
|turn|32
|inactive|minutemaid13 has 120 seconds left.
|
|t:|1707536541
|move|p2a: Gliscor|U-turn|p1a: Scrafty
|-damage|p1a: Scrafty|67/100
|
|t:|1707536544
|switch|p2a: Skarmory|Skarmory, M|39/100|[from] U-turn
|move|p1a: Scrafty|Drain Punch|p2a: Skarmory
|-damage|p2a: Skarmory|16/100
|-heal|p1a: Scrafty|81/100|[from] drain|[of] p2a: Skarmory
|
|upkeep
|turn|33
|
|t:|1707536555
|move|p2a: Skarmory|Roost|p2a: Skarmory
|-heal|p2a: Skarmory|66/100
|-singleturn|p2a: Skarmory|move: Roost
|move|p1a: Scrafty|Ice Punch|p2a: Skarmory
|-resisted|p2a: Skarmory
|-crit|p2a: Skarmory
|-damage|p2a: Skarmory|52/100
|
|upkeep
|turn|34
|
|t:|1707536563
|move|p2a: Skarmory|Brave Bird|p1a: Scrafty
|-supereffective|p1a: Scrafty
|-damage|p1a: Scrafty|17/100
|-damage|p2a: Skarmory|35/100|[from] Recoil
|move|p1a: Scrafty|Drain Punch|p2a: Skarmory
|-damage|p2a: Skarmory|12/100
|-heal|p1a: Scrafty|32/100|[from] drain|[of] p2a: Skarmory
|
|upkeep
|turn|35
|
|t:|1707536571
|move|p2a: Skarmory|Roost|p2a: Skarmory
|-heal|p2a: Skarmory|62/100
|-singleturn|p2a: Skarmory|move: Roost
|move|p1a: Scrafty|Drain Punch|p2a: Skarmory
|-supereffective|p2a: Skarmory
|-damage|p2a: Skarmory|18/100
|-heal|p1a: Scrafty|58/100|[from] drain|[of] p2a: Skarmory
|
|upkeep
|turn|36
|
|t:|1707536580
|move|p2a: Skarmory|Brave Bird|p1a: Scrafty
|-supereffective|p1a: Scrafty
|-crit|p1a: Scrafty
|-damage|p1a: Scrafty|0 fnt
|faint|p1a: Scrafty
|-damage|p2a: Skarmory|3/100|[from] Recoil
|
|upkeep
|
|t:|1707536587
|switch|p1a: Landorus|Landorus-Therian, M, shiny|84/100
|-damage|p1a: Landorus|71/100|[from] Stealth Rock
|-ability|p1a: Landorus|Intimidate|boost
|-unboost|p2a: Skarmory|atk|1
|turn|37
|
|t:|1707536595
|move|p1a: Landorus|Rock Polish|p1a: Landorus
|-boost|p1a: Landorus|spe|2
|move|p2a: Skarmory|Roost|p2a: Skarmory
|-heal|p2a: Skarmory|53/100
|-singleturn|p2a: Skarmory|move: Roost
|
|upkeep
|turn|38
|
|t:|1707536603
|move|p1a: Landorus|Rock Slide|p2a: Skarmory
|-damage|p2a: Skarmory|30/100
|move|p2a: Skarmory|Whirlwind|p1a: Landorus
|drag|p1a: Suicune|Suicune, shiny|100/100 slp
|-damage|p1a: Suicune|88/100 slp|[from] Stealth Rock
|-damage|p1a: Suicune|76/100 slp|[from] Spikes
|-ability|p1a: Suicune|Pressure
|
|-heal|p1a: Suicune|82/100 slp|[from] item: Leftovers
|upkeep
|turn|39
|
|t:|1707536615
|cant|p1a: Suicune|slp
|move|p2a: Skarmory|Roost|p2a: Skarmory
|-heal|p2a: Skarmory|80/100
|-singleturn|p2a: Skarmory|move: Roost
|
|-heal|p1a: Suicune|88/100 slp|[from] item: Leftovers
|upkeep
|turn|40
|
|t:|1707536621
|cant|p1a: Suicune|slp
|move|p2a: Skarmory|Whirlwind|p1a: Suicune
|drag|p1a: Skarmory|Skarmory, M, shiny|100/100
|-damage|p1a: Skarmory|88/100|[from] Stealth Rock
|
|-heal|p1a: Skarmory|94/100|[from] item: Leftovers
|upkeep
|turn|41
|
|t:|1707536628
|move|p1a: Skarmory|Taunt|p2a: Skarmory
|-start|p2a: Skarmory|move: Taunt
|cant|p2a: Skarmory|move: Taunt|Whirlwind
|
|-heal|p1a: Skarmory|100/100|[from] item: Leftovers
|upkeep
|turn|42
|
|t:|1707536638
|switch|p2a: Gliscor|Gliscor, F, shiny|83/100 tox
|move|p1a: Skarmory|Stealth Rock|p2a: Gliscor
|-sidestart|p2: minutemaid13|move: Stealth Rock
|
|-heal|p2a: Gliscor|96/100 tox|[from] ability: Poison Heal
|upkeep
|turn|43
|
|t:|1707536644
|move|p2a: Gliscor|Knock Off|p1a: Skarmory
|-resisted|p1a: Skarmory
|-damage|p1a: Skarmory|99/100
|-enditem|p1a: Skarmory|Leftovers|[from] move: Knock Off|[of] p2a: Gliscor
|move|p1a: Skarmory|Spikes|p2a: Gliscor
|-sidestart|p2: minutemaid13|Spikes
|
|-heal|p2a: Gliscor|100/100 tox|[from] ability: Poison Heal
|upkeep
|turn|44
|
|t:|1707536660
|switch|p2a: Celebi|Celebi|38/100
|-damage|p2a: Celebi|26/100|[from] Stealth Rock
|-damage|p2a: Celebi|14/100|[from] Spikes
|move|p1a: Skarmory|Taunt|p2a: Celebi
|-start|p2a: Celebi|move: Taunt
|
|upkeep
|turn|45
|
|t:|1707536679
|move|p2a: Celebi|Giga Drain|p1a: Skarmory
|-resisted|p1a: Skarmory
|-damage|p1a: Skarmory|92/100
|-heal|p2a: Celebi|16/100|[from] drain|[of] p1a: Skarmory
|move|p1a: Skarmory|Brave Bird|p2a: Celebi
|-supereffective|p2a: Celebi
|-crit|p2a: Celebi
|-damage|p2a: Celebi|0 fnt
|faint|p2a: Celebi
|-damage|p1a: Skarmory|86/100|[from] Recoil
|
|upkeep
|
|t:|1707536691
|switch|p2a: Keldeo|Keldeo|61/100
|-damage|p2a: Keldeo|55/100|[from] Stealth Rock
|-damage|p2a: Keldeo|42/100|[from] Spikes
|turn|46
|
|t:|1707536696
|move|p2a: Keldeo|Hydro Pump|p1a: Skarmory
|-damage|p1a: Skarmory|10/100
|-damage|p2a: Keldeo|32/100|[from] item: Life Orb
|move|p1a: Skarmory|Brave Bird|p2a: Keldeo
|-supereffective|p2a: Keldeo
|-damage|p2a: Keldeo|0 fnt
|faint|p2a: Keldeo
|-damage|p1a: Skarmory|0 fnt|[from] Recoil
|faint|p1a: Skarmory
|
|upkeep
|
|t:|1707536713
|switch|p2a: Alakazam|Alakazam, M|100/100
|switch|p1a: Suicune|Suicune, shiny|88/100 slp
|-damage|p1a: Suicune|76/100 slp|[from] Stealth Rock
|-damage|p1a: Suicune|63/100 slp|[from] Spikes
|-ability|p1a: Suicune|Pressure
|turn|47
|
|t:|1707536720
|move|p2a: Alakazam|Shadow Ball|p1a: Suicune
|-crit|p1a: Suicune
|-damage|p1a: Suicune|26/100 slp
|cant|p1a: Suicune|slp
|
|-heal|p1a: Suicune|33/100 slp|[from] item: Leftovers
|upkeep
|turn|48
|
|t:|1707536726
|move|p2a: Alakazam|Psyshock|p1a: Suicune
|-damage|p1a: Suicune|6/100 slp
|cant|p1a: Suicune|slp
|
|-heal|p1a: Suicune|13/100 slp|[from] item: Leftovers
|upkeep
|turn|49
|
|t:|1707536732
|move|p2a: Alakazam|Psyshock|p1a: Suicune
|-damage|p1a: Suicune|0 fnt
|faint|p1a: Suicune
|
|upkeep
|
|t:|1707536737
|switch|p1a: Volcarona|Volcarona, M, shiny|100/100
|-damage|p1a: Volcarona|51/100|[from] Stealth Rock
|-damage|p1a: Volcarona|38/100|[from] Spikes
|turn|50
|
|t:|1707536745
|move|p2a: Alakazam|Psyshock|p1a: Volcarona
|-damage|p1a: Volcarona|0 fnt
|faint|p1a: Volcarona
|
|upkeep
|
|t:|1707536750
|switch|p1a: Landorus|Landorus-Therian, M, shiny|71/100
|-damage|p1a: Landorus|59/100|[from] Stealth Rock
|-ability|p1a: Landorus|Intimidate|boost
|-unboost|p2a: Alakazam|atk|1
|turn|51
|
|t:|1707536755
|move|p2a: Alakazam|Hidden Power|p1a: Landorus
|-supereffective|p1a: Landorus
|-crit|p1a: Landorus
|-damage|p1a: Landorus|0 fnt
|faint|p1a: Landorus
|
|upkeep
|-message|Juaann69 forfeited.
|
|win|minutemaid13
|raw|Juaann69's rating: 1332 &rarr; <strong>1312</strong><br />(-20 for losing)
|raw|minutemaid13's rating: 1325 &rarr; <strong>1345</strong><br />(+20 for winning)
|l|☆Juaann69
|player|p1|
|l| BingBongDingBong
