|j|☆blackkaiser
|j|☆Wvwhwhwwhhw
|player|p1|blackkaiser|265|1448
|player|p2|Wvwhwhwwhhw|101|1363
|teamsize|p1|6
|teamsize|p2|6
|gametype|singles
|gen|5
|tier|[Gen 5] OU
|rated|
|rule|Species Clause: Limit one of each Pokémon
|rule|OHKO Clause: OHKO moves are banned
|rule|Moody Clause: Moody is banned
|rule|Evasion Moves Clause: Evasion moves are banned
|rule|Endless Battle Clause: Forcing endless battles is banned
|rule|HP Percentage Mod: HP is shown in percentages
|rule|Evasion Abilities Clause: Evasion abilities are banned
|rule|Baton Pass Clause: Limit one Baton Passer, can't pass Spe and other stats simultaneously
|rule|Sleep Clause: Sleep-inducing moves are banned
|rule|Swagger Clause: Swagger is banned
|clearpoke
|poke|p1|Hippowdon, M|item
|poke|p1|Ferrothorn, M|item
|poke|p1|Jellicent, F|item
|poke|p1|Latios, M|item
|poke|p1|Garchomp, M|item
|poke|p1|Scizor, M|item
|poke|p2|Tornadus, M|item
|poke|p2|Politoed, M|item
|poke|p2|Tentacruel, M|item
|poke|p2|Ferrothorn, F|item
|poke|p2|Garchomp, M|item
|poke|p2|Jellicent, M|item
|teampreview
|inactive|Battle timer is ON: inactive players will automatically lose when time's up. (requested by blackkaiser)
|
|start
|switch|p1a: Latios|Latios, M, shiny|100/100
|switch|p2a: Ferrothorn|Ferrothorn, F|100/100
|turn|1
|
|switch|p1a: Hippowdon|Hippowdon, M|100/100
|-weather|Sandstorm|[from] ability: Sand Stream|[of] p1a: Hippowdon
|move|p2a: Ferrothorn|Stealth Rock|p1a: Hippowdon
|-sidestart|p1: blackkaiser|move: Stealth Rock
|
|-weather|Sandstorm|[upkeep]
|upkeep
|turn|2
|
|move|p1a: Hippowdon|Stealth Rock|p2a: Ferrothorn
|-sidestart|p2: Wvwhwhwwhhw|move: Stealth Rock
|move|p2a: Ferrothorn|Spikes|p1a: Hippowdon
|-sidestart|p1: blackkaiser|Spikes
|
|-weather|Sandstorm|[upkeep]
|upkeep
|turn|3
|
|switch|p1a: Ferrothorn|Ferrothorn, M|100/100
|-damage|p1a: Ferrothorn|95/100|[from] Stealth Rock
|-damage|p1a: Ferrothorn|82/100|[from] Spikes
|move|p2a: Ferrothorn|Spikes|p1a: Ferrothorn
|-sidestart|p1: blackkaiser|Spikes
|
|-weather|Sandstorm|[upkeep]
|upkeep
|turn|4
|
|switch|p2a: Tentacruel|Tentacruel, M|100/100
|-damage|p2a: Tentacruel|88/100|[from] Stealth Rock
|move|p1a: Ferrothorn|Spikes|p2a: Tentacruel
|-sidestart|p2: Wvwhwhwwhhw|Spikes
|
|-weather|Sandstorm|[upkeep]
|-damage|p2a: Tentacruel|82/100|[from] Sandstorm
|-heal|p2a: Tentacruel|88/100|[from] item: Black Sludge
|upkeep
|turn|5
|
|move|p2a: Tentacruel|Toxic|p1a: Ferrothorn
|-immune|p1a: Ferrothorn
|move|p1a: Ferrothorn|Spikes|p2a: Tentacruel
|-sidestart|p2: Wvwhwhwwhhw|Spikes
|
|-weather|Sandstorm|[upkeep]
|-damage|p2a: Tentacruel|82/100|[from] Sandstorm
|-heal|p2a: Tentacruel|88/100|[from] item: Black Sludge
|upkeep
|turn|6
|
|switch|p1a: Jellicent|Jellicent, F|100/100
|-damage|p1a: Jellicent|84/100|[from] Spikes
|-damage|p1a: Jellicent|71/100|[from] Stealth Rock
|move|p2a: Tentacruel|Rapid Spin|p1a: Jellicent
|-immune|p1a: Jellicent
|
|-weather|Sandstorm|[upkeep]
|-damage|p2a: Tentacruel|82/100|[from] Sandstorm
|-damage|p1a: Jellicent|65/100|[from] Sandstorm
|-heal|p2a: Tentacruel|88/100|[from] item: Black Sludge
|-heal|p1a: Jellicent|71/100|[from] item: Leftovers
|upkeep
|turn|7
|
|move|p2a: Tentacruel|Toxic|p1a: Jellicent
|-status|p1a: Jellicent|tox
|move|p1a: Jellicent|Will-O-Wisp|p2a: Tentacruel
|-status|p2a: Tentacruel|brn
|
|-weather|Sandstorm|[upkeep]
|-damage|p2a: Tentacruel|82/100 brn|[from] Sandstorm
|-damage|p1a: Jellicent|65/100 tox|[from] Sandstorm
|-heal|p2a: Tentacruel|88/100 brn|[from] item: Black Sludge
|-heal|p1a: Jellicent|71/100 tox|[from] item: Leftovers
|-damage|p2a: Tentacruel|76/100 brn|[from] brn
|-damage|p1a: Jellicent|65/100 tox|[from] psn
|upkeep
|turn|8
|
|switch|p2a: Garchomp|Garchomp, M|100/100
|-damage|p2a: Garchomp|94/100|[from] Stealth Rock
|-damage|p2a: Garchomp|78/100|[from] Spikes
|move|p1a: Jellicent|Shadow Ball|p2a: Garchomp
|-damage|p2a: Garchomp|55/100
|
|-weather|Sandstorm|[upkeep]
|-damage|p1a: Jellicent|59/100 tox|[from] Sandstorm
|-heal|p2a: Garchomp|61/100|[from] item: Leftovers
|-heal|p1a: Jellicent|65/100 tox|[from] item: Leftovers
|-damage|p1a: Jellicent|53/100 tox|[from] psn
|upkeep
|turn|9
|
|switch|p1a: Hippowdon|Hippowdon, M|100/100
|-damage|p1a: Hippowdon|84/100|[from] Spikes
|-damage|p1a: Hippowdon|78/100|[from] Stealth Rock
|move|p2a: Garchomp|Substitute|p2a: Garchomp
|-start|p2a: Garchomp|Substitute
|-damage|p2a: Garchomp|37/100
|
|-weather|Sandstorm|[upkeep]
|-heal|p2a: Garchomp|43/100|[from] item: Leftovers
|-heal|p1a: Hippowdon|84/100|[from] item: Leftovers
|upkeep
|turn|10
|
|move|p2a: Garchomp|Earthquake|p1a: Hippowdon
|-crit|p1a: Hippowdon
|-damage|p1a: Hippowdon|34/100
|move|p1a: Hippowdon|Roar|p2a: Garchomp
|drag|p2a: Politoed|Politoed, M|100/100
|-damage|p2a: Politoed|84/100|[from] Spikes
|-damage|p2a: Politoed|72/100|[from] Stealth Rock
|-weather|RainDance|[from] ability: Drizzle|[of] p2a: Politoed
|
|-weather|RainDance|[upkeep]
|-heal|p1a: Hippowdon|40/100|[from] item: Leftovers
|upkeep
|turn|11
|
|switch|p1a: Jellicent|Jellicent, F|53/100 tox
|-damage|p1a: Jellicent|36/100 tox|[from] Spikes
|-damage|p1a: Jellicent|24/100 tox|[from] Stealth Rock
|move|p2a: Politoed|Ice Beam|p1a: Jellicent
|-resisted|p1a: Jellicent
|-crit|p1a: Jellicent
|-damage|p1a: Jellicent|1/100 tox
|
|-weather|RainDance|[upkeep]
|-heal|p1a: Jellicent|7/100 tox|[from] item: Leftovers
|-damage|p1a: Jellicent|1/100 tox|[from] psn
|upkeep
|turn|12
|
|move|p2a: Politoed|Ice Beam|p1a: Jellicent
|-resisted|p1a: Jellicent
|-crit|p1a: Jellicent
|-damage|p1a: Jellicent|0 fnt
|faint|p1a: Jellicent
|
|-weather|RainDance|[upkeep]
|upkeep
|
|switch|p1a: Ferrothorn|Ferrothorn, M|82/100
|-damage|p1a: Ferrothorn|66/100|[from] Spikes
|-damage|p1a: Ferrothorn|60/100|[from] Stealth Rock
|turn|13
|
|switch|p2a: Tentacruel|Tentacruel, M|76/100 brn
|-damage|p2a: Tentacruel|59/100 brn|[from] Spikes
|-damage|p2a: Tentacruel|47/100 brn|[from] Stealth Rock
|move|p1a: Ferrothorn|Power Whip|p2a: Tentacruel
|-damage|p2a: Tentacruel|12/100 brn
|
|-weather|RainDance|[upkeep]
|-heal|p2a: Tentacruel|19/100 brn|[from] ability: Rain Dish
|-heal|p2a: Tentacruel|25/100 brn|[from] item: Black Sludge
|-damage|p2a: Tentacruel|12/100 brn|[from] brn
|upkeep
|turn|14
|
|move|p2a: Tentacruel|Rapid Spin|p1a: Ferrothorn
|-resisted|p1a: Ferrothorn
|-damage|p1a: Ferrothorn|59/100
|-damage|p2a: Tentacruel|0 fnt|[from] ability: Iron Barbs|[of] p1a: Ferrothorn
|faint|p2a: Tentacruel
|move|p1a: Ferrothorn|Spikes|p2: Tentacruel
|-sidestart|p2: Wvwhwhwwhhw|Spikes
|
|-weather|RainDance|[upkeep]
|upkeep
|
|switch|p2a: Jellicent|Jellicent, M|100/100
|-damage|p2a: Jellicent|88/100|[from] Stealth Rock
|-damage|p2a: Jellicent|63/100|[from] Spikes
|turn|15
|
|move|p2a: Jellicent|Will-O-Wisp|p1a: Ferrothorn
|-status|p1a: Ferrothorn|brn
|move|p1a: Ferrothorn|Thunder Wave|p2a: Jellicent
|-status|p2a: Jellicent|par
|
|-weather|RainDance|[upkeep]
|-heal|p2a: Jellicent|69/100 par|[from] item: Leftovers
|-damage|p1a: Ferrothorn|47/100 brn|[from] brn
|upkeep
|turn|16
|
|move|p1a: Ferrothorn|Leech Seed|p2a: Jellicent
|-start|p2a: Jellicent|move: Leech Seed
|move|p2a: Jellicent|Recover|p2a: Jellicent
|-heal|p2a: Jellicent|100/100 par
|
|-weather|RainDance|[upkeep]
|-damage|p2a: Jellicent|88/100 par|[from] Leech Seed|[of] p1a: Ferrothorn
|-heal|p1a: Ferrothorn|61/100 brn|[silent]
|-damage|p1a: Ferrothorn|49/100 brn|[from] brn
|upkeep
|turn|17
|
|switch|p2a: Ferrothorn|Ferrothorn, F|100/100
|-damage|p2a: Ferrothorn|94/100|[from] Stealth Rock
|-damage|p2a: Ferrothorn|69/100|[from] Spikes
|move|p1a: Ferrothorn|Thunder Wave|p2a: Ferrothorn
|-status|p2a: Ferrothorn|par
|
|-weather|RainDance|[upkeep]
|-heal|p2a: Ferrothorn|75/100 par|[from] item: Leftovers
|-damage|p1a: Ferrothorn|37/100 brn|[from] brn
|upkeep
|turn|18
|
|switch|p1a: Hippowdon|Hippowdon, M|40/100
|-damage|p1a: Hippowdon|34/100|[from] Stealth Rock
|-damage|p1a: Hippowdon|17/100|[from] Spikes
|-weather|Sandstorm|[from] ability: Sand Stream|[of] p1a: Hippowdon
|move|p2a: Ferrothorn|Spikes|p1a: Hippowdon
|-sidestart|p1: blackkaiser|Spikes
|
|-weather|Sandstorm|[upkeep]
|-heal|p1a: Hippowdon|23/100|[from] item: Leftovers
|-heal|p2a: Ferrothorn|82/100 par|[from] item: Leftovers
|upkeep
|turn|19
|
|move|p1a: Hippowdon|Slack Off|p1a: Hippowdon
|-heal|p1a: Hippowdon|74/100
|cant|p2a: Ferrothorn|par
|
|-weather|Sandstorm|[upkeep]
|-heal|p1a: Hippowdon|80/100|[from] item: Leftovers
|-heal|p2a: Ferrothorn|88/100 par|[from] item: Leftovers
|upkeep
|turn|20
|
|move|p2a: Ferrothorn|Power Whip|p1a: Hippowdon
|-supereffective|p1a: Hippowdon
|-damage|p1a: Hippowdon|39/100
|move|p1a: Hippowdon|Roar|p2a: Ferrothorn
|drag|p2a: Garchomp|Garchomp, M|43/100
|-damage|p2a: Garchomp|37/100|[from] Stealth Rock
|-damage|p2a: Garchomp|12/100|[from] Spikes
|
|-weather|Sandstorm|[upkeep]
|-heal|p2a: Garchomp|18/100|[from] item: Leftovers
|-heal|p1a: Hippowdon|45/100|[from] item: Leftovers
|upkeep
|turn|21
|
|switch|p1a: Ferrothorn|Ferrothorn, M|37/100 brn
|-damage|p1a: Ferrothorn|12/100 brn|[from] Spikes
|-damage|p1a: Ferrothorn|6/100 brn|[from] Stealth Rock
|move|p2a: Garchomp|Earthquake|p1a: Ferrothorn
|-damage|p1a: Ferrothorn|0 fnt
|faint|p1a: Ferrothorn
|
|-weather|Sandstorm|[upkeep]
|-heal|p2a: Garchomp|24/100|[from] item: Leftovers
|upkeep
|
|switch|p1a: Latios|Latios, M, shiny|100/100
|-damage|p1a: Latios|88/100|[from] Stealth Rock
|turn|22
|
|move|p1a: Latios|Psyshock|p2a: Garchomp
|-damage|p2a: Garchomp|0 fnt
|faint|p2a: Garchomp
|
|-weather|Sandstorm|[upkeep]
|-damage|p1a: Latios|82/100|[from] Sandstorm
|upkeep
|
|switch|p2a: Ferrothorn|Ferrothorn, F|88/100 par
|-damage|p2a: Ferrothorn|63/100 par|[from] Spikes
|-damage|p2a: Ferrothorn|57/100 par|[from] Stealth Rock
|turn|23
|
|switch|p1a: Garchomp|Garchomp, M|100/100
|-damage|p1a: Garchomp|76/100|[from] Spikes
|-damage|p1a: Garchomp|69/100|[from] Stealth Rock
|switch|p2a: Politoed|Politoed, M|72/100
|-damage|p2a: Politoed|47/100|[from] Spikes
|-damage|p2a: Politoed|34/100|[from] Stealth Rock
|-weather|RainDance|[from] ability: Drizzle|[of] p2a: Politoed
|
|-weather|RainDance|[upkeep]
|upkeep
|turn|24
|
|switch|p1a: Hippowdon|Hippowdon, M|45/100
|-damage|p1a: Hippowdon|39/100|[from] Stealth Rock
|-damage|p1a: Hippowdon|14/100|[from] Spikes
|-weather|Sandstorm|[from] ability: Sand Stream|[of] p1a: Hippowdon
|move|p2a: Politoed|Ice Beam|p1a: Hippowdon
|-supereffective|p1a: Hippowdon
|-damage|p1a: Hippowdon|0 fnt
|faint|p1a: Hippowdon
|
|-weather|Sandstorm|[upkeep]
|-damage|p2a: Politoed|28/100|[from] Sandstorm
|upkeep
|
|switch|p1a: Scizor|Scizor, M|100/100
|-damage|p1a: Scizor|88/100|[from] Stealth Rock
|-damage|p1a: Scizor|63/100|[from] Spikes
|turn|25
|
|switch|p2a: Ferrothorn|Ferrothorn, F|57/100 par
|-damage|p2a: Ferrothorn|32/100 par|[from] Spikes
|-damage|p2a: Ferrothorn|25/100 par|[from] Stealth Rock
|move|p1a: Scizor|Superpower|p2a: Ferrothorn
|-supereffective|p2a: Ferrothorn
|-damage|p2a: Ferrothorn|0 fnt
|-damage|p1a: Scizor|51/100|[from] ability: Iron Barbs|[of] p2a: Ferrothorn
|-unboost|p1a: Scizor|atk|1
|-unboost|p1a: Scizor|def|1
|faint|p2a: Ferrothorn
|
|-weather|Sandstorm|[upkeep]
|upkeep
|
|switch|p2a: Politoed|Politoed, M|28/100
|-damage|p2a: Politoed|15/100|[from] Stealth Rock
|-damage|p2a: Politoed|0 fnt|[from] Spikes
|faint|p2a: Politoed
|
|switch|p2a: Jellicent|Jellicent, M|88/100 par
|-damage|p2a: Jellicent|63/100 par|[from] Spikes
|-damage|p2a: Jellicent|51/100 par|[from] Stealth Rock
|turn|26
|
|switch|p1a: Latios|Latios, M, shiny|82/100
|-damage|p1a: Latios|70/100|[from] Stealth Rock
|move|p2a: Jellicent|Recover|p2a: Jellicent
|-heal|p2a: Jellicent|100/100 par
|
|-weather|Sandstorm|[upkeep]
|-damage|p1a: Latios|64/100|[from] Sandstorm
|-damage|p2a: Jellicent|94/100 par|[from] Sandstorm
|-heal|p2a: Jellicent|100/100 par|[from] item: Leftovers
|upkeep
|turn|27
|
|move|p1a: Latios|Trick|p2a: Jellicent
|-activate|p1a: Latios|move: Trick|[of] p2a: Jellicent
|-item|p2a: Jellicent|Choice Specs|[from] move: Trick
|-item|p1a: Latios|Leftovers|[from] move: Trick
|move|p2a: Jellicent|Recover||[still]
|-fail|p2a: Jellicent|heal
|
|-weather|Sandstorm|[upkeep]
|-damage|p1a: Latios|58/100|[from] Sandstorm
|-damage|p2a: Jellicent|94/100 par|[from] Sandstorm
|-heal|p1a: Latios|64/100|[from] item: Leftovers
|upkeep
|turn|28
|
|move|p1a: Latios|Psyshock|p2a: Jellicent
|-damage|p2a: Jellicent|62/100 par
|move|p2a: Jellicent|Recover|p2a: Jellicent
|-heal|p2a: Jellicent|100/100 par
|
|-weather|Sandstorm|[upkeep]
|-damage|p1a: Latios|58/100|[from] Sandstorm
|-damage|p2a: Jellicent|94/100 par|[from] Sandstorm
|-heal|p1a: Latios|64/100|[from] item: Leftovers
|upkeep
|turn|29
|
|move|p1a: Latios|Psyshock|p2a: Jellicent
|-damage|p2a: Jellicent|61/100 par
|move|p2a: Jellicent|Recover|p2a: Jellicent
|-heal|p2a: Jellicent|100/100 par
|
|-weather|Sandstorm|[upkeep]
|-damage|p1a: Latios|58/100|[from] Sandstorm
|-damage|p2a: Jellicent|94/100 par|[from] Sandstorm
|-heal|p1a: Latios|64/100|[from] item: Leftovers
|upkeep
|turn|30
|
|move|p1a: Latios|Psyshock|p2a: Jellicent
|-damage|p2a: Jellicent|63/100 par
|move|p2a: Jellicent|Recover|p2a: Jellicent
|-heal|p2a: Jellicent|100/100 par
|
|-weather|Sandstorm|[upkeep]
|-damage|p1a: Latios|58/100|[from] Sandstorm
|-damage|p2a: Jellicent|94/100 par|[from] Sandstorm
|-heal|p1a: Latios|64/100|[from] item: Leftovers
|upkeep
|turn|31
|
|move|p1a: Latios|Psyshock|p2a: Jellicent
|-damage|p2a: Jellicent|63/100 par
|cant|p2a: Jellicent|par
|
|-weather|Sandstorm|[upkeep]
|-damage|p1a: Latios|58/100|[from] Sandstorm
|-damage|p2a: Jellicent|57/100 par|[from] Sandstorm
|-heal|p1a: Latios|64/100|[from] item: Leftovers
|upkeep
|turn|32
|
|move|p1a: Latios|Psyshock|p2a: Jellicent
|-damage|p2a: Jellicent|22/100 par
|move|p2a: Jellicent|Recover|p2a: Jellicent
|-heal|p2a: Jellicent|72/100 par
|
|-weather|Sandstorm|[upkeep]
|-damage|p1a: Latios|58/100|[from] Sandstorm
|-damage|p2a: Jellicent|66/100 par|[from] Sandstorm
|-heal|p1a: Latios|64/100|[from] item: Leftovers
|upkeep
|turn|33
|
|move|p1a: Latios|Psyshock|p2a: Jellicent
|-damage|p2a: Jellicent|35/100 par
|move|p2a: Jellicent|Recover|p2a: Jellicent
|-heal|p2a: Jellicent|86/100 par
|
|-weather|Sandstorm|[upkeep]
|-damage|p1a: Latios|58/100|[from] Sandstorm
|-damage|p2a: Jellicent|79/100 par|[from] Sandstorm
|-heal|p1a: Latios|64/100|[from] item: Leftovers
|upkeep
|turn|34
|
|move|p1a: Latios|Psyshock|p2a: Jellicent
|-damage|p2a: Jellicent|47/100 par
|move|p2a: Jellicent|Recover|p2a: Jellicent
|-heal|p2a: Jellicent|98/100 par
|
|-weather|Sandstorm|[upkeep]
|-damage|p1a: Latios|58/100|[from] Sandstorm
|-damage|p2a: Jellicent|91/100 par|[from] Sandstorm
|-heal|p1a: Latios|64/100|[from] item: Leftovers
|upkeep
|turn|35
|
|move|p1a: Latios|Psyshock|p2a: Jellicent
|-damage|p2a: Jellicent|61/100 par
|move|p2a: Jellicent|Recover|p2a: Jellicent
|-heal|p2a: Jellicent|100/100 par
|
|-weather|Sandstorm|[upkeep]
|-damage|p1a: Latios|58/100|[from] Sandstorm
|-damage|p2a: Jellicent|94/100 par|[from] Sandstorm
|-heal|p1a: Latios|64/100|[from] item: Leftovers
|upkeep
|turn|36
|
|move|p1a: Latios|Psyshock|p2a: Jellicent
|-damage|p2a: Jellicent|61/100 par
|move|p2a: Jellicent|Recover|p2a: Jellicent
|-heal|p2a: Jellicent|100/100 par
|
|-weather|Sandstorm|[upkeep]
|-damage|p1a: Latios|58/100|[from] Sandstorm
|-damage|p2a: Jellicent|94/100 par|[from] Sandstorm
|-heal|p1a: Latios|64/100|[from] item: Leftovers
|upkeep
|turn|37
|
|move|p1a: Latios|Psyshock|p2a: Jellicent
|-damage|p2a: Jellicent|61/100 par
|cant|p2a: Jellicent|par
|
|-weather|Sandstorm|[upkeep]
|-damage|p1a: Latios|58/100|[from] Sandstorm
|-damage|p2a: Jellicent|55/100 par|[from] Sandstorm
|-heal|p1a: Latios|64/100|[from] item: Leftovers
|upkeep
|turn|38
|
|move|p1a: Latios|Surf|p2a: Jellicent
|-heal|p2a: Jellicent|79/100 par|[from] ability: Water Absorb|[of] p1a: Latios
|cant|p2a: Jellicent|par
|
|-weather|Sandstorm|[upkeep]
|-damage|p1a: Latios|58/100|[from] Sandstorm
|-damage|p2a: Jellicent|73/100 par|[from] Sandstorm
|-heal|p1a: Latios|64/100|[from] item: Leftovers
|upkeep
|turn|39
|
|switch|p2a: Tornadus|Tornadus, M|100/100
|-damage|p2a: Tornadus|76/100|[from] Stealth Rock
|move|p1a: Latios|Psyshock|p2a: Tornadus
|-damage|p2a: Tornadus|12/100
|
|-weather|Sandstorm|[upkeep]
|-damage|p2a: Tornadus|6/100|[from] Sandstorm
|-damage|p1a: Latios|58/100|[from] Sandstorm
|-heal|p1a: Latios|64/100|[from] item: Leftovers
|upkeep
|turn|40
|
|switch|p1a: Scizor|Scizor, M|51/100
|-damage|p1a: Scizor|26/100|[from] Spikes
|-damage|p1a: Scizor|14/100|[from] Stealth Rock
|move|p2a: Tornadus|Air Slash|p1a: Scizor
|-damage|p1a: Scizor|0 fnt
|faint|p1a: Scizor
|
|-weather|Sandstorm|[upkeep]
|-damage|p2a: Tornadus|0 fnt|[from] Sandstorm
|faint|p2a: Tornadus
|upkeep
|
|switch|p2a: Jellicent|Jellicent, M|73/100 par
|switch|p1a: Latios|Latios, M, shiny|64/100
|-damage|p1a: Latios|52/100|[from] Stealth Rock
|-damage|p2a: Jellicent|48/100 par|[from] Spikes
|-damage|p2a: Jellicent|36/100 par|[from] Stealth Rock
|turn|41
|
|move|p1a: Latios|Psyshock|p2a: Jellicent
|-damage|p2a: Jellicent|5/100 par
|move|p2a: Jellicent|Scald|p1a: Latios
|-resisted|p1a: Latios
|-damage|p1a: Latios|33/100
|
|-weather|Sandstorm|[upkeep]
|-damage|p1a: Latios|27/100|[from] Sandstorm
|-damage|p2a: Jellicent|0 fnt|[from] Sandstorm
|faint|p2a: Jellicent
|
|win|blackkaiser
|upkeep
|raw|blackkaiser's rating: 1459 &rarr; <strong>1473</strong><br />(+14 for winning)
|raw|Wvwhwhwwhhw's rating: 1363 &rarr; <strong>1348</strong><br />(-15 for losing)
|l|☆Wvwhwhwwhhw
