|uhtml|medal-msg|<div class="broadcast-blue">Curious what those medals under the avatar are? PS now has Ladder Seasons! For more information, check out the <a href="https://www.smogon.com/forums/threads/3740067/">thread on Smogon.</a></div>
|uhtml|medal-msg|<div class="broadcast-blue">Curious what those medals under the avatar are? PS now has Ladder Seasons! For more information, check out the <a href="https://www.smogon.com/forums/threads/3740067/">thread on Smogon.</a></div>
|j|☆snof2
|j|☆brisingr14
|t:|1713216306
|gametype|singles
|player|p1|snof2|1|1450
|player|p2|brisingr14|red|1497
|teamsize|p1|6
|teamsize|p2|6
|gen|5
|tier|[Gen 5] OU
|rated|
|rule|Species Clause: Limit one of each Pokémon
|rule|OHKO Clause: OHKO moves are banned
|rule|Moody Clause: Moody is banned
|rule|Evasion Items Clause: Evasion items are banned
|rule|Evasion Moves Clause: Evasion moves are banned
|rule|Endless Battle Clause: Forcing endless battles is banned
|rule|HP Percentage Mod: HP is shown in percentages
|rule|Evasion Abilities Clause: Evasion abilities are banned
|rule|Sleep Moves Clause: Sleep-inducing moves are banned
|rule|Swagger Clause: Swagger is banned
|rule|Baton Pass Stat Clause: No Baton Passer may have a way to boost its stats
|clearpoke
|poke|p1|Politoed, M|item
|poke|p1|Ferrothorn, F|item
|poke|p1|Thundurus-Therian, M|item
|poke|p1|Latios, M|item
|poke|p1|Gengar, M|item
|poke|p1|Keldeo|item
|poke|p2|Togekiss, M|item
|poke|p2|Jirachi|item
|poke|p2|Dragonite, F|item
|poke|p2|Cloyster, F|item
|poke|p2|Kyurem-Black|item
|poke|p2|Machamp, F|item
|teampreview
|inactive|Battle timer is ON: inactive players will automatically lose when time's up. (requested by brisingr14)
|c|☆brisingr14|Gl
|j| 1nc4rn4t3
|c|☆snof2|u2
|
|t:|1713216320
|start
|switch|p1a: Politoed|Politoed, M|100/100
|switch|p2a: Lil man|Jirachi|100/100
|-weather|RainDance|[from] ability: Drizzle|[of] p1a: Politoed
|turn|1
|
|t:|1713216336
|move|p2a: Lil man|Substitute|p2a: Lil man
|-start|p2a: Lil man|Substitute
|-damage|p2a: Lil man|75/100
|move|p1a: Politoed|Encore|p2a: Lil man
|-start|p2a: Lil man|Encore
|
|-weather|RainDance|[upkeep]
|-heal|p2a: Lil man|82/100|[from] item: Leftovers
|upkeep
|turn|2
|
|t:|1713216343
|switch|p1a: Thundurus|Thundurus-Therian, M|100/100
|move|p2a: Lil man|Substitute|p2a: Lil man
|-fail|p2a: Lil man|move: Substitute
|
|-weather|RainDance|[upkeep]
|-heal|p2a: Lil man|88/100|[from] item: Leftovers
|upkeep
|turn|3
|
|t:|1713216346
|move|p2a: Lil man|Substitute|p2a: Lil man
|-fail|p2a: Lil man|move: Substitute
|move|p1a: Thundurus|Substitute|p1a: Thundurus
|-start|p1a: Thundurus|Substitute
|-damage|p1a: Thundurus|76/100
|
|-weather|RainDance|[upkeep]
|-heal|p2a: Lil man|94/100|[from] item: Leftovers
|-heal|p1a: Thundurus|82/100|[from] item: Leftovers
|upkeep
|turn|4
|
|t:|1713216349
|move|p2a: Lil man|Substitute|p2a: Lil man
|-fail|p2a: Lil man|move: Substitute
|move|p1a: Thundurus|Thunder|p2a: Lil man
|-end|p2a: Lil man|Substitute
|
|-weather|RainDance|[upkeep]
|-heal|p2a: Lil man|99/100|[from] item: Leftovers
|-heal|p1a: Thundurus|88/100|[from] item: Leftovers
|-end|p2a: Lil man|Encore
|upkeep
|turn|5
|
|t:|1713216352
|move|p2a: Lil man|Hidden Power|p1a: Thundurus
|-supereffective|p1a: Thundurus
|-end|p1a: Thundurus|Substitute
|move|p1a: Thundurus|Thunder|p2a: Lil man
|-damage|p2a: Lil man|49/100
|
|-weather|RainDance|[upkeep]
|-heal|p2a: Lil man|55/100|[from] item: Leftovers
|-heal|p1a: Thundurus|94/100|[from] item: Leftovers
|upkeep
|turn|6
|
|t:|1713216358
|move|p2a: Lil man|Hidden Power|p1a: Thundurus
|-supereffective|p1a: Thundurus
|-damage|p1a: Thundurus|51/100
|move|p1a: Thundurus|Thunder|p2a: Lil man
|-damage|p2a: Lil man|2/100
|-status|p2a: Lil man|par
|
|-weather|RainDance|[upkeep]
|-heal|p1a: Thundurus|57/100|[from] item: Leftovers
|-heal|p2a: Lil man|8/100 par|[from] item: Leftovers
|upkeep
|turn|7
|
|t:|1713216364
|move|p1a: Thundurus|Thunder|p2a: Lil man
|-damage|p2a: Lil man|0 fnt
|faint|p2a: Lil man
|
|-weather|RainDance|[upkeep]
|-heal|p1a: Thundurus|63/100|[from] item: Leftovers
|upkeep
|
|t:|1713216370
|switch|p2a: God|Kyurem-Black, shiny|100/100
|-ability|p2a: God|Teravolt
|turn|8
|
|t:|1713216377
|switch|p1a: Ferrothorn|Ferrothorn, F|100/100
|move|p2a: God|Ice Beam|p1a: Ferrothorn
|-damage|p1a: Ferrothorn|76/100
|
|-weather|RainDance|[upkeep]
|-heal|p1a: Ferrothorn|83/100|[from] item: Leftovers
|upkeep
|turn|9
|
|t:|1713216381
|switch|p2a: King|Machamp, F, shiny|100/100
|move|p1a: Ferrothorn|Stealth Rock|p2a: King
|-sidestart|p2: brisingr14|move: Stealth Rock
|
|-weather|RainDance|[upkeep]
|-heal|p1a: Ferrothorn|89/100|[from] item: Leftovers
|upkeep
|turn|10
|
|t:|1713216388
|switch|p1a: Gengar|Gengar, M|100/100
|move|p2a: King|Dynamic Punch|p1a: Gengar
|-immune|p1a: Gengar
|
|-weather|RainDance|[upkeep]
|upkeep
|turn|11
|
|t:|1713216393
|switch|p2a: Cheese|Togekiss, M, shiny|100/100
|-damage|p2a: Cheese|76/100|[from] Stealth Rock
|move|p1a: Gengar|Substitute|p1a: Gengar
|-start|p1a: Gengar|Substitute
|-damage|p1a: Gengar|76/100
|
|-weather|RainDance|[upkeep]
|-heal|p1a: Gengar|82/100|[from] item: Black Sludge
|-heal|p2a: Cheese|82/100|[from] item: Leftovers
|upkeep
|turn|12
|
|t:|1713216396
|move|p1a: Gengar|Will-O-Wisp|p2a: Cheese
|-status|p2a: Cheese|brn
|move|p2a: Cheese|Air Slash|p1a: Gengar
|-end|p1a: Gengar|Substitute
|
|-weather|RainDance|[upkeep]
|-heal|p1a: Gengar|88/100|[from] item: Black Sludge
|-heal|p2a: Cheese|88/100 brn|[from] item: Leftovers
|-damage|p2a: Cheese|76/100 brn|[from] brn
|upkeep
|turn|13
|
|t:|1713216401
|switch|p1a: Politoed|Politoed, M|100/100
|move|p2a: Cheese|Air Slash|p1a: Politoed
|-damage|p1a: Politoed|73/100
|
|-weather|RainDance|[upkeep]
|-heal|p2a: Cheese|82/100 brn|[from] item: Leftovers
|-heal|p1a: Politoed|79/100|[from] item: Leftovers
|-damage|p2a: Cheese|69/100 brn|[from] brn
|upkeep
|turn|14
|
|t:|1713216406
|move|p1a: Politoed|Protect|p1a: Politoed
|-singleturn|p1a: Politoed|Protect
|move|p2a: Cheese|Thunder Wave|p1a: Politoed
|-activate|p1a: Politoed|move: Protect
|
|-weather|RainDance|[upkeep]
|-heal|p2a: Cheese|76/100 brn|[from] item: Leftovers
|-heal|p1a: Politoed|86/100|[from] item: Leftovers
|-damage|p2a: Cheese|63/100 brn|[from] brn
|upkeep
|turn|15
|
|t:|1713216409
|move|p2a: Cheese|Air Slash|p1a: Politoed
|-damage|p1a: Politoed|58/100
|cant|p1a: Politoed|flinch
|
|-weather|RainDance|[upkeep]
|-heal|p2a: Cheese|69/100 brn|[from] item: Leftovers
|-heal|p1a: Politoed|64/100|[from] item: Leftovers
|-damage|p2a: Cheese|57/100 brn|[from] brn
|upkeep
|turn|16
|
|t:|1713216414
|move|p1a: Politoed|Protect|p1a: Politoed
|-singleturn|p1a: Politoed|Protect
|move|p2a: Cheese|Air Slash|p1a: Politoed
|-activate|p1a: Politoed|move: Protect
|
|-weather|RainDance|[upkeep]
|-heal|p2a: Cheese|63/100 brn|[from] item: Leftovers
|-heal|p1a: Politoed|70/100|[from] item: Leftovers
|-damage|p2a: Cheese|51/100 brn|[from] brn
|upkeep
|turn|17
|
|t:|1713216416
|move|p2a: Cheese|Roost|p2a: Cheese
|-heal|p2a: Cheese|100/100 brn
|-singleturn|p2a: Cheese|move: Roost
|move|p1a: Politoed|Encore|p2a: Cheese
|-start|p2a: Cheese|Encore
|
|-weather|RainDance|[upkeep]
|-heal|p1a: Politoed|76/100|[from] item: Leftovers
|-damage|p2a: Cheese|88/100 brn|[from] brn
|upkeep
|turn|18
|
|t:|1713216422
|switch|p2a: King|Machamp, F, shiny|100/100
|-damage|p2a: King|94/100|[from] Stealth Rock
|switch|p1a: Thundurus|Thundurus-Therian, M|63/100
|
|-weather|RainDance|[upkeep]
|-heal|p1a: Thundurus|69/100|[from] item: Leftovers
|upkeep
|turn|19
|
|t:|1713216443
|move|p1a: Thundurus|Thunder|p2a: King
|-damage|p2a: King|22/100
|-status|p2a: King|par
|move|p2a: King|Stone Edge|p1a: Thundurus
|-supereffective|p1a: Thundurus
|-damage|p1a: Thundurus|0 fnt
|faint|p1a: Thundurus
|
|-weather|RainDance|[upkeep]
|upkeep
|
|t:|1713216454
|switch|p1a: Politoed|Politoed, M|76/100
|turn|20
|
|t:|1713216456
|move|p1a: Politoed|Scald|p2a: King
|-damage|p2a: King|0 fnt
|faint|p2a: King
|
|-weather|RainDance|[upkeep]
|-heal|p1a: Politoed|83/100|[from] item: Leftovers
|upkeep
|
|t:|1713216459
|switch|p2a: Cheese|Togekiss, M, shiny|88/100 brn
|-damage|p2a: Cheese|63/100 brn|[from] Stealth Rock
|turn|21
|
|t:|1713216465
|move|p2a: Cheese|Thunder Wave|p1a: Politoed
|-status|p1a: Politoed|par
|move|p1a: Politoed|Encore|p2a: Cheese
|-start|p2a: Cheese|Encore
|
|-weather|RainDance|[upkeep]
|-heal|p2a: Cheese|69/100 brn|[from] item: Leftovers
|-heal|p1a: Politoed|89/100 par|[from] item: Leftovers
|-damage|p2a: Cheese|57/100 brn|[from] brn
|upkeep
|turn|22
|
|t:|1713216473
|move|p2a: Cheese|Thunder Wave|p1a: Politoed
|-fail|p1a: Politoed|par
|move|p1a: Politoed|Scald|p2a: Cheese
|-damage|p2a: Cheese|26/100 brn
|
|-weather|RainDance|[upkeep]
|-heal|p2a: Cheese|32/100 brn|[from] item: Leftovers
|-heal|p1a: Politoed|95/100 par|[from] item: Leftovers
|-damage|p2a: Cheese|20/100 brn|[from] brn
|upkeep
|turn|23
|
|t:|1713216478
|move|p2a: Cheese|Thunder Wave|p1a: Politoed
|-fail|p1a: Politoed|par
|cant|p1a: Politoed|par
|
|-weather|RainDance|[upkeep]
|-heal|p2a: Cheese|26/100 brn|[from] item: Leftovers
|-heal|p1a: Politoed|100/100 par|[from] item: Leftovers
|-damage|p2a: Cheese|13/100 brn|[from] brn
|upkeep
|turn|24
|
|t:|1713216481
|move|p2a: Cheese|Thunder Wave|p1a: Politoed
|-fail|p1a: Politoed|par
|move|p1a: Politoed|Scald|p2a: Cheese
|-damage|p2a: Cheese|0 fnt
|faint|p2a: Cheese
|
|-weather|RainDance|[upkeep]
|upkeep
|
|t:|1713216486
|switch|p2a: God|Kyurem-Black, shiny|100/100
|-damage|p2a: God|76/100|[from] Stealth Rock
|-ability|p2a: God|Teravolt
|turn|25
|
|t:|1713216489
|move|p2a: God|Fusion Bolt|p1a: Politoed
|-supereffective|p1a: Politoed
|-damage|p1a: Politoed|24/100 par
|move|p1a: Politoed|Encore|p2a: God
|-start|p2a: God|Encore
|
|-weather|RainDance|[upkeep]
|-heal|p1a: Politoed|30/100 par|[from] item: Leftovers
|upkeep
|turn|26
|
|t:|1713216494
|switch|p1a: Ferrothorn|Ferrothorn, F|89/100
|move|p2a: God|Fusion Bolt|p1a: Ferrothorn
|-resisted|p1a: Ferrothorn
|-damage|p1a: Ferrothorn|71/100
|
|-weather|RainDance|[upkeep]
|-heal|p1a: Ferrothorn|77/100|[from] item: Leftovers
|upkeep
|turn|27
|
|t:|1713216497
|switch|p2a: IceMan|Dragonite, F, shiny|100/100
|-damage|p2a: IceMan|76/100|[from] Stealth Rock
|move|p1a: Ferrothorn|Leech Seed|p2a: IceMan|[miss]
|-miss|p1a: Ferrothorn|p2a: IceMan
|
|-weather|RainDance|[upkeep]
|-heal|p1a: Ferrothorn|83/100|[from] item: Leftovers
|upkeep
|turn|28
|
|t:|1713216503
|move|p2a: IceMan|Dragon Dance|p2a: IceMan
|-boost|p2a: IceMan|atk|1
|-boost|p2a: IceMan|spe|1
|move|p1a: Ferrothorn|Leech Seed|p2a: IceMan
|-start|p2a: IceMan|move: Leech Seed
|
|-weather|RainDance|[upkeep]
|-heal|p1a: Ferrothorn|89/100|[from] item: Leftovers
|-damage|p2a: IceMan|63/100|[from] Leech Seed|[of] p1a: Ferrothorn
|-heal|p1a: Ferrothorn|100/100|[silent]
|upkeep
|turn|29
|
|t:|1713216509
|move|p2a: IceMan|Earthquake|p1a: Ferrothorn
|-damage|p1a: Ferrothorn|60/100
|move|p1a: Ferrothorn|Spikes|p2a: IceMan
|-sidestart|p2: brisingr14|Spikes
|
|-weather|RainDance|[upkeep]
|-heal|p1a: Ferrothorn|66/100|[from] item: Leftovers
|-damage|p2a: IceMan|51/100|[from] Leech Seed|[of] p1a: Ferrothorn
|-heal|p1a: Ferrothorn|77/100|[silent]
|upkeep
|turn|30
|
|t:|1713216514
|move|p2a: IceMan|Earthquake|p1a: Ferrothorn
|-damage|p1a: Ferrothorn|35/100
|move|p1a: Ferrothorn|Power Whip|p2a: IceMan
|-resisted|p2a: IceMan
|-damage|p2a: IceMan|41/100
|
|-weather|RainDance|[upkeep]
|-heal|p1a: Ferrothorn|42/100|[from] item: Leftovers
|-damage|p2a: IceMan|28/100|[from] Leech Seed|[of] p1a: Ferrothorn
|-heal|p1a: Ferrothorn|53/100|[silent]
|upkeep
|turn|31
|
|t:|1713216522
|move|p2a: IceMan|Earthquake|p1a: Ferrothorn
|-damage|p1a: Ferrothorn|6/100
|move|p1a: Ferrothorn|Spikes|p2a: IceMan
|-sidestart|p2: brisingr14|Spikes
|
|-weather|RainDance|[upkeep]
|-heal|p1a: Ferrothorn|12/100|[from] item: Leftovers
|-damage|p2a: IceMan|16/100|[from] Leech Seed|[of] p1a: Ferrothorn
|-heal|p1a: Ferrothorn|24/100|[silent]
|upkeep
|turn|32
|
|t:|1713216529
|switch|p1a: Gengar|Gengar, M|88/100
|move|p2a: IceMan|Earthquake|p1a: Gengar
|-immune|p1a: Gengar|[from] ability: Levitate
|
|-weather|RainDance|[upkeep]
|-heal|p1a: Gengar|94/100|[from] item: Black Sludge
|-damage|p2a: IceMan|4/100|[from] Leech Seed|[of] p1a: Gengar
|-heal|p1a: Gengar|100/100|[silent]
|upkeep
|turn|33
|
|t:|1713216534
|switch|p1a: Ferrothorn|Ferrothorn, F|24/100
|move|p2a: IceMan|Outrage|p1a: Ferrothorn
|-resisted|p1a: Ferrothorn
|-crit|p1a: Ferrothorn
|-damage|p1a: Ferrothorn|0 fnt
|-damage|p2a: IceMan|0 fnt|[from] ability: Iron Barbs|[of] p1a: Ferrothorn
|faint|p2a: IceMan
|faint|p1a: Ferrothorn
|
|-weather|RainDance|[upkeep]
|upkeep
|
|t:|1713216540
|switch|p2a: God|Kyurem-Black, shiny|76/100
|switch|p1a: Keldeo|Keldeo|100/100
|-damage|p2a: God|51/100|[from] Stealth Rock
|-damage|p2a: God|34/100|[from] Spikes
|-ability|p2a: God|Teravolt
|turn|34
|
|t:|1713216546
|move|p1a: Keldeo|Secret Sword|p2a: God
|-supereffective|p2a: God
|-damage|p2a: God|0 fnt
|faint|p2a: God
|
|-weather|RainDance|[upkeep]
|upkeep
|
|t:|1713216548
|switch|p2a: The Clussy|Cloyster, F, shiny|100/100
|-damage|p2a: The Clussy|76/100|[from] Stealth Rock
|-damage|p2a: The Clussy|59/100|[from] Spikes
|turn|35
|
|t:|1713216551
|move|p1a: Keldeo|Secret Sword|p2a: The Clussy
|-supereffective|p2a: The Clussy
|-damage|p2a: The Clussy|0 fnt
|faint|p2a: The Clussy
|
|win|snof2
|raw|snof2's rating: 1450 &rarr; <strong>1473</strong><br />(+23 for winning)
|raw|brisingr14's rating: 1497 &rarr; <strong>1474</strong><br />(-23 for losing)
|c|☆snof2|gg
|c|☆brisingr14|Gg
