|j|☆blue in unova
|j|☆ImaginewasTaken
|t:|1724511311
|gametype|singles
|player|p1|blue in unova|dawn-gen4pt|1466
|player|p2|ImaginewasTaken|n|1343
|teamsize|p1|6
|teamsize|p2|6
|gen|5
|tier|[Gen 5] OU
|rated|
|rule|Species Clause: Limit one of each Pokémon
|rule|OHKO Clause: OHKO moves are banned
|rule|Moody Clause: Moody is banned
|rule|Evasion Items Clause: Evasion items are banned
|rule|Evasion Moves Clause: Evasion moves are banned
|rule|Endless Battle Clause: Forcing endless battles is banned
|rule|HP Percentage Mod: HP is shown in percentages
|rule|Evasion Abilities Clause: Evasion abilities are banned
|rule|Sleep Moves Clause: Sleep-inducing moves are banned
|rule|Swagger Clause: Swagger is banned
|rule|Baton Pass Stat Clause: No Baton Passer may have a way to boost its stats
|clearpoke
|poke|p1|Jellicent, F|item
|poke|p1|Jirachi|item
|poke|p1|Magnezone|item
|poke|p1|Garchomp, M|item
|poke|p1|Latios, M|item
|poke|p1|Terrakion|item
|poke|p2|Hippowdon, M|item
|poke|p2|Alakazam, M|item
|poke|p2|Breloom, F|item
|poke|p2|Ferrothorn, F|item
|poke|p2|Excadrill, F|item
|poke|p2|Gastrodon-East, M|item
|teampreview
|inactive|Battle timer is ON: inactive players will automatically lose when time's up. (requested by blue in unova)
|inactive|blue in unova has 120 seconds left.
|inactive|ImaginewasTaken has 120 seconds left.
|
|t:|1724511348
|start
|switch|p1a: Hidden Sapphire|Latios, M|100/100
|switch|p2a: East-Side|Gastrodon-East, M|100/100
|turn|1
|
|t:|1724511364
|move|p1a: Hidden Sapphire|Trick|p2a: East-Side
|-activate|p1a: Hidden Sapphire|move: Trick|[of] p2a: East-Side
|-item|p2a: East-Side|Choice Scarf|[from] move: Trick
|-item|p1a: Hidden Sapphire|Leftovers|[from] move: Trick
|move|p2a: East-Side|Ice Beam|p1a: Hidden Sapphire
|-supereffective|p1a: Hidden Sapphire
|-damage|p1a: Hidden Sapphire|57/100
|
|-heal|p1a: Hidden Sapphire|63/100|[from] item: Leftovers
|upkeep
|turn|2
|
|t:|1724511372
|switch|p2a: RIP freaky-chomp|Ferrothorn, F|100/100
|move|p1a: Hidden Sapphire|Roost|p1a: Hidden Sapphire
|-heal|p1a: Hidden Sapphire|100/100
|-singleturn|p1a: Hidden Sapphire|move: Roost
|
|upkeep
|turn|3
|
|t:|1724511375
|switch|p1a: Electro Time|Magnezone, shiny|100/100
|move|p2a: RIP freaky-chomp|Spikes|p1a: Electro Time
|-sidestart|p1: blue in unova|Spikes
|
|upkeep
|turn|4
|
|t:|1724511379
|move|p1a: Electro Time|Substitute|p1a: Electro Time
|-start|p1a: Electro Time|Substitute
|-damage|p1a: Electro Time|76/100
|move|p2a: RIP freaky-chomp|Leech Seed||[still]
|-fail|p2a: RIP freaky-chomp
|
|-heal|p1a: Electro Time|82/100|[from] item: Leftovers
|upkeep
|turn|5
|
|t:|1724511383
|move|p1a: Electro Time|Charge Beam|p2a: RIP freaky-chomp
|-resisted|p2a: RIP freaky-chomp
|-damage|p2a: RIP freaky-chomp|91/100
|-boost|p1a: Electro Time|spa|1
|move|p2a: RIP freaky-chomp|Gyro Ball|p1a: Electro Time
|-resisted|p1a: Electro Time
|-activate|p1a: Electro Time|Substitute|[damage]
|
|-heal|p1a: Electro Time|88/100|[from] item: Leftovers
|-heal|p2a: RIP freaky-chomp|97/100|[from] item: Leftovers
|upkeep
|turn|6
|c|☆ImaginewasTaken|woah
|c|☆ImaginewasTaken|woah
|c|☆ImaginewasTaken|woah
|c|☆ImaginewasTaken|wait
|c|☆blue in unova|Okay
|c|☆ImaginewasTaken|wht the freak
|c|☆ImaginewasTaken|who runs
|inactive|ImaginewasTaken has 120 seconds left.
|c|☆ImaginewasTaken|sub
|c|☆ImaginewasTaken|on drag mag
|c|☆blue in unova|Me
|
|t:|1724511433
|move|p1a: Electro Time|Charge Beam|p2a: RIP freaky-chomp
|-resisted|p2a: RIP freaky-chomp
|-damage|p2a: RIP freaky-chomp|83/100
|-boost|p1a: Electro Time|spa|1
|move|p2a: RIP freaky-chomp|Gyro Ball|p1a: Electro Time
|-resisted|p1a: Electro Time
|-end|p1a: Electro Time|Substitute
|
|-heal|p1a: Electro Time|94/100|[from] item: Leftovers
|-heal|p2a: RIP freaky-chomp|89/100|[from] item: Leftovers
|upkeep
|turn|7
|c|☆blue in unova|The Future TOP 10, Blue
|c|☆ImaginewasTaken|if I ask nicely
|inactive|ImaginewasTaken has 90 seconds left.
|c|☆ImaginewasTaken|can u withdraw ur mag?
|
|t:|1724511464
|move|p1a: Electro Time|Substitute|p1a: Electro Time
|-start|p1a: Electro Time|Substitute
|-damage|p1a: Electro Time|69/100
|move|p2a: RIP freaky-chomp|Gyro Ball|p1a: Electro Time
|-resisted|p1a: Electro Time
|-activate|p1a: Electro Time|Substitute|[damage]
|
|-heal|p1a: Electro Time|75/100|[from] item: Leftovers
|-heal|p2a: RIP freaky-chomp|95/100|[from] item: Leftovers
|upkeep
|turn|8
|
|t:|1724511468
|move|p1a: Electro Time|Charge Beam|p2a: RIP freaky-chomp
|-resisted|p2a: RIP freaky-chomp
|-damage|p2a: RIP freaky-chomp|75/100
|-boost|p1a: Electro Time|spa|1
|move|p2a: RIP freaky-chomp|Gyro Ball|p1a: Electro Time
|-resisted|p1a: Electro Time
|-crit|p1a: Electro Time
|-end|p1a: Electro Time|Substitute
|
|-heal|p1a: Electro Time|81/100|[from] item: Leftovers
|-heal|p2a: RIP freaky-chomp|81/100|[from] item: Leftovers
|upkeep
|turn|9
|
|t:|1724511472
|move|p1a: Electro Time|Substitute|p1a: Electro Time
|-start|p1a: Electro Time|Substitute
|-damage|p1a: Electro Time|56/100
|move|p2a: RIP freaky-chomp|Gyro Ball|p1a: Electro Time
|-resisted|p1a: Electro Time
|-crit|p1a: Electro Time
|-activate|p1a: Electro Time|Substitute|[damage]
|
|-heal|p1a: Electro Time|62/100|[from] item: Leftovers
|-heal|p2a: RIP freaky-chomp|87/100|[from] item: Leftovers
|upkeep
|turn|10
|
|t:|1724511474
|move|p1a: Electro Time|Charge Beam|p2a: RIP freaky-chomp
|-resisted|p2a: RIP freaky-chomp
|-damage|p2a: RIP freaky-chomp|64/100
|-boost|p1a: Electro Time|spa|1
|move|p2a: RIP freaky-chomp|Gyro Ball|p1a: Electro Time
|-resisted|p1a: Electro Time
|-end|p1a: Electro Time|Substitute
|
|-heal|p1a: Electro Time|68/100|[from] item: Leftovers
|-heal|p2a: RIP freaky-chomp|71/100|[from] item: Leftovers
|upkeep
|turn|11
|
|t:|1724511478
|move|p1a: Electro Time|Substitute|p1a: Electro Time
|-start|p1a: Electro Time|Substitute
|-damage|p1a: Electro Time|43/100
|move|p2a: RIP freaky-chomp|Gyro Ball|p1a: Electro Time
|-resisted|p1a: Electro Time
|-activate|p1a: Electro Time|Substitute|[damage]
|
|-heal|p1a: Electro Time|49/100|[from] item: Leftovers
|-heal|p2a: RIP freaky-chomp|77/100|[from] item: Leftovers
|upkeep
|turn|12
|
|t:|1724511501
|move|p1a: Electro Time|Charge Beam|p2a: RIP freaky-chomp
|-resisted|p2a: RIP freaky-chomp
|-damage|p2a: RIP freaky-chomp|50/100
|-boost|p1a: Electro Time|spa|1
|move|p2a: RIP freaky-chomp|Gyro Ball|p1a: Electro Time
|-resisted|p1a: Electro Time
|-end|p1a: Electro Time|Substitute
|
|-heal|p1a: Electro Time|55/100|[from] item: Leftovers
|-heal|p2a: RIP freaky-chomp|56/100|[from] item: Leftovers
|upkeep
|turn|13
|c|☆ImaginewasTaken|bro
|c|☆ImaginewasTaken|this is
|c|☆ImaginewasTaken|whack
|inactive|blue in unova has 120 seconds left.
|
|t:|1724511528
|move|p1a: Electro Time|Substitute|p1a: Electro Time
|-start|p1a: Electro Time|Substitute
|-damage|p1a: Electro Time|30/100
|move|p2a: RIP freaky-chomp|Leech Seed||[still]
|-fail|p2a: RIP freaky-chomp
|
|-heal|p1a: Electro Time|36/100|[from] item: Leftovers
|-heal|p2a: RIP freaky-chomp|62/100|[from] item: Leftovers
|upkeep
|turn|14
|j| My name is Blaise
|
|t:|1724511533
|move|p1a: Electro Time|Charge Beam|p2a: RIP freaky-chomp
|-resisted|p2a: RIP freaky-chomp
|-damage|p2a: RIP freaky-chomp|27/100
|-boost|p1a: Electro Time|spa|1
|move|p2a: RIP freaky-chomp|Spikes|p1a: Electro Time
|-sidestart|p1: blue in unova|Spikes
|
|-heal|p1a: Electro Time|42/100|[from] item: Leftovers
|-heal|p2a: RIP freaky-chomp|33/100|[from] item: Leftovers
|upkeep
|turn|15
|inactive|blue in unova has 120 seconds left.
|inactive|blue in unova has 90 seconds left.
|
|t:|1724511578
|move|p2a: RIP freaky-chomp|Protect|p2a: RIP freaky-chomp
|-singleturn|p2a: RIP freaky-chomp|Protect
|move|p1a: Electro Time|Charge Beam|p2a: RIP freaky-chomp
|-activate|p2a: RIP freaky-chomp|move: Protect
|
|-heal|p1a: Electro Time|49/100|[from] item: Leftovers
|-heal|p2a: RIP freaky-chomp|40/100|[from] item: Leftovers
|upkeep
|turn|16
|
|t:|1724511585
|move|p1a: Electro Time|Charge Beam|p2a: RIP freaky-chomp
|-resisted|p2a: RIP freaky-chomp
|-damage|p2a: RIP freaky-chomp|4/100
|move|p2a: RIP freaky-chomp|Spikes|p1a: Electro Time
|-sidestart|p1: blue in unova|Spikes
|
|-heal|p1a: Electro Time|55/100|[from] item: Leftovers
|-heal|p2a: RIP freaky-chomp|10/100|[from] item: Leftovers
|upkeep
|turn|17
|
|t:|1724511590
|move|p1a: Electro Time|Substitute|p1a: Electro Time
|-fail|p1a: Electro Time|move: Substitute
|move|p2a: RIP freaky-chomp|Leech Seed||[still]
|-fail|p2a: RIP freaky-chomp
|
|-heal|p1a: Electro Time|61/100|[from] item: Leftovers
|-heal|p2a: RIP freaky-chomp|16/100|[from] item: Leftovers
|upkeep
|turn|18
|c|☆ImaginewasTaken|you cant
|c|☆ImaginewasTaken|do this
|
|t:|1724511602
|move|p1a: Electro Time|Charge Beam|p2a: RIP freaky-chomp
|-resisted|p2a: RIP freaky-chomp
|-damage|p2a: RIP freaky-chomp|0 fnt
|faint|p2a: RIP freaky-chomp
|
|-heal|p1a: Electro Time|67/100|[from] item: Leftovers
|upkeep
|c|☆blue in unova|Sorry Missclik
|c|☆ImaginewasTaken|that wouldve been
|c|☆ImaginewasTaken|mild
|c|☆ImaginewasTaken|wild
|c|☆ImaginewasTaken|honestly
|c|☆ImaginewasTaken|never seen that one before
|inactive|ImaginewasTaken has 120 seconds left.
|c|☆ImaginewasTaken|thats so creative
|
|t:|1724511641
|switch|p2a: P.O.W.|Hippowdon, M|100/100
|-weather|Sandstorm|[from] ability: Sand Stream|[of] p2a: P.O.W.
|turn|19
|inactive|blue in unova has 120 seconds left.
|inactive|ImaginewasTaken has 90 seconds left.
|inactive|blue in unova has 90 seconds left.
|inactive|blue in unova has 60 seconds left.
|inactive|blue in unova has 30 seconds left.
|
|t:|1724511742
|move|p1a: Electro Time|Hidden Power|p2a: P.O.W.
|-supereffective|p2a: P.O.W.
|-damage|p2a: P.O.W.|0 fnt
|faint|p2a: P.O.W.
|
|-weather|Sandstorm|[upkeep]
|-heal|p1a: Electro Time|73/100|[from] item: Leftovers
|upkeep
|
|t:|1724511755
|switch|p2a: East-Side|Gastrodon-East, M|100/100
|turn|20
|
|t:|1724511759
|move|p1a: Electro Time|Hidden Power|p2a: East-Side
|-damage|p2a: East-Side|9/100
|move|p2a: East-Side|Scald|p1a: Electro Time
|-end|p1a: Electro Time|Substitute
|
|-weather|Sandstorm|[upkeep]
|-heal|p1a: Electro Time|79/100|[from] item: Leftovers
|upkeep
|turn|21
|
|t:|1724511765
|move|p1a: Electro Time|Hidden Power|p2a: East-Side
|-damage|p2a: East-Side|0 fnt
|faint|p2a: East-Side
|
|-weather|Sandstorm|[upkeep]
|-heal|p1a: Electro Time|85/100|[from] item: Leftovers
|upkeep
|
|t:|1724511772
|switch|p2a: OHKO|Excadrill, F|100/100
|turn|22
|
|t:|1724511777
|move|p2a: OHKO|Earthquake|p1a: Electro Time
|-supereffective|p1a: Electro Time
|-damage|p1a: Electro Time|0 fnt
|faint|p1a: Electro Time
|
|-weather|Sandstorm|[upkeep]
|upkeep
|inactive|blue in unova has 60 seconds left.
|
|t:|1724511792
|switch|p1a: *Piano Theme*|Garchomp, M, shiny|100/100
|-damage|p1a: *Piano Theme*|76/100|[from] Spikes
|turn|23
|
|t:|1724511795
|move|p1a: *Piano Theme*|Earthquake|p2a: OHKO
|-supereffective|p2a: OHKO
|-damage|p2a: OHKO|0 fnt
|faint|p2a: OHKO
|
|-weather|Sandstorm|[upkeep]
|upkeep
|
|t:|1724511800
|switch|p2a: MY GOAT RAAAHHHH|Breloom, F|100/100
|turn|24
|
|t:|1724511804
|move|p1a: *Piano Theme*|Earthquake|p2a: MY GOAT RAAAHHHH
|-resisted|p2a: MY GOAT RAAAHHHH
|-damage|p2a: MY GOAT RAAAHHHH|69/100
|move|p2a: MY GOAT RAAAHHHH|Swords Dance|p2a: MY GOAT RAAAHHHH
|-boost|p2a: MY GOAT RAAAHHHH|atk|2
|
|-weather|Sandstorm|[upkeep]
|-damage|p2a: MY GOAT RAAAHHHH|62/100|[from] Sandstorm
|-status|p2a: MY GOAT RAAAHHHH|tox|[from] item: Toxic Orb
|upkeep
|turn|25
|inactive|blue in unova has 90 seconds left.
|
|t:|1724511813
|move|p1a: *Piano Theme*|Earthquake|p2a: MY GOAT RAAAHHHH
|-resisted|p2a: MY GOAT RAAAHHHH
|-damage|p2a: MY GOAT RAAAHHHH|28/100 tox
|move|p2a: MY GOAT RAAAHHHH|Drain Punch|p1a: *Piano Theme*
|-damage|p1a: *Piano Theme*|8/100
|-heal|p2a: MY GOAT RAAAHHHH|65/100 tox|[from] drain|[of] p1a: *Piano Theme*
|-damage|p2a: MY GOAT RAAAHHHH|53/100 tox|[from] ability: Rough Skin|[of] p1a: *Piano Theme*
|
|-weather|Sandstorm|[upkeep]
|-damage|p2a: MY GOAT RAAAHHHH|47/100 tox|[from] Sandstorm
|-heal|p2a: MY GOAT RAAAHHHH|59/100 tox|[from] ability: Poison Heal
|upkeep
|turn|26
|
|t:|1724511818
|switch|p1a: Water Bubble|Jellicent, F|100/100
|-damage|p1a: Water Bubble|76/100|[from] Spikes
|move|p2a: MY GOAT RAAAHHHH|Protect||[still]
|-fail|p2a: MY GOAT RAAAHHHH
|
|-weather|Sandstorm|[upkeep]
|-damage|p2a: MY GOAT RAAAHHHH|53/100 tox|[from] Sandstorm
|-damage|p1a: Water Bubble|69/100|[from] Sandstorm
|-heal|p1a: Water Bubble|76/100|[from] item: Leftovers
|-heal|p2a: MY GOAT RAAAHHHH|65/100 tox|[from] ability: Poison Heal
|upkeep
|turn|27
|
|t:|1724511825
|move|p2a: MY GOAT RAAAHHHH|Protect|p2a: MY GOAT RAAAHHHH
|-singleturn|p2a: MY GOAT RAAAHHHH|Protect
|move|p1a: Water Bubble|Taunt|p2a: MY GOAT RAAAHHHH
|-activate|p2a: MY GOAT RAAAHHHH|move: Protect
|
|-weather|Sandstorm|[upkeep]
|-damage|p2a: MY GOAT RAAAHHHH|59/100 tox|[from] Sandstorm
|-damage|p1a: Water Bubble|69/100|[from] Sandstorm
|-heal|p1a: Water Bubble|76/100|[from] item: Leftovers
|-heal|p2a: MY GOAT RAAAHHHH|72/100 tox|[from] ability: Poison Heal
|upkeep
|turn|28
|
|t:|1724511837
|switch|p2a: Broom|Alakazam, M|100/100
|move|p1a: Water Bubble|Taunt|p2a: Broom
|-start|p2a: Broom|move: Taunt
|
|-weather|Sandstorm|[upkeep]
|-damage|p1a: Water Bubble|69/100|[from] Sandstorm
|-heal|p1a: Water Bubble|76/100|[from] item: Leftovers
|upkeep
|turn|29
|inactive|blue in unova has 120 seconds left.
|
|t:|1724511843
|move|p2a: Broom|Grass Knot|p1a: Water Bubble
|-supereffective|p1a: Water Bubble
|-damage|p1a: Water Bubble|25/100
|move|p1a: Water Bubble|Scald|p2a: Broom
|-damage|p2a: Broom|64/100
|
|-weather|Sandstorm|[upkeep]
|-damage|p1a: Water Bubble|18/100|[from] Sandstorm
|-heal|p1a: Water Bubble|25/100|[from] item: Leftovers
|upkeep
|turn|30
|
|t:|1724511848
|switch|p1a: *Piano Theme*|Garchomp, M, shiny|8/100
|-damage|p1a: *Piano Theme*|0 fnt|[from] Spikes
|faint|p1a: *Piano Theme*
|move|p2a: Broom|Grass Knot|p1: *Piano Theme*|[notarget]
|-fail|p2a: Broom
|
|-weather|Sandstorm|[upkeep]
|-end|p2a: Broom|move: Taunt
|upkeep
|
|t:|1724511853
|switch|p1a: Fan #1 of Jirachi|Jirachi|100/100
|-damage|p1a: Fan #1 of Jirachi|76/100|[from] Spikes
|turn|31
|
|t:|1724511858
|switch|p2a: MY GOAT RAAAHHHH|Breloom, F|72/100 tox
|move|p1a: Fan #1 of Jirachi|Icy Wind|p2a: MY GOAT RAAAHHHH
|-supereffective|p2a: MY GOAT RAAAHHHH
|-damage|p2a: MY GOAT RAAAHHHH|46/100 tox
|-unboost|p2a: MY GOAT RAAAHHHH|spe|1
|
|-weather|Sandstorm|[upkeep]
|-damage|p2a: MY GOAT RAAAHHHH|40/100 tox|[from] Sandstorm
|-heal|p1a: Fan #1 of Jirachi|82/100|[from] item: Leftovers
|-heal|p2a: MY GOAT RAAAHHHH|52/100 tox|[from] ability: Poison Heal
|upkeep
|turn|32
|
|t:|1724511868
|move|p1a: Fan #1 of Jirachi|Icy Wind|p2a: MY GOAT RAAAHHHH
|-supereffective|p2a: MY GOAT RAAAHHHH
|-damage|p2a: MY GOAT RAAAHHHH|27/100 tox
|-unboost|p2a: MY GOAT RAAAHHHH|spe|1
|move|p2a: MY GOAT RAAAHHHH|Swords Dance|p2a: MY GOAT RAAAHHHH
|-boost|p2a: MY GOAT RAAAHHHH|atk|2
|
|-weather|Sandstorm|[upkeep]
|-damage|p2a: MY GOAT RAAAHHHH|20/100 tox|[from] Sandstorm
|-heal|p1a: Fan #1 of Jirachi|88/100|[from] item: Leftovers
|-heal|p2a: MY GOAT RAAAHHHH|33/100 tox|[from] ability: Poison Heal
|upkeep
|turn|33
|
|t:|1724511873
|move|p1a: Fan #1 of Jirachi|Iron Head|p2a: MY GOAT RAAAHHHH
|-damage|p2a: MY GOAT RAAAHHHH|1/100 tox
|cant|p2a: MY GOAT RAAAHHHH|flinch
|
|-weather|Sandstorm|[upkeep]
|-damage|p2a: MY GOAT RAAAHHHH|0 fnt|[from] Sandstorm
|faint|p2a: MY GOAT RAAAHHHH
|-heal|p1a: Fan #1 of Jirachi|94/100|[from] item: Leftovers
|upkeep
|c|☆ImaginewasTaken|no
|c|☆ImaginewasTaken|argh
|c|☆ImaginewasTaken|g
|c|☆ImaginewasTaken|g
|
|t:|1724511888
|switch|p2a: Broom|Alakazam, M|64/100
|turn|34
|c|☆ImaginewasTaken|thought i might be able to pull it out
|
|t:|1724511898
|move|p2a: Broom|Hidden Power|p1a: Fan #1 of Jirachi
|-supereffective|p1a: Fan #1 of Jirachi
|-damage|p1a: Fan #1 of Jirachi|58/100
|move|p1a: Fan #1 of Jirachi|Icy Wind|p2a: Broom|[miss]
|-miss|p1a: Fan #1 of Jirachi|p2a: Broom
|
|-weather|Sandstorm|[upkeep]
|-heal|p1a: Fan #1 of Jirachi|64/100|[from] item: Leftovers
|upkeep
|turn|35
|
|t:|1724511914
|move|p2a: Broom|Hidden Power|p1a: Fan #1 of Jirachi
|-supereffective|p1a: Fan #1 of Jirachi
|-damage|p1a: Fan #1 of Jirachi|27/100
|move|p1a: Fan #1 of Jirachi|Icy Wind|p2a: Broom
|-damage|p2a: Broom|43/100
|-unboost|p2a: Broom|spe|1
|
|-weather|Sandstorm|[upkeep]
|-heal|p1a: Fan #1 of Jirachi|33/100|[from] item: Leftovers
|upkeep
|turn|36
|
|t:|1724511923
|move|p1a: Fan #1 of Jirachi|Icy Wind|p2a: Broom
|-crit|p2a: Broom
|-damage|p2a: Broom|0 fnt
|faint|p2a: Broom
|
|win|blue in unova
|raw|blue in unova's rating: 1466 &rarr; <strong>1479</strong><br />(+13 for winning)
|raw|ImaginewasTaken's rating: 1343 &rarr; <strong>1330</strong><br />(-13 for losing)
|c|☆ImaginewasTaken|gg
|l|☆ImaginewasTaken
|player|p2|
