|j|☆HydreigonSpammer
|j|☆Clawdia Chauchat
|t:|1736522230
|gametype|singles
|player|p1|HydreigonSpammer|iris|1406
|player|p2|Clawdia Chauchat|winona|1464
|teamsize|p1|6
|teamsize|p2|6
|gen|5
|tier|[Gen 5] OU
|rated|
|rule|Species Clause: Limit one of each Pokémon
|rule|OHKO Clause: OHKO moves are banned
|rule|Moody Clause: Moody is banned
|rule|Evasion Items Clause: Evasion items are banned
|rule|Evasion Moves Clause: Evasion moves are banned
|rule|Endless Battle Clause: Forcing endless battles is banned
|rule|HP Percentage Mod: HP is shown in percentages
|rule|Evasion Abilities Clause: Evasion abilities are banned
|rule|Sleep Moves Clause: Sleep-inducing moves are banned
|rule|Swagger Clause: Swagger is banned
|rule|Baton Pass Stat Clause: No Baton Passer may have a way to boost its stats
|clearpoke
|poke|p1|Hydreigon, F|item
|poke|p1|Garchomp, M|item
|poke|p1|Celebi|item
|poke|p1|Terrakion|item
|poke|p1|Tyranitar, M|item
|poke|p1|Scizor, M|item
|poke|p2|Kyurem-Black|item
|poke|p2|Starmie|item
|poke|p2|Mew|item
|poke|p2|Jirachi|item
|poke|p2|Heatran, F|item
|poke|p2|Garchomp, F|item
|teampreview
|
|t:|1736522260
|start
|switch|p1a: Terrakion|Terrakion|100/100
|switch|p2a: Kafka Tamura|Mew, shiny|100/100
|turn|1
|inactive|Battle timer is ON: inactive players will automatically lose when time's up. (requested by Clawdia Chauchat)
|
|t:|1736522283
|move|p1a: Terrakion|Taunt|p2a: Kafka Tamura
|-start|p2a: Kafka Tamura|move: Taunt
|cant|p2a: Kafka Tamura|move: Taunt|Will-O-Wisp
|
|upkeep
|turn|2
|
|t:|1736522287
|move|p1a: Terrakion|Stealth Rock|p2a: Kafka Tamura
|-sidestart|p2: Clawdia Chauchat|move: Stealth Rock
|move|p2a: Kafka Tamura|Earth Power|p1a: Terrakion
|-supereffective|p1a: Terrakion
|-damage|p1a: Terrakion|50/100
|
|upkeep
|turn|3
|
|t:|1736522291
|switch|p1a: Hydreigon|Hydreigon, F, shiny|100/100
|move|p2a: Kafka Tamura|Earth Power|p1a: Hydreigon
|-immune|p1a: Hydreigon|[from] ability: Levitate
|
|-end|p2a: Kafka Tamura|move: Taunt
|upkeep
|turn|4
|
|t:|1736522297
|switch|p2a: Simulation Swarm|Heatran, F, shiny|100/100
|-damage|p2a: Simulation Swarm|88/100|[from] Stealth Rock
|move|p1a: Hydreigon|Surf|p2a: Simulation Swarm
|-supereffective|p2a: Simulation Swarm
|-damage|p2a: Simulation Swarm|15/100
|
|-heal|p2a: Simulation Swarm|21/100|[from] item: Leftovers
|upkeep
|turn|5
|
|t:|1736522304
|switch|p2a: Concorde I Miss U|Jirachi|100/100
|-damage|p2a: Concorde I Miss U|94/100|[from] Stealth Rock
|move|p1a: Hydreigon|Surf|p2a: Concorde I Miss U
|-damage|p2a: Concorde I Miss U|62/100
|
|-heal|p2a: Concorde I Miss U|68/100|[from] item: Leftovers
|upkeep
|turn|6
|
|t:|1736522326
|switch|p1a: Terrakion|Terrakion|50/100
|move|p2a: Concorde I Miss U|Body Slam|p1a: Terrakion
|-resisted|p1a: Terrakion
|-damage|p1a: Terrakion|39/100
|-status|p1a: Terrakion|par
|
|-heal|p2a: Concorde I Miss U|74/100|[from] item: Leftovers
|upkeep
|turn|7
|
|t:|1736522342
|move|p2a: Concorde I Miss U|Iron Head|p1a: Terrakion
|-supereffective|p1a: Terrakion
|-damage|p1a: Terrakion|0 fnt
|faint|p1a: Terrakion
|
|-heal|p2a: Concorde I Miss U|80/100|[from] item: Leftovers
|upkeep
|
|t:|1736522351
|switch|p1a: Garchomp|Garchomp, M|100/100
|turn|8
|
|t:|1736522365
|switch|p1a: Tyranitar|Tyranitar, M|100/100
|-weather|Sandstorm|[from] ability: Sand Stream|[of] p1a: Tyranitar
|switch|p2a: Simulation Swarm|Heatran, F, shiny|21/100
|-damage|p2a: Simulation Swarm|9/100|[from] Stealth Rock
|
|-weather|Sandstorm|[upkeep]
|-heal|p2a: Simulation Swarm|15/100|[from] item: Leftovers
|upkeep
|turn|9
|inactive|HydreigonSpammer has 120 seconds left.
|
|t:|1736522385
|move|p1a: Tyranitar|Crunch|p2a: Simulation Swarm
|-resisted|p2a: Simulation Swarm
|-damage|p2a: Simulation Swarm|0 fnt
|faint|p2a: Simulation Swarm
|
|-weather|Sandstorm|[upkeep]
|upkeep
|j| LucklessCart
|
|t:|1736522398
|switch|p2a: Kafka Tamura|Mew, shiny|100/100
|-damage|p2a: Kafka Tamura|88/100|[from] Stealth Rock
|turn|10
|
|t:|1736522403
|switch|p1a: Celebi|Celebi|100/100
|move|p2a: Kafka Tamura|Will-O-Wisp|p1a: Celebi
|-status|p1a: Celebi|brn
|
|-weather|Sandstorm|[upkeep]
|-damage|p2a: Kafka Tamura|82/100|[from] Sandstorm
|-damage|p1a: Celebi|94/100 brn|[from] Sandstorm
|-heal|p2a: Kafka Tamura|88/100|[from] item: Leftovers
|-heal|p1a: Celebi|100/100 brn|[from] item: Leftovers
|-damage|p1a: Celebi|88/100 brn|[from] brn
|upkeep
|turn|11
|inactive|HydreigonSpammer has 120 seconds left.
|inactive|Clawdia Chauchat has 120 seconds left.
|
|t:|1736522443
|switch|p2a: Xiu Xiu|Starmie|100/100
|-damage|p2a: Xiu Xiu|88/100|[from] Stealth Rock
|move|p1a: Celebi|Nasty Plot|p1a: Celebi
|-boost|p1a: Celebi|spa|2
|
|-weather|Sandstorm|[upkeep]
|-damage|p2a: Xiu Xiu|82/100|[from] Sandstorm
|-damage|p1a: Celebi|82/100 brn|[from] Sandstorm
|-heal|p2a: Xiu Xiu|88/100|[from] item: Leftovers
|-heal|p1a: Celebi|88/100 brn|[from] item: Leftovers
|-damage|p1a: Celebi|76/100 brn|[from] brn
|upkeep
|turn|12
|inactive|Clawdia Chauchat has 120 seconds left.
|
|t:|1736522459
|move|p2a: Xiu Xiu|Ice Beam|p1a: Celebi
|-supereffective|p1a: Celebi
|-damage|p1a: Celebi|41/100 brn
|move|p1a: Celebi|Giga Drain|p2a: Xiu Xiu
|-supereffective|p2a: Xiu Xiu
|-damage|p2a: Xiu Xiu|0 fnt
|-heal|p1a: Celebi|69/100 brn|[from] drain|[of] p2a: Xiu Xiu
|faint|p2a: Xiu Xiu
|
|-weather|Sandstorm|[upkeep]
|-damage|p1a: Celebi|63/100 brn|[from] Sandstorm
|-heal|p1a: Celebi|69/100 brn|[from] item: Leftovers
|-damage|p1a: Celebi|57/100 brn|[from] brn
|upkeep
|
|t:|1736522465
|switch|p2a: Concorde I Miss U|Jirachi|80/100
|-damage|p2a: Concorde I Miss U|74/100|[from] Stealth Rock
|turn|13
|
|t:|1736522468
|move|p1a: Celebi|Thunder Wave|p2a: Concorde I Miss U
|-status|p2a: Concorde I Miss U|par
|move|p2a: Concorde I Miss U|U-turn|p1a: Celebi
|-supereffective|p1a: Celebi
|-damage|p1a: Celebi|0 fnt
|faint|p1a: Celebi
|inactive|Clawdia Chauchat has 120 seconds left.
|l| LucklessCart
|inactive|Clawdia Chauchat has 90 seconds left.
|
|t:|1736522507
|switch|p2a: Joe Johnson|Garchomp, F|100/100|[from] U-turn
|-damage|p2a: Joe Johnson|94/100|[from] Stealth Rock
|
|-weather|Sandstorm|[upkeep]
|upkeep
|
|t:|1736522525
|switch|p1a: Hydreigon|Hydreigon, F, shiny|100/100
|turn|14
|
|t:|1736522535
|move|p2a: Joe Johnson|Outrage|p1a: Hydreigon
|-supereffective|p1a: Hydreigon
|-damage|p1a: Hydreigon|0 fnt
|faint|p1a: Hydreigon
|
|-weather|Sandstorm|[upkeep]
|upkeep
|
|t:|1736522538
|switch|p1a: Scizor|Scizor, M|100/100
|turn|15
|
|t:|1736522549
|move|p1a: Scizor|Bullet Punch|p2a: Joe Johnson
|-damage|p2a: Joe Johnson|41/100
|-damage|p1a: Scizor|88/100|[from] ability: Rough Skin|[of] p2a: Joe Johnson
|move|p2a: Joe Johnson|Outrage|p1a: Scizor|[from]lockedmove
|-resisted|p1a: Scizor
|-damage|p1a: Scizor|55/100
|
|-weather|Sandstorm|[upkeep]
|upkeep
|turn|16
|inactive|Clawdia Chauchat has 120 seconds left.
|
|t:|1736522565
|move|p1a: Scizor|Bullet Punch|p2a: Joe Johnson
|-damage|p2a: Joe Johnson|0 fnt
|-damage|p1a: Scizor|43/100|[from] ability: Rough Skin|[of] p2a: Joe Johnson
|faint|p2a: Joe Johnson
|
|-weather|Sandstorm|[upkeep]
|upkeep
|
|t:|1736522568
|switch|p2a: Kafka Tamura|Mew, shiny|88/100
|-damage|p2a: Kafka Tamura|76/100|[from] Stealth Rock
|turn|17
|
|t:|1736522590
|switch|p1a: Garchomp|Garchomp, M|100/100
|move|p2a: Kafka Tamura|Will-O-Wisp|p1a: Garchomp
|-status|p1a: Garchomp|brn
|
|-weather|Sandstorm|[upkeep]
|-damage|p2a: Kafka Tamura|70/100|[from] Sandstorm
|-heal|p2a: Kafka Tamura|76/100|[from] item: Leftovers
|-damage|p1a: Garchomp|88/100 brn|[from] brn
|upkeep
|turn|18
|
|t:|1736522600
|move|p1a: Garchomp|Draco Meteor|p2a: Kafka Tamura
|-damage|p2a: Kafka Tamura|14/100
|-unboost|p1a: Garchomp|spa|2
|-damage|p1a: Garchomp|78/100 brn|[from] item: Life Orb
|move|p2a: Kafka Tamura|Ice Beam|p1a: Garchomp
|-supereffective|p1a: Garchomp
|-damage|p1a: Garchomp|0 fnt
|faint|p1a: Garchomp
|
|-weather|Sandstorm|[upkeep]
|-damage|p2a: Kafka Tamura|8/100|[from] Sandstorm
|-heal|p2a: Kafka Tamura|14/100|[from] item: Leftovers
|upkeep
|
|t:|1736522611
|switch|p1a: Tyranitar|Tyranitar, M|100/100
|turn|19
|
|t:|1736522629
|move|p1a: Tyranitar|Crunch|p2a: Kafka Tamura
|-supereffective|p2a: Kafka Tamura
|-damage|p2a: Kafka Tamura|0 fnt
|faint|p2a: Kafka Tamura
|
|-weather|Sandstorm|[upkeep]
|upkeep
|
|t:|1736522635
|switch|p2a: Cloudbusting|Kyurem-Black, shiny|100/100
|-damage|p2a: Cloudbusting|75/100|[from] Stealth Rock
|-ability|p2a: Cloudbusting|Teravolt
|turn|20
|
|t:|1736522641
|move|p1a: Tyranitar|Crunch|p2a: Cloudbusting
|-damage|p2a: Cloudbusting|36/100
|move|p2a: Cloudbusting|Earth Power|p1a: Tyranitar
|-supereffective|p1a: Tyranitar
|-damage|p1a: Tyranitar|63/100
|
|-weather|Sandstorm|[upkeep]
|-damage|p2a: Cloudbusting|30/100|[from] Sandstorm
|-heal|p2a: Cloudbusting|36/100|[from] item: Leftovers
|upkeep
|turn|21
|
|t:|1736522656
|move|p1a: Tyranitar|Crunch|p2a: Cloudbusting
|-damage|p2a: Cloudbusting|0 fnt
|faint|p2a: Cloudbusting
|
|-weather|Sandstorm|[upkeep]
|upkeep
|
|t:|1736522658
|switch|p2a: Concorde I Miss U|Jirachi|74/100 par
|-damage|p2a: Concorde I Miss U|68/100 par|[from] Stealth Rock
|turn|22
|
|t:|1736522663
|move|p1a: Tyranitar|Crunch|p2a: Concorde I Miss U
|-damage|p2a: Concorde I Miss U|31/100 par
|-unboost|p2a: Concorde I Miss U|def|1
|move|p2a: Concorde I Miss U|Body Slam|p1a: Tyranitar
|-resisted|p1a: Tyranitar
|-damage|p1a: Tyranitar|52/100
|
|-weather|Sandstorm|[upkeep]
|-heal|p2a: Concorde I Miss U|37/100 par|[from] item: Leftovers
|upkeep
|turn|23
|j| LucklessCart
|-message|Clawdia Chauchat forfeited.
|
|win|HydreigonSpammer
|raw|HydreigonSpammer's rating: 1406 &rarr; <strong>1429</strong><br />(+23 for winning)
|raw|Clawdia Chauchat's rating: 1464 &rarr; <strong>1441</strong><br />(-23 for losing)
|l|☆Clawdia Chauchat
|player|p2|
|c|☆HydreigonSpammer|gg finally
