|j|☆Whyger72
|j|☆Salutethewolf
|t:|1745917775
|gametype|singles
|player|p1|Whyger72|170|1385
|player|p2|Salutethewolf|hugh|1400
|teamsize|p1|6
|teamsize|p2|6
|gen|5
|tier|[Gen 5] OU
|rated|
|rule|Species Clause: Limit one of each Pokémon
|rule|OHKO Clause: OHKO moves are banned
|rule|Moody Clause: Moody is banned
|rule|Evasion Items Clause: Evasion items are banned
|rule|Evasion Moves Clause: Evasion moves are banned
|rule|Endless Battle Clause: Forcing endless battles is banned
|rule|HP Percentage Mod: HP is shown in percentages
|rule|Evasion Abilities Clause: Evasion abilities are banned
|rule|Sleep Moves Clause: Sleep-inducing moves are banned
|rule|Swagger Clause: Swagger is banned
|rule|Baton Pass Stat Clause: No Baton Passer may have a way to boost its stats
|clearpoke
|poke|p1|Forretress, M|item
|poke|p1|Salamence, F|item
|poke|p1|Scizor, M|item
|poke|p1|Garchomp, M|item
|poke|p1|Latios, M|item
|poke|p1|Volcarona, M|item
|poke|p2|Bronzong|item
|poke|p2|Magnezone|item
|poke|p2|Terrakion|item
|poke|p2|Conkeldurr, M|item
|poke|p2|Reuniclus, M|item
|poke|p2|Crawdaunt, F|item
|teampreview
|inactive|Battle timer is ON: inactive players will automatically lose when time's up. (requested by Salutethewolf)
|
|t:|1745917798
|start
|switch|p1a: Woodland Mansion|Forretress, M|100/100
|switch|p2a: Bronzong|Bronzong, shiny|100/100
|turn|1
|
|t:|1745917805
|move|p1a: Woodland Mansion|Stealth Rock|p2a: Bronzong
|-sidestart|p2: Salutethewolf|move: Stealth Rock
|move|p2a: Bronzong|Stealth Rock|p1a: Woodland Mansion
|-sidestart|p1: Whyger72|move: Stealth Rock
|
|upkeep
|turn|2
|
|t:|1745917811
|switch|p2a: Magnezone|Magnezone, shiny|100/100
|-damage|p2a: Magnezone|94/100|[from] Stealth Rock
|-item|p2a: Magnezone|Air Balloon
|move|p1a: Woodland Mansion|Rapid Spin|p2a: Magnezone
|-resisted|p2a: Magnezone
|-damage|p2a: Magnezone|93/100
|-enditem|p2a: Magnezone|Air Balloon
|-sideend|p1: Whyger72|Stealth Rock|[from] move: Rapid Spin|[of] p1a: Woodland Mansion
|
|upkeep
|turn|3
|
|t:|1745917824
|move|p2a: Magnezone|Thunderbolt|p1a: Woodland Mansion
|-damage|p1a: Woodland Mansion|17/100
|move|p1a: Woodland Mansion|Volt Switch|p2a: Magnezone
|-resisted|p2a: Magnezone
|-damage|p2a: Magnezone|87/100
|
|t:|1745917831
|switch|p1a: The Nether|Volcarona, M|100/100|[from] Volt Switch
|
|upkeep
|turn|4
|
|t:|1745917842
|switch|p2a: Terrakion|Terrakion, shiny|100/100
|-damage|p2a: Terrakion|94/100|[from] Stealth Rock
|move|p1a: The Nether|Quiver Dance|p1a: The Nether
|-boost|p1a: The Nether|spa|1
|-boost|p1a: The Nether|spd|1
|-boost|p1a: The Nether|spe|1
|
|upkeep
|turn|5
|
|t:|1745917856
|move|p2a: Terrakion|Stone Edge|p1a: The Nether
|-supereffective|p1a: The Nether
|-crit|p1a: The Nether
|-enditem|p1a: The Nether|Focus Sash
|-damage|p1a: The Nether|1/100
|move|p1a: The Nether|Fiery Dance|p2a: Terrakion
|-resisted|p2a: Terrakion
|-damage|p2a: Terrakion|55/100
|-boost|p1a: The Nether|spa|1
|
|upkeep
|turn|6
|
|t:|1745917875
|switch|p1a: Flint and Steel|Scizor, M|100/100
|move|p2a: Terrakion|Stone Edge|p1a: Flint and Steel
|-damage|p1a: Flint and Steel|52/100
|
|-heal|p1a: Flint and Steel|58/100|[from] item: Leftovers
|upkeep
|turn|7
|
|t:|1745917886
|switch|p2a: Magnezone|Magnezone, shiny|87/100
|-damage|p2a: Magnezone|80/100|[from] Stealth Rock
|move|p1a: Flint and Steel|Bullet Punch|p2a: Magnezone
|-resisted|p2a: Magnezone
|-damage|p2a: Magnezone|73/100
|
|-heal|p1a: Flint and Steel|64/100|[from] item: Leftovers
|upkeep
|turn|8
|
|t:|1745917895
|move|p1a: Flint and Steel|U-turn|p2a: Magnezone
|-resisted|p2a: Magnezone
|-damage|p2a: Magnezone|55/100
|
|t:|1745917902
|switch|p1a: Woodland Mansion|Forretress, M|17/100|[from] U-turn
|move|p2a: Magnezone|Hidden Power|p1a: Woodland Mansion
|-supereffective|p1a: Woodland Mansion
|-damage|p1a: Woodland Mansion|0 fnt
|faint|p1a: Woodland Mansion
|
|upkeep
|
|t:|1745917925
|switch|p1a: Piglin Brute|Garchomp, M|100/100
|turn|9
|
|t:|1745917933
|switch|p2a: Bronzong|Bronzong, shiny|100/100
|-damage|p2a: Bronzong|94/100|[from] Stealth Rock
|move|p1a: Piglin Brute|Earthquake|p2a: Bronzong
|-immune|p2a: Bronzong|[from] ability: Levitate
|
|upkeep
|turn|10
|
|t:|1745917943
|switch|p1a: The Nether|Volcarona, M|1/100
|move|p2a: Bronzong|Stealth Rock|p1a: The Nether
|-sidestart|p1: Whyger72|move: Stealth Rock
|
|upkeep
|turn|11
|
|t:|1745917951
|move|p1a: The Nether|Fiery Dance|p2a: Bronzong
|-supereffective|p2a: Bronzong
|-enditem|p2a: Bronzong|Occa Berry|[eat]
|-enditem|p2a: Bronzong|Occa Berry|[weaken]
|-damage|p2a: Bronzong|56/100
|-boost|p1a: The Nether|spa|1
|move|p2a: Bronzong|Gyro Ball|p1a: The Nether
|-resisted|p1a: The Nether
|-damage|p1a: The Nether|0 fnt
|-status|p2a: Bronzong|brn|[from] ability: Flame Body|[of] p1a: The Nether
|faint|p1a: The Nether
|
|-damage|p2a: Bronzong|43/100 brn|[from] brn
|upkeep
|inactive|Whyger72 has 120 seconds left.
|
|t:|1745917985
|switch|p1a: I... AM STEVE|Salamence, F|100/100
|-damage|p1a: I... AM STEVE|76/100|[from] Stealth Rock
|turn|12
|
|t:|1745918003
|move|p1a: I... AM STEVE|Dragon Dance|p1a: I... AM STEVE
|-boost|p1a: I... AM STEVE|atk|1
|-boost|p1a: I... AM STEVE|spe|1
|move|p2a: Bronzong|Trick Room|p2a: Bronzong
|-fieldstart|move: Trick Room|[of] p2a: Bronzong
|
|-damage|p2a: Bronzong|31/100 brn|[from] brn
|upkeep
|turn|13
|
|t:|1745918027
|move|p2a: Bronzong|Explosion|p1a: I... AM STEVE
|-damage|p1a: I... AM STEVE|42/100
|faint|p2a: Bronzong
|move|p1a: I... AM STEVE|Outrage|p2: Bronzong|[notarget]
|-fail|p1a: I... AM STEVE
|
|upkeep
|
|t:|1745918035
|switch|p2a: Crawdaunt|Crawdaunt, F, shiny|100/100
|-damage|p2a: Crawdaunt|88/100|[from] Stealth Rock
|turn|14
|
|t:|1745918045
|move|p2a: Crawdaunt|Ice Beam|p1a: I... AM STEVE
|-supereffective|p1a: I... AM STEVE
|-damage|p1a: I... AM STEVE|0 fnt
|faint|p1a: I... AM STEVE
|-damage|p2a: Crawdaunt|78/100|[from] item: Life Orb
|
|upkeep
|
|t:|1745918052
|switch|p1a: Flint and Steel|Scizor, M|64/100
|-damage|p1a: Flint and Steel|51/100|[from] Stealth Rock
|turn|15
|
|t:|1745918056
|move|p2a: Crawdaunt|Surf|p1a: Flint and Steel
|-damage|p1a: Flint and Steel|0 fnt
|faint|p1a: Flint and Steel
|-damage|p2a: Crawdaunt|68/100|[from] item: Life Orb
|
|upkeep
|
|t:|1745918063
|switch|p1a: Piglin Brute|Garchomp, M|100/100
|-damage|p1a: Piglin Brute|94/100|[from] Stealth Rock
|turn|16
|
|t:|1745918068
|move|p2a: Crawdaunt|Ice Beam|p1a: Piglin Brute
|-supereffective|p1a: Piglin Brute
|-damage|p1a: Piglin Brute|0 fnt
|faint|p1a: Piglin Brute
|-damage|p2a: Crawdaunt|58/100|[from] item: Life Orb
|
|-fieldend|move: Trick Room
|upkeep
|
|t:|1745918070
|switch|p1a: Chicken Jockey|Latios, M|100/100
|-damage|p1a: Chicken Jockey|88/100|[from] Stealth Rock
|turn|17
|
|t:|1745918079
|move|p1a: Chicken Jockey|Thunderbolt|p2a: Crawdaunt
|-supereffective|p2a: Crawdaunt
|-damage|p2a: Crawdaunt|0 fnt
|faint|p2a: Crawdaunt
|
|upkeep
|
|t:|1745918086
|switch|p2a: Magnezone|Magnezone, shiny|55/100
|-damage|p2a: Magnezone|49/100|[from] Stealth Rock
|turn|18
|
|t:|1745918091
|move|p1a: Chicken Jockey|Thunderbolt|p2a: Magnezone
|-resisted|p2a: Magnezone
|-damage|p2a: Magnezone|31/100
|move|p2a: Magnezone|Flash Cannon|p1a: Chicken Jockey
|-damage|p1a: Chicken Jockey|43/100
|
|upkeep
|turn|19
|
|t:|1745918097
|move|p1a: Chicken Jockey|Thunderbolt|p2a: Magnezone
|-resisted|p2a: Magnezone
|-damage|p2a: Magnezone|13/100
|move|p2a: Magnezone|Flash Cannon|p1a: Chicken Jockey
|-crit|p1a: Chicken Jockey
|-damage|p1a: Chicken Jockey|0 fnt
|faint|p1a: Chicken Jockey
|
|win|Salutethewolf
|raw|Whyger72's rating: 1385 &rarr; <strong>1366</strong><br />(-19 for losing)
|raw|Salutethewolf's rating: 1400 &rarr; <strong>1419</strong><br />(+19 for winning)
|l|☆Whyger72
|player|p1|
