|j|☆magialice
|j|☆Charliezard7
|t:|1707130971
|gametype|singles
|player|p1|magialice|miku-flying|1515
|player|p2|Charliezard7|rosa|1400
|teamsize|p1|6
|teamsize|p2|6
|gen|5
|tier|[Gen 5] OU
|rated|
|rule|Species Clause: Limit one of each Pokémon
|rule|OHKO Clause: OHKO moves are banned
|rule|Moody Clause: Moody is banned
|rule|Evasion Items Clause: Evasion items are banned
|rule|Evasion Moves Clause: Evasion moves are banned
|rule|Endless Battle Clause: Forcing endless battles is banned
|rule|HP Percentage Mod: HP is shown in percentages
|rule|Evasion Abilities Clause: Evasion abilities are banned
|rule|Sleep Moves Clause: Sleep-inducing moves are banned
|rule|Swagger Clause: Swagger is banned
|rule|Baton Pass Stat Clause: No Baton Passer may have a way to boost its stats
|clearpoke
|poke|p1|Tyranitar, M|item
|poke|p1|Alakazam, F|item
|poke|p1|Flygon, M|item
|poke|p1|Reuniclus, F|item
|poke|p1|Skarmory, M|item
|poke|p1|Rotom-Wash|item
|poke|p2|Dragonite, F|item
|poke|p2|Xatu, F|item
|poke|p2|Skarmory, F|item
|poke|p2|Gyarados, F|item
|poke|p2|Thundurus-Therian, M|item
|poke|p2|Honchkrow, F|item
|teampreview
|inactive|Battle timer is ON: inactive players will automatically lose when time's up. (requested by Charliezard7)
|inactive|magialice also wants the timer to be on.
|
|t:|1707130986
|start
|switch|p1a: Tyranitar|Tyranitar, M|100/100
|switch|p2a: Thundurus|Thundurus-Therian, M|100/100
|-weather|Sandstorm|[from] ability: Sand Stream|[of] p1a: Tyranitar
|turn|1
|
|t:|1707130997
|move|p2a: Thundurus|Volt Switch|p1a: Tyranitar
|-damage|p1a: Tyranitar|70/100
|
|t:|1707130999
|switch|p2a: Xatu|Xatu, F|100/100|[from] Volt Switch
|move|p1a: Tyranitar|Rock Slide|p2a: Xatu
|-supereffective|p2a: Xatu
|-damage|p2a: Xatu|19/100
|
|-weather|Sandstorm|[upkeep]
|-damage|p2a: Xatu|13/100|[from] Sandstorm
|-heal|p2a: Xatu|19/100|[from] item: Leftovers
|upkeep
|turn|2
|
|t:|1707131007
|move|p2a: Xatu|U-turn|p1a: Tyranitar
|-supereffective|p1a: Tyranitar
|-damage|p1a: Tyranitar|51/100
|
|t:|1707131009
|switch|p2a: Skarmory|Skarmory, F|100/100|[from] U-turn
|move|p1a: Tyranitar|Crunch|p2a: Skarmory
|-resisted|p2a: Skarmory
|-damage|p2a: Skarmory|86/100
|
|-weather|Sandstorm|[upkeep]
|-heal|p2a: Skarmory|92/100|[from] item: Leftovers
|upkeep
|turn|3
|
|t:|1707131028
|move|p2a: Skarmory|Brave Bird|p1a: Tyranitar
|-resisted|p1a: Tyranitar
|-damage|p1a: Tyranitar|36/100
|-damage|p2a: Skarmory|86/100|[from] Recoil
|move|p1a: Tyranitar|Stealth Rock|p2a: Skarmory
|-sidestart|p2: Charliezard7|move: Stealth Rock
|
|-weather|Sandstorm|[upkeep]
|-heal|p2a: Skarmory|92/100|[from] item: Leftovers
|upkeep
|turn|4
|
|t:|1707131043
|switch|p1a: Flygon|Flygon, M|100/100
|move|p2a: Skarmory|Whirlwind|p1a: Flygon
|drag|p1a: Reuniclus|Reuniclus, F|100/100
|
|-weather|Sandstorm|[upkeep]
|-heal|p2a: Skarmory|98/100|[from] item: Leftovers
|upkeep
|turn|5
|
|t:|1707131047
|move|p1a: Reuniclus|Focus Blast|p2a: Skarmory
|-crit|p2a: Skarmory
|-damage|p2a: Skarmory|34/100
|move|p2a: Skarmory|Whirlwind|p1a: Reuniclus
|drag|p1a: Rotom|Rotom-Wash|100/100
|
|-weather|Sandstorm|[upkeep]
|-damage|p1a: Rotom|94/100|[from] Sandstorm
|-heal|p1a: Rotom|100/100|[from] item: Leftovers
|-heal|p2a: Skarmory|40/100|[from] item: Leftovers
|upkeep
|turn|6
|
|t:|1707131054
|move|p1a: Rotom|Hydro Pump|p2a: Skarmory
|-damage|p2a: Skarmory|0 fnt
|faint|p2a: Skarmory
|
|-weather|Sandstorm|[upkeep]
|-damage|p1a: Rotom|94/100|[from] Sandstorm
|-heal|p1a: Rotom|100/100|[from] item: Leftovers
|upkeep
|
|t:|1707131081
|switch|p2a: Dragonite|Dragonite, F, shiny|100/100
|-damage|p2a: Dragonite|76/100|[from] Stealth Rock
|turn|7
|
|t:|1707131083
|move|p2a: Dragonite|Dragon Dance|p2a: Dragonite
|-boost|p2a: Dragonite|atk|1
|-boost|p2a: Dragonite|spe|1
|move|p1a: Rotom|Volt Switch|p2a: Dragonite
|-damage|p2a: Dragonite|51/100
|j| BBQSauceEnjoyer
|
|t:|1707131102
|switch|p1a: Alakazam|Alakazam, F|100/100|[from] Volt Switch
|
|-weather|Sandstorm|[upkeep]
|-damage|p2a: Dragonite|45/100|[from] Sandstorm
|upkeep
|turn|8
|
|t:|1707131112
|move|p2a: Dragonite|Extreme Speed|p1a: Alakazam
|-enditem|p1a: Alakazam|Focus Sash
|-damage|p1a: Alakazam|1/100
|move|p1a: Alakazam|Hidden Power|p2a: Dragonite
|-supereffective|p2a: Dragonite
|-crit|p2a: Dragonite
|-damage|p2a: Dragonite|0 fnt
|faint|p2a: Dragonite
|
|-weather|Sandstorm|[upkeep]
|upkeep
|
|t:|1707131123
|switch|p2a: Honchkrow|Honchkrow, F|100/100
|-damage|p2a: Honchkrow|76/100|[from] Stealth Rock
|turn|9
|
|t:|1707131128
|switch|p1a: Skarmory|Skarmory, M|100/100
|move|p2a: Honchkrow|Sucker Punch||[still]
|-fail|p2a: Honchkrow
|
|-weather|Sandstorm|[upkeep]
|-damage|p2a: Honchkrow|69/100|[from] Sandstorm
|upkeep
|turn|10
|
|t:|1707131135
|switch|p2a: Thundurus|Thundurus-Therian, M|100/100
|-damage|p2a: Thundurus|76/100|[from] Stealth Rock
|move|p1a: Skarmory|Whirlwind|p2a: Thundurus
|drag|p2a: Honchkrow|Honchkrow, F|69/100
|-damage|p2a: Honchkrow|44/100|[from] Stealth Rock
|
|-weather|Sandstorm|[upkeep]
|-damage|p2a: Honchkrow|38/100|[from] Sandstorm
|upkeep
|turn|11
|
|t:|1707131141
|move|p2a: Honchkrow|Superpower|p1a: Skarmory
|-crit|p1a: Skarmory
|-damage|p1a: Skarmory|29/100
|-unboost|p2a: Honchkrow|atk|1
|-unboost|p2a: Honchkrow|def|1
|move|p1a: Skarmory|Whirlwind|p2a: Honchkrow
|drag|p2a: Thundurus|Thundurus-Therian, M|76/100
|-damage|p2a: Thundurus|51/100|[from] Stealth Rock
|
|-weather|Sandstorm|[upkeep]
|-damage|p2a: Thundurus|45/100|[from] Sandstorm
|-heal|p1a: Skarmory|35/100|[from] item: Leftovers
|upkeep
|turn|12
|
|t:|1707131150
|switch|p1a: Tyranitar|Tyranitar, M|36/100
|move|p2a: Thundurus|Hidden Power|p1a: Tyranitar
|-damage|p1a: Tyranitar|17/100
|
|-weather|Sandstorm|[upkeep]
|-damage|p2a: Thundurus|39/100|[from] Sandstorm
|upkeep
|turn|13
|
|t:|1707131154
|move|p2a: Thundurus|Hidden Power|p1a: Tyranitar
|-damage|p1a: Tyranitar|0 fnt
|faint|p1a: Tyranitar
|
|-weather|Sandstorm|[upkeep]
|-damage|p2a: Thundurus|33/100|[from] Sandstorm
|upkeep
|
|t:|1707131163
|switch|p1a: Reuniclus|Reuniclus, F|100/100
|turn|14
|
|t:|1707131167
|switch|p2a: Xatu|Xatu, F|19/100
|-damage|p2a: Xatu|0 fnt|[from] Stealth Rock
|faint|p2a: Xatu
|move|p1a: Reuniclus|Calm Mind|p1a: Reuniclus
|-boost|p1a: Reuniclus|spa|1
|-boost|p1a: Reuniclus|spd|1
|
|-weather|Sandstorm|[upkeep]
|upkeep
|
|t:|1707131169
|switch|p2a: Honchkrow|Honchkrow, F|38/100
|-damage|p2a: Honchkrow|13/100|[from] Stealth Rock
|turn|15
|
|t:|1707131173
|move|p2a: Honchkrow|Night Slash|p1a: Reuniclus
|-supereffective|p1a: Reuniclus
|-damage|p1a: Reuniclus|42/100
|move|p1a: Reuniclus|Focus Blast|p2a: Honchkrow
|-damage|p2a: Honchkrow|0 fnt
|faint|p2a: Honchkrow
|
|-weather|Sandstorm|[upkeep]
|-heal|p1a: Reuniclus|48/100|[from] item: Leftovers
|upkeep
|
|t:|1707131180
|switch|p2a: Gyarados|Gyarados, F|100/100
|-damage|p2a: Gyarados|75/100|[from] Stealth Rock
|turn|16
|
|t:|1707131184
|switch|p1a: Rotom|Rotom-Wash|100/100
|move|p2a: Gyarados|Substitute|p2a: Gyarados
|-start|p2a: Gyarados|Substitute
|-damage|p2a: Gyarados|50/100
|
|-weather|Sandstorm|[upkeep]
|-damage|p2a: Gyarados|44/100|[from] Sandstorm
|-damage|p1a: Rotom|94/100|[from] Sandstorm
|-heal|p1a: Rotom|100/100|[from] item: Leftovers
|upkeep
|turn|17
|
|t:|1707131189
|move|p2a: Gyarados|Dragon Dance|p2a: Gyarados
|-boost|p2a: Gyarados|atk|1
|-boost|p2a: Gyarados|spe|1
|move|p1a: Rotom|Volt Switch|p2a: Gyarados
|-supereffective|p2a: Gyarados
|-end|p2a: Gyarados|Substitute
|
|t:|1707131195
|switch|p1a: Reuniclus|Reuniclus, F|48/100|[from] Volt Switch
|
|-weather|Sandstorm|[upkeep]
|-damage|p2a: Gyarados|38/100|[from] Sandstorm
|-heal|p1a: Reuniclus|54/100|[from] item: Leftovers
|upkeep
|turn|18
|
|t:|1707131207
|move|p2a: Gyarados|Waterfall|p1a: Reuniclus
|-damage|p1a: Reuniclus|8/100
|move|p1a: Reuniclus|Psyshock|p2a: Gyarados
|-damage|p2a: Gyarados|0 fnt
|faint|p2a: Gyarados
|
|-weather|Sandstorm|[upkeep]
|-heal|p1a: Reuniclus|14/100|[from] item: Leftovers
|upkeep
|
|t:|1707131210
|switch|p2a: Thundurus|Thundurus-Therian, M|33/100
|-damage|p2a: Thundurus|8/100|[from] Stealth Rock
|turn|19
|
|t:|1707131212
|move|p2a: Thundurus|Thunderbolt|p1a: Reuniclus
|-damage|p1a: Reuniclus|0 fnt
|faint|p1a: Reuniclus
|
|-weather|Sandstorm|[upkeep]
|-damage|p2a: Thundurus|2/100|[from] Sandstorm
|upkeep
|
|t:|1707131215
|switch|p1a: Alakazam|Alakazam, F|1/100
|turn|20
|c|☆Charliezard7|gg
|
|t:|1707131217
|switch|p1a: Flygon|Flygon, M|100/100
|move|p2a: Thundurus|Thunderbolt|p1a: Flygon
|-immune|p1a: Flygon
|
|-weather|Sandstorm|[upkeep]
|-damage|p2a: Thundurus|0 fnt|[from] Sandstorm
|faint|p2a: Thundurus
|
|win|magialice
|upkeep
|raw|magialice's rating: 1515 &rarr; <strong>1527</strong><br />(+12 for winning)
|raw|Charliezard7's rating: 1371 &rarr; <strong>1359</strong><br />(-12 for losing)
|c|☆magialice|gg
|l|☆magialice
|player|p1|
