|j|☆Aroma Nobody
|j|☆Alexia B.
|t:|1725288684
|gametype|singles
|player|p1|Aroma Nobody|youngn|1322
|player|p2|Alexia B.|cynthia|1497
|teamsize|p1|6
|teamsize|p2|6
|gen|5
|tier|[Gen 5] OU
|rated|
|rule|Species Clause: Limit one of each Pokémon
|rule|OHKO Clause: OHKO moves are banned
|rule|Moody Clause: Moody is banned
|rule|Evasion Items Clause: Evasion items are banned
|rule|Evasion Moves Clause: Evasion moves are banned
|rule|Endless Battle Clause: Forcing endless battles is banned
|rule|HP Percentage Mod: HP is shown in percentages
|rule|Evasion Abilities Clause: Evasion abilities are banned
|rule|Sleep Moves Clause: Sleep-inducing moves are banned
|rule|Swagger Clause: Swagger is banned
|rule|Baton Pass Stat Clause: No Baton Passer may have a way to boost its stats
|clearpoke
|poke|p1|Bisharp, F|item
|poke|p1|Celebi|item
|poke|p1|Heatran, M|item
|poke|p1|Latios, M|item
|poke|p1|Landorus-Therian, M|item
|poke|p1|Tentacruel, F|item
|poke|p2|Landorus-Therian, M|item
|poke|p2|Latios, M|item
|poke|p2|Infernape, F|item
|poke|p2|Jellicent, M|item
|poke|p2|Ferrothorn, F|item
|poke|p2|Scizor, M|item
|teampreview
|c|☆Aroma Nobody|glhf
|inactive|Battle timer is ON: inactive players will automatically lose when time's up. (requested by Alexia B.)
|
|t:|1725288722
|start
|switch|p1a: Landorus|Landorus-Therian, M|100/100
|switch|p2a: Landorus|Landorus-Therian, M|100/100
|-ability|p1a: Landorus|Intimidate|boost
|-unboost|p2a: Landorus|atk|1
|-ability|p2a: Landorus|Intimidate|boost
|-unboost|p1a: Landorus|atk|1
|turn|1
|
|t:|1725288730
|move|p1a: Landorus|Hidden Power|p2a: Landorus
|-supereffective|p2a: Landorus
|-damage|p2a: Landorus|3/100
|move|p2a: Landorus|Stealth Rock|p1a: Landorus
|-sidestart|p1: Aroma Nobody|move: Stealth Rock
|
|-heal|p2a: Landorus|9/100|[from] item: Leftovers
|upkeep
|turn|2
|
|t:|1725288744
|switch|p1a: Tentacruel|Tentacruel, F|100/100
|-damage|p1a: Tentacruel|88/100|[from] Stealth Rock
|move|p2a: Landorus|Hidden Power|p1a: Tentacruel
|-resisted|p1a: Tentacruel
|-damage|p1a: Tentacruel|81/100
|
|-heal|p1a: Tentacruel|87/100|[from] item: Black Sludge
|-heal|p2a: Landorus|15/100|[from] item: Leftovers
|upkeep
|turn|3
|
|t:|1725288760
|move|p1a: Tentacruel|Scald|p2a: Landorus
|-supereffective|p2a: Landorus
|-damage|p2a: Landorus|0 fnt
|faint|p2a: Landorus
|
|-heal|p1a: Tentacruel|93/100|[from] item: Black Sludge
|upkeep
|
|t:|1725288768
|switch|p2a: Jellicent|Jellicent, M|100/100
|-item|p2a: Jellicent|Air Balloon
|turn|4
|
|t:|1725288773
|move|p1a: Tentacruel|Toxic|p2a: Jellicent|[miss]
|-miss|p1a: Tentacruel|p2a: Jellicent
|move|p2a: Jellicent|Taunt|p1a: Tentacruel
|-start|p1a: Tentacruel|move: Taunt
|
|-heal|p1a: Tentacruel|99/100|[from] item: Black Sludge
|upkeep
|turn|5
|
|t:|1725288783
|switch|p1a: Celebi|Celebi|100/100
|-damage|p1a: Celebi|88/100|[from] Stealth Rock
|move|p2a: Jellicent|Scald|p1a: Celebi
|-resisted|p1a: Celebi
|-damage|p1a: Celebi|80/100
|
|-heal|p1a: Celebi|87/100|[from] item: Leftovers
|upkeep
|turn|6
|
|t:|1725288788
|switch|p2a: Ferrothorn|Ferrothorn, F, shiny|100/100
|move|p1a: Celebi|Stealth Rock|p2a: Ferrothorn
|-sidestart|p2: Alexia B.|move: Stealth Rock
|
|-heal|p1a: Celebi|93/100|[from] item: Leftovers
|upkeep
|turn|7
|
|t:|1725288797
|switch|p1a: Heatran|Heatran, M|100/100
|-damage|p1a: Heatran|88/100|[from] Stealth Rock
|move|p2a: Ferrothorn|Spikes|p1a: Heatran
|-sidestart|p1: Aroma Nobody|Spikes
|
|-heal|p1a: Heatran|94/100|[from] item: Leftovers
|upkeep
|turn|8
|inactive|Alexia B. has 120 seconds left.
|
|t:|1725288835
|switch|p2a: Jellicent|Jellicent, M|100/100
|-damage|p2a: Jellicent|88/100|[from] Stealth Rock
|-item|p2a: Jellicent|Air Balloon
|move|p1a: Heatran|Magma Storm|p2a: Jellicent
|-resisted|p2a: Jellicent
|-damage|p2a: Jellicent|60/100
|-activate|p2a: Jellicent|move: Magma Storm|[of] p1a: Heatran
|-enditem|p2a: Jellicent|Air Balloon
|
|-heal|p1a: Heatran|100/100|[from] item: Leftovers
|-damage|p2a: Jellicent|54/100|[from] move: Magma Storm|[partiallytrapped]
|upkeep
|turn|9
|inactive|Aroma Nobody has 120 seconds left.
|
|t:|1725288869
|move|p1a: Heatran|Protect|p1a: Heatran
|-singleturn|p1a: Heatran|Protect
|move|p2a: Jellicent|Scald|p1a: Heatran
|-activate|p1a: Heatran|move: Protect
|
|-damage|p2a: Jellicent|48/100|[from] move: Magma Storm|[partiallytrapped]
|upkeep
|turn|10
|
|t:|1725288874
|move|p1a: Heatran|Earth Power|p2a: Jellicent
|-damage|p2a: Jellicent|17/100
|-unboost|p2a: Jellicent|spd|1
|move|p2a: Jellicent|Recover|p2a: Jellicent
|-heal|p2a: Jellicent|67/100
|
|-damage|p2a: Jellicent|61/100|[from] move: Magma Storm|[partiallytrapped]
|upkeep
|turn|11
|
|t:|1725288880
|move|p1a: Heatran|Magma Storm|p2a: Jellicent|[miss]
|-miss|p1a: Heatran|p2a: Jellicent
|move|p2a: Jellicent|Scald|p1a: Heatran
|-supereffective|p1a: Heatran
|-damage|p1a: Heatran|48/100
|
|-heal|p1a: Heatran|54/100|[from] item: Leftovers
|-damage|p2a: Jellicent|55/100|[from] move: Magma Storm|[partiallytrapped]
|upkeep
|turn|12
|
|t:|1725288886
|move|p1a: Heatran|Magma Storm|p2a: Jellicent
|-resisted|p2a: Jellicent
|-damage|p2a: Jellicent|15/100
|move|p2a: Jellicent|Scald|p1a: Heatran
|-supereffective|p1a: Heatran
|-damage|p1a: Heatran|3/100
|
|-heal|p1a: Heatran|9/100|[from] item: Leftovers
|-damage|p2a: Jellicent|9/100|[from] move: Magma Storm|[partiallytrapped]
|upkeep
|turn|13
|
|t:|1725288896
|move|p1a: Heatran|Hidden Power|p2a: Jellicent
|-resisted|p2a: Jellicent
|-damage|p2a: Jellicent|0 fnt
|faint|p2a: Jellicent
|
|-heal|p1a: Heatran|16/100|[from] item: Leftovers
|upkeep
|
|t:|1725288901
|switch|p2a: Infernape|Infernape, F|100/100
|-damage|p2a: Infernape|88/100|[from] Stealth Rock
|turn|14
|
|t:|1725288907
|move|p1a: Heatran|Protect|p1a: Heatran
|-singleturn|p1a: Heatran|Protect
|move|p2a: Infernape|Close Combat|p1a: Heatran
|-activate|p1a: Heatran|move: Protect
|
|-heal|p1a: Heatran|22/100|[from] item: Leftovers
|upkeep
|turn|15
|
|t:|1725288917
|switch|p1a: Tentacruel|Tentacruel, F|99/100
|-damage|p1a: Tentacruel|87/100|[from] Stealth Rock
|-damage|p1a: Tentacruel|74/100|[from] Spikes
|move|p2a: Infernape|Close Combat|p1a: Tentacruel
|-resisted|p1a: Tentacruel
|-damage|p1a: Tentacruel|35/100
|-unboost|p2a: Infernape|def|1
|-unboost|p2a: Infernape|spd|1
|-damage|p2a: Infernape|78/100|[from] item: Life Orb
|
|-heal|p1a: Tentacruel|41/100|[from] item: Black Sludge
|upkeep
|turn|16
|
|t:|1725288923
|move|p2a: Infernape|Thunder Punch|p1a: Tentacruel
|-supereffective|p1a: Tentacruel
|-crit|p1a: Tentacruel
|-damage|p1a: Tentacruel|0 fnt
|faint|p1a: Tentacruel
|-damage|p2a: Infernape|68/100|[from] item: Life Orb
|
|upkeep
|
|t:|1725288927
|switch|p1a: Landorus|Landorus-Therian, M|100/100
|-damage|p1a: Landorus|88/100|[from] Stealth Rock
|-ability|p1a: Landorus|Intimidate|boost
|-unboost|p2a: Infernape|atk|1
|turn|17
|
|t:|1725288932
|switch|p2a: Ferrothorn|Ferrothorn, F, shiny|100/100
|-damage|p2a: Ferrothorn|94/100|[from] Stealth Rock
|move|p1a: Landorus|U-turn|p2a: Ferrothorn
|-damage|p2a: Ferrothorn|76/100
|-damage|p1a: Landorus|76/100|[from] ability: Iron Barbs|[of] p2a: Ferrothorn
|
|t:|1725288937
|switch|p1a: Bisharp|Bisharp, F|100/100|[from] U-turn
|-damage|p1a: Bisharp|95/100|[from] Stealth Rock
|-damage|p1a: Bisharp|82/100|[from] Spikes
|
|-heal|p1a: Bisharp|88/100|[from] item: Leftovers
|-heal|p2a: Ferrothorn|82/100|[from] item: Leftovers
|upkeep
|turn|18
|
|t:|1725288942
|move|p1a: Bisharp|Substitute|p1a: Bisharp
|-start|p1a: Bisharp|Substitute
|-damage|p1a: Bisharp|63/100
|move|p2a: Ferrothorn|Leech Seed||[still]
|-fail|p2a: Ferrothorn
|
|-heal|p1a: Bisharp|69/100|[from] item: Leftovers
|-heal|p2a: Ferrothorn|88/100|[from] item: Leftovers
|upkeep
|turn|19
|
|t:|1725288947
|switch|p2a: Scizor|Scizor, M|100/100
|-damage|p2a: Scizor|88/100|[from] Stealth Rock
|move|p1a: Bisharp|Swords Dance|p1a: Bisharp
|-boost|p1a: Bisharp|atk|2
|
|-heal|p1a: Bisharp|75/100|[from] item: Leftovers
|upkeep
|turn|20
|
|t:|1725288953
|move|p1a: Bisharp|Low Kick|p2a: Scizor
|-damage|p2a: Scizor|14/100
|move|p2a: Scizor|U-turn|p1a: Bisharp
|-end|p1a: Bisharp|Substitute
|
|t:|1725288958
|switch|p2a: Infernape|Infernape, F|68/100|[from] U-turn
|-damage|p2a: Infernape|56/100|[from] Stealth Rock
|
|-heal|p1a: Bisharp|81/100|[from] item: Leftovers
|upkeep
|turn|21
|
|t:|1725288964
|move|p1a: Bisharp|Sucker Punch|p2a: Infernape
|-resisted|p2a: Infernape
|-damage|p2a: Infernape|0 fnt
|faint|p2a: Infernape
|
|-heal|p1a: Bisharp|87/100|[from] item: Leftovers
|upkeep
|-message|Alexia B. forfeited.
|
|win|Aroma Nobody
|raw|Aroma Nobody's rating: 1322 &rarr; <strong>1351</strong><br />(+29 for winning)
|raw|Alexia B.'s rating: 1497 &rarr; <strong>1468</strong><br />(-29 for losing)
|l|☆Alexia B.
|player|p2|
|c|☆Aroma Nobody|gg
