|j|☆refsunpersons
|j|☆Toshayi
|player|p1|refsunpersons|123
|player|p2|Toshayi|265
|teamsize|p1|6
|teamsize|p2|6
|gametype|singles
|gen|5
|tier|[Gen 5] OU
|rated|
|rule|Sleep Clause Mod: Limit one foe put to sleep
|rule|Species Clause: Limit one of each Pokémon
|rule|OHKO Clause: OHKO moves are banned
|rule|Moody Clause: Moody is banned
|rule|Evasion Moves Clause: Evasion moves are banned
|rule|Endless Battle Clause: Forcing endless battles is banned
|rule|HP Percentage Mod: HP is shown in percentages
|rule|Evasion Abilities Clause: Evasion abilities are banned
|rule|Baton Pass Clause: Limit one Baton Passer, can't pass Spe and other stats simultaneously
|rule|Swagger Clause: Swagger is banned
|clearpoke
|poke|p1|Donphan, F|item
|poke|p1|Jirachi|item
|poke|p1|Latios, M|item
|poke|p1|Ninetales, M|item
|poke|p1|Volcarona, F|item
|poke|p1|Porygon2|item
|poke|p2|Alakazam, M|item
|poke|p2|Tentacruel, M|item
|poke|p2|Abomasnow, M|item
|poke|p2|Heatran, M|item
|poke|p2|Landorus-Therian, M|item
|poke|p2|Weavile, M|item
|teampreview
|c|☆refsunpersons|gl hf
|
|start
|switch|p1a: Latios|Latios, M|100/100
|switch|p2a: Ferddie|Alakazam, M|100/100
|turn|1
|inactive|Battle timer is ON: inactive players will automatically lose when time's up. (requested by Toshayi)
|
|switch|p1a: Porygon2|Porygon2|100/100
|-ability|p1a: Porygon2|Magic Guard|[from] ability: Trace|[of] p2a: Ferddie
|move|p2a: Ferddie|Signal Beam|p1a: Porygon2
|-crit|p1a: Porygon2
|-damage|p1a: Porygon2|74/100
|
|upkeep
|turn|2
|
|move|p2a: Ferddie|Focus Blast|p1a: Porygon2
|-supereffective|p1a: Porygon2
|-damage|p1a: Porygon2|31/100
|move|p1a: Porygon2|Toxic|p2a: Ferddie|[miss]
|-miss|p1a: Porygon2|p2a: Ferddie
|
|upkeep
|turn|3
|
|move|p2a: Ferddie|Focus Blast|p1a: Porygon2|[miss]
|-miss|p2a: Ferddie|p1a: Porygon2
|move|p1a: Porygon2|Recover|p1a: Porygon2
|-heal|p1a: Porygon2|81/100
|
|upkeep
|turn|4
|
|move|p2a: Ferddie|Encore|p1a: Porygon2
|-start|p1a: Porygon2|Encore
|move|p1a: Porygon2|Recover|p1a: Porygon2
|-heal|p1a: Porygon2|100/100
|
|upkeep
|turn|5
|
|switch|p2a: Marc|Landorus-Therian, M|100/100
|-ability|p2a: Marc|Intimidate|boost
|-unboost|p1a: Porygon2|atk|1
|move|p1a: Porygon2|Recover||[still]
|-fail|p1a: Porygon2
|
|upkeep
|turn|6
|
|switch|p1a: Donphan|Donphan, F|100/100
|move|p2a: Marc|Stealth Rock|p1a: Donphan
|-sidestart|p1: refsunpersons|move: Stealth Rock
|
|upkeep
|turn|7
|
|move|p2a: Marc|Hidden Power|p1a: Donphan
|-supereffective|p1a: Donphan
|-damage|p1a: Donphan|58/100
|move|p1a: Donphan|Stealth Rock|p2a: Marc
|-sidestart|p2: Toshayi|move: Stealth Rock
|
|-heal|p1a: Donphan|64/100|[from] item: Leftovers
|upkeep
|turn|8
|
|switch|p1a: Porygon2|Porygon2|100/100
|-damage|p1a: Porygon2|88/100|[from] Stealth Rock
|-ability|p1a: Porygon2|Intimidate|[from] ability: Trace|[of] p2a: Marc
|-ability|p1a: Porygon2|Intimidate|boost
|-unboost|p2a: Marc|atk|1
|move|p2a: Marc|Hidden Power|p1a: Porygon2
|-damage|p1a: Porygon2|80/100
|
|upkeep
|turn|9
|
|move|p2a: Marc|U-turn|p1a: Porygon2
|-damage|p1a: Porygon2|71/100
|
|switch|p2a: (ʘᗩʘ’)|Tentacruel, M|100/100
|-damage|p2a: (ʘᗩʘ’)|88/100|[from] Stealth Rock
|move|p1a: Porygon2|Ice Beam|p2a: (ʘᗩʘ’)
|-resisted|p2a: (ʘᗩʘ’)
|-damage|p2a: (ʘᗩʘ’)|78/100
|
|-heal|p2a: (ʘᗩʘ’)|85/100|[from] item: Black Sludge
|upkeep
|turn|10
|
|move|p2a: (ʘᗩʘ’)|Rapid Spin|p1a: Porygon2
|-damage|p1a: Porygon2|69/100
|-sideend|p2: Toshayi|Stealth Rock|[from] move: Rapid Spin|[of] p2a: (ʘᗩʘ’)
|move|p1a: Porygon2|Hidden Power|p2a: (ʘᗩʘ’)
|-supereffective|p2a: (ʘᗩʘ’)
|-damage|p2a: (ʘᗩʘ’)|57/100
|
|-heal|p2a: (ʘᗩʘ’)|63/100|[from] item: Black Sludge
|upkeep
|turn|11
|
|move|p2a: (ʘᗩʘ’)|Toxic|p1a: Porygon2
|-status|p1a: Porygon2|tox
|move|p1a: Porygon2|Hidden Power|p2a: (ʘᗩʘ’)
|-supereffective|p2a: (ʘᗩʘ’)
|-damage|p2a: (ʘᗩʘ’)|37/100
|
|-heal|p2a: (ʘᗩʘ’)|43/100|[from] item: Black Sludge
|-damage|p1a: Porygon2|63/100 tox|[from] psn
|upkeep
|turn|12
|
|switch|p2a: JOUIR|Heatran, M|100/100
|move|p1a: Porygon2|Recover|p1a: Porygon2
|-heal|p1a: Porygon2|100/100 tox
|
|-damage|p1a: Porygon2|88/100 tox|[from] psn
|upkeep
|turn|13
|
|move|p1a: Porygon2|Hidden Power|p2a: JOUIR
|-supereffective|p2a: JOUIR
|-damage|p2a: JOUIR|61/100
|move|p2a: JOUIR|Roar|p1a: Porygon2
|drag|p1a: Volcarona|Volcarona, F|100/100
|-damage|p1a: Volcarona|51/100|[from] Stealth Rock
|
|-heal|p2a: JOUIR|67/100|[from] item: Leftovers
|upkeep
|turn|14
|
|switch|p1a: Porygon2|Porygon2|88/100 tox
|-damage|p1a: Porygon2|76/100 tox|[from] Stealth Rock
|-ability|p1a: Porygon2|Flash Fire|[from] ability: Trace|[of] p2a: JOUIR
|move|p2a: JOUIR|Roar|p1a: Porygon2
|drag|p1a: Ninetales|Ninetales, M|100/100
|-damage|p1a: Ninetales|76/100|[from] Stealth Rock
|-weather|SunnyDay|[from] ability: Drought|[of] p1a: Ninetales
|-item|p1a: Ninetales|Air Balloon
|
|-weather|SunnyDay|[upkeep]
|-heal|p2a: JOUIR|73/100|[from] item: Leftovers
|upkeep
|turn|15
|
|move|p1a: Ninetales|Solar Beam||[still]
|-prepare|p1a: Ninetales|Solar Beam|p2a: JOUIR
|-anim|p1a: Ninetales|Solar Beam|p2a: JOUIR
|-resisted|p2a: JOUIR
|-damage|p2a: JOUIR|69/100
|move|p2a: JOUIR|Lava Plume|p1a: Ninetales
|-resisted|p1a: Ninetales
|-damage|p1a: Ninetales|46/100
|-enditem|p1a: Ninetales|Air Balloon
|
|-weather|SunnyDay|[upkeep]
|-heal|p2a: JOUIR|75/100|[from] item: Leftovers
|upkeep
|turn|16
|
|switch|p1a: Latios|Latios, M|100/100
|-damage|p1a: Latios|88/100|[from] Stealth Rock
|move|p2a: JOUIR|Roar|p1a: Latios
|drag|p1a: Ninetales|Ninetales, M|46/100
|-damage|p1a: Ninetales|21/100|[from] Stealth Rock
|
|-weather|SunnyDay|[upkeep]
|-heal|p2a: JOUIR|82/100|[from] item: Leftovers
|upkeep
|turn|17
|
|move|p1a: Ninetales|Covet|p2a: JOUIR
|-resisted|p2a: JOUIR
|-damage|p2a: JOUIR|77/100
|-item|p1a: Ninetales|Leftovers|[from] move: Covet|[of] p2a: JOUIR
|move|p2a: JOUIR|Lava Plume|p1a: Ninetales
|-resisted|p1a: Ninetales
|-damage|p1a: Ninetales|0 fnt
|faint|p1a: Ninetales
|
|-weather|SunnyDay|[upkeep]
|upkeep
|
|switch|p1a: Latios|Latios, M|88/100
|-damage|p1a: Latios|76/100|[from] Stealth Rock
|turn|18
|
|move|p2a: JOUIR|Protect|p2a: JOUIR
|-singleturn|p2a: JOUIR|Protect
|move|p1a: Latios|Roost|p1a: Latios
|-heal|p1a: Latios|100/100
|
|-weather|SunnyDay|[upkeep]
|upkeep
|turn|19
|
|move|p1a: Latios|Earthquake|p2a: JOUIR
|-supereffective|p2a: JOUIR
|-damage|p2a: JOUIR|0 fnt
|-damage|p1a: Latios|91/100|[from] item: Life Orb
|faint|p2a: JOUIR
|
|-weather|SunnyDay|[upkeep]
|upkeep
|
|switch|p2a: Fromage|Weavile, M|100/100
|-ability|p2a: Fromage|Pressure
|turn|20
|
|move|p2a: Fromage|Night Slash|p1a: Latios
|-supereffective|p1a: Latios
|-damage|p1a: Latios|0 fnt
|-damage|p2a: Fromage|91/100|[from] item: Life Orb
|faint|p1a: Latios
|
|-weather|SunnyDay|[upkeep]
|upkeep
|
|switch|p1a: Donphan|Donphan, F|64/100
|-damage|p1a: Donphan|58/100|[from] Stealth Rock
|turn|21
|
|move|p2a: Fromage|Night Slash|p1a: Donphan
|-crit|p1a: Donphan
|-damage|p1a: Donphan|4/100
|-damage|p2a: Fromage|81/100|[from] item: Life Orb
|move|p1a: Donphan|Rapid Spin|p2a: Fromage
|-damage|p2a: Fromage|71/100
|-sideend|p1: refsunpersons|Stealth Rock|[from] move: Rapid Spin|[of] p1a: Donphan
|
|-weather|SunnyDay|[upkeep]
|-heal|p1a: Donphan|10/100|[from] item: Leftovers
|upkeep
|turn|22
|
|move|p2a: Fromage|Ice Shard|p1a: Donphan
|-supereffective|p1a: Donphan
|-damage|p1a: Donphan|0 fnt
|-damage|p2a: Fromage|61/100|[from] item: Life Orb
|faint|p1a: Donphan
|
|-weather|SunnyDay|[upkeep]
|upkeep
|
|switch|p1a: Volcarona|Volcarona, F|51/100
|turn|23
|
|move|p2a: Fromage|Night Slash|p1a: Volcarona
|-damage|p1a: Volcarona|0 fnt
|-damage|p2a: Fromage|51/100|[from] item: Life Orb
|faint|p1a: Volcarona
|
|-weather|SunnyDay|[upkeep]
|upkeep
|
|switch|p1a: Jirachi|Jirachi|100/100
|turn|24
|
|move|p2a: Fromage|Night Slash|p1a: Jirachi
|-damage|p1a: Jirachi|56/100
|-damage|p2a: Fromage|42/100|[from] item: Life Orb
|move|p1a: Jirachi|Calm Mind|p1a: Jirachi
|-boost|p1a: Jirachi|spa|1
|-boost|p1a: Jirachi|spd|1
|
|-weather|SunnyDay|[upkeep]
|upkeep
|turn|25
|
|move|p2a: Fromage|Night Slash|p1a: Jirachi
|-damage|p1a: Jirachi|12/100
|-damage|p2a: Fromage|32/100|[from] item: Life Orb
|move|p1a: Jirachi|Flash Cannon|p2a: Fromage
|-supereffective|p2a: Fromage
|-damage|p2a: Fromage|0 fnt
|faint|p2a: Fromage
|
|-weather|SunnyDay|[upkeep]
|upkeep
|
|switch|p2a: Ferddie|Alakazam, M|100/100
|turn|26
|
|move|p2a: Ferddie|Signal Beam|p1a: Jirachi
|-damage|p1a: Jirachi|0 fnt
|faint|p1a: Jirachi
|
|-weather|SunnyDay|[upkeep]
|upkeep
|
|switch|p1a: Porygon2|Porygon2|76/100 tox
|-ability|p1a: Porygon2|Magic Guard|[from] ability: Trace|[of] p2a: Ferddie
|turn|27
|
|switch|p2a: Frusciante|Abomasnow, M|100/100
|-weather|Hail|[from] ability: Snow Warning|[of] p2a: Frusciante
|move|p1a: Porygon2|Ice Beam|p2a: Frusciante
|-damage|p2a: Frusciante|84/100
|
|-weather|Hail|[upkeep]
|-heal|p2a: Frusciante|90/100|[from] item: Leftovers
|upkeep
|turn|28
|
|move|p1a: Porygon2|Recover|p1a: Porygon2
|-heal|p1a: Porygon2|100/100 tox
|move|p2a: Frusciante|Blizzard|p1a: Porygon2
|-damage|p1a: Porygon2|82/100 tox
|
|-weather|Hail|[upkeep]
|-heal|p2a: Frusciante|96/100|[from] item: Leftovers
|upkeep
|turn|29
|
|move|p1a: Porygon2|Toxic|p2a: Frusciante
|-status|p2a: Frusciante|tox
|move|p2a: Frusciante|Leech Seed|p1a: Porygon2
|-start|p1a: Porygon2|move: Leech Seed
|
|-weather|Hail|[upkeep]
|-heal|p2a: Frusciante|100/100 tox|[from] item: Leftovers
|-damage|p2a: Frusciante|94/100 tox|[from] psn
|upkeep
|turn|30
|
|move|p1a: Porygon2|Ice Beam|p2a: Frusciante
|-damage|p2a: Frusciante|78/100 tox
|move|p2a: Frusciante|Blizzard|p1a: Porygon2
|-damage|p1a: Porygon2|63/100 tox
|
|-weather|Hail|[upkeep]
|-heal|p2a: Frusciante|84/100 tox|[from] item: Leftovers
|-damage|p2a: Frusciante|72/100 tox|[from] psn
|upkeep
|turn|31
|
|move|p1a: Porygon2|Recover|p1a: Porygon2
|-heal|p1a: Porygon2|100/100 tox
|move|p2a: Frusciante|Wood Hammer|p1a: Porygon2
|-damage|p1a: Porygon2|77/100 tox
|-damage|p2a: Frusciante|64/100 tox|[from] Recoil
|
|-weather|Hail|[upkeep]
|-heal|p2a: Frusciante|70/100 tox|[from] item: Leftovers
|-damage|p2a: Frusciante|52/100 tox|[from] psn
|upkeep
|turn|32
|
|move|p1a: Porygon2|Ice Beam|p2a: Frusciante
|-damage|p2a: Frusciante|35/100 tox
|move|p2a: Frusciante|Blizzard|p1a: Porygon2
|-crit|p1a: Porygon2
|-damage|p1a: Porygon2|39/100 tox
|
|-weather|Hail|[upkeep]
|-heal|p2a: Frusciante|41/100 tox|[from] item: Leftovers
|-damage|p2a: Frusciante|17/100 tox|[from] psn
|upkeep
|turn|33
|
|move|p1a: Porygon2|Recover|p1a: Porygon2
|-heal|p1a: Porygon2|89/100 tox
|move|p2a: Frusciante|Wood Hammer|p1a: Porygon2
|-damage|p1a: Porygon2|63/100 tox
|-damage|p2a: Frusciante|9/100 tox|[from] Recoil
|
|-weather|Hail|[upkeep]
|-heal|p2a: Frusciante|15/100 tox|[from] item: Leftovers
|-damage|p2a: Frusciante|0 fnt|[from] psn
|upkeep
|faint|p2a: Frusciante
|
|switch|p2a: Ferddie|Alakazam, M|100/100
|turn|34
|
|move|p2a: Ferddie|Psychic|p1a: Porygon2
|-damage|p1a: Porygon2|42/100 tox
|move|p1a: Porygon2|Recover|p1a: Porygon2
|-heal|p1a: Porygon2|92/100 tox
|
|-weather|Hail|[upkeep]
|upkeep
|turn|35
|
|move|p2a: Ferddie|Encore|p1a: Porygon2
|-start|p1a: Porygon2|Encore
|move|p1a: Porygon2|Recover|p1a: Porygon2
|-heal|p1a: Porygon2|100/100 tox
|
|-weather|Hail|[upkeep]
|upkeep
|turn|36
|
|switch|p2a: Marc|Landorus-Therian, M|100/100
|-ability|p2a: Marc|Intimidate|boost
|-unboost|p1a: Porygon2|atk|1
|move|p1a: Porygon2|Recover||[still]
|-fail|p1a: Porygon2
|
|-weather|Hail|[upkeep]
|-damage|p2a: Marc|94/100|[from] Hail
|-heal|p2a: Marc|100/100|[from] item: Leftovers
|upkeep
|turn|37
|
|move|p2a: Marc|U-turn|p1a: Porygon2
|-damage|p1a: Porygon2|85/100 tox
|
|switch|p2a: Ferddie|Alakazam, M|100/100
|move|p1a: Porygon2|Recover|p1a: Porygon2
|-heal|p1a: Porygon2|100/100 tox
|
|-weather|Hail|[upkeep]
|-end|p1a: Porygon2|Encore
|upkeep
|turn|38
|
|move|p2a: Ferddie|Encore|p1a: Porygon2
|-start|p1a: Porygon2|Encore
|move|p1a: Porygon2|Recover||[still]
|-fail|p1a: Porygon2
|
|-weather|Hail|[upkeep]
|upkeep
|turn|39
|
|switch|p2a: Marc|Landorus-Therian, M|100/100
|-ability|p2a: Marc|Intimidate|boost
|-unboost|p1a: Porygon2|atk|1
|move|p1a: Porygon2|Recover||[still]
|-fail|p1a: Porygon2
|
|-weather|Hail|[upkeep]
|-damage|p2a: Marc|94/100|[from] Hail
|-heal|p2a: Marc|100/100|[from] item: Leftovers
|upkeep
|turn|40
|
|move|p2a: Marc|U-turn|p1a: Porygon2
|-damage|p1a: Porygon2|86/100 tox
|
|switch|p2a: Ferddie|Alakazam, M|100/100
|move|p1a: Porygon2|Recover|p1a: Porygon2
|-heal|p1a: Porygon2|100/100 tox
|
|-weather|Hail|[upkeep]
|-end|p1a: Porygon2|Encore
|upkeep
|turn|41
|
|move|p2a: Ferddie|Encore|p1a: Porygon2
|-start|p1a: Porygon2|Encore
|move|p1a: Porygon2|Recover||[still]
|-fail|p1a: Porygon2
|
|-weather|Hail|[upkeep]
|upkeep
|turn|42
|
|move|p2a: Ferddie|Signal Beam|p1a: Porygon2
|-damage|p1a: Porygon2|88/100 tox
|-start|p1a: Porygon2|confusion
|-activate|p1a: Porygon2|confusion
|-damage|p1a: Porygon2|86/100 tox|[from] confusion
|
|-weather|Hail|[upkeep]
|upkeep
|turn|43
|
|move|p2a: Ferddie|Psychic|p1a: Porygon2
|-damage|p1a: Porygon2|62/100 tox
|-end|p1a: Porygon2|confusion
|move|p1a: Porygon2|Recover|p1a: Porygon2
|-heal|p1a: Porygon2|100/100 tox
|
|-weather|Hail|[upkeep]
|-end|p1a: Porygon2|Encore
|upkeep
|turn|44
|
|move|p2a: Ferddie|Encore||[still]
|-fail|p2a: Ferddie
|move|p1a: Porygon2|Ice Beam|p2a: Ferddie
|-damage|p2a: Ferddie|66/100
|
|-weather|Hail|[upkeep]
|upkeep
|turn|45
|
|move|p2a: Ferddie|Psychic|p1a: Porygon2
|-damage|p1a: Porygon2|77/100 tox
|move|p1a: Porygon2|Ice Beam|p2a: Ferddie
|-damage|p2a: Ferddie|29/100
|-status|p2a: Ferddie|frz
|
|-weather|Hail|[upkeep]
|upkeep
|turn|46
|
|cant|p2a: Ferddie|frz
|move|p1a: Porygon2|Ice Beam|p2a: Ferddie
|-damage|p2a: Ferddie|0 fnt
|faint|p2a: Ferddie
|
|-weather|Hail|[upkeep]
|upkeep
|
|switch|p2a: (ʘᗩʘ’)|Tentacruel, M|43/100
|turn|47
|
|move|p2a: (ʘᗩʘ’)|Scald|p1a: Porygon2
|-damage|p1a: Porygon2|67/100 tox
|move|p1a: Porygon2|Hidden Power|p2a: (ʘᗩʘ’)
|-supereffective|p2a: (ʘᗩʘ’)
|-damage|p2a: (ʘᗩʘ’)|18/100
|
|-weather|Hail|[upkeep]
|-damage|p2a: (ʘᗩʘ’)|12/100|[from] Hail
|-heal|p2a: (ʘᗩʘ’)|18/100|[from] item: Black Sludge
|upkeep
|turn|48
|
|move|p2a: (ʘᗩʘ’)|Scald|p1a: Porygon2
|-damage|p1a: Porygon2|56/100 tox
|move|p1a: Porygon2|Hidden Power|p2a: (ʘᗩʘ’)
|-supereffective|p2a: (ʘᗩʘ’)
|-damage|p2a: (ʘᗩʘ’)|0 fnt
|faint|p2a: (ʘᗩʘ’)
|
|-weather|Hail|[upkeep]
|upkeep
|
|switch|p2a: Marc|Landorus-Therian, M|100/100
|-ability|p2a: Marc|Intimidate|boost
|-unboost|p1a: Porygon2|atk|1
|turn|49
|
|move|p2a: Marc|Earthquake|p1a: Porygon2
|-damage|p1a: Porygon2|25/100 tox
|move|p1a: Porygon2|Ice Beam|p2a: Marc
|-supereffective|p2a: Marc
|-damage|p2a: Marc|0 fnt
|faint|p2a: Marc
|
|win|refsunpersons
|raw|refsunpersons's rating: 1396 &rarr; <strong>1414</strong><br />(+18 for winning)
|raw|Toshayi's rating: 1358 &rarr; <strong>1341</strong><br />(-17 for losing)
|c|☆refsunpersons|gg
|l|☆Toshayi
