|j|☆leoperi99
|j|☆ms breadner
|t:|1709936552
|gametype|singles
|player|p1|leoperi99|blue-lgpe|1448
|player|p2|ms breadner|102|1439
|teamsize|p1|6
|teamsize|p2|6
|gen|5
|tier|[Gen 5] OU
|rated|
|rule|Species Clause: Limit one of each Pokémon
|rule|OHKO Clause: OHKO moves are banned
|rule|Moody Clause: Moody is banned
|rule|Evasion Items Clause: Evasion items are banned
|rule|Evasion Moves Clause: Evasion moves are banned
|rule|Endless Battle Clause: Forcing endless battles is banned
|rule|HP Percentage Mod: HP is shown in percentages
|rule|Evasion Abilities Clause: Evasion abilities are banned
|rule|Sleep Moves Clause: Sleep-inducing moves are banned
|rule|Swagger Clause: Swagger is banned
|rule|Baton Pass Stat Clause: No Baton Passer may have a way to boost its stats
|clearpoke
|poke|p1|Moltres|item
|poke|p1|Politoed, F|item
|poke|p1|Tentacruel, M|item
|poke|p1|Blissey, F|item
|poke|p1|Mamoswine, F|item
|poke|p1|Landorus-Therian, M|item
|poke|p2|Tyranitar, M|item
|poke|p2|Terrakion|item
|poke|p2|Rotom-Wash|item
|poke|p2|Heatran, F|item
|poke|p2|Latios, M|item
|poke|p2|Landorus-Therian, M|item
|teampreview
|inactive|Battle timer is ON: inactive players will automatically lose when time's up. (requested by leoperi99)
|
|t:|1709936599
|start
|switch|p1a: Politoed|Politoed, F, shiny|100/100
|switch|p2a: Rotom|Rotom-Wash|100/100
|-weather|RainDance|[from] ability: Drizzle|[of] p1a: Politoed
|turn|1
|
|t:|1709936609
|switch|p1a: Blissey|Blissey, F, shiny|100/100
|move|p2a: Rotom|Volt Switch|p1a: Blissey
|-damage|p1a: Blissey|91/100
|
|t:|1709936614
|switch|p2a: Terrakion|Terrakion|100/100|[from] Volt Switch
|
|-weather|RainDance|[upkeep]
|-heal|p1a: Blissey|97/100|[from] item: Leftovers
|upkeep
|turn|2
|
|t:|1709936628
|switch|p1a: Landorus|Landorus-Therian, M, shiny|100/100
|-ability|p1a: Landorus|Intimidate|boost
|-unboost|p2a: Terrakion|atk|1
|move|p2a: Terrakion|Stealth Rock|p1a: Landorus
|-sidestart|p1: leoperi99|move: Stealth Rock
|
|-weather|RainDance|[upkeep]
|upkeep
|turn|3
|
|t:|1709936635
|move|p2a: Terrakion|Taunt|p1a: Landorus
|-start|p1a: Landorus|move: Taunt
|cant|p1a: Landorus|move: Taunt|Stealth Rock
|
|-weather|RainDance|[upkeep]
|upkeep
|turn|4
|
|t:|1709936645
|switch|p2a: Rotom|Rotom-Wash|100/100
|move|p1a: Landorus|U-turn|p2a: Rotom
|-damage|p2a: Rotom|75/100
|
|t:|1709936654
|switch|p1a: Tentacruel|Tentacruel, M, shiny|100/100|[from] U-turn
|-damage|p1a: Tentacruel|88/100|[from] Stealth Rock
|
|-weather|RainDance|[upkeep]
|-heal|p1a: Tentacruel|94/100|[from] ability: Rain Dish
|-heal|p1a: Tentacruel|99/100|[from] item: Black Sludge
|-heal|p2a: Rotom|81/100|[from] item: Leftovers
|upkeep
|turn|5
|
|t:|1709936662
|move|p1a: Tentacruel|Rapid Spin|p2a: Rotom
|-damage|p2a: Rotom|78/100
|-sideend|p1: leoperi99|Stealth Rock|[from] move: Rapid Spin|[of] p1a: Tentacruel
|move|p2a: Rotom|Volt Switch|p1a: Tentacruel
|-supereffective|p1a: Tentacruel
|-damage|p1a: Tentacruel|59/100
|
|t:|1709936668
|switch|p2a: Terrakion|Terrakion|100/100|[from] Volt Switch
|
|-weather|RainDance|[upkeep]
|-heal|p1a: Tentacruel|65/100|[from] ability: Rain Dish
|-heal|p1a: Tentacruel|71/100|[from] item: Black Sludge
|upkeep
|turn|6
|
|t:|1709936674
|move|p1a: Tentacruel|Protect|p1a: Tentacruel
|-singleturn|p1a: Tentacruel|Protect
|move|p2a: Terrakion|Stealth Rock|p1a: Tentacruel
|-sidestart|p1: leoperi99|move: Stealth Rock
|
|-weather|RainDance|[upkeep]
|-heal|p1a: Tentacruel|77/100|[from] ability: Rain Dish
|-heal|p1a: Tentacruel|83/100|[from] item: Black Sludge
|upkeep
|turn|7
|
|t:|1709936683
|move|p2a: Terrakion|Stone Edge|p1a: Tentacruel|[miss]
|-miss|p2a: Terrakion|p1a: Tentacruel
|move|p1a: Tentacruel|Rapid Spin|p2a: Terrakion
|-resisted|p2a: Terrakion
|-damage|p2a: Terrakion|99/100
|-sideend|p1: leoperi99|Stealth Rock|[from] move: Rapid Spin|[of] p1a: Tentacruel
|
|-weather|RainDance|[upkeep]
|-heal|p1a: Tentacruel|89/100|[from] ability: Rain Dish
|-heal|p1a: Tentacruel|95/100|[from] item: Black Sludge
|upkeep
|turn|8
|
|t:|1709936692
|move|p2a: Terrakion|Stealth Rock|p1a: Tentacruel
|-sidestart|p1: leoperi99|move: Stealth Rock
|move|p1a: Tentacruel|Scald|p2a: Terrakion
|-supereffective|p2a: Terrakion
|-damage|p2a: Terrakion|17/100
|
|-weather|RainDance|[upkeep]
|-heal|p1a: Tentacruel|100/100|[from] ability: Rain Dish
|upkeep
|turn|9
|
|t:|1709936726
|move|p2a: Terrakion|Stone Edge|p1a: Tentacruel
|-damage|p1a: Tentacruel|52/100
|move|p1a: Tentacruel|Rapid Spin|p2a: Terrakion
|-resisted|p2a: Terrakion
|-damage|p2a: Terrakion|16/100
|-sideend|p1: leoperi99|Stealth Rock|[from] move: Rapid Spin|[of] p1a: Tentacruel
|
|-weather|RainDance|[upkeep]
|-heal|p1a: Tentacruel|58/100|[from] ability: Rain Dish
|-heal|p1a: Tentacruel|65/100|[from] item: Black Sludge
|upkeep
|turn|10
|
|t:|1709936737
|move|p2a: Terrakion|Stealth Rock|p1a: Tentacruel
|-sidestart|p1: leoperi99|move: Stealth Rock
|move|p1a: Tentacruel|Toxic|p2a: Terrakion
|-status|p2a: Terrakion|tox
|
|-weather|RainDance|[upkeep]
|-heal|p1a: Tentacruel|71/100|[from] ability: Rain Dish
|-heal|p1a: Tentacruel|77/100|[from] item: Black Sludge
|-damage|p2a: Terrakion|9/100 tox|[from] psn
|upkeep
|turn|11
|
|t:|1709936746
|move|p2a: Terrakion|Stone Edge|p1a: Tentacruel
|-damage|p1a: Tentacruel|29/100
|move|p1a: Tentacruel|Rapid Spin|p2a: Terrakion
|-resisted|p2a: Terrakion
|-damage|p2a: Terrakion|8/100 tox
|-sideend|p1: leoperi99|Stealth Rock|[from] move: Rapid Spin|[of] p1a: Tentacruel
|
|-weather|RainDance|[upkeep]
|-heal|p1a: Tentacruel|35/100|[from] ability: Rain Dish
|-heal|p1a: Tentacruel|41/100|[from] item: Black Sludge
|-damage|p2a: Terrakion|0 fnt|[from] psn
|faint|p2a: Terrakion
|upkeep
|
|t:|1709936756
|switch|p2a: Tyranitar|Tyranitar, M|100/100
|-weather|Sandstorm|[from] ability: Sand Stream|[of] p2a: Tyranitar
|turn|12
|
|t:|1709936761
|move|p1a: Tentacruel|Protect|p1a: Tentacruel
|-singleturn|p1a: Tentacruel|Protect
|move|p2a: Tyranitar|Pursuit|p1a: Tentacruel
|-activate|p1a: Tentacruel|move: Protect
|
|-weather|Sandstorm|[upkeep]
|-damage|p1a: Tentacruel|35/100|[from] Sandstorm
|-heal|p1a: Tentacruel|41/100|[from] item: Black Sludge
|upkeep
|turn|13
|
|t:|1709936769
|switch|p2a: Rotom|Rotom-Wash|78/100
|move|p1a: Tentacruel|Scald|p2a: Rotom
|-resisted|p2a: Rotom
|-damage|p2a: Rotom|69/100
|
|-weather|Sandstorm|[upkeep]
|-damage|p1a: Tentacruel|35/100|[from] Sandstorm
|-damage|p2a: Rotom|63/100|[from] Sandstorm
|-heal|p1a: Tentacruel|41/100|[from] item: Black Sludge
|-heal|p2a: Rotom|69/100|[from] item: Leftovers
|upkeep
|turn|14
|
|t:|1709936781
|switch|p1a: Blissey|Blissey, F, shiny|97/100
|move|p2a: Rotom|Volt Switch|p1a: Blissey
|-damage|p1a: Blissey|87/100
|
|t:|1709936788
|switch|p2a: Landorus|Landorus-Therian, M|100/100|[from] Volt Switch
|-ability|p2a: Landorus|Intimidate|boost
|-unboost|p1a: Blissey|atk|1
|
|-weather|Sandstorm|[upkeep]
|-damage|p1a: Blissey|81/100|[from] Sandstorm
|-heal|p1a: Blissey|87/100|[from] item: Leftovers
|upkeep
|turn|15
|
|t:|1709936796
|switch|p1a: Landorus|Landorus-Therian, M, shiny|100/100
|-ability|p1a: Landorus|Intimidate|boost
|-unboost|p2a: Landorus|atk|1
|move|p2a: Landorus|Earthquake|p1a: Landorus
|-immune|p1a: Landorus
|
|-weather|Sandstorm|[upkeep]
|upkeep
|turn|16
|
|t:|1709936812
|switch|p2a: Latios|Latios, M|100/100
|move|p1a: Landorus|Stealth Rock|p2a: Latios
|-sidestart|p2: ms breadner|move: Stealth Rock
|
|-weather|Sandstorm|[upkeep]
|-damage|p2a: Latios|95/100|[from] Sandstorm
|upkeep
|turn|17
|
|t:|1709936820
|switch|p1a: Blissey|Blissey, F, shiny|87/100
|move|p2a: Latios|Draco Meteor|p1a: Blissey|[miss]
|-miss|p2a: Latios|p1a: Blissey
|
|-weather|Sandstorm|[upkeep]
|-damage|p2a: Latios|89/100|[from] Sandstorm
|-damage|p1a: Blissey|81/100|[from] Sandstorm
|-heal|p1a: Blissey|87/100|[from] item: Leftovers
|upkeep
|turn|18
|
|t:|1709936834
|switch|p2a: Rotom|Rotom-Wash|69/100
|-damage|p2a: Rotom|56/100|[from] Stealth Rock
|move|p1a: Blissey|Toxic|p2a: Rotom
|-status|p2a: Rotom|tox
|
|-weather|Sandstorm|[upkeep]
|-damage|p2a: Rotom|50/100 tox|[from] Sandstorm
|-damage|p1a: Blissey|81/100|[from] Sandstorm
|-heal|p2a: Rotom|56/100 tox|[from] item: Leftovers
|-heal|p1a: Blissey|87/100|[from] item: Leftovers
|-damage|p2a: Rotom|50/100 tox|[from] psn
|upkeep
|turn|19
|
|t:|1709936847
|move|p2a: Rotom|Pain Split|p1a: Blissey
|-sethp|p1a: Blissey|54/100|[from] move: Pain Split|[silent]
|-sethp|p2a: Rotom|100/100 tox|[from] move: Pain Split
|move|p1a: Blissey|Seismic Toss|p2a: Rotom
|-damage|p2a: Rotom|68/100 tox
|
|-weather|Sandstorm|[upkeep]
|-damage|p2a: Rotom|61/100 tox|[from] Sandstorm
|-damage|p1a: Blissey|48/100|[from] Sandstorm
|-heal|p2a: Rotom|68/100 tox|[from] item: Leftovers
|-heal|p1a: Blissey|54/100|[from] item: Leftovers
|-damage|p2a: Rotom|55/100 tox|[from] psn
|upkeep
|turn|20
|
|t:|1709936862
|move|p2a: Rotom|Hydro Pump|p1a: Blissey
|-damage|p1a: Blissey|37/100
|move|p1a: Blissey|Soft-Boiled|p1a: Blissey
|-heal|p1a: Blissey|87/100
|
|-weather|Sandstorm|[upkeep]
|-damage|p2a: Rotom|49/100 tox|[from] Sandstorm
|-damage|p1a: Blissey|81/100|[from] Sandstorm
|-heal|p2a: Rotom|55/100 tox|[from] item: Leftovers
|-heal|p1a: Blissey|87/100|[from] item: Leftovers
|-damage|p2a: Rotom|36/100 tox|[from] psn
|upkeep
|turn|21
|
|t:|1709936873
|switch|p1a: Tentacruel|Tentacruel, M, shiny|41/100
|move|p2a: Rotom|Pain Split|p1a: Tentacruel
|-sethp|p1a: Tentacruel|35/100|[from] move: Pain Split|[silent]
|-sethp|p2a: Rotom|42/100 tox|[from] move: Pain Split
|
|-weather|Sandstorm|[upkeep]
|-damage|p1a: Tentacruel|29/100|[from] Sandstorm
|-damage|p2a: Rotom|36/100 tox|[from] Sandstorm
|-heal|p1a: Tentacruel|35/100|[from] item: Black Sludge
|-heal|p2a: Rotom|42/100 tox|[from] item: Leftovers
|-damage|p2a: Rotom|17/100 tox|[from] psn
|upkeep
|turn|22
|
|t:|1709936884
|move|p1a: Tentacruel|Protect|p1a: Tentacruel
|-singleturn|p1a: Tentacruel|Protect
|move|p2a: Rotom|Volt Switch|p1a: Tentacruel
|-activate|p1a: Tentacruel|move: Protect
|
|-weather|Sandstorm|[upkeep]
|-damage|p1a: Tentacruel|29/100|[from] Sandstorm
|-damage|p2a: Rotom|11/100 tox|[from] Sandstorm
|-heal|p1a: Tentacruel|35/100|[from] item: Black Sludge
|-heal|p2a: Rotom|17/100 tox|[from] item: Leftovers
|-damage|p2a: Rotom|0 fnt|[from] psn
|faint|p2a: Rotom
|upkeep
|-message|ms breadner forfeited.
|
|win|leoperi99
|raw|leoperi99's rating: 1448 &rarr; <strong>1467</strong><br />(+19 for winning)
|raw|ms breadner's rating: 1439 &rarr; <strong>1420</strong><br />(-19 for losing)
|l|☆ms breadner
|player|p2|
