|j|☆UnumGenus
|j|☆jamielee20
|t:|1729562081
|gametype|singles
|player|p1|UnumGenus|fisherman-gen4|1500
|player|p2|jamielee20|102|1399
|teamsize|p1|6
|teamsize|p2|6
|gen|5
|tier|[Gen 5] OU
|rated|
|rule|Species Clause: Limit one of each Pokémon
|rule|OHKO Clause: OHKO moves are banned
|rule|Moody Clause: Moody is banned
|rule|Evasion Items Clause: Evasion items are banned
|rule|Evasion Moves Clause: Evasion moves are banned
|rule|Endless Battle Clause: Forcing endless battles is banned
|rule|HP Percentage Mod: HP is shown in percentages
|rule|Evasion Abilities Clause: Evasion abilities are banned
|rule|Sleep Moves Clause: Sleep-inducing moves are banned
|rule|Swagger Clause: Swagger is banned
|rule|Baton Pass Stat Clause: No Baton Passer may have a way to boost its stats
|clearpoke
|poke|p1|Terrakion|item
|poke|p1|Infernape, F|item
|poke|p1|Keldeo|item
|poke|p1|Lucario, M|item
|poke|p1|Scrafty, F|item
|poke|p1|Conkeldurr, F|item
|poke|p2|Tyranitar, M|item
|poke|p2|Conkeldurr, F|item
|poke|p2|Latios, M|item
|poke|p2|Ferrothorn, F|item
|poke|p2|Keldeo|item
|poke|p2|Gastrodon-East, F|item
|teampreview
|inactive|Battle timer is ON: inactive players will automatically lose when time's up. (requested by UnumGenus)
|
|t:|1729562097
|start
|switch|p1a: ゴウカザル|Infernape, F, shiny|100/100
|switch|p2a: Tyranitar|Tyranitar, M|100/100
|-weather|Sandstorm|[from] ability: Sand Stream|[of] p2a: Tyranitar
|turn|1
|
|t:|1729562108
|move|p1a: ゴウカザル|Stealth Rock|p2a: Tyranitar
|-sidestart|p2: jamielee20|move: Stealth Rock
|move|p2a: Tyranitar|Stealth Rock|p1a: ゴウカザル
|-sidestart|p1: UnumGenus|move: Stealth Rock
|
|-weather|Sandstorm|[upkeep]
|-damage|p1a: ゴウカザル|94/100|[from] Sandstorm
|upkeep
|turn|2
|
|t:|1729562122
|move|p1a: ゴウカザル|Close Combat|p2a: Tyranitar
|-supereffective|p2a: Tyranitar
|-enditem|p2a: Tyranitar|Chople Berry|[eat]
|-enditem|p2a: Tyranitar|Chople Berry|[weaken]
|-damage|p2a: Tyranitar|32/100
|-unboost|p1a: ゴウカザル|def|1
|-unboost|p1a: ゴウカザル|spd|1
|move|p2a: Tyranitar|Superpower|p1a: ゴウカザル
|-damage|p1a: ゴウカザル|0 fnt
|-unboost|p2a: Tyranitar|atk|1
|-unboost|p2a: Tyranitar|def|1
|faint|p1a: ゴウカザル
|
|-weather|Sandstorm|[upkeep]
|upkeep
|
|t:|1729562132
|switch|p1a: ケルディオ|Keldeo|100/100
|-damage|p1a: ケルディオ|94/100|[from] Stealth Rock
|turn|3
|c|☆jamielee20|Lol
|
|t:|1729562137
|move|p1a: ケルディオ|Substitute|p1a: ケルディオ
|-start|p1a: ケルディオ|Substitute
|-damage|p1a: ケルディオ|69/100
|move|p2a: Tyranitar|Superpower|p1a: ケルディオ
|-activate|p1a: ケルディオ|Substitute|[damage]
|-unboost|p2a: Tyranitar|atk|1
|-unboost|p2a: Tyranitar|def|1
|
|-weather|Sandstorm|[upkeep]
|-damage|p1a: ケルディオ|63/100|[from] Sandstorm
|-heal|p1a: ケルディオ|69/100|[from] item: Leftovers
|upkeep
|turn|4
|
|t:|1729562151
|switch|p2a: Gastrodon|Gastrodon-East, F|100/100
|-damage|p2a: Gastrodon|94/100|[from] Stealth Rock
|move|p1a: ケルディオ|Calm Mind|p1a: ケルディオ
|-boost|p1a: ケルディオ|spa|1
|-boost|p1a: ケルディオ|spd|1
|
|-weather|Sandstorm|[upkeep]
|-damage|p1a: ケルディオ|63/100|[from] Sandstorm
|-heal|p1a: ケルディオ|69/100|[from] item: Leftovers
|-heal|p2a: Gastrodon|100/100|[from] item: Leftovers
|upkeep
|turn|5
|
|t:|1729562161
|move|p1a: ケルディオ|Calm Mind|p1a: ケルディオ
|-boost|p1a: ケルディオ|spa|1
|-boost|p1a: ケルディオ|spd|1
|move|p2a: Gastrodon|Clear Smog|p1a: ケルディオ
|-end|p1a: ケルディオ|Substitute
|
|-weather|Sandstorm|[upkeep]
|-damage|p1a: ケルディオ|63/100|[from] Sandstorm
|-heal|p1a: ケルディオ|69/100|[from] item: Leftovers
|upkeep
|turn|6
|
|t:|1729562170
|move|p1a: ケルディオ|Substitute|p1a: ケルディオ
|-start|p1a: ケルディオ|Substitute
|-damage|p1a: ケルディオ|44/100
|move|p2a: Gastrodon|Clear Smog|p1a: ケルディオ
|-activate|p1a: ケルディオ|Substitute|[damage]
|
|-weather|Sandstorm|[upkeep]
|-damage|p1a: ケルディオ|38/100|[from] Sandstorm
|-heal|p1a: ケルディオ|44/100|[from] item: Leftovers
|upkeep
|turn|7
|
|t:|1729562183
|move|p1a: ケルディオ|Calm Mind|p1a: ケルディオ
|-boost|p1a: ケルディオ|spa|1
|-boost|p1a: ケルディオ|spd|1
|move|p2a: Gastrodon|Clear Smog|p1a: ケルディオ
|-activate|p1a: ケルディオ|Substitute|[damage]
|
|-weather|Sandstorm|[upkeep]
|-damage|p1a: ケルディオ|38/100|[from] Sandstorm
|-heal|p1a: ケルディオ|44/100|[from] item: Leftovers
|upkeep
|turn|8
|
|t:|1729562195
|move|p1a: ケルディオ|Calm Mind|p1a: ケルディオ
|-boost|p1a: ケルディオ|spa|1
|-boost|p1a: ケルディオ|spd|1
|move|p2a: Gastrodon|Clear Smog|p1a: ケルディオ
|-activate|p1a: ケルディオ|Substitute|[damage]
|
|-weather|Sandstorm|[upkeep]
|-damage|p1a: ケルディオ|38/100|[from] Sandstorm
|-heal|p1a: ケルディオ|44/100|[from] item: Leftovers
|upkeep
|turn|9
|
|t:|1729562206
|switch|p2a: Tyranitar|Tyranitar, M|32/100
|-damage|p2a: Tyranitar|19/100|[from] Stealth Rock
|move|p1a: ケルディオ|Calm Mind|p1a: ケルディオ
|-boost|p1a: ケルディオ|spa|1
|-boost|p1a: ケルディオ|spd|1
|
|-weather|Sandstorm|[upkeep]
|-damage|p1a: ケルディオ|38/100|[from] Sandstorm
|-heal|p1a: ケルディオ|44/100|[from] item: Leftovers
|upkeep
|turn|10
|
|t:|1729562216
|move|p1a: ケルディオ|Secret Sword|p2a: Tyranitar
|-supereffective|p2a: Tyranitar
|-damage|p2a: Tyranitar|0 fnt
|faint|p2a: Tyranitar
|
|-weather|Sandstorm|[upkeep]
|-damage|p1a: ケルディオ|38/100|[from] Sandstorm
|-heal|p1a: ケルディオ|44/100|[from] item: Leftovers
|upkeep
|
|t:|1729562231
|switch|p2a: Latios|Latios, M|100/100
|-damage|p2a: Latios|88/100|[from] Stealth Rock
|turn|11
|
|t:|1729562235
|move|p2a: Latios|Draco Meteor|p1a: ケルディオ
|-end|p1a: ケルディオ|Substitute
|-unboost|p2a: Latios|spa|2
|move|p1a: ケルディオ|Scald|p2a: Latios
|-resisted|p2a: Latios
|-damage|p2a: Latios|30/100
|
|-weather|Sandstorm|[upkeep]
|-damage|p2a: Latios|24/100|[from] Sandstorm
|-damage|p1a: ケルディオ|38/100|[from] Sandstorm
|-heal|p1a: ケルディオ|44/100|[from] item: Leftovers
|upkeep
|turn|12
|
|t:|1729562246
|move|p2a: Latios|Draco Meteor|p1a: ケルディオ
|-crit|p1a: ケルディオ
|-damage|p1a: ケルディオ|0 fnt
|-unboost|p2a: Latios|spa|2
|faint|p1a: ケルディオ
|
|-weather|Sandstorm|[upkeep]
|-damage|p2a: Latios|18/100|[from] Sandstorm
|upkeep
|
|t:|1729562250
|switch|p1a: ルカリオ|Lucario, M, shiny|100/100
|-damage|p1a: ルカリオ|98/100|[from] Stealth Rock
|turn|13
|c|☆jamielee20|nice
|
|t:|1729562260
|move|p2a: Latios|Draco Meteor|p1a: ルカリオ
|-resisted|p1a: ルカリオ
|-damage|p1a: ルカリオ|79/100
|-unboost|p2a: Latios|spa|2
|move|p1a: ルカリオ|Swords Dance|p1a: ルカリオ
|-boost|p1a: ルカリオ|atk|2
|
|-weather|Sandstorm|[upkeep]
|-damage|p2a: Latios|12/100|[from] Sandstorm
|upkeep
|turn|14
|
|t:|1729562269
|move|p2a: Latios|Draco Meteor|p1a: ルカリオ
|-resisted|p1a: ルカリオ
|-damage|p1a: ルカリオ|64/100
|move|p1a: ルカリオ|Swords Dance|p1a: ルカリオ
|-boost|p1a: ルカリオ|atk|2
|
|-weather|Sandstorm|[upkeep]
|-damage|p2a: Latios|6/100|[from] Sandstorm
|upkeep
|turn|15
|
|t:|1729562277
|move|p1a: ルカリオ|Extreme Speed|p2a: Latios
|-damage|p2a: Latios|0 fnt
|faint|p2a: Latios
|-damage|p1a: ルカリオ|54/100|[from] item: Life Orb
|
|-weather|Sandstorm|[upkeep]
|upkeep
|
|t:|1729562286
|switch|p2a: Ferrothorn|Ferrothorn, F|100/100
|-damage|p2a: Ferrothorn|94/100|[from] Stealth Rock
|turn|16
|
|t:|1729562296
|move|p1a: ルカリオ|Close Combat|p2a: Ferrothorn
|-supereffective|p2a: Ferrothorn
|-crit|p2a: Ferrothorn
|-damage|p2a: Ferrothorn|0 fnt
|-unboost|p1a: ルカリオ|def|1
|-unboost|p1a: ルカリオ|spd|1
|-damage|p1a: ルカリオ|42/100|[from] ability: Iron Barbs|[of] p2a: Ferrothorn
|faint|p2a: Ferrothorn
|-damage|p1a: ルカリオ|32/100|[from] item: Life Orb
|
|-weather|Sandstorm|[upkeep]
|upkeep
|
|t:|1729562306
|switch|p2a: Conkeldurr|Conkeldurr, F|100/100
|-damage|p2a: Conkeldurr|94/100|[from] Stealth Rock
|turn|17
|
|t:|1729562309
|move|p1a: ルカリオ|Extreme Speed|p2a: Conkeldurr
|-damage|p2a: Conkeldurr|5/100
|-damage|p1a: ルカリオ|22/100|[from] item: Life Orb
|move|p2a: Conkeldurr|Mach Punch|p1a: ルカリオ
|-supereffective|p1a: ルカリオ
|-damage|p1a: ルカリオ|0 fnt
|faint|p1a: ルカリオ
|-damage|p2a: Conkeldurr|0 fnt|[from] item: Life Orb
|faint|p2a: Conkeldurr
|
|-weather|Sandstorm|[upkeep]
|upkeep
|
|t:|1729562323
|switch|p1a: ローブシン|Conkeldurr, F|100/100
|switch|p2a: Keldeo|Keldeo|100/100
|-damage|p2a: Keldeo|94/100|[from] Stealth Rock
|-damage|p1a: ローブシン|94/100|[from] Stealth Rock
|turn|18
|
|t:|1729562329
|move|p2a: Keldeo|Taunt|p1a: ローブシン
|-start|p1a: ローブシン|move: Taunt
|move|p1a: ローブシン|Drain Punch|p2a: Keldeo
|-damage|p2a: Keldeo|42/100
|-heal|p1a: ローブシン|100/100|[from] drain|[of] p2a: Keldeo
|
|-weather|Sandstorm|[upkeep]
|-damage|p2a: Keldeo|36/100|[from] Sandstorm
|-damage|p1a: ローブシン|94/100|[from] Sandstorm
|-heal|p2a: Keldeo|42/100|[from] item: Leftovers
|-heal|p1a: ローブシン|100/100|[from] item: Leftovers
|upkeep
|turn|19
|
|t:|1729562342
|switch|p2a: Gastrodon|Gastrodon-East, F|100/100
|-damage|p2a: Gastrodon|94/100|[from] Stealth Rock
|move|p1a: ローブシン|Drain Punch|p2a: Gastrodon
|-damage|p2a: Gastrodon|62/100
|
|-weather|Sandstorm|[upkeep]
|-damage|p1a: ローブシン|94/100|[from] Sandstorm
|-heal|p2a: Gastrodon|68/100|[from] item: Leftovers
|-heal|p1a: ローブシン|100/100|[from] item: Leftovers
|upkeep
|turn|20
|
|t:|1729562353
|move|p2a: Gastrodon|Scald|p1a: ローブシン
|-crit|p1a: ローブシン
|-damage|p1a: ローブシン|48/100
|-status|p1a: ローブシン|brn
|move|p1a: ローブシン|Drain Punch|p2a: Gastrodon
|-damage|p2a: Gastrodon|22/100
|-heal|p1a: ローブシン|75/100 brn|[from] drain|[of] p2a: Gastrodon
|
|-weather|Sandstorm|[upkeep]
|-damage|p1a: ローブシン|69/100 brn|[from] Sandstorm
|-heal|p2a: Gastrodon|28/100|[from] item: Leftovers
|-heal|p1a: ローブシン|75/100 brn|[from] item: Leftovers
|-damage|p1a: ローブシン|63/100 brn|[from] brn
|-end|p1a: ローブシン|move: Taunt
|upkeep
|turn|21
|
|t:|1729562369
|move|p2a: Gastrodon|Recover|p2a: Gastrodon
|-heal|p2a: Gastrodon|78/100
|move|p1a: ローブシン|Drain Punch|p2a: Gastrodon
|-damage|p2a: Gastrodon|26/100
|-heal|p1a: ローブシン|94/100 brn|[from] drain|[of] p2a: Gastrodon
|
|-weather|Sandstorm|[upkeep]
|-damage|p1a: ローブシン|88/100 brn|[from] Sandstorm
|-heal|p2a: Gastrodon|32/100|[from] item: Leftovers
|-heal|p1a: ローブシン|94/100 brn|[from] item: Leftovers
|-damage|p1a: ローブシン|82/100 brn|[from] brn
|upkeep
|turn|22
|
|t:|1729562384
|move|p2a: Gastrodon|Scald|p1a: ローブシン
|-damage|p1a: ローブシン|57/100 brn
|move|p1a: ローブシン|Drain Punch|p2a: Gastrodon
|-damage|p2a: Gastrodon|0 fnt
|-heal|p1a: ローブシン|75/100 brn|[from] drain|[of] p2a: Gastrodon
|faint|p2a: Gastrodon
|
|-weather|Sandstorm|[upkeep]
|-damage|p1a: ローブシン|69/100 brn|[from] Sandstorm
|-heal|p1a: ローブシン|75/100 brn|[from] item: Leftovers
|-damage|p1a: ローブシン|63/100 brn|[from] brn
|upkeep
|
|t:|1729562395
|switch|p2a: Keldeo|Keldeo|42/100
|-damage|p2a: Keldeo|36/100|[from] Stealth Rock
|turn|23
|
|t:|1729562399
|move|p1a: ローブシン|Mach Punch|p2a: Keldeo
|-damage|p2a: Keldeo|0 fnt
|faint|p2a: Keldeo
|
|win|UnumGenus
|raw|UnumGenus's rating: 1500 &rarr; <strong>1514</strong><br />(+14 for winning)
|raw|jamielee20's rating: 1399 &rarr; <strong>1385</strong><br />(-14 for losing)
|l|☆jamielee20
|player|p2|
