|j|☆mefu64
|j|☆Crimsonbacon38
|t:|1730606844
|gametype|singles
|player|p1|mefu64|roughneck|1387
|player|p2|Crimsonbacon38|barry|1334
|teamsize|p1|6
|teamsize|p2|6
|gen|5
|tier|[Gen 5] OU
|rated|
|rule|Species Clause: Limit one of each Pokémon
|rule|OHKO Clause: OHKO moves are banned
|rule|Moody Clause: Moody is banned
|rule|Evasion Items Clause: Evasion items are banned
|rule|Evasion Moves Clause: Evasion moves are banned
|rule|Endless Battle Clause: Forcing endless battles is banned
|rule|HP Percentage Mod: HP is shown in percentages
|rule|Evasion Abilities Clause: Evasion abilities are banned
|rule|Sleep Moves Clause: Sleep-inducing moves are banned
|rule|Swagger Clause: Swagger is banned
|rule|Baton Pass Stat Clause: No Baton Passer may have a way to boost its stats
|clearpoke
|poke|p1|Latios, M|item
|poke|p1|Mamoswine, M|item
|poke|p1|Alakazam, F|item
|poke|p1|Rotom-Wash|item
|poke|p1|Zapdos|item
|poke|p1|Tyranitar, F|item
|poke|p2|Tyranitar, F|item
|poke|p2|Excadrill, F|item
|poke|p2|Garchomp, M|item
|poke|p2|Latios, M|item
|poke|p2|Alakazam, F|item
|poke|p2|Ferrothorn, F|item
|teampreview
|l|☆Crimsonbacon38
|player|p2|
|j|☆Crimsonbacon38
|player|p2|Crimsonbacon38|barry|
|
|t:|1730606881
|start
|switch|p1a: Rotom|Rotom-Wash|100/100
|switch|p2a: Ferrothorn|Ferrothorn, F|100/100
|turn|1
|
|t:|1730606887
|move|p1a: Rotom|Will-O-Wisp|p2a: Ferrothorn
|-status|p2a: Ferrothorn|brn
|move|p2a: Ferrothorn|Spikes|p1a: Rotom
|-sidestart|p1: mefu64|Spikes
|
|-damage|p2a: Ferrothorn|88/100 brn|[from] brn
|upkeep
|turn|2
|
|t:|1730606891
|switch|p1a: Zapdos|Zapdos|100/100
|-ability|p1a: Zapdos|Pressure
|move|p2a: Ferrothorn|Power Whip|p1a: Zapdos
|-resisted|p1a: Zapdos
|-damage|p1a: Zapdos|92/100
|
|-heal|p1a: Zapdos|98/100|[from] item: Leftovers
|-heal|p2a: Ferrothorn|94/100 brn|[from] item: Leftovers
|-damage|p2a: Ferrothorn|82/100 brn|[from] brn
|upkeep
|turn|3
|
|t:|1730606894
|switch|p2a: Tyranitar|Tyranitar, F|100/100
|-weather|Sandstorm|[from] ability: Sand Stream|[of] p2a: Tyranitar
|move|p1a: Zapdos|Heat Wave|p2a: Tyranitar
|-resisted|p2a: Tyranitar
|-damage|p2a: Tyranitar|91/100
|
|-weather|Sandstorm|[upkeep]
|-damage|p1a: Zapdos|92/100|[from] Sandstorm
|-heal|p1a: Zapdos|98/100|[from] item: Leftovers
|upkeep
|turn|4
|
|t:|1730606900
|-activate|p1a: Zapdos|move: Pursuit
|move|p2a: Tyranitar|Pursuit|p1a: Zapdos|[from]Pursuit
|-damage|p1a: Zapdos|65/100
|switch|p1a: Mamoswine|Mamoswine, M|100/100
|-damage|p1a: Mamoswine|88/100|[from] Spikes
|
|-weather|Sandstorm|[upkeep]
|upkeep
|turn|5
|
|t:|1730606909
|switch|p2a: Latios|Latios, M|100/100
|move|p1a: Mamoswine|Earthquake|p2a: Latios
|-immune|p2a: Latios|[from] ability: Levitate
|
|-weather|Sandstorm|[upkeep]
|-damage|p2a: Latios|95/100|[from] Sandstorm
|upkeep
|turn|6
|
|t:|1730606913
|switch|p1a: Tyranitar|Tyranitar, F|100/100
|-damage|p1a: Tyranitar|88/100|[from] Spikes
|move|p2a: Latios|Surf|p1a: Tyranitar
|-supereffective|p1a: Tyranitar
|-damage|p1a: Tyranitar|58/100
|
|-weather|Sandstorm|[upkeep]
|-damage|p2a: Latios|89/100|[from] Sandstorm
|upkeep
|turn|7
|
|t:|1730606915
|move|p2a: Latios|Surf|p1a: Tyranitar
|-supereffective|p1a: Tyranitar
|-damage|p1a: Tyranitar|28/100
|move|p1a: Tyranitar|Pursuit|p2a: Latios
|-supereffective|p2a: Latios
|-damage|p2a: Latios|30/100
|
|-weather|Sandstorm|[upkeep]
|-damage|p2a: Latios|24/100|[from] Sandstorm
|upkeep
|turn|8
|
|t:|1730606922
|move|p2a: Latios|Surf|p1a: Tyranitar
|-supereffective|p1a: Tyranitar
|-damage|p1a: Tyranitar|0 fnt
|faint|p1a: Tyranitar
|
|-weather|Sandstorm|[upkeep]
|-damage|p2a: Latios|18/100|[from] Sandstorm
|upkeep
|
|t:|1730606930
|switch|p1a: Mamoswine|Mamoswine, M|88/100
|-damage|p1a: Mamoswine|76/100|[from] Spikes
|turn|9
|
|t:|1730606935
|switch|p2a: Excadrill|Excadrill, F|100/100
|move|p1a: Mamoswine|Ice Shard|p2a: Excadrill
|-crit|p2a: Excadrill
|-damage|p2a: Excadrill|12/100
|
|-weather|Sandstorm|[upkeep]
|-heal|p2a: Excadrill|18/100|[from] item: Leftovers
|upkeep
|turn|10
|
|t:|1730606944
|move|p1a: Mamoswine|Ice Shard|p2a: Excadrill
|-damage|p2a: Excadrill|0 fnt
|faint|p2a: Excadrill
|
|-weather|Sandstorm|[upkeep]
|upkeep
|
|t:|1730606949
|switch|p2a: Ferrothorn|Ferrothorn, F|82/100 brn
|turn|11
|
|t:|1730606952
|switch|p1a: Zapdos|Zapdos|65/100
|-ability|p1a: Zapdos|Pressure
|move|p2a: Ferrothorn|Power Whip|p1a: Zapdos
|-resisted|p1a: Zapdos
|-damage|p1a: Zapdos|58/100
|
|-weather|Sandstorm|[upkeep]
|-damage|p1a: Zapdos|52/100|[from] Sandstorm
|-heal|p1a: Zapdos|58/100|[from] item: Leftovers
|-heal|p2a: Ferrothorn|88/100 brn|[from] item: Leftovers
|-damage|p2a: Ferrothorn|75/100 brn|[from] brn
|upkeep
|turn|12
|
|t:|1730606956
|switch|p2a: Garchomp|Garchomp, M|100/100
|move|p1a: Zapdos|Heat Wave|p2a: Garchomp
|-resisted|p2a: Garchomp
|-damage|p2a: Garchomp|85/100
|
|-weather|Sandstorm|[upkeep]
|-damage|p1a: Zapdos|52/100|[from] Sandstorm
|-heal|p2a: Garchomp|91/100|[from] item: Leftovers
|-heal|p1a: Zapdos|58/100|[from] item: Leftovers
|upkeep
|turn|13
|
|t:|1730606961
|move|p2a: Garchomp|Stealth Rock|p1a: Zapdos
|-sidestart|p1: mefu64|move: Stealth Rock
|move|p1a: Zapdos|Roost|p1a: Zapdos
|-heal|p1a: Zapdos|100/100
|-singleturn|p1a: Zapdos|move: Roost
|
|-weather|Sandstorm|[upkeep]
|-damage|p1a: Zapdos|94/100|[from] Sandstorm
|-heal|p2a: Garchomp|97/100|[from] item: Leftovers
|-heal|p1a: Zapdos|100/100|[from] item: Leftovers
|upkeep
|turn|14
|
|t:|1730606963
|move|p2a: Garchomp|Swords Dance|p2a: Garchomp
|-boost|p2a: Garchomp|atk|2
|move|p1a: Zapdos|Hidden Power|p2a: Garchomp
|-supereffective|p2a: Garchomp
|-crit|p2a: Garchomp
|-damage|p2a: Garchomp|0 fnt
|faint|p2a: Garchomp
|
|-weather|Sandstorm|[upkeep]
|-damage|p1a: Zapdos|94/100|[from] Sandstorm
|-heal|p1a: Zapdos|100/100|[from] item: Leftovers
|upkeep
|
|t:|1730606971
|switch|p2a: Tyranitar|Tyranitar, F|91/100
|turn|15
|
|t:|1730606979
|-activate|p1a: Zapdos|move: Pursuit
|move|p2a: Tyranitar|Pursuit|p1a: Zapdos|[from]Pursuit
|-damage|p1a: Zapdos|64/100
|switch|p1a: Rotom|Rotom-Wash|100/100
|-damage|p1a: Rotom|88/100|[from] Stealth Rock
|
|-weather|Sandstorm|[upkeep]
|-damage|p1a: Rotom|82/100|[from] Sandstorm
|-heal|p1a: Rotom|88/100|[from] item: Leftovers
|upkeep
|turn|16
|
|t:|1730606988
|switch|p2a: Latios|Latios, M|18/100
|move|p1a: Rotom|Thunder Wave|p2a: Latios
|-status|p2a: Latios|par
|
|-weather|Sandstorm|[upkeep]
|-damage|p1a: Rotom|82/100|[from] Sandstorm
|-damage|p2a: Latios|12/100 par|[from] Sandstorm
|-heal|p1a: Rotom|88/100|[from] item: Leftovers
|upkeep
|turn|17
|
|t:|1730606993
|move|p1a: Rotom|Thunderbolt|p2a: Latios
|-resisted|p2a: Latios
|-damage|p2a: Latios|0 fnt
|faint|p2a: Latios
|
|-weather|Sandstorm|[upkeep]
|-damage|p1a: Rotom|82/100|[from] Sandstorm
|-heal|p1a: Rotom|88/100|[from] item: Leftovers
|upkeep
|
|t:|1730607000
|switch|p2a: Alakazam|Alakazam, F|100/100
|turn|18
|
|t:|1730607003
|move|p2a: Alakazam|Energy Ball|p1a: Rotom
|-supereffective|p1a: Rotom
|-damage|p1a: Rotom|30/100
|move|p1a: Rotom|Thunder Wave|p2a: Alakazam
|-status|p2a: Alakazam|par
|
|-weather|Sandstorm|[upkeep]
|-damage|p1a: Rotom|24/100|[from] Sandstorm
|-heal|p1a: Rotom|30/100|[from] item: Leftovers
|upkeep
|turn|19
|
|t:|1730607006
|move|p1a: Rotom|Thunderbolt|p2a: Alakazam
|-crit|p2a: Alakazam
|-enditem|p2a: Alakazam|Focus Sash
|-damage|p2a: Alakazam|1/100 par
|cant|p2a: Alakazam|par
|
|-weather|Sandstorm|[upkeep]
|-damage|p1a: Rotom|24/100|[from] Sandstorm
|-heal|p1a: Rotom|30/100|[from] item: Leftovers
|upkeep
|turn|20
|
|t:|1730607009
|move|p1a: Rotom|Thunderbolt|p2a: Alakazam
|-damage|p2a: Alakazam|0 fnt
|faint|p2a: Alakazam
|
|-weather|Sandstorm|[upkeep]
|-damage|p1a: Rotom|24/100|[from] Sandstorm
|-heal|p1a: Rotom|30/100|[from] item: Leftovers
|upkeep
|
|t:|1730607011
|switch|p2a: Tyranitar|Tyranitar, F|91/100
|turn|21
|
|t:|1730607014
|move|p2a: Tyranitar|Crunch|p1a: Rotom
|-damage|p1a: Rotom|0 fnt
|faint|p1a: Rotom
|
|-weather|Sandstorm|[upkeep]
|upkeep
|
|t:|1730607019
|switch|p1a: Mamoswine|Mamoswine, M|76/100
|-damage|p1a: Mamoswine|63/100|[from] Spikes
|-damage|p1a: Mamoswine|51/100|[from] Stealth Rock
|turn|22
|
|t:|1730607023
|move|p2a: Tyranitar|Crunch|p1a: Mamoswine
|-damage|p1a: Mamoswine|2/100
|move|p1a: Mamoswine|Earthquake|p2a: Tyranitar
|-supereffective|p2a: Tyranitar
|-damage|p2a: Tyranitar|0 fnt
|faint|p2a: Tyranitar
|
|-weather|Sandstorm|[upkeep]
|upkeep
|
|t:|1730607027
|switch|p2a: Ferrothorn|Ferrothorn, F|75/100 brn
|turn|23
|
|t:|1730607028
|move|p1a: Mamoswine|Earthquake|p2a: Ferrothorn
|-crit|p2a: Ferrothorn
|-damage|p2a: Ferrothorn|0 fnt
|faint|p2a: Ferrothorn
|
|win|mefu64
|raw|mefu64's rating: 1387 &rarr; <strong>1404</strong><br />(+17 for winning)
|raw|Crimsonbacon38's rating: 1334 &rarr; <strong>1317</strong><br />(-17 for losing)
|c|☆mefu64|gg
|l|☆Crimsonbacon38
|player|p2|
