|j|☆krukz
|j|☆killerfishsandiego
|t:|1731133930
|gametype|singles
|player|p1|krukz|101|1433
|player|p2|killerfishsandiego|1|1559
|teamsize|p1|6
|teamsize|p2|6
|gen|5
|tier|[Gen 5] OU
|rated|
|rule|Species Clause: Limit one of each Pokémon
|rule|OHKO Clause: OHKO moves are banned
|rule|Moody Clause: Moody is banned
|rule|Evasion Items Clause: Evasion items are banned
|rule|Evasion Moves Clause: Evasion moves are banned
|rule|Endless Battle Clause: Forcing endless battles is banned
|rule|HP Percentage Mod: HP is shown in percentages
|rule|Evasion Abilities Clause: Evasion abilities are banned
|rule|Sleep Moves Clause: Sleep-inducing moves are banned
|rule|Swagger Clause: Swagger is banned
|rule|Baton Pass Stat Clause: No Baton Passer may have a way to boost its stats
|clearpoke
|poke|p1|Alakazam, F|item
|poke|p1|Latios, M|item
|poke|p1|Landorus-Therian, M|item
|poke|p1|Rotom-Wash|item
|poke|p1|Tyranitar, F|item
|poke|p1|Skarmory, M|item
|poke|p2|Gliscor, F|item
|poke|p2|Starmie|item
|poke|p2|Blissey, F|item
|poke|p2|Quagsire, M|item
|poke|p2|Tyranitar, F|item
|poke|p2|Skarmory, M|item
|teampreview
|
|t:|1731133949
|start
|switch|p1a: Tyranitar|Tyranitar, F|100/100
|switch|p2a: Gliscor|Gliscor, F|100/100
|-weather|Sandstorm|[from] ability: Sand Stream|[of] p1a: Tyranitar
|turn|1
|
|t:|1731133960
|move|p1a: Tyranitar|Ice Beam|p2a: Gliscor
|-supereffective|p2a: Gliscor
|-damage|p2a: Gliscor|0 fnt
|faint|p2a: Gliscor
|
|-weather|Sandstorm|[upkeep]
|upkeep
|inactive|Battle timer is ON: inactive players will automatically lose when time's up. (requested by krukz)
|c|☆killerfishsandiego|Who leads tar and then ice beams into glisc
|
|t:|1731133983
|switch|p2a: Skarmory|Skarmory, M|100/100
|turn|2
|c|☆krukz|me
|
|t:|1731133994
|switch|p1a: Landorus|Landorus-Therian, M|100/100
|-ability|p1a: Landorus|Intimidate|boost
|-unboost|p2a: Skarmory|atk|1
|move|p2a: Skarmory|Spikes|p1a: Landorus
|-sidestart|p1: krukz|Spikes
|
|-weather|Sandstorm|[upkeep]
|upkeep
|turn|3
|
|t:|1731134003
|move|p1a: Landorus|Stealth Rock|p2a: Skarmory
|-sidestart|p2: killerfishsandiego|move: Stealth Rock
|move|p2a: Skarmory|Spikes|p1a: Landorus
|-sidestart|p1: krukz|Spikes
|
|-weather|Sandstorm|[upkeep]
|upkeep
|turn|4
|
|t:|1731134007
|move|p1a: Landorus|U-turn|p2a: Skarmory
|-resisted|p2a: Skarmory
|-damage|p2a: Skarmory|97/100
|-damage|p1a: Landorus|84/100|[from] item: Rocky Helmet|[of] p2a: Skarmory
|
|t:|1731134013
|switch|p1a: Rotom|Rotom-Wash|100/100|[from] U-turn
|move|p2a: Skarmory|Spikes|p1a: Rotom
|-sidestart|p1: krukz|Spikes
|
|-weather|Sandstorm|[upkeep]
|-damage|p1a: Rotom|94/100|[from] Sandstorm
|-heal|p1a: Rotom|100/100|[from] item: Leftovers
|upkeep
|turn|5
|
|t:|1731134020
|switch|p2a: Tyranitar|Tyranitar, F|100/100
|-damage|p2a: Tyranitar|88/100|[from] Stealth Rock
|move|p1a: Rotom|Volt Switch|p2a: Tyranitar
|-damage|p2a: Tyranitar|71/100
|
|t:|1731134023
|switch|p1a: Landorus|Landorus-Therian, M|84/100|[from] Volt Switch
|-ability|p1a: Landorus|Intimidate|boost
|-unboost|p2a: Tyranitar|atk|1
|
|-weather|Sandstorm|[upkeep]
|-heal|p1a: Landorus|90/100|[from] item: Leftovers
|upkeep
|turn|6
|inactive|krukz has 120 seconds left.
|inactive|krukz has 90 seconds left.
|
|t:|1731134084
|switch|p2a: Quagsire|Quagsire, M|100/100
|-damage|p2a: Quagsire|94/100|[from] Stealth Rock
|switch|p1a: Rotom|Rotom-Wash|100/100
|
|-weather|Sandstorm|[upkeep]
|-damage|p1a: Rotom|94/100|[from] Sandstorm
|-heal|p1a: Rotom|100/100|[from] item: Leftovers
|-heal|p2a: Quagsire|100/100|[from] item: Leftovers
|upkeep
|turn|7
|
|t:|1731134090
|switch|p2a: Blissey|Blissey, F|100/100
|-damage|p2a: Blissey|88/100|[from] Stealth Rock
|move|p1a: Rotom|Will-O-Wisp|p2a: Blissey|[miss]
|-miss|p1a: Rotom|p2a: Blissey
|
|-weather|Sandstorm|[upkeep]
|-damage|p1a: Rotom|94/100|[from] Sandstorm
|-damage|p2a: Blissey|82/100|[from] Sandstorm
|-heal|p1a: Rotom|100/100|[from] item: Leftovers
|-heal|p2a: Blissey|88/100|[from] item: Leftovers
|upkeep
|turn|8
|
|t:|1731134095
|move|p1a: Rotom|Volt Switch|p2a: Blissey
|-damage|p2a: Blissey|80/100
|
|t:|1731134099
|switch|p1a: Tyranitar|Tyranitar, F|100/100|[from] Volt Switch
|-damage|p1a: Tyranitar|76/100|[from] Spikes
|move|p2a: Blissey|Seismic Toss|p1a: Tyranitar
|-damage|p1a: Tyranitar|46/100
|
|-weather|Sandstorm|[upkeep]
|-damage|p2a: Blissey|73/100|[from] Sandstorm
|-heal|p2a: Blissey|80/100|[from] item: Leftovers
|upkeep
|turn|9
|inactive|krukz has 120 seconds left.
|
|t:|1731134111
|switch|p2a: Quagsire|Quagsire, M|100/100
|-damage|p2a: Quagsire|94/100|[from] Stealth Rock
|move|p1a: Tyranitar|Ice Beam|p2a: Quagsire
|-damage|p2a: Quagsire|70/100
|
|-weather|Sandstorm|[upkeep]
|-heal|p2a: Quagsire|76/100|[from] item: Leftovers
|upkeep
|turn|10
|inactive|krukz has 120 seconds left.
|
|t:|1731134116
|switch|p1a: Skarmory|Skarmory, M|100/100
|move|p2a: Quagsire|Ice Beam|p1a: Skarmory
|-damage|p1a: Skarmory|87/100
|
|-weather|Sandstorm|[upkeep]
|-heal|p1a: Skarmory|93/100|[from] item: Leftovers
|-heal|p2a: Quagsire|82/100|[from] item: Leftovers
|upkeep
|turn|11
|
|t:|1731134120
|switch|p2a: Starmie|Starmie|100/100
|-damage|p2a: Starmie|88/100|[from] Stealth Rock
|move|p1a: Skarmory|Spikes|p2a: Starmie
|-sidestart|p2: killerfishsandiego|Spikes
|
|-weather|Sandstorm|[upkeep]
|-damage|p2a: Starmie|82/100|[from] Sandstorm
|-heal|p2a: Starmie|88/100|[from] item: Leftovers
|-heal|p1a: Skarmory|99/100|[from] item: Leftovers
|upkeep
|turn|12
|
|t:|1731134124
|move|p2a: Starmie|Rapid Spin|p1a: Skarmory
|-resisted|p1a: Skarmory
|-damage|p1a: Skarmory|98/100
|-sideend|p2: killerfishsandiego|Spikes|[from] move: Rapid Spin|[of] p2a: Starmie
|-sideend|p2: killerfishsandiego|Stealth Rock|[from] move: Rapid Spin|[of] p2a: Starmie
|move|p1a: Skarmory|Brave Bird|p2a: Starmie
|-damage|p2a: Starmie|46/100
|-damage|p1a: Skarmory|85/100|[from] Recoil
|
|-weather|Sandstorm|[upkeep]
|-damage|p2a: Starmie|40/100|[from] Sandstorm
|-heal|p2a: Starmie|46/100|[from] item: Leftovers
|-heal|p1a: Skarmory|91/100|[from] item: Leftovers
|upkeep
|turn|13
|
|t:|1731134129
|switch|p1a: Landorus|Landorus-Therian, M|90/100
|-ability|p1a: Landorus|Intimidate|boost
|-unboost|p2a: Starmie|atk|1
|move|p2a: Starmie|Recover|p2a: Starmie
|-heal|p2a: Starmie|96/100
|
|-weather|Sandstorm|[upkeep]
|-damage|p2a: Starmie|90/100|[from] Sandstorm
|-heal|p2a: Starmie|96/100|[from] item: Leftovers
|-heal|p1a: Landorus|96/100|[from] item: Leftovers
|upkeep
|turn|14
|
|t:|1731134137
|switch|p2a: Quagsire|Quagsire, M|82/100
|switch|p1a: Rotom|Rotom-Wash|100/100
|
|-weather|Sandstorm|[upkeep]
|-damage|p1a: Rotom|94/100|[from] Sandstorm
|-heal|p1a: Rotom|100/100|[from] item: Leftovers
|-heal|p2a: Quagsire|88/100|[from] item: Leftovers
|upkeep
|turn|15
|
|t:|1731134145
|switch|p2a: Blissey|Blissey, F|80/100
|move|p1a: Rotom|Volt Switch|p2a: Blissey
|-crit|p2a: Blissey
|-damage|p2a: Blissey|61/100
|inactive|krukz has 120 seconds left.
|
|t:|1731134184
|switch|p1a: Skarmory|Skarmory, M|91/100|[from] Volt Switch
|
|-weather|Sandstorm|[upkeep]
|-damage|p2a: Blissey|54/100|[from] Sandstorm
|-heal|p1a: Skarmory|97/100|[from] item: Leftovers
|-heal|p2a: Blissey|61/100|[from] item: Leftovers
|upkeep
|turn|16
|
|t:|1731134189
|move|p1a: Skarmory|Spikes|p2a: Blissey
|-sidestart|p2: killerfishsandiego|Spikes
|move|p2a: Blissey|Soft-Boiled|p2a: Blissey
|-heal|p2a: Blissey|100/100
|
|-weather|Sandstorm|[upkeep]
|-damage|p2a: Blissey|94/100|[from] Sandstorm
|-heal|p1a: Skarmory|100/100|[from] item: Leftovers
|-heal|p2a: Blissey|100/100|[from] item: Leftovers
|upkeep
|turn|17
|
|t:|1731134193
|switch|p2a: Starmie|Starmie|96/100
|-damage|p2a: Starmie|84/100|[from] Spikes
|move|p1a: Skarmory|Spikes|p2a: Starmie
|-sidestart|p2: killerfishsandiego|Spikes
|
|-weather|Sandstorm|[upkeep]
|-damage|p2a: Starmie|78/100|[from] Sandstorm
|-heal|p2a: Starmie|84/100|[from] item: Leftovers
|upkeep
|turn|18
|
|t:|1731134196
|move|p2a: Starmie|Rapid Spin|p1a: Skarmory
|-resisted|p1a: Skarmory
|-damage|p1a: Skarmory|99/100
|-sideend|p2: killerfishsandiego|Spikes|[from] move: Rapid Spin|[of] p2a: Starmie
|move|p1a: Skarmory|Brave Bird|p2a: Starmie
|-damage|p2a: Starmie|38/100
|-damage|p1a: Skarmory|85/100|[from] Recoil
|
|-weather|Sandstorm|[upkeep]
|-damage|p2a: Starmie|32/100|[from] Sandstorm
|-heal|p2a: Starmie|38/100|[from] item: Leftovers
|-heal|p1a: Skarmory|91/100|[from] item: Leftovers
|upkeep
|turn|19
|
|t:|1731134200
|move|p2a: Starmie|Recover|p2a: Starmie
|-heal|p2a: Starmie|88/100
|move|p1a: Skarmory|Brave Bird|p2a: Starmie
|-damage|p2a: Starmie|45/100
|-damage|p1a: Skarmory|77/100|[from] Recoil
|
|-weather|Sandstorm|[upkeep]
|-damage|p2a: Starmie|39/100|[from] Sandstorm
|-heal|p2a: Starmie|45/100|[from] item: Leftovers
|-heal|p1a: Skarmory|83/100|[from] item: Leftovers
|upkeep
|turn|20
|
|t:|1731134204
|move|p2a: Starmie|Reflect Type|p1a: Skarmory
|-start|p2a: Starmie|typechange|[from] move: Reflect Type|[of] p1a: Skarmory
|move|p1a: Skarmory|Brave Bird|p2a: Starmie
|-resisted|p2a: Starmie
|-damage|p2a: Starmie|25/100
|-damage|p1a: Skarmory|77/100|[from] Recoil
|
|-weather|Sandstorm|[upkeep]
|-heal|p2a: Starmie|31/100|[from] item: Leftovers
|-heal|p1a: Skarmory|83/100|[from] item: Leftovers
|upkeep
|turn|21
|
|t:|1731134210
|move|p2a: Starmie|Recover|p2a: Starmie
|-heal|p2a: Starmie|81/100
|move|p1a: Skarmory|Spikes|p2a: Starmie
|-sidestart|p2: killerfishsandiego|Spikes
|
|-weather|Sandstorm|[upkeep]
|-heal|p2a: Starmie|87/100|[from] item: Leftovers
|-heal|p1a: Skarmory|89/100|[from] item: Leftovers
|upkeep
|turn|22
|
|t:|1731134218
|switch|p1a: Rotom|Rotom-Wash|100/100
|move|p2a: Starmie|Rapid Spin|p1a: Rotom
|-damage|p1a: Rotom|98/100
|-sideend|p2: killerfishsandiego|Spikes|[from] move: Rapid Spin|[of] p2a: Starmie
|
|-weather|Sandstorm|[upkeep]
|-damage|p1a: Rotom|92/100|[from] Sandstorm
|-heal|p2a: Starmie|93/100|[from] item: Leftovers
|-heal|p1a: Rotom|98/100|[from] item: Leftovers
|upkeep
|turn|23
|
|t:|1731134238
|switch|p2a: Blissey|Blissey, F|100/100
|move|p1a: Rotom|Will-O-Wisp|p2a: Blissey|[miss]
|-miss|p1a: Rotom|p2a: Blissey
|
|-weather|Sandstorm|[upkeep]
|-damage|p1a: Rotom|92/100|[from] Sandstorm
|-damage|p2a: Blissey|94/100|[from] Sandstorm
|-heal|p1a: Rotom|98/100|[from] item: Leftovers
|-heal|p2a: Blissey|100/100|[from] item: Leftovers
|upkeep
|turn|24
|
|t:|1731134246
|move|p1a: Rotom|Will-O-Wisp|p2a: Blissey|[miss]
|-miss|p1a: Rotom|p2a: Blissey
|move|p2a: Blissey|Seismic Toss|p1a: Rotom
|-damage|p1a: Rotom|65/100
|
|-weather|Sandstorm|[upkeep]
|-damage|p1a: Rotom|59/100|[from] Sandstorm
|-damage|p2a: Blissey|94/100|[from] Sandstorm
|-heal|p1a: Rotom|65/100|[from] item: Leftovers
|-heal|p2a: Blissey|100/100|[from] item: Leftovers
|upkeep
|turn|25
|
|t:|1731134250
|move|p1a: Rotom|Will-O-Wisp|p2a: Blissey
|-status|p2a: Blissey|brn
|move|p2a: Blissey|Seismic Toss|p1a: Rotom
|-damage|p1a: Rotom|32/100
|
|-weather|Sandstorm|[upkeep]
|-damage|p1a: Rotom|26/100|[from] Sandstorm
|-damage|p2a: Blissey|94/100 brn|[from] Sandstorm
|-heal|p1a: Rotom|32/100|[from] item: Leftovers
|-heal|p2a: Blissey|100/100 brn|[from] item: Leftovers
|-damage|p2a: Blissey|88/100 brn|[from] brn
|upkeep
|turn|26
|
|t:|1731134254
|-curestatus|p2a: Blissey|brn|[from] ability: Natural Cure
|switch|p2a: Tyranitar|Tyranitar, F|71/100
|move|p1a: Rotom|Pain Split|p2a: Tyranitar
|-sethp|p2a: Tyranitar|50/100|[from] move: Pain Split|[silent]
|-sethp|p1a: Rotom|57/100|[from] move: Pain Split
|
|-weather|Sandstorm|[upkeep]
|-damage|p1a: Rotom|51/100|[from] Sandstorm
|-heal|p1a: Rotom|57/100|[from] item: Leftovers
|upkeep
|turn|27
|
|t:|1731134261
|move|p2a: Tyranitar|Crunch|p1a: Rotom
|-damage|p1a: Rotom|23/100
|-unboost|p1a: Rotom|def|1
|move|p1a: Rotom|Hydro Pump|p2a: Tyranitar
|-supereffective|p2a: Tyranitar
|-damage|p2a: Tyranitar|0 fnt
|faint|p2a: Tyranitar
|
|-weather|Sandstorm|[upkeep]
|-damage|p1a: Rotom|17/100|[from] Sandstorm
|-heal|p1a: Rotom|23/100|[from] item: Leftovers
|upkeep
|
|t:|1731134264
|switch|p2a: Starmie|Starmie|93/100
|turn|28
|
|t:|1731134271
|switch|p1a: Latios|Latios, M|100/100
|move|p2a: Starmie|Psyshock|p1a: Latios
|-resisted|p1a: Latios
|-damage|p1a: Latios|83/100
|
|-weather|Sandstorm|[upkeep]
|-damage|p2a: Starmie|87/100|[from] Sandstorm
|-damage|p1a: Latios|77/100|[from] Sandstorm
|-heal|p2a: Starmie|93/100|[from] item: Leftovers
|upkeep
|turn|29
|
|t:|1731134278
|switch|p2a: Skarmory|Skarmory, M|97/100
|move|p1a: Latios|Trick|p2a: Skarmory
|-activate|p1a: Latios|move: Trick|[of] p2a: Skarmory
|-item|p2a: Skarmory|Choice Specs|[from] move: Trick
|-item|p1a: Latios|Rocky Helmet|[from] move: Trick
|
|-weather|Sandstorm|[upkeep]
|-damage|p1a: Latios|71/100|[from] Sandstorm
|upkeep
|turn|30
|
|t:|1731134284
|switch|p2a: Blissey|Blissey, F|88/100
|move|p1a: Latios|Surf|p2a: Blissey
|-damage|p2a: Blissey|76/100
|
|-weather|Sandstorm|[upkeep]
|-damage|p1a: Latios|65/100|[from] Sandstorm
|-damage|p2a: Blissey|69/100|[from] Sandstorm
|-heal|p2a: Blissey|76/100|[from] item: Leftovers
|upkeep
|turn|31
|
|t:|1731134293
|switch|p1a: Rotom|Rotom-Wash|23/100
|move|p2a: Blissey|Seismic Toss|p1a: Rotom
|-damage|p1a: Rotom|0 fnt
|faint|p1a: Rotom
|
|-weather|Sandstorm|[upkeep]
|-damage|p2a: Blissey|69/100|[from] Sandstorm
|-heal|p2a: Blissey|76/100|[from] item: Leftovers
|upkeep
|
|t:|1731134300
|switch|p1a: Landorus|Landorus-Therian, M|96/100
|-ability|p1a: Landorus|Intimidate|boost
|-unboost|p2a: Blissey|atk|1
|turn|32
|
|t:|1731134304
|switch|p2a: Skarmory|Skarmory, M|97/100
|move|p1a: Landorus|Stealth Rock|p2a: Skarmory
|-sidestart|p2: killerfishsandiego|move: Stealth Rock
|
|-weather|Sandstorm|[upkeep]
|-heal|p1a: Landorus|100/100|[from] item: Leftovers
|upkeep
|turn|33
|
|t:|1731134317
|move|p1a: Landorus|Hidden Power|p2a: Skarmory
|-damage|p2a: Skarmory|81/100
|move|p2a: Skarmory|Whirlwind|p1a: Landorus
|drag|p1a: Alakazam|Alakazam, F|100/100
|
|-weather|Sandstorm|[upkeep]
|upkeep
|turn|34
|
|t:|1731134325
|move|p1a: Alakazam|Psychic|p2a: Skarmory
|-resisted|p2a: Skarmory
|-damage|p2a: Skarmory|53/100
|move|p2a: Skarmory|Whirlwind|p1a: Alakazam
|drag|p1a: Skarmory|Skarmory, M|89/100
|
|-weather|Sandstorm|[upkeep]
|-heal|p1a: Skarmory|95/100|[from] item: Leftovers
|upkeep
|turn|35
|
|t:|1731134334
|switch|p2a: Starmie|Starmie|93/100
|-damage|p2a: Starmie|81/100|[from] Stealth Rock
|move|p1a: Skarmory|Spikes|p2a: Starmie
|-sidestart|p2: killerfishsandiego|Spikes
|
|-weather|Sandstorm|[upkeep]
|-damage|p2a: Starmie|75/100|[from] Sandstorm
|-heal|p2a: Starmie|81/100|[from] item: Leftovers
|-heal|p1a: Skarmory|100/100|[from] item: Leftovers
|upkeep
|turn|36
|
|t:|1731134339
|switch|p1a: Tyranitar|Tyranitar, F|46/100
|-damage|p1a: Tyranitar|21/100|[from] Spikes
|move|p2a: Starmie|Rapid Spin|p1a: Tyranitar
|-resisted|p1a: Tyranitar
|-damage|p1a: Tyranitar|20/100
|-sideend|p2: killerfishsandiego|Spikes|[from] move: Rapid Spin|[of] p2a: Starmie
|-sideend|p2: killerfishsandiego|Stealth Rock|[from] move: Rapid Spin|[of] p2a: Starmie
|
|-weather|Sandstorm|[upkeep]
|-damage|p2a: Starmie|75/100|[from] Sandstorm
|-heal|p2a: Starmie|81/100|[from] item: Leftovers
|upkeep
|turn|37
|
|t:|1731134345
|move|p1a: Tyranitar|Crunch|p2a: Starmie
|-supereffective|p2a: Starmie
|-damage|p2a: Starmie|0 fnt
|faint|p2a: Starmie
|
|-weather|Sandstorm|[upkeep]
|upkeep
|
|t:|1731134356
|switch|p2a: Skarmory|Skarmory, M|53/100
|turn|38
|
|t:|1731134361
|move|p1a: Tyranitar|Crunch|p2a: Skarmory
|-resisted|p2a: Skarmory
|-damage|p2a: Skarmory|37/100
|-unboost|p2a: Skarmory|def|1
|move|p2a: Skarmory|Roost|p2a: Skarmory
|-heal|p2a: Skarmory|88/100
|-singleturn|p2a: Skarmory|move: Roost
|
|-weather|Sandstorm|[upkeep]
|upkeep
|turn|39
|
|t:|1731134368
|switch|p2a: Quagsire|Quagsire, M|88/100
|move|p1a: Tyranitar|Crunch|p2a: Quagsire
|-damage|p2a: Quagsire|59/100
|-unboost|p2a: Quagsire|def|1
|
|-weather|Sandstorm|[upkeep]
|-heal|p2a: Quagsire|65/100|[from] item: Leftovers
|upkeep
|turn|40
|
|t:|1731134371
|switch|p2a: Skarmory|Skarmory, M|88/100
|move|p1a: Tyranitar|Crunch|p2a: Skarmory
|-resisted|p2a: Skarmory
|-damage|p2a: Skarmory|73/100
|-unboost|p2a: Skarmory|def|1
|
|-weather|Sandstorm|[upkeep]
|upkeep
|turn|41
|c|☆killerfishsandiego|Jfc
|
|t:|1731134383
|switch|p2a: Quagsire|Quagsire, M|65/100
|move|p1a: Tyranitar|Crunch|p2a: Quagsire
|-damage|p2a: Quagsire|33/100
|
|-weather|Sandstorm|[upkeep]
|-heal|p2a: Quagsire|40/100|[from] item: Leftovers
|upkeep
|turn|42
|j| W611
|
|t:|1731134388
|move|p1a: Tyranitar|Crunch|p2a: Quagsire
|-damage|p2a: Quagsire|8/100
|move|p2a: Quagsire|Recover|p2a: Quagsire
|-heal|p2a: Quagsire|58/100
|
|-weather|Sandstorm|[upkeep]
|-heal|p2a: Quagsire|64/100|[from] item: Leftovers
|upkeep
|turn|43
|
|t:|1731134391
|move|p1a: Tyranitar|Crunch|p2a: Quagsire
|-damage|p2a: Quagsire|36/100
|-unboost|p2a: Quagsire|def|1
|move|p2a: Quagsire|Recover|p2a: Quagsire
|-heal|p2a: Quagsire|86/100
|
|-weather|Sandstorm|[upkeep]
|-heal|p2a: Quagsire|92/100|[from] item: Leftovers
|upkeep
|turn|44
|
|t:|1731134398
|switch|p2a: Skarmory|Skarmory, M|73/100
|move|p1a: Tyranitar|Crunch|p2a: Skarmory
|-resisted|p2a: Skarmory
|-damage|p2a: Skarmory|56/100
|
|-weather|Sandstorm|[upkeep]
|upkeep
|turn|45
|
|t:|1731134410
|switch|p1a: Alakazam|Alakazam, F|100/100
|move|p2a: Skarmory|Whirlwind|p1a: Alakazam
|drag|p1a: Skarmory|Skarmory, M|100/100
|
|-weather|Sandstorm|[upkeep]
|upkeep
|turn|46
|
|t:|1731134417
|switch|p2a: Quagsire|Quagsire, M|92/100
|move|p1a: Skarmory|Spikes|p2a: Quagsire
|-sidestart|p2: killerfishsandiego|Spikes
|
|-weather|Sandstorm|[upkeep]
|-heal|p2a: Quagsire|98/100|[from] item: Leftovers
|upkeep
|turn|47
|
|t:|1731134420
|move|p1a: Skarmory|Spikes|p2a: Quagsire
|-sidestart|p2: killerfishsandiego|Spikes
|move|p2a: Quagsire|Ice Beam|p1a: Skarmory
|-damage|p1a: Skarmory|86/100
|-status|p1a: Skarmory|frz
|
|-weather|Sandstorm|[upkeep]
|-heal|p1a: Skarmory|92/100 frz|[from] item: Leftovers
|-heal|p2a: Quagsire|100/100|[from] item: Leftovers
|upkeep
|turn|48
|
|t:|1731134429
|switch|p2a: Blissey|Blissey, F|76/100
|-damage|p2a: Blissey|59/100|[from] Spikes
|-curestatus|p1a: Skarmory|frz|[msg]
|move|p1a: Skarmory|Spikes|p2a: Blissey
|-sidestart|p2: killerfishsandiego|Spikes
|
|-weather|Sandstorm|[upkeep]
|-damage|p2a: Blissey|53/100|[from] Sandstorm
|-heal|p1a: Skarmory|98/100|[from] item: Leftovers
|-heal|p2a: Blissey|59/100|[from] item: Leftovers
|upkeep
|turn|49
|
|t:|1731134433
|move|p1a: Skarmory|Spikes||[still]
|-fail|p1a: Skarmory
|move|p2a: Blissey|Soft-Boiled|p2a: Blissey
|-heal|p2a: Blissey|100/100
|
|-weather|Sandstorm|[upkeep]
|-damage|p2a: Blissey|94/100|[from] Sandstorm
|-heal|p1a: Skarmory|100/100|[from] item: Leftovers
|-heal|p2a: Blissey|100/100|[from] item: Leftovers
|upkeep
|turn|50
|
|t:|1731134436
|move|p2a: Blissey|Seismic Toss|p1a: Skarmory
|-damage|p1a: Skarmory|71/100
|move|p1a: Skarmory|Whirlwind|p2a: Blissey
|drag|p2a: Quagsire|Quagsire, M|100/100
|-damage|p2a: Quagsire|76/100|[from] Spikes
|
|-weather|Sandstorm|[upkeep]
|-heal|p1a: Skarmory|77/100|[from] item: Leftovers
|-heal|p2a: Quagsire|82/100|[from] item: Leftovers
|upkeep
|turn|51
|
|t:|1731134443
|switch|p1a: Tyranitar|Tyranitar, F|20/100
|-damage|p1a: Tyranitar|0 fnt|[from] Spikes
|faint|p1a: Tyranitar
|move|p2a: Quagsire|Encore|p1: Tyranitar|[notarget]
|-fail|p2a: Quagsire
|
|-weather|Sandstorm|[upkeep]
|-heal|p2a: Quagsire|88/100|[from] item: Leftovers
|upkeep
|
|t:|1731134450
|switch|p1a: Latios|Latios, M|65/100
|turn|52
|
|t:|1731134455
|switch|p2a: Blissey|Blissey, F|100/100
|-damage|p2a: Blissey|76/100|[from] Spikes
|move|p1a: Latios|Draco Meteor|p2a: Blissey
|-damage|p2a: Blissey|48/100
|-unboost|p1a: Latios|spa|2
|
|-weather|Sandstorm|[upkeep]
|-damage|p1a: Latios|59/100|[from] Sandstorm
|-damage|p2a: Blissey|42/100|[from] Sandstorm
|-heal|p2a: Blissey|48/100|[from] item: Leftovers
|upkeep
|turn|53
|
|t:|1731134461
|switch|p1a: Landorus|Landorus-Therian, M|100/100
|-ability|p1a: Landorus|Intimidate|boost
|-unboost|p2a: Blissey|atk|1
|move|p2a: Blissey|Soft-Boiled|p2a: Blissey
|-heal|p2a: Blissey|99/100
|
|-weather|Sandstorm|[upkeep]
|-damage|p2a: Blissey|92/100|[from] Sandstorm
|-heal|p2a: Blissey|99/100|[from] item: Leftovers
|upkeep
|turn|54
|
|t:|1731134472
|switch|p2a: Skarmory|Skarmory, M|56/100
|move|p1a: Landorus|Stealth Rock|p2a: Skarmory
|-sidestart|p2: killerfishsandiego|move: Stealth Rock
|
|-weather|Sandstorm|[upkeep]
|upkeep
|turn|55
|
|t:|1731134482
|switch|p1a: Skarmory|Skarmory, M|77/100
|move|p2a: Skarmory|Roost|p2a: Skarmory
|-heal|p2a: Skarmory|100/100
|-singleturn|p2a: Skarmory|move: Roost
|
|-weather|Sandstorm|[upkeep]
|-heal|p1a: Skarmory|83/100|[from] item: Leftovers
|upkeep
|turn|56
|
|t:|1731134489
|move|p2a: Skarmory|Roost||[still]
|-fail|p2a: Skarmory|heal
|move|p1a: Skarmory|Whirlwind|p2a: Skarmory
|drag|p2a: Quagsire|Quagsire, M|88/100
|-damage|p2a: Quagsire|63/100|[from] Spikes
|-damage|p2a: Quagsire|57/100|[from] Stealth Rock
|
|-weather|Sandstorm|[upkeep]
|-heal|p1a: Skarmory|89/100|[from] item: Leftovers
|-heal|p2a: Quagsire|63/100|[from] item: Leftovers
|upkeep
|turn|57
|
|t:|1731134494
|move|p2a: Quagsire|Recover|p2a: Quagsire
|-heal|p2a: Quagsire|100/100
|move|p1a: Skarmory|Whirlwind|p2a: Quagsire
|drag|p2a: Blissey|Blissey, F|99/100
|-damage|p2a: Blissey|74/100|[from] Spikes
|-damage|p2a: Blissey|61/100|[from] Stealth Rock
|
|-weather|Sandstorm|[upkeep]
|-damage|p2a: Blissey|55/100|[from] Sandstorm
|-heal|p1a: Skarmory|95/100|[from] item: Leftovers
|-heal|p2a: Blissey|61/100|[from] item: Leftovers
|upkeep
|turn|58
|
|t:|1731134498
|move|p2a: Blissey|Soft-Boiled|p2a: Blissey
|-heal|p2a: Blissey|100/100
|move|p1a: Skarmory|Whirlwind|p2a: Blissey
|drag|p2a: Quagsire|Quagsire, M|100/100
|-damage|p2a: Quagsire|76/100|[from] Spikes
|-damage|p2a: Quagsire|70/100|[from] Stealth Rock
|
|-weather|Sandstorm|[upkeep]
|-heal|p1a: Skarmory|100/100|[from] item: Leftovers
|-heal|p2a: Quagsire|76/100|[from] item: Leftovers
|upkeep
|turn|59
|
|t:|1731134505
|move|p2a: Quagsire|Ice Beam|p1a: Skarmory
|-crit|p1a: Skarmory
|-damage|p1a: Skarmory|71/100
|-status|p1a: Skarmory|frz
|cant|p1a: Skarmory|frz
|
|-weather|Sandstorm|[upkeep]
|-heal|p1a: Skarmory|77/100 frz|[from] item: Leftovers
|-heal|p2a: Quagsire|82/100|[from] item: Leftovers
|upkeep
|turn|60
|
|t:|1731134511
|switch|p2a: Blissey|Blissey, F|100/100
|-damage|p2a: Blissey|76/100|[from] Spikes
|-damage|p2a: Blissey|63/100|[from] Stealth Rock
|cant|p1a: Skarmory|frz
|
|-weather|Sandstorm|[upkeep]
|-damage|p2a: Blissey|57/100|[from] Sandstorm
|-heal|p1a: Skarmory|83/100 frz|[from] item: Leftovers
|-heal|p2a: Blissey|63/100|[from] item: Leftovers
|upkeep
|turn|61
|
|t:|1731134518
|cant|p1a: Skarmory|frz
|move|p2a: Blissey|Seismic Toss|p1a: Skarmory
|-damage|p1a: Skarmory|53/100 frz
|
|-weather|Sandstorm|[upkeep]
|-damage|p2a: Blissey|57/100|[from] Sandstorm
|-heal|p1a: Skarmory|59/100 frz|[from] item: Leftovers
|-heal|p2a: Blissey|63/100|[from] item: Leftovers
|upkeep
|turn|62
|
|t:|1731134521
|cant|p1a: Skarmory|frz
|move|p2a: Blissey|Soft-Boiled|p2a: Blissey
|-heal|p2a: Blissey|100/100
|
|-weather|Sandstorm|[upkeep]
|-damage|p2a: Blissey|94/100|[from] Sandstorm
|-heal|p1a: Skarmory|65/100 frz|[from] item: Leftovers
|-heal|p2a: Blissey|100/100|[from] item: Leftovers
|upkeep
|turn|63
|
|t:|1731134524
|cant|p1a: Skarmory|frz
|move|p2a: Blissey|Seismic Toss|p1a: Skarmory
|-damage|p1a: Skarmory|35/100 frz
|
|-weather|Sandstorm|[upkeep]
|-damage|p2a: Blissey|94/100|[from] Sandstorm
|-heal|p1a: Skarmory|41/100 frz|[from] item: Leftovers
|-heal|p2a: Blissey|100/100|[from] item: Leftovers
|upkeep
|turn|64
|
|t:|1731134526
|cant|p1a: Skarmory|frz
|move|p2a: Blissey|Seismic Toss|p1a: Skarmory
|-damage|p1a: Skarmory|11/100 frz
|
|-weather|Sandstorm|[upkeep]
|-damage|p2a: Blissey|94/100|[from] Sandstorm
|-heal|p1a: Skarmory|17/100 frz|[from] item: Leftovers
|-heal|p2a: Blissey|100/100|[from] item: Leftovers
|upkeep
|turn|65
|
|t:|1731134529
|-curestatus|p1a: Skarmory|frz|[msg]
|move|p1a: Skarmory|Roost|p1a: Skarmory
|-heal|p1a: Skarmory|67/100
|-singleturn|p1a: Skarmory|move: Roost
|move|p2a: Blissey|Seismic Toss|p1a: Skarmory
|-damage|p1a: Skarmory|37/100
|
|-weather|Sandstorm|[upkeep]
|-damage|p2a: Blissey|94/100|[from] Sandstorm
|-heal|p1a: Skarmory|43/100|[from] item: Leftovers
|-heal|p2a: Blissey|100/100|[from] item: Leftovers
|upkeep
|turn|66
|
|t:|1731134532
|move|p1a: Skarmory|Roost|p1a: Skarmory
|-heal|p1a: Skarmory|93/100
|-singleturn|p1a: Skarmory|move: Roost
|move|p2a: Blissey|Seismic Toss|p1a: Skarmory
|-damage|p1a: Skarmory|63/100
|
|-weather|Sandstorm|[upkeep]
|-damage|p2a: Blissey|94/100|[from] Sandstorm
|-heal|p1a: Skarmory|69/100|[from] item: Leftovers
|-heal|p2a: Blissey|100/100|[from] item: Leftovers
|upkeep
|turn|67
|
|t:|1731134534
|move|p1a: Skarmory|Roost|p1a: Skarmory
|-heal|p1a: Skarmory|100/100
|-singleturn|p1a: Skarmory|move: Roost
|move|p2a: Blissey|Seismic Toss|p1a: Skarmory
|-damage|p1a: Skarmory|71/100
|
|-weather|Sandstorm|[upkeep]
|-damage|p2a: Blissey|94/100|[from] Sandstorm
|-heal|p1a: Skarmory|77/100|[from] item: Leftovers
|-heal|p2a: Blissey|100/100|[from] item: Leftovers
|upkeep
|turn|68
|
|t:|1731134538
|move|p2a: Blissey|Seismic Toss|p1a: Skarmory
|-damage|p1a: Skarmory|47/100
|move|p1a: Skarmory|Whirlwind|p2a: Blissey
|drag|p2a: Quagsire|Quagsire, M|82/100
|-damage|p2a: Quagsire|57/100|[from] Spikes
|-damage|p2a: Quagsire|51/100|[from] Stealth Rock
|
|-weather|Sandstorm|[upkeep]
|-heal|p1a: Skarmory|53/100|[from] item: Leftovers
|-heal|p2a: Quagsire|57/100|[from] item: Leftovers
|upkeep
|turn|69
|
|t:|1731134543
|move|p2a: Quagsire|Ice Beam|p1a: Skarmory
|-damage|p1a: Skarmory|38/100
|move|p1a: Skarmory|Whirlwind|p2a: Quagsire
|drag|p2a: Blissey|Blissey, F|100/100
|-damage|p2a: Blissey|76/100|[from] Spikes
|-damage|p2a: Blissey|63/100|[from] Stealth Rock
|
|-weather|Sandstorm|[upkeep]
|-damage|p2a: Blissey|57/100|[from] Sandstorm
|-heal|p1a: Skarmory|44/100|[from] item: Leftovers
|-heal|p2a: Blissey|63/100|[from] item: Leftovers
|upkeep
|turn|70
|
|t:|1731134548
|move|p1a: Skarmory|Roost|p1a: Skarmory
|-heal|p1a: Skarmory|94/100
|-singleturn|p1a: Skarmory|move: Roost
|move|p2a: Blissey|Seismic Toss|p1a: Skarmory
|-damage|p1a: Skarmory|64/100
|
|-weather|Sandstorm|[upkeep]
|-damage|p2a: Blissey|57/100|[from] Sandstorm
|-heal|p1a: Skarmory|70/100|[from] item: Leftovers
|-heal|p2a: Blissey|63/100|[from] item: Leftovers
|upkeep
|turn|71
|
|t:|1731134551
|move|p1a: Skarmory|Spikes||[still]
|-fail|p1a: Skarmory
|move|p2a: Blissey|Soft-Boiled|p2a: Blissey
|-heal|p2a: Blissey|100/100
|
|-weather|Sandstorm|[upkeep]
|-damage|p2a: Blissey|94/100|[from] Sandstorm
|-heal|p1a: Skarmory|76/100|[from] item: Leftovers
|-heal|p2a: Blissey|100/100|[from] item: Leftovers
|upkeep
|turn|72
|
|t:|1731134553
|move|p2a: Blissey|Seismic Toss|p1a: Skarmory
|-damage|p1a: Skarmory|46/100
|move|p1a: Skarmory|Whirlwind|p2a: Blissey
|drag|p2a: Skarmory|Skarmory, M|100/100
|-damage|p2a: Skarmory|88/100|[from] Stealth Rock
|
|-weather|Sandstorm|[upkeep]
|-heal|p1a: Skarmory|52/100|[from] item: Leftovers
|upkeep
|turn|73
|
|t:|1731134564
|move|p1a: Skarmory|Roost|p1a: Skarmory
|-heal|p1a: Skarmory|100/100
|-singleturn|p1a: Skarmory|move: Roost
|move|p2a: Skarmory|Whirlwind|p1a: Skarmory
|drag|p1a: Landorus|Landorus-Therian, M|100/100
|-ability|p1a: Landorus|Intimidate|boost
|-unboost|p2a: Skarmory|atk|1
|
|-weather|Sandstorm|[upkeep]
|upkeep
|turn|74
|
|t:|1731134570
|move|p1a: Landorus|Hidden Power|p2a: Skarmory
|-damage|p2a: Skarmory|73/100
|move|p2a: Skarmory|Whirlwind|p1a: Landorus
|drag|p1a: Alakazam|Alakazam, F|100/100
|
|-weather|Sandstorm|[upkeep]
|upkeep
|turn|75
|
|t:|1731134575
|move|p1a: Alakazam|Psychic|p2a: Skarmory
|-resisted|p2a: Skarmory
|-damage|p2a: Skarmory|43/100
|move|p2a: Skarmory|Whirlwind|p1a: Alakazam
|drag|p1a: Landorus|Landorus-Therian, M|100/100
|-ability|p1a: Landorus|Intimidate|boost
|-unboost|p2a: Skarmory|atk|1
|
|-weather|Sandstorm|[upkeep]
|upkeep
|turn|76
|
|t:|1731134581
|move|p1a: Landorus|Hidden Power|p2a: Skarmory
|-damage|p2a: Skarmory|27/100
|move|p2a: Skarmory|Whirlwind|p1a: Landorus
|drag|p1a: Latios|Latios, M|59/100
|
|-weather|Sandstorm|[upkeep]
|-damage|p1a: Latios|53/100|[from] Sandstorm
|upkeep
|turn|77
|
|t:|1731134590
|switch|p1a: Landorus|Landorus-Therian, M|100/100
|-ability|p1a: Landorus|Intimidate|boost
|-unboost|p2a: Skarmory|atk|1
|switch|p2a: Blissey|Blissey, F|100/100
|-damage|p2a: Blissey|76/100|[from] Spikes
|-damage|p2a: Blissey|63/100|[from] Stealth Rock
|
|-weather|Sandstorm|[upkeep]
|-damage|p2a: Blissey|57/100|[from] Sandstorm
|-heal|p2a: Blissey|63/100|[from] item: Leftovers
|upkeep
|turn|78
|
|t:|1731134594
|move|p1a: Landorus|Earthquake|p2a: Blissey
|-damage|p2a: Blissey|20/100
|move|p2a: Blissey|Soft-Boiled|p2a: Blissey
|-heal|p2a: Blissey|71/100
|
|-weather|Sandstorm|[upkeep]
|-damage|p2a: Blissey|64/100|[from] Sandstorm
|-heal|p2a: Blissey|71/100|[from] item: Leftovers
|upkeep
|turn|79
|
|t:|1731134601
|move|p1a: Landorus|Earthquake|p2a: Blissey
|-damage|p2a: Blissey|30/100
|move|p2a: Blissey|Soft-Boiled|p2a: Blissey
|-heal|p2a: Blissey|80/100
|
|-weather|Sandstorm|[upkeep]
|-damage|p2a: Blissey|74/100|[from] Sandstorm
|-heal|p2a: Blissey|80/100|[from] item: Leftovers
|upkeep
|turn|80
|
|t:|1731134609
|move|p1a: Landorus|Earthquake|p2a: Blissey
|-damage|p2a: Blissey|37/100
|move|p2a: Blissey|Soft-Boiled|p2a: Blissey
|-heal|p2a: Blissey|87/100
|
|-weather|Sandstorm|[upkeep]
|-damage|p2a: Blissey|80/100|[from] Sandstorm
|-heal|p2a: Blissey|87/100|[from] item: Leftovers
|upkeep
|turn|81
|
|t:|1731134612
|switch|p2a: Skarmory|Skarmory, M|27/100
|-damage|p2a: Skarmory|15/100|[from] Stealth Rock
|move|p1a: Landorus|Earthquake|p2a: Skarmory
|-immune|p2a: Skarmory
|
|-weather|Sandstorm|[upkeep]
|upkeep
|turn|82
|
|t:|1731134618
|move|p1a: Landorus|Hidden Power|p2a: Skarmory
|-damage|p2a: Skarmory|0 fnt
|faint|p2a: Skarmory
|
|-weather|Sandstorm|[upkeep]
|upkeep
|
|t:|1731134620
|switch|p2a: Quagsire|Quagsire, M|57/100
|-damage|p2a: Quagsire|32/100|[from] Spikes
|-damage|p2a: Quagsire|26/100|[from] Stealth Rock
|turn|83
|
|t:|1731134625
|move|p1a: Landorus|Earthquake|p2a: Quagsire
|-damage|p2a: Quagsire|0 fnt
|faint|p2a: Quagsire
|
|-weather|Sandstorm|[upkeep]
|upkeep
|-message|killerfishsandiego forfeited.
|
|win|krukz
|raw|krukz's rating: 1433 &rarr; <strong>1460</strong><br />(+27 for winning)
|raw|killerfishsandiego's rating: 1559 &rarr; <strong>1532</strong><br />(-27 for losing)
|l|☆killerfishsandiego
|player|p2|
|c|☆krukz|gg
|c| W611|death to big stall
|c|☆krukz|rip
|c|☆krukz|stall kinda sucks in bw
|c|☆krukz|so many hazards
|c| W611|real
