|j|☆Jaajgko
|j|☆JesusKun69
|t:|1749301300
|gametype|singles
|player|p1|Jaajgko|266|1439
|player|p2|JesusKun69|evelyn|1331
|teamsize|p1|6
|teamsize|p2|6
|gen|5
|tier|[Gen 5] OU
|rated|
|rule|Species Clause: Limit one of each Pokémon
|rule|OHKO Clause: OHKO moves are banned
|rule|Moody Clause: Moody is banned
|rule|Evasion Items Clause: Evasion items are banned
|rule|Evasion Moves Clause: Evasion moves are banned
|rule|Endless Battle Clause: Forcing endless battles is banned
|rule|HP Percentage Mod: HP is shown in percentages
|rule|Evasion Abilities Clause: Evasion abilities are banned
|rule|Sleep Moves Clause: Sleep-inducing moves are banned
|rule|Swagger Clause: Swagger is banned
|rule|Baton Pass Stat Clause: No Baton Passer may have a way to boost its stats
|clearpoke
|poke|p1|Forretress, M|item
|poke|p1|Magnezone|item
|poke|p1|Gliscor, F|item
|poke|p1|Chansey, F|item
|poke|p1|Slowbro, F|item
|poke|p1|Garchomp, F|item
|poke|p2|Conkeldurr, F|item
|poke|p2|Latios, M|item
|poke|p2|Jirachi|item
|poke|p2|Claydol|item
|poke|p2|Zoroark, M|item
|poke|p2|Gyarados, F|item
|teampreview
|j| Crowned Crystals ♔
|
|t:|1749301336
|start
|switch|p1a: Garchomp|Garchomp, F|100/100
|switch|p2a: Conkeldurr|Conkeldurr, F|100/100
|turn|1
|
|t:|1749301381
|move|p1a: Garchomp|Toxic|p2a: Conkeldurr
|-status|p2a: Conkeldurr|tox
|move|p2a: Conkeldurr|Ice Punch|p1a: Garchomp
|-supereffective|p1a: Garchomp
|-damage|p1a: Garchomp|0 fnt
|-damage|p2a: Conkeldurr|88/100 tox|[from] ability: Rough Skin|[of] p1a: Garchomp
|faint|p1a: Garchomp
|
|-damage|p2a: Conkeldurr|82/100 tox|[from] psn
|upkeep
|
|t:|1749301386
|switch|p1a: Slowbro|Slowbro, F|100/100
|turn|2
|
|t:|1749301394
|switch|p2a: Latios|Latios, M|100/100
|move|p1a: Slowbro|Scald|p2a: Latios
|-resisted|p2a: Latios
|-damage|p2a: Latios|88/100
|
|upkeep
|turn|3
|
|t:|1749301462
|switch|p1a: Chansey|Chansey, F|100/100
|move|p2a: Latios|Draco Meteor|p1a: Chansey|[miss]
|-miss|p2a: Latios|p1a: Chansey
|
|upkeep
|turn|4
|
|t:|1749301474
|switch|p2a: Jirachi|Jirachi|100/100
|move|p1a: Chansey|Stealth Rock|p2a: Jirachi
|-sidestart|p2: JesusKun69|move: Stealth Rock
|
|upkeep
|turn|5
|
|t:|1749301480
|switch|p1a: Magnezone|Magnezone|100/100
|move|p2a: Jirachi|U-turn|p1a: Magnezone
|-resisted|p1a: Magnezone
|-damage|p1a: Magnezone|91/100
|
|t:|1749301484
|switch|p2a: Claydol|Claydol|100/100|[from] U-turn
|-damage|p2a: Claydol|94/100|[from] Stealth Rock
|
|upkeep
|turn|6
|
|t:|1749301514
|move|p1a: Magnezone|Flash Cannon|p2a: Claydol
|-damage|p2a: Claydol|49/100
|move|p2a: Claydol|Rapid Spin|p1a: Magnezone
|-resisted|p1a: Magnezone
|-damage|p1a: Magnezone|89/100
|-sideend|p2: JesusKun69|Stealth Rock|[from] move: Rapid Spin|[of] p2a: Claydol
|
|upkeep
|turn|7
|
|t:|1749301521
|switch|p1a: Slowbro|Slowbro, F|100/100
|switch|p2a: Jirachi|Jirachi|100/100
|
|upkeep
|turn|8
|
|t:|1749301526
|move|p2a: Jirachi|Stealth Rock|p1a: Slowbro
|-sidestart|p1: Jaajgko|move: Stealth Rock
|move|p1a: Slowbro|Scald|p2a: Jirachi
|-damage|p2a: Jirachi|83/100
|
|upkeep
|turn|9
|
|t:|1749301534
|move|p2a: Jirachi|U-turn|p1a: Slowbro
|-supereffective|p1a: Slowbro
|-damage|p1a: Slowbro|81/100
|
|t:|1749301540
|switch|p2a: Latios|Latios, M|88/100|[from] U-turn
|move|p1a: Slowbro|Scald|p2a: Latios
|-resisted|p2a: Latios
|-damage|p2a: Latios|74/100
|-status|p2a: Latios|brn
|
|-heal|p1a: Slowbro|87/100|[from] item: Leftovers
|-damage|p2a: Latios|62/100 brn|[from] brn
|upkeep
|turn|10
|
|t:|1749301545
|switch|p1a: Chansey|Chansey, F|100/100
|-damage|p1a: Chansey|88/100|[from] Stealth Rock
|move|p2a: Latios|Trick|p1a: Chansey
|-activate|p2a: Latios|move: Trick|[of] p1a: Chansey
|-item|p1a: Chansey|Choice Specs|[from] move: Trick
|-item|p2a: Latios|Eviolite|[from] move: Trick
|
|-damage|p2a: Latios|50/100 brn|[from] brn
|upkeep
|turn|11
|
|t:|1749301555
|switch|p2a: Jirachi|Jirachi|83/100
|move|p1a: Chansey|Stealth Rock|p2a: Jirachi
|-sidestart|p2: JesusKun69|move: Stealth Rock
|
|upkeep
|turn|12
|
|t:|1749301567
|switch|p1a: Slowbro|Slowbro, F|100/100
|-damage|p1a: Slowbro|88/100|[from] Stealth Rock
|move|p2a: Jirachi|U-turn|p1a: Slowbro
|-supereffective|p1a: Slowbro
|-damage|p1a: Slowbro|70/100
|
|t:|1749301575
|switch|p2a: Latios|Latios, M|100/100|[from] U-turn
|-damage|p2a: Latios|88/100|[from] Stealth Rock
|
|-heal|p1a: Slowbro|76/100|[from] item: Leftovers
|upkeep
|turn|13
|
|t:|1749301587
|-activate|p1a: Slowbro|move: Pursuit
|move|p2a: Latios|Pursuit|p1a: Slowbro|[from] Pursuit
|-supereffective|p1a: Slowbro
|-damage|p1a: Slowbro|25/100
|switch|p1a: Magnezone|Magnezone|89/100
|-damage|p1a: Magnezone|83/100|[from] Stealth Rock
|
|upkeep
|turn|14
|
|t:|1749301595
|move|p1a: Magnezone|Volt Switch|p2a: Latios
|-damage|p2a: Latios|9/100
|replace|p2a: Zoroark|Zoroark, M
|-end|p2a: Zoroark|Illusion
|
|t:|1749301602
|switch|p1a: Chansey|Chansey, F|88/100|[from] Volt Switch
|-damage|p1a: Chansey|76/100|[from] Stealth Rock
|move|p2a: Zoroark|Focus Blast|p1a: Chansey
|-supereffective|p1a: Chansey
|-damage|p1a: Chansey|34/100
|
|upkeep
|turn|15
|
|t:|1749301608
|move|p2a: Zoroark|Focus Blast|p1a: Chansey
|-supereffective|p1a: Chansey
|-damage|p1a: Chansey|0 fnt
|faint|p1a: Chansey
|
|upkeep
|
|t:|1749301609
|switch|p1a: Magnezone|Magnezone|83/100
|-damage|p1a: Magnezone|77/100|[from] Stealth Rock
|turn|16
|
|t:|1749301615
|move|p2a: Zoroark|Sucker Punch|p1a: Magnezone
|-resisted|p1a: Magnezone
|-damage|p1a: Magnezone|60/100
|move|p1a: Magnezone|Flash Cannon|p2a: Zoroark
|-damage|p2a: Zoroark|0 fnt
|faint|p2a: Zoroark
|
|upkeep
|
|t:|1749301625
|switch|p2a: Gyarados|Gyarados, F|100/100
|-damage|p2a: Gyarados|76/100|[from] Stealth Rock
|-ability|p2a: Gyarados|Intimidate|boost
|-unboost|p1a: Magnezone|atk|1
|turn|17
|
|t:|1749301631
|switch|p1a: Slowbro|Slowbro, F|58/100
|-damage|p1a: Slowbro|46/100|[from] Stealth Rock
|move|p2a: Gyarados|Dragon Dance|p2a: Gyarados
|-boost|p2a: Gyarados|atk|1
|-boost|p2a: Gyarados|spe|1
|
|-heal|p1a: Slowbro|52/100|[from] item: Leftovers
|upkeep
|turn|18
|l|☆JesusKun69
|player|p2|
|j|☆JesusKun69
|player|p2|JesusKun69|evelyn|
|
|t:|1749301671
|move|p2a: Gyarados|Stone Edge|p1a: Slowbro|[miss]
|-miss|p2a: Gyarados|p1a: Slowbro
|move|p1a: Slowbro|Slack Off|p1a: Slowbro
|-heal|p1a: Slowbro|100/100
|
|upkeep
|turn|19
|
|t:|1749301675
|move|p2a: Gyarados|Dragon Dance|p2a: Gyarados
|-boost|p2a: Gyarados|atk|1
|-boost|p2a: Gyarados|spe|1
|move|p1a: Slowbro|Psyshock|p2a: Gyarados
|-damage|p2a: Gyarados|49/100
|
|upkeep
|turn|20
|
|t:|1749301681
|move|p2a: Gyarados|Stone Edge|p1a: Slowbro
|-damage|p1a: Slowbro|65/100
|move|p1a: Slowbro|Slack Off|p1a: Slowbro
|-heal|p1a: Slowbro|100/100
|
|upkeep
|turn|21
|
|t:|1749301686
|move|p2a: Gyarados|Dragon Dance|p2a: Gyarados
|-boost|p2a: Gyarados|atk|1
|-boost|p2a: Gyarados|spe|1
|move|p1a: Slowbro|Psyshock|p2a: Gyarados
|-damage|p2a: Gyarados|21/100
|
|upkeep
|turn|22
|
|t:|1749301690
|move|p2a: Gyarados|Rest|p2a: Gyarados
|-status|p2a: Gyarados|slp|[from] move: Rest
|-heal|p2a: Gyarados|100/100 slp|[silent]
|-enditem|p2a: Gyarados|Chesto Berry|[eat]
|-curestatus|p2a: Gyarados|slp|[msg]
|move|p1a: Slowbro|Psyshock|p2a: Gyarados
|-damage|p2a: Gyarados|74/100
|
|upkeep
|turn|23
|
|t:|1749301696
|move|p2a: Gyarados|Stone Edge|p1a: Slowbro|[miss]
|-miss|p2a: Gyarados|p1a: Slowbro
|move|p1a: Slowbro|Psyshock|p2a: Gyarados
|-damage|p2a: Gyarados|49/100
|
|upkeep
|turn|24
|
|t:|1749301698
|move|p2a: Gyarados|Stone Edge|p1a: Slowbro
|-damage|p1a: Slowbro|52/100
|move|p1a: Slowbro|Psyshock|p2a: Gyarados
|-damage|p2a: Gyarados|23/100
|
|-heal|p1a: Slowbro|58/100|[from] item: Leftovers
|upkeep
|turn|25
|
|t:|1749301706
|move|p2a: Gyarados|Waterfall|p1a: Slowbro
|-resisted|p1a: Slowbro
|-damage|p1a: Slowbro|32/100
|move|p1a: Slowbro|Psyshock|p2a: Gyarados
|-damage|p2a: Gyarados|0 fnt
|faint|p2a: Gyarados
|
|-heal|p1a: Slowbro|38/100|[from] item: Leftovers
|upkeep
|
|t:|1749301716
|switch|p2a: Claydol|Claydol|49/100
|-damage|p2a: Claydol|43/100|[from] Stealth Rock
|turn|26
|
|t:|1749301719
|switch|p1a: Forretress|Forretress, M|100/100
|-damage|p1a: Forretress|88/100|[from] Stealth Rock
|move|p2a: Claydol|Trick|p1a: Forretress
|-activate|p2a: Claydol|move: Trick|[of] p1a: Forretress
|-item|p1a: Forretress|Choice Scarf|[from] move: Trick
|-item|p2a: Claydol|Leftovers|[from] move: Trick
|
|-heal|p2a: Claydol|49/100|[from] item: Leftovers
|upkeep
|turn|27
|
|t:|1749301722
|move|p2a: Claydol|Rapid Spin|p1a: Forretress
|-resisted|p1a: Forretress
|-damage|p1a: Forretress|87/100
|-sideend|p2: JesusKun69|Stealth Rock|[from] move: Rapid Spin|[of] p2a: Claydol
|move|p1a: Forretress|Rapid Spin|p2a: Claydol
|-damage|p2a: Claydol|45/100
|-sideend|p1: Jaajgko|Stealth Rock|[from] move: Rapid Spin|[of] p1a: Forretress
|
|-heal|p2a: Claydol|51/100|[from] item: Leftovers
|upkeep
|turn|28
|
|t:|1749301742
|move|p2a: Claydol|Psychic|p1a: Forretress
|-resisted|p1a: Forretress
|-damage|p1a: Forretress|70/100
|move|p1a: Forretress|Rapid Spin|p2a: Claydol
|-damage|p2a: Claydol|47/100
|
|-heal|p2a: Claydol|53/100|[from] item: Leftovers
|upkeep
|turn|29
|
|t:|1749301748
|switch|p1a: Gliscor|Gliscor, F|100/100
|move|p2a: Claydol|Earthquake|p1a: Gliscor
|-immune|p1a: Gliscor
|
|-heal|p2a: Claydol|60/100|[from] item: Leftovers
|-status|p1a: Gliscor|tox|[from] item: Toxic Orb
|upkeep
|turn|30
|
|t:|1749301754
|move|p1a: Gliscor|Swords Dance|p1a: Gliscor
|-boost|p1a: Gliscor|atk|2
|move|p2a: Claydol|Psychic|p1a: Gliscor
|-damage|p1a: Gliscor|79/100 tox
|
|-heal|p2a: Claydol|66/100|[from] item: Leftovers
|-heal|p1a: Gliscor|91/100 tox|[from] ability: Poison Heal
|upkeep
|turn|31
|
|t:|1749301759
|switch|p2a: Latios|Latios, M|50/100 brn
|move|p1a: Gliscor|Swords Dance|p1a: Gliscor
|-boost|p1a: Gliscor|atk|2
|
|-heal|p1a: Gliscor|100/100 tox|[from] ability: Poison Heal
|-damage|p2a: Latios|37/100 brn|[from] brn
|upkeep
|turn|32
|
|t:|1749301768
|move|p1a: Gliscor|Protect|p1a: Gliscor
|-singleturn|p1a: Gliscor|Protect
|move|p2a: Latios|Draco Meteor|p1a: Gliscor
|-activate|p1a: Gliscor|move: Protect
|
|-damage|p2a: Latios|25/100 brn|[from] brn
|upkeep
|turn|33
|
|t:|1749301773
|move|p2a: Latios|Draco Meteor|p1a: Gliscor
|-crit|p1a: Gliscor
|-damage|p1a: Gliscor|0 fnt
|-unboost|p2a: Latios|spa|2
|faint|p1a: Gliscor
|
|-damage|p2a: Latios|13/100 brn|[from] brn
|upkeep
|
|t:|1749301777
|switch|p1a: Slowbro|Slowbro, F|71/100
|turn|34
|
|t:|1749301781
|move|p2a: Latios|Trick|p1a: Slowbro
|-activate|p2a: Latios|move: Trick|[of] p1a: Slowbro
|-item|p1a: Slowbro|Eviolite|[from] move: Trick
|-item|p2a: Latios|Leftovers|[from] move: Trick
|move|p1a: Slowbro|Ice Beam|p2a: Latios
|-supereffective|p2a: Latios
|-damage|p2a: Latios|0 fnt
|faint|p2a: Latios
|
|upkeep
|
|t:|1749301790
|switch|p2a: Jirachi|Jirachi|83/100
|turn|35
|
|t:|1749301793
|move|p2a: Jirachi|Thunder|p1a: Slowbro|[miss]
|-miss|p2a: Jirachi|p1a: Slowbro
|move|p1a: Slowbro|Scald|p2a: Jirachi
|-damage|p2a: Jirachi|66/100
|-status|p2a: Jirachi|brn
|
|-damage|p2a: Jirachi|54/100 brn|[from] brn
|upkeep
|turn|36
|
|t:|1749301801
|switch|p1a: Magnezone|Magnezone|60/100
|move|p2a: Jirachi|Thunder|p1a: Magnezone
|-resisted|p1a: Magnezone
|-damage|p1a: Magnezone|41/100
|
|-damage|p2a: Jirachi|41/100 brn|[from] brn
|upkeep
|-enditem|p2a: Jirachi|Sitrus Berry|[eat]
|-heal|p2a: Jirachi|66/100 brn|[from] item: Sitrus Berry
|turn|37
|
|t:|1749301807
|move|p1a: Magnezone|Hidden Power|p2a: Jirachi
|-supereffective|p2a: Jirachi
|-damage|p2a: Jirachi|38/100 brn
|move|p2a: Jirachi|Stealth Rock|p1a: Magnezone
|-sidestart|p1: Jaajgko|move: Stealth Rock
|
|-damage|p2a: Jirachi|25/100 brn|[from] brn
|upkeep
|turn|38
|
|t:|1749301812
|move|p1a: Magnezone|Hidden Power|p2a: Jirachi
|-supereffective|p2a: Jirachi
|-damage|p2a: Jirachi|0 fnt
|faint|p2a: Jirachi
|
|upkeep
|
|t:|1749301819
|switch|p2a: Claydol|Claydol|66/100
|turn|39
|
|t:|1749301822
|switch|p1a: Forretress|Forretress, M|70/100
|-damage|p1a: Forretress|58/100|[from] Stealth Rock
|move|p2a: Claydol|Earthquake|p1a: Forretress
|-damage|p1a: Forretress|41/100
|
|-heal|p2a: Claydol|72/100|[from] item: Leftovers
|upkeep
|turn|40
|
|t:|1749301829
|move|p2a: Claydol|Earthquake|p1a: Forretress
|-damage|p1a: Forretress|25/100
|move|p1a: Forretress|Rapid Spin|p2a: Claydol
|-damage|p2a: Claydol|68/100
|-sideend|p1: Jaajgko|Stealth Rock|[from] move: Rapid Spin|[of] p1a: Forretress
|
|-heal|p2a: Claydol|74/100|[from] item: Leftovers
|upkeep
|turn|41
|
|t:|1749301834
|switch|p1a: Slowbro|Slowbro, F|100/100
|move|p2a: Claydol|Earthquake|p1a: Slowbro
|-damage|p1a: Slowbro|83/100
|
|-heal|p2a: Claydol|80/100|[from] item: Leftovers
|upkeep
|turn|42
|
|t:|1749301838
|move|p2a: Claydol|Earthquake|p1a: Slowbro
|-damage|p1a: Slowbro|67/100
|move|p1a: Slowbro|Scald|p2a: Claydol
|-supereffective|p2a: Claydol
|-damage|p2a: Claydol|19/100
|
|-heal|p2a: Claydol|25/100|[from] item: Leftovers
|upkeep
|turn|43
|
|t:|1749301846
|move|p2a: Claydol|Earthquake|p1a: Slowbro
|-damage|p1a: Slowbro|49/100
|move|p1a: Slowbro|Slack Off|p1a: Slowbro
|-heal|p1a: Slowbro|99/100
|
|-heal|p2a: Claydol|31/100|[from] item: Leftovers
|upkeep
|turn|44
|
|t:|1749301851
|move|p2a: Claydol|Earthquake|p1a: Slowbro
|-damage|p1a: Slowbro|84/100
|move|p1a: Slowbro|Slack Off|p1a: Slowbro
|-heal|p1a: Slowbro|100/100
|
|-heal|p2a: Claydol|38/100|[from] item: Leftovers
|upkeep
|turn|45
|
|t:|1749301857
|move|p2a: Claydol|Earthquake|p1a: Slowbro
|-damage|p1a: Slowbro|83/100
|move|p1a: Slowbro|Ice Beam|p2a: Claydol
|-supereffective|p2a: Claydol
|-damage|p2a: Claydol|0 fnt
|faint|p2a: Claydol
|
|upkeep
|
|t:|1749301862
|switch|p2a: Conkeldurr|Conkeldurr, F|82/100 tox
|turn|46
|
|t:|1749301866
|switch|p1a: Forretress|Forretress, M|25/100
|move|p2a: Conkeldurr|Thunder Punch|p1a: Forretress
|-damage|p1a: Forretress|0 fnt
|faint|p1a: Forretress
|
|-damage|p2a: Conkeldurr|76/100 tox|[from] psn
|upkeep
|
|t:|1749301873
|switch|p1a: Magnezone|Magnezone|41/100
|turn|47
|
|t:|1749301875
|switch|p1a: Slowbro|Slowbro, F|100/100
|move|p2a: Conkeldurr|Thunder Punch|p1a: Slowbro
|-supereffective|p1a: Slowbro
|-damage|p1a: Slowbro|44/100
|
|-damage|p2a: Conkeldurr|64/100 tox|[from] psn
|upkeep
|turn|48
|
|t:|1749301886
|switch|p1a: Magnezone|Magnezone|41/100
|move|p2a: Conkeldurr|Thunder Punch|p1a: Magnezone
|-resisted|p1a: Magnezone
|-damage|p1a: Magnezone|11/100
|
|-damage|p2a: Conkeldurr|46/100 tox|[from] psn
|upkeep
|turn|49
|
|t:|1749301892
|move|p2a: Conkeldurr|Mach Punch|p1a: Magnezone
|-supereffective|p1a: Magnezone
|-damage|p1a: Magnezone|0 fnt
|faint|p1a: Magnezone
|-damage|p2a: Conkeldurr|36/100 tox|[from] item: Life Orb
|
|-damage|p2a: Conkeldurr|12/100 tox|[from] psn
|upkeep
|
|t:|1749301894
|switch|p1a: Slowbro|Slowbro, F|77/100
|turn|50
|
|t:|1749301895
|move|p2a: Conkeldurr|Thunder Punch|p1a: Slowbro
|-supereffective|p1a: Slowbro
|-damage|p1a: Slowbro|21/100
|move|p1a: Slowbro|Psyshock|p2a: Conkeldurr
|-supereffective|p2a: Conkeldurr
|-damage|p2a: Conkeldurr|0 fnt
|faint|p2a: Conkeldurr
|
|win|Jaajgko
|raw|Jaajgko's rating: 1450 &rarr; <strong>1463</strong><br />(+13 for winning)
|raw|JesusKun69's rating: 1331 &rarr; <strong>1318</strong><br />(-13 for losing)
|l|☆Jaajgko
|player|p1|
|l|☆JesusKun69
|player|p2|
