|j|☆killapokeman
|j|☆RedShadow339
|t:|1723342227
|gametype|singles
|player|p1|killapokeman|hoopster|1315
|player|p2|RedShadow339|lance|1383
|teamsize|p1|6
|teamsize|p2|6
|gen|5
|tier|[Gen 5] OU
|rated|
|rule|Species Clause: Limit one of each Pokémon
|rule|OHKO Clause: OHKO moves are banned
|rule|Moody Clause: Moody is banned
|rule|Evasion Items Clause: Evasion items are banned
|rule|Evasion Moves Clause: Evasion moves are banned
|rule|Endless Battle Clause: Forcing endless battles is banned
|rule|HP Percentage Mod: HP is shown in percentages
|rule|Evasion Abilities Clause: Evasion abilities are banned
|rule|Sleep Moves Clause: Sleep-inducing moves are banned
|rule|Swagger Clause: Swagger is banned
|rule|Baton Pass Stat Clause: No Baton Passer may have a way to boost its stats
|clearpoke
|poke|p1|Reuniclus, F|item
|poke|p1|Garchomp, M|item
|poke|p1|Scizor, M|item
|poke|p1|Tyranitar, M|item
|poke|p1|Tentacruel, F|item
|poke|p1|Politoed, M|item
|poke|p2|Tyranitar, M|item
|poke|p2|Alakazam, M|item
|poke|p2|Latios, M|item
|poke|p2|Ferrothorn, F|item
|poke|p2|Keldeo|item
|poke|p2|Landorus-Therian, M|item
|teampreview
|inactive|Battle timer is ON: inactive players will automatically lose when time's up. (requested by killapokeman)
|inactive|RedShadow339 also wants the timer to be on.
|
|t:|1723342245
|start
|switch|p1a: the god of gods.|Politoed, M, shiny|100/100
|switch|p2a: Landorus|Landorus-Therian, M|100/100
|-ability|p2a: Landorus|Intimidate|boost
|-unboost|p1a: the god of gods.|atk|1
|-weather|RainDance|[from] ability: Drizzle|[of] p1a: the god of gods.
|turn|1
|
|t:|1723342251
|switch|p1a: the commander|Tyranitar, M, shiny|100/100
|-weather|Sandstorm|[from] ability: Sand Stream|[of] p1a: the commander
|move|p2a: Landorus|U-turn|p1a: the commander
|-supereffective|p1a: the commander
|-damage|p1a: the commander|62/100
|
|t:|1723342265
|switch|p2a: Keldeo|Keldeo|100/100|[from] U-turn
|
|-weather|Sandstorm|[upkeep]
|-damage|p2a: Keldeo|94/100|[from] Sandstorm
|-heal|p2a: Keldeo|100/100|[from] item: Leftovers
|upkeep
|turn|2
|
|t:|1723342274
|switch|p1a: the specialist|Tentacruel, F, shiny|100/100
|move|p2a: Keldeo|Scald|p1a: the specialist
|-resisted|p1a: the specialist
|-damage|p1a: the specialist|83/100
|
|-weather|Sandstorm|[upkeep]
|-damage|p2a: Keldeo|94/100|[from] Sandstorm
|-damage|p1a: the specialist|77/100|[from] Sandstorm
|-heal|p2a: Keldeo|100/100|[from] item: Leftovers
|-heal|p1a: the specialist|83/100|[from] item: Black Sludge
|upkeep
|turn|3
|
|t:|1723342283
|move|p2a: Keldeo|Protect|p2a: Keldeo
|-singleturn|p2a: Keldeo|Protect
|move|p1a: the specialist|Scald|p2a: Keldeo
|-activate|p2a: Keldeo|move: Protect
|
|-weather|Sandstorm|[upkeep]
|-damage|p2a: Keldeo|94/100|[from] Sandstorm
|-damage|p1a: the specialist|77/100|[from] Sandstorm
|-heal|p2a: Keldeo|100/100|[from] item: Leftovers
|-heal|p1a: the specialist|83/100|[from] item: Black Sludge
|upkeep
|turn|4
|
|t:|1723342302
|move|p2a: Keldeo|Scald|p1a: the specialist
|-resisted|p1a: the specialist
|-damage|p1a: the specialist|65/100
|move|p1a: the specialist|Scald|p2a: Keldeo
|-resisted|p2a: Keldeo
|-damage|p2a: Keldeo|87/100
|-status|p2a: Keldeo|brn
|
|-weather|Sandstorm|[upkeep]
|-damage|p2a: Keldeo|81/100 brn|[from] Sandstorm
|-damage|p1a: the specialist|59/100|[from] Sandstorm
|-heal|p2a: Keldeo|87/100 brn|[from] item: Leftovers
|-heal|p1a: the specialist|65/100|[from] item: Black Sludge
|-damage|p2a: Keldeo|75/100 brn|[from] brn
|upkeep
|turn|5
|
|t:|1723342313
|switch|p2a: Ldrago|Ferrothorn, F|100/100
|switch|p1a: the god of gods.|Politoed, M, shiny|100/100
|-weather|RainDance|[from] ability: Drizzle|[of] p1a: the god of gods.
|
|-weather|RainDance|[upkeep]
|upkeep
|turn|6
|
|t:|1723342327
|switch|p1a: the commander|Tyranitar, M, shiny|62/100
|-weather|Sandstorm|[from] ability: Sand Stream|[of] p1a: the commander
|move|p2a: Ldrago|Stealth Rock|p1a: the commander
|-sidestart|p1: killapokeman|move: Stealth Rock
|
|-weather|Sandstorm|[upkeep]
|upkeep
|turn|7
|
|t:|1723342331
|move|p1a: the commander|Stealth Rock|p2a: Ldrago
|-sidestart|p2: RedShadow339|move: Stealth Rock
|move|p2a: Ldrago|Power Whip|p1a: the commander
|-supereffective|p1a: the commander
|-damage|p1a: the commander|1/100
|
|-weather|Sandstorm|[upkeep]
|upkeep
|turn|8
|
|t:|1723342337
|move|p1a: the commander|Fire Blast|p2a: Ldrago
|-supereffective|p2a: Ldrago
|-crit|p2a: Ldrago
|-damage|p2a: Ldrago|0 fnt
|faint|p2a: Ldrago
|
|-weather|Sandstorm|[upkeep]
|upkeep
|
|t:|1723342341
|switch|p2a: Landorus|Landorus-Therian, M|100/100
|-damage|p2a: Landorus|88/100|[from] Stealth Rock
|-ability|p2a: Landorus|Intimidate|boost
|-unboost|p1a: the commander|atk|1
|turn|9
|
|t:|1723342343
|move|p2a: Landorus|U-turn|p1a: the commander
|-supereffective|p1a: the commander
|-damage|p1a: the commander|0 fnt
|faint|p1a: the commander
|
|t:|1723342373
|switch|p2a: Keldeo|Keldeo|75/100 brn|[from] U-turn
|-damage|p2a: Keldeo|69/100 brn|[from] Stealth Rock
|
|-weather|Sandstorm|[upkeep]
|-damage|p2a: Keldeo|63/100 brn|[from] Sandstorm
|-heal|p2a: Keldeo|69/100 brn|[from] item: Leftovers
|-damage|p2a: Keldeo|57/100 brn|[from] brn
|upkeep
|
|t:|1723342380
|switch|p1a: the god of gods.|Politoed, M, shiny|100/100
|-damage|p1a: the god of gods.|88/100|[from] Stealth Rock
|-weather|RainDance|[from] ability: Drizzle|[of] p1a: the god of gods.
|turn|10
|inactive|RedShadow339 has 120 seconds left.
|
|t:|1723342404
|switch|p1a: the specialist|Tentacruel, F, shiny|65/100
|-damage|p1a: the specialist|53/100|[from] Stealth Rock
|move|p2a: Keldeo|Scald|p1a: the specialist
|-resisted|p1a: the specialist
|-damage|p1a: the specialist|30/100
|-status|p1a: the specialist|brn
|
|-weather|RainDance|[upkeep]
|-heal|p1a: the specialist|36/100 brn|[from] ability: Rain Dish
|-heal|p2a: Keldeo|63/100 brn|[from] item: Leftovers
|-heal|p1a: the specialist|42/100 brn|[from] item: Black Sludge
|-damage|p2a: Keldeo|50/100 brn|[from] brn
|-damage|p1a: the specialist|30/100 brn|[from] brn
|upkeep
|turn|11
|inactive|RedShadow339 has 120 seconds left.
|
|t:|1723342415
|switch|p2a: Tyranitar|Tyranitar, M|100/100
|-damage|p2a: Tyranitar|88/100|[from] Stealth Rock
|-weather|Sandstorm|[from] ability: Sand Stream|[of] p2a: Tyranitar
|move|p1a: the specialist|Rapid Spin|p2a: Tyranitar
|-resisted|p2a: Tyranitar
|-damage|p2a: Tyranitar|88/100
|-sideend|p1: killapokeman|Stealth Rock|[from] move: Rapid Spin|[of] p1a: the specialist
|
|-weather|Sandstorm|[upkeep]
|-damage|p1a: the specialist|24/100 brn|[from] Sandstorm
|-heal|p1a: the specialist|30/100 brn|[from] item: Black Sludge
|-damage|p1a: the specialist|17/100 brn|[from] brn
|upkeep
|turn|12
|
|t:|1723342423
|move|p1a: the specialist|Acid Spray|p2a: Tyranitar
|-resisted|p2a: Tyranitar
|-damage|p2a: Tyranitar|85/100
|-unboost|p2a: Tyranitar|spd|2
|move|p2a: Tyranitar|Stealth Rock|p1a: the specialist
|-sidestart|p1: killapokeman|move: Stealth Rock
|
|-weather|Sandstorm|[upkeep]
|-damage|p1a: the specialist|11/100 brn|[from] Sandstorm
|-heal|p1a: the specialist|17/100 brn|[from] item: Black Sludge
|-damage|p1a: the specialist|5/100 brn|[from] brn
|upkeep
|turn|13
|
|t:|1723342429
|move|p1a: the specialist|Rapid Spin|p2a: Tyranitar
|-resisted|p2a: Tyranitar
|-damage|p2a: Tyranitar|84/100
|-sideend|p1: killapokeman|Stealth Rock|[from] move: Rapid Spin|[of] p1a: the specialist
|move|p2a: Tyranitar|Pursuit|p1a: the specialist
|-damage|p1a: the specialist|0 fnt
|faint|p1a: the specialist
|
|-weather|Sandstorm|[upkeep]
|upkeep
|
|t:|1723342439
|switch|p1a: the god of gods.|Politoed, M, shiny|88/100
|-weather|RainDance|[from] ability: Drizzle|[of] p1a: the god of gods.
|turn|14
|
|t:|1723342449
|move|p1a: the god of gods.|Hydro Pump|p2a: Tyranitar|[miss]
|-miss|p1a: the god of gods.|p2a: Tyranitar
|move|p2a: Tyranitar|Stealth Rock|p1a: the god of gods.
|-sidestart|p1: killapokeman|move: Stealth Rock
|
|-weather|RainDance|[upkeep]
|upkeep
|turn|15
|
|t:|1723342452
|switch|p2a: Keldeo|Keldeo|50/100 brn
|-damage|p2a: Keldeo|44/100 brn|[from] Stealth Rock
|move|p1a: the god of gods.|Hydro Pump|p2a: Keldeo|[miss]
|-miss|p1a: the god of gods.|p2a: Keldeo
|
|-weather|RainDance|[upkeep]
|-heal|p2a: Keldeo|50/100 brn|[from] item: Leftovers
|-damage|p2a: Keldeo|38/100 brn|[from] brn
|upkeep
|turn|16
|
|t:|1723342467
|move|p2a: Keldeo|Scald|p1a: the god of gods.
|-resisted|p1a: the god of gods.
|-damage|p1a: the god of gods.|62/100
|move|p1a: the god of gods.|Hydro Pump|p2a: Keldeo|[miss]
|-miss|p1a: the god of gods.|p2a: Keldeo
|
|-weather|RainDance|[upkeep]
|-heal|p2a: Keldeo|44/100 brn|[from] item: Leftovers
|-damage|p2a: Keldeo|32/100 brn|[from] brn
|upkeep
|turn|17
|
|t:|1723342473
|move|p2a: Keldeo|Secret Sword|p1a: the god of gods.
|-damage|p1a: the god of gods.|9/100
|move|p1a: the god of gods.|Hydro Pump|p2a: Keldeo
|-resisted|p2a: Keldeo
|-damage|p2a: Keldeo|0 fnt
|faint|p2a: Keldeo
|
|-weather|RainDance|[upkeep]
|upkeep
|
|t:|1723342480
|switch|p2a: Tyranitar|Tyranitar, M|84/100
|-damage|p2a: Tyranitar|72/100|[from] Stealth Rock
|-weather|Sandstorm|[from] ability: Sand Stream|[of] p2a: Tyranitar
|turn|18
|
|t:|1723342482
|move|p1a: the god of gods.|Hydro Pump|p2a: Tyranitar|[miss]
|-miss|p1a: the god of gods.|p2a: Tyranitar
|move|p2a: Tyranitar|Pursuit|p1a: the god of gods.
|-damage|p1a: the god of gods.|0 fnt
|faint|p1a: the god of gods.
|
|-weather|Sandstorm|[upkeep]
|upkeep
|
|t:|1723342489
|switch|p1a: the punisher|Garchomp, M|100/100
|-damage|p1a: the punisher|94/100|[from] Stealth Rock
|turn|19
|
|t:|1723342510
|move|p1a: the punisher|Substitute|p1a: the punisher
|-start|p1a: the punisher|Substitute
|-damage|p1a: the punisher|69/100
|move|p2a: Tyranitar|Crunch|p1a: the punisher
|-end|p1a: the punisher|Substitute
|
|-weather|Sandstorm|[upkeep]
|upkeep
|turn|20
|
|t:|1723342515
|move|p1a: the punisher|Swords Dance|p1a: the punisher
|-boost|p1a: the punisher|atk|2
|move|p2a: Tyranitar|Crunch|p1a: the punisher
|-damage|p1a: the punisher|24/100
|-damage|p2a: Tyranitar|60/100|[from] ability: Rough Skin|[of] p1a: the punisher
|-enditem|p1a: the punisher|Salac Berry|[eat]
|-boost|p1a: the punisher|spe|1|[from] item: Salac Berry
|
|-weather|Sandstorm|[upkeep]
|upkeep
|turn|21
|
|t:|1723342519
|move|p1a: the punisher|Earthquake|p2a: Tyranitar
|-supereffective|p2a: Tyranitar
|-damage|p2a: Tyranitar|0 fnt
|faint|p2a: Tyranitar
|
|-weather|Sandstorm|[upkeep]
|upkeep
|
|t:|1723342522
|switch|p2a: Latios|Latios, M|100/100
|-damage|p2a: Latios|88/100|[from] Stealth Rock
|turn|22
|
|t:|1723342526
|move|p2a: Latios|Dragon Pulse|p1a: the punisher
|-supereffective|p1a: the punisher
|-damage|p1a: the punisher|0 fnt
|faint|p1a: the punisher
|
|-weather|Sandstorm|[upkeep]
|-damage|p2a: Latios|82/100|[from] Sandstorm
|upkeep
|
|t:|1723342530
|switch|p1a: Scizor|Scizor, M|100/100
|-damage|p1a: Scizor|88/100|[from] Stealth Rock
|turn|23
|
|t:|1723342539
|move|p2a: Latios|Dragon Pulse|p1a: Scizor
|-resisted|p1a: Scizor
|-damage|p1a: Scizor|52/100
|move|p1a: Scizor|U-turn|p2a: Latios
|-supereffective|p2a: Latios
|-damage|p2a: Latios|0 fnt
|faint|p2a: Latios
|
|t:|1723342549
|switch|p1a: the tormentor|Reuniclus, F, shiny|100/100|[from] U-turn
|
|-weather|Sandstorm|[upkeep]
|upkeep
|
|t:|1723342569
|switch|p2a: Landorus|Landorus-Therian, M|88/100
|-damage|p2a: Landorus|76/100|[from] Stealth Rock
|-ability|p2a: Landorus|Intimidate|boost
|-unboost|p1a: the tormentor|atk|1
|turn|24
|
|t:|1723342572
|switch|p1a: Scizor|Scizor, M|52/100
|-damage|p1a: Scizor|40/100|[from] Stealth Rock
|move|p2a: Landorus|U-turn|p1a: Scizor
|-resisted|p1a: Scizor
|-damage|p1a: Scizor|24/100
|
|t:|1723342575
|switch|p2a: Ouz|Alakazam, M|100/100|[from] U-turn
|
|-weather|Sandstorm|[upkeep]
|upkeep
|turn|25
|
|t:|1723342599
|move|p1a: Scizor|Bullet Punch|p2a: Ouz
|-enditem|p2a: Ouz|Focus Sash
|-damage|p2a: Ouz|1/100
|move|p2a: Ouz|Psychic|p1a: Scizor
|-resisted|p1a: Scizor
|-damage|p1a: Scizor|0 fnt
|faint|p1a: Scizor
|
|-weather|Sandstorm|[upkeep]
|upkeep
|
|t:|1723342612
|switch|p1a: the tormentor|Reuniclus, F, shiny|100/100
|turn|26
|
|t:|1723342622
|move|p2a: Ouz|Shadow Ball|p1a: the tormentor
|-supereffective|p1a: the tormentor
|-damage|p1a: the tormentor|34/100
|move|p1a: the tormentor|Trick Room|p1a: the tormentor
|-fieldstart|move: Trick Room|[of] p1a: the tormentor
|
|-weather|Sandstorm|[upkeep]
|upkeep
|turn|27
|
|t:|1723342634
|move|p1a: the tormentor|Psyshock|p2a: Ouz
|-resisted|p2a: Ouz
|-damage|p2a: Ouz|0 fnt
|faint|p2a: Ouz
|
|-weather|Sandstorm|[upkeep]
|upkeep
|
|t:|1723342637
|switch|p2a: Landorus|Landorus-Therian, M|76/100
|-damage|p2a: Landorus|64/100|[from] Stealth Rock
|-ability|p2a: Landorus|Intimidate|boost
|-unboost|p1a: the tormentor|atk|1
|turn|28
|
|t:|1723342639
|move|p1a: the tormentor|Psyshock|p2a: Landorus
|-damage|p2a: Landorus|0 fnt
|faint|p2a: Landorus
|
|win|killapokeman
|raw|killapokeman's rating: 1329 &rarr; <strong>1350</strong><br />(+21 for winning)
|raw|RedShadow339's rating: 1355 &rarr; <strong>1334</strong><br />(-21 for losing)
|l|☆RedShadow339
|player|p2|
|l|☆killapokeman
|player|p1|
