|j|☆TdbT
|j|☆the roadwarden
|t:|1745788141
|gametype|singles
|player|p1|TdbT|acetrainersnow|1317
|player|p2|the roadwarden|pokemonranger-gen4|1286
|teamsize|p1|6
|teamsize|p2|6
|gen|5
|tier|[Gen 5] OU
|rated|
|rule|Species Clause: Limit one of each Pokémon
|rule|OHKO Clause: OHKO moves are banned
|rule|Moody Clause: Moody is banned
|rule|Evasion Items Clause: Evasion items are banned
|rule|Evasion Moves Clause: Evasion moves are banned
|rule|Endless Battle Clause: Forcing endless battles is banned
|rule|HP Percentage Mod: HP is shown in percentages
|rule|Evasion Abilities Clause: Evasion abilities are banned
|rule|Sleep Moves Clause: Sleep-inducing moves are banned
|rule|Swagger Clause: Swagger is banned
|rule|Baton Pass Stat Clause: No Baton Passer may have a way to boost its stats
|clearpoke
|poke|p1|Mamoswine, F|item
|poke|p1|Thundurus-Therian, M|item
|poke|p1|Ferrothorn, F|item
|poke|p1|Latios, M|item
|poke|p1|Keldeo|item
|poke|p1|Starmie|item
|poke|p2|Politoed, F|item
|poke|p2|Gliscor, M|item
|poke|p2|Tentacruel, M|item
|poke|p2|Ferrothorn, M|item
|poke|p2|Sableye, F|item
|poke|p2|Thundurus-Therian, M|item
|teampreview
|
|t:|1745788164
|start
|switch|p1a: Latios|Latios, M|100/100
|switch|p2a: Sableye|Sableye, F|100/100
|turn|1
|
|t:|1745788177
|move|p2a: Sableye|Taunt|p1a: Latios
|-start|p1a: Latios|move: Taunt
|move|p1a: Latios|Surf|p2a: Sableye
|-damage|p2a: Sableye|67/100
|
|-heal|p2a: Sableye|73/100|[from] item: Leftovers
|upkeep
|turn|2
|
|t:|1745788185
|move|p2a: Sableye|Will-O-Wisp|p1a: Latios
|-status|p1a: Latios|brn
|move|p1a: Latios|Surf|p2a: Sableye
|-damage|p2a: Sableye|36/100
|
|-heal|p2a: Sableye|43/100|[from] item: Leftovers
|-damage|p1a: Latios|88/100 brn|[from] brn
|upkeep
|turn|3
|
|t:|1745788190
|move|p2a: Sableye|Recover|p2a: Sableye
|-heal|p2a: Sableye|93/100
|move|p1a: Latios|Surf|p2a: Sableye
|-damage|p2a: Sableye|55/100
|
|-heal|p2a: Sableye|62/100|[from] item: Leftovers
|-damage|p1a: Latios|76/100 brn|[from] brn
|-end|p1a: Latios|move: Taunt
|upkeep
|turn|4
|
|t:|1745788198
|switch|p1a: Thundurus|Thundurus-Therian, M|100/100
|move|p2a: Sableye|Foul Play|p1a: Thundurus
|-damage|p1a: Thundurus|57/100
|
|-heal|p1a: Thundurus|63/100|[from] item: Leftovers
|-heal|p2a: Sableye|68/100|[from] item: Leftovers
|upkeep
|turn|5
|
|t:|1745788206
|switch|p1a: Ferrothorn|Ferrothorn, F|100/100
|move|p2a: Sableye|Taunt|p1a: Ferrothorn
|-start|p1a: Ferrothorn|move: Taunt
|
|-heal|p2a: Sableye|74/100|[from] item: Leftovers
|upkeep
|turn|6
|
|t:|1745788210
|move|p2a: Sableye|Will-O-Wisp|p1a: Ferrothorn
|-status|p1a: Ferrothorn|brn
|move|p1a: Ferrothorn|Gyro Ball|p2a: Sableye
|-damage|p2a: Sableye|55/100
|
|-heal|p2a: Sableye|62/100|[from] item: Leftovers
|-damage|p1a: Ferrothorn|88/100 brn|[from] brn
|upkeep
|turn|7
|-message|TdbT forfeited.
|
|win|the roadwarden
|raw|TdbT's rating: 1317 &rarr; <strong>1295</strong><br />(-22 for losing)
|raw|the roadwarden's rating: 1286 &rarr; <strong>1313</strong><br />(+27 for winning)
|l|☆TdbT
|player|p1|
