|j|☆BookofConke
|j|☆LeafStoned
|t:|1702687490
|gametype|singles
|player|p1|BookofConke|silver-masters|1441
|player|p2|LeafStoned|mars|1345
|teamsize|p1|6
|teamsize|p2|6
|gen|5
|tier|[Gen 5] OU
|rated|
|rule|Species Clause: Limit one of each Pokémon
|rule|OHKO Clause: OHKO moves are banned
|rule|Moody Clause: Moody is banned
|rule|Evasion Items Clause: Evasion items are banned
|rule|Evasion Moves Clause: Evasion moves are banned
|rule|Endless Battle Clause: Forcing endless battles is banned
|rule|HP Percentage Mod: HP is shown in percentages
|rule|Evasion Abilities Clause: Evasion abilities are banned
|rule|Sleep Moves Clause: Sleep-inducing moves are banned
|rule|Swagger Clause: Swagger is banned
|rule|Baton Pass Stat Clause: No Baton Passer may have a way to boost its stats
|clearpoke
|poke|p1|Kyurem-Black|item
|poke|p1|Garchomp, M|item
|poke|p1|Magnezone|item
|poke|p1|Salamence, F|item
|poke|p1|Scizor, F|item
|poke|p1|Starmie|item
|poke|p2|Chansey, F|item
|poke|p2|Slowbro, F|item
|poke|p2|Xatu, F|item
|poke|p2|Donphan, M|item
|poke|p2|Scizor, F|item
|poke|p2|Rotom-Wash|item
|teampreview
|inactive|Battle timer is ON: inactive players will automatically lose when time's up. (requested by LeafStoned)
|
|t:|1702687511
|start
|switch|p1a: Scizor|Scizor, F|100/100
|switch|p2a: Rotom|Rotom-Wash|100/100
|turn|1
|
|t:|1702687515
|move|p2a: Rotom|Will-O-Wisp|p1a: Scizor
|-status|p1a: Scizor|brn
|move|p1a: Scizor|U-turn|p2a: Rotom
|-damage|p2a: Rotom|66/100
|
|t:|1702687524
|switch|p1a: Kyurem|Kyurem-Black|100/100|[from] U-turn
|-ability|p1a: Kyurem|Teravolt
|
|upkeep
|turn|2
|
|t:|1702687529
|move|p2a: Rotom|Will-O-Wisp|p1a: Kyurem|[miss]
|-miss|p2a: Rotom|p1a: Kyurem
|move|p1a: Kyurem|Outrage|p2a: Rotom
|-damage|p2a: Rotom|0 fnt
|faint|p2a: Rotom
|
|upkeep
|
|t:|1702687535
|switch|p2a: Scizor|Scizor, F|100/100
|turn|3
|
|t:|1702687537
|move|p1a: Kyurem|Outrage|p2a: Scizor|[from]lockedmove
|-resisted|p2a: Scizor
|-damage|p2a: Scizor|56/100
|move|p2a: Scizor|Swords Dance|p2a: Scizor
|-boost|p2a: Scizor|atk|2
|
|-heal|p2a: Scizor|62/100|[from] item: Leftovers
|upkeep
|turn|4
|
|t:|1702687544
|move|p1a: Kyurem|Outrage|p2a: Scizor|[from]lockedmove
|-resisted|p2a: Scizor
|-damage|p2a: Scizor|17/100
|-start|p1a: Kyurem|confusion|[fatigue]
|move|p2a: Scizor|Roost|p2a: Scizor
|-heal|p2a: Scizor|68/100
|-singleturn|p2a: Scizor|move: Roost
|
|-heal|p2a: Scizor|74/100|[from] item: Leftovers
|upkeep
|turn|5
|
|t:|1702687571
|switch|p1a: Scizor|Scizor, F|100/100 brn
|move|p2a: Scizor|Swords Dance|p2a: Scizor
|-boost|p2a: Scizor|atk|2
|
|-heal|p2a: Scizor|80/100|[from] item: Leftovers
|-damage|p1a: Scizor|88/100 brn|[from] brn
|upkeep
|turn|6
|inactive|BookofConke has 120 seconds left.
|
|t:|1702687586
|move|p1a: Scizor|U-turn|p2a: Scizor
|-resisted|p2a: Scizor
|-damage|p2a: Scizor|69/100
|inactive|BookofConke has 120 seconds left.
|
|t:|1702687599
|switch|p1a: Salamence|Salamence, F|100/100|[from] U-turn
|move|p2a: Scizor|Superpower|p1a: Salamence
|-resisted|p1a: Salamence
|-damage|p1a: Salamence|28/100
|-unboost|p2a: Scizor|atk|1
|-unboost|p2a: Scizor|def|1
|
|-heal|p2a: Scizor|75/100|[from] item: Leftovers
|upkeep
|turn|7
|inactive|BookofConke has 120 seconds left.
|
|t:|1702687610
|switch|p2a: Slowbro|Slowbro, F|100/100
|move|p1a: Salamence|Outrage|p2a: Slowbro
|-damage|p2a: Slowbro|63/100
|-damage|p1a: Salamence|11/100|[from] item: Rocky Helmet|[of] p2a: Slowbro
|
|upkeep
|turn|8
|inactive|BookofConke has 120 seconds left.
|
|t:|1702687616
|move|p1a: Salamence|Outrage|p2a: Slowbro|[from]lockedmove
|-damage|p2a: Slowbro|26/100
|-damage|p1a: Salamence|0 fnt|[from] item: Rocky Helmet|[of] p2a: Slowbro
|faint|p1a: Salamence
|move|p2a: Slowbro|Slack Off|p2a: Slowbro
|-heal|p2a: Slowbro|76/100
|
|upkeep
|inactive|BookofConke has 120 seconds left.
|
|t:|1702687646
|switch|p1a: Kyurem|Kyurem-Black|100/100
|-ability|p1a: Kyurem|Teravolt
|turn|9
|inactive|BookofConke has 90 seconds left.
|
|t:|1702687663
|move|p1a: Kyurem|Outrage|p2a: Slowbro
|-damage|p2a: Slowbro|0 fnt
|-damage|p1a: Kyurem|84/100|[from] item: Rocky Helmet|[of] p2a: Slowbro
|faint|p2a: Slowbro
|
|upkeep
|
|t:|1702687669
|switch|p2a: Scizor|Scizor, F|75/100
|turn|10
|
|t:|1702687672
|move|p1a: Kyurem|Outrage|p2a: Scizor|[from]lockedmove
|-resisted|p2a: Scizor
|-damage|p2a: Scizor|29/100
|move|p2a: Scizor|Roost|p2a: Scizor
|-heal|p2a: Scizor|79/100
|-singleturn|p2a: Scizor|move: Roost
|
|-heal|p2a: Scizor|85/100|[from] item: Leftovers
|upkeep
|turn|11
|
|t:|1702687679
|move|p1a: Kyurem|Outrage|p2a: Scizor|[from]lockedmove
|-resisted|p2a: Scizor
|-damage|p2a: Scizor|37/100
|-start|p1a: Kyurem|confusion|[fatigue]
|move|p2a: Scizor|Roost|p2a: Scizor
|-heal|p2a: Scizor|87/100
|-singleturn|p2a: Scizor|move: Roost
|
|-heal|p2a: Scizor|93/100|[from] item: Leftovers
|upkeep
|turn|12
|
|t:|1702687687
|switch|p1a: Magnezone|Magnezone|100/100
|move|p2a: Scizor|Superpower|p1a: Magnezone
|-supereffective|p1a: Magnezone
|-enditem|p1a: Magnezone|Chople Berry|[eat]
|-enditem|p1a: Magnezone|Chople Berry|[weaken]
|-damage|p1a: Magnezone|60/100
|-unboost|p2a: Scizor|atk|1
|-unboost|p2a: Scizor|def|1
|
|-heal|p2a: Scizor|99/100|[from] item: Leftovers
|upkeep
|turn|13
|inactive|BookofConke has 120 seconds left.
|
|t:|1702687697
|move|p1a: Magnezone|Hidden Power|p2a: Scizor
|-supereffective|p2a: Scizor
|-damage|p2a: Scizor|0 fnt
|faint|p2a: Scizor
|
|upkeep
|
|t:|1702687701
|switch|p2a: Donphan|Donphan, M|100/100
|turn|14
|
|t:|1702687713
|switch|p1a: Kyurem|Kyurem-Black|84/100
|-ability|p1a: Kyurem|Teravolt
|move|p2a: Donphan|Stealth Rock|p1a: Kyurem
|-sidestart|p1: BookofConke|move: Stealth Rock
|
|upkeep
|turn|15
|c|☆LeafStoned|Good shit
|c|☆LeafStoned|that chople berry was huge
|
|t:|1702687731
|move|p2a: Donphan|Protect|p2a: Donphan
|-singleturn|p2a: Donphan|Protect
|move|p1a: Kyurem|Outrage|p2a: Donphan
|-activate|p2a: Donphan|move: Protect
|
|upkeep
|turn|16
|
|t:|1702687737
|move|p1a: Kyurem|Outrage|p2a: Donphan
|-damage|p2a: Donphan|35/100
|move|p2a: Donphan|Earthquake|p1a: Kyurem
|-damage|p1a: Kyurem|53/100
|
|-heal|p2a: Donphan|42/100|[from] item: Leftovers
|upkeep
|turn|17
|
|t:|1702687749
|move|p1a: Kyurem|Outrage|p2a: Donphan|[from]lockedmove
|-damage|p2a: Donphan|0 fnt
|faint|p2a: Donphan
|
|upkeep
|
|t:|1702687762
|switch|p2a: Chansey|Chansey, F|100/100
|turn|18
|
|t:|1702687765
|move|p1a: Kyurem|Outrage|p2a: Chansey|[from]lockedmove
|-damage|p2a: Chansey|16/100
|-start|p1a: Kyurem|confusion|[fatigue]
|move|p2a: Chansey|Thunder Wave|p1a: Kyurem
|-status|p1a: Kyurem|par
|
|upkeep
|turn|19
|
|t:|1702687778
|switch|p1a: Scizor|Scizor, F|88/100 brn
|-damage|p1a: Scizor|76/100 brn|[from] Stealth Rock
|move|p2a: Chansey|Soft-Boiled|p2a: Chansey
|-heal|p2a: Chansey|66/100
|
|-damage|p1a: Scizor|64/100 brn|[from] brn
|upkeep
|turn|20
|
|t:|1702687788
|switch|p2a: Xatu|Xatu, F|100/100
|move|p1a: Scizor|Superpower|p2a: Xatu
|-resisted|p2a: Xatu
|-damage|p2a: Xatu|93/100
|-unboost|p1a: Scizor|atk|1
|-unboost|p1a: Scizor|def|1
|
|-heal|p2a: Xatu|99/100|[from] item: Leftovers
|-damage|p1a: Scizor|51/100 brn|[from] brn
|upkeep
|turn|21
|
|t:|1702687798
|switch|p1a: Starmie|Starmie|100/100
|-damage|p1a: Starmie|88/100|[from] Stealth Rock
|-item|p1a: Starmie|Air Balloon
|move|p2a: Xatu|Night Shade|p1a: Starmie
|-damage|p1a: Starmie|50/100
|-enditem|p1a: Starmie|Air Balloon
|
|-heal|p2a: Xatu|100/100|[from] item: Leftovers
|upkeep
|turn|22
|
|t:|1702687807
|move|p1a: Starmie|Rapid Spin|p2a: Xatu
|-damage|p2a: Xatu|98/100
|-sideend|p1: BookofConke|Stealth Rock|[from] move: Rapid Spin|[of] p1a: Starmie
|move|p2a: Xatu|Thunder Wave|p1a: Starmie
|-status|p1a: Starmie|par
|
|-heal|p2a: Xatu|100/100|[from] item: Leftovers
|upkeep
|turn|23
|
|t:|1702687816
|move|p2a: Xatu|Night Shade|p1a: Starmie
|-damage|p1a: Starmie|12/100 par
|move|p1a: Starmie|Scald|p2a: Xatu
|-crit|p2a: Xatu
|-damage|p2a: Xatu|0 fnt
|faint|p2a: Xatu
|
|upkeep
|
|t:|1702687822
|switch|p2a: Chansey|Chansey, F|66/100
|turn|24
|
|t:|1702687825
|move|p2a: Chansey|Soft-Boiled|p2a: Chansey
|-heal|p2a: Chansey|100/100
|move|p1a: Starmie|Scald|p2a: Chansey
|-damage|p2a: Chansey|86/100
|-status|p2a: Chansey|brn
|
|-damage|p2a: Chansey|73/100 brn|[from] brn
|upkeep
|turn|25
|
|t:|1702687833
|move|p2a: Chansey|Stealth Rock|p1a: Starmie
|-sidestart|p1: BookofConke|move: Stealth Rock
|cant|p1a: Starmie|par
|
|-damage|p2a: Chansey|61/100 brn|[from] brn
|upkeep
|turn|26
|
|t:|1702687840
|move|p2a: Chansey|Soft-Boiled|p2a: Chansey
|-heal|p2a: Chansey|100/100 brn
|move|p1a: Starmie|Rapid Spin|p2a: Chansey
|-damage|p2a: Chansey|98/100 brn
|-sideend|p1: BookofConke|Stealth Rock|[from] move: Rapid Spin|[of] p1a: Starmie
|
|-damage|p2a: Chansey|86/100 brn|[from] brn
|upkeep
|turn|27
|
|t:|1702687846
|move|p2a: Chansey|Stealth Rock|p1a: Starmie
|-sidestart|p1: BookofConke|move: Stealth Rock
|cant|p1a: Starmie|par
|
|-damage|p2a: Chansey|73/100 brn|[from] brn
|upkeep
|turn|28
|
|t:|1702687851
|move|p2a: Chansey|Seismic Toss|p1a: Starmie
|-damage|p1a: Starmie|0 fnt
|faint|p1a: Starmie
|
|-damage|p2a: Chansey|61/100 brn|[from] brn
|upkeep
|
|t:|1702687866
|switch|p1a: Garchomp|Garchomp, M|100/100
|-damage|p1a: Garchomp|94/100|[from] Stealth Rock
|turn|29
|
|t:|1702687870
|move|p1a: Garchomp|Swords Dance|p1a: Garchomp
|-boost|p1a: Garchomp|atk|2
|move|p2a: Chansey|Seismic Toss|p1a: Garchomp
|-damage|p1a: Garchomp|66/100
|-damage|p2a: Chansey|48/100 brn|[from] ability: Rough Skin|[of] p1a: Garchomp
|
|-damage|p2a: Chansey|36/100 brn|[from] brn
|upkeep
|turn|30
|
|t:|1702687880
|move|p1a: Garchomp|Outrage|p2a: Chansey
|-damage|p2a: Chansey|0 fnt
|faint|p2a: Chansey
|
|win|BookofConke
|raw|BookofConke's rating: 1441 &rarr; <strong>1456</strong><br />(+15 for winning)
|raw|LeafStoned's rating: 1345 &rarr; <strong>1330</strong><br />(-15 for losing)
|c|☆LeafStoned|Gg
|l|☆LeafStoned
