|j|☆pikachumeng
|j|☆EMP activated
|player|p1|pikachumeng|102|1464
|player|p2|EMP activated|ingo|1483
|teamsize|p1|6
|teamsize|p2|6
|gametype|singles
|gen|5
|tier|[Gen 5] OU
|rated|
|clearpoke
|poke|p1|Politoed, M|item
|poke|p1|Starmie|item
|poke|p1|Keldeo-Resolute|item
|poke|p1|Breloom, M|item
|poke|p1|Landorus-Therian, M|item
|poke|p1|Jirachi|item
|poke|p2|Politoed, M|item
|poke|p2|Keldeo|item
|poke|p2|Tentacruel, F|item
|poke|p2|Ferrothorn, M|item
|poke|p2|Landorus-Therian, M|item
|poke|p2|Latios, M|item
|rule|Species Clause: Limit one of each Pokémon
|rule|OHKO Clause: OHKO moves are banned
|rule|Moody Clause: Moody is banned
|rule|Evasion Moves Clause: Evasion moves are banned
|rule|Endless Battle Clause: Forcing endless battles is banned
|rule|HP Percentage Mod: HP is shown in percentages
|rule|Evasion Abilities Clause: Evasion abilities are banned
|rule|Baton Pass Clause: Limit one Baton Passer, can't pass Spe and other stats simultaneously
|rule|Sleep Clause: Sleep-inducing moves are banned
|rule|Swagger Clause: Swagger is banned
|teampreview
|inactive|Battle timer is ON: inactive players will automatically lose when time's up. (requested by pikachumeng)
|
|start
|switch|p1a: Politoed|Politoed, M|100/100
|switch|p2a: Latios|Latios, M|100/100
|-weather|RainDance|[from] ability: Drizzle|[of] p1a: Politoed
|turn|1
|
|move|p2a: Latios|Surf|p1a: Politoed
|-resisted|p1a: Politoed
|-damage|p1a: Politoed|65/100
|move|p1a: Politoed|Toxic|p2a: Latios
|-status|p2a: Latios|tox
|
|-weather|RainDance|[upkeep]
|-heal|p1a: Politoed|72/100|[from] item: Leftovers
|-damage|p2a: Latios|95/100 tox|[from] psn
|upkeep
|turn|2
|
|switch|p2a: Tentacruel|Tentacruel, F|100/100
|move|p1a: Politoed|Protect||[still]
|-fail|p1a: Politoed
|
|-weather|RainDance|[upkeep]
|-heal|p1a: Politoed|78/100|[from] item: Leftovers
|upkeep
|turn|3
|
|move|p2a: Tentacruel|Scald|p1a: Politoed
|-resisted|p1a: Politoed
|-damage|p1a: Politoed|62/100
|move|p1a: Politoed|Psychic|p2a: Tentacruel
|-supereffective|p2a: Tentacruel
|-damage|p2a: Tentacruel|67/100
|
|-weather|RainDance|[upkeep]
|-heal|p2a: Tentacruel|73/100|[from] ability: Rain Dish
|-heal|p2a: Tentacruel|79/100|[from] item: Black Sludge
|-heal|p1a: Politoed|68/100|[from] item: Leftovers
|upkeep
|turn|4
|
|move|p2a: Tentacruel|Protect|p2a: Tentacruel
|-singleturn|p2a: Tentacruel|Protect
|move|p1a: Politoed|Protect||[still]
|-fail|p1a: Politoed
|
|-weather|RainDance|[upkeep]
|-heal|p2a: Tentacruel|85/100|[from] ability: Rain Dish
|-heal|p2a: Tentacruel|91/100|[from] item: Black Sludge
|-heal|p1a: Politoed|75/100|[from] item: Leftovers
|upkeep
|turn|5
|
|switch|p2a: Ferrothorn|Ferrothorn, M|100/100
|move|p1a: Politoed|Psychic|p2a: Ferrothorn
|-resisted|p2a: Ferrothorn
|-damage|p2a: Ferrothorn|95/100
|
|-weather|RainDance|[upkeep]
|-heal|p1a: Politoed|81/100|[from] item: Leftovers
|-heal|p2a: Ferrothorn|100/100|[from] item: Leftovers
|upkeep
|turn|6
|
|switch|p1a: Jirachi|Jirachi|100/100
|move|p2a: Ferrothorn|Knock Off|p1a: Jirachi
|-damage|p1a: Jirachi|97/100
|-enditem|p1a: Jirachi|Leftovers|[from] move: Knock Off|[of] p2a: Ferrothorn
|
|-weather|RainDance|[upkeep]
|upkeep
|turn|7
|
|move|p1a: Jirachi|Thunder|p2a: Ferrothorn
|-resisted|p2a: Ferrothorn
|-damage|p2a: Ferrothorn|92/100
|-status|p2a: Ferrothorn|par
|move|p2a: Ferrothorn|Leech Seed|p1a: Jirachi
|-start|p1a: Jirachi|move: Leech Seed
|
|-weather|RainDance|[upkeep]
|-heal|p2a: Ferrothorn|98/100 par|[from] item: Leftovers
|-damage|p1a: Jirachi|84/100|[from] Leech Seed|[of] p2a: Ferrothorn
|-heal|p2a: Ferrothorn|100/100 par|[silent]
|upkeep
|turn|8
|
|move|p1a: Jirachi|Stealth Rock|p2a: Ferrothorn
|-sidestart|p2: EMP activated|move: Stealth Rock
|move|p2a: Ferrothorn|Stealth Rock|p1a: Jirachi
|-sidestart|p1: pikachumeng|move: Stealth Rock
|
|-weather|RainDance|[upkeep]
|-damage|p1a: Jirachi|72/100|[from] Leech Seed|[of] p2a: Ferrothorn
|upkeep
|turn|9
|
|switch|p1a: Breloom|Breloom, M|100/100
|-damage|p1a: Breloom|95/100|[from] Stealth Rock
|cant|p2a: Ferrothorn|par
|
|-weather|RainDance|[upkeep]
|-status|p1a: Breloom|tox|[from] item: Toxic Orb
|upkeep
|turn|10
|c|☆EMP activated|fuck
|
|switch|p2a: Landorus|Landorus-Therian, M|100/100
|-damage|p2a: Landorus|88/100|[from] Stealth Rock
|-ability|p2a: Landorus|Intimidate|boost
|-unboost|p1a: Breloom|atk|1
|move|p1a: Breloom|Facade|p2a: Landorus
|-crit|p2a: Landorus
|-damage|p2a: Landorus|4/100
|
|-weather|RainDance|[upkeep]
|-heal|p1a: Breloom|100/100 tox|[from] ability: Poison Heal
|upkeep
|turn|11
|c|☆EMP activated|?????
|inactive|EMP activated has 120 seconds left.
|
|move|p2a: Landorus|Superpower|p1a: Breloom
|-enditem|p2a: Landorus|Fighting Gem|[from] gem|[move] Superpower
|-damage|p1a: Breloom|14/100 tox
|-unboost|p2a: Landorus|atk|1
|-unboost|p2a: Landorus|def|1
|move|p1a: Breloom|Bulk Up|p1a: Breloom
|-boost|p1a: Breloom|atk|1
|-boost|p1a: Breloom|def|1
|
|-weather|RainDance|[upkeep]
|-heal|p1a: Breloom|27/100 tox|[from] ability: Poison Heal
|upkeep
|turn|12
|inactive|EMP activated has 120 seconds left.
|
|switch|p1a: Landorus|Landorus-Therian, M|100/100
|-damage|p1a: Landorus|88/100|[from] Stealth Rock
|-ability|p1a: Landorus|Intimidate|boost
|-unboost|p2a: Landorus|atk|1
|move|p2a: Landorus|Hidden Power|p1a: Landorus
|-supereffective|p1a: Landorus
|-damage|p1a: Landorus|5/100
|
|-weather|RainDance|[upkeep]
|upkeep
|turn|13
|
|move|p1a: Landorus|U-turn|p2a: Landorus
|-resisted|p2a: Landorus
|-damage|p2a: Landorus|0 fnt
|faint|p2a: Landorus
|
|switch|p1a: Breloom|Breloom, M|27/100 tox|[from]move: U-turn
|-damage|p1a: Breloom|21/100 tox|[from] Stealth Rock
|
|-weather|RainDance|[upkeep]
|-heal|p1a: Breloom|33/100 tox|[from] ability: Poison Heal
|upkeep
|
|switch|p2a: Keldeo|Keldeo|100/100
|-damage|p2a: Keldeo|94/100|[from] Stealth Rock
|turn|14
|
|switch|p1a: Landorus|Landorus-Therian, M|5/100
|-damage|p1a: Landorus|0 fnt|[from] Stealth Rock
|faint|p1a: Landorus
|move|p2a: Keldeo|Surf|p1: Landorus|[notarget]
|-fail|p2a: Keldeo
|
|-weather|RainDance|[upkeep]
|upkeep
|
|switch|p1a: Starmie|Starmie|100/100
|-damage|p1a: Starmie|88/100|[from] Stealth Rock
|turn|15
|
|switch|p2a: Ferrothorn|Ferrothorn, M|100/100 par
|-damage|p2a: Ferrothorn|94/100 par|[from] Stealth Rock
|move|p1a: Starmie|Trick|p2a: Ferrothorn
|-activate|p1a: Starmie|move: Trick|[of] p2a: Ferrothorn
|-item|p2a: Ferrothorn|Choice Specs|[from] move: Trick
|-item|p1a: Starmie|Leftovers|[from] move: Trick
|
|-weather|RainDance|[upkeep]
|-heal|p1a: Starmie|94/100|[from] item: Leftovers
|upkeep
|turn|16
|
|switch|p2a: Latios|Latios, M|95/100 tox
|-damage|p2a: Latios|82/100 tox|[from] Stealth Rock
|move|p1a: Starmie|Hydro Pump|p2a: Latios
|-resisted|p2a: Latios
|-damage|p2a: Latios|26/100 tox
|
|-weather|RainDance|[upkeep]
|-heal|p1a: Starmie|100/100|[from] item: Leftovers
|-damage|p2a: Latios|20/100 tox|[from] psn
|upkeep
|turn|17
|
|switch|p2a: Ferrothorn|Ferrothorn, M|94/100 par
|-damage|p2a: Ferrothorn|88/100 par|[from] Stealth Rock
|move|p1a: Starmie|Hydro Pump|p2a: Ferrothorn|[miss]
|-miss|p1a: Starmie|p2a: Ferrothorn
|
|-weather|RainDance|[upkeep]
|upkeep
|turn|18
|
|switch|p1a: Breloom|Breloom, M|33/100 tox
|-damage|p1a: Breloom|27/100 tox|[from] Stealth Rock
|move|p2a: Ferrothorn|Power Whip|p1a: Breloom
|-resisted|p1a: Breloom
|-damage|p1a: Breloom|2/100 tox
|
|-weather|RainDance|[upkeep]
|-heal|p1a: Breloom|15/100 tox|[from] ability: Poison Heal
|upkeep
|turn|19
|
|move|p1a: Breloom|Bulk Up|p1a: Breloom
|-boost|p1a: Breloom|atk|1
|-boost|p1a: Breloom|def|1
|move|p2a: Ferrothorn|Power Whip|p1a: Breloom|[miss]
|-miss|p2a: Ferrothorn|p1a: Breloom
|
|-weather|RainDance|[upkeep]
|-heal|p1a: Breloom|27/100 tox|[from] ability: Poison Heal
|upkeep
|turn|20
|
|switch|p2a: Latios|Latios, M|20/100 tox
|-damage|p2a: Latios|7/100 tox|[from] Stealth Rock
|move|p1a: Breloom|Drain Punch|p2a: Latios
|-resisted|p2a: Latios
|-damage|p2a: Latios|0 fnt
|-heal|p1a: Breloom|30/100 tox|[from] drain|[of] p2a: Latios
|faint|p2a: Latios
|
|-weather|RainDance|[upkeep]
|-heal|p1a: Breloom|43/100 tox|[from] ability: Poison Heal
|upkeep
|
|switch|p2a: Keldeo|Keldeo|94/100
|-damage|p2a: Keldeo|88/100|[from] Stealth Rock
|turn|21
|
|switch|p1a: Starmie|Starmie|100/100
|-damage|p1a: Starmie|88/100|[from] Stealth Rock
|move|p2a: Keldeo|Secret Sword|p1a: Starmie
|-resisted|p1a: Starmie
|-damage|p1a: Starmie|56/100
|
|-weather|RainDance|[upkeep]
|-heal|p1a: Starmie|62/100|[from] item: Leftovers
|upkeep
|turn|22
|
|switch|p2a: Ferrothorn|Ferrothorn, M|88/100 par
|-damage|p2a: Ferrothorn|82/100 par|[from] Stealth Rock
|move|p1a: Starmie|Hydro Pump|p2a: Ferrothorn
|-resisted|p2a: Ferrothorn
|-damage|p2a: Ferrothorn|52/100 par
|
|-weather|RainDance|[upkeep]
|-heal|p1a: Starmie|68/100|[from] item: Leftovers
|upkeep
|turn|23
|inactive|EMP activated has 120 seconds left.
|
|switch|p1a: Breloom|Breloom, M|43/100 tox
|-damage|p1a: Breloom|37/100 tox|[from] Stealth Rock
|switch|p2a: Keldeo|Keldeo|88/100
|-damage|p2a: Keldeo|82/100|[from] Stealth Rock
|
|-weather|RainDance|[upkeep]
|-heal|p1a: Breloom|49/100 tox|[from] ability: Poison Heal
|upkeep
|turn|24
|inactive|EMP activated has 120 seconds left.
|
|switch|p1a: Starmie|Starmie|68/100
|-damage|p1a: Starmie|56/100|[from] Stealth Rock
|move|p2a: Keldeo|Surf|p1a: Starmie
|-resisted|p1a: Starmie
|-damage|p1a: Starmie|4/100
|
|-weather|RainDance|[upkeep]
|-heal|p1a: Starmie|10/100|[from] item: Leftovers
|upkeep
|turn|25
|
|move|p2a: Keldeo|Surf|p1a: Starmie
|-resisted|p1a: Starmie
|-damage|p1a: Starmie|0 fnt
|faint|p1a: Starmie
|
|-weather|RainDance|[upkeep]
|upkeep
|
|switch|p1a: Keldeo|Keldeo-Resolute|100/100
|-damage|p1a: Keldeo|94/100|[from] Stealth Rock
|turn|26
|
|switch|p2a: Tentacruel|Tentacruel, F|91/100
|-damage|p2a: Tentacruel|79/100|[from] Stealth Rock
|move|p1a: Keldeo|Secret Sword|p2a: Tentacruel
|-resisted|p2a: Tentacruel
|-crit|p2a: Tentacruel
|-damage|p2a: Tentacruel|15/100
|
|-weather|RainDance|[upkeep]
|-heal|p2a: Tentacruel|21/100|[from] ability: Rain Dish
|-heal|p2a: Tentacruel|27/100|[from] item: Black Sludge
|upkeep
|turn|27
|inactive|EMP activated has 120 seconds left.
|
|move|p2a: Tentacruel|Protect|p2a: Tentacruel
|-singleturn|p2a: Tentacruel|Protect
|move|p1a: Keldeo|Secret Sword|p2a: Tentacruel
|-activate|p2a: Tentacruel|move: Protect
|
|-weather|RainDance|[upkeep]
|-heal|p2a: Tentacruel|33/100|[from] ability: Rain Dish
|-heal|p2a: Tentacruel|40/100|[from] item: Black Sludge
|upkeep
|turn|28
|
|move|p1a: Keldeo|Secret Sword|p2a: Tentacruel
|-resisted|p2a: Tentacruel
|-damage|p2a: Tentacruel|10/100
|move|p2a: Tentacruel|Toxic|p1a: Keldeo
|-status|p1a: Keldeo|tox
|
|-weather|RainDance|[upkeep]
|-heal|p2a: Tentacruel|16/100|[from] ability: Rain Dish
|-heal|p2a: Tentacruel|22/100|[from] item: Black Sludge
|-damage|p1a: Keldeo|88/100 tox|[from] psn
|upkeep
|turn|29
|
|switch|p1a: Jirachi|Jirachi|72/100
|-damage|p1a: Jirachi|66/100|[from] Stealth Rock
|switch|p2a: Politoed|Politoed, M|100/100
|-damage|p2a: Politoed|88/100|[from] Stealth Rock
|
|-weather|RainDance|[upkeep]
|upkeep
|turn|30
|
|move|p1a: Jirachi|Thunder|p2a: Politoed
|-supereffective|p2a: Politoed
|-damage|p2a: Politoed|37/100
|-status|p2a: Politoed|par
|cant|p2a: Politoed|par
|
|-weather|RainDance|[upkeep]
|upkeep
|turn|31
|inactive|EMP activated has 90 seconds left.
|c|☆EMP activated|h
|
|move|p1a: Jirachi|Thunder|p2a: Politoed
|-supereffective|p2a: Politoed
|-damage|p2a: Politoed|0 fnt
|faint|p2a: Politoed
|
|-weather|RainDance|[upkeep]
|upkeep
|
|switch|p2a: Keldeo|Keldeo|82/100
|-damage|p2a: Keldeo|76/100|[from] Stealth Rock
|turn|32
|
|move|p2a: Keldeo|Surf|p1a: Jirachi
|-damage|p1a: Jirachi|16/100
|move|p1a: Jirachi|Thunder|p2a: Keldeo
|-supereffective|p2a: Keldeo
|-damage|p2a: Keldeo|15/100
|-status|p2a: Keldeo|par
|
|-weather|RainDance|[upkeep]
|upkeep
|turn|33
|c|☆EMP activated|你妈个臭逼
|
|move|p1a: Jirachi|Thunder|p2a: Keldeo
|-supereffective|p2a: Keldeo
|-damage|p2a: Keldeo|0 fnt
|faint|p2a: Keldeo
|
|-weather|RainDance|[upkeep]
|upkeep
|inactive|EMP activated has 60 seconds left.
|c|☆EMP activated|没有ct没有麻痹你赢你妈能赢
|inactive|EMP activated has 30 seconds left.
|inactive|EMP activated has 20 seconds left.
|inactive|EMP activated has 15 seconds left.
|inactive|EMP activated has 10 seconds left.
|inactive|EMP activated has 5 seconds left.
|-message|EMP activated lost due to inactivity.
|
|win|pikachumeng
|raw|pikachumeng's rating: 1465 &rarr; <strong>1484</strong><br />(+19 for winning)
|raw|EMP activated's rating: 1456 &rarr; <strong>1437</strong><br />(-19 for losing)
