|j|☆XP3R1
|j|‽yt_nigelzockt
|t:|1706736631
|gametype|singles
|player|p1|XP3R1|ghetsis|1468
|player|p2|yt_nigelzockt|169|1327
|teamsize|p1|6
|teamsize|p2|6
|gen|5
|tier|[Gen 5] OU
|rated|
|rule|Species Clause: Limit one of each Pokémon
|rule|OHKO Clause: OHKO moves are banned
|rule|Moody Clause: Moody is banned
|rule|Evasion Items Clause: Evasion items are banned
|rule|Evasion Moves Clause: Evasion moves are banned
|rule|Endless Battle Clause: Forcing endless battles is banned
|rule|HP Percentage Mod: HP is shown in percentages
|rule|Evasion Abilities Clause: Evasion abilities are banned
|rule|Sleep Moves Clause: Sleep-inducing moves are banned
|rule|Swagger Clause: Swagger is banned
|rule|Baton Pass Stat Clause: No Baton Passer may have a way to boost its stats
|clearpoke
|poke|p1|Tyranitar, F|item
|poke|p1|Landorus-Therian, M|item
|poke|p1|Slowbro, M|item
|poke|p1|Ferrothorn, M|item
|poke|p1|Scizor, F|item
|poke|p1|Reuniclus, M|item
|poke|p2|Snorlax, M|item
|poke|p2|Gliscor, M|item
|poke|p2|Magnezone|item
|poke|p2|Tyranitar, F|item
|poke|p2|Forretress, F|item
|poke|p2|Celebi|item
|teampreview
|inactive|Battle timer is ON: inactive players will automatically lose when time's up. (requested by XP3R1)
|j| feaniix
|inactive|yt_nigelzockt has 120 seconds left.
|
|t:|1706736677
|start
|switch|p1a: Good Boy|Landorus-Therian, M|100/100
|switch|p2a: Forretress|Forretress, F|100/100
|-ability|p1a: Good Boy|Intimidate|boost
|-unboost|p2a: Forretress|atk|1
|turn|1
|
|t:|1706736681
|move|p1a: Good Boy|U-turn|p2a: Forretress
|-resisted|p2a: Forretress
|-damage|p2a: Forretress|94/100
|
|t:|1706736691
|switch|p1a: Scyzera|Scizor, F, shiny|100/100|[from] U-turn
|move|p2a: Forretress|Spikes|p1a: Scyzera
|-sidestart|p1: XP3R1|Spikes
|
|-heal|p2a: Forretress|99/100|[from] item: Leftovers
|upkeep
|turn|2
|
|t:|1706736697
|move|p1a: Scyzera|Superpower|p2a: Forretress
|-damage|p2a: Forretress|66/100
|-unboost|p1a: Scyzera|atk|1
|-unboost|p1a: Scyzera|def|1
|-damage|p1a: Scyzera|91/100|[from] item: Life Orb
|move|p2a: Forretress|Spikes|p1a: Scyzera
|-sidestart|p1: XP3R1|Spikes
|
|-heal|p2a: Forretress|72/100|[from] item: Leftovers
|upkeep
|turn|3
|
|t:|1706736723
|switch|p1a: Don|Slowbro, M, shiny|100/100
|-damage|p1a: Don|84/100|[from] Spikes
|switch|p2a: Gliscor|Gliscor, M|100/100
|
|-heal|p1a: Don|90/100|[from] item: Leftovers
|-status|p2a: Gliscor|tox|[from] item: Toxic Orb
|upkeep
|turn|4
|
|t:|1706736733
|switch|p2a: Celebi|Celebi|100/100
|move|p1a: Don|Ice Beam|p2a: Celebi
|-supereffective|p2a: Celebi
|-damage|p2a: Celebi|72/100
|
|-heal|p2a: Celebi|78/100|[from] item: Leftovers
|-heal|p1a: Don|96/100|[from] item: Leftovers
|upkeep
|turn|5
|
|t:|1706736740
|switch|p1a: Feral|Ferrothorn, M, shiny|100/100
|-damage|p1a: Feral|84/100|[from] Spikes
|move|p2a: Celebi|Stealth Rock|p1a: Feral
|-sidestart|p1: XP3R1|move: Stealth Rock
|
|-heal|p2a: Celebi|84/100|[from] item: Leftovers
|upkeep
|turn|6
|
|t:|1706736742
|switch|p2a: Magnezone|Magnezone|100/100
|move|p1a: Feral|Stealth Rock|p2a: Magnezone
|-sidestart|p2: yt_nigelzockt|move: Stealth Rock
|
|upkeep
|turn|7
|
|t:|1706736746
|move|p2a: Magnezone|Hidden Power|p1a: Feral
|-supereffective|p1a: Feral
|-damage|p1a: Feral|6/100
|move|p1a: Feral|Thunder Wave|p2a: Magnezone
|-status|p2a: Magnezone|par
|
|upkeep
|turn|8
|
|t:|1706736748
|move|p2a: Magnezone|Hidden Power|p1a: Feral
|-supereffective|p1a: Feral
|-damage|p1a: Feral|0 fnt
|faint|p1a: Feral
|
|upkeep
|
|t:|1706736759
|switch|p1a: Scyzera|Scizor, F, shiny|91/100
|-damage|p1a: Scyzera|74/100|[from] Spikes
|-damage|p1a: Scyzera|62/100|[from] Stealth Rock
|turn|9
|
|t:|1706736763
|switch|p2a: Gliscor|Gliscor, M|100/100 tox
|-damage|p2a: Gliscor|88/100 tox|[from] Stealth Rock
|move|p1a: Scyzera|Superpower|p2a: Gliscor
|-resisted|p2a: Gliscor
|-damage|p2a: Gliscor|66/100 tox
|-unboost|p1a: Scyzera|atk|1
|-unboost|p1a: Scyzera|def|1
|-damage|p1a: Scyzera|52/100|[from] item: Life Orb
|
|-heal|p2a: Gliscor|79/100 tox|[from] ability: Poison Heal
|upkeep
|turn|10
|n| bakery jatta|feaniix
|l| bakery jatta
|
|t:|1706736769
|switch|p1a: Don|Slowbro, M, shiny|100/100
|-damage|p1a: Don|84/100|[from] Spikes
|-damage|p1a: Don|72/100|[from] Stealth Rock
|move|p2a: Gliscor|Earthquake|p1a: Don
|-damage|p1a: Don|50/100
|
|-heal|p1a: Don|56/100|[from] item: Leftovers
|-heal|p2a: Gliscor|91/100 tox|[from] ability: Poison Heal
|upkeep
|turn|11
|
|t:|1706736778
|move|p2a: Gliscor|Protect|p2a: Gliscor
|-singleturn|p2a: Gliscor|Protect
|move|p1a: Don|Scald|p2a: Gliscor
|-activate|p2a: Gliscor|move: Protect
|
|-heal|p1a: Don|62/100|[from] item: Leftovers
|-heal|p2a: Gliscor|100/100 tox|[from] ability: Poison Heal
|upkeep
|turn|12
|
|t:|1706736784
|switch|p2a: Snorlax|Snorlax, M|100/100
|-damage|p2a: Snorlax|88/100|[from] Stealth Rock
|move|p1a: Don|Flamethrower|p2a: Snorlax
|-crit|p2a: Snorlax
|-damage|p2a: Snorlax|77/100
|
|-heal|p1a: Don|68/100|[from] item: Leftovers
|-heal|p2a: Snorlax|83/100|[from] item: Leftovers
|upkeep
|turn|13
|
|t:|1706736789
|switch|p1a: Scyzera|Scizor, F, shiny|52/100
|-damage|p1a: Scyzera|35/100|[from] Spikes
|-damage|p1a: Scyzera|23/100|[from] Stealth Rock
|move|p2a: Snorlax|Body Slam|p1a: Scyzera
|-resisted|p1a: Scyzera
|-damage|p1a: Scyzera|6/100
|-status|p1a: Scyzera|par
|
|-heal|p2a: Snorlax|89/100|[from] item: Leftovers
|upkeep
|turn|14
|
|t:|1706736795
|move|p2a: Snorlax|Body Slam|p1a: Scyzera
|-resisted|p1a: Scyzera
|-damage|p1a: Scyzera|0 fnt
|faint|p1a: Scyzera
|
|-heal|p2a: Snorlax|95/100|[from] item: Leftovers
|upkeep
|
|t:|1706736811
|switch|p1a: Good Boy|Landorus-Therian, M|100/100
|-damage|p1a: Good Boy|88/100|[from] Stealth Rock
|-ability|p1a: Good Boy|Intimidate|boost
|-unboost|p2a: Snorlax|atk|1
|turn|15
|
|t:|1706736817
|move|p1a: Good Boy|Superpower|p2a: Snorlax
|-supereffective|p2a: Snorlax
|-damage|p2a: Snorlax|9/100
|-unboost|p1a: Good Boy|atk|1
|-unboost|p1a: Good Boy|def|1
|move|p2a: Snorlax|Curse|p2a: Snorlax
|-unboost|p2a: Snorlax|spe|1
|-boost|p2a: Snorlax|atk|1
|-boost|p2a: Snorlax|def|1
|
|-heal|p2a: Snorlax|15/100|[from] item: Leftovers
|upkeep
|turn|16
|
|t:|1706736820
|switch|p2a: Forretress|Forretress, F|72/100
|-damage|p2a: Forretress|60/100|[from] Stealth Rock
|move|p1a: Good Boy|Superpower|p2a: Forretress
|-damage|p2a: Forretress|44/100
|-unboost|p1a: Good Boy|atk|1
|-unboost|p1a: Good Boy|def|1
|
|-heal|p2a: Forretress|50/100|[from] item: Leftovers
|upkeep
|turn|17
|
|t:|1706736829
|switch|p1a: Don|Slowbro, M, shiny|100/100
|-damage|p1a: Don|84/100|[from] Spikes
|-damage|p1a: Don|72/100|[from] Stealth Rock
|move|p2a: Forretress|Rapid Spin|p1a: Don
|-damage|p1a: Don|69/100
|-sideend|p2: yt_nigelzockt|Stealth Rock|[from] move: Rapid Spin|[of] p2a: Forretress
|
|-heal|p2a: Forretress|57/100|[from] item: Leftovers
|-heal|p1a: Don|75/100|[from] item: Leftovers
|upkeep
|turn|18
|
|t:|1706736833
|switch|p2a: Celebi|Celebi|84/100
|move|p1a: Don|Flamethrower|p2a: Celebi
|-supereffective|p2a: Celebi
|-damage|p2a: Celebi|55/100
|
|-heal|p2a: Celebi|62/100|[from] item: Leftovers
|-heal|p1a: Don|81/100|[from] item: Leftovers
|upkeep
|turn|19
|
|t:|1706736837
|move|p2a: Celebi|Recover|p2a: Celebi
|-heal|p2a: Celebi|100/100
|move|p1a: Don|Ice Beam|p2a: Celebi
|-supereffective|p2a: Celebi
|-damage|p2a: Celebi|72/100
|
|-heal|p2a: Celebi|78/100|[from] item: Leftovers
|-heal|p1a: Don|87/100|[from] item: Leftovers
|upkeep
|turn|20
|
|t:|1706736844
|move|p2a: Celebi|Heal Bell|p2a: Celebi
|-activate|p2a: Celebi|move: Heal Bell
|-curestatus|p2: Gliscor|tox|[msg]
|-curestatus|p2: Magnezone|par|[msg]
|move|p1a: Don|Flamethrower|p2a: Celebi
|-supereffective|p2a: Celebi
|-damage|p2a: Celebi|49/100
|
|-heal|p2a: Celebi|55/100|[from] item: Leftovers
|-heal|p1a: Don|93/100|[from] item: Leftovers
|upkeep
|turn|21
|
|t:|1706736848
|switch|p1a: Good Boy|Landorus-Therian, M|88/100
|-damage|p1a: Good Boy|75/100|[from] Stealth Rock
|-ability|p1a: Good Boy|Intimidate|boost
|-unboost|p2a: Celebi|atk|1
|move|p2a: Celebi|Recover|p2a: Celebi
|-heal|p2a: Celebi|100/100
|
|upkeep
|turn|22
|
|t:|1706736852
|switch|p2a: Gliscor|Gliscor, M|100/100
|move|p1a: Good Boy|U-turn|p2a: Gliscor
|-resisted|p2a: Gliscor
|-damage|p2a: Gliscor|90/100
|
|t:|1706736858
|switch|p1a: Don|Slowbro, M, shiny|100/100|[from] U-turn
|-damage|p1a: Don|84/100|[from] Spikes
|-damage|p1a: Don|72/100|[from] Stealth Rock
|
|-heal|p1a: Don|78/100|[from] item: Leftovers
|-status|p2a: Gliscor|tox|[from] item: Toxic Orb
|upkeep
|turn|23
|
|t:|1706736879
|move|p2a: Gliscor|Protect|p2a: Gliscor
|-singleturn|p2a: Gliscor|Protect
|move|p1a: Don|Ice Beam|p2a: Gliscor
|-activate|p2a: Gliscor|move: Protect
|
|-heal|p1a: Don|84/100|[from] item: Leftovers
|-heal|p2a: Gliscor|100/100 tox|[from] ability: Poison Heal
|upkeep
|turn|24
|
|t:|1706736883
|switch|p2a: Celebi|Celebi|100/100
|move|p1a: Don|Flamethrower|p2a: Celebi
|-supereffective|p2a: Celebi
|-damage|p2a: Celebi|71/100
|
|-heal|p2a: Celebi|77/100|[from] item: Leftovers
|-heal|p1a: Don|90/100|[from] item: Leftovers
|upkeep
|turn|25
|
|t:|1706736886
|move|p2a: Celebi|Psychic|p1a: Don
|-resisted|p1a: Don
|-damage|p1a: Don|72/100
|move|p1a: Don|Ice Beam|p2a: Celebi
|-supereffective|p2a: Celebi
|-damage|p2a: Celebi|48/100
|
|-heal|p2a: Celebi|54/100|[from] item: Leftovers
|-heal|p1a: Don|78/100|[from] item: Leftovers
|upkeep
|turn|26
|
|t:|1706736889
|move|p2a: Celebi|Recover|p2a: Celebi
|-heal|p2a: Celebi|100/100
|move|p1a: Don|Ice Beam|p2a: Celebi
|-supereffective|p2a: Celebi
|-damage|p2a: Celebi|70/100
|
|-heal|p2a: Celebi|76/100|[from] item: Leftovers
|-heal|p1a: Don|84/100|[from] item: Leftovers
|upkeep
|turn|27
|
|t:|1706736891
|switch|p2a: Magnezone|Magnezone|100/100
|switch|p1a: Your Ruin|Reuniclus, M, shiny|100/100
|
|upkeep
|turn|28
|
|t:|1706736898
|switch|p1a: Good Boy|Landorus-Therian, M|75/100
|-damage|p1a: Good Boy|63/100|[from] Stealth Rock
|-ability|p1a: Good Boy|Intimidate|boost
|-unboost|p2a: Magnezone|atk|1
|move|p2a: Magnezone|Flash Cannon|p1a: Good Boy
|-damage|p1a: Good Boy|6/100
|
|upkeep
|turn|29
|-message|XP3R1 forfeited.
|
|win|yt_nigelzockt
|raw|XP3R1's rating: 1468 &rarr; <strong>1440</strong><br />(-28 for losing)
|raw|yt_nigelzockt's rating: 1327 &rarr; <strong>1355</strong><br />(+28 for winning)
|l|☆XP3R1
|player|p1|
