|j|☆CroCoeur
|j|☆refsunpersons
|player|p1|CroCoeur|161
|player|p2|refsunpersons|120
|teamsize|p1|6
|teamsize|p2|6
|gametype|singles
|gen|5
|tier|[Gen 5] OU
|rated|
|rule|Sleep Clause Mod: Limit one foe put to sleep
|rule|Species Clause: Limit one of each Pokémon
|rule|OHKO Clause: OHKO moves are banned
|rule|Moody Clause: Moody is banned
|rule|Evasion Moves Clause: Evasion moves are banned
|rule|Endless Battle Clause: Forcing endless battles is banned
|rule|HP Percentage Mod: HP is shown in percentages
|rule|Evasion Abilities Clause: Evasion abilities are banned
|rule|Baton Pass Clause: Limit one Baton Passer, can't pass Spe and other stats simultaneously
|rule|Swagger Clause: Swagger is banned
|clearpoke
|poke|p1|Politoed, M|item
|poke|p1|Vaporeon, F|item
|poke|p1|Celebi|item
|poke|p1|Ferrothorn, M|item
|poke|p1|Latios, M|item
|poke|p1|Jirachi|item
|poke|p2|Donphan, F|item
|poke|p2|Jirachi|item
|poke|p2|Latios, M|item
|poke|p2|Ninetales, F|item
|poke|p2|Volcarona, M|item
|poke|p2|Porygon2|item
|teampreview
|c|☆refsunpersons|gl hf
|
|start
|switch|p1a: Ferrothorn|Ferrothorn, M|100/100
|switch|p2a: Jirachi|Jirachi|100/100
|turn|1
|inactive|Battle timer is ON: inactive players will automatically lose when time's up. (requested by CroCoeur)
|
|move|p2a: Jirachi|Calm Mind|p2a: Jirachi
|-boost|p2a: Jirachi|spa|1
|-boost|p2a: Jirachi|spd|1
|move|p1a: Ferrothorn|Stealth Rock|p2a: Jirachi
|-sidestart|p2: refsunpersons|move: Stealth Rock
|
|upkeep
|turn|2
|
|move|p2a: Jirachi|Hidden Power|p1a: Ferrothorn
|-supereffective|p1a: Ferrothorn
|-damage|p1a: Ferrothorn|46/100
|move|p1a: Ferrothorn|Leech Seed|p2a: Jirachi
|-start|p2a: Jirachi|move: Leech Seed
|
|-heal|p1a: Ferrothorn|52/100|[from] item: Leftovers
|-damage|p2a: Jirachi|88/100|[from] Leech Seed|[of] p1a: Ferrothorn
|-heal|p1a: Ferrothorn|64/100|[silent]
|upkeep
|turn|3
|
|switch|p1a: Politoed|Politoed, M|100/100
|-weather|RainDance|[from] ability: Drizzle|[of] p1a: Politoed
|move|p2a: Jirachi|Calm Mind|p2a: Jirachi
|-boost|p2a: Jirachi|spa|1
|-boost|p2a: Jirachi|spd|1
|
|-weather|RainDance|[upkeep]
|-damage|p2a: Jirachi|76/100|[from] Leech Seed|[of] p1a: Politoed
|upkeep
|turn|4
|
|switch|p2a: Latios|Latios, M|100/100
|-damage|p2a: Latios|88/100|[from] Stealth Rock
|move|p1a: Politoed|Encore||[still]
|-fail|p1a: Politoed
|
|-weather|RainDance|[upkeep]
|upkeep
|turn|5
|
|switch|p1a: Ferrothorn|Ferrothorn, M|64/100
|move|p2a: Latios|Earthquake|p1a: Ferrothorn
|-damage|p1a: Ferrothorn|44/100
|-damage|p2a: Latios|78/100|[from] item: Life Orb
|
|-weather|RainDance|[upkeep]
|-heal|p1a: Ferrothorn|50/100|[from] item: Leftovers
|upkeep
|turn|6
|
|move|p2a: Latios|Hidden Power|p1a: Ferrothorn
|-supereffective|p1a: Ferrothorn
|-damage|p1a: Ferrothorn|10/100
|-damage|p2a: Latios|68/100|[from] item: Life Orb
|move|p1a: Ferrothorn|Leech Seed|p2a: Latios|[miss]
|-miss|p1a: Ferrothorn|p2a: Latios
|
|-weather|RainDance|[upkeep]
|-heal|p1a: Ferrothorn|16/100|[from] item: Leftovers
|upkeep
|turn|7
|
|switch|p1a: Celebi|Celebi|100/100
|move|p2a: Latios|Earthquake|p1a: Celebi
|-resisted|p1a: Celebi
|-damage|p1a: Celebi|88/100
|-damage|p2a: Latios|58/100|[from] item: Life Orb
|
|-weather|RainDance|[upkeep]
|-heal|p1a: Celebi|95/100|[from] item: Leftovers
|upkeep
|turn|8
|c|☆refsunpersons|sry
|
|move|p2a: Latios|Roost|p2a: Latios
|-heal|p2a: Latios|100/100
|move|p1a: Celebi|Psychic|p2a: Latios
|-resisted|p2a: Latios
|-damage|p2a: Latios|83/100
|
|-weather|RainDance|[upkeep]
|-heal|p1a: Celebi|100/100|[from] item: Leftovers
|upkeep
|turn|9
|
|move|p2a: Latios|Draco Meteor|p1a: Celebi
|-crit|p1a: Celebi
|-damage|p1a: Celebi|0 fnt
|-unboost|p2a: Latios|spa|2
|-damage|p2a: Latios|73/100|[from] item: Life Orb
|faint|p1a: Celebi
|
|-weather|RainDance|[upkeep]
|upkeep
|
|switch|p1a: Jirachi|Jirachi|100/100
|turn|10
|
|switch|p2a: Donphan|Donphan, F|100/100
|-damage|p2a: Donphan|94/100|[from] Stealth Rock
|move|p1a: Jirachi|Substitute|p1a: Jirachi
|-start|p1a: Jirachi|Substitute
|-damage|p1a: Jirachi|75/100
|
|-weather|RainDance|[upkeep]
|-heal|p1a: Jirachi|82/100|[from] item: Leftovers
|-heal|p2a: Donphan|100/100|[from] item: Leftovers
|upkeep
|turn|11
|
|move|p1a: Jirachi|Water Pulse|p2a: Donphan
|-supereffective|p2a: Donphan
|-damage|p2a: Donphan|46/100
|-start|p2a: Donphan|confusion
|-activate|p2a: Donphan|confusion
|-damage|p2a: Donphan|41/100|[from] confusion
|
|-weather|RainDance|[upkeep]
|-heal|p1a: Jirachi|88/100|[from] item: Leftovers
|-heal|p2a: Donphan|47/100|[from] item: Leftovers
|upkeep
|turn|12
|
|switch|p2a: Ninetales|Ninetales, F|100/100
|-damage|p2a: Ninetales|76/100|[from] Stealth Rock
|-weather|SunnyDay|[from] ability: Drought|[of] p2a: Ninetales
|-item|p2a: Ninetales|Air Balloon
|move|p1a: Jirachi|Water Pulse|p2a: Ninetales
|-supereffective|p2a: Ninetales
|-damage|p2a: Ninetales|60/100
|-enditem|p2a: Ninetales|Air Balloon
|-start|p2a: Ninetales|confusion
|
|-weather|SunnyDay|[upkeep]
|-heal|p1a: Jirachi|94/100|[from] item: Leftovers
|upkeep
|turn|13
|
|move|p1a: Jirachi|Thunder|p2a: Ninetales|[miss]
|-miss|p1a: Jirachi|p2a: Ninetales
|-activate|p2a: Ninetales|confusion
|move|p2a: Ninetales|Fire Blast|p1a: Jirachi
|-supereffective|p1a: Jirachi
|-end|p1a: Jirachi|Substitute
|
|-weather|SunnyDay|[upkeep]
|-heal|p1a: Jirachi|99/100|[from] item: Leftovers
|upkeep
|turn|14
|
|switch|p2a: Donphan|Donphan, F|47/100
|-damage|p2a: Donphan|41/100|[from] Stealth Rock
|move|p1a: Jirachi|Thunder|p2a: Donphan
|-immune|p2a: Donphan
|
|-weather|SunnyDay|[upkeep]
|-heal|p1a: Jirachi|100/100|[from] item: Leftovers
|-heal|p2a: Donphan|47/100|[from] item: Leftovers
|upkeep
|turn|15
|
|move|p1a: Jirachi|Water Pulse|p2a: Donphan
|-supereffective|p2a: Donphan
|-damage|p2a: Donphan|29/100
|-start|p2a: Donphan|confusion
|-activate|p2a: Donphan|confusion
|move|p2a: Donphan|Rapid Spin|p1a: Jirachi
|-resisted|p1a: Jirachi
|-damage|p1a: Jirachi|98/100
|-sideend|p2: refsunpersons|Stealth Rock|[from] move: Rapid Spin|[of] p2a: Donphan
|
|-weather|SunnyDay|[upkeep]
|-heal|p1a: Jirachi|100/100|[from] item: Leftovers
|-heal|p2a: Donphan|35/100|[from] item: Leftovers
|upkeep
|turn|16
|
|switch|p2a: Latios|Latios, M|73/100
|move|p1a: Jirachi|Water Pulse|p2a: Latios
|-resisted|p2a: Latios
|-damage|p2a: Latios|69/100
|
|-weather|SunnyDay|[upkeep]
|upkeep
|turn|17
|
|move|p2a: Latios|Hidden Power|p1a: Jirachi
|-supereffective|p1a: Jirachi
|-crit|p1a: Jirachi
|-damage|p1a: Jirachi|0 fnt
|-damage|p2a: Latios|59/100|[from] item: Life Orb
|faint|p1a: Jirachi
|
|-weather|SunnyDay|[upkeep]
|upkeep
|
|switch|p1a: Politoed|Politoed, M|100/100
|-weather|RainDance|[from] ability: Drizzle|[of] p1a: Politoed
|turn|18
|c|☆refsunpersons|i guess that happened :/
|
|switch|p2a: Porygon2|Porygon2|100/100
|-ability|p2a: Porygon2|Drizzle|[from] ability: Trace|[of] p1a: Politoed
|move|p1a: Politoed|Hydro Pump|p2a: Porygon2
|-damage|p2a: Porygon2|66/100
|
|-weather|RainDance|[upkeep]
|upkeep
|turn|19
|j| heusedgrassknotson
|
|switch|p1a: Vaporeon|Vaporeon, F|100/100
|move|p2a: Porygon2|Recover|p2a: Porygon2
|-heal|p2a: Porygon2|100/100
|
|-weather|RainDance|[upkeep]
|upkeep
|turn|20
|
|switch|p2a: Donphan|Donphan, F|35/100
|move|p1a: Vaporeon|Scald|p2a: Donphan
|-supereffective|p2a: Donphan
|-damage|p2a: Donphan|0 fnt
|faint|p2a: Donphan
|
|-weather|RainDance|[upkeep]
|upkeep
|
|switch|p2a: Ninetales|Ninetales, F|60/100
|-weather|SunnyDay|[from] ability: Drought|[of] p2a: Ninetales
|turn|21
|
|switch|p2a: Jirachi|Jirachi|76/100
|move|p1a: Vaporeon|Scald|p2a: Jirachi
|-damage|p2a: Jirachi|61/100
|-status|p2a: Jirachi|brn
|
|-weather|SunnyDay|[upkeep]
|-damage|p2a: Jirachi|49/100 brn|[from] brn
|upkeep
|turn|22
|
|move|p2a: Jirachi|Calm Mind|p2a: Jirachi
|-boost|p2a: Jirachi|spa|1
|-boost|p2a: Jirachi|spd|1
|move|p1a: Vaporeon|Scald|p2a: Jirachi
|-damage|p2a: Jirachi|39/100 brn
|
|-weather|SunnyDay|[upkeep]
|-damage|p2a: Jirachi|26/100 brn|[from] brn
|upkeep
|turn|23
|
|move|p2a: Jirachi|Thunder|p1a: Vaporeon|[miss]
|-miss|p2a: Jirachi|p1a: Vaporeon
|move|p1a: Vaporeon|Roar|p2a: Jirachi
|drag|p2a: Latios|Latios, M|59/100
|
|-weather|SunnyDay|[upkeep]
|upkeep
|turn|24
|
|move|p2a: Latios|Draco Meteor|p1a: Vaporeon
|-damage|p1a: Vaporeon|54/100
|-unboost|p2a: Latios|spa|2
|-damage|p2a: Latios|49/100|[from] item: Life Orb
|move|p1a: Vaporeon|Scald|p2a: Latios
|-resisted|p2a: Latios
|-crit|p2a: Latios
|-damage|p2a: Latios|33/100
|-status|p2a: Latios|brn
|
|-weather|SunnyDay|[upkeep]
|-heal|p1a: Vaporeon|60/100|[from] item: Leftovers
|-damage|p2a: Latios|20/100 brn|[from] brn
|upkeep
|turn|25
|
|switch|p1a: Politoed|Politoed, M|100/100
|-weather|RainDance|[from] ability: Drizzle|[of] p1a: Politoed
|move|p2a: Latios|Roost|p2a: Latios
|-heal|p2a: Latios|71/100 brn
|
|-weather|RainDance|[upkeep]
|-damage|p2a: Latios|58/100 brn|[from] brn
|upkeep
|turn|26
|
|switch|p1a: Vaporeon|Vaporeon, F|60/100
|switch|p2a: Ninetales|Ninetales, F|60/100
|-weather|SunnyDay|[from] ability: Drought|[of] p2a: Ninetales
|
|-weather|SunnyDay|[upkeep]
|-heal|p1a: Vaporeon|66/100|[from] item: Leftovers
|upkeep
|turn|27
|
|switch|p2a: Latios|Latios, M|58/100 brn
|move|p1a: Vaporeon|Scald|p2a: Latios
|-resisted|p2a: Latios
|-damage|p2a: Latios|50/100 brn
|
|-weather|SunnyDay|[upkeep]
|-heal|p1a: Vaporeon|72/100|[from] item: Leftovers
|-damage|p2a: Latios|38/100 brn|[from] brn
|upkeep
|turn|28
|
|move|p2a: Latios|Draco Meteor|p1a: Vaporeon
|-damage|p1a: Vaporeon|24/100
|-unboost|p2a: Latios|spa|2
|-damage|p2a: Latios|28/100 brn|[from] item: Life Orb
|move|p1a: Vaporeon|Scald|p2a: Latios
|-resisted|p2a: Latios
|-damage|p2a: Latios|20/100 brn
|
|-weather|SunnyDay|[upkeep]
|-heal|p1a: Vaporeon|30/100|[from] item: Leftovers
|-damage|p2a: Latios|7/100 brn|[from] brn
|upkeep
|turn|29
|
|move|p2a: Latios|Roost|p2a: Latios
|-heal|p2a: Latios|58/100 brn
|move|p1a: Vaporeon|Rest|p1a: Vaporeon
|-status|p1a: Vaporeon|slp
|-heal|p1a: Vaporeon|100/100 slp|[silent]
|-status|p1a: Vaporeon|slp|[from] move: Rest
|
|-weather|SunnyDay|[upkeep]
|-damage|p2a: Latios|45/100 brn|[from] brn
|upkeep
|turn|30
|
|switch|p2a: Jirachi|Jirachi|26/100 brn
|switch|p1a: Politoed|Politoed, M|100/100
|-weather|RainDance|[from] ability: Drizzle|[of] p1a: Politoed
|
|-weather|RainDance|[upkeep]
|-damage|p2a: Jirachi|14/100 brn|[from] brn
|upkeep
|turn|31
|
|switch|p1a: Vaporeon|Vaporeon, F|100/100 slp
|move|p2a: Jirachi|Thunder|p1a: Vaporeon
|-supereffective|p1a: Vaporeon
|-damage|p1a: Vaporeon|54/100 slp
|
|-weather|RainDance|[upkeep]
|-activate|p1a: Vaporeon|ability: Hydration
|-curestatus|p1a: Vaporeon|slp|[msg]
|-heal|p1a: Vaporeon|60/100|[from] item: Leftovers
|-damage|p2a: Jirachi|2/100 brn|[from] brn
|upkeep
|turn|32
|
|move|p2a: Jirachi|Thunder|p1a: Vaporeon
|-supereffective|p1a: Vaporeon
|-damage|p1a: Vaporeon|7/100
|-status|p1a: Vaporeon|par
|move|p1a: Vaporeon|Rest|p1a: Vaporeon
|-status|p1a: Vaporeon|slp
|-heal|p1a: Vaporeon|100/100 slp|[silent]
|-status|p1a: Vaporeon|slp|[from] move: Rest
|
|-weather|RainDance|[upkeep]
|-activate|p1a: Vaporeon|ability: Hydration
|-curestatus|p1a: Vaporeon|slp|[msg]
|-damage|p2a: Jirachi|0 fnt|[from] brn
|upkeep
|faint|p2a: Jirachi
|c| heusedgrassknotson|dugless sun looks so naked :/
|
|switch|p2a: Ninetales|Ninetales, F|60/100
|-weather|SunnyDay|[from] ability: Drought|[of] p2a: Ninetales
|turn|33
|
|move|p2a: Ninetales|Sunny Day||[still]
|-fail|p2a: Ninetales
|move|p1a: Vaporeon|Scald|p2a: Ninetales
|-supereffective|p2a: Ninetales
|-crit|p2a: Ninetales
|-damage|p2a: Ninetales|0 fnt
|faint|p2a: Ninetales
|
|-weather|SunnyDay|[upkeep]
|upkeep
|
|switch|p2a: Latios|Latios, M|45/100 brn
|turn|34
|
|move|p2a: Latios|Draco Meteor|p1a: Vaporeon|[miss]
|-miss|p2a: Latios|p1a: Vaporeon
|move|p1a: Vaporeon|Scald|p2a: Latios
|-resisted|p2a: Latios
|-damage|p2a: Latios|36/100 brn
|
|-weather|SunnyDay|[upkeep]
|-damage|p2a: Latios|24/100 brn|[from] brn
|upkeep
|turn|35
|
|move|p2a: Latios|Draco Meteor|p1a: Vaporeon
|-damage|p1a: Vaporeon|47/100
|-unboost|p2a: Latios|spa|2
|-damage|p2a: Latios|14/100 brn|[from] item: Life Orb
|move|p1a: Vaporeon|Scald|p2a: Latios
|-resisted|p2a: Latios
|-damage|p2a: Latios|5/100 brn
|
|-weather|SunnyDay|[upkeep]
|-heal|p1a: Vaporeon|53/100|[from] item: Leftovers
|-damage|p2a: Latios|0 fnt|[from] brn
|upkeep
|faint|p2a: Latios
|
|switch|p2a: Volcarona|Volcarona, M|100/100
|turn|36
|
|move|p2a: Volcarona|Quiver Dance|p2a: Volcarona
|-boost|p2a: Volcarona|spa|1
|-boost|p2a: Volcarona|spd|1
|-boost|p2a: Volcarona|spe|1
|move|p1a: Vaporeon|Roar|p2a: Volcarona
|drag|p2a: Porygon2|Porygon2|100/100
|-ability|p2a: Porygon2|Hydration|[from] ability: Trace|[of] p1a: Vaporeon
|
|-weather|SunnyDay|[upkeep]
|-heal|p1a: Vaporeon|59/100|[from] item: Leftovers
|upkeep
|turn|37
|
|switch|p1a: Politoed|Politoed, M|100/100
|-weather|RainDance|[from] ability: Drizzle|[of] p1a: Politoed
|move|p2a: Porygon2|Toxic|p1a: Politoed|[miss]
|-miss|p2a: Porygon2|p1a: Politoed
|
|-weather|RainDance|[upkeep]
|upkeep
|turn|38
|
|switch|p1a: Ferrothorn|Ferrothorn, M|16/100
|move|p2a: Porygon2|Toxic|p1a: Ferrothorn
|-immune|p1a: Ferrothorn
|
|-weather|RainDance|[upkeep]
|-heal|p1a: Ferrothorn|23/100|[from] item: Leftovers
|upkeep
|turn|39
|inactive|CroCoeur has 120 seconds left.
|
|switch|p2a: Volcarona|Volcarona, M|100/100
|move|p1a: Ferrothorn|Stealth Rock|p2a: Volcarona
|-sidestart|p2: refsunpersons|move: Stealth Rock
|
|-weather|RainDance|[upkeep]
|-heal|p1a: Ferrothorn|29/100|[from] item: Leftovers
|upkeep
|turn|40
|
|switch|p1a: Vaporeon|Vaporeon, F|59/100
|move|p2a: Volcarona|Quiver Dance|p2a: Volcarona
|-boost|p2a: Volcarona|spa|1
|-boost|p2a: Volcarona|spd|1
|-boost|p2a: Volcarona|spe|1
|
|-weather|RainDance|[upkeep]
|-heal|p1a: Vaporeon|65/100|[from] item: Leftovers
|upkeep
|turn|41
|
|move|p2a: Volcarona|Bug Buzz|p1a: Vaporeon
|-damage|p1a: Vaporeon|26/100
|-unboost|p1a: Vaporeon|spd|1
|move|p1a: Vaporeon|Roar|p2a: Volcarona
|drag|p2a: Porygon2|Porygon2|100/100
|-damage|p2a: Porygon2|88/100|[from] Stealth Rock
|-ability|p2a: Porygon2|Hydration|[from] ability: Trace|[of] p1a: Vaporeon
|
|-weather|RainDance|[upkeep]
|-heal|p1a: Vaporeon|32/100|[from] item: Leftovers
|upkeep
|turn|42
|
|switch|p2a: Volcarona|Volcarona, M|100/100
|-damage|p2a: Volcarona|51/100|[from] Stealth Rock
|move|p1a: Vaporeon|Rest|p1a: Vaporeon
|-status|p1a: Vaporeon|slp
|-heal|p1a: Vaporeon|100/100 slp|[silent]
|-status|p1a: Vaporeon|slp|[from] move: Rest
|
|-weather|RainDance|[upkeep]
|-activate|p1a: Vaporeon|ability: Hydration
|-curestatus|p1a: Vaporeon|slp|[msg]
|upkeep
|turn|43
|
|move|p2a: Volcarona|Quiver Dance|p2a: Volcarona
|-boost|p2a: Volcarona|spa|1
|-boost|p2a: Volcarona|spd|1
|-boost|p2a: Volcarona|spe|1
|move|p1a: Vaporeon|Roar|p2a: Volcarona
|drag|p2a: Porygon2|Porygon2|88/100
|-damage|p2a: Porygon2|76/100|[from] Stealth Rock
|-ability|p2a: Porygon2|Hydration|[from] ability: Trace|[of] p1a: Vaporeon
|
|-weather|RainDance|[upkeep]
|upkeep
|turn|44
|c|☆refsunpersons|gg
|-message|refsunpersons forfeited.
|
|win|CroCoeur
|l|☆refsunpersons
|l| heusedgrassknotson
|raw|CroCoeur's rating: 1352 &rarr; <strong>1371</strong><br />(+19 for winning)
|raw|refsunpersons's rating: 1344 &rarr; <strong>1325</strong><br />(-19 for losing)
