|j|☆esiariesiari
|j|☆chomp29
|t:|1729532897
|gametype|singles
|player|p1|esiariesiari|cynthia-gen4|1350
|player|p2|chomp29|lucas|1548
|teamsize|p1|6
|teamsize|p2|6
|gen|5
|tier|[Gen 5] OU
|rated|
|rule|Species Clause: Limit one of each Pokémon
|rule|OHKO Clause: OHKO moves are banned
|rule|Moody Clause: Moody is banned
|rule|Evasion Items Clause: Evasion items are banned
|rule|Evasion Moves Clause: Evasion moves are banned
|rule|Endless Battle Clause: Forcing endless battles is banned
|rule|HP Percentage Mod: HP is shown in percentages
|rule|Evasion Abilities Clause: Evasion abilities are banned
|rule|Sleep Moves Clause: Sleep-inducing moves are banned
|rule|Swagger Clause: Swagger is banned
|rule|Baton Pass Stat Clause: No Baton Passer may have a way to boost its stats
|clearpoke
|poke|p1|Magnezone|item
|poke|p1|Jirachi|item
|poke|p1|Latios, M|item
|poke|p1|Kyurem-Black|item
|poke|p1|Dragonite, M|item
|poke|p1|Reuniclus, F|item
|poke|p2|Volcarona, F|item
|poke|p2|Starmie|item
|poke|p2|Conkeldurr, F|item
|poke|p2|Jirachi|item
|poke|p2|Aerodactyl, M|item
|poke|p2|Latios, M|item
|teampreview
|inactive|Battle timer is ON: inactive players will automatically lose when time's up. (requested by chomp29)
|
|t:|1729532919
|start
|switch|p1a: Iceman|Kyurem-Black|100/100
|switch|p2a: Aerodactyl|Aerodactyl, M|100/100
|-ability|p2a: Aerodactyl|Pressure
|-ability|p1a: Iceman|Teravolt
|turn|1
|
|t:|1729532926
|move|p2a: Aerodactyl|Toxic|p1a: Iceman
|-status|p1a: Iceman|tox
|move|p1a: Iceman|Fusion Bolt|p2a: Aerodactyl
|-supereffective|p2a: Aerodactyl
|-enditem|p2a: Aerodactyl|Focus Sash
|-damage|p2a: Aerodactyl|1/100
|
|-damage|p1a: Iceman|94/100 tox|[from] psn
|upkeep
|turn|2
|
|t:|1729532929
|switch|p1a: Make A Wish|Jirachi|100/100
|move|p2a: Aerodactyl|Stealth Rock|p1a: Make A Wish
|-sidestart|p1: esiariesiari|move: Stealth Rock
|
|upkeep
|turn|3
|
|t:|1729532939
|move|p2a: Aerodactyl|Taunt|p1a: Make A Wish
|-start|p1a: Make A Wish|move: Taunt
|cant|p1a: Make A Wish|move: Taunt|Stealth Rock
|
|upkeep
|turn|4
|
|t:|1729532943
|move|p2a: Aerodactyl|Earthquake|p1a: Make A Wish
|-supereffective|p1a: Make A Wish
|-damage|p1a: Make A Wish|50/100
|move|p1a: Make A Wish|U-turn|p2a: Aerodactyl
|-resisted|p2a: Aerodactyl
|-damage|p2a: Aerodactyl|0 fnt
|faint|p2a: Aerodactyl
|
|t:|1729532956
|switch|p1a: F35|Latios, M|100/100|[from] U-turn
|-damage|p1a: F35|88/100|[from] Stealth Rock
|
|upkeep
|
|t:|1729532963
|switch|p2a: Jirachi|Jirachi|100/100
|turn|5
|
|t:|1729532967
|switch|p1a: Make A Wish|Jirachi|50/100
|-damage|p1a: Make A Wish|44/100|[from] Stealth Rock
|move|p2a: Jirachi|U-turn|p1a: Make A Wish
|-crit|p1a: Make A Wish
|-damage|p1a: Make A Wish|7/100
|
|t:|1729532976
|switch|p2a: Conkeldurr|Conkeldurr, F|100/100|[from] U-turn
|
|-heal|p1a: Make A Wish|13/100|[from] item: Leftovers
|upkeep
|turn|6
|
|t:|1729532982
|move|p2a: Conkeldurr|Mach Punch|p1a: Make A Wish
|-damage|p1a: Make A Wish|0 fnt
|faint|p1a: Make A Wish
|
|upkeep
|
|t:|1729532987
|switch|p1a: Dr Weird|Reuniclus, F, shiny|100/100
|turn|7
|
|t:|1729532992
|switch|p2a: Jirachi|Jirachi|100/100
|move|p1a: Dr Weird|Trick Room|p1a: Dr Weird
|-fieldstart|move: Trick Room|[of] p1a: Dr Weird
|
|upkeep
|turn|8
|
|t:|1729533003
|move|p1a: Dr Weird|Focus Blast|p2a: Jirachi
|-damage|p2a: Jirachi|52/100
|move|p2a: Jirachi|U-turn|p1a: Dr Weird
|-supereffective|p1a: Dr Weird
|-damage|p1a: Dr Weird|60/100
|j| night suwu
|
|t:|1729533025
|switch|p2a: Latios|Latios, M|100/100|[from] U-turn
|
|upkeep
|turn|9
|
|t:|1729533030
|move|p1a: Dr Weird|Shadow Ball|p2a: Latios
|-supereffective|p2a: Latios
|-damage|p2a: Latios|9/100
|move|p2a: Latios|Draco Meteor|p1a: Dr Weird
|-crit|p1a: Dr Weird
|-damage|p1a: Dr Weird|0 fnt
|-unboost|p2a: Latios|spa|2
|faint|p1a: Dr Weird
|-damage|p2a: Latios|0 fnt|[from] item: Life Orb
|faint|p2a: Latios
|
|upkeep
|
|t:|1729533051
|switch|p1a: Goofus|Dragonite, M|100/100
|switch|p2a: Conkeldurr|Conkeldurr, F|100/100
|-damage|p1a: Goofus|76/100|[from] Stealth Rock
|turn|10
|
|t:|1729533057
|switch|p1a: UFO|Magnezone, shiny|100/100
|-damage|p1a: UFO|94/100|[from] Stealth Rock
|-item|p1a: UFO|Air Balloon
|move|p2a: Conkeldurr|Ice Punch|p1a: UFO
|-resisted|p1a: UFO
|-damage|p1a: UFO|80/100
|-enditem|p1a: UFO|Air Balloon
|
|upkeep
|turn|11
|l| night suwu
|
|t:|1729533071
|move|p2a: Conkeldurr|Bulk Up|p2a: Conkeldurr
|-boost|p2a: Conkeldurr|atk|1
|-boost|p2a: Conkeldurr|def|1
|move|p1a: UFO|Thunderbolt|p2a: Conkeldurr
|-damage|p2a: Conkeldurr|49/100
|
|-heal|p2a: Conkeldurr|55/100|[from] item: Leftovers
|-fieldend|move: Trick Room
|upkeep
|turn|12
|
|t:|1729533077
|move|p1a: UFO|Thunderbolt|p2a: Conkeldurr
|-damage|p2a: Conkeldurr|3/100
|move|p2a: Conkeldurr|Drain Punch|p1a: UFO
|-supereffective|p1a: UFO
|-damage|p1a: UFO|0 fnt
|-heal|p2a: Conkeldurr|32/100|[from] drain|[of] p1a: UFO
|faint|p1a: UFO
|
|-heal|p2a: Conkeldurr|38/100|[from] item: Leftovers
|upkeep
|
|t:|1729533095
|switch|p1a: Goofus|Dragonite, M|76/100
|-damage|p1a: Goofus|51/100|[from] Stealth Rock
|turn|13
|
|t:|1729533101
|move|p1a: Goofus|Extreme Speed|p2a: Conkeldurr
|-crit|p2a: Conkeldurr
|-damage|p2a: Conkeldurr|0 fnt
|faint|p2a: Conkeldurr
|
|upkeep
|
|t:|1729533109
|switch|p2a: Jirachi|Jirachi|52/100
|turn|14
|
|t:|1729533113
|move|p2a: Jirachi|Ice Punch|p1a: Goofus
|-supereffective|p1a: Goofus
|-damage|p1a: Goofus|0 fnt
|faint|p1a: Goofus
|
|upkeep
|
|t:|1729533119
|switch|p1a: Iceman|Kyurem-Black|94/100 tox
|-damage|p1a: Iceman|70/100 tox|[from] Stealth Rock
|-ability|p1a: Iceman|Teravolt
|turn|15
|
|t:|1729533128
|switch|p2a: Starmie|Starmie|100/100
|-item|p2a: Starmie|Air Balloon
|move|p1a: Iceman|Outrage|p2a: Starmie
|-damage|p2a: Starmie|0 fnt
|-enditem|p2a: Starmie|Air Balloon
|faint|p2a: Starmie
|
|-damage|p1a: Iceman|63/100 tox|[from] psn
|upkeep
|
|t:|1729533130
|switch|p2a: Jirachi|Jirachi|52/100
|turn|16
|
|t:|1729533132
|move|p2a: Jirachi|Iron Head|p1a: Iceman
|-supereffective|p1a: Iceman
|-damage|p1a: Iceman|0 fnt
|faint|p1a: Iceman
|
|upkeep
|
|t:|1729533134
|switch|p1a: F35|Latios, M|88/100
|-damage|p1a: F35|76/100|[from] Stealth Rock
|turn|17
|
|t:|1729533137
|move|p1a: F35|Surf|p2a: Jirachi
|-damage|p2a: Jirachi|24/100
|move|p2a: Jirachi|Iron Head|p1a: F35
|-damage|p1a: F35|22/100
|
|upkeep
|turn|18
|
|t:|1729533141
|move|p1a: F35|Surf|p2a: Jirachi
|-damage|p2a: Jirachi|0 fnt
|faint|p2a: Jirachi
|
|upkeep
|
|t:|1729533143
|switch|p2a: Volcarona|Volcarona, F|100/100
|turn|19
|inactive|esiariesiari has 120 seconds left.
|c|☆esiariesiari|6.25%?
|
|t:|1729533190
|move|p1a: F35|Surf|p2a: Volcarona
|-supereffective|p2a: Volcarona
|-damage|p2a: Volcarona|36/100
|move|p2a: Volcarona|Bug Buzz|p1a: F35
|-supereffective|p1a: F35
|-damage|p1a: F35|0 fnt
|faint|p1a: F35
|-damage|p2a: Volcarona|26/100|[from] item: Life Orb
|
|win|chomp29
|raw|esiariesiari's rating: 1350 &rarr; <strong>1340</strong><br />(-10 for losing)
|raw|chomp29's rating: 1548 &rarr; <strong>1558</strong><br />(+10 for winning)
|c|☆esiariesiari|gg
