|j|☆spliffdiff
|j|☆blue in unova
|t:|1724435099
|gametype|singles
|player|p1|spliffdiff|scientist-gen4|1346
|player|p2|blue in unova|miku-ground|1481
|teamsize|p1|6
|teamsize|p2|6
|gen|5
|tier|[Gen 5] OU
|rated|
|rule|Species Clause: Limit one of each Pokémon
|rule|OHKO Clause: OHKO moves are banned
|rule|Moody Clause: Moody is banned
|rule|Evasion Items Clause: Evasion items are banned
|rule|Evasion Moves Clause: Evasion moves are banned
|rule|Endless Battle Clause: Forcing endless battles is banned
|rule|HP Percentage Mod: HP is shown in percentages
|rule|Evasion Abilities Clause: Evasion abilities are banned
|rule|Sleep Moves Clause: Sleep-inducing moves are banned
|rule|Swagger Clause: Swagger is banned
|rule|Baton Pass Stat Clause: No Baton Passer may have a way to boost its stats
|clearpoke
|poke|p1|Terrakion|item
|poke|p1|Garchomp, M|item
|poke|p1|Keldeo-Resolute|item
|poke|p1|Conkeldurr, F|item
|poke|p1|Starmie|item
|poke|p1|Honchkrow, F|item
|poke|p2|Mamoswine, F|item
|poke|p2|Jirachi|item
|poke|p2|Magnezone|item
|poke|p2|Latios, M|item
|poke|p2|Starmie|item
|poke|p2|Dragonite, M|item
|teampreview
|inactive|Battle timer is ON: inactive players will automatically lose when time's up. (requested by blue in unova)
|inactive|blue in unova has 120 seconds left.
|inactive|blue in unova has 90 seconds left.
|
|t:|1724435162
|start
|switch|p1a: Terrakion|Terrakion|100/100
|switch|p2a: Latios|Latios, M|100/100
|turn|1
|
|t:|1724435172
|move|p2a: Latios|Surf|p1a: Terrakion
|-supereffective|p1a: Terrakion
|-damage|p1a: Terrakion|20/100
|move|p1a: Terrakion|Stealth Rock|p2a: Latios
|-sidestart|p2: blue in unova|move: Stealth Rock
|
|upkeep
|turn|2
|
|t:|1724435179
|move|p2a: Latios|Surf|p1a: Terrakion
|-supereffective|p1a: Terrakion
|-damage|p1a: Terrakion|0 fnt
|faint|p1a: Terrakion
|
|upkeep
|
|t:|1724435181
|switch|p1a: Honchkrow|Honchkrow, F|100/100
|turn|3
|
|t:|1724435187
|-activate|p2a: Latios|move: Pursuit
|move|p1a: Honchkrow|Pursuit|p2a: Latios|[from]Pursuit
|-supereffective|p2a: Latios
|-damage|p2a: Latios|0 fnt
|faint|p2a: Latios
|-hint|A Pokemon can't switch between when it runs out of HP and when it faints
|
|upkeep
|
|t:|1724435211
|switch|p2a: Jirachi|Jirachi|100/100
|-damage|p2a: Jirachi|94/100|[from] Stealth Rock
|turn|4
|
|t:|1724435220
|switch|p1a: Starmie|Starmie|100/100
|move|p2a: Jirachi|Body Slam|p1a: Starmie
|-damage|p1a: Starmie|73/100
|-status|p1a: Starmie|par
|
|-heal|p2a: Jirachi|100/100|[from] item: Leftovers
|-heal|p1a: Starmie|79/100 par|[from] item: Leftovers
|upkeep
|turn|5
|
|t:|1724435228
|move|p2a: Jirachi|Stealth Rock|p1a: Starmie
|-sidestart|p1: spliffdiff|move: Stealth Rock
|move|p1a: Starmie|Hydro Pump|p2a: Jirachi|[miss]
|-miss|p1a: Starmie|p2a: Jirachi
|
|-heal|p1a: Starmie|85/100 par|[from] item: Leftovers
|upkeep
|turn|6
|
|t:|1724435232
|-curestatus|p1a: Starmie|par|[from] ability: Natural Cure
|switch|p1a: Garchomp|Garchomp, M|100/100
|-damage|p1a: Garchomp|94/100|[from] Stealth Rock
|move|p2a: Jirachi|Body Slam|p1a: Garchomp
|-damage|p1a: Garchomp|75/100
|-status|p1a: Garchomp|par
|-damage|p2a: Jirachi|88/100|[from] ability: Rough Skin|[of] p1a: Garchomp
|
|-heal|p2a: Jirachi|94/100|[from] item: Leftovers
|upkeep
|turn|7
|
|t:|1724435243
|move|p2a: Jirachi|Icy Wind|p1a: Garchomp
|-supereffective|p1a: Garchomp
|-damage|p1a: Garchomp|15/100 par
|-unboost|p1a: Garchomp|spe|1
|move|p1a: Garchomp|Earthquake|p2a: Jirachi
|-supereffective|p2a: Jirachi
|-damage|p2a: Jirachi|15/100
|
|-heal|p2a: Jirachi|21/100|[from] item: Leftovers
|upkeep
|turn|8
|
|t:|1724435256
|move|p2a: Jirachi|Icy Wind|p1a: Garchomp
|-supereffective|p1a: Garchomp
|-damage|p1a: Garchomp|0 fnt
|faint|p1a: Garchomp
|
|-heal|p2a: Jirachi|27/100|[from] item: Leftovers
|upkeep
|
|t:|1724435264
|switch|p1a: Starmie|Starmie|85/100
|-damage|p1a: Starmie|73/100|[from] Stealth Rock
|turn|9
|
|t:|1724435287
|switch|p2a: Starmie|Starmie|100/100
|-damage|p2a: Starmie|88/100|[from] Stealth Rock
|move|p1a: Starmie|Hydro Pump|p2a: Starmie
|-resisted|p2a: Starmie
|-damage|p2a: Starmie|50/100
|
|-heal|p1a: Starmie|79/100|[from] item: Leftovers
|upkeep
|turn|10
|
|t:|1724435293
|move|p2a: Starmie|Thunderbolt|p1a: Starmie
|-supereffective|p1a: Starmie
|-damage|p1a: Starmie|0 fnt
|faint|p1a: Starmie
|
|upkeep
|
|t:|1724435298
|switch|p1a: Honchkrow|Honchkrow, F|100/100
|-damage|p1a: Honchkrow|75/100|[from] Stealth Rock
|turn|11
|
|t:|1724435305
|move|p1a: Honchkrow|Sucker Punch|p2a: Starmie
|-supereffective|p2a: Starmie
|-damage|p2a: Starmie|0 fnt
|faint|p2a: Starmie
|
|upkeep
|
|t:|1724435307
|switch|p2a: Mamoswine|Mamoswine, F|100/100
|-damage|p2a: Mamoswine|88/100|[from] Stealth Rock
|turn|12
|
|t:|1724435316
|move|p2a: Mamoswine|Substitute|p2a: Mamoswine
|-start|p2a: Mamoswine|Substitute
|-damage|p2a: Mamoswine|63/100
|move|p1a: Honchkrow|Brave Bird|p2a: Mamoswine
|-end|p2a: Mamoswine|Substitute
|-damage|p1a: Honchkrow|68/100|[from] Recoil|[of] p2a: Mamoswine
|
|upkeep
|turn|13
|
|t:|1724435321
|move|p2a: Mamoswine|Ice Shard|p1a: Honchkrow
|-supereffective|p1a: Honchkrow
|-damage|p1a: Honchkrow|0 fnt
|faint|p1a: Honchkrow
|
|upkeep
|
|t:|1724435325
|switch|p1a: Keldeo|Keldeo-Resolute|100/100
|-damage|p1a: Keldeo|94/100|[from] Stealth Rock
|turn|14
|
|t:|1724435353
|move|p1a: Keldeo|Surf|p2a: Mamoswine
|-supereffective|p2a: Mamoswine
|-damage|p2a: Mamoswine|0 fnt
|faint|p2a: Mamoswine
|
|upkeep
|
|t:|1724435355
|switch|p2a: Jirachi|Jirachi|27/100
|-damage|p2a: Jirachi|21/100|[from] Stealth Rock
|turn|15
|
|t:|1724435357
|move|p1a: Keldeo|Surf|p2a: Jirachi
|-damage|p2a: Jirachi|0 fnt
|faint|p2a: Jirachi
|
|upkeep
|
|t:|1724435362
|switch|p2a: Magnezone|Magnezone|100/100
|-damage|p2a: Magnezone|94/100|[from] Stealth Rock
|-item|p2a: Magnezone|Air Balloon
|turn|16
|
|t:|1724435367
|move|p1a: Keldeo|Surf|p2a: Magnezone
|-crit|p2a: Magnezone
|-damage|p2a: Magnezone|0 fnt
|-enditem|p2a: Magnezone|Air Balloon
|faint|p2a: Magnezone
|
|upkeep
|
|t:|1724435371
|switch|p2a: Dragonite|Dragonite, M|100/100
|-damage|p2a: Dragonite|76/100|[from] Stealth Rock
|turn|17
|
|t:|1724435377
|move|p1a: Keldeo|Surf|p2a: Dragonite
|-resisted|p2a: Dragonite
|-damage|p2a: Dragonite|51/100
|move|p2a: Dragonite|Dragon Dance|p2a: Dragonite
|-boost|p2a: Dragonite|atk|1
|-boost|p2a: Dragonite|spe|1
|
|upkeep
|turn|18
|
|t:|1724435382
|move|p2a: Dragonite|Dragon Dance|p2a: Dragonite
|-boost|p2a: Dragonite|atk|1
|-boost|p2a: Dragonite|spe|1
|move|p1a: Keldeo|Secret Sword|p2a: Dragonite
|-resisted|p2a: Dragonite
|-damage|p2a: Dragonite|26/100
|
|upkeep
|turn|19
|
|t:|1724435389
|move|p2a: Dragonite|Outrage|p1a: Keldeo
|-crit|p1a: Keldeo
|-damage|p1a: Keldeo|0 fnt
|faint|p1a: Keldeo
|
|upkeep
|
|t:|1724435393
|switch|p1a: Conkeldurr|Conkeldurr, F|100/100
|-damage|p1a: Conkeldurr|94/100|[from] Stealth Rock
|turn|20
|
|t:|1724435399
|move|p2a: Dragonite|Outrage|p1a: Conkeldurr|[from]lockedmove
|-crit|p1a: Conkeldurr
|-damage|p1a: Conkeldurr|0 fnt
|faint|p1a: Conkeldurr
|-start|p2a: Dragonite|confusion|[fatigue]
|
|win|blue in unova
|raw|spliffdiff's rating: 1346 &rarr; <strong>1333</strong><br />(-13 for losing)
|raw|blue in unova's rating: 1481 &rarr; <strong>1494</strong><br />(+13 for winning)
|l|☆spliffdiff
|player|p1|
