|j|☆Hans Bloodsmith
|j|☆Steveman
|t:|1734981159
|gametype|singles
|player|p1|Hans Bloodsmith|plasmagrunt|1363
|player|p2|Steveman|1|1412
|teamsize|p1|6
|teamsize|p2|6
|gen|5
|tier|[Gen 5] OU
|rated|
|rule|Species Clause: Limit one of each Pokémon
|rule|OHKO Clause: OHKO moves are banned
|rule|Moody Clause: Moody is banned
|rule|Evasion Items Clause: Evasion items are banned
|rule|Evasion Moves Clause: Evasion moves are banned
|rule|Endless Battle Clause: Forcing endless battles is banned
|rule|HP Percentage Mod: HP is shown in percentages
|rule|Evasion Abilities Clause: Evasion abilities are banned
|rule|Sleep Moves Clause: Sleep-inducing moves are banned
|rule|Swagger Clause: Swagger is banned
|rule|Baton Pass Stat Clause: No Baton Passer may have a way to boost its stats
|clearpoke
|poke|p1|Volcarona, M|item
|poke|p1|Hydreigon, M|item
|poke|p1|Mamoswine, M|item
|poke|p1|Magnezone|item
|poke|p1|Toxicroak, F|item
|poke|p1|Politoed, M|item
|poke|p2|Celebi|item
|poke|p2|Skarmory, F|item
|poke|p2|Gliscor, F|item
|poke|p2|Tyranitar, F|item
|poke|p2|Sableye, F|item
|poke|p2|Blastoise, M|item
|teampreview
|inactive|Battle timer is ON: inactive players will automatically lose when time's up. (requested by Hans Bloodsmith)
|inactive|Steveman has 120 seconds left.
|
|t:|1734981194
|start
|switch|p1a: Francis|Politoed, M|100/100
|switch|p2a: Blastoise|Blastoise, M|100/100
|-weather|RainDance|[from] ability: Drizzle|[of] p1a: Francis
|turn|1
|
|t:|1734981201
|move|p2a: Blastoise|Hidden Power|p1a: Francis
|-supereffective|p1a: Francis
|-damage|p1a: Francis|67/100
|move|p1a: Francis|Hidden Power|p2a: Blastoise
|-supereffective|p2a: Blastoise
|-damage|p2a: Blastoise|47/100
|
|-weather|RainDance|[upkeep]
|-heal|p2a: Blastoise|53/100|[from] ability: Rain Dish
|-heal|p2a: Blastoise|59/100|[from] item: Leftovers
|upkeep
|turn|2
|
|t:|1734981219
|move|p2a: Blastoise|Hidden Power|p1a: Francis
|-supereffective|p1a: Francis
|-damage|p1a: Francis|34/100
|move|p1a: Francis|Hidden Power|p2a: Blastoise
|-supereffective|p2a: Blastoise
|-damage|p2a: Blastoise|0 fnt
|faint|p2a: Blastoise
|
|-weather|RainDance|[upkeep]
|upkeep
|
|t:|1734981226
|switch|p2a: Tyranitar|Tyranitar, F|100/100
|-weather|Sandstorm|[from] ability: Sand Stream|[of] p2a: Tyranitar
|turn|3
|
|t:|1734981230
|-activate|p1a: Francis|move: Pursuit
|move|p2a: Tyranitar|Pursuit|p1a: Francis|[from]Pursuit
|-damage|p1a: Francis|0 fnt
|faint|p1a: Francis
|-hint|A Pokemon can't switch between when it runs out of HP and when it faints
|
|-weather|Sandstorm|[upkeep]
|upkeep
|
|t:|1734981235
|switch|p1a: Verona|Toxicroak, F|100/100
|turn|4
|
|t:|1734981242
|switch|p2a: Sableye|Sableye, F|100/100
|move|p1a: Verona|Drain Punch|p2a: Sableye
|-immune|p2a: Sableye
|
|-weather|Sandstorm|[upkeep]
|-damage|p1a: Verona|94/100|[from] Sandstorm
|-damage|p2a: Sableye|94/100|[from] Sandstorm
|-heal|p2a: Sableye|100/100|[from] item: Leftovers
|upkeep
|turn|5
|
|t:|1734981252
|switch|p1a: Stein|Magnezone|100/100
|move|p2a: Sableye|Knock Off|p1a: Stein
|-resisted|p1a: Stein
|-crit|p1a: Stein
|-damage|p1a: Stein|94/100
|-enditem|p1a: Stein|Leftovers|[from] move: Knock Off|[of] p2a: Sableye
|
|-weather|Sandstorm|[upkeep]
|-damage|p2a: Sableye|94/100|[from] Sandstorm
|-heal|p2a: Sableye|100/100|[from] item: Leftovers
|upkeep
|turn|6
|
|t:|1734981262
|move|p2a: Sableye|Will-O-Wisp|p1a: Stein
|-status|p1a: Stein|brn
|move|p1a: Stein|Substitute|p1a: Stein
|-start|p1a: Stein|Substitute
|-damage|p1a: Stein|70/100 brn
|
|-weather|Sandstorm|[upkeep]
|-damage|p2a: Sableye|94/100|[from] Sandstorm
|-heal|p2a: Sableye|100/100|[from] item: Leftovers
|-damage|p1a: Stein|57/100 brn|[from] brn
|upkeep
|turn|7
|
|t:|1734981267
|switch|p2a: Gliscor|Gliscor, F|100/100
|move|p1a: Stein|Thunder|p2a: Gliscor
|-immune|p2a: Gliscor
|
|-weather|Sandstorm|[upkeep]
|-damage|p1a: Stein|45/100 brn|[from] brn
|-status|p2a: Gliscor|tox|[from] item: Toxic Orb
|upkeep
|turn|8
|
|t:|1734981272
|move|p2a: Gliscor|Protect|p2a: Gliscor
|-singleturn|p2a: Gliscor|Protect
|move|p1a: Stein|Hidden Power|p2a: Gliscor
|-activate|p2a: Gliscor|move: Protect
|
|-weather|Sandstorm|[upkeep]
|-damage|p1a: Stein|32/100 brn|[from] brn
|upkeep
|turn|9
|
|t:|1734981278
|switch|p2a: Celebi|Celebi|100/100
|move|p1a: Stein|Hidden Power|p2a: Celebi
|-supereffective|p2a: Celebi
|-damage|p2a: Celebi|63/100
|
|-weather|Sandstorm|[upkeep]
|-damage|p2a: Celebi|57/100|[from] Sandstorm
|-heal|p2a: Celebi|63/100|[from] item: Leftovers
|-damage|p1a: Stein|20/100 brn|[from] brn
|upkeep
|turn|10
|
|t:|1734981284
|move|p2a: Celebi|Recover|p2a: Celebi
|-heal|p2a: Celebi|100/100
|move|p1a: Stein|Hidden Power|p2a: Celebi
|-supereffective|p2a: Celebi
|-damage|p2a: Celebi|66/100
|
|-weather|Sandstorm|[upkeep]
|-damage|p2a: Celebi|60/100|[from] Sandstorm
|-heal|p2a: Celebi|66/100|[from] item: Leftovers
|-damage|p1a: Stein|7/100 brn|[from] brn
|upkeep
|turn|11
|
|t:|1734981290
|move|p2a: Celebi|Recover|p2a: Celebi
|-heal|p2a: Celebi|100/100
|move|p1a: Stein|Thunder|p2a: Celebi
|-resisted|p2a: Celebi
|-damage|p2a: Celebi|77/100
|-status|p2a: Celebi|par
|
|-weather|Sandstorm|[upkeep]
|-damage|p2a: Celebi|71/100 par|[from] Sandstorm
|-heal|p2a: Celebi|77/100 par|[from] item: Leftovers
|-damage|p1a: Stein|0 fnt|[from] brn
|faint|p1a: Stein
|upkeep
|
|t:|1734981300
|switch|p1a: Dante|Volcarona, M|100/100
|turn|12
|
|t:|1734981312
|-curestatus|p2a: Celebi|par|[from] ability: Natural Cure
|switch|p2a: Tyranitar|Tyranitar, F|100/100
|move|p1a: Dante|Quiver Dance|p1a: Dante
|-boost|p1a: Dante|spa|1
|-boost|p1a: Dante|spd|1
|-boost|p1a: Dante|spe|1
|
|-weather|Sandstorm|[upkeep]
|-damage|p1a: Dante|94/100|[from] Sandstorm
|upkeep
|turn|13
|
|t:|1734981316
|move|p1a: Dante|Bug Buzz|p2a: Tyranitar
|-supereffective|p2a: Tyranitar
|-damage|p2a: Tyranitar|12/100
|move|p2a: Tyranitar|Crunch|p1a: Dante
|-crit|p1a: Dante
|-damage|p1a: Dante|0 fnt
|-status|p2a: Tyranitar|brn|[from] ability: Flame Body|[of] p1a: Dante
|faint|p1a: Dante
|
|-weather|Sandstorm|[upkeep]
|-damage|p2a: Tyranitar|0 fnt|[from] brn
|faint|p2a: Tyranitar
|upkeep
|
|t:|1734981337
|switch|p1a: Hannibal|Hydreigon, M|100/100
|switch|p2a: Sableye|Sableye, F|100/100
|turn|14
|
|t:|1734981347
|move|p2a: Sableye|Will-O-Wisp|p1a: Hannibal
|-status|p1a: Hannibal|brn
|move|p1a: Hannibal|Dark Pulse|p2a: Sableye
|-damage|p2a: Sableye|39/100
|
|-weather|Sandstorm|[upkeep]
|-damage|p1a: Hannibal|94/100 brn|[from] Sandstorm
|-damage|p2a: Sableye|33/100|[from] Sandstorm
|-heal|p2a: Sableye|39/100|[from] item: Leftovers
|-damage|p1a: Hannibal|82/100 brn|[from] brn
|upkeep
|turn|15
|
|t:|1734981351
|switch|p2a: Skarmory|Skarmory, F|100/100
|move|p1a: Hannibal|Dark Pulse|p2a: Skarmory
|-resisted|p2a: Skarmory
|-damage|p2a: Skarmory|71/100
|
|-weather|Sandstorm|[upkeep]
|-damage|p1a: Hannibal|76/100 brn|[from] Sandstorm
|-damage|p1a: Hannibal|64/100 brn|[from] brn
|upkeep
|turn|16
|
|t:|1734981354
|switch|p1a: Klaus|Mamoswine, M|100/100
|move|p2a: Skarmory|Spikes|p1a: Klaus
|-sidestart|p1: Hans Bloodsmith|Spikes
|
|-weather|Sandstorm|[upkeep]
|upkeep
|turn|17
|
|t:|1734981358
|move|p1a: Klaus|Icicle Crash|p2a: Skarmory
|-crit|p2a: Skarmory
|-damage|p2a: Skarmory|3/100
|cant|p2a: Skarmory|flinch
|
|-weather|Sandstorm|[upkeep]
|upkeep
|turn|18
|
|t:|1734981364
|move|p1a: Klaus|Ice Shard|p2a: Skarmory
|-damage|p2a: Skarmory|0 fnt
|faint|p2a: Skarmory
|
|-weather|Sandstorm|[upkeep]
|upkeep
|
|t:|1734981366
|switch|p2a: Sableye|Sableye, F|39/100
|turn|19
|
|t:|1734981369
|switch|p1a: Hannibal|Hydreigon, M|64/100 brn
|move|p2a: Sableye|Will-O-Wisp|p1a: Hannibal
|-fail|p1a: Hannibal|brn
|
|-weather|Sandstorm|[upkeep]
|-damage|p1a: Hannibal|57/100 brn|[from] Sandstorm
|-damage|p2a: Sableye|33/100|[from] Sandstorm
|-heal|p2a: Sableye|39/100|[from] item: Leftovers
|-damage|p1a: Hannibal|45/100 brn|[from] brn
|upkeep
|turn|20
|
|t:|1734981378
|switch|p2a: Celebi|Celebi|77/100
|move|p1a: Hannibal|Dark Pulse|p2a: Celebi
|-supereffective|p2a: Celebi
|-damage|p2a: Celebi|28/100
|
|-weather|Sandstorm|[upkeep]
|-damage|p1a: Hannibal|39/100 brn|[from] Sandstorm
|-damage|p2a: Celebi|22/100|[from] Sandstorm
|-heal|p2a: Celebi|28/100|[from] item: Leftovers
|-damage|p1a: Hannibal|27/100 brn|[from] brn
|upkeep
|turn|21
|
|t:|1734981388
|move|p1a: Hannibal|Dark Pulse|p2a: Celebi
|-supereffective|p2a: Celebi
|-damage|p2a: Celebi|0 fnt
|faint|p2a: Celebi
|
|-weather|Sandstorm|[upkeep]
|-damage|p1a: Hannibal|20/100 brn|[from] Sandstorm
|-damage|p1a: Hannibal|8/100 brn|[from] brn
|upkeep
|
|t:|1734981396
|switch|p2a: Gliscor|Gliscor, F|100/100 tox
|turn|22
|
|t:|1734981404
|switch|p1a: Klaus|Mamoswine, M|100/100
|-damage|p1a: Klaus|88/100|[from] Spikes
|move|p2a: Gliscor|Stealth Rock|p1a: Klaus
|-sidestart|p1: Hans Bloodsmith|move: Stealth Rock
|
|-weather|Sandstorm|[upkeep]
|upkeep
|turn|23
|j| Blaise BWOU
|
|t:|1734981412
|move|p1a: Klaus|Icicle Crash|p2a: Gliscor
|-supereffective|p2a: Gliscor
|-damage|p2a: Gliscor|0 fnt
|faint|p2a: Gliscor
|
|-weather|Sandstorm|[upkeep]
|upkeep
|
|t:|1734981414
|switch|p2a: Sableye|Sableye, F|39/100
|turn|24
|
|t:|1734981422
|move|p2a: Sableye|Recover|p2a: Sableye
|-heal|p2a: Sableye|89/100
|move|p1a: Klaus|Earthquake|p2a: Sableye
|-damage|p2a: Sableye|36/100
|
|-weather|Sandstorm|[upkeep]
|-damage|p2a: Sableye|29/100|[from] Sandstorm
|-heal|p2a: Sableye|36/100|[from] item: Leftovers
|upkeep
|turn|25
|
|t:|1734981429
|move|p2a: Sableye|Will-O-Wisp|p1a: Klaus
|-status|p1a: Klaus|brn
|move|p1a: Klaus|Earthquake|p2a: Sableye
|-damage|p2a: Sableye|9/100
|
|-weather|Sandstorm|[upkeep]
|-damage|p2a: Sableye|3/100|[from] Sandstorm
|-heal|p2a: Sableye|9/100|[from] item: Leftovers
|-damage|p1a: Klaus|76/100 brn|[from] brn
|upkeep
|turn|26
|
|t:|1734981434
|move|p1a: Klaus|Ice Shard|p2a: Sableye
|-damage|p2a: Sableye|0 fnt
|faint|p2a: Sableye
|
|win|Hans Bloodsmith
|raw|Hans Bloodsmith's rating: 1363 &rarr; <strong>1386</strong><br />(+23 for winning)
|raw|Steveman's rating: 1412 &rarr; <strong>1389</strong><br />(-23 for losing)
|c|☆Hans Bloodsmith|Gg
|c|☆Hans Bloodsmith|Close
|l|☆Steveman
|player|p2|
