|j|☆Aquatic Desires
|j|☆ScarfedGaryBusey
|player|p1|Aquatic Desires|102|1314
|player|p2|ScarfedGaryBusey|266|1284
|teamsize|p1|6
|teamsize|p2|6
|gametype|singles
|gen|5
|tier|[Gen 5] OU
|rated|
|rule|Sleep Clause Mod: Limit one foe put to sleep
|rule|Species Clause: Limit one of each Pokémon
|rule|OHKO Clause: OHKO moves are banned
|rule|Moody Clause: Moody is banned
|rule|Evasion Moves Clause: Evasion moves are banned
|rule|Endless Battle Clause: Forcing endless battles is banned
|rule|HP Percentage Mod: HP is shown in percentages
|rule|Evasion Abilities Clause: Evasion abilities are banned
|rule|Baton Pass Clause: Limit one Baton Passer, can't pass Spe and other stats simultaneously
|rule|Swagger Clause: Swagger is banned
|clearpoke
|poke|p1|Politoed, F|item
|poke|p1|Gliscor, M|item
|poke|p1|Bronzong|item
|poke|p1|Ferrothorn, F|item
|poke|p1|Tentacruel, M|item
|poke|p1|Tornadus, M|item
|poke|p2|Abomasnow, M|item
|poke|p2|Landorus-Therian, M|item
|poke|p2|Heatran, F|item
|poke|p2|Reuniclus, M|item
|poke|p2|Kyurem-Black|item
|poke|p2|Forretress, M|item
|teampreview
|inactive|Battle timer is ON: inactive players will automatically lose when time's up. (requested by Aquatic Desires)
|
|start
|switch|p1a: Bronzong|Bronzong|100/100
|switch|p2a: Abomasnow|Abomasnow, M|100/100
|-weather|Hail|[from] ability: Snow Warning|[of] p2a: Abomasnow
|turn|1
|
|move|p2a: Abomasnow|Hidden Power|p1a: Bronzong
|-supereffective|p1a: Bronzong
|-damage|p1a: Bronzong|66/100
|move|p1a: Bronzong|Stealth Rock|p2a: Abomasnow
|-sidestart|p2: ScarfedGaryBusey|move: Stealth Rock
|
|-weather|Hail|[upkeep]
|-damage|p1a: Bronzong|60/100|[from] Hail
|-heal|p1a: Bronzong|66/100|[from] item: Leftovers
|upkeep
|turn|2
|
|switch|p2a: Forretress|Forretress, M|100/100
|-damage|p2a: Forretress|88/100|[from] Stealth Rock
|switch|p1a: Politoed|Politoed, F, shiny|100/100
|-weather|RainDance|[from] ability: Drizzle|[of] p1a: Politoed
|
|-weather|RainDance|[upkeep]
|-heal|p2a: Forretress|94/100|[from] item: Leftovers
|upkeep
|turn|3
|
|move|p1a: Politoed|Scald|p2a: Forretress
|-damage|p2a: Forretress|35/100
|-status|p2a: Forretress|brn
|move|p2a: Forretress|Rapid Spin|p1a: Politoed
|-damage|p1a: Politoed|99/100
|-sideend|p2: ScarfedGaryBusey|Stealth Rock|[from] move: Rapid Spin|[of] p2a: Forretress
|
|-weather|RainDance|[upkeep]
|-heal|p1a: Politoed|100/100|[from] item: Leftovers
|-heal|p2a: Forretress|41/100 brn|[from] item: Leftovers
|-damage|p2a: Forretress|29/100 brn|[from] brn
|upkeep
|turn|4
|
|switch|p2a: Abomasnow|Abomasnow, M|100/100
|-weather|Hail|[from] ability: Snow Warning|[of] p2a: Abomasnow
|move|p1a: Politoed|Toxic|p2a: Abomasnow
|-status|p2a: Abomasnow|tox
|
|-weather|Hail|[upkeep]
|-damage|p1a: Politoed|94/100|[from] Hail
|-heal|p1a: Politoed|100/100|[from] item: Leftovers
|-damage|p2a: Abomasnow|94/100 tox|[from] psn
|upkeep
|turn|5
|
|switch|p2a: Kyurem|Kyurem-Black|100/100
|-ability|p2a: Kyurem|Teravolt
|move|p1a: Politoed|Protect||[still]
|-fail|p1a: Politoed
|
|-weather|Hail|[upkeep]
|-damage|p1a: Politoed|94/100|[from] Hail
|-heal|p1a: Politoed|100/100|[from] item: Leftovers
|upkeep
|turn|6
|
|switch|p1a: Ferrothorn|Ferrothorn, F|100/100
|move|p2a: Kyurem|Substitute|p2a: Kyurem
|-start|p2a: Kyurem|Substitute
|-damage|p2a: Kyurem|76/100
|
|-weather|Hail|[upkeep]
|-damage|p1a: Ferrothorn|94/100|[from] Hail
|-heal|p2a: Kyurem|82/100|[from] item: Leftovers
|-heal|p1a: Ferrothorn|100/100|[from] item: Leftovers
|upkeep
|turn|7
|
|move|p2a: Kyurem|Blizzard|p1a: Ferrothorn
|-damage|p1a: Ferrothorn|62/100
|-status|p1a: Ferrothorn|frz
|cant|p1a: Ferrothorn|frz
|
|-weather|Hail|[upkeep]
|-damage|p1a: Ferrothorn|56/100 frz|[from] Hail
|-heal|p2a: Kyurem|88/100|[from] item: Leftovers
|-heal|p1a: Ferrothorn|62/100 frz|[from] item: Leftovers
|upkeep
|turn|8
|
|switch|p1a: Politoed|Politoed, F, shiny|100/100
|-weather|RainDance|[from] ability: Drizzle|[of] p1a: Politoed
|move|p2a: Kyurem|Blizzard|p1a: Politoed
|-resisted|p1a: Politoed
|-damage|p1a: Politoed|79/100
|-status|p1a: Politoed|frz
|
|-weather|RainDance|[upkeep]
|-heal|p2a: Kyurem|94/100|[from] item: Leftovers
|-heal|p1a: Politoed|85/100 frz|[from] item: Leftovers
|upkeep
|turn|9
|c|☆Aquatic Desires|LOL
|c|☆ScarfedGaryBusey|good
|
|cant|p1a: Politoed|frz
|move|p2a: Kyurem|Fusion Bolt|p1a: Politoed
|-supereffective|p1a: Politoed
|-damage|p1a: Politoed|15/100 frz
|
|-weather|RainDance|[upkeep]
|-heal|p2a: Kyurem|99/100|[from] item: Leftovers
|-heal|p1a: Politoed|21/100 frz|[from] item: Leftovers
|upkeep
|turn|10
|
|switch|p1a: Ferrothorn|Ferrothorn, F|62/100 frz
|move|p2a: Kyurem|Dragon Claw|p1a: Ferrothorn
|-resisted|p1a: Ferrothorn
|-damage|p1a: Ferrothorn|44/100 frz
|-damage|p2a: Kyurem|88/100|[from] ability: Iron Barbs|[of] p1a: Ferrothorn
|
|-weather|RainDance|[upkeep]
|-heal|p2a: Kyurem|94/100|[from] item: Leftovers
|-heal|p1a: Ferrothorn|50/100 frz|[from] item: Leftovers
|upkeep
|turn|11
|
|move|p2a: Kyurem|Blizzard|p1a: Ferrothorn
|-damage|p1a: Ferrothorn|16/100 frz
|cant|p1a: Ferrothorn|frz
|
|-weather|RainDance|[upkeep]
|-heal|p2a: Kyurem|99/100|[from] item: Leftovers
|-heal|p1a: Ferrothorn|22/100 frz|[from] item: Leftovers
|upkeep
|turn|12
|
|move|p2a: Kyurem|Dragon Claw|p1a: Ferrothorn
|-resisted|p1a: Ferrothorn
|-damage|p1a: Ferrothorn|5/100 frz
|-damage|p2a: Kyurem|88/100|[from] ability: Iron Barbs|[of] p1a: Ferrothorn
|cant|p1a: Ferrothorn|frz
|
|-weather|RainDance|[upkeep]
|-heal|p2a: Kyurem|94/100|[from] item: Leftovers
|-heal|p1a: Ferrothorn|12/100 frz|[from] item: Leftovers
|upkeep
|turn|13
|
|move|p2a: Kyurem|Dragon Claw|p1a: Ferrothorn
|-resisted|p1a: Ferrothorn
|-damage|p1a: Ferrothorn|0 fnt
|-damage|p2a: Kyurem|82/100|[from] ability: Iron Barbs|[of] p1a: Ferrothorn
|faint|p1a: Ferrothorn
|
|-weather|RainDance|[upkeep]
|-heal|p2a: Kyurem|88/100|[from] item: Leftovers
|upkeep
|
|switch|p1a: Bronzong|Bronzong|66/100
|turn|14
|
|move|p2a: Kyurem|Fusion Bolt|p1a: Bronzong
|-damage|p1a: Bronzong|32/100
|move|p1a: Bronzong|Earthquake|p2a: Kyurem
|-activate|p2a: Kyurem|Substitute|[damage]
|
|-weather|RainDance|[upkeep]
|-heal|p2a: Kyurem|94/100|[from] item: Leftovers
|-heal|p1a: Bronzong|38/100|[from] item: Leftovers
|upkeep
|turn|15
|
|move|p2a: Kyurem|Fusion Bolt|p1a: Bronzong
|-damage|p1a: Bronzong|5/100
|move|p1a: Bronzong|Earthquake|p2a: Kyurem
|-end|p2a: Kyurem|Substitute
|
|-weather|RainDance|[upkeep]
|-heal|p2a: Kyurem|99/100|[from] item: Leftovers
|-heal|p1a: Bronzong|11/100|[from] item: Leftovers
|upkeep
|turn|16
|c|☆ScarfedGaryBusey|k
|c|☆Aquatic Desires|idk y u say k
|c|☆Aquatic Desires|when u got lucky
|c|☆ScarfedGaryBusey|k
|c|☆Aquatic Desires|LOL
|
|move|p2a: Kyurem|Substitute|p2a: Kyurem
|-start|p2a: Kyurem|Substitute
|-damage|p2a: Kyurem|75/100
|move|p1a: Bronzong|Earthquake|p2a: Kyurem
|-activate|p2a: Kyurem|Substitute|[damage]
|
|-weather|RainDance|[upkeep]
|-heal|p2a: Kyurem|81/100|[from] item: Leftovers
|-heal|p1a: Bronzong|17/100|[from] item: Leftovers
|upkeep
|turn|17
|
|move|p2a: Kyurem|Fusion Bolt|p1a: Bronzong
|-damage|p1a: Bronzong|0 fnt
|faint|p1a: Bronzong
|
|-weather|RainDance|[upkeep]
|-heal|p2a: Kyurem|88/100|[from] item: Leftovers
|upkeep
|
|switch|p1a: Tornadus|Tornadus, M|100/100
|turn|18
|
|move|p1a: Tornadus|U-turn|p2a: Kyurem
|-end|p2a: Kyurem|Substitute
|
|switch|p1a: Politoed|Politoed, F, shiny|21/100 frz|[from]move: U-turn
|move|p2a: Kyurem|Fusion Bolt|p1a: Politoed
|-supereffective|p1a: Politoed
|-damage|p1a: Politoed|0 fnt
|faint|p1a: Politoed
|
|-weather|RainDance|[upkeep]
|-heal|p2a: Kyurem|94/100|[from] item: Leftovers
|upkeep
|
|switch|p1a: Tornadus|Tornadus, M|100/100
|turn|19
|
|switch|p2a: Abomasnow|Abomasnow, M|94/100 tox
|-weather|Hail|[from] ability: Snow Warning|[of] p2a: Abomasnow
|move|p1a: Tornadus|Focus Blast|p2a: Abomasnow
|-supereffective|p2a: Abomasnow
|-damage|p2a: Abomasnow|0 fnt
|faint|p2a: Abomasnow
|
|-weather|Hail|[upkeep]
|-damage|p1a: Tornadus|94/100|[from] Hail
|upkeep
|
|switch|p2a: Heatran|Heatran, F|100/100
|turn|20
|
|move|p2a: Heatran|Overheat|p1a: Tornadus
|-damage|p1a: Tornadus|0 fnt
|-unboost|p2a: Heatran|spa|2
|faint|p1a: Tornadus
|
|-weather|Hail|[upkeep]
|-damage|p2a: Heatran|94/100|[from] Hail
|upkeep
|c|☆ScarfedGaryBusey|k
|
|switch|p1a: Tentacruel|Tentacruel, M|100/100
|turn|21
|c|☆Aquatic Desires|ty 4 logs
|
|switch|p2a: Reuniclus|Reuniclus, M|100/100
|move|p1a: Tentacruel|Scald|p2a: Reuniclus
|-damage|p2a: Reuniclus|80/100
|-status|p2a: Reuniclus|brn
|
|-weather|Hail|[upkeep]
|-damage|p1a: Tentacruel|94/100|[from] Hail
|-heal|p1a: Tentacruel|100/100|[from] item: Leftovers
|-heal|p2a: Reuniclus|87/100 brn|[from] item: Leftovers
|upkeep
|turn|22
|c|☆ScarfedGaryBusey|lol u cant do anything
|-message|Aquatic Desires forfeited.
|
|win|ScarfedGaryBusey
|raw|Aquatic Desires's rating: 1314 &rarr; <strong>1292</strong><br />(-22 for losing)
|raw|ScarfedGaryBusey's rating: 1284 &rarr; <strong>1312</strong><br />(+28 for winning)
