|join|Lotwewy
|join|16kims1
|player|p1|Lotwewy|154
|player|p2|16kims1|169
|gametype|singles
|gen|5
|tier|[Gen 5] OU
|rated
|rule|Evasion Abilities Clause: Evasion abilities are banned
|clearpoke
|poke|p1|Tyranitar, F
|poke|p1|Lucario, F
|poke|p1|Jirachi
|poke|p1|Rotom-Wash
|poke|p1|Terrakion
|poke|p1|Latias, F
|poke|p2|Politoed, M, shiny
|poke|p2|Tornadus, M
|poke|p2|Vaporeon, M, shiny
|poke|p2|Thundurus-Therian, M
|poke|p2|Keldeo
|poke|p2|Azumarill, M
|rule|Sleep Clause Mod: Limit one foe put to sleep
|rule|Species Clause: Limit one of each Pokemon
|rule|OHKO Clause: OHKO moves are banned
|rule|Moody Clause: Moody is banned
|rule|Evasion Moves Clause: Evasion moves are banned
|rule|Endless Battle Clause: Forcing endless battles is banned.
|rule|HP Percentage Mod: HP is reported as percentages
|teampreview
|
|start
|switch|p1a: Jirachi|Jirachi|404/404
|switch|p2a: Keldeo|Keldeo|323/323
|turn|1
|
|move|p2a: Keldeo|Scald|p1a: Jirachi
|-damage|p1a: Jirachi|268/404
|-damage|p2a: Keldeo|291/323|[from] item: Life Orb
|move|p1a: Jirachi|Thunder|p2a: Keldeo|[miss]
|-miss|p1a: Jirachi|p2a: Keldeo
|
|-heal|p1a: Jirachi|293/404|[from] item: Leftovers
|turn|2
|
|switch|p2a: Thundurus-Therian|Thundurus-Therian, M|299/299
|move|p1a: Jirachi|Thunder|p2a: Thundurus-Therian
|-immune|p2a: Thundurus-Therian|[msg]
|
|-heal|p1a: Jirachi|318/404|[from] item: Leftovers
|turn|3
|
|move|p2a: Thundurus-Therian|Thunder|p1a: Jirachi
|-damage|p1a: Jirachi|158/404
|move|p1a: Jirachi|U-turn|p2a: Thundurus-Therian
|-resisted|p2a: Thundurus-Therian
|-damage|p2a: Thundurus-Therian|261/299
|
|switch|p1a: Terrakion|Terrakion|324/324
|
|turn|4
|
|move|p1a: Terrakion|Stone Edge|p2a: Thundurus-Therian
|-supereffective|p2a: Thundurus-Therian
|-damage|p2a: Thundurus-Therian|0 fnt
|faint|p2a: Thundurus-Therian
|
|
|switch|p2a: Keldeo|Keldeo|291/323
|turn|5
|
|switch|p1a: Rotom-Wash|Rotom-Wash|299/299
|move|p2a: Keldeo|Scald|p1a: Rotom-Wash
|-resisted|p1a: Rotom-Wash
|-damage|p1a: Rotom-Wash|218/299
|-damage|p2a: Keldeo|259/323|[from] item: Life Orb
|
|-heal|p1a: Rotom-Wash|236/299|[from] item: Leftovers
|turn|6
|
|move|p2a: Keldeo|Focus Blast|p1a: Rotom-Wash|[miss]
|-miss|p2a: Keldeo|p1a: Rotom-Wash
|move|p1a: Rotom-Wash|Volt Switch|p2a: Keldeo
|-supereffective|p2a: Keldeo
|-damage|p2a: Keldeo|59/323
|chat|16kims1|i should have known better to trust that shit move....
|
|switch|p1a: Latias|Latias, F|302/302
|
|turn|7
|
|move|p1a: Latias|Psyshock|p2a: Keldeo
|-supereffective|p2a: Keldeo
|-damage|p2a: Keldeo|0 fnt
|-damage|p1a: Latias|272/302|[from] item: Life Orb
|faint|p2a: Keldeo
|
|
|switch|p2a: Politoed|Politoed, M, shiny|384/384
|-weather|RainDance|[from] ability: Drizzle|[of] p2a: Politoed
|turn|8
|
|switch|p1a: Rotom-Wash|Rotom-Wash|236/299
|move|p2a: Politoed|Ice Beam|p1a: Rotom-Wash
|-resisted|p1a: Rotom-Wash
|-damage|p1a: Rotom-Wash|168/299
|
|-weather|RainDance|[upkeep]
|-heal|p1a: Rotom-Wash|186/299|[from] item: Leftovers
|turn|9
|
|switch|p2a: Azumarill|Azumarill, M|403/403
|move|p1a: Rotom-Wash|Volt Switch|p2a: Azumarill
|-supereffective|p2a: Azumarill
|-damage|p2a: Azumarill|185/403
|
|switch|p1a: Jirachi|Jirachi|158/404
|
|-weather|RainDance|[upkeep]
|-heal|p1a: Jirachi|183/404|[from] item: Leftovers
|turn|10
|
|move|p2a: Azumarill|Aqua Jet|p1a: Jirachi
|-damage|p1a: Jirachi|22/404
|-damage|p2a: Azumarill|145/403|[from] item: Life Orb
|move|p1a: Jirachi|U-turn|p2a: Azumarill
|-damage|p2a: Azumarill|73/403
|
|switch|p1a: Rotom-Wash|Rotom-Wash|186/299
|
|-weather|RainDance|[upkeep]
|-heal|p1a: Rotom-Wash|204/299|[from] item: Leftovers
|turn|11
|
|move|p2a: Azumarill|Aqua Jet|p1a: Rotom-Wash
|-resisted|p1a: Rotom-Wash
|-damage|p1a: Rotom-Wash|123/299
|-damage|p2a: Azumarill|33/403|[from] item: Life Orb
|move|p1a: Rotom-Wash|Volt Switch|p2a: Azumarill
|-supereffective|p2a: Azumarill
|-damage|p2a: Azumarill|0 fnt
|faint|p2a: Azumarill
|
|switch|p1a: Lucario|Lucario, F|282/282
|
|-weather|RainDance|[upkeep]
|
|switch|p2a: Vaporeon|Vaporeon, M, shiny|464/464
|turn|12
|
|move|p1a: Lucario|Swords Dance|p1a: Lucario
|-boost|p1a: Lucario|atk|2
|move|p2a: Vaporeon|Scald|p1a: Lucario
|-damage|p1a: Lucario|80/282
|
|-weather|RainDance|[upkeep]
|turn|13
|
|move|p1a: Lucario|Close Combat|p2a: Vaporeon
|-damage|p2a: Vaporeon|0 fnt
|-unboost|p1a: Lucario|def|1
|-unboost|p1a: Lucario|spd|1
|-damage|p1a: Lucario|52/282|[from] item: Life Orb
|faint|p2a: Vaporeon
|
|-weather|RainDance|[upkeep]
|-message|16kims1 forfeited.
|
|win|Lotwewy
|raw|Ladder updating...
|leave|16kims1
|player|p2
|raw|Lotwewy's rating: 1293 &rarr; <strong>1326</strong><br />(+33 for winning)
|raw|16kims1's rating: 1407 &rarr; <strong>1381</strong><br />(-26 for losing)