|j|☆spliffdiff
|j|☆mudkipslaps
|t:|1728578073
|gametype|singles
|player|p1|spliffdiff|scientist-gen4|1325
|player|p2|mudkipslaps|caitlin|1459
|teamsize|p1|6
|teamsize|p2|6
|gen|5
|tier|[Gen 5] OU
|rated|
|rule|Species Clause: Limit one of each Pokémon
|rule|OHKO Clause: OHKO moves are banned
|rule|Moody Clause: Moody is banned
|rule|Evasion Items Clause: Evasion items are banned
|rule|Evasion Moves Clause: Evasion moves are banned
|rule|Endless Battle Clause: Forcing endless battles is banned
|rule|HP Percentage Mod: HP is shown in percentages
|rule|Evasion Abilities Clause: Evasion abilities are banned
|rule|Sleep Moves Clause: Sleep-inducing moves are banned
|rule|Swagger Clause: Swagger is banned
|rule|Baton Pass Stat Clause: No Baton Passer may have a way to boost its stats
|clearpoke
|poke|p1|Honchkrow, F|item
|poke|p1|Terrakion|item
|poke|p1|Garchomp, M|item
|poke|p1|Conkeldurr, M|item
|poke|p1|Keldeo-Resolute|item
|poke|p1|Gengar, M|item
|poke|p2|Tyranitar, M|item
|poke|p2|Landorus-Therian, M|item
|poke|p2|Excadrill, M|item
|poke|p2|Keldeo|item
|poke|p2|Celebi|item
|poke|p2|Rotom-Wash|item
|teampreview
|inactive|Battle timer is ON: inactive players will automatically lose when time's up. (requested by mudkipslaps)
|
|t:|1728578089
|start
|switch|p1a: Terrakion|Terrakion|100/100
|switch|p2a: Glorp|Rotom-Wash|100/100
|turn|1
|
|t:|1728578096
|move|p1a: Terrakion|Stealth Rock|p2a: Glorp
|-sidestart|p2: mudkipslaps|move: Stealth Rock
|move|p2a: Glorp|Volt Switch|p1a: Terrakion
|-damage|p1a: Terrakion|71/100
|
|t:|1728578105
|switch|p2a: Gibby|Excadrill, M|100/100|[from] Volt Switch
|-damage|p2a: Gibby|97/100|[from] Stealth Rock
|
|upkeep
|turn|2
|
|t:|1728578116
|switch|p1a: Honchkrow|Honchkrow, F|100/100
|move|p2a: Gibby|Iron Head|p1a: Honchkrow
|-damage|p1a: Honchkrow|37/100
|
|upkeep
|turn|3
|
|t:|1728578125
|switch|p1a: Gengar|Gengar, M|100/100
|move|p2a: Gibby|Iron Head|p1a: Gengar
|-damage|p1a: Gengar|0 fnt
|faint|p1a: Gengar
|
|upkeep
|
|t:|1728578136
|switch|p1a: Keldeo|Keldeo-Resolute|100/100
|turn|4
|j| zaaya
|
|t:|1728578148
|switch|p2a: Glorp|Rotom-Wash|100/100
|-damage|p2a: Glorp|88/100|[from] Stealth Rock
|switch|p1a: Honchkrow|Honchkrow, F|37/100
|
|-heal|p2a: Glorp|94/100|[from] item: Leftovers
|upkeep
|turn|5
|l| zaaya
|
|t:|1728578174
|switch|p1a: Garchomp|Garchomp, M|100/100
|move|p2a: Glorp|Volt Switch|p1a: Garchomp
|-immune|p1a: Garchomp
|
|-heal|p2a: Glorp|100/100|[from] item: Leftovers
|upkeep
|turn|6
|
|t:|1728578180
|move|p1a: Garchomp|Outrage|p2a: Glorp
|-crit|p2a: Glorp
|-damage|p2a: Glorp|4/100
|move|p2a: Glorp|Will-O-Wisp|p1a: Garchomp
|-status|p1a: Garchomp|brn
|
|-heal|p2a: Glorp|10/100|[from] item: Leftovers
|-damage|p1a: Garchomp|88/100 brn|[from] brn
|upkeep
|turn|7
|
|t:|1728578189
|switch|p2a: Theodore|Landorus-Therian, M|100/100
|-damage|p2a: Theodore|88/100|[from] Stealth Rock
|-ability|p2a: Theodore|Intimidate|boost
|-unboost|p1a: Garchomp|atk|1
|move|p1a: Garchomp|Outrage|p2a: Theodore|[from]lockedmove
|-damage|p2a: Theodore|66/100
|-start|p1a: Garchomp|confusion|[fatigue]
|
|-heal|p2a: Theodore|72/100|[from] item: Leftovers
|-damage|p1a: Garchomp|76/100 brn|[from] brn
|upkeep
|turn|8
|
|t:|1728578198
|switch|p1a: Conkeldurr|Conkeldurr, M|100/100
|move|p2a: Theodore|Stealth Rock|p1a: Conkeldurr
|-sidestart|p1: spliffdiff|move: Stealth Rock
|
|-heal|p2a: Theodore|79/100|[from] item: Leftovers
|upkeep
|turn|9
|
|t:|1728578202
|move|p2a: Theodore|U-turn|p1a: Conkeldurr
|-resisted|p1a: Conkeldurr
|-damage|p1a: Conkeldurr|92/100
|
|t:|1728578217
|switch|p2a: Kendra|Keldeo|100/100|[from] U-turn
|-damage|p2a: Kendra|94/100|[from] Stealth Rock
|move|p1a: Conkeldurr|Ice Punch|p2a: Kendra
|-resisted|p2a: Kendra
|-damage|p2a: Kendra|77/100
|
|upkeep
|turn|10
|
|t:|1728578221
|move|p2a: Kendra|Hydro Pump|p1a: Conkeldurr|[miss]
|-miss|p2a: Kendra|p1a: Conkeldurr
|move|p1a: Conkeldurr|Thunder Punch|p2a: Kendra
|-supereffective|p2a: Kendra
|-damage|p2a: Kendra|0 fnt
|faint|p2a: Kendra
|
|upkeep
|
|t:|1728578233
|switch|p2a: Bibi|Celebi|100/100
|-damage|p2a: Bibi|88/100|[from] Stealth Rock
|turn|11
|
|t:|1728578241
|switch|p1a: Honchkrow|Honchkrow, F|37/100
|-damage|p1a: Honchkrow|12/100|[from] Stealth Rock
|move|p2a: Bibi|Leaf Storm|p1a: Honchkrow
|-resisted|p1a: Honchkrow
|-damage|p1a: Honchkrow|0 fnt
|-unboost|p2a: Bibi|spa|2
|faint|p1a: Honchkrow
|
|-heal|p2a: Bibi|94/100|[from] item: Leftovers
|upkeep
|
|t:|1728578257
|switch|p1a: Conkeldurr|Conkeldurr, M|92/100
|-damage|p1a: Conkeldurr|86/100|[from] Stealth Rock
|turn|12
|
|t:|1728578262
|switch|p2a: Glorp|Rotom-Wash|10/100
|-damage|p2a: Glorp|0 fnt|[from] Stealth Rock
|faint|p2a: Glorp
|move|p1a: Conkeldurr|Ice Punch|p2: Glorp|[notarget]
|-fail|p1a: Conkeldurr
|
|upkeep
|
|t:|1728578266
|switch|p2a: Theodore|Landorus-Therian, M|79/100
|-damage|p2a: Theodore|66/100|[from] Stealth Rock
|-ability|p2a: Theodore|Intimidate|boost
|-unboost|p1a: Conkeldurr|atk|1
|turn|13
|
|t:|1728578269
|move|p2a: Theodore|U-turn|p1a: Conkeldurr
|-resisted|p1a: Conkeldurr
|-damage|p1a: Conkeldurr|78/100
|
|t:|1728578274
|switch|p2a: Bibi|Celebi|94/100|[from] U-turn
|-damage|p2a: Bibi|82/100|[from] Stealth Rock
|move|p1a: Conkeldurr|Drain Punch|p2a: Bibi
|-resisted|p2a: Bibi
|-damage|p2a: Bibi|70/100
|-heal|p1a: Conkeldurr|85/100|[from] drain|[of] p2a: Bibi
|
|-heal|p2a: Bibi|76/100|[from] item: Leftovers
|upkeep
|turn|14
|
|t:|1728578281
|move|p2a: Bibi|Nasty Plot|p2a: Bibi
|-boost|p2a: Bibi|spa|2
|move|p1a: Conkeldurr|Ice Punch|p2a: Bibi
|-supereffective|p2a: Bibi
|-damage|p2a: Bibi|38/100
|
|-heal|p2a: Bibi|44/100|[from] item: Leftovers
|upkeep
|turn|15
|
|t:|1728578287
|move|p2a: Bibi|Recover|p2a: Bibi
|-heal|p2a: Bibi|94/100
|move|p1a: Conkeldurr|Ice Punch|p2a: Bibi
|-supereffective|p2a: Bibi
|-damage|p2a: Bibi|55/100
|
|-heal|p2a: Bibi|61/100|[from] item: Leftovers
|upkeep
|turn|16
|
|t:|1728578296
|switch|p1a: Garchomp|Garchomp, M|76/100 brn
|-damage|p1a: Garchomp|70/100 brn|[from] Stealth Rock
|move|p2a: Bibi|Leaf Storm|p1a: Garchomp
|-damage|p1a: Garchomp|0 fnt
|-unboost|p2a: Bibi|spa|2
|faint|p1a: Garchomp
|
|-heal|p2a: Bibi|68/100|[from] item: Leftovers
|upkeep
|
|t:|1728578305
|switch|p1a: Conkeldurr|Conkeldurr, M|85/100
|-damage|p1a: Conkeldurr|78/100|[from] Stealth Rock
|turn|17
|
|t:|1728578321
|move|p2a: Bibi|Leaf Storm|p1a: Conkeldurr
|-crit|p1a: Conkeldurr
|-damage|p1a: Conkeldurr|0 fnt
|-unboost|p2a: Bibi|spa|2
|faint|p1a: Conkeldurr
|
|-heal|p2a: Bibi|74/100|[from] item: Leftovers
|upkeep
|
|t:|1728578325
|switch|p1a: Keldeo|Keldeo-Resolute|100/100
|-damage|p1a: Keldeo|94/100|[from] Stealth Rock
|turn|18
|
|t:|1728578330
|switch|p2a: Scrimblo|Tyranitar, M|100/100
|-damage|p2a: Scrimblo|88/100|[from] Stealth Rock
|-weather|Sandstorm|[from] ability: Sand Stream|[of] p2a: Scrimblo
|move|p1a: Keldeo|Calm Mind|p1a: Keldeo
|-boost|p1a: Keldeo|spa|1
|-boost|p1a: Keldeo|spd|1
|
|-weather|Sandstorm|[upkeep]
|-damage|p1a: Keldeo|88/100|[from] Sandstorm
|upkeep
|turn|19
|
|t:|1728578335
|move|p1a: Keldeo|Secret Sword|p2a: Scrimblo
|-supereffective|p2a: Scrimblo
|-damage|p2a: Scrimblo|0 fnt
|faint|p2a: Scrimblo
|
|-weather|Sandstorm|[upkeep]
|-damage|p1a: Keldeo|82/100|[from] Sandstorm
|upkeep
|
|t:|1728578337
|switch|p2a: Bibi|Celebi|74/100
|-damage|p2a: Bibi|61/100|[from] Stealth Rock
|turn|20
|
|t:|1728578344
|move|p1a: Keldeo|Secret Sword|p2a: Bibi
|-resisted|p2a: Bibi
|-damage|p2a: Bibi|35/100
|move|p2a: Bibi|Leaf Storm|p1a: Keldeo
|-supereffective|p1a: Keldeo
|-damage|p1a: Keldeo|4/100
|-unboost|p2a: Bibi|spa|2
|
|-weather|Sandstorm|[upkeep]
|-damage|p1a: Keldeo|0 fnt|[from] Sandstorm
|-damage|p2a: Bibi|29/100|[from] Sandstorm
|faint|p1a: Keldeo
|-heal|p2a: Bibi|35/100|[from] item: Leftovers
|upkeep
|
|t:|1728578351
|switch|p1a: Terrakion|Terrakion|71/100
|-damage|p1a: Terrakion|64/100|[from] Stealth Rock
|turn|21
|
|t:|1728578353
|switch|p2a: Theodore|Landorus-Therian, M|66/100
|-damage|p2a: Theodore|54/100|[from] Stealth Rock
|-ability|p2a: Theodore|Intimidate|boost
|-unboost|p1a: Terrakion|atk|1
|move|p1a: Terrakion|Stone Edge|p2a: Theodore
|-damage|p2a: Theodore|21/100
|
|-weather|Sandstorm|[upkeep]
|-heal|p2a: Theodore|27/100|[from] item: Leftovers
|upkeep
|turn|22
|
|t:|1728578357
|switch|p2a: Bibi|Celebi|35/100
|-damage|p2a: Bibi|23/100|[from] Stealth Rock
|move|p1a: Terrakion|Stone Edge|p2a: Bibi
|-crit|p2a: Bibi
|-damage|p2a: Bibi|0 fnt
|faint|p2a: Bibi
|
|-weather|Sandstorm|[upkeep]
|upkeep
|
|t:|1728578359
|switch|p2a: Theodore|Landorus-Therian, M|27/100
|-damage|p2a: Theodore|15/100|[from] Stealth Rock
|-ability|p2a: Theodore|Intimidate|boost
|-unboost|p1a: Terrakion|atk|1
|turn|23
|
|t:|1728578365
|move|p1a: Terrakion|Stone Edge|p2a: Theodore
|-damage|p2a: Theodore|0 fnt
|faint|p2a: Theodore
|
|-weather|Sandstorm|[upkeep]
|upkeep
|
|t:|1728578367
|switch|p2a: Gibby|Excadrill, M|97/100
|-damage|p2a: Gibby|94/100|[from] Stealth Rock
|turn|24
|
|t:|1728578375
|move|p2a: Gibby|Iron Head|p1a: Terrakion
|-supereffective|p1a: Terrakion
|-damage|p1a: Terrakion|0 fnt
|faint|p1a: Terrakion
|
|win|mudkipslaps
|raw|spliffdiff's rating: 1325 &rarr; <strong>1312</strong><br />(-13 for losing)
|raw|mudkipslaps's rating: 1459 &rarr; <strong>1472</strong><br />(+13 for winning)
|l|☆spliffdiff
|player|p1|
