|j|☆XPlayer101 J
|j|☆Croaset
|t:|1706315217
|gametype|singles
|player|p1|XPlayer101 J|yellow|1314
|player|p2|Croaset|elesa|1496
|teamsize|p1|6
|teamsize|p2|6
|gen|5
|tier|[Gen 5] OU
|rated|
|rule|Species Clause: Limit one of each Pokémon
|rule|OHKO Clause: OHKO moves are banned
|rule|Moody Clause: Moody is banned
|rule|Evasion Items Clause: Evasion items are banned
|rule|Evasion Moves Clause: Evasion moves are banned
|rule|Endless Battle Clause: Forcing endless battles is banned
|rule|HP Percentage Mod: HP is shown in percentages
|rule|Evasion Abilities Clause: Evasion abilities are banned
|rule|Sleep Moves Clause: Sleep-inducing moves are banned
|rule|Swagger Clause: Swagger is banned
|rule|Baton Pass Stat Clause: No Baton Passer may have a way to boost its stats
|clearpoke
|poke|p1|Tyranitar, M|item
|poke|p1|Rotom-Wash|item
|poke|p1|Landorus-Therian, M|item
|poke|p1|Breloom, M|item
|poke|p1|Alakazam, M|item
|poke|p1|Skarmory, F|item
|poke|p2|Tyranitar, M|item
|poke|p2|Landorus-Therian, M|item
|poke|p2|Terrakion|item
|poke|p2|Celebi|item
|poke|p2|Excadrill, F|item
|poke|p2|Keldeo|item
|teampreview
|
|t:|1706315245
|start
|switch|p1a: Landorus|Landorus-Therian, M|100/100
|switch|p2a: Scary Monsters|Landorus-Therian, M|100/100
|-ability|p2a: Scary Monsters|Intimidate|boost
|-unboost|p1a: Landorus|atk|1
|-ability|p1a: Landorus|Intimidate|boost
|-unboost|p2a: Scary Monsters|atk|1
|turn|1
|inactive|Battle timer is ON: inactive players will automatically lose when time's up. (requested by XPlayer101 J)
|
|t:|1706315258
|switch|p1a: Skarmory|Skarmory, F|100/100
|move|p2a: Scary Monsters|Stealth Rock|p1a: Skarmory
|-sidestart|p1: XPlayer101 J|move: Stealth Rock
|
|upkeep
|turn|2
|
|t:|1706315263
|move|p2a: Scary Monsters|U-turn|p1a: Skarmory
|-resisted|p1a: Skarmory
|-damage|p1a: Skarmory|98/100
|
|t:|1706315268
|switch|p2a: Ball Breaker|Excadrill, F|100/100|[from] U-turn
|-ability|p2a: Ball Breaker|Mold Breaker
|move|p1a: Skarmory|Spikes|p2a: Ball Breaker
|-sidestart|p2: Croaset|Spikes
|
|-heal|p1a: Skarmory|100/100|[from] item: Leftovers
|upkeep
|turn|3
|
|t:|1706315277
|move|p2a: Ball Breaker|Rapid Spin|p1a: Skarmory
|-resisted|p1a: Skarmory
|-damage|p1a: Skarmory|98/100
|-sideend|p2: Croaset|Spikes|[from] move: Rapid Spin|[of] p2a: Ball Breaker
|move|p1a: Skarmory|Whirlwind|p2a: Ball Breaker
|drag|p2a: Green Green Grass|Celebi|100/100
|
|-heal|p1a: Skarmory|100/100|[from] item: Leftovers
|upkeep
|turn|4
|
|t:|1706315284
|move|p2a: Green Green Grass|Baton Pass|p2a: Green Green Grass
|
|t:|1706315286
|switch|p2a: Scary Monsters|Landorus-Therian, M|100/100|[from] Baton Pass
|-ability|p2a: Scary Monsters|Intimidate|boost
|-unboost|p1a: Skarmory|atk|1
|move|p1a: Skarmory|Spikes|p2a: Scary Monsters
|-sidestart|p2: Croaset|Spikes
|
|upkeep
|turn|5
|
|t:|1706315292
|move|p2a: Scary Monsters|U-turn|p1a: Skarmory
|-resisted|p1a: Skarmory
|-damage|p1a: Skarmory|96/100
|
|t:|1706315294
|switch|p2a: Ball Breaker|Excadrill, F|100/100|[from] U-turn
|-damage|p2a: Ball Breaker|88/100|[from] Spikes
|-ability|p2a: Ball Breaker|Mold Breaker
|move|p1a: Skarmory|Whirlwind|p2a: Ball Breaker
|drag|p2a: Made in Heaven|Keldeo|100/100
|-damage|p2a: Made in Heaven|88/100|[from] Spikes
|
|-heal|p2a: Made in Heaven|94/100|[from] item: Leftovers
|-heal|p1a: Skarmory|100/100|[from] item: Leftovers
|upkeep
|turn|6
|
|t:|1706315317
|switch|p1a: Rotom|Rotom-Wash|100/100
|-damage|p1a: Rotom|88/100|[from] Stealth Rock
|move|p2a: Made in Heaven|Scald|p1a: Rotom
|-resisted|p1a: Rotom
|-damage|p1a: Rotom|68/100
|
|-heal|p2a: Made in Heaven|100/100|[from] item: Leftovers
|-heal|p1a: Rotom|75/100|[from] item: Leftovers
|upkeep
|turn|7
|
|t:|1706315327
|switch|p2a: Green Green Grass|Celebi|100/100
|-damage|p2a: Green Green Grass|88/100|[from] Spikes
|move|p1a: Rotom|Will-O-Wisp|p2a: Green Green Grass
|-status|p2a: Green Green Grass|brn
|
|-heal|p2a: Green Green Grass|94/100 brn|[from] item: Leftovers
|-heal|p1a: Rotom|81/100|[from] item: Leftovers
|-damage|p2a: Green Green Grass|82/100 brn|[from] brn
|upkeep
|turn|8
|
|t:|1706315342
|move|p2a: Green Green Grass|Substitute|p2a: Green Green Grass
|-start|p2a: Green Green Grass|Substitute
|-damage|p2a: Green Green Grass|57/100 brn
|move|p1a: Rotom|Will-O-Wisp||[still]
|-fail|p1a: Rotom
|
|-heal|p2a: Green Green Grass|63/100 brn|[from] item: Leftovers
|-heal|p1a: Rotom|87/100|[from] item: Leftovers
|-damage|p2a: Green Green Grass|51/100 brn|[from] brn
|upkeep
|turn|9
|
|t:|1706315359
|move|p2a: Green Green Grass|Recover|p2a: Green Green Grass
|-heal|p2a: Green Green Grass|100/100 brn
|move|p1a: Rotom|Hidden Power|p2a: Green Green Grass
|-supereffective|p2a: Green Green Grass
|-activate|p2a: Green Green Grass|Substitute|[damage]
|
|-heal|p1a: Rotom|93/100|[from] item: Leftovers
|-damage|p2a: Green Green Grass|88/100 brn|[from] brn
|upkeep
|turn|10
|
|t:|1706315367
|move|p2a: Green Green Grass|Psychic|p1a: Rotom
|-damage|p1a: Rotom|59/100
|move|p1a: Rotom|Volt Switch|p2a: Green Green Grass
|-resisted|p2a: Green Green Grass
|-end|p2a: Green Green Grass|Substitute
|
|t:|1706315373
|switch|p1a: Tyranitar|Tyranitar, M|100/100|[from] Volt Switch
|-damage|p1a: Tyranitar|88/100|[from] Stealth Rock
|-weather|Sandstorm|[from] ability: Sand Stream|[of] p1a: Tyranitar
|
|-weather|Sandstorm|[upkeep]
|-damage|p2a: Green Green Grass|82/100 brn|[from] Sandstorm
|-heal|p2a: Green Green Grass|88/100 brn|[from] item: Leftovers
|-damage|p2a: Green Green Grass|76/100 brn|[from] brn
|upkeep
|turn|11
|
|t:|1706315384
|move|p1a: Tyranitar|Pursuit|p2a: Green Green Grass
|-supereffective|p2a: Green Green Grass
|-damage|p2a: Green Green Grass|42/100 brn
|move|p2a: Green Green Grass|Baton Pass|p2a: Green Green Grass
|
|t:|1706315390
|-curestatus|p2a: Green Green Grass|brn|[from] ability: Natural Cure
|switch|p2a: Made in Heaven|Keldeo|100/100|[from] Baton Pass
|-damage|p2a: Made in Heaven|88/100|[from] Spikes
|
|-weather|Sandstorm|[upkeep]
|-damage|p2a: Made in Heaven|82/100|[from] Sandstorm
|-heal|p2a: Made in Heaven|88/100|[from] item: Leftovers
|upkeep
|turn|12
|
|t:|1706315409
|switch|p1a: Rotom|Rotom-Wash|59/100
|-damage|p1a: Rotom|47/100|[from] Stealth Rock
|move|p2a: Made in Heaven|Secret Sword|p1a: Rotom
|-damage|p1a: Rotom|13/100
|
|-weather|Sandstorm|[upkeep]
|-damage|p2a: Made in Heaven|82/100|[from] Sandstorm
|-damage|p1a: Rotom|7/100|[from] Sandstorm
|-heal|p2a: Made in Heaven|88/100|[from] item: Leftovers
|-heal|p1a: Rotom|13/100|[from] item: Leftovers
|upkeep
|turn|13
|
|t:|1706315420
|move|p2a: Made in Heaven|Secret Sword|p1a: Rotom
|-damage|p1a: Rotom|0 fnt
|faint|p1a: Rotom
|
|-weather|Sandstorm|[upkeep]
|-damage|p2a: Made in Heaven|82/100|[from] Sandstorm
|-heal|p2a: Made in Heaven|88/100|[from] item: Leftovers
|upkeep
|
|t:|1706315427
|switch|p1a: Alakazam|Alakazam, M|100/100
|turn|14
|
|t:|1706315432
|switch|p1a: Breloom|Breloom, M|100/100
|-damage|p1a: Breloom|94/100|[from] Stealth Rock
|switch|p2a: Tusk|Terrakion, shiny|100/100
|-damage|p2a: Tusk|88/100|[from] Spikes
|
|-weather|Sandstorm|[upkeep]
|-damage|p1a: Breloom|88/100|[from] Sandstorm
|-status|p1a: Breloom|tox|[from] item: Toxic Orb
|upkeep
|turn|15
|
|t:|1706315443
|move|p2a: Tusk|X-Scissor|p1a: Breloom
|-damage|p1a: Breloom|55/100 tox
|move|p1a: Breloom|Seed Bomb|p2a: Tusk
|-supereffective|p2a: Tusk
|-damage|p2a: Tusk|6/100
|
|-weather|Sandstorm|[upkeep]
|-damage|p1a: Breloom|49/100 tox|[from] Sandstorm
|-heal|p1a: Breloom|61/100 tox|[from] ability: Poison Heal
|upkeep
|turn|16
|
|t:|1706315455
|switch|p1a: Landorus|Landorus-Therian, M|100/100
|-damage|p1a: Landorus|88/100|[from] Stealth Rock
|-ability|p1a: Landorus|Intimidate|boost
|-unboost|p2a: Tusk|atk|1
|move|p2a: Tusk|X-Scissor|p1a: Landorus
|-resisted|p1a: Landorus
|-damage|p1a: Landorus|81/100
|
|-weather|Sandstorm|[upkeep]
|-heal|p1a: Landorus|87/100|[from] item: Leftovers
|upkeep
|turn|17
|
|t:|1706315467
|switch|p2a: Scary Monsters|Landorus-Therian, M|100/100
|-ability|p2a: Scary Monsters|Intimidate|boost
|-unboost|p1a: Landorus|atk|1
|move|p1a: Landorus|U-turn|p2a: Scary Monsters
|-resisted|p2a: Scary Monsters
|-damage|p2a: Scary Monsters|93/100
|inactive|XPlayer101 J has 120 seconds left.
|
|t:|1706315498
|switch|p1a: Alakazam|Alakazam, M|100/100|[from] U-turn
|
|-weather|Sandstorm|[upkeep]
|-heal|p2a: Scary Monsters|99/100|[from] item: Leftovers
|upkeep
|turn|18
|inactive|XPlayer101 J has 120 seconds left.
|
|t:|1706315514
|move|p1a: Alakazam|Focus Blast|p2a: Scary Monsters
|-resisted|p2a: Scary Monsters
|-crit|p2a: Scary Monsters
|-damage|p2a: Scary Monsters|51/100
|move|p2a: Scary Monsters|U-turn|p1a: Alakazam
|-supereffective|p1a: Alakazam
|-crit|p1a: Alakazam
|-enditem|p1a: Alakazam|Focus Sash
|-damage|p1a: Alakazam|1/100
|
|t:|1706315518
|switch|p2a: Heavy Weather|Tyranitar, M|100/100|[from] U-turn
|-damage|p2a: Heavy Weather|88/100|[from] Spikes
|
|-weather|Sandstorm|[upkeep]
|upkeep
|turn|19
|inactive|XPlayer101 J has 120 seconds left.
|
|t:|1706315526
|move|p1a: Alakazam|Focus Blast|p2a: Heavy Weather
|-supereffective|p2a: Heavy Weather
|-enditem|p2a: Heavy Weather|Chople Berry|[eat]
|-enditem|p2a: Heavy Weather|Chople Berry|[weaken]
|-damage|p2a: Heavy Weather|50/100
|move|p2a: Heavy Weather|Pursuit|p1a: Alakazam
|-supereffective|p1a: Alakazam
|-damage|p1a: Alakazam|0 fnt
|faint|p1a: Alakazam
|
|-weather|Sandstorm|[upkeep]
|upkeep
|inactive|XPlayer101 J has 120 seconds left.
|
|t:|1706315536
|switch|p1a: Breloom|Breloom, M|61/100 tox
|-damage|p1a: Breloom|55/100 tox|[from] Stealth Rock
|turn|20
|
|t:|1706315539
|move|p1a: Breloom|Substitute|p1a: Breloom
|-start|p1a: Breloom|Substitute
|-damage|p1a: Breloom|30/100 tox
|move|p2a: Heavy Weather|Fire Punch|p1a: Breloom
|-supereffective|p1a: Breloom
|-end|p1a: Breloom|Substitute
|
|-weather|Sandstorm|[upkeep]
|-damage|p1a: Breloom|24/100 tox|[from] Sandstorm
|-heal|p1a: Breloom|36/100 tox|[from] ability: Poison Heal
|upkeep
|turn|21
|-message|XPlayer101 J forfeited.
|
|win|Croaset
|raw|XPlayer101 J's rating: 1314 &rarr; <strong>1304</strong><br />(-10 for losing)
|raw|Croaset's rating: 1496 &rarr; <strong>1506</strong><br />(+10 for winning)
|l|☆XPlayer101 J
|player|p1|
