|j|☆markus3362
|j|☆MCDTeach
|player|p1|markus3362|164
|teamsize|p1|6
|player|p2|MCDTeach|87
|teamsize|p2|6
|gametype|singles
|gen|5
|tier|[Gen 5] OU
|rated|
|rule|Sleep Clause Mod: Limit one foe put to sleep
|rule|Species Clause: Limit one of each Pokémon
|rule|OHKO Clause: OHKO moves are banned
|rule|Moody Clause: Moody is banned
|rule|Evasion Moves Clause: Evasion moves are banned
|rule|Endless Battle Clause: Forcing endless battles is banned
|rule|HP Percentage Mod: HP is shown in percentages
|rule|Evasion Abilities Clause: Evasion abilities are banned
|rule|Baton Pass Clause: Limit one Baton Passer, can't pass Spe and other stats simultaneously
|rule|Swagger Clause: Swagger is banned
|clearpoke
|poke|p1|Skarmory, F|item
|poke|p1|Slowbro, M|item
|poke|p1|Xatu, M|item
|poke|p1|Dugtrio, F|item
|poke|p1|Chansey, F|item
|poke|p1|Excadrill, M|item
|poke|p2|Politoed, M|item
|poke|p2|Kyurem|item
|poke|p2|Tentacruel, M|item
|poke|p2|Celebi|item
|poke|p2|Jirachi|item
|poke|p2|Landorus-Therian, M|item
|teampreview
|inactive|Battle timer is ON: inactive players will automatically lose when time's up. (requested by markus3362)
|inactive|MCDTeach has 135 seconds left.
|
|start
|switch|p1a: Xatu|Xatu, M|100/100
|switch|p2a: Politoed|Politoed, M|100/100
|-weather|RainDance|[from] ability: Drizzle|[of] p2a: Politoed
|turn|1
|inactive|MCDTeach has 135 seconds left.
|
|switch|p1a: Chansey|Chansey, F|100/100
|move|p2a: Politoed|Hydro Pump|p1a: Chansey
|-crit|p1a: Chansey
|-damage|p1a: Chansey|56/100
|
|-weather|RainDance|[upkeep]
|upkeep
|turn|2
|
|switch|p2a: Landorus|Landorus-Therian, M|100/100
|-ability|p2a: Landorus|Intimidate|boost
|-unboost|p1a: Chansey|atk|1
|move|p1a: Chansey|Stealth Rock|p2a: Landorus
|-sidestart|p2: MCDTeach|move: Stealth Rock
|
|-weather|RainDance|[upkeep]
|upkeep
|turn|3
|
|switch|p1a: Xatu|Xatu, M|100/100
|move|p2a: Landorus|Stealth Rock|p1a: Xatu
|move|p1a: Xatu|Stealth Rock|p2a: Landorus|[from]Magic Bounce
|-fail|p1a: Xatu
|
|-weather|RainDance|[upkeep]
|upkeep
|turn|4
|
|move|p2a: Landorus|Hidden Power|p1a: Xatu
|-supereffective|p1a: Xatu
|-crit|p1a: Xatu
|-damage|p1a: Xatu|12/100
|move|p1a: Xatu|Toxic|p2a: Landorus
|-status|p2a: Landorus|tox
|
|-weather|RainDance|[upkeep]
|-damage|p2a: Landorus|94/100 tox|[from] psn
|upkeep
|turn|5
|
|switch|p1a: Skarmory|Skarmory, F|100/100
|move|p2a: Landorus|Hidden Power|p1a: Skarmory
|-damage|p1a: Skarmory|80/100
|
|-weather|RainDance|[upkeep]
|-heal|p2a: Landorus|100/100 tox|[from] item: Leftovers
|-heal|p1a: Skarmory|86/100|[from] item: Leftovers
|-damage|p2a: Landorus|88/100 tox|[from] psn
|upkeep
|turn|6
|
|switch|p1a: Xatu|Xatu, M|12/100
|move|p2a: Landorus|Stealth Rock|p1a: Xatu
|move|p1a: Xatu|Stealth Rock|p2a: Landorus|[from]Magic Bounce
|-fail|p1a: Xatu
|
|-weather|RainDance|[upkeep]
|-heal|p2a: Landorus|94/100 tox|[from] item: Leftovers
|-damage|p2a: Landorus|76/100 tox|[from] psn
|upkeep
|turn|7
|inactive|markus3362 has 135 seconds left.
|
|switch|p1a: Skarmory|Skarmory, F|86/100
|move|p2a: Landorus|U-turn|p1a: Skarmory
|-resisted|p1a: Skarmory
|-damage|p1a: Skarmory|82/100
|
|switch|p2a: Tentacruel|Tentacruel, M|100/100
|-damage|p2a: Tentacruel|88/100|[from] Stealth Rock
|
|-weather|RainDance|[upkeep]
|-heal|p2a: Tentacruel|94/100|[from] ability: Rain Dish
|-heal|p2a: Tentacruel|99/100|[from] item: Black Sludge
|-heal|p1a: Skarmory|89/100|[from] item: Leftovers
|upkeep
|turn|8
|
|switch|p1a: Chansey|Chansey, F|56/100
|move|p2a: Tentacruel|Scald|p1a: Chansey
|-damage|p1a: Chansey|46/100
|
|-weather|RainDance|[upkeep]
|-heal|p2a: Tentacruel|100/100|[from] ability: Rain Dish
|upkeep
|turn|9
|
|move|p2a: Tentacruel|Toxic Spikes|p1a: Chansey
|-sidestart|p1: markus3362|move: Toxic Spikes
|move|p1a: Chansey|Thunder Wave|p2a: Tentacruel
|-status|p2a: Tentacruel|par
|
|-weather|RainDance|[upkeep]
|upkeep
|turn|10
|
|move|p1a: Chansey|Soft-Boiled|p1a: Chansey
|-heal|p1a: Chansey|96/100
|move|p2a: Tentacruel|Knock Off|p1a: Chansey
|-crit|p1a: Chansey
|-damage|p1a: Chansey|92/100
|-enditem|p1a: Chansey|Eviolite|[from] move: Knock Off|[of] p2a: Tentacruel
|
|-weather|RainDance|[upkeep]
|upkeep
|turn|11
|
|move|p1a: Chansey|Seismic Toss|p2a: Tentacruel
|-damage|p2a: Tentacruel|73/100 par
|move|p2a: Tentacruel|Rapid Spin|p1a: Chansey
|-damage|p1a: Chansey|89/100
|-sideend|p2: MCDTeach|Stealth Rock|[from] move: Rapid Spin|[of] p2a: Tentacruel
|
|-weather|RainDance|[upkeep]
|-heal|p2a: Tentacruel|79/100 par|[from] ability: Rain Dish
|-heal|p2a: Tentacruel|85/100 par|[from] item: Black Sludge
|upkeep
|turn|12
|
|move|p1a: Chansey|Stealth Rock|p2a: Tentacruel
|-sidestart|p2: MCDTeach|move: Stealth Rock
|move|p2a: Tentacruel|Toxic Spikes|p1a: Chansey
|-sidestart|p1: markus3362|move: Toxic Spikes
|
|-weather|RainDance|[upkeep]
|-heal|p2a: Tentacruel|91/100 par|[from] ability: Rain Dish
|-heal|p2a: Tentacruel|97/100 par|[from] item: Black Sludge
|upkeep
|turn|13
|
|move|p1a: Chansey|Seismic Toss|p2a: Tentacruel
|-damage|p2a: Tentacruel|70/100 par
|move|p2a: Tentacruel|Rapid Spin|p1a: Chansey
|-damage|p1a: Chansey|86/100
|-sideend|p2: MCDTeach|Stealth Rock|[from] move: Rapid Spin|[of] p2a: Tentacruel
|
|-weather|RainDance|[upkeep]
|-heal|p2a: Tentacruel|76/100 par|[from] ability: Rain Dish
|-heal|p2a: Tentacruel|82/100 par|[from] item: Black Sludge
|upkeep
|turn|14
|
|switch|p2a: Landorus|Landorus-Therian, M|76/100 tox
|-ability|p2a: Landorus|Intimidate|boost
|-unboost|p1a: Chansey|atk|1
|move|p1a: Chansey|Seismic Toss|p2a: Landorus
|-damage|p2a: Landorus|50/100 tox
|
|-weather|RainDance|[upkeep]
|-heal|p2a: Landorus|56/100 tox|[from] item: Leftovers
|-damage|p2a: Landorus|50/100 tox|[from] psn
|upkeep
|turn|15
|
|switch|p1a: Skarmory|Skarmory, F|89/100
|move|p2a: Landorus|U-turn|p1a: Skarmory
|-resisted|p1a: Skarmory
|-crit|p1a: Skarmory
|-damage|p1a: Skarmory|82/100
|
|switch|p2a: Politoed|Politoed, M|100/100
|
|-weather|RainDance|[upkeep]
|-heal|p1a: Skarmory|88/100|[from] item: Leftovers
|upkeep
|turn|16
|inactive|markus3362 has 135 seconds left.
|
|switch|p1a: Chansey|Chansey, F|86/100
|-status|p1a: Chansey|tox
|move|p2a: Politoed|Hydro Pump|p1a: Chansey
|-damage|p1a: Chansey|52/100 tox
|
|-weather|RainDance|[upkeep]
|-damage|p1a: Chansey|46/100 tox|[from] psn
|upkeep
|turn|17
|
|switch|p2a: Tentacruel|Tentacruel, M|82/100 par
|move|p1a: Chansey|Soft-Boiled|p1a: Chansey
|-heal|p1a: Chansey|96/100 tox
|
|-weather|RainDance|[upkeep]
|-heal|p2a: Tentacruel|88/100 par|[from] ability: Rain Dish
|-heal|p2a: Tentacruel|94/100 par|[from] item: Black Sludge
|-damage|p1a: Chansey|84/100 tox|[from] psn
|upkeep
|turn|18
|
|-curestatus|p1a: Chansey|tox|[from] ability: Natural Cure
|switch|p1a: Slowbro|Slowbro, M|100/100
|-status|p1a: Slowbro|tox
|cant|p2a: Tentacruel|par
|
|-weather|RainDance|[upkeep]
|-heal|p2a: Tentacruel|99/100 par|[from] ability: Rain Dish
|-heal|p2a: Tentacruel|100/100 par|[from] item: Black Sludge
|-damage|p1a: Slowbro|94/100 tox|[from] psn
|upkeep
|turn|19
|
|switch|p2a: Celebi|Celebi|100/100
|move|p1a: Slowbro|Psyshock|p2a: Celebi
|-resisted|p2a: Celebi
|-damage|p2a: Celebi|87/100
|
|-weather|RainDance|[upkeep]
|-heal|p2a: Celebi|93/100|[from] item: Leftovers
|-heal|p1a: Slowbro|100/100 tox|[from] item: Leftovers
|-damage|p1a: Slowbro|88/100 tox|[from] psn
|upkeep
|turn|20
|inactive|MCDTeach has 135 seconds left.
|
|switch|p1a: Excadrill|Excadrill, M|100/100
|move|p2a: Celebi|Nasty Plot|p2a: Celebi
|-boost|p2a: Celebi|spa|2
|
|-weather|RainDance|[upkeep]
|-heal|p2a: Celebi|99/100|[from] item: Leftovers
|upkeep
|turn|21
|inactive|MCDTeach has 135 seconds left.
|
|switch|p2a: Landorus|Landorus-Therian, M|50/100 tox
|-ability|p2a: Landorus|Intimidate|boost
|-unboost|p1a: Excadrill|atk|1
|move|p1a: Excadrill|Rapid Spin|p2a: Landorus
|-damage|p2a: Landorus|47/100 tox
|-sideend|p1: markus3362|Toxic Spikes|[from] move: Rapid Spin|[of] p1a: Excadrill
|
|-weather|RainDance|[upkeep]
|-heal|p2a: Landorus|53/100 tox|[from] item: Leftovers
|-damage|p2a: Landorus|47/100 tox|[from] psn
|upkeep
|turn|22
|
|move|p2a: Landorus|U-turn|p1a: Excadrill
|-resisted|p1a: Excadrill
|-damage|p1a: Excadrill|88/100
|
|switch|p2a: Politoed|Politoed, M|100/100
|move|p1a: Excadrill|Rapid Spin|p2a: Politoed
|-damage|p2a: Politoed|95/100
|
|-weather|RainDance|[upkeep]
|-heal|p1a: Excadrill|94/100|[from] item: Leftovers
|upkeep
|turn|23
|inactive|MCDTeach has 135 seconds left.
|inactive|MCDTeach has 120 seconds left.
|
|move|p1a: Excadrill|Protect|p1a: Excadrill
|-singleturn|p1a: Excadrill|Protect
|move|p2a: Politoed|Hydro Pump|p1a: Excadrill
|-activate|p1a: Excadrill|move: Protect
|
|-weather|RainDance|[upkeep]
|-heal|p1a: Excadrill|100/100|[from] item: Leftovers
|upkeep
|turn|24
|
|switch|p1a: Slowbro|Slowbro, M|100/100 tox
|move|p2a: Politoed|Hydro Pump|p1a: Slowbro
|-resisted|p1a: Slowbro
|-damage|p1a: Slowbro|64/100 tox
|
|-weather|RainDance|[upkeep]
|-heal|p1a: Slowbro|70/100 tox|[from] item: Leftovers
|-damage|p1a: Slowbro|64/100 tox|[from] psn
|upkeep
|turn|25
|
|switch|p2a: Celebi|Celebi|99/100
|move|p1a: Slowbro|Thunder Wave|p2a: Celebi
|-status|p2a: Celebi|par
|
|-weather|RainDance|[upkeep]
|-heal|p1a: Slowbro|70/100 tox|[from] item: Leftovers
|-heal|p2a: Celebi|100/100 par|[from] item: Leftovers
|-damage|p1a: Slowbro|58/100 tox|[from] psn
|upkeep
|turn|26
|
|switch|p1a: Chansey|Chansey, F|84/100
|move|p2a: Celebi|Giga Drain|p1a: Chansey
|-damage|p1a: Chansey|69/100
|
|-weather|RainDance|[upkeep]
|upkeep
|turn|27
|
|move|p1a: Chansey|Stealth Rock|p2a: Celebi
|-sidestart|p2: MCDTeach|move: Stealth Rock
|cant|p2a: Celebi|par
|
|-weather|RainDance|[upkeep]
|upkeep
|turn|28
|
|switch|p1a: Skarmory|Skarmory, F|88/100
|move|p2a: Celebi|Nasty Plot|p2a: Celebi
|-boost|p2a: Celebi|spa|2
|
|-weather|RainDance|[upkeep]
|-heal|p1a: Skarmory|94/100|[from] item: Leftovers
|upkeep
|turn|29
|
|move|p2a: Celebi|Hidden Power|p1a: Skarmory
|-damage|p1a: Skarmory|43/100
|move|p1a: Skarmory|Whirlwind|p2a: Celebi
|-curestatus|p2a: Celebi|par|[from] ability: Natural Cure
|drag|p2a: Tentacruel|Tentacruel, M|100/100 par
|-damage|p2a: Tentacruel|88/100 par|[from] Stealth Rock
|
|-weather|RainDance|[upkeep]
|-heal|p2a: Tentacruel|94/100 par|[from] ability: Rain Dish
|-heal|p1a: Skarmory|49/100|[from] item: Leftovers
|-heal|p2a: Tentacruel|99/100 par|[from] item: Black Sludge
|upkeep
|turn|30
|
|switch|p1a: Chansey|Chansey, F|69/100
|move|p2a: Tentacruel|Rapid Spin|p1a: Chansey
|-damage|p1a: Chansey|66/100
|-sideend|p2: MCDTeach|Stealth Rock|[from] move: Rapid Spin|[of] p2a: Tentacruel
|
|-weather|RainDance|[upkeep]
|-heal|p2a: Tentacruel|100/100 par|[from] ability: Rain Dish
|upkeep
|turn|31
|
|move|p1a: Chansey|Soft-Boiled|p1a: Chansey
|-heal|p1a: Chansey|100/100
|move|p2a: Tentacruel|Scald|p1a: Chansey
|-damage|p1a: Chansey|85/100
|
|-weather|RainDance|[upkeep]
|upkeep
|turn|32
|
|move|p1a: Chansey|Seismic Toss|p2a: Tentacruel
|-damage|p2a: Tentacruel|73/100 par
|move|p2a: Tentacruel|Toxic Spikes|p1a: Chansey
|-sidestart|p1: markus3362|move: Toxic Spikes
|
|-weather|RainDance|[upkeep]
|-heal|p2a: Tentacruel|79/100 par|[from] ability: Rain Dish
|-heal|p2a: Tentacruel|85/100 par|[from] item: Black Sludge
|upkeep
|turn|33
|
|move|p1a: Chansey|Seismic Toss|p2a: Tentacruel
|-damage|p2a: Tentacruel|57/100 par
|move|p2a: Tentacruel|Scald|p1a: Chansey
|-damage|p1a: Chansey|67/100
|
|-weather|RainDance|[upkeep]
|-heal|p2a: Tentacruel|63/100 par|[from] ability: Rain Dish
|-heal|p2a: Tentacruel|70/100 par|[from] item: Black Sludge
|upkeep
|turn|34
|
|switch|p2a: Jirachi|Jirachi|100/100
|move|p1a: Chansey|Seismic Toss|p2a: Jirachi
|-damage|p2a: Jirachi|76/100
|
|-weather|RainDance|[upkeep]
|-heal|p2a: Jirachi|82/100|[from] item: Leftovers
|upkeep
|turn|35
|
|switch|p1a: Excadrill|Excadrill, M|100/100
|move|p2a: Jirachi|Wish|p2a: Jirachi
|
|-weather|RainDance|[upkeep]
|-heal|p2a: Jirachi|88/100|[from] item: Leftovers
|upkeep
|turn|36
|
|switch|p2a: Landorus|Landorus-Therian, M|47/100 tox
|-ability|p2a: Landorus|Intimidate|boost
|-unboost|p1a: Excadrill|atk|1
|move|p1a: Excadrill|Rapid Spin|p2a: Landorus
|-damage|p2a: Landorus|43/100 tox
|-sideend|p1: markus3362|Toxic Spikes|[from] move: Rapid Spin|[of] p1a: Excadrill
|
|-weather|RainDance|[upkeep]
|-heal|p2a: Landorus|96/100 tox|[from] move: Wish|[wisher] Jirachi
|-heal|p2a: Landorus|100/100 tox|[from] item: Leftovers
|-damage|p2a: Landorus|94/100 tox|[from] psn
|upkeep
|turn|37
|
|switch|p1a: Skarmory|Skarmory, F|49/100
|move|p2a: Landorus|Stealth Rock|p1a: Skarmory
|-sidestart|p1: markus3362|move: Stealth Rock
|
|-weather|RainDance|[upkeep]
|-heal|p2a: Landorus|100/100 tox|[from] item: Leftovers
|-heal|p1a: Skarmory|55/100|[from] item: Leftovers
|-damage|p2a: Landorus|88/100 tox|[from] psn
|upkeep
|turn|38
|
|move|p2a: Landorus|U-turn|p1a: Skarmory
|-resisted|p1a: Skarmory
|-damage|p1a: Skarmory|52/100
|
|switch|p2a: Tentacruel|Tentacruel, M|70/100 par
|move|p1a: Skarmory|Roost|p1a: Skarmory
|-heal|p1a: Skarmory|100/100
|
|-weather|RainDance|[upkeep]
|-heal|p2a: Tentacruel|76/100 par|[from] ability: Rain Dish
|-heal|p2a: Tentacruel|82/100 par|[from] item: Black Sludge
|upkeep
|turn|39
|
|switch|p1a: Slowbro|Slowbro, M|91/100 tox
|-damage|p1a: Slowbro|79/100 tox|[from] Stealth Rock
|cant|p2a: Tentacruel|par
|
|-weather|RainDance|[upkeep]
|-heal|p2a: Tentacruel|88/100 par|[from] ability: Rain Dish
|-heal|p1a: Slowbro|85/100 tox|[from] item: Leftovers
|-heal|p2a: Tentacruel|94/100 par|[from] item: Black Sludge
|-damage|p1a: Slowbro|79/100 tox|[from] psn
|upkeep
|turn|40
|
|switch|p2a: Celebi|Celebi|100/100
|move|p1a: Slowbro|Thunder Wave|p2a: Celebi
|-status|p2a: Celebi|par
|
|-weather|RainDance|[upkeep]
|-heal|p1a: Slowbro|85/100 tox|[from] item: Leftovers
|-damage|p1a: Slowbro|73/100 tox|[from] psn
|upkeep
|turn|41
|
|switch|p1a: Excadrill|Excadrill, M|100/100
|-damage|p1a: Excadrill|97/100|[from] Stealth Rock
|move|p2a: Celebi|Giga Drain|p1a: Excadrill
|-damage|p1a: Excadrill|73/100
|
|-weather|RainDance|[upkeep]
|-heal|p1a: Excadrill|79/100|[from] item: Leftovers
|upkeep
|turn|42
|
|move|p1a: Excadrill|Rapid Spin|p2a: Celebi
|-crit|p2a: Celebi
|-damage|p2a: Celebi|88/100 par
|-sideend|p1: markus3362|Stealth Rock|[from] move: Rapid Spin|[of] p1a: Excadrill
|move|p2a: Celebi|Earth Power|p1a: Excadrill
|-supereffective|p1a: Excadrill
|-damage|p1a: Excadrill|36/100
|
|-weather|RainDance|[upkeep]
|-heal|p1a: Excadrill|42/100|[from] item: Leftovers
|-heal|p2a: Celebi|94/100 par|[from] item: Leftovers
|upkeep
|turn|43
|
|switch|p1a: Chansey|Chansey, F|67/100
|-curestatus|p2a: Celebi|par|[from] ability: Natural Cure
|switch|p2a: Landorus|Landorus-Therian, M|88/100 tox
|-ability|p2a: Landorus|Intimidate|boost
|-unboost|p1a: Chansey|atk|1
|
|-weather|RainDance|[upkeep]
|-heal|p2a: Landorus|94/100 tox|[from] item: Leftovers
|-damage|p2a: Landorus|88/100 tox|[from] psn
|upkeep
|turn|44
|
|move|p2a: Landorus|Earthquake|p1a: Chansey
|-damage|p1a: Chansey|19/100
|move|p1a: Chansey|Stealth Rock|p2a: Landorus
|-sidestart|p2: MCDTeach|move: Stealth Rock
|
|-weather|RainDance|[upkeep]
|-heal|p2a: Landorus|94/100 tox|[from] item: Leftovers
|-damage|p2a: Landorus|82/100 tox|[from] psn
|upkeep
|turn|45
|
|move|p2a: Landorus|U-turn|p1a: Chansey
|-damage|p1a: Chansey|0 fnt
|faint|p1a: Chansey
|
|switch|p2a: Celebi|Celebi|94/100
|-damage|p2a: Celebi|82/100|[from] Stealth Rock
|
|-weather|RainDance|[upkeep]
|-heal|p2a: Celebi|88/100|[from] item: Leftovers
|upkeep
|
|switch|p1a: Skarmory|Skarmory, F|100/100
|turn|46
|
|switch|p2a: Tentacruel|Tentacruel, M|94/100 par
|-damage|p2a: Tentacruel|81/100 par|[from] Stealth Rock
|move|p1a: Skarmory|Spikes|p2a: Tentacruel
|-sidestart|p2: MCDTeach|Spikes
|
|-weather|RainDance|[upkeep]
|-heal|p2a: Tentacruel|88/100 par|[from] ability: Rain Dish
|-heal|p2a: Tentacruel|94/100 par|[from] item: Black Sludge
|upkeep
|turn|47
|
|move|p2a: Tentacruel|Rapid Spin|p1a: Skarmory
|-resisted|p1a: Skarmory
|-damage|p1a: Skarmory|99/100
|-sideend|p2: MCDTeach|Spikes|[from] move: Rapid Spin|[of] p2a: Tentacruel
|-sideend|p2: MCDTeach|Stealth Rock|[from] move: Rapid Spin|[of] p2a: Tentacruel
|move|p1a: Skarmory|Whirlwind|p2a: Tentacruel
|drag|p2a: Kyurem|Kyurem|100/100
|-ability|p2a: Kyurem|Pressure
|
|-weather|RainDance|[upkeep]
|-heal|p1a: Skarmory|100/100|[from] item: Leftovers
|upkeep
|turn|48
|
|move|p2a: Kyurem|Ice Beam|p1a: Skarmory
|-crit|p1a: Skarmory
|-ability|p1a: Skarmory|Sturdy
|-damage|p1a: Skarmory|1/100
|move|p1a: Skarmory|Spikes|p2a: Kyurem
|-sidestart|p2: MCDTeach|Spikes
|
|-weather|RainDance|[upkeep]
|-heal|p1a: Skarmory|7/100|[from] item: Leftovers
|upkeep
|turn|49
|
|switch|p1a: Dugtrio|Dugtrio, F|100/100
|move|p2a: Kyurem|Ice Beam|p1a: Dugtrio
|-supereffective|p1a: Dugtrio
|-enditem|p1a: Dugtrio|Focus Sash
|-damage|p1a: Dugtrio|1/100
|
|-weather|RainDance|[upkeep]
|upkeep
|turn|50
|
|move|p1a: Dugtrio|Reversal|p2a: Kyurem
|-supereffective|p2a: Kyurem
|-damage|p2a: Kyurem|14/100
|move|p2a: Kyurem|Ice Beam|p1a: Dugtrio
|-supereffective|p1a: Dugtrio
|-damage|p1a: Dugtrio|0 fnt
|faint|p1a: Dugtrio
|
|-weather|RainDance|[upkeep]
|-heal|p2a: Kyurem|20/100|[from] item: Leftovers
|upkeep
|
|switch|p1a: Slowbro|Slowbro, M|100/100 tox
|turn|51
|inactive|MCDTeach has 135 seconds left.
|
|move|p2a: Kyurem|Roost|p2a: Kyurem
|-heal|p2a: Kyurem|70/100
|move|p1a: Slowbro|Thunder Wave|p2a: Kyurem
|-status|p2a: Kyurem|par
|
|-weather|RainDance|[upkeep]
|-heal|p2a: Kyurem|76/100 par|[from] item: Leftovers
|-damage|p1a: Slowbro|94/100 tox|[from] psn
|upkeep
|turn|52
|
|move|p1a: Slowbro|Psyshock|p2a: Kyurem
|-damage|p2a: Kyurem|50/100 par
|cant|p2a: Kyurem|par
|
|-weather|RainDance|[upkeep]
|-heal|p1a: Slowbro|100/100 tox|[from] item: Leftovers
|-heal|p2a: Kyurem|56/100 par|[from] item: Leftovers
|-damage|p1a: Slowbro|88/100 tox|[from] psn
|upkeep
|turn|53
|
|move|p1a: Slowbro|Psyshock|p2a: Kyurem
|-damage|p2a: Kyurem|31/100 par
|move|p2a: Kyurem|Roost|p2a: Kyurem
|-heal|p2a: Kyurem|81/100 par
|
|-weather|RainDance|[upkeep]
|-heal|p1a: Slowbro|94/100 tox|[from] item: Leftovers
|-heal|p2a: Kyurem|87/100 par|[from] item: Leftovers
|-damage|p1a: Slowbro|76/100 tox|[from] psn
|upkeep
|turn|54
|
|switch|p1a: Excadrill|Excadrill, M|42/100
|move|p2a: Kyurem|Substitute|p2a: Kyurem
|-start|p2a: Kyurem|Substitute
|-damage|p2a: Kyurem|62/100 par
|
|-weather|RainDance|[upkeep]
|-heal|p1a: Excadrill|48/100|[from] item: Leftovers
|-heal|p2a: Kyurem|68/100 par|[from] item: Leftovers
|upkeep
|turn|55
|
|move|p1a: Excadrill|Protect|p1a: Excadrill
|-singleturn|p1a: Excadrill|Protect
|move|p2a: Kyurem|Earth Power|p1a: Excadrill
|-activate|p1a: Excadrill|move: Protect
|
|-weather|RainDance|[upkeep]
|-heal|p1a: Excadrill|55/100|[from] item: Leftovers
|-heal|p2a: Kyurem|74/100 par|[from] item: Leftovers
|upkeep
|turn|56
|
|move|p1a: Excadrill|Earthquake|p2a: Kyurem
|-end|p2a: Kyurem|Substitute
|cant|p2a: Kyurem|par
|
|-weather|RainDance|[upkeep]
|-heal|p1a: Excadrill|61/100|[from] item: Leftovers
|-heal|p2a: Kyurem|80/100 par|[from] item: Leftovers
|upkeep
|turn|57
|
|switch|p2a: Landorus|Landorus-Therian, M|82/100 tox
|-ability|p2a: Landorus|Intimidate|boost
|-unboost|p1a: Excadrill|atk|1
|move|p1a: Excadrill|Earthquake|p2a: Landorus
|-immune|p2a: Landorus|[msg]
|
|-weather|RainDance|[upkeep]
|-heal|p2a: Landorus|88/100 tox|[from] item: Leftovers
|-heal|p1a: Excadrill|67/100|[from] item: Leftovers
|-damage|p2a: Landorus|82/100 tox|[from] psn
|upkeep
|turn|58
|
|switch|p1a: Xatu|Xatu, M|12/100
|move|p2a: Landorus|Stealth Rock|p1a: Xatu
|move|p1a: Xatu|Stealth Rock|p2a: Landorus|[from]Magic Bounce
|-sidestart|p2: MCDTeach|move: Stealth Rock
|
|-weather|RainDance|[upkeep]
|-heal|p2a: Landorus|88/100 tox|[from] item: Leftovers
|-damage|p2a: Landorus|76/100 tox|[from] psn
|upkeep
|turn|59
|
|switch|p1a: Skarmory|Skarmory, F|7/100
|move|p2a: Landorus|Stealth Rock|p1a: Skarmory
|-sidestart|p1: markus3362|move: Stealth Rock
|
|-weather|RainDance|[upkeep]
|-heal|p2a: Landorus|82/100 tox|[from] item: Leftovers
|-heal|p1a: Skarmory|13/100|[from] item: Leftovers
|-damage|p2a: Landorus|64/100 tox|[from] psn
|upkeep
|turn|60
|
|switch|p1a: Excadrill|Excadrill, M|67/100
|-damage|p1a: Excadrill|64/100|[from] Stealth Rock
|move|p2a: Landorus|Hidden Power|p1a: Excadrill
|-damage|p1a: Excadrill|50/100
|
|-weather|RainDance|[upkeep]
|-heal|p2a: Landorus|70/100 tox|[from] item: Leftovers
|-heal|p1a: Excadrill|56/100|[from] item: Leftovers
|-damage|p2a: Landorus|46/100 tox|[from] psn
|upkeep
|turn|61
|
|switch|p2a: Politoed|Politoed, M|95/100
|-damage|p2a: Politoed|82/100|[from] Spikes
|-damage|p2a: Politoed|70/100|[from] Stealth Rock
|move|p1a: Excadrill|Rapid Spin|p2a: Politoed
|-damage|p2a: Politoed|62/100
|-sideend|p1: markus3362|Stealth Rock|[from] move: Rapid Spin|[of] p1a: Excadrill
|
|-weather|RainDance|[upkeep]
|-heal|p1a: Excadrill|62/100|[from] item: Leftovers
|upkeep
|turn|62
|
|move|p1a: Excadrill|Protect|p1a: Excadrill
|-singleturn|p1a: Excadrill|Protect
|move|p2a: Politoed|Hydro Pump|p1a: Excadrill
|-activate|p1a: Excadrill|move: Protect
|
|-weather|RainDance|[upkeep]
|-heal|p1a: Excadrill|68/100|[from] item: Leftovers
|upkeep
|turn|63
|
|switch|p1a: Slowbro|Slowbro, M|100/100 tox
|move|p2a: Politoed|Hydro Pump|p1a: Slowbro
|-resisted|p1a: Slowbro
|-damage|p1a: Slowbro|63/100 tox
|
|-weather|RainDance|[upkeep]
|-heal|p1a: Slowbro|69/100 tox|[from] item: Leftovers
|-damage|p1a: Slowbro|63/100 tox|[from] psn
|upkeep
|turn|64
|
|switch|p2a: Celebi|Celebi|88/100
|-damage|p2a: Celebi|76/100|[from] Stealth Rock
|-damage|p2a: Celebi|63/100|[from] Spikes
|move|p1a: Slowbro|Scald|p2a: Celebi
|-resisted|p2a: Celebi
|-damage|p2a: Celebi|42/100
|
|-weather|RainDance|[upkeep]
|-heal|p2a: Celebi|48/100|[from] item: Leftovers
|-heal|p1a: Slowbro|69/100 tox|[from] item: Leftovers
|-damage|p1a: Slowbro|57/100 tox|[from] psn
|upkeep
|turn|65
|
|move|p2a: Celebi|Giga Drain|p1a: Slowbro
|-supereffective|p1a: Slowbro
|-damage|p1a: Slowbro|0 fnt
|-heal|p2a: Celebi|79/100|[from] drain|[of] p1a: Slowbro
|faint|p1a: Slowbro
|
|-weather|RainDance|[upkeep]
|-heal|p2a: Celebi|85/100|[from] item: Leftovers
|upkeep
|
|switch|p1a: Excadrill|Excadrill, M|68/100
|turn|66
|
|move|p2a: Celebi|Nasty Plot|p2a: Celebi
|-boost|p2a: Celebi|spa|2
|move|p1a: Excadrill|Toxic|p2a: Celebi
|-status|p2a: Celebi|tox
|
|-weather|RainDance|[upkeep]
|-heal|p2a: Celebi|91/100 tox|[from] item: Leftovers
|-heal|p1a: Excadrill|74/100|[from] item: Leftovers
|-damage|p2a: Celebi|85/100 tox|[from] psn
|upkeep
|turn|67
|
|move|p1a: Excadrill|Protect|p1a: Excadrill
|-singleturn|p1a: Excadrill|Protect
|move|p2a: Celebi|Nasty Plot|p2a: Celebi
|-boost|p2a: Celebi|spa|2
|
|-weather|RainDance|[upkeep]
|-heal|p2a: Celebi|91/100 tox|[from] item: Leftovers
|-heal|p1a: Excadrill|81/100|[from] item: Leftovers
|-damage|p2a: Celebi|79/100 tox|[from] psn
|upkeep
|turn|68
|
|move|p1a: Excadrill|Protect|p1a: Excadrill
|-singleturn|p1a: Excadrill|Protect
|move|p2a: Celebi|Giga Drain|p1a: Excadrill
|-activate|p1a: Excadrill|move: Protect
|
|-weather|RainDance|[upkeep]
|-heal|p2a: Celebi|85/100 tox|[from] item: Leftovers
|-heal|p1a: Excadrill|87/100|[from] item: Leftovers
|-damage|p2a: Celebi|67/100 tox|[from] psn
|upkeep
|turn|69
|
|move|p1a: Excadrill|Protect|p1a: Excadrill
|-fail|p1a: Excadrill
|move|p2a: Celebi|Giga Drain|p1a: Excadrill
|-damage|p1a: Excadrill|8/100
|-heal|p2a: Celebi|100/100 tox|[from] drain|[of] p1a: Excadrill
|
|-weather|RainDance|[upkeep]
|-heal|p1a: Excadrill|14/100|[from] item: Leftovers
|-damage|p2a: Celebi|77/100 tox|[from] psn
|upkeep
|turn|70
|
|move|p1a: Excadrill|Protect|p1a: Excadrill
|-singleturn|p1a: Excadrill|Protect
|move|p2a: Celebi|Giga Drain|p1a: Excadrill
|-activate|p1a: Excadrill|move: Protect
|
|-weather|RainDance|[upkeep]
|-heal|p2a: Celebi|83/100 tox|[from] item: Leftovers
|-heal|p1a: Excadrill|20/100|[from] item: Leftovers
|-damage|p2a: Celebi|53/100 tox|[from] psn
|upkeep
|turn|71
|
|move|p1a: Excadrill|Protect|p1a: Excadrill
|-singleturn|p1a: Excadrill|Protect
|move|p2a: Celebi|Giga Drain|p1a: Excadrill
|-activate|p1a: Excadrill|move: Protect
|
|-weather|RainDance|[upkeep]
|-heal|p2a: Celebi|59/100 tox|[from] item: Leftovers
|-heal|p1a: Excadrill|27/100|[from] item: Leftovers
|-damage|p2a: Celebi|23/100 tox|[from] psn
|upkeep
|turn|72
|inactive|markus3362 has 135 seconds left.
|
|move|p1a: Excadrill|Protect|p1a: Excadrill
|-fail|p1a: Excadrill
|move|p2a: Celebi|Giga Drain|p1a: Excadrill
|-damage|p1a: Excadrill|0 fnt
|-heal|p2a: Celebi|38/100 tox|[from] drain|[of] p1a: Excadrill
|faint|p1a: Excadrill
|
|-weather|RainDance|[upkeep]
|-heal|p2a: Celebi|44/100 tox|[from] item: Leftovers
|-damage|p2a: Celebi|2/100 tox|[from] psn
|upkeep
|c|☆MCDTeach|gg
|
|switch|p1a: Skarmory|Skarmory, F|13/100
|turn|73
|
|move|p2a: Celebi|Hidden Power|p1a: Skarmory
|-crit|p1a: Skarmory
|-damage|p1a: Skarmory|0 fnt
|faint|p1a: Skarmory
|
|-weather|RainDance|[upkeep]
|-heal|p2a: Celebi|8/100 tox|[from] item: Leftovers
|-damage|p2a: Celebi|0 fnt|[from] psn
|upkeep
|faint|p2a: Celebi
|
|switch|p2a: Politoed|Politoed, M|62/100
|switch|p1a: Xatu|Xatu, M|12/100
|-damage|p2a: Politoed|50/100|[from] Spikes
|-damage|p2a: Politoed|37/100|[from] Stealth Rock
|turn|74
|
|move|p2a: Politoed|Ice Beam|p1a: Xatu
|-supereffective|p1a: Xatu
|-damage|p1a: Xatu|0 fnt
|faint|p1a: Xatu
|
|win|MCDTeach
|raw|markus3362's rating: 1485 &rarr; <strong>1469</strong><br />(-16 for losing)
|raw|MCDTeach's rating: 1540 &rarr; <strong>1557</strong><br />(+17 for winning)
|l|☆MCDTeach
|l|☆markus3362
|j|☆markus3362
|c|☆markus3362|/log markus3362 made this room hidden.
