|j|☆Gamer1234556
|j|☆Tangyz
|t:|1744421782
|gametype|singles
|player|p1|Gamer1234556|169|1294
|player|p2|Tangyz|shadowtriad|1488
|teamsize|p1|6
|teamsize|p2|6
|gen|5
|tier|[Gen 5] OU
|rated|
|rule|Species Clause: Limit one of each Pokémon
|rule|OHKO Clause: OHKO moves are banned
|rule|Moody Clause: Moody is banned
|rule|Evasion Items Clause: Evasion items are banned
|rule|Evasion Moves Clause: Evasion moves are banned
|rule|Endless Battle Clause: Forcing endless battles is banned
|rule|HP Percentage Mod: HP is shown in percentages
|rule|Evasion Abilities Clause: Evasion abilities are banned
|rule|Sleep Moves Clause: Sleep-inducing moves are banned
|rule|Swagger Clause: Swagger is banned
|rule|Baton Pass Stat Clause: No Baton Passer may have a way to boost its stats
|clearpoke
|poke|p1|Hippowdon, M|item
|poke|p1|Clefable, M|item
|poke|p1|Skarmory, M|item
|poke|p1|Jellicent, F|item
|poke|p1|Latios, M|item
|poke|p1|Alakazam, M|item
|poke|p2|Politoed, F|item
|poke|p2|Latios, M|item
|poke|p2|Ferrothorn, M|item
|poke|p2|Keldeo|item
|poke|p2|Excadrill, F|item
|poke|p2|Thundurus-Therian, M|item
|teampreview
|inactive|Battle timer is ON: inactive players will automatically lose when time's up. (requested by Tangyz)
|
|t:|1744421814
|start
|switch|p1a: Latios|Latios, M|100/100
|switch|p2a: Thundurus|Thundurus-Therian, M, shiny|100/100
|turn|1
|
|t:|1744421821
|switch|p2a: Ferrothorn|Ferrothorn, M|100/100
|move|p1a: Latios|Draco Meteor|p2a: Ferrothorn|[miss]
|-miss|p1a: Latios|p2a: Ferrothorn
|
|upkeep
|turn|2
|
|t:|1744421836
|switch|p1a: Clefable|Clefable, M|100/100
|move|p2a: Ferrothorn|Stealth Rock|p1a: Clefable
|-sidestart|p1: Gamer1234556|move: Stealth Rock
|
|upkeep
|turn|3
|
|t:|1744421849
|move|p1a: Clefable|Knock Off|p2a: Ferrothorn
|-resisted|p2a: Ferrothorn
|-damage|p2a: Ferrothorn|99/100
|-enditem|p2a: Ferrothorn|Lum Berry|[from] move: Knock Off|[of] p1a: Clefable
|move|p2a: Ferrothorn|Spikes|p1a: Clefable
|-sidestart|p1: Gamer1234556|Spikes
|
|upkeep
|turn|4
|
|t:|1744421857
|move|p1a: Clefable|Thunder Wave|p2a: Ferrothorn
|-status|p2a: Ferrothorn|par
|cant|p2a: Ferrothorn|par
|
|upkeep
|turn|5
|
|t:|1744421864
|move|p1a: Clefable|Ice Beam|p2a: Ferrothorn
|-damage|p2a: Ferrothorn|86/100 par
|cant|p2a: Ferrothorn|par
|
|upkeep
|turn|6
|
|t:|1744421877
|move|p1a: Clefable|Ice Beam|p2a: Ferrothorn
|-damage|p2a: Ferrothorn|73/100 par
|move|p2a: Ferrothorn|Spikes|p1a: Clefable
|-sidestart|p1: Gamer1234556|Spikes
|
|upkeep
|turn|7
|
|t:|1744421883
|move|p1a: Clefable|Ice Beam|p2a: Ferrothorn
|-damage|p2a: Ferrothorn|60/100 par
|move|p2a: Ferrothorn|Gyro Ball|p1a: Clefable
|-damage|p1a: Clefable|49/100
|
|-heal|p1a: Clefable|55/100|[from] item: Leftovers
|upkeep
|turn|8
|
|t:|1744421894
|switch|p2a: Keldeo|Keldeo|100/100
|move|p1a: Clefable|Soft-Boiled|p1a: Clefable
|-heal|p1a: Clefable|100/100
|
|upkeep
|turn|9
|
|t:|1744421910
|switch|p2a: Ferrothorn|Ferrothorn, M|60/100 par
|switch|p1a: Jellicent|Jellicent, F|100/100
|-damage|p1a: Jellicent|88/100|[from] Stealth Rock
|-damage|p1a: Jellicent|71/100|[from] Spikes
|
|-heal|p1a: Jellicent|78/100|[from] item: Leftovers
|upkeep
|turn|10
|
|t:|1744421926
|switch|p1a: Clefable|Clefable, M|100/100
|switch|p2a: Thundurus|Thundurus-Therian, M, shiny|100/100
|
|upkeep
|turn|11
|
|t:|1744421936
|switch|p1a: Latios|Latios, M|100/100
|-damage|p1a: Latios|88/100|[from] Stealth Rock
|move|p2a: Thundurus|Nasty Plot|p2a: Thundurus
|-boost|p2a: Thundurus|spa|2
|
|upkeep
|turn|12
|
|t:|1744421942
|switch|p2a: Ferrothorn|Ferrothorn, M|60/100 par
|move|p1a: Latios|Draco Meteor|p2a: Ferrothorn|[miss]
|-miss|p1a: Latios|p2a: Ferrothorn
|
|upkeep
|turn|13
|
|t:|1744421950
|switch|p1a: Clefable|Clefable, M|100/100
|move|p2a: Ferrothorn|Gyro Ball|p1a: Clefable
|-damage|p1a: Clefable|48/100
|
|-heal|p1a: Clefable|55/100|[from] item: Leftovers
|upkeep
|turn|14
|
|t:|1744421960
|switch|p2a: Thundurus|Thundurus-Therian, M, shiny|100/100
|move|p1a: Clefable|Ice Beam|p2a: Thundurus
|-supereffective|p2a: Thundurus
|-damage|p2a: Thundurus|50/100
|
|-heal|p2a: Thundurus|56/100|[from] item: Leftovers
|-heal|p1a: Clefable|61/100|[from] item: Leftovers
|upkeep
|turn|15
|
|t:|1744421969
|switch|p1a: Latios|Latios, M|88/100
|-damage|p1a: Latios|76/100|[from] Stealth Rock
|move|p2a: Thundurus|Focus Blast|p1a: Latios
|-resisted|p1a: Latios
|-damage|p1a: Latios|52/100
|
|-heal|p2a: Thundurus|62/100|[from] item: Leftovers
|upkeep
|turn|16
|
|t:|1744421980
|switch|p2a: Ferrothorn|Ferrothorn, M|60/100 par
|move|p1a: Latios|Draco Meteor|p2a: Ferrothorn
|-resisted|p2a: Ferrothorn
|-damage|p2a: Ferrothorn|25/100 par
|-unboost|p1a: Latios|spa|2
|
|upkeep
|turn|17
|
|t:|1744422000
|switch|p1a: Clefable|Clefable, M|61/100
|switch|p2a: Excadrill|Excadrill, F|100/100
|-ability|p2a: Excadrill|Mold Breaker
|
|-heal|p1a: Clefable|67/100|[from] item: Leftovers
|upkeep
|turn|18
|
|t:|1744422014
|switch|p1a: Skarmory|Skarmory, M|100/100
|-damage|p1a: Skarmory|88/100|[from] Stealth Rock
|move|p2a: Excadrill|Iron Head|p1a: Skarmory
|-resisted|p1a: Skarmory
|-crit|p1a: Skarmory
|-damage|p1a: Skarmory|51/100
|
|-heal|p1a: Skarmory|57/100|[from] item: Leftovers
|upkeep
|turn|19
|
|t:|1744422024
|switch|p2a: Politoed|Politoed, F, shiny|100/100
|-weather|RainDance|[from] ability: Drizzle|[of] p2a: Politoed
|move|p1a: Skarmory|Spikes|p2a: Politoed
|-sidestart|p2: Tangyz|Spikes
|
|-weather|RainDance|[upkeep]
|-heal|p1a: Skarmory|63/100|[from] item: Leftovers
|upkeep
|turn|20
|
|t:|1744422036
|switch|p1a: Jellicent|Jellicent, F|78/100
|-damage|p1a: Jellicent|65/100|[from] Stealth Rock
|-damage|p1a: Jellicent|49/100|[from] Spikes
|move|p2a: Politoed|Toxic|p1a: Jellicent
|-status|p1a: Jellicent|tox
|
|-weather|RainDance|[upkeep]
|-heal|p1a: Jellicent|55/100 tox|[from] item: Leftovers
|-damage|p1a: Jellicent|49/100 tox|[from] psn
|upkeep
|turn|21
|
|t:|1744422053
|move|p2a: Politoed|Protect|p2a: Politoed
|-singleturn|p2a: Politoed|Protect
|move|p1a: Jellicent|Taunt|p2a: Politoed
|-activate|p2a: Politoed|move: Protect
|
|-weather|RainDance|[upkeep]
|-heal|p1a: Jellicent|55/100 tox|[from] item: Leftovers
|-damage|p1a: Jellicent|42/100 tox|[from] psn
|upkeep
|turn|22
|
|t:|1744422061
|switch|p2a: Thundurus|Thundurus-Therian, M, shiny|62/100
|move|p1a: Jellicent|Recover|p1a: Jellicent
|-heal|p1a: Jellicent|93/100 tox
|
|-weather|RainDance|[upkeep]
|-heal|p2a: Thundurus|68/100|[from] item: Leftovers
|-heal|p1a: Jellicent|99/100 tox|[from] item: Leftovers
|-damage|p1a: Jellicent|80/100 tox|[from] psn
|upkeep
|turn|23
|
|t:|1744422084
|switch|p1a: Hippowdon|Hippowdon, M|100/100
|-damage|p1a: Hippowdon|94/100|[from] Stealth Rock
|-damage|p1a: Hippowdon|78/100|[from] Spikes
|-weather|Sandstorm|[from] ability: Sand Stream|[of] p1a: Hippowdon
|move|p2a: Thundurus|Nasty Plot|p2a: Thundurus
|-boost|p2a: Thundurus|spa|2
|
|-weather|Sandstorm|[upkeep]
|-damage|p2a: Thundurus|62/100|[from] Sandstorm
|-heal|p2a: Thundurus|68/100|[from] item: Leftovers
|-heal|p1a: Hippowdon|84/100|[from] item: Leftovers
|upkeep
|turn|24
|inactive|Gamer1234556 has 120 seconds left.
|inactive|Gamer1234556 has 90 seconds left.
|
|t:|1744422129
|move|p2a: Thundurus|Hidden Power|p1a: Hippowdon
|-supereffective|p1a: Hippowdon
|-damage|p1a: Hippowdon|7/100
|move|p1a: Hippowdon|Rock Slide|p2a: Thundurus
|-supereffective|p2a: Thundurus
|-damage|p2a: Thundurus|15/100
|
|-weather|Sandstorm|[upkeep]
|-damage|p2a: Thundurus|9/100|[from] Sandstorm
|-heal|p2a: Thundurus|15/100|[from] item: Leftovers
|-heal|p1a: Hippowdon|13/100|[from] item: Leftovers
|upkeep
|turn|25
|inactive|Gamer1234556 has 90 seconds left.
|
|t:|1744422141
|move|p2a: Thundurus|Hidden Power|p1a: Hippowdon
|-supereffective|p1a: Hippowdon
|-damage|p1a: Hippowdon|0 fnt
|faint|p1a: Hippowdon
|
|-weather|Sandstorm|[upkeep]
|-damage|p2a: Thundurus|9/100|[from] Sandstorm
|-heal|p2a: Thundurus|15/100|[from] item: Leftovers
|upkeep
|inactive|Gamer1234556 has 90 seconds left.
|
|t:|1744422152
|switch|p1a: Latios|Latios, M|52/100
|-damage|p1a: Latios|39/100|[from] Stealth Rock
|turn|26
|inactive|Gamer1234556 has 90 seconds left.
|
|t:|1744422163
|switch|p2a: Ferrothorn|Ferrothorn, M|25/100 par
|-damage|p2a: Ferrothorn|12/100 par|[from] Spikes
|move|p1a: Latios|Dragon Pulse|p2a: Ferrothorn
|-resisted|p2a: Ferrothorn
|-damage|p2a: Ferrothorn|0 fnt
|faint|p2a: Ferrothorn
|
|-weather|Sandstorm|[upkeep]
|-damage|p1a: Latios|33/100|[from] Sandstorm
|upkeep
|
|t:|1744422176
|switch|p2a: Excadrill|Excadrill, F|100/100
|-damage|p2a: Excadrill|88/100|[from] Spikes
|-ability|p2a: Excadrill|Mold Breaker
|turn|27
|inactive|Gamer1234556 has 90 seconds left.
|
|t:|1744422186
|switch|p1a: Skarmory|Skarmory, M|63/100
|-damage|p1a: Skarmory|50/100|[from] Stealth Rock
|move|p2a: Excadrill|Iron Head|p1a: Skarmory
|-resisted|p1a: Skarmory
|-damage|p1a: Skarmory|32/100
|
|-weather|Sandstorm|[upkeep]
|-heal|p1a: Skarmory|38/100|[from] item: Leftovers
|upkeep
|turn|28
|inactive|Gamer1234556 has 90 seconds left.
|
|t:|1744422199
|switch|p2a: Thundurus|Thundurus-Therian, M, shiny|15/100
|move|p1a: Skarmory|Roost|p1a: Skarmory
|-heal|p1a: Skarmory|88/100
|-singleturn|p1a: Skarmory|move: Roost
|
|-weather|Sandstorm|[upkeep]
|-damage|p2a: Thundurus|9/100|[from] Sandstorm
|-heal|p2a: Thundurus|15/100|[from] item: Leftovers
|-heal|p1a: Skarmory|94/100|[from] item: Leftovers
|upkeep
|turn|29
|inactive|Gamer1234556 has 90 seconds left.
|
|t:|1744422210
|move|p2a: Thundurus|Thunder|p1a: Skarmory|[miss]
|-miss|p2a: Thundurus|p1a: Skarmory
|move|p1a: Skarmory|Whirlwind|p2a: Thundurus
|drag|p2a: Excadrill|Excadrill, F|88/100
|-damage|p2a: Excadrill|76/100|[from] Spikes
|-ability|p2a: Excadrill|Mold Breaker
|
|-weather|Sandstorm|[upkeep]
|-heal|p1a: Skarmory|99/100|[from] item: Leftovers
|upkeep
|turn|30
|inactive|Gamer1234556 has 90 seconds left.
|
|t:|1744422224
|switch|p2a: Politoed|Politoed, F, shiny|100/100
|-damage|p2a: Politoed|88/100|[from] Spikes
|-weather|RainDance|[from] ability: Drizzle|[of] p2a: Politoed
|move|p1a: Skarmory|Brave Bird|p2a: Politoed
|-damage|p2a: Politoed|62/100
|-damage|p1a: Skarmory|90/100|[from] Recoil
|
|-weather|RainDance|[upkeep]
|-heal|p2a: Politoed|68/100|[from] item: Leftovers
|-heal|p1a: Skarmory|96/100|[from] item: Leftovers
|upkeep
|turn|31
|inactive|Gamer1234556 has 90 seconds left.
|
|t:|1744422253
|switch|p1a: Clefable|Clefable, M|67/100
|move|p2a: Politoed|Scald|p1a: Clefable
|-damage|p1a: Clefable|39/100
|-status|p1a: Clefable|brn
|
|-weather|RainDance|[upkeep]
|-heal|p2a: Politoed|74/100|[from] item: Leftovers
|-heal|p1a: Clefable|45/100 brn|[from] item: Leftovers
|upkeep
|turn|32
|
|t:|1744422271
|move|p2a: Politoed|Scald|p1a: Clefable
|-damage|p1a: Clefable|21/100 brn
|move|p1a: Clefable|Knock Off|p2a: Politoed
|-damage|p2a: Politoed|73/100
|-enditem|p2a: Politoed|Leftovers|[from] move: Knock Off|[of] p1a: Clefable
|
|-weather|RainDance|[upkeep]
|-heal|p1a: Clefable|27/100 brn|[from] item: Leftovers
|upkeep
|turn|33
|
|t:|1744422282
|move|p2a: Politoed|Encore|p1a: Clefable
|-start|p1a: Clefable|Encore
|move|p1a: Clefable|Knock Off|p2a: Politoed
|-damage|p2a: Politoed|72/100
|
|-weather|RainDance|[upkeep]
|-heal|p1a: Clefable|33/100 brn|[from] item: Leftovers
|upkeep
|turn|34
|
|t:|1744422296
|switch|p2a: Thundurus|Thundurus-Therian, M, shiny|15/100
|switch|p1a: Latios|Latios, M|33/100
|-damage|p1a: Latios|21/100|[from] Stealth Rock
|
|-weather|RainDance|[upkeep]
|-heal|p2a: Thundurus|22/100|[from] item: Leftovers
|upkeep
|turn|35
|
|t:|1744422306
|move|p1a: Latios|Surf|p2a: Thundurus
|-damage|p2a: Thundurus|0 fnt
|faint|p2a: Thundurus
|
|-weather|RainDance|[upkeep]
|upkeep
|
|t:|1744422308
|switch|p2a: Excadrill|Excadrill, F|76/100
|-damage|p2a: Excadrill|63/100|[from] Spikes
|-ability|p2a: Excadrill|Mold Breaker
|turn|36
|inactive|Gamer1234556 has 90 seconds left.
|
|t:|1744422327
|switch|p2a: Keldeo|Keldeo|100/100
|-damage|p2a: Keldeo|88/100|[from] Spikes
|move|p1a: Latios|Surf|p2a: Keldeo
|-resisted|p2a: Keldeo
|-damage|p2a: Keldeo|47/100
|
|-weather|RainDance|[upkeep]
|upkeep
|turn|37
|
|t:|1744422356
|switch|p1a: Jellicent|Jellicent, F|80/100 tox
|-damage|p1a: Jellicent|68/100 tox|[from] Stealth Rock
|-damage|p1a: Jellicent|51/100 tox|[from] Spikes
|move|p2a: Keldeo|Surf|p1a: Jellicent
|-heal|p1a: Jellicent|76/100 tox|[from] ability: Water Absorb|[of] p2a: Keldeo
|
|-weather|RainDance|[upkeep]
|-heal|p1a: Jellicent|82/100 tox|[from] item: Leftovers
|-damage|p1a: Jellicent|76/100 tox|[from] psn
|upkeep
|turn|38
|
|t:|1744422368
|switch|p2a: Latios|Latios, M, shiny|100/100
|move|p1a: Jellicent|Taunt|p2a: Latios
|-start|p2a: Latios|move: Taunt
|
|-weather|RainDance|[upkeep]
|-heal|p1a: Jellicent|82/100 tox|[from] item: Leftovers
|-damage|p1a: Jellicent|70/100 tox|[from] psn
|upkeep
|turn|39
|
|t:|1744422379
|switch|p1a: Skarmory|Skarmory, M|96/100
|-damage|p1a: Skarmory|84/100|[from] Stealth Rock
|move|p2a: Latios|Draco Meteor|p1a: Skarmory
|-resisted|p1a: Skarmory
|-damage|p1a: Skarmory|31/100
|-unboost|p2a: Latios|spa|2
|
|-weather|RainDance|[upkeep]
|-heal|p1a: Skarmory|37/100|[from] item: Leftovers
|upkeep
|turn|40
|inactive|Gamer1234556 has 60 seconds left.
|
|t:|1744422400
|switch|p2a: Politoed|Politoed, F, shiny|72/100
|-damage|p2a: Politoed|59/100|[from] Spikes
|move|p1a: Skarmory|Roost|p1a: Skarmory
|-heal|p1a: Skarmory|87/100
|-singleturn|p1a: Skarmory|move: Roost
|
|-weather|RainDance|[upkeep]
|-heal|p1a: Skarmory|93/100|[from] item: Leftovers
|upkeep
|turn|41
|inactive|Gamer1234556 has 60 seconds left.
|
|t:|1744422421
|switch|p1a: Clefable|Clefable, M|33/100 brn
|move|p2a: Politoed|Encore||[still]
|-fail|p2a: Politoed
|
|-weather|RainDance|[upkeep]
|-heal|p1a: Clefable|39/100 brn|[from] item: Leftovers
|upkeep
|turn|42
|
|t:|1744422436
|switch|p2a: Latios|Latios, M, shiny|100/100
|move|p1a: Clefable|Thunder Wave|p2a: Latios
|-status|p2a: Latios|par
|
|-weather|RainDance|[upkeep]
|-heal|p1a: Clefable|45/100 brn|[from] item: Leftovers
|upkeep
|turn|43
|
|t:|1744422450
|move|p1a: Clefable|Soft-Boiled|p1a: Clefable
|-heal|p1a: Clefable|95/100 brn
|cant|p2a: Latios|par
|
|-weather|RainDance|[upkeep]
|-heal|p1a: Clefable|100/100 brn|[from] item: Leftovers
|upkeep
|turn|44
|
|t:|1744422463
|move|p1a: Clefable|Knock Off|p2a: Latios
|-supereffective|p2a: Latios
|-damage|p2a: Latios|96/100 par
|-enditem|p2a: Latios|Choice Specs|[from] move: Knock Off|[of] p1a: Clefable
|move|p2a: Latios|Surf|p1a: Clefable
|-damage|p1a: Clefable|66/100 brn
|
|-weather|RainDance|[upkeep]
|-heal|p1a: Clefable|72/100 brn|[from] item: Leftovers
|upkeep
|turn|45
|
|t:|1744422472
|move|p1a: Clefable|Ice Beam|p2a: Latios
|-supereffective|p2a: Latios
|-damage|p2a: Latios|56/100 par
|move|p2a: Latios|Trick|p1a: Clefable
|-activate|p2a: Latios|move: Trick|[of] p1a: Clefable
|-enditem|p1a: Clefable|Leftovers|[silent]|[from] move: Trick
|-item|p2a: Latios|Leftovers|[from] move: Trick
|
|-weather|RainDance|[upkeep]
|-heal|p2a: Latios|62/100 par|[from] item: Leftovers
|upkeep
|turn|46
|
|t:|1744422481
|switch|p2a: Keldeo|Keldeo|47/100
|-damage|p2a: Keldeo|35/100|[from] Spikes
|move|p1a: Clefable|Knock Off|p2a: Keldeo
|-resisted|p2a: Keldeo
|-damage|p2a: Keldeo|34/100
|-ability|p2a: Keldeo|Justified|boost
|-boost|p2a: Keldeo|atk|1
|-enditem|p2a: Keldeo|Choice Scarf|[from] move: Knock Off|[of] p1a: Clefable
|
|-weather|RainDance|[upkeep]
|upkeep
|turn|47
|inactive|Gamer1234556 has 60 seconds left.
|
|t:|1744422494
|switch|p2a: Excadrill|Excadrill, F|63/100
|-damage|p2a: Excadrill|51/100|[from] Spikes
|-ability|p2a: Excadrill|Mold Breaker
|move|p1a: Clefable|Thunder Wave|p2a: Excadrill
|-immune|p2a: Excadrill
|
|-weather|RainDance|[upkeep]
|upkeep
|turn|48
|inactive|Gamer1234556 has 60 seconds left.
|
|t:|1744422511
|switch|p1a: Skarmory|Skarmory, M|93/100
|-damage|p1a: Skarmory|81/100|[from] Stealth Rock
|move|p2a: Excadrill|Iron Head|p1a: Skarmory
|-resisted|p1a: Skarmory
|-damage|p1a: Skarmory|62/100
|
|-weather|RainDance|[upkeep]
|-heal|p1a: Skarmory|68/100|[from] item: Leftovers
|upkeep
|turn|49
|
|t:|1744422526
|move|p2a: Excadrill|Iron Head|p1a: Skarmory
|-resisted|p1a: Skarmory
|-damage|p1a: Skarmory|51/100
|move|p1a: Skarmory|Brave Bird|p2a: Excadrill
|-resisted|p2a: Excadrill
|-damage|p2a: Excadrill|27/100
|-damage|p1a: Skarmory|43/100|[from] Recoil
|
|-weather|RainDance|[upkeep]
|-heal|p1a: Skarmory|49/100|[from] item: Leftovers
|upkeep
|turn|50
|
|t:|1744422535
|move|p2a: Excadrill|Iron Head|p1a: Skarmory
|-resisted|p1a: Skarmory
|-damage|p1a: Skarmory|30/100
|cant|p1a: Skarmory|flinch
|
|-weather|RainDance|[upkeep]
|-heal|p1a: Skarmory|36/100|[from] item: Leftovers
|upkeep
|turn|51
|inactive|Gamer1234556 has 60 seconds left.
|
|t:|1744422545
|move|p2a: Excadrill|Iron Head|p1a: Skarmory
|-resisted|p1a: Skarmory
|-damage|p1a: Skarmory|17/100
|move|p1a: Skarmory|Roost|p1a: Skarmory
|-heal|p1a: Skarmory|67/100
|-singleturn|p1a: Skarmory|move: Roost
|
|-weather|RainDance|[upkeep]
|-heal|p1a: Skarmory|73/100|[from] item: Leftovers
|upkeep
|turn|52
|-message|Tangyz forfeited.
|
|win|Gamer1234556
|raw|Gamer1234556's rating: 1294 &rarr; <strong>1332</strong><br />(+38 for winning)
|raw|Tangyz's rating: 1488 &rarr; <strong>1458</strong><br />(-30 for losing)
|l|☆Tangyz
|player|p2|
