|j|☆spliffdiff
|j|☆scanners
|t:|1748172634
|gametype|singles
|player|p1|spliffdiff|unknown|1445
|player|p2|scanners|2|1489
|teamsize|p1|6
|teamsize|p2|6
|gen|5
|tier|[Gen 5] OU
|rated|
|rule|Species Clause: Limit one of each Pokémon
|rule|OHKO Clause: OHKO moves are banned
|rule|Moody Clause: Moody is banned
|rule|Evasion Items Clause: Evasion items are banned
|rule|Evasion Moves Clause: Evasion moves are banned
|rule|Endless Battle Clause: Forcing endless battles is banned
|rule|HP Percentage Mod: HP is shown in percentages
|rule|Evasion Abilities Clause: Evasion abilities are banned
|rule|Sleep Moves Clause: Sleep-inducing moves are banned
|rule|Swagger Clause: Swagger is banned
|rule|Baton Pass Stat Clause: No Baton Passer may have a way to boost its stats
|clearpoke
|poke|p1|Honchkrow, F|item
|poke|p1|Terrakion|item
|poke|p1|Garchomp, M|item
|poke|p1|Conkeldurr, M|item
|poke|p1|Keldeo-Resolute|item
|poke|p1|Breloom, M|item
|poke|p2|Garchomp, M|item
|poke|p2|Tyranitar, F|item
|poke|p2|Skarmory, M|item
|poke|p2|Jellicent, M|item
|poke|p2|Reuniclus, M|item
|poke|p2|Landorus-Therian, M|item
|teampreview
|inactive|Battle timer is ON: inactive players will automatically lose when time's up. (requested by scanners)
|inactive|spliffdiff also wants the timer to be on.
|inactive|spliffdiff has 120 seconds left.
|inactive|scanners has 120 seconds left.
|inactive|scanners has 90 seconds left.
|
|t:|1748172697
|start
|switch|p1a: Terrakion|Terrakion|100/100
|switch|p2a: Skarmory|Skarmory, M|100/100
|turn|1
|
|t:|1748172711
|move|p1a: Terrakion|Taunt|p2a: Skarmory
|-start|p2a: Skarmory|move: Taunt
|cant|p2a: Skarmory|move: Taunt|Stealth Rock
|
|upkeep
|turn|2
|
|t:|1748172741
|switch|p2a: Garchomp|Garchomp, M|100/100
|move|p1a: Terrakion|Stealth Rock|p2a: Garchomp
|-sidestart|p2: scanners|move: Stealth Rock
|
|upkeep
|turn|3
|
|t:|1748172760
|switch|p1a: Garchomp|Garchomp, M|100/100
|move|p2a: Garchomp|Earthquake|p1a: Garchomp
|-damage|p1a: Garchomp|48/100
|
|upkeep
|turn|4
|
|t:|1748172783
|move|p2a: Garchomp|Earthquake|p1a: Garchomp
|-damage|p1a: Garchomp|0 fnt
|faint|p1a: Garchomp
|
|upkeep
|inactive|spliffdiff has 120 seconds left.
|
|t:|1748172822
|switch|p1a: Conkeldurr|Conkeldurr, M|100/100
|turn|5
|inactive|scanners has 120 seconds left.
|
|t:|1748172847
|switch|p2a: Skarmory|Skarmory, M|100/100
|-damage|p2a: Skarmory|88/100|[from] Stealth Rock
|move|p1a: Conkeldurr|Ice Punch|p2a: Skarmory
|-damage|p2a: Skarmory|68/100
|
|upkeep
|turn|6
|inactive|spliffdiff has 120 seconds left.
|
|t:|1748172860
|switch|p1a: Terrakion|Terrakion|100/100
|move|p2a: Skarmory|Spikes|p1a: Terrakion
|-sidestart|p1: spliffdiff|Spikes
|
|upkeep
|turn|7
|
|t:|1748172869
|switch|p2a: Landorus|Landorus-Therian, M|100/100
|-damage|p2a: Landorus|88/100|[from] Stealth Rock
|-ability|p2a: Landorus|Intimidate|boost
|-unboost|p1a: Terrakion|atk|1
|move|p1a: Terrakion|Taunt|p2a: Landorus
|-start|p2a: Landorus|move: Taunt
|
|upkeep
|turn|8
|
|t:|1748172876
|move|p1a: Terrakion|Stone Edge|p2a: Landorus
|-damage|p2a: Landorus|45/100
|move|p2a: Landorus|Earthquake|p1a: Terrakion
|-supereffective|p1a: Terrakion
|-enditem|p1a: Terrakion|Focus Sash
|-damage|p1a: Terrakion|1/100
|
|upkeep
|turn|9
|
|t:|1748172901
|move|p1a: Terrakion|Stone Edge|p2a: Landorus
|-crit|p2a: Landorus
|-damage|p2a: Landorus|0 fnt
|faint|p2a: Landorus
|
|upkeep
|
|t:|1748172904
|switch|p2a: Garchomp|Garchomp, M|100/100
|-damage|p2a: Garchomp|94/100|[from] Stealth Rock
|turn|10
|
|t:|1748172911
|move|p2a: Garchomp|Earthquake|p1a: Terrakion
|-supereffective|p1a: Terrakion
|-damage|p1a: Terrakion|0 fnt
|faint|p1a: Terrakion
|
|upkeep
|
|t:|1748172915
|switch|p1a: Conkeldurr|Conkeldurr, M|100/100
|-damage|p1a: Conkeldurr|88/100|[from] Spikes
|turn|11
|j| TheMysteriousBoy
|
|t:|1748172933
|switch|p2a: Jellicent|Jellicent, M|100/100
|-damage|p2a: Jellicent|88/100|[from] Stealth Rock
|move|p1a: Conkeldurr|Ice Punch|p2a: Jellicent
|-resisted|p2a: Jellicent
|-damage|p2a: Jellicent|72/100
|-enditem|p2a: Jellicent|Eject Button
|
|t:|1748172938
|switch|p2a: Reuniclus|Reuniclus, M|100/100
|
|upkeep
|turn|12
|
|t:|1748172953
|switch|p2a: Skarmory|Skarmory, M|68/100
|-damage|p2a: Skarmory|56/100|[from] Stealth Rock
|move|p1a: Conkeldurr|Ice Punch|p2a: Skarmory
|-damage|p2a: Skarmory|36/100
|
|upkeep
|turn|13
|
|t:|1748172957
|move|p2a: Skarmory|Stealth Rock|p1a: Conkeldurr
|-sidestart|p1: spliffdiff|move: Stealth Rock
|move|p1a: Conkeldurr|Drain Punch|p2a: Skarmory
|-damage|p2a: Skarmory|5/100
|-heal|p1a: Conkeldurr|100/100|[from] drain|[of] p2a: Skarmory
|
|upkeep
|turn|14
|-enditem|p2a: Skarmory|Custap Berry|[eat]
|-activate|p2a: Skarmory|item: Custap Berry|[consumed]
|
|t:|1748172962
|move|p1a: Conkeldurr|Mach Punch|p2a: Skarmory
|-damage|p2a: Skarmory|0 fnt
|faint|p2a: Skarmory
|
|upkeep
|
|t:|1748172967
|switch|p2a: Reuniclus|Reuniclus, M|100/100
|turn|15
|
|t:|1748172985
|move|p1a: Conkeldurr|Ice Punch|p2a: Reuniclus
|-damage|p2a: Reuniclus|72/100
|move|p2a: Reuniclus|Trick Room|p2a: Reuniclus
|-fieldstart|move: Trick Room|[of] p2a: Reuniclus
|
|upkeep
|turn|16
|j| chokewayne
|
|t:|1748172993
|move|p2a: Reuniclus|Psychic|p1a: Conkeldurr
|-supereffective|p1a: Conkeldurr
|-damage|p1a: Conkeldurr|0 fnt
|faint|p1a: Conkeldurr
|
|upkeep
|
|t:|1748173004
|switch|p1a: Honchkrow|Honchkrow, F|100/100
|-damage|p1a: Honchkrow|75/100|[from] Stealth Rock
|turn|17
|
|t:|1748173007
|switch|p2a: Tyranitar|Tyranitar, F|100/100
|-damage|p2a: Tyranitar|88/100|[from] Stealth Rock
|-weather|Sandstorm|[from] ability: Sand Stream|[of] p2a: Tyranitar
|move|p1a: Honchkrow|Sucker Punch||[still]
|-fail|p1a: Honchkrow
|
|-weather|Sandstorm|[upkeep]
|-damage|p1a: Honchkrow|69/100|[from] Sandstorm
|upkeep
|turn|18
|
|t:|1748173025
|switch|p2a: Jellicent|Jellicent, M|72/100
|-damage|p2a: Jellicent|60/100|[from] Stealth Rock
|move|p1a: Honchkrow|Brave Bird|p2a: Jellicent
|-damage|p2a: Jellicent|0 fnt
|faint|p2a: Jellicent
|-damage|p1a: Honchkrow|50/100|[from] Recoil
|
|-weather|Sandstorm|[upkeep]
|-damage|p1a: Honchkrow|44/100|[from] Sandstorm
|upkeep
|
|t:|1748173048
|switch|p2a: Tyranitar|Tyranitar, F|88/100
|-damage|p2a: Tyranitar|76/100|[from] Stealth Rock
|turn|19
|
|t:|1748173052
|move|p1a: Honchkrow|Brave Bird|p2a: Tyranitar
|-resisted|p2a: Tyranitar
|-damage|p2a: Tyranitar|43/100
|-damage|p1a: Honchkrow|34/100|[from] Recoil
|move|p2a: Tyranitar|Ice Beam|p1a: Honchkrow
|-supereffective|p1a: Honchkrow
|-damage|p1a: Honchkrow|0 fnt
|faint|p1a: Honchkrow
|
|-weather|Sandstorm|[upkeep]
|-fieldend|move: Trick Room
|upkeep
|
|t:|1748173064
|switch|p1a: Breloom|Breloom, M|100/100
|-damage|p1a: Breloom|88/100|[from] Spikes
|-damage|p1a: Breloom|82/100|[from] Stealth Rock
|turn|20
|inactive|scanners has 120 seconds left.
|
|t:|1748173118
|move|p2a: Tyranitar|Ice Beam|p1a: Breloom
|-supereffective|p1a: Breloom
|-enditem|p1a: Breloom|Yache Berry|[eat]
|-enditem|p1a: Breloom|Yache Berry|[weaken]
|-damage|p1a: Breloom|42/100
|-status|p1a: Breloom|frz
|cant|p1a: Breloom|frz
|
|-weather|Sandstorm|[upkeep]
|-damage|p1a: Breloom|36/100 frz|[from] Sandstorm
|upkeep
|turn|21
|-message|spliffdiff forfeited.
|
|win|scanners
|raw|spliffdiff's rating: 1445 &rarr; <strong>1428</strong><br />(-17 for losing)
|raw|scanners's rating: 1489 &rarr; <strong>1506</strong><br />(+17 for winning)
|l|☆spliffdiff
|player|p1|
