|j|☆SadisticLust
|j|☆alvar03
|player|p1|SadisticLust|169|1288
|player|p2|alvar03|red|1430
|teamsize|p1|6
|teamsize|p2|6
|gametype|singles
|gen|5
|tier|[Gen 5] OU
|rated|
|clearpoke
|poke|p1|Politoed, F|item
|poke|p1|Breloom, F|item
|poke|p1|Scizor, F|item
|poke|p1|Latios, M|item
|poke|p1|Keldeo|item
|poke|p1|Jirachi|item
|poke|p2|Ninetales, M|item
|poke|p2|Heatran, M|item
|poke|p2|Cresselia, F|item
|poke|p2|Chansey, F|item
|poke|p2|Volcarona, M|item
|poke|p2|Espeon, M|item
|rule|Species Clause: Limit one of each Pokémon
|rule|OHKO Clause: OHKO moves are banned
|rule|Moody Clause: Moody is banned
|rule|Evasion Moves Clause: Evasion moves are banned
|rule|Endless Battle Clause: Forcing endless battles is banned
|rule|HP Percentage Mod: HP is shown in percentages
|rule|Evasion Abilities Clause: Evasion abilities are banned
|rule|Baton Pass Clause: Limit one Baton Passer, can't pass Spe and other stats simultaneously
|rule|Sleep Clause: Sleep-inducing moves are banned
|rule|Swagger Clause: Swagger is banned
|teampreview
|
|start
|switch|p1a: Jirachi|Jirachi|100/100
|switch|p2a: Chansey|Chansey, F|100/100
|turn|1
|inactive|Battle timer is ON: inactive players will automatically lose when time's up. (requested by alvar03)
|
|switch|p2a: Espeon|Espeon, M|100/100
|move|p1a: Jirachi|Stealth Rock|p2a: Espeon
|move|p2a: Espeon|Stealth Rock|p1a: Jirachi|[from]Magic Bounce
|-sidestart|p1: SadisticLust|move: Stealth Rock
|
|upkeep
|turn|2
|
|move|p2a: Espeon|Reflect|p2a: Espeon
|-sidestart|p2: alvar03|Reflect
|move|p1a: Jirachi|U-turn|p2a: Espeon
|-supereffective|p2a: Espeon
|-damage|p2a: Espeon|79/100
|
|switch|p1a: Scizor|Scizor, F|100/100|[from]move: U-turn
|-damage|p1a: Scizor|88/100|[from] Stealth Rock
|
|upkeep
|turn|3
|
|move|p2a: Espeon|Baton Pass|p2a: Espeon
|
|switch|p2a: Heatran|Heatran, M|100/100|[from]move: Baton Pass
|move|p1a: Scizor|U-turn|p2a: Heatran
|-resisted|p2a: Heatran
|-damage|p2a: Heatran|93/100
|
|switch|p1a: Moody Blues|Politoed, F, shiny|100/100|[from]move: U-turn
|-damage|p1a: Moody Blues|88/100|[from] Stealth Rock
|-weather|RainDance|[from] ability: Drizzle|[of] p1a: Moody Blues
|
|-weather|RainDance|[upkeep]
|-heal|p1a: Moody Blues|94/100|[from] item: Leftovers
|upkeep
|turn|4
|
|switch|p1a: Scizor|Scizor, F|88/100
|-damage|p1a: Scizor|76/100|[from] Stealth Rock
|move|p2a: Heatran|Sunny Day|p2a: Heatran
|-weather|SunnyDay
|
|-weather|SunnyDay|[upkeep]
|upkeep
|turn|5
|
|switch|p1a: Moody Blues|Politoed, F, shiny|94/100
|-damage|p1a: Moody Blues|82/100|[from] Stealth Rock
|-weather|RainDance|[from] ability: Drizzle|[of] p1a: Moody Blues
|move|p2a: Heatran|Magma Storm|p1a: Moody Blues
|-resisted|p1a: Moody Blues
|-damage|p1a: Moody Blues|68/100
|-activate|p1a: Moody Blues|move: Magma Storm|[of] p2a: Heatran
|
|-weather|RainDance|[upkeep]
|-heal|p1a: Moody Blues|74/100|[from] item: Leftovers
|-damage|p1a: Moody Blues|68/100|[from] move: Magma Storm|[partiallytrapped]
|upkeep
|turn|6
|
|move|p2a: Heatran|Sunny Day|p2a: Heatran
|-weather|SunnyDay
|move|p1a: Moody Blues|Encore|p2a: Heatran
|-start|p2a: Heatran|Encore
|
|-weather|SunnyDay|[upkeep]
|-heal|p1a: Moody Blues|74/100|[from] item: Leftovers
|-damage|p1a: Moody Blues|68/100|[from] move: Magma Storm|[partiallytrapped]
|upkeep
|turn|7
|
|move|p2a: Heatran|Sunny Day||[still]
|-fail|p2a: Heatran
|move|p1a: Moody Blues|Scald|p2a: Heatran
|-supereffective|p2a: Heatran
|-damage|p2a: Heatran|71/100
|
|-weather|SunnyDay|[upkeep]
|-heal|p1a: Moody Blues|74/100|[from] item: Leftovers
|-damage|p1a: Moody Blues|68/100|[from] move: Magma Storm|[partiallytrapped]
|upkeep
|turn|8
|
|move|p2a: Heatran|Sunny Day||[still]
|-fail|p2a: Heatran
|move|p1a: Moody Blues|Scald|p2a: Heatran
|-supereffective|p2a: Heatran
|-damage|p2a: Heatran|46/100
|
|-weather|SunnyDay|[upkeep]
|-heal|p1a: Moody Blues|74/100|[from] item: Leftovers
|-damage|p1a: Moody Blues|68/100|[from] move: Magma Storm|[partiallytrapped]
|upkeep
|turn|9
|
|move|p2a: Heatran|Sunny Day||[still]
|-fail|p2a: Heatran
|move|p1a: Moody Blues|Scald|p2a: Heatran
|-supereffective|p2a: Heatran
|-damage|p2a: Heatran|21/100
|
|-weather|SunnyDay|[upkeep]
|-heal|p1a: Moody Blues|74/100|[from] item: Leftovers
|-end|p1a: Moody Blues|Magma Storm|[partiallytrapped]
|-end|p2a: Heatran|Encore
|-sideend|p2: alvar03|Reflect
|upkeep
|turn|10
|
|move|p1a: Moody Blues|Protect|p1a: Moody Blues
|-singleturn|p1a: Moody Blues|Protect
|move|p2a: Heatran|Solar Beam||[still]
|-prepare|p2a: Heatran|Solar Beam|p1a: Moody Blues
|-anim|p2a: Heatran|Solar Beam|p1a: Moody Blues
|-activate|p1a: Moody Blues|move: Protect
|
|-weather|none
|-heal|p1a: Moody Blues|80/100|[from] item: Leftovers
|upkeep
|turn|11
|
|switch|p2a: Ninetales|Ninetales, M|100/100
|-weather|SunnyDay|[from] ability: Drought|[of] p2a: Ninetales
|move|p1a: Moody Blues|Scald|p2a: Ninetales
|-supereffective|p2a: Ninetales
|-damage|p2a: Ninetales|76/100
|
|-weather|SunnyDay|[upkeep]
|-heal|p2a: Ninetales|82/100|[from] item: Leftovers
|-heal|p1a: Moody Blues|87/100|[from] item: Leftovers
|upkeep
|turn|12
|
|move|p1a: Moody Blues|Protect|p1a: Moody Blues
|-singleturn|p1a: Moody Blues|Protect
|move|p2a: Ninetales|Flamethrower|p1a: Moody Blues
|-activate|p1a: Moody Blues|move: Protect
|
|-weather|SunnyDay|[upkeep]
|-heal|p2a: Ninetales|88/100|[from] item: Leftovers
|-heal|p1a: Moody Blues|93/100|[from] item: Leftovers
|upkeep
|turn|13
|
|switch|p1a: Latios|Latios, M, shiny|100/100
|-damage|p1a: Latios|88/100|[from] Stealth Rock
|move|p2a: Ninetales|Will-O-Wisp|p1a: Latios
|-status|p1a: Latios|brn
|
|-weather|SunnyDay|[upkeep]
|-heal|p2a: Ninetales|94/100|[from] item: Leftovers
|-damage|p1a: Latios|76/100 brn|[from] brn
|upkeep
|turn|14
|
|move|p2a: Ninetales|Protect|p2a: Ninetales
|-singleturn|p2a: Ninetales|Protect
|move|p1a: Latios|Trick|p2a: Ninetales
|-activate|p2a: Ninetales|move: Protect
|
|-weather|SunnyDay|[upkeep]
|-heal|p2a: Ninetales|99/100|[from] item: Leftovers
|-damage|p1a: Latios|64/100 brn|[from] brn
|upkeep
|turn|15
|
|move|p1a: Latios|Trick|p2a: Ninetales
|-activate|p1a: Latios|move: Trick|[of] p2a: Ninetales
|-item|p2a: Ninetales|Flame Orb|[from] move: Trick
|-item|p1a: Latios|Leftovers|[from] move: Trick
|move|p2a: Ninetales|Flamethrower|p1a: Latios
|-resisted|p1a: Latios
|-damage|p1a: Latios|41/100 brn
|
|-weather|SunnyDay|[upkeep]
|-heal|p1a: Latios|47/100 brn|[from] item: Leftovers
|-damage|p1a: Latios|35/100 brn|[from] brn
|upkeep
|turn|16
|
|move|p1a: Latios|Recover|p1a: Latios
|-heal|p1a: Latios|85/100 brn
|move|p2a: Ninetales|Will-O-Wisp|p1a: Latios
|-fail|p1a: Latios|brn
|
|-weather|SunnyDay|[upkeep]
|-heal|p1a: Latios|91/100 brn|[from] item: Leftovers
|-damage|p1a: Latios|79/100 brn|[from] brn
|upkeep
|turn|17
|
|move|p2a: Ninetales|Protect|p2a: Ninetales
|-singleturn|p2a: Ninetales|Protect
|move|p1a: Latios|Draco Meteor|p2a: Ninetales
|-activate|p2a: Ninetales|move: Protect
|
|-weather|SunnyDay|[upkeep]
|-heal|p1a: Latios|85/100 brn|[from] item: Leftovers
|-damage|p1a: Latios|72/100 brn|[from] brn
|upkeep
|turn|18
|
|switch|p1a: Moody Blues|Politoed, F, shiny|93/100
|-damage|p1a: Moody Blues|80/100|[from] Stealth Rock
|-weather|RainDance|[from] ability: Drizzle|[of] p1a: Moody Blues
|switch|p2a: Chansey|Chansey, F|100/100
|
|-weather|RainDance|[upkeep]
|-heal|p1a: Moody Blues|87/100|[from] item: Leftovers
|upkeep
|turn|19
|
|switch|p1a: Scizor|Scizor, F|76/100
|-damage|p1a: Scizor|64/100|[from] Stealth Rock
|switch|p2a: Ninetales|Ninetales, M|99/100
|-weather|SunnyDay|[from] ability: Drought|[of] p2a: Ninetales
|
|-weather|SunnyDay|[upkeep]
|upkeep
|turn|20
|
|switch|p1a: Latios|Latios, M, shiny|72/100 brn
|-damage|p1a: Latios|60/100 brn|[from] Stealth Rock
|move|p2a: Ninetales|Flamethrower|p1a: Latios
|-resisted|p1a: Latios
|-damage|p1a: Latios|39/100 brn
|
|-weather|SunnyDay|[upkeep]
|-heal|p1a: Latios|45/100 brn|[from] item: Leftovers
|-damage|p1a: Latios|32/100 brn|[from] brn
|upkeep
|turn|21
|
|switch|p2a: Chansey|Chansey, F|100/100
|move|p1a: Latios|Recover|p1a: Latios
|-heal|p1a: Latios|83/100 brn
|
|-weather|SunnyDay|[upkeep]
|-heal|p1a: Latios|89/100 brn|[from] item: Leftovers
|-damage|p1a: Latios|76/100 brn|[from] brn
|upkeep
|turn|22
|
|move|p1a: Latios|Trick|p2a: Chansey
|-activate|p1a: Latios|move: Trick|[of] p2a: Chansey
|-item|p2a: Chansey|Leftovers|[from] move: Trick
|-item|p1a: Latios|Eviolite|[from] move: Trick
|move|p2a: Chansey|Seismic Toss|p1a: Latios
|-damage|p1a: Latios|43/100 brn
|
|-weather|SunnyDay|[upkeep]
|-damage|p1a: Latios|31/100 brn|[from] brn
|upkeep
|turn|23
|
|move|p1a: Latios|Recover|p1a: Latios
|-heal|p1a: Latios|81/100 brn
|move|p2a: Chansey|Seismic Toss|p1a: Latios
|-damage|p1a: Latios|48/100 brn
|
|-weather|SunnyDay|[upkeep]
|-damage|p1a: Latios|35/100 brn|[from] brn
|upkeep
|turn|24
|
|move|p1a: Latios|Recover|p1a: Latios
|-heal|p1a: Latios|86/100 brn
|move|p2a: Chansey|Seismic Toss|p1a: Latios
|-damage|p1a: Latios|52/100 brn
|
|-weather|SunnyDay|[upkeep]
|-damage|p1a: Latios|40/100 brn|[from] brn
|upkeep
|turn|25
|
|move|p1a: Latios|Recover|p1a: Latios
|-heal|p1a: Latios|90/100 brn
|move|p2a: Chansey|Seismic Toss|p1a: Latios
|-damage|p1a: Latios|57/100 brn
|
|-weather|SunnyDay|[upkeep]
|-damage|p1a: Latios|45/100 brn|[from] brn
|upkeep
|turn|26
|
|switch|p1a: Breloom|Breloom, F, shiny|100/100
|-damage|p1a: Breloom|94/100|[from] Stealth Rock
|move|p2a: Chansey|Seismic Toss|p1a: Breloom
|-damage|p1a: Breloom|63/100
|
|-weather|SunnyDay|[upkeep]
|-status|p1a: Breloom|tox|[from] item: Toxic Orb
|upkeep
|turn|27
|
|switch|p2a: Cresselia|Cresselia, F|100/100
|move|p1a: Breloom|Drain Punch|p2a: Cresselia
|-resisted|p2a: Cresselia
|-damage|p2a: Cresselia|91/100
|-heal|p1a: Breloom|69/100 tox|[from] drain|[of] p2a: Cresselia
|
|-weather|SunnyDay|[upkeep]
|-heal|p2a: Cresselia|98/100|[from] item: Leftovers
|-heal|p1a: Breloom|82/100 tox|[from] ability: Poison Heal
|upkeep
|turn|28
|
|switch|p1a: Moody Blues|Politoed, F, shiny|87/100
|-damage|p1a: Moody Blues|74/100|[from] Stealth Rock
|-weather|RainDance|[from] ability: Drizzle|[of] p1a: Moody Blues
|move|p2a: Cresselia|Hidden Power|p1a: Moody Blues
|-resisted|p1a: Moody Blues
|-damage|p1a: Moody Blues|72/100
|
|-weather|RainDance|[upkeep]
|-heal|p2a: Cresselia|100/100|[from] item: Leftovers
|-heal|p1a: Moody Blues|78/100|[from] item: Leftovers
|upkeep
|turn|29
|
|switch|p2a: Ninetales|Ninetales, M|99/100
|-weather|SunnyDay|[from] ability: Drought|[of] p2a: Ninetales
|move|p1a: Moody Blues|Toxic|p2a: Ninetales
|-status|p2a: Ninetales|tox
|
|-weather|SunnyDay|[upkeep]
|-heal|p1a: Moody Blues|84/100|[from] item: Leftovers
|-damage|p2a: Ninetales|94/100 tox|[from] psn
|upkeep
|turn|30
|
|switch|p2a: Volcarona|Volcarona, M|100/100
|move|p1a: Moody Blues|Protect||[still]
|-fail|p1a: Moody Blues
|
|-weather|SunnyDay|[upkeep]
|-heal|p1a: Moody Blues|90/100|[from] item: Leftovers
|upkeep
|turn|31
|
|move|p2a: Volcarona|Quiver Dance|p2a: Volcarona
|-boost|p2a: Volcarona|spa|1
|-boost|p2a: Volcarona|spd|1
|-boost|p2a: Volcarona|spe|1
|move|p1a: Moody Blues|Encore|p2a: Volcarona
|-start|p2a: Volcarona|Encore
|
|-weather|SunnyDay|[upkeep]
|-heal|p1a: Moody Blues|97/100|[from] item: Leftovers
|upkeep
|turn|32
|
|switch|p2a: Espeon|Espeon, M|79/100
|switch|p1a: Keldeo|Keldeo|100/100
|-damage|p1a: Keldeo|94/100|[from] Stealth Rock
|
|-weather|SunnyDay|[upkeep]
|upkeep
|turn|33
|
|switch|p1a: Jirachi|Jirachi|100/100
|-damage|p1a: Jirachi|94/100|[from] Stealth Rock
|move|p2a: Espeon|Light Screen|p2a: Espeon
|-sidestart|p2: alvar03|move: Light Screen
|
|-weather|SunnyDay|[upkeep]
|-heal|p1a: Jirachi|100/100|[from] item: Leftovers
|upkeep
|turn|34
|
|move|p2a: Espeon|Reflect|p2a: Espeon
|-sidestart|p2: alvar03|Reflect
|move|p1a: Jirachi|U-turn|p2a: Espeon
|-supereffective|p2a: Espeon
|-damage|p2a: Espeon|55/100
|
|switch|p1a: Scizor|Scizor, F|64/100|[from]move: U-turn
|-damage|p1a: Scizor|52/100|[from] Stealth Rock
|
|-weather|SunnyDay|[upkeep]
|upkeep
|turn|35
|
|move|p2a: Espeon|Baton Pass|p2a: Espeon
|
|switch|p2a: Volcarona|Volcarona, M|100/100|[from]move: Baton Pass
|move|p1a: Scizor|Pursuit|p2a: Volcarona
|-damage|p2a: Volcarona|76/100
|
|-weather|SunnyDay|[upkeep]
|upkeep
|turn|36
|
|switch|p1a: Moody Blues|Politoed, F, shiny|97/100
|-damage|p1a: Moody Blues|84/100|[from] Stealth Rock
|-weather|RainDance|[from] ability: Drizzle|[of] p1a: Moody Blues
|move|p2a: Volcarona|Quiver Dance|p2a: Volcarona
|-boost|p2a: Volcarona|spa|1
|-boost|p2a: Volcarona|spd|1
|-boost|p2a: Volcarona|spe|1
|
|-weather|RainDance|[upkeep]
|-heal|p1a: Moody Blues|90/100|[from] item: Leftovers
|upkeep
|turn|37
|
|switch|p1a: Latios|Latios, M, shiny|45/100 brn
|-damage|p1a: Latios|32/100 brn|[from] Stealth Rock
|move|p2a: Volcarona|Bug Buzz|p1a: Latios
|-supereffective|p1a: Latios
|-damage|p1a: Latios|0 fnt
|faint|p1a: Latios
|
|-weather|RainDance|[upkeep]
|upkeep
|
|switch|p1a: Keldeo|Keldeo|94/100
|-damage|p1a: Keldeo|88/100|[from] Stealth Rock
|turn|38
|
|switch|p2a: Chansey|Chansey, F|100/100
|move|p1a: Keldeo|Hydro Pump|p2a: Chansey
|-damage|p2a: Chansey|80/100
|
|-weather|RainDance|[upkeep]
|-heal|p2a: Chansey|86/100|[from] item: Leftovers
|upkeep
|turn|39
|
|switch|p1a: Jirachi|Jirachi|100/100
|-damage|p1a: Jirachi|94/100|[from] Stealth Rock
|switch|p2a: Ninetales|Ninetales, M|94/100 tox
|-weather|SunnyDay|[from] ability: Drought|[of] p2a: Ninetales
|
|-weather|SunnyDay|[upkeep]
|-heal|p1a: Jirachi|100/100|[from] item: Leftovers
|-damage|p2a: Ninetales|88/100 tox|[from] psn
|upkeep
|turn|40
|
|switch|p2a: Espeon|Espeon, M|55/100
|switch|p1a: Moody Blues|Politoed, F, shiny|90/100
|-damage|p1a: Moody Blues|78/100|[from] Stealth Rock
|-weather|RainDance|[from] ability: Drizzle|[of] p1a: Moody Blues
|
|-weather|RainDance|[upkeep]
|-heal|p1a: Moody Blues|84/100|[from] item: Leftovers
|-sideend|p2: alvar03|move: Light Screen
|upkeep
|turn|41
|
|move|p2a: Espeon|Light Screen|p2a: Espeon
|-sidestart|p2: alvar03|move: Light Screen
|move|p1a: Moody Blues|Scald|p2a: Espeon
|-damage|p2a: Espeon|33/100
|-status|p2a: Espeon|brn
|
|-weather|RainDance|[upkeep]
|-heal|p1a: Moody Blues|90/100|[from] item: Leftovers
|-damage|p2a: Espeon|21/100 brn|[from] brn
|-sideend|p2: alvar03|Reflect
|upkeep
|turn|42
|
|move|p2a: Espeon|Baton Pass|p2a: Espeon
|
|switch|p2a: Ninetales|Ninetales, M|88/100 tox|[from]move: Baton Pass
|-weather|SunnyDay|[from] ability: Drought|[of] p2a: Ninetales
|move|p1a: Moody Blues|Scald|p2a: Ninetales
|-supereffective|p2a: Ninetales
|-damage|p2a: Ninetales|77/100 tox
|
|-weather|SunnyDay|[upkeep]
|-heal|p1a: Moody Blues|97/100|[from] item: Leftovers
|-damage|p2a: Ninetales|71/100 tox|[from] psn
|upkeep
|turn|43
|
|switch|p2a: Heatran|Heatran, M|21/100
|move|p1a: Moody Blues|Scald|p2a: Heatran
|-supereffective|p2a: Heatran
|-damage|p2a: Heatran|9/100
|
|-weather|SunnyDay|[upkeep]
|-heal|p1a: Moody Blues|100/100|[from] item: Leftovers
|upkeep
|turn|44
|
|move|p1a: Moody Blues|Protect|p1a: Moody Blues
|-singleturn|p1a: Moody Blues|Protect
|move|p2a: Heatran|Solar Beam||[still]
|-prepare|p2a: Heatran|Solar Beam|p1a: Moody Blues
|-anim|p2a: Heatran|Solar Beam|p1a: Moody Blues
|-activate|p1a: Moody Blues|move: Protect
|
|-weather|SunnyDay|[upkeep]
|upkeep
|turn|45
|
|switch|p1a: Jirachi|Jirachi|100/100
|-damage|p1a: Jirachi|94/100|[from] Stealth Rock
|move|p2a: Heatran|Solar Beam||[still]
|-prepare|p2a: Heatran|Solar Beam|p1a: Jirachi
|-anim|p2a: Heatran|Solar Beam|p1a: Jirachi
|-resisted|p1a: Jirachi
|-damage|p1a: Jirachi|79/100
|
|-weather|SunnyDay|[upkeep]
|-heal|p1a: Jirachi|86/100|[from] item: Leftovers
|upkeep
|turn|46
|
|switch|p2a: Espeon|Espeon, M|21/100 brn
|switch|p1a: Moody Blues|Politoed, F, shiny|100/100
|-damage|p1a: Moody Blues|88/100|[from] Stealth Rock
|-weather|RainDance|[from] ability: Drizzle|[of] p1a: Moody Blues
|
|-weather|RainDance|[upkeep]
|-heal|p1a: Moody Blues|94/100|[from] item: Leftovers
|-damage|p2a: Espeon|9/100 brn|[from] brn
|upkeep
|turn|47
|
|move|p2a: Espeon|Baton Pass|p2a: Espeon
|
|switch|p2a: Chansey|Chansey, F|86/100|[from]move: Baton Pass
|move|p1a: Moody Blues|Scald|p2a: Chansey
|-damage|p2a: Chansey|77/100
|
|-weather|RainDance|[upkeep]
|-heal|p1a: Moody Blues|100/100|[from] item: Leftovers
|-heal|p2a: Chansey|83/100|[from] item: Leftovers
|upkeep
|turn|48
|
|switch|p1a: Breloom|Breloom, F, shiny|82/100 tox
|-damage|p1a: Breloom|75/100 tox|[from] Stealth Rock
|move|p2a: Chansey|Heal Bell|p2a: Chansey
|-activate|p2a: Chansey|move: Heal Bell
|-curestatus|p2: Ninetales|tox|[msg]
|-curestatus|p2: Espeon|brn|[msg]
|
|-weather|RainDance|[upkeep]
|-heal|p2a: Chansey|89/100|[from] item: Leftovers
|-heal|p1a: Breloom|88/100 tox|[from] ability: Poison Heal
|-sideend|p2: alvar03|move: Light Screen
|upkeep
|turn|49
|
|switch|p1a: Scizor|Scizor, F|52/100
|-damage|p1a: Scizor|39/100|[from] Stealth Rock
|switch|p2a: Cresselia|Cresselia, F|100/100
|
|-weather|RainDance|[upkeep]
|upkeep
|turn|50
|
|move|p2a: Cresselia|Hidden Power|p1a: Scizor
|-supereffective|p1a: Scizor
|-damage|p1a: Scizor|11/100
|move|p1a: Scizor|Pursuit|p2a: Cresselia
|-supereffective|p2a: Cresselia
|-damage|p2a: Cresselia|69/100
|
|-weather|RainDance|[upkeep]
|-heal|p2a: Cresselia|75/100|[from] item: Leftovers
|upkeep
|turn|51
|
|switch|p2a: Ninetales|Ninetales, M|71/100
|-weather|SunnyDay|[from] ability: Drought|[of] p2a: Ninetales
|switch|p1a: Jirachi|Jirachi|86/100
|-damage|p1a: Jirachi|79/100|[from] Stealth Rock
|
|-weather|SunnyDay|[upkeep]
|-heal|p1a: Jirachi|86/100|[from] item: Leftovers
|upkeep
|turn|52
|
|move|p2a: Ninetales|Flamethrower|p1a: Jirachi
|-supereffective|p1a: Jirachi
|-damage|p1a: Jirachi|23/100
|move|p1a: Jirachi|Thunder|p2a: Ninetales|[miss]
|-miss|p1a: Jirachi|p2a: Ninetales
|
|-weather|SunnyDay|[upkeep]
|-heal|p1a: Jirachi|29/100|[from] item: Leftovers
|upkeep
|turn|53
|
|switch|p1a: Moody Blues|Politoed, F, shiny|100/100
|-damage|p1a: Moody Blues|88/100|[from] Stealth Rock
|-weather|RainDance|[from] ability: Drizzle|[of] p1a: Moody Blues
|move|p2a: Ninetales|Flamethrower|p1a: Moody Blues
|-resisted|p1a: Moody Blues
|-damage|p1a: Moody Blues|82/100
|
|-weather|RainDance|[upkeep]
|-heal|p1a: Moody Blues|88/100|[from] item: Leftovers
|upkeep
|turn|54
|
|switch|p2a: Chansey|Chansey, F|89/100
|move|p1a: Moody Blues|Scald|p2a: Chansey
|-damage|p2a: Chansey|70/100
|-status|p2a: Chansey|brn
|
|-weather|RainDance|[upkeep]
|-heal|p1a: Moody Blues|94/100|[from] item: Leftovers
|-heal|p2a: Chansey|76/100 brn|[from] item: Leftovers
|-damage|p2a: Chansey|64/100 brn|[from] brn
|upkeep
|turn|55
|
|switch|p1a: Scizor|Scizor, F|11/100
|-damage|p1a: Scizor|0 fnt|[from] Stealth Rock
|faint|p1a: Scizor
|move|p2a: Chansey|Soft-Boiled|p2a: Chansey
|-heal|p2a: Chansey|100/100 brn
|
|-weather|RainDance|[upkeep]
|-damage|p2a: Chansey|88/100 brn|[from] brn
|upkeep
|
|switch|p1a: Jirachi|Jirachi|29/100
|-damage|p1a: Jirachi|23/100|[from] Stealth Rock
|turn|56
|
|switch|p2a: Espeon|Espeon, M|9/100
|move|p1a: Jirachi|U-turn|p2a: Espeon
|-supereffective|p2a: Espeon
|-damage|p2a: Espeon|0 fnt
|faint|p2a: Espeon
|
|switch|p1a: Keldeo|Keldeo|88/100|[from]move: U-turn
|-damage|p1a: Keldeo|82/100|[from] Stealth Rock
|
|-weather|RainDance|[upkeep]
|upkeep
|
|switch|p2a: Cresselia|Cresselia, F|75/100
|turn|57
|
|switch|p1a: Jirachi|Jirachi|23/100
|-damage|p1a: Jirachi|16/100|[from] Stealth Rock
|switch|p2a: Chansey|Chansey, F|88/100
|
|-weather|RainDance|[upkeep]
|-heal|p1a: Jirachi|23/100|[from] item: Leftovers
|-heal|p2a: Chansey|94/100|[from] item: Leftovers
|upkeep
|turn|58
|
|move|p1a: Jirachi|Stealth Rock|p2a: Chansey
|-sidestart|p2: alvar03|move: Stealth Rock
|move|p2a: Chansey|Seismic Toss|p1a: Jirachi
|-damage|p1a: Jirachi|0 fnt
|faint|p1a: Jirachi
|
|-weather|RainDance|[upkeep]
|-heal|p2a: Chansey|99/100|[from] item: Leftovers
|upkeep
|
|switch|p1a: Breloom|Breloom, F, shiny|88/100 tox
|-damage|p1a: Breloom|82/100 tox|[from] Stealth Rock
|turn|59
|
|switch|p2a: Heatran|Heatran, M|9/100
|-damage|p2a: Heatran|0 fnt|[from] Stealth Rock
|faint|p2a: Heatran
|move|p1a: Breloom|Drain Punch|p2: Heatran|[notarget]
|-fail|p1a: Breloom
|
|-weather|RainDance|[upkeep]
|-heal|p1a: Breloom|94/100 tox|[from] ability: Poison Heal
|upkeep
|
|switch|p2a: Ninetales|Ninetales, M|71/100
|-damage|p2a: Ninetales|46/100|[from] Stealth Rock
|-weather|SunnyDay|[from] ability: Drought|[of] p2a: Ninetales
|turn|60
|
|switch|p2a: Cresselia|Cresselia, F|75/100
|-damage|p2a: Cresselia|63/100|[from] Stealth Rock
|switch|p1a: Moody Blues|Politoed, F, shiny|94/100
|-damage|p1a: Moody Blues|82/100|[from] Stealth Rock
|-weather|RainDance|[from] ability: Drizzle|[of] p1a: Moody Blues
|
|-weather|RainDance|[upkeep]
|-heal|p2a: Cresselia|69/100|[from] item: Leftovers
|-heal|p1a: Moody Blues|88/100|[from] item: Leftovers
|upkeep
|turn|61
|
|switch|p2a: Chansey|Chansey, F|99/100
|-damage|p2a: Chansey|88/100|[from] Stealth Rock
|move|p1a: Moody Blues|Toxic|p2a: Chansey
|-status|p2a: Chansey|tox
|
|-weather|RainDance|[upkeep]
|-heal|p1a: Moody Blues|94/100|[from] item: Leftovers
|-heal|p2a: Chansey|94/100 tox|[from] item: Leftovers
|-damage|p2a: Chansey|88/100 tox|[from] psn
|upkeep
|turn|62
|
|switch|p1a: Breloom|Breloom, F, shiny|94/100 tox
|-damage|p1a: Breloom|88/100 tox|[from] Stealth Rock
|-curestatus|p2a: Chansey|tox|[from] ability: Natural Cure
|switch|p2a: Cresselia|Cresselia, F|69/100
|-damage|p2a: Cresselia|57/100|[from] Stealth Rock
|
|-weather|RainDance|[upkeep]
|-heal|p2a: Cresselia|63/100|[from] item: Leftovers
|-heal|p1a: Breloom|100/100 tox|[from] ability: Poison Heal
|upkeep
|turn|63
|
|move|p1a: Breloom|Protect|p1a: Breloom
|-singleturn|p1a: Breloom|Protect
|move|p2a: Cresselia|Psychic|p1a: Breloom
|-activate|p1a: Breloom|move: Protect
|
|-weather|RainDance|[upkeep]
|-heal|p2a: Cresselia|69/100|[from] item: Leftovers
|upkeep
|turn|64
|
|switch|p1a: Moody Blues|Politoed, F, shiny|94/100
|-damage|p1a: Moody Blues|82/100|[from] Stealth Rock
|move|p2a: Cresselia|Calm Mind|p2a: Cresselia
|-boost|p2a: Cresselia|spa|1
|-boost|p2a: Cresselia|spd|1
|
|-weather|RainDance|[upkeep]
|-heal|p2a: Cresselia|75/100|[from] item: Leftovers
|-heal|p1a: Moody Blues|88/100|[from] item: Leftovers
|upkeep
|turn|65
|
|move|p2a: Cresselia|Psychic|p1a: Moody Blues
|-damage|p1a: Moody Blues|58/100
|-unboost|p1a: Moody Blues|spd|1
|move|p1a: Moody Blues|Toxic|p2a: Cresselia
|-status|p2a: Cresselia|tox
|
|-weather|RainDance|[upkeep]
|-heal|p2a: Cresselia|81/100 tox|[from] item: Leftovers
|-heal|p1a: Moody Blues|64/100|[from] item: Leftovers
|-damage|p2a: Cresselia|75/100 tox|[from] psn
|upkeep
|turn|66
|
|move|p1a: Moody Blues|Protect|p1a: Moody Blues
|-singleturn|p1a: Moody Blues|Protect
|move|p2a: Cresselia|Calm Mind|p2a: Cresselia
|-boost|p2a: Cresselia|spa|1
|-boost|p2a: Cresselia|spd|1
|
|-weather|RainDance|[upkeep]
|-heal|p2a: Cresselia|81/100 tox|[from] item: Leftovers
|-heal|p1a: Moody Blues|70/100|[from] item: Leftovers
|-damage|p2a: Cresselia|69/100 tox|[from] psn
|upkeep
|turn|67
|
|move|p2a: Cresselia|Psychic|p1a: Moody Blues
|-damage|p1a: Moody Blues|3/100
|move|p1a: Moody Blues|Encore|p2a: Cresselia
|-start|p2a: Cresselia|Encore
|
|-weather|RainDance|[upkeep]
|-heal|p2a: Cresselia|75/100 tox|[from] item: Leftovers
|-heal|p1a: Moody Blues|10/100|[from] item: Leftovers
|-damage|p2a: Cresselia|57/100 tox|[from] psn
|upkeep
|turn|68
|
|move|p1a: Moody Blues|Protect|p1a: Moody Blues
|-singleturn|p1a: Moody Blues|Protect
|move|p2a: Cresselia|Psychic|p1a: Moody Blues
|-activate|p1a: Moody Blues|move: Protect
|
|-weather|RainDance|[upkeep]
|-heal|p2a: Cresselia|63/100 tox|[from] item: Leftovers
|-heal|p1a: Moody Blues|16/100|[from] item: Leftovers
|-damage|p2a: Cresselia|39/100 tox|[from] psn
|upkeep
|turn|69
|
|move|p1a: Moody Blues|Protect|p1a: Moody Blues
|-singleturn|p1a: Moody Blues|Protect
|move|p2a: Cresselia|Psychic|p1a: Moody Blues
|-activate|p1a: Moody Blues|move: Protect
|
|-weather|RainDance|[upkeep]
|-heal|p2a: Cresselia|45/100 tox|[from] item: Leftovers
|-heal|p1a: Moody Blues|22/100|[from] item: Leftovers
|-damage|p2a: Cresselia|14/100 tox|[from] psn
|upkeep
|turn|70
|
|move|p1a: Moody Blues|Protect||[still]
|-fail|p1a: Moody Blues
|move|p2a: Cresselia|Psychic|p1a: Moody Blues
|-damage|p1a: Moody Blues|0 fnt
|faint|p1a: Moody Blues
|
|-weather|RainDance|[upkeep]
|-heal|p2a: Cresselia|20/100 tox|[from] item: Leftovers
|-damage|p2a: Cresselia|0 fnt|[from] psn
|faint|p2a: Cresselia
|upkeep
|
|switch|p2a: Ninetales|Ninetales, M|46/100
|switch|p1a: Keldeo|Keldeo|82/100
|-damage|p1a: Keldeo|76/100|[from] Stealth Rock
|-damage|p2a: Ninetales|21/100|[from] Stealth Rock
|-weather|SunnyDay|[from] ability: Drought|[of] p2a: Ninetales
|turn|71
|
|move|p2a: Ninetales|Protect|p2a: Ninetales
|-singleturn|p2a: Ninetales|Protect
|move|p1a: Keldeo|Secret Sword|p2a: Ninetales
|-activate|p2a: Ninetales|move: Protect
|
|-weather|SunnyDay|[upkeep]
|upkeep
|turn|72
|j| Nalorium
|
|move|p1a: Keldeo|Secret Sword|p2a: Ninetales
|-damage|p2a: Ninetales|0 fnt
|faint|p2a: Ninetales
|
|-weather|SunnyDay|[upkeep]
|upkeep
|
|switch|p2a: Volcarona|Volcarona, M|76/100
|-damage|p2a: Volcarona|26/100|[from] Stealth Rock
|turn|73
|
|move|p1a: Keldeo|Secret Sword|p2a: Volcarona
|-resisted|p2a: Volcarona
|-crit|p2a: Volcarona
|-damage|p2a: Volcarona|0 fnt
|faint|p2a: Volcarona
|
|-weather|SunnyDay|[upkeep]
|upkeep
|
|switch|p2a: Chansey|Chansey, F|88/100
|-damage|p2a: Chansey|76/100|[from] Stealth Rock
|turn|74
|
|move|p1a: Keldeo|Secret Sword|p2a: Chansey
|-supereffective|p2a: Chansey
|-damage|p2a: Chansey|0 fnt
|faint|p2a: Chansey
|
|win|SadisticLust
|c|☆alvar03|gg
|c|☆SadisticLust|gg
|l|☆alvar03
|raw|SadisticLust's rating: 1288 &rarr; <strong>1322</strong><br />(+34 for winning)
|raw|alvar03's rating: 1431 &rarr; <strong>1403</strong><br />(-28 for losing)
