|j|☆Clawdia Chauchat
|j|☆HydreigonSpammer
|t:|1734357119
|gametype|singles
|player|p1|Clawdia Chauchat|winona|1490
|player|p2|HydreigonSpammer|veteranf|1433
|teamsize|p1|6
|teamsize|p2|6
|gen|5
|tier|[Gen 5] OU
|rated|
|rule|Species Clause: Limit one of each Pokémon
|rule|OHKO Clause: OHKO moves are banned
|rule|Moody Clause: Moody is banned
|rule|Evasion Items Clause: Evasion items are banned
|rule|Evasion Moves Clause: Evasion moves are banned
|rule|Endless Battle Clause: Forcing endless battles is banned
|rule|HP Percentage Mod: HP is shown in percentages
|rule|Evasion Abilities Clause: Evasion abilities are banned
|rule|Sleep Moves Clause: Sleep-inducing moves are banned
|rule|Swagger Clause: Swagger is banned
|rule|Baton Pass Stat Clause: No Baton Passer may have a way to boost its stats
|clearpoke
|poke|p1|Tyranitar, F|item
|poke|p1|Landorus-Therian, M|item
|poke|p1|Skarmory, M|item
|poke|p1|Jirachi|item
|poke|p1|Reuniclus, M|item
|poke|p1|Latias, F|item
|poke|p2|Tyranitar, F|item
|poke|p2|Garchomp, M|item
|poke|p2|Rotom-Wash|item
|poke|p2|Volcarona, M|item
|poke|p2|Starmie|item
|poke|p2|Latios, M|item
|teampreview
|inactive|Battle timer is ON: inactive players will automatically lose when time's up. (requested by HydreigonSpammer)
|j| Hauntaholics
|
|t:|1734357154
|start
|switch|p1a: Reuniclus|Reuniclus, M|100/100
|switch|p2a: Garchomp|Garchomp, M|100/100
|turn|1
|
|t:|1734357163
|move|p2a: Garchomp|Stealth Rock|p1a: Reuniclus
|-sidestart|p1: Clawdia Chauchat|move: Stealth Rock
|move|p1a: Reuniclus|Trick|p2a: Garchomp
|-activate|p1a: Reuniclus|move: Trick|[of] p2a: Garchomp
|-item|p2a: Garchomp|Sticky Barb|[from] move: Trick
|-item|p1a: Reuniclus|Focus Sash|[from] move: Trick
|
|-damage|p2a: Garchomp|88/100|[from] item: Sticky Barb
|upkeep
|turn|2
|inactive|Clawdia Chauchat has 120 seconds left.
|
|t:|1734357197
|move|p2a: Garchomp|Swords Dance|p2a: Garchomp
|-boost|p2a: Garchomp|atk|2
|move|p1a: Reuniclus|Psychic|p2a: Garchomp
|-damage|p2a: Garchomp|46/100
|-unboost|p2a: Garchomp|spd|1
|
|-damage|p2a: Garchomp|34/100|[from] item: Sticky Barb
|upkeep
|turn|3
|
|t:|1734357203
|switch|p1a: Skarmory|Skarmory, M|100/100
|-damage|p1a: Skarmory|88/100|[from] Stealth Rock
|move|p2a: Garchomp|Dragon Claw|p1a: Skarmory
|-resisted|p1a: Skarmory
|-damage|p1a: Skarmory|63/100
|
|-heal|p1a: Skarmory|69/100|[from] item: Leftovers
|-damage|p2a: Garchomp|22/100|[from] item: Sticky Barb
|upkeep
|turn|4
|
|t:|1734357219
|move|p2a: Garchomp|Swords Dance|p2a: Garchomp
|-boost|p2a: Garchomp|atk|2
|move|p1a: Skarmory|Spikes|p2a: Garchomp
|-sidestart|p2: HydreigonSpammer|Spikes
|
|-heal|p1a: Skarmory|75/100|[from] item: Leftovers
|-damage|p2a: Garchomp|9/100|[from] item: Sticky Barb
|upkeep
|turn|5
|
|t:|1734357224
|move|p2a: Garchomp|Dragon Claw|p1a: Skarmory
|-resisted|p1a: Skarmory
|-damage|p1a: Skarmory|40/100
|move|p1a: Skarmory|Roost|p1a: Skarmory
|-heal|p1a: Skarmory|90/100
|-singleturn|p1a: Skarmory|move: Roost
|
|-heal|p1a: Skarmory|96/100|[from] item: Leftovers
|-damage|p2a: Garchomp|0 fnt|[from] item: Sticky Barb
|faint|p2a: Garchomp
|upkeep
|
|t:|1734357234
|switch|p2a: Volcarona|Volcarona, M|100/100
|-damage|p2a: Volcarona|88/100|[from] Spikes
|turn|6
|
|t:|1734357268
|move|p2a: Volcarona|Flamethrower|p1a: Skarmory
|-supereffective|p1a: Skarmory
|-damage|p1a: Skarmory|0 fnt
|faint|p1a: Skarmory
|
|upkeep
|inactive|Clawdia Chauchat has 120 seconds left.
|
|t:|1734357308
|switch|p1a: Reuniclus|Reuniclus, M|100/100
|turn|7
|
|t:|1734357326
|move|p2a: Volcarona|Quiver Dance|p2a: Volcarona
|-boost|p2a: Volcarona|spa|1
|-boost|p2a: Volcarona|spd|1
|-boost|p2a: Volcarona|spe|1
|move|p1a: Reuniclus|Thunder Wave|p2a: Volcarona
|-status|p2a: Volcarona|par
|-enditem|p2a: Volcarona|Lum Berry|[eat]
|-curestatus|p2a: Volcarona|par|[msg]
|
|upkeep
|turn|8
|
|t:|1734357338
|move|p2a: Volcarona|Bug Buzz|p1a: Reuniclus
|-supereffective|p1a: Reuniclus
|-damage|p1a: Reuniclus|10/100
|-unboost|p1a: Reuniclus|spd|1
|move|p1a: Reuniclus|Thunder Wave|p2a: Volcarona
|-status|p2a: Volcarona|par
|
|upkeep
|turn|9
|
|t:|1734357349
|move|p2a: Volcarona|Bug Buzz|p1a: Reuniclus
|-supereffective|p1a: Reuniclus
|-damage|p1a: Reuniclus|0 fnt
|faint|p1a: Reuniclus
|
|upkeep
|inactive|Clawdia Chauchat has 120 seconds left.
|
|t:|1734357370
|switch|p1a: Tyranitar|Tyranitar, F|100/100
|-damage|p1a: Tyranitar|88/100|[from] Stealth Rock
|-weather|Sandstorm|[from] ability: Sand Stream|[of] p1a: Tyranitar
|turn|10
|
|t:|1734357378
|move|p1a: Tyranitar|Crunch|p2a: Volcarona
|-damage|p2a: Volcarona|29/100 par
|cant|p2a: Volcarona|par
|
|-weather|Sandstorm|[upkeep]
|-damage|p2a: Volcarona|23/100 par|[from] Sandstorm
|upkeep
|turn|11
|inactive|Clawdia Chauchat has 120 seconds left.
|c|☆HydreigonSpammer|-_-
|
|t:|1734357394
|move|p1a: Tyranitar|Crunch|p2a: Volcarona
|-damage|p2a: Volcarona|0 fnt
|-status|p1a: Tyranitar|brn|[from] ability: Flame Body|[of] p2a: Volcarona
|faint|p2a: Volcarona
|
|-weather|Sandstorm|[upkeep]
|-damage|p1a: Tyranitar|76/100 brn|[from] brn
|upkeep
|c|☆HydreigonSpammer|yess
|c|☆HydreigonSpammer|justice
|
|t:|1734357407
|switch|p2a: Tyranitar|Tyranitar, F|100/100
|-damage|p2a: Tyranitar|88/100|[from] Spikes
|turn|12
|inactive|Clawdia Chauchat has 120 seconds left.
|
|t:|1734357429
|switch|p2a: Starmie|Starmie|100/100
|-damage|p2a: Starmie|88/100|[from] Spikes
|move|p1a: Tyranitar|Superpower|p2a: Starmie
|-resisted|p2a: Starmie
|-damage|p2a: Starmie|76/100
|-unboost|p1a: Tyranitar|atk|1
|-unboost|p1a: Tyranitar|def|1
|
|-weather|Sandstorm|[upkeep]
|-damage|p2a: Starmie|70/100|[from] Sandstorm
|-heal|p2a: Starmie|76/100|[from] item: Leftovers
|-damage|p1a: Tyranitar|63/100 brn|[from] brn
|upkeep
|turn|13
|
|t:|1734357441
|move|p2a: Starmie|Scald|p1a: Tyranitar
|-supereffective|p1a: Tyranitar
|-damage|p1a: Tyranitar|35/100 brn
|move|p1a: Tyranitar|Crunch|p2a: Starmie
|-supereffective|p2a: Starmie
|-damage|p2a: Starmie|43/100
|
|-weather|Sandstorm|[upkeep]
|-damage|p2a: Starmie|37/100|[from] Sandstorm
|-heal|p2a: Starmie|43/100|[from] item: Leftovers
|-damage|p1a: Tyranitar|22/100 brn|[from] brn
|upkeep
|turn|14
|
|t:|1734357447
|move|p2a: Starmie|Scald|p1a: Tyranitar
|-supereffective|p1a: Tyranitar
|-damage|p1a: Tyranitar|0 fnt
|faint|p1a: Tyranitar
|
|-weather|Sandstorm|[upkeep]
|-damage|p2a: Starmie|37/100|[from] Sandstorm
|-heal|p2a: Starmie|43/100|[from] item: Leftovers
|upkeep
|
|t:|1734357449
|switch|p1a: Latias|Latias, F|100/100
|-damage|p1a: Latias|88/100|[from] Stealth Rock
|turn|15
|
|t:|1734357468
|move|p2a: Starmie|Scald|p1a: Latias
|-resisted|p1a: Latias
|-damage|p1a: Latias|75/100
|-status|p1a: Latias|brn
|move|p1a: Latias|Dragon Pulse|p2a: Starmie
|-damage|p2a: Starmie|0 fnt
|faint|p2a: Starmie
|
|-weather|Sandstorm|[upkeep]
|-damage|p1a: Latias|69/100 brn|[from] Sandstorm
|-heal|p1a: Latias|75/100 brn|[from] item: Leftovers
|-damage|p1a: Latias|63/100 brn|[from] brn
|upkeep
|
|t:|1734357476
|switch|p2a: Tyranitar|Tyranitar, F|88/100
|-damage|p2a: Tyranitar|76/100|[from] Spikes
|turn|16
|
|t:|1734357485
|move|p2a: Tyranitar|Crunch|p1a: Latias
|-supereffective|p1a: Latias
|-damage|p1a: Latias|0 fnt
|faint|p1a: Latias
|
|-weather|Sandstorm|[upkeep]
|upkeep
|
|t:|1734357487
|switch|p1a: Landorus|Landorus-Therian, M|100/100
|-damage|p1a: Landorus|88/100|[from] Stealth Rock
|-ability|p1a: Landorus|Intimidate|boost
|-unboost|p2a: Tyranitar|atk|1
|turn|17
|l| Hauntaholics
|inactive|HydreigonSpammer has 120 seconds left.
|
|t:|1734357519
|move|p2a: Tyranitar|Crunch|p1a: Landorus
|-damage|p1a: Landorus|58/100
|move|p1a: Landorus|U-turn|p2a: Tyranitar
|-supereffective|p2a: Tyranitar
|-damage|p2a: Tyranitar|28/100
|
|t:|1734357525
|switch|p1a: Jirachi|Jirachi|100/100|[from] U-turn
|-damage|p1a: Jirachi|94/100|[from] Stealth Rock
|
|-weather|Sandstorm|[upkeep]
|-heal|p1a: Jirachi|100/100|[from] item: Leftovers
|upkeep
|turn|18
|
|t:|1734357532
|switch|p1a: Landorus|Landorus-Therian, M|58/100
|-damage|p1a: Landorus|45/100|[from] Stealth Rock
|-ability|p1a: Landorus|Intimidate|boost
|-unboost|p2a: Tyranitar|atk|1
|move|p2a: Tyranitar|Crunch|p1a: Landorus
|-damage|p1a: Landorus|25/100
|-unboost|p1a: Landorus|def|1
|
|-weather|Sandstorm|[upkeep]
|-heal|p1a: Landorus|31/100|[from] item: Leftovers
|upkeep
|turn|19
|
|t:|1734357536
|move|p2a: Tyranitar|Crunch|p1a: Landorus
|-damage|p1a: Landorus|0 fnt
|faint|p1a: Landorus
|
|-weather|Sandstorm|[upkeep]
|upkeep
|
|t:|1734357539
|switch|p1a: Jirachi|Jirachi|100/100
|-damage|p1a: Jirachi|94/100|[from] Stealth Rock
|turn|20
|
|t:|1734357549
|move|p2a: Tyranitar|Crunch|p1a: Jirachi
|-damage|p1a: Jirachi|72/100
|move|p1a: Jirachi|Calm Mind|p1a: Jirachi
|-boost|p1a: Jirachi|spa|1
|-boost|p1a: Jirachi|spd|1
|
|-weather|Sandstorm|[upkeep]
|-heal|p1a: Jirachi|79/100|[from] item: Leftovers
|upkeep
|turn|21
|
|t:|1734357554
|switch|p2a: Latios|Latios, M|100/100
|move|p1a: Jirachi|Thunder|p2a: Latios|[miss]
|-miss|p1a: Jirachi|p2a: Latios
|
|-weather|Sandstorm|[upkeep]
|-damage|p2a: Latios|95/100|[from] Sandstorm
|-heal|p1a: Jirachi|85/100|[from] item: Leftovers
|upkeep
|turn|22
|
|t:|1734357571
|move|p2a: Latios|Trick|p1a: Jirachi
|-activate|p2a: Latios|move: Trick|[of] p1a: Jirachi
|-item|p1a: Jirachi|Choice Specs|[from] move: Trick
|-item|p2a: Latios|Leftovers|[from] move: Trick
|move|p1a: Jirachi|Thunder|p2a: Latios|[miss]
|-miss|p1a: Jirachi|p2a: Latios
|
|-weather|Sandstorm|[upkeep]
|-damage|p2a: Latios|89/100|[from] Sandstorm
|-heal|p2a: Latios|95/100|[from] item: Leftovers
|upkeep
|turn|23
|
|t:|1734357582
|move|p2a: Latios|Surf|p1a: Jirachi
|-damage|p1a: Jirachi|63/100
|move|p1a: Jirachi|Thunder|p2a: Latios|[miss]
|-miss|p1a: Jirachi|p2a: Latios
|
|-weather|Sandstorm|[upkeep]
|-damage|p2a: Latios|89/100|[from] Sandstorm
|-heal|p2a: Latios|95/100|[from] item: Leftovers
|upkeep
|turn|24
|
|t:|1734357587
|move|p2a: Latios|Surf|p1a: Jirachi
|-damage|p1a: Jirachi|41/100
|move|p1a: Jirachi|Thunder|p2a: Latios
|-resisted|p2a: Latios
|-damage|p2a: Latios|52/100
|-status|p2a: Latios|par
|
|-weather|Sandstorm|[upkeep]
|-damage|p2a: Latios|46/100 par|[from] Sandstorm
|-heal|p2a: Latios|52/100 par|[from] item: Leftovers
|upkeep
|turn|25
|
|t:|1734357591
|move|p1a: Jirachi|Thunder|p2a: Latios|[miss]
|-miss|p1a: Jirachi|p2a: Latios
|cant|p2a: Latios|par
|
|-weather|Sandstorm|[upkeep]
|-damage|p2a: Latios|46/100 par|[from] Sandstorm
|-heal|p2a: Latios|52/100 par|[from] item: Leftovers
|upkeep
|turn|26
|
|t:|1734357605
|move|p1a: Jirachi|Thunder|p2a: Latios
|-resisted|p2a: Latios
|-damage|p2a: Latios|9/100 par
|move|p2a: Latios|Surf|p1a: Jirachi
|-damage|p1a: Jirachi|19/100
|
|-weather|Sandstorm|[upkeep]
|-damage|p2a: Latios|3/100 par|[from] Sandstorm
|-heal|p2a: Latios|9/100 par|[from] item: Leftovers
|upkeep
|turn|27
|-message|Clawdia Chauchat forfeited.
|
|win|HydreigonSpammer
|raw|Clawdia Chauchat's rating: 1467 &rarr; <strong>1445</strong><br />(-22 for losing)
|raw|HydreigonSpammer's rating: 1433 &rarr; <strong>1455</strong><br />(+22 for winning)
|l|☆Clawdia Chauchat
|player|p1|
|c|☆HydreigonSpammer|why paralysis always hold me? why man? gg
