|j|☆txitxas
|j|☆pizzza dog
|player|p1|txitxas|unknown|1342
|player|p2|pizzza dog|10|1393
|teamsize|p1|6
|teamsize|p2|6
|gametype|singles
|gen|5
|tier|[Gen 5] OU
|rated|
|clearpoke
|poke|p1|Skarmory, F|item
|poke|p1|Gastrodon, M|item
|poke|p1|Reuniclus, F|item
|poke|p1|Tyranitar, M|item
|poke|p1|Latias, F|item
|poke|p1|Heatran, M|item
|poke|p2|Garchomp, F|item
|poke|p2|Magnezone|item
|poke|p2|Mamoswine, M|item
|poke|p2|Kyurem-Black|item
|poke|p2|Latios, M|item
|poke|p2|Salamence, F|item
|rule|Species Clause: Limit one of each Pokémon
|rule|OHKO Clause: OHKO moves are banned
|rule|Moody Clause: Moody is banned
|rule|Evasion Moves Clause: Evasion moves are banned
|rule|Endless Battle Clause: Forcing endless battles is banned
|rule|HP Percentage Mod: HP is shown in percentages
|rule|Evasion Abilities Clause: Evasion abilities are banned
|rule|Baton Pass Clause: Limit one Baton Passer, can't pass Spe and other stats simultaneously
|rule|Sleep Clause: Sleep-inducing moves are banned
|rule|Swagger Clause: Swagger is banned
|teampreview
|inactive|Battle timer is ON: inactive players will automatically lose when time's up. (requested by pizzza dog)
|inactive|txitxas has 120 seconds left.
|
|start
|switch|p1a: Heatran|Heatran, M|100/100
|switch|p2a: Mamoswine|Mamoswine, M|100/100
|turn|1
|
|move|p1a: Heatran|Fire Blast|p2a: Mamoswine
|-supereffective|p2a: Mamoswine
|-damage|p2a: Mamoswine|22/100
|move|p2a: Mamoswine|Earthquake|p1a: Heatran
|-supereffective|p1a: Heatran
|-damage|p1a: Heatran|0 fnt
|-damage|p2a: Mamoswine|12/100|[from] item: Life Orb
|faint|p1a: Heatran
|
|upkeep
|
|switch|p1a: Latias|Latias, F|100/100
|turn|2
|
|move|p2a: Mamoswine|Ice Shard|p1a: Latias
|-supereffective|p1a: Latias
|-damage|p1a: Latias|37/100
|-damage|p2a: Mamoswine|2/100|[from] item: Life Orb
|move|p1a: Latias|Surf|p2a: Mamoswine
|-supereffective|p2a: Mamoswine
|-damage|p2a: Mamoswine|0 fnt
|faint|p2a: Mamoswine
|
|-heal|p1a: Latias|43/100|[from] item: Leftovers
|upkeep
|
|switch|p2a: SR-71|Latios, M|100/100
|turn|3
|
|move|p2a: SR-71|Thunder|p1a: Latias|[miss]
|-miss|p2a: SR-71|p1a: Latias
|move|p1a: Latias|Thunder Wave|p2a: SR-71
|-status|p2a: SR-71|par
|
|-heal|p1a: Latias|50/100|[from] item: Leftovers
|upkeep
|turn|4
|
|switch|p1a: Gastrodon|Gastrodon, M|100/100
|switch|p2a: Magnezone|Magnezone|100/100
|
|upkeep
|turn|5
|
|switch|p2a: BLM|Kyurem-Black, shiny|100/100
|-ability|p2a: BLM|Teravolt
|move|p1a: Gastrodon|Scald|p2a: BLM
|-resisted|p2a: BLM
|-damage|p2a: BLM|86/100
|-status|p2a: BLM|brn
|
|-damage|p2a: BLM|74/100 brn|[from] brn
|upkeep
|turn|6
|inactive|txitxas has 120 seconds left.
|
|move|p2a: BLM|Ice Beam|p1a: Gastrodon
|-damage|p1a: Gastrodon|67/100
|move|p1a: Gastrodon|Earthquake|p2a: BLM
|-damage|p2a: BLM|50/100 brn
|
|-heal|p1a: Gastrodon|73/100|[from] item: Leftovers
|-damage|p2a: BLM|38/100 brn|[from] brn
|upkeep
|turn|7
|
|move|p2a: BLM|Ice Beam|p1a: Gastrodon
|-damage|p1a: Gastrodon|35/100
|move|p1a: Gastrodon|Recover|p1a: Gastrodon
|-heal|p1a: Gastrodon|85/100
|
|-heal|p1a: Gastrodon|91/100|[from] item: Leftovers
|-damage|p2a: BLM|25/100 brn|[from] brn
|upkeep
|turn|8
|inactive|txitxas has 120 seconds left.
|
|move|p2a: BLM|Ice Beam|p1a: Gastrodon
|-damage|p1a: Gastrodon|52/100
|move|p1a: Gastrodon|Recover|p1a: Gastrodon
|-heal|p1a: Gastrodon|100/100
|
|-damage|p2a: BLM|13/100 brn|[from] brn
|upkeep
|turn|9
|
|move|p2a: BLM|Ice Beam|p1a: Gastrodon
|-damage|p1a: Gastrodon|65/100
|move|p1a: Gastrodon|Recover|p1a: Gastrodon
|-heal|p1a: Gastrodon|100/100
|
|-damage|p2a: BLM|1/100 brn|[from] brn
|upkeep
|turn|10
|inactive|txitxas has 120 seconds left.
|
|move|p2a: BLM|Ice Beam|p1a: Gastrodon
|-damage|p1a: Gastrodon|66/100
|move|p1a: Gastrodon|Recover|p1a: Gastrodon
|-heal|p1a: Gastrodon|100/100
|
|-damage|p2a: BLM|0 fnt|[from] brn
|faint|p2a: BLM
|upkeep
|
|switch|p2a: SR-71|Latios, M|100/100 par
|turn|11
|inactive|txitxas has 90 seconds left.
|
|switch|p1a: Tyranitar|Tyranitar, M|100/100
|-weather|Sandstorm|[from] ability: Sand Stream|[of] p1a: Tyranitar
|move|p2a: SR-71|Draco Meteor|p1a: Tyranitar
|-damage|p1a: Tyranitar|67/100
|-unboost|p2a: SR-71|spa|2
|
|-weather|Sandstorm|[upkeep]
|-damage|p2a: SR-71|95/100 par|[from] Sandstorm
|upkeep
|turn|12
|
|-activate|p2a: SR-71|move: Pursuit
|move|p1a: Tyranitar|Pursuit|p2a: SR-71|[from]Pursuit
|-supereffective|p2a: SR-71
|-damage|p2a: SR-71|0 fnt
|-hint|A Pokemon can't switch between when it runs out of HP and when it faints
|faint|p2a: SR-71
|
|-weather|Sandstorm|[upkeep]
|upkeep
|
|switch|p2a: Garchomp|Garchomp, F|100/100
|turn|13
|inactive|txitxas has 90 seconds left.
|
|switch|p1a: Skarmory|Skarmory, F|100/100
|move|p2a: Garchomp|Swords Dance|p2a: Garchomp
|-boost|p2a: Garchomp|atk|2
|
|-weather|Sandstorm|[upkeep]
|upkeep
|turn|14
|
|move|p2a: Garchomp|Fire Fang|p1a: Skarmory
|-supereffective|p1a: Skarmory
|-damage|p1a: Skarmory|40/100
|-damage|p2a: Garchomp|84/100|[from] item: Rocky Helmet|[of] p1a: Skarmory
|move|p1a: Skarmory|Whirlwind|p2a: Garchomp
|drag|p2a: Salamence|Salamence, F|100/100
|
|-weather|Sandstorm|[upkeep]
|-damage|p2a: Salamence|94/100|[from] Sandstorm
|upkeep
|turn|15
|inactive|txitxas has 90 seconds left.
|
|switch|p2a: Magnezone|Magnezone|100/100
|move|p1a: Skarmory|Whirlwind|p2a: Magnezone
|drag|p2a: Garchomp|Garchomp, F|84/100
|
|-weather|Sandstorm|[upkeep]
|upkeep
|turn|16
|
|move|p2a: Garchomp|Fire Fang|p1a: Skarmory
|-supereffective|p1a: Skarmory
|-damage|p1a: Skarmory|13/100
|-damage|p2a: Garchomp|67/100|[from] item: Rocky Helmet|[of] p1a: Skarmory
|move|p1a: Skarmory|Roost|p1a: Skarmory
|-heal|p1a: Skarmory|64/100
|-singleturn|p1a: Skarmory|move: Roost
|
|-weather|Sandstorm|[upkeep]
|upkeep
|turn|17
|
|switch|p2a: Salamence|Salamence, F|94/100
|move|p1a: Skarmory|Spikes|p2a: Salamence
|-sidestart|p2: pizzza dog|Spikes
|
|-weather|Sandstorm|[upkeep]
|-damage|p2a: Salamence|88/100|[from] Sandstorm
|upkeep
|turn|18
|inactive|txitxas has 90 seconds left.
|
|move|p2a: Salamence|Rock Slide|p1a: Skarmory
|-damage|p1a: Skarmory|47/100
|move|p1a: Skarmory|Spikes|p2a: Salamence
|-sidestart|p2: pizzza dog|Spikes
|
|-weather|Sandstorm|[upkeep]
|-damage|p2a: Salamence|82/100|[from] Sandstorm
|upkeep
|turn|19
|
|switch|p2a: Magnezone|Magnezone|100/100
|-damage|p2a: Magnezone|84/100|[from] Spikes
|move|p1a: Skarmory|Whirlwind|p2a: Magnezone
|drag|p2a: Garchomp|Garchomp, F|67/100
|-damage|p2a: Garchomp|51/100|[from] Spikes
|
|-weather|Sandstorm|[upkeep]
|upkeep
|turn|20
|inactive|txitxas has 90 seconds left.
|-message|pizzza dog forfeited.
|
|win|txitxas
|l|☆pizzza dog
|raw|txitxas's rating: 1360 &rarr; <strong>1381</strong><br />(+21 for winning)
|raw|pizzza dog's rating: 1369 &rarr; <strong>1348</strong><br />(-21 for losing)
