|j|☆Gh0st of Perdition
|j|☆pakatak
|player|p1|Gh0st of Perdition|guitarist-gen4|1504
|player|p2|pakatak|33|1443
|teamsize|p1|6
|teamsize|p2|6
|gametype|singles
|gen|5
|tier|[Gen 5] OU
|rated|
|clearpoke
|poke|p1|Mamoswine, F|item
|poke|p1|Politoed, F|item
|poke|p1|Gyarados, F|item
|poke|p1|Starmie|item
|poke|p1|Ferrothorn, F|item
|poke|p1|Latios, M|item
|poke|p2|Sharpedo, F|item
|poke|p2|Latios, M|item
|poke|p2|Politoed, M|item
|poke|p2|Ferrothorn, F|item
|poke|p2|Tornadus, M|item
|poke|p2|Starmie|item
|rule|Species Clause: Limit one of each Pokémon
|rule|OHKO Clause: OHKO moves are banned
|rule|Moody Clause: Moody is banned
|rule|Evasion Moves Clause: Evasion moves are banned
|rule|Endless Battle Clause: Forcing endless battles is banned
|rule|HP Percentage Mod: HP is shown in percentages
|rule|Evasion Abilities Clause: Evasion abilities are banned
|rule|Baton Pass Clause: Limit one Baton Passer, can't pass Spe and other stats simultaneously
|rule|Sleep Clause: Sleep-inducing moves are banned
|rule|Swagger Clause: Swagger is banned
|teampreview
|n|!pakatak|pakatak
|inactive|Battle timer is ON: inactive players will automatically lose when time's up. (requested by Gh0st of Perdition)
|j| Bonginator
|
|start
|switch|p1a: Starmie|Starmie|100/100
|switch|p2a: Roger|Politoed, M, shiny|100/100
|-weather|RainDance|[from] ability: Drizzle|[of] p2a: Roger
|turn|1
|inactive|pakatak has 120 seconds left.
|j| FNH
|
|switch|p2a: Bernard|Ferrothorn, F|100/100
|move|p1a: Starmie|Hydro Pump|p2a: Bernard
|-resisted|p2a: Bernard
|-damage|p2a: Bernard|49/100
|
|-weather|RainDance|[upkeep]
|-heal|p2a: Bernard|55/100|[from] item: Leftovers
|upkeep
|turn|2
|inactive|pakatak has 90 seconds left.
|
|move|p1a: Starmie|Hydro Pump|p2a: Bernard
|-resisted|p2a: Bernard
|-damage|p2a: Bernard|11/100
|move|p2a: Bernard|Stealth Rock|p1a: Starmie
|-sidestart|p1: Gh0st of Perdition|move: Stealth Rock
|
|-weather|RainDance|[upkeep]
|-heal|p2a: Bernard|17/100|[from] item: Leftovers
|upkeep
|turn|3
|
|move|p1a: Starmie|Hydro Pump|p2a: Bernard
|-resisted|p2a: Bernard
|-damage|p2a: Bernard|0 fnt
|faint|p2a: Bernard
|
|-weather|RainDance|[upkeep]
|upkeep
|inactive|pakatak has 60 seconds left.
|
|switch|p2a: Amos|Latios, M|100/100
|turn|4
|inactive|pakatak has 60 seconds left.
|
|switch|p2a: Clarence|Tornadus, M|100/100
|switch|p1a: Politoed|Politoed, F|100/100
|-damage|p1a: Politoed|88/100|[from] Stealth Rock
|
|-weather|RainDance|[upkeep]
|upkeep
|turn|5
|inactive|pakatak has 60 seconds left.
|
|switch|p2a: REEEEEEEEEEEE|Starmie|100/100
|move|p1a: Politoed|Hydro Pump|p2a: REEEEEEEEEEEE
|-resisted|p2a: REEEEEEEEEEEE
|-damage|p2a: REEEEEEEEEEEE|56/100
|
|-weather|RainDance|[upkeep]
|upkeep
|turn|6
|inactive|pakatak has 30 seconds left.
|
|switch|p1a: Ferrothorn|Ferrothorn, F|100/100
|-damage|p1a: Ferrothorn|94/100|[from] Stealth Rock
|move|p2a: REEEEEEEEEEEE|Hydro Pump|p1a: Ferrothorn
|-resisted|p1a: Ferrothorn
|-damage|p1a: Ferrothorn|43/100
|
|-weather|RainDance|[upkeep]
|upkeep
|turn|7
|inactive|pakatak has 30 seconds left.
|
|switch|p2a: Clarence|Tornadus, M|100/100
|move|p1a: Ferrothorn|Power Whip|p2a: Clarence
|-resisted|p2a: Clarence
|-damage|p2a: Clarence|69/100
|
|-weather|RainDance|[upkeep]
|upkeep
|turn|8
|
|move|p2a: Clarence|Hurricane|p1a: Ferrothorn
|-crit|p1a: Ferrothorn
|-damage|p1a: Ferrothorn|0 fnt
|faint|p1a: Ferrothorn
|
|-weather|RainDance|[upkeep]
|upkeep
|
|switch|p1a: Gyarados|Gyarados, F|100/100
|-damage|p1a: Gyarados|76/100|[from] Stealth Rock
|turn|9
|
|move|p1a: Gyarados|Waterfall|p2a: Clarence
|-damage|p2a: Clarence|0 fnt
|faint|p2a: Clarence
|-ability|p1a: Gyarados|Moxie|boost
|-boost|p1a: Gyarados|atk|1
|
|-weather|RainDance|[upkeep]
|upkeep
|inactive|pakatak has 30 seconds left.
|
|switch|p2a: REEEEEEEEEEEE|Starmie|56/100
|turn|10
|inactive|pakatak has 30 seconds left.
|
|move|p1a: Gyarados|Waterfall|p2a: REEEEEEEEEEEE
|-resisted|p2a: REEEEEEEEEEEE
|-damage|p2a: REEEEEEEEEEEE|0 fnt
|faint|p2a: REEEEEEEEEEEE
|-ability|p1a: Gyarados|Moxie|boost
|-boost|p1a: Gyarados|atk|1
|
|-weather|RainDance|[upkeep]
|upkeep
|inactive|pakatak has 30 seconds left this turn.
|
|switch|p2a: Amos|Latios, M|100/100
|turn|11
|
|move|p2a: Amos|Draco Meteor|p1a: Gyarados|[miss]
|-miss|p2a: Amos|p1a: Gyarados
|move|p1a: Gyarados|Waterfall|p2a: Amos
|-resisted|p2a: Amos
|-damage|p2a: Amos|13/100
|
|-weather|RainDance|[upkeep]
|upkeep
|turn|12
|
|switch|p1a: Politoed|Politoed, F|88/100
|-damage|p1a: Politoed|75/100|[from] Stealth Rock
|move|p2a: Amos|Draco Meteor|p1a: Politoed
|-damage|p1a: Politoed|16/100
|-unboost|p2a: Amos|spa|2
|
|-weather|RainDance|[upkeep]
|upkeep
|turn|13
|
|switch|p1a: Mamoswine|Mamoswine, F|100/100
|-damage|p1a: Mamoswine|88/100|[from] Stealth Rock
|move|p2a: Amos|Draco Meteor|p1a: Mamoswine
|-damage|p1a: Mamoswine|34/100
|-unboost|p2a: Amos|spa|2
|
|-weather|RainDance|[upkeep]
|upkeep
|turn|14
|inactive|pakatak has 30 seconds left.
|
|switch|p2a: Roger|Politoed, M, shiny|100/100
|move|p1a: Mamoswine|Ice Shard|p2a: Roger
|-resisted|p2a: Roger
|-damage|p2a: Roger|89/100
|
|-weather|RainDance|[upkeep]
|-heal|p2a: Roger|95/100|[from] item: Leftovers
|upkeep
|turn|15
|inactive|pakatak has 30 seconds left.
|
|switch|p1a: Latios|Latios, M|100/100
|-damage|p1a: Latios|88/100|[from] Stealth Rock
|move|p2a: Roger|Ice Beam|p1a: Latios
|-supereffective|p1a: Latios
|-damage|p1a: Latios|43/100
|
|-weather|RainDance|[upkeep]
|-heal|p2a: Roger|100/100|[from] item: Leftovers
|upkeep
|turn|16
|inactive|pakatak has 30 seconds left.
|
|move|p1a: Latios|Draco Meteor|p2a: Roger
|-damage|p2a: Roger|0 fnt
|-unboost|p1a: Latios|spa|2
|faint|p2a: Roger
|
|-weather|RainDance|[upkeep]
|upkeep
|inactive|pakatak has 30 seconds left this turn.
|inactive|pakatak has 20 seconds left.
|
|switch|p2a: Walter|Sharpedo, F|100/100
|turn|17
|inactive|pakatak has 30 seconds left this turn.
|n|☆pakatak|pakatak
|
|switch|p1a: Gyarados|Gyarados, F|76/100
|-damage|p1a: Gyarados|51/100|[from] Stealth Rock
|move|p2a: Walter|Protect||[still]
|-fail|p2a: Walter
|
|-weather|RainDance|[upkeep]
|-ability|p2a: Walter|Speed Boost|boost
|-boost|p2a: Walter|spe|1
|upkeep
|turn|18
|inactive|pakatak has 30 seconds left.
|inactive|pakatak has 20 seconds left.
|inactive|pakatak has 15 seconds left.
|inactive|pakatak has 10 seconds left.
|
|move|p2a: Walter|Protect|p2a: Walter
|-singleturn|p2a: Walter|Protect
|move|p1a: Gyarados|Earthquake|p2a: Walter
|-activate|p2a: Walter|move: Protect
|
|-weather|RainDance|[upkeep]
|-ability|p2a: Walter|Speed Boost|boost
|-boost|p2a: Walter|spe|1
|upkeep
|turn|19
|inactive|pakatak has 20 seconds left this turn.
|inactive|pakatak has 15 seconds left.
|
|move|p2a: Walter|Crunch|p1a: Gyarados
|-crit|p1a: Gyarados
|-damage|p1a: Gyarados|0 fnt
|-damage|p2a: Walter|91/100|[from] item: Life Orb
|faint|p1a: Gyarados
|
|-weather|RainDance|[upkeep]
|-ability|p2a: Walter|Speed Boost|boost
|-boost|p2a: Walter|spe|1
|upkeep
|inactive|pakatak has 20 seconds left this turn.
|c|☆Gh0st of Perdition|gg
|
|switch|p1a: Starmie|Starmie|100/100
|-damage|p1a: Starmie|88/100|[from] Stealth Rock
|turn|20
|inactive|pakatak has 30 seconds left this turn.
|c|☆pakatak|gg
|
|move|p2a: Walter|Crunch|p1a: Starmie
|-supereffective|p1a: Starmie
|-damage|p1a: Starmie|0 fnt
|-damage|p2a: Walter|81/100|[from] item: Life Orb
|faint|p1a: Starmie
|
|-weather|RainDance|[upkeep]
|-ability|p2a: Walter|Speed Boost|boost
|-boost|p2a: Walter|spe|1
|upkeep
|c|☆pakatak|dude youre pretty high up
|
|switch|p1a: Latios|Latios, M|43/100
|-damage|p1a: Latios|31/100|[from] Stealth Rock
|turn|21
|c|☆pakatak|i was your name and im likt that looks familiar
|
|move|p2a: Walter|Crunch|p1a: Latios
|-supereffective|p1a: Latios
|-damage|p1a: Latios|0 fnt
|-damage|p2a: Walter|71/100|[from] item: Life Orb
|faint|p1a: Latios
|
|-weather|RainDance|[upkeep]
|-ability|p2a: Walter|Speed Boost|boost
|-boost|p2a: Walter|spe|1
|upkeep
|
|switch|p1a: Politoed|Politoed, F|16/100
|-damage|p1a: Politoed|3/100|[from] Stealth Rock
|turn|22
|-enditem|p1a: Politoed|Custap Berry|[eat]
|-activate|p1a: Politoed|item: Custap Berry|[consumed]
|
|move|p1a: Politoed|Endeavor|p2a: Walter
|-damage|p2a: Walter|4/100
|move|p2a: Walter|Crunch|p1a: Politoed
|-damage|p1a: Politoed|0 fnt
|-damage|p2a: Walter|0 fnt|[from] item: Life Orb
|faint|p1a: Politoed
|faint|p2a: Walter
|
|-weather|RainDance|[upkeep]
|upkeep
|inactive|pakatak has 60 seconds left.
|c|☆Gh0st of Perdition|aight, the bait worked
|c|☆pakatak|AHHH FUCK
|c|☆Gh0st of Perdition|phew
|c|☆pakatak|that was dirty as hell
|c|☆Gh0st of Perdition|lmao
|
|switch|p2a: Amos|Latios, M|13/100
|switch|p1a: Mamoswine|Mamoswine, F|34/100
|-damage|p1a: Mamoswine|22/100|[from] Stealth Rock
|turn|23
|c|☆pakatak|not cool dude
|inactive|pakatak has 60 seconds left.
|c|☆pakatak|lol
|l| Bonginator
|c|☆Gh0st of Perdition|i mean, that was my only shot ahah
|
|move|p1a: Mamoswine|Ice Shard|p2a: Amos
|-supereffective|p2a: Amos
|-damage|p2a: Amos|0 fnt
|faint|p2a: Amos
|
|win|Gh0st of Perdition
|c|☆pakatak|man that was funny as fuck
|c|☆pakatak|i was NOT expecting that
|c|☆pakatak|gg
|c|☆Gh0st of Perdition|gg!
|l|☆pakatak
|raw|Gh0st of Perdition's rating: 1504 &rarr; <strong>1519</strong><br />(+15 for winning)
|raw|pakatak's rating: 1412 &rarr; <strong>1397</strong><br />(-15 for losing)
