|join|Indytotof
|join|The_Otter
|player|p1|Indytotof|267
|player|p2|The_Otter|154
|gametype|singles
|gen|5
|tier|[Gen 5] OU
|rated
|rule|Evasion Abilities Clause: Evasion abilities are banned
|clearpoke
|poke|p1|Politoed, F
|poke|p1|Ferrothorn, M
|poke|p1|Landorus-Therian, M
|poke|p1|Volcarona, M
|poke|p1|Starmie
|poke|p1|Toxicroak, M
|poke|p2|Breloom, F
|poke|p2|Espeon, F
|poke|p2|Hydreigon, F
|poke|p2|Milotic, F
|poke|p2|Scizor, F
|poke|p2|Victini, shiny
|rule|Sleep Clause Mod: Limit one foe put to sleep
|rule|Species Clause: Limit one of each Pokemon
|rule|OHKO Clause: OHKO moves are banned
|rule|Moody Clause: Moody is banned
|rule|Evasion Moves Clause: Evasion moves are banned
|rule|Endless Battle Clause: Forcing endless battles is banned.
|rule|HP Percentage Mod: HP is reported as percentages
|teampreview
|chat|Indytotof|that is my last battle for today, please make it interesting
|chat|Indytotof|and don't haxx too much
|
|start
|switch|p1a: Tia Dalma|Politoed, F|384/384
|switch|p2a: Espeon|Espeon, F|334/334
|-weather|RainDance|[from] ability: Drizzle|[of] p1a: Tia Dalma
|turn|1
|
|switch|p2a: Milotic|Milotic, F|393/393
|move|p1a: Tia Dalma|Hydro Pump|p2a: Milotic
|-resisted|p2a: Milotic
|-damage|p2a: Milotic|222/393
|
|-weather|RainDance|[upkeep]
|-heal|p2a: Milotic|246/393|[from] item: Leftovers
|turn|2
|
|switch|p2a: Scizor|Scizor, F|331/331
|switch|p1a: Elisabeth Swann|Starmie|261/261
|
|-weather|RainDance|[upkeep]
|turn|3
|
|switch|p2a: Hydreigon|Hydreigon, F|345/345
|move|p1a: Elisabeth Swann|Hydro Pump|p2a: Hydreigon
|-resisted|p2a: Hydreigon
|-damage|p2a: Hydreigon|211/345
|
|-weather|RainDance|[upkeep]
|turn|4
|
|switch|p1a: Davy Jones|Ferrothorn, M|352/352
|move|p2a: Hydreigon|Roost|p2a: Hydreigon
|-heal|p2a: Hydreigon|345/345
|
|-weather|RainDance|[upkeep]
|turn|5
|
|switch|p2a: Espeon|Espeon, F|334/334
|switch|p1a: William Turner|Landorus-Therian, M|320/320
|-ability|p1a: William Turner|Intimidate|[of] p2a: Espeon
|-unboost|p2a: Espeon|atk|1
|
|-weather|RainDance|[upkeep]
|turn|6
|
|move|p1a: William Turner|U-turn|p2a: Espeon
|-supereffective|p2a: Espeon
|-damage|p2a: Espeon|70/334
|
|switch|p1a: Davy Jones|Ferrothorn, M|352/352
|-enditem|p2a: Espeon|Salac Berry|[eat]
|-boost|p2a: Espeon|spe|1|[from] item: Salac Berry
|move|p2a: Espeon|Calm Mind|p2a: Espeon
|-boost|p2a: Espeon|spa|1
|-boost|p2a: Espeon|spd|1
|
|-weather|RainDance|[upkeep]
|turn|7
|
|move|p2a: Espeon|Baton Pass|p2a: Espeon
|
|switch|p2a: Hydreigon|Hydreigon, F|345/345
|move|p1a: Davy Jones|Power Whip|p2a: Hydreigon|[miss]
|-miss|p1a: Davy Jones|p2a: Hydreigon
|
|-weather|RainDance|[upkeep]
|turn|8
|
|move|p2a: Hydreigon|Dark Pulse|p1a: Davy Jones
|-resisted|p1a: Davy Jones
|-damage|p1a: Davy Jones|274/352
|move|p1a: Davy Jones|Leech Seed|p2a: Hydreigon
|-start|p2a: Hydreigon|move: Leech Seed
|
|-weather|RainDance|[upkeep]
|-heal|p1a: Davy Jones|296/352|[from] item: Leftovers
|-damage|p2a: Hydreigon|302/345|[from] Leech Seed|[of] p1a: Davy Jones
|-heal|p1a: Davy Jones|339/352|[silent]
|turn|9
|
|move|p2a: Hydreigon|Superpower|p1a: Davy Jones
|-supereffective|p1a: Davy Jones
|-damage|p1a: Davy Jones|245/352
|-damage|p2a: Hydreigon|259/345|[from] ability: Iron Barbs|[of] p1a: Davy Jones
|-unboost|p2a: Hydreigon|atk|1
|-unboost|p2a: Hydreigon|def|1
|move|p1a: Davy Jones|Stealth Rock|p2a: Hydreigon
|-sidestart|p2: The_Otter|move: Stealth Rock
|
|-weather|RainDance|[upkeep]
|-heal|p1a: Davy Jones|267/352|[from] item: Leftovers
|-damage|p2a: Hydreigon|216/345|[from] Leech Seed|[of] p1a: Davy Jones
|-heal|p1a: Davy Jones|310/352|[silent]
|turn|10
|
|switch|p2a: Breloom|Breloom, F|264/264
|-damage|p2a: Breloom|248/264|[from] Stealth Rock
|move|p1a: Davy Jones|Power Whip|p2a: Breloom
|-resisted|p2a: Breloom
|-damage|p2a: Breloom|176/264
|
|-weather|RainDance|[upkeep]
|-heal|p1a: Davy Jones|332/352|[from] item: Leftovers
|-status|p2a: Breloom|tox|[from] item: Toxic Orb
|turn|11
|
|move|p1a: Davy Jones|Protect|p1a: Davy Jones
|-singleturn|p1a: Davy Jones|Protect
|move|p2a: Breloom|Spore|p1a: Davy Jones
|-activate|p1a: Davy Jones|Protect
|
|-weather|RainDance|[upkeep]
|-heal|p1a: Davy Jones|352/352|[from] item: Leftovers
|-heal|p2a: Breloom|209/264 tox|[from] ability: Poison Heal
|turn|12
|
|-singleturn|p2a: Breloom|move: Focus Punch
|move|p1a: Davy Jones|Power Whip|p2a: Breloom
|-resisted|p2a: Breloom
|-damage|p2a: Breloom|131/264 tox
|cant|p2a: Breloom|Focus Punch|Focus Punch
|
|-weather|RainDance|[upkeep]
|-heal|p2a: Breloom|164/264 tox|[from] ability: Poison Heal
|turn|13
|
|move|p2a: Breloom|Mach Punch|p1a: Davy Jones
|-supereffective|p1a: Davy Jones
|-damage|p1a: Davy Jones|244/352
|-damage|p2a: Breloom|131/264 tox|[from] ability: Iron Barbs|[of] p1a: Davy Jones
|move|p1a: Davy Jones|Power Whip|p2a: Breloom
|-resisted|p2a: Breloom
|-damage|p2a: Breloom|59/264 tox
|
|-weather|RainDance|[upkeep]
|-heal|p1a: Davy Jones|266/352|[from] item: Leftovers
|-heal|p2a: Breloom|92/264 tox|[from] ability: Poison Heal
|turn|14
|
|move|p2a: Breloom|Spore|p1a: Davy Jones
|-status|p1a: Davy Jones|slp
|cant|p1a: Davy Jones|slp
|
|-weather|RainDance|[upkeep]
|-heal|p1a: Davy Jones|288/352 slp|[from] item: Leftovers
|-heal|p2a: Breloom|125/264 tox|[from] ability: Poison Heal
|turn|15
|
|-singleturn|p2a: Breloom|move: Focus Punch
|switch|p1a: William Turner|Landorus-Therian, M|320/320
|-ability|p1a: William Turner|Intimidate|[of] p2a: Breloom
|-unboost|p2a: Breloom|atk|1
|move|p2a: Breloom|Focus Punch|p1a: William Turner
|-resisted|p1a: William Turner
|-damage|p1a: William Turner|222/320
|
|-weather|RainDance|[upkeep]
|-heal|p2a: Breloom|158/264 tox|[from] ability: Poison Heal
|turn|16
|
|switch|p2a: Milotic|Milotic, F|246/393
|-damage|p2a: Milotic|197/393|[from] Stealth Rock
|move|p1a: William Turner|U-turn|p2a: Milotic
|-damage|p2a: Milotic|126/393
|
|switch|p1a: Elisabeth Swann|Starmie|261/261
|
|-weather|RainDance|[upkeep]
|-heal|p2a: Milotic|150/393|[from] item: Leftovers
|turn|17
|
|switch|p2a: Breloom|Breloom, F|158/264 tox
|-damage|p2a: Breloom|142/264 tox|[from] Stealth Rock
|move|p1a: Elisabeth Swann|Thunder|p2a: Breloom
|-resisted|p2a: Breloom
|-damage|p2a: Breloom|80/264 tox
|
|-weather|RainDance|[upkeep]
|-heal|p2a: Breloom|113/264 tox|[from] ability: Poison Heal
|turn|18
|
|move|p1a: Elisabeth Swann|Ice Beam|p2a: Breloom
|-supereffective|p2a: Breloom
|-damage|p2a: Breloom|0 fnt
|faint|p2a: Breloom
|
|-weather|RainDance|[upkeep]
|
|switch|p2a: Scizor|Scizor, F|331/331
|-damage|p2a: Scizor|290/331|[from] Stealth Rock
|turn|19
|
|move|p1a: Elisabeth Swann|Hydro Pump|p2a: Scizor
|-crit|p2a: Scizor
|-damage|p2a: Scizor|0 fnt
|faint|p2a: Scizor
|
|-weather|RainDance|[upkeep]
|chat|Indytotof|oops sorry
|
|switch|p2a: Hydreigon|Hydreigon, F|216/345
|-damage|p2a: Hydreigon|173/345|[from] Stealth Rock
|turn|20
|
|move|p1a: Elisabeth Swann|Ice Beam|p2a: Hydreigon
|-supereffective|p2a: Hydreigon
|-damage|p2a: Hydreigon|0 fnt
|faint|p2a: Hydreigon
|
|-weather|RainDance|[upkeep]
|
|switch|p2a: Victini|Victini, shiny|404/404
|-damage|p2a: Victini|303/404|[from] Stealth Rock
|turn|21
|
|move|p1a: Elisabeth Swann|Hydro Pump|p2a: Victini
|-supereffective|p2a: Victini
|-damage|p2a: Victini|0 fnt
|faint|p2a: Victini
|
|-weather|RainDance|[upkeep]
|
|switch|p2a: Milotic|Milotic, F|150/393
|-damage|p2a: Milotic|101/393|[from] Stealth Rock
|turn|22
|
|move|p1a: Elisabeth Swann|Thunder|p2a: Milotic
|-supereffective|p2a: Milotic
|-damage|p2a: Milotic|0 fnt
|faint|p2a: Milotic
|
|-weather|RainDance|[upkeep]
|
|switch|p2a: Espeon|Espeon, F|70/334
|-damage|p2a: Espeon|29/334|[from] Stealth Rock
|turn|23
|
|move|p1a: Elisabeth Swann|Ice Beam|p2a: Espeon
|-damage|p2a: Espeon|0 fnt
|faint|p2a: Espeon
|
|win|Indytotof
|raw|Ladder updating...
|raw|Indytotof's rating: 1413 &rarr; <strong>1428</strong><br />(+15 for winning)
|raw|The_Otter's rating: 1315 &rarr; <strong>1301</strong><br />(-14 for losing)
|chat|Indytotof|gg
|chat|The_Otter|gg
|chat|Indytotof|good battle