|j|☆radaty
|j|☆BWVC BookofConke
|t:|1717086052
|gametype|singles
|player|p1|radaty|266|1411
|player|p2|BWVC BookofConke|silver|1456
|teamsize|p1|6
|teamsize|p2|6
|gen|5
|tier|[Gen 5] OU
|rated|
|rule|Species Clause: Limit one of each Pokémon
|rule|OHKO Clause: OHKO moves are banned
|rule|Moody Clause: Moody is banned
|rule|Evasion Items Clause: Evasion items are banned
|rule|Evasion Moves Clause: Evasion moves are banned
|rule|Endless Battle Clause: Forcing endless battles is banned
|rule|HP Percentage Mod: HP is shown in percentages
|rule|Evasion Abilities Clause: Evasion abilities are banned
|rule|Sleep Moves Clause: Sleep-inducing moves are banned
|rule|Swagger Clause: Swagger is banned
|rule|Baton Pass Stat Clause: No Baton Passer may have a way to boost its stats
|clearpoke
|poke|p1|Chansey, F|item
|poke|p1|Xatu, M|item
|poke|p1|Sableye, M|item
|poke|p1|Quagsire, F|item
|poke|p1|Tentacruel, F|item
|poke|p1|Jirachi|item
|poke|p2|Abomasnow, M|item
|poke|p2|Kyurem-Black|item
|poke|p2|Latios, M|item
|poke|p2|Garchomp, M|item
|poke|p2|Starmie|item
|poke|p2|Jirachi|item
|teampreview
|inactive|Battle timer is ON: inactive players will automatically lose when time's up. (requested by radaty)
|inactive|BWVC BookofConke has 120 seconds left.
|
|t:|1717086085
|start
|switch|p1a: Sableye|Sableye, M|100/100
|switch|p2a: Jirachi|Jirachi|100/100
|turn|1
|
|t:|1717086099
|move|p1a: Sableye|Will-O-Wisp|p2a: Jirachi
|-status|p2a: Jirachi|brn
|move|p2a: Jirachi|U-turn|p1a: Sableye
|-damage|p1a: Sableye|93/100
|
|t:|1717086108
|switch|p2a: Abomasnow|Abomasnow, M|100/100|[from] U-turn
|-weather|Hail|[from] ability: Snow Warning|[of] p2a: Abomasnow
|
|-weather|Hail|[upkeep]
|-damage|p1a: Sableye|87/100|[from] Hail
|-heal|p1a: Sableye|93/100|[from] item: Leftovers
|upkeep
|turn|2
|j| sk8head
|
|t:|1717086130
|switch|p1a: Jirachi|Jirachi|100/100
|move|p2a: Abomasnow|Blizzard|p1a: Jirachi
|-resisted|p1a: Jirachi
|-damage|p1a: Jirachi|76/100
|
|-weather|Hail|[upkeep]
|-damage|p1a: Jirachi|70/100|[from] Hail
|-heal|p1a: Jirachi|76/100|[from] item: Leftovers
|upkeep
|turn|3
|
|t:|1717086149
|switch|p2a: Garchomp|Garchomp, M|100/100
|move|p1a: Jirachi|Fire Punch|p2a: Garchomp
|-resisted|p2a: Garchomp
|-damage|p2a: Garchomp|92/100
|-damage|p1a: Jirachi|64/100|[from] ability: Rough Skin|[of] p2a: Garchomp
|
|-weather|Hail|[upkeep]
|-damage|p2a: Garchomp|86/100|[from] Hail
|-damage|p1a: Jirachi|58/100|[from] Hail
|-heal|p1a: Jirachi|64/100|[from] item: Leftovers
|upkeep
|turn|4
|inactive|BWVC BookofConke has 120 seconds left.
|
|t:|1717086170
|switch|p1a: Sableye|Sableye, M|93/100
|move|p2a: Garchomp|Rock Slide|p1a: Sableye
|-damage|p1a: Sableye|67/100
|
|-weather|Hail|[upkeep]
|-damage|p2a: Garchomp|79/100|[from] Hail
|-damage|p1a: Sableye|61/100|[from] Hail
|-heal|p1a: Sableye|67/100|[from] item: Leftovers
|upkeep
|turn|5
|inactive|BWVC BookofConke has 120 seconds left.
|
|t:|1717086181
|switch|p2a: Jirachi|Jirachi|100/100 brn
|move|p1a: Sableye|Recover|p1a: Sableye
|-heal|p1a: Sableye|100/100
|
|-weather|Hail|[upkeep]
|-damage|p2a: Jirachi|94/100 brn|[from] Hail
|-damage|p1a: Sableye|95/100|[from] Hail
|-heal|p2a: Jirachi|100/100 brn|[from] item: Leftovers
|-heal|p1a: Sableye|100/100|[from] item: Leftovers
|-damage|p2a: Jirachi|88/100 brn|[from] brn
|upkeep
|turn|6
|inactive|BWVC BookofConke has 120 seconds left.
|
|t:|1717086194
|switch|p1a: Xatu|Xatu, M|100/100
|move|p2a: Jirachi|Stealth Rock|p1a: Xatu
|move|p1a: Xatu|Stealth Rock|p2a: Jirachi|[from]ability: Magic Bounce
|-sidestart|p2: BWVC BookofConke|move: Stealth Rock
|
|-weather|Hail|[upkeep]
|-damage|p2a: Jirachi|82/100 brn|[from] Hail
|-damage|p1a: Xatu|94/100|[from] Hail
|-heal|p2a: Jirachi|88/100 brn|[from] item: Leftovers
|-heal|p1a: Xatu|100/100|[from] item: Leftovers
|-damage|p2a: Jirachi|76/100 brn|[from] brn
|upkeep
|turn|7
|inactive|BWVC BookofConke has 120 seconds left.
|inactive|BWVC BookofConke has 90 seconds left.
|
|t:|1717086230
|move|p2a: Jirachi|Fire Punch|p1a: Xatu
|-damage|p1a: Xatu|92/100
|-status|p1a: Xatu|brn
|move|p1a: Xatu|Night Shade|p2a: Jirachi
|-damage|p2a: Jirachi|51/100 brn
|
|-weather|Hail|[upkeep]
|-damage|p2a: Jirachi|45/100 brn|[from] Hail
|-damage|p1a: Xatu|86/100 brn|[from] Hail
|-heal|p2a: Jirachi|51/100 brn|[from] item: Leftovers
|-heal|p1a: Xatu|92/100 brn|[from] item: Leftovers
|-damage|p2a: Jirachi|39/100 brn|[from] brn
|-damage|p1a: Xatu|80/100 brn|[from] brn
|upkeep
|turn|8
|inactive|BWVC BookofConke has 90 seconds left.
|
|t:|1717086244
|move|p2a: Jirachi|U-turn|p1a: Xatu
|-damage|p1a: Xatu|73/100 brn
|inactive|BWVC BookofConke has 90 seconds left.
|
|t:|1717086253
|switch|p2a: Starmie|Starmie|100/100|[from] U-turn
|-damage|p2a: Starmie|88/100|[from] Stealth Rock
|-item|p2a: Starmie|Air Balloon
|move|p1a: Xatu|U-turn|p2a: Starmie
|-supereffective|p2a: Starmie
|-damage|p2a: Starmie|68/100
|-enditem|p2a: Starmie|Air Balloon
|
|t:|1717086260
|switch|p1a: Sableye|Sableye, M|100/100|[from] U-turn
|
|-weather|Hail|[upkeep]
|-damage|p2a: Starmie|62/100|[from] Hail
|-damage|p1a: Sableye|95/100|[from] Hail
|-heal|p1a: Sableye|100/100|[from] item: Leftovers
|upkeep
|turn|9
|
|t:|1717086273
|switch|p2a: Jirachi|Jirachi|39/100 brn
|-damage|p2a: Jirachi|32/100 brn|[from] Stealth Rock
|move|p1a: Sableye|Foul Play|p2a: Jirachi
|-damage|p2a: Jirachi|6/100 brn
|
|-weather|Hail|[upkeep]
|-damage|p2a: Jirachi|0 fnt|[from] Hail
|-damage|p1a: Sableye|95/100|[from] Hail
|faint|p2a: Jirachi
|-heal|p1a: Sableye|100/100|[from] item: Leftovers
|upkeep
|inactive|BWVC BookofConke has 90 seconds left.
|
|t:|1717086292
|switch|p2a: Latios|Latios, M|100/100
|-damage|p2a: Latios|88/100|[from] Stealth Rock
|turn|10
|inactive|BWVC BookofConke has 90 seconds left.
|
|t:|1717086302
|switch|p2a: Kyurem|Kyurem-Black|100/100
|-damage|p2a: Kyurem|76/100|[from] Stealth Rock
|-ability|p2a: Kyurem|Teravolt
|switch|p1a: Xatu|Xatu, M|73/100 brn
|
|-weather|Hail|[upkeep]
|-damage|p1a: Xatu|67/100 brn|[from] Hail
|-heal|p1a: Xatu|73/100 brn|[from] item: Leftovers
|-damage|p1a: Xatu|60/100 brn|[from] brn
|upkeep
|turn|11
|inactive|BWVC BookofConke has 90 seconds left.
|
|t:|1717086314
|move|p2a: Kyurem|Substitute|p2a: Kyurem
|-start|p2a: Kyurem|Substitute
|-damage|p2a: Kyurem|51/100
|move|p1a: Xatu|Night Shade|p2a: Kyurem
|-activate|p2a: Kyurem|Substitute|[damage]
|
|-weather|Hail|[upkeep]
|-damage|p1a: Xatu|54/100 brn|[from] Hail
|-heal|p1a: Xatu|60/100 brn|[from] item: Leftovers
|-damage|p1a: Xatu|48/100 brn|[from] brn
|upkeep
|turn|12
|inactive|BWVC BookofConke has 90 seconds left.
|
|t:|1717086327
|move|p2a: Kyurem|Fusion Bolt|p1a: Xatu
|-supereffective|p1a: Xatu
|-damage|p1a: Xatu|0 fnt
|faint|p1a: Xatu
|
|-weather|Hail|[upkeep]
|upkeep
|
|t:|1717086331
|switch|p1a: Chansey|Chansey, F|100/100
|turn|13
|inactive|BWVC BookofConke has 90 seconds left.
|
|t:|1717086353
|move|p2a: Kyurem|Freeze Shock||[still]
|-prepare|p2a: Kyurem|Freeze Shock
|-enditem|p2a: Kyurem|Power Herb
|-anim|p2a: Kyurem|Freeze Shock|p1a: Chansey
|-damage|p1a: Chansey|29/100
|-status|p1a: Chansey|par
|move|p1a: Chansey|Seismic Toss|p2a: Kyurem
|-end|p2a: Kyurem|Substitute
|
|-weather|Hail|[upkeep]
|-damage|p1a: Chansey|23/100 par|[from] Hail
|upkeep
|turn|14
|inactive|BWVC BookofConke has 90 seconds left.
|
|t:|1717086370
|-curestatus|p1a: Chansey|par|[from] ability: Natural Cure
|switch|p1a: Quagsire|Quagsire, F|100/100
|move|p2a: Kyurem|Substitute|p2a: Kyurem
|-start|p2a: Kyurem|Substitute
|-damage|p2a: Kyurem|26/100
|
|-weather|Hail|[upkeep]
|-damage|p1a: Quagsire|94/100|[from] Hail
|-heal|p1a: Quagsire|100/100|[from] item: Leftovers
|upkeep
|turn|15
|
|t:|1717086395
|move|p2a: Kyurem|Freeze Shock||[still]
|-prepare|p2a: Kyurem|Freeze Shock
|move|p1a: Quagsire|Earthquake|p2a: Kyurem
|-crit|p2a: Kyurem
|-end|p2a: Kyurem|Substitute
|
|-weather|Hail|[upkeep]
|-damage|p1a: Quagsire|94/100|[from] Hail
|-heal|p1a: Quagsire|100/100|[from] item: Leftovers
|upkeep
|turn|16
|
|t:|1717086404
|switch|p1a: Jirachi|Jirachi|64/100
|move|p2a: Kyurem|Freeze Shock|p1a: Jirachi|[from]lockedmove
|-resisted|p1a: Jirachi
|-damage|p1a: Jirachi|25/100
|
|-weather|Hail|[upkeep]
|-damage|p1a: Jirachi|19/100|[from] Hail
|-heal|p1a: Jirachi|25/100|[from] item: Leftovers
|upkeep
|turn|17
|inactive|BWVC BookofConke has 60 seconds left.
|
|t:|1717086441
|switch|p2a: Garchomp|Garchomp, M|79/100
|-damage|p2a: Garchomp|73/100|[from] Stealth Rock
|move|p1a: Jirachi|Iron Head|p2a: Garchomp
|-damage|p2a: Garchomp|48/100
|-damage|p1a: Jirachi|13/100|[from] ability: Rough Skin|[of] p2a: Garchomp
|
|-weather|Hail|[upkeep]
|-damage|p2a: Garchomp|42/100|[from] Hail
|-damage|p1a: Jirachi|6/100|[from] Hail
|-heal|p1a: Jirachi|13/100|[from] item: Leftovers
|upkeep
|turn|18
|
|t:|1717086466
|move|p2a: Garchomp|Earthquake|p1a: Jirachi
|-supereffective|p1a: Jirachi
|-damage|p1a: Jirachi|0 fnt
|faint|p1a: Jirachi
|
|-weather|Hail|[upkeep]
|-damage|p2a: Garchomp|36/100|[from] Hail
|upkeep
|
|t:|1717086475
|switch|p1a: Quagsire|Quagsire, F|100/100
|turn|19
|
|t:|1717086494
|switch|p2a: Starmie|Starmie|62/100
|-damage|p2a: Starmie|50/100|[from] Stealth Rock
|move|p1a: Quagsire|Scald|p2a: Starmie
|-resisted|p2a: Starmie
|-damage|p2a: Starmie|33/100
|
|-weather|Hail|[upkeep]
|-damage|p2a: Starmie|27/100|[from] Hail
|-damage|p1a: Quagsire|94/100|[from] Hail
|-heal|p1a: Quagsire|100/100|[from] item: Leftovers
|upkeep
|turn|20
|
|t:|1717086506
|switch|p1a: Sableye|Sableye, M|100/100
|move|p2a: Starmie|Rapid Spin|p1a: Sableye
|-immune|p1a: Sableye
|
|-weather|Hail|[upkeep]
|-damage|p2a: Starmie|21/100|[from] Hail
|-damage|p1a: Sableye|95/100|[from] Hail
|-heal|p1a: Sableye|100/100|[from] item: Leftovers
|upkeep
|turn|21
|
|t:|1717086516
|move|p2a: Starmie|Hydro Pump|p1a: Sableye
|-damage|p1a: Sableye|19/100
|move|p1a: Sableye|Foul Play|p2a: Starmie
|-supereffective|p2a: Starmie
|-damage|p2a: Starmie|0 fnt
|faint|p2a: Starmie
|
|-weather|Hail|[upkeep]
|-damage|p1a: Sableye|13/100|[from] Hail
|-heal|p1a: Sableye|19/100|[from] item: Leftovers
|upkeep
|inactive|BWVC BookofConke has 30 seconds left.
|
|t:|1717086531
|switch|p2a: Abomasnow|Abomasnow, M|100/100
|-damage|p2a: Abomasnow|76/100|[from] Stealth Rock
|turn|22
|inactive|BWVC BookofConke has 30 seconds left.
|
|t:|1717086542
|move|p1a: Sableye|Will-O-Wisp|p2a: Abomasnow|[miss]
|-miss|p1a: Sableye|p2a: Abomasnow
|move|p2a: Abomasnow|Blizzard|p1a: Sableye
|-damage|p1a: Sableye|0 fnt
|faint|p1a: Sableye
|
|-weather|Hail|[upkeep]
|upkeep
|
|t:|1717086545
|switch|p1a: Chansey|Chansey, F|23/100
|turn|23
|
|t:|1717086556
|move|p2a: Abomasnow|Wood Hammer|p1a: Chansey
|-damage|p1a: Chansey|0 fnt
|faint|p1a: Chansey
|-damage|p2a: Abomasnow|61/100|[from] Recoil
|
|-weather|Hail|[upkeep]
|upkeep
|
|t:|1717086559
|switch|p1a: Tentacruel|Tentacruel, F|100/100
|turn|24
|
|t:|1717086578
|move|p1a: Tentacruel|Scald|p2a: Abomasnow
|-resisted|p2a: Abomasnow
|-crit|p2a: Abomasnow
|-damage|p2a: Abomasnow|34/100
|move|p2a: Abomasnow|Wood Hammer|p1a: Tentacruel
|-damage|p1a: Tentacruel|57/100
|-damage|p2a: Abomasnow|18/100|[from] Recoil
|
|-weather|Hail|[upkeep]
|-damage|p1a: Tentacruel|50/100|[from] Hail
|-heal|p1a: Tentacruel|57/100|[from] item: Black Sludge
|upkeep
|turn|25
|inactive|BWVC BookofConke has 30 seconds left.
|
|t:|1717086603
|move|p1a: Tentacruel|Scald|p2a: Abomasnow
|-resisted|p2a: Abomasnow
|-damage|p2a: Abomasnow|4/100
|-status|p2a: Abomasnow|brn
|move|p2a: Abomasnow|Wood Hammer|p1a: Tentacruel
|-damage|p1a: Tentacruel|33/100
|-damage|p2a: Abomasnow|0 fnt|[from] Recoil
|faint|p2a: Abomasnow
|
|-weather|Hail|[upkeep]
|-damage|p1a: Tentacruel|26/100|[from] Hail
|-heal|p1a: Tentacruel|33/100|[from] item: Black Sludge
|upkeep
|inactive|BWVC BookofConke has 30 seconds left this turn.
|inactive|BWVC BookofConke has 20 seconds left.
|inactive|BWVC BookofConke has 15 seconds left.
|
|t:|1717086620
|switch|p2a: Garchomp|Garchomp, M|36/100
|-damage|p2a: Garchomp|29/100|[from] Stealth Rock
|turn|26
|inactive|BWVC BookofConke has 25 seconds left this turn.
|inactive|BWVC BookofConke has 20 seconds left.
|
|t:|1717086626
|switch|p1a: Quagsire|Quagsire, F|100/100
|move|p2a: Garchomp|Earthquake|p1a: Quagsire
|-damage|p1a: Quagsire|61/100
|
|-weather|Hail|[upkeep]
|-damage|p2a: Garchomp|23/100|[from] Hail
|-damage|p1a: Quagsire|55/100|[from] Hail
|-heal|p1a: Quagsire|61/100|[from] item: Leftovers
|upkeep
|turn|27
|inactive|BWVC BookofConke has 30 seconds left this turn.
|inactive|BWVC BookofConke has 20 seconds left.
|
|t:|1717086637
|move|p2a: Garchomp|Earthquake|p1a: Quagsire
|-damage|p1a: Quagsire|25/100
|move|p1a: Quagsire|Recover|p1a: Quagsire
|-heal|p1a: Quagsire|76/100
|
|-weather|Hail|[upkeep]
|-damage|p2a: Garchomp|17/100|[from] Hail
|-damage|p1a: Quagsire|69/100|[from] Hail
|-heal|p1a: Quagsire|76/100|[from] item: Leftovers
|upkeep
|turn|28
|inactive|BWVC BookofConke has 30 seconds left this turn.
|
|t:|1717086647
|move|p2a: Garchomp|Earthquake|p1a: Quagsire
|-damage|p1a: Quagsire|41/100
|move|p1a: Quagsire|Recover|p1a: Quagsire
|-heal|p1a: Quagsire|91/100
|
|-weather|Hail|[upkeep]
|-damage|p2a: Garchomp|11/100|[from] Hail
|-damage|p1a: Quagsire|85/100|[from] Hail
|-heal|p1a: Quagsire|91/100|[from] item: Leftovers
|upkeep
|turn|29
|inactive|BWVC BookofConke has 30 seconds left.
|
|t:|1717086656
|move|p2a: Garchomp|Earthquake|p1a: Quagsire
|-crit|p1a: Quagsire
|-damage|p1a: Quagsire|20/100
|move|p1a: Quagsire|Recover|p1a: Quagsire
|-heal|p1a: Quagsire|70/100
|
|-weather|Hail|[upkeep]
|-damage|p2a: Garchomp|5/100|[from] Hail
|-damage|p1a: Quagsire|64/100|[from] Hail
|-heal|p1a: Quagsire|70/100|[from] item: Leftovers
|upkeep
|turn|30
|inactive|BWVC BookofConke has 30 seconds left.
|
|t:|1717086672
|move|p2a: Garchomp|Earthquake|p1a: Quagsire
|-damage|p1a: Quagsire|36/100
|move|p1a: Quagsire|Recover|p1a: Quagsire
|-heal|p1a: Quagsire|87/100
|
|-weather|Hail|[upkeep]
|-damage|p2a: Garchomp|0 fnt|[from] Hail
|-damage|p1a: Quagsire|80/100|[from] Hail
|faint|p2a: Garchomp
|-heal|p1a: Quagsire|87/100|[from] item: Leftovers
|upkeep
|inactive|BWVC BookofConke has 30 seconds left this turn.
|inactive|BWVC BookofConke has 20 seconds left.
|inactive|BWVC BookofConke has 15 seconds left.
|
|t:|1717086688
|switch|p2a: Latios|Latios, M|88/100
|-damage|p2a: Latios|76/100|[from] Stealth Rock
|turn|31
|inactive|BWVC BookofConke has 25 seconds left this turn.
|inactive|BWVC BookofConke has 20 seconds left.
|inactive|BWVC BookofConke has 15 seconds left.
|inactive|BWVC BookofConke has 10 seconds left.
|
|t:|1717086705
|switch|p1a: Tentacruel|Tentacruel, F|33/100
|move|p2a: Latios|Recover|p2a: Latios
|-heal|p2a: Latios|100/100
|
|-weather|Hail|[upkeep]
|-damage|p2a: Latios|95/100|[from] Hail
|-damage|p1a: Tentacruel|26/100|[from] Hail
|-heal|p1a: Tentacruel|33/100|[from] item: Black Sludge
|upkeep
|turn|32
|inactive|BWVC BookofConke has 20 seconds left this turn.
|inactive|BWVC BookofConke has 15 seconds left.
|inactive|BWVC BookofConke has 10 seconds left.
|
|t:|1717086717
|move|p2a: Latios|Draco Meteor|p1a: Tentacruel
|-crit|p1a: Tentacruel
|-damage|p1a: Tentacruel|0 fnt
|-unboost|p2a: Latios|spa|2
|faint|p1a: Tentacruel
|
|-weather|Hail|[upkeep]
|-damage|p2a: Latios|89/100|[from] Hail
|upkeep
|inactive|BWVC BookofConke has 15 seconds left this turn.
|
|t:|1717086719
|switch|p1a: Quagsire|Quagsire, F|87/100
|turn|33
|inactive|BWVC BookofConke has 25 seconds left this turn.
|inactive|BWVC BookofConke has 20 seconds left.
|inactive|BWVC BookofConke has 15 seconds left.
|inactive|BWVC BookofConke has 10 seconds left.
|
|t:|1717086738
|move|p2a: Latios|Draco Meteor|p1a: Quagsire
|-damage|p1a: Quagsire|0 fnt
|-unboost|p2a: Latios|spa|2
|faint|p1a: Quagsire
|
|win|BWVC BookofConke
|inactive|BWVC BookofConke has 15 seconds left this turn.
|raw|radaty's rating: 1411 &rarr; <strong>1394</strong><br />(-17 for losing)
|raw|BWVC BookofConke's rating: 1456 &rarr; <strong>1473</strong><br />(+17 for winning)
|l|☆radaty
|player|p1|
