|j|☆Nougalex
|j|☆leoperi99
|t:|1707918850
|gametype|singles
|player|p1|Nougalex|rosa-masters3|1269
|player|p2|leoperi99|roxie-masters|1511
|teamsize|p1|6
|teamsize|p2|6
|gen|5
|tier|[Gen 5] OU
|rated|
|rule|Species Clause: Limit one of each Pokémon
|rule|OHKO Clause: OHKO moves are banned
|rule|Moody Clause: Moody is banned
|rule|Evasion Items Clause: Evasion items are banned
|rule|Evasion Moves Clause: Evasion moves are banned
|rule|Endless Battle Clause: Forcing endless battles is banned
|rule|HP Percentage Mod: HP is shown in percentages
|rule|Evasion Abilities Clause: Evasion abilities are banned
|rule|Sleep Moves Clause: Sleep-inducing moves are banned
|rule|Swagger Clause: Swagger is banned
|rule|Baton Pass Stat Clause: No Baton Passer may have a way to boost its stats
|clearpoke
|poke|p1|Gengar, M|item
|poke|p1|Landorus-Therian, M|item
|poke|p1|Toxicroak, M|item
|poke|p1|Magnezone|item
|poke|p1|Hydreigon, F|item
|poke|p1|Jirachi|item
|poke|p2|Excadrill, M|item
|poke|p2|Tyranitar, F|item
|poke|p2|Latios, M|item
|poke|p2|Jellicent, F|item
|poke|p2|Skarmory, F|item
|poke|p2|Landorus-Therian, M|item
|teampreview
|c|☆Nougalex|love your avatar !
|
|t:|1707918877
|start
|switch|p1a: Lancer|Hydreigon, F|100/100
|switch|p2a: Landorus|Landorus-Therian, M, shiny|100/100
|-ability|p2a: Landorus|Intimidate|boost
|-unboost|p1a: Lancer|atk|1
|turn|1
|inactive|Battle timer is ON: inactive players will automatically lose when time's up. (requested by Nougalex)
|
|t:|1707918903
|switch|p2a: Tyranitar|Tyranitar, F|100/100
|-weather|Sandstorm|[from] ability: Sand Stream|[of] p2a: Tyranitar
|move|p1a: Lancer|Draco Meteor|p2a: Tyranitar
|-damage|p2a: Tyranitar|66/100
|-unboost|p1a: Lancer|spa|2
|
|-weather|Sandstorm|[upkeep]
|-damage|p1a: Lancer|94/100|[from] Sandstorm
|upkeep
|turn|2
|
|t:|1707918913
|move|p1a: Lancer|Focus Blast|p2a: Tyranitar|[miss]
|-miss|p1a: Lancer|p2a: Tyranitar
|move|p2a: Tyranitar|Thunder Wave|p1a: Lancer
|-status|p1a: Lancer|par
|
|-weather|Sandstorm|[upkeep]
|-damage|p1a: Lancer|88/100 par|[from] Sandstorm
|upkeep
|turn|3
|
|t:|1707918924
|switch|p2a: Skarmory|Skarmory, F|100/100
|switch|p1a: Destra|Gengar, M, shiny|100/100
|
|-weather|Sandstorm|[upkeep]
|-damage|p1a: Destra|94/100|[from] Sandstorm
|upkeep
|turn|4
|
|t:|1707918933
|move|p1a: Destra|Focus Blast|p2a: Skarmory|[miss]
|-miss|p1a: Destra|p2a: Skarmory
|move|p2a: Skarmory|Stealth Rock|p1a: Destra
|-sidestart|p1: Nougalex|move: Stealth Rock
|
|-weather|Sandstorm|[upkeep]
|-damage|p1a: Destra|88/100|[from] Sandstorm
|upkeep
|turn|5
|
|t:|1707918941
|move|p1a: Destra|Focus Blast|p2a: Skarmory
|-ability|p2a: Skarmory|Sturdy
|-damage|p2a: Skarmory|1/100
|move|p2a: Skarmory|Spikes|p1a: Destra
|-sidestart|p1: Nougalex|Spikes
|
|-weather|Sandstorm|[upkeep]
|-damage|p1a: Destra|82/100|[from] Sandstorm
|upkeep
|turn|6
|-enditem|p2a: Skarmory|Custap Berry|[eat]
|-activate|p2a: Skarmory|item: Custap Berry|[consumed]
|
|t:|1707918949
|move|p2a: Skarmory|Brave Bird|p1a: Destra
|-damage|p1a: Destra|0 fnt
|faint|p1a: Destra
|-damage|p2a: Skarmory|0 fnt|[from] Recoil
|faint|p2a: Skarmory
|
|-weather|Sandstorm|[upkeep]
|upkeep
|
|t:|1707918963
|switch|p1a: Sael|Jirachi|100/100
|switch|p2a: Landorus|Landorus-Therian, M, shiny|100/100
|-damage|p1a: Sael|94/100|[from] Stealth Rock
|-damage|p1a: Sael|82/100|[from] Spikes
|-ability|p2a: Landorus|Intimidate|boost
|-unboost|p1a: Sael|atk|1
|turn|7
|
|t:|1707918971
|move|p1a: Sael|Ice Punch|p2a: Landorus
|-supereffective|p2a: Landorus
|-damage|p2a: Landorus|25/100
|move|p2a: Landorus|Substitute|p2a: Landorus
|-fail|p2a: Landorus|move: Substitute|[weak]
|
|-weather|Sandstorm|[upkeep]
|-heal|p2a: Landorus|31/100|[from] item: Leftovers
|upkeep
|turn|8
|c|☆leoperi99|oh
|c|☆leoperi99|scarf
|
|t:|1707918979
|switch|p2a: Jellicent|Jellicent, F|100/100
|-item|p2a: Jellicent|Air Balloon
|move|p1a: Sael|Ice Punch|p2a: Jellicent
|-resisted|p2a: Jellicent
|-crit|p2a: Jellicent
|-damage|p2a: Jellicent|80/100
|-status|p2a: Jellicent|frz
|-enditem|p2a: Jellicent|Air Balloon
|
|-weather|Sandstorm|[upkeep]
|-damage|p2a: Jellicent|74/100 frz|[from] Sandstorm
|upkeep
|turn|9
|c|☆leoperi99|can you like
|c|☆leoperi99|not hax
|c|☆Nougalex|oh
|
|t:|1707918990
|switch|p1a: Lancer|Hydreigon, F|88/100 par
|-damage|p1a: Lancer|76/100 par|[from] Stealth Rock
|-curestatus|p2a: Jellicent|frz|[from] move: Scald
|move|p2a: Jellicent|Scald|p1a: Lancer
|-resisted|p1a: Lancer
|-damage|p1a: Lancer|61/100 par
|
|-weather|Sandstorm|[upkeep]
|-damage|p2a: Jellicent|68/100|[from] Sandstorm
|-damage|p1a: Lancer|55/100 par|[from] Sandstorm
|upkeep
|turn|10
|
|t:|1707919001
|switch|p2a: Tyranitar|Tyranitar, F|66/100
|move|p1a: Lancer|Dark Pulse|p2a: Tyranitar
|-resisted|p2a: Tyranitar
|-damage|p2a: Tyranitar|56/100
|
|-weather|Sandstorm|[upkeep]
|-damage|p1a: Lancer|49/100 par|[from] Sandstorm
|upkeep
|turn|11
|
|t:|1707919009
|move|p2a: Tyranitar|Rock Slide|p1a: Lancer
|-damage|p1a: Lancer|8/100 par
|cant|p1a: Lancer|par
|
|-weather|Sandstorm|[upkeep]
|-damage|p1a: Lancer|2/100 par|[from] Sandstorm
|upkeep
|turn|12
|c|☆Nougalex|don't worry hax on the two sides lmao
|
|t:|1707919027
|move|p2a: Tyranitar|Pursuit|p1a: Lancer
|-resisted|p1a: Lancer
|-damage|p1a: Lancer|0 fnt
|faint|p1a: Lancer
|
|-weather|Sandstorm|[upkeep]
|upkeep
|
|t:|1707919037
|switch|p1a: Strada|Toxicroak, M, shiny|100/100
|-damage|p1a: Strada|94/100|[from] Stealth Rock
|-damage|p1a: Strada|82/100|[from] Spikes
|turn|13
|
|t:|1707919043
|move|p1a: Strada|Swords Dance|p1a: Strada
|-boost|p1a: Strada|atk|2
|move|p2a: Tyranitar|Thunder Wave|p1a: Strada
|-status|p1a: Strada|par
|
|-weather|Sandstorm|[upkeep]
|-damage|p1a: Strada|76/100 par|[from] Sandstorm
|upkeep
|turn|14
|
|t:|1707919051
|switch|p2a: Jellicent|Jellicent, F|68/100
|move|p1a: Strada|Drain Punch|p2a: Jellicent
|-immune|p2a: Jellicent
|
|-weather|Sandstorm|[upkeep]
|-damage|p2a: Jellicent|62/100|[from] Sandstorm
|-damage|p1a: Strada|70/100 par|[from] Sandstorm
|upkeep
|turn|15
|
|t:|1707919059
|move|p1a: Strada|Sucker Punch|p2a: Jellicent
|-supereffective|p2a: Jellicent
|-damage|p2a: Jellicent|0 fnt
|faint|p2a: Jellicent
|-damage|p1a: Strada|60/100 par|[from] item: Life Orb
|
|-weather|Sandstorm|[upkeep]
|-damage|p1a: Strada|54/100 par|[from] Sandstorm
|upkeep
|
|t:|1707919063
|switch|p2a: Landorus|Landorus-Therian, M, shiny|31/100
|-ability|p2a: Landorus|Intimidate|boost
|-unboost|p1a: Strada|atk|1
|turn|16
|
|t:|1707919069
|move|p2a: Landorus|Gravity|p2a: Landorus
|-fieldstart|move: Gravity
|move|p1a: Strada|Ice Punch|p2a: Landorus
|-supereffective|p2a: Landorus
|-damage|p2a: Landorus|0 fnt
|faint|p2a: Landorus
|-damage|p1a: Strada|44/100 par|[from] item: Life Orb
|
|-weather|Sandstorm|[upkeep]
|-damage|p1a: Strada|38/100 par|[from] Sandstorm
|upkeep
|
|t:|1707919074
|switch|p2a: Excadrill|Excadrill, M, shiny|100/100
|turn|17
|
|t:|1707919079
|move|p1a: Strada|Sucker Punch|p2a: Excadrill
|-resisted|p2a: Excadrill
|-damage|p2a: Excadrill|69/100
|-damage|p1a: Strada|28/100 par|[from] item: Life Orb
|move|p2a: Excadrill|Earthquake|p1a: Strada
|-supereffective|p1a: Strada
|-damage|p1a: Strada|0 fnt
|faint|p1a: Strada
|
|-weather|Sandstorm|[upkeep]
|upkeep
|
|t:|1707919088
|switch|p1a: Krueger|Landorus-Therian, M, shiny|100/100
|-damage|p1a: Krueger|88/100|[from] Stealth Rock
|-damage|p1a: Krueger|75/100|[from] Spikes
|-ability|p1a: Krueger|Intimidate|boost
|-unboost|p2a: Excadrill|atk|1
|turn|18
|
|t:|1707919097
|switch|p2a: Latios|Latios, M|100/100
|move|p1a: Krueger|Earthquake|p2a: Latios
|-damage|p2a: Latios|30/100
|
|-weather|Sandstorm|[upkeep]
|-damage|p2a: Latios|24/100|[from] Sandstorm
|upkeep
|turn|19
|
|t:|1707919104
|move|p2a: Latios|Surf|p1a: Krueger
|-supereffective|p1a: Krueger
|-damage|p1a: Krueger|0 fnt
|faint|p1a: Krueger
|
|-weather|Sandstorm|[upkeep]
|-damage|p2a: Latios|18/100|[from] Sandstorm
|upkeep
|c|☆Nougalex|oh
|c|☆Nougalex|scarf
|
|t:|1707919117
|switch|p1a: Torres|Magnezone, shiny|100/100
|-damage|p1a: Torres|94/100|[from] Stealth Rock
|-damage|p1a: Torres|82/100|[from] Spikes
|turn|20
|j| bw lordd moonman
|
|t:|1707919124
|switch|p2a: Tyranitar|Tyranitar, F|56/100
|move|p1a: Torres|Flash Cannon|p2a: Tyranitar
|-supereffective|p2a: Tyranitar
|-damage|p2a: Tyranitar|16/100
|
|-weather|Sandstorm|[upkeep]
|-fieldend|move: Gravity
|upkeep
|turn|21
|l| bw lordd moonman
|
|t:|1707919131
|move|p1a: Torres|Flash Cannon|p2a: Tyranitar
|-supereffective|p2a: Tyranitar
|-damage|p2a: Tyranitar|0 fnt
|faint|p2a: Tyranitar
|
|-weather|Sandstorm|[upkeep]
|upkeep
|
|t:|1707919133
|switch|p2a: Excadrill|Excadrill, M, shiny|69/100
|turn|22
|
|t:|1707919140
|move|p2a: Excadrill|Earthquake|p1a: Torres
|-immune|p1a: Torres
|move|p1a: Torres|Hidden Power|p2a: Excadrill
|-damage|p2a: Excadrill|38/100
|
|-weather|Sandstorm|[upkeep]
|upkeep
|turn|23
|c|☆leoperi99|huh
|c|☆leoperi99|but how
|c|☆Nougalex|wait
|c|☆Nougalex|what
|c|☆leoperi99|theres no ballon
|c|☆Nougalex|huh
|c|☆leoperi99|no magnet rise
|
|t:|1707919163
|move|p2a: Excadrill|Earthquake|p1a: Torres
|-immune|p1a: Torres
|move|p1a: Torres|Hidden Power|p2a: Excadrill
|-damage|p2a: Excadrill|3/100
|
|-weather|Sandstorm|[upkeep]
|upkeep
|turn|24
|c|☆Nougalex|hum....
|inactive|leoperi99 has 120 seconds left.
|c|☆Nougalex|My Magnezone actually have the balloon
|inactive|leoperi99 has 90 seconds left.
|c|☆leoperi99|but it doesnt show
|-message|leoperi99 forfeited.
|
|win|Nougalex
|raw|Nougalex's rating: 1269 &rarr; <strong>1309</strong><br />(+40 for winning)
|raw|leoperi99's rating: 1511 &rarr; <strong>1479</strong><br />(-32 for losing)
|l|☆leoperi99
|player|p2|
|c|☆Nougalex|yes what happening
