|j|☆Kapolat
|j|☆katsuko vlone ❄️
|player|p1|Kapolat|2
|player|p2|katsuko vlone ❄️|138
|teamsize|p1|6
|teamsize|p2|6
|gametype|singles
|gen|5
|tier|[Gen 5] OU
|rated|
|rule|Sleep Clause Mod: Limit one foe put to sleep
|rule|Species Clause: Limit one of each Pokémon
|rule|OHKO Clause: OHKO moves are banned
|rule|Moody Clause: Moody is banned
|rule|Evasion Moves Clause: Evasion moves are banned
|rule|Endless Battle Clause: Forcing endless battles is banned
|rule|HP Percentage Mod: HP is shown in percentages
|rule|Evasion Abilities Clause: Evasion abilities are banned
|rule|Baton Pass Clause: Limit one Baton Passer, can't pass Spe and other stats simultaneously
|rule|Swagger Clause: Swagger is banned
|clearpoke
|poke|p1|Tyranitar, F|item
|poke|p1|Garchomp, F|item
|poke|p1|Skarmory, M|item
|poke|p1|Latias, F|item
|poke|p1|Magnezone|item
|poke|p1|Reuniclus, M|item
|poke|p2|Salamence, F|item
|poke|p2|Excadrill, M|item
|poke|p2|Tyranitar, F|item
|poke|p2|Rotom-Wash|item
|poke|p2|Landorus-Therian, M|item
|poke|p2|Latios, M|item
|teampreview
|inactive|Battle timer is ON: inactive players will automatically lose when time's up. (requested by katsuko vlone ❄️)
|inactive|Kapolat has 120 seconds left.
|
|start
|switch|p1a: Magnezone|Magnezone|100/100
|switch|p2a: Landorus|Landorus-Therian, M|100/100
|-ability|p2a: Landorus|Intimidate|boost
|-unboost|p1a: Magnezone|atk|1
|turn|1
|
|switch|p1a: Skarmory|Skarmory, M|100/100
|move|p2a: Landorus|U-turn|p1a: Skarmory
|-resisted|p1a: Skarmory
|-damage|p1a: Skarmory|97/100
|
|switch|p2a: Rotom|Rotom-Wash|100/100
|
|-heal|p1a: Skarmory|100/100|[from] item: Leftovers
|upkeep
|turn|2
|
|switch|p1a: Reuniclus|Reuniclus, M|100/100
|move|p2a: Rotom|Volt Switch|p1a: Reuniclus
|-damage|p1a: Reuniclus|78/100
|
|switch|p2a: Tyranitar|Tyranitar, F|100/100
|-weather|Sandstorm|[from] ability: Sand Stream|[of] p2a: Tyranitar
|
|-weather|Sandstorm|[upkeep]
|upkeep
|turn|3
|
|switch|p1a: Skarmory|Skarmory, M|100/100
|move|p2a: Tyranitar|Stealth Rock|p1a: Skarmory
|-sidestart|p1: Kapolat|move: Stealth Rock
|
|-weather|Sandstorm|[upkeep]
|upkeep
|turn|4
|
|move|p1a: Skarmory|Spikes|p2a: Tyranitar
|-sidestart|p2: katsuko vlone ❄️|Spikes
|move|p2a: Tyranitar|Fire Blast|p1a: Skarmory
|-supereffective|p1a: Skarmory
|-damage|p1a: Skarmory|33/100
|
|-weather|Sandstorm|[upkeep]
|-heal|p1a: Skarmory|39/100|[from] item: Leftovers
|upkeep
|turn|5
|
|switch|p1a: Tyranitar|Tyranitar, F|100/100
|-damage|p1a: Tyranitar|88/100|[from] Stealth Rock
|move|p2a: Tyranitar|Fire Blast|p1a: Tyranitar
|-resisted|p1a: Tyranitar
|-damage|p1a: Tyranitar|81/100
|
|-weather|Sandstorm|[upkeep]
|upkeep
|turn|6
|
|switch|p2a: Landorus|Landorus-Therian, M|100/100
|-ability|p2a: Landorus|Intimidate|boost
|-unboost|p1a: Tyranitar|atk|1
|move|p1a: Tyranitar|Stealth Rock|p2a: Landorus
|-sidestart|p2: katsuko vlone ❄️|move: Stealth Rock
|
|-weather|Sandstorm|[upkeep]
|upkeep
|turn|7
|
|switch|p1a: Skarmory|Skarmory, M|39/100
|-damage|p1a: Skarmory|26/100|[from] Stealth Rock
|move|p2a: Landorus|U-turn|p1a: Skarmory
|-resisted|p1a: Skarmory
|-damage|p1a: Skarmory|23/100
|
|switch|p2a: Rotom|Rotom-Wash|100/100
|-damage|p2a: Rotom|88/100|[from] Stealth Rock
|
|-weather|Sandstorm|[upkeep]
|-damage|p2a: Rotom|82/100|[from] Sandstorm
|-heal|p2a: Rotom|88/100|[from] item: Leftovers
|-heal|p1a: Skarmory|29/100|[from] item: Leftovers
|upkeep
|turn|8
|
|switch|p1a: Garchomp|Garchomp, F|100/100
|-damage|p1a: Garchomp|94/100|[from] Stealth Rock
|move|p2a: Rotom|Volt Switch|p1a: Garchomp
|-immune|p1a: Garchomp
|
|-weather|Sandstorm|[upkeep]
|-damage|p2a: Rotom|82/100|[from] Sandstorm
|-heal|p2a: Rotom|88/100|[from] item: Leftovers
|upkeep
|turn|9
|
|switch|p1a: Reuniclus|Reuniclus, M|78/100
|move|p2a: Rotom|Will-O-Wisp|p1a: Reuniclus
|-status|p1a: Reuniclus|brn
|
|-weather|Sandstorm|[upkeep]
|-damage|p2a: Rotom|82/100|[from] Sandstorm
|-heal|p2a: Rotom|88/100|[from] item: Leftovers
|upkeep
|turn|10
|
|move|p2a: Rotom|Volt Switch|p1a: Reuniclus
|-damage|p1a: Reuniclus|54/100 brn
|
|switch|p2a: Tyranitar|Tyranitar, F|100/100
|-damage|p2a: Tyranitar|88/100|[from] Stealth Rock
|-damage|p2a: Tyranitar|76/100|[from] Spikes
|move|p1a: Reuniclus|Trick Room|p1a: Reuniclus
|-fieldstart|move: Trick Room|[of] p1a: Reuniclus
|
|-weather|Sandstorm|[upkeep]
|upkeep
|turn|11
|
|move|p1a: Reuniclus|Focus Blast|p2a: Tyranitar
|-supereffective|p2a: Tyranitar
|-enditem|p2a: Tyranitar|Chople Berry|[eat]
|-enditem|p2a: Tyranitar|Chople Berry|[weaken]
|-damage|p2a: Tyranitar|18/100
|move|p2a: Tyranitar|Pursuit|p1a: Reuniclus
|-supereffective|p1a: Reuniclus
|-damage|p1a: Reuniclus|9/100 brn
|
|-weather|Sandstorm|[upkeep]
|upkeep
|turn|12
|
|move|p1a: Reuniclus|Focus Blast|p2a: Tyranitar
|-supereffective|p2a: Tyranitar
|-damage|p2a: Tyranitar|0 fnt
|faint|p2a: Tyranitar
|
|-weather|Sandstorm|[upkeep]
|upkeep
|
|switch|p2a: Landorus|Landorus-Therian, M|100/100
|-damage|p2a: Landorus|88/100|[from] Stealth Rock
|-ability|p2a: Landorus|Intimidate|boost
|-unboost|p1a: Reuniclus|atk|1
|turn|13
|
|move|p1a: Reuniclus|Psychic|p2a: Landorus
|-damage|p2a: Landorus|16/100
|move|p2a: Landorus|U-turn|p1a: Reuniclus
|-supereffective|p1a: Reuniclus
|-damage|p1a: Reuniclus|0 fnt
|faint|p1a: Reuniclus
|
|switch|p2a: Rotom|Rotom-Wash|88/100
|-damage|p2a: Rotom|75/100|[from] Stealth Rock
|
|-weather|Sandstorm|[upkeep]
|-damage|p2a: Rotom|69/100|[from] Sandstorm
|-heal|p2a: Rotom|75/100|[from] item: Leftovers
|upkeep
|
|switch|p1a: Magnezone|Magnezone|100/100
|-damage|p1a: Magnezone|94/100|[from] Stealth Rock
|turn|14
|
|move|p1a: Magnezone|Volt Switch|p2a: Rotom
|-damage|p2a: Rotom|16/100
|
|switch|p1a: Latias|Latias, F|100/100
|-damage|p1a: Latias|88/100|[from] Stealth Rock
|move|p2a: Rotom|Volt Switch|p1a: Latias
|-resisted|p1a: Latias
|-damage|p1a: Latias|78/100
|
|switch|p2a: Latios|Latios, M|100/100
|-damage|p2a: Latios|88/100|[from] Stealth Rock
|
|-weather|Sandstorm|[upkeep]
|-damage|p1a: Latias|72/100|[from] Sandstorm
|-damage|p2a: Latios|82/100|[from] Sandstorm
|-heal|p1a: Latias|78/100|[from] item: Leftovers
|-fieldend|move: Trick Room
|upkeep
|turn|15
|
|switch|p2a: Landorus|Landorus-Therian, M|16/100
|-damage|p2a: Landorus|4/100|[from] Stealth Rock
|-ability|p2a: Landorus|Intimidate|boost
|-unboost|p1a: Latias|atk|1
|switch|p1a: Skarmory|Skarmory, M|29/100
|-damage|p1a: Skarmory|17/100|[from] Stealth Rock
|
|-weather|Sandstorm|[upkeep]
|-heal|p2a: Landorus|10/100|[from] item: Leftovers
|-heal|p1a: Skarmory|23/100|[from] item: Leftovers
|upkeep
|turn|16
|
|move|p2a: Landorus|Gravity|p2a: Landorus
|-fieldstart|move: Gravity
|move|p1a: Skarmory|Whirlwind|p2a: Landorus
|drag|p2a: Excadrill|Excadrill, M|100/100
|-damage|p2a: Excadrill|97/100|[from] Stealth Rock
|-damage|p2a: Excadrill|85/100|[from] Spikes
|
|-weather|Sandstorm|[upkeep]
|-heal|p1a: Skarmory|29/100|[from] item: Leftovers
|upkeep
|turn|17
|
|switch|p1a: Garchomp|Garchomp, F|94/100
|-damage|p1a: Garchomp|88/100|[from] Stealth Rock
|move|p2a: Excadrill|Earthquake|p1a: Garchomp
|-damage|p1a: Garchomp|16/100
|
|-weather|Sandstorm|[upkeep]
|upkeep
|turn|18
|
|move|p1a: Garchomp|Earthquake|p2a: Excadrill
|-supereffective|p2a: Excadrill
|-damage|p2a: Excadrill|0 fnt
|faint|p2a: Excadrill
|
|-weather|Sandstorm|[upkeep]
|upkeep
|
|switch|p2a: Salamence|Salamence, F|100/100
|-damage|p2a: Salamence|76/100|[from] Stealth Rock
|-damage|p2a: Salamence|63/100|[from] Spikes
|-ability|p2a: Salamence|Intimidate|boost
|-unboost|p1a: Garchomp|atk|1
|turn|19
|
|switch|p1a: Skarmory|Skarmory, M|29/100
|-damage|p1a: Skarmory|16/100|[from] Stealth Rock
|move|p2a: Salamence|Hydro Pump|p1a: Skarmory
|-damage|p1a: Skarmory|0 fnt
|faint|p1a: Skarmory
|
|-weather|Sandstorm|[upkeep]
|-damage|p2a: Salamence|57/100|[from] Sandstorm
|upkeep
|
|switch|p1a: Latias|Latias, F|78/100
|-damage|p1a: Latias|66/100|[from] Stealth Rock
|turn|20
|
|switch|p2a: Landorus|Landorus-Therian, M|10/100
|-damage|p2a: Landorus|0 fnt|[from] Spikes
|faint|p2a: Landorus
|move|p1a: Latias|Substitute|p1a: Latias
|-start|p1a: Latias|Substitute
|-damage|p1a: Latias|41/100
|
|-weather|Sandstorm|[upkeep]
|-damage|p1a: Latias|35/100|[from] Sandstorm
|-heal|p1a: Latias|41/100|[from] item: Leftovers
|-fieldend|move: Gravity
|upkeep
|
|switch|p2a: Latios|Latios, M|82/100
|-damage|p2a: Latios|70/100|[from] Stealth Rock
|turn|21
|
|move|p2a: Latios|Draco Meteor|p1a: Latias
|-supereffective|p1a: Latias
|-end|p1a: Latias|Substitute
|-unboost|p2a: Latios|spa|2
|move|p1a: Latias|Dragon Pulse|p2a: Latios
|-supereffective|p2a: Latios
|-damage|p2a: Latios|3/100
|
|-weather|Sandstorm|[upkeep]
|-damage|p2a: Latios|0 fnt|[from] Sandstorm
|-damage|p1a: Latias|35/100|[from] Sandstorm
|-heal|p1a: Latias|41/100|[from] item: Leftovers
|upkeep
|faint|p2a: Latios
|
|switch|p2a: Salamence|Salamence, F|57/100
|-damage|p2a: Salamence|33/100|[from] Stealth Rock
|-ability|p2a: Salamence|Intimidate|boost
|-unboost|p1a: Latias|atk|1
|turn|22
|c|☆katsuko vlone ❄️|gg
|
|move|p1a: Latias|Dragon Pulse|p2a: Salamence
|-supereffective|p2a: Salamence
|-damage|p2a: Salamence|0 fnt
|faint|p2a: Salamence
|
|-weather|Sandstorm|[upkeep]
|-damage|p1a: Latias|35/100|[from] Sandstorm
|-heal|p1a: Latias|41/100|[from] item: Leftovers
|upkeep
|
|switch|p2a: Rotom|Rotom-Wash|16/100
|-damage|p2a: Rotom|4/100|[from] Stealth Rock
|turn|23
|
|move|p1a: Latias|Dragon Pulse|p2a: Rotom
|-damage|p2a: Rotom|0 fnt
|faint|p2a: Rotom
|
|win|Kapolat
|raw|Kapolat's rating: 1523 &rarr; <strong>1537</strong><br />(+14 for winning)
|raw|katsuko vlone ❄️'s rating: 1412 &rarr; <strong>1398</strong><br />(-14 for losing)
