|j|☆574RM4N
|j|☆phosphor
|t:|1722320803
|gametype|singles
|player|p1|574RM4N|lucas|1378
|player|p2|phosphor|#phosphor|1489
|teamsize|p1|6
|teamsize|p2|6
|gen|5
|tier|[Gen 5] OU
|rated|
|rule|Species Clause: Limit one of each Pokémon
|rule|OHKO Clause: OHKO moves are banned
|rule|Moody Clause: Moody is banned
|rule|Evasion Items Clause: Evasion items are banned
|rule|Evasion Moves Clause: Evasion moves are banned
|rule|Endless Battle Clause: Forcing endless battles is banned
|rule|HP Percentage Mod: HP is shown in percentages
|rule|Evasion Abilities Clause: Evasion abilities are banned
|rule|Sleep Moves Clause: Sleep-inducing moves are banned
|rule|Swagger Clause: Swagger is banned
|rule|Baton Pass Stat Clause: No Baton Passer may have a way to boost its stats
|clearpoke
|poke|p1|Politoed, F|item
|poke|p1|Tornadus, M|item
|poke|p1|Ferrothorn, M|item
|poke|p1|Excadrill, F|item
|poke|p1|Thundurus-Therian, M|item
|poke|p1|Alakazam, M|item
|poke|p2|Mew|item
|poke|p2|Starmie|item
|poke|p2|Scizor, F|item
|poke|p2|Dragonite, M|item
|poke|p2|Mamoswine, M|item
|poke|p2|Gliscor, M|item
|teampreview
|c|☆phosphor|gl hf
|c|☆574RM4N|u2
|c|☆574RM4N|cool team
|
|t:|1722320831
|start
|switch|p1a: Politoed|Politoed, F, shiny|100/100
|switch|p2a: Mew|Mew|100/100
|-weather|RainDance|[from] ability: Drizzle|[of] p1a: Politoed
|turn|1
|
|t:|1722320850
|move|p2a: Mew|Stealth Rock|p1a: Politoed
|-sidestart|p1: 574RM4N|move: Stealth Rock
|move|p1a: Politoed|Scald|p2a: Mew
|-damage|p2a: Mew|70/100
|
|-weather|RainDance|[upkeep]
|upkeep
|turn|2
|
|t:|1722320857
|move|p2a: Mew|Thunder|p1a: Politoed
|-supereffective|p1a: Politoed
|-damage|p1a: Politoed|43/100
|move|p1a: Politoed|Scald|p2a: Mew
|-damage|p2a: Mew|40/100
|
|-weather|RainDance|[upkeep]
|-heal|p1a: Politoed|49/100|[from] item: Leftovers
|upkeep
|turn|3
|
|t:|1722320867
|switch|p1a: Excadrill|Excadrill, F|100/100
|-damage|p1a: Excadrill|97/100|[from] Stealth Rock
|-ability|p1a: Excadrill|Mold Breaker
|move|p2a: Mew|Thunder|p1a: Excadrill
|-immune|p1a: Excadrill
|
|-weather|RainDance|[upkeep]
|upkeep
|turn|4
|
|t:|1722320873
|move|p1a: Excadrill|Rapid Spin|p2a: Mew
|-damage|p2a: Mew|31/100
|-sideend|p1: 574RM4N|Stealth Rock|[from] move: Rapid Spin|[of] p1a: Excadrill
|move|p2a: Mew|Fire Blast|p1a: Excadrill
|-supereffective|p1a: Excadrill
|-damage|p1a: Excadrill|54/100
|
|-weather|RainDance|[upkeep]
|upkeep
|turn|5
|
|t:|1722320896
|switch|p1a: Thundurus|Thundurus-Therian, M|100/100
|move|p2a: Mew|Stealth Rock|p1a: Thundurus
|-sidestart|p1: 574RM4N|move: Stealth Rock
|
|-weather|RainDance|[upkeep]
|upkeep
|turn|6
|
|t:|1722320914
|move|p2a: Mew|Explosion|p1a: Thundurus
|-damage|p1a: Thundurus|19/100
|faint|p2a: Mew
|move|p1a: Thundurus|Thunder|p2: Mew|[notarget]
|-fail|p1a: Thundurus
|
|-weather|RainDance|[upkeep]
|-heal|p1a: Thundurus|25/100|[from] item: Leftovers
|upkeep
|
|t:|1722320944
|switch|p2a: Mamoswine|Mamoswine, M|100/100
|turn|7
|
|t:|1722320970
|switch|p1a: Politoed|Politoed, F, shiny|49/100
|-damage|p1a: Politoed|36/100|[from] Stealth Rock
|move|p2a: Mamoswine|Ice Shard|p1a: Politoed
|-resisted|p1a: Politoed
|-damage|p1a: Politoed|27/100
|
|-weather|RainDance|[upkeep]
|-heal|p1a: Politoed|33/100|[from] item: Leftovers
|upkeep
|turn|8
|
|t:|1722320988
|move|p1a: Politoed|Protect|p1a: Politoed
|-singleturn|p1a: Politoed|Protect
|move|p2a: Mamoswine|Earthquake|p1a: Politoed
|-activate|p1a: Politoed|move: Protect
|
|-weather|RainDance|[upkeep]
|-heal|p1a: Politoed|40/100|[from] item: Leftovers
|upkeep
|turn|9
|
|t:|1722321018
|switch|p1a: Thundurus|Thundurus-Therian, M|25/100
|-damage|p1a: Thundurus|0 fnt|[from] Stealth Rock
|faint|p1a: Thundurus
|move|p2a: Mamoswine|Earthquake|p1: Thundurus|[notarget]
|-fail|p2a: Mamoswine
|
|-weather|RainDance|[upkeep]
|upkeep
|
|t:|1722321024
|switch|p1a: Excadrill|Excadrill, F|54/100
|-damage|p1a: Excadrill|51/100|[from] Stealth Rock
|-ability|p1a: Excadrill|Mold Breaker
|turn|10
|
|t:|1722321032
|switch|p2a: Gliscor|Gliscor, M|100/100
|move|p1a: Excadrill|Rapid Spin|p2a: Gliscor
|-damage|p2a: Gliscor|92/100
|-sideend|p1: 574RM4N|Stealth Rock|[from] move: Rapid Spin|[of] p1a: Excadrill
|
|-weather|RainDance|[upkeep]
|upkeep
|turn|11
|
|t:|1722321045
|switch|p1a: Ferrothorn|Ferrothorn, M|100/100
|move|p2a: Gliscor|Sky Attack||[still]
|-prepare|p2a: Gliscor|Sky Attack
|-enditem|p2a: Gliscor|Power Herb
|-anim|p2a: Gliscor|Sky Attack|p1a: Ferrothorn
|-damage|p1a: Ferrothorn|55/100
|
|-weather|RainDance|[upkeep]
|upkeep
|turn|12
|
|t:|1722321070
|move|p2a: Gliscor|Swords Dance|p2a: Gliscor
|-boost|p2a: Gliscor|atk|2
|move|p1a: Ferrothorn|Stealth Rock|p2a: Gliscor
|-sidestart|p2: phosphor|move: Stealth Rock
|
|-weather|RainDance|[upkeep]
|upkeep
|turn|13
|
|t:|1722321076
|switch|p1a: Politoed|Politoed, F, shiny|40/100
|move|p2a: Gliscor|Acrobatics|p1a: Politoed
|-damage|p1a: Politoed|0 fnt
|faint|p1a: Politoed
|
|-weather|RainDance|[upkeep]
|upkeep
|
|t:|1722321081
|switch|p1a: Alakazam|Alakazam, M|100/100
|turn|14
|
|t:|1722321089
|move|p1a: Alakazam|Hidden Power|p2a: Gliscor
|-supereffective|p2a: Gliscor
|-damage|p2a: Gliscor|0 fnt
|faint|p2a: Gliscor
|
|-weather|RainDance|[upkeep]
|upkeep
|
|t:|1722321093
|switch|p2a: Starmie|Starmie|100/100
|-damage|p2a: Starmie|88/100|[from] Stealth Rock
|-item|p2a: Starmie|Air Balloon
|turn|15
|
|t:|1722321104
|switch|p1a: Ferrothorn|Ferrothorn, M|55/100
|move|p2a: Starmie|Rapid Spin|p1a: Ferrothorn
|-resisted|p1a: Ferrothorn
|-damage|p1a: Ferrothorn|54/100
|-damage|p2a: Starmie|76/100|[from] ability: Iron Barbs|[of] p1a: Ferrothorn
|-sideend|p2: phosphor|Stealth Rock|[from] move: Rapid Spin|[of] p2a: Starmie
|
|-weather|RainDance|[upkeep]
|upkeep
|turn|16
|
|t:|1722321120
|switch|p2a: Scizor|Scizor, F|100/100
|move|p1a: Ferrothorn|Stealth Rock|p2a: Scizor
|-sidestart|p2: phosphor|move: Stealth Rock
|
|-weather|RainDance|[upkeep]
|upkeep
|turn|17
|
|t:|1722321129
|move|p2a: Scizor|Superpower|p1a: Ferrothorn
|-supereffective|p1a: Ferrothorn
|-damage|p1a: Ferrothorn|0 fnt
|-unboost|p2a: Scizor|atk|1
|-unboost|p2a: Scizor|def|1
|-damage|p2a: Scizor|88/100|[from] ability: Iron Barbs|[of] p1a: Ferrothorn
|faint|p1a: Ferrothorn
|-damage|p2a: Scizor|78/100|[from] item: Life Orb
|
|-weather|RainDance|[upkeep]
|upkeep
|
|t:|1722321131
|switch|p1a: Tornadus|Tornadus, M|100/100
|turn|18
|
|t:|1722321176
|move|p2a: Scizor|Bullet Punch|p1a: Tornadus
|-damage|p1a: Tornadus|54/100
|-damage|p2a: Scizor|68/100|[from] item: Life Orb
|move|p1a: Tornadus|Hurricane|p2a: Scizor
|-damage|p2a: Scizor|0 fnt
|faint|p2a: Scizor
|
|-weather|RainDance|[upkeep]
|-heal|p1a: Tornadus|60/100|[from] item: Leftovers
|upkeep
|
|t:|1722321182
|switch|p2a: Starmie|Starmie|76/100
|-damage|p2a: Starmie|64/100|[from] Stealth Rock
|-item|p2a: Starmie|Air Balloon
|turn|19
|
|t:|1722321191
|move|p1a: Tornadus|Protect|p1a: Tornadus
|-singleturn|p1a: Tornadus|Protect
|move|p2a: Starmie|Hydro Pump|p1a: Tornadus
|-activate|p1a: Tornadus|move: Protect
|
|-weather|RainDance|[upkeep]
|-heal|p1a: Tornadus|66/100|[from] item: Leftovers
|upkeep
|turn|20
|
|t:|1722321208
|move|p2a: Starmie|Hydro Pump|p1a: Tornadus
|-crit|p1a: Tornadus
|-damage|p1a: Tornadus|0 fnt
|faint|p1a: Tornadus
|
|-weather|RainDance|[upkeep]
|upkeep
|
|t:|1722321216
|switch|p1a: Alakazam|Alakazam, M|100/100
|turn|21
|
|t:|1722321247
|switch|p2a: Dragonite|Dragonite, M|100/100
|-damage|p2a: Dragonite|76/100|[from] Stealth Rock
|move|p1a: Alakazam|Signal Beam|p2a: Dragonite
|-resisted|p2a: Dragonite
|-damage|p2a: Dragonite|62/100
|
|-weather|RainDance|[upkeep]
|upkeep
|turn|22
|inactive|Battle timer is ON: inactive players will automatically lose when time's up. (requested by phosphor)
|
|t:|1722321384
|switch|p1a: Excadrill|Excadrill, F|51/100
|-ability|p1a: Excadrill|Mold Breaker
|move|p2a: Dragonite|Extreme Speed|p1a: Excadrill
|-resisted|p1a: Excadrill
|-damage|p1a: Excadrill|30/100
|
|-weather|RainDance|[upkeep]
|upkeep
|turn|23
|
|t:|1722321409
|switch|p1a: Alakazam|Alakazam, M|100/100
|move|p2a: Dragonite|Extreme Speed|p1a: Alakazam
|-damage|p1a: Alakazam|18/100
|
|-weather|RainDance|[upkeep]
|upkeep
|turn|24
|c|☆574RM4N|gg
|
|t:|1722321416
|move|p2a: Dragonite|Extreme Speed|p1a: Alakazam
|-damage|p1a: Alakazam|0 fnt
|faint|p1a: Alakazam
|
|-weather|RainDance|[upkeep]
|upkeep
|c|☆phosphor|gg
|
|t:|1722321419
|switch|p1a: Excadrill|Excadrill, F|30/100
|-ability|p1a: Excadrill|Mold Breaker
|turn|25
|c|☆phosphor|if you rs there
|c|☆phosphor|i would have activated subsalac on mamo
|
|t:|1722321431
|move|p2a: Dragonite|Extreme Speed|p1a: Excadrill
|-resisted|p1a: Excadrill
|-damage|p1a: Excadrill|8/100
|move|p1a: Excadrill|Rock Slide|p2a: Dragonite
|-supereffective|p2a: Dragonite
|-damage|p2a: Dragonite|0 fnt
|faint|p2a: Dragonite
|
|-weather|RainDance|[upkeep]
|upkeep
|
|t:|1722321433
|switch|p2a: Mamoswine|Mamoswine, M|100/100
|-damage|p2a: Mamoswine|88/100|[from] Stealth Rock
|turn|26
|c|☆phosphor|!showteam
|c|+phosphor|/raw <div class="infobox"><details><summary>View team</summary>Mew @ Mental Herb  <br />Ability: Synchronize  <br />EVs: 144 SpA &#x2f; 176 SpD &#x2f; 188 Spe  <br />Timid Nature  <br />- Stealth Rock  <br />- Fire Blast  <br />- Thunder  <br />- Explosion  <br /><br />Starmie @ Air Balloon  <br />Ability: Analytic  <br />Hidden Power: Fire  <br />EVs: 224 SpA &#x2f; 56 SpD &#x2f; 228 Spe  <br />Timid Nature  <br />IVs: 30 Atk &#x2f; 30 SpA &#x2f; 30 Spe  <br />- Hydro Pump  <br />- Thunderbolt  <br />- Hidden Power [Fire]  <br />- Rapid Spin  <br /><br />Scizor (F) @ Life Orb  <br />Ability: Technician  <br />EVs: 40 HP &#x2f; 252 Atk &#x2f; 216 Spe  <br />Adamant Nature  <br />- Swords Dance  <br />- Bullet Punch  <br />- Superpower  <br />- Pursuit  <br /><br />Dragonite (M) @ Lum Berry  <br />Ability: Multiscale  <br />EVs: 252 Atk &#x2f; 4 SpD &#x2f; 252 Spe  <br />Adamant Nature  <br />- Dragon Dance  <br />- Outrage  <br />- Extreme Speed  <br />- Superpower  <br /><br />Mamoswine (M) @ Salac Berry  <br />Ability: Thick Fat  <br />EVs: 252 Atk &#x2f; 4 SpD &#x2f; 252 Spe  <br />Adamant Nature  <br />IVs: 30 HP  <br />- Substitute  <br />- Icicle Crash  <br />- Ice Shard  <br />- Earthquake  <br /><br />Gliscor (M) @ Power Herb  <br />Ability: Hyper Cutter  <br />EVs: 12 HP &#x2f; 252 Atk &#x2f; 244 Spe  <br />Adamant Nature  <br />- Swords Dance  <br />- Sky Attack  <br />- Acrobatics  <br />- Earthquake  <br /><br /></details></div>
|
|t:|1722321450
|move|p2a: Mamoswine|Ice Shard|p1a: Excadrill
|-damage|p1a: Excadrill|0 fnt
|faint|p1a: Excadrill
|
|win|phosphor
|raw|574RM4N's rating: 1378 &rarr; <strong>1364</strong><br />(-14 for losing)
|raw|phosphor's rating: 1489 &rarr; <strong>1503</strong><br />(+14 for winning)
