|join|raichushiny
|join|Korby
|player|p1|raichushiny|169
|player|p2|Korby|198
|gametype|singles
|gen|5
|tier|[Gen 5] OU
|rated
|rule|Evasion Abilities Clause: Evasion abilities are banned
|clearpoke
|poke|p1|Gliscor, M, shiny
|poke|p1|Snorlax, F, shiny
|poke|p1|Latios, M, shiny
|poke|p1|Magnezone
|poke|p1|Metagross
|poke|p1|Keldeo, shiny
|poke|p2|Politoed, F
|poke|p2|Keldeo
|poke|p2|Thundurus-Therian, M
|poke|p2|Toxicroak, M
|poke|p2|Ferrothorn, F
|poke|p2|Dragonite, M
|rule|Sleep Clause Mod: Limit one foe put to sleep
|rule|Species Clause: Limit one of each Pokemon
|rule|OHKO Clause: OHKO moves are banned
|rule|Moody Clause: Moody is banned
|rule|Evasion Moves Clause: Evasion moves are banned
|rule|Endless Battle Clause: Forcing endless battles is banned.
|rule|HP Percentage Mod: HP is reported as percentages
|teampreview
|
|start
|switch|p1a: Legend|Latios, M, shiny|301/301
|switch|p2a: Politoed|Politoed, F|384/384
|-weather|RainDance|[from] ability: Drizzle|[of] p2a: Politoed
|turn|1
|
|switch|p2a: Ferrothorn|Ferrothorn, F|352/352
|move|p1a: Legend|Draco Meteor|p2a: Ferrothorn
|-resisted|p2a: Ferrothorn
|-damage|p2a: Ferrothorn|178/352
|-unboost|p1a: Legend|spa|2
|
|-weather|RainDance|[upkeep]
|-heal|p2a: Ferrothorn|200/352|[from] item: Leftovers
|turn|2
|
|switch|p1a: Annoy you|Gliscor, M, shiny|354/354
|switch|p2a: Keldeo|Keldeo|323/323
|
|-weather|RainDance|[upkeep]
|-status|p1a: Annoy you|tox|[from] item: Toxic Orb
|turn|3
|
|switch|p1a: Legend|Latios, M, shiny|301/301
|move|p2a: Keldeo|Hydro Pump|p1a: Legend|[miss]
|-miss|p2a: Keldeo|p1a: Legend
|
|-weather|RainDance|[upkeep]
|turn|4
|chat|raichushiny|sorry
|
|switch|p2a: Ferrothorn|Ferrothorn, F|200/352
|move|p1a: Legend|Draco Meteor|p2a: Ferrothorn
|-resisted|p2a: Ferrothorn
|-damage|p2a: Ferrothorn|28/352
|-unboost|p1a: Legend|spa|2
|
|-weather|RainDance|[upkeep]
|-heal|p2a: Ferrothorn|50/352|[from] item: Leftovers
|turn|5
|
|move|p1a: Legend|Draco Meteor|p2a: Ferrothorn
|-resisted|p2a: Ferrothorn
|-damage|p2a: Ferrothorn|0 fnt
|-unboost|p1a: Legend|spa|2
|faint|p2a: Ferrothorn
|
|-weather|RainDance|[upkeep]
|
|switch|p2a: Thundurus-Therian|Thundurus-Therian, M|300/300
|turn|6
|
|switch|p1a: I'm thin|Snorlax, F, shiny|463/463
|move|p2a: Thundurus-Therian|Nasty Plot|p2a: Thundurus-Therian
|-boost|p2a: Thundurus-Therian|spa|2
|
|-weather|RainDance|[upkeep]
|turn|7
|
|move|p2a: Thundurus-Therian|Focus Blast|p1a: I'm thin
|-supereffective|p1a: I'm thin
|-damage|p1a: I'm thin|0 fnt
|-damage|p2a: Thundurus-Therian|270/300|[from] item: Life Orb
|faint|p1a: I'm thin
|
|-weather|RainDance|[upkeep]
|
|switch|p1a: Legend|Latios, M, shiny|301/301
|turn|8
|
|switch|p2a: Politoed|Politoed, F|384/384
|move|p1a: Legend|Draco Meteor|p2a: Politoed
|-damage|p2a: Politoed|5/384
|-unboost|p1a: Legend|spa|2
|
|-weather|RainDance|[upkeep]
|-heal|p2a: Politoed|29/384|[from] item: Leftovers
|turn|9
|
|move|p1a: Legend|Draco Meteor|p2a: Politoed
|-crit|p2a: Politoed
|-damage|p2a: Politoed|0 fnt
|-unboost|p1a: Legend|spa|2
|faint|p2a: Politoed
|
|-weather|RainDance|[upkeep]
|
|switch|p2a: Keldeo|Keldeo|323/323
|turn|10
|
|switch|p1a: Overused|Keldeo, shiny|323/323
|move|p2a: Keldeo|Hydro Pump|p1a: Overused
|-resisted|p1a: Overused
|-damage|p1a: Overused|138/323
|
|-weather|RainDance|[upkeep]
|turn|11
|
|move|p2a: Keldeo|Hydro Pump|p1a: Overused|[miss]
|-miss|p2a: Keldeo|p1a: Overused
|move|p1a: Overused|Secret Sword|p2a: Keldeo
|-damage|p2a: Keldeo|68/323
|
|-weather|RainDance|[upkeep]
|turn|12
|
|move|p2a: Keldeo|Hydro Pump|p1a: Overused
|-resisted|p1a: Overused
|-damage|p1a: Overused|0 fnt
|faint|p1a: Overused
|
|-weather|RainDance|[upkeep]
|
|switch|p1a: Legend|Latios, M, shiny|301/301
|turn|13
|
|switch|p2a: Toxicroak|Toxicroak, M|370/370
|move|p1a: Legend|Psyshock|p2a: Toxicroak
|-supereffective|p2a: Toxicroak
|-damage|p2a: Toxicroak|0 fnt
|faint|p2a: Toxicroak
|
|-weather|RainDance|[upkeep]
|
|switch|p2a: Dragonite|Dragonite, M|323/323
|turn|14
|
|switch|p1a: Annoy you|Gliscor, M, shiny|354/354 tox
|move|p2a: Dragonite|Surf|p1a: Annoy you
|-supereffective|p1a: Annoy you
|-damage|p1a: Annoy you|0 fnt
|-damage|p2a: Dragonite|291/323|[from] item: Life Orb
|faint|p1a: Annoy you
|
|-weather|RainDance|[upkeep]
|
|switch|p1a: Legend|Latios, M, shiny|301/301
|turn|15
|
|move|p1a: Legend|Draco Meteor|p2a: Dragonite
|-supereffective|p2a: Dragonite
|-damage|p2a: Dragonite|0 fnt
|-unboost|p1a: Legend|spa|2
|faint|p2a: Dragonite
|
|-weather|RainDance|[upkeep]
|
|switch|p2a: Keldeo|Keldeo|68/323
|turn|16
|
|move|p2a: Keldeo|Hydro Pump|p1a: Legend
|-resisted|p1a: Legend
|-damage|p1a: Legend|142/301
|move|p1a: Legend|Draco Meteor|p2a: Keldeo
|-damage|p2a: Keldeo|0 fnt
|-unboost|p1a: Legend|spa|2
|faint|p2a: Keldeo
|
|-weather|RainDance|[upkeep]
|
|switch|p2a: Thundurus-Therian|Thundurus-Therian, M|270/300
|turn|17
|
|move|p1a: Legend|Draco Meteor|p2a: Thundurus-Therian
|-damage|p2a: Thundurus-Therian|122/300
|-unboost|p1a: Legend|spa|2
|move|p2a: Thundurus-Therian|Thunder|p1a: Legend
|-resisted|p1a: Legend
|-damage|p1a: Legend|0 fnt
|-damage|p2a: Thundurus-Therian|92/300|[from] item: Life Orb
|faint|p1a: Legend
|
|-weather|RainDance|[upkeep]
|
|switch|p1a: GG Scizor|Magnezone|281/281
|turn|18
|-message|Korby forfeited.
|
|win|raichushiny
|raw|Ladder updating...
|raw|raichushiny's rating: 1393 &rarr; <strong>1408</strong><br />(+15 for winning)
|raw|Korby's rating: 1312 &rarr; <strong>1297</strong><br />(-15 for losing)
|leave|Korby
|player|p2