|j|☆BahamutLagoon
|j|☆dontmockbriefcase
|player|p1|BahamutLagoon|n|1417
|player|p2|dontmockbriefcase|clair|1370
|teamsize|p1|6
|teamsize|p2|6
|gametype|singles
|gen|5
|tier|[Gen 5] OU
|rated|
|clearpoke
|poke|p1|Politoed, F|item
|poke|p1|Gyarados, F|item
|poke|p1|Tentacruel, F|item
|poke|p1|Ferrothorn, F|item
|poke|p1|Jirachi|item
|poke|p1|Latias, F|item
|poke|p2|Latios, M|item
|poke|p2|Salamence, M|item
|poke|p2|Starmie|item
|poke|p2|Magnezone|item
|poke|p2|Rotom-Wash|item
|poke|p2|Jirachi|item
|rule|Species Clause: Limit one of each Pokémon
|rule|OHKO Clause: OHKO moves are banned
|rule|Moody Clause: Moody is banned
|rule|Evasion Moves Clause: Evasion moves are banned
|rule|Endless Battle Clause: Forcing endless battles is banned
|rule|HP Percentage Mod: HP is shown in percentages
|rule|Evasion Abilities Clause: Evasion abilities are banned
|rule|Baton Pass Clause: Limit one Baton Passer, can't pass Spe and other stats simultaneously
|rule|Sleep Clause: Sleep-inducing moves are banned
|rule|Swagger Clause: Swagger is banned
|teampreview
|inactive|Battle timer is ON: inactive players will automatically lose when time's up. (requested by dontmockbriefcase)
|
|start
|switch|p1a: Politoed|Politoed, F|100/100
|switch|p2a: Jirachi|Jirachi|100/100
|-weather|RainDance|[from] ability: Drizzle|[of] p1a: Politoed
|turn|1
|
|move|p1a: Politoed|Hydro Pump|p2a: Jirachi
|-damage|p2a: Jirachi|54/100
|move|p2a: Jirachi|Stealth Rock|p1a: Politoed
|-sidestart|p1: BahamutLagoon|move: Stealth Rock
|
|-weather|RainDance|[upkeep]
|-heal|p2a: Jirachi|60/100|[from] item: Leftovers
|upkeep
|turn|2
|j| gen 5 hate acc
|
|switch|p2a: Starmie|Starmie|100/100
|move|p1a: Politoed|Hydro Pump|p2a: Starmie
|-resisted|p2a: Starmie
|-damage|p2a: Starmie|53/100
|
|-weather|RainDance|[upkeep]
|-heal|p2a: Starmie|59/100|[from] item: Leftovers
|upkeep
|turn|3
|
|switch|p1a: Ferrothorn|Ferrothorn, F|100/100
|-damage|p1a: Ferrothorn|95/100|[from] Stealth Rock
|move|p2a: Starmie|Recover|p2a: Starmie
|-heal|p2a: Starmie|100/100
|
|-weather|RainDance|[upkeep]
|-heal|p1a: Ferrothorn|100/100|[from] item: Leftovers
|upkeep
|turn|4
|
|switch|p2a: Magnezone|Magnezone|100/100
|move|p1a: Ferrothorn|Stealth Rock|p2a: Magnezone
|-sidestart|p2: dontmockbriefcase|move: Stealth Rock
|
|-weather|RainDance|[upkeep]
|upkeep
|turn|5
|
|move|p2a: Magnezone|Substitute|p2a: Magnezone
|-start|p2a: Magnezone|Substitute
|-damage|p2a: Magnezone|76/100
|move|p1a: Ferrothorn|Knock Off|p2a: Magnezone
|-resisted|p2a: Magnezone
|-activate|p2a: Magnezone|Substitute|[damage]
|
|-weather|RainDance|[upkeep]
|-heal|p2a: Magnezone|82/100|[from] item: Leftovers
|upkeep
|turn|6
|
|move|p2a: Magnezone|Hidden Power|p1a: Ferrothorn
|-supereffective|p1a: Ferrothorn
|-damage|p1a: Ferrothorn|63/100
|move|p1a: Ferrothorn|Spikes|p2a: Magnezone
|-sidestart|p2: dontmockbriefcase|Spikes
|
|-weather|RainDance|[upkeep]
|-heal|p2a: Magnezone|88/100|[from] item: Leftovers
|-heal|p1a: Ferrothorn|69/100|[from] item: Leftovers
|upkeep
|turn|7
|
|move|p2a: Magnezone|Hidden Power|p1a: Ferrothorn
|-supereffective|p1a: Ferrothorn
|-damage|p1a: Ferrothorn|31/100
|move|p1a: Ferrothorn|Spikes|p2a: Magnezone
|-sidestart|p2: dontmockbriefcase|Spikes
|
|-weather|RainDance|[upkeep]
|-heal|p2a: Magnezone|94/100|[from] item: Leftovers
|-heal|p1a: Ferrothorn|37/100|[from] item: Leftovers
|upkeep
|turn|8
|
|move|p2a: Magnezone|Hidden Power|p1a: Ferrothorn
|-supereffective|p1a: Ferrothorn
|-damage|p1a: Ferrothorn|4/100
|move|p1a: Ferrothorn|Spikes|p2a: Magnezone
|-sidestart|p2: dontmockbriefcase|Spikes
|
|-weather|RainDance|[upkeep]
|-heal|p2a: Magnezone|100/100|[from] item: Leftovers
|-heal|p1a: Ferrothorn|10/100|[from] item: Leftovers
|upkeep
|turn|9
|
|move|p2a: Magnezone|Hidden Power|p1a: Ferrothorn
|-supereffective|p1a: Ferrothorn
|-damage|p1a: Ferrothorn|0 fnt
|faint|p1a: Ferrothorn
|
|-weather|RainDance|[upkeep]
|upkeep
|inactive|BahamutLagoon has 120 seconds left.
|
|switch|p1a: Latias|Latias, F|100/100
|-damage|p1a: Latias|88/100|[from] Stealth Rock
|turn|10
|
|move|p1a: Latias|Calm Mind|p1a: Latias
|-boost|p1a: Latias|spa|1
|-boost|p1a: Latias|spd|1
|move|p2a: Magnezone|Volt Switch|p1a: Latias
|-resisted|p1a: Latias
|-damage|p1a: Latias|79/100
|
|switch|p2a: Latios|Latios, M|100/100|[from]move: Volt Switch
|-damage|p2a: Latios|88/100|[from] Stealth Rock
|
|-weather|RainDance|[upkeep]
|-heal|p1a: Latias|85/100|[from] item: Leftovers
|upkeep
|turn|11
|
|move|p1a: Latias|Dragon Pulse|p2a: Latios
|-supereffective|p2a: Latios
|-damage|p2a: Latios|0 fnt
|faint|p2a: Latios
|
|-weather|RainDance|[upkeep]
|-heal|p1a: Latias|91/100|[from] item: Leftovers
|upkeep
|
|switch|p2a: Jirachi|Jirachi|60/100
|-damage|p2a: Jirachi|35/100|[from] Spikes
|-damage|p2a: Jirachi|29/100|[from] Stealth Rock
|turn|12
|
|move|p1a: Latias|Dragon Pulse|p2a: Jirachi
|-resisted|p2a: Jirachi
|-damage|p2a: Jirachi|14/100
|move|p2a: Jirachi|Thunder Wave|p1a: Latias
|-status|p1a: Latias|par
|
|-weather|RainDance|[upkeep]
|-heal|p2a: Jirachi|20/100|[from] item: Leftovers
|-heal|p1a: Latias|97/100 par|[from] item: Leftovers
|upkeep
|turn|13
|
|move|p2a: Jirachi|Iron Head|p1a: Latias
|-damage|p1a: Latias|68/100 par
|cant|p1a: Latias|flinch
|
|-weather|RainDance|[upkeep]
|-heal|p2a: Jirachi|26/100|[from] item: Leftovers
|-heal|p1a: Latias|74/100 par|[from] item: Leftovers
|upkeep
|turn|14
|
|move|p2a: Jirachi|Iron Head|p1a: Latias
|-damage|p1a: Latias|44/100 par
|cant|p1a: Latias|flinch
|
|-weather|RainDance|[upkeep]
|-heal|p2a: Jirachi|33/100|[from] item: Leftovers
|-heal|p1a: Latias|50/100 par|[from] item: Leftovers
|upkeep
|turn|15
|
|move|p2a: Jirachi|Iron Head|p1a: Latias
|-damage|p1a: Latias|23/100 par
|cant|p1a: Latias|flinch
|
|-weather|RainDance|[upkeep]
|-heal|p2a: Jirachi|39/100|[from] item: Leftovers
|-heal|p1a: Latias|29/100 par|[from] item: Leftovers
|upkeep
|turn|16
|
|switch|p1a: Politoed|Politoed, F|100/100
|-damage|p1a: Politoed|88/100|[from] Stealth Rock
|move|p2a: Jirachi|Iron Head|p1a: Politoed
|-resisted|p1a: Politoed
|-damage|p1a: Politoed|71/100
|
|-weather|RainDance|[upkeep]
|-heal|p2a: Jirachi|45/100|[from] item: Leftovers
|upkeep
|turn|17
|
|switch|p2a: Starmie|Starmie|100/100
|-damage|p2a: Starmie|88/100|[from] Stealth Rock
|-damage|p2a: Starmie|63/100|[from] Spikes
|move|p1a: Politoed|Hydro Pump|p2a: Starmie
|-resisted|p2a: Starmie
|-damage|p2a: Starmie|20/100
|
|-weather|RainDance|[upkeep]
|-heal|p2a: Starmie|27/100|[from] item: Leftovers
|upkeep
|turn|18
|
|move|p1a: Politoed|Hydro Pump|p2a: Starmie
|-resisted|p2a: Starmie
|-damage|p2a: Starmie|0 fnt
|faint|p2a: Starmie
|
|-weather|RainDance|[upkeep]
|upkeep
|
|switch|p2a: Salamence|Salamence, M|100/100
|-damage|p2a: Salamence|76/100|[from] Stealth Rock
|turn|19
|
|switch|p1a: Gyarados|Gyarados, F|100/100
|-damage|p1a: Gyarados|76/100|[from] Stealth Rock
|-ability|p1a: Gyarados|Intimidate|boost
|-unboost|p2a: Salamence|atk|1
|move|p2a: Salamence|Dragon Dance|p2a: Salamence
|-boost|p2a: Salamence|atk|1
|-boost|p2a: Salamence|spe|1
|
|-weather|RainDance|[upkeep]
|-heal|p1a: Gyarados|82/100|[from] item: Leftovers
|upkeep
|turn|20
|
|move|p2a: Salamence|Outrage|p1a: Gyarados
|-damage|p1a: Gyarados|3/100
|move|p1a: Gyarados|Waterfall|p2a: Salamence
|-resisted|p2a: Salamence
|-damage|p2a: Salamence|36/100
|
|-weather|RainDance|[upkeep]
|-heal|p1a: Gyarados|9/100|[from] item: Leftovers
|upkeep
|turn|21
|
|move|p2a: Salamence|Outrage|p1a: Gyarados|[from]lockedmove
|-damage|p1a: Gyarados|0 fnt
|-start|p2a: Salamence|confusion|[fatigue]
|faint|p1a: Gyarados
|-ability|p2a: Salamence|Moxie|boost
|-boost|p2a: Salamence|atk|1
|-enditem|p2a: Salamence|Lum Berry|[eat]
|-end|p2a: Salamence|confusion
|
|-weather|RainDance|[upkeep]
|upkeep
|
|switch|p1a: Jirachi|Jirachi|100/100
|-damage|p1a: Jirachi|94/100|[from] Stealth Rock
|turn|22
|
|move|p2a: Salamence|Earthquake|p1a: Jirachi
|-supereffective|p1a: Jirachi
|-damage|p1a: Jirachi|6/100
|move|p1a: Jirachi|Thunder|p2a: Salamence
|-damage|p2a: Salamence|0 fnt
|faint|p2a: Salamence
|
|-weather|RainDance|[upkeep]
|-heal|p1a: Jirachi|13/100|[from] item: Leftovers
|upkeep
|
|switch|p2a: Magnezone|Magnezone|100/100
|-damage|p2a: Magnezone|94/100|[from] Stealth Rock
|-damage|p2a: Magnezone|70/100|[from] Spikes
|turn|23
|
|move|p1a: Jirachi|Water Pulse|p2a: Magnezone
|-damage|p2a: Magnezone|43/100
|-start|p2a: Magnezone|confusion
|-activate|p2a: Magnezone|confusion
|move|p2a: Magnezone|Thunderbolt|p1a: Jirachi
|-damage|p1a: Jirachi|0 fnt
|faint|p1a: Jirachi
|
|-weather|RainDance|[upkeep]
|-heal|p2a: Magnezone|49/100|[from] item: Leftovers
|upkeep
|
|switch|p1a: Politoed|Politoed, F|71/100
|-damage|p1a: Politoed|58/100|[from] Stealth Rock
|turn|24
|
|move|p1a: Politoed|Hydro Pump|p2a: Magnezone
|-damage|p2a: Magnezone|0 fnt
|faint|p2a: Magnezone
|
|-weather|RainDance|[upkeep]
|upkeep
|
|switch|p2a: Rotom|Rotom-Wash|100/100
|-damage|p2a: Rotom|88/100|[from] Stealth Rock
|turn|25
|
|switch|p1a: Latias|Latias, F|29/100 par
|-damage|p1a: Latias|16/100 par|[from] Stealth Rock
|move|p2a: Rotom|Volt Switch|p1a: Latias
|-resisted|p1a: Latias
|-damage|p1a: Latias|7/100 par
|
|switch|p2a: Jirachi|Jirachi|45/100|[from]move: Volt Switch
|-damage|p2a: Jirachi|39/100|[from] Stealth Rock
|-damage|p2a: Jirachi|14/100|[from] Spikes
|
|-weather|RainDance|[upkeep]
|-heal|p2a: Jirachi|20/100|[from] item: Leftovers
|-heal|p1a: Latias|13/100 par|[from] item: Leftovers
|upkeep
|turn|26
|
|move|p2a: Jirachi|Iron Head|p1a: Latias
|-damage|p1a: Latias|0 fnt
|faint|p1a: Latias
|
|-weather|RainDance|[upkeep]
|-heal|p2a: Jirachi|26/100|[from] item: Leftovers
|upkeep
|
|switch|p1a: Politoed|Politoed, F|58/100
|-damage|p1a: Politoed|46/100|[from] Stealth Rock
|turn|27
|
|move|p1a: Politoed|Hydro Pump|p2a: Jirachi
|-damage|p2a: Jirachi|0 fnt
|faint|p2a: Jirachi
|
|-weather|RainDance|[upkeep]
|upkeep
|
|switch|p2a: Rotom|Rotom-Wash|88/100
|-damage|p2a: Rotom|76/100|[from] Stealth Rock
|turn|28
|
|move|p1a: Politoed|Hydro Pump|p2a: Rotom
|-resisted|p2a: Rotom
|-damage|p2a: Rotom|39/100
|move|p2a: Rotom|Volt Switch|p1a: Politoed
|-supereffective|p1a: Politoed
|-damage|p1a: Politoed|0 fnt
|faint|p1a: Politoed
|
|-weather|RainDance|[upkeep]
|-heal|p2a: Rotom|45/100|[from] item: Leftovers
|upkeep
|
|switch|p1a: Tentacruel|Tentacruel, F|100/100
|-damage|p1a: Tentacruel|88/100|[from] Stealth Rock
|turn|29
|
|move|p1a: Tentacruel|Scald|p2a: Rotom
|-resisted|p2a: Rotom
|-crit|p2a: Rotom
|-damage|p2a: Rotom|5/100
|move|p2a: Rotom|Pain Split|p1a: Tentacruel
|-sethp|p1a: Tentacruel|46/100|[from] move: Pain Split|[silent]
|-sethp|p2a: Rotom|55/100|[from] move: Pain Split
|
|-weather|RainDance|[upkeep]
|-heal|p1a: Tentacruel|52/100|[from] ability: Rain Dish
|-heal|p1a: Tentacruel|59/100|[from] item: Black Sludge
|-heal|p2a: Rotom|61/100|[from] item: Leftovers
|upkeep
|turn|30
|
|move|p1a: Tentacruel|Protect|p1a: Tentacruel
|-singleturn|p1a: Tentacruel|Protect
|move|p2a: Rotom|Will-O-Wisp|p1a: Tentacruel
|-activate|p1a: Tentacruel|move: Protect
|
|-weather|RainDance|[upkeep]
|-heal|p1a: Tentacruel|65/100|[from] ability: Rain Dish
|-heal|p1a: Tentacruel|71/100|[from] item: Black Sludge
|-heal|p2a: Rotom|67/100|[from] item: Leftovers
|upkeep
|turn|31
|
|move|p1a: Tentacruel|Scald|p2a: Rotom
|-resisted|p2a: Rotom
|-damage|p2a: Rotom|49/100
|move|p2a: Rotom|Will-O-Wisp|p1a: Tentacruel
|-status|p1a: Tentacruel|brn
|
|-weather|RainDance|[upkeep]
|-heal|p1a: Tentacruel|77/100 brn|[from] ability: Rain Dish
|-heal|p1a: Tentacruel|83/100 brn|[from] item: Black Sludge
|-heal|p2a: Rotom|55/100|[from] item: Leftovers
|-damage|p1a: Tentacruel|70/100 brn|[from] brn
|upkeep
|turn|32
|
|move|p1a: Tentacruel|Scald|p2a: Rotom
|-resisted|p2a: Rotom
|-damage|p2a: Rotom|35/100
|move|p2a: Rotom|Pain Split|p1a: Tentacruel
|-sethp|p1a: Tentacruel|50/100 brn|[from] move: Pain Split|[silent]
|-sethp|p2a: Rotom|60/100|[from] move: Pain Split
|
|-weather|RainDance|[upkeep]
|-heal|p1a: Tentacruel|56/100 brn|[from] ability: Rain Dish
|-heal|p1a: Tentacruel|62/100 brn|[from] item: Black Sludge
|-heal|p2a: Rotom|66/100|[from] item: Leftovers
|-damage|p1a: Tentacruel|50/100 brn|[from] brn
|upkeep
|turn|33
|
|move|p1a: Tentacruel|Scald|p2a: Rotom
|-resisted|p2a: Rotom
|-damage|p2a: Rotom|48/100
|-status|p2a: Rotom|brn
|move|p2a: Rotom|Volt Switch|p1a: Tentacruel
|-supereffective|p1a: Tentacruel
|-damage|p1a: Tentacruel|11/100 brn
|
|-weather|RainDance|[upkeep]
|-heal|p1a: Tentacruel|17/100 brn|[from] ability: Rain Dish
|-heal|p1a: Tentacruel|23/100 brn|[from] item: Black Sludge
|-heal|p2a: Rotom|54/100 brn|[from] item: Leftovers
|-damage|p1a: Tentacruel|11/100 brn|[from] brn
|-damage|p2a: Rotom|41/100 brn|[from] brn
|upkeep
|turn|34
|
|move|p1a: Tentacruel|Protect|p1a: Tentacruel
|-singleturn|p1a: Tentacruel|Protect
|move|p2a: Rotom|Volt Switch|p1a: Tentacruel
|-activate|p1a: Tentacruel|move: Protect
|
|-weather|RainDance|[upkeep]
|-heal|p1a: Tentacruel|17/100 brn|[from] ability: Rain Dish
|-heal|p1a: Tentacruel|23/100 brn|[from] item: Black Sludge
|-heal|p2a: Rotom|47/100 brn|[from] item: Leftovers
|-damage|p1a: Tentacruel|10/100 brn|[from] brn
|-damage|p2a: Rotom|35/100 brn|[from] brn
|upkeep
|turn|35
|
|move|p1a: Tentacruel|Protect||[still]
|-fail|p1a: Tentacruel
|move|p2a: Rotom|Volt Switch|p1a: Tentacruel
|-supereffective|p1a: Tentacruel
|-damage|p1a: Tentacruel|0 fnt
|faint|p1a: Tentacruel
|
|win|dontmockbriefcase
|l|☆BahamutLagoon
|raw|BahamutLagoon's rating: 1417 &rarr; <strong>1395</strong><br />(-22 for losing)
|raw|dontmockbriefcase's rating: 1370 &rarr; <strong>1393</strong><br />(+23 for winning)
|l| gen 5 hate acc
