|join|ashiemore
|join|Captain Hair
|player|p1|ashiemore|168
|player|p2|Captain Hair|53
|gametype|singles
|gen|5
|tier|[Gen 5] OU
|rated
|rule|Evasion Abilities Clause: Evasion abilities are banned
|clearpoke
|poke|p1|Kyurem-Black
|poke|p1|Magnezone
|poke|p1|Alakazam, M
|poke|p1|Latios, M
|poke|p1|Heatran, F
|poke|p1|Salamence, M
|poke|p2|Politoed, F
|poke|p2|Tentacruel, F
|poke|p2|Mamoswine, M
|poke|p2|Ferrothorn, M
|poke|p2|Garchomp, M
|poke|p2|Thundurus-Therian, M
|rule|Sleep Clause Mod: Limit one foe put to sleep
|rule|Species Clause: Limit one of each Pokemon
|rule|OHKO Clause: OHKO moves are banned
|rule|Moody Clause: Moody is banned
|rule|Evasion Moves Clause: Evasion moves are banned
|rule|Endless Battle Clause: Forcing endless battles is banned.
|rule|HP Percentage Mod: HP is reported as percentages
|teampreview
|
|start
|switch|p1a: Kyurem-Black|Kyurem-Black|400/400
|switch|p2a: Thundurus-Therian|Thundurus-Therian, M|299/299
|-ability|p1a: Kyurem-Black|Teravolt
|turn|1
|
|move|p2a: Thundurus-Therian|Focus Blast|p1a: Kyurem-Black
|-supereffective|p1a: Kyurem-Black
|-damage|p1a: Kyurem-Black|0 fnt
|faint|p1a: Kyurem-Black
|
|
|switch|p1a: Salamence|Salamence, M|331/331
|turn|2
|
|move|p1a: Salamence|Dragon Claw|p2a: Thundurus-Therian
|-damage|p2a: Thundurus-Therian|106/299
|move|p2a: Thundurus-Therian|Hidden Power|p1a: Salamence
|-supereffective|p1a: Salamence
|-damage|p1a: Salamence|0 fnt
|faint|p1a: Salamence
|
|
|switch|p1a: Alakazam|Alakazam, M|252/252
|turn|3
|
|switch|p2a: Politoed|Politoed, F|384/384
|-weather|RainDance|[from] ability: Drizzle|[of] p2a: Politoed
|move|p1a: Alakazam|Psychic|p2a: Politoed
|-damage|p2a: Politoed|176/384
|
|-weather|RainDance|[upkeep]
|-heal|p2a: Politoed|200/384|[from] item: Leftovers
|turn|4
|
|move|p1a: Alakazam|Psychic|p2a: Politoed
|-damage|p2a: Politoed|0 fnt
|faint|p2a: Politoed
|
|-weather|RainDance|[upkeep]
|
|switch|p2a: Garchomp|Garchomp, M|358/358
|turn|5
|
|switch|p1a: Heatran|Heatran, F|386/386
|-item|p1a: Heatran|Air Balloon
|move|p2a: Garchomp|Earthquake|p1a: Heatran
|-immune|p1a: Heatran|[msg]
|
|-weather|RainDance|[upkeep]
|turn|6
|
|switch|p2a: Tentacruel|Tentacruel, F|364/364
|move|p1a: Heatran|Will-O-Wisp|p2a: Tentacruel
|-status|p2a: Tentacruel|brn
|
|-weather|RainDance|[upkeep]
|-damage|p2a: Tentacruel|319/364 brn|[from] brn
|turn|7
|
|switch|p1a: Latios|Latios, M|302/302
|move|p2a: Tentacruel|Scald|p1a: Latios
|-resisted|p1a: Latios
|-damage|p1a: Latios|252/302
|
|-weather|RainDance|[upkeep]
|-heal|p2a: Tentacruel|341/364 brn|[from] ability: Rain Dish
|-heal|p2a: Tentacruel|363/364 brn|[from] item: Black Sludge
|-damage|p2a: Tentacruel|318/364 brn|[from] brn
|turn|8
|
|switch|p2a: Ferrothorn|Ferrothorn, M|352/352
|move|p1a: Latios|Draco Meteor|p2a: Ferrothorn
|-resisted|p2a: Ferrothorn
|-damage|p2a: Ferrothorn|217/352
|-unboost|p1a: Latios|spa|2
|
|-weather|RainDance|[upkeep]
|-heal|p2a: Ferrothorn|239/352|[from] item: Leftovers
|turn|9
|
|switch|p1a: Alakazam|Alakazam, M|252/252
|move|p2a: Ferrothorn|Stealth Rock|p1a: Alakazam
|-sidestart|p1: ashiemore|move: Stealth Rock
|
|-weather|RainDance|[upkeep]
|-heal|p2a: Ferrothorn|261/352|[from] item: Leftovers
|turn|10
|
|move|p2a: Ferrothorn|Protect|p2a: Ferrothorn
|-singleturn|p2a: Ferrothorn|Protect
|move|p1a: Alakazam|Focus Blast|p2a: Ferrothorn
|-activate|p2a: Ferrothorn|Protect
|
|-weather|RainDance|[upkeep]
|-heal|p2a: Ferrothorn|283/352|[from] item: Leftovers
|turn|11
|
|move|p1a: Alakazam|Focus Blast|p2a: Ferrothorn
|-crit|p2a: Ferrothorn
|-supereffective|p2a: Ferrothorn
|-damage|p2a: Ferrothorn|0 fnt
|faint|p2a: Ferrothorn
|
|-weather|RainDance|[upkeep]
|
|switch|p2a: Garchomp|Garchomp, M|358/358
|turn|12
|
|switch|p1a: Heatran|Heatran, F|386/386
|-damage|p1a: Heatran|338/386|[from] Stealth Rock
|-item|p1a: Heatran|Air Balloon
|move|p2a: Garchomp|Earthquake|p1a: Heatran
|-immune|p1a: Heatran|[msg]
|
|-weather|RainDance|[upkeep]
|turn|13
|join|n00b
|
|switch|p2a: Tentacruel|Tentacruel, F|318/364 brn
|move|p1a: Heatran|Roar|p2a: Tentacruel
|drag|p2a: Thundurus-Therian|Thundurus-Therian, M|106/299
|
|-weather|RainDance|[upkeep]
|turn|14
|
|switch|p1a: Latios|Latios, M|252/302
|-damage|p1a: Latios|215/302|[from] Stealth Rock
|move|p2a: Thundurus-Therian|Thunder|p1a: Latios
|-resisted|p1a: Latios
|-damage|p1a: Latios|104/302
|
|-weather|RainDance|[upkeep]
|turn|15
|
|switch|p2a: Tentacruel|Tentacruel, F|318/364 brn
|move|p1a: Latios|Surf|p2a: Tentacruel
|-resisted|p2a: Tentacruel
|-damage|p2a: Tentacruel|221/364 brn
|
|-weather|RainDance|[upkeep]
|-heal|p2a: Tentacruel|243/364 brn|[from] ability: Rain Dish
|-heal|p2a: Tentacruel|265/364 brn|[from] item: Black Sludge
|-damage|p2a: Tentacruel|220/364 brn|[from] brn
|turn|16
|
|switch|p1a: Magnezone|Magnezone|344/344
|-damage|p1a: Magnezone|323/344|[from] Stealth Rock
|move|p2a: Tentacruel|Scald|p1a: Magnezone
|-damage|p1a: Magnezone|185/344
|-status|p1a: Magnezone|brn
|
|-weather|RainDance|[upkeep]
|-heal|p2a: Tentacruel|242/364 brn|[from] ability: Rain Dish
|-heal|p2a: Tentacruel|264/364 brn|[from] item: Black Sludge
|-damage|p2a: Tentacruel|219/364 brn|[from] brn
|-damage|p1a: Magnezone|142/344 brn|[from] brn
|turn|17
|
|move|p2a: Tentacruel|Scald|p1a: Magnezone
|-damage|p1a: Magnezone|6/344 brn
|move|p1a: Magnezone|Flash Cannon|p2a: Tentacruel
|-resisted|p2a: Tentacruel
|-damage|p2a: Tentacruel|122/364 brn
|
|-weather|RainDance|[upkeep]
|-heal|p2a: Tentacruel|144/364 brn|[from] ability: Rain Dish
|-heal|p2a: Tentacruel|166/364 brn|[from] item: Black Sludge
|-damage|p2a: Tentacruel|121/364 brn|[from] brn
|-damage|p1a: Magnezone|0 fnt|[from] brn
|faint|p1a: Magnezone
|
|switch|p1a: Alakazam|Alakazam, M|252/252
|turn|18
|
|move|p1a: Alakazam|Psychic|p2a: Tentacruel
|-supereffective|p2a: Tentacruel
|-damage|p2a: Tentacruel|0 fnt
|faint|p2a: Tentacruel
|
|-weather|RainDance|[upkeep]
|
|switch|p2a: Garchomp|Garchomp, M|358/358
|turn|19
|
|switch|p1a: Heatran|Heatran, F|338/386
|-damage|p1a: Heatran|290/386|[from] Stealth Rock
|-item|p1a: Heatran|Air Balloon
|move|p2a: Garchomp|Earthquake|p1a: Heatran
|-immune|p1a: Heatran|[msg]
|
|-weather|RainDance|[upkeep]
|turn|20
|
|switch|p2a: Thundurus-Therian|Thundurus-Therian, M|106/299
|move|p1a: Heatran|Lava Plume|p2a: Thundurus-Therian
|-damage|p2a: Thundurus-Therian|40/299
|
|-weather|RainDance|[upkeep]
|turn|21
|
|move|p2a: Thundurus-Therian|Thunder|p1a: Heatran
|-damage|p1a: Heatran|79/386
|-enditem|p1a: Heatran|Air Balloon
|move|p1a: Heatran|Lava Plume|p2a: Thundurus-Therian
|-damage|p2a: Thundurus-Therian|0 fnt
|faint|p2a: Thundurus-Therian
|
|-weather|RainDance|[upkeep]
|
|switch|p2a: Mamoswine|Mamoswine, M|362/362
|turn|22
|
|move|p2a: Mamoswine|Earthquake|p1a: Heatran
|-supereffective|p1a: Heatran
|-damage|p1a: Heatran|0 fnt
|-damage|p2a: Mamoswine|326/362|[from] item: Life Orb
|faint|p1a: Heatran
|
|-weather|RainDance|[upkeep]
|
|switch|p1a: Alakazam|Alakazam, M|252/252
|turn|23
|
|move|p1a: Alakazam|Focus Blast|p2a: Mamoswine|[miss]
|-miss|p1a: Alakazam|p2a: Mamoswine
|move|p2a: Mamoswine|Earthquake|p1a: Alakazam
|-damage|p1a: Alakazam|0 fnt
|-damage|p2a: Mamoswine|290/362|[from] item: Life Orb
|faint|p1a: Alakazam
|
|-weather|RainDance|[upkeep]
|chat|ashiemore|k
|chat|ashiemore|chomp is scarfed right
|
|switch|p1a: Latios|Latios, M|104/302
|-damage|p1a: Latios|67/302|[from] Stealth Rock
|turn|24
|chat|n00b|ice shard kills anyways :/
|chat|Captain Hair|made up for the crit on my ferro.
|chat|ashiemore|it kills anyway
|chat|Captain Hair|even if you are lo.
|chat|Captain Hair|i survived one before.
|
|move|p2a: Mamoswine|Ice Shard|p1a: Latios
|-supereffective|p1a: Latios
|-damage|p1a: Latios|0 fnt
|-damage|p2a: Mamoswine|254/362|[from] item: Life Orb
|faint|p1a: Latios
|
|win|Captain Hair
|raw|Ladder updating...
|raw|ashiemore's rating: 1492 &rarr; <strong>1472</strong><br />(-20 for losing)
|raw|Captain Hair's rating: 1490 &rarr; <strong>1510</strong><br />(+20 for winning)
|leave|n00b
|leave|Captain Hair
|player|p2
|leave|ashiemore
|player|p1