|j|☆spliffdiff
|j|☆daddy_days
|t:|1739554536
|gametype|singles
|player|p1|spliffdiff|ruinmaniac|1434
|player|p2|daddy_days|hugh|1580
|teamsize|p1|6
|teamsize|p2|6
|gen|5
|tier|[Gen 5] OU
|rated|
|rule|Species Clause: Limit one of each Pokémon
|rule|OHKO Clause: OHKO moves are banned
|rule|Moody Clause: Moody is banned
|rule|Evasion Items Clause: Evasion items are banned
|rule|Evasion Moves Clause: Evasion moves are banned
|rule|Endless Battle Clause: Forcing endless battles is banned
|rule|HP Percentage Mod: HP is shown in percentages
|rule|Evasion Abilities Clause: Evasion abilities are banned
|rule|Sleep Moves Clause: Sleep-inducing moves are banned
|rule|Swagger Clause: Swagger is banned
|rule|Baton Pass Stat Clause: No Baton Passer may have a way to boost its stats
|clearpoke
|poke|p1|Honchkrow, M|item
|poke|p1|Terrakion|item
|poke|p1|Garchomp, F|item
|poke|p1|Conkeldurr, F|item
|poke|p1|Keldeo-Resolute|item
|poke|p1|Breloom, F|item
|poke|p2|Kyurem-Black|item
|poke|p2|Garchomp, M|item
|poke|p2|Conkeldurr, M|item
|poke|p2|Starmie|item
|poke|p2|Bisharp, F|item
|poke|p2|Scyther, M|item
|teampreview
|inactive|Battle timer is ON: inactive players will automatically lose when time's up. (requested by spliffdiff)
|
|t:|1739554554
|start
|switch|p1a: Terrakion|Terrakion|100/100
|switch|p2a: Painkiller|Garchomp, M|100/100
|turn|1
|
|t:|1739554561
|move|p1a: Terrakion|Stealth Rock|p2a: Painkiller
|-sidestart|p2: daddy_days|move: Stealth Rock
|move|p2a: Painkiller|Stealth Rock|p1a: Terrakion
|-sidestart|p1: spliffdiff|move: Stealth Rock
|
|upkeep
|turn|2
|
|t:|1739554567
|move|p1a: Terrakion|Stone Edge|p2a: Painkiller
|-resisted|p2a: Painkiller
|-crit|p2a: Painkiller
|-damage|p2a: Painkiller|67/100
|move|p2a: Painkiller|Earthquake|p1a: Terrakion
|-supereffective|p1a: Terrakion
|-damage|p1a: Terrakion|7/100
|
|upkeep
|turn|3
|
|t:|1739554577
|move|p1a: Terrakion|Close Combat|p2a: Painkiller
|-damage|p2a: Painkiller|30/100
|-unboost|p1a: Terrakion|def|1
|-unboost|p1a: Terrakion|spd|1
|-damage|p1a: Terrakion|0 fnt|[from] ability: Rough Skin|[of] p2a: Painkiller
|faint|p1a: Terrakion
|move|p2a: Painkiller|Dragon Tail|p1: Terrakion|[notarget]
|-fail|p2a: Painkiller
|
|upkeep
|
|t:|1739554598
|switch|p1a: Keldeo|Keldeo-Resolute|100/100
|-damage|p1a: Keldeo|94/100|[from] Stealth Rock
|turn|4
|
|t:|1739554604
|switch|p2a: Starlight|Starmie|100/100
|-damage|p2a: Starlight|88/100|[from] Stealth Rock
|move|p1a: Keldeo|Surf|p2a: Starlight
|-resisted|p2a: Starlight
|-crit|p2a: Starlight
|-damage|p2a: Starlight|24/100
|
|-heal|p2a: Starlight|30/100|[from] item: Leftovers
|upkeep
|turn|5
|
|t:|1739554614
|move|p2a: Starlight|Rapid Spin|p1a: Keldeo
|-damage|p1a: Keldeo|91/100
|-sideend|p2: daddy_days|Stealth Rock|[from] move: Rapid Spin|[of] p2a: Starlight
|move|p1a: Keldeo|Hidden Power|p2a: Starlight
|-supereffective|p2a: Starlight
|-damage|p2a: Starlight|0 fnt
|faint|p2a: Starlight
|
|upkeep
|
|t:|1739554624
|switch|p2a: Blade|Scyther, M|100/100
|turn|6
|
|t:|1739554628
|move|p2a: Blade|Aerial Ace|p1a: Keldeo
|-supereffective|p1a: Keldeo
|-damage|p1a: Keldeo|0 fnt
|faint|p1a: Keldeo
|
|upkeep
|
|t:|1739554636
|switch|p1a: Garchomp|Garchomp, F|100/100
|-damage|p1a: Garchomp|94/100|[from] Stealth Rock
|turn|7
|
|t:|1739554642
|switch|p2a: Painkiller|Garchomp, M|30/100
|move|p1a: Garchomp|Rock Slide|p2a: Painkiller
|-resisted|p2a: Painkiller
|-damage|p2a: Painkiller|22/100
|
|upkeep
|turn|8
|
|t:|1739554650
|move|p2a: Painkiller|Endure|p2a: Painkiller
|-singleturn|p2a: Painkiller|move: Endure
|move|p1a: Garchomp|Earthquake|p2a: Painkiller
|-activate|p2a: Painkiller|move: Endure
|-damage|p2a: Painkiller|1/100
|
|upkeep
|turn|9
|
|t:|1739554657
|switch|p2a: Blade|Scyther, M|100/100
|move|p1a: Garchomp|Earthquake|p2a: Blade
|-immune|p2a: Blade
|
|upkeep
|turn|10
|
|t:|1739554664
|move|p2a: Blade|U-turn|p1a: Garchomp
|-damage|p1a: Garchomp|56/100
|-damage|p2a: Blade|88/100|[from] ability: Rough Skin|[of] p1a: Garchomp
|
|t:|1739554668
|switch|p2a: Painkiller|Garchomp, M|1/100|[from] U-turn
|move|p1a: Garchomp|Rock Slide|p2a: Painkiller
|-resisted|p2a: Painkiller
|-damage|p2a: Painkiller|0 fnt
|faint|p2a: Painkiller
|
|upkeep
|
|t:|1739554678
|switch|p2a: Shrekster|Conkeldurr, M|100/100
|turn|11
|
|t:|1739554695
|move|p1a: Garchomp|Earthquake|p2a: Shrekster
|-damage|p2a: Shrekster|60/100
|move|p2a: Shrekster|Drain Punch|p1a: Garchomp
|-damage|p1a: Garchomp|5/100
|-heal|p2a: Shrekster|85/100|[from] drain|[of] p1a: Garchomp
|-damage|p2a: Shrekster|73/100|[from] ability: Rough Skin|[of] p1a: Garchomp
|
|-heal|p2a: Shrekster|79/100|[from] item: Leftovers
|upkeep
|turn|12
|
|t:|1739554707
|move|p2a: Shrekster|Mach Punch|p1a: Garchomp
|-damage|p1a: Garchomp|0 fnt
|-damage|p2a: Shrekster|67/100|[from] ability: Rough Skin|[of] p1a: Garchomp
|faint|p1a: Garchomp
|
|-heal|p2a: Shrekster|73/100|[from] item: Leftovers
|upkeep
|
|t:|1739554713
|switch|p1a: Honchkrow|Honchkrow, M|100/100
|-damage|p1a: Honchkrow|76/100|[from] Stealth Rock
|turn|13
|
|t:|1739554719
|switch|p2a: Adolf|Bisharp, F|100/100
|-item|p2a: Adolf|Air Balloon
|move|p1a: Honchkrow|Brave Bird|p2a: Adolf
|-resisted|p2a: Adolf
|-damage|p2a: Adolf|68/100
|-enditem|p2a: Adolf|Air Balloon
|-damage|p1a: Honchkrow|67/100|[from] Recoil
|
|upkeep
|turn|14
|
|t:|1739554731
|switch|p1a: Conkeldurr|Conkeldurr, F|100/100
|-damage|p1a: Conkeldurr|94/100|[from] Stealth Rock
|move|p2a: Adolf|Brick Break|p1a: Conkeldurr
|-damage|p1a: Conkeldurr|74/100
|
|upkeep
|turn|15
|
|t:|1739554739
|move|p2a: Adolf|Brick Break|p1a: Conkeldurr
|-damage|p1a: Conkeldurr|52/100
|move|p1a: Conkeldurr|Drain Punch|p2a: Adolf
|-supereffective|p2a: Adolf
|-damage|p2a: Adolf|0 fnt
|-heal|p1a: Conkeldurr|84/100|[from] drain|[of] p2a: Adolf
|faint|p2a: Adolf
|
|upkeep
|
|t:|1739554751
|switch|p2a: Insane Dwayne|Kyurem-Black|100/100
|-ability|p2a: Insane Dwayne|Teravolt
|turn|16
|
|t:|1739554755
|move|p2a: Insane Dwayne|Outrage|p1a: Conkeldurr
|-damage|p1a: Conkeldurr|0 fnt
|faint|p1a: Conkeldurr
|
|upkeep
|
|t:|1739554762
|switch|p1a: Breloom|Breloom, F|100/100
|-damage|p1a: Breloom|94/100|[from] Stealth Rock
|turn|17
|
|t:|1739554766
|move|p1a: Breloom|Mach Punch|p2a: Insane Dwayne
|-supereffective|p2a: Insane Dwayne
|-damage|p2a: Insane Dwayne|40/100
|move|p2a: Insane Dwayne|Outrage|p1a: Breloom|[from] lockedmove
|-damage|p1a: Breloom|0 fnt
|faint|p1a: Breloom
|
|upkeep
|
|t:|1739554773
|switch|p1a: Honchkrow|Honchkrow, M|67/100
|-damage|p1a: Honchkrow|42/100|[from] Stealth Rock
|turn|18
|
|t:|1739554778
|move|p1a: Honchkrow|Sucker Punch|p2a: Insane Dwayne
|-damage|p2a: Insane Dwayne|0 fnt
|faint|p2a: Insane Dwayne
|
|upkeep
|
|t:|1739554783
|switch|p2a: Shrekster|Conkeldurr, M|73/100
|turn|19
|
|t:|1739554786
|move|p2a: Shrekster|Mach Punch|p1a: Honchkrow
|-damage|p1a: Honchkrow|0 fnt
|faint|p1a: Honchkrow
|
|win|daddy_days
|raw|spliffdiff's rating: 1434 &rarr; <strong>1422</strong><br />(-12 for losing)
|raw|daddy_days's rating: 1580 &rarr; <strong>1592</strong><br />(+12 for winning)
|l|☆spliffdiff
|player|p1|
