|j|☆CB MEESSM MANE
|j|☆a piece of dirt
|t:|1709132529
|gametype|singles
|player|p1|CB MEESSM MANE|giovanni|1417
|player|p2|a piece of dirt|1|1332
|teamsize|p1|6
|teamsize|p2|6
|gen|5
|tier|[Gen 5] OU
|rated|
|rule|Species Clause: Limit one of each Pokémon
|rule|OHKO Clause: OHKO moves are banned
|rule|Moody Clause: Moody is banned
|rule|Evasion Items Clause: Evasion items are banned
|rule|Evasion Moves Clause: Evasion moves are banned
|rule|Endless Battle Clause: Forcing endless battles is banned
|rule|HP Percentage Mod: HP is shown in percentages
|rule|Evasion Abilities Clause: Evasion abilities are banned
|rule|Sleep Moves Clause: Sleep-inducing moves are banned
|rule|Swagger Clause: Swagger is banned
|rule|Baton Pass Stat Clause: No Baton Passer may have a way to boost its stats
|clearpoke
|poke|p1|Skarmory, M|item
|poke|p1|Jellicent, M|item
|poke|p1|Garchomp, M|item
|poke|p1|Jirachi|item
|poke|p1|Alakazam, M|item
|poke|p1|Latios, M|item
|poke|p2|Politoed, M|item
|poke|p2|Ferrothorn, M|item
|poke|p2|Blastoise, M|item
|poke|p2|Garchomp, F|item
|poke|p2|Thundurus-Therian, M|item
|poke|p2|Latios, M|item
|teampreview
|c|☆a piece of dirt|gl king
|c|☆CB MEESSM MANE|Hf
|c|☆a piece of dirt|cool team
|
|t:|1709132549
|start
|switch|p1a: Skarmory|Skarmory, M|100/100
|switch|p2a: Garchomp|Garchomp, F|100/100
|turn|1
|c|☆CB MEESSM MANE|Thanks
|
|t:|1709132556
|move|p2a: Garchomp|Aqua Tail|p1a: Skarmory
|-damage|p1a: Skarmory|59/100
|move|p1a: Skarmory|Icy Wind|p2a: Garchomp
|-supereffective|p2a: Garchomp
|-damage|p2a: Garchomp|55/100
|-unboost|p2a: Garchomp|spe|1
|
|upkeep
|turn|2
|c|☆a piece of dirt|yo wtf
|
|t:|1709132569
|switch|p2a: Politoed|Politoed, M|100/100
|-weather|RainDance|[from] ability: Drizzle|[of] p2a: Politoed
|move|p1a: Skarmory|Stealth Rock|p2a: Politoed
|-sidestart|p2: a piece of dirt|move: Stealth Rock
|
|-weather|RainDance|[upkeep]
|upkeep
|turn|3
|
|t:|1709132573
|switch|p1a: Jellicent|Jellicent, M, shiny|100/100
|move|p2a: Politoed|Toxic|p1a: Jellicent
|-status|p1a: Jellicent|tox
|
|-weather|RainDance|[upkeep]
|-damage|p1a: Jellicent|94/100 tox|[from] psn
|upkeep
|turn|4
|
|t:|1709132577
|switch|p2a: Blastoise|Blastoise, M|100/100
|-damage|p2a: Blastoise|88/100|[from] Stealth Rock
|switch|p1a: Skarmory|Skarmory, M|59/100
|
|-weather|RainDance|[upkeep]
|-heal|p2a: Blastoise|94/100|[from] ability: Rain Dish
|-heal|p2a: Blastoise|99/100|[from] item: Leftovers
|upkeep
|turn|5
|
|t:|1709132582
|switch|p2a: Thundurus|Thundurus-Therian, M|100/100
|-damage|p2a: Thundurus|76/100|[from] Stealth Rock
|move|p1a: Skarmory|Spikes|p2a: Thundurus
|-sidestart|p2: a piece of dirt|Spikes
|
|-weather|RainDance|[upkeep]
|-heal|p2a: Thundurus|82/100|[from] item: Leftovers
|upkeep
|turn|6
|
|t:|1709132585
|switch|p1a: Latios|Latios, M, shiny|100/100
|move|p2a: Thundurus|Focus Blast|p1a: Latios
|-resisted|p1a: Latios
|-damage|p1a: Latios|74/100
|
|-weather|RainDance|[upkeep]
|-heal|p2a: Thundurus|88/100|[from] item: Leftovers
|upkeep
|turn|7
|
|t:|1709132593
|switch|p2a: Ferrothorn|Ferrothorn, M|100/100
|-damage|p2a: Ferrothorn|94/100|[from] Stealth Rock
|-damage|p2a: Ferrothorn|82/100|[from] Spikes
|move|p1a: Latios|Surf|p2a: Ferrothorn
|-resisted|p2a: Ferrothorn
|-damage|p2a: Ferrothorn|62/100
|-damage|p1a: Latios|64/100|[from] item: Life Orb
|
|-weather|RainDance|[upkeep]
|-heal|p2a: Ferrothorn|68/100|[from] item: Leftovers
|upkeep
|turn|8
|
|t:|1709132598
|move|p1a: Latios|Hidden Power|p2a: Ferrothorn
|-supereffective|p2a: Ferrothorn
|-damage|p2a: Ferrothorn|25/100
|-damage|p1a: Latios|54/100|[from] item: Life Orb
|move|p2a: Ferrothorn|Power Whip|p1a: Latios
|-resisted|p1a: Latios
|-damage|p1a: Latios|27/100
|
|-weather|RainDance|[upkeep]
|-heal|p2a: Ferrothorn|31/100|[from] item: Leftovers
|upkeep
|turn|9
|
|t:|1709132606
|move|p1a: Latios|Draco Meteor|p2a: Ferrothorn
|-resisted|p2a: Ferrothorn
|-damage|p2a: Ferrothorn|0 fnt
|-unboost|p1a: Latios|spa|2
|faint|p2a: Ferrothorn
|-damage|p1a: Latios|17/100|[from] item: Life Orb
|
|-weather|RainDance|[upkeep]
|upkeep
|
|t:|1709132609
|switch|p2a: Blastoise|Blastoise, M|99/100
|-damage|p2a: Blastoise|88/100|[from] Stealth Rock
|-damage|p2a: Blastoise|75/100|[from] Spikes
|turn|10
|
|t:|1709132613
|switch|p1a: Jellicent|Jellicent, M, shiny|94/100 tox
|move|p2a: Blastoise|Rapid Spin|p1a: Jellicent
|-immune|p1a: Jellicent
|
|-weather|RainDance|[upkeep]
|-heal|p2a: Blastoise|81/100|[from] ability: Rain Dish
|-heal|p2a: Blastoise|88/100|[from] item: Leftovers
|-damage|p1a: Jellicent|88/100 tox|[from] psn
|upkeep
|turn|11
|
|t:|1709132617
|move|p1a: Jellicent|Scald|p2a: Blastoise
|-resisted|p2a: Blastoise
|-damage|p2a: Blastoise|68/100
|move|p2a: Blastoise|Rapid Spin|p1a: Jellicent
|-immune|p1a: Jellicent
|
|-weather|RainDance|[upkeep]
|-heal|p2a: Blastoise|74/100|[from] ability: Rain Dish
|-heal|p2a: Blastoise|80/100|[from] item: Leftovers
|-damage|p1a: Jellicent|76/100 tox|[from] psn
|upkeep
|turn|12
|
|t:|1709132622
|move|p1a: Jellicent|Scald|p2a: Blastoise
|-resisted|p2a: Blastoise
|-damage|p2a: Blastoise|59/100
|move|p2a: Blastoise|Rapid Spin|p1a: Jellicent
|-immune|p1a: Jellicent
|
|-weather|RainDance|[upkeep]
|-heal|p2a: Blastoise|65/100|[from] ability: Rain Dish
|-heal|p2a: Blastoise|71/100|[from] item: Leftovers
|-damage|p1a: Jellicent|57/100 tox|[from] psn
|upkeep
|turn|13
|
|t:|1709132624
|move|p1a: Jellicent|Scald|p2a: Blastoise
|-resisted|p2a: Blastoise
|-damage|p2a: Blastoise|52/100
|-status|p2a: Blastoise|brn
|move|p2a: Blastoise|Rapid Spin|p1a: Jellicent
|-immune|p1a: Jellicent
|
|-weather|RainDance|[upkeep]
|-heal|p2a: Blastoise|58/100 brn|[from] ability: Rain Dish
|-heal|p2a: Blastoise|64/100 brn|[from] item: Leftovers
|-damage|p1a: Jellicent|33/100 tox|[from] psn
|-damage|p2a: Blastoise|52/100 brn|[from] brn
|upkeep
|turn|14
|
|t:|1709132627
|move|p1a: Jellicent|Shadow Ball|p2a: Blastoise
|-damage|p2a: Blastoise|27/100 brn
|move|p2a: Blastoise|Rapid Spin|p1a: Jellicent
|-immune|p1a: Jellicent
|
|-weather|RainDance|[upkeep]
|-heal|p2a: Blastoise|33/100 brn|[from] ability: Rain Dish
|-heal|p2a: Blastoise|39/100 brn|[from] item: Leftovers
|-damage|p1a: Jellicent|2/100 tox|[from] psn
|-damage|p2a: Blastoise|26/100 brn|[from] brn
|upkeep
|turn|15
|
|t:|1709132630
|move|p1a: Jellicent|Shadow Ball|p2a: Blastoise
|-damage|p2a: Blastoise|0 fnt
|faint|p2a: Blastoise
|
|-weather|RainDance|[upkeep]
|-damage|p1a: Jellicent|0 fnt|[from] psn
|faint|p1a: Jellicent
|upkeep
|c|☆a piece of dirt|damn im ass
|
|t:|1709132663
|switch|p1a: Skarmory|Skarmory, M|59/100
|switch|p2a: Garchomp|Garchomp, F|55/100
|-damage|p2a: Garchomp|48/100|[from] Stealth Rock
|-damage|p2a: Garchomp|36/100|[from] Spikes
|turn|16
|
|t:|1709132666
|move|p2a: Garchomp|Aqua Tail|p1a: Skarmory
|-crit|p1a: Skarmory
|-damage|p1a: Skarmory|0 fnt
|faint|p1a: Skarmory
|
|-weather|RainDance|[upkeep]
|upkeep
|
|t:|1709132673
|switch|p1a: Garchomp|Garchomp, M|100/100
|turn|17
|
|t:|1709132676
|switch|p2a: Thundurus|Thundurus-Therian, M|88/100
|-damage|p2a: Thundurus|63/100|[from] Stealth Rock
|move|p1a: Garchomp|Draco Meteor|p2a: Thundurus
|-damage|p2a: Thundurus|0 fnt
|-unboost|p1a: Garchomp|spa|2
|faint|p2a: Thundurus
|
|-weather|RainDance|[upkeep]
|upkeep
|
|t:|1709132681
|switch|p2a: Latios|Latios, M|100/100
|-damage|p2a: Latios|88/100|[from] Stealth Rock
|turn|18
|
|t:|1709132688
|switch|p1a: Jirachi|Jirachi|100/100
|move|p2a: Latios|Calm Mind|p2a: Latios
|-boost|p2a: Latios|spa|1
|-boost|p2a: Latios|spd|1
|
|-weather|RainDance|[upkeep]
|upkeep
|turn|19
|
|t:|1709132693
|move|p1a: Jirachi|Iron Head|p2a: Latios
|-damage|p2a: Latios|50/100
|cant|p2a: Latios|flinch
|
|-weather|RainDance|[upkeep]
|upkeep
|turn|20
|
|t:|1709132695
|move|p1a: Jirachi|Iron Head|p2a: Latios
|-damage|p2a: Latios|13/100
|move|p2a: Latios|Recover|p2a: Latios
|-heal|p2a: Latios|63/100
|
|-weather|RainDance|[upkeep]
|upkeep
|turn|21
|
|t:|1709132699
|move|p1a: Jirachi|Iron Head|p2a: Latios
|-damage|p2a: Latios|25/100
|cant|p2a: Latios|flinch
|
|-weather|RainDance|[upkeep]
|upkeep
|turn|22
|
|t:|1709132705
|move|p1a: Jirachi|Iron Head|p2a: Latios
|-damage|p2a: Latios|0 fnt
|faint|p2a: Latios
|
|-weather|RainDance|[upkeep]
|upkeep
|c|☆a piece of dirt|gg
|
|t:|1709132711
|switch|p2a: Garchomp|Garchomp, F|36/100
|-damage|p2a: Garchomp|30/100|[from] Stealth Rock
|-damage|p2a: Garchomp|18/100|[from] Spikes
|turn|23
|c|☆CB MEESSM MANE|Gg
|
|t:|1709132719
|move|p1a: Jirachi|Iron Head|p2a: Garchomp
|-crit|p2a: Garchomp
|-damage|p2a: Garchomp|0 fnt
|-damage|p1a: Jirachi|88/100|[from] ability: Rough Skin|[of] p2a: Garchomp
|faint|p2a: Garchomp
|
|-weather|RainDance|[upkeep]
|upkeep
|
|t:|1709132723
|switch|p2a: Politoed|Politoed, M|100/100
|-damage|p2a: Politoed|88/100|[from] Stealth Rock
|-damage|p2a: Politoed|76/100|[from] Spikes
|turn|24
|
|t:|1709132729
|switch|p1a: Garchomp|Garchomp, M|100/100
|move|p2a: Politoed|Hydro Pump|p1a: Garchomp
|-damage|p1a: Garchomp|9/100
|
|-weather|RainDance|[upkeep]
|upkeep
|turn|25
|
|t:|1709132735
|move|p2a: Politoed|Hydro Pump|p1a: Garchomp|[miss]
|-miss|p2a: Politoed|p1a: Garchomp
|move|p1a: Garchomp|Draco Meteor|p2a: Politoed
|-damage|p2a: Politoed|15/100
|-unboost|p1a: Garchomp|spa|2
|
|-weather|RainDance|[upkeep]
|upkeep
|turn|26
|
|t:|1709132738
|move|p2a: Politoed|Hydro Pump|p1a: Garchomp
|-crit|p1a: Garchomp
|-damage|p1a: Garchomp|0 fnt
|faint|p1a: Garchomp
|
|-weather|RainDance|[upkeep]
|upkeep
|
|t:|1709132746
|switch|p1a: Alakazam|Alakazam, M|100/100
|turn|27
|inactive|Battle timer is ON: inactive players will automatically lose when time's up. (requested by CB MEESSM MANE)
|
|t:|1709132791
|move|p2a: Politoed|Hydro Pump|p1a: Alakazam
|-enditem|p1a: Alakazam|Focus Sash
|-damage|p1a: Alakazam|1/100
|move|p1a: Alakazam|Psyshock|p2a: Politoed
|-damage|p2a: Politoed|0 fnt
|faint|p2a: Politoed
|
|win|CB MEESSM MANE
|raw|CB MEESSM MANE's rating: 1417 &rarr; <strong>1432</strong><br />(+15 for winning)
|raw|a piece of dirt's rating: 1332 &rarr; <strong>1317</strong><br />(-15 for losing)
|l|☆a piece of dirt
|player|p2|
