|j|Meloriver ヽ͜
|j|Twixtry
|player|p1|Meloriver ヽ͜|124
|player|p2|Twixtry|1
|gametype|singles
|gen|5
|tier|[Gen 5] OU
|rated
|seed|
|rule|Evasion Abilities Clause: Evasion abilities are banned
|rule|Baton Pass Clause: Limit one Baton Passer, can't pass Spe and other stats simultaneously
|rule|Swagger Clause: Swagger is banned
|clearpoke
|poke|p1|Politoed, F|item
|poke|p1|Skarmory, F|item
|poke|p1|Ferrothorn, F|item
|poke|p1|Tentacruel, M|item
|poke|p1|Chansey, F|item
|poke|p1|Gliscor, M|item
|poke|p2|Breloom, F|item
|poke|p2|Landorus-Therian, M|item
|poke|p2|Gastrodon, F|item
|poke|p2|Latias, F|item
|poke|p2|Scizor, M|item
|poke|p2|Tyranitar, F|item
|rule|Sleep Clause Mod: Limit one foe put to sleep
|rule|Species Clause: Limit one of each Pokémon
|rule|OHKO Clause: OHKO moves are banned
|rule|Moody Clause: Moody is banned
|rule|Evasion Moves Clause: Evasion moves are banned
|rule|Endless Battle Clause: Forcing endless battles is banned
|rule|HP Percentage Mod: HP is shown in percentages
|teampreview
|choice||
|
|start
|switch|p1a: Politoed|Politoed, F|100/100
|switch|p2a: Breloom|Breloom, F|100/100
|-weather|RainDance|[from] ability: Drizzle|[of] p1a: Politoed
|turn|1
|choice||
|
|move|p2a: Breloom|Spore|p1a: Politoed
|-status|p1a: Politoed|slp
|cant|p1a: Politoed|slp
|
|-weather|RainDance|[upkeep]
|turn|2
|choice||
|
|switch|p2a: Landorus|Landorus-Therian, M|100/100
|-ability|p2a: Landorus|Intimidate|boost
|-unboost|p1a: Politoed|atk|1
|switch|p1a: Skarmory|Skarmory, F|100/100
|
|-weather|RainDance|[upkeep]
|turn|3
|choice||
|
|move|p2a: Landorus|Swords Dance|p2a: Landorus
|-boost|p2a: Landorus|atk|2
|move|p1a: Skarmory|Spikes|p2a: Landorus
|-sidestart|p2: Twixtry|Spikes
|
|-weather|RainDance|[upkeep]
|turn|4
|choice||
|
|move|p2a: Landorus|Stone Edge|p1a: Skarmory
|-crit|p1a: Skarmory
|-damage|p1a: Skarmory|2/100
|move|p1a: Skarmory|Whirlwind|p2a: Landorus
|drag|p2a: Breloom|Breloom, F|100/100
|-damage|p2a: Breloom|88/100|[from] Spikes
|
|-weather|RainDance|[upkeep]
|-heal|p1a: Skarmory|8/100|[from] item: Leftovers
|turn|5
|choice||
|
|switch|p1a: Gliscor|Gliscor, M|100/100
|move|p2a: Breloom|Force Palm|p1a: Gliscor
|-resisted|p1a: Gliscor
|-damage|p1a: Gliscor|86/100
|
|-weather|RainDance|[upkeep]
|-status|p1a: Gliscor|tox|[from] item: Toxic Orb
|turn|6
|choice||
|
|switch|p2a: Gastrodon|Gastrodon, F|100/100
|-damage|p2a: Gastrodon|88/100|[from] Spikes
|move|p1a: Gliscor|Toxic|p2a: Gastrodon
|-status|p2a: Gastrodon|tox
|
|-weather|RainDance|[upkeep]
|-heal|p2a: Gastrodon|94/100 tox|[from] item: Leftovers
|-heal|p1a: Gliscor|99/100 tox|[from] ability: Poison Heal
|-damage|p2a: Gastrodon|88/100 tox|[from] psn
|turn|7
|choice||
|
|move|p1a: Gliscor|Protect|p1a: Gliscor
|-singleturn|p1a: Gliscor|Protect
|move|p2a: Gastrodon|Scald|p1a: Gliscor
|-activate|p1a: Gliscor|Protect
|
|-weather|RainDance|[upkeep]
|-heal|p2a: Gastrodon|94/100 tox|[from] item: Leftovers
|-heal|p1a: Gliscor|100/100 tox|[from] ability: Poison Heal
|-damage|p2a: Gastrodon|82/100 tox|[from] psn
|turn|8
|choice||
|
|move|p1a: Gliscor|Substitute|p1a: Gliscor
|-start|p1a: Gliscor|Substitute
|-damage|p1a: Gliscor|76/100 tox
|move|p2a: Gastrodon|Scald|p1a: Gliscor
|-supereffective|p1a: Gliscor
|-end|p1a: Gliscor|Substitute
|
|-weather|RainDance|[upkeep]
|-heal|p2a: Gastrodon|88/100 tox|[from] item: Leftovers
|-heal|p1a: Gliscor|88/100 tox|[from] ability: Poison Heal
|-damage|p2a: Gastrodon|70/100 tox|[from] psn
|turn|9
|choice||
|
|switch|p2a: Scizor|Scizor, M|100/100
|-damage|p2a: Scizor|88/100|[from] Spikes
|move|p1a: Gliscor|Protect|p1a: Gliscor
|-fail|p1a: Gliscor
|
|-weather|RainDance|[upkeep]
|-heal|p1a: Gliscor|100/100 tox|[from] ability: Poison Heal
|turn|10
|choice||
|
|move|p2a: Scizor|Bullet Punch|p1a: Gliscor
|-damage|p1a: Gliscor|69/100 tox
|move|p1a: Gliscor|Substitute|p1a: Gliscor
|-start|p1a: Gliscor|Substitute
|-damage|p1a: Gliscor|44/100 tox
|
|-weather|RainDance|[upkeep]
|-heal|p1a: Gliscor|56/100 tox|[from] ability: Poison Heal
|turn|11
|choice||
|
|move|p1a: Gliscor|Protect|p1a: Gliscor
|-singleturn|p1a: Gliscor|Protect
|move|p2a: Scizor|Bullet Punch|p1a: Gliscor
|-activate|p1a: Gliscor|Protect
|
|-weather|RainDance|[upkeep]
|-heal|p1a: Gliscor|69/100 tox|[from] ability: Poison Heal
|turn|12
|choice||
|
|move|p2a: Scizor|Bullet Punch|p1a: Gliscor
|-end|p1a: Gliscor|Substitute
|move|p1a: Gliscor|Earthquake|p2a: Scizor
|-damage|p2a: Scizor|57/100
|
|-weather|RainDance|[upkeep]
|-heal|p1a: Gliscor|81/100 tox|[from] ability: Poison Heal
|turn|13
|choice||
|
|switch|p2a: Tyranitar|Tyranitar, F|100/100
|-damage|p2a: Tyranitar|88/100|[from] Spikes
|-weather|Sandstorm|[from] ability: Sand Stream|[of] p2a: Tyranitar
|move|p1a: Gliscor|Protect|p1a: Gliscor
|-fail|p1a: Gliscor
|
|-weather|Sandstorm|[upkeep]
|-heal|p1a: Gliscor|94/100 tox|[from] ability: Poison Heal
|turn|14
|choice||
|
|switch|p1a: Ferrothorn|Ferrothorn, F|100/100
|move|p2a: Tyranitar|Stealth Rock|p1a: Ferrothorn
|-sidestart|p1: Meloriver ヽ͜|move: Stealth Rock
|
|-weather|Sandstorm|[upkeep]
|turn|15
|choice||
|
|move|p2a: Tyranitar|Fire Blast|p1a: Ferrothorn
|-supereffective|p1a: Ferrothorn
|-damage|p1a: Ferrothorn|4/100
|move|p1a: Ferrothorn|Stealth Rock|p2a: Tyranitar
|-sidestart|p2: Twixtry|move: Stealth Rock
|
|-weather|Sandstorm|[upkeep]
|-heal|p1a: Ferrothorn|10/100|[from] item: Leftovers
|turn|16
|choice||
|
|move|p1a: Ferrothorn|Protect|p1a: Ferrothorn
|-singleturn|p1a: Ferrothorn|Protect
|move|p2a: Tyranitar|Low Kick|p1a: Ferrothorn
|-activate|p1a: Ferrothorn|Protect
|
|-weather|Sandstorm|[upkeep]
|-heal|p1a: Ferrothorn|16/100|[from] item: Leftovers
|turn|17
|choice||
|
|switch|p1a: Skarmory|Skarmory, F|8/100
|-damage|p1a: Skarmory|0 fnt|[from] Stealth Rock
|faint|p1a: Skarmory
|move|p2a: Tyranitar|Crunch|p1: Skarmory|[notarget]
|-notarget
|
|-weather|Sandstorm|[upkeep]
|choice||
|
|switch|p1a: Gliscor|Gliscor, M|94/100 tox
|-damage|p1a: Gliscor|81/100 tox|[from] Stealth Rock
|turn|18
|choice||
|
|move|p1a: Gliscor|Protect|p1a: Gliscor
|-singleturn|p1a: Gliscor|Protect
|move|p2a: Tyranitar|Crunch|p1a: Gliscor
|-activate|p1a: Gliscor|Protect
|
|-weather|Sandstorm|[upkeep]
|-heal|p1a: Gliscor|94/100 tox|[from] ability: Poison Heal
|turn|19
|choice||
|
|switch|p2a: Breloom|Breloom, F|88/100
|-damage|p2a: Breloom|76/100|[from] Spikes
|-damage|p2a: Breloom|70/100|[from] Stealth Rock
|move|p1a: Gliscor|Substitute|p1a: Gliscor
|-start|p1a: Gliscor|Substitute
|-damage|p1a: Gliscor|69/100 tox
|
|-weather|Sandstorm|[upkeep]
|-damage|p2a: Breloom|64/100|[from] sandstorm
|-heal|p1a: Gliscor|81/100 tox|[from] ability: Poison Heal
|turn|20
|choice||
|
|move|p1a: Gliscor|Protect|p1a: Gliscor
|-singleturn|p1a: Gliscor|Protect
|move|p2a: Breloom|Bullet Seed|p1a: Gliscor
|-activate|p1a: Gliscor|Protect
|
|-weather|Sandstorm|[upkeep]
|-damage|p2a: Breloom|58/100|[from] sandstorm
|-heal|p1a: Gliscor|94/100 tox|[from] ability: Poison Heal
|turn|21
|choice||
|
|move|p2a: Breloom|Bullet Seed|p1a: Gliscor
|-activate|p1a: Gliscor|Substitute|[damage]
|-activate|p1a: Gliscor|Substitute|[damage]
|-end|p1a: Gliscor|Substitute
|-hitcount|p1a: Gliscor|3
|move|p1a: Gliscor|Toxic|p2a: Breloom
|-status|p2a: Breloom|tox
|
|-weather|Sandstorm|[upkeep]
|-damage|p2a: Breloom|52/100 tox|[from] sandstorm
|-damage|p2a: Breloom|46/100 tox|[from] psn
|-heal|p1a: Gliscor|100/100 tox|[from] ability: Poison Heal
|turn|22
|choice||
|
|move|p1a: Gliscor|Protect|p1a: Gliscor
|-singleturn|p1a: Gliscor|Protect
|move|p2a: Breloom|Bullet Seed|p1a: Gliscor
|-activate|p1a: Gliscor|Protect
|
|-weather|Sandstorm|[upkeep]
|-damage|p2a: Breloom|39/100 tox|[from] sandstorm
|-damage|p2a: Breloom|27/100 tox|[from] psn
|turn|23
|choice||
|
|move|p2a: Breloom|Bullet Seed|p1a: Gliscor
|-damage|p1a: Gliscor|88/100 tox
|-damage|p1a: Gliscor|75/100 tox
|-damage|p1a: Gliscor|63/100 tox
|-damage|p1a: Gliscor|52/100 tox
|-hitcount|p1a: Gliscor|4
|move|p1a: Gliscor|Substitute|p1a: Gliscor
|-start|p1a: Gliscor|Substitute
|-damage|p1a: Gliscor|27/100 tox
|
|-weather|Sandstorm|[upkeep]
|-damage|p2a: Breloom|21/100 tox|[from] sandstorm
|-damage|p2a: Breloom|3/100 tox|[from] psn
|-heal|p1a: Gliscor|39/100 tox|[from] ability: Poison Heal
|turn|24
|choice||
|
|move|p1a: Gliscor|Protect|p1a: Gliscor
|-singleturn|p1a: Gliscor|Protect
|move|p2a: Breloom|Bullet Seed|p1a: Gliscor
|-activate|p1a: Gliscor|Protect
|
|-weather|Sandstorm|[upkeep]
|-damage|p2a: Breloom|0 fnt|[from] sandstorm
|-heal|p1a: Gliscor|52/100 tox|[from] ability: Poison Heal
|faint|p2a: Breloom
|choice||
|
|switch|p2a: Latias|Latias, F|100/100
|-damage|p2a: Latias|88/100|[from] Stealth Rock
|turn|25
|choice||
|
|move|p2a: Latias|Surf|p1a: Gliscor
|-supereffective|p1a: Gliscor
|-crit|p1a: Gliscor
|-end|p1a: Gliscor|Substitute
|-damage|p2a: Latias|78/100|[from] item: Life Orb
|move|p1a: Gliscor|Toxic|p2a: Latias
|-status|p2a: Latias|tox
|
|-weather|Sandstorm|[upkeep]
|-damage|p2a: Latias|72/100 tox|[from] sandstorm
|-damage|p2a: Latias|66/100 tox|[from] psn
|-heal|p1a: Gliscor|64/100 tox|[from] ability: Poison Heal
|turn|26
|choice||
|
|move|p1a: Gliscor|Protect|p1a: Gliscor
|-singleturn|p1a: Gliscor|Protect
|move|p2a: Latias|Roost|p2a: Latias
|-heal|p2a: Latias|100/100 tox
|
|-weather|Sandstorm|[upkeep]
|-damage|p2a: Latias|95/100 tox|[from] sandstorm
|-damage|p2a: Latias|83/100 tox|[from] psn
|-heal|p1a: Gliscor|76/100 tox|[from] ability: Poison Heal
|turn|27
|c|★Twixtry|youre so predictable rofl
|choice||
|
|switch|p2a: Landorus|Landorus-Therian, M|100/100
|-damage|p2a: Landorus|88/100|[from] Stealth Rock
|-ability|p2a: Landorus|Intimidate|boost
|-unboost|p1a: Gliscor|atk|1
|switch|p1a: Ferrothorn|Ferrothorn, F|16/100
|-damage|p1a: Ferrothorn|10/100|[from] Stealth Rock
|
|-weather|Sandstorm|[upkeep]
|-heal|p2a: Landorus|94/100|[from] item: Leftovers
|-heal|p1a: Ferrothorn|16/100|[from] item: Leftovers
|turn|28
|choice||
|
|move|p2a: Landorus|Earthquake|p1a: Ferrothorn
|-damage|p1a: Ferrothorn|0 fnt
|faint|p1a: Ferrothorn
|
|-weather|Sandstorm|[upkeep]
|-heal|p2a: Landorus|99/100|[from] item: Leftovers
|choice||
|
|switch|p1a: Gliscor|Gliscor, M|76/100 tox
|-damage|p1a: Gliscor|64/100 tox|[from] Stealth Rock
|turn|29
|choice||
|
|move|p2a: Landorus|Swords Dance|p2a: Landorus
|-boost|p2a: Landorus|atk|2
|move|p1a: Gliscor|Substitute|p1a: Gliscor
|-start|p1a: Gliscor|Substitute
|-damage|p1a: Gliscor|39/100 tox
|
|-weather|Sandstorm|[upkeep]
|-heal|p2a: Landorus|100/100|[from] item: Leftovers
|-heal|p1a: Gliscor|52/100 tox|[from] ability: Poison Heal
|turn|30
|choice||
|
|move|p1a: Gliscor|Protect|p1a: Gliscor
|-singleturn|p1a: Gliscor|Protect
|move|p2a: Landorus|Stone Edge|p1a: Gliscor
|-activate|p1a: Gliscor|Protect
|
|-weather|Sandstorm|[upkeep]
|-heal|p1a: Gliscor|64/100 tox|[from] ability: Poison Heal
|turn|31
|choice||
|
|move|p2a: Landorus|Stone Edge|p1a: Gliscor
|-end|p1a: Gliscor|Substitute
|move|p1a: Gliscor|Toxic|p2a: Landorus
|-status|p2a: Landorus|tox
|
|-weather|Sandstorm|[upkeep]
|-damage|p2a: Landorus|94/100 tox|[from] psn
|-heal|p1a: Gliscor|76/100 tox|[from] ability: Poison Heal
|turn|32
|choice||
|
|move|p2a: Landorus|Swords Dance|p2a: Landorus
|-boost|p2a: Landorus|atk|2
|move|p1a: Gliscor|Substitute|p1a: Gliscor
|-start|p1a: Gliscor|Substitute
|-damage|p1a: Gliscor|52/100 tox
|
|-weather|Sandstorm|[upkeep]
|-heal|p2a: Landorus|100/100 tox|[from] item: Leftovers
|-damage|p2a: Landorus|88/100 tox|[from] psn
|-heal|p1a: Gliscor|64/100 tox|[from] ability: Poison Heal
|turn|33
|choice||
|
|switch|p2a: Latias|Latias, F|83/100 tox
|-damage|p2a: Latias|70/100 tox|[from] Stealth Rock
|move|p1a: Gliscor|Protect|p1a: Gliscor
|-fail|p1a: Gliscor
|
|-weather|Sandstorm|[upkeep]
|-damage|p2a: Latias|64/100 tox|[from] sandstorm
|-damage|p2a: Latias|58/100 tox|[from] psn
|-heal|p1a: Gliscor|76/100 tox|[from] ability: Poison Heal
|turn|34
|choice||
|
|move|p2a: Latias|Roost|p2a: Latias
|-heal|p2a: Latias|100/100 tox
|move|p1a: Gliscor|Substitute|p1a: Gliscor
|-fail|p1a: Gliscor|move: Substitute
|
|-weather|Sandstorm|[upkeep]
|-damage|p2a: Latias|95/100 tox|[from] sandstorm
|-damage|p2a: Latias|83/100 tox|[from] psn
|-heal|p1a: Gliscor|89/100 tox|[from] ability: Poison Heal
|turn|35
|choice||
|
|move|p2a: Latias|Surf|p1a: Gliscor
|-supereffective|p1a: Gliscor
|-end|p1a: Gliscor|Substitute
|-damage|p2a: Latias|73/100 tox|[from] item: Life Orb
|move|p1a: Gliscor|Substitute|p1a: Gliscor
|-start|p1a: Gliscor|Substitute
|-damage|p1a: Gliscor|64/100 tox
|
|-weather|Sandstorm|[upkeep]
|-damage|p2a: Latias|67/100 tox|[from] sandstorm
|-damage|p2a: Latias|49/100 tox|[from] psn
|-heal|p1a: Gliscor|76/100 tox|[from] ability: Poison Heal
|turn|36
|choice||
|
|switch|p2a: Gastrodon|Gastrodon, F|70/100 tox
|-damage|p2a: Gastrodon|64/100 tox|[from] Stealth Rock
|-damage|p2a: Gastrodon|51/100 tox|[from] Spikes
|move|p1a: Gliscor|Substitute|p1a: Gliscor
|-fail|p1a: Gliscor|move: Substitute
|
|-weather|Sandstorm|[upkeep]
|-heal|p2a: Gastrodon|57/100 tox|[from] item: Leftovers
|-heal|p1a: Gliscor|89/100 tox|[from] ability: Poison Heal
|-damage|p2a: Gastrodon|51/100 tox|[from] psn
|turn|37
|choice||
|
|move|p1a: Gliscor|Earthquake|p2a: Gastrodon
|-crit|p2a: Gastrodon
|-damage|p2a: Gastrodon|1/100 tox
|move|p2a: Gastrodon|Recover|p2a: Gastrodon
|-heal|p2a: Gastrodon|51/100 tox
|
|-weather|Sandstorm|[upkeep]
|-heal|p2a: Gastrodon|57/100 tox|[from] item: Leftovers
|-heal|p1a: Gliscor|100/100 tox|[from] ability: Poison Heal
|-damage|p2a: Gastrodon|45/100 tox|[from] psn
|turn|38
|choice||
|
|move|p1a: Gliscor|Earthquake|p2a: Gastrodon
|-damage|p2a: Gastrodon|22/100 tox
|move|p2a: Gastrodon|Recover|p2a: Gastrodon
|-heal|p2a: Gastrodon|72/100 tox
|
|-weather|Sandstorm|[upkeep]
|-heal|p2a: Gastrodon|78/100 tox|[from] item: Leftovers
|-damage|p2a: Gastrodon|59/100 tox|[from] psn
|turn|39
|choice||
|
|move|p1a: Gliscor|Earthquake|p2a: Gastrodon
|-damage|p2a: Gastrodon|37/100 tox
|move|p2a: Gastrodon|Recover|p2a: Gastrodon
|-heal|p2a: Gastrodon|87/100 tox
|
|-weather|Sandstorm|[upkeep]
|-heal|p2a: Gastrodon|93/100 tox|[from] item: Leftovers
|-damage|p2a: Gastrodon|68/100 tox|[from] psn
|turn|40
|choice||
|
|switch|p2a: Latias|Latias, F|49/100 tox
|-damage|p2a: Latias|37/100 tox|[from] Stealth Rock
|move|p1a: Gliscor|Earthquake|p2a: Latias
|-immune|p2a: Latias|[msg]|[from] ability: Levitate
|
|-weather|Sandstorm|[upkeep]
|-damage|p2a: Latias|31/100 tox|[from] sandstorm
|-damage|p2a: Latias|25/100 tox|[from] psn
|turn|41
|choice||
|
|switch|p1a: Chansey|Chansey, F|100/100
|-damage|p1a: Chansey|88/100|[from] Stealth Rock
|move|p2a: Latias|Roost|p2a: Latias
|-heal|p2a: Latias|75/100 tox
|
|-weather|Sandstorm|[upkeep]
|-damage|p2a: Latias|69/100 tox|[from] sandstorm
|-damage|p1a: Chansey|82/100|[from] sandstorm
|-damage|p2a: Latias|57/100 tox|[from] psn
|turn|42
|choice||
|
|move|p2a: Latias|Roost|p2a: Latias
|-heal|p2a: Latias|100/100 tox
|move|p1a: Chansey|Seismic Toss|p2a: Latias
|-damage|p2a: Latias|67/100 tox
|
|-weather|Sandstorm|[upkeep]
|-damage|p2a: Latias|61/100 tox|[from] sandstorm
|-damage|p1a: Chansey|76/100|[from] sandstorm
|-damage|p2a: Latias|44/100 tox|[from] psn
|turn|43
|choice||
|
|switch|p2a: Tyranitar|Tyranitar, F|88/100
|-damage|p2a: Tyranitar|76/100|[from] Stealth Rock
|-damage|p2a: Tyranitar|64/100|[from] Spikes
|move|p1a: Chansey|Seismic Toss|p2a: Tyranitar
|-damage|p2a: Tyranitar|34/100
|
|-weather|Sandstorm|[upkeep]
|-damage|p1a: Chansey|70/100|[from] sandstorm
|turn|44
|choice||
|
|move|p2a: Tyranitar|Crunch|p1a: Chansey
|-damage|p1a: Chansey|41/100
|move|p1a: Chansey|Soft-Boiled|p1a: Chansey
|-heal|p1a: Chansey|91/100
|
|-weather|Sandstorm|[upkeep]
|-damage|p1a: Chansey|85/100|[from] sandstorm
|turn|45
|choice||
|
|move|p2a: Tyranitar|Crunch|p1a: Chansey
|-damage|p1a: Chansey|60/100
|move|p1a: Chansey|Toxic|p2a: Tyranitar
|-status|p2a: Tyranitar|tox
|
|-weather|Sandstorm|[upkeep]
|-damage|p1a: Chansey|54/100|[from] sandstorm
|-damage|p2a: Tyranitar|28/100 tox|[from] psn
|turn|46
|choice||
|
|switch|p2a: Scizor|Scizor, M|57/100
|-damage|p2a: Scizor|45/100|[from] Stealth Rock
|-damage|p2a: Scizor|32/100|[from] Spikes
|move|p1a: Chansey|Soft-Boiled|p1a: Chansey
|-heal|p1a: Chansey|100/100
|
|-weather|Sandstorm|[upkeep]
|-damage|p1a: Chansey|94/100|[from] sandstorm
|turn|47
|choice||
|
|-activate|p1a: Chansey|move: Pursuit
|move|p2a: Scizor|Pursuit|p1a: Chansey|[from]Pursuit
|-damage|p1a: Chansey|59/100
|switch|p1a: Tentacruel|Tentacruel, M|100/100
|-damage|p1a: Tentacruel|88/100|[from] Stealth Rock
|
|-weather|Sandstorm|[upkeep]
|-damage|p1a: Tentacruel|82/100|[from] sandstorm
|-heal|p1a: Tentacruel|88/100|[from] item: Leftovers
|turn|48
|choice||
|
|switch|p2a: Latias|Latias, F|44/100 tox
|-damage|p2a: Latias|31/100 tox|[from] Stealth Rock
|move|p1a: Tentacruel|Rapid Spin|p2a: Latias
|-damage|p2a: Latias|28/100 tox
|-sideend|p1: Meloriver ヽ͜|Stealth Rock|[from] move: Rapid Spin|[of] p1a: Tentacruel
|
|-weather|Sandstorm|[upkeep]
|-damage|p2a: Latias|22/100 tox|[from] sandstorm
|-damage|p1a: Tentacruel|82/100|[from] sandstorm
|-heal|p1a: Tentacruel|88/100|[from] item: Leftovers
|-damage|p2a: Latias|16/100 tox|[from] psn
|turn|49
|choice||
|
|switch|p1a: Chansey|Chansey, F|59/100
|move|p2a: Latias|Roost|p2a: Latias
|-heal|p2a: Latias|66/100 tox
|
|-weather|Sandstorm|[upkeep]
|-damage|p2a: Latias|60/100 tox|[from] sandstorm
|-damage|p1a: Chansey|52/100|[from] sandstorm
|-damage|p2a: Latias|48/100 tox|[from] psn
|turn|50
|choice||
|
|move|p2a: Latias|Roost|p2a: Latias
|-heal|p2a: Latias|98/100 tox
|move|p1a: Chansey|Soft-Boiled|p1a: Chansey
|-heal|p1a: Chansey|100/100
|
|-weather|Sandstorm|[upkeep]
|-damage|p2a: Latias|92/100 tox|[from] sandstorm
|-damage|p1a: Chansey|94/100|[from] sandstorm
|-damage|p2a: Latias|74/100 tox|[from] psn
|turn|51
|choice||
|
|switch|p2a: Tyranitar|Tyranitar, F|28/100 tox
|-damage|p2a: Tyranitar|16/100 tox|[from] Stealth Rock
|-damage|p2a: Tyranitar|3/100 tox|[from] Spikes
|move|p1a: Chansey|Aromatherapy|p1a: Chansey
|-cureteam|p1a: Chansey|[from] move: Aromatherapy
|
|-weather|Sandstorm|[upkeep]
|-damage|p1a: Chansey|88/100|[from] sandstorm
|-damage|p2a: Tyranitar|0 fnt|[from] psn
|faint|p2a: Tyranitar
|choice||
|
|switch|p2a: Landorus|Landorus-Therian, M|88/100 tox
|-damage|p2a: Landorus|76/100 tox|[from] Stealth Rock
|-ability|p2a: Landorus|Intimidate|boost
|-unboost|p1a: Chansey|atk|1
|turn|52
|choice||
|
|move|p2a: Landorus|Swords Dance|p2a: Landorus
|-boost|p2a: Landorus|atk|2
|move|p1a: Chansey|Seismic Toss|p2a: Landorus
|-damage|p2a: Landorus|46/100 tox
|
|-weather|Sandstorm|[upkeep]
|-damage|p1a: Chansey|82/100|[from] sandstorm
|-heal|p2a: Landorus|52/100 tox|[from] item: Leftovers
|-damage|p2a: Landorus|46/100 tox|[from] psn
|turn|53
|choice||
|
|switch|p1a: Politoed|Politoed, F|100/100
|-weather|RainDance|[from] ability: Drizzle|[of] p1a: Politoed
|move|p2a: Landorus|Stone Edge|p1a: Politoed
|-crit|p1a: Politoed
|-damage|p1a: Politoed|0 fnt
|faint|p1a: Politoed
|
|-weather|RainDance|[upkeep]
|-heal|p2a: Landorus|52/100 tox|[from] item: Leftovers
|-damage|p2a: Landorus|40/100 tox|[from] psn
|choice||
|
|switch|p1a: Gliscor|Gliscor, M|100/100
|turn|54
|choice||
|
|switch|p2a: Gastrodon|Gastrodon, F|68/100 tox
|-damage|p2a: Gastrodon|62/100 tox|[from] Stealth Rock
|-damage|p2a: Gastrodon|50/100 tox|[from] Spikes
|move|p1a: Gliscor|Substitute|p1a: Gliscor
|-start|p1a: Gliscor|Substitute
|-damage|p1a: Gliscor|76/100
|
|-weather|RainDance|[upkeep]
|-heal|p2a: Gastrodon|56/100 tox|[from] item: Leftovers
|-damage|p2a: Gastrodon|50/100 tox|[from] psn
|-status|p1a: Gliscor|tox|[from] item: Toxic Orb
|turn|55
|choice||
|
|move|p1a: Gliscor|Earthquake|p2a: Gastrodon
|-damage|p2a: Gastrodon|24/100 tox
|move|p2a: Gastrodon|Recover|p2a: Gastrodon
|-heal|p2a: Gastrodon|74/100 tox
|
|-weather|RainDance|[upkeep]
|-heal|p2a: Gastrodon|81/100 tox|[from] item: Leftovers
|-heal|p1a: Gliscor|88/100 tox|[from] ability: Poison Heal
|-damage|p2a: Gastrodon|68/100 tox|[from] psn
|turn|56
|choice||
|
|switch|p1a: Chansey|Chansey, F|82/100
|move|p2a: Gastrodon|Recover|p2a: Gastrodon
|-heal|p2a: Gastrodon|100/100 tox
|
|-weather|RainDance|[upkeep]
|-damage|p2a: Gastrodon|82/100 tox|[from] psn
|turn|57
|choice||
|
|move|p1a: Chansey|Seismic Toss|p2a: Gastrodon
|-damage|p2a: Gastrodon|59/100 tox
|move|p2a: Gastrodon|Toxic|p1a: Chansey
|-status|p1a: Chansey|tox
|
|-weather|RainDance|[upkeep]
|-heal|p2a: Gastrodon|65/100 tox|[from] item: Leftovers
|-damage|p1a: Chansey|76/100 tox|[from] psn
|-damage|p2a: Gastrodon|40/100 tox|[from] psn
|turn|58
|choice||
|
|switch|p2a: Latias|Latias, F|74/100 tox
|-damage|p2a: Latias|62/100 tox|[from] Stealth Rock
|move|p1a: Chansey|Seismic Toss|p2a: Latias
|-damage|p2a: Latias|29/100 tox
|
|-weather|RainDance|[upkeep]
|-damage|p2a: Latias|23/100 tox|[from] psn
|-damage|p1a: Chansey|64/100 tox|[from] psn
|turn|59
|choice||
|
|move|p2a: Latias|Roost|p2a: Latias
|-heal|p2a: Latias|73/100 tox
|move|p1a: Chansey|Aromatherapy|p1a: Chansey
|-cureteam|p1a: Chansey|[from] move: Aromatherapy
|
|-weather|RainDance|[upkeep]
|-damage|p2a: Latias|61/100 tox|[from] psn
|turn|60
|choice||
|
|move|p2a: Latias|Psyshock|p1a: Chansey
|-damage|p1a: Chansey|28/100
|-damage|p2a: Latias|51/100 tox|[from] item: Life Orb
|move|p1a: Chansey|Soft-Boiled|p1a: Chansey
|-heal|p1a: Chansey|78/100
|
|-weather|RainDance|[upkeep]
|-damage|p2a: Latias|33/100 tox|[from] psn
|turn|61
|choice||
|
|switch|p2a: Scizor|Scizor, M|32/100
|-damage|p2a: Scizor|20/100|[from] Spikes
|-damage|p2a: Scizor|8/100|[from] Stealth Rock
|move|p1a: Chansey|Seismic Toss|p2a: Scizor
|-damage|p2a: Scizor|0 fnt
|faint|p2a: Scizor
|
|-weather|RainDance|[upkeep]
|choice||
|
|switch|p2a: Landorus|Landorus-Therian, M|40/100 tox
|-damage|p2a: Landorus|27/100 tox|[from] Stealth Rock
|-ability|p2a: Landorus|Intimidate|boost
|-unboost|p1a: Chansey|atk|1
|turn|62
|choice||
|
|move|p2a: Landorus|Earthquake|p1a: Chansey
|-damage|p1a: Chansey|36/100
|move|p1a: Chansey|Soft-Boiled|p1a: Chansey
|-heal|p1a: Chansey|86/100
|
|-weather|RainDance|[upkeep]
|-heal|p2a: Landorus|33/100 tox|[from] item: Leftovers
|-damage|p2a: Landorus|27/100 tox|[from] psn
|turn|63
|choice||
|
|move|p2a: Landorus|Swords Dance|p2a: Landorus
|-boost|p2a: Landorus|atk|2
|move|p1a: Chansey|Seismic Toss|p2a: Landorus
|-damage|p2a: Landorus|0 fnt
|faint|p2a: Landorus
|
|-weather|RainDance|[upkeep]
|c|★Twixtry|why do people bring stall on a dead ladder rofl
|-message|Twixtry forfeited.
|
|win|Meloriver ヽ͜
|player|p1
|player|p2
|l|Twixtry
|raw|Meloriver ヽ͜'s rating: 1440 &rarr; <strong>1454</strong><br />(+14 for winning)
|raw|Twixtry's rating: 1324 &rarr; <strong>1311</strong><br />(-13 for losing)
|c|★Meloriver ヽ͜|easy