|j|☆F-00_MC
|j|☆robediacqua
|t:|1721558796
|gametype|singles
|player|p1|F-00_MC|hilbert|1320
|player|p2|robediacqua|lucas|1493
|teamsize|p1|6
|teamsize|p2|6
|gen|5
|tier|[Gen 5] OU
|rated|
|rule|Species Clause: Limit one of each Pokémon
|rule|OHKO Clause: OHKO moves are banned
|rule|Moody Clause: Moody is banned
|rule|Evasion Items Clause: Evasion items are banned
|rule|Evasion Moves Clause: Evasion moves are banned
|rule|Endless Battle Clause: Forcing endless battles is banned
|rule|HP Percentage Mod: HP is shown in percentages
|rule|Evasion Abilities Clause: Evasion abilities are banned
|rule|Sleep Moves Clause: Sleep-inducing moves are banned
|rule|Swagger Clause: Swagger is banned
|rule|Baton Pass Stat Clause: No Baton Passer may have a way to boost its stats
|clearpoke
|poke|p1|Hippowdon, M|item
|poke|p1|Skarmory, M|item
|poke|p1|Bronzong|item
|poke|p1|Clefable, M|item
|poke|p1|Latias, F|item
|poke|p1|Reuniclus, M|item
|poke|p2|Seismitoad, F|item
|poke|p2|Keldeo|item
|poke|p2|Starmie|item
|poke|p2|Empoleon, M|item
|poke|p2|Rotom-Wash|item
|poke|p2|Politoed, F|item
|teampreview
|inactive|Battle timer is ON: inactive players will automatically lose when time's up. (requested by F-00_MC)
|inactive|F-00_MC has 120 seconds left.
|
|t:|1721558832
|start
|switch|p1a: Reuniclus|Reuniclus, M|100/100
|switch|p2a: Rotom|Rotom-Wash|100/100
|turn|1
|
|t:|1721558838
|switch|p1a: Latias|Latias, F|100/100
|move|p2a: Rotom|Trick|p1a: Latias
|-activate|p2a: Rotom|move: Trick|[of] p1a: Latias
|-item|p1a: Latias|Choice Scarf|[from] move: Trick
|-item|p2a: Rotom|Colbur Berry|[from] move: Trick
|
|upkeep
|turn|2
|
|t:|1721558845
|switch|p2a: Seismitoad|Seismitoad, F|100/100
|move|p1a: Latias|Thunder Wave|p2a: Seismitoad
|-immune|p2a: Seismitoad
|
|upkeep
|turn|3
|
|t:|1721558853
|switch|p1a: Skarmory|Skarmory, M|100/100
|move|p2a: Seismitoad|Scald|p1a: Skarmory
|-damage|p1a: Skarmory|77/100
|
|-heal|p1a: Skarmory|83/100|[from] item: Leftovers
|upkeep
|turn|4
|
|t:|1721558859
|switch|p2a: Politoed|Politoed, F|100/100
|-weather|RainDance|[from] ability: Drizzle|[of] p2a: Politoed
|switch|p1a: Clefable|Clefable, M|100/100
|
|-weather|RainDance|[upkeep]
|upkeep
|turn|5
|
|t:|1721558863
|move|p2a: Politoed|Scald|p1a: Clefable
|-damage|p1a: Clefable|60/100
|move|p1a: Clefable|Knock Off|p2a: Politoed
|-damage|p2a: Politoed|96/100
|-enditem|p2a: Politoed|Mystic Water|[from] move: Knock Off|[of] p1a: Clefable
|
|-weather|RainDance|[upkeep]
|-heal|p1a: Clefable|66/100|[from] item: Leftovers
|upkeep
|turn|6
|
|t:|1721558871
|switch|p2a: Seismitoad|Seismitoad, F|100/100
|move|p1a: Clefable|Thunder Wave|p2a: Seismitoad
|-immune|p2a: Seismitoad
|
|-weather|RainDance|[upkeep]
|-heal|p1a: Clefable|72/100|[from] item: Leftovers
|upkeep
|turn|7
|
|t:|1721558874
|switch|p2a: Keldeo|Keldeo|100/100
|move|p1a: Clefable|Soft-Boiled|p1a: Clefable
|-heal|p1a: Clefable|100/100
|
|-weather|RainDance|[upkeep]
|upkeep
|turn|8
|
|t:|1721558879
|switch|p1a: Latias|Latias, F|100/100
|move|p2a: Keldeo|Secret Sword|p1a: Latias
|-resisted|p1a: Latias
|-damage|p1a: Latias|69/100
|
|-weather|RainDance|[upkeep]
|upkeep
|turn|9
|
|t:|1721558886
|switch|p2a: エンペルト|Empoleon, M|100/100
|move|p1a: Latias|Draco Meteor|p2a: エンペルト
|-resisted|p2a: エンペルト
|-damage|p2a: エンペルト|84/100
|-unboost|p1a: Latias|spa|2
|
|-weather|RainDance|[upkeep]
|-heal|p2a: エンペルト|90/100|[from] item: Leftovers
|upkeep
|turn|10
|c|☆F-00_MC|the one and only enperuto
|
|t:|1721558904
|switch|p1a: Clefable|Clefable, M|100/100
|switch|p2a: Keldeo|Keldeo|100/100
|
|-weather|RainDance|[upkeep]
|upkeep
|turn|11
|
|t:|1721558912
|switch|p1a: Latias|Latias, F|69/100
|move|p2a: Keldeo|Secret Sword|p1a: Latias
|-resisted|p1a: Latias
|-damage|p1a: Latias|36/100
|
|-weather|RainDance|[upkeep]
|upkeep
|turn|12
|
|t:|1721558916
|switch|p2a: エンペルト|Empoleon, M|90/100
|move|p1a: Latias|Roost|p1a: Latias
|-heal|p1a: Latias|86/100
|-singleturn|p1a: Latias|move: Roost
|
|-weather|RainDance|[upkeep]
|-heal|p2a: エンペルト|96/100|[from] item: Leftovers
|upkeep
|turn|13
|
|t:|1721558923
|switch|p1a: Reuniclus|Reuniclus, M|100/100
|switch|p2a: Keldeo|Keldeo|100/100
|
|-weather|RainDance|[upkeep]
|upkeep
|turn|14
|
|t:|1721558926
|move|p2a: Keldeo|Hydro Pump|p1a: Reuniclus
|-crit|p1a: Reuniclus
|-damage|p1a: Reuniclus|0 fnt
|faint|p1a: Reuniclus
|
|-weather|RainDance|[upkeep]
|upkeep
|
|t:|1721558935
|switch|p1a: Hippowdon|Hippowdon, M|100/100
|-weather|Sandstorm|[from] ability: Sand Stream|[of] p1a: Hippowdon
|turn|15
|
|t:|1721558939
|switch|p1a: Clefable|Clefable, M|100/100
|move|p2a: Keldeo|Hydro Pump|p1a: Clefable|[miss]
|-miss|p2a: Keldeo|p1a: Clefable
|
|-weather|Sandstorm|[upkeep]
|-damage|p2a: Keldeo|94/100|[from] Sandstorm
|upkeep
|turn|16
|
|t:|1721558943
|switch|p2a: Politoed|Politoed, F|96/100
|-weather|RainDance|[from] ability: Drizzle|[of] p2a: Politoed
|move|p1a: Clefable|Knock Off|p2a: Politoed
|-crit|p2a: Politoed
|-damage|p2a: Politoed|86/100
|
|-weather|RainDance|[upkeep]
|upkeep
|turn|17
|
|t:|1721558954
|move|p2a: Politoed|Scald|p1a: Clefable
|-damage|p1a: Clefable|65/100
|move|p1a: Clefable|Thunder Wave|p2a: Politoed
|-status|p2a: Politoed|par
|
|-weather|RainDance|[upkeep]
|-heal|p1a: Clefable|71/100|[from] item: Leftovers
|upkeep
|turn|18
|
|t:|1721558958
|move|p1a: Clefable|Seismic Toss|p2a: Politoed
|-damage|p2a: Politoed|55/100 par
|move|p2a: Politoed|Scald|p1a: Clefable
|-damage|p1a: Clefable|39/100
|
|-weather|RainDance|[upkeep]
|-heal|p1a: Clefable|45/100|[from] item: Leftovers
|upkeep
|turn|19
|
|t:|1721558963
|switch|p2a: Keldeo|Keldeo|94/100
|move|p1a: Clefable|Thunder Wave|p2a: Keldeo
|-status|p2a: Keldeo|par
|
|-weather|RainDance|[upkeep]
|-heal|p1a: Clefable|51/100|[from] item: Leftovers
|upkeep
|turn|20
|
|t:|1721558969
|switch|p1a: Hippowdon|Hippowdon, M|100/100
|-weather|Sandstorm|[from] ability: Sand Stream|[of] p1a: Hippowdon
|cant|p2a: Keldeo|par
|
|-weather|Sandstorm|[upkeep]
|-damage|p2a: Keldeo|88/100 par|[from] Sandstorm
|upkeep
|turn|21
|
|t:|1721558973
|switch|p1a: Latias|Latias, F|86/100
|move|p2a: Keldeo|Hydro Pump|p1a: Latias
|-resisted|p1a: Latias
|-damage|p1a: Latias|53/100
|
|-weather|Sandstorm|[upkeep]
|-damage|p1a: Latias|47/100|[from] Sandstorm
|-damage|p2a: Keldeo|82/100 par|[from] Sandstorm
|upkeep
|turn|22
|
|t:|1721558978
|switch|p2a: エンペルト|Empoleon, M|96/100
|move|p1a: Latias|Thunder Wave|p2a: エンペルト
|-status|p2a: エンペルト|par
|
|-weather|Sandstorm|[upkeep]
|-damage|p1a: Latias|41/100|[from] Sandstorm
|-heal|p2a: エンペルト|100/100 par|[from] item: Leftovers
|upkeep
|turn|23
|
|t:|1721558981
|switch|p1a: Clefable|Clefable, M|51/100
|switch|p2a: Politoed|Politoed, F|55/100 par
|-weather|RainDance|[from] ability: Drizzle|[of] p2a: Politoed
|
|-weather|RainDance|[upkeep]
|-heal|p1a: Clefable|57/100|[from] item: Leftovers
|upkeep
|turn|24
|
|t:|1721558996
|switch|p2a: Keldeo|Keldeo|82/100 par
|move|p1a: Clefable|Seismic Toss|p2a: Keldeo
|-damage|p2a: Keldeo|51/100 par
|
|-weather|RainDance|[upkeep]
|-heal|p1a: Clefable|63/100|[from] item: Leftovers
|upkeep
|turn|25
|
|t:|1721559021
|switch|p1a: Latias|Latias, F|41/100
|move|p2a: Keldeo|Surf|p1a: Latias
|-resisted|p1a: Latias
|-damage|p1a: Latias|2/100
|
|-weather|RainDance|[upkeep]
|upkeep
|turn|26
|
|t:|1721559030
|move|p1a: Latias|Roost|p1a: Latias
|-heal|p1a: Latias|53/100
|-singleturn|p1a: Latias|move: Roost
|move|p2a: Keldeo|Surf|p1a: Latias
|-resisted|p1a: Latias
|-damage|p1a: Latias|10/100
|
|-weather|RainDance|[upkeep]
|upkeep
|turn|27
|
|t:|1721559037
|switch|p2a: Starmie|Starmie|100/100
|move|p1a: Latias|Roost|p1a: Latias
|-heal|p1a: Latias|60/100
|-singleturn|p1a: Latias|move: Roost
|
|-weather|RainDance|[upkeep]
|upkeep
|turn|28
|
|t:|1721559043
|switch|p1a: Bronzong|Bronzong|100/100
|move|p2a: Starmie|Surf|p1a: Bronzong
|-damage|p1a: Bronzong|14/100
|
|-weather|RainDance|[upkeep]
|-heal|p1a: Bronzong|20/100|[from] item: Leftovers
|upkeep
|turn|29
|
|t:|1721559045
|move|p1a: Bronzong|Protect|p1a: Bronzong
|-singleturn|p1a: Bronzong|Protect
|move|p2a: Starmie|Surf|p1a: Bronzong
|-activate|p1a: Bronzong|move: Protect
|
|-weather|RainDance|[upkeep]
|-heal|p1a: Bronzong|27/100|[from] item: Leftovers
|upkeep
|turn|30
|
|t:|1721559052
|move|p2a: Starmie|Surf|p1a: Bronzong
|-damage|p1a: Bronzong|0 fnt
|faint|p1a: Bronzong
|
|-weather|RainDance|[upkeep]
|upkeep
|inactive|F-00_MC has 120 seconds left.
|inactive|F-00_MC has 90 seconds left.
|inactive|F-00_MC has 60 seconds left.
|
|t:|1721559150
|switch|p1a: Latias|Latias, F|60/100
|turn|31
|inactive|F-00_MC has 60 seconds left.
|
|t:|1721559165
|switch|p2a: Seismitoad|Seismitoad, F|100/100
|move|p1a: Latias|Roost|p1a: Latias
|-heal|p1a: Latias|100/100
|-singleturn|p1a: Latias|move: Roost
|
|-weather|RainDance|[upkeep]
|upkeep
|turn|32
|
|t:|1721559174
|switch|p1a: Clefable|Clefable, M|63/100
|switch|p2a: Starmie|Starmie|100/100
|
|-weather|RainDance|[upkeep]
|-heal|p1a: Clefable|69/100|[from] item: Leftovers
|upkeep
|turn|33
|
|t:|1721559201
|switch|p2a: Keldeo|Keldeo|51/100 par
|move|p1a: Clefable|Thunder Wave|p2a: Keldeo
|-fail|p2a: Keldeo|par
|
|-weather|RainDance|[upkeep]
|-heal|p1a: Clefable|75/100|[from] item: Leftovers
|upkeep
|turn|34
|
|t:|1721559210
|switch|p1a: Latias|Latias, F|100/100
|move|p2a: Keldeo|Surf|p1a: Latias
|-resisted|p1a: Latias
|-damage|p1a: Latias|62/100
|
|-weather|RainDance|[upkeep]
|upkeep
|turn|35
|
|t:|1721559218
|move|p1a: Latias|Draco Meteor|p2a: Keldeo
|-damage|p2a: Keldeo|0 fnt
|-unboost|p1a: Latias|spa|2
|faint|p2a: Keldeo
|
|-weather|RainDance|[upkeep]
|upkeep
|
|t:|1721559234
|switch|p2a: Starmie|Starmie|100/100
|turn|36
|
|t:|1721559245
|switch|p1a: Skarmory|Skarmory, M|83/100
|move|p2a: Starmie|Surf|p1a: Skarmory
|-damage|p1a: Skarmory|0 fnt
|faint|p1a: Skarmory
|
|-weather|RainDance|[upkeep]
|upkeep
|inactive|F-00_MC has 60 seconds left.
|
|t:|1721559274
|switch|p1a: Hippowdon|Hippowdon, M|100/100
|-weather|Sandstorm|[from] ability: Sand Stream|[of] p1a: Hippowdon
|turn|37
|
|t:|1721559278
|switch|p1a: Clefable|Clefable, M|75/100
|move|p2a: Starmie|Surf|p1a: Clefable
|-damage|p1a: Clefable|18/100
|
|-weather|Sandstorm|[upkeep]
|-damage|p2a: Starmie|94/100|[from] Sandstorm
|-heal|p1a: Clefable|24/100|[from] item: Leftovers
|upkeep
|turn|38
|
|t:|1721559283
|switch|p1a: Latias|Latias, F|62/100
|move|p2a: Starmie|Surf|p1a: Latias
|-resisted|p1a: Latias
|-damage|p1a: Latias|31/100
|
|-weather|Sandstorm|[upkeep]
|-damage|p1a: Latias|25/100|[from] Sandstorm
|-damage|p2a: Starmie|88/100|[from] Sandstorm
|upkeep
|turn|39
|
|t:|1721559288
|switch|p2a: Politoed|Politoed, F|55/100 par
|-weather|RainDance|[from] ability: Drizzle|[of] p2a: Politoed
|move|p1a: Latias|Roost|p1a: Latias
|-heal|p1a: Latias|75/100
|-singleturn|p1a: Latias|move: Roost
|
|-weather|RainDance|[upkeep]
|upkeep
|turn|40
|
|t:|1721559292
|switch|p1a: Hippowdon|Hippowdon, M|100/100
|-weather|Sandstorm|[from] ability: Sand Stream|[of] p1a: Hippowdon
|switch|p2a: Starmie|Starmie|88/100
|
|-weather|Sandstorm|[upkeep]
|-damage|p2a: Starmie|82/100|[from] Sandstorm
|upkeep
|turn|41
|
|t:|1721559298
|switch|p1a: Latias|Latias, F|75/100
|move|p2a: Starmie|Ice Beam|p1a: Latias
|-supereffective|p1a: Latias
|-damage|p1a: Latias|0 fnt
|faint|p1a: Latias
|
|-weather|Sandstorm|[upkeep]
|-damage|p2a: Starmie|76/100|[from] Sandstorm
|upkeep
|
|t:|1721559300
|switch|p1a: Clefable|Clefable, M|24/100
|turn|42
|c|☆F-00_MC|gg
|
|t:|1721559310
|move|p2a: Starmie|Ice Beam|p1a: Clefable
|-damage|p1a: Clefable|0 fnt
|faint|p1a: Clefable
|
|-weather|Sandstorm|[upkeep]
|-damage|p2a: Starmie|70/100|[from] Sandstorm
|upkeep
|c|☆robediacqua|gg
|
|t:|1721559312
|switch|p1a: Hippowdon|Hippowdon, M|100/100
|turn|43
|c|☆robediacqua|bud
|
|t:|1721559316
|switch|p2a: Politoed|Politoed, F|55/100 par
|-weather|RainDance|[from] ability: Drizzle|[of] p2a: Politoed
|move|p1a: Hippowdon|Whirlwind|p2a: Politoed
|drag|p2a: Rotom|Rotom-Wash|100/100
|
|-weather|RainDance|[upkeep]
|upkeep
|turn|44
|
|t:|1721559320
|move|p2a: Rotom|Hydro Pump|p1a: Hippowdon
|-supereffective|p1a: Hippowdon
|-damage|p1a: Hippowdon|0 fnt
|faint|p1a: Hippowdon
|
|win|robediacqua
|raw|F-00_MC's rating: 1320 &rarr; <strong>1309</strong><br />(-11 for losing)
|raw|robediacqua's rating: 1493 &rarr; <strong>1504</strong><br />(+11 for winning)
