|j|☆Liam ☉ Nee-san
|j|☆learn from me
|player|p1|Liam ☉ Nee-san|10|1430
|player|p2|learn from me|unknown|1513
|teamsize|p1|6
|teamsize|p2|6
|gametype|singles
|gen|5
|tier|[Gen 5] OU
|rated|
|clearpoke
|poke|p1|Landorus-Therian, M|item
|poke|p1|Garchomp, M|item
|poke|p1|Ferrothorn, F|item
|poke|p1|Jellicent, M|item
|poke|p1|Jirachi|item
|poke|p1|Donphan, F|item
|poke|p2|Dragonite, M|item
|poke|p2|Magnezone|item
|poke|p2|Jirachi|item
|poke|p2|Latios, M|item
|poke|p2|Kyurem-Black|item
|poke|p2|Excadrill, M|item
|rule|Species Clause: Limit one of each Pokémon
|rule|OHKO Clause: OHKO moves are banned
|rule|Moody Clause: Moody is banned
|rule|Evasion Moves Clause: Evasion moves are banned
|rule|Endless Battle Clause: Forcing endless battles is banned
|rule|HP Percentage Mod: HP is shown in percentages
|rule|Evasion Abilities Clause: Evasion abilities are banned
|rule|Baton Pass Clause: Limit one Baton Passer, can't pass Spe and other stats simultaneously
|rule|Sleep Clause: Sleep-inducing moves are banned
|rule|Swagger Clause: Swagger is banned
|teampreview
|inactive|Battle timer is ON: inactive players will automatically lose when time's up. (requested by learn from me)
|
|start
|switch|p1a: I'm fast af boi|Landorus-Therian, M|100/100
|switch|p2a: Jirachi|Jirachi|100/100
|-ability|p1a: I'm fast af boi|Intimidate|boost
|-unboost|p2a: Jirachi|atk|1
|turn|1
|
|move|p1a: I'm fast af boi|U-turn|p2a: Jirachi
|-damage|p2a: Jirachi|79/100
|
|switch|p1a: Flinch-rachi|Jirachi|100/100|[from]move: U-turn
|move|p2a: Jirachi|Icy Wind|p1a: Flinch-rachi
|-resisted|p1a: Flinch-rachi
|-damage|p1a: Flinch-rachi|96/100
|-unboost|p1a: Flinch-rachi|spe|1
|
|-heal|p2a: Jirachi|85/100|[from] item: Leftovers
|-heal|p1a: Flinch-rachi|100/100|[from] item: Leftovers
|upkeep
|turn|2
|
|move|p2a: Jirachi|Stealth Rock|p1a: Flinch-rachi
|-sidestart|p1: Liam ☉ Nee-san|move: Stealth Rock
|move|p1a: Flinch-rachi|Body Slam|p2a: Jirachi
|-resisted|p2a: Jirachi
|-damage|p2a: Jirachi|77/100
|-status|p2a: Jirachi|par
|
|-heal|p2a: Jirachi|83/100 par|[from] item: Leftovers
|upkeep
|turn|3
|
|switch|p2a: Magnezone|Magnezone|100/100
|move|p1a: Flinch-rachi|U-turn|p2a: Magnezone
|-resisted|p2a: Magnezone
|-damage|p2a: Magnezone|92/100
|
|switch|p1a: I'm fast af boi|Landorus-Therian, M|100/100|[from]move: U-turn
|-damage|p1a: I'm fast af boi|88/100|[from] Stealth Rock
|-ability|p1a: I'm fast af boi|Intimidate|boost
|-unboost|p2a: Magnezone|atk|1
|
|-heal|p1a: I'm fast af boi|94/100|[from] item: Leftovers
|upkeep
|turn|4
|
|switch|p2a: Kyurem|Kyurem-Black, shiny|100/100
|-ability|p2a: Kyurem|Teravolt
|move|p1a: I'm fast af boi|U-turn|p2a: Kyurem
|-damage|p2a: Kyurem|77/100
|
|switch|p1a: gEN 5 z-MOVE|Garchomp, M|100/100|[from]move: U-turn
|-damage|p1a: gEN 5 z-MOVE|94/100|[from] Stealth Rock
|
|-heal|p1a: gEN 5 z-MOVE|100/100|[from] item: Leftovers
|upkeep
|turn|5
|
|switch|p2a: Jirachi|Jirachi|83/100 par
|move|p1a: gEN 5 z-MOVE|Substitute|p1a: gEN 5 z-MOVE
|-start|p1a: gEN 5 z-MOVE|Substitute
|-damage|p1a: gEN 5 z-MOVE|76/100
|
|-heal|p1a: gEN 5 z-MOVE|82/100|[from] item: Leftovers
|-heal|p2a: Jirachi|89/100 par|[from] item: Leftovers
|upkeep
|turn|6
|j| eegee
|
|move|p1a: gEN 5 z-MOVE|Earthquake|p2a: Jirachi
|-supereffective|p2a: Jirachi
|-damage|p2a: Jirachi|11/100 par
|move|p2a: Jirachi|Icy Wind|p1a: gEN 5 z-MOVE|[miss]
|-miss|p2a: Jirachi|p1a: gEN 5 z-MOVE
|
|-heal|p1a: gEN 5 z-MOVE|88/100|[from] item: Leftovers
|-heal|p2a: Jirachi|17/100 par|[from] item: Leftovers
|upkeep
|turn|7
|inactive|learn from me has 120 seconds left.
|
|switch|p2a: Excadrill|Excadrill, M, shiny|100/100
|-ability|p2a: Excadrill|Mold Breaker
|-item|p2a: Excadrill|Air Balloon
|move|p1a: gEN 5 z-MOVE|Earthquake|p2a: Excadrill
|-immune|p2a: Excadrill
|
|-heal|p1a: gEN 5 z-MOVE|94/100|[from] item: Leftovers
|upkeep
|turn|8
|
|move|p1a: gEN 5 z-MOVE|Outrage|p2a: Excadrill
|-resisted|p2a: Excadrill
|-damage|p2a: Excadrill|55/100
|-enditem|p2a: Excadrill|Air Balloon
|move|p2a: Excadrill|Earthquake|p1a: gEN 5 z-MOVE
|-end|p1a: gEN 5 z-MOVE|Substitute
|
|-heal|p1a: gEN 5 z-MOVE|99/100|[from] item: Leftovers
|upkeep
|turn|9
|
|move|p1a: gEN 5 z-MOVE|Outrage|p2a: Excadrill|[from]lockedmove
|-resisted|p2a: Excadrill
|-damage|p2a: Excadrill|14/100
|-start|p1a: gEN 5 z-MOVE|confusion|[fatigue]
|move|p2a: Excadrill|Earthquake|p1a: gEN 5 z-MOVE
|-damage|p1a: gEN 5 z-MOVE|49/100
|
|-heal|p1a: gEN 5 z-MOVE|55/100|[from] item: Leftovers
|upkeep
|turn|10
|
|switch|p1a: I'm fast af boi|Landorus-Therian, M|94/100
|-damage|p1a: I'm fast af boi|82/100|[from] Stealth Rock
|-ability|p1a: I'm fast af boi|Intimidate|boost
|-unboost|p2a: Excadrill|atk|1
|move|p2a: Excadrill|Iron Head|p1a: I'm fast af boi
|-damage|p1a: I'm fast af boi|49/100
|
|-heal|p1a: I'm fast af boi|55/100|[from] item: Leftovers
|upkeep
|turn|11
|
|move|p1a: I'm fast af boi|Hidden Power|p2a: Excadrill
|-damage|p2a: Excadrill|0 fnt
|faint|p2a: Excadrill
|
|-heal|p1a: I'm fast af boi|61/100|[from] item: Leftovers
|upkeep
|
|switch|p2a: Latios|Latios, M|100/100
|turn|12
|
|switch|p2a: Magnezone|Magnezone|92/100
|switch|p1a: Flinch-rachi|Jirachi|100/100
|-damage|p1a: Flinch-rachi|94/100|[from] Stealth Rock
|
|-heal|p1a: Flinch-rachi|100/100|[from] item: Leftovers
|upkeep
|turn|13
|
|move|p1a: Flinch-rachi|U-turn|p2a: Magnezone
|-resisted|p2a: Magnezone
|-damage|p2a: Magnezone|85/100
|
|switch|p1a: gEN 5 z-MOVE|Garchomp, M|55/100|[from]move: U-turn
|-damage|p1a: gEN 5 z-MOVE|49/100|[from] Stealth Rock
|move|p2a: Magnezone|Sunny Day|p2a: Magnezone
|-weather|SunnyDay
|
|-weather|SunnyDay|[upkeep]
|-heal|p1a: gEN 5 z-MOVE|55/100|[from] item: Leftovers
|upkeep
|turn|14
|
|move|p1a: gEN 5 z-MOVE|Substitute|p1a: gEN 5 z-MOVE
|-start|p1a: gEN 5 z-MOVE|Substitute
|-damage|p1a: gEN 5 z-MOVE|30/100
|move|p2a: Magnezone|Flash Cannon|p1a: gEN 5 z-MOVE
|-end|p1a: gEN 5 z-MOVE|Substitute
|
|-weather|SunnyDay|[upkeep]
|-heal|p1a: gEN 5 z-MOVE|36/100|[from] item: Leftovers
|upkeep
|turn|15
|
|switch|p2a: Jirachi|Jirachi|17/100 par
|move|p1a: gEN 5 z-MOVE|Substitute|p1a: gEN 5 z-MOVE
|-start|p1a: gEN 5 z-MOVE|Substitute
|-damage|p1a: gEN 5 z-MOVE|11/100
|
|-weather|SunnyDay|[upkeep]
|-heal|p1a: gEN 5 z-MOVE|17/100|[from] item: Leftovers
|-heal|p2a: Jirachi|23/100 par|[from] item: Leftovers
|upkeep
|turn|16
|
|switch|p2a: Dragonite|Dragonite, M|100/100
|move|p1a: gEN 5 z-MOVE|Earthquake|p2a: Dragonite
|-immune|p2a: Dragonite
|
|-weather|SunnyDay|[upkeep]
|-heal|p1a: gEN 5 z-MOVE|23/100|[from] item: Leftovers
|upkeep
|turn|17
|
|switch|p2a: Magnezone|Magnezone|85/100
|move|p1a: gEN 5 z-MOVE|Outrage|p2a: Magnezone
|-resisted|p2a: Magnezone
|-damage|p2a: Magnezone|55/100
|
|-weather|none
|-heal|p1a: gEN 5 z-MOVE|30/100|[from] item: Leftovers
|upkeep
|turn|18
|
|move|p1a: gEN 5 z-MOVE|Outrage|p2a: Magnezone|[from]lockedmove
|-resisted|p2a: Magnezone
|-damage|p2a: Magnezone|27/100
|-start|p1a: gEN 5 z-MOVE|confusion|[fatigue]
|move|p2a: Magnezone|Flash Cannon|p1a: gEN 5 z-MOVE
|-end|p1a: gEN 5 z-MOVE|Substitute
|
|-heal|p1a: gEN 5 z-MOVE|36/100|[from] item: Leftovers
|upkeep
|turn|19
|
|switch|p2a: Dragonite|Dragonite, M|100/100
|-activate|p1a: gEN 5 z-MOVE|confusion
|move|p1a: gEN 5 z-MOVE|Earthquake|p2a: Dragonite
|-immune|p2a: Dragonite
|
|-heal|p1a: gEN 5 z-MOVE|42/100|[from] item: Leftovers
|upkeep
|turn|20
|
|-end|p1a: gEN 5 z-MOVE|confusion
|move|p1a: gEN 5 z-MOVE|Outrage|p2a: Dragonite
|-supereffective|p2a: Dragonite
|-damage|p2a: Dragonite|32/100
|move|p2a: Dragonite|Dragon Dance|p2a: Dragonite
|-boost|p2a: Dragonite|atk|1
|-boost|p2a: Dragonite|spe|1
|
|-heal|p1a: gEN 5 z-MOVE|48/100|[from] item: Leftovers
|upkeep
|turn|21
|
|move|p2a: Dragonite|Outrage|p1a: gEN 5 z-MOVE
|-supereffective|p1a: gEN 5 z-MOVE
|-damage|p1a: gEN 5 z-MOVE|0 fnt
|-damage|p2a: Dragonite|20/100|[from] ability: Rough Skin|[of] p1a: gEN 5 z-MOVE
|faint|p1a: gEN 5 z-MOVE
|
|upkeep
|
|switch|p1a: Donphan|Donphan, F|100/100
|-damage|p1a: Donphan|94/100|[from] Stealth Rock
|turn|22
|
|move|p1a: Donphan|Ice Shard|p2a: Dragonite
|-supereffective|p2a: Dragonite
|-damage|p2a: Dragonite|0 fnt
|faint|p2a: Dragonite
|
|-heal|p1a: Donphan|100/100|[from] item: Leftovers
|upkeep
|
|switch|p2a: Kyurem|Kyurem-Black, shiny|77/100
|-ability|p2a: Kyurem|Teravolt
|turn|23
|
|move|p2a: Kyurem|Ice Beam|p1a: Donphan
|-supereffective|p1a: Donphan
|-crit|p1a: Donphan
|-damage|p1a: Donphan|0 fnt
|faint|p1a: Donphan
|
|upkeep
|
|switch|p1a: Flinch-rachi|Jirachi|100/100
|-damage|p1a: Flinch-rachi|94/100|[from] Stealth Rock
|turn|24
|
|switch|p2a: Jirachi|Jirachi|23/100 par
|move|p1a: Flinch-rachi|Body Slam|p2a: Jirachi
|-resisted|p2a: Jirachi
|-damage|p2a: Jirachi|15/100 par
|
|-heal|p1a: Flinch-rachi|100/100|[from] item: Leftovers
|-heal|p2a: Jirachi|22/100 par|[from] item: Leftovers
|upkeep
|turn|25
|
|move|p1a: Flinch-rachi|U-turn|p2a: Jirachi
|-damage|p2a: Jirachi|8/100 par
|
|switch|p1a: A N A L B E A D S|Ferrothorn, F|100/100|[from]move: U-turn
|-damage|p1a: A N A L B E A D S|94/100|[from] Stealth Rock
|move|p2a: Jirachi|Icy Wind|p1a: A N A L B E A D S
|-damage|p1a: A N A L B E A D S|86/100
|-unboost|p1a: A N A L B E A D S|spe|1
|
|-heal|p2a: Jirachi|14/100 par|[from] item: Leftovers
|-heal|p1a: A N A L B E A D S|92/100|[from] item: Leftovers
|upkeep
|turn|26
|
|switch|p2a: Magnezone|Magnezone|27/100
|move|p1a: A N A L B E A D S|Leech Seed|p2a: Magnezone
|-start|p2a: Magnezone|move: Leech Seed
|
|-heal|p1a: A N A L B E A D S|99/100|[from] item: Leftovers
|-damage|p2a: Magnezone|15/100|[from] Leech Seed|[of] p1a: A N A L B E A D S
|-heal|p1a: A N A L B E A D S|100/100|[silent]
|upkeep
|turn|27
|
|move|p2a: Magnezone|Sunny Day|p2a: Magnezone
|-weather|SunnyDay
|move|p1a: A N A L B E A D S|Stealth Rock|p2a: Magnezone
|-sidestart|p2: learn from me|move: Stealth Rock
|
|-weather|SunnyDay|[upkeep]
|-damage|p2a: Magnezone|2/100|[from] Leech Seed|[of] p1a: A N A L B E A D S
|upkeep
|turn|28
|
|move|p2a: Magnezone|Hidden Power|p1a: A N A L B E A D S
|-supereffective|p1a: A N A L B E A D S
|-damage|p1a: A N A L B E A D S|5/100
|move|p1a: A N A L B E A D S|Knock Off|p2a: Magnezone
|-resisted|p2a: Magnezone
|-damage|p2a: Magnezone|0 fnt
|-enditem|p2a: Magnezone|Chople Berry|[from] move: Knock Off|[of] p1a: A N A L B E A D S
|faint|p2a: Magnezone
|
|-weather|SunnyDay|[upkeep]
|-heal|p1a: A N A L B E A D S|11/100|[from] item: Leftovers
|upkeep
|
|switch|p2a: Kyurem|Kyurem-Black, shiny|77/100
|-damage|p2a: Kyurem|52/100|[from] Stealth Rock
|-ability|p2a: Kyurem|Teravolt
|turn|29
|
|move|p2a: Kyurem|Ice Beam|p1a: A N A L B E A D S
|-damage|p1a: A N A L B E A D S|0 fnt
|faint|p1a: A N A L B E A D S
|
|-weather|SunnyDay|[upkeep]
|upkeep
|
|switch|p1a: Flinch-rachi|Jirachi|100/100
|-damage|p1a: Flinch-rachi|94/100|[from] Stealth Rock
|turn|30
|
|switch|p2a: Jirachi|Jirachi|14/100 par
|-damage|p2a: Jirachi|8/100 par|[from] Stealth Rock
|move|p1a: Flinch-rachi|Body Slam|p2a: Jirachi
|-resisted|p2a: Jirachi
|-damage|p2a: Jirachi|0 fnt
|faint|p2a: Jirachi
|
|-weather|SunnyDay|[upkeep]
|-heal|p1a: Flinch-rachi|100/100|[from] item: Leftovers
|upkeep
|
|switch|p2a: Kyurem|Kyurem-Black, shiny|52/100
|-damage|p2a: Kyurem|27/100|[from] Stealth Rock
|-ability|p2a: Kyurem|Teravolt
|turn|31
|
|move|p1a: Flinch-rachi|Protect|p1a: Flinch-rachi
|-singleturn|p1a: Flinch-rachi|Protect
|move|p2a: Kyurem|Fusion Bolt|p1a: Flinch-rachi
|-activate|p1a: Flinch-rachi|move: Protect
|
|-weather|none
|upkeep
|turn|32
|
|switch|p2a: Latios|Latios, M|100/100
|-damage|p2a: Latios|88/100|[from] Stealth Rock
|switch|p1a: I'm fast af boi|Landorus-Therian, M|61/100
|-damage|p1a: I'm fast af boi|49/100|[from] Stealth Rock
|-ability|p1a: I'm fast af boi|Intimidate|boost
|-unboost|p2a: Latios|atk|1
|
|-heal|p1a: I'm fast af boi|55/100|[from] item: Leftovers
|upkeep
|turn|33
|
|switch|p1a: Flinch-rachi|Jirachi|100/100
|-damage|p1a: Flinch-rachi|94/100|[from] Stealth Rock
|move|p2a: Latios|Draco Meteor|p1a: Flinch-rachi
|-resisted|p1a: Flinch-rachi
|-damage|p1a: Flinch-rachi|63/100
|-unboost|p2a: Latios|spa|2
|
|-heal|p1a: Flinch-rachi|69/100|[from] item: Leftovers
|upkeep
|turn|34
|
|move|p2a: Latios|Draco Meteor|p1a: Flinch-rachi
|-resisted|p1a: Flinch-rachi
|-damage|p1a: Flinch-rachi|51/100
|-unboost|p2a: Latios|spa|2
|move|p1a: Flinch-rachi|Body Slam|p2a: Latios
|-damage|p2a: Latios|60/100
|
|-heal|p1a: Flinch-rachi|58/100|[from] item: Leftovers
|upkeep
|turn|35
|-message|learn from me forfeited.
|
|win|Liam ☉ Nee-san
|l|☆learn from me
|raw|Liam ☉ Nee-san's rating: 1430 &rarr; <strong>1455</strong><br />(+25 for winning)
|raw|learn from me's rating: 1513 &rarr; <strong>1488</strong><br />(-25 for losing)
