|j|☆bugzzzzzzzzz
|j|☆chomp29
|t:|1722472297
|gametype|singles
|player|p1|bugzzzzzzzzz|hilbert-wonderlauncher|1308
|player|p2|chomp29|lucas|1530
|teamsize|p1|6
|teamsize|p2|6
|gen|5
|tier|[Gen 5] OU
|rated|
|rule|Species Clause: Limit one of each Pokémon
|rule|OHKO Clause: OHKO moves are banned
|rule|Moody Clause: Moody is banned
|rule|Evasion Items Clause: Evasion items are banned
|rule|Evasion Moves Clause: Evasion moves are banned
|rule|Endless Battle Clause: Forcing endless battles is banned
|rule|HP Percentage Mod: HP is shown in percentages
|rule|Evasion Abilities Clause: Evasion abilities are banned
|rule|Sleep Moves Clause: Sleep-inducing moves are banned
|rule|Swagger Clause: Swagger is banned
|rule|Baton Pass Stat Clause: No Baton Passer may have a way to boost its stats
|clearpoke
|poke|p1|Hippowdon, F|item
|poke|p1|Ferrothorn, M|item
|poke|p1|Alakazam, M|item
|poke|p1|Latias, F|item
|poke|p1|Reuniclus, F|item
|poke|p1|Clefable, F|item
|poke|p2|Hippowdon, M|item
|poke|p2|Ferrothorn, F|item
|poke|p2|Hydreigon, M|item
|poke|p2|Latios, M|item
|poke|p2|Excadrill, M|item
|poke|p2|Scizor, F|item
|teampreview
|inactive|Battle timer is ON: inactive players will automatically lose when time's up. (requested by chomp29)
|j| Renio75
|
|t:|1722472311
|start
|switch|p1a: Clefable|Clefable, F|100/100
|switch|p2a: Ferrothorn|Ferrothorn, F|100/100
|turn|1
|
|t:|1722472323
|move|p1a: Clefable|Thunder Wave|p2a: Ferrothorn
|-status|p2a: Ferrothorn|par
|move|p2a: Ferrothorn|Spikes|p1a: Clefable
|-sidestart|p1: bugzzzzzzzzz|Spikes
|
|upkeep
|turn|2
|
|t:|1722472334
|switch|p2a: Hippowdon|Hippowdon, M|100/100
|-weather|Sandstorm|[from] ability: Sand Stream|[of] p2a: Hippowdon
|move|p1a: Clefable|Seismic Toss|p2a: Hippowdon
|-damage|p2a: Hippowdon|77/100
|
|-weather|Sandstorm|[upkeep]
|-heal|p2a: Hippowdon|83/100|[from] item: Leftovers
|upkeep
|turn|3
|
|t:|1722472343
|move|p1a: Clefable|Ice Beam|p2a: Hippowdon
|-supereffective|p2a: Hippowdon
|-damage|p2a: Hippowdon|54/100
|move|p2a: Hippowdon|Stealth Rock|p1a: Clefable
|-sidestart|p1: bugzzzzzzzzz|move: Stealth Rock
|
|-weather|Sandstorm|[upkeep]
|-heal|p2a: Hippowdon|60/100|[from] item: Leftovers
|upkeep
|turn|4
|
|t:|1722472351
|move|p1a: Clefable|Ice Beam|p2a: Hippowdon
|-supereffective|p2a: Hippowdon
|-damage|p2a: Hippowdon|30/100
|move|p2a: Hippowdon|Slack Off|p2a: Hippowdon
|-heal|p2a: Hippowdon|80/100
|
|-weather|Sandstorm|[upkeep]
|-heal|p2a: Hippowdon|86/100|[from] item: Leftovers
|upkeep
|turn|5
|
|t:|1722472359
|move|p1a: Clefable|Ice Beam|p2a: Hippowdon
|-supereffective|p2a: Hippowdon
|-damage|p2a: Hippowdon|55/100
|-status|p2a: Hippowdon|frz
|cant|p2a: Hippowdon|frz
|
|-weather|Sandstorm|[upkeep]
|-heal|p2a: Hippowdon|61/100 frz|[from] item: Leftovers
|upkeep
|turn|6
|
|t:|1722472370
|switch|p2a: Scizor|Scizor, F|100/100
|move|p1a: Clefable|Seismic Toss|p2a: Scizor
|-damage|p2a: Scizor|66/100
|
|-weather|Sandstorm|[upkeep]
|upkeep
|turn|7
|
|t:|1722472380
|switch|p1a: Hippowdon|Hippowdon, F|100/100
|-damage|p1a: Hippowdon|88/100|[from] Spikes
|-damage|p1a: Hippowdon|82/100|[from] Stealth Rock
|move|p2a: Scizor|U-turn|p1a: Hippowdon
|-damage|p1a: Hippowdon|53/100
|
|t:|1722472391
|switch|p2a: Hydreigon|Hydreigon, M|100/100|[from] U-turn
|
|-weather|Sandstorm|[upkeep]
|-damage|p2a: Hydreigon|94/100|[from] Sandstorm
|-heal|p1a: Hippowdon|59/100|[from] item: Leftovers
|upkeep
|turn|8
|j| 4real
|
|t:|1722472403
|switch|p1a: Clefable|Clefable, F|100/100
|move|p2a: Hydreigon|Draco Meteor|p1a: Clefable
|-damage|p1a: Clefable|46/100
|-unboost|p2a: Hydreigon|spa|2
|
|-weather|Sandstorm|[upkeep]
|-damage|p2a: Hydreigon|88/100|[from] Sandstorm
|-heal|p1a: Clefable|52/100|[from] item: Leftovers
|upkeep
|turn|9
|l| 4real
|
|t:|1722472412
|switch|p2a: Excadrill|Excadrill, M|100/100
|move|p1a: Clefable|Thunder Wave|p2a: Excadrill
|-immune|p2a: Excadrill
|
|-weather|Sandstorm|[upkeep]
|-heal|p1a: Clefable|58/100|[from] item: Leftovers
|upkeep
|turn|10
|
|t:|1722472421
|switch|p1a: Ferrothorn|Ferrothorn, M|100/100
|-damage|p1a: Ferrothorn|88/100|[from] Spikes
|-damage|p1a: Ferrothorn|82/100|[from] Stealth Rock
|move|p2a: Excadrill|Swords Dance|p2a: Excadrill
|-boost|p2a: Excadrill|atk|2
|
|-weather|Sandstorm|[upkeep]
|-heal|p1a: Ferrothorn|88/100|[from] item: Leftovers
|upkeep
|turn|11
|
|t:|1722472430
|move|p2a: Excadrill|Earthquake|p1a: Ferrothorn
|-damage|p1a: Ferrothorn|6/100
|move|p1a: Ferrothorn|Power Whip|p2a: Excadrill
|-damage|p2a: Excadrill|53/100
|
|-weather|Sandstorm|[upkeep]
|-heal|p1a: Ferrothorn|12/100|[from] item: Leftovers
|upkeep
|turn|12
|
|t:|1722472439
|move|p2a: Excadrill|Earthquake|p1a: Ferrothorn
|-damage|p1a: Ferrothorn|0 fnt
|faint|p1a: Ferrothorn
|
|-weather|Sandstorm|[upkeep]
|upkeep
|
|t:|1722472445
|switch|p1a: Alakazam|Alakazam, M|100/100
|turn|13
|
|t:|1722472452
|switch|p2a: Hippowdon|Hippowdon, M|61/100 frz
|move|p1a: Alakazam|Focus Blast|p2a: Hippowdon|[miss]
|-miss|p1a: Alakazam|p2a: Hippowdon
|
|-weather|Sandstorm|[upkeep]
|-heal|p2a: Hippowdon|67/100 frz|[from] item: Leftovers
|upkeep
|turn|14
|
|t:|1722472461
|switch|p2a: Scizor|Scizor, F|66/100
|move|p1a: Alakazam|Psychic|p2a: Scizor
|-resisted|p2a: Scizor
|-damage|p2a: Scizor|33/100
|
|-weather|Sandstorm|[upkeep]
|upkeep
|turn|15
|
|t:|1722472478
|move|p2a: Scizor|Bullet Punch|p1a: Alakazam
|-enditem|p1a: Alakazam|Focus Sash
|-damage|p1a: Alakazam|1/100
|move|p1a: Alakazam|Focus Blast|p2a: Scizor
|-damage|p2a: Scizor|0 fnt
|faint|p2a: Scizor
|
|-weather|Sandstorm|[upkeep]
|upkeep
|
|t:|1722472486
|switch|p2a: Hydreigon|Hydreigon, M|88/100
|turn|16
|
|t:|1722472504
|move|p2a: Hydreigon|Surf|p1a: Alakazam
|-damage|p1a: Alakazam|0 fnt
|faint|p1a: Alakazam
|
|-weather|Sandstorm|[upkeep]
|-damage|p2a: Hydreigon|82/100|[from] Sandstorm
|upkeep
|
|t:|1722472510
|switch|p1a: Reuniclus|Reuniclus, F|100/100
|turn|17
|
|t:|1722472518
|switch|p2a: Latios|Latios, M|100/100
|move|p1a: Reuniclus|Calm Mind|p1a: Reuniclus
|-boost|p1a: Reuniclus|spa|1
|-boost|p1a: Reuniclus|spd|1
|
|-weather|Sandstorm|[upkeep]
|-damage|p2a: Latios|95/100|[from] Sandstorm
|upkeep
|turn|18
|
|t:|1722472527
|move|p2a: Latios|Trick|p1a: Reuniclus
|-activate|p2a: Latios|move: Trick|[of] p1a: Reuniclus
|-item|p1a: Reuniclus|Choice Specs|[from] move: Trick
|-item|p2a: Latios|Leftovers|[from] move: Trick
|move|p1a: Reuniclus|Psyshock|p2a: Latios
|-resisted|p2a: Latios
|-damage|p2a: Latios|45/100
|
|-weather|Sandstorm|[upkeep]
|-damage|p2a: Latios|39/100|[from] Sandstorm
|-heal|p2a: Latios|45/100|[from] item: Leftovers
|upkeep
|turn|19
|
|t:|1722472544
|switch|p2a: Ferrothorn|Ferrothorn, F|100/100 par
|switch|p1a: Clefable|Clefable, F|58/100
|
|-weather|Sandstorm|[upkeep]
|-heal|p1a: Clefable|64/100|[from] item: Leftovers
|upkeep
|turn|20
|
|t:|1722472552
|move|p1a: Clefable|Seismic Toss|p2a: Ferrothorn
|-damage|p2a: Ferrothorn|72/100 par
|move|p2a: Ferrothorn|Spikes|p1a: Clefable
|-sidestart|p1: bugzzzzzzzzz|Spikes
|
|-weather|Sandstorm|[upkeep]
|-heal|p1a: Clefable|70/100|[from] item: Leftovers
|-heal|p2a: Ferrothorn|78/100 par|[from] item: Leftovers
|upkeep
|turn|21
|
|t:|1722472561
|move|p1a: Clefable|Seismic Toss|p2a: Ferrothorn
|-damage|p2a: Ferrothorn|50/100 par
|move|p2a: Ferrothorn|Spikes|p1a: Clefable
|-sidestart|p1: bugzzzzzzzzz|Spikes
|
|-weather|Sandstorm|[upkeep]
|-heal|p1a: Clefable|76/100|[from] item: Leftovers
|-heal|p2a: Ferrothorn|56/100 par|[from] item: Leftovers
|upkeep
|turn|22
|
|t:|1722472568
|move|p1a: Clefable|Thunder Wave|p2a: Ferrothorn
|-fail|p2a: Ferrothorn|par
|cant|p2a: Ferrothorn|par
|
|-weather|Sandstorm|[upkeep]
|-heal|p1a: Clefable|82/100|[from] item: Leftovers
|-heal|p2a: Ferrothorn|62/100 par|[from] item: Leftovers
|upkeep
|turn|23
|
|t:|1722472576
|cant|p2a: Ferrothorn|par
|move|p1a: Clefable|Seismic Toss|p2a: Ferrothorn
|-damage|p2a: Ferrothorn|34/100 par
|
|-weather|Sandstorm|[upkeep]
|-heal|p1a: Clefable|88/100|[from] item: Leftovers
|-heal|p2a: Ferrothorn|40/100 par|[from] item: Leftovers
|upkeep
|turn|24
|
|t:|1722472584
|move|p2a: Ferrothorn|Protect|p2a: Ferrothorn
|-singleturn|p2a: Ferrothorn|Protect
|move|p1a: Clefable|Seismic Toss|p2a: Ferrothorn
|-activate|p2a: Ferrothorn|move: Protect
|
|-weather|Sandstorm|[upkeep]
|-heal|p1a: Clefable|94/100|[from] item: Leftovers
|-heal|p2a: Ferrothorn|47/100 par|[from] item: Leftovers
|upkeep
|turn|25
|
|t:|1722472592
|move|p1a: Clefable|Seismic Toss|p2a: Ferrothorn
|-damage|p2a: Ferrothorn|18/100 par
|move|p2a: Ferrothorn|Power Whip|p1a: Clefable
|-damage|p1a: Clefable|52/100
|
|-weather|Sandstorm|[upkeep]
|-heal|p1a: Clefable|58/100|[from] item: Leftovers
|-heal|p2a: Ferrothorn|24/100 par|[from] item: Leftovers
|upkeep
|turn|26
|
|t:|1722472601
|move|p1a: Clefable|Soft-Boiled|p1a: Clefable
|-heal|p1a: Clefable|100/100
|move|p2a: Ferrothorn|Power Whip|p1a: Clefable
|-damage|p1a: Clefable|55/100
|
|-weather|Sandstorm|[upkeep]
|-heal|p1a: Clefable|61/100|[from] item: Leftovers
|-heal|p2a: Ferrothorn|31/100 par|[from] item: Leftovers
|upkeep
|turn|27
|
|t:|1722472609
|move|p1a: Clefable|Soft-Boiled|p1a: Clefable
|-heal|p1a: Clefable|100/100
|move|p2a: Ferrothorn|Power Whip|p1a: Clefable|[miss]
|-miss|p2a: Ferrothorn|p1a: Clefable
|
|-weather|Sandstorm|[upkeep]
|-heal|p2a: Ferrothorn|37/100 par|[from] item: Leftovers
|upkeep
|turn|28
|
|t:|1722472617
|move|p2a: Ferrothorn|Protect|p2a: Ferrothorn
|-singleturn|p2a: Ferrothorn|Protect
|move|p1a: Clefable|Seismic Toss|p2a: Ferrothorn
|-activate|p2a: Ferrothorn|move: Protect
|
|-weather|Sandstorm|[upkeep]
|-heal|p2a: Ferrothorn|43/100 par|[from] item: Leftovers
|upkeep
|turn|29
|
|t:|1722472624
|move|p1a: Clefable|Seismic Toss|p2a: Ferrothorn
|-damage|p2a: Ferrothorn|15/100 par
|move|p2a: Ferrothorn|Power Whip|p1a: Clefable
|-damage|p1a: Clefable|59/100
|
|-weather|Sandstorm|[upkeep]
|-heal|p1a: Clefable|65/100|[from] item: Leftovers
|-heal|p2a: Ferrothorn|21/100 par|[from] item: Leftovers
|upkeep
|turn|30
|
|t:|1722472633
|move|p1a: Clefable|Soft-Boiled|p1a: Clefable
|-heal|p1a: Clefable|100/100
|move|p2a: Ferrothorn|Power Whip|p1a: Clefable
|-damage|p1a: Clefable|60/100
|
|-weather|Sandstorm|[upkeep]
|-heal|p1a: Clefable|66/100|[from] item: Leftovers
|-heal|p2a: Ferrothorn|27/100 par|[from] item: Leftovers
|upkeep
|turn|31
|
|t:|1722472641
|switch|p2a: Excadrill|Excadrill, M|53/100
|move|p1a: Clefable|Seismic Toss|p2a: Excadrill
|-damage|p2a: Excadrill|28/100
|
|-weather|Sandstorm|[upkeep]
|-heal|p1a: Clefable|72/100|[from] item: Leftovers
|upkeep
|turn|32
|
|t:|1722472648
|move|p2a: Excadrill|Iron Head|p1a: Clefable
|-damage|p1a: Clefable|14/100
|move|p1a: Clefable|Seismic Toss|p2a: Excadrill
|-damage|p2a: Excadrill|3/100
|
|-weather|Sandstorm|[upkeep]
|-heal|p1a: Clefable|20/100|[from] item: Leftovers
|upkeep
|turn|33
|
|t:|1722472659
|switch|p1a: Hippowdon|Hippowdon, F|59/100
|-damage|p1a: Hippowdon|34/100|[from] Spikes
|-damage|p1a: Hippowdon|28/100|[from] Stealth Rock
|move|p2a: Excadrill|Earthquake|p1a: Hippowdon
|-damage|p1a: Hippowdon|0 fnt
|faint|p1a: Hippowdon
|
|-weather|Sandstorm|[upkeep]
|upkeep
|
|t:|1722472668
|switch|p1a: Latias|Latias, F|100/100
|-damage|p1a: Latias|88/100|[from] Stealth Rock
|turn|34
|
|t:|1722472690
|move|p1a: Latias|Draco Meteor|p2a: Excadrill
|-resisted|p2a: Excadrill
|-damage|p2a: Excadrill|0 fnt
|-unboost|p1a: Latias|spa|2
|faint|p2a: Excadrill
|
|-weather|Sandstorm|[upkeep]
|-damage|p1a: Latias|82/100|[from] Sandstorm
|upkeep
|j| Crowned Crystals ♔
|
|t:|1722472705
|switch|p2a: Hydreigon|Hydreigon, M|82/100
|turn|35
|
|t:|1722472715
|switch|p1a: Clefable|Clefable, F|20/100
|move|p2a: Hydreigon|Draco Meteor|p1a: Clefable
|-damage|p1a: Clefable|0 fnt
|-unboost|p2a: Hydreigon|spa|2
|faint|p1a: Clefable
|
|-weather|Sandstorm|[upkeep]
|-damage|p2a: Hydreigon|76/100|[from] Sandstorm
|upkeep
|
|t:|1722472726
|switch|p1a: Latias|Latias, F|82/100
|-damage|p1a: Latias|70/100|[from] Stealth Rock
|turn|36
|
|t:|1722472731
|switch|p2a: Ferrothorn|Ferrothorn, F|27/100 par
|move|p1a: Latias|Draco Meteor|p2a: Ferrothorn
|-resisted|p2a: Ferrothorn
|-damage|p2a: Ferrothorn|5/100 par
|-unboost|p1a: Latias|spa|2
|
|-weather|Sandstorm|[upkeep]
|-damage|p1a: Latias|64/100|[from] Sandstorm
|-heal|p2a: Ferrothorn|12/100 par|[from] item: Leftovers
|upkeep
|turn|37
|
|t:|1722472741
|move|p1a: Latias|Draco Meteor|p2a: Ferrothorn
|-resisted|p2a: Ferrothorn
|-damage|p2a: Ferrothorn|0 fnt
|-unboost|p1a: Latias|spa|2
|faint|p2a: Ferrothorn
|
|-weather|Sandstorm|[upkeep]
|-damage|p1a: Latias|58/100|[from] Sandstorm
|upkeep
|
|t:|1722472744
|switch|p2a: Hydreigon|Hydreigon, M|76/100
|turn|38
|
|t:|1722472750
|switch|p1a: Reuniclus|Reuniclus, F|100/100
|move|p2a: Hydreigon|Dark Pulse|p1a: Reuniclus
|-supereffective|p1a: Reuniclus
|-damage|p1a: Reuniclus|13/100
|
|-weather|Sandstorm|[upkeep]
|-damage|p2a: Hydreigon|70/100|[from] Sandstorm
|upkeep
|turn|39
|
|t:|1722472759
|move|p2a: Hydreigon|Dark Pulse|p1a: Reuniclus
|-supereffective|p1a: Reuniclus
|-damage|p1a: Reuniclus|0 fnt
|faint|p1a: Reuniclus
|
|-weather|Sandstorm|[upkeep]
|-damage|p2a: Hydreigon|64/100|[from] Sandstorm
|upkeep
|
|t:|1722472765
|switch|p1a: Latias|Latias, F|58/100
|-damage|p1a: Latias|45/100|[from] Stealth Rock
|turn|40
|
|t:|1722472769
|move|p2a: Hydreigon|Dark Pulse|p1a: Latias
|-supereffective|p1a: Latias
|-enditem|p1a: Latias|Colbur Berry|[eat]
|-enditem|p1a: Latias|Colbur Berry|[weaken]
|-damage|p1a: Latias|13/100
|move|p1a: Latias|Roost|p1a: Latias
|-heal|p1a: Latias|63/100
|-singleturn|p1a: Latias|move: Roost
|
|-weather|Sandstorm|[upkeep]
|-damage|p2a: Hydreigon|58/100|[from] Sandstorm
|-damage|p1a: Latias|57/100|[from] Sandstorm
|upkeep
|turn|41
|
|t:|1722472778
|move|p2a: Hydreigon|Dark Pulse|p1a: Latias
|-supereffective|p1a: Latias
|-damage|p1a: Latias|0 fnt
|faint|p1a: Latias
|
|win|chomp29
|raw|bugzzzzzzzzz's rating: 1308 &rarr; <strong>1299</strong><br />(-9 for losing)
|raw|chomp29's rating: 1530 &rarr; <strong>1539</strong><br />(+9 for winning)
|c|☆chomp29|Were both dumb
|c|☆chomp29|Lol
|c|☆chomp29|Forgot about colbur
|l| Renio75
|c|☆chomp29|Gg
