|j|☆Croaset
|j|☆Pineapple8081
|t:|1719358106
|gametype|singles
|player|p1|Croaset|101|1323
|player|p2|Pineapple8081|veteranf|1365
|teamsize|p1|6
|teamsize|p2|6
|gen|5
|tier|[Gen 5] OU
|rated|
|rule|Species Clause: Limit one of each Pokémon
|rule|OHKO Clause: OHKO moves are banned
|rule|Moody Clause: Moody is banned
|rule|Evasion Items Clause: Evasion items are banned
|rule|Evasion Moves Clause: Evasion moves are banned
|rule|Endless Battle Clause: Forcing endless battles is banned
|rule|HP Percentage Mod: HP is shown in percentages
|rule|Evasion Abilities Clause: Evasion abilities are banned
|rule|Sleep Moves Clause: Sleep-inducing moves are banned
|rule|Swagger Clause: Swagger is banned
|rule|Baton Pass Stat Clause: No Baton Passer may have a way to boost its stats
|clearpoke
|poke|p1|Reuniclus, F|item
|poke|p1|Skarmory, M|item
|poke|p1|Latios, M|item
|poke|p1|Tyranitar, M|item
|poke|p1|Latias, F|item
|poke|p1|Clefable, F|item
|poke|p2|Alakazam, F|item
|poke|p2|Skarmory, F|item
|poke|p2|Tyranitar, M|item
|poke|p2|Mamoswine, F|item
|poke|p2|Jellicent, F|item
|poke|p2|Excadrill, F|item
|teampreview
|inactive|Battle timer is ON: inactive players will automatically lose when time's up. (requested by Pineapple8081)
|
|t:|1719358135
|start
|switch|p1a: Clefable|Clefable, F|100/100
|switch|p2a: Skarmory|Skarmory, F|100/100
|turn|1
|
|t:|1719358141
|move|p2a: Skarmory|Stealth Rock|p1a: Clefable
|-sidestart|p1: Croaset|move: Stealth Rock
|move|p1a: Clefable|Thunder Wave|p2a: Skarmory
|-status|p2a: Skarmory|par
|
|upkeep
|turn|2
|
|t:|1719358146
|move|p1a: Clefable|Flamethrower|p2a: Skarmory
|-supereffective|p2a: Skarmory
|-damage|p2a: Skarmory|35/100 par
|move|p2a: Skarmory|Spikes|p1a: Clefable
|-sidestart|p1: Croaset|Spikes
|
|upkeep
|turn|3
|
|t:|1719358151
|move|p1a: Clefable|Flamethrower|p2a: Skarmory
|-supereffective|p2a: Skarmory
|-damage|p2a: Skarmory|0 fnt
|faint|p2a: Skarmory
|
|upkeep
|
|t:|1719358163
|switch|p2a: Tyranitar|Tyranitar, M|100/100
|-weather|Sandstorm|[from] ability: Sand Stream|[of] p2a: Tyranitar
|turn|4
|
|t:|1719358166
|move|p2a: Tyranitar|Thunder Wave|p1a: Clefable
|-status|p1a: Clefable|par
|move|p1a: Clefable|Thunder Wave|p2a: Tyranitar
|-status|p2a: Tyranitar|par
|
|-weather|Sandstorm|[upkeep]
|upkeep
|turn|5
|
|t:|1719358171
|move|p2a: Tyranitar|Crunch|p1a: Clefable
|-damage|p1a: Clefable|58/100 par
|cant|p1a: Clefable|par
|
|-weather|Sandstorm|[upkeep]
|-heal|p1a: Clefable|64/100 par|[from] item: Leftovers
|upkeep
|turn|6
|
|t:|1719358180
|switch|p1a: Skarmory|Skarmory, M|100/100
|-damage|p1a: Skarmory|88/100|[from] Stealth Rock
|cant|p2a: Tyranitar|par
|
|-weather|Sandstorm|[upkeep]
|-heal|p1a: Skarmory|94/100|[from] item: Leftovers
|upkeep
|turn|7
|
|t:|1719358191
|move|p1a: Skarmory|Stealth Rock|p2a: Tyranitar
|-sidestart|p2: Pineapple8081|move: Stealth Rock
|cant|p2a: Tyranitar|par
|
|-weather|Sandstorm|[upkeep]
|-heal|p1a: Skarmory|99/100|[from] item: Leftovers
|upkeep
|turn|8
|
|t:|1719358194
|move|p1a: Skarmory|Spikes|p2a: Tyranitar
|-sidestart|p2: Pineapple8081|Spikes
|move|p2a: Tyranitar|Thunder Wave|p1a: Skarmory
|-status|p1a: Skarmory|par
|
|-weather|Sandstorm|[upkeep]
|-heal|p1a: Skarmory|100/100 par|[from] item: Leftovers
|upkeep
|turn|9
|
|t:|1719358197
|move|p1a: Skarmory|Spikes|p2a: Tyranitar
|-sidestart|p2: Pineapple8081|Spikes
|move|p2a: Tyranitar|Superpower|p1a: Skarmory
|-damage|p1a: Skarmory|80/100 par
|-unboost|p2a: Tyranitar|atk|1
|-unboost|p2a: Tyranitar|def|1
|
|-weather|Sandstorm|[upkeep]
|-heal|p1a: Skarmory|86/100 par|[from] item: Leftovers
|upkeep
|turn|10
|
|t:|1719358204
|switch|p2a: Excadrill|Excadrill, F|100/100
|-damage|p2a: Excadrill|97/100|[from] Stealth Rock
|-damage|p2a: Excadrill|81/100|[from] Spikes
|move|p1a: Skarmory|Whirlwind|p2a: Excadrill
|drag|p2a: Jellicent|Jellicent, F|100/100
|-damage|p2a: Jellicent|88/100|[from] Stealth Rock
|-item|p2a: Jellicent|Air Balloon
|
|-weather|Sandstorm|[upkeep]
|-damage|p2a: Jellicent|82/100|[from] Sandstorm
|-heal|p1a: Skarmory|92/100 par|[from] item: Leftovers
|upkeep
|turn|11
|
|t:|1719358216
|move|p2a: Jellicent|Will-O-Wisp|p1a: Skarmory|[miss]
|-miss|p2a: Jellicent|p1a: Skarmory
|move|p1a: Skarmory|Whirlwind|p2a: Jellicent
|drag|p2a: Tyranitar|Tyranitar, M|100/100 par
|-damage|p2a: Tyranitar|88/100 par|[from] Stealth Rock
|-damage|p2a: Tyranitar|72/100 par|[from] Spikes
|
|-weather|Sandstorm|[upkeep]
|-heal|p1a: Skarmory|98/100 par|[from] item: Leftovers
|upkeep
|turn|12
|
|t:|1719358222
|move|p2a: Tyranitar|Superpower|p1a: Skarmory
|-damage|p1a: Skarmory|77/100 par
|-unboost|p2a: Tyranitar|atk|1
|-unboost|p2a: Tyranitar|def|1
|move|p1a: Skarmory|Whirlwind|p2a: Tyranitar
|drag|p2a: Mamoswine|Mamoswine, F|100/100
|-damage|p2a: Mamoswine|88/100|[from] Stealth Rock
|-damage|p2a: Mamoswine|71/100|[from] Spikes
|
|-weather|Sandstorm|[upkeep]
|-heal|p1a: Skarmory|83/100 par|[from] item: Leftovers
|upkeep
|turn|13
|
|t:|1719358232
|move|p2a: Mamoswine|Icicle Crash|p1a: Skarmory
|-damage|p1a: Skarmory|46/100 par
|cant|p1a: Skarmory|par
|
|-weather|Sandstorm|[upkeep]
|-heal|p1a: Skarmory|52/100 par|[from] item: Leftovers
|upkeep
|turn|14
|
|t:|1719358237
|move|p2a: Mamoswine|Icicle Crash|p1a: Skarmory
|-damage|p1a: Skarmory|20/100 par
|cant|p1a: Skarmory|par
|
|-weather|Sandstorm|[upkeep]
|-heal|p1a: Skarmory|26/100 par|[from] item: Leftovers
|upkeep
|turn|15
|
|t:|1719358241
|move|p2a: Mamoswine|Icicle Crash|p1a: Skarmory
|-damage|p1a: Skarmory|0 fnt
|faint|p1a: Skarmory
|
|-weather|Sandstorm|[upkeep]
|upkeep
|
|t:|1719358246
|switch|p1a: Reuniclus|Reuniclus, F|100/100
|turn|16
|
|t:|1719358248
|move|p2a: Mamoswine|Earthquake|p1a: Reuniclus
|-damage|p1a: Reuniclus|62/100
|move|p1a: Reuniclus|Focus Blast|p2a: Mamoswine|[miss]
|-miss|p1a: Reuniclus|p2a: Mamoswine
|
|-weather|Sandstorm|[upkeep]
|-heal|p1a: Reuniclus|68/100|[from] item: Leftovers
|upkeep
|turn|17
|
|t:|1719358256
|move|p2a: Mamoswine|Earthquake|p1a: Reuniclus
|-damage|p1a: Reuniclus|32/100
|move|p1a: Reuniclus|Recover|p1a: Reuniclus
|-heal|p1a: Reuniclus|82/100
|
|-weather|Sandstorm|[upkeep]
|-heal|p1a: Reuniclus|88/100|[from] item: Leftovers
|upkeep
|turn|18
|
|t:|1719358263
|switch|p2a: Tyranitar|Tyranitar, M|72/100 par
|-damage|p2a: Tyranitar|59/100 par|[from] Stealth Rock
|-damage|p2a: Tyranitar|43/100 par|[from] Spikes
|move|p1a: Reuniclus|Focus Blast|p2a: Tyranitar
|-supereffective|p2a: Tyranitar
|-enditem|p2a: Tyranitar|Chople Berry|[eat]
|-enditem|p2a: Tyranitar|Chople Berry|[weaken]
|-damage|p2a: Tyranitar|13/100 par
|
|-weather|Sandstorm|[upkeep]
|-heal|p1a: Reuniclus|94/100|[from] item: Leftovers
|upkeep
|turn|19
|
|t:|1719358269
|move|p1a: Reuniclus|Focus Blast|p2a: Tyranitar
|-supereffective|p2a: Tyranitar
|-damage|p2a: Tyranitar|0 fnt
|faint|p2a: Tyranitar
|
|-weather|Sandstorm|[upkeep]
|-heal|p1a: Reuniclus|99/100|[from] item: Leftovers
|upkeep
|
|t:|1719358276
|switch|p2a: Excadrill|Excadrill, F|81/100
|-damage|p2a: Excadrill|78/100|[from] Stealth Rock
|-damage|p2a: Excadrill|61/100|[from] Spikes
|turn|20
|
|t:|1719358284
|switch|p1a: Latios|Latios, M|100/100
|-damage|p1a: Latios|88/100|[from] Stealth Rock
|move|p2a: Excadrill|Earthquake|p1a: Latios
|-immune|p1a: Latios|[from] ability: Levitate
|
|-weather|Sandstorm|[upkeep]
|-damage|p1a: Latios|82/100|[from] Sandstorm
|upkeep
|turn|21
|
|t:|1719358290
|switch|p2a: Jellicent|Jellicent, F|82/100
|-damage|p2a: Jellicent|70/100|[from] Stealth Rock
|-item|p2a: Jellicent|Air Balloon
|move|p1a: Latios|Surf|p2a: Jellicent
|-heal|p2a: Jellicent|95/100|[from] ability: Water Absorb|[of] p1a: Latios
|
|-weather|Sandstorm|[upkeep]
|-damage|p1a: Latios|76/100|[from] Sandstorm
|-damage|p2a: Jellicent|88/100|[from] Sandstorm
|upkeep
|turn|22
|
|t:|1719358294
|move|p1a: Latios|Thunder Wave|p2a: Jellicent
|-status|p2a: Jellicent|par
|move|p2a: Jellicent|Night Shade|p1a: Latios
|-damage|p1a: Latios|43/100
|
|-weather|Sandstorm|[upkeep]
|-damage|p1a: Latios|37/100|[from] Sandstorm
|-damage|p2a: Jellicent|82/100 par|[from] Sandstorm
|upkeep
|turn|23
|
|t:|1719358309
|switch|p1a: Reuniclus|Reuniclus, F|99/100
|cant|p2a: Jellicent|par
|
|-weather|Sandstorm|[upkeep]
|-damage|p2a: Jellicent|76/100 par|[from] Sandstorm
|-heal|p1a: Reuniclus|100/100|[from] item: Leftovers
|upkeep
|turn|24
|
|t:|1719358313
|move|p1a: Reuniclus|Calm Mind|p1a: Reuniclus
|-boost|p1a: Reuniclus|spa|1
|-boost|p1a: Reuniclus|spd|1
|move|p2a: Jellicent|Taunt|p1a: Reuniclus
|-start|p1a: Reuniclus|move: Taunt
|
|-weather|Sandstorm|[upkeep]
|-damage|p2a: Jellicent|70/100 par|[from] Sandstorm
|upkeep
|turn|25
|
|t:|1719358316
|move|p1a: Reuniclus|Psyshock|p2a: Jellicent
|-damage|p2a: Jellicent|25/100 par
|-enditem|p2a: Jellicent|Air Balloon
|move|p2a: Jellicent|Night Shade|p1a: Reuniclus
|-damage|p1a: Reuniclus|77/100
|
|-weather|Sandstorm|[upkeep]
|-damage|p2a: Jellicent|19/100 par|[from] Sandstorm
|-heal|p1a: Reuniclus|83/100|[from] item: Leftovers
|upkeep
|turn|26
|
|t:|1719358320
|move|p1a: Reuniclus|Psyshock|p2a: Jellicent
|-damage|p2a: Jellicent|0 fnt
|faint|p2a: Jellicent
|
|-weather|Sandstorm|[upkeep]
|-heal|p1a: Reuniclus|89/100|[from] item: Leftovers
|upkeep
|
|t:|1719358322
|switch|p2a: Excadrill|Excadrill, F|61/100
|-damage|p2a: Excadrill|58/100|[from] Stealth Rock
|-damage|p2a: Excadrill|42/100|[from] Spikes
|turn|27
|
|t:|1719358340
|switch|p1a: Latios|Latios, M|37/100
|-damage|p1a: Latios|25/100|[from] Stealth Rock
|move|p2a: Excadrill|Iron Head|p1a: Latios
|-damage|p1a: Latios|0 fnt
|faint|p1a: Latios
|
|-weather|Sandstorm|[upkeep]
|upkeep
|
|t:|1719358356
|switch|p1a: Reuniclus|Reuniclus, F|89/100
|turn|28
|
|t:|1719358370
|move|p2a: Excadrill|Iron Head|p1a: Reuniclus
|-damage|p1a: Reuniclus|49/100
|move|p1a: Reuniclus|Focus Blast|p2a: Excadrill
|-supereffective|p2a: Excadrill
|-damage|p2a: Excadrill|0 fnt
|faint|p2a: Excadrill
|
|-weather|Sandstorm|[upkeep]
|-heal|p1a: Reuniclus|55/100|[from] item: Leftovers
|upkeep
|
|t:|1719358373
|switch|p2a: Alakazam|Alakazam, F|100/100
|turn|29
|
|t:|1719358382
|switch|p1a: Latias|Latias, F|100/100
|-damage|p1a: Latias|88/100|[from] Stealth Rock
|move|p2a: Alakazam|Shadow Ball|p1a: Latias
|-supereffective|p1a: Latias
|-damage|p1a: Latias|39/100
|
|-weather|Sandstorm|[upkeep]
|-damage|p1a: Latias|33/100|[from] Sandstorm
|-heal|p1a: Latias|39/100|[from] item: Leftovers
|upkeep
|turn|30
|
|t:|1719358385
|move|p2a: Alakazam|Shadow Ball|p1a: Latias
|-supereffective|p1a: Latias
|-damage|p1a: Latias|0 fnt
|faint|p1a: Latias
|
|-weather|Sandstorm|[upkeep]
|upkeep
|
|t:|1719358387
|switch|p1a: Tyranitar|Tyranitar, M|100/100
|-damage|p1a: Tyranitar|88/100|[from] Stealth Rock
|-damage|p1a: Tyranitar|76/100|[from] Spikes
|turn|31
|
|t:|1719358404
|move|p2a: Alakazam|Grass Knot|p1a: Tyranitar
|-supereffective|p1a: Tyranitar
|-damage|p1a: Tyranitar|26/100
|move|p1a: Tyranitar|Crunch|p2a: Alakazam
|-supereffective|p2a: Alakazam
|-damage|p2a: Alakazam|0 fnt
|faint|p2a: Alakazam
|
|-weather|Sandstorm|[upkeep]
|upkeep
|
|t:|1719358410
|switch|p2a: Mamoswine|Mamoswine, F|71/100
|-damage|p2a: Mamoswine|59/100|[from] Stealth Rock
|-damage|p2a: Mamoswine|42/100|[from] Spikes
|turn|32
|
|t:|1719358413
|move|p2a: Mamoswine|Earthquake|p1a: Tyranitar
|-supereffective|p1a: Tyranitar
|-damage|p1a: Tyranitar|0 fnt
|faint|p1a: Tyranitar
|
|-weather|Sandstorm|[upkeep]
|upkeep
|
|t:|1719358416
|switch|p1a: Reuniclus|Reuniclus, F|55/100
|turn|33
|
|t:|1719358419
|move|p2a: Mamoswine|Icicle Crash|p1a: Reuniclus|[miss]
|-miss|p2a: Mamoswine|p1a: Reuniclus
|move|p1a: Reuniclus|Recover|p1a: Reuniclus
|-heal|p1a: Reuniclus|100/100
|
|-weather|Sandstorm|[upkeep]
|upkeep
|turn|34
|
|t:|1719358421
|move|p2a: Mamoswine|Icicle Crash|p1a: Reuniclus|[miss]
|-miss|p2a: Mamoswine|p1a: Reuniclus
|move|p1a: Reuniclus|Focus Blast|p2a: Mamoswine|[miss]
|-miss|p1a: Reuniclus|p2a: Mamoswine
|
|-weather|Sandstorm|[upkeep]
|upkeep
|turn|35
|
|t:|1719358423
|move|p2a: Mamoswine|Icicle Crash|p1a: Reuniclus|[miss]
|-miss|p2a: Mamoswine|p1a: Reuniclus
|move|p1a: Reuniclus|Focus Blast|p2a: Mamoswine
|-supereffective|p2a: Mamoswine
|-damage|p2a: Mamoswine|0 fnt
|faint|p2a: Mamoswine
|
|win|Croaset
|raw|Croaset's rating: 1323 &rarr; <strong>1345</strong><br />(+22 for winning)
|raw|Pineapple8081's rating: 1365 &rarr; <strong>1343</strong><br />(-22 for losing)
