|join|guelobowler
|join|Ryan O'Connor
|player|p1|guelobowler|220
|player|p2|Ryan O'Connor|289
|gametype|singles
|gen|5
|tier|[Gen 5] OU
|rated
|rule|Evasion Abilities Clause: Evasion abilities are banned
|clearpoke
|poke|p1|Hippowdon, F
|poke|p1|Mandibuzz, F
|poke|p1|Scizor, F
|poke|p1|Magnezone
|poke|p1|Latios, M
|poke|p1|Haxorus, M, shiny
|poke|p2|Garchomp, M
|poke|p2|Terrakion
|poke|p2|Alakazam, M
|poke|p2|Latias, F
|poke|p2|Landorus-Therian, M
|poke|p2|Jirachi
|rule|Sleep Clause Mod: Limit one foe put to sleep
|rule|Species Clause: Limit one of each Pokémon
|rule|OHKO Clause: OHKO moves are banned
|rule|Moody Clause: Moody is banned
|rule|Evasion Moves Clause: Evasion moves are banned
|rule|Endless Battle Clause: Forcing endless battles is banned
|rule|HP Percentage Mod: HP is reported as percentages
|teampreview
|
|start
|switch|p1a: Hippowdon|Hippowdon, F|420/420
|switch|p2a: Garchomp|Garchomp, M|371/371
|-weather|Sandstorm|[from] ability: Sand Stream|[of] p1a: Hippowdon
|turn|1
|
|move|p2a: Garchomp|Swords Dance|p2a: Garchomp
|-boost|p2a: Garchomp|atk|2
|move|p1a: Hippowdon|Earthquake|p2a: Garchomp
|-damage|p2a: Garchomp|245/371
|
|-weather|Sandstorm|[upkeep]
|turn|2
|
|move|p2a: Garchomp|Outrage|p1a: Hippowdon
|-damage|p1a: Hippowdon|141/420
|move|p1a: Hippowdon|Roar|p2a: Garchomp
|drag|p2a: Latias|Latias, F|353/353
|
|-weather|Sandstorm|[upkeep]
|-damage|p2a: Latias|331/353|[from] sandstorm
|-heal|p2a: Latias|353/353|[from] item: Leftovers
|-heal|p1a: Hippowdon|167/420|[from] item: Leftovers
|turn|3
|
|switch|p1a: Mandibuzz|Mandibuzz, F|423/423
|move|p2a: Latias|Calm Mind|p2a: Latias
|-boost|p2a: Latias|spa|1
|-boost|p2a: Latias|spd|1
|
|-weather|Sandstorm|[upkeep]
|-damage|p2a: Latias|331/353|[from] sandstorm
|-heal|p2a: Latias|353/353|[from] item: Leftovers
|turn|4
|
|switch|p2a: Terrakion|Terrakion|339/339
|move|p1a: Mandibuzz|Toxic|p2a: Terrakion
|-status|p2a: Terrakion|tox
|
|-weather|Sandstorm|[upkeep]
|-damage|p2a: Terrakion|318/339 tox|[from] psn
|turn|5
|
|switch|p1a: Magnezone|Magnezone|291/291
|move|p2a: Terrakion|Close Combat|p1a: Magnezone
|-supereffective|p1a: Magnezone
|-damage|p1a: Magnezone|0 fnt
|-unboost|p2a: Terrakion|def|1
|-unboost|p2a: Terrakion|spd|1
|faint|p1a: Magnezone
|
|-weather|Sandstorm|[upkeep]
|-damage|p2a: Terrakion|276/339 tox|[from] psn
|
|switch|p1a: Scizor|Scizor, F|343/343
|turn|6
|
|switch|p2a: Landorus-Therian|Landorus-Therian, M|381/381
|-ability|p2a: Landorus-Therian|Intimidate|[of] p1a: Scizor
|-unboost|p1a: Scizor|atk|1
|move|p1a: Scizor|Bullet Punch|p2a: Landorus-Therian
|-damage|p2a: Landorus-Therian|272/381
|
|-weather|Sandstorm|[upkeep]
|-heal|p2a: Landorus-Therian|295/381|[from] item: Leftovers
|turn|7
|
|switch|p1a: Hippowdon|Hippowdon, F|167/420
|move|p2a: Landorus-Therian|Stone Edge|p1a: Hippowdon
|-resisted|p1a: Hippowdon
|-damage|p1a: Hippowdon|133/420
|
|-weather|Sandstorm|[upkeep]
|-heal|p2a: Landorus-Therian|318/381|[from] item: Leftovers
|-heal|p1a: Hippowdon|159/420|[from] item: Leftovers
|turn|8
|
|switch|p2a: Garchomp|Garchomp, M|245/371
|move|p1a: Hippowdon|Slack Off|p1a: Hippowdon
|-heal|p1a: Hippowdon|369/420
|
|-weather|Sandstorm|[upkeep]
|-heal|p1a: Hippowdon|395/420|[from] item: Leftovers
|turn|9
|
|move|p2a: Garchomp|Stealth Rock|p1a: Hippowdon
|-sidestart|p1: guelobowler|move: Stealth Rock
|move|p1a: Hippowdon|Earthquake|p2a: Garchomp
|-damage|p2a: Garchomp|116/371
|
|-weather|Sandstorm|[upkeep]
|-heal|p1a: Hippowdon|420/420|[from] item: Leftovers
|turn|10
|
|move|p2a: Garchomp|Outrage|p1a: Hippowdon
|-damage|p1a: Hippowdon|270/420
|move|p1a: Hippowdon|Stealth Rock|p2a: Garchomp
|-sidestart|p2: Ryan O'Connor|move: Stealth Rock
|
|-weather|Sandstorm|[upkeep]
|-heal|p1a: Hippowdon|296/420|[from] item: Leftovers
|turn|11
|
|move|p2a: Garchomp|Outrage|p1a: Hippowdon
|-damage|p1a: Hippowdon|133/420
|move|p1a: Hippowdon|Slack Off|p1a: Hippowdon
|-heal|p1a: Hippowdon|343/420
|
|-end|p2a: Garchomp|rampage
|-start|p2a: Garchomp|confusion
|-weather|Sandstorm|[upkeep]
|-heal|p1a: Hippowdon|369/420|[from] item: Leftovers
|turn|12
|
|switch|p2a: Landorus-Therian|Landorus-Therian, M|318/381
|-damage|p2a: Landorus-Therian|271/381|[from] Stealth Rock
|-ability|p2a: Landorus-Therian|Intimidate|[of] p1a: Hippowdon
|-unboost|p1a: Hippowdon|atk|1
|move|p1a: Hippowdon|Earthquake|p2a: Landorus-Therian
|-immune|p2a: Landorus-Therian|[msg]
|
|-weather|Sandstorm|[upkeep]
|-heal|p2a: Landorus-Therian|294/381|[from] item: Leftovers
|-heal|p1a: Hippowdon|395/420|[from] item: Leftovers
|turn|13
|
|move|p2a: Landorus-Therian|Swords Dance|p2a: Landorus-Therian
|-boost|p2a: Landorus-Therian|atk|2
|move|p1a: Hippowdon|Roar|p2a: Landorus-Therian
|drag|p2a: Alakazam|Alakazam, M|259/259
|
|-weather|Sandstorm|[upkeep]
|-heal|p1a: Hippowdon|420/420|[from] item: Leftovers
|turn|14
|
|switch|p2a: Landorus-Therian|Landorus-Therian, M|294/381
|-damage|p2a: Landorus-Therian|247/381|[from] Stealth Rock
|-ability|p2a: Landorus-Therian|Intimidate|[of] p1a: Hippowdon
|-unboost|p1a: Hippowdon|atk|1
|switch|p1a: Mandibuzz|Mandibuzz, F|423/423
|-damage|p1a: Mandibuzz|318/423|[from] Stealth Rock
|
|-weather|Sandstorm|[upkeep]
|-heal|p2a: Landorus-Therian|270/381|[from] item: Leftovers
|-heal|p1a: Mandibuzz|344/423|[from] item: Leftovers
|turn|15
|
|switch|p2a: Terrakion|Terrakion|276/339 tox
|-damage|p2a: Terrakion|255/339 tox|[from] Stealth Rock
|switch|p1a: Hippowdon|Hippowdon, F|420/420
|-damage|p1a: Hippowdon|394/420|[from] Stealth Rock
|
|-weather|Sandstorm|[upkeep]
|-heal|p1a: Hippowdon|420/420|[from] item: Leftovers
|-damage|p2a: Terrakion|234/339 tox|[from] psn
|turn|16
|
|switch|p2a: Landorus-Therian|Landorus-Therian, M|270/381
|-damage|p2a: Landorus-Therian|223/381|[from] Stealth Rock
|-ability|p2a: Landorus-Therian|Intimidate|[of] p1a: Hippowdon
|-unboost|p1a: Hippowdon|atk|1
|move|p1a: Hippowdon|Earthquake|p2a: Landorus-Therian
|-immune|p2a: Landorus-Therian|[msg]
|
|-weather|Sandstorm|[upkeep]
|-heal|p2a: Landorus-Therian|246/381|[from] item: Leftovers
|turn|17
|
|move|p2a: Landorus-Therian|Earthquake|p1a: Hippowdon
|-damage|p1a: Hippowdon|318/420
|move|p1a: Hippowdon|Roar|p2a: Landorus-Therian
|drag|p2a: Terrakion|Terrakion|234/339 tox
|-damage|p2a: Terrakion|213/339 tox|[from] Stealth Rock
|
|-weather|Sandstorm|[upkeep]
|-heal|p1a: Hippowdon|344/420|[from] item: Leftovers
|-damage|p2a: Terrakion|192/339 tox|[from] psn
|turn|18
|
|move|p2a: Terrakion|Close Combat|p1a: Hippowdon
|-crit|p1a: Hippowdon
|-damage|p1a: Hippowdon|0 fnt
|-unboost|p2a: Terrakion|def|1
|-unboost|p2a: Terrakion|spd|1
|faint|p1a: Hippowdon
|
|-weather|Sandstorm|[upkeep]
|-damage|p2a: Terrakion|150/339 tox|[from] psn
|
|switch|p1a: Latios|Latios, M|302/302
|-damage|p1a: Latios|265/302|[from] Stealth Rock
|turn|19
|
|switch|p2a: Jirachi|Jirachi|351/351
|-damage|p2a: Jirachi|330/351|[from] Stealth Rock
|move|p1a: Latios|Dragon Pulse|p2a: Jirachi
|-resisted|p2a: Jirachi
|-damage|p2a: Jirachi|255/351
|
|-weather|Sandstorm|[upkeep]
|-damage|p1a: Latios|247/302|[from] sandstorm
|turn|20
|
|move|p1a: Latios|Dragon Pulse|p2a: Jirachi
|-resisted|p2a: Jirachi
|-damage|p2a: Jirachi|168/351
|move|p2a: Jirachi|Fire Punch|p1a: Latios
|-resisted|p1a: Latios
|-damage|p1a: Latios|194/302
|-status|p1a: Latios|brn
|
|-weather|Sandstorm|[upkeep]
|-damage|p1a: Latios|176/302 brn|[from] sandstorm
|-damage|p1a: Latios|139/302 brn|[from] brn
|turn|21
|
|switch|p2a: Alakazam|Alakazam, M|259/259
|move|p1a: Latios|Dragon Pulse|p2a: Alakazam
|-damage|p2a: Alakazam|82/259
|
|-weather|Sandstorm|[upkeep]
|-damage|p1a: Latios|121/302 brn|[from] sandstorm
|-damage|p1a: Latios|84/302 brn|[from] brn
|turn|22
|
|move|p1a: Latios|Dragon Pulse|p2a: Alakazam
|-damage|p2a: Alakazam|0 fnt
|faint|p2a: Alakazam
|
|-weather|Sandstorm|[upkeep]
|-damage|p1a: Latios|66/302 brn|[from] sandstorm
|-damage|p1a: Latios|29/302 brn|[from] brn
|
|switch|p2a: Terrakion|Terrakion|150/339 tox
|-damage|p2a: Terrakion|129/339 tox|[from] Stealth Rock
|turn|23
|
|move|p2a: Terrakion|Quick Attack|p1a: Latios
|-damage|p1a: Latios|0 fnt
|faint|p1a: Latios
|
|-weather|Sandstorm|[upkeep]
|-damage|p2a: Terrakion|108/339 tox|[from] psn
|
|switch|p1a: Scizor|Scizor, F|343/343
|-damage|p1a: Scizor|301/343|[from] Stealth Rock
|turn|24
|
|switch|p2a: Garchomp|Garchomp, M|116/371
|-damage|p2a: Garchomp|93/371|[from] Stealth Rock
|move|p1a: Scizor|Bullet Punch|p2a: Garchomp
|-damage|p2a: Garchomp|0 fnt
|-damage|p1a: Scizor|259/343|[from] ability: Rough Skin|[of] p2a: Garchomp
|faint|p2a: Garchomp
|
|-weather|Sandstorm|[upkeep]
|
|switch|p2a: Landorus-Therian|Landorus-Therian, M|246/381
|-damage|p2a: Landorus-Therian|199/381|[from] Stealth Rock
|-ability|p2a: Landorus-Therian|Intimidate|[of] p1a: Scizor
|-unboost|p1a: Scizor|atk|1
|turn|25
|
|move|p1a: Scizor|Bullet Punch|p2a: Landorus-Therian
|-damage|p2a: Landorus-Therian|91/381
|move|p2a: Landorus-Therian|Swords Dance|p2a: Landorus-Therian
|-boost|p2a: Landorus-Therian|atk|2
|
|-weather|Sandstorm|[upkeep]
|-heal|p2a: Landorus-Therian|114/381|[from] item: Leftovers
|turn|26
|
|move|p1a: Scizor|Bullet Punch|p2a: Landorus-Therian
|-damage|p2a: Landorus-Therian|0 fnt
|faint|p2a: Landorus-Therian
|
|-weather|Sandstorm|[upkeep]
|
|switch|p2a: Jirachi|Jirachi|168/351
|-damage|p2a: Jirachi|147/351|[from] Stealth Rock
|turn|27
|
|switch|p1a: Mandibuzz|Mandibuzz, F|344/423
|-damage|p1a: Mandibuzz|239/423|[from] Stealth Rock
|move|p2a: Jirachi|Fire Punch|p1a: Mandibuzz
|-damage|p1a: Mandibuzz|156/423
|
|-weather|Sandstorm|[upkeep]
|-heal|p1a: Mandibuzz|182/423|[from] item: Leftovers
|turn|28
|
|switch|p2a: Terrakion|Terrakion|108/339 tox
|-damage|p2a: Terrakion|87/339 tox|[from] Stealth Rock
|move|p1a: Mandibuzz|U-turn|p2a: Terrakion
|-resisted|p2a: Terrakion
|-damage|p2a: Terrakion|65/339 tox
|
|switch|p1a: Scizor|Scizor, F|259/343
|-damage|p1a: Scizor|217/343|[from] Stealth Rock
|
|-weather|Sandstorm|[upkeep]
|-damage|p2a: Terrakion|44/339 tox|[from] psn
|turn|29
|
|move|p2a: Terrakion|Quick Attack|p1a: Scizor
|-resisted|p1a: Scizor
|-damage|p1a: Scizor|179/343
|move|p1a: Scizor|Bullet Punch|p2a: Terrakion
|-supereffective|p2a: Terrakion
|-damage|p2a: Terrakion|0 fnt
|faint|p2a: Terrakion
|
|-weather|Sandstorm|[upkeep]
|
|switch|p2a: Jirachi|Jirachi|147/351
|-damage|p2a: Jirachi|126/351|[from] Stealth Rock
|turn|30
|
|switch|p1a: Mandibuzz|Mandibuzz, F|182/423
|-damage|p1a: Mandibuzz|77/423|[from] Stealth Rock
|move|p2a: Jirachi|Fire Punch|p1a: Mandibuzz
|-damage|p1a: Mandibuzz|1/423
|
|-weather|Sandstorm|[upkeep]
|-heal|p1a: Mandibuzz|27/423|[from] item: Leftovers
|turn|31
|
|move|p2a: Jirachi|Fire Punch|p1a: Mandibuzz
|-damage|p1a: Mandibuzz|0 fnt
|faint|p1a: Mandibuzz
|
|-weather|Sandstorm|[upkeep]
|
|switch|p1a: Haxorus|Haxorus, M, shiny|323/323
|-damage|p1a: Haxorus|283/323|[from] Stealth Rock
|-ability|p1a: Haxorus|Mold Breaker
|turn|32
|
|switch|p2a: Latias|Latias, F|353/353
|-damage|p2a: Latias|309/353|[from] Stealth Rock
|move|p1a: Haxorus|Dragon Dance|p1a: Haxorus
|-boost|p1a: Haxorus|atk|1
|-boost|p1a: Haxorus|spe|1
|
|-weather|Sandstorm|[upkeep]
|-damage|p1a: Haxorus|263/323|[from] sandstorm
|-damage|p2a: Latias|287/353|[from] sandstorm
|-heal|p2a: Latias|309/353|[from] item: Leftovers
|turn|33
|
|move|p1a: Haxorus|Outrage|p2a: Latias
|-supereffective|p2a: Latias
|-damage|p2a: Latias|0 fnt
|faint|p2a: Latias
|
|-weather|Sandstorm|[upkeep]
|-damage|p1a: Haxorus|243/323|[from] sandstorm
|
|switch|p2a: Jirachi|Jirachi|126/351
|-damage|p2a: Jirachi|105/351|[from] Stealth Rock
|turn|34
|
|move|p2a: Jirachi|Iron Head|p1a: Haxorus
|-damage|p1a: Haxorus|96/323
|cant|p1a: Haxorus|flinch
|
|-end|p1a: Haxorus|rampage
|-start|p1a: Haxorus|confusion
|-weather|Sandstorm|[upkeep]
|-damage|p1a: Haxorus|76/323|[from] sandstorm
|-enditem|p1a: Haxorus|Lum Berry|[eat]
|-end|p1a: Haxorus|confusion
|turn|35
|
|move|p2a: Jirachi|Iron Head|p1a: Haxorus
|-damage|p1a: Haxorus|0 fnt
|faint|p1a: Haxorus
|
|-weather|Sandstorm|[upkeep]
|
|switch|p1a: Scizor|Scizor, F|179/343
|-damage|p1a: Scizor|137/343|[from] Stealth Rock
|turn|36
|chat|guelobowler|gg
|
|move|p1a: Scizor|Bullet Punch|p2a: Jirachi
|-resisted|p2a: Jirachi
|-damage|p2a: Jirachi|19/351
|move|p2a: Jirachi|Iron Head|p1a: Scizor
|-resisted|p1a: Scizor
|-damage|p1a: Scizor|72/343
|
|-weather|Sandstorm|[upkeep]
|turn|37
|chat|Ryan O'Connor|nice roll on Lando-T
|
|move|p1a: Scizor|Bullet Punch|p2a: Jirachi
|-resisted|p2a: Jirachi
|-damage|p2a: Jirachi|0 fnt
|faint|p2a: Jirachi
|
|win|guelobowler
|raw|Ladder updating...
|raw|guelobowler's rating: 1402 &rarr; <strong>1421</strong><br />(+19 for winning)
|raw|Ryan O&apos;Connor's rating: 1393 &rarr; <strong>1373</strong><br />(-20 for losing)
|chat|Ryan O'Connor|"gg"
|leave|Ryan O'Connor
|player|p2