|j|☆CalamityGreed
|j|☆kobepayne
|player|p1|CalamityGreed|burglar-gen2|1560
|player|p2|kobepayne|dahlia|1460
|teamsize|p1|6
|teamsize|p2|6
|gametype|singles
|gen|5
|tier|[Gen 5] OU
|rated|
|clearpoke
|poke|p1|Politoed, F|item
|poke|p1|Terrakion|item
|poke|p1|Keldeo|item
|poke|p1|Scizor, M|item
|poke|p1|Thundurus-Therian, M|item
|poke|p1|Latios, M|item
|poke|p2|Salamence, F|item
|poke|p2|Metagross|item
|poke|p2|Kyurem-Black|item
|poke|p2|Scizor, F|item
|poke|p2|Latios, M|item
|poke|p2|Magnezone|item
|rule|Species Clause: Limit one of each Pokémon
|rule|OHKO Clause: OHKO moves are banned
|rule|Moody Clause: Moody is banned
|rule|Evasion Moves Clause: Evasion moves are banned
|rule|Endless Battle Clause: Forcing endless battles is banned
|rule|HP Percentage Mod: HP is shown in percentages
|rule|Evasion Abilities Clause: Evasion abilities are banned
|rule|Baton Pass Clause: Limit one Baton Passer, can't pass Spe and other stats simultaneously
|rule|Sleep Clause: Sleep-inducing moves are banned
|rule|Swagger Clause: Swagger is banned
|teampreview
|c|☆CalamityGreed|oh Kobe
|c|☆kobepayne|hey bro
|c|☆kobepayne|gl hf
|c|☆CalamityGreed|im so brother i must beat u
|c|☆CalamityGreed|u2
|
|start
|switch|p1a: Arm and Hammer|Terrakion, shiny|100/100
|switch|p2a: Metagross|Metagross|100/100
|turn|1
|c|☆CalamityGreed|also lit dragmag
|
|move|p1a: Arm and Hammer|Stealth Rock|p2a: Metagross
|-sidestart|p2: kobepayne|move: Stealth Rock
|move|p2a: Metagross|Earthquake|p1a: Arm and Hammer
|-supereffective|p1a: Arm and Hammer
|-damage|p1a: Arm and Hammer|23/100
|
|upkeep
|turn|2
|
|switch|p1a: King Crimson|Scizor, M|100/100
|move|p2a: Metagross|Stealth Rock|p1a: King Crimson
|-sidestart|p1: CalamityGreed|move: Stealth Rock
|
|upkeep
|turn|3
|
|move|p2a: Metagross|Meteor Mash|p1a: King Crimson|[miss]
|-miss|p2a: Metagross|p1a: King Crimson
|move|p1a: King Crimson|U-turn|p2a: Metagross
|-damage|p2a: Metagross|58/100
|inactive|Battle timer is ON: inactive players will automatically lose when time's up. (requested by kobepayne)
|c|☆kobepayne|cheers
|j| lewispoul1
|inactive|CalamityGreed has 120 seconds left.
|
|switch|p1a: Start//End|Politoed, F, shiny|100/100|[from]move: U-turn
|-damage|p1a: Start//End|88/100|[from] Stealth Rock
|-weather|RainDance|[from] ability: Drizzle|[of] p1a: Start//End
|
|-weather|RainDance|[upkeep]
|upkeep
|turn|4
|
|switch|p2a: Kyurem|Kyurem-Black|100/100
|-damage|p2a: Kyurem|76/100|[from] Stealth Rock
|-ability|p2a: Kyurem|Teravolt
|switch|p1a: King Crimson|Scizor, M|100/100
|-damage|p1a: King Crimson|88/100|[from] Stealth Rock
|
|-weather|RainDance|[upkeep]
|upkeep
|turn|5
|
|switch|p2a: Magnezone|Magnezone|100/100
|-damage|p2a: Magnezone|94/100|[from] Stealth Rock
|move|p1a: King Crimson|U-turn|p2a: Magnezone
|-resisted|p2a: Magnezone
|-crit|p2a: Magnezone
|-damage|p2a: Magnezone|35/100
|
|switch|p1a: Arm and Hammer|Terrakion, shiny|23/100|[from]move: U-turn
|-damage|p1a: Arm and Hammer|17/100|[from] Stealth Rock
|
|-weather|RainDance|[upkeep]
|-heal|p2a: Magnezone|41/100|[from] item: Leftovers
|upkeep
|turn|6
|inactive|kobepayne has 120 seconds left.
|
|switch|p2a: Metagross|Metagross|58/100
|-damage|p2a: Metagross|52/100|[from] Stealth Rock
|move|p1a: Arm and Hammer|Close Combat|p2a: Metagross
|-damage|p2a: Metagross|7/100
|-unboost|p1a: Arm and Hammer|def|1
|-unboost|p1a: Arm and Hammer|spd|1
|
|-weather|RainDance|[upkeep]
|upkeep
|turn|7
|-enditem|p2a: Metagross|Custap Berry|[eat]
|-activate|p2a: Metagross|item: Custap Berry|[consumed]
|
|move|p2a: Metagross|Meteor Mash|p1a: Arm and Hammer
|-supereffective|p1a: Arm and Hammer
|-damage|p1a: Arm and Hammer|0 fnt
|faint|p1a: Arm and Hammer
|
|-weather|RainDance|[upkeep]
|upkeep
|
|switch|p1a: Roundabout|Keldeo|100/100
|-damage|p1a: Roundabout|94/100|[from] Stealth Rock
|turn|8
|
|move|p1a: Roundabout|Surf|p2a: Metagross
|-damage|p2a: Metagross|0 fnt
|faint|p2a: Metagross
|
|-weather|RainDance|[upkeep]
|upkeep
|
|switch|p2a: Latios|Latios, M|100/100
|-damage|p2a: Latios|88/100|[from] Stealth Rock
|turn|9
|
|switch|p1a: Start//End|Politoed, F, shiny|88/100
|-damage|p1a: Start//End|76/100|[from] Stealth Rock
|move|p2a: Latios|Draco Meteor|p1a: Start//End
|-damage|p1a: Start//End|0 fnt
|-unboost|p2a: Latios|spa|2
|faint|p1a: Start//End
|
|-weather|RainDance|[upkeep]
|upkeep
|
|switch|p1a: King Crimson|Scizor, M|88/100
|-damage|p1a: King Crimson|76/100|[from] Stealth Rock
|turn|10
|
|move|p2a: Latios|Draco Meteor|p1a: King Crimson
|-resisted|p1a: King Crimson
|-damage|p1a: King Crimson|46/100
|-unboost|p2a: Latios|spa|2
|move|p1a: King Crimson|Pursuit|p2a: Latios
|-supereffective|p2a: Latios
|-damage|p2a: Latios|10/100
|
|-weather|RainDance|[upkeep]
|upkeep
|turn|11
|
|move|p2a: Latios|Draco Meteor|p1a: King Crimson
|-resisted|p1a: King Crimson
|-damage|p1a: King Crimson|28/100
|-unboost|p2a: Latios|spa|2
|move|p1a: King Crimson|Pursuit|p2a: Latios
|-supereffective|p2a: Latios
|-damage|p2a: Latios|0 fnt
|faint|p2a: Latios
|
|-weather|RainDance|[upkeep]
|upkeep
|
|switch|p2a: Magnezone|Magnezone|41/100
|-damage|p2a: Magnezone|35/100|[from] Stealth Rock
|turn|12
|
|move|p2a: Magnezone|Substitute|p2a: Magnezone
|-start|p2a: Magnezone|Substitute
|-damage|p2a: Magnezone|10/100
|move|p1a: King Crimson|Pursuit|p2a: Magnezone
|-resisted|p2a: Magnezone
|-activate|p2a: Magnezone|Substitute|[damage]
|
|-weather|RainDance|[upkeep]
|-heal|p2a: Magnezone|16/100|[from] item: Leftovers
|upkeep
|turn|13
|
|move|p2a: Magnezone|Thunderbolt|p1a: King Crimson
|-damage|p1a: King Crimson|0 fnt
|faint|p1a: King Crimson
|
|-weather|RainDance|[upkeep]
|-heal|p2a: Magnezone|22/100|[from] item: Leftovers
|upkeep
|
|switch|p1a: The Last Sad Song|Latios, M, shiny|100/100
|-damage|p1a: The Last Sad Song|88/100|[from] Stealth Rock
|turn|14
|
|move|p1a: The Last Sad Song|Surf|p2a: Magnezone
|-end|p2a: Magnezone|Substitute
|move|p2a: Magnezone|Flash Cannon|p1a: The Last Sad Song
|-damage|p1a: The Last Sad Song|38/100
|
|-weather|RainDance|[upkeep]
|-heal|p2a: Magnezone|29/100|[from] item: Leftovers
|upkeep
|turn|15
|
|move|p1a: The Last Sad Song|Surf|p2a: Magnezone
|-damage|p2a: Magnezone|0 fnt
|faint|p2a: Magnezone
|
|-weather|RainDance|[upkeep]
|upkeep
|
|switch|p2a: Salamence|Salamence, F|100/100
|-damage|p2a: Salamence|75/100|[from] Stealth Rock
|turn|16
|
|move|p2a: Salamence|Outrage|p1a: The Last Sad Song
|-supereffective|p1a: The Last Sad Song
|-crit|p1a: The Last Sad Song
|-damage|p1a: The Last Sad Song|0 fnt
|faint|p1a: The Last Sad Song
|-ability|p2a: Salamence|Moxie|boost
|-boost|p2a: Salamence|atk|1
|
|-weather|RainDance|[upkeep]
|upkeep
|
|switch|p1a: Roundabout|Keldeo|94/100
|-damage|p1a: Roundabout|88/100|[from] Stealth Rock
|turn|17
|
|move|p1a: Roundabout|Hidden Power|p2a: Salamence
|-supereffective|p2a: Salamence
|-damage|p2a: Salamence|0 fnt
|faint|p2a: Salamence
|
|-weather|RainDance|[upkeep]
|upkeep
|
|switch|p2a: Kyurem|Kyurem-Black|76/100
|-damage|p2a: Kyurem|51/100|[from] Stealth Rock
|-ability|p2a: Kyurem|Teravolt
|turn|18
|
|switch|p1a: Godzilla|Thundurus-Therian, M|100/100
|-damage|p1a: Godzilla|76/100|[from] Stealth Rock
|move|p2a: Kyurem|Outrage|p1a: Godzilla
|-damage|p1a: Godzilla|0 fnt
|faint|p1a: Godzilla
|
|-weather|RainDance|[upkeep]
|upkeep
|
|switch|p1a: Roundabout|Keldeo|88/100
|-damage|p1a: Roundabout|82/100|[from] Stealth Rock
|turn|19
|inactive|CalamityGreed has 120 seconds left.
|
|move|p1a: Roundabout|Secret Sword|p2a: Kyurem
|-supereffective|p2a: Kyurem
|-damage|p2a: Kyurem|0 fnt
|faint|p2a: Kyurem
|
|-weather|RainDance|[upkeep]
|upkeep
|
|switch|p2a: Scizor|Scizor, F|100/100
|-damage|p2a: Scizor|88/100|[from] Stealth Rock
|turn|20
|inactive|CalamityGreed has 120 seconds left.
|
|move|p1a: Roundabout|Secret Sword|p2a: Scizor
|-damage|p2a: Scizor|47/100
|move|p2a: Scizor|Superpower|p1a: Roundabout
|-damage|p1a: Roundabout|0 fnt
|-unboost|p2a: Scizor|atk|1
|-unboost|p2a: Scizor|def|1
|faint|p1a: Roundabout
|
|win|kobepayne
|c|☆kobepayne|gg
|c|☆CalamityGreed|ah
|c|☆CalamityGreed|didn't get the roll
|c|☆CalamityGreed|gg
|l| lewispoul1
|raw|CalamityGreed's rating: 1560 &rarr; <strong>1535</strong><br />(-25 for losing)
|raw|kobepayne's rating: 1472 &rarr; <strong>1497</strong><br />(+25 for winning)
|c|☆CalamityGreed|also misplay should had u-turn looking back at it
