|j|☆Rick91
|j|☆Croaset
|t:|1728400704
|gametype|singles
|player|p1|Rick91|brawly|1382
|player|p2|Croaset|elesa|1362
|teamsize|p1|6
|teamsize|p2|6
|gen|5
|tier|[Gen 5] OU
|rated|
|rule|Species Clause: Limit one of each Pokémon
|rule|OHKO Clause: OHKO moves are banned
|rule|Moody Clause: Moody is banned
|rule|Evasion Items Clause: Evasion items are banned
|rule|Evasion Moves Clause: Evasion moves are banned
|rule|Endless Battle Clause: Forcing endless battles is banned
|rule|HP Percentage Mod: HP is shown in percentages
|rule|Evasion Abilities Clause: Evasion abilities are banned
|rule|Sleep Moves Clause: Sleep-inducing moves are banned
|rule|Swagger Clause: Swagger is banned
|rule|Baton Pass Stat Clause: No Baton Passer may have a way to boost its stats
|clearpoke
|poke|p1|Ninetales, F|item
|poke|p1|Arcanine, M|item
|poke|p1|Landorus-Therian, M|item
|poke|p1|Lickilicky, M|item
|poke|p1|Donphan, M|item
|poke|p1|Cresselia, F|item
|poke|p2|Reuniclus, M|item
|poke|p2|Skarmory, F|item
|poke|p2|Latios, M|item
|poke|p2|Tyranitar, M|item
|poke|p2|Cofagrigus, M|item
|poke|p2|Latias, F|item
|teampreview
|inactive|Battle timer is ON: inactive players will automatically lose when time's up. (requested by Rick91)
|
|t:|1728400722
|start
|switch|p1a: Landorus|Landorus-Therian, M|100/100
|switch|p2a: Tyranitar|Tyranitar, M|100/100
|-ability|p1a: Landorus|Intimidate|boost
|-unboost|p2a: Tyranitar|atk|1
|-weather|Sandstorm|[from] ability: Sand Stream|[of] p2a: Tyranitar
|turn|1
|
|t:|1728400726
|switch|p2a: Skarmory|Skarmory, F|100/100
|move|p1a: Landorus|U-turn|p2a: Skarmory
|-resisted|p2a: Skarmory
|-damage|p2a: Skarmory|97/100
|
|t:|1728400731
|switch|p1a: Lickilicky|Lickilicky, M|100/100|[from] U-turn
|-ability|p1a: Lickilicky|Cloud Nine
|
|-weather|Sandstorm|[upkeep]
|-heal|p2a: Skarmory|100/100|[from] item: Leftovers
|upkeep
|turn|2
|-activate|p1a: Lickilicky|item: Quick Claw
|
|t:|1728400749
|switch|p2a: Latias|Latias, F|100/100
|move|p1a: Lickilicky|Fire Blast|p2a: Latias|[miss]
|-miss|p1a: Lickilicky|p2a: Latias
|
|-weather|Sandstorm|[upkeep]
|upkeep
|turn|3
|
|t:|1728400766
|move|p2a: Latias|Thunder Wave|p1a: Lickilicky
|-status|p1a: Lickilicky|par
|move|p1a: Lickilicky|Ice Beam|p2a: Latias
|-supereffective|p2a: Latias
|-damage|p2a: Latias|59/100
|
|-weather|Sandstorm|[upkeep]
|-heal|p2a: Latias|65/100|[from] item: Leftovers
|upkeep
|turn|4
|
|t:|1728400770
|move|p2a: Latias|Calm Mind|p2a: Latias
|-boost|p2a: Latias|spa|1
|-boost|p2a: Latias|spd|1
|move|p1a: Lickilicky|Ice Beam|p2a: Latias
|-supereffective|p2a: Latias
|-damage|p2a: Latias|38/100
|
|-weather|Sandstorm|[upkeep]
|-heal|p2a: Latias|44/100|[from] item: Leftovers
|upkeep
|turn|5
|
|t:|1728400775
|move|p2a: Latias|Recover|p2a: Latias
|-heal|p2a: Latias|94/100
|cant|p1a: Lickilicky|par
|
|-weather|Sandstorm|[upkeep]
|-heal|p2a: Latias|100/100|[from] item: Leftovers
|upkeep
|turn|6
|-activate|p1a: Lickilicky|item: Quick Claw
|
|t:|1728400779
|cant|p1a: Lickilicky|par
|move|p2a: Latias|Calm Mind|p2a: Latias
|-boost|p2a: Latias|spa|1
|-boost|p2a: Latias|spd|1
|
|-weather|Sandstorm|[upkeep]
|upkeep
|turn|7
|-activate|p1a: Lickilicky|item: Quick Claw
|
|t:|1728400781
|move|p1a: Lickilicky|Ice Beam|p2a: Latias
|-supereffective|p2a: Latias
|-damage|p2a: Latias|80/100
|-status|p2a: Latias|frz
|cant|p2a: Latias|frz
|
|-weather|Sandstorm|[upkeep]
|-heal|p2a: Latias|86/100 frz|[from] item: Leftovers
|upkeep
|turn|8
|
|t:|1728400789
|switch|p1a: Landorus|Landorus-Therian, M|100/100
|-ability|p1a: Landorus|Intimidate|boost
|-unboost|p2a: Latias|atk|1
|cant|p2a: Latias|frz
|
|-weather|Sandstorm|[upkeep]
|-damage|p2a: Latias|80/100 frz|[from] Sandstorm
|-heal|p2a: Latias|86/100 frz|[from] item: Leftovers
|upkeep
|turn|9
|
|t:|1728400793
|switch|p2a: Skarmory|Skarmory, F|100/100
|move|p1a: Landorus|U-turn|p2a: Skarmory
|-resisted|p2a: Skarmory
|-damage|p2a: Skarmory|97/100
|
|t:|1728400798
|switch|p1a: Ninetales|Ninetales, F|100/100|[from] U-turn
|-weather|SunnyDay|[from] ability: Drought|[of] p1a: Ninetales
|
|-weather|SunnyDay|[upkeep]
|-heal|p2a: Skarmory|100/100|[from] item: Leftovers
|upkeep
|turn|10
|
|t:|1728400800
|switch|p2a: Latias|Latias, F|86/100 frz
|move|p1a: Ninetales|Overheat|p2a: Latias
|-resisted|p2a: Latias
|-damage|p2a: Latias|37/100 frz
|-unboost|p1a: Ninetales|spa|2
|-curestatus|p2a: Latias|frz|[msg]
|
|-weather|SunnyDay|[upkeep]
|-heal|p2a: Latias|43/100|[from] item: Leftovers
|upkeep
|turn|11
|
|t:|1728400807
|switch|p1a: Landorus|Landorus-Therian, M|100/100
|-ability|p1a: Landorus|Intimidate|boost
|-unboost|p2a: Latias|atk|1
|move|p2a: Latias|Recover|p2a: Latias
|-heal|p2a: Latias|93/100
|
|-weather|SunnyDay|[upkeep]
|-heal|p2a: Latias|99/100|[from] item: Leftovers
|upkeep
|turn|12
|
|t:|1728400811
|switch|p2a: Skarmory|Skarmory, F|100/100
|move|p1a: Landorus|U-turn|p2a: Skarmory
|-resisted|p2a: Skarmory
|-damage|p2a: Skarmory|97/100
|
|t:|1728400813
|switch|p1a: Arcanine|Arcanine, M|100/100|[from] U-turn
|-ability|p1a: Arcanine|Intimidate|boost
|-unboost|p2a: Skarmory|atk|1
|
|-weather|SunnyDay|[upkeep]
|-heal|p2a: Skarmory|100/100|[from] item: Leftovers
|upkeep
|turn|13
|
|t:|1728400832
|switch|p2a: Latias|Latias, F|99/100
|move|p1a: Arcanine|Flare Blitz|p2a: Latias
|-resisted|p2a: Latias
|-damage|p2a: Latias|63/100
|-damage|p1a: Arcanine|89/100|[from] Recoil
|
|-weather|SunnyDay|[upkeep]
|-heal|p2a: Latias|69/100|[from] item: Leftovers
|-heal|p1a: Arcanine|95/100|[from] item: Leftovers
|upkeep
|turn|14
|inactive|Rick91 has 120 seconds left.
|
|t:|1728400876
|switch|p1a: Cresselia|Cresselia, F|100/100
|move|p2a: Latias|Dragon Pulse|p1a: Cresselia
|-damage|p1a: Cresselia|85/100
|
|-weather|SunnyDay|[upkeep]
|-heal|p2a: Latias|75/100|[from] item: Leftovers
|-heal|p1a: Cresselia|91/100|[from] item: Leftovers
|upkeep
|turn|15
|
|t:|1728400882
|move|p2a: Latias|Thunder Wave|p1a: Cresselia
|-status|p1a: Cresselia|par
|move|p1a: Cresselia|Thunder Wave|p2a: Latias
|-status|p2a: Latias|par
|
|-weather|SunnyDay|[upkeep]
|-heal|p2a: Latias|81/100 par|[from] item: Leftovers
|-heal|p1a: Cresselia|98/100 par|[from] item: Leftovers
|upkeep
|turn|16
|inactive|Rick91 has 120 seconds left.
|inactive|Rick91 has 90 seconds left.
|
|t:|1728400923
|cant|p2a: Latias|par
|move|p1a: Cresselia|Ice Beam|p2a: Latias
|-supereffective|p2a: Latias
|-damage|p2a: Latias|53/100 par
|
|-weather|SunnyDay|[upkeep]
|-heal|p2a: Latias|59/100 par|[from] item: Leftovers
|-heal|p1a: Cresselia|100/100 par|[from] item: Leftovers
|upkeep
|turn|17
|
|t:|1728400928
|move|p2a: Latias|Recover|p2a: Latias
|-heal|p2a: Latias|100/100 par
|move|p1a: Cresselia|Ice Beam|p2a: Latias
|-supereffective|p2a: Latias
|-damage|p2a: Latias|72/100 par
|
|-weather|SunnyDay|[upkeep]
|-heal|p2a: Latias|79/100 par|[from] item: Leftovers
|upkeep
|turn|18
|
|t:|1728400931
|move|p2a: Latias|Calm Mind|p2a: Latias
|-boost|p2a: Latias|spa|1
|-boost|p2a: Latias|spd|1
|move|p1a: Cresselia|Ice Beam|p2a: Latias
|-supereffective|p2a: Latias
|-damage|p2a: Latias|61/100 par
|
|-weather|SunnyDay|[upkeep]
|-heal|p2a: Latias|67/100 par|[from] item: Leftovers
|upkeep
|turn|19
|
|t:|1728400934
|switch|p1a: Landorus|Landorus-Therian, M|100/100
|-ability|p1a: Landorus|Intimidate|boost
|-unboost|p2a: Latias|atk|1
|cant|p2a: Latias|par
|
|-weather|SunnyDay|[upkeep]
|-heal|p2a: Latias|73/100 par|[from] item: Leftovers
|upkeep
|turn|20
|
|t:|1728400945
|move|p1a: Landorus|U-turn|p2a: Latias
|-supereffective|p2a: Latias
|-damage|p2a: Latias|21/100 par
|
|t:|1728400948
|switch|p1a: Ninetales|Ninetales, F|100/100|[from] U-turn
|move|p2a: Latias|Recover|p2a: Latias
|-heal|p2a: Latias|71/100 par
|
|-weather|SunnyDay|[upkeep]
|-heal|p2a: Latias|77/100 par|[from] item: Leftovers
|upkeep
|turn|21
|
|t:|1728400954
|move|p1a: Ninetales|Hidden Power|p2a: Latias
|-supereffective|p2a: Latias
|-damage|p2a: Latias|47/100 par
|move|p2a: Latias|Recover|p2a: Latias
|-heal|p2a: Latias|97/100 par
|
|-weather|SunnyDay|[upkeep]
|-heal|p2a: Latias|100/100 par|[from] item: Leftovers
|upkeep
|turn|22
|
|t:|1728400963
|switch|p1a: Landorus|Landorus-Therian, M|100/100
|-ability|p1a: Landorus|Intimidate|boost
|-unboost|p2a: Latias|atk|1
|move|p2a: Latias|Calm Mind|p2a: Latias
|-boost|p2a: Latias|spa|1
|-boost|p2a: Latias|spd|1
|
|-weather|SunnyDay|[upkeep]
|upkeep
|turn|23
|
|t:|1728400967
|move|p1a: Landorus|U-turn|p2a: Latias
|-supereffective|p2a: Latias
|-damage|p2a: Latias|49/100 par
|
|t:|1728400970
|switch|p1a: Donphan|Donphan, M|100/100|[from] U-turn
|move|p2a: Latias|Recover|p2a: Latias
|-heal|p2a: Latias|99/100 par
|
|-weather|SunnyDay|[upkeep]
|-heal|p2a: Latias|100/100 par|[from] item: Leftovers
|upkeep
|turn|24
|
|t:|1728400975
|move|p1a: Donphan|Ice Shard|p2a: Latias
|-supereffective|p2a: Latias
|-damage|p2a: Latias|73/100 par
|move|p2a: Latias|Dragon Pulse|p1a: Donphan
|-ability|p1a: Donphan|Sturdy
|-damage|p1a: Donphan|1/100
|
|-weather|SunnyDay|[upkeep]
|-heal|p1a: Donphan|7/100|[from] item: Leftovers
|-heal|p2a: Latias|79/100 par|[from] item: Leftovers
|upkeep
|turn|25
|
|t:|1728400987
|move|p1a: Donphan|Stealth Rock|p2a: Latias
|-sidestart|p2: Croaset|move: Stealth Rock
|move|p2a: Latias|Recover|p2a: Latias
|-heal|p2a: Latias|100/100 par
|
|-weather|SunnyDay|[upkeep]
|-heal|p1a: Donphan|13/100|[from] item: Leftovers
|upkeep
|turn|26
|
|t:|1728400990
|move|p1a: Donphan|Ice Shard|p2a: Latias
|-supereffective|p2a: Latias
|-damage|p2a: Latias|72/100 par
|move|p2a: Latias|Dragon Pulse|p1a: Donphan
|-damage|p1a: Donphan|0 fnt
|faint|p1a: Donphan
|
|-weather|SunnyDay|[upkeep]
|-heal|p2a: Latias|78/100 par|[from] item: Leftovers
|upkeep
|
|t:|1728400993
|switch|p1a: Landorus|Landorus-Therian, M|100/100
|-ability|p1a: Landorus|Intimidate|boost
|-unboost|p2a: Latias|atk|1
|turn|27
|
|t:|1728400996
|move|p1a: Landorus|U-turn|p2a: Latias
|-supereffective|p2a: Latias
|-damage|p2a: Latias|20/100 par
|
|t:|1728400999
|switch|p1a: Ninetales|Ninetales, F|100/100|[from] U-turn
|move|p2a: Latias|Recover|p2a: Latias
|-heal|p2a: Latias|70/100 par
|
|-weather|SunnyDay|[upkeep]
|-heal|p2a: Latias|76/100 par|[from] item: Leftovers
|upkeep
|turn|28
|
|t:|1728401004
|move|p1a: Ninetales|Hidden Power|p2a: Latias
|-supereffective|p2a: Latias
|-damage|p2a: Latias|54/100 par
|move|p2a: Latias|Dragon Pulse|p1a: Ninetales
|-damage|p1a: Ninetales|24/100
|
|-weather|SunnyDay|[upkeep]
|-heal|p2a: Latias|60/100 par|[from] item: Leftovers
|upkeep
|turn|29
|-message|Rick91 forfeited.
|
|win|Croaset
|raw|Rick91's rating: 1382 &rarr; <strong>1361</strong><br />(-21 for losing)
|raw|Croaset's rating: 1362 &rarr; <strong>1383</strong><br />(+21 for winning)
|l|☆Rick91
|player|p1|
