|join|professorcaralho
|join|Ranior
|player|p1|professorcaralho|120
|player|p2|Ranior|2
|gametype|singles
|gen|5
|tier|[Gen 5] OU
|rated
|rule|Evasion Abilities Clause: Evasion abilities are banned
|clearpoke
|poke|p1|Politoed, M
|poke|p1|Latios, M
|poke|p1|Rotom-Wash
|poke|p1|Breloom, F
|poke|p1|Jirachi
|poke|p1|Scizor, F
|poke|p2|Garchomp, F
|poke|p2|Kyurem-Black
|poke|p2|Hydreigon, F
|poke|p2|Jellicent, M
|poke|p2|Ferrothorn, F
|poke|p2|Gyarados, M
|rule|Sleep Clause Mod: Limit one foe put to sleep
|rule|Species Clause: Limit one of each Pokemon
|rule|OHKO Clause: OHKO moves are banned
|rule|Moody Clause: Moody is banned
|rule|Evasion Moves Clause: Evasion moves are banned
|rule|Endless Battle Clause: Forcing endless battles is banned.
|rule|HP Percentage Mod: HP is reported as percentages
|teampreview
|
|start
|switch|p1a: Brastemp|Rotom-Wash|303/303
|switch|p2a: Kyurem-Black|Kyurem-Black|391/391
|-ability|p2a: Kyurem-Black|Teravolt
|turn|1
|chat|Ranior|Good luck, have fun
|
|move|p2a: Kyurem-Black|Fusion Bolt|p1a: Brastemp
|-damage|p1a: Brastemp|163/303
|move|p1a: Brastemp|Trick|p2a: Kyurem-Black
|-activate|p1a: Brastemp|move: Trick|[of] p2a: Kyurem-Black
|-item|p2a: Kyurem-Black|Choice Scarf|[from] move: Trick
|-item|p1a: Brastemp|Choice Scarf|[from] move: Trick
|
|turn|2
|
|move|p2a: Kyurem-Black|Fusion Bolt|p1a: Brastemp
|-damage|p1a: Brastemp|19/303
|move|p1a: Brastemp|Volt Switch|p2a: Kyurem-Black
|-resisted|p2a: Kyurem-Black
|-damage|p2a: Kyurem-Black|336/391
|
|switch|p1a: RaboGrande|Breloom, F|261/261
|
|-status|p1a: RaboGrande|tox|[from] item: Toxic Orb
|turn|3
|
|switch|p2a: Ferrothorn|Ferrothorn, F|352/352
|move|p1a: RaboGrande|Spore|p2a: Ferrothorn
|-status|p2a: Ferrothorn|slp
|
|turn|4
|
|switch|p2a: Kyurem-Black|Kyurem-Black|336/391
|-ability|p2a: Kyurem-Black|Teravolt
|move|p1a: RaboGrande|Substitute|p1a: RaboGrande
|-start|p1a: RaboGrande|Substitute
|-damage|p1a: RaboGrande|196/261 tox
|
|-heal|p1a: RaboGrande|228/261 tox|[from] ability: Poison Heal
|turn|5
|
|-singleturn|p1a: RaboGrande|move: Focus Punch
|move|p2a: Kyurem-Black|Ice Beam|p1a: RaboGrande
|-supereffective|p1a: RaboGrande
|-end|p1a: RaboGrande|Substitute
|move|p1a: RaboGrande|Focus Punch|p2a: Kyurem-Black
|-supereffective|p2a: Kyurem-Black
|-damage|p2a: Kyurem-Black|0 fnt
|faint|p2a: Kyurem-Black
|
|-heal|p1a: RaboGrande|260/261 tox|[from] ability: Poison Heal
|
|switch|p2a: Hydreigon|Hydreigon, F|325/325
|turn|6
|
|switch|p1a: SoPedro|Politoed, M|384/384
|-weather|RainDance|[from] ability: Drizzle|[of] p1a: SoPedro
|move|p2a: Hydreigon|Draco Meteor|p1a: SoPedro
|-damage|p1a: SoPedro|51/384
|-unboost|p2a: Hydreigon|spa|2
|-damage|p2a: Hydreigon|293/325|[from] item: Life Orb
|
|-weather|RainDance|[upkeep]
|turn|7
|
|move|p2a: Hydreigon|Draco Meteor|p1a: SoPedro
|-damage|p1a: SoPedro|0 fnt
|-unboost|p2a: Hydreigon|spa|2
|-damage|p2a: Hydreigon|261/325|[from] item: Life Orb
|faint|p1a: SoPedro
|
|-weather|RainDance|[upkeep]
|
|switch|p1a: RaboGrande|Breloom, F|260/261 tox
|turn|8
|
|move|p2a: Hydreigon|Superpower|p1a: RaboGrande
|-damage|p1a: RaboGrande|94/261 tox
|-unboost|p2a: Hydreigon|atk|1
|-unboost|p2a: Hydreigon|def|1
|-damage|p2a: Hydreigon|229/325|[from] item: Life Orb
|move|p1a: RaboGrande|Substitute|p1a: RaboGrande
|-start|p1a: RaboGrande|Substitute
|-damage|p1a: RaboGrande|29/261 tox
|
|-weather|RainDance|[upkeep]
|-heal|p1a: RaboGrande|61/261 tox|[from] ability: Poison Heal
|turn|9
|
|-singleturn|p1a: RaboGrande|move: Focus Punch
|switch|p2a: Jellicent|Jellicent, M|403/403
|move|p1a: RaboGrande|Focus Punch|p2a: Jellicent
|-immune|p2a: Jellicent|[msg]
|
|-weather|RainDance|[upkeep]
|-heal|p1a: RaboGrande|93/261 tox|[from] ability: Poison Heal
|turn|10
|
|move|p1a: RaboGrande|Bullet Seed|p2a: Jellicent
|-supereffective|p2a: Jellicent
|-damage|p2a: Jellicent|325/403
|-supereffective|p2a: Jellicent
|-damage|p2a: Jellicent|239/403
|-crit|p2a: Jellicent
|-supereffective|p2a: Jellicent
|-damage|p2a: Jellicent|69/403
|-hitcount|p2a: Jellicent|3
|move|p2a: Jellicent|Scald|p1a: RaboGrande
|-resisted|p1a: RaboGrande
|-end|p1a: RaboGrande|Substitute
|
|-weather|RainDance|[upkeep]
|-heal|p2a: Jellicent|94/403|[from] item: Leftovers
|-heal|p1a: RaboGrande|125/261 tox|[from] ability: Poison Heal
|turn|11
|
|move|p1a: RaboGrande|Substitute|p1a: RaboGrande
|-start|p1a: RaboGrande|Substitute
|-damage|p1a: RaboGrande|60/261 tox
|move|p2a: Jellicent|Shadow Ball|p1a: RaboGrande
|-end|p1a: RaboGrande|Substitute
|
|-weather|RainDance|[upkeep]
|-heal|p2a: Jellicent|119/403|[from] item: Leftovers
|-heal|p1a: RaboGrande|92/261 tox|[from] ability: Poison Heal
|turn|12
|
|move|p1a: RaboGrande|Bullet Seed|p2a: Jellicent
|-supereffective|p2a: Jellicent
|-damage|p2a: Jellicent|41/403
|-supereffective|p2a: Jellicent
|-damage|p2a: Jellicent|0 fnt
|-hitcount|p2a: Jellicent|2
|faint|p2a: Jellicent
|
|-weather|RainDance|[upkeep]
|-heal|p1a: RaboGrande|124/261 tox|[from] ability: Poison Heal
|
|switch|p2a: Hydreigon|Hydreigon, F|229/325
|turn|13
|
|switch|p1a: Minicraque|Jirachi|341/341
|move|p2a: Hydreigon|Fire Blast|p1a: Minicraque
|-supereffective|p1a: Minicraque
|-damage|p1a: Minicraque|156/341
|-damage|p2a: Hydreigon|197/325|[from] item: Life Orb
|
|-weather|RainDance|[upkeep]
|turn|14
|
|move|p1a: Minicraque|Ice Punch|p2a: Hydreigon
|-supereffective|p2a: Hydreigon
|-damage|p2a: Hydreigon|0 fnt
|faint|p2a: Hydreigon
|
|-weather|RainDance|[upkeep]
|
|switch|p2a: Gyarados|Gyarados, M|353/353
|-ability|p2a: Gyarados|Intimidate|[of] p1a: Minicraque
|-unboost|p1a: Minicraque|atk|1
|turn|15
|
|switch|p1a: Antedeguemon|Latios, M|302/302
|move|p2a: Gyarados|Dragon Dance|p2a: Gyarados
|-boost|p2a: Gyarados|atk|1
|-boost|p2a: Gyarados|spe|1
|
|-weather|RainDance|[upkeep]
|turn|16
|
|move|p1a: Antedeguemon|Draco Meteor|p2a: Gyarados
|-damage|p2a: Gyarados|56/353
|-unboost|p1a: Antedeguemon|spa|2
|move|p2a: Gyarados|Waterfall|p1a: Antedeguemon
|-resisted|p1a: Antedeguemon
|-damage|p1a: Antedeguemon|104/302
|
|-weather|RainDance|[upkeep]
|-heal|p2a: Gyarados|78/353|[from] item: Leftovers
|turn|17
|
|move|p1a: Antedeguemon|Draco Meteor|p2a: Gyarados
|-damage|p2a: Gyarados|0 fnt
|-unboost|p1a: Antedeguemon|spa|2
|faint|p2a: Gyarados
|
|-weather|RainDance|[upkeep]
|
|switch|p2a: Garchomp|Garchomp, F|357/357
|turn|18
|
|switch|p1a: Brastemp|Rotom-Wash|19/303
|move|p2a: Garchomp|Fire Blast|p1a: Brastemp
|-resisted|p1a: Brastemp
|-damage|p1a: Brastemp|0 fnt
|-damage|p2a: Garchomp|322/357|[from] item: Life Orb
|faint|p1a: Brastemp
|
|-weather|RainDance|[upkeep]
|
|switch|p1a: Antedeguemon|Latios, M|104/302
|turn|19
|
|move|p1a: Antedeguemon|Draco Meteor|p2a: Garchomp
|-supereffective|p2a: Garchomp
|-damage|p2a: Garchomp|0 fnt
|-unboost|p1a: Antedeguemon|spa|2
|faint|p2a: Garchomp
|
|-weather|RainDance|[upkeep]
|
|switch|p2a: Ferrothorn|Ferrothorn, F|352/352 slp
|turn|20
|
|switch|p1a: RaboGrande|Breloom, F|124/261 tox
|cant|p2a: Ferrothorn|slp
|
|-weather|RainDance|[upkeep]
|-heal|p1a: RaboGrande|156/261 tox|[from] ability: Poison Heal
|turn|21
|chat|Ranior|Good game
|
|move|p1a: RaboGrande|Substitute|p1a: RaboGrande
|-start|p1a: RaboGrande|Substitute
|-damage|p1a: RaboGrande|91/261 tox
|cant|p2a: Ferrothorn|slp
|
|-weather|RainDance|[upkeep]
|-heal|p1a: RaboGrande|123/261 tox|[from] ability: Poison Heal
|turn|22
|chat|professorcaralho|thank
|
|-singleturn|p1a: RaboGrande|move: Focus Punch
|cant|p2a: Ferrothorn|slp
|move|p1a: RaboGrande|Focus Punch|p2a: Ferrothorn
|-supereffective|p2a: Ferrothorn
|-damage|p2a: Ferrothorn|0 fnt
|-damage|p1a: RaboGrande|91/261 tox|[from] ability: Iron Barbs|[of] p2a: Ferrothorn
|faint|p2a: Ferrothorn
|
|win|professorcaralho
|raw|Ladder updating...
|raw|professorcaralho's rating: 1339 &rarr; <strong>1359</strong><br />(+20 for winning)
|raw|Ranior's rating: 1337 &rarr; <strong>1317</strong><br />(-20 for losing)