|join|Ryan House
|join|Ranior
|player|p1|Ryan House|1
|player|p2|Ranior|265
|gametype|singles
|gen|5
|tier|[Gen 5] OU
|rated
|rule|Evasion Abilities Clause: Evasion abilities are banned
|clearpoke
|poke|p1|Zoroark, M, shiny
|poke|p1|Gengar, M
|poke|p1|Rotom-Wash, shiny
|poke|p1|Landorus-Therian, M
|poke|p1|Donphan, M
|poke|p1|Jirachi
|poke|p2|Ferrothorn, M
|poke|p2|Jellicent, M, shiny
|poke|p2|Kyurem-Black
|poke|p2|Hydreigon, F
|poke|p2|Latios, M
|poke|p2|Terrakion
|rule|Sleep Clause Mod: Limit one foe put to sleep
|rule|Species Clause: Limit one of each Pokemon
|rule|OHKO Clause: OHKO moves are banned
|rule|Moody Clause: Moody is banned
|rule|Evasion Moves Clause: Evasion moves are banned
|rule|Endless Battle Clause: Forcing endless battles is banned.
|rule|HP Percentage Mod: HP is reported as percentages
|teampreview
|chat|Ranior|Good luck, have fun
|join|16kims1
|
|start
|switch|p1a: Laundry Service|Rotom-Wash, shiny|261/261
|switch|p2a: Terrakion|Terrakion|323/323
|turn|1
|
|switch|p1a: Khan|Landorus-Therian, M|319/319
|-ability|p1a: Khan|Intimidate|[of] p2a: Terrakion
|-unboost|p2a: Terrakion|atk|1
|move|p2a: Terrakion|Stealth Rock|p1a: Khan
|-sidestart|p1: Ryan House|move: Stealth Rock
|
|turn|2
|
|switch|p2a: Ferrothorn|Ferrothorn, M|352/352
|move|p1a: Khan|U-turn|p2a: Ferrothorn
|-damage|p2a: Ferrothorn|282/352
|-damage|p1a: Khan|280/319|[from] ability: Iron Barbs|[of] p2a: Ferrothorn
|
|switch|p1a: Laundry Service|Rotom-Wash, shiny|261/261
|-damage|p1a: Laundry Service|229/261|[from] Stealth Rock
|
|-heal|p2a: Ferrothorn|304/352|[from] item: Leftovers
|turn|3
|
|move|p1a: Laundry Service|Flamethrower|p2a: Ferrothorn
|-supereffective|p2a: Ferrothorn
|-damage|p2a: Ferrothorn|0 fnt
|faint|p2a: Ferrothorn
|
|
|switch|p2a: Latios|Latios, M|301/301
|turn|4
|
|switch|p1a: Berrry|Jirachi|404/404
|-damage|p1a: Berrry|379/404|[from] Stealth Rock
|move|p2a: Latios|Draco Meteor|p1a: Berrry
|-resisted|p1a: Berrry
|-damage|p1a: Berrry|240/404
|-unboost|p2a: Latios|spa|2
|
|-heal|p1a: Berrry|265/404|[from] item: Leftovers
|turn|5
|
|switch|p2a: Jellicent|Jellicent, M, shiny|403/403
|move|p1a: Berrry|Wish|p1a: Berrry
|
|-heal|p1a: Berrry|290/404|[from] item: Leftovers
|turn|6
|chat|16kims1|ryan i respect u
|
|move|p1a: Berrry|U-turn|p2a: Jellicent
|-resisted|p2a: Jellicent
|-damage|p2a: Jellicent|371/403
|
|switch|p1a: Laundry Service|Rotom-Wash, shiny|304/304
|-damage|p1a: Laundry Service|266/304|[from] Stealth Rock
|move|p2a: Jellicent|Ice Beam|p1a: Laundry Service
|-resisted|p1a: Laundry Service
|-damage|p1a: Laundry Service|232/304
|
|-heal|p1a: Laundry Service|304/304|[from] move: Wish|[wisher] Berrry
|-heal|p2a: Jellicent|396/403|[from] item: Leftovers
|turn|7
|chat|16kims1|for that flamethrower is very original
|
|switch|p2a: Kyurem-Black|Kyurem-Black|391/391
|-ability|p2a: Kyurem-Black|Teravolt
|move|p1a: Laundry Service|Will-O-Wisp|p2a: Kyurem-Black|[miss]
|-miss|p1a: Laundry Service|p2a: Kyurem-Black
|
|turn|8
|
|move|p2a: Kyurem-Black|Dragon Claw|p1a: Laundry Service
|-damage|p1a: Laundry Service|132/304
|move|p1a: Laundry Service|Will-O-Wisp|p2a: Kyurem-Black|[miss]
|-miss|p1a: Laundry Service|p2a: Kyurem-Black
|
|turn|9
|chat|Ryan House|im glad to hear that
|chat|16kims1|np
|
|switch|p1a: Berrry|Jirachi|290/404
|-damage|p1a: Berrry|265/404|[from] Stealth Rock
|move|p2a: Kyurem-Black|Dragon Claw|p1a: Berrry
|-resisted|p1a: Berrry
|-damage|p1a: Berrry|171/404
|
|-heal|p1a: Berrry|196/404|[from] item: Leftovers
|turn|10
|chat|16kims1|i always praise original ideas
|chat|Ranior|Yeah, that flamethrower was nice
|
|switch|p2a: Hydreigon|Hydreigon, F|325/325
|move|p1a: Berrry|Wish|p1a: Berrry
|
|-heal|p1a: Berrry|221/404|[from] item: Leftovers
|turn|11
|chat|16kims1|i didnt know rotom wash could learn it though
|chat|Ranior|Niether did I :(
|chat|Ryan House|^^
|chat|16kims1|o wait no
|chat|16kims1|i know what that was
|
|move|p2a: Hydreigon|Dark Pulse|p1a: Berrry
|-damage|p1a: Berrry|85/404
|-damage|p2a: Hydreigon|293/325|[from] item: Life Orb
|cant|p1a: Berrry|flinch
|
|-heal|p1a: Berrry|287/404|[from] move: Wish|[wisher] Berrry
|-heal|p1a: Berrry|312/404|[from] item: Leftovers
|turn|12
|chat|16kims1|u got me there good for a second ryan
|chat|Ranior|Oh duh
|
|move|p2a: Hydreigon|Fire Blast|p1a: Berrry
|-supereffective|p1a: Berrry
|-damage|p1a: Berrry|34/404
|-damage|p2a: Hydreigon|261/325|[from] item: Life Orb
|move|p1a: Berrry|Wish|p1a: Berrry
|
|-heal|p1a: Berrry|59/404|[from] item: Leftovers
|turn|13
|
|switch|p1a: Khan|Landorus-Therian, M|280/319
|-damage|p1a: Khan|241/319|[from] Stealth Rock
|-ability|p1a: Khan|Intimidate|[of] p2a: Hydreigon
|-unboost|p2a: Hydreigon|atk|1
|move|p2a: Hydreigon|Dark Pulse|p1a: Khan
|-damage|p1a: Khan|0 fnt
|-damage|p2a: Hydreigon|229/325|[from] item: Life Orb
|faint|p1a: Khan
|
|chat|16kims1|o crap me and my big F***ing mouth
|chat|Ranior|Nah, I had just figured it out when I had just looked up Rotom W moveset
|
|switch|p1a: Laundry Service|Rotom-Wash, shiny|229/261
|-damage|p1a: Laundry Service|197/261|[from] Stealth Rock
|turn|14
|
|move|p1a: Laundry Service|U-turn|p2a: Hydreigon
|-supereffective|p2a: Hydreigon
|-damage|p2a: Hydreigon|105/325
|chat|16kims1|o ok
|
|switch|p1a: Berrry|Jirachi|59/404
|-damage|p1a: Berrry|34/404|[from] Stealth Rock
|move|p2a: Hydreigon|Dark Pulse|p1a: Berrry
|-damage|p1a: Berrry|0 fnt
|-damage|p2a: Hydreigon|73/325|[from] item: Life Orb
|faint|p1a: Berrry
|
|
|switch|p1a: Timothy Q.|Donphan, M|384/384
|-damage|p1a: Timothy Q.|360/384|[from] Stealth Rock
|turn|15
|chat|16kims1|i was like wait if heat form cant learn flamethrower how can that learn it?
|
|move|p1a: Timothy Q.|Ice Shard|p2a: Hydreigon
|-supereffective|p2a: Hydreigon
|-damage|p2a: Hydreigon|0 fnt
|faint|p2a: Hydreigon
|
|-heal|p1a: Timothy Q.|384/384|[from] item: Leftovers
|
|switch|p2a: Jellicent|Jellicent, M, shiny|396/403
|turn|16
|
|move|p2a: Jellicent|Shadow Ball|p1a: Timothy Q.
|-damage|p1a: Timothy Q.|269/384
|move|p1a: Timothy Q.|Stealth Rock|p2a: Jellicent
|-sidestart|p2: Ranior|move: Stealth Rock
|
|-heal|p2a: Jellicent|403/403|[from] item: Leftovers
|-heal|p1a: Timothy Q.|293/384|[from] item: Leftovers
|turn|17
|
|switch|p1a: Laundry Service|Rotom-Wash, shiny|132/304
|-damage|p1a: Laundry Service|94/304|[from] Stealth Rock
|move|p2a: Jellicent|Surf|p1a: Laundry Service
|-resisted|p1a: Laundry Service
|-damage|p1a: Laundry Service|39/304
|
|turn|18
|
|move|p1a: Laundry Service|Rest|p1a: Laundry Service
|-status|p1a: Laundry Service|slp
|-heal|p1a: Laundry Service|304/304 slp|[silent]
|-status|p1a: Laundry Service|slp|[from] move: Rest
|-enditem|p1a: Laundry Service|Chesto Berry|[eat]
|-curestatus|p1a: Laundry Service|slp
|move|p2a: Jellicent|Shadow Ball|p1a: Laundry Service
|-crit|p1a: Laundry Service
|-damage|p1a: Laundry Service|121/304
|-unboost|p1a: Laundry Service|spd|1
|
|turn|19
|
|move|p1a: Laundry Service|Volt Switch|p2a: Jellicent
|-supereffective|p2a: Jellicent
|-damage|p2a: Jellicent|227/403
|
|switch|p1a: Timothy Q.|Donphan, M|197/261
|-damage|p1a: Timothy Q.|165/261|[from] Stealth Rock
|move|p2a: Jellicent|Shadow Ball|p1a: Timothy Q.
|-resisted|p1a: Timothy Q.
|replace|p1a: Blues|Zoroark, M, shiny|165/261
|-damage|p1a: Blues|87/261
|
|-heal|p2a: Jellicent|252/403|[from] item: Leftovers
|turn|20
|
|switch|p2a: Terrakion|Terrakion|323/323
|-damage|p2a: Terrakion|303/323|[from] Stealth Rock
|move|p1a: Blues|Trick|p2a: Terrakion
|-activate|p1a: Blues|move: Trick|[of] p2a: Terrakion
|-item|p2a: Terrakion|Choice Scarf|[from] move: Trick
|-item|p1a: Blues|Focus Sash|[from] move: Trick
|
|turn|21
|
|switch|p1a: Timothy Q.|Donphan, M|293/384
|-damage|p1a: Timothy Q.|269/384|[from] Stealth Rock
|move|p2a: Terrakion|Stone Edge|p1a: Timothy Q.
|-resisted|p1a: Timothy Q.
|-damage|p1a: Timothy Q.|202/384
|
|-heal|p1a: Timothy Q.|226/384|[from] item: Leftovers
|turn|22
|
|switch|p2a: Latios|Latios, M|301/301
|-damage|p2a: Latios|264/301|[from] Stealth Rock
|move|p1a: Timothy Q.|Rapid Spin|p2a: Latios
|-damage|p2a: Latios|239/301
|-sideend|p1: Ryan House|Stealth Rock|[from] move: Rapid Spin|[of] p1a: Timothy Q.
|
|-heal|p1a: Timothy Q.|250/384|[from] item: Leftovers
|turn|23
|
|move|p1a: Timothy Q.|Ice Shard|p2a: Latios
|-supereffective|p2a: Latios
|-damage|p2a: Latios|151/301
|move|p2a: Latios|Draco Meteor|p1a: Timothy Q.
|-damage|p1a: Timothy Q.|0 fnt
|-unboost|p2a: Latios|spa|2
|faint|p1a: Timothy Q.
|
|
|switch|p1a: Unchained|Gengar, M|262/262
|turn|24
|
|move|p1a: Unchained|Shadow Ball|p2a: Latios
|-supereffective|p2a: Latios
|-damage|p2a: Latios|0 fnt
|faint|p2a: Latios
|
|
|switch|p2a: Terrakion|Terrakion|303/323
|-damage|p2a: Terrakion|283/323|[from] Stealth Rock
|turn|25
|
|move|p2a: Terrakion|Stone Edge|p1a: Unchained
|-damage|p1a: Unchained|4/262
|move|p1a: Unchained|Counter|p2a: Terrakion
|-damage|p2a: Terrakion|0 fnt
|faint|p2a: Terrakion
|
|
|switch|p2a: Kyurem-Black|Kyurem-Black|391/391
|-damage|p2a: Kyurem-Black|294/391|[from] Stealth Rock
|-ability|p2a: Kyurem-Black|Teravolt
|turn|26
|
|move|p2a: Kyurem-Black|Outrage|p1a: Unchained
|-damage|p1a: Unchained|0 fnt
|faint|p1a: Unchained
|
|
|switch|p1a: Blues|Zoroark, M, shiny|87/261
|turn|27
|
|move|p2a: Kyurem-Black|Outrage|p1a: Blues
|-damage|p1a: Blues|0 fnt
|faint|p1a: Blues
|
|
|switch|p1a: Laundry Service|Rotom-Wash, shiny|121/304
|turn|28
|
|move|p2a: Kyurem-Black|Outrage|p1a: Laundry Service
|-damage|p1a: Laundry Service|0 fnt
|faint|p1a: Laundry Service
|
|win|Ranior
|raw|Ladder updating...
|raw|Ryan House's rating: 1360 &rarr; <strong>1338</strong><br />(-22 for losing)
|raw|Ranior's rating: 1330 &rarr; <strong>1351</strong><br />(+21 for winning)
|chat|Ranior|Good game
|chat|Ryan House|gg