|j|☆Arsenic is Good
|j|☆leoperi99
|t:|1702230563
|gametype|singles
|player|p1|Arsenic is Good|ghetsis|1378
|player|p2|leoperi99|erika-masters|1442
|teamsize|p1|6
|teamsize|p2|6
|gen|5
|tier|[Gen 5] OU
|rated|
|rule|Species Clause: Limit one of each Pokémon
|rule|OHKO Clause: OHKO moves are banned
|rule|Moody Clause: Moody is banned
|rule|Evasion Items Clause: Evasion items are banned
|rule|Evasion Moves Clause: Evasion moves are banned
|rule|Endless Battle Clause: Forcing endless battles is banned
|rule|HP Percentage Mod: HP is shown in percentages
|rule|Evasion Abilities Clause: Evasion abilities are banned
|rule|Sleep Moves Clause: Sleep-inducing moves are banned
|rule|Swagger Clause: Swagger is banned
|rule|Baton Pass Stat Clause: No Baton Passer may have a way to boost its stats
|clearpoke
|poke|p1|Tyranitar, F|item
|poke|p1|Gliscor, M|item
|poke|p1|Heatran, M|item
|poke|p1|Excadrill, F|item
|poke|p1|Ferrothorn, F|item
|poke|p1|Latios, M|item
|poke|p2|Hippowdon, M|item
|poke|p2|Clefable, M|item
|poke|p2|Bronzong|item
|poke|p2|Skarmory, M|item
|poke|p2|Latias, F|item
|poke|p2|Latios, M|item
|teampreview
|c|☆Arsenic is Good|glhf
|c|☆leoperi99|u2
|
|t:|1702230598
|start
|switch|p1a: Gliscor|Gliscor, M|100/100
|switch|p2a: Hippowdon|Hippowdon, M, shiny|100/100
|-weather|Sandstorm|[from] ability: Sand Stream|[of] p2a: Hippowdon
|turn|1
|
|t:|1702230604
|move|p1a: Gliscor|Toxic|p2a: Hippowdon
|-status|p2a: Hippowdon|tox
|move|p2a: Hippowdon|Stealth Rock|p1a: Gliscor
|-sidestart|p1: Arsenic is Good|move: Stealth Rock
|
|-weather|Sandstorm|[upkeep]
|-damage|p2a: Hippowdon|94/100 tox|[from] psn
|-status|p1a: Gliscor|tox|[from] item: Toxic Orb
|upkeep
|turn|2
|
|t:|1702230615
|switch|p2a: Bronzong|Bronzong, shiny|100/100
|move|p1a: Gliscor|Substitute|p1a: Gliscor
|-start|p1a: Gliscor|Substitute
|-damage|p1a: Gliscor|76/100 tox
|
|-weather|Sandstorm|[upkeep]
|-heal|p1a: Gliscor|88/100 tox|[from] ability: Poison Heal
|upkeep
|turn|3
|
|t:|1702230621
|move|p1a: Gliscor|Earthquake|p2a: Bronzong
|-immune|p2a: Bronzong|[from] ability: Levitate
|move|p2a: Bronzong|Skill Swap|p1a: Gliscor
|-activate|p2a: Bronzong|move: Skill Swap|Poison Heal|Levitate|[of] p1a: Gliscor
|-endability|p2a: Bronzong|Levitate|[from] move: Skill Swap
|-endability|p1a: Gliscor|Poison Heal|[from] move: Skill Swap
|
|-weather|Sandstorm|[upkeep]
|-damage|p1a: Gliscor|76/100 tox|[from] psn
|upkeep
|turn|4
|c|☆leoperi99|sure
|
|t:|1702230631
|move|p2a: Bronzong|Protect|p2a: Bronzong
|-singleturn|p2a: Bronzong|Protect
|move|p1a: Gliscor|Earthquake|p2a: Bronzong
|-activate|p2a: Bronzong|move: Protect
|
|-weather|Sandstorm|[upkeep]
|-damage|p1a: Gliscor|57/100 tox|[from] psn
|upkeep
|turn|5
|
|t:|1702230640
|switch|p1a: Ferrothorn|Ferrothorn, F|100/100
|-damage|p1a: Ferrothorn|94/100|[from] Stealth Rock
|switch|p2a: Skarmory|Skarmory, M, shiny|100/100
|
|-weather|Sandstorm|[upkeep]
|-heal|p1a: Ferrothorn|100/100|[from] item: Leftovers
|upkeep
|turn|6
|
|t:|1702230644
|move|p2a: Skarmory|Spikes|p1a: Ferrothorn
|-sidestart|p1: Arsenic is Good|Spikes
|move|p1a: Ferrothorn|Leech Seed|p2a: Skarmory
|-start|p2a: Skarmory|move: Leech Seed
|
|-weather|Sandstorm|[upkeep]
|-damage|p2a: Skarmory|88/100|[from] Leech Seed|[of] p1a: Ferrothorn
|upkeep
|turn|7
|
|t:|1702230648
|switch|p2a: Clefable|Clefable, M, shiny|100/100
|move|p1a: Ferrothorn|Spikes|p2a: Clefable
|-sidestart|p2: leoperi99|Spikes
|
|-weather|Sandstorm|[upkeep]
|upkeep
|turn|8
|
|t:|1702230652
|move|p2a: Clefable|Knock Off|p1a: Ferrothorn
|-resisted|p1a: Ferrothorn
|-damage|p1a: Ferrothorn|99/100
|-enditem|p1a: Ferrothorn|Leftovers|[from] move: Knock Off|[of] p2a: Clefable
|move|p1a: Ferrothorn|Spikes|p2a: Clefable
|-sidestart|p2: leoperi99|Spikes
|
|-weather|Sandstorm|[upkeep]
|upkeep
|turn|9
|
|t:|1702230654
|move|p2a: Clefable|Thunder Wave|p1a: Ferrothorn
|-status|p1a: Ferrothorn|par
|cant|p1a: Ferrothorn|par
|
|-weather|Sandstorm|[upkeep]
|upkeep
|turn|10
|
|t:|1702230657
|switch|p2a: Skarmory|Skarmory, M, shiny|88/100
|cant|p1a: Ferrothorn|par
|
|-weather|Sandstorm|[upkeep]
|upkeep
|turn|11
|
|t:|1702230660
|move|p2a: Skarmory|Spikes|p1a: Ferrothorn
|-sidestart|p1: Arsenic is Good|Spikes
|cant|p1a: Ferrothorn|par
|
|-weather|Sandstorm|[upkeep]
|upkeep
|turn|12
|
|t:|1702230662
|move|p2a: Skarmory|Spikes|p1a: Ferrothorn
|-sidestart|p1: Arsenic is Good|Spikes
|move|p1a: Ferrothorn|Spikes|p2a: Skarmory
|-sidestart|p2: leoperi99|Spikes
|
|-weather|Sandstorm|[upkeep]
|upkeep
|turn|13
|
|t:|1702230665
|switch|p1a: Heatran|Heatran, M|100/100
|-damage|p1a: Heatran|88/100|[from] Stealth Rock
|-damage|p1a: Heatran|63/100|[from] Spikes
|move|p2a: Skarmory|Whirlwind|p1a: Heatran
|drag|p1a: Tyranitar|Tyranitar, F|100/100
|-damage|p1a: Tyranitar|88/100|[from] Stealth Rock
|-damage|p1a: Tyranitar|63/100|[from] Spikes
|
|-weather|Sandstorm|[upkeep]
|upkeep
|turn|14
|
|t:|1702230678
|switch|p1a: Latios|Latios, M|100/100
|-damage|p1a: Latios|88/100|[from] Stealth Rock
|move|p2a: Skarmory|Whirlwind|p1a: Latios
|drag|p1a: Heatran|Heatran, M|63/100
|-damage|p1a: Heatran|51/100|[from] Stealth Rock
|-damage|p1a: Heatran|26/100|[from] Spikes
|
|-weather|Sandstorm|[upkeep]
|-heal|p1a: Heatran|32/100|[from] item: Leftovers
|upkeep
|turn|15
|
|t:|1702230685
|switch|p2a: Latios|Latios, M, shiny|100/100
|move|p1a: Heatran|Stealth Rock|p2a: Latios
|-sidestart|p2: leoperi99|move: Stealth Rock
|
|-weather|Sandstorm|[upkeep]
|-damage|p2a: Latios|95/100|[from] Sandstorm
|-heal|p1a: Heatran|38/100|[from] item: Leftovers
|upkeep
|turn|16
|
|t:|1702230693
|move|p1a: Heatran|Protect|p1a: Heatran
|-singleturn|p1a: Heatran|Protect
|move|p2a: Latios|Surf|p1a: Heatran
|-activate|p1a: Heatran|move: Protect
|
|-weather|Sandstorm|[upkeep]
|-damage|p2a: Latios|89/100|[from] Sandstorm
|-heal|p1a: Heatran|45/100|[from] item: Leftovers
|upkeep
|turn|17
|
|t:|1702230709
|switch|p1a: Ferrothorn|Ferrothorn, F|99/100 par
|-damage|p1a: Ferrothorn|93/100 par|[from] Stealth Rock
|-damage|p1a: Ferrothorn|68/100 par|[from] Spikes
|move|p2a: Latios|Surf|p1a: Ferrothorn
|-resisted|p1a: Ferrothorn
|-damage|p1a: Ferrothorn|57/100 par
|
|-weather|Sandstorm|[upkeep]
|-damage|p2a: Latios|83/100|[from] Sandstorm
|upkeep
|turn|18
|
|t:|1702230713
|move|p2a: Latios|Hidden Power|p1a: Ferrothorn
|-supereffective|p1a: Ferrothorn
|-damage|p1a: Ferrothorn|0 fnt
|faint|p1a: Ferrothorn
|
|-weather|Sandstorm|[upkeep]
|-damage|p2a: Latios|77/100|[from] Sandstorm
|upkeep
|
|t:|1702230717
|switch|p1a: Tyranitar|Tyranitar, F|63/100
|-damage|p1a: Tyranitar|51/100|[from] Stealth Rock
|-damage|p1a: Tyranitar|26/100|[from] Spikes
|turn|19
|
|t:|1702230724
|move|p2a: Latios|Surf|p1a: Tyranitar
|-supereffective|p1a: Tyranitar
|-damage|p1a: Tyranitar|0 fnt
|faint|p1a: Tyranitar
|
|-weather|Sandstorm|[upkeep]
|-damage|p2a: Latios|71/100|[from] Sandstorm
|upkeep
|
|t:|1702230727
|switch|p1a: Excadrill|Excadrill, F|100/100
|-damage|p1a: Excadrill|97/100|[from] Stealth Rock
|-damage|p1a: Excadrill|73/100|[from] Spikes
|turn|20
|
|t:|1702230731
|move|p1a: Excadrill|Iron Head|p2a: Latios
|-damage|p2a: Latios|0 fnt
|faint|p2a: Latios
|
|-weather|Sandstorm|[upkeep]
|upkeep
|
|t:|1702230738
|switch|p2a: Bronzong|Bronzong, shiny|100/100
|-damage|p2a: Bronzong|94/100|[from] Stealth Rock
|turn|21
|
|t:|1702230752
|switch|p1a: Heatran|Heatran, M|45/100
|-damage|p1a: Heatran|32/100|[from] Stealth Rock
|-damage|p1a: Heatran|7/100|[from] Spikes
|move|p2a: Bronzong|Skill Swap|p1a: Heatran
|-activate|p2a: Bronzong|move: Skill Swap|Flash Fire|Levitate|[of] p1a: Heatran
|-endability|p2a: Bronzong|Levitate|[from] move: Skill Swap
|-endability|p1a: Heatran|Flash Fire|[from] move: Skill Swap
|
|-weather|Sandstorm|[upkeep]
|-heal|p1a: Heatran|13/100|[from] item: Leftovers
|-heal|p2a: Bronzong|100/100|[from] item: Leftovers
|upkeep
|turn|22
|j| Ichigo gamerx
|
|t:|1702230772
|move|p1a: Heatran|Lava Plume|p2a: Bronzong
|-start|p2a: Bronzong|ability: Flash Fire
|move|p2a: Bronzong|Hidden Power|p1a: Heatran
|-damage|p1a: Heatran|2/100
|
|-weather|Sandstorm|[upkeep]
|-heal|p1a: Heatran|8/100|[from] item: Leftovers
|upkeep
|turn|23
|
|t:|1702230788
|move|p1a: Heatran|Protect|p1a: Heatran
|-singleturn|p1a: Heatran|Protect
|move|p2a: Bronzong|Hidden Power|p1a: Heatran
|-activate|p1a: Heatran|move: Protect
|
|-weather|Sandstorm|[upkeep]
|-heal|p1a: Heatran|14/100|[from] item: Leftovers
|upkeep
|turn|24
|l| Ichigo gamerx
|
|t:|1702230795
|switch|p1a: Gliscor|Gliscor, M|57/100 tox
|-damage|p1a: Gliscor|45/100 tox|[from] Stealth Rock
|move|p2a: Bronzong|Hidden Power|p1a: Gliscor
|-damage|p1a: Gliscor|22/100 tox
|
|-weather|Sandstorm|[upkeep]
|-heal|p1a: Gliscor|34/100 tox|[from] ability: Poison Heal
|upkeep
|turn|25
|
|t:|1702230799
|move|p1a: Gliscor|Earthquake|p2a: Bronzong
|-supereffective|p2a: Bronzong
|-damage|p2a: Bronzong|47/100
|move|p2a: Bronzong|Skill Swap|p1a: Gliscor
|-activate|p2a: Bronzong|move: Skill Swap|Poison Heal|Flash Fire|[of] p1a: Gliscor
|-end|p2a: Bronzong|ability: Flash Fire|[silent]
|-endability|p2a: Bronzong|Flash Fire|[from] move: Skill Swap
|-endability|p1a: Gliscor|Poison Heal|[from] move: Skill Swap
|
|-weather|Sandstorm|[upkeep]
|-heal|p2a: Bronzong|53/100|[from] item: Leftovers
|-damage|p1a: Gliscor|22/100 tox|[from] psn
|upkeep
|turn|26
|
|t:|1702230805
|switch|p1a: Excadrill|Excadrill, F|73/100
|-damage|p1a: Excadrill|69/100|[from] Stealth Rock
|-damage|p1a: Excadrill|45/100|[from] Spikes
|move|p2a: Bronzong|Protect||[still]
|-fail|p2a: Bronzong
|
|-weather|Sandstorm|[upkeep]
|-heal|p2a: Bronzong|60/100|[from] item: Leftovers
|upkeep
|turn|27
|
|t:|1702230811
|switch|p2a: Skarmory|Skarmory, M, shiny|88/100
|-damage|p2a: Skarmory|76/100|[from] Stealth Rock
|move|p1a: Excadrill|Rapid Spin|p2a: Skarmory
|-resisted|p2a: Skarmory
|-damage|p2a: Skarmory|74/100
|-damage|p1a: Excadrill|28/100|[from] item: Rocky Helmet|[of] p2a: Skarmory
|-sideend|p1: Arsenic is Good|Spikes|[from] move: Rapid Spin|[of] p1a: Excadrill
|-sideend|p1: Arsenic is Good|Stealth Rock|[from] move: Rapid Spin|[of] p1a: Excadrill
|
|-weather|Sandstorm|[upkeep]
|upkeep
|turn|28
|
|t:|1702230816
|switch|p1a: Heatran|Heatran, M|14/100
|move|p2a: Skarmory|Spikes|p1a: Heatran
|-sidestart|p1: Arsenic is Good|Spikes
|
|-weather|Sandstorm|[upkeep]
|-heal|p1a: Heatran|21/100|[from] item: Leftovers
|upkeep
|turn|29
|
|t:|1702230821
|switch|p2a: Clefable|Clefable, M, shiny|100/100
|move|p1a: Heatran|Lava Plume|p2a: Clefable
|-damage|p2a: Clefable|75/100
|
|-weather|Sandstorm|[upkeep]
|-heal|p1a: Heatran|27/100|[from] item: Leftovers
|-heal|p2a: Clefable|81/100|[from] item: Leftovers
|upkeep
|turn|30
|
|t:|1702230833
|switch|p1a: Excadrill|Excadrill, F|28/100
|-damage|p1a: Excadrill|15/100|[from] Spikes
|move|p2a: Clefable|Seismic Toss|p1a: Excadrill
|-damage|p1a: Excadrill|0 fnt
|faint|p1a: Excadrill
|
|-weather|Sandstorm|[upkeep]
|-heal|p2a: Clefable|87/100|[from] item: Leftovers
|upkeep
|
|t:|1702230841
|switch|p1a: Latios|Latios, M|88/100
|turn|31
|
|t:|1702230853
|move|p1a: Latios|Psychic|p2a: Clefable
|-crit|p2a: Clefable
|-damage|p2a: Clefable|21/100
|move|p2a: Clefable|Thunder Wave|p1a: Latios
|-status|p1a: Latios|par
|
|-weather|Sandstorm|[upkeep]
|-damage|p1a: Latios|82/100 par|[from] Sandstorm
|-heal|p2a: Clefable|27/100|[from] item: Leftovers
|-heal|p1a: Latios|88/100 par|[from] item: Leftovers
|upkeep
|turn|32
|
|t:|1702230884
|move|p2a: Clefable|Soft-Boiled|p2a: Clefable
|-heal|p2a: Clefable|77/100
|move|p1a: Latios|Psychic|p2a: Clefable
|-damage|p2a: Clefable|47/100
|
|-weather|Sandstorm|[upkeep]
|-damage|p1a: Latios|82/100 par|[from] Sandstorm
|-heal|p2a: Clefable|54/100|[from] item: Leftovers
|-heal|p1a: Latios|88/100 par|[from] item: Leftovers
|upkeep
|turn|33
|
|t:|1702230892
|move|p2a: Clefable|Knock Off|p1a: Latios
|-supereffective|p1a: Latios
|-damage|p1a: Latios|78/100 par
|-enditem|p1a: Latios|Leftovers|[from] move: Knock Off|[of] p2a: Clefable
|move|p1a: Latios|Draco Meteor|p2a: Clefable
|-damage|p2a: Clefable|8/100
|-unboost|p1a: Latios|spa|2
|
|-weather|Sandstorm|[upkeep]
|-damage|p1a: Latios|72/100 par|[from] Sandstorm
|-heal|p2a: Clefable|14/100|[from] item: Leftovers
|upkeep
|turn|34
|
|t:|1702230902
|switch|p1a: Gliscor|Gliscor, M|22/100 tox
|move|p2a: Clefable|Soft-Boiled|p2a: Clefable
|-heal|p2a: Clefable|64/100
|
|-weather|Sandstorm|[upkeep]
|-heal|p2a: Clefable|71/100|[from] item: Leftovers
|-heal|p1a: Gliscor|34/100 tox|[from] ability: Poison Heal
|upkeep
|turn|35
|
|t:|1702230906
|switch|p2a: Skarmory|Skarmory, M, shiny|74/100
|-damage|p2a: Skarmory|61/100|[from] Stealth Rock
|move|p1a: Gliscor|Protect||[still]
|-fail|p1a: Gliscor
|
|-weather|Sandstorm|[upkeep]
|-heal|p1a: Gliscor|47/100 tox|[from] ability: Poison Heal
|upkeep
|turn|36
|
|t:|1702230909
|switch|p1a: Heatran|Heatran, M|27/100
|-damage|p1a: Heatran|14/100|[from] Spikes
|move|p2a: Skarmory|Spikes|p1a: Heatran
|-sidestart|p1: Arsenic is Good|Spikes
|
|-weather|Sandstorm|[upkeep]
|-heal|p1a: Heatran|21/100|[from] item: Leftovers
|upkeep
|turn|37
|-message|Arsenic is Good forfeited.
|
|win|leoperi99
|raw|Arsenic is Good's rating: 1378 &rarr; <strong>1362</strong><br />(-16 for losing)
|raw|leoperi99's rating: 1442 &rarr; <strong>1458</strong><br />(+16 for winning)
|l|☆Arsenic is Good
