|j|☆Crimsonbacon38
|j|☆123AZOD123
|t:|1740681074
|gametype|singles
|player|p1|Crimsonbacon38|barry|1441
|player|p2|123AZOD123|1|1437
|teamsize|p1|6
|teamsize|p2|6
|gen|5
|tier|[Gen 5] OU
|rated|
|rule|Species Clause: Limit one of each Pokémon
|rule|OHKO Clause: OHKO moves are banned
|rule|Moody Clause: Moody is banned
|rule|Evasion Items Clause: Evasion items are banned
|rule|Evasion Moves Clause: Evasion moves are banned
|rule|Endless Battle Clause: Forcing endless battles is banned
|rule|HP Percentage Mod: HP is shown in percentages
|rule|Evasion Abilities Clause: Evasion abilities are banned
|rule|Sleep Moves Clause: Sleep-inducing moves are banned
|rule|Swagger Clause: Swagger is banned
|rule|Baton Pass Stat Clause: No Baton Passer may have a way to boost its stats
|clearpoke
|poke|p1|Starmie|item
|poke|p1|Tyranitar, F|item
|poke|p1|Ferrothorn, M|item
|poke|p1|Alakazam, M|item
|poke|p1|Landorus-Therian, M|item
|poke|p1|Scizor, M|item
|poke|p2|Magnezone|item
|poke|p2|Jirachi|item
|poke|p2|Kyurem-Black|item
|poke|p2|Latios, M|item
|poke|p2|Garchomp, M|item
|poke|p2|Dragonite, M|item
|teampreview
|
|t:|1740681102
|start
|switch|p1a: Scizor|Scizor, M|100/100
|switch|p2a: Jirachi|Jirachi|100/100
|turn|1
|
|t:|1740681106
|move|p1a: Scizor|U-turn|p2a: Jirachi
|-damage|p2a: Jirachi|49/100
|
|t:|1740681112
|switch|p1a: Ferrothorn|Ferrothorn, M|100/100|[from] U-turn
|move|p2a: Jirachi|U-turn|p1a: Ferrothorn
|-damage|p1a: Ferrothorn|89/100
|-damage|p2a: Jirachi|37/100|[from] ability: Iron Barbs|[of] p1a: Ferrothorn
|
|t:|1740681115
|switch|p2a: Magnezone|Magnezone|100/100|[from] U-turn
|-item|p2a: Magnezone|Air Balloon
|
|upkeep
|turn|2
|
|t:|1740681122
|move|p2a: Magnezone|Hidden Power|p1a: Ferrothorn
|-supereffective|p1a: Ferrothorn
|-damage|p1a: Ferrothorn|0 fnt
|faint|p1a: Ferrothorn
|
|upkeep
|
|t:|1740681128
|switch|p1a: Landorus|Landorus-Therian, M|100/100
|-ability|p1a: Landorus|Intimidate|boost
|-unboost|p2a: Magnezone|atk|1
|turn|3
|
|t:|1740681137
|move|p1a: Landorus|Stealth Rock|p2a: Magnezone
|-sidestart|p2: 123AZOD123|move: Stealth Rock
|move|p2a: Magnezone|Hidden Power|p1a: Landorus
|-damage|p1a: Landorus|70/100
|
|-heal|p1a: Landorus|76/100|[from] item: Leftovers
|upkeep
|turn|4
|
|t:|1740681148
|move|p1a: Landorus|Hidden Power|p2a: Magnezone
|-resisted|p2a: Magnezone
|-damage|p2a: Magnezone|89/100
|-enditem|p2a: Magnezone|Air Balloon
|move|p2a: Magnezone|Hidden Power|p1a: Landorus
|-damage|p1a: Landorus|43/100
|
|-heal|p1a: Landorus|49/100|[from] item: Leftovers
|upkeep
|turn|5
|
|t:|1740681152
|move|p1a: Landorus|Earthquake|p2a: Magnezone
|-supereffective|p2a: Magnezone
|-damage|p2a: Magnezone|0 fnt
|faint|p2a: Magnezone
|
|-heal|p1a: Landorus|55/100|[from] item: Leftovers
|upkeep
|
|t:|1740681179
|switch|p2a: Kyurem|Kyurem-Black|100/100
|-damage|p2a: Kyurem|76/100|[from] Stealth Rock
|-ability|p2a: Kyurem|Teravolt
|turn|6
|
|t:|1740681191
|move|p1a: Landorus|Earthquake|p2a: Kyurem
|-damage|p2a: Kyurem|34/100
|move|p2a: Kyurem|Dragon Claw|p1a: Landorus
|-damage|p1a: Landorus|0 fnt
|faint|p1a: Landorus
|
|upkeep
|
|t:|1740681201
|switch|p1a: Scizor|Scizor, M|100/100
|turn|7
|
|t:|1740681206
|move|p2a: Kyurem|Dragon Claw|p1a: Scizor
|-resisted|p1a: Scizor
|-damage|p1a: Scizor|52/100
|move|p1a: Scizor|U-turn|p2a: Kyurem
|-crit|p2a: Kyurem
|-damage|p2a: Kyurem|0 fnt
|faint|p2a: Kyurem
|
|t:|1740681216
|switch|p1a: Starmie|Starmie|100/100|[from] U-turn
|-item|p1a: Starmie|Air Balloon
|
|upkeep
|
|t:|1740681236
|switch|p2a: Latios|Latios, M|100/100
|-damage|p2a: Latios|88/100|[from] Stealth Rock
|turn|8
|
|t:|1740681240
|switch|p1a: Tyranitar|Tyranitar, F|100/100
|-weather|Sandstorm|[from] ability: Sand Stream|[of] p1a: Tyranitar
|move|p2a: Latios|Dragon Pulse|p1a: Tyranitar
|-damage|p1a: Tyranitar|70/100
|
|-weather|Sandstorm|[upkeep]
|-damage|p2a: Latios|82/100|[from] Sandstorm
|upkeep
|turn|9
|
|t:|1740681247
|move|p2a: Latios|Dragon Pulse|p1a: Tyranitar
|-damage|p1a: Tyranitar|40/100
|move|p1a: Tyranitar|Pursuit|p2a: Latios
|-supereffective|p2a: Latios
|-damage|p2a: Latios|24/100
|
|-weather|Sandstorm|[upkeep]
|-damage|p2a: Latios|18/100|[from] Sandstorm
|upkeep
|turn|10
|
|t:|1740681251
|move|p2a: Latios|Dragon Pulse|p1a: Tyranitar
|-damage|p1a: Tyranitar|7/100
|move|p1a: Tyranitar|Pursuit|p2a: Latios
|-supereffective|p2a: Latios
|-damage|p2a: Latios|0 fnt
|faint|p2a: Latios
|
|-weather|Sandstorm|[upkeep]
|upkeep
|
|t:|1740681256
|switch|p2a: Jirachi|Jirachi|37/100
|-damage|p2a: Jirachi|31/100|[from] Stealth Rock
|turn|11
|
|t:|1740681263
|move|p1a: Tyranitar|Pursuit|p2a: Jirachi
|-damage|p2a: Jirachi|13/100
|move|p2a: Jirachi|U-turn|p1a: Tyranitar
|-supereffective|p1a: Tyranitar
|-damage|p1a: Tyranitar|0 fnt
|faint|p1a: Tyranitar
|
|t:|1740681268
|switch|p2a: Garchomp|Garchomp, M|100/100|[from] U-turn
|-damage|p2a: Garchomp|94/100|[from] Stealth Rock
|
|-weather|Sandstorm|[upkeep]
|upkeep
|l|☆Crimsonbacon38
|player|p1|
|j|☆Crimsonbacon38
|player|p1|Crimsonbacon38|barry|
|
|t:|1740681281
|switch|p1a: Starmie|Starmie|100/100
|-item|p1a: Starmie|Air Balloon
|turn|12
|
|t:|1740681286
|switch|p2a: Jirachi|Jirachi|13/100
|-damage|p2a: Jirachi|7/100|[from] Stealth Rock
|move|p1a: Starmie|Ice Beam|p2a: Jirachi
|-resisted|p2a: Jirachi
|-damage|p2a: Jirachi|0 fnt
|faint|p2a: Jirachi
|
|-weather|Sandstorm|[upkeep]
|-damage|p1a: Starmie|94/100|[from] Sandstorm
|upkeep
|
|t:|1740681293
|switch|p2a: Dragonite|Dragonite, M|100/100
|-damage|p2a: Dragonite|75/100|[from] Stealth Rock
|turn|13
|
|t:|1740681295
|move|p2a: Dragonite|Extreme Speed|p1a: Starmie
|-damage|p1a: Starmie|19/100
|-enditem|p1a: Starmie|Air Balloon
|move|p1a: Starmie|Ice Beam|p2a: Dragonite
|-supereffective|p2a: Dragonite
|-damage|p2a: Dragonite|0 fnt
|faint|p2a: Dragonite
|
|-weather|Sandstorm|[upkeep]
|-damage|p1a: Starmie|13/100|[from] Sandstorm
|upkeep
|
|t:|1740681301
|switch|p2a: Garchomp|Garchomp, M|94/100
|-damage|p2a: Garchomp|88/100|[from] Stealth Rock
|turn|14
|
|t:|1740681306
|move|p2a: Garchomp|Dual Chop|p1a: Starmie
|-damage|p1a: Starmie|0 fnt
|faint|p1a: Starmie
|-hitcount|p1: Starmie|1
|
|-weather|Sandstorm|[upkeep]
|upkeep
|
|t:|1740681313
|switch|p1a: Alakazam|Alakazam, M|100/100
|turn|15
|
|t:|1740681316
|move|p2a: Garchomp|Dual Chop|p1a: Alakazam
|-damage|p1a: Alakazam|48/100
|-damage|p1a: Alakazam|0 fnt
|faint|p1a: Alakazam
|-hitcount|p1: Alakazam|2
|
|-weather|Sandstorm|[upkeep]
|upkeep
|
|t:|1740681319
|switch|p1a: Scizor|Scizor, M|52/100
|turn|16
|
|t:|1740681322
|move|p1a: Scizor|Bullet Punch|p2a: Garchomp
|-damage|p2a: Garchomp|34/100
|-damage|p1a: Scizor|40/100|[from] ability: Rough Skin|[of] p2a: Garchomp
|move|p2a: Garchomp|Dual Chop|p1a: Scizor
|-resisted|p1a: Scizor
|-damage|p1a: Scizor|27/100
|-resisted|p1a: Scizor
|-damage|p1a: Scizor|14/100
|-hitcount|p1a: Scizor|2
|
|-weather|Sandstorm|[upkeep]
|upkeep
|turn|17
|
|t:|1740681329
|move|p1a: Scizor|Bullet Punch|p2a: Garchomp
|-damage|p2a: Garchomp|0 fnt
|-damage|p1a: Scizor|1/100|[from] ability: Rough Skin|[of] p2a: Garchomp
|faint|p2a: Garchomp
|
|win|Crimsonbacon38
|raw|Crimsonbacon38's rating: 1441 &rarr; <strong>1461</strong><br />(+20 for winning)
|raw|123AZOD123's rating: 1437 &rarr; <strong>1417</strong><br />(-20 for losing)
|c|☆Crimsonbacon38|gg
|l|☆123AZOD123
|player|p2|
