|join|Figufgyu
|join|ad kassadin
|player|p1|Figufgyu|101
|player|p2|ad kassadin|101
|gametype|singles
|gen|5
|tier|[Gen 5] OU
|rated
|rule|Evasion Abilities Clause: Evasion abilities are banned
|clearpoke
|poke|p1|Politoed, F
|poke|p1|Ferrothorn, M
|poke|p1|Toxicroak, M
|poke|p1|Jellicent, F
|poke|p1|Breloom, F
|poke|p1|Dragonite, M
|poke|p2|Celebi
|poke|p2|Heatran, F
|poke|p2|Skarmory, F
|poke|p2|Jirachi
|poke|p2|Gastrodon, M
|poke|p2|Tyranitar, M
|rule|Sleep Clause Mod: Limit one foe put to sleep
|rule|Species Clause: Limit one of each Pokemon
|rule|OHKO Clause: OHKO moves are banned
|rule|Moody Clause: Moody is banned
|rule|Evasion Moves Clause: Evasion moves are banned
|rule|Endless Battle Clause: Forcing endless battles is banned.
|rule|HP Percentage Mod: HP is reported as percentages
|teampreview
|join|Sound of Freedom
|chat|Sound of Freedom|how much?
|
|start
|switch|p1a: Politoed|Politoed, F|321/321
|switch|p2a: Celebi|Celebi|400/400
|-weather|RainDance|[from] ability: Drizzle|[of] p1a: Politoed
|turn|1
|chat|Sound of Freedom|i'm 1397 in ou
|chat|Figufgyu|1452
|chat|Sound of Freedom|stall is hard
|
|switch|p1a: Ferrothorn|Ferrothorn, M|352/352
|move|p2a: Celebi|Baton Pass|p2a: Celebi
|
|switch|p2a: Heatran|Heatran, F|323/323
|-item|p2a: Heatran|Air Balloon
|
|-weather|RainDance|[upkeep]
|turn|2
|
|switch|p1a: Politoed|Politoed, F|321/321
|move|p2a: Heatran|Lava Plume|p1a: Politoed
|-resisted|p1a: Politoed
|-damage|p1a: Politoed|283/321
|-status|p1a: Politoed|brn
|
|-weather|RainDance|[upkeep]
|-damage|p1a: Politoed|243/321 brn|[from] brn
|turn|3
|chat|Sound of Freedom|people gotta run hp fire on celebi
|chat|Figufgyu|shh
|
|switch|p1a: Breloom|Breloom, F|262/262
|move|p2a: Heatran|Earth Power|p1a: Breloom
|-resisted|p1a: Breloom
|-damage|p1a: Breloom|188/262
|
|-weather|RainDance|[upkeep]
|turn|4
|
|move|p2a: Heatran|Hidden Power|p1a: Breloom
|-supereffective|p1a: Breloom
|-damage|p1a: Breloom|0 fnt
|faint|p1a: Breloom
|
|-weather|RainDance|[upkeep]
|chat|Sound of Freedom|i'm trying to make you think that it doesn't have hp fire so that it can suprise you
|
|switch|p1a: Politoed|Politoed, F|243/321 brn
|turn|5
|
|switch|p2a: Gastrodon|Gastrodon, M|426/426
|move|p1a: Politoed|Hydro Pump|p2a: Gastrodon
|-boost|p2a: Gastrodon|spa|1|[from] ability: Storm Drain
|
|-weather|RainDance|[upkeep]
|-damage|p1a: Politoed|203/321 brn|[from] brn
|turn|6
|chat|Figufgyu|fuck 
|chat|Figufgyu|overpredicted
|
|switch|p1a: Ferrothorn|Ferrothorn, M|352/352
|switch|p2a: Tyranitar|Tyranitar, M|404/404
|-weather|Sandstorm|[from] ability: Sand Stream|[of] p2a: Tyranitar
|
|-weather|Sandstorm|[upkeep]
|turn|7
|
|move|p2a: Tyranitar|Stealth Rock|p1a: Ferrothorn
|-sidestart|p1: Figufgyu|move: Stealth Rock
|move|p1a: Ferrothorn|Power Whip|p2a: Tyranitar|[miss]
|-miss|p1a: Ferrothorn|p2a: Tyranitar
|
|-weather|Sandstorm|[upkeep]
|turn|8
|chat|Figufgyu|UGH
|
|switch|p2a: Celebi|Celebi|400/400
|move|p1a: Ferrothorn|Stealth Rock|p2a: Celebi
|-sidestart|p2: ad kassadin|move: Stealth Rock
|
|-weather|Sandstorm|[upkeep]
|-damage|p2a: Celebi|375/400|[from] sandstorm
|-heal|p2a: Celebi|400/400|[from] item: Leftovers
|turn|9
|
|move|p2a: Celebi|Hidden Power|p1a: Ferrothorn
|-supereffective|p1a: Ferrothorn
|-damage|p1a: Ferrothorn|120/352
|move|p1a: Ferrothorn|Leech Seed|p2a: Celebi
|-immune|p2a: Celebi|[msg]
|
|-weather|Sandstorm|[upkeep]
|-damage|p2a: Celebi|375/400|[from] sandstorm
|-heal|p2a: Celebi|400/400|[from] item: Leftovers
|-heal|p1a: Ferrothorn|142/352|[from] item: Leftovers
|turn|10
|chat|Sound of Freedom|told you
|chat|Sound of Freedom|it had hp fire
|
|switch|p1a: Politoed|Politoed, F|203/321 brn
|-damage|p1a: Politoed|163/321 brn|[from] Stealth Rock
|-weather|RainDance|[from] ability: Drizzle|[of] p1a: Politoed
|move|p2a: Celebi|Giga Drain|p1a: Politoed
|-crit|p1a: Politoed
|-supereffective|p1a: Politoed
|-damage|p1a: Politoed|0 fnt
|faint|p1a: Politoed
|
|-weather|RainDance|[upkeep]
|
|switch|p1a: Dragonite|Dragonite, M|386/386
|-damage|p1a: Dragonite|290/386|[from] Stealth Rock
|turn|11
|
|switch|p2a: Jirachi|Jirachi|341/341
|-damage|p2a: Jirachi|320/341|[from] Stealth Rock
|move|p1a: Dragonite|Thunder Wave|p2a: Jirachi
|-status|p2a: Jirachi|par
|
|-weather|RainDance|[upkeep]
|-heal|p1a: Dragonite|314/386|[from] item: Leftovers
|turn|12
|chat|Sound of Freedom|this guy is 1399
|
|move|p1a: Dragonite|Roost|p1a: Dragonite
|-heal|p1a: Dragonite|386/386
|move|p2a: Jirachi|U-turn|p1a: Dragonite
|-damage|p1a: Dragonite|356/386
|
|switch|p2a: Heatran|Heatran, F|323/323
|-damage|p2a: Heatran|283/323|[from] Stealth Rock
|-item|p2a: Heatran|Air Balloon
|
|-weather|RainDance|[upkeep]
|-heal|p1a: Dragonite|380/386|[from] item: Leftovers
|turn|13
|
|move|p2a: Heatran|Toxic|p1a: Dragonite
|-status|p1a: Dragonite|tox
|move|p1a: Dragonite|Thunder Wave|p2a: Heatran
|-status|p2a: Heatran|par
|
|-weather|RainDance|[upkeep]
|-heal|p1a: Dragonite|386/386 tox|[from] item: Leftovers
|-damage|p1a: Dragonite|362/386 tox|[from] psn
|turn|14
|
|switch|p1a: Jellicent|Jellicent, F|404/404
|-damage|p1a: Jellicent|354/404|[from] Stealth Rock
|switch|p2a: Gastrodon|Gastrodon, M|426/426
|-damage|p2a: Gastrodon|400/426|[from] Stealth Rock
|
|-weather|RainDance|[upkeep]
|-heal|p1a: Jellicent|379/404|[from] item: Leftovers
|-heal|p2a: Gastrodon|426/426|[from] item: Leftovers
|turn|15
|leave|Sound of Freedom
|
|switch|p2a: Tyranitar|Tyranitar, M|404/404
|-damage|p2a: Tyranitar|354/404|[from] Stealth Rock
|-weather|Sandstorm|[from] ability: Sand Stream|[of] p2a: Tyranitar
|move|p1a: Jellicent|Toxic|p2a: Tyranitar
|-status|p2a: Tyranitar|tox
|
|-weather|Sandstorm|[upkeep]
|-damage|p1a: Jellicent|354/404|[from] sandstorm
|-heal|p2a: Tyranitar|379/404 tox|[from] item: Leftovers
|-heal|p1a: Jellicent|379/404|[from] item: Leftovers
|-damage|p2a: Tyranitar|354/404 tox|[from] psn
|turn|16
|
|move|p2a: Tyranitar|Pursuit|p1a: Jellicent
|-supereffective|p1a: Jellicent
|-damage|p1a: Jellicent|199/404
|move|p1a: Jellicent|Recover|p1a: Jellicent
|-heal|p1a: Jellicent|401/404
|
|-weather|Sandstorm|[upkeep]
|-damage|p1a: Jellicent|376/404|[from] sandstorm
|-heal|p2a: Tyranitar|379/404 tox|[from] item: Leftovers
|-heal|p1a: Jellicent|401/404|[from] item: Leftovers
|-damage|p2a: Tyranitar|329/404 tox|[from] psn
|turn|17
|
|switch|p2a: Jirachi|Jirachi|320/341 par
|-damage|p2a: Jirachi|299/341 par|[from] Stealth Rock
|move|p1a: Jellicent|Recover|p1a: Jellicent
|-heal|p1a: Jellicent|404/404
|
|-weather|Sandstorm|[upkeep]
|-damage|p1a: Jellicent|379/404|[from] sandstorm
|-heal|p1a: Jellicent|404/404|[from] item: Leftovers
|turn|18
|
|move|p1a: Jellicent|Scald|p2a: Jirachi
|-damage|p2a: Jirachi|218/341 par
|cant|p2a: Jirachi|par
|
|-weather|Sandstorm|[upkeep]
|-damage|p1a: Jellicent|379/404|[from] sandstorm
|-heal|p1a: Jellicent|404/404|[from] item: Leftovers
|turn|19
|
|move|p1a: Jellicent|Scald|p2a: Jirachi
|-damage|p2a: Jirachi|136/341 par
|move|p2a: Jirachi|Trick|p1a: Jellicent
|-activate|p2a: Jirachi|move: Trick|[of] p1a: Jellicent
|-item|p1a: Jellicent|Choice Scarf|[from] move: Trick
|-item|p2a: Jirachi|Leftovers|[from] move: Trick
|
|-weather|Sandstorm|[upkeep]
|-damage|p1a: Jellicent|379/404|[from] sandstorm
|-heal|p2a: Jirachi|157/341 par|[from] item: Leftovers
|turn|20
|
|switch|p1a: Dragonite|Dragonite, M|362/386 tox
|-damage|p1a: Dragonite|266/386 tox|[from] Stealth Rock
|cant|p2a: Jirachi|par
|
|-weather|Sandstorm|[upkeep]
|-damage|p1a: Dragonite|242/386 tox|[from] sandstorm
|-heal|p1a: Dragonite|266/386 tox|[from] item: Leftovers
|-heal|p2a: Jirachi|178/341 par|[from] item: Leftovers
|-damage|p1a: Dragonite|242/386 tox|[from] psn
|turn|21
|
|move|p1a: Dragonite|Hurricane|p2a: Jirachi
|-resisted|p2a: Jirachi
|-damage|p2a: Jirachi|111/341 par
|cant|p2a: Jirachi|par
|
|-weather|Sandstorm|[upkeep]
|-damage|p1a: Dragonite|218/386 tox|[from] sandstorm
|-heal|p1a: Dragonite|242/386 tox|[from] item: Leftovers
|-heal|p2a: Jirachi|132/341 par|[from] item: Leftovers
|-damage|p1a: Dragonite|194/386 tox|[from] psn
|turn|22
|
|switch|p1a: Toxicroak|Toxicroak, M|308/308
|-damage|p1a: Toxicroak|289/308|[from] Stealth Rock
|move|p2a: Jirachi|U-turn|p1a: Toxicroak
|-resisted|p1a: Toxicroak
|-damage|p1a: Toxicroak|271/308
|
|switch|p2a: Skarmory|Skarmory, F|334/334
|-damage|p2a: Skarmory|293/334|[from] Stealth Rock
|
|-weather|Sandstorm|[upkeep]
|-damage|p1a: Toxicroak|252/308|[from] sandstorm
|-heal|p2a: Skarmory|313/334|[from] item: Leftovers
|turn|23
|
|switch|p1a: Jellicent|Jellicent, F|379/404
|-damage|p1a: Jellicent|329/404|[from] Stealth Rock
|move|p2a: Skarmory|Brave Bird|p1a: Jellicent
|-damage|p1a: Jellicent|169/404
|-damage|p2a: Skarmory|260/334|[from] recoil|[of] p1a: Jellicent
|
|-weather|Sandstorm|[upkeep]
|-damage|p1a: Jellicent|144/404|[from] sandstorm
|-heal|p2a: Skarmory|280/334|[from] item: Leftovers
|turn|24
|
|switch|p2a: Celebi|Celebi|400/400
|-damage|p2a: Celebi|350/400|[from] Stealth Rock
|move|p1a: Jellicent|Recover|p1a: Jellicent
|-heal|p1a: Jellicent|346/404
|
|-weather|Sandstorm|[upkeep]
|-damage|p2a: Celebi|325/400|[from] sandstorm
|-damage|p1a: Jellicent|321/404|[from] sandstorm
|-heal|p2a: Celebi|350/400|[from] item: Leftovers
|turn|25
|
|switch|p1a: Dragonite|Dragonite, M|194/386 tox
|-damage|p1a: Dragonite|98/386 tox|[from] Stealth Rock
|move|p2a: Celebi|Baton Pass|p2a: Celebi
|
|switch|p2a: Gastrodon|Gastrodon, M|426/426
|-damage|p2a: Gastrodon|400/426|[from] Stealth Rock
|
|-weather|Sandstorm|[upkeep]
|-damage|p1a: Dragonite|74/386 tox|[from] sandstorm
|-heal|p1a: Dragonite|98/386 tox|[from] item: Leftovers
|-heal|p2a: Gastrodon|426/426|[from] item: Leftovers
|-damage|p1a: Dragonite|74/386 tox|[from] psn
|turn|26
|
|move|p1a: Dragonite|Roost|p1a: Dragonite
|-heal|p1a: Dragonite|267/386 tox
|move|p2a: Gastrodon|Ice Beam|p1a: Dragonite
|-supereffective|p1a: Dragonite
|-damage|p1a: Dragonite|167/386 tox
|
|-weather|Sandstorm|[upkeep]
|-damage|p1a: Dragonite|143/386 tox|[from] sandstorm
|-heal|p1a: Dragonite|167/386 tox|[from] item: Leftovers
|-damage|p1a: Dragonite|119/386 tox|[from] psn
|turn|27
|
|switch|p1a: Jellicent|Jellicent, F|321/404
|-damage|p1a: Jellicent|271/404|[from] Stealth Rock
|move|p2a: Gastrodon|Earth Power|p1a: Jellicent
|-damage|p1a: Jellicent|196/404
|
|-weather|Sandstorm|[upkeep]
|-damage|p1a: Jellicent|171/404|[from] sandstorm
|turn|28
|
|switch|p2a: Heatran|Heatran, F|283/323 par
|-damage|p2a: Heatran|243/323 par|[from] Stealth Rock
|-item|p2a: Heatran|Air Balloon
|move|p1a: Jellicent|Shadow Ball|p2a: Heatran
|-resisted|p2a: Heatran
|-damage|p2a: Heatran|202/323 par
|-enditem|p2a: Heatran|Air Balloon
|
|-weather|Sandstorm|[upkeep]
|-damage|p1a: Jellicent|146/404|[from] sandstorm
|turn|29
|
|switch|p1a: Toxicroak|Toxicroak, M|252/308
|-damage|p1a: Toxicroak|233/308|[from] Stealth Rock
|move|p2a: Heatran|Lava Plume|p1a: Toxicroak
|-damage|p1a: Toxicroak|0 fnt
|faint|p1a: Toxicroak
|
|-weather|Sandstorm|[upkeep]
|
|switch|p1a: Dragonite|Dragonite, M|119/386 tox
|-damage|p1a: Dragonite|23/386 tox|[from] Stealth Rock
|turn|30
|
|switch|p2a: Gastrodon|Gastrodon, M|426/426
|-damage|p2a: Gastrodon|400/426|[from] Stealth Rock
|move|p1a: Dragonite|Hurricane|p2a: Gastrodon
|-damage|p2a: Gastrodon|282/426
|-start|p2a: Gastrodon|confusion
|
|-weather|Sandstorm|[upkeep]
|-damage|p1a: Dragonite|0 fnt|[from] sandstorm
|-heal|p2a: Gastrodon|308/426|[from] item: Leftovers
|faint|p1a: Dragonite
|
|switch|p1a: Ferrothorn|Ferrothorn, M|142/352
|-damage|p1a: Ferrothorn|120/352|[from] Stealth Rock
|turn|31
|
|switch|p2a: Celebi|Celebi|350/400
|-damage|p2a: Celebi|300/400|[from] Stealth Rock
|move|p1a: Ferrothorn|Leech Seed|p2a: Celebi
|-immune|p2a: Celebi|[msg]
|
|-weather|Sandstorm|[upkeep]
|-damage|p2a: Celebi|275/400|[from] sandstorm
|-heal|p2a: Celebi|300/400|[from] item: Leftovers
|-heal|p1a: Ferrothorn|142/352|[from] item: Leftovers
|turn|32
|chat|ad kassadin|BODY BAG
|
|switch|p1a: Jellicent|Jellicent, F|146/404
|-damage|p1a: Jellicent|96/404|[from] Stealth Rock
|move|p2a: Celebi|Giga Drain|p1a: Jellicent
|-supereffective|p1a: Jellicent
|-damage|p1a: Jellicent|0 fnt
|-heal|p2a: Celebi|348/400|[from] drain|[of] p1a: Jellicent
|faint|p1a: Jellicent
|
|-weather|Sandstorm|[upkeep]
|-damage|p2a: Celebi|323/400|[from] sandstorm
|-heal|p2a: Celebi|348/400|[from] item: Leftovers
|
|switch|p1a: Ferrothorn|Ferrothorn, M|142/352
|-damage|p1a: Ferrothorn|120/352|[from] Stealth Rock
|turn|33
|chat|ad kassadin|BODY 
|chat|ad kassadin|BAG
|-message|Figufgyu forfeited.
|
|win|ad kassadin
|raw|Ladder updating...
|raw|Figufgyu's rating: 1452 &rarr; <strong>1429</strong><br />(-23 for losing)
|raw|ad kassadin's rating: 1399 &rarr; <strong>1422</strong><br />(+23 for winning)
|leave|Figufgyu
|player|p1