|j|☆Doom Desire 2.0
|j|☆doughboy
|player|p1|Doom Desire 2.0|280
|player|p2|doughboy|1
|teamsize|p1|6
|teamsize|p2|6
|gametype|singles
|gen|5
|tier|[Gen 5] OU
|rated|
|rule|Sleep Clause Mod: Limit one foe put to sleep
|rule|Species Clause: Limit one of each Pokémon
|rule|OHKO Clause: OHKO moves are banned
|rule|Moody Clause: Moody is banned
|rule|Evasion Moves Clause: Evasion moves are banned
|rule|Endless Battle Clause: Forcing endless battles is banned
|rule|HP Percentage Mod: HP is shown in percentages
|rule|Evasion Abilities Clause: Evasion abilities are banned
|rule|Baton Pass Clause: Limit one Baton Passer, can't pass Spe and other stats simultaneously
|rule|Swagger Clause: Swagger is banned
|clearpoke
|poke|p1|Gothitelle, M|item
|poke|p1|Magnezone|item
|poke|p1|Skarmory, F|item
|poke|p1|Kyurem-Black|item
|poke|p1|Dragonite, F|item
|poke|p1|Latias, F|item
|poke|p2|Volcarona, F|item
|poke|p2|Heatran, M|item
|poke|p2|Magnezone|item
|poke|p2|Forretress, F|item
|poke|p2|Dragonite, F|item
|poke|p2|Lilligant, F|item
|teampreview
|
|start
|switch|p1a: Skarmory|Skarmory, F, shiny|100/100
|switch|p2a: Magnezone|Magnezone|100/100
|turn|1
|
|move|p1a: Skarmory|Stealth Rock|p2a: Magnezone
|-sidestart|p2: doughboy|move: Stealth Rock
|move|p2a: Magnezone|Thunderbolt|p1a: Skarmory
|-supereffective|p1a: Skarmory
|-ability|p1a: Skarmory|Sturdy
|-damage|p1a: Skarmory|1/100
|-status|p1a: Skarmory|par
|
|upkeep
|turn|2
|-enditem|p1a: Skarmory|Custap Berry|[eat]
|-activate|p1a: Skarmory|item: Custap Berry|[consumed]
|
|move|p1a: Skarmory|Spikes|p2a: Magnezone
|-sidestart|p2: doughboy|Spikes
|move|p2a: Magnezone|Sunny Day|p2a: Magnezone
|-weather|SunnyDay
|
|-weather|SunnyDay|[upkeep]
|upkeep
|turn|3
|
|switch|p2a: Forretress|Forretress, F|100/100
|-damage|p2a: Forretress|88/100|[from] Stealth Rock
|-damage|p2a: Forretress|76/100|[from] Spikes
|move|p1a: Skarmory|Brave Bird|p2a: Forretress
|-damage|p2a: Forretress|52/100
|-damage|p1a: Skarmory|0 fnt|[from] Recoil
|faint|p1a: Skarmory
|
|-weather|SunnyDay|[upkeep]
|-heal|p2a: Forretress|58/100|[from] item: Leftovers
|upkeep
|
|switch|p1a: Gothitelle|Gothitelle, M, shiny|100/100
|turn|4
|
|move|p1a: Gothitelle|Hidden Power|p2a: Forretress
|-supereffective|p2a: Forretress
|-damage|p2a: Forretress|0 fnt
|faint|p2a: Forretress
|
|-weather|SunnyDay|[upkeep]
|upkeep
|
|switch|p2a: Dragonite|Dragonite, F|100/100
|-damage|p2a: Dragonite|76/100|[from] Stealth Rock
|turn|5
|
|switch|p1a: Latias|Latias, F|100/100
|move|p2a: Dragonite|Dragon Dance|p2a: Dragonite
|-boost|p2a: Dragonite|atk|1
|-boost|p2a: Dragonite|spe|1
|
|-weather|SunnyDay|[upkeep]
|upkeep
|turn|6
|
|switch|p2a: Magnezone|Magnezone|100/100
|-damage|p2a: Magnezone|94/100|[from] Stealth Rock
|-damage|p2a: Magnezone|82/100|[from] Spikes
|move|p1a: Latias|Draco Meteor|p2a: Magnezone
|-resisted|p2a: Magnezone
|-damage|p2a: Magnezone|38/100
|-unboost|p1a: Latias|spa|2
|
|-weather|SunnyDay|[upkeep]
|upkeep
|turn|7
|
|switch|p1a: Gothitelle|Gothitelle, M, shiny|100/100
|move|p2a: Magnezone|Hidden Power|p1a: Gothitelle
|-damage|p1a: Gothitelle|62/100
|
|-weather|SunnyDay|[upkeep]
|upkeep
|turn|8
|
|move|p2a: Magnezone|Thunderbolt|p1a: Gothitelle
|-damage|p1a: Gothitelle|11/100
|move|p1a: Gothitelle|Hidden Power|p2a: Magnezone
|-supereffective|p2a: Magnezone
|-damage|p2a: Magnezone|0 fnt
|faint|p2a: Magnezone
|
|-weather|SunnyDay|[upkeep]
|upkeep
|
|switch|p2a: Heatran|Heatran, M|100/100
|-damage|p2a: Heatran|88/100|[from] Stealth Rock
|-damage|p2a: Heatran|76/100|[from] Spikes
|turn|9
|
|move|p2a: Heatran|Magma Storm|p1a: Gothitelle
|-damage|p1a: Gothitelle|0 fnt
|faint|p1a: Gothitelle
|
|-weather|none
|upkeep
|
|switch|p1a: Dragonite|Dragonite, F, shiny|100/100
|turn|10
|
|move|p2a: Heatran|Magma Storm|p1a: Dragonite|[miss]
|-miss|p2a: Heatran|p1a: Dragonite
|move|p1a: Dragonite|Dragon Dance|p1a: Dragonite
|-boost|p1a: Dragonite|atk|1
|-boost|p1a: Dragonite|spe|1
|
|upkeep
|turn|11
|-message|doughboy forfeited.
|
|win|Doom Desire 2.0
|l|☆doughboy
|raw|Doom Desire 2.0's rating: 1321 &rarr; <strong>1345</strong><br />(+24 for winning)
|raw|doughboy's rating: 1387 &rarr; <strong>1363</strong><br />(-24 for losing)
