|j|☆Volcanionisgood
|j|☆Maximilliona
|player|p1|Volcanionisgood|153
|player|p2|Maximilliona|1
|teamsize|p1|6
|teamsize|p2|6
|gametype|singles
|gen|5
|tier|[Gen 5] OU
|rated|
|rule|Sleep Clause Mod: Limit one foe put to sleep
|rule|Species Clause: Limit one of each Pokémon
|rule|OHKO Clause: OHKO moves are banned
|rule|Moody Clause: Moody is banned
|rule|Evasion Moves Clause: Evasion moves are banned
|rule|Endless Battle Clause: Forcing endless battles is banned
|rule|HP Percentage Mod: HP is shown in percentages
|rule|Evasion Abilities Clause: Evasion abilities are banned
|rule|Baton Pass Clause: Limit one Baton Passer, can't pass Spe and other stats simultaneously
|rule|Swagger Clause: Swagger is banned
|clearpoke
|poke|p1|Slowbro, M|item
|poke|p1|Latios, M|item
|poke|p1|Heatran, F|item
|poke|p1|Terrakion|item
|poke|p1|Landorus-Therian, M|item
|poke|p1|Tyranitar, M|item
|poke|p2|Tyranitar, M|item
|poke|p2|Landorus-Therian, M|item
|poke|p2|Heatran, M|item
|poke|p2|Jellicent, F|item
|poke|p2|Latios, M|item
|poke|p2|Ferrothorn, F|item
|teampreview
|
|start
|switch|p1a: Latios|Latios, M|100/100
|switch|p2a: Primal|Landorus-Therian, M|100/100
|-ability|p2a: Primal|Intimidate|boost
|-unboost|p1a: Latios|atk|1
|turn|1
|
|switch|p1a: Landorus|Landorus-Therian, M|100/100
|-ability|p1a: Landorus|Intimidate|boost
|-unboost|p2a: Primal|atk|1
|switch|p2a: Godzilla|Tyranitar, M, shiny|100/100
|-weather|Sandstorm|[from] ability: Sand Stream|[of] p2a: Godzilla
|
|-weather|Sandstorm|[upkeep]
|upkeep
|turn|2
|
|switch|p2a: Primal|Landorus-Therian, M|100/100
|-ability|p2a: Primal|Intimidate|boost
|-unboost|p1a: Landorus|atk|1
|move|p1a: Landorus|U-turn|p2a: Primal
|-resisted|p2a: Primal
|-damage|p2a: Primal|93/100
|
|switch|p1a: Latios|Latios, M|100/100
|
|-weather|Sandstorm|[upkeep]
|-damage|p1a: Latios|95/100|[from] Sandstorm
|-heal|p2a: Primal|99/100|[from] item: Leftovers
|upkeep
|turn|3
|
|switch|p2a: Godzilla|Tyranitar, M, shiny|100/100
|move|p1a: Latios|Draco Meteor|p2a: Godzilla
|-damage|p2a: Godzilla|34/100
|-unboost|p1a: Latios|spa|2
|-damage|p1a: Latios|85/100|[from] item: Life Orb
|
|-weather|Sandstorm|[upkeep]
|-damage|p1a: Latios|79/100|[from] Sandstorm
|upkeep
|turn|4
|
|move|p2a: Godzilla|Crunch|p1a: Latios
|-supereffective|p1a: Latios
|-damage|p1a: Latios|0 fnt
|faint|p1a: Latios
|
|-weather|Sandstorm|[upkeep]
|upkeep
|
|switch|p1a: Heatran|Heatran, F|100/100
|turn|5
|c|☆Maximilliona|ballsy play
|
|switch|p2a: Jelly|Jellicent, F|100/100
|move|p1a: Heatran|Stealth Rock|p2a: Jelly
|-sidestart|p2: Maximilliona|move: Stealth Rock
|
|-weather|Sandstorm|[upkeep]
|-damage|p2a: Jelly|94/100|[from] Sandstorm
|-heal|p2a: Jelly|100/100|[from] item: Leftovers
|upkeep
|turn|6
|
|move|p1a: Heatran|Toxic|p2a: Jelly
|-status|p2a: Jelly|tox
|move|p2a: Jelly|Shadow Ball|p1a: Heatran
|-resisted|p1a: Heatran
|-damage|p1a: Heatran|94/100
|-unboost|p1a: Heatran|spd|1
|
|-weather|Sandstorm|[upkeep]
|-damage|p2a: Jelly|94/100 tox|[from] Sandstorm
|-heal|p1a: Heatran|99/100|[from] item: Leftovers
|-heal|p2a: Jelly|100/100 tox|[from] item: Leftovers
|-damage|p2a: Jelly|94/100 tox|[from] psn
|upkeep
|turn|7
|
|switch|p1a: Tyranitar|Tyranitar, M|100/100
|switch|p2a: Smaug|Heatran, M|100/100
|-damage|p2a: Smaug|88/100|[from] Stealth Rock
|
|-weather|Sandstorm|[upkeep]
|-heal|p2a: Smaug|94/100|[from] item: Leftovers
|upkeep
|turn|8
|
|switch|p2a: Primal|Landorus-Therian, M|99/100
|-damage|p2a: Primal|87/100|[from] Stealth Rock
|-ability|p2a: Primal|Intimidate|boost
|-unboost|p1a: Tyranitar|atk|1
|move|p1a: Tyranitar|Superpower|p2a: Primal
|-resisted|p2a: Primal
|-damage|p2a: Primal|69/100
|-unboost|p1a: Tyranitar|atk|1
|-unboost|p1a: Tyranitar|def|1
|
|-weather|Sandstorm|[upkeep]
|-heal|p2a: Primal|75/100|[from] item: Leftovers
|upkeep
|turn|9
|
|switch|p1a: Slowbro|Slowbro, M|100/100
|move|p2a: Primal|Stealth Rock|p1a: Slowbro
|-sidestart|p1: Volcanionisgood|move: Stealth Rock
|
|-weather|Sandstorm|[upkeep]
|-damage|p1a: Slowbro|94/100|[from] Sandstorm
|-heal|p2a: Primal|81/100|[from] item: Leftovers
|-heal|p1a: Slowbro|100/100|[from] item: Leftovers
|upkeep
|turn|10
|
|move|p2a: Primal|U-turn|p1a: Slowbro
|-supereffective|p1a: Slowbro
|-damage|p1a: Slowbro|70/100
|
|switch|p2a: Ironside|Ferrothorn, F|100/100
|-damage|p2a: Ironside|94/100|[from] Stealth Rock
|move|p1a: Slowbro|Scald|p2a: Ironside
|-resisted|p2a: Ironside
|-damage|p2a: Ironside|84/100
|-status|p2a: Ironside|brn
|
|-weather|Sandstorm|[upkeep]
|-damage|p1a: Slowbro|64/100|[from] Sandstorm
|-heal|p1a: Slowbro|70/100|[from] item: Leftovers
|-heal|p2a: Ironside|91/100 brn|[from] item: Leftovers
|-damage|p2a: Ironside|78/100 brn|[from] brn
|upkeep
|turn|11
|
|switch|p1a: Heatran|Heatran, F|99/100
|-damage|p1a: Heatran|88/100|[from] Stealth Rock
|move|p2a: Ironside|Spikes|p1a: Heatran
|-sidestart|p1: Volcanionisgood|Spikes
|
|-weather|Sandstorm|[upkeep]
|-heal|p1a: Heatran|94/100|[from] item: Leftovers
|-heal|p2a: Ironside|84/100 brn|[from] item: Leftovers
|-damage|p2a: Ironside|72/100 brn|[from] brn
|upkeep
|turn|12
|
|switch|p2a: Smaug|Heatran, M|94/100
|-damage|p2a: Smaug|82/100|[from] Stealth Rock
|move|p1a: Heatran|Lava Plume|p2a: Smaug
|-start|p2a: Smaug|ability: Flash Fire
|
|-weather|Sandstorm|[upkeep]
|-heal|p2a: Smaug|88/100|[from] item: Leftovers
|-heal|p1a: Heatran|99/100|[from] item: Leftovers
|upkeep
|turn|13
|
|switch|p1a: Tyranitar|Tyranitar, M|100/100
|-damage|p1a: Tyranitar|88/100|[from] Spikes
|-damage|p1a: Tyranitar|76/100|[from] Stealth Rock
|move|p2a: Smaug|Lava Plume|p1a: Tyranitar
|-resisted|p1a: Tyranitar
|-damage|p1a: Tyranitar|61/100
|-status|p1a: Tyranitar|brn
|
|-weather|Sandstorm|[upkeep]
|-heal|p2a: Smaug|94/100|[from] item: Leftovers
|-damage|p1a: Tyranitar|49/100 brn|[from] brn
|upkeep
|turn|14
|
|move|p2a: Smaug|Protect|p2a: Smaug
|-singleturn|p2a: Smaug|Protect
|move|p1a: Tyranitar|Stone Edge|p2a: Smaug
|-activate|p2a: Smaug|move: Protect
|
|-weather|Sandstorm|[upkeep]
|-heal|p2a: Smaug|100/100|[from] item: Leftovers
|-damage|p1a: Tyranitar|37/100 brn|[from] brn
|upkeep
|turn|15
|
|-end|p2a: Smaug|ability: Flash Fire|[silent]
|switch|p2a: Primal|Landorus-Therian, M|81/100
|-damage|p2a: Primal|69/100|[from] Stealth Rock
|-ability|p2a: Primal|Intimidate|boost
|-unboost|p1a: Tyranitar|atk|1
|move|p1a: Tyranitar|Stone Edge|p2a: Primal
|-damage|p2a: Primal|45/100
|
|-weather|Sandstorm|[upkeep]
|-heal|p2a: Primal|51/100|[from] item: Leftovers
|-damage|p1a: Tyranitar|24/100 brn|[from] brn
|upkeep
|turn|16
|
|move|p2a: Primal|U-turn|p1a: Tyranitar
|-supereffective|p1a: Tyranitar
|-damage|p1a: Tyranitar|0 fnt
|faint|p1a: Tyranitar
|
|switch|p2a: Jetstream|Latios, M, shiny|100/100
|-damage|p2a: Jetstream|88/100|[from] Stealth Rock
|
|-weather|Sandstorm|[upkeep]
|-damage|p2a: Jetstream|82/100|[from] Sandstorm
|upkeep
|
|switch|p1a: Landorus|Landorus-Therian, M|100/100
|-damage|p1a: Landorus|88/100|[from] Stealth Rock
|-ability|p1a: Landorus|Intimidate|boost
|-unboost|p2a: Jetstream|atk|1
|turn|17
|
|move|p1a: Landorus|U-turn|p2a: Jetstream
|-supereffective|p2a: Jetstream
|-damage|p2a: Jetstream|12/100
|
|switch|p1a: Heatran|Heatran, F|99/100
|-damage|p1a: Heatran|88/100|[from] Spikes
|-damage|p1a: Heatran|75/100|[from] Stealth Rock
|move|p2a: Jetstream|Draco Meteor|p1a: Heatran
|-resisted|p1a: Heatran
|-damage|p1a: Heatran|39/100
|-unboost|p2a: Jetstream|spa|2
|
|-weather|Sandstorm|[upkeep]
|-damage|p2a: Jetstream|6/100|[from] Sandstorm
|-heal|p1a: Heatran|46/100|[from] item: Leftovers
|upkeep
|turn|18
|
|move|p1a: Heatran|Protect|p1a: Heatran
|-singleturn|p1a: Heatran|Protect
|move|p2a: Jetstream|Draco Meteor|p1a: Heatran
|-activate|p1a: Heatran|move: Protect
|
|-weather|Sandstorm|[upkeep]
|-damage|p2a: Jetstream|0 fnt|[from] Sandstorm
|-heal|p1a: Heatran|52/100|[from] item: Leftovers
|upkeep
|faint|p2a: Jetstream
|
|switch|p2a: Primal|Landorus-Therian, M|51/100
|-damage|p2a: Primal|38/100|[from] Stealth Rock
|-ability|p2a: Primal|Intimidate|boost
|-unboost|p1a: Heatran|atk|1
|turn|19
|
|switch|p1a: Landorus|Landorus-Therian, M|88/100
|-damage|p1a: Landorus|76/100|[from] Stealth Rock
|-ability|p1a: Landorus|Intimidate|boost
|-unboost|p2a: Primal|atk|1
|move|p2a: Primal|U-turn|p1a: Landorus
|-resisted|p1a: Landorus
|-damage|p1a: Landorus|66/100
|
|switch|p2a: Ironside|Ferrothorn, F|72/100 brn
|-damage|p2a: Ironside|66/100 brn|[from] Stealth Rock
|
|-weather|Sandstorm|[upkeep]
|-heal|p2a: Ironside|72/100 brn|[from] item: Leftovers
|-damage|p2a: Ironside|59/100 brn|[from] brn
|upkeep
|turn|20
|
|move|p1a: Landorus|U-turn|p2a: Ironside
|-damage|p2a: Ironside|41/100 brn
|-damage|p1a: Landorus|54/100|[from] ability: Iron Barbs|[of] p2a: Ironside
|
|switch|p1a: Terrakion|Terrakion|100/100
|-damage|p1a: Terrakion|94/100|[from] Stealth Rock
|-damage|p1a: Terrakion|82/100|[from] Spikes
|move|p2a: Ironside|Leech Seed|p1a: Terrakion
|-start|p1a: Terrakion|move: Leech Seed
|
|-weather|Sandstorm|[upkeep]
|-heal|p2a: Ironside|47/100 brn|[from] item: Leftovers
|-damage|p1a: Terrakion|70/100|[from] Leech Seed|[of] p2a: Ironside
|-heal|p2a: Ironside|59/100 brn|[silent]
|-damage|p2a: Ironside|46/100 brn|[from] brn
|upkeep
|turn|21
|
|move|p2a: Ironside|Protect|p2a: Ironside
|-singleturn|p2a: Ironside|Protect
|move|p1a: Terrakion|Close Combat|p2a: Ironside
|-activate|p2a: Ironside|move: Protect
|
|-weather|Sandstorm|[upkeep]
|-heal|p2a: Ironside|52/100 brn|[from] item: Leftovers
|-damage|p1a: Terrakion|57/100|[from] Leech Seed|[of] p2a: Ironside
|-heal|p2a: Ironside|64/100 brn|[silent]
|-damage|p2a: Ironside|51/100 brn|[from] brn
|upkeep
|turn|22
|
|switch|p1a: Heatran|Heatran, F|52/100
|-damage|p1a: Heatran|39/100|[from] Spikes
|-damage|p1a: Heatran|27/100|[from] Stealth Rock
|switch|p2a: Jelly|Jellicent, F|94/100 tox
|-damage|p2a: Jelly|82/100 tox|[from] Stealth Rock
|
|-weather|Sandstorm|[upkeep]
|-damage|p2a: Jelly|76/100 tox|[from] Sandstorm
|-heal|p1a: Heatran|33/100|[from] item: Leftovers
|-heal|p2a: Jelly|82/100 tox|[from] item: Leftovers
|-damage|p2a: Jelly|76/100 tox|[from] psn
|upkeep
|turn|23
|
|switch|p2a: Smaug|Heatran, M|100/100
|-damage|p2a: Smaug|88/100|[from] Stealth Rock
|move|p1a: Heatran|Protect||[still]
|-fail|p1a: Heatran
|
|-weather|Sandstorm|[upkeep]
|-heal|p1a: Heatran|39/100|[from] item: Leftovers
|-heal|p2a: Smaug|94/100|[from] item: Leftovers
|upkeep
|turn|24
|
|move|p1a: Heatran|Protect|p1a: Heatran
|-singleturn|p1a: Heatran|Protect
|move|p2a: Smaug|Roar|p1a: Heatran
|-activate|p1a: Heatran|move: Protect
|
|-weather|Sandstorm|[upkeep]
|-heal|p1a: Heatran|46/100|[from] item: Leftovers
|-heal|p2a: Smaug|100/100|[from] item: Leftovers
|upkeep
|turn|25
|
|move|p1a: Heatran|Toxic|p2a: Smaug
|-immune|p2a: Smaug|[msg]
|move|p2a: Smaug|Roar|p1a: Heatran
|drag|p1a: Slowbro|Slowbro, M|100/100
|-damage|p1a: Slowbro|88/100|[from] Spikes
|-damage|p1a: Slowbro|76/100|[from] Stealth Rock
|
|-weather|Sandstorm|[upkeep]
|-damage|p1a: Slowbro|70/100|[from] Sandstorm
|-heal|p1a: Slowbro|76/100|[from] item: Leftovers
|upkeep
|turn|26
|
|switch|p1a: Heatran|Heatran, F|46/100
|-damage|p1a: Heatran|33/100|[from] Stealth Rock
|-damage|p1a: Heatran|21/100|[from] Spikes
|move|p2a: Smaug|Toxic|p1a: Heatran
|-immune|p1a: Heatran|[msg]
|
|-weather|Sandstorm|[upkeep]
|-heal|p1a: Heatran|27/100|[from] item: Leftovers
|upkeep
|turn|27
|
|move|p1a: Heatran|Protect|p1a: Heatran
|-singleturn|p1a: Heatran|Protect
|move|p2a: Smaug|Roar|p1a: Heatran
|-activate|p1a: Heatran|move: Protect
|
|-weather|Sandstorm|[upkeep]
|-heal|p1a: Heatran|33/100|[from] item: Leftovers
|upkeep
|turn|28
|
|move|p1a: Heatran|Toxic|p2a: Smaug
|-immune|p2a: Smaug|[msg]
|move|p2a: Smaug|Roar|p1a: Heatran
|drag|p1a: Landorus|Landorus-Therian, M|54/100
|-damage|p1a: Landorus|42/100|[from] Stealth Rock
|-ability|p1a: Landorus|Intimidate|boost
|-unboost|p2a: Smaug|atk|1
|
|-weather|Sandstorm|[upkeep]
|upkeep
|turn|29
|
|move|p2a: Smaug|Protect|p2a: Smaug
|-singleturn|p2a: Smaug|Protect
|move|p1a: Landorus|Earthquake|p2a: Smaug
|-activate|p2a: Smaug|move: Protect
|
|-weather|Sandstorm|[upkeep]
|upkeep
|turn|30
|
|switch|p1a: Slowbro|Slowbro, M|100/100
|-damage|p1a: Slowbro|88/100|[from] Spikes
|-damage|p1a: Slowbro|76/100|[from] Stealth Rock
|switch|p2a: Primal|Landorus-Therian, M|38/100
|-damage|p2a: Primal|26/100|[from] Stealth Rock
|-ability|p2a: Primal|Intimidate|boost
|-unboost|p1a: Slowbro|atk|1
|
|-weather|Sandstorm|[upkeep]
|-damage|p1a: Slowbro|70/100|[from] Sandstorm
|-heal|p2a: Primal|32/100|[from] item: Leftovers
|-heal|p1a: Slowbro|76/100|[from] item: Leftovers
|upkeep
|turn|31
|
|move|p2a: Primal|U-turn|p1a: Slowbro
|-supereffective|p1a: Slowbro
|-damage|p1a: Slowbro|43/100
|
|switch|p2a: Ironside|Ferrothorn, F|51/100 brn
|-damage|p2a: Ironside|45/100 brn|[from] Stealth Rock
|move|p1a: Slowbro|Slack Off|p1a: Slowbro
|-heal|p1a: Slowbro|93/100
|
|-weather|Sandstorm|[upkeep]
|-damage|p1a: Slowbro|87/100|[from] Sandstorm
|-heal|p1a: Slowbro|93/100|[from] item: Leftovers
|-heal|p2a: Ironside|51/100 brn|[from] item: Leftovers
|-damage|p2a: Ironside|39/100 brn|[from] brn
|upkeep
|turn|32
|
|move|p1a: Slowbro|Calm Mind|p1a: Slowbro
|-boost|p1a: Slowbro|spa|1
|-boost|p1a: Slowbro|spd|1
|move|p2a: Ironside|Leech Seed|p1a: Slowbro
|-start|p1a: Slowbro|move: Leech Seed
|
|-weather|Sandstorm|[upkeep]
|-damage|p1a: Slowbro|87/100|[from] Sandstorm
|-heal|p1a: Slowbro|93/100|[from] item: Leftovers
|-heal|p2a: Ironside|45/100 brn|[from] item: Leftovers
|-damage|p1a: Slowbro|81/100|[from] Leech Seed|[of] p2a: Ironside
|-heal|p2a: Ironside|59/100 brn|[silent]
|-damage|p2a: Ironside|47/100 brn|[from] brn
|upkeep
|turn|33
|
|switch|p2a: Smaug|Heatran, M|100/100
|-damage|p2a: Smaug|88/100|[from] Stealth Rock
|move|p1a: Slowbro|Scald|p2a: Smaug
|-supereffective|p2a: Smaug
|-damage|p2a: Smaug|35/100
|
|-weather|Sandstorm|[upkeep]
|-damage|p1a: Slowbro|75/100|[from] Sandstorm
|-heal|p2a: Smaug|41/100|[from] item: Leftovers
|-heal|p1a: Slowbro|81/100|[from] item: Leftovers
|-damage|p1a: Slowbro|68/100|[from] Leech Seed|[of] p2a: Smaug
|-heal|p2a: Smaug|54/100|[silent]
|upkeep
|turn|34
|
|switch|p1a: Heatran|Heatran, F|33/100
|-damage|p1a: Heatran|21/100|[from] Stealth Rock
|-damage|p1a: Heatran|8/100|[from] Spikes
|move|p2a: Smaug|Toxic|p1a: Heatran
|-immune|p1a: Heatran|[msg]
|
|-weather|Sandstorm|[upkeep]
|-heal|p2a: Smaug|60/100|[from] item: Leftovers
|-heal|p1a: Heatran|14/100|[from] item: Leftovers
|upkeep
|turn|35
|
|move|p2a: Smaug|Protect|p2a: Smaug
|-singleturn|p2a: Smaug|Protect
|move|p1a: Heatran|Protect||[still]
|-fail|p1a: Heatran
|
|-weather|Sandstorm|[upkeep]
|-heal|p2a: Smaug|66/100|[from] item: Leftovers
|-heal|p1a: Heatran|21/100|[from] item: Leftovers
|upkeep
|turn|36
|
|move|p1a: Heatran|Protect|p1a: Heatran
|-singleturn|p1a: Heatran|Protect
|move|p2a: Smaug|Roar|p1a: Heatran
|-activate|p1a: Heatran|move: Protect
|
|-weather|Sandstorm|[upkeep]
|-heal|p2a: Smaug|73/100|[from] item: Leftovers
|-heal|p1a: Heatran|27/100|[from] item: Leftovers
|upkeep
|turn|37
|
|move|p1a: Heatran|Protect||[still]
|-fail|p1a: Heatran
|move|p2a: Smaug|Roar|p1a: Heatran
|drag|p1a: Landorus|Landorus-Therian, M|42/100
|-damage|p1a: Landorus|30/100|[from] Stealth Rock
|-ability|p1a: Landorus|Intimidate|boost
|-unboost|p2a: Smaug|atk|1
|
|-weather|Sandstorm|[upkeep]
|-heal|p2a: Smaug|79/100|[from] item: Leftovers
|upkeep
|turn|38
|
|switch|p1a: Terrakion|Terrakion|57/100
|-damage|p1a: Terrakion|51/100|[from] Stealth Rock
|-damage|p1a: Terrakion|39/100|[from] Spikes
|move|p2a: Smaug|Protect||[still]
|-fail|p2a: Smaug
|
|-weather|Sandstorm|[upkeep]
|-heal|p2a: Smaug|85/100|[from] item: Leftovers
|upkeep
|turn|39
|
|move|p2a: Smaug|Protect|p2a: Smaug
|-singleturn|p2a: Smaug|Protect
|move|p1a: Terrakion|Stone Edge|p2a: Smaug
|-activate|p2a: Smaug|move: Protect
|
|-weather|Sandstorm|[upkeep]
|-heal|p2a: Smaug|91/100|[from] item: Leftovers
|upkeep
|turn|40
|
|switch|p2a: Ironside|Ferrothorn, F|47/100 brn
|-damage|p2a: Ironside|40/100 brn|[from] Stealth Rock
|move|p1a: Terrakion|Stone Edge|p2a: Ironside|[miss]
|-miss|p1a: Terrakion|p2a: Ironside
|
|-weather|Sandstorm|[upkeep]
|-heal|p2a: Ironside|47/100 brn|[from] item: Leftovers
|-damage|p2a: Ironside|34/100 brn|[from] brn
|upkeep
|turn|41
|
|move|p1a: Terrakion|Stone Edge|p2a: Ironside
|-resisted|p2a: Ironside
|-damage|p2a: Ironside|10/100 brn
|move|p2a: Ironside|Leech Seed|p1a: Terrakion
|-start|p1a: Terrakion|move: Leech Seed
|
|-weather|Sandstorm|[upkeep]
|-heal|p2a: Ironside|16/100 brn|[from] item: Leftovers
|-damage|p1a: Terrakion|26/100|[from] Leech Seed|[of] p2a: Ironside
|-heal|p2a: Ironside|28/100 brn|[silent]
|-damage|p2a: Ironside|15/100 brn|[from] brn
|upkeep
|turn|42
|
|switch|p1a: Heatran|Heatran, F|27/100
|-damage|p1a: Heatran|14/100|[from] Spikes
|-damage|p1a: Heatran|2/100|[from] Stealth Rock
|move|p2a: Ironside|Protect||[still]
|-fail|p2a: Ironside
|
|-weather|Sandstorm|[upkeep]
|-heal|p1a: Heatran|8/100|[from] item: Leftovers
|-heal|p2a: Ironside|22/100 brn|[from] item: Leftovers
|-damage|p2a: Ironside|9/100 brn|[from] brn
|upkeep
|turn|43
|
|move|p1a: Heatran|Lava Plume|p2a: Ironside
|-supereffective|p2a: Ironside
|-crit|p2a: Ironside
|-damage|p2a: Ironside|0 fnt
|faint|p2a: Ironside
|
|-weather|Sandstorm|[upkeep]
|-heal|p1a: Heatran|14/100|[from] item: Leftovers
|upkeep
|
|switch|p2a: Smaug|Heatran, M|91/100
|-damage|p2a: Smaug|79/100|[from] Stealth Rock
|turn|44
|
|move|p1a: Heatran|Protect|p1a: Heatran
|-singleturn|p1a: Heatran|Protect
|move|p2a: Smaug|Roar|p1a: Heatran
|-activate|p1a: Heatran|move: Protect
|
|-weather|Sandstorm|[upkeep]
|-heal|p2a: Smaug|85/100|[from] item: Leftovers
|-heal|p1a: Heatran|21/100|[from] item: Leftovers
|upkeep
|turn|45
|
|move|p1a: Heatran|Protect||[still]
|-fail|p1a: Heatran
|move|p2a: Smaug|Roar|p1a: Heatran
|drag|p1a: Terrakion|Terrakion|26/100
|-damage|p1a: Terrakion|20/100|[from] Stealth Rock
|-damage|p1a: Terrakion|8/100|[from] Spikes
|
|-weather|Sandstorm|[upkeep]
|-heal|p2a: Smaug|91/100|[from] item: Leftovers
|upkeep
|turn|46
|
|move|p2a: Smaug|Protect|p2a: Smaug
|-singleturn|p2a: Smaug|Protect
|move|p1a: Terrakion|Stone Edge|p2a: Smaug
|-activate|p2a: Smaug|move: Protect
|
|-weather|Sandstorm|[upkeep]
|-heal|p2a: Smaug|98/100|[from] item: Leftovers
|upkeep
|turn|47
|
|move|p1a: Terrakion|Stone Edge|p2a: Smaug
|-damage|p2a: Smaug|34/100
|move|p2a: Smaug|Lava Plume|p1a: Terrakion
|-resisted|p1a: Terrakion
|-crit|p1a: Terrakion
|-damage|p1a: Terrakion|0 fnt
|faint|p1a: Terrakion
|
|-weather|Sandstorm|[upkeep]
|-heal|p2a: Smaug|40/100|[from] item: Leftovers
|upkeep
|c|☆Volcanionisgood|smh no crit
|
|switch|p1a: Landorus|Landorus-Therian, M|30/100
|-damage|p1a: Landorus|17/100|[from] Stealth Rock
|-ability|p1a: Landorus|Intimidate|boost
|-unboost|p2a: Smaug|atk|1
|turn|48
|
|move|p2a: Smaug|Protect|p2a: Smaug
|-singleturn|p2a: Smaug|Protect
|move|p1a: Landorus|Earthquake|p2a: Smaug
|-activate|p2a: Smaug|move: Protect
|
|-weather|Sandstorm|[upkeep]
|-heal|p2a: Smaug|46/100|[from] item: Leftovers
|upkeep
|turn|49
|
|switch|p1a: Slowbro|Slowbro, M|100/100
|-damage|p1a: Slowbro|88/100|[from] Spikes
|-damage|p1a: Slowbro|76/100|[from] Stealth Rock
|switch|p2a: Primal|Landorus-Therian, M|32/100
|-damage|p2a: Primal|20/100|[from] Stealth Rock
|-ability|p2a: Primal|Intimidate|boost
|-unboost|p1a: Slowbro|atk|1
|
|-weather|Sandstorm|[upkeep]
|-damage|p1a: Slowbro|70/100|[from] Sandstorm
|-heal|p2a: Primal|26/100|[from] item: Leftovers
|-heal|p1a: Slowbro|76/100|[from] item: Leftovers
|upkeep
|turn|50
|c|☆Maximilliona|When you rely on them you ose js
|c|☆Maximilliona|lose
|
|move|p2a: Primal|U-turn|p1a: Slowbro
|-supereffective|p1a: Slowbro
|-damage|p1a: Slowbro|46/100
|
|switch|p2a: Smaug|Heatran, M|46/100
|-damage|p2a: Smaug|34/100|[from] Stealth Rock
|move|p1a: Slowbro|Scald|p2a: Smaug
|-supereffective|p2a: Smaug
|-damage|p2a: Smaug|1/100
|
|-weather|Sandstorm|[upkeep]
|-damage|p1a: Slowbro|40/100|[from] Sandstorm
|-heal|p2a: Smaug|7/100|[from] item: Leftovers
|-heal|p1a: Slowbro|46/100|[from] item: Leftovers
|upkeep
|turn|51
|
|switch|p1a: Heatran|Heatran, F|21/100
|-damage|p1a: Heatran|8/100|[from] Stealth Rock
|-damage|p1a: Heatran|0 fnt|[from] Spikes
|faint|p1a: Heatran
|move|p2a: Smaug|Toxic|p1: Heatran|[notarget]
|-notarget
|
|-weather|Sandstorm|[upkeep]
|-heal|p2a: Smaug|13/100|[from] item: Leftovers
|upkeep
|
|switch|p1a: Landorus|Landorus-Therian, M|17/100
|-damage|p1a: Landorus|5/100|[from] Stealth Rock
|-ability|p1a: Landorus|Intimidate|boost
|-unboost|p2a: Smaug|atk|1
|turn|52
|
|move|p2a: Smaug|Protect|p2a: Smaug
|-singleturn|p2a: Smaug|Protect
|move|p1a: Landorus|Earthquake|p2a: Smaug
|-activate|p2a: Smaug|move: Protect
|
|-weather|Sandstorm|[upkeep]
|-heal|p2a: Smaug|20/100|[from] item: Leftovers
|upkeep
|turn|53
|c|☆Maximilliona|gg I hope
|
|switch|p2a: Primal|Landorus-Therian, M|26/100
|-damage|p2a: Primal|14/100|[from] Stealth Rock
|-ability|p2a: Primal|Intimidate|boost
|-unboost|p1a: Landorus|atk|1
|move|p1a: Landorus|Earthquake|p2a: Primal
|-immune|p2a: Primal|[msg]
|
|-weather|Sandstorm|[upkeep]
|-heal|p2a: Primal|20/100|[from] item: Leftovers
|upkeep
|turn|54
|c|☆Volcanionisgood|bg
|
|move|p1a: Landorus|Earthquake|p2a: Primal
|-immune|p2a: Primal|[msg]
|move|p2a: Primal|Stealth Rock||[still]
|-fail|p2a: Primal
|
|-weather|Sandstorm|[upkeep]
|-heal|p2a: Primal|26/100|[from] item: Leftovers
|upkeep
|turn|55
|
|move|p1a: Landorus|Earthquake|p2a: Primal
|-immune|p2a: Primal|[msg]
|move|p2a: Primal|Earthquake|p1a: Landorus
|-immune|p1a: Landorus|[msg]
|
|-weather|Sandstorm|[upkeep]
|-heal|p2a: Primal|32/100|[from] item: Leftovers
|upkeep
|turn|56
|
|switch|p1a: Slowbro|Slowbro, M|79/100
|-damage|p1a: Slowbro|66/100|[from] Stealth Rock
|-damage|p1a: Slowbro|54/100|[from] Spikes
|move|p2a: Primal|Earthquake|p1a: Slowbro
|-damage|p1a: Slowbro|21/100
|
|-weather|Sandstorm|[upkeep]
|-damage|p1a: Slowbro|14/100|[from] Sandstorm
|-heal|p2a: Primal|38/100|[from] item: Leftovers
|-heal|p1a: Slowbro|21/100|[from] item: Leftovers
|upkeep
|turn|57
|
|switch|p1a: Landorus|Landorus-Therian, M|5/100
|-damage|p1a: Landorus|0 fnt|[from] Stealth Rock
|faint|p1a: Landorus
|move|p2a: Primal|Earthquake|p1: Landorus|[notarget]
|-notarget
|
|-weather|Sandstorm|[upkeep]
|-heal|p2a: Primal|45/100|[from] item: Leftovers
|upkeep
|
|switch|p1a: Slowbro|Slowbro, M|54/100
|-damage|p1a: Slowbro|41/100|[from] Spikes
|-damage|p1a: Slowbro|29/100|[from] Stealth Rock
|turn|58
|
|move|p2a: Primal|Earthquake|p1a: Slowbro
|-damage|p1a: Slowbro|0 fnt
|faint|p1a: Slowbro
|
|win|Maximilliona
|l|☆Volcanionisgood
|raw|Volcanionisgood's rating: 1457 &rarr; <strong>1428</strong><br />(-29 for losing)
|raw|Maximilliona's rating: 1283 &rarr; <strong>1320</strong><br />(+37 for winning)
