|j|☆lkhnnhjm
|j|☆SauceBoss10
|t:|1744259384
|gametype|singles
|player|p1|lkhnnhjm|linebacker|1289
|player|p2|SauceBoss10|swimmer-gen4dp|1458
|teamsize|p1|6
|teamsize|p2|6
|gen|5
|tier|[Gen 5] OU
|rated|
|rule|Species Clause: Limit one of each Pokémon
|rule|OHKO Clause: OHKO moves are banned
|rule|Moody Clause: Moody is banned
|rule|Evasion Items Clause: Evasion items are banned
|rule|Evasion Moves Clause: Evasion moves are banned
|rule|Endless Battle Clause: Forcing endless battles is banned
|rule|HP Percentage Mod: HP is shown in percentages
|rule|Evasion Abilities Clause: Evasion abilities are banned
|rule|Sleep Moves Clause: Sleep-inducing moves are banned
|rule|Swagger Clause: Swagger is banned
|rule|Baton Pass Stat Clause: No Baton Passer may have a way to boost its stats
|clearpoke
|poke|p1|Alakazam, F|item
|poke|p1|Ferrothorn, F|item
|poke|p1|Keldeo-Resolute|item
|poke|p1|Mamoswine, F|item
|poke|p1|Thundurus-Therian, M|item
|poke|p1|Tyranitar, M|item
|poke|p2|Ninetales, M|item
|poke|p2|Volcarona, M|item
|poke|p2|Victini|item
|poke|p2|Xatu, M|item
|poke|p2|Cresselia, F|item
|poke|p2|Excadrill, F|item
|teampreview
|inactive|Battle timer is ON: inactive players will automatically lose when time's up. (requested by SauceBoss10)
|
|t:|1744259410
|start
|switch|p1a: Tyranitar|Tyranitar, M, shiny|100/100
|switch|p2a: Xatu|Xatu, M, shiny|100/100
|-weather|Sandstorm|[from] ability: Sand Stream|[of] p1a: Tyranitar
|turn|1
|inactive|lkhnnhjm has 120 seconds left.
|
|t:|1744259447
|move|p2a: Xatu|Reflect|p2a: Xatu
|-sidestart|p2: SauceBoss10|Reflect
|move|p1a: Tyranitar|Stone Edge|p2a: Xatu
|-supereffective|p2a: Xatu
|-damage|p2a: Xatu|58/100
|
|-weather|Sandstorm|[upkeep]
|-damage|p2a: Xatu|52/100|[from] Sandstorm
|upkeep
|turn|2
|inactive|lkhnnhjm has 120 seconds left.
|
|t:|1744259471
|move|p2a: Xatu|Roost|p2a: Xatu
|-heal|p2a: Xatu|100/100
|-singleturn|p2a: Xatu|move: Roost
|move|p1a: Tyranitar|Curse|p1a: Tyranitar
|-unboost|p1a: Tyranitar|spe|1
|-boost|p1a: Tyranitar|atk|1
|-boost|p1a: Tyranitar|def|1
|
|-weather|Sandstorm|[upkeep]
|-damage|p2a: Xatu|95/100|[from] Sandstorm
|upkeep
|turn|3
|
|t:|1744259478
|move|p2a: Xatu|Toxic|p1a: Tyranitar
|-status|p1a: Tyranitar|tox
|move|p1a: Tyranitar|Stone Edge|p2a: Xatu
|-supereffective|p2a: Xatu
|-damage|p2a: Xatu|25/100
|
|-weather|Sandstorm|[upkeep]
|-damage|p2a: Xatu|19/100|[from] Sandstorm
|-damage|p1a: Tyranitar|94/100 tox|[from] psn
|upkeep
|turn|4
|
|t:|1744259492
|switch|p1a: Thundurus|Thundurus-Therian, M, shiny|100/100
|move|p2a: Xatu|Roost|p2a: Xatu
|-heal|p2a: Xatu|69/100
|-singleturn|p2a: Xatu|move: Roost
|
|-weather|Sandstorm|[upkeep]
|-damage|p1a: Thundurus|94/100|[from] Sandstorm
|-damage|p2a: Xatu|63/100|[from] Sandstorm
|-heal|p1a: Thundurus|100/100|[from] item: Leftovers
|upkeep
|turn|5
|inactive|lkhnnhjm has 120 seconds left.
|
|t:|1744259511
|switch|p2a: Ninetales|Ninetales, M|100/100
|-weather|SunnyDay|[from] ability: Drought|[of] p2a: Ninetales
|move|p1a: Thundurus|Thunderbolt|p2a: Ninetales
|-damage|p2a: Ninetales|46/100
|
|-weather|SunnyDay|[upkeep]
|-heal|p2a: Ninetales|52/100|[from] item: Leftovers
|-sideend|p2: SauceBoss10|Reflect
|upkeep
|turn|6
|
|t:|1744259517
|switch|p2a: Cresselia|Cresselia, F|100/100
|switch|p1a: Tyranitar|Tyranitar, M, shiny|94/100 tox
|-weather|Sandstorm|[from] ability: Sand Stream|[of] p1a: Tyranitar
|
|-weather|Sandstorm|[upkeep]
|-damage|p2a: Cresselia|94/100|[from] Sandstorm
|-heal|p2a: Cresselia|100/100|[from] item: Leftovers
|-heal|p1a: Tyranitar|100/100 tox|[from] item: Leftovers
|-damage|p1a: Tyranitar|94/100 tox|[from] psn
|upkeep
|turn|7
|
|t:|1744259526
|-activate|p2a: Cresselia|move: Pursuit
|move|p1a: Tyranitar|Pursuit|p2a: Cresselia|[from] Pursuit
|-supereffective|p2a: Cresselia
|-damage|p2a: Cresselia|69/100
|switch|p2a: Excadrill|Excadrill, F, shiny|100/100
|-ability|p2a: Excadrill|Mold Breaker
|
|-weather|Sandstorm|[upkeep]
|-heal|p1a: Tyranitar|100/100 tox|[from] item: Leftovers
|-damage|p1a: Tyranitar|88/100 tox|[from] psn
|upkeep
|turn|8
|
|t:|1744259541
|switch|p1a: Keldeo|Keldeo-Resolute|100/100
|move|p2a: Excadrill|Stealth Rock|p1a: Keldeo
|-sidestart|p1: lkhnnhjm|move: Stealth Rock
|
|-weather|Sandstorm|[upkeep]
|-damage|p1a: Keldeo|94/100|[from] Sandstorm
|-heal|p1a: Keldeo|100/100|[from] item: Leftovers
|upkeep
|turn|9
|
|t:|1744259554
|switch|p2a: Ninetales|Ninetales, M|52/100
|-weather|SunnyDay|[from] ability: Drought|[of] p2a: Ninetales
|move|p1a: Keldeo|Hydro Pump|p2a: Ninetales
|-supereffective|p2a: Ninetales
|-damage|p2a: Ninetales|0 fnt
|faint|p2a: Ninetales
|
|-weather|SunnyDay|[upkeep]
|upkeep
|inactive|SauceBoss10 has 120 seconds left.
|
|t:|1744259589
|switch|p2a: Victini|Victini|100/100
|turn|10
|
|t:|1744259611
|switch|p1a: Mamoswine|Mamoswine, F, shiny|100/100
|-damage|p1a: Mamoswine|88/100|[from] Stealth Rock
|move|p2a: Victini|U-turn|p1a: Mamoswine
|-damage|p1a: Mamoswine|68/100
|
|t:|1744259621
|switch|p2a: Volcarona|Volcarona, M|100/100|[from] U-turn
|
|-weather|SunnyDay|[upkeep]
|-heal|p1a: Mamoswine|74/100|[from] item: Leftovers
|upkeep
|turn|11
|
|t:|1744259630
|move|p2a: Volcarona|Fiery Dance|p1a: Mamoswine
|-supereffective|p1a: Mamoswine
|-damage|p1a: Mamoswine|0 fnt
|faint|p1a: Mamoswine
|
|-weather|SunnyDay|[upkeep]
|upkeep
|
|t:|1744259636
|switch|p1a: Tyranitar|Tyranitar, M, shiny|88/100 tox
|-damage|p1a: Tyranitar|76/100 tox|[from] Stealth Rock
|-weather|Sandstorm|[from] ability: Sand Stream|[of] p1a: Tyranitar
|turn|12
|
|t:|1744259646
|switch|p2a: Excadrill|Excadrill, F, shiny|100/100
|-ability|p2a: Excadrill|Mold Breaker
|switch|p1a: Keldeo|Keldeo-Resolute|100/100
|-damage|p1a: Keldeo|94/100|[from] Stealth Rock
|
|-weather|Sandstorm|[upkeep]
|-damage|p1a: Keldeo|88/100|[from] Sandstorm
|-heal|p1a: Keldeo|94/100|[from] item: Leftovers
|upkeep
|turn|13
|
|t:|1744259661
|switch|p2a: Cresselia|Cresselia, F|69/100
|move|p1a: Keldeo|Hydro Pump|p2a: Cresselia|[miss]
|-miss|p1a: Keldeo|p2a: Cresselia
|
|-weather|Sandstorm|[upkeep]
|-damage|p1a: Keldeo|88/100|[from] Sandstorm
|-damage|p2a: Cresselia|63/100|[from] Sandstorm
|-heal|p1a: Keldeo|94/100|[from] item: Leftovers
|-heal|p2a: Cresselia|69/100|[from] item: Leftovers
|upkeep
|turn|14
|
|t:|1744259667
|move|p1a: Keldeo|Taunt|p2a: Cresselia
|-start|p2a: Cresselia|move: Taunt
|cant|p2a: Cresselia|move: Taunt|Calm Mind
|
|-weather|Sandstorm|[upkeep]
|-damage|p1a: Keldeo|88/100|[from] Sandstorm
|-damage|p2a: Cresselia|63/100|[from] Sandstorm
|-heal|p1a: Keldeo|94/100|[from] item: Leftovers
|-heal|p2a: Cresselia|69/100|[from] item: Leftovers
|upkeep
|turn|15
|
|t:|1744259673
|move|p1a: Keldeo|Calm Mind|p1a: Keldeo
|-boost|p1a: Keldeo|spa|1
|-boost|p1a: Keldeo|spd|1
|move|p2a: Cresselia|Psyshock|p1a: Keldeo
|-supereffective|p1a: Keldeo
|-damage|p1a: Keldeo|45/100
|
|-weather|Sandstorm|[upkeep]
|-damage|p1a: Keldeo|39/100|[from] Sandstorm
|-damage|p2a: Cresselia|63/100|[from] Sandstorm
|-heal|p1a: Keldeo|45/100|[from] item: Leftovers
|-heal|p2a: Cresselia|69/100|[from] item: Leftovers
|upkeep
|turn|16
|inactive|lkhnnhjm has 120 seconds left.
|
|t:|1744259720
|switch|p1a: Thundurus|Thundurus-Therian, M, shiny|100/100
|-damage|p1a: Thundurus|76/100|[from] Stealth Rock
|move|p2a: Cresselia|Psyshock|p1a: Thundurus
|-damage|p1a: Thundurus|38/100
|
|-weather|Sandstorm|[upkeep]
|-damage|p1a: Thundurus|32/100|[from] Sandstorm
|-damage|p2a: Cresselia|63/100|[from] Sandstorm
|-heal|p1a: Thundurus|38/100|[from] item: Leftovers
|-heal|p2a: Cresselia|69/100|[from] item: Leftovers
|-end|p2a: Cresselia|move: Taunt
|upkeep
|turn|17
|
|t:|1744259733
|move|p1a: Thundurus|Thunderbolt|p2a: Cresselia
|-damage|p2a: Cresselia|32/100
|move|p2a: Cresselia|Ice Beam|p1a: Thundurus
|-supereffective|p1a: Thundurus
|-damage|p1a: Thundurus|0 fnt
|faint|p1a: Thundurus
|
|-weather|Sandstorm|[upkeep]
|-damage|p2a: Cresselia|26/100|[from] Sandstorm
|-heal|p2a: Cresselia|32/100|[from] item: Leftovers
|upkeep
|
|t:|1744259740
|switch|p1a: Tyranitar|Tyranitar, M, shiny|76/100 tox
|-damage|p1a: Tyranitar|63/100 tox|[from] Stealth Rock
|turn|18
|
|t:|1744259743
|switch|p2a: Excadrill|Excadrill, F, shiny|100/100
|-ability|p2a: Excadrill|Mold Breaker
|move|p1a: Tyranitar|Curse|p1a: Tyranitar
|-unboost|p1a: Tyranitar|spe|1
|-boost|p1a: Tyranitar|atk|1
|-boost|p1a: Tyranitar|def|1
|
|-weather|Sandstorm|[upkeep]
|-heal|p1a: Tyranitar|69/100 tox|[from] item: Leftovers
|-damage|p1a: Tyranitar|63/100 tox|[from] psn
|upkeep
|turn|19
|inactive|lkhnnhjm has 120 seconds left.
|
|t:|1744259757
|move|p2a: Excadrill|Earthquake|p1a: Tyranitar
|-supereffective|p1a: Tyranitar
|-damage|p1a: Tyranitar|13/100 tox
|move|p1a: Tyranitar|Low Kick|p2a: Excadrill
|-supereffective|p2a: Excadrill
|-crit|p2a: Excadrill
|-damage|p2a: Excadrill|0 fnt
|faint|p2a: Excadrill
|
|-weather|Sandstorm|[upkeep]
|-heal|p1a: Tyranitar|19/100 tox|[from] item: Leftovers
|-damage|p1a: Tyranitar|6/100 tox|[from] psn
|upkeep
|j| dzf 114513
|
|t:|1744259786
|switch|p2a: Victini|Victini|100/100
|turn|20
|inactive|lkhnnhjm has 120 seconds left.
|
|t:|1744259797
|move|p2a: Victini|U-turn|p1a: Tyranitar
|-supereffective|p1a: Tyranitar
|-damage|p1a: Tyranitar|0 fnt
|faint|p1a: Tyranitar
|
|t:|1744259815
|switch|p2a: Xatu|Xatu, M, shiny|63/100|[from] U-turn
|
|-weather|Sandstorm|[upkeep]
|-damage|p2a: Xatu|57/100|[from] Sandstorm
|upkeep
|l| dzf 114513
|
|t:|1744259823
|switch|p1a: Alakazam|Alakazam, F, shiny|100/100
|turn|21
|
|t:|1744259830
|move|p1a: Alakazam|Shadow Ball|p2a: Xatu
|-supereffective|p2a: Xatu
|-damage|p2a: Xatu|0 fnt
|faint|p2a: Xatu
|
|-weather|Sandstorm|[upkeep]
|upkeep
|
|t:|1744259840
|switch|p2a: Victini|Victini|100/100
|turn|22
|
|t:|1744259859
|switch|p1a: Keldeo|Keldeo-Resolute|45/100
|-damage|p1a: Keldeo|39/100|[from] Stealth Rock
|move|p2a: Victini|U-turn|p1a: Keldeo
|-resisted|p1a: Keldeo
|-damage|p1a: Keldeo|27/100
|
|t:|1744259869
|switch|p2a: Cresselia|Cresselia, F|32/100|[from] U-turn
|
|-weather|Sandstorm|[upkeep]
|-damage|p1a: Keldeo|21/100|[from] Sandstorm
|-damage|p2a: Cresselia|26/100|[from] Sandstorm
|-heal|p1a: Keldeo|27/100|[from] item: Leftovers
|-heal|p2a: Cresselia|32/100|[from] item: Leftovers
|upkeep
|turn|23
|inactive|lkhnnhjm has 120 seconds left.
|inactive|lkhnnhjm has 90 seconds left.
|
|t:|1744259955
|move|p1a: Keldeo|Hydro Pump|p2a: Cresselia
|-damage|p2a: Cresselia|0 fnt
|faint|p2a: Cresselia
|
|-weather|Sandstorm|[upkeep]
|-damage|p1a: Keldeo|21/100|[from] Sandstorm
|-heal|p1a: Keldeo|27/100|[from] item: Leftovers
|upkeep
|
|t:|1744259972
|switch|p2a: Victini|Victini|100/100
|turn|24
|
|t:|1744259988
|switch|p1a: Ferrothorn|Ferrothorn, F, shiny|100/100
|-damage|p1a: Ferrothorn|95/100|[from] Stealth Rock
|move|p2a: Victini|Bolt Strike|p1a: Ferrothorn
|-resisted|p1a: Ferrothorn
|-damage|p1a: Ferrothorn|79/100
|-status|p1a: Ferrothorn|par
|-damage|p2a: Victini|88/100|[from] ability: Iron Barbs|[of] p1a: Ferrothorn
|
|-weather|Sandstorm|[upkeep]
|-damage|p2a: Victini|82/100|[from] Sandstorm
|-heal|p1a: Ferrothorn|85/100 par|[from] item: Leftovers
|upkeep
|turn|25
|
|t:|1744259993
|switch|p2a: Volcarona|Volcarona, M|100/100
|switch|p1a: Keldeo|Keldeo-Resolute|27/100
|-damage|p1a: Keldeo|21/100|[from] Stealth Rock
|
|-weather|Sandstorm|[upkeep]
|-damage|p1a: Keldeo|14/100|[from] Sandstorm
|-damage|p2a: Volcarona|94/100|[from] Sandstorm
|-heal|p1a: Keldeo|21/100|[from] item: Leftovers
|upkeep
|turn|26
|
|t:|1744260006
|switch|p2a: Victini|Victini|82/100
|move|p1a: Keldeo|Hydro Pump|p2a: Victini
|-supereffective|p2a: Victini
|-damage|p2a: Victini|0 fnt
|faint|p2a: Victini
|
|-weather|Sandstorm|[upkeep]
|-damage|p1a: Keldeo|14/100|[from] Sandstorm
|-heal|p1a: Keldeo|21/100|[from] item: Leftovers
|upkeep
|
|t:|1744260008
|switch|p2a: Volcarona|Volcarona, M|94/100
|turn|27
|
|t:|1744260011
|move|p1a: Keldeo|Taunt|p2a: Volcarona
|-start|p2a: Volcarona|move: Taunt
|cant|p2a: Volcarona|move: Taunt|Quiver Dance
|
|-weather|Sandstorm|[upkeep]
|-damage|p1a: Keldeo|14/100|[from] Sandstorm
|-damage|p2a: Volcarona|88/100|[from] Sandstorm
|-heal|p1a: Keldeo|21/100|[from] item: Leftovers
|upkeep
|turn|28
|
|t:|1744260020
|move|p1a: Keldeo|Hydro Pump|p2a: Volcarona
|-supereffective|p2a: Volcarona
|-damage|p2a: Volcarona|0 fnt
|faint|p2a: Volcarona
|
|win|lkhnnhjm
|raw|lkhnnhjm's rating: 1289 &rarr; <strong>1325</strong><br />(+36 for winning)
|raw|SauceBoss10's rating: 1458 &rarr; <strong>1429</strong><br />(-29 for losing)
|l|☆SauceBoss10
|player|p2|
