|j|☆jz's mom
|j|☆leoperi99
|t:|1741042471
|gametype|singles
|player|p1|jz's mom|wallace|1420
|player|p2|leoperi99|kris-gen2|1584
|teamsize|p1|6
|teamsize|p2|6
|gen|5
|tier|[Gen 5] OU
|rated|
|rule|Species Clause: Limit one of each Pokémon
|rule|OHKO Clause: OHKO moves are banned
|rule|Moody Clause: Moody is banned
|rule|Evasion Items Clause: Evasion items are banned
|rule|Evasion Moves Clause: Evasion moves are banned
|rule|Endless Battle Clause: Forcing endless battles is banned
|rule|HP Percentage Mod: HP is shown in percentages
|rule|Evasion Abilities Clause: Evasion abilities are banned
|rule|Sleep Moves Clause: Sleep-inducing moves are banned
|rule|Swagger Clause: Swagger is banned
|rule|Baton Pass Stat Clause: No Baton Passer may have a way to boost its stats
|clearpoke
|poke|p1|Hippowdon, F|item
|poke|p1|Ferrothorn, M|item
|poke|p1|Magnezone|item
|poke|p1|Latios, M|item
|poke|p1|Excadrill, F|item
|poke|p1|Reuniclus, F|item
|poke|p2|Reuniclus, F|item
|poke|p2|Tyranitar, M|item
|poke|p2|Bronzong|item
|poke|p2|Flygon, F|item
|poke|p2|Jirachi|item
|poke|p2|Seismitoad, M|item
|teampreview
|inactive|Battle timer is ON: inactive players will automatically lose when time's up. (requested by jz's mom)
|inactive|leoperi99 has 120 seconds left.
|
|t:|1741042503
|start
|switch|p1a: Ferrothorn|Ferrothorn, M|100/100
|switch|p2a: Reuniclus|Reuniclus, F|100/100
|turn|1
|
|t:|1741042508
|switch|p1a: Latios|Latios, M|100/100
|move|p2a: Reuniclus|Focus Blast|p1a: Latios
|-resisted|p1a: Latios
|-damage|p1a: Latios|69/100
|
|upkeep
|turn|2
|
|t:|1741042518
|switch|p1a: Hippowdon|Hippowdon, F|100/100
|-weather|Sandstorm|[from] ability: Sand Stream|[of] p1a: Hippowdon
|switch|p2a: Jirachi|Jirachi|100/100
|
|-weather|Sandstorm|[upkeep]
|upkeep
|turn|3
|
|t:|1741042521
|move|p2a: Jirachi|Fire Punch|p1a: Hippowdon
|-damage|p1a: Hippowdon|89/100
|move|p1a: Hippowdon|Stealth Rock|p2a: Jirachi
|-sidestart|p2: leoperi99|move: Stealth Rock
|
|-weather|Sandstorm|[upkeep]
|-heal|p1a: Hippowdon|95/100|[from] item: Leftovers
|upkeep
|turn|4
|
|t:|1741042530
|switch|p1a: Reuniclus|Reuniclus, F|100/100
|move|p2a: Jirachi|Fire Punch|p1a: Reuniclus
|-damage|p1a: Reuniclus|87/100
|
|-weather|Sandstorm|[upkeep]
|-heal|p1a: Reuniclus|93/100|[from] item: Leftovers
|upkeep
|turn|5
|
|t:|1741042542
|switch|p1a: Ferrothorn|Ferrothorn, M|100/100
|move|p2a: Jirachi|Iron Head|p1a: Ferrothorn
|-resisted|p1a: Ferrothorn
|-damage|p1a: Ferrothorn|90/100
|-damage|p2a: Jirachi|88/100|[from] ability: Iron Barbs|[of] p1a: Ferrothorn
|
|-weather|Sandstorm|[upkeep]
|-heal|p2a: Jirachi|94/100|[from] item: Leftovers
|-heal|p1a: Ferrothorn|97/100|[from] item: Leftovers
|upkeep
|turn|6
|
|t:|1741042548
|switch|p1a: Reuniclus|Reuniclus, F|93/100
|move|p2a: Jirachi|Fire Punch|p1a: Reuniclus
|-damage|p1a: Reuniclus|80/100
|
|-weather|Sandstorm|[upkeep]
|-heal|p2a: Jirachi|100/100|[from] item: Leftovers
|-heal|p1a: Reuniclus|86/100|[from] item: Leftovers
|upkeep
|turn|7
|
|t:|1741042552
|move|p2a: Jirachi|Iron Head|p1a: Reuniclus
|-damage|p1a: Reuniclus|67/100
|cant|p1a: Reuniclus|flinch
|
|-weather|Sandstorm|[upkeep]
|-heal|p1a: Reuniclus|73/100|[from] item: Leftovers
|upkeep
|turn|8
|
|t:|1741042566
|switch|p1a: Ferrothorn|Ferrothorn, M|97/100
|move|p2a: Jirachi|Iron Head|p1a: Ferrothorn
|-resisted|p1a: Ferrothorn
|-damage|p1a: Ferrothorn|87/100
|-damage|p2a: Jirachi|88/100|[from] ability: Iron Barbs|[of] p1a: Ferrothorn
|
|-weather|Sandstorm|[upkeep]
|-heal|p2a: Jirachi|94/100|[from] item: Leftovers
|-heal|p1a: Ferrothorn|94/100|[from] item: Leftovers
|upkeep
|turn|9
|
|t:|1741042581
|switch|p1a: Reuniclus|Reuniclus, F|73/100
|move|p2a: Jirachi|U-turn|p1a: Reuniclus
|-supereffective|p1a: Reuniclus
|-damage|p1a: Reuniclus|49/100
|
|t:|1741042584
|switch|p2a: Tyranitar|Tyranitar, M|100/100|[from] U-turn
|-damage|p2a: Tyranitar|88/100|[from] Stealth Rock
|
|-weather|Sandstorm|[upkeep]
|-heal|p1a: Reuniclus|55/100|[from] item: Leftovers
|upkeep
|turn|10
|
|t:|1741042593
|move|p2a: Tyranitar|Crunch|p1a: Reuniclus
|-supereffective|p1a: Reuniclus
|-damage|p1a: Reuniclus|4/100
|-unboost|p1a: Reuniclus|def|1
|move|p1a: Reuniclus|Recover|p1a: Reuniclus
|-heal|p1a: Reuniclus|54/100
|
|-weather|Sandstorm|[upkeep]
|-heal|p1a: Reuniclus|60/100|[from] item: Leftovers
|upkeep
|turn|11
|
|t:|1741042599
|move|p2a: Tyranitar|Pursuit|p1a: Reuniclus
|-supereffective|p1a: Reuniclus
|-damage|p1a: Reuniclus|23/100
|move|p1a: Reuniclus|Thunder|p2a: Tyranitar
|-damage|p2a: Tyranitar|72/100
|
|-weather|Sandstorm|[upkeep]
|-heal|p1a: Reuniclus|29/100|[from] item: Leftovers
|upkeep
|turn|12
|
|t:|1741042604
|move|p2a: Tyranitar|Pursuit|p1a: Reuniclus
|-supereffective|p1a: Reuniclus
|-damage|p1a: Reuniclus|0 fnt
|faint|p1a: Reuniclus
|
|-weather|Sandstorm|[upkeep]
|upkeep
|
|t:|1741042615
|switch|p1a: Ferrothorn|Ferrothorn, M|94/100
|turn|13
|
|t:|1741042621
|switch|p2a: Reuniclus|Reuniclus, F|100/100
|move|p1a: Ferrothorn|Spikes|p2a: Reuniclus
|-sidestart|p2: leoperi99|Spikes
|
|-weather|Sandstorm|[upkeep]
|-heal|p1a: Ferrothorn|99/100|[from] item: Leftovers
|upkeep
|turn|14
|
|t:|1741042628
|switch|p1a: Latios|Latios, M|69/100
|move|p2a: Reuniclus|Trick Room|p2a: Reuniclus
|-fieldstart|move: Trick Room|[of] p2a: Reuniclus
|
|-weather|Sandstorm|[upkeep]
|-damage|p1a: Latios|63/100|[from] Sandstorm
|upkeep
|turn|15
|
|t:|1741042636
|switch|p2a: Bronzong|Bronzong|100/100
|-damage|p2a: Bronzong|94/100|[from] Stealth Rock
|move|p1a: Latios|Trick|p2a: Bronzong
|-activate|p1a: Latios|move: Trick|[of] p2a: Bronzong
|-item|p2a: Bronzong|Choice Specs|[from] move: Trick
|-item|p1a: Latios|Life Orb|[from] move: Trick
|
|-weather|Sandstorm|[upkeep]
|-damage|p1a: Latios|57/100|[from] Sandstorm
|upkeep
|turn|16
|
|t:|1741042643
|switch|p2a: Tyranitar|Tyranitar, M|72/100
|-damage|p2a: Tyranitar|60/100|[from] Stealth Rock
|-damage|p2a: Tyranitar|47/100|[from] Spikes
|switch|p1a: Magnezone|Magnezone|100/100
|-item|p1a: Magnezone|Air Balloon
|
|-weather|Sandstorm|[upkeep]
|upkeep
|turn|17
|
|t:|1741042652
|-activate|p1a: Magnezone|move: Pursuit
|move|p2a: Tyranitar|Pursuit|p1a: Magnezone|[from] Pursuit
|-resisted|p1a: Magnezone
|-damage|p1a: Magnezone|81/100
|-enditem|p1a: Magnezone|Air Balloon
|switch|p1a: Ferrothorn|Ferrothorn, M|99/100
|
|-weather|Sandstorm|[upkeep]
|-heal|p1a: Ferrothorn|100/100|[from] item: Leftovers
|upkeep
|turn|18
|
|t:|1741042663
|switch|p2a: Seismitoad|Seismitoad, M|100/100
|-damage|p2a: Seismitoad|94/100|[from] Stealth Rock
|-damage|p2a: Seismitoad|82/100|[from] Spikes
|move|p1a: Ferrothorn|Spikes|p2a: Seismitoad
|-sidestart|p2: leoperi99|Spikes
|
|-weather|Sandstorm|[upkeep]
|-heal|p2a: Seismitoad|88/100|[from] item: Leftovers
|-fieldend|move: Trick Room
|upkeep
|turn|19
|
|t:|1741042665
|move|p2a: Seismitoad|Stealth Rock|p1a: Ferrothorn
|-sidestart|p1: jz's mom|move: Stealth Rock
|move|p1a: Ferrothorn|Power Whip|p2a: Seismitoad
|-supereffective|p2a: Seismitoad
|-damage|p2a: Seismitoad|0 fnt
|faint|p2a: Seismitoad
|
|-weather|Sandstorm|[upkeep]
|upkeep
|
|t:|1741042670
|switch|p2a: Reuniclus|Reuniclus, F|100/100
|turn|20
|
|t:|1741042675
|switch|p1a: Hippowdon|Hippowdon, F|95/100
|-damage|p1a: Hippowdon|89/100|[from] Stealth Rock
|move|p2a: Reuniclus|Trick Room|p2a: Reuniclus
|-fieldstart|move: Trick Room|[of] p2a: Reuniclus
|
|-weather|Sandstorm|[upkeep]
|-heal|p1a: Hippowdon|95/100|[from] item: Leftovers
|upkeep
|turn|21
|
|t:|1741042683
|move|p2a: Reuniclus|Psychic|p1a: Hippowdon
|-damage|p1a: Hippowdon|43/100
|move|p1a: Hippowdon|Whirlwind|p2a: Reuniclus
|drag|p2a: Tyranitar|Tyranitar, M|47/100
|-damage|p2a: Tyranitar|35/100|[from] Stealth Rock
|-damage|p2a: Tyranitar|18/100|[from] Spikes
|
|-weather|Sandstorm|[upkeep]
|-heal|p1a: Hippowdon|49/100|[from] item: Leftovers
|upkeep
|turn|22
|
|t:|1741042688
|move|p1a: Hippowdon|Slack Off|p1a: Hippowdon
|-heal|p1a: Hippowdon|99/100
|move|p2a: Tyranitar|Ice Beam|p1a: Hippowdon
|-supereffective|p1a: Hippowdon
|-damage|p1a: Hippowdon|64/100
|
|-weather|Sandstorm|[upkeep]
|-heal|p1a: Hippowdon|70/100|[from] item: Leftovers
|upkeep
|turn|23
|
|t:|1741042693
|move|p1a: Hippowdon|Earthquake|p2a: Tyranitar
|-supereffective|p2a: Tyranitar
|-damage|p2a: Tyranitar|0 fnt
|faint|p2a: Tyranitar
|
|-weather|Sandstorm|[upkeep]
|-heal|p1a: Hippowdon|77/100|[from] item: Leftovers
|upkeep
|
|t:|1741042696
|switch|p2a: Reuniclus|Reuniclus, F|100/100
|turn|24
|
|t:|1741042707
|move|p2a: Reuniclus|Psychic|p1a: Hippowdon
|-damage|p1a: Hippowdon|26/100
|move|p1a: Hippowdon|Earthquake|p2a: Reuniclus
|-damage|p2a: Reuniclus|69/100
|
|-weather|Sandstorm|[upkeep]
|-heal|p1a: Hippowdon|32/100|[from] item: Leftovers
|-fieldend|move: Trick Room
|upkeep
|turn|25
|
|t:|1741042711
|move|p1a: Hippowdon|Earthquake|p2a: Reuniclus
|-damage|p2a: Reuniclus|37/100
|move|p2a: Reuniclus|Psychic|p1a: Hippowdon
|-damage|p1a: Hippowdon|0 fnt
|faint|p1a: Hippowdon
|
|-weather|Sandstorm|[upkeep]
|upkeep
|
|t:|1741042727
|switch|p1a: Excadrill|Excadrill, F|100/100
|-damage|p1a: Excadrill|97/100|[from] Stealth Rock
|turn|26
|
|t:|1741042731
|switch|p2a: Bronzong|Bronzong|94/100
|-damage|p2a: Bronzong|88/100|[from] Stealth Rock
|move|p1a: Excadrill|Iron Head|p2a: Bronzong
|-resisted|p2a: Bronzong
|-damage|p2a: Bronzong|61/100
|
|-weather|Sandstorm|[upkeep]
|upkeep
|turn|27
|
|t:|1741042735
|switch|p1a: Ferrothorn|Ferrothorn, M|100/100
|-damage|p1a: Ferrothorn|94/100|[from] Stealth Rock
|move|p2a: Bronzong|Earthquake|p1a: Ferrothorn
|-damage|p1a: Ferrothorn|77/100
|
|-weather|Sandstorm|[upkeep]
|-heal|p1a: Ferrothorn|83/100|[from] item: Leftovers
|upkeep
|turn|28
|
|t:|1741042738
|move|p1a: Ferrothorn|Power Whip|p2a: Bronzong
|-resisted|p2a: Bronzong
|-damage|p2a: Bronzong|44/100
|move|p2a: Bronzong|Earthquake|p1a: Ferrothorn
|-damage|p1a: Ferrothorn|64/100
|
|-weather|Sandstorm|[upkeep]
|-heal|p1a: Ferrothorn|70/100|[from] item: Leftovers
|upkeep
|turn|29
|
|t:|1741042742
|switch|p2a: Jirachi|Jirachi|94/100
|-damage|p2a: Jirachi|88/100|[from] Stealth Rock
|-damage|p2a: Jirachi|72/100|[from] Spikes
|move|p1a: Ferrothorn|Spikes|p2a: Jirachi
|-sidestart|p2: leoperi99|Spikes
|
|-weather|Sandstorm|[upkeep]
|-heal|p2a: Jirachi|78/100|[from] item: Leftovers
|-heal|p1a: Ferrothorn|76/100|[from] item: Leftovers
|upkeep
|turn|30
|
|t:|1741042751
|move|p1a: Ferrothorn|Protect|p1a: Ferrothorn
|-singleturn|p1a: Ferrothorn|Protect
|move|p2a: Jirachi|Wish|p2a: Jirachi
|
|-weather|Sandstorm|[upkeep]
|-heal|p2a: Jirachi|84/100|[from] item: Leftovers
|-heal|p1a: Ferrothorn|82/100|[from] item: Leftovers
|upkeep
|turn|31
|
|t:|1741042754
|move|p2a: Jirachi|U-turn|p1a: Ferrothorn
|-crit|p1a: Ferrothorn
|-damage|p1a: Ferrothorn|61/100
|-damage|p2a: Jirachi|72/100|[from] ability: Iron Barbs|[of] p1a: Ferrothorn
|
|t:|1741042756
|switch|p2a: Reuniclus|Reuniclus, F|37/100|[from] U-turn
|move|p1a: Ferrothorn|Leech Seed|p2a: Reuniclus
|-start|p2a: Reuniclus|move: Leech Seed
|
|-weather|Sandstorm|[upkeep]
|-heal|p2a: Reuniclus|91/100|[from] move: Wish|[wisher] Jirachi
|-heal|p1a: Ferrothorn|67/100|[from] item: Leftovers
|upkeep
|turn|32
|
|t:|1741042762
|move|p1a: Ferrothorn|Power Whip|p2a: Reuniclus|[miss]
|-miss|p1a: Ferrothorn|p2a: Reuniclus
|move|p2a: Reuniclus|Trick Room|p2a: Reuniclus
|-fieldstart|move: Trick Room|[of] p2a: Reuniclus
|
|-weather|Sandstorm|[upkeep]
|-heal|p1a: Ferrothorn|74/100|[from] item: Leftovers
|upkeep
|turn|33
|
|t:|1741042765
|move|p1a: Ferrothorn|Protect|p1a: Ferrothorn
|-singleturn|p1a: Ferrothorn|Protect
|move|p2a: Reuniclus|Focus Blast|p1a: Ferrothorn
|-activate|p1a: Ferrothorn|move: Protect
|
|-weather|Sandstorm|[upkeep]
|-heal|p1a: Ferrothorn|80/100|[from] item: Leftovers
|upkeep
|turn|34
|
|t:|1741042769
|move|p2a: Reuniclus|Focus Blast|p1a: Ferrothorn
|-supereffective|p1a: Ferrothorn
|-damage|p1a: Ferrothorn|0 fnt
|faint|p1a: Ferrothorn
|
|-weather|Sandstorm|[upkeep]
|upkeep
|
|t:|1741042778
|switch|p1a: Magnezone|Magnezone|81/100
|-damage|p1a: Magnezone|75/100|[from] Stealth Rock
|turn|35
|
|t:|1741042795
|move|p2a: Reuniclus|Focus Blast|p1a: Magnezone
|-supereffective|p1a: Magnezone
|-damage|p1a: Magnezone|0 fnt
|faint|p1a: Magnezone
|
|-weather|Sandstorm|[upkeep]
|upkeep
|
|t:|1741042797
|switch|p1a: Latios|Latios, M|57/100
|-damage|p1a: Latios|45/100|[from] Stealth Rock
|turn|36
|
|t:|1741042815
|switch|p2a: Bronzong|Bronzong|44/100
|-damage|p2a: Bronzong|38/100|[from] Stealth Rock
|move|p1a: Latios|Recover|p1a: Latios
|-heal|p1a: Latios|95/100
|
|-weather|Sandstorm|[upkeep]
|-damage|p1a: Latios|89/100|[from] Sandstorm
|-fieldend|move: Trick Room
|upkeep
|turn|37
|
|t:|1741042819
|move|p1a: Latios|Surf|p2a: Bronzong
|-damage|p2a: Bronzong|0 fnt
|faint|p2a: Bronzong
|-damage|p1a: Latios|79/100|[from] item: Life Orb
|
|-weather|Sandstorm|[upkeep]
|-damage|p1a: Latios|73/100|[from] Sandstorm
|upkeep
|
|t:|1741042823
|switch|p2a: Flygon|Flygon, F|100/100
|-damage|p2a: Flygon|95/100|[from] Stealth Rock
|turn|38
|
|t:|1741042830
|switch|p1a: Excadrill|Excadrill, F|97/100
|-damage|p1a: Excadrill|94/100|[from] Stealth Rock
|move|p2a: Flygon|U-turn|p1a: Excadrill
|-resisted|p1a: Excadrill
|-crit|p1a: Excadrill
|-damage|p1a: Excadrill|66/100
|
|t:|1741042837
|switch|p2a: Reuniclus|Reuniclus, F|91/100|[from] U-turn
|
|-weather|Sandstorm|[upkeep]
|upkeep
|turn|39
|
|t:|1741042847
|move|p1a: Excadrill|Iron Head|p2a: Reuniclus
|-damage|p2a: Reuniclus|39/100
|move|p2a: Reuniclus|Psychic|p1a: Excadrill
|-resisted|p1a: Excadrill
|-damage|p1a: Excadrill|25/100
|
|-weather|Sandstorm|[upkeep]
|upkeep
|turn|40
|
|t:|1741042853
|move|p1a: Excadrill|Iron Head|p2a: Reuniclus
|-damage|p2a: Reuniclus|0 fnt
|faint|p2a: Reuniclus
|
|-weather|Sandstorm|[upkeep]
|upkeep
|
|t:|1741042854
|switch|p2a: Flygon|Flygon, F|95/100
|-damage|p2a: Flygon|89/100|[from] Stealth Rock
|turn|41
|
|t:|1741042865
|switch|p1a: Latios|Latios, M|73/100
|-damage|p1a: Latios|61/100|[from] Stealth Rock
|move|p2a: Flygon|Outrage|p1a: Latios
|-supereffective|p1a: Latios
|-damage|p1a: Latios|0 fnt
|faint|p1a: Latios
|
|-weather|Sandstorm|[upkeep]
|upkeep
|
|t:|1741042867
|switch|p1a: Excadrill|Excadrill, F|25/100
|-damage|p1a: Excadrill|22/100|[from] Stealth Rock
|turn|42
|
|t:|1741042869
|move|p2a: Flygon|Outrage|p1a: Excadrill|[from] lockedmove
|-resisted|p1a: Excadrill
|-damage|p1a: Excadrill|0 fnt
|faint|p1a: Excadrill
|
|win|leoperi99
|raw|jz&apos;s mom's rating: 1420 &rarr; <strong>1409</strong><br />(-11 for losing)
|raw|leoperi99's rating: 1584 &rarr; <strong>1595</strong><br />(+11 for winning)
|c|☆jz's mom|gg
|c|☆leoperi99|gg
