|j|☆Memoire
|j|☆Blossummm
|t:|1715031136
|gametype|singles
|player|p1|Memoire|beauty-gen2jp|1323
|player|p2|Blossummm|roxie|1287
|teamsize|p1|6
|teamsize|p2|6
|gen|5
|tier|[Gen 5] OU
|rated|
|rule|Species Clause: Limit one of each Pokémon
|rule|OHKO Clause: OHKO moves are banned
|rule|Moody Clause: Moody is banned
|rule|Evasion Items Clause: Evasion items are banned
|rule|Evasion Moves Clause: Evasion moves are banned
|rule|Endless Battle Clause: Forcing endless battles is banned
|rule|HP Percentage Mod: HP is shown in percentages
|rule|Evasion Abilities Clause: Evasion abilities are banned
|rule|Sleep Moves Clause: Sleep-inducing moves are banned
|rule|Swagger Clause: Swagger is banned
|rule|Baton Pass Stat Clause: No Baton Passer may have a way to boost its stats
|clearpoke
|poke|p1|Cloyster, F|item
|poke|p1|Volcarona, M|item
|poke|p1|Starmie|item
|poke|p1|Dragonite, M|item
|poke|p1|Terrakion|item
|poke|p1|Scizor, M|item
|poke|p2|Tyranitar, F|item
|poke|p2|Alakazam, F|item
|poke|p2|Latios, M|item
|poke|p2|Ferrothorn, F|item
|poke|p2|Keldeo|item
|poke|p2|Landorus-Therian, M|item
|teampreview
|
|t:|1715031148
|start
|switch|p1a: Terrakion|Terrakion|100/100
|switch|p2a: Landorus|Landorus-Therian, M|100/100
|-ability|p2a: Landorus|Intimidate|boost
|-unboost|p1a: Terrakion|atk|1
|turn|1
|inactive|Battle timer is ON: inactive players will automatically lose when time's up. (requested by Blossummm)
|
|t:|1715031153
|move|p1a: Terrakion|Stealth Rock|p2a: Landorus
|-sidestart|p2: Blossummm|move: Stealth Rock
|move|p2a: Landorus|Stealth Rock|p1a: Terrakion
|-sidestart|p1: Memoire|move: Stealth Rock
|
|upkeep
|turn|2
|
|t:|1715031156
|move|p1a: Terrakion|Stone Edge|p2a: Landorus
|-damage|p2a: Landorus|69/100
|move|p2a: Landorus|Earthquake|p1a: Terrakion
|-supereffective|p1a: Terrakion
|-enditem|p1a: Terrakion|Focus Sash
|-damage|p1a: Terrakion|1/100
|
|-heal|p2a: Landorus|75/100|[from] item: Leftovers
|upkeep
|turn|3
|
|t:|1715031162
|move|p1a: Terrakion|Stone Edge|p2a: Landorus
|-damage|p2a: Landorus|44/100
|move|p2a: Landorus|U-turn|p1a: Terrakion
|-resisted|p1a: Terrakion
|-damage|p1a: Terrakion|0 fnt
|faint|p1a: Terrakion
|
|t:|1715031178
|switch|p2a: Keldeo|Keldeo|100/100|[from] U-turn
|-damage|p2a: Keldeo|94/100|[from] Stealth Rock
|
|-heal|p2a: Keldeo|100/100|[from] item: Leftovers
|upkeep
|
|t:|1715031188
|switch|p1a: Starmie|Starmie|100/100
|-damage|p1a: Starmie|88/100|[from] Stealth Rock
|-item|p1a: Starmie|Air Balloon
|turn|4
|
|t:|1715031192
|move|p1a: Starmie|Rapid Spin|p2a: Keldeo
|-damage|p2a: Keldeo|97/100
|-sideend|p1: Memoire|Stealth Rock|[from] move: Rapid Spin|[of] p1a: Starmie
|move|p2a: Keldeo|Hidden Power|p1a: Starmie
|-supereffective|p1a: Starmie
|-damage|p1a: Starmie|21/100
|-enditem|p1a: Starmie|Air Balloon
|
|-heal|p2a: Keldeo|100/100|[from] item: Leftovers
|upkeep
|turn|5
|
|t:|1715031204
|move|p1a: Starmie|Thunderbolt|p2a: Keldeo
|-supereffective|p2a: Keldeo
|-damage|p2a: Keldeo|37/100
|move|p2a: Keldeo|Hidden Power|p1a: Starmie
|-supereffective|p1a: Starmie
|-damage|p1a: Starmie|0 fnt
|faint|p1a: Starmie
|
|-heal|p2a: Keldeo|43/100|[from] item: Leftovers
|upkeep
|
|t:|1715031213
|switch|p1a: Dragonite|Dragonite, M|100/100
|turn|6
|
|t:|1715031217
|move|p2a: Keldeo|Scald|p1a: Dragonite
|-resisted|p1a: Dragonite
|-damage|p1a: Dragonite|89/100
|move|p1a: Dragonite|Dragon Dance|p1a: Dragonite
|-boost|p1a: Dragonite|atk|1
|-boost|p1a: Dragonite|spe|1
|
|-heal|p2a: Keldeo|49/100|[from] item: Leftovers
|upkeep
|turn|7
|
|t:|1715031224
|switch|p2a: Landorus|Landorus-Therian, M|44/100
|-damage|p2a: Landorus|31/100|[from] Stealth Rock
|-ability|p2a: Landorus|Intimidate|boost
|-unboost|p1a: Dragonite|atk|1
|move|p1a: Dragonite|Dragon Dance|p1a: Dragonite
|-boost|p1a: Dragonite|atk|1
|-boost|p1a: Dragonite|spe|1
|
|-heal|p2a: Landorus|37/100|[from] item: Leftovers
|upkeep
|turn|8
|
|t:|1715031230
|move|p1a: Dragonite|Extreme Speed|p2a: Landorus
|-damage|p2a: Landorus|0 fnt
|faint|p2a: Landorus
|
|upkeep
|
|t:|1715031243
|switch|p2a: Latios|Latios, M|100/100
|-damage|p2a: Latios|88/100|[from] Stealth Rock
|turn|9
|
|t:|1715031247
|move|p1a: Dragonite|Extreme Speed|p2a: Latios
|-damage|p2a: Latios|25/100
|move|p2a: Latios|Draco Meteor|p1a: Dragonite
|-supereffective|p1a: Dragonite
|-damage|p1a: Dragonite|0 fnt
|-unboost|p2a: Latios|spa|2
|faint|p1a: Dragonite
|
|upkeep
|
|t:|1715031250
|switch|p1a: Satsujinki|Scizor, M|100/100
|turn|10
|
|t:|1715031253
|move|p2a: Latios|Draco Meteor|p1a: Satsujinki
|-resisted|p1a: Satsujinki
|-damage|p1a: Satsujinki|76/100
|-unboost|p2a: Latios|spa|2
|move|p1a: Satsujinki|Pursuit|p2a: Latios
|-supereffective|p2a: Latios
|-damage|p2a: Latios|0 fnt
|faint|p2a: Latios
|
|upkeep
|
|t:|1715031258
|switch|p2a: Keldeo|Keldeo|49/100
|-damage|p2a: Keldeo|43/100|[from] Stealth Rock
|turn|11
|
|t:|1715031262
|switch|p1a: Volcarona|Volcarona, M|100/100
|move|p2a: Keldeo|Scald|p1a: Volcarona
|-supereffective|p1a: Volcarona
|-damage|p1a: Volcarona|17/100
|
|-heal|p2a: Keldeo|49/100|[from] item: Leftovers
|upkeep
|turn|12
|
|t:|1715031269
|move|p2a: Keldeo|Scald|p1a: Volcarona
|-supereffective|p1a: Volcarona
|-damage|p1a: Volcarona|0 fnt
|faint|p1a: Volcarona
|
|-heal|p2a: Keldeo|55/100|[from] item: Leftovers
|upkeep
|
|t:|1715031272
|switch|p1a: Cloyster|Cloyster, F|100/100
|turn|13
|
|t:|1715031275
|move|p2a: Keldeo|Hidden Power|p1a: Cloyster
|-supereffective|p1a: Cloyster
|-damage|p1a: Cloyster|0 fnt
|faint|p1a: Cloyster
|
|-heal|p2a: Keldeo|61/100|[from] item: Leftovers
|upkeep
|
|t:|1715031278
|switch|p1a: Satsujinki|Scizor, M|76/100
|turn|14
|-message|Memoire forfeited.
|
|win|Blossummm
|raw|Memoire's rating: 1323 &rarr; <strong>1301</strong><br />(-22 for losing)
|raw|Blossummm's rating: 1287 &rarr; <strong>1315</strong><br />(+28 for winning)
|l|☆Memoire
|player|p1|
