|j|☆HydrIas
|j|☆xingqiba
|t:|1701600022
|gametype|singles
|player|p1|HydrIas|raifort|1387
|player|p2|xingqiba|102|1372
|teamsize|p1|6
|teamsize|p2|6
|gen|5
|tier|[Gen 5] OU
|rated|
|rule|Species Clause: Limit one of each Pokémon
|rule|OHKO Clause: OHKO moves are banned
|rule|Moody Clause: Moody is banned
|rule|Evasion Items Clause: Evasion items are banned
|rule|Evasion Moves Clause: Evasion moves are banned
|rule|Endless Battle Clause: Forcing endless battles is banned
|rule|HP Percentage Mod: HP is shown in percentages
|rule|Evasion Abilities Clause: Evasion abilities are banned
|rule|Sleep Moves Clause: Sleep-inducing moves are banned
|rule|Swagger Clause: Swagger is banned
|rule|Baton Pass Stat Clause: No Baton Passer may have a way to boost its stats
|clearpoke
|poke|p1|Excadrill, F|item
|poke|p1|Slowking, F|item
|poke|p1|Skarmory, M|item
|poke|p1|Landorus-Therian, M|item
|poke|p1|Tyranitar, F|item
|poke|p1|Latios, M|item
|poke|p2|Mienshao, M|item
|poke|p2|Ferrothorn, M|item
|poke|p2|Jellicent, F|item
|poke|p2|Tyranitar, F|item
|poke|p2|Tentacruel, M|item
|poke|p2|Reuniclus, F|item
|teampreview
|inactive|Battle timer is ON: inactive players will automatically lose when time's up. (requested by HydrIas)
|
|t:|1701600048
|start
|switch|p1a: Skarmory|Skarmory, M|100/100
|switch|p2a: Ferrothorn|Ferrothorn, M|100/100
|turn|1
|
|t:|1701600062
|move|p1a: Skarmory|Stealth Rock|p2a: Ferrothorn
|-sidestart|p2: xingqiba|move: Stealth Rock
|move|p2a: Ferrothorn|Stealth Rock|p1a: Skarmory
|-sidestart|p1: HydrIas|move: Stealth Rock
|
|upkeep
|turn|2
|
|t:|1701600077
|move|p2a: Ferrothorn|Leech Seed|p1a: Skarmory
|-start|p1a: Skarmory|move: Leech Seed
|move|p1a: Skarmory|Whirlwind|p2a: Ferrothorn
|drag|p2a: Mienshao|Mienshao, M|100/100
|-damage|p2a: Mienshao|95/100|[from] Stealth Rock
|
|-damage|p1a: Skarmory|88/100|[from] Leech Seed|[of] p2a: Mienshao
|-heal|p2a: Mienshao|100/100|[silent]
|upkeep
|turn|3
|
|t:|1701600090
|move|p2a: Mienshao|U-turn|p1a: Skarmory
|-resisted|p1a: Skarmory
|-damage|p1a: Skarmory|83/100
|-damage|p2a: Mienshao|84/100|[from] item: Rocky Helmet|[of] p1a: Skarmory
|-damage|p2a: Mienshao|74/100|[from] item: Life Orb
|
|t:|1701600098
|switch|p2a: Ferrothorn|Ferrothorn, M|100/100|[from] U-turn
|-damage|p2a: Ferrothorn|94/100|[from] Stealth Rock
|move|p1a: Skarmory|Spikes|p2a: Ferrothorn
|-sidestart|p2: xingqiba|Spikes
|
|-heal|p2a: Ferrothorn|100/100|[from] item: Leftovers
|-damage|p1a: Skarmory|71/100|[from] Leech Seed|[of] p2a: Ferrothorn
|upkeep
|turn|4
|
|t:|1701600115
|move|p1a: Skarmory|Spikes|p2a: Ferrothorn
|-sidestart|p2: xingqiba|Spikes
|move|p2a: Ferrothorn|Spikes|p1a: Skarmory
|-sidestart|p1: HydrIas|Spikes
|
|-damage|p1a: Skarmory|59/100|[from] Leech Seed|[of] p2a: Ferrothorn
|upkeep
|turn|5
|
|t:|1701600122
|move|p1a: Skarmory|Spikes|p2a: Ferrothorn
|-sidestart|p2: xingqiba|Spikes
|move|p2a: Ferrothorn|Spikes|p1a: Skarmory
|-sidestart|p1: HydrIas|Spikes
|
|-damage|p1a: Skarmory|47/100|[from] Leech Seed|[of] p2a: Ferrothorn
|upkeep
|turn|6
|
|t:|1701600132
|move|p1a: Skarmory|Roost|p1a: Skarmory
|-heal|p1a: Skarmory|97/100
|-singleturn|p1a: Skarmory|move: Roost
|move|p2a: Ferrothorn|Spikes|p1a: Skarmory
|-sidestart|p1: HydrIas|Spikes
|
|-damage|p1a: Skarmory|84/100|[from] Leech Seed|[of] p2a: Ferrothorn
|upkeep
|turn|7
|
|t:|1701600142
|switch|p1a: Tyranitar|Tyranitar, F|100/100
|-damage|p1a: Tyranitar|88/100|[from] Stealth Rock
|-damage|p1a: Tyranitar|63/100|[from] Spikes
|-weather|Sandstorm|[from] ability: Sand Stream|[of] p1a: Tyranitar
|move|p2a: Ferrothorn|Leech Seed|p1a: Tyranitar
|-start|p1a: Tyranitar|move: Leech Seed
|
|-weather|Sandstorm|[upkeep]
|-damage|p1a: Tyranitar|51/100|[from] Leech Seed|[of] p2a: Ferrothorn
|upkeep
|turn|8
|
|t:|1701600154
|switch|p1a: Excadrill|Excadrill, F|100/100
|-damage|p1a: Excadrill|97/100|[from] Stealth Rock
|-damage|p1a: Excadrill|73/100|[from] Spikes
|move|p2a: Ferrothorn|Power Whip|p1a: Excadrill|[miss]
|-miss|p2a: Ferrothorn|p1a: Excadrill
|
|-weather|Sandstorm|[upkeep]
|-heal|p1a: Excadrill|79/100|[from] item: Leftovers
|upkeep
|turn|9
|
|t:|1701600167
|switch|p2a: Jellicent|Jellicent, F|100/100
|-damage|p2a: Jellicent|88/100|[from] Stealth Rock
|-damage|p2a: Jellicent|63/100|[from] Spikes
|move|p1a: Excadrill|Earthquake|p2a: Jellicent
|-damage|p2a: Jellicent|8/100
|
|-weather|Sandstorm|[upkeep]
|-damage|p2a: Jellicent|2/100|[from] Sandstorm
|-heal|p1a: Excadrill|85/100|[from] item: Leftovers
|-heal|p2a: Jellicent|8/100|[from] item: Leftovers
|upkeep
|turn|10
|
|t:|1701600181
|move|p1a: Excadrill|Earthquake|p2a: Jellicent
|-damage|p2a: Jellicent|0 fnt
|faint|p2a: Jellicent
|
|-weather|Sandstorm|[upkeep]
|-heal|p1a: Excadrill|91/100|[from] item: Leftovers
|upkeep
|
|t:|1701600189
|switch|p2a: Mienshao|Mienshao, M|100/100
|-damage|p2a: Mienshao|95/100|[from] Stealth Rock
|-damage|p2a: Mienshao|70/100|[from] Spikes
|turn|11
|
|t:|1701600196
|move|p1a: Excadrill|Protect|p1a: Excadrill
|-singleturn|p1a: Excadrill|Protect
|move|p2a: Mienshao|High Jump Kick|p1a: Excadrill
|-activate|p1a: Excadrill|move: Protect
|-damage|p2a: Mienshao|20/100|[from] highjumpkick
|
|-weather|Sandstorm|[upkeep]
|-damage|p2a: Mienshao|14/100|[from] Sandstorm
|-heal|p1a: Excadrill|97/100|[from] item: Leftovers
|upkeep
|turn|12
|j| ycdtz
|
|t:|1701600208
|switch|p1a: Skarmory|Skarmory, M|84/100
|-damage|p1a: Skarmory|72/100|[from] Stealth Rock
|switch|p2a: Reuniclus|Reuniclus, F|100/100
|
|-weather|Sandstorm|[upkeep]
|upkeep
|turn|13
|
|t:|1701600218
|move|p2a: Reuniclus|Focus Blast|p1a: Skarmory
|-damage|p1a: Skarmory|15/100
|move|p1a: Skarmory|Whirlwind|p2a: Reuniclus
|drag|p2a: Ferrothorn|Ferrothorn, M|100/100
|-damage|p2a: Ferrothorn|94/100|[from] Stealth Rock
|-damage|p2a: Ferrothorn|69/100|[from] Spikes
|
|-weather|Sandstorm|[upkeep]
|-heal|p2a: Ferrothorn|75/100|[from] item: Leftovers
|upkeep
|turn|14
|
|t:|1701600230
|move|p1a: Skarmory|Roost|p1a: Skarmory
|-heal|p1a: Skarmory|65/100
|-singleturn|p1a: Skarmory|move: Roost
|move|p2a: Ferrothorn|Leech Seed|p1a: Skarmory
|-start|p1a: Skarmory|move: Leech Seed
|
|-weather|Sandstorm|[upkeep]
|-heal|p2a: Ferrothorn|82/100|[from] item: Leftovers
|-damage|p1a: Skarmory|52/100|[from] Leech Seed|[of] p2a: Ferrothorn
|-heal|p2a: Ferrothorn|93/100|[silent]
|upkeep
|turn|15
|
|t:|1701600241
|move|p1a: Skarmory|Roost|p1a: Skarmory
|-heal|p1a: Skarmory|100/100
|-singleturn|p1a: Skarmory|move: Roost
|move|p2a: Ferrothorn|Leech Seed||[still]
|-fail|p2a: Ferrothorn
|
|-weather|Sandstorm|[upkeep]
|-heal|p2a: Ferrothorn|99/100|[from] item: Leftovers
|-damage|p1a: Skarmory|88/100|[from] Leech Seed|[of] p2a: Ferrothorn
|-heal|p2a: Ferrothorn|100/100|[silent]
|upkeep
|turn|16
|
|t:|1701600264
|switch|p1a: Slowking|Slowking, F|100/100
|-damage|p1a: Slowking|88/100|[from] Stealth Rock
|-damage|p1a: Slowking|63/100|[from] Spikes
|move|p2a: Ferrothorn|Power Whip|p1a: Slowking
|-supereffective|p1a: Slowking
|-damage|p1a: Slowking|2/100
|
|-weather|Sandstorm|[upkeep]
|-damage|p1a: Slowking|0 fnt|[from] Sandstorm
|faint|p1a: Slowking
|upkeep
|
|t:|1701600266
|switch|p1a: Excadrill|Excadrill, F|97/100
|-damage|p1a: Excadrill|94/100|[from] Stealth Rock
|-damage|p1a: Excadrill|69/100|[from] Spikes
|turn|17
|
|t:|1701600282
|move|p1a: Excadrill|Rapid Spin|p2a: Ferrothorn
|-resisted|p2a: Ferrothorn
|-damage|p2a: Ferrothorn|99/100
|-damage|p1a: Excadrill|56/100|[from] ability: Iron Barbs|[of] p2a: Ferrothorn
|-sideend|p1: HydrIas|Spikes|[from] move: Rapid Spin|[of] p1a: Excadrill
|-sideend|p1: HydrIas|Stealth Rock|[from] move: Rapid Spin|[of] p1a: Excadrill
|move|p2a: Ferrothorn|Power Whip|p1a: Excadrill|[miss]
|-miss|p2a: Ferrothorn|p1a: Excadrill
|
|-weather|Sandstorm|[upkeep]
|-heal|p1a: Excadrill|63/100|[from] item: Leftovers
|-heal|p2a: Ferrothorn|100/100|[from] item: Leftovers
|upkeep
|turn|18
|
|t:|1701600295
|move|p1a: Excadrill|Protect|p1a: Excadrill
|-singleturn|p1a: Excadrill|Protect
|move|p2a: Ferrothorn|Power Whip|p1a: Excadrill
|-activate|p1a: Excadrill|move: Protect
|
|-weather|Sandstorm|[upkeep]
|-heal|p1a: Excadrill|69/100|[from] item: Leftovers
|upkeep
|turn|19
|l| ycdtz
|
|t:|1701600305
|move|p1a: Excadrill|Earthquake|p2a: Ferrothorn
|-damage|p2a: Ferrothorn|60/100
|move|p2a: Ferrothorn|Stealth Rock|p1a: Excadrill
|-sidestart|p1: HydrIas|move: Stealth Rock
|
|-weather|Sandstorm|[upkeep]
|-heal|p1a: Excadrill|75/100|[from] item: Leftovers
|-heal|p2a: Ferrothorn|67/100|[from] item: Leftovers
|upkeep
|turn|20
|
|t:|1701600315
|move|p1a: Excadrill|Earthquake|p2a: Ferrothorn
|-damage|p2a: Ferrothorn|22/100
|move|p2a: Ferrothorn|Power Whip|p1a: Excadrill
|-damage|p1a: Excadrill|10/100
|
|-weather|Sandstorm|[upkeep]
|-heal|p1a: Excadrill|16/100|[from] item: Leftovers
|-heal|p2a: Ferrothorn|29/100|[from] item: Leftovers
|upkeep
|turn|21
|j| ycdtz
|
|t:|1701600329
|move|p1a: Excadrill|Earthquake|p2a: Ferrothorn
|-damage|p2a: Ferrothorn|0 fnt
|faint|p2a: Ferrothorn
|
|-weather|Sandstorm|[upkeep]
|-heal|p1a: Excadrill|22/100|[from] item: Leftovers
|upkeep
|
|t:|1701600338
|switch|p2a: Mienshao|Mienshao, M|47/100
|-damage|p2a: Mienshao|41/100|[from] Stealth Rock
|-damage|p2a: Mienshao|16/100|[from] Spikes
|turn|22
|
|t:|1701600344
|move|p1a: Excadrill|Protect|p1a: Excadrill
|-singleturn|p1a: Excadrill|Protect
|move|p2a: Mienshao|Stone Edge|p1a: Excadrill
|-activate|p1a: Excadrill|move: Protect
|
|-weather|Sandstorm|[upkeep]
|-damage|p2a: Mienshao|10/100|[from] Sandstorm
|-heal|p1a: Excadrill|28/100|[from] item: Leftovers
|upkeep
|turn|23
|-message|xingqiba forfeited.
|
|win|HydrIas
|raw|HydrIas's rating: 1387 &rarr; <strong>1406</strong><br />(+19 for winning)
|raw|xingqiba's rating: 1372 &rarr; <strong>1353</strong><br />(-19 for losing)
|l|☆xingqiba
