|join|Ryan House
|join|N3CTRO FR
|player|p1|Ryan House|52
|player|p2|N3CTRO FR|23
|gametype|singles
|gen|5
|tier|[Gen 5] OU
|rated
|rule|Evasion Abilities Clause: Evasion abilities are banned
|clearpoke
|poke|p1|Hydreigon, M
|poke|p1|Skarmory, M
|poke|p1|Celebi, shiny
|poke|p1|Heatran, M
|poke|p1|Alakazam, M
|poke|p1|Scizor, M
|poke|p2|Politoed, F, shiny
|poke|p2|Thundurus-Therian, M, shiny
|poke|p2|Toxicroak, F, shiny
|poke|p2|Suicune, shiny
|poke|p2|Jirachi
|poke|p2|Tornadus, M, shiny
|rule|Sleep Clause Mod: Limit one foe put to sleep
|rule|Species Clause: Limit one of each Pokemon
|rule|OHKO Clause: OHKO moves are banned
|rule|Moody Clause: Moody is banned
|rule|Evasion Moves Clause: Evasion moves are banned
|rule|Endless Battle Clause: Forcing endless battles is banned.
|rule|HP Percentage Mod: HP is reported as percentages
|teampreview
|
|start
|switch|p1a: Knightmare|Scizor, M|282/282
|switch|p2a: In Ur Face B*tch|Thundurus-Therian, M, shiny|299/299
|turn|1
|
|switch|p1a: Celebi|Celebi, shiny|404/404
|move|p2a: In Ur Face B*tch|Volt Switch|p1a: Celebi
|-resisted|p1a: Celebi
|-damage|p1a: Celebi|348/404
|
|switch|p2a: Jiraichier partout|Jirachi|370/370
|
|turn|2
|
|switch|p1a: Heatran|Heatran, M|386/386
|move|p2a: Jiraichier partout|Thunder Wave|p1a: Heatran
|-status|p1a: Heatran|par
|
|turn|3
|
|move|p2a: Jiraichier partout|Stealth Rock|p1a: Heatran
|-sidestart|p1: Ryan House|move: Stealth Rock
|move|p1a: Heatran|Stealth Rock|p2a: Jiraichier partout
|-sidestart|p2: N3CTRO FR|move: Stealth Rock
|
|turn|4
|
|switch|p2a: Tard-Pé|Politoed, F, shiny|383/383
|-damage|p2a: Tard-Pé|336/383|[from] Stealth Rock
|-weather|RainDance|[from] ability: Drizzle|[of] p2a: Tard-Pé
|switch|p1a: Celebi|Celebi, shiny|348/404
|-damage|p1a: Celebi|298/404|[from] Stealth Rock
|
|-weather|RainDance|[upkeep]
|-heal|p2a: Tard-Pé|359/383|[from] item: Leftovers
|turn|5
|
|switch|p2a: Jiraichier partout|Jirachi|370/370
|-damage|p2a: Jiraichier partout|347/370|[from] Stealth Rock
|move|p1a: Celebi|Heal Bell|p1a: Celebi
|-cureteam|p1a: Celebi|[from] move: HealBell
|
|-weather|RainDance|[upkeep]
|-heal|p2a: Jiraichier partout|370/370|[from] item: Leftovers
|turn|6
|
|switch|p1a: Heatran|Heatran, M|386/386
|-damage|p1a: Heatran|338/386|[from] Stealth Rock
|move|p2a: Jiraichier partout|Thunder Wave|p1a: Heatran
|-status|p1a: Heatran|par
|
|-weather|RainDance|[upkeep]
|-heal|p1a: Heatran|362/386 par|[from] item: Leftovers
|turn|7
|
|move|p2a: Jiraichier partout|Iron Head|p1a: Heatran
|-resisted|p1a: Heatran
|-damage|p1a: Heatran|341/386 par
|move|p1a: Heatran|Earth Power|p2a: Jiraichier partout
|-supereffective|p2a: Jiraichier partout
|-damage|p2a: Jiraichier partout|202/370
|
|-weather|RainDance|[upkeep]
|-heal|p2a: Jiraichier partout|225/370|[from] item: Leftovers
|-heal|p1a: Heatran|365/386 par|[from] item: Leftovers
|turn|8
|
|switch|p2a: In Ur Face B*tch|Thundurus-Therian, M, shiny|299/299
|-damage|p2a: In Ur Face B*tch|225/299|[from] Stealth Rock
|move|p1a: Heatran|Earth Power|p2a: In Ur Face B*tch
|-immune|p2a: In Ur Face B*tch|[msg]
|
|-weather|RainDance|[upkeep]
|-heal|p1a: Heatran|386/386 par|[from] item: Leftovers
|turn|9
|
|move|p2a: In Ur Face B*tch|Thunder|p1a: Heatran
|-crit|p1a: Heatran
|-damage|p1a: Heatran|46/386 par
|move|p1a: Heatran|Roar|p2a: In Ur Face B*tch
|drag|p2a: Albatar !!|Suicune, shiny|404/404
|-damage|p2a: Albatar !!|354/404|[from] Stealth Rock
|-ability|p2a: Albatar !!|Pressure
|
|-weather|RainDance|[upkeep]
|-heal|p2a: Albatar !!|379/404|[from] item: Leftovers
|-heal|p1a: Heatran|70/386 par|[from] item: Leftovers
|turn|10
|
|move|p2a: Albatar !!|Scald|p1a: Heatran
|-supereffective|p1a: Heatran
|-damage|p1a: Heatran|0 fnt
|faint|p1a: Heatran
|
|-weather|RainDance|[upkeep]
|-heal|p2a: Albatar !!|404/404|[from] item: Leftovers
|
|switch|p1a: Knightmare|Scizor, M|282/282
|-damage|p1a: Knightmare|247/282|[from] Stealth Rock
|turn|11
|
|move|p1a: Knightmare|U-turn|p2a: Albatar !!
|-damage|p2a: Albatar !!|278/404
|
|switch|p1a: Celebi|Celebi, shiny|298/404
|-damage|p1a: Celebi|248/404|[from] Stealth Rock
|move|p2a: Albatar !!|Calm Mind|p2a: Albatar !!
|-boost|p2a: Albatar !!|spa|1
|-boost|p2a: Albatar !!|spd|1
|
|-weather|RainDance|[upkeep]
|-heal|p2a: Albatar !!|303/404|[from] item: Leftovers
|turn|12
|
|move|p1a: Celebi|Trick|p2a: Albatar !!
|-activate|p1a: Celebi|move: Trick|[of] p2a: Albatar !!
|-item|p2a: Albatar !!|Choice Scarf|[from] move: Trick
|-item|p1a: Celebi|Leftovers|[from] move: Trick
|move|p2a: Albatar !!|Rest|p2a: Albatar !!
|-status|p2a: Albatar !!|slp
|-heal|p2a: Albatar !!|404/404 slp|[silent]
|-status|p2a: Albatar !!|slp|[from] move: Rest
|
|-weather|RainDance|[upkeep]
|-heal|p1a: Celebi|273/404|[from] item: Leftovers
|turn|13
|chat|N3CTRO FR|arf
|
|switch|p2a: Jiraichier partout|Jirachi|225/370
|-damage|p2a: Jiraichier partout|202/370|[from] Stealth Rock
|switch|p1a: Knightmare|Scizor, M|247/282
|-damage|p1a: Knightmare|212/282|[from] Stealth Rock
|
|-weather|RainDance|[upkeep]
|-heal|p2a: Jiraichier partout|225/370|[from] item: Leftovers
|turn|14
|
|move|p2a: Jiraichier partout|Thunder Wave|p1a: Knightmare
|-status|p1a: Knightmare|par
|move|p1a: Knightmare|U-turn|p2a: Jiraichier partout
|-damage|p2a: Jiraichier partout|74/370
|
|switch|p1a: Allackatzamm|Alakazam, M|252/252
|
|-weather|RainDance|[upkeep]
|-heal|p2a: Jiraichier partout|97/370|[from] item: Leftovers
|turn|15
|
|move|p1a: Allackatzamm|Shadow Ball|p2a: Jiraichier partout
|-damage|p2a: Jiraichier partout|1/370
|move|p2a: Jiraichier partout|Thunder Wave|p1a: Allackatzamm
|-status|p1a: Allackatzamm|par
|
|-weather|RainDance|[upkeep]
|-heal|p2a: Jiraichier partout|24/370|[from] item: Leftovers
|turn|16
|
|switch|p1a: Celebi|Celebi, shiny|273/404
|-damage|p1a: Celebi|223/404|[from] Stealth Rock
|move|p2a: Jiraichier partout|Iron Head|p1a: Celebi
|-damage|p1a: Celebi|132/404
|
|-weather|RainDance|[upkeep]
|-heal|p2a: Jiraichier partout|47/370|[from] item: Leftovers
|-heal|p1a: Celebi|157/404|[from] item: Leftovers
|turn|17
|
|move|p2a: Jiraichier partout|Iron Head|p1a: Celebi
|-damage|p1a: Celebi|64/404
|cant|p1a: Celebi|flinch
|
|-weather|RainDance|[upkeep]
|-heal|p2a: Jiraichier partout|70/370|[from] item: Leftovers
|-heal|p1a: Celebi|89/404|[from] item: Leftovers
|turn|18
|
|switch|p1a: Skarmory|Skarmory, M|334/334
|-damage|p1a: Skarmory|293/334|[from] Stealth Rock
|move|p2a: Jiraichier partout|Iron Head|p1a: Skarmory
|-resisted|p1a: Skarmory
|-damage|p1a: Skarmory|263/334
|
|-weather|RainDance|[upkeep]
|-heal|p2a: Jiraichier partout|93/370|[from] item: Leftovers
|-heal|p1a: Skarmory|283/334|[from] item: Leftovers
|turn|19
|
|move|p2a: Jiraichier partout|Wish|p2a: Jiraichier partout
|move|p1a: Skarmory|Spikes|p2a: Jiraichier partout
|-sidestart|p2: N3CTRO FR|Spikes
|
|-weather|RainDance|[upkeep]
|-heal|p2a: Jiraichier partout|116/370|[from] item: Leftovers
|-heal|p1a: Skarmory|303/334|[from] item: Leftovers
|turn|20
|
|move|p2a: Jiraichier partout|Thunder Wave|p1a: Skarmory
|-status|p1a: Skarmory|par
|cant|p1a: Skarmory|par
|
|-weather|RainDance|[upkeep]
|-heal|p2a: Jiraichier partout|301/370|[from] move: Wish|[wisher] Jiraichier partout
|-heal|p2a: Jiraichier partout|324/370|[from] item: Leftovers
|-heal|p1a: Skarmory|323/334 par|[from] item: Leftovers
|turn|21
|
|switch|p2a: Croacaïne|Toxicroak, F, shiny|308/308
|-damage|p2a: Croacaïne|270/308|[from] Spikes
|-damage|p2a: Croacaïne|251/308|[from] Stealth Rock
|move|p1a: Skarmory|Spikes|p2a: Croacaïne
|-sidestart|p2: N3CTRO FR|Spikes
|
|-weather|RainDance|[upkeep]
|-heal|p2a: Croacaïne|289/308|[from] ability: Dry Skin
|-heal|p2a: Croacaïne|308/308|[from] item: Black Sludge
|-heal|p1a: Skarmory|334/334 par|[from] item: Leftovers
|turn|22
|
|move|p2a: Croacaïne|Substitute|p2a: Croacaïne
|-start|p2a: Croacaïne|Substitute
|-damage|p2a: Croacaïne|231/308
|move|p1a: Skarmory|Spikes|p2a: Croacaïne
|-sidestart|p2: N3CTRO FR|Spikes
|
|-weather|RainDance|[upkeep]
|-heal|p2a: Croacaïne|269/308|[from] ability: Dry Skin
|-heal|p2a: Croacaïne|288/308|[from] item: Black Sludge
|turn|23
|
|move|p2a: Croacaïne|Drain Punch|p1a: Skarmory
|-damage|p1a: Skarmory|259/334 par
|-heal|p2a: Croacaïne|308/308|[from] drain|[of] p1a: Skarmory
|cant|p1a: Skarmory|par
|
|-weather|RainDance|[upkeep]
|-heal|p1a: Skarmory|279/334 par|[from] item: Leftovers
|turn|24
|
|move|p2a: Croacaïne|Drain Punch|p1a: Skarmory
|-damage|p1a: Skarmory|204/334 par
|move|p1a: Skarmory|Whirlwind|p2a: Croacaïne
|drag|p2a: Jiraichier partout|Jirachi|324/370
|-damage|p2a: Jiraichier partout|301/370|[from] Stealth Rock
|-damage|p2a: Jiraichier partout|209/370|[from] Spikes
|
|-weather|RainDance|[upkeep]
|-heal|p2a: Jiraichier partout|232/370|[from] item: Leftovers
|-heal|p1a: Skarmory|224/334 par|[from] item: Leftovers
|turn|25
|
|move|p2a: Jiraichier partout|Wish|p2a: Jiraichier partout
|move|p1a: Skarmory|Roost|p1a: Skarmory
|-heal|p1a: Skarmory|334/334 par
|
|-weather|RainDance|[upkeep]
|-heal|p2a: Jiraichier partout|255/370|[from] item: Leftovers
|turn|26
|
|move|p2a: Jiraichier partout|Iron Head|p1a: Skarmory
|-resisted|p1a: Skarmory
|-damage|p1a: Skarmory|304/334 par
|cant|p1a: Skarmory|flinch
|
|-weather|RainDance|[upkeep]
|-heal|p2a: Jiraichier partout|370/370|[from] move: Wish|[wisher] Jiraichier partout
|-heal|p1a: Skarmory|324/334 par|[from] item: Leftovers
|turn|27
|
|move|p2a: Jiraichier partout|Wish|p2a: Jiraichier partout
|move|p1a: Skarmory|Whirlwind|p2a: Jiraichier partout
|drag|p2a: Croacaïne|Toxicroak, F, shiny|308/308
|-damage|p2a: Croacaïne|231/308|[from] Spikes
|-damage|p2a: Croacaïne|212/308|[from] Stealth Rock
|
|-weather|RainDance|[upkeep]
|-heal|p2a: Croacaïne|250/308|[from] ability: Dry Skin
|-heal|p2a: Croacaïne|269/308|[from] item: Black Sludge
|-heal|p1a: Skarmory|334/334 par|[from] item: Leftovers
|turn|28
|
|move|p2a: Croacaïne|Drain Punch|p1a: Skarmory
|-damage|p1a: Skarmory|253/334 par
|-heal|p2a: Croacaïne|308/308|[from] drain|[of] p1a: Skarmory
|move|p1a: Skarmory|Whirlwind|p2a: Croacaïne
|drag|p2a: Albatar !!|Suicune, shiny|404/404 slp
|-damage|p2a: Albatar !!|303/404 slp|[from] Spikes
|-damage|p2a: Albatar !!|253/404 slp|[from] Stealth Rock
|-ability|p2a: Albatar !!|Pressure
|
|-weather|RainDance|[upkeep]
|-heal|p2a: Albatar !!|404/404 slp|[from] move: Wish|[wisher] Jiraichier partout
|-heal|p1a: Skarmory|273/334 par|[from] item: Leftovers
|turn|29
|
|cant|p2a: Albatar !!|slp
|move|p1a: Skarmory|Whirlwind|p2a: Albatar !!
|drag|p2a: In Ur Face B*tch|Thundurus-Therian, M, shiny|225/299
|-damage|p2a: In Ur Face B*tch|151/299|[from] Stealth Rock
|
|-weather|RainDance|[upkeep]
|-heal|p1a: Skarmory|293/334 par|[from] item: Leftovers
|turn|30
|
|switch|p1a: Hydreigon|Hydreigon, M|336/336
|-damage|p1a: Hydreigon|294/336|[from] Stealth Rock
|move|p2a: In Ur Face B*tch|Thunder|p1a: Hydreigon
|-resisted|p1a: Hydreigon
|-damage|p1a: Hydreigon|146/336
|
|-weather|RainDance|[upkeep]
|-heal|p1a: Hydreigon|167/336|[from] item: Leftovers
|turn|31
|
|switch|p2a: Jiraichier partout|Jirachi|370/370
|-damage|p2a: Jiraichier partout|347/370|[from] Stealth Rock
|-damage|p2a: Jiraichier partout|255/370|[from] Spikes
|move|p1a: Hydreigon|Roost|p1a: Hydreigon
|-heal|p1a: Hydreigon|335/336
|
|-weather|RainDance|[upkeep]
|-heal|p1a: Hydreigon|336/336|[from] item: Leftovers
|-heal|p2a: Jiraichier partout|278/370|[from] item: Leftovers
|turn|32
|
|switch|p1a: Skarmory|Skarmory, M|293/334 par
|-damage|p1a: Skarmory|252/334 par|[from] Stealth Rock
|move|p2a: Jiraichier partout|Thunder Wave|p1a: Skarmory
|-fail|p1a: Skarmory|par
|
|-weather|RainDance|[upkeep]
|-heal|p2a: Jiraichier partout|301/370|[from] item: Leftovers
|-heal|p1a: Skarmory|272/334 par|[from] item: Leftovers
|turn|33
|
|move|p2a: Jiraichier partout|Wish|p2a: Jiraichier partout
|move|p1a: Skarmory|Whirlwind|p2a: Jiraichier partout
|drag|p2a: In Ur Face B*tch|Thundurus-Therian, M, shiny|151/299
|-damage|p2a: In Ur Face B*tch|77/299|[from] Stealth Rock
|
|-weather|RainDance|[upkeep]
|-heal|p1a: Skarmory|292/334 par|[from] item: Leftovers
|turn|34
|
|move|p2a: In Ur Face B*tch|Thunder|p1a: Skarmory
|-supereffective|p1a: Skarmory
|-damage|p1a: Skarmory|0 fnt
|faint|p1a: Skarmory
|
|-weather|RainDance|[upkeep]
|-heal|p2a: In Ur Face B*tch|262/299|[from] move: Wish|[wisher] Jiraichier partout
|
|switch|p1a: Hydreigon|Hydreigon, M|336/336
|-damage|p1a: Hydreigon|294/336|[from] Stealth Rock
|turn|35
|
|switch|p2a: Jiraichier partout|Jirachi|301/370
|-damage|p2a: Jiraichier partout|209/370|[from] Spikes
|-damage|p2a: Jiraichier partout|186/370|[from] Stealth Rock
|move|p1a: Hydreigon|Dark Pulse|p2a: Jiraichier partout
|-damage|p2a: Jiraichier partout|65/370
|
|-weather|RainDance|[upkeep]
|-heal|p1a: Hydreigon|315/336|[from] item: Leftovers
|-heal|p2a: Jiraichier partout|88/370|[from] item: Leftovers
|turn|36
|
|move|p1a: Hydreigon|Dark Pulse|p2a: Jiraichier partout
|-damage|p2a: Jiraichier partout|0 fnt
|faint|p2a: Jiraichier partout
|
|-weather|RainDance|[upkeep]
|-heal|p1a: Hydreigon|336/336|[from] item: Leftovers
|
|switch|p2a: Albatar !!|Suicune, shiny|404/404 slp
|-damage|p2a: Albatar !!|303/404 slp|[from] Spikes
|-damage|p2a: Albatar !!|253/404 slp|[from] Stealth Rock
|-ability|p2a: Albatar !!|Pressure
|turn|37
|
|switch|p1a: Celebi|Celebi, shiny|89/404
|-damage|p1a: Celebi|39/404|[from] Stealth Rock
|cant|p2a: Albatar !!|slp
|
|-weather|RainDance|[upkeep]
|-heal|p1a: Celebi|64/404|[from] item: Leftovers
|turn|38
|
|cant|p2a: Albatar !!|slp
|move|p1a: Celebi|Heal Bell|p1a: Celebi
|-cureteam|p1a: Celebi|[from] move: HealBell
|
|-weather|RainDance|[upkeep]
|-heal|p1a: Celebi|89/404|[from] item: Leftovers
|turn|39
|
|-curestatus|p2a: Albatar !!|slp
|move|p2a: Albatar !!|Scald|p1a: Celebi
|-resisted|p1a: Celebi
|-damage|p1a: Celebi|43/404
|-status|p1a: Celebi|brn
|move|p1a: Celebi|Giga Drain|p2a: Albatar !!
|-supereffective|p2a: Albatar !!
|-damage|p2a: Albatar !!|119/404
|-heal|p1a: Celebi|110/404 brn|[from] drain|[of] p2a: Albatar !!
|
|-weather|RainDance|[upkeep]
|-heal|p1a: Celebi|135/404 brn|[from] item: Leftovers
|-damage|p1a: Celebi|85/404 brn|[from] brn
|turn|40
|
|move|p2a: Albatar !!|Scald|p1a: Celebi
|-resisted|p1a: Celebi
|-damage|p1a: Celebi|39/404 brn
|move|p1a: Celebi|Giga Drain|p2a: Albatar !!
|-supereffective|p2a: Albatar !!
|-damage|p2a: Albatar !!|0 fnt
|-heal|p1a: Celebi|99/404 brn|[from] drain|[of] p2a: Albatar !!
|faint|p2a: Albatar !!
|
|-weather|RainDance|[upkeep]
|-heal|p1a: Celebi|124/404 brn|[from] item: Leftovers
|-damage|p1a: Celebi|74/404 brn|[from] brn
|
|switch|p2a: Aladin MotherF*cka|Tornadus, M, shiny|299/299
|-damage|p2a: Aladin MotherF*cka|225/299|[from] Stealth Rock
|turn|41
|
|move|p2a: Aladin MotherF*cka|Hurricane|p1a: Celebi
|-supereffective|p1a: Celebi
|-damage|p1a: Celebi|0 fnt
|faint|p1a: Celebi
|
|-weather|RainDance|[upkeep]
|
|switch|p1a: Knightmare|Scizor, M|212/282
|-damage|p1a: Knightmare|177/282|[from] Stealth Rock
|turn|42
|
|move|p1a: Knightmare|Bullet Punch|p2a: Aladin MotherF*cka
|-damage|p2a: Aladin MotherF*cka|5/299
|move|p2a: Aladin MotherF*cka|Hurricane|p1a: Knightmare
|-damage|p1a: Knightmare|0 fnt
|faint|p1a: Knightmare
|
|-weather|RainDance|[upkeep]
|
|switch|p1a: Allackatzamm|Alakazam, M|252/252
|turn|43
|
|move|p1a: Allackatzamm|Psyshock|p2a: Aladin MotherF*cka
|-damage|p2a: Aladin MotherF*cka|0 fnt
|faint|p2a: Aladin MotherF*cka
|
|-weather|RainDance|[upkeep]
|
|switch|p2a: Tard-Pé|Politoed, F, shiny|359/383
|-damage|p2a: Tard-Pé|264/383|[from] Spikes
|-damage|p2a: Tard-Pé|217/383|[from] Stealth Rock
|turn|44
|
|switch|p1a: Hydreigon|Hydreigon, M|336/336
|-damage|p1a: Hydreigon|294/336|[from] Stealth Rock
|move|p2a: Tard-Pé|Hydro Pump|p1a: Hydreigon|[miss]
|-miss|p2a: Tard-Pé|p1a: Hydreigon
|
|-weather|RainDance|[upkeep]
|-heal|p1a: Hydreigon|315/336|[from] item: Leftovers
|-heal|p2a: Tard-Pé|240/383|[from] item: Leftovers
|turn|45
|
|move|p1a: Hydreigon|Dark Pulse|p2a: Tard-Pé
|-damage|p2a: Tard-Pé|132/383
|move|p2a: Tard-Pé|Ice Beam|p1a: Hydreigon
|-supereffective|p1a: Hydreigon
|-damage|p1a: Hydreigon|161/336
|
|-weather|RainDance|[upkeep]
|-heal|p1a: Hydreigon|182/336|[from] item: Leftovers
|-heal|p2a: Tard-Pé|155/383|[from] item: Leftovers
|turn|46
|
|move|p1a: Hydreigon|Draco Meteor|p2a: Tard-Pé
|-damage|p2a: Tard-Pé|0 fnt
|-unboost|p1a: Hydreigon|spa|2
|faint|p2a: Tard-Pé
|
|-weather|RainDance|[upkeep]
|-heal|p1a: Hydreigon|203/336|[from] item: Leftovers
|
|switch|p2a: Croacaïne|Toxicroak, F, shiny|308/308
|-damage|p2a: Croacaïne|231/308|[from] Spikes
|-damage|p2a: Croacaïne|212/308|[from] Stealth Rock
|turn|47
|
|move|p1a: Hydreigon|Draco Meteor|p2a: Croacaïne
|-damage|p2a: Croacaïne|56/308
|-unboost|p1a: Hydreigon|spa|2
|move|p2a: Croacaïne|Drain Punch|p1a: Hydreigon
|-supereffective|p1a: Hydreigon
|-damage|p1a: Hydreigon|0 fnt
|-heal|p2a: Croacaïne|158/308|[from] drain|[of] p1a: Hydreigon
|faint|p1a: Hydreigon
|
|-weather|RainDance|[upkeep]
|-heal|p2a: Croacaïne|196/308|[from] ability: Dry Skin
|-heal|p2a: Croacaïne|215/308|[from] item: Black Sludge
|
|switch|p1a: Allackatzamm|Alakazam, M|252/252
|turn|48
|
|move|p1a: Allackatzamm|Psyshock|p2a: Croacaïne
|-supereffective|p2a: Croacaïne
|-damage|p2a: Croacaïne|0 fnt
|faint|p2a: Croacaïne
|
|-weather|RainDance|[upkeep]
|
|switch|p2a: In Ur Face B*tch|Thundurus-Therian, M, shiny|262/299
|-damage|p2a: In Ur Face B*tch|188/299|[from] Stealth Rock
|turn|49
|chat|Ryan House|no sucker punch?
|chat|N3CTRO FR|no
|
|move|p2a: In Ur Face B*tch|Thunder|p1a: Allackatzamm
|-enditem|p1a: Allackatzamm|Focus Sash
|-damage|p1a: Allackatzamm|1/252
|move|p1a: Allackatzamm|Psyshock|p2a: In Ur Face B*tch
|-damage|p2a: In Ur Face B*tch|0 fnt
|faint|p2a: In Ur Face B*tch
|
|win|Ryan House
|raw|Ladder updating...
|chat|N3CTRO FR|just scarf
|raw|Ryan House's rating: 1354 &rarr; <strong>1378</strong><br />(+24 for winning)
|raw|N3CTRO FR's rating: 1410 &rarr; <strong>1387</strong><br />(-23 for losing)
|chat|Ryan House|gg
|chat|N3CTRO FR|omg