|j|☆Primary Trout
|j|☆LeafStoned
|t:|1728513731
|gametype|singles
|player|p1|Primary Trout|marshal|1391
|player|p2|LeafStoned|265|1318
|teamsize|p1|6
|teamsize|p2|6
|gen|5
|tier|[Gen 5] OU
|rated|
|rule|Species Clause: Limit one of each Pokémon
|rule|OHKO Clause: OHKO moves are banned
|rule|Moody Clause: Moody is banned
|rule|Evasion Items Clause: Evasion items are banned
|rule|Evasion Moves Clause: Evasion moves are banned
|rule|Endless Battle Clause: Forcing endless battles is banned
|rule|HP Percentage Mod: HP is shown in percentages
|rule|Evasion Abilities Clause: Evasion abilities are banned
|rule|Sleep Moves Clause: Sleep-inducing moves are banned
|rule|Swagger Clause: Swagger is banned
|rule|Baton Pass Stat Clause: No Baton Passer may have a way to boost its stats
|clearpoke
|poke|p1|Starmie|item
|poke|p1|Breloom, M|item
|poke|p1|Scizor, M|item
|poke|p1|Hydreigon, F|item
|poke|p1|Politoed, M|item
|poke|p1|Jirachi|item
|poke|p2|Blissey, F|item
|poke|p2|Abomasnow, F|item
|poke|p2|Bronzong|item
|poke|p2|Gliscor, M|item
|poke|p2|Kyurem|item
|poke|p2|Clefable, F|item
|teampreview
|inactive|Battle timer is ON: inactive players will automatically lose when time's up. (requested by Primary Trout)
|
|t:|1728513760
|start
|switch|p1a: Jirachi|Jirachi|100/100
|switch|p2a: Abomasnow|Abomasnow, F|100/100
|-weather|Hail|[from] ability: Snow Warning|[of] p2a: Abomasnow
|turn|1
|
|t:|1728513765
|move|p1a: Jirachi|Stealth Rock|p2a: Abomasnow
|-sidestart|p2: LeafStoned|move: Stealth Rock
|move|p2a: Abomasnow|Leech Seed|p1a: Jirachi
|-start|p1a: Jirachi|move: Leech Seed
|
|-weather|Hail|[upkeep]
|-damage|p1a: Jirachi|94/100|[from] Hail
|-heal|p1a: Jirachi|100/100|[from] item: Leftovers
|-damage|p1a: Jirachi|88/100|[from] Leech Seed|[of] p2a: Abomasnow
|upkeep
|turn|2
|
|t:|1728513770
|move|p2a: Abomasnow|Protect|p2a: Abomasnow
|-singleturn|p2a: Abomasnow|Protect
|move|p1a: Jirachi|Iron Head|p2a: Abomasnow
|-activate|p2a: Abomasnow|move: Protect
|
|-weather|Hail|[upkeep]
|-damage|p1a: Jirachi|82/100|[from] Hail
|-heal|p1a: Jirachi|88/100|[from] item: Leftovers
|-damage|p1a: Jirachi|76/100|[from] Leech Seed|[of] p2a: Abomasnow
|upkeep
|turn|3
|
|t:|1728513783
|switch|p2a: Bronzong|Bronzong|100/100
|-damage|p2a: Bronzong|94/100|[from] Stealth Rock
|move|p1a: Jirachi|Iron Head|p2a: Bronzong
|-resisted|p2a: Bronzong
|-crit|p2a: Bronzong
|-damage|p2a: Bronzong|77/100
|
|-weather|Hail|[upkeep]
|-damage|p1a: Jirachi|70/100|[from] Hail
|-damage|p2a: Bronzong|71/100|[from] Hail
|-heal|p1a: Jirachi|76/100|[from] item: Leftovers
|-damage|p2a: Bronzong|59/100|[from] item: Black Sludge
|-damage|p1a: Jirachi|63/100|[from] Leech Seed|[of] p2a: Bronzong
|-heal|p2a: Bronzong|74/100|[silent]
|upkeep
|turn|4
|
|t:|1728513796
|switch|p1a: Politoed|Politoed, M|100/100
|-weather|RainDance|[from] ability: Drizzle|[of] p1a: Politoed
|move|p2a: Bronzong|Trick|p1a: Politoed
|-activate|p2a: Bronzong|move: Trick|[of] p1a: Politoed
|-item|p1a: Politoed|Black Sludge|[from] move: Trick
|-item|p2a: Bronzong|Choice Scarf|[from] move: Trick
|
|-weather|RainDance|[upkeep]
|-damage|p1a: Politoed|88/100|[from] item: Black Sludge
|upkeep
|turn|5
|
|t:|1728513808
|move|p1a: Politoed|Scald|p2a: Bronzong
|-damage|p2a: Bronzong|30/100
|move|p2a: Bronzong|Toxic|p1a: Politoed
|-status|p1a: Politoed|tox
|
|-weather|RainDance|[upkeep]
|-damage|p1a: Politoed|76/100 tox|[from] item: Black Sludge
|-damage|p1a: Politoed|69/100 tox|[from] psn
|upkeep
|turn|6
|j| BRUL3D
|
|t:|1728513823
|switch|p1a: Jirachi|Jirachi|63/100
|switch|p2a: Blissey|Blissey, F|100/100
|-damage|p2a: Blissey|88/100|[from] Stealth Rock
|
|-weather|RainDance|[upkeep]
|-heal|p1a: Jirachi|70/100|[from] item: Leftovers
|-heal|p2a: Blissey|94/100|[from] item: Leftovers
|upkeep
|turn|7
|
|t:|1728513830
|switch|p1a: Scizor|Scizor, M|100/100
|switch|p2a: Gliscor|Gliscor, M|100/100
|-damage|p2a: Gliscor|88/100|[from] Stealth Rock
|
|-weather|RainDance|[upkeep]
|-status|p2a: Gliscor|tox|[from] item: Toxic Orb
|upkeep
|turn|8
|
|t:|1728513834
|move|p2a: Gliscor|Knock Off|p1a: Scizor
|-resisted|p1a: Scizor
|-damage|p1a: Scizor|98/100
|-enditem|p1a: Scizor|Leftovers|[from] move: Knock Off|[of] p2a: Gliscor
|move|p1a: Scizor|Swords Dance|p1a: Scizor
|-boost|p1a: Scizor|atk|2
|
|-weather|RainDance|[upkeep]
|-heal|p2a: Gliscor|100/100 tox|[from] ability: Poison Heal
|upkeep
|turn|9
|
|t:|1728513844
|move|p2a: Gliscor|Earthquake|p1a: Scizor
|-damage|p1a: Scizor|65/100
|move|p1a: Scizor|Swords Dance|p1a: Scizor
|-boost|p1a: Scizor|atk|2
|
|-weather|RainDance|[upkeep]
|upkeep
|turn|10
|
|t:|1728513852
|move|p2a: Gliscor|Earthquake|p1a: Scizor
|-damage|p1a: Scizor|32/100
|move|p1a: Scizor|Roost|p1a: Scizor
|-heal|p1a: Scizor|82/100
|-singleturn|p1a: Scizor|move: Roost
|
|-weather|RainDance|[upkeep]
|upkeep
|turn|11
|
|t:|1728513858
|move|p1a: Scizor|Bullet Punch|p2a: Gliscor
|-crit|p2a: Gliscor
|-damage|p2a: Gliscor|0 fnt
|faint|p2a: Gliscor
|
|-weather|RainDance|[upkeep]
|upkeep
|
|t:|1728513861
|switch|p2a: Abomasnow|Abomasnow, F|100/100
|-damage|p2a: Abomasnow|75/100|[from] Stealth Rock
|-weather|Hail|[from] ability: Snow Warning|[of] p2a: Abomasnow
|turn|12
|
|t:|1728513875
|move|p2a: Abomasnow|Protect|p2a: Abomasnow
|-singleturn|p2a: Abomasnow|Protect
|move|p1a: Scizor|Bullet Punch|p2a: Abomasnow
|-activate|p2a: Abomasnow|move: Protect
|
|-weather|Hail|[upkeep]
|-damage|p1a: Scizor|76/100|[from] Hail
|-heal|p2a: Abomasnow|82/100|[from] item: Leftovers
|upkeep
|turn|13
|
|t:|1728513891
|switch|p2a: Bronzong|Bronzong|30/100
|-damage|p2a: Bronzong|24/100|[from] Stealth Rock
|move|p1a: Scizor|Bullet Punch|p2a: Bronzong
|-resisted|p2a: Bronzong
|-damage|p2a: Bronzong|0 fnt
|faint|p2a: Bronzong
|
|-weather|Hail|[upkeep]
|-damage|p1a: Scizor|70/100|[from] Hail
|upkeep
|
|t:|1728513897
|switch|p2a: Abomasnow|Abomasnow, F|82/100
|-damage|p2a: Abomasnow|57/100|[from] Stealth Rock
|turn|14
|
|t:|1728513899
|move|p1a: Scizor|Bullet Punch|p2a: Abomasnow
|-supereffective|p2a: Abomasnow
|-damage|p2a: Abomasnow|0 fnt
|faint|p2a: Abomasnow
|
|-weather|Hail|[upkeep]
|-damage|p1a: Scizor|64/100|[from] Hail
|upkeep
|
|t:|1728513906
|switch|p2a: Clefable|Clefable, F|100/100
|turn|15
|
|t:|1728513911
|move|p1a: Scizor|Superpower|p2a: Clefable
|-supereffective|p2a: Clefable
|-damage|p2a: Clefable|0 fnt
|-unboost|p1a: Scizor|atk|1
|-unboost|p1a: Scizor|def|1
|faint|p2a: Clefable
|
|-weather|Hail|[upkeep]
|-damage|p1a: Scizor|57/100|[from] Hail
|upkeep
|c|☆Primary Trout|gg
|-message|LeafStoned forfeited.
|
|win|Primary Trout
|raw|Primary Trout's rating: 1391 &rarr; <strong>1407</strong><br />(+16 for winning)
|raw|LeafStoned's rating: 1318 &rarr; <strong>1302</strong><br />(-16 for losing)
|l|☆LeafStoned
|player|p2|
