|j|☆minutemaid13
|j|☆leoperi99
|t:|1707826422
|gametype|singles
|player|p1|minutemaid13|170|1334
|player|p2|leoperi99|wallace-masters|1396
|teamsize|p1|6
|teamsize|p2|6
|gen|5
|tier|[Gen 5] OU
|rated|
|rule|Species Clause: Limit one of each Pokémon
|rule|OHKO Clause: OHKO moves are banned
|rule|Moody Clause: Moody is banned
|rule|Evasion Items Clause: Evasion items are banned
|rule|Evasion Moves Clause: Evasion moves are banned
|rule|Endless Battle Clause: Forcing endless battles is banned
|rule|HP Percentage Mod: HP is shown in percentages
|rule|Evasion Abilities Clause: Evasion abilities are banned
|rule|Sleep Moves Clause: Sleep-inducing moves are banned
|rule|Swagger Clause: Swagger is banned
|rule|Baton Pass Stat Clause: No Baton Passer may have a way to boost its stats
|clearpoke
|poke|p1|Azelf|item
|poke|p1|Volcarona, F|item
|poke|p1|Jirachi|item
|poke|p1|Breloom, F|item
|poke|p1|Latios, M|item
|poke|p1|Cloyster, F|item
|poke|p2|Hippowdon, F|item
|poke|p2|Clefable, F|item
|poke|p2|Bronzong|item
|poke|p2|Skarmory, M|item
|poke|p2|Latios, M|item
|poke|p2|Reuniclus, F|item
|teampreview
|
|t:|1707826451
|start
|switch|p1a: Azelf|Azelf|100/100
|switch|p2a: Hippowdon|Hippowdon, F, shiny|100/100
|-weather|Sandstorm|[from] ability: Sand Stream|[of] p2a: Hippowdon
|turn|1
|
|t:|1707826454
|move|p1a: Azelf|Taunt|p2a: Hippowdon
|-start|p2a: Hippowdon|move: Taunt
|cant|p2a: Hippowdon|move: Taunt|Stealth Rock
|
|-weather|Sandstorm|[upkeep]
|-damage|p1a: Azelf|94/100|[from] Sandstorm
|upkeep
|turn|2
|
|t:|1707826456
|switch|p2a: Clefable|Clefable, F, shiny|100/100
|move|p1a: Azelf|Stealth Rock|p2a: Clefable
|-sidestart|p2: leoperi99|move: Stealth Rock
|
|-weather|Sandstorm|[upkeep]
|-damage|p1a: Azelf|88/100|[from] Sandstorm
|upkeep
|turn|3
|
|t:|1707826467
|move|p1a: Azelf|Taunt|p2a: Clefable
|-start|p2a: Clefable|move: Taunt
|cant|p2a: Clefable|move: Taunt|Thunder Wave
|
|-weather|Sandstorm|[upkeep]
|-damage|p1a: Azelf|82/100|[from] Sandstorm
|upkeep
|turn|4
|
|t:|1707826471
|switch|p2a: Hippowdon|Hippowdon, F, shiny|100/100
|-damage|p2a: Hippowdon|94/100|[from] Stealth Rock
|move|p1a: Azelf|Psychic|p2a: Hippowdon
|-damage|p2a: Hippowdon|60/100
|
|-weather|Sandstorm|[upkeep]
|-damage|p1a: Azelf|76/100|[from] Sandstorm
|-heal|p2a: Hippowdon|67/100|[from] item: Leftovers
|upkeep
|turn|5
|
|t:|1707826476
|move|p1a: Azelf|Taunt|p2a: Hippowdon
|-start|p2a: Hippowdon|move: Taunt
|move|p2a: Hippowdon|Earthquake|p1a: Azelf
|-immune|p1a: Azelf|[from] ability: Levitate
|
|-weather|Sandstorm|[upkeep]
|-damage|p1a: Azelf|70/100|[from] Sandstorm
|-heal|p2a: Hippowdon|73/100|[from] item: Leftovers
|upkeep
|turn|6
|
|t:|1707826479
|switch|p2a: Reuniclus|Reuniclus, F, shiny|100/100
|move|p1a: Azelf|Psychic|p2a: Reuniclus
|-resisted|p2a: Reuniclus
|-damage|p2a: Reuniclus|81/100
|
|-weather|Sandstorm|[upkeep]
|-damage|p1a: Azelf|63/100|[from] Sandstorm
|upkeep
|turn|7
|
|t:|1707826487
|move|p1a: Azelf|Taunt|p2a: Reuniclus
|-start|p2a: Reuniclus|move: Taunt
|move|p2a: Reuniclus|Signal Beam|p1a: Azelf
|-supereffective|p1a: Azelf
|-damage|p1a: Azelf|0 fnt
|faint|p1a: Azelf
|
|-weather|Sandstorm|[upkeep]
|upkeep
|
|t:|1707826498
|switch|p1a: Volcarona|Volcarona, F|100/100
|turn|8
|
|t:|1707826501
|move|p1a: Volcarona|Quiver Dance|p1a: Volcarona
|-boost|p1a: Volcarona|spa|1
|-boost|p1a: Volcarona|spd|1
|-boost|p1a: Volcarona|spe|1
|move|p2a: Reuniclus|Psyshock|p1a: Volcarona
|-damage|p1a: Volcarona|38/100
|-enditem|p1a: Volcarona|Sitrus Berry|[eat]
|-heal|p1a: Volcarona|63/100|[from] item: Sitrus Berry
|
|-weather|Sandstorm|[upkeep]
|-damage|p1a: Volcarona|57/100|[from] Sandstorm
|upkeep
|turn|9
|
|t:|1707826505
|move|p1a: Volcarona|Bug Buzz|p2a: Reuniclus
|-supereffective|p2a: Reuniclus
|-damage|p2a: Reuniclus|0 fnt
|faint|p2a: Reuniclus
|
|-weather|Sandstorm|[upkeep]
|-damage|p1a: Volcarona|50/100|[from] Sandstorm
|upkeep
|
|t:|1707826514
|switch|p2a: Clefable|Clefable, F, shiny|100/100
|turn|10
|
|t:|1707826527
|move|p1a: Volcarona|Fiery Dance|p2a: Clefable
|-damage|p2a: Clefable|57/100
|-boost|p1a: Volcarona|spa|1
|move|p2a: Clefable|Thunder Wave|p1a: Volcarona
|-status|p1a: Volcarona|par
|
|-weather|Sandstorm|[upkeep]
|-damage|p1a: Volcarona|44/100 par|[from] Sandstorm
|-heal|p2a: Clefable|63/100|[from] item: Leftovers
|upkeep
|turn|11
|
|t:|1707826532
|move|p2a: Clefable|Seismic Toss|p1a: Volcarona
|-damage|p1a: Volcarona|12/100 par
|move|p1a: Volcarona|Giga Drain|p2a: Clefable
|-damage|p2a: Clefable|26/100
|-heal|p1a: Volcarona|36/100 par|[from] drain|[of] p2a: Clefable
|
|-weather|Sandstorm|[upkeep]
|-damage|p1a: Volcarona|30/100 par|[from] Sandstorm
|-heal|p2a: Clefable|32/100|[from] item: Leftovers
|upkeep
|turn|12
|
|t:|1707826538
|move|p2a: Clefable|Soft-Boiled|p2a: Clefable
|-heal|p2a: Clefable|82/100
|move|p1a: Volcarona|Giga Drain|p2a: Clefable
|-damage|p2a: Clefable|45/100
|-heal|p1a: Volcarona|53/100 par|[from] drain|[of] p2a: Clefable
|
|-weather|Sandstorm|[upkeep]
|-damage|p1a: Volcarona|47/100 par|[from] Sandstorm
|-heal|p2a: Clefable|52/100|[from] item: Leftovers
|upkeep
|turn|13
|
|t:|1707826543
|move|p2a: Clefable|Seismic Toss|p1a: Volcarona
|-damage|p1a: Volcarona|15/100 par
|move|p1a: Volcarona|Giga Drain|p2a: Clefable
|-damage|p2a: Clefable|15/100
|-heal|p1a: Volcarona|38/100 par|[from] drain|[of] p2a: Clefable
|
|-weather|Sandstorm|[upkeep]
|-damage|p1a: Volcarona|32/100 par|[from] Sandstorm
|-heal|p2a: Clefable|21/100|[from] item: Leftovers
|upkeep
|turn|14
|
|t:|1707826548
|move|p2a: Clefable|Soft-Boiled|p2a: Clefable
|-heal|p2a: Clefable|71/100
|move|p1a: Volcarona|Bug Buzz|p2a: Clefable
|-damage|p2a: Clefable|8/100
|
|-weather|Sandstorm|[upkeep]
|-damage|p1a: Volcarona|26/100 par|[from] Sandstorm
|-heal|p2a: Clefable|14/100|[from] item: Leftovers
|upkeep
|turn|15
|
|t:|1707826553
|move|p2a: Clefable|Soft-Boiled|p2a: Clefable
|-heal|p2a: Clefable|64/100
|move|p1a: Volcarona|Bug Buzz|p2a: Clefable
|-damage|p2a: Clefable|0 fnt
|faint|p2a: Clefable
|
|-weather|Sandstorm|[upkeep]
|-damage|p1a: Volcarona|20/100 par|[from] Sandstorm
|upkeep
|
|t:|1707826556
|switch|p2a: Hippowdon|Hippowdon, F, shiny|73/100
|-damage|p2a: Hippowdon|67/100|[from] Stealth Rock
|turn|16
|
|t:|1707826559
|move|p2a: Hippowdon|Earthquake|p1a: Volcarona
|-damage|p1a: Volcarona|0 fnt
|faint|p1a: Volcarona
|
|-weather|Sandstorm|[upkeep]
|-heal|p2a: Hippowdon|73/100|[from] item: Leftovers
|upkeep
|
|t:|1707826563
|switch|p1a: Breloom|Breloom, F|100/100
|turn|17
|
|t:|1707826566
|switch|p2a: Skarmory|Skarmory, M, shiny|100/100
|-damage|p2a: Skarmory|88/100|[from] Stealth Rock
|move|p1a: Breloom|Swords Dance|p1a: Breloom
|-boost|p1a: Breloom|atk|2
|
|-weather|Sandstorm|[upkeep]
|-damage|p1a: Breloom|94/100|[from] Sandstorm
|upkeep
|turn|18
|
|t:|1707826569
|move|p1a: Breloom|Low Sweep|p2a: Skarmory
|-damage|p2a: Skarmory|7/100
|-unboost|p2a: Skarmory|spe|1
|-damage|p1a: Breloom|78/100|[from] item: Rocky Helmet|[of] p2a: Skarmory
|-damage|p1a: Breloom|68/100|[from] item: Life Orb
|move|p2a: Skarmory|Brave Bird|p1a: Breloom
|-supereffective|p1a: Breloom
|-damage|p1a: Breloom|0 fnt
|faint|p1a: Breloom
|-damage|p2a: Skarmory|0 fnt|[from] Recoil
|faint|p2a: Skarmory
|
|-weather|Sandstorm|[upkeep]
|upkeep
|
|t:|1707826580
|switch|p1a: Jirachi|Jirachi|100/100
|switch|p2a: Hippowdon|Hippowdon, F, shiny|73/100
|-damage|p2a: Hippowdon|67/100|[from] Stealth Rock
|turn|19
|
|t:|1707826584
|move|p1a: Jirachi|Body Slam|p2a: Hippowdon
|-damage|p2a: Hippowdon|53/100
|-status|p2a: Hippowdon|par
|cant|p2a: Hippowdon|par
|
|-weather|Sandstorm|[upkeep]
|-heal|p2a: Hippowdon|59/100 par|[from] item: Leftovers
|upkeep
|turn|20
|
|t:|1707826587
|move|p1a: Jirachi|Iron Head|p2a: Hippowdon
|-damage|p2a: Hippowdon|39/100 par
|cant|p2a: Hippowdon|flinch
|
|-weather|Sandstorm|[upkeep]
|-heal|p2a: Hippowdon|46/100 par|[from] item: Leftovers
|upkeep
|turn|21
|
|t:|1707826592
|switch|p2a: Bronzong|Bronzong, shiny|100/100
|-damage|p2a: Bronzong|94/100|[from] Stealth Rock
|move|p1a: Jirachi|Iron Head|p2a: Bronzong
|-resisted|p2a: Bronzong
|-damage|p2a: Bronzong|82/100
|
|-weather|Sandstorm|[upkeep]
|-heal|p2a: Bronzong|88/100|[from] item: Leftovers
|upkeep
|turn|22
|
|t:|1707826595
|move|p1a: Jirachi|Body Slam|p2a: Bronzong
|-resisted|p2a: Bronzong
|-damage|p2a: Bronzong|80/100
|move|p2a: Bronzong|Skill Swap|p1a: Jirachi
|-activate|p2a: Bronzong|move: Skill Swap|Serene Grace|Levitate|[of] p1a: Jirachi
|-endability|p2a: Bronzong|Levitate|[from] move: Skill Swap
|-endability|p1a: Jirachi|Serene Grace|[from] move: Skill Swap
|
|-weather|Sandstorm|[upkeep]
|-heal|p2a: Bronzong|86/100|[from] item: Leftovers
|upkeep
|turn|23
|
|t:|1707826600
|move|p2a: Bronzong|Protect|p2a: Bronzong
|-singleturn|p2a: Bronzong|Protect
|move|p1a: Jirachi|Body Slam|p2a: Bronzong
|-activate|p2a: Bronzong|move: Protect
|
|-weather|Sandstorm|[upkeep]
|-heal|p2a: Bronzong|92/100|[from] item: Leftovers
|upkeep
|turn|24
|
|t:|1707826602
|switch|p2a: Hippowdon|Hippowdon, F, shiny|46/100 par
|-damage|p2a: Hippowdon|39/100 par|[from] Stealth Rock
|move|p1a: Jirachi|Body Slam|p2a: Hippowdon
|-damage|p2a: Hippowdon|24/100 par
|
|-weather|Sandstorm|[upkeep]
|-heal|p2a: Hippowdon|31/100 par|[from] item: Leftovers
|upkeep
|turn|25
|
|t:|1707826607
|switch|p1a: Cloyster|Cloyster, F|100/100
|move|p2a: Hippowdon|Slack Off|p2a: Hippowdon
|-heal|p2a: Hippowdon|81/100 par
|
|-weather|Sandstorm|[upkeep]
|-damage|p1a: Cloyster|94/100|[from] Sandstorm
|-heal|p2a: Hippowdon|87/100 par|[from] item: Leftovers
|upkeep
|turn|26
|
|t:|1707826609
|switch|p2a: Bronzong|Bronzong, shiny|92/100
|-damage|p2a: Bronzong|86/100|[from] Stealth Rock
|move|p1a: Cloyster|Shell Smash|p1a: Cloyster
|-unboost|p1a: Cloyster|def|1
|-unboost|p1a: Cloyster|spd|1
|-boost|p1a: Cloyster|atk|2
|-boost|p1a: Cloyster|spa|2
|-boost|p1a: Cloyster|spe|2
|
|-weather|Sandstorm|[upkeep]
|-damage|p1a: Cloyster|88/100|[from] Sandstorm
|-heal|p2a: Bronzong|92/100|[from] item: Leftovers
|upkeep
|turn|27
|
|t:|1707826614
|move|p1a: Cloyster|Icicle Spear|p2a: Bronzong
|-resisted|p2a: Bronzong
|-damage|p2a: Bronzong|82/100
|-resisted|p2a: Bronzong
|-damage|p2a: Bronzong|72/100
|-resisted|p2a: Bronzong
|-damage|p2a: Bronzong|62/100
|-resisted|p2a: Bronzong
|-crit|p2a: Bronzong
|-damage|p2a: Bronzong|40/100
|-resisted|p2a: Bronzong
|-damage|p2a: Bronzong|29/100
|-hitcount|p2a: Bronzong|5
|move|p2a: Bronzong|Skill Swap|p1a: Cloyster
|-activate|p2a: Bronzong|move: Skill Swap|Skill Link|Levitate|[of] p1a: Cloyster
|-endability|p2a: Bronzong|Levitate|[from] move: Skill Swap
|-endability|p1a: Cloyster|Skill Link|[from] move: Skill Swap
|
|-weather|Sandstorm|[upkeep]
|-damage|p1a: Cloyster|82/100|[from] Sandstorm
|-heal|p2a: Bronzong|36/100|[from] item: Leftovers
|upkeep
|turn|28
|
|t:|1707826622
|move|p1a: Cloyster|Icicle Spear|p2a: Bronzong
|-resisted|p2a: Bronzong
|-damage|p2a: Bronzong|25/100
|-resisted|p2a: Bronzong
|-damage|p2a: Bronzong|15/100
|-resisted|p2a: Bronzong
|-damage|p2a: Bronzong|5/100
|-hitcount|p2a: Bronzong|3
|move|p2a: Bronzong|Gyro Ball|p1a: Cloyster
|-damage|p1a: Cloyster|18/100
|
|-weather|Sandstorm|[upkeep]
|-damage|p1a: Cloyster|12/100|[from] Sandstorm
|-heal|p2a: Bronzong|11/100|[from] item: Leftovers
|upkeep
|turn|29
|
|t:|1707826630
|move|p2a: Bronzong|Protect|p2a: Bronzong
|-singleturn|p2a: Bronzong|Protect
|move|p1a: Cloyster|Icicle Spear|p2a: Bronzong
|-activate|p2a: Bronzong|move: Protect
|
|-weather|Sandstorm|[upkeep]
|-damage|p1a: Cloyster|6/100|[from] Sandstorm
|-heal|p2a: Bronzong|17/100|[from] item: Leftovers
|upkeep
|turn|30
|
|t:|1707826637
|move|p2a: Bronzong|Protect||[still]
|-fail|p2a: Bronzong
|move|p1a: Cloyster|Icicle Spear|p2a: Bronzong
|-resisted|p2a: Bronzong
|-damage|p2a: Bronzong|6/100
|-resisted|p2a: Bronzong
|-damage|p2a: Bronzong|0 fnt
|faint|p2a: Bronzong
|-hitcount|p2: Bronzong|2
|
|-weather|Sandstorm|[upkeep]
|-damage|p1a: Cloyster|0 fnt|[from] Sandstorm
|faint|p1a: Cloyster
|upkeep
|
|t:|1707826639
|switch|p1a: Latios|Latios, M|100/100
|switch|p2a: Latios|Latios, M, shiny|100/100
|-damage|p2a: Latios|88/100|[from] Stealth Rock
|turn|31
|
|t:|1707826642
|move|p1a: Latios|Draco Meteor|p2a: Latios
|-supereffective|p2a: Latios
|-damage|p2a: Latios|0 fnt
|-unboost|p1a: Latios|spa|2
|faint|p2a: Latios
|
|-weather|Sandstorm|[upkeep]
|-damage|p1a: Latios|95/100|[from] Sandstorm
|upkeep
|
|t:|1707826643
|switch|p2a: Hippowdon|Hippowdon, F, shiny|87/100 par
|-damage|p2a: Hippowdon|81/100 par|[from] Stealth Rock
|turn|32
|
|t:|1707826646
|switch|p1a: Jirachi|Jirachi|100/100
|move|p2a: Hippowdon|Slack Off|p2a: Hippowdon
|-heal|p2a: Hippowdon|100/100 par
|
|-weather|Sandstorm|[upkeep]
|upkeep
|turn|33
|
|t:|1707826649
|move|p1a: Jirachi|Iron Head|p2a: Hippowdon
|-damage|p2a: Hippowdon|79/100 par
|move|p2a: Hippowdon|Earthquake|p1a: Jirachi
|-supereffective|p1a: Jirachi
|-damage|p1a: Jirachi|31/100
|
|-weather|Sandstorm|[upkeep]
|-heal|p1a: Jirachi|37/100|[from] item: Leftovers
|-heal|p2a: Hippowdon|85/100 par|[from] item: Leftovers
|upkeep
|turn|34
|
|t:|1707826651
|move|p1a: Jirachi|Iron Head|p2a: Hippowdon
|-damage|p2a: Hippowdon|66/100 par
|cant|p2a: Hippowdon|flinch
|
|-weather|Sandstorm|[upkeep]
|-heal|p1a: Jirachi|43/100|[from] item: Leftovers
|-heal|p2a: Hippowdon|72/100 par|[from] item: Leftovers
|upkeep
|turn|35
|
|t:|1707826653
|move|p1a: Jirachi|Iron Head|p2a: Hippowdon
|-damage|p2a: Hippowdon|50/100 par
|cant|p2a: Hippowdon|flinch
|
|-weather|Sandstorm|[upkeep]
|-heal|p1a: Jirachi|49/100|[from] item: Leftovers
|-heal|p2a: Hippowdon|57/100 par|[from] item: Leftovers
|upkeep
|turn|36
|
|t:|1707826655
|move|p1a: Jirachi|Iron Head|p2a: Hippowdon
|-damage|p2a: Hippowdon|35/100 par
|cant|p2a: Hippowdon|flinch
|
|-weather|Sandstorm|[upkeep]
|-heal|p1a: Jirachi|55/100|[from] item: Leftovers
|-heal|p2a: Hippowdon|41/100 par|[from] item: Leftovers
|upkeep
|turn|37
|-message|leoperi99 forfeited.
|
|win|minutemaid13
|raw|minutemaid13's rating: 1334 &rarr; <strong>1358</strong><br />(+24 for winning)
|raw|leoperi99's rating: 1396 &rarr; <strong>1372</strong><br />(-24 for losing)
|l|☆leoperi99
|player|p2|
