|j|☆porrompompom
|j|☆Invisible Paradigm
|player|p1|porrompompom|10
|player|p2|Invisible Paradigm|acetrainer-gen2
|teamsize|p1|6
|teamsize|p2|6
|gametype|singles
|gen|5
|tier|[Gen 5] OU
|rated|
|rule|Sleep Clause Mod: Limit one foe put to sleep
|rule|Species Clause: Limit one of each Pokémon
|rule|OHKO Clause: OHKO moves are banned
|rule|Moody Clause: Moody is banned
|rule|Evasion Moves Clause: Evasion moves are banned
|rule|Endless Battle Clause: Forcing endless battles is banned
|rule|HP Percentage Mod: HP is shown in percentages
|rule|Evasion Abilities Clause: Evasion abilities are banned
|rule|Baton Pass Clause: Limit one Baton Passer, can't pass Spe and other stats simultaneously
|rule|Swagger Clause: Swagger is banned
|clearpoke
|poke|p1|Tyranitar, F|item
|poke|p1|Magnezone|item
|poke|p1|Mew|item
|poke|p1|Gliscor, F|item
|poke|p1|Starmie|item
|poke|p1|Amoonguss, M|item
|poke|p2|Garchomp, F|item
|poke|p2|Tyranitar, F|item
|poke|p2|Mienshao, F|item
|poke|p2|Latios, M|item
|poke|p2|Rotom-Wash|item
|poke|p2|Jirachi|item
|teampreview
|inactive|Battle timer is ON: inactive players will automatically lose when time's up. (requested by Invisible Paradigm)
|inactive|porrompompom has 120 seconds left.
|
|start
|switch|p1a: Amoonguss|Amoonguss, M|100/100
|switch|p2a: Garchomp|Garchomp, F|100/100
|turn|1
|
|move|p2a: Garchomp|Stealth Rock|p1a: Amoonguss
|-sidestart|p1: porrompompom|move: Stealth Rock
|move|p1a: Amoonguss|Spore|p2a: Garchomp
|-status|p2a: Garchomp|slp
|
|upkeep
|turn|2
|
|switch|p1a: Tyranitar|Tyranitar, F|100/100
|-damage|p1a: Tyranitar|88/100|[from] Stealth Rock
|-weather|Sandstorm|[from] ability: Sand Stream|[of] p1a: Tyranitar
|cant|p2a: Garchomp|slp
|
|-weather|Sandstorm|[upkeep]
|upkeep
|turn|3
|
|switch|p1a: Gliscor|Gliscor, F|100/100
|-damage|p1a: Gliscor|88/100|[from] Stealth Rock
|cant|p2a: Garchomp|slp
|
|-weather|Sandstorm|[upkeep]
|-status|p1a: Gliscor|tox|[from] item: Toxic Orb
|upkeep
|turn|4
|
|cant|p2a: Garchomp|slp
|move|p1a: Gliscor|Ice Fang|p2a: Garchomp
|-supereffective|p2a: Garchomp
|-damage|p2a: Garchomp|40/100 slp
|-damage|p1a: Gliscor|75/100 tox|[from] ability: Rough Skin|[of] p2a: Garchomp
|
|-weather|Sandstorm|[upkeep]
|-heal|p1a: Gliscor|88/100 tox|[from] ability: Poison Heal
|upkeep
|turn|5
|
|-curestatus|p2a: Garchomp|slp|[msg]
|move|p2a: Garchomp|Draco Meteor|p1a: Gliscor|[miss]
|-miss|p2a: Garchomp|p1a: Gliscor
|move|p1a: Gliscor|Ice Fang|p2a: Garchomp
|-supereffective|p2a: Garchomp
|-damage|p2a: Garchomp|0 fnt
|-damage|p1a: Gliscor|75/100 tox|[from] ability: Rough Skin|[of] p2a: Garchomp
|faint|p2a: Garchomp
|
|-weather|Sandstorm|[upkeep]
|-heal|p1a: Gliscor|88/100 tox|[from] ability: Poison Heal
|upkeep
|
|switch|p2a: Jirachi|Jirachi|100/100
|turn|6
|j| MikeyTapsa
|l| MikeyTapsa
|
|switch|p1a: Magnezone|Magnezone|100/100
|-damage|p1a: Magnezone|94/100|[from] Stealth Rock
|move|p2a: Jirachi|Hidden Power|p1a: Magnezone
|-supereffective|p1a: Magnezone
|-damage|p1a: Magnezone|39/100
|
|-weather|Sandstorm|[upkeep]
|upkeep
|turn|7
|
|move|p1a: Magnezone|Volt Switch|p2a: Jirachi
|-damage|p2a: Jirachi|64/100
|
|switch|p1a: Starmie|Starmie|100/100
|-damage|p1a: Starmie|88/100|[from] Stealth Rock
|move|p2a: Jirachi|Hidden Power|p1a: Starmie
|-resisted|p1a: Starmie
|-damage|p1a: Starmie|75/100
|
|-weather|Sandstorm|[upkeep]
|-damage|p1a: Starmie|69/100|[from] Sandstorm
|-heal|p1a: Starmie|75/100|[from] item: Leftovers
|upkeep
|turn|8
|
|move|p1a: Starmie|Rapid Spin|p2a: Jirachi
|-resisted|p2a: Jirachi
|-damage|p2a: Jirachi|63/100
|-sideend|p1: porrompompom|Stealth Rock|[from] move: Rapid Spin|[of] p1a: Starmie
|move|p2a: Jirachi|Energy Ball|p1a: Starmie
|-supereffective|p1a: Starmie
|-damage|p1a: Starmie|16/100
|-unboost|p1a: Starmie|spd|1
|
|-weather|Sandstorm|[upkeep]
|-damage|p1a: Starmie|10/100|[from] Sandstorm
|-heal|p1a: Starmie|16/100|[from] item: Leftovers
|upkeep
|turn|9
|
|switch|p1a: Amoonguss|Amoonguss, M|100/100
|move|p2a: Jirachi|Thunder|p1a: Amoonguss|[miss]
|-miss|p2a: Jirachi|p1a: Amoonguss
|
|-weather|Sandstorm|[upkeep]
|-damage|p1a: Amoonguss|94/100|[from] Sandstorm
|-heal|p1a: Amoonguss|100/100|[from] item: Black Sludge
|upkeep
|turn|10
|
|move|p2a: Jirachi|Hidden Power|p1a: Amoonguss
|-supereffective|p1a: Amoonguss
|-damage|p1a: Amoonguss|69/100
|move|p1a: Amoonguss|Spore|p2a: Jirachi
|-status|p2a: Jirachi|slp
|
|-weather|Sandstorm|[upkeep]
|-damage|p1a: Amoonguss|63/100|[from] Sandstorm
|-heal|p1a: Amoonguss|69/100|[from] item: Black Sludge
|upkeep
|turn|11
|
|switch|p2a: Tyranitar|Tyranitar, F|100/100
|switch|p1a: Gliscor|Gliscor, F|88/100 tox
|
|-weather|Sandstorm|[upkeep]
|-heal|p1a: Gliscor|100/100 tox|[from] ability: Poison Heal
|upkeep
|turn|12
|
|switch|p1a: Magnezone|Magnezone|39/100
|switch|p2a: Rotom|Rotom-Wash|100/100
|
|-weather|Sandstorm|[upkeep]
|-damage|p2a: Rotom|94/100|[from] Sandstorm
|upkeep
|turn|13
|
|move|p1a: Magnezone|Volt Switch|p2a: Rotom
|-damage|p2a: Rotom|52/100
|
|switch|p1a: Amoonguss|Amoonguss, M|100/100
|move|p2a: Rotom|Volt Switch|p1a: Amoonguss
|-resisted|p1a: Amoonguss
|-damage|p1a: Amoonguss|91/100
|
|switch|p2a: Tyranitar|Tyranitar, F|100/100
|
|-weather|Sandstorm|[upkeep]
|-damage|p1a: Amoonguss|85/100|[from] Sandstorm
|-heal|p1a: Amoonguss|91/100|[from] item: Black Sludge
|upkeep
|turn|14
|
|switch|p1a: Gliscor|Gliscor, F|100/100 tox
|move|p2a: Tyranitar|Stone Edge|p1a: Gliscor
|-damage|p1a: Gliscor|42/100 tox
|
|-weather|Sandstorm|[upkeep]
|-heal|p1a: Gliscor|55/100 tox|[from] ability: Poison Heal
|upkeep
|turn|15
|
|switch|p2a: Rotom|Rotom-Wash|52/100
|move|p1a: Gliscor|Roost|p1a: Gliscor
|-heal|p1a: Gliscor|100/100 tox
|-singleturn|p1a: Gliscor|move: Roost
|
|-weather|Sandstorm|[upkeep]
|-damage|p2a: Rotom|46/100|[from] Sandstorm
|upkeep
|turn|16
|
|switch|p1a: Amoonguss|Amoonguss, M|100/100
|move|p2a: Rotom|Volt Switch|p1a: Amoonguss
|-resisted|p1a: Amoonguss
|-damage|p1a: Amoonguss|91/100
|
|switch|p2a: Tyranitar|Tyranitar, F|100/100
|
|-weather|Sandstorm|[upkeep]
|-damage|p1a: Amoonguss|85/100|[from] Sandstorm
|-heal|p1a: Amoonguss|91/100|[from] item: Black Sludge
|upkeep
|turn|17
|
|move|p2a: Tyranitar|Stone Edge|p1a: Amoonguss
|-damage|p1a: Amoonguss|10/100
|move|p1a: Amoonguss|Spore|p2a: Tyranitar
|-message|Sleep Clause Mod activated.
|
|-weather|Sandstorm|[upkeep]
|-damage|p1a: Amoonguss|4/100|[from] Sandstorm
|-heal|p1a: Amoonguss|10/100|[from] item: Black Sludge
|upkeep
|turn|18
|
|switch|p1a: Gliscor|Gliscor, F|100/100 tox
|move|p2a: Tyranitar|Stone Edge|p1a: Gliscor
|-damage|p1a: Gliscor|47/100 tox
|
|-weather|Sandstorm|[upkeep]
|-heal|p1a: Gliscor|59/100 tox|[from] ability: Poison Heal
|upkeep
|turn|19
|
|move|p1a: Gliscor|Roost|p1a: Gliscor
|-heal|p1a: Gliscor|100/100 tox
|-singleturn|p1a: Gliscor|move: Roost
|move|p2a: Tyranitar|Stone Edge|p1a: Gliscor
|-resisted|p1a: Gliscor
|-damage|p1a: Gliscor|73/100 tox
|
|-weather|Sandstorm|[upkeep]
|-heal|p1a: Gliscor|86/100 tox|[from] ability: Poison Heal
|upkeep
|turn|20
|
|switch|p1a: Amoonguss|Amoonguss, M|43/100
|switch|p2a: Rotom|Rotom-Wash|46/100
|
|-weather|Sandstorm|[upkeep]
|-damage|p2a: Rotom|39/100|[from] Sandstorm
|-damage|p1a: Amoonguss|37/100|[from] Sandstorm
|-heal|p1a: Amoonguss|43/100|[from] item: Black Sludge
|upkeep
|turn|21
|
|switch|p1a: Gliscor|Gliscor, F|86/100 tox
|move|p2a: Rotom|Volt Switch|p1a: Gliscor
|-immune|p1a: Gliscor
|
|-weather|Sandstorm|[upkeep]
|-damage|p2a: Rotom|33/100|[from] Sandstorm
|-heal|p1a: Gliscor|98/100 tox|[from] ability: Poison Heal
|upkeep
|turn|22
|
|switch|p1a: Amoonguss|Amoonguss, M|76/100
|move|p2a: Rotom|Hydro Pump|p1a: Amoonguss|[miss]
|-miss|p2a: Rotom|p1a: Amoonguss
|
|-weather|Sandstorm|[upkeep]
|-damage|p2a: Rotom|27/100|[from] Sandstorm
|-damage|p1a: Amoonguss|70/100|[from] Sandstorm
|-heal|p1a: Amoonguss|76/100|[from] item: Black Sludge
|upkeep
|turn|23
|
|switch|p1a: Magnezone|Magnezone|39/100
|move|p2a: Rotom|Volt Switch|p1a: Magnezone
|-resisted|p1a: Magnezone
|-damage|p1a: Magnezone|21/100
|
|switch|p2a: Mienshao|Mienshao, F|100/100
|
|-weather|Sandstorm|[upkeep]
|-damage|p2a: Mienshao|95/100|[from] Sandstorm
|upkeep
|turn|24
|
|move|p2a: Mienshao|High Jump Kick|p1a: Magnezone
|-supereffective|p1a: Magnezone
|-damage|p1a: Magnezone|0 fnt
|faint|p1a: Magnezone
|
|-weather|Sandstorm|[upkeep]
|-damage|p2a: Mienshao|89/100|[from] Sandstorm
|upkeep
|
|switch|p1a: Mew|Mew|100/100
|turn|25
|
|switch|p2a: Tyranitar|Tyranitar, F|100/100
|move|p1a: Mew|Barrier|p1a: Mew
|-boost|p1a: Mew|def|2
|
|-weather|Sandstorm|[upkeep]
|-damage|p1a: Mew|94/100|[from] Sandstorm
|-heal|p1a: Mew|100/100|[from] item: Leftovers
|upkeep
|turn|26
|
|move|p1a: Mew|Amnesia|p1a: Mew
|-boost|p1a: Mew|spd|2
|move|p2a: Tyranitar|Crunch|p1a: Mew
|-supereffective|p1a: Mew
|-damage|p1a: Mew|51/100
|
|-weather|Sandstorm|[upkeep]
|-damage|p1a: Mew|45/100|[from] Sandstorm
|-heal|p1a: Mew|51/100|[from] item: Leftovers
|upkeep
|turn|27
|
|move|p1a: Mew|Baton Pass|p1a: Mew
|
|switch|p1a: Gliscor|Gliscor, F|98/100 tox
|move|p2a: Tyranitar|Crunch|p1a: Gliscor
|-damage|p1a: Gliscor|77/100 tox
|
|-weather|Sandstorm|[upkeep]
|-heal|p1a: Gliscor|89/100 tox|[from] ability: Poison Heal
|upkeep
|turn|28
|
|switch|p2a: Latios|Latios, M|100/100
|move|p1a: Gliscor|Swords Dance|p1a: Gliscor
|-boost|p1a: Gliscor|atk|2
|
|-weather|Sandstorm|[upkeep]
|-damage|p2a: Latios|95/100|[from] Sandstorm
|-heal|p1a: Gliscor|100/100 tox|[from] ability: Poison Heal
|upkeep
|turn|29
|
|move|p2a: Latios|Surf|p1a: Gliscor
|-supereffective|p1a: Gliscor
|-damage|p1a: Gliscor|46/100 tox
|-damage|p2a: Latios|85/100|[from] item: Life Orb
|move|p1a: Gliscor|Ice Fang|p2a: Latios
|-supereffective|p2a: Latios
|-damage|p2a: Latios|2/100
|-status|p2a: Latios|frz
|
|-weather|Sandstorm|[upkeep]
|-damage|p2a: Latios|0 fnt|[from] Sandstorm
|faint|p2a: Latios
|-heal|p1a: Gliscor|58/100 tox|[from] ability: Poison Heal
|upkeep
|
|switch|p2a: Rotom|Rotom-Wash|27/100
|turn|30
|
|move|p1a: Gliscor|Roost|p1a: Gliscor
|-heal|p1a: Gliscor|100/100 tox
|-singleturn|p1a: Gliscor|move: Roost
|move|p2a: Rotom|Rest|p2a: Rotom
|-status|p2a: Rotom|slp
|-heal|p2a: Rotom|100/100 slp|[silent]
|-status|p2a: Rotom|slp|[from] move: Rest
|-enditem|p2a: Rotom|Chesto Berry|[eat]
|-curestatus|p2a: Rotom|slp|[msg]
|
|-weather|Sandstorm|[upkeep]
|-damage|p2a: Rotom|94/100|[from] Sandstorm
|upkeep
|turn|31
|
|move|p1a: Gliscor|Swords Dance|p1a: Gliscor
|-boost|p1a: Gliscor|atk|2
|move|p2a: Rotom|Hydro Pump|p1a: Gliscor
|-supereffective|p1a: Gliscor
|-damage|p1a: Gliscor|40/100 tox
|
|-weather|Sandstorm|[upkeep]
|-damage|p2a: Rotom|88/100|[from] Sandstorm
|-heal|p1a: Gliscor|53/100 tox|[from] ability: Poison Heal
|upkeep
|turn|32
|
|move|p1a: Gliscor|Roost|p1a: Gliscor
|-heal|p1a: Gliscor|100/100 tox
|-singleturn|p1a: Gliscor|move: Roost
|move|p2a: Rotom|Hydro Pump|p1a: Gliscor
|-supereffective|p1a: Gliscor
|-damage|p1a: Gliscor|43/100 tox
|
|-weather|Sandstorm|[upkeep]
|-damage|p2a: Rotom|82/100|[from] Sandstorm
|-heal|p1a: Gliscor|55/100 tox|[from] ability: Poison Heal
|upkeep
|turn|33
|
|move|p1a: Gliscor|Roost|p1a: Gliscor
|-heal|p1a: Gliscor|100/100 tox
|-singleturn|p1a: Gliscor|move: Roost
|move|p2a: Rotom|Hydro Pump|p1a: Gliscor|[miss]
|-miss|p2a: Rotom|p1a: Gliscor
|
|-weather|Sandstorm|[upkeep]
|-damage|p2a: Rotom|75/100|[from] Sandstorm
|upkeep
|turn|34
|
|move|p1a: Gliscor|Swords Dance|p1a: Gliscor
|-boost|p1a: Gliscor|atk|2
|move|p2a: Rotom|Hydro Pump|p1a: Gliscor|[miss]
|-miss|p2a: Rotom|p1a: Gliscor
|
|-weather|Sandstorm|[upkeep]
|-damage|p2a: Rotom|69/100|[from] Sandstorm
|upkeep
|turn|35
|
|move|p1a: Gliscor|Ice Fang|p2a: Rotom
|-resisted|p2a: Rotom
|-damage|p2a: Rotom|39/100
|move|p2a: Rotom|Hydro Pump|p1a: Gliscor
|-supereffective|p1a: Gliscor
|-damage|p1a: Gliscor|44/100 tox
|
|-weather|Sandstorm|[upkeep]
|-damage|p2a: Rotom|32/100|[from] Sandstorm
|-heal|p1a: Gliscor|57/100 tox|[from] ability: Poison Heal
|upkeep
|turn|36
|
|move|p1a: Gliscor|Roost|p1a: Gliscor
|-heal|p1a: Gliscor|100/100 tox
|-singleturn|p1a: Gliscor|move: Roost
|move|p2a: Rotom|Hydro Pump|p1a: Gliscor
|-supereffective|p1a: Gliscor
|-damage|p1a: Gliscor|37/100 tox
|
|-weather|Sandstorm|[upkeep]
|-damage|p2a: Rotom|26/100|[from] Sandstorm
|-heal|p1a: Gliscor|50/100 tox|[from] ability: Poison Heal
|upkeep
|turn|37
|
|move|p1a: Gliscor|Roost|p1a: Gliscor
|-heal|p1a: Gliscor|99/100 tox
|-singleturn|p1a: Gliscor|move: Roost
|move|p2a: Rotom|Hydro Pump|p1a: Gliscor
|-supereffective|p1a: Gliscor
|-damage|p1a: Gliscor|40/100 tox
|
|-weather|Sandstorm|[upkeep]
|-damage|p2a: Rotom|20/100|[from] Sandstorm
|-heal|p1a: Gliscor|53/100 tox|[from] ability: Poison Heal
|upkeep
|turn|38
|
|move|p1a: Gliscor|Roost|p1a: Gliscor
|-heal|p1a: Gliscor|100/100 tox
|-singleturn|p1a: Gliscor|move: Roost
|move|p2a: Rotom|Hidden Power|p1a: Gliscor
|-damage|p1a: Gliscor|89/100 tox
|
|-weather|Sandstorm|[upkeep]
|-damage|p2a: Rotom|14/100|[from] Sandstorm
|-heal|p1a: Gliscor|100/100 tox|[from] ability: Poison Heal
|upkeep
|turn|39
|
|move|p1a: Gliscor|Ice Fang|p2a: Rotom
|-resisted|p2a: Rotom
|-damage|p2a: Rotom|0 fnt
|faint|p2a: Rotom
|
|-weather|Sandstorm|[upkeep]
|upkeep
|
|switch|p2a: Mienshao|Mienshao, F|100/100
|turn|40
|
|move|p2a: Mienshao|Hidden Power|p1a: Gliscor
|-supereffective|p1a: Gliscor
|-crit|p1a: Gliscor
|-damage|p1a: Gliscor|0 fnt
|faint|p1a: Gliscor
|
|-weather|Sandstorm|[upkeep]
|-damage|p2a: Mienshao|95/100|[from] Sandstorm
|upkeep
|inactive|porrompompom has 120 seconds left.
|inactive|porrompompom has 90 seconds left.
|
|switch|p1a: Mew|Mew|51/100
|turn|41
|
|switch|p2a: Tyranitar|Tyranitar, F|100/100
|move|p1a: Mew|Barrier|p1a: Mew
|-boost|p1a: Mew|def|2
|
|-weather|Sandstorm|[upkeep]
|-damage|p1a: Mew|45/100|[from] Sandstorm
|-heal|p1a: Mew|51/100|[from] item: Leftovers
|upkeep
|turn|42
|
|move|p1a: Mew|Barrier|p1a: Mew
|-boost|p1a: Mew|def|2
|move|p2a: Tyranitar|Crunch|p1a: Mew
|-supereffective|p1a: Mew
|-damage|p1a: Mew|17/100
|-unboost|p1a: Mew|def|1
|
|-weather|Sandstorm|[upkeep]
|-damage|p1a: Mew|11/100|[from] Sandstorm
|-heal|p1a: Mew|17/100|[from] item: Leftovers
|upkeep
|turn|43
|
|move|p1a: Mew|Soft-Boiled|p1a: Mew
|-heal|p1a: Mew|67/100
|move|p2a: Tyranitar|Crunch|p1a: Mew
|-supereffective|p1a: Mew
|-damage|p1a: Mew|25/100
|-unboost|p1a: Mew|def|1
|
|-weather|Sandstorm|[upkeep]
|-damage|p1a: Mew|19/100|[from] Sandstorm
|-heal|p1a: Mew|25/100|[from] item: Leftovers
|upkeep
|turn|44
|inactive|porrompompom has 120 seconds left.
|
|move|p1a: Mew|Baton Pass|p1a: Mew
|
|switch|p1a: Amoonguss|Amoonguss, M|100/100
|move|p2a: Tyranitar|Crunch|p1a: Amoonguss
|-damage|p1a: Amoonguss|67/100
|
|-weather|Sandstorm|[upkeep]
|-damage|p1a: Amoonguss|61/100|[from] Sandstorm
|-heal|p1a: Amoonguss|67/100|[from] item: Black Sludge
|upkeep
|turn|45
|
|move|p2a: Tyranitar|Crunch|p1a: Amoonguss
|-damage|p1a: Amoonguss|32/100
|move|p1a: Amoonguss|Giga Drain|p2a: Tyranitar
|-supereffective|p2a: Tyranitar
|-damage|p2a: Tyranitar|76/100
|-heal|p1a: Amoonguss|42/100|[from] drain|[of] p2a: Tyranitar
|
|-weather|Sandstorm|[upkeep]
|-damage|p1a: Amoonguss|36/100|[from] Sandstorm
|-heal|p1a: Amoonguss|42/100|[from] item: Black Sludge
|upkeep
|turn|46
|
|move|p2a: Tyranitar|Crunch|p1a: Amoonguss
|-damage|p1a: Amoonguss|9/100
|-unboost|p1a: Amoonguss|def|1
|move|p1a: Amoonguss|Giga Drain|p2a: Tyranitar
|-supereffective|p2a: Tyranitar
|-damage|p2a: Tyranitar|51/100
|-heal|p1a: Amoonguss|19/100|[from] drain|[of] p2a: Tyranitar
|
|-weather|Sandstorm|[upkeep]
|-damage|p1a: Amoonguss|13/100|[from] Sandstorm
|-heal|p1a: Amoonguss|19/100|[from] item: Black Sludge
|upkeep
|turn|47
|j| Scald is the way
|
|switch|p1a: Tyranitar|Tyranitar, F|88/100
|move|p2a: Tyranitar|Crunch|p1a: Tyranitar
|-resisted|p1a: Tyranitar
|-damage|p1a: Tyranitar|62/100
|
|-weather|Sandstorm|[upkeep]
|upkeep
|turn|48
|
|switch|p2a: Mienshao|Mienshao, F|100/100
|move|p1a: Tyranitar|Crunch|p2a: Mienshao
|-resisted|p2a: Mienshao
|-damage|p2a: Mienshao|61/100
|
|-weather|Sandstorm|[upkeep]
|-damage|p2a: Mienshao|55/100|[from] Sandstorm
|upkeep
|turn|49
|
|switch|p1a: Mew|Mew|25/100
|move|p2a: Mienshao|High Jump Kick|p1a: Mew
|-resisted|p1a: Mew
|-damage|p1a: Mew|0 fnt
|faint|p1a: Mew
|
|-weather|Sandstorm|[upkeep]
|-damage|p2a: Mienshao|49/100|[from] Sandstorm
|upkeep
|
|switch|p1a: Amoonguss|Amoonguss, M|52/100
|turn|50
|
|switch|p2a: Tyranitar|Tyranitar, F|51/100
|switch|p1a: Tyranitar|Tyranitar, F|62/100
|
|-weather|Sandstorm|[upkeep]
|upkeep
|turn|51
|inactive|Invisible Paradigm has 120 seconds left.
|
|switch|p2a: Jirachi|Jirachi|63/100 slp
|move|p1a: Tyranitar|Stealth Rock|p2a: Jirachi
|-sidestart|p2: Invisible Paradigm|move: Stealth Rock
|
|-weather|Sandstorm|[upkeep]
|upkeep
|turn|52
|
|cant|p2a: Jirachi|slp
|move|p1a: Tyranitar|Crunch|p2a: Jirachi
|-damage|p2a: Jirachi|22/100 slp
|-unboost|p2a: Jirachi|def|1
|
|-weather|Sandstorm|[upkeep]
|upkeep
|turn|53
|
|switch|p2a: Mienshao|Mienshao, F|82/100
|-damage|p2a: Mienshao|76/100|[from] Stealth Rock
|move|p1a: Tyranitar|Crunch|p2a: Mienshao
|-resisted|p2a: Mienshao
|-damage|p2a: Mienshao|36/100
|
|-weather|Sandstorm|[upkeep]
|-damage|p2a: Mienshao|30/100|[from] Sandstorm
|upkeep
|turn|54
|
|switch|p1a: Amoonguss|Amoonguss, M|86/100
|move|p2a: Mienshao|High Jump Kick|p1a: Amoonguss
|-resisted|p1a: Amoonguss
|-crit|p1a: Amoonguss
|-damage|p1a: Amoonguss|10/100
|
|-weather|Sandstorm|[upkeep]
|-damage|p2a: Mienshao|24/100|[from] Sandstorm
|-damage|p1a: Amoonguss|4/100|[from] Sandstorm
|-heal|p1a: Amoonguss|10/100|[from] item: Black Sludge
|upkeep
|turn|55
|inactive|porrompompom has 120 seconds left.
|
|switch|p1a: Tyranitar|Tyranitar, F|62/100
|move|p2a: Mienshao|High Jump Kick|p1a: Tyranitar
|-supereffective|p1a: Tyranitar
|-enditem|p1a: Tyranitar|Chople Berry|[eat]
|-enditem|p1a: Tyranitar|Chople Berry|[weaken]
|-damage|p1a: Tyranitar|0 fnt
|faint|p1a: Tyranitar
|
|-weather|Sandstorm|[upkeep]
|-damage|p2a: Mienshao|18/100|[from] Sandstorm
|upkeep
|
|switch|p1a: Amoonguss|Amoonguss, M|43/100
|turn|56
|
|switch|p2a: Jirachi|Jirachi|22/100 slp
|-damage|p2a: Jirachi|16/100 slp|[from] Stealth Rock
|move|p1a: Amoonguss|Giga Drain|p2a: Jirachi
|-resisted|p2a: Jirachi
|-crit|p2a: Jirachi
|-damage|p2a: Jirachi|0 fnt
|-heal|p1a: Amoonguss|50/100|[from] drain|[of] p2a: Jirachi
|faint|p2a: Jirachi
|
|-weather|Sandstorm|[upkeep]
|-damage|p1a: Amoonguss|44/100|[from] Sandstorm
|-heal|p1a: Amoonguss|50/100|[from] item: Black Sludge
|upkeep
|
|switch|p2a: Tyranitar|Tyranitar, F|51/100
|-damage|p2a: Tyranitar|39/100|[from] Stealth Rock
|turn|57
|
|move|p2a: Tyranitar|Crunch|p1a: Amoonguss
|-damage|p1a: Amoonguss|0 fnt
|faint|p1a: Amoonguss
|
|-weather|Sandstorm|[upkeep]
|upkeep
|
|switch|p1a: Starmie|Starmie|16/100
|turn|58
|
|move|p1a: Starmie|Scald|p2a: Tyranitar
|-supereffective|p2a: Tyranitar
|-damage|p2a: Tyranitar|8/100
|move|p2a: Tyranitar|Crunch|p1a: Starmie
|-supereffective|p1a: Starmie
|-damage|p1a: Starmie|0 fnt
|faint|p1a: Starmie
|
|win|Invisible Paradigm
|raw|porrompompom's rating: 1600 &rarr; <strong>1577</strong><br />(-23 for losing)
|raw|Invisible Paradigm's rating: 1537 &rarr; <strong>1560</strong><br />(+23 for winning)
|c|☆Invisible Paradigm|easiest game oml
|l|☆Invisible Paradigm
|j|☆Invisible Paradigm
|c|☆porrompompom|it'd be worrying if after every crit and roll it wouldn't been easy
