|j|Bredoom McDougal
|j|outside players=.=
|player|p1|Bredoom McDougal|265
|player|p2|outside players=.=|207
|gametype|singles
|gen|5
|tier|[Gen 5] OU
|rated
|seed|2654,16716,34979,22760
|rule|Evasion Abilities Clause: Evasion abilities are banned
|rule|Baton Pass Clause: Limit one Baton Passer, can't pass Spe and other stats simultaneously
|rule|Swagger Clause: Swagger is banned
|clearpoke
|poke|p1|Garchomp, F, shiny|item
|poke|p1|Volcarona, M|item
|poke|p1|Breloom, M, shiny|item
|poke|p1|Dragonite, M|item
|poke|p1|Starmie, shiny|item
|poke|p1|Scizor, F|item
|poke|p2|Tyranitar, F|item
|poke|p2|Latias, F|item
|poke|p2|Gliscor, F|item
|poke|p2|Skarmory, F|item
|poke|p2|Heatran, F|item
|poke|p2|Jellicent, F, shiny|item
|rule|Sleep Clause Mod: Limit one foe put to sleep
|rule|Species Clause: Limit one of each Pokémon
|rule|OHKO Clause: OHKO moves are banned
|rule|Moody Clause: Moody is banned
|rule|Evasion Moves Clause: Evasion moves are banned
|rule|Endless Battle Clause: Forcing endless battles is banned
|rule|HP Percentage Mod: HP is shown in percentages
|teampreview
|choice|team 5, team 2, team 3, team 4, team 1, team 6|team 1, team 2, team 3, team 4, team 5, team 6
|
|start
|switch|p1a: Starmie|Starmie, shiny|261/261
|switch|p2a: Tyranitar|Tyranitar, F|342/342
|-weather|Sandstorm|[from] ability: Sand Stream|[of] p2a: Tyranitar
|turn|1
|choice|move hydropump|switch 6
|
|switch|p2a: Jellicent|Jellicent, F, shiny|404/404
|move|p1a: Starmie|Hydro Pump|p2a: Jellicent
|-immune|p2a: Jellicent|[msg]|[from] ability: Water Absorb
|
|-weather|Sandstorm|[upkeep]
|-damage|p1a: Starmie|245/261|[from] sandstorm
|-damage|p2a: Jellicent|379/404|[from] sandstorm
|-heal|p2a: Jellicent|404/404|[from] item: Leftovers
|upkeep
|turn|2
|choice|move thunder|switch 3
|
|switch|p2a: Gliscor|Gliscor, F|354/354
|move|p1a: Starmie|Thunder|p2a: Gliscor
|-immune|p2a: Gliscor|[msg]
|
|-weather|Sandstorm|[upkeep]
|-damage|p1a: Starmie|229/261|[from] sandstorm
|-status|p2a: Gliscor|tox|[from] item: Toxic Orb
|upkeep
|turn|3
|choice|move icebeam|switch 3
|
|switch|p2a: Jellicent|Jellicent, F, shiny|404/404
|move|p1a: Starmie|Ice Beam|p2a: Jellicent
|-resisted|p2a: Jellicent
|-crit|p2a: Jellicent
|-damage|p2a: Jellicent|283/404
|-damage|p1a: Starmie|203/261|[from] item: Life Orb
|
|-weather|Sandstorm|[upkeep]
|-damage|p1a: Starmie|187/261|[from] sandstorm
|-damage|p2a: Jellicent|258/404|[from] sandstorm
|-heal|p2a: Jellicent|283/404|[from] item: Leftovers
|upkeep
|turn|4
|choice|move thunder|switch 6
|
|switch|p2a: Tyranitar|Tyranitar, F|342/342
|move|p1a: Starmie|Thunder|p2a: Tyranitar
|-damage|p2a: Tyranitar|202/342
|-status|p2a: Tyranitar|par
|-damage|p1a: Starmie|161/261|[from] item: Life Orb
|
|-weather|Sandstorm|[upkeep]
|-damage|p1a: Starmie|145/261|[from] sandstorm
|upkeep
|turn|5
|choice|move hydropump|switch 6
|
|switch|p2a: Jellicent|Jellicent, F, shiny|283/404
|move|p1a: Starmie|Hydro Pump|p2a: Jellicent
|-heal|p2a: Jellicent|384/404|[from] ability: Water Absorb|[of] p1a: Starmie
|
|-weather|Sandstorm|[upkeep]
|-damage|p1a: Starmie|129/261|[from] sandstorm
|-damage|p2a: Jellicent|359/404|[from] sandstorm
|-heal|p2a: Jellicent|384/404|[from] item: Leftovers
|upkeep
|turn|6
|choice|switch 2|move shadowball
|
|switch|p1a: Volcarona|Volcarona, M|329/329
|move|p2a: Jellicent|Shadow Ball|p1a: Volcarona
|-damage|p1a: Volcarona|253/329
|
|-weather|Sandstorm|[upkeep]
|-damage|p1a: Volcarona|233/329|[from] sandstorm
|-damage|p2a: Jellicent|359/404|[from] sandstorm
|-heal|p2a: Jellicent|384/404|[from] item: Leftovers
|upkeep
|turn|7
|choice|move quiverdance|switch 5
|
|switch|p2a: Heatran|Heatran, F|386/386
|move|p1a: Volcarona|Quiver Dance|p1a: Volcarona
|-boost|p1a: Volcarona|spa|1
|-boost|p1a: Volcarona|spd|1
|-boost|p1a: Volcarona|spe|1
|
|-weather|Sandstorm|[upkeep]
|-damage|p1a: Volcarona|213/329|[from] sandstorm
|upkeep
|turn|8
|choice|move hiddenpower|move torment
|
|move|p1a: Volcarona|Hidden Power|p2a: Heatran
|-supereffective|p2a: Heatran
|-damage|p2a: Heatran|46/386
|move|p2a: Heatran|Torment|p1a: Volcarona
|-start|p1a: Volcarona|Torment
|
|-weather|Sandstorm|[upkeep]
|-damage|p1a: Volcarona|193/329|[from] sandstorm
|-heal|p2a: Heatran|70/386|[from] item: Leftovers
|upkeep
|turn|9
|choice|switch 5|move lavaplume
|
|switch|p1a: Garchomp|Garchomp, F, shiny|373/373
|move|p2a: Heatran|Lava Plume|p1a: Garchomp
|-resisted|p1a: Garchomp
|-damage|p1a: Garchomp|303/373
|-status|p1a: Garchomp|brn
|
|-weather|Sandstorm|[upkeep]
|-heal|p2a: Heatran|94/386|[from] item: Leftovers
|-damage|p1a: Garchomp|257/373 brn|[from] brn
|upkeep
|turn|10
|choice|move stealthrock|switch 3
|
|switch|p2a: Gliscor|Gliscor, F|354/354 tox
|move|p1a: Garchomp|Stealth Rock|p2a: Gliscor
|-sidestart|p2: outside players=.=|move: Stealth Rock
|
|-weather|Sandstorm|[upkeep]
|-damage|p1a: Garchomp|211/373 brn|[from] brn
|upkeep
|turn|11
|choice|move swordsdance|move substitute
|
|move|p1a: Garchomp|Swords Dance|p1a: Garchomp
|-boost|p1a: Garchomp|atk|2
|move|p2a: Gliscor|Substitute|p2a: Gliscor
|-start|p2a: Gliscor|Substitute
|-damage|p2a: Gliscor|266/354 tox
|
|-weather|Sandstorm|[upkeep]
|-damage|p1a: Garchomp|165/373 brn|[from] brn
|-heal|p2a: Gliscor|310/354 tox|[from] ability: Poison Heal
|upkeep
|turn|12
|choice|move outrage|move protect
|
|move|p2a: Gliscor|Protect|p2a: Gliscor
|-singleturn|p2a: Gliscor|Protect
|move|p1a: Garchomp|Outrage|p2a: Gliscor
|-activate|p2a: Gliscor|move: Protect
|
|-weather|Sandstorm|[upkeep]
|-damage|p1a: Garchomp|119/373 brn|[from] brn
|-heal|p2a: Gliscor|354/354 tox|[from] ability: Poison Heal
|upkeep
|turn|13
|choice|move swordsdance|move substitute
|
|move|p1a: Garchomp|Swords Dance|p1a: Garchomp
|-boost|p1a: Garchomp|atk|2
|move|p2a: Gliscor|Substitute|p2a: Gliscor
|-fail|p2a: Gliscor|move: Substitute
|
|-weather|Sandstorm|[upkeep]
|-damage|p1a: Garchomp|73/373 brn|[from] brn
|upkeep
|turn|14
|choice|move swordsdance|move protect
|
|move|p2a: Gliscor|Protect|p2a: Gliscor
|-singleturn|p2a: Gliscor|Protect
|move|p1a: Garchomp|Swords Dance|p1a: Garchomp
|-boost|p1a: Garchomp|atk|2
|
|-weather|Sandstorm|[upkeep]
|-damage|p1a: Garchomp|27/373 brn|[from] brn
|upkeep
|turn|15
|choice|move outrage|move substitute
|
|move|p1a: Garchomp|Outrage|p2a: Gliscor
|-end|p2a: Gliscor|Substitute
|move|p2a: Gliscor|Substitute|p2a: Gliscor
|-start|p2a: Gliscor|Substitute
|-damage|p2a: Gliscor|266/354 tox
|
|-weather|Sandstorm|[upkeep]
|-damage|p1a: Garchomp|0 fnt|[from] brn
|-heal|p2a: Gliscor|310/354 tox|[from] ability: Poison Heal
|upkeep
|faint|p1a: Garchomp
|choice|switch 2|
|
|switch|p1a: Starmie|Starmie, shiny|129/261
|turn|16
|choice|move icebeam|move protect
|
|move|p2a: Gliscor|Protect|p2a: Gliscor
|-singleturn|p2a: Gliscor|Protect
|move|p1a: Starmie|Ice Beam|p2a: Gliscor
|-activate|p2a: Gliscor|move: Protect
|
|-weather|Sandstorm|[upkeep]
|-damage|p1a: Starmie|113/261|[from] sandstorm
|-heal|p2a: Gliscor|354/354 tox|[from] ability: Poison Heal
|upkeep
|turn|17
|choice|switch 6|move substitute
|
|switch|p1a: Scizor|Scizor, F|292/292
|move|p2a: Gliscor|Substitute|p2a: Gliscor
|-fail|p2a: Gliscor|move: Substitute
|
|-weather|Sandstorm|[upkeep]
|upkeep
|turn|18
|choice|move swordsdance|move earthquake
|
|move|p2a: Gliscor|Earthquake|p1a: Scizor
|-damage|p1a: Scizor|174/292
|move|p1a: Scizor|Swords Dance|p1a: Scizor
|-boost|p1a: Scizor|atk|2
|
|-weather|Sandstorm|[upkeep]
|upkeep
|turn|19
|choice|move bulletpunch|move earthquake
|
|move|p1a: Scizor|Bullet Punch|p2a: Gliscor
|-end|p2a: Gliscor|Substitute
|-damage|p1a: Scizor|145/292|[from] item: Life Orb
|move|p2a: Gliscor|Earthquake|p1a: Scizor
|-damage|p1a: Scizor|36/292
|
|-weather|Sandstorm|[upkeep]
|upkeep
|turn|20
|choice|move bulletpunch|switch 4
|
|switch|p2a: Skarmory|Skarmory, F|334/334
|-damage|p2a: Skarmory|293/334|[from] Stealth Rock
|move|p1a: Scizor|Bullet Punch|p2a: Skarmory
|-resisted|p2a: Skarmory
|-damage|p2a: Skarmory|205/334
|-damage|p1a: Scizor|7/292|[from] item: Life Orb
|
|-weather|Sandstorm|[upkeep]
|-heal|p2a: Skarmory|225/334|[from] item: Leftovers
|upkeep
|turn|21
|choice|move superpower|switch 4
|
|switch|p2a: Gliscor|Gliscor, F|354/354 tox
|-damage|p2a: Gliscor|310/354 tox|[from] Stealth Rock
|move|p1a: Scizor|Superpower|p2a: Gliscor
|-resisted|p2a: Gliscor
|-crit|p2a: Gliscor
|-damage|p2a: Gliscor|16/354 tox
|-unboost|p1a: Scizor|atk|1
|-unboost|p1a: Scizor|def|1
|-damage|p1a: Scizor|0 fnt|[from] item: Life Orb
|faint|p1a: Scizor
|
|-weather|Sandstorm|[upkeep]
|-heal|p2a: Gliscor|60/354 tox|[from] ability: Poison Heal
|upkeep
|choice|switch 3|
|
|switch|p1a: Breloom|Breloom, M, shiny|261/261
|turn|22
|choice|move lowsweep|switch 3
|
|switch|p2a: Heatran|Heatran, F|94/386
|-damage|p2a: Heatran|46/386|[from] Stealth Rock
|move|p1a: Breloom|Low Sweep|p2a: Heatran
|-supereffective|p2a: Heatran
|-damage|p2a: Heatran|0 fnt
|faint|p2a: Heatran
|
|-weather|Sandstorm|[upkeep]
|-damage|p1a: Breloom|245/261|[from] sandstorm
|upkeep
|choice||switch 2
|
|switch|p2a: Latias|Latias, F|358/358
|-damage|p2a: Latias|314/358|[from] Stealth Rock
|turn|23
|choice|move lowsweep|move hiddenpower
|
|move|p2a: Latias|Hidden Power|p1a: Breloom
|-supereffective|p1a: Breloom
|-damage|p1a: Breloom|0 fnt
|faint|p1a: Breloom
|
|-weather|Sandstorm|[upkeep]
|-damage|p2a: Latias|292/358|[from] sandstorm
|-heal|p2a: Latias|314/358|[from] item: Leftovers
|upkeep
|choice|switch 6|
|
|switch|p1a: Starmie|Starmie, shiny|113/261
|turn|24
|choice|move thunder|switch 6
|
|switch|p2a: Tyranitar|Tyranitar, F|202/342 par
|-damage|p2a: Tyranitar|160/342 par|[from] Stealth Rock
|move|p1a: Starmie|Thunder|p2a: Tyranitar
|-damage|p2a: Tyranitar|20/342 par
|-damage|p1a: Starmie|87/261|[from] item: Life Orb
|
|-weather|Sandstorm|[upkeep]
|-damage|p1a: Starmie|71/261|[from] sandstorm
|upkeep
|turn|25
|choice|switch 5|move stealthrock
|
|switch|p1a: Volcarona|Volcarona, M|193/329
|move|p2a: Tyranitar|Stealth Rock|p1a: Volcarona
|-sidestart|p1: Bredoom McDougal|move: Stealth Rock
|
|-weather|Sandstorm|[upkeep]
|-damage|p1a: Volcarona|173/329|[from] sandstorm
|upkeep
|turn|26
|choice|move quiverdance|switch 5
|
|switch|p2a: Jellicent|Jellicent, F, shiny|384/404
|-damage|p2a: Jellicent|334/404|[from] Stealth Rock
|move|p1a: Volcarona|Quiver Dance|p1a: Volcarona
|-boost|p1a: Volcarona|spa|1
|-boost|p1a: Volcarona|spd|1
|-boost|p1a: Volcarona|spe|1
|
|-weather|Sandstorm|[upkeep]
|-damage|p1a: Volcarona|153/329|[from] sandstorm
|-damage|p2a: Jellicent|309/404|[from] sandstorm
|-heal|p2a: Jellicent|334/404|[from] item: Leftovers
|upkeep
|turn|27
|choice|move fireblast|move scald
|
|move|p1a: Volcarona|Fire Blast|p2a: Jellicent
|-resisted|p2a: Jellicent
|-damage|p2a: Jellicent|211/404
|move|p2a: Jellicent|Scald|p1a: Volcarona
|-supereffective|p1a: Volcarona
|-enditem|p1a: Volcarona|Passho Berry|[eat]
|-enditem|p1a: Volcarona|Passho Berry|[weaken]
|-damage|p1a: Volcarona|102/329
|
|-weather|Sandstorm|[upkeep]
|-damage|p1a: Volcarona|82/329|[from] sandstorm
|-damage|p2a: Jellicent|186/404|[from] sandstorm
|-heal|p2a: Jellicent|211/404|[from] item: Leftovers
|upkeep
|turn|28
|choice|move fireblast|move recover
|
|move|p1a: Volcarona|Fire Blast|p2a: Jellicent
|-resisted|p2a: Jellicent
|-damage|p2a: Jellicent|77/404
|move|p2a: Jellicent|Recover|p2a: Jellicent
|-heal|p2a: Jellicent|279/404
|
|-weather|Sandstorm|[upkeep]
|-damage|p1a: Volcarona|62/329|[from] sandstorm
|-damage|p2a: Jellicent|254/404|[from] sandstorm
|-heal|p2a: Jellicent|279/404|[from] item: Leftovers
|upkeep
|turn|29
|choice|move quiverdance|move scald
|
|move|p1a: Volcarona|Quiver Dance|p1a: Volcarona
|-boost|p1a: Volcarona|spa|1
|-boost|p1a: Volcarona|spd|1
|-boost|p1a: Volcarona|spe|1
|move|p2a: Jellicent|Scald|p1a: Volcarona
|-supereffective|p1a: Volcarona
|-damage|p1a: Volcarona|0 fnt
|faint|p1a: Volcarona
|
|-weather|Sandstorm|[upkeep]
|-damage|p2a: Jellicent|254/404|[from] sandstorm
|-heal|p2a: Jellicent|279/404|[from] item: Leftovers
|upkeep
|choice|switch 5|
|
|switch|p1a: Starmie|Starmie, shiny|71/261
|-damage|p1a: Starmie|39/261|[from] Stealth Rock
|turn|30
|choice|move thunder|move shadowball
|
|move|p1a: Starmie|Thunder|p2a: Jellicent
|-supereffective|p2a: Jellicent
|-damage|p2a: Jellicent|37/404
|-status|p2a: Jellicent|par
|-damage|p1a: Starmie|13/261|[from] item: Life Orb
|move|p2a: Jellicent|Shadow Ball|p1a: Starmie
|-supereffective|p1a: Starmie
|-damage|p1a: Starmie|0 fnt
|faint|p1a: Starmie
|
|-weather|Sandstorm|[upkeep]
|-damage|p2a: Jellicent|12/404 par|[from] sandstorm
|-heal|p2a: Jellicent|37/404 par|[from] item: Leftovers
|upkeep
|choice|switch 4|
|
|switch|p1a: Dragonite|Dragonite, M|324/324
|-damage|p1a: Dragonite|243/324|[from] Stealth Rock
|turn|31
|choice|move dragondance|move willowisp
|
|move|p1a: Dragonite|Dragon Dance|p1a: Dragonite
|-boost|p1a: Dragonite|atk|1
|-boost|p1a: Dragonite|spe|1
|cant|p2a: Jellicent|par
|
|-weather|Sandstorm|[upkeep]
|-damage|p1a: Dragonite|223/324|[from] sandstorm
|-damage|p2a: Jellicent|12/404 par|[from] sandstorm
|-heal|p2a: Jellicent|37/404 par|[from] item: Leftovers
|upkeep
|turn|32
|choice|move firepunch|move willowisp
|
|move|p1a: Dragonite|Fire Punch|p2a: Jellicent
|-resisted|p2a: Jellicent
|-damage|p2a: Jellicent|0 fnt
|faint|p2a: Jellicent
|
|-weather|Sandstorm|[upkeep]
|-damage|p1a: Dragonite|203/324|[from] sandstorm
|upkeep
|choice||switch 6
|
|switch|p2a: Latias|Latias, F|314/358
|-damage|p2a: Latias|270/358|[from] Stealth Rock
|turn|33
|choice|move outrage|move dragonpulse
|
|move|p1a: Dragonite|Outrage|p2a: Latias
|-supereffective|p2a: Latias
|-damage|p2a: Latias|0 fnt
|faint|p2a: Latias
|
|-weather|Sandstorm|[upkeep]
|-damage|p1a: Dragonite|183/324|[from] sandstorm
|upkeep
|choice||switch 4
|
|switch|p2a: Skarmory|Skarmory, F|225/334
|-damage|p2a: Skarmory|184/334|[from] Stealth Rock
|turn|34
|choice|move outrage|move roost
|
|move|p1a: Dragonite|Outrage|p2a: Skarmory|[from]lockedmove
|-resisted|p2a: Skarmory
|-damage|p2a: Skarmory|75/334
|move|p2a: Skarmory|Roost|p2a: Skarmory
|-heal|p2a: Skarmory|242/334
|
|-weather|Sandstorm|[upkeep]
|-damage|p1a: Dragonite|163/324|[from] sandstorm
|-heal|p2a: Skarmory|262/334|[from] item: Leftovers
|upkeep
|turn|35
|c|☆Bredoom McDougal|gg wp
|c|☆outside players=.=|gg
|choice|move outrage|move roost
|
|move|p1a: Dragonite|Outrage|p2a: Skarmory|[from]lockedmove
|-resisted|p2a: Skarmory
|-damage|p2a: Skarmory|163/334
|-start|p1a: Dragonite|confusion|[fatigue]
|-enditem|p1a: Dragonite|Lum Berry|[eat]
|-end|p1a: Dragonite|confusion
|move|p2a: Skarmory|Roost|p2a: Skarmory
|-heal|p2a: Skarmory|330/334
|
|-weather|Sandstorm|[upkeep]
|-damage|p1a: Dragonite|143/324|[from] sandstorm
|-heal|p2a: Skarmory|334/334|[from] item: Leftovers
|upkeep
|turn|36
|choice|move firepunch|move bravebird
|
|move|p1a: Dragonite|Fire Punch|p2a: Skarmory
|-supereffective|p2a: Skarmory
|-damage|p2a: Skarmory|148/334
|-status|p2a: Skarmory|brn
|move|p2a: Skarmory|Brave Bird|p1a: Dragonite
|-damage|p1a: Dragonite|78/324
|-damage|p2a: Skarmory|127/334 brn|[from] recoil|[of] p1a: Dragonite
|
|-weather|Sandstorm|[upkeep]
|-damage|p1a: Dragonite|58/324|[from] sandstorm
|-heal|p2a: Skarmory|147/334 brn|[from] item: Leftovers
|-damage|p2a: Skarmory|106/334 brn|[from] brn
|upkeep
|turn|37
|choice|move firepunch|move bravebird
|
|move|p1a: Dragonite|Fire Punch|p2a: Skarmory
|-supereffective|p2a: Skarmory
|-damage|p2a: Skarmory|0 fnt
|faint|p2a: Skarmory
|
|-weather|Sandstorm|[upkeep]
|-damage|p1a: Dragonite|38/324|[from] sandstorm
|upkeep
|choice||switch 3
|
|switch|p2a: Gliscor|Gliscor, F|60/354 tox
|-damage|p2a: Gliscor|16/354 tox|[from] Stealth Rock
|turn|38
|c|☆Bredoom McDougal|so lucky
|c|☆Bredoom McDougal|we shall see
|choice|move extremespeed|move protect
|
|move|p2a: Gliscor|Protect|p2a: Gliscor
|-singleturn|p2a: Gliscor|Protect
|move|p1a: Dragonite|Extreme Speed|p2a: Gliscor
|-activate|p2a: Gliscor|move: Protect
|
|-weather|Sandstorm|[upkeep]
|-damage|p1a: Dragonite|18/324|[from] sandstorm
|-heal|p2a: Gliscor|60/354 tox|[from] ability: Poison Heal
|upkeep
|turn|39
|choice|move extremespeed|switch 5
|
|switch|p2a: Tyranitar|Tyranitar, F|20/342 par
|-damage|p2a: Tyranitar|0 fnt|[from] Stealth Rock
|faint|p2a: Tyranitar
|move|p1a: Dragonite|Extreme Speed|p2: Tyranitar|[notarget]
|-notarget
|
|-weather|Sandstorm|[upkeep]
|-damage|p1a: Dragonite|0 fnt|[from] sandstorm
|upkeep
|faint|p1a: Dragonite
|
|win|outside players=.=
|c|☆outside players=.=|0 0
|raw|Bredoom McDougal's rating: 1351 &rarr; <strong>1333</strong><br />(-18 for losing)
|raw|outside players=.='s rating: 1379 &rarr; <strong>1397</strong><br />(+18 for winning)
|c|☆Bredoom McDougal|damn so smart
|c|☆Bredoom McDougal|nice man
|c|☆outside players=.=|thx
|c|☆Bredoom McDougal|haha
|c|☆Bredoom McDougal|I thought I won it on the burn
|c|☆outside players=.=|haha
|c|☆Bredoom McDougal|gg
|l|Bredoom McDougal
|c|☆outside players=.=|anyway
|c|☆outside players=.=|gg