|join|AuraRayquaza
|join|swagban
|player|p1|AuraRayquaza|260
|player|p2|swagban|1
|gametype|singles
|gen|5
|tier|[Gen 5] OU
|rated
|rule|Evasion Abilities Clause: Evasion abilities are banned
|clearpoke
|poke|p1|Skarmory, M
|poke|p1|Mamoswine, M
|poke|p1|Gengar, F
|poke|p1|Latias, F
|poke|p1|Jirachi
|poke|p1|Breloom, M
|poke|p2|Liepard, M
|poke|p2|Tornadus, M
|poke|p2|Sableye, F
|poke|p2|Skarmory, M
|poke|p2|Amoonguss, F
|poke|p2|Bronzong
|rule|Sleep Clause Mod: Limit one foe put to sleep
|rule|Species Clause: Limit one of each Pokemon
|rule|OHKO Clause: OHKO moves are banned
|rule|Moody Clause: Moody is banned
|rule|Evasion Moves Clause: Evasion moves are banned
|rule|Endless Battle Clause: Forcing endless battles is banned.
|rule|HP Percentage Mod: HP is reported as percentages
|teampreview
|
|start
|switch|p1a: Skarmory|Skarmory, M|240/240
|switch|p2a: Swagger|Tornadus, M|362/362
|turn|1
|
|move|p2a: Swagger|Taunt|p1a: Skarmory
|-start|p1a: Skarmory|move: Taunt
|cant|p1a: Skarmory|move: Taunt|Stealth Rock
|
|turn|2
|
|switch|p1a: Mamoswine|Mamoswine, M|362/362
|switch|p2a: Skarm|Skarmory, M|271/271
|
|turn|3
|
|move|p1a: Mamoswine|Icicle Spear|p2a: Skarm
|-damage|p2a: Skarm|231/271
|-damage|p2a: Skarm|188/271
|-crit|p2a: Skarm
|-damage|p2a: Skarm|102/271
|-hitcount|p2a: Skarm|3
|-damage|p1a: Mamoswine|326/362|[from] item: Life Orb
|move|p2a: Skarm|Stealth Rock|p1a: Mamoswine
|-sidestart|p1: AuraRayquaza|move: Stealth Rock
|
|turn|4
|
|move|p1a: Mamoswine|Icicle Spear|p2a: Skarm
|-damage|p2a: Skarm|59/271
|-damage|p2a: Skarm|11/271
|-damage|p2a: Skarm|0 fnt
|-hitcount|p2a: Skarm|3
|-damage|p1a: Mamoswine|290/362|[from] item: Life Orb
|faint|p2a: Skarm
|
|
|switch|p2a: Swag...Swagger|Bronzong|338/338
|turn|5
|
|switch|p1a: Skarmory|Skarmory, M|240/240
|-damage|p1a: Skarmory|210/240|[from] Stealth Rock
|move|p2a: Swag...Swagger|Swagger|p1a: Skarmory
|-boost|p1a: Skarmory|atk|2
|-start|p1a: Skarmory|confusion
|
|turn|6
|
|switch|p2a: Swagger|Tornadus, M|362/362
|-activate|p1a: Skarmory|confusion
|move|p1a: Skarmory|Stealth Rock|p2a: Swagger
|-sidestart|p2: swagban|move: Stealth Rock
|
|turn|7
|
|move|p2a: Swagger|Substitute|p2a: Swagger
|-start|p2a: Swagger|Substitute
|-damage|p2a: Swagger|272/362
|-activate|p1a: Skarmory|confusion
|move|p1a: Skarmory|Brave Bird|p2a: Swagger
|-end|p2a: Swagger|Substitute
|-damage|p1a: Skarmory|180/240|[from] recoil|[of] p2a: Swagger
|
|-heal|p2a: Swagger|294/362|[from] item: Leftovers
|turn|8
|
|move|p2a: Swagger|Taunt|p1a: Skarmory
|-start|p1a: Skarmory|move: Taunt
|-end|p1a: Skarmory|confusion
|move|p1a: Skarmory|Brave Bird|p2a: Swagger
|-damage|p2a: Swagger|0 fnt
|-damage|p1a: Skarmory|83/240|[from] recoil|[of] p2a: Swagger
|faint|p2a: Swagger
|
|
|switch|p2a: Swagger|Sableye, F|304/304
|-damage|p2a: Swagger|266/304|[from] Stealth Rock
|turn|9
|
|move|p2a: Swagger|Will-O-Wisp|p1a: Skarmory
|-status|p1a: Skarmory|brn
|move|p1a: Skarmory|Brave Bird|p2a: Swagger
|-damage|p2a: Swagger|92/304
|-damage|p1a: Skarmory|26/240 brn|[from] recoil|[of] p2a: Swagger
|
|-heal|p2a: Swagger|111/304|[from] item: Leftovers
|-damage|p1a: Skarmory|0 fnt|[from] brn
|faint|p1a: Skarmory
|
|switch|p1a: Latias|Latias, F|364/364
|-damage|p1a: Latias|319/364|[from] Stealth Rock
|turn|10
|
|move|p2a: Swagger|Recover|p2a: Swagger
|-heal|p2a: Swagger|263/304
|move|p1a: Latias|Substitute|p1a: Latias
|-start|p1a: Latias|Substitute
|-damage|p1a: Latias|228/364
|
|-heal|p1a: Latias|250/364|[from] item: Leftovers
|-heal|p2a: Swagger|282/304|[from] item: Leftovers
|turn|11
|
|move|p1a: Latias|Calm Mind|p1a: Latias
|-boost|p1a: Latias|spa|1
|-boost|p1a: Latias|spd|1
|move|p2a: Swagger|Foul Play|p1a: Latias
|-supereffective|p1a: Latias
|-end|p1a: Latias|Substitute
|
|-heal|p1a: Latias|272/364|[from] item: Leftovers
|-heal|p2a: Swagger|301/304|[from] item: Leftovers
|turn|12
|
|move|p2a: Swagger|Will-O-Wisp|p1a: Latias
|-status|p1a: Latias|brn
|move|p1a: Latias|Dragon Pulse|p2a: Swagger
|-damage|p2a: Swagger|124/304
|
|-heal|p1a: Latias|294/364 brn|[from] item: Leftovers
|-heal|p2a: Swagger|143/304|[from] item: Leftovers
|-damage|p1a: Latias|249/364 brn|[from] brn
|turn|13
|
|move|p2a: Swagger|Recover|p2a: Swagger
|-heal|p2a: Swagger|295/304
|move|p1a: Latias|Dragon Pulse|p2a: Swagger
|-damage|p2a: Swagger|142/304
|
|-heal|p1a: Latias|271/364 brn|[from] item: Leftovers
|-heal|p2a: Swagger|161/304|[from] item: Leftovers
|-damage|p1a: Latias|226/364 brn|[from] brn
|turn|14
|
|move|p2a: Swagger|Recover|p2a: Swagger
|-heal|p2a: Swagger|304/304
|move|p1a: Latias|Calm Mind|p1a: Latias
|-boost|p1a: Latias|spa|1
|-boost|p1a: Latias|spd|1
|
|-heal|p1a: Latias|248/364 brn|[from] item: Leftovers
|-damage|p1a: Latias|203/364 brn|[from] brn
|turn|15
|
|move|p2a: Swagger|Swagger|p1a: Latias
|-boost|p1a: Latias|atk|2
|-start|p1a: Latias|confusion
|-activate|p1a: Latias|confusion
|-damage|p1a: Latias|177/364 brn|[from] confusion
|
|-heal|p1a: Latias|199/364 brn|[from] item: Leftovers
|-damage|p1a: Latias|154/364 brn|[from] brn
|turn|16
|
|-activate|p1a: Latias|confusion
|-damage|p1a: Latias|126/364 brn|[from] confusion
|move|p2a: Swagger|Foul Play|p1a: Latias
|-supereffective|p1a: Latias
|-damage|p1a: Latias|0 fnt
|faint|p1a: Latias
|
|
|switch|p1a: Gengar|Gengar, F|262/262
|-damage|p1a: Gengar|230/262|[from] Stealth Rock
|turn|17
|
|move|p2a: Swagger|Swagger|p1a: Gengar
|-boost|p1a: Gengar|atk|2
|-start|p1a: Gengar|confusion
|-activate|p1a: Gengar|confusion
|move|p1a: Gengar|Shadow Ball|p2a: Swagger
|-damage|p2a: Swagger|139/304
|-damage|p1a: Gengar|204/262|[from] item: Life Orb
|
|-heal|p2a: Swagger|158/304|[from] item: Leftovers
|turn|18
|
|move|p2a: Swagger|Recover|p2a: Swagger
|-heal|p2a: Swagger|304/304
|-activate|p1a: Gengar|confusion
|move|p1a: Gengar|Destiny Bond|p1a: Gengar
|-singlemove|p1a: Gengar|Destiny Bond
|
|turn|19
|
|move|p2a: Swagger|Will-O-Wisp|p1a: Gengar
|-status|p1a: Gengar|brn
|-end|p1a: Gengar|confusion
|move|p1a: Gengar|Destiny Bond|p1a: Gengar
|-singlemove|p1a: Gengar|Destiny Bond
|
|-damage|p1a: Gengar|172/262 brn|[from] brn
|turn|20
|
|move|p2a: Swagger|Swagger|p1a: Gengar
|-boost|p1a: Gengar|atk|2
|-start|p1a: Gengar|confusion
|-activate|p1a: Gengar|confusion
|-damage|p1a: Gengar|116/262 brn|[from] confusion
|
|-damage|p1a: Gengar|84/262 brn|[from] brn
|turn|21
|
|move|p2a: Swagger|Swagger|p1a: Gengar
|-boost|p1a: Gengar|atk|2
|-activate|p1a: Gengar|confusion
|-damage|p1a: Gengar|5/262 brn|[from] confusion
|
|-damage|p1a: Gengar|0 fnt|[from] brn
|faint|p1a: Gengar
|
|switch|p1a: Breloom|Breloom, M|262/262
|-damage|p1a: Breloom|246/262|[from] Stealth Rock
|turn|22
|
|move|p2a: Swagger|Will-O-Wisp|p1a: Breloom
|-status|p1a: Breloom|brn
|move|p1a: Breloom|Spore|p2a: Swagger
|-status|p2a: Swagger|slp
|
|-damage|p1a: Breloom|214/262 brn|[from] brn
|turn|23
|
|switch|p2a: Swag...spore|Amoonguss, F|403/403
|-damage|p2a: Swag...spore|353/403|[from] Stealth Rock
|move|p1a: Breloom|Swords Dance|p1a: Breloom
|-boost|p1a: Breloom|atk|2
|
|-heal|p2a: Swag...spore|378/403|[from] item: Black Sludge
|-damage|p1a: Breloom|182/262 brn|[from] brn
|turn|24
|
|move|p1a: Breloom|Swords Dance|p1a: Breloom
|-boost|p1a: Breloom|atk|2
|move|p2a: Swag...spore|Foul Play|p1a: Breloom
|-resisted|p1a: Breloom
|-damage|p1a: Breloom|0 fnt
|faint|p1a: Breloom
|
|-heal|p2a: Swag...spore|403/403|[from] item: Black Sludge
|
|switch|p1a: Mamoswine|Mamoswine, M|290/362
|-damage|p1a: Mamoswine|245/362|[from] Stealth Rock
|turn|25
|
|switch|p2a: Swagger|Sableye, F|304/304 slp
|-damage|p2a: Swagger|266/304 slp|[from] Stealth Rock
|move|p1a: Mamoswine|Icicle Spear|p2a: Swagger
|-damage|p2a: Swagger|188/304 slp
|-damage|p2a: Swagger|120/304 slp
|-damage|p2a: Swagger|52/304 slp
|-hitcount|p2a: Swagger|3
|-damage|p1a: Mamoswine|209/362|[from] item: Life Orb
|
|-heal|p2a: Swagger|71/304 slp|[from] item: Leftovers
|turn|26
|
|move|p1a: Mamoswine|Ice Shard|p2a: Swagger
|-damage|p2a: Swagger|0 fnt
|-damage|p1a: Mamoswine|173/362|[from] item: Life Orb
|faint|p2a: Swagger
|
|
|switch|p2a: Swag...Swagger|Bronzong|338/338
|-damage|p2a: Swag...Swagger|317/338|[from] Stealth Rock
|turn|27
|
|switch|p1a: Jirachi|Jirachi|341/341
|-damage|p1a: Jirachi|320/341|[from] Stealth Rock
|move|p2a: Swag...Swagger|Earthquake|p1a: Jirachi
|-supereffective|p1a: Jirachi
|-damage|p1a: Jirachi|164/341
|
|turn|28
|
|switch|p2a: Swag...spore|Amoonguss, F|403/403
|-damage|p2a: Swag...spore|353/403|[from] Stealth Rock
|move|p1a: Jirachi|Iron Head|p2a: Swag...spore
|-damage|p2a: Swag...spore|224/403
|
|-heal|p2a: Swag...spore|249/403|[from] item: Black Sludge
|turn|29
|
|move|p1a: Jirachi|Iron Head|p2a: Swag...spore
|-damage|p2a: Swag...spore|122/403
|cant|p2a: Swag...spore|flinch
|
|-heal|p2a: Swag...spore|147/403|[from] item: Black Sludge
|turn|30
|
|move|p1a: Jirachi|Iron Head|p2a: Swag...spore
|-damage|p2a: Swag...spore|17/403
|cant|p2a: Swag...spore|flinch
|
|-heal|p2a: Swag...spore|42/403|[from] item: Black Sludge
|turn|31
|
|move|p1a: Jirachi|Iron Head|p2a: Swag...spore
|-damage|p2a: Swag...spore|0 fnt
|faint|p2a: Swag...spore
|
|
|switch|p2a: Swagger|Liepard, M|331/331
|-damage|p2a: Swagger|290/331|[from] Stealth Rock
|turn|32
|
|move|p2a: Swagger|Thunder Wave|p1a: Jirachi
|-status|p1a: Jirachi|par
|move|p1a: Jirachi|Iron Head|p2a: Swagger
|-damage|p2a: Swagger|103/331
|
|-heal|p2a: Swagger|123/331|[from] item: Leftovers
|turn|33
|
|move|p2a: Swagger|Swagger|p1a: Jirachi
|-boost|p1a: Jirachi|atk|2
|-start|p1a: Jirachi|confusion
|cant|p1a: Jirachi|par
|
|-heal|p2a: Swagger|143/331|[from] item: Leftovers
|turn|34
|
|move|p2a: Swagger|Substitute|p2a: Swagger
|-start|p2a: Swagger|Substitute
|-damage|p2a: Swagger|61/331
|-activate|p1a: Jirachi|confusion
|-damage|p1a: Jirachi|89/341 par|[from] confusion
|
|-heal|p2a: Swagger|81/331|[from] item: Leftovers
|turn|35
|
|move|p2a: Swagger|Foul Play|p1a: Jirachi
|-damage|p1a: Jirachi|0 fnt
|faint|p1a: Jirachi
|
|-heal|p2a: Swagger|101/331|[from] item: Leftovers
|
|switch|p1a: Mamoswine|Mamoswine, M|173/362
|-damage|p1a: Mamoswine|128/362|[from] Stealth Rock
|turn|36
|
|move|p1a: Mamoswine|Icicle Spear|p2a: Swagger
|-end|p2a: Swagger|Substitute
|-damage|p2a: Swagger|6/331
|-crit|p2a: Swagger
|-damage|p2a: Swagger|0 fnt
|-hitcount|p2a: Swagger|3
|-damage|p1a: Mamoswine|92/362|[from] item: Life Orb
|faint|p2a: Swagger
|
|
|switch|p2a: Swag...Swagger|Bronzong|317/338
|-damage|p2a: Swag...Swagger|296/338|[from] Stealth Rock
|turn|37
|
|move|p1a: Mamoswine|Superpower|p2a: Swag...Swagger
|-damage|p2a: Swag...Swagger|147/338
|-unboost|p1a: Mamoswine|atk|1
|-unboost|p1a: Mamoswine|def|1
|-damage|p1a: Mamoswine|56/362|[from] item: Life Orb
|move|p2a: Swag...Swagger|Gyro Ball|p1a: Mamoswine
|-supereffective|p1a: Mamoswine
|-damage|p1a: Mamoswine|0 fnt
|faint|p1a: Mamoswine
|
|win|swagban
|raw|Ladder updating...
|raw|AuraRayquaza's rating: 1531 &rarr; <strong>1499</strong><br />(-32 for losing)
|raw|swagban's rating: 1305 &rarr; <strong>1336</strong><br />(+31 for winning)