|j|☆magialice
|j|☆BLJ Mario
|t:|1717607922
|gametype|singles
|player|p1|magialice|miku-flying|1444
|player|p2|BLJ Mario|blue-gen2|1334
|teamsize|p1|6
|teamsize|p2|6
|gen|5
|tier|[Gen 5] OU
|rated|
|rule|Species Clause: Limit one of each Pokémon
|rule|OHKO Clause: OHKO moves are banned
|rule|Moody Clause: Moody is banned
|rule|Evasion Items Clause: Evasion items are banned
|rule|Evasion Moves Clause: Evasion moves are banned
|rule|Endless Battle Clause: Forcing endless battles is banned
|rule|HP Percentage Mod: HP is shown in percentages
|rule|Evasion Abilities Clause: Evasion abilities are banned
|rule|Sleep Moves Clause: Sleep-inducing moves are banned
|rule|Swagger Clause: Swagger is banned
|rule|Baton Pass Stat Clause: No Baton Passer may have a way to boost its stats
|clearpoke
|poke|p1|Politoed, F|item
|poke|p1|Ferrothorn, F|item
|poke|p1|Starmie|item
|poke|p1|Latios, M|item
|poke|p1|Thundurus-Therian, M|item
|poke|p1|Garchomp, M|item
|poke|p2|Excadrill, F|item
|poke|p2|Hippowdon, M|item
|poke|p2|Terrakion|item
|poke|p2|Scizor, M|item
|poke|p2|Rotom-Wash|item
|poke|p2|Latios, M|item
|teampreview
|inactive|Battle timer is ON: inactive players will automatically lose when time's up. (requested by magialice)
|inactive|magialice has 120 seconds left.
|inactive|BLJ Mario has 120 seconds left.
|
|t:|1717607964
|start
|switch|p1a: mr chomps|Garchomp, M|100/100
|switch|p2a: Latios|Latios, M|100/100
|turn|1
|
|t:|1717607972
|switch|p2a: Scizor|Scizor, M|100/100
|switch|p1a: Ferrothorn|Ferrothorn, F|100/100
|
|upkeep
|turn|2
|
|t:|1717607978
|switch|p1a: Bird Noises|Thundurus-Therian, M|100/100
|move|p2a: Scizor|U-turn|p1a: Bird Noises
|-resisted|p1a: Bird Noises
|-damage|p1a: Bird Noises|73/100
|
|t:|1717607982
|switch|p2a: Terrakion|Terrakion|100/100|[from] U-turn
|
|-heal|p1a: Bird Noises|79/100|[from] item: Leftovers
|upkeep
|turn|3
|
|t:|1717608009
|switch|p1a: Politoed|Politoed, F|100/100
|-weather|RainDance|[from] ability: Drizzle|[of] p1a: Politoed
|move|p2a: Terrakion|Close Combat|p1a: Politoed
|-crit|p1a: Politoed
|-damage|p1a: Politoed|0 fnt
|-unboost|p2a: Terrakion|def|1
|-unboost|p2a: Terrakion|spd|1
|faint|p1a: Politoed
|
|-weather|RainDance|[upkeep]
|upkeep
|
|t:|1717608019
|switch|p1a: Starmie|Starmie|100/100
|-item|p1a: Starmie|Air Balloon
|turn|4
|
|t:|1717608023
|switch|p2a: Rotom|Rotom-Wash, shiny|100/100
|move|p1a: Starmie|Surf|p2a: Rotom
|-resisted|p2a: Rotom
|-damage|p2a: Rotom|71/100
|
|-weather|RainDance|[upkeep]
|-heal|p2a: Rotom|77/100|[from] item: Leftovers
|upkeep
|turn|5
|inactive|magialice has 120 seconds left.
|
|t:|1717608058
|move|p1a: Starmie|Thunder|p2a: Rotom
|-damage|p2a: Rotom|48/100
|move|p2a: Rotom|Volt Switch|p1a: Starmie
|-supereffective|p1a: Starmie
|-damage|p1a: Starmie|22/100
|-enditem|p1a: Starmie|Air Balloon
|
|t:|1717608066
|switch|p2a: Scizor|Scizor, M|100/100|[from] Volt Switch
|
|-weather|RainDance|[upkeep]
|upkeep
|turn|6
|
|t:|1717608069
|move|p2a: Scizor|Pursuit|p1a: Starmie
|-supereffective|p1a: Starmie
|-damage|p1a: Starmie|0 fnt
|faint|p1a: Starmie
|
|-weather|RainDance|[upkeep]
|upkeep
|
|t:|1717608076
|switch|p1a: Bird Noises|Thundurus-Therian, M|79/100
|turn|7
|
|t:|1717608081
|switch|p2a: Hippowdon|Hippowdon, M|100/100
|-weather|Sandstorm|[from] ability: Sand Stream|[of] p2a: Hippowdon
|switch|p1a: mr chomps|Garchomp, M|100/100
|
|-weather|Sandstorm|[upkeep]
|upkeep
|turn|8
|
|t:|1717608088
|move|p1a: mr chomps|Swords Dance|p1a: mr chomps
|-boost|p1a: mr chomps|atk|2
|move|p2a: Hippowdon|Stealth Rock|p1a: mr chomps
|-sidestart|p1: magialice|move: Stealth Rock
|
|-weather|Sandstorm|[upkeep]
|upkeep
|turn|9
|
|t:|1717608093
|move|p1a: mr chomps|Aqua Tail|p2a: Hippowdon
|-supereffective|p2a: Hippowdon
|-damage|p2a: Hippowdon|26/100
|move|p2a: Hippowdon|Ice Fang|p1a: mr chomps
|-supereffective|p1a: mr chomps
|-enditem|p1a: mr chomps|Yache Berry|[eat]
|-enditem|p1a: mr chomps|Yache Berry|[weaken]
|-damage|p1a: mr chomps|70/100
|-damage|p2a: Hippowdon|13/100|[from] ability: Rough Skin|[of] p1a: mr chomps
|
|-weather|Sandstorm|[upkeep]
|-heal|p2a: Hippowdon|19/100|[from] item: Leftovers
|upkeep
|turn|10
|
|t:|1717608117
|switch|p2a: Latios|Latios, M|100/100
|move|p1a: mr chomps|Earthquake|p2a: Latios
|-immune|p2a: Latios|[from] ability: Levitate
|
|-weather|Sandstorm|[upkeep]
|-damage|p2a: Latios|95/100|[from] Sandstorm
|upkeep
|turn|11
|
|t:|1717608128
|switch|p1a: Ferrothorn|Ferrothorn, F|100/100
|-damage|p1a: Ferrothorn|94/100|[from] Stealth Rock
|move|p2a: Latios|Draco Meteor|p1a: Ferrothorn
|-resisted|p1a: Ferrothorn
|-damage|p1a: Ferrothorn|70/100
|-unboost|p2a: Latios|spa|2
|
|-weather|Sandstorm|[upkeep]
|-damage|p2a: Latios|89/100|[from] Sandstorm
|upkeep
|turn|12
|
|t:|1717608131
|switch|p2a: Excadrill|Excadrill, F|100/100
|move|p1a: Ferrothorn|Stealth Rock|p2a: Excadrill
|-sidestart|p2: BLJ Mario|move: Stealth Rock
|
|-weather|Sandstorm|[upkeep]
|upkeep
|turn|13
|-message|magialice forfeited.
|
|win|BLJ Mario
|raw|magialice's rating: 1444 &rarr; <strong>1418</strong><br />(-26 for losing)
|raw|BLJ Mario's rating: 1334 &rarr; <strong>1360</strong><br />(+26 for winning)
|l|☆magialice
|player|p1|
