|j|☆SattleBimulator
|j|☆nov.rain
|t:|1739465426
|gametype|singles
|player|p1|SattleBimulator|169|1296
|player|p2|nov.rain|2|1404
|teamsize|p1|6
|teamsize|p2|6
|gen|5
|tier|[Gen 5] OU
|rated|
|rule|Species Clause: Limit one of each Pokémon
|rule|OHKO Clause: OHKO moves are banned
|rule|Moody Clause: Moody is banned
|rule|Evasion Items Clause: Evasion items are banned
|rule|Evasion Moves Clause: Evasion moves are banned
|rule|Endless Battle Clause: Forcing endless battles is banned
|rule|HP Percentage Mod: HP is shown in percentages
|rule|Evasion Abilities Clause: Evasion abilities are banned
|rule|Sleep Moves Clause: Sleep-inducing moves are banned
|rule|Swagger Clause: Swagger is banned
|rule|Baton Pass Stat Clause: No Baton Passer may have a way to boost its stats
|clearpoke
|poke|p1|Politoed, F|item
|poke|p1|Thundurus-Therian, M|item
|poke|p1|Keldeo-Resolute|item
|poke|p1|Starmie|item
|poke|p1|Latios, M|item
|poke|p1|Rotom-Wash|item
|poke|p2|Tyranitar, F|item
|poke|p2|Landorus-Therian, M|item
|poke|p2|Keldeo-Resolute|item
|poke|p2|Ferrothorn, M|item
|poke|p2|Mienshao, F|item
|poke|p2|Rotom-Wash|item
|teampreview
|inactive|Battle timer is ON: inactive players will automatically lose when time's up. (requested by SattleBimulator)
|
|t:|1739465436
|start
|switch|p1a: Politoed|Politoed, F|100/100
|switch|p2a: Dir-T Laund-Ri|Rotom-Wash|100/100
|-weather|RainDance|[from] ability: Drizzle|[of] p1a: Politoed
|turn|1
|
|t:|1739465439
|switch|p1a: Thundurus|Thundurus-Therian, M|100/100
|move|p2a: Dir-T Laund-Ri|Volt Switch|p1a: Thundurus
|-immune|p1a: Thundurus|[from] ability: Volt Absorb
|
|-weather|RainDance|[upkeep]
|upkeep
|turn|2
|
|t:|1739465444
|switch|p2a: Tina|Tyranitar, F, shiny|100/100
|-weather|Sandstorm|[from] ability: Sand Stream|[of] p2a: Tina
|move|p1a: Thundurus|Agility|p1a: Thundurus
|-boost|p1a: Thundurus|spe|2
|
|-weather|Sandstorm|[upkeep]
|-damage|p1a: Thundurus|94/100|[from] Sandstorm
|upkeep
|turn|3
|
|t:|1739465446
|move|p1a: Thundurus|Focus Blast|p2a: Tina
|-supereffective|p2a: Tina
|-enditem|p2a: Tina|Chople Berry|[eat]
|-enditem|p2a: Tina|Chople Berry|[weaken]
|-damage|p2a: Tina|46/100
|-damage|p1a: Thundurus|85/100|[from] item: Life Orb
|move|p2a: Tina|Stone Edge|p1a: Thundurus
|-supereffective|p1a: Thundurus
|-damage|p1a: Thundurus|0 fnt
|faint|p1a: Thundurus
|
|-weather|Sandstorm|[upkeep]
|upkeep
|
|t:|1739465457
|switch|p1a: Keldeo|Keldeo-Resolute|100/100
|turn|4
|
|t:|1739465463
|switch|p2a: Dir-T Laund-Ri|Rotom-Wash|100/100
|move|p1a: Keldeo|Secret Sword|p2a: Dir-T Laund-Ri
|-damage|p2a: Dir-T Laund-Ri|39/100
|
|-weather|Sandstorm|[upkeep]
|-damage|p1a: Keldeo|94/100|[from] Sandstorm
|-damage|p2a: Dir-T Laund-Ri|32/100|[from] Sandstorm
|upkeep
|turn|5
|
|t:|1739465466
|move|p1a: Keldeo|Secret Sword|p2a: Dir-T Laund-Ri
|-damage|p2a: Dir-T Laund-Ri|0 fnt
|faint|p2a: Dir-T Laund-Ri
|
|-weather|Sandstorm|[upkeep]
|-damage|p1a: Keldeo|88/100|[from] Sandstorm
|upkeep
|
|t:|1739465476
|switch|p2a: Ol' Puss|Landorus-Therian, M|100/100
|-ability|p2a: Ol' Puss|Intimidate|boost
|-unboost|p1a: Keldeo|atk|1
|turn|6
|
|t:|1739465484
|switch|p1a: Politoed|Politoed, F|100/100
|-weather|RainDance|[from] ability: Drizzle|[of] p1a: Politoed
|move|p2a: Ol' Puss|U-turn|p1a: Politoed
|-damage|p1a: Politoed|81/100
|
|t:|1739465499
|switch|p2a: Water-Gun|Keldeo-Resolute|100/100|[from] U-turn
|
|-weather|RainDance|[upkeep]
|-heal|p1a: Politoed|87/100|[from] item: Leftovers
|upkeep
|turn|7
|
|t:|1739465501
|move|p2a: Water-Gun|Substitute|p2a: Water-Gun
|-start|p2a: Water-Gun|Substitute
|-damage|p2a: Water-Gun|75/100
|move|p1a: Politoed|Hidden Power|p2a: Water-Gun
|-supereffective|p2a: Water-Gun
|-end|p2a: Water-Gun|Substitute
|
|-weather|RainDance|[upkeep]
|-heal|p2a: Water-Gun|82/100|[from] item: Leftovers
|-heal|p1a: Politoed|93/100|[from] item: Leftovers
|upkeep
|turn|8
|
|t:|1739465507
|switch|p2a: Balls|Ferrothorn, M, shiny|100/100
|move|p1a: Politoed|Hidden Power|p2a: Balls
|-resisted|p2a: Balls
|-damage|p2a: Balls|97/100
|
|-weather|RainDance|[upkeep]
|-heal|p1a: Politoed|99/100|[from] item: Leftovers
|upkeep
|turn|9
|
|t:|1739465514
|move|p1a: Politoed|Scald|p2a: Balls
|-resisted|p2a: Balls
|-damage|p2a: Balls|81/100
|move|p2a: Balls|Stealth Rock|p1a: Politoed
|-sidestart|p1: SattleBimulator|move: Stealth Rock
|
|-weather|RainDance|[upkeep]
|-heal|p1a: Politoed|100/100|[from] item: Leftovers
|upkeep
|turn|10
|
|t:|1739465518
|move|p1a: Politoed|Encore|p2a: Balls
|-start|p2a: Balls|Encore
|move|p2a: Balls|Stealth Rock||[still]
|-fail|p2a: Balls
|
|-weather|RainDance|[upkeep]
|upkeep
|turn|11
|
|t:|1739465526
|switch|p2a: Tina|Tyranitar, F, shiny|46/100
|-weather|Sandstorm|[from] ability: Sand Stream|[of] p2a: Tina
|move|p1a: Politoed|Scald|p2a: Tina
|-supereffective|p2a: Tina
|-damage|p2a: Tina|22/100
|
|-weather|Sandstorm|[upkeep]
|-damage|p1a: Politoed|94/100|[from] Sandstorm
|-heal|p1a: Politoed|100/100|[from] item: Leftovers
|upkeep
|turn|12
|
|t:|1739465530
|switch|p2a: Balls|Ferrothorn, M, shiny|81/100
|move|p1a: Politoed|Scald|p2a: Balls
|-resisted|p2a: Balls
|-damage|p2a: Balls|71/100
|
|-weather|Sandstorm|[upkeep]
|-damage|p1a: Politoed|94/100|[from] Sandstorm
|-heal|p1a: Politoed|100/100|[from] item: Leftovers
|upkeep
|turn|13
|
|t:|1739465533
|move|p1a: Politoed|Scald|p2a: Balls
|-resisted|p2a: Balls
|-damage|p2a: Balls|60/100
|move|p2a: Balls|Thunder Wave|p1a: Politoed
|-status|p1a: Politoed|par
|
|-weather|Sandstorm|[upkeep]
|-damage|p1a: Politoed|94/100 par|[from] Sandstorm
|-heal|p1a: Politoed|100/100 par|[from] item: Leftovers
|upkeep
|turn|14
|
|t:|1739465538
|switch|p2a: Water-Gun|Keldeo-Resolute|82/100
|move|p1a: Politoed|Scald|p2a: Water-Gun
|-resisted|p2a: Water-Gun
|-crit|p2a: Water-Gun
|-damage|p2a: Water-Gun|52/100
|-status|p2a: Water-Gun|brn
|
|-weather|Sandstorm|[upkeep]
|-damage|p2a: Water-Gun|46/100 brn|[from] Sandstorm
|-damage|p1a: Politoed|94/100 par|[from] Sandstorm
|-heal|p2a: Water-Gun|52/100 brn|[from] item: Leftovers
|-heal|p1a: Politoed|100/100 par|[from] item: Leftovers
|-damage|p2a: Water-Gun|40/100 brn|[from] brn
|upkeep
|turn|15
|
|t:|1739465544
|switch|p1a: Rotom|Rotom-Wash|100/100
|-damage|p1a: Rotom|88/100|[from] Stealth Rock
|move|p2a: Water-Gun|Secret Sword|p1a: Rotom
|-damage|p1a: Rotom|28/100
|
|-weather|Sandstorm|[upkeep]
|-damage|p1a: Rotom|22/100|[from] Sandstorm
|-damage|p2a: Water-Gun|34/100 brn|[from] Sandstorm
|-heal|p2a: Water-Gun|40/100 brn|[from] item: Leftovers
|-damage|p2a: Water-Gun|27/100 brn|[from] brn
|upkeep
|turn|16
|
|t:|1739465548
|move|p1a: Rotom|Hydro Pump|p2a: Water-Gun
|-resisted|p2a: Water-Gun
|-damage|p2a: Water-Gun|0 fnt
|faint|p2a: Water-Gun
|
|-weather|Sandstorm|[upkeep]
|-damage|p1a: Rotom|15/100|[from] Sandstorm
|upkeep
|
|t:|1739465562
|switch|p2a: Ol' Puss|Landorus-Therian, M|100/100
|-ability|p2a: Ol' Puss|Intimidate|boost
|-unboost|p1a: Rotom|atk|1
|turn|17
|
|t:|1739465566
|move|p2a: Ol' Puss|U-turn|p1a: Rotom
|-damage|p1a: Rotom|0 fnt
|faint|p1a: Rotom
|
|t:|1739465593
|switch|p2a: Original Sin|Mienshao, F, shiny|100/100|[from] U-turn
|
|-weather|Sandstorm|[upkeep]
|-damage|p2a: Original Sin|94/100|[from] Sandstorm
|upkeep
|
|t:|1739465605
|switch|p1a: Keldeo|Keldeo-Resolute|88/100
|-damage|p1a: Keldeo|82/100|[from] Stealth Rock
|turn|18
|inactive|nov.rain has 120 seconds left.
|
|t:|1739465628
|move|p1a: Keldeo|Surf|p2a: Original Sin
|-damage|p2a: Original Sin|7/100
|move|p2a: Original Sin|High Jump Kick|p1a: Keldeo
|-damage|p1a: Keldeo|9/100
|
|-weather|Sandstorm|[upkeep]
|-damage|p1a: Keldeo|3/100|[from] Sandstorm
|-damage|p2a: Original Sin|1/100|[from] Sandstorm
|upkeep
|turn|19
|
|t:|1739465633
|switch|p2a: Balls|Ferrothorn, M, shiny|60/100
|move|p1a: Keldeo|Surf|p2a: Balls
|-resisted|p2a: Balls
|-damage|p2a: Balls|38/100
|
|-weather|Sandstorm|[upkeep]
|-damage|p1a: Keldeo|0 fnt|[from] Sandstorm
|faint|p1a: Keldeo
|upkeep
|
|t:|1739465645
|switch|p1a: Politoed|Politoed, F|100/100 par
|-damage|p1a: Politoed|88/100 par|[from] Stealth Rock
|-weather|RainDance|[from] ability: Drizzle|[of] p1a: Politoed
|turn|20
|
|t:|1739465653
|move|p1a: Politoed|Ice Beam|p2a: Balls
|-damage|p2a: Balls|22/100
|-status|p2a: Balls|frz
|-curestatus|p2a: Balls|frz|[msg]
|move|p2a: Balls|Power Whip|p1a: Politoed
|-supereffective|p1a: Politoed
|-damage|p1a: Politoed|23/100 par
|
|-weather|RainDance|[upkeep]
|-heal|p1a: Politoed|30/100 par|[from] item: Leftovers
|upkeep
|turn|21
|
|t:|1739465660
|cant|p1a: Politoed|par
|move|p2a: Balls|Power Whip|p1a: Politoed
|-supereffective|p1a: Politoed
|-damage|p1a: Politoed|0 fnt
|faint|p1a: Politoed
|
|-weather|RainDance|[upkeep]
|upkeep
|
|t:|1739465665
|switch|p1a: Latios|Latios, M|100/100
|-damage|p1a: Latios|88/100|[from] Stealth Rock
|turn|22
|
|t:|1739465671
|move|p1a: Latios|Surf|p2a: Balls
|-resisted|p2a: Balls
|-crit|p2a: Balls
|-damage|p2a: Balls|0 fnt
|faint|p2a: Balls
|
|-weather|RainDance|[upkeep]
|upkeep
|
|t:|1739465678
|switch|p2a: Tina|Tyranitar, F, shiny|22/100
|-weather|Sandstorm|[from] ability: Sand Stream|[of] p2a: Tina
|turn|23
|
|t:|1739465680
|move|p1a: Latios|Surf|p2a: Tina
|-supereffective|p2a: Tina
|-damage|p2a: Tina|0 fnt
|faint|p2a: Tina
|
|-weather|Sandstorm|[upkeep]
|-damage|p1a: Latios|82/100|[from] Sandstorm
|upkeep
|
|t:|1739465696
|switch|p2a: Original Sin|Mienshao, F, shiny|34/100
|turn|24
|
|t:|1739465698
|switch|p2a: Ol' Puss|Landorus-Therian, M|100/100
|-ability|p2a: Ol' Puss|Intimidate|boost
|-unboost|p1a: Latios|atk|1
|move|p1a: Latios|Surf|p2a: Ol' Puss
|-supereffective|p2a: Ol' Puss
|-damage|p2a: Ol' Puss|9/100
|
|-weather|Sandstorm|[upkeep]
|-damage|p1a: Latios|76/100|[from] Sandstorm
|upkeep
|turn|25
|
|t:|1739465700
|move|p1a: Latios|Surf|p2a: Ol' Puss
|-supereffective|p2a: Ol' Puss
|-damage|p2a: Ol' Puss|0 fnt
|faint|p2a: Ol' Puss
|
|-weather|Sandstorm|[upkeep]
|-damage|p1a: Latios|70/100|[from] Sandstorm
|upkeep
|
|t:|1739465702
|switch|p2a: Original Sin|Mienshao, F, shiny|67/100
|turn|26
|
|t:|1739465705
|move|p1a: Latios|Surf|p2a: Original Sin
|-crit|p2a: Original Sin
|-damage|p2a: Original Sin|0 fnt
|faint|p2a: Original Sin
|
|win|SattleBimulator
|raw|SattleBimulator's rating: 1296 &rarr; <strong>1329</strong><br />(+33 for winning)
|raw|nov.rain's rating: 1404 &rarr; <strong>1378</strong><br />(-26 for losing)
