|j|☆HydreigonSpammer
|j|☆Torvik en place
|t:|1734785429
|gametype|singles
|player|p1|HydreigonSpammer|veteranf|1404
|player|p2|Torvik en place|gambler|1451
|teamsize|p1|6
|teamsize|p2|6
|gen|5
|tier|[Gen 5] OU
|rated|
|rule|Species Clause: Limit one of each Pokémon
|rule|OHKO Clause: OHKO moves are banned
|rule|Moody Clause: Moody is banned
|rule|Evasion Items Clause: Evasion items are banned
|rule|Evasion Moves Clause: Evasion moves are banned
|rule|Endless Battle Clause: Forcing endless battles is banned
|rule|HP Percentage Mod: HP is shown in percentages
|rule|Evasion Abilities Clause: Evasion abilities are banned
|rule|Sleep Moves Clause: Sleep-inducing moves are banned
|rule|Swagger Clause: Swagger is banned
|rule|Baton Pass Stat Clause: No Baton Passer may have a way to boost its stats
|clearpoke
|poke|p1|Abomasnow, F|item
|poke|p1|Mandibuzz, F|item
|poke|p1|Rotom-Wash|item
|poke|p1|Mamoswine, F|item
|poke|p1|Jirachi|item
|poke|p1|Starmie|item
|poke|p2|Tyranitar, M|item
|poke|p2|Alakazam, M|item
|poke|p2|Skarmory, F|item
|poke|p2|Jellicent, M|item
|poke|p2|Gliscor, M|item
|poke|p2|Latios, M|item
|teampreview
|
|t:|1734785455
|start
|switch|p1a: Rotom|Rotom-Wash|100/100
|switch|p2a: Skarmory|Skarmory, F|100/100
|turn|1
|
|t:|1734785466
|move|p1a: Rotom|Will-O-Wisp|p2a: Skarmory
|-status|p2a: Skarmory|brn
|move|p2a: Skarmory|Spikes|p1a: Rotom
|-sidestart|p1: HydreigonSpammer|Spikes
|
|-damage|p2a: Skarmory|88/100 brn|[from] brn
|upkeep
|turn|2
|
|t:|1734785486
|switch|p2a: Latios|Latios, M|100/100
|move|p1a: Rotom|Volt Switch|p2a: Latios
|-resisted|p2a: Latios
|-crit|p2a: Latios
|-damage|p2a: Latios|72/100
|
|t:|1734785491
|switch|p1a: Abomasnow|Abomasnow, F|100/100|[from] Volt Switch
|-damage|p1a: Abomasnow|88/100|[from] Spikes
|-weather|Hail|[from] ability: Snow Warning|[of] p1a: Abomasnow
|
|-weather|Hail|[upkeep]
|-damage|p2a: Latios|66/100|[from] Hail
|-heal|p1a: Abomasnow|94/100|[from] item: Leftovers
|upkeep
|turn|3
|
|t:|1734785510
|switch|p1a: Mandibuzz|Mandibuzz, F|100/100
|move|p2a: Latios|Hidden Power|p1a: Mandibuzz
|-damage|p1a: Mandibuzz|86/100
|
|-weather|Hail|[upkeep]
|-damage|p2a: Latios|60/100|[from] Hail
|-heal|p1a: Mandibuzz|92/100|[from] item: Leftovers
|upkeep
|turn|4
|
|t:|1734785528
|switch|p2a: Gliscor|Gliscor, M|100/100
|move|p1a: Mandibuzz|U-turn|p2a: Gliscor
|-resisted|p2a: Gliscor
|-damage|p2a: Gliscor|96/100
|
|t:|1734785535
|switch|p1a: Starmie|Starmie|100/100|[from] U-turn
|-item|p1a: Starmie|Air Balloon
|
|-weather|Hail|[upkeep]
|-damage|p1a: Starmie|94/100|[from] Hail
|-damage|p2a: Gliscor|90/100|[from] Hail
|-status|p2a: Gliscor|tox|[from] item: Toxic Orb
|upkeep
|turn|5
|
|t:|1734785548
|move|p2a: Gliscor|Protect|p2a: Gliscor
|-singleturn|p2a: Gliscor|Protect
|move|p1a: Starmie|Surf|p2a: Gliscor
|-activate|p2a: Gliscor|move: Protect
|
|-weather|Hail|[upkeep]
|-damage|p1a: Starmie|88/100|[from] Hail
|-damage|p2a: Gliscor|84/100 tox|[from] Hail
|-heal|p2a: Gliscor|96/100 tox|[from] ability: Poison Heal
|upkeep
|turn|6
|
|t:|1734785556
|switch|p2a: Jellicent|Jellicent, M|100/100
|move|p1a: Starmie|Thunderbolt|p2a: Jellicent
|-supereffective|p2a: Jellicent
|-damage|p2a: Jellicent|41/100
|
|-weather|Hail|[upkeep]
|-damage|p1a: Starmie|82/100|[from] Hail
|-damage|p2a: Jellicent|35/100|[from] Hail
|-heal|p2a: Jellicent|41/100|[from] item: Leftovers
|upkeep
|turn|7
|
|t:|1734785581
|switch|p1a: Jirachi|Jirachi|100/100
|-damage|p1a: Jirachi|88/100|[from] Spikes
|switch|p2a: Tyranitar|Tyranitar, M|100/100
|-weather|Sandstorm|[from] ability: Sand Stream|[of] p2a: Tyranitar
|
|-weather|Sandstorm|[upkeep]
|-heal|p1a: Jirachi|94/100|[from] item: Leftovers
|upkeep
|turn|8
|
|t:|1734785590
|switch|p2a: Gliscor|Gliscor, M|96/100 tox
|move|p1a: Jirachi|Stealth Rock|p2a: Gliscor
|-sidestart|p2: Torvik en place|move: Stealth Rock
|
|-weather|Sandstorm|[upkeep]
|-heal|p1a: Jirachi|100/100|[from] item: Leftovers
|-heal|p2a: Gliscor|100/100 tox|[from] ability: Poison Heal
|upkeep
|turn|9
|
|t:|1734785605
|switch|p1a: Rotom|Rotom-Wash|100/100
|move|p2a: Gliscor|Stealth Rock|p1a: Rotom
|-sidestart|p1: HydreigonSpammer|move: Stealth Rock
|
|-weather|Sandstorm|[upkeep]
|-damage|p1a: Rotom|94/100|[from] Sandstorm
|-heal|p1a: Rotom|100/100|[from] item: Leftovers
|upkeep
|turn|10
|
|t:|1734785612
|move|p2a: Gliscor|Protect|p2a: Gliscor
|-singleturn|p2a: Gliscor|Protect
|move|p1a: Rotom|Hydro Pump|p2a: Gliscor
|-activate|p2a: Gliscor|move: Protect
|
|-weather|Sandstorm|[upkeep]
|-damage|p1a: Rotom|94/100|[from] Sandstorm
|-heal|p1a: Rotom|100/100|[from] item: Leftovers
|upkeep
|turn|11
|
|t:|1734785629
|switch|p2a: Latios|Latios, M|60/100
|-damage|p2a: Latios|47/100|[from] Stealth Rock
|move|p1a: Rotom|Hydro Pump|p2a: Latios
|-resisted|p2a: Latios
|-damage|p2a: Latios|26/100
|
|-weather|Sandstorm|[upkeep]
|-damage|p2a: Latios|20/100|[from] Sandstorm
|-damage|p1a: Rotom|94/100|[from] Sandstorm
|-heal|p1a: Rotom|100/100|[from] item: Leftovers
|upkeep
|turn|12
|
|t:|1734785640
|switch|p1a: Jirachi|Jirachi|100/100
|-damage|p1a: Jirachi|88/100|[from] Spikes
|-damage|p1a: Jirachi|82/100|[from] Stealth Rock
|move|p2a: Latios|Recover|p2a: Latios
|-heal|p2a: Latios|71/100
|
|-weather|Sandstorm|[upkeep]
|-damage|p2a: Latios|65/100|[from] Sandstorm
|-heal|p1a: Jirachi|88/100|[from] item: Leftovers
|upkeep
|turn|13
|
|t:|1734785648
|move|p2a: Latios|Recover|p2a: Latios
|-heal|p2a: Latios|100/100
|move|p1a: Jirachi|U-turn|p2a: Latios
|-supereffective|p2a: Latios
|-damage|p2a: Latios|58/100
|
|t:|1734785659
|switch|p1a: Starmie|Starmie|82/100|[from] U-turn
|-damage|p1a: Starmie|70/100|[from] Stealth Rock
|-item|p1a: Starmie|Air Balloon
|
|-weather|Sandstorm|[upkeep]
|-damage|p1a: Starmie|64/100|[from] Sandstorm
|-damage|p2a: Latios|52/100|[from] Sandstorm
|upkeep
|turn|14
|
|t:|1734785698
|switch|p2a: Tyranitar|Tyranitar, M|100/100
|-damage|p2a: Tyranitar|88/100|[from] Stealth Rock
|move|p1a: Starmie|Rapid Spin|p2a: Tyranitar
|-resisted|p2a: Tyranitar
|-damage|p2a: Tyranitar|87/100
|-sideend|p1: HydreigonSpammer|Spikes|[from] move: Rapid Spin|[of] p1a: Starmie
|-sideend|p1: HydreigonSpammer|Stealth Rock|[from] move: Rapid Spin|[of] p1a: Starmie
|
|-weather|Sandstorm|[upkeep]
|-damage|p1a: Starmie|58/100|[from] Sandstorm
|upkeep
|turn|15
|
|t:|1734785703
|move|p1a: Starmie|Surf|p2a: Tyranitar
|-supereffective|p2a: Tyranitar
|-damage|p2a: Tyranitar|48/100
|move|p2a: Tyranitar|Pursuit|p1a: Starmie
|-supereffective|p1a: Starmie
|-damage|p1a: Starmie|0 fnt
|-enditem|p1a: Starmie|Air Balloon
|faint|p1a: Starmie
|
|-weather|Sandstorm|[upkeep]
|upkeep
|inactive|Battle timer is ON: inactive players will automatically lose when time's up. (requested by Torvik en place)
|
|t:|1734785738
|switch|p1a: Abomasnow|Abomasnow, F|94/100
|-weather|Hail|[from] ability: Snow Warning|[of] p1a: Abomasnow
|turn|16
|
|t:|1734785763
|switch|p1a: Rotom|Rotom-Wash|100/100
|move|p2a: Tyranitar|Superpower|p1a: Rotom
|-damage|p1a: Rotom|66/100
|-unboost|p2a: Tyranitar|atk|1
|-unboost|p2a: Tyranitar|def|1
|
|-weather|Hail|[upkeep]
|-damage|p1a: Rotom|59/100|[from] Hail
|-damage|p2a: Tyranitar|42/100|[from] Hail
|-heal|p1a: Rotom|66/100|[from] item: Leftovers
|upkeep
|turn|17
|
|t:|1734785773
|switch|p2a: Latios|Latios, M|52/100
|-damage|p2a: Latios|40/100|[from] Stealth Rock
|move|p1a: Rotom|Hydro Pump|p2a: Latios
|-resisted|p2a: Latios
|-crit|p2a: Latios
|-damage|p2a: Latios|0 fnt
|faint|p2a: Latios
|
|-weather|Hail|[upkeep]
|-damage|p1a: Rotom|59/100|[from] Hail
|-heal|p1a: Rotom|66/100|[from] item: Leftovers
|upkeep
|j| Blaise BWOU
|inactive|Torvik en place has 120 seconds left.
|l| Blaise BWOU
|
|t:|1734785800
|switch|p2a: Alakazam|Alakazam, M|100/100
|turn|18
|
|t:|1734785804
|switch|p1a: Jirachi|Jirachi|88/100
|move|p2a: Alakazam|Psyshock|p1a: Jirachi
|-resisted|p1a: Jirachi
|-damage|p1a: Jirachi|80/100
|
|-weather|Hail|[upkeep]
|-damage|p1a: Jirachi|74/100|[from] Hail
|-heal|p1a: Jirachi|80/100|[from] item: Leftovers
|upkeep
|turn|19
|
|t:|1734785809
|switch|p2a: Gliscor|Gliscor, M|100/100 tox
|-damage|p2a: Gliscor|88/100 tox|[from] Stealth Rock
|move|p1a: Jirachi|U-turn|p2a: Gliscor
|-resisted|p2a: Gliscor
|-damage|p2a: Gliscor|82/100 tox
|
|t:|1734785812
|switch|p1a: Mamoswine|Mamoswine, F|100/100|[from] U-turn
|
|-weather|Hail|[upkeep]
|-damage|p2a: Gliscor|76/100 tox|[from] Hail
|-heal|p2a: Gliscor|88/100 tox|[from] ability: Poison Heal
|upkeep
|turn|20
|
|t:|1734785820
|switch|p2a: Skarmory|Skarmory, F|88/100 brn
|-damage|p2a: Skarmory|76/100 brn|[from] Stealth Rock
|move|p1a: Mamoswine|Icicle Crash|p2a: Skarmory
|-damage|p2a: Skarmory|18/100 brn
|
|-weather|Hail|[upkeep]
|-damage|p2a: Skarmory|12/100 brn|[from] Hail
|-heal|p2a: Skarmory|18/100 brn|[from] item: Leftovers
|-damage|p2a: Skarmory|5/100 brn|[from] brn
|upkeep
|turn|21
|
|t:|1734785827
|move|p1a: Mamoswine|Icicle Crash|p2a: Skarmory
|-damage|p2a: Skarmory|0 fnt
|faint|p2a: Skarmory
|
|-weather|Hail|[upkeep]
|upkeep
|
|t:|1734785835
|switch|p2a: Alakazam|Alakazam, M|100/100
|turn|22
|
|t:|1734785849
|move|p2a: Alakazam|Grass Knot|p1a: Mamoswine
|-supereffective|p1a: Mamoswine
|-damage|p1a: Mamoswine|0 fnt
|faint|p1a: Mamoswine
|
|-weather|Hail|[upkeep]
|upkeep
|
|t:|1734785861
|switch|p1a: Jirachi|Jirachi|80/100
|turn|23
|
|t:|1734785872
|switch|p2a: Gliscor|Gliscor, M|88/100 tox
|-damage|p2a: Gliscor|76/100 tox|[from] Stealth Rock
|move|p1a: Jirachi|U-turn|p2a: Gliscor
|-resisted|p2a: Gliscor
|-damage|p2a: Gliscor|71/100 tox
|
|t:|1734785885
|switch|p1a: Rotom|Rotom-Wash|66/100|[from] U-turn
|
|-weather|Hail|[upkeep]
|-damage|p2a: Gliscor|64/100 tox|[from] Hail
|-damage|p1a: Rotom|59/100|[from] Hail
|-heal|p1a: Rotom|66/100|[from] item: Leftovers
|-heal|p2a: Gliscor|77/100 tox|[from] ability: Poison Heal
|upkeep
|turn|24
|
|t:|1734785890
|move|p2a: Gliscor|Protect|p2a: Gliscor
|-singleturn|p2a: Gliscor|Protect
|move|p1a: Rotom|Hydro Pump|p2a: Gliscor
|-activate|p2a: Gliscor|move: Protect
|
|-weather|Hail|[upkeep]
|-damage|p2a: Gliscor|71/100 tox|[from] Hail
|-damage|p1a: Rotom|59/100|[from] Hail
|-heal|p1a: Rotom|66/100|[from] item: Leftovers
|-heal|p2a: Gliscor|83/100 tox|[from] ability: Poison Heal
|upkeep
|turn|25
|
|t:|1734785895
|move|p2a: Gliscor|Stealth Rock|p1a: Rotom
|-sidestart|p1: HydreigonSpammer|move: Stealth Rock
|move|p1a: Rotom|Hydro Pump|p2a: Gliscor
|-supereffective|p2a: Gliscor
|-damage|p2a: Gliscor|0 fnt
|faint|p2a: Gliscor
|
|-weather|Hail|[upkeep]
|-damage|p1a: Rotom|59/100|[from] Hail
|-heal|p1a: Rotom|66/100|[from] item: Leftovers
|upkeep
|
|t:|1734785916
|switch|p2a: Alakazam|Alakazam, M|100/100
|turn|26
|
|t:|1734785921
|switch|p1a: Mandibuzz|Mandibuzz, F|92/100
|-damage|p1a: Mandibuzz|67/100|[from] Stealth Rock
|move|p2a: Alakazam|Focus Blast|p1a: Mandibuzz|[miss]
|-miss|p2a: Alakazam|p1a: Mandibuzz
|
|-weather|Hail|[upkeep]
|-heal|p1a: Mandibuzz|74/100|[from] item: Leftovers
|upkeep
|turn|27
|
|t:|1734785938
|switch|p2a: Tyranitar|Tyranitar, M|42/100
|-damage|p2a: Tyranitar|29/100|[from] Stealth Rock
|-weather|Sandstorm|[from] ability: Sand Stream|[of] p2a: Tyranitar
|move|p1a: Mandibuzz|U-turn|p2a: Tyranitar
|-supereffective|p2a: Tyranitar
|-damage|p2a: Tyranitar|10/100
|
|t:|1734785944
|switch|p1a: Abomasnow|Abomasnow, F|94/100|[from] U-turn
|-damage|p1a: Abomasnow|69/100|[from] Stealth Rock
|-weather|Hail|[from] ability: Snow Warning|[of] p1a: Abomasnow
|
|-weather|Hail|[upkeep]
|-damage|p2a: Tyranitar|4/100|[from] Hail
|-heal|p1a: Abomasnow|75/100|[from] item: Leftovers
|upkeep
|turn|28
|
|t:|1734785954
|switch|p1a: Mandibuzz|Mandibuzz, F|74/100
|-damage|p1a: Mandibuzz|49/100|[from] Stealth Rock
|move|p2a: Tyranitar|Superpower|p1a: Mandibuzz
|-damage|p1a: Mandibuzz|15/100
|-unboost|p2a: Tyranitar|atk|1
|-unboost|p2a: Tyranitar|def|1
|
|-weather|Hail|[upkeep]
|-damage|p2a: Tyranitar|0 fnt|[from] Hail
|faint|p2a: Tyranitar
|-heal|p1a: Mandibuzz|21/100|[from] item: Leftovers
|upkeep
|
|t:|1734785956
|switch|p2a: Alakazam|Alakazam, M|100/100
|turn|29
|
|t:|1734785962
|move|p2a: Alakazam|Hidden Power|p1a: Mandibuzz
|-supereffective|p1a: Mandibuzz
|-damage|p1a: Mandibuzz|0 fnt
|faint|p1a: Mandibuzz
|
|-weather|Hail|[upkeep]
|upkeep
|
|t:|1734785965
|switch|p1a: Jirachi|Jirachi|80/100
|-damage|p1a: Jirachi|74/100|[from] Stealth Rock
|turn|30
|
|t:|1734785980
|move|p2a: Alakazam|Focus Blast|p1a: Jirachi
|-damage|p1a: Jirachi|47/100
|move|p1a: Jirachi|U-turn|p2a: Alakazam
|-supereffective|p2a: Alakazam
|-damage|p2a: Alakazam|15/100
|
|t:|1734785997
|switch|p1a: Rotom|Rotom-Wash|66/100|[from] U-turn
|-damage|p1a: Rotom|53/100|[from] Stealth Rock
|
|-weather|Hail|[upkeep]
|-damage|p1a: Rotom|47/100|[from] Hail
|-heal|p1a: Rotom|53/100|[from] item: Leftovers
|upkeep
|turn|31
|
|t:|1734786012
|move|p2a: Alakazam|Psyshock|p1a: Rotom
|-damage|p1a: Rotom|17/100
|move|p1a: Rotom|Thunder Wave|p2a: Alakazam
|-status|p2a: Alakazam|par
|
|-weather|Hail|[upkeep]
|-damage|p1a: Rotom|10/100|[from] Hail
|-heal|p1a: Rotom|17/100|[from] item: Leftovers
|upkeep
|turn|32
|
|t:|1734786029
|move|p1a: Rotom|Hydro Pump|p2a: Alakazam
|-crit|p2a: Alakazam
|-damage|p2a: Alakazam|0 fnt
|faint|p2a: Alakazam
|
|-weather|Hail|[upkeep]
|-damage|p1a: Rotom|10/100|[from] Hail
|-heal|p1a: Rotom|17/100|[from] item: Leftovers
|upkeep
|
|t:|1734786031
|switch|p2a: Jellicent|Jellicent, M|41/100
|-damage|p2a: Jellicent|29/100|[from] Stealth Rock
|turn|33
|
|t:|1734786040
|move|p2a: Jellicent|Night Shade|p1a: Rotom
|-damage|p1a: Rotom|0 fnt
|faint|p1a: Rotom
|
|-weather|Hail|[upkeep]
|-damage|p2a: Jellicent|22/100|[from] Hail
|-heal|p2a: Jellicent|29/100|[from] item: Leftovers
|upkeep
|
|t:|1734786046
|switch|p1a: Abomasnow|Abomasnow, F|75/100
|-damage|p1a: Abomasnow|50/100|[from] Stealth Rock
|turn|34
|
|t:|1734786053
|move|p2a: Jellicent|Recover|p2a: Jellicent
|-heal|p2a: Jellicent|79/100
|move|p1a: Abomasnow|Giga Drain|p2a: Jellicent
|-supereffective|p2a: Jellicent
|-damage|p2a: Jellicent|19/100
|-heal|p1a: Abomasnow|82/100|[from] drain|[of] p2a: Jellicent
|
|-weather|Hail|[upkeep]
|-damage|p2a: Jellicent|13/100|[from] Hail
|-heal|p2a: Jellicent|19/100|[from] item: Leftovers
|-heal|p1a: Abomasnow|88/100|[from] item: Leftovers
|upkeep
|turn|35
|j| Blaise BWOU
|-message|Torvik en place forfeited.
|
|win|HydreigonSpammer
|raw|HydreigonSpammer's rating: 1404 &rarr; <strong>1427</strong><br />(+23 for winning)
|raw|Torvik en place's rating: 1451 &rarr; <strong>1428</strong><br />(-23 for losing)
|l|☆Torvik en place
|player|p2|
