|j|☆mellrrowe
|j|‽djx
|player|p1|mellrrowe|hilbert|1333
|player|p2|djx|nurseryaide|1325
|teamsize|p1|6
|teamsize|p2|6
|gametype|singles
|gen|5
|tier|[Gen 5] OU
|rated|
|clearpoke
|poke|p1|Politoed, F|item
|poke|p1|Starmie|item
|poke|p1|Keldeo|item
|poke|p1|Ferrothorn, M|item
|poke|p1|Gyarados, F|item
|poke|p1|Tornadus, M|item
|poke|p2|Haxorus, F|item
|poke|p2|Alakazam, M|item
|poke|p2|Scizor, M|item
|poke|p2|Gastrodon, F|item
|poke|p2|Bisharp, M|item
|poke|p2|Chansey, F|item
|rule|Species Clause: Limit one of each Pokémon
|rule|OHKO Clause: OHKO moves are banned
|rule|Moody Clause: Moody is banned
|rule|Evasion Moves Clause: Evasion moves are banned
|rule|Endless Battle Clause: Forcing endless battles is banned
|rule|HP Percentage Mod: HP is shown in percentages
|rule|Evasion Abilities Clause: Evasion abilities are banned
|rule|Baton Pass Clause: Limit one Baton Passer, can't pass Spe and other stats simultaneously
|rule|Sleep Clause: Sleep-inducing moves are banned
|rule|Swagger Clause: Swagger is banned
|teampreview
|inactive|Battle timer is ON: inactive players will automatically lose when time's up. (requested by mellrrowe)
|inactive|djx has 120 seconds left.
|
|start
|switch|p1a: Ferrothorn|Ferrothorn, M|100/100
|switch|p2a: Chansey|Chansey, F|100/100
|turn|1
|
|move|p2a: Chansey|Seismic Toss|p1a: Ferrothorn
|-damage|p1a: Ferrothorn|72/100
|-damage|p2a: Chansey|88/100|[from] ability: Iron Barbs|[of] p1a: Ferrothorn
|move|p1a: Ferrothorn|Knock Off|p2a: Chansey
|-damage|p2a: Chansey|85/100
|-enditem|p2a: Chansey|Eviolite|[from] move: Knock Off|[of] p1a: Ferrothorn
|
|-heal|p1a: Ferrothorn|78/100|[from] item: Leftovers
|upkeep
|turn|2
|inactive|djx has 120 seconds left.
|
|move|p2a: Chansey|Seismic Toss|p1a: Ferrothorn
|-damage|p1a: Ferrothorn|50/100
|-damage|p2a: Chansey|73/100|[from] ability: Iron Barbs|[of] p1a: Ferrothorn
|move|p1a: Ferrothorn|Thunder Wave|p2a: Chansey
|-status|p2a: Chansey|par
|
|-heal|p1a: Ferrothorn|56/100|[from] item: Leftovers
|upkeep
|turn|3
|
|move|p1a: Ferrothorn|Leech Seed|p2a: Chansey
|-start|p2a: Chansey|move: Leech Seed
|move|p2a: Chansey|Thunder Wave|p1a: Ferrothorn
|-status|p1a: Ferrothorn|par
|
|-heal|p1a: Ferrothorn|62/100 par|[from] item: Leftovers
|-damage|p2a: Chansey|60/100 par|[from] Leech Seed|[of] p1a: Ferrothorn
|-heal|p1a: Ferrothorn|87/100 par|[silent]
|upkeep
|turn|4
|
|move|p2a: Chansey|Stealth Rock|p1a: Ferrothorn
|-sidestart|p1: mellrrowe|move: Stealth Rock
|move|p1a: Ferrothorn|Stealth Rock|p2a: Chansey
|-sidestart|p2: djx|move: Stealth Rock
|
|-heal|p1a: Ferrothorn|93/100 par|[from] item: Leftovers
|-damage|p2a: Chansey|48/100 par|[from] Leech Seed|[of] p1a: Ferrothorn
|-heal|p1a: Ferrothorn|100/100 par|[silent]
|upkeep
|turn|5
|
|move|p2a: Chansey|Soft-Boiled|p2a: Chansey
|-heal|p2a: Chansey|98/100 par
|move|p1a: Ferrothorn|Knock Off|p2a: Chansey
|-damage|p2a: Chansey|93/100 par
|
|-damage|p2a: Chansey|81/100 par|[from] Leech Seed|[of] p1a: Ferrothorn
|upkeep
|turn|6
|
|switch|p2a: Alakazam|Alakazam, M|100/100
|move|p1a: Ferrothorn|Knock Off|p2a: Alakazam
|-supereffective|p2a: Alakazam
|-damage|p2a: Alakazam|77/100
|-enditem|p2a: Alakazam|Life Orb|[from] move: Knock Off|[of] p1a: Ferrothorn
|
|upkeep
|turn|7
|
|move|p2a: Alakazam|Hidden Power|p1a: Ferrothorn
|-supereffective|p1a: Ferrothorn
|-damage|p1a: Ferrothorn|13/100 par
|move|p1a: Ferrothorn|Thunder Wave|p2a: Alakazam
|-status|p2a: Alakazam|par
|
|-heal|p1a: Ferrothorn|19/100 par|[from] item: Leftovers
|upkeep
|turn|8
|
|cant|p2a: Alakazam|par
|move|p1a: Ferrothorn|Knock Off|p2a: Alakazam
|-supereffective|p2a: Alakazam
|-damage|p2a: Alakazam|52/100 par
|
|-heal|p1a: Ferrothorn|25/100 par|[from] item: Leftovers
|upkeep
|turn|9
|
|cant|p2a: Alakazam|par
|move|p1a: Ferrothorn|Knock Off|p2a: Alakazam
|-supereffective|p2a: Alakazam
|-damage|p2a: Alakazam|27/100 par
|
|-heal|p1a: Ferrothorn|32/100 par|[from] item: Leftovers
|upkeep
|turn|10
|
|move|p2a: Alakazam|Hidden Power|p1a: Ferrothorn
|-supereffective|p1a: Ferrothorn
|-damage|p1a: Ferrothorn|0 fnt
|faint|p1a: Ferrothorn
|
|upkeep
|
|switch|p1a: Politoed|Politoed, F|100/100
|-damage|p1a: Politoed|88/100|[from] Stealth Rock
|-weather|RainDance|[from] ability: Drizzle|[of] p1a: Politoed
|turn|11
|inactive|djx has 120 seconds left.
|
|move|p1a: Politoed|Scald|p2a: Alakazam
|-damage|p2a: Alakazam|0 fnt
|faint|p2a: Alakazam
|
|-weather|RainDance|[upkeep]
|upkeep
|
|switch|p2a: Scizor|Scizor, M, shiny|100/100
|-damage|p2a: Scizor|88/100|[from] Stealth Rock
|turn|12
|
|switch|p2a: Gastrodon|Gastrodon, F|100/100
|-damage|p2a: Gastrodon|94/100|[from] Stealth Rock
|move|p1a: Politoed|Scald|p2a: Gastrodon
|-ability|p2a: Gastrodon|Storm Drain|boost
|-boost|p2a: Gastrodon|spa|1
|
|-weather|RainDance|[upkeep]
|-heal|p2a: Gastrodon|100/100|[from] item: Leftovers
|upkeep
|turn|13
|
|switch|p1a: Tornadus|Tornadus, M|100/100
|-damage|p1a: Tornadus|76/100|[from] Stealth Rock
|move|p2a: Gastrodon|Toxic|p1a: Tornadus
|-status|p1a: Tornadus|tox
|
|-weather|RainDance|[upkeep]
|-damage|p1a: Tornadus|70/100 tox|[from] psn
|upkeep
|turn|14
|
|move|p1a: Tornadus|Hurricane|p2a: Gastrodon
|-damage|p2a: Gastrodon|16/100
|move|p2a: Gastrodon|Recover|p2a: Gastrodon
|-heal|p2a: Gastrodon|66/100
|
|-weather|RainDance|[upkeep]
|-heal|p2a: Gastrodon|72/100|[from] item: Leftovers
|-damage|p1a: Tornadus|58/100 tox|[from] psn
|upkeep
|turn|15
|
|switch|p2a: Chansey|Chansey, F|81/100
|-damage|p2a: Chansey|68/100|[from] Stealth Rock
|move|p1a: Tornadus|Hurricane|p2a: Chansey
|-damage|p2a: Chansey|25/100
|
|-weather|RainDance|[upkeep]
|-damage|p1a: Tornadus|40/100 tox|[from] psn
|upkeep
|turn|16
|
|move|p1a: Tornadus|Hurricane|p2a: Chansey
|-damage|p2a: Chansey|0 fnt
|faint|p2a: Chansey
|
|-weather|RainDance|[upkeep]
|-damage|p1a: Tornadus|16/100 tox|[from] psn
|upkeep
|
|switch|p2a: Scizor|Scizor, M, shiny|88/100
|-damage|p2a: Scizor|76/100|[from] Stealth Rock
|turn|17
|
|move|p2a: Scizor|Bullet Punch|p1a: Tornadus
|-damage|p1a: Tornadus|0 fnt
|faint|p1a: Tornadus
|
|-weather|RainDance|[upkeep]
|upkeep
|
|switch|p1a: Gyarados|Gyarados, F|100/100
|-damage|p1a: Gyarados|76/100|[from] Stealth Rock
|turn|18
|
|move|p2a: Scizor|Bullet Punch|p1a: Gyarados
|-resisted|p1a: Gyarados
|-damage|p1a: Gyarados|45/100
|move|p1a: Gyarados|Earthquake|p2a: Scizor
|-damage|p2a: Scizor|40/100
|
|-weather|RainDance|[upkeep]
|-heal|p1a: Gyarados|51/100|[from] item: Leftovers
|upkeep
|turn|19
|
|move|p2a: Scizor|Bullet Punch|p1a: Gyarados
|-resisted|p1a: Gyarados
|-damage|p1a: Gyarados|17/100
|move|p1a: Gyarados|Dragon Dance|p1a: Gyarados
|-boost|p1a: Gyarados|atk|1
|-boost|p1a: Gyarados|spe|1
|
|-weather|RainDance|[upkeep]
|-heal|p1a: Gyarados|23/100|[from] item: Leftovers
|upkeep
|turn|20
|
|move|p2a: Scizor|Bullet Punch|p1a: Gyarados
|-resisted|p1a: Gyarados
|-damage|p1a: Gyarados|0 fnt
|faint|p1a: Gyarados
|
|-weather|RainDance|[upkeep]
|upkeep
|c|☆mellrrowe|that was stupid of me
|
|switch|p1a: Keldeo|Keldeo|100/100
|-damage|p1a: Keldeo|94/100|[from] Stealth Rock
|turn|21
|
|switch|p2a: Gastrodon|Gastrodon, F|72/100
|-damage|p2a: Gastrodon|66/100|[from] Stealth Rock
|move|p1a: Keldeo|Secret Sword|p2a: Gastrodon
|-damage|p2a: Gastrodon|16/100
|
|-weather|RainDance|[upkeep]
|-heal|p2a: Gastrodon|22/100|[from] item: Leftovers
|upkeep
|turn|22
|
|move|p1a: Keldeo|Secret Sword|p2a: Gastrodon
|-damage|p2a: Gastrodon|0 fnt
|faint|p2a: Gastrodon
|
|-weather|RainDance|[upkeep]
|upkeep
|
|switch|p2a: Haxorus|Haxorus, F|100/100
|-damage|p2a: Haxorus|88/100|[from] Stealth Rock
|-ability|p2a: Haxorus|Mold Breaker
|turn|23
|
|move|p1a: Keldeo|Secret Sword|p2a: Haxorus
|-damage|p2a: Haxorus|35/100
|move|p2a: Haxorus|Dragon Dance|p2a: Haxorus
|-boost|p2a: Haxorus|atk|1
|-boost|p2a: Haxorus|spe|1
|
|-weather|RainDance|[upkeep]
|upkeep
|turn|24
|
|move|p1a: Keldeo|Secret Sword|p2a: Haxorus
|-damage|p2a: Haxorus|0 fnt
|faint|p2a: Haxorus
|
|-weather|RainDance|[upkeep]
|upkeep
|
|switch|p2a: Scizor|Scizor, M, shiny|40/100
|-damage|p2a: Scizor|27/100|[from] Stealth Rock
|turn|25
|
|move|p2a: Scizor|Bullet Punch|p1a: Keldeo
|-resisted|p1a: Keldeo
|-crit|p1a: Keldeo
|-damage|p1a: Keldeo|35/100
|move|p1a: Keldeo|Secret Sword|p2a: Scizor
|-damage|p2a: Scizor|0 fnt
|faint|p2a: Scizor
|
|-weather|RainDance|[upkeep]
|upkeep
|
|switch|p2a: Bisharp|Bisharp, M|100/100
|-damage|p2a: Bisharp|95/100|[from] Stealth Rock
|turn|26
|
|move|p2a: Bisharp|Sucker Punch|p1a: Keldeo
|-resisted|p1a: Keldeo
|-damage|p1a: Keldeo|2/100
|-ability|p1a: Keldeo|Justified|boost
|-boost|p1a: Keldeo|atk|1
|-damage|p2a: Bisharp|85/100|[from] item: Life Orb
|move|p1a: Keldeo|Secret Sword|p2a: Bisharp
|-supereffective|p2a: Bisharp
|-damage|p2a: Bisharp|0 fnt
|faint|p2a: Bisharp
|
|win|mellrrowe
|l|‽djx
|raw|mellrrowe's rating: 1333 &rarr; <strong>1353</strong><br />(+20 for winning)
|raw|djx's rating: 1325 &rarr; <strong>1305</strong><br />(-20 for losing)
