|j|☆ultrabeastsmeargle
|j|☆Jackrg1
|t:|1746158889
|gametype|singles
|player|p1|ultrabeastsmeargle|sailor|1370
|player|p2|Jackrg1|iris|1399
|teamsize|p1|6
|teamsize|p2|6
|gen|5
|tier|[Gen 5] OU
|rated|
|rule|Species Clause: Limit one of each Pokémon
|rule|OHKO Clause: OHKO moves are banned
|rule|Moody Clause: Moody is banned
|rule|Evasion Items Clause: Evasion items are banned
|rule|Evasion Moves Clause: Evasion moves are banned
|rule|Endless Battle Clause: Forcing endless battles is banned
|rule|HP Percentage Mod: HP is shown in percentages
|rule|Evasion Abilities Clause: Evasion abilities are banned
|rule|Sleep Moves Clause: Sleep-inducing moves are banned
|rule|Swagger Clause: Swagger is banned
|rule|Baton Pass Stat Clause: No Baton Passer may have a way to boost its stats
|clearpoke
|poke|p1|Politoed, M|item
|poke|p1|Tentacruel, F|item
|poke|p1|Ferrothorn, M|item
|poke|p1|Keldeo-Resolute|item
|poke|p1|Thundurus-Therian, M|item
|poke|p1|Latios, M|item
|poke|p2|Hippowdon, F|item
|poke|p2|Alakazam, M|item
|poke|p2|Latios, M|item
|poke|p2|Skarmory, M|item
|poke|p2|Jellicent, M|item
|poke|p2|Clefable, M|item
|teampreview
|inactive|Battle timer is ON: inactive players will automatically lose when time's up. (requested by Jackrg1)
|inactive|Jackrg1 has 120 seconds left.
|
|t:|1746158944
|start
|switch|p1a: Ferrothorn|Ferrothorn, M|100/100
|switch|p2a: Latios|Latios, M|100/100
|turn|1
|
|t:|1746158958
|switch|p2a: Skarmory|Skarmory, M|100/100
|switch|p1a: Politoed|Politoed, M|100/100
|-weather|RainDance|[from] ability: Drizzle|[of] p1a: Politoed
|
|-weather|RainDance|[upkeep]
|upkeep
|turn|2
|
|t:|1746158967
|switch|p2a: Clefable|Clefable, M|100/100
|move|p1a: Politoed|Toxic|p2a: Clefable
|-status|p2a: Clefable|tox
|
|-weather|RainDance|[upkeep]
|upkeep
|turn|3
|
|t:|1746158974
|switch|p1a: Ferrothorn|Ferrothorn, M|100/100
|move|p2a: Clefable|Knock Off|p1a: Ferrothorn
|-resisted|p1a: Ferrothorn
|-damage|p1a: Ferrothorn|99/100
|-enditem|p1a: Ferrothorn|Leftovers|[from] move: Knock Off|[of] p2a: Clefable
|
|-weather|RainDance|[upkeep]
|upkeep
|turn|4
|
|t:|1746158984
|move|p2a: Clefable|Seismic Toss|p1a: Ferrothorn
|-damage|p1a: Ferrothorn|71/100
|move|p1a: Ferrothorn|Stealth Rock|p2a: Clefable
|-sidestart|p2: Jackrg1|move: Stealth Rock
|
|-weather|RainDance|[upkeep]
|upkeep
|turn|5
|
|t:|1746158993
|switch|p1a: Thundurus|Thundurus-Therian, M|100/100
|move|p2a: Clefable|Encore||[still]
|-fail|p2a: Clefable
|
|-weather|RainDance|[upkeep]
|upkeep
|turn|6
|
|t:|1746159001
|switch|p2a: Hippowdon|Hippowdon, F|100/100
|-damage|p2a: Hippowdon|94/100|[from] Stealth Rock
|-weather|Sandstorm|[from] ability: Sand Stream|[of] p2a: Hippowdon
|move|p1a: Thundurus|Substitute|p1a: Thundurus
|-start|p1a: Thundurus|Substitute
|-damage|p1a: Thundurus|76/100
|
|-weather|Sandstorm|[upkeep]
|-damage|p1a: Thundurus|69/100|[from] Sandstorm
|-heal|p1a: Thundurus|76/100|[from] item: Leftovers
|-heal|p2a: Hippowdon|100/100|[from] item: Leftovers
|upkeep
|turn|7
|
|t:|1746159012
|move|p1a: Thundurus|Hidden Power|p2a: Hippowdon
|-supereffective|p2a: Hippowdon
|-damage|p2a: Hippowdon|66/100
|move|p2a: Hippowdon|Stealth Rock|p1a: Thundurus
|-sidestart|p1: ultrabeastsmeargle|move: Stealth Rock
|
|-weather|Sandstorm|[upkeep]
|-damage|p1a: Thundurus|69/100|[from] Sandstorm
|-heal|p1a: Thundurus|76/100|[from] item: Leftovers
|-heal|p2a: Hippowdon|72/100|[from] item: Leftovers
|upkeep
|turn|8
|
|t:|1746159020
|move|p1a: Thundurus|Hidden Power|p2a: Hippowdon
|-supereffective|p2a: Hippowdon
|-damage|p2a: Hippowdon|35/100
|move|p2a: Hippowdon|Rock Slide|p1a: Thundurus
|-supereffective|p1a: Thundurus
|-end|p1a: Thundurus|Substitute
|
|-weather|Sandstorm|[upkeep]
|-damage|p1a: Thundurus|69/100|[from] Sandstorm
|-heal|p1a: Thundurus|76/100|[from] item: Leftovers
|-heal|p2a: Hippowdon|41/100|[from] item: Leftovers
|upkeep
|turn|9
|j| ToiloV
|l| ToiloV
|
|t:|1746159031
|move|p1a: Thundurus|Hidden Power|p2a: Hippowdon
|-supereffective|p2a: Hippowdon
|-damage|p2a: Hippowdon|2/100
|move|p2a: Hippowdon|Slack Off|p2a: Hippowdon
|-heal|p2a: Hippowdon|52/100
|
|-weather|Sandstorm|[upkeep]
|-damage|p1a: Thundurus|69/100|[from] Sandstorm
|-heal|p1a: Thundurus|76/100|[from] item: Leftovers
|-heal|p2a: Hippowdon|59/100|[from] item: Leftovers
|upkeep
|turn|10
|
|t:|1746159040
|switch|p1a: Politoed|Politoed, M|100/100
|-damage|p1a: Politoed|88/100|[from] Stealth Rock
|-weather|RainDance|[from] ability: Drizzle|[of] p1a: Politoed
|move|p2a: Hippowdon|Slack Off|p2a: Hippowdon
|-heal|p2a: Hippowdon|100/100
|
|-weather|RainDance|[upkeep]
|-heal|p1a: Politoed|94/100|[from] item: Leftovers
|upkeep
|turn|11
|
|t:|1746159050
|switch|p2a: Clefable|Clefable, M|100/100 tox
|move|p1a: Politoed|Scald|p2a: Clefable
|-damage|p2a: Clefable|71/100 tox
|
|-weather|RainDance|[upkeep]
|-heal|p1a: Politoed|99/100|[from] item: Leftovers
|-heal|p2a: Clefable|77/100 tox|[from] item: Leftovers
|upkeep
|turn|12
|
|t:|1746159061
|switch|p1a: Tentacruel|Tentacruel, F|100/100
|-damage|p1a: Tentacruel|88/100|[from] Stealth Rock
|move|p2a: Clefable|Knock Off|p1a: Tentacruel
|-damage|p1a: Tentacruel|85/100
|-enditem|p1a: Tentacruel|Black Sludge|[from] move: Knock Off|[of] p2a: Clefable
|
|-weather|RainDance|[upkeep]
|-heal|p1a: Tentacruel|91/100|[from] ability: Rain Dish
|-heal|p2a: Clefable|83/100 tox|[from] item: Leftovers
|upkeep
|turn|13
|
|t:|1746159071
|switch|p2a: Jellicent|Jellicent, M|100/100
|-damage|p2a: Jellicent|88/100|[from] Stealth Rock
|-item|p2a: Jellicent|Air Balloon
|move|p1a: Tentacruel|Toxic|p2a: Jellicent
|-status|p2a: Jellicent|tox
|
|-weather|RainDance|[upkeep]
|-heal|p1a: Tentacruel|97/100|[from] ability: Rain Dish
|-damage|p2a: Jellicent|82/100 tox|[from] psn
|upkeep
|turn|14
|
|t:|1746159090
|switch|p1a: Latios|Latios, M|100/100
|-damage|p1a: Latios|88/100|[from] Stealth Rock
|move|p2a: Jellicent|Will-O-Wisp|p1a: Latios|[miss]
|-miss|p2a: Jellicent|p1a: Latios
|
|-weather|RainDance|[upkeep]
|-damage|p2a: Jellicent|69/100 tox|[from] psn
|upkeep
|turn|15
|
|t:|1746159111
|switch|p2a: Hippowdon|Hippowdon, F|100/100
|-damage|p2a: Hippowdon|94/100|[from] Stealth Rock
|-weather|Sandstorm|[from] ability: Sand Stream|[of] p2a: Hippowdon
|move|p1a: Latios|Draco Meteor|p2a: Hippowdon
|-damage|p2a: Hippowdon|21/100
|-unboost|p1a: Latios|spa|2
|
|-weather|Sandstorm|[upkeep]
|-damage|p1a: Latios|82/100|[from] Sandstorm
|-heal|p2a: Hippowdon|28/100|[from] item: Leftovers
|upkeep
|turn|16
|
|t:|1746159122
|switch|p2a: Skarmory|Skarmory, M|100/100
|-damage|p2a: Skarmory|88/100|[from] Stealth Rock
|move|p1a: Latios|Draco Meteor|p2a: Skarmory
|-resisted|p2a: Skarmory
|-damage|p2a: Skarmory|51/100
|-unboost|p1a: Latios|spa|2
|
|-weather|Sandstorm|[upkeep]
|-damage|p1a: Latios|76/100|[from] Sandstorm
|upkeep
|turn|17
|
|t:|1746159132
|switch|p1a: Politoed|Politoed, M|99/100
|-damage|p1a: Politoed|88/100|[from] Stealth Rock
|-weather|RainDance|[from] ability: Drizzle|[of] p1a: Politoed
|move|p2a: Skarmory|Spikes|p1a: Politoed
|-sidestart|p1: ultrabeastsmeargle|Spikes
|
|-weather|RainDance|[upkeep]
|-heal|p1a: Politoed|94/100|[from] item: Leftovers
|upkeep
|turn|18
|
|t:|1746159150
|switch|p2a: Clefable|Clefable, M|83/100 tox
|switch|p1a: Thundurus|Thundurus-Therian, M|76/100
|-damage|p1a: Thundurus|51/100|[from] Stealth Rock
|
|-weather|RainDance|[upkeep]
|-heal|p1a: Thundurus|57/100|[from] item: Leftovers
|-heal|p2a: Clefable|90/100 tox|[from] item: Leftovers
|upkeep
|turn|19
|
|t:|1746159161
|move|p1a: Thundurus|Thunder|p2a: Clefable
|-damage|p2a: Clefable|47/100 tox
|move|p2a: Clefable|Encore|p1a: Thundurus
|-start|p1a: Thundurus|Encore
|
|-weather|RainDance|[upkeep]
|-heal|p1a: Thundurus|63/100|[from] item: Leftovers
|-heal|p2a: Clefable|53/100 tox|[from] item: Leftovers
|upkeep
|turn|20
|
|t:|1746159170
|switch|p1a: Latios|Latios, M|76/100
|-damage|p1a: Latios|64/100|[from] Stealth Rock
|move|p2a: Clefable|Soft-Boiled|p2a: Clefable
|-heal|p2a: Clefable|100/100 tox
|
|-weather|RainDance|[upkeep]
|upkeep
|turn|21
|
|t:|1746159177
|move|p1a: Latios|Trick|p2a: Clefable
|-activate|p1a: Latios|move: Trick|[of] p2a: Clefable
|-item|p2a: Clefable|Choice Specs|[from] move: Trick
|-item|p1a: Latios|Leftovers|[from] move: Trick
|move|p2a: Clefable|Knock Off|p1a: Latios
|-supereffective|p1a: Latios
|-damage|p1a: Latios|55/100
|-enditem|p1a: Latios|Leftovers|[from] move: Knock Off|[of] p2a: Clefable
|
|-weather|RainDance|[upkeep]
|upkeep
|turn|22
|
|t:|1746159189
|switch|p2a: Hippowdon|Hippowdon, F|28/100
|-damage|p2a: Hippowdon|21/100|[from] Stealth Rock
|-weather|Sandstorm|[from] ability: Sand Stream|[of] p2a: Hippowdon
|move|p1a: Latios|Dragon Pulse|p2a: Hippowdon
|-crit|p2a: Hippowdon
|-damage|p2a: Hippowdon|0 fnt
|faint|p2a: Hippowdon
|
|-weather|Sandstorm|[upkeep]
|-damage|p1a: Latios|49/100|[from] Sandstorm
|upkeep
|
|t:|1746159196
|switch|p2a: Alakazam|Alakazam, M|100/100
|turn|23
|
|t:|1746159212
|switch|p1a: Politoed|Politoed, M|94/100
|-damage|p1a: Politoed|82/100|[from] Stealth Rock
|-damage|p1a: Politoed|69/100|[from] Spikes
|-weather|RainDance|[from] ability: Drizzle|[of] p1a: Politoed
|move|p2a: Alakazam|Signal Beam|p1a: Politoed
|-damage|p1a: Politoed|49/100
|
|-weather|RainDance|[upkeep]
|-heal|p1a: Politoed|55/100|[from] item: Leftovers
|upkeep
|turn|24
|
|t:|1746159227
|switch|p2a: Clefable|Clefable, M|100/100 tox
|move|p1a: Politoed|Protect||[still]
|-fail|p1a: Politoed
|
|-weather|RainDance|[upkeep]
|-heal|p1a: Politoed|61/100|[from] item: Leftovers
|upkeep
|turn|25
|
|t:|1746159245
|move|p1a: Politoed|Protect|p1a: Politoed
|-singleturn|p1a: Politoed|Protect
|move|p2a: Clefable|Seismic Toss|p1a: Politoed
|-activate|p1a: Politoed|move: Protect
|
|-weather|RainDance|[upkeep]
|-heal|p1a: Politoed|67/100|[from] item: Leftovers
|upkeep
|turn|26
|inactive|ultrabeastsmeargle has 120 seconds left.
|
|t:|1746159265
|switch|p1a: Tentacruel|Tentacruel, F|97/100
|-damage|p1a: Tentacruel|84/100|[from] Stealth Rock
|-damage|p1a: Tentacruel|72/100|[from] Spikes
|move|p2a: Clefable|Seismic Toss|p1a: Tentacruel
|-damage|p1a: Tentacruel|44/100
|
|-weather|RainDance|[upkeep]
|-heal|p1a: Tentacruel|50/100|[from] ability: Rain Dish
|upkeep
|turn|27
|inactive|ultrabeastsmeargle has 120 seconds left.
|
|t:|1746159277
|switch|p2a: Jellicent|Jellicent, M|69/100 tox
|-damage|p2a: Jellicent|57/100 tox|[from] Stealth Rock
|-item|p2a: Jellicent|Air Balloon
|move|p1a: Tentacruel|Rapid Spin|p2a: Jellicent
|-immune|p2a: Jellicent
|
|-weather|RainDance|[upkeep]
|-heal|p1a: Tentacruel|56/100|[from] ability: Rain Dish
|-damage|p2a: Jellicent|51/100 tox|[from] psn
|upkeep
|turn|28
|inactive|ultrabeastsmeargle has 120 seconds left.
|
|t:|1746159287
|move|p1a: Tentacruel|Protect|p1a: Tentacruel
|-singleturn|p1a: Tentacruel|Protect
|move|p2a: Jellicent|Recover|p2a: Jellicent
|-heal|p2a: Jellicent|100/100 tox
|
|-weather|RainDance|[upkeep]
|-heal|p1a: Tentacruel|62/100|[from] ability: Rain Dish
|-damage|p2a: Jellicent|88/100 tox|[from] psn
|upkeep
|turn|29
|inactive|ultrabeastsmeargle has 120 seconds left.
|
|t:|1746159304
|switch|p1a: Politoed|Politoed, M|67/100
|-damage|p1a: Politoed|55/100|[from] Stealth Rock
|-damage|p1a: Politoed|42/100|[from] Spikes
|move|p2a: Jellicent|Night Shade|p1a: Politoed
|-damage|p1a: Politoed|16/100
|
|-weather|RainDance|[upkeep]
|-heal|p1a: Politoed|22/100|[from] item: Leftovers
|-damage|p2a: Jellicent|69/100 tox|[from] psn
|upkeep
|turn|30
|inactive|ultrabeastsmeargle has 120 seconds left.
|
|t:|1746159314
|switch|p2a: Clefable|Clefable, M|100/100 tox
|move|p1a: Politoed|Encore||[still]
|-fail|p1a: Politoed
|
|-weather|RainDance|[upkeep]
|-heal|p1a: Politoed|28/100|[from] item: Leftovers
|upkeep
|turn|31
|inactive|ultrabeastsmeargle has 120 seconds left.
|
|t:|1746159320
|move|p1a: Politoed|Scald|p2a: Clefable
|-damage|p2a: Clefable|74/100 tox
|move|p2a: Clefable|Seismic Toss|p1a: Politoed
|-damage|p1a: Politoed|2/100
|
|-weather|RainDance|[upkeep]
|-heal|p1a: Politoed|8/100|[from] item: Leftovers
|upkeep
|turn|32
|
|t:|1746159328
|move|p1a: Politoed|Scald|p2a: Clefable
|-damage|p2a: Clefable|48/100 tox
|move|p2a: Clefable|Seismic Toss|p1a: Politoed
|-damage|p1a: Politoed|0 fnt
|faint|p1a: Politoed
|
|-weather|RainDance|[upkeep]
|upkeep
|inactive|ultrabeastsmeargle has 120 seconds left.
|
|t:|1746159340
|switch|p1a: Latios|Latios, M|49/100
|-damage|p1a: Latios|37/100|[from] Stealth Rock
|turn|33
|
|t:|1746159348
|move|p1a: Latios|Dragon Pulse|p2a: Clefable
|-damage|p2a: Clefable|15/100 tox
|move|p2a: Clefable|Seismic Toss|p1a: Latios
|-damage|p1a: Latios|4/100
|
|-weather|RainDance|[upkeep]
|upkeep
|turn|34
|
|t:|1746159355
|move|p1a: Latios|Dragon Pulse|p2a: Clefable
|-damage|p2a: Clefable|0 fnt
|faint|p2a: Clefable
|
|-weather|RainDance|[upkeep]
|upkeep
|
|t:|1746159372
|switch|p2a: Alakazam|Alakazam, M|100/100
|turn|35
|
|t:|1746159375
|move|p2a: Alakazam|Signal Beam|p1a: Latios
|-supereffective|p1a: Latios
|-damage|p1a: Latios|0 fnt
|faint|p1a: Latios
|
|-weather|RainDance|[upkeep]
|upkeep
|
|t:|1746159380
|switch|p1a: Ferrothorn|Ferrothorn, M|71/100
|-damage|p1a: Ferrothorn|64/100|[from] Stealth Rock
|-damage|p1a: Ferrothorn|52/100|[from] Spikes
|turn|36
|
|t:|1746159385
|switch|p2a: Skarmory|Skarmory, M|51/100
|-damage|p2a: Skarmory|39/100|[from] Stealth Rock
|move|p1a: Ferrothorn|Knock Off|p2a: Skarmory
|-resisted|p2a: Skarmory
|-damage|p2a: Skarmory|38/100
|-damage|p1a: Ferrothorn|35/100|[from] item: Rocky Helmet|[of] p2a: Skarmory
|-enditem|p2a: Skarmory|Rocky Helmet|[from] move: Knock Off|[of] p1a: Ferrothorn
|
|-weather|RainDance|[upkeep]
|upkeep
|turn|37
|
|t:|1746159409
|move|p2a: Skarmory|Spikes|p1a: Ferrothorn
|-sidestart|p1: ultrabeastsmeargle|Spikes
|move|p1a: Ferrothorn|Spikes|p2a: Skarmory
|-sidestart|p2: Jackrg1|Spikes
|
|-weather|RainDance|[upkeep]
|upkeep
|turn|38
|
|t:|1746159415
|switch|p1a: Thundurus|Thundurus-Therian, M|63/100
|-damage|p1a: Thundurus|38/100|[from] Stealth Rock
|move|p2a: Skarmory|Spikes|p1a: Thundurus
|-sidestart|p1: ultrabeastsmeargle|Spikes
|
|-weather|RainDance|[upkeep]
|-heal|p1a: Thundurus|44/100|[from] item: Leftovers
|upkeep
|turn|39
|
|t:|1746159423
|move|p1a: Thundurus|Thunder|p2a: Skarmory
|-supereffective|p2a: Skarmory
|-damage|p2a: Skarmory|0 fnt
|faint|p2a: Skarmory
|
|-weather|RainDance|[upkeep]
|-heal|p1a: Thundurus|50/100|[from] item: Leftovers
|upkeep
|
|t:|1746159430
|switch|p2a: Alakazam|Alakazam, M|100/100
|turn|40
|
|t:|1746159436
|move|p2a: Alakazam|Hidden Power|p1a: Thundurus
|-supereffective|p1a: Thundurus
|-damage|p1a: Thundurus|0 fnt
|faint|p1a: Thundurus
|
|-weather|RainDance|[upkeep]
|upkeep
|
|t:|1746159443
|switch|p1a: Keldeo|Keldeo-Resolute|100/100
|-damage|p1a: Keldeo|94/100|[from] Stealth Rock
|-damage|p1a: Keldeo|70/100|[from] Spikes
|turn|41
|
|t:|1746159449
|move|p1a: Keldeo|Hidden Power|p2a: Alakazam
|-damage|p2a: Alakazam|61/100
|move|p2a: Alakazam|Psychic|p1a: Keldeo
|-supereffective|p1a: Keldeo
|-damage|p1a: Keldeo|0 fnt
|faint|p1a: Keldeo
|
|-weather|RainDance|[upkeep]
|upkeep
|-message|ultrabeastsmeargle forfeited.
|
|win|Jackrg1
|raw|ultrabeastsmeargle's rating: 1370 &rarr; <strong>1352</strong><br />(-18 for losing)
|raw|Jackrg1's rating: 1399 &rarr; <strong>1417</strong><br />(+18 for winning)
|l|☆ultrabeastsmeargle
|player|p1|
