|j|☆SwordIsBored
|j|☆sidis
|t:|1709914441
|gametype|singles
|player|p1|SwordIsBored|hexmaniac-gen6|1417
|player|p2|sidis|iris-gen5bw2|1279
|teamsize|p1|6
|teamsize|p2|6
|gen|5
|tier|[Gen 5] OU
|rated|
|rule|Species Clause: Limit one of each Pokémon
|rule|OHKO Clause: OHKO moves are banned
|rule|Moody Clause: Moody is banned
|rule|Evasion Items Clause: Evasion items are banned
|rule|Evasion Moves Clause: Evasion moves are banned
|rule|Endless Battle Clause: Forcing endless battles is banned
|rule|HP Percentage Mod: HP is shown in percentages
|rule|Evasion Abilities Clause: Evasion abilities are banned
|rule|Sleep Moves Clause: Sleep-inducing moves are banned
|rule|Swagger Clause: Swagger is banned
|rule|Baton Pass Stat Clause: No Baton Passer may have a way to boost its stats
|clearpoke
|poke|p1|Tyranitar, F|item
|poke|p1|Landorus-Therian, M|item
|poke|p1|Excadrill, F|item
|poke|p1|Keldeo|item
|poke|p1|Heatran, M|item
|poke|p1|Celebi|item
|poke|p2|Garchomp, F|item
|poke|p2|Starmie|item
|poke|p2|Volcarona, F|item
|poke|p2|Ferrothorn, M|item
|poke|p2|Heatran, M|item
|poke|p2|Jirachi|item
|teampreview
|inactive|Battle timer is ON: inactive players will automatically lose when time's up. (requested by sidis)
|
|t:|1709914460
|start
|switch|p1a: Heatran|Heatran, M|100/100
|switch|p2a: Ferrothorn|Ferrothorn, M|100/100
|-item|p1a: Heatran|Air Balloon
|turn|1
|
|t:|1709914483
|switch|p2a: Starmie|Starmie|100/100
|move|p1a: Heatran|Stealth Rock|p2a: Starmie
|-sidestart|p2: sidis|move: Stealth Rock
|
|upkeep
|turn|2
|
|t:|1709914489
|switch|p1a: Celebi|Celebi|100/100
|move|p2a: Starmie|Rapid Spin|p1a: Celebi
|-damage|p1a: Celebi|98/100
|-sideend|p2: sidis|Stealth Rock|[from] move: Rapid Spin|[of] p2a: Starmie
|
|-heal|p1a: Celebi|100/100|[from] item: Leftovers
|upkeep
|turn|3
|
|t:|1709914493
|switch|p2a: Ferrothorn|Ferrothorn, M|100/100
|move|p1a: Celebi|Baton Pass|p1a: Celebi
|
|t:|1709914495
|switch|p1a: Heatran|Heatran, M|100/100|[from] Baton Pass
|-item|p1a: Heatran|Air Balloon
|
|upkeep
|turn|4
|
|t:|1709914498
|switch|p2a: Starmie|Starmie|100/100
|move|p1a: Heatran|Fire Blast|p2a: Starmie
|-resisted|p2a: Starmie
|-damage|p2a: Starmie|66/100
|
|-heal|p2a: Starmie|72/100|[from] item: Leftovers
|upkeep
|turn|5
|
|t:|1709914504
|switch|p2a: Ferrothorn|Ferrothorn, M|100/100
|switch|p1a: Celebi|Celebi|100/100
|
|upkeep
|turn|6
|
|t:|1709914508
|move|p1a: Celebi|Substitute|p1a: Celebi
|-start|p1a: Celebi|Substitute
|-damage|p1a: Celebi|75/100
|move|p2a: Ferrothorn|Stealth Rock|p1a: Celebi
|-sidestart|p1: SwordIsBored|move: Stealth Rock
|
|-heal|p1a: Celebi|82/100|[from] item: Leftovers
|upkeep
|turn|7
|
|t:|1709914512
|switch|p2a: Starmie|Starmie|72/100
|move|p1a: Celebi|Baton Pass|p1a: Celebi
|
|t:|1709914518
|switch|p1a: Tyranitar|Tyranitar, F|100/100|[from] Baton Pass
|-damage|p1a: Tyranitar|88/100|[from] Stealth Rock
|-weather|Sandstorm|[from] ability: Sand Stream|[of] p1a: Tyranitar
|
|-weather|Sandstorm|[upkeep]
|-damage|p2a: Starmie|66/100|[from] Sandstorm
|-heal|p2a: Starmie|72/100|[from] item: Leftovers
|upkeep
|turn|8
|
|t:|1709914522
|move|p2a: Starmie|Scald|p1a: Tyranitar
|-supereffective|p1a: Tyranitar
|-end|p1a: Tyranitar|Substitute
|move|p1a: Tyranitar|Pursuit|p2a: Starmie
|-supereffective|p2a: Starmie
|-damage|p2a: Starmie|20/100
|
|-weather|Sandstorm|[upkeep]
|-damage|p2a: Starmie|14/100|[from] Sandstorm
|-heal|p2a: Starmie|20/100|[from] item: Leftovers
|upkeep
|turn|9
|
|t:|1709914537
|move|p2a: Starmie|Scald|p1a: Tyranitar
|-supereffective|p1a: Tyranitar
|-damage|p1a: Tyranitar|64/100
|move|p1a: Tyranitar|Pursuit|p2a: Starmie
|-supereffective|p2a: Starmie
|-damage|p2a: Starmie|0 fnt
|faint|p2a: Starmie
|
|-weather|Sandstorm|[upkeep]
|upkeep
|
|t:|1709914546
|switch|p2a: Volcarona|Volcarona, F|100/100
|turn|10
|
|t:|1709914562
|move|p2a: Volcarona|Quiver Dance|p2a: Volcarona
|-boost|p2a: Volcarona|spa|1
|-boost|p2a: Volcarona|spd|1
|-boost|p2a: Volcarona|spe|1
|move|p1a: Tyranitar|Crunch|p2a: Volcarona
|-damage|p2a: Volcarona|34/100
|
|-weather|Sandstorm|[upkeep]
|-damage|p2a: Volcarona|28/100|[from] Sandstorm
|-heal|p2a: Volcarona|34/100|[from] item: Leftovers
|upkeep
|turn|11
|
|t:|1709914568
|move|p2a: Volcarona|Bug Buzz|p1a: Tyranitar
|-supereffective|p1a: Tyranitar
|-damage|p1a: Tyranitar|0 fnt
|faint|p1a: Tyranitar
|
|-weather|Sandstorm|[upkeep]
|-damage|p2a: Volcarona|28/100|[from] Sandstorm
|-heal|p2a: Volcarona|34/100|[from] item: Leftovers
|upkeep
|inactive|SwordIsBored has 120 seconds left.
|
|t:|1709914624
|switch|p1a: Heatran|Heatran, M|100/100
|-damage|p1a: Heatran|88/100|[from] Stealth Rock
|-item|p1a: Heatran|Air Balloon
|turn|12
|
|t:|1709914626
|move|p2a: Volcarona|Bug Buzz|p1a: Heatran
|-resisted|p1a: Heatran
|-damage|p1a: Heatran|73/100
|-enditem|p1a: Heatran|Air Balloon
|move|p1a: Heatran|Fire Blast|p2a: Volcarona
|-damage|p2a: Volcarona|0 fnt
|faint|p2a: Volcarona
|
|-weather|Sandstorm|[upkeep]
|upkeep
|
|t:|1709914638
|switch|p2a: Garchomp|Garchomp, F|100/100
|turn|13
|j| BingBongDingBong
|
|t:|1709914653
|switch|p1a: Landorus|Landorus-Therian, M|100/100
|-damage|p1a: Landorus|88/100|[from] Stealth Rock
|-ability|p1a: Landorus|Intimidate|boost
|-unboost|p2a: Garchomp|atk|1
|move|p2a: Garchomp|Outrage|p1a: Landorus
|-damage|p1a: Landorus|30/100
|
|-weather|Sandstorm|[upkeep]
|-heal|p1a: Landorus|36/100|[from] item: Leftovers
|upkeep
|turn|14
|inactive|SwordIsBored has 120 seconds left.
|
|t:|1709914666
|switch|p1a: Heatran|Heatran, M|73/100
|-damage|p1a: Heatran|60/100|[from] Stealth Rock
|move|p2a: Garchomp|Outrage|p1a: Heatran|[from]lockedmove
|-resisted|p1a: Heatran
|-damage|p1a: Heatran|31/100
|
|-weather|Sandstorm|[upkeep]
|upkeep
|turn|15
|
|t:|1709914670
|move|p2a: Garchomp|Outrage|p1a: Heatran|[from]lockedmove
|-resisted|p1a: Heatran
|-damage|p1a: Heatran|0 fnt
|faint|p1a: Heatran
|-start|p2a: Garchomp|confusion|[fatigue]
|
|-weather|Sandstorm|[upkeep]
|upkeep
|
|t:|1709914674
|switch|p1a: Keldeo|Keldeo|100/100
|-damage|p1a: Keldeo|94/100|[from] Stealth Rock
|turn|16
|
|t:|1709914680
|switch|p2a: Ferrothorn|Ferrothorn, M|100/100
|move|p1a: Keldeo|Substitute|p1a: Keldeo
|-start|p1a: Keldeo|Substitute
|-damage|p1a: Keldeo|70/100
|
|-weather|Sandstorm|[upkeep]
|-damage|p1a: Keldeo|63/100|[from] Sandstorm
|upkeep
|turn|17
|
|t:|1709914684
|move|p1a: Keldeo|Calm Mind|p1a: Keldeo
|-boost|p1a: Keldeo|spa|1
|-boost|p1a: Keldeo|spd|1
|move|p2a: Ferrothorn|Power Whip|p1a: Keldeo
|-supereffective|p1a: Keldeo
|-end|p1a: Keldeo|Substitute
|
|-weather|Sandstorm|[upkeep]
|-damage|p1a: Keldeo|57/100|[from] Sandstorm
|upkeep
|turn|18
|
|t:|1709914694
|move|p1a: Keldeo|Secret Sword|p2a: Ferrothorn
|-supereffective|p2a: Ferrothorn
|-damage|p2a: Ferrothorn|11/100
|move|p2a: Ferrothorn|Power Whip|p1a: Keldeo
|-supereffective|p1a: Keldeo
|-damage|p1a: Keldeo|0 fnt
|faint|p1a: Keldeo
|
|-weather|Sandstorm|[upkeep]
|-heal|p2a: Ferrothorn|18/100|[from] item: Leftovers
|upkeep
|
|t:|1709914701
|switch|p1a: Excadrill|Excadrill, F|100/100
|-damage|p1a: Excadrill|97/100|[from] Stealth Rock
|turn|19
|
|t:|1709914704
|move|p1a: Excadrill|Earthquake|p2a: Ferrothorn
|-damage|p2a: Ferrothorn|0 fnt
|faint|p2a: Ferrothorn
|
|-weather|Sandstorm|[upkeep]
|-heal|p1a: Excadrill|100/100|[from] item: Leftovers
|upkeep
|
|t:|1709914709
|switch|p2a: Garchomp|Garchomp, F|100/100
|turn|20
|
|t:|1709914720
|switch|p1a: Landorus|Landorus-Therian, M|36/100
|-damage|p1a: Landorus|24/100|[from] Stealth Rock
|-ability|p1a: Landorus|Intimidate|boost
|-unboost|p2a: Garchomp|atk|1
|move|p2a: Garchomp|Fire Fang|p1a: Landorus
|-damage|p1a: Landorus|1/100
|
|-weather|Sandstorm|[upkeep]
|-heal|p1a: Landorus|7/100|[from] item: Leftovers
|upkeep
|turn|21
|
|t:|1709914735
|move|p2a: Garchomp|Fire Fang|p1a: Landorus
|-damage|p1a: Landorus|0 fnt
|faint|p1a: Landorus
|
|-weather|Sandstorm|[upkeep]
|upkeep
|
|t:|1709914739
|switch|p1a: Excadrill|Excadrill, F|100/100
|-damage|p1a: Excadrill|97/100|[from] Stealth Rock
|turn|22
|
|t:|1709914759
|switch|p2a: Heatran|Heatran, M|100/100
|move|p1a: Excadrill|Earthquake|p2a: Heatran
|-supereffective|p2a: Heatran
|-damage|p2a: Heatran|0 fnt
|faint|p2a: Heatran
|
|-weather|Sandstorm|[upkeep]
|-heal|p1a: Excadrill|100/100|[from] item: Leftovers
|upkeep
|
|t:|1709914763
|switch|p2a: Garchomp|Garchomp, F|100/100
|turn|23
|
|t:|1709914772
|switch|p1a: Celebi|Celebi|82/100
|-damage|p1a: Celebi|69/100|[from] Stealth Rock
|move|p2a: Garchomp|Fire Fang|p1a: Celebi
|-supereffective|p1a: Celebi
|-damage|p1a: Celebi|15/100
|
|-weather|Sandstorm|[upkeep]
|-damage|p1a: Celebi|9/100|[from] Sandstorm
|-heal|p1a: Celebi|15/100|[from] item: Leftovers
|upkeep
|turn|24
|
|t:|1709914778
|move|p2a: Garchomp|Fire Fang|p1a: Celebi
|-supereffective|p1a: Celebi
|-damage|p1a: Celebi|0 fnt
|faint|p1a: Celebi
|
|-weather|Sandstorm|[upkeep]
|upkeep
|
|t:|1709914780
|switch|p1a: Excadrill|Excadrill, F|100/100
|-damage|p1a: Excadrill|97/100|[from] Stealth Rock
|turn|25
|
|t:|1709914786
|switch|p2a: Jirachi|Jirachi|100/100
|move|p1a: Excadrill|Earthquake|p2a: Jirachi
|-supereffective|p2a: Jirachi
|-damage|p2a: Jirachi|0 fnt
|faint|p2a: Jirachi
|
|-weather|Sandstorm|[upkeep]
|-heal|p1a: Excadrill|100/100|[from] item: Leftovers
|upkeep
|
|t:|1709914790
|switch|p2a: Garchomp|Garchomp, F|100/100
|turn|26
|
|t:|1709914792
|move|p2a: Garchomp|Earthquake|p1a: Excadrill
|-supereffective|p1a: Excadrill
|-damage|p1a: Excadrill|0 fnt
|faint|p1a: Excadrill
|
|win|sidis
|raw|SwordIsBored's rating: 1417 &rarr; <strong>1389</strong><br />(-28 for losing)
|raw|sidis's rating: 1279 &rarr; <strong>1313</strong><br />(+34 for winning)
