|j|☆Bubastis
|j|☆toprung
|player|p1|Bubastis|kris-gen2|1493
|player|p2|toprung|lucas|1388
|teamsize|p1|6
|teamsize|p2|6
|gametype|singles
|gen|5
|tier|[Gen 5] OU
|rated|
|clearpoke
|poke|p1|Ninetales, M|item
|poke|p1|Darmanitan, M|item
|poke|p1|Victini|item
|poke|p1|Latios, M|item
|poke|p1|Forretress, M|item
|poke|p1|Infernape, M|item
|poke|p2|Xatu, F|item
|poke|p2|Heatran, M|item
|poke|p2|Tyranitar, M|item
|poke|p2|Keldeo|item
|poke|p2|Latios, M|item
|poke|p2|Dragonite, F|item
|rule|Species Clause: Limit one of each Pokémon
|rule|OHKO Clause: OHKO moves are banned
|rule|Moody Clause: Moody is banned
|rule|Evasion Moves Clause: Evasion moves are banned
|rule|Endless Battle Clause: Forcing endless battles is banned
|rule|HP Percentage Mod: HP is shown in percentages
|rule|Evasion Abilities Clause: Evasion abilities are banned
|rule|Baton Pass Clause: Limit one Baton Passer, can't pass Spe and other stats simultaneously
|rule|Sleep Clause: Sleep-inducing moves are banned
|rule|Swagger Clause: Swagger is banned
|teampreview
|inactive|Battle timer is ON: inactive players will automatically lose when time's up. (requested by Bubastis)
|
|start
|switch|p1a: Infernape|Infernape, M|100/100
|switch|p2a: Heatran|Heatran, M, shiny|100/100
|turn|1
|
|move|p2a: Heatran|Protect|p2a: Heatran
|-singleturn|p2a: Heatran|Protect
|move|p1a: Infernape|Close Combat|p2a: Heatran
|-activate|p2a: Heatran|move: Protect
|
|upkeep
|turn|2
|
|switch|p2a: Xatu|Xatu, F, shiny|100/100
|move|p1a: Infernape|Close Combat|p2a: Xatu
|-resisted|p2a: Xatu
|-damage|p2a: Xatu|88/100
|-unboost|p1a: Infernape|def|1
|-unboost|p1a: Infernape|spd|1
|
|-heal|p2a: Xatu|94/100|[from] item: Leftovers
|upkeep
|turn|3
|
|switch|p1a: Forretress|Forretress, M|100/100
|move|p2a: Xatu|U-turn|p1a: Forretress
|-resisted|p1a: Forretress
|-damage|p1a: Forretress|96/100
|
|switch|p2a: Heatran|Heatran, M, shiny|100/100|[from]move: U-turn
|
|-heal|p1a: Forretress|100/100|[from] item: Leftovers
|upkeep
|turn|4
|
|switch|p2a: Xatu|Xatu, F, shiny|94/100
|move|p1a: Forretress|Earthquake|p2a: Xatu
|-immune|p2a: Xatu
|
|-heal|p2a: Xatu|99/100|[from] item: Leftovers
|upkeep
|turn|5
|
|switch|p1a: Ninetales|Ninetales, M|100/100
|-weather|SunnyDay|[from] ability: Drought|[of] p1a: Ninetales
|move|p2a: Xatu|Heat Wave|p1a: Ninetales|[miss]
|-miss|p2a: Xatu|p1a: Ninetales
|
|-weather|SunnyDay|[upkeep]
|-heal|p2a: Xatu|100/100|[from] item: Leftovers
|upkeep
|turn|6
|
|switch|p2a: Heatran|Heatran, M, shiny|100/100
|move|p1a: Ninetales|Flamethrower|p2a: Heatran
|-start|p2a: Heatran|ability: Flash Fire
|
|-weather|SunnyDay|[upkeep]
|upkeep
|turn|7
|
|move|p1a: Ninetales|Hidden Power|p2a: Heatran
|-supereffective|p2a: Heatran
|-damage|p2a: Heatran|64/100
|move|p2a: Heatran|Lava Plume|p1a: Ninetales
|-resisted|p1a: Ninetales
|-damage|p1a: Ninetales|71/100
|
|-weather|SunnyDay|[upkeep]
|-heal|p1a: Ninetales|77/100|[from] item: Leftovers
|-heal|p2a: Heatran|70/100|[from] item: Leftovers
|upkeep
|turn|8
|
|switch|p1a: Forretress|Forretress, M|100/100
|move|p2a: Heatran|Protect||[still]
|-fail|p2a: Heatran
|
|-weather|SunnyDay|[upkeep]
|-heal|p2a: Heatran|77/100|[from] item: Leftovers
|upkeep
|turn|9
|
|-end|p2a: Heatran|ability: Flash Fire|[silent]
|switch|p2a: Xatu|Xatu, F, shiny|100/100
|move|p1a: Forretress|Earthquake|p2a: Xatu
|-immune|p2a: Xatu
|
|-weather|SunnyDay|[upkeep]
|upkeep
|turn|10
|
|switch|p1a: Infernape|Infernape, M|100/100
|move|p2a: Xatu|U-turn|p1a: Infernape
|-resisted|p1a: Infernape
|-damage|p1a: Infernape|96/100
|
|switch|p2a: Latios|Latios, M, shiny|100/100|[from]move: U-turn
|
|-weather|SunnyDay|[upkeep]
|upkeep
|turn|11
|
|move|p2a: Latios|Draco Meteor|p1a: Infernape
|-damage|p1a: Infernape|0 fnt
|-unboost|p2a: Latios|spa|2
|faint|p1a: Infernape
|
|-weather|SunnyDay|[upkeep]
|upkeep
|
|switch|p1a: Darmanitan|Darmanitan, M|100/100
|turn|12
|
|move|p2a: Latios|Draco Meteor|p1a: Darmanitan
|-damage|p1a: Darmanitan|46/100
|-unboost|p2a: Latios|spa|2
|move|p1a: Darmanitan|Superpower|p2a: Latios
|-resisted|p2a: Latios
|-damage|p2a: Latios|53/100
|-unboost|p1a: Darmanitan|atk|1
|-unboost|p1a: Darmanitan|def|1
|
|-weather|SunnyDay|[upkeep]
|upkeep
|turn|13
|
|switch|p2a: Xatu|Xatu, F, shiny|100/100
|switch|p1a: Victini|Victini|100/100
|
|-weather|SunnyDay|[upkeep]
|upkeep
|turn|14
|
|switch|p2a: Latios|Latios, M, shiny|53/100
|move|p1a: Victini|Bolt Strike|p2a: Latios
|-resisted|p2a: Latios
|-damage|p2a: Latios|10/100
|-status|p2a: Latios|par
|
|-weather|SunnyDay|[upkeep]
|upkeep
|turn|15
|
|move|p1a: Victini|Bolt Strike|p2a: Latios
|-resisted|p2a: Latios
|-damage|p2a: Latios|0 fnt
|faint|p2a: Latios
|
|-weather|SunnyDay|[upkeep]
|upkeep
|
|switch|p2a: Tyranitar|Tyranitar, M, shiny|100/100
|-weather|Sandstorm|[from] ability: Sand Stream|[of] p2a: Tyranitar
|turn|16
|
|-activate|p1a: Victini|move: Pursuit
|move|p2a: Tyranitar|Pursuit|p1a: Victini|[from]Pursuit
|-supereffective|p1a: Victini
|-damage|p1a: Victini|8/100
|switch|p1a: Ninetales|Ninetales, M|77/100
|-weather|SunnyDay|[from] ability: Drought|[of] p1a: Ninetales
|
|-weather|SunnyDay|[upkeep]
|-heal|p1a: Ninetales|83/100|[from] item: Leftovers
|upkeep
|turn|17
|
|switch|p2a: Heatran|Heatran, M, shiny|77/100
|move|p1a: Ninetales|Hidden Power|p2a: Heatran
|-supereffective|p2a: Heatran
|-damage|p2a: Heatran|44/100
|
|-weather|SunnyDay|[upkeep]
|-heal|p1a: Ninetales|89/100|[from] item: Leftovers
|-heal|p2a: Heatran|50/100|[from] item: Leftovers
|upkeep
|turn|18
|
|switch|p2a: Tyranitar|Tyranitar, M, shiny|100/100
|-weather|Sandstorm|[from] ability: Sand Stream|[of] p2a: Tyranitar
|move|p1a: Ninetales|Hidden Power|p2a: Tyranitar
|-supereffective|p2a: Tyranitar
|-damage|p2a: Tyranitar|86/100
|
|-weather|Sandstorm|[upkeep]
|-damage|p1a: Ninetales|83/100|[from] Sandstorm
|-heal|p1a: Ninetales|89/100|[from] item: Leftovers
|-heal|p2a: Tyranitar|92/100|[from] item: Leftovers
|upkeep
|turn|19
|
|move|p1a: Ninetales|Will-O-Wisp|p2a: Tyranitar
|-status|p2a: Tyranitar|brn
|move|p2a: Tyranitar|Earthquake|p1a: Ninetales
|-supereffective|p1a: Ninetales
|-damage|p1a: Ninetales|39/100
|
|-weather|Sandstorm|[upkeep]
|-damage|p1a: Ninetales|33/100|[from] Sandstorm
|-heal|p1a: Ninetales|39/100|[from] item: Leftovers
|-heal|p2a: Tyranitar|99/100 brn|[from] item: Leftovers
|-damage|p2a: Tyranitar|86/100 brn|[from] brn
|upkeep
|turn|20
|
|-activate|p1a: Ninetales|move: Pursuit
|move|p2a: Tyranitar|Pursuit|p1a: Ninetales|[from]Pursuit
|-damage|p1a: Ninetales|11/100
|switch|p1a: Forretress|Forretress, M|100/100
|
|-weather|Sandstorm|[upkeep]
|-heal|p2a: Tyranitar|92/100 brn|[from] item: Leftovers
|-damage|p2a: Tyranitar|80/100 brn|[from] brn
|upkeep
|turn|21
|
|switch|p2a: Xatu|Xatu, F, shiny|100/100
|switch|p1a: Ninetales|Ninetales, M|11/100
|-weather|SunnyDay|[from] ability: Drought|[of] p1a: Ninetales
|
|-weather|SunnyDay|[upkeep]
|-heal|p1a: Ninetales|17/100|[from] item: Leftovers
|upkeep
|turn|22
|
|switch|p1a: Forretress|Forretress, M|100/100
|switch|p2a: Tyranitar|Tyranitar, M, shiny|80/100 brn
|-weather|Sandstorm|[from] ability: Sand Stream|[of] p2a: Tyranitar
|
|-weather|Sandstorm|[upkeep]
|-heal|p2a: Tyranitar|86/100 brn|[from] item: Leftovers
|-damage|p2a: Tyranitar|74/100 brn|[from] brn
|upkeep
|turn|23
|
|switch|p2a: Xatu|Xatu, F, shiny|100/100
|switch|p1a: Ninetales|Ninetales, M|17/100
|-weather|SunnyDay|[from] ability: Drought|[of] p1a: Ninetales
|
|-weather|SunnyDay|[upkeep]
|-heal|p1a: Ninetales|23/100|[from] item: Leftovers
|upkeep
|turn|24
|
|switch|p1a: Forretress|Forretress, M|100/100
|switch|p2a: Tyranitar|Tyranitar, M, shiny|74/100 brn
|-weather|Sandstorm|[from] ability: Sand Stream|[of] p2a: Tyranitar
|
|-weather|Sandstorm|[upkeep]
|-heal|p2a: Tyranitar|80/100 brn|[from] item: Leftovers
|-damage|p2a: Tyranitar|68/100 brn|[from] brn
|upkeep
|turn|25
|
|switch|p2a: Xatu|Xatu, F, shiny|100/100
|switch|p1a: Ninetales|Ninetales, M|23/100
|-weather|SunnyDay|[from] ability: Drought|[of] p1a: Ninetales
|
|-weather|SunnyDay|[upkeep]
|-heal|p1a: Ninetales|29/100|[from] item: Leftovers
|upkeep
|turn|26
|
|switch|p1a: Forretress|Forretress, M|100/100
|move|p2a: Xatu|U-turn|p1a: Forretress
|-resisted|p1a: Forretress
|-damage|p1a: Forretress|96/100
|
|switch|p2a: Heatran|Heatran, M, shiny|50/100|[from]move: U-turn
|
|-weather|SunnyDay|[upkeep]
|-heal|p2a: Heatran|56/100|[from] item: Leftovers
|-heal|p1a: Forretress|100/100|[from] item: Leftovers
|upkeep
|turn|27
|
|switch|p2a: Xatu|Xatu, F, shiny|100/100
|move|p1a: Forretress|Earthquake|p2a: Xatu
|-immune|p2a: Xatu
|
|-weather|SunnyDay|[upkeep]
|upkeep
|turn|28
|
|switch|p1a: Darmanitan|Darmanitan, M|46/100
|move|p2a: Xatu|Heat Wave|p1a: Darmanitan
|-resisted|p1a: Darmanitan
|-damage|p1a: Darmanitan|18/100
|
|-weather|SunnyDay|[upkeep]
|upkeep
|turn|29
|
|move|p2a: Xatu|Protect|p2a: Xatu
|-singleturn|p2a: Xatu|Protect
|move|p1a: Darmanitan|Fire Punch|p2a: Xatu
|-activate|p2a: Xatu|move: Protect
|
|-weather|SunnyDay|[upkeep]
|upkeep
|turn|30
|
|switch|p1a: Ninetales|Ninetales, M|29/100
|switch|p2a: Dragonite|Dragonite, F, shiny|100/100
|
|-weather|SunnyDay|[upkeep]
|-heal|p1a: Ninetales|35/100|[from] item: Leftovers
|upkeep
|turn|31
|
|switch|p1a: Forretress|Forretress, M|100/100
|move|p2a: Dragonite|Fire Punch|p1a: Forretress
|-supereffective|p1a: Forretress
|-ability|p1a: Forretress|Sturdy
|-damage|p1a: Forretress|1/100
|
|-weather|SunnyDay|[upkeep]
|-heal|p1a: Forretress|7/100|[from] item: Leftovers
|upkeep
|turn|32
|-message|Bubastis forfeited.
|
|win|toprung
|l|☆Bubastis
|raw|Bubastis's rating: 1493 &rarr; <strong>1467</strong><br />(-26 for losing)
|raw|toprung's rating: 1388 &rarr; <strong>1414</strong><br />(+26 for winning)
