|j|☆Hope96
|j|☆elpresidento
|player|p1|Hope96|249|1330
|player|p2|elpresidento|bruno-gen2|1382
|teamsize|p1|6
|teamsize|p2|6
|gametype|singles
|gen|5
|tier|[Gen 5] OU
|rated|
|rule|Sleep Clause Mod: Limit one foe put to sleep
|rule|Species Clause: Limit one of each Pokémon
|rule|OHKO Clause: OHKO moves are banned
|rule|Moody Clause: Moody is banned
|rule|Evasion Moves Clause: Evasion moves are banned
|rule|Endless Battle Clause: Forcing endless battles is banned
|rule|HP Percentage Mod: HP is shown in percentages
|rule|Evasion Abilities Clause: Evasion abilities are banned
|rule|Baton Pass Clause: Limit one Baton Passer, can't pass Spe and other stats simultaneously
|rule|Swagger Clause: Swagger is banned
|clearpoke
|poke|p1|Infernape, M|item
|poke|p1|Breloom, F|item
|poke|p1|Tyranitar, M|item
|poke|p1|Dusclops, M|item
|poke|p1|Bronzong|item
|poke|p1|Reuniclus, M|item
|poke|p2|Tyranitar, M|item
|poke|p2|Latios, M|item
|poke|p2|Ferrothorn, F|item
|poke|p2|Alakazam, F|item
|poke|p2|Garchomp, F|item
|poke|p2|Rotom-Wash|item
|teampreview
|
|start
|switch|p1a: Infernape|Infernape, M|100/100
|switch|p2a: Rotom|Rotom-Wash|100/100
|turn|1
|
|move|p1a: Infernape|Fake Out|p2a: Rotom
|-damage|p2a: Rotom|91/100
|cant|p2a: Rotom|flinch
|
|-heal|p2a: Rotom|97/100|[from] item: Leftovers
|upkeep
|turn|2
|inactive|Battle timer is ON: inactive players will automatically lose when time's up. (requested by elpresidento)
|inactive|Hope96 has 120 seconds left.
|
|move|p1a: Infernape|Stealth Rock|p2a: Rotom
|-sidestart|p2: elpresidento|move: Stealth Rock
|move|p2a: Rotom|Volt Switch|p1a: Infernape
|-damage|p1a: Infernape|64/100
|
|switch|p2a: Latios|Latios, M|100/100|[from]move: Volt Switch
|-damage|p2a: Latios|88/100|[from] Stealth Rock
|
|upkeep
|turn|3
|inactive|Hope96 has 120 seconds left.
|
|switch|p1a: Tyranitar|Tyranitar, M|100/100
|-weather|Sandstorm|[from] ability: Sand Stream|[of] p1a: Tyranitar
|move|p2a: Latios|Surf|p1a: Tyranitar
|-supereffective|p1a: Tyranitar
|-damage|p1a: Tyranitar|31/100
|
|-weather|Sandstorm|[upkeep]
|-damage|p2a: Latios|82/100|[from] Sandstorm
|upkeep
|turn|4
|inactive|Hope96 has 120 seconds left.
|
|switch|p1a: Bronzong|Bronzong|100/100
|move|p2a: Latios|Surf|p1a: Bronzong
|-damage|p1a: Bronzong|56/100
|
|-weather|Sandstorm|[upkeep]
|-damage|p2a: Latios|76/100|[from] Sandstorm
|upkeep
|turn|5
|
|switch|p2a: Ferrothorn|Ferrothorn, F|100/100
|-damage|p2a: Ferrothorn|94/100|[from] Stealth Rock
|move|p1a: Bronzong|Trick Room|p1a: Bronzong
|-fieldstart|move: Trick Room|[of] p1a: Bronzong
|
|-weather|Sandstorm|[upkeep]
|-heal|p2a: Ferrothorn|100/100|[from] item: Leftovers
|upkeep
|turn|6
|
|switch|p1a: Breloom|Breloom, F|100/100
|move|p2a: Ferrothorn|Stealth Rock|p1a: Breloom
|-sidestart|p1: Hope96|move: Stealth Rock
|
|-weather|Sandstorm|[upkeep]
|-damage|p1a: Breloom|94/100|[from] Sandstorm
|-heal|p1a: Breloom|100/100|[from] item: Leftovers
|upkeep
|turn|7
|inactive|elpresidento has 120 seconds left.
|
|switch|p2a: Latios|Latios, M|76/100
|-damage|p2a: Latios|64/100|[from] Stealth Rock
|move|p1a: Breloom|Swords Dance|p1a: Breloom
|-boost|p1a: Breloom|atk|2
|
|-weather|Sandstorm|[upkeep]
|-damage|p1a: Breloom|94/100|[from] Sandstorm
|-damage|p2a: Latios|58/100|[from] Sandstorm
|-heal|p1a: Breloom|100/100|[from] item: Leftovers
|upkeep
|turn|8
|
|switch|p2a: Tyranitar|Tyranitar, M|100/100
|-damage|p2a: Tyranitar|88/100|[from] Stealth Rock
|move|p1a: Breloom|Spore|p2a: Tyranitar
|-status|p2a: Tyranitar|slp|[from] move: Spore
|
|-weather|Sandstorm|[upkeep]
|-damage|p1a: Breloom|94/100|[from] Sandstorm
|-heal|p1a: Breloom|100/100|[from] item: Leftovers
|upkeep
|turn|9
|
|move|p1a: Breloom|Swords Dance|p1a: Breloom
|-boost|p1a: Breloom|atk|2
|cant|p2a: Tyranitar|slp
|
|-weather|Sandstorm|[upkeep]
|-damage|p1a: Breloom|94/100|[from] Sandstorm
|-heal|p1a: Breloom|100/100|[from] item: Leftovers
|-fieldend|move: Trick Room
|upkeep
|turn|10
|
|move|p1a: Breloom|Mach Punch|p2a: Tyranitar
|-supereffective|p2a: Tyranitar
|-enditem|p2a: Tyranitar|Chople Berry|[eat]
|-enditem|p2a: Tyranitar|Chople Berry|[weaken]
|-damage|p2a: Tyranitar|0 fnt
|faint|p2a: Tyranitar
|
|-weather|Sandstorm|[upkeep]
|-damage|p1a: Breloom|94/100|[from] Sandstorm
|-heal|p1a: Breloom|100/100|[from] item: Leftovers
|upkeep
|
|switch|p2a: Alakazam|Alakazam, F|100/100
|turn|11
|
|move|p1a: Breloom|Mach Punch|p2a: Alakazam
|-resisted|p2a: Alakazam
|-enditem|p2a: Alakazam|Focus Sash
|-damage|p2a: Alakazam|1/100
|move|p2a: Alakazam|Psychic|p1a: Breloom
|-supereffective|p1a: Breloom
|-damage|p1a: Breloom|0 fnt
|faint|p1a: Breloom
|
|-weather|Sandstorm|[upkeep]
|upkeep
|
|switch|p1a: Bronzong|Bronzong|56/100
|-damage|p1a: Bronzong|50/100|[from] Stealth Rock
|turn|12
|inactive|elpresidento has 120 seconds left.
|
|switch|p2a: Rotom|Rotom-Wash|97/100
|-damage|p2a: Rotom|84/100|[from] Stealth Rock
|move|p1a: Bronzong|Trick Room|p1a: Bronzong
|-fieldstart|move: Trick Room|[of] p1a: Bronzong
|
|-weather|Sandstorm|[upkeep]
|-damage|p2a: Rotom|78/100|[from] Sandstorm
|-heal|p2a: Rotom|84/100|[from] item: Leftovers
|upkeep
|turn|13
|
|move|p1a: Bronzong|Explosion|p2a: Rotom
|-damage|p2a: Rotom|1/100
|faint|p1a: Bronzong
|move|p2a: Rotom|Volt Switch|p1: Bronzong|[notarget]
|-fail|p2a: Rotom
|
|-weather|Sandstorm|[upkeep]
|-damage|p2a: Rotom|0 fnt|[from] Sandstorm
|faint|p2a: Rotom
|upkeep
|
|switch|p1a: Tyranitar|Tyranitar, M|31/100
|switch|p2a: Garchomp|Garchomp, F|100/100
|-damage|p1a: Tyranitar|19/100|[from] Stealth Rock
|-damage|p2a: Garchomp|94/100|[from] Stealth Rock
|turn|14
|
|move|p1a: Tyranitar|Ice Beam|p2a: Garchomp
|-supereffective|p2a: Garchomp
|-damage|p2a: Garchomp|0 fnt
|faint|p2a: Garchomp
|
|-weather|Sandstorm|[upkeep]
|upkeep
|
|switch|p2a: Ferrothorn|Ferrothorn, F|100/100
|-damage|p2a: Ferrothorn|94/100|[from] Stealth Rock
|turn|15
|
|move|p2a: Ferrothorn|Power Whip|p1a: Tyranitar
|-supereffective|p1a: Tyranitar
|-crit|p1a: Tyranitar
|-damage|p1a: Tyranitar|0 fnt
|faint|p1a: Tyranitar
|
|-weather|Sandstorm|[upkeep]
|-heal|p2a: Ferrothorn|100/100|[from] item: Leftovers
|upkeep
|inactive|Hope96 has 120 seconds left.
|
|switch|p1a: Dusclops|Dusclops, M|100/100
|-damage|p1a: Dusclops|88/100|[from] Stealth Rock
|-ability|p1a: Dusclops|Pressure
|turn|16
|
|move|p1a: Dusclops|Will-O-Wisp|p2a: Ferrothorn|[miss]
|-miss|p1a: Dusclops|p2a: Ferrothorn
|move|p2a: Ferrothorn|Power Whip|p1a: Dusclops
|-damage|p1a: Dusclops|62/100
|
|-weather|Sandstorm|[upkeep]
|-damage|p1a: Dusclops|56/100|[from] Sandstorm
|-fieldend|move: Trick Room
|upkeep
|turn|17
|
|switch|p2a: Alakazam|Alakazam, F|1/100
|move|p1a: Dusclops|Trick Room|p1a: Dusclops
|-fieldstart|move: Trick Room|[of] p1a: Dusclops
|
|-weather|Sandstorm|[upkeep]
|-damage|p1a: Dusclops|50/100|[from] Sandstorm
|upkeep
|turn|18
|
|switch|p2a: Ferrothorn|Ferrothorn, F|100/100
|-damage|p2a: Ferrothorn|94/100|[from] Stealth Rock
|move|p1a: Dusclops|Night Shade|p2a: Ferrothorn
|-damage|p2a: Ferrothorn|66/100
|
|-weather|Sandstorm|[upkeep]
|-damage|p1a: Dusclops|44/100|[from] Sandstorm
|-heal|p2a: Ferrothorn|72/100|[from] item: Leftovers
|upkeep
|turn|19
|
|move|p1a: Dusclops|Will-O-Wisp|p2a: Ferrothorn
|-status|p2a: Ferrothorn|brn
|move|p2a: Ferrothorn|Power Whip|p1a: Dusclops
|-damage|p1a: Dusclops|32/100
|
|-weather|Sandstorm|[upkeep]
|-damage|p1a: Dusclops|26/100|[from] Sandstorm
|-heal|p2a: Ferrothorn|78/100 brn|[from] item: Leftovers
|-damage|p2a: Ferrothorn|66/100 brn|[from] brn
|upkeep
|turn|20
|
|move|p1a: Dusclops|Pain Split|p2a: Ferrothorn
|-sethp|p2a: Ferrothorn|43/100 brn|[from] move: Pain Split|[silent]
|-sethp|p1a: Dusclops|54/100|[from] move: Pain Split
|move|p2a: Ferrothorn|Spikes|p1a: Dusclops
|-sidestart|p1: Hope96|Spikes
|
|-weather|Sandstorm|[upkeep]
|-damage|p1a: Dusclops|48/100|[from] Sandstorm
|-heal|p2a: Ferrothorn|50/100 brn|[from] item: Leftovers
|-damage|p2a: Ferrothorn|37/100 brn|[from] brn
|upkeep
|turn|21
|
|switch|p2a: Alakazam|Alakazam, F|1/100
|move|p1a: Dusclops|Night Shade|p2a: Alakazam
|-damage|p2a: Alakazam|0 fnt
|faint|p2a: Alakazam
|
|-weather|Sandstorm|[upkeep]
|-damage|p1a: Dusclops|42/100|[from] Sandstorm
|-fieldend|move: Trick Room
|upkeep
|
|switch|p2a: Latios|Latios, M|58/100
|-damage|p2a: Latios|46/100|[from] Stealth Rock
|turn|22
|
|move|p2a: Latios|Dragon Pulse|p1a: Dusclops
|-damage|p1a: Dusclops|9/100
|move|p1a: Dusclops|Trick Room|p1a: Dusclops
|-fieldstart|move: Trick Room|[of] p1a: Dusclops
|
|-weather|Sandstorm|[upkeep]
|-damage|p1a: Dusclops|3/100|[from] Sandstorm
|-damage|p2a: Latios|40/100|[from] Sandstorm
|upkeep
|turn|23
|
|move|p1a: Dusclops|Night Shade|p2a: Latios
|-damage|p2a: Latios|6/100
|move|p2a: Latios|Dragon Pulse|p1a: Dusclops
|-damage|p1a: Dusclops|0 fnt
|faint|p1a: Dusclops
|
|-weather|Sandstorm|[upkeep]
|-damage|p2a: Latios|0 fnt|[from] Sandstorm
|faint|p2a: Latios
|upkeep
|-message|elpresidento forfeited.
|
|win|Hope96
|l|☆elpresidento
|raw|Hope96's rating: 1330 &rarr; <strong>1353</strong><br />(+23 for winning)
|raw|elpresidento's rating: 1383 &rarr; <strong>1360</strong><br />(-23 for losing)
|l|☆Hope96
|j|☆Hope96
|player|p1|Hope96|249
|l|☆Hope96
|player|p1|
|j|☆Hope96
|player|p1|Hope96|249
