|j|☆porrompompom
|j|‽BPDrg
|player|p1|porrompompom|102
|player|p2|BPDrg|1
|teamsize|p1|6
|teamsize|p2|6
|gametype|singles
|gen|5
|tier|[Gen 5] OU
|rated|
|rule|Sleep Clause Mod: Limit one foe put to sleep
|rule|Species Clause: Limit one of each Pokémon
|rule|OHKO Clause: OHKO moves are banned
|rule|Moody Clause: Moody is banned
|rule|Evasion Moves Clause: Evasion moves are banned
|rule|Endless Battle Clause: Forcing endless battles is banned
|rule|HP Percentage Mod: HP is shown in percentages
|rule|Evasion Abilities Clause: Evasion abilities are banned
|rule|Baton Pass Clause: Limit one Baton Passer, can't pass Spe and other stats simultaneously
|rule|Swagger Clause: Swagger is banned
|clearpoke
|poke|p1|Slowbro, M|item
|poke|p1|Sableye, F|item
|poke|p1|Chansey, F|item
|poke|p1|Abomasnow, M|item
|poke|p1|Forretress, M|item
|poke|p1|Gliscor, M|item
|poke|p2|Ninetales, F|item
|poke|p2|Gliscor, M|item
|poke|p2|Salamence, M|item
|poke|p2|Jirachi|item
|poke|p2|Tentacruel, M|item
|poke|p2|Volcarona, F|item
|teampreview
|
|start
|switch|p1a: Chansey|Chansey, F|100/100
|switch|p2a: Jirachi|Jirachi|100/100
|turn|1
|
|move|p2a: Jirachi|Stealth Rock|p1a: Chansey
|-sidestart|p1: porrompompom|move: Stealth Rock
|move|p1a: Chansey|Stealth Rock|p2a: Jirachi
|-sidestart|p2: BPDrg|move: Stealth Rock
|
|upkeep
|turn|2
|
|switch|p1a: Slowbro|Slowbro, M|100/100
|-damage|p1a: Slowbro|88/100|[from] Stealth Rock
|move|p2a: Jirachi|U-turn|p1a: Slowbro
|-supereffective|p1a: Slowbro
|-damage|p1a: Slowbro|69/100
|
|switch|p2a: Tentacruel|Tentacruel, M|100/100|[from]move: U-turn
|-damage|p2a: Tentacruel|88/100|[from] Stealth Rock
|
|-heal|p2a: Tentacruel|94/100|[from] item: Black Sludge
|-heal|p1a: Slowbro|75/100|[from] item: Leftovers
|upkeep
|turn|3
|
|switch|p1a: Sableye|Sableye, F|100/100
|-damage|p1a: Sableye|88/100|[from] Stealth Rock
|move|p2a: Tentacruel|Toxic Spikes|p1a: Sableye
|-sidestart|p1: porrompompom|move: Toxic Spikes
|
|-heal|p2a: Tentacruel|99/100|[from] item: Black Sludge
|-heal|p1a: Sableye|94/100|[from] item: Leftovers
|upkeep
|turn|4
|
|move|p2a: Tentacruel|Protect|p2a: Tentacruel
|-singleturn|p2a: Tentacruel|Protect
|move|p1a: Sableye|Knock Off|p2a: Tentacruel
|-activate|p2a: Tentacruel|move: Protect
|
|-heal|p2a: Tentacruel|100/100|[from] item: Black Sludge
|-heal|p1a: Sableye|99/100|[from] item: Leftovers
|upkeep
|turn|5
|
|move|p2a: Tentacruel|Toxic Spikes|p1a: Sableye
|-sidestart|p1: porrompompom|move: Toxic Spikes
|move|p1a: Sableye|Knock Off|p2a: Tentacruel
|-damage|p2a: Tentacruel|94/100
|-enditem|p2a: Tentacruel|Black Sludge|[from] move: Knock Off|[of] p1a: Sableye
|
|-heal|p1a: Sableye|100/100|[from] item: Leftovers
|upkeep
|turn|6
|
|move|p2a: Tentacruel|Scald|p1a: Sableye
|-damage|p1a: Sableye|77/100
|-status|p1a: Sableye|brn
|move|p1a: Sableye|Knock Off|p2a: Tentacruel
|-damage|p2a: Tentacruel|91/100
|
|-heal|p1a: Sableye|83/100 brn|[from] item: Leftovers
|-damage|p1a: Sableye|70/100 brn|[from] brn
|upkeep
|turn|7
|
|move|p1a: Sableye|Will-O-Wisp|p2a: Tentacruel
|-status|p2a: Tentacruel|brn
|move|p2a: Tentacruel|Scald|p1a: Sableye
|-damage|p1a: Sableye|47/100 brn
|
|-heal|p1a: Sableye|53/100 brn|[from] item: Leftovers
|-damage|p2a: Tentacruel|79/100 brn|[from] brn
|-damage|p1a: Sableye|40/100 brn|[from] brn
|upkeep
|turn|8
|
|switch|p2a: Gliscor|Gliscor, M|100/100
|-damage|p2a: Gliscor|88/100|[from] Stealth Rock
|move|p1a: Sableye|Knock Off|p2a: Gliscor
|-damage|p2a: Gliscor|86/100
|-enditem|p2a: Gliscor|Toxic Orb|[from] move: Knock Off|[of] p1a: Sableye
|
|-heal|p1a: Sableye|46/100 brn|[from] item: Leftovers
|-damage|p1a: Sableye|34/100 brn|[from] brn
|upkeep
|turn|9
|
|move|p1a: Sableye|Recover|p1a: Sableye
|-heal|p1a: Sableye|84/100 brn
|move|p2a: Gliscor|Baton Pass|p2a: Gliscor
|
|switch|p2a: Ninetales|Ninetales, F|100/100|[from]move: Baton Pass
|-damage|p2a: Ninetales|76/100|[from] Stealth Rock
|-weather|SunnyDay|[from] ability: Drought|[of] p2a: Ninetales
|
|-weather|SunnyDay|[upkeep]
|-heal|p2a: Ninetales|82/100|[from] item: Leftovers
|-heal|p1a: Sableye|90/100 brn|[from] item: Leftovers
|-damage|p1a: Sableye|78/100 brn|[from] brn
|upkeep
|turn|10
|
|move|p2a: Ninetales|Flamethrower|p1a: Sableye
|-damage|p1a: Sableye|33/100 brn
|move|p1a: Sableye|Knock Off|p2a: Ninetales
|-damage|p2a: Ninetales|79/100
|-enditem|p2a: Ninetales|Leftovers|[from] move: Knock Off|[of] p1a: Sableye
|
|-weather|SunnyDay|[upkeep]
|-heal|p1a: Sableye|38/100 brn|[from] item: Leftovers
|-damage|p1a: Sableye|26/100 brn|[from] brn
|upkeep
|turn|11
|
|switch|p1a: Chansey|Chansey, F|100/100
|-damage|p1a: Chansey|88/100|[from] Stealth Rock
|-status|p1a: Chansey|tox
|move|p2a: Ninetales|Flamethrower|p1a: Chansey
|-damage|p1a: Chansey|76/100 tox
|
|-weather|SunnyDay|[upkeep]
|-damage|p1a: Chansey|70/100 tox|[from] psn
|upkeep
|turn|12
|
|move|p2a: Ninetales|Flamethrower|p1a: Chansey
|-damage|p1a: Chansey|58/100 tox
|move|p1a: Chansey|Soft-Boiled|p1a: Chansey
|-heal|p1a: Chansey|100/100 tox
|
|-weather|SunnyDay|[upkeep]
|-damage|p1a: Chansey|88/100 tox|[from] psn
|upkeep
|turn|13
|
|move|p2a: Ninetales|Will-O-Wisp||[still]
|-fail|p2a: Ninetales
|move|p1a: Chansey|Toxic|p2a: Ninetales
|-status|p2a: Ninetales|tox
|
|-weather|SunnyDay|[upkeep]
|-damage|p2a: Ninetales|73/100 tox|[from] psn
|-damage|p1a: Chansey|69/100 tox|[from] psn
|upkeep
|turn|14
|
|move|p2a: Ninetales|Will-O-Wisp|p1a: Chansey|[miss]
|-miss|p2a: Ninetales|p1a: Chansey
|move|p1a: Chansey|Soft-Boiled|p1a: Chansey
|-heal|p1a: Chansey|100/100 tox
|
|-weather|SunnyDay|[upkeep]
|-damage|p2a: Ninetales|61/100 tox|[from] psn
|-damage|p1a: Chansey|76/100 tox|[from] psn
|upkeep
|turn|15
|j| Hooligan SWIIC
|
|switch|p1a: Sableye|Sableye, F|26/100 brn
|-damage|p1a: Sableye|14/100 brn|[from] Stealth Rock
|move|p2a: Ninetales|Flamethrower|p1a: Sableye
|-damage|p1a: Sableye|0 fnt
|faint|p1a: Sableye
|
|-weather|SunnyDay|[upkeep]
|-damage|p2a: Ninetales|43/100 tox|[from] psn
|upkeep
|
|switch|p1a: Chansey|Chansey, F|76/100
|-damage|p1a: Chansey|63/100|[from] Stealth Rock
|-status|p1a: Chansey|tox
|turn|16
|
|switch|p2a: Tentacruel|Tentacruel, M|79/100 brn
|-damage|p2a: Tentacruel|66/100 brn|[from] Stealth Rock
|move|p1a: Chansey|Soft-Boiled|p1a: Chansey
|-heal|p1a: Chansey|100/100 tox
|
|-weather|SunnyDay|[upkeep]
|-damage|p2a: Tentacruel|54/100 brn|[from] brn
|-damage|p1a: Chansey|94/100 tox|[from] psn
|upkeep
|turn|17
|inactive|Battle timer is ON: inactive players will automatically lose when time's up. (requested by porrompompom)
|
|switch|p2a: Ninetales|Ninetales, F|43/100 tox
|-damage|p2a: Ninetales|18/100 tox|[from] Stealth Rock
|-curestatus|p1a: Chansey|tox|[from] ability: Natural Cure
|switch|p1a: Forretress|Forretress, M|100/100
|-damage|p1a: Forretress|88/100|[from] Stealth Rock
|
|-weather|SunnyDay|[upkeep]
|-heal|p1a: Forretress|94/100|[from] item: Leftovers
|-damage|p2a: Ninetales|12/100 tox|[from] psn
|upkeep
|turn|18
|
|switch|p1a: Chansey|Chansey, F|94/100
|-status|p1a: Chansey|tox
|-damage|p1a: Chansey|82/100 tox|[from] Stealth Rock
|move|p2a: Ninetales|Flamethrower|p1a: Chansey
|-damage|p1a: Chansey|71/100 tox
|
|-weather|SunnyDay|[upkeep]
|-damage|p2a: Ninetales|0 fnt|[from] psn
|faint|p2a: Ninetales
|-damage|p1a: Chansey|65/100 tox|[from] psn
|upkeep
|
|switch|p2a: Volcarona|Volcarona, F|100/100
|-damage|p2a: Volcarona|51/100|[from] Stealth Rock
|turn|19
|
|move|p2a: Volcarona|Quiver Dance|p2a: Volcarona
|-boost|p2a: Volcarona|spa|1
|-boost|p2a: Volcarona|spd|1
|-boost|p2a: Volcarona|spe|1
|move|p1a: Chansey|Toxic|p2a: Volcarona
|-status|p2a: Volcarona|tox
|-enditem|p2a: Volcarona|Lum Berry|[eat]
|-curestatus|p2a: Volcarona|tox|[msg]
|
|-weather|SunnyDay|[upkeep]
|-damage|p1a: Chansey|52/100 tox|[from] psn
|upkeep
|turn|20
|
|move|p2a: Volcarona|Fiery Dance|p1a: Chansey
|-damage|p1a: Chansey|24/100 tox
|move|p1a: Chansey|Soft-Boiled|p1a: Chansey
|-heal|p1a: Chansey|74/100 tox
|
|-weather|SunnyDay|[upkeep]
|-damage|p1a: Chansey|56/100 tox|[from] psn
|upkeep
|turn|21
|
|move|p2a: Volcarona|Fiery Dance|p1a: Chansey
|-damage|p1a: Chansey|27/100 tox
|-boost|p2a: Volcarona|spa|1
|move|p1a: Chansey|Toxic|p2a: Volcarona
|-status|p2a: Volcarona|tox
|
|-weather|SunnyDay|[upkeep]
|-damage|p2a: Volcarona|45/100 tox|[from] psn
|-damage|p1a: Chansey|3/100 tox|[from] psn
|upkeep
|turn|22
|
|move|p2a: Volcarona|Bug Buzz|p1a: Chansey
|-damage|p1a: Chansey|0 fnt
|faint|p1a: Chansey
|
|-weather|SunnyDay|[upkeep]
|-damage|p2a: Volcarona|32/100 tox|[from] psn
|upkeep
|
|switch|p1a: Abomasnow|Abomasnow, M|100/100
|-status|p1a: Abomasnow|tox
|-damage|p1a: Abomasnow|76/100 tox|[from] Stealth Rock
|-weather|Hail|[from] ability: Snow Warning|[of] p1a: Abomasnow
|turn|23
|
|move|p1a: Abomasnow|Ice Shard|p2a: Volcarona
|-resisted|p2a: Volcarona
|-damage|p2a: Volcarona|14/100 tox
|move|p2a: Volcarona|Fiery Dance|p1a: Abomasnow
|-supereffective|p1a: Abomasnow
|-damage|p1a: Abomasnow|0 fnt
|-boost|p2a: Volcarona|spa|1
|faint|p1a: Abomasnow
|
|-weather|Hail|[upkeep]
|-damage|p2a: Volcarona|8/100 tox|[from] Hail
|-damage|p2a: Volcarona|0 fnt|[from] psn
|faint|p2a: Volcarona
|upkeep
|
|switch|p2a: Tentacruel|Tentacruel, M|54/100 brn
|switch|p1a: Gliscor|Gliscor, M|100/100
|-damage|p2a: Tentacruel|42/100 brn|[from] Stealth Rock
|-damage|p1a: Gliscor|88/100|[from] Stealth Rock
|turn|24
|
|switch|p1a: Forretress|Forretress, M|94/100
|-damage|p1a: Forretress|82/100|[from] Stealth Rock
|move|p2a: Tentacruel|Rapid Spin|p1a: Forretress
|-resisted|p1a: Forretress
|-damage|p1a: Forretress|82/100
|-sideend|p2: BPDrg|Stealth Rock|[from] move: Rapid Spin|[of] p2a: Tentacruel
|
|-weather|Hail|[upkeep]
|-damage|p2a: Tentacruel|35/100 brn|[from] Hail
|-heal|p1a: Forretress|88/100|[from] item: Leftovers
|-damage|p2a: Tentacruel|23/100 brn|[from] brn
|upkeep
|turn|25
|
|move|p2a: Tentacruel|Scald|p1a: Forretress
|-damage|p1a: Forretress|67/100
|move|p1a: Forretress|Rapid Spin|p2a: Tentacruel
|-damage|p2a: Tentacruel|19/100 brn
|-sideend|p1: porrompompom|Toxic Spikes|[from] move: Rapid Spin|[of] p1a: Forretress
|-sideend|p1: porrompompom|Stealth Rock|[from] move: Rapid Spin|[of] p1a: Forretress
|
|-weather|Hail|[upkeep]
|-damage|p2a: Tentacruel|13/100 brn|[from] Hail
|-heal|p1a: Forretress|74/100|[from] item: Leftovers
|-damage|p2a: Tentacruel|1/100 brn|[from] brn
|upkeep
|turn|26
|
|move|p2a: Tentacruel|Toxic Spikes|p1a: Forretress
|-sidestart|p1: porrompompom|move: Toxic Spikes
|move|p1a: Forretress|Rapid Spin|p2a: Tentacruel
|-damage|p2a: Tentacruel|0 fnt
|-sideend|p1: porrompompom|Toxic Spikes|[from] move: Rapid Spin|[of] p1a: Forretress
|faint|p2a: Tentacruel
|
|-weather|Hail|[upkeep]
|-heal|p1a: Forretress|80/100|[from] item: Leftovers
|upkeep
|
|switch|p2a: Gliscor|Gliscor, M|86/100
|turn|27
|
|switch|p1a: Slowbro|Slowbro, M|100/100
|move|p2a: Gliscor|Substitute|p2a: Gliscor
|-start|p2a: Gliscor|Substitute
|-damage|p2a: Gliscor|61/100
|
|-weather|Hail|[upkeep]
|-damage|p2a: Gliscor|55/100|[from] Hail
|-damage|p1a: Slowbro|94/100|[from] Hail
|-heal|p1a: Slowbro|100/100|[from] item: Leftovers
|upkeep
|turn|28
|
|move|p2a: Gliscor|Earthquake|p1a: Slowbro
|-damage|p1a: Slowbro|80/100
|move|p1a: Slowbro|Scald|p2a: Gliscor
|-supereffective|p2a: Gliscor
|-end|p2a: Gliscor|Substitute
|
|-weather|Hail|[upkeep]
|-damage|p2a: Gliscor|49/100|[from] Hail
|-damage|p1a: Slowbro|74/100|[from] Hail
|-heal|p1a: Slowbro|80/100|[from] item: Leftovers
|upkeep
|turn|29
|
|move|p2a: Gliscor|Taunt|p1a: Slowbro
|-start|p1a: Slowbro|move: Taunt
|cant|p1a: Slowbro|move: Taunt|Slack Off
|
|-weather|Hail|[upkeep]
|-damage|p2a: Gliscor|42/100|[from] Hail
|-damage|p1a: Slowbro|74/100|[from] Hail
|-heal|p1a: Slowbro|80/100|[from] item: Leftovers
|upkeep
|turn|30
|
|move|p2a: Gliscor|Earthquake|p1a: Slowbro
|-crit|p1a: Slowbro
|-damage|p1a: Slowbro|37/100
|move|p1a: Slowbro|Scald|p2a: Gliscor
|-supereffective|p2a: Gliscor
|-damage|p2a: Gliscor|0 fnt
|faint|p2a: Gliscor
|
|-weather|Hail|[upkeep]
|-damage|p1a: Slowbro|31/100|[from] Hail
|-heal|p1a: Slowbro|37/100|[from] item: Leftovers
|upkeep
|c|☆porrompompom|boom
|
|switch|p2a: Salamence|Salamence, M|100/100
|turn|31
|
|switch|p1a: Gliscor|Gliscor, M|88/100
|move|p2a: Salamence|Dragon Dance|p2a: Salamence
|-boost|p2a: Salamence|atk|1
|-boost|p2a: Salamence|spe|1
|
|-weather|Hail|[upkeep]
|-damage|p2a: Salamence|94/100|[from] Hail
|-damage|p1a: Gliscor|82/100|[from] Hail
|-status|p1a: Gliscor|tox|[from] item: Toxic Orb
|upkeep
|turn|32
|
|move|p2a: Salamence|Dragon Claw|p1a: Gliscor
|-damage|p1a: Gliscor|38/100 tox
|move|p1a: Gliscor|Toxic|p2a: Salamence
|-status|p2a: Salamence|tox
|-enditem|p2a: Salamence|Lum Berry|[eat]
|-curestatus|p2a: Salamence|tox|[msg]
|
|-weather|Hail|[upkeep]
|-damage|p2a: Salamence|88/100|[from] Hail
|-damage|p1a: Gliscor|32/100 tox|[from] Hail
|-heal|p1a: Gliscor|45/100 tox|[from] ability: Poison Heal
|upkeep
|turn|33
|c| Hooligan SWIIC|crit might matter
|c| Hooligan SWIIC|tbh
|
|move|p2a: Salamence|Dragon Dance|p2a: Salamence
|-boost|p2a: Salamence|atk|1
|-boost|p2a: Salamence|spe|1
|move|p1a: Gliscor|Roost|p1a: Gliscor
|-heal|p1a: Gliscor|95/100 tox
|-singleturn|p1a: Gliscor|move: Roost
|
|-weather|Hail|[upkeep]
|-damage|p2a: Salamence|82/100|[from] Hail
|-damage|p1a: Gliscor|89/100 tox|[from] Hail
|-heal|p1a: Gliscor|100/100 tox|[from] ability: Poison Heal
|upkeep
|turn|34
|
|move|p2a: Salamence|Dragon Claw|p1a: Gliscor
|-damage|p1a: Gliscor|43/100 tox
|move|p1a: Gliscor|Toxic|p2a: Salamence
|-status|p2a: Salamence|tox
|
|-weather|Hail|[upkeep]
|-damage|p2a: Salamence|76/100 tox|[from] Hail
|-damage|p1a: Gliscor|37/100 tox|[from] Hail
|-damage|p2a: Salamence|70/100 tox|[from] psn
|-heal|p1a: Gliscor|49/100 tox|[from] ability: Poison Heal
|upkeep
|turn|35
|
|switch|p1a: Slowbro|Slowbro, M|70/100
|move|p2a: Salamence|Dragon Claw|p1a: Slowbro
|-damage|p1a: Slowbro|22/100
|
|-weather|Hail|[upkeep]
|-damage|p2a: Salamence|64/100 tox|[from] Hail
|-damage|p1a: Slowbro|16/100|[from] Hail
|-heal|p1a: Slowbro|22/100|[from] item: Leftovers
|-damage|p2a: Salamence|52/100 tox|[from] psn
|upkeep
|turn|36
|
|switch|p1a: Forretress|Forretress, M|80/100
|move|p2a: Salamence|Fire Blast|p1a: Forretress
|-supereffective|p1a: Forretress
|-damage|p1a: Forretress|0 fnt
|faint|p1a: Forretress
|-ability|p2a: Salamence|Moxie|boost
|-boost|p2a: Salamence|atk|1
|
|-weather|Hail|[upkeep]
|-damage|p2a: Salamence|46/100 tox|[from] Hail
|-damage|p2a: Salamence|28/100 tox|[from] psn
|upkeep
|
|switch|p1a: Slowbro|Slowbro, M|55/100
|turn|37
|
|switch|p1a: Gliscor|Gliscor, M|49/100 tox
|move|p2a: Salamence|Dragon Claw|p1a: Gliscor
|-damage|p1a: Gliscor|0 fnt
|faint|p1a: Gliscor
|-ability|p2a: Salamence|Moxie|boost
|-boost|p2a: Salamence|atk|1
|
|-weather|Hail|[upkeep]
|-damage|p2a: Salamence|22/100 tox|[from] Hail
|-damage|p2a: Salamence|0 fnt|[from] psn
|faint|p2a: Salamence
|upkeep
|
|switch|p2a: Jirachi|Jirachi|100/100
|switch|p1a: Slowbro|Slowbro, M|89/100
|turn|38
|
|move|p2a: Jirachi|Iron Head|p1a: Slowbro
|-resisted|p1a: Slowbro
|-damage|p1a: Slowbro|81/100
|cant|p1a: Slowbro|flinch
|
|-weather|Hail|[upkeep]
|-damage|p2a: Jirachi|94/100|[from] Hail
|-damage|p1a: Slowbro|75/100|[from] Hail
|-heal|p1a: Slowbro|81/100|[from] item: Leftovers
|upkeep
|turn|39
|
|move|p2a: Jirachi|Iron Head|p1a: Slowbro
|-resisted|p1a: Slowbro
|-damage|p1a: Slowbro|73/100
|cant|p1a: Slowbro|flinch
|
|-weather|Hail|[upkeep]
|-damage|p2a: Jirachi|88/100|[from] Hail
|-damage|p1a: Slowbro|67/100|[from] Hail
|-heal|p1a: Slowbro|73/100|[from] item: Leftovers
|upkeep
|turn|40
|
|move|p2a: Jirachi|Iron Head|p1a: Slowbro
|-resisted|p1a: Slowbro
|-damage|p1a: Slowbro|65/100
|cant|p1a: Slowbro|flinch
|
|-weather|Hail|[upkeep]
|-damage|p2a: Jirachi|82/100|[from] Hail
|-damage|p1a: Slowbro|59/100|[from] Hail
|-heal|p1a: Slowbro|65/100|[from] item: Leftovers
|upkeep
|turn|41
|
|move|p2a: Jirachi|Iron Head|p1a: Slowbro
|-resisted|p1a: Slowbro
|-damage|p1a: Slowbro|57/100
|move|p1a: Slowbro|Slack Off|p1a: Slowbro
|-heal|p1a: Slowbro|100/100
|
|-weather|Hail|[upkeep]
|-damage|p2a: Jirachi|76/100|[from] Hail
|-damage|p1a: Slowbro|94/100|[from] Hail
|-heal|p1a: Slowbro|100/100|[from] item: Leftovers
|upkeep
|turn|42
|
|move|p2a: Jirachi|U-turn|p1a: Slowbro
|-supereffective|p1a: Slowbro
|-damage|p1a: Slowbro|82/100
|move|p1a: Slowbro|Slack Off|p1a: Slowbro
|-heal|p1a: Slowbro|100/100
|
|-weather|Hail|[upkeep]
|-damage|p2a: Jirachi|70/100|[from] Hail
|-damage|p1a: Slowbro|94/100|[from] Hail
|-heal|p1a: Slowbro|100/100|[from] item: Leftovers
|upkeep
|turn|43
|-message|BPDrg forfeited.
|
|win|porrompompom
|l|‽BPDrg
|raw|porrompompom's rating: 1405 &rarr; <strong>1421</strong><br />(+16 for winning)
|raw|BPDrg's rating: 1331 &rarr; <strong>1315</strong><br />(-16 for losing)
