|j|☆Darkortex
|j|☆Amy2603
|player|p1|Darkortex|hilbert-dueldisk|1363
|player|p2|Amy2603|170|1295
|teamsize|p1|6
|teamsize|p2|6
|gametype|singles
|gen|5
|tier|[Gen 5] OU
|rated|
|clearpoke
|poke|p1|Garchomp, M|item
|poke|p1|Dragonite, M|item
|poke|p1|Magnezone|item
|poke|p1|Latios, M|item
|poke|p1|Scizor, M|item
|poke|p1|Starmie|item
|poke|p2|Latias, F|item
|poke|p2|Ninetales, F|item
|poke|p2|Forretress, M|item
|poke|p2|Volcarona, F|item
|poke|p2|Terrakion|item
|poke|p2|Espeon, F|item
|rule|Species Clause: Limit one of each Pokémon
|rule|OHKO Clause: OHKO moves are banned
|rule|Moody Clause: Moody is banned
|rule|Evasion Moves Clause: Evasion moves are banned
|rule|Endless Battle Clause: Forcing endless battles is banned
|rule|HP Percentage Mod: HP is shown in percentages
|rule|Evasion Abilities Clause: Evasion abilities are banned
|rule|Baton Pass Clause: Limit one Baton Passer, can't pass Spe and other stats simultaneously
|rule|Sleep Clause: Sleep-inducing moves are banned
|rule|Swagger Clause: Swagger is banned
|teampreview
|
|start
|switch|p1a: Garchomp|Garchomp, M|100/100
|switch|p2a: Ninetales|Ninetales, F|100/100
|-weather|SunnyDay|[from] ability: Drought|[of] p2a: Ninetales
|turn|1
|inactive|Battle timer is ON: inactive players will automatically lose when time's up. (requested by Darkortex)
|
|switch|p2a: Forretress|Forretress, M|100/100
|move|p1a: Garchomp|Stealth Rock|p2a: Forretress
|-sidestart|p2: Amy2603|move: Stealth Rock
|
|-weather|SunnyDay|[upkeep]
|upkeep
|turn|2
|
|move|p1a: Garchomp|Swords Dance|p1a: Garchomp
|-boost|p1a: Garchomp|atk|2
|move|p2a: Forretress|Stealth Rock|p1a: Garchomp
|-sidestart|p1: Darkortex|move: Stealth Rock
|
|-weather|SunnyDay|[upkeep]
|upkeep
|turn|3
|
|move|p1a: Garchomp|Earthquake|p2a: Forretress
|-damage|p2a: Forretress|41/100
|move|p2a: Forretress|Rapid Spin|p1a: Garchomp
|-damage|p1a: Garchomp|96/100
|-damage|p2a: Forretress|28/100|[from] ability: Rough Skin|[of] p1a: Garchomp
|-sideend|p2: Amy2603|Stealth Rock|[from] move: Rapid Spin|[of] p2a: Forretress
|
|-weather|SunnyDay|[upkeep]
|-heal|p2a: Forretress|35/100|[from] item: Leftovers
|upkeep
|turn|4
|
|switch|p2a: Latias|Latias, F|100/100
|move|p1a: Garchomp|Stealth Rock|p2a: Latias
|-sidestart|p2: Amy2603|move: Stealth Rock
|
|-weather|SunnyDay|[upkeep]
|upkeep
|turn|5
|
|switch|p1a: Scizor|Scizor, M|100/100
|-damage|p1a: Scizor|88/100|[from] Stealth Rock
|move|p2a: Latias|Dragon Pulse|p1a: Scizor
|-resisted|p1a: Scizor
|-damage|p1a: Scizor|70/100
|
|-weather|SunnyDay|[upkeep]
|upkeep
|turn|6
|
|move|p2a: Latias|Hidden Power|p1a: Scizor
|-supereffective|p1a: Scizor
|-damage|p1a: Scizor|0 fnt
|faint|p1a: Scizor
|
|-weather|SunnyDay|[upkeep]
|upkeep
|
|switch|p1a: Starmie|Starmie|100/100
|-damage|p1a: Starmie|88/100|[from] Stealth Rock
|turn|7
|
|switch|p2a: Espeon|Espeon, F|100/100
|-damage|p2a: Espeon|88/100|[from] Stealth Rock
|move|p1a: Starmie|Rapid Spin|p2a: Espeon
|-damage|p2a: Espeon|84/100
|-sideend|p1: Darkortex|Stealth Rock|[from] move: Rapid Spin|[of] p1a: Starmie
|
|-weather|SunnyDay|[upkeep]
|upkeep
|turn|8
|
|move|p1a: Starmie|Ice Beam|p2a: Espeon
|-damage|p2a: Espeon|52/100
|move|p2a: Espeon|Light Screen|p2a: Espeon
|-sidestart|p2: Amy2603|move: Light Screen
|
|-weather|SunnyDay|[upkeep]
|upkeep
|turn|9
|
|switch|p1a: Garchomp|Garchomp, M|96/100
|move|p2a: Espeon|Reflect|p2a: Espeon
|-sidestart|p2: Amy2603|Reflect
|
|-weather|SunnyDay|[upkeep]
|upkeep
|turn|10
|
|move|p2a: Espeon|Baton Pass|p2a: Espeon
|
|switch|p2a: Forretress|Forretress, M|35/100|[from]move: Baton Pass
|-damage|p2a: Forretress|22/100|[from] Stealth Rock
|move|p1a: Garchomp|Outrage|p2a: Forretress
|-resisted|p2a: Forretress
|-damage|p2a: Forretress|14/100
|
|-weather|SunnyDay|[upkeep]
|-heal|p2a: Forretress|20/100|[from] item: Leftovers
|upkeep
|turn|11
|
|move|p1a: Garchomp|Outrage|p2a: Forretress|[from]lockedmove
|-resisted|p2a: Forretress
|-damage|p2a: Forretress|12/100
|-start|p1a: Garchomp|confusion|[fatigue]
|move|p2a: Forretress|Stealth Rock|p1a: Garchomp
|-sidestart|p1: Darkortex|move: Stealth Rock
|
|-weather|SunnyDay|[upkeep]
|-heal|p2a: Forretress|19/100|[from] item: Leftovers
|upkeep
|turn|12
|
|-activate|p1a: Garchomp|confusion
|-damage|p1a: Garchomp|81/100|[from] confusion
|move|p2a: Forretress|Rapid Spin|p1a: Garchomp
|-damage|p1a: Garchomp|77/100
|-damage|p2a: Forretress|6/100|[from] ability: Rough Skin|[of] p1a: Garchomp
|-sideend|p2: Amy2603|Stealth Rock|[from] move: Rapid Spin|[of] p2a: Forretress
|
|-weather|SunnyDay|[upkeep]
|-heal|p2a: Forretress|12/100|[from] item: Leftovers
|upkeep
|turn|13
|
|switch|p2a: Latias|Latias, F|100/100
|-activate|p1a: Garchomp|confusion
|move|p1a: Garchomp|Stealth Rock|p2a: Latias
|-sidestart|p2: Amy2603|move: Stealth Rock
|
|-weather|SunnyDay|[upkeep]
|upkeep
|turn|14
|
|move|p2a: Latias|Dragon Pulse|p1a: Garchomp
|-supereffective|p1a: Garchomp
|-damage|p1a: Garchomp|8/100
|-activate|p1a: Garchomp|confusion
|-damage|p1a: Garchomp|0 fnt|[from] confusion
|faint|p1a: Garchomp
|
|-weather|SunnyDay|[upkeep]
|upkeep
|
|switch|p1a: Latios|Latios, M|100/100
|-damage|p1a: Latios|88/100|[from] Stealth Rock
|turn|15
|
|switch|p2a: Forretress|Forretress, M|12/100
|-damage|p2a: Forretress|0 fnt|[from] Stealth Rock
|faint|p2a: Forretress
|move|p1a: Latios|Draco Meteor|p2: Forretress|[notarget]
|-fail|p1a: Latios
|
|-weather|SunnyDay|[upkeep]
|-sideend|p2: Amy2603|move: Light Screen
|upkeep
|
|switch|p2a: Espeon|Espeon, F|52/100
|-damage|p2a: Espeon|40/100|[from] Stealth Rock
|turn|16
|
|move|p1a: Latios|Draco Meteor|p2a: Espeon|[miss]
|-miss|p1a: Latios|p2a: Espeon
|move|p2a: Espeon|Light Screen|p2a: Espeon
|-sidestart|p2: Amy2603|move: Light Screen
|
|-weather|SunnyDay|[upkeep]
|-sideend|p2: Amy2603|Reflect
|upkeep
|turn|17
|
|move|p1a: Latios|Draco Meteor|p2a: Espeon|[miss]
|-miss|p1a: Latios|p2a: Espeon
|move|p2a: Espeon|Reflect|p2a: Espeon
|-sidestart|p2: Amy2603|Reflect
|
|-weather|SunnyDay|[upkeep]
|upkeep
|turn|18
|
|move|p1a: Latios|Draco Meteor|p2a: Espeon
|-damage|p2a: Espeon|4/100
|-unboost|p1a: Latios|spa|2
|move|p2a: Espeon|Baton Pass|p2a: Espeon
|
|switch|p2a: Latias|Latias, F|100/100|[from]move: Baton Pass
|-damage|p2a: Latias|88/100|[from] Stealth Rock
|
|-weather|SunnyDay|[upkeep]
|-heal|p2a: Latias|94/100|[from] item: Leftovers
|upkeep
|turn|19
|
|switch|p1a: Starmie|Starmie|88/100
|-damage|p1a: Starmie|76/100|[from] Stealth Rock
|move|p2a: Latias|Calm Mind|p2a: Latias
|-boost|p2a: Latias|spa|1
|-boost|p2a: Latias|spd|1
|
|-weather|SunnyDay|[upkeep]
|-heal|p2a: Latias|99/100|[from] item: Leftovers
|upkeep
|turn|20
|
|move|p1a: Starmie|Ice Beam|p2a: Latias
|-supereffective|p2a: Latias
|-damage|p2a: Latias|84/100
|move|p2a: Latias|Calm Mind|p2a: Latias
|-boost|p2a: Latias|spa|1
|-boost|p2a: Latias|spd|1
|
|-weather|SunnyDay|[upkeep]
|-heal|p2a: Latias|90/100|[from] item: Leftovers
|upkeep
|turn|21
|
|switch|p1a: Latios|Latios, M|88/100
|-damage|p1a: Latios|76/100|[from] Stealth Rock
|move|p2a: Latias|Dragon Pulse|p1a: Latios
|-supereffective|p1a: Latios
|-damage|p1a: Latios|0 fnt
|faint|p1a: Latios
|
|-weather|SunnyDay|[upkeep]
|-heal|p2a: Latias|96/100|[from] item: Leftovers
|upkeep
|
|switch|p1a: Magnezone|Magnezone|100/100
|-damage|p1a: Magnezone|94/100|[from] Stealth Rock
|turn|22
|
|move|p2a: Latias|Hidden Power|p1a: Magnezone
|-supereffective|p1a: Magnezone
|-crit|p1a: Magnezone
|-damage|p1a: Magnezone|0 fnt
|faint|p1a: Magnezone
|
|-weather|SunnyDay|[upkeep]
|-heal|p2a: Latias|100/100|[from] item: Leftovers
|upkeep
|
|switch|p1a: Dragonite|Dragonite, M|100/100
|-damage|p1a: Dragonite|76/100|[from] Stealth Rock
|turn|23
|
|move|p2a: Latias|Dragon Pulse|p1a: Dragonite
|-supereffective|p1a: Dragonite
|-damage|p1a: Dragonite|0 fnt
|faint|p1a: Dragonite
|
|-weather|SunnyDay|[upkeep]
|-sideend|p2: Amy2603|move: Light Screen
|upkeep
|
|switch|p1a: Starmie|Starmie|76/100
|-damage|p1a: Starmie|64/100|[from] Stealth Rock
|turn|24
|
|move|p1a: Starmie|Ice Beam|p2a: Latias
|-supereffective|p2a: Latias
|-damage|p2a: Latias|75/100
|move|p2a: Latias|Dragon Pulse|p1a: Starmie
|-damage|p1a: Starmie|0 fnt
|faint|p1a: Starmie
|
|win|Amy2603
|l|☆Darkortex
|raw|Darkortex's rating: 1369 &rarr; <strong>1345</strong><br />(-24 for losing)
|raw|Amy2603's rating: 1295 &rarr; <strong>1326</strong><br />(+31 for winning)
