|j|☆Fouge
|j|☆Spiritmonger
|player|p1|Fouge|224
|player|p2|Spiritmonger|101
|teamsize|p1|6
|teamsize|p2|6
|gametype|singles
|gen|5
|tier|[Gen 5] OU
|rated|
|rule|Sleep Clause Mod: Limit one foe put to sleep
|rule|Species Clause: Limit one of each Pokémon
|rule|OHKO Clause: OHKO moves are banned
|rule|Moody Clause: Moody is banned
|rule|Evasion Moves Clause: Evasion moves are banned
|rule|Endless Battle Clause: Forcing endless battles is banned
|rule|HP Percentage Mod: HP is shown in percentages
|rule|Evasion Abilities Clause: Evasion abilities are banned
|rule|Baton Pass Clause: Limit one Baton Passer, can't pass Spe and other stats simultaneously
|rule|Swagger Clause: Swagger is banned
|clearpoke
|poke|p1|Tyranitar, M|item
|poke|p1|Excadrill, M|item
|poke|p1|Keldeo|item
|poke|p1|Amoonguss, M|item
|poke|p1|Landorus-Therian, M|item
|poke|p1|Salamence, M|item
|poke|p2|Politoed, F|item
|poke|p2|Jirachi|item
|poke|p2|Landorus-Therian, M|item
|poke|p2|Thundurus-Therian, M|item
|poke|p2|Ferrothorn, F|item
|poke|p2|Keldeo|item
|teampreview
|inactive|Battle timer is ON: inactive players will automatically lose when time's up. (requested by Spiritmonger)
|
|start
|switch|p1a: Salamence|Salamence, M|100/100
|switch|p2a: Landorus|Landorus-Therian, M|100/100
|-ability|p2a: Landorus|Intimidate|boost
|-unboost|p1a: Salamence|atk|1
|-ability|p1a: Salamence|Intimidate|boost
|-unboost|p2a: Landorus|atk|1
|turn|1
|
|move|p2a: Landorus|U-turn|p1a: Salamence
|-resisted|p1a: Salamence
|-damage|p1a: Salamence|89/100
|
|switch|p2a: 坚果哑铃|Ferrothorn, F|100/100
|move|p1a: Salamence|Draco Meteor|p2a: 坚果哑铃
|-resisted|p2a: 坚果哑铃
|-damage|p2a: 坚果哑铃|67/100
|-unboost|p1a: Salamence|spa|2
|
|-heal|p2a: 坚果哑铃|74/100|[from] item: Leftovers
|upkeep
|turn|2
|
|switch|p1a: Amoonguss|Amoonguss, M|100/100
|move|p2a: 坚果哑铃|Spikes|p1a: Amoonguss
|-sidestart|p1: Fouge|Spikes
|
|-heal|p2a: 坚果哑铃|80/100|[from] item: Leftovers
|upkeep
|turn|3
|
|move|p1a: Amoonguss|Spore|p2a: 坚果哑铃
|-status|p2a: 坚果哑铃|slp
|cant|p2a: 坚果哑铃|slp
|
|-heal|p2a: 坚果哑铃|86/100 slp|[from] item: Leftovers
|upkeep
|turn|4
|
|switch|p1a: Salamence|Salamence, M|89/100
|-ability|p1a: Salamence|Intimidate|boost
|-unboost|p2a: 坚果哑铃|atk|1
|switch|p2a: Thundurus|Thundurus-Therian, M|100/100
|
|upkeep
|turn|5
|
|move|p2a: Thundurus|Hidden Power|p1a: Salamence
|-supereffective|p1a: Salamence
|-damage|p1a: Salamence|0 fnt
|faint|p1a: Salamence
|
|upkeep
|
|switch|p1a: Tyranitar|Tyranitar, M|100/100
|-damage|p1a: Tyranitar|88/100|[from] Spikes
|-weather|Sandstorm|[from] ability: Sand Stream|[of] p1a: Tyranitar
|turn|6
|
|move|p2a: Thundurus|Focus Blast|p1a: Tyranitar|[miss]
|-miss|p2a: Thundurus|p1a: Tyranitar
|move|p1a: Tyranitar|Pursuit|p2a: Thundurus
|-damage|p2a: Thundurus|67/100
|
|-weather|Sandstorm|[upkeep]
|-damage|p2a: Thundurus|61/100|[from] Sandstorm
|-heal|p2a: Thundurus|67/100|[from] item: Leftovers
|upkeep
|turn|7
|
|switch|p2a: 牛蛙君|Politoed, F|100/100
|-weather|RainDance|[from] ability: Drizzle|[of] p2a: 牛蛙君
|move|p1a: Tyranitar|Crunch|p2a: 牛蛙君
|-damage|p2a: 牛蛙君|44/100
|
|-weather|RainDance|[upkeep]
|upkeep
|turn|8
|
|switch|p1a: Amoonguss|Amoonguss, M|100/100
|-damage|p1a: Amoonguss|88/100|[from] Spikes
|move|p2a: 牛蛙君|Ice Beam|p1a: Amoonguss
|-supereffective|p1a: Amoonguss
|-damage|p1a: Amoonguss|34/100
|
|-weather|RainDance|[upkeep]
|upkeep
|turn|9
|
|switch|p2a: Landorus|Landorus-Therian, M|100/100
|-ability|p2a: Landorus|Intimidate|boost
|-unboost|p1a: Amoonguss|atk|1
|switch|p1a: Tyranitar|Tyranitar, M|88/100
|-damage|p1a: Tyranitar|76/100|[from] Spikes
|-weather|Sandstorm|[from] ability: Sand Stream|[of] p1a: Tyranitar
|
|-weather|Sandstorm|[upkeep]
|upkeep
|turn|10
|
|switch|p1a: Landorus|Landorus-Therian, M|100/100
|-ability|p1a: Landorus|Intimidate|boost
|-unboost|p2a: Landorus|atk|1
|move|p2a: Landorus|Stealth Rock|p1a: Landorus
|-sidestart|p1: Fouge|move: Stealth Rock
|
|-weather|Sandstorm|[upkeep]
|upkeep
|turn|11
|
|switch|p2a: Thundurus|Thundurus-Therian, M|67/100
|move|p1a: Landorus|Hidden Power|p2a: Thundurus
|-supereffective|p2a: Thundurus
|-damage|p2a: Thundurus|23/100
|
|-weather|Sandstorm|[upkeep]
|-damage|p2a: Thundurus|17/100|[from] Sandstorm
|-heal|p2a: Thundurus|23/100|[from] item: Leftovers
|upkeep
|turn|12
|
|switch|p1a: Keldeo|Keldeo|100/100
|-damage|p1a: Keldeo|94/100|[from] Stealth Rock
|-damage|p1a: Keldeo|82/100|[from] Spikes
|move|p2a: Thundurus|Focus Blast|p1a: Keldeo
|-damage|p1a: Keldeo|28/100
|
|-weather|Sandstorm|[upkeep]
|-damage|p1a: Keldeo|22/100|[from] Sandstorm
|-damage|p2a: Thundurus|17/100|[from] Sandstorm
|-heal|p2a: Thundurus|23/100|[from] item: Leftovers
|upkeep
|turn|13
|
|switch|p2a: Keldeo|Keldeo|100/100
|move|p1a: Keldeo|Secret Sword|p2a: Keldeo
|-damage|p2a: Keldeo|46/100
|
|-weather|Sandstorm|[upkeep]
|-damage|p1a: Keldeo|16/100|[from] Sandstorm
|-damage|p2a: Keldeo|40/100|[from] Sandstorm
|-heal|p2a: Keldeo|46/100|[from] item: Leftovers
|upkeep
|turn|14
|
|switch|p2a: Landorus|Landorus-Therian, M|100/100
|-ability|p2a: Landorus|Intimidate|boost
|-unboost|p1a: Keldeo|atk|1
|move|p1a: Keldeo|Secret Sword|p2a: Landorus
|-resisted|p2a: Landorus
|-damage|p2a: Landorus|75/100
|
|-weather|Sandstorm|[upkeep]
|-damage|p1a: Keldeo|10/100|[from] Sandstorm
|upkeep
|turn|15
|
|move|p1a: Keldeo|Secret Sword|p2a: Landorus
|-resisted|p2a: Landorus
|-damage|p2a: Landorus|47/100
|move|p2a: Landorus|U-turn|p1a: Keldeo
|-resisted|p1a: Keldeo
|-damage|p1a: Keldeo|0 fnt
|faint|p1a: Keldeo
|
|switch|p2a: 牛蛙君|Politoed, F|44/100
|-weather|RainDance|[from] ability: Drizzle|[of] p2a: 牛蛙君
|
|-weather|RainDance|[upkeep]
|upkeep
|
|switch|p1a: Excadrill|Excadrill, M|100/100
|-damage|p1a: Excadrill|88/100|[from] Spikes
|-damage|p1a: Excadrill|85/100|[from] Stealth Rock
|turn|16
|
|switch|p2a: Landorus|Landorus-Therian, M|47/100
|-ability|p2a: Landorus|Intimidate|boost
|-unboost|p1a: Excadrill|atk|1
|move|p1a: Excadrill|Rapid Spin|p2a: Landorus
|-damage|p2a: Landorus|41/100
|-sideend|p1: Fouge|Spikes|[from] move: Rapid Spin|[of] p1a: Excadrill
|-sideend|p1: Fouge|Stealth Rock|[from] move: Rapid Spin|[of] p1a: Excadrill
|
|-weather|RainDance|[upkeep]
|upkeep
|turn|17
|
|switch|p1a: Landorus|Landorus-Therian, M|100/100
|-ability|p1a: Landorus|Intimidate|boost
|-unboost|p2a: Landorus|atk|1
|move|p2a: Landorus|U-turn|p1a: Landorus
|-resisted|p1a: Landorus
|-crit|p1a: Landorus
|-damage|p1a: Landorus|73/100
|
|switch|p2a: 基拉祈|Jirachi|100/100
|
|-weather|RainDance|[upkeep]
|upkeep
|turn|18
|
|switch|p2a: Thundurus|Thundurus-Therian, M|23/100
|move|p1a: Landorus|Earthquake|p2a: Thundurus
|-immune|p2a: Thundurus
|
|-weather|RainDance|[upkeep]
|-heal|p2a: Thundurus|29/100|[from] item: Leftovers
|upkeep
|turn|19
|
|move|p2a: Thundurus|Agility|p2a: Thundurus
|-boost|p2a: Thundurus|spe|2
|move|p1a: Landorus|Hidden Power|p2a: Thundurus
|-supereffective|p2a: Thundurus
|-damage|p2a: Thundurus|0 fnt
|faint|p2a: Thundurus
|
|-weather|RainDance|[upkeep]
|upkeep
|
|switch|p2a: Keldeo|Keldeo|46/100
|turn|20
|
|switch|p1a: Amoonguss|Amoonguss, M|67/100
|move|p2a: Keldeo|Icy Wind|p1a: Amoonguss
|-supereffective|p1a: Amoonguss
|-damage|p1a: Amoonguss|40/100
|-unboost|p1a: Amoonguss|spe|1
|
|-weather|RainDance|[upkeep]
|-heal|p2a: Keldeo|53/100|[from] item: Leftovers
|upkeep
|turn|21
|
|switch|p1a: Tyranitar|Tyranitar, M|76/100
|-weather|Sandstorm|[from] ability: Sand Stream|[of] p1a: Tyranitar
|move|p2a: Keldeo|Calm Mind|p2a: Keldeo
|-boost|p2a: Keldeo|spa|1
|-boost|p2a: Keldeo|spd|1
|
|-weather|Sandstorm|[upkeep]
|-damage|p2a: Keldeo|46/100|[from] Sandstorm
|-heal|p2a: Keldeo|53/100|[from] item: Leftovers
|upkeep
|turn|22
|
|switch|p1a: Amoonguss|Amoonguss, M|73/100
|move|p2a: Keldeo|Secret Sword|p1a: Amoonguss
|-resisted|p1a: Amoonguss
|-damage|p1a: Amoonguss|38/100
|
|-weather|Sandstorm|[upkeep]
|-damage|p2a: Keldeo|46/100|[from] Sandstorm
|-damage|p1a: Amoonguss|32/100|[from] Sandstorm
|-heal|p2a: Keldeo|53/100|[from] item: Leftovers
|upkeep
|turn|23
|inactive|Fouge has 120 seconds left.
|
|switch|p1a: Tyranitar|Tyranitar, M|76/100
|move|p2a: Keldeo|Secret Sword|p1a: Tyranitar
|-supereffective|p1a: Tyranitar
|-enditem|p1a: Tyranitar|Chople Berry|[eat]
|-enditem|p1a: Tyranitar|Chople Berry|[weaken]
|-damage|p1a: Tyranitar|0 fnt
|faint|p1a: Tyranitar
|
|-weather|Sandstorm|[upkeep]
|-damage|p2a: Keldeo|46/100|[from] Sandstorm
|-heal|p2a: Keldeo|53/100|[from] item: Leftovers
|upkeep
|
|switch|p1a: Excadrill|Excadrill, M|85/100
|turn|24
|
|switch|p1a: Landorus|Landorus-Therian, M|73/100
|-ability|p1a: Landorus|Intimidate|boost
|-unboost|p2a: Keldeo|atk|1
|switch|p2a: 牛蛙君|Politoed, F|44/100
|-weather|RainDance|[from] ability: Drizzle|[of] p2a: 牛蛙君
|
|-weather|RainDance|[upkeep]
|upkeep
|turn|25
|
|move|p1a: Landorus|Earthquake|p2a: 牛蛙君
|-damage|p2a: 牛蛙君|0 fnt
|faint|p2a: 牛蛙君
|
|-weather|RainDance|[upkeep]
|upkeep
|
|switch|p2a: Keldeo|Keldeo|53/100
|turn|26
|
|switch|p1a: Amoonguss|Amoonguss, M|65/100
|move|p2a: Keldeo|Icy Wind|p1a: Amoonguss
|-supereffective|p1a: Amoonguss
|-damage|p1a: Amoonguss|39/100
|-unboost|p1a: Amoonguss|spe|1
|
|-weather|RainDance|[upkeep]
|-heal|p2a: Keldeo|59/100|[from] item: Leftovers
|upkeep
|turn|27
|
|move|p2a: Keldeo|Calm Mind|p2a: Keldeo
|-boost|p2a: Keldeo|spa|1
|-boost|p2a: Keldeo|spd|1
|move|p1a: Amoonguss|Giga Drain|p2a: Keldeo
|-supereffective|p2a: Keldeo
|-damage|p2a: Keldeo|22/100
|-heal|p1a: Amoonguss|53/100|[from] drain|[of] p2a: Keldeo
|
|-weather|RainDance|[upkeep]
|-heal|p2a: Keldeo|28/100|[from] item: Leftovers
|upkeep
|turn|28
|
|switch|p2a: 基拉祈|Jirachi|100/100
|move|p1a: Amoonguss|Giga Drain|p2a: 基拉祈
|-resisted|p2a: 基拉祈
|-damage|p2a: 基拉祈|90/100
|-heal|p1a: Amoonguss|58/100|[from] drain|[of] p2a: 基拉祈
|
|-weather|RainDance|[upkeep]
|-heal|p2a: 基拉祈|96/100|[from] item: Leftovers
|upkeep
|turn|29
|
|switch|p1a: Landorus|Landorus-Therian, M|73/100
|-ability|p1a: Landorus|Intimidate|boost
|-unboost|p2a: 基拉祈|atk|1
|move|p2a: 基拉祈|Substitute|p2a: 基拉祈
|-start|p2a: 基拉祈|Substitute
|-damage|p2a: 基拉祈|71/100
|
|-weather|RainDance|[upkeep]
|-heal|p2a: 基拉祈|77/100|[from] item: Leftovers
|upkeep
|turn|30
|
|move|p2a: 基拉祈|Water Pulse|p1a: Landorus
|-supereffective|p1a: Landorus
|-damage|p1a: Landorus|12/100
|-start|p1a: Landorus|confusion
|-activate|p1a: Landorus|confusion
|-damage|p1a: Landorus|0 fnt|[from] confusion
|faint|p1a: Landorus
|
|-weather|RainDance|[upkeep]
|-heal|p2a: 基拉祈|84/100|[from] item: Leftovers
|upkeep
|c|☆Spiritmonger|gg
|
|switch|p1a: Excadrill|Excadrill, M|85/100
|turn|31
|
|move|p1a: Excadrill|Earthquake|p2a: 基拉祈
|-supereffective|p2a: 基拉祈
|-end|p2a: 基拉祈|Substitute
|move|p2a: 基拉祈|Water Pulse|p1a: Excadrill
|-supereffective|p1a: Excadrill
|-damage|p1a: Excadrill|31/100
|
|-weather|RainDance|[upkeep]
|-heal|p2a: 基拉祈|90/100|[from] item: Leftovers
|upkeep
|turn|32
|
|switch|p1a: Amoonguss|Amoonguss, M|91/100
|switch|p2a: Landorus|Landorus-Therian, M|41/100
|-ability|p2a: Landorus|Intimidate|boost
|-unboost|p1a: Amoonguss|atk|1
|
|-weather|RainDance|[upkeep]
|upkeep
|turn|33
|
|move|p2a: Landorus|U-turn|p1a: Amoonguss
|-damage|p1a: Amoonguss|64/100
|
|switch|p2a: 基拉祈|Jirachi|90/100
|move|p1a: Amoonguss|Stun Spore|p2a: 基拉祈
|-status|p2a: 基拉祈|par
|
|-weather|RainDance|[upkeep]
|-heal|p2a: 基拉祈|96/100 par|[from] item: Leftovers
|upkeep
|turn|34
|
|move|p1a: Amoonguss|Giga Drain|p2a: 基拉祈
|-resisted|p2a: 基拉祈
|-damage|p2a: 基拉祈|87/100 par
|-heal|p1a: Amoonguss|68/100|[from] drain|[of] p2a: 基拉祈
|move|p2a: 基拉祈|Substitute|p2a: 基拉祈
|-start|p2a: 基拉祈|Substitute
|-damage|p2a: 基拉祈|62/100 par
|
|-weather|RainDance|[upkeep]
|-heal|p2a: 基拉祈|68/100 par|[from] item: Leftovers
|upkeep
|turn|35
|
|move|p1a: Amoonguss|Giga Drain|p2a: 基拉祈
|-resisted|p2a: 基拉祈
|-activate|p2a: 基拉祈|Substitute|[damage]
|-heal|p1a: Amoonguss|73/100|[from] drain|[of] p2a: 基拉祈
|move|p2a: 基拉祈|Calm Mind|p2a: 基拉祈
|-boost|p2a: 基拉祈|spa|1
|-boost|p2a: 基拉祈|spd|1
|
|-weather|RainDance|[upkeep]
|-heal|p2a: 基拉祈|74/100 par|[from] item: Leftovers
|upkeep
|turn|36
|
|move|p1a: Amoonguss|Clear Smog|p2a: 基拉祈
|-immune|p2a: 基拉祈
|move|p2a: 基拉祈|Calm Mind|p2a: 基拉祈
|-boost|p2a: 基拉祈|spa|1
|-boost|p2a: 基拉祈|spd|1
|
|-weather|RainDance|[upkeep]
|-heal|p2a: 基拉祈|80/100 par|[from] item: Leftovers
|upkeep
|turn|37
|-message|Fouge forfeited.
|
|win|Spiritmonger
|l|☆Fouge
|raw|Fouge's rating: 1486 &rarr; <strong>1457</strong><br />(-29 for losing)
|raw|Spiritmonger's rating: 1318 &rarr; <strong>1347</strong><br />(+29 for winning)
