|j|☆BWR Momentum city
|j|‽RoadTo10kBWGames
|t:|1720364603
|gametype|singles
|player|p1|BWR Momentum city|hilbert|1333
|player|p2|RoadTo10kBWGames|169|1432
|teamsize|p1|6
|teamsize|p2|6
|gen|5
|tier|[Gen 5] OU
|rated|
|rule|Species Clause: Limit one of each Pokémon
|rule|OHKO Clause: OHKO moves are banned
|rule|Moody Clause: Moody is banned
|rule|Evasion Items Clause: Evasion items are banned
|rule|Evasion Moves Clause: Evasion moves are banned
|rule|Endless Battle Clause: Forcing endless battles is banned
|rule|HP Percentage Mod: HP is shown in percentages
|rule|Evasion Abilities Clause: Evasion abilities are banned
|rule|Sleep Moves Clause: Sleep-inducing moves are banned
|rule|Swagger Clause: Swagger is banned
|rule|Baton Pass Stat Clause: No Baton Passer may have a way to boost its stats
|clearpoke
|poke|p1|Abomasnow, F|item
|poke|p1|Gliscor, F|item
|poke|p1|Forretress, M|item
|poke|p1|Blissey, F|item
|poke|p1|Latios, M|item
|poke|p1|Reuniclus, F|item
|poke|p2|Gliscor, M|item
|poke|p2|Jellicent, M|item
|poke|p2|Forretress, M|item
|poke|p2|Reuniclus, M|item
|poke|p2|Blissey, F|item
|poke|p2|Tyranitar, M|item
|teampreview
|c|☆BWR Momentum city|goat
|
|t:|1720364631
|start
|switch|p1a: Abomasnow|Abomasnow, F|100/100
|switch|p2a: Blissey|Blissey, F|100/100
|-weather|Hail|[from] ability: Snow Warning|[of] p1a: Abomasnow
|turn|1
|
|t:|1720364639
|switch|p1a: Forretress|Forretress, M|100/100
|move|p2a: Blissey|Stealth Rock|p1a: Forretress
|-sidestart|p1: BWR Momentum city|move: Stealth Rock
|
|-weather|Hail|[upkeep]
|-damage|p2a: Blissey|94/100|[from] Hail
|-heal|p2a: Blissey|100/100|[from] item: Leftovers
|upkeep
|turn|2
|
|t:|1720364647
|switch|p2a: Forretress|Forretress, M|100/100
|move|p1a: Forretress|Spikes|p2a: Forretress
|-sidestart|p2: RoadTo10kBWGames|Spikes
|
|-weather|Hail|[upkeep]
|-damage|p2a: Forretress|94/100|[from] Hail
|-heal|p2a: Forretress|100/100|[from] item: Leftovers
|upkeep
|turn|3
|
|t:|1720364652
|move|p2a: Forretress|Rapid Spin|p1a: Forretress
|-resisted|p1a: Forretress
|-crit|p1a: Forretress
|-damage|p1a: Forretress|98/100
|-sideend|p2: RoadTo10kBWGames|Spikes|[from] move: Rapid Spin|[of] p2a: Forretress
|move|p1a: Forretress|Rapid Spin|p2a: Forretress
|-resisted|p2a: Forretress
|-damage|p2a: Forretress|99/100
|-sideend|p1: BWR Momentum city|Stealth Rock|[from] move: Rapid Spin|[of] p1a: Forretress
|
|-weather|Hail|[upkeep]
|-damage|p2a: Forretress|93/100|[from] Hail
|-heal|p2a: Forretress|99/100|[from] item: Leftovers
|-heal|p1a: Forretress|100/100|[from] item: Leftovers
|upkeep
|turn|4
|
|t:|1720364658
|move|p2a: Forretress|Spikes|p1a: Forretress
|-sidestart|p1: BWR Momentum city|Spikes
|move|p1a: Forretress|Spikes|p2a: Forretress
|-sidestart|p2: RoadTo10kBWGames|Spikes
|
|-weather|Hail|[upkeep]
|-damage|p2a: Forretress|93/100|[from] Hail
|-heal|p2a: Forretress|99/100|[from] item: Leftovers
|upkeep
|turn|5
|
|t:|1720364675
|move|p2a: Forretress|Rapid Spin|p1a: Forretress
|-resisted|p1a: Forretress
|-damage|p1a: Forretress|99/100
|-sideend|p2: RoadTo10kBWGames|Spikes|[from] move: Rapid Spin|[of] p2a: Forretress
|move|p1a: Forretress|Spikes|p2a: Forretress
|-sidestart|p2: RoadTo10kBWGames|Spikes
|
|-weather|Hail|[upkeep]
|-damage|p2a: Forretress|93/100|[from] Hail
|-heal|p2a: Forretress|99/100|[from] item: Leftovers
|-heal|p1a: Forretress|100/100|[from] item: Leftovers
|upkeep
|turn|6
|
|t:|1720364681
|move|p2a: Forretress|Rapid Spin|p1a: Forretress
|-resisted|p1a: Forretress
|-damage|p1a: Forretress|99/100
|-sideend|p2: RoadTo10kBWGames|Spikes|[from] move: Rapid Spin|[of] p2a: Forretress
|move|p1a: Forretress|Rapid Spin|p2a: Forretress
|-resisted|p2a: Forretress
|-damage|p2a: Forretress|98/100
|-sideend|p1: BWR Momentum city|Spikes|[from] move: Rapid Spin|[of] p1a: Forretress
|
|-weather|Hail|[upkeep]
|-damage|p2a: Forretress|92/100|[from] Hail
|-heal|p2a: Forretress|98/100|[from] item: Leftovers
|-heal|p1a: Forretress|100/100|[from] item: Leftovers
|upkeep
|turn|7
|
|t:|1720364692
|move|p2a: Forretress|Hidden Power|p1a: Forretress
|-supereffective|p1a: Forretress
|-damage|p1a: Forretress|41/100
|move|p1a: Forretress|Spikes|p2a: Forretress
|-sidestart|p2: RoadTo10kBWGames|Spikes
|
|-weather|Hail|[upkeep]
|-damage|p2a: Forretress|92/100|[from] Hail
|-heal|p2a: Forretress|98/100|[from] item: Leftovers
|-heal|p1a: Forretress|47/100|[from] item: Leftovers
|upkeep
|turn|8
|
|t:|1720364703
|switch|p1a: Gliscor|Gliscor, F|100/100
|move|p2a: Forretress|Rapid Spin|p1a: Gliscor
|-damage|p1a: Gliscor|97/100
|-sideend|p2: RoadTo10kBWGames|Spikes|[from] move: Rapid Spin|[of] p2a: Forretress
|
|-weather|Hail|[upkeep]
|-damage|p1a: Gliscor|91/100|[from] Hail
|-damage|p2a: Forretress|92/100|[from] Hail
|-heal|p2a: Forretress|98/100|[from] item: Leftovers
|-status|p1a: Gliscor|tox|[from] item: Toxic Orb
|upkeep
|turn|9
|
|t:|1720364707
|move|p1a: Gliscor|Knock Off|p2a: Forretress
|-resisted|p2a: Forretress
|-damage|p2a: Forretress|97/100
|-enditem|p2a: Forretress|Leftovers|[from] move: Knock Off|[of] p1a: Gliscor
|move|p2a: Forretress|Spikes|p1a: Gliscor
|-sidestart|p1: BWR Momentum city|Spikes
|
|-weather|Hail|[upkeep]
|-damage|p1a: Gliscor|85/100 tox|[from] Hail
|-damage|p2a: Forretress|91/100|[from] Hail
|-heal|p1a: Gliscor|97/100 tox|[from] ability: Poison Heal
|upkeep
|turn|10
|
|t:|1720364712
|move|p1a: Gliscor|Stealth Rock|p2a: Forretress
|-sidestart|p2: RoadTo10kBWGames|move: Stealth Rock
|move|p2a: Forretress|Spikes|p1a: Gliscor
|-sidestart|p1: BWR Momentum city|Spikes
|
|-weather|Hail|[upkeep]
|-damage|p1a: Gliscor|91/100 tox|[from] Hail
|-damage|p2a: Forretress|84/100|[from] Hail
|-heal|p1a: Gliscor|100/100 tox|[from] ability: Poison Heal
|upkeep
|turn|11
|
|t:|1720364730
|switch|p1a: Forretress|Forretress, M|47/100
|-damage|p1a: Forretress|30/100|[from] Spikes
|move|p2a: Forretress|Rapid Spin|p1a: Forretress
|-resisted|p1a: Forretress
|-crit|p1a: Forretress
|-damage|p1a: Forretress|28/100
|-sideend|p2: RoadTo10kBWGames|Stealth Rock|[from] move: Rapid Spin|[of] p2a: Forretress
|
|-weather|Hail|[upkeep]
|-damage|p2a: Forretress|78/100|[from] Hail
|-heal|p1a: Forretress|34/100|[from] item: Leftovers
|upkeep
|turn|12
|
|t:|1720364745
|switch|p1a: Blissey|Blissey, F|100/100
|-damage|p1a: Blissey|84/100|[from] Spikes
|move|p2a: Forretress|Hidden Power|p1a: Blissey
|-crit|p1a: Blissey
|-damage|p1a: Blissey|76/100
|
|-weather|Hail|[upkeep]
|-damage|p1a: Blissey|70/100|[from] Hail
|-damage|p2a: Forretress|72/100|[from] Hail
|-heal|p1a: Blissey|76/100|[from] item: Leftovers
|upkeep
|turn|13
|
|t:|1720364750
|move|p1a: Blissey|Thunder Wave|p2a: Forretress
|-status|p2a: Forretress|par
|move|p2a: Forretress|Spikes|p1a: Blissey
|-sidestart|p1: BWR Momentum city|Spikes
|
|-weather|Hail|[upkeep]
|-damage|p1a: Blissey|70/100|[from] Hail
|-damage|p2a: Forretress|66/100 par|[from] Hail
|-heal|p1a: Blissey|76/100|[from] item: Leftovers
|upkeep
|turn|14
|
|t:|1720364757
|switch|p2a: Blissey|Blissey, F|100/100
|move|p1a: Blissey|Wish|p1a: Blissey
|
|-weather|Hail|[upkeep]
|-damage|p2a: Blissey|94/100|[from] Hail
|-damage|p1a: Blissey|70/100|[from] Hail
|-heal|p2a: Blissey|100/100|[from] item: Leftovers
|-heal|p1a: Blissey|76/100|[from] item: Leftovers
|upkeep
|turn|15
|
|t:|1720364769
|switch|p1a: Forretress|Forretress, M|34/100
|-damage|p1a: Forretress|9/100|[from] Spikes
|move|p2a: Blissey|Stealth Rock|p1a: Forretress
|-sidestart|p1: BWR Momentum city|move: Stealth Rock
|
|-weather|Hail|[upkeep]
|-damage|p2a: Blissey|94/100|[from] Hail
|-heal|p1a: Forretress|100/100|[from] move: Wish|[wisher] Blissey
|-heal|p2a: Blissey|100/100|[from] item: Leftovers
|upkeep
|turn|16
|-message|RoadTo10kBWGames forfeited.
|
|win|BWR Momentum city
|raw|BWR Momentum city's rating: 1333 &rarr; <strong>1360</strong><br />(+27 for winning)
|raw|RoadTo10kBWGames's rating: 1451 &rarr; <strong>1424</strong><br />(-27 for losing)
|l|‽RoadTo10kBWGames
|player|p2|
