|j|☆qscf331
|j|☆Crowned Crystals ♔
|t:|1742752069
|gametype|singles
|player|p1|qscf331|1|1451
|player|p2|Crowned Crystals ♔|102|1561
|teamsize|p1|6
|teamsize|p2|6
|gen|5
|tier|[Gen 5] OU
|rated|
|rule|Species Clause: Limit one of each Pokémon
|rule|OHKO Clause: OHKO moves are banned
|rule|Moody Clause: Moody is banned
|rule|Evasion Items Clause: Evasion items are banned
|rule|Evasion Moves Clause: Evasion moves are banned
|rule|Endless Battle Clause: Forcing endless battles is banned
|rule|HP Percentage Mod: HP is shown in percentages
|rule|Evasion Abilities Clause: Evasion abilities are banned
|rule|Sleep Moves Clause: Sleep-inducing moves are banned
|rule|Swagger Clause: Swagger is banned
|rule|Baton Pass Stat Clause: No Baton Passer may have a way to boost its stats
|clearpoke
|poke|p1|Politoed, M|item
|poke|p1|Keldeo|item
|poke|p1|Latios, M|item
|poke|p1|Starmie|item
|poke|p1|Thundurus-Therian, M|item
|poke|p1|Jirachi|item
|poke|p2|Politoed, M|item
|poke|p2|Jirachi|item
|poke|p2|Starmie|item
|poke|p2|Ferrothorn, F|item
|poke|p2|Thundurus-Therian, M|item
|poke|p2|Keldeo|item
|teampreview
|inactive|Battle timer is ON: inactive players will automatically lose when time's up. (requested by Crowned Crystals ♔)
|
|t:|1742752085
|start
|switch|p1a: Jirachi|Jirachi|100/100
|switch|p2a: Thundurus|Thundurus-Therian, M|100/100
|turn|1
|
|t:|1742752090
|move|p2a: Thundurus|Thunder|p1a: Jirachi
|-damage|p1a: Jirachi|60/100
|move|p1a: Jirachi|Icy Wind|p2a: Thundurus
|-supereffective|p2a: Thundurus
|-enditem|p2a: Thundurus|Yache Berry|[eat]
|-enditem|p2a: Thundurus|Yache Berry|[weaken]
|-damage|p2a: Thundurus|85/100
|-unboost|p2a: Thundurus|spe|1
|
|-heal|p1a: Jirachi|67/100|[from] item: Leftovers
|upkeep
|turn|2
|
|t:|1742752097
|move|p2a: Thundurus|Taunt|p1a: Jirachi
|-start|p1a: Jirachi|move: Taunt
|cant|p1a: Jirachi|move: Taunt|Stealth Rock
|
|-heal|p1a: Jirachi|73/100|[from] item: Leftovers
|upkeep
|turn|3
|
|t:|1742752104
|switch|p2a: Politoed|Politoed, M, shiny|100/100
|-weather|RainDance|[from] ability: Drizzle|[of] p2a: Politoed
|move|p1a: Jirachi|Icy Wind|p2a: Politoed
|-resisted|p2a: Politoed
|-damage|p2a: Politoed|95/100
|-unboost|p2a: Politoed|spe|1
|-enditem|p2a: Politoed|Eject Button
|
|t:|1742752132
|switch|p2a: Thundurus|Thundurus-Therian, M|85/100
|
|-weather|RainDance|[upkeep]
|-heal|p1a: Jirachi|79/100|[from] item: Leftovers
|upkeep
|turn|4
|
|t:|1742752138
|move|p2a: Thundurus|Thunder|p1a: Jirachi
|-damage|p1a: Jirachi|40/100
|move|p1a: Jirachi|U-turn|p2a: Thundurus
|-resisted|p2a: Thundurus
|-damage|p2a: Thundurus|73/100
|
|t:|1742752143
|switch|p1a: Keldeo|Keldeo|100/100|[from] U-turn
|
|-weather|RainDance|[upkeep]
|upkeep
|turn|5
|
|t:|1742752147
|switch|p2a: Politoed|Politoed, M, shiny|95/100
|move|p1a: Keldeo|Surf|p2a: Politoed
|-resisted|p2a: Politoed
|-crit|p2a: Politoed
|-damage|p2a: Politoed|0 fnt
|faint|p2a: Politoed
|
|-weather|RainDance|[upkeep]
|upkeep
|
|t:|1742752153
|switch|p2a: Starmie|Starmie, shiny|100/100
|turn|6
|
|t:|1742752160
|switch|p1a: Latios|Latios, M|100/100
|move|p2a: Starmie|Surf|p1a: Latios
|-resisted|p1a: Latios
|-damage|p1a: Latios|38/100
|
|-weather|RainDance|[upkeep]
|upkeep
|turn|7
|
|t:|1742752163
|switch|p2a: Ferrothorn|Ferrothorn, F, shiny|100/100
|move|p1a: Latios|Draco Meteor|p2a: Ferrothorn
|-resisted|p2a: Ferrothorn
|-damage|p2a: Ferrothorn|73/100
|-unboost|p1a: Latios|spa|2
|
|-weather|RainDance|[upkeep]
|upkeep
|turn|8
|
|t:|1742752166
|switch|p1a: Keldeo|Keldeo|100/100
|switch|p2a: Starmie|Starmie, shiny|100/100
|
|-weather|RainDance|[upkeep]
|upkeep
|turn|9
|
|t:|1742752173
|switch|p1a: Politoed|Politoed, M|100/100
|move|p2a: Starmie|Thunder|p1a: Politoed
|-supereffective|p1a: Politoed
|-damage|p1a: Politoed|0 fnt
|faint|p1a: Politoed
|
|-weather|RainDance|[upkeep]
|upkeep
|
|t:|1742752177
|switch|p1a: Thundurus|Thundurus-Therian, M|100/100
|turn|10
|
|t:|1742752184
|switch|p2a: Thundurus|Thundurus-Therian, M|73/100
|move|p1a: Thundurus|Agility|p1a: Thundurus
|-boost|p1a: Thundurus|spe|2
|
|-weather|RainDance|[upkeep]
|upkeep
|turn|11
|
|t:|1742752198
|move|p1a: Thundurus|Hidden Power|p2a: Thundurus
|-supereffective|p2a: Thundurus
|-damage|p2a: Thundurus|8/100
|move|p2a: Thundurus|Hidden Power|p1a: Thundurus
|-supereffective|p1a: Thundurus
|-damage|p1a: Thundurus|49/100
|
|-weather|RainDance|[upkeep]
|-heal|p1a: Thundurus|55/100|[from] item: Leftovers
|upkeep
|turn|12
|
|t:|1742752205
|move|p1a: Thundurus|Focus Blast|p2a: Thundurus
|-resisted|p2a: Thundurus
|-damage|p2a: Thundurus|0 fnt
|faint|p2a: Thundurus
|
|-weather|RainDance|[upkeep]
|-heal|p1a: Thundurus|61/100|[from] item: Leftovers
|upkeep
|
|t:|1742752208
|switch|p2a: Jirachi|Jirachi, shiny|100/100
|turn|13
|
|t:|1742752211
|move|p1a: Thundurus|Thunder|p2a: Jirachi
|-damage|p2a: Jirachi|27/100
|move|p2a: Jirachi|Ice Punch|p1a: Thundurus
|-supereffective|p1a: Thundurus
|-damage|p1a: Thundurus|0 fnt
|faint|p1a: Thundurus
|
|-weather|RainDance|[upkeep]
|upkeep
|
|t:|1742752217
|switch|p1a: Keldeo|Keldeo|100/100
|turn|14
|
|t:|1742752222
|move|p1a: Keldeo|Secret Sword|p2a: Jirachi
|-damage|p2a: Jirachi|0 fnt
|faint|p2a: Jirachi
|
|-weather|RainDance|[upkeep]
|upkeep
|
|t:|1742752225
|switch|p2a: Starmie|Starmie, shiny|100/100
|turn|15
|
|t:|1742752231
|switch|p1a: Jirachi|Jirachi|40/100
|move|p2a: Starmie|Thunder|p1a: Jirachi
|-damage|p1a: Jirachi|0 fnt
|faint|p1a: Jirachi
|
|-weather|RainDance|[upkeep]
|upkeep
|
|t:|1742752235
|switch|p1a: Latios|Latios, M|38/100
|turn|16
|
|t:|1742752248
|switch|p2a: Ferrothorn|Ferrothorn, F, shiny|73/100
|move|p1a: Latios|Draco Meteor|p2a: Ferrothorn
|-resisted|p2a: Ferrothorn
|-damage|p2a: Ferrothorn|44/100
|-unboost|p1a: Latios|spa|2
|
|-weather|RainDance|[upkeep]
|upkeep
|turn|17
|
|t:|1742752252
|switch|p1a: Keldeo|Keldeo|100/100
|move|p2a: Ferrothorn|Power Whip|p1a: Keldeo
|-supereffective|p1a: Keldeo
|-damage|p1a: Keldeo|5/100
|
|-weather|RainDance|[upkeep]
|upkeep
|turn|18
|
|t:|1742752260
|switch|p2a: Starmie|Starmie, shiny|100/100
|move|p1a: Keldeo|Secret Sword|p2a: Starmie
|-resisted|p2a: Starmie
|-damage|p2a: Starmie|52/100
|
|-weather|RainDance|[upkeep]
|upkeep
|turn|19
|
|t:|1742752272
|switch|p1a: Starmie|Starmie|100/100
|-item|p1a: Starmie|Air Balloon
|move|p2a: Starmie|Thunder|p1a: Starmie
|-supereffective|p1a: Starmie
|-damage|p1a: Starmie|0 fnt
|-enditem|p1a: Starmie|Air Balloon
|faint|p1a: Starmie
|
|-weather|RainDance|[upkeep]
|upkeep
|
|t:|1742752275
|switch|p1a: Latios|Latios, M|38/100
|turn|20
|
|t:|1742752286
|move|p1a: Latios|Dragon Pulse|p2a: Starmie
|-damage|p2a: Starmie|0 fnt
|faint|p2a: Starmie
|
|-weather|RainDance|[upkeep]
|upkeep
|
|t:|1742752290
|switch|p2a: Ferrothorn|Ferrothorn, F, shiny|44/100
|turn|21
|
|t:|1742752295
|move|p1a: Latios|Dragon Pulse|p2a: Ferrothorn
|-resisted|p2a: Ferrothorn
|-damage|p2a: Ferrothorn|26/100
|move|p2a: Ferrothorn|Gyro Ball|p1a: Latios
|-damage|p1a: Latios|0 fnt
|faint|p1a: Latios
|
|-weather|RainDance|[upkeep]
|upkeep
|
|t:|1742752298
|switch|p1a: Keldeo|Keldeo|5/100
|turn|22
|
|t:|1742752302
|move|p1a: Keldeo|Secret Sword|p2a: Ferrothorn
|-supereffective|p2a: Ferrothorn
|-damage|p2a: Ferrothorn|0 fnt
|faint|p2a: Ferrothorn
|
|-weather|RainDance|[upkeep]
|upkeep
|
|t:|1742752304
|switch|p2a: Keldeo|Keldeo|100/100
|turn|23
|
|t:|1742752305
|move|p2a: Keldeo|Secret Sword|p1a: Keldeo
|-damage|p1a: Keldeo|0 fnt
|faint|p1a: Keldeo
|
|win|Crowned Crystals ♔
|raw|qscf331's rating: 1451 &rarr; <strong>1437</strong><br />(-14 for losing)
|raw|Crowned Crystals ♔'s rating: 1561 &rarr; <strong>1575</strong><br />(+14 for winning)
|l|☆qscf331
|player|p1|
|c|☆Crowned Crystals ♔|/log Crowned Crystals ♔ made this room public.
