|j|☆minutemaid13
|j|☆el janitor
|t:|1707809451
|gametype|singles
|player|p1|minutemaid13|170|1316
|player|p2|el janitor|1|1443
|teamsize|p1|6
|teamsize|p2|6
|gen|5
|tier|[Gen 5] OU
|rated|
|rule|Species Clause: Limit one of each Pokémon
|rule|OHKO Clause: OHKO moves are banned
|rule|Moody Clause: Moody is banned
|rule|Evasion Items Clause: Evasion items are banned
|rule|Evasion Moves Clause: Evasion moves are banned
|rule|Endless Battle Clause: Forcing endless battles is banned
|rule|HP Percentage Mod: HP is shown in percentages
|rule|Evasion Abilities Clause: Evasion abilities are banned
|rule|Sleep Moves Clause: Sleep-inducing moves are banned
|rule|Swagger Clause: Swagger is banned
|rule|Baton Pass Stat Clause: No Baton Passer may have a way to boost its stats
|clearpoke
|poke|p1|Azelf|item
|poke|p1|Volcarona, F|item
|poke|p1|Jirachi|item
|poke|p1|Breloom, F|item
|poke|p1|Latios, M|item
|poke|p1|Cloyster, F|item
|poke|p2|Politoed, M|item
|poke|p2|Landorus-Therian, M|item
|poke|p2|Tentacruel, M|item
|poke|p2|Toxicroak, F|item
|poke|p2|Tornadus, M|item
|poke|p2|Ferrothorn, F|item
|teampreview
|inactive|Battle timer is ON: inactive players will automatically lose when time's up. (requested by el janitor)
|
|t:|1707809466
|start
|switch|p1a: Breloom|Breloom, F|100/100
|switch|p2a: Politoed|Politoed, M|100/100
|-weather|RainDance|[from] ability: Drizzle|[of] p2a: Politoed
|turn|1
|
|t:|1707809472
|switch|p2a: Ferrothorn|Ferrothorn, F|100/100
|move|p1a: Breloom|Low Sweep|p2a: Ferrothorn
|-supereffective|p2a: Ferrothorn
|-damage|p2a: Ferrothorn|7/100
|-unboost|p2a: Ferrothorn|spe|1
|-damage|p1a: Breloom|88/100|[from] ability: Iron Barbs|[of] p2a: Ferrothorn
|-damage|p1a: Breloom|78/100|[from] item: Life Orb
|
|-weather|RainDance|[upkeep]
|-heal|p2a: Ferrothorn|14/100|[from] item: Leftovers
|upkeep
|turn|2
|
|t:|1707809475
|switch|p2a: Landorus|Landorus-Therian, M|100/100
|-ability|p2a: Landorus|Intimidate|boost
|-unboost|p1a: Breloom|atk|1
|move|p1a: Breloom|Low Sweep|p2a: Landorus
|-resisted|p2a: Landorus
|-damage|p2a: Landorus|76/100
|-unboost|p2a: Landorus|spe|1
|-damage|p1a: Breloom|68/100|[from] item: Life Orb
|
|-weather|RainDance|[upkeep]
|upkeep
|turn|3
|
|t:|1707809479
|move|p2a: Landorus|U-turn|p1a: Breloom
|-damage|p1a: Breloom|33/100
|
|t:|1707809483
|switch|p2a: Tentacruel|Tentacruel, M|100/100|[from] U-turn
|move|p1a: Breloom|Bullet Seed|p2a: Tentacruel
|-damage|p2a: Tentacruel|79/100
|-damage|p2a: Tentacruel|54/100
|-hitcount|p2a: Tentacruel|2
|-damage|p1a: Breloom|23/100|[from] item: Life Orb
|
|-weather|RainDance|[upkeep]
|-heal|p2a: Tentacruel|60/100|[from] ability: Rain Dish
|-heal|p2a: Tentacruel|66/100|[from] item: Black Sludge
|upkeep
|turn|4
|
|t:|1707809490
|switch|p1a: Azelf|Azelf|100/100
|move|p2a: Tentacruel|Protect||[still]
|-fail|p2a: Tentacruel
|
|-weather|RainDance|[upkeep]
|-heal|p2a: Tentacruel|72/100|[from] ability: Rain Dish
|-heal|p2a: Tentacruel|78/100|[from] item: Black Sludge
|upkeep
|turn|5
|
|t:|1707809494
|move|p1a: Azelf|Psychic|p2a: Tentacruel
|-supereffective|p2a: Tentacruel
|-damage|p2a: Tentacruel|20/100
|move|p2a: Tentacruel|Toxic Spikes|p1a: Azelf
|-sidestart|p1: minutemaid13|move: Toxic Spikes
|
|-weather|RainDance|[upkeep]
|-heal|p2a: Tentacruel|26/100|[from] ability: Rain Dish
|-heal|p2a: Tentacruel|32/100|[from] item: Black Sludge
|upkeep
|turn|6
|
|t:|1707809505
|move|p2a: Tentacruel|Protect|p2a: Tentacruel
|-singleturn|p2a: Tentacruel|Protect
|move|p1a: Azelf|Psychic|p2a: Tentacruel
|-activate|p2a: Tentacruel|move: Protect
|
|-weather|RainDance|[upkeep]
|-heal|p2a: Tentacruel|38/100|[from] ability: Rain Dish
|-heal|p2a: Tentacruel|44/100|[from] item: Black Sludge
|upkeep
|turn|7
|
|t:|1707809508
|switch|p2a: Ferrothorn|Ferrothorn, F|14/100
|move|p1a: Azelf|Psychic|p2a: Ferrothorn
|-resisted|p2a: Ferrothorn
|-damage|p2a: Ferrothorn|1/100
|
|-weather|RainDance|[upkeep]
|-heal|p2a: Ferrothorn|7/100|[from] item: Leftovers
|upkeep
|turn|8
|
|t:|1707809510
|move|p1a: Azelf|Psychic|p2a: Ferrothorn
|-resisted|p2a: Ferrothorn
|-damage|p2a: Ferrothorn|0 fnt
|faint|p2a: Ferrothorn
|
|-weather|RainDance|[upkeep]
|upkeep
|
|t:|1707809515
|switch|p2a: Landorus|Landorus-Therian, M|76/100
|-ability|p2a: Landorus|Intimidate|boost
|-unboost|p1a: Azelf|atk|1
|turn|9
|
|t:|1707809524
|switch|p1a: Jirachi|Jirachi|100/100
|move|p2a: Landorus|U-turn|p1a: Jirachi
|-damage|p1a: Jirachi|75/100
|
|t:|1707809528
|switch|p2a: Toxicroak|Toxicroak, F|100/100|[from] U-turn
|
|-weather|RainDance|[upkeep]
|upkeep
|turn|10
|
|t:|1707809534
|move|p1a: Jirachi|U-turn|p2a: Toxicroak
|-resisted|p2a: Toxicroak
|-damage|p2a: Toxicroak|93/100
|
|t:|1707809542
|switch|p1a: Azelf|Azelf|100/100|[from] U-turn
|move|p2a: Toxicroak|Substitute|p2a: Toxicroak
|-start|p2a: Toxicroak|Substitute
|-damage|p2a: Toxicroak|68/100
|
|-weather|RainDance|[upkeep]
|-heal|p2a: Toxicroak|80/100|[from] ability: Dry Skin
|upkeep
|turn|11
|
|t:|1707809545
|move|p2a: Toxicroak|Sucker Punch||[still]
|-fail|p2a: Toxicroak
|move|p1a: Azelf|Stealth Rock|p2a: Toxicroak
|-sidestart|p2: el janitor|move: Stealth Rock
|
|-weather|RainDance|[upkeep]
|-heal|p2a: Toxicroak|93/100|[from] ability: Dry Skin
|upkeep
|turn|12
|
|t:|1707809549
|move|p2a: Toxicroak|Sucker Punch||[still]
|-fail|p2a: Toxicroak
|move|p1a: Azelf|Taunt|p2a: Toxicroak
|-start|p2a: Toxicroak|move: Taunt
|
|-weather|RainDance|[upkeep]
|-heal|p2a: Toxicroak|100/100|[from] ability: Dry Skin
|upkeep
|turn|13
|
|t:|1707809552
|-singleturn|p2a: Toxicroak|move: Focus Punch
|move|p1a: Azelf|Light Screen|p1a: Azelf
|-sidestart|p1: minutemaid13|move: Light Screen
|move|p2a: Toxicroak|Focus Punch|p1a: Azelf
|-resisted|p1a: Azelf
|-damage|p1a: Azelf|37/100
|-damage|p2a: Toxicroak|91/100|[from] item: Life Orb
|
|-weather|RainDance|[upkeep]
|-heal|p2a: Toxicroak|100/100|[from] ability: Dry Skin
|upkeep
|turn|14
|
|t:|1707809578
|move|p2a: Toxicroak|Sucker Punch|p1a: Azelf
|-supereffective|p1a: Azelf
|-damage|p1a: Azelf|0 fnt
|faint|p1a: Azelf
|-damage|p2a: Toxicroak|91/100|[from] item: Life Orb
|
|-weather|RainDance|[upkeep]
|-heal|p2a: Toxicroak|100/100|[from] ability: Dry Skin
|upkeep
|inactive|minutemaid13 has 120 seconds left.
|
|t:|1707809590
|switch|p1a: Cloyster|Cloyster, F|100/100
|-status|p1a: Cloyster|psn
|turn|15
|
|t:|1707809600
|-singleturn|p2a: Toxicroak|move: Focus Punch
|move|p1a: Cloyster|Icicle Spear|p2a: Toxicroak
|-activate|p2a: Toxicroak|Substitute|[damage]
|-end|p2a: Toxicroak|Substitute
|-damage|p2a: Toxicroak|83/100
|-damage|p2a: Toxicroak|66/100
|-damage|p2a: Toxicroak|46/100
|-hitcount|p2a: Toxicroak|5
|cant|p2a: Toxicroak|Focus Punch|Focus Punch
|
|-weather|RainDance|[upkeep]
|-heal|p2a: Toxicroak|58/100|[from] ability: Dry Skin
|-damage|p1a: Cloyster|88/100 psn|[from] psn
|-end|p2a: Toxicroak|move: Taunt
|upkeep
|turn|16
|c|☆el janitor|oh yea thats right
|c|☆el janitor|duh
|
|t:|1707809625
|switch|p2a: Politoed|Politoed, M|100/100
|-damage|p2a: Politoed|88/100|[from] Stealth Rock
|move|p1a: Cloyster|Icicle Spear|p2a: Politoed
|-resisted|p2a: Politoed
|-damage|p2a: Politoed|84/100
|-resisted|p2a: Politoed
|-damage|p2a: Politoed|80/100
|-resisted|p2a: Politoed
|-damage|p2a: Politoed|75/100
|-resisted|p2a: Politoed
|-damage|p2a: Politoed|70/100
|-resisted|p2a: Politoed
|-damage|p2a: Politoed|66/100
|-hitcount|p2a: Politoed|5
|
|-weather|RainDance|[upkeep]
|-heal|p2a: Politoed|72/100|[from] item: Leftovers
|-damage|p1a: Cloyster|76/100 psn|[from] psn
|upkeep
|turn|17
|inactive|minutemaid13 has 120 seconds left.
|
|t:|1707809655
|switch|p1a: Latios|Latios, M|100/100
|move|p2a: Politoed|Encore||[still]
|-fail|p2a: Politoed
|
|-weather|RainDance|[upkeep]
|-heal|p2a: Politoed|78/100|[from] item: Leftovers
|-sideend|p1: minutemaid13|move: Light Screen
|upkeep
|turn|18
|
|t:|1707809664
|move|p2a: Politoed|Protect|p2a: Politoed
|-singleturn|p2a: Politoed|Protect
|move|p1a: Latios|Draco Meteor|p2a: Politoed
|-activate|p2a: Politoed|move: Protect
|
|-weather|RainDance|[upkeep]
|-heal|p2a: Politoed|84/100|[from] item: Leftovers
|upkeep
|turn|19
|inactive|el janitor has 120 seconds left.
|inactive|el janitor has 90 seconds left.
|inactive|el janitor has 60 seconds left.
|
|t:|1707809762
|switch|p2a: Tentacruel|Tentacruel, M|44/100
|-damage|p2a: Tentacruel|32/100|[from] Stealth Rock
|move|p1a: Latios|Draco Meteor|p2a: Tentacruel
|-damage|p2a: Tentacruel|0 fnt
|-unboost|p1a: Latios|spa|2
|faint|p2a: Tentacruel
|
|-weather|RainDance|[upkeep]
|upkeep
|
|t:|1707809763
|switch|p2a: Toxicroak|Toxicroak, F|58/100
|-damage|p2a: Toxicroak|52/100|[from] Stealth Rock
|turn|20
|
|t:|1707809770
|-singleturn|p2a: Toxicroak|move: Focus Punch
|move|p1a: Latios|Draco Meteor|p2a: Toxicroak|[miss]
|-miss|p1a: Latios|p2a: Toxicroak
|move|p2a: Toxicroak|Focus Punch|p1a: Latios
|-resisted|p1a: Latios
|-damage|p1a: Latios|30/100
|-damage|p2a: Toxicroak|42/100|[from] item: Life Orb
|
|-weather|RainDance|[upkeep]
|-heal|p2a: Toxicroak|55/100|[from] ability: Dry Skin
|upkeep
|turn|21
|inactive|el janitor has 60 seconds left.
|inactive|minutemaid13 has 120 seconds left.
|
|t:|1707809802
|move|p2a: Toxicroak|Sucker Punch|p1a: Latios
|-supereffective|p1a: Latios
|-damage|p1a: Latios|0 fnt
|faint|p1a: Latios
|-damage|p2a: Toxicroak|45/100|[from] item: Life Orb
|
|-weather|RainDance|[upkeep]
|-heal|p2a: Toxicroak|57/100|[from] ability: Dry Skin
|upkeep
|
|t:|1707809814
|switch|p1a: Cloyster|Cloyster, F|76/100 psn
|turn|22
|
|t:|1707809819
|switch|p2a: Politoed|Politoed, M|84/100
|-damage|p2a: Politoed|72/100|[from] Stealth Rock
|move|p1a: Cloyster|Icicle Spear|p2a: Politoed
|-resisted|p2a: Politoed
|-damage|p2a: Politoed|67/100
|-resisted|p2a: Politoed
|-damage|p2a: Politoed|63/100
|-resisted|p2a: Politoed
|-damage|p2a: Politoed|58/100
|-resisted|p2a: Politoed
|-crit|p2a: Politoed
|-damage|p2a: Politoed|49/100
|-resisted|p2a: Politoed
|-damage|p2a: Politoed|45/100
|-hitcount|p2a: Politoed|5
|
|-weather|RainDance|[upkeep]
|-heal|p2a: Politoed|51/100|[from] item: Leftovers
|-damage|p1a: Cloyster|63/100 psn|[from] psn
|upkeep
|turn|23
|
|t:|1707809827
|switch|p1a: Jirachi|Jirachi|75/100
|move|p2a: Politoed|Protect||[still]
|-fail|p2a: Politoed
|
|-weather|RainDance|[upkeep]
|-heal|p2a: Politoed|58/100|[from] item: Leftovers
|upkeep
|turn|24
|inactive|minutemaid13 has 120 seconds left.
|
|t:|1707809850
|move|p1a: Jirachi|Healing Wish|p1a: Jirachi
|faint|p1a: Jirachi
|move|p2a: Politoed|Scald|p1: Jirachi|[notarget]
|-fail|p2a: Politoed
|
|-weather|RainDance|[upkeep]
|-heal|p2a: Politoed|64/100|[from] item: Leftovers
|upkeep
|
|t:|1707809854
|switch|p1a: Breloom|Breloom, F|23/100
|-heal|p1a: Breloom|100/100|[from] move: Healing Wish
|-status|p1a: Breloom|psn
|turn|25
|
|t:|1707809858
|move|p2a: Politoed|Protect|p2a: Politoed
|-singleturn|p2a: Politoed|Protect
|move|p1a: Breloom|Bullet Seed|p2a: Politoed
|-activate|p2a: Politoed|move: Protect
|
|-weather|RainDance|[upkeep]
|-heal|p2a: Politoed|70/100|[from] item: Leftovers
|-damage|p1a: Breloom|88/100 psn|[from] psn
|upkeep
|turn|26
|
|t:|1707809863
|switch|p2a: Landorus|Landorus-Therian, M|76/100
|-damage|p2a: Landorus|64/100|[from] Stealth Rock
|-ability|p2a: Landorus|Intimidate|boost
|-unboost|p1a: Breloom|atk|1
|move|p1a: Breloom|Low Sweep|p2a: Landorus
|-resisted|p2a: Landorus
|-damage|p2a: Landorus|40/100
|-unboost|p2a: Landorus|spe|1
|-damage|p1a: Breloom|78/100 psn|[from] item: Life Orb
|
|-weather|RainDance|[upkeep]
|-damage|p1a: Breloom|66/100 psn|[from] psn
|upkeep
|turn|27
|inactive|el janitor has 90 seconds left.
|
|t:|1707809892
|move|p2a: Landorus|Hidden Power|p1a: Breloom
|-supereffective|p1a: Breloom
|-damage|p1a: Breloom|0 fnt
|faint|p1a: Breloom
|
|-weather|RainDance|[upkeep]
|upkeep
|
|t:|1707809901
|switch|p1a: Cloyster|Cloyster, F|63/100 psn
|turn|28
|
|t:|1707809905
|switch|p2a: Politoed|Politoed, M|70/100
|-damage|p2a: Politoed|58/100|[from] Stealth Rock
|move|p1a: Cloyster|Shell Smash|p1a: Cloyster
|-unboost|p1a: Cloyster|def|1
|-unboost|p1a: Cloyster|spd|1
|-boost|p1a: Cloyster|atk|2
|-boost|p1a: Cloyster|spa|2
|-boost|p1a: Cloyster|spe|2
|
|-weather|RainDance|[upkeep]
|-heal|p2a: Politoed|64/100|[from] item: Leftovers
|-damage|p1a: Cloyster|51/100 psn|[from] psn
|upkeep
|turn|29
|
|t:|1707809910
|move|p2a: Politoed|Protect|p2a: Politoed
|-singleturn|p2a: Politoed|Protect
|move|p1a: Cloyster|Rock Blast|p2a: Politoed
|-activate|p2a: Politoed|move: Protect
|
|-weather|RainDance|[upkeep]
|-heal|p2a: Politoed|70/100|[from] item: Leftovers
|-damage|p1a: Cloyster|38/100 psn|[from] psn
|upkeep
|turn|30
|
|t:|1707809914
|move|p2a: Politoed|Protect||[still]
|-fail|p2a: Politoed
|move|p1a: Cloyster|Rock Blast|p2a: Politoed
|-damage|p2a: Politoed|58/100
|-damage|p2a: Politoed|47/100
|-damage|p2a: Politoed|35/100
|-damage|p2a: Politoed|23/100
|-damage|p2a: Politoed|11/100
|-hitcount|p2a: Politoed|5
|
|-weather|RainDance|[upkeep]
|-heal|p2a: Politoed|18/100|[from] item: Leftovers
|-damage|p1a: Cloyster|26/100 psn|[from] psn
|upkeep
|turn|31
|-message|minutemaid13 forfeited.
|
|win|el janitor
|raw|minutemaid13's rating: 1316 &rarr; <strong>1303</strong><br />(-13 for losing)
|raw|el janitor's rating: 1443 &rarr; <strong>1456</strong><br />(+13 for winning)
|l|☆el janitor
|player|p2|
