|j|☆EG Jhonx
|j|☆Crowned Crystals ♔
|t:|1724123910
|gametype|singles
|player|p1|EG Jhonx|#wcop2024chile|1428
|player|p2|Crowned Crystals ♔|101|1452
|teamsize|p1|6
|teamsize|p2|6
|gen|5
|tier|[Gen 5] OU
|rated|
|rule|Species Clause: Limit one of each Pokémon
|rule|OHKO Clause: OHKO moves are banned
|rule|Moody Clause: Moody is banned
|rule|Evasion Items Clause: Evasion items are banned
|rule|Evasion Moves Clause: Evasion moves are banned
|rule|Endless Battle Clause: Forcing endless battles is banned
|rule|HP Percentage Mod: HP is shown in percentages
|rule|Evasion Abilities Clause: Evasion abilities are banned
|rule|Sleep Moves Clause: Sleep-inducing moves are banned
|rule|Swagger Clause: Swagger is banned
|rule|Baton Pass Stat Clause: No Baton Passer may have a way to boost its stats
|clearpoke
|poke|p1|Politoed, M|item
|poke|p1|Starmie|item
|poke|p1|Thundurus-Therian, M|item
|poke|p1|Ferrothorn, F|item
|poke|p1|Scolipede, M|item
|poke|p1|Latios, M|item
|poke|p2|Politoed, F|item
|poke|p2|Keldeo|item
|poke|p2|Scizor, F|item
|poke|p2|Thundurus-Therian, M|item
|poke|p2|Ferrothorn, F|item
|poke|p2|Starmie|item
|teampreview
|inactive|Battle timer is ON: inactive players will automatically lose when time's up. (requested by Crowned Crystals ♔)
|c|☆EG Jhonx|hf
|c|☆Crowned Crystals ♔|Hey man
|c|☆Crowned Crystals ♔|You too!
|
|t:|1724123932
|start
|switch|p1a: Politoed|Politoed, M|100/100
|switch|p2a: Thundurus|Thundurus-Therian, M|100/100
|-weather|RainDance|[from] ability: Drizzle|[of] p1a: Politoed
|turn|1
|
|t:|1724123945
|switch|p1a: Thundurus|Thundurus-Therian, M|100/100
|move|p2a: Thundurus|Nasty Plot|p2a: Thundurus
|-boost|p2a: Thundurus|spa|2
|
|-weather|RainDance|[upkeep]
|upkeep
|turn|2
|
|t:|1724123953
|switch|p1a: Politoed|Politoed, M|100/100
|move|p2a: Thundurus|Hidden Power|p1a: Politoed
|-resisted|p1a: Politoed
|-damage|p1a: Politoed|85/100
|-enditem|p1a: Politoed|Eject Button
|
|t:|1724123956
|switch|p1a: Starmie|Starmie|100/100
|
|-weather|RainDance|[upkeep]
|upkeep
|turn|3
|
|t:|1724123960
|switch|p2a: Ferrothorn|Ferrothorn, F|100/100
|move|p1a: Starmie|Surf|p2a: Ferrothorn
|-resisted|p2a: Ferrothorn
|-damage|p2a: Ferrothorn|50/100
|
|-weather|RainDance|[upkeep]
|upkeep
|turn|4
|inactive|EG Jhonx has 120 seconds left.
|inactive|EG Jhonx has 90 seconds left.
|
|t:|1724124039
|switch|p1a: Thundurus|Thundurus-Therian, M|100/100
|move|p2a: Ferrothorn|Power Whip|p1a: Thundurus|[miss]
|-miss|p2a: Ferrothorn|p1a: Thundurus
|
|-weather|RainDance|[upkeep]
|upkeep
|turn|5
|
|t:|1724124045
|switch|p2a: Thundurus|Thundurus-Therian, M|100/100
|move|p1a: Thundurus|Substitute|p1a: Thundurus
|-start|p1a: Thundurus|Substitute
|-damage|p1a: Thundurus|76/100
|
|-weather|RainDance|[upkeep]
|-heal|p1a: Thundurus|82/100|[from] item: Leftovers
|upkeep
|turn|6
|
|t:|1724124048
|move|p2a: Thundurus|Hidden Power|p1a: Thundurus
|-supereffective|p1a: Thundurus
|-end|p1a: Thundurus|Substitute
|move|p1a: Thundurus|Hidden Power|p2a: Thundurus
|-supereffective|p2a: Thundurus
|-damage|p2a: Thundurus|39/100
|
|-weather|RainDance|[upkeep]
|-heal|p2a: Thundurus|45/100|[from] item: Leftovers
|-heal|p1a: Thundurus|88/100|[from] item: Leftovers
|upkeep
|turn|7
|
|t:|1724124053
|move|p2a: Thundurus|Hidden Power|p1a: Thundurus
|-supereffective|p1a: Thundurus
|-damage|p1a: Thundurus|27/100
|move|p1a: Thundurus|Hidden Power|p2a: Thundurus
|-supereffective|p2a: Thundurus
|-damage|p2a: Thundurus|0 fnt
|faint|p2a: Thundurus
|
|-weather|RainDance|[upkeep]
|-heal|p1a: Thundurus|33/100|[from] item: Leftovers
|upkeep
|
|t:|1724124060
|switch|p2a: Starmie|Starmie, shiny|100/100
|-item|p2a: Starmie|Air Balloon
|turn|8
|
|t:|1724124076
|switch|p1a: Ferrothorn|Ferrothorn, F|100/100
|move|p2a: Starmie|Ice Beam|p1a: Ferrothorn
|-damage|p1a: Ferrothorn|78/100
|
|-weather|RainDance|[upkeep]
|-heal|p1a: Ferrothorn|85/100|[from] item: Leftovers
|upkeep
|turn|9
|
|t:|1724124082
|switch|p2a: Ferrothorn|Ferrothorn, F|50/100
|move|p1a: Ferrothorn|Stealth Rock|p2a: Ferrothorn
|-sidestart|p2: Crowned Crystals ♔|move: Stealth Rock
|
|-weather|RainDance|[upkeep]
|-heal|p1a: Ferrothorn|91/100|[from] item: Leftovers
|upkeep
|turn|10
|
|t:|1724124087
|switch|p1a: Thundurus|Thundurus-Therian, M|33/100
|move|p2a: Ferrothorn|Stealth Rock|p1a: Thundurus
|-sidestart|p1: EG Jhonx|move: Stealth Rock
|
|-weather|RainDance|[upkeep]
|-heal|p1a: Thundurus|39/100|[from] item: Leftovers
|upkeep
|turn|11
|
|t:|1724124104
|move|p1a: Thundurus|Substitute|p1a: Thundurus
|-start|p1a: Thundurus|Substitute
|-damage|p1a: Thundurus|14/100
|move|p2a: Ferrothorn|Power Whip|p1a: Thundurus
|-resisted|p1a: Thundurus
|-crit|p1a: Thundurus
|-end|p1a: Thundurus|Substitute
|
|-weather|RainDance|[upkeep]
|-heal|p1a: Thundurus|20/100|[from] item: Leftovers
|upkeep
|turn|12
|
|t:|1724124117
|move|p1a: Thundurus|Thunder|p2a: Ferrothorn
|-resisted|p2a: Ferrothorn
|-damage|p2a: Ferrothorn|26/100
|move|p2a: Ferrothorn|Power Whip|p1a: Thundurus
|-resisted|p1a: Thundurus
|-damage|p1a: Thundurus|0 fnt
|faint|p1a: Thundurus
|
|-weather|RainDance|[upkeep]
|upkeep
|inactive|EG Jhonx has 120 seconds left.
|
|t:|1724124139
|switch|p1a: Starmie|Starmie|100/100
|-damage|p1a: Starmie|88/100|[from] Stealth Rock
|turn|13
|
|t:|1724124143
|move|p1a: Starmie|Surf|p2a: Ferrothorn
|-resisted|p2a: Ferrothorn
|-damage|p2a: Ferrothorn|0 fnt
|faint|p2a: Ferrothorn
|
|-weather|RainDance|[upkeep]
|upkeep
|
|t:|1724124164
|switch|p2a: Starmie|Starmie, shiny|100/100
|-damage|p2a: Starmie|88/100|[from] Stealth Rock
|-item|p2a: Starmie|Air Balloon
|turn|14
|
|t:|1724124177
|move|p1a: Starmie|Surf|p2a: Starmie
|-resisted|p2a: Starmie
|-damage|p2a: Starmie|27/100
|-enditem|p2a: Starmie|Air Balloon
|move|p2a: Starmie|Rapid Spin|p1a: Starmie
|-damage|p1a: Starmie|83/100
|-sideend|p2: Crowned Crystals ♔|Stealth Rock|[from] move: Rapid Spin|[of] p2a: Starmie
|
|-weather|RainDance|[upkeep]
|upkeep
|turn|15
|
|t:|1724124181
|switch|p1a: Ferrothorn|Ferrothorn, F|91/100
|-damage|p1a: Ferrothorn|85/100|[from] Stealth Rock
|move|p2a: Starmie|Thunder|p1a: Ferrothorn
|-resisted|p1a: Ferrothorn
|-damage|p1a: Ferrothorn|71/100
|
|-weather|RainDance|[upkeep]
|-heal|p1a: Ferrothorn|77/100|[from] item: Leftovers
|upkeep
|turn|16
|
|t:|1724124187
|switch|p2a: Scizor|Scizor, F|100/100
|move|p1a: Ferrothorn|Stealth Rock|p2a: Scizor
|-sidestart|p2: Crowned Crystals ♔|move: Stealth Rock
|
|-weather|RainDance|[upkeep]
|-heal|p1a: Ferrothorn|83/100|[from] item: Leftovers
|upkeep
|turn|17
|
|t:|1724124192
|move|p2a: Scizor|Bug Bite|p1a: Ferrothorn
|-damage|p1a: Ferrothorn|23/100
|-damage|p2a: Scizor|88/100|[from] ability: Iron Barbs|[of] p1a: Ferrothorn
|move|p1a: Ferrothorn|Spikes|p2a: Scizor
|-sidestart|p2: Crowned Crystals ♔|Spikes
|
|-weather|RainDance|[upkeep]
|-heal|p1a: Ferrothorn|29/100|[from] item: Leftovers
|upkeep
|turn|18
|
|t:|1724124206
|move|p2a: Scizor|Bug Bite|p1a: Ferrothorn
|-damage|p1a: Ferrothorn|0 fnt
|-damage|p2a: Scizor|76/100|[from] ability: Iron Barbs|[of] p1a: Ferrothorn
|faint|p1a: Ferrothorn
|
|-weather|RainDance|[upkeep]
|upkeep
|
|t:|1724124230
|switch|p1a: Scolipede|Scolipede, M|100/100
|-damage|p1a: Scolipede|76/100|[from] Stealth Rock
|turn|19
|
|t:|1724124240
|switch|p2a: Politoed|Politoed, F, shiny|100/100
|-damage|p2a: Politoed|88/100|[from] Stealth Rock
|-damage|p2a: Politoed|76/100|[from] Spikes
|move|p1a: Scolipede|Swords Dance|p1a: Scolipede
|-boost|p1a: Scolipede|atk|2
|
|-weather|RainDance|[upkeep]
|upkeep
|turn|20
|
|t:|1724124252
|move|p1a: Scolipede|Megahorn|p2a: Politoed
|-damage|p2a: Politoed|0 fnt
|faint|p2a: Politoed
|
|-weather|RainDance|[upkeep]
|upkeep
|
|t:|1724124258
|switch|p2a: Keldeo|Keldeo|100/100
|-damage|p2a: Keldeo|94/100|[from] Stealth Rock
|-damage|p2a: Keldeo|82/100|[from] Spikes
|turn|21
|inactive|EG Jhonx has 120 seconds left.
|
|t:|1724124292
|move|p2a: Keldeo|Hydro Pump|p1a: Scolipede
|-damage|p1a: Scolipede|0 fnt
|faint|p1a: Scolipede
|
|-weather|RainDance|[upkeep]
|upkeep
|inactive|EG Jhonx has 120 seconds left.
|
|t:|1724124302
|switch|p1a: Latios|Latios, M|100/100
|-damage|p1a: Latios|88/100|[from] Stealth Rock
|turn|22
|inactive|EG Jhonx has 120 seconds left.
|
|t:|1724124315
|move|p1a: Latios|Surf|p2a: Keldeo
|-resisted|p2a: Keldeo
|-damage|p2a: Keldeo|53/100
|move|p2a: Keldeo|Hydro Pump|p1a: Latios
|-resisted|p1a: Latios
|-damage|p1a: Latios|36/100
|
|-weather|RainDance|[upkeep]
|upkeep
|turn|23
|inactive|EG Jhonx has 120 seconds left.
|
|t:|1724124331
|move|p1a: Latios|Surf|p2a: Keldeo
|-resisted|p2a: Keldeo
|-damage|p2a: Keldeo|25/100
|move|p2a: Keldeo|Hydro Pump|p1a: Latios
|-resisted|p1a: Latios
|-damage|p1a: Latios|0 fnt
|faint|p1a: Latios
|
|-weather|RainDance|[upkeep]
|upkeep
|
|t:|1724124334
|switch|p1a: Politoed|Politoed, M|85/100
|-damage|p1a: Politoed|72/100|[from] Stealth Rock
|turn|24
|
|t:|1724124354
|switch|p2a: Scizor|Scizor, F|76/100
|-damage|p2a: Scizor|63/100|[from] Stealth Rock
|-damage|p2a: Scizor|51/100|[from] Spikes
|move|p1a: Politoed|Thief|p2a: Scizor
|-resisted|p2a: Scizor
|-damage|p2a: Scizor|47/100
|-enditem|p2a: Scizor|Choice Band|[silent]|[from] move: Thief|[of] p1a: Politoed
|-item|p1a: Politoed|Choice Band|[from] move: Thief|[of] p2a: Scizor
|
|-weather|RainDance|[upkeep]
|upkeep
|turn|25
|
|t:|1724124362
|move|p2a: Scizor|Bug Bite|p1a: Politoed
|-damage|p1a: Politoed|16/100
|move|p1a: Politoed|Scald|p2a: Scizor
|-damage|p2a: Scizor|0 fnt
|faint|p2a: Scizor
|
|-weather|RainDance|[upkeep]
|upkeep
|
|t:|1724124366
|switch|p2a: Starmie|Starmie, shiny|27/100
|-damage|p2a: Starmie|15/100|[from] Stealth Rock
|-damage|p2a: Starmie|2/100|[from] Spikes
|turn|26
|
|t:|1724124370
|move|p2a: Starmie|Thunder|p1a: Politoed
|-supereffective|p1a: Politoed
|-damage|p1a: Politoed|0 fnt
|faint|p1a: Politoed
|
|-weather|RainDance|[upkeep]
|upkeep
|
|t:|1724124372
|switch|p1a: Starmie|Starmie|83/100
|-damage|p1a: Starmie|71/100|[from] Stealth Rock
|turn|27
|
|t:|1724124376
|move|p2a: Starmie|Thunder|p1a: Starmie
|-supereffective|p1a: Starmie
|-damage|p1a: Starmie|0 fnt
|faint|p1a: Starmie
|
|win|Crowned Crystals ♔
|raw|EG Jhonx's rating: 1428 &rarr; <strong>1409</strong><br />(-19 for losing)
|raw|Crowned Crystals ♔'s rating: 1452 &rarr; <strong>1471</strong><br />(+19 for winning)
|c|☆EG Jhonx|gg
|c|☆Crowned Crystals ♔|gg
|l|☆EG Jhonx
|player|p1|
|c|☆Crowned Crystals ♔|/log Crowned Crystals ♔ made this room public.
