|j|☆blackkaiser
|j|☆OUTM Worst Nites
|player|p1|blackkaiser|102|1532
|player|p2|OUTM Worst Nites|1|1513
|teamsize|p1|6
|teamsize|p2|6
|gametype|singles
|gen|5
|tier|[Gen 5] OU
|rated|
|rule|Sleep Clause Mod: Limit one foe put to sleep
|rule|Species Clause: Limit one of each Pokémon
|rule|OHKO Clause: OHKO moves are banned
|rule|Moody Clause: Moody is banned
|rule|Evasion Moves Clause: Evasion moves are banned
|rule|Endless Battle Clause: Forcing endless battles is banned
|rule|HP Percentage Mod: HP is shown in percentages
|rule|Evasion Abilities Clause: Evasion abilities are banned
|rule|Baton Pass Clause: Limit one Baton Passer, can't pass Spe and other stats simultaneously
|rule|Swagger Clause: Swagger is banned
|clearpoke
|poke|p1|Hippowdon, F|item
|poke|p1|Ferrothorn, F|item
|poke|p1|Jellicent, M|item
|poke|p1|Latios, M|item
|poke|p1|Garchomp, M|item
|poke|p1|Scizor, F|item
|poke|p2|Heracross, M|item
|poke|p2|Celebi|item
|poke|p2|Magneton|item
|poke|p2|Heatran, M|item
|poke|p2|Golurk|item
|poke|p2|Bronzong|item
|teampreview
|inactive|Battle timer is ON: inactive players will automatically lose when time's up. (requested by blackkaiser)
|
|start
|switch|p1a: Hippowdon|Hippowdon, F|100/100
|switch|p2a: Golurk|Golurk|100/100
|-weather|Sandstorm|[from] ability: Sand Stream|[of] p1a: Hippowdon
|turn|1
|j| isabela200
|
|switch|p2a: Bronzong|Bronzong|100/100
|move|p1a: Hippowdon|Stealth Rock|p2a: Bronzong
|-sidestart|p2: OUTM Worst Nites|move: Stealth Rock
|
|-weather|Sandstorm|[upkeep]
|upkeep
|turn|2
|
|switch|p1a: Ferrothorn|Ferrothorn, F|100/100
|move|p2a: Bronzong|Stealth Rock|p1a: Ferrothorn
|-sidestart|p1: blackkaiser|move: Stealth Rock
|
|-weather|Sandstorm|[upkeep]
|upkeep
|turn|3
|l| isabela200
|
|switch|p2a: Magneton|Magneton|100/100
|-damage|p2a: Magneton|94/100|[from] Stealth Rock
|move|p1a: Ferrothorn|Thunder Wave|p2a: Magneton
|-status|p2a: Magneton|par
|
|-weather|Sandstorm|[upkeep]
|upkeep
|turn|4
|inactive|blackkaiser has 120 seconds left.
|
|cant|p2a: Magneton|par
|move|p1a: Ferrothorn|Spikes|p2a: Magneton
|-sidestart|p2: OUTM Worst Nites|Spikes
|
|-weather|Sandstorm|[upkeep]
|upkeep
|turn|5
|
|move|p2a: Magneton|Hidden Power|p1a: Ferrothorn
|-supereffective|p1a: Ferrothorn
|-damage|p1a: Ferrothorn|15/100
|move|p1a: Ferrothorn|Spikes|p2a: Magneton
|-sidestart|p2: OUTM Worst Nites|Spikes
|
|-weather|Sandstorm|[upkeep]
|upkeep
|turn|6
|
|cant|p2a: Magneton|par
|move|p1a: Ferrothorn|Spikes|p2a: Magneton
|-sidestart|p2: OUTM Worst Nites|Spikes
|
|-weather|Sandstorm|[upkeep]
|upkeep
|turn|7
|c|☆OUTM Worst Nites|nice
|
|move|p2a: Magneton|Hidden Power|p1a: Ferrothorn
|-supereffective|p1a: Ferrothorn
|-damage|p1a: Ferrothorn|0 fnt
|faint|p1a: Ferrothorn
|
|-weather|Sandstorm|[upkeep]
|upkeep
|
|switch|p1a: Garchomp|Garchomp, M|100/100
|-damage|p1a: Garchomp|94/100|[from] Stealth Rock
|turn|8
|
|switch|p2a: Bronzong|Bronzong|100/100
|-damage|p2a: Bronzong|94/100|[from] Stealth Rock
|move|p1a: Garchomp|Fire Blast|p2a: Bronzong
|-supereffective|p2a: Bronzong
|-damage|p2a: Bronzong|39/100
|-damage|p1a: Garchomp|85/100|[from] item: Life Orb
|
|-weather|Sandstorm|[upkeep]
|-heal|p2a: Bronzong|45/100|[from] item: Leftovers
|upkeep
|turn|9
|
|move|p1a: Garchomp|Fire Blast|p2a: Bronzong
|-supereffective|p2a: Bronzong
|-damage|p2a: Bronzong|0 fnt
|-damage|p1a: Garchomp|75/100|[from] item: Life Orb
|faint|p2a: Bronzong
|
|-weather|Sandstorm|[upkeep]
|upkeep
|
|switch|p2a: Celebi|Celebi|100/100
|-damage|p2a: Celebi|88/100|[from] Stealth Rock
|-damage|p2a: Celebi|63/100|[from] Spikes
|turn|10
|
|move|p1a: Garchomp|Fire Blast|p2a: Celebi
|-supereffective|p2a: Celebi
|-damage|p2a: Celebi|12/100
|-damage|p1a: Garchomp|65/100|[from] item: Life Orb
|move|p2a: Celebi|Recover|p2a: Celebi
|-heal|p2a: Celebi|62/100
|
|-weather|Sandstorm|[upkeep]
|-damage|p2a: Celebi|56/100|[from] Sandstorm
|-heal|p2a: Celebi|62/100|[from] item: Leftovers
|upkeep
|turn|11
|
|switch|p1a: Latios|Latios, M, shiny|100/100
|-damage|p1a: Latios|88/100|[from] Stealth Rock
|move|p2a: Celebi|Recover|p2a: Celebi
|-heal|p2a: Celebi|100/100
|
|-weather|Sandstorm|[upkeep]
|-damage|p1a: Latios|82/100|[from] Sandstorm
|-damage|p2a: Celebi|94/100|[from] Sandstorm
|-heal|p2a: Celebi|100/100|[from] item: Leftovers
|upkeep
|turn|12
|
|switch|p2a: Magneton|Magneton|94/100 par
|-damage|p2a: Magneton|70/100 par|[from] Spikes
|-damage|p2a: Magneton|63/100 par|[from] Stealth Rock
|move|p1a: Latios|Trick|p2a: Magneton
|-activate|p1a: Latios|move: Trick|[of] p2a: Magneton
|-item|p2a: Magneton|Choice Specs|[from] move: Trick
|-item|p1a: Latios|Choice Scarf|[from] move: Trick
|
|-weather|Sandstorm|[upkeep]
|-damage|p1a: Latios|76/100|[from] Sandstorm
|upkeep
|turn|13
|
|move|p1a: Latios|Surf|p2a: Magneton
|-damage|p2a: Magneton|1/100 par
|move|p2a: Magneton|Flash Cannon|p1a: Latios
|-damage|p1a: Latios|18/100
|
|-weather|Sandstorm|[upkeep]
|-damage|p1a: Latios|12/100|[from] Sandstorm
|upkeep
|turn|14
|
|move|p1a: Latios|Surf|p2a: Magneton
|-damage|p2a: Magneton|0 fnt
|faint|p2a: Magneton
|
|-weather|Sandstorm|[upkeep]
|-damage|p1a: Latios|6/100|[from] Sandstorm
|upkeep
|
|switch|p2a: UJustGotRaped|Heracross, M|100/100
|-damage|p2a: UJustGotRaped|88/100|[from] Stealth Rock
|-damage|p2a: UJustGotRaped|63/100|[from] Spikes
|turn|15
|
|move|p1a: Latios|Surf|p2a: UJustGotRaped
|-crit|p2a: UJustGotRaped
|-damage|p2a: UJustGotRaped|0 fnt
|faint|p2a: UJustGotRaped
|
|-weather|Sandstorm|[upkeep]
|-damage|p1a: Latios|0 fnt|[from] Sandstorm
|faint|p1a: Latios
|upkeep
|
|switch|p1a: Hippowdon|Hippowdon, F|100/100
|switch|p2a: Golurk|Golurk|100/100
|-damage|p2a: Golurk|76/100|[from] Spikes
|-damage|p2a: Golurk|70/100|[from] Stealth Rock
|-damage|p1a: Hippowdon|94/100|[from] Stealth Rock
|turn|16
|
|move|p2a: Golurk|Ice Punch|p1a: Hippowdon
|-supereffective|p1a: Hippowdon
|-damage|p1a: Hippowdon|64/100
|move|p1a: Hippowdon|Earthquake|p2a: Golurk
|-damage|p2a: Golurk|41/100
|
|-weather|Sandstorm|[upkeep]
|-heal|p2a: Golurk|47/100|[from] item: Leftovers
|-heal|p1a: Hippowdon|70/100|[from] item: Leftovers
|upkeep
|turn|17
|
|move|p2a: Golurk|Ice Punch|p1a: Hippowdon
|-supereffective|p1a: Hippowdon
|-damage|p1a: Hippowdon|43/100
|move|p1a: Hippowdon|Roar|p2a: Golurk
|drag|p2a: Heatran|Heatran, M|100/100
|-damage|p2a: Heatran|88/100|[from] Stealth Rock
|-damage|p2a: Heatran|63/100|[from] Spikes
|
|-weather|Sandstorm|[upkeep]
|-heal|p2a: Heatran|70/100|[from] item: Leftovers
|-heal|p1a: Hippowdon|49/100|[from] item: Leftovers
|upkeep
|turn|18
|
|move|p2a: Heatran|Hidden Power|p1a: Hippowdon
|-supereffective|p1a: Hippowdon
|-damage|p1a: Hippowdon|0 fnt
|faint|p1a: Hippowdon
|
|-weather|Sandstorm|[upkeep]
|-heal|p2a: Heatran|76/100|[from] item: Leftovers
|upkeep
|
|switch|p1a: Garchomp|Garchomp, M|65/100
|-damage|p1a: Garchomp|59/100|[from] Stealth Rock
|turn|19
|
|switch|p2a: Golurk|Golurk|47/100
|-damage|p2a: Golurk|22/100|[from] Spikes
|-damage|p2a: Golurk|16/100|[from] Stealth Rock
|move|p1a: Garchomp|Earthquake|p2a: Golurk
|-damage|p2a: Golurk|0 fnt
|-damage|p1a: Garchomp|49/100|[from] item: Life Orb
|faint|p2a: Golurk
|
|-weather|Sandstorm|[upkeep]
|upkeep
|
|switch|p2a: Celebi|Celebi|100/100
|-damage|p2a: Celebi|75/100|[from] Spikes
|-damage|p2a: Celebi|63/100|[from] Stealth Rock
|turn|20
|
|switch|p1a: Jellicent|Jellicent, M|100/100
|-damage|p1a: Jellicent|88/100|[from] Stealth Rock
|move|p2a: Celebi|Recover|p2a: Celebi
|-heal|p2a: Celebi|100/100
|
|-weather|Sandstorm|[upkeep]
|-damage|p2a: Celebi|94/100|[from] Sandstorm
|-damage|p1a: Jellicent|82/100|[from] Sandstorm
|-heal|p2a: Celebi|100/100|[from] item: Leftovers
|-heal|p1a: Jellicent|88/100|[from] item: Leftovers
|upkeep
|turn|21
|
|move|p2a: Celebi|Giga Drain|p1a: Jellicent
|-supereffective|p1a: Jellicent
|-damage|p1a: Jellicent|59/100
|move|p1a: Jellicent|Shadow Ball|p2a: Celebi
|-supereffective|p2a: Celebi
|-damage|p2a: Celebi|70/100
|
|-weather|Sandstorm|[upkeep]
|-damage|p2a: Celebi|64/100|[from] Sandstorm
|-damage|p1a: Jellicent|53/100|[from] Sandstorm
|-heal|p2a: Celebi|70/100|[from] item: Leftovers
|-heal|p1a: Jellicent|59/100|[from] item: Leftovers
|upkeep
|turn|22
|
|move|p2a: Celebi|Giga Drain|p1a: Jellicent
|-supereffective|p1a: Jellicent
|-damage|p1a: Jellicent|29/100
|-heal|p2a: Celebi|85/100|[from] drain|[of] p1a: Jellicent
|move|p1a: Jellicent|Recover|p1a: Jellicent
|-heal|p1a: Jellicent|79/100
|
|-weather|Sandstorm|[upkeep]
|-damage|p2a: Celebi|79/100|[from] Sandstorm
|-damage|p1a: Jellicent|73/100|[from] Sandstorm
|-heal|p2a: Celebi|85/100|[from] item: Leftovers
|-heal|p1a: Jellicent|79/100|[from] item: Leftovers
|upkeep
|turn|23
|
|move|p2a: Celebi|Giga Drain|p1a: Jellicent
|-supereffective|p1a: Jellicent
|-damage|p1a: Jellicent|50/100
|-heal|p2a: Celebi|99/100|[from] drain|[of] p1a: Jellicent
|move|p1a: Jellicent|Will-O-Wisp|p2a: Celebi|[miss]
|-miss|p1a: Jellicent|p2a: Celebi
|
|-weather|Sandstorm|[upkeep]
|-damage|p2a: Celebi|94/100|[from] Sandstorm
|-damage|p1a: Jellicent|44/100|[from] Sandstorm
|-heal|p2a: Celebi|99/100|[from] item: Leftovers
|-heal|p1a: Jellicent|50/100|[from] item: Leftovers
|upkeep
|turn|24
|
|move|p2a: Celebi|Giga Drain|p1a: Jellicent
|-supereffective|p1a: Jellicent
|-damage|p1a: Jellicent|21/100
|-heal|p2a: Celebi|100/100|[from] drain|[of] p1a: Jellicent
|move|p1a: Jellicent|Recover|p1a: Jellicent
|-heal|p1a: Jellicent|71/100
|
|-weather|Sandstorm|[upkeep]
|-damage|p2a: Celebi|94/100|[from] Sandstorm
|-damage|p1a: Jellicent|65/100|[from] Sandstorm
|-heal|p2a: Celebi|100/100|[from] item: Leftovers
|-heal|p1a: Jellicent|71/100|[from] item: Leftovers
|upkeep
|turn|25
|
|move|p2a: Celebi|Giga Drain|p1a: Jellicent
|-supereffective|p1a: Jellicent
|-damage|p1a: Jellicent|39/100
|move|p1a: Jellicent|Recover|p1a: Jellicent
|-heal|p1a: Jellicent|90/100
|
|-weather|Sandstorm|[upkeep]
|-damage|p2a: Celebi|94/100|[from] Sandstorm
|-damage|p1a: Jellicent|83/100|[from] Sandstorm
|-heal|p2a: Celebi|100/100|[from] item: Leftovers
|-heal|p1a: Jellicent|90/100|[from] item: Leftovers
|upkeep
|turn|26
|
|move|p2a: Celebi|Giga Drain|p1a: Jellicent
|-supereffective|p1a: Jellicent
|-damage|p1a: Jellicent|61/100
|move|p1a: Jellicent|Will-O-Wisp|p2a: Celebi
|-status|p2a: Celebi|brn
|
|-weather|Sandstorm|[upkeep]
|-damage|p2a: Celebi|94/100 brn|[from] Sandstorm
|-damage|p1a: Jellicent|55/100|[from] Sandstorm
|-heal|p2a: Celebi|100/100 brn|[from] item: Leftovers
|-heal|p1a: Jellicent|61/100|[from] item: Leftovers
|-damage|p2a: Celebi|88/100 brn|[from] brn
|upkeep
|turn|27
|
|move|p2a: Celebi|Giga Drain|p1a: Jellicent
|-supereffective|p1a: Jellicent
|-damage|p1a: Jellicent|28/100
|-heal|p2a: Celebi|100/100 brn|[from] drain|[of] p1a: Jellicent
|move|p1a: Jellicent|Recover|p1a: Jellicent
|-heal|p1a: Jellicent|78/100
|
|-weather|Sandstorm|[upkeep]
|-damage|p2a: Celebi|94/100 brn|[from] Sandstorm
|-damage|p1a: Jellicent|72/100|[from] Sandstorm
|-heal|p2a: Celebi|100/100 brn|[from] item: Leftovers
|-heal|p1a: Jellicent|78/100|[from] item: Leftovers
|-damage|p2a: Celebi|88/100 brn|[from] brn
|upkeep
|turn|28
|
|move|p2a: Celebi|Giga Drain|p1a: Jellicent
|-supereffective|p1a: Jellicent
|-damage|p1a: Jellicent|48/100
|-heal|p2a: Celebi|100/100 brn|[from] drain|[of] p1a: Jellicent
|move|p1a: Jellicent|Recover|p1a: Jellicent
|-heal|p1a: Jellicent|99/100
|
|-weather|Sandstorm|[upkeep]
|-damage|p2a: Celebi|94/100 brn|[from] Sandstorm
|-damage|p1a: Jellicent|92/100|[from] Sandstorm
|-heal|p2a: Celebi|100/100 brn|[from] item: Leftovers
|-heal|p1a: Jellicent|99/100|[from] item: Leftovers
|-damage|p2a: Celebi|88/100 brn|[from] brn
|upkeep
|turn|29
|
|move|p2a: Celebi|Psychic|p1a: Jellicent
|-damage|p1a: Jellicent|80/100
|move|p1a: Jellicent|Shadow Ball|p2a: Celebi
|-supereffective|p2a: Celebi
|-damage|p2a: Celebi|55/100 brn
|-unboost|p2a: Celebi|spd|1
|
|-weather|Sandstorm|[upkeep]
|-damage|p2a: Celebi|49/100 brn|[from] Sandstorm
|-damage|p1a: Jellicent|74/100|[from] Sandstorm
|-heal|p2a: Celebi|55/100 brn|[from] item: Leftovers
|-heal|p1a: Jellicent|80/100|[from] item: Leftovers
|-damage|p2a: Celebi|43/100 brn|[from] brn
|upkeep
|turn|30
|
|move|p2a: Celebi|Giga Drain|p1a: Jellicent
|-supereffective|p1a: Jellicent
|-damage|p1a: Jellicent|50/100
|-heal|p2a: Celebi|57/100 brn|[from] drain|[of] p1a: Jellicent
|move|p1a: Jellicent|Shadow Ball|p2a: Celebi
|-supereffective|p2a: Celebi
|-damage|p2a: Celebi|13/100 brn
|
|-weather|Sandstorm|[upkeep]
|-damage|p2a: Celebi|7/100 brn|[from] Sandstorm
|-damage|p1a: Jellicent|44/100|[from] Sandstorm
|-heal|p2a: Celebi|13/100 brn|[from] item: Leftovers
|-heal|p1a: Jellicent|50/100|[from] item: Leftovers
|-damage|p2a: Celebi|0 fnt|[from] brn
|faint|p2a: Celebi
|upkeep
|
|switch|p2a: Heatran|Heatran, M|76/100
|-damage|p2a: Heatran|63/100|[from] Stealth Rock
|-damage|p2a: Heatran|39/100|[from] Spikes
|turn|31
|
|move|p2a: Heatran|Substitute|p2a: Heatran
|-start|p2a: Heatran|Substitute
|-damage|p2a: Heatran|14/100
|move|p1a: Jellicent|Recover|p1a: Jellicent
|-heal|p1a: Jellicent|99/100
|
|-weather|Sandstorm|[upkeep]
|-damage|p1a: Jellicent|94/100|[from] Sandstorm
|-heal|p2a: Heatran|20/100|[from] item: Leftovers
|-heal|p1a: Jellicent|99/100|[from] item: Leftovers
|upkeep
|turn|32
|
|move|p2a: Heatran|Earth Power|p1a: Jellicent
|-damage|p1a: Jellicent|82/100
|move|p1a: Jellicent|Scald|p2a: Heatran
|-supereffective|p2a: Heatran
|-end|p2a: Heatran|Substitute
|
|-weather|Sandstorm|[upkeep]
|-damage|p1a: Jellicent|76/100|[from] Sandstorm
|-heal|p2a: Heatran|26/100|[from] item: Leftovers
|-heal|p1a: Jellicent|82/100|[from] item: Leftovers
|upkeep
|turn|33
|c|☆OUTM Worst Nites|b
|c|☆OUTM Worst Nites|g
|-message|OUTM Worst Nites forfeited.
|
|win|blackkaiser
|l|☆OUTM Worst Nites
|raw|blackkaiser's rating: 1532 &rarr; <strong>1551</strong><br />(+19 for winning)
|raw|OUTM Worst Nites's rating: 1513 &rarr; <strong>1494</strong><br />(-19 for losing)
