|j|☆BWR Monai
|j|☆Pineapple8081
|t:|1719190487
|gametype|singles
|player|p1|BWR Monai|101|1479
|player|p2|Pineapple8081|veteranf|1406
|teamsize|p1|6
|teamsize|p2|6
|gen|5
|tier|[Gen 5] OU
|rated|
|rule|Species Clause: Limit one of each Pokémon
|rule|OHKO Clause: OHKO moves are banned
|rule|Moody Clause: Moody is banned
|rule|Evasion Items Clause: Evasion items are banned
|rule|Evasion Moves Clause: Evasion moves are banned
|rule|Endless Battle Clause: Forcing endless battles is banned
|rule|HP Percentage Mod: HP is shown in percentages
|rule|Evasion Abilities Clause: Evasion abilities are banned
|rule|Sleep Moves Clause: Sleep-inducing moves are banned
|rule|Swagger Clause: Swagger is banned
|rule|Baton Pass Stat Clause: No Baton Passer may have a way to boost its stats
|clearpoke
|poke|p1|Politoed, F|item
|poke|p1|Garchomp, F|item
|poke|p1|Magnezone|item
|poke|p1|Starmie|item
|poke|p1|Empoleon, M|item
|poke|p1|Latios, M|item
|poke|p2|Garchomp, M|item
|poke|p2|Volcarona, M|item
|poke|p2|Dragonite, M|item
|poke|p2|Breloom, F|item
|poke|p2|Starmie|item
|poke|p2|Scizor, F|item
|teampreview
|inactive|Battle timer is ON: inactive players will automatically lose when time's up. (requested by Pineapple8081)
|
|t:|1719190495
|start
|switch|p1a: Starmie|Starmie|100/100
|switch|p2a: Garchomp|Garchomp, M|100/100
|-item|p1a: Starmie|Air Balloon
|turn|1
|
|t:|1719190511
|move|p1a: Starmie|Ice Beam|p2a: Garchomp
|-supereffective|p2a: Garchomp
|-enditem|p2a: Garchomp|Focus Sash
|-damage|p2a: Garchomp|1/100
|move|p2a: Garchomp|Outrage|p1a: Starmie
|-damage|p1a: Starmie|7/100
|-enditem|p1a: Starmie|Air Balloon
|
|upkeep
|turn|2
|
|t:|1719190519
|move|p1a: Starmie|Ice Beam|p2a: Garchomp
|-supereffective|p2a: Garchomp
|-damage|p2a: Garchomp|0 fnt
|faint|p2a: Garchomp
|
|upkeep
|
|t:|1719190521
|switch|p2a: Starmie|Starmie|100/100
|-item|p2a: Starmie|Air Balloon
|turn|3
|
|t:|1719190523
|move|p2a: Starmie|Thunderbolt|p1a: Starmie
|-supereffective|p1a: Starmie
|-damage|p1a: Starmie|0 fnt
|faint|p1a: Starmie
|
|upkeep
|
|t:|1719190533
|switch|p1a: Latios|Latios, M|100/100
|turn|4
|
|t:|1719190541
|move|p1a: Latios|Trick|p2a: Starmie
|-activate|p1a: Latios|move: Trick|[of] p2a: Starmie
|-item|p2a: Starmie|Choice Scarf|[from] move: Trick
|-item|p1a: Latios|Air Balloon
|-item|p1a: Latios|Air Balloon|[from] move: Trick
|move|p2a: Starmie|Ice Beam|p1a: Latios
|-supereffective|p1a: Latios
|-damage|p1a: Latios|27/100
|-enditem|p1a: Latios|Air Balloon
|
|upkeep
|turn|5
|
|t:|1719190547
|switch|p1a: Empoleon|Empoleon, M|100/100
|move|p2a: Starmie|Ice Beam|p1a: Empoleon
|-resisted|p1a: Empoleon
|-damage|p1a: Empoleon|91/100
|
|upkeep
|turn|6
|
|t:|1719190553
|switch|p2a: Volcarona|Volcarona, M|100/100
|move|p1a: Empoleon|Surf|p2a: Volcarona
|-supereffective|p2a: Volcarona
|-damage|p2a: Volcarona|0 fnt
|faint|p2a: Volcarona
|
|upkeep
|
|t:|1719190557
|switch|p2a: Breloom|Breloom, F|100/100
|turn|7
|
|t:|1719190564
|switch|p1a: Politoed|Politoed, F|100/100
|-weather|RainDance|[from] ability: Drizzle|[of] p1a: Politoed
|move|p2a: Breloom|Low Sweep|p1a: Politoed
|-damage|p1a: Politoed|45/100
|-unboost|p1a: Politoed|spe|1
|-damage|p2a: Breloom|91/100|[from] item: Life Orb
|
|-weather|RainDance|[upkeep]
|upkeep
|turn|8
|
|t:|1719190568
|move|p2a: Breloom|Bullet Seed|p1a: Politoed
|-supereffective|p1a: Politoed
|-damage|p1a: Politoed|0 fnt
|faint|p1a: Politoed
|-hitcount|p1: Politoed|1
|-damage|p2a: Breloom|81/100|[from] item: Life Orb
|
|-weather|RainDance|[upkeep]
|upkeep
|
|t:|1719190570
|switch|p1a: Garchomp|Garchomp, F|100/100
|turn|9
|
|t:|1719190574
|move|p1a: Garchomp|Outrage|p2a: Breloom
|-damage|p2a: Breloom|0 fnt
|faint|p2a: Breloom
|
|-weather|RainDance|[upkeep]
|upkeep
|
|t:|1719190576
|switch|p2a: Starmie|Starmie|100/100
|turn|10
|
|t:|1719190578
|move|p2a: Starmie|Ice Beam|p1a: Garchomp
|-supereffective|p1a: Garchomp
|-damage|p1a: Garchomp|8/100
|move|p1a: Garchomp|Outrage|p2a: Starmie|[from]lockedmove
|-damage|p2a: Starmie|29/100
|
|-weather|RainDance|[upkeep]
|upkeep
|turn|11
|-enditem|p1a: Garchomp|Custap Berry|[eat]
|-activate|p1a: Garchomp|item: Custap Berry|[consumed]
|
|t:|1719190581
|move|p1a: Garchomp|Outrage|p2a: Starmie|[from]lockedmove
|-damage|p2a: Starmie|0 fnt
|faint|p2a: Starmie
|-start|p1a: Garchomp|confusion|[fatigue]
|
|-weather|RainDance|[upkeep]
|upkeep
|
|t:|1719190587
|switch|p2a: Scizor|Scizor, F|100/100
|turn|12
|
|t:|1719190591
|switch|p1a: Magnezone|Magnezone|100/100
|move|p2a: Scizor|Bullet Punch|p1a: Magnezone
|-resisted|p1a: Magnezone
|-crit|p1a: Magnezone
|-damage|p1a: Magnezone|76/100
|-damage|p2a: Scizor|91/100|[from] item: Life Orb
|
|-weather|RainDance|[upkeep]
|-heal|p1a: Magnezone|82/100|[from] item: Leftovers
|upkeep
|turn|13
|
|t:|1719190607
|move|p1a: Magnezone|Substitute|p1a: Magnezone
|-start|p1a: Magnezone|Substitute
|-damage|p1a: Magnezone|57/100
|move|p2a: Scizor|Superpower|p1a: Magnezone
|-supereffective|p1a: Magnezone
|-end|p1a: Magnezone|Substitute
|-unboost|p2a: Scizor|atk|1
|-unboost|p2a: Scizor|def|1
|-damage|p2a: Scizor|81/100|[from] item: Life Orb
|
|-weather|RainDance|[upkeep]
|-heal|p1a: Magnezone|63/100|[from] item: Leftovers
|upkeep
|turn|14
|
|t:|1719190612
|move|p1a: Magnezone|Substitute|p1a: Magnezone
|-start|p1a: Magnezone|Substitute
|-damage|p1a: Magnezone|38/100
|move|p2a: Scizor|Superpower|p1a: Magnezone
|-supereffective|p1a: Magnezone
|-end|p1a: Magnezone|Substitute
|-unboost|p2a: Scizor|atk|1
|-unboost|p2a: Scizor|def|1
|-damage|p2a: Scizor|71/100|[from] item: Life Orb
|
|-weather|RainDance|[upkeep]
|-heal|p1a: Magnezone|44/100|[from] item: Leftovers
|upkeep
|turn|15
|
|t:|1719190621
|move|p1a: Magnezone|Substitute|p1a: Magnezone
|-start|p1a: Magnezone|Substitute
|-damage|p1a: Magnezone|19/100
|move|p2a: Scizor|Superpower|p1a: Magnezone
|-supereffective|p1a: Magnezone
|-end|p1a: Magnezone|Substitute
|-unboost|p2a: Scizor|atk|1
|-unboost|p2a: Scizor|def|1
|-damage|p2a: Scizor|61/100|[from] item: Life Orb
|
|-weather|RainDance|[upkeep]
|-heal|p1a: Magnezone|25/100|[from] item: Leftovers
|upkeep
|turn|16
|
|t:|1719190623
|move|p1a: Magnezone|Thunder|p2a: Scizor
|-damage|p2a: Scizor|0 fnt
|faint|p2a: Scizor
|
|-weather|RainDance|[upkeep]
|-heal|p1a: Magnezone|31/100|[from] item: Leftovers
|upkeep
|
|t:|1719190626
|switch|p2a: Dragonite|Dragonite, M|100/100
|turn|17
|
|t:|1719190637
|move|p2a: Dragonite|Fire Punch|p1a: Magnezone
|-supereffective|p1a: Magnezone
|-damage|p1a: Magnezone|0 fnt
|faint|p1a: Magnezone
|
|-weather|RainDance|[upkeep]
|upkeep
|
|t:|1719190642
|switch|p1a: Garchomp|Garchomp, F|8/100
|turn|18
|
|t:|1719190649
|move|p2a: Dragonite|Extreme Speed|p1a: Garchomp
|-damage|p1a: Garchomp|0 fnt
|-damage|p2a: Dragonite|88/100|[from] ability: Rough Skin|[of] p1a: Garchomp
|faint|p1a: Garchomp
|
|-weather|RainDance|[upkeep]
|upkeep
|
|t:|1719190651
|switch|p1a: Latios|Latios, M|27/100
|turn|19
|
|t:|1719190654
|move|p2a: Dragonite|Extreme Speed|p1a: Latios
|-damage|p1a: Latios|0 fnt
|faint|p1a: Latios
|
|-weather|RainDance|[upkeep]
|upkeep
|
|t:|1719190656
|switch|p1a: Empoleon|Empoleon, M|91/100
|turn|20
|
|t:|1719190659
|move|p2a: Dragonite|Fire Punch|p1a: Empoleon
|-damage|p1a: Empoleon|73/100
|move|p1a: Empoleon|Surf|p2a: Dragonite
|-resisted|p2a: Dragonite
|-damage|p2a: Dragonite|49/100
|
|-weather|RainDance|[upkeep]
|upkeep
|turn|21
|
|t:|1719190663
|move|p2a: Dragonite|Outrage|p1a: Empoleon
|-resisted|p1a: Empoleon
|-crit|p1a: Empoleon
|-damage|p1a: Empoleon|0 fnt
|faint|p1a: Empoleon
|
|win|Pineapple8081
|raw|BWR Monai's rating: 1479 &rarr; <strong>1455</strong><br />(-24 for losing)
|raw|Pineapple8081's rating: 1406 &rarr; <strong>1430</strong><br />(+24 for winning)
|l|☆Pineapple8081
|player|p2|
