|j|☆killerfishsandiego
|j|☆Dababy's Hitman
|t:|1715210505
|gametype|singles
|player|p1|killerfishsandiego|pokemonbreederf|1449
|player|p2|Dababy's Hitman|blue-gen2|1414
|teamsize|p1|6
|teamsize|p2|6
|gen|5
|tier|[Gen 5] OU
|rated|
|rule|Species Clause: Limit one of each Pokémon
|rule|OHKO Clause: OHKO moves are banned
|rule|Moody Clause: Moody is banned
|rule|Evasion Items Clause: Evasion items are banned
|rule|Evasion Moves Clause: Evasion moves are banned
|rule|Endless Battle Clause: Forcing endless battles is banned
|rule|HP Percentage Mod: HP is shown in percentages
|rule|Evasion Abilities Clause: Evasion abilities are banned
|rule|Sleep Moves Clause: Sleep-inducing moves are banned
|rule|Swagger Clause: Swagger is banned
|rule|Baton Pass Stat Clause: No Baton Passer may have a way to boost its stats
|clearpoke
|poke|p1|Kyurem-Black|item
|poke|p1|Forretress, M|item
|poke|p1|Jellicent, M|item
|poke|p1|Abomasnow, F|item
|poke|p1|Skarmory, M|item
|poke|p1|Clefable, M|item
|poke|p2|Tyranitar, M|item
|poke|p2|Rotom-Wash|item
|poke|p2|Landorus-Therian, M|item
|poke|p2|Terrakion|item
|poke|p2|Excadrill, M|item
|poke|p2|Celebi|item
|teampreview
|inactive|Battle timer is ON: inactive players will automatically lose when time's up. (requested by killerfishsandiego)
|
|t:|1715210523
|start
|switch|p1a: Skarmory|Skarmory, M|100/100
|switch|p2a: Rotom|Rotom-Wash|100/100
|turn|1
|
|t:|1715210531
|move|p1a: Skarmory|Stealth Rock|p2a: Rotom
|-sidestart|p2: Dababy's Hitman|move: Stealth Rock
|move|p2a: Rotom|Volt Switch|p1a: Skarmory
|-supereffective|p1a: Skarmory
|-damage|p1a: Skarmory|25/100
|
|t:|1715210539
|switch|p2a: Landorus|Landorus-Therian, M|100/100|[from] Volt Switch
|-damage|p2a: Landorus|88/100|[from] Stealth Rock
|-ability|p2a: Landorus|Intimidate|boost
|-unboost|p1a: Skarmory|atk|1
|
|-heal|p2a: Landorus|94/100|[from] item: Leftovers
|upkeep
|turn|2
|
|t:|1715210544
|move|p2a: Landorus|Stealth Rock|p1a: Skarmory
|-sidestart|p1: killerfishsandiego|move: Stealth Rock
|move|p1a: Skarmory|Spikes|p2a: Landorus
|-sidestart|p2: Dababy's Hitman|Spikes
|
|-heal|p2a: Landorus|99/100|[from] item: Leftovers
|upkeep
|turn|3
|
|t:|1715210550
|move|p2a: Landorus|Hidden Power|p1a: Skarmory
|-damage|p1a: Skarmory|2/100
|move|p1a: Skarmory|Spikes|p2a: Landorus
|-sidestart|p2: Dababy's Hitman|Spikes
|
|-heal|p2a: Landorus|100/100|[from] item: Leftovers
|upkeep
|turn|4
|j| fludner
|
|t:|1715210561
|switch|p2a: Excadrill|Excadrill, M|100/100
|-damage|p2a: Excadrill|97/100|[from] Stealth Rock
|-damage|p2a: Excadrill|81/100|[from] Spikes
|switch|p1a: Forretress|Forretress, M|100/100
|-damage|p1a: Forretress|88/100|[from] Stealth Rock
|
|-heal|p2a: Excadrill|87/100|[from] item: Leftovers
|upkeep
|turn|5
|
|t:|1715210573
|switch|p1a: Jellicent|Jellicent, M|100/100
|-damage|p1a: Jellicent|88/100|[from] Stealth Rock
|-item|p1a: Jellicent|Air Balloon
|move|p2a: Excadrill|Rapid Spin|p1a: Jellicent
|-immune|p1a: Jellicent
|
|-heal|p2a: Excadrill|93/100|[from] item: Leftovers
|upkeep
|turn|6
|
|t:|1715210584
|switch|p2a: Rotom|Rotom-Wash|100/100
|-damage|p2a: Rotom|88/100|[from] Stealth Rock
|move|p1a: Jellicent|Will-O-Wisp|p2a: Rotom
|-status|p2a: Rotom|brn
|
|-heal|p2a: Rotom|94/100 brn|[from] item: Leftovers
|-damage|p2a: Rotom|82/100 brn|[from] brn
|upkeep
|turn|7
|
|t:|1715210595
|switch|p1a: Skarmory|Skarmory, M|2/100
|-damage|p1a: Skarmory|0 fnt|[from] Stealth Rock
|faint|p1a: Skarmory
|move|p2a: Rotom|Will-O-Wisp|p1: Skarmory|[notarget]
|-fail|p2a: Rotom
|
|-heal|p2a: Rotom|88/100 brn|[from] item: Leftovers
|-damage|p2a: Rotom|75/100 brn|[from] brn
|upkeep
|
|t:|1715210602
|switch|p1a: Forretress|Forretress, M|88/100
|-damage|p1a: Forretress|76/100|[from] Stealth Rock
|turn|8
|
|t:|1715210610
|move|p2a: Rotom|Volt Switch|p1a: Forretress
|-damage|p1a: Forretress|42/100
|
|t:|1715210615
|switch|p2a: Excadrill|Excadrill, M|93/100|[from] Volt Switch
|-damage|p2a: Excadrill|90/100|[from] Stealth Rock
|-damage|p2a: Excadrill|73/100|[from] Spikes
|move|p1a: Forretress|Rapid Spin|p2a: Excadrill
|-resisted|p2a: Excadrill
|-damage|p2a: Excadrill|70/100
|-sideend|p1: killerfishsandiego|Stealth Rock|[from] move: Rapid Spin|[of] p1a: Forretress
|
|-heal|p2a: Excadrill|76/100|[from] item: Leftovers
|upkeep
|turn|9
|
|t:|1715210619
|switch|p1a: Jellicent|Jellicent, M|88/100
|-item|p1a: Jellicent|Air Balloon
|move|p2a: Excadrill|Iron Head|p1a: Jellicent
|-resisted|p1a: Jellicent
|-damage|p1a: Jellicent|69/100
|-enditem|p1a: Jellicent|Air Balloon
|
|-heal|p2a: Excadrill|82/100|[from] item: Leftovers
|upkeep
|turn|10
|
|t:|1715210629
|move|p2a: Excadrill|Swords Dance|p2a: Excadrill
|-boost|p2a: Excadrill|atk|2
|move|p1a: Jellicent|Will-O-Wisp|p2a: Excadrill
|-status|p2a: Excadrill|brn
|
|-heal|p2a: Excadrill|88/100 brn|[from] item: Leftovers
|-damage|p2a: Excadrill|76/100 brn|[from] brn
|upkeep
|turn|11
|
|t:|1715210634
|move|p2a: Excadrill|Earthquake|p1a: Jellicent
|-damage|p1a: Jellicent|20/100
|move|p1a: Jellicent|Recover|p1a: Jellicent
|-heal|p1a: Jellicent|70/100
|
|-heal|p2a: Excadrill|82/100 brn|[from] item: Leftovers
|-damage|p2a: Excadrill|69/100 brn|[from] brn
|upkeep
|turn|12
|
|t:|1715210644
|move|p2a: Excadrill|Swords Dance|p2a: Excadrill
|-boost|p2a: Excadrill|atk|2
|move|p1a: Jellicent|Recover|p1a: Jellicent
|-heal|p1a: Jellicent|100/100
|
|-heal|p2a: Excadrill|76/100 brn|[from] item: Leftovers
|-damage|p2a: Excadrill|63/100 brn|[from] brn
|upkeep
|turn|13
|
|t:|1715210650
|move|p2a: Excadrill|Earthquake|p1a: Jellicent
|-damage|p1a: Jellicent|26/100
|move|p1a: Jellicent|Shadow Ball|p2a: Excadrill
|-resisted|p2a: Excadrill
|-damage|p2a: Excadrill|51/100 brn
|
|-heal|p2a: Excadrill|57/100 brn|[from] item: Leftovers
|-damage|p2a: Excadrill|44/100 brn|[from] brn
|upkeep
|turn|14
|
|t:|1715210657
|switch|p1a: Forretress|Forretress, M|42/100
|move|p2a: Excadrill|Earthquake|p1a: Forretress
|-damage|p1a: Forretress|1/100
|
|-heal|p2a: Excadrill|50/100 brn|[from] item: Leftovers
|-damage|p2a: Excadrill|38/100 brn|[from] brn
|upkeep
|turn|15
|
|t:|1715210662
|switch|p1a: Jellicent|Jellicent, M|26/100
|move|p2a: Excadrill|Rapid Spin|p1a: Jellicent
|-immune|p1a: Jellicent
|
|-heal|p2a: Excadrill|44/100 brn|[from] item: Leftovers
|-damage|p2a: Excadrill|32/100 brn|[from] brn
|upkeep
|turn|16
|
|t:|1715210667
|switch|p1a: Forretress|Forretress, M|1/100
|move|p2a: Excadrill|Iron Head|p1a: Forretress
|-resisted|p1a: Forretress
|-damage|p1a: Forretress|0 fnt
|-damage|p2a: Excadrill|15/100 brn|[from] item: Rocky Helmet|[of] p1a: Forretress
|faint|p1a: Forretress
|
|-heal|p2a: Excadrill|21/100 brn|[from] item: Leftovers
|-damage|p2a: Excadrill|9/100 brn|[from] brn
|upkeep
|
|t:|1715210670
|switch|p1a: Kyurem|Kyurem-Black|100/100
|-ability|p1a: Kyurem|Teravolt
|turn|17
|
|t:|1715210676
|move|p1a: Kyurem|Earth Power|p2a: Excadrill
|-supereffective|p2a: Excadrill
|-damage|p2a: Excadrill|0 fnt
|faint|p2a: Excadrill
|
|upkeep
|
|t:|1715210680
|switch|p2a: Landorus|Landorus-Therian, M|100/100
|-damage|p2a: Landorus|88/100|[from] Stealth Rock
|-ability|p2a: Landorus|Intimidate|boost
|-unboost|p1a: Kyurem|atk|1
|turn|18
|
|t:|1715210687
|move|p1a: Kyurem|Substitute|p1a: Kyurem
|-start|p1a: Kyurem|Substitute
|-damage|p1a: Kyurem|76/100
|move|p2a: Landorus|Stealth Rock|p1a: Kyurem
|-sidestart|p1: killerfishsandiego|move: Stealth Rock
|
|-heal|p2a: Landorus|94/100|[from] item: Leftovers
|upkeep
|turn|19
|
|t:|1715210698
|move|p1a: Kyurem|Ice Beam|p2a: Landorus
|-supereffective|p2a: Landorus
|-damage|p2a: Landorus|0 fnt
|faint|p2a: Landorus
|
|upkeep
|
|t:|1715210703
|switch|p2a: Tyranitar|Tyranitar, M|100/100
|-damage|p2a: Tyranitar|88/100|[from] Stealth Rock
|-damage|p2a: Tyranitar|71/100|[from] Spikes
|-weather|Sandstorm|[from] ability: Sand Stream|[of] p2a: Tyranitar
|turn|20
|
|t:|1715210723
|move|p2a: Tyranitar|Crunch|p1a: Kyurem
|-end|p1a: Kyurem|Substitute
|move|p1a: Kyurem|Dragon Tail|p2a: Tyranitar
|-damage|p2a: Tyranitar|55/100
|drag|p2a: Rotom|Rotom-Wash|75/100 brn
|-damage|p2a: Rotom|63/100 brn|[from] Stealth Rock
|-damage|p2a: Rotom|47/100 brn|[from] Spikes
|
|-weather|Sandstorm|[upkeep]
|-damage|p1a: Kyurem|69/100|[from] Sandstorm
|-damage|p2a: Rotom|40/100 brn|[from] Sandstorm
|-heal|p2a: Rotom|47/100 brn|[from] item: Leftovers
|-damage|p2a: Rotom|34/100 brn|[from] brn
|upkeep
|turn|21
|
|t:|1715210743
|move|p1a: Kyurem|Substitute|p1a: Kyurem
|-start|p1a: Kyurem|Substitute
|-damage|p1a: Kyurem|44/100
|move|p2a: Rotom|Will-O-Wisp||[still]
|-fail|p2a: Rotom
|
|-weather|Sandstorm|[upkeep]
|-damage|p1a: Kyurem|38/100|[from] Sandstorm
|-damage|p2a: Rotom|28/100 brn|[from] Sandstorm
|-heal|p2a: Rotom|34/100 brn|[from] item: Leftovers
|-damage|p2a: Rotom|22/100 brn|[from] brn
|upkeep
|turn|22
|
|t:|1715210748
|move|p1a: Kyurem|Earth Power|p2a: Rotom
|-supereffective|p2a: Rotom
|-damage|p2a: Rotom|0 fnt
|faint|p2a: Rotom
|
|-weather|Sandstorm|[upkeep]
|-damage|p1a: Kyurem|32/100|[from] Sandstorm
|upkeep
|
|t:|1715210756
|switch|p2a: Celebi|Celebi|100/100
|-damage|p2a: Celebi|88/100|[from] Stealth Rock
|-damage|p2a: Celebi|71/100|[from] Spikes
|turn|23
|
|t:|1715210761
|move|p1a: Kyurem|Ice Beam|p2a: Celebi
|-supereffective|p2a: Celebi
|-damage|p2a: Celebi|12/100
|move|p2a: Celebi|Psychic|p1a: Kyurem
|-end|p1a: Kyurem|Substitute
|
|-weather|Sandstorm|[upkeep]
|-damage|p1a: Kyurem|26/100|[from] Sandstorm
|-damage|p2a: Celebi|6/100|[from] Sandstorm
|-heal|p2a: Celebi|12/100|[from] item: Leftovers
|upkeep
|turn|24
|
|t:|1715210769
|move|p1a: Kyurem|Ice Beam|p2a: Celebi
|-supereffective|p2a: Celebi
|-damage|p2a: Celebi|0 fnt
|faint|p2a: Celebi
|
|-weather|Sandstorm|[upkeep]
|-damage|p1a: Kyurem|20/100|[from] Sandstorm
|upkeep
|
|t:|1715210777
|switch|p2a: Terrakion|Terrakion|100/100
|-damage|p2a: Terrakion|94/100|[from] Stealth Rock
|-damage|p2a: Terrakion|78/100|[from] Spikes
|turn|25
|l| fludner
|
|t:|1715210799
|move|p2a: Terrakion|Rock Slide|p1a: Kyurem
|-supereffective|p1a: Kyurem
|-damage|p1a: Kyurem|0 fnt
|faint|p1a: Kyurem
|
|-weather|Sandstorm|[upkeep]
|upkeep
|
|t:|1715210805
|switch|p1a: Abomasnow|Abomasnow, F|100/100
|-damage|p1a: Abomasnow|76/100|[from] Stealth Rock
|-weather|Hail|[from] ability: Snow Warning|[of] p1a: Abomasnow
|turn|26
|
|t:|1715210810
|move|p1a: Abomasnow|Wood Hammer|p2a: Terrakion
|-supereffective|p2a: Terrakion
|-damage|p2a: Terrakion|0 fnt
|faint|p2a: Terrakion
|-damage|p1a: Abomasnow|50/100|[from] Recoil
|
|-weather|Hail|[upkeep]
|upkeep
|
|t:|1715210815
|switch|p2a: Tyranitar|Tyranitar, M|55/100
|-damage|p2a: Tyranitar|43/100|[from] Stealth Rock
|-damage|p2a: Tyranitar|26/100|[from] Spikes
|-weather|Sandstorm|[from] ability: Sand Stream|[of] p2a: Tyranitar
|turn|27
|
|t:|1715210820
|move|p1a: Abomasnow|Wood Hammer|p2a: Tyranitar
|-supereffective|p2a: Tyranitar
|-damage|p2a: Tyranitar|0 fnt
|faint|p2a: Tyranitar
|-damage|p1a: Abomasnow|39/100|[from] Recoil
|
|win|killerfishsandiego
|raw|killerfishsandiego's rating: 1449 &rarr; <strong>1467</strong><br />(+18 for winning)
|raw|Dababy&apos;s Hitman's rating: 1414 &rarr; <strong>1396</strong><br />(-18 for losing)
|c|☆killerfishsandiego|gg
