|uhtml|medal-msg|<div class="broadcast-blue">Curious what those medals under the avatar are? PS now has Ladder Seasons! For more information, check out the <a href="https://www.smogon.com/forums/threads/3740067/">thread on Smogon.</a></div>
|uhtml|medal-msg|<div class="broadcast-blue">Curious what those medals under the avatar are? PS now has Ladder Seasons! For more information, check out the <a href="https://www.smogon.com/forums/threads/3740067/">thread on Smogon.</a></div>
|j|☆Jellium
|j|‽RouteSonic
|t:|1712842668
|gametype|singles
|player|p1|Jellium|scientist-gen4|1409
|player|p2|RouteSonic|266|1305
|teamsize|p1|6
|teamsize|p2|6
|gen|5
|tier|[Gen 5] OU
|rated|
|rule|Species Clause: Limit one of each Pokémon
|rule|OHKO Clause: OHKO moves are banned
|rule|Moody Clause: Moody is banned
|rule|Evasion Items Clause: Evasion items are banned
|rule|Evasion Moves Clause: Evasion moves are banned
|rule|Endless Battle Clause: Forcing endless battles is banned
|rule|HP Percentage Mod: HP is shown in percentages
|rule|Evasion Abilities Clause: Evasion abilities are banned
|rule|Sleep Moves Clause: Sleep-inducing moves are banned
|rule|Swagger Clause: Swagger is banned
|rule|Baton Pass Stat Clause: No Baton Passer may have a way to boost its stats
|clearpoke
|poke|p1|Jirachi|item
|poke|p1|Dragonite, F|item
|poke|p1|Kyurem-Black|item
|poke|p1|Latios, M|item
|poke|p1|Magnezone|item
|poke|p1|Aerodactyl, M|item
|poke|p2|Ferrothorn, F|item
|poke|p2|Terrakion|item
|poke|p2|Garchomp, F|item
|poke|p2|Volcarona, M|item
|poke|p2|Starmie|item
|poke|p2|Dragonite, M|item
|teampreview
|inactive|Battle timer is ON: inactive players will automatically lose when time's up. (requested by RouteSonic)
|
|t:|1712842683
|start
|switch|p1a: SIU|Aerodactyl, M|100/100
|switch|p2a: Dragonite|Dragonite, M|100/100
|-ability|p1a: SIU|Unnerve
|turn|1
|
|t:|1712842698
|move|p1a: SIU|Stone Edge|p2a: Dragonite
|-supereffective|p2a: Dragonite
|-damage|p2a: Dragonite|53/100
|move|p2a: Dragonite|Ice Punch|p1a: SIU
|-supereffective|p1a: SIU
|-enditem|p1a: SIU|Focus Sash
|-damage|p1a: SIU|1/100
|
|upkeep
|turn|2
|
|t:|1712842711
|switch|p1a: Badass|Jirachi|100/100
|move|p2a: Dragonite|Extreme Speed|p1a: Badass
|-resisted|p1a: Badass
|-damage|p1a: Badass|87/100
|
|upkeep
|turn|3
|
|t:|1712842717
|move|p1a: Badass|U-turn|p2a: Dragonite
|-resisted|p2a: Dragonite
|-damage|p2a: Dragonite|41/100
|
|t:|1712842727
|switch|p1a: IDM Hugo|Latios, M|100/100|[from] U-turn
|move|p2a: Dragonite|Dragon Dance|p2a: Dragonite
|-boost|p2a: Dragonite|atk|1
|-boost|p2a: Dragonite|spe|1
|
|upkeep
|turn|4
|
|t:|1712842736
|move|p1a: IDM Hugo|Psyshock|p2a: Dragonite
|-damage|p2a: Dragonite|0 fnt
|faint|p2a: Dragonite
|
|upkeep
|
|t:|1712842743
|switch|p2a: Volcarona|Volcarona, M|100/100
|turn|5
|
|t:|1712842748
|move|p1a: IDM Hugo|Psyshock|p2a: Volcarona
|-damage|p2a: Volcarona|36/100
|move|p2a: Volcarona|Quiver Dance|p2a: Volcarona
|-boost|p2a: Volcarona|spa|1
|-boost|p2a: Volcarona|spd|1
|-boost|p2a: Volcarona|spe|1
|
|upkeep
|turn|6
|
|t:|1712842754
|switch|p2a: Ferrothorn|Ferrothorn, F|100/100
|move|p1a: IDM Hugo|Psyshock|p2a: Ferrothorn
|-resisted|p2a: Ferrothorn
|-damage|p2a: Ferrothorn|87/100
|
|upkeep
|turn|7
|
|t:|1712842768
|switch|p1a: SIU|Aerodactyl, M|1/100
|-ability|p1a: SIU|Unnerve
|move|p2a: Ferrothorn|Thunder Wave|p1a: SIU
|-status|p1a: SIU|par
|
|upkeep
|turn|8
|inactive|RouteSonic has 120 seconds left.
|
|t:|1712842799
|move|p1a: SIU|Fire Blast|p2a: Ferrothorn
|-supereffective|p2a: Ferrothorn
|-damage|p2a: Ferrothorn|21/100
|move|p2a: Ferrothorn|Stealth Rock|p1a: SIU
|-sidestart|p1: Jellium|move: Stealth Rock
|
|upkeep
|turn|9
|inactive|RouteSonic has 120 seconds left.
|
|t:|1712842810
|switch|p2a: Terrakion|Terrakion|100/100
|move|p1a: SIU|Stealth Rock|p2a: Terrakion
|-sidestart|p2: RouteSonic|move: Stealth Rock
|
|upkeep
|turn|10
|
|t:|1712842817
|move|p2a: Terrakion|Swords Dance|p2a: Terrakion
|-boost|p2a: Terrakion|atk|2
|move|p1a: SIU|Stone Edge|p2a: Terrakion
|-resisted|p2a: Terrakion
|-damage|p2a: Terrakion|75/100
|
|upkeep
|turn|11
|
|t:|1712842823
|move|p2a: Terrakion|Rock Polish|p2a: Terrakion
|-boost|p2a: Terrakion|spe|2
|move|p1a: SIU|Stone Edge|p2a: Terrakion
|-resisted|p2a: Terrakion
|-damage|p2a: Terrakion|49/100
|
|upkeep
|turn|12
|
|t:|1712842831
|move|p2a: Terrakion|Stone Edge|p1a: SIU
|-supereffective|p1a: SIU
|-damage|p1a: SIU|0 fnt
|faint|p1a: SIU
|
|upkeep
|j| chedda getta
|
|t:|1712842842
|switch|p1a: IDM Hugo|Latios, M|100/100
|-damage|p1a: IDM Hugo|88/100|[from] Stealth Rock
|turn|13
|
|t:|1712842855
|move|p2a: Terrakion|Stone Edge|p1a: IDM Hugo|[miss]
|-miss|p2a: Terrakion|p1a: IDM Hugo
|move|p1a: IDM Hugo|Psyshock|p2a: Terrakion
|-supereffective|p2a: Terrakion
|-damage|p2a: Terrakion|0 fnt
|faint|p2a: Terrakion
|
|upkeep
|
|t:|1712842860
|switch|p2a: Starmie|Starmie|100/100
|-damage|p2a: Starmie|88/100|[from] Stealth Rock
|turn|14
|
|t:|1712842870
|switch|p1a: BKC|Kyurem-Black|100/100
|-damage|p1a: BKC|76/100|[from] Stealth Rock
|-ability|p1a: BKC|Teravolt
|move|p2a: Starmie|Ice Beam|p1a: BKC
|-damage|p1a: BKC|36/100
|-damage|p2a: Starmie|78/100|[from] item: Life Orb
|
|upkeep
|turn|15
|
|t:|1712842887
|move|p2a: Starmie|Ice Beam|p1a: BKC
|-damage|p1a: BKC|0 fnt
|faint|p1a: BKC
|-damage|p2a: Starmie|68/100|[from] item: Life Orb
|
|upkeep
|
|t:|1712842894
|switch|p1a: Badass|Jirachi|87/100
|-damage|p1a: Badass|81/100|[from] Stealth Rock
|turn|16
|
|t:|1712842915
|move|p1a: Badass|U-turn|p2a: Starmie
|-supereffective|p2a: Starmie
|-damage|p2a: Starmie|0 fnt
|faint|p2a: Starmie
|
|t:|1712842930
|switch|p1a: CTC|Magnezone|100/100|[from] U-turn
|-damage|p1a: CTC|95/100|[from] Stealth Rock
|
|upkeep
|l| chedda getta
|
|t:|1712842942
|switch|p2a: Garchomp|Garchomp, F|100/100
|-damage|p2a: Garchomp|94/100|[from] Stealth Rock
|turn|17
|
|t:|1712842946
|move|p2a: Garchomp|Substitute|p2a: Garchomp
|-start|p2a: Garchomp|Substitute
|-damage|p2a: Garchomp|69/100
|move|p1a: CTC|Flash Cannon|p2a: Garchomp
|-end|p2a: Garchomp|Substitute
|
|upkeep
|turn|18
|
|t:|1712842954
|move|p2a: Garchomp|Swords Dance|p2a: Garchomp
|-boost|p2a: Garchomp|atk|2
|move|p1a: CTC|Flash Cannon|p2a: Garchomp
|-damage|p2a: Garchomp|1/100
|-enditem|p2a: Garchomp|Salac Berry|[eat]
|-boost|p2a: Garchomp|spe|1|[from] item: Salac Berry
|
|upkeep
|turn|19
|c|☆Jellium|too much setup
|
|t:|1712842963
|move|p2a: Garchomp|Earthquake|p1a: CTC
|-supereffective|p1a: CTC
|-damage|p1a: CTC|0 fnt
|faint|p1a: CTC
|
|upkeep
|
|t:|1712842968
|switch|p1a: Stone_Cold|Dragonite, F|100/100
|-damage|p1a: Stone_Cold|76/100|[from] Stealth Rock
|turn|20
|
|t:|1712842972
|move|p1a: Stone_Cold|Extreme Speed|p2a: Garchomp
|-damage|p2a: Garchomp|0 fnt
|-damage|p1a: Stone_Cold|63/100|[from] ability: Rough Skin|[of] p2a: Garchomp
|faint|p2a: Garchomp
|
|upkeep
|
|t:|1712842975
|switch|p2a: Ferrothorn|Ferrothorn, F|21/100
|-damage|p2a: Ferrothorn|15/100|[from] Stealth Rock
|turn|21
|
|t:|1712842980
|move|p1a: Stone_Cold|Earthquake|p2a: Ferrothorn
|-damage|p2a: Ferrothorn|0 fnt
|faint|p2a: Ferrothorn
|
|upkeep
|-message|RouteSonic forfeited.
|
|win|Jellium
|raw|Jellium's rating: 1409 &rarr; <strong>1423</strong><br />(+14 for winning)
|raw|RouteSonic's rating: 1305 &rarr; <strong>1291</strong><br />(-14 for losing)
|c|☆Jellium|gg
