|j|☆Papandreou
|j|☆Olden Polynice
|player|p1|Papandreou|51
|player|p2|Olden Polynice|69
|teamsize|p1|6
|teamsize|p2|6
|gametype|singles
|gen|5
|tier|[Gen 5] OU
|rated|
|rule|Sleep Clause Mod: Limit one foe put to sleep
|rule|Species Clause: Limit one of each Pokémon
|rule|OHKO Clause: OHKO moves are banned
|rule|Moody Clause: Moody is banned
|rule|Evasion Moves Clause: Evasion moves are banned
|rule|Endless Battle Clause: Forcing endless battles is banned
|rule|HP Percentage Mod: HP is shown in percentages
|rule|Evasion Abilities Clause: Evasion abilities are banned
|rule|Baton Pass Clause: Limit one Baton Passer, can't pass Spe and other stats simultaneously
|rule|Swagger Clause: Swagger is banned
|clearpoke
|poke|p1|Tyranitar, M|item
|poke|p1|Slowbro, F|item
|poke|p1|Amoonguss, M|item
|poke|p1|Terrakion|item
|poke|p1|Excadrill, M|item
|poke|p1|Landorus-Therian, M|item
|poke|p2|Garchomp, M|item
|poke|p2|Heracross, M|item
|poke|p2|Sableye, M|item
|poke|p2|Alakazam, M|item
|poke|p2|Latios, M|item
|poke|p2|Skarmory, F|item
|teampreview
|inactive|Battle timer is ON: inactive players will automatically lose when time's up. (requested by Papandreou)
|
|start
|switch|p1a: Landorus|Landorus-Therian, M|100/100
|switch|p2a: Garchomp|Garchomp, M|100/100
|-ability|p1a: Landorus|Intimidate|boost
|-unboost|p2a: Garchomp|atk|1
|turn|1
|
|move|p1a: Landorus|U-turn|p2a: Garchomp
|-damage|p2a: Garchomp|82/100
|-damage|p1a: Landorus|88/100|[from] ability: Rough Skin|[of] p2a: Garchomp
|-damage|p1a: Landorus|72/100|[from] item: Rocky Helmet|[of] p2a: Garchomp
|
|switch|p1a: Slowbro|Slowbro, F|100/100
|move|p2a: Garchomp|Stealth Rock|p1a: Slowbro
|-sidestart|p1: Papandreou|move: Stealth Rock
|
|upkeep
|turn|2
|
|switch|p2a: Latios|Latios, M|100/100
|move|p1a: Slowbro|Thunder Wave|p2a: Latios
|-status|p2a: Latios|par
|
|upkeep
|turn|3
|
|switch|p2a: Heracross|Heracross, M, shiny|100/100
|switch|p1a: Excadrill|Excadrill, M|100/100
|-damage|p1a: Excadrill|98/100|[from] Stealth Rock
|-ability|p1a: Excadrill|Mold Breaker
|
|-heal|p1a: Excadrill|100/100|[from] item: Leftovers
|upkeep
|turn|4
|
|switch|p1a: Slowbro|Slowbro, F|100/100
|-damage|p1a: Slowbro|88/100|[from] Stealth Rock
|move|p2a: Heracross|Megahorn|p1a: Slowbro
|-supereffective|p1a: Slowbro
|-damage|p1a: Slowbro|0 fnt
|faint|p1a: Slowbro
|
|upkeep
|
|switch|p1a: Terrakion|Terrakion|100/100
|-damage|p1a: Terrakion|94/100|[from] Stealth Rock
|turn|5
|
|switch|p2a: Sableye|Sableye, M|100/100
|move|p1a: Terrakion|Stealth Rock|p2a: Sableye
|-sidestart|p2: Olden Polynice|move: Stealth Rock
|
|upkeep
|turn|6
|
|switch|p1a: Amoonguss|Amoonguss, M|100/100
|-damage|p1a: Amoonguss|88/100|[from] Stealth Rock
|move|p2a: Sableye|Will-O-Wisp|p1a: Amoonguss
|-status|p1a: Amoonguss|brn
|
|-heal|p1a: Amoonguss|94/100 brn|[from] item: Black Sludge
|-damage|p1a: Amoonguss|82/100 brn|[from] brn
|upkeep
|turn|7
|
|move|p2a: Sableye|Taunt|p1a: Amoonguss
|-start|p1a: Amoonguss|move: Taunt
|move|p1a: Amoonguss|Sludge Bomb|p2a: Sableye
|-resisted|p2a: Sableye
|-damage|p2a: Sableye|84/100
|-status|p2a: Sableye|psn
|
|-heal|p2a: Sableye|90/100 psn|[from] item: Leftovers
|-heal|p1a: Amoonguss|88/100 brn|[from] item: Black Sludge
|-damage|p2a: Sableye|77/100 psn|[from] psn
|-damage|p1a: Amoonguss|75/100 brn|[from] brn
|upkeep
|turn|8
|
|switch|p1a: Terrakion|Terrakion|94/100
|-damage|p1a: Terrakion|88/100|[from] Stealth Rock
|move|p2a: Sableye|Night Shade|p1a: Terrakion
|-damage|p1a: Terrakion|57/100
|
|-heal|p2a: Sableye|84/100 psn|[from] item: Leftovers
|-damage|p2a: Sableye|71/100 psn|[from] psn
|upkeep
|turn|9
|
|move|p2a: Sableye|Will-O-Wisp|p1a: Terrakion
|-status|p1a: Terrakion|brn
|move|p1a: Terrakion|Stone Edge|p2a: Sableye
|-enditem|p1a: Terrakion|Rock Gem|[from] gem|[move] Stone Edge
|-damage|p2a: Sableye|22/100 psn
|
|-heal|p2a: Sableye|28/100 psn|[from] item: Leftovers
|-damage|p1a: Terrakion|45/100 brn|[from] brn
|-damage|p2a: Sableye|16/100 psn|[from] psn
|upkeep
|turn|10
|
|move|p2a: Sableye|Recover|p2a: Sableye
|-heal|p2a: Sableye|66/100 psn
|move|p1a: Terrakion|Stone Edge|p2a: Sableye
|-damage|p2a: Sableye|32/100 psn
|
|-heal|p2a: Sableye|38/100 psn|[from] item: Leftovers
|-damage|p1a: Terrakion|32/100 brn|[from] brn
|-damage|p2a: Sableye|26/100 psn|[from] psn
|upkeep
|turn|11
|-message|Papandreou forfeited.
|
|win|Olden Polynice
|l|☆Papandreou
|raw|Papandreou's rating: 1412 &rarr; <strong>1388</strong><br />(-24 for losing)
|raw|Olden Polynice's rating: 1345 &rarr; <strong>1369</strong><br />(+24 for winning)
