|uhtml|medal-msg|<div class="broadcast-blue">Curious what those medals under the avatar are? PS now has Ladder Seasons! For more information, check out the <a href="https://www.smogon.com/forums/threads/3740067/">thread on Smogon.</a></div>
|uhtml|medal-msg|<div class="broadcast-blue">Curious what those medals under the avatar are? PS now has Ladder Seasons! For more information, check out the <a href="https://www.smogon.com/forums/threads/3740067/">thread on Smogon.</a></div>
|j|☆Capital L unatic
|j|☆estalos
|t:|1713920629
|gametype|singles
|player|p1|Capital L unatic|lady-gen4|1377
|player|p2|estalos|265|1401
|teamsize|p1|6
|teamsize|p2|6
|gen|5
|tier|[Gen 5] OU
|rated|
|rule|Species Clause: Limit one of each Pokémon
|rule|OHKO Clause: OHKO moves are banned
|rule|Moody Clause: Moody is banned
|rule|Evasion Items Clause: Evasion items are banned
|rule|Evasion Moves Clause: Evasion moves are banned
|rule|Endless Battle Clause: Forcing endless battles is banned
|rule|HP Percentage Mod: HP is shown in percentages
|rule|Evasion Abilities Clause: Evasion abilities are banned
|rule|Sleep Moves Clause: Sleep-inducing moves are banned
|rule|Swagger Clause: Swagger is banned
|rule|Baton Pass Stat Clause: No Baton Passer may have a way to boost its stats
|clearpoke
|poke|p1|Scizor, F|item
|poke|p1|Keldeo-Resolute|item
|poke|p1|Landorus-Therian, M|item
|poke|p1|Rotom-Wash|item
|poke|p1|Kyurem-Black|item
|poke|p1|Latias, F|item
|poke|p2|Cloyster, F|item
|poke|p2|Skarmory, M|item
|poke|p2|Starmie|item
|poke|p2|Scizor, M|item
|poke|p2|Volcarona, M|item
|poke|p2|Landorus-Therian, M|item
|teampreview
|
|t:|1713920644
|start
|switch|p1a: Rotom|Rotom-Wash, shiny|100/100
|switch|p2a: Skarmory|Skarmory, M|100/100
|turn|1
|
|t:|1713920649
|move|p2a: Skarmory|Stealth Rock|p1a: Rotom
|-sidestart|p1: Capital L unatic|move: Stealth Rock
|move|p1a: Rotom|Volt Switch|p2a: Skarmory
|-supereffective|p2a: Skarmory
|-ability|p2a: Skarmory|Sturdy
|-damage|p2a: Skarmory|1/100
|
|t:|1713920657
|switch|p1a: Landorus|Landorus-Therian, M, shiny|100/100|[from] Volt Switch
|-damage|p1a: Landorus|88/100|[from] Stealth Rock
|-ability|p1a: Landorus|Intimidate|boost
|-unboost|p2a: Skarmory|atk|1
|
|-heal|p1a: Landorus|94/100|[from] item: Leftovers
|upkeep
|turn|2
|-enditem|p2a: Skarmory|Custap Berry|[eat]
|-activate|p2a: Skarmory|item: Custap Berry|[consumed]
|
|t:|1713920663
|move|p2a: Skarmory|Spikes|p1a: Landorus
|-sidestart|p1: Capital L unatic|Spikes
|move|p1a: Landorus|Stealth Rock|p2a: Skarmory
|-sidestart|p2: estalos|move: Stealth Rock
|
|-heal|p1a: Landorus|100/100|[from] item: Leftovers
|upkeep
|turn|3
|
|t:|1713920669
|move|p2a: Skarmory|Spikes|p1a: Landorus
|-sidestart|p1: Capital L unatic|Spikes
|move|p1a: Landorus|U-turn|p2a: Skarmory
|-resisted|p2a: Skarmory
|-damage|p2a: Skarmory|0 fnt
|faint|p2a: Skarmory
|
|t:|1713920685
|switch|p1a: Latias|Latias, F, shiny|100/100|[from] U-turn
|-damage|p1a: Latias|88/100|[from] Stealth Rock
|
|-heal|p1a: Latias|94/100|[from] item: Leftovers
|upkeep
|
|t:|1713920688
|switch|p2a: Scizor|Scizor, M|100/100
|-damage|p2a: Scizor|88/100|[from] Stealth Rock
|turn|4
|
|t:|1713920691
|-activate|p1a: Latias|move: Pursuit
|move|p2a: Scizor|Pursuit|p1a: Latias|[from]Pursuit
|-supereffective|p1a: Latias
|-damage|p1a: Latias|37/100
|-damage|p2a: Scizor|78/100|[from] item: Life Orb
|switch|p1a: Landorus|Landorus-Therian, M, shiny|100/100
|-damage|p1a: Landorus|88/100|[from] Stealth Rock
|-ability|p1a: Landorus|Intimidate|boost
|-unboost|p2a: Scizor|atk|1
|
|-heal|p1a: Landorus|94/100|[from] item: Leftovers
|upkeep
|turn|5
|
|t:|1713920698
|switch|p2a: Landorus|Landorus-Therian, M|100/100
|-damage|p2a: Landorus|88/100|[from] Stealth Rock
|-ability|p2a: Landorus|Intimidate|boost
|-unboost|p1a: Landorus|atk|1
|move|p1a: Landorus|U-turn|p2a: Landorus
|-resisted|p2a: Landorus
|-damage|p2a: Landorus|79/100
|
|t:|1713920703
|switch|p1a: Keldeo|Keldeo-Resolute|100/100|[from] U-turn
|-damage|p1a: Keldeo|94/100|[from] Stealth Rock
|-damage|p1a: Keldeo|78/100|[from] Spikes
|
|upkeep
|turn|6
|
|t:|1713920708
|switch|p2a: Starmie|Starmie|100/100
|-damage|p2a: Starmie|88/100|[from] Stealth Rock
|-item|p2a: Starmie|Air Balloon
|move|p1a: Keldeo|Hydro Pump|p2a: Starmie
|-resisted|p2a: Starmie
|-damage|p2a: Starmie|31/100
|-enditem|p2a: Starmie|Air Balloon
|-damage|p1a: Keldeo|68/100|[from] item: Life Orb
|
|upkeep
|turn|7
|
|t:|1713920713
|move|p2a: Starmie|Rapid Spin|p1a: Keldeo
|-damage|p1a: Keldeo|64/100
|-sideend|p2: estalos|Stealth Rock|[from] move: Rapid Spin|[of] p2a: Starmie
|move|p1a: Keldeo|Secret Sword|p2a: Starmie
|-resisted|p2a: Starmie
|-damage|p2a: Starmie|0 fnt
|faint|p2a: Starmie
|-damage|p1a: Keldeo|54/100|[from] item: Life Orb
|
|upkeep
|
|t:|1713920723
|switch|p2a: Scizor|Scizor, M|78/100
|turn|8
|
|t:|1713920729
|move|p2a: Scizor|Bullet Punch|p1a: Keldeo
|-resisted|p1a: Keldeo
|-damage|p1a: Keldeo|26/100
|-damage|p2a: Scizor|68/100|[from] item: Life Orb
|move|p1a: Keldeo|Hydro Pump|p2a: Scizor|[miss]
|-miss|p1a: Keldeo|p2a: Scizor
|
|upkeep
|turn|9
|
|t:|1713920734
|switch|p1a: Landorus|Landorus-Therian, M, shiny|94/100
|-damage|p1a: Landorus|82/100|[from] Stealth Rock
|-ability|p1a: Landorus|Intimidate|boost
|-unboost|p2a: Scizor|atk|1
|move|p2a: Scizor|Bullet Punch|p1a: Landorus
|-damage|p1a: Landorus|51/100
|-damage|p2a: Scizor|58/100|[from] item: Life Orb
|
|-heal|p1a: Landorus|57/100|[from] item: Leftovers
|upkeep
|turn|10
|
|t:|1713920741
|move|p2a: Scizor|Swords Dance|p2a: Scizor
|-boost|p2a: Scizor|atk|2
|move|p1a: Landorus|Earthquake|p2a: Scizor
|-damage|p2a: Scizor|0 fnt
|faint|p2a: Scizor
|
|-heal|p1a: Landorus|63/100|[from] item: Leftovers
|upkeep
|
|t:|1713920744
|switch|p2a: Landorus|Landorus-Therian, M|79/100
|-ability|p2a: Landorus|Intimidate|boost
|-unboost|p1a: Landorus|atk|1
|turn|11
|
|t:|1713920750
|move|p2a: Landorus|Rock Polish|p2a: Landorus
|-boost|p2a: Landorus|spe|2
|move|p1a: Landorus|Rock Slide|p2a: Landorus
|-damage|p2a: Landorus|58/100
|
|-heal|p1a: Landorus|69/100|[from] item: Leftovers
|upkeep
|turn|12
|
|t:|1713920760
|switch|p1a: Keldeo|Keldeo-Resolute|26/100
|-damage|p1a: Keldeo|20/100|[from] Stealth Rock
|-damage|p1a: Keldeo|4/100|[from] Spikes
|move|p2a: Landorus|Swords Dance|p2a: Landorus
|-boost|p2a: Landorus|atk|2
|
|upkeep
|turn|13
|
|t:|1713920762
|switch|p1a: Landorus|Landorus-Therian, M, shiny|69/100
|-damage|p1a: Landorus|57/100|[from] Stealth Rock
|-ability|p1a: Landorus|Intimidate|boost
|-unboost|p2a: Landorus|atk|1
|move|p2a: Landorus|Earthquake|p1a: Landorus
|-immune|p1a: Landorus
|
|-heal|p1a: Landorus|63/100|[from] item: Leftovers
|upkeep
|turn|14
|
|t:|1713920765
|move|p2a: Landorus|Stone Edge|p1a: Landorus
|-damage|p1a: Landorus|2/100
|move|p1a: Landorus|Rock Slide|p2a: Landorus|[miss]
|-miss|p1a: Landorus|p2a: Landorus
|
|-heal|p1a: Landorus|8/100|[from] item: Leftovers
|upkeep
|turn|15
|
|t:|1713920770
|move|p2a: Landorus|Stone Edge|p1a: Landorus
|-damage|p1a: Landorus|0 fnt
|faint|p1a: Landorus
|
|upkeep
|
|t:|1713920774
|switch|p1a: Scizor|Scizor, F, shiny|100/100
|-damage|p1a: Scizor|88/100|[from] Stealth Rock
|-damage|p1a: Scizor|72/100|[from] Spikes
|turn|16
|
|t:|1713920777
|move|p1a: Scizor|Bullet Punch|p2a: Landorus
|-damage|p2a: Landorus|0 fnt
|faint|p2a: Landorus
|
|upkeep
|
|t:|1713920780
|switch|p2a: Volcarona|Volcarona, M|100/100
|turn|17
|
|t:|1713920791
|move|p1a: Scizor|Bullet Punch|p2a: Volcarona
|-resisted|p2a: Volcarona
|-damage|p2a: Volcarona|65/100
|move|p2a: Volcarona|Quiver Dance|p2a: Volcarona
|-boost|p2a: Volcarona|spa|1
|-boost|p2a: Volcarona|spd|1
|-boost|p2a: Volcarona|spe|1
|
|upkeep
|turn|18
|
|t:|1713920799
|switch|p1a: Keldeo|Keldeo-Resolute|4/100
|-damage|p1a: Keldeo|0 fnt|[from] Stealth Rock
|faint|p1a: Keldeo
|move|p2a: Volcarona|Fire Blast|p1: Keldeo|[notarget]
|-fail|p2a: Volcarona
|
|upkeep
|
|t:|1713920808
|switch|p1a: Kyurem|Kyurem-Black, shiny|100/100
|-damage|p1a: Kyurem|76/100|[from] Stealth Rock
|-damage|p1a: Kyurem|59/100|[from] Spikes
|-ability|p1a: Kyurem|Teravolt
|turn|19
|
|t:|1713920812
|move|p2a: Volcarona|Bug Buzz|p1a: Kyurem
|-damage|p1a: Kyurem|0 fnt
|faint|p1a: Kyurem
|
|upkeep
|
|t:|1713920818
|switch|p1a: Rotom|Rotom-Wash, shiny|100/100
|-damage|p1a: Rotom|88/100|[from] Stealth Rock
|turn|20
|
|t:|1713920821
|move|p2a: Volcarona|Bug Buzz|p1a: Rotom
|-damage|p1a: Rotom|11/100
|move|p1a: Rotom|Thunder Wave|p2a: Volcarona
|-status|p2a: Volcarona|par
|
|-heal|p1a: Rotom|17/100|[from] item: Leftovers
|upkeep
|turn|21
|
|t:|1713920826
|move|p1a: Rotom|Hydro Pump|p2a: Volcarona|[miss]
|-miss|p1a: Rotom|p2a: Volcarona
|move|p2a: Volcarona|Bug Buzz|p1a: Rotom
|-damage|p1a: Rotom|0 fnt
|faint|p1a: Rotom
|
|upkeep
|
|t:|1713920829
|switch|p1a: Latias|Latias, F, shiny|37/100
|-damage|p1a: Latias|25/100|[from] Stealth Rock
|turn|22
|
|t:|1713920836
|move|p1a: Latias|Draco Meteor|p2a: Volcarona
|-damage|p2a: Volcarona|29/100 par
|-unboost|p1a: Latias|spa|2
|move|p2a: Volcarona|Bug Buzz|p1a: Latias
|-supereffective|p1a: Latias
|-damage|p1a: Latias|0 fnt
|faint|p1a: Latias
|
|upkeep
|
|t:|1713920839
|switch|p1a: Scizor|Scizor, F, shiny|72/100
|-damage|p1a: Scizor|60/100|[from] Stealth Rock
|-damage|p1a: Scizor|43/100|[from] Spikes
|turn|23
|
|t:|1713920843
|move|p1a: Scizor|Bullet Punch|p2a: Volcarona
|-resisted|p2a: Volcarona
|-damage|p2a: Volcarona|0 fnt
|-status|p1a: Scizor|brn|[from] ability: Flame Body|[of] p2a: Volcarona
|faint|p2a: Volcarona
|
|-damage|p1a: Scizor|31/100 brn|[from] brn
|upkeep
|
|t:|1713920847
|switch|p2a: Cloyster|Cloyster, F|100/100
|turn|24
|
|t:|1713920849
|move|p1a: Scizor|Bullet Punch|p2a: Cloyster
|-damage|p2a: Cloyster|80/100
|move|p2a: Cloyster|Rock Blast|p1a: Scizor
|-damage|p1a: Scizor|23/100 brn
|-damage|p1a: Scizor|15/100 brn
|-damage|p1a: Scizor|7/100 brn
|-damage|p1a: Scizor|0 fnt
|faint|p1a: Scizor
|-hitcount|p1: Scizor|4
|
|win|estalos
|raw|Capital L unatic's rating: 1377 &rarr; <strong>1358</strong><br />(-19 for losing)
|raw|estalos's rating: 1401 &rarr; <strong>1420</strong><br />(+19 for winning)
