|j|☆Light616
|j|☆Gamer1234556
|t:|1710308938
|gametype|singles
|player|p1|Light616|lucas|1298
|player|p2|Gamer1234556|266|1338
|teamsize|p1|6
|teamsize|p2|6
|gen|5
|tier|[Gen 5] OU
|rated|
|rule|Species Clause: Limit one of each Pokémon
|rule|OHKO Clause: OHKO moves are banned
|rule|Moody Clause: Moody is banned
|rule|Evasion Items Clause: Evasion items are banned
|rule|Evasion Moves Clause: Evasion moves are banned
|rule|Endless Battle Clause: Forcing endless battles is banned
|rule|HP Percentage Mod: HP is shown in percentages
|rule|Evasion Abilities Clause: Evasion abilities are banned
|rule|Sleep Moves Clause: Sleep-inducing moves are banned
|rule|Swagger Clause: Swagger is banned
|rule|Baton Pass Stat Clause: No Baton Passer may have a way to boost its stats
|clearpoke
|poke|p1|Infernape, M|item
|poke|p1|Excadrill, F|item
|poke|p1|Volcarona, M|item
|poke|p1|Rotom-Wash|item
|poke|p1|Reuniclus, F|item
|poke|p1|Gyarados, M|item
|poke|p2|Tyranitar, M|item
|poke|p2|Landorus-Therian, M|item
|poke|p2|Excadrill, M|item
|poke|p2|Heatran, M|item
|poke|p2|Latias, F|item
|poke|p2|Rotom-Wash|item
|teampreview
|inactive|Battle timer is ON: inactive players will automatically lose when time's up. (requested by Light616)
|
|t:|1710308957
|start
|switch|p1a: Rotom|Rotom-Wash|100/100
|switch|p2a: Landorus|Landorus-Therian, M|100/100
|-ability|p2a: Landorus|Intimidate|boost
|-unboost|p1a: Rotom|atk|1
|turn|1
|
|t:|1710308964
|switch|p2a: Rotom|Rotom-Wash|100/100
|move|p1a: Rotom|Reflect|p1a: Rotom
|-sidestart|p1: Light616|Reflect
|
|upkeep
|turn|2
|
|t:|1710308972
|move|p2a: Rotom|Will-O-Wisp|p1a: Rotom
|-status|p1a: Rotom|brn
|move|p1a: Rotom|Light Screen|p1a: Rotom
|-sidestart|p1: Light616|move: Light Screen
|
|-damage|p1a: Rotom|88/100 brn|[from] brn
|upkeep
|turn|3
|
|t:|1710308978
|move|p2a: Rotom|Volt Switch|p1a: Rotom
|-damage|p1a: Rotom|78/100 brn
|
|t:|1710309001
|switch|p2a: Landorus|Landorus-Therian, M|100/100|[from] Volt Switch
|-ability|p2a: Landorus|Intimidate|boost
|-unboost|p1a: Rotom|atk|1
|move|p1a: Rotom|Volt Switch|p2a: Landorus
|-immune|p2a: Landorus
|
|-damage|p1a: Rotom|66/100 brn|[from] brn
|upkeep
|turn|4
|
|t:|1710309020
|switch|p1a: Reuniclus|Reuniclus, F|100/100
|move|p2a: Landorus|Stealth Rock|p1a: Reuniclus
|-sidestart|p1: Light616|move: Stealth Rock
|
|upkeep
|turn|5
|
|t:|1710309026
|move|p2a: Landorus|U-turn|p1a: Reuniclus
|-supereffective|p1a: Reuniclus
|-damage|p1a: Reuniclus|82/100
|
|t:|1710309039
|switch|p2a: Excadrill|Excadrill, M|100/100|[from] U-turn
|move|p1a: Reuniclus|Acid Armor|p1a: Reuniclus
|-boost|p1a: Reuniclus|def|2
|
|-heal|p1a: Reuniclus|88/100|[from] item: Leftovers
|upkeep
|turn|6
|
|t:|1710309054
|switch|p2a: Tyranitar|Tyranitar, M|100/100
|-weather|Sandstorm|[from] ability: Sand Stream|[of] p2a: Tyranitar
|move|p1a: Reuniclus|Acid Armor|p1a: Reuniclus
|-boost|p1a: Reuniclus|def|2
|
|-weather|Sandstorm|[upkeep]
|-heal|p1a: Reuniclus|95/100|[from] item: Leftovers
|upkeep
|turn|7
|
|t:|1710309063
|move|p2a: Tyranitar|Thunder Wave|p1a: Reuniclus
|-status|p1a: Reuniclus|par
|move|p1a: Reuniclus|Calm Mind|p1a: Reuniclus
|-boost|p1a: Reuniclus|spa|1
|-boost|p1a: Reuniclus|spd|1
|
|-weather|Sandstorm|[upkeep]
|-heal|p1a: Reuniclus|100/100 par|[from] item: Leftovers
|upkeep
|turn|8
|
|t:|1710309071
|move|p2a: Tyranitar|Crunch|p1a: Reuniclus
|-supereffective|p1a: Reuniclus
|-damage|p1a: Reuniclus|89/100 par
|cant|p1a: Reuniclus|par
|
|-weather|Sandstorm|[upkeep]
|-heal|p1a: Reuniclus|95/100 par|[from] item: Leftovers
|-sideend|p1: Light616|Reflect
|upkeep
|turn|9
|
|t:|1710309079
|move|p2a: Tyranitar|Crunch|p1a: Reuniclus
|-supereffective|p1a: Reuniclus
|-damage|p1a: Reuniclus|74/100 par
|move|p1a: Reuniclus|Calm Mind|p1a: Reuniclus
|-boost|p1a: Reuniclus|spa|1
|-boost|p1a: Reuniclus|spd|1
|
|-weather|Sandstorm|[upkeep]
|-heal|p1a: Reuniclus|80/100 par|[from] item: Leftovers
|-sideend|p1: Light616|move: Light Screen
|upkeep
|turn|10
|
|t:|1710309088
|move|p2a: Tyranitar|Pursuit|p1a: Reuniclus
|-supereffective|p1a: Reuniclus
|-damage|p1a: Reuniclus|69/100 par
|move|p1a: Reuniclus|Hidden Power|p2a: Tyranitar
|-supereffective|p2a: Tyranitar
|-enditem|p2a: Tyranitar|Chople Berry|[eat]
|-enditem|p2a: Tyranitar|Chople Berry|[weaken]
|-damage|p2a: Tyranitar|65/100
|
|-weather|Sandstorm|[upkeep]
|-heal|p1a: Reuniclus|75/100 par|[from] item: Leftovers
|upkeep
|turn|11
|
|t:|1710309100
|switch|p2a: Latias|Latias, F|100/100
|cant|p1a: Reuniclus|par
|
|-weather|Sandstorm|[upkeep]
|-damage|p2a: Latias|94/100|[from] Sandstorm
|-heal|p2a: Latias|100/100|[from] item: Leftovers
|-heal|p1a: Reuniclus|81/100 par|[from] item: Leftovers
|upkeep
|turn|12
|
|t:|1710309109
|move|p2a: Latias|Calm Mind|p2a: Latias
|-boost|p2a: Latias|spa|1
|-boost|p2a: Latias|spd|1
|move|p1a: Reuniclus|Psyshock|p2a: Latias
|-resisted|p2a: Latias
|-crit|p2a: Latias
|-damage|p2a: Latias|29/100
|
|-weather|Sandstorm|[upkeep]
|-damage|p2a: Latias|23/100|[from] Sandstorm
|-heal|p2a: Latias|29/100|[from] item: Leftovers
|-heal|p1a: Reuniclus|87/100 par|[from] item: Leftovers
|upkeep
|turn|13
|
|t:|1710309121
|move|p2a: Latias|Roost|p2a: Latias
|-heal|p2a: Latias|79/100
|-singleturn|p2a: Latias|move: Roost
|move|p1a: Reuniclus|Psyshock|p2a: Latias
|-resisted|p2a: Latias
|-damage|p2a: Latias|46/100
|
|-weather|Sandstorm|[upkeep]
|-damage|p2a: Latias|40/100|[from] Sandstorm
|-heal|p2a: Latias|46/100|[from] item: Leftovers
|-heal|p1a: Reuniclus|93/100 par|[from] item: Leftovers
|upkeep
|turn|14
|j| Indig0u_
|
|t:|1710309140
|move|p2a: Latias|Roost|p2a: Latias
|-heal|p2a: Latias|96/100
|-singleturn|p2a: Latias|move: Roost
|move|p1a: Reuniclus|Calm Mind|p1a: Reuniclus
|-boost|p1a: Reuniclus|spa|1
|-boost|p1a: Reuniclus|spd|1
|
|-weather|Sandstorm|[upkeep]
|-damage|p2a: Latias|90/100|[from] Sandstorm
|-heal|p2a: Latias|96/100|[from] item: Leftovers
|-heal|p1a: Reuniclus|99/100 par|[from] item: Leftovers
|upkeep
|turn|15
|
|t:|1710309149
|move|p2a: Latias|Calm Mind|p2a: Latias
|-boost|p2a: Latias|spa|1
|-boost|p2a: Latias|spd|1
|move|p1a: Reuniclus|Calm Mind|p1a: Reuniclus
|-boost|p1a: Reuniclus|spa|1
|-boost|p1a: Reuniclus|spd|1
|
|-weather|Sandstorm|[upkeep]
|-damage|p2a: Latias|90/100|[from] Sandstorm
|-heal|p2a: Latias|96/100|[from] item: Leftovers
|-heal|p1a: Reuniclus|100/100 par|[from] item: Leftovers
|upkeep
|turn|16
|
|t:|1710309158
|move|p2a: Latias|Calm Mind|p2a: Latias
|-boost|p2a: Latias|spa|1
|-boost|p2a: Latias|spd|1
|move|p1a: Reuniclus|Calm Mind|p1a: Reuniclus
|-boost|p1a: Reuniclus|spa|1
|-boost|p1a: Reuniclus|spd|1
|
|-weather|Sandstorm|[upkeep]
|-damage|p2a: Latias|90/100|[from] Sandstorm
|-heal|p2a: Latias|96/100|[from] item: Leftovers
|upkeep
|turn|17
|
|t:|1710309167
|move|p2a: Latias|Calm Mind|p2a: Latias
|-boost|p2a: Latias|spa|1
|-boost|p2a: Latias|spd|1
|move|p1a: Reuniclus|Calm Mind|p1a: Reuniclus
|-boost|p1a: Reuniclus|spa|1
|-boost|p1a: Reuniclus|spd|1
|
|-weather|Sandstorm|[upkeep]
|-damage|p2a: Latias|90/100|[from] Sandstorm
|-heal|p2a: Latias|96/100|[from] item: Leftovers
|upkeep
|turn|18
|
|t:|1710309175
|move|p2a: Latias|Calm Mind|p2a: Latias
|-boost|p2a: Latias|spa|1
|-boost|p2a: Latias|spd|1
|move|p1a: Reuniclus|Psyshock|p2a: Latias
|-resisted|p2a: Latias
|-crit|p2a: Latias
|-damage|p2a: Latias|0 fnt
|faint|p2a: Latias
|
|-weather|Sandstorm|[upkeep]
|upkeep
|
|t:|1710309187
|switch|p2a: Excadrill|Excadrill, M|100/100
|turn|19
|c| Indig0u_|damn
|
|t:|1710309193
|move|p2a: Excadrill|Iron Head|p1a: Reuniclus
|-damage|p1a: Reuniclus|85/100 par
|cant|p1a: Reuniclus|flinch
|
|-weather|Sandstorm|[upkeep]
|-heal|p1a: Reuniclus|91/100 par|[from] item: Leftovers
|upkeep
|turn|20
|
|t:|1710309199
|move|p2a: Excadrill|Iron Head|p1a: Reuniclus
|-damage|p1a: Reuniclus|76/100 par
|cant|p1a: Reuniclus|flinch
|
|-weather|Sandstorm|[upkeep]
|-heal|p1a: Reuniclus|82/100 par|[from] item: Leftovers
|upkeep
|turn|21
|
|t:|1710309205
|move|p2a: Excadrill|Iron Head|p1a: Reuniclus
|-damage|p1a: Reuniclus|66/100 par
|move|p1a: Reuniclus|Hidden Power|p2a: Excadrill
|-supereffective|p2a: Excadrill
|-damage|p2a: Excadrill|0 fnt
|faint|p2a: Excadrill
|
|-weather|Sandstorm|[upkeep]
|-heal|p1a: Reuniclus|72/100 par|[from] item: Leftovers
|upkeep
|
|t:|1710309215
|switch|p2a: Tyranitar|Tyranitar, M|65/100
|turn|22
|
|t:|1710309218
|move|p2a: Tyranitar|Crunch|p1a: Reuniclus
|-supereffective|p1a: Reuniclus
|-damage|p1a: Reuniclus|50/100 par
|cant|p1a: Reuniclus|par
|
|-weather|Sandstorm|[upkeep]
|-heal|p1a: Reuniclus|57/100 par|[from] item: Leftovers
|upkeep
|turn|23
|
|t:|1710309225
|move|p2a: Tyranitar|Crunch|p1a: Reuniclus
|-supereffective|p1a: Reuniclus
|-damage|p1a: Reuniclus|35/100 par
|move|p1a: Reuniclus|Hidden Power|p2a: Tyranitar
|-supereffective|p2a: Tyranitar
|-damage|p2a: Tyranitar|0 fnt
|faint|p2a: Tyranitar
|
|-weather|Sandstorm|[upkeep]
|-heal|p1a: Reuniclus|42/100 par|[from] item: Leftovers
|upkeep
|-message|Gamer1234556 forfeited.
|
|win|Light616
|raw|Light616's rating: 1298 &rarr; <strong>1326</strong><br />(+28 for winning)
|raw|Gamer1234556's rating: 1338 &rarr; <strong>1316</strong><br />(-22 for losing)
