|j|☆FunnyValentine2
|j|☆Jellium
|t:|1716158476
|gametype|singles
|player|p1|FunnyValentine2|102|1461
|player|p2|Jellium|scientist-gen4|1423
|teamsize|p1|6
|teamsize|p2|6
|gen|5
|tier|[Gen 5] OU
|rated|
|rule|Species Clause: Limit one of each Pokémon
|rule|OHKO Clause: OHKO moves are banned
|rule|Moody Clause: Moody is banned
|rule|Evasion Items Clause: Evasion items are banned
|rule|Evasion Moves Clause: Evasion moves are banned
|rule|Endless Battle Clause: Forcing endless battles is banned
|rule|HP Percentage Mod: HP is shown in percentages
|rule|Evasion Abilities Clause: Evasion abilities are banned
|rule|Sleep Moves Clause: Sleep-inducing moves are banned
|rule|Swagger Clause: Swagger is banned
|rule|Baton Pass Stat Clause: No Baton Passer may have a way to boost its stats
|clearpoke
|poke|p1|Volcarona, M|item
|poke|p1|Jellicent, F|item
|poke|p1|Ferrothorn, M|item
|poke|p1|Gliscor, M|item
|poke|p1|Celebi|item
|poke|p1|Dragonite, M|item
|poke|p2|Garchomp, F|item
|poke|p2|Volcarona, M|item
|poke|p2|Dragonite, F|item
|poke|p2|Breloom, M|item
|poke|p2|Starmie|item
|poke|p2|Scizor, F|item
|teampreview
|
|t:|1716158507
|start
|switch|p1a: Gliscor|Gliscor, M|100/100
|switch|p2a: Garchomp|Garchomp, F|100/100
|turn|1
|
|t:|1716158512
|move|p2a: Garchomp|Stealth Rock|p1a: Gliscor
|-sidestart|p1: FunnyValentine2|move: Stealth Rock
|move|p1a: Gliscor|Knock Off|p2a: Garchomp
|-damage|p2a: Garchomp|96/100
|-damage|p1a: Gliscor|88/100|[from] ability: Rough Skin|[of] p2a: Garchomp
|-enditem|p2a: Garchomp|Focus Sash|[from] move: Knock Off|[of] p1a: Gliscor
|
|-status|p1a: Gliscor|tox|[from] item: Toxic Orb
|upkeep
|turn|2
|
|t:|1716158537
|switch|p1a: Celebi|Celebi|100/100
|-damage|p1a: Celebi|88/100|[from] Stealth Rock
|move|p2a: Garchomp|Swords Dance|p2a: Garchomp
|-boost|p2a: Garchomp|atk|2
|
|-heal|p1a: Celebi|94/100|[from] item: Leftovers
|upkeep
|turn|3
|
|t:|1716158551
|switch|p1a: Ferrothorn|Ferrothorn, M|100/100
|-damage|p1a: Ferrothorn|94/100|[from] Stealth Rock
|move|p2a: Garchomp|Outrage|p1a: Ferrothorn
|-resisted|p1a: Ferrothorn
|-damage|p1a: Ferrothorn|53/100
|-damage|p2a: Garchomp|83/100|[from] ability: Iron Barbs|[of] p1a: Ferrothorn
|
|-heal|p1a: Ferrothorn|59/100|[from] item: Leftovers
|upkeep
|turn|4
|
|t:|1716158557
|move|p2a: Garchomp|Outrage|p1a: Ferrothorn|[from]lockedmove
|-resisted|p1a: Ferrothorn
|-damage|p1a: Ferrothorn|13/100
|-damage|p2a: Garchomp|71/100|[from] ability: Iron Barbs|[of] p1a: Ferrothorn
|move|p1a: Ferrothorn|Leech Seed|p2a: Garchomp
|-start|p2a: Garchomp|move: Leech Seed
|
|-heal|p1a: Ferrothorn|20/100|[from] item: Leftovers
|-damage|p2a: Garchomp|59/100|[from] Leech Seed|[of] p1a: Ferrothorn
|-heal|p1a: Ferrothorn|32/100|[silent]
|upkeep
|turn|5
|
|t:|1716158591
|move|p2a: Garchomp|Outrage|p1a: Ferrothorn|[from]lockedmove
|-resisted|p1a: Ferrothorn
|-damage|p1a: Ferrothorn|0 fnt
|-damage|p2a: Garchomp|46/100|[from] ability: Iron Barbs|[of] p1a: Ferrothorn
|faint|p1a: Ferrothorn
|-start|p2a: Garchomp|confusion|[fatigue]
|
|upkeep
|
|t:|1716158607
|switch|p1a: Gliscor|Gliscor, M|88/100 tox
|-damage|p1a: Gliscor|76/100 tox|[from] Stealth Rock
|turn|6
|
|t:|1716158611
|move|p1a: Gliscor|Protect|p1a: Gliscor
|-singleturn|p1a: Gliscor|Protect
|-activate|p2a: Garchomp|confusion
|move|p2a: Garchomp|Outrage|p1a: Gliscor
|-activate|p1a: Gliscor|move: Protect
|
|-damage|p2a: Garchomp|34/100|[from] Leech Seed|[of] p1a: Gliscor
|-heal|p1a: Gliscor|88/100 tox|[silent]
|-heal|p1a: Gliscor|100/100 tox|[from] ability: Poison Heal
|upkeep
|turn|7
|
|t:|1716158620
|-activate|p2a: Garchomp|confusion
|move|p2a: Garchomp|Outrage|p1a: Gliscor
|-crit|p1a: Gliscor
|-damage|p1a: Gliscor|0 fnt
|faint|p1a: Gliscor
|
|upkeep
|-message|FunnyValentine2 forfeited.
|
|win|Jellium
|raw|FunnyValentine2's rating: 1461 &rarr; <strong>1439</strong><br />(-22 for losing)
|raw|Jellium's rating: 1423 &rarr; <strong>1445</strong><br />(+22 for winning)
|l|☆FunnyValentine2
|player|p1|
