|j|☆cinema staff fan
|j|☆qscf331
|t:|1742767966
|gametype|singles
|player|p1|cinema staff fan|li|1423
|player|p2|qscf331|1|1444
|teamsize|p1|6
|teamsize|p2|6
|gen|5
|tier|[Gen 5] OU
|rated|
|rule|Species Clause: Limit one of each Pokémon
|rule|OHKO Clause: OHKO moves are banned
|rule|Moody Clause: Moody is banned
|rule|Evasion Items Clause: Evasion items are banned
|rule|Evasion Moves Clause: Evasion moves are banned
|rule|Endless Battle Clause: Forcing endless battles is banned
|rule|HP Percentage Mod: HP is shown in percentages
|rule|Evasion Abilities Clause: Evasion abilities are banned
|rule|Sleep Moves Clause: Sleep-inducing moves are banned
|rule|Swagger Clause: Swagger is banned
|rule|Baton Pass Stat Clause: No Baton Passer may have a way to boost its stats
|clearpoke
|poke|p1|Landorus-Therian, M|item
|poke|p1|Conkeldurr, M|item
|poke|p1|Tyranitar, M|item
|poke|p1|Gastrodon, M|item
|poke|p1|Alakazam, F|item
|poke|p1|Starmie|item
|poke|p2|Politoed, M|item
|poke|p2|Keldeo|item
|poke|p2|Latios, M|item
|poke|p2|Starmie|item
|poke|p2|Thundurus-Therian, M|item
|poke|p2|Jirachi|item
|teampreview
|inactive|Battle timer is ON: inactive players will automatically lose when time's up. (requested by cinema staff fan)
|
|t:|1742767978
|start
|switch|p1a: Mr.President|Landorus-Therian, M|100/100
|switch|p2a: Keldeo|Keldeo|100/100
|-ability|p1a: Mr.President|Intimidate|boost
|-unboost|p2a: Keldeo|atk|1
|turn|1
|
|t:|1742767985
|move|p1a: Mr.President|Earthquake|p2a: Keldeo
|-damage|p2a: Keldeo|35/100
|move|p2a: Keldeo|Hidden Power|p1a: Mr.President
|-damage|p1a: Mr.President|56/100
|
|upkeep
|turn|2
|
|t:|1742767988
|switch|p2a: Thundurus|Thundurus-Therian, M|100/100
|move|p1a: Mr.President|Earthquake|p2a: Thundurus
|-immune|p2a: Thundurus
|
|upkeep
|turn|3
|
|t:|1742767992
|switch|p1a: Achtung Baby|Gastrodon, M|100/100
|move|p2a: Thundurus|Focus Blast|p1a: Achtung Baby
|-damage|p1a: Achtung Baby|53/100
|
|-heal|p1a: Achtung Baby|59/100|[from] item: Leftovers
|upkeep
|turn|4
|
|t:|1742767999
|switch|p2a: Jirachi|Jirachi|100/100
|move|p1a: Achtung Baby|Recover|p1a: Achtung Baby
|-heal|p1a: Achtung Baby|100/100
|
|upkeep
|turn|5
|
|t:|1742768003
|move|p2a: Jirachi|Stealth Rock|p1a: Achtung Baby
|-sidestart|p1: cinema staff fan|move: Stealth Rock
|move|p1a: Achtung Baby|Scald|p2a: Jirachi
|-damage|p2a: Jirachi|85/100
|-status|p2a: Jirachi|brn
|
|-heal|p2a: Jirachi|92/100 brn|[from] item: Leftovers
|-damage|p2a: Jirachi|79/100 brn|[from] brn
|upkeep
|turn|6
|
|t:|1742768008
|move|p2a: Jirachi|U-turn|p1a: Achtung Baby
|-damage|p1a: Achtung Baby|94/100
|
|t:|1742768011
|switch|p2a: Keldeo|Keldeo|35/100|[from] U-turn
|move|p1a: Achtung Baby|Scald|p2a: Keldeo
|-resisted|p2a: Keldeo
|-damage|p2a: Keldeo|20/100
|-status|p2a: Keldeo|brn
|
|-heal|p1a: Achtung Baby|100/100|[from] item: Leftovers
|-damage|p2a: Keldeo|7/100 brn|[from] brn
|upkeep
|turn|7
|
|t:|1742768015
|move|p2a: Keldeo|Hidden Power|p1a: Achtung Baby
|-supereffective|p1a: Achtung Baby
|-damage|p1a: Achtung Baby|0 fnt
|faint|p1a: Achtung Baby
|
|-damage|p2a: Keldeo|0 fnt|[from] brn
|faint|p2a: Keldeo
|upkeep
|
|t:|1742768036
|switch|p2a: Politoed|Politoed, M|100/100
|switch|p1a: Mr.President|Landorus-Therian, M|56/100
|-damage|p1a: Mr.President|44/100|[from] Stealth Rock
|-ability|p1a: Mr.President|Intimidate|boost
|-unboost|p2a: Politoed|atk|1
|-weather|RainDance|[from] ability: Drizzle|[of] p2a: Politoed
|turn|8
|j| jeanfme2006
|
|t:|1742768042
|move|p2a: Politoed|Protect|p2a: Politoed
|-singleturn|p2a: Politoed|Protect
|move|p1a: Mr.President|U-turn|p2a: Politoed
|-activate|p2a: Politoed|move: Protect
|
|-weather|RainDance|[upkeep]
|upkeep
|turn|9
|
|t:|1742768044
|move|p1a: Mr.President|U-turn|p2a: Politoed
|-damage|p2a: Politoed|81/100
|
|t:|1742768048
|switch|p1a: In A Silent Way|Tyranitar, M|100/100|[from] U-turn
|-damage|p1a: In A Silent Way|88/100|[from] Stealth Rock
|-weather|Sandstorm|[from] ability: Sand Stream|[of] p1a: In A Silent Way
|move|p2a: Politoed|Scald|p1a: In A Silent Way
|-supereffective|p1a: In A Silent Way
|-damage|p1a: In A Silent Way|64/100
|
|-weather|Sandstorm|[upkeep]
|-damage|p2a: Politoed|74/100|[from] Sandstorm
|-heal|p2a: Politoed|81/100|[from] item: Leftovers
|upkeep
|turn|10
|
|t:|1742768055
|move|p2a: Politoed|Scald|p1a: In A Silent Way
|-supereffective|p1a: In A Silent Way
|-damage|p1a: In A Silent Way|41/100
|move|p1a: In A Silent Way|Pursuit|p2a: Politoed
|-damage|p2a: Politoed|65/100
|
|-weather|Sandstorm|[upkeep]
|-damage|p2a: Politoed|59/100|[from] Sandstorm
|-heal|p2a: Politoed|65/100|[from] item: Leftovers
|upkeep
|turn|11
|
|t:|1742768060
|move|p2a: Politoed|Scald|p1a: In A Silent Way
|-supereffective|p1a: In A Silent Way
|-damage|p1a: In A Silent Way|17/100
|-status|p1a: In A Silent Way|brn
|move|p1a: In A Silent Way|Crunch|p2a: Politoed
|-crit|p2a: Politoed
|-damage|p2a: Politoed|38/100
|-unboost|p2a: Politoed|def|1
|
|-weather|Sandstorm|[upkeep]
|-damage|p2a: Politoed|31/100|[from] Sandstorm
|-heal|p2a: Politoed|38/100|[from] item: Leftovers
|-damage|p1a: In A Silent Way|4/100 brn|[from] brn
|upkeep
|turn|12
|
|t:|1742768067
|switch|p2a: Jirachi|Jirachi|79/100 brn
|move|p1a: In A Silent Way|Stealth Rock|p2a: Jirachi
|-sidestart|p2: qscf331|move: Stealth Rock
|
|-weather|Sandstorm|[upkeep]
|-heal|p2a: Jirachi|85/100 brn|[from] item: Leftovers
|-damage|p2a: Jirachi|73/100 brn|[from] brn
|-damage|p1a: In A Silent Way|0 fnt|[from] brn
|faint|p1a: In A Silent Way
|upkeep
|
|t:|1742768081
|switch|p1a: Mr.President|Landorus-Therian, M|44/100
|-damage|p1a: Mr.President|32/100|[from] Stealth Rock
|-ability|p1a: Mr.President|Intimidate|boost
|-unboost|p2a: Jirachi|atk|1
|turn|13
|
|t:|1742768086
|move|p1a: Mr.President|Earthquake|p2a: Jirachi
|-supereffective|p2a: Jirachi
|-damage|p2a: Jirachi|0 fnt
|faint|p2a: Jirachi
|
|-weather|Sandstorm|[upkeep]
|upkeep
|
|t:|1742768091
|switch|p2a: Starmie|Starmie|100/100
|-damage|p2a: Starmie|88/100|[from] Stealth Rock
|-item|p2a: Starmie|Air Balloon
|turn|14
|
|t:|1742768100
|switch|p1a: Osiris|Alakazam, F|100/100
|move|p2a: Starmie|Rapid Spin|p1a: Osiris
|-damage|p1a: Osiris|88/100
|-sideend|p2: qscf331|Stealth Rock|[from] move: Rapid Spin|[of] p2a: Starmie
|
|-weather|Sandstorm|[upkeep]
|-damage|p2a: Starmie|82/100|[from] Sandstorm
|upkeep
|turn|15
|
|t:|1742768105
|switch|p2a: Politoed|Politoed, M|38/100
|-weather|RainDance|[from] ability: Drizzle|[of] p2a: Politoed
|move|p1a: Osiris|Energy Ball|p2a: Politoed
|-supereffective|p2a: Politoed
|-damage|p2a: Politoed|0 fnt
|faint|p2a: Politoed
|
|-weather|RainDance|[upkeep]
|upkeep
|
|t:|1742768109
|switch|p2a: Latios|Latios, M|100/100
|turn|16
|inactive|cinema staff fan has 120 seconds left.
|
|t:|1742768145
|move|p2a: Latios|Draco Meteor|p1a: Osiris|[miss]
|-miss|p2a: Latios|p1a: Osiris
|move|p1a: Osiris|Hidden Power|p2a: Latios
|-supereffective|p2a: Latios
|-crit|p2a: Latios
|-damage|p2a: Latios|0 fnt
|faint|p2a: Latios
|
|-weather|RainDance|[upkeep]
|upkeep
|c|☆cinema staff fan|sorry
|
|t:|1742768164
|switch|p2a: Thundurus|Thundurus-Therian, M|100/100
|turn|17
|
|t:|1742768167
|move|p1a: Osiris|Hidden Power|p2a: Thundurus
|-supereffective|p2a: Thundurus
|-damage|p2a: Thundurus|39/100
|move|p2a: Thundurus|Agility|p2a: Thundurus
|-boost|p2a: Thundurus|spe|2
|
|-weather|RainDance|[upkeep]
|-heal|p2a: Thundurus|45/100|[from] item: Leftovers
|upkeep
|turn|18
|
|t:|1742768170
|move|p2a: Thundurus|Thunder|p1a: Osiris
|-damage|p1a: Osiris|0 fnt
|faint|p1a: Osiris
|
|-weather|RainDance|[upkeep]
|-heal|p2a: Thundurus|51/100|[from] item: Leftovers
|upkeep
|
|t:|1742768178
|switch|p1a: Star Platinum|Conkeldurr, M|100/100
|-damage|p1a: Star Platinum|94/100|[from] Stealth Rock
|turn|19
|
|t:|1742768185
|move|p2a: Thundurus|Thunder|p1a: Star Platinum
|-damage|p1a: Star Platinum|15/100
|move|p1a: Star Platinum|Ice Punch|p2a: Thundurus
|-supereffective|p2a: Thundurus
|-damage|p2a: Thundurus|0 fnt
|faint|p2a: Thundurus
|-damage|p1a: Star Platinum|5/100|[from] item: Life Orb
|
|-weather|RainDance|[upkeep]
|upkeep
|
|t:|1742768190
|switch|p2a: Starmie|Starmie|82/100
|-item|p2a: Starmie|Air Balloon
|turn|20
|
|t:|1742768192
|move|p1a: Star Platinum|Mach Punch|p2a: Starmie
|-resisted|p2a: Starmie
|-damage|p2a: Starmie|53/100
|-enditem|p2a: Starmie|Air Balloon
|-damage|p1a: Star Platinum|0 fnt|[from] item: Life Orb
|faint|p1a: Star Platinum
|move|p2a: Starmie|Ice Beam|p1: Star Platinum|[notarget]
|-fail|p2a: Starmie
|
|-weather|RainDance|[upkeep]
|upkeep
|
|t:|1742768196
|switch|p1a: Mr.President|Landorus-Therian, M|32/100
|-damage|p1a: Mr.President|19/100|[from] Stealth Rock
|-ability|p1a: Mr.President|Intimidate|boost
|-unboost|p2a: Starmie|atk|1
|turn|21
|
|t:|1742768199
|move|p1a: Mr.President|Earthquake|p2a: Starmie
|-crit|p2a: Starmie
|-damage|p2a: Starmie|0 fnt
|faint|p2a: Starmie
|
|win|cinema staff fan
|raw|cinema staff fan's rating: 1423 &rarr; <strong>1444</strong><br />(+21 for winning)
|raw|qscf331's rating: 1444 &rarr; <strong>1423</strong><br />(-21 for losing)
