|j|☆nidiedi
|j|☆leoperi99
|t:|1725101754
|gametype|singles
|player|p1|nidiedi|nate|1530
|player|p2|leoperi99|sage-gen2|1476
|teamsize|p1|6
|teamsize|p2|6
|gen|5
|tier|[Gen 5] OU
|rated|
|rule|Species Clause: Limit one of each Pokémon
|rule|OHKO Clause: OHKO moves are banned
|rule|Moody Clause: Moody is banned
|rule|Evasion Items Clause: Evasion items are banned
|rule|Evasion Moves Clause: Evasion moves are banned
|rule|Endless Battle Clause: Forcing endless battles is banned
|rule|HP Percentage Mod: HP is shown in percentages
|rule|Evasion Abilities Clause: Evasion abilities are banned
|rule|Sleep Moves Clause: Sleep-inducing moves are banned
|rule|Swagger Clause: Swagger is banned
|rule|Baton Pass Stat Clause: No Baton Passer may have a way to boost its stats
|clearpoke
|poke|p1|Heatran, F|item
|poke|p1|Latias, F|item
|poke|p1|Breloom, F|item
|poke|p1|Landorus-Therian, M|item
|poke|p1|Excadrill, F|item
|poke|p1|Ninetales, F|item
|poke|p2|Tyranitar, M|item
|poke|p2|Rotom-Wash|item
|poke|p2|Garchomp, F|item
|poke|p2|Tangrowth, M|item
|poke|p2|Excadrill, F|item
|poke|p2|Landorus-Therian, M|item
|teampreview
|inactive|Battle timer is ON: inactive players will automatically lose when time's up. (requested by nidiedi)
|
|t:|1725101780
|start
|switch|p1a: Landorus|Landorus-Therian, M|100/100
|switch|p2a: Rotom|Rotom-Wash|100/100
|-ability|p1a: Landorus|Intimidate|boost
|-unboost|p2a: Rotom|atk|1
|turn|1
|
|t:|1725101789
|move|p2a: Rotom|Hydro Pump|p1a: Landorus
|-supereffective|p1a: Landorus
|-damage|p1a: Landorus|0 fnt
|faint|p1a: Landorus
|
|upkeep
|
|t:|1725101793
|switch|p1a: Breloom|Breloom, F|100/100
|turn|2
|
|t:|1725101812
|switch|p2a: Landorus|Landorus-Therian, M|100/100
|-ability|p2a: Landorus|Intimidate|boost
|-unboost|p1a: Breloom|atk|1
|-singleturn|p1a: Breloom|move: Focus Punch
|move|p1a: Breloom|Focus Punch|p2a: Landorus
|-resisted|p2a: Landorus
|-damage|p2a: Landorus|65/100
|
|-status|p1a: Breloom|tox|[from] item: Toxic Orb
|upkeep
|turn|3
|
|t:|1725101835
|move|p2a: Landorus|Gravity|p2a: Landorus
|-fieldstart|move: Gravity
|move|p1a: Breloom|Seed Bomb|p2a: Landorus
|-crit|p2a: Landorus
|-damage|p2a: Landorus|0 fnt
|faint|p2a: Landorus
|
|upkeep
|
|t:|1725101843
|switch|p2a: Excadrill|Excadrill, F|100/100
|turn|4
|
|t:|1725101848
|move|p2a: Excadrill|Iron Head|p1a: Breloom
|-damage|p1a: Breloom|40/100 tox
|cant|p1a: Breloom|flinch
|
|-heal|p1a: Breloom|53/100 tox|[from] ability: Poison Heal
|upkeep
|turn|5
|c|☆nidiedi|？？
|
|t:|1725101860
|switch|p1a: Ninetales|Ninetales, F|100/100
|-weather|SunnyDay|[from] ability: Drought|[of] p1a: Ninetales
|move|p2a: Excadrill|Iron Head|p1a: Ninetales
|-resisted|p1a: Ninetales
|-damage|p1a: Ninetales|74/100
|-enditem|p1a: Ninetales|Eject Button
|
|t:|1725101867
|switch|p1a: Latias|Latias, F|100/100
|
|-weather|SunnyDay|[upkeep]
|upkeep
|turn|6
|
|t:|1725101869
|move|p1a: Latias|Hidden Power|p2a: Excadrill
|-supereffective|p2a: Excadrill
|-damage|p2a: Excadrill|20/100
|move|p2a: Excadrill|Earthquake|p1a: Latias
|-damage|p1a: Latias|33/100
|
|-weather|SunnyDay|[upkeep]
|-heal|p1a: Latias|39/100|[from] item: Leftovers
|-heal|p2a: Excadrill|26/100|[from] item: Leftovers
|upkeep
|turn|7
|
|t:|1725101894
|switch|p1a: Breloom|Breloom, F|53/100 tox
|switch|p2a: Tyranitar|Tyranitar, M|100/100
|-weather|Sandstorm|[from] ability: Sand Stream|[of] p2a: Tyranitar
|
|-weather|Sandstorm|[upkeep]
|-damage|p1a: Breloom|47/100 tox|[from] Sandstorm
|-heal|p1a: Breloom|59/100 tox|[from] ability: Poison Heal
|-fieldend|move: Gravity
|upkeep
|turn|8
|inactive|nidiedi has 120 seconds left.
|
|t:|1725101917
|switch|p2a: Tangrowth|Tangrowth, M|100/100
|move|p1a: Breloom|Substitute|p1a: Breloom
|-start|p1a: Breloom|Substitute
|-damage|p1a: Breloom|34/100 tox
|
|-weather|Sandstorm|[upkeep]
|-damage|p1a: Breloom|28/100 tox|[from] Sandstorm
|-damage|p2a: Tangrowth|94/100|[from] Sandstorm
|-heal|p1a: Breloom|40/100 tox|[from] ability: Poison Heal
|upkeep
|turn|9
|
|t:|1725101940
|-singleturn|p1a: Breloom|move: Focus Punch
|move|p2a: Tangrowth|Hidden Power|p1a: Breloom
|-supereffective|p1a: Breloom
|-end|p1a: Breloom|Substitute
|move|p1a: Breloom|Focus Punch|p2a: Tangrowth
|-damage|p2a: Tangrowth|37/100
|-damage|p1a: Breloom|24/100 tox|[from] item: Rocky Helmet|[of] p2a: Tangrowth
|
|-weather|Sandstorm|[upkeep]
|-damage|p1a: Breloom|18/100 tox|[from] Sandstorm
|-damage|p2a: Tangrowth|31/100|[from] Sandstorm
|-heal|p1a: Breloom|30/100 tox|[from] ability: Poison Heal
|upkeep
|turn|10
|
|t:|1725101953
|switch|p1a: Ninetales|Ninetales, F|74/100
|-weather|SunnyDay|[from] ability: Drought|[of] p1a: Ninetales
|move|p2a: Tangrowth|Hidden Power|p1a: Ninetales
|-resisted|p1a: Ninetales
|-damage|p1a: Ninetales|65/100
|
|-weather|SunnyDay|[upkeep]
|upkeep
|turn|11
|
|t:|1725101959
|switch|p2a: Tyranitar|Tyranitar, M|100/100
|-weather|Sandstorm|[from] ability: Sand Stream|[of] p2a: Tyranitar
|move|p1a: Ninetales|Will-O-Wisp|p2a: Tyranitar
|-status|p2a: Tyranitar|brn
|
|-weather|Sandstorm|[upkeep]
|-damage|p1a: Ninetales|59/100|[from] Sandstorm
|-damage|p2a: Tyranitar|88/100 brn|[from] brn
|upkeep
|turn|12
|
|t:|1725101974
|switch|p1a: Excadrill|Excadrill, F|100/100
|-ability|p1a: Excadrill|Mold Breaker
|move|p2a: Tyranitar|Stealth Rock|p1a: Excadrill
|-sidestart|p1: nidiedi|move: Stealth Rock
|
|-weather|Sandstorm|[upkeep]
|-damage|p2a: Tyranitar|76/100 brn|[from] brn
|upkeep
|turn|13
|inactive|nidiedi has 120 seconds left.
|
|t:|1725102002
|switch|p2a: Tangrowth|Tangrowth, M|64/100
|move|p1a: Excadrill|Rapid Spin|p2a: Tangrowth
|-damage|p2a: Tangrowth|60/100
|-damage|p1a: Excadrill|84/100|[from] item: Rocky Helmet|[of] p2a: Tangrowth
|-sideend|p1: nidiedi|Stealth Rock|[from] move: Rapid Spin|[of] p1a: Excadrill
|
|-weather|Sandstorm|[upkeep]
|-damage|p2a: Tangrowth|53/100|[from] Sandstorm
|-heal|p1a: Excadrill|90/100|[from] item: Leftovers
|upkeep
|turn|14
|inactive|nidiedi has 120 seconds left.
|
|t:|1725102014
|move|p1a: Excadrill|Stealth Rock|p2a: Tangrowth
|-sidestart|p2: leoperi99|move: Stealth Rock
|move|p2a: Tangrowth|Stun Spore|p1a: Excadrill
|-status|p1a: Excadrill|par
|
|-weather|Sandstorm|[upkeep]
|-damage|p2a: Tangrowth|47/100|[from] Sandstorm
|-heal|p1a: Excadrill|96/100 par|[from] item: Leftovers
|upkeep
|turn|15
|inactive|nidiedi has 120 seconds left.
|
|t:|1725102040
|switch|p1a: Ninetales|Ninetales, F|59/100
|-weather|SunnyDay|[from] ability: Drought|[of] p1a: Ninetales
|move|p2a: Tangrowth|Focus Blast|p1a: Ninetales
|-damage|p1a: Ninetales|31/100
|
|-weather|SunnyDay|[upkeep]
|upkeep
|turn|16
|
|t:|1725102058
|switch|p2a: Tyranitar|Tyranitar, M|76/100 brn
|-damage|p2a: Tyranitar|63/100 brn|[from] Stealth Rock
|-weather|Sandstorm|[from] ability: Sand Stream|[of] p2a: Tyranitar
|move|p1a: Ninetales|Pain Split|p2a: Tyranitar
|-sethp|p2a: Tyranitar|45/100 brn|[from] move: Pain Split|[silent]
|-sethp|p1a: Ninetales|52/100|[from] move: Pain Split
|
|-weather|Sandstorm|[upkeep]
|-damage|p1a: Ninetales|46/100|[from] Sandstorm
|-damage|p2a: Tyranitar|33/100 brn|[from] brn
|upkeep
|turn|17
|
|t:|1725102070
|move|p1a: Ninetales|Flamethrower|p2a: Tyranitar
|-resisted|p2a: Tyranitar
|-damage|p2a: Tyranitar|27/100 brn
|move|p2a: Tyranitar|Stealth Rock|p1a: Ninetales
|-sidestart|p1: nidiedi|move: Stealth Rock
|
|-weather|Sandstorm|[upkeep]
|-damage|p1a: Ninetales|40/100|[from] Sandstorm
|-damage|p2a: Tyranitar|14/100 brn|[from] brn
|upkeep
|turn|18
|inactive|nidiedi has 90 seconds left.
|
|t:|1725102096
|switch|p2a: Rotom|Rotom-Wash|100/100
|-damage|p2a: Rotom|88/100|[from] Stealth Rock
|move|p1a: Ninetales|Toxic|p2a: Rotom
|-status|p2a: Rotom|tox
|
|-weather|Sandstorm|[upkeep]
|-damage|p2a: Rotom|82/100 tox|[from] Sandstorm
|-damage|p1a: Ninetales|34/100|[from] Sandstorm
|-damage|p2a: Rotom|76/100 tox|[from] psn
|upkeep
|turn|19
|inactive|nidiedi has 90 seconds left.
|inactive|nidiedi has 60 seconds left.
|
|t:|1725102154
|switch|p1a: Breloom|Breloom, F|30/100 tox
|-damage|p1a: Breloom|24/100 tox|[from] Stealth Rock
|move|p2a: Rotom|Hydro Pump|p1a: Breloom
|-resisted|p1a: Breloom
|-damage|p1a: Breloom|0 fnt
|faint|p1a: Breloom
|
|-weather|Sandstorm|[upkeep]
|-damage|p2a: Rotom|70/100 tox|[from] Sandstorm
|-damage|p2a: Rotom|58/100 tox|[from] psn
|upkeep
|
|t:|1725102162
|switch|p1a: Excadrill|Excadrill, F|96/100 par
|-damage|p1a: Excadrill|93/100 par|[from] Stealth Rock
|-ability|p1a: Excadrill|Mold Breaker
|turn|20
|
|t:|1725102178
|move|p1a: Excadrill|Protect|p1a: Excadrill
|-singleturn|p1a: Excadrill|Protect
|move|p2a: Rotom|Hydro Pump|p1a: Excadrill
|-activate|p1a: Excadrill|move: Protect
|
|-weather|Sandstorm|[upkeep]
|-damage|p2a: Rotom|52/100 tox|[from] Sandstorm
|-heal|p1a: Excadrill|99/100 par|[from] item: Leftovers
|-damage|p2a: Rotom|34/100 tox|[from] psn
|upkeep
|turn|21
|inactive|nidiedi has 30 seconds left.
|
|t:|1725102208
|switch|p2a: Excadrill|Excadrill, F|26/100
|-damage|p2a: Excadrill|23/100|[from] Stealth Rock
|move|p1a: Excadrill|Earthquake|p2a: Excadrill
|-supereffective|p2a: Excadrill
|-crit|p2a: Excadrill
|-damage|p2a: Excadrill|0 fnt
|faint|p2a: Excadrill
|
|-weather|Sandstorm|[upkeep]
|-heal|p1a: Excadrill|100/100 par|[from] item: Leftovers
|upkeep
|
|t:|1725102213
|switch|p2a: Garchomp|Garchomp, F|100/100
|-damage|p2a: Garchomp|94/100|[from] Stealth Rock
|turn|22
|
|t:|1725102220
|switch|p1a: Heatran|Heatran, F|100/100
|-damage|p1a: Heatran|88/100|[from] Stealth Rock
|-item|p1a: Heatran|Air Balloon
|move|p2a: Garchomp|Swords Dance|p2a: Garchomp
|-boost|p2a: Garchomp|atk|2
|
|-weather|Sandstorm|[upkeep]
|upkeep
|turn|23
|inactive|nidiedi has 30 seconds left.
|inactive|nidiedi has 20 seconds left.
|inactive|nidiedi has 15 seconds left.
|inactive|nidiedi has 10 seconds left.
|
|t:|1725102263
|switch|p2a: Tyranitar|Tyranitar, M|14/100 brn
|-damage|p2a: Tyranitar|2/100 brn|[from] Stealth Rock
|move|p1a: Heatran|Hidden Power|p2a: Tyranitar
|-damage|p2a: Tyranitar|0 fnt
|faint|p2a: Tyranitar
|
|-weather|Sandstorm|[upkeep]
|upkeep
|inactive|nidiedi has 15 seconds left this turn.
|
|t:|1725102267
|switch|p2a: Rotom|Rotom-Wash|34/100 tox
|-damage|p2a: Rotom|21/100 tox|[from] Stealth Rock
|turn|24
|inactive|nidiedi has 25 seconds left this turn.
|inactive|nidiedi has 20 seconds left.
|
|t:|1725102273
|switch|p1a: Ninetales|Ninetales, F|34/100
|-damage|p1a: Ninetales|9/100|[from] Stealth Rock
|-weather|SunnyDay|[from] ability: Drought|[of] p1a: Ninetales
|move|p2a: Rotom|Hydro Pump|p1a: Ninetales
|-supereffective|p1a: Ninetales
|-damage|p1a: Ninetales|0 fnt
|faint|p1a: Ninetales
|
|-weather|SunnyDay|[upkeep]
|-damage|p2a: Rotom|15/100 tox|[from] psn
|upkeep
|inactive|nidiedi has 25 seconds left this turn.
|inactive|nidiedi has 20 seconds left.
|inactive|nidiedi has 15 seconds left.
|
|t:|1725102284
|switch|p1a: Excadrill|Excadrill, F|100/100 par
|-damage|p1a: Excadrill|97/100 par|[from] Stealth Rock
|-ability|p1a: Excadrill|Mold Breaker
|turn|25
|inactive|nidiedi has 25 seconds left this turn.
|
|t:|1725102288
|switch|p2a: Tangrowth|Tangrowth, M|80/100
|-damage|p2a: Tangrowth|68/100|[from] Stealth Rock
|move|p1a: Excadrill|Rapid Spin|p2a: Tangrowth
|-damage|p2a: Tangrowth|64/100
|-damage|p1a: Excadrill|81/100 par|[from] item: Rocky Helmet|[of] p2a: Tangrowth
|-sideend|p1: nidiedi|Stealth Rock|[from] move: Rapid Spin|[of] p1a: Excadrill
|
|-weather|SunnyDay|[upkeep]
|-heal|p1a: Excadrill|87/100 par|[from] item: Leftovers
|upkeep
|turn|26
|inactive|nidiedi has 30 seconds left.
|inactive|nidiedi has 20 seconds left.
|inactive|nidiedi has 15 seconds left.
|
|t:|1725102309
|switch|p1a: Latias|Latias, F|39/100
|move|p2a: Tangrowth|Focus Blast|p1a: Latias|[miss]
|-miss|p2a: Tangrowth|p1a: Latias
|
|-weather|SunnyDay|[upkeep]
|-heal|p1a: Latias|45/100|[from] item: Leftovers
|upkeep
|turn|27
|inactive|nidiedi has 25 seconds left this turn.
|inactive|nidiedi has 20 seconds left.
|inactive|nidiedi has 15 seconds left.
|
|t:|1725102320
|move|p1a: Latias|Ice Beam|p2a: Tangrowth
|-supereffective|p2a: Tangrowth
|-damage|p2a: Tangrowth|11/100
|move|p2a: Tangrowth|Stun Spore|p1a: Latias
|-status|p1a: Latias|par
|
|-weather|SunnyDay|[upkeep]
|-heal|p1a: Latias|51/100 par|[from] item: Leftovers
|upkeep
|turn|28
|inactive|nidiedi has 25 seconds left this turn.
|inactive|nidiedi has 20 seconds left.
|
|t:|1725102329
|move|p2a: Tangrowth|Hidden Power|p1a: Latias
|-supereffective|p1a: Latias
|-damage|p1a: Latias|18/100 par
|move|p1a: Latias|Hidden Power|p2a: Tangrowth
|-supereffective|p2a: Tangrowth
|-damage|p2a: Tangrowth|0 fnt
|faint|p2a: Tangrowth
|
|-weather|SunnyDay|[upkeep]
|-heal|p1a: Latias|24/100 par|[from] item: Leftovers
|upkeep
|inactive|nidiedi has 25 seconds left this turn.
|
|t:|1725102339
|switch|p2a: Rotom|Rotom-Wash|15/100 tox
|-damage|p2a: Rotom|3/100 tox|[from] Stealth Rock
|turn|29
|inactive|nidiedi has 30 seconds left.
|
|t:|1725102344
|move|p2a: Rotom|Hidden Power|p1a: Latias
|-supereffective|p1a: Latias
|-damage|p1a: Latias|0 fnt
|faint|p1a: Latias
|
|-weather|SunnyDay|[upkeep]
|-damage|p2a: Rotom|0 fnt|[from] psn
|faint|p2a: Rotom
|upkeep
|
|t:|1725102347
|switch|p1a: Heatran|Heatran, F|88/100
|switch|p2a: Garchomp|Garchomp, F|94/100
|-damage|p2a: Garchomp|88/100|[from] Stealth Rock
|-item|p1a: Heatran|Air Balloon
|turn|30
|
|t:|1725102352
|move|p2a: Garchomp|Swords Dance|p2a: Garchomp
|-boost|p2a: Garchomp|atk|2
|move|p1a: Heatran|Flame Charge|p2a: Garchomp
|-resisted|p2a: Garchomp
|-damage|p2a: Garchomp|79/100
|-boost|p1a: Heatran|spe|1
|-damage|p1a: Heatran|76/100|[from] ability: Rough Skin|[of] p2a: Garchomp
|
|-weather|SunnyDay|[upkeep]
|upkeep
|turn|31
|
|t:|1725102362
|move|p2a: Garchomp|Endure|p2a: Garchomp
|-singleturn|p2a: Garchomp|move: Endure
|move|p1a: Heatran|Hidden Power|p2a: Garchomp
|-supereffective|p2a: Garchomp
|-activate|p2a: Garchomp|move: Endure
|-damage|p2a: Garchomp|1/100
|-enditem|p2a: Garchomp|Salac Berry|[eat]
|-boost|p2a: Garchomp|spe|1|[from] item: Salac Berry
|
|-weather|SunnyDay|[upkeep]
|upkeep
|turn|32
|
|t:|1725102369
|move|p2a: Garchomp|Outrage|p1a: Heatran
|-resisted|p1a: Heatran
|-damage|p1a: Heatran|13/100
|-enditem|p1a: Heatran|Air Balloon
|move|p1a: Heatran|Hidden Power|p2a: Garchomp
|-supereffective|p2a: Garchomp
|-damage|p2a: Garchomp|0 fnt
|faint|p2a: Garchomp
|
|win|nidiedi
|raw|nidiedi's rating: 1530 &rarr; <strong>1547</strong><br />(+17 for winning)
|raw|leoperi99's rating: 1476 &rarr; <strong>1459</strong><br />(-17 for losing)
|l|☆leoperi99
|player|p2|
|l|☆nidiedi
|player|p1|
|j|☆nidiedi
|player|p1|nidiedi|nate|
