|j|☆Coronet077
|j|☆elle+ratio
|t:|1717090096
|gametype|singles
|player|p1|Coronet077|fisherman-gen4|1372
|player|p2|elle+ratio|fisherman-gen4|1342
|teamsize|p1|6
|teamsize|p2|6
|gen|5
|tier|[Gen 5] OU
|rated|
|rule|Species Clause: Limit one of each Pokémon
|rule|OHKO Clause: OHKO moves are banned
|rule|Moody Clause: Moody is banned
|rule|Evasion Items Clause: Evasion items are banned
|rule|Evasion Moves Clause: Evasion moves are banned
|rule|Endless Battle Clause: Forcing endless battles is banned
|rule|HP Percentage Mod: HP is shown in percentages
|rule|Evasion Abilities Clause: Evasion abilities are banned
|rule|Sleep Moves Clause: Sleep-inducing moves are banned
|rule|Swagger Clause: Swagger is banned
|rule|Baton Pass Stat Clause: No Baton Passer may have a way to boost its stats
|clearpoke
|poke|p1|Magnezone|item
|poke|p1|Jirachi|item
|poke|p1|Kyurem-Black|item
|poke|p1|Latios, M|item
|poke|p1|Garchomp, M|item
|poke|p1|Dragonite, M|item
|poke|p2|Abomasnow, F|item
|poke|p2|Landorus-Therian, M|item
|poke|p2|Salamence, F|item
|poke|p2|Volcarona, M|item
|poke|p2|Dragonite, M|item
|poke|p2|Jirachi|item
|teampreview
|inactive|Battle timer is ON: inactive players will automatically lose when time's up. (requested by elle+ratio)
|
|t:|1717090104
|start
|switch|p1a: Jirachi|Jirachi|100/100
|switch|p2a: Landorus|Landorus-Therian, M|100/100
|-ability|p2a: Landorus|Intimidate|boost
|-unboost|p1a: Jirachi|atk|1
|turn|1
|
|t:|1717090128
|move|p2a: Landorus|Imprison|p2a: Landorus
|-start|p2a: Landorus|move: Imprison
|move|p1a: Jirachi|Icy Wind|p2a: Landorus|[miss]
|-miss|p1a: Jirachi|p2a: Landorus
|
|upkeep
|turn|2
|
|t:|1717090136
|move|p2a: Landorus|Stealth Rock|p1a: Jirachi
|-sidestart|p1: Coronet077|move: Stealth Rock
|move|p1a: Jirachi|Icy Wind|p2a: Landorus
|-supereffective|p2a: Landorus
|-damage|p2a: Landorus|37/100
|-unboost|p2a: Landorus|spe|1
|
|upkeep
|turn|3
|
|t:|1717090140
|move|p1a: Jirachi|Icy Wind|p2a: Landorus
|-supereffective|p2a: Landorus
|-damage|p2a: Landorus|0 fnt
|faint|p2a: Landorus
|
|upkeep
|
|t:|1717090144
|switch|p2a: Volcarona|Volcarona, M|100/100
|turn|4
|
|t:|1717090151
|move|p2a: Volcarona|Fire Blast|p1a: Jirachi
|-supereffective|p1a: Jirachi
|-damage|p1a: Jirachi|17/100
|move|p1a: Jirachi|U-turn|p2a: Volcarona
|-resisted|p2a: Volcarona
|-crit|p2a: Volcarona
|-damage|p2a: Volcarona|76/100
|
|t:|1717090162
|switch|p1a: Kyurem|Kyurem-Black|100/100|[from] U-turn
|-damage|p1a: Kyurem|76/100|[from] Stealth Rock
|-ability|p1a: Kyurem|Teravolt
|
|upkeep
|turn|5
|
|t:|1717090167
|switch|p2a: Abomasnow|Abomasnow, F|100/100
|-weather|Hail|[from] ability: Snow Warning|[of] p2a: Abomasnow
|move|p1a: Kyurem|Fusion Bolt|p2a: Abomasnow
|-resisted|p2a: Abomasnow
|-damage|p2a: Abomasnow|53/100
|
|-weather|Hail|[upkeep]
|upkeep
|turn|6
|
|t:|1717090174
|switch|p1a: Jirachi|Jirachi|17/100
|-damage|p1a: Jirachi|11/100|[from] Stealth Rock
|move|p2a: Abomasnow|Blizzard|p1a: Jirachi
|-resisted|p1a: Jirachi
|-damage|p1a: Jirachi|0 fnt
|faint|p1a: Jirachi
|
|-weather|Hail|[upkeep]
|upkeep
|
|t:|1717090188
|switch|p1a: Magnezone|Magnezone|100/100
|-damage|p1a: Magnezone|94/100|[from] Stealth Rock
|-item|p1a: Magnezone|Air Balloon
|turn|7
|
|t:|1717090192
|move|p1a: Magnezone|Hidden Power|p2a: Abomasnow
|-supereffective|p2a: Abomasnow
|-damage|p2a: Abomasnow|0 fnt
|faint|p2a: Abomasnow
|
|-weather|Hail|[upkeep]
|-damage|p1a: Magnezone|88/100|[from] Hail
|upkeep
|
|t:|1717090195
|switch|p2a: Volcarona|Volcarona, M|76/100
|turn|8
|
|t:|1717090199
|move|p2a: Volcarona|Quiver Dance|p2a: Volcarona
|-boost|p2a: Volcarona|spa|1
|-boost|p2a: Volcarona|spd|1
|-boost|p2a: Volcarona|spe|1
|move|p1a: Magnezone|Thunderbolt|p2a: Volcarona
|-damage|p2a: Volcarona|43/100
|
|-weather|Hail|[upkeep]
|-damage|p2a: Volcarona|37/100|[from] Hail
|-damage|p1a: Magnezone|82/100|[from] Hail
|upkeep
|turn|9
|
|t:|1717090202
|move|p2a: Volcarona|Fire Blast|p1a: Magnezone|[miss]
|-miss|p2a: Volcarona|p1a: Magnezone
|move|p1a: Magnezone|Thunderbolt|p2a: Volcarona
|-damage|p2a: Volcarona|0 fnt
|faint|p2a: Volcarona
|
|-weather|Hail|[upkeep]
|-damage|p1a: Magnezone|76/100|[from] Hail
|upkeep
|
|t:|1717090205
|switch|p2a: Jirachi|Jirachi|100/100
|turn|10
|
|t:|1717090209
|move|p2a: Jirachi|U-turn|p1a: Magnezone
|-resisted|p1a: Magnezone
|-crit|p1a: Magnezone
|-damage|p1a: Magnezone|52/100
|-enditem|p1a: Magnezone|Air Balloon
|
|t:|1717090211
|switch|p2a: Salamence|Salamence, F|100/100|[from] U-turn
|move|p1a: Magnezone|Sunny Day|p1a: Magnezone
|-weather|SunnyDay
|
|-weather|SunnyDay|[upkeep]
|upkeep
|turn|11
|
|t:|1717090216
|move|p2a: Salamence|Dragon Dance|p2a: Salamence
|-boost|p2a: Salamence|atk|1
|-boost|p2a: Salamence|spe|1
|move|p1a: Magnezone|Thunderbolt|p2a: Salamence
|-damage|p2a: Salamence|34/100
|
|-weather|SunnyDay|[upkeep]
|upkeep
|turn|12
|
|t:|1717090219
|move|p2a: Salamence|Earthquake|p1a: Magnezone
|-supereffective|p1a: Magnezone
|-damage|p1a: Magnezone|0 fnt
|faint|p1a: Magnezone
|-ability|p2a: Salamence|Moxie|boost
|-boost|p2a: Salamence|atk|1
|
|-weather|SunnyDay|[upkeep]
|upkeep
|
|t:|1717090234
|switch|p1a: Garchomp|Garchomp, M|100/100
|-damage|p1a: Garchomp|94/100|[from] Stealth Rock
|turn|13
|
|t:|1717090237
|switch|p2a: Jirachi|Jirachi|100/100
|move|p1a: Garchomp|Dual Chop|p2a: Jirachi
|-resisted|p2a: Jirachi
|-damage|p2a: Jirachi|90/100
|-resisted|p2a: Jirachi
|-damage|p2a: Jirachi|80/100
|-hitcount|p2a: Jirachi|2
|
|-weather|SunnyDay|[upkeep]
|upkeep
|turn|14
|
|t:|1717090246
|switch|p1a: Kyurem|Kyurem-Black|76/100
|-damage|p1a: Kyurem|51/100|[from] Stealth Rock
|-ability|p1a: Kyurem|Teravolt
|move|p2a: Jirachi|Iron Head|p1a: Kyurem
|-supereffective|p1a: Kyurem
|-damage|p1a: Kyurem|0 fnt
|faint|p1a: Kyurem
|
|-weather|none
|upkeep
|
|t:|1717090250
|switch|p1a: Garchomp|Garchomp, M|94/100
|-damage|p1a: Garchomp|88/100|[from] Stealth Rock
|turn|15
|
|t:|1717090253
|switch|p2a: Salamence|Salamence, F|34/100
|move|p1a: Garchomp|Stealth Rock|p2a: Salamence
|-sidestart|p2: elle+ratio|move: Stealth Rock
|
|upkeep
|turn|16
|
|t:|1717090257
|switch|p1a: Dragonite|Dragonite, M|100/100
|-damage|p1a: Dragonite|76/100|[from] Stealth Rock
|move|p2a: Salamence|Outrage|p1a: Dragonite
|-supereffective|p1a: Dragonite
|-crit|p1a: Dragonite
|-damage|p1a: Dragonite|0 fnt
|faint|p1a: Dragonite
|-ability|p2a: Salamence|Moxie|boost
|-boost|p2a: Salamence|atk|1
|
|upkeep
|
|t:|1717090261
|switch|p1a: Latios|Latios, M|100/100
|-damage|p1a: Latios|88/100|[from] Stealth Rock
|turn|17
|
|t:|1717090263
|move|p1a: Latios|Dragon Pulse|p2a: Salamence
|-supereffective|p2a: Salamence
|-damage|p2a: Salamence|0 fnt
|faint|p2a: Salamence
|
|upkeep
|
|t:|1717090266
|switch|p2a: Jirachi|Jirachi|80/100
|-damage|p2a: Jirachi|74/100|[from] Stealth Rock
|turn|18
|
|t:|1717090269
|switch|p1a: Garchomp|Garchomp, M|88/100
|-damage|p1a: Garchomp|82/100|[from] Stealth Rock
|move|p2a: Jirachi|Iron Head|p1a: Garchomp
|-damage|p1a: Garchomp|50/100
|-damage|p2a: Jirachi|62/100|[from] ability: Rough Skin|[of] p1a: Garchomp
|
|upkeep
|turn|19
|
|t:|1717090272
|switch|p2a: Dragonite|Dragonite, M|100/100
|-damage|p2a: Dragonite|76/100|[from] Stealth Rock
|move|p1a: Garchomp|Earthquake|p2a: Dragonite
|-immune|p2a: Dragonite
|
|-heal|p2a: Dragonite|82/100|[from] item: Leftovers
|upkeep
|turn|20
|
|t:|1717090277
|switch|p1a: Latios|Latios, M|88/100
|-damage|p1a: Latios|76/100|[from] Stealth Rock
|move|p2a: Dragonite|Dragon Dance|p2a: Dragonite
|-boost|p2a: Dragonite|atk|1
|-boost|p2a: Dragonite|spe|1
|
|-heal|p2a: Dragonite|88/100|[from] item: Leftovers
|upkeep
|turn|21
|
|t:|1717090286
|move|p1a: Latios|Dragon Pulse|p2a: Dragonite
|-supereffective|p2a: Dragonite
|-damage|p2a: Dragonite|0 fnt
|faint|p2a: Dragonite
|
|upkeep
|
|t:|1717090288
|switch|p2a: Jirachi|Jirachi|62/100
|-damage|p2a: Jirachi|55/100|[from] Stealth Rock
|turn|22
|j| baishii
|
|t:|1717090293
|move|p1a: Latios|Dragon Pulse|p2a: Jirachi
|-resisted|p2a: Jirachi
|-damage|p2a: Jirachi|32/100
|move|p2a: Jirachi|Iron Head|p1a: Latios
|-damage|p1a: Latios|31/100
|
|upkeep
|turn|23
|l| baishii
|
|t:|1717090297
|move|p1a: Latios|Dragon Pulse|p2a: Jirachi
|-resisted|p2a: Jirachi
|-damage|p2a: Jirachi|10/100
|move|p2a: Jirachi|Iron Head|p1a: Latios
|-damage|p1a: Latios|0 fnt
|faint|p1a: Latios
|
|upkeep
|
|t:|1717090299
|switch|p1a: Garchomp|Garchomp, M|50/100
|-damage|p1a: Garchomp|44/100|[from] Stealth Rock
|turn|24
|
|t:|1717090302
|move|p1a: Garchomp|Earthquake|p2a: Jirachi
|-supereffective|p2a: Jirachi
|-damage|p2a: Jirachi|0 fnt
|faint|p2a: Jirachi
|
|win|Coronet077
|raw|Coronet077's rating: 1372 &rarr; <strong>1390</strong><br />(+18 for winning)
|raw|elle+ratio's rating: 1342 &rarr; <strong>1324</strong><br />(-18 for losing)
|l|☆elle+ratio
|player|p2|
