|j|☆AstroMigui
|j|☆lijkjlkjlkjlkjlk
|t:|1724351440
|gametype|singles
|player|p1|AstroMigui|2|1313
|player|p2|lijkjlkjlkjlkjlk|bugcatcher-gen4dp|1427
|teamsize|p1|6
|teamsize|p2|6
|gen|5
|tier|[Gen 5] OU
|rated|
|rule|Species Clause: Limit one of each Pokémon
|rule|OHKO Clause: OHKO moves are banned
|rule|Moody Clause: Moody is banned
|rule|Evasion Items Clause: Evasion items are banned
|rule|Evasion Moves Clause: Evasion moves are banned
|rule|Endless Battle Clause: Forcing endless battles is banned
|rule|HP Percentage Mod: HP is shown in percentages
|rule|Evasion Abilities Clause: Evasion abilities are banned
|rule|Sleep Moves Clause: Sleep-inducing moves are banned
|rule|Swagger Clause: Swagger is banned
|rule|Baton Pass Stat Clause: No Baton Passer may have a way to boost its stats
|clearpoke
|poke|p1|Tyranitar, M|item
|poke|p1|Landorus-Therian, M|item
|poke|p1|Excadrill, F|item
|poke|p1|Garchomp, F|item
|poke|p1|Celebi|item
|poke|p1|Latios, M|item
|poke|p2|Bronzong|item
|poke|p2|Porygon2|item
|poke|p2|Reuniclus, M|item
|poke|p2|Chandelure, M|item
|poke|p2|Crawdaunt, F|item
|poke|p2|Terrakion|item
|teampreview
|inactive|Battle timer is ON: inactive players will automatically lose when time's up. (requested by lijkjlkjlkjlkjlk)
|inactive|AstroMigui also wants the timer to be on.
|
|t:|1724351489
|start
|switch|p1a: Landorus|Landorus-Therian, M|100/100
|switch|p2a: Bronzong|Bronzong|100/100
|-ability|p1a: Landorus|Intimidate|boost
|-unboost|p2a: Bronzong|atk|1
|turn|1
|
|t:|1724351498
|move|p1a: Landorus|Substitute|p1a: Landorus
|-start|p1a: Landorus|Substitute
|-damage|p1a: Landorus|76/100
|move|p2a: Bronzong|Stealth Rock|p1a: Landorus
|-sidestart|p1: AstroMigui|move: Stealth Rock
|
|-heal|p1a: Landorus|82/100|[from] item: Leftovers
|upkeep
|turn|2
|
|t:|1724351503
|move|p1a: Landorus|Smack Down|p2a: Bronzong
|-resisted|p2a: Bronzong
|-crit|p2a: Bronzong
|-damage|p2a: Bronzong|85/100
|-start|p2a: Bronzong|Smack Down
|move|p2a: Bronzong|Trick Room|p2a: Bronzong
|-fieldstart|move: Trick Room|[of] p2a: Bronzong
|
|-heal|p1a: Landorus|88/100|[from] item: Leftovers
|upkeep
|turn|3
|
|t:|1724351513
|switch|p2a: Porygon2|Porygon2|100/100
|-ability|p2a: Porygon2|Download|boost
|-boost|p2a: Porygon2|spa|1
|move|p1a: Landorus|Earthquake|p2a: Porygon2
|-damage|p2a: Porygon2|64/100
|
|-heal|p1a: Landorus|94/100|[from] item: Leftovers
|upkeep
|turn|4
|j| Italo Beat Boy
|
|t:|1724351522
|move|p2a: Porygon2|Ice Beam|p1a: Landorus
|-supereffective|p1a: Landorus
|-end|p1a: Landorus|Substitute
|move|p1a: Landorus|Earthquake|p2a: Porygon2
|-damage|p2a: Porygon2|24/100
|
|-heal|p1a: Landorus|99/100|[from] item: Leftovers
|upkeep
|turn|5
|c| Italo Beat Boy|OMG LOL WTF
|
|t:|1724351532
|switch|p1a: Tyranitar|Tyranitar, M|100/100
|-damage|p1a: Tyranitar|88/100|[from] Stealth Rock
|-weather|Sandstorm|[from] ability: Sand Stream|[of] p1a: Tyranitar
|move|p2a: Porygon2|Recover|p2a: Porygon2
|-heal|p2a: Porygon2|74/100
|
|-weather|Sandstorm|[upkeep]
|-damage|p2a: Porygon2|68/100|[from] Sandstorm
|upkeep
|turn|6
|
|t:|1724351552
|move|p2a: Porygon2|Thunder|p1a: Tyranitar
|-damage|p1a: Tyranitar|61/100
|-status|p1a: Tyranitar|par
|move|p1a: Tyranitar|Stealth Rock|p2a: Porygon2
|-sidestart|p2: lijkjlkjlkjlkjlk|move: Stealth Rock
|
|-weather|Sandstorm|[upkeep]
|-damage|p2a: Porygon2|62/100|[from] Sandstorm
|-fieldend|move: Trick Room
|upkeep
|turn|7
|
|t:|1724351561
|switch|p2a: Bronzong|Bronzong|85/100
|-damage|p2a: Bronzong|79/100|[from] Stealth Rock
|move|p1a: Tyranitar|Superpower|p2a: Bronzong
|-damage|p2a: Bronzong|40/100
|-unboost|p1a: Tyranitar|atk|1
|-unboost|p1a: Tyranitar|def|1
|
|-weather|Sandstorm|[upkeep]
|upkeep
|turn|8
|
|t:|1724351585
|move|p1a: Tyranitar|Rock Slide|p2a: Bronzong
|-resisted|p2a: Bronzong
|-damage|p2a: Bronzong|28/100
|move|p2a: Bronzong|Trick Room|p2a: Bronzong
|-fieldstart|move: Trick Room|[of] p2a: Bronzong
|
|-weather|Sandstorm|[upkeep]
|upkeep
|turn|9
|
|t:|1724351591
|move|p1a: Tyranitar|Pursuit|p2a: Bronzong
|-damage|p2a: Bronzong|16/100
|move|p2a: Bronzong|Gyro Ball|p1a: Tyranitar
|-supereffective|p1a: Tyranitar
|-damage|p1a: Tyranitar|43/100 par
|
|-weather|Sandstorm|[upkeep]
|upkeep
|turn|10
|inactive|AstroMigui has 120 seconds left.
|
|t:|1724351620
|move|p1a: Tyranitar|Pursuit|p2a: Bronzong
|-damage|p2a: Bronzong|3/100
|move|p2a: Bronzong|Explosion|p1a: Tyranitar
|-resisted|p1a: Tyranitar
|-damage|p1a: Tyranitar|0 fnt
|faint|p2a: Bronzong
|faint|p1a: Tyranitar
|
|-weather|Sandstorm|[upkeep]
|upkeep
|inactive|AstroMigui has 120 seconds left.
|c| Italo Beat Boy|FAIL
|
|t:|1724351633
|switch|p2a: Crawdaunt|Crawdaunt, F|100/100
|switch|p1a: Celebi|Celebi|100/100
|-damage|p2a: Crawdaunt|88/100|[from] Stealth Rock
|-damage|p1a: Celebi|88/100|[from] Stealth Rock
|turn|11
|
|t:|1724351637
|move|p2a: Crawdaunt|Crunch|p1a: Celebi
|-supereffective|p1a: Celebi
|-damage|p1a: Celebi|0 fnt
|faint|p1a: Celebi
|
|-weather|Sandstorm|[upkeep]
|-damage|p2a: Crawdaunt|82/100|[from] Sandstorm
|upkeep
|
|t:|1724351647
|switch|p1a: Landorus|Landorus-Therian, M|99/100
|-damage|p1a: Landorus|87/100|[from] Stealth Rock
|-ability|p1a: Landorus|Intimidate|boost
|-unboost|p2a: Crawdaunt|atk|1
|turn|12
|
|t:|1724351673
|switch|p2a: Chandelure|Chandelure, M|100/100
|-damage|p2a: Chandelure|76/100|[from] Stealth Rock
|-item|p2a: Chandelure|Air Balloon
|switch|p1a: Latios|Latios, M|100/100
|-damage|p1a: Latios|88/100|[from] Stealth Rock
|
|-weather|Sandstorm|[upkeep]
|-damage|p2a: Chandelure|70/100|[from] Sandstorm
|-damage|p1a: Latios|82/100|[from] Sandstorm
|-fieldend|move: Trick Room
|upkeep
|turn|13
|
|t:|1724351683
|move|p1a: Latios|Surf|p2a: Chandelure
|-supereffective|p2a: Chandelure
|-damage|p2a: Chandelure|0 fnt
|-enditem|p2a: Chandelure|Air Balloon
|faint|p2a: Chandelure
|
|-weather|Sandstorm|[upkeep]
|-damage|p1a: Latios|76/100|[from] Sandstorm
|upkeep
|
|t:|1724351693
|switch|p2a: Reuniclus|Reuniclus, M|100/100
|turn|14
|
|t:|1724351703
|switch|p1a: Excadrill|Excadrill, F|100/100
|-damage|p1a: Excadrill|98/100|[from] Stealth Rock
|-item|p1a: Excadrill|Air Balloon
|move|p2a: Reuniclus|Trick Room|p2a: Reuniclus
|-fieldstart|move: Trick Room|[of] p2a: Reuniclus
|
|-weather|Sandstorm|[upkeep]
|upkeep
|turn|15
|
|t:|1724351710
|move|p2a: Reuniclus|Focus Blast|p1a: Excadrill
|-supereffective|p1a: Excadrill
|-damage|p1a: Excadrill|0 fnt
|-enditem|p1a: Excadrill|Air Balloon
|faint|p1a: Excadrill
|
|-weather|Sandstorm|[upkeep]
|upkeep
|
|t:|1724351716
|switch|p1a: Latios|Latios, M|76/100
|-damage|p1a: Latios|64/100|[from] Stealth Rock
|turn|16
|
|t:|1724351719
|move|p2a: Reuniclus|Shadow Ball|p1a: Latios
|-supereffective|p1a: Latios
|-damage|p1a: Latios|0 fnt
|faint|p1a: Latios
|
|-weather|Sandstorm|[upkeep]
|upkeep
|c| Italo Beat Boy|RAW
|
|t:|1724351724
|switch|p1a: Landorus|Landorus-Therian, M|87/100
|-damage|p1a: Landorus|75/100|[from] Stealth Rock
|-ability|p1a: Landorus|Intimidate|boost
|-unboost|p2a: Reuniclus|atk|1
|turn|17
|c|☆lijkjlkjlkjlkjlk|glad ur having fun
|c| Italo Beat Boy|RAAAAAAAAAAAAAAAAAAAAAAAW
|
|t:|1724351735
|move|p2a: Reuniclus|Psyshock|p1a: Landorus
|-damage|p1a: Landorus|15/100
|move|p1a: Landorus|Earthquake|p2a: Reuniclus
|-damage|p2a: Reuniclus|49/100
|
|-weather|Sandstorm|[upkeep]
|-heal|p1a: Landorus|21/100|[from] item: Leftovers
|upkeep
|turn|18
|
|t:|1724351748
|move|p2a: Reuniclus|Psyshock|p1a: Landorus
|-damage|p1a: Landorus|0 fnt
|faint|p1a: Landorus
|
|-weather|Sandstorm|[upkeep]
|-fieldend|move: Trick Room
|upkeep
|
|t:|1724351752
|switch|p1a: Garchomp|Garchomp, F|100/100
|-damage|p1a: Garchomp|94/100|[from] Stealth Rock
|turn|19
|
|t:|1724351758
|move|p1a: Garchomp|Earthquake|p2a: Reuniclus
|-damage|p2a: Reuniclus|0 fnt
|faint|p2a: Reuniclus
|
|-weather|Sandstorm|[upkeep]
|upkeep
|
|t:|1724351766
|switch|p2a: Porygon2|Porygon2|62/100
|-damage|p2a: Porygon2|50/100|[from] Stealth Rock
|-ability|p2a: Porygon2|Download|boost
|-boost|p2a: Porygon2|spa|1
|turn|20
|
|t:|1724351776
|move|p1a: Garchomp|Earthquake|p2a: Porygon2
|-damage|p2a: Porygon2|15/100
|move|p2a: Porygon2|Ice Beam|p1a: Garchomp
|-supereffective|p1a: Garchomp
|-enditem|p1a: Garchomp|Yache Berry|[eat]
|-enditem|p1a: Garchomp|Yache Berry|[weaken]
|-damage|p1a: Garchomp|2/100
|
|-weather|Sandstorm|[upkeep]
|-damage|p2a: Porygon2|9/100|[from] Sandstorm
|upkeep
|turn|21
|
|t:|1724351784
|move|p1a: Garchomp|Earthquake|p2a: Porygon2
|-damage|p2a: Porygon2|0 fnt
|faint|p2a: Porygon2
|
|-weather|Sandstorm|[upkeep]
|upkeep
|
|t:|1724351786
|switch|p2a: Terrakion|Terrakion|100/100
|-damage|p2a: Terrakion|94/100|[from] Stealth Rock
|turn|22
|c| Italo Beat Boy|Don't mention me, I just trolling
|
|t:|1724351788
|move|p2a: Terrakion|Quick Attack|p1a: Garchomp
|-damage|p1a: Garchomp|0 fnt
|-damage|p2a: Terrakion|82/100|[from] ability: Rough Skin|[of] p1a: Garchomp
|faint|p1a: Garchomp
|
|win|lijkjlkjlkjlkjlk
|raw|AstroMigui's rating: 1313 &rarr; <strong>1299</strong><br />(-14 for losing)
|raw|lijkjlkjlkjlkjlk's rating: 1427 &rarr; <strong>1441</strong><br />(+14 for winning)
