|j|Pistachetto
|j|Doouchebag
|player|p1|Pistachetto|101
|player|p2|Doouchebag|265
|gametype|singles
|gen|5
|tier|[Gen 5] OU
|rated
|seed|
|rule|Evasion Abilities Clause: Evasion abilities are banned
|rule|Baton Pass Clause: Limit one Baton Passer, can't pass Spe and other stats simultaneously
|rule|Swagger Clause: Swagger is banned
|clearpoke
|poke|p1|Poliwrath, F|item
|poke|p1|Zangoose, F|item
|poke|p1|Crobat, M|item
|poke|p1|Sceptile, M|item
|poke|p1|Rhydon, M|item
|poke|p1|Snorlax, M|item
|poke|p2|Keldeo-Resolute|item
|poke|p2|Ferrothorn, M|item
|poke|p2|Dragonite, F|item
|poke|p2|Landorus-Therian, M|item
|poke|p2|Terrakion|item
|poke|p2|Latias, F|item
|rule|Sleep Clause Mod: Limit one foe put to sleep
|rule|Species Clause: Limit one of each Pokémon
|rule|OHKO Clause: OHKO moves are banned
|rule|Moody Clause: Moody is banned
|rule|Evasion Moves Clause: Evasion moves are banned
|rule|Endless Battle Clause: Forcing endless battles is banned
|rule|HP Percentage Mod: HP is shown in percentages
|teampreview
|choice||
|
|start
|switch|p1a: Sceptile|Sceptile, M|100/100
|switch|p2a: Keldeo|Keldeo-Resolute|100/100
|turn|1
|choice||
|
|switch|p2a: Ferrothorn|Ferrothorn, M|100/100
|move|p1a: Sceptile|Giga Drain|p2a: Ferrothorn
|-resisted|p2a: Ferrothorn
|-damage|p2a: Ferrothorn|92/100
|-damage|p1a: Sceptile|91/100|[from] item: Life Orb
|
|-heal|p2a: Ferrothorn|99/100|[from] item: Leftovers
|turn|2
|choice||
|
|switch|p2a: Dragonite|Dragonite, F|100/100
|move|p1a: Sceptile|Hidden Power|p2a: Dragonite
|-resisted|p2a: Dragonite
|-crit|p2a: Dragonite
|-damage|p2a: Dragonite|87/100
|-damage|p1a: Sceptile|81/100|[from] item: Life Orb
|
|turn|3
|choice||
|
|switch|p1a: Rhydon|Rhydon, M|100/100
|switch|p2a: Keldeo|Keldeo-Resolute|100/100
|
|turn|4
|choice||
|
|switch|p1a: Snorlax|Snorlax, M|100/100
|move|p2a: Keldeo|Substitute|p2a: Keldeo
|-start|p2a: Keldeo|Substitute
|-damage|p2a: Keldeo|75/100
|
|-heal|p2a: Keldeo|82/100|[from] item: Leftovers
|turn|5
|choice||
|
|move|p2a: Keldeo|Secret Sword|p1a: Snorlax
|-supereffective|p1a: Snorlax
|-damage|p1a: Snorlax|24/100
|move|p1a: Snorlax|Body Slam|p2a: Keldeo
|-end|p2a: Keldeo|Substitute
|
|-heal|p2a: Keldeo|88/100|[from] item: Leftovers
|-heal|p1a: Snorlax|30/100|[from] item: Leftovers
|turn|6
|choice||
|
|move|p2a: Keldeo|Secret Sword|p1a: Snorlax
|-supereffective|p1a: Snorlax
|-damage|p1a: Snorlax|0 fnt
|faint|p1a: Snorlax
|
|-heal|p2a: Keldeo|94/100|[from] item: Leftovers
|choice||
|
|switch|p1a: Sceptile|Sceptile, M|81/100
|turn|7
|choice||
|
|switch|p2a: Dragonite|Dragonite, F|87/100
|move|p1a: Sceptile|Hidden Power|p2a: Dragonite
|-resisted|p2a: Dragonite
|-damage|p2a: Dragonite|73/100
|-damage|p1a: Sceptile|71/100|[from] item: Life Orb
|
|turn|8
|choice||
|
|move|p1a: Sceptile|Dragon Pulse|p2a: Dragonite
|-supereffective|p2a: Dragonite
|-damage|p2a: Dragonite|3/100
|-damage|p1a: Sceptile|61/100|[from] item: Life Orb
|move|p2a: Dragonite|Roost|p2a: Dragonite
|-heal|p2a: Dragonite|53/100
|
|turn|9
|choice||
|
|switch|p2a: Landorus|Landorus-Therian, M|100/100
|-ability|p2a: Landorus|Intimidate|boost
|-unboost|p1a: Sceptile|atk|1
|move|p1a: Sceptile|Giga Drain|p2a: Landorus
|-damage|p2a: Landorus|45/100
|-heal|p1a: Sceptile|98/100|[from] drain|[of] p2a: Landorus
|-damage|p1a: Sceptile|88/100|[from] item: Life Orb
|
|-heal|p2a: Landorus|51/100|[from] item: Leftovers
|turn|10
|choice||
|
|switch|p2a: Latias|Latias, F|100/100
|move|p1a: Sceptile|Giga Drain|p2a: Latias
|-resisted|p2a: Latias
|-damage|p2a: Latias|80/100
|-heal|p1a: Sceptile|99/100|[from] drain|[of] p2a: Latias
|-damage|p1a: Sceptile|89/100|[from] item: Life Orb
|
|turn|11
|choice||
|
|switch|p1a: Rhydon|Rhydon, M|100/100
|move|p2a: Latias|Draco Meteor|p1a: Rhydon
|-damage|p1a: Rhydon|17/100
|-unboost|p2a: Latias|spa|2
|-damage|p2a: Latias|70/100|[from] item: Life Orb
|
|turn|12
|choice||
|
|switch|p2a: Landorus|Landorus-Therian, M|51/100
|-ability|p2a: Landorus|Intimidate|boost
|-unboost|p1a: Rhydon|atk|1
|move|p1a: Rhydon|Stealth Rock|p2a: Landorus
|-sidestart|p2: Doouchebag|move: Stealth Rock
|
|-heal|p2a: Landorus|57/100|[from] item: Leftovers
|turn|13
|choice||
|
|move|p2a: Landorus|Stealth Rock|p1a: Rhydon
|-sidestart|p1: Pistachetto|move: Stealth Rock
|move|p1a: Rhydon|Stone Edge|p2a: Landorus|[miss]
|-miss|p1a: Rhydon|p2a: Landorus
|
|-heal|p2a: Landorus|63/100|[from] item: Leftovers
|turn|14
|choice||
|
|switch|p1a: Crobat|Crobat, M|100/100
|-damage|p1a: Crobat|76/100|[from] Stealth Rock
|move|p2a: Landorus|Earthquake|p1a: Crobat
|-immune|p1a: Crobat|[msg]
|
|-heal|p1a: Crobat|82/100|[from] item: Leftovers
|-heal|p2a: Landorus|69/100|[from] item: Leftovers
|turn|15
|choice||
|
|switch|p2a: Ferrothorn|Ferrothorn, M|99/100
|-damage|p2a: Ferrothorn|92/100|[from] Stealth Rock
|move|p1a: Crobat|Nasty Plot|p1a: Crobat
|-boost|p1a: Crobat|spa|2
|
|-heal|p1a: Crobat|88/100|[from] item: Leftovers
|-heal|p2a: Ferrothorn|99/100|[from] item: Leftovers
|turn|16
|choice||
|
|move|p1a: Crobat|Air Slash|p2a: Ferrothorn
|-damage|p2a: Ferrothorn|58/100
|move|p2a: Ferrothorn|Gyro Ball|p1a: Crobat
|-damage|p1a: Crobat|25/100
|
|-heal|p1a: Crobat|31/100|[from] item: Leftovers
|-heal|p2a: Ferrothorn|64/100|[from] item: Leftovers
|turn|17
|choice||
|
|move|p1a: Crobat|Heat Wave|p2a: Ferrothorn
|-supereffective|p2a: Ferrothorn
|-damage|p2a: Ferrothorn|0 fnt
|faint|p2a: Ferrothorn
|
|-heal|p1a: Crobat|37/100|[from] item: Leftovers
|choice||
|
|switch|p2a: Terrakion|Terrakion|100/100
|-damage|p2a: Terrakion|94/100|[from] Stealth Rock
|turn|18
|choice||
|
|move|p1a: Crobat|Air Slash|p2a: Terrakion
|-damage|p2a: Terrakion|36/100
|cant|p2a: Terrakion|flinch
|
|-heal|p1a: Crobat|44/100|[from] item: Leftovers
|turn|19
|choice||
|
|move|p1a: Crobat|Air Slash|p2a: Terrakion
|-damage|p2a: Terrakion|0 fnt
|faint|p2a: Terrakion
|
|-heal|p1a: Crobat|50/100|[from] item: Leftovers
|choice||
|
|switch|p2a: Latias|Latias, F|70/100
|-damage|p2a: Latias|58/100|[from] Stealth Rock
|turn|20
|choice||
|
|move|p1a: Crobat|Sludge Bomb|p2a: Latias
|-damage|p2a: Latias|0 fnt
|faint|p2a: Latias
|
|-heal|p1a: Crobat|56/100|[from] item: Leftovers
|choice||
|
|switch|p2a: Dragonite|Dragonite, F|53/100
|-damage|p2a: Dragonite|28/100|[from] Stealth Rock
|turn|21
|choice||
|
|move|p1a: Crobat|Sludge Bomb|p2a: Dragonite
|-damage|p2a: Dragonite|0 fnt
|faint|p2a: Dragonite
|
|-heal|p1a: Crobat|62/100|[from] item: Leftovers
|choice||
|
|switch|p2a: Keldeo|Keldeo-Resolute|94/100
|-damage|p2a: Keldeo|88/100|[from] Stealth Rock
|turn|22
|choice||
|
|move|p1a: Crobat|Sludge Bomb|p2a: Keldeo
|-damage|p2a: Keldeo|14/100
|-status|p2a: Keldeo|psn
|move|p2a: Keldeo|Scald|p1a: Crobat
|-damage|p1a: Crobat|10/100
|
|-heal|p1a: Crobat|17/100|[from] item: Leftovers
|-heal|p2a: Keldeo|20/100 psn|[from] item: Leftovers
|-damage|p2a: Keldeo|8/100 psn|[from] psn
|turn|23
|choice||
|
|move|p1a: Crobat|Sludge Bomb|p2a: Keldeo
|-damage|p2a: Keldeo|0 fnt
|faint|p2a: Keldeo
|
|-heal|p1a: Crobat|23/100|[from] item: Leftovers
|choice||
|
|switch|p2a: Landorus|Landorus-Therian, M|69/100
|-damage|p2a: Landorus|57/100|[from] Stealth Rock
|-ability|p2a: Landorus|Intimidate|boost
|-unboost|p1a: Crobat|atk|1
|turn|24
|choice||
|
|move|p1a: Crobat|Air Slash|p2a: Landorus|[miss]
|-miss|p1a: Crobat|p2a: Landorus
|move|p2a: Landorus|Hidden Power|p1a: Crobat
|-supereffective|p1a: Crobat
|-damage|p1a: Crobat|0 fnt
|faint|p1a: Crobat
|
|-heal|p2a: Landorus|63/100|[from] item: Leftovers
|choice||
|
|switch|p1a: Zangoose|Zangoose, F|100/100
|-damage|p1a: Zangoose|88/100|[from] Stealth Rock
|turn|25
|choice||
|
|move|p1a: Zangoose|Ice Punch|p2a: Landorus
|-supereffective|p2a: Landorus
|-damage|p2a: Landorus|0 fnt
|faint|p2a: Landorus
|
|win|Pistachetto
|player|p1
|player|p2
|raw|Pistachetto's rating: 1283 &rarr; <strong>1315</strong><br />(+32 for winning)
|raw|Doouchebag's rating: 1374 &rarr; <strong>1349</strong><br />(-25 for losing)
|c|★Pistachetto|gg