|j|☆SEUIf
|j|☆repinho2711
|t:|1723981156
|gametype|singles
|player|p1|SEUIf|ingo-hisui|1328
|player|p2|repinho2711|ethan|1427
|teamsize|p1|6
|teamsize|p2|6
|gen|5
|tier|[Gen 5] OU
|rated|
|rule|Species Clause: Limit one of each Pokémon
|rule|OHKO Clause: OHKO moves are banned
|rule|Moody Clause: Moody is banned
|rule|Evasion Items Clause: Evasion items are banned
|rule|Evasion Moves Clause: Evasion moves are banned
|rule|Endless Battle Clause: Forcing endless battles is banned
|rule|HP Percentage Mod: HP is shown in percentages
|rule|Evasion Abilities Clause: Evasion abilities are banned
|rule|Sleep Moves Clause: Sleep-inducing moves are banned
|rule|Swagger Clause: Swagger is banned
|rule|Baton Pass Stat Clause: No Baton Passer may have a way to boost its stats
|clearpoke
|poke|p1|Tyranitar, M|item
|poke|p1|Latios, M|item
|poke|p1|Landorus-Therian, M|item
|poke|p1|Ferrothorn, F|item
|poke|p1|Alakazam, F|item
|poke|p1|Excadrill, F|item
|poke|p2|Scizor, M|item
|poke|p2|Donphan, M|item
|poke|p2|Virizion|item
|poke|p2|Milotic, M|item
|poke|p2|Dragonite, M|item
|poke|p2|Alakazam, M|item
|teampreview
|
|t:|1723981170
|start
|switch|p1a: Tyranitar|Tyranitar, M|100/100
|switch|p2a: Scizor|Scizor, M|100/100
|-weather|Sandstorm|[from] ability: Sand Stream|[of] p1a: Tyranitar
|turn|1
|
|t:|1723981184
|switch|p1a: Landorus|Landorus-Therian, M|100/100
|-ability|p1a: Landorus|Intimidate|boost
|-unboost|p2a: Scizor|atk|1
|move|p2a: Scizor|U-turn|p1a: Landorus
|-resisted|p1a: Landorus
|-damage|p1a: Landorus|84/100
|
|t:|1723981199
|switch|p2a: Donphan|Donphan, M|100/100|[from] U-turn
|
|-weather|Sandstorm|[upkeep]
|upkeep
|turn|2
|inactive|Battle timer is ON: inactive players will automatically lose when time's up. (requested by repinho2711)
|
|t:|1723981203
|move|p1a: Landorus|U-turn|p2a: Donphan
|-damage|p2a: Donphan|85/100
|
|t:|1723981212
|switch|p1a: Ferrothorn|Ferrothorn, F|100/100|[from] U-turn
|move|p2a: Donphan|Stealth Rock|p1a: Ferrothorn
|-sidestart|p1: SEUIf|move: Stealth Rock
|
|-weather|Sandstorm|[upkeep]
|-heal|p2a: Donphan|91/100|[from] item: Leftovers
|upkeep
|turn|3
|
|t:|1723981219
|move|p2a: Donphan|Earthquake|p1a: Ferrothorn
|-damage|p1a: Ferrothorn|67/100
|move|p1a: Ferrothorn|Spikes|p2a: Donphan
|-sidestart|p2: repinho2711|Spikes
|
|-weather|Sandstorm|[upkeep]
|-heal|p2a: Donphan|97/100|[from] item: Leftovers
|-heal|p1a: Ferrothorn|73/100|[from] item: Leftovers
|upkeep
|turn|4
|
|t:|1723981223
|move|p2a: Donphan|Earthquake|p1a: Ferrothorn
|-damage|p1a: Ferrothorn|38/100
|move|p1a: Ferrothorn|Knock Off|p2a: Donphan
|-damage|p2a: Donphan|94/100
|-enditem|p2a: Donphan|Leftovers|[from] move: Knock Off|[of] p1a: Ferrothorn
|
|-weather|Sandstorm|[upkeep]
|-heal|p1a: Ferrothorn|45/100|[from] item: Leftovers
|upkeep
|turn|5
|
|t:|1723981233
|switch|p1a: Landorus|Landorus-Therian, M|84/100
|-damage|p1a: Landorus|72/100|[from] Stealth Rock
|-ability|p1a: Landorus|Intimidate|boost
|-unboost|p2a: Donphan|atk|1
|move|p2a: Donphan|Rapid Spin|p1a: Landorus
|-damage|p1a: Landorus|68/100
|-sideend|p2: repinho2711|Spikes|[from] move: Rapid Spin|[of] p2a: Donphan
|
|-weather|Sandstorm|[upkeep]
|upkeep
|turn|6
|
|t:|1723981238
|switch|p2a: Scizor|Scizor, M|100/100
|move|p1a: Landorus|U-turn|p2a: Scizor
|-resisted|p2a: Scizor
|-damage|p2a: Scizor|87/100
|
|t:|1723981250
|switch|p1a: Excadrill|Excadrill, F|100/100|[from] U-turn
|-damage|p1a: Excadrill|98/100|[from] Stealth Rock
|
|-weather|Sandstorm|[upkeep]
|-heal|p1a: Excadrill|100/100|[from] item: Leftovers
|upkeep
|turn|7
|
|t:|1723981254
|move|p1a: Excadrill|Earthquake|p2a: Scizor
|-damage|p2a: Scizor|0 fnt
|faint|p2a: Scizor
|
|-weather|Sandstorm|[upkeep]
|upkeep
|
|t:|1723981259
|switch|p2a: Dragonite|Dragonite, M|100/100
|turn|8
|
|t:|1723981264
|move|p1a: Excadrill|Rapid Spin|p2a: Dragonite
|-damage|p2a: Dragonite|96/100
|-sideend|p1: SEUIf|Stealth Rock|[from] move: Rapid Spin|[of] p1a: Excadrill
|move|p2a: Dragonite|Dragon Dance|p2a: Dragonite
|-boost|p2a: Dragonite|atk|1
|-boost|p2a: Dragonite|spe|1
|
|-weather|Sandstorm|[upkeep]
|-damage|p2a: Dragonite|90/100|[from] Sandstorm
|upkeep
|turn|9
|
|t:|1723981269
|move|p2a: Dragonite|Outrage|p1a: Excadrill
|-resisted|p1a: Excadrill
|-damage|p1a: Excadrill|31/100
|move|p1a: Excadrill|Iron Head|p2a: Dragonite
|-damage|p2a: Dragonite|22/100
|
|-weather|Sandstorm|[upkeep]
|-damage|p2a: Dragonite|16/100|[from] Sandstorm
|-heal|p1a: Excadrill|37/100|[from] item: Leftovers
|upkeep
|turn|10
|inactive|SEUIf has 120 seconds left.
|
|t:|1723981303
|move|p2a: Dragonite|Outrage|p1a: Excadrill|[from]lockedmove
|-resisted|p1a: Excadrill
|-damage|p1a: Excadrill|0 fnt
|faint|p1a: Excadrill
|
|-weather|Sandstorm|[upkeep]
|-damage|p2a: Dragonite|10/100|[from] Sandstorm
|upkeep
|inactive|SEUIf has 120 seconds left.
|
|t:|1723981310
|switch|p1a: Landorus|Landorus-Therian, M|68/100
|-ability|p1a: Landorus|Intimidate|boost
|-unboost|p2a: Dragonite|atk|1
|turn|11
|
|t:|1723981315
|move|p1a: Landorus|Hidden Power|p2a: Dragonite
|-supereffective|p2a: Dragonite
|-damage|p2a: Dragonite|0 fnt
|faint|p2a: Dragonite
|
|-weather|Sandstorm|[upkeep]
|upkeep
|
|t:|1723981321
|switch|p2a: Milotic|Milotic, M|100/100
|turn|12
|
|t:|1723981326
|switch|p1a: Ferrothorn|Ferrothorn, F|45/100
|switch|p2a: Donphan|Donphan, M|94/100
|
|-weather|Sandstorm|[upkeep]
|-heal|p1a: Ferrothorn|51/100|[from] item: Leftovers
|upkeep
|turn|13
|
|t:|1723981329
|move|p2a: Donphan|Stealth Rock|p1a: Ferrothorn
|-sidestart|p1: SEUIf|move: Stealth Rock
|move|p1a: Ferrothorn|Power Whip|p2a: Donphan|[miss]
|-miss|p1a: Ferrothorn|p2a: Donphan
|
|-weather|Sandstorm|[upkeep]
|-heal|p1a: Ferrothorn|57/100|[from] item: Leftovers
|upkeep
|turn|14
|
|t:|1723981333
|move|p2a: Donphan|Earthquake|p1a: Ferrothorn
|-damage|p1a: Ferrothorn|21/100
|move|p1a: Ferrothorn|Power Whip|p2a: Donphan
|-supereffective|p2a: Donphan
|-damage|p2a: Donphan|43/100
|
|-weather|Sandstorm|[upkeep]
|-heal|p1a: Ferrothorn|27/100|[from] item: Leftovers
|upkeep
|turn|15
|
|t:|1723981344
|move|p2a: Donphan|Earthquake|p1a: Ferrothorn
|-damage|p1a: Ferrothorn|0 fnt
|faint|p1a: Ferrothorn
|
|-weather|Sandstorm|[upkeep]
|upkeep
|
|t:|1723981362
|switch|p1a: Alakazam|Alakazam, F|100/100
|turn|16
|inactive|SEUIf has 120 seconds left.
|
|t:|1723981399
|switch|p2a: Alakazam|Alakazam, M|100/100
|move|p1a: Alakazam|Hidden Power|p2a: Alakazam
|-damage|p2a: Alakazam|63/100
|
|-weather|Sandstorm|[upkeep]
|upkeep
|turn|17
|
|t:|1723981408
|switch|p1a: Tyranitar|Tyranitar, M|100/100
|-damage|p1a: Tyranitar|88/100|[from] Stealth Rock
|move|p2a: Alakazam|Focus Blast|p1a: Tyranitar|[miss]
|-miss|p2a: Alakazam|p1a: Tyranitar
|
|-weather|Sandstorm|[upkeep]
|upkeep
|turn|18
|inactive|SEUIf has 120 seconds left.
|
|t:|1723981414
|move|p2a: Alakazam|Focus Blast|p1a: Tyranitar
|-supereffective|p1a: Tyranitar
|-enditem|p1a: Tyranitar|Chople Berry|[eat]
|-enditem|p1a: Tyranitar|Chople Berry|[weaken]
|-damage|p1a: Tyranitar|51/100
|move|p1a: Tyranitar|Crunch|p2a: Alakazam
|-supereffective|p2a: Alakazam
|-damage|p2a: Alakazam|0 fnt
|faint|p2a: Alakazam
|
|-weather|Sandstorm|[upkeep]
|upkeep
|
|t:|1723981428
|switch|p2a: Virizion|Virizion|100/100
|turn|19
|
|t:|1723981430
|move|p2a: Virizion|Leaf Blade|p1a: Tyranitar
|-supereffective|p1a: Tyranitar
|-damage|p1a: Tyranitar|0 fnt
|faint|p1a: Tyranitar
|
|-weather|Sandstorm|[upkeep]
|-damage|p2a: Virizion|94/100|[from] Sandstorm
|upkeep
|
|t:|1723981438
|switch|p1a: Latios|Latios, M|100/100
|-damage|p1a: Latios|88/100|[from] Stealth Rock
|turn|20
|
|t:|1723981441
|move|p1a: Latios|Draco Meteor|p2a: Virizion
|-damage|p2a: Virizion|3/100
|-unboost|p1a: Latios|spa|2
|move|p2a: Virizion|Stone Edge|p1a: Latios|[miss]
|-miss|p2a: Virizion|p1a: Latios
|
|-weather|Sandstorm|[upkeep]
|-damage|p1a: Latios|82/100|[from] Sandstorm
|-damage|p2a: Virizion|0 fnt|[from] Sandstorm
|faint|p2a: Virizion
|upkeep
|
|t:|1723981445
|switch|p2a: Milotic|Milotic, M|100/100
|turn|21
|
|t:|1723981458
|switch|p1a: Landorus|Landorus-Therian, M|68/100
|-damage|p1a: Landorus|55/100|[from] Stealth Rock
|-ability|p1a: Landorus|Intimidate|boost
|-unboost|p2a: Milotic|atk|1
|move|p2a: Milotic|Scald|p1a: Landorus
|-supereffective|p1a: Landorus
|-damage|p1a: Landorus|0 fnt
|faint|p1a: Landorus
|
|-weather|Sandstorm|[upkeep]
|-damage|p2a: Milotic|94/100|[from] Sandstorm
|-heal|p2a: Milotic|100/100|[from] item: Leftovers
|upkeep
|
|t:|1723981462
|switch|p1a: Latios|Latios, M|82/100
|-damage|p1a: Latios|70/100|[from] Stealth Rock
|turn|22
|
|t:|1723981477
|switch|p2a: Donphan|Donphan, M|43/100
|move|p1a: Latios|Draco Meteor|p2a: Donphan
|-damage|p2a: Donphan|0 fnt
|-unboost|p1a: Latios|spa|2
|faint|p2a: Donphan
|
|-weather|Sandstorm|[upkeep]
|-damage|p1a: Latios|64/100|[from] Sandstorm
|upkeep
|
|t:|1723981482
|switch|p2a: Milotic|Milotic, M|100/100
|turn|23
|
|t:|1723981485
|move|p1a: Latios|Draco Meteor|p2a: Milotic
|-damage|p2a: Milotic|68/100
|-unboost|p1a: Latios|spa|2
|move|p2a: Milotic|Ice Beam|p1a: Latios
|-supereffective|p1a: Latios
|-damage|p1a: Latios|9/100
|
|-weather|Sandstorm|[upkeep]
|-damage|p1a: Latios|3/100|[from] Sandstorm
|-damage|p2a: Milotic|62/100|[from] Sandstorm
|-heal|p2a: Milotic|68/100|[from] item: Leftovers
|upkeep
|turn|24
|
|t:|1723981488
|move|p1a: Latios|Draco Meteor|p2a: Milotic
|-crit|p2a: Milotic
|-damage|p2a: Milotic|0 fnt
|-unboost|p1a: Latios|spa|2
|faint|p2a: Milotic
|
|win|SEUIf
|raw|SEUIf's rating: 1328 &rarr; <strong>1354</strong><br />(+26 for winning)
|raw|repinho2711's rating: 1427 &rarr; <strong>1401</strong><br />(-26 for losing)
|l|☆repinho2711
|player|p2|
|c|☆SEUIf|gg
