|j|‽Dahliaaaa
|j|☆IO3X
|player|p1|Dahliaaaa|dahlia|1368
|player|p2|IO3X|rocket-gen1rb|1344
|teamsize|p1|6
|teamsize|p2|6
|gametype|singles
|gen|5
|tier|[Gen 5] OU
|rated|
|clearpoke
|poke|p1|Politoed, M|item
|poke|p1|Moltres|item
|poke|p1|Jirachi|item
|poke|p1|Ferrothorn, F|item
|poke|p1|Tentacruel, F|item
|poke|p1|Breloom, F|item
|poke|p2|Skarmory, M|item
|poke|p2|Dragonite, M|item
|poke|p2|Keldeo-Resolute|item
|poke|p2|Volcarona, M|item
|poke|p2|Garchomp, M|item
|poke|p2|Salamence, F|item
|rule|Species Clause: Limit one of each Pokémon
|rule|OHKO Clause: OHKO moves are banned
|rule|Moody Clause: Moody is banned
|rule|Evasion Moves Clause: Evasion moves are banned
|rule|Endless Battle Clause: Forcing endless battles is banned
|rule|HP Percentage Mod: HP is shown in percentages
|rule|Evasion Abilities Clause: Evasion abilities are banned
|rule|Baton Pass Clause: Limit one Baton Passer, can't pass Spe and other stats simultaneously
|rule|Sleep Clause: Sleep-inducing moves are banned
|rule|Swagger Clause: Swagger is banned
|teampreview
|inactive|Battle timer is ON: inactive players will automatically lose when time's up. (requested by IO3X)
|
|start
|switch|p1a: Politoed|Politoed, M|100/100
|switch|p2a: Skarmory|Skarmory, M|100/100
|-weather|RainDance|[from] ability: Drizzle|[of] p1a: Politoed
|turn|1
|
|move|p2a: Skarmory|Stealth Rock|p1a: Politoed
|-sidestart|p1: Dahliaaaa|move: Stealth Rock
|move|p1a: Politoed|Scald|p2a: Skarmory
|-damage|p2a: Skarmory|19/100
|
|-weather|RainDance|[upkeep]
|upkeep
|turn|2
|-enditem|p2a: Skarmory|Custap Berry|[eat]
|-activate|p2a: Skarmory|item: Custap Berry|[consumed]
|
|switch|p1a: Tentacruel|Tentacruel, F|100/100
|-damage|p1a: Tentacruel|88/100|[from] Stealth Rock
|move|p2a: Skarmory|Brave Bird|p1a: Tentacruel
|-damage|p1a: Tentacruel|38/100
|-damage|p2a: Skarmory|0 fnt|[from] Recoil
|faint|p2a: Skarmory
|
|-weather|RainDance|[upkeep]
|-heal|p1a: Tentacruel|44/100|[from] ability: Rain Dish
|-heal|p1a: Tentacruel|50/100|[from] item: Black Sludge
|upkeep
|
|switch|p2a: Garchomp|Garchomp, M|100/100
|turn|3
|
|switch|p1a: Ferrothorn|Ferrothorn, F|100/100
|-damage|p1a: Ferrothorn|95/100|[from] Stealth Rock
|move|p2a: Garchomp|Earthquake|p1a: Ferrothorn
|-damage|p1a: Ferrothorn|59/100
|
|-weather|RainDance|[upkeep]
|-heal|p1a: Ferrothorn|65/100|[from] item: Leftovers
|upkeep
|turn|4
|
|move|p2a: Garchomp|Earthquake|p1a: Ferrothorn
|-damage|p1a: Ferrothorn|27/100
|move|p1a: Ferrothorn|Stealth Rock|p2a: Garchomp
|-sidestart|p2: IO3X|move: Stealth Rock
|
|-weather|RainDance|[upkeep]
|-heal|p1a: Ferrothorn|33/100|[from] item: Leftovers
|upkeep
|turn|5
|
|switch|p1a: Moltres|Moltres|100/100
|-damage|p1a: Moltres|51/100|[from] Stealth Rock
|-ability|p1a: Moltres|Pressure
|move|p2a: Garchomp|Earthquake|p1a: Moltres
|-immune|p1a: Moltres
|
|-weather|RainDance|[upkeep]
|-heal|p1a: Moltres|57/100|[from] item: Leftovers
|upkeep
|turn|6
|
|move|p2a: Garchomp|Substitute|p2a: Garchomp
|-start|p2a: Garchomp|Substitute
|-damage|p2a: Garchomp|76/100
|move|p1a: Moltres|Hurricane|p2a: Garchomp
|-end|p2a: Garchomp|Substitute
|
|-weather|RainDance|[upkeep]
|-heal|p1a: Moltres|63/100|[from] item: Leftovers
|upkeep
|turn|7
|
|move|p2a: Garchomp|Outrage|p1a: Moltres
|-enditem|p2a: Garchomp|Dragon Gem|[from] gem
|-damage|p1a: Moltres|0 fnt
|faint|p1a: Moltres
|
|-weather|RainDance|[upkeep]
|upkeep
|
|switch|p1a: Jirachi|Jirachi|100/100
|-damage|p1a: Jirachi|94/100|[from] Stealth Rock
|turn|8
|
|move|p1a: Jirachi|Ice Punch|p2a: Garchomp
|-supereffective|p2a: Garchomp
|-damage|p2a: Garchomp|3/100
|-damage|p1a: Jirachi|82/100|[from] ability: Rough Skin|[of] p2a: Garchomp
|move|p2a: Garchomp|Outrage|p1a: Jirachi|[from]lockedmove
|-resisted|p1a: Jirachi
|-damage|p1a: Jirachi|54/100
|
|-weather|RainDance|[upkeep]
|upkeep
|turn|9
|
|move|p1a: Jirachi|Ice Punch|p2a: Garchomp
|-supereffective|p2a: Garchomp
|-crit|p2a: Garchomp
|-damage|p2a: Garchomp|0 fnt
|-damage|p1a: Jirachi|42/100|[from] ability: Rough Skin|[of] p2a: Garchomp
|faint|p2a: Garchomp
|
|-weather|RainDance|[upkeep]
|upkeep
|
|switch|p2a: Volcarona|Volcarona, M|100/100
|-damage|p2a: Volcarona|51/100|[from] Stealth Rock
|turn|10
|
|switch|p1a: Tentacruel|Tentacruel, F|50/100
|-damage|p1a: Tentacruel|37/100|[from] Stealth Rock
|move|p2a: Volcarona|Quiver Dance|p2a: Volcarona
|-boost|p2a: Volcarona|spa|1
|-boost|p2a: Volcarona|spd|1
|-boost|p2a: Volcarona|spe|1
|
|-weather|RainDance|[upkeep]
|-heal|p1a: Tentacruel|43/100|[from] ability: Rain Dish
|-heal|p1a: Tentacruel|50/100|[from] item: Black Sludge
|upkeep
|turn|11
|
|move|p2a: Volcarona|Giga Drain|p1a: Tentacruel
|-damage|p1a: Tentacruel|14/100
|-heal|p2a: Volcarona|72/100|[from] drain|[of] p1a: Tentacruel
|move|p1a: Tentacruel|Toxic|p2a: Volcarona
|-status|p2a: Volcarona|tox
|
|-weather|RainDance|[upkeep]
|-heal|p1a: Tentacruel|20/100|[from] ability: Rain Dish
|-heal|p1a: Tentacruel|26/100|[from] item: Black Sludge
|-damage|p2a: Volcarona|65/100 tox|[from] psn
|upkeep
|turn|12
|
|move|p2a: Volcarona|Giga Drain|p1a: Tentacruel
|-damage|p1a: Tentacruel|0 fnt
|-heal|p2a: Volcarona|80/100 tox|[from] drain|[of] p1a: Tentacruel
|faint|p1a: Tentacruel
|
|-weather|RainDance|[upkeep]
|-damage|p2a: Volcarona|68/100 tox|[from] psn
|upkeep
|
|switch|p1a: Jirachi|Jirachi|42/100
|-damage|p1a: Jirachi|35/100|[from] Stealth Rock
|turn|13
|
|move|p1a: Jirachi|Iron Head|p2a: Volcarona
|-resisted|p2a: Volcarona
|-damage|p2a: Volcarona|48/100 tox
|move|p2a: Volcarona|Bug Buzz|p1a: Jirachi
|-damage|p1a: Jirachi|0 fnt
|faint|p1a: Jirachi
|
|-weather|RainDance|[upkeep]
|-damage|p2a: Volcarona|29/100 tox|[from] psn
|upkeep
|
|switch|p1a: Breloom|Breloom, F|100/100
|-damage|p1a: Breloom|95/100|[from] Stealth Rock
|turn|14
|
|move|p1a: Breloom|Protect|p1a: Breloom
|-singleturn|p1a: Breloom|Protect
|move|p2a: Volcarona|Bug Buzz|p1a: Breloom
|-activate|p1a: Breloom|move: Protect
|
|-weather|RainDance|[upkeep]
|-damage|p2a: Volcarona|5/100 tox|[from] psn
|-status|p1a: Breloom|tox|[from] item: Toxic Orb
|upkeep
|turn|15
|j| MajorHurricane
|
|move|p1a: Breloom|Protect|p1a: Breloom
|-singleturn|p1a: Breloom|Protect
|move|p2a: Volcarona|Bug Buzz|p1a: Breloom
|-activate|p1a: Breloom|move: Protect
|
|-weather|RainDance|[upkeep]
|-damage|p2a: Volcarona|0 fnt|[from] psn
|faint|p2a: Volcarona
|-heal|p1a: Breloom|100/100 tox|[from] ability: Poison Heal
|upkeep
|
|switch|p2a: Dragonite|Dragonite, M|100/100
|-damage|p2a: Dragonite|76/100|[from] Stealth Rock
|turn|16
|
|switch|p1a: Ferrothorn|Ferrothorn, F|33/100
|-damage|p1a: Ferrothorn|27/100|[from] Stealth Rock
|move|p2a: Dragonite|Outrage|p1a: Ferrothorn
|-resisted|p1a: Ferrothorn
|-damage|p1a: Ferrothorn|0 fnt
|-damage|p2a: Dragonite|63/100|[from] ability: Iron Barbs|[of] p1a: Ferrothorn
|faint|p1a: Ferrothorn
|
|-weather|RainDance|[upkeep]
|upkeep
|
|switch|p1a: Politoed|Politoed, M|100/100
|-damage|p1a: Politoed|88/100|[from] Stealth Rock
|turn|17
|j| Team FRS Sucks
|
|move|p2a: Dragonite|Outrage|p1a: Politoed|[from]lockedmove
|-damage|p1a: Politoed|8/100
|move|p1a: Politoed|Scald|p2a: Dragonite
|-resisted|p2a: Dragonite
|-crit|p2a: Dragonite
|-damage|p2a: Dragonite|27/100
|-status|p2a: Dragonite|brn
|
|-weather|RainDance|[upkeep]
|-heal|p1a: Politoed|15/100|[from] item: Leftovers
|-damage|p2a: Dragonite|15/100 brn|[from] brn
|upkeep
|turn|18
|
|move|p2a: Dragonite|Outrage|p1a: Politoed|[from]lockedmove
|-damage|p1a: Politoed|0 fnt
|-start|p2a: Dragonite|confusion|[fatigue]
|faint|p1a: Politoed
|
|-weather|RainDance|[upkeep]
|-damage|p2a: Dragonite|3/100 brn|[from] brn
|upkeep
|
|switch|p1a: Breloom|Breloom, F|100/100 tox
|-damage|p1a: Breloom|95/100 tox|[from] Stealth Rock
|turn|19
|
|-activate|p2a: Dragonite|confusion
|-damage|p2a: Dragonite|0 fnt|[from] confusion
|faint|p2a: Dragonite
|move|p1a: Breloom|Bulk Up|p1a: Breloom
|-boost|p1a: Breloom|atk|1
|-boost|p1a: Breloom|def|1
|
|-weather|RainDance|[upkeep]
|-heal|p1a: Breloom|100/100 tox|[from] ability: Poison Heal
|upkeep
|
|switch|p2a: Keldeo|Keldeo-Resolute|100/100
|-damage|p2a: Keldeo|94/100|[from] Stealth Rock
|turn|20
|
|move|p2a: Keldeo|Focus Blast|p1a: Breloom
|-damage|p1a: Breloom|0 fnt
|faint|p1a: Breloom
|
|win|IO3X
|raw|Dahliaaaa's rating: 1368 &rarr; <strong>1346</strong><br />(-22 for losing)
|raw|IO3X's rating: 1344 &rarr; <strong>1365</strong><br />(+21 for winning)
|c|☆IO3X|talentless trash
|l|‽Dahliaaaa
