|uhtml|medal-msg|<div class="broadcast-blue">Curious what those medals under the avatar are? PS now has Ladder Seasons! For more information, check out the <a href="https://www.smogon.com/forums/threads/3740067/">thread on Smogon.</a></div>
|uhtml|medal-msg|<div class="broadcast-blue">Curious what those medals under the avatar are? PS now has Ladder Seasons! For more information, check out the <a href="https://www.smogon.com/forums/threads/3740067/">thread on Smogon.</a></div>
|j|☆effulge
|j|☆BookofConke
|t:|1713505191
|gametype|singles
|player|p1|effulge|red|1324
|player|p2|BookofConke|silver-masters|1465
|teamsize|p1|6
|teamsize|p2|6
|gen|5
|tier|[Gen 5] OU
|rated|
|rule|Species Clause: Limit one of each Pokémon
|rule|OHKO Clause: OHKO moves are banned
|rule|Moody Clause: Moody is banned
|rule|Evasion Items Clause: Evasion items are banned
|rule|Evasion Moves Clause: Evasion moves are banned
|rule|Endless Battle Clause: Forcing endless battles is banned
|rule|HP Percentage Mod: HP is shown in percentages
|rule|Evasion Abilities Clause: Evasion abilities are banned
|rule|Sleep Moves Clause: Sleep-inducing moves are banned
|rule|Swagger Clause: Swagger is banned
|rule|Baton Pass Stat Clause: No Baton Passer may have a way to boost its stats
|clearpoke
|poke|p1|Metagross|item
|poke|p1|Infernape, M|item
|poke|p1|Garchomp, F|item
|poke|p1|Weavile, F|item
|poke|p1|Suicune|item
|poke|p1|Whimsicott, M|item
|poke|p2|Kyurem-Black|item
|poke|p2|Latios, M|item
|poke|p2|Garchomp, M|item
|poke|p2|Magnezone|item
|poke|p2|Reuniclus, M|item
|poke|p2|Jirachi|item
|teampreview
|inactive|Battle timer is ON: inactive players will automatically lose when time's up. (requested by effulge)
|
|t:|1713505214
|start
|switch|p1a: Weavile|Weavile, F|100/100
|switch|p2a: Jirachi|Jirachi|100/100
|-ability|p1a: Weavile|Pressure
|turn|1
|
|t:|1713505221
|switch|p1a: Garchomp|Garchomp, F, shiny|100/100
|move|p2a: Jirachi|Stealth Rock|p1a: Garchomp
|-sidestart|p1: effulge|move: Stealth Rock
|
|upkeep
|turn|2
|
|t:|1713505226
|switch|p2a: Latios|Latios, M|100/100
|move|p1a: Garchomp|Stealth Rock|p2a: Latios
|-sidestart|p2: BookofConke|move: Stealth Rock
|
|upkeep
|turn|3
|
|t:|1713505248
|switch|p1a: Metagross|Metagross, shiny|100/100
|-damage|p1a: Metagross|95/100|[from] Stealth Rock
|move|p2a: Latios|Surf|p1a: Metagross
|-damage|p1a: Metagross|36/100
|
|upkeep
|turn|4
|
|t:|1713505256
|move|p1a: Metagross|Meteor Mash|p2a: Latios
|-damage|p2a: Latios|31/100
|move|p2a: Latios|Surf|p1a: Metagross
|-damage|p1a: Metagross|0 fnt
|faint|p1a: Metagross
|
|upkeep
|
|t:|1713505263
|switch|p1a: Weavile|Weavile, F|100/100
|-damage|p1a: Weavile|76/100|[from] Stealth Rock
|-ability|p1a: Weavile|Pressure
|turn|5
|
|t:|1713505270
|-activate|p2a: Latios|move: Pursuit
|move|p1a: Weavile|Pursuit|p2a: Latios|[from]Pursuit
|-supereffective|p2a: Latios
|-damage|p2a: Latios|0 fnt
|faint|p2a: Latios
|-hint|A Pokemon can't switch between when it runs out of HP and when it faints
|
|upkeep
|
|t:|1713505279
|switch|p2a: Jirachi|Jirachi|100/100
|-damage|p2a: Jirachi|94/100|[from] Stealth Rock
|turn|6
|
|t:|1713505290
|switch|p1a: Garchomp|Garchomp, F, shiny|100/100
|-damage|p1a: Garchomp|94/100|[from] Stealth Rock
|move|p2a: Jirachi|Body Slam|p1a: Garchomp
|-damage|p1a: Garchomp|83/100
|-status|p1a: Garchomp|par
|-damage|p2a: Jirachi|82/100|[from] ability: Rough Skin|[of] p1a: Garchomp
|-damage|p2a: Jirachi|65/100|[from] item: Rocky Helmet|[of] p1a: Garchomp
|
|-heal|p2a: Jirachi|72/100|[from] item: Leftovers
|upkeep
|turn|7
|
|t:|1713505319
|switch|p2a: Kyurem|Kyurem-Black|100/100
|-damage|p2a: Kyurem|76/100|[from] Stealth Rock
|-ability|p2a: Kyurem|Teravolt
|move|p1a: Garchomp|Earthquake|p2a: Kyurem
|-damage|p2a: Kyurem|43/100
|
|upkeep
|turn|8
|
|t:|1713505332
|switch|p1a: Suicune|Suicune|100/100
|-damage|p1a: Suicune|88/100|[from] Stealth Rock
|-ability|p1a: Suicune|Pressure
|move|p2a: Kyurem|Dragon Claw|p1a: Suicune
|-damage|p1a: Suicune|43/100
|
|-heal|p1a: Suicune|49/100|[from] item: Leftovers
|upkeep
|turn|9
|
|t:|1713505341
|move|p2a: Kyurem|Dragon Claw|p1a: Suicune
|-damage|p1a: Suicune|4/100
|move|p1a: Suicune|Icy Wind|p2a: Kyurem
|-crit|p2a: Kyurem
|-damage|p2a: Kyurem|22/100
|-unboost|p2a: Kyurem|spe|1
|
|-heal|p1a: Suicune|10/100|[from] item: Leftovers
|upkeep
|turn|10
|
|t:|1713505351
|move|p1a: Suicune|Scald|p2a: Kyurem
|-resisted|p2a: Kyurem
|-damage|p2a: Kyurem|10/100
|move|p2a: Kyurem|Dragon Claw|p1a: Suicune
|-damage|p1a: Suicune|0 fnt
|faint|p1a: Suicune
|
|upkeep
|
|t:|1713505359
|switch|p1a: Garchomp|Garchomp, F, shiny|83/100 par
|-damage|p1a: Garchomp|77/100 par|[from] Stealth Rock
|turn|11
|
|t:|1713505365
|move|p2a: Kyurem|Dragon Claw|p1a: Garchomp
|-supereffective|p1a: Garchomp
|-damage|p1a: Garchomp|0 fnt
|-damage|p2a: Kyurem|0 fnt|[from] ability: Rough Skin|[of] p1a: Garchomp
|faint|p2a: Kyurem
|faint|p1a: Garchomp
|
|upkeep
|
|t:|1713505383
|switch|p2a: Garchomp|Garchomp, M|100/100
|switch|p1a: Infernape|Infernape, M, shiny|100/100
|-damage|p2a: Garchomp|94/100|[from] Stealth Rock
|-damage|p1a: Infernape|88/100|[from] Stealth Rock
|turn|12
|
|t:|1713505392
|switch|p1a: Whimsicott|Whimsicott, M|100/100
|-damage|p1a: Whimsicott|88/100|[from] Stealth Rock
|move|p2a: Garchomp|Earthquake|p1a: Whimsicott
|-resisted|p1a: Whimsicott
|-damage|p1a: Whimsicott|67/100
|
|-heal|p1a: Whimsicott|73/100|[from] item: Leftovers
|upkeep
|turn|13
|
|t:|1713505401
|switch|p2a: Magnezone|Magnezone|100/100
|-damage|p2a: Magnezone|94/100|[from] Stealth Rock
|move|p1a: Whimsicott|Cotton Guard|p1a: Whimsicott
|-boost|p1a: Whimsicott|def|3
|
|-heal|p1a: Whimsicott|79/100|[from] item: Leftovers
|upkeep
|turn|14
|
|t:|1713505410
|move|p1a: Whimsicott|Leech Seed|p2a: Magnezone
|-start|p2a: Magnezone|move: Leech Seed
|move|p2a: Magnezone|Hidden Power|p1a: Whimsicott
|-supereffective|p1a: Whimsicott
|-damage|p1a: Whimsicott|17/100
|
|-heal|p1a: Whimsicott|24/100|[from] item: Leftovers
|-damage|p2a: Magnezone|82/100|[from] Leech Seed|[of] p1a: Whimsicott
|-heal|p1a: Whimsicott|35/100|[silent]
|upkeep
|turn|15
|
|t:|1713505419
|switch|p1a: Infernape|Infernape, M, shiny|88/100
|-damage|p1a: Infernape|76/100|[from] Stealth Rock
|move|p2a: Magnezone|Hidden Power|p1a: Infernape
|-resisted|p1a: Infernape
|-damage|p1a: Infernape|56/100
|
|-damage|p2a: Magnezone|69/100|[from] Leech Seed|[of] p1a: Infernape
|-heal|p1a: Infernape|69/100|[silent]
|upkeep
|turn|16
|j| Not Geno
|
|t:|1713505430
|switch|p1a: Weavile|Weavile, F|76/100
|-damage|p1a: Weavile|51/100|[from] Stealth Rock
|-ability|p1a: Weavile|Pressure
|move|p2a: Magnezone|Thunderbolt|p1a: Weavile
|-damage|p1a: Weavile|0 fnt
|faint|p1a: Weavile
|
|upkeep
|-message|effulge forfeited.
|
|win|BookofConke
|raw|effulge's rating: 1324 &rarr; <strong>1312</strong><br />(-12 for losing)
|raw|BookofConke's rating: 1465 &rarr; <strong>1477</strong><br />(+12 for winning)
|l|☆effulge
|player|p1|
