|j|☆chimp29
|j|☆BLJ Mario
|t:|1717615490
|gametype|singles
|player|p1|chimp29|lucas|1494
|player|p2|BLJ Mario|blue-gen2|1403
|teamsize|p1|6
|teamsize|p2|6
|gen|5
|tier|[Gen 5] OU
|rated|
|rule|Species Clause: Limit one of each Pokémon
|rule|OHKO Clause: OHKO moves are banned
|rule|Moody Clause: Moody is banned
|rule|Evasion Items Clause: Evasion items are banned
|rule|Evasion Moves Clause: Evasion moves are banned
|rule|Endless Battle Clause: Forcing endless battles is banned
|rule|HP Percentage Mod: HP is shown in percentages
|rule|Evasion Abilities Clause: Evasion abilities are banned
|rule|Sleep Moves Clause: Sleep-inducing moves are banned
|rule|Swagger Clause: Swagger is banned
|rule|Baton Pass Stat Clause: No Baton Passer may have a way to boost its stats
|clearpoke
|poke|p1|Politoed, M|item
|poke|p1|Ferrothorn, M|item
|poke|p1|Magnezone|item
|poke|p1|Celebi|item
|poke|p1|Starmie|item
|poke|p1|Gyarados, F|item
|poke|p2|Excadrill, F|item
|poke|p2|Hippowdon, M|item
|poke|p2|Terrakion|item
|poke|p2|Scizor, M|item
|poke|p2|Rotom-Wash|item
|poke|p2|Latios, M|item
|teampreview
|c|☆chimp29|Heya
|c|☆chimp29|Gl
|inactive|Battle timer is ON: inactive players will automatically lose when time's up. (requested by chimp29)
|c|☆BLJ Mario|i got to 1400 again :)
|
|t:|1717615522
|start
|switch|p1a: Celebi|Celebi|100/100
|switch|p2a: Rotom|Rotom-Wash, shiny|100/100
|turn|1
|j| cryolite
|
|t:|1717615530
|move|p1a: Celebi|Substitute|p1a: Celebi
|-start|p1a: Celebi|Substitute
|-damage|p1a: Celebi|75/100
|move|p2a: Rotom|Volt Switch|p1a: Celebi
|-resisted|p1a: Celebi
|-activate|p1a: Celebi|Substitute|[damage]
|
|t:|1717615535
|switch|p2a: Scizor|Scizor, M|100/100|[from] Volt Switch
|
|-heal|p1a: Celebi|82/100|[from] item: Leftovers
|upkeep
|turn|2
|
|t:|1717615541
|move|p2a: Scizor|U-turn|p1a: Celebi
|-supereffective|p1a: Celebi
|-end|p1a: Celebi|Substitute
|
|t:|1717615554
|switch|p2a: Excadrill|Excadrill, F|100/100|[from] U-turn
|move|p1a: Celebi|Baton Pass|p1a: Celebi
|
|t:|1717615567
|switch|p1a: Politoed|Politoed, M|100/100|[from] Baton Pass
|-weather|RainDance|[from] ability: Drizzle|[of] p1a: Politoed
|
|-weather|RainDance|[upkeep]
|upkeep
|turn|3
|
|t:|1717615573
|switch|p1a: Celebi|Celebi|82/100
|switch|p2a: Rotom|Rotom-Wash, shiny|100/100
|
|-weather|RainDance|[upkeep]
|-heal|p1a: Celebi|88/100|[from] item: Leftovers
|upkeep
|turn|4
|
|t:|1717615582
|move|p1a: Celebi|Substitute|p1a: Celebi
|-start|p1a: Celebi|Substitute
|-damage|p1a: Celebi|63/100
|move|p2a: Rotom|Volt Switch|p1a: Celebi
|-resisted|p1a: Celebi
|-activate|p1a: Celebi|Substitute|[damage]
|
|t:|1717615586
|switch|p2a: Scizor|Scizor, M|100/100|[from] Volt Switch
|
|-weather|RainDance|[upkeep]
|-heal|p1a: Celebi|69/100|[from] item: Leftovers
|upkeep
|turn|5
|
|t:|1717615593
|move|p2a: Scizor|U-turn|p1a: Celebi
|-supereffective|p1a: Celebi
|-end|p1a: Celebi|Substitute
|
|t:|1717615603
|switch|p2a: Terrakion|Terrakion|100/100|[from] U-turn
|move|p1a: Celebi|Baton Pass|p1a: Celebi
|
|t:|1717615614
|switch|p1a: Starmie|Starmie|100/100|[from] Baton Pass
|
|-weather|RainDance|[upkeep]
|upkeep
|turn|6
|
|t:|1717615634
|switch|p2a: Latios|Latios, M|100/100
|move|p1a: Starmie|Hydro Pump|p2a: Latios
|-resisted|p2a: Latios
|-damage|p2a: Latios|39/100
|
|-weather|RainDance|[upkeep]
|upkeep
|turn|7
|
|t:|1717615655
|switch|p1a: Ferrothorn|Ferrothorn, M|100/100
|switch|p2a: Rotom|Rotom-Wash, shiny|100/100
|
|-weather|RainDance|[upkeep]
|upkeep
|turn|8
|
|t:|1717615661
|switch|p1a: Celebi|Celebi|69/100
|move|p2a: Rotom|Will-O-Wisp|p1a: Celebi
|-status|p1a: Celebi|brn
|
|-weather|RainDance|[upkeep]
|-heal|p1a: Celebi|75/100 brn|[from] item: Leftovers
|-damage|p1a: Celebi|63/100 brn|[from] brn
|upkeep
|turn|9
|
|t:|1717615677
|move|p1a: Celebi|Substitute|p1a: Celebi
|-start|p1a: Celebi|Substitute
|-damage|p1a: Celebi|38/100 brn
|move|p2a: Rotom|Volt Switch|p1a: Celebi
|-resisted|p1a: Celebi
|-activate|p1a: Celebi|Substitute|[damage]
|
|t:|1717615680
|switch|p2a: Scizor|Scizor, M|100/100|[from] Volt Switch
|
|-weather|RainDance|[upkeep]
|-heal|p1a: Celebi|44/100 brn|[from] item: Leftovers
|-damage|p1a: Celebi|32/100 brn|[from] brn
|upkeep
|turn|10
|
|t:|1717615684
|move|p2a: Scizor|U-turn|p1a: Celebi
|-supereffective|p1a: Celebi
|-end|p1a: Celebi|Substitute
|
|t:|1717615696
|switch|p2a: Rotom|Rotom-Wash, shiny|100/100|[from] U-turn
|move|p1a: Celebi|Recover|p1a: Celebi
|-heal|p1a: Celebi|82/100 brn
|
|-weather|RainDance|[upkeep]
|-heal|p1a: Celebi|88/100 brn|[from] item: Leftovers
|-damage|p1a: Celebi|75/100 brn|[from] brn
|upkeep
|turn|11
|
|t:|1717615703
|move|p1a: Celebi|Substitute|p1a: Celebi
|-start|p1a: Celebi|Substitute
|-damage|p1a: Celebi|50/100 brn
|move|p2a: Rotom|Volt Switch|p1a: Celebi
|-resisted|p1a: Celebi
|-activate|p1a: Celebi|Substitute|[damage]
|
|t:|1717615707
|switch|p2a: Scizor|Scizor, M|100/100|[from] Volt Switch
|
|-weather|RainDance|[upkeep]
|-heal|p1a: Celebi|57/100 brn|[from] item: Leftovers
|-damage|p1a: Celebi|44/100 brn|[from] brn
|upkeep
|turn|12
|
|t:|1717615713
|move|p2a: Scizor|U-turn|p1a: Celebi
|-supereffective|p1a: Celebi
|-end|p1a: Celebi|Substitute
|
|t:|1717615723
|switch|p2a: Latios|Latios, M|39/100|[from] U-turn
|move|p1a: Celebi|Recover|p1a: Celebi
|-heal|p1a: Celebi|94/100 brn
|
|-weather|RainDance|[upkeep]
|-heal|p1a: Celebi|100/100 brn|[from] item: Leftovers
|-damage|p1a: Celebi|88/100 brn|[from] brn
|upkeep
|turn|13
|
|t:|1717615732
|move|p2a: Latios|Recover|p2a: Latios
|-heal|p2a: Latios|90/100
|move|p1a: Celebi|Recover|p1a: Celebi
|-heal|p1a: Celebi|100/100 brn
|
|-weather|RainDance|[upkeep]
|-damage|p1a: Celebi|88/100 brn|[from] brn
|upkeep
|turn|14
|
|t:|1717615740
|move|p2a: Latios|Draco Meteor|p1a: Celebi
|-damage|p1a: Celebi|31/100 brn
|-unboost|p2a: Latios|spa|2
|move|p1a: Celebi|Baton Pass|p1a: Celebi
|
|t:|1717615752
|-curestatus|p1a: Celebi|brn|[from] ability: Natural Cure
|switch|p1a: Ferrothorn|Ferrothorn, M|100/100|[from] Baton Pass
|
|-weather|RainDance|[upkeep]
|upkeep
|turn|15
|
|t:|1717615763
|switch|p2a: Scizor|Scizor, M|100/100
|move|p1a: Ferrothorn|Gyro Ball|p2a: Scizor
|-resisted|p2a: Scizor
|-damage|p2a: Scizor|71/100
|
|-weather|RainDance|[upkeep]
|upkeep
|turn|16
|
|t:|1717615766
|move|p2a: Scizor|U-turn|p1a: Ferrothorn
|-damage|p1a: Ferrothorn|75/100
|-damage|p2a: Scizor|58/100|[from] ability: Iron Barbs|[of] p1a: Ferrothorn
|
|t:|1717615775
|switch|p2a: Excadrill|Excadrill, F|100/100|[from] U-turn
|move|p1a: Ferrothorn|Stealth Rock|p2a: Excadrill
|-sidestart|p2: BLJ Mario|move: Stealth Rock
|
|-weather|RainDance|[upkeep]
|-heal|p1a: Ferrothorn|81/100|[from] item: Leftovers
|upkeep
|turn|17
|
|t:|1717615785
|move|p2a: Excadrill|Swords Dance|p2a: Excadrill
|-boost|p2a: Excadrill|atk|2
|move|p1a: Ferrothorn|Knock Off|p2a: Excadrill
|-resisted|p2a: Excadrill
|-damage|p2a: Excadrill|97/100
|-enditem|p2a: Excadrill|Leftovers|[from] move: Knock Off|[of] p1a: Ferrothorn
|
|-weather|RainDance|[upkeep]
|-heal|p1a: Ferrothorn|87/100|[from] item: Leftovers
|upkeep
|turn|18
|
|t:|1717615791
|switch|p1a: Gyarados|Gyarados, F|100/100
|-ability|p1a: Gyarados|Intimidate|boost
|-unboost|p2a: Excadrill|atk|1
|move|p2a: Excadrill|Iron Head|p1a: Gyarados
|-resisted|p1a: Gyarados
|-damage|p1a: Gyarados|65/100
|
|-weather|RainDance|[upkeep]
|-heal|p1a: Gyarados|71/100|[from] item: Leftovers
|upkeep
|turn|19
|
|t:|1717615798
|move|p2a: Excadrill|Iron Head|p1a: Gyarados
|-resisted|p1a: Gyarados
|-damage|p1a: Gyarados|38/100
|move|p1a: Gyarados|Waterfall|p2a: Excadrill
|-supereffective|p2a: Excadrill
|-damage|p2a: Excadrill|0 fnt
|faint|p2a: Excadrill
|
|-weather|RainDance|[upkeep]
|-heal|p1a: Gyarados|44/100|[from] item: Leftovers
|upkeep
|
|t:|1717615802
|switch|p2a: Rotom|Rotom-Wash, shiny|100/100
|-damage|p2a: Rotom|88/100|[from] Stealth Rock
|turn|20
|inactive|chimp29 has 120 seconds left.
|
|t:|1717615863
|move|p1a: Gyarados|Waterfall|p2a: Rotom
|-resisted|p2a: Rotom
|-damage|p2a: Rotom|56/100
|move|p2a: Rotom|Volt Switch|p1a: Gyarados
|-supereffective|p1a: Gyarados
|-damage|p1a: Gyarados|0 fnt
|faint|p1a: Gyarados
|
|t:|1717615883
|switch|p2a: Latios|Latios, M|90/100|[from] Volt Switch
|-damage|p2a: Latios|77/100|[from] Stealth Rock
|
|-weather|RainDance|[upkeep]
|upkeep
|inactive|chimp29 has 90 seconds left.
|
|t:|1717615905
|switch|p1a: Celebi|Celebi|31/100
|turn|21
|
|t:|1717615915
|switch|p1a: Ferrothorn|Ferrothorn, M|87/100
|move|p2a: Latios|Calm Mind|p2a: Latios
|-boost|p2a: Latios|spa|1
|-boost|p2a: Latios|spd|1
|
|-weather|RainDance|[upkeep]
|-heal|p1a: Ferrothorn|94/100|[from] item: Leftovers
|upkeep
|turn|22
|inactive|BLJ Mario has 120 seconds left.
|
|t:|1717615963
|switch|p2a: Hippowdon|Hippowdon, M|100/100
|-damage|p2a: Hippowdon|94/100|[from] Stealth Rock
|-weather|Sandstorm|[from] ability: Sand Stream|[of] p2a: Hippowdon
|move|p1a: Ferrothorn|Gyro Ball|p2a: Hippowdon
|-damage|p2a: Hippowdon|79/100
|
|-weather|Sandstorm|[upkeep]
|-heal|p2a: Hippowdon|85/100|[from] item: Leftovers
|-heal|p1a: Ferrothorn|99/100|[from] item: Leftovers
|upkeep
|turn|23
|
|t:|1717615973
|switch|p1a: Celebi|Celebi|31/100
|move|p2a: Hippowdon|Stealth Rock|p1a: Celebi
|-sidestart|p1: chimp29|move: Stealth Rock
|
|-weather|Sandstorm|[upkeep]
|-damage|p1a: Celebi|25/100|[from] Sandstorm
|-heal|p1a: Celebi|31/100|[from] item: Leftovers
|-heal|p2a: Hippowdon|92/100|[from] item: Leftovers
|upkeep
|turn|24
|
|t:|1717615982
|move|p1a: Celebi|Recover|p1a: Celebi
|-heal|p1a: Celebi|81/100
|move|p2a: Hippowdon|Ice Fang|p1a: Celebi
|-supereffective|p1a: Celebi
|-damage|p1a: Celebi|52/100
|-status|p1a: Celebi|frz
|
|-weather|Sandstorm|[upkeep]
|-damage|p1a: Celebi|46/100 frz|[from] Sandstorm
|-heal|p1a: Celebi|52/100 frz|[from] item: Leftovers
|-heal|p2a: Hippowdon|98/100|[from] item: Leftovers
|upkeep
|turn|25
|inactive|chimp29 has 120 seconds left.
|
|t:|1717615994
|-curestatus|p1a: Celebi|frz|[from] ability: Natural Cure
|switch|p1a: Politoed|Politoed, M|100/100
|-damage|p1a: Politoed|88/100|[from] Stealth Rock
|-weather|RainDance|[from] ability: Drizzle|[of] p1a: Politoed
|move|p2a: Hippowdon|Earthquake|p1a: Politoed
|-damage|p1a: Politoed|36/100
|
|-weather|RainDance|[upkeep]
|-heal|p2a: Hippowdon|100/100|[from] item: Leftovers
|upkeep
|turn|26
|inactive|BLJ Mario has 120 seconds left.
|
|t:|1717616009
|move|p1a: Politoed|Surf|p2a: Hippowdon
|-supereffective|p2a: Hippowdon
|-damage|p2a: Hippowdon|0 fnt
|faint|p2a: Hippowdon
|
|-weather|RainDance|[upkeep]
|upkeep
|
|t:|1717616013
|switch|p2a: Rotom|Rotom-Wash, shiny|56/100
|-damage|p2a: Rotom|44/100|[from] Stealth Rock
|turn|27
|
|t:|1717616026
|switch|p1a: Celebi|Celebi|52/100
|-damage|p1a: Celebi|40/100|[from] Stealth Rock
|move|p2a: Rotom|Volt Switch|p1a: Celebi
|-resisted|p1a: Celebi
|-damage|p1a: Celebi|31/100
|c|☆BLJ Mario|im stupid wait that poli didnt have lefties
|
|t:|1717616033
|switch|p2a: Scizor|Scizor, M|58/100|[from] Volt Switch
|-damage|p2a: Scizor|46/100|[from] Stealth Rock
|
|-weather|RainDance|[upkeep]
|-heal|p1a: Celebi|37/100|[from] item: Leftovers
|upkeep
|turn|28
|c| cryolite|yeah i was about to say lol
|inactive|chimp29 has 120 seconds left.
|c|☆BLJ Mario|yeah i autopiloted that
|
|t:|1717616072
|move|p2a: Scizor|U-turn|p1a: Celebi
|-supereffective|p1a: Celebi
|-damage|p1a: Celebi|0 fnt
|faint|p1a: Celebi
|
|t:|1717616088
|switch|p2a: Rotom|Rotom-Wash, shiny|44/100|[from] U-turn
|-damage|p2a: Rotom|31/100|[from] Stealth Rock
|
|-weather|RainDance|[upkeep]
|-heal|p2a: Rotom|38/100|[from] item: Leftovers
|upkeep
|inactive|chimp29 has 90 seconds left.
|
|t:|1717616125
|switch|p1a: Starmie|Starmie|100/100
|-damage|p1a: Starmie|88/100|[from] Stealth Rock
|turn|29
|inactive|chimp29 has 90 seconds left.
|inactive|BLJ Mario has 120 seconds left.
|
|t:|1717616171
|move|p1a: Starmie|Hydro Pump|p2a: Rotom|[miss]
|-miss|p1a: Starmie|p2a: Rotom
|move|p2a: Rotom|Pain Split|p1a: Starmie
|-sethp|p1a: Starmie|66/100|[from] move: Pain Split|[silent]
|-sethp|p2a: Rotom|57/100|[from] move: Pain Split
|
|-weather|RainDance|[upkeep]
|-heal|p2a: Rotom|63/100|[from] item: Leftovers
|upkeep
|turn|30
|inactive|chimp29 has 90 seconds left.
|
|t:|1717616186
|move|p1a: Starmie|Hydro Pump|p2a: Rotom
|-resisted|p2a: Rotom
|-damage|p2a: Rotom|27/100
|move|p2a: Rotom|Volt Switch|p1a: Starmie
|-supereffective|p1a: Starmie
|-damage|p1a: Starmie|0 fnt
|faint|p1a: Starmie
|inactive|BLJ Mario has 90 seconds left.
|
|t:|1717616209
|switch|p2a: Scizor|Scizor, M|46/100|[from] Volt Switch
|-damage|p2a: Scizor|33/100|[from] Stealth Rock
|
|-weather|RainDance|[upkeep]
|upkeep
|inactive|chimp29 has 90 seconds left.
|inactive|chimp29 has 60 seconds left.
|inactive|chimp29 has 30 seconds left.
|
|t:|1717616285
|switch|p1a: Magnezone|Magnezone|100/100
|-damage|p1a: Magnezone|95/100|[from] Stealth Rock
|turn|31
|inactive|chimp29 has 30 seconds left.
|inactive|BLJ Mario has 90 seconds left.
|
|t:|1717616296
|move|p2a: Scizor|Superpower|p1a: Magnezone
|-supereffective|p1a: Magnezone
|-damage|p1a: Magnezone|8/100
|-unboost|p2a: Scizor|atk|1
|-unboost|p2a: Scizor|def|1
|move|p1a: Magnezone|Thunder|p2a: Scizor
|-damage|p2a: Scizor|0 fnt
|faint|p2a: Scizor
|
|-weather|RainDance|[upkeep]
|-heal|p1a: Magnezone|14/100|[from] item: Leftovers
|upkeep
|inactive|BLJ Mario has 90 seconds left.
|c|☆BLJ Mario|unfortunate
|
|t:|1717616313
|switch|p2a: Latios|Latios, M|77/100
|-damage|p2a: Latios|65/100|[from] Stealth Rock
|turn|32
|c|☆BLJ Mario|im fucked now, i cant risk para on terrak
|inactive|BLJ Mario has 60 seconds left.
|
|t:|1717616345
|move|p2a: Latios|Recover|p2a: Latios
|-heal|p2a: Latios|100/100
|move|p1a: Magnezone|Thunder|p2a: Latios
|-resisted|p2a: Latios
|-damage|p2a: Latios|70/100
|
|-weather|RainDance|[upkeep]
|-heal|p1a: Magnezone|20/100|[from] item: Leftovers
|upkeep
|turn|33
|inactive|BLJ Mario has 60 seconds left.
|
|t:|1717616360
|move|p2a: Latios|Surf|p1a: Magnezone
|-damage|p1a: Magnezone|0 fnt
|faint|p1a: Magnezone
|
|-weather|RainDance|[upkeep]
|upkeep
|
|t:|1717616366
|switch|p1a: Ferrothorn|Ferrothorn, M|99/100
|-damage|p1a: Ferrothorn|94/100|[from] Stealth Rock
|turn|34
|inactive|BLJ Mario has 60 seconds left.
|
|t:|1717616393
|switch|p2a: Terrakion|Terrakion|100/100
|-damage|p2a: Terrakion|94/100|[from] Stealth Rock
|move|p1a: Ferrothorn|Gyro Ball|p2a: Terrakion
|-supereffective|p2a: Terrakion
|-damage|p2a: Terrakion|0 fnt
|faint|p2a: Terrakion
|
|-weather|RainDance|[upkeep]
|-heal|p1a: Ferrothorn|99/100|[from] item: Leftovers
|upkeep
|
|t:|1717616397
|switch|p2a: Rotom|Rotom-Wash, shiny|27/100
|-damage|p2a: Rotom|15/100|[from] Stealth Rock
|turn|35
|
|t:|1717616419
|switch|p1a: Politoed|Politoed, M|36/100
|-damage|p1a: Politoed|23/100|[from] Stealth Rock
|move|p2a: Rotom|Volt Switch|p1a: Politoed
|-supereffective|p1a: Politoed
|-damage|p1a: Politoed|0 fnt
|faint|p1a: Politoed
|
|t:|1717616425
|switch|p2a: Latios|Latios, M|70/100|[from] Volt Switch
|-damage|p2a: Latios|57/100|[from] Stealth Rock
|
|-weather|RainDance|[upkeep]
|upkeep
|
|t:|1717616427
|switch|p1a: Ferrothorn|Ferrothorn, M|99/100
|-damage|p1a: Ferrothorn|94/100|[from] Stealth Rock
|turn|36
|
|t:|1717616437
|move|p2a: Latios|Recover|p2a: Latios
|-heal|p2a: Latios|100/100
|move|p1a: Ferrothorn|Gyro Ball|p2a: Latios
|-damage|p2a: Latios|35/100
|
|-weather|RainDance|[upkeep]
|-heal|p1a: Ferrothorn|99/100|[from] item: Leftovers
|upkeep
|turn|37
|
|t:|1717616440
|move|p2a: Latios|Recover|p2a: Latios
|-heal|p2a: Latios|86/100
|move|p1a: Ferrothorn|Gyro Ball|p2a: Latios
|-crit|p2a: Latios
|-damage|p2a: Latios|0 fnt
|faint|p2a: Latios
|
|-weather|RainDance|[upkeep]
|-heal|p1a: Ferrothorn|100/100|[from] item: Leftovers
|upkeep
|
|t:|1717616444
|switch|p2a: Rotom|Rotom-Wash, shiny|15/100
|-damage|p2a: Rotom|2/100|[from] Stealth Rock
|turn|38
|c| cryolite|what set was terrakion
|
|t:|1717616449
|move|p2a: Rotom|Pain Split|p1a: Ferrothorn
|-sethp|p1a: Ferrothorn|51/100|[from] move: Pain Split|[silent]
|-sethp|p2a: Rotom|59/100|[from] move: Pain Split
|move|p1a: Ferrothorn|Knock Off|p2a: Rotom
|-damage|p2a: Rotom|55/100
|-enditem|p2a: Rotom|Leftovers|[from] move: Knock Off|[of] p1a: Ferrothorn
|
|-weather|RainDance|[upkeep]
|-heal|p1a: Ferrothorn|58/100|[from] item: Leftovers
|upkeep
|turn|39
|c|☆BLJ Mario|band
|
|t:|1717616461
|move|p2a: Rotom|Will-O-Wisp|p1a: Ferrothorn
|-status|p1a: Ferrothorn|brn
|move|p1a: Ferrothorn|Knock Off|p2a: Rotom
|-damage|p2a: Rotom|52/100
|
|-weather|RainDance|[upkeep]
|-heal|p1a: Ferrothorn|64/100 brn|[from] item: Leftovers
|-damage|p1a: Ferrothorn|51/100 brn|[from] brn
|upkeep
|turn|40
|c| cryolite|wait that ohkos ferro
|c| cryolite|why did you sac it
|c|☆chimp29|Wdym?
|c|☆BLJ Mario|i needed a clean switch to tom
|c|☆chimp29|He made the
|c|☆chimp29|Right play
|
|t:|1717616487
|move|p2a: Rotom|Hydro Pump|p1a: Ferrothorn
|-resisted|p1a: Ferrothorn
|-damage|p1a: Ferrothorn|28/100 brn
|move|p1a: Ferrothorn|Gyro Ball|p2a: Rotom
|-resisted|p2a: Rotom
|-damage|p2a: Rotom|48/100
|
|-weather|RainDance|[upkeep]
|-heal|p1a: Ferrothorn|34/100 brn|[from] item: Leftovers
|-damage|p1a: Ferrothorn|22/100 brn|[from] brn
|upkeep
|turn|41
|c|☆chimp29|Ut was a 50/50 tho
|c|☆chimp29|Beyween volt and stay obv
|inactive|chimp29 has 90 seconds left.
|c|☆chimp29|But yeah gg
|c|☆BLJ Mario|Gg
|-message|chimp29 forfeited.
|
|win|BLJ Mario
|raw|chimp29's rating: 1494 &rarr; <strong>1469</strong><br />(-25 for losing)
|raw|BLJ Mario's rating: 1403 &rarr; <strong>1428</strong><br />(+25 for winning)
|l|☆chimp29
|player|p1|
|c|☆BLJ Mario|i figured that if you saw me sac
|c|☆BLJ Mario|then you knew what i was gonna do
