|j|☆dark web uzi
|j|☆Nalorium
|player|p1|dark web uzi|roxie|1415
|player|p2|Nalorium|twins-gen4dp|1441
|teamsize|p1|6
|teamsize|p2|6
|gametype|singles
|gen|5
|tier|[Gen 5] OU
|rated|
|clearpoke
|poke|p1|Kyurem-Black|item
|poke|p1|Haxorus, M|item
|poke|p1|Landorus-Therian, M|item
|poke|p1|Magnezone|item
|poke|p1|Metagross|item
|poke|p1|Azelf|item
|poke|p2|Politoed, F|item
|poke|p2|Ferrothorn, F|item
|poke|p2|Keldeo|item
|poke|p2|Azumarill, F|item
|poke|p2|Toxicroak, M|item
|poke|p2|Thundurus-Therian, M|item
|rule|Species Clause: Limit one of each Pokémon
|rule|OHKO Clause: OHKO moves are banned
|rule|Moody Clause: Moody is banned
|rule|Evasion Moves Clause: Evasion moves are banned
|rule|Endless Battle Clause: Forcing endless battles is banned
|rule|HP Percentage Mod: HP is shown in percentages
|rule|Evasion Abilities Clause: Evasion abilities are banned
|rule|Baton Pass Clause: Limit one Baton Passer, can't pass Spe and other stats simultaneously
|rule|Sleep Clause: Sleep-inducing moves are banned
|rule|Swagger Clause: Swagger is banned
|teampreview
|
|start
|switch|p1a: Azelf|Azelf|100/100
|switch|p2a: Politoed|Politoed, F|100/100
|-weather|RainDance|[from] ability: Drizzle|[of] p2a: Politoed
|turn|1
|
|move|p1a: Azelf|Stealth Rock|p2a: Politoed
|-sidestart|p2: Nalorium|move: Stealth Rock
|move|p2a: Politoed|Scald|p1a: Azelf
|-damage|p1a: Azelf|38/100
|
|-weather|RainDance|[upkeep]
|upkeep
|turn|2
|
|move|p2a: Politoed|Protect|p2a: Politoed
|-singleturn|p2a: Politoed|Protect
|move|p1a: Azelf|Explosion|p2a: Politoed
|-activate|p2a: Politoed|move: Protect
|faint|p1a: Azelf
|
|-weather|RainDance|[upkeep]
|upkeep
|
|switch|p1a: Kyurem|Kyurem-Black|100/100
|-ability|p1a: Kyurem|Teravolt
|turn|3
|
|move|p1a: Kyurem|Outrage|p2a: Politoed
|-damage|p2a: Politoed|0 fnt
|faint|p2a: Politoed
|
|-weather|RainDance|[upkeep]
|upkeep
|
|switch|p2a: Ferrothorn|Ferrothorn, F|100/100
|-damage|p2a: Ferrothorn|94/100|[from] Stealth Rock
|turn|4
|
|move|p1a: Kyurem|Outrage|p2a: Ferrothorn|[from]lockedmove
|-resisted|p2a: Ferrothorn
|-damage|p2a: Ferrothorn|48/100
|-damage|p1a: Kyurem|88/100|[from] ability: Iron Barbs|[of] p2a: Ferrothorn
|move|p2a: Ferrothorn|Gyro Ball|p1a: Kyurem
|-supereffective|p1a: Kyurem
|-damage|p1a: Kyurem|1/100
|
|-weather|RainDance|[upkeep]
|-heal|p2a: Ferrothorn|54/100|[from] item: Leftovers
|upkeep
|turn|5
|
|move|p1a: Kyurem|Outrage|p2a: Ferrothorn|[from]lockedmove
|-resisted|p2a: Ferrothorn
|-damage|p2a: Ferrothorn|6/100
|-damage|p1a: Kyurem|0 fnt|[from] ability: Iron Barbs|[of] p2a: Ferrothorn
|faint|p1a: Kyurem
|move|p2a: Ferrothorn|Stealth Rock|p1: Kyurem
|-sidestart|p1: dark web uzi|move: Stealth Rock
|
|-weather|RainDance|[upkeep]
|-heal|p2a: Ferrothorn|12/100|[from] item: Leftovers
|upkeep
|
|switch|p1a: Magnezone|Magnezone|100/100
|-damage|p1a: Magnezone|94/100|[from] Stealth Rock
|turn|6
|
|move|p1a: Magnezone|Substitute|p1a: Magnezone
|-start|p1a: Magnezone|Substitute
|-damage|p1a: Magnezone|70/100
|move|p2a: Ferrothorn|Spikes|p1a: Magnezone
|-sidestart|p1: dark web uzi|Spikes
|
|-weather|RainDance|[upkeep]
|-heal|p2a: Ferrothorn|19/100|[from] item: Leftovers
|upkeep
|turn|7
|
|move|p1a: Magnezone|Sunny Day|p1a: Magnezone
|-weather|SunnyDay
|move|p2a: Ferrothorn|Gyro Ball|p1a: Magnezone
|-resisted|p1a: Magnezone
|-activate|p1a: Magnezone|Substitute|[damage]
|
|-weather|SunnyDay|[upkeep]
|-heal|p2a: Ferrothorn|25/100|[from] item: Leftovers
|upkeep
|turn|8
|
|move|p1a: Magnezone|Hidden Power|p2a: Ferrothorn
|-supereffective|p2a: Ferrothorn
|-damage|p2a: Ferrothorn|0 fnt
|faint|p2a: Ferrothorn
|
|-weather|SunnyDay|[upkeep]
|upkeep
|j| DudisMFE
|l| DudisMFE
|
|switch|p2a: Toxicroak|Toxicroak, M|100/100
|-damage|p2a: Toxicroak|94/100|[from] Stealth Rock
|turn|9
|
|move|p2a: Toxicroak|Ice Punch|p1a: Magnezone
|-resisted|p1a: Magnezone
|-activate|p1a: Magnezone|Substitute|[damage]
|move|p1a: Magnezone|Hidden Power|p2a: Toxicroak
|-damage|p2a: Toxicroak|28/100
|
|-weather|SunnyDay|[upkeep]
|-damage|p2a: Toxicroak|15/100|[from] ability: Dry Skin|[of] p2a: Toxicroak
|-heal|p2a: Toxicroak|21/100|[from] item: Black Sludge
|upkeep
|turn|10
|
|move|p2a: Toxicroak|Ice Punch|p1a: Magnezone
|-resisted|p1a: Magnezone
|-end|p1a: Magnezone|Substitute
|move|p1a: Magnezone|Substitute|p1a: Magnezone
|-start|p1a: Magnezone|Substitute
|-damage|p1a: Magnezone|45/100
|
|-weather|SunnyDay|[upkeep]
|-damage|p2a: Toxicroak|9/100|[from] ability: Dry Skin|[of] p2a: Toxicroak
|-heal|p2a: Toxicroak|15/100|[from] item: Black Sludge
|upkeep
|turn|11
|
|-singleturn|p2a: Toxicroak|move: Focus Punch
|move|p1a: Magnezone|Hidden Power|p2a: Toxicroak
|-crit|p2a: Toxicroak
|-damage|p2a: Toxicroak|0 fnt
|faint|p2a: Toxicroak
|
|-weather|none
|upkeep
|
|switch|p2a: Azumarill|Azumarill, F|100/100
|-damage|p2a: Azumarill|88/100|[from] Stealth Rock
|turn|12
|
|move|p2a: Azumarill|Aqua Jet|p1a: Magnezone
|-end|p1a: Magnezone|Substitute
|move|p1a: Magnezone|Thunderbolt|p2a: Azumarill
|-supereffective|p2a: Azumarill
|-damage|p2a: Azumarill|0 fnt
|faint|p2a: Azumarill
|
|upkeep
|
|switch|p2a: Keldeo|Keldeo|100/100
|-damage|p2a: Keldeo|94/100|[from] Stealth Rock
|turn|13
|
|move|p2a: Keldeo|Secret Sword|p1a: Magnezone
|-supereffective|p1a: Magnezone
|-enditem|p1a: Magnezone|Chople Berry|[eat]
|-enditem|p1a: Magnezone|Chople Berry|[weaken]
|-damage|p1a: Magnezone|0 fnt
|faint|p1a: Magnezone
|
|upkeep
|
|switch|p1a: Metagross|Metagross, shiny|100/100
|-damage|p1a: Metagross|88/100|[from] Spikes
|-damage|p1a: Metagross|82/100|[from] Stealth Rock
|turn|14
|
|move|p2a: Keldeo|Secret Sword|p1a: Metagross
|-damage|p1a: Metagross|43/100
|move|p1a: Metagross|Agility|p1a: Metagross
|-boost|p1a: Metagross|spe|2
|
|upkeep
|turn|15
|
|move|p1a: Metagross|Zen Headbutt|p2a: Keldeo
|-supereffective|p2a: Keldeo
|-damage|p2a: Keldeo|0 fnt
|-damage|p1a: Metagross|33/100|[from] item: Life Orb
|faint|p2a: Keldeo
|
|upkeep
|
|switch|p2a: Thundurus|Thundurus-Therian, M|100/100
|-damage|p2a: Thundurus|76/100|[from] Stealth Rock
|turn|16
|
|move|p1a: Metagross|Ice Punch|p2a: Thundurus
|-supereffective|p2a: Thundurus
|-damage|p2a: Thundurus|0 fnt
|-damage|p1a: Metagross|23/100|[from] item: Life Orb
|faint|p2a: Thundurus
|
|win|dark web uzi
|l|☆Nalorium
|raw|dark web uzi's rating: 1415 &rarr; <strong>1438</strong><br />(+23 for winning)
|raw|Nalorium's rating: 1459 &rarr; <strong>1436</strong><br />(-23 for losing)
