|join|LordCheese
|join|Darkshowl
|player|p1|LordCheese|246
|player|p2|Darkshowl|262
|gametype|singles
|gen|5
|tier|[Gen 5] OU
|rated
|rule|Evasion Abilities Clause: Evasion abilities are banned
|clearpoke
|poke|p1|Infernape, F, shiny
|poke|p1|Jirachi, shiny
|poke|p1|Weavile, M
|poke|p1|Jellicent, F, shiny
|poke|p1|Gliscor, F
|poke|p1|Rotom-Wash, shiny
|poke|p2|Machamp, F
|poke|p2|Rotom-Wash
|poke|p2|Scizor, F
|poke|p2|Dragonite, F
|poke|p2|Politoed, F
|poke|p2|Jirachi
|rule|Sleep Clause Mod: Limit one foe put to sleep
|rule|Species Clause: Limit one of each Pokémon
|rule|OHKO Clause: OHKO moves are banned
|rule|Moody Clause: Moody is banned
|rule|Evasion Moves Clause: Evasion moves are banned
|rule|Endless Battle Clause: Forcing endless battles is banned
|rule|HP Percentage Mod: HP is reported as percentages
|teampreview
|
|start
|switch|p1a: Infernape|Infernape, F, shiny|293/293
|switch|p2a: Machamp|Machamp, F|356/356
|turn|1
|
|switch|p2a: Dragonite|Dragonite, F|386/386
|move|p1a: Infernape|Fake Out|p2a: Dragonite
|-damage|p2a: Dragonite|371/386
|
|-heal|p2a: Dragonite|386/386|[from] item: Leftovers
|turn|2
|
|move|p1a: Infernape|Stealth Rock|p2a: Dragonite
|-sidestart|p2: Darkshowl|move: Stealth Rock
|move|p2a: Dragonite|Dragon Dance|p2a: Dragonite
|-boost|p2a: Dragonite|atk|1
|-boost|p2a: Dragonite|spe|1
|
|turn|3
|
|switch|p1a: Jellicent|Jellicent, F, shiny|404/404
|move|p2a: Dragonite|Dragon Dance|p2a: Dragonite
|-boost|p2a: Dragonite|atk|1
|-boost|p2a: Dragonite|spe|1
|
|turn|4
|
|switch|p2a: Politoed|Politoed, F|384/384
|-damage|p2a: Politoed|336/384|[from] Stealth Rock
|-weather|RainDance|[from] ability: Drizzle|[of] p2a: Politoed
|move|p1a: Jellicent|Ice Beam|p2a: Politoed
|-crit|p2a: Politoed
|-resisted|p2a: Politoed
|-damage|p2a: Politoed|271/384
|-status|p2a: Politoed|frz
|
|-weather|RainDance|[upkeep]
|-heal|p2a: Politoed|295/384 frz|[from] item: Leftovers
|turn|5
|
|switch|p2a: Rotom-Wash|Rotom-Wash|248/248
|-damage|p2a: Rotom-Wash|217/248|[from] Stealth Rock
|move|p1a: Jellicent|Scald|p2a: Rotom-Wash
|-resisted|p2a: Rotom-Wash
|-damage|p2a: Rotom-Wash|127/248
|-status|p2a: Rotom-Wash|brn
|
|-weather|RainDance|[upkeep]
|-damage|p2a: Rotom-Wash|96/248 brn|[from] brn
|turn|6
|
|switch|p1a: Weavile|Weavile, M|281/281
|-ability|p1a: Weavile|Pressure
|move|p2a: Rotom-Wash|Trick|p1a: Weavile
|-activate|p2a: Rotom-Wash|move: Trick|[of] p1a: Weavile
|-item|p1a: Weavile|Choice Scarf|[from] move: Trick
|-item|p2a: Rotom-Wash|Life Orb|[from] move: Trick
|
|-weather|RainDance|[upkeep]
|-damage|p2a: Rotom-Wash|65/248 brn|[from] brn
|turn|7
|
|move|p1a: Weavile|Pursuit|p2a: Rotom-Wash|[from]Pursuit
|-damage|p2a: Rotom-Wash|0 fnt
|faint|p2a: Rotom-Wash
|
|-weather|RainDance|[upkeep]
|
|switch|p2a: Machamp|Machamp, F|356/356
|-damage|p2a: Machamp|334/356|[from] Stealth Rock
|turn|8
|
|switch|p1a: Jellicent|Jellicent, F, shiny|404/404
|move|p2a: Machamp|Dynamic Punch|p1a: Jellicent
|-immune|p1a: Jellicent|[msg]
|
|-weather|RainDance|[upkeep]
|turn|9
|
|move|p1a: Jellicent|Scald|p2a: Machamp
|-damage|p2a: Machamp|151/356
|-status|p2a: Machamp|brn
|-enditem|p2a: Machamp|Lum Berry|[eat]
|-curestatus|p2a: Machamp|brn
|move|p2a: Machamp|Payback|p1a: Jellicent
|-supereffective|p1a: Jellicent
|-damage|p1a: Jellicent|86/404
|
|-weather|RainDance|[upkeep]
|-heal|p1a: Jellicent|111/404|[from] item: Leftovers
|turn|10
|
|move|p1a: Jellicent|Scald|p2a: Machamp
|-damage|p2a: Machamp|0 fnt
|faint|p2a: Machamp
|
|-weather|RainDance|[upkeep]
|-heal|p1a: Jellicent|136/404|[from] item: Leftovers
|
|switch|p2a: Scizor|Scizor, F|309/309
|-damage|p2a: Scizor|271/309|[from] Stealth Rock
|turn|11
|
|move|p2a: Scizor|Pursuit|p1a: Jellicent
|-supereffective|p1a: Jellicent
|-damage|p1a: Jellicent|0 fnt
|faint|p1a: Jellicent
|
|-weather|RainDance|[upkeep]
|
|switch|p1a: Rotom-Wash|Rotom-Wash, shiny|304/304
|turn|12
|
|switch|p2a: Dragonite|Dragonite, F|386/386
|-damage|p2a: Dragonite|290/386|[from] Stealth Rock
|move|p1a: Rotom-Wash|Will-O-Wisp|p2a: Dragonite
|-status|p2a: Dragonite|brn
|
|-weather|RainDance|[upkeep]
|-heal|p2a: Dragonite|314/386 brn|[from] item: Leftovers
|-damage|p2a: Dragonite|266/386 brn|[from] brn
|turn|13
|
|switch|p2a: Scizor|Scizor, F|271/309
|-damage|p2a: Scizor|233/309|[from] Stealth Rock
|move|p1a: Rotom-Wash|Hydro Pump|p2a: Scizor
|-damage|p2a: Scizor|0 fnt
|faint|p2a: Scizor
|
|-weather|RainDance|[upkeep]
|
|switch|p2a: Jirachi|Jirachi|404/404
|-damage|p2a: Jirachi|379/404|[from] Stealth Rock
|turn|14
|chat|Darkshowl|burners are so annoying
|
|move|p2a: Jirachi|Thunder Wave|p1a: Rotom-Wash
|-status|p1a: Rotom-Wash|par
|move|p1a: Rotom-Wash|Hydro Pump|p2a: Jirachi
|-damage|p2a: Jirachi|205/404
|
|-weather|RainDance|[upkeep]
|-heal|p2a: Jirachi|230/404|[from] item: Leftovers
|turn|15
|
|move|p2a: Jirachi|Iron Head|p1a: Rotom-Wash
|-resisted|p1a: Rotom-Wash
|-damage|p1a: Rotom-Wash|289/304 par
|cant|p1a: Rotom-Wash|par
|
|-weather|RainDance|[upkeep]
|-heal|p2a: Jirachi|255/404|[from] item: Leftovers
|-heal|p1a: Rotom-Wash|304/304 par|[from] item: Leftovers
|turn|16
|chat|Darkshowl|like haxx, in fact
|
|move|p2a: Jirachi|Iron Head|p1a: Rotom-Wash
|-resisted|p1a: Rotom-Wash
|-damage|p1a: Rotom-Wash|287/304 par
|cant|p1a: Rotom-Wash|par
|
|-weather|RainDance|[upkeep]
|-heal|p2a: Jirachi|280/404|[from] item: Leftovers
|-heal|p1a: Rotom-Wash|304/304 par|[from] item: Leftovers
|turn|17
|chat|LordCheese|paraflinch is hax
|chat|Darkshowl|I know
|
|move|p2a: Jirachi|Iron Head|p1a: Rotom-Wash
|-resisted|p1a: Rotom-Wash
|-damage|p1a: Rotom-Wash|288/304 par
|cant|p1a: Rotom-Wash|flinch
|
|-weather|RainDance|[upkeep]
|-heal|p2a: Jirachi|305/404|[from] item: Leftovers
|-heal|p1a: Rotom-Wash|304/304 par|[from] item: Leftovers
|turn|18
|
|move|p2a: Jirachi|Iron Head|p1a: Rotom-Wash
|-crit|p1a: Rotom-Wash
|-resisted|p1a: Rotom-Wash
|-damage|p1a: Rotom-Wash|271/304 par
|cant|p1a: Rotom-Wash|flinch
|
|-weather|RainDance|[upkeep]
|-heal|p2a: Jirachi|330/404|[from] item: Leftovers
|-heal|p1a: Rotom-Wash|290/304 par|[from] item: Leftovers
|turn|19
|chat|Darkshowl|That's the reason what I use him now
|
|move|p2a: Jirachi|Wish|p2a: Jirachi
|move|p1a: Rotom-Wash|Will-O-Wisp|p2a: Jirachi|[miss]
|-miss|p1a: Rotom-Wash|p2a: Jirachi
|
|-weather|RainDance|[upkeep]
|-heal|p2a: Jirachi|355/404|[from] item: Leftovers
|-heal|p1a: Rotom-Wash|304/304 par|[from] item: Leftovers
|turn|20
|chat|LordCheese|Critcal chance vs atk chance?
|
|move|p2a: Jirachi|Iron Head|p1a: Rotom-Wash
|-resisted|p1a: Rotom-Wash
|-damage|p1a: Rotom-Wash|288/304 par
|cant|p1a: Rotom-Wash|flinch
|
|-weather|RainDance|[upkeep]
|-heal|p2a: Jirachi|404/404|[from] move: Wish|[wisher] Jirachi
|-heal|p1a: Rotom-Wash|304/304 par|[from] item: Leftovers
|turn|21
|chat|Darkshowl|no, versus burn 
|
|move|p2a: Jirachi|Iron Head|p1a: Rotom-Wash
|-resisted|p1a: Rotom-Wash
|-damage|p1a: Rotom-Wash|289/304 par
|cant|p1a: Rotom-Wash|flinch
|
|-weather|RainDance|[upkeep]
|-heal|p1a: Rotom-Wash|304/304 par|[from] item: Leftovers
|turn|22
|chat|Darkshowl|I don't understand why there is no brn clause
|chat|Darkshowl|burn*
|
|move|p2a: Jirachi|Iron Head|p1a: Rotom-Wash
|-resisted|p1a: Rotom-Wash
|-damage|p1a: Rotom-Wash|289/304 par
|cant|p1a: Rotom-Wash|flinch
|
|-weather|RainDance|[upkeep]
|-heal|p1a: Rotom-Wash|304/304 par|[from] item: Leftovers
|turn|23
|chat|LordCheese|you can still use special
|chat|Darkshowl|special is rare
|
|move|p2a: Jirachi|Iron Head|p1a: Rotom-Wash
|-resisted|p1a: Rotom-Wash
|-damage|p1a: Rotom-Wash|288/304 par
|cant|p1a: Rotom-Wash|flinch
|
|-weather|RainDance|[upkeep]
|-heal|p1a: Rotom-Wash|304/304 par|[from] item: Leftovers
|turn|24
|
|move|p2a: Jirachi|Iron Head|p1a: Rotom-Wash
|-resisted|p1a: Rotom-Wash
|-damage|p1a: Rotom-Wash|289/304 par
|move|p1a: Rotom-Wash|Will-O-Wisp|p2a: Jirachi|[miss]
|-miss|p1a: Rotom-Wash|p2a: Jirachi
|
|-weather|RainDance|[upkeep]
|-heal|p1a: Rotom-Wash|304/304 par|[from] item: Leftovers
|turn|25
|chat|Darkshowl|But I take note of burner
|
|move|p2a: Jirachi|Iron Head|p1a: Rotom-Wash
|-resisted|p1a: Rotom-Wash
|-damage|p1a: Rotom-Wash|289/304 par
|cant|p1a: Rotom-Wash|flinch
|
|-weather|RainDance|[upkeep]
|-heal|p1a: Rotom-Wash|304/304 par|[from] item: Leftovers
|turn|26
|
|move|p2a: Jirachi|Iron Head|p1a: Rotom-Wash
|-resisted|p1a: Rotom-Wash
|-damage|p1a: Rotom-Wash|287/304 par
|move|p1a: Rotom-Wash|Will-O-Wisp|p2a: Jirachi|[miss]
|-miss|p1a: Rotom-Wash|p2a: Jirachi
|
|-weather|RainDance|[upkeep]
|-heal|p1a: Rotom-Wash|304/304 par|[from] item: Leftovers
|turn|27
|
|move|p2a: Jirachi|Iron Head|p1a: Rotom-Wash
|-crit|p1a: Rotom-Wash
|-resisted|p1a: Rotom-Wash
|-damage|p1a: Rotom-Wash|268/304 par
|cant|p1a: Rotom-Wash|flinch
|
|-weather|RainDance|[upkeep]
|-heal|p1a: Rotom-Wash|287/304 par|[from] item: Leftovers
|turn|28
|
|move|p2a: Jirachi|Iron Head|p1a: Rotom-Wash
|-resisted|p1a: Rotom-Wash
|-damage|p1a: Rotom-Wash|271/304 par
|cant|p1a: Rotom-Wash|flinch
|
|-weather|RainDance|[upkeep]
|-heal|p1a: Rotom-Wash|290/304 par|[from] item: Leftovers
|turn|29
|
|move|p2a: Jirachi|Iron Head|p1a: Rotom-Wash
|-resisted|p1a: Rotom-Wash
|-damage|p1a: Rotom-Wash|272/304 par
|cant|p1a: Rotom-Wash|flinch
|
|-weather|RainDance|[upkeep]
|-heal|p1a: Rotom-Wash|291/304 par|[from] item: Leftovers
|turn|30
|
|move|p2a: Jirachi|Iron Head|p1a: Rotom-Wash
|-resisted|p1a: Rotom-Wash
|-damage|p1a: Rotom-Wash|275/304 par
|move|p1a: Rotom-Wash|Will-O-Wisp|p2a: Jirachi
|-status|p2a: Jirachi|brn
|
|-weather|RainDance|[upkeep]
|-heal|p1a: Rotom-Wash|294/304 par|[from] item: Leftovers
|-damage|p2a: Jirachi|354/404 brn|[from] brn
|turn|31
|
|move|p2a: Jirachi|Iron Head|p1a: Rotom-Wash
|-resisted|p1a: Rotom-Wash
|-damage|p1a: Rotom-Wash|286/304 par
|cant|p1a: Rotom-Wash|flinch
|
|-weather|RainDance|[upkeep]
|-heal|p2a: Jirachi|379/404 brn|[from] item: Leftovers
|-heal|p1a: Rotom-Wash|304/304 par|[from] item: Leftovers
|-damage|p2a: Jirachi|329/404 brn|[from] brn
|turn|32
|
|move|p2a: Jirachi|Wish|p2a: Jirachi
|move|p1a: Rotom-Wash|Hydro Pump|p2a: Jirachi
|-damage|p2a: Jirachi|134/404 brn
|
|-weather|RainDance|[upkeep]
|-heal|p2a: Jirachi|159/404 brn|[from] item: Leftovers
|-damage|p2a: Jirachi|109/404 brn|[from] brn
|turn|33
|
|move|p2a: Jirachi|Iron Head|p1a: Rotom-Wash
|-resisted|p1a: Rotom-Wash
|-damage|p1a: Rotom-Wash|296/304 par
|cant|p1a: Rotom-Wash|flinch
|
|-weather|RainDance|[upkeep]
|-heal|p2a: Jirachi|311/404 brn|[from] move: Wish|[wisher] Jirachi
|-heal|p2a: Jirachi|336/404 brn|[from] item: Leftovers
|-heal|p1a: Rotom-Wash|304/304 par|[from] item: Leftovers
|-damage|p2a: Jirachi|286/404 brn|[from] brn
|turn|34
|
|move|p2a: Jirachi|Wish|p2a: Jirachi
|move|p1a: Rotom-Wash|Will-O-Wisp|p2a: Jirachi
|-fail|p2a: Jirachi|brn
|
|-weather|RainDance|[upkeep]
|-heal|p2a: Jirachi|311/404 brn|[from] item: Leftovers
|-damage|p2a: Jirachi|261/404 brn|[from] brn
|turn|35
|
|switch|p2a: Dragonite|Dragonite, F|266/386 brn
|-damage|p2a: Dragonite|170/386 brn|[from] Stealth Rock
|move|p1a: Rotom-Wash|Volt Switch|p2a: Dragonite
|-damage|p2a: Dragonite|89/386 brn
|
|switch|p1a: Weavile|Weavile, M|281/281
|-ability|p1a: Weavile|Pressure
|
|-weather|RainDance|[upkeep]
|-heal|p2a: Dragonite|291/386 brn|[from] move: Wish|[wisher] Jirachi
|-heal|p2a: Dragonite|315/386 brn|[from] item: Leftovers
|-damage|p2a: Dragonite|267/386 brn|[from] brn
|turn|36
|
|move|p1a: Weavile|Pursuit|p2a: Dragonite|[from]Pursuit
|-damage|p2a: Dragonite|161/386 brn
|switch|p2a: Jirachi|Jirachi|261/404 brn
|-damage|p2a: Jirachi|236/404 brn|[from] Stealth Rock
|
|-weather|RainDance|[upkeep]
|-heal|p2a: Jirachi|261/404 brn|[from] item: Leftovers
|-damage|p2a: Jirachi|211/404 brn|[from] brn
|turn|37
|
|switch|p1a: Rotom-Wash|Rotom-Wash, shiny|304/304 par
|move|p2a: Jirachi|Wish|p2a: Jirachi
|
|-weather|RainDance|[upkeep]
|-heal|p2a: Jirachi|236/404 brn|[from] item: Leftovers
|-damage|p2a: Jirachi|186/404 brn|[from] brn
|turn|38
|
|move|p2a: Jirachi|Iron Head|p1a: Rotom-Wash
|-resisted|p1a: Rotom-Wash
|-damage|p1a: Rotom-Wash|295/304 par
|cant|p1a: Rotom-Wash|flinch
|
|-weather|RainDance|[upkeep]
|-heal|p2a: Jirachi|388/404 brn|[from] move: Wish|[wisher] Jirachi
|-heal|p2a: Jirachi|404/404 brn|[from] item: Leftovers
|-heal|p1a: Rotom-Wash|304/304 par|[from] item: Leftovers
|-damage|p2a: Jirachi|354/404 brn|[from] brn
|turn|39
|
|move|p2a: Jirachi|Wish|p2a: Jirachi
|move|p1a: Rotom-Wash|Hydro Pump|p2a: Jirachi
|-damage|p2a: Jirachi|155/404 brn
|
|-weather|RainDance|[upkeep]
|-heal|p2a: Jirachi|180/404 brn|[from] item: Leftovers
|-damage|p2a: Jirachi|130/404 brn|[from] brn
|turn|40
|
|move|p2a: Jirachi|Iron Head|p1a: Rotom-Wash
|-resisted|p1a: Rotom-Wash
|-damage|p1a: Rotom-Wash|296/304 par
|cant|p1a: Rotom-Wash|par
|
|-weather|RainDance|[upkeep]
|-heal|p2a: Jirachi|332/404 brn|[from] move: Wish|[wisher] Jirachi
|-heal|p2a: Jirachi|357/404 brn|[from] item: Leftovers
|-heal|p1a: Rotom-Wash|304/304 par|[from] item: Leftovers
|-damage|p2a: Jirachi|307/404 brn|[from] brn
|turn|41
|
|move|p2a: Jirachi|Wish|p2a: Jirachi
|cant|p1a: Rotom-Wash|par
|
|-weather|RainDance|[upkeep]
|-heal|p2a: Jirachi|332/404 brn|[from] item: Leftovers
|-damage|p2a: Jirachi|282/404 brn|[from] brn
|turn|42
|
|switch|p2a: Politoed|Politoed, F|295/384 frz
|-damage|p2a: Politoed|247/384 frz|[from] Stealth Rock
|move|p1a: Rotom-Wash|Hydro Pump|p2a: Politoed
|-resisted|p2a: Politoed
|-damage|p2a: Politoed|172/384 frz
|
|-weather|RainDance|[upkeep]
|-heal|p2a: Politoed|374/384 frz|[from] move: Wish|[wisher] Jirachi
|-heal|p2a: Politoed|384/384 frz|[from] item: Leftovers
|turn|43
|
|-curestatus|p2a: Politoed|frz
|move|p2a: Politoed|Scald|p1a: Rotom-Wash
|-resisted|p1a: Rotom-Wash
|-damage|p1a: Rotom-Wash|238/304 par
|move|p1a: Rotom-Wash|Volt Switch|p2a: Politoed
|-supereffective|p2a: Politoed
|-damage|p2a: Politoed|252/384
|
|switch|p1a: Infernape|Infernape, F, shiny|293/293
|
|-weather|RainDance|[upkeep]
|-heal|p2a: Politoed|276/384|[from] item: Leftovers
|turn|44
|
|move|p2a: Politoed|Protect|p2a: Politoed
|-singleturn|p2a: Politoed|Protect
|move|p1a: Infernape|Fake Out|p2a: Politoed
|-activate|p2a: Politoed|Protect
|
|-weather|RainDance|[upkeep]
|-heal|p2a: Politoed|300/384|[from] item: Leftovers
|turn|45
|
|switch|p1a: Rotom-Wash|Rotom-Wash, shiny|238/304 par
|move|p2a: Politoed|Scald|p1a: Rotom-Wash
|-resisted|p1a: Rotom-Wash
|-damage|p1a: Rotom-Wash|178/304 par
|
|-weather|RainDance|[upkeep]
|-heal|p2a: Politoed|324/384|[from] item: Leftovers
|-heal|p1a: Rotom-Wash|197/304 par|[from] item: Leftovers
|turn|46
|
|move|p2a: Politoed|Protect|p2a: Politoed
|-singleturn|p2a: Politoed|Protect
|move|p1a: Rotom-Wash|Pain Split|p2a: Politoed
|-activate|p2a: Politoed|Protect
|
|-weather|RainDance|[upkeep]
|-heal|p2a: Politoed|348/384|[from] item: Leftovers
|-heal|p1a: Rotom-Wash|216/304 par|[from] item: Leftovers
|turn|47
|
|switch|p2a: Dragonite|Dragonite, F|161/386 brn
|-damage|p2a: Dragonite|65/386 brn|[from] Stealth Rock
|move|p1a: Rotom-Wash|Volt Switch|p2a: Dragonite
|-damage|p2a: Dragonite|0 fnt
|faint|p2a: Dragonite
|
|switch|p1a: Jirachi|Jirachi, shiny|404/404
|
|-weather|RainDance|[upkeep]
|
|switch|p2a: Politoed|Politoed, F|348/384
|-damage|p2a: Politoed|300/384|[from] Stealth Rock
|turn|48
|
|move|p1a: Jirachi|Body Slam|p2a: Politoed
|-damage|p2a: Politoed|211/384
|-status|p2a: Politoed|par
|move|p2a: Politoed|Scald|p1a: Jirachi
|-damage|p1a: Jirachi|305/404
|
|-weather|RainDance|[upkeep]
|-heal|p1a: Jirachi|330/404|[from] item: Leftovers
|-heal|p2a: Politoed|235/384 par|[from] item: Leftovers
|turn|49
|
|move|p1a: Jirachi|U-turn|p2a: Politoed
|-damage|p2a: Politoed|161/384 par
|
|switch|p1a: Rotom-Wash|Rotom-Wash, shiny|216/304 par
|move|p2a: Politoed|Scald|p1a: Rotom-Wash
|-resisted|p1a: Rotom-Wash
|-damage|p1a: Rotom-Wash|150/304 par
|
|-weather|RainDance|[upkeep]
|-heal|p1a: Rotom-Wash|169/304 par|[from] item: Leftovers
|-heal|p2a: Politoed|185/384 par|[from] item: Leftovers
|turn|50
|chat|Darkshowl|so, you also you Jirahaxx
|
|move|p2a: Politoed|Protect|p2a: Politoed
|-singleturn|p2a: Politoed|Protect
|move|p1a: Rotom-Wash|Volt Switch|p2a: Politoed
|-activate|p2a: Politoed|Protect
|
|-weather|RainDance|[upkeep]
|-heal|p1a: Rotom-Wash|188/304 par|[from] item: Leftovers
|-heal|p2a: Politoed|209/384 par|[from] item: Leftovers
|turn|51
|chat|Darkshowl|also use*
|
|move|p1a: Rotom-Wash|Hydro Pump|p2a: Politoed
|-resisted|p2a: Politoed
|-damage|p2a: Politoed|123/384 par
|cant|p2a: Politoed|par
|
|-weather|RainDance|[upkeep]
|-heal|p1a: Rotom-Wash|207/304 par|[from] item: Leftovers
|-heal|p2a: Politoed|147/384 par|[from] item: Leftovers
|turn|52
|
|cant|p2a: Politoed|par
|move|p1a: Rotom-Wash|Volt Switch|p2a: Politoed
|-crit|p2a: Politoed
|-supereffective|p2a: Politoed
|-damage|p2a: Politoed|0 fnt
|faint|p2a: Politoed
|chat|Darkshowl|so luck for you
|
|switch|p1a: Gliscor|Gliscor, F|354/354
|
|-weather|RainDance|[upkeep]
|
|switch|p2a: Jirachi|Jirachi|282/404 brn
|-damage|p2a: Jirachi|257/404 brn|[from] Stealth Rock
|turn|53
|chat|Darkshowl|freeze, critical and many others
|chat|LordCheese|hax gg
|
|move|p2a: Jirachi|Wish|p2a: Jirachi
|move|p1a: Gliscor|Earthquake|p2a: Jirachi
|-supereffective|p2a: Jirachi
|-damage|p2a: Jirachi|0 fnt
|faint|p2a: Jirachi
|
|win|LordCheese
|raw|Ladder updating...
|raw|LordCheese's rating: 1289 &rarr; <strong>1317</strong><br />(+28 for winning)
|raw|Darkshowl's rating: 1336 &rarr; <strong>1313</strong><br />(-23 for losing)
|leave|Darkshowl
|player|p2