|j|☆Croaset
|j|‽grantpokemon
|t:|1731693623
|gametype|singles
|player|p1|Croaset|elesa|1401
|player|p2|grantpokemon|102|1339
|teamsize|p1|6
|teamsize|p2|6
|gen|5
|tier|[Gen 5] OU
|rated|
|rule|Species Clause: Limit one of each Pokémon
|rule|OHKO Clause: OHKO moves are banned
|rule|Moody Clause: Moody is banned
|rule|Evasion Items Clause: Evasion items are banned
|rule|Evasion Moves Clause: Evasion moves are banned
|rule|Endless Battle Clause: Forcing endless battles is banned
|rule|HP Percentage Mod: HP is shown in percentages
|rule|Evasion Abilities Clause: Evasion abilities are banned
|rule|Sleep Moves Clause: Sleep-inducing moves are banned
|rule|Swagger Clause: Swagger is banned
|rule|Baton Pass Stat Clause: No Baton Passer may have a way to boost its stats
|clearpoke
|poke|p1|Reuniclus, F|item
|poke|p1|Skarmory, M|item
|poke|p1|Latios, M|item
|poke|p1|Tyranitar, F|item
|poke|p1|Amoonguss, F|item
|poke|p1|Latias, F|item
|poke|p2|Bronzong|item
|poke|p2|Azumarill, F|item
|poke|p2|Latios, M|item
|poke|p2|Reuniclus, F|item
|poke|p2|Ursaring, F|item
|poke|p2|Infernape, M|item
|teampreview
|inactive|Battle timer is ON: inactive players will automatically lose when time's up. (requested by Croaset)
|
|t:|1731693644
|start
|switch|p1a: Skarmory|Skarmory, M|100/100
|switch|p2a: Infernape|Infernape, M|100/100
|turn|1
|
|t:|1731693654
|switch|p1a: Latias|Latias, F|100/100
|move|p2a: Infernape|Overheat|p1a: Latias
|-resisted|p1a: Latias
|-damage|p1a: Latias|75/100
|-unboost|p2a: Infernape|spa|2
|-damage|p2a: Infernape|91/100|[from] item: Life Orb
|
|upkeep
|turn|2
|
|t:|1731693664
|switch|p2a: Bronzong|Bronzong|100/100
|move|p1a: Latias|Thunder Wave|p2a: Bronzong
|-status|p2a: Bronzong|par
|
|upkeep
|turn|3
|
|t:|1731693670
|switch|p1a: Skarmory|Skarmory, M|100/100
|move|p2a: Bronzong|Trick Room|p2a: Bronzong
|-fieldstart|move: Trick Room|[of] p2a: Bronzong
|
|upkeep
|turn|4
|
|t:|1731693678
|switch|p2a: Ursaring|Ursaring, F|100/100
|move|p1a: Skarmory|Stealth Rock|p2a: Ursaring
|-sidestart|p2: grantpokemon|move: Stealth Rock
|
|-status|p2a: Ursaring|tox|[from] item: Toxic Orb
|upkeep
|turn|5
|
|t:|1731693685
|move|p2a: Ursaring|Close Combat|p1a: Skarmory
|-damage|p1a: Skarmory|59/100
|-unboost|p2a: Ursaring|def|1
|-unboost|p2a: Ursaring|spd|1
|move|p1a: Skarmory|Whirlwind|p2a: Ursaring
|drag|p2a: Infernape|Infernape, M|91/100
|-damage|p2a: Infernape|78/100|[from] Stealth Rock
|
|-heal|p1a: Skarmory|65/100|[from] item: Leftovers
|upkeep
|turn|6
|
|t:|1731693701
|switch|p1a: Latias|Latias, F|75/100
|move|p2a: Infernape|Overheat|p1a: Latias
|-resisted|p1a: Latias
|-damage|p1a: Latias|49/100
|-unboost|p2a: Infernape|spa|2
|-damage|p2a: Infernape|68/100|[from] item: Life Orb
|
|upkeep
|turn|7
|
|t:|1731693709
|move|p2a: Infernape|U-turn|p1a: Latias
|-supereffective|p1a: Latias
|-damage|p1a: Latias|0 fnt
|faint|p1a: Latias
|-damage|p2a: Infernape|59/100|[from] item: Life Orb
|
|t:|1731693722
|switch|p2a: Reuniclus|Reuniclus, F|100/100|[from] U-turn
|
|-fieldend|move: Trick Room
|upkeep
|
|t:|1731693725
|switch|p1a: Tyranitar|Tyranitar, F|100/100
|-weather|Sandstorm|[from] ability: Sand Stream|[of] p1a: Tyranitar
|turn|8
|
|t:|1731693729
|move|p1a: Tyranitar|Crunch|p2a: Reuniclus
|-supereffective|p2a: Reuniclus
|-damage|p2a: Reuniclus|31/100
|-unboost|p2a: Reuniclus|def|1
|move|p2a: Reuniclus|Trick Room|p2a: Reuniclus
|-fieldstart|move: Trick Room|[of] p2a: Reuniclus
|
|-weather|Sandstorm|[upkeep]
|upkeep
|turn|9
|
|t:|1731693753
|switch|p2a: Azumarill|Azumarill, F|100/100
|-damage|p2a: Azumarill|88/100|[from] Stealth Rock
|move|p1a: Tyranitar|Crunch|p2a: Azumarill
|-damage|p2a: Azumarill|54/100
|
|-weather|Sandstorm|[upkeep]
|-damage|p2a: Azumarill|48/100|[from] Sandstorm
|upkeep
|turn|10
|
|t:|1731693761
|switch|p1a: Amoonguss|Amoonguss, F|100/100
|move|p2a: Azumarill|Waterfall|p1a: Amoonguss
|-resisted|p1a: Amoonguss
|-damage|p1a: Amoonguss|72/100
|
|-weather|Sandstorm|[upkeep]
|-damage|p1a: Amoonguss|66/100|[from] Sandstorm
|-damage|p2a: Azumarill|42/100|[from] Sandstorm
|-heal|p1a: Amoonguss|72/100|[from] item: Black Sludge
|upkeep
|turn|11
|
|t:|1731693777
|switch|p2a: Reuniclus|Reuniclus, F|31/100
|move|p1a: Amoonguss|Giga Drain|p2a: Reuniclus
|-damage|p2a: Reuniclus|10/100
|-heal|p1a: Amoonguss|82/100|[from] drain|[of] p2a: Reuniclus
|
|-weather|Sandstorm|[upkeep]
|-damage|p1a: Amoonguss|76/100|[from] Sandstorm
|-heal|p1a: Amoonguss|82/100|[from] item: Black Sludge
|upkeep
|turn|12
|
|t:|1731693787
|switch|p1a: Tyranitar|Tyranitar, F|100/100
|move|p2a: Reuniclus|Hidden Power|p1a: Tyranitar
|-resisted|p1a: Tyranitar
|-damage|p1a: Tyranitar|93/100
|
|-weather|Sandstorm|[upkeep]
|-fieldend|move: Trick Room
|upkeep
|turn|13
|
|t:|1731693794
|move|p1a: Tyranitar|Crunch|p2a: Reuniclus
|-supereffective|p2a: Reuniclus
|-damage|p2a: Reuniclus|0 fnt
|faint|p2a: Reuniclus
|
|-weather|Sandstorm|[upkeep]
|upkeep
|
|t:|1731693816
|switch|p2a: Ursaring|Ursaring, F|100/100 tox
|-damage|p2a: Ursaring|88/100 tox|[from] Stealth Rock
|turn|14
|inactive|grantpokemon has 120 seconds left.
|
|t:|1731693832
|switch|p1a: Amoonguss|Amoonguss, F|100/100
|move|p2a: Ursaring|Facade|p1a: Amoonguss
|-crit|p1a: Amoonguss
|-damage|p1a: Amoonguss|0 fnt
|faint|p1a: Amoonguss
|
|-weather|Sandstorm|[upkeep]
|-damage|p2a: Ursaring|82/100 tox|[from] Sandstorm
|-damage|p2a: Ursaring|76/100 tox|[from] psn
|upkeep
|
|t:|1731693842
|switch|p1a: Latios|Latios, M|100/100
|turn|15
|
|t:|1731693845
|switch|p2a: Bronzong|Bronzong|100/100 par
|-damage|p2a: Bronzong|95/100 par|[from] Stealth Rock
|move|p1a: Latios|Draco Meteor|p2a: Bronzong
|-resisted|p2a: Bronzong
|-damage|p2a: Bronzong|61/100 par
|-unboost|p1a: Latios|spa|2
|
|-weather|Sandstorm|[upkeep]
|-damage|p1a: Latios|95/100|[from] Sandstorm
|upkeep
|turn|16
|
|t:|1731693856
|switch|p1a: Skarmory|Skarmory, M|65/100
|cant|p2a: Bronzong|par
|
|-weather|Sandstorm|[upkeep]
|-heal|p1a: Skarmory|71/100|[from] item: Leftovers
|upkeep
|turn|17
|
|t:|1731693861
|move|p1a: Skarmory|Spikes|p2a: Bronzong
|-sidestart|p2: grantpokemon|Spikes
|cant|p2a: Bronzong|par
|
|-weather|Sandstorm|[upkeep]
|-heal|p1a: Skarmory|77/100|[from] item: Leftovers
|upkeep
|turn|18
|
|t:|1731693867
|move|p1a: Skarmory|Spikes|p2a: Bronzong
|-sidestart|p2: grantpokemon|Spikes
|cant|p2a: Bronzong|par
|
|-weather|Sandstorm|[upkeep]
|-heal|p1a: Skarmory|83/100|[from] item: Leftovers
|upkeep
|turn|19
|
|t:|1731693872
|move|p1a: Skarmory|Spikes|p2a: Bronzong
|-sidestart|p2: grantpokemon|Spikes
|cant|p2a: Bronzong|par
|
|-weather|Sandstorm|[upkeep]
|-heal|p1a: Skarmory|89/100|[from] item: Leftovers
|upkeep
|turn|20
|
|t:|1731693879
|move|p1a: Skarmory|Whirlwind|p2a: Bronzong
|drag|p2a: Latios|Latios, M|100/100
|-damage|p2a: Latios|88/100|[from] Stealth Rock
|
|-weather|Sandstorm|[upkeep]
|-damage|p2a: Latios|82/100|[from] Sandstorm
|-heal|p1a: Skarmory|95/100|[from] item: Leftovers
|upkeep
|turn|21
|
|t:|1731693890
|switch|p1a: Tyranitar|Tyranitar, F|93/100
|move|p2a: Latios|Hidden Power|p1a: Tyranitar
|-supereffective|p1a: Tyranitar
|-enditem|p1a: Tyranitar|Chople Berry|[eat]
|-enditem|p1a: Tyranitar|Chople Berry|[weaken]
|-damage|p1a: Tyranitar|72/100
|
|-weather|Sandstorm|[upkeep]
|-damage|p2a: Latios|76/100|[from] Sandstorm
|upkeep
|turn|22
|
|t:|1731693898
|move|p2a: Latios|Hidden Power|p1a: Tyranitar
|-supereffective|p1a: Tyranitar
|-damage|p1a: Tyranitar|31/100
|move|p1a: Tyranitar|Crunch|p2a: Latios
|-supereffective|p2a: Latios
|-damage|p2a: Latios|0 fnt
|faint|p2a: Latios
|
|-weather|Sandstorm|[upkeep]
|upkeep
|
|t:|1731693907
|switch|p2a: Bronzong|Bronzong|61/100 par
|-damage|p2a: Bronzong|55/100 par|[from] Stealth Rock
|turn|23
|
|t:|1731693912
|move|p1a: Tyranitar|Crunch|p2a: Bronzong
|-damage|p2a: Bronzong|23/100 par
|move|p2a: Bronzong|Trick Room|p2a: Bronzong
|-fieldstart|move: Trick Room|[of] p2a: Bronzong
|
|-weather|Sandstorm|[upkeep]
|upkeep
|turn|24
|
|t:|1731693917
|move|p2a: Bronzong|Gyro Ball|p1a: Tyranitar
|-supereffective|p1a: Tyranitar
|-damage|p1a: Tyranitar|0 fnt
|faint|p1a: Tyranitar
|
|-weather|Sandstorm|[upkeep]
|upkeep
|
|t:|1731693920
|switch|p1a: Skarmory|Skarmory, M|95/100
|turn|25
|
|t:|1731693925
|cant|p2a: Bronzong|par
|move|p1a: Skarmory|Whirlwind|p2a: Bronzong
|drag|p2a: Azumarill|Azumarill, F|42/100
|-damage|p2a: Azumarill|30/100|[from] Stealth Rock
|-damage|p2a: Azumarill|5/100|[from] Spikes
|
|-weather|Sandstorm|[upkeep]
|-damage|p2a: Azumarill|0 fnt|[from] Sandstorm
|faint|p2a: Azumarill
|-heal|p1a: Skarmory|100/100|[from] item: Leftovers
|upkeep
|
|t:|1731693937
|switch|p2a: Ursaring|Ursaring, F|76/100 tox
|-damage|p2a: Ursaring|64/100 tox|[from] Stealth Rock
|-damage|p2a: Ursaring|39/100 tox|[from] Spikes
|turn|26
|
|t:|1731693943
|move|p2a: Ursaring|Close Combat|p1a: Skarmory
|-damage|p1a: Skarmory|62/100
|-unboost|p2a: Ursaring|def|1
|-unboost|p2a: Ursaring|spd|1
|move|p1a: Skarmory|Roost|p1a: Skarmory
|-heal|p1a: Skarmory|100/100
|-singleturn|p1a: Skarmory|move: Roost
|
|-weather|Sandstorm|[upkeep]
|-damage|p2a: Ursaring|33/100 tox|[from] Sandstorm
|-damage|p2a: Ursaring|27/100 tox|[from] psn
|upkeep
|turn|27
|
|t:|1731693954
|move|p2a: Ursaring|Close Combat|p1a: Skarmory
|-crit|p1a: Skarmory
|-damage|p1a: Skarmory|16/100
|-unboost|p2a: Ursaring|def|1
|-unboost|p2a: Ursaring|spd|1
|move|p1a: Skarmory|Whirlwind|p2a: Ursaring
|drag|p2a: Infernape|Infernape, M|59/100
|-damage|p2a: Infernape|46/100|[from] Stealth Rock
|-damage|p2a: Infernape|21/100|[from] Spikes
|
|-weather|Sandstorm|[upkeep]
|-damage|p2a: Infernape|15/100|[from] Sandstorm
|-heal|p1a: Skarmory|22/100|[from] item: Leftovers
|-fieldend|move: Trick Room
|upkeep
|turn|28
|
|t:|1731693969
|move|p2a: Infernape|Overheat|p1a: Skarmory
|-supereffective|p1a: Skarmory
|-damage|p1a: Skarmory|0 fnt
|-unboost|p2a: Infernape|spa|2
|faint|p1a: Skarmory
|-damage|p2a: Infernape|5/100|[from] item: Life Orb
|
|-weather|Sandstorm|[upkeep]
|-damage|p2a: Infernape|0 fnt|[from] Sandstorm
|faint|p2a: Infernape
|upkeep
|
|t:|1731693980
|switch|p2a: Bronzong|Bronzong|23/100 par
|switch|p1a: Latios|Latios, M|95/100
|-damage|p2a: Bronzong|17/100 par|[from] Stealth Rock
|turn|29
|
|t:|1731693986
|move|p1a: Latios|Surf|p2a: Bronzong
|-damage|p2a: Bronzong|0 fnt
|faint|p2a: Bronzong
|
|-weather|Sandstorm|[upkeep]
|-damage|p1a: Latios|89/100|[from] Sandstorm
|upkeep
|
|t:|1731693991
|switch|p2a: Ursaring|Ursaring, F|27/100 tox
|-damage|p2a: Ursaring|14/100 tox|[from] Stealth Rock
|-damage|p2a: Ursaring|0 fnt|[from] Spikes
|faint|p2a: Ursaring
|
|win|Croaset
|raw|Croaset's rating: 1401 &rarr; <strong>1417</strong><br />(+16 for winning)
|raw|grantpokemon's rating: 1339 &rarr; <strong>1323</strong><br />(-16 for losing)
