|j|☆epiccure7
|j|☆refsunpersons()
|player|p1|epiccure7|169
|player|p2|refsunpersons()|bruno-gen3
|teamsize|p1|6
|teamsize|p2|6
|gametype|singles
|gen|5
|tier|[Gen 5] OU
|rated|
|rule|Sleep Clause Mod: Limit one foe put to sleep
|rule|Species Clause: Limit one of each Pokémon
|rule|OHKO Clause: OHKO moves are banned
|rule|Moody Clause: Moody is banned
|rule|Evasion Moves Clause: Evasion moves are banned
|rule|Endless Battle Clause: Forcing endless battles is banned
|rule|HP Percentage Mod: HP is shown in percentages
|rule|Evasion Abilities Clause: Evasion abilities are banned
|rule|Baton Pass Clause: Limit one Baton Passer, can't pass Spe and other stats simultaneously
|rule|Swagger Clause: Swagger is banned
|clearpoke
|poke|p1|Scizor, F|item
|poke|p1|Politoed, M|item
|poke|p1|Jirachi|item
|poke|p1|Keldeo|item
|poke|p1|Latios, M|item
|poke|p1|Forretress, M|item
|poke|p2|Gliscor, M|item
|poke|p2|Tyranitar, M|item
|poke|p2|Amoonguss, F|item
|poke|p2|Excadrill, M|item
|poke|p2|Zapdos|item
|poke|p2|Milotic, M|item
|teampreview
|inactive|Battle timer is ON: inactive players will automatically lose when time's up. (requested by epiccure7)
|c|☆refsunpersons()|gl hf
|
|start
|switch|p1a: Politoed|Politoed, M|100/100
|switch|p2a: Gliscor|Gliscor, M|100/100
|-weather|RainDance|[from] ability: Drizzle|[of] p1a: Politoed
|turn|1
|
|move|p2a: Gliscor|Protect|p2a: Gliscor
|-singleturn|p2a: Gliscor|Protect
|move|p1a: Politoed|Hydro Pump|p2a: Gliscor
|-activate|p2a: Gliscor|move: Protect
|
|-weather|RainDance|[upkeep]
|-status|p2a: Gliscor|tox|[from] item: Toxic Orb
|upkeep
|turn|2
|
|switch|p2a: Amoonguss|Amoonguss, F|100/100
|move|p1a: Politoed|Hydro Pump|p2a: Amoonguss
|-resisted|p2a: Amoonguss
|-damage|p2a: Amoonguss|60/100
|
|-weather|RainDance|[upkeep]
|-heal|p2a: Amoonguss|67/100|[from] item: Black Sludge
|upkeep
|turn|3
|
|move|p1a: Politoed|Hydro Pump|p2a: Amoonguss
|-resisted|p2a: Amoonguss
|-damage|p2a: Amoonguss|23/100
|move|p2a: Amoonguss|Stun Spore|p1a: Politoed
|-status|p1a: Politoed|par
|
|-weather|RainDance|[upkeep]
|-heal|p2a: Amoonguss|29/100|[from] item: Black Sludge
|upkeep
|turn|4
|
|switch|p1a: Latios|Latios, M|100/100
|move|p2a: Amoonguss|Giga Drain|p1a: Latios
|-resisted|p1a: Latios
|-damage|p1a: Latios|89/100
|-heal|p2a: Amoonguss|33/100|[from] drain|[of] p1a: Latios
|
|-weather|RainDance|[upkeep]
|-heal|p2a: Amoonguss|40/100|[from] item: Black Sludge
|upkeep
|turn|5
|
|switch|p2a: Tyranitar|Tyranitar, M|100/100
|-weather|Sandstorm|[from] ability: Sand Stream|[of] p2a: Tyranitar
|move|p1a: Latios|Draco Meteor|p2a: Tyranitar
|-damage|p2a: Tyranitar|51/100
|-unboost|p1a: Latios|spa|2
|
|-weather|Sandstorm|[upkeep]
|-damage|p1a: Latios|83/100|[from] Sandstorm
|upkeep
|turn|6
|
|move|p1a: Latios|Draco Meteor|p2a: Tyranitar
|-damage|p2a: Tyranitar|26/100
|-unboost|p1a: Latios|spa|2
|move|p2a: Tyranitar|Pursuit|p1a: Latios
|-supereffective|p1a: Latios
|-damage|p1a: Latios|34/100
|
|-weather|Sandstorm|[upkeep]
|-damage|p1a: Latios|28/100|[from] Sandstorm
|upkeep
|turn|7
|inactive|refsunpersons() has 120 seconds left.
|
|move|p1a: Latios|Draco Meteor|p2a: Tyranitar
|-damage|p2a: Tyranitar|7/100
|-unboost|p1a: Latios|spa|2
|move|p2a: Tyranitar|Pursuit|p1a: Latios
|-supereffective|p1a: Latios
|-damage|p1a: Latios|0 fnt
|faint|p1a: Latios
|
|-weather|Sandstorm|[upkeep]
|upkeep
|inactive|epiccure7 has 120 seconds left.
|
|switch|p1a: Forretress|Forretress, M|100/100
|turn|8
|inactive|refsunpersons() has 120 seconds left.
|
|switch|p2a: Excadrill|Excadrill, M|100/100
|move|p1a: Forretress|Stealth Rock|p2a: Excadrill
|-sidestart|p2: refsunpersons()|move: Stealth Rock
|
|-weather|Sandstorm|[upkeep]
|upkeep
|turn|9
|
|switch|p1a: Politoed|Politoed, M|100/100 par
|-weather|RainDance|[from] ability: Drizzle|[of] p1a: Politoed
|move|p2a: Excadrill|Rapid Spin|p1a: Politoed
|-crit|p1a: Politoed
|-damage|p1a: Politoed|82/100 par
|-sideend|p2: refsunpersons()|Stealth Rock|[from] move: Rapid Spin|[of] p2a: Excadrill
|
|-weather|RainDance|[upkeep]
|upkeep
|turn|10
|
|switch|p1a: Forretress|Forretress, M|100/100
|move|p2a: Excadrill|Protect||[still]
|-fail|p2a: Excadrill
|
|-weather|RainDance|[upkeep]
|upkeep
|turn|11
|inactive|epiccure7 has 120 seconds left.
|
|switch|p1a: Scizor|Scizor, F|100/100
|move|p2a: Excadrill|Earthquake|p1a: Scizor
|-damage|p1a: Scizor|31/100
|
|-weather|RainDance|[upkeep]
|upkeep
|turn|12
|
|switch|p2a: Zapdos|Zapdos|100/100
|-ability|p2a: Zapdos|Pressure
|move|p1a: Scizor|Superpower|p2a: Zapdos
|-resisted|p2a: Zapdos
|-damage|p2a: Zapdos|76/100
|-unboost|p1a: Scizor|atk|1
|-unboost|p1a: Scizor|def|1
|
|-weather|RainDance|[upkeep]
|-heal|p2a: Zapdos|82/100|[from] item: Leftovers
|upkeep
|turn|13
|
|switch|p1a: Politoed|Politoed, M|82/100 par
|move|p2a: Zapdos|Thunderbolt|p1a: Politoed
|-supereffective|p1a: Politoed
|-damage|p1a: Politoed|0 fnt
|faint|p1a: Politoed
|
|-weather|RainDance|[upkeep]
|-heal|p2a: Zapdos|88/100|[from] item: Leftovers
|upkeep
|
|switch|p1a: Jirachi|Jirachi|100/100
|turn|14
|
|switch|p2a: Excadrill|Excadrill, M|100/100
|move|p1a: Jirachi|Calm Mind|p1a: Jirachi
|-boost|p1a: Jirachi|spa|1
|-boost|p1a: Jirachi|spd|1
|
|-weather|RainDance|[upkeep]
|upkeep
|turn|15
|
|move|p1a: Jirachi|Flash Cannon|p2a: Excadrill
|-resisted|p2a: Excadrill
|-crit|p2a: Excadrill
|-damage|p2a: Excadrill|46/100
|move|p2a: Excadrill|Earthquake|p1a: Jirachi
|-supereffective|p1a: Jirachi
|-damage|p1a: Jirachi|17/100
|
|-weather|RainDance|[upkeep]
|-heal|p1a: Jirachi|23/100|[from] item: Leftovers
|-heal|p2a: Excadrill|52/100|[from] item: Leftovers
|upkeep
|turn|16
|
|move|p2a: Excadrill|Protect|p2a: Excadrill
|-singleturn|p2a: Excadrill|Protect
|move|p1a: Jirachi|Flash Cannon|p2a: Excadrill
|-activate|p2a: Excadrill|move: Protect
|
|-weather|RainDance|[upkeep]
|-heal|p1a: Jirachi|29/100|[from] item: Leftovers
|-heal|p2a: Excadrill|58/100|[from] item: Leftovers
|upkeep
|turn|17
|
|switch|p1a: Scizor|Scizor, F|31/100
|move|p2a: Excadrill|Earthquake|p1a: Scizor
|-damage|p1a: Scizor|0 fnt
|faint|p1a: Scizor
|
|-weather|RainDance|[upkeep]
|-heal|p2a: Excadrill|64/100|[from] item: Leftovers
|upkeep
|
|switch|p1a: Keldeo|Keldeo|100/100
|turn|18
|
|switch|p2a: Amoonguss|Amoonguss, F|73/100
|move|p1a: Keldeo|Hydro Pump|p2a: Amoonguss
|-resisted|p2a: Amoonguss
|-damage|p2a: Amoonguss|44/100
|
|-weather|RainDance|[upkeep]
|-heal|p2a: Amoonguss|50/100|[from] item: Black Sludge
|upkeep
|turn|19
|
|switch|p1a: Jirachi|Jirachi|29/100
|move|p2a: Amoonguss|Spore|p1a: Jirachi
|-status|p1a: Jirachi|slp
|
|-weather|RainDance|[upkeep]
|-heal|p1a: Jirachi|35/100 slp|[from] item: Leftovers
|-heal|p2a: Amoonguss|56/100|[from] item: Black Sludge
|upkeep
|turn|20
|
|switch|p1a: Keldeo|Keldeo|100/100
|switch|p2a: Tyranitar|Tyranitar, M|7/100
|-weather|Sandstorm|[from] ability: Sand Stream|[of] p2a: Tyranitar
|
|-weather|Sandstorm|[upkeep]
|-damage|p1a: Keldeo|94/100|[from] Sandstorm
|upkeep
|turn|21
|
|switch|p2a: Amoonguss|Amoonguss, F|89/100
|move|p1a: Keldeo|Hidden Power|p2a: Amoonguss
|-supereffective|p2a: Amoonguss
|-damage|p2a: Amoonguss|58/100
|
|-weather|Sandstorm|[upkeep]
|-damage|p1a: Keldeo|88/100|[from] Sandstorm
|-damage|p2a: Amoonguss|52/100|[from] Sandstorm
|-heal|p2a: Amoonguss|58/100|[from] item: Black Sludge
|upkeep
|turn|22
|
|switch|p2a: Milotic|Milotic, M|100/100
|move|p1a: Keldeo|Hidden Power|p2a: Milotic
|-resisted|p2a: Milotic
|-crit|p2a: Milotic
|-damage|p2a: Milotic|82/100
|
|-weather|Sandstorm|[upkeep]
|-damage|p1a: Keldeo|82/100|[from] Sandstorm
|-damage|p2a: Milotic|76/100|[from] Sandstorm
|-heal|p2a: Milotic|82/100|[from] item: Leftovers
|upkeep
|turn|23
|-message|epiccure7 forfeited.
|
|win|refsunpersons()
|l|☆epiccure7
|raw|epiccure7's rating: 1332 &rarr; <strong>1320</strong><br />(-12 for losing)
|raw|refsunpersons()'s rating: 1463 &rarr; <strong>1476</strong><br />(+13 for winning)
