|j|‽frogfacts
|j|☆SattleBimulator
|t:|1747150663
|gametype|singles
|player|p1|frogfacts|ninjaboy|1375
|player|p2|SattleBimulator|169|1315
|teamsize|p1|6
|teamsize|p2|6
|gen|5
|tier|[Gen 5] OU
|rated|
|rule|Species Clause: Limit one of each Pokémon
|rule|OHKO Clause: OHKO moves are banned
|rule|Moody Clause: Moody is banned
|rule|Evasion Items Clause: Evasion items are banned
|rule|Evasion Moves Clause: Evasion moves are banned
|rule|Endless Battle Clause: Forcing endless battles is banned
|rule|HP Percentage Mod: HP is shown in percentages
|rule|Evasion Abilities Clause: Evasion abilities are banned
|rule|Sleep Moves Clause: Sleep-inducing moves are banned
|rule|Swagger Clause: Swagger is banned
|rule|Baton Pass Stat Clause: No Baton Passer may have a way to boost its stats
|clearpoke
|poke|p1|Tyranitar, F|item
|poke|p1|Garchomp, M|item
|poke|p1|Jellicent, F|item
|poke|p1|Skarmory, F|item
|poke|p1|Scizor, M|item
|poke|p1|Jirachi|item
|poke|p2|Excadrill, M|item
|poke|p2|Garchomp, M|item
|poke|p2|Tyranitar, F|item
|poke|p2|Scizor, M|item
|poke|p2|Skarmory, M|item
|poke|p2|Gengar, M|item
|teampreview
|inactive|Battle timer is ON: inactive players will automatically lose when time's up. (requested by SattleBimulator)
|inactive|frogfacts also wants the timer to be on.
|j| tyrash
|inactive|SattleBimulator has 120 seconds left.
|
|t:|1747150717
|start
|switch|p1a: Skarmory|Skarmory, F|100/100
|switch|p2a: Skarmory|Skarmory, M|100/100
|turn|1
|
|t:|1747150723
|move|p1a: Skarmory|Taunt|p2a: Skarmory
|-start|p2a: Skarmory|move: Taunt
|cant|p2a: Skarmory|move: Taunt|Stealth Rock
|
|upkeep
|turn|2
|
|t:|1747150726
|switch|p2a: Tyranitar|Tyranitar, F|100/100
|-weather|Sandstorm|[from] ability: Sand Stream|[of] p2a: Tyranitar
|move|p1a: Skarmory|Stealth Rock|p2a: Tyranitar
|-sidestart|p2: SattleBimulator|move: Stealth Rock
|
|-weather|Sandstorm|[upkeep]
|upkeep
|turn|3
|
|t:|1747150730
|move|p1a: Skarmory|Taunt|p2a: Tyranitar
|-start|p2a: Tyranitar|move: Taunt
|cant|p2a: Tyranitar|move: Taunt|Thunder Wave
|
|-weather|Sandstorm|[upkeep]
|upkeep
|turn|4
|
|t:|1747150733
|move|p1a: Skarmory|Spikes|p2a: Tyranitar
|-sidestart|p2: SattleBimulator|Spikes
|move|p2a: Tyranitar|Rock Slide|p1a: Skarmory
|-damage|p1a: Skarmory|60/100
|
|-weather|Sandstorm|[upkeep]
|upkeep
|turn|5
|
|t:|1747150735
|move|p1a: Skarmory|Spikes|p2a: Tyranitar
|-sidestart|p2: SattleBimulator|Spikes
|move|p2a: Tyranitar|Ice Beam|p1a: Skarmory
|-damage|p1a: Skarmory|24/100
|
|-weather|Sandstorm|[upkeep]
|-end|p2a: Tyranitar|move: Taunt
|upkeep
|turn|6
|-enditem|p1a: Skarmory|Custap Berry|[eat]
|-activate|p1a: Skarmory|item: Custap Berry|[consumed]
|
|t:|1747150739
|move|p1a: Skarmory|Spikes|p2a: Tyranitar
|-sidestart|p2: SattleBimulator|Spikes
|move|p2a: Tyranitar|Rock Slide|p1a: Skarmory
|-damage|p1a: Skarmory|0 fnt
|faint|p1a: Skarmory
|
|-weather|Sandstorm|[upkeep]
|upkeep
|
|t:|1747150742
|switch|p1a: Scizor|Scizor, M|100/100
|turn|7
|
|t:|1747150747
|move|p1a: Scizor|Superpower|p2a: Tyranitar
|-supereffective|p2a: Tyranitar
|-enditem|p2a: Tyranitar|Chople Berry|[eat]
|-enditem|p2a: Tyranitar|Chople Berry|[weaken]
|-damage|p2a: Tyranitar|2/100
|-unboost|p1a: Scizor|atk|1
|-unboost|p1a: Scizor|def|1
|-damage|p1a: Scizor|91/100|[from] item: Life Orb
|move|p2a: Tyranitar|Thunder Wave|p1a: Scizor
|-status|p1a: Scizor|par
|
|-weather|Sandstorm|[upkeep]
|upkeep
|turn|8
|
|t:|1747150753
|move|p2a: Tyranitar|Rock Slide|p1a: Scizor
|-damage|p1a: Scizor|9/100 par
|cant|p1a: Scizor|flinch
|
|-weather|Sandstorm|[upkeep]
|upkeep
|turn|9
|
|t:|1747150757
|switch|p2a: Skarmory|Skarmory, M|100/100
|-damage|p2a: Skarmory|88/100|[from] Stealth Rock
|cant|p1a: Scizor|par
|
|-weather|Sandstorm|[upkeep]
|upkeep
|turn|10
|
|t:|1747150764
|move|p2a: Skarmory|Stealth Rock|p1a: Scizor
|-sidestart|p1: frogfacts|move: Stealth Rock
|cant|p1a: Scizor|par
|
|-weather|Sandstorm|[upkeep]
|upkeep
|turn|11
|
|t:|1747150769
|move|p2a: Skarmory|Spikes|p1a: Scizor
|-sidestart|p1: frogfacts|Spikes
|move|p1a: Scizor|Superpower|p2a: Skarmory
|-damage|p2a: Skarmory|64/100
|-unboost|p1a: Scizor|atk|1
|-unboost|p1a: Scizor|def|1
|-damage|p1a: Scizor|0 fnt|[from] item: Rocky Helmet|[of] p2a: Skarmory
|faint|p1a: Scizor
|
|-weather|Sandstorm|[upkeep]
|upkeep
|
|t:|1747150772
|switch|p1a: Jirachi|Jirachi|100/100
|-damage|p1a: Jirachi|94/100|[from] Stealth Rock
|-damage|p1a: Jirachi|82/100|[from] Spikes
|turn|12
|
|t:|1747150775
|move|p1a: Jirachi|Fire Punch|p2a: Skarmory
|-supereffective|p2a: Skarmory
|-damage|p2a: Skarmory|42/100
|-damage|p1a: Jirachi|66/100|[from] item: Rocky Helmet|[of] p2a: Skarmory
|move|p2a: Skarmory|Whirlwind|p1a: Jirachi
|drag|p1a: Garchomp|Garchomp, M|100/100
|-damage|p1a: Garchomp|94/100|[from] Stealth Rock
|-damage|p1a: Garchomp|82/100|[from] Spikes
|
|-weather|Sandstorm|[upkeep]
|upkeep
|turn|13
|
|t:|1747150780
|move|p1a: Garchomp|Rock Slide|p2a: Skarmory
|-damage|p2a: Skarmory|26/100
|move|p2a: Skarmory|Whirlwind|p1a: Garchomp
|drag|p1a: Jirachi|Jirachi|66/100
|-damage|p1a: Jirachi|59/100|[from] Stealth Rock
|-damage|p1a: Jirachi|47/100|[from] Spikes
|
|-weather|Sandstorm|[upkeep]
|-heal|p1a: Jirachi|53/100|[from] item: Leftovers
|upkeep
|turn|14
|
|t:|1747150784
|move|p1a: Jirachi|Thunder|p2a: Skarmory|[miss]
|-miss|p1a: Jirachi|p2a: Skarmory
|move|p2a: Skarmory|Spikes|p1a: Jirachi
|-sidestart|p1: frogfacts|Spikes
|
|-weather|Sandstorm|[upkeep]
|-heal|p1a: Jirachi|59/100|[from] item: Leftovers
|upkeep
|turn|15
|
|t:|1747150786
|move|p1a: Jirachi|Thunder|p2a: Skarmory|[miss]
|-miss|p1a: Jirachi|p2a: Skarmory
|move|p2a: Skarmory|Spikes|p1a: Jirachi
|-sidestart|p1: frogfacts|Spikes
|
|-weather|Sandstorm|[upkeep]
|-heal|p1a: Jirachi|66/100|[from] item: Leftovers
|upkeep
|turn|16
|
|t:|1747150788
|move|p1a: Jirachi|Thunder|p2a: Skarmory|[miss]
|-miss|p1a: Jirachi|p2a: Skarmory
|move|p2a: Skarmory|Whirlwind|p1a: Jirachi
|drag|p1a: Garchomp|Garchomp, M|82/100
|-damage|p1a: Garchomp|76/100|[from] Stealth Rock
|-damage|p1a: Garchomp|51/100|[from] Spikes
|
|-weather|Sandstorm|[upkeep]
|upkeep
|turn|17
|
|t:|1747150807
|move|p1a: Garchomp|Rock Slide|p2a: Skarmory
|-damage|p2a: Skarmory|10/100
|move|p2a: Skarmory|Brave Bird|p1a: Garchomp
|-crit|p1a: Garchomp
|-damage|p1a: Garchomp|0 fnt
|-damage|p2a: Skarmory|0 fnt|[from] ability: Rough Skin|[of] p1a: Garchomp
|faint|p2a: Skarmory
|faint|p1a: Garchomp
|
|-weather|Sandstorm|[upkeep]
|upkeep
|c|☆SattleBimulator|this game aignt rockin w you pal
|c|☆SattleBimulator|my bad
|inactive|frogfacts has 120 seconds left.
|
|t:|1747150836
|switch|p1a: Jirachi|Jirachi|66/100
|switch|p2a: Excadrill|Excadrill, M|100/100
|-damage|p1a: Jirachi|59/100|[from] Stealth Rock
|-damage|p1a: Jirachi|35/100|[from] Spikes
|-damage|p2a: Excadrill|97/100|[from] Stealth Rock
|-ability|p2a: Excadrill|Mold Breaker
|-item|p2a: Excadrill|Air Balloon
|turn|18
|
|t:|1747150839
|switch|p1a: Jellicent|Jellicent, F|100/100
|-damage|p1a: Jellicent|88/100|[from] Stealth Rock
|-item|p1a: Jellicent|Air Balloon
|move|p2a: Excadrill|Earthquake|p1a: Jellicent
|-immune|p1a: Jellicent
|
|-weather|Sandstorm|[upkeep]
|-damage|p1a: Jellicent|82/100|[from] Sandstorm
|upkeep
|turn|19
|
|t:|1747150850
|switch|p2a: Tyranitar|Tyranitar, F|2/100
|-damage|p2a: Tyranitar|0 fnt|[from] Stealth Rock
|faint|p2a: Tyranitar
|move|p1a: Jellicent|Night Shade|p2: Tyranitar|[notarget]
|-fail|p1a: Jellicent
|
|-weather|Sandstorm|[upkeep]
|-damage|p1a: Jellicent|76/100|[from] Sandstorm
|upkeep
|
|t:|1747150857
|switch|p2a: Gengar|Gengar, M|100/100
|-damage|p2a: Gengar|88/100|[from] Stealth Rock
|turn|20
|
|t:|1747150862
|switch|p1a: Jirachi|Jirachi|35/100
|-damage|p1a: Jirachi|28/100|[from] Stealth Rock
|-damage|p1a: Jirachi|3/100|[from] Spikes
|move|p2a: Gengar|Shadow Ball|p1a: Jirachi
|-damage|p1a: Jirachi|0 fnt
|faint|p1a: Jirachi
|
|-weather|Sandstorm|[upkeep]
|-damage|p2a: Gengar|82/100|[from] Sandstorm
|upkeep
|
|t:|1747150864
|switch|p1a: Tyranitar|Tyranitar, F|100/100
|-damage|p1a: Tyranitar|88/100|[from] Stealth Rock
|-damage|p1a: Tyranitar|63/100|[from] Spikes
|turn|21
|
|t:|1747150868
|move|p2a: Gengar|Shadow Ball|p1a: Tyranitar
|-resisted|p1a: Tyranitar
|-damage|p1a: Tyranitar|49/100
|move|p1a: Tyranitar|Crunch|p2a: Gengar
|-supereffective|p2a: Gengar
|-damage|p2a: Gengar|0 fnt
|faint|p2a: Gengar
|
|-weather|Sandstorm|[upkeep]
|upkeep
|
|t:|1747150871
|switch|p2a: Scizor|Scizor, M|100/100
|-damage|p2a: Scizor|88/100|[from] Stealth Rock
|-damage|p2a: Scizor|63/100|[from] Spikes
|turn|22
|
|t:|1747150875
|move|p2a: Scizor|Bullet Punch|p1a: Tyranitar
|-supereffective|p1a: Tyranitar
|-damage|p1a: Tyranitar|0 fnt
|faint|p1a: Tyranitar
|-damage|p2a: Scizor|53/100|[from] item: Life Orb
|
|-weather|Sandstorm|[upkeep]
|upkeep
|
|t:|1747150877
|switch|p1a: Jellicent|Jellicent, F|76/100
|-damage|p1a: Jellicent|63/100|[from] Stealth Rock
|-item|p1a: Jellicent|Air Balloon
|turn|23
|
|t:|1747150879
|move|p1a: Jellicent|Will-O-Wisp|p2a: Scizor
|-status|p2a: Scizor|brn
|move|p2a: Scizor|Pursuit|p1a: Jellicent
|-supereffective|p1a: Jellicent
|-damage|p1a: Jellicent|35/100
|-enditem|p1a: Jellicent|Air Balloon
|-damage|p2a: Scizor|43/100 brn|[from] item: Life Orb
|
|-weather|Sandstorm|[upkeep]
|-damage|p1a: Jellicent|29/100|[from] Sandstorm
|-damage|p2a: Scizor|31/100 brn|[from] brn
|upkeep
|turn|24
|
|t:|1747150884
|move|p1a: Jellicent|Recover|p1a: Jellicent
|-heal|p1a: Jellicent|79/100
|move|p2a: Scizor|Swords Dance|p2a: Scizor
|-boost|p2a: Scizor|atk|2
|
|-weather|Sandstorm|[upkeep]
|-damage|p1a: Jellicent|73/100|[from] Sandstorm
|-damage|p2a: Scizor|18/100 brn|[from] brn
|upkeep
|turn|25
|
|t:|1747150888
|move|p2a: Scizor|Bullet Punch|p1a: Jellicent
|-resisted|p1a: Jellicent
|-damage|p1a: Jellicent|50/100
|-damage|p2a: Scizor|8/100 brn|[from] item: Life Orb
|move|p1a: Jellicent|Recover|p1a: Jellicent
|-heal|p1a: Jellicent|100/100
|
|-weather|Sandstorm|[upkeep]
|-damage|p1a: Jellicent|94/100|[from] Sandstorm
|-damage|p2a: Scizor|0 fnt|[from] brn
|faint|p2a: Scizor
|upkeep
|
|t:|1747150894
|switch|p2a: Garchomp|Garchomp, M|100/100
|-damage|p2a: Garchomp|94/100|[from] Stealth Rock
|-damage|p2a: Garchomp|69/100|[from] Spikes
|turn|26
|
|t:|1747150897
|move|p2a: Garchomp|Outrage|p1a: Jellicent
|-damage|p1a: Jellicent|37/100
|move|p1a: Jellicent|Will-O-Wisp|p2a: Garchomp
|-status|p2a: Garchomp|brn
|
|-weather|Sandstorm|[upkeep]
|-damage|p1a: Jellicent|31/100|[from] Sandstorm
|-damage|p2a: Garchomp|57/100 brn|[from] brn
|upkeep
|turn|27
|
|t:|1747150900
|move|p2a: Garchomp|Outrage|p1a: Jellicent|[from] lockedmove
|-damage|p1a: Jellicent|2/100
|-start|p2a: Garchomp|confusion|[fatigue]
|move|p1a: Jellicent|Recover|p1a: Jellicent
|-heal|p1a: Jellicent|52/100
|
|-weather|Sandstorm|[upkeep]
|-damage|p1a: Jellicent|45/100|[from] Sandstorm
|-damage|p2a: Garchomp|45/100 brn|[from] brn
|upkeep
|turn|28
|
|t:|1747150903
|-activate|p2a: Garchomp|confusion
|move|p2a: Garchomp|Outrage|p1a: Jellicent
|-damage|p1a: Jellicent|12/100
|move|p1a: Jellicent|Recover|p1a: Jellicent
|-heal|p1a: Jellicent|63/100
|
|-weather|Sandstorm|[upkeep]
|-damage|p1a: Jellicent|56/100|[from] Sandstorm
|-damage|p2a: Garchomp|32/100 brn|[from] brn
|upkeep
|turn|29
|
|t:|1747150907
|-end|p2a: Garchomp|confusion
|move|p2a: Garchomp|Outrage|p1a: Jellicent|[from] lockedmove
|-damage|p1a: Jellicent|24/100
|move|p1a: Jellicent|Recover|p1a: Jellicent
|-heal|p1a: Jellicent|74/100
|
|-weather|Sandstorm|[upkeep]
|-damage|p1a: Jellicent|68/100|[from] Sandstorm
|-damage|p2a: Garchomp|20/100 brn|[from] brn
|upkeep
|turn|30
|
|t:|1747150911
|move|p2a: Garchomp|Outrage|p1a: Jellicent|[from] lockedmove
|-damage|p1a: Jellicent|35/100
|-start|p2a: Garchomp|confusion|[fatigue]
|move|p1a: Jellicent|Recover|p1a: Jellicent
|-heal|p1a: Jellicent|85/100
|
|-weather|Sandstorm|[upkeep]
|-damage|p1a: Jellicent|79/100|[from] Sandstorm
|-damage|p2a: Garchomp|8/100 brn|[from] brn
|upkeep
|turn|31
|
|t:|1747150914
|-activate|p2a: Garchomp|confusion
|move|p2a: Garchomp|Outrage|p1a: Jellicent
|-damage|p1a: Jellicent|46/100
|move|p1a: Jellicent|Recover|p1a: Jellicent
|-heal|p1a: Jellicent|96/100
|
|-weather|Sandstorm|[upkeep]
|-damage|p1a: Jellicent|90/100|[from] Sandstorm
|-damage|p2a: Garchomp|0 fnt|[from] brn
|faint|p2a: Garchomp
|upkeep
|
|t:|1747150917
|switch|p2a: Excadrill|Excadrill, M|97/100
|-damage|p2a: Excadrill|94/100|[from] Stealth Rock
|-ability|p2a: Excadrill|Mold Breaker
|-item|p2a: Excadrill|Air Balloon
|turn|32
|
|t:|1747150919
|move|p2a: Excadrill|Earthquake|p1a: Jellicent
|-damage|p1a: Jellicent|40/100
|move|p1a: Jellicent|Will-O-Wisp|p2a: Excadrill
|-status|p2a: Excadrill|brn
|
|-weather|Sandstorm|[upkeep]
|-damage|p1a: Jellicent|34/100|[from] Sandstorm
|-damage|p2a: Excadrill|82/100 brn|[from] brn
|upkeep
|turn|33
|
|t:|1747150922
|move|p2a: Excadrill|Iron Head|p1a: Jellicent
|-resisted|p1a: Jellicent
|-damage|p1a: Jellicent|24/100
|cant|p1a: Jellicent|flinch
|
|-weather|Sandstorm|[upkeep]
|-damage|p1a: Jellicent|18/100|[from] Sandstorm
|-damage|p2a: Excadrill|69/100 brn|[from] brn
|upkeep
|turn|34
|
|t:|1747150925
|move|p2a: Excadrill|Earthquake|p1a: Jellicent
|-damage|p1a: Jellicent|0 fnt
|faint|p1a: Jellicent
|
|win|SattleBimulator
|raw|frogfacts's rating: 1375 &rarr; <strong>1352</strong><br />(-23 for losing)
|raw|SattleBimulator's rating: 1315 &rarr; <strong>1338</strong><br />(+23 for winning)
