|join|ashiemore
|join|BahaWin
|player|p1|ashiemore|277
|player|p2|BahaWin|286
|gametype|singles
|gen|5
|tier|[Gen 5] OU
|rated
|rule|Evasion Abilities Clause: Evasion abilities are banned
|clearpoke
|poke|p1|Ninetales, M
|poke|p1|Victini
|poke|p1|Darmanitan, M
|poke|p1|Donphan, F
|poke|p1|Infernape, M
|poke|p1|Kyurem-Black
|poke|p2|Skarmory, M
|poke|p2|Scizor, M
|poke|p2|Landorus-Therian, M
|poke|p2|Keldeo
|poke|p2|Latios, M
|poke|p2|Reuniclus, M
|rule|Sleep Clause Mod: Limit one foe put to sleep
|rule|Species Clause: Limit one of each Pokemon
|rule|OHKO Clause: OHKO moves are banned
|rule|Moody Clause: Moody is banned
|rule|Evasion Moves Clause: Evasion moves are banned
|rule|Endless Battle Clause: Forcing endless battles is banned.
|rule|HP Percentage Mod: HP is reported as percentages
|teampreview
|
|start
|switch|p1a: Kyurem-Black|Kyurem-Black|391/391
|switch|p2a: Landorus-Therian|Landorus-Therian, M|319/319
|-ability|p2a: Landorus-Therian|Intimidate|[of] p1a: Kyurem-Black
|-unboost|p1a: Kyurem-Black|atk|1
|-ability|p1a: Kyurem-Black|Teravolt
|turn|1
|
|switch|p2a: Skarmory|Skarmory, M|272/272
|move|p1a: Kyurem-Black|Ice Beam|p2a: Skarmory
|-damage|p2a: Skarmory|109/272
|-status|p2a: Skarmory|frz
|
|turn|2
|
|switch|p1a: Ninetales|Ninetales, M|287/287
|-weather|SunnyDay|[from] ability: Drought|[of] p1a: Ninetales
|cant|p2a: Skarmory|frz
|
|-weather|SunnyDay|[upkeep]
|turn|3
|
|switch|p1a: Donphan|Donphan, F|384/384
|cant|p2a: Skarmory|frz
|
|-weather|SunnyDay|[upkeep]
|turn|4
|
|cant|p2a: Skarmory|frz
|move|p1a: Donphan|Stone Edge|p2a: Skarmory
|-damage|p2a: Skarmory|0 fnt
|faint|p2a: Skarmory
|
|-weather|SunnyDay|[upkeep]
|
|switch|p2a: Reuniclus|Reuniclus, M|424/424
|turn|5
|
|switch|p1a: Ninetales|Ninetales, M|287/287
|move|p2a: Reuniclus|Trick Room|p2a: Reuniclus
|-fieldstart|move: Trick Room|[of] p2a: Reuniclus
|
|-weather|SunnyDay|[upkeep]
|turn|6
|
|move|p2a: Reuniclus|Psychic|p1a: Ninetales
|-damage|p1a: Ninetales|80/287
|move|p1a: Ninetales|Flare Blitz|p2a: Reuniclus
|-damage|p2a: Reuniclus|0 fnt
|-damage|p1a: Ninetales|0 fnt|[from] recoil|[of] p2a: Reuniclus
|faint|p2a: Reuniclus
|faint|p1a: Ninetales
|
|-weather|SunnyDay|[upkeep]
|
|switch|p2a: Keldeo|Keldeo|323/323
|switch|p1a: Darmanitan|Darmanitan, M|351/351
|turn|7
|
|move|p1a: Darmanitan|Flare Blitz|p2a: Keldeo
|-resisted|p2a: Keldeo
|-damage|p2a: Keldeo|0 fnt
|-damage|p1a: Darmanitan|244/351|[from] recoil|[of] p2a: Keldeo
|faint|p2a: Keldeo
|
|-weather|SunnyDay|[upkeep]
|
|switch|p2a: Scizor|Scizor, M|333/333
|turn|8
|
|switch|p1a: Donphan|Donphan, F|384/384
|move|p2a: Scizor|Superpower|p1a: Donphan
|-damage|p1a: Donphan|174/384
|-unboost|p2a: Scizor|atk|1
|-unboost|p2a: Scizor|def|1
|
|-weather|SunnyDay|[upkeep]
|turn|9
|
|switch|p2a: Landorus-Therian|Landorus-Therian, M|319/319
|-ability|p2a: Landorus-Therian|Intimidate|[of] p1a: Donphan
|-unboost|p1a: Donphan|atk|1
|move|p1a: Donphan|Ice Shard|p2a: Landorus-Therian
|-supereffective|p2a: Landorus-Therian
|-damage|p2a: Landorus-Therian|95/319
|
|-weather|SunnyDay|[upkeep]
|-fieldend|move: Trick Room
|turn|10
|
|switch|p2a: Scizor|Scizor, M|333/333
|switch|p1a: Victini|Victini|341/341
|
|-weather|SunnyDay|[upkeep]
|turn|11
|
|move|p2a: Scizor|Bullet Punch|p1a: Victini
|-resisted|p1a: Victini
|-damage|p1a: Victini|258/341
|move|p1a: Victini|V-create|p2a: Scizor
|-supereffective|p2a: Scizor
|-damage|p2a: Scizor|0 fnt
|-unboost|p1a: Victini|def|1
|-unboost|p1a: Victini|spd|1
|-unboost|p1a: Victini|spe|1
|faint|p2a: Scizor
|
|-weather|SunnyDay|[upkeep]
|
|switch|p2a: Landorus-Therian|Landorus-Therian, M|95/319
|-ability|p2a: Landorus-Therian|Intimidate|[of] p1a: Victini
|-unboost|p1a: Victini|atk|1
|turn|12
|
|switch|p1a: Darmanitan|Darmanitan, M|244/351
|move|p2a: Landorus-Therian|Earthquake|p1a: Darmanitan
|-supereffective|p1a: Darmanitan
|-damage|p1a: Darmanitan|0 fnt
|faint|p1a: Darmanitan
|
|-weather|SunnyDay|[upkeep]
|
|switch|p1a: Kyurem-Black|Kyurem-Black|391/391
|-ability|p1a: Kyurem-Black|Teravolt
|turn|13
|
|move|p2a: Landorus-Therian|Superpower|p1a: Kyurem-Black
|-supereffective|p1a: Kyurem-Black
|-damage|p1a: Kyurem-Black|81/391
|-unboost|p2a: Landorus-Therian|atk|1
|-unboost|p2a: Landorus-Therian|def|1
|move|p1a: Kyurem-Black|Dragon Claw|p2a: Landorus-Therian
|-damage|p2a: Landorus-Therian|0 fnt
|faint|p2a: Landorus-Therian
|
|-weather|SunnyDay|[upkeep]
|
|switch|p2a: Latios|Latios, M|303/303
|turn|14
|
|move|p2a: Latios|Psyshock|p1a: Kyurem-Black
|-damage|p1a: Kyurem-Black|0 fnt
|faint|p1a: Kyurem-Black
|
|-weather|SunnyDay|[upkeep]
|
|switch|p1a: Donphan|Donphan, F|174/384
|turn|15
|
|move|p1a: Donphan|Ice Shard|p2a: Latios
|-supereffective|p2a: Latios
|-damage|p2a: Latios|119/303
|move|p2a: Latios|Surf|p1a: Donphan
|-supereffective|p1a: Donphan
|-damage|p1a: Donphan|0 fnt
|faint|p1a: Donphan
|
|-weather|SunnyDay|[upkeep]
|
|switch|p1a: Victini|Victini|258/341
|turn|16
|
|move|p2a: Latios|Draco Meteor|p1a: Victini|[miss]
|-miss|p2a: Latios|p1a: Victini
|move|p1a: Victini|U-turn|p2a: Latios
|-supereffective|p2a: Latios
|-damage|p2a: Latios|0 fnt
|faint|p2a: Latios
|
|win|ashiemore
|raw|Ladder updating...
|raw|ashiemore's rating: 1257 &rarr; <strong>1297</strong><br />(+40 for winning)
|raw|BahaWin's rating: 1501 &rarr; <strong>1469</strong><br />(-32 for losing)
|leave|ashiemore
|player|p1
|chat|BahaWin|lol
|leave|BahaWin
|player|p2
|join|ashiemore