|j|☆Maximilliona
|j|☆99 Red drifloon
|player|p1|Maximilliona|266
|player|p2|99 Red drifloon|266
|teamsize|p1|6
|teamsize|p2|6
|gametype|singles
|gen|5
|tier|[Gen 5] OU
|rated|
|rule|Sleep Clause Mod: Limit one foe put to sleep
|rule|Species Clause: Limit one of each Pokémon
|rule|OHKO Clause: OHKO moves are banned
|rule|Moody Clause: Moody is banned
|rule|Evasion Moves Clause: Evasion moves are banned
|rule|Endless Battle Clause: Forcing endless battles is banned
|rule|HP Percentage Mod: HP is shown in percentages
|rule|Evasion Abilities Clause: Evasion abilities are banned
|rule|Baton Pass Clause: Limit one Baton Passer, can't pass Spe and other stats simultaneously
|rule|Swagger Clause: Swagger is banned
|clearpoke
|poke|p1|Tyranitar, M|item
|poke|p1|Landorus-Therian, M|item
|poke|p1|Heatran, M|item
|poke|p1|Jellicent, F|item
|poke|p1|Latios, M|item
|poke|p1|Ferrothorn, F|item
|poke|p2|Tyranitar, M|item
|poke|p2|Magnezone|item
|poke|p2|Terrakion|item
|poke|p2|Latios, M|item
|poke|p2|Scizor, M|item
|poke|p2|Landorus-Therian, M|item
|teampreview
|
|start
|switch|p1a: Primal|Landorus-Therian, M|100/100
|switch|p2a: Pat Riely|Tyranitar, M|100/100
|-ability|p1a: Primal|Intimidate|boost
|-unboost|p2a: Pat Riely|atk|1
|-weather|Sandstorm|[from] ability: Sand Stream|[of] p2a: Pat Riely
|turn|1
|
|move|p1a: Primal|Stealth Rock|p2a: Pat Riely
|-sidestart|p2: 99 Red drifloon|move: Stealth Rock
|move|p2a: Pat Riely|Stealth Rock|p1a: Primal
|-sidestart|p1: Maximilliona|move: Stealth Rock
|
|-weather|Sandstorm|[upkeep]
|upkeep
|turn|2
|
|move|p1a: Primal|U-turn|p2a: Pat Riely
|-supereffective|p2a: Pat Riely
|-damage|p2a: Pat Riely|60/100
|
|switch|p1a: Ironside|Ferrothorn, F|100/100
|-damage|p1a: Ironside|94/100|[from] Stealth Rock
|move|p2a: Pat Riely|Ice Beam|p1a: Ironside
|-damage|p1a: Ironside|79/100
|
|-weather|Sandstorm|[upkeep]
|-heal|p2a: Pat Riely|67/100|[from] item: Leftovers
|-heal|p1a: Ironside|85/100|[from] item: Leftovers
|upkeep
|turn|3
|
|switch|p2a: Bron Bron|Landorus-Therian, M|100/100
|-damage|p2a: Bron Bron|88/100|[from] Stealth Rock
|-ability|p2a: Bron Bron|Intimidate|boost
|-unboost|p1a: Ironside|atk|1
|switch|p1a: Primal|Landorus-Therian, M|100/100
|-damage|p1a: Primal|88/100|[from] Stealth Rock
|-ability|p1a: Primal|Intimidate|boost
|-unboost|p2a: Bron Bron|atk|1
|
|-weather|Sandstorm|[upkeep]
|-heal|p1a: Primal|94/100|[from] item: Leftovers
|upkeep
|turn|4
|
|move|p2a: Bron Bron|Hidden Power|p1a: Primal
|-supereffective|p1a: Primal
|-damage|p1a: Primal|5/100
|move|p1a: Primal|U-turn|p2a: Bron Bron
|-resisted|p2a: Bron Bron
|-damage|p2a: Bron Bron|76/100
|inactive|Battle timer is ON: inactive players will automatically lose when time's up. (requested by 99 Red drifloon)
|
|switch|p1a: Ironside|Ferrothorn, F|85/100
|-damage|p1a: Ironside|79/100|[from] Stealth Rock
|
|-weather|Sandstorm|[upkeep]
|-heal|p1a: Ironside|85/100|[from] item: Leftovers
|upkeep
|turn|5
|
|switch|p1a: Smaug|Heatran, M|100/100
|-damage|p1a: Smaug|88/100|[from] Stealth Rock
|move|p2a: Bron Bron|U-turn|p1a: Smaug
|-resisted|p1a: Smaug
|-damage|p1a: Smaug|84/100
|
|switch|p2a: Bosh|Latios, M, shiny|100/100
|-damage|p2a: Bosh|88/100|[from] Stealth Rock
|
|-weather|Sandstorm|[upkeep]
|-damage|p2a: Bosh|82/100|[from] Sandstorm
|-heal|p1a: Smaug|90/100|[from] item: Leftovers
|upkeep
|turn|6
|inactive|Maximilliona has 120 seconds left.
|
|switch|p2a: Bron Bron|Landorus-Therian, M|76/100
|-damage|p2a: Bron Bron|64/100|[from] Stealth Rock
|-ability|p2a: Bron Bron|Intimidate|boost
|-unboost|p1a: Smaug|atk|1
|switch|p1a: Godzilla|Tyranitar, M, shiny|100/100
|-damage|p1a: Godzilla|88/100|[from] Stealth Rock
|
|-weather|Sandstorm|[upkeep]
|upkeep
|turn|7
|
|switch|p2a: Miller|Scizor, M, shiny|100/100
|-damage|p2a: Miller|88/100|[from] Stealth Rock
|move|p1a: Godzilla|Stone Edge|p2a: Miller
|-damage|p2a: Miller|32/100
|
|-weather|Sandstorm|[upkeep]
|upkeep
|turn|8
|
|switch|p1a: Jelly|Jellicent, F|100/100
|-damage|p1a: Jelly|88/100|[from] Stealth Rock
|move|p2a: Miller|Superpower|p1a: Jelly
|-immune|p1a: Jelly
|
|-weather|Sandstorm|[upkeep]
|-damage|p1a: Jelly|82/100|[from] Sandstorm
|-heal|p1a: Jelly|88/100|[from] item: Leftovers
|upkeep
|turn|9
|
|switch|p2a: Bosh|Latios, M, shiny|82/100
|-damage|p2a: Bosh|70/100|[from] Stealth Rock
|move|p1a: Jelly|Will-O-Wisp|p2a: Bosh
|-status|p2a: Bosh|brn
|
|-weather|Sandstorm|[upkeep]
|-damage|p2a: Bosh|64/100 brn|[from] Sandstorm
|-damage|p1a: Jelly|82/100|[from] Sandstorm
|-heal|p1a: Jelly|88/100|[from] item: Leftovers
|-damage|p2a: Bosh|52/100 brn|[from] brn
|upkeep
|turn|10
|inactive|Maximilliona has 120 seconds left.
|inactive|Maximilliona has 90 seconds left.
|
|switch|p1a: Godzilla|Tyranitar, M, shiny|88/100
|-damage|p1a: Godzilla|76/100|[from] Stealth Rock
|move|p2a: Bosh|Energy Ball|p1a: Godzilla
|-supereffective|p1a: Godzilla
|-damage|p1a: Godzilla|32/100
|
|-weather|Sandstorm|[upkeep]
|-damage|p2a: Bosh|46/100 brn|[from] Sandstorm
|-damage|p2a: Bosh|33/100 brn|[from] brn
|upkeep
|turn|11
|inactive|99 Red drifloon has 120 seconds left.
|
|switch|p2a: Bron Bron|Landorus-Therian, M|64/100
|-damage|p2a: Bron Bron|52/100|[from] Stealth Rock
|-ability|p2a: Bron Bron|Intimidate|boost
|-unboost|p1a: Godzilla|atk|1
|move|p1a: Godzilla|Crunch|p2a: Bron Bron
|-damage|p2a: Bron Bron|25/100
|
|-weather|Sandstorm|[upkeep]
|upkeep
|turn|12
|
|switch|p1a: Primal|Landorus-Therian, M|5/100
|-damage|p1a: Primal|0 fnt|[from] Stealth Rock
|faint|p1a: Primal
|move|p2a: Bron Bron|U-turn|p1: Primal|[notarget]
|-notarget
|
|-weather|Sandstorm|[upkeep]
|upkeep
|
|switch|p1a: Ironside|Ferrothorn, F|85/100
|-damage|p1a: Ironside|79/100|[from] Stealth Rock
|turn|13
|
|switch|p1a: Jelly|Jellicent, F|88/100
|-damage|p1a: Jelly|76/100|[from] Stealth Rock
|move|p2a: Bron Bron|U-turn|p1a: Jelly
|-resisted|p1a: Jelly
|-damage|p1a: Jelly|64/100
|
|switch|p2a: Pat Riely|Tyranitar, M|67/100
|-damage|p2a: Pat Riely|54/100|[from] Stealth Rock
|
|-weather|Sandstorm|[upkeep]
|-damage|p1a: Jelly|58/100|[from] Sandstorm
|-heal|p1a: Jelly|64/100|[from] item: Leftovers
|-heal|p2a: Pat Riely|60/100|[from] item: Leftovers
|upkeep
|turn|14
|
|-activate|p1a: Jelly|move: Pursuit
|move|p2a: Pat Riely|Pursuit|p1a: Jelly|[from]Pursuit
|-supereffective|p1a: Jelly
|-damage|p1a: Jelly|3/100
|switch|p1a: Ironside|Ferrothorn, F|79/100
|-damage|p1a: Ironside|73/100|[from] Stealth Rock
|
|-weather|Sandstorm|[upkeep]
|-heal|p2a: Pat Riely|67/100|[from] item: Leftovers
|-heal|p1a: Ironside|79/100|[from] item: Leftovers
|upkeep
|turn|15
|
|switch|p2a: Bosh|Latios, M, shiny|33/100 brn
|-damage|p2a: Bosh|21/100 brn|[from] Stealth Rock
|switch|p1a: Godzilla|Tyranitar, M, shiny|32/100
|-damage|p1a: Godzilla|20/100|[from] Stealth Rock
|
|-weather|Sandstorm|[upkeep]
|-damage|p2a: Bosh|15/100 brn|[from] Sandstorm
|-damage|p2a: Bosh|3/100 brn|[from] brn
|upkeep
|turn|16
|
|move|p1a: Godzilla|Crunch|p2a: Bosh
|-supereffective|p2a: Bosh
|-damage|p2a: Bosh|0 fnt
|faint|p2a: Bosh
|
|-weather|Sandstorm|[upkeep]
|upkeep
|
|switch|p2a: D.Wade|Terrakion|100/100
|-damage|p2a: D.Wade|94/100|[from] Stealth Rock
|turn|17
|
|switch|p1a: Jelly|Jellicent, F|3/100
|-damage|p1a: Jelly|0 fnt|[from] Stealth Rock
|faint|p1a: Jelly
|move|p2a: D.Wade|X-Scissor|p1: Jelly|[notarget]
|-notarget
|
|-weather|Sandstorm|[upkeep]
|upkeep
|
|switch|p1a: Godzilla|Tyranitar, M, shiny|20/100
|-damage|p1a: Godzilla|7/100|[from] Stealth Rock
|turn|18
|
|move|p2a: D.Wade|X-Scissor|p1a: Godzilla
|-supereffective|p1a: Godzilla
|-damage|p1a: Godzilla|0 fnt
|faint|p1a: Godzilla
|
|-weather|Sandstorm|[upkeep]
|upkeep
|-message|Maximilliona forfeited.
|
|win|99 Red drifloon
|l|☆Maximilliona
|raw|Maximilliona's rating: 1443 &rarr; <strong>1416</strong><br />(-27 for losing)
|raw|99 Red drifloon's rating: 1325 &rarr; <strong>1351</strong><br />(+26 for winning)
