|j|☆EeveetoTheN00b
|j|☆Machine Gun Dragon
|player|p1|EeveetoTheN00b|acetrainersnow|1626
|player|p2|Machine Gun Dragon|ryuki|1489
|teamsize|p1|6
|teamsize|p2|6
|gametype|singles
|gen|5
|tier|[Gen 5] OU
|rated|
|clearpoke
|poke|p1|Sceptile, M|item
|poke|p1|Tyranitar, F|item
|poke|p1|Skarmory, M|item
|poke|p1|Jellicent, M|item
|poke|p1|Latios, M|item
|poke|p1|Excadrill, M|item
|poke|p2|Alakazam, F|item
|poke|p2|Garchomp, M|item
|poke|p2|Ferrothorn, M|item
|poke|p2|Landorus-Therian, M|item
|poke|p2|Jellicent, M|item
|poke|p2|Tyranitar, M|item
|rule|Species Clause: Limit one of each Pokémon
|rule|OHKO Clause: OHKO moves are banned
|rule|Moody Clause: Moody is banned
|rule|Evasion Moves Clause: Evasion moves are banned
|rule|Endless Battle Clause: Forcing endless battles is banned
|rule|HP Percentage Mod: HP is shown in percentages
|rule|Evasion Abilities Clause: Evasion abilities are banned
|rule|Baton Pass Clause: Limit one Baton Passer, can't pass Spe and other stats simultaneously
|rule|Sleep Clause: Sleep-inducing moves are banned
|rule|Swagger Clause: Swagger is banned
|teampreview
|inactive|Battle timer is ON: inactive players will automatically lose when time's up. (requested by Machine Gun Dragon)
|
|start
|switch|p1a: Time Gear Thief|Sceptile, M|100/100
|switch|p2a: Tyranitar|Tyranitar, M|100/100
|-weather|Sandstorm|[from] ability: Sand Stream|[of] p2a: Tyranitar
|turn|1
|
|switch|p2a: Ferrothorn|Ferrothorn, M|100/100
|move|p1a: Time Gear Thief|Substitute|p1a: Time Gear Thief
|-start|p1a: Time Gear Thief|Substitute
|-damage|p1a: Time Gear Thief|76/100
|
|-weather|Sandstorm|[upkeep]
|-damage|p1a: Time Gear Thief|70/100|[from] Sandstorm
|-heal|p1a: Time Gear Thief|76/100|[from] item: Leftovers
|upkeep
|turn|2
|
|move|p2a: Ferrothorn|Protect|p2a: Ferrothorn
|-singleturn|p2a: Ferrothorn|Protect
|move|p1a: Time Gear Thief|Hidden Power|p2a: Ferrothorn
|-activate|p2a: Ferrothorn|move: Protect
|
|-weather|Sandstorm|[upkeep]
|-damage|p1a: Time Gear Thief|70/100|[from] Sandstorm
|-heal|p1a: Time Gear Thief|76/100|[from] item: Leftovers
|upkeep
|turn|3
|
|switch|p2a: Landorus|Landorus-Therian, M|100/100
|-ability|p2a: Landorus|Intimidate|boost
|-immune|p1a: Time Gear Thief
|move|p1a: Time Gear Thief|Hidden Power|p2a: Landorus
|-damage|p2a: Landorus|69/100
|
|-weather|Sandstorm|[upkeep]
|-damage|p1a: Time Gear Thief|70/100|[from] Sandstorm
|-heal|p1a: Time Gear Thief|76/100|[from] item: Leftovers
|upkeep
|turn|4
|
|move|p2a: Landorus|U-turn|p1a: Time Gear Thief
|-supereffective|p1a: Time Gear Thief
|-end|p1a: Time Gear Thief|Substitute
|
|switch|p2a: Garchomp|Garchomp, M|100/100|[from]move: U-turn
|move|p1a: Time Gear Thief|Hidden Power|p2a: Garchomp
|-resisted|p2a: Garchomp
|-damage|p2a: Garchomp|90/100
|
|-weather|Sandstorm|[upkeep]
|-damage|p1a: Time Gear Thief|70/100|[from] Sandstorm
|-heal|p1a: Time Gear Thief|76/100|[from] item: Leftovers
|upkeep
|turn|5
|
|move|p1a: Time Gear Thief|Substitute|p1a: Time Gear Thief
|-start|p1a: Time Gear Thief|Substitute
|-damage|p1a: Time Gear Thief|51/100
|move|p2a: Garchomp|Fire Fang|p1a: Time Gear Thief
|-supereffective|p1a: Time Gear Thief
|-crit|p1a: Time Gear Thief
|-end|p1a: Time Gear Thief|Substitute
|
|-weather|Sandstorm|[upkeep]
|-damage|p1a: Time Gear Thief|45/100|[from] Sandstorm
|-heal|p1a: Time Gear Thief|51/100|[from] item: Leftovers
|upkeep
|turn|6
|
|move|p1a: Time Gear Thief|Substitute|p1a: Time Gear Thief
|-start|p1a: Time Gear Thief|Substitute
|-damage|p1a: Time Gear Thief|26/100
|move|p2a: Garchomp|Fire Fang|p1a: Time Gear Thief
|-supereffective|p1a: Time Gear Thief
|-end|p1a: Time Gear Thief|Substitute
|
|-weather|Sandstorm|[upkeep]
|-damage|p1a: Time Gear Thief|20/100|[from] Sandstorm
|-heal|p1a: Time Gear Thief|26/100|[from] item: Leftovers
|upkeep
|turn|7
|
|move|p1a: Time Gear Thief|Giga Drain|p2a: Garchomp
|-damage|p2a: Garchomp|39/100
|-heal|p1a: Time Gear Thief|58/100|[from] drain|[of] p2a: Garchomp
|move|p2a: Garchomp|Fire Fang|p1a: Time Gear Thief
|-supereffective|p1a: Time Gear Thief
|-damage|p1a: Time Gear Thief|0 fnt
|faint|p1a: Time Gear Thief
|
|-weather|Sandstorm|[upkeep]
|upkeep
|
|switch|p1a: Acerondor|Skarmory, M|100/100
|turn|8
|
|move|p2a: Garchomp|Fire Fang|p1a: Acerondor
|-supereffective|p1a: Acerondor
|-damage|p1a: Acerondor|43/100
|-status|p1a: Acerondor|brn
|move|p1a: Acerondor|Spikes|p2a: Garchomp
|-sidestart|p2: Machine Gun Dragon|Spikes
|
|-weather|Sandstorm|[upkeep]
|-damage|p1a: Acerondor|31/100 brn|[from] brn
|upkeep
|turn|9
|
|switch|p2a: Tyranitar|Tyranitar, M|100/100
|-damage|p2a: Tyranitar|88/100|[from] Spikes
|switch|p1a: Jurasica|Tyranitar, F|100/100
|
|-weather|Sandstorm|[upkeep]
|upkeep
|turn|10
|
|move|p2a: Tyranitar|Superpower|p1a: Jurasica
|-supereffective|p1a: Jurasica
|-enditem|p1a: Jurasica|Chople Berry|[eat]
|-enditem|p1a: Jurasica|Chople Berry|[weaken]
|-damage|p1a: Jurasica|16/100
|-unboost|p2a: Tyranitar|atk|1
|-unboost|p2a: Tyranitar|def|1
|move|p1a: Jurasica|Stealth Rock|p2a: Tyranitar
|-sidestart|p2: Machine Gun Dragon|move: Stealth Rock
|
|-weather|Sandstorm|[upkeep]
|upkeep
|turn|11
|
|switch|p1a: Mostachitos|Jellicent, M|100/100
|move|p2a: Tyranitar|Superpower|p1a: Mostachitos
|-immune|p1a: Mostachitos
|
|-weather|Sandstorm|[upkeep]
|-damage|p1a: Mostachitos|94/100|[from] Sandstorm
|-heal|p1a: Mostachitos|100/100|[from] item: Leftovers
|upkeep
|turn|12
|
|switch|p2a: Alakazam|Alakazam, F|100/100
|move|p1a: Mostachitos|Will-O-Wisp|p2a: Alakazam
|-status|p2a: Alakazam|brn
|
|-weather|Sandstorm|[upkeep]
|-damage|p1a: Mostachitos|94/100|[from] Sandstorm
|-heal|p1a: Mostachitos|100/100|[from] item: Leftovers
|upkeep
|turn|13
|-message|EeveetoTheN00b forfeited.
|
|win|Machine Gun Dragon
|l|☆EeveetoTheN00b
|raw|EeveetoTheN00b's rating: 1626 &rarr; <strong>1599</strong><br />(-27 for losing)
|raw|Machine Gun Dragon's rating: 1489 &rarr; <strong>1516</strong><br />(+27 for winning)
