|j|☆Croaset
|j|☆ybd1
|t:|1732396371
|gametype|singles
|player|p1|Croaset|elesa|1384
|player|p2|ybd1|pokefan-gen4|1325
|teamsize|p1|6
|teamsize|p2|6
|gen|5
|tier|[Gen 5] OU
|rated|
|rule|Species Clause: Limit one of each Pokémon
|rule|OHKO Clause: OHKO moves are banned
|rule|Moody Clause: Moody is banned
|rule|Evasion Items Clause: Evasion items are banned
|rule|Evasion Moves Clause: Evasion moves are banned
|rule|Endless Battle Clause: Forcing endless battles is banned
|rule|HP Percentage Mod: HP is shown in percentages
|rule|Evasion Abilities Clause: Evasion abilities are banned
|rule|Sleep Moves Clause: Sleep-inducing moves are banned
|rule|Swagger Clause: Swagger is banned
|rule|Baton Pass Stat Clause: No Baton Passer may have a way to boost its stats
|clearpoke
|poke|p1|Reuniclus, F|item
|poke|p1|Skarmory, M|item
|poke|p1|Latios, M|item
|poke|p1|Tyranitar, F|item
|poke|p1|Amoonguss, F|item
|poke|p1|Latias, F|item
|poke|p2|Garchomp, F|item
|poke|p2|Crobat, M|item
|poke|p2|Infernape, M|item
|poke|p2|Scizor, M|item
|poke|p2|Starmie|item
|poke|p2|Gyarados, M|item
|teampreview
|inactive|Battle timer is ON: inactive players will automatically lose when time's up. (requested by ybd1)
|
|t:|1732396388
|start
|switch|p1a: Latias|Latias, F|100/100
|switch|p2a: Garchomp|Garchomp, F|100/100
|turn|1
|
|t:|1732396395
|move|p1a: Latias|Dragon Pulse|p2a: Garchomp
|-supereffective|p2a: Garchomp
|-damage|p2a: Garchomp|21/100
|move|p2a: Garchomp|Stealth Rock|p1a: Latias
|-sidestart|p1: Croaset|move: Stealth Rock
|
|upkeep
|turn|2
|
|t:|1732396398
|move|p1a: Latias|Dragon Pulse|p2a: Garchomp
|-supereffective|p2a: Garchomp
|-crit|p2a: Garchomp
|-damage|p2a: Garchomp|0 fnt
|faint|p2a: Garchomp
|
|upkeep
|
|t:|1732396413
|switch|p2a: Crobat|Crobat, M|100/100
|turn|3
|
|t:|1732396418
|move|p2a: Crobat|U-turn|p1a: Latias
|-supereffective|p1a: Latias
|-damage|p1a: Latias|41/100
|
|t:|1732396421
|switch|p2a: Scizor|Scizor, M|100/100|[from] U-turn
|move|p1a: Latias|Thunder Wave|p2a: Scizor
|-status|p2a: Scizor|par
|
|upkeep
|turn|4
|
|t:|1732396432
|switch|p1a: Amoonguss|Amoonguss, F|100/100
|-damage|p1a: Amoonguss|88/100|[from] Stealth Rock
|move|p2a: Scizor|U-turn|p1a: Amoonguss
|-damage|p1a: Amoonguss|59/100
|
|t:|1732396445
|switch|p2a: Infernape|Infernape, M|100/100|[from] U-turn
|
|-heal|p1a: Amoonguss|65/100|[from] item: Black Sludge
|upkeep
|turn|5
|
|t:|1732396456
|move|p2a: Infernape|Nasty Plot|p2a: Infernape
|-boost|p2a: Infernape|spa|2
|move|p1a: Amoonguss|Stun Spore|p2a: Infernape
|-status|p2a: Infernape|par
|
|-heal|p1a: Amoonguss|71/100|[from] item: Black Sludge
|upkeep
|turn|6
|
|t:|1732396470
|switch|p1a: Latias|Latias, F|41/100
|-damage|p1a: Latias|28/100|[from] Stealth Rock
|cant|p2a: Infernape|par
|
|upkeep
|turn|7
|
|t:|1732396477
|move|p2a: Infernape|Vacuum Wave|p1a: Latias
|-resisted|p1a: Latias
|-damage|p1a: Latias|15/100
|move|p1a: Latias|Dragon Pulse|p2a: Infernape
|-damage|p2a: Infernape|44/100 par
|
|-heal|p2a: Infernape|50/100 par|[from] item: Leftovers
|upkeep
|turn|8
|
|t:|1732396482
|move|p2a: Infernape|Vacuum Wave|p1a: Latias
|-resisted|p1a: Latias
|-damage|p1a: Latias|1/100
|move|p1a: Latias|Recover|p1a: Latias
|-heal|p1a: Latias|51/100
|
|-heal|p2a: Infernape|56/100 par|[from] item: Leftovers
|upkeep
|turn|9
|
|t:|1732396485
|move|p1a: Latias|Dragon Pulse|p2a: Infernape
|-damage|p2a: Infernape|3/100 par
|cant|p2a: Infernape|par
|
|-heal|p2a: Infernape|9/100 par|[from] item: Leftovers
|upkeep
|turn|10
|
|t:|1732396488
|move|p1a: Latias|Dragon Pulse|p2a: Infernape
|-crit|p2a: Infernape
|-damage|p2a: Infernape|0 fnt
|faint|p2a: Infernape
|
|upkeep
|
|t:|1732396495
|switch|p2a: Scizor|Scizor, M|100/100 par
|turn|11
|
|t:|1732396496
|switch|p1a: Amoonguss|Amoonguss, F|100/100
|-damage|p1a: Amoonguss|88/100|[from] Stealth Rock
|move|p2a: Scizor|Swords Dance|p2a: Scizor
|-boost|p2a: Scizor|atk|2
|
|-heal|p1a: Amoonguss|94/100|[from] item: Black Sludge
|upkeep
|turn|12
|
|t:|1732396499
|move|p1a: Amoonguss|Hidden Power|p2a: Scizor
|-supereffective|p2a: Scizor
|-damage|p2a: Scizor|28/100 par
|move|p2a: Scizor|Swords Dance|p2a: Scizor
|-boost|p2a: Scizor|atk|2
|
|-heal|p1a: Amoonguss|100/100|[from] item: Black Sludge
|-heal|p2a: Scizor|34/100 par|[from] item: Leftovers
|upkeep
|turn|13
|
|t:|1732396502
|move|p1a: Amoonguss|Hidden Power|p2a: Scizor
|-supereffective|p2a: Scizor
|-damage|p2a: Scizor|0 fnt
|faint|p2a: Scizor
|
|upkeep
|-message|ybd1 forfeited.
|
|win|Croaset
|raw|Croaset's rating: 1384 &rarr; <strong>1401</strong><br />(+17 for winning)
|raw|ybd1's rating: 1325 &rarr; <strong>1308</strong><br />(-17 for losing)
|l|☆ybd1
|player|p2|
