|j|☆Silexius
|j|☆av2336
|t:|1718205081
|gametype|singles
|player|p1|Silexius|1|1394
|player|p2|av2336|pokemaniac-gen3rs|1455
|teamsize|p1|6
|teamsize|p2|6
|gen|5
|tier|[Gen 5] OU
|rated|
|rule|Species Clause: Limit one of each Pokémon
|rule|OHKO Clause: OHKO moves are banned
|rule|Moody Clause: Moody is banned
|rule|Evasion Items Clause: Evasion items are banned
|rule|Evasion Moves Clause: Evasion moves are banned
|rule|Endless Battle Clause: Forcing endless battles is banned
|rule|HP Percentage Mod: HP is shown in percentages
|rule|Evasion Abilities Clause: Evasion abilities are banned
|rule|Sleep Moves Clause: Sleep-inducing moves are banned
|rule|Swagger Clause: Swagger is banned
|rule|Baton Pass Stat Clause: No Baton Passer may have a way to boost its stats
|clearpoke
|poke|p1|Tornadus, M|item
|poke|p1|Politoed, M|item
|poke|p1|Tentacruel, M|item
|poke|p1|Ferrothorn, F|item
|poke|p1|Latios, M|item
|poke|p1|Kyurem-Black|item
|poke|p2|Bronzong|item
|poke|p2|Gallade, M|item
|poke|p2|Jellicent, M|item
|poke|p2|Conkeldurr, F|item
|poke|p2|Reuniclus, F|item
|poke|p2|Dragonite, M|item
|teampreview
|inactive|Battle timer is ON: inactive players will automatically lose when time's up. (requested by av2336)
|inactive|Silexius has 120 seconds left.
|
|t:|1718205133
|start
|switch|p1a: Kyurem|Kyurem-Black|100/100
|switch|p2a: Bronzong|Bronzong|100/100
|-ability|p1a: Kyurem|Teravolt
|turn|1
|
|t:|1718205137
|move|p1a: Kyurem|Substitute|p1a: Kyurem
|-start|p1a: Kyurem|Substitute
|-damage|p1a: Kyurem|76/100
|move|p2a: Bronzong|Trick Room|p2a: Bronzong
|-fieldstart|move: Trick Room|[of] p2a: Bronzong
|
|-heal|p1a: Kyurem|82/100|[from] item: Leftovers
|upkeep
|turn|2
|
|t:|1718205140
|move|p2a: Bronzong|Stealth Rock|p1a: Kyurem
|-sidestart|p1: Silexius|move: Stealth Rock
|move|p1a: Kyurem|Earth Power|p2a: Bronzong
|-supereffective|p2a: Bronzong
|-damage|p2a: Bronzong|52/100
|
|-heal|p1a: Kyurem|88/100|[from] item: Leftovers
|upkeep
|turn|3
|
|t:|1718205144
|move|p2a: Bronzong|Explosion|p1a: Kyurem
|-end|p1a: Kyurem|Substitute
|faint|p2a: Bronzong
|move|p1a: Kyurem|Earth Power|p2: Bronzong|[notarget]
|-fail|p1a: Kyurem
|
|-heal|p1a: Kyurem|94/100|[from] item: Leftovers
|upkeep
|
|t:|1718205167
|switch|p2a: Gallade|Gallade, M|100/100
|turn|4
|
|t:|1718205171
|switch|p1a: Tentacruel|Tentacruel, M, shiny|100/100
|-damage|p1a: Tentacruel|88/100|[from] Stealth Rock
|move|p2a: Gallade|Close Combat|p1a: Tentacruel
|-resisted|p1a: Tentacruel
|-damage|p1a: Tentacruel|33/100
|-unboost|p2a: Gallade|def|1
|-unboost|p2a: Gallade|spd|1
|-damage|p2a: Gallade|91/100|[from] item: Life Orb
|
|-heal|p1a: Tentacruel|40/100|[from] item: Black Sludge
|upkeep
|turn|5
|
|t:|1718205195
|switch|p2a: Reuniclus|Reuniclus, F|100/100
|move|p1a: Tentacruel|Protect||[still]
|-fail|p1a: Tentacruel
|
|-heal|p1a: Tentacruel|46/100|[from] item: Black Sludge
|-fieldend|move: Trick Room
|upkeep
|turn|6
|
|t:|1718205207
|switch|p1a: Politoed|Politoed, M|100/100
|-damage|p1a: Politoed|88/100|[from] Stealth Rock
|-weather|RainDance|[from] ability: Drizzle|[of] p1a: Politoed
|move|p2a: Reuniclus|Psychic|p1a: Politoed
|-damage|p1a: Politoed|27/100
|
|-weather|RainDance|[upkeep]
|-heal|p1a: Politoed|33/100|[from] item: Leftovers
|upkeep
|turn|7
|
|t:|1718205223
|switch|p2a: Jellicent|Jellicent, M|100/100
|-item|p2a: Jellicent|Air Balloon
|move|p1a: Politoed|Scald|p2a: Jellicent
|-immune|p2a: Jellicent|[from] ability: Water Absorb
|
|-weather|RainDance|[upkeep]
|-heal|p1a: Politoed|39/100|[from] item: Leftovers
|upkeep
|turn|8
|
|t:|1718205231
|move|p1a: Politoed|Ice Beam|p2a: Jellicent
|-resisted|p2a: Jellicent
|-damage|p2a: Jellicent|93/100
|-enditem|p2a: Jellicent|Air Balloon
|move|p2a: Jellicent|Trick Room|p2a: Jellicent
|-fieldstart|move: Trick Room|[of] p2a: Jellicent
|
|-weather|RainDance|[upkeep]
|-heal|p1a: Politoed|46/100|[from] item: Leftovers
|upkeep
|turn|9
|
|t:|1718205237
|move|p2a: Jellicent|Shadow Ball|p1a: Politoed
|-damage|p1a: Politoed|15/100
|move|p1a: Politoed|Encore|p2a: Jellicent
|-start|p2a: Jellicent|Encore
|
|-weather|RainDance|[upkeep]
|-heal|p1a: Politoed|21/100|[from] item: Leftovers
|upkeep
|turn|10
|
|t:|1718205243
|switch|p1a: Ferrothorn|Ferrothorn, F, shiny|100/100
|-damage|p1a: Ferrothorn|94/100|[from] Stealth Rock
|move|p2a: Jellicent|Shadow Ball|p1a: Ferrothorn
|-resisted|p1a: Ferrothorn
|-damage|p1a: Ferrothorn|83/100
|
|-weather|RainDance|[upkeep]
|-heal|p1a: Ferrothorn|89/100|[from] item: Leftovers
|upkeep
|turn|11
|
|t:|1718205249
|switch|p2a: Conkeldurr|Conkeldurr, F|100/100
|move|p1a: Ferrothorn|Stealth Rock|p2a: Conkeldurr
|-sidestart|p2: av2336|move: Stealth Rock
|
|-weather|RainDance|[upkeep]
|-heal|p1a: Ferrothorn|96/100|[from] item: Leftovers
|upkeep
|turn|12
|
|t:|1718205262
|switch|p1a: Politoed|Politoed, M|21/100
|-damage|p1a: Politoed|9/100|[from] Stealth Rock
|move|p2a: Conkeldurr|Thunder Punch|p1a: Politoed
|-supereffective|p1a: Politoed
|-damage|p1a: Politoed|0 fnt
|faint|p1a: Politoed
|-damage|p2a: Conkeldurr|91/100|[from] item: Life Orb
|
|-weather|RainDance|[upkeep]
|-fieldend|move: Trick Room
|upkeep
|
|t:|1718205266
|switch|p1a: Tentacruel|Tentacruel, M, shiny|46/100
|-damage|p1a: Tentacruel|33/100|[from] Stealth Rock
|turn|13
|
|t:|1718205274
|move|p1a: Tentacruel|Rapid Spin|p2a: Conkeldurr
|-damage|p2a: Conkeldurr|88/100
|-sideend|p1: Silexius|Stealth Rock|[from] move: Rapid Spin|[of] p1a: Tentacruel
|move|p2a: Conkeldurr|Thunder Punch|p1a: Tentacruel
|-supereffective|p1a: Tentacruel
|-damage|p1a: Tentacruel|0 fnt
|faint|p1a: Tentacruel
|-damage|p2a: Conkeldurr|79/100|[from] item: Life Orb
|
|-weather|RainDance|[upkeep]
|upkeep
|
|t:|1718205277
|switch|p1a: Tornadus|Tornadus, M|100/100
|turn|14
|inactive|av2336 has 120 seconds left.
|
|t:|1718205310
|move|p1a: Tornadus|Hurricane|p2a: Conkeldurr
|-supereffective|p2a: Conkeldurr
|-damage|p2a: Conkeldurr|0 fnt
|faint|p2a: Conkeldurr
|
|-weather|RainDance|[upkeep]
|upkeep
|inactive|av2336 has 120 seconds left.
|
|t:|1718205321
|switch|p2a: Reuniclus|Reuniclus, F|100/100
|turn|15
|
|t:|1718205324
|move|p1a: Tornadus|Hurricane|p2a: Reuniclus
|-damage|p2a: Reuniclus|13/100
|move|p2a: Reuniclus|Trick Room|p2a: Reuniclus
|-fieldstart|move: Trick Room|[of] p2a: Reuniclus
|
|-weather|RainDance|[upkeep]
|upkeep
|turn|16
|
|t:|1718205334
|switch|p1a: Ferrothorn|Ferrothorn, F, shiny|96/100
|move|p2a: Reuniclus|Psychic|p1a: Ferrothorn
|-resisted|p1a: Ferrothorn
|-crit|p1a: Ferrothorn
|-damage|p1a: Ferrothorn|51/100
|
|-weather|RainDance|[upkeep]
|-heal|p1a: Ferrothorn|58/100|[from] item: Leftovers
|upkeep
|turn|17
|
|t:|1718205339
|move|p1a: Ferrothorn|Power Whip|p2a: Reuniclus
|-damage|p2a: Reuniclus|0 fnt
|faint|p2a: Reuniclus
|
|-weather|RainDance|[upkeep]
|-heal|p1a: Ferrothorn|64/100|[from] item: Leftovers
|upkeep
|
|t:|1718205342
|switch|p2a: Gallade|Gallade, M|91/100
|-damage|p2a: Gallade|85/100|[from] Stealth Rock
|turn|18
|
|t:|1718205351
|switch|p1a: Latios|Latios, M, shiny|100/100
|move|p2a: Gallade|Close Combat|p1a: Latios
|-resisted|p1a: Latios
|-damage|p1a: Latios|43/100
|-unboost|p2a: Gallade|def|1
|-unboost|p2a: Gallade|spd|1
|-damage|p2a: Gallade|75/100|[from] item: Life Orb
|
|-weather|RainDance|[upkeep]
|upkeep
|turn|19
|
|t:|1718205359
|switch|p1a: Ferrothorn|Ferrothorn, F, shiny|64/100
|move|p2a: Gallade|Close Combat|p1a: Ferrothorn
|-supereffective|p1a: Ferrothorn
|-damage|p1a: Ferrothorn|0 fnt
|-unboost|p2a: Gallade|def|1
|-unboost|p2a: Gallade|spd|1
|-damage|p2a: Gallade|62/100|[from] ability: Iron Barbs|[of] p1a: Ferrothorn
|faint|p1a: Ferrothorn
|-damage|p2a: Gallade|53/100|[from] item: Life Orb
|
|-weather|RainDance|[upkeep]
|-fieldend|move: Trick Room
|upkeep
|
|t:|1718205362
|switch|p1a: Tornadus|Tornadus, M|100/100
|turn|20
|
|t:|1718205373
|move|p1a: Tornadus|Hurricane|p2a: Gallade
|-supereffective|p2a: Gallade
|-damage|p2a: Gallade|0 fnt
|faint|p2a: Gallade
|
|-weather|RainDance|[upkeep]
|upkeep
|
|t:|1718205375
|switch|p2a: Jellicent|Jellicent, M|93/100
|-damage|p2a: Jellicent|80/100|[from] Stealth Rock
|turn|21
|
|t:|1718205380
|move|p1a: Tornadus|Hurricane|p2a: Jellicent
|-damage|p2a: Jellicent|8/100
|-start|p2a: Jellicent|confusion
|-activate|p2a: Jellicent|confusion
|move|p2a: Jellicent|Trick Room|p2a: Jellicent
|-fieldstart|move: Trick Room|[of] p2a: Jellicent
|
|-weather|RainDance|[upkeep]
|upkeep
|turn|22
|
|t:|1718205384
|-activate|p2a: Jellicent|confusion
|move|p2a: Jellicent|Ice Beam|p1a: Tornadus
|-supereffective|p1a: Tornadus
|-damage|p1a: Tornadus|32/100
|move|p1a: Tornadus|Hurricane|p2a: Jellicent
|-damage|p2a: Jellicent|0 fnt
|faint|p2a: Jellicent
|
|-weather|RainDance|[upkeep]
|upkeep
|
|t:|1718205388
|switch|p2a: Dragonite|Dragonite, M|100/100
|-damage|p2a: Dragonite|76/100|[from] Stealth Rock
|turn|23
|
|t:|1718205393
|move|p2a: Dragonite|Outrage|p1a: Tornadus
|-damage|p1a: Tornadus|0 fnt
|faint|p1a: Tornadus
|
|-weather|RainDance|[upkeep]
|upkeep
|
|t:|1718205406
|switch|p1a: Latios|Latios, M, shiny|43/100
|turn|24
|
|t:|1718205409
|move|p2a: Dragonite|Outrage|p1a: Latios|[from]lockedmove
|-supereffective|p1a: Latios
|-damage|p1a: Latios|0 fnt
|faint|p1a: Latios
|
|-weather|RainDance|[upkeep]
|upkeep
|
|t:|1718205411
|switch|p1a: Kyurem|Kyurem-Black|94/100
|-ability|p1a: Kyurem|Teravolt
|turn|25
|c|☆Silexius|gg
|
|t:|1718205417
|move|p2a: Dragonite|Outrage|p1a: Kyurem|[from]lockedmove
|-supereffective|p1a: Kyurem
|-damage|p1a: Kyurem|0 fnt
|faint|p1a: Kyurem
|-start|p2a: Dragonite|confusion|[fatigue]
|
|win|av2336
|raw|Silexius's rating: 1394 &rarr; <strong>1377</strong><br />(-17 for losing)
|raw|av2336's rating: 1455 &rarr; <strong>1472</strong><br />(+17 for winning)
|c|☆av2336|gg
|l|☆Silexius
|player|p1|
