|j|☆Spritzalcianuro96
|j|☆Deetriks
|t:|1597047544
|player|p1|Spritzalcianuro96|colress|1590
|player|p2|Deetriks|acetrainer-gen4dp|1332
|teamsize|p1|6
|teamsize|p2|6
|gametype|singles
|gen|5
|tier|[Gen 5] OU
|rated|
|clearpoke
|poke|p1|Mamoswine, M|item
|poke|p1|Latios, M|item
|poke|p1|Scizor, F|item
|poke|p1|Kyurem-Black|item
|poke|p1|Salamence, M|item
|poke|p1|Magnezone|item
|poke|p2|Scizor, F|item
|poke|p2|Gyarados, M|item
|poke|p2|Ferrothorn, M|item
|poke|p2|Garchomp, F|item
|poke|p2|Infernape, M|item
|poke|p2|Latios, M|item
|rule|Species Clause: Limit one of each Pokémon
|rule|OHKO Clause: OHKO moves are banned
|rule|Moody Clause: Moody is banned
|rule|Evasion Moves Clause: Evasion moves are banned
|rule|Endless Battle Clause: Forcing endless battles is banned
|rule|HP Percentage Mod: HP is shown in percentages
|rule|Evasion Abilities Clause: Evasion abilities are banned
|rule|Baton Pass Clause: Limit one Baton Passer, can't pass Spe and other stats simultaneously
|rule|Sleep Clause: Sleep-inducing moves are banned
|rule|Swagger Clause: Swagger is banned
|teampreview
|
|t:|1597047559
|start
|switch|p1a: Mamoswine|Mamoswine, M|100/100
|switch|p2a: Garchomp|Garchomp, F, shiny|100/100
|turn|1
|
|t:|1597047565
|switch|p2a: Scizor|Scizor, F|100/100
|move|p1a: Mamoswine|Ice Shard|p2a: Scizor
|-resisted|p2a: Scizor
|-damage|p2a: Scizor|90/100
|
|upkeep
|turn|2
|
|t:|1597047572
|move|p1a: Mamoswine|Stealth Rock|p2a: Scizor
|-sidestart|p2: Deetriks|move: Stealth Rock
|move|p2a: Scizor|Swords Dance|p2a: Scizor
|-boost|p2a: Scizor|atk|2
|
|upkeep
|turn|3
|
|t:|1597047581
|move|p1a: Mamoswine|Earthquake|p2a: Scizor
|-damage|p2a: Scizor|28/100
|move|p2a: Scizor|Pursuit|p1a: Mamoswine
|-damage|p1a: Mamoswine|31/100
|-damage|p2a: Scizor|18/100|[from] item: Life Orb
|
|upkeep
|turn|4
|
|t:|1597047591
|move|p1a: Mamoswine|Ice Shard|p2a: Scizor
|-resisted|p2a: Scizor
|-damage|p2a: Scizor|7/100
|move|p2a: Scizor|Bullet Punch|p1a: Mamoswine
|-supereffective|p1a: Mamoswine
|-damage|p1a: Mamoswine|0 fnt
|-damage|p2a: Scizor|0 fnt|[from] item: Life Orb
|faint|p1a: Mamoswine
|faint|p2a: Scizor
|
|upkeep
|
|t:|1597047607
|switch|p1a: Latios|Latios, M|100/100
|switch|p2a: Garchomp|Garchomp, F, shiny|100/100
|-damage|p2a: Garchomp|94/100|[from] Stealth Rock
|turn|5
|
|t:|1597047616
|switch|p2a: Ferrothorn|Ferrothorn, M|100/100
|-damage|p2a: Ferrothorn|94/100|[from] Stealth Rock
|move|p1a: Latios|Draco Meteor|p2a: Ferrothorn
|-resisted|p2a: Ferrothorn
|-damage|p2a: Ferrothorn|46/100
|-unboost|p1a: Latios|spa|2
|
|-heal|p2a: Ferrothorn|52/100|[from] item: Leftovers
|upkeep
|turn|6
|
|t:|1597047626
|switch|p1a: Magnezone|Magnezone|100/100
|move|p2a: Ferrothorn|Leech Seed|p1a: Magnezone|[miss]
|-miss|p2a: Ferrothorn|p1a: Magnezone
|
|-heal|p2a: Ferrothorn|58/100|[from] item: Leftovers
|upkeep
|turn|7
|
|t:|1597047632
|move|p2a: Ferrothorn|Protect|p2a: Ferrothorn
|-singleturn|p2a: Ferrothorn|Protect
|move|p1a: Magnezone|Hidden Power|p2a: Ferrothorn
|-activate|p2a: Ferrothorn|move: Protect
|
|-heal|p2a: Ferrothorn|65/100|[from] item: Leftovers
|upkeep
|turn|8
|
|t:|1597047638
|move|p1a: Magnezone|Hidden Power|p2a: Ferrothorn
|-supereffective|p2a: Ferrothorn
|-damage|p2a: Ferrothorn|0 fnt
|faint|p2a: Ferrothorn
|
|upkeep
|
|t:|1597047643
|switch|p2a: Infernape|Infernape, M|100/100
|-damage|p2a: Infernape|88/100|[from] Stealth Rock
|turn|9
|
|t:|1597047652
|switch|p1a: Latios|Latios, M|100/100
|move|p2a: Infernape|Close Combat|p1a: Latios
|-resisted|p1a: Latios
|-damage|p1a: Latios|51/100
|-unboost|p2a: Infernape|def|1
|-unboost|p2a: Infernape|spd|1
|
|upkeep
|turn|10
|
|t:|1597047666
|switch|p2a: Gyarados|Gyarados, M|100/100
|-damage|p2a: Gyarados|75/100|[from] Stealth Rock
|-ability|p2a: Gyarados|Intimidate|boost
|-unboost|p1a: Latios|atk|1
|move|p1a: Latios|Psychic|p2a: Gyarados
|-damage|p2a: Gyarados|0 fnt
|faint|p2a: Gyarados
|
|upkeep
|
|t:|1597047674
|switch|p2a: Latios|Latios, M|100/100
|-damage|p2a: Latios|88/100|[from] Stealth Rock
|turn|11
|
|t:|1597047678
|switch|p1a: Magnezone|Magnezone|100/100
|move|p2a: Latios|Draco Meteor|p1a: Magnezone
|-resisted|p1a: Magnezone
|-damage|p1a: Magnezone|50/100
|-unboost|p2a: Latios|spa|2
|
|upkeep
|turn|12
|
|t:|1597047686
|switch|p2a: Garchomp|Garchomp, F, shiny|94/100
|-damage|p2a: Garchomp|88/100|[from] Stealth Rock
|move|p1a: Magnezone|Flash Cannon|p2a: Garchomp
|-damage|p2a: Garchomp|9/100
|
|upkeep
|turn|13
|
|t:|1597047696
|move|p2a: Garchomp|Earthquake|p1a: Magnezone
|-supereffective|p1a: Magnezone
|-damage|p1a: Magnezone|0 fnt
|faint|p1a: Magnezone
|
|upkeep
|
|t:|1597047703
|switch|p1a: Salamence|Salamence, M|100/100
|turn|14
|
|t:|1597047706
|move|p1a: Salamence|Dragon Claw|p2a: Garchomp
|-supereffective|p2a: Garchomp
|-damage|p2a: Garchomp|0 fnt
|-damage|p1a: Salamence|88/100|[from] ability: Rough Skin|[of] p2a: Garchomp
|faint|p2a: Garchomp
|-ability|p1a: Salamence|Moxie|boost
|-boost|p1a: Salamence|atk|1
|
|upkeep
|
|t:|1597047713
|switch|p2a: Latios|Latios, M|88/100
|-damage|p2a: Latios|76/100|[from] Stealth Rock
|turn|15
|
|t:|1597047727
|switch|p1a: Kyurem|Kyurem-Black|100/100
|-ability|p1a: Kyurem|Teravolt
|move|p2a: Latios|Draco Meteor|p1a: Kyurem
|-supereffective|p1a: Kyurem
|-crit|p1a: Kyurem
|-damage|p1a: Kyurem|0 fnt
|-unboost|p2a: Latios|spa|2
|faint|p1a: Kyurem
|
|upkeep
|
|t:|1597047737
|switch|p1a: Scizor|Scizor, F|100/100
|turn|16
|
|t:|1597047740
|switch|p2a: Infernape|Infernape, M|88/100
|-damage|p2a: Infernape|76/100|[from] Stealth Rock
|move|p1a: Scizor|U-turn|p2a: Infernape
|-resisted|p2a: Infernape
|-crit|p2a: Infernape
|-damage|p2a: Infernape|31/100
|
|t:|1597047746
|switch|p1a: Salamence|Salamence, M|88/100|[from]move: U-turn
|
|upkeep
|turn|17
|
|t:|1597047767
|move|p1a: Salamence|Dragon Claw|p2a: Infernape
|-damage|p2a: Infernape|0 fnt
|faint|p2a: Infernape
|-ability|p1a: Salamence|Moxie|boost
|-boost|p1a: Salamence|atk|1
|
|upkeep
|
|t:|1597047773
|switch|p2a: Latios|Latios, M|76/100
|-damage|p2a: Latios|64/100|[from] Stealth Rock
|turn|18
|
|t:|1597047781
|move|p2a: Latios|Ice Beam|p1a: Salamence
|-supereffective|p1a: Salamence
|-damage|p1a: Salamence|0 fnt
|faint|p1a: Salamence
|
|upkeep
|
|t:|1597047785
|switch|p1a: Scizor|Scizor, F|100/100
|turn|19
|
|t:|1597047789
|move|p1a: Scizor|Bullet Punch|p2a: Latios
|-damage|p2a: Latios|0 fnt
|faint|p2a: Latios
|
|win|Spritzalcianuro96
|raw|Spritzalcianuro96's rating: 1590 &rarr; <strong>1597</strong><br />(+7 for winning)
|raw|Deetriks's rating: 1332 &rarr; <strong>1325</strong><br />(-7 for losing)
|l|☆Deetriks
