|j|culini
|j|blt3 auras
|player|p1|culini|101
|player|p2|blt3 auras|1
|gametype|singles
|gen|5
|tier|[Gen 5] OU
|rated
|seed|
|rule|Evasion Abilities Clause: Evasion abilities are banned
|rule|Baton Pass Clause: Limit one Baton Passer, can't pass Spe and other stats simultaneously
|rule|Swagger Clause: Swagger is banned
|clearpoke
|poke|p1|Chansey, F|item
|poke|p1|Quagsire, M|item
|poke|p1|Ferrothorn, M|item
|poke|p1|Tentacruel, F|item
|poke|p1|Dragonite, F|item
|poke|p1|Politoed, F|item
|poke|p2|Metagross|item
|poke|p2|Lucario, F|item
|poke|p2|Latios, M|item
|poke|p2|Garchomp, M|item
|poke|p2|Landorus-Therian, M|item
|poke|p2|Rotom-Wash|item
|rule|Sleep Clause Mod: Limit one foe put to sleep
|rule|Species Clause: Limit one of each Pokémon
|rule|OHKO Clause: OHKO moves are banned
|rule|Moody Clause: Moody is banned
|rule|Evasion Moves Clause: Evasion moves are banned
|rule|Endless Battle Clause: Forcing endless battles is banned
|rule|HP Percentage Mod: HP is shown in percentages
|teampreview
|choice||
|
|start
|switch|p1a: Politoed|Politoed, F|100/100
|switch|p2a: Latios|Latios, M|100/100
|-weather|RainDance|[from] ability: Drizzle|[of] p1a: Politoed
|turn|1
|choice||
|
|switch|p2a: Rotom|Rotom-Wash|100/100
|switch|p1a: Ferrothorn|Ferrothorn, M|100/100
|
|-weather|RainDance|[upkeep]
|turn|2
|choice||
|
|move|p2a: Rotom|Will-O-Wisp|p1a: Ferrothorn
|-status|p1a: Ferrothorn|brn
|move|p1a: Ferrothorn|Spikes|p2a: Rotom
|-sidestart|p2: blt3 auras|Spikes
|
|-weather|RainDance|[upkeep]
|-damage|p1a: Ferrothorn|88/100 brn|[from] brn
|turn|3
|choice||
|
|move|p2a: Rotom|Volt Switch|p1a: Ferrothorn
|-resisted|p1a: Ferrothorn
|-damage|p1a: Ferrothorn|80/100 brn
|choice||
|
|switch|p2a: Landorus|Landorus-Therian, M|100/100
|-ability|p2a: Landorus|Intimidate|boost
|-unboost|p1a: Ferrothorn|atk|1
|move|p1a: Ferrothorn|Spikes|p2a: Landorus
|-sidestart|p2: blt3 auras|Spikes
|
|-weather|RainDance|[upkeep]
|-heal|p1a: Ferrothorn|86/100 brn|[from] item: Leftovers
|-damage|p1a: Ferrothorn|74/100 brn|[from] brn
|turn|4
|choice||
|
|switch|p1a: Politoed|Politoed, F|100/100
|move|p2a: Landorus|Stealth Rock|p1a: Politoed
|-sidestart|p1: culini|move: Stealth Rock
|
|-weather|RainDance|[upkeep]
|turn|5
|choice||
|
|move|p2a: Landorus|U-turn|p1a: Politoed
|-damage|p1a: Politoed|85/100
|choice||
|
|switch|p2a: Latios|Latios, M|100/100
|move|p1a: Politoed|Scald|p2a: Latios
|-resisted|p2a: Latios
|-damage|p2a: Latios|81/100
|
|-weather|RainDance|[upkeep]
|-heal|p1a: Politoed|91/100|[from] item: Leftovers
|turn|6
|choice||
|
|move|p1a: Politoed|Protect|p1a: Politoed
|-singleturn|p1a: Politoed|Protect
|move|p2a: Latios|Psyshock|p1a: Politoed
|-activate|p1a: Politoed|Protect
|
|-weather|RainDance|[upkeep]
|-heal|p1a: Politoed|97/100|[from] item: Leftovers
|turn|7
|choice||
|
|move|p2a: Latios|Psyshock|p1a: Politoed
|-crit|p1a: Politoed
|-damage|p1a: Politoed|36/100
|move|p1a: Politoed|Toxic|p2a: Latios
|-status|p2a: Latios|tox
|
|-weather|RainDance|[upkeep]
|-heal|p1a: Politoed|42/100|[from] item: Leftovers
|-damage|p2a: Latios|75/100 tox|[from] psn
|turn|8
|choice||
|
|switch|p2a: Rotom|Rotom-Wash|100/100
|move|p1a: Politoed|Protect|p1a: Politoed
|-fail|p1a: Politoed
|
|-weather|RainDance|[upkeep]
|-heal|p1a: Politoed|49/100|[from] item: Leftovers
|turn|9
|choice||
|
|move|p1a: Politoed|Protect|p1a: Politoed
|-singleturn|p1a: Politoed|Protect
|move|p2a: Rotom|Volt Switch|p1a: Politoed
|-activate|p1a: Politoed|Protect
|
|-weather|RainDance|[upkeep]
|-heal|p1a: Politoed|55/100|[from] item: Leftovers
|turn|10
|choice||
|
|switch|p1a: Ferrothorn|Ferrothorn, M|74/100 brn
|-damage|p1a: Ferrothorn|67/100 brn|[from] Stealth Rock
|move|p2a: Rotom|Volt Switch|p1a: Ferrothorn
|-resisted|p1a: Ferrothorn
|-damage|p1a: Ferrothorn|59/100 brn
|choice||
|
|switch|p2a: Lucario|Lucario, F|100/100
|-damage|p2a: Lucario|84/100|[from] Spikes
|
|-weather|RainDance|[upkeep]
|-heal|p1a: Ferrothorn|65/100 brn|[from] item: Leftovers
|-damage|p1a: Ferrothorn|53/100 brn|[from] brn
|turn|11
|choice||
|
|move|p2a: Lucario|Aura Sphere|p1a: Ferrothorn
|-supereffective|p1a: Ferrothorn
|-damage|p1a: Ferrothorn|0 fnt
|-damage|p2a: Lucario|74/100|[from] item: Life Orb
|faint|p1a: Ferrothorn
|
|-weather|RainDance|[upkeep]
|choice||
|
|switch|p1a: Tentacruel|Tentacruel, F|100/100
|-damage|p1a: Tentacruel|88/100|[from] Stealth Rock
|turn|12
|choice||
|
|switch|p2a: Landorus|Landorus-Therian, M|100/100
|-ability|p2a: Landorus|Intimidate|boost
|-unboost|p1a: Tentacruel|atk|1
|move|p1a: Tentacruel|Scald|p2a: Landorus
|-supereffective|p2a: Landorus
|-damage|p2a: Landorus|25/100
|
|-weather|RainDance|[upkeep]
|-heal|p1a: Tentacruel|94/100|[from] ability: Rain Dish
|-heal|p1a: Tentacruel|99/100|[from] item: Black Sludge
|turn|13
|choice||
|
|move|p1a: Tentacruel|Protect|p1a: Tentacruel
|-singleturn|p1a: Tentacruel|Protect
|move|p2a: Landorus|Earthquake|p1a: Tentacruel
|-activate|p1a: Tentacruel|Protect
|
|-weather|RainDance|[upkeep]
|-heal|p1a: Tentacruel|100/100|[from] ability: Rain Dish
|turn|14
|choice||
|
|switch|p1a: Quagsire|Quagsire, M|100/100
|-damage|p1a: Quagsire|94/100|[from] Stealth Rock
|move|p2a: Landorus|U-turn|p1a: Quagsire
|-damage|p1a: Quagsire|80/100
|choice||
|
|switch|p2a: Rotom|Rotom-Wash|100/100
|
|-weather|RainDance|[upkeep]
|-heal|p1a: Quagsire|86/100|[from] item: Leftovers
|turn|15
|choice||
|
|switch|p1a: Chansey|Chansey, F|100/100
|-damage|p1a: Chansey|88/100|[from] Stealth Rock
|move|p2a: Rotom|Will-O-Wisp|p1a: Chansey
|-status|p1a: Chansey|brn
|
|-weather|RainDance|[upkeep]
|-damage|p1a: Chansey|75/100 brn|[from] brn
|turn|16
|choice||
|
|move|p2a: Rotom|Volt Switch|p1a: Chansey
|-crit|p1a: Chansey
|-damage|p1a: Chansey|58/100 brn
|choice||
|
|switch|p2a: Metagross|Metagross|100/100
|-damage|p2a: Metagross|84/100|[from] Spikes
|move|p1a: Chansey|Stealth Rock|p2a: Metagross
|-sidestart|p2: blt3 auras|move: Stealth Rock
|
|-weather|RainDance|[upkeep]
|-damage|p1a: Chansey|46/100 brn|[from] brn
|turn|17
|choice||
|
|-curestatus|p1a: Chansey|brn|[from] ability: Natural Cure
|switch|p1a: Quagsire|Quagsire, M|86/100
|-damage|p1a: Quagsire|80/100|[from] Stealth Rock
|move|p2a: Metagross|Hammer Arm|p1a: Quagsire
|-damage|p1a: Quagsire|42/100
|-unboost|p2a: Metagross|spe|1
|
|-weather|RainDance|[upkeep]
|-heal|p1a: Quagsire|48/100|[from] item: Leftovers
|turn|18
|choice||
|
|switch|p2a: Rotom|Rotom-Wash|100/100
|-damage|p2a: Rotom|88/100|[from] Stealth Rock
|move|p1a: Quagsire|Recover|p1a: Quagsire
|-heal|p1a: Quagsire|98/100
|
|-weather|RainDance|[upkeep]
|-heal|p2a: Rotom|94/100|[from] item: Leftovers
|-heal|p1a: Quagsire|100/100|[from] item: Leftovers
|turn|19
|choice||
|
|move|p2a: Rotom|Volt Switch|p1a: Quagsire
|-immune|p1a: Quagsire|[msg]
|move|p1a: Quagsire|Toxic|p2a: Rotom
|-status|p2a: Rotom|tox
|
|-weather|RainDance|[upkeep]
|-heal|p2a: Rotom|99/100 tox|[from] item: Leftovers
|-damage|p2a: Rotom|94/100 tox|[from] psn
|turn|20
|choice||
|
|switch|p1a: Chansey|Chansey, F|46/100
|-damage|p1a: Chansey|33/100|[from] Stealth Rock
|move|p2a: Rotom|Volt Switch|p1a: Chansey
|-damage|p1a: Chansey|25/100
|choice||
|
|switch|p2a: Latios|Latios, M|75/100 tox
|-damage|p2a: Latios|62/100 tox|[from] Stealth Rock
|
|-weather|RainDance|[upkeep]
|-damage|p2a: Latios|56/100 tox|[from] psn
|turn|21
|choice||
|
|move|p2a: Latios|Psyshock|p1a: Chansey
|-damage|p1a: Chansey|0 fnt
|faint|p1a: Chansey
|
|-weather|RainDance|[upkeep]
|-damage|p2a: Latios|44/100 tox|[from] psn
|choice||
|
|switch|p1a: Quagsire|Quagsire, M|100/100
|-damage|p1a: Quagsire|94/100|[from] Stealth Rock
|turn|22
|choice||
|
|switch|p2a: Rotom|Rotom-Wash|94/100 tox
|-damage|p2a: Rotom|82/100 tox|[from] Stealth Rock
|move|p1a: Quagsire|Scald|p2a: Rotom
|-resisted|p2a: Rotom
|-damage|p2a: Rotom|67/100 tox
|
|-weather|RainDance|[upkeep]
|-heal|p2a: Rotom|73/100 tox|[from] item: Leftovers
|-heal|p1a: Quagsire|100/100|[from] item: Leftovers
|-damage|p2a: Rotom|67/100 tox|[from] psn
|turn|23
|choice||
|
|move|p2a: Rotom|Will-O-Wisp|p1a: Quagsire
|-status|p1a: Quagsire|brn
|move|p1a: Quagsire|Scald|p2a: Rotom
|-resisted|p2a: Rotom
|-damage|p2a: Rotom|53/100 tox
|
|-weather|RainDance|[upkeep]
|-heal|p2a: Rotom|59/100 tox|[from] item: Leftovers
|-damage|p2a: Rotom|47/100 tox|[from] psn
|-damage|p1a: Quagsire|88/100 brn|[from] brn
|turn|24
|choice||
|
|move|p2a: Rotom|Hydro Pump|p1a: Quagsire
|-damage|p1a: Quagsire|13/100 brn
|move|p1a: Quagsire|Scald|p2a: Rotom
|-resisted|p2a: Rotom
|-damage|p2a: Rotom|32/100 tox
|
|-weather|RainDance|[upkeep]
|-heal|p2a: Rotom|38/100 tox|[from] item: Leftovers
|-heal|p1a: Quagsire|19/100 brn|[from] item: Leftovers
|-damage|p2a: Rotom|20/100 tox|[from] psn
|-damage|p1a: Quagsire|6/100 brn|[from] brn
|turn|25
|choice||
|
|move|p2a: Rotom|Hydro Pump|p1a: Quagsire
|-damage|p1a: Quagsire|0 fnt
|faint|p1a: Quagsire
|
|-weather|RainDance|[upkeep]
|-heal|p2a: Rotom|26/100 tox|[from] item: Leftovers
|-damage|p2a: Rotom|2/100 tox|[from] psn
|choice||
|
|switch|p1a: Tentacruel|Tentacruel, F|100/100
|-damage|p1a: Tentacruel|88/100|[from] Stealth Rock
|turn|26
|choice||
|
|move|p1a: Tentacruel|Rapid Spin|p2a: Rotom
|-damage|p2a: Rotom|0 fnt
|-sideend|p1: culini|Stealth Rock|[from] move: Rapid Spin|[of] p1a: Tentacruel
|faint|p2a: Rotom
|
|-weather|RainDance|[upkeep]
|-heal|p1a: Tentacruel|94/100|[from] ability: Rain Dish
|-heal|p1a: Tentacruel|99/100|[from] item: Black Sludge
|choice||
|
|switch|p2a: Garchomp|Garchomp, M|100/100
|-damage|p2a: Garchomp|84/100|[from] Spikes
|-damage|p2a: Garchomp|78/100|[from] Stealth Rock
|turn|27
|choice||
|
|move|p2a: Garchomp|Earthquake|p1a: Tentacruel
|-supereffective|p1a: Tentacruel
|-damage|p1a: Tentacruel|5/100
|move|p1a: Tentacruel|Ice Beam|p2a: Garchomp
|-supereffective|p2a: Garchomp
|-damage|p2a: Garchomp|0 fnt
|faint|p2a: Garchomp
|
|-weather|RainDance|[upkeep]
|-heal|p1a: Tentacruel|12/100|[from] ability: Rain Dish
|-heal|p1a: Tentacruel|18/100|[from] item: Black Sludge
|choice||
|
|switch|p2a: Landorus|Landorus-Therian, M|25/100
|-damage|p2a: Landorus|13/100|[from] Stealth Rock
|-ability|p2a: Landorus|Intimidate|boost
|-unboost|p1a: Tentacruel|atk|1
|turn|28
|choice||
|
|move|p1a: Tentacruel|Protect|p1a: Tentacruel
|-singleturn|p1a: Tentacruel|Protect
|move|p2a: Landorus|Stealth Rock|p1a: Tentacruel
|-sidestart|p1: culini|move: Stealth Rock
|
|-weather|RainDance|[upkeep]
|-heal|p1a: Tentacruel|24/100|[from] ability: Rain Dish
|-heal|p1a: Tentacruel|30/100|[from] item: Black Sludge
|turn|29
|choice||
|
|move|p2a: Landorus|Earthquake|p1a: Tentacruel
|-supereffective|p1a: Tentacruel
|-damage|p1a: Tentacruel|0 fnt
|faint|p1a: Tentacruel
|
|-weather|RainDance|[upkeep]
|-message|culini forfeited.
|
|win|blt3 auras
|player|p1
|player|p2
|l|culini
|raw|culini's rating: 1333 &rarr; <strong>1310</strong><br />(-23 for losing)
|raw|blt3 auras's rating: 1282 &rarr; <strong>1311</strong><br />(+29 for winning)