|j|☆Born2loosev1
|j|☆happy_hitbox
|t:|1730925280
|gametype|singles
|player|p1|Born2loosev1|pokemaniac|1295
|player|p2|happy_hitbox|169|1433
|teamsize|p1|6
|teamsize|p2|6
|gen|5
|tier|[Gen 5] OU
|rated|
|rule|Species Clause: Limit one of each Pokémon
|rule|OHKO Clause: OHKO moves are banned
|rule|Moody Clause: Moody is banned
|rule|Evasion Items Clause: Evasion items are banned
|rule|Evasion Moves Clause: Evasion moves are banned
|rule|Endless Battle Clause: Forcing endless battles is banned
|rule|HP Percentage Mod: HP is shown in percentages
|rule|Evasion Abilities Clause: Evasion abilities are banned
|rule|Sleep Moves Clause: Sleep-inducing moves are banned
|rule|Swagger Clause: Swagger is banned
|rule|Baton Pass Stat Clause: No Baton Passer may have a way to boost its stats
|clearpoke
|poke|p1|Keldeo-Resolute|item
|poke|p1|Politoed, F|item
|poke|p1|Scizor, F|item
|poke|p1|Thundurus-Therian, M|item
|poke|p1|Ferrothorn, M|item
|poke|p1|Starmie|item
|poke|p2|Jirachi|item
|poke|p2|Seismitoad, F|item
|poke|p2|Politoed, M|item
|poke|p2|Forretress, M|item
|poke|p2|Breloom, M|item
|poke|p2|Volcarona, F|item
|teampreview
|inactive|Battle timer is ON: inactive players will automatically lose when time's up. (requested by Born2loosev1)
|
|t:|1730925292
|start
|switch|p1a: Politoed|Politoed, F|100/100
|switch|p2a: Breloom|Breloom, M|100/100
|-weather|RainDance|[from] ability: Drizzle|[of] p1a: Politoed
|turn|1
|
|t:|1730925301
|switch|p1a: Thundurus|Thundurus-Therian, M|100/100
|move|p2a: Breloom|Bullet Seed|p1a: Thundurus
|-resisted|p1a: Thundurus
|-damage|p1a: Thundurus|86/100
|-resisted|p1a: Thundurus
|-damage|p1a: Thundurus|71/100
|-resisted|p1a: Thundurus
|-damage|p1a: Thundurus|57/100
|-resisted|p1a: Thundurus
|-damage|p1a: Thundurus|43/100
|-hitcount|p1a: Thundurus|4
|
|-weather|RainDance|[upkeep]
|upkeep
|turn|2
|
|t:|1730925315
|switch|p2a: Seismitoad|Seismitoad, F|100/100
|move|p1a: Thundurus|Hidden Power|p2a: Seismitoad
|-damage|p2a: Seismitoad|71/100
|
|-weather|RainDance|[upkeep]
|-heal|p2a: Seismitoad|77/100|[from] item: Leftovers
|upkeep
|turn|3
|
|t:|1730925320
|switch|p1a: Ferrothorn|Ferrothorn, M|100/100
|move|p2a: Seismitoad|Stealth Rock|p1a: Ferrothorn
|-sidestart|p1: Born2loosev1|move: Stealth Rock
|
|-weather|RainDance|[upkeep]
|-heal|p2a: Seismitoad|84/100|[from] item: Leftovers
|upkeep
|turn|4
|
|t:|1730925323
|switch|p2a: Breloom|Breloom, M|100/100
|move|p1a: Ferrothorn|Stealth Rock|p2a: Breloom
|-sidestart|p2: happy_hitbox|move: Stealth Rock
|
|-weather|RainDance|[upkeep]
|upkeep
|turn|5
|
|t:|1730925331
|switch|p1a: Thundurus|Thundurus-Therian, M|43/100
|-damage|p1a: Thundurus|18/100|[from] Stealth Rock
|move|p2a: Breloom|Low Sweep|p1a: Thundurus
|-resisted|p1a: Thundurus
|-damage|p1a: Thundurus|0 fnt
|faint|p1a: Thundurus
|
|-weather|RainDance|[upkeep]
|upkeep
|
|t:|1730925346
|switch|p1a: Keldeo|Keldeo-Resolute|100/100
|-damage|p1a: Keldeo|94/100|[from] Stealth Rock
|turn|6
|
|t:|1730925350
|switch|p2a: Jirachi|Jirachi|100/100
|-damage|p2a: Jirachi|94/100|[from] Stealth Rock
|move|p1a: Keldeo|Focus Blast|p2a: Jirachi
|-damage|p2a: Jirachi|39/100
|-unboost|p2a: Jirachi|spd|1
|
|-weather|RainDance|[upkeep]
|-heal|p2a: Jirachi|46/100|[from] item: Leftovers
|upkeep
|turn|7
|
|t:|1730925371
|switch|p2a: Politoed|Politoed, M|100/100
|-damage|p2a: Politoed|88/100|[from] Stealth Rock
|move|p1a: Keldeo|Focus Blast|p2a: Politoed
|-damage|p2a: Politoed|8/100
|
|-weather|RainDance|[upkeep]
|upkeep
|turn|8
|
|t:|1730925385
|switch|p1a: Ferrothorn|Ferrothorn, M|100/100
|-damage|p1a: Ferrothorn|94/100|[from] Stealth Rock
|move|p2a: Politoed|Hydro Pump|p1a: Ferrothorn|[miss]
|-miss|p2a: Politoed|p1a: Ferrothorn
|
|-weather|RainDance|[upkeep]
|-heal|p1a: Ferrothorn|100/100|[from] item: Leftovers
|upkeep
|turn|9
|
|t:|1730925393
|switch|p2a: Forretress|Forretress, M|100/100
|-damage|p2a: Forretress|88/100|[from] Stealth Rock
|switch|p1a: Keldeo|Keldeo-Resolute|94/100
|-damage|p1a: Keldeo|88/100|[from] Stealth Rock
|
|-weather|RainDance|[upkeep]
|-heal|p2a: Forretress|94/100|[from] item: Leftovers
|upkeep
|turn|10
|
|t:|1730925401
|switch|p2a: Politoed|Politoed, M|8/100
|-damage|p2a: Politoed|0 fnt|[from] Stealth Rock
|faint|p2a: Politoed
|move|p1a: Keldeo|Focus Blast|p2: Politoed|[notarget]
|-fail|p1a: Keldeo
|
|-weather|RainDance|[upkeep]
|upkeep
|inactive|happy_hitbox has 120 seconds left.
|
|t:|1730925434
|switch|p2a: Forretress|Forretress, M|94/100
|-damage|p2a: Forretress|82/100|[from] Stealth Rock
|turn|11
|
|t:|1730925436
|move|p1a: Keldeo|Focus Blast|p2a: Forretress
|-damage|p2a: Forretress|0 fnt
|faint|p2a: Forretress
|
|-weather|RainDance|[upkeep]
|upkeep
|-message|happy_hitbox forfeited.
|
|win|Born2loosev1
|raw|Born2loosev1's rating: 1295 &rarr; <strong>1329</strong><br />(+34 for winning)
|raw|happy_hitbox's rating: 1433 &rarr; <strong>1405</strong><br />(-28 for losing)
|l|☆happy_hitbox
|player|p2|
