|join|chadbruv
|join|Aromatic
|player|p1|chadbruv|200
|player|p2|Aromatic|255
|gametype|singles
|gen|5
|tier|[Gen 5] OU
|rated
|rule|Evasion Abilities Clause: Evasion abilities are banned
|clearpoke
|poke|p1|Tyranitar, F
|poke|p1|Magnezone
|poke|p1|Terrakion
|poke|p1|Latios, M, shiny
|poke|p1|Scizor, M, shiny
|poke|p1|Landorus-Therian, M
|poke|p2|Hippowdon, F, shiny
|poke|p2|Latias, F
|poke|p2|Skarmory, M
|poke|p2|Roserade, F, shiny
|poke|p2|Stoutland, M
|poke|p2|Jellicent, F, shiny
|rule|Sleep Clause Mod: Limit one foe put to sleep
|rule|Species Clause: Limit one of each Pokemon
|rule|OHKO Clause: OHKO moves are banned
|rule|Moody Clause: Moody is banned
|rule|Evasion Moves Clause: Evasion moves are banned
|rule|Endless Battle Clause: Forcing endless battles is banned.
|rule|HP Percentage Mod: HP is reported as percentages
|teampreview
|
|start
|switch|p1a: Lebron|Landorus-Therian, M|382/382
|switch|p2a: Hippowdon|Hippowdon, F, shiny|420/420
|-ability|p1a: Lebron|Intimidate|[of] p2a: Hippowdon
|-unboost|p2a: Hippowdon|atk|1
|-weather|Sandstorm|[from] ability: Sand Stream|[of] p2a: Hippowdon
|turn|1
|
|move|p1a: Lebron|Toxic|p2a: Hippowdon|[miss]
|-miss|p1a: Lebron|p2a: Hippowdon
|move|p2a: Hippowdon|Stealth Rock|p1a: Lebron
|-sidestart|p1: chadbruv|move: Stealth Rock
|
|-weather|Sandstorm|[upkeep]
|turn|2
|
|switch|p2a: Jellicent|Jellicent, F, shiny|403/403
|move|p1a: Lebron|Toxic|p2a: Jellicent
|-status|p2a: Jellicent|tox
|
|-weather|Sandstorm|[upkeep]
|-damage|p2a: Jellicent|378/403 tox|[from] sandstorm
|-heal|p2a: Jellicent|403/403 tox|[from] item: Leftovers
|-damage|p2a: Jellicent|378/403 tox|[from] psn
|turn|3
|
|switch|p1a: Bosh|Latios, M, shiny|301/301
|-damage|p1a: Bosh|264/301|[from] Stealth Rock
|move|p2a: Jellicent|Scald|p1a: Bosh
|-resisted|p1a: Bosh
|-damage|p1a: Bosh|225/301
|
|-weather|Sandstorm|[upkeep]
|-damage|p1a: Bosh|207/301|[from] sandstorm
|-damage|p2a: Jellicent|353/403 tox|[from] sandstorm
|-heal|p2a: Jellicent|378/403 tox|[from] item: Leftovers
|-damage|p2a: Jellicent|328/403 tox|[from] psn
|turn|4
|
|move|p1a: Bosh|Energy Ball|p2a: Jellicent
|-supereffective|p2a: Jellicent
|-damage|p2a: Jellicent|110/403 tox
|move|p2a: Jellicent|Shadow Ball|p1a: Bosh
|-supereffective|p1a: Bosh
|-damage|p1a: Bosh|55/301
|-unboost|p1a: Bosh|spd|1
|
|-weather|Sandstorm|[upkeep]
|-damage|p1a: Bosh|37/301|[from] sandstorm
|-damage|p2a: Jellicent|85/403 tox|[from] sandstorm
|-heal|p2a: Jellicent|110/403 tox|[from] item: Leftovers
|-damage|p2a: Jellicent|35/403 tox|[from] psn
|turn|5
|
|switch|p2a: Roserade|Roserade, F, shiny|324/324
|move|p1a: Bosh|Psyshock|p2a: Roserade
|-supereffective|p2a: Roserade
|-damage|p2a: Roserade|0 fnt
|faint|p2a: Roserade
|
|-weather|Sandstorm|[upkeep]
|-damage|p1a: Bosh|19/301|[from] sandstorm
|
|switch|p2a: Skarmory|Skarmory, M|334/334
|turn|6
|
|move|p1a: Bosh|Surf|p2a: Skarmory
|-damage|p2a: Skarmory|174/334
|move|p2a: Skarmory|Spikes|p1a: Bosh
|-sidestart|p1: chadbruv|Spikes
|
|-weather|Sandstorm|[upkeep]
|-damage|p1a: Bosh|1/301|[from] sandstorm
|turn|7
|
|move|p1a: Bosh|Surf|p2a: Skarmory
|-damage|p2a: Skarmory|22/334
|move|p2a: Skarmory|Spikes|p1a: Bosh
|-sidestart|p1: chadbruv|Spikes
|
|-weather|Sandstorm|[upkeep]
|-damage|p1a: Bosh|0 fnt|[from] sandstorm
|faint|p1a: Bosh
|
|switch|p1a: Ray Allen|Magnezone|283/283
|-damage|p1a: Ray Allen|266/283|[from] Stealth Rock
|-damage|p1a: Ray Allen|219/283|[from] Spikes
|turn|8
|
|move|p1a: Ray Allen|Charge Beam|p2a: Skarmory
|-supereffective|p2a: Skarmory
|-damage|p2a: Skarmory|0 fnt
|-boost|p1a: Ray Allen|spa|1
|faint|p2a: Skarmory
|
|-weather|Sandstorm|[upkeep]
|-heal|p1a: Ray Allen|236/283|[from] item: Leftovers
|
|switch|p2a: Stoutland|Stoutland, M|311/311
|turn|9
|
|move|p2a: Stoutland|Return|p1a: Ray Allen
|-resisted|p1a: Ray Allen
|-damage|p1a: Ray Allen|127/283
|move|p1a: Ray Allen|Flash Cannon|p2a: Stoutland
|-damage|p2a: Stoutland|76/311
|
|-weather|Sandstorm|[upkeep]
|-heal|p1a: Ray Allen|144/283|[from] item: Leftovers
|turn|10
|
|move|p2a: Stoutland|Return|p1a: Ray Allen
|-resisted|p1a: Ray Allen
|-damage|p1a: Ray Allen|33/283
|move|p1a: Ray Allen|Flash Cannon|p2a: Stoutland
|-damage|p2a: Stoutland|0 fnt
|faint|p2a: Stoutland
|
|-weather|Sandstorm|[upkeep]
|-heal|p1a: Ray Allen|50/283|[from] item: Leftovers
|
|switch|p2a: Latias|Latias, F|364/364
|turn|11
|
|move|p2a: Latias|Hidden Power|p1a: Ray Allen
|-supereffective|p1a: Ray Allen
|-damage|p1a: Ray Allen|0 fnt
|faint|p1a: Ray Allen
|
|-weather|Sandstorm|[upkeep]
|-damage|p2a: Latias|342/364|[from] sandstorm
|-heal|p2a: Latias|364/364|[from] item: Leftovers
|
|switch|p1a: Rickey Smiley|Tyranitar, F|403/403
|-damage|p1a: Rickey Smiley|336/403|[from] Spikes
|-damage|p1a: Rickey Smiley|286/403|[from] Stealth Rock
|turn|12
|
|move|p1a: Rickey Smiley|Pursuit|p2a: Latias|[from]Pursuit
|-supereffective|p2a: Latias
|-damage|p2a: Latias|80/364
|switch|p2a: Hippowdon|Hippowdon, F, shiny|420/420
|
|-weather|Sandstorm|[upkeep]
|-heal|p1a: Rickey Smiley|311/403|[from] item: Leftovers
|turn|13
|
|move|p1a: Rickey Smiley|Ice Beam|p2a: Hippowdon
|-supereffective|p2a: Hippowdon
|-damage|p2a: Hippowdon|276/420
|move|p2a: Hippowdon|Whirlwind|p1a: Rickey Smiley
|drag|p1a: Lebron|Landorus-Therian, M|382/382
|-damage|p1a: Lebron|335/382|[from] Stealth Rock
|-ability|p1a: Lebron|Intimidate|[of] p2a: Hippowdon
|-unboost|p2a: Hippowdon|atk|1
|
|-weather|Sandstorm|[upkeep]
|-heal|p2a: Hippowdon|302/420|[from] item: Leftovers
|turn|14
|-message|Aromatic forfeited.
|
|win|chadbruv
|raw|Ladder updating...
|leave|Aromatic
|player|p2
|raw|chadbruv's rating: 1509 &rarr; <strong>1532</strong><br />(+23 for winning)
|raw|Aromatic's rating: 1561 &rarr; <strong>1538</strong><br />(-23 for losing)