|j|☆repinho2711
|j|☆Rinamarokirurai!
|t:|1704832699
|gametype|singles
|player|p1|repinho2711|ethan|1352
|player|p2|Rinamarokirurai!|lyra|1290
|teamsize|p1|6
|teamsize|p2|6
|gen|5
|tier|[Gen 5] OU
|rated|
|rule|Species Clause: Limit one of each Pokémon
|rule|OHKO Clause: OHKO moves are banned
|rule|Moody Clause: Moody is banned
|rule|Evasion Items Clause: Evasion items are banned
|rule|Evasion Moves Clause: Evasion moves are banned
|rule|Endless Battle Clause: Forcing endless battles is banned
|rule|HP Percentage Mod: HP is shown in percentages
|rule|Evasion Abilities Clause: Evasion abilities are banned
|rule|Sleep Moves Clause: Sleep-inducing moves are banned
|rule|Swagger Clause: Swagger is banned
|rule|Baton Pass Stat Clause: No Baton Passer may have a way to boost its stats
|clearpoke
|poke|p1|Scizor, M|item
|poke|p1|Donphan, M|item
|poke|p1|Porygon-Z|item
|poke|p1|Virizion|item
|poke|p1|Xatu, M|item
|poke|p1|Milotic, M|item
|poke|p2|Tyranitar, M|item
|poke|p2|Gliscor, F|item
|poke|p2|Ferrothorn, M|item
|poke|p2|Magnezone|item
|poke|p2|Latios, M|item
|poke|p2|Terrakion|item
|teampreview
|inactive|Battle timer is ON: inactive players will automatically lose when time's up. (requested by Rinamarokirurai!)
|
|t:|1704832717
|start
|switch|p1a: Donphan|Donphan, M|100/100
|switch|p2a: Gliscor|Gliscor, F|100/100
|turn|1
|
|t:|1704832724
|switch|p1a: Xatu|Xatu, M|100/100
|move|p2a: Gliscor|Swords Dance|p2a: Gliscor
|-boost|p2a: Gliscor|atk|2
|
|-status|p2a: Gliscor|tox|[from] item: Toxic Orb
|upkeep
|turn|2
|
|t:|1704832733
|move|p2a: Gliscor|Ice Fang|p1a: Xatu
|-supereffective|p1a: Xatu
|-damage|p1a: Xatu|41/100
|-status|p1a: Xatu|frz
|-damage|p2a: Gliscor|84/100 tox|[from] item: Rocky Helmet|[of] p1a: Xatu
|cant|p1a: Xatu|frz
|
|-heal|p2a: Gliscor|97/100 tox|[from] ability: Poison Heal
|upkeep
|turn|3
|
|t:|1704832744
|switch|p1a: Milotic|Milotic, M|100/100
|move|p2a: Gliscor|Swords Dance|p2a: Gliscor
|-boost|p2a: Gliscor|atk|2
|
|-heal|p2a: Gliscor|100/100 tox|[from] ability: Poison Heal
|upkeep
|turn|4
|
|t:|1704832758
|move|p2a: Gliscor|Earthquake|p1a: Milotic
|-damage|p1a: Milotic|0 fnt
|faint|p1a: Milotic
|
|upkeep
|
|t:|1704832763
|switch|p1a: Porygon-Z|Porygon-Z, shiny|100/100
|turn|5
|
|t:|1704832771
|move|p2a: Gliscor|Protect|p2a: Gliscor
|-singleturn|p2a: Gliscor|Protect
|move|p1a: Porygon-Z|Tri Attack|p2a: Gliscor
|-activate|p2a: Gliscor|move: Protect
|
|upkeep
|turn|6
|
|t:|1704832779
|move|p1a: Porygon-Z|Tri Attack|p2a: Gliscor
|-crit|p2a: Gliscor
|-damage|p2a: Gliscor|0 fnt
|faint|p2a: Gliscor
|
|upkeep
|
|t:|1704832784
|switch|p2a: Terrakion|Terrakion|100/100
|turn|7
|
|t:|1704832787
|switch|p1a: Xatu|Xatu, M|41/100 frz
|move|p2a: Terrakion|Close Combat|p1a: Xatu
|-resisted|p1a: Xatu
|-damage|p1a: Xatu|19/100 frz
|-unboost|p2a: Terrakion|def|1
|-unboost|p2a: Terrakion|spd|1
|-damage|p2a: Terrakion|84/100|[from] item: Rocky Helmet|[of] p1a: Xatu
|
|upkeep
|turn|8
|
|t:|1704832797
|move|p2a: Terrakion|Close Combat|p1a: Xatu
|-resisted|p1a: Xatu
|-damage|p1a: Xatu|0 fnt
|-unboost|p2a: Terrakion|def|1
|-unboost|p2a: Terrakion|spd|1
|-damage|p2a: Terrakion|68/100|[from] item: Rocky Helmet|[of] p1a: Xatu
|faint|p1a: Xatu
|
|upkeep
|
|t:|1704832805
|switch|p1a: Donphan|Donphan, M|100/100
|turn|9
|
|t:|1704832811
|move|p2a: Terrakion|Close Combat|p1a: Donphan
|-damage|p1a: Donphan|38/100
|-unboost|p2a: Terrakion|def|1
|-unboost|p2a: Terrakion|spd|1
|move|p1a: Donphan|Stealth Rock|p2a: Terrakion
|-sidestart|p2: Rinamarokirurai!|move: Stealth Rock
|
|-heal|p1a: Donphan|44/100|[from] item: Leftovers
|upkeep
|turn|10
|
|t:|1704832826
|move|p1a: Donphan|Ice Shard|p2a: Terrakion
|-damage|p2a: Terrakion|29/100
|move|p2a: Terrakion|Close Combat|p1a: Donphan
|-damage|p1a: Donphan|0 fnt
|-unboost|p2a: Terrakion|def|1
|-unboost|p2a: Terrakion|spd|1
|faint|p1a: Donphan
|
|upkeep
|
|t:|1704832837
|switch|p1a: Porygon-Z|Porygon-Z, shiny|100/100
|turn|11
|
|t:|1704832848
|move|p1a: Porygon-Z|Hidden Power|p2a: Terrakion
|-supereffective|p2a: Terrakion
|-damage|p2a: Terrakion|0 fnt
|faint|p2a: Terrakion
|
|upkeep
|
|t:|1704832856
|switch|p2a: Tyranitar|Tyranitar, M|100/100
|-damage|p2a: Tyranitar|88/100|[from] Stealth Rock
|-weather|Sandstorm|[from] ability: Sand Stream|[of] p2a: Tyranitar
|turn|12
|
|t:|1704832862
|move|p1a: Porygon-Z|Hidden Power|p2a: Tyranitar
|-supereffective|p2a: Tyranitar
|-enditem|p2a: Tyranitar|Chople Berry|[eat]
|-enditem|p2a: Tyranitar|Chople Berry|[weaken]
|-damage|p2a: Tyranitar|65/100
|move|p2a: Tyranitar|Thunder Wave|p1a: Porygon-Z
|-status|p1a: Porygon-Z|par
|
|-weather|Sandstorm|[upkeep]
|-damage|p1a: Porygon-Z|94/100 par|[from] Sandstorm
|upkeep
|turn|13
|
|t:|1704832872
|switch|p2a: Latios|Latios, M|100/100
|-damage|p2a: Latios|88/100|[from] Stealth Rock
|move|p1a: Porygon-Z|Hidden Power|p2a: Latios
|-resisted|p2a: Latios
|-damage|p2a: Latios|75/100
|
|-weather|Sandstorm|[upkeep]
|-damage|p2a: Latios|69/100|[from] Sandstorm
|-damage|p1a: Porygon-Z|88/100 par|[from] Sandstorm
|upkeep
|turn|14
|
|t:|1704832883
|move|p2a: Latios|Surf|p1a: Porygon-Z
|-damage|p1a: Porygon-Z|39/100 par
|move|p1a: Porygon-Z|Hidden Power|p2a: Latios
|-resisted|p2a: Latios
|-damage|p2a: Latios|55/100
|
|-weather|Sandstorm|[upkeep]
|-damage|p2a: Latios|49/100|[from] Sandstorm
|-damage|p1a: Porygon-Z|33/100 par|[from] Sandstorm
|upkeep
|turn|15
|
|t:|1704832893
|switch|p1a: Virizion|Virizion|100/100
|move|p2a: Latios|Surf|p1a: Virizion
|-resisted|p1a: Virizion
|-damage|p1a: Virizion|85/100
|
|-weather|Sandstorm|[upkeep]
|-damage|p2a: Latios|43/100|[from] Sandstorm
|-damage|p1a: Virizion|79/100|[from] Sandstorm
|upkeep
|turn|16
|
|t:|1704832903
|switch|p2a: Ferrothorn|Ferrothorn, M|100/100
|-damage|p2a: Ferrothorn|94/100|[from] Stealth Rock
|move|p1a: Virizion|Close Combat|p2a: Ferrothorn
|-supereffective|p2a: Ferrothorn
|-enditem|p2a: Ferrothorn|Chople Berry|[eat]
|-enditem|p2a: Ferrothorn|Chople Berry|[weaken]
|-damage|p2a: Ferrothorn|64/100
|-unboost|p1a: Virizion|def|1
|-unboost|p1a: Virizion|spd|1
|-damage|p1a: Virizion|67/100|[from] ability: Iron Barbs|[of] p2a: Ferrothorn
|
|-weather|Sandstorm|[upkeep]
|-damage|p1a: Virizion|61/100|[from] Sandstorm
|upkeep
|turn|17
|
|t:|1704832917
|move|p1a: Virizion|Close Combat|p2a: Ferrothorn
|-supereffective|p2a: Ferrothorn
|-damage|p2a: Ferrothorn|0 fnt
|-unboost|p1a: Virizion|def|1
|-unboost|p1a: Virizion|spd|1
|-damage|p1a: Virizion|48/100|[from] ability: Iron Barbs|[of] p2a: Ferrothorn
|faint|p2a: Ferrothorn
|
|-weather|Sandstorm|[upkeep]
|-damage|p1a: Virizion|42/100|[from] Sandstorm
|upkeep
|
|t:|1704832923
|switch|p2a: Latios|Latios, M|43/100
|-damage|p2a: Latios|31/100|[from] Stealth Rock
|turn|18
|
|t:|1704832937
|switch|p1a: Porygon-Z|Porygon-Z, shiny|33/100 par
|move|p2a: Latios|Dragon Pulse|p1a: Porygon-Z
|-damage|p1a: Porygon-Z|0 fnt
|faint|p1a: Porygon-Z
|
|-weather|Sandstorm|[upkeep]
|-damage|p2a: Latios|25/100|[from] Sandstorm
|upkeep
|
|t:|1704832947
|switch|p1a: Virizion|Virizion|42/100
|turn|19
|
|t:|1704832951
|move|p2a: Latios|Dragon Pulse|p1a: Virizion
|-damage|p1a: Virizion|0 fnt
|faint|p1a: Virizion
|
|-weather|Sandstorm|[upkeep]
|-damage|p2a: Latios|19/100|[from] Sandstorm
|upkeep
|
|t:|1704832958
|switch|p1a: Scizor|Scizor, M, shiny|100/100
|turn|20
|
|t:|1704832962
|switch|p2a: Tyranitar|Tyranitar, M|65/100
|-damage|p2a: Tyranitar|52/100|[from] Stealth Rock
|move|p1a: Scizor|Swords Dance|p1a: Scizor
|-boost|p1a: Scizor|atk|2
|
|-weather|Sandstorm|[upkeep]
|upkeep
|turn|21
|
|t:|1704832971
|move|p1a: Scizor|Bullet Punch|p2a: Tyranitar
|-supereffective|p2a: Tyranitar
|-damage|p2a: Tyranitar|0 fnt
|faint|p2a: Tyranitar
|-damage|p1a: Scizor|91/100|[from] item: Life Orb
|
|-weather|Sandstorm|[upkeep]
|upkeep
|
|t:|1704832978
|switch|p2a: Latios|Latios, M|19/100
|-damage|p2a: Latios|6/100|[from] Stealth Rock
|turn|22
|
|t:|1704832985
|move|p1a: Scizor|Bullet Punch|p2a: Latios
|-crit|p2a: Latios
|-damage|p2a: Latios|0 fnt
|faint|p2a: Latios
|-damage|p1a: Scizor|81/100|[from] item: Life Orb
|
|-weather|Sandstorm|[upkeep]
|upkeep
|
|t:|1704832986
|switch|p2a: Magnezone|Magnezone|100/100
|-damage|p2a: Magnezone|94/100|[from] Stealth Rock
|turn|23
|
|t:|1704832996
|move|p2a: Magnezone|Substitute|p2a: Magnezone
|-start|p2a: Magnezone|Substitute
|-damage|p2a: Magnezone|70/100
|move|p1a: Scizor|Superpower|p2a: Magnezone
|-supereffective|p2a: Magnezone
|-end|p2a: Magnezone|Substitute
|-unboost|p1a: Scizor|atk|1
|-unboost|p1a: Scizor|def|1
|-damage|p1a: Scizor|71/100|[from] item: Life Orb
|
|-weather|Sandstorm|[upkeep]
|-heal|p2a: Magnezone|76/100|[from] item: Leftovers
|upkeep
|turn|24
|
|t:|1704833012
|move|p2a: Magnezone|Substitute|p2a: Magnezone
|-start|p2a: Magnezone|Substitute
|-damage|p2a: Magnezone|51/100
|move|p1a: Scizor|Superpower|p2a: Magnezone
|-supereffective|p2a: Magnezone
|-end|p2a: Magnezone|Substitute
|-unboost|p1a: Scizor|atk|1
|-unboost|p1a: Scizor|def|1
|-damage|p1a: Scizor|61/100|[from] item: Life Orb
|
|-weather|Sandstorm|[upkeep]
|-heal|p2a: Magnezone|57/100|[from] item: Leftovers
|upkeep
|turn|25
|
|t:|1704833025
|move|p2a: Magnezone|Substitute|p2a: Magnezone
|-start|p2a: Magnezone|Substitute
|-damage|p2a: Magnezone|32/100
|move|p1a: Scizor|Superpower|p2a: Magnezone
|-supereffective|p2a: Magnezone
|-end|p2a: Magnezone|Substitute
|-unboost|p1a: Scizor|atk|1
|-unboost|p1a: Scizor|def|1
|-damage|p1a: Scizor|51/100|[from] item: Life Orb
|
|-weather|Sandstorm|[upkeep]
|-heal|p2a: Magnezone|38/100|[from] item: Leftovers
|upkeep
|turn|26
|
|t:|1704833037
|move|p2a: Magnezone|Substitute|p2a: Magnezone
|-start|p2a: Magnezone|Substitute
|-damage|p2a: Magnezone|13/100
|move|p1a: Scizor|Superpower|p2a: Magnezone
|-supereffective|p2a: Magnezone
|-end|p2a: Magnezone|Substitute
|-unboost|p1a: Scizor|atk|1
|-unboost|p1a: Scizor|def|1
|-damage|p1a: Scizor|41/100|[from] item: Life Orb
|
|-weather|Sandstorm|[upkeep]
|-heal|p2a: Magnezone|19/100|[from] item: Leftovers
|upkeep
|turn|27
|
|t:|1704833050
|move|p2a: Magnezone|Thunderbolt|p1a: Scizor
|-damage|p1a: Scizor|0 fnt
|faint|p1a: Scizor
|
|win|Rinamarokirurai!
|raw|repinho2711's rating: 1352 &rarr; <strong>1328</strong><br />(-24 for losing)
|raw|Rinamarokirurai!'s rating: 1290 &rarr; <strong>1319</strong><br />(+29 for winning)
