|j|☆kaoru hana
|j|☆Lucario1324
|t:|1732565868
|gametype|singles
|player|p1|kaoru hana|bea|1449
|player|p2|Lucario1324|101|1344
|teamsize|p1|6
|teamsize|p2|6
|gen|5
|tier|[Gen 5] OU
|rated|
|rule|Species Clause: Limit one of each Pokémon
|rule|OHKO Clause: OHKO moves are banned
|rule|Moody Clause: Moody is banned
|rule|Evasion Items Clause: Evasion items are banned
|rule|Evasion Moves Clause: Evasion moves are banned
|rule|Endless Battle Clause: Forcing endless battles is banned
|rule|HP Percentage Mod: HP is shown in percentages
|rule|Evasion Abilities Clause: Evasion abilities are banned
|rule|Sleep Moves Clause: Sleep-inducing moves are banned
|rule|Swagger Clause: Swagger is banned
|rule|Baton Pass Stat Clause: No Baton Passer may have a way to boost its stats
|clearpoke
|poke|p1|Keldeo|item
|poke|p1|Terrakion|item
|poke|p1|Breloom, F|item
|poke|p1|Lucario, M|item
|poke|p1|Toxicroak, F|item
|poke|p1|Conkeldurr, M|item
|poke|p2|Politoed, F|item
|poke|p2|Ferrothorn, F|item
|poke|p2|Tentacruel, F|item
|poke|p2|Jirachi|item
|poke|p2|Thundurus-Therian, M|item
|poke|p2|Latios, M|item
|teampreview
|inactive|Battle timer is ON: inactive players will automatically lose when time's up. (requested by kaoru hana)
|
|t:|1732565888
|start
|switch|p1a: Toxicroak|Toxicroak, F|100/100
|switch|p2a: Politoed|Politoed, F|100/100
|-weather|RainDance|[from] ability: Drizzle|[of] p2a: Politoed
|turn|1
|
|t:|1732565896
|switch|p2a: Jirachi|Jirachi|100/100
|move|p1a: Toxicroak|Swords Dance|p1a: Toxicroak
|-boost|p1a: Toxicroak|atk|2
|
|-weather|RainDance|[upkeep]
|upkeep
|turn|2
|
|t:|1732565904
|switch|p1a: Lucario|Lucario, M|100/100
|move|p2a: Jirachi|Thunder|p1a: Lucario
|-damage|p1a: Lucario|54/100
|-status|p1a: Lucario|par
|
|-weather|RainDance|[upkeep]
|upkeep
|turn|3
|
|t:|1732565914
|move|p2a: Jirachi|Substitute|p2a: Jirachi
|-start|p2a: Jirachi|Substitute
|-damage|p2a: Jirachi|75/100
|move|p1a: Lucario|Close Combat|p2a: Jirachi
|-end|p2a: Jirachi|Substitute
|-unboost|p1a: Lucario|def|1
|-unboost|p1a: Lucario|spd|1
|-damage|p1a: Lucario|44/100 par|[from] item: Life Orb
|
|-weather|RainDance|[upkeep]
|-heal|p2a: Jirachi|82/100|[from] item: Leftovers
|upkeep
|turn|4
|
|t:|1732565925
|move|p2a: Jirachi|Thunder|p1a: Lucario
|-damage|p1a: Lucario|0 fnt
|faint|p1a: Lucario
|
|-weather|RainDance|[upkeep]
|-heal|p2a: Jirachi|88/100|[from] item: Leftovers
|upkeep
|
|t:|1732565932
|switch|p1a: Keldeo|Keldeo|100/100
|turn|5
|
|t:|1732565946
|switch|p2a: Tentacruel|Tentacruel, F|100/100
|move|p1a: Keldeo|Hydro Pump|p2a: Tentacruel
|-resisted|p2a: Tentacruel
|-crit|p2a: Tentacruel
|-damage|p2a: Tentacruel|30/100
|
|-weather|RainDance|[upkeep]
|-heal|p2a: Tentacruel|36/100|[from] ability: Rain Dish
|-heal|p2a: Tentacruel|42/100|[from] item: Black Sludge
|upkeep
|turn|6
|
|t:|1732565957
|switch|p2a: Jirachi|Jirachi|88/100
|move|p1a: Keldeo|Calm Mind|p1a: Keldeo
|-boost|p1a: Keldeo|spa|1
|-boost|p1a: Keldeo|spd|1
|
|-weather|RainDance|[upkeep]
|-heal|p2a: Jirachi|94/100|[from] item: Leftovers
|upkeep
|turn|7
|
|t:|1732565966
|move|p1a: Keldeo|Hydro Pump|p2a: Jirachi
|-damage|p2a: Jirachi|0 fnt
|faint|p2a: Jirachi
|
|-weather|RainDance|[upkeep]
|upkeep
|
|t:|1732565977
|switch|p2a: Tentacruel|Tentacruel, F|42/100
|turn|8
|
|t:|1732565982
|move|p1a: Keldeo|Hydro Pump|p2a: Tentacruel|[miss]
|-miss|p1a: Keldeo|p2a: Tentacruel
|move|p2a: Tentacruel|Toxic|p1a: Keldeo
|-status|p1a: Keldeo|tox
|
|-weather|RainDance|[upkeep]
|-heal|p2a: Tentacruel|48/100|[from] ability: Rain Dish
|-heal|p2a: Tentacruel|54/100|[from] item: Black Sludge
|-damage|p1a: Keldeo|94/100 tox|[from] psn
|upkeep
|turn|9
|
|t:|1732565993
|move|p2a: Tentacruel|Protect|p2a: Tentacruel
|-singleturn|p2a: Tentacruel|Protect
|move|p1a: Keldeo|Calm Mind|p1a: Keldeo
|-boost|p1a: Keldeo|spa|1
|-boost|p1a: Keldeo|spd|1
|
|-weather|RainDance|[upkeep]
|-heal|p2a: Tentacruel|60/100|[from] ability: Rain Dish
|-heal|p2a: Tentacruel|66/100|[from] item: Black Sludge
|-damage|p1a: Keldeo|82/100 tox|[from] psn
|upkeep
|turn|10
|
|t:|1732566007
|move|p1a: Keldeo|Hydro Pump|p2a: Tentacruel|[miss]
|-miss|p1a: Keldeo|p2a: Tentacruel
|move|p2a: Tentacruel|Scald|p1a: Keldeo
|-resisted|p1a: Keldeo
|-damage|p1a: Keldeo|72/100 tox
|
|-weather|RainDance|[upkeep]
|-heal|p2a: Tentacruel|72/100|[from] ability: Rain Dish
|-heal|p2a: Tentacruel|78/100|[from] item: Black Sludge
|-damage|p1a: Keldeo|53/100 tox|[from] psn
|upkeep
|turn|11
|
|t:|1732566019
|switch|p1a: Toxicroak|Toxicroak, F|100/100
|switch|p2a: Politoed|Politoed, F|100/100
|
|-weather|RainDance|[upkeep]
|upkeep
|turn|12
|
|t:|1732566036
|switch|p2a: Thundurus|Thundurus-Therian, M|100/100
|move|p1a: Toxicroak|Ice Punch|p2a: Thundurus
|-supereffective|p2a: Thundurus
|-damage|p2a: Thundurus|0 fnt
|faint|p2a: Thundurus
|-damage|p1a: Toxicroak|91/100|[from] item: Life Orb
|
|-weather|RainDance|[upkeep]
|-heal|p1a: Toxicroak|100/100|[from] ability: Dry Skin
|upkeep
|
|t:|1732566041
|switch|p2a: Latios|Latios, M|100/100
|turn|13
|
|t:|1732566066
|switch|p1a: Terrakion|Terrakion|100/100
|move|p2a: Latios|Draco Meteor|p1a: Terrakion
|-damage|p1a: Terrakion|22/100
|-unboost|p2a: Latios|spa|2
|
|-weather|RainDance|[upkeep]
|upkeep
|turn|14
|
|t:|1732566075
|switch|p2a: Tentacruel|Tentacruel, F|78/100
|move|p1a: Terrakion|Quick Attack|p2a: Tentacruel
|-damage|p2a: Tentacruel|59/100
|
|-weather|RainDance|[upkeep]
|-heal|p2a: Tentacruel|65/100|[from] ability: Rain Dish
|-heal|p2a: Tentacruel|71/100|[from] item: Black Sludge
|upkeep
|turn|15
|
|t:|1732566086
|move|p2a: Tentacruel|Protect|p2a: Tentacruel
|-singleturn|p2a: Tentacruel|Protect
|move|p1a: Terrakion|Stealth Rock|p2a: Tentacruel
|-sidestart|p2: Lucario1324|move: Stealth Rock
|
|-weather|RainDance|[upkeep]
|-heal|p2a: Tentacruel|77/100|[from] ability: Rain Dish
|-heal|p2a: Tentacruel|83/100|[from] item: Black Sludge
|upkeep
|turn|16
|
|t:|1732566095
|move|p1a: Terrakion|Stone Edge|p2a: Tentacruel
|-damage|p2a: Tentacruel|12/100
|move|p2a: Tentacruel|Rapid Spin|p1a: Terrakion
|-resisted|p1a: Terrakion
|-damage|p1a: Terrakion|20/100
|-sideend|p2: Lucario1324|Stealth Rock|[from] move: Rapid Spin|[of] p2a: Tentacruel
|
|-weather|RainDance|[upkeep]
|-heal|p2a: Tentacruel|18/100|[from] ability: Rain Dish
|-heal|p2a: Tentacruel|24/100|[from] item: Black Sludge
|upkeep
|turn|17
|
|t:|1732566108
|move|p1a: Terrakion|Stone Edge|p2a: Tentacruel
|-damage|p2a: Tentacruel|0 fnt
|faint|p2a: Tentacruel
|
|-weather|RainDance|[upkeep]
|upkeep
|
|t:|1732566120
|switch|p2a: Politoed|Politoed, F|100/100
|turn|18
|
|t:|1732566124
|move|p2a: Politoed|Ice Beam|p1a: Terrakion
|-damage|p1a: Terrakion|0 fnt
|faint|p1a: Terrakion
|
|-weather|RainDance|[upkeep]
|upkeep
|
|t:|1732566136
|switch|p1a: Conkeldurr|Conkeldurr, M|100/100
|turn|19
|
|t:|1732566140
|switch|p2a: Ferrothorn|Ferrothorn, F|100/100
|move|p1a: Conkeldurr|Bulk Up|p1a: Conkeldurr
|-boost|p1a: Conkeldurr|atk|1
|-boost|p1a: Conkeldurr|def|1
|
|-weather|RainDance|[upkeep]
|upkeep
|turn|20
|
|t:|1732566151
|move|p1a: Conkeldurr|Drain Punch|p2a: Ferrothorn
|-supereffective|p2a: Ferrothorn
|-damage|p2a: Ferrothorn|7/100
|-damage|p1a: Conkeldurr|88/100|[from] ability: Iron Barbs|[of] p2a: Ferrothorn
|move|p2a: Ferrothorn|Power Whip|p1a: Conkeldurr|[miss]
|-miss|p2a: Ferrothorn|p1a: Conkeldurr
|
|-weather|RainDance|[upkeep]
|-heal|p1a: Conkeldurr|94/100|[from] item: Leftovers
|upkeep
|turn|21
|
|t:|1732566162
|move|p1a: Conkeldurr|Drain Punch|p2a: Ferrothorn
|-supereffective|p2a: Ferrothorn
|-damage|p2a: Ferrothorn|0 fnt
|-heal|p1a: Conkeldurr|97/100|[from] drain|[of] p2a: Ferrothorn
|-damage|p1a: Conkeldurr|85/100|[from] ability: Iron Barbs|[of] p2a: Ferrothorn
|faint|p2a: Ferrothorn
|
|-weather|RainDance|[upkeep]
|-heal|p1a: Conkeldurr|91/100|[from] item: Leftovers
|upkeep
|
|t:|1732566179
|switch|p2a: Politoed|Politoed, F|100/100
|turn|22
|
|t:|1732566183
|move|p2a: Politoed|Hydro Pump|p1a: Conkeldurr
|-damage|p1a: Conkeldurr|10/100
|move|p1a: Conkeldurr|Drain Punch|p2a: Politoed
|-damage|p2a: Politoed|10/100
|-heal|p1a: Conkeldurr|49/100|[from] drain|[of] p2a: Politoed
|
|-weather|RainDance|[upkeep]
|-heal|p1a: Conkeldurr|55/100|[from] item: Leftovers
|upkeep
|turn|23
|
|t:|1732566193
|move|p1a: Conkeldurr|Mach Punch|p2a: Politoed
|-damage|p2a: Politoed|0 fnt
|faint|p2a: Politoed
|
|-weather|RainDance|[upkeep]
|-heal|p1a: Conkeldurr|61/100|[from] item: Leftovers
|upkeep
|
|t:|1732566196
|switch|p2a: Latios|Latios, M|100/100
|turn|24
|
|t:|1732566203
|move|p2a: Latios|Draco Meteor|p1a: Conkeldurr
|-damage|p1a: Conkeldurr|0 fnt
|-unboost|p2a: Latios|spa|2
|faint|p1a: Conkeldurr
|
|-weather|RainDance|[upkeep]
|upkeep
|
|t:|1732566210
|switch|p1a: Keldeo|Keldeo|53/100 tox
|turn|25
|
|t:|1732566213
|move|p2a: Latios|Calm Mind|p2a: Latios
|-boost|p2a: Latios|spa|1
|-boost|p2a: Latios|spd|1
|move|p1a: Keldeo|Hidden Power|p2a: Latios
|-supereffective|p2a: Latios
|-damage|p2a: Latios|65/100
|
|-weather|RainDance|[upkeep]
|-damage|p1a: Keldeo|47/100 tox|[from] psn
|upkeep
|turn|26
|
|t:|1732566222
|move|p2a: Latios|Calm Mind|p2a: Latios
|-boost|p2a: Latios|spa|1
|-boost|p2a: Latios|spd|1
|move|p1a: Keldeo|Hidden Power|p2a: Latios
|-supereffective|p2a: Latios
|-damage|p2a: Latios|42/100
|
|-weather|RainDance|[upkeep]
|-damage|p1a: Keldeo|35/100 tox|[from] psn
|upkeep
|turn|27
|
|t:|1732566232
|move|p2a: Latios|Roost|p2a: Latios
|-heal|p2a: Latios|92/100
|-singleturn|p2a: Latios|move: Roost
|move|p1a: Keldeo|Hidden Power|p2a: Latios
|-supereffective|p2a: Latios
|-damage|p2a: Latios|66/100
|
|-weather|RainDance|[upkeep]
|-damage|p1a: Keldeo|16/100 tox|[from] psn
|upkeep
|turn|28
|
|t:|1732566241
|move|p2a: Latios|Calm Mind|p2a: Latios
|-boost|p2a: Latios|spa|1
|-boost|p2a: Latios|spd|1
|move|p1a: Keldeo|Hidden Power|p2a: Latios
|-supereffective|p2a: Latios
|-damage|p2a: Latios|44/100
|
|-weather|RainDance|[upkeep]
|-damage|p1a: Keldeo|0 fnt|[from] psn
|faint|p1a: Keldeo
|upkeep
|
|t:|1732566250
|switch|p1a: Breloom|Breloom, F|100/100
|turn|29
|
|t:|1732566256
|move|p2a: Latios|Roost|p2a: Latios
|-heal|p2a: Latios|95/100
|-singleturn|p2a: Latios|move: Roost
|move|p1a: Breloom|Swords Dance|p1a: Breloom
|-boost|p1a: Breloom|atk|2
|
|-weather|RainDance|[upkeep]
|upkeep
|turn|30
|
|t:|1732566264
|move|p2a: Latios|Draco Meteor|p1a: Breloom
|-damage|p1a: Breloom|0 fnt
|-unboost|p2a: Latios|spa|2
|faint|p1a: Breloom
|
|-weather|RainDance|[upkeep]
|upkeep
|
|t:|1732566271
|switch|p1a: Toxicroak|Toxicroak, F|100/100
|turn|31
|
|t:|1732566274
|move|p2a: Latios|Draco Meteor|p1a: Toxicroak
|-damage|p1a: Toxicroak|27/100
|-unboost|p2a: Latios|spa|2
|move|p1a: Toxicroak|Ice Punch|p2a: Latios
|-supereffective|p2a: Latios
|-damage|p2a: Latios|0 fnt
|faint|p2a: Latios
|-damage|p1a: Toxicroak|17/100|[from] item: Life Orb
|
|win|kaoru hana
|raw|kaoru hana's rating: 1449 &rarr; <strong>1463</strong><br />(+14 for winning)
|raw|Lucario1324's rating: 1344 &rarr; <strong>1330</strong><br />(-14 for losing)
|l|☆Lucario1324
|player|p2|
