|j|☆fulacks
|j|☆Killerfishsandiego
|t:|1729782587
|gametype|singles
|player|p1|fulacks|101|1360
|player|p2|Killerfishsandiego|266|1445
|teamsize|p1|6
|teamsize|p2|6
|gen|5
|tier|[Gen 5] OU
|rated|
|rule|Species Clause: Limit one of each Pokémon
|rule|OHKO Clause: OHKO moves are banned
|rule|Moody Clause: Moody is banned
|rule|Evasion Items Clause: Evasion items are banned
|rule|Evasion Moves Clause: Evasion moves are banned
|rule|Endless Battle Clause: Forcing endless battles is banned
|rule|HP Percentage Mod: HP is shown in percentages
|rule|Evasion Abilities Clause: Evasion abilities are banned
|rule|Sleep Moves Clause: Sleep-inducing moves are banned
|rule|Swagger Clause: Swagger is banned
|rule|Baton Pass Stat Clause: No Baton Passer may have a way to boost its stats
|clearpoke
|poke|p1|Garchomp, F|item
|poke|p1|Volcarona, M|item
|poke|p1|Dragonite, M|item
|poke|p1|Breloom, M|item
|poke|p1|Starmie|item
|poke|p1|Scizor, F|item
|poke|p2|Tyranitar, M|item
|poke|p2|Rotom-Heat|item
|poke|p2|Terrakion|item
|poke|p2|Alakazam, F|item
|poke|p2|Forretress, F|item
|poke|p2|Jellicent, F|item
|teampreview
|
|t:|1729782598
|start
|switch|p1a: Garchomp|Garchomp, F|100/100
|switch|p2a: Forretress|Forretress, F|100/100
|turn|1
|
|t:|1729782604
|move|p1a: Garchomp|Swords Dance|p1a: Garchomp
|-boost|p1a: Garchomp|atk|2
|move|p2a: Forretress|Stealth Rock|p1a: Garchomp
|-sidestart|p1: fulacks|move: Stealth Rock
|
|upkeep
|turn|2
|
|t:|1729782613
|move|p1a: Garchomp|Earthquake|p2a: Forretress
|-damage|p2a: Forretress|42/100
|move|p2a: Forretress|Spikes|p1a: Garchomp
|-sidestart|p1: fulacks|Spikes
|
|upkeep
|turn|3
|
|t:|1729782626
|move|p1a: Garchomp|Earthquake|p2a: Forretress
|-damage|p2a: Forretress|0 fnt
|faint|p2a: Forretress
|
|upkeep
|
|t:|1729782628
|switch|p2a: Alakazam|Alakazam, F|100/100
|turn|4
|
|t:|1729782632
|move|p2a: Alakazam|Hidden Power|p1a: Garchomp
|-supereffective|p1a: Garchomp
|-enditem|p1a: Garchomp|Focus Sash
|-damage|p1a: Garchomp|1/100
|move|p1a: Garchomp|Earthquake|p2a: Alakazam
|-enditem|p2a: Alakazam|Focus Sash
|-damage|p2a: Alakazam|1/100
|
|upkeep
|turn|5
|
|t:|1729782641
|move|p2a: Alakazam|Hidden Power|p1a: Garchomp
|-supereffective|p1a: Garchomp
|-damage|p1a: Garchomp|0 fnt
|faint|p1a: Garchomp
|
|upkeep
|
|t:|1729782645
|switch|p1a: Starmie|Starmie|100/100
|-damage|p1a: Starmie|88/100|[from] Stealth Rock
|-item|p1a: Starmie|Air Balloon
|turn|6
|
|t:|1729782661
|switch|p2a: Jellicent|Jellicent, F|100/100
|-item|p2a: Jellicent|Air Balloon
|move|p1a: Starmie|Rapid Spin|p2a: Jellicent
|-immune|p2a: Jellicent
|
|upkeep
|turn|7
|
|t:|1729782670
|switch|p1a: Scizor|Scizor, F|100/100
|-damage|p1a: Scizor|88/100|[from] Stealth Rock
|-damage|p1a: Scizor|76/100|[from] Spikes
|move|p2a: Jellicent|Shadow Ball|p1a: Scizor
|-resisted|p1a: Scizor
|-damage|p1a: Scizor|52/100
|
|upkeep
|turn|8
|
|t:|1729782676
|move|p1a: Scizor|Pursuit|p2a: Jellicent
|-supereffective|p2a: Jellicent
|-damage|p2a: Jellicent|34/100
|-enditem|p2a: Jellicent|Air Balloon
|-damage|p1a: Scizor|42/100|[from] item: Life Orb
|move|p2a: Jellicent|Hidden Power|p1a: Scizor
|-supereffective|p1a: Scizor
|-damage|p1a: Scizor|0 fnt
|faint|p1a: Scizor
|
|upkeep
|
|t:|1729782693
|switch|p1a: Breloom|Breloom, M|100/100
|-damage|p1a: Breloom|94/100|[from] Stealth Rock
|-damage|p1a: Breloom|82/100|[from] Spikes
|turn|9
|
|t:|1729782699
|switch|p2a: Rotom|Rotom-Heat|100/100
|move|p1a: Breloom|Bullet Seed|p2a: Rotom
|-resisted|p2a: Rotom
|-damage|p2a: Rotom|85/100
|-resisted|p2a: Rotom
|-damage|p2a: Rotom|67/100
|-hitcount|p2a: Rotom|2
|-damage|p1a: Breloom|72/100|[from] item: Life Orb
|
|-heal|p2a: Rotom|73/100|[from] item: Leftovers
|upkeep
|turn|10
|
|t:|1729782719
|move|p2a: Rotom|Overheat|p1a: Breloom
|-supereffective|p1a: Breloom
|-damage|p1a: Breloom|0 fnt
|-unboost|p2a: Rotom|spa|2
|faint|p1a: Breloom
|
|-heal|p2a: Rotom|79/100|[from] item: Leftovers
|upkeep
|
|t:|1729782721
|switch|p1a: Starmie|Starmie|88/100
|-damage|p1a: Starmie|76/100|[from] Stealth Rock
|-item|p1a: Starmie|Air Balloon
|turn|11
|
|t:|1729782743
|switch|p2a: Tyranitar|Tyranitar, M|100/100
|-weather|Sandstorm|[from] ability: Sand Stream|[of] p2a: Tyranitar
|move|p1a: Starmie|Rapid Spin|p2a: Tyranitar
|-resisted|p2a: Tyranitar
|-damage|p2a: Tyranitar|99/100
|-sideend|p1: fulacks|Spikes|[from] move: Rapid Spin|[of] p1a: Starmie
|-sideend|p1: fulacks|Stealth Rock|[from] move: Rapid Spin|[of] p1a: Starmie
|
|-weather|Sandstorm|[upkeep]
|-damage|p1a: Starmie|70/100|[from] Sandstorm
|upkeep
|turn|12
|
|t:|1729782749
|switch|p2a: Jellicent|Jellicent, F|34/100
|move|p1a: Starmie|Hydro Pump|p2a: Jellicent
|-heal|p2a: Jellicent|59/100|[from] ability: Water Absorb|[of] p1a: Starmie
|
|-weather|Sandstorm|[upkeep]
|-damage|p1a: Starmie|64/100|[from] Sandstorm
|-damage|p2a: Jellicent|53/100|[from] Sandstorm
|upkeep
|turn|13
|
|t:|1729782753
|move|p1a: Starmie|Thunderbolt|p2a: Jellicent
|-supereffective|p2a: Jellicent
|-damage|p2a: Jellicent|5/100
|move|p2a: Jellicent|Shadow Ball|p1a: Starmie
|-supereffective|p1a: Starmie
|-damage|p1a: Starmie|0 fnt
|-enditem|p1a: Starmie|Air Balloon
|faint|p1a: Starmie
|
|-weather|Sandstorm|[upkeep]
|-damage|p2a: Jellicent|0 fnt|[from] Sandstorm
|faint|p2a: Jellicent
|upkeep
|
|t:|1729782770
|switch|p1a: Dragonite|Dragonite, M|100/100
|switch|p2a: Tyranitar|Tyranitar, M|99/100
|turn|14
|
|t:|1729782773
|move|p1a: Dragonite|Dragon Dance|p1a: Dragonite
|-boost|p1a: Dragonite|atk|1
|-boost|p1a: Dragonite|spe|1
|move|p2a: Tyranitar|Dragon Tail|p1a: Dragonite
|-supereffective|p1a: Dragonite
|-damage|p1a: Dragonite|77/100
|drag|p1a: Volcarona|Volcarona, M|100/100
|
|-weather|Sandstorm|[upkeep]
|-damage|p1a: Volcarona|94/100|[from] Sandstorm
|upkeep
|turn|15
|
|t:|1729782781
|move|p1a: Volcarona|Bug Buzz|p2a: Tyranitar
|-supereffective|p2a: Tyranitar
|-crit|p2a: Tyranitar
|-damage|p2a: Tyranitar|0 fnt
|faint|p2a: Tyranitar
|
|-weather|Sandstorm|[upkeep]
|-damage|p1a: Volcarona|88/100|[from] Sandstorm
|upkeep
|
|t:|1729782784
|switch|p2a: Terrakion|Terrakion|100/100
|turn|16
|
|t:|1729782791
|move|p2a: Terrakion|Stone Edge|p1a: Volcarona
|-supereffective|p1a: Volcarona
|-damage|p1a: Volcarona|0 fnt
|faint|p1a: Volcarona
|
|-weather|Sandstorm|[upkeep]
|upkeep
|
|t:|1729782792
|switch|p1a: Dragonite|Dragonite, M|77/100
|turn|17
|
|t:|1729782793
|move|p2a: Terrakion|Stone Edge|p1a: Dragonite
|-supereffective|p1a: Dragonite
|-damage|p1a: Dragonite|0 fnt
|faint|p1a: Dragonite
|
|win|Killerfishsandiego
|raw|fulacks's rating: 1360 &rarr; <strong>1345</strong><br />(-15 for losing)
|raw|Killerfishsandiego's rating: 1445 &rarr; <strong>1460</strong><br />(+15 for winning)
|c|☆fulacks|gg
|c|☆Killerfishsandiego|gg
