|join|Lotwewy
|join|16kims1
|player|p1|Lotwewy|154
|player|p2|16kims1|169
|gametype|singles
|gen|5
|tier|[Gen 5] OU
|rated
|rule|Evasion Abilities Clause: Evasion abilities are banned
|clearpoke
|poke|p1|Tyranitar, M
|poke|p1|Lucario, F
|poke|p1|Jirachi
|poke|p1|Mamoswine, M
|poke|p1|Terrakion
|poke|p1|Latias, F
|poke|p2|Politoed, F, shiny
|poke|p2|Tornadus, M
|poke|p2|Vaporeon, M, shiny
|poke|p2|Thundurus-Therian, M
|poke|p2|Keldeo
|poke|p2|Azumarill, M
|rule|Sleep Clause Mod: Limit one foe put to sleep
|rule|Species Clause: Limit one of each Pokemon
|rule|OHKO Clause: OHKO moves are banned
|rule|Moody Clause: Moody is banned
|rule|Evasion Moves Clause: Evasion moves are banned
|rule|Endless Battle Clause: Forcing endless battles is banned.
|rule|HP Percentage Mod: HP is reported as percentages
|teampreview
|
|start
|switch|p1a: Jirachi|Jirachi|404/404
|switch|p2a: Keldeo|Keldeo|323/323
|turn|1
|
|move|p2a: Keldeo|Scald|p1a: Jirachi
|-damage|p1a: Jirachi|232/404
|-damage|p2a: Keldeo|291/323|[from] item: Life Orb
|move|p1a: Jirachi|Calm Mind|p1a: Jirachi
|-boost|p1a: Jirachi|spa|1
|-boost|p1a: Jirachi|spd|1
|
|-heal|p1a: Jirachi|257/404|[from] item: Leftovers
|turn|2
|
|move|p2a: Keldeo|Secret Sword|p1a: Jirachi
|-damage|p1a: Jirachi|78/404
|-damage|p2a: Keldeo|259/323|[from] item: Life Orb
|move|p1a: Jirachi|Thunder|p2a: Keldeo|[miss]
|-miss|p1a: Jirachi|p2a: Keldeo
|
|-heal|p1a: Jirachi|103/404|[from] item: Leftovers
|turn|3
|
|switch|p1a: Latias|Latias, F|302/302
|move|p2a: Keldeo|Secret Sword|p1a: Latias
|-resisted|p1a: Latias
|-damage|p1a: Latias|201/302
|-damage|p2a: Keldeo|227/323|[from] item: Life Orb
|
|turn|4
|
|switch|p2a: Azumarill|Azumarill, M|403/403
|move|p1a: Latias|Psyshock|p2a: Azumarill
|-damage|p2a: Azumarill|191/403
|-damage|p1a: Latias|171/302|[from] item: Life Orb
|
|turn|5
|
|move|p2a: Azumarill|Aqua Jet|p1a: Latias
|-resisted|p1a: Latias
|-damage|p1a: Latias|113/302
|-damage|p2a: Azumarill|151/403|[from] item: Life Orb
|move|p1a: Latias|Psyshock|p2a: Azumarill
|-damage|p2a: Azumarill|0 fnt
|-damage|p1a: Latias|83/302|[from] item: Life Orb
|faint|p2a: Azumarill
|
|
|switch|p2a: Thundurus-Therian|Thundurus-Therian, M|299/299
|turn|6
|
|move|p2a: Thundurus-Therian|Focus Blast|p1a: Latias|[miss]
|-miss|p2a: Thundurus-Therian|p1a: Latias
|move|p1a: Latias|Draco Meteor|p2a: Thundurus-Therian
|-damage|p2a: Thundurus-Therian|0 fnt
|-unboost|p1a: Latias|spa|2
|-damage|p1a: Latias|53/302|[from] item: Life Orb
|faint|p2a: Thundurus-Therian
|
|
|switch|p2a: Keldeo|Keldeo|227/323
|turn|7
|
|move|p1a: Latias|Psyshock|p2a: Keldeo
|-supereffective|p2a: Keldeo
|-damage|p2a: Keldeo|40/323
|-damage|p1a: Latias|23/302|[from] item: Life Orb
|move|p2a: Keldeo|Hidden Power|p1a: Latias
|-supereffective|p1a: Latias
|-damage|p1a: Latias|0 fnt
|-damage|p2a: Keldeo|8/323|[from] item: Life Orb
|faint|p1a: Latias
|
|
|switch|p1a: Tyranitar|Tyranitar, M|341/341
|-weather|Sandstorm|[from] ability: Sand Stream|[of] p1a: Tyranitar
|turn|8
|
|move|p2a: Keldeo|Secret Sword|p1a: Tyranitar
|-supereffective|p1a: Tyranitar
|-enditem|p1a: Tyranitar|Focus Sash
|-damage|p1a: Tyranitar|1/341
|-damage|p2a: Keldeo|0 fnt|[from] item: Life Orb
|faint|p2a: Keldeo
|move|p1a: Tyranitar|Stealth Rock|p2: Keldeo
|-sidestart|p2: 16kims1|move: Stealth Rock
|
|-weather|Sandstorm|[upkeep]
|
|switch|p2a: Politoed|Politoed, F, shiny|384/384
|-damage|p2a: Politoed|336/384|[from] Stealth Rock
|-weather|RainDance|[from] ability: Drizzle|[of] p2a: Politoed
|turn|9
|
|switch|p1a: Jirachi|Jirachi|103/404
|move|p2a: Politoed|Hydro Pump|p1a: Jirachi|[miss]
|-miss|p2a: Politoed|p1a: Jirachi
|
|-weather|RainDance|[upkeep]
|-heal|p1a: Jirachi|128/404|[from] item: Leftovers
|turn|10
|
|move|p1a: Jirachi|Thunder|p2a: Politoed
|-supereffective|p2a: Politoed
|-damage|p2a: Politoed|152/384
|move|p2a: Politoed|Hydro Pump|p1a: Jirachi
|-damage|p1a: Jirachi|0 fnt
|faint|p1a: Jirachi
|
|-weather|RainDance|[upkeep]
|
|switch|p1a: Terrakion|Terrakion|324/324
|turn|11
|
|switch|p2a: Tornadus|Tornadus, M|300/300
|-damage|p2a: Tornadus|225/300|[from] Stealth Rock
|move|p1a: Terrakion|Close Combat|p2a: Tornadus
|-resisted|p2a: Tornadus
|-damage|p2a: Tornadus|71/300
|-unboost|p1a: Terrakion|def|1
|-unboost|p1a: Terrakion|spd|1
|
|-weather|RainDance|[upkeep]
|turn|12
|
|move|p2a: Tornadus|Psychic|p1a: Terrakion
|-supereffective|p1a: Terrakion
|-damage|p1a: Terrakion|10/324
|move|p1a: Terrakion|Close Combat|p2a: Tornadus
|-resisted|p2a: Tornadus
|-damage|p2a: Tornadus|0 fnt
|-unboost|p1a: Terrakion|def|1
|-unboost|p1a: Terrakion|spd|1
|faint|p2a: Tornadus
|
|-weather|RainDance|[upkeep]
|
|switch|p2a: Vaporeon|Vaporeon, M, shiny|464/464
|-damage|p2a: Vaporeon|406/464|[from] Stealth Rock
|turn|13
|
|move|p1a: Terrakion|Close Combat|p2a: Vaporeon
|-damage|p2a: Vaporeon|190/464
|-unboost|p1a: Terrakion|def|1
|-unboost|p1a: Terrakion|spd|1
|move|p2a: Vaporeon|Scald|p1a: Terrakion
|-supereffective|p1a: Terrakion
|-damage|p1a: Terrakion|0 fnt
|faint|p1a: Terrakion
|
|-weather|RainDance|[upkeep]
|-heal|p2a: Vaporeon|219/464|[from] item: Leftovers
|
|switch|p1a: Lucario|Lucario, F|282/282
|turn|14
|
|move|p1a: Lucario|Extreme Speed|p2a: Vaporeon
|-damage|p2a: Vaporeon|99/464
|-damage|p1a: Lucario|254/282|[from] item: Life Orb
|move|p2a: Vaporeon|Scald|p1a: Lucario
|-damage|p1a: Lucario|43/282
|
|-weather|RainDance|[upkeep]
|-heal|p2a: Vaporeon|128/464|[from] item: Leftovers
|turn|15
|
|move|p1a: Lucario|Extreme Speed|p2a: Vaporeon
|-damage|p2a: Vaporeon|5/464
|-damage|p1a: Lucario|15/282|[from] item: Life Orb
|move|p2a: Vaporeon|Rest|p2a: Vaporeon
|-status|p2a: Vaporeon|slp
|-heal|p2a: Vaporeon|464/464 slp|[silent]
|-status|p2a: Vaporeon|slp|[from] move: Rest
|
|-weather|RainDance|[upkeep]
|-curestatus|p2a: Vaporeon|slp
|turn|16
|
|move|p1a: Lucario|Extreme Speed|p2a: Vaporeon
|-crit|p2a: Vaporeon
|-damage|p2a: Vaporeon|230/464
|-damage|p1a: Lucario|0 fnt|[from] item: Life Orb
|faint|p1a: Lucario
|move|p2a: Vaporeon|Scald|p1: Lucario|[notarget]
|-notarget
|
|-weather|RainDance|[upkeep]
|-heal|p2a: Vaporeon|259/464|[from] item: Leftovers
|
|switch|p1a: Mamoswine|Mamoswine, M|361/361
|turn|17
|
|move|p1a: Mamoswine|Superpower|p2a: Vaporeon
|-damage|p2a: Vaporeon|61/464
|-unboost|p1a: Mamoswine|atk|1
|-unboost|p1a: Mamoswine|def|1
|-damage|p1a: Mamoswine|325/361|[from] item: Life Orb
|move|p2a: Vaporeon|Scald|p1a: Mamoswine
|-supereffective|p1a: Mamoswine
|-damage|p1a: Mamoswine|0 fnt
|faint|p1a: Mamoswine
|
|-weather|RainDance|[upkeep]
|-heal|p2a: Vaporeon|90/464|[from] item: Leftovers
|join|Apedingo
|chat|16kims1|gg
|chat|Lotwewy|Haha yeah
|
|switch|p1a: Tyranitar|Tyranitar, M|1/341
|-weather|Sandstorm|[from] ability: Sand Stream|[of] p1a: Tyranitar
|turn|18
|chat|16kims1|hi ap
|
|move|p1a: Tyranitar|Crunch|p2a: Vaporeon
|-damage|p2a: Vaporeon|0 fnt
|faint|p2a: Vaporeon
|
|-weather|Sandstorm|[upkeep]
|chat|Apedingo|hey
|
|switch|p2a: Politoed|Politoed, F, shiny|152/384
|-damage|p2a: Politoed|104/384|[from] Stealth Rock
|-weather|RainDance|[from] ability: Drizzle|[of] p2a: Politoed
|turn|19
|
|move|p1a: Tyranitar|Crunch|p2a: Politoed
|-damage|p2a: Politoed|0 fnt
|faint|p2a: Politoed
|
|win|Lotwewy
|raw|Ladder updating...
|raw|Lotwewy's rating: 1262 &rarr; <strong>1294</strong><br />(+32 for winning)
|raw|16kims1's rating: 1361 &rarr; <strong>1335</strong><br />(-26 for losing)
|chat|Lotwewy|HOLY SHIT
|chat|16kims1|no way
|chat|Lotwewy|Good game
|chat|Apedingo|damn
|chat|16kims1|how the hell is that thing so fast?
|chat|Lotwewy|Invested EV's
|chat|16kims1|o