|join|queefs
|join|Evuelf
|player|p1|queefs|276
|player|p2|Evuelf|192
|gametype|singles
|gen|5
|tier|[Gen 5] OU
|rated
|rule|Evasion Abilities Clause: Evasion abilities are banned
|clearpoke
|poke|p1|Dragonite, M, shiny
|poke|p1|Mamoswine, M
|poke|p1|Starmie, shiny
|poke|p1|Scizor, F
|poke|p1|Gengar, F, shiny
|poke|p1|Skarmory, F, shiny
|poke|p2|Garchomp, M
|poke|p2|Dragonite, M
|poke|p2|Latios, M
|poke|p2|Starmie
|poke|p2|Scizor, M
|poke|p2|Jirachi
|rule|Sleep Clause Mod: Limit one foe put to sleep
|rule|Species Clause: Limit one of each Pokemon
|rule|OHKO Clause: OHKO moves are banned
|rule|Moody Clause: Moody is banned
|rule|Evasion Moves Clause: Evasion moves are banned
|rule|Endless Battle Clause: Forcing endless battles is banned.
|rule|HP Percentage Mod: HP is reported as percentages
|teampreview
|
|start
|switch|p1a: Skarmory|Skarmory, F, shiny|327/327
|switch|p2a: Garchomp|Garchomp, M|357/357
|turn|1
|
|move|p2a: Garchomp|Fire Blast|p1a: Skarmory|[miss]
|-miss|p2a: Garchomp|p1a: Skarmory
|move|p1a: Skarmory|Stealth Rock|p2a: Garchomp
|-sidestart|p2: Evuelf|move: Stealth Rock
|
|turn|2
|join|Lyconik
|
|move|p2a: Garchomp|Fire Blast|p1a: Skarmory
|-supereffective|p1a: Skarmory
|-damage|p1a: Skarmory|51/327
|move|p1a: Skarmory|Spikes|p2a: Garchomp
|-sidestart|p2: Evuelf|Spikes
|
|turn|3
|-enditem|p1a: Skarmory|Custap Berry|[eat]
|-activate|p1a: Skarmory|Custap Berry
|
|move|p1a: Skarmory|Spikes|p2a: Garchomp
|-sidestart|p2: Evuelf|Spikes
|move|p2a: Garchomp|Stealth Rock|p1a: Skarmory
|-sidestart|p1: queefs|move: Stealth Rock
|
|turn|4
|
|move|p2a: Garchomp|Fire Blast|p1a: Skarmory
|-supereffective|p1a: Skarmory
|-damage|p1a: Skarmory|0 fnt
|faint|p1a: Skarmory
|
|
|switch|p1a: Starmie|Starmie, shiny|262/262
|-damage|p1a: Starmie|230/262|[from] Stealth Rock
|turn|5
|
|move|p1a: Starmie|Rapid Spin|p2a: Garchomp
|-damage|p2a: Garchomp|341/357
|-damage|p1a: Starmie|198/262|[from] ability: Rough Skin|[of] p2a: Garchomp
|-sideend|p1: queefs|Stealth Rock|[from] move: Rapid Spin|[of] p1a: Starmie
|-damage|p1a: Starmie|172/262|[from] item: Life Orb
|move|p2a: Garchomp|Stealth Rock|p1a: Starmie
|-sidestart|p1: queefs|move: Stealth Rock
|
|turn|6
|
|move|p1a: Starmie|Ice Beam|p2a: Garchomp
|-supereffective|p2a: Garchomp
|-damage|p2a: Garchomp|0 fnt
|-damage|p1a: Starmie|146/262|[from] item: Life Orb
|faint|p2a: Garchomp
|
|
|switch|p2a: Jirachi|Jirachi|377/377
|-damage|p2a: Jirachi|354/377|[from] Stealth Rock
|-damage|p2a: Jirachi|292/377|[from] Spikes
|turn|7
|
|move|p2a: Jirachi|U-turn|p1a: Starmie
|-supereffective|p1a: Starmie
|-damage|p1a: Starmie|0 fnt
|faint|p1a: Starmie
|
|switch|p2a: Starmie|Starmie|261/261
|-damage|p2a: Starmie|218/261|[from] Spikes
|-damage|p2a: Starmie|186/261|[from] Stealth Rock
|
|
|switch|p1a: Dragonite|Dragonite, M, shiny|324/324
|-damage|p1a: Dragonite|243/324|[from] Stealth Rock
|turn|8
|
|move|p1a: Dragonite|Extreme Speed|p2a: Starmie
|-damage|p2a: Starmie|64/261
|move|p2a: Starmie|Ice Beam|p1a: Dragonite
|-supereffective|p1a: Dragonite
|-damage|p1a: Dragonite|0 fnt
|-damage|p2a: Starmie|38/261|[from] item: Life Orb
|faint|p1a: Dragonite
|
|
|switch|p1a: Scizor|Scizor, F|282/282
|-damage|p1a: Scizor|247/282|[from] Stealth Rock
|turn|9
|
|move|p1a: Scizor|Bullet Punch|p2a: Starmie
|-resisted|p2a: Starmie
|-damage|p2a: Starmie|0 fnt
|faint|p2a: Starmie
|
|
|switch|p2a: Dragonite|Dragonite, M|333/333
|-damage|p2a: Dragonite|250/333|[from] Stealth Rock
|turn|10
|
|switch|p1a: Gengar|Gengar, F, shiny|262/262
|-damage|p1a: Gengar|230/262|[from] Stealth Rock
|move|p2a: Dragonite|Fire Punch|p1a: Gengar
|-damage|p1a: Gengar|0 fnt
|faint|p1a: Gengar
|
|
|switch|p1a: Mamoswine|Mamoswine, M|362/362
|-damage|p1a: Mamoswine|317/362|[from] Stealth Rock
|turn|11
|
|move|p1a: Mamoswine|Ice Shard|p2a: Dragonite
|-supereffective|p2a: Dragonite
|-damage|p2a: Dragonite|0 fnt
|-damage|p1a: Mamoswine|281/362|[from] item: Life Orb
|faint|p2a: Dragonite
|
|
|switch|p2a: Jirachi|Jirachi|292/377
|-damage|p2a: Jirachi|230/377|[from] Spikes
|-damage|p2a: Jirachi|207/377|[from] Stealth Rock
|turn|12
|
|move|p2a: Jirachi|Fire Punch|p1a: Mamoswine
|-supereffective|p1a: Mamoswine
|-damage|p1a: Mamoswine|187/362
|move|p1a: Mamoswine|Earthquake|p2a: Jirachi
|-supereffective|p2a: Jirachi
|-damage|p2a: Jirachi|0 fnt
|-damage|p1a: Mamoswine|151/362|[from] item: Life Orb
|faint|p2a: Jirachi
|
|
|switch|p2a: Scizor|Scizor, M|281/281
|-damage|p2a: Scizor|246/281|[from] Stealth Rock
|-damage|p2a: Scizor|200/281|[from] Spikes
|turn|13
|
|switch|p1a: Scizor|Scizor, F|247/282
|-damage|p1a: Scizor|212/282|[from] Stealth Rock
|move|p2a: Scizor|Bullet Punch|p1a: Scizor
|-resisted|p1a: Scizor
|-damage|p1a: Scizor|158/282
|
|turn|14
|
|move|p2a: Scizor|Acrobatics|p1a: Scizor
|-enditem|p2a: Scizor|Flying Gem|[from] gem|[move] Acrobatics
|-damage|p1a: Scizor|0 fnt
|faint|p1a: Scizor
|
|chat|Evuelf|gg
|chat|queefs|suck my cock
|chat|Evuelf|Ok.
|-message|queefs forfeited.
|
|win|Evuelf
|raw|Ladder updating...
|leave|queefs
|player|p1
|raw|queefs's rating: 1385 &rarr; <strong>1373</strong><br />(-12 for losing)
|raw|Evuelf's rating: 1534 &rarr; <strong>1546</strong><br />(+12 for winning)