|j|☆leoperi99
|j|☆bwcbestbytest
|t:|1716334635
|gametype|singles
|player|p1|leoperi99|morty-gen2|1510
|player|p2|bwcbestbytest|lucas|1612
|teamsize|p1|6
|teamsize|p2|6
|gen|5
|tier|[Gen 5] OU
|rated|
|rule|Species Clause: Limit one of each Pokémon
|rule|OHKO Clause: OHKO moves are banned
|rule|Moody Clause: Moody is banned
|rule|Evasion Items Clause: Evasion items are banned
|rule|Evasion Moves Clause: Evasion moves are banned
|rule|Endless Battle Clause: Forcing endless battles is banned
|rule|HP Percentage Mod: HP is shown in percentages
|rule|Evasion Abilities Clause: Evasion abilities are banned
|rule|Sleep Moves Clause: Sleep-inducing moves are banned
|rule|Swagger Clause: Swagger is banned
|rule|Baton Pass Stat Clause: No Baton Passer may have a way to boost its stats
|clearpoke
|poke|p1|Abomasnow, F|item
|poke|p1|Gliscor, M|item
|poke|p1|Kyurem|item
|poke|p1|Starmie|item
|poke|p1|Skarmory, M|item
|poke|p1|Latios, M|item
|poke|p2|Abomasnow, F|item
|poke|p2|Kyurem-Black|item
|poke|p2|Gliscor, M|item
|poke|p2|Latios, M|item
|poke|p2|Skarmory, M|item
|poke|p2|Starmie|item
|teampreview
|c|☆bwcbestbytest|Ahaha
|c|☆bwcbestbytest|Gl
|inactive|Battle timer is ON: inactive players will automatically lose when time's up. (requested by bwcbestbytest)
|c|☆bwcbestbytest|Yo why did u leave btw?
|c|☆bwcbestbytest|Bkcpl?
|inactive|leoperi99 has 120 seconds left.
|inactive|bwcbestbytest has 120 seconds left.
|c|☆bwcbestbytest|:( ok.
|inactive|bwcbestbytest has 90 seconds left.
|
|t:|1716334710
|start
|switch|p1a: Latios but cooler|Kyurem, shiny|100/100
|switch|p2a: Kyurem|Kyurem-Black|100/100
|-ability|p1a: Latios but cooler|Pressure
|-ability|p2a: Kyurem|Teravolt
|turn|1
|
|t:|1716334726
|switch|p2a: Skarmory|Skarmory, M|100/100
|move|p1a: Latios but cooler|Draco Meteor|p2a: Skarmory
|-resisted|p2a: Skarmory
|-damage|p2a: Skarmory|51/100
|-unboost|p1a: Latios but cooler|spa|2
|
|-heal|p2a: Skarmory|57/100|[from] item: Leftovers
|upkeep
|turn|2
|
|t:|1716334738
|switch|p1a: Gliscor|Gliscor, M|100/100
|move|p2a: Skarmory|Roost|p2a: Skarmory
|-heal|p2a: Skarmory|100/100
|-singleturn|p2a: Skarmory|move: Roost
|
|-status|p1a: Gliscor|tox|[from] item: Toxic Orb
|upkeep
|turn|3
|
|t:|1716334740
|move|p1a: Gliscor|Stealth Rock|p2a: Skarmory
|-sidestart|p2: bwcbestbytest|move: Stealth Rock
|move|p2a: Skarmory|Spikes|p1a: Gliscor
|-sidestart|p1: leoperi99|Spikes
|
|upkeep
|turn|4
|
|t:|1716334744
|move|p1a: Gliscor|U-turn|p2a: Skarmory
|-resisted|p2a: Skarmory
|-damage|p2a: Skarmory|98/100
|
|t:|1716334746
|switch|p1a: Starmie|Starmie|100/100|[from] U-turn
|-damage|p1a: Starmie|88/100|[from] Spikes
|move|p2a: Skarmory|Whirlwind|p1a: Starmie
|drag|p1a: Gliscor|Gliscor, M|100/100 tox
|
|-heal|p2a: Skarmory|100/100|[from] item: Leftovers
|upkeep
|turn|5
|
|t:|1716334749
|move|p1a: Gliscor|U-turn|p2a: Skarmory
|-resisted|p2a: Skarmory
|-damage|p2a: Skarmory|98/100
|
|t:|1716334752
|switch|p1a: Starmie|Starmie|88/100|[from] U-turn
|-damage|p1a: Starmie|76/100|[from] Spikes
|move|p2a: Skarmory|Spikes|p1a: Starmie
|-sidestart|p1: leoperi99|Spikes
|
|-heal|p1a: Starmie|82/100|[from] item: Leftovers
|-heal|p2a: Skarmory|100/100|[from] item: Leftovers
|upkeep
|turn|6
|
|t:|1716334768
|move|p1a: Starmie|Scald|p2a: Skarmory
|-damage|p2a: Skarmory|74/100
|move|p2a: Skarmory|Brave Bird|p1a: Starmie
|-damage|p1a: Starmie|48/100
|-damage|p2a: Skarmory|63/100|[from] Recoil
|
|-heal|p1a: Starmie|55/100|[from] item: Leftovers
|-heal|p2a: Skarmory|69/100|[from] item: Leftovers
|upkeep
|turn|7
|
|t:|1716334777
|switch|p2a: Kyurem|Kyurem-Black|100/100
|-damage|p2a: Kyurem|76/100|[from] Stealth Rock
|-ability|p2a: Kyurem|Teravolt
|move|p1a: Starmie|Rapid Spin|p2a: Kyurem
|-damage|p2a: Kyurem|73/100
|-sideend|p1: leoperi99|Spikes|[from] move: Rapid Spin|[of] p1a: Starmie
|
|-heal|p1a: Starmie|61/100|[from] item: Leftovers
|upkeep
|turn|8
|
|t:|1716334795
|switch|p1a: Abomasnow|Abomasnow, F, shiny|100/100
|-weather|Hail|[from] ability: Snow Warning|[of] p1a: Abomasnow
|move|p2a: Kyurem|Blizzard|p1a: Abomasnow
|-damage|p1a: Abomasnow|0 fnt
|faint|p1a: Abomasnow
|
|-weather|Hail|[upkeep]
|upkeep
|
|t:|1716334800
|switch|p1a: Latios but cooler|Kyurem, shiny|100/100
|-ability|p1a: Latios but cooler|Pressure
|turn|9
|inactive|bwcbestbytest has 120 seconds left.
|inactive|bwcbestbytest has 90 seconds left.
|
|t:|1716334872
|move|p1a: Latios but cooler|Blizzard|p2a: Kyurem
|-damage|p2a: Kyurem|0 fnt
|faint|p2a: Kyurem
|
|-weather|Hail|[upkeep]
|upkeep
|
|t:|1716334875
|switch|p2a: Starmie|Starmie|100/100
|-damage|p2a: Starmie|88/100|[from] Stealth Rock
|turn|10
|
|t:|1716334880
|move|p2a: Starmie|Rapid Spin|p1a: Latios but cooler
|-damage|p1a: Latios but cooler|98/100
|-sideend|p2: bwcbestbytest|Stealth Rock|[from] move: Rapid Spin|[of] p2a: Starmie
|move|p1a: Latios but cooler|Blizzard|p2a: Starmie
|-resisted|p2a: Starmie
|-damage|p2a: Starmie|33/100
|
|-weather|Hail|[upkeep]
|-damage|p2a: Starmie|27/100|[from] Hail
|-heal|p2a: Starmie|33/100|[from] item: Leftovers
|upkeep
|turn|11
|
|t:|1716334891
|move|p2a: Starmie|Recover|p2a: Starmie
|-heal|p2a: Starmie|83/100
|move|p1a: Latios but cooler|Blizzard|p2a: Starmie
|-resisted|p2a: Starmie
|-damage|p2a: Starmie|21/100
|
|-weather|Hail|[upkeep]
|-damage|p2a: Starmie|15/100|[from] Hail
|-heal|p2a: Starmie|21/100|[from] item: Leftovers
|upkeep
|turn|12
|
|t:|1716334896
|move|p2a: Starmie|Recover|p2a: Starmie
|-heal|p2a: Starmie|71/100
|move|p1a: Latios but cooler|Blizzard|p2a: Starmie
|-resisted|p2a: Starmie
|-damage|p2a: Starmie|16/100
|
|-weather|Hail|[upkeep]
|-damage|p2a: Starmie|10/100|[from] Hail
|-heal|p2a: Starmie|16/100|[from] item: Leftovers
|upkeep
|turn|13
|
|t:|1716334903
|move|p2a: Starmie|Recover|p2a: Starmie
|-heal|p2a: Starmie|66/100
|move|p1a: Latios but cooler|Blizzard|p2a: Starmie
|-resisted|p2a: Starmie
|-damage|p2a: Starmie|11/100
|
|-weather|Hail|[upkeep]
|-damage|p2a: Starmie|5/100|[from] Hail
|-heal|p2a: Starmie|11/100|[from] item: Leftovers
|upkeep
|turn|14
|
|t:|1716334911
|switch|p2a: Abomasnow|Abomasnow, F|100/100
|move|p1a: Latios but cooler|Blizzard|p2a: Abomasnow
|-damage|p2a: Abomasnow|30/100
|
|-weather|Hail|[upkeep]
|-heal|p2a: Abomasnow|36/100|[from] item: Leftovers
|upkeep
|turn|15
|
|t:|1716334921
|switch|p1a: Gliscor|Gliscor, M|100/100 tox
|move|p2a: Abomasnow|Protect||[still]
|-fail|p2a: Abomasnow
|
|-weather|Hail|[upkeep]
|-damage|p1a: Gliscor|94/100 tox|[from] Hail
|-heal|p2a: Abomasnow|43/100|[from] item: Leftovers
|-heal|p1a: Gliscor|100/100 tox|[from] ability: Poison Heal
|upkeep
|turn|16
|
|t:|1716334923
|move|p2a: Abomasnow|Protect|p2a: Abomasnow
|-singleturn|p2a: Abomasnow|Protect
|move|p1a: Gliscor|Stealth Rock|p2a: Abomasnow
|-sidestart|p2: bwcbestbytest|move: Stealth Rock
|
|-weather|Hail|[upkeep]
|-damage|p1a: Gliscor|94/100 tox|[from] Hail
|-heal|p2a: Abomasnow|49/100|[from] item: Leftovers
|-heal|p1a: Gliscor|100/100 tox|[from] ability: Poison Heal
|upkeep
|turn|17
|
|t:|1716334929
|switch|p2a: Starmie|Starmie|11/100
|-damage|p2a: Starmie|0 fnt|[from] Stealth Rock
|faint|p2a: Starmie
|move|p1a: Gliscor|U-turn|p2: Starmie|[notarget]
|-fail|p1a: Gliscor
|
|-weather|Hail|[upkeep]
|-damage|p1a: Gliscor|94/100 tox|[from] Hail
|-heal|p1a: Gliscor|100/100 tox|[from] ability: Poison Heal
|upkeep
|c|☆bwcbestbytest|Oh wait i never spun
|c|☆bwcbestbytest|Fuxn
|
|t:|1716334946
|switch|p2a: Skarmory|Skarmory, M|69/100
|-damage|p2a: Skarmory|57/100|[from] Stealth Rock
|turn|18
|c|☆bwcbestbytest|Ya its ober
|
|t:|1716334960
|move|p1a: Gliscor|U-turn|p2a: Skarmory
|-resisted|p2a: Skarmory
|-crit|p2a: Skarmory
|-damage|p2a: Skarmory|51/100
|c|☆bwcbestbytest|Why u ig oring me
|
|t:|1716334962
|switch|p1a: Starmie|Starmie|61/100|[from] U-turn
|move|p2a: Skarmory|Brave Bird|p1a: Starmie
|-damage|p1a: Starmie|24/100
|-damage|p2a: Skarmory|39/100|[from] Recoil
|
|-weather|Hail|[upkeep]
|-damage|p1a: Starmie|17/100|[from] Hail
|-damage|p2a: Skarmory|33/100|[from] Hail
|-heal|p1a: Starmie|24/100|[from] item: Leftovers
|-heal|p2a: Skarmory|39/100|[from] item: Leftovers
|upkeep
|turn|19
|c|☆bwcbestbytest|Gg
|-message|bwcbestbytest forfeited.
|
|win|leoperi99
|raw|leoperi99's rating: 1510 &rarr; <strong>1536</strong><br />(+26 for winning)
|raw|bwcbestbytest's rating: 1612 &rarr; <strong>1586</strong><br />(-26 for losing)
|l|☆bwcbestbytest
|player|p2|
|c|☆leoperi99|gg
