|join|gutten_tag
|join|Ryan House
|player|p1|gutten_tag|102
|player|p2|Ryan House|52
|gametype|singles
|gen|5
|tier|[Gen 5] OU
|rated
|rule|Evasion Abilities Clause: Evasion abilities are banned
|clearpoke
|poke|p1|Politoed, F
|poke|p1|Landorus-Therian, M
|poke|p1|Ferrothorn, F
|poke|p1|Thundurus-Therian, M
|poke|p1|Tentacruel, F
|poke|p1|Tornadus, M
|poke|p2|Hydreigon, M
|poke|p2|Skarmory, M
|poke|p2|Gothitelle, M, shiny
|poke|p2|Heatran, M
|poke|p2|Alakazam, M
|poke|p2|Scizor, M
|rule|Sleep Clause Mod: Limit one foe put to sleep
|rule|Species Clause: Limit one of each Pokemon
|rule|OHKO Clause: OHKO moves are banned
|rule|Moody Clause: Moody is banned
|rule|Evasion Moves Clause: Evasion moves are banned
|rule|Endless Battle Clause: Forcing endless battles is banned.
|rule|HP Percentage Mod: HP is reported as percentages
|teampreview
|
|start
|switch|p1a: Politoed|Politoed, F|384/384
|switch|p2a: Scizor|Scizor, M|282/282
|-weather|RainDance|[from] ability: Drizzle|[of] p1a: Politoed
|turn|1
|
|switch|p1a: Ferrothorn|Ferrothorn, F|352/352
|move|p2a: Scizor|U-turn|p1a: Ferrothorn
|-damage|p1a: Ferrothorn|220/352
|-damage|p2a: Scizor|247/282|[from] ability: Iron Barbs|[of] p1a: Ferrothorn
|chat|gutten_tag|one choice band :v
|
|switch|p2a: Gothitelle|Gothitelle, M, shiny|344/344
|
|-weather|RainDance|[upkeep]
|-heal|p1a: Ferrothorn|242/352|[from] item: Leftovers
|turn|2
|
|move|p2a: Gothitelle|Trick|p1a: Ferrothorn
|-activate|p2a: Gothitelle|move: Trick|[of] p1a: Ferrothorn
|-item|p1a: Ferrothorn|Choice Scarf|[from] move: Trick
|-item|p2a: Gothitelle|Leftovers|[from] move: Trick
|move|p1a: Ferrothorn|Thunder Wave|p2a: Gothitelle
|-status|p2a: Gothitelle|par
|
|-weather|RainDance|[upkeep]
|turn|3
|
|move|p1a: Ferrothorn|Thunder Wave|p2a: Gothitelle
|-fail|p2a: Gothitelle|par
|move|p2a: Gothitelle|Torment|p1a: Ferrothorn
|-start|p1a: Ferrothorn|Torment
|
|-weather|RainDance|[upkeep]
|turn|4
|chat|gutten_tag|it's a good one
|
|-activate|p1a: Ferrothorn|move: Struggle
|move|p1a: Ferrothorn|Struggle|p2a: Gothitelle
|-damage|p2a: Gothitelle|311/344 par
|-damage|p1a: Ferrothorn|154/352
|cant|p2a: Gothitelle|par
|
|-weather|RainDance|[upkeep]
|-heal|p2a: Gothitelle|332/344 par|[from] item: Leftovers
|turn|5
|chat|Ryan House|thanks
|
|move|p1a: Ferrothorn|Thunder Wave|p2a: Gothitelle
|-fail|p2a: Gothitelle|par
|move|p2a: Gothitelle|Heal Bell|p2a: Gothitelle
|-cureteam|p2a: Gothitelle|[from] move: HealBell
|
|-weather|RainDance|[upkeep]
|-heal|p2a: Gothitelle|344/344|[from] item: Leftovers
|turn|6
|
|move|p2a: Gothitelle|Torment|p1a: Ferrothorn
|-fail|p1a: Ferrothorn
|-activate|p1a: Ferrothorn|move: Struggle
|move|p1a: Ferrothorn|Struggle|p2a: Gothitelle
|-crit|p2a: Gothitelle
|-damage|p2a: Gothitelle|272/344
|-damage|p1a: Ferrothorn|66/352
|
|-weather|RainDance|[upkeep]
|-heal|p2a: Gothitelle|293/344|[from] item: Leftovers
|turn|7
|
|move|p2a: Gothitelle|Protect|p2a: Gothitelle
|-singleturn|p2a: Gothitelle|Protect
|move|p1a: Ferrothorn|Thunder Wave|p2a: Gothitelle
|-activate|p2a: Gothitelle|Protect
|
|-weather|RainDance|[upkeep]
|-heal|p2a: Gothitelle|314/344|[from] item: Leftovers
|turn|8
|
|move|p2a: Gothitelle|Trick|p1a: Ferrothorn
|-activate|p2a: Gothitelle|move: Trick|[of] p1a: Ferrothorn
|-item|p1a: Ferrothorn|Leftovers|[from] move: Trick
|-item|p2a: Gothitelle|Choice Scarf|[from] move: Trick
|-activate|p1a: Ferrothorn|move: Struggle
|move|p1a: Ferrothorn|Struggle|p2a: Gothitelle
|-damage|p2a: Gothitelle|282/344
|-damage|p1a: Ferrothorn|0 fnt
|faint|p1a: Ferrothorn
|
|-weather|RainDance|[upkeep]
|
|switch|p1a: Thundurus-Therian|Thundurus-Therian, M|300/300
|turn|9
|
|move|p2a: Gothitelle|Protect|p2a: Gothitelle
|-singleturn|p2a: Gothitelle|Protect
|move|p1a: Thundurus-Therian|Volt Switch|p2a: Gothitelle
|-activate|p2a: Gothitelle|Protect
|
|-weather|RainDance|[upkeep]
|turn|10
|
|switch|p2a: Hydreigon|Hydreigon, M|336/336
|move|p1a: Thundurus-Therian|Volt Switch|p2a: Hydreigon
|-resisted|p2a: Hydreigon
|-damage|p2a: Hydreigon|259/336
|
|switch|p1a: Tornadus|Tornadus, M|300/300
|
|-weather|RainDance|[upkeep]
|-heal|p2a: Hydreigon|280/336|[from] item: Leftovers
|turn|11
|
|switch|p2a: Skarmory|Skarmory, M|334/334
|move|p1a: Tornadus|U-turn|p2a: Skarmory
|-resisted|p2a: Skarmory
|-damage|p2a: Skarmory|325/334
|
|switch|p1a: Thundurus-Therian|Thundurus-Therian, M|300/300
|
|-weather|RainDance|[upkeep]
|-heal|p2a: Skarmory|334/334|[from] item: Leftovers
|turn|12
|
|move|p1a: Thundurus-Therian|Volt Switch|p2a: Skarmory
|-supereffective|p2a: Skarmory
|-damage|p2a: Skarmory|62/334
|
|switch|p1a: Tentacruel|Tentacruel, F|364/364
|move|p2a: Skarmory|Stealth Rock|p1a: Tentacruel
|-sidestart|p1: gutten_tag|move: Stealth Rock
|
|-weather|RainDance|[upkeep]
|-heal|p2a: Skarmory|82/334|[from] item: Leftovers
|turn|13
|
|switch|p2a: Gothitelle|Gothitelle, M, shiny|282/344
|move|p1a: Tentacruel|Substitute|p1a: Tentacruel
|-start|p1a: Tentacruel|Substitute
|-damage|p1a: Tentacruel|273/364
|
|-weather|RainDance|[upkeep]
|-heal|p1a: Tentacruel|295/364|[from] ability: Rain Dish
|-heal|p1a: Tentacruel|317/364|[from] item: Black Sludge
|turn|14
|
|switch|p2a: Hydreigon|Hydreigon, M|280/336
|move|p1a: Tentacruel|Toxic|p2a: Hydreigon|[miss]
|-miss|p1a: Tentacruel|p2a: Hydreigon
|
|-weather|RainDance|[upkeep]
|-heal|p1a: Tentacruel|339/364|[from] ability: Rain Dish
|-heal|p2a: Hydreigon|301/336|[from] item: Leftovers
|-heal|p1a: Tentacruel|361/364|[from] item: Black Sludge
|turn|15
|
|move|p2a: Hydreigon|Dark Pulse|p1a: Tentacruel
|-activate|p1a: Tentacruel|Substitute|[damage]
|move|p1a: Tentacruel|Rapid Spin|p2a: Hydreigon
|-damage|p2a: Hydreigon|289/336
|-sideend|p1: gutten_tag|Stealth Rock|[from] move: Rapid Spin|[of] p1a: Tentacruel
|
|-weather|RainDance|[upkeep]
|-heal|p1a: Tentacruel|364/364|[from] ability: Rain Dish
|-heal|p2a: Hydreigon|310/336|[from] item: Leftovers
|turn|16
|
|move|p2a: Hydreigon|Dark Pulse|p1a: Tentacruel
|-end|p1a: Tentacruel|Substitute
|move|p1a: Tentacruel|Toxic|p2a: Hydreigon
|-status|p2a: Hydreigon|tox
|
|-weather|RainDance|[upkeep]
|-heal|p2a: Hydreigon|331/336 tox|[from] item: Leftovers
|-damage|p2a: Hydreigon|310/336 tox|[from] psn
|turn|17
|chat|gutten_tag|that toxic miss is really hurt
|chat|gutten_tag|if it exist, i still got mu sub now :(
|
|move|p2a: Hydreigon|Draco Meteor|p1a: Tentacruel
|-crit|p1a: Tentacruel
|-damage|p1a: Tentacruel|60/364
|-unboost|p2a: Hydreigon|spa|2
|move|p1a: Tentacruel|Substitute|p1a: Tentacruel
|-fail|p1a: Tentacruel|move: Substitute|[weak]
|
|-weather|RainDance|[upkeep]
|-heal|p1a: Tentacruel|82/364|[from] ability: Rain Dish
|-heal|p2a: Hydreigon|331/336 tox|[from] item: Leftovers
|-heal|p1a: Tentacruel|104/364|[from] item: Black Sludge
|-damage|p2a: Hydreigon|289/336 tox|[from] psn
|turn|18
|chat|gutten_tag|and crit
|chat|Ryan House|sorry bout the crit
|chat|gutten_tag|one miss and one crit, my chance is become really low now
|chat|gutten_tag|;(
|
|switch|p1a: Tornadus|Tornadus, M|300/300
|move|p2a: Hydreigon|Draco Meteor|p1a: Tornadus|[miss]
|-miss|p2a: Hydreigon|p1a: Tornadus
|
|-weather|RainDance|[upkeep]
|-heal|p2a: Hydreigon|310/336 tox|[from] item: Leftovers
|-damage|p2a: Hydreigon|247/336 tox|[from] psn
|turn|19
|
|switch|p2a: Gothitelle|Gothitelle, M, shiny|282/344
|move|p1a: Tornadus|Hurricane|p2a: Gothitelle
|-damage|p2a: Gothitelle|9/344
|
|-weather|RainDance|[upkeep]
|turn|20
|
|move|p1a: Tornadus|Hurricane|p2a: Gothitelle
|-damage|p2a: Gothitelle|0 fnt
|faint|p2a: Gothitelle
|
|-weather|RainDance|[upkeep]
|chat|gutten_tag|wow
|chat|gutten_tag|i got no scarft
|chat|gutten_tag|u got one
|chat|gutten_tag|still faster??
|chat|Ryan House|but its very defensive
|
|switch|p2a: Scizor|Scizor, M|247/282
|turn|21
|
|switch|p1a: Landorus-Therian|Landorus-Therian, M|320/320
|-ability|p1a: Landorus-Therian|Intimidate|[of] p2a: Scizor
|-unboost|p2a: Scizor|atk|1
|move|p2a: Scizor|U-turn|p1a: Landorus-Therian
|-crit|p1a: Landorus-Therian
|-resisted|p1a: Landorus-Therian
|-damage|p1a: Landorus-Therian|155/320
|chat|gutten_tag|another one
|chat|Ryan House|sorry
|chat|gutten_tag|good one
|chat|gutten_tag|0.67 atk, not very crit, and defensive landorus
|
|switch|p2a: Alakazam|Alakazam, M|252/252
|
|-weather|RainDance|[upkeep]
|-heal|p1a: Landorus-Therian|175/320|[from] item: Leftovers
|turn|22
|chat|gutten_tag|still more than 50%
|
|move|p2a: Alakazam|Hidden Power|p1a: Landorus-Therian
|-supereffective|p1a: Landorus-Therian
|-damage|p1a: Landorus-Therian|0 fnt
|faint|p1a: Landorus-Therian
|
|-weather|RainDance|[upkeep]
|
|switch|p1a: Thundurus-Therian|Thundurus-Therian, M|300/300
|turn|23
|
|switch|p2a: Skarmory|Skarmory, M|82/334
|move|p1a: Thundurus-Therian|Volt Switch|p2a: Skarmory
|-supereffective|p2a: Skarmory
|-damage|p2a: Skarmory|0 fnt
|faint|p2a: Skarmory
|
|switch|p1a: Politoed|Politoed, F|384/384
|
|-weather|RainDance|[upkeep]
|chat|gutten_tag|omg
|chat|gutten_tag|miss click
|chat|gutten_tag|my tenta
|chat|gutten_tag|sh*t
|
|switch|p2a: Scizor|Scizor, M|247/282
|turn|24
|
|move|p2a: Scizor|U-turn|p1a: Politoed
|-damage|p1a: Politoed|150/384
|
|switch|p2a: Hydreigon|Hydreigon, M|247/336 tox
|move|p1a: Politoed|Scald|p2a: Hydreigon
|-resisted|p2a: Hydreigon
|-damage|p2a: Hydreigon|176/336 tox
|
|-weather|RainDance|[upkeep]
|-heal|p2a: Hydreigon|197/336 tox|[from] item: Leftovers
|-heal|p1a: Politoed|174/384|[from] item: Leftovers
|-damage|p2a: Hydreigon|176/336 tox|[from] psn
|turn|25
|
|switch|p1a: Tentacruel|Tentacruel, F|104/364
|move|p2a: Hydreigon|Roost|p2a: Hydreigon
|-heal|p2a: Hydreigon|336/336 tox
|
|-weather|RainDance|[upkeep]
|-heal|p1a: Tentacruel|126/364|[from] ability: Rain Dish
|-heal|p1a: Tentacruel|148/364|[from] item: Black Sludge
|-damage|p2a: Hydreigon|294/336 tox|[from] psn
|turn|26
|
|move|p2a: Hydreigon|Draco Meteor|p1a: Tentacruel
|-damage|p1a: Tentacruel|0 fnt
|-unboost|p2a: Hydreigon|spa|2
|faint|p1a: Tentacruel
|
|-weather|RainDance|[upkeep]
|-heal|p2a: Hydreigon|315/336 tox|[from] item: Leftovers
|-damage|p2a: Hydreigon|252/336 tox|[from] psn
|
|switch|p1a: Tornadus|Tornadus, M|300/300
|turn|27
|
|switch|p2a: Heatran|Heatran, M|386/386
|move|p1a: Tornadus|Hurricane|p2a: Heatran
|-resisted|p2a: Heatran
|-damage|p2a: Heatran|263/386
|
|-weather|RainDance|[upkeep]
|-heal|p2a: Heatran|287/386|[from] item: Leftovers
|turn|28
|
|switch|p1a: Politoed|Politoed, F|174/384
|move|p2a: Heatran|Will-O-Wisp|p1a: Politoed|[miss]
|-miss|p2a: Heatran|p1a: Politoed
|
|-weather|RainDance|[upkeep]
|-heal|p2a: Heatran|311/386|[from] item: Leftovers
|-heal|p1a: Politoed|198/384|[from] item: Leftovers
|turn|29
|
|switch|p2a: Hydreigon|Hydreigon, M|252/336 tox
|switch|p1a: Tornadus|Tornadus, M|300/300
|
|-weather|RainDance|[upkeep]
|-heal|p2a: Hydreigon|273/336 tox|[from] item: Leftovers
|-damage|p2a: Hydreigon|252/336 tox|[from] psn
|turn|30
|
|switch|p2a: Heatran|Heatran, M|311/386
|move|p1a: Tornadus|Hurricane|p2a: Heatran
|-resisted|p2a: Heatran
|-damage|p2a: Heatran|197/386
|
|-weather|RainDance|[upkeep]
|-heal|p2a: Heatran|221/386|[from] item: Leftovers
|turn|31
|chat|gutten_tag|and no confuse at all
|
|move|p1a: Tornadus|Hurricane|p2a: Heatran
|-resisted|p2a: Heatran
|-damage|p2a: Heatran|105/386
|move|p2a: Heatran|Will-O-Wisp|p1a: Tornadus
|-status|p1a: Tornadus|brn
|
|-weather|RainDance|[upkeep]
|-heal|p2a: Heatran|129/386|[from] item: Leftovers
|-damage|p1a: Tornadus|263/300 brn|[from] brn
|turn|32
|
|move|p1a: Tornadus|Hurricane|p2a: Heatran
|-resisted|p2a: Heatran
|-damage|p2a: Heatran|15/386
|-start|p2a: Heatran|confusion
|-activate|p2a: Heatran|confusion
|-damage|p2a: Heatran|0 fnt|[from] confusion
|faint|p2a: Heatran
|
|-weather|RainDance|[upkeep]
|-damage|p1a: Tornadus|226/300 brn|[from] brn
|
|switch|p2a: Alakazam|Alakazam, M|252/252
|turn|33
|
|move|p2a: Alakazam|Psyshock|p1a: Tornadus
|-damage|p1a: Tornadus|31/300 brn
|move|p1a: Tornadus|Hurricane|p2a: Alakazam
|-enditem|p2a: Alakazam|Focus Sash
|-damage|p2a: Alakazam|1/252
|
|-weather|RainDance|[upkeep]
|-damage|p1a: Tornadus|0 fnt|[from] brn
|faint|p1a: Tornadus
|
|switch|p1a: Thundurus-Therian|Thundurus-Therian, M|300/300
|turn|34
|
|move|p1a: Thundurus-Therian|Thunder|p2a: Alakazam
|-damage|p2a: Alakazam|0 fnt
|faint|p2a: Alakazam
|
|-weather|RainDance|[upkeep]
|
|switch|p2a: Hydreigon|Hydreigon, M|252/336 tox
|turn|35
|
|switch|p1a: Politoed|Politoed, F|198/384
|move|p2a: Hydreigon|Dark Pulse|p1a: Politoed
|-damage|p1a: Politoed|80/384
|
|-weather|RainDance|[upkeep]
|-heal|p2a: Hydreigon|273/336 tox|[from] item: Leftovers
|-heal|p1a: Politoed|104/384|[from] item: Leftovers
|-damage|p2a: Hydreigon|252/336 tox|[from] psn
|turn|36
|
|move|p2a: Hydreigon|Dark Pulse|p1a: Politoed
|-damage|p1a: Politoed|0 fnt
|faint|p1a: Politoed
|
|-weather|RainDance|[upkeep]
|-heal|p2a: Hydreigon|273/336 tox|[from] item: Leftovers
|-damage|p2a: Hydreigon|231/336 tox|[from] psn
|
|switch|p1a: Thundurus-Therian|Thundurus-Therian, M|300/300
|turn|37
|
|move|p1a: Thundurus-Therian|Focus Blast|p2a: Hydreigon|[miss]
|-miss|p1a: Thundurus-Therian|p2a: Hydreigon
|move|p2a: Hydreigon|Draco Meteor|p1a: Thundurus-Therian
|-damage|p1a: Thundurus-Therian|24/300
|-unboost|p2a: Hydreigon|spa|2
|
|-weather|RainDance|[upkeep]
|-heal|p2a: Hydreigon|252/336 tox|[from] item: Leftovers
|-damage|p2a: Hydreigon|189/336 tox|[from] psn
|turn|38
|chat|Ryan House|gg
|chat|gutten_tag|and miss
|chat|gutten_tag|what a battle
|chat|Ryan House|youre complaining too much
|-message|gutten_tag forfeited.
|
|win|Ryan House
|raw|Ladder updating...
|leave|gutten_tag
|player|p1
|raw|gutten_tag's rating: 1407 &rarr; <strong>1381</strong><br />(-26 for losing)
|raw|Ryan House's rating: 1294 &rarr; <strong>1327</strong><br />(+33 for winning)