|j|☆el janitor
|j|☆affksl1
|t:|1707841328
|gametype|singles
|player|p1|el janitor|170|1391
|player|p2|affksl1|pokemaniac-gen3rs|1351
|teamsize|p1|6
|teamsize|p2|6
|gen|5
|tier|[Gen 5] OU
|rated|
|rule|Species Clause: Limit one of each Pokémon
|rule|OHKO Clause: OHKO moves are banned
|rule|Moody Clause: Moody is banned
|rule|Evasion Items Clause: Evasion items are banned
|rule|Evasion Moves Clause: Evasion moves are banned
|rule|Endless Battle Clause: Forcing endless battles is banned
|rule|HP Percentage Mod: HP is shown in percentages
|rule|Evasion Abilities Clause: Evasion abilities are banned
|rule|Sleep Moves Clause: Sleep-inducing moves are banned
|rule|Swagger Clause: Swagger is banned
|rule|Baton Pass Stat Clause: No Baton Passer may have a way to boost its stats
|clearpoke
|poke|p1|Politoed, M|item
|poke|p1|Landorus-Therian, M|item
|poke|p1|Tentacruel, M|item
|poke|p1|Toxicroak, F|item
|poke|p1|Tornadus, M|item
|poke|p1|Ferrothorn, M|item
|poke|p2|Alakazam, M|item
|poke|p2|Skarmory, F|item
|poke|p2|Tyranitar, M|item
|poke|p2|Mamoswine, F|item
|poke|p2|Jellicent, F|item
|poke|p2|Excadrill, M|item
|teampreview
|inactive|Battle timer is ON: inactive players will automatically lose when time's up. (requested by affksl1)
|inactive|el janitor also wants the timer to be on.
|
|t:|1707841340
|start
|switch|p1a: Politoed|Politoed, M|100/100
|switch|p2a: Skarmory|Skarmory, F|100/100
|-weather|RainDance|[from] ability: Drizzle|[of] p1a: Politoed
|turn|1
|
|t:|1707841351
|switch|p1a: Toxicroak|Toxicroak, F|100/100
|move|p2a: Skarmory|Stealth Rock|p1a: Toxicroak
|-sidestart|p1: el janitor|move: Stealth Rock
|
|-weather|RainDance|[upkeep]
|upkeep
|turn|2
|
|t:|1707841354
|move|p1a: Toxicroak|Substitute|p1a: Toxicroak
|-start|p1a: Toxicroak|Substitute
|-damage|p1a: Toxicroak|76/100
|move|p2a: Skarmory|Spikes|p1a: Toxicroak
|-sidestart|p1: el janitor|Spikes
|
|-weather|RainDance|[upkeep]
|-heal|p1a: Toxicroak|88/100|[from] ability: Dry Skin
|upkeep
|turn|3
|
|t:|1707841358
|-singleturn|p1a: Toxicroak|move: Focus Punch
|move|p2a: Skarmory|Spikes|p1a: Toxicroak
|-sidestart|p1: el janitor|Spikes
|move|p1a: Toxicroak|Focus Punch|p2a: Skarmory
|-damage|p2a: Skarmory|1/100
|-damage|p1a: Toxicroak|78/100|[from] item: Life Orb
|
|-weather|RainDance|[upkeep]
|-heal|p1a: Toxicroak|91/100|[from] ability: Dry Skin
|upkeep
|turn|4
|-enditem|p2a: Skarmory|Custap Berry|[eat]
|-activate|p2a: Skarmory|item: Custap Berry|[consumed]
|
|t:|1707841363
|move|p1a: Toxicroak|Sucker Punch|p2a: Skarmory
|-resisted|p2a: Skarmory
|-damage|p2a: Skarmory|0 fnt
|faint|p2a: Skarmory
|-damage|p1a: Toxicroak|81/100|[from] item: Life Orb
|
|-weather|RainDance|[upkeep]
|-heal|p1a: Toxicroak|93/100|[from] ability: Dry Skin
|upkeep
|
|t:|1707841372
|switch|p2a: Jellicent|Jellicent, F|100/100
|-item|p2a: Jellicent|Air Balloon
|turn|5
|
|t:|1707841374
|move|p1a: Toxicroak|Toxic|p2a: Jellicent
|-status|p2a: Jellicent|tox
|move|p2a: Jellicent|Night Shade|p1a: Toxicroak
|-end|p1a: Toxicroak|Substitute
|
|-weather|RainDance|[upkeep]
|-heal|p1a: Toxicroak|100/100|[from] ability: Dry Skin
|-damage|p2a: Jellicent|94/100 tox|[from] psn
|upkeep
|turn|6
|
|t:|1707841386
|move|p1a: Toxicroak|Substitute|p1a: Toxicroak
|-start|p1a: Toxicroak|Substitute
|-damage|p1a: Toxicroak|76/100
|move|p2a: Jellicent|Taunt|p1a: Toxicroak
|-start|p1a: Toxicroak|move: Taunt
|
|-weather|RainDance|[upkeep]
|-heal|p1a: Toxicroak|88/100|[from] ability: Dry Skin
|-damage|p2a: Jellicent|82/100 tox|[from] psn
|upkeep
|turn|7
|
|t:|1707841392
|move|p1a: Toxicroak|Sucker Punch|p2a: Jellicent
|-supereffective|p2a: Jellicent
|-damage|p2a: Jellicent|27/100 tox
|-enditem|p2a: Jellicent|Air Balloon
|-damage|p1a: Toxicroak|78/100|[from] item: Life Orb
|move|p2a: Jellicent|Night Shade|p1a: Toxicroak
|-end|p1a: Toxicroak|Substitute
|
|-weather|RainDance|[upkeep]
|-heal|p1a: Toxicroak|91/100|[from] ability: Dry Skin
|-damage|p2a: Jellicent|9/100 tox|[from] psn
|upkeep
|turn|8
|
|t:|1707841403
|switch|p1a: Tentacruel|Tentacruel, M|100/100
|-damage|p1a: Tentacruel|88/100|[from] Stealth Rock
|-damage|p1a: Tentacruel|72/100|[from] Spikes
|move|p2a: Jellicent|Night Shade|p1a: Tentacruel
|-damage|p1a: Tentacruel|44/100
|
|-weather|RainDance|[upkeep]
|-heal|p1a: Tentacruel|50/100|[from] ability: Rain Dish
|-heal|p1a: Tentacruel|56/100|[from] item: Black Sludge
|-damage|p2a: Jellicent|0 fnt|[from] psn
|faint|p2a: Jellicent
|upkeep
|
|t:|1707841409
|switch|p2a: Mamoswine|Mamoswine, F|100/100
|turn|9
|
|t:|1707841416
|move|p1a: Tentacruel|Protect|p1a: Tentacruel
|-singleturn|p1a: Tentacruel|Protect
|move|p2a: Mamoswine|Earthquake|p1a: Tentacruel
|-activate|p1a: Tentacruel|move: Protect
|
|-weather|RainDance|[upkeep]
|-heal|p1a: Tentacruel|62/100|[from] ability: Rain Dish
|-heal|p1a: Tentacruel|68/100|[from] item: Black Sludge
|upkeep
|turn|10
|
|t:|1707841423
|move|p1a: Tentacruel|Rapid Spin|p2a: Mamoswine
|-damage|p2a: Mamoswine|97/100
|-sideend|p1: el janitor|Spikes|[from] move: Rapid Spin|[of] p1a: Tentacruel
|-sideend|p1: el janitor|Stealth Rock|[from] move: Rapid Spin|[of] p1a: Tentacruel
|move|p2a: Mamoswine|Earthquake|p1a: Tentacruel
|-supereffective|p1a: Tentacruel
|-damage|p1a: Tentacruel|0 fnt
|faint|p1a: Tentacruel
|
|-weather|RainDance|[upkeep]
|upkeep
|
|t:|1707841427
|switch|p1a: Landorus|Landorus-Therian, M|100/100
|-ability|p1a: Landorus|Intimidate|boost
|-unboost|p2a: Mamoswine|atk|1
|turn|11
|
|t:|1707841433
|switch|p1a: Ferrothorn|Ferrothorn, M|100/100
|move|p2a: Mamoswine|Ice Shard|p1a: Ferrothorn
|-crit|p1a: Ferrothorn
|-damage|p1a: Ferrothorn|60/100
|
|-weather|RainDance|[upkeep]
|-heal|p1a: Ferrothorn|66/100|[from] item: Leftovers
|upkeep
|turn|12
|
|t:|1707841442
|switch|p2a: Tyranitar|Tyranitar, M|100/100
|-weather|Sandstorm|[from] ability: Sand Stream|[of] p2a: Tyranitar
|move|p1a: Ferrothorn|Leech Seed|p2a: Tyranitar
|-start|p2a: Tyranitar|move: Leech Seed
|
|-weather|Sandstorm|[upkeep]
|-heal|p1a: Ferrothorn|72/100|[from] item: Leftovers
|-damage|p2a: Tyranitar|88/100|[from] Leech Seed|[of] p1a: Ferrothorn
|-heal|p1a: Ferrothorn|86/100|[silent]
|upkeep
|turn|13
|
|t:|1707841452
|switch|p2a: Mamoswine|Mamoswine, F|97/100
|switch|p1a: Landorus|Landorus-Therian, M|100/100
|-ability|p1a: Landorus|Intimidate|boost
|-unboost|p2a: Mamoswine|atk|1
|
|-weather|Sandstorm|[upkeep]
|upkeep
|turn|14
|
|t:|1707841456
|switch|p1a: Politoed|Politoed, M|100/100
|-weather|RainDance|[from] ability: Drizzle|[of] p1a: Politoed
|move|p2a: Mamoswine|Icicle Crash|p1a: Politoed
|-resisted|p1a: Politoed
|-crit|p1a: Politoed
|-damage|p1a: Politoed|56/100
|
|-weather|RainDance|[upkeep]
|-heal|p1a: Politoed|62/100|[from] item: Leftovers
|upkeep
|turn|15
|c|☆el janitor|bro crit from hell
|
|t:|1707841469
|switch|p2a: Tyranitar|Tyranitar, M|88/100
|-weather|Sandstorm|[from] ability: Sand Stream|[of] p2a: Tyranitar
|move|p1a: Politoed|Protect||[still]
|-fail|p1a: Politoed
|
|-weather|Sandstorm|[upkeep]
|-damage|p1a: Politoed|56/100|[from] Sandstorm
|-heal|p1a: Politoed|62/100|[from] item: Leftovers
|upkeep
|turn|16
|
|t:|1707841484
|switch|p1a: Landorus|Landorus-Therian, M|100/100
|-ability|p1a: Landorus|Intimidate|boost
|-unboost|p2a: Tyranitar|atk|1
|move|p2a: Tyranitar|Thunder Wave|p1a: Landorus
|-immune|p1a: Landorus
|
|-weather|Sandstorm|[upkeep]
|upkeep
|turn|17
|
|t:|1707841489
|move|p1a: Landorus|U-turn|p2a: Tyranitar
|-supereffective|p2a: Tyranitar
|-damage|p2a: Tyranitar|51/100
|
|t:|1707841492
|switch|p1a: Ferrothorn|Ferrothorn, M|86/100|[from] U-turn
|move|p2a: Tyranitar|Thunder Wave|p1a: Ferrothorn
|-status|p1a: Ferrothorn|par
|
|-weather|Sandstorm|[upkeep]
|-heal|p1a: Ferrothorn|93/100 par|[from] item: Leftovers
|upkeep
|turn|18
|
|t:|1707841505
|switch|p2a: Alakazam|Alakazam, M|100/100
|move|p1a: Ferrothorn|Stealth Rock|p2a: Alakazam
|-sidestart|p2: affksl1|move: Stealth Rock
|
|-weather|Sandstorm|[upkeep]
|-heal|p1a: Ferrothorn|99/100 par|[from] item: Leftovers
|upkeep
|turn|19
|
|t:|1707841510
|move|p2a: Alakazam|Hidden Power|p1a: Ferrothorn
|-supereffective|p1a: Ferrothorn
|-damage|p1a: Ferrothorn|19/100 par
|move|p1a: Ferrothorn|Gyro Ball|p2a: Alakazam
|-damage|p2a: Alakazam|0 fnt
|faint|p2a: Alakazam
|
|-weather|Sandstorm|[upkeep]
|-heal|p1a: Ferrothorn|25/100 par|[from] item: Leftovers
|upkeep
|-message|affksl1 forfeited.
|
|win|el janitor
|raw|el janitor's rating: 1391 &rarr; <strong>1409</strong><br />(+18 for winning)
|raw|affksl1's rating: 1351 &rarr; <strong>1333</strong><br />(-18 for losing)
|l|☆affksl1
|player|p2|
