|j|☆574rm4n
|j|☆Blossummm
|t:|1716430541
|gametype|singles
|player|p1|574rm4n|brock-gen2|1440
|player|p2|Blossummm|roxie|1440
|teamsize|p1|6
|teamsize|p2|6
|gen|5
|tier|[Gen 5] OU
|rated|
|rule|Species Clause: Limit one of each Pokémon
|rule|OHKO Clause: OHKO moves are banned
|rule|Moody Clause: Moody is banned
|rule|Evasion Items Clause: Evasion items are banned
|rule|Evasion Moves Clause: Evasion moves are banned
|rule|Endless Battle Clause: Forcing endless battles is banned
|rule|HP Percentage Mod: HP is shown in percentages
|rule|Evasion Abilities Clause: Evasion abilities are banned
|rule|Sleep Moves Clause: Sleep-inducing moves are banned
|rule|Swagger Clause: Swagger is banned
|rule|Baton Pass Stat Clause: No Baton Passer may have a way to boost its stats
|clearpoke
|poke|p1|Hippowdon, M|item
|poke|p1|Clefable, F|item
|poke|p1|Excadrill, F|item
|poke|p1|Skarmory, M|item
|poke|p1|Jellicent, F|item
|poke|p1|Latios, M|item
|poke|p2|Tyranitar, F|item
|poke|p2|Excadrill, F|item
|poke|p2|Keldeo|item
|poke|p2|Latios, M|item
|poke|p2|Ferrothorn, F|item
|poke|p2|Landorus-Therian, M|item
|teampreview
|c|☆574rm4n|hf
|inactive|Battle timer is ON: inactive players will automatically lose when time's up. (requested by 574rm4n)
|
|t:|1716430601
|start
|switch|p1a: Skarmory|Skarmory, M|100/100
|switch|p2a: Keldeo|Keldeo|100/100
|turn|1
|
|t:|1716430607
|switch|p1a: Jellicent|Jellicent, F, shiny|100/100
|move|p2a: Keldeo|Scald|p1a: Jellicent
|-immune|p1a: Jellicent|[from] ability: Water Absorb
|
|upkeep
|turn|2
|
|t:|1716430627
|move|p2a: Keldeo|Hidden Power|p1a: Jellicent
|-supereffective|p1a: Jellicent
|-damage|p1a: Jellicent|60/100
|move|p1a: Jellicent|Will-O-Wisp|p2a: Keldeo
|-status|p2a: Keldeo|brn
|
|-heal|p1a: Jellicent|66/100|[from] item: Leftovers
|-damage|p2a: Keldeo|88/100 brn|[from] brn
|upkeep
|turn|3
|
|t:|1716430645
|move|p2a: Keldeo|Hidden Power|p1a: Jellicent
|-supereffective|p1a: Jellicent
|-damage|p1a: Jellicent|31/100
|move|p1a: Jellicent|Recover|p1a: Jellicent
|-heal|p1a: Jellicent|81/100
|
|-heal|p2a: Keldeo|94/100 brn|[from] item: Leftovers
|-heal|p1a: Jellicent|87/100|[from] item: Leftovers
|-damage|p2a: Keldeo|82/100 brn|[from] brn
|upkeep
|turn|4
|
|t:|1716430657
|switch|p1a: Latios|Latios, M|100/100
|move|p2a: Keldeo|Hidden Power|p1a: Latios
|-resisted|p1a: Latios
|-damage|p1a: Latios|88/100
|
|-heal|p2a: Keldeo|88/100 brn|[from] item: Leftovers
|-damage|p2a: Keldeo|76/100 brn|[from] brn
|upkeep
|turn|5
|
|t:|1716430678
|switch|p1a: Hippowdon|Hippowdon, M|100/100
|-weather|Sandstorm|[from] ability: Sand Stream|[of] p1a: Hippowdon
|switch|p2a: Ferrothorn|Ferrothorn, F|100/100
|
|-weather|Sandstorm|[upkeep]
|upkeep
|turn|6
|
|t:|1716430697
|move|p1a: Hippowdon|Stealth Rock|p2a: Ferrothorn
|-sidestart|p2: Blossummm|move: Stealth Rock
|move|p2a: Ferrothorn|Spikes|p1a: Hippowdon
|-sidestart|p1: 574rm4n|Spikes
|
|-weather|Sandstorm|[upkeep]
|upkeep
|turn|7
|
|t:|1716430705
|switch|p1a: Skarmory|Skarmory, M|100/100
|move|p2a: Ferrothorn|Power Whip|p1a: Skarmory
|-resisted|p1a: Skarmory
|-damage|p1a: Skarmory|95/100
|
|-weather|Sandstorm|[upkeep]
|-heal|p1a: Skarmory|100/100|[from] item: Leftovers
|upkeep
|turn|8
|
|t:|1716430722
|move|p1a: Skarmory|Spikes|p2a: Ferrothorn
|-sidestart|p2: Blossummm|Spikes
|move|p2a: Ferrothorn|Knock Off|p1a: Skarmory
|-resisted|p1a: Skarmory
|-crit|p1a: Skarmory
|-damage|p1a: Skarmory|98/100
|-enditem|p1a: Skarmory|Leftovers|[from] move: Knock Off|[of] p2a: Ferrothorn
|
|-weather|Sandstorm|[upkeep]
|upkeep
|turn|9
|
|t:|1716430741
|switch|p2a: Latios|Latios, M|100/100
|-damage|p2a: Latios|88/100|[from] Stealth Rock
|move|p1a: Skarmory|Spikes|p2a: Latios
|-sidestart|p2: Blossummm|Spikes
|
|-weather|Sandstorm|[upkeep]
|-damage|p2a: Latios|82/100|[from] Sandstorm
|upkeep
|turn|10
|
|t:|1716430765
|move|p2a: Latios|Surf|p1a: Skarmory
|-damage|p1a: Skarmory|30/100
|move|p1a: Skarmory|Brave Bird|p2a: Latios
|-damage|p2a: Latios|39/100
|-damage|p1a: Skarmory|18/100|[from] Recoil
|
|-weather|Sandstorm|[upkeep]
|-damage|p2a: Latios|33/100|[from] Sandstorm
|upkeep
|turn|11
|
|t:|1716430782
|switch|p2a: Ferrothorn|Ferrothorn, F|100/100
|-damage|p2a: Ferrothorn|95/100|[from] Stealth Rock
|-damage|p2a: Ferrothorn|78/100|[from] Spikes
|switch|p1a: Jellicent|Jellicent, F, shiny|87/100
|-damage|p1a: Jellicent|75/100|[from] Spikes
|
|-weather|Sandstorm|[upkeep]
|-damage|p1a: Jellicent|68/100|[from] Sandstorm
|-heal|p1a: Jellicent|75/100|[from] item: Leftovers
|upkeep
|turn|12
|
|t:|1716430792
|move|p1a: Jellicent|Will-O-Wisp|p2a: Ferrothorn
|-status|p2a: Ferrothorn|brn
|-enditem|p2a: Ferrothorn|Rawst Berry|[eat]
|-curestatus|p2a: Ferrothorn|brn|[msg]
|move|p2a: Ferrothorn|Power Whip|p1a: Jellicent|[miss]
|-miss|p2a: Ferrothorn|p1a: Jellicent
|
|-weather|Sandstorm|[upkeep]
|-damage|p1a: Jellicent|68/100|[from] Sandstorm
|-heal|p1a: Jellicent|75/100|[from] item: Leftovers
|upkeep
|turn|13
|
|t:|1716430803
|move|p1a: Jellicent|Will-O-Wisp|p2a: Ferrothorn|[miss]
|-miss|p1a: Jellicent|p2a: Ferrothorn
|move|p2a: Ferrothorn|Power Whip|p1a: Jellicent
|-supereffective|p1a: Jellicent
|-damage|p1a: Jellicent|9/100
|
|-weather|Sandstorm|[upkeep]
|-damage|p1a: Jellicent|2/100|[from] Sandstorm
|-heal|p1a: Jellicent|9/100|[from] item: Leftovers
|upkeep
|turn|14
|
|t:|1716430811
|move|p1a: Jellicent|Will-O-Wisp|p2a: Ferrothorn
|-status|p2a: Ferrothorn|brn
|move|p2a: Ferrothorn|Power Whip|p1a: Jellicent|[miss]
|-miss|p2a: Ferrothorn|p1a: Jellicent
|
|-weather|Sandstorm|[upkeep]
|-damage|p1a: Jellicent|2/100|[from] Sandstorm
|-heal|p1a: Jellicent|9/100|[from] item: Leftovers
|-damage|p2a: Ferrothorn|66/100 brn|[from] brn
|upkeep
|turn|15
|
|t:|1716430822
|move|p1a: Jellicent|Recover|p1a: Jellicent
|-heal|p1a: Jellicent|59/100
|move|p2a: Ferrothorn|Power Whip|p1a: Jellicent|[miss]
|-miss|p2a: Ferrothorn|p1a: Jellicent
|
|-weather|Sandstorm|[upkeep]
|-damage|p1a: Jellicent|53/100|[from] Sandstorm
|-heal|p1a: Jellicent|59/100|[from] item: Leftovers
|-damage|p2a: Ferrothorn|53/100 brn|[from] brn
|upkeep
|turn|16
|
|t:|1716430846
|switch|p2a: Tyranitar|Tyranitar, F, shiny|100/100
|-damage|p2a: Tyranitar|88/100|[from] Stealth Rock
|-damage|p2a: Tyranitar|71/100|[from] Spikes
|move|p1a: Jellicent|Recover|p1a: Jellicent
|-heal|p1a: Jellicent|100/100
|
|-weather|Sandstorm|[upkeep]
|-damage|p1a: Jellicent|94/100|[from] Sandstorm
|-heal|p1a: Jellicent|100/100|[from] item: Leftovers
|upkeep
|turn|17
|
|t:|1716430855
|move|p2a: Tyranitar|Crunch|p1a: Jellicent
|-supereffective|p1a: Jellicent
|-damage|p1a: Jellicent|34/100
|-unboost|p1a: Jellicent|def|1
|move|p1a: Jellicent|Will-O-Wisp|p2a: Tyranitar
|-status|p2a: Tyranitar|brn
|
|-weather|Sandstorm|[upkeep]
|-damage|p1a: Jellicent|27/100|[from] Sandstorm
|-heal|p1a: Jellicent|34/100|[from] item: Leftovers
|-damage|p2a: Tyranitar|59/100 brn|[from] brn
|upkeep
|turn|18
|
|t:|1716430870
|move|p2a: Tyranitar|Pursuit|p1a: Jellicent
|-supereffective|p1a: Jellicent
|-damage|p1a: Jellicent|7/100
|move|p1a: Jellicent|Recover|p1a: Jellicent
|-heal|p1a: Jellicent|58/100
|
|-weather|Sandstorm|[upkeep]
|-damage|p1a: Jellicent|51/100|[from] Sandstorm
|-heal|p1a: Jellicent|58/100|[from] item: Leftovers
|-damage|p2a: Tyranitar|47/100 brn|[from] brn
|upkeep
|turn|19
|
|t:|1716430880
|switch|p1a: Hippowdon|Hippowdon, M|100/100
|-damage|p1a: Hippowdon|88/100|[from] Spikes
|move|p2a: Tyranitar|Crunch|p1a: Hippowdon
|-damage|p1a: Hippowdon|75/100
|
|-weather|Sandstorm|[upkeep]
|-heal|p1a: Hippowdon|81/100|[from] item: Leftovers
|-damage|p2a: Tyranitar|34/100 brn|[from] brn
|upkeep
|turn|20
|
|t:|1716430891
|switch|p2a: Landorus|Landorus-Therian, M|100/100
|-damage|p2a: Landorus|88/100|[from] Stealth Rock
|-ability|p2a: Landorus|Intimidate|boost
|-unboost|p1a: Hippowdon|atk|1
|move|p1a: Hippowdon|Whirlwind|p2a: Landorus
|drag|p2a: Keldeo|Keldeo|76/100 brn
|-damage|p2a: Keldeo|70/100 brn|[from] Stealth Rock
|-damage|p2a: Keldeo|53/100 brn|[from] Spikes
|
|-weather|Sandstorm|[upkeep]
|-damage|p2a: Keldeo|47/100 brn|[from] Sandstorm
|-heal|p2a: Keldeo|53/100 brn|[from] item: Leftovers
|-heal|p1a: Hippowdon|87/100|[from] item: Leftovers
|-damage|p2a: Keldeo|41/100 brn|[from] brn
|upkeep
|turn|21
|
|t:|1716430912
|switch|p1a: Latios|Latios, M|88/100
|move|p2a: Keldeo|Hidden Power|p1a: Latios
|-resisted|p1a: Latios
|-damage|p1a: Latios|76/100
|
|-weather|Sandstorm|[upkeep]
|-damage|p1a: Latios|70/100|[from] Sandstorm
|-damage|p2a: Keldeo|35/100 brn|[from] Sandstorm
|-heal|p2a: Keldeo|41/100 brn|[from] item: Leftovers
|-damage|p2a: Keldeo|28/100 brn|[from] brn
|upkeep
|turn|22
|
|t:|1716430922
|move|p2a: Keldeo|Protect|p2a: Keldeo
|-singleturn|p2a: Keldeo|Protect
|move|p1a: Latios|Draco Meteor|p2a: Keldeo
|-activate|p2a: Keldeo|move: Protect
|
|-weather|Sandstorm|[upkeep]
|-damage|p1a: Latios|64/100|[from] Sandstorm
|-damage|p2a: Keldeo|22/100 brn|[from] Sandstorm
|-heal|p2a: Keldeo|28/100 brn|[from] item: Leftovers
|-damage|p2a: Keldeo|16/100 brn|[from] brn
|upkeep
|turn|23
|
|t:|1716430944
|move|p1a: Latios|Draco Meteor|p2a: Keldeo
|-damage|p2a: Keldeo|0 fnt
|-unboost|p1a: Latios|spa|2
|faint|p2a: Keldeo
|
|-weather|Sandstorm|[upkeep]
|-damage|p1a: Latios|58/100|[from] Sandstorm
|upkeep
|inactive|Blossummm has 120 seconds left.
|
|t:|1716430961
|switch|p2a: Excadrill|Excadrill, F|100/100
|-damage|p2a: Excadrill|97/100|[from] Stealth Rock
|-damage|p2a: Excadrill|81/100|[from] Spikes
|turn|24
|
|t:|1716430974
|switch|p1a: Skarmory|Skarmory, M|18/100
|move|p2a: Excadrill|Iron Head|p1a: Skarmory
|-resisted|p1a: Skarmory
|-damage|p1a: Skarmory|0 fnt
|faint|p1a: Skarmory
|
|-weather|Sandstorm|[upkeep]
|upkeep
|
|t:|1716430980
|switch|p1a: Hippowdon|Hippowdon, M|87/100
|-damage|p1a: Hippowdon|75/100|[from] Spikes
|turn|25
|
|t:|1716430987
|move|p2a: Excadrill|Iron Head|p1a: Hippowdon
|-damage|p1a: Hippowdon|30/100
|cant|p1a: Hippowdon|flinch
|
|-weather|Sandstorm|[upkeep]
|-heal|p1a: Hippowdon|36/100|[from] item: Leftovers
|upkeep
|turn|26
|
|t:|1716431002
|move|p2a: Excadrill|Iron Head|p1a: Hippowdon
|-damage|p1a: Hippowdon|0 fnt
|faint|p1a: Hippowdon
|
|-weather|Sandstorm|[upkeep]
|upkeep
|
|t:|1716431009
|switch|p1a: Latios|Latios, M|58/100
|turn|27
|
|t:|1716431014
|move|p2a: Excadrill|Iron Head|p1a: Latios
|-damage|p1a: Latios|0 fnt
|faint|p1a: Latios
|
|-weather|Sandstorm|[upkeep]
|upkeep
|
|t:|1716431027
|switch|p1a: Jellicent|Jellicent, F, shiny|58/100
|-damage|p1a: Jellicent|45/100|[from] Spikes
|turn|28
|
|t:|1716431031
|move|p2a: Excadrill|Iron Head|p1a: Jellicent
|-resisted|p1a: Jellicent
|-damage|p1a: Jellicent|23/100
|move|p1a: Jellicent|Recover|p1a: Jellicent
|-heal|p1a: Jellicent|73/100
|
|-weather|Sandstorm|[upkeep]
|-damage|p1a: Jellicent|67/100|[from] Sandstorm
|-heal|p1a: Jellicent|73/100|[from] item: Leftovers
|upkeep
|turn|29
|
|t:|1716431038
|switch|p2a: Latios|Latios, M|33/100
|-damage|p2a: Latios|21/100|[from] Stealth Rock
|move|p1a: Jellicent|Recover|p1a: Jellicent
|-heal|p1a: Jellicent|100/100
|
|-weather|Sandstorm|[upkeep]
|-damage|p2a: Latios|15/100|[from] Sandstorm
|-damage|p1a: Jellicent|94/100|[from] Sandstorm
|-heal|p1a: Jellicent|100/100|[from] item: Leftovers
|upkeep
|turn|30
|
|t:|1716431042
|switch|p1a: Clefable|Clefable, F|100/100
|move|p2a: Latios|Trick|p1a: Clefable
|-activate|p2a: Latios|move: Trick|[of] p1a: Clefable
|-item|p1a: Clefable|Choice Specs|[from] move: Trick
|-item|p2a: Latios|Leftovers|[from] move: Trick
|
|-weather|Sandstorm|[upkeep]
|-damage|p2a: Latios|9/100|[from] Sandstorm
|-heal|p2a: Latios|15/100|[from] item: Leftovers
|upkeep
|turn|31
|
|t:|1716431055
|switch|p2a: Excadrill|Excadrill, F|81/100
|-damage|p2a: Excadrill|78/100|[from] Stealth Rock
|-damage|p2a: Excadrill|61/100|[from] Spikes
|move|p1a: Clefable|Knock Off|p2a: Excadrill
|-resisted|p2a: Excadrill
|-damage|p2a: Excadrill|59/100
|-enditem|p2a: Excadrill|Choice Scarf|[from] move: Knock Off|[of] p1a: Clefable
|
|-weather|Sandstorm|[upkeep]
|upkeep
|turn|32
|
|t:|1716431074
|move|p2a: Excadrill|Rapid Spin|p1a: Clefable
|-damage|p1a: Clefable|91/100
|-sideend|p2: Blossummm|Spikes|[from] move: Rapid Spin|[of] p2a: Excadrill
|-sideend|p2: Blossummm|Stealth Rock|[from] move: Rapid Spin|[of] p2a: Excadrill
|move|p1a: Clefable|Knock Off|p2a: Excadrill
|-resisted|p2a: Excadrill
|-damage|p2a: Excadrill|56/100
|
|-weather|Sandstorm|[upkeep]
|upkeep
|turn|33
|
|t:|1716431083
|switch|p1a: Jellicent|Jellicent, F, shiny|100/100
|-damage|p1a: Jellicent|88/100|[from] Spikes
|move|p2a: Excadrill|Earthquake|p1a: Jellicent
|-damage|p1a: Jellicent|25/100
|
|-weather|Sandstorm|[upkeep]
|-damage|p1a: Jellicent|19/100|[from] Sandstorm
|-heal|p1a: Jellicent|25/100|[from] item: Leftovers
|upkeep
|turn|34
|
|t:|1716431089
|move|p2a: Excadrill|Earthquake|p1a: Jellicent
|-damage|p1a: Jellicent|0 fnt
|faint|p1a: Jellicent
|
|-weather|Sandstorm|[upkeep]
|upkeep
|
|t:|1716431093
|switch|p1a: Excadrill|Excadrill, F|100/100
|-damage|p1a: Excadrill|88/100|[from] Spikes
|turn|35
|
|t:|1716431098
|switch|p2a: Landorus|Landorus-Therian, M|88/100
|-ability|p2a: Landorus|Intimidate|boost
|-unboost|p1a: Excadrill|atk|1
|move|p1a: Excadrill|Earthquake|p2a: Landorus
|-immune|p2a: Landorus
|
|-weather|Sandstorm|[upkeep]
|-heal|p2a: Landorus|94/100|[from] item: Leftovers
|-heal|p1a: Excadrill|94/100|[from] item: Leftovers
|upkeep
|turn|36
|
|t:|1716431106
|switch|p1a: Clefable|Clefable, F|91/100
|move|p2a: Landorus|Earthquake|p1a: Clefable
|-damage|p1a: Clefable|39/100
|
|-weather|Sandstorm|[upkeep]
|-heal|p2a: Landorus|100/100|[from] item: Leftovers
|upkeep
|turn|37
|
|t:|1716431111
|move|p2a: Landorus|Earthquake|p1a: Clefable
|-damage|p1a: Clefable|0 fnt
|faint|p1a: Clefable
|
|-weather|Sandstorm|[upkeep]
|upkeep
|
|t:|1716431114
|switch|p1a: Excadrill|Excadrill, F|94/100
|-damage|p1a: Excadrill|82/100|[from] Spikes
|turn|38
|
|t:|1716431116
|move|p2a: Landorus|Earthquake|p1a: Excadrill
|-supereffective|p1a: Excadrill
|-crit|p1a: Excadrill
|-damage|p1a: Excadrill|0 fnt
|faint|p1a: Excadrill
|
|win|Blossummm
|raw|574rm4n's rating: 1440 &rarr; <strong>1420</strong><br />(-20 for losing)
|raw|Blossummm's rating: 1440 &rarr; <strong>1460</strong><br />(+20 for winning)
|l|☆574rm4n
|player|p1|
