|j|☆hjdzd
|j|☆yusei38
|t:|1708237084
|gametype|singles
|player|p1|hjdzd|170|1329
|player|p2|yusei38|170|1331
|teamsize|p1|6
|teamsize|p2|6
|gen|5
|tier|[Gen 5] OU
|rated|
|rule|Species Clause: Limit one of each Pokémon
|rule|OHKO Clause: OHKO moves are banned
|rule|Moody Clause: Moody is banned
|rule|Evasion Items Clause: Evasion items are banned
|rule|Evasion Moves Clause: Evasion moves are banned
|rule|Endless Battle Clause: Forcing endless battles is banned
|rule|HP Percentage Mod: HP is shown in percentages
|rule|Evasion Abilities Clause: Evasion abilities are banned
|rule|Sleep Moves Clause: Sleep-inducing moves are banned
|rule|Swagger Clause: Swagger is banned
|rule|Baton Pass Stat Clause: No Baton Passer may have a way to boost its stats
|clearpoke
|poke|p1|Garchomp, M|item
|poke|p1|Dragonite, F|item
|poke|p1|Starmie|item
|poke|p1|Scizor, F|item
|poke|p1|Breloom, M|item
|poke|p1|Volcarona, F|item
|poke|p2|Politoed, M|item
|poke|p2|Skarmory, M|item
|poke|p2|Espeon, M|item
|poke|p2|Kyurem-Black|item
|poke|p2|Blissey, F|item
|poke|p2|Jolteon, M|item
|teampreview
|
|t:|1708237092
|start
|switch|p1a: 睡神|Breloom, M|100/100
|switch|p2a: Espeon|Espeon, M, shiny|100/100
|turn|1
|
|t:|1708237104
|move|p2a: Espeon|Psyshock|p1a: 睡神
|-supereffective|p1a: 睡神
|-crit|p1a: 睡神
|-enditem|p1a: 睡神|Focus Sash
|-damage|p1a: 睡神|1/100
|-damage|p2a: Espeon|91/100|[from] item: Life Orb
|move|p1a: 睡神|Bullet Seed|p2a: Espeon
|-damage|p2a: Espeon|59/100
|-damage|p2a: Espeon|25/100
|-hitcount|p2a: Espeon|2
|
|upkeep
|turn|2
|
|t:|1708237116
|switch|p2a: Skarmory|Skarmory, M, shiny|100/100
|move|p1a: 睡神|Mach Punch|p2a: Skarmory
|-crit|p2a: Skarmory
|-damage|p2a: Skarmory|57/100
|-damage|p1a: 睡神|0 fnt|[from] item: Rocky Helmet|[of] p2a: Skarmory
|faint|p1a: 睡神
|
|upkeep
|
|t:|1708237128
|switch|p1a: 黄金扑棱蛾子|Volcarona, F, shiny|100/100
|turn|3
|
|t:|1708237153
|move|p1a: 黄金扑棱蛾子|Quiver Dance|p1a: 黄金扑棱蛾子
|-boost|p1a: 黄金扑棱蛾子|spa|1
|-boost|p1a: 黄金扑棱蛾子|spd|1
|-boost|p1a: 黄金扑棱蛾子|spe|1
|move|p2a: Skarmory|Brave Bird|p1a: 黄金扑棱蛾子
|-supereffective|p1a: 黄金扑棱蛾子
|-damage|p1a: 黄金扑棱蛾子|8/100
|-status|p2a: Skarmory|brn|[from] ability: Flame Body|[of] p1a: 黄金扑棱蛾子
|-damage|p2a: Skarmory|26/100 brn|[from] Recoil
|
|-damage|p2a: Skarmory|13/100 brn|[from] brn
|upkeep
|turn|4
|
|t:|1708237165
|switch|p2a: Espeon|Espeon, M, shiny|25/100
|move|p1a: 黄金扑棱蛾子|Flamethrower|p2a: Espeon
|-damage|p2a: Espeon|0 fnt
|faint|p2a: Espeon
|
|upkeep
|
|t:|1708237174
|switch|p2a: Blissey|Blissey, F, shiny|100/100
|turn|5
|
|t:|1708237190
|switch|p1a: 肥大|Dragonite, F|100/100
|move|p2a: Blissey|Thunder Wave|p1a: 肥大
|-status|p1a: 肥大|par
|-enditem|p1a: 肥大|Lum Berry|[eat]
|-curestatus|p1a: 肥大|par|[msg]
|
|upkeep
|turn|6
|
|t:|1708237202
|switch|p1a: 呃啊，地龙地龙|Garchomp, M, shiny|100/100
|move|p2a: Blissey|Thunder Wave|p1a: 呃啊，地龙地龙
|-immune|p1a: 呃啊，地龙地龙
|
|upkeep
|turn|7
|
|t:|1708237209
|switch|p2a: Skarmory|Skarmory, M, shiny|13/100 brn
|move|p1a: 呃啊，地龙地龙|Swords Dance|p1a: 呃啊，地龙地龙
|-boost|p1a: 呃啊，地龙地龙|atk|2
|
|-damage|p2a: Skarmory|1/100 brn|[from] brn
|upkeep
|turn|8
|
|t:|1708237218
|move|p1a: 呃啊，地龙地龙|Stealth Rock|p2a: Skarmory
|-sidestart|p2: yusei38|move: Stealth Rock
|move|p2a: Skarmory|Whirlwind|p1a: 呃啊，地龙地龙
|drag|p1a: 肥大|Dragonite, F|100/100
|
|-damage|p2a: Skarmory|0 fnt|[from] brn
|faint|p2a: Skarmory
|upkeep
|
|t:|1708237226
|switch|p2a: Jolteon|Jolteon, M, shiny|100/100
|-damage|p2a: Jolteon|88/100|[from] Stealth Rock
|turn|9
|
|t:|1708237232
|move|p2a: Jolteon|Hidden Power|p1a: 肥大
|-supereffective|p1a: 肥大
|-damage|p1a: 肥大|33/100
|move|p1a: 肥大|Dragon Dance|p1a: 肥大
|-boost|p1a: 肥大|atk|1
|-boost|p1a: 肥大|spe|1
|
|upkeep
|turn|10
|
|t:|1708237240
|move|p1a: 肥大|Outrage|p2a: Jolteon
|-damage|p2a: Jolteon|0 fnt
|faint|p2a: Jolteon
|
|upkeep
|
|t:|1708237246
|switch|p2a: Politoed|Politoed, M, shiny|100/100
|-damage|p2a: Politoed|88/100|[from] Stealth Rock
|-weather|RainDance|[from] ability: Drizzle|[of] p2a: Politoed
|turn|11
|
|t:|1708237253
|move|p1a: 肥大|Outrage|p2a: Politoed|[from]lockedmove
|-damage|p2a: Politoed|8/100
|move|p2a: Politoed|Rest|p2a: Politoed
|-status|p2a: Politoed|slp|[from] move: Rest
|-heal|p2a: Politoed|100/100 slp|[silent]
|
|-weather|RainDance|[upkeep]
|upkeep
|turn|12
|
|t:|1708237261
|move|p1a: 肥大|Outrage|p2a: Politoed|[from]lockedmove
|-damage|p2a: Politoed|20/100 slp
|-start|p1a: 肥大|confusion|[fatigue]
|cant|p2a: Politoed|slp
|move|p2a: Politoed|Sleep Talk|p2a: Politoed
|move|p2a: Politoed|Rest||[from]move: Sleep Talk|[still]
|-fail|p2a: Politoed
|
|-weather|RainDance|[upkeep]
|-heal|p2a: Politoed|26/100 slp|[from] item: Leftovers
|upkeep
|turn|13
|
|t:|1708237278
|-activate|p1a: 肥大|confusion
|move|p1a: 肥大|Outrage|p2a: Politoed
|-damage|p2a: Politoed|0 fnt
|faint|p2a: Politoed
|
|-weather|RainDance|[upkeep]
|upkeep
|
|t:|1708237284
|switch|p2a: Blissey|Blissey, F, shiny|100/100
|-damage|p2a: Blissey|88/100|[from] Stealth Rock
|turn|14
|
|t:|1708237291
|-activate|p1a: 肥大|confusion
|move|p1a: 肥大|Outrage|p2a: Blissey|[from]lockedmove
|-damage|p2a: Blissey|0 fnt
|faint|p2a: Blissey
|
|-weather|RainDance|[upkeep]
|upkeep
|
|t:|1708237298
|switch|p2a: Kyurem|Kyurem-Black|100/100
|-damage|p2a: Kyurem|76/100|[from] Stealth Rock
|-ability|p2a: Kyurem|Teravolt
|turn|15
|
|t:|1708237308
|-end|p1a: 肥大|confusion
|move|p1a: 肥大|Outrage|p2a: Kyurem|[from]lockedmove
|-supereffective|p2a: Kyurem
|-damage|p2a: Kyurem|0 fnt
|faint|p2a: Kyurem
|-start|p1a: 肥大|confusion|[fatigue]
|
|win|hjdzd
|raw|hjdzd's rating: 1329 &rarr; <strong>1349</strong><br />(+20 for winning)
|raw|yusei38's rating: 1331 &rarr; <strong>1311</strong><br />(-20 for losing)
