|j|☆mello ss
|j|☆Meatymisc
|t:|1745513132
|gametype|singles
|player|p1|mello ss|acetrainer-gen2|1453
|player|p2|Meatymisc|2|1458
|teamsize|p1|6
|teamsize|p2|6
|gen|5
|tier|[Gen 5] OU
|rated|
|rule|Species Clause: Limit one of each Pokémon
|rule|OHKO Clause: OHKO moves are banned
|rule|Moody Clause: Moody is banned
|rule|Evasion Items Clause: Evasion items are banned
|rule|Evasion Moves Clause: Evasion moves are banned
|rule|Endless Battle Clause: Forcing endless battles is banned
|rule|HP Percentage Mod: HP is shown in percentages
|rule|Evasion Abilities Clause: Evasion abilities are banned
|rule|Sleep Moves Clause: Sleep-inducing moves are banned
|rule|Swagger Clause: Swagger is banned
|rule|Baton Pass Stat Clause: No Baton Passer may have a way to boost its stats
|clearpoke
|poke|p1|Skarmory, F|item
|poke|p1|Spiritomb, F|item
|poke|p1|Kyurem-Black|item
|poke|p1|Magnezone|item
|poke|p1|Garchomp, F|item
|poke|p1|Dragonite, M|item
|poke|p2|Tyranitar, F|item
|poke|p2|Garchomp, F|item
|poke|p2|Jellicent, F|item
|poke|p2|Skarmory, F|item
|poke|p2|Scizor, M|item
|poke|p2|Jirachi|item
|teampreview
|
|t:|1745513140
|start
|switch|p1a: Magnezone|Magnezone, shiny|100/100
|switch|p2a: Skarmory|Skarmory, F|100/100
|-item|p1a: Magnezone|Air Balloon
|turn|1
|
|t:|1745513144
|move|p1a: Magnezone|Magic Coat|p1a: Magnezone
|-singleturn|p1a: Magnezone|move: Magic Coat
|move|p2a: Skarmory|Stealth Rock|p1a: Magnezone
|move|p1a: Magnezone|Stealth Rock|p2a: Skarmory|[from] Magic Coat
|-sidestart|p2: Meatymisc|move: Stealth Rock
|
|upkeep
|turn|2
|
|t:|1745513151
|move|p1a: Magnezone|Magic Coat|p1a: Magnezone
|-singleturn|p1a: Magnezone|move: Magic Coat
|move|p2a: Skarmory|Taunt|p1a: Magnezone
|move|p1a: Magnezone|Taunt|p2a: Skarmory|[from] Magic Coat
|-start|p2a: Skarmory|move: Taunt
|
|upkeep
|turn|3
|
|t:|1745513156
|move|p2a: Skarmory|Brave Bird|p1a: Magnezone
|-resisted|p1a: Magnezone
|-damage|p1a: Magnezone|87/100
|-enditem|p1a: Magnezone|Air Balloon
|-damage|p2a: Skarmory|96/100|[from] Recoil
|move|p1a: Magnezone|Thunderbolt|p2a: Skarmory
|-supereffective|p2a: Skarmory
|-damage|p2a: Skarmory|0 fnt
|faint|p2a: Skarmory
|
|upkeep
|
|t:|1745513164
|switch|p2a: Garchomp|Garchomp, F|100/100
|-damage|p2a: Garchomp|94/100|[from] Stealth Rock
|turn|4
|
|t:|1745513168
|switch|p2a: Jirachi|Jirachi|100/100
|-damage|p2a: Jirachi|94/100|[from] Stealth Rock
|switch|p1a: Skarmory|Skarmory, F|100/100
|
|-heal|p2a: Jirachi|100/100|[from] item: Leftovers
|upkeep
|turn|5
|
|t:|1745513172
|move|p2a: Jirachi|Fire Punch|p1a: Skarmory
|-supereffective|p1a: Skarmory
|-damage|p1a: Skarmory|62/100
|move|p1a: Skarmory|Spikes|p2a: Jirachi
|-sidestart|p2: Meatymisc|Spikes
|
|upkeep
|turn|6
|
|t:|1745513177
|move|p2a: Jirachi|Thunder|p1a: Skarmory
|-supereffective|p1a: Skarmory
|-damage|p1a: Skarmory|0 fnt
|faint|p1a: Skarmory
|
|upkeep
|
|t:|1745513184
|switch|p1a: Garchomp|Garchomp, F|100/100
|turn|7
|
|t:|1745513189
|switch|p2a: Jellicent|Jellicent, F|100/100
|-damage|p2a: Jellicent|88/100|[from] Stealth Rock
|-item|p2a: Jellicent|Air Balloon
|move|p1a: Garchomp|Earthquake|p2a: Jellicent
|-immune|p2a: Jellicent
|
|upkeep
|turn|8
|
|t:|1745513194
|switch|p1a: Magnezone|Magnezone, shiny|87/100
|move|p2a: Jellicent|Will-O-Wisp|p1a: Magnezone
|-status|p1a: Magnezone|brn
|
|-damage|p1a: Magnezone|75/100 brn|[from] brn
|upkeep
|turn|9
|
|t:|1745513201
|switch|p1a: Kyurem|Kyurem-Black, shiny|100/100
|-ability|p1a: Kyurem|Teravolt
|switch|p2a: Garchomp|Garchomp, F|94/100
|-damage|p2a: Garchomp|88/100|[from] Stealth Rock
|-damage|p2a: Garchomp|76/100|[from] Spikes
|
|upkeep
|turn|10
|
|t:|1745513208
|switch|p1a: Spiritomb|Spiritomb, F, shiny|100/100
|move|p2a: Garchomp|Outrage|p1a: Spiritomb
|-damage|p1a: Spiritomb|38/100
|
|-heal|p1a: Spiritomb|45/100|[from] item: Leftovers
|upkeep
|turn|11
|
|t:|1745513211
|move|p1a: Spiritomb|Sucker Punch|p2a: Garchomp
|-damage|p2a: Garchomp|46/100
|-damage|p1a: Spiritomb|32/100|[from] ability: Rough Skin|[of] p2a: Garchomp
|move|p2a: Garchomp|Outrage|p1a: Spiritomb|[from] lockedmove
|-damage|p1a: Spiritomb|0 fnt
|faint|p1a: Spiritomb
|
|upkeep
|
|t:|1745513222
|switch|p1a: Garchomp|Garchomp, F|100/100
|turn|12
|
|t:|1745513225
|move|p2a: Garchomp|Outrage|p1a: Garchomp|[from] lockedmove
|-supereffective|p1a: Garchomp
|-damage|p1a: Garchomp|0 fnt
|-damage|p2a: Garchomp|33/100|[from] ability: Rough Skin|[of] p1a: Garchomp
|faint|p1a: Garchomp
|-start|p2a: Garchomp|confusion|[fatigue]
|
|upkeep
|c|☆mello ss|lol
|c|☆mello ss|i'm so unlucky
|
|t:|1745513236
|switch|p1a: 492|Dragonite, M|100/100
|turn|13
|
|t:|1745513246
|-activate|p2a: Garchomp|confusion
|move|p2a: Garchomp|Outrage|p1a: 492
|-supereffective|p1a: 492
|-damage|p1a: 492|35/100
|move|p1a: 492|Agility|p1a: 492
|-boost|p1a: 492|spe|2
|
|upkeep
|turn|14
|j| tou pti chapo
|
|t:|1745513251
|-activate|p2a: Garchomp|confusion
|-damage|p2a: Garchomp|19/100|[from] confusion
|move|p1a: 492|Ice Beam|p2a: Garchomp
|-supereffective|p2a: Garchomp
|-damage|p2a: Garchomp|0 fnt
|faint|p2a: Garchomp
|-damage|p1a: 492|25/100|[from] item: Life Orb
|
|upkeep
|
|t:|1745513259
|switch|p2a: Scizor|Scizor, M|100/100
|-damage|p2a: Scizor|88/100|[from] Stealth Rock
|-damage|p2a: Scizor|76/100|[from] Spikes
|turn|15
|
|t:|1745513261
|switch|p1a: Magnezone|Magnezone, shiny|75/100 brn
|move|p2a: Scizor|Quick Attack|p1a: Magnezone
|-resisted|p1a: Magnezone
|-damage|p1a: Magnezone|60/100 brn
|-damage|p2a: Scizor|66/100|[from] item: Life Orb
|
|-damage|p1a: Magnezone|47/100 brn|[from] brn
|upkeep
|turn|16
|
|t:|1745513263
|move|p1a: Magnezone|Hidden Power|p2a: Scizor
|-supereffective|p2a: Scizor
|-damage|p2a: Scizor|0 fnt
|faint|p2a: Scizor
|
|-damage|p1a: Magnezone|35/100 brn|[from] brn
|upkeep
|
|t:|1745513270
|switch|p2a: Jirachi|Jirachi|100/100
|-damage|p2a: Jirachi|94/100|[from] Stealth Rock
|-damage|p2a: Jirachi|82/100|[from] Spikes
|turn|17
|
|t:|1745513273
|move|p2a: Jirachi|Fire Punch|p1a: Magnezone
|-supereffective|p1a: Magnezone
|-damage|p1a: Magnezone|0 fnt
|faint|p1a: Magnezone
|
|-heal|p2a: Jirachi|88/100|[from] item: Leftovers
|upkeep
|
|t:|1745513279
|switch|p1a: Kyurem|Kyurem-Black, shiny|100/100
|-ability|p1a: Kyurem|Teravolt
|turn|18
|
|t:|1745513282
|move|p1a: Kyurem|Fusion Bolt|p2a: Jirachi
|-damage|p2a: Jirachi|39/100
|move|p2a: Jirachi|Iron Head|p1a: Kyurem
|-supereffective|p1a: Kyurem
|-damage|p1a: Kyurem|42/100
|
|-heal|p2a: Jirachi|45/100|[from] item: Leftovers
|upkeep
|turn|19
|
|t:|1745513291
|move|p1a: Kyurem|Fusion Bolt|p2a: Jirachi
|-damage|p2a: Jirachi|0 fnt
|faint|p2a: Jirachi
|
|upkeep
|
|t:|1745513293
|switch|p2a: Tyranitar|Tyranitar, F|100/100
|-damage|p2a: Tyranitar|88/100|[from] Stealth Rock
|-damage|p2a: Tyranitar|76/100|[from] Spikes
|-weather|Sandstorm|[from] ability: Sand Stream|[of] p2a: Tyranitar
|turn|20
|
|t:|1745513296
|move|p1a: Kyurem|Fusion Bolt|p2a: Tyranitar
|-damage|p2a: Tyranitar|34/100
|move|p2a: Tyranitar|Crunch|p1a: Kyurem
|-damage|p1a: Kyurem|7/100
|
|-weather|Sandstorm|[upkeep]
|-damage|p1a: Kyurem|1/100|[from] Sandstorm
|upkeep
|turn|21
|
|t:|1745513304
|move|p1a: Kyurem|Fusion Bolt|p2a: Tyranitar
|-damage|p2a: Tyranitar|0 fnt
|faint|p2a: Tyranitar
|
|-weather|Sandstorm|[upkeep]
|-damage|p1a: Kyurem|0 fnt|[from] Sandstorm
|faint|p1a: Kyurem
|upkeep
|
|t:|1745513306
|switch|p1a: 492|Dragonite, M|25/100
|switch|p2a: Jellicent|Jellicent, F|88/100
|-damage|p2a: Jellicent|76/100|[from] Stealth Rock
|-item|p2a: Jellicent|Air Balloon
|turn|22
|
|t:|1745513309
|move|p1a: 492|Thunder|p2a: Jellicent
|-supereffective|p2a: Jellicent
|-damage|p2a: Jellicent|0 fnt
|-enditem|p2a: Jellicent|Air Balloon
|faint|p2a: Jellicent
|-damage|p1a: 492|15/100|[from] item: Life Orb
|
|win|mello ss
|raw|mello ss's rating: 1453 &rarr; <strong>1473</strong><br />(+20 for winning)
|raw|Meatymisc's rating: 1458 &rarr; <strong>1438</strong><br />(-20 for losing)
