|j|☆torinoko city
|j|☆leoperi99
|t:|1707918651
|gametype|singles
|player|p1|torinoko city|miku-flying|1474
|player|p2|leoperi99|roxie-masters|1492
|teamsize|p1|6
|teamsize|p2|6
|gen|5
|tier|[Gen 5] OU
|rated|
|rule|Species Clause: Limit one of each Pokémon
|rule|OHKO Clause: OHKO moves are banned
|rule|Moody Clause: Moody is banned
|rule|Evasion Items Clause: Evasion items are banned
|rule|Evasion Moves Clause: Evasion moves are banned
|rule|Endless Battle Clause: Forcing endless battles is banned
|rule|HP Percentage Mod: HP is shown in percentages
|rule|Evasion Abilities Clause: Evasion abilities are banned
|rule|Sleep Moves Clause: Sleep-inducing moves are banned
|rule|Swagger Clause: Swagger is banned
|rule|Baton Pass Stat Clause: No Baton Passer may have a way to boost its stats
|clearpoke
|poke|p1|Abomasnow, F|item
|poke|p1|Cloyster, M|item
|poke|p1|Dragonite, M|item
|poke|p1|Volcarona, M|item
|poke|p1|Jirachi|item
|poke|p1|Garchomp, M|item
|poke|p2|Excadrill, M|item
|poke|p2|Tyranitar, F|item
|poke|p2|Latios, M|item
|poke|p2|Jellicent, F|item
|poke|p2|Skarmory, F|item
|poke|p2|Landorus-Therian, M|item
|teampreview
|inactive|Battle timer is ON: inactive players will automatically lose when time's up. (requested by torinoko city)
|
|t:|1707918676
|start
|switch|p1a: mr chomps|Garchomp, M|100/100
|switch|p2a: Skarmory|Skarmory, F|100/100
|turn|1
|
|t:|1707918682
|switch|p1a: Cloyster|Cloyster, M|100/100
|move|p2a: Skarmory|Stealth Rock|p1a: Cloyster
|-sidestart|p1: torinoko city|move: Stealth Rock
|
|upkeep
|turn|2
|
|t:|1707918689
|switch|p2a: Jellicent|Jellicent, F|100/100
|-item|p2a: Jellicent|Air Balloon
|move|p1a: Cloyster|Rapid Spin|p2a: Jellicent
|-immune|p2a: Jellicent
|
|upkeep
|turn|3
|
|t:|1707918693
|switch|p1a: Abomasnow|Abomasnow, F|100/100
|-damage|p1a: Abomasnow|76/100|[from] Stealth Rock
|-weather|Hail|[from] ability: Snow Warning|[of] p1a: Abomasnow
|move|p2a: Jellicent|Shadow Ball|p1a: Abomasnow
|-damage|p1a: Abomasnow|45/100
|
|-weather|Hail|[upkeep]
|-damage|p2a: Jellicent|94/100|[from] Hail
|-heal|p1a: Abomasnow|51/100|[from] item: Leftovers
|upkeep
|turn|4
|
|t:|1707918702
|switch|p2a: Skarmory|Skarmory, F|100/100
|move|p1a: Abomasnow|Wood Hammer|p2a: Skarmory
|-resisted|p2a: Skarmory
|-damage|p2a: Skarmory|91/100
|-damage|p1a: Abomasnow|48/100|[from] Recoil
|
|-weather|Hail|[upkeep]
|-damage|p2a: Skarmory|85/100|[from] Hail
|-heal|p1a: Abomasnow|55/100|[from] item: Leftovers
|upkeep
|turn|5
|
|t:|1707918708
|switch|p1a: Cloyster|Cloyster, M|100/100
|-damage|p1a: Cloyster|76/100|[from] Stealth Rock
|move|p2a: Skarmory|Spikes|p1a: Cloyster
|-sidestart|p1: torinoko city|Spikes
|
|-weather|Hail|[upkeep]
|-damage|p2a: Skarmory|79/100|[from] Hail
|upkeep
|turn|6
|
|t:|1707918712
|switch|p2a: Jellicent|Jellicent, F|94/100
|-item|p2a: Jellicent|Air Balloon
|move|p1a: Cloyster|Shell Smash|p1a: Cloyster
|-unboost|p1a: Cloyster|def|1
|-unboost|p1a: Cloyster|spd|1
|-boost|p1a: Cloyster|atk|2
|-boost|p1a: Cloyster|spa|2
|-boost|p1a: Cloyster|spe|2
|
|-weather|Hail|[upkeep]
|-damage|p2a: Jellicent|88/100|[from] Hail
|upkeep
|turn|7
|
|t:|1707918716
|move|p1a: Cloyster|Rock Blast|p2a: Jellicent
|-damage|p2a: Jellicent|72/100
|-enditem|p2a: Jellicent|Air Balloon
|-damage|p2a: Jellicent|58/100
|-damage|p2a: Jellicent|44/100
|-damage|p2a: Jellicent|29/100
|-damage|p2a: Jellicent|15/100
|-hitcount|p2a: Jellicent|5
|move|p2a: Jellicent|Shadow Ball|p1a: Cloyster
|-damage|p1a: Cloyster|0 fnt
|faint|p1a: Cloyster
|
|-weather|Hail|[upkeep]
|-damage|p2a: Jellicent|9/100|[from] Hail
|upkeep
|
|t:|1707918720
|switch|p1a: mr chomps|Garchomp, M|100/100
|-damage|p1a: mr chomps|94/100|[from] Stealth Rock
|-damage|p1a: mr chomps|82/100|[from] Spikes
|turn|8
|
|t:|1707918725
|move|p1a: mr chomps|Stealth Rock|p2a: Jellicent
|-sidestart|p2: leoperi99|move: Stealth Rock
|move|p2a: Jellicent|Scald|p1a: mr chomps
|-damage|p1a: mr chomps|57/100
|-status|p1a: mr chomps|brn
|
|-weather|Hail|[upkeep]
|-damage|p1a: mr chomps|51/100 brn|[from] Hail
|-damage|p2a: Jellicent|2/100|[from] Hail
|-damage|p1a: mr chomps|38/100 brn|[from] brn
|upkeep
|turn|9
|
|t:|1707918729
|move|p1a: mr chomps|Earthquake|p2a: Jellicent
|-crit|p2a: Jellicent
|-damage|p2a: Jellicent|0 fnt
|faint|p2a: Jellicent
|
|-weather|Hail|[upkeep]
|-damage|p1a: mr chomps|32/100 brn|[from] Hail
|-damage|p1a: mr chomps|20/100 brn|[from] brn
|upkeep
|
|t:|1707918732
|switch|p2a: Skarmory|Skarmory, F|79/100
|-damage|p2a: Skarmory|67/100|[from] Stealth Rock
|turn|10
|
|t:|1707918735
|move|p1a: mr chomps|Outrage|p2a: Skarmory
|-resisted|p2a: Skarmory
|-damage|p2a: Skarmory|53/100
|move|p2a: Skarmory|Spikes|p1a: mr chomps
|-sidestart|p1: torinoko city|Spikes
|
|-weather|Hail|[upkeep]
|-damage|p1a: mr chomps|14/100 brn|[from] Hail
|-damage|p2a: Skarmory|47/100|[from] Hail
|-damage|p1a: mr chomps|1/100 brn|[from] brn
|upkeep
|turn|11
|
|t:|1707918738
|move|p1a: mr chomps|Outrage|p2a: Skarmory|[from]lockedmove
|-resisted|p2a: Skarmory
|-damage|p2a: Skarmory|32/100
|move|p2a: Skarmory|Spikes|p1a: mr chomps
|-sidestart|p1: torinoko city|Spikes
|
|-weather|Hail|[upkeep]
|-damage|p1a: mr chomps|0 fnt|[from] Hail
|-damage|p2a: Skarmory|26/100|[from] Hail
|faint|p1a: mr chomps
|upkeep
|
|t:|1707918748
|switch|p1a: Dragonite|Dragonite, M|100/100
|-damage|p1a: Dragonite|76/100|[from] Stealth Rock
|turn|12
|
|t:|1707918750
|move|p2a: Skarmory|Brave Bird|p1a: Dragonite
|-damage|p1a: Dragonite|23/100
|-damage|p2a: Skarmory|5/100|[from] Recoil
|move|p1a: Dragonite|Dragon Dance|p1a: Dragonite
|-boost|p1a: Dragonite|atk|1
|-boost|p1a: Dragonite|spe|1
|
|-weather|Hail|[upkeep]
|-damage|p1a: Dragonite|17/100|[from] Hail
|-damage|p2a: Skarmory|0 fnt|[from] Hail
|faint|p2a: Skarmory
|-heal|p1a: Dragonite|23/100|[from] item: Leftovers
|upkeep
|
|t:|1707918759
|switch|p2a: Excadrill|Excadrill, M, shiny|100/100
|-damage|p2a: Excadrill|97/100|[from] Stealth Rock
|turn|13
|
|t:|1707918764
|move|p2a: Excadrill|Iron Head|p1a: Dragonite
|-damage|p1a: Dragonite|0 fnt
|faint|p1a: Dragonite
|
|-weather|Hail|[upkeep]
|-damage|p2a: Excadrill|91/100|[from] Hail
|upkeep
|-message|torinoko city forfeited.
|
|win|leoperi99
|raw|torinoko city's rating: 1474 &rarr; <strong>1455</strong><br />(-19 for losing)
|raw|leoperi99's rating: 1492 &rarr; <strong>1511</strong><br />(+19 for winning)
|l|☆torinoko city
|player|p1|
