|j|☆sugarhigh
|j|☆basco
|player|p1|sugarhigh|223
|player|p2|basco|2
|teamsize|p1|6
|teamsize|p2|6
|gametype|singles
|gen|5
|tier|[Gen 5] OU
|rated|
|rule|Sleep Clause Mod: Limit one foe put to sleep
|rule|Species Clause: Limit one of each Pokémon
|rule|OHKO Clause: OHKO moves are banned
|rule|Moody Clause: Moody is banned
|rule|Evasion Moves Clause: Evasion moves are banned
|rule|Endless Battle Clause: Forcing endless battles is banned
|rule|HP Percentage Mod: HP is shown in percentages
|rule|Evasion Abilities Clause: Evasion abilities are banned
|rule|Baton Pass Clause: Limit one Baton Passer, can't pass Spe and other stats simultaneously
|rule|Swagger Clause: Swagger is banned
|clearpoke
|poke|p1|Keldeo|item
|poke|p1|Landorus-Therian, M|item
|poke|p1|Jirachi|item
|poke|p1|Rotom-Wash|item
|poke|p1|Hydreigon, F|item
|poke|p1|Ferrothorn, F|item
|poke|p2|Tyranitar, M|item
|poke|p2|Magnezone|item
|poke|p2|Terrakion|item
|poke|p2|Latios, M|item
|poke|p2|Scizor, F|item
|poke|p2|Landorus-Therian, M|item
|teampreview
|inactive|Battle timer is ON: inactive players will automatically lose when time's up. (requested by basco)
|
|start
|switch|p1a: Landorus|Landorus-Therian, M|100/100
|switch|p2a: Pat Riely|Tyranitar, M|100/100
|-ability|p1a: Landorus|Intimidate|boost
|-unboost|p2a: Pat Riely|atk|1
|-weather|Sandstorm|[from] ability: Sand Stream|[of] p2a: Pat Riely
|turn|1
|
|move|p1a: Landorus|Stealth Rock|p2a: Pat Riely
|-sidestart|p2: basco|move: Stealth Rock
|move|p2a: Pat Riely|Ice Beam|p1a: Landorus
|-supereffective|p1a: Landorus
|-damage|p1a: Landorus|6/100
|
|-weather|Sandstorm|[upkeep]
|-heal|p1a: Landorus|12/100|[from] item: Leftovers
|upkeep
|turn|2
|
|move|p1a: Landorus|Earthquake|p2a: Pat Riely
|-supereffective|p2a: Pat Riely
|-damage|p2a: Pat Riely|26/100
|move|p2a: Pat Riely|Stealth Rock|p1a: Landorus
|-sidestart|p1: sugarhigh|move: Stealth Rock
|
|-weather|Sandstorm|[upkeep]
|-heal|p1a: Landorus|19/100|[from] item: Leftovers
|-heal|p2a: Pat Riely|32/100|[from] item: Leftovers
|upkeep
|turn|3
|
|switch|p2a: Bron Bron|Landorus-Therian, M|100/100
|-damage|p2a: Bron Bron|88/100|[from] Stealth Rock
|-ability|p2a: Bron Bron|Intimidate|boost
|-unboost|p1a: Landorus|atk|1
|move|p1a: Landorus|U-turn|p2a: Bron Bron
|-resisted|p2a: Bron Bron
|-damage|p2a: Bron Bron|81/100
|
|switch|p1a: Jirachi|Jirachi|100/100|[from]move: U-turn
|-damage|p1a: Jirachi|94/100|[from] Stealth Rock
|
|-weather|Sandstorm|[upkeep]
|-heal|p1a: Jirachi|100/100|[from] item: Leftovers
|upkeep
|turn|4
|
|move|p1a: Jirachi|Protect|p1a: Jirachi
|-singleturn|p1a: Jirachi|Protect
|move|p2a: Bron Bron|Earthquake|p1a: Jirachi
|-activate|p1a: Jirachi|move: Protect
|
|-weather|Sandstorm|[upkeep]
|upkeep
|turn|5
|
|switch|p1a: Rotom|Rotom-Wash|100/100
|-damage|p1a: Rotom|88/100|[from] Stealth Rock
|move|p2a: Bron Bron|Hidden Power|p1a: Rotom
|-resisted|p1a: Rotom
|-damage|p1a: Rotom|82/100
|
|-weather|Sandstorm|[upkeep]
|-damage|p1a: Rotom|76/100|[from] Sandstorm
|-heal|p1a: Rotom|82/100|[from] item: Leftovers
|upkeep
|turn|6
|
|switch|p2a: Pat Riely|Tyranitar, M|32/100
|-damage|p2a: Pat Riely|19/100|[from] Stealth Rock
|move|p1a: Rotom|Hydro Pump|p2a: Pat Riely
|-supereffective|p2a: Pat Riely
|-damage|p2a: Pat Riely|0 fnt
|faint|p2a: Pat Riely
|
|-weather|Sandstorm|[upkeep]
|-damage|p1a: Rotom|76/100|[from] Sandstorm
|-heal|p1a: Rotom|82/100|[from] item: Leftovers
|upkeep
|
|switch|p2a: Bosh|Latios, M, shiny|100/100
|-damage|p2a: Bosh|88/100|[from] Stealth Rock
|turn|7
|
|switch|p2a: Ray Allen|Magnezone|100/100
|-damage|p2a: Ray Allen|94/100|[from] Stealth Rock
|switch|p1a: Jirachi|Jirachi|100/100
|-damage|p1a: Jirachi|94/100|[from] Stealth Rock
|
|-weather|Sandstorm|[upkeep]
|-heal|p2a: Ray Allen|100/100|[from] item: Leftovers
|-heal|p1a: Jirachi|100/100|[from] item: Leftovers
|upkeep
|turn|8
|
|move|p1a: Jirachi|Protect|p1a: Jirachi
|-singleturn|p1a: Jirachi|Protect
|move|p2a: Ray Allen|Substitute|p2a: Ray Allen
|-start|p2a: Ray Allen|Substitute
|-damage|p2a: Ray Allen|76/100
|
|-weather|Sandstorm|[upkeep]
|-heal|p2a: Ray Allen|82/100|[from] item: Leftovers
|upkeep
|turn|9
|
|move|p2a: Ray Allen|Charge Beam|p1a: Jirachi
|-damage|p1a: Jirachi|83/100
|-boost|p2a: Ray Allen|spa|1
|move|p1a: Jirachi|Fire Punch|p2a: Ray Allen
|-supereffective|p2a: Ray Allen
|-end|p2a: Ray Allen|Substitute
|
|-weather|Sandstorm|[upkeep]
|-heal|p2a: Ray Allen|88/100|[from] item: Leftovers
|-heal|p1a: Jirachi|90/100|[from] item: Leftovers
|upkeep
|turn|10
|
|move|p2a: Ray Allen|Hidden Power|p1a: Jirachi
|-supereffective|p1a: Jirachi
|-damage|p1a: Jirachi|41/100
|move|p1a: Jirachi|Fire Punch|p2a: Ray Allen
|-supereffective|p2a: Ray Allen
|-damage|p2a: Ray Allen|47/100
|
|-weather|Sandstorm|[upkeep]
|-heal|p2a: Ray Allen|54/100|[from] item: Leftovers
|-heal|p1a: Jirachi|47/100|[from] item: Leftovers
|upkeep
|turn|11
|
|move|p1a: Jirachi|Protect|p1a: Jirachi
|-singleturn|p1a: Jirachi|Protect
|move|p2a: Ray Allen|Hidden Power|p1a: Jirachi
|-activate|p1a: Jirachi|move: Protect
|
|-weather|Sandstorm|[upkeep]
|-heal|p2a: Ray Allen|60/100|[from] item: Leftovers
|-heal|p1a: Jirachi|53/100|[from] item: Leftovers
|upkeep
|turn|12
|
|move|p2a: Ray Allen|Hidden Power|p1a: Jirachi
|-supereffective|p1a: Jirachi
|-damage|p1a: Jirachi|7/100
|move|p1a: Jirachi|Fire Punch|p2a: Ray Allen
|-supereffective|p2a: Ray Allen
|-damage|p2a: Ray Allen|22/100
|-status|p2a: Ray Allen|brn
|
|-weather|Sandstorm|[upkeep]
|-heal|p2a: Ray Allen|28/100 brn|[from] item: Leftovers
|-heal|p1a: Jirachi|13/100|[from] item: Leftovers
|-damage|p2a: Ray Allen|16/100 brn|[from] brn
|upkeep
|turn|13
|
|move|p1a: Jirachi|Protect|p1a: Jirachi
|-singleturn|p1a: Jirachi|Protect
|move|p2a: Ray Allen|Hidden Power|p1a: Jirachi
|-activate|p1a: Jirachi|move: Protect
|
|-weather|Sandstorm|[upkeep]
|-heal|p2a: Ray Allen|22/100 brn|[from] item: Leftovers
|-heal|p1a: Jirachi|19/100|[from] item: Leftovers
|-damage|p2a: Ray Allen|9/100 brn|[from] brn
|upkeep
|turn|14
|
|move|p1a: Jirachi|Protect|p1a: Jirachi
|-singleturn|p1a: Jirachi|Protect
|move|p2a: Ray Allen|Hidden Power|p1a: Jirachi
|-activate|p1a: Jirachi|move: Protect
|
|-weather|Sandstorm|[upkeep]
|-heal|p2a: Ray Allen|15/100 brn|[from] item: Leftovers
|-heal|p1a: Jirachi|25/100|[from] item: Leftovers
|-damage|p2a: Ray Allen|3/100 brn|[from] brn
|upkeep
|turn|15
|j| henry
|
|move|p1a: Jirachi|Protect||[still]
|-fail|p1a: Jirachi
|move|p2a: Ray Allen|Hidden Power|p1a: Jirachi
|-supereffective|p1a: Jirachi
|-damage|p1a: Jirachi|0 fnt
|faint|p1a: Jirachi
|
|-weather|Sandstorm|[upkeep]
|-heal|p2a: Ray Allen|9/100 brn|[from] item: Leftovers
|-damage|p2a: Ray Allen|0 fnt|[from] brn
|faint|p2a: Ray Allen
|upkeep
|
|switch|p2a: Bron Bron|Landorus-Therian, M|81/100
|switch|p1a: Keldeo|Keldeo|100/100
|-damage|p1a: Keldeo|94/100|[from] Stealth Rock
|-damage|p2a: Bron Bron|69/100|[from] Stealth Rock
|-ability|p2a: Bron Bron|Intimidate|boost
|-unboost|p1a: Keldeo|atk|1
|turn|16
|
|switch|p2a: Miller|Scizor, F, shiny|100/100
|-damage|p2a: Miller|88/100|[from] Stealth Rock
|move|p1a: Keldeo|Scald|p2a: Miller
|-damage|p2a: Miller|13/100
|
|-weather|Sandstorm|[upkeep]
|-damage|p1a: Keldeo|88/100|[from] Sandstorm
|upkeep
|turn|17
|
|move|p2a: Miller|Bullet Punch|p1a: Keldeo
|-resisted|p1a: Keldeo
|-crit|p1a: Keldeo
|-damage|p1a: Keldeo|29/100
|move|p1a: Keldeo|Scald|p2a: Miller
|-damage|p2a: Miller|0 fnt
|faint|p2a: Miller
|
|-weather|Sandstorm|[upkeep]
|-damage|p1a: Keldeo|22/100|[from] Sandstorm
|upkeep
|
|switch|p2a: D.Wade|Terrakion|100/100
|-damage|p2a: D.Wade|94/100|[from] Stealth Rock
|turn|18
|
|move|p2a: D.Wade|Close Combat|p1a: Keldeo
|-damage|p1a: Keldeo|0 fnt
|-unboost|p2a: D.Wade|def|1
|-unboost|p2a: D.Wade|spd|1
|faint|p1a: Keldeo
|
|-weather|Sandstorm|[upkeep]
|upkeep
|
|switch|p1a: Rotom|Rotom-Wash|82/100
|-damage|p1a: Rotom|69/100|[from] Stealth Rock
|turn|19
|
|switch|p2a: Bosh|Latios, M, shiny|88/100
|-damage|p2a: Bosh|76/100|[from] Stealth Rock
|move|p1a: Rotom|Will-O-Wisp|p2a: Bosh
|-status|p2a: Bosh|brn
|
|-weather|Sandstorm|[upkeep]
|-damage|p2a: Bosh|70/100 brn|[from] Sandstorm
|-damage|p1a: Rotom|63/100|[from] Sandstorm
|-heal|p1a: Rotom|69/100|[from] item: Leftovers
|-damage|p2a: Bosh|58/100 brn|[from] brn
|upkeep
|turn|20
|
|switch|p1a: Ferrothorn|Ferrothorn, F|100/100
|-damage|p1a: Ferrothorn|94/100|[from] Stealth Rock
|move|p2a: Bosh|Draco Meteor|p1a: Ferrothorn
|-resisted|p1a: Ferrothorn
|-damage|p1a: Ferrothorn|68/100
|-unboost|p2a: Bosh|spa|2
|
|-weather|Sandstorm|[upkeep]
|-damage|p2a: Bosh|52/100 brn|[from] Sandstorm
|-damage|p2a: Bosh|39/100 brn|[from] brn
|upkeep
|turn|21
|
|switch|p2a: Bron Bron|Landorus-Therian, M|69/100
|-damage|p2a: Bron Bron|56/100|[from] Stealth Rock
|-ability|p2a: Bron Bron|Intimidate|boost
|-unboost|p1a: Ferrothorn|atk|1
|move|p1a: Ferrothorn|Gyro Ball|p2a: Bron Bron
|-damage|p2a: Bron Bron|27/100
|
|-weather|Sandstorm|[upkeep]
|upkeep
|turn|22
|
|switch|p1a: Hydreigon|Hydreigon, F|100/100
|-damage|p1a: Hydreigon|88/100|[from] Stealth Rock
|move|p2a: Bron Bron|Hidden Power|p1a: Hydreigon
|-supereffective|p1a: Hydreigon
|-damage|p1a: Hydreigon|42/100
|
|-weather|Sandstorm|[upkeep]
|-damage|p1a: Hydreigon|36/100|[from] Sandstorm
|upkeep
|turn|23
|
|move|p1a: Hydreigon|Draco Meteor|p2a: Bron Bron
|-damage|p2a: Bron Bron|0 fnt
|-unboost|p1a: Hydreigon|spa|2
|faint|p2a: Bron Bron
|
|-weather|Sandstorm|[upkeep]
|-damage|p1a: Hydreigon|29/100|[from] Sandstorm
|upkeep
|
|switch|p2a: D.Wade|Terrakion|94/100
|-damage|p2a: D.Wade|88/100|[from] Stealth Rock
|turn|24
|
|move|p2a: D.Wade|Close Combat|p1a: Hydreigon
|-supereffective|p1a: Hydreigon
|-damage|p1a: Hydreigon|0 fnt
|-unboost|p2a: D.Wade|def|1
|-unboost|p2a: D.Wade|spd|1
|faint|p1a: Hydreigon
|
|-weather|Sandstorm|[upkeep]
|upkeep
|
|switch|p1a: Landorus|Landorus-Therian, M|19/100
|-damage|p1a: Landorus|6/100|[from] Stealth Rock
|-ability|p1a: Landorus|Intimidate|boost
|-unboost|p2a: D.Wade|atk|1
|turn|25
|
|move|p2a: D.Wade|Close Combat|p1a: Landorus
|-resisted|p1a: Landorus
|-damage|p1a: Landorus|0 fnt
|-unboost|p2a: D.Wade|def|1
|-unboost|p2a: D.Wade|spd|1
|faint|p1a: Landorus
|
|-weather|Sandstorm|[upkeep]
|upkeep
|
|switch|p1a: Rotom|Rotom-Wash|69/100
|-damage|p1a: Rotom|57/100|[from] Stealth Rock
|turn|26
|
|switch|p2a: Bosh|Latios, M, shiny|39/100 brn
|-damage|p2a: Bosh|27/100 brn|[from] Stealth Rock
|move|p1a: Rotom|Hydro Pump|p2a: Bosh
|-resisted|p2a: Bosh
|-damage|p2a: Bosh|3/100 brn
|
|-weather|Sandstorm|[upkeep]
|-damage|p2a: Bosh|0 fnt|[from] Sandstorm
|-damage|p1a: Rotom|51/100|[from] Sandstorm
|faint|p2a: Bosh
|-heal|p1a: Rotom|57/100|[from] item: Leftovers
|upkeep
|
|switch|p2a: D.Wade|Terrakion|88/100
|-damage|p2a: D.Wade|82/100|[from] Stealth Rock
|turn|27
|
|move|p2a: D.Wade|Close Combat|p1a: Rotom
|-damage|p1a: Rotom|0 fnt
|-unboost|p2a: D.Wade|def|1
|-unboost|p2a: D.Wade|spd|1
|faint|p1a: Rotom
|
|-weather|Sandstorm|[upkeep]
|upkeep
|c|☆sugarhigh|gg
|-message|sugarhigh forfeited.
|
|win|basco
|c|☆basco|gg
|raw|sugarhigh's rating: 1408 &rarr; <strong>1382</strong><br />(-26 for losing)
|raw|basco's rating: 1299 &rarr; <strong>1331</strong><br />(+32 for winning)
|l|☆sugarhigh
