|j|☆killapokeman
|j|☆SauceBoss10
|t:|1708446473
|gametype|singles
|player|p1|killapokeman|hoopster|1367
|player|p2|SauceBoss10|swimmer-gen4dp|1491
|teamsize|p1|6
|teamsize|p2|6
|gen|5
|tier|[Gen 5] OU
|rated|
|rule|Species Clause: Limit one of each Pokémon
|rule|OHKO Clause: OHKO moves are banned
|rule|Moody Clause: Moody is banned
|rule|Evasion Items Clause: Evasion items are banned
|rule|Evasion Moves Clause: Evasion moves are banned
|rule|Endless Battle Clause: Forcing endless battles is banned
|rule|HP Percentage Mod: HP is shown in percentages
|rule|Evasion Abilities Clause: Evasion abilities are banned
|rule|Sleep Moves Clause: Sleep-inducing moves are banned
|rule|Swagger Clause: Swagger is banned
|rule|Baton Pass Stat Clause: No Baton Passer may have a way to boost its stats
|clearpoke
|poke|p1|Politoed, F|item
|poke|p1|Sharpedo, F|item
|poke|p1|Conkeldurr, M|item
|poke|p1|Tyranitar, F|item
|poke|p1|Dragonite, M|item
|poke|p1|Landorus-Therian, M|item
|poke|p2|Ninetales, M|item
|poke|p2|Volcarona, M|item
|poke|p2|Victini|item
|poke|p2|Xatu, M|item
|poke|p2|Cresselia, F|item
|poke|p2|Excadrill, F|item
|teampreview
|inactive|Battle timer is ON: inactive players will automatically lose when time's up. (requested by SauceBoss10)
|inactive|killapokeman also wants the timer to be on.
|
|t:|1708446481
|start
|switch|p1a: drizzle|Politoed, F, shiny|100/100
|switch|p2a: Ninetales|Ninetales, M|100/100
|-weather|SunnyDay|[from] ability: Drought|[of] p2a: Ninetales
|-weather|RainDance|[from] ability: Drizzle|[of] p1a: drizzle
|turn|1
|
|t:|1708446483
|move|p2a: Ninetales|Sunny Day|p2a: Ninetales
|-weather|SunnyDay
|move|p1a: drizzle|Surf|p2a: Ninetales
|-supereffective|p2a: Ninetales
|-damage|p2a: Ninetales|47/100
|
|-weather|SunnyDay|[upkeep]
|-heal|p2a: Ninetales|53/100|[from] item: Leftovers
|upkeep
|turn|2
|
|t:|1708446488
|switch|p2a: Victini|Victini|100/100
|switch|p1a: granite|Tyranitar, F, shiny|100/100
|-weather|Sandstorm|[from] ability: Sand Stream|[of] p1a: granite
|
|-weather|Sandstorm|[upkeep]
|-damage|p2a: Victini|94/100|[from] Sandstorm
|upkeep
|turn|3
|
|t:|1708446492
|move|p2a: Victini|U-turn|p1a: granite
|-supereffective|p1a: granite
|-damage|p1a: granite|76/100
|-activate|p2a: Victini|move: Pursuit
|move|p1a: granite|Pursuit|p2a: Victini|[from]Pursuit
|-supereffective|p2a: Victini
|-damage|p2a: Victini|22/100
|
|t:|1708446498
|switch|p2a: Ninetales|Ninetales, M|53/100|[from] U-turn
|-weather|SunnyDay|[from] ability: Drought|[of] p2a: Ninetales
|
|-weather|SunnyDay|[upkeep]
|-heal|p2a: Ninetales|59/100|[from] item: Leftovers
|-heal|p1a: granite|82/100|[from] item: Leftovers
|upkeep
|turn|4
|
|t:|1708446501
|switch|p1a: drizzle|Politoed, F, shiny|100/100
|-weather|RainDance|[from] ability: Drizzle|[of] p1a: drizzle
|move|p2a: Ninetales|Will-O-Wisp|p1a: drizzle
|-status|p1a: drizzle|brn
|
|-weather|RainDance|[upkeep]
|-heal|p2a: Ninetales|65/100|[from] item: Leftovers
|-damage|p1a: drizzle|88/100 brn|[from] brn
|upkeep
|turn|5
|
|t:|1708446505
|move|p2a: Ninetales|Sunny Day|p2a: Ninetales
|-weather|SunnyDay
|move|p1a: drizzle|Surf|p2a: Ninetales
|-supereffective|p2a: Ninetales
|-damage|p2a: Ninetales|17/100
|
|-weather|SunnyDay|[upkeep]
|-heal|p2a: Ninetales|23/100|[from] item: Leftovers
|-damage|p1a: drizzle|76/100 brn|[from] brn
|upkeep
|turn|6
|
|t:|1708446509
|switch|p2a: Excadrill|Excadrill, F, shiny|100/100
|-ability|p2a: Excadrill|Mold Breaker
|switch|p1a: granite|Tyranitar, F, shiny|82/100
|-weather|Sandstorm|[from] ability: Sand Stream|[of] p1a: granite
|
|-weather|Sandstorm|[upkeep]
|-heal|p1a: granite|88/100|[from] item: Leftovers
|upkeep
|turn|7
|
|t:|1708446512
|switch|p1a: bad cop|Landorus-Therian, M, shiny|100/100
|-ability|p1a: bad cop|Intimidate|boost
|-unboost|p2a: Excadrill|atk|1
|move|p2a: Excadrill|Stealth Rock|p1a: bad cop
|-sidestart|p1: killapokeman|move: Stealth Rock
|
|-weather|Sandstorm|[upkeep]
|upkeep
|turn|8
|
|t:|1708446515
|switch|p2a: Xatu|Xatu, M, shiny|100/100
|move|p1a: bad cop|U-turn|p2a: Xatu
|-damage|p2a: Xatu|72/100
|-damage|p1a: bad cop|84/100|[from] item: Rocky Helmet|[of] p2a: Xatu
|
|t:|1708446521
|switch|p1a: drizzle|Politoed, F, shiny|76/100 brn|[from] U-turn
|-damage|p1a: drizzle|63/100 brn|[from] Stealth Rock
|-weather|RainDance|[from] ability: Drizzle|[of] p1a: drizzle
|
|-weather|RainDance|[upkeep]
|-damage|p1a: drizzle|51/100 brn|[from] brn
|upkeep
|turn|9
|
|t:|1708446529
|switch|p2a: Victini|Victini|22/100
|move|p1a: drizzle|Surf|p2a: Victini
|-supereffective|p2a: Victini
|-damage|p2a: Victini|0 fnt
|faint|p2a: Victini
|
|-weather|RainDance|[upkeep]
|-damage|p1a: drizzle|39/100 brn|[from] brn
|upkeep
|
|t:|1708446534
|switch|p2a: Ninetales|Ninetales, M|23/100
|-weather|SunnyDay|[from] ability: Drought|[of] p2a: Ninetales
|turn|10
|
|t:|1708446537
|switch|p1a: granite|Tyranitar, F, shiny|88/100
|-damage|p1a: granite|76/100|[from] Stealth Rock
|-weather|Sandstorm|[from] ability: Sand Stream|[of] p1a: granite
|move|p2a: Ninetales|Will-O-Wisp|p1a: granite
|-status|p1a: granite|brn
|
|-weather|Sandstorm|[upkeep]
|-damage|p2a: Ninetales|17/100|[from] Sandstorm
|-heal|p2a: Ninetales|23/100|[from] item: Leftovers
|-heal|p1a: granite|82/100 brn|[from] item: Leftovers
|-damage|p1a: granite|70/100 brn|[from] brn
|upkeep
|turn|11
|
|t:|1708446545
|switch|p2a: Xatu|Xatu, M, shiny|72/100
|move|p1a: granite|Stealth Rock|p2a: Xatu
|move|p2a: Xatu|Stealth Rock||[from]ability: Magic Bounce|[still]
|-fail|p2a: Xatu
|
|-weather|Sandstorm|[upkeep]
|-damage|p2a: Xatu|66/100|[from] Sandstorm
|-heal|p1a: granite|76/100 brn|[from] item: Leftovers
|-damage|p1a: granite|63/100 brn|[from] brn
|upkeep
|turn|12
|
|t:|1708446550
|move|p2a: Xatu|Roost|p2a: Xatu
|-heal|p2a: Xatu|100/100
|-singleturn|p2a: Xatu|move: Roost
|move|p1a: granite|Ice Beam|p2a: Xatu
|-damage|p2a: Xatu|68/100
|
|-weather|Sandstorm|[upkeep]
|-damage|p2a: Xatu|62/100|[from] Sandstorm
|-heal|p1a: granite|70/100 brn|[from] item: Leftovers
|-damage|p1a: granite|57/100 brn|[from] brn
|upkeep
|turn|13
|
|t:|1708446556
|move|p2a: Xatu|Night Shade|p1a: granite
|-damage|p1a: granite|32/100 brn
|move|p1a: granite|Pursuit|p2a: Xatu
|-supereffective|p2a: Xatu
|-damage|p2a: Xatu|44/100
|-damage|p1a: granite|16/100 brn|[from] item: Rocky Helmet|[of] p2a: Xatu
|
|-weather|Sandstorm|[upkeep]
|-damage|p2a: Xatu|38/100|[from] Sandstorm
|-heal|p1a: granite|22/100 brn|[from] item: Leftovers
|-damage|p1a: granite|10/100 brn|[from] brn
|upkeep
|turn|14
|
|t:|1708446562
|move|p2a: Xatu|Roost|p2a: Xatu
|-heal|p2a: Xatu|88/100
|-singleturn|p2a: Xatu|move: Roost
|move|p1a: granite|Pursuit|p2a: Xatu
|-supereffective|p2a: Xatu
|-damage|p2a: Xatu|70/100
|-damage|p1a: granite|0 fnt|[from] item: Rocky Helmet|[of] p2a: Xatu
|faint|p1a: granite
|
|-weather|Sandstorm|[upkeep]
|-damage|p2a: Xatu|64/100|[from] Sandstorm
|upkeep
|
|t:|1708446567
|switch|p1a: bad cop|Landorus-Therian, M, shiny|84/100
|-damage|p1a: bad cop|72/100|[from] Stealth Rock
|-ability|p1a: bad cop|Intimidate|boost
|-unboost|p2a: Xatu|atk|1
|turn|15
|
|t:|1708446575
|move|p1a: bad cop|Rock Slide|p2a: Xatu
|-supereffective|p2a: Xatu
|-damage|p2a: Xatu|6/100
|move|p2a: Xatu|Roost|p2a: Xatu
|-heal|p2a: Xatu|56/100
|-singleturn|p2a: Xatu|move: Roost
|
|-weather|Sandstorm|[upkeep]
|-damage|p2a: Xatu|50/100|[from] Sandstorm
|upkeep
|turn|16
|
|t:|1708446579
|switch|p2a: Excadrill|Excadrill, F, shiny|100/100
|-ability|p2a: Excadrill|Mold Breaker
|move|p1a: bad cop|Rock Slide|p2a: Excadrill
|-resisted|p2a: Excadrill
|-damage|p2a: Excadrill|91/100
|
|-weather|Sandstorm|[upkeep]
|-heal|p2a: Excadrill|97/100|[from] item: Leftovers
|upkeep
|turn|17
|
|t:|1708446584
|switch|p1a: Dragonite|Dragonite, M|100/100
|-damage|p1a: Dragonite|76/100|[from] Stealth Rock
|move|p2a: Excadrill|Earthquake|p1a: Dragonite
|-immune|p1a: Dragonite
|
|-weather|Sandstorm|[upkeep]
|-damage|p1a: Dragonite|69/100|[from] Sandstorm
|-heal|p2a: Excadrill|100/100|[from] item: Leftovers
|-heal|p1a: Dragonite|76/100|[from] item: Leftovers
|upkeep
|turn|18
|
|t:|1708446589
|switch|p2a: Cresselia|Cresselia, F|100/100
|move|p1a: Dragonite|Roost|p1a: Dragonite
|-heal|p1a: Dragonite|100/100
|-singleturn|p1a: Dragonite|move: Roost
|
|-weather|Sandstorm|[upkeep]
|-damage|p2a: Cresselia|94/100|[from] Sandstorm
|-damage|p1a: Dragonite|94/100|[from] Sandstorm
|-heal|p2a: Cresselia|100/100|[from] item: Leftovers
|-heal|p1a: Dragonite|100/100|[from] item: Leftovers
|upkeep
|turn|19
|
|t:|1708446597
|switch|p1a: bad cop|Landorus-Therian, M, shiny|72/100
|-damage|p1a: bad cop|59/100|[from] Stealth Rock
|-ability|p1a: bad cop|Intimidate|boost
|-unboost|p2a: Cresselia|atk|1
|move|p2a: Cresselia|Calm Mind|p2a: Cresselia
|-boost|p2a: Cresselia|spa|1
|-boost|p2a: Cresselia|spd|1
|
|-weather|Sandstorm|[upkeep]
|-damage|p2a: Cresselia|94/100|[from] Sandstorm
|-heal|p2a: Cresselia|100/100|[from] item: Leftovers
|upkeep
|turn|20
|
|t:|1708446601
|move|p1a: bad cop|U-turn|p2a: Cresselia
|-supereffective|p2a: Cresselia
|-damage|p2a: Cresselia|72/100
|
|t:|1708446606
|switch|p1a: T-72|Sharpedo, F|100/100|[from] U-turn
|-damage|p1a: T-72|88/100|[from] Stealth Rock
|move|p2a: Cresselia|Ice Beam|p1a: T-72
|-resisted|p1a: T-72
|-damage|p1a: T-72|54/100
|
|-weather|Sandstorm|[upkeep]
|-damage|p1a: T-72|48/100|[from] Sandstorm
|-damage|p2a: Cresselia|66/100|[from] Sandstorm
|-heal|p2a: Cresselia|72/100|[from] item: Leftovers
|upkeep
|turn|21
|
|t:|1708446613
|switch|p2a: Xatu|Xatu, M, shiny|50/100
|move|p1a: T-72|Crunch|p2a: Xatu
|-supereffective|p2a: Xatu
|-damage|p2a: Xatu|0 fnt
|-damage|p1a: T-72|32/100|[from] item: Rocky Helmet|[of] p2a: Xatu
|faint|p2a: Xatu
|-damage|p1a: T-72|22/100|[from] item: Life Orb
|
|-weather|Sandstorm|[upkeep]
|-damage|p1a: T-72|16/100|[from] Sandstorm
|-ability|p1a: T-72|Speed Boost|boost
|-boost|p1a: T-72|spe|1
|upkeep
|
|t:|1708446624
|switch|p2a: Excadrill|Excadrill, F, shiny|100/100
|-ability|p2a: Excadrill|Mold Breaker
|turn|22
|
|t:|1708446626
|move|p2a: Excadrill|Protect|p2a: Excadrill
|-singleturn|p2a: Excadrill|Protect
|move|p1a: T-72|Waterfall|p2a: Excadrill
|-activate|p2a: Excadrill|move: Protect
|
|-weather|Sandstorm|[upkeep]
|-damage|p1a: T-72|10/100|[from] Sandstorm
|-ability|p1a: T-72|Speed Boost|boost
|-boost|p1a: T-72|spe|1
|upkeep
|turn|23
|
|t:|1708446638
|switch|p2a: Cresselia|Cresselia, F|72/100
|move|p1a: T-72|Waterfall|p2a: Cresselia
|-damage|p2a: Cresselia|43/100
|-damage|p1a: T-72|0 fnt|[from] item: Life Orb
|faint|p1a: T-72
|
|-weather|Sandstorm|[upkeep]
|-damage|p2a: Cresselia|37/100|[from] Sandstorm
|-heal|p2a: Cresselia|43/100|[from] item: Leftovers
|upkeep
|
|t:|1708446645
|switch|p1a: drizzle|Politoed, F, shiny|39/100 brn
|-damage|p1a: drizzle|26/100 brn|[from] Stealth Rock
|-weather|RainDance|[from] ability: Drizzle|[of] p1a: drizzle
|turn|24
|
|t:|1708446649
|switch|p2a: Ninetales|Ninetales, M|23/100
|-weather|SunnyDay|[from] ability: Drought|[of] p2a: Ninetales
|move|p1a: drizzle|Surf|p2a: Ninetales
|-supereffective|p2a: Ninetales
|-damage|p2a: Ninetales|0 fnt
|faint|p2a: Ninetales
|
|-weather|SunnyDay|[upkeep]
|-damage|p1a: drizzle|14/100 brn|[from] brn
|upkeep
|
|t:|1708446660
|switch|p2a: Volcarona|Volcarona, M|100/100
|turn|25
|
|t:|1708446664
|switch|p1a: bad cop|Landorus-Therian, M, shiny|59/100
|-damage|p1a: bad cop|47/100|[from] Stealth Rock
|-ability|p1a: bad cop|Intimidate|boost
|-unboost|p2a: Volcarona|atk|1
|move|p2a: Volcarona|Quiver Dance|p2a: Volcarona
|-boost|p2a: Volcarona|spa|1
|-boost|p2a: Volcarona|spd|1
|-boost|p2a: Volcarona|spe|1
|
|-weather|SunnyDay|[upkeep]
|upkeep
|turn|26
|
|t:|1708446673
|move|p2a: Volcarona|Hidden Power|p1a: bad cop
|-supereffective|p1a: bad cop
|-damage|p1a: bad cop|0 fnt
|faint|p1a: bad cop
|
|-weather|SunnyDay|[upkeep]
|upkeep
|
|t:|1708446677
|switch|p1a: drizzle|Politoed, F, shiny|14/100 brn
|-damage|p1a: drizzle|2/100 brn|[from] Stealth Rock
|-weather|RainDance|[from] ability: Drizzle|[of] p1a: drizzle
|turn|27
|
|t:|1708446682
|move|p2a: Volcarona|Giga Drain|p1a: drizzle
|-supereffective|p1a: drizzle
|-damage|p1a: drizzle|0 fnt
|faint|p1a: drizzle
|
|-weather|RainDance|[upkeep]
|upkeep
|
|t:|1708446690
|switch|p1a: mister fister|Conkeldurr, M, shiny|100/100
|-damage|p1a: mister fister|94/100|[from] Stealth Rock
|turn|28
|
|t:|1708446693
|move|p2a: Volcarona|Fiery Dance|p1a: mister fister
|-damage|p1a: mister fister|56/100
|move|p1a: mister fister|Drain Punch|p2a: Volcarona
|-resisted|p2a: Volcarona
|-crit|p2a: Volcarona
|-damage|p2a: Volcarona|26/100
|-heal|p1a: mister fister|86/100|[from] drain|[of] p2a: Volcarona
|
|-weather|RainDance|[upkeep]
|upkeep
|turn|29
|
|t:|1708446704
|move|p2a: Volcarona|Giga Drain|p1a: mister fister
|-damage|p1a: mister fister|35/100
|-heal|p2a: Volcarona|58/100|[from] drain|[of] p1a: mister fister
|move|p1a: mister fister|Drain Punch|p2a: Volcarona
|-resisted|p2a: Volcarona
|-damage|p2a: Volcarona|14/100
|-heal|p1a: mister fister|53/100|[from] drain|[of] p2a: Volcarona
|-status|p1a: mister fister|brn|[from] ability: Flame Body|[of] p2a: Volcarona
|
|-weather|RainDance|[upkeep]
|-damage|p1a: mister fister|40/100 brn|[from] brn
|upkeep
|turn|30
|
|t:|1708446709
|move|p1a: mister fister|Mach Punch|p2a: Volcarona
|-resisted|p2a: Volcarona
|-damage|p2a: Volcarona|0 fnt
|faint|p2a: Volcarona
|
|-weather|RainDance|[upkeep]
|-damage|p1a: mister fister|28/100 brn|[from] brn
|upkeep
|
|t:|1708446711
|switch|p2a: Cresselia|Cresselia, F|43/100
|turn|31
|
|t:|1708446717
|move|p2a: Cresselia|Moonlight|p2a: Cresselia
|-heal|p2a: Cresselia|68/100
|move|p1a: mister fister|Thunder Punch|p2a: Cresselia
|-damage|p2a: Cresselia|47/100
|
|-weather|RainDance|[upkeep]
|-heal|p2a: Cresselia|53/100|[from] item: Leftovers
|-damage|p1a: mister fister|16/100 brn|[from] brn
|upkeep
|turn|32
|
|t:|1708446721
|move|p2a: Cresselia|Moonlight|p2a: Cresselia
|-heal|p2a: Cresselia|78/100
|move|p1a: mister fister|Thunder Punch|p2a: Cresselia
|-damage|p2a: Cresselia|57/100
|
|-weather|RainDance|[upkeep]
|-heal|p2a: Cresselia|63/100|[from] item: Leftovers
|-damage|p1a: mister fister|3/100 brn|[from] brn
|upkeep
|turn|33
|
|t:|1708446725
|move|p2a: Cresselia|Moonlight|p2a: Cresselia
|-heal|p2a: Cresselia|88/100
|move|p1a: mister fister|Thunder Punch|p2a: Cresselia
|-damage|p2a: Cresselia|65/100
|
|-weather|RainDance|[upkeep]
|-heal|p2a: Cresselia|71/100|[from] item: Leftovers
|-damage|p1a: mister fister|0 fnt|[from] brn
|faint|p1a: mister fister
|upkeep
|
|t:|1708446727
|switch|p1a: Dragonite|Dragonite, M|100/100
|-damage|p1a: Dragonite|76/100|[from] Stealth Rock
|turn|34
|
|t:|1708446729
|move|p2a: Cresselia|Ice Beam|p1a: Dragonite
|-supereffective|p1a: Dragonite
|-damage|p1a: Dragonite|19/100
|move|p1a: Dragonite|Thunder|p2a: Cresselia
|-damage|p2a: Cresselia|54/100
|
|-weather|RainDance|[upkeep]
|-heal|p2a: Cresselia|60/100|[from] item: Leftovers
|-heal|p1a: Dragonite|25/100|[from] item: Leftovers
|upkeep
|turn|35
|
|t:|1708446733
|move|p2a: Cresselia|Ice Beam|p1a: Dragonite
|-supereffective|p1a: Dragonite
|-damage|p1a: Dragonite|0 fnt
|faint|p1a: Dragonite
|
|win|SauceBoss10
|raw|killapokeman's rating: 1367 &rarr; <strong>1354</strong><br />(-13 for losing)
|raw|SauceBoss10's rating: 1491 &rarr; <strong>1504</strong><br />(+13 for winning)
|l|☆killapokeman
|player|p1|
|c|☆SauceBoss10|gg
