|j|☆kodaekim
|j|☆Paltham
|t:|1749585101
|gametype|singles
|player|p1|kodaekim|170|1406
|player|p2|Paltham|265|1342
|teamsize|p1|6
|teamsize|p2|6
|gen|5
|tier|[Gen 5] OU
|rated|
|rule|Species Clause: Limit one of each Pokémon
|rule|OHKO Clause: OHKO moves are banned
|rule|Moody Clause: Moody is banned
|rule|Evasion Items Clause: Evasion items are banned
|rule|Evasion Moves Clause: Evasion moves are banned
|rule|Endless Battle Clause: Forcing endless battles is banned
|rule|HP Percentage Mod: HP is shown in percentages
|rule|Evasion Abilities Clause: Evasion abilities are banned
|rule|Sleep Moves Clause: Sleep-inducing moves are banned
|rule|Swagger Clause: Swagger is banned
|rule|Baton Pass Stat Clause: No Baton Passer may have a way to boost its stats
|clearpoke
|poke|p1|Tyranitar, F|item
|poke|p1|Garchomp, M|item
|poke|p1|Rotom-Wash|item
|poke|p1|Landorus-Therian, M|item
|poke|p1|Jirachi|item
|poke|p1|Latios, M|item
|poke|p2|Hitmonlee, M|item
|poke|p2|Latios, M|item
|poke|p2|Landorus-Therian, M|item
|poke|p2|Tyranitar, F|item
|poke|p2|Alakazam, M|item
|poke|p2|Keldeo|item
|teampreview
|
|t:|1749585115
|start
|switch|p1a: Rotom|Rotom-Wash|100/100
|switch|p2a: Keldeo|Keldeo|100/100
|turn|1
|
|t:|1749585119
|move|p2a: Keldeo|Secret Sword|p1a: Rotom
|-damage|p1a: Rotom|46/100
|move|p1a: Rotom|Hidden Power|p2a: Keldeo
|-supereffective|p2a: Keldeo
|-damage|p2a: Keldeo|46/100
|
|-heal|p2a: Keldeo|52/100|[from] item: Leftovers
|-heal|p1a: Rotom|52/100|[from] item: Leftovers
|upkeep
|turn|2
|j| satsarn
|
|t:|1749585140
|switch|p1a: Latios|Latios, M|100/100
|move|p2a: Keldeo|Hidden Power|p1a: Latios
|-supereffective|p1a: Latios
|-damage|p1a: Latios|47/100
|
|-heal|p2a: Keldeo|58/100|[from] item: Leftovers
|upkeep
|turn|3
|
|t:|1749585151
|switch|p1a: Landorus|Landorus-Therian, M|100/100
|-ability|p1a: Landorus|Intimidate|boost
|-unboost|p2a: Keldeo|atk|1
|move|p2a: Keldeo|Hidden Power|p1a: Landorus
|-supereffective|p1a: Landorus
|-damage|p1a: Landorus|0 fnt
|faint|p1a: Landorus
|
|-heal|p2a: Keldeo|65/100|[from] item: Leftovers
|upkeep
|
|t:|1749585154
|switch|p1a: Latios|Latios, M|47/100
|turn|4
|
|t:|1749585168
|move|p2a: Keldeo|Protect|p2a: Keldeo
|-singleturn|p2a: Keldeo|Protect
|move|p1a: Latios|Roost|p1a: Latios
|-heal|p1a: Latios|97/100
|-singleturn|p1a: Latios|move: Roost
|
|-heal|p2a: Keldeo|71/100|[from] item: Leftovers
|upkeep
|turn|5
|
|t:|1749585177
|switch|p1a: Jirachi|Jirachi|100/100
|switch|p2a: Tyranitar|Tyranitar, F|100/100
|-weather|Sandstorm|[from] ability: Sand Stream|[of] p2a: Tyranitar
|
|-weather|Sandstorm|[upkeep]
|upkeep
|turn|6
|
|t:|1749585183
|move|p1a: Jirachi|Iron Head|p2a: Tyranitar
|-supereffective|p2a: Tyranitar
|-damage|p2a: Tyranitar|35/100
|cant|p2a: Tyranitar|flinch
|
|-weather|Sandstorm|[upkeep]
|upkeep
|turn|7
|
|t:|1749585190
|move|p1a: Jirachi|Iron Head|p2a: Tyranitar
|-supereffective|p2a: Tyranitar
|-damage|p2a: Tyranitar|0 fnt
|faint|p2a: Tyranitar
|
|-weather|Sandstorm|[upkeep]
|upkeep
|
|t:|1749585192
|switch|p2a: Hitmonlee|Hitmonlee, M|100/100
|turn|8
|
|t:|1749585216
|switch|p1a: Garchomp|Garchomp, M|100/100
|move|p2a: Hitmonlee|Fling|p1a: Garchomp
|-crit|p1a: Garchomp
|-damage|p1a: Garchomp|26/100
|-enditem|p2a: Hitmonlee|Hard Stone|[from] move: Fling
|
|-weather|Sandstorm|[upkeep]
|-damage|p2a: Hitmonlee|94/100|[from] Sandstorm
|upkeep
|turn|9
|
|t:|1749585230
|switch|p1a: Latios|Latios, M|97/100
|move|p2a: Hitmonlee|Close Combat|p1a: Latios
|-resisted|p1a: Latios
|-damage|p1a: Latios|55/100
|-unboost|p2a: Hitmonlee|def|1
|-unboost|p2a: Hitmonlee|spd|1
|
|-weather|Sandstorm|[upkeep]
|-damage|p2a: Hitmonlee|88/100|[from] Sandstorm
|-damage|p1a: Latios|49/100|[from] Sandstorm
|upkeep
|turn|10
|
|t:|1749585239
|move|p2a: Hitmonlee|Stone Edge|p1a: Latios
|-damage|p1a: Latios|2/100
|move|p1a: Latios|Roost|p1a: Latios
|-heal|p1a: Latios|53/100
|-singleturn|p1a: Latios|move: Roost
|
|-weather|Sandstorm|[upkeep]
|-damage|p2a: Hitmonlee|82/100|[from] Sandstorm
|-damage|p1a: Latios|47/100|[from] Sandstorm
|upkeep
|turn|11
|
|t:|1749585250
|move|p2a: Hitmonlee|Stone Edge|p1a: Latios
|-damage|p1a: Latios|0 fnt
|faint|p1a: Latios
|
|-weather|Sandstorm|[upkeep]
|-damage|p2a: Hitmonlee|76/100|[from] Sandstorm
|upkeep
|
|t:|1749585257
|switch|p1a: Jirachi|Jirachi|100/100
|turn|12
|
|t:|1749585260
|move|p2a: Hitmonlee|Close Combat|p1a: Jirachi
|-damage|p1a: Jirachi|28/100
|-unboost|p2a: Hitmonlee|def|1
|-unboost|p2a: Hitmonlee|spd|1
|move|p1a: Jirachi|Iron Head|p2a: Hitmonlee
|-damage|p2a: Hitmonlee|0 fnt
|faint|p2a: Hitmonlee
|
|-weather|Sandstorm|[upkeep]
|upkeep
|
|t:|1749585273
|switch|p2a: Alakazam|Alakazam, M|100/100
|turn|13
|
|t:|1749585277
|move|p2a: Alakazam|Shadow Ball|p1a: Jirachi
|-damage|p1a: Jirachi|0 fnt
|faint|p1a: Jirachi
|
|-weather|Sandstorm|[upkeep]
|upkeep
|
|t:|1749585280
|switch|p1a: Tyranitar|Tyranitar, F|100/100
|turn|14
|
|t:|1749585286
|move|p2a: Alakazam|Grass Knot|p1a: Tyranitar
|-supereffective|p1a: Tyranitar
|-damage|p1a: Tyranitar|46/100
|move|p1a: Tyranitar|Pursuit|p2a: Alakazam
|-supereffective|p2a: Alakazam
|-damage|p2a: Alakazam|5/100
|
|-weather|Sandstorm|[upkeep]
|upkeep
|turn|15
|-message|kodaekim forfeited.
|
|win|Paltham
|raw|kodaekim's rating: 1406 &rarr; <strong>1382</strong><br />(-24 for losing)
|raw|Paltham's rating: 1342 &rarr; <strong>1366</strong><br />(+24 for winning)
|l|☆kodaekim
|player|p1|
|c|☆Paltham|Gg
