|j|☆weidson
|j|☆Toto et Ninetta
|player|p1|weidson|266
|player|p2|Toto et Ninetta|boarder-gen2
|teamsize|p1|6
|teamsize|p2|6
|gametype|singles
|gen|5
|tier|[Gen 5] OU
|rated|
|rule|Sleep Clause Mod: Limit one foe put to sleep
|rule|Species Clause: Limit one of each Pokémon
|rule|OHKO Clause: OHKO moves are banned
|rule|Moody Clause: Moody is banned
|rule|Evasion Moves Clause: Evasion moves are banned
|rule|Endless Battle Clause: Forcing endless battles is banned
|rule|HP Percentage Mod: HP is shown in percentages
|rule|Evasion Abilities Clause: Evasion abilities are banned
|rule|Baton Pass Clause: Limit one Baton Passer, can't pass Spe and other stats simultaneously
|rule|Swagger Clause: Swagger is banned
|clearpoke
|poke|p1|Politoed, M|item
|poke|p1|Garchomp, M|item
|poke|p1|Latios, M|item
|poke|p1|Starmie|item
|poke|p1|Jirachi|item
|poke|p1|Ferrothorn, M|item
|poke|p2|Politoed, M|item
|poke|p2|Tentacruel, M|item
|poke|p2|Jirachi|item
|poke|p2|Breloom, F|item
|poke|p2|Landorus-Therian, M|item
|poke|p2|Thundurus-Therian, M|item
|teampreview
|
|start
|switch|p1a: Ferrothorn|Ferrothorn, M|100/100
|switch|p2a: Politoed|Politoed, M|100/100
|-weather|RainDance|[from] ability: Drizzle|[of] p2a: Politoed
|turn|1
|
|switch|p2a: Jirachi|Jirachi|100/100
|move|p1a: Ferrothorn|Stealth Rock|p2a: Jirachi
|-sidestart|p2: Toto et Ninetta|move: Stealth Rock
|
|-weather|RainDance|[upkeep]
|upkeep
|turn|2
|
|move|p2a: Jirachi|Stealth Rock|p1a: Ferrothorn
|-sidestart|p1: weidson|move: Stealth Rock
|move|p1a: Ferrothorn|Leech Seed|p2a: Jirachi
|-start|p2a: Jirachi|move: Leech Seed
|
|-weather|RainDance|[upkeep]
|-damage|p2a: Jirachi|88/100|[from] Leech Seed|[of] p1a: Ferrothorn
|upkeep
|turn|3
|
|move|p2a: Jirachi|Wish|p2a: Jirachi
|move|p1a: Ferrothorn|Spikes|p2a: Jirachi
|-sidestart|p2: Toto et Ninetta|Spikes
|
|-weather|RainDance|[upkeep]
|-heal|p2a: Jirachi|94/100|[from] item: Leftovers
|-damage|p2a: Jirachi|82/100|[from] Leech Seed|[of] p1a: Ferrothorn
|upkeep
|turn|4
|
|switch|p2a: Tentacruel|Tentacruel, M|100/100
|-damage|p2a: Tentacruel|88/100|[from] Spikes
|-damage|p2a: Tentacruel|76/100|[from] Stealth Rock
|move|p1a: Ferrothorn|Spikes|p2a: Tentacruel
|-sidestart|p2: Toto et Ninetta|Spikes
|
|-weather|RainDance|[upkeep]
|-heal|p2a: Tentacruel|82/100|[from] ability: Rain Dish
|-heal|p2a: Tentacruel|100/100|[from] move: Wish|[wisher] Jirachi
|upkeep
|turn|5
|
|move|p2a: Tentacruel|Rapid Spin|p1a: Ferrothorn
|-resisted|p1a: Ferrothorn
|-damage|p1a: Ferrothorn|99/100
|-damage|p2a: Tentacruel|88/100|[from] ability: Iron Barbs|[of] p1a: Ferrothorn
|-sideend|p2: Toto et Ninetta|Spikes|[from] move: Rapid Spin|[of] p2a: Tentacruel
|-sideend|p2: Toto et Ninetta|Stealth Rock|[from] move: Rapid Spin|[of] p2a: Tentacruel
|move|p1a: Ferrothorn|Leech Seed|p2a: Tentacruel
|-start|p2a: Tentacruel|move: Leech Seed
|
|-weather|RainDance|[upkeep]
|-heal|p2a: Tentacruel|94/100|[from] ability: Rain Dish
|-heal|p2a: Tentacruel|99/100|[from] item: Black Sludge
|-heal|p1a: Ferrothorn|100/100|[from] item: Leftovers
|-damage|p2a: Tentacruel|88/100|[from] Leech Seed|[of] p1a: Ferrothorn
|upkeep
|turn|6
|
|move|p2a: Tentacruel|Scald|p1a: Ferrothorn
|-resisted|p1a: Ferrothorn
|-damage|p1a: Ferrothorn|88/100
|-status|p1a: Ferrothorn|brn
|move|p1a: Ferrothorn|Stealth Rock|p2a: Tentacruel
|-sidestart|p2: Toto et Ninetta|move: Stealth Rock
|
|-weather|RainDance|[upkeep]
|-heal|p2a: Tentacruel|94/100|[from] ability: Rain Dish
|-heal|p2a: Tentacruel|99/100|[from] item: Black Sludge
|-heal|p1a: Ferrothorn|94/100 brn|[from] item: Leftovers
|-damage|p2a: Tentacruel|88/100|[from] Leech Seed|[of] p1a: Ferrothorn
|-heal|p1a: Ferrothorn|100/100 brn|[silent]
|-damage|p1a: Ferrothorn|88/100 brn|[from] brn
|upkeep
|turn|7
|
|switch|p2a: Breloom|Breloom, F|100/100
|-damage|p2a: Breloom|94/100|[from] Stealth Rock
|move|p1a: Ferrothorn|Spikes|p2a: Breloom
|-sidestart|p2: Toto et Ninetta|Spikes
|
|-weather|RainDance|[upkeep]
|-heal|p1a: Ferrothorn|94/100 brn|[from] item: Leftovers
|-damage|p1a: Ferrothorn|82/100 brn|[from] brn
|-status|p2a: Breloom|tox|[from] item: Toxic Orb
|upkeep
|turn|8
|
|switch|p1a: Latios|Latios, M|100/100
|-damage|p1a: Latios|88/100|[from] Stealth Rock
|move|p2a: Breloom|Drain Punch|p1a: Latios
|-resisted|p1a: Latios
|-crit|p1a: Latios
|-damage|p1a: Latios|45/100
|-heal|p2a: Breloom|100/100 tox|[from] drain|[of] p1a: Latios
|
|-weather|RainDance|[upkeep]
|upkeep
|turn|9
|
|switch|p2a: Jirachi|Jirachi|82/100
|-damage|p2a: Jirachi|70/100|[from] Spikes
|-damage|p2a: Jirachi|63/100|[from] Stealth Rock
|move|p1a: Latios|Psyshock|p2a: Jirachi
|-resisted|p2a: Jirachi
|-damage|p2a: Jirachi|50/100
|
|-weather|RainDance|[upkeep]
|-heal|p2a: Jirachi|57/100|[from] item: Leftovers
|upkeep
|turn|10
|
|switch|p1a: Ferrothorn|Ferrothorn, M|82/100 brn
|-damage|p1a: Ferrothorn|75/100 brn|[from] Stealth Rock
|move|p2a: Jirachi|Wish|p2a: Jirachi
|
|-weather|RainDance|[upkeep]
|-heal|p2a: Jirachi|63/100|[from] item: Leftovers
|-heal|p1a: Ferrothorn|82/100 brn|[from] item: Leftovers
|-damage|p1a: Ferrothorn|69/100 brn|[from] brn
|upkeep
|turn|11
|
|switch|p2a: Tentacruel|Tentacruel, M|88/100
|-damage|p2a: Tentacruel|75/100|[from] Spikes
|-damage|p2a: Tentacruel|63/100|[from] Stealth Rock
|move|p1a: Ferrothorn|Leech Seed|p2a: Tentacruel
|-start|p2a: Tentacruel|move: Leech Seed
|
|-weather|RainDance|[upkeep]
|-heal|p2a: Tentacruel|69/100|[from] ability: Rain Dish
|-heal|p2a: Tentacruel|100/100|[from] move: Wish|[wisher] Jirachi
|-heal|p1a: Ferrothorn|75/100 brn|[from] item: Leftovers
|-damage|p2a: Tentacruel|88/100|[from] Leech Seed|[of] p1a: Ferrothorn
|-heal|p1a: Ferrothorn|88/100 brn|[silent]
|-damage|p1a: Ferrothorn|76/100 brn|[from] brn
|upkeep
|turn|12
|
|move|p2a: Tentacruel|Rapid Spin|p1a: Ferrothorn
|-resisted|p1a: Ferrothorn
|-damage|p1a: Ferrothorn|75/100 brn
|-damage|p2a: Tentacruel|76/100|[from] ability: Iron Barbs|[of] p1a: Ferrothorn
|-end|p2a: Tentacruel|Leech Seed|[from] move: Rapid Spin|[of] p2a: Tentacruel
|-sideend|p2: Toto et Ninetta|Spikes|[from] move: Rapid Spin|[of] p2a: Tentacruel
|-sideend|p2: Toto et Ninetta|Stealth Rock|[from] move: Rapid Spin|[of] p2a: Tentacruel
|move|p1a: Ferrothorn|Spikes|p2a: Tentacruel
|-sidestart|p2: Toto et Ninetta|Spikes
|
|-weather|RainDance|[upkeep]
|-heal|p2a: Tentacruel|82/100|[from] ability: Rain Dish
|-heal|p2a: Tentacruel|88/100|[from] item: Black Sludge
|-heal|p1a: Ferrothorn|81/100 brn|[from] item: Leftovers
|-damage|p1a: Ferrothorn|69/100 brn|[from] brn
|upkeep
|turn|13
|
|switch|p2a: Breloom|Breloom, F|100/100 tox
|-damage|p2a: Breloom|88/100 tox|[from] Spikes
|move|p1a: Ferrothorn|Stealth Rock|p2a: Breloom
|-sidestart|p2: Toto et Ninetta|move: Stealth Rock
|
|-weather|RainDance|[upkeep]
|-heal|p1a: Ferrothorn|75/100 brn|[from] item: Leftovers
|-heal|p2a: Breloom|100/100 tox|[from] ability: Poison Heal
|-damage|p1a: Ferrothorn|62/100 brn|[from] brn
|upkeep
|turn|14
|
|move|p2a: Breloom|Drain Punch|p1a: Ferrothorn
|-supereffective|p1a: Ferrothorn
|-damage|p1a: Ferrothorn|11/100 brn
|-damage|p2a: Breloom|88/100 tox|[from] ability: Iron Barbs|[of] p1a: Ferrothorn
|move|p1a: Ferrothorn|Power Whip|p2a: Breloom
|-resisted|p2a: Breloom
|-damage|p2a: Breloom|75/100 tox
|
|-weather|RainDance|[upkeep]
|-heal|p1a: Ferrothorn|18/100 brn|[from] item: Leftovers
|-heal|p2a: Breloom|88/100 tox|[from] ability: Poison Heal
|-damage|p1a: Ferrothorn|5/100 brn|[from] brn
|upkeep
|turn|15
|
|move|p2a: Breloom|Drain Punch|p1a: Ferrothorn
|-supereffective|p1a: Ferrothorn
|-damage|p1a: Ferrothorn|0 fnt
|-heal|p2a: Breloom|90/100 tox|[from] drain|[of] p1a: Ferrothorn
|-damage|p2a: Breloom|78/100 tox|[from] ability: Iron Barbs|[of] p1a: Ferrothorn
|faint|p1a: Ferrothorn
|
|-weather|RainDance|[upkeep]
|-heal|p2a: Breloom|90/100 tox|[from] ability: Poison Heal
|upkeep
|
|switch|p1a: Jirachi|Jirachi|100/100
|-damage|p1a: Jirachi|94/100|[from] Stealth Rock
|turn|16
|
|move|p1a: Jirachi|Substitute|p1a: Jirachi
|-start|p1a: Jirachi|Substitute
|-damage|p1a: Jirachi|69/100
|move|p2a: Breloom|Drain Punch|p1a: Jirachi
|-end|p1a: Jirachi|Substitute
|-heal|p2a: Breloom|100/100 tox|[from] drain|[of] p1a: Jirachi
|
|-weather|RainDance|[upkeep]
|-heal|p1a: Jirachi|75/100|[from] item: Leftovers
|upkeep
|turn|17
|
|move|p1a: Jirachi|Psychic|p2a: Breloom
|-supereffective|p2a: Breloom
|-damage|p2a: Breloom|18/100 tox
|move|p2a: Breloom|Drain Punch|p1a: Jirachi
|-damage|p1a: Jirachi|50/100
|-heal|p2a: Breloom|34/100 tox|[from] drain|[of] p1a: Jirachi
|
|-weather|RainDance|[upkeep]
|-heal|p1a: Jirachi|56/100|[from] item: Leftovers
|-heal|p2a: Breloom|47/100 tox|[from] ability: Poison Heal
|upkeep
|turn|18
|
|move|p1a: Jirachi|Psychic|p2a: Breloom
|-supereffective|p2a: Breloom
|-damage|p2a: Breloom|0 fnt
|faint|p2a: Breloom
|
|-weather|RainDance|[upkeep]
|-heal|p1a: Jirachi|62/100|[from] item: Leftovers
|upkeep
|
|switch|p2a: Landorus|Landorus-Therian, M|100/100
|-damage|p2a: Landorus|88/100|[from] Stealth Rock
|-ability|p2a: Landorus|Intimidate|boost
|-unboost|p1a: Jirachi|atk|1
|turn|19
|
|switch|p1a: Latios|Latios, M|45/100
|-damage|p1a: Latios|33/100|[from] Stealth Rock
|move|p2a: Landorus|Earthquake|p1a: Latios
|-immune|p1a: Latios|[from] ability: Levitate
|
|-weather|RainDance|[upkeep]
|upkeep
|turn|20
|
|switch|p2a: Jirachi|Jirachi|63/100
|-damage|p2a: Jirachi|50/100|[from] Spikes
|-damage|p2a: Jirachi|44/100|[from] Stealth Rock
|move|p1a: Latios|Surf|p2a: Jirachi
|-damage|p2a: Jirachi|1/100
|
|-weather|RainDance|[upkeep]
|-heal|p2a: Jirachi|8/100|[from] item: Leftovers
|upkeep
|turn|21
|
|move|p1a: Latios|Surf|p2a: Jirachi
|-damage|p2a: Jirachi|0 fnt
|faint|p2a: Jirachi
|
|-weather|RainDance|[upkeep]
|upkeep
|
|switch|p2a: Tentacruel|Tentacruel, M|88/100
|-damage|p2a: Tentacruel|75/100|[from] Stealth Rock
|-damage|p2a: Tentacruel|63/100|[from] Spikes
|turn|22
|
|switch|p1a: Starmie|Starmie|100/100
|-damage|p1a: Starmie|88/100|[from] Stealth Rock
|move|p2a: Tentacruel|Rapid Spin|p1a: Starmie
|-damage|p1a: Starmie|84/100
|-sideend|p2: Toto et Ninetta|Spikes|[from] move: Rapid Spin|[of] p2a: Tentacruel
|-sideend|p2: Toto et Ninetta|Stealth Rock|[from] move: Rapid Spin|[of] p2a: Tentacruel
|
|-weather|RainDance|[upkeep]
|-heal|p2a: Tentacruel|69/100|[from] ability: Rain Dish
|-heal|p2a: Tentacruel|75/100|[from] item: Black Sludge
|upkeep
|turn|23
|
|move|p2a: Tentacruel|Protect|p2a: Tentacruel
|-singleturn|p2a: Tentacruel|Protect
|move|p1a: Starmie|Psyshock|p2a: Tentacruel
|-activate|p2a: Tentacruel|move: Protect
|
|-weather|RainDance|[upkeep]
|-heal|p2a: Tentacruel|81/100|[from] ability: Rain Dish
|-heal|p2a: Tentacruel|87/100|[from] item: Black Sludge
|upkeep
|turn|24
|
|switch|p2a: Politoed|Politoed, M|100/100
|move|p1a: Starmie|Psyshock|p2a: Politoed
|-damage|p2a: Politoed|25/100
|-damage|p1a: Starmie|74/100|[from] item: Life Orb
|
|-weather|RainDance|[upkeep]
|upkeep
|turn|25
|
|move|p2a: Politoed|Surf|p1a: Starmie
|-resisted|p1a: Starmie
|-damage|p1a: Starmie|31/100
|move|p1a: Starmie|Psyshock|p2a: Politoed
|-damage|p2a: Politoed|0 fnt
|-damage|p1a: Starmie|21/100|[from] item: Life Orb
|faint|p2a: Politoed
|
|-weather|RainDance|[upkeep]
|upkeep
|
|switch|p2a: Landorus|Landorus-Therian, M|88/100
|-ability|p2a: Landorus|Intimidate|boost
|-unboost|p1a: Starmie|atk|1
|turn|26
|
|move|p2a: Landorus|U-turn|p1a: Starmie
|-supereffective|p1a: Starmie
|-damage|p1a: Starmie|0 fnt
|faint|p1a: Starmie
|
|switch|p2a: Tentacruel|Tentacruel, M|87/100
|
|-weather|RainDance|[upkeep]
|-heal|p2a: Tentacruel|93/100|[from] ability: Rain Dish
|-heal|p2a: Tentacruel|99/100|[from] item: Black Sludge
|upkeep
|
|switch|p1a: Latios|Latios, M|33/100
|-damage|p1a: Latios|21/100|[from] Stealth Rock
|turn|27
|
|move|p2a: Tentacruel|Protect|p2a: Tentacruel
|-singleturn|p2a: Tentacruel|Protect
|move|p1a: Latios|Psyshock|p2a: Tentacruel
|-activate|p2a: Tentacruel|move: Protect
|
|-weather|RainDance|[upkeep]
|-heal|p2a: Tentacruel|100/100|[from] ability: Rain Dish
|upkeep
|turn|28
|
|switch|p2a: Landorus|Landorus-Therian, M|88/100
|-ability|p2a: Landorus|Intimidate|boost
|-unboost|p1a: Latios|atk|1
|move|p1a: Latios|Psyshock|p2a: Landorus
|-damage|p2a: Landorus|26/100
|
|-weather|RainDance|[upkeep]
|upkeep
|turn|29
|
|switch|p1a: Garchomp|Garchomp, M|100/100
|-damage|p1a: Garchomp|94/100|[from] Stealth Rock
|move|p2a: Landorus|U-turn|p1a: Garchomp
|-damage|p1a: Garchomp|70/100
|-damage|p2a: Landorus|13/100|[from] ability: Rough Skin|[of] p1a: Garchomp
|
|switch|p2a: Thundurus|Thundurus-Therian, M|100/100
|
|-weather|RainDance|[upkeep]
|upkeep
|turn|30
|
|move|p1a: Garchomp|Outrage|p2a: Thundurus
|-damage|p2a: Thundurus|6/100
|move|p2a: Thundurus|Agility|p2a: Thundurus
|-boost|p2a: Thundurus|spe|2
|
|-weather|RainDance|[upkeep]
|upkeep
|turn|31
|
|move|p2a: Thundurus|Hidden Power|p1a: Garchomp
|-supereffective|p1a: Garchomp
|-enditem|p1a: Garchomp|Yache Berry|[eat]
|-enditem|p1a: Garchomp|Yache Berry|[weaken]
|-damage|p1a: Garchomp|0 fnt
|-damage|p2a: Thundurus|0 fnt|[from] item: Life Orb
|faint|p1a: Garchomp
|faint|p2a: Thundurus
|
|-weather|RainDance|[upkeep]
|upkeep
|
|switch|p1a: Politoed|Politoed, M|100/100
|switch|p2a: Landorus|Landorus-Therian, M|13/100
|-ability|p2a: Landorus|Intimidate|boost
|-unboost|p1a: Politoed|atk|1
|-damage|p1a: Politoed|88/100|[from] Stealth Rock
|turn|32
|
|move|p2a: Landorus|U-turn|p1a: Politoed
|-damage|p1a: Politoed|52/100
|
|switch|p2a: Tentacruel|Tentacruel, M|100/100
|move|p1a: Politoed|Hypnosis|p2a: Tentacruel
|-status|p2a: Tentacruel|slp
|
|-weather|RainDance|[upkeep]
|upkeep
|turn|33
|
|switch|p1a: Latios|Latios, M|21/100
|-damage|p1a: Latios|8/100|[from] Stealth Rock
|cant|p2a: Tentacruel|slp
|
|-weather|RainDance|[upkeep]
|upkeep
|turn|34
|
|move|p1a: Latios|Psyshock|p2a: Tentacruel
|-supereffective|p2a: Tentacruel
|-damage|p2a: Tentacruel|0 fnt
|faint|p2a: Tentacruel
|
|-weather|RainDance|[upkeep]
|upkeep
|
|switch|p2a: Landorus|Landorus-Therian, M|13/100
|-ability|p2a: Landorus|Intimidate|boost
|-unboost|p1a: Latios|atk|1
|turn|35
|
|move|p2a: Landorus|Earthquake|p1a: Latios
|-immune|p1a: Latios|[from] ability: Levitate
|move|p1a: Latios|Psyshock|p2a: Landorus
|-damage|p2a: Landorus|0 fnt
|faint|p2a: Landorus
|
|win|weidson
|raw|weidson's rating: 1325 &rarr; <strong>1346</strong><br />(+21 for winning)
|raw|Toto et Ninetta's rating: 1338 &rarr; <strong>1318</strong><br />(-20 for losing)
|c|☆weidson|gg
