|j|☆SwordIsBored
|j|☆HydreigonSpammer
|t:|1734725968
|gametype|singles
|player|p1|SwordIsBored|cynthia-gen7|1460
|player|p2|HydreigonSpammer|veteranf|1331
|teamsize|p1|6
|teamsize|p2|6
|gen|5
|tier|[Gen 5] OU
|rated|
|rule|Species Clause: Limit one of each Pokémon
|rule|OHKO Clause: OHKO moves are banned
|rule|Moody Clause: Moody is banned
|rule|Evasion Items Clause: Evasion items are banned
|rule|Evasion Moves Clause: Evasion moves are banned
|rule|Endless Battle Clause: Forcing endless battles is banned
|rule|HP Percentage Mod: HP is shown in percentages
|rule|Evasion Abilities Clause: Evasion abilities are banned
|rule|Sleep Moves Clause: Sleep-inducing moves are banned
|rule|Swagger Clause: Swagger is banned
|rule|Baton Pass Stat Clause: No Baton Passer may have a way to boost its stats
|clearpoke
|poke|p1|Tyranitar, M|item
|poke|p1|Mamoswine, M|item
|poke|p1|Rotom-Wash|item
|poke|p1|Latios, M|item
|poke|p1|Landorus-Therian, M|item
|poke|p1|Reuniclus, F|item
|poke|p2|Keldeo|item
|poke|p2|Haxorus, F|item
|poke|p2|Gengar, M|item
|poke|p2|Jirachi|item
|poke|p2|Infernape, M|item
|poke|p2|Hydreigon, F|item
|teampreview
|inactive|Battle timer is ON: inactive players will automatically lose when time's up. (requested by HydreigonSpammer)
|
|t:|1734725989
|start
|switch|p1a: Rotom|Rotom-Wash|100/100
|switch|p2a: Infernape|Infernape, M|100/100
|turn|1
|
|t:|1734726010
|move|p2a: Infernape|Stealth Rock|p1a: Rotom
|-sidestart|p1: SwordIsBored|move: Stealth Rock
|move|p1a: Rotom|Volt Switch|p2a: Infernape
|-damage|p2a: Infernape|51/100
|inactive|SwordIsBored has 120 seconds left.
|
|t:|1734726045
|switch|p1a: Latios|Latios, M|100/100|[from] Volt Switch
|-damage|p1a: Latios|88/100|[from] Stealth Rock
|
|upkeep
|turn|2
|
|t:|1734726056
|switch|p2a: Jirachi|Jirachi|100/100
|move|p1a: Latios|Surf|p2a: Jirachi
|-damage|p2a: Jirachi|80/100
|
|-heal|p2a: Jirachi|86/100|[from] item: Leftovers
|upkeep
|turn|3
|inactive|SwordIsBored has 120 seconds left.
|
|t:|1734726085
|switch|p1a: Landorus|Landorus-Therian, M|100/100
|-damage|p1a: Landorus|88/100|[from] Stealth Rock
|-ability|p1a: Landorus|Intimidate|boost
|-unboost|p2a: Jirachi|atk|1
|move|p2a: Jirachi|U-turn|p1a: Landorus
|-resisted|p1a: Landorus
|-damage|p1a: Landorus|83/100
|
|t:|1734726093
|switch|p2a: Keldeo|Keldeo|100/100|[from] U-turn
|
|upkeep
|turn|4
|
|t:|1734726100
|move|p2a: Keldeo|Scald|p1a: Landorus
|-supereffective|p1a: Landorus
|-damage|p1a: Landorus|0 fnt
|faint|p1a: Landorus
|
|upkeep
|
|t:|1734726103
|switch|p1a: Rotom|Rotom-Wash|100/100
|-damage|p1a: Rotom|88/100|[from] Stealth Rock
|turn|5
|
|t:|1734726111
|switch|p2a: Hydreigon|Hydreigon, F, shiny|100/100
|move|p1a: Rotom|Volt Switch|p2a: Hydreigon
|-resisted|p2a: Hydreigon
|-damage|p2a: Hydreigon|80/100
|
|t:|1734726118
|switch|p1a: Mamoswine|Mamoswine, M|100/100|[from] Volt Switch
|-damage|p1a: Mamoswine|88/100|[from] Stealth Rock
|
|upkeep
|turn|6
|
|t:|1734726148
|switch|p2a: Infernape|Infernape, M|51/100
|move|p1a: Mamoswine|Icicle Crash|p2a: Infernape
|-resisted|p2a: Infernape
|-damage|p2a: Infernape|5/100
|
|upkeep
|turn|7
|
|t:|1734726157
|move|p1a: Mamoswine|Ice Shard|p2a: Infernape
|-resisted|p2a: Infernape
|-damage|p2a: Infernape|0 fnt
|faint|p2a: Infernape
|
|upkeep
|
|t:|1734726164
|switch|p2a: Keldeo|Keldeo|100/100
|turn|8
|inactive|SwordIsBored has 120 seconds left.
|
|t:|1734726223
|switch|p1a: Latios|Latios, M|88/100
|-damage|p1a: Latios|76/100|[from] Stealth Rock
|move|p2a: Keldeo|Scald|p1a: Latios
|-resisted|p1a: Latios
|-damage|p1a: Latios|56/100
|
|upkeep
|turn|9
|
|t:|1734726245
|switch|p2a: Jirachi|Jirachi|86/100
|switch|p1a: Mamoswine|Mamoswine, M|88/100
|-damage|p1a: Mamoswine|76/100|[from] Stealth Rock
|
|-heal|p2a: Jirachi|92/100|[from] item: Leftovers
|upkeep
|turn|10
|
|t:|1734726255
|switch|p2a: Gengar|Gengar, M|100/100
|move|p1a: Mamoswine|Earthquake|p2a: Gengar
|-immune|p2a: Gengar|[from] ability: Levitate
|
|upkeep
|turn|11
|
|t:|1734726265
|move|p2a: Gengar|Focus Blast|p1a: Mamoswine|[miss]
|-miss|p2a: Gengar|p1a: Mamoswine
|move|p1a: Mamoswine|Icicle Crash|p2a: Gengar
|-damage|p2a: Gengar|0 fnt
|faint|p2a: Gengar
|
|upkeep
|
|t:|1734726274
|switch|p2a: Keldeo|Keldeo|100/100
|turn|12
|
|t:|1734726289
|switch|p1a: Reuniclus|Reuniclus, F|100/100
|move|p2a: Keldeo|Scald|p1a: Reuniclus
|-damage|p1a: Reuniclus|65/100
|-status|p1a: Reuniclus|brn
|
|upkeep
|turn|13
|inactive|SwordIsBored has 120 seconds left.
|
|t:|1734726302
|switch|p2a: Hydreigon|Hydreigon, F, shiny|80/100
|move|p1a: Reuniclus|Thunder Wave|p2a: Hydreigon
|-status|p2a: Hydreigon|par
|
|upkeep
|turn|14
|
|t:|1734726310
|switch|p1a: Tyranitar|Tyranitar, M|100/100
|-damage|p1a: Tyranitar|88/100|[from] Stealth Rock
|-weather|Sandstorm|[from] ability: Sand Stream|[of] p1a: Tyranitar
|move|p2a: Hydreigon|Draco Meteor|p1a: Tyranitar
|-crit|p1a: Tyranitar
|-damage|p1a: Tyranitar|5/100
|-unboost|p2a: Hydreigon|spa|2
|
|-weather|Sandstorm|[upkeep]
|-damage|p2a: Hydreigon|73/100 par|[from] Sandstorm
|upkeep
|turn|15
|inactive|HydreigonSpammer has 120 seconds left.
|inactive|HydreigonSpammer has 90 seconds left.
|
|t:|1734726368
|move|p1a: Tyranitar|Rock Slide|p2a: Hydreigon
|-damage|p2a: Hydreigon|31/100 par
|move|p2a: Hydreigon|Draco Meteor|p1a: Tyranitar
|-damage|p1a: Tyranitar|0 fnt
|-unboost|p2a: Hydreigon|spa|2
|faint|p1a: Tyranitar
|
|-weather|Sandstorm|[upkeep]
|-damage|p2a: Hydreigon|25/100 par|[from] Sandstorm
|upkeep
|
|t:|1734726383
|switch|p1a: Mamoswine|Mamoswine, M|76/100
|-damage|p1a: Mamoswine|63/100|[from] Stealth Rock
|turn|16
|inactive|HydreigonSpammer has 90 seconds left.
|
|t:|1734726403
|move|p1a: Mamoswine|Ice Shard|p2a: Hydreigon
|-supereffective|p2a: Hydreigon
|-damage|p2a: Hydreigon|0 fnt
|faint|p2a: Hydreigon
|
|-weather|Sandstorm|[upkeep]
|upkeep
|
|t:|1734726406
|switch|p2a: Keldeo|Keldeo|100/100
|turn|17
|
|t:|1734726421
|switch|p1a: Latios|Latios, M|56/100
|-damage|p1a: Latios|44/100|[from] Stealth Rock
|move|p2a: Keldeo|Scald|p1a: Latios
|-resisted|p1a: Latios
|-damage|p1a: Latios|24/100
|-status|p1a: Latios|brn
|
|-weather|Sandstorm|[upkeep]
|-damage|p2a: Keldeo|94/100|[from] Sandstorm
|-damage|p1a: Latios|18/100 brn|[from] Sandstorm
|-damage|p1a: Latios|5/100 brn|[from] brn
|upkeep
|turn|18
|
|t:|1734726426
|switch|p2a: Jirachi|Jirachi|92/100
|move|p1a: Latios|Draco Meteor|p2a: Jirachi
|-resisted|p2a: Jirachi
|-damage|p2a: Jirachi|67/100
|-unboost|p1a: Latios|spa|2
|
|-weather|Sandstorm|[upkeep]
|-damage|p1a: Latios|0 fnt|[from] Sandstorm
|faint|p1a: Latios
|-heal|p2a: Jirachi|73/100|[from] item: Leftovers
|upkeep
|
|t:|1734726432
|switch|p1a: Mamoswine|Mamoswine, M|63/100
|-damage|p1a: Mamoswine|51/100|[from] Stealth Rock
|turn|19
|inactive|HydreigonSpammer has 120 seconds left.
|
|t:|1734726462
|move|p2a: Jirachi|Iron Head|p1a: Mamoswine
|-supereffective|p1a: Mamoswine
|-damage|p1a: Mamoswine|0 fnt
|faint|p1a: Mamoswine
|
|-weather|Sandstorm|[upkeep]
|-heal|p2a: Jirachi|79/100|[from] item: Leftovers
|upkeep
|
|t:|1734726465
|switch|p1a: Rotom|Rotom-Wash|88/100
|-damage|p1a: Rotom|76/100|[from] Stealth Rock
|turn|20
|
|t:|1734726482
|move|p2a: Jirachi|Thunder Wave|p1a: Rotom
|-status|p1a: Rotom|par
|cant|p1a: Rotom|par
|
|-weather|Sandstorm|[upkeep]
|-damage|p1a: Rotom|69/100 par|[from] Sandstorm
|-heal|p2a: Jirachi|86/100|[from] item: Leftovers
|upkeep
|turn|21
|-message|SwordIsBored forfeited.
|
|win|HydreigonSpammer
|raw|SwordIsBored's rating: 1460 &rarr; <strong>1433</strong><br />(-27 for losing)
|raw|HydreigonSpammer's rating: 1331 &rarr; <strong>1358</strong><br />(+27 for winning)
|l|☆SwordIsBored
|player|p1|
