|html|<div class="broadcast-blue"><strong>[Gen 5] OU is currently suspecting Volcarona & Cloyster! For information on how to participate check out the <a href="https://www.smogon.com/forums/threads/re-cloyster-volcarona-in-bw-ou-survey-post-29.3731863/page-2#post-9904362">suspect thread</a>.</strong></div>
|j|☆magialice
|j|☆WeR#4Hay!
|t:|1704663332
|gametype|singles
|player|p1|magialice|arezu|1386
|player|p2|WeR#4Hay!|1|1513
|teamsize|p1|6
|teamsize|p2|6
|gen|5
|tier|[Gen 5] OU
|rated|
|rule|Species Clause: Limit one of each Pokémon
|rule|OHKO Clause: OHKO moves are banned
|rule|Moody Clause: Moody is banned
|rule|Evasion Items Clause: Evasion items are banned
|rule|Evasion Moves Clause: Evasion moves are banned
|rule|Endless Battle Clause: Forcing endless battles is banned
|rule|HP Percentage Mod: HP is shown in percentages
|rule|Evasion Abilities Clause: Evasion abilities are banned
|rule|Sleep Moves Clause: Sleep-inducing moves are banned
|rule|Swagger Clause: Swagger is banned
|rule|Baton Pass Stat Clause: No Baton Passer may have a way to boost its stats
|clearpoke
|poke|p1|Politoed, M|item
|poke|p1|Keldeo|item
|poke|p1|Excadrill, F|item
|poke|p1|Azumarill, M|item
|poke|p1|Latios, M|item
|poke|p1|Ferrothorn, M|item
|poke|p2|Tyranitar, M|item
|poke|p2|Alakazam, M|item
|poke|p2|Latios, M|item
|poke|p2|Ferrothorn, M|item
|poke|p2|Landorus-Therian, M|item
|poke|p2|Rotom-Wash|item
|teampreview
|inactive|Battle timer is ON: inactive players will automatically lose when time's up. (requested by magialice)
|
|t:|1704663348
|start
|switch|p1a: Excadrill|Excadrill, F|100/100
|switch|p2a: Terrence Fletcher|Latios, M|100/100
|-ability|p1a: Excadrill|Mold Breaker
|turn|1
|
|t:|1704663354
|switch|p2a: Helga|Landorus-Therian, M|100/100
|-ability|p2a: Helga|Intimidate|boost
|-unboost|p1a: Excadrill|atk|1
|move|p1a: Excadrill|Toxic|p2a: Helga
|-status|p2a: Helga|tox
|
|-damage|p2a: Helga|94/100 tox|[from] psn
|upkeep
|turn|2
|
|t:|1704663361
|switch|p2a: Paul Giamatti|Ferrothorn, M|100/100
|switch|p1a: Politoed|Politoed, M|100/100
|-weather|RainDance|[from] ability: Drizzle|[of] p1a: Politoed
|
|-weather|RainDance|[upkeep]
|upkeep
|turn|3
|
|t:|1704663366
|switch|p1a: Ferrothorn|Ferrothorn, M|100/100
|move|p2a: Paul Giamatti|Knock Off|p1a: Ferrothorn
|-resisted|p1a: Ferrothorn
|-damage|p1a: Ferrothorn|99/100
|-damage|p2a: Paul Giamatti|88/100|[from] ability: Iron Barbs|[of] p1a: Ferrothorn
|-enditem|p1a: Ferrothorn|Rawst Berry|[from] move: Knock Off|[of] p2a: Paul Giamatti
|
|-weather|RainDance|[upkeep]
|-heal|p2a: Paul Giamatti|94/100|[from] item: Leftovers
|upkeep
|turn|4
|
|t:|1704663373
|move|p2a: Paul Giamatti|Stealth Rock|p1a: Ferrothorn
|-sidestart|p1: magialice|move: Stealth Rock
|move|p1a: Ferrothorn|Knock Off|p2a: Paul Giamatti
|-resisted|p2a: Paul Giamatti
|-damage|p2a: Paul Giamatti|93/100
|-damage|p1a: Ferrothorn|86/100|[from] ability: Iron Barbs|[of] p2a: Paul Giamatti
|-enditem|p2a: Paul Giamatti|Leftovers|[from] move: Knock Off|[of] p1a: Ferrothorn
|
|-weather|RainDance|[upkeep]
|upkeep
|turn|5
|
|t:|1704663379
|move|p2a: Paul Giamatti|Spikes|p1a: Ferrothorn
|-sidestart|p1: magialice|Spikes
|move|p1a: Ferrothorn|Spikes|p2a: Paul Giamatti
|-sidestart|p2: WeR#4Hay!|Spikes
|
|-weather|RainDance|[upkeep]
|upkeep
|turn|6
|
|t:|1704663383
|switch|p1a: Azumarill|Azumarill, M|100/100
|-damage|p1a: Azumarill|88/100|[from] Stealth Rock
|-damage|p1a: Azumarill|75/100|[from] Spikes
|move|p2a: Paul Giamatti|Spikes|p1a: Azumarill
|-sidestart|p1: magialice|Spikes
|
|-weather|RainDance|[upkeep]
|upkeep
|turn|7
|
|t:|1704663389
|switch|p2a: Stephen Stills|Rotom-Wash|100/100
|move|p1a: Azumarill|Superpower|p2a: Stephen Stills
|-damage|p2a: Stephen Stills|58/100
|-unboost|p1a: Azumarill|atk|1
|-unboost|p1a: Azumarill|def|1
|
|-weather|RainDance|[upkeep]
|-heal|p2a: Stephen Stills|64/100|[from] item: Leftovers
|upkeep
|turn|8
|
|t:|1704663410
|switch|p1a: Ferrothorn|Ferrothorn, M|86/100
|-damage|p1a: Ferrothorn|80/100|[from] Stealth Rock
|-damage|p1a: Ferrothorn|64/100|[from] Spikes
|move|p2a: Stephen Stills|Volt Switch|p1a: Ferrothorn
|-resisted|p1a: Ferrothorn
|-damage|p1a: Ferrothorn|54/100
|
|t:|1704663425
|switch|p2a: Helga|Landorus-Therian, M|94/100 tox|[from] Volt Switch
|-ability|p2a: Helga|Intimidate|boost
|-unboost|p1a: Ferrothorn|atk|1
|
|-weather|RainDance|[upkeep]
|-heal|p2a: Helga|100/100 tox|[from] item: Leftovers
|-damage|p2a: Helga|94/100 tox|[from] psn
|upkeep
|turn|9
|
|t:|1704663433
|move|p2a: Helga|Earthquake|p1a: Ferrothorn
|-damage|p1a: Ferrothorn|17/100
|move|p1a: Ferrothorn|Knock Off|p2a: Helga
|-damage|p2a: Helga|91/100 tox
|-enditem|p2a: Helga|Leftovers|[from] move: Knock Off|[of] p1a: Ferrothorn
|
|-weather|RainDance|[upkeep]
|-damage|p2a: Helga|79/100 tox|[from] psn
|upkeep
|turn|10
|
|t:|1704663437
|move|p2a: Helga|Earthquake|p1a: Ferrothorn
|-damage|p1a: Ferrothorn|0 fnt
|faint|p1a: Ferrothorn
|
|-weather|RainDance|[upkeep]
|-damage|p2a: Helga|61/100 tox|[from] psn
|upkeep
|
|t:|1704663441
|switch|p1a: Keldeo|Keldeo|100/100
|-damage|p1a: Keldeo|94/100|[from] Stealth Rock
|-damage|p1a: Keldeo|78/100|[from] Spikes
|turn|11
|
|t:|1704663445
|switch|p2a: Terrence Fletcher|Latios, M|100/100
|move|p1a: Keldeo|Protect||[still]
|-fail|p1a: Keldeo
|
|-weather|RainDance|[upkeep]
|-heal|p1a: Keldeo|84/100|[from] item: Leftovers
|upkeep
|turn|12
|
|t:|1704663452
|move|p1a: Keldeo|Protect|p1a: Keldeo
|-singleturn|p1a: Keldeo|Protect
|move|p2a: Terrence Fletcher|Draco Meteor|p1a: Keldeo
|-activate|p1a: Keldeo|move: Protect
|
|-weather|RainDance|[upkeep]
|-heal|p1a: Keldeo|90/100|[from] item: Leftovers
|upkeep
|turn|13
|
|t:|1704663460
|switch|p1a: Politoed|Politoed, M|100/100
|-damage|p1a: Politoed|88/100|[from] Stealth Rock
|-damage|p1a: Politoed|72/100|[from] Spikes
|move|p2a: Terrence Fletcher|Draco Meteor|p1a: Politoed|[miss]
|-miss|p2a: Terrence Fletcher|p1a: Politoed
|
|-weather|RainDance|[upkeep]
|upkeep
|turn|14
|
|t:|1704663472
|move|p2a: Terrence Fletcher|Draco Meteor|p1a: Politoed
|-damage|p1a: Politoed|0 fnt
|-unboost|p2a: Terrence Fletcher|spa|2
|faint|p1a: Politoed
|
|-weather|RainDance|[upkeep]
|upkeep
|
|t:|1704663475
|switch|p1a: Excadrill|Excadrill, F|100/100
|-damage|p1a: Excadrill|97/100|[from] Stealth Rock
|-damage|p1a: Excadrill|81/100|[from] Spikes
|-ability|p1a: Excadrill|Mold Breaker
|turn|15
|
|t:|1704663478
|switch|p2a: Helga|Landorus-Therian, M|61/100 tox
|-ability|p2a: Helga|Intimidate|boost
|-unboost|p1a: Excadrill|atk|1
|move|p1a: Excadrill|Rapid Spin|p2a: Helga
|-damage|p2a: Helga|57/100 tox
|-sideend|p1: magialice|Spikes|[from] move: Rapid Spin|[of] p1a: Excadrill
|-sideend|p1: magialice|Stealth Rock|[from] move: Rapid Spin|[of] p1a: Excadrill
|
|-weather|RainDance|[upkeep]
|-heal|p1a: Excadrill|87/100|[from] item: Leftovers
|-damage|p2a: Helga|51/100 tox|[from] psn
|upkeep
|turn|16
|
|t:|1704663488
|switch|p1a: Keldeo|Keldeo|90/100
|move|p2a: Helga|Earthquake|p1a: Keldeo
|-damage|p1a: Keldeo|42/100
|
|-weather|RainDance|[upkeep]
|-heal|p1a: Keldeo|48/100|[from] item: Leftovers
|-damage|p2a: Helga|39/100 tox|[from] psn
|upkeep
|turn|17
|
|t:|1704663493
|switch|p2a: Terrence Fletcher|Latios, M|100/100
|move|p1a: Keldeo|Scald|p2a: Terrence Fletcher
|-resisted|p2a: Terrence Fletcher
|-damage|p2a: Terrence Fletcher|75/100
|
|-weather|RainDance|[upkeep]
|-heal|p1a: Keldeo|54/100|[from] item: Leftovers
|upkeep
|turn|18
|
|t:|1704663501
|move|p1a: Keldeo|Protect|p1a: Keldeo
|-singleturn|p1a: Keldeo|Protect
|move|p2a: Terrence Fletcher|Draco Meteor|p1a: Keldeo
|-activate|p1a: Keldeo|move: Protect
|
|-weather|RainDance|[upkeep]
|-heal|p1a: Keldeo|61/100|[from] item: Leftovers
|upkeep
|turn|19
|
|t:|1704663510
|switch|p2a: Helga|Landorus-Therian, M|39/100 tox
|-ability|p2a: Helga|Intimidate|boost
|-unboost|p1a: Keldeo|atk|1
|switch|p1a: Azumarill|Azumarill, M|75/100
|
|-weather|RainDance|[upkeep]
|-damage|p2a: Helga|33/100 tox|[from] psn
|upkeep
|turn|20
|
|t:|1704663516
|switch|p2a: Paul Giamatti|Ferrothorn, M|93/100
|-damage|p2a: Paul Giamatti|80/100|[from] Spikes
|move|p1a: Azumarill|Waterfall|p2a: Paul Giamatti
|-resisted|p2a: Paul Giamatti
|-damage|p2a: Paul Giamatti|49/100
|-damage|p1a: Azumarill|63/100|[from] ability: Iron Barbs|[of] p2a: Paul Giamatti
|
|-weather|RainDance|[upkeep]
|upkeep
|turn|21
|
|t:|1704663525
|move|p1a: Azumarill|Superpower|p2a: Paul Giamatti
|-supereffective|p2a: Paul Giamatti
|-damage|p2a: Paul Giamatti|0 fnt
|-unboost|p1a: Azumarill|atk|1
|-unboost|p1a: Azumarill|def|1
|-damage|p1a: Azumarill|50/100|[from] ability: Iron Barbs|[of] p2a: Paul Giamatti
|faint|p2a: Paul Giamatti
|
|-weather|RainDance|[upkeep]
|upkeep
|
|t:|1704663530
|switch|p2a: Stephen Stills|Rotom-Wash|64/100
|turn|22
|
|t:|1704663535
|switch|p1a: Excadrill|Excadrill, F|87/100
|-ability|p1a: Excadrill|Mold Breaker
|move|p2a: Stephen Stills|Hydro Pump|p1a: Excadrill|[miss]
|-miss|p2a: Stephen Stills|p1a: Excadrill
|
|-weather|RainDance|[upkeep]
|-heal|p1a: Excadrill|93/100|[from] item: Leftovers
|-heal|p2a: Stephen Stills|70/100|[from] item: Leftovers
|upkeep
|turn|23
|
|t:|1704663545
|switch|p2a: Helga|Landorus-Therian, M|33/100 tox
|-ability|p2a: Helga|Intimidate|boost
|-unboost|p1a: Excadrill|atk|1
|move|p1a: Excadrill|Stealth Rock|p2a: Helga
|-sidestart|p2: WeR#4Hay!|move: Stealth Rock
|
|-weather|RainDance|[upkeep]
|-heal|p1a: Excadrill|99/100|[from] item: Leftovers
|-damage|p2a: Helga|27/100 tox|[from] psn
|upkeep
|turn|24
|
|t:|1704663551
|switch|p1a: Latios|Latios, M|100/100
|move|p2a: Helga|U-turn|p1a: Latios
|-supereffective|p1a: Latios
|-damage|p1a: Latios|37/100
|
|t:|1704663553
|switch|p2a: Phillip Wittebane|Tyranitar, M|100/100|[from] U-turn
|-damage|p2a: Phillip Wittebane|88/100|[from] Spikes
|-damage|p2a: Phillip Wittebane|76/100|[from] Stealth Rock
|-weather|Sandstorm|[from] ability: Sand Stream|[of] p2a: Phillip Wittebane
|
|-weather|Sandstorm|[upkeep]
|-damage|p1a: Latios|31/100|[from] Sandstorm
|upkeep
|turn|25
|
|t:|1704663557
|move|p1a: Latios|Surf|p2a: Phillip Wittebane
|-supereffective|p2a: Phillip Wittebane
|-damage|p2a: Phillip Wittebane|42/100
|move|p2a: Phillip Wittebane|Pursuit|p1a: Latios
|-supereffective|p1a: Latios
|-damage|p1a: Latios|0 fnt
|faint|p1a: Latios
|
|-weather|Sandstorm|[upkeep]
|upkeep
|
|t:|1704663571
|switch|p1a: Keldeo|Keldeo|61/100
|turn|26
|
|t:|1704663578
|move|p1a: Keldeo|Scald|p2a: Phillip Wittebane
|-supereffective|p2a: Phillip Wittebane
|-damage|p2a: Phillip Wittebane|7/100
|move|p2a: Phillip Wittebane|Crunch|p1a: Keldeo
|-resisted|p1a: Keldeo
|-damage|p1a: Keldeo|40/100
|-ability|p1a: Keldeo|Justified|boost
|-boost|p1a: Keldeo|atk|1
|
|-weather|Sandstorm|[upkeep]
|-damage|p1a: Keldeo|33/100|[from] Sandstorm
|-heal|p1a: Keldeo|40/100|[from] item: Leftovers
|upkeep
|turn|27
|
|t:|1704663606
|move|p1a: Keldeo|Scald|p2a: Phillip Wittebane
|-supereffective|p2a: Phillip Wittebane
|-damage|p2a: Phillip Wittebane|0 fnt
|faint|p2a: Phillip Wittebane
|
|-weather|Sandstorm|[upkeep]
|-damage|p1a: Keldeo|33/100|[from] Sandstorm
|-heal|p1a: Keldeo|40/100|[from] item: Leftovers
|upkeep
|inactive|WeR#4Hay! has 120 seconds left.
|
|t:|1704663622
|switch|p2a: Ice Cream Man|Alakazam, M|100/100
|turn|28
|inactive|WeR#4Hay! has 120 seconds left.
|
|t:|1704663627
|move|p1a: Keldeo|Protect|p1a: Keldeo
|-singleturn|p1a: Keldeo|Protect
|move|p2a: Ice Cream Man|Psychic|p1a: Keldeo
|-activate|p1a: Keldeo|move: Protect
|
|-weather|Sandstorm|[upkeep]
|-damage|p1a: Keldeo|33/100|[from] Sandstorm
|-heal|p1a: Keldeo|40/100|[from] item: Leftovers
|upkeep
|turn|29
|
|t:|1704663630
|move|p2a: Ice Cream Man|Psychic|p1a: Keldeo
|-supereffective|p1a: Keldeo
|-damage|p1a: Keldeo|0 fnt
|faint|p1a: Keldeo
|
|-weather|Sandstorm|[upkeep]
|upkeep
|
|t:|1704663632
|switch|p1a: Excadrill|Excadrill, F|99/100
|-ability|p1a: Excadrill|Mold Breaker
|turn|30
|
|t:|1704663639
|move|p2a: Ice Cream Man|Psychic|p1a: Excadrill
|-resisted|p1a: Excadrill
|-damage|p1a: Excadrill|80/100
|move|p1a: Excadrill|Earthquake|p2a: Ice Cream Man
|-enditem|p2a: Ice Cream Man|Focus Sash
|-damage|p2a: Ice Cream Man|1/100
|
|-weather|Sandstorm|[upkeep]
|-heal|p1a: Excadrill|86/100|[from] item: Leftovers
|upkeep
|turn|31
|
|t:|1704663643
|move|p2a: Ice Cream Man|Grass Knot|p1a: Excadrill
|-damage|p1a: Excadrill|68/100
|move|p1a: Excadrill|Rapid Spin|p2a: Ice Cream Man
|-damage|p2a: Ice Cream Man|0 fnt
|faint|p2a: Ice Cream Man
|
|-weather|Sandstorm|[upkeep]
|-heal|p1a: Excadrill|74/100|[from] item: Leftovers
|upkeep
|
|t:|1704663645
|switch|p2a: Helga|Landorus-Therian, M|27/100 tox
|-damage|p2a: Helga|14/100 tox|[from] Stealth Rock
|-ability|p2a: Helga|Intimidate|boost
|-unboost|p1a: Excadrill|atk|1
|turn|32
|
|t:|1704663651
|switch|p1a: Azumarill|Azumarill, M|50/100
|move|p2a: Helga|Earthquake|p1a: Azumarill
|-damage|p1a: Azumarill|0 fnt
|faint|p1a: Azumarill
|
|-weather|Sandstorm|[upkeep]
|-damage|p2a: Helga|8/100 tox|[from] psn
|upkeep
|
|t:|1704663654
|switch|p1a: Excadrill|Excadrill, F|74/100
|-ability|p1a: Excadrill|Mold Breaker
|turn|33
|
|t:|1704663658
|move|p2a: Helga|Earthquake|p1a: Excadrill
|-supereffective|p1a: Excadrill
|-damage|p1a: Excadrill|0 fnt
|faint|p1a: Excadrill
|
|win|WeR#4Hay!
|raw|magialice's rating: 1386 &rarr; <strong>1373</strong><br />(-13 for losing)
|raw|WeR#4Hay!'s rating: 1513 &rarr; <strong>1526</strong><br />(+13 for winning)
|c|☆WeR#4Hay!|gg
|c|☆magialice|gg
