|j|☆authentise_is_shit
|j|☆EnYEETed
|t:|1711230088
|gametype|singles
|player|p1|authentise_is_shit|170|1387
|player|p2|EnYEETed|clown|1411
|teamsize|p1|6
|teamsize|p2|6
|gen|5
|tier|[Gen 5] OU
|rated|
|rule|Species Clause: Limit one of each Pokémon
|rule|OHKO Clause: OHKO moves are banned
|rule|Moody Clause: Moody is banned
|rule|Evasion Items Clause: Evasion items are banned
|rule|Evasion Moves Clause: Evasion moves are banned
|rule|Endless Battle Clause: Forcing endless battles is banned
|rule|HP Percentage Mod: HP is shown in percentages
|rule|Evasion Abilities Clause: Evasion abilities are banned
|rule|Sleep Moves Clause: Sleep-inducing moves are banned
|rule|Swagger Clause: Swagger is banned
|rule|Baton Pass Stat Clause: No Baton Passer may have a way to boost its stats
|clearpoke
|poke|p1|Tyranitar, M|item
|poke|p1|Landorus-Therian, M|item
|poke|p1|Ferrothorn, F|item
|poke|p1|Latios, M|item
|poke|p1|Garchomp, M|item
|poke|p1|Alakazam, M|item
|poke|p2|Toxicroak, M|item
|poke|p2|Bronzong|item
|poke|p2|Weavile, F|item
|poke|p2|Donphan, M|item
|poke|p2|Infernape, M|item
|poke|p2|Zapdos|item
|teampreview
|inactive|Battle timer is ON: inactive players will automatically lose when time's up. (requested by authentise_is_shit)
|
|t:|1711230096
|start
|switch|p1a: Landorus|Landorus-Therian, M|100/100
|switch|p2a: Don Juan|Donphan, M|100/100
|-ability|p1a: Landorus|Intimidate|boost
|-unboost|p2a: Don Juan|atk|1
|turn|1
|
|t:|1711230099
|move|p2a: Don Juan|Ice Shard|p1a: Landorus
|-supereffective|p1a: Landorus
|-damage|p1a: Landorus|70/100
|move|p1a: Landorus|U-turn|p2a: Don Juan
|-damage|p2a: Don Juan|85/100
|
|t:|1711230103
|switch|p1a: Ferrothorn|Ferrothorn, F|100/100|[from] U-turn
|
|-heal|p2a: Don Juan|91/100|[from] item: Leftovers
|upkeep
|turn|2
|
|t:|1711230119
|switch|p2a: UTurnToMonke|Infernape, M|100/100
|move|p1a: Ferrothorn|Knock Off|p2a: UTurnToMonke
|-resisted|p2a: UTurnToMonke
|-damage|p2a: UTurnToMonke|97/100
|-enditem|p2a: UTurnToMonke|Life Orb|[from] move: Knock Off|[of] p1a: Ferrothorn
|
|upkeep
|turn|3
|
|t:|1711230134
|switch|p1a: Landorus|Landorus-Therian, M|70/100
|-ability|p1a: Landorus|Intimidate|boost
|-unboost|p2a: UTurnToMonke|atk|1
|move|p2a: UTurnToMonke|Hidden Power|p1a: Landorus
|-supereffective|p1a: Landorus
|-damage|p1a: Landorus|0 fnt
|faint|p1a: Landorus
|
|upkeep
|
|t:|1711230145
|switch|p1a: Latios|Latios, M|100/100
|turn|4
|
|t:|1711230153
|switch|p2a: Live Màs|Bronzong|100/100
|move|p1a: Latios|Trick|p2a: Live Màs
|-activate|p1a: Latios|move: Trick|[of] p2a: Live Màs
|-item|p2a: Live Màs|Choice Scarf|[from] move: Trick
|-item|p1a: Latios|Occa Berry|[from] move: Trick
|
|upkeep
|turn|5
|
|t:|1711230171
|switch|p1a: Ferrothorn|Ferrothorn, F|100/100
|move|p2a: Live Màs|Gyro Ball|p1a: Ferrothorn
|-resisted|p1a: Ferrothorn
|-damage|p1a: Ferrothorn|97/100
|-damage|p2a: Live Màs|88/100|[from] ability: Iron Barbs|[of] p1a: Ferrothorn
|
|-heal|p1a: Ferrothorn|100/100|[from] item: Leftovers
|upkeep
|turn|6
|
|t:|1711230177
|switch|p2a: PilkPhrog|Toxicroak, M, shiny|100/100
|switch|p1a: Tyranitar|Tyranitar, M|100/100
|-weather|Sandstorm|[from] ability: Sand Stream|[of] p1a: Tyranitar
|
|-weather|Sandstorm|[upkeep]
|-damage|p2a: PilkPhrog|94/100|[from] Sandstorm
|upkeep
|turn|7
|
|t:|1711230183
|move|p2a: PilkPhrog|Drain Punch|p1a: Tyranitar
|-supereffective|p1a: Tyranitar
|-enditem|p1a: Tyranitar|Chople Berry|[eat]
|-enditem|p1a: Tyranitar|Chople Berry|[weaken]
|-damage|p1a: Tyranitar|36/100
|-heal|p2a: PilkPhrog|100/100|[from] drain|[of] p1a: Tyranitar
|move|p1a: Tyranitar|Earthquake|p2a: PilkPhrog
|-supereffective|p2a: PilkPhrog
|-damage|p2a: PilkPhrog|14/100
|
|-weather|Sandstorm|[upkeep]
|-damage|p2a: PilkPhrog|8/100|[from] Sandstorm
|upkeep
|turn|8
|
|t:|1711230190
|switch|p1a: Garchomp|Garchomp, M|100/100
|move|p2a: PilkPhrog|Drain Punch|p1a: Garchomp
|-damage|p1a: Garchomp|57/100
|-heal|p2a: PilkPhrog|33/100|[from] drain|[of] p1a: Garchomp
|-damage|p2a: PilkPhrog|20/100|[from] ability: Rough Skin|[of] p1a: Garchomp
|
|-weather|Sandstorm|[upkeep]
|-damage|p2a: PilkPhrog|14/100|[from] Sandstorm
|upkeep
|turn|9
|
|t:|1711230202
|move|p1a: Garchomp|Fire Fang|p2a: PilkPhrog
|-damage|p2a: PilkPhrog|0 fnt
|faint|p2a: PilkPhrog
|
|-weather|Sandstorm|[upkeep]
|upkeep
|
|t:|1711230212
|switch|p2a: Don Juan|Donphan, M|91/100
|turn|10
|
|t:|1711230222
|switch|p1a: Ferrothorn|Ferrothorn, F|100/100
|move|p2a: Don Juan|Earthquake|p1a: Ferrothorn
|-damage|p1a: Ferrothorn|59/100
|
|-weather|Sandstorm|[upkeep]
|-heal|p2a: Don Juan|97/100|[from] item: Leftovers
|-heal|p1a: Ferrothorn|65/100|[from] item: Leftovers
|upkeep
|turn|11
|
|t:|1711230237
|switch|p2a: UTurnToMonke|Infernape, M|97/100
|move|p1a: Ferrothorn|Power Whip|p2a: UTurnToMonke
|-resisted|p2a: UTurnToMonke
|-damage|p2a: UTurnToMonke|68/100
|
|-weather|Sandstorm|[upkeep]
|-damage|p2a: UTurnToMonke|62/100|[from] Sandstorm
|-heal|p1a: Ferrothorn|71/100|[from] item: Leftovers
|upkeep
|turn|12
|
|t:|1711230244
|switch|p1a: Latios|Latios, M|100/100
|move|p2a: UTurnToMonke|Close Combat|p1a: Latios
|-resisted|p1a: Latios
|-crit|p1a: Latios
|-damage|p1a: Latios|28/100
|-unboost|p2a: UTurnToMonke|def|1
|-unboost|p2a: UTurnToMonke|spd|1
|
|-weather|Sandstorm|[upkeep]
|-damage|p1a: Latios|22/100|[from] Sandstorm
|-damage|p2a: UTurnToMonke|56/100|[from] Sandstorm
|upkeep
|turn|13
|
|t:|1711230256
|switch|p2a: Live Màs|Bronzong|88/100
|move|p1a: Latios|Recover|p1a: Latios
|-heal|p1a: Latios|72/100
|
|-weather|Sandstorm|[upkeep]
|-damage|p1a: Latios|66/100|[from] Sandstorm
|upkeep
|turn|14
|
|t:|1711230264
|switch|p1a: Ferrothorn|Ferrothorn, F|71/100
|move|p2a: Live Màs|Hidden Power|p1a: Ferrothorn
|-supereffective|p1a: Ferrothorn
|-damage|p1a: Ferrothorn|35/100
|
|-weather|Sandstorm|[upkeep]
|-heal|p1a: Ferrothorn|41/100|[from] item: Leftovers
|upkeep
|turn|15
|
|t:|1711230276
|move|p2a: Live Màs|Hidden Power|p1a: Ferrothorn
|-supereffective|p1a: Ferrothorn
|-damage|p1a: Ferrothorn|6/100
|move|p1a: Ferrothorn|Spikes|p2a: Live Màs
|-sidestart|p2: EnYEETed|Spikes
|
|-weather|Sandstorm|[upkeep]
|-heal|p1a: Ferrothorn|12/100|[from] item: Leftovers
|upkeep
|turn|16
|
|t:|1711230287
|switch|p2a: Don Juan|Donphan, M|97/100
|-damage|p2a: Don Juan|85/100|[from] Spikes
|switch|p1a: Tyranitar|Tyranitar, M|36/100
|
|-weather|Sandstorm|[upkeep]
|-heal|p2a: Don Juan|91/100|[from] item: Leftovers
|upkeep
|turn|17
|
|t:|1711230299
|switch|p1a: Latios|Latios, M|66/100
|move|p2a: Don Juan|Earthquake|p1a: Latios
|-immune|p1a: Latios|[from] ability: Levitate
|
|-weather|Sandstorm|[upkeep]
|-damage|p1a: Latios|60/100|[from] Sandstorm
|-heal|p2a: Don Juan|97/100|[from] item: Leftovers
|upkeep
|turn|18
|
|t:|1711230311
|switch|p2a: Live Màs|Bronzong|88/100
|move|p1a: Latios|Surf|p2a: Live Màs
|-damage|p2a: Live Màs|57/100
|
|-weather|Sandstorm|[upkeep]
|-damage|p1a: Latios|54/100|[from] Sandstorm
|upkeep
|turn|19
|
|t:|1711230316
|switch|p1a: Ferrothorn|Ferrothorn, F|12/100
|move|p2a: Live Màs|Gyro Ball|p1a: Ferrothorn
|-resisted|p1a: Ferrothorn
|-damage|p1a: Ferrothorn|9/100
|-damage|p2a: Live Màs|44/100|[from] ability: Iron Barbs|[of] p1a: Ferrothorn
|
|-weather|Sandstorm|[upkeep]
|-heal|p1a: Ferrothorn|15/100|[from] item: Leftovers
|upkeep
|turn|20
|
|t:|1711230326
|switch|p2a: Zapdos|Zapdos|100/100
|-ability|p2a: Zapdos|Pressure
|move|p1a: Ferrothorn|Power Whip|p2a: Zapdos
|-resisted|p2a: Zapdos
|-damage|p2a: Zapdos|82/100
|
|-weather|Sandstorm|[upkeep]
|-damage|p2a: Zapdos|76/100|[from] Sandstorm
|-heal|p1a: Ferrothorn|21/100|[from] item: Leftovers
|upkeep
|turn|21
|
|t:|1711230341
|switch|p1a: Tyranitar|Tyranitar, M|36/100
|move|p2a: Zapdos|Hidden Power|p1a: Tyranitar
|-damage|p1a: Tyranitar|27/100
|
|-weather|Sandstorm|[upkeep]
|-damage|p2a: Zapdos|70/100|[from] Sandstorm
|upkeep
|turn|22
|
|t:|1711230346
|move|p2a: Zapdos|Volt Switch|p1a: Tyranitar
|-damage|p1a: Tyranitar|11/100
|-activate|p2a: Zapdos|move: Pursuit
|move|p1a: Tyranitar|Pursuit|p2a: Zapdos|[from]Pursuit
|-damage|p2a: Zapdos|34/100
|
|t:|1711230357
|switch|p2a: UTurnToMonke|Infernape, M|56/100|[from] Volt Switch
|-damage|p2a: UTurnToMonke|44/100|[from] Spikes
|
|-weather|Sandstorm|[upkeep]
|-damage|p2a: UTurnToMonke|37/100|[from] Sandstorm
|upkeep
|turn|23
|
|t:|1711230369
|move|p2a: UTurnToMonke|Close Combat|p1a: Tyranitar
|-supereffective|p1a: Tyranitar
|-damage|p1a: Tyranitar|0 fnt
|-unboost|p2a: UTurnToMonke|def|1
|-unboost|p2a: UTurnToMonke|spd|1
|faint|p1a: Tyranitar
|
|-weather|Sandstorm|[upkeep]
|-damage|p2a: UTurnToMonke|31/100|[from] Sandstorm
|upkeep
|
|t:|1711230376
|switch|p1a: Latios|Latios, M|54/100
|turn|24
|
|t:|1711230380
|switch|p2a: Live Màs|Bronzong|44/100
|move|p1a: Latios|Surf|p2a: Live Màs
|-damage|p2a: Live Màs|13/100
|
|-weather|Sandstorm|[upkeep]
|-damage|p1a: Latios|48/100|[from] Sandstorm
|upkeep
|turn|25
|
|t:|1711230385
|move|p1a: Latios|Surf|p2a: Live Màs
|-damage|p2a: Live Màs|0 fnt
|faint|p2a: Live Màs
|
|-weather|Sandstorm|[upkeep]
|-damage|p1a: Latios|42/100|[from] Sandstorm
|upkeep
|
|t:|1711230388
|switch|p2a: NoFear|Weavile, F|100/100
|-damage|p2a: NoFear|88/100|[from] Spikes
|-ability|p2a: NoFear|Pressure
|turn|26
|
|t:|1711230391
|-activate|p1a: Latios|move: Pursuit
|move|p2a: NoFear|Pursuit|p1a: Latios|[from]Pursuit
|-supereffective|p1a: Latios
|-damage|p1a: Latios|0 fnt
|faint|p1a: Latios
|-hint|A Pokemon can't switch between when it runs out of HP and when it faints
|
|-weather|Sandstorm|[upkeep]
|-damage|p2a: NoFear|82/100|[from] Sandstorm
|upkeep
|
|t:|1711230399
|switch|p1a: Ferrothorn|Ferrothorn, F|21/100
|turn|27
|
|t:|1711230409
|move|p2a: NoFear|Low Sweep|p1a: Ferrothorn
|-supereffective|p1a: Ferrothorn
|-damage|p1a: Ferrothorn|0 fnt
|-damage|p2a: NoFear|70/100|[from] ability: Iron Barbs|[of] p1a: Ferrothorn
|faint|p1a: Ferrothorn
|
|-weather|Sandstorm|[upkeep]
|-damage|p2a: NoFear|63/100|[from] Sandstorm
|upkeep
|
|t:|1711230414
|switch|p1a: Alakazam|Alakazam, M|100/100
|turn|28
|
|t:|1711230420
|move|p2a: NoFear|Pursuit|p1a: Alakazam
|-supereffective|p1a: Alakazam
|-enditem|p1a: Alakazam|Focus Sash
|-damage|p1a: Alakazam|1/100
|move|p1a: Alakazam|Signal Beam|p2a: NoFear
|-supereffective|p2a: NoFear
|-crit|p2a: NoFear
|-damage|p2a: NoFear|0 fnt
|faint|p2a: NoFear
|
|-weather|Sandstorm|[upkeep]
|upkeep
|
|t:|1711230424
|switch|p2a: Don Juan|Donphan, M|97/100
|-damage|p2a: Don Juan|84/100|[from] Spikes
|turn|29
|c|☆EnYEETed|gg
|
|t:|1711230430
|move|p2a: Don Juan|Ice Shard|p1a: Alakazam
|-damage|p1a: Alakazam|0 fnt
|faint|p1a: Alakazam
|
|-weather|Sandstorm|[upkeep]
|-heal|p2a: Don Juan|91/100|[from] item: Leftovers
|upkeep
|
|t:|1711230431
|switch|p1a: Garchomp|Garchomp, M|57/100
|turn|30
|
|t:|1711230434
|move|p2a: Don Juan|Ice Shard|p1a: Garchomp
|-supereffective|p1a: Garchomp
|-damage|p1a: Garchomp|4/100
|move|p1a: Garchomp|Outrage|p2a: Don Juan
|-damage|p2a: Don Juan|18/100
|
|-weather|Sandstorm|[upkeep]
|-heal|p2a: Don Juan|24/100|[from] item: Leftovers
|upkeep
|turn|31
|-message|authentise_is_shit forfeited.
|
|win|EnYEETed
|raw|authentise_is_shit's rating: 1387 &rarr; <strong>1368</strong><br />(-19 for losing)
|raw|EnYEETed's rating: 1411 &rarr; <strong>1430</strong><br />(+19 for winning)
|l|☆authentise_is_shit
|player|p1|
|l|☆EnYEETed
|player|p2|
|j|☆EnYEETed
|player|p2|EnYEETed|clown
