|j|☆Spritzalcianuro96
|j|☆JKBS
|t:|1597063971
|player|p1|Spritzalcianuro96|colress|1592
|player|p2|JKBS|ethan|1323
|teamsize|p1|6
|teamsize|p2|6
|gametype|singles
|gen|5
|tier|[Gen 5] OU
|rated|
|clearpoke
|poke|p1|Skarmory, F|item
|poke|p1|Rotom-Wash|item
|poke|p1|Scizor, M|item
|poke|p1|Dragonite, M|item
|poke|p1|Gengar, M|item
|poke|p1|Alakazam, M|item
|poke|p2|Heracross, M|item
|poke|p2|Heatran, M|item
|poke|p2|Gastrodon-East, F|item
|poke|p2|Kyurem-Black|item
|poke|p2|Excadrill, F|item
|poke|p2|Espeon, F|item
|rule|Species Clause: Limit one of each Pokémon
|rule|OHKO Clause: OHKO moves are banned
|rule|Moody Clause: Moody is banned
|rule|Evasion Moves Clause: Evasion moves are banned
|rule|Endless Battle Clause: Forcing endless battles is banned
|rule|HP Percentage Mod: HP is shown in percentages
|rule|Evasion Abilities Clause: Evasion abilities are banned
|rule|Baton Pass Clause: Limit one Baton Passer, can't pass Spe and other stats simultaneously
|rule|Sleep Clause: Sleep-inducing moves are banned
|rule|Swagger Clause: Swagger is banned
|teampreview
|inactive|Battle timer is ON: inactive players will automatically lose when time's up. (requested by Spritzalcianuro96)
|c|☆JKBS|gl hf
|
|t:|1597063982
|start
|switch|p1a: Skarmory|Skarmory, F|100/100
|switch|p2a: Emo Kyurem|Kyurem-Black|100/100
|-ability|p2a: Emo Kyurem|Teravolt
|turn|1
|
|t:|1597063991
|move|p2a: Emo Kyurem|Fusion Bolt|p1a: Skarmory
|-supereffective|p1a: Skarmory
|-damage|p1a: Skarmory|4/100
|-damage|p2a: Emo Kyurem|91/100|[from] item: Life Orb
|move|p1a: Skarmory|Brave Bird|p2a: Emo Kyurem
|-damage|p2a: Emo Kyurem|50/100
|-damage|p1a: Skarmory|0 fnt|[from] Recoil
|faint|p1a: Skarmory
|
|upkeep
|
|t:|1597064007
|switch|p1a: Alakazam|Alakazam, M|100/100
|turn|2
|
|t:|1597064014
|switch|p2a: Bounces Poison|Espeon, F|100/100
|move|p1a: Alakazam|Psychic|p2a: Bounces Poison
|-resisted|p2a: Bounces Poison
|-damage|p2a: Bounces Poison|77/100
|
|upkeep
|turn|3
|
|t:|1597064020
|move|p1a: Alakazam|Shadow Ball|p2a: Bounces Poison
|-supereffective|p2a: Bounces Poison
|-damage|p2a: Bounces Poison|16/100
|move|p2a: Bounces Poison|Light Screen|p2a: Bounces Poison
|-sidestart|p2: JKBS|move: Light Screen
|
|upkeep
|turn|4
|
|t:|1597064028
|switch|p2a: Hercules|Heracross, M|100/100
|move|p1a: Alakazam|Shadow Ball|p2a: Hercules
|-damage|p2a: Hercules|84/100
|
|upkeep
|turn|5
|
|t:|1597064038
|move|p2a: Hercules|Night Slash|p1a: Alakazam
|-supereffective|p1a: Alakazam
|-enditem|p1a: Alakazam|Focus Sash
|-damage|p1a: Alakazam|1/100
|move|p1a: Alakazam|Psychic|p2a: Hercules
|-supereffective|p2a: Hercules
|-damage|p2a: Hercules|26/100
|
|upkeep
|turn|6
|
|t:|1597064046
|switch|p1a: Scizor|Scizor, M|100/100
|move|p2a: Hercules|Night Slash|p1a: Scizor
|-resisted|p1a: Scizor
|-damage|p1a: Scizor|87/100
|
|upkeep
|turn|7
|
|t:|1597064052
|switch|p2a: Fire Mango|Heatran, M|100/100
|-item|p2a: Fire Mango|Air Balloon
|move|p1a: Scizor|Bullet Punch|p2a: Fire Mango
|-resisted|p2a: Fire Mango
|-damage|p2a: Fire Mango|92/100
|-enditem|p2a: Fire Mango|Air Balloon
|
|upkeep
|turn|8
|
|t:|1597064062
|switch|p1a: Rotom|Rotom-Wash|100/100
|move|p2a: Fire Mango|Substitute|p2a: Fire Mango
|-start|p2a: Fire Mango|Substitute
|-damage|p2a: Fire Mango|67/100
|
|upkeep
|turn|9
|
|t:|1597064068
|move|p2a: Fire Mango|Magma Storm|p1a: Rotom|[miss]
|-miss|p2a: Fire Mango|p1a: Rotom
|move|p1a: Rotom|Hydro Pump|p2a: Fire Mango
|-supereffective|p2a: Fire Mango
|-end|p2a: Fire Mango|Substitute
|
|upkeep
|turn|10
|
|t:|1597064078
|move|p2a: Fire Mango|Magma Storm|p1a: Rotom|[miss]
|-miss|p2a: Fire Mango|p1a: Rotom
|move|p1a: Rotom|Hydro Pump|p2a: Fire Mango
|-supereffective|p2a: Fire Mango
|-crit|p2a: Fire Mango
|-damage|p2a: Fire Mango|0 fnt
|faint|p2a: Fire Mango
|
|-sideend|p2: JKBS|move: Light Screen
|upkeep
|
|t:|1597064094
|switch|p2a: Emo Kyurem|Kyurem-Black|50/100
|-ability|p2a: Emo Kyurem|Teravolt
|turn|11
|
|t:|1597064108
|move|p2a: Emo Kyurem|Outrage|p1a: Rotom
|-damage|p1a: Rotom|7/100
|-damage|p2a: Emo Kyurem|40/100|[from] item: Life Orb
|move|p1a: Rotom|Volt Switch|p2a: Emo Kyurem
|-resisted|p2a: Emo Kyurem
|-damage|p2a: Emo Kyurem|29/100
|
|t:|1597064117
|switch|p1a: Alakazam|Alakazam, M|1/100|[from]move: Volt Switch
|
|upkeep
|turn|12
|
|t:|1597064124
|move|p1a: Alakazam|Psychic|p2a: Emo Kyurem
|-damage|p2a: Emo Kyurem|0 fnt
|faint|p2a: Emo Kyurem
|
|upkeep
|
|t:|1597064130
|switch|p2a: T H I C C|Gastrodon-East, F|100/100
|turn|13
|
|t:|1597064155
|switch|p1a: Rotom|Rotom-Wash|7/100
|move|p2a: T H I C C|Scald|p1a: Rotom
|-resisted|p1a: Rotom
|-damage|p1a: Rotom|0 fnt
|faint|p1a: Rotom
|
|upkeep
|
|t:|1597064160
|switch|p1a: Dragonite|Dragonite, M|100/100
|turn|14
|
|t:|1597064165
|move|p1a: Dragonite|Outrage|p2a: T H I C C
|-damage|p2a: T H I C C|27/100
|move|p2a: T H I C C|Scald|p1a: Dragonite
|-resisted|p1a: Dragonite
|-damage|p1a: Dragonite|94/100
|
|-heal|p2a: T H I C C|33/100|[from] item: Leftovers
|upkeep
|turn|15
|
|t:|1597064174
|move|p1a: Dragonite|Outrage|p2a: T H I C C|[from]lockedmove
|-damage|p2a: T H I C C|0 fnt
|-start|p1a: Dragonite|confusion|[fatigue]
|faint|p2a: T H I C C
|
|upkeep
|
|t:|1597064183
|switch|p2a: Drill|Excadrill, F|100/100
|-ability|p2a: Drill|Mold Breaker
|turn|16
|-message|JKBS forfeited.
|
|win|Spritzalcianuro96
|l|☆JKBS
|raw|Spritzalcianuro96's rating: 1592 &rarr; <strong>1599</strong><br />(+7 for winning)
|raw|JKBS's rating: 1323 &rarr; <strong>1316</strong><br />(-7 for losing)
