|j|☆BWVC BookofConke
|j|☆leoperi99
|t:|1717076487
|gametype|singles
|player|p1|BWVC BookofConke|silver-masters|1408
|player|p2|leoperi99|sage-gen2jp|1513
|teamsize|p1|6
|teamsize|p2|6
|gen|5
|tier|[Gen 5] OU
|rated|
|rule|Species Clause: Limit one of each Pokémon
|rule|OHKO Clause: OHKO moves are banned
|rule|Moody Clause: Moody is banned
|rule|Evasion Items Clause: Evasion items are banned
|rule|Evasion Moves Clause: Evasion moves are banned
|rule|Endless Battle Clause: Forcing endless battles is banned
|rule|HP Percentage Mod: HP is shown in percentages
|rule|Evasion Abilities Clause: Evasion abilities are banned
|rule|Sleep Moves Clause: Sleep-inducing moves are banned
|rule|Swagger Clause: Swagger is banned
|rule|Baton Pass Stat Clause: No Baton Passer may have a way to boost its stats
|clearpoke
|poke|p1|Abomasnow, F|item
|poke|p1|Kyurem-Black|item
|poke|p1|Latios, M|item
|poke|p1|Garchomp, F|item
|poke|p1|Starmie|item
|poke|p1|Jirachi|item
|poke|p2|Abomasnow, M|item
|poke|p2|Gliscor, M|item
|poke|p2|Kyurem|item
|poke|p2|Starmie|item
|poke|p2|Skarmory, F|item
|poke|p2|Latios, M|item
|teampreview
|c|☆BWVC BookofConke|Hi
|
|t:|1717076600
|start
|switch|p1a: Jirachi|Jirachi|100/100
|switch|p2a: Stall wins all|Gliscor, M|100/100
|turn|1
|
|t:|1717076610
|move|p1a: Jirachi|Stealth Rock|p2a: Stall wins all
|-sidestart|p2: leoperi99|move: Stealth Rock
|move|p2a: Stall wins all|Stealth Rock|p1a: Jirachi
|-sidestart|p1: BWVC BookofConke|move: Stealth Rock
|
|-status|p2a: Stall wins all|tox|[from] item: Toxic Orb
|upkeep
|turn|2
|c|☆leoperi99|glhf
|
|t:|1717076627
|move|p1a: Jirachi|U-turn|p2a: Stall wins all
|-resisted|p2a: Stall wins all
|-damage|p2a: Stall wins all|95/100 tox
|
|t:|1717076658
|switch|p1a: Starmie|Starmie|100/100|[from] U-turn
|-damage|p1a: Starmie|88/100|[from] Stealth Rock
|-item|p1a: Starmie|Air Balloon
|move|p2a: Stall wins all|U-turn|p1a: Starmie
|-supereffective|p1a: Starmie
|-damage|p1a: Starmie|42/100
|-enditem|p1a: Starmie|Air Balloon
|
|t:|1717076693
|switch|p2a: Im always here|Latios, M|100/100|[from] U-turn
|-damage|p2a: Im always here|88/100|[from] Stealth Rock
|
|upkeep
|turn|3
|
|t:|1717076706
|switch|p1a: Jirachi|Jirachi|100/100
|-damage|p1a: Jirachi|94/100|[from] Stealth Rock
|move|p2a: Im always here|Draco Meteor|p1a: Jirachi
|-resisted|p1a: Jirachi
|-crit|p1a: Jirachi
|-damage|p1a: Jirachi|45/100
|-unboost|p2a: Im always here|spa|2
|
|-heal|p1a: Jirachi|51/100|[from] item: Leftovers
|upkeep
|turn|4
|
|t:|1717076722
|switch|p2a: Frozen Star|Starmie, shiny|100/100
|-damage|p2a: Frozen Star|88/100|[from] Stealth Rock
|move|p1a: Jirachi|U-turn|p2a: Frozen Star
|-supereffective|p2a: Frozen Star
|-damage|p2a: Frozen Star|55/100
|
|t:|1717076742
|switch|p1a: Starmie|Starmie|42/100|[from] U-turn
|-damage|p1a: Starmie|30/100|[from] Stealth Rock
|
|-heal|p2a: Frozen Star|61/100|[from] item: Leftovers
|upkeep
|turn|5
|
|t:|1717076750
|move|p1a: Starmie|Rapid Spin|p2a: Frozen Star
|-damage|p2a: Frozen Star|58/100
|-sideend|p1: BWVC BookofConke|Stealth Rock|[from] move: Rapid Spin|[of] p1a: Starmie
|move|p2a: Frozen Star|Rapid Spin|p1a: Starmie
|-damage|p1a: Starmie|25/100
|-sideend|p2: leoperi99|Stealth Rock|[from] move: Rapid Spin|[of] p2a: Frozen Star
|
|-heal|p2a: Frozen Star|65/100|[from] item: Leftovers
|upkeep
|turn|6
|
|t:|1717076773
|move|p1a: Starmie|Thunderbolt|p2a: Frozen Star
|-supereffective|p2a: Frozen Star
|-damage|p2a: Frozen Star|0 fnt
|faint|p2a: Frozen Star
|
|upkeep
|
|t:|1717076779
|switch|p2a: Im always here|Latios, M|88/100
|turn|7
|
|t:|1717076795
|switch|p1a: Jirachi|Jirachi|51/100
|move|p2a: Im always here|Surf|p1a: Jirachi
|-damage|p1a: Jirachi|29/100
|
|-heal|p1a: Jirachi|36/100|[from] item: Leftovers
|upkeep
|turn|8
|
|t:|1717076812
|move|p2a: Im always here|Surf|p1a: Jirachi
|-damage|p1a: Jirachi|14/100
|move|p1a: Jirachi|U-turn|p2a: Im always here
|-supereffective|p2a: Im always here
|-damage|p2a: Im always here|46/100
|
|t:|1717076832
|switch|p1a: Latios|Latios, M|100/100|[from] U-turn
|
|upkeep
|turn|9
|
|t:|1717076842
|switch|p2a: Corvknight-mega|Skarmory, F, shiny|100/100
|move|p1a: Latios|Draco Meteor|p2a: Corvknight-mega
|-resisted|p2a: Corvknight-mega
|-damage|p2a: Corvknight-mega|68/100
|-unboost|p1a: Latios|spa|2
|
|-heal|p2a: Corvknight-mega|74/100|[from] item: Leftovers
|upkeep
|turn|10
|
|t:|1717076871
|switch|p1a: Jirachi|Jirachi|14/100
|move|p2a: Corvknight-mega|Spikes|p1a: Jirachi
|-sidestart|p1: BWVC BookofConke|Spikes
|
|-heal|p1a: Jirachi|20/100|[from] item: Leftovers
|-heal|p2a: Corvknight-mega|80/100|[from] item: Leftovers
|upkeep
|turn|11
|
|t:|1717076885
|move|p1a: Jirachi|Stealth Rock|p2a: Corvknight-mega
|-sidestart|p2: leoperi99|move: Stealth Rock
|move|p2a: Corvknight-mega|Spikes|p1a: Jirachi
|-sidestart|p1: BWVC BookofConke|Spikes
|
|-heal|p1a: Jirachi|26/100|[from] item: Leftovers
|-heal|p2a: Corvknight-mega|86/100|[from] item: Leftovers
|upkeep
|turn|12
|
|t:|1717076895
|move|p1a: Jirachi|Fire Punch|p2a: Corvknight-mega
|-supereffective|p2a: Corvknight-mega
|-damage|p2a: Corvknight-mega|61/100
|move|p2a: Corvknight-mega|Whirlwind|p1a: Jirachi
|drag|p1a: Starmie|Starmie|25/100
|-damage|p1a: Starmie|9/100|[from] Spikes
|
|-heal|p2a: Corvknight-mega|67/100|[from] item: Leftovers
|upkeep
|turn|13
|
|t:|1717076905
|move|p1a: Starmie|Rapid Spin|p2a: Corvknight-mega
|-resisted|p2a: Corvknight-mega
|-damage|p2a: Corvknight-mega|66/100
|-sideend|p1: BWVC BookofConke|Spikes|[from] move: Rapid Spin|[of] p1a: Starmie
|move|p2a: Corvknight-mega|Brave Bird|p1a: Starmie
|-damage|p1a: Starmie|0 fnt
|faint|p1a: Starmie
|-damage|p2a: Corvknight-mega|64/100|[from] Recoil
|
|-heal|p2a: Corvknight-mega|70/100|[from] item: Leftovers
|upkeep
|
|t:|1717076955
|switch|p1a: Latios|Latios, M|100/100
|turn|14
|
|t:|1717076992
|move|p1a: Latios|Hidden Power|p2a: Corvknight-mega
|-supereffective|p2a: Corvknight-mega
|-damage|p2a: Corvknight-mega|24/100
|move|p2a: Corvknight-mega|Brave Bird|p1a: Latios
|-damage|p1a: Latios|55/100
|-damage|p2a: Corvknight-mega|11/100|[from] Recoil
|
|-heal|p2a: Corvknight-mega|17/100|[from] item: Leftovers
|upkeep
|turn|15
|
|t:|1717077012
|switch|p2a: Stall wins all|Gliscor, M|95/100 tox
|-damage|p2a: Stall wins all|83/100 tox|[from] Stealth Rock
|move|p1a: Latios|Recover|p1a: Latios
|-heal|p1a: Latios|100/100
|
|-heal|p2a: Stall wins all|95/100 tox|[from] ability: Poison Heal
|upkeep
|turn|16
|
|t:|1717077015
|move|p1a: Latios|Recover||[still]
|-fail|p1a: Latios|heal
|move|p2a: Stall wins all|Stealth Rock|p1a: Latios
|-sidestart|p1: BWVC BookofConke|move: Stealth Rock
|
|-heal|p2a: Stall wins all|100/100 tox|[from] ability: Poison Heal
|upkeep
|turn|17
|c|☆BWVC BookofConke|Woops
|c|☆BWVC BookofConke|Did I just misclick
|inactive|Battle timer is ON: inactive players will automatically lose when time's up. (requested by leoperi99)
|c|☆BWVC BookofConke|Yikes
|c|☆BWVC BookofConke|Serves me right for playing on m*bile
|
|t:|1717077068
|move|p1a: Latios|Surf|p2a: Stall wins all
|-supereffective|p2a: Stall wins all
|-damage|p2a: Stall wins all|33/100 tox
|move|p2a: Stall wins all|U-turn|p1a: Latios
|-supereffective|p1a: Latios
|-damage|p1a: Latios|62/100
|
|t:|1717077076
|switch|p2a: Im always here|Latios, M|46/100|[from] U-turn
|-damage|p2a: Im always here|33/100|[from] Stealth Rock
|
|upkeep
|turn|18
|
|t:|1717077091
|switch|p1a: Jirachi|Jirachi|26/100
|-damage|p1a: Jirachi|20/100|[from] Stealth Rock
|move|p2a: Im always here|Draco Meteor|p1a: Jirachi
|-resisted|p1a: Jirachi
|-damage|p1a: Jirachi|0 fnt
|-unboost|p2a: Im always here|spa|2
|faint|p1a: Jirachi
|
|upkeep
|
|t:|1717077110
|switch|p1a: Abomasnow|Abomasnow, F|100/100
|-damage|p1a: Abomasnow|76/100|[from] Stealth Rock
|-weather|Hail|[from] ability: Snow Warning|[of] p1a: Abomasnow
|turn|19
|inactive|BWVC BookofConke has 120 seconds left.
|
|t:|1717077132
|switch|p2a: Stall wins all|Gliscor, M|33/100 tox
|-damage|p2a: Stall wins all|21/100 tox|[from] Stealth Rock
|switch|p1a: Latios|Latios, M|62/100
|-damage|p1a: Latios|50/100|[from] Stealth Rock
|
|-weather|Hail|[upkeep]
|-damage|p1a: Latios|44/100|[from] Hail
|-damage|p2a: Stall wins all|15/100 tox|[from] Hail
|-heal|p2a: Stall wins all|27/100 tox|[from] ability: Poison Heal
|upkeep
|turn|20
|inactive|BWVC BookofConke has 120 seconds left.
|
|t:|1717077151
|move|p1a: Latios|Draco Meteor|p2a: Stall wins all
|-damage|p2a: Stall wins all|0 fnt
|-unboost|p1a: Latios|spa|2
|faint|p2a: Stall wins all
|
|-weather|Hail|[upkeep]
|-damage|p1a: Latios|38/100|[from] Hail
|upkeep
|
|t:|1717077155
|switch|p2a: Big Foot|Abomasnow, M, shiny|100/100
|-damage|p2a: Big Foot|76/100|[from] Stealth Rock
|turn|21
|inactive|BWVC BookofConke has 120 seconds left.
|
|t:|1717077171
|switch|p1a: Kyurem|Kyurem-Black|100/100
|-damage|p1a: Kyurem|76/100|[from] Stealth Rock
|-ability|p1a: Kyurem|Teravolt
|move|p2a: Big Foot|Blizzard|p1a: Kyurem
|-crit|p1a: Kyurem
|-damage|p1a: Kyurem|0 fnt
|faint|p1a: Kyurem
|
|-weather|Hail|[upkeep]
|-heal|p2a: Big Foot|82/100|[from] item: Leftovers
|upkeep
|inactive|BWVC BookofConke has 90 seconds left.
|
|t:|1717077224
|switch|p1a: Abomasnow|Abomasnow, F|76/100
|-damage|p1a: Abomasnow|51/100|[from] Stealth Rock
|turn|22
|
|t:|1717077241
|move|p1a: Abomasnow|Hidden Power|p2a: Big Foot
|-supereffective|p2a: Big Foot
|-damage|p2a: Big Foot|0 fnt
|faint|p2a: Big Foot
|
|-weather|Hail|[upkeep]
|upkeep
|
|t:|1717077248
|switch|p2a: Corvknight-mega|Skarmory, F, shiny|17/100
|-damage|p2a: Corvknight-mega|4/100|[from] Stealth Rock
|turn|23
|
|t:|1717077260
|move|p1a: Abomasnow|Ice Shard|p2a: Corvknight-mega
|-damage|p2a: Corvknight-mega|0 fnt
|faint|p2a: Corvknight-mega
|
|-weather|Hail|[upkeep]
|upkeep
|
|t:|1717077262
|switch|p2a: Kyurem-Mega|Kyurem, shiny|100/100
|-damage|p2a: Kyurem-Mega|76/100|[from] Stealth Rock
|-ability|p2a: Kyurem-Mega|Pressure
|turn|24
|inactive|BWVC BookofConke has 60 seconds left.
|
|t:|1717077293
|switch|p1a: Latios|Latios, M|38/100
|-damage|p1a: Latios|26/100|[from] Stealth Rock
|move|p2a: Kyurem-Mega|Blizzard|p1a: Latios
|-supereffective|p1a: Latios
|-damage|p1a: Latios|0 fnt
|faint|p1a: Latios
|
|-weather|Hail|[upkeep]
|upkeep
|inactive|BWVC BookofConke has 60 seconds left.
|
|t:|1717077303
|switch|p1a: Garchomp|Garchomp, F|100/100
|-damage|p1a: Garchomp|94/100|[from] Stealth Rock
|turn|25
|inactive|BWVC BookofConke has 60 seconds left.
|
|t:|1717077312
|switch|p2a: Im always here|Latios, M|33/100
|-damage|p2a: Im always here|21/100|[from] Stealth Rock
|move|p1a: Garchomp|Outrage|p2a: Im always here
|-supereffective|p2a: Im always here
|-damage|p2a: Im always here|0 fnt
|faint|p2a: Im always here
|
|-weather|Hail|[upkeep]
|-damage|p1a: Garchomp|88/100|[from] Hail
|upkeep
|
|t:|1717077314
|switch|p2a: Kyurem-Mega|Kyurem, shiny|76/100
|-damage|p2a: Kyurem-Mega|51/100|[from] Stealth Rock
|-ability|p2a: Kyurem-Mega|Pressure
|turn|26
|c|☆leoperi99|gg
|-message|leoperi99 forfeited.
|
|win|BWVC BookofConke
|raw|BWVC BookofConke's rating: 1408 &rarr; <strong>1434</strong><br />(+26 for winning)
|raw|leoperi99's rating: 1513 &rarr; <strong>1487</strong><br />(-26 for losing)
|l|☆leoperi99
|player|p2|
|c|☆BWVC BookofConke|GG
