|j|☆Excaliburn88
|j|☆jusuraveragenoob
|t:|1596859027
|player|p1|Excaliburn88|shadowtriad|1549
|player|p2|jusuraveragenoob|2|1436
|teamsize|p1|6
|teamsize|p2|6
|gametype|singles
|gen|5
|tier|[Gen 5] OU
|rated|
|clearpoke
|poke|p1|Ninetales, F|item
|poke|p1|Porygon2|item
|poke|p1|Rotom-Wash|item
|poke|p1|Hitmontop, M|item
|poke|p1|Xatu, M|item
|poke|p1|Heatran, M|item
|poke|p2|Politoed, M|item
|poke|p2|Keldeo-Resolute|item
|poke|p2|Tentacruel, F|item
|poke|p2|Jirachi|item
|poke|p2|Breloom, F|item
|poke|p2|Thundurus-Therian, M|item
|rule|Species Clause: Limit one of each Pokémon
|rule|OHKO Clause: OHKO moves are banned
|rule|Moody Clause: Moody is banned
|rule|Evasion Moves Clause: Evasion moves are banned
|rule|Endless Battle Clause: Forcing endless battles is banned
|rule|HP Percentage Mod: HP is shown in percentages
|rule|Evasion Abilities Clause: Evasion abilities are banned
|rule|Baton Pass Clause: Limit one Baton Passer, can't pass Spe and other stats simultaneously
|rule|Sleep Clause: Sleep-inducing moves are banned
|rule|Swagger Clause: Swagger is banned
|teampreview
|c|☆jusuraveragenoob|glhf!
|c|☆Excaliburn88|u2
|
|t:|1596859046
|start
|switch|p1a: Rotom|Rotom-Wash|100/100
|switch|p2a: Politoed|Politoed, M|100/100
|-weather|RainDance|[from] ability: Drizzle|[of] p2a: Politoed
|turn|1
|
|t:|1596859060
|switch|p1a: All Apologies|Ninetales, F, shiny|100/100
|-weather|SunnyDay|[from] ability: Drought|[of] p1a: All Apologies
|move|p2a: Politoed|Toxic|p1a: All Apologies
|-status|p1a: All Apologies|tox
|
|-weather|SunnyDay|[upkeep]
|-damage|p1a: All Apologies|95/100 tox|[from] psn
|upkeep
|turn|2
|
|t:|1596859072
|switch|p2a: Tentacruel|Tentacruel, F|100/100
|move|p1a: All Apologies|Overheat|p2a: Tentacruel
|-resisted|p2a: Tentacruel
|-crit|p2a: Tentacruel
|-damage|p2a: Tentacruel|41/100
|-unboost|p1a: All Apologies|spa|2
|
|-weather|SunnyDay|[upkeep]
|-heal|p1a: All Apologies|100/100 tox|[from] item: Leftovers
|-heal|p2a: Tentacruel|47/100|[from] item: Black Sludge
|-damage|p1a: All Apologies|89/100 tox|[from] psn
|upkeep
|turn|3
|
|t:|1596859080
|move|p2a: Tentacruel|Protect|p2a: Tentacruel
|-singleturn|p2a: Tentacruel|Protect
|move|p1a: All Apologies|Will-O-Wisp|p2a: Tentacruel
|-activate|p2a: Tentacruel|move: Protect
|
|-weather|SunnyDay|[upkeep]
|-heal|p1a: All Apologies|95/100 tox|[from] item: Leftovers
|-heal|p2a: Tentacruel|54/100|[from] item: Black Sludge
|-damage|p1a: All Apologies|77/100 tox|[from] psn
|upkeep
|turn|4
|
|t:|1596859087
|switch|p1a: block watch|Xatu, M, shiny|100/100
|switch|p2a: Politoed|Politoed, M|100/100
|-weather|RainDance|[from] ability: Drizzle|[of] p2a: Politoed
|
|-weather|RainDance|[upkeep]
|upkeep
|turn|5
|
|t:|1596859097
|switch|p1a: Rotom|Rotom-Wash|100/100
|move|p2a: Politoed|Scald|p1a: Rotom
|-resisted|p1a: Rotom
|-damage|p1a: Rotom|81/100
|
|-weather|RainDance|[upkeep]
|upkeep
|turn|6
|
|t:|1596859105
|switch|p2a: Breloom|Breloom, F|100/100
|move|p1a: Rotom|Volt Switch|p2a: Breloom
|-resisted|p2a: Breloom
|-damage|p2a: Breloom|82/100
|
|t:|1596859120
|switch|p1a: block watch|Xatu, M, shiny|100/100|[from]move: Volt Switch
|
|-weather|RainDance|[upkeep]
|-status|p2a: Breloom|tox|[from] item: Toxic Orb
|upkeep
|turn|7
|
|t:|1596859128
|move|p2a: Breloom|Protect|p2a: Breloom
|-singleturn|p2a: Breloom|Protect
|move|p1a: block watch|Confuse Ray|p2a: Breloom
|-activate|p2a: Breloom|move: Protect
|
|-weather|RainDance|[upkeep]
|-heal|p2a: Breloom|94/100 tox|[from] ability: Poison Heal
|upkeep
|turn|8
|
|t:|1596859139
|switch|p2a: Jirachi|Jirachi|100/100
|move|p1a: block watch|Psychic|p2a: Jirachi
|-resisted|p2a: Jirachi
|-damage|p2a: Jirachi|96/100
|
|-weather|RainDance|[upkeep]
|-heal|p2a: Jirachi|100/100|[from] item: Leftovers
|upkeep
|turn|9
|j| Killer Phoen1x
|
|t:|1596859153
|switch|p1a: All Apologies|Ninetales, F, shiny|77/100 tox
|-weather|SunnyDay|[from] ability: Drought|[of] p1a: All Apologies
|move|p2a: Jirachi|Body Slam|p1a: All Apologies
|-damage|p1a: All Apologies|49/100 tox
|
|-weather|SunnyDay|[upkeep]
|-heal|p1a: All Apologies|55/100 tox|[from] item: Leftovers
|-damage|p1a: All Apologies|49/100 tox|[from] psn
|upkeep
|turn|10
|
|t:|1596859160
|switch|p1a: block watch|Xatu, M, shiny|100/100
|switch|p2a: Politoed|Politoed, M|100/100
|-weather|RainDance|[from] ability: Drizzle|[of] p2a: Politoed
|
|-weather|RainDance|[upkeep]
|upkeep
|turn|11
|
|t:|1596859164
|move|p1a: block watch|Thunder Wave|p2a: Politoed
|-status|p2a: Politoed|par
|move|p2a: Politoed|Scald|p1a: block watch
|-damage|p1a: block watch|50/100
|
|-weather|RainDance|[upkeep]
|upkeep
|turn|12
|
|t:|1596859175
|switch|p1a: Rotom|Rotom-Wash|81/100
|cant|p2a: Politoed|par
|
|-weather|RainDance|[upkeep]
|upkeep
|turn|13
|
|t:|1596859181
|move|p1a: Rotom|Volt Switch|p2a: Politoed
|-supereffective|p2a: Politoed
|-damage|p2a: Politoed|53/100 par
|
|t:|1596859196
|switch|p1a: no Eq daddy pls|Heatran, M, shiny|100/100|[from]move: Volt Switch
|cant|p2a: Politoed|par
|
|-weather|RainDance|[upkeep]
|-heal|p2a: Politoed|59/100 par|[from] item: Leftovers
|upkeep
|turn|14
|
|t:|1596859206
|move|p2a: Politoed|Protect|p2a: Politoed
|-singleturn|p2a: Politoed|Protect
|move|p1a: no Eq daddy pls|Earth Power|p2a: Politoed
|-activate|p2a: Politoed|move: Protect
|
|-weather|RainDance|[upkeep]
|-heal|p2a: Politoed|66/100 par|[from] item: Leftovers
|upkeep
|turn|15
|
|t:|1596859210
|switch|p1a: Rotom|Rotom-Wash|81/100
|move|p2a: Politoed|Scald|p1a: Rotom
|-resisted|p1a: Rotom
|-damage|p1a: Rotom|64/100
|-status|p1a: Rotom|brn
|
|-weather|RainDance|[upkeep]
|-heal|p2a: Politoed|72/100 par|[from] item: Leftovers
|-damage|p1a: Rotom|51/100 brn|[from] brn
|upkeep
|turn|16
|
|t:|1596859219
|switch|p2a: Breloom|Breloom, F|94/100 tox
|move|p1a: Rotom|Trick|p2a: Breloom
|-activate|p1a: Rotom|move: Trick|[of] p2a: Breloom
|-item|p2a: Breloom|Choice Scarf|[from] move: Trick
|-item|p1a: Rotom|Toxic Orb|[from] move: Trick
|
|-weather|RainDance|[upkeep]
|-heal|p2a: Breloom|100/100 tox|[from] ability: Poison Heal
|-damage|p1a: Rotom|39/100 brn|[from] brn
|upkeep
|turn|17
|
|t:|1596859233
|switch|p2a: Thundurus|Thundurus-Therian, M|100/100
|switch|p1a: block watch|Xatu, M, shiny|50/100
|
|-weather|RainDance|[upkeep]
|upkeep
|turn|18
|
|t:|1596859245
|switch|p1a: teh duck|Porygon2, shiny|100/100
|-ability|p1a: teh duck|Volt Absorb|[from] ability: Trace|[of] p2a: Thundurus
|move|p2a: Thundurus|Thunder|p1a: teh duck
|-immune|p1a: teh duck|[from] ability: Volt Absorb
|
|-weather|RainDance|[upkeep]
|upkeep
|turn|19
|c|☆jusuraveragenoob|o
|c|☆jusuraveragenoob|cool tech
|c|☆Excaliburn88|real good rubber ducky right there
|l| Killer Phoen1x
|c|☆jusuraveragenoob|unless this is very common and i just dont know the tier well enough
|c|☆Excaliburn88|not too much
|c|☆Excaliburn88|see more porygon z surprisingly
|c|☆jusuraveragenoob|yea theres a lot of lead porygon z for some reasons
|c|☆jusuraveragenoob|ran into 3 already
|c|☆Excaliburn88|really?
|c|☆jusuraveragenoob|yea
|c|☆Excaliburn88|I like 2 better
|c|☆jusuraveragenoob|one was specs and forgot what the other was
|c|☆jusuraveragenoob|didnt knwo the calcs so i stayed in with breloom and got ohkoed
|
|t:|1596859376
|switch|p2a: Jirachi|Jirachi|100/100
|move|p1a: teh duck|Tri Attack|p2a: Jirachi
|-resisted|p2a: Jirachi
|-damage|p2a: Jirachi|90/100
|
|-weather|RainDance|[upkeep]
|-heal|p2a: Jirachi|96/100|[from] item: Leftovers
|upkeep
|turn|20
|c|☆Excaliburn88|download is a good ability, but can be useless sometimes
|c|☆jusuraveragenoob|yea
|
|t:|1596859392
|switch|p1a: no Eq daddy pls|Heatran, M, shiny|100/100
|move|p2a: Jirachi|Body Slam|p1a: no Eq daddy pls
|-resisted|p1a: no Eq daddy pls
|-damage|p1a: no Eq daddy pls|93/100
|-status|p1a: no Eq daddy pls|par
|
|-weather|RainDance|[upkeep]
|-heal|p2a: Jirachi|100/100|[from] item: Leftovers
|-heal|p1a: no Eq daddy pls|99/100 par|[from] item: Leftovers
|upkeep
|turn|21
|
|t:|1596859413
|switch|p2a: Keldeo|Keldeo-Resolute|100/100
|switch|p1a: teh duck|Porygon2, shiny|100/100
|-ability|p1a: teh duck|Justified|[from] ability: Trace|[of] p2a: Keldeo
|
|-weather|RainDance|[upkeep]
|upkeep
|turn|22
|
|t:|1596859488
|switch|p2a: Tentacruel|Tentacruel, F|54/100
|move|p1a: teh duck|Thunderbolt|p2a: Tentacruel
|-supereffective|p2a: Tentacruel
|-damage|p2a: Tentacruel|11/100
|
|-weather|RainDance|[upkeep]
|-heal|p2a: Tentacruel|17/100|[from] ability: Rain Dish
|-heal|p2a: Tentacruel|23/100|[from] item: Black Sludge
|upkeep
|turn|23
|
|t:|1596859499
|switch|p1a: block watch|Xatu, M, shiny|50/100
|move|p2a: Tentacruel|Protect||[still]
|-fail|p2a: Tentacruel
|
|-weather|RainDance|[upkeep]
|-heal|p2a: Tentacruel|29/100|[from] ability: Rain Dish
|-heal|p2a: Tentacruel|35/100|[from] item: Black Sludge
|upkeep
|turn|24
|
|t:|1596859512
|switch|p2a: Thundurus|Thundurus-Therian, M|100/100
|move|p1a: block watch|Psychic|p2a: Thundurus
|-damage|p2a: Thundurus|60/100
|
|-weather|RainDance|[upkeep]
|-heal|p2a: Thundurus|66/100|[from] item: Leftovers
|upkeep
|turn|25
|
|t:|1596859521
|switch|p2a: Tentacruel|Tentacruel, F|35/100
|move|p1a: block watch|Confuse Ray|p2a: Tentacruel
|-start|p2a: Tentacruel|confusion
|
|-weather|RainDance|[upkeep]
|-heal|p2a: Tentacruel|41/100|[from] ability: Rain Dish
|-heal|p2a: Tentacruel|47/100|[from] item: Black Sludge
|upkeep
|turn|26
|
|t:|1596859528
|-activate|p2a: Tentacruel|confusion
|-damage|p2a: Tentacruel|41/100|[from] confusion
|move|p1a: block watch|Psychic|p2a: Tentacruel
|-supereffective|p2a: Tentacruel
|-damage|p2a: Tentacruel|0 fnt
|faint|p2a: Tentacruel
|
|-weather|RainDance|[upkeep]
|upkeep
|
|t:|1596859549
|switch|p2a: Thundurus|Thundurus-Therian, M|66/100
|turn|27
|
|t:|1596859553
|switch|p1a: teh duck|Porygon2, shiny|100/100
|-ability|p1a: teh duck|Volt Absorb|[from] ability: Trace|[of] p2a: Thundurus
|move|p2a: Thundurus|Nasty Plot|p2a: Thundurus
|-boost|p2a: Thundurus|spa|2
|
|-weather|RainDance|[upkeep]
|-heal|p2a: Thundurus|72/100|[from] item: Leftovers
|upkeep
|turn|28
|
|t:|1596859561
|move|p2a: Thundurus|Substitute|p2a: Thundurus
|-start|p2a: Thundurus|Substitute
|-damage|p2a: Thundurus|48/100
|move|p1a: teh duck|Tri Attack|p2a: Thundurus
|-end|p2a: Thundurus|Substitute
|
|-weather|RainDance|[upkeep]
|-heal|p2a: Thundurus|54/100|[from] item: Leftovers
|upkeep
|turn|29
|
|t:|1596859581
|switch|p2a: Jirachi|Jirachi|100/100
|move|p1a: teh duck|Tri Attack|p2a: Jirachi
|-resisted|p2a: Jirachi
|-damage|p2a: Jirachi|90/100
|
|-weather|RainDance|[upkeep]
|-heal|p2a: Jirachi|96/100|[from] item: Leftovers
|upkeep
|turn|30
|
|t:|1596859606
|move|p2a: Jirachi|Body Slam|p1a: teh duck
|-damage|p1a: teh duck|88/100
|move|p1a: teh duck|Tri Attack|p2a: Jirachi
|-resisted|p2a: Jirachi
|-damage|p2a: Jirachi|87/100
|-status|p2a: Jirachi|frz
|
|-weather|RainDance|[upkeep]
|-heal|p2a: Jirachi|93/100 frz|[from] item: Leftovers
|upkeep
|turn|31
|
|t:|1596859643
|switch|p1a: no Eq daddy pls|Heatran, M, shiny|99/100 par
|cant|p2a: Jirachi|frz
|
|-weather|RainDance|[upkeep]
|-heal|p2a: Jirachi|99/100 frz|[from] item: Leftovers
|-heal|p1a: no Eq daddy pls|100/100 par|[from] item: Leftovers
|upkeep
|turn|32
|
|t:|1596859659
|cant|p2a: Jirachi|frz
|cant|p1a: no Eq daddy pls|par
|
|-weather|RainDance|[upkeep]
|-heal|p2a: Jirachi|100/100 frz|[from] item: Leftovers
|upkeep
|turn|33
|
|t:|1596859673
|switch|p2a: Keldeo|Keldeo-Resolute|100/100
|move|p1a: no Eq daddy pls|Taunt|p2a: Keldeo
|-start|p2a: Keldeo|move: Taunt
|
|-weather|RainDance|[upkeep]
|upkeep
|turn|34
|
|t:|1596859680
|move|p1a: no Eq daddy pls|Protect|p1a: no Eq daddy pls
|-singleturn|p1a: no Eq daddy pls|Protect
|move|p2a: Keldeo|Hydro Pump|p1a: no Eq daddy pls
|-activate|p1a: no Eq daddy pls|move: Protect
|
|-weather|RainDance|[upkeep]
|upkeep
|turn|35
|
|t:|1596859710
|switch|p1a: Rotom|Rotom-Wash|39/100 brn
|move|p2a: Keldeo|Hydro Pump|p1a: Rotom
|-resisted|p1a: Rotom
|-damage|p1a: Rotom|0 fnt
|faint|p1a: Rotom
|
|-weather|RainDance|[upkeep]
|-end|p2a: Keldeo|move: Taunt
|upkeep
|
|t:|1596859720
|switch|p1a: :<|Hitmontop, M, shiny|100/100
|-ability|p1a: :<|Intimidate|boost
|-unboost|p2a: Keldeo|atk|1
|turn|36
|c|☆jusuraveragenoob|no idea what this guy does but im scared
|c|☆Excaliburn88|UU mons ftw
|
|t:|1596859765
|switch|p2a: Thundurus|Thundurus-Therian, M|54/100
|move|p1a: :<|Fake Out|p2a: Thundurus
|-damage|p2a: Thundurus|34/100
|
|-weather|RainDance|[upkeep]
|-heal|p2a: Thundurus|40/100|[from] item: Leftovers
|upkeep
|turn|37
|
|t:|1596859776
|move|p2a: Thundurus|Substitute|p2a: Thundurus
|-start|p2a: Thundurus|Substitute
|-damage|p2a: Thundurus|16/100
|move|p1a: :<|Close Combat|p2a: Thundurus
|-resisted|p2a: Thundurus
|-end|p2a: Thundurus|Substitute
|-unboost|p1a: :<|def|1
|-unboost|p1a: :<|spd|1
|
|-weather|RainDance|[upkeep]
|-heal|p2a: Thundurus|22/100|[from] item: Leftovers
|upkeep
|turn|38
|
|t:|1596859780
|move|p1a: :<|Sucker Punch|p2a: Thundurus
|-damage|p2a: Thundurus|0 fnt
|faint|p2a: Thundurus
|
|-weather|RainDance|[upkeep]
|upkeep
|c|☆jusuraveragenoob|ah you got me there
|c|☆Excaliburn88|good revenge killer
|c|☆Excaliburn88|in gen 5 anyway
|
|t:|1596859804
|switch|p2a: Keldeo|Keldeo-Resolute|100/100
|turn|39
|
|t:|1596859842
|move|p2a: Keldeo|Hydro Pump|p1a: :<
|-damage|p1a: :<|0 fnt
|faint|p1a: :<
|
|-weather|RainDance|[upkeep]
|upkeep
|
|t:|1596859845
|switch|p1a: All Apologies|Ninetales, F, shiny|49/100 tox
|-weather|SunnyDay|[from] ability: Drought|[of] p1a: All Apologies
|turn|40
|
|t:|1596859849
|switch|p2a: Politoed|Politoed, M|72/100 par
|-weather|RainDance|[from] ability: Drizzle|[of] p2a: Politoed
|switch|p1a: teh duck|Porygon2, shiny|88/100
|-ability|p1a: teh duck|Drizzle|[from] ability: Trace|[of] p2a: Politoed
|
|-weather|RainDance|[upkeep]
|-heal|p2a: Politoed|78/100 par|[from] item: Leftovers
|upkeep
|turn|41
|
|t:|1596859856
|move|p1a: teh duck|Thunderbolt|p2a: Politoed
|-supereffective|p2a: Politoed
|-damage|p2a: Politoed|32/100 par
|move|p2a: Politoed|Scald|p1a: teh duck
|-damage|p1a: teh duck|67/100
|
|-weather|RainDance|[upkeep]
|-heal|p2a: Politoed|39/100 par|[from] item: Leftovers
|upkeep
|turn|42
|
|t:|1596859869
|cant|p2a: Politoed|par
|move|p1a: teh duck|Thunderbolt|p2a: Politoed
|-supereffective|p2a: Politoed
|-damage|p2a: Politoed|0 fnt
|faint|p2a: Politoed
|
|-weather|RainDance|[upkeep]
|upkeep
|c|☆jusuraveragenoob|aw damn
|c|☆Excaliburn88|ye
|c|☆jusuraveragenoob|that might just be ggs
|c|☆Excaliburn88|don't give up
|
|t:|1596859896
|switch|p2a: Breloom|Breloom, F|100/100 tox
|turn|43
|c|☆Excaliburn88|don't come across people like you too often
|
|t:|1596859925
|switch|p2a: Keldeo|Keldeo-Resolute|100/100
|switch|p1a: block watch|Xatu, M, shiny|50/100
|
|-weather|RainDance|[upkeep]
|upkeep
|turn|44
|
|t:|1596859937
|switch|p1a: All Apologies|Ninetales, F, shiny|49/100 tox
|-weather|SunnyDay|[from] ability: Drought|[of] p1a: All Apologies
|move|p2a: Keldeo|Surf|p1a: All Apologies
|-supereffective|p1a: All Apologies
|-damage|p1a: All Apologies|0 fnt
|faint|p1a: All Apologies
|
|-weather|SunnyDay|[upkeep]
|upkeep
|
|t:|1596859949
|switch|p1a: teh duck|Porygon2, shiny|67/100
|-ability|p1a: teh duck|Justified|[from] ability: Trace|[of] p2a: Keldeo
|turn|45
|
|t:|1596859959
|switch|p2a: Breloom|Breloom, F|100/100 tox
|move|p1a: teh duck|Recover|p1a: teh duck
|-heal|p1a: teh duck|100/100
|
|-weather|SunnyDay|[upkeep]
|upkeep
|turn|46
|
|t:|1596859961
|switch|p1a: block watch|Xatu, M, shiny|50/100
|move|p2a: Breloom|Drain Punch|p1a: block watch
|-resisted|p1a: block watch
|-damage|p1a: block watch|43/100
|-damage|p2a: Breloom|84/100 tox|[from] item: Rocky Helmet|[of] p1a: block watch
|
|-weather|SunnyDay|[upkeep]
|-heal|p2a: Breloom|96/100 tox|[from] ability: Poison Heal
|upkeep
|turn|47
|
|t:|1596859972
|move|p2a: Breloom|Drain Punch|p1a: block watch
|-resisted|p1a: block watch
|-damage|p1a: block watch|36/100
|-heal|p2a: Breloom|100/100 tox|[from] drain|[of] p1a: block watch
|-damage|p2a: Breloom|84/100 tox|[from] item: Rocky Helmet|[of] p1a: block watch
|move|p1a: block watch|Confuse Ray|p2a: Breloom
|-start|p2a: Breloom|confusion
|
|-weather|SunnyDay|[upkeep]
|-heal|p2a: Breloom|96/100 tox|[from] ability: Poison Heal
|upkeep
|turn|48
|
|t:|1596859975
|switch|p2a: Jirachi|Jirachi|100/100 frz
|move|p1a: block watch|Roost|p1a: block watch
|-heal|p1a: block watch|86/100
|-singleturn|p1a: block watch|move: Roost
|
|-weather|SunnyDay|[upkeep]
|upkeep
|turn|49
|
|t:|1596859983
|cant|p2a: Jirachi|frz
|move|p1a: block watch|Confuse Ray|p2a: Jirachi
|-start|p2a: Jirachi|confusion
|
|-weather|SunnyDay|[upkeep]
|upkeep
|turn|50
|
|t:|1596859987
|switch|p1a: no Eq daddy pls|Heatran, M, shiny|100/100 par
|-curestatus|p2a: Jirachi|frz|[msg]
|-activate|p2a: Jirachi|confusion
|move|p2a: Jirachi|Stealth Rock|p1a: no Eq daddy pls
|-sidestart|p1: Excaliburn88|move: Stealth Rock
|
|-weather|SunnyDay|[upkeep]
|upkeep
|turn|51
|
|t:|1596860051
|switch|p2a: Breloom|Breloom, F|96/100 tox
|move|p1a: no Eq daddy pls|Lava Plume|p2a: Breloom
|-supereffective|p2a: Breloom
|-damage|p2a: Breloom|0 fnt
|faint|p2a: Breloom
|
|-weather|SunnyDay|[upkeep]
|upkeep
|
|t:|1596860053
|switch|p2a: Keldeo|Keldeo-Resolute|100/100
|turn|52
|
|t:|1596860088
|move|p1a: no Eq daddy pls|Protect|p1a: no Eq daddy pls
|-singleturn|p1a: no Eq daddy pls|Protect
|move|p2a: Keldeo|Secret Sword|p1a: no Eq daddy pls
|-activate|p1a: no Eq daddy pls|move: Protect
|
|-weather|SunnyDay|[upkeep]
|upkeep
|turn|53
|
|t:|1596860109
|move|p2a: Keldeo|Secret Sword|p1a: no Eq daddy pls
|-supereffective|p1a: no Eq daddy pls
|-crit|p1a: no Eq daddy pls
|-damage|p1a: no Eq daddy pls|0 fnt
|faint|p1a: no Eq daddy pls
|
|-weather|SunnyDay|[upkeep]
|upkeep
|
|t:|1596860114
|switch|p1a: block watch|Xatu, M, shiny|86/100
|-damage|p1a: block watch|61/100|[from] Stealth Rock
|turn|54
|
|t:|1596860119
|switch|p2a: Jirachi|Jirachi|100/100
|move|p1a: block watch|Thunder Wave|p2a: Jirachi
|-status|p2a: Jirachi|par
|
|-weather|SunnyDay|[upkeep]
|upkeep
|turn|55
|
|t:|1596860123
|move|p1a: block watch|Confuse Ray|p2a: Jirachi
|-start|p2a: Jirachi|confusion
|-activate|p2a: Jirachi|confusion
|cant|p2a: Jirachi|par
|
|-weather|SunnyDay|[upkeep]
|upkeep
|turn|56
|
|t:|1596860128
|move|p1a: block watch|Roost|p1a: block watch
|-heal|p1a: block watch|100/100
|-singleturn|p1a: block watch|move: Roost
|-end|p2a: Jirachi|confusion
|move|p2a: Jirachi|Body Slam|p1a: block watch
|-damage|p1a: block watch|82/100
|-status|p1a: block watch|par
|-damage|p2a: Jirachi|84/100 par|[from] item: Rocky Helmet|[of] p1a: block watch
|
|-weather|SunnyDay|[upkeep]
|-heal|p2a: Jirachi|90/100 par|[from] item: Leftovers
|upkeep
|turn|57
|
|t:|1596860136
|move|p2a: Jirachi|Wish|p2a: Jirachi
|cant|p1a: block watch|par
|
|-weather|SunnyDay|[upkeep]
|-heal|p2a: Jirachi|96/100 par|[from] item: Leftovers
|upkeep
|turn|58
|c|☆jusuraveragenoob|sorry on the crit i think spdef tran wouldve lived
|
|t:|1596860152
|cant|p2a: Jirachi|par
|cant|p1a: block watch|par
|
|-weather|SunnyDay|[upkeep]
|-heal|p2a: Jirachi|100/100 par|[from] move: Wish|[wisher] Jirachi
|upkeep
|turn|59
|c|☆Excaliburn88|eh, it happens
|
|t:|1596860173
|move|p2a: Jirachi|Iron Head|p1a: block watch
|-damage|p1a: block watch|56/100 par
|-damage|p2a: Jirachi|84/100 par|[from] item: Rocky Helmet|[of] p1a: block watch
|cant|p1a: block watch|flinch
|
|-weather|SunnyDay|[upkeep]
|-heal|p2a: Jirachi|90/100 par|[from] item: Leftovers
|upkeep
|turn|60
|c|☆jusuraveragenoob|yeah crit chances are a lot higher pre gen7
|c|☆jusuraveragenoob|didnt know abt it so i was hella confused at first
|c|☆jusuraveragenoob|"damn what is this luck, me & my opps be critting like every 5 turns"
|
|t:|1596860211
|move|p2a: Jirachi|Iron Head|p1a: block watch
|-damage|p1a: block watch|33/100 par
|-damage|p2a: Jirachi|74/100 par|[from] item: Rocky Helmet|[of] p1a: block watch
|move|p1a: block watch|Roost|p1a: block watch
|-heal|p1a: block watch|83/100 par
|-singleturn|p1a: block watch|move: Roost
|
|-weather|SunnyDay|[upkeep]
|-heal|p2a: Jirachi|80/100 par|[from] item: Leftovers
|upkeep
|turn|61
|c|☆Excaliburn88|yeah ikr
|c|☆Excaliburn88|still, gen 5 is my fav competitively
|
|t:|1596860248
|move|p2a: Jirachi|Iron Head|p1a: block watch
|-damage|p1a: block watch|59/100 par
|-damage|p2a: Jirachi|63/100 par|[from] item: Rocky Helmet|[of] p1a: block watch
|move|p1a: block watch|Confuse Ray|p2a: Jirachi
|-start|p2a: Jirachi|confusion
|
|-weather|SunnyDay|[upkeep]
|-heal|p2a: Jirachi|69/100 par|[from] item: Leftovers
|upkeep
|turn|62
|c|☆jusuraveragenoob|i been interested in bw for quite a while
|c|☆jusuraveragenoob|started playing today
|
|t:|1596860265
|-activate|p2a: Jirachi|confusion
|-damage|p2a: Jirachi|61/100 par|[from] confusion
|move|p1a: block watch|Roost|p1a: block watch
|-heal|p1a: block watch|100/100 par
|-singleturn|p1a: block watch|move: Roost
|
|-weather|SunnyDay|[upkeep]
|-heal|p2a: Jirachi|67/100 par|[from] item: Leftovers
|upkeep
|turn|63
|
|t:|1596860272
|-activate|p2a: Jirachi|confusion
|-damage|p2a: Jirachi|60/100 par|[from] confusion
|move|p1a: block watch|Psychic|p2a: Jirachi
|-resisted|p2a: Jirachi
|-damage|p2a: Jirachi|55/100 par
|
|-weather|SunnyDay|[upkeep]
|-heal|p2a: Jirachi|62/100 par|[from] item: Leftovers
|upkeep
|turn|64
|
|t:|1596860278
|-end|p2a: Jirachi|confusion
|move|p2a: Jirachi|Wish|p2a: Jirachi
|move|p1a: block watch|Psychic|p2a: Jirachi
|-resisted|p2a: Jirachi
|-damage|p2a: Jirachi|57/100 par
|
|-weather|SunnyDay|[upkeep]
|-heal|p2a: Jirachi|64/100 par|[from] item: Leftovers
|upkeep
|turn|65
|
|t:|1596860291
|move|p2a: Jirachi|Iron Head|p1a: block watch
|-damage|p1a: block watch|73/100 par
|-damage|p2a: Jirachi|47/100 par|[from] item: Rocky Helmet|[of] p1a: block watch
|cant|p1a: block watch|flinch
|
|-weather|SunnyDay|[upkeep]
|-heal|p2a: Jirachi|97/100 par|[from] move: Wish|[wisher] Jirachi
|-heal|p2a: Jirachi|100/100 par|[from] item: Leftovers
|upkeep
|turn|66
|c|☆jusuraveragenoob|dont know meta well enough to build my own team tho
|
|t:|1596860316
|move|p2a: Jirachi|Iron Head|p1a: block watch
|-damage|p1a: block watch|49/100 par
|-damage|p2a: Jirachi|84/100 par|[from] item: Rocky Helmet|[of] p1a: block watch
|cant|p1a: block watch|par
|
|-weather|SunnyDay|[upkeep]
|-heal|p2a: Jirachi|90/100 par|[from] item: Leftovers
|upkeep
|turn|67
|c|☆Excaliburn88|rain reins supreme here
|
|t:|1596860331
|move|p2a: Jirachi|Iron Head|p1a: block watch
|-damage|p1a: block watch|22/100 par
|-damage|p2a: Jirachi|74/100 par|[from] item: Rocky Helmet|[of] p1a: block watch
|cant|p1a: block watch|flinch
|
|-weather|SunnyDay|[upkeep]
|-heal|p2a: Jirachi|80/100 par|[from] item: Leftovers
|upkeep
|turn|68
|c|☆jusuraveragenoob|sands also quite nice it seems
|c|☆jusuraveragenoob|lati looks so scary
|
|t:|1596860342
|move|p2a: Jirachi|Iron Head|p1a: block watch
|-damage|p1a: block watch|0 fnt
|-damage|p2a: Jirachi|63/100 par|[from] item: Rocky Helmet|[of] p1a: block watch
|faint|p1a: block watch
|
|-weather|SunnyDay|[upkeep]
|-heal|p2a: Jirachi|69/100 par|[from] item: Leftovers
|upkeep
|
|t:|1596860347
|switch|p1a: teh duck|Porygon2, shiny|100/100
|-damage|p1a: teh duck|88/100|[from] Stealth Rock
|-ability|p1a: teh duck|Serene Grace|[from] ability: Trace|[of] p2a: Jirachi
|turn|69
|c|☆jusuraveragenoob|oh noes serene grace tri attack
|
|t:|1596860364
|move|p1a: teh duck|Thunderbolt|p2a: Jirachi
|-damage|p2a: Jirachi|54/100 par
|move|p2a: Jirachi|Body Slam|p1a: teh duck
|-damage|p1a: teh duck|75/100
|-status|p1a: teh duck|par
|
|-weather|SunnyDay|[upkeep]
|-heal|p2a: Jirachi|60/100 par|[from] item: Leftovers
|upkeep
|turn|70
|c|☆Excaliburn88|don't matter now
|c|☆Excaliburn88|ur already para
|
|t:|1596860378
|move|p2a: Jirachi|Wish|p2a: Jirachi
|move|p1a: teh duck|Thunderbolt|p2a: Jirachi
|-crit|p2a: Jirachi
|-damage|p2a: Jirachi|26/100 par
|
|-weather|SunnyDay|[upkeep]
|-heal|p2a: Jirachi|32/100 par|[from] item: Leftovers
|upkeep
|turn|71
|c|☆jusuraveragenoob|pretty sure you live kelds secret sword
|c|☆jusuraveragenoob|so who knows
|
|t:|1596860390
|move|p2a: Jirachi|Iron Head|p1a: teh duck
|-damage|p1a: teh duck|55/100 par
|cant|p1a: teh duck|flinch
|
|-weather|SunnyDay|[upkeep]
|-heal|p2a: Jirachi|82/100 par|[from] move: Wish|[wisher] Jirachi
|-heal|p2a: Jirachi|89/100 par|[from] item: Leftovers
|upkeep
|turn|72
|c|☆Excaliburn88|para tho
|
|t:|1596860396
|move|p2a: Jirachi|Iron Head|p1a: teh duck
|-damage|p1a: teh duck|35/100 par
|cant|p1a: teh duck|flinch
|
|-weather|SunnyDay|[upkeep]
|-heal|p2a: Jirachi|95/100 par|[from] item: Leftovers
|upkeep
|turn|73
|c|☆jusuraveragenoob|thats true
|
|t:|1596860402
|move|p2a: Jirachi|Iron Head|p1a: teh duck
|-crit|p1a: teh duck
|-damage|p1a: teh duck|0 fnt
|faint|p1a: teh duck
|
|win|jusuraveragenoob
|c|☆jusuraveragenoob|ah
|raw|Excaliburn88's rating: 1549 &rarr; <strong>1523</strong><br />(-26 for losing)
|raw|jusuraveragenoob's rating: 1436 &rarr; <strong>1463</strong><br />(+27 for winning)
|c|☆jusuraveragenoob|ggs
|c|☆Excaliburn88|gg
|c|☆jusuraveragenoob|sorry for the hax man
|c|☆Excaliburn88|it always happens :)
