|j|☆Gen5OU.AntiMeta
|j|☆HydreigonSpammer
|t:|1733943903
|gametype|singles
|player|p1|Gen5OU.AntiMeta|cyrus|1328
|player|p2|HydreigonSpammer|veteranf|1283
|teamsize|p1|6
|teamsize|p2|6
|gen|5
|tier|[Gen 5] OU
|rated|
|rule|Species Clause: Limit one of each Pokémon
|rule|OHKO Clause: OHKO moves are banned
|rule|Moody Clause: Moody is banned
|rule|Evasion Items Clause: Evasion items are banned
|rule|Evasion Moves Clause: Evasion moves are banned
|rule|Endless Battle Clause: Forcing endless battles is banned
|rule|HP Percentage Mod: HP is shown in percentages
|rule|Evasion Abilities Clause: Evasion abilities are banned
|rule|Sleep Moves Clause: Sleep-inducing moves are banned
|rule|Swagger Clause: Swagger is banned
|rule|Baton Pass Stat Clause: No Baton Passer may have a way to boost its stats
|clearpoke
|poke|p1|Blissey, F|item
|poke|p1|Mamoswine, F|item
|poke|p1|Excadrill, F|item
|poke|p1|Suicune|item
|poke|p1|Garchomp, M|item
|poke|p1|Gyarados, M|item
|poke|p2|Politoed, M|item
|poke|p2|Volcarona, M|item
|poke|p2|Garchomp, F|item
|poke|p2|Latios, M|item
|poke|p2|Tornadus, M|item
|poke|p2|Starmie|item
|teampreview
|inactive|Battle timer is ON: inactive players will automatically lose when time's up. (requested by Gen5OU.AntiMeta)
|
|t:|1733943918
|start
|switch|p1a: alpha.|Blissey, F, shiny|100/100
|switch|p2a: Politoed|Politoed, M|100/100
|-weather|RainDance|[from] ability: Drizzle|[of] p2a: Politoed
|turn|1
|
|t:|1733943926
|switch|p2a: Garchomp|Garchomp, F|100/100
|move|p1a: alpha.|Thunder Wave|p2a: Garchomp
|-immune|p2a: Garchomp
|
|-weather|RainDance|[upkeep]
|upkeep
|turn|2
|
|t:|1733943938
|switch|p1a: Suicune|Suicune|100/100
|-ability|p1a: Suicune|Pressure
|move|p2a: Garchomp|Stealth Rock|p1a: Suicune
|-sidestart|p1: Gen5OU.AntiMeta|move: Stealth Rock
|
|-weather|RainDance|[upkeep]
|upkeep
|turn|3
|
|t:|1733943951
|switch|p2a: Latios|Latios, M|100/100
|move|p1a: Suicune|Ice Beam|p2a: Latios
|-supereffective|p2a: Latios
|-damage|p2a: Latios|59/100
|
|-weather|RainDance|[upkeep]
|upkeep
|turn|4
|
|t:|1733943956
|switch|p1a: alpha.|Blissey, F, shiny|100/100
|-damage|p1a: alpha.|88/100|[from] Stealth Rock
|move|p2a: Latios|Thunder|p1a: alpha.
|-damage|p1a: alpha.|72/100
|-status|p1a: alpha.|par
|
|-weather|RainDance|[upkeep]
|-heal|p1a: alpha.|79/100 par|[from] item: Leftovers
|upkeep
|turn|5
|
|t:|1733943961
|switch|p2a: Garchomp|Garchomp, F|100/100
|cant|p1a: alpha.|par
|
|-weather|RainDance|[upkeep]
|-heal|p1a: alpha.|85/100 par|[from] item: Leftovers
|upkeep
|turn|6
|
|t:|1733943965
|move|p2a: Garchomp|Swords Dance|p2a: Garchomp
|-boost|p2a: Garchomp|atk|2
|cant|p1a: alpha.|par
|
|-weather|RainDance|[upkeep]
|-heal|p1a: alpha.|91/100 par|[from] item: Leftovers
|upkeep
|turn|7
|
|t:|1733943970
|move|p2a: Garchomp|Earthquake|p1a: alpha.
|-damage|p1a: alpha.|5/100 par
|move|p1a: alpha.|Stealth Rock|p2a: Garchomp
|-sidestart|p2: HydreigonSpammer|move: Stealth Rock
|
|-weather|RainDance|[upkeep]
|-heal|p1a: alpha.|11/100 par|[from] item: Leftovers
|upkeep
|turn|8
|
|t:|1733943981
|move|p2a: Garchomp|Aqua Tail|p1a: alpha.
|-damage|p1a: alpha.|0 fnt
|faint|p1a: alpha.
|
|-weather|RainDance|[upkeep]
|upkeep
|
|t:|1733944000
|switch|p1a: Suicune|Suicune|100/100
|-damage|p1a: Suicune|88/100|[from] Stealth Rock
|-ability|p1a: Suicune|Pressure
|turn|9
|
|t:|1733944005
|move|p2a: Garchomp|Earthquake|p1a: Suicune
|-damage|p1a: Suicune|29/100
|move|p1a: Suicune|Ice Beam|p2a: Garchomp
|-supereffective|p2a: Garchomp
|-damage|p2a: Garchomp|14/100
|
|-weather|RainDance|[upkeep]
|-heal|p1a: Suicune|35/100|[from] item: Leftovers
|upkeep
|turn|10
|
|t:|1733944014
|move|p2a: Garchomp|Earthquake|p1a: Suicune
|-damage|p1a: Suicune|0 fnt
|faint|p1a: Suicune
|
|-weather|RainDance|[upkeep]
|upkeep
|
|t:|1733944016
|switch|p1a: xio ling.|Mamoswine, F, shiny|100/100
|-damage|p1a: xio ling.|88/100|[from] Stealth Rock
|turn|11
|
|t:|1733944022
|move|p1a: xio ling.|Ice Shard|p2a: Garchomp
|-supereffective|p2a: Garchomp
|-damage|p2a: Garchomp|0 fnt
|faint|p2a: Garchomp
|
|-weather|RainDance|[upkeep]
|upkeep
|-message|Gen5OU.AntiMeta forfeited.
|
|win|HydreigonSpammer
|raw|Gen5OU.AntiMeta's rating: 1328 &rarr; <strong>1305</strong><br />(-23 for losing)
|raw|HydreigonSpammer's rating: 1283 &rarr; <strong>1311</strong><br />(+28 for winning)
|l|☆Gen5OU.AntiMeta
|player|p1|
