|j|☆SattleBimulator
|j|☆Doge248
|t:|1735758234
|gametype|singles
|player|p1|SattleBimulator|101|1378
|player|p2|Doge248|unknown|1376
|teamsize|p1|6
|teamsize|p2|6
|gen|5
|tier|[Gen 5] OU
|rated|
|rule|Species Clause: Limit one of each Pokémon
|rule|OHKO Clause: OHKO moves are banned
|rule|Moody Clause: Moody is banned
|rule|Evasion Items Clause: Evasion items are banned
|rule|Evasion Moves Clause: Evasion moves are banned
|rule|Endless Battle Clause: Forcing endless battles is banned
|rule|HP Percentage Mod: HP is shown in percentages
|rule|Evasion Abilities Clause: Evasion abilities are banned
|rule|Sleep Moves Clause: Sleep-inducing moves are banned
|rule|Swagger Clause: Swagger is banned
|rule|Baton Pass Stat Clause: No Baton Passer may have a way to boost its stats
|clearpoke
|poke|p1|Tyranitar, F|item
|poke|p1|Mamoswine, F|item
|poke|p1|Keldeo|item
|poke|p1|Amoonguss, M|item
|poke|p1|Gliscor, M|item
|poke|p1|Excadrill, M|item
|poke|p2|Ferrothorn, F|item
|poke|p2|Politoed, M|item
|poke|p2|Starmie|item
|poke|p2|Keldeo|item
|poke|p2|Thundurus-Therian, M|item
|poke|p2|Kyurem-Black|item
|teampreview
|inactive|Battle timer is ON: inactive players will automatically lose when time's up. (requested by SattleBimulator)
|
|t:|1735758264
|start
|switch|p1a: Keldeo|Keldeo|100/100
|switch|p2a: Kyurem|Kyurem-Black|100/100
|-ability|p2a: Kyurem|Teravolt
|turn|1
|
|t:|1735758272
|switch|p2a: Starmie|Starmie|100/100
|-item|p2a: Starmie|Air Balloon
|move|p1a: Keldeo|Hidden Power|p2a: Starmie
|-resisted|p2a: Starmie
|-damage|p2a: Starmie|82/100
|-enditem|p2a: Starmie|Air Balloon
|
|upkeep
|turn|2
|
|t:|1735758277
|switch|p1a: Amoonguss|Amoonguss, M|100/100
|move|p2a: Starmie|Ice Beam|p1a: Amoonguss
|-supereffective|p1a: Amoonguss
|-damage|p1a: Amoonguss|49/100
|
|-heal|p1a: Amoonguss|55/100|[from] item: Black Sludge
|upkeep
|turn|3
|
|t:|1735758286
|switch|p2a: Ferrothorn|Ferrothorn, F|100/100
|move|p1a: Amoonguss|Giga Drain|p2a: Ferrothorn
|-resisted|p2a: Ferrothorn
|-damage|p2a: Ferrothorn|97/100
|-heal|p1a: Amoonguss|56/100|[from] drain|[of] p2a: Ferrothorn
|
|-heal|p1a: Amoonguss|62/100|[from] item: Black Sludge
|upkeep
|turn|4
|j| Blaise BWOU
|
|t:|1735758289
|move|p1a: Amoonguss|Stun Spore|p2a: Ferrothorn|[miss]
|-miss|p1a: Amoonguss|p2a: Ferrothorn
|move|p2a: Ferrothorn|Stealth Rock|p1a: Amoonguss
|-sidestart|p1: SattleBimulator|move: Stealth Rock
|
|-heal|p1a: Amoonguss|68/100|[from] item: Black Sludge
|upkeep
|turn|5
|
|t:|1735758298
|switch|p2a: Keldeo|Keldeo|100/100
|move|p1a: Amoonguss|Stun Spore|p2a: Keldeo
|-status|p2a: Keldeo|par
|
|-heal|p1a: Amoonguss|74/100|[from] item: Black Sludge
|upkeep
|turn|6
|
|t:|1735758304
|switch|p2a: Politoed|Politoed, M|100/100
|-weather|RainDance|[from] ability: Drizzle|[of] p2a: Politoed
|move|p1a: Amoonguss|Giga Drain|p2a: Politoed
|-supereffective|p2a: Politoed
|-damage|p2a: Politoed|64/100
|-heal|p1a: Amoonguss|91/100|[from] drain|[of] p2a: Politoed
|
|-weather|RainDance|[upkeep]
|-heal|p2a: Politoed|70/100|[from] item: Leftovers
|-heal|p1a: Amoonguss|97/100|[from] item: Black Sludge
|upkeep
|turn|7
|
|t:|1735758308
|switch|p2a: Thundurus|Thundurus-Therian, M|100/100
|move|p1a: Amoonguss|Stun Spore|p2a: Thundurus
|-status|p2a: Thundurus|par
|
|-weather|RainDance|[upkeep]
|-heal|p1a: Amoonguss|100/100|[from] item: Black Sludge
|upkeep
|turn|8
|
|t:|1735758318
|switch|p1a: Tyranitar|Tyranitar, F|100/100
|-damage|p1a: Tyranitar|88/100|[from] Stealth Rock
|-weather|Sandstorm|[from] ability: Sand Stream|[of] p1a: Tyranitar
|move|p2a: Thundurus|Thunder|p1a: Tyranitar
|-damage|p1a: Tyranitar|49/100
|
|-weather|Sandstorm|[upkeep]
|-damage|p2a: Thundurus|94/100 par|[from] Sandstorm
|-heal|p2a: Thundurus|100/100 par|[from] item: Leftovers
|upkeep
|turn|9
|
|t:|1735758326
|-activate|p2a: Thundurus|move: Pursuit
|move|p1a: Tyranitar|Pursuit|p2a: Thundurus|[from]Pursuit
|-damage|p2a: Thundurus|43/100 par
|switch|p2a: Politoed|Politoed, M|70/100
|-weather|RainDance|[from] ability: Drizzle|[of] p2a: Politoed
|
|-weather|RainDance|[upkeep]
|-heal|p2a: Politoed|77/100|[from] item: Leftovers
|upkeep
|turn|10
|
|t:|1735758336
|switch|p2a: Ferrothorn|Ferrothorn, F|97/100
|switch|p1a: Amoonguss|Amoonguss, M|100/100
|-damage|p1a: Amoonguss|88/100|[from] Stealth Rock
|
|-weather|RainDance|[upkeep]
|-heal|p1a: Amoonguss|94/100|[from] item: Black Sludge
|upkeep
|turn|11
|
|t:|1735758343
|move|p1a: Amoonguss|Stun Spore|p2a: Ferrothorn|[miss]
|-miss|p1a: Amoonguss|p2a: Ferrothorn
|move|p2a: Ferrothorn|Spikes|p1a: Amoonguss
|-sidestart|p1: SattleBimulator|Spikes
|
|-weather|RainDance|[upkeep]
|-heal|p1a: Amoonguss|99/100|[from] item: Black Sludge
|upkeep
|turn|12
|
|t:|1735758345
|move|p1a: Amoonguss|Stun Spore|p2a: Ferrothorn
|-status|p2a: Ferrothorn|par
|move|p2a: Ferrothorn|Spikes|p1a: Amoonguss
|-sidestart|p1: SattleBimulator|Spikes
|
|-weather|RainDance|[upkeep]
|-heal|p1a: Amoonguss|100/100|[from] item: Black Sludge
|upkeep
|turn|13
|
|t:|1735758348
|move|p1a: Amoonguss|Hidden Power|p2a: Ferrothorn
|-supereffective|p2a: Ferrothorn
|-damage|p2a: Ferrothorn|80/100 par
|move|p2a: Ferrothorn|Spikes|p1a: Amoonguss
|-sidestart|p1: SattleBimulator|Spikes
|
|-weather|RainDance|[upkeep]
|upkeep
|turn|14
|
|t:|1735758351
|move|p1a: Amoonguss|Hidden Power|p2a: Ferrothorn
|-supereffective|p2a: Ferrothorn
|-damage|p2a: Ferrothorn|63/100 par
|move|p2a: Ferrothorn|Knock Off|p1a: Amoonguss
|-damage|p1a: Amoonguss|96/100
|-enditem|p1a: Amoonguss|Black Sludge|[from] move: Knock Off|[of] p2a: Ferrothorn
|
|-weather|RainDance|[upkeep]
|upkeep
|turn|15
|
|t:|1735758357
|switch|p1a: Excadrill|Excadrill, M|100/100
|-damage|p1a: Excadrill|97/100|[from] Stealth Rock
|-damage|p1a: Excadrill|72/100|[from] Spikes
|-ability|p1a: Excadrill|Mold Breaker
|switch|p2a: Kyurem|Kyurem-Black|100/100
|-ability|p2a: Kyurem|Teravolt
|
|-weather|RainDance|[upkeep]
|-heal|p1a: Excadrill|79/100|[from] item: Leftovers
|upkeep
|turn|16
|
|t:|1735758364
|move|p1a: Excadrill|Rapid Spin|p2a: Kyurem
|-crit|p2a: Kyurem
|-damage|p2a: Kyurem|89/100
|-sideend|p1: SattleBimulator|Spikes|[from] move: Rapid Spin|[of] p1a: Excadrill
|-sideend|p1: SattleBimulator|Stealth Rock|[from] move: Rapid Spin|[of] p1a: Excadrill
|move|p2a: Kyurem|Earth Power|p1a: Excadrill
|-supereffective|p1a: Excadrill
|-damage|p1a: Excadrill|13/100
|
|-weather|RainDance|[upkeep]
|-heal|p1a: Excadrill|19/100|[from] item: Leftovers
|-heal|p2a: Kyurem|95/100|[from] item: Leftovers
|upkeep
|turn|17
|
|t:|1735758370
|switch|p2a: Ferrothorn|Ferrothorn, F|63/100 par
|move|p1a: Excadrill|Iron Head|p2a: Ferrothorn
|-resisted|p2a: Ferrothorn
|-damage|p2a: Ferrothorn|49/100 par
|-damage|p1a: Excadrill|7/100|[from] ability: Iron Barbs|[of] p2a: Ferrothorn
|
|-weather|RainDance|[upkeep]
|-heal|p1a: Excadrill|13/100|[from] item: Leftovers
|upkeep
|turn|18
|
|t:|1735758373
|move|p1a: Excadrill|Earthquake|p2a: Ferrothorn
|-damage|p2a: Ferrothorn|14/100 par
|move|p2a: Ferrothorn|Stealth Rock|p1a: Excadrill
|-sidestart|p1: SattleBimulator|move: Stealth Rock
|
|-weather|RainDance|[upkeep]
|-heal|p1a: Excadrill|19/100|[from] item: Leftovers
|upkeep
|turn|19
|
|t:|1735758377
|switch|p2a: Starmie|Starmie|82/100
|move|p1a: Excadrill|Earthquake|p2a: Starmie
|-damage|p2a: Starmie|19/100
|
|-weather|RainDance|[upkeep]
|-heal|p1a: Excadrill|25/100|[from] item: Leftovers
|upkeep
|turn|20
|
|t:|1735758382
|move|p1a: Excadrill|Protect|p1a: Excadrill
|-singleturn|p1a: Excadrill|Protect
|move|p2a: Starmie|Ice Beam|p1a: Excadrill
|-activate|p1a: Excadrill|move: Protect
|
|-weather|RainDance|[upkeep]
|-heal|p1a: Excadrill|31/100|[from] item: Leftovers
|upkeep
|turn|21
|
|t:|1735758394
|switch|p2a: Ferrothorn|Ferrothorn, F|14/100 par
|switch|p1a: Tyranitar|Tyranitar, F|49/100
|-damage|p1a: Tyranitar|36/100|[from] Stealth Rock
|-weather|Sandstorm|[from] ability: Sand Stream|[of] p1a: Tyranitar
|
|-weather|Sandstorm|[upkeep]
|upkeep
|turn|22
|
|t:|1735758399
|move|p1a: Tyranitar|Flamethrower|p2a: Ferrothorn
|-supereffective|p2a: Ferrothorn
|-crit|p2a: Ferrothorn
|-damage|p2a: Ferrothorn|0 fnt
|faint|p2a: Ferrothorn
|
|-weather|Sandstorm|[upkeep]
|upkeep
|
|t:|1735758401
|switch|p2a: Politoed|Politoed, M|77/100
|-weather|RainDance|[from] ability: Drizzle|[of] p2a: Politoed
|turn|23
|
|t:|1735758405
|switch|p2a: Kyurem|Kyurem-Black|95/100
|-ability|p2a: Kyurem|Teravolt
|move|p1a: Tyranitar|Thunder Wave|p2a: Kyurem
|-status|p2a: Kyurem|par
|
|-weather|RainDance|[upkeep]
|-heal|p2a: Kyurem|100/100 par|[from] item: Leftovers
|upkeep
|turn|24
|-message|Doge248 forfeited.
|
|win|SattleBimulator
|raw|SattleBimulator's rating: 1378 &rarr; <strong>1398</strong><br />(+20 for winning)
|raw|Doge248's rating: 1376 &rarr; <strong>1356</strong><br />(-20 for losing)
|l|☆Doge248
|player|p2|
