|j|☆infiniteline
|j|☆The Shape Of Voice
|player|p1|infiniteline|1|1453
|player|p2|The Shape Of Voice|clerkf|1297
|teamsize|p1|6
|teamsize|p2|6
|gametype|singles
|gen|5
|tier|[Gen 5] OU
|rated|
|clearpoke
|poke|p1|Tyranitar, F|item
|poke|p1|Excadrill, F|item
|poke|p1|Slowbro, F|item
|poke|p1|Amoonguss, F|item
|poke|p1|Landorus-Therian, M|item
|poke|p1|Clefable, M|item
|poke|p2|Starmie|item
|poke|p2|Tornadus, M|item
|poke|p2|Politoed, M|item
|poke|p2|Latios, M|item
|poke|p2|Keldeo|item
|poke|p2|Ferrothorn, F|item
|rule|Species Clause: Limit one of each Pokémon
|rule|OHKO Clause: OHKO moves are banned
|rule|Moody Clause: Moody is banned
|rule|Evasion Moves Clause: Evasion moves are banned
|rule|Endless Battle Clause: Forcing endless battles is banned
|rule|HP Percentage Mod: HP is shown in percentages
|rule|Evasion Abilities Clause: Evasion abilities are banned
|rule|Baton Pass Clause: Limit one Baton Passer, can't pass Spe and other stats simultaneously
|rule|Sleep Clause: Sleep-inducing moves are banned
|rule|Swagger Clause: Swagger is banned
|teampreview
|
|start
|switch|p1a: Tyranitar|Tyranitar, F|100/100
|switch|p2a: Starmie|Starmie|100/100
|-weather|Sandstorm|[from] ability: Sand Stream|[of] p1a: Tyranitar
|turn|1
|
|move|p2a: Starmie|Surf|p1a: Tyranitar
|-supereffective|p1a: Tyranitar
|-damage|p1a: Tyranitar|50/100
|move|p1a: Tyranitar|Crunch|p2a: Starmie
|-supereffective|p2a: Starmie
|-damage|p2a: Starmie|1/100
|-unboost|p2a: Starmie|def|1
|
|-weather|Sandstorm|[upkeep]
|-damage|p2a: Starmie|0 fnt|[from] Sandstorm
|faint|p2a: Starmie
|upkeep
|
|switch|p2a: Politoed|Politoed, M|100/100
|-weather|RainDance|[from] ability: Drizzle|[of] p2a: Politoed
|turn|2
|
|switch|p1a: Clefable|Clefable, M|100/100
|move|p2a: Politoed|Scald|p1a: Clefable
|-damage|p1a: Clefable|17/100
|
|-weather|RainDance|[upkeep]
|upkeep
|turn|3
|
|switch|p1a: Amoonguss|Amoonguss, F|100/100
|move|p2a: Politoed|Scald|p1a: Amoonguss
|-resisted|p1a: Amoonguss
|-damage|p1a: Amoonguss|72/100
|-status|p1a: Amoonguss|brn
|
|-weather|RainDance|[upkeep]
|-heal|p1a: Amoonguss|78/100 brn|[from] item: Black Sludge
|-damage|p1a: Amoonguss|66/100 brn|[from] brn
|upkeep
|turn|4
|
|switch|p2a: Ferrothorn|Ferrothorn, F|100/100
|switch|p1a: Tyranitar|Tyranitar, F|50/100
|-weather|Sandstorm|[from] ability: Sand Stream|[of] p1a: Tyranitar
|
|-weather|Sandstorm|[upkeep]
|upkeep
|turn|5
|
|move|p1a: Tyranitar|Fire Blast|p2a: Ferrothorn
|-supereffective|p2a: Ferrothorn
|-damage|p2a: Ferrothorn|19/100
|move|p2a: Ferrothorn|Stealth Rock|p1a: Tyranitar
|-sidestart|p1: infiniteline|move: Stealth Rock
|
|-weather|Sandstorm|[upkeep]
|-heal|p2a: Ferrothorn|25/100|[from] item: Leftovers
|upkeep
|turn|6
|
|switch|p2a: Politoed|Politoed, M|100/100
|-weather|RainDance|[from] ability: Drizzle|[of] p2a: Politoed
|move|p1a: Tyranitar|Stealth Rock|p2a: Politoed
|-sidestart|p2: The Shape Of Voice|move: Stealth Rock
|
|-weather|RainDance|[upkeep]
|upkeep
|turn|7
|
|switch|p1a: Amoonguss|Amoonguss, F|99/100 brn
|-damage|p1a: Amoonguss|87/100 brn|[from] Stealth Rock
|move|p2a: Politoed|Scald|p1a: Amoonguss
|-resisted|p1a: Amoonguss
|-damage|p1a: Amoonguss|58/100 brn
|
|-weather|RainDance|[upkeep]
|-heal|p1a: Amoonguss|64/100 brn|[from] item: Black Sludge
|-damage|p1a: Amoonguss|52/100 brn|[from] brn
|upkeep
|turn|8
|
|switch|p2a: Ferrothorn|Ferrothorn, F|25/100
|-damage|p2a: Ferrothorn|19/100|[from] Stealth Rock
|move|p1a: Amoonguss|Hidden Power|p2a: Ferrothorn
|-supereffective|p2a: Ferrothorn
|-damage|p2a: Ferrothorn|0 fnt
|faint|p2a: Ferrothorn
|
|-weather|RainDance|[upkeep]
|-heal|p1a: Amoonguss|58/100 brn|[from] item: Black Sludge
|-damage|p1a: Amoonguss|46/100 brn|[from] brn
|upkeep
|
|switch|p2a: Latios|Latios, M|100/100
|-damage|p2a: Latios|88/100|[from] Stealth Rock
|turn|9
|
|switch|p1a: Clefable|Clefable, M|17/100
|move|p2a: Latios|Surf|p1a: Clefable
|-damage|p1a: Clefable|0 fnt
|faint|p1a: Clefable
|
|-weather|RainDance|[upkeep]
|upkeep
|
|switch|p1a: Slowbro|Slowbro, F|100/100
|-damage|p1a: Slowbro|88/100|[from] Stealth Rock
|turn|10
|
|switch|p2a: Tornadus|Tornadus, M|100/100
|-damage|p2a: Tornadus|76/100|[from] Stealth Rock
|move|p1a: Slowbro|Scald|p2a: Tornadus
|-damage|p2a: Tornadus|16/100
|
|-weather|RainDance|[upkeep]
|-heal|p1a: Slowbro|94/100|[from] item: Leftovers
|upkeep
|turn|11
|
|move|p2a: Tornadus|Hurricane|p1a: Slowbro
|-damage|p1a: Slowbro|3/100
|move|p1a: Slowbro|Scald|p2a: Tornadus
|-damage|p2a: Tornadus|0 fnt
|faint|p2a: Tornadus
|
|-weather|RainDance|[upkeep]
|-heal|p1a: Slowbro|9/100|[from] item: Leftovers
|upkeep
|
|switch|p2a: Latios|Latios, M|88/100
|-damage|p2a: Latios|76/100|[from] Stealth Rock
|turn|12
|
|switch|p1a: Landorus|Landorus-Therian, M|100/100
|-damage|p1a: Landorus|88/100|[from] Stealth Rock
|-ability|p1a: Landorus|Intimidate|boost
|-unboost|p2a: Latios|atk|1
|move|p2a: Latios|Surf|p1a: Landorus
|-supereffective|p1a: Landorus
|-damage|p1a: Landorus|0 fnt
|faint|p1a: Landorus
|
|-weather|RainDance|[upkeep]
|upkeep
|
|switch|p1a: Amoonguss|Amoonguss, F|79/100 brn
|-damage|p1a: Amoonguss|67/100 brn|[from] Stealth Rock
|turn|13
|
|move|p2a: Latios|Surf|p1a: Amoonguss
|-resisted|p1a: Amoonguss
|-damage|p1a: Amoonguss|41/100 brn
|move|p1a: Amoonguss|Stun Spore|p2a: Latios|[miss]
|-miss|p1a: Amoonguss|p2a: Latios
|
|-weather|RainDance|[upkeep]
|-heal|p1a: Amoonguss|47/100 brn|[from] item: Black Sludge
|-damage|p1a: Amoonguss|35/100 brn|[from] brn
|upkeep
|turn|14
|j| KOUWOZ
|l| KOUWOZ
|
|move|p2a: Latios|Surf|p1a: Amoonguss
|-resisted|p1a: Amoonguss
|-damage|p1a: Amoonguss|9/100 brn
|move|p1a: Amoonguss|Stun Spore|p2a: Latios
|-status|p2a: Latios|par
|
|-weather|RainDance|[upkeep]
|-heal|p1a: Amoonguss|15/100 brn|[from] item: Black Sludge
|-damage|p1a: Amoonguss|2/100 brn|[from] brn
|upkeep
|turn|15
|
|switch|p1a: Excadrill|Excadrill, F|100/100
|-damage|p1a: Excadrill|97/100|[from] Stealth Rock
|move|p2a: Latios|Surf|p1a: Excadrill
|-supereffective|p1a: Excadrill
|-damage|p1a: Excadrill|0 fnt
|faint|p1a: Excadrill
|
|-weather|RainDance|[upkeep]
|upkeep
|
|switch|p1a: Tyranitar|Tyranitar, F|50/100
|-damage|p1a: Tyranitar|37/100|[from] Stealth Rock
|-weather|Sandstorm|[from] ability: Sand Stream|[of] p1a: Tyranitar
|turn|16
|
|move|p1a: Tyranitar|Crunch|p2a: Latios
|-supereffective|p2a: Latios
|-damage|p2a: Latios|0 fnt
|faint|p2a: Latios
|
|-weather|Sandstorm|[upkeep]
|upkeep
|
|switch|p2a: Politoed|Politoed, M|100/100
|-damage|p2a: Politoed|88/100|[from] Stealth Rock
|-weather|RainDance|[from] ability: Drizzle|[of] p2a: Politoed
|turn|17
|
|move|p2a: Politoed|Scald|p1a: Tyranitar
|-supereffective|p1a: Tyranitar
|-damage|p1a: Tyranitar|0 fnt
|faint|p1a: Tyranitar
|
|-weather|RainDance|[upkeep]
|upkeep
|
|switch|p1a: Slowbro|Slowbro, F|42/100
|-damage|p1a: Slowbro|30/100|[from] Stealth Rock
|turn|18
|
|move|p2a: Politoed|Scald|p1a: Slowbro
|-resisted|p1a: Slowbro
|-damage|p1a: Slowbro|0 fnt
|faint|p1a: Slowbro
|
|-weather|RainDance|[upkeep]
|upkeep
|-message|infiniteline forfeited.
|
|win|The Shape Of Voice
|l|☆infiniteline
|raw|infiniteline's rating: 1453 &rarr; <strong>1424</strong><br />(-29 for losing)
|raw|The Shape Of Voice's rating: 1298 &rarr; <strong>1333</strong><br />(+35 for winning)
