|j|☆porrompompom
|j|☆Bonginator
|player|p1|porrompompom|169|1633
|player|p2|Bonginator|lucas|1525
|teamsize|p1|6
|teamsize|p2|6
|gametype|singles
|gen|5
|tier|[Gen 5] OU
|rated|
|clearpoke
|poke|p1|Celebi|item
|poke|p1|Mienshao, F|item
|poke|p1|Landorus-Therian, M|item
|poke|p1|Rotom-Wash|item
|poke|p1|Forretress, M|item
|poke|p1|Dragonite, M|item
|poke|p2|Skarmory, M|item
|poke|p2|Gastrodon, M|item
|poke|p2|Gengar, F|item
|poke|p2|Tyranitar, F|item
|poke|p2|Reuniclus, M|item
|poke|p2|Latios, M|item
|rule|Species Clause: Limit one of each Pokémon
|rule|OHKO Clause: OHKO moves are banned
|rule|Moody Clause: Moody is banned
|rule|Evasion Moves Clause: Evasion moves are banned
|rule|Endless Battle Clause: Forcing endless battles is banned
|rule|HP Percentage Mod: HP is shown in percentages
|rule|Evasion Abilities Clause: Evasion abilities are banned
|rule|Baton Pass Clause: Limit one Baton Passer, can't pass Spe and other stats simultaneously
|rule|Sleep Clause: Sleep-inducing moves are banned
|rule|Swagger Clause: Swagger is banned
|teampreview
|inactive|Battle timer is ON: inactive players will automatically lose when time's up. (requested by Bonginator)
|c|☆porrompompom|gg lol
|inactive|porrompompom has 120 seconds left.
|
|start
|switch|p1a: Rotom|Rotom-Wash|100/100
|switch|p2a: Gengar|Gengar, F|100/100
|turn|1
|
|switch|p2a: Gastrodon|Gastrodon, M|100/100
|move|p1a: Rotom|Hydro Pump|p2a: Gastrodon
|-ability|p2a: Gastrodon|Storm Drain|boost
|-boost|p2a: Gastrodon|spa|1
|
|upkeep
|turn|2
|
|switch|p1a: Celebi|Celebi|100/100
|move|p2a: Gastrodon|Scald|p1a: Celebi
|-resisted|p1a: Celebi
|-damage|p1a: Celebi|88/100
|
|-heal|p1a: Celebi|94/100|[from] item: Leftovers
|upkeep
|turn|3
|
|switch|p1a: Rotom|Rotom-Wash|100/100
|switch|p2a: Gengar|Gengar, F|100/100
|
|upkeep
|turn|4
|
|move|p2a: Gengar|Will-O-Wisp|p1a: Rotom
|-status|p1a: Rotom|brn
|move|p1a: Rotom|Will-O-Wisp|p2a: Gengar
|-status|p2a: Gengar|brn
|
|-damage|p2a: Gengar|88/100 brn|[from] brn
|-damage|p1a: Rotom|88/100 brn|[from] brn
|upkeep
|turn|5
|
|switch|p2a: Gastrodon|Gastrodon, M|100/100
|move|p1a: Rotom|Volt Switch|p2a: Gastrodon
|-immune|p2a: Gastrodon
|
|-heal|p1a: Rotom|94/100 brn|[from] item: Leftovers
|-damage|p1a: Rotom|82/100 brn|[from] brn
|upkeep
|turn|6
|
|move|p1a: Rotom|Will-O-Wisp|p2a: Gastrodon
|-status|p2a: Gastrodon|brn
|move|p2a: Gastrodon|Ice Beam|p1a: Rotom
|-resisted|p1a: Rotom
|-damage|p1a: Rotom|71/100 brn
|
|-heal|p1a: Rotom|77/100 brn|[from] item: Leftovers
|-damage|p1a: Rotom|65/100 brn|[from] brn
|-damage|p2a: Gastrodon|88/100 brn|[from] brn
|upkeep
|turn|7
|
|switch|p1a: Celebi|Celebi|94/100
|move|p2a: Gastrodon|Ice Beam|p1a: Celebi
|-supereffective|p1a: Celebi
|-damage|p1a: Celebi|66/100
|
|-heal|p1a: Celebi|72/100|[from] item: Leftovers
|-heal|p2a: Gastrodon|94/100 brn|[from] item: Leftovers
|-damage|p2a: Gastrodon|82/100 brn|[from] brn
|upkeep
|turn|8
|
|switch|p1a: Rotom|Rotom-Wash|65/100 brn
|switch|p2a: Skarmory|Skarmory, M|100/100
|
|-heal|p1a: Rotom|71/100 brn|[from] item: Leftovers
|-damage|p1a: Rotom|59/100 brn|[from] brn
|upkeep
|turn|9
|
|switch|p2a: Gastrodon|Gastrodon, M|82/100 brn
|move|p1a: Rotom|Will-O-Wisp|p2a: Gastrodon
|-fail|p2a: Gastrodon|brn
|
|-heal|p1a: Rotom|65/100 brn|[from] item: Leftovers
|-heal|p2a: Gastrodon|88/100 brn|[from] item: Leftovers
|-damage|p1a: Rotom|52/100 brn|[from] brn
|-damage|p2a: Gastrodon|75/100 brn|[from] brn
|upkeep
|turn|10
|
|move|p1a: Rotom|Pain Split|p2a: Gastrodon
|-sethp|p2a: Gastrodon|56/100 brn|[from] move: Pain Split|[silent]
|-sethp|p1a: Rotom|79/100 brn|[from] move: Pain Split
|move|p2a: Gastrodon|Toxic||[still]
|-fail|p2a: Gastrodon
|
|-heal|p1a: Rotom|85/100 brn|[from] item: Leftovers
|-heal|p2a: Gastrodon|62/100 brn|[from] item: Leftovers
|-damage|p1a: Rotom|73/100 brn|[from] brn
|-damage|p2a: Gastrodon|50/100 brn|[from] brn
|upkeep
|turn|11
|
|switch|p1a: Celebi|Celebi|72/100
|move|p2a: Gastrodon|Recover|p2a: Gastrodon
|-heal|p2a: Gastrodon|99/100 brn
|
|-heal|p1a: Celebi|78/100|[from] item: Leftovers
|-heal|p2a: Gastrodon|100/100 brn|[from] item: Leftovers
|-damage|p2a: Gastrodon|88/100 brn|[from] brn
|upkeep
|turn|12
|
|switch|p1a: Forretress|Forretress, M|100/100
|move|p2a: Gastrodon|Scald|p1a: Forretress
|-damage|p1a: Forretress|76/100
|-status|p1a: Forretress|brn
|
|-heal|p1a: Forretress|82/100 brn|[from] item: Leftovers
|-heal|p2a: Gastrodon|94/100 brn|[from] item: Leftovers
|-damage|p1a: Forretress|70/100 brn|[from] brn
|-damage|p2a: Gastrodon|82/100 brn|[from] brn
|upkeep
|turn|13
|
|switch|p2a: Skarmory|Skarmory, M|100/100
|move|p1a: Forretress|Spikes|p2a: Skarmory
|-sidestart|p2: Bonginator|Spikes
|
|-heal|p1a: Forretress|76/100 brn|[from] item: Leftovers
|-damage|p1a: Forretress|63/100 brn|[from] brn
|upkeep
|turn|14
|
|move|p2a: Skarmory|Spikes|p1a: Forretress
|-sidestart|p1: porrompompom|Spikes
|move|p1a: Forretress|Rapid Spin|p2a: Skarmory
|-resisted|p2a: Skarmory
|-damage|p2a: Skarmory|99/100
|-sideend|p1: porrompompom|Spikes|[from] move: Rapid Spin|[of] p1a: Forretress
|
|-heal|p1a: Forretress|70/100 brn|[from] item: Leftovers
|-damage|p1a: Forretress|57/100 brn|[from] brn
|upkeep
|turn|15
|
|move|p2a: Skarmory|Spikes|p1a: Forretress
|-sidestart|p1: porrompompom|Spikes
|move|p1a: Forretress|Rapid Spin|p2a: Skarmory
|-resisted|p2a: Skarmory
|-damage|p2a: Skarmory|99/100
|-sideend|p1: porrompompom|Spikes|[from] move: Rapid Spin|[of] p1a: Forretress
|
|-heal|p1a: Forretress|63/100 brn|[from] item: Leftovers
|-damage|p1a: Forretress|51/100 brn|[from] brn
|upkeep
|turn|16
|
|move|p2a: Skarmory|Spikes|p1a: Forretress
|-sidestart|p1: porrompompom|Spikes
|move|p1a: Forretress|Rapid Spin|p2a: Skarmory
|-resisted|p2a: Skarmory
|-damage|p2a: Skarmory|99/100
|-sideend|p1: porrompompom|Spikes|[from] move: Rapid Spin|[of] p1a: Forretress
|
|-heal|p1a: Forretress|57/100 brn|[from] item: Leftovers
|-damage|p1a: Forretress|45/100 brn|[from] brn
|upkeep
|turn|17
|
|move|p2a: Skarmory|Spikes|p1a: Forretress
|-sidestart|p1: porrompompom|Spikes
|move|p1a: Forretress|Rapid Spin|p2a: Skarmory
|-resisted|p2a: Skarmory
|-damage|p2a: Skarmory|98/100
|-sideend|p1: porrompompom|Spikes|[from] move: Rapid Spin|[of] p1a: Forretress
|
|-heal|p1a: Forretress|51/100 brn|[from] item: Leftovers
|-damage|p1a: Forretress|38/100 brn|[from] brn
|upkeep
|turn|18
|
|move|p2a: Skarmory|Spikes|p1a: Forretress
|-sidestart|p1: porrompompom|Spikes
|move|p1a: Forretress|Rapid Spin|p2a: Skarmory
|-resisted|p2a: Skarmory
|-crit|p2a: Skarmory
|-damage|p2a: Skarmory|97/100
|-sideend|p1: porrompompom|Spikes|[from] move: Rapid Spin|[of] p1a: Forretress
|
|-heal|p1a: Forretress|45/100 brn|[from] item: Leftovers
|-damage|p1a: Forretress|32/100 brn|[from] brn
|upkeep
|turn|19
|
|move|p2a: Skarmory|Spikes|p1a: Forretress
|-sidestart|p1: porrompompom|Spikes
|move|p1a: Forretress|Rapid Spin|p2a: Skarmory
|-resisted|p2a: Skarmory
|-damage|p2a: Skarmory|96/100
|-sideend|p1: porrompompom|Spikes|[from] move: Rapid Spin|[of] p1a: Forretress
|
|-heal|p1a: Forretress|38/100 brn|[from] item: Leftovers
|-damage|p1a: Forretress|26/100 brn|[from] brn
|upkeep
|turn|20
|
|move|p2a: Skarmory|Spikes|p1a: Forretress
|-sidestart|p1: porrompompom|Spikes
|move|p1a: Forretress|Pain Split|p2a: Skarmory
|-sethp|p2a: Skarmory|62/100|[from] move: Pain Split|[silent]
|-sethp|p1a: Forretress|57/100 brn|[from] move: Pain Split
|
|-heal|p1a: Forretress|64/100 brn|[from] item: Leftovers
|-damage|p1a: Forretress|51/100 brn|[from] brn
|upkeep
|turn|21
|
|switch|p2a: Gengar|Gengar, F|88/100 brn
|move|p1a: Forretress|Rapid Spin|p2a: Gengar
|-immune|p2a: Gengar
|
|-heal|p2a: Gengar|94/100 brn|[from] item: Black Sludge
|-heal|p1a: Forretress|57/100 brn|[from] item: Leftovers
|-damage|p2a: Gengar|82/100 brn|[from] brn
|-damage|p1a: Forretress|45/100 brn|[from] brn
|upkeep
|turn|22
|
|move|p2a: Gengar|Shadow Ball|p1a: Forretress
|-resisted|p1a: Forretress
|-damage|p1a: Forretress|27/100 brn
|move|p1a: Forretress|Spikes|p2a: Gengar
|-sidestart|p2: Bonginator|Spikes
|
|-heal|p2a: Gengar|88/100 brn|[from] item: Black Sludge
|-heal|p1a: Forretress|33/100 brn|[from] item: Leftovers
|-damage|p2a: Gengar|76/100 brn|[from] brn
|-damage|p1a: Forretress|20/100 brn|[from] brn
|upkeep
|turn|23
|
|move|p2a: Gengar|Taunt|p1a: Forretress
|-start|p1a: Forretress|move: Taunt
|cant|p1a: Forretress|move: Taunt|Pain Split
|
|-heal|p2a: Gengar|82/100 brn|[from] item: Black Sludge
|-heal|p1a: Forretress|27/100 brn|[from] item: Leftovers
|-damage|p2a: Gengar|70/100 brn|[from] brn
|-damage|p1a: Forretress|14/100 brn|[from] brn
|upkeep
|turn|24
|
|switch|p1a: Mienshao|Mienshao, F|100/100
|-damage|p1a: Mienshao|88/100|[from] Spikes
|move|p2a: Gengar|Shadow Ball|p1a: Mienshao
|-damage|p1a: Mienshao|5/100
|-unboost|p1a: Mienshao|spd|1
|
|-heal|p2a: Gengar|76/100 brn|[from] item: Black Sludge
|-damage|p2a: Gengar|64/100 brn|[from] brn
|upkeep
|turn|25
|
|switch|p1a: Rotom|Rotom-Wash|73/100 brn
|switch|p2a: Skarmory|Skarmory, M|62/100
|
|-heal|p1a: Rotom|79/100 brn|[from] item: Leftovers
|-damage|p1a: Rotom|67/100 brn|[from] brn
|upkeep
|turn|26
|
|switch|p1a: Mienshao|Mienshao, F|38/100
|-damage|p1a: Mienshao|26/100|[from] Spikes
|switch|p2a: Gastrodon|Gastrodon, M|82/100 brn
|-damage|p2a: Gastrodon|65/100 brn|[from] Spikes
|
|-heal|p2a: Gastrodon|71/100 brn|[from] item: Leftovers
|-damage|p2a: Gastrodon|59/100 brn|[from] brn
|upkeep
|turn|27
|
|move|p1a: Mienshao|U-turn|p2a: Gastrodon
|-damage|p2a: Gastrodon|40/100 brn
|
|switch|p1a: Celebi|Celebi|78/100|[from]move: U-turn
|-damage|p1a: Celebi|66/100|[from] Spikes
|move|p2a: Gastrodon|Scald|p1a: Celebi
|-resisted|p1a: Celebi
|-damage|p1a: Celebi|57/100
|
|-heal|p1a: Celebi|63/100|[from] item: Leftovers
|-heal|p2a: Gastrodon|46/100 brn|[from] item: Leftovers
|-damage|p2a: Gastrodon|34/100 brn|[from] brn
|upkeep
|turn|28
|
|switch|p1a: Rotom|Rotom-Wash|67/100 brn
|switch|p2a: Skarmory|Skarmory, M|62/100
|
|-heal|p1a: Rotom|72/100 brn|[from] item: Leftovers
|-damage|p1a: Rotom|60/100 brn|[from] brn
|upkeep
|turn|29
|
|move|p1a: Rotom|Volt Switch|p2a: Skarmory
|-supereffective|p2a: Skarmory
|-damage|p2a: Skarmory|14/100
|
|switch|p1a: Landorus|Landorus-Therian, M|100/100|[from]move: Volt Switch
|-ability|p1a: Landorus|Intimidate|boost
|-unboost|p2a: Skarmory|atk|1
|move|p2a: Skarmory|Spikes|p1a: Landorus
|-sidestart|p1: porrompompom|Spikes
|
|upkeep
|turn|30
|
|move|p1a: Landorus|Hidden Power|p2a: Skarmory
|-damage|p2a: Skarmory|0 fnt
|faint|p2a: Skarmory
|
|upkeep
|
|switch|p2a: Gengar|Gengar, F|64/100 brn
|turn|31
|
|move|p2a: Gengar|Will-O-Wisp|p1a: Landorus|[miss]
|-miss|p2a: Gengar|p1a: Landorus
|move|p1a: Landorus|Stealth Rock|p2a: Gengar
|-sidestart|p2: Bonginator|move: Stealth Rock
|
|-heal|p2a: Gengar|70/100 brn|[from] item: Black Sludge
|-damage|p2a: Gengar|58/100 brn|[from] brn
|upkeep
|turn|32
|
|move|p2a: Gengar|Shadow Ball|p1a: Landorus
|-damage|p1a: Landorus|51/100
|move|p1a: Landorus|Hidden Power|p2a: Gengar
|-damage|p2a: Gengar|28/100 brn
|
|-heal|p2a: Gengar|34/100 brn|[from] item: Black Sludge
|-heal|p1a: Landorus|57/100|[from] item: Leftovers
|-damage|p2a: Gengar|22/100 brn|[from] brn
|upkeep
|turn|33
|
|move|p2a: Gengar|Will-O-Wisp|p1a: Landorus
|-status|p1a: Landorus|brn
|move|p1a: Landorus|Hidden Power|p2a: Gengar
|-crit|p2a: Gengar
|-damage|p2a: Gengar|0 fnt
|faint|p2a: Gengar
|
|-heal|p1a: Landorus|63/100 brn|[from] item: Leftovers
|-damage|p1a: Landorus|50/100 brn|[from] brn
|upkeep
|
|switch|p2a: Tyranitar|Tyranitar, F|100/100
|-damage|p2a: Tyranitar|84/100|[from] Spikes
|-damage|p2a: Tyranitar|72/100|[from] Stealth Rock
|-weather|Sandstorm|[from] ability: Sand Stream|[of] p2a: Tyranitar
|turn|34
|
|move|p1a: Landorus|Earthquake|p2a: Tyranitar
|-supereffective|p2a: Tyranitar
|-damage|p2a: Tyranitar|31/100
|move|p2a: Tyranitar|Stealth Rock|p1a: Landorus
|-sidestart|p1: porrompompom|move: Stealth Rock
|
|-weather|Sandstorm|[upkeep]
|-heal|p1a: Landorus|56/100 brn|[from] item: Leftovers
|-damage|p1a: Landorus|44/100 brn|[from] brn
|upkeep
|turn|35
|
|switch|p2a: Latios|Latios, M|100/100
|-damage|p2a: Latios|88/100|[from] Stealth Rock
|move|p1a: Landorus|U-turn|p2a: Latios
|-supereffective|p2a: Latios
|-damage|p2a: Latios|60/100
|
|switch|p1a: Forretress|Forretress, M|14/100 brn|[from]move: U-turn
|-damage|p1a: Forretress|2/100 brn|[from] Stealth Rock
|-damage|p1a: Forretress|0 fnt|[from] Spikes
|faint|p1a: Forretress
|
|-weather|Sandstorm|[upkeep]
|-damage|p2a: Latios|54/100|[from] Sandstorm
|upkeep
|
|switch|p1a: Mienshao|Mienshao, F|59/100
|-damage|p1a: Mienshao|43/100|[from] Spikes
|-damage|p1a: Mienshao|37/100|[from] Stealth Rock
|turn|36
|
|move|p2a: Latios|Surf|p1a: Mienshao
|-damage|p1a: Mienshao|0 fnt
|faint|p1a: Mienshao
|
|-weather|Sandstorm|[upkeep]
|-damage|p2a: Latios|48/100|[from] Sandstorm
|upkeep
|
|switch|p1a: Celebi|Celebi|63/100
|-damage|p1a: Celebi|51/100|[from] Stealth Rock
|-damage|p1a: Celebi|34/100|[from] Spikes
|turn|37
|
|switch|p2a: Tyranitar|Tyranitar, F|31/100
|-damage|p2a: Tyranitar|19/100|[from] Stealth Rock
|-damage|p2a: Tyranitar|2/100|[from] Spikes
|move|p1a: Celebi|Recover|p1a: Celebi
|-heal|p1a: Celebi|84/100
|
|-weather|Sandstorm|[upkeep]
|-damage|p1a: Celebi|78/100|[from] Sandstorm
|-heal|p1a: Celebi|84/100|[from] item: Leftovers
|upkeep
|turn|38
|
|move|p1a: Celebi|Seed Bomb|p2a: Tyranitar
|-supereffective|p2a: Tyranitar
|-damage|p2a: Tyranitar|0 fnt
|faint|p2a: Tyranitar
|
|-weather|Sandstorm|[upkeep]
|-damage|p1a: Celebi|78/100|[from] Sandstorm
|-heal|p1a: Celebi|84/100|[from] item: Leftovers
|upkeep
|
|switch|p2a: Latios|Latios, M|48/100
|-damage|p2a: Latios|35/100|[from] Stealth Rock
|turn|39
|
|switch|p1a: Landorus|Landorus-Therian, M|44/100 brn
|-damage|p1a: Landorus|32/100 brn|[from] Stealth Rock
|-ability|p1a: Landorus|Intimidate|boost
|-unboost|p2a: Latios|atk|1
|move|p2a: Latios|Trick|p1a: Landorus
|-activate|p2a: Latios|move: Trick|[of] p1a: Landorus
|-item|p1a: Landorus|Choice Scarf|[from] move: Trick
|-item|p2a: Latios|Leftovers|[from] move: Trick
|
|-weather|Sandstorm|[upkeep]
|-damage|p2a: Latios|29/100|[from] Sandstorm
|-heal|p2a: Latios|35/100|[from] item: Leftovers
|-damage|p1a: Landorus|19/100 brn|[from] brn
|upkeep
|turn|40
|
|switch|p2a: Gastrodon|Gastrodon, M|34/100 brn
|-damage|p2a: Gastrodon|17/100 brn|[from] Spikes
|-damage|p2a: Gastrodon|11/100 brn|[from] Stealth Rock
|move|p1a: Landorus|U-turn|p2a: Gastrodon
|-damage|p2a: Gastrodon|3/100 brn
|
|switch|p1a: Rotom|Rotom-Wash|60/100 brn|[from]move: U-turn
|-damage|p1a: Rotom|48/100 brn|[from] Stealth Rock
|
|-weather|Sandstorm|[upkeep]
|-damage|p1a: Rotom|42/100 brn|[from] Sandstorm
|-heal|p1a: Rotom|48/100 brn|[from] item: Leftovers
|-heal|p2a: Gastrodon|9/100 brn|[from] item: Leftovers
|-damage|p1a: Rotom|36/100 brn|[from] brn
|-damage|p2a: Gastrodon|0 fnt|[from] brn
|faint|p2a: Gastrodon
|upkeep
|
|switch|p2a: Latios|Latios, M|35/100
|-damage|p2a: Latios|23/100|[from] Stealth Rock
|turn|41
|
|move|p2a: Latios|Recover|p2a: Latios
|-heal|p2a: Latios|73/100
|move|p1a: Rotom|Volt Switch|p2a: Latios
|-resisted|p2a: Latios
|-damage|p2a: Latios|60/100
|
|switch|p1a: Celebi|Celebi|84/100|[from]move: Volt Switch
|-damage|p1a: Celebi|72/100|[from] Stealth Rock
|-damage|p1a: Celebi|55/100|[from] Spikes
|
|-weather|Sandstorm|[upkeep]
|-damage|p2a: Latios|54/100|[from] Sandstorm
|-damage|p1a: Celebi|49/100|[from] Sandstorm
|-heal|p2a: Latios|60/100|[from] item: Leftovers
|-heal|p1a: Celebi|55/100|[from] item: Leftovers
|upkeep
|turn|42
|
|move|p2a: Latios|Draco Meteor|p1a: Celebi
|-damage|p1a: Celebi|11/100
|-unboost|p2a: Latios|spa|2
|move|p1a: Celebi|Recover|p1a: Celebi
|-heal|p1a: Celebi|61/100
|
|-weather|Sandstorm|[upkeep]
|-damage|p2a: Latios|54/100|[from] Sandstorm
|-damage|p1a: Celebi|55/100|[from] Sandstorm
|-heal|p2a: Latios|60/100|[from] item: Leftovers
|-heal|p1a: Celebi|61/100|[from] item: Leftovers
|upkeep
|turn|43
|
|switch|p2a: Reuniclus|Reuniclus, M|100/100
|move|p1a: Celebi|Recover|p1a: Celebi
|-heal|p1a: Celebi|100/100
|
|-weather|Sandstorm|[upkeep]
|-damage|p1a: Celebi|94/100|[from] Sandstorm
|-heal|p1a: Celebi|100/100|[from] item: Leftovers
|upkeep
|turn|44
|
|move|p1a: Celebi|Swords Dance|p1a: Celebi
|-boost|p1a: Celebi|atk|2
|move|p2a: Reuniclus|Trick Room|p2a: Reuniclus
|-fieldstart|move: Trick Room|[of] p2a: Reuniclus
|
|-weather|Sandstorm|[upkeep]
|-damage|p1a: Celebi|94/100|[from] Sandstorm
|-heal|p1a: Celebi|100/100|[from] item: Leftovers
|upkeep
|turn|45
|
|move|p2a: Reuniclus|Shadow Ball|p1a: Celebi
|-supereffective|p1a: Celebi
|-damage|p1a: Celebi|52/100
|-unboost|p1a: Celebi|spd|1
|move|p1a: Celebi|Recover|p1a: Celebi
|-heal|p1a: Celebi|100/100
|
|-weather|Sandstorm|[upkeep]
|-damage|p1a: Celebi|94/100|[from] Sandstorm
|-heal|p1a: Celebi|100/100|[from] item: Leftovers
|upkeep
|turn|46
|c|☆porrompompom|yeah sure
|inactive|porrompompom has 120 seconds left.
|inactive|porrompompom has 90 seconds left.
|
|move|p2a: Reuniclus|Shadow Ball|p1a: Celebi
|-supereffective|p1a: Celebi
|-damage|p1a: Celebi|24/100
|move|p1a: Celebi|Recover|p1a: Celebi
|-heal|p1a: Celebi|74/100
|
|-weather|Sandstorm|[upkeep]
|-damage|p1a: Celebi|68/100|[from] Sandstorm
|-heal|p1a: Celebi|74/100|[from] item: Leftovers
|upkeep
|turn|47
|c|☆Bonginator|Sick play.
|c|☆Bonginator|Highest of iqs?
|inactive|porrompompom has 60 seconds left.
|c|☆porrompompom|252+ SpA Life Orb Reuniclus Shadow Ball vs. -1 252 HP / 240+ SpD Celebi: 265-315 (65.5 - 77.9%)
|c|☆porrompompom|sick roll, i'd rather say
|inactive|porrompompom has 30 seconds left.
|
|move|p2a: Reuniclus|Shadow Ball|p1a: Celebi
|-supereffective|p1a: Celebi
|-damage|p1a: Celebi|0 fnt
|faint|p1a: Celebi
|
|-weather|Sandstorm|[upkeep]
|upkeep
|inactive|porrompompom has 30 seconds left.
|c|☆porrompompom|booooom
|
|switch|p1a: Rotom|Rotom-Wash|36/100 brn
|-damage|p1a: Rotom|24/100 brn|[from] Stealth Rock
|turn|48
|inactive|porrompompom has 30 seconds left.
|
|move|p2a: Reuniclus|Psychic|p1a: Rotom
|-damage|p1a: Rotom|0 fnt
|faint|p1a: Rotom
|
|-weather|Sandstorm|[upkeep]
|-fieldend|move: Trick Room
|upkeep
|
|switch|p1a: Dragonite|Dragonite, M|100/100
|-damage|p1a: Dragonite|76/100|[from] Stealth Rock
|turn|49
|
|move|p1a: Dragonite|Outrage|p2a: Reuniclus
|-damage|p2a: Reuniclus|1/100
|move|p2a: Reuniclus|Trick Room|p2a: Reuniclus
|-fieldstart|move: Trick Room|[of] p2a: Reuniclus
|
|-weather|Sandstorm|[upkeep]
|-damage|p1a: Dragonite|70/100|[from] Sandstorm
|upkeep
|turn|50
|
|move|p2a: Reuniclus|Psychic|p1a: Dragonite
|-crit|p1a: Dragonite
|-damage|p1a: Dragonite|0 fnt
|faint|p1a: Dragonite
|
|-weather|Sandstorm|[upkeep]
|upkeep
|c|☆Bonginator|Lemme guess you were max spd too
|c|☆porrompompom|252+ SpA Life Orb Reuniclus Psychic vs. 4 HP / 0 SpD Dragonite: 204-242 (62.9 - 74.6%) -- guaranteed 2HKO
|inactive|porrompompom has 30 seconds left.
|c|☆Bonginator|Keep loading up so I can farm points from you
|c|☆porrompompom|well yeah, that's what being band is about
|
|switch|p1a: Landorus|Landorus-Therian, M|19/100 brn
|-damage|p1a: Landorus|7/100 brn|[from] Stealth Rock
|-ability|p1a: Landorus|Intimidate|boost
|-unboost|p2a: Reuniclus|atk|1
|turn|51
|
|move|p2a: Reuniclus|Psychic|p1a: Landorus
|-damage|p1a: Landorus|0 fnt
|faint|p1a: Landorus
|
|win|Bonginator
|l|☆porrompompom
|c|☆Bonginator|Keep loading
|raw|porrompompom's rating: 1633 &rarr; <strong>1607</strong><br />(-26 for losing)
|raw|Bonginator's rating: 1526 &rarr; <strong>1552</strong><br />(+26 for winning)
|l|☆Bonginator
