|j|☆Ryusen696969
|j|☆Blossummm
|t:|1715048570
|gametype|singles
|player|p1|Ryusen696969|170|1285
|player|p2|Blossummm|roxie|1450
|teamsize|p1|6
|teamsize|p2|6
|gen|5
|tier|[Gen 5] OU
|rated|
|rule|Species Clause: Limit one of each Pokémon
|rule|OHKO Clause: OHKO moves are banned
|rule|Moody Clause: Moody is banned
|rule|Evasion Items Clause: Evasion items are banned
|rule|Evasion Moves Clause: Evasion moves are banned
|rule|Endless Battle Clause: Forcing endless battles is banned
|rule|HP Percentage Mod: HP is shown in percentages
|rule|Evasion Abilities Clause: Evasion abilities are banned
|rule|Sleep Moves Clause: Sleep-inducing moves are banned
|rule|Swagger Clause: Swagger is banned
|rule|Baton Pass Stat Clause: No Baton Passer may have a way to boost its stats
|clearpoke
|poke|p1|Garchomp, M|item
|poke|p1|Blissey, F|item
|poke|p1|Suicune|item
|poke|p1|Scizor, M|item
|poke|p1|Zoroark, M|item
|poke|p1|Alakazam, F|item
|poke|p2|Tyranitar, F|item
|poke|p2|Alakazam, F|item
|poke|p2|Latios, M|item
|poke|p2|Ferrothorn, F|item
|poke|p2|Keldeo|item
|poke|p2|Landorus-Therian, M|item
|teampreview
|inactive|Battle timer is ON: inactive players will automatically lose when time's up. (requested by Ryusen696969)
|
|t:|1715048587
|start
|switch|p1a: Scizor|Scizor, M|100/100
|switch|p2a: Landorus|Landorus-Therian, M|100/100
|-ability|p2a: Landorus|Intimidate|boost
|-unboost|p1a: Scizor|atk|1
|turn|1
|
|t:|1715048593
|move|p2a: Landorus|Earthquake|p1a: Scizor
|-damage|p1a: Scizor|46/100
|move|p1a: Scizor|U-turn|p2a: Landorus
|-resisted|p2a: Landorus
|-damage|p2a: Landorus|89/100
|
|t:|1715048600
|switch|p1a: Alakazam|Alakazam, F|100/100|[from] U-turn
|
|-heal|p2a: Landorus|95/100|[from] item: Leftovers
|upkeep
|turn|2
|
|t:|1715048616
|move|p1a: Alakazam|Hidden Power|p2a: Landorus
|-supereffective|p2a: Landorus
|-damage|p2a: Landorus|0 fnt
|faint|p2a: Landorus
|
|upkeep
|
|t:|1715048623
|switch|p2a: Tyranitar|Tyranitar, F, shiny|100/100
|-weather|Sandstorm|[from] ability: Sand Stream|[of] p2a: Tyranitar
|turn|3
|
|t:|1715048638
|move|p1a: Alakazam|Focus Blast|p2a: Tyranitar
|-supereffective|p2a: Tyranitar
|-enditem|p2a: Tyranitar|Chople Berry|[eat]
|-enditem|p2a: Tyranitar|Chople Berry|[weaken]
|-damage|p2a: Tyranitar|60/100
|move|p2a: Tyranitar|Crunch|p1a: Alakazam
|-resisted|p1a: Alakazam
|-damage|p1a: Alakazam|64/100
|replace|p1a: Zoroark|Zoroark, M
|-end|p1a: Zoroark|Illusion
|
|-weather|Sandstorm|[upkeep]
|-damage|p1a: Zoroark|58/100|[from] Sandstorm
|upkeep
|turn|4
|inactive|Blossummm has 120 seconds left.
|
|t:|1715048664
|move|p1a: Zoroark|Focus Blast|p2a: Tyranitar
|-supereffective|p2a: Tyranitar
|-crit|p2a: Tyranitar
|-damage|p2a: Tyranitar|0 fnt
|faint|p2a: Tyranitar
|
|-weather|Sandstorm|[upkeep]
|-damage|p1a: Zoroark|52/100|[from] Sandstorm
|upkeep
|
|t:|1715048688
|switch|p2a: Keldeo|Keldeo|100/100
|turn|5
|
|t:|1715048692
|switch|p1a: Suicune|Suicune, shiny|100/100
|-ability|p1a: Suicune|Pressure
|move|p2a: Keldeo|Secret Sword|p1a: Suicune
|-damage|p1a: Suicune|73/100
|
|-weather|Sandstorm|[upkeep]
|-damage|p2a: Keldeo|94/100|[from] Sandstorm
|-damage|p1a: Suicune|67/100|[from] Sandstorm
|-heal|p2a: Keldeo|100/100|[from] item: Leftovers
|-heal|p1a: Suicune|73/100|[from] item: Leftovers
|upkeep
|turn|6
|
|t:|1715048702
|move|p2a: Keldeo|Hidden Power|p1a: Suicune
|-supereffective|p1a: Suicune
|-damage|p1a: Suicune|32/100
|move|p1a: Suicune|Air Slash|p2a: Keldeo
|-supereffective|p2a: Keldeo
|-damage|p2a: Keldeo|59/100
|
|-weather|Sandstorm|[upkeep]
|-damage|p2a: Keldeo|53/100|[from] Sandstorm
|-damage|p1a: Suicune|26/100|[from] Sandstorm
|-heal|p2a: Keldeo|59/100|[from] item: Leftovers
|-heal|p1a: Suicune|32/100|[from] item: Leftovers
|upkeep
|turn|7
|
|t:|1715048711
|move|p2a: Keldeo|Hidden Power|p1a: Suicune
|-supereffective|p1a: Suicune
|-damage|p1a: Suicune|0 fnt
|faint|p1a: Suicune
|
|-weather|Sandstorm|[upkeep]
|-damage|p2a: Keldeo|53/100|[from] Sandstorm
|-heal|p2a: Keldeo|59/100|[from] item: Leftovers
|upkeep
|
|t:|1715048714
|switch|p1a: Alakazam|Alakazam, F|100/100
|turn|8
|
|t:|1715048723
|switch|p2a: Ferrothorn|Ferrothorn, F|100/100
|move|p1a: Alakazam|Psychic|p2a: Ferrothorn
|-resisted|p2a: Ferrothorn
|-damage|p2a: Ferrothorn|79/100
|
|-weather|Sandstorm|[upkeep]
|upkeep
|turn|9
|
|t:|1715048732
|move|p1a: Alakazam|Focus Blast|p2a: Ferrothorn
|-supereffective|p2a: Ferrothorn
|-damage|p2a: Ferrothorn|4/100
|move|p2a: Ferrothorn|Gyro Ball|p1a: Alakazam
|-damage|p1a: Alakazam|0 fnt
|faint|p1a: Alakazam
|
|-weather|Sandstorm|[upkeep]
|upkeep
|
|t:|1715048741
|switch|p1a: Garchomp|Garchomp, M|52/100
|turn|10
|
|t:|1715048745
|move|p1a: Garchomp|Flamethrower|p2a: Ferrothorn
|-supereffective|p2a: Ferrothorn
|-damage|p2a: Ferrothorn|0 fnt
|faint|p2a: Ferrothorn
|
|-weather|Sandstorm|[upkeep]
|-damage|p1a: Garchomp|46/100|[from] Sandstorm
|upkeep
|
|t:|1715048757
|switch|p2a: Keldeo|Keldeo|59/100
|turn|11
|
|t:|1715048767
|move|p2a: Keldeo|Scald|p1a: Garchomp
|-damage|p1a: Garchomp|0 fnt
|replace|p1a: Zoroark|Zoroark, M
|-end|p1a: Zoroark|Illusion
|faint|p1a: Zoroark
|
|-weather|Sandstorm|[upkeep]
|-damage|p2a: Keldeo|53/100|[from] Sandstorm
|-heal|p2a: Keldeo|59/100|[from] item: Leftovers
|upkeep
|
|t:|1715048771
|switch|p1a: Garchomp|Garchomp, M|100/100
|turn|12
|
|t:|1715048785
|move|p1a: Garchomp|Outrage|p2a: Keldeo
|-damage|p2a: Keldeo|0 fnt
|faint|p2a: Keldeo
|
|-weather|Sandstorm|[upkeep]
|upkeep
|
|t:|1715048789
|switch|p2a: Latios|Latios, M|100/100
|turn|13
|
|t:|1715048794
|move|p2a: Latios|Draco Meteor|p1a: Garchomp
|-supereffective|p1a: Garchomp
|-damage|p1a: Garchomp|0 fnt
|-unboost|p2a: Latios|spa|2
|faint|p1a: Garchomp
|
|-weather|Sandstorm|[upkeep]
|-damage|p2a: Latios|95/100|[from] Sandstorm
|upkeep
|
|t:|1715048798
|switch|p1a: Blissey|Blissey, F|100/100
|turn|14
|
|t:|1715048804
|switch|p2a: Alakazam|Alakazam, F|100/100
|switch|p1a: Scizor|Scizor, M|46/100
|
|-weather|Sandstorm|[upkeep]
|upkeep
|turn|15
|
|t:|1715048811
|move|p1a: Scizor|Bullet Punch|p2a: Alakazam
|-damage|p2a: Alakazam|28/100
|move|p2a: Alakazam|Hidden Power|p1a: Scizor
|-supereffective|p1a: Scizor
|-damage|p1a: Scizor|0 fnt
|faint|p1a: Scizor
|
|-weather|Sandstorm|[upkeep]
|upkeep
|
|t:|1715048817
|switch|p1a: Blissey|Blissey, F|100/100
|turn|16
|
|t:|1715048822
|move|p2a: Alakazam|Psychic|p1a: Blissey
|-damage|p1a: Blissey|80/100
|move|p1a: Blissey|Ice Beam|p2a: Alakazam
|-damage|p2a: Alakazam|0 fnt
|faint|p2a: Alakazam
|
|-weather|Sandstorm|[upkeep]
|-damage|p1a: Blissey|74/100|[from] Sandstorm
|upkeep
|
|t:|1715048827
|switch|p2a: Latios|Latios, M|95/100
|turn|17
|
|t:|1715048829
|move|p2a: Latios|Trick|p1a: Blissey
|-activate|p2a: Latios|move: Trick|[of] p1a: Blissey
|-item|p1a: Blissey|Choice Scarf|[from] move: Trick
|-item|p2a: Latios|Focus Sash|[from] move: Trick
|move|p1a: Blissey|Ice Beam|p2a: Latios
|-supereffective|p2a: Latios
|-damage|p2a: Latios|39/100
|-status|p2a: Latios|frz
|
|-weather|Sandstorm|[upkeep]
|-damage|p2a: Latios|33/100 frz|[from] Sandstorm
|-damage|p1a: Blissey|68/100|[from] Sandstorm
|upkeep
|turn|18
|
|t:|1715048855
|cant|p2a: Latios|frz
|move|p1a: Blissey|Ice Beam|p2a: Latios
|-supereffective|p2a: Latios
|-damage|p2a: Latios|0 fnt
|faint|p2a: Latios
|
|win|Ryusen696969
|raw|Ryusen696969's rating: 1285 &rarr; <strong>1321</strong><br />(+36 for winning)
|raw|Blossummm's rating: 1450 &rarr; <strong>1421</strong><br />(-29 for losing)
