|j|☆ddtdh
|j|☆baixiaohen
|t:|1744805727
|gametype|singles
|player|p1|ddtdh|lucas|1262
|player|p2|baixiaohen|n|1433
|teamsize|p1|6
|teamsize|p2|6
|gen|5
|tier|[Gen 5] OU
|rated|
|rule|Species Clause: Limit one of each Pokémon
|rule|OHKO Clause: OHKO moves are banned
|rule|Moody Clause: Moody is banned
|rule|Evasion Items Clause: Evasion items are banned
|rule|Evasion Moves Clause: Evasion moves are banned
|rule|Endless Battle Clause: Forcing endless battles is banned
|rule|HP Percentage Mod: HP is shown in percentages
|rule|Evasion Abilities Clause: Evasion abilities are banned
|rule|Sleep Moves Clause: Sleep-inducing moves are banned
|rule|Swagger Clause: Swagger is banned
|rule|Baton Pass Stat Clause: No Baton Passer may have a way to boost its stats
|clearpoke
|poke|p1|Xatu, F|item
|poke|p1|Blissey, F|mail
|poke|p1|Dragonite, M|item
|poke|p1|Cresselia, F|item
|poke|p1|Excadrill, F|item
|poke|p1|Ninetales, M|item
|poke|p2|Latios, M|item
|poke|p2|Jirachi|item
|poke|p2|Rotom-Wash|item
|poke|p2|Starmie|item
|poke|p2|Dragonite, M|item
|poke|p2|Mamoswine, F|item
|teampreview
|inactive|Battle timer is ON: inactive players will automatically lose when time's up. (requested by baixiaohen)
|inactive|ddtdh also wants the timer to be on.
|
|t:|1744805751
|start
|switch|p1a: Ninetales|Ninetales, M|100/100
|switch|p2a: Rotom|Rotom-Wash|100/100
|-weather|SunnyDay|[from] ability: Drought|[of] p1a: Ninetales
|turn|1
|
|t:|1744805758
|move|p1a: Ninetales|Protect|p1a: Ninetales
|-singleturn|p1a: Ninetales|Protect
|move|p2a: Rotom|Trick|p1a: Ninetales
|-activate|p1a: Ninetales|move: Protect
|
|-weather|SunnyDay|[upkeep]
|upkeep
|turn|2
|
|t:|1744805764
|switch|p1a: Blissey|Blissey, F|100/100
|move|p2a: Rotom|Trick||[still]
|-fail|p2a: Rotom
|
|-weather|SunnyDay|[upkeep]
|upkeep
|turn|3
|
|t:|1744805781
|switch|p2a: Jirachi|Jirachi|100/100
|move|p1a: Blissey|Stealth Rock|p2a: Jirachi
|-sidestart|p2: baixiaohen|move: Stealth Rock
|
|-weather|SunnyDay|[upkeep]
|upkeep
|turn|4
|
|t:|1744805789
|switch|p1a: Xatu|Xatu, F|100/100
|move|p2a: Jirachi|Stealth Rock|p1a: Xatu
|move|p1a: Xatu|Stealth Rock||[from] ability: Magic Bounce|[still]
|-fail|p1a: Xatu
|
|-weather|SunnyDay|[upkeep]
|upkeep
|turn|5
|
|t:|1744805796
|move|p1a: Xatu|Reflect|p1a: Xatu
|-sidestart|p1: ddtdh|Reflect
|move|p2a: Jirachi|Body Slam|p1a: Xatu
|-damage|p1a: Xatu|91/100
|-status|p1a: Xatu|par
|-damage|p2a: Jirachi|84/100|[from] item: Rocky Helmet|[of] p1a: Xatu
|
|-weather|SunnyDay|[upkeep]
|-heal|p2a: Jirachi|90/100|[from] item: Leftovers
|upkeep
|turn|6
|
|t:|1744805807
|move|p2a: Jirachi|U-turn|p1a: Xatu
|-damage|p1a: Xatu|83/100 par
|-damage|p2a: Jirachi|74/100|[from] item: Rocky Helmet|[of] p1a: Xatu
|
|t:|1744805810
|switch|p2a: Mamoswine|Mamoswine, F|100/100|[from] U-turn
|-damage|p2a: Mamoswine|88/100|[from] Stealth Rock
|move|p1a: Xatu|U-turn|p2a: Mamoswine
|-damage|p2a: Mamoswine|73/100
|
|t:|1744805815
|switch|p1a: Ninetales|Ninetales, M|100/100|[from] U-turn
|
|-weather|SunnyDay|[upkeep]
|upkeep
|turn|7
|-message|baixiaohen forfeited.
|
|win|ddtdh
|raw|ddtdh's rating: 1262 &rarr; <strong>1298</strong><br />(+36 for winning)
|raw|baixiaohen's rating: 1433 &rarr; <strong>1404</strong><br />(-29 for losing)
|l|☆baixiaohen
|player|p2|
