|j|☆Croaset
|j|☆torinoko city
|t:|1708808070
|gametype|singles
|player|p1|Croaset|elesa|1431
|player|p2|torinoko city|miku-flying|1495
|teamsize|p1|6
|teamsize|p2|6
|gen|5
|tier|[Gen 5] OU
|rated|
|rule|Species Clause: Limit one of each Pokémon
|rule|OHKO Clause: OHKO moves are banned
|rule|Moody Clause: Moody is banned
|rule|Evasion Items Clause: Evasion items are banned
|rule|Evasion Moves Clause: Evasion moves are banned
|rule|Endless Battle Clause: Forcing endless battles is banned
|rule|HP Percentage Mod: HP is shown in percentages
|rule|Evasion Abilities Clause: Evasion abilities are banned
|rule|Sleep Moves Clause: Sleep-inducing moves are banned
|rule|Swagger Clause: Swagger is banned
|rule|Baton Pass Stat Clause: No Baton Passer may have a way to boost its stats
|clearpoke
|poke|p1|Politoed, F|item
|poke|p1|Tentacruel, M|item
|poke|p1|Ferrothorn, M|item
|poke|p1|Volcarona, F|item
|poke|p1|Keldeo|item
|poke|p1|Toxicroak, F|item
|poke|p2|Politoed, F|item
|poke|p2|Starmie|item
|poke|p2|Azumarill, M|item
|poke|p2|Volcarona, M|item
|poke|p2|Garchomp, M|item
|poke|p2|Latios, M|item
|teampreview
|inactive|Battle timer is ON: inactive players will automatically lose when time's up. (requested by torinoko city)
|inactive|Croaset has 120 seconds left.
|
|t:|1708808108
|start
|switch|p1a: Politoed|Politoed, F, shiny|100/100
|switch|p2a: Garchomp|Garchomp, M|100/100
|-weather|RainDance|[from] ability: Drizzle|[of] p1a: Politoed
|turn|1
|
|t:|1708808114
|move|p2a: Garchomp|Stealth Rock|p1a: Politoed
|-sidestart|p1: Croaset|move: Stealth Rock
|move|p1a: Politoed|Scald|p2a: Garchomp
|-damage|p2a: Garchomp|62/100
|
|-weather|RainDance|[upkeep]
|upkeep
|turn|2
|
|t:|1708808119
|move|p2a: Garchomp|Earthquake|p1a: Politoed
|-damage|p1a: Politoed|60/100
|move|p1a: Politoed|Scald|p2a: Garchomp
|-damage|p2a: Garchomp|17/100
|
|-weather|RainDance|[upkeep]
|-heal|p1a: Politoed|66/100|[from] item: Leftovers
|upkeep
|turn|3
|
|t:|1708808123
|move|p1a: Politoed|Protect|p1a: Politoed
|-singleturn|p1a: Politoed|Protect
|move|p2a: Garchomp|Earthquake|p1a: Politoed
|-activate|p1a: Politoed|move: Protect
|
|-weather|RainDance|[upkeep]
|-heal|p1a: Politoed|72/100|[from] item: Leftovers
|upkeep
|turn|4
|
|t:|1708808125
|move|p2a: Garchomp|Earthquake|p1a: Politoed
|-damage|p1a: Politoed|35/100
|move|p1a: Politoed|Scald|p2a: Garchomp
|-damage|p2a: Garchomp|0 fnt
|faint|p2a: Garchomp
|
|-weather|RainDance|[upkeep]
|-heal|p1a: Politoed|41/100|[from] item: Leftovers
|upkeep
|
|t:|1708808129
|switch|p2a: Starmie|Starmie|100/100
|-item|p2a: Starmie|Air Balloon
|turn|5
|
|t:|1708808131
|switch|p1a: Ferrothorn|Ferrothorn, M, shiny|100/100
|-damage|p1a: Ferrothorn|94/100|[from] Stealth Rock
|move|p2a: Starmie|Thunder|p1a: Ferrothorn
|-resisted|p1a: Ferrothorn
|-damage|p1a: Ferrothorn|79/100
|
|-weather|RainDance|[upkeep]
|-heal|p1a: Ferrothorn|85/100|[from] item: Leftovers
|upkeep
|turn|6
|
|t:|1708808136
|switch|p2a: Volcarona|Volcarona, M|100/100
|move|p1a: Ferrothorn|Stealth Rock|p2a: Volcarona
|-sidestart|p2: torinoko city|move: Stealth Rock
|
|-weather|RainDance|[upkeep]
|-heal|p1a: Ferrothorn|92/100|[from] item: Leftovers
|upkeep
|turn|7
|
|t:|1708808138
|move|p2a: Volcarona|Quiver Dance|p2a: Volcarona
|-boost|p2a: Volcarona|spa|1
|-boost|p2a: Volcarona|spd|1
|-boost|p2a: Volcarona|spe|1
|move|p1a: Ferrothorn|Leech Seed|p2a: Volcarona
|-start|p2a: Volcarona|move: Leech Seed
|
|-weather|RainDance|[upkeep]
|-heal|p1a: Ferrothorn|98/100|[from] item: Leftovers
|-damage|p2a: Volcarona|88/100|[from] Leech Seed|[of] p1a: Ferrothorn
|-heal|p1a: Ferrothorn|100/100|[silent]
|upkeep
|turn|8
|
|t:|1708808152
|switch|p1a: Tentacruel|Tentacruel, M|100/100
|-damage|p1a: Tentacruel|88/100|[from] Stealth Rock
|move|p2a: Volcarona|Quiver Dance|p2a: Volcarona
|-boost|p2a: Volcarona|spa|1
|-boost|p2a: Volcarona|spd|1
|-boost|p2a: Volcarona|spe|1
|
|-weather|RainDance|[upkeep]
|-heal|p1a: Tentacruel|94/100|[from] ability: Rain Dish
|-heal|p1a: Tentacruel|99/100|[from] item: Black Sludge
|-damage|p2a: Volcarona|76/100|[from] Leech Seed|[of] p1a: Tentacruel
|-heal|p1a: Tentacruel|100/100|[silent]
|upkeep
|turn|9
|
|t:|1708808169
|move|p2a: Volcarona|Hurricane|p1a: Tentacruel
|-damage|p1a: Tentacruel|38/100
|move|p1a: Tentacruel|Rapid Spin|p2a: Volcarona
|-damage|p2a: Volcarona|72/100
|-sideend|p1: Croaset|Stealth Rock|[from] move: Rapid Spin|[of] p1a: Tentacruel
|
|-weather|RainDance|[upkeep]
|-heal|p1a: Tentacruel|44/100|[from] ability: Rain Dish
|-heal|p1a: Tentacruel|50/100|[from] item: Black Sludge
|-damage|p2a: Volcarona|59/100|[from] Leech Seed|[of] p1a: Tentacruel
|-heal|p1a: Tentacruel|61/100|[silent]
|upkeep
|turn|10
|
|t:|1708808172
|switch|p2a: Starmie|Starmie|100/100
|-damage|p2a: Starmie|88/100|[from] Stealth Rock
|-item|p2a: Starmie|Air Balloon
|move|p1a: Tentacruel|Protect||[still]
|-fail|p1a: Tentacruel
|
|-weather|RainDance|[upkeep]
|-heal|p1a: Tentacruel|67/100|[from] ability: Rain Dish
|-heal|p1a: Tentacruel|73/100|[from] item: Black Sludge
|upkeep
|turn|11
|
|t:|1708808175
|switch|p1a: Ferrothorn|Ferrothorn, M, shiny|100/100
|move|p2a: Starmie|Rapid Spin|p1a: Ferrothorn
|-resisted|p1a: Ferrothorn
|-damage|p1a: Ferrothorn|99/100
|-damage|p2a: Starmie|76/100|[from] ability: Iron Barbs|[of] p1a: Ferrothorn
|-sideend|p2: torinoko city|Stealth Rock|[from] move: Rapid Spin|[of] p2a: Starmie
|
|-weather|RainDance|[upkeep]
|-heal|p1a: Ferrothorn|100/100|[from] item: Leftovers
|upkeep
|turn|12
|
|t:|1708808179
|switch|p2a: Azumarill|Azumarill, M|100/100
|move|p1a: Ferrothorn|Leech Seed|p2a: Azumarill|[miss]
|-miss|p1a: Ferrothorn|p2a: Azumarill
|
|-weather|RainDance|[upkeep]
|upkeep
|turn|13
|
|t:|1708808183
|switch|p1a: Toxicroak|Toxicroak, F|100/100
|move|p2a: Azumarill|Superpower|p1a: Toxicroak
|-resisted|p1a: Toxicroak
|-damage|p1a: Toxicroak|52/100
|-unboost|p2a: Azumarill|atk|1
|-unboost|p2a: Azumarill|def|1
|
|-weather|RainDance|[upkeep]
|-heal|p1a: Toxicroak|64/100|[from] ability: Dry Skin
|-heal|p1a: Toxicroak|70/100|[from] item: Black Sludge
|upkeep
|turn|14
|
|t:|1708808187
|switch|p2a: Latios|Latios, M|100/100
|move|p1a: Toxicroak|Substitute|p1a: Toxicroak
|-start|p1a: Toxicroak|Substitute
|-damage|p1a: Toxicroak|45/100
|
|-weather|RainDance|[upkeep]
|-heal|p1a: Toxicroak|58/100|[from] ability: Dry Skin
|-heal|p1a: Toxicroak|64/100|[from] item: Black Sludge
|upkeep
|turn|15
|j| nightsuwu
|
|t:|1708808192
|switch|p2a: Politoed|Politoed, F|100/100
|move|p1a: Toxicroak|Toxic|p2a: Politoed
|-status|p2a: Politoed|tox
|
|-weather|RainDance|[upkeep]
|-heal|p1a: Toxicroak|76/100|[from] ability: Dry Skin
|-heal|p1a: Toxicroak|83/100|[from] item: Black Sludge
|-damage|p2a: Politoed|94/100 tox|[from] psn
|upkeep
|turn|16
|
|t:|1708808199
|move|p1a: Toxicroak|Bulk Up|p1a: Toxicroak
|-boost|p1a: Toxicroak|atk|1
|-boost|p1a: Toxicroak|def|1
|move|p2a: Politoed|Encore|p1a: Toxicroak
|-start|p1a: Toxicroak|Encore
|
|-weather|RainDance|[upkeep]
|-heal|p1a: Toxicroak|95/100|[from] ability: Dry Skin
|-heal|p1a: Toxicroak|100/100|[from] item: Black Sludge
|-damage|p2a: Politoed|82/100 tox|[from] psn
|upkeep
|turn|17
|
|t:|1708808203
|switch|p2a: Volcarona|Volcarona, M|59/100
|move|p1a: Toxicroak|Bulk Up|p1a: Toxicroak
|-boost|p1a: Toxicroak|atk|1
|-boost|p1a: Toxicroak|def|1
|
|-weather|RainDance|[upkeep]
|upkeep
|turn|18
|
|t:|1708808213
|move|p2a: Volcarona|Hurricane|p1a: Toxicroak
|-supereffective|p1a: Toxicroak
|-end|p1a: Toxicroak|Substitute
|move|p1a: Toxicroak|Bulk Up|p1a: Toxicroak
|-boost|p1a: Toxicroak|atk|1
|-boost|p1a: Toxicroak|def|1
|
|-weather|RainDance|[upkeep]
|upkeep
|turn|19
|
|t:|1708808232
|switch|p1a: Politoed|Politoed, F, shiny|41/100
|move|p2a: Volcarona|Hurricane|p1a: Politoed
|-damage|p1a: Politoed|4/100
|
|-weather|RainDance|[upkeep]
|-heal|p1a: Politoed|11/100|[from] item: Leftovers
|upkeep
|turn|20
|
|t:|1708808240
|move|p2a: Volcarona|Bug Buzz|p1a: Politoed
|-crit|p1a: Politoed
|-damage|p1a: Politoed|0 fnt
|faint|p1a: Politoed
|
|-weather|RainDance|[upkeep]
|upkeep
|
|t:|1708808243
|switch|p1a: Tentacruel|Tentacruel, M|73/100
|turn|21
|
|t:|1708808251
|switch|p2a: Starmie|Starmie|76/100
|-item|p2a: Starmie|Air Balloon
|move|p1a: Tentacruel|Scald|p2a: Starmie
|-resisted|p2a: Starmie
|-damage|p2a: Starmie|50/100
|-enditem|p2a: Starmie|Air Balloon
|
|-weather|RainDance|[upkeep]
|-heal|p1a: Tentacruel|79/100|[from] ability: Rain Dish
|-heal|p1a: Tentacruel|85/100|[from] item: Black Sludge
|upkeep
|turn|22
|
|t:|1708808254
|switch|p1a: Ferrothorn|Ferrothorn, M, shiny|100/100
|move|p2a: Starmie|Thunder|p1a: Ferrothorn
|-resisted|p1a: Ferrothorn
|-damage|p1a: Ferrothorn|86/100
|
|-weather|RainDance|[upkeep]
|-heal|p1a: Ferrothorn|92/100|[from] item: Leftovers
|upkeep
|turn|23
|
|t:|1708808257
|switch|p2a: Volcarona|Volcarona, M|59/100
|move|p1a: Ferrothorn|Stealth Rock|p2a: Volcarona
|-sidestart|p2: torinoko city|move: Stealth Rock
|
|-weather|RainDance|[upkeep]
|-heal|p1a: Ferrothorn|99/100|[from] item: Leftovers
|upkeep
|turn|24
|
|t:|1708808260
|move|p2a: Volcarona|Hurricane|p1a: Ferrothorn
|-damage|p1a: Ferrothorn|70/100
|-start|p1a: Ferrothorn|confusion
|-activate|p1a: Ferrothorn|confusion
|-damage|p1a: Ferrothorn|64/100|[from] confusion
|
|-weather|RainDance|[upkeep]
|-heal|p1a: Ferrothorn|70/100|[from] item: Leftovers
|upkeep
|turn|25
|
|t:|1708808266
|move|p2a: Volcarona|Quiver Dance|p2a: Volcarona
|-boost|p2a: Volcarona|spa|1
|-boost|p2a: Volcarona|spd|1
|-boost|p2a: Volcarona|spe|1
|-activate|p1a: Ferrothorn|confusion
|move|p1a: Ferrothorn|Leech Seed|p2a: Volcarona
|-start|p2a: Volcarona|move: Leech Seed
|
|-weather|RainDance|[upkeep]
|-heal|p1a: Ferrothorn|77/100|[from] item: Leftovers
|-damage|p2a: Volcarona|47/100|[from] Leech Seed|[of] p1a: Ferrothorn
|-heal|p1a: Ferrothorn|88/100|[silent]
|upkeep
|turn|26
|
|t:|1708808279
|switch|p1a: Tentacruel|Tentacruel, M|85/100
|move|p2a: Volcarona|Hurricane|p1a: Tentacruel
|-damage|p1a: Tentacruel|31/100
|
|-weather|RainDance|[upkeep]
|-heal|p1a: Tentacruel|37/100|[from] ability: Rain Dish
|-heal|p1a: Tentacruel|43/100|[from] item: Black Sludge
|-damage|p2a: Volcarona|34/100|[from] Leech Seed|[of] p1a: Tentacruel
|-heal|p1a: Tentacruel|54/100|[silent]
|upkeep
|turn|27
|
|t:|1708808283
|switch|p2a: Starmie|Starmie|50/100
|-damage|p2a: Starmie|38/100|[from] Stealth Rock
|move|p1a: Tentacruel|Scald|p2a: Starmie
|-resisted|p2a: Starmie
|-damage|p2a: Starmie|10/100
|-status|p2a: Starmie|brn
|
|-weather|RainDance|[upkeep]
|-heal|p1a: Tentacruel|60/100|[from] ability: Rain Dish
|-heal|p1a: Tentacruel|66/100|[from] item: Black Sludge
|-damage|p2a: Starmie|0 fnt|[from] brn
|faint|p2a: Starmie
|upkeep
|
|t:|1708808288
|switch|p2a: Azumarill|Azumarill, M|100/100
|-damage|p2a: Azumarill|88/100|[from] Stealth Rock
|turn|28
|-message|torinoko city forfeited.
|
|win|Croaset
|raw|Croaset's rating: 1431 &rarr; <strong>1455</strong><br />(+24 for winning)
|raw|torinoko city's rating: 1495 &rarr; <strong>1471</strong><br />(-24 for losing)
|l|☆torinoko city
|player|p2|
