|j|☆GerMoj
|j|☆Bastien65
|player|p1|GerMoj|266
|player|p2|Bastien65|43
|teamsize|p1|6
|teamsize|p2|6
|gametype|singles
|gen|5
|tier|[Gen 5] OU
|rated|
|rule|Sleep Clause Mod: Limit one foe put to sleep
|rule|Species Clause: Limit one of each Pokémon
|rule|OHKO Clause: OHKO moves are banned
|rule|Moody Clause: Moody is banned
|rule|Evasion Moves Clause: Evasion moves are banned
|rule|Endless Battle Clause: Forcing endless battles is banned
|rule|HP Percentage Mod: HP is shown in percentages
|rule|Evasion Abilities Clause: Evasion abilities are banned
|rule|Baton Pass Clause: Limit one Baton Passer, can't pass Spe and other stats simultaneously
|rule|Swagger Clause: Swagger is banned
|clearpoke
|poke|p1|Politoed, M|item
|poke|p1|Tentacruel, M|item
|poke|p1|Ferrothorn, F|item
|poke|p1|Thundurus-Therian, M|item
|poke|p1|Tornadus, M|item
|poke|p1|Moltres|item
|poke|p2|Alakazam, F|item
|poke|p2|Magnezone|item
|poke|p2|Garchomp, M|item
|poke|p2|Rotom-Wash|item
|poke|p2|Celebi|item
|poke|p2|Landorus-Therian, M|item
|teampreview
|
|start
|switch|p1a: Vaati|Thundurus-Therian, M|100/100
|switch|p2a: Celebi|Celebi|100/100
|turn|1
|
|move|p1a: Vaati|U-turn|p2a: Celebi
|-supereffective|p2a: Celebi
|-damage|p2a: Celebi|29/100
|
|switch|p1a: Don Gero|Politoed, M|100/100
|-weather|RainDance|[from] ability: Drizzle|[of] p1a: Don Gero
|move|p2a: Celebi|Stealth Rock|p1a: Don Gero
|-sidestart|p1: GerMoj|move: Stealth Rock
|
|-weather|RainDance|[upkeep]
|-heal|p2a: Celebi|35/100|[from] item: Leftovers
|upkeep
|turn|2
|
|switch|p2a: Rotom|Rotom-Wash|100/100
|switch|p1a: Kalle Demos|Ferrothorn, F|100/100
|-damage|p1a: Kalle Demos|94/100|[from] Stealth Rock
|
|-weather|RainDance|[upkeep]
|-heal|p1a: Kalle Demos|100/100|[from] item: Leftovers
|upkeep
|turn|3
|
|move|p2a: Rotom|Volt Switch|p1a: Kalle Demos
|-resisted|p1a: Kalle Demos
|-damage|p1a: Kalle Demos|90/100
|
|switch|p2a: In Da Zone|Magnezone|100/100
|move|p1a: Kalle Demos|Stealth Rock|p2a: In Da Zone
|-sidestart|p2: Bastien65|move: Stealth Rock
|
|-weather|RainDance|[upkeep]
|-heal|p1a: Kalle Demos|96/100|[from] item: Leftovers
|upkeep
|turn|4
|
|move|p2a: In Da Zone|Substitute|p2a: In Da Zone
|-start|p2a: In Da Zone|Substitute
|-damage|p2a: In Da Zone|76/100
|move|p1a: Kalle Demos|Leech Seed||[still]
|-fail|p1a: Kalle Demos
|
|-weather|RainDance|[upkeep]
|-heal|p2a: In Da Zone|82/100|[from] item: Leftovers
|-heal|p1a: Kalle Demos|100/100|[from] item: Leftovers
|upkeep
|turn|5
|
|move|p2a: In Da Zone|Charge Beam|p1a: Kalle Demos
|-resisted|p1a: Kalle Demos
|-damage|p1a: Kalle Demos|91/100
|-boost|p2a: In Da Zone|spa|1
|move|p1a: Kalle Demos|Gyro Ball|p2a: In Da Zone
|-resisted|p2a: In Da Zone
|-activate|p2a: In Da Zone|Substitute|[damage]
|
|-weather|RainDance|[upkeep]
|-heal|p2a: In Da Zone|88/100|[from] item: Leftovers
|-heal|p1a: Kalle Demos|97/100|[from] item: Leftovers
|upkeep
|turn|6
|
|move|p2a: In Da Zone|Charge Beam|p1a: Kalle Demos
|-resisted|p1a: Kalle Demos
|-damage|p1a: Kalle Demos|83/100
|move|p1a: Kalle Demos|Gyro Ball|p2a: In Da Zone
|-resisted|p2a: In Da Zone
|-end|p2a: In Da Zone|Substitute
|
|-weather|RainDance|[upkeep]
|-heal|p2a: In Da Zone|94/100|[from] item: Leftovers
|-heal|p1a: Kalle Demos|89/100|[from] item: Leftovers
|upkeep
|turn|7
|
|move|p2a: In Da Zone|Substitute|p2a: In Da Zone
|-start|p2a: In Da Zone|Substitute
|-damage|p2a: In Da Zone|69/100
|move|p1a: Kalle Demos|Gyro Ball|p2a: In Da Zone
|-resisted|p2a: In Da Zone
|-activate|p2a: In Da Zone|Substitute|[damage]
|
|-weather|RainDance|[upkeep]
|-heal|p2a: In Da Zone|75/100|[from] item: Leftovers
|-heal|p1a: Kalle Demos|96/100|[from] item: Leftovers
|upkeep
|turn|8
|
|move|p2a: In Da Zone|Charge Beam|p1a: Kalle Demos
|-resisted|p1a: Kalle Demos
|-crit|p1a: Kalle Demos
|-damage|p1a: Kalle Demos|70/100
|-boost|p2a: In Da Zone|spa|1
|move|p1a: Kalle Demos|Gyro Ball|p2a: In Da Zone
|-resisted|p2a: In Da Zone
|-end|p2a: In Da Zone|Substitute
|
|-weather|RainDance|[upkeep]
|-heal|p2a: In Da Zone|81/100|[from] item: Leftovers
|-heal|p1a: Kalle Demos|76/100|[from] item: Leftovers
|upkeep
|turn|9
|
|move|p2a: In Da Zone|Substitute|p2a: In Da Zone
|-start|p2a: In Da Zone|Substitute
|-damage|p2a: In Da Zone|56/100
|move|p1a: Kalle Demos|Gyro Ball|p2a: In Da Zone
|-resisted|p2a: In Da Zone
|-activate|p2a: In Da Zone|Substitute|[damage]
|
|-weather|RainDance|[upkeep]
|-heal|p2a: In Da Zone|62/100|[from] item: Leftovers
|-heal|p1a: Kalle Demos|82/100|[from] item: Leftovers
|upkeep
|turn|10
|
|move|p2a: In Da Zone|Charge Beam|p1a: Kalle Demos
|-resisted|p1a: Kalle Demos
|-damage|p1a: Kalle Demos|63/100
|move|p1a: Kalle Demos|Stealth Rock||[still]
|-fail|p1a: Kalle Demos
|
|-weather|RainDance|[upkeep]
|-heal|p2a: In Da Zone|68/100|[from] item: Leftovers
|-heal|p1a: Kalle Demos|70/100|[from] item: Leftovers
|upkeep
|turn|11
|
|move|p2a: In Da Zone|Charge Beam|p1a: Kalle Demos
|-resisted|p1a: Kalle Demos
|-damage|p1a: Kalle Demos|49/100
|-boost|p2a: In Da Zone|spa|1
|move|p1a: Kalle Demos|Stealth Rock||[still]
|-fail|p1a: Kalle Demos
|
|-weather|RainDance|[upkeep]
|-heal|p2a: In Da Zone|74/100|[from] item: Leftovers
|-heal|p1a: Kalle Demos|56/100|[from] item: Leftovers
|upkeep
|turn|12
|
|move|p2a: In Da Zone|Charge Beam|p1a: Kalle Demos
|-resisted|p1a: Kalle Demos
|-damage|p1a: Kalle Demos|34/100
|-boost|p2a: In Da Zone|spa|1
|move|p1a: Kalle Demos|Stealth Rock||[still]
|-fail|p1a: Kalle Demos
|
|-weather|RainDance|[upkeep]
|-heal|p2a: In Da Zone|80/100|[from] item: Leftovers
|-heal|p1a: Kalle Demos|40/100|[from] item: Leftovers
|upkeep
|turn|13
|
|move|p2a: In Da Zone|Charge Beam|p1a: Kalle Demos
|-resisted|p1a: Kalle Demos
|-damage|p1a: Kalle Demos|13/100
|-boost|p2a: In Da Zone|spa|1
|move|p1a: Kalle Demos|Stealth Rock||[still]
|-fail|p1a: Kalle Demos
|
|-weather|RainDance|[upkeep]
|-heal|p2a: In Da Zone|86/100|[from] item: Leftovers
|-heal|p1a: Kalle Demos|20/100|[from] item: Leftovers
|upkeep
|turn|14
|
|move|p2a: In Da Zone|Thunderbolt|p1a: Kalle Demos
|-resisted|p1a: Kalle Demos
|-damage|p1a: Kalle Demos|0 fnt
|faint|p1a: Kalle Demos
|
|-weather|RainDance|[upkeep]
|-heal|p2a: In Da Zone|92/100|[from] item: Leftovers
|upkeep
|
|switch|p1a: Don Gero|Politoed, M|100/100
|-damage|p1a: Don Gero|88/100|[from] Stealth Rock
|turn|15
|
|move|p2a: In Da Zone|Thunderbolt|p1a: Don Gero
|-supereffective|p1a: Don Gero
|-damage|p1a: Don Gero|0 fnt
|faint|p1a: Don Gero
|
|-weather|RainDance|[upkeep]
|-heal|p2a: In Da Zone|98/100|[from] item: Leftovers
|upkeep
|
|switch|p1a: Vaati|Thundurus-Therian, M|100/100
|-damage|p1a: Vaati|76/100|[from] Stealth Rock
|turn|16
|
|move|p1a: Vaati|Superpower|p2a: In Da Zone
|-supereffective|p2a: In Da Zone
|-end|p2a: In Da Zone|Substitute
|-unboost|p1a: Vaati|atk|1
|-unboost|p1a: Vaati|def|1
|move|p2a: In Da Zone|Hidden Power|p1a: Vaati
|-supereffective|p1a: Vaati
|-damage|p1a: Vaati|0 fnt
|faint|p1a: Vaati
|
|-weather|RainDance|[upkeep]
|-heal|p2a: In Da Zone|100/100|[from] item: Leftovers
|upkeep
|
|switch|p1a: Argorok|Moltres|100/100
|-damage|p1a: Argorok|50/100|[from] Stealth Rock
|-ability|p1a: Argorok|Pressure
|turn|17
|
|move|p1a: Argorok|Fire Blast|p2a: In Da Zone
|-supereffective|p2a: In Da Zone
|-damage|p2a: In Da Zone|0 fnt
|faint|p2a: In Da Zone
|
|-weather|RainDance|[upkeep]
|upkeep
|
|switch|p2a: Rotom|Rotom-Wash|100/100
|-damage|p2a: Rotom|88/100|[from] Stealth Rock
|turn|18
|
|switch|p1a: Bellum|Tentacruel, M|100/100
|-damage|p1a: Bellum|88/100|[from] Stealth Rock
|move|p2a: Rotom|Volt Switch|p1a: Bellum
|-supereffective|p1a: Bellum
|-damage|p1a: Bellum|39/100
|-message|GerMoj forfeited.
|
|win|Bastien65
|l|☆GerMoj
|raw|GerMoj's rating: 1468 &rarr; <strong>1441</strong><br />(-27 for losing)
|raw|Bastien65's rating: 1344 &rarr; <strong>1370</strong><br />(+26 for winning)
