|badge|p1|bronze|gen9doublesou|100-3
|uhtml|medal-msg|<div class="broadcast-blue">Curious what those medals under the avatar are? PS now has Ladder Seasons! For more information, check out the <a href="https://www.smogon.com/forums/threads/3740067/">thread on Smogon.</a></div>
|j|☆Zerotti
|j|☆HydreigonSpammer
|t:|1735219909
|gametype|singles
|player|p1|Zerotti|#dwcopiv|1317
|player|p2|HydreigonSpammer|acetrainer|1382
|teamsize|p1|6
|teamsize|p2|6
|gen|5
|tier|[Gen 5] OU
|rated|
|rule|Species Clause: Limit one of each Pokémon
|rule|OHKO Clause: OHKO moves are banned
|rule|Moody Clause: Moody is banned
|rule|Evasion Items Clause: Evasion items are banned
|rule|Evasion Moves Clause: Evasion moves are banned
|rule|Endless Battle Clause: Forcing endless battles is banned
|rule|HP Percentage Mod: HP is shown in percentages
|rule|Evasion Abilities Clause: Evasion abilities are banned
|rule|Sleep Moves Clause: Sleep-inducing moves are banned
|rule|Swagger Clause: Swagger is banned
|rule|Baton Pass Stat Clause: No Baton Passer may have a way to boost its stats
|clearpoke
|poke|p1|Tyranitar, M|item
|poke|p1|Alakazam, M|item
|poke|p1|Latios, M|item
|poke|p1|Ferrothorn, M|item
|poke|p1|Keldeo|item
|poke|p1|Landorus-Therian, M|item
|poke|p2|Skarmory, M|item
|poke|p2|Reuniclus, F|item
|poke|p2|Landorus-Therian, M|item
|poke|p2|Latios, M|item
|poke|p2|Alakazam, M|item
|poke|p2|Clefable, F|item
|teampreview
|inactive|Battle timer is ON: inactive players will automatically lose when time's up. (requested by Zerotti)
|
|t:|1735219924
|start
|switch|p1a: Landorus|Landorus-Therian, M|100/100
|switch|p2a: Skarmory|Skarmory, M|100/100
|-ability|p1a: Landorus|Intimidate|boost
|-unboost|p2a: Skarmory|atk|1
|turn|1
|
|t:|1735219927
|move|p1a: Landorus|Stealth Rock|p2a: Skarmory
|-sidestart|p2: HydreigonSpammer|move: Stealth Rock
|move|p2a: Skarmory|Stealth Rock|p1a: Landorus
|-sidestart|p1: Zerotti|move: Stealth Rock
|
|upkeep
|turn|2
|
|t:|1735219930
|move|p1a: Landorus|U-turn|p2a: Skarmory
|-resisted|p2a: Skarmory
|-damage|p2a: Skarmory|96/100
|
|t:|1735219934
|switch|p1a: Keldeo|Keldeo|100/100|[from] U-turn
|-damage|p1a: Keldeo|94/100|[from] Stealth Rock
|move|p2a: Skarmory|Spikes|p1a: Keldeo
|-sidestart|p1: Zerotti|Spikes
|
|-heal|p1a: Keldeo|100/100|[from] item: Leftovers
|-heal|p2a: Skarmory|100/100|[from] item: Leftovers
|upkeep
|turn|3
|
|t:|1735219946
|move|p1a: Keldeo|Scald|p2a: Skarmory
|-damage|p2a: Skarmory|62/100
|move|p2a: Skarmory|Spikes|p1a: Keldeo
|-sidestart|p1: Zerotti|Spikes
|
|-heal|p2a: Skarmory|68/100|[from] item: Leftovers
|upkeep
|turn|4
|
|t:|1735219963
|switch|p2a: Reuniclus|Reuniclus, F|100/100
|move|p1a: Keldeo|Scald|p2a: Reuniclus
|-damage|p2a: Reuniclus|59/100
|-status|p2a: Reuniclus|brn
|
|upkeep
|turn|5
|
|t:|1735219968
|switch|p1a: Tyranitar|Tyranitar, M|100/100
|-damage|p1a: Tyranitar|88/100|[from] Stealth Rock
|-damage|p1a: Tyranitar|71/100|[from] Spikes
|-weather|Sandstorm|[from] ability: Sand Stream|[of] p1a: Tyranitar
|move|p2a: Reuniclus|Recover|p2a: Reuniclus
|-heal|p2a: Reuniclus|100/100 brn
|
|-weather|Sandstorm|[upkeep]
|upkeep
|turn|6
|inactive|HydreigonSpammer has 120 seconds left.
|
|t:|1735220008
|-activate|p2a: Reuniclus|move: Pursuit
|move|p1a: Tyranitar|Pursuit|p2a: Reuniclus|[from]Pursuit
|-supereffective|p2a: Reuniclus
|-damage|p2a: Reuniclus|48/100 brn
|switch|p2a: Skarmory|Skarmory, M|68/100
|-damage|p2a: Skarmory|56/100|[from] Stealth Rock
|
|-weather|Sandstorm|[upkeep]
|-heal|p2a: Skarmory|62/100|[from] item: Leftovers
|upkeep
|turn|7
|
|t:|1735220015
|move|p2a: Skarmory|Spikes|p1a: Tyranitar
|-sidestart|p1: Zerotti|Spikes
|move|p1a: Tyranitar|Flamethrower|p2a: Skarmory
|-supereffective|p2a: Skarmory
|-damage|p2a: Skarmory|20/100
|
|-weather|Sandstorm|[upkeep]
|-heal|p2a: Skarmory|26/100|[from] item: Leftovers
|upkeep
|turn|8
|
|t:|1735220022
|move|p2a: Skarmory|Roost|p2a: Skarmory
|-heal|p2a: Skarmory|76/100
|-singleturn|p2a: Skarmory|move: Roost
|move|p1a: Tyranitar|Flamethrower|p2a: Skarmory
|-supereffective|p2a: Skarmory
|-damage|p2a: Skarmory|35/100
|
|-weather|Sandstorm|[upkeep]
|-heal|p2a: Skarmory|41/100|[from] item: Leftovers
|upkeep
|turn|9
|
|t:|1735220028
|move|p2a: Skarmory|Roost|p2a: Skarmory
|-heal|p2a: Skarmory|91/100
|-singleturn|p2a: Skarmory|move: Roost
|move|p1a: Tyranitar|Thunder Wave|p2a: Skarmory
|-status|p2a: Skarmory|par
|
|-weather|Sandstorm|[upkeep]
|-heal|p2a: Skarmory|97/100 par|[from] item: Leftovers
|upkeep
|turn|10
|
|t:|1735220038
|move|p1a: Tyranitar|Flamethrower|p2a: Skarmory
|-supereffective|p2a: Skarmory
|-damage|p2a: Skarmory|54/100 par
|move|p2a: Skarmory|Whirlwind|p1a: Tyranitar
|drag|p1a: Keldeo|Keldeo|100/100
|-damage|p1a: Keldeo|94/100|[from] Stealth Rock
|-damage|p1a: Keldeo|70/100|[from] Spikes
|
|-weather|Sandstorm|[upkeep]
|-damage|p1a: Keldeo|63/100|[from] Sandstorm
|-heal|p1a: Keldeo|70/100|[from] item: Leftovers
|-heal|p2a: Skarmory|60/100 par|[from] item: Leftovers
|upkeep
|turn|11
|
|t:|1735220048
|move|p1a: Keldeo|Scald|p2a: Skarmory
|-damage|p2a: Skarmory|20/100 par
|move|p2a: Skarmory|Whirlwind|p1a: Keldeo
|drag|p1a: Tyranitar|Tyranitar, M|71/100
|-damage|p1a: Tyranitar|59/100|[from] Stealth Rock
|-damage|p1a: Tyranitar|34/100|[from] Spikes
|
|-weather|Sandstorm|[upkeep]
|-heal|p2a: Skarmory|26/100 par|[from] item: Leftovers
|upkeep
|turn|12
|
|t:|1735220068
|move|p1a: Tyranitar|Flamethrower|p2a: Skarmory
|-supereffective|p2a: Skarmory
|-damage|p2a: Skarmory|0 fnt
|faint|p2a: Skarmory
|
|-weather|Sandstorm|[upkeep]
|upkeep
|
|t:|1735220076
|switch|p2a: Landorus|Landorus-Therian, M|100/100
|-damage|p2a: Landorus|88/100|[from] Stealth Rock
|-ability|p2a: Landorus|Intimidate|boost
|-unboost|p1a: Tyranitar|atk|1
|turn|13
|
|t:|1735220080
|switch|p1a: Landorus|Landorus-Therian, M|100/100
|-damage|p1a: Landorus|88/100|[from] Stealth Rock
|-ability|p1a: Landorus|Intimidate|boost
|-unboost|p2a: Landorus|atk|1
|move|p2a: Landorus|U-turn|p1a: Landorus
|-resisted|p1a: Landorus
|-damage|p1a: Landorus|80/100
|
|t:|1735220093
|switch|p2a: ToXiiic|Clefable, F, shiny|100/100|[from] U-turn
|
|-weather|Sandstorm|[upkeep]
|-heal|p1a: Landorus|86/100|[from] item: Leftovers
|upkeep
|turn|14
|
|t:|1735220111
|move|p1a: Landorus|U-turn|p2a: ToXiiic
|-damage|p2a: ToXiiic|78/100
|
|t:|1735220122
|switch|p1a: Ferrothorn|Ferrothorn, M|100/100|[from] U-turn
|-damage|p1a: Ferrothorn|95/100|[from] Stealth Rock
|-damage|p1a: Ferrothorn|70/100|[from] Spikes
|move|p2a: ToXiiic|Soft-Boiled|p2a: ToXiiic
|-heal|p2a: ToXiiic|100/100
|
|-weather|Sandstorm|[upkeep]
|upkeep
|turn|15
|
|t:|1735220144
|switch|p2a: Reuniclus|Reuniclus, F|48/100 brn
|move|p1a: Ferrothorn|Spikes|p2a: Reuniclus
|-sidestart|p2: HydreigonSpammer|Spikes
|
|-weather|Sandstorm|[upkeep]
|upkeep
|turn|16
|
|t:|1735220156
|move|p2a: Reuniclus|Recover|p2a: Reuniclus
|-heal|p2a: Reuniclus|98/100 brn
|move|p1a: Ferrothorn|Knock Off|p2a: Reuniclus
|-supereffective|p2a: Reuniclus
|-crit|p2a: Reuniclus
|-damage|p2a: Reuniclus|85/100 brn
|-enditem|p2a: Reuniclus|Life Orb|[from] move: Knock Off|[of] p1a: Ferrothorn
|
|-weather|Sandstorm|[upkeep]
|upkeep
|turn|17
|
|t:|1735220168
|move|p2a: Reuniclus|Calm Mind|p2a: Reuniclus
|-boost|p2a: Reuniclus|spa|1
|-boost|p2a: Reuniclus|spd|1
|move|p1a: Ferrothorn|Spikes|p2a: Reuniclus
|-sidestart|p2: HydreigonSpammer|Spikes
|
|-weather|Sandstorm|[upkeep]
|upkeep
|turn|18
|
|t:|1735220190
|switch|p1a: Latios|Latios, M|100/100
|-damage|p1a: Latios|88/100|[from] Stealth Rock
|move|p2a: Reuniclus|Calm Mind|p2a: Reuniclus
|-boost|p2a: Reuniclus|spa|1
|-boost|p2a: Reuniclus|spd|1
|
|-weather|Sandstorm|[upkeep]
|-damage|p1a: Latios|82/100|[from] Sandstorm
|upkeep
|turn|19
|
|t:|1735220193
|move|p1a: Latios|Trick|p2a: Reuniclus
|-activate|p1a: Latios|move: Trick|[of] p2a: Reuniclus
|-item|p2a: Reuniclus|Choice Scarf|[from] move: Trick
|-enditem|p1a: Latios|Choice Scarf|[silent]|[from] move: Trick
|move|p2a: Reuniclus|Psyshock|p1a: Latios
|-resisted|p1a: Latios
|-damage|p1a: Latios|38/100
|
|-weather|Sandstorm|[upkeep]
|-damage|p1a: Latios|32/100|[from] Sandstorm
|upkeep
|turn|20
|
|t:|1735220214
|switch|p1a: Tyranitar|Tyranitar, M|34/100
|-damage|p1a: Tyranitar|22/100|[from] Stealth Rock
|-damage|p1a: Tyranitar|0 fnt|[from] Spikes
|faint|p1a: Tyranitar
|move|p2a: Reuniclus|Psyshock|p1: Tyranitar|[notarget]
|-fail|p2a: Reuniclus
|
|-weather|Sandstorm|[upkeep]
|upkeep
|
|t:|1735220219
|switch|p1a: Ferrothorn|Ferrothorn, M|70/100
|-damage|p1a: Ferrothorn|64/100|[from] Stealth Rock
|-damage|p1a: Ferrothorn|39/100|[from] Spikes
|turn|21
|
|t:|1735220224
|move|p2a: Reuniclus|Psyshock|p1a: Ferrothorn
|-resisted|p1a: Ferrothorn
|-damage|p1a: Ferrothorn|14/100
|move|p1a: Ferrothorn|Power Whip|p2a: Reuniclus
|-damage|p2a: Reuniclus|58/100 brn
|
|-weather|Sandstorm|[upkeep]
|upkeep
|turn|22
|
|t:|1735220229
|move|p2a: Reuniclus|Psyshock|p1a: Ferrothorn
|-resisted|p1a: Ferrothorn
|-damage|p1a: Ferrothorn|0 fnt
|faint|p1a: Ferrothorn
|
|-weather|Sandstorm|[upkeep]
|upkeep
|
|t:|1735220235
|switch|p1a: Alakazam|Alakazam, M|100/100
|turn|23
|
|t:|1735220244
|switch|p2a: ToXiiic|Clefable, F, shiny|100/100
|move|p1a: Alakazam|Shadow Ball|p2a: ToXiiic
|-immune|p2a: ToXiiic
|
|-weather|Sandstorm|[upkeep]
|upkeep
|turn|24
|
|t:|1735220252
|move|p1a: Alakazam|Psychic|p2a: ToXiiic
|-damage|p2a: ToXiiic|54/100
|move|p2a: ToXiiic|Thunder Wave|p1a: Alakazam
|-status|p1a: Alakazam|par
|
|-weather|Sandstorm|[upkeep]
|-heal|p2a: ToXiiic|60/100|[from] item: Leftovers
|upkeep
|turn|25
|
|t:|1735220260
|move|p2a: ToXiiic|Soft-Boiled|p2a: ToXiiic
|-heal|p2a: ToXiiic|100/100
|move|p1a: Alakazam|Psychic|p2a: ToXiiic
|-damage|p2a: ToXiiic|61/100
|
|-weather|Sandstorm|[upkeep]
|-heal|p2a: ToXiiic|67/100|[from] item: Leftovers
|upkeep
|turn|26
|
|t:|1735220265
|move|p2a: ToXiiic|Knock Off|p1a: Alakazam
|-supereffective|p1a: Alakazam
|-damage|p1a: Alakazam|88/100 par
|-enditem|p1a: Alakazam|Life Orb|[from] move: Knock Off|[of] p2a: ToXiiic
|move|p1a: Alakazam|Psychic|p2a: ToXiiic
|-damage|p2a: ToXiiic|33/100
|
|-weather|Sandstorm|[upkeep]
|-heal|p2a: ToXiiic|39/100|[from] item: Leftovers
|upkeep
|turn|27
|
|t:|1735220273
|move|p2a: ToXiiic|Soft-Boiled|p2a: ToXiiic
|-heal|p2a: ToXiiic|89/100
|move|p1a: Alakazam|Shadow Ball|p2a: ToXiiic
|-immune|p2a: ToXiiic
|
|-weather|Sandstorm|[upkeep]
|-heal|p2a: ToXiiic|95/100|[from] item: Leftovers
|upkeep
|turn|28
|
|t:|1735220279
|move|p2a: ToXiiic|Seismic Toss|p1a: Alakazam
|-damage|p1a: Alakazam|48/100 par
|move|p1a: Alakazam|Psychic|p2a: ToXiiic
|-damage|p2a: ToXiiic|63/100
|
|-weather|Sandstorm|[upkeep]
|-heal|p2a: ToXiiic|69/100|[from] item: Leftovers
|upkeep
|turn|29
|
|t:|1735220284
|move|p2a: ToXiiic|Seismic Toss|p1a: Alakazam
|-damage|p1a: Alakazam|8/100 par
|move|p1a: Alakazam|Psychic|p2a: ToXiiic
|-damage|p2a: ToXiiic|33/100
|
|-weather|Sandstorm|[upkeep]
|-heal|p2a: ToXiiic|39/100|[from] item: Leftovers
|upkeep
|turn|30
|
|t:|1735220287
|move|p2a: ToXiiic|Soft-Boiled|p2a: ToXiiic
|-heal|p2a: ToXiiic|89/100
|move|p1a: Alakazam|Psychic|p2a: ToXiiic
|-damage|p2a: ToXiiic|55/100
|
|-weather|Sandstorm|[upkeep]
|-heal|p2a: ToXiiic|61/100|[from] item: Leftovers
|upkeep
|turn|31
|
|t:|1735220290
|move|p2a: ToXiiic|Soft-Boiled|p2a: ToXiiic
|-heal|p2a: ToXiiic|100/100
|move|p1a: Alakazam|Psychic|p2a: ToXiiic
|-damage|p2a: ToXiiic|65/100
|
|-weather|Sandstorm|[upkeep]
|-heal|p2a: ToXiiic|71/100|[from] item: Leftovers
|upkeep
|turn|32
|
|t:|1735220294
|move|p2a: ToXiiic|Seismic Toss|p1a: Alakazam
|-damage|p1a: Alakazam|0 fnt
|faint|p1a: Alakazam
|
|-weather|Sandstorm|[upkeep]
|-heal|p2a: ToXiiic|77/100|[from] item: Leftovers
|upkeep
|
|t:|1735220297
|switch|p1a: Keldeo|Keldeo|70/100
|-damage|p1a: Keldeo|63/100|[from] Stealth Rock
|-damage|p1a: Keldeo|39/100|[from] Spikes
|turn|33
|
|t:|1735220303
|switch|p2a: Reuniclus|Reuniclus, F|58/100 brn
|move|p1a: Keldeo|Secret Sword|p2a: Reuniclus
|-resisted|p2a: Reuniclus
|-crit|p2a: Reuniclus
|-damage|p2a: Reuniclus|25/100 brn
|
|-weather|Sandstorm|[upkeep]
|-damage|p1a: Keldeo|32/100|[from] Sandstorm
|-heal|p1a: Keldeo|39/100|[from] item: Leftovers
|upkeep
|turn|34
|
|t:|1735220309
|move|p1a: Keldeo|Scald|p2a: Reuniclus
|-damage|p2a: Reuniclus|0 fnt
|faint|p2a: Reuniclus
|
|-weather|Sandstorm|[upkeep]
|-damage|p1a: Keldeo|32/100|[from] Sandstorm
|-heal|p1a: Keldeo|39/100|[from] item: Leftovers
|upkeep
|
|t:|1735220316
|switch|p2a: Alakazam|Alakazam, M|100/100
|turn|35
|
|t:|1735220323
|switch|p1a: Latios|Latios, M|32/100
|-damage|p1a: Latios|19/100|[from] Stealth Rock
|move|p2a: Alakazam|Psyshock|p1a: Latios
|-resisted|p1a: Latios
|-damage|p1a: Latios|0 fnt
|faint|p1a: Latios
|
|-weather|Sandstorm|[upkeep]
|upkeep
|
|t:|1735220324
|switch|p1a: Landorus|Landorus-Therian, M|86/100
|-damage|p1a: Landorus|73/100|[from] Stealth Rock
|-ability|p1a: Landorus|Intimidate|boost
|-unboost|p2a: Alakazam|atk|1
|turn|36
|
|t:|1735220335
|move|p2a: Alakazam|Psyshock|p1a: Landorus
|-damage|p1a: Landorus|32/100
|move|p1a: Landorus|Earthquake|p2a: Alakazam
|-enditem|p2a: Alakazam|Focus Sash
|-damage|p2a: Alakazam|1/100
|
|-weather|Sandstorm|[upkeep]
|-heal|p1a: Landorus|38/100|[from] item: Leftovers
|upkeep
|turn|37
|
|t:|1735220345
|move|p2a: Alakazam|Psyshock|p1a: Landorus
|-damage|p1a: Landorus|0 fnt
|faint|p1a: Landorus
|
|-weather|Sandstorm|[upkeep]
|upkeep
|
|t:|1735220348
|switch|p1a: Keldeo|Keldeo|39/100
|-damage|p1a: Keldeo|32/100|[from] Stealth Rock
|-damage|p1a: Keldeo|8/100|[from] Spikes
|turn|38
|
|t:|1735220353
|move|p2a: Alakazam|Hidden Power|p1a: Keldeo
|-resisted|p1a: Keldeo
|-damage|p1a: Keldeo|0 fnt
|faint|p1a: Keldeo
|
|win|HydreigonSpammer
|raw|Zerotti's rating: 1317 &rarr; <strong>1301</strong><br />(-16 for losing)
|raw|HydreigonSpammer's rating: 1382 &rarr; <strong>1398</strong><br />(+16 for winning)
