|j|☆ReddishGold
|j|☆Frexa ✘
|player|p1|ReddishGold|101|1285
|player|p2|Frexa ✘|169|1560
|teamsize|p1|6
|teamsize|p2|6
|gametype|singles
|gen|5
|tier|[Gen 5] OU
|rated|
|rule|Sleep Clause Mod: Limit one foe put to sleep
|rule|Species Clause: Limit one of each Pokémon
|rule|OHKO Clause: OHKO moves are banned
|rule|Moody Clause: Moody is banned
|rule|Evasion Moves Clause: Evasion moves are banned
|rule|Endless Battle Clause: Forcing endless battles is banned
|rule|HP Percentage Mod: HP is shown in percentages
|rule|Evasion Abilities Clause: Evasion abilities are banned
|rule|Baton Pass Clause: Limit one Baton Passer, can't pass Spe and other stats simultaneously
|rule|Swagger Clause: Swagger is banned
|clearpoke
|poke|p1|Azelf|item
|poke|p1|Infernape, M|item
|poke|p1|Gyarados, M|item
|poke|p1|Latios, M|item
|poke|p1|Keldeo-Resolute|item
|poke|p1|Raikou|item
|poke|p2|Garchomp, F|item
|poke|p2|Breloom, M|item
|poke|p2|Scizor, M|item
|poke|p2|Dragonite, F|item
|poke|p2|Starmie|item
|poke|p2|Volcarona, M|item
|teampreview
|inactive|Battle timer is ON: inactive players will automatically lose when time's up. (requested by ReddishGold)
|
|start
|switch|p1a: Infernape|Infernape, M, shiny|100/100
|switch|p2a: Breloom|Breloom, M|100/100
|turn|1
|
|move|p1a: Infernape|Stealth Rock|p2a: Breloom
|-sidestart|p2: Frexa ✘|move: Stealth Rock
|move|p2a: Breloom|Spore|p1a: Infernape
|-status|p1a: Infernape|slp|[from] move: Spore
|
|upkeep
|turn|2
|
|switch|p1a: Gyarados|Gyarados, M, shiny|100/100
|move|p2a: Breloom|Low Sweep|p1a: Gyarados
|-resisted|p1a: Gyarados
|-damage|p1a: Gyarados|69/100
|-unboost|p1a: Gyarados|spe|1
|
|upkeep
|turn|3
|
|move|p2a: Breloom|Bullet Seed|p1a: Gyarados
|-damage|p1a: Gyarados|42/100
|-damage|p1a: Gyarados|14/100
|-damage|p1a: Gyarados|0 fnt
|-hitcount|p1a: Gyarados|3
|faint|p1a: Gyarados
|
|upkeep
|
|switch|p1a: Latios|Latios, M, shiny|100/100
|turn|4
|
|move|p1a: Latios|Thunder|p2a: Breloom
|-resisted|p2a: Breloom
|-damage|p2a: Breloom|61/100
|-status|p2a: Breloom|par
|move|p2a: Breloom|Low Sweep|p1a: Latios
|-resisted|p1a: Latios
|-damage|p1a: Latios|64/100
|-unboost|p1a: Latios|spe|1
|
|upkeep
|turn|5
|
|move|p1a: Latios|Psyshock|p2a: Breloom
|-supereffective|p2a: Breloom
|-damage|p2a: Breloom|0 fnt
|faint|p2a: Breloom
|
|upkeep
|
|switch|p2a: Scizor|Scizor, M|100/100
|-damage|p2a: Scizor|88/100|[from] Stealth Rock
|turn|6
|
|-activate|p1a: Latios|move: Pursuit
|move|p2a: Scizor|Pursuit|p1a: Latios|[from]Pursuit
|-supereffective|p1a: Latios
|-damage|p1a: Latios|0 fnt
|-hint|A Pokemon can't switch between when it runs out of HP and when it faints
|faint|p1a: Latios
|
|upkeep
|
|switch|p1a: Raikou|Raikou, shiny|100/100
|-ability|p1a: Raikou|Pressure
|turn|7
|
|move|p1a: Raikou|Calm Mind|p1a: Raikou
|-boost|p1a: Raikou|spa|1
|-boost|p1a: Raikou|spd|1
|move|p2a: Scizor|Pursuit|p1a: Raikou
|-damage|p1a: Raikou|50/100
|
|upkeep
|turn|8
|
|move|p1a: Raikou|Thunderbolt|p2a: Scizor
|-crit|p2a: Scizor
|-damage|p2a: Scizor|0 fnt
|faint|p2a: Scizor
|
|upkeep
|c|☆Frexa ✘|ajjaaja
|
|switch|p2a: Garchomp|Garchomp, F|100/100
|-damage|p2a: Garchomp|94/100|[from] Stealth Rock
|turn|9
|
|move|p2a: Garchomp|Earthquake|p1a: Raikou
|-supereffective|p1a: Raikou
|-crit|p1a: Raikou
|-damage|p1a: Raikou|0 fnt
|faint|p1a: Raikou
|
|upkeep
|
|switch|p1a: Azelf|Azelf, shiny|100/100
|turn|10
|
|move|p1a: Azelf|Nasty Plot|p1a: Azelf
|-boost|p1a: Azelf|spa|2
|move|p2a: Garchomp|Outrage|p1a: Azelf
|-damage|p1a: Azelf|5/100
|
|upkeep
|turn|11
|
|move|p1a: Azelf|Psyshock|p2a: Garchomp
|-damage|p2a: Garchomp|19/100
|move|p2a: Garchomp|Outrage|p1a: Azelf|[from]lockedmove
|-damage|p1a: Azelf|0 fnt
|faint|p1a: Azelf
|
|upkeep
|
|switch|p1a: Keldeo|Keldeo-Resolute|100/100
|turn|12
|c|☆Frexa ✘|u did ur best
|
|move|p1a: Keldeo|Icy Wind|p2a: Garchomp
|-supereffective|p2a: Garchomp
|-enditem|p2a: Garchomp|Yache Berry|[eat]
|-enditem|p2a: Garchomp|Yache Berry|[weaken]
|-damage|p2a: Garchomp|0 fnt
|faint|p2a: Garchomp
|
|upkeep
|
|switch|p2a: Starmie|Starmie|100/100
|-damage|p2a: Starmie|88/100|[from] Stealth Rock
|turn|13
|c|☆ReddishGold|ye
|
|move|p2a: Starmie|Rapid Spin|p1a: Keldeo
|-damage|p1a: Keldeo|97/100
|-sideend|p2: Frexa ✘|Stealth Rock|[from] move: Rapid Spin|[of] p2a: Starmie
|move|p1a: Keldeo|Hidden Power|p2a: Starmie
|-supereffective|p2a: Starmie
|-damage|p2a: Starmie|0 fnt
|faint|p2a: Starmie
|
|upkeep
|c|☆ReddishGold|o.o
|
|switch|p2a: Dragonite|Dragonite, F|100/100
|turn|14
|
|move|p1a: Keldeo|Icy Wind|p2a: Dragonite
|-supereffective|p2a: Dragonite
|-damage|p2a: Dragonite|50/100
|-unboost|p2a: Dragonite|spe|1
|move|p2a: Dragonite|Outrage|p1a: Keldeo
|-damage|p1a: Keldeo|17/100
|
|upkeep
|turn|15
|
|move|p1a: Keldeo|Icy Wind|p2a: Dragonite
|-supereffective|p2a: Dragonite
|-damage|p2a: Dragonite|0 fnt
|faint|p2a: Dragonite
|
|upkeep
|c|☆ReddishGold|welp
|c|☆ReddishGold|gg
|
|switch|p2a: Volcarona|Volcarona, M|100/100
|turn|16
|
|move|p1a: Keldeo|Scald|p2a: Volcarona
|-supereffective|p2a: Volcarona
|-damage|p2a: Volcarona|0 fnt
|faint|p2a: Volcarona
|
|win|ReddishGold
|raw|ReddishGold's rating: 1285 &rarr; <strong>1327</strong><br />(+42 for winning)
|raw|Frexa ✘'s rating: 1560 &rarr; <strong>1526</strong><br />(-34 for losing)
|l|☆Frexa ✘
