|j|☆SattleBimulator
|j|☆HydreigonSpammer
|t:|1736436314
|gametype|singles
|player|p1|SattleBimulator|170|1362
|player|p2|HydreigonSpammer|iris|1453
|teamsize|p1|6
|teamsize|p2|6
|gen|5
|tier|[Gen 5] OU
|rated|
|rule|Species Clause: Limit one of each Pokémon
|rule|OHKO Clause: OHKO moves are banned
|rule|Moody Clause: Moody is banned
|rule|Evasion Items Clause: Evasion items are banned
|rule|Evasion Moves Clause: Evasion moves are banned
|rule|Endless Battle Clause: Forcing endless battles is banned
|rule|HP Percentage Mod: HP is shown in percentages
|rule|Evasion Abilities Clause: Evasion abilities are banned
|rule|Sleep Moves Clause: Sleep-inducing moves are banned
|rule|Swagger Clause: Swagger is banned
|rule|Baton Pass Stat Clause: No Baton Passer may have a way to boost its stats
|clearpoke
|poke|p1|Ferrothorn, F|item
|poke|p1|Breloom, F|item
|poke|p1|Scizor, F|item
|poke|p1|Alakazam, F|item
|poke|p1|Starmie|item
|poke|p1|Latios, M|item
|poke|p2|Rotom|item
|poke|p2|Hippowdon, M|item
|poke|p2|Reuniclus, F|item
|poke|p2|Alakazam, M|item
|poke|p2|Ferrothorn, F|item
|poke|p2|Latios, M|item
|teampreview
|inactive|Battle timer is ON: inactive players will automatically lose when time's up. (requested by SattleBimulator)
|inactive|HydreigonSpammer has 120 seconds left.
|
|t:|1736436353
|start
|switch|p1a: Ferrothorn|Ferrothorn, F|100/100
|switch|p2a: Rotom|Rotom|100/100
|turn|1
|
|t:|1736436360
|move|p2a: Rotom|Will-O-Wisp|p1a: Ferrothorn
|-status|p1a: Ferrothorn|brn
|move|p1a: Ferrothorn|Stealth Rock|p2a: Rotom
|-sidestart|p2: HydreigonSpammer|move: Stealth Rock
|
|-damage|p1a: Ferrothorn|88/100 brn|[from] brn
|upkeep
|turn|2
|
|t:|1736436365
|move|p2a: Rotom|Volt Switch|p1a: Ferrothorn
|-resisted|p1a: Ferrothorn
|-damage|p1a: Ferrothorn|80/100 brn
|j| chomp29
|
|t:|1736436370
|switch|p2a: Hippowdon|Hippowdon, M|100/100|[from] Volt Switch
|-damage|p2a: Hippowdon|94/100|[from] Stealth Rock
|-weather|Sandstorm|[from] ability: Sand Stream|[of] p2a: Hippowdon
|move|p1a: Ferrothorn|Spikes|p2a: Hippowdon
|-sidestart|p2: HydreigonSpammer|Spikes
|
|-weather|Sandstorm|[upkeep]
|-heal|p2a: Hippowdon|100/100|[from] item: Leftovers
|-damage|p1a: Ferrothorn|67/100 brn|[from] brn
|upkeep
|turn|3
|
|t:|1736436377
|move|p2a: Hippowdon|Stealth Rock|p1a: Ferrothorn
|-sidestart|p1: SattleBimulator|move: Stealth Rock
|move|p1a: Ferrothorn|Leech Seed|p2a: Hippowdon|[miss]
|-miss|p1a: Ferrothorn|p2a: Hippowdon
|
|-weather|Sandstorm|[upkeep]
|-damage|p1a: Ferrothorn|55/100 brn|[from] brn
|upkeep
|turn|4
|
|t:|1736436382
|switch|p2a: Ferrothorn|Ferrothorn, F|100/100
|-damage|p2a: Ferrothorn|94/100|[from] Stealth Rock
|-damage|p2a: Ferrothorn|82/100|[from] Spikes
|move|p1a: Ferrothorn|Spikes|p2a: Ferrothorn
|-sidestart|p2: HydreigonSpammer|Spikes
|
|-weather|Sandstorm|[upkeep]
|-heal|p2a: Ferrothorn|88/100|[from] item: Leftovers
|-damage|p1a: Ferrothorn|43/100 brn|[from] brn
|upkeep
|turn|5
|
|t:|1736436385
|move|p2a: Ferrothorn|Spikes|p1a: Ferrothorn
|-sidestart|p1: SattleBimulator|Spikes
|move|p1a: Ferrothorn|Spikes|p2a: Ferrothorn
|-sidestart|p2: HydreigonSpammer|Spikes
|
|-weather|Sandstorm|[upkeep]
|-heal|p2a: Ferrothorn|94/100|[from] item: Leftovers
|-damage|p1a: Ferrothorn|31/100 brn|[from] brn
|upkeep
|turn|6
|
|t:|1736436388
|move|p2a: Ferrothorn|Spikes|p1a: Ferrothorn
|-sidestart|p1: SattleBimulator|Spikes
|move|p1a: Ferrothorn|Gyro Ball|p2a: Ferrothorn
|-resisted|p2a: Ferrothorn
|-damage|p2a: Ferrothorn|92/100
|-damage|p1a: Ferrothorn|18/100 brn|[from] ability: Iron Barbs|[of] p2a: Ferrothorn
|
|-weather|Sandstorm|[upkeep]
|-heal|p2a: Ferrothorn|99/100|[from] item: Leftovers
|-damage|p1a: Ferrothorn|6/100 brn|[from] brn
|upkeep
|turn|7
|
|t:|1736436391
|move|p2a: Ferrothorn|Spikes|p1a: Ferrothorn
|-sidestart|p1: SattleBimulator|Spikes
|move|p1a: Ferrothorn|Gyro Ball|p2a: Ferrothorn
|-resisted|p2a: Ferrothorn
|-damage|p2a: Ferrothorn|96/100
|-damage|p1a: Ferrothorn|0 fnt|[from] ability: Iron Barbs|[of] p2a: Ferrothorn
|faint|p1a: Ferrothorn
|
|-weather|Sandstorm|[upkeep]
|-heal|p2a: Ferrothorn|100/100|[from] item: Leftovers
|upkeep
|
|t:|1736436395
|switch|p1a: Starmie|Starmie|100/100
|-damage|p1a: Starmie|88/100|[from] Stealth Rock
|-item|p1a: Starmie|Air Balloon
|turn|8
|
|t:|1736436400
|switch|p2a: Rotom|Rotom|100/100
|-damage|p2a: Rotom|88/100|[from] Stealth Rock
|move|p1a: Starmie|Rapid Spin|p2a: Rotom
|-immune|p2a: Rotom
|
|-weather|Sandstorm|[upkeep]
|-damage|p1a: Starmie|82/100|[from] Sandstorm
|-damage|p2a: Rotom|82/100|[from] Sandstorm
|-heal|p2a: Rotom|88/100|[from] item: Leftovers
|upkeep
|turn|9
|
|t:|1736436418
|move|p1a: Starmie|Scald|p2a: Rotom
|-crit|p2a: Rotom
|-damage|p2a: Rotom|0 fnt
|faint|p2a: Rotom
|
|-weather|Sandstorm|[upkeep]
|-damage|p1a: Starmie|76/100|[from] Sandstorm
|upkeep
|inactive|HydreigonSpammer has 120 seconds left.
|
|t:|1736436444
|switch|p2a: Alakazam|Alakazam, M|100/100
|turn|10
|inactive|HydreigonSpammer has 120 seconds left.
|
|t:|1736436457
|switch|p1a: Scizor|Scizor, F|100/100
|-damage|p1a: Scizor|88/100|[from] Stealth Rock
|-damage|p1a: Scizor|63/100|[from] Spikes
|move|p2a: Alakazam|Signal Beam|p1a: Scizor
|-resisted|p1a: Scizor
|-damage|p1a: Scizor|42/100
|
|-weather|Sandstorm|[upkeep]
|upkeep
|turn|11
|inactive|HydreigonSpammer has 120 seconds left.
|
|t:|1736436487
|-activate|p2a: Alakazam|move: Pursuit
|move|p1a: Scizor|Pursuit|p2a: Alakazam|[from]Pursuit
|-supereffective|p2a: Alakazam
|-enditem|p2a: Alakazam|Focus Sash
|-damage|p2a: Alakazam|1/100
|-damage|p1a: Scizor|33/100|[from] item: Life Orb
|switch|p2a: Hippowdon|Hippowdon, M|100/100
|-damage|p2a: Hippowdon|94/100|[from] Stealth Rock
|-damage|p2a: Hippowdon|69/100|[from] Spikes
|
|-weather|Sandstorm|[upkeep]
|-heal|p2a: Hippowdon|75/100|[from] item: Leftovers
|upkeep
|turn|12
|
|t:|1736436502
|switch|p1a: Starmie|Starmie|76/100
|-damage|p1a: Starmie|64/100|[from] Stealth Rock
|-item|p1a: Starmie|Air Balloon
|move|p2a: Hippowdon|Whirlwind|p1a: Starmie
|drag|p1a: Breloom|Breloom, F|100/100
|-damage|p1a: Breloom|94/100|[from] Stealth Rock
|-damage|p1a: Breloom|69/100|[from] Spikes
|
|-weather|Sandstorm|[upkeep]
|-damage|p1a: Breloom|63/100|[from] Sandstorm
|-heal|p2a: Hippowdon|82/100|[from] item: Leftovers
|upkeep
|turn|13
|inactive|HydreigonSpammer has 90 seconds left.
|
|t:|1736436524
|move|p1a: Breloom|Bullet Seed|p2a: Hippowdon
|-supereffective|p2a: Hippowdon
|-damage|p2a: Hippowdon|53/100
|-supereffective|p2a: Hippowdon
|-damage|p2a: Hippowdon|23/100
|-hitcount|p2a: Hippowdon|2
|-damage|p1a: Breloom|53/100|[from] item: Life Orb
|move|p2a: Hippowdon|Whirlwind|p1a: Breloom
|drag|p1a: Starmie|Starmie|64/100
|-damage|p1a: Starmie|51/100|[from] Stealth Rock
|-item|p1a: Starmie|Air Balloon
|
|-weather|Sandstorm|[upkeep]
|-damage|p1a: Starmie|45/100|[from] Sandstorm
|-heal|p2a: Hippowdon|29/100|[from] item: Leftovers
|upkeep
|turn|14
|
|t:|1736436530
|move|p1a: Starmie|Rapid Spin|p2a: Hippowdon
|-damage|p2a: Hippowdon|27/100
|-sideend|p1: SattleBimulator|Spikes|[from] move: Rapid Spin|[of] p1a: Starmie
|-sideend|p1: SattleBimulator|Stealth Rock|[from] move: Rapid Spin|[of] p1a: Starmie
|move|p2a: Hippowdon|Slack Off|p2a: Hippowdon
|-heal|p2a: Hippowdon|77/100
|
|-weather|Sandstorm|[upkeep]
|-damage|p1a: Starmie|39/100|[from] Sandstorm
|-heal|p2a: Hippowdon|83/100|[from] item: Leftovers
|upkeep
|turn|15
|
|t:|1736436533
|switch|p2a: Ferrothorn|Ferrothorn, F|100/100
|-damage|p2a: Ferrothorn|94/100|[from] Stealth Rock
|-damage|p2a: Ferrothorn|69/100|[from] Spikes
|move|p1a: Starmie|Scald|p2a: Ferrothorn
|-resisted|p2a: Ferrothorn
|-damage|p2a: Ferrothorn|52/100
|-status|p2a: Ferrothorn|brn
|
|-weather|Sandstorm|[upkeep]
|-damage|p1a: Starmie|33/100|[from] Sandstorm
|-heal|p2a: Ferrothorn|58/100 brn|[from] item: Leftovers
|-damage|p2a: Ferrothorn|46/100 brn|[from] brn
|upkeep
|turn|16
|
|t:|1736436538
|switch|p1a: Breloom|Breloom, F|53/100
|move|p2a: Ferrothorn|Spikes|p1a: Breloom
|-sidestart|p1: SattleBimulator|Spikes
|
|-weather|Sandstorm|[upkeep]
|-damage|p1a: Breloom|47/100|[from] Sandstorm
|-heal|p2a: Ferrothorn|52/100 brn|[from] item: Leftovers
|-damage|p2a: Ferrothorn|40/100 brn|[from] brn
|upkeep
|turn|17
|inactive|HydreigonSpammer has 120 seconds left.
|
|t:|1736436543
|move|p1a: Breloom|Swords Dance|p1a: Breloom
|-boost|p1a: Breloom|atk|2
|move|p2a: Ferrothorn|Thunder Wave|p1a: Breloom
|-status|p1a: Breloom|par
|
|-weather|Sandstorm|[upkeep]
|-damage|p1a: Breloom|41/100 par|[from] Sandstorm
|-heal|p2a: Ferrothorn|46/100 brn|[from] item: Leftovers
|-damage|p2a: Ferrothorn|33/100 brn|[from] brn
|upkeep
|turn|18
|
|t:|1736436547
|cant|p1a: Breloom|par
|move|p2a: Ferrothorn|Spikes|p1a: Breloom
|-sidestart|p1: SattleBimulator|Spikes
|
|-weather|Sandstorm|[upkeep]
|-damage|p1a: Breloom|35/100 par|[from] Sandstorm
|-heal|p2a: Ferrothorn|40/100 brn|[from] item: Leftovers
|-damage|p2a: Ferrothorn|27/100 brn|[from] brn
|upkeep
|turn|19
|
|t:|1736436550
|move|p1a: Breloom|Mach Punch|p2a: Ferrothorn
|-supereffective|p2a: Ferrothorn
|-damage|p2a: Ferrothorn|0 fnt
|-damage|p1a: Breloom|23/100 par|[from] ability: Iron Barbs|[of] p2a: Ferrothorn
|faint|p2a: Ferrothorn
|-damage|p1a: Breloom|13/100 par|[from] item: Life Orb
|
|-weather|Sandstorm|[upkeep]
|-damage|p1a: Breloom|7/100 par|[from] Sandstorm
|upkeep
|
|t:|1736436555
|switch|p2a: Hippowdon|Hippowdon, M|83/100
|-damage|p2a: Hippowdon|77/100|[from] Stealth Rock
|-damage|p2a: Hippowdon|52/100|[from] Spikes
|turn|20
|
|t:|1736436566
|cant|p1a: Breloom|par
|move|p2a: Hippowdon|Earthquake|p1a: Breloom
|-resisted|p1a: Breloom
|-damage|p1a: Breloom|0 fnt
|faint|p1a: Breloom
|
|-weather|Sandstorm|[upkeep]
|-heal|p2a: Hippowdon|58/100|[from] item: Leftovers
|upkeep
|
|t:|1736436569
|switch|p1a: Starmie|Starmie|33/100
|-item|p1a: Starmie|Air Balloon
|turn|21
|
|t:|1736436578
|switch|p2a: Reuniclus|Reuniclus, F|100/100
|move|p1a: Starmie|Ice Beam|p2a: Reuniclus
|-damage|p2a: Reuniclus|66/100
|
|-weather|Sandstorm|[upkeep]
|-damage|p1a: Starmie|27/100|[from] Sandstorm
|-heal|p2a: Reuniclus|72/100|[from] item: Leftovers
|upkeep
|turn|22
|
|t:|1736436589
|move|p1a: Starmie|Scald|p2a: Reuniclus
|-damage|p2a: Reuniclus|40/100
|-status|p2a: Reuniclus|brn
|move|p2a: Reuniclus|Calm Mind|p2a: Reuniclus
|-boost|p2a: Reuniclus|spa|1
|-boost|p2a: Reuniclus|spd|1
|
|-weather|Sandstorm|[upkeep]
|-damage|p1a: Starmie|21/100|[from] Sandstorm
|-heal|p2a: Reuniclus|46/100 brn|[from] item: Leftovers
|upkeep
|turn|23
|
|t:|1736436597
|move|p1a: Starmie|Rapid Spin|p2a: Reuniclus
|-damage|p2a: Reuniclus|44/100 brn
|-sideend|p1: SattleBimulator|Spikes|[from] move: Rapid Spin|[of] p1a: Starmie
|move|p2a: Reuniclus|Recover|p2a: Reuniclus
|-heal|p2a: Reuniclus|94/100 brn
|
|-weather|Sandstorm|[upkeep]
|-damage|p1a: Starmie|15/100|[from] Sandstorm
|-heal|p2a: Reuniclus|99/100 brn|[from] item: Leftovers
|upkeep
|turn|24
|
|t:|1736436609
|switch|p1a: Alakazam|Alakazam, F|100/100
|move|p2a: Reuniclus|Psychic|p1a: Alakazam
|-resisted|p1a: Alakazam
|-damage|p1a: Alakazam|58/100
|
|-weather|Sandstorm|[upkeep]
|-heal|p2a: Reuniclus|100/100 brn|[from] item: Leftovers
|upkeep
|turn|25
|
|t:|1736436615
|move|p1a: Alakazam|Shadow Ball|p2a: Reuniclus
|-supereffective|p2a: Reuniclus
|-damage|p2a: Reuniclus|62/100 brn
|move|p2a: Reuniclus|Calm Mind|p2a: Reuniclus
|-boost|p2a: Reuniclus|spa|1
|-boost|p2a: Reuniclus|spd|1
|
|-weather|Sandstorm|[upkeep]
|-heal|p2a: Reuniclus|68/100 brn|[from] item: Leftovers
|upkeep
|turn|26
|
|t:|1736436622
|move|p1a: Alakazam|Shadow Ball|p2a: Reuniclus
|-supereffective|p2a: Reuniclus
|-damage|p2a: Reuniclus|44/100 brn
|move|p2a: Reuniclus|Recover|p2a: Reuniclus
|-heal|p2a: Reuniclus|94/100 brn
|
|-weather|Sandstorm|[upkeep]
|-heal|p2a: Reuniclus|100/100 brn|[from] item: Leftovers
|upkeep
|turn|27
|
|t:|1736436627
|move|p1a: Alakazam|Shadow Ball|p2a: Reuniclus
|-supereffective|p2a: Reuniclus
|-damage|p2a: Reuniclus|73/100 brn
|-unboost|p2a: Reuniclus|spd|1
|move|p2a: Reuniclus|Psychic|p1a: Alakazam
|-resisted|p1a: Alakazam
|-damage|p1a: Alakazam|0 fnt
|faint|p1a: Alakazam
|
|-weather|Sandstorm|[upkeep]
|-heal|p2a: Reuniclus|79/100 brn|[from] item: Leftovers
|upkeep
|
|t:|1736436630
|switch|p1a: Latios|Latios, M|100/100
|turn|28
|
|t:|1736436635
|switch|p2a: Alakazam|Alakazam, M|1/100
|move|p1a: Latios|Trick|p2a: Alakazam
|-activate|p1a: Latios|move: Trick|[of] p2a: Alakazam
|-item|p2a: Alakazam|Choice Scarf|[from] move: Trick
|-enditem|p1a: Latios|Choice Scarf|[silent]|[from] move: Trick
|
|-weather|Sandstorm|[upkeep]
|-damage|p1a: Latios|95/100|[from] Sandstorm
|upkeep
|turn|29
|inactive|HydreigonSpammer has 120 seconds left.
|
|t:|1736436671
|move|p2a: Alakazam|Signal Beam|p1a: Latios
|-supereffective|p1a: Latios
|-damage|p1a: Latios|39/100
|-start|p1a: Latios|confusion
|-activate|p1a: Latios|confusion
|move|p1a: Latios|Psychic|p2a: Alakazam
|-resisted|p2a: Alakazam
|-damage|p2a: Alakazam|0 fnt
|faint|p2a: Alakazam
|
|-weather|Sandstorm|[upkeep]
|-damage|p1a: Latios|33/100|[from] Sandstorm
|upkeep
|inactive|HydreigonSpammer has 120 seconds left.
|
|t:|1736436690
|switch|p2a: Reuniclus|Reuniclus, F|79/100 brn
|turn|30
|
|t:|1736436697
|-activate|p1a: Latios|confusion
|-damage|p1a: Latios|24/100|[from] confusion
|move|p2a: Reuniclus|Recover|p2a: Reuniclus
|-heal|p2a: Reuniclus|100/100 brn
|
|-weather|Sandstorm|[upkeep]
|-damage|p1a: Latios|18/100|[from] Sandstorm
|upkeep
|turn|31
|
|t:|1736436700
|-end|p1a: Latios|confusion
|move|p1a: Latios|Trick|p2a: Reuniclus
|-activate|p1a: Latios|move: Trick|[of] p2a: Reuniclus
|-enditem|p2a: Reuniclus|Leftovers|[silent]|[from] move: Trick
|-item|p1a: Latios|Leftovers|[from] move: Trick
|move|p2a: Reuniclus|Calm Mind|p2a: Reuniclus
|-boost|p2a: Reuniclus|spa|1
|-boost|p2a: Reuniclus|spd|1
|
|-weather|Sandstorm|[upkeep]
|-damage|p1a: Latios|12/100|[from] Sandstorm
|-heal|p1a: Latios|18/100|[from] item: Leftovers
|upkeep
|turn|32
|
|t:|1736436708
|move|p1a: Latios|Draco Meteor|p2a: Reuniclus
|-damage|p2a: Reuniclus|53/100 brn
|-unboost|p1a: Latios|spa|2
|move|p2a: Reuniclus|Recover|p2a: Reuniclus
|-heal|p2a: Reuniclus|100/100 brn
|
|-weather|Sandstorm|[upkeep]
|-damage|p1a: Latios|12/100|[from] Sandstorm
|-heal|p1a: Latios|18/100|[from] item: Leftovers
|upkeep
|turn|33
|
|t:|1736436718
|switch|p1a: Scizor|Scizor, F|33/100
|move|p2a: Reuniclus|Psychic|p1a: Scizor
|-resisted|p1a: Scizor
|-damage|p1a: Scizor|0 fnt
|faint|p1a: Scizor
|
|-weather|Sandstorm|[upkeep]
|upkeep
|-message|SattleBimulator forfeited.
|
|win|HydreigonSpammer
|raw|SattleBimulator's rating: 1362 &rarr; <strong>1347</strong><br />(-15 for losing)
|raw|HydreigonSpammer's rating: 1453 &rarr; <strong>1468</strong><br />(+15 for winning)
|l|☆SattleBimulator
|player|p1|
|l| chomp29
