|j|☆Chripi
|j|☆affksl
|t:|1714921067
|gametype|singles
|player|p1|Chripi|lady-gen4|1381
|player|p2|affksl|pokemaniac-gen3rs|1480
|teamsize|p1|6
|teamsize|p2|6
|gen|5
|tier|[Gen 5] OU
|rated|
|rule|Species Clause: Limit one of each Pokémon
|rule|OHKO Clause: OHKO moves are banned
|rule|Moody Clause: Moody is banned
|rule|Evasion Items Clause: Evasion items are banned
|rule|Evasion Moves Clause: Evasion moves are banned
|rule|Endless Battle Clause: Forcing endless battles is banned
|rule|HP Percentage Mod: HP is shown in percentages
|rule|Evasion Abilities Clause: Evasion abilities are banned
|rule|Sleep Moves Clause: Sleep-inducing moves are banned
|rule|Swagger Clause: Swagger is banned
|rule|Baton Pass Stat Clause: No Baton Passer may have a way to boost its stats
|clearpoke
|poke|p1|Garchomp, F|item
|poke|p1|Kyurem-Black|item
|poke|p1|Latios, M|item
|poke|p1|Magnezone|item
|poke|p1|Jirachi|item
|poke|p1|Starmie|item
|poke|p2|Mew|item
|poke|p2|Uxie|item
|poke|p2|Haxorus, M|item
|poke|p2|Mamoswine, F|item
|poke|p2|Lucario, M|item
|poke|p2|Gyarados, M|item
|teampreview
|inactive|Battle timer is ON: inactive players will automatically lose when time's up. (requested by affksl)
|
|t:|1714921094
|start
|switch|p1a: Jirachi|Jirachi|100/100
|switch|p2a: Mew|Mew|100/100
|turn|1
|
|t:|1714921102
|move|p2a: Mew|Taunt|p1a: Jirachi
|-start|p1a: Jirachi|move: Taunt
|move|p1a: Jirachi|U-turn|p2a: Mew
|-supereffective|p2a: Mew
|-damage|p2a: Mew|72/100
|
|t:|1714921113
|switch|p1a: Starmie|Starmie|100/100|[from] U-turn
|
|upkeep
|turn|2
|
|t:|1714921116
|move|p1a: Starmie|Hydro Pump|p2a: Mew
|-damage|p2a: Mew|25/100
|move|p2a: Mew|Light Screen|p2a: Mew
|-sidestart|p2: affksl|move: Light Screen
|
|upkeep
|turn|3
|
|t:|1714921122
|move|p1a: Starmie|Hydro Pump|p2a: Mew
|-damage|p2a: Mew|4/100
|move|p2a: Mew|Reflect|p2a: Mew
|-sidestart|p2: affksl|Reflect
|
|upkeep
|turn|4
|
|t:|1714921126
|move|p1a: Starmie|Ice Beam|p2a: Mew
|-damage|p2a: Mew|0 fnt
|faint|p2a: Mew
|
|upkeep
|
|t:|1714921129
|switch|p2a: Lucario|Lucario, M|100/100
|turn|5
|
|t:|1714921133
|move|p1a: Starmie|Hydro Pump|p2a: Lucario
|-damage|p2a: Lucario|57/100
|move|p2a: Lucario|Swords Dance|p2a: Lucario
|-boost|p2a: Lucario|atk|2
|
|upkeep
|turn|6
|
|t:|1714921140
|switch|p1a: Magnezone|Magnezone|100/100
|-item|p1a: Magnezone|Air Balloon
|move|p2a: Lucario|Extreme Speed|p1a: Magnezone
|-resisted|p1a: Magnezone
|-damage|p1a: Magnezone|61/100
|-enditem|p1a: Magnezone|Air Balloon
|-damage|p2a: Lucario|47/100|[from] item: Life Orb
|
|upkeep
|turn|7
|
|t:|1714921146
|move|p2a: Lucario|Close Combat|p1a: Magnezone
|-supereffective|p1a: Magnezone
|-damage|p1a: Magnezone|0 fnt
|-unboost|p2a: Lucario|def|1
|-unboost|p2a: Lucario|spd|1
|faint|p1a: Magnezone
|-damage|p2a: Lucario|37/100|[from] item: Life Orb
|
|upkeep
|
|t:|1714921151
|switch|p1a: Garchomp|Garchomp, F|100/100
|turn|8
|
|t:|1714921160
|switch|p2a: Gyarados|Gyarados, M|100/100
|move|p1a: Garchomp|Earthquake|p2a: Gyarados
|-immune|p2a: Gyarados
|
|upkeep
|turn|9
|
|t:|1714921162
|switch|p1a: Starmie|Starmie|100/100
|move|p2a: Gyarados|Dragon Dance|p2a: Gyarados
|-boost|p2a: Gyarados|atk|1
|-boost|p2a: Gyarados|spe|1
|
|-sideend|p2: affksl|move: Light Screen
|upkeep
|turn|10
|
|t:|1714921167
|move|p2a: Gyarados|Bounce||[still]
|-prepare|p2a: Gyarados|Bounce
|move|p1a: Starmie|Thunderbolt|p2a: Gyarados|[miss]
|-miss|p1a: Starmie|p2a: Gyarados
|
|-sideend|p2: affksl|Reflect
|upkeep
|turn|11
|
|t:|1714921179
|move|p2a: Gyarados|Bounce|p1a: Starmie|[from]lockedmove
|-damage|p1a: Starmie|8/100
|move|p1a: Starmie|Thunderbolt|p2a: Gyarados
|-supereffective|p2a: Gyarados
|-damage|p2a: Gyarados|0 fnt
|faint|p2a: Gyarados
|
|-heal|p1a: Starmie|14/100|[from] item: Leftovers
|upkeep
|
|t:|1714921189
|switch|p2a: Lucario|Lucario, M|37/100
|turn|12
|
|t:|1714921206
|switch|p1a: Jirachi|Jirachi|100/100
|move|p2a: Lucario|Extreme Speed|p1a: Jirachi
|-resisted|p1a: Jirachi
|-damage|p1a: Jirachi|86/100
|-damage|p2a: Lucario|27/100|[from] item: Life Orb
|
|-heal|p1a: Jirachi|92/100|[from] item: Leftovers
|upkeep
|turn|13
|
|t:|1714921213
|move|p2a: Lucario|Swords Dance|p2a: Lucario
|-boost|p2a: Lucario|atk|2
|move|p1a: Jirachi|Stealth Rock|p2a: Lucario
|-sidestart|p2: affksl|move: Stealth Rock
|
|-heal|p1a: Jirachi|99/100|[from] item: Leftovers
|upkeep
|turn|14
|
|t:|1714921216
|move|p2a: Lucario|Close Combat|p1a: Jirachi
|-damage|p1a: Jirachi|0 fnt
|-unboost|p2a: Lucario|def|1
|-unboost|p2a: Lucario|spd|1
|faint|p1a: Jirachi
|-damage|p2a: Lucario|17/100|[from] item: Life Orb
|
|upkeep
|
|t:|1714921228
|switch|p1a: Kyurem|Kyurem-Black, shiny|100/100
|-ability|p1a: Kyurem|Teravolt
|turn|15
|
|t:|1714921230
|move|p2a: Lucario|Extreme Speed|p1a: Kyurem
|-damage|p1a: Kyurem|36/100
|-damage|p2a: Lucario|7/100|[from] item: Life Orb
|move|p1a: Kyurem|Dragon Claw|p2a: Lucario
|-resisted|p2a: Lucario
|-damage|p2a: Lucario|0 fnt
|faint|p2a: Lucario
|
|upkeep
|
|t:|1714921236
|switch|p2a: Uxie|Uxie|100/100
|-damage|p2a: Uxie|88/100|[from] Stealth Rock
|turn|16
|
|t:|1714921243
|move|p1a: Kyurem|Dragon Claw|p2a: Uxie
|-damage|p2a: Uxie|30/100
|move|p2a: Uxie|Reflect|p2a: Uxie
|-sidestart|p2: affksl|Reflect
|
|upkeep
|turn|17
|
|t:|1714921246
|move|p1a: Kyurem|Dragon Claw|p2a: Uxie
|-damage|p2a: Uxie|1/100
|move|p2a: Uxie|Light Screen|p2a: Uxie
|-sidestart|p2: affksl|move: Light Screen
|
|upkeep
|turn|18
|
|t:|1714921250
|move|p1a: Kyurem|Dragon Claw|p2a: Uxie
|-damage|p2a: Uxie|0 fnt
|faint|p2a: Uxie
|
|upkeep
|
|t:|1714921255
|switch|p2a: Mamoswine|Mamoswine, F|100/100
|-damage|p2a: Mamoswine|88/100|[from] Stealth Rock
|turn|19
|inactive|Chripi has 120 seconds left.
|inactive|affksl has 120 seconds left.
|
|t:|1714921318
|move|p1a: Kyurem|Dragon Claw|p2a: Mamoswine
|-damage|p2a: Mamoswine|47/100
|move|p2a: Mamoswine|Earthquake|p1a: Kyurem
|-damage|p1a: Kyurem|0 fnt
|faint|p1a: Kyurem
|-damage|p2a: Mamoswine|37/100|[from] item: Life Orb
|
|upkeep
|
|t:|1714921329
|switch|p1a: Latios|Latios, M, shiny|100/100
|turn|20
|
|t:|1714921336
|move|p2a: Mamoswine|Ice Shard|p1a: Latios
|-supereffective|p1a: Latios
|-damage|p1a: Latios|32/100
|-damage|p2a: Mamoswine|27/100|[from] item: Life Orb
|move|p1a: Latios|Surf|p2a: Mamoswine
|-supereffective|p2a: Mamoswine
|-damage|p2a: Mamoswine|0 fnt
|faint|p2a: Mamoswine
|
|upkeep
|
|t:|1714921339
|switch|p2a: Haxorus|Haxorus, M|100/100
|-damage|p2a: Haxorus|88/100|[from] Stealth Rock
|-ability|p2a: Haxorus|Mold Breaker
|turn|21
|
|t:|1714921351
|switch|p1a: Garchomp|Garchomp, F|100/100
|move|p2a: Haxorus|Dragon Dance|p2a: Haxorus
|-boost|p2a: Haxorus|atk|1
|-boost|p2a: Haxorus|spe|1
|
|upkeep
|turn|22
|
|t:|1714921357
|move|p1a: Garchomp|Outrage|p2a: Haxorus
|-supereffective|p2a: Haxorus
|-damage|p2a: Haxorus|3/100
|move|p2a: Haxorus|Dragon Dance|p2a: Haxorus
|-boost|p2a: Haxorus|atk|1
|-boost|p2a: Haxorus|spe|1
|
|upkeep
|turn|23
|
|t:|1714921362
|move|p2a: Haxorus|Earthquake|p1a: Garchomp
|-damage|p1a: Garchomp|13/100
|move|p1a: Garchomp|Outrage|p2a: Haxorus|[from]lockedmove
|-supereffective|p2a: Haxorus
|-damage|p2a: Haxorus|0 fnt
|faint|p2a: Haxorus
|
|win|Chripi
|raw|Chripi's rating: 1381 &rarr; <strong>1407</strong><br />(+26 for winning)
|raw|affksl's rating: 1480 &rarr; <strong>1454</strong><br />(-26 for losing)
|l|☆Chripi
|player|p1|
