|j|☆Testo junkie
|j|☆LeafStoned
|t:|1725214894
|gametype|singles
|player|p1|Testo junkie|aromalady|1540
|player|p2|LeafStoned|1|1493
|teamsize|p1|6
|teamsize|p2|6
|gen|5
|tier|[Gen 5] OU
|rated|
|rule|Species Clause: Limit one of each Pokémon
|rule|OHKO Clause: OHKO moves are banned
|rule|Moody Clause: Moody is banned
|rule|Evasion Items Clause: Evasion items are banned
|rule|Evasion Moves Clause: Evasion moves are banned
|rule|Endless Battle Clause: Forcing endless battles is banned
|rule|HP Percentage Mod: HP is shown in percentages
|rule|Evasion Abilities Clause: Evasion abilities are banned
|rule|Sleep Moves Clause: Sleep-inducing moves are banned
|rule|Swagger Clause: Swagger is banned
|rule|Baton Pass Stat Clause: No Baton Passer may have a way to boost its stats
|clearpoke
|poke|p1|Clefable, F|item
|poke|p1|Hippowdon, F|item
|poke|p1|Skarmory, M|item
|poke|p1|Mew|item
|poke|p1|Rotom-Wash|item
|poke|p1|Latias, F|item
|poke|p2|Politoed, M|item
|poke|p2|Thundurus-Therian, M|item
|poke|p2|Ferrothorn, F|item
|poke|p2|Excadrill, F|item
|poke|p2|Lapras, M|item
|poke|p2|Latios, M|item
|teampreview
|inactive|Battle timer is ON: inactive players will automatically lose when time's up. (requested by LeafStoned)
|l|☆LeafStoned
|inactive|LeafStoned disconnected and has a minute to reconnect!
|player|p2|
|j|☆LeafStoned
|inactive|LeafStoned reconnected.
|player|p2|LeafStoned|1|
|inactive|Testo junkie has 120 seconds left.
|j| Amphi N enjoyer
|
|t:|1725214962
|start
|switch|p1a: Clefable|Clefable, F|100/100
|switch|p2a: Latios|Latios, M|100/100
|turn|1
|
|t:|1725214979
|move|p2a: Latios|Trick|p1a: Clefable
|-activate|p2a: Latios|move: Trick|[of] p1a: Clefable
|-item|p1a: Clefable|Choice Scarf|[from] move: Trick
|-item|p2a: Latios|Leftovers|[from] move: Trick
|move|p1a: Clefable|Thunder Wave|p2a: Latios
|-status|p2a: Latios|par
|
|upkeep
|turn|2
|
|t:|1725214991
|switch|p1a: Mew|Mew|100/100
|switch|p2a: Thundurus|Thundurus-Therian, M|100/100
|
|upkeep
|turn|3
|
|t:|1725214994
|switch|p2a: Latios|Latios, M|100/100 par
|switch|p1a: Latias|Latias, F|100/100
|
|upkeep
|turn|4
|
|t:|1725215001
|switch|p1a: Clefable|Clefable, F|100/100
|move|p2a: Latios|Draco Meteor|p1a: Clefable
|-damage|p1a: Clefable|53/100
|-unboost|p2a: Latios|spa|2
|
|upkeep
|turn|5
|
|t:|1725215009
|move|p1a: Clefable|Knock Off|p2a: Latios
|-supereffective|p2a: Latios
|-damage|p2a: Latios|91/100 par
|-enditem|p2a: Latios|Leftovers|[from] move: Knock Off|[of] p1a: Clefable
|move|p2a: Latios|Draco Meteor|p1a: Clefable
|-damage|p1a: Clefable|29/100
|-unboost|p2a: Latios|spa|2
|
|upkeep
|turn|6
|
|t:|1725215015
|switch|p1a: Mew|Mew|100/100
|move|p2a: Latios|Draco Meteor|p1a: Mew
|-damage|p1a: Mew|84/100
|-unboost|p2a: Latios|spa|2
|
|-heal|p1a: Mew|90/100|[from] item: Leftovers
|upkeep
|turn|7
|
|t:|1725215019
|move|p1a: Mew|Night Shade|p2a: Latios
|-damage|p2a: Latios|58/100 par
|move|p2a: Latios|Trick|p1a: Mew
|-activate|p2a: Latios|move: Trick|[of] p1a: Mew
|-enditem|p1a: Mew|Leftovers|[silent]|[from] move: Trick
|-item|p2a: Latios|Leftovers|[from] move: Trick
|
|-heal|p2a: Latios|64/100 par|[from] item: Leftovers
|upkeep
|turn|8
|
|t:|1725215028
|move|p1a: Mew|Will-O-Wisp||[still]
|-fail|p1a: Mew
|move|p2a: Latios|Recover|p2a: Latios
|-heal|p2a: Latios|100/100 par
|
|upkeep
|turn|9
|
|t:|1725215032
|move|p1a: Mew|Will-O-Wisp||[still]
|-fail|p1a: Mew
|move|p2a: Latios|Surf|p1a: Mew
|-damage|p1a: Mew|85/100
|
|upkeep
|turn|10
|
|t:|1725215037
|move|p1a: Mew|Will-O-Wisp|p2a: Latios|[miss]
|-miss|p1a: Mew|p2a: Latios
|move|p2a: Latios|Surf|p1a: Mew
|-damage|p1a: Mew|80/100
|
|upkeep
|turn|11
|
|t:|1725215039
|move|p1a: Mew|Night Shade|p2a: Latios
|-damage|p2a: Latios|67/100 par
|cant|p2a: Latios|par
|
|-heal|p2a: Latios|73/100 par|[from] item: Leftovers
|upkeep
|turn|12
|
|t:|1725215043
|move|p1a: Mew|Taunt|p2a: Latios
|-start|p2a: Latios|move: Taunt
|cant|p2a: Latios|par
|
|-heal|p2a: Latios|79/100 par|[from] item: Leftovers
|upkeep
|turn|13
|
|t:|1725215049
|move|p1a: Mew|Will-O-Wisp|p2a: Latios|[miss]
|-miss|p1a: Mew|p2a: Latios
|move|p2a: Latios|Surf|p1a: Mew
|-damage|p1a: Mew|75/100
|
|-heal|p2a: Latios|85/100 par|[from] item: Leftovers
|upkeep
|turn|14
|
|t:|1725215054
|switch|p2a: Lapras|Lapras, M|100/100
|move|p1a: Mew|Will-O-Wisp|p2a: Lapras
|-status|p2a: Lapras|brn
|
|-damage|p2a: Lapras|88/100 brn|[from] brn
|upkeep
|turn|15
|
|t:|1725215059
|switch|p2a: Politoed|Politoed, M|100/100
|-weather|RainDance|[from] ability: Drizzle|[of] p2a: Politoed
|move|p1a: Mew|Will-O-Wisp|p2a: Politoed
|-status|p2a: Politoed|brn
|
|-weather|RainDance|[upkeep]
|-damage|p2a: Politoed|88/100 brn|[from] brn
|upkeep
|turn|16
|
|t:|1725215067
|switch|p1a: Rotom|Rotom-Wash|100/100
|switch|p2a: Lapras|Lapras, M|88/100 brn
|
|-weather|RainDance|[upkeep]
|-activate|p2a: Lapras|ability: Hydration
|-curestatus|p2a: Lapras|brn|[msg]
|-heal|p2a: Lapras|94/100|[from] item: Leftovers
|upkeep
|turn|17
|
|t:|1725215076
|switch|p2a: Latios|Latios, M|85/100 par
|move|p1a: Rotom|Will-O-Wisp|p2a: Latios|[miss]
|-miss|p1a: Rotom|p2a: Latios
|
|-weather|RainDance|[upkeep]
|-heal|p2a: Latios|91/100 par|[from] item: Leftovers
|upkeep
|turn|18
|
|t:|1725215089
|move|p1a: Rotom|Hydro Pump|p2a: Latios
|-resisted|p2a: Latios
|-damage|p2a: Latios|58/100 par
|move|p2a: Latios|Draco Meteor|p1a: Rotom
|-damage|p1a: Rotom|27/100
|-unboost|p2a: Latios|spa|2
|
|-weather|RainDance|[upkeep]
|-heal|p1a: Rotom|33/100|[from] item: Leftovers
|-heal|p2a: Latios|64/100 par|[from] item: Leftovers
|upkeep
|turn|19
|
|t:|1725215096
|switch|p2a: Thundurus|Thundurus-Therian, M|100/100
|move|p1a: Rotom|Pain Split|p2a: Thundurus
|-sethp|p2a: Thundurus|65/100|[from] move: Pain Split|[silent]
|-sethp|p1a: Rotom|72/100|[from] move: Pain Split
|
|-weather|RainDance|[upkeep]
|-heal|p2a: Thundurus|71/100|[from] item: Leftovers
|-heal|p1a: Rotom|78/100|[from] item: Leftovers
|upkeep
|turn|20
|
|t:|1725215101
|switch|p1a: Latias|Latias, F|100/100
|move|p2a: Thundurus|Thunder|p1a: Latias
|-resisted|p1a: Latias
|-damage|p1a: Latias|76/100
|
|-weather|RainDance|[upkeep]
|-heal|p1a: Latias|82/100|[from] item: Leftovers
|-heal|p2a: Thundurus|77/100|[from] item: Leftovers
|upkeep
|turn|21
|
|t:|1725215112
|switch|p2a: Ferrothorn|Ferrothorn, F|100/100
|move|p1a: Latias|Dragon Pulse|p2a: Ferrothorn
|-resisted|p2a: Ferrothorn
|-crit|p2a: Ferrothorn
|-damage|p2a: Ferrothorn|79/100
|
|-weather|RainDance|[upkeep]
|-heal|p1a: Latias|88/100|[from] item: Leftovers
|-heal|p2a: Ferrothorn|85/100|[from] item: Leftovers
|upkeep
|turn|22
|
|t:|1725215119
|switch|p1a: Hippowdon|Hippowdon, F|100/100
|-weather|Sandstorm|[from] ability: Sand Stream|[of] p1a: Hippowdon
|move|p2a: Ferrothorn|Stealth Rock|p1a: Hippowdon
|-sidestart|p1: Testo junkie|move: Stealth Rock
|
|-weather|Sandstorm|[upkeep]
|-heal|p2a: Ferrothorn|91/100|[from] item: Leftovers
|upkeep
|turn|23
|
|t:|1725215127
|move|p1a: Hippowdon|Stealth Rock|p2a: Ferrothorn
|-sidestart|p2: LeafStoned|move: Stealth Rock
|move|p2a: Ferrothorn|Spikes|p1a: Hippowdon
|-sidestart|p1: Testo junkie|Spikes
|
|-weather|Sandstorm|[upkeep]
|-heal|p2a: Ferrothorn|97/100|[from] item: Leftovers
|upkeep
|turn|24
|
|t:|1725215133
|switch|p1a: Mew|Mew|75/100
|-damage|p1a: Mew|62/100|[from] Stealth Rock
|-damage|p1a: Mew|50/100|[from] Spikes
|move|p2a: Ferrothorn|Spikes|p1a: Mew
|-sidestart|p1: Testo junkie|Spikes
|
|-weather|Sandstorm|[upkeep]
|-damage|p1a: Mew|44/100|[from] Sandstorm
|-heal|p2a: Ferrothorn|100/100|[from] item: Leftovers
|upkeep
|turn|25
|
|t:|1725215138
|switch|p2a: Latios|Latios, M|64/100 par
|-damage|p2a: Latios|52/100 par|[from] Stealth Rock
|move|p1a: Mew|Soft-Boiled|p1a: Mew
|-heal|p1a: Mew|94/100
|
|-weather|Sandstorm|[upkeep]
|-damage|p1a: Mew|87/100|[from] Sandstorm
|-damage|p2a: Latios|46/100 par|[from] Sandstorm
|-heal|p2a: Latios|52/100 par|[from] item: Leftovers
|upkeep
|turn|26
|
|t:|1725215146
|move|p1a: Mew|Night Shade|p2a: Latios
|-damage|p2a: Latios|19/100 par
|move|p2a: Latios|Recover|p2a: Latios
|-heal|p2a: Latios|69/100 par
|
|-weather|Sandstorm|[upkeep]
|-damage|p1a: Mew|81/100|[from] Sandstorm
|-damage|p2a: Latios|63/100 par|[from] Sandstorm
|-heal|p2a: Latios|69/100 par|[from] item: Leftovers
|upkeep
|turn|27
|
|t:|1725215149
|move|p1a: Mew|Night Shade|p2a: Latios
|-damage|p2a: Latios|36/100 par
|move|p2a: Latios|Draco Meteor|p1a: Mew
|-damage|p1a: Mew|33/100
|-unboost|p2a: Latios|spa|2
|
|-weather|Sandstorm|[upkeep]
|-damage|p1a: Mew|27/100|[from] Sandstorm
|-damage|p2a: Latios|30/100 par|[from] Sandstorm
|-heal|p2a: Latios|36/100 par|[from] item: Leftovers
|upkeep
|turn|28
|
|t:|1725215153
|switch|p2a: Politoed|Politoed, M|88/100 brn
|-damage|p2a: Politoed|76/100 brn|[from] Stealth Rock
|-weather|RainDance|[from] ability: Drizzle|[of] p2a: Politoed
|move|p1a: Mew|Soft-Boiled|p1a: Mew
|-heal|p1a: Mew|77/100
|
|-weather|RainDance|[upkeep]
|-heal|p2a: Politoed|82/100 brn|[from] item: Leftovers
|-damage|p2a: Politoed|70/100 brn|[from] brn
|upkeep
|turn|29
|
|t:|1725215160
|switch|p1a: Hippowdon|Hippowdon, F|100/100
|-damage|p1a: Hippowdon|94/100|[from] Stealth Rock
|-damage|p1a: Hippowdon|78/100|[from] Spikes
|-weather|Sandstorm|[from] ability: Sand Stream|[of] p1a: Hippowdon
|switch|p2a: Ferrothorn|Ferrothorn, F|100/100
|-damage|p2a: Ferrothorn|95/100|[from] Stealth Rock
|
|-weather|Sandstorm|[upkeep]
|-heal|p1a: Hippowdon|84/100|[from] item: Leftovers
|-heal|p2a: Ferrothorn|100/100|[from] item: Leftovers
|upkeep
|turn|30
|
|t:|1725215167
|switch|p1a: Mew|Mew|77/100
|-damage|p1a: Mew|64/100|[from] Stealth Rock
|-damage|p1a: Mew|48/100|[from] Spikes
|move|p2a: Ferrothorn|Power Whip|p1a: Mew|[miss]
|-miss|p2a: Ferrothorn|p1a: Mew
|
|-weather|Sandstorm|[upkeep]
|-damage|p1a: Mew|42/100|[from] Sandstorm
|upkeep
|turn|31
|
|t:|1725215176
|move|p1a: Mew|Will-O-Wisp|p2a: Ferrothorn
|-status|p2a: Ferrothorn|brn
|move|p2a: Ferrothorn|Power Whip|p1a: Mew
|-damage|p1a: Mew|24/100
|
|-weather|Sandstorm|[upkeep]
|-damage|p1a: Mew|18/100|[from] Sandstorm
|-damage|p2a: Ferrothorn|88/100 brn|[from] brn
|upkeep
|turn|32
|
|t:|1725215179
|move|p1a: Mew|Soft-Boiled|p1a: Mew
|-heal|p1a: Mew|68/100
|move|p2a: Ferrothorn|Spikes|p1a: Mew
|-sidestart|p1: Testo junkie|Spikes
|
|-weather|Sandstorm|[upkeep]
|-damage|p1a: Mew|62/100|[from] Sandstorm
|-heal|p2a: Ferrothorn|94/100 brn|[from] item: Leftovers
|-damage|p2a: Ferrothorn|82/100 brn|[from] brn
|upkeep
|turn|33
|
|t:|1725215193
|move|p1a: Mew|Soft-Boiled|p1a: Mew
|-heal|p1a: Mew|100/100
|move|p2a: Ferrothorn|Power Whip|p1a: Mew
|-damage|p1a: Mew|83/100
|
|-weather|Sandstorm|[upkeep]
|-damage|p1a: Mew|76/100|[from] Sandstorm
|-heal|p2a: Ferrothorn|88/100 brn|[from] item: Leftovers
|-damage|p2a: Ferrothorn|76/100 brn|[from] brn
|upkeep
|turn|34
|
|t:|1725215196
|move|p1a: Mew|Night Shade|p2a: Ferrothorn
|-damage|p2a: Ferrothorn|47/100 brn
|move|p2a: Ferrothorn|Power Whip|p1a: Mew
|-damage|p1a: Mew|59/100
|
|-weather|Sandstorm|[upkeep]
|-damage|p1a: Mew|52/100|[from] Sandstorm
|-heal|p2a: Ferrothorn|53/100 brn|[from] item: Leftovers
|-damage|p2a: Ferrothorn|41/100 brn|[from] brn
|upkeep
|turn|35
|
|t:|1725215201
|move|p1a: Mew|Soft-Boiled|p1a: Mew
|-heal|p1a: Mew|100/100
|move|p2a: Ferrothorn|Endeavor|p1a: Mew
|-damage|p1a: Mew|36/100
|
|-weather|Sandstorm|[upkeep]
|-damage|p1a: Mew|29/100|[from] Sandstorm
|-heal|p2a: Ferrothorn|47/100 brn|[from] item: Leftovers
|-damage|p2a: Ferrothorn|35/100 brn|[from] brn
|upkeep
|turn|36
|
|t:|1725215208
|move|p1a: Mew|Soft-Boiled|p1a: Mew
|-heal|p1a: Mew|79/100
|move|p2a: Ferrothorn|Endeavor|p1a: Mew
|-damage|p1a: Mew|30/100
|
|-weather|Sandstorm|[upkeep]
|-damage|p1a: Mew|24/100|[from] Sandstorm
|-heal|p2a: Ferrothorn|41/100 brn|[from] item: Leftovers
|-damage|p2a: Ferrothorn|28/100 brn|[from] brn
|upkeep
|turn|37
|
|t:|1725215213
|move|p1a: Mew|Night Shade|p2a: Ferrothorn
|-damage|p2a: Ferrothorn|0 fnt
|faint|p2a: Ferrothorn
|
|-weather|Sandstorm|[upkeep]
|-damage|p1a: Mew|18/100|[from] Sandstorm
|upkeep
|
|t:|1725215218
|switch|p2a: Excadrill|Excadrill, F|100/100
|-damage|p2a: Excadrill|97/100|[from] Stealth Rock
|-ability|p2a: Excadrill|Mold Breaker
|turn|38
|
|t:|1725215233
|move|p2a: Excadrill|Iron Head|p1a: Mew
|-damage|p1a: Mew|0 fnt
|faint|p1a: Mew
|
|-weather|Sandstorm|[upkeep]
|upkeep
|
|t:|1725215237
|switch|p1a: Skarmory|Skarmory, M|100/100
|-damage|p1a: Skarmory|88/100|[from] Stealth Rock
|turn|39
|
|t:|1725215243
|switch|p2a: Politoed|Politoed, M|70/100 brn
|-damage|p2a: Politoed|57/100 brn|[from] Stealth Rock
|-weather|RainDance|[from] ability: Drizzle|[of] p2a: Politoed
|move|p1a: Skarmory|Brave Bird|p2a: Politoed
|-damage|p2a: Politoed|31/100 brn
|-damage|p1a: Skarmory|78/100|[from] Recoil
|
|-weather|RainDance|[upkeep]
|-heal|p2a: Politoed|37/100 brn|[from] item: Leftovers
|-heal|p1a: Skarmory|84/100|[from] item: Leftovers
|-damage|p2a: Politoed|25/100 brn|[from] brn
|upkeep
|turn|40
|j| Neighthan Trainer
|
|t:|1725215252
|switch|p2a: Thundurus|Thundurus-Therian, M|77/100
|-damage|p2a: Thundurus|52/100|[from] Stealth Rock
|move|p1a: Skarmory|Brave Bird|p2a: Thundurus
|-resisted|p2a: Thundurus
|-damage|p2a: Thundurus|34/100
|-damage|p1a: Skarmory|78/100|[from] Recoil
|
|-weather|RainDance|[upkeep]
|-heal|p2a: Thundurus|40/100|[from] item: Leftovers
|-heal|p1a: Skarmory|84/100|[from] item: Leftovers
|upkeep
|turn|41
|
|t:|1725215260
|switch|p1a: Clefable|Clefable, F|29/100
|move|p2a: Thundurus|Hidden Power|p1a: Clefable
|-damage|p1a: Clefable|12/100
|
|-weather|RainDance|[upkeep]
|-heal|p2a: Thundurus|46/100|[from] item: Leftovers
|upkeep
|turn|42
|
|t:|1725215273
|switch|p2a: Excadrill|Excadrill, F|97/100
|-damage|p2a: Excadrill|94/100|[from] Stealth Rock
|-ability|p2a: Excadrill|Mold Breaker
|move|p1a: Clefable|Seismic Toss|p2a: Excadrill
|-damage|p2a: Excadrill|67/100
|
|-weather|RainDance|[upkeep]
|upkeep
|turn|43
|
|t:|1725215281
|switch|p1a: Hippowdon|Hippowdon, F|84/100
|-damage|p1a: Hippowdon|78/100|[from] Stealth Rock
|-damage|p1a: Hippowdon|53/100|[from] Spikes
|-weather|Sandstorm|[from] ability: Sand Stream|[of] p1a: Hippowdon
|move|p2a: Excadrill|Rapid Spin|p1a: Hippowdon
|-damage|p1a: Hippowdon|48/100
|-sideend|p2: LeafStoned|Stealth Rock|[from] move: Rapid Spin|[of] p2a: Excadrill
|
|-weather|Sandstorm|[upkeep]
|-heal|p1a: Hippowdon|54/100|[from] item: Leftovers
|upkeep
|turn|44
|
|t:|1725215288
|switch|p2a: Latios|Latios, M|36/100 par
|move|p1a: Hippowdon|Slack Off|p1a: Hippowdon
|-heal|p1a: Hippowdon|100/100
|
|-weather|Sandstorm|[upkeep]
|-damage|p2a: Latios|30/100 par|[from] Sandstorm
|-heal|p2a: Latios|36/100 par|[from] item: Leftovers
|upkeep
|turn|45
|
|t:|1725215294
|move|p1a: Hippowdon|Stealth Rock|p2a: Latios
|-sidestart|p2: LeafStoned|move: Stealth Rock
|move|p2a: Latios|Surf|p1a: Hippowdon
|-supereffective|p1a: Hippowdon
|-crit|p1a: Hippowdon
|-damage|p1a: Hippowdon|0 fnt
|faint|p1a: Hippowdon
|
|-weather|Sandstorm|[upkeep]
|-damage|p2a: Latios|30/100 par|[from] Sandstorm
|-heal|p2a: Latios|36/100 par|[from] item: Leftovers
|upkeep
|c|☆Testo junkie|awoooooooooooooooo
|c|☆LeafStoned|Welp
|c|☆LeafStoned|always play around the crit
|
|t:|1725215318
|switch|p1a: Skarmory|Skarmory, M|84/100
|-damage|p1a: Skarmory|72/100|[from] Stealth Rock
|turn|46
|c|☆Testo junkie|pretty advice from someone just winning thanks to one LOL
|inactive|Testo junkie has 120 seconds left.
|c|☆LeafStoned|Tru tru
|
|t:|1725215348
|switch|p2a: Politoed|Politoed, M|25/100 brn
|-damage|p2a: Politoed|12/100 brn|[from] Stealth Rock
|-weather|RainDance|[from] ability: Drizzle|[of] p2a: Politoed
|move|p1a: Skarmory|Spikes|p2a: Politoed
|-sidestart|p2: LeafStoned|Spikes
|
|-weather|RainDance|[upkeep]
|-heal|p2a: Politoed|18/100 brn|[from] item: Leftovers
|-heal|p1a: Skarmory|78/100|[from] item: Leftovers
|-damage|p2a: Politoed|6/100 brn|[from] brn
|upkeep
|turn|47
|c|☆LeafStoned|in all fairness u made the right play
|c|☆LeafStoned|it was a deadlock fs
|
|t:|1725215368
|move|p2a: Politoed|Scald|p1a: Skarmory
|-damage|p1a: Skarmory|42/100
|move|p1a: Skarmory|Brave Bird|p2a: Politoed
|-damage|p2a: Politoed|0 fnt
|faint|p2a: Politoed
|-damage|p1a: Skarmory|40/100|[from] Recoil
|
|-weather|RainDance|[upkeep]
|-heal|p1a: Skarmory|46/100|[from] item: Leftovers
|upkeep
|
|t:|1725215379
|switch|p2a: Thundurus|Thundurus-Therian, M|46/100
|-damage|p2a: Thundurus|21/100|[from] Stealth Rock
|turn|48
|inactive|Testo junkie has 120 seconds left.
|
|t:|1725215429
|switch|p1a: Latias|Latias, F|88/100
|-damage|p1a: Latias|75/100|[from] Stealth Rock
|move|p2a: Thundurus|Thunder|p1a: Latias
|-resisted|p1a: Latias
|-damage|p1a: Latias|49/100
|
|-weather|RainDance|[upkeep]
|-heal|p1a: Latias|55/100|[from] item: Leftovers
|-heal|p2a: Thundurus|27/100|[from] item: Leftovers
|upkeep
|turn|49
|
|t:|1725215443
|move|p1a: Latias|Roost|p1a: Latias
|-heal|p1a: Latias|100/100
|-singleturn|p1a: Latias|move: Roost
|move|p2a: Thundurus|Thunder|p1a: Latias
|-resisted|p1a: Latias
|-damage|p1a: Latias|75/100
|-status|p1a: Latias|par
|
|-weather|RainDance|[upkeep]
|-heal|p2a: Thundurus|33/100|[from] item: Leftovers
|-heal|p1a: Latias|81/100 par|[from] item: Leftovers
|upkeep
|turn|50
|
|t:|1725215451
|move|p2a: Thundurus|Substitute|p2a: Thundurus
|-start|p2a: Thundurus|Substitute
|-damage|p2a: Thundurus|8/100
|move|p1a: Latias|Refresh|p1a: Latias
|-curestatus|p1a: Latias|par|[msg]
|
|-weather|RainDance|[upkeep]
|-heal|p1a: Latias|87/100|[from] item: Leftovers
|-heal|p2a: Thundurus|14/100|[from] item: Leftovers
|upkeep
|turn|51
|
|t:|1725215457
|move|p1a: Latias|Calm Mind|p1a: Latias
|-boost|p1a: Latias|spa|1
|-boost|p1a: Latias|spd|1
|move|p2a: Thundurus|Hidden Power|p1a: Latias
|-supereffective|p1a: Latias
|-damage|p1a: Latias|63/100
|
|-weather|RainDance|[upkeep]
|-heal|p1a: Latias|69/100|[from] item: Leftovers
|-heal|p2a: Thundurus|20/100|[from] item: Leftovers
|upkeep
|turn|52
|
|t:|1725215460
|move|p1a: Latias|Calm Mind|p1a: Latias
|-boost|p1a: Latias|spa|1
|-boost|p1a: Latias|spd|1
|move|p2a: Thundurus|Thunder|p1a: Latias
|-resisted|p1a: Latias
|-damage|p1a: Latias|57/100
|
|-weather|RainDance|[upkeep]
|-heal|p1a: Latias|63/100|[from] item: Leftovers
|-heal|p2a: Thundurus|26/100|[from] item: Leftovers
|upkeep
|turn|53
|
|t:|1725215464
|move|p1a: Latias|Roost|p1a: Latias
|-heal|p1a: Latias|100/100
|-singleturn|p1a: Latias|move: Roost
|move|p2a: Thundurus|Thunder|p1a: Latias
|-resisted|p1a: Latias
|-damage|p1a: Latias|89/100
|
|-weather|RainDance|[upkeep]
|-heal|p1a: Latias|95/100|[from] item: Leftovers
|-heal|p2a: Thundurus|32/100|[from] item: Leftovers
|upkeep
|turn|54
|
|t:|1725215466
|move|p1a: Latias|Calm Mind|p1a: Latias
|-boost|p1a: Latias|spa|1
|-boost|p1a: Latias|spd|1
|move|p2a: Thundurus|Thunder|p1a: Latias
|-resisted|p1a: Latias
|-damage|p1a: Latias|85/100
|-status|p1a: Latias|par
|
|-weather|RainDance|[upkeep]
|-heal|p2a: Thundurus|38/100|[from] item: Leftovers
|-heal|p1a: Latias|91/100 par|[from] item: Leftovers
|upkeep
|turn|55
|
|t:|1725215478
|move|p2a: Thundurus|Hidden Power|p1a: Latias
|-supereffective|p1a: Latias
|-damage|p1a: Latias|77/100 par
|move|p1a: Latias|Refresh|p1a: Latias
|-curestatus|p1a: Latias|par|[msg]
|
|-weather|RainDance|[upkeep]
|-heal|p1a: Latias|83/100|[from] item: Leftovers
|-heal|p2a: Thundurus|44/100|[from] item: Leftovers
|upkeep
|turn|56
|
|t:|1725215485
|move|p1a: Latias|Dragon Pulse|p2a: Thundurus
|-end|p2a: Thundurus|Substitute
|move|p2a: Thundurus|Thunder|p1a: Latias
|-resisted|p1a: Latias
|-damage|p1a: Latias|73/100
|
|-weather|RainDance|[upkeep]
|-heal|p1a: Latias|79/100|[from] item: Leftovers
|-heal|p2a: Thundurus|50/100|[from] item: Leftovers
|upkeep
|turn|57
|
|t:|1725215492
|move|p1a: Latias|Roost|p1a: Latias
|-heal|p1a: Latias|100/100
|-singleturn|p1a: Latias|move: Roost
|move|p2a: Thundurus|Thunder|p1a: Latias
|-resisted|p1a: Latias
|-damage|p1a: Latias|91/100
|
|-weather|RainDance|[upkeep]
|-heal|p1a: Latias|97/100|[from] item: Leftovers
|-heal|p2a: Thundurus|56/100|[from] item: Leftovers
|upkeep
|turn|58
|
|t:|1725215495
|move|p1a: Latias|Dragon Pulse|p2a: Thundurus
|-damage|p2a: Thundurus|0 fnt
|faint|p2a: Thundurus
|
|-weather|RainDance|[upkeep]
|-heal|p1a: Latias|100/100|[from] item: Leftovers
|upkeep
|
|t:|1725215498
|switch|p2a: Excadrill|Excadrill, F|67/100
|-damage|p2a: Excadrill|64/100|[from] Stealth Rock
|-damage|p2a: Excadrill|51/100|[from] Spikes
|-ability|p2a: Excadrill|Mold Breaker
|turn|59
|
|t:|1725215500
|move|p2a: Excadrill|Iron Head|p1a: Latias
|-damage|p1a: Latias|53/100
|cant|p1a: Latias|flinch
|
|-weather|RainDance|[upkeep]
|-heal|p1a: Latias|59/100|[from] item: Leftovers
|upkeep
|turn|60
|
|t:|1725215505
|move|p2a: Excadrill|Iron Head|p1a: Latias
|-damage|p1a: Latias|10/100
|move|p1a: Latias|Roost|p1a: Latias
|-heal|p1a: Latias|60/100
|-singleturn|p1a: Latias|move: Roost
|
|-weather|RainDance|[upkeep]
|-heal|p1a: Latias|66/100|[from] item: Leftovers
|upkeep
|turn|61
|
|t:|1725215509
|move|p2a: Excadrill|Iron Head|p1a: Latias
|-damage|p1a: Latias|15/100
|move|p1a: Latias|Dragon Pulse|p2a: Excadrill
|-resisted|p2a: Excadrill
|-damage|p2a: Excadrill|0 fnt
|faint|p2a: Excadrill
|
|-weather|RainDance|[upkeep]
|-heal|p1a: Latias|21/100|[from] item: Leftovers
|upkeep
|
|t:|1725215514
|switch|p2a: Lapras|Lapras, M|94/100
|-damage|p2a: Lapras|69/100|[from] Stealth Rock
|-damage|p2a: Lapras|57/100|[from] Spikes
|turn|62
|
|t:|1725215518
|switch|p1a: Rotom|Rotom-Wash|78/100
|-damage|p1a: Rotom|65/100|[from] Stealth Rock
|move|p2a: Lapras|Ice Shard|p1a: Rotom
|-resisted|p1a: Rotom
|-damage|p1a: Rotom|59/100
|
|-weather|RainDance|[upkeep]
|-heal|p1a: Rotom|66/100|[from] item: Leftovers
|-heal|p2a: Lapras|63/100|[from] item: Leftovers
|upkeep
|turn|63
|j| TraganoKaroto
|c|☆Testo junkie|lets see some karma crit happen after those crit AND flinch arent we
|
|t:|1725215546
|move|p1a: Rotom|Volt Switch|p2a: Lapras
|-supereffective|p2a: Lapras
|-damage|p2a: Lapras|29/100
|l| TraganoKaroto
|
|t:|1725215552
|switch|p1a: Skarmory|Skarmory, M|46/100|[from] Volt Switch
|-damage|p1a: Skarmory|34/100|[from] Stealth Rock
|move|p2a: Lapras|Rest|p2a: Lapras
|-status|p2a: Lapras|slp|[from] move: Rest
|-heal|p2a: Lapras|100/100 slp|[silent]
|
|-weather|RainDance|[upkeep]
|-heal|p1a: Skarmory|40/100|[from] item: Leftovers
|-activate|p2a: Lapras|ability: Hydration
|-curestatus|p2a: Lapras|slp|[msg]
|upkeep
|turn|64
|
|t:|1725215558
|move|p1a: Skarmory|Roost|p1a: Skarmory
|-heal|p1a: Skarmory|90/100
|-singleturn|p1a: Skarmory|move: Roost
|move|p2a: Lapras|Curse|p2a: Lapras
|-unboost|p2a: Lapras|spe|1
|-boost|p2a: Lapras|atk|1
|-boost|p2a: Lapras|def|1
|
|-weather|RainDance|[upkeep]
|-heal|p1a: Skarmory|96/100|[from] item: Leftovers
|upkeep
|turn|65
|
|t:|1725215561
|move|p2a: Lapras|Waterfall|p1a: Skarmory
|-damage|p1a: Skarmory|44/100
|move|p1a: Skarmory|Whirlwind|p2a: Lapras
|drag|p2a: Latios|Latios, M|36/100 par
|-damage|p2a: Latios|23/100 par|[from] Stealth Rock
|
|-weather|RainDance|[upkeep]
|-heal|p1a: Skarmory|50/100|[from] item: Leftovers
|-heal|p2a: Latios|29/100 par|[from] item: Leftovers
|upkeep
|turn|66
|
|t:|1725215569
|move|p1a: Skarmory|Roost|p1a: Skarmory
|-heal|p1a: Skarmory|99/100
|-singleturn|p1a: Skarmory|move: Roost
|move|p2a: Latios|Surf|p1a: Skarmory
|-damage|p1a: Skarmory|53/100
|
|-weather|RainDance|[upkeep]
|-heal|p1a: Skarmory|59/100|[from] item: Leftovers
|-heal|p2a: Latios|35/100 par|[from] item: Leftovers
|upkeep
|turn|67
|
|t:|1725215572
|move|p1a: Skarmory|Roost|p1a: Skarmory
|-heal|p1a: Skarmory|100/100
|-singleturn|p1a: Skarmory|move: Roost
|move|p2a: Latios|Surf|p1a: Skarmory
|-damage|p1a: Skarmory|55/100
|
|-weather|RainDance|[upkeep]
|-heal|p1a: Skarmory|61/100|[from] item: Leftovers
|-heal|p2a: Latios|41/100 par|[from] item: Leftovers
|upkeep
|turn|68
|
|t:|1725215575
|move|p1a: Skarmory|Roost|p1a: Skarmory
|-heal|p1a: Skarmory|100/100
|-singleturn|p1a: Skarmory|move: Roost
|cant|p2a: Latios|par
|
|-weather|RainDance|[upkeep]
|-heal|p2a: Latios|47/100 par|[from] item: Leftovers
|upkeep
|turn|69
|
|t:|1725215577
|move|p1a: Skarmory|Spikes|p2a: Latios
|-sidestart|p2: LeafStoned|Spikes
|move|p2a: Latios|Surf|p1a: Skarmory
|-damage|p1a: Skarmory|57/100
|
|-weather|RainDance|[upkeep]
|-heal|p1a: Skarmory|63/100|[from] item: Leftovers
|-heal|p2a: Latios|53/100 par|[from] item: Leftovers
|upkeep
|turn|70
|l| Neighthan Trainer
|
|t:|1725215585
|move|p1a: Skarmory|Roost|p1a: Skarmory
|-heal|p1a: Skarmory|100/100
|-singleturn|p1a: Skarmory|move: Roost
|move|p2a: Latios|Surf|p1a: Skarmory
|-damage|p1a: Skarmory|57/100
|
|-weather|RainDance|[upkeep]
|-heal|p1a: Skarmory|63/100|[from] item: Leftovers
|-heal|p2a: Latios|59/100 par|[from] item: Leftovers
|upkeep
|turn|71
|
|t:|1725215588
|move|p1a: Skarmory|Roost|p1a: Skarmory
|-heal|p1a: Skarmory|100/100
|-singleturn|p1a: Skarmory|move: Roost
|move|p2a: Latios|Surf|p1a: Skarmory
|-damage|p1a: Skarmory|58/100
|
|-weather|RainDance|[upkeep]
|-heal|p1a: Skarmory|64/100|[from] item: Leftovers
|-heal|p2a: Latios|65/100 par|[from] item: Leftovers
|upkeep
|turn|72
|
|t:|1725215591
|move|p1a: Skarmory|Roost|p1a: Skarmory
|-heal|p1a: Skarmory|100/100
|-singleturn|p1a: Skarmory|move: Roost
|move|p2a: Latios|Surf|p1a: Skarmory
|-damage|p1a: Skarmory|54/100
|
|-weather|RainDance|[upkeep]
|-heal|p1a: Skarmory|60/100|[from] item: Leftovers
|-heal|p2a: Latios|71/100 par|[from] item: Leftovers
|upkeep
|turn|73
|
|t:|1725215595
|move|p1a: Skarmory|Roost|p1a: Skarmory
|-heal|p1a: Skarmory|100/100
|-singleturn|p1a: Skarmory|move: Roost
|move|p2a: Latios|Surf|p1a: Skarmory
|-damage|p1a: Skarmory|52/100
|
|-weather|RainDance|[upkeep]
|-heal|p1a: Skarmory|58/100|[from] item: Leftovers
|-heal|p2a: Latios|77/100 par|[from] item: Leftovers
|upkeep
|turn|74
|
|t:|1725215598
|move|p1a: Skarmory|Roost|p1a: Skarmory
|-heal|p1a: Skarmory|100/100
|-singleturn|p1a: Skarmory|move: Roost
|move|p2a: Latios|Surf|p1a: Skarmory
|-damage|p1a: Skarmory|56/100
|
|-weather|RainDance|[upkeep]
|-heal|p1a: Skarmory|62/100|[from] item: Leftovers
|-heal|p2a: Latios|83/100 par|[from] item: Leftovers
|upkeep
|turn|75
|
|t:|1725215600
|move|p1a: Skarmory|Roost|p1a: Skarmory
|-heal|p1a: Skarmory|100/100
|-singleturn|p1a: Skarmory|move: Roost
|move|p2a: Latios|Surf|p1a: Skarmory
|-crit|p1a: Skarmory
|-damage|p1a: Skarmory|10/100
|
|-weather|RainDance|[upkeep]
|-heal|p1a: Skarmory|16/100|[from] item: Leftovers
|-heal|p2a: Latios|89/100 par|[from] item: Leftovers
|upkeep
|turn|76
|
|t:|1725215603
|move|p1a: Skarmory|Roost|p1a: Skarmory
|-heal|p1a: Skarmory|66/100
|-singleturn|p1a: Skarmory|move: Roost
|cant|p2a: Latios|par
|
|-weather|RainDance|[upkeep]
|-heal|p1a: Skarmory|72/100|[from] item: Leftovers
|-heal|p2a: Latios|95/100 par|[from] item: Leftovers
|upkeep
|turn|77
|
|t:|1725215607
|move|p1a: Skarmory|Roost|p1a: Skarmory
|-heal|p1a: Skarmory|100/100
|-singleturn|p1a: Skarmory|move: Roost
|move|p2a: Latios|Surf|p1a: Skarmory
|-damage|p1a: Skarmory|55/100
|
|-weather|RainDance|[upkeep]
|-heal|p1a: Skarmory|61/100|[from] item: Leftovers
|-heal|p2a: Latios|100/100 par|[from] item: Leftovers
|upkeep
|turn|78
|
|t:|1725215614
|move|p1a: Skarmory|Roost|p1a: Skarmory
|-heal|p1a: Skarmory|100/100
|-singleturn|p1a: Skarmory|move: Roost
|move|p2a: Latios|Surf|p1a: Skarmory
|-damage|p1a: Skarmory|58/100
|
|-weather|RainDance|[upkeep]
|-heal|p1a: Skarmory|64/100|[from] item: Leftovers
|upkeep
|turn|79
|
|t:|1725215618
|move|p1a: Skarmory|Spikes|p2a: Latios
|-sidestart|p2: LeafStoned|Spikes
|move|p2a: Latios|Surf|p1a: Skarmory
|-damage|p1a: Skarmory|16/100
|
|-weather|RainDance|[upkeep]
|-heal|p1a: Skarmory|22/100|[from] item: Leftovers
|upkeep
|turn|80
|
|t:|1725215631
|move|p1a: Skarmory|Roost|p1a: Skarmory
|-heal|p1a: Skarmory|72/100
|-singleturn|p1a: Skarmory|move: Roost
|move|p2a: Latios|Recover||[still]
|-fail|p2a: Latios|heal
|
|-weather|RainDance|[upkeep]
|-heal|p1a: Skarmory|78/100|[from] item: Leftovers
|upkeep
|turn|81
|
|t:|1725215637
|move|p2a: Latios|Surf|p1a: Skarmory
|-damage|p1a: Skarmory|31/100
|move|p1a: Skarmory|Whirlwind|p2a: Latios
|drag|p2a: Lapras|Lapras, M|100/100
|-damage|p2a: Lapras|75/100|[from] Stealth Rock
|-damage|p2a: Lapras|50/100|[from] Spikes
|
|-weather|RainDance|[upkeep]
|-heal|p1a: Skarmory|37/100|[from] item: Leftovers
|-heal|p2a: Lapras|57/100|[from] item: Leftovers
|upkeep
|turn|82
|
|t:|1725215643
|move|p1a: Skarmory|Roost|p1a: Skarmory
|-heal|p1a: Skarmory|87/100
|-singleturn|p1a: Skarmory|move: Roost
|move|p2a: Lapras|Rest|p2a: Lapras
|-status|p2a: Lapras|slp|[from] move: Rest
|-heal|p2a: Lapras|100/100 slp|[silent]
|
|-weather|RainDance|[upkeep]
|-heal|p1a: Skarmory|93/100|[from] item: Leftovers
|-activate|p2a: Lapras|ability: Hydration
|-curestatus|p2a: Lapras|slp|[msg]
|upkeep
|turn|83
|
|t:|1725215647
|move|p2a: Lapras|Waterfall|p1a: Skarmory
|-damage|p1a: Skarmory|61/100
|move|p1a: Skarmory|Whirlwind|p2a: Lapras
|drag|p2a: Latios|Latios, M|100/100 par
|-damage|p2a: Latios|88/100 par|[from] Stealth Rock
|
|-weather|RainDance|[upkeep]
|-heal|p1a: Skarmory|67/100|[from] item: Leftovers
|-heal|p2a: Latios|94/100 par|[from] item: Leftovers
|upkeep
|turn|84
|
|t:|1725215659
|switch|p1a: Clefable|Clefable, F|12/100
|cant|p2a: Latios|par
|
|-weather|RainDance|[upkeep]
|-heal|p2a: Latios|99/100 par|[from] item: Leftovers
|upkeep
|turn|85
|
|t:|1725215664
|move|p1a: Clefable|Seismic Toss|p2a: Latios
|-damage|p2a: Latios|67/100 par
|move|p2a: Latios|Surf|p1a: Clefable
|-damage|p1a: Clefable|0 fnt
|faint|p1a: Clefable
|
|-weather|RainDance|[upkeep]
|-heal|p2a: Latios|73/100 par|[from] item: Leftovers
|upkeep
|
|t:|1725215667
|switch|p1a: Latias|Latias, F|21/100
|-damage|p1a: Latias|8/100|[from] Stealth Rock
|turn|86
|
|t:|1725215671
|move|p1a: Latias|Roost|p1a: Latias
|-heal|p1a: Latias|58/100
|-singleturn|p1a: Latias|move: Roost
|move|p2a: Latios|Draco Meteor|p1a: Latias
|-supereffective|p1a: Latias
|-damage|p1a: Latias|0 fnt
|-unboost|p2a: Latios|spa|2
|faint|p1a: Latias
|
|-weather|RainDance|[upkeep]
|-heal|p2a: Latios|79/100 par|[from] item: Leftovers
|upkeep
|
|t:|1725215677
|switch|p1a: Skarmory|Skarmory, M|67/100
|-damage|p1a: Skarmory|55/100|[from] Stealth Rock
|turn|87
|
|t:|1725215690
|move|p1a: Skarmory|Roost|p1a: Skarmory
|-heal|p1a: Skarmory|100/100
|-singleturn|p1a: Skarmory|move: Roost
|cant|p2a: Latios|par
|
|-weather|RainDance|[upkeep]
|-heal|p2a: Latios|85/100 par|[from] item: Leftovers
|upkeep
|turn|88
|
|t:|1725215694
|move|p1a: Skarmory|Brave Bird|p2a: Latios
|-crit|p2a: Latios
|-damage|p2a: Latios|0 fnt
|faint|p2a: Latios
|-damage|p1a: Skarmory|75/100|[from] Recoil
|
|-weather|RainDance|[upkeep]
|-heal|p1a: Skarmory|81/100|[from] item: Leftovers
|upkeep
|
|t:|1725215697
|switch|p2a: Lapras|Lapras, M|100/100
|-damage|p2a: Lapras|75/100|[from] Stealth Rock
|-damage|p2a: Lapras|50/100|[from] Spikes
|turn|89
|c|☆Testo junkie|lets seeeee it happeeeeen
|
|t:|1725215708
|move|p1a: Skarmory|Brave Bird|p2a: Lapras
|-damage|p2a: Lapras|22/100
|-damage|p1a: Skarmory|68/100|[from] Recoil
|move|p2a: Lapras|Rest|p2a: Lapras
|-status|p2a: Lapras|slp|[from] move: Rest
|-heal|p2a: Lapras|100/100 slp|[silent]
|
|-weather|RainDance|[upkeep]
|-heal|p1a: Skarmory|74/100|[from] item: Leftovers
|-activate|p2a: Lapras|ability: Hydration
|-curestatus|p2a: Lapras|slp|[msg]
|upkeep
|turn|90
|j| Neighthan Trainer
|
|t:|1725215717
|switch|p1a: Rotom|Rotom-Wash|66/100
|-damage|p1a: Rotom|53/100|[from] Stealth Rock
|move|p2a: Lapras|Curse|p2a: Lapras
|-unboost|p2a: Lapras|spe|1
|-boost|p2a: Lapras|atk|1
|-boost|p2a: Lapras|def|1
|
|-weather|RainDance|[upkeep]
|-heal|p1a: Rotom|59/100|[from] item: Leftovers
|upkeep
|turn|91
|
|t:|1725215723
|move|p1a: Rotom|Pain Split|p2a: Lapras
|-sethp|p2a: Lapras|70/100|[from] move: Pain Split|[silent]
|-sethp|p1a: Rotom|100/100|[from] move: Pain Split
|move|p2a: Lapras|Rest|p2a: Lapras
|-status|p2a: Lapras|slp|[from] move: Rest
|-heal|p2a: Lapras|100/100 slp|[silent]
|
|-weather|RainDance|[upkeep]
|-activate|p2a: Lapras|ability: Hydration
|-curestatus|p2a: Lapras|slp|[msg]
|upkeep
|turn|92
|
|t:|1725215729
|move|p1a: Rotom|Volt Switch|p2a: Lapras
|-supereffective|p2a: Lapras
|-damage|p2a: Lapras|67/100
|
|t:|1725215730
|switch|p1a: Skarmory|Skarmory, M|74/100|[from] Volt Switch
|-damage|p1a: Skarmory|62/100|[from] Stealth Rock
|move|p2a: Lapras|Waterfall|p1a: Skarmory
|-damage|p1a: Skarmory|9/100
|
|-weather|RainDance|[upkeep]
|-heal|p1a: Skarmory|15/100|[from] item: Leftovers
|-heal|p2a: Lapras|73/100|[from] item: Leftovers
|upkeep
|turn|93
|
|t:|1725215735
|move|p1a: Skarmory|Brave Bird|p2a: Lapras
|-damage|p2a: Lapras|51/100
|-damage|p1a: Skarmory|4/100|[from] Recoil
|move|p2a: Lapras|Rest|p2a: Lapras
|-status|p2a: Lapras|slp|[from] move: Rest
|-heal|p2a: Lapras|100/100 slp|[silent]
|
|-weather|RainDance|[upkeep]
|-heal|p1a: Skarmory|10/100|[from] item: Leftovers
|-activate|p2a: Lapras|ability: Hydration
|-curestatus|p2a: Lapras|slp|[msg]
|upkeep
|turn|94
|
|t:|1725215754
|move|p1a: Skarmory|Brave Bird|p2a: Lapras
|-damage|p2a: Lapras|79/100
|-damage|p1a: Skarmory|0 fnt|[from] Recoil
|faint|p1a: Skarmory
|move|p2a: Lapras|Curse|p2a: Lapras
|-unboost|p2a: Lapras|spe|1
|-boost|p2a: Lapras|atk|1
|-boost|p2a: Lapras|def|1
|
|-weather|RainDance|[upkeep]
|-heal|p2a: Lapras|85/100|[from] item: Leftovers
|upkeep
|
|t:|1725215756
|switch|p1a: Rotom|Rotom-Wash|100/100
|-damage|p1a: Rotom|88/100|[from] Stealth Rock
|turn|95
|c|☆Testo junkie|na i only need 2 crits on a row, pretty sure you beat that odd several times already
|
|t:|1725215778
|move|p1a: Rotom|Volt Switch|p2a: Lapras
|-supereffective|p2a: Lapras
|-damage|p2a: Lapras|52/100
|move|p2a: Lapras|Curse|p2a: Lapras
|-unboost|p2a: Lapras|spe|1
|-boost|p2a: Lapras|atk|1
|-boost|p2a: Lapras|def|1
|
|-weather|RainDance|[upkeep]
|-heal|p1a: Rotom|94/100|[from] item: Leftovers
|-heal|p2a: Lapras|58/100|[from] item: Leftovers
|upkeep
|turn|96
|
|t:|1725215781
|move|p1a: Rotom|Volt Switch|p2a: Lapras
|-supereffective|p2a: Lapras
|-damage|p2a: Lapras|24/100
|move|p2a: Lapras|Rest|p2a: Lapras
|-status|p2a: Lapras|slp|[from] move: Rest
|-heal|p2a: Lapras|100/100 slp|[silent]
|
|-weather|RainDance|[upkeep]
|-heal|p1a: Rotom|100/100|[from] item: Leftovers
|-activate|p2a: Lapras|ability: Hydration
|-curestatus|p2a: Lapras|slp|[msg]
|upkeep
|turn|97
|
|t:|1725215784
|move|p1a: Rotom|Volt Switch|p2a: Lapras
|-supereffective|p2a: Lapras
|-damage|p2a: Lapras|66/100
|move|p2a: Lapras|Waterfall|p1a: Rotom
|-resisted|p1a: Rotom
|-damage|p1a: Rotom|57/100
|
|-weather|RainDance|[upkeep]
|-heal|p1a: Rotom|63/100|[from] item: Leftovers
|-heal|p2a: Lapras|73/100|[from] item: Leftovers
|upkeep
|turn|98
|
|t:|1725215789
|move|p1a: Rotom|Volt Switch|p2a: Lapras
|-supereffective|p2a: Lapras
|-damage|p2a: Lapras|40/100
|move|p2a: Lapras|Rest|p2a: Lapras
|-status|p2a: Lapras|slp|[from] move: Rest
|-heal|p2a: Lapras|100/100 slp|[silent]
|
|-weather|RainDance|[upkeep]
|-heal|p1a: Rotom|69/100|[from] item: Leftovers
|-activate|p2a: Lapras|ability: Hydration
|-curestatus|p2a: Lapras|slp|[msg]
|upkeep
|turn|99
|
|t:|1725215795
|move|p1a: Rotom|Volt Switch|p2a: Lapras
|-supereffective|p2a: Lapras
|-damage|p2a: Lapras|68/100
|move|p2a: Lapras|Waterfall|p1a: Rotom
|-resisted|p1a: Rotom
|-damage|p1a: Rotom|27/100
|
|-weather|RainDance|[upkeep]
|-heal|p1a: Rotom|34/100|[from] item: Leftovers
|-heal|p2a: Lapras|74/100|[from] item: Leftovers
|upkeep
|turn|100
|
|t:|1725215805
|move|p1a: Rotom|Pain Split|p2a: Lapras
|-sethp|p2a: Lapras|48/100|[from] move: Pain Split|[silent]
|-sethp|p1a: Rotom|74/100|[from] move: Pain Split
|move|p2a: Lapras|Waterfall|p1a: Rotom
|-resisted|p1a: Rotom
|-crit|p1a: Rotom
|-damage|p1a: Rotom|0 fnt
|faint|p1a: Rotom
|
|win|LeafStoned
|raw|Testo junkie's rating: 1540 &rarr; <strong>1517</strong><br />(-23 for losing)
|raw|LeafStoned's rating: 1493 &rarr; <strong>1516</strong><br />(+23 for winning)
|c|☆Testo junkie|LOOOOOOOOOOOOOOL
|c|☆Testo junkie|poetry
|c|☆LeafStoned|Gg
