|j|☆sidis
|j|☆Natasha Grieves
|t:|1709363953
|gametype|singles
|player|p1|sidis|iris-gen5bw2|1370
|player|p2|Natasha Grieves|phoebe-gen3|1569
|teamsize|p1|6
|teamsize|p2|6
|gen|5
|tier|[Gen 5] OU
|rated|
|rule|Species Clause: Limit one of each Pokémon
|rule|OHKO Clause: OHKO moves are banned
|rule|Moody Clause: Moody is banned
|rule|Evasion Items Clause: Evasion items are banned
|rule|Evasion Moves Clause: Evasion moves are banned
|rule|Endless Battle Clause: Forcing endless battles is banned
|rule|HP Percentage Mod: HP is shown in percentages
|rule|Evasion Abilities Clause: Evasion abilities are banned
|rule|Sleep Moves Clause: Sleep-inducing moves are banned
|rule|Swagger Clause: Swagger is banned
|rule|Baton Pass Stat Clause: No Baton Passer may have a way to boost its stats
|clearpoke
|poke|p1|Volcarona, F|item
|poke|p1|Landorus-Therian, M|item
|poke|p1|Mamoswine, M|item
|poke|p1|Starmie|item
|poke|p1|Celebi|item
|poke|p1|Gengar, F|item
|poke|p2|Tyranitar, M|item
|poke|p2|Mamoswine, M|item
|poke|p2|Keldeo|item
|poke|p2|Amoonguss, M|item
|poke|p2|Gliscor, M|item
|poke|p2|Excadrill, F|item
|teampreview
|inactive|Battle timer is ON: inactive players will automatically lose when time's up. (requested by sidis)
|
|t:|1709363961
|start
|switch|p1a: Landorus|Landorus-Therian, M|100/100
|switch|p2a: Gliscor|Gliscor, M|100/100
|-ability|p1a: Landorus|Intimidate|boost
|-unboost|p2a: Gliscor|atk|1
|turn|1
|
|t:|1709363967
|move|p1a: Landorus|Stealth Rock|p2a: Gliscor
|-sidestart|p2: Natasha Grieves|move: Stealth Rock
|move|p2a: Gliscor|Stealth Rock|p1a: Landorus
|-sidestart|p1: sidis|move: Stealth Rock
|
|-status|p2a: Gliscor|tox|[from] item: Toxic Orb
|upkeep
|turn|2
|
|t:|1709363981
|switch|p1a: Gengar|Gengar, F|100/100
|-damage|p1a: Gengar|88/100|[from] Stealth Rock
|switch|p2a: Keldeo|Keldeo|100/100
|-damage|p2a: Keldeo|94/100|[from] Stealth Rock
|
|-heal|p2a: Keldeo|100/100|[from] item: Leftovers
|upkeep
|turn|3
|
|t:|1709364006
|switch|p2a: Amoonguss|Amoonguss, M|100/100
|-damage|p2a: Amoonguss|88/100|[from] Stealth Rock
|move|p1a: Gengar|Trick|p2a: Amoonguss
|-activate|p1a: Gengar|move: Trick|[of] p2a: Amoonguss
|-item|p2a: Amoonguss|Choice Scarf|[from] move: Trick
|-item|p1a: Gengar|Black Sludge|[from] move: Trick
|
|-heal|p1a: Gengar|94/100|[from] item: Black Sludge
|upkeep
|turn|4
|
|t:|1709364015
|move|p1a: Gengar|Shadow Ball|p2a: Amoonguss
|-damage|p2a: Amoonguss|61/100
|-unboost|p2a: Amoonguss|spd|1
|move|p2a: Amoonguss|Stun Spore|p1a: Gengar
|-status|p1a: Gengar|par
|
|-heal|p1a: Gengar|100/100 par|[from] item: Black Sludge
|upkeep
|turn|5
|
|t:|1709364028
|switch|p2a: Gliscor|Gliscor, M|100/100 tox
|-damage|p2a: Gliscor|88/100 tox|[from] Stealth Rock
|move|p1a: Gengar|Focus Blast|p2a: Gliscor
|-resisted|p2a: Gliscor
|-damage|p2a: Gliscor|69/100 tox
|-unboost|p2a: Gliscor|spd|1
|
|-heal|p2a: Gliscor|81/100 tox|[from] ability: Poison Heal
|upkeep
|turn|6
|
|t:|1709364050
|move|p2a: Gliscor|U-turn|p1a: Gengar
|-resisted|p1a: Gengar
|-damage|p1a: Gengar|93/100 par
|inactive|Natasha Grieves has 120 seconds left.
|
|t:|1709364067
|switch|p2a: Amoonguss|Amoonguss, M|94/100|[from] U-turn
|-damage|p2a: Amoonguss|82/100|[from] Stealth Rock
|cant|p1a: Gengar|par
|
|-heal|p1a: Gengar|99/100 par|[from] item: Black Sludge
|upkeep
|turn|7
|inactive|Natasha Grieves has 120 seconds left.
|
|t:|1709364077
|move|p2a: Amoonguss|Giga Drain|p1a: Gengar
|-resisted|p1a: Gengar
|-damage|p1a: Gengar|81/100 par
|-heal|p2a: Amoonguss|87/100|[from] drain|[of] p1a: Gengar
|cant|p1a: Gengar|par
|
|-heal|p1a: Gengar|87/100 par|[from] item: Black Sludge
|upkeep
|turn|8
|
|t:|1709364079
|move|p2a: Amoonguss|Giga Drain|p1a: Gengar
|-resisted|p1a: Gengar
|-damage|p1a: Gengar|69/100 par
|-heal|p2a: Amoonguss|93/100|[from] drain|[of] p1a: Gengar
|cant|p1a: Gengar|par
|
|-heal|p1a: Gengar|76/100 par|[from] item: Black Sludge
|upkeep
|turn|9
|
|t:|1709364083
|move|p2a: Amoonguss|Giga Drain|p1a: Gengar
|-resisted|p1a: Gengar
|-damage|p1a: Gengar|57/100 par
|-heal|p2a: Amoonguss|99/100|[from] drain|[of] p1a: Gengar
|move|p1a: Gengar|Shadow Ball|p2a: Amoonguss
|-damage|p2a: Amoonguss|73/100
|
|-heal|p1a: Gengar|63/100 par|[from] item: Black Sludge
|upkeep
|turn|10
|
|t:|1709364092
|move|p2a: Amoonguss|Giga Drain|p1a: Gengar
|-resisted|p1a: Gengar
|-damage|p1a: Gengar|45/100 par
|-heal|p2a: Amoonguss|78/100|[from] drain|[of] p1a: Gengar
|cant|p1a: Gengar|par
|
|-heal|p1a: Gengar|51/100 par|[from] item: Black Sludge
|upkeep
|turn|11
|
|t:|1709364097
|move|p2a: Amoonguss|Giga Drain|p1a: Gengar
|-resisted|p1a: Gengar
|-damage|p1a: Gengar|31/100 par
|-heal|p2a: Amoonguss|84/100|[from] drain|[of] p1a: Gengar
|move|p1a: Gengar|Shadow Ball|p2a: Amoonguss
|-damage|p2a: Amoonguss|56/100
|
|-heal|p1a: Gengar|37/100 par|[from] item: Black Sludge
|upkeep
|turn|12
|
|t:|1709364103
|move|p2a: Amoonguss|Giga Drain|p1a: Gengar
|-resisted|p1a: Gengar
|-damage|p1a: Gengar|18/100 par
|-heal|p2a: Amoonguss|62/100|[from] drain|[of] p1a: Gengar
|move|p1a: Gengar|Shadow Ball|p2a: Amoonguss
|-damage|p2a: Amoonguss|35/100
|
|-heal|p1a: Gengar|24/100 par|[from] item: Black Sludge
|upkeep
|turn|13
|j| mrtunana
|
|t:|1709364112
|move|p2a: Amoonguss|Giga Drain|p1a: Gengar
|-resisted|p1a: Gengar
|-damage|p1a: Gengar|6/100 par
|-heal|p2a: Amoonguss|40/100|[from] drain|[of] p1a: Gengar
|move|p1a: Gengar|Shadow Ball|p2a: Amoonguss
|-damage|p2a: Amoonguss|12/100
|
|-heal|p1a: Gengar|12/100 par|[from] item: Black Sludge
|upkeep
|turn|14
|
|t:|1709364119
|move|p2a: Amoonguss|Giga Drain|p1a: Gengar
|-resisted|p1a: Gengar
|-damage|p1a: Gengar|0 fnt
|-heal|p2a: Amoonguss|16/100|[from] drain|[of] p1a: Gengar
|faint|p1a: Gengar
|
|upkeep
|
|t:|1709364121
|switch|p1a: Starmie|Starmie|100/100
|-damage|p1a: Starmie|88/100|[from] Stealth Rock
|turn|15
|
|t:|1709364147
|switch|p2a: Keldeo|Keldeo|100/100
|-damage|p2a: Keldeo|94/100|[from] Stealth Rock
|move|p1a: Starmie|Hydro Pump|p2a: Keldeo
|-resisted|p2a: Keldeo
|-crit|p2a: Keldeo
|-damage|p2a: Keldeo|0 fnt
|faint|p2a: Keldeo
|-damage|p1a: Starmie|78/100|[from] item: Life Orb
|
|upkeep
|inactive|Natasha Grieves has 120 seconds left.
|
|t:|1709364176
|switch|p2a: Amoonguss|Amoonguss, M|49/100
|-damage|p2a: Amoonguss|37/100|[from] Stealth Rock
|turn|16
|
|t:|1709364187
|switch|p2a: Excadrill|Excadrill, F|100/100
|-damage|p2a: Excadrill|97/100|[from] Stealth Rock
|move|p1a: Starmie|Hydro Pump|p2a: Excadrill
|-supereffective|p2a: Excadrill
|-damage|p2a: Excadrill|0 fnt
|faint|p2a: Excadrill
|-damage|p1a: Starmie|68/100|[from] item: Life Orb
|
|upkeep
|
|t:|1709364192
|switch|p2a: Amoonguss|Amoonguss, M|70/100
|-damage|p2a: Amoonguss|58/100|[from] Stealth Rock
|turn|17
|
|t:|1709364194
|move|p1a: Starmie|Psyshock|p2a: Amoonguss
|-supereffective|p2a: Amoonguss
|-damage|p2a: Amoonguss|0 fnt
|faint|p2a: Amoonguss
|-damage|p1a: Starmie|58/100|[from] item: Life Orb
|
|upkeep
|inactive|Natasha Grieves has 120 seconds left.
|
|t:|1709364227
|switch|p2a: Mamoswine|Mamoswine, M|100/100
|-damage|p2a: Mamoswine|88/100|[from] Stealth Rock
|turn|18
|
|t:|1709364234
|move|p2a: Mamoswine|Ice Shard|p1a: Starmie
|-resisted|p1a: Starmie
|-damage|p1a: Starmie|32/100
|move|p1a: Starmie|Hydro Pump|p2a: Mamoswine
|-supereffective|p2a: Mamoswine
|-damage|p2a: Mamoswine|0 fnt
|faint|p2a: Mamoswine
|-damage|p1a: Starmie|22/100|[from] item: Life Orb
|
|upkeep
|-message|Natasha Grieves forfeited.
|
|win|sidis
|raw|sidis's rating: 1370 &rarr; <strong>1400</strong><br />(+30 for winning)
|raw|Natasha Grieves's rating: 1569 &rarr; <strong>1539</strong><br />(-30 for losing)
|l|☆Natasha Grieves
|player|p2|
