|j|☆cabelloum21
|j|☆Hidden & Dangerous
|player|p1|cabelloum21|52
|player|p2|Hidden & Dangerous|33
|teamsize|p1|6
|teamsize|p2|6
|gametype|singles
|gen|5
|tier|[Gen 5] OU
|rated|
|rule|Sleep Clause Mod: Limit one foe put to sleep
|rule|Species Clause: Limit one of each Pokémon
|rule|OHKO Clause: OHKO moves are banned
|rule|Moody Clause: Moody is banned
|rule|Evasion Moves Clause: Evasion moves are banned
|rule|Endless Battle Clause: Forcing endless battles is banned
|rule|HP Percentage Mod: HP is shown in percentages
|rule|Evasion Abilities Clause: Evasion abilities are banned
|rule|Baton Pass Clause: Limit one Baton Passer, can't pass Spe and other stats simultaneously
|rule|Swagger Clause: Swagger is banned
|clearpoke
|poke|p1|Tyranitar, M|item
|poke|p1|Scizor, M|item
|poke|p1|Landorus-Therian, M|item
|poke|p1|Latios, M|item
|poke|p1|Breloom, F|item
|poke|p1|Starmie|item
|poke|p2|Tyranitar, M|item
|poke|p2|Skarmory, F|item
|poke|p2|Mienshao, M|item
|poke|p2|Jellicent, M|item
|poke|p2|Hydreigon, F|item
|poke|p2|Alakazam, M|item
|teampreview
|j| celegay
|inactive|Battle timer is ON: inactive players will automatically lose when time's up. (requested by cabelloum21)
|
|start
|switch|p1a: Landorus|Landorus-Therian, M|100/100
|switch|p2a: Mienshao|Mienshao, M|100/100
|-ability|p1a: Landorus|Intimidate|boost
|-unboost|p2a: Mienshao|atk|1
|turn|1
|
|move|p2a: Mienshao|Hidden Power|p1a: Landorus
|-supereffective|p1a: Landorus
|-damage|p1a: Landorus|3/100
|move|p1a: Landorus|U-turn|p2a: Mienshao
|-resisted|p2a: Mienshao
|-damage|p2a: Mienshao|76/100
|inactive|cabelloum21 has 135 seconds left.
|
|switch|p1a: Scizor|Scizor, M|100/100
|
|upkeep
|turn|2
|
|switch|p2a: Skarmory|Skarmory, F|100/100
|move|p1a: Scizor|U-turn|p2a: Skarmory
|-resisted|p2a: Skarmory
|-damage|p2a: Skarmory|93/100
|
|switch|p1a: Breloom|Breloom, F|100/100
|
|-heal|p2a: Skarmory|99/100|[from] item: Leftovers
|upkeep
|turn|3
|
|switch|p2a: Hydreigon|Hydreigon, F|100/100
|move|p1a: Breloom|Spore|p2a: Hydreigon
|-status|p2a: Hydreigon|slp
|
|upkeep
|turn|4
|
|-singleturn|p1a: Breloom|move: Focus Punch
|switch|p2a: Skarmory|Skarmory, F|99/100
|move|p1a: Breloom|Focus Punch|p2a: Skarmory
|-enditem|p1a: Breloom|Fighting Gem|[from] gem|[move] Focus Punch
|-damage|p2a: Skarmory|9/100
|
|-heal|p2a: Skarmory|15/100|[from] item: Leftovers
|upkeep
|turn|5
|
|switch|p2a: Jellicent|Jellicent, M|100/100
|move|p1a: Breloom|Bullet Seed|p2a: Jellicent
|-supereffective|p2a: Jellicent
|-damage|p2a: Jellicent|67/100
|-supereffective|p2a: Jellicent
|-damage|p2a: Jellicent|31/100
|-hitcount|p2a: Jellicent|2
|
|-heal|p2a: Jellicent|37/100|[from] item: Leftovers
|upkeep
|turn|6
|inactive|Hidden & Dangerous has 135 seconds left.
|
|move|p1a: Breloom|Bullet Seed|p2a: Jellicent
|-supereffective|p2a: Jellicent
|-damage|p2a: Jellicent|3/100
|-supereffective|p2a: Jellicent
|-damage|p2a: Jellicent|0 fnt
|-hitcount|p2a: Jellicent|2
|faint|p2a: Jellicent
|
|upkeep
|inactive|Hidden & Dangerous has 135 seconds left.
|
|switch|p2a: Alakazam|Alakazam, M|100/100
|turn|7
|
|switch|p1a: Scizor|Scizor, M|100/100
|move|p2a: Alakazam|Psychic|p1a: Scizor
|-resisted|p1a: Scizor
|-damage|p1a: Scizor|64/100
|-unboost|p1a: Scizor|spd|1
|
|-heal|p1a: Scizor|70/100|[from] item: Leftovers
|upkeep
|turn|8
|
|switch|p2a: Skarmory|Skarmory, F|15/100
|switch|p1a: Latios|Latios, M|100/100
|
|-heal|p2a: Skarmory|21/100|[from] item: Leftovers
|upkeep
|turn|9
|
|switch|p2a: Tyranitar|Tyranitar, M|100/100
|-weather|Sandstorm|[from] ability: Sand Stream|[of] p2a: Tyranitar
|move|p1a: Latios|Draco Meteor|p2a: Tyranitar
|-damage|p2a: Tyranitar|45/100
|-unboost|p1a: Latios|spa|2
|
|-weather|Sandstorm|[upkeep]
|-damage|p1a: Latios|95/100|[from] sandstorm
|upkeep
|turn|10
|
|move|p1a: Latios|Draco Meteor|p2a: Tyranitar
|-damage|p2a: Tyranitar|17/100
|-unboost|p1a: Latios|spa|2
|move|p2a: Tyranitar|Stealth Rock|p1a: Latios
|-sidestart|p1: cabelloum21|move: Stealth Rock
|
|-weather|Sandstorm|[upkeep]
|-damage|p1a: Latios|89/100|[from] sandstorm
|upkeep
|turn|11
|
|move|p1a: Latios|Draco Meteor|p2a: Tyranitar
|-damage|p2a: Tyranitar|0 fnt
|-unboost|p1a: Latios|spa|2
|faint|p2a: Tyranitar
|
|-weather|Sandstorm|[upkeep]
|-damage|p1a: Latios|83/100|[from] sandstorm
|upkeep
|
|switch|p2a: Alakazam|Alakazam, M|100/100
|turn|12
|
|move|p2a: Alakazam|Substitute|p2a: Alakazam
|-start|p2a: Alakazam|Substitute
|-damage|p2a: Alakazam|76/100
|move|p1a: Latios|Draco Meteor|p2a: Alakazam
|-end|p2a: Alakazam|Substitute
|
|-weather|Sandstorm|[upkeep]
|-damage|p1a: Latios|77/100|[from] sandstorm
|upkeep
|turn|13
|
|move|p2a: Alakazam|Shadow Ball|p1a: Latios
|-supereffective|p1a: Latios
|-damage|p1a: Latios|0 fnt
|faint|p1a: Latios
|
|-weather|Sandstorm|[upkeep]
|upkeep
|
|switch|p1a: Scizor|Scizor, M|70/100
|-damage|p1a: Scizor|58/100|[from] Stealth Rock
|turn|14
|
|switch|p2a: Skarmory|Skarmory, F|21/100
|move|p1a: Scizor|U-turn|p2a: Skarmory
|-resisted|p2a: Skarmory
|-damage|p2a: Skarmory|14/100
|
|switch|p1a: Starmie|Starmie|100/100
|-damage|p1a: Starmie|88/100|[from] Stealth Rock
|
|-weather|Sandstorm|[upkeep]
|-damage|p1a: Starmie|82/100|[from] sandstorm
|-heal|p1a: Starmie|88/100|[from] item: Leftovers
|-heal|p2a: Skarmory|20/100|[from] item: Leftovers
|upkeep
|turn|15
|
|switch|p2a: Hydreigon|Hydreigon, F|100/100 slp
|move|p1a: Starmie|Scald|p2a: Hydreigon
|-resisted|p2a: Hydreigon
|-damage|p2a: Hydreigon|83/100 slp
|
|-weather|Sandstorm|[upkeep]
|-damage|p1a: Starmie|82/100|[from] sandstorm
|-damage|p2a: Hydreigon|77/100 slp|[from] sandstorm
|-heal|p1a: Starmie|88/100|[from] item: Leftovers
|upkeep
|turn|16
|
|move|p1a: Starmie|Rapid Spin|p2a: Hydreigon
|-damage|p2a: Hydreigon|73/100 slp
|-sideend|p1: cabelloum21|Stealth Rock|[from] move: Rapid Spin|[of] p1a: Starmie
|cant|p2a: Hydreigon|slp
|
|-weather|Sandstorm|[upkeep]
|-damage|p1a: Starmie|82/100|[from] sandstorm
|-damage|p2a: Hydreigon|67/100 slp|[from] sandstorm
|-heal|p1a: Starmie|88/100|[from] item: Leftovers
|upkeep
|turn|17
|
|move|p1a: Starmie|Ice Beam|p2a: Hydreigon
|-supereffective|p2a: Hydreigon
|-damage|p2a: Hydreigon|9/100 slp
|cant|p2a: Hydreigon|slp
|
|-weather|Sandstorm|[upkeep]
|-damage|p1a: Starmie|82/100|[from] sandstorm
|-damage|p2a: Hydreigon|3/100 slp|[from] sandstorm
|-heal|p1a: Starmie|88/100|[from] item: Leftovers
|upkeep
|turn|18
|
|move|p1a: Starmie|Scald|p2a: Hydreigon
|-resisted|p2a: Hydreigon
|-damage|p2a: Hydreigon|0 fnt
|faint|p2a: Hydreigon
|
|-weather|Sandstorm|[upkeep]
|-damage|p1a: Starmie|82/100|[from] sandstorm
|-heal|p1a: Starmie|88/100|[from] item: Leftovers
|upkeep
|
|switch|p2a: Alakazam|Alakazam, M|76/100
|turn|19
|
|switch|p1a: Tyranitar|Tyranitar, M|100/100
|move|p2a: Alakazam|Shadow Ball|p1a: Tyranitar
|-resisted|p1a: Tyranitar
|-damage|p1a: Tyranitar|89/100
|
|-weather|Sandstorm|[upkeep]
|upkeep
|turn|20
|
|move|p2a: Alakazam|Focus Blast|p1a: Tyranitar
|-supereffective|p1a: Tyranitar
|-damage|p1a: Tyranitar|0 fnt
|faint|p1a: Tyranitar
|
|-weather|Sandstorm|[upkeep]
|upkeep
|
|switch|p1a: Landorus|Landorus-Therian, M|3/100
|-ability|p1a: Landorus|Intimidate|boost
|-unboost|p2a: Alakazam|atk|1
|turn|21
|
|switch|p2a: Skarmory|Skarmory, F|20/100
|move|p1a: Landorus|U-turn|p2a: Skarmory
|-resisted|p2a: Skarmory
|-damage|p2a: Skarmory|16/100
|
|switch|p1a: Starmie|Starmie|88/100
|
|-weather|Sandstorm|[upkeep]
|-damage|p1a: Starmie|82/100|[from] sandstorm
|-heal|p1a: Starmie|88/100|[from] item: Leftovers
|-heal|p2a: Skarmory|22/100|[from] item: Leftovers
|upkeep
|turn|22
|
|switch|p2a: Mienshao|Mienshao, M|100/100
|move|p1a: Starmie|Scald|p2a: Mienshao
|-damage|p2a: Mienshao|40/100
|
|-weather|Sandstorm|[upkeep]
|-damage|p2a: Mienshao|34/100|[from] sandstorm
|-damage|p1a: Starmie|82/100|[from] sandstorm
|-heal|p1a: Starmie|88/100|[from] item: Leftovers
|upkeep
|turn|23
|
|move|p2a: Mienshao|U-turn|p1a: Starmie
|-supereffective|p1a: Starmie
|-damage|p1a: Starmie|29/100
|
|switch|p2a: Skarmory|Skarmory, F|22/100
|move|p1a: Starmie|Scald|p2a: Skarmory
|-damage|p2a: Skarmory|0 fnt
|faint|p2a: Skarmory
|
|-weather|Sandstorm|[upkeep]
|-damage|p1a: Starmie|23/100|[from] sandstorm
|-heal|p1a: Starmie|29/100|[from] item: Leftovers
|upkeep
|
|switch|p2a: Mienshao|Mienshao, M|68/100
|turn|24
|
|switch|p1a: Scizor|Scizor, M|58/100
|move|p2a: Mienshao|U-turn|p1a: Scizor
|-resisted|p1a: Scizor
|-damage|p1a: Scizor|47/100
|
|switch|p2a: Alakazam|Alakazam, M|76/100
|
|-weather|Sandstorm|[upkeep]
|-heal|p1a: Scizor|53/100|[from] item: Leftovers
|upkeep
|turn|25
|
|move|p1a: Scizor|Bullet Punch|p2a: Alakazam
|-crit|p2a: Alakazam
|-damage|p2a: Alakazam|0 fnt
|faint|p2a: Alakazam
|
|-weather|Sandstorm|[upkeep]
|-heal|p1a: Scizor|59/100|[from] item: Leftovers
|upkeep
|-message|Hidden & Dangerous forfeited.
|
|win|cabelloum21
|l|☆Hidden & Dangerous
|raw|cabelloum21's rating: 1302 &rarr; <strong>1326</strong><br />(+24 for winning)
|raw|Hidden &amp; Dangerous's rating: 1376 &rarr; <strong>1352</strong><br />(-24 for losing)
|l| celegay
