|j|‽ahahahahehe
|j|☆TheRareCandyDealer
|player|p1|ahahahahehe|101|1422
|player|p2|TheRareCandyDealer|dragontamer|1368
|teamsize|p1|6
|teamsize|p2|6
|gametype|singles
|gen|5
|tier|[Gen 5] OU
|rated|
|clearpoke
|poke|p1|Reuniclus, F|item
|poke|p1|Jellicent, F|item
|poke|p1|Skarmory, M|item
|poke|p1|Jirachi|item
|poke|p1|Alakazam, F|item
|poke|p1|Latios, M|item
|poke|p2|Keldeo|item
|poke|p2|Togekiss, F|item
|poke|p2|Weavile, F|item
|poke|p2|Breloom, F|item
|poke|p2|Forretress, F|item
|poke|p2|Heatran, F|item
|rule|Species Clause: Limit one of each Pokémon
|rule|OHKO Clause: OHKO moves are banned
|rule|Moody Clause: Moody is banned
|rule|Evasion Moves Clause: Evasion moves are banned
|rule|Endless Battle Clause: Forcing endless battles is banned
|rule|HP Percentage Mod: HP is shown in percentages
|rule|Evasion Abilities Clause: Evasion abilities are banned
|rule|Baton Pass Clause: Limit one Baton Passer, can't pass Spe and other stats simultaneously
|rule|Sleep Clause: Sleep-inducing moves are banned
|rule|Swagger Clause: Swagger is banned
|teampreview
|inactive|Battle timer is ON: inactive players will automatically lose when time's up. (requested by TheRareCandyDealer)
|inactive|ahahahahehe has 120 seconds left.
|
|start
|switch|p1a: Skarmory|Skarmory, M|100/100
|switch|p2a: Forretress|Forretress, F|100/100
|turn|1
|
|move|p1a: Skarmory|Stealth Rock|p2a: Forretress
|-sidestart|p2: TheRareCandyDealer|move: Stealth Rock
|move|p2a: Forretress|Stealth Rock|p1a: Skarmory
|-sidestart|p1: ahahahahehe|move: Stealth Rock
|
|upkeep
|turn|2
|
|switch|p1a: Jellicent|Jellicent, F|100/100
|-damage|p1a: Jellicent|88/100|[from] Stealth Rock
|move|p2a: Forretress|Toxic Spikes|p1a: Jellicent
|-sidestart|p1: ahahahahehe|move: Toxic Spikes
|
|-heal|p1a: Jellicent|94/100|[from] item: Leftovers
|upkeep
|turn|3
|
|switch|p2a: Heatran|Heatran, F|100/100
|-damage|p2a: Heatran|88/100|[from] Stealth Rock
|move|p1a: Jellicent|Will-O-Wisp|p2a: Heatran
|-start|p2a: Heatran|ability: Flash Fire
|
|-heal|p2a: Heatran|94/100|[from] item: Leftovers
|-heal|p1a: Jellicent|100/100|[from] item: Leftovers
|upkeep
|turn|4
|
|move|p2a: Heatran|Taunt|p1a: Jellicent
|-start|p1a: Jellicent|move: Taunt
|move|p1a: Jellicent|Night Shade|p2a: Heatran
|-damage|p2a: Heatran|68/100
|
|-heal|p2a: Heatran|75/100|[from] item: Leftovers
|upkeep
|turn|5
|
|switch|p1a: Skarmory|Skarmory, M|100/100
|-damage|p1a: Skarmory|88/100|[from] Stealth Rock
|move|p2a: Heatran|Toxic|p1a: Skarmory
|-immune|p1a: Skarmory
|
|-heal|p2a: Heatran|81/100|[from] item: Leftovers
|upkeep
|turn|6
|
|switch|p1a: Jellicent|Jellicent, F|100/100
|-damage|p1a: Jellicent|88/100|[from] Stealth Rock
|-status|p1a: Jellicent|psn
|move|p2a: Heatran|Flamethrower|p1a: Jellicent
|-resisted|p1a: Jellicent
|-crit|p1a: Jellicent
|-damage|p1a: Jellicent|40/100 psn
|
|-heal|p2a: Heatran|87/100|[from] item: Leftovers
|-heal|p1a: Jellicent|46/100 psn|[from] item: Leftovers
|-damage|p1a: Jellicent|34/100 psn|[from] psn
|upkeep
|turn|7
|
|move|p2a: Heatran|Taunt|p1a: Jellicent
|-start|p1a: Jellicent|move: Taunt
|move|p1a: Jellicent|Night Shade|p2a: Heatran
|-damage|p2a: Heatran|61/100
|
|-heal|p2a: Heatran|67/100|[from] item: Leftovers
|-heal|p1a: Jellicent|40/100 psn|[from] item: Leftovers
|-damage|p1a: Jellicent|28/100 psn|[from] psn
|upkeep
|turn|8
|
|switch|p1a: Latios|Latios, M|100/100
|-damage|p1a: Latios|88/100|[from] Stealth Rock
|move|p2a: Heatran|Flamethrower|p1a: Latios
|-resisted|p1a: Latios
|-damage|p1a: Latios|58/100
|
|-heal|p2a: Heatran|74/100|[from] item: Leftovers
|upkeep
|turn|9
|
|-end|p2a: Heatran|ability: Flash Fire|[silent]
|switch|p2a: Forretress|Forretress, F|100/100
|-damage|p2a: Forretress|88/100|[from] Stealth Rock
|move|p1a: Latios|Surf|p2a: Forretress
|-damage|p2a: Forretress|22/100
|-damage|p1a: Latios|48/100|[from] item: Life Orb
|
|-heal|p2a: Forretress|28/100|[from] item: Leftovers
|upkeep
|turn|10
|
|switch|p2a: Heatran|Heatran, F|74/100
|-damage|p2a: Heatran|61/100|[from] Stealth Rock
|move|p1a: Latios|Hidden Power|p2a: Heatran
|-start|p2a: Heatran|ability: Flash Fire
|
|-heal|p2a: Heatran|67/100|[from] item: Leftovers
|upkeep
|turn|11
|
|move|p1a: Latios|Surf|p2a: Heatran
|-supereffective|p2a: Heatran
|-damage|p2a: Heatran|16/100
|-damage|p1a: Latios|38/100|[from] item: Life Orb
|move|p2a: Heatran|Flamethrower|p1a: Latios
|-resisted|p1a: Latios
|-damage|p1a: Latios|6/100
|
|-heal|p2a: Heatran|22/100|[from] item: Leftovers
|upkeep
|turn|12
|
|move|p1a: Latios|Roost|p1a: Latios
|-heal|p1a: Latios|56/100
|-singleturn|p1a: Latios|move: Roost
|move|p2a: Heatran|Flamethrower|p1a: Latios
|-resisted|p1a: Latios
|-damage|p1a: Latios|22/100
|
|-heal|p2a: Heatran|28/100|[from] item: Leftovers
|upkeep
|turn|13
|
|-end|p2a: Heatran|ability: Flash Fire|[silent]
|switch|p2a: Weavile|Weavile, F|100/100
|-damage|p2a: Weavile|76/100|[from] Stealth Rock
|-ability|p2a: Weavile|Pressure
|move|p1a: Latios|Surf|p2a: Weavile
|-damage|p2a: Weavile|18/100
|-damage|p1a: Latios|12/100|[from] item: Life Orb
|
|upkeep
|turn|14
|
|move|p2a: Weavile|Ice Punch|p1a: Latios
|-supereffective|p1a: Latios
|-damage|p1a: Latios|0 fnt
|-damage|p2a: Weavile|8/100|[from] item: Life Orb
|faint|p1a: Latios
|
|upkeep
|
|switch|p1a: Skarmory|Skarmory, M|88/100
|-damage|p1a: Skarmory|76/100|[from] Stealth Rock
|turn|15
|
|move|p2a: Weavile|Ice Punch|p1a: Skarmory
|-damage|p1a: Skarmory|34/100
|-damage|p2a: Weavile|0 fnt|[from] item: Life Orb
|faint|p2a: Weavile
|move|p1a: Skarmory|Spikes|p2: Weavile
|-sidestart|p2: TheRareCandyDealer|Spikes
|
|upkeep
|
|switch|p2a: Keldeo|Keldeo|100/100
|-damage|p2a: Keldeo|88/100|[from] Spikes
|-damage|p2a: Keldeo|82/100|[from] Stealth Rock
|turn|16
|
|switch|p1a: Jellicent|Jellicent, F|28/100 psn
|-damage|p1a: Jellicent|15/100 psn|[from] Stealth Rock
|move|p2a: Keldeo|Hidden Power|p1a: Jellicent
|-supereffective|p1a: Jellicent
|-damage|p1a: Jellicent|0 fnt
|faint|p1a: Jellicent
|
|upkeep
|
|switch|p1a: Alakazam|Alakazam, F|100/100
|-status|p1a: Alakazam|psn
|turn|17
|
|switch|p2a: Forretress|Forretress, F|28/100
|-damage|p2a: Forretress|16/100|[from] Stealth Rock
|-damage|p2a: Forretress|4/100|[from] Spikes
|move|p1a: Alakazam|Psychic|p2a: Forretress
|-resisted|p2a: Forretress
|-damage|p2a: Forretress|0 fnt
|faint|p2a: Forretress
|
|upkeep
|
|switch|p2a: Togekiss|Togekiss, F|100/100
|-damage|p2a: Togekiss|76/100|[from] Stealth Rock
|turn|18
|
|move|p1a: Alakazam|Hidden Power|p2a: Togekiss
|-supereffective|p2a: Togekiss
|-damage|p2a: Togekiss|35/100
|move|p2a: Togekiss|Wish|p2a: Togekiss
|
|-heal|p2a: Togekiss|41/100|[from] item: Leftovers
|upkeep
|turn|19
|
|move|p1a: Alakazam|Focus Blast|p2a: Togekiss
|-damage|p2a: Togekiss|9/100
|move|p2a: Togekiss|Air Slash|p1a: Alakazam
|-damage|p1a: Alakazam|50/100 psn
|
|-heal|p2a: Togekiss|58/100|[from] move: Wish|[wisher] Togekiss
|-heal|p2a: Togekiss|65/100|[from] item: Leftovers
|upkeep
|turn|20
|
|move|p1a: Alakazam|Thunder Wave|p2a: Togekiss
|-status|p2a: Togekiss|par
|cant|p2a: Togekiss|par
|
|-heal|p2a: Togekiss|71/100 par|[from] item: Leftovers
|upkeep
|turn|21
|
|switch|p1a: Jirachi|Jirachi|100/100
|-damage|p1a: Jirachi|94/100|[from] Stealth Rock
|move|p2a: Togekiss|Wish|p2a: Togekiss
|
|-heal|p2a: Togekiss|77/100 par|[from] item: Leftovers
|upkeep
|turn|22
|
|switch|p2a: Keldeo|Keldeo|82/100
|-damage|p2a: Keldeo|70/100|[from] Spikes
|-damage|p2a: Keldeo|63/100|[from] Stealth Rock
|move|p1a: Jirachi|Iron Head|p2a: Keldeo
|-resisted|p2a: Keldeo
|-damage|p2a: Keldeo|47/100
|
|-heal|p2a: Keldeo|100/100|[from] move: Wish|[wisher] Togekiss
|upkeep
|turn|23
|
|move|p1a: Jirachi|Iron Head|p2a: Keldeo
|-resisted|p2a: Keldeo
|-damage|p2a: Keldeo|83/100
|cant|p2a: Keldeo|flinch
|
|upkeep
|turn|24
|
|move|p1a: Jirachi|Iron Head|p2a: Keldeo
|-resisted|p2a: Keldeo
|-damage|p2a: Keldeo|67/100
|cant|p2a: Keldeo|flinch
|
|upkeep
|turn|25
|
|move|p1a: Jirachi|Iron Head|p2a: Keldeo
|-resisted|p2a: Keldeo
|-damage|p2a: Keldeo|50/100
|cant|p2a: Keldeo|flinch
|
|upkeep
|turn|26
|
|switch|p1a: Skarmory|Skarmory, M|34/100
|-damage|p1a: Skarmory|22/100|[from] Stealth Rock
|move|p2a: Keldeo|Surf|p1a: Skarmory
|-damage|p1a: Skarmory|0 fnt
|faint|p1a: Skarmory
|
|upkeep
|
|switch|p1a: Alakazam|Alakazam, F|50/100 psn
|turn|27
|
|move|p1a: Alakazam|Psychic|p2a: Keldeo
|-supereffective|p2a: Keldeo
|-damage|p2a: Keldeo|0 fnt
|faint|p2a: Keldeo
|
|upkeep
|
|switch|p2a: Togekiss|Togekiss, F|77/100 par
|-damage|p2a: Togekiss|52/100 par|[from] Stealth Rock
|turn|28
|
|move|p1a: Alakazam|Psychic|p2a: Togekiss
|-damage|p2a: Togekiss|15/100 par
|move|p2a: Togekiss|Air Slash|p1a: Alakazam
|-damage|p1a: Alakazam|0 fnt
|faint|p1a: Alakazam
|
|-heal|p2a: Togekiss|21/100 par|[from] item: Leftovers
|upkeep
|
|switch|p1a: Jirachi|Jirachi|94/100
|-damage|p1a: Jirachi|88/100|[from] Stealth Rock
|turn|29
|
|move|p1a: Jirachi|Iron Head|p2a: Togekiss
|-damage|p2a: Togekiss|0 fnt
|faint|p2a: Togekiss
|
|upkeep
|
|switch|p2a: Heatran|Heatran, F|28/100
|-damage|p2a: Heatran|16/100|[from] Spikes
|-damage|p2a: Heatran|4/100|[from] Stealth Rock
|turn|30
|
|move|p1a: Jirachi|Iron Head|p2a: Heatran
|-resisted|p2a: Heatran
|-damage|p2a: Heatran|0 fnt
|faint|p2a: Heatran
|
|upkeep
|
|switch|p2a: Breloom|Breloom, F|100/100
|-damage|p2a: Breloom|94/100|[from] Stealth Rock
|-damage|p2a: Breloom|82/100|[from] Spikes
|turn|31
|
|move|p1a: Jirachi|Iron Head|p2a: Breloom
|-damage|p2a: Breloom|41/100
|move|p2a: Breloom|Force Palm|p1a: Jirachi
|-damage|p1a: Jirachi|47/100
|-status|p1a: Jirachi|par
|
|upkeep
|turn|32
|
|move|p2a: Breloom|Swords Dance|p2a: Breloom
|-boost|p2a: Breloom|atk|2
|cant|p1a: Jirachi|par
|
|upkeep
|turn|33
|
|move|p2a: Breloom|Force Palm|p1a: Jirachi
|-damage|p1a: Jirachi|0 fnt
|faint|p1a: Jirachi
|
|upkeep
|
|switch|p1a: Reuniclus|Reuniclus, F|100/100
|-status|p1a: Reuniclus|psn
|turn|34
|
|move|p2a: Breloom|Bullet Seed|p1a: Reuniclus
|-damage|p1a: Reuniclus|62/100 psn
|-damage|p1a: Reuniclus|24/100 psn
|-damage|p1a: Reuniclus|0 fnt
|-hitcount|p1a: Reuniclus|3
|faint|p1a: Reuniclus
|
|win|TheRareCandyDealer
|raw|ahahahahehe's rating: 1422 &rarr; <strong>1399</strong><br />(-23 for losing)
|raw|TheRareCandyDealer's rating: 1368 &rarr; <strong>1391</strong><br />(+23 for winning)
|c|☆TheRareCandyDealer|gg
|l|‽ahahahahehe
