|j|☆Raul20619
|j|☆TwoBrickShoes
|player|p1|Raul20619|fisherman-gen4|1340
|player|p2|TwoBrickShoes|brawly|1409
|teamsize|p1|6
|teamsize|p2|6
|gametype|singles
|gen|5
|tier|[Gen 5] OU
|rated|
|clearpoke
|poke|p1|Politoed, M|item
|poke|p1|Jirachi|item
|poke|p1|Dragonite, M|item
|poke|p1|Moltres|item
|poke|p1|Forretress, F|item
|poke|p1|Espeon, M|item
|poke|p2|Politoed, M|item
|poke|p2|Tentacruel, F|item
|poke|p2|Ferrothorn, M|item
|poke|p2|Keldeo-Resolute|item
|poke|p2|Thundurus-Therian, M|item
|poke|p2|Latios, M|item
|rule|Species Clause: Limit one of each Pokémon
|rule|OHKO Clause: OHKO moves are banned
|rule|Moody Clause: Moody is banned
|rule|Evasion Moves Clause: Evasion moves are banned
|rule|Endless Battle Clause: Forcing endless battles is banned
|rule|HP Percentage Mod: HP is shown in percentages
|rule|Evasion Abilities Clause: Evasion abilities are banned
|rule|Baton Pass Clause: Limit one Baton Passer, can't pass Spe and other stats simultaneously
|rule|Sleep Clause: Sleep-inducing moves are banned
|rule|Swagger Clause: Swagger is banned
|teampreview
|inactive|Battle timer is ON: inactive players will automatically lose when time's up. (requested by Raul20619)
|
|start
|switch|p1a: Forretress|Forretress, F|100/100
|switch|p2a: Thundurus|Thundurus-Therian, M|100/100
|turn|1
|
|move|p2a: Thundurus|Substitute|p2a: Thundurus
|-start|p2a: Thundurus|Substitute
|-damage|p2a: Thundurus|76/100
|move|p1a: Forretress|Stealth Rock|p2a: Thundurus
|-sidestart|p2: TwoBrickShoes|move: Stealth Rock
|
|-heal|p2a: Thundurus|82/100|[from] item: Leftovers
|upkeep
|turn|2
|
|switch|p1a: Espeon|Espeon, M|100/100
|move|p2a: Thundurus|Thunder|p1a: Espeon|[miss]
|-miss|p2a: Thundurus|p1a: Espeon
|
|-heal|p2a: Thundurus|88/100|[from] item: Leftovers
|upkeep
|turn|3
|
|move|p1a: Espeon|Light Screen|p1a: Espeon
|-sidestart|p1: Raul20619|move: Light Screen
|move|p2a: Thundurus|Thunder|p1a: Espeon|[miss]
|-miss|p2a: Thundurus|p1a: Espeon
|
|-heal|p2a: Thundurus|94/100|[from] item: Leftovers
|upkeep
|turn|4
|
|move|p1a: Espeon|Psyshock|p2a: Thundurus
|-end|p2a: Thundurus|Substitute
|move|p2a: Thundurus|Thunder|p1a: Espeon
|-damage|p1a: Espeon|67/100
|
|-heal|p2a: Thundurus|99/100|[from] item: Leftovers
|upkeep
|turn|5
|
|switch|p2a: Politoed|Politoed, M|100/100
|-damage|p2a: Politoed|88/100|[from] Stealth Rock
|-weather|RainDance|[from] ability: Drizzle|[of] p2a: Politoed
|move|p1a: Espeon|Psyshock|p2a: Politoed
|-damage|p2a: Politoed|57/100
|
|-weather|RainDance|[upkeep]
|-heal|p2a: Politoed|63/100|[from] item: Leftovers
|upkeep
|turn|6
|
|move|p1a: Espeon|Psyshock|p2a: Politoed
|-damage|p2a: Politoed|35/100
|move|p2a: Politoed|Encore|p1a: Espeon
|move|p1a: Espeon|Encore||[from]Magic Bounce|[still]
|-fail|p1a: Espeon
|
|-weather|RainDance|[upkeep]
|-heal|p2a: Politoed|41/100|[from] item: Leftovers
|upkeep
|turn|7
|
|switch|p2a: Ferrothorn|Ferrothorn, M|100/100
|-damage|p2a: Ferrothorn|94/100|[from] Stealth Rock
|move|p1a: Espeon|Psyshock|p2a: Ferrothorn
|-resisted|p2a: Ferrothorn
|-damage|p2a: Ferrothorn|83/100
|
|-weather|RainDance|[upkeep]
|-heal|p2a: Ferrothorn|89/100|[from] item: Leftovers
|upkeep
|turn|8
|
|switch|p1a: Jirachi|Jirachi|100/100
|move|p2a: Ferrothorn|Gyro Ball|p1a: Jirachi
|-resisted|p1a: Jirachi
|-damage|p1a: Jirachi|83/100
|
|-weather|RainDance|[upkeep]
|-heal|p1a: Jirachi|89/100|[from] item: Leftovers
|-heal|p2a: Ferrothorn|96/100|[from] item: Leftovers
|upkeep
|turn|9
|
|move|p1a: Jirachi|Substitute|p1a: Jirachi
|-start|p1a: Jirachi|Substitute
|-damage|p1a: Jirachi|64/100
|move|p2a: Ferrothorn|Stealth Rock|p1a: Jirachi
|-sidestart|p1: Raul20619|move: Stealth Rock
|
|-weather|RainDance|[upkeep]
|-heal|p1a: Jirachi|70/100|[from] item: Leftovers
|-heal|p2a: Ferrothorn|100/100|[from] item: Leftovers
|upkeep
|turn|10
|
|switch|p2a: Tentacruel|Tentacruel, F|100/100
|-damage|p2a: Tentacruel|88/100|[from] Stealth Rock
|move|p1a: Jirachi|Calm Mind|p1a: Jirachi
|-boost|p1a: Jirachi|spa|1
|-boost|p1a: Jirachi|spd|1
|
|-weather|RainDance|[upkeep]
|-heal|p2a: Tentacruel|94/100|[from] ability: Rain Dish
|-heal|p2a: Tentacruel|100/100|[from] item: Black Sludge
|-heal|p1a: Jirachi|76/100|[from] item: Leftovers
|-sideend|p1: Raul20619|move: Light Screen
|upkeep
|turn|11
|
|move|p2a: Tentacruel|Scald|p1a: Jirachi
|-activate|p1a: Jirachi|Substitute|[damage]
|move|p1a: Jirachi|Thunder|p2a: Tentacruel
|-supereffective|p2a: Tentacruel
|-crit|p2a: Tentacruel
|-damage|p2a: Tentacruel|0 fnt
|faint|p2a: Tentacruel
|
|-weather|RainDance|[upkeep]
|-heal|p1a: Jirachi|83/100|[from] item: Leftovers
|upkeep
|-message|TwoBrickShoes forfeited.
|
|win|Raul20619
|l|☆TwoBrickShoes
|raw|Raul20619's rating: 1341 &rarr; <strong>1365</strong><br />(+24 for winning)
|raw|TwoBrickShoes's rating: 1409 &rarr; <strong>1385</strong><br />(-24 for losing)
