|j|☆cateno
|j|☆Raul20619
|t:|1595338616
|player|p1|cateno|pokemonbreeder-gen4|1371
|player|p2|Raul20619|fisherman-gen4|1384
|teamsize|p1|6
|teamsize|p2|6
|gametype|singles
|gen|5
|tier|[Gen 5] OU
|rated|
|clearpoke
|poke|p1|Dragonite, M|item
|poke|p1|Espeon, M|item
|poke|p1|Conkeldurr, M|item
|poke|p1|Skarmory, M|item
|poke|p1|Rotom-Wash|item
|poke|p1|Garchomp, F|item
|poke|p2|Politoed, M|item
|poke|p2|Jirachi|item
|poke|p2|Dragonite, M|item
|poke|p2|Moltres|item
|poke|p2|Forretress, M|item
|poke|p2|Espeon, M|item
|rule|Species Clause: Limit one of each Pokémon
|rule|OHKO Clause: OHKO moves are banned
|rule|Moody Clause: Moody is banned
|rule|Evasion Moves Clause: Evasion moves are banned
|rule|Endless Battle Clause: Forcing endless battles is banned
|rule|HP Percentage Mod: HP is shown in percentages
|rule|Evasion Abilities Clause: Evasion abilities are banned
|rule|Baton Pass Clause: Limit one Baton Passer, can't pass Spe and other stats simultaneously
|rule|Sleep Clause: Sleep-inducing moves are banned
|rule|Swagger Clause: Swagger is banned
|teampreview
|inactive|Battle timer is ON: inactive players will automatically lose when time's up. (requested by Raul20619)
|
|t:|1595338651
|start
|switch|p1a: Rotom|Rotom-Wash|100/100
|switch|p2a: Forretress|Forretress, M|100/100
|turn|1
|
|t:|1595338660
|switch|p1a: Espeon|Espeon, M|100/100
|move|p2a: Forretress|Volt Switch|p1a: Espeon
|-damage|p1a: Espeon|87/100
|
|t:|1595338668
|switch|p2a: Politoed|Politoed, M|100/100|[from]move: Volt Switch
|-weather|RainDance|[from] ability: Drizzle|[of] p2a: Politoed
|
|-weather|RainDance|[upkeep]
|upkeep
|turn|2
|
|t:|1595338679
|switch|p2a: Jirachi|Jirachi|100/100
|move|p1a: Espeon|Grass Knot|p2a: Jirachi
|-resisted|p2a: Jirachi
|-damage|p2a: Jirachi|97/100
|
|-weather|RainDance|[upkeep]
|-heal|p2a: Jirachi|100/100|[from] item: Leftovers
|upkeep
|turn|3
|
|t:|1595338695
|switch|p1a: Conkeldurr|Conkeldurr, M|100/100
|move|p2a: Jirachi|Substitute|p2a: Jirachi
|-start|p2a: Jirachi|Substitute
|-damage|p2a: Jirachi|75/100
|
|-weather|RainDance|[upkeep]
|-heal|p2a: Jirachi|82/100|[from] item: Leftovers
|upkeep
|turn|4
|
|t:|1595338705
|move|p1a: Conkeldurr|Mach Punch|p2a: Jirachi
|-activate|p2a: Jirachi|Substitute|[damage]
|move|p2a: Jirachi|Water Pulse|p1a: Conkeldurr
|-damage|p1a: Conkeldurr|77/100
|-start|p1a: Conkeldurr|confusion
|
|-weather|RainDance|[upkeep]
|-heal|p2a: Jirachi|88/100|[from] item: Leftovers
|upkeep
|turn|5
|
|t:|1595338716
|switch|p1a: Dragonite|Dragonite, M|100/100
|move|p2a: Jirachi|Calm Mind|p2a: Jirachi
|-boost|p2a: Jirachi|spa|1
|-boost|p2a: Jirachi|spd|1
|
|-weather|RainDance|[upkeep]
|-heal|p2a: Jirachi|94/100|[from] item: Leftovers
|upkeep
|turn|6
|
|t:|1595338727
|move|p2a: Jirachi|Thunder|p1a: Dragonite
|-damage|p1a: Dragonite|80/100
|-status|p1a: Dragonite|par
|cant|p1a: Dragonite|par
|
|-weather|RainDance|[upkeep]
|-heal|p2a: Jirachi|99/100|[from] item: Leftovers
|upkeep
|turn|7
|
|t:|1595338737
|move|p2a: Jirachi|Thunder|p1a: Dragonite
|-damage|p1a: Dragonite|34/100 par
|cant|p1a: Dragonite|par
|
|-weather|RainDance|[upkeep]
|-heal|p2a: Jirachi|100/100|[from] item: Leftovers
|upkeep
|turn|8
|
|t:|1595338746
|move|p2a: Jirachi|Thunder|p1a: Dragonite
|-damage|p1a: Dragonite|0 fnt
|faint|p1a: Dragonite
|
|-weather|RainDance|[upkeep]
|upkeep
|
|t:|1595338759
|switch|p1a: Garchomp|Garchomp, F|100/100
|turn|9
|
|t:|1595338763
|move|p1a: Garchomp|Earthquake|p2a: Jirachi
|-supereffective|p2a: Jirachi
|-end|p2a: Jirachi|Substitute
|move|p2a: Jirachi|Water Pulse|p1a: Garchomp
|-damage|p1a: Garchomp|66/100
|-start|p1a: Garchomp|confusion
|
|-weather|RainDance|[upkeep]
|upkeep
|turn|10
|
|t:|1595338780
|switch|p2a: Dragonite|Dragonite, M|100/100
|-activate|p1a: Garchomp|confusion
|-damage|p1a: Garchomp|53/100|[from] confusion
|
|-weather|RainDance|[upkeep]
|upkeep
|turn|11
|
|t:|1595338793
|switch|p1a: Skarmory|Skarmory, M|100/100
|move|p2a: Dragonite|Extreme Speed|p1a: Skarmory
|-resisted|p1a: Skarmory
|-damage|p1a: Skarmory|85/100
|
|-weather|RainDance|[upkeep]
|-heal|p1a: Skarmory|91/100|[from] item: Leftovers
|upkeep
|turn|12
|
|t:|1595338803
|switch|p2a: Politoed|Politoed, M|100/100
|move|p1a: Skarmory|Toxic|p2a: Politoed|[miss]
|-miss|p1a: Skarmory|p2a: Politoed
|
|-weather|RainDance|[upkeep]
|-heal|p1a: Skarmory|97/100|[from] item: Leftovers
|upkeep
|turn|13
|
|t:|1595338819
|switch|p1a: Rotom|Rotom-Wash|100/100
|move|p2a: Politoed|Scald|p1a: Rotom
|-resisted|p1a: Rotom
|-damage|p1a: Rotom|69/100
|-status|p1a: Rotom|brn
|
|-weather|RainDance|[upkeep]
|-heal|p1a: Rotom|75/100 brn|[from] item: Leftovers
|-damage|p1a: Rotom|63/100 brn|[from] brn
|upkeep
|turn|14
|
|t:|1595338833
|switch|p2a: Espeon|Espeon, M|100/100
|move|p1a: Rotom|Discharge|p2a: Espeon
|-damage|p2a: Espeon|71/100
|
|-weather|RainDance|[upkeep]
|-heal|p1a: Rotom|68/100 brn|[from] item: Leftovers
|-damage|p1a: Rotom|56/100 brn|[from] brn
|upkeep
|turn|15
|
|t:|1595338851
|move|p2a: Espeon|Light Screen|p2a: Espeon
|-sidestart|p2: Raul20619|move: Light Screen
|move|p1a: Rotom|Hydro Pump|p2a: Espeon
|-damage|p2a: Espeon|34/100
|
|-weather|RainDance|[upkeep]
|-heal|p1a: Rotom|62/100 brn|[from] item: Leftovers
|-damage|p1a: Rotom|50/100 brn|[from] brn
|upkeep
|turn|16
|
|t:|1595338862
|move|p2a: Espeon|Reflect|p2a: Espeon
|-sidestart|p2: Raul20619|Reflect
|move|p1a: Rotom|Hydro Pump|p2a: Espeon
|-damage|p2a: Espeon|1/100
|
|-weather|RainDance|[upkeep]
|-heal|p1a: Rotom|56/100 brn|[from] item: Leftovers
|-damage|p1a: Rotom|44/100 brn|[from] brn
|upkeep
|turn|17
|
|t:|1595338873
|move|p2a: Espeon|Psyshock|p1a: Rotom
|-damage|p1a: Rotom|6/100 brn
|move|p1a: Rotom|Hidden Power|p2a: Espeon
|-damage|p2a: Espeon|0 fnt
|faint|p2a: Espeon
|
|-weather|RainDance|[upkeep]
|-heal|p1a: Rotom|12/100 brn|[from] item: Leftovers
|-damage|p1a: Rotom|0 fnt|[from] brn
|faint|p1a: Rotom
|upkeep
|
|t:|1595338891
|switch|p2a: Politoed|Politoed, M|100/100
|switch|p1a: Conkeldurr|Conkeldurr, M|77/100
|turn|18
|
|t:|1595338899
|move|p2a: Politoed|Scald|p1a: Conkeldurr
|-damage|p1a: Conkeldurr|0 fnt
|faint|p1a: Conkeldurr
|
|-weather|RainDance|[upkeep]
|upkeep
|
|t:|1595338910
|switch|p1a: Skarmory|Skarmory, M|97/100
|turn|19
|
|t:|1595338914
|move|p2a: Politoed|Scald|p1a: Skarmory
|-damage|p1a: Skarmory|12/100
|move|p1a: Skarmory|Stealth Rock|p2a: Politoed
|-sidestart|p2: Raul20619|move: Stealth Rock
|
|-weather|RainDance|[upkeep]
|-heal|p1a: Skarmory|18/100|[from] item: Leftovers
|upkeep
|turn|20
|
|t:|1595338922
|move|p2a: Politoed|Scald|p1a: Skarmory
|-damage|p1a: Skarmory|0 fnt
|faint|p1a: Skarmory
|
|-weather|RainDance|[upkeep]
|upkeep
|
|t:|1595338930
|switch|p1a: Garchomp|Garchomp, F|53/100
|turn|21
|
|t:|1595338934
|move|p1a: Garchomp|Outrage|p2a: Politoed
|-damage|p2a: Politoed|62/100
|move|p2a: Politoed|Scald|p1a: Garchomp
|-damage|p1a: Garchomp|0 fnt
|faint|p1a: Garchomp
|
|-weather|RainDance|[upkeep]
|upkeep
|
|t:|1595338948
|switch|p1a: Espeon|Espeon, M|87/100
|turn|22
|c|☆cateno|lucky, but gg
|
|t:|1595338953
|move|p1a: Espeon|Psychic|p2a: Politoed
|-damage|p2a: Politoed|29/100
|move|p2a: Politoed|Scald|p1a: Espeon
|-damage|p1a: Espeon|0 fnt
|faint|p1a: Espeon
|
|win|Raul20619
|l|☆cateno
|c|☆Raul20619|Gg
|raw|cateno's rating: 1371 &rarr; <strong>1352</strong><br />(-19 for losing)
|raw|Raul20619's rating: 1385 &rarr; <strong>1404</strong><br />(+19 for winning)
