|j|‽Carnelia Rose
|j|☆Pilif
|player|p1|Carnelia Rose|51
|player|p2|Pilif|101
|teamsize|p1|6
|teamsize|p2|6
|gametype|singles
|gen|5
|tier|[Gen 5] OU
|rated|
|rule|Sleep Clause Mod: Limit one foe put to sleep
|rule|Species Clause: Limit one of each Pokémon
|rule|OHKO Clause: OHKO moves are banned
|rule|Moody Clause: Moody is banned
|rule|Evasion Moves Clause: Evasion moves are banned
|rule|Endless Battle Clause: Forcing endless battles is banned
|rule|HP Percentage Mod: HP is shown in percentages
|rule|Evasion Abilities Clause: Evasion abilities are banned
|rule|Baton Pass Clause: Limit one Baton Passer, can't pass Spe and other stats simultaneously
|rule|Swagger Clause: Swagger is banned
|clearpoke
|poke|p1|Politoed, M|item
|poke|p1|Landorus-Therian, M|item
|poke|p1|Ferrothorn, F|item
|poke|p1|Hydreigon, F|item
|poke|p1|Feraligatr, F|item
|poke|p1|Cobalion|item
|poke|p2|Hippowdon, F|item
|poke|p2|Umbreon, M|item
|poke|p2|Forretress, M|item
|poke|p2|Toxicroak, M|item
|poke|p2|Infernape, M|item
|poke|p2|Hydreigon, M|item
|teampreview
|
|start
|switch|p1a: Hydreigon|Hydreigon, F|100/100
|switch|p2a: Infernape|Infernape, M|100/100
|turn|1
|inactive|Battle timer is ON: inactive players will automatically lose when time's up. (requested by Pilif)
|j| SonoLorenzo
|
|switch|p1a: Politoed|Politoed, M|100/100
|-weather|RainDance|[from] ability: Drizzle|[of] p1a: Politoed
|move|p2a: Infernape|U-turn|p1a: Politoed
|-crit|p1a: Politoed
|-damage|p1a: Politoed|42/100
|
|switch|p2a: Hydreigon|Hydreigon, M|100/100
|
|-weather|RainDance|[upkeep]
|upkeep
|turn|2
|inactive|Pilif has 135 seconds left.
|
|move|p2a: Hydreigon|Draco Meteor|p1a: Politoed
|-damage|p1a: Politoed|0 fnt
|-unboost|p2a: Hydreigon|spa|2
|faint|p1a: Politoed
|
|-weather|RainDance|[upkeep]
|upkeep
|
|switch|p1a: Feraligatr|Feraligatr, F|100/100
|turn|3
|
|switch|p2a: Hippowdon|Hippowdon, F|100/100
|-weather|Sandstorm|[from] ability: Sand Stream|[of] p2a: Hippowdon
|move|p1a: Feraligatr|Swords Dance|p1a: Feraligatr
|-boost|p1a: Feraligatr|atk|2
|
|-weather|Sandstorm|[upkeep]
|-damage|p1a: Feraligatr|94/100|[from] sandstorm
|upkeep
|turn|4
|inactive|Carnelia Rose has 135 seconds left.
|
|move|p1a: Feraligatr|Waterfall|p2a: Hippowdon
|-supereffective|p2a: Hippowdon
|-damage|p2a: Hippowdon|4/100
|move|p2a: Hippowdon|Roar|p1a: Feraligatr
|drag|p1a: Hydreigon|Hydreigon, F|100/100
|
|-weather|Sandstorm|[upkeep]
|-damage|p1a: Hydreigon|94/100|[from] sandstorm
|-heal|p2a: Hippowdon|10/100|[from] item: Leftovers
|upkeep
|turn|5
|
|switch|p2a: Umbreon|Umbreon, M|100/100
|move|p1a: Hydreigon|Dark Pulse|p2a: Umbreon
|-resisted|p2a: Umbreon
|-damage|p2a: Umbreon|86/100
|-damage|p1a: Hydreigon|84/100|[from] item: Life Orb
|
|-weather|Sandstorm|[upkeep]
|-damage|p1a: Hydreigon|78/100|[from] sandstorm
|-damage|p2a: Umbreon|80/100|[from] sandstorm
|-heal|p2a: Umbreon|86/100|[from] item: Leftovers
|upkeep
|turn|6
|
|move|p1a: Hydreigon|Focus Blast|p2a: Umbreon
|-supereffective|p2a: Umbreon
|-damage|p2a: Umbreon|21/100
|-damage|p1a: Hydreigon|68/100|[from] item: Life Orb
|move|p2a: Umbreon|Wish|p2a: Umbreon
|
|-weather|Sandstorm|[upkeep]
|-damage|p1a: Hydreigon|62/100|[from] sandstorm
|-damage|p2a: Umbreon|14/100|[from] sandstorm
|-heal|p2a: Umbreon|21/100|[from] item: Leftovers
|upkeep
|turn|7
|inactive|Carnelia Rose has 135 seconds left.
|
|switch|p1a: Cobalion|Cobalion|100/100
|move|p2a: Umbreon|Protect|p2a: Umbreon
|-fail|p2a: Umbreon
|
|-weather|Sandstorm|[upkeep]
|-damage|p2a: Umbreon|14/100|[from] sandstorm
|-heal|p2a: Umbreon|64/100|[from] move: Wish|[wisher] Umbreon
|-heal|p2a: Umbreon|71/100|[from] item: Leftovers
|upkeep
|turn|8
|inactive|Pilif has 135 seconds left.
|inactive|Pilif has 120 seconds left.
|
|move|p2a: Umbreon|Protect|p2a: Umbreon
|-singleturn|p2a: Umbreon|Protect
|move|p1a: Cobalion|Swords Dance|p1a: Cobalion
|-boost|p1a: Cobalion|atk|2
|
|-weather|Sandstorm|[upkeep]
|-damage|p2a: Umbreon|64/100|[from] sandstorm
|-heal|p2a: Umbreon|71/100|[from] item: Leftovers
|upkeep
|turn|9
|
|switch|p2a: Hippowdon|Hippowdon, F|10/100
|move|p1a: Cobalion|Substitute|p1a: Cobalion
|-start|p1a: Cobalion|Substitute
|-damage|p1a: Cobalion|76/100
|
|-weather|Sandstorm|[upkeep]
|-heal|p2a: Hippowdon|17/100|[from] item: Leftovers
|upkeep
|turn|10
|
|move|p1a: Cobalion|Close Combat|p2a: Hippowdon
|-damage|p2a: Hippowdon|0 fnt
|-unboost|p1a: Cobalion|def|1
|-unboost|p1a: Cobalion|spd|1
|faint|p2a: Hippowdon
|
|-weather|Sandstorm|[upkeep]
|upkeep
|inactive|Pilif has 135 seconds left.
|
|switch|p2a: Forretress|Forretress, M|100/100
|turn|11
|inactive|Carnelia Rose has 135 seconds left.
|
|move|p1a: Cobalion|Close Combat|p2a: Forretress
|-crit|p2a: Forretress
|-ability|p2a: Forretress|Sturdy
|-damage|p2a: Forretress|1/100
|-unboost|p1a: Cobalion|def|1
|-unboost|p1a: Cobalion|spd|1
|move|p2a: Forretress|Counter|p1a: Cobalion
|-end|p1a: Cobalion|Substitute
|
|-weather|Sandstorm|[upkeep]
|-heal|p2a: Forretress|7/100|[from] item: Leftovers
|upkeep
|turn|12
|
|move|p1a: Cobalion|Close Combat|p2a: Forretress
|-damage|p2a: Forretress|0 fnt
|-unboost|p1a: Cobalion|def|1
|-unboost|p1a: Cobalion|spd|1
|faint|p2a: Forretress
|
|-weather|Sandstorm|[upkeep]
|upkeep
|
|switch|p2a: Infernape|Infernape, M|100/100
|turn|13
|inactive|Carnelia Rose has 135 seconds left.
|inactive|Carnelia Rose has 120 seconds left.
|inactive|Carnelia Rose has 105 seconds left.
|inactive|Carnelia Rose has 90 seconds left.
|
|switch|p1a: Feraligatr|Feraligatr, F|94/100
|move|p2a: Infernape|Overheat|p1a: Feraligatr
|-resisted|p1a: Feraligatr
|-damage|p1a: Feraligatr|69/100
|-unboost|p2a: Infernape|spa|2
|
|-weather|Sandstorm|[upkeep]
|-damage|p2a: Infernape|94/100|[from] sandstorm
|-damage|p1a: Feraligatr|63/100|[from] sandstorm
|upkeep
|turn|14
|
|switch|p2a: Hydreigon|Hydreigon, M|100/100
|switch|p1a: Landorus|Landorus-Therian, M|100/100
|-ability|p1a: Landorus|Intimidate|boost
|-unboost|p2a: Hydreigon|atk|1
|
|-weather|Sandstorm|[upkeep]
|-damage|p2a: Hydreigon|94/100|[from] sandstorm
|upkeep
|turn|15
|inactive|Carnelia Rose has 135 seconds left.
|inactive|Pilif has 135 seconds left.
|
|switch|p1a: Ferrothorn|Ferrothorn, F|100/100
|move|p2a: Hydreigon|Fire Blast|p1a: Ferrothorn|[miss]
|-miss|p2a: Hydreigon|p1a: Ferrothorn
|
|-weather|Sandstorm|[upkeep]
|-damage|p2a: Hydreigon|88/100|[from] sandstorm
|upkeep
|turn|16
|inactive|Carnelia Rose has 135 seconds left.
|inactive|Carnelia Rose has 120 seconds left.
|inactive|Carnelia Rose has 105 seconds left.
|
|move|p2a: Hydreigon|Fire Blast|p1a: Ferrothorn
|-supereffective|p1a: Ferrothorn
|-damage|p1a: Ferrothorn|0 fnt
|faint|p1a: Ferrothorn
|
|-weather|Sandstorm|[upkeep]
|-damage|p2a: Hydreigon|82/100|[from] sandstorm
|upkeep
|
|switch|p1a: Hydreigon|Hydreigon, F|62/100
|turn|17
|
|switch|p2a: Umbreon|Umbreon, M|71/100
|move|p1a: Hydreigon|Focus Blast|p2a: Umbreon
|-supereffective|p2a: Umbreon
|-damage|p2a: Umbreon|10/100
|-damage|p1a: Hydreigon|52/100|[from] item: Life Orb
|
|-weather|Sandstorm|[upkeep]
|-damage|p1a: Hydreigon|46/100|[from] sandstorm
|-damage|p2a: Umbreon|4/100|[from] sandstorm
|-heal|p2a: Umbreon|10/100|[from] item: Leftovers
|upkeep
|turn|18
|inactive|Carnelia Rose has 135 seconds left.
|
|move|p1a: Hydreigon|Dark Pulse|p2a: Umbreon
|-resisted|p2a: Umbreon
|-damage|p2a: Umbreon|0 fnt
|-damage|p1a: Hydreigon|36/100|[from] item: Life Orb
|faint|p2a: Umbreon
|
|-weather|Sandstorm|[upkeep]
|-damage|p1a: Hydreigon|30/100|[from] sandstorm
|upkeep
|inactive|Pilif has 135 seconds left.
|inactive|Pilif has 120 seconds left.
|inactive|Pilif has 105 seconds left.
|
|switch|p2a: Toxicroak|Toxicroak, M|100/100
|turn|19
|inactive|Carnelia Rose has 135 seconds left.
|inactive|Carnelia Rose has 120 seconds left.
|
|move|p2a: Toxicroak|Substitute|p2a: Toxicroak
|-start|p2a: Toxicroak|Substitute
|-damage|p2a: Toxicroak|75/100
|move|p1a: Hydreigon|Draco Meteor|p2a: Toxicroak
|-end|p2a: Toxicroak|Substitute
|-unboost|p1a: Hydreigon|spa|2
|-damage|p1a: Hydreigon|20/100|[from] item: Life Orb
|
|-weather|Sandstorm|[upkeep]
|-damage|p1a: Hydreigon|14/100|[from] sandstorm
|-damage|p2a: Toxicroak|69/100|[from] sandstorm
|-heal|p2a: Toxicroak|75/100|[from] item: Black Sludge
|upkeep
|turn|20
|
|move|p2a: Toxicroak|Substitute|p2a: Toxicroak
|-start|p2a: Toxicroak|Substitute
|-damage|p2a: Toxicroak|50/100
|move|p1a: Hydreigon|Draco Meteor|p2a: Toxicroak
|-end|p2a: Toxicroak|Substitute
|-unboost|p1a: Hydreigon|spa|2
|-damage|p1a: Hydreigon|4/100|[from] item: Life Orb
|
|-weather|Sandstorm|[upkeep]
|-damage|p1a: Hydreigon|0 fnt|[from] sandstorm
|-damage|p2a: Toxicroak|44/100|[from] sandstorm
|-heal|p2a: Toxicroak|50/100|[from] item: Black Sludge
|upkeep
|faint|p1a: Hydreigon
|inactive|Carnelia Rose has 135 seconds left.
|inactive|Carnelia Rose has 120 seconds left.
|inactive|Carnelia Rose has 105 seconds left.
|
|switch|p1a: Landorus|Landorus-Therian, M|100/100
|-ability|p1a: Landorus|Intimidate|boost
|-unboost|p2a: Toxicroak|atk|1
|turn|21
|inactive|Pilif has 135 seconds left.
|inactive|Pilif has 120 seconds left.
|
|switch|p2a: Hydreigon|Hydreigon, M|82/100
|move|p1a: Landorus|U-turn|p2a: Hydreigon
|-supereffective|p2a: Hydreigon
|-damage|p2a: Hydreigon|25/100
|
|switch|p1a: Feraligatr|Feraligatr, F|63/100
|
|-weather|Sandstorm|[upkeep]
|-damage|p2a: Hydreigon|19/100|[from] sandstorm
|-damage|p1a: Feraligatr|57/100|[from] sandstorm
|upkeep
|turn|22
|
|switch|p2a: Toxicroak|Toxicroak, M|50/100
|move|p1a: Feraligatr|Aqua Jet|p2a: Toxicroak
|-heal|p2a: Toxicroak|75/100|[from] ability: Dry Skin|[of] p1a: Feraligatr
|
|-weather|Sandstorm|[upkeep]
|-damage|p2a: Toxicroak|69/100|[from] sandstorm
|-damage|p1a: Feraligatr|50/100|[from] sandstorm
|-heal|p2a: Toxicroak|75/100|[from] item: Black Sludge
|upkeep
|turn|23
|inactive|Pilif has 135 seconds left.
|
|switch|p1a: Landorus|Landorus-Therian, M|100/100
|-ability|p1a: Landorus|Intimidate|boost
|-unboost|p2a: Toxicroak|atk|1
|move|p2a: Toxicroak|Substitute|p2a: Toxicroak
|-start|p2a: Toxicroak|Substitute
|-damage|p2a: Toxicroak|50/100
|
|-weather|Sandstorm|[upkeep]
|-damage|p2a: Toxicroak|44/100|[from] sandstorm
|-heal|p2a: Toxicroak|50/100|[from] item: Black Sludge
|upkeep
|turn|24
|inactive|Carnelia Rose has 105 seconds left.
|
|move|p1a: Landorus|Earthquake|p2a: Toxicroak
|-supereffective|p2a: Toxicroak
|-end|p2a: Toxicroak|Substitute
|move|p2a: Toxicroak|Ice Punch|p1a: Landorus
|-supereffective|p1a: Landorus
|-damage|p1a: Landorus|35/100
|-status|p1a: Landorus|frz
|
|-weather|Sandstorm|[upkeep]
|-damage|p2a: Toxicroak|44/100|[from] sandstorm
|-heal|p2a: Toxicroak|50/100|[from] item: Black Sludge
|upkeep
|turn|25
|inactive|Carnelia Rose has 105 seconds left.
|
|cant|p1a: Landorus|frz
|move|p2a: Toxicroak|Substitute|p2a: Toxicroak
|-start|p2a: Toxicroak|Substitute
|-damage|p2a: Toxicroak|25/100
|
|-weather|Sandstorm|[upkeep]
|-damage|p2a: Toxicroak|19/100|[from] sandstorm
|-heal|p2a: Toxicroak|25/100|[from] item: Black Sludge
|upkeep
|turn|26
|
|cant|p1a: Landorus|frz
|move|p2a: Toxicroak|Ice Punch|p1a: Landorus
|-supereffective|p1a: Landorus
|-damage|p1a: Landorus|0 fnt
|faint|p1a: Landorus
|
|-weather|Sandstorm|[upkeep]
|-damage|p2a: Toxicroak|19/100|[from] sandstorm
|-heal|p2a: Toxicroak|25/100|[from] item: Black Sludge
|upkeep
|
|switch|p1a: Feraligatr|Feraligatr, F|50/100
|turn|27
|
|move|p2a: Toxicroak|Drain Punch|p1a: Feraligatr
|-damage|p1a: Feraligatr|28/100
|-heal|p2a: Toxicroak|38/100|[from] drain|[of] p1a: Feraligatr
|move|p1a: Feraligatr|Crunch|p2a: Toxicroak
|-resisted|p2a: Toxicroak
|-activate|p2a: Toxicroak|Substitute|[damage]
|
|-weather|Sandstorm|[upkeep]
|-damage|p2a: Toxicroak|32/100|[from] sandstorm
|-damage|p1a: Feraligatr|22/100|[from] sandstorm
|-heal|p2a: Toxicroak|38/100|[from] item: Black Sludge
|upkeep
|turn|28
|inactive|Carnelia Rose has 120 seconds left.
|
|move|p2a: Toxicroak|Swords Dance|p2a: Toxicroak
|-boost|p2a: Toxicroak|atk|2
|move|p1a: Feraligatr|Crunch|p2a: Toxicroak
|-resisted|p2a: Toxicroak
|-end|p2a: Toxicroak|Substitute
|
|-weather|Sandstorm|[upkeep]
|-damage|p2a: Toxicroak|32/100|[from] sandstorm
|-damage|p1a: Feraligatr|16/100|[from] sandstorm
|-heal|p2a: Toxicroak|38/100|[from] item: Black Sludge
|upkeep
|turn|29
|inactive|Carnelia Rose has 120 seconds left.
|
|move|p2a: Toxicroak|Substitute|p2a: Toxicroak
|-start|p2a: Toxicroak|Substitute
|-damage|p2a: Toxicroak|13/100
|move|p1a: Feraligatr|Crunch|p2a: Toxicroak
|-resisted|p2a: Toxicroak
|-activate|p2a: Toxicroak|Substitute|[damage]
|
|-weather|Sandstorm|[upkeep]
|-damage|p2a: Toxicroak|7/100|[from] sandstorm
|-damage|p1a: Feraligatr|10/100|[from] sandstorm
|-heal|p2a: Toxicroak|13/100|[from] item: Black Sludge
|upkeep
|turn|30
|inactive|Carnelia Rose has 120 seconds left.
|
|move|p2a: Toxicroak|Drain Punch|p1a: Feraligatr
|-damage|p1a: Feraligatr|0 fnt
|-heal|p2a: Toxicroak|19/100|[from] drain|[of] p1a: Feraligatr
|faint|p1a: Feraligatr
|
|-weather|Sandstorm|[upkeep]
|-damage|p2a: Toxicroak|13/100|[from] sandstorm
|-heal|p2a: Toxicroak|19/100|[from] item: Black Sludge
|upkeep
|-message|Carnelia Rose forfeited.
|
|win|Pilif
|l|‽Carnelia Rose
|raw|Carnelia Rose's rating: 1496 &rarr; <strong>1467</strong><br />(-29 for losing)
|raw|Pilif's rating: 1335 &rarr; <strong>1363</strong><br />(+28 for winning)
