|j|☆nb 41st
|j|☆BWR Monai
|t:|1719274396
|gametype|singles
|player|p1|nb 41st|170|1346
|player|p2|BWR Monai|266|1486
|teamsize|p1|6
|teamsize|p2|6
|gen|5
|tier|[Gen 5] OU
|rated|
|rule|Species Clause: Limit one of each Pokémon
|rule|OHKO Clause: OHKO moves are banned
|rule|Moody Clause: Moody is banned
|rule|Evasion Items Clause: Evasion items are banned
|rule|Evasion Moves Clause: Evasion moves are banned
|rule|Endless Battle Clause: Forcing endless battles is banned
|rule|HP Percentage Mod: HP is shown in percentages
|rule|Evasion Abilities Clause: Evasion abilities are banned
|rule|Sleep Moves Clause: Sleep-inducing moves are banned
|rule|Swagger Clause: Swagger is banned
|rule|Baton Pass Stat Clause: No Baton Passer may have a way to boost its stats
|clearpoke
|poke|p1|Ferrothorn, F|item
|poke|p1|Politoed, M|item
|poke|p1|Thundurus-Therian, M|item
|poke|p1|Tentacruel, F|item
|poke|p1|Latios, M|item
|poke|p1|Mamoswine, M|item
|poke|p2|Politoed, M|item
|poke|p2|Garchomp, M|item
|poke|p2|Magnezone|item
|poke|p2|Starmie|item
|poke|p2|Empoleon, F|item
|poke|p2|Latios, M|item
|teampreview
|
|t:|1719274426
|start
|switch|p1a: Latios|Latios, M|100/100
|switch|p2a: Politoed|Politoed, M|100/100
|-weather|RainDance|[from] ability: Drizzle|[of] p2a: Politoed
|turn|1
|
|t:|1719274431
|move|p1a: Latios|Trick|p2a: Politoed
|-activate|p1a: Latios|move: Trick|[of] p2a: Politoed
|-item|p2a: Politoed|Choice Scarf|[from] move: Trick
|-item|p1a: Latios|Chesto Berry|[from] move: Trick
|move|p2a: Politoed|Scald|p1a: Latios
|-resisted|p1a: Latios
|-damage|p1a: Latios|81/100
|
|-weather|RainDance|[upkeep]
|upkeep
|turn|2
|
|t:|1719274443
|switch|p1a: Ferrothorn|Ferrothorn, F|100/100
|move|p2a: Politoed|Scald|p1a: Ferrothorn
|-resisted|p1a: Ferrothorn
|-damage|p1a: Ferrothorn|87/100
|
|-weather|RainDance|[upkeep]
|-heal|p1a: Ferrothorn|93/100|[from] item: Leftovers
|upkeep
|turn|3
|
|t:|1719274446
|switch|p2a: Magnezone|Magnezone|100/100
|move|p1a: Ferrothorn|Stealth Rock|p2a: Magnezone
|-sidestart|p2: BWR Monai|move: Stealth Rock
|
|-weather|RainDance|[upkeep]
|-heal|p1a: Ferrothorn|99/100|[from] item: Leftovers
|upkeep
|turn|4
|
|t:|1719274450
|move|p2a: Magnezone|Substitute|p2a: Magnezone
|-start|p2a: Magnezone|Substitute
|-damage|p2a: Magnezone|76/100
|move|p1a: Ferrothorn|Leech Seed||[still]
|-fail|p1a: Ferrothorn
|
|-weather|RainDance|[upkeep]
|-heal|p2a: Magnezone|82/100|[from] item: Leftovers
|-heal|p1a: Ferrothorn|100/100|[from] item: Leftovers
|upkeep
|turn|5
|
|t:|1719274455
|move|p2a: Magnezone|Charge Beam|p1a: Ferrothorn
|-resisted|p1a: Ferrothorn
|-damage|p1a: Ferrothorn|92/100
|-boost|p2a: Magnezone|spa|1
|move|p1a: Ferrothorn|Power Whip|p2a: Magnezone
|-resisted|p2a: Magnezone
|-activate|p2a: Magnezone|Substitute|[damage]
|
|-weather|RainDance|[upkeep]
|-heal|p2a: Magnezone|88/100|[from] item: Leftovers
|-heal|p1a: Ferrothorn|98/100|[from] item: Leftovers
|upkeep
|turn|6
|
|t:|1719274459
|move|p2a: Magnezone|Charge Beam|p1a: Ferrothorn
|-resisted|p1a: Ferrothorn
|-damage|p1a: Ferrothorn|84/100
|-boost|p2a: Magnezone|spa|1
|move|p1a: Ferrothorn|Power Whip|p2a: Magnezone
|-resisted|p2a: Magnezone
|-end|p2a: Magnezone|Substitute
|
|-weather|RainDance|[upkeep]
|-heal|p2a: Magnezone|94/100|[from] item: Leftovers
|-heal|p1a: Ferrothorn|90/100|[from] item: Leftovers
|upkeep
|turn|7
|
|t:|1719274463
|move|p2a: Magnezone|Substitute|p2a: Magnezone
|-start|p2a: Magnezone|Substitute
|-damage|p2a: Magnezone|69/100
|move|p1a: Ferrothorn|Power Whip|p2a: Magnezone|[miss]
|-miss|p1a: Ferrothorn|p2a: Magnezone
|
|-weather|RainDance|[upkeep]
|-heal|p2a: Magnezone|75/100|[from] item: Leftovers
|-heal|p1a: Ferrothorn|96/100|[from] item: Leftovers
|upkeep
|turn|8
|
|t:|1719274468
|move|p2a: Magnezone|Charge Beam|p1a: Ferrothorn
|-resisted|p1a: Ferrothorn
|-damage|p1a: Ferrothorn|80/100
|-boost|p2a: Magnezone|spa|1
|move|p1a: Ferrothorn|Power Whip|p2a: Magnezone
|-resisted|p2a: Magnezone
|-activate|p2a: Magnezone|Substitute|[damage]
|
|-weather|RainDance|[upkeep]
|-heal|p2a: Magnezone|81/100|[from] item: Leftovers
|-heal|p1a: Ferrothorn|86/100|[from] item: Leftovers
|upkeep
|turn|9
|
|t:|1719274475
|move|p2a: Magnezone|Charge Beam|p1a: Ferrothorn
|-resisted|p1a: Ferrothorn
|-damage|p1a: Ferrothorn|65/100
|-boost|p2a: Magnezone|spa|1
|move|p1a: Ferrothorn|Power Whip|p2a: Magnezone
|-resisted|p2a: Magnezone
|-end|p2a: Magnezone|Substitute
|
|-weather|RainDance|[upkeep]
|-heal|p2a: Magnezone|87/100|[from] item: Leftovers
|-heal|p1a: Ferrothorn|71/100|[from] item: Leftovers
|upkeep
|turn|10
|
|t:|1719274480
|move|p2a: Magnezone|Substitute|p2a: Magnezone
|-start|p2a: Magnezone|Substitute
|-damage|p2a: Magnezone|62/100
|move|p1a: Ferrothorn|Power Whip|p2a: Magnezone
|-resisted|p2a: Magnezone
|-crit|p2a: Magnezone
|-end|p2a: Magnezone|Substitute
|
|-weather|RainDance|[upkeep]
|-heal|p2a: Magnezone|68/100|[from] item: Leftovers
|-heal|p1a: Ferrothorn|77/100|[from] item: Leftovers
|upkeep
|turn|11
|
|t:|1719274484
|move|p2a: Magnezone|Substitute|p2a: Magnezone
|-start|p2a: Magnezone|Substitute
|-damage|p2a: Magnezone|43/100
|move|p1a: Ferrothorn|Power Whip|p2a: Magnezone
|-resisted|p2a: Magnezone
|-activate|p2a: Magnezone|Substitute|[damage]
|
|-weather|RainDance|[upkeep]
|-heal|p2a: Magnezone|49/100|[from] item: Leftovers
|-heal|p1a: Ferrothorn|83/100|[from] item: Leftovers
|upkeep
|turn|12
|
|t:|1719274490
|move|p2a: Magnezone|Charge Beam|p1a: Ferrothorn
|-resisted|p1a: Ferrothorn
|-crit|p1a: Ferrothorn
|-damage|p1a: Ferrothorn|36/100
|-boost|p2a: Magnezone|spa|1
|move|p1a: Ferrothorn|Power Whip|p2a: Magnezone
|-resisted|p2a: Magnezone
|-end|p2a: Magnezone|Substitute
|
|-weather|RainDance|[upkeep]
|-heal|p2a: Magnezone|55/100|[from] item: Leftovers
|-heal|p1a: Ferrothorn|42/100|[from] item: Leftovers
|upkeep
|turn|13
|
|t:|1719274501
|move|p2a: Magnezone|Substitute|p2a: Magnezone
|-start|p2a: Magnezone|Substitute
|-damage|p2a: Magnezone|30/100
|move|p1a: Ferrothorn|Power Whip|p2a: Magnezone
|-resisted|p2a: Magnezone
|-activate|p2a: Magnezone|Substitute|[damage]
|
|-weather|RainDance|[upkeep]
|-heal|p2a: Magnezone|36/100|[from] item: Leftovers
|-heal|p1a: Ferrothorn|48/100|[from] item: Leftovers
|upkeep
|turn|14
|
|t:|1719274510
|move|p2a: Magnezone|Thunder|p1a: Ferrothorn
|-resisted|p1a: Ferrothorn
|-damage|p1a: Ferrothorn|0 fnt
|faint|p1a: Ferrothorn
|
|-weather|RainDance|[upkeep]
|-heal|p2a: Magnezone|42/100|[from] item: Leftovers
|upkeep
|
|t:|1719274521
|switch|p1a: Latios|Latios, M|81/100
|turn|15
|
|t:|1719274525
|move|p1a: Latios|Surf|p2a: Magnezone
|-end|p2a: Magnezone|Substitute
|move|p2a: Magnezone|Hidden Power|p1a: Latios
|-supereffective|p1a: Latios
|-damage|p1a: Latios|0 fnt
|faint|p1a: Latios
|
|-weather|RainDance|[upkeep]
|-heal|p2a: Magnezone|49/100|[from] item: Leftovers
|upkeep
|
|t:|1719274540
|switch|p1a: Politoed|Politoed, M|100/100
|turn|16
|
|t:|1719274544
|move|p1a: Politoed|Surf|p2a: Magnezone
|-crit|p2a: Magnezone
|-damage|p2a: Magnezone|0 fnt
|faint|p2a: Magnezone
|
|-weather|RainDance|[upkeep]
|upkeep
|
|t:|1719274557
|switch|p2a: Empoleon|Empoleon, F|100/100
|-damage|p2a: Empoleon|94/100|[from] Stealth Rock
|turn|17
|
|t:|1719274563
|switch|p1a: Tentacruel|Tentacruel, F|100/100
|move|p2a: Empoleon|Agility|p2a: Empoleon
|-boost|p2a: Empoleon|spe|2
|
|-weather|RainDance|[upkeep]
|upkeep
|turn|18
|
|t:|1719274569
|move|p2a: Empoleon|Substitute|p2a: Empoleon
|-start|p2a: Empoleon|Substitute
|-damage|p2a: Empoleon|69/100
|move|p1a: Tentacruel|Scald|p2a: Empoleon
|-resisted|p2a: Empoleon
|-activate|p2a: Empoleon|Substitute|[damage]
|
|-weather|RainDance|[upkeep]
|upkeep
|turn|19
|
|t:|1719274574
|move|p2a: Empoleon|Surf|p1a: Tentacruel
|-resisted|p1a: Tentacruel
|-damage|p1a: Tentacruel|73/100
|move|p1a: Tentacruel|Scald|p2a: Empoleon
|-resisted|p2a: Empoleon
|-end|p2a: Empoleon|Substitute
|
|-weather|RainDance|[upkeep]
|-heal|p1a: Tentacruel|79/100|[from] ability: Rain Dish
|-heal|p1a: Tentacruel|85/100|[from] item: Black Sludge
|upkeep
|turn|20
|
|t:|1719274577
|switch|p1a: Politoed|Politoed, M|100/100
|move|p2a: Empoleon|Substitute|p2a: Empoleon
|-start|p2a: Empoleon|Substitute
|-damage|p2a: Empoleon|45/100
|
|-weather|RainDance|[upkeep]
|upkeep
|turn|21
|
|t:|1719274584
|move|p2a: Empoleon|Grass Knot|p1a: Politoed
|-supereffective|p1a: Politoed
|-damage|p1a: Politoed|55/100
|move|p1a: Politoed|Encore|p2a: Empoleon
|-start|p2a: Empoleon|Encore
|
|-weather|RainDance|[upkeep]
|upkeep
|turn|22
|
|t:|1719274590
|switch|p1a: Thundurus|Thundurus-Therian, M|100/100
|move|p2a: Empoleon|Grass Knot|p1a: Thundurus
|-resisted|p1a: Thundurus
|-damage|p1a: Thundurus|82/100
|
|-weather|RainDance|[upkeep]
|-heal|p1a: Thundurus|88/100|[from] item: Leftovers
|upkeep
|turn|23
|
|t:|1719274592
|move|p2a: Empoleon|Grass Knot|p1a: Thundurus
|-resisted|p1a: Thundurus
|-damage|p1a: Thundurus|69/100
|move|p1a: Thundurus|Thunder|p2a: Empoleon
|-supereffective|p2a: Empoleon
|-end|p2a: Empoleon|Substitute
|
|-weather|RainDance|[upkeep]
|-heal|p1a: Thundurus|75/100|[from] item: Leftovers
|upkeep
|turn|24
|
|t:|1719274596
|switch|p2a: Garchomp|Garchomp, M|100/100
|-damage|p2a: Garchomp|94/100|[from] Stealth Rock
|move|p1a: Thundurus|Thunder|p2a: Garchomp
|-immune|p2a: Garchomp
|
|-weather|RainDance|[upkeep]
|-heal|p1a: Thundurus|81/100|[from] item: Leftovers
|upkeep
|turn|25
|
|t:|1719274602
|move|p1a: Thundurus|Hidden Power|p2a: Garchomp
|-supereffective|p2a: Garchomp
|-damage|p2a: Garchomp|15/100
|move|p2a: Garchomp|Swords Dance|p2a: Garchomp
|-boost|p2a: Garchomp|atk|2
|
|-weather|RainDance|[upkeep]
|-heal|p1a: Thundurus|87/100|[from] item: Leftovers
|upkeep
|turn|26
|-enditem|p2a: Garchomp|Custap Berry|[eat]
|-activate|p2a: Garchomp|item: Custap Berry|[consumed]
|
|t:|1719274605
|move|p2a: Garchomp|Outrage|p1a: Thundurus
|-damage|p1a: Thundurus|0 fnt
|faint|p1a: Thundurus
|
|-weather|RainDance|[upkeep]
|upkeep
|
|t:|1719274614
|switch|p1a: Politoed|Politoed, M|55/100
|turn|27
|
|t:|1719274617
|move|p1a: Politoed|Surf|p2a: Garchomp
|-damage|p2a: Garchomp|0 fnt
|faint|p2a: Garchomp
|
|-weather|RainDance|[upkeep]
|upkeep
|
|t:|1719274619
|switch|p2a: Empoleon|Empoleon, F|45/100
|-damage|p2a: Empoleon|38/100|[from] Stealth Rock
|turn|28
|
|t:|1719274624
|move|p1a: Politoed|Surf|p2a: Empoleon
|-resisted|p2a: Empoleon
|-damage|p2a: Empoleon|5/100
|-enditem|p2a: Empoleon|Petaya Berry|[eat]
|-boost|p2a: Empoleon|spa|1|[from] item: Petaya Berry
|move|p2a: Empoleon|Agility|p2a: Empoleon
|-boost|p2a: Empoleon|spe|2
|
|-weather|RainDance|[upkeep]
|upkeep
|turn|29
|
|t:|1719274628
|move|p2a: Empoleon|Surf|p1a: Politoed
|-resisted|p1a: Politoed
|-damage|p1a: Politoed|0 fnt
|faint|p1a: Politoed
|
|-weather|RainDance|[upkeep]
|upkeep
|
|t:|1719274631
|switch|p1a: Mamoswine|Mamoswine, M|100/100
|turn|30
|
|t:|1719274634
|move|p1a: Mamoswine|Ice Shard|p2a: Empoleon
|-resisted|p2a: Empoleon
|-damage|p2a: Empoleon|0 fnt
|faint|p2a: Empoleon
|
|-weather|RainDance|[upkeep]
|upkeep
|
|t:|1719274639
|switch|p2a: Starmie|Starmie|100/100
|-damage|p2a: Starmie|88/100|[from] Stealth Rock
|-item|p2a: Starmie|Air Balloon
|turn|31
|
|t:|1719274645
|switch|p1a: Tentacruel|Tentacruel, F|85/100
|move|p2a: Starmie|Hydro Pump|p1a: Tentacruel|[miss]
|-miss|p2a: Starmie|p1a: Tentacruel
|
|-weather|RainDance|[upkeep]
|-heal|p1a: Tentacruel|91/100|[from] ability: Rain Dish
|-heal|p1a: Tentacruel|97/100|[from] item: Black Sludge
|upkeep
|turn|32
|
|t:|1719274650
|move|p2a: Starmie|Thunder|p1a: Tentacruel
|-supereffective|p1a: Tentacruel
|-damage|p1a: Tentacruel|43/100
|move|p1a: Tentacruel|Toxic|p2a: Starmie
|-status|p2a: Starmie|tox
|
|-weather|RainDance|[upkeep]
|-heal|p1a: Tentacruel|49/100|[from] ability: Rain Dish
|-heal|p1a: Tentacruel|55/100|[from] item: Black Sludge
|-damage|p2a: Starmie|82/100 tox|[from] psn
|upkeep
|turn|33
|
|t:|1719274658
|switch|p2a: Latios|Latios, M|100/100
|-damage|p2a: Latios|88/100|[from] Stealth Rock
|move|p1a: Tentacruel|Protect||[still]
|-fail|p1a: Tentacruel
|
|-weather|RainDance|[upkeep]
|-heal|p1a: Tentacruel|61/100|[from] ability: Rain Dish
|-heal|p1a: Tentacruel|67/100|[from] item: Black Sludge
|upkeep
|turn|34
|
|t:|1719274661
|move|p1a: Tentacruel|Protect|p1a: Tentacruel
|-singleturn|p1a: Tentacruel|Protect
|move|p2a: Latios|Psyshock|p1a: Tentacruel
|-activate|p1a: Tentacruel|move: Protect
|
|-weather|RainDance|[upkeep]
|-heal|p1a: Tentacruel|73/100|[from] ability: Rain Dish
|-heal|p1a: Tentacruel|79/100|[from] item: Black Sludge
|upkeep
|turn|35
|
|t:|1719274667
|switch|p1a: Mamoswine|Mamoswine, M|100/100
|move|p2a: Latios|Psyshock|p1a: Mamoswine
|-damage|p1a: Mamoswine|56/100
|
|-weather|RainDance|[upkeep]
|upkeep
|turn|36
|
|t:|1719274673
|switch|p2a: Politoed|Politoed, M|100/100
|-damage|p2a: Politoed|88/100|[from] Stealth Rock
|move|p1a: Mamoswine|Earthquake|p2a: Politoed
|-damage|p2a: Politoed|22/100
|
|-weather|RainDance|[upkeep]
|upkeep
|turn|37
|
|t:|1719274679
|switch|p1a: Tentacruel|Tentacruel, F|79/100
|move|p2a: Politoed|Scald|p1a: Tentacruel
|-resisted|p1a: Tentacruel
|-damage|p1a: Tentacruel|64/100
|
|-weather|RainDance|[upkeep]
|-heal|p1a: Tentacruel|70/100|[from] ability: Rain Dish
|-heal|p1a: Tentacruel|77/100|[from] item: Black Sludge
|upkeep
|turn|38
|
|t:|1719274685
|move|p1a: Tentacruel|Scald|p2a: Politoed
|-resisted|p2a: Politoed
|-damage|p2a: Politoed|8/100
|move|p2a: Politoed|Scald|p1a: Tentacruel
|-resisted|p1a: Tentacruel
|-damage|p1a: Tentacruel|62/100
|-status|p1a: Tentacruel|brn
|
|-weather|RainDance|[upkeep]
|-heal|p1a: Tentacruel|68/100 brn|[from] ability: Rain Dish
|-heal|p1a: Tentacruel|74/100 brn|[from] item: Black Sludge
|-damage|p1a: Tentacruel|61/100 brn|[from] brn
|upkeep
|turn|39
|
|t:|1719274690
|move|p1a: Tentacruel|Scald|p2a: Politoed
|-resisted|p2a: Politoed
|-damage|p2a: Politoed|0 fnt
|faint|p2a: Politoed
|
|-weather|RainDance|[upkeep]
|-heal|p1a: Tentacruel|67/100 brn|[from] ability: Rain Dish
|-heal|p1a: Tentacruel|74/100 brn|[from] item: Black Sludge
|-damage|p1a: Tentacruel|61/100 brn|[from] brn
|upkeep
|
|t:|1719274692
|switch|p2a: Latios|Latios, M|88/100
|-damage|p2a: Latios|76/100|[from] Stealth Rock
|turn|40
|
|t:|1719274701
|move|p1a: Tentacruel|Protect|p1a: Tentacruel
|-singleturn|p1a: Tentacruel|Protect
|move|p2a: Latios|Psyshock|p1a: Tentacruel
|-activate|p1a: Tentacruel|move: Protect
|
|-weather|RainDance|[upkeep]
|-heal|p1a: Tentacruel|67/100 brn|[from] ability: Rain Dish
|-heal|p1a: Tentacruel|73/100 brn|[from] item: Black Sludge
|-damage|p1a: Tentacruel|61/100 brn|[from] brn
|upkeep
|turn|41
|
|t:|1719274706
|switch|p1a: Mamoswine|Mamoswine, M|56/100
|move|p2a: Latios|Psyshock|p1a: Mamoswine
|-damage|p1a: Mamoswine|5/100
|
|-weather|RainDance|[upkeep]
|upkeep
|turn|42
|
|t:|1719274712
|switch|p2a: Starmie|Starmie|82/100 tox
|-damage|p2a: Starmie|70/100 tox|[from] Stealth Rock
|-item|p2a: Starmie|Air Balloon
|move|p1a: Mamoswine|Ice Shard|p2a: Starmie
|-resisted|p2a: Starmie
|-damage|p2a: Starmie|43/100 tox
|-enditem|p2a: Starmie|Air Balloon
|
|-weather|RainDance|[upkeep]
|-damage|p2a: Starmie|37/100 tox|[from] psn
|upkeep
|turn|43
|
|t:|1719274722
|switch|p2a: Latios|Latios, M|76/100
|-damage|p2a: Latios|64/100|[from] Stealth Rock
|switch|p1a: Tentacruel|Tentacruel, F|61/100 brn
|
|-weather|RainDance|[upkeep]
|-heal|p1a: Tentacruel|67/100 brn|[from] ability: Rain Dish
|-heal|p1a: Tentacruel|73/100 brn|[from] item: Black Sludge
|-damage|p1a: Tentacruel|61/100 brn|[from] brn
|upkeep
|turn|44
|
|t:|1719274730
|move|p2a: Latios|Psyshock|p1a: Tentacruel
|-supereffective|p1a: Tentacruel
|-damage|p1a: Tentacruel|0 fnt
|faint|p1a: Tentacruel
|
|-weather|RainDance|[upkeep]
|upkeep
|
|t:|1719274732
|switch|p1a: Mamoswine|Mamoswine, M|5/100
|turn|45
|
|t:|1719274734
|move|p1a: Mamoswine|Ice Shard|p2a: Latios
|-supereffective|p2a: Latios
|-damage|p2a: Latios|0 fnt
|faint|p2a: Latios
|
|-weather|RainDance|[upkeep]
|upkeep
|
|t:|1719274736
|switch|p2a: Starmie|Starmie|37/100 tox
|-damage|p2a: Starmie|25/100 tox|[from] Stealth Rock
|turn|46
|
|t:|1719274738
|move|p1a: Mamoswine|Ice Shard|p2a: Starmie
|-resisted|p2a: Starmie
|-damage|p2a: Starmie|0 fnt
|faint|p2a: Starmie
|
|win|nb 41st
|raw|nb 41st's rating: 1346 &rarr; <strong>1374</strong><br />(+28 for winning)
|raw|BWR Monai's rating: 1486 &rarr; <strong>1458</strong><br />(-28 for losing)
