|j|☆GerMoj
|j|☆shadowofyoursmile
|player|p1|GerMoj|293
|player|p2|shadowofyoursmile|#nadeko
|teamsize|p1|6
|teamsize|p2|6
|gametype|singles
|gen|5
|tier|[Gen 5] OU
|rated|
|rule|Sleep Clause Mod: Limit one foe put to sleep
|rule|Species Clause: Limit one of each Pokémon
|rule|OHKO Clause: OHKO moves are banned
|rule|Moody Clause: Moody is banned
|rule|Evasion Moves Clause: Evasion moves are banned
|rule|Endless Battle Clause: Forcing endless battles is banned
|rule|HP Percentage Mod: HP is shown in percentages
|rule|Evasion Abilities Clause: Evasion abilities are banned
|rule|Baton Pass Clause: Limit one Baton Passer, can't pass Spe and other stats simultaneously
|rule|Swagger Clause: Swagger is banned
|clearpoke
|poke|p1|Politoed, F|item
|poke|p1|Ferrothorn, F|item
|poke|p1|Thundurus-Therian, M|item
|poke|p1|Breloom, F|item
|poke|p1|Latios, M|item
|poke|p1|Tentacruel, F|item
|poke|p2|Tyranitar, M|item
|poke|p2|Mienshao, M|item
|poke|p2|Gliscor, M|item
|poke|p2|Skarmory, M|item
|poke|p2|Amoonguss, M|item
|poke|p2|Alakazam, M|item
|teampreview
|
|start
|switch|p1a: Breloom|Breloom, F|100/100
|switch|p2a: Gliscor|Gliscor, M|100/100
|turn|1
|
|move|p2a: Gliscor|Protect|p2a: Gliscor
|-singleturn|p2a: Gliscor|Protect
|move|p1a: Breloom|Spore|p2a: Gliscor
|-activate|p2a: Gliscor|move: Protect
|
|-status|p2a: Gliscor|tox|[from] item: Toxic Orb
|-status|p1a: Breloom|tox|[from] item: Toxic Orb
|upkeep
|turn|2
|
|switch|p1a: Ferrothorn|Ferrothorn, F|100/100
|move|p2a: Gliscor|Ice Fang|p1a: Ferrothorn
|-damage|p1a: Ferrothorn|92/100
|-damage|p2a: Gliscor|88/100 tox|[from] ability: Iron Barbs|[of] p1a: Ferrothorn
|
|-heal|p1a: Ferrothorn|98/100|[from] item: Leftovers
|-heal|p2a: Gliscor|100/100 tox|[from] ability: Poison Heal
|upkeep
|turn|3
|
|move|p2a: Gliscor|Taunt|p1a: Ferrothorn
|-start|p1a: Ferrothorn|move: Taunt
|cant|p1a: Ferrothorn|move: Taunt|Stealth Rock
|
|-heal|p1a: Ferrothorn|100/100|[from] item: Leftovers
|upkeep
|turn|4
|
|switch|p1a: Politoed|Politoed, F, shiny|100/100
|-weather|RainDance|[from] ability: Drizzle|[of] p1a: Politoed
|move|p2a: Gliscor|Ice Fang|p1a: Politoed
|-resisted|p1a: Politoed
|-damage|p1a: Politoed|90/100
|
|-weather|RainDance|[upkeep]
|upkeep
|turn|5
|
|switch|p1a: Ferrothorn|Ferrothorn, F|100/100
|move|p2a: Gliscor|Protect|p2a: Gliscor
|-fail|p2a: Gliscor
|
|-weather|RainDance|[upkeep]
|upkeep
|turn|6
|
|switch|p1a: Politoed|Politoed, F, shiny|90/100
|move|p2a: Gliscor|Taunt|p1a: Politoed
|-start|p1a: Politoed|move: Taunt
|
|-weather|RainDance|[upkeep]
|upkeep
|turn|7
|
|move|p2a: Gliscor|Protect|p2a: Gliscor
|-singleturn|p2a: Gliscor|Protect
|move|p1a: Politoed|Surf|p2a: Gliscor
|-activate|p2a: Gliscor|move: Protect
|
|-weather|RainDance|[upkeep]
|upkeep
|turn|8
|
|switch|p1a: Ferrothorn|Ferrothorn, F|100/100
|switch|p2a: Amoonguss|Amoonguss, M|100/100
|
|-weather|RainDance|[upkeep]
|upkeep
|turn|9
|
|switch|p1a: Breloom|Breloom, F|100/100 tox
|move|p2a: Amoonguss|Spore|p1a: Breloom
|-fail|p1a: Breloom
|
|-weather|RainDance|[upkeep]
|upkeep
|turn|10
|
|move|p1a: Breloom|Bulk Up|p1a: Breloom
|-boost|p1a: Breloom|atk|1
|-boost|p1a: Breloom|def|1
|move|p2a: Amoonguss|Sleep Talk|p2a: Amoonguss
|-fail|p2a: Amoonguss
|
|-weather|RainDance|[upkeep]
|upkeep
|turn|11
|
|move|p1a: Breloom|Bulk Up|p1a: Breloom
|-boost|p1a: Breloom|atk|1
|-boost|p1a: Breloom|def|1
|move|p2a: Amoonguss|Hidden Power|p1a: Breloom
|-supereffective|p1a: Breloom
|-damage|p1a: Breloom|82/100 tox
|
|-weather|RainDance|[upkeep]
|-heal|p1a: Breloom|95/100 tox|[from] ability: Poison Heal
|upkeep
|turn|12
|
|switch|p2a: Alakazam|Alakazam, M|100/100
|move|p1a: Breloom|Seed Bomb|p2a: Alakazam
|-enditem|p2a: Alakazam|Focus Sash
|-damage|p2a: Alakazam|1/100
|
|-weather|RainDance|[upkeep]
|-heal|p1a: Breloom|100/100 tox|[from] ability: Poison Heal
|upkeep
|turn|13
|
|move|p2a: Alakazam|Psychic|p1a: Breloom
|-supereffective|p1a: Breloom
|-damage|p1a: Breloom|0 fnt
|faint|p1a: Breloom
|
|-weather|RainDance|[upkeep]
|upkeep
|
|switch|p1a: Latios|Latios, M|100/100
|turn|14
|
|switch|p2a: Tyranitar|Tyranitar, M|100/100
|-weather|Sandstorm|[from] ability: Sand Stream|[of] p2a: Tyranitar
|move|p1a: Latios|Surf|p2a: Tyranitar
|-supereffective|p2a: Tyranitar
|-damage|p2a: Tyranitar|69/100
|
|-weather|Sandstorm|[upkeep]
|-damage|p1a: Latios|95/100|[from] Sandstorm
|upkeep
|turn|15
|
|move|p1a: Latios|Surf|p2a: Tyranitar
|-supereffective|p2a: Tyranitar
|-crit|p2a: Tyranitar
|-damage|p2a: Tyranitar|5/100
|move|p2a: Tyranitar|Pursuit|p1a: Latios
|-supereffective|p1a: Latios
|-damage|p1a: Latios|43/100
|
|-weather|Sandstorm|[upkeep]
|-damage|p1a: Latios|37/100|[from] Sandstorm
|upkeep
|turn|16
|
|switch|p2a: Amoonguss|Amoonguss, M|100/100
|move|p1a: Latios|Surf|p2a: Amoonguss
|-resisted|p2a: Amoonguss
|-damage|p2a: Amoonguss|88/100
|
|-weather|Sandstorm|[upkeep]
|-damage|p1a: Latios|31/100|[from] Sandstorm
|-damage|p2a: Amoonguss|82/100|[from] Sandstorm
|-heal|p2a: Amoonguss|88/100|[from] item: Black Sludge
|upkeep
|turn|17
|
|switch|p1a: Politoed|Politoed, F, shiny|90/100
|-weather|RainDance|[from] ability: Drizzle|[of] p1a: Politoed
|move|p2a: Amoonguss|Spore|p1a: Politoed
|-status|p1a: Politoed|slp
|
|-weather|RainDance|[upkeep]
|-heal|p2a: Amoonguss|94/100|[from] item: Black Sludge
|upkeep
|turn|18
|
|switch|p1a: Ferrothorn|Ferrothorn, F|100/100
|switch|p2a: Tyranitar|Tyranitar, M|5/100
|-weather|Sandstorm|[from] ability: Sand Stream|[of] p2a: Tyranitar
|
|-weather|Sandstorm|[upkeep]
|upkeep
|turn|19
|
|switch|p1a: Tentacruel|Tentacruel, F|100/100
|move|p2a: Tyranitar|Stealth Rock|p1a: Tentacruel
|-sidestart|p1: GerMoj|move: Stealth Rock
|
|-weather|Sandstorm|[upkeep]
|-damage|p1a: Tentacruel|94/100|[from] Sandstorm
|-heal|p1a: Tentacruel|100/100|[from] item: Leftovers
|upkeep
|turn|20
|
|switch|p2a: Amoonguss|Amoonguss, M|100/100
|move|p1a: Tentacruel|Rapid Spin|p2a: Amoonguss
|-damage|p2a: Amoonguss|97/100
|-sideend|p1: GerMoj|Stealth Rock|[from] move: Rapid Spin|[of] p1a: Tentacruel
|
|-weather|Sandstorm|[upkeep]
|-damage|p1a: Tentacruel|94/100|[from] Sandstorm
|-damage|p2a: Amoonguss|91/100|[from] Sandstorm
|-heal|p1a: Tentacruel|100/100|[from] item: Leftovers
|-heal|p2a: Amoonguss|97/100|[from] item: Black Sludge
|upkeep
|turn|21
|j| All-Purpose Flour
|
|switch|p1a: Ferrothorn|Ferrothorn, F|100/100
|move|p2a: Amoonguss|Giga Drain|p1a: Ferrothorn
|-resisted|p1a: Ferrothorn
|-damage|p1a: Ferrothorn|96/100
|-heal|p2a: Amoonguss|99/100|[from] drain|[of] p1a: Ferrothorn
|
|-weather|Sandstorm|[upkeep]
|-damage|p2a: Amoonguss|93/100|[from] Sandstorm
|-heal|p2a: Amoonguss|99/100|[from] item: Black Sludge
|-heal|p1a: Ferrothorn|100/100|[from] item: Leftovers
|upkeep
|turn|22
|
|switch|p1a: Politoed|Politoed, F, shiny|90/100 slp
|-weather|RainDance|[from] ability: Drizzle|[of] p1a: Politoed
|move|p2a: Amoonguss|Hidden Power|p1a: Politoed
|-resisted|p1a: Politoed
|-damage|p1a: Politoed|86/100 slp
|
|-weather|RainDance|[upkeep]
|-heal|p2a: Amoonguss|100/100|[from] item: Black Sludge
|upkeep
|turn|23
|
|switch|p1a: Tentacruel|Tentacruel, F|100/100
|switch|p2a: Tyranitar|Tyranitar, M|5/100
|-weather|Sandstorm|[from] ability: Sand Stream|[of] p2a: Tyranitar
|
|-weather|Sandstorm|[upkeep]
|-damage|p1a: Tentacruel|94/100|[from] Sandstorm
|-heal|p1a: Tentacruel|100/100|[from] item: Leftovers
|upkeep
|turn|24
|
|switch|p2a: Amoonguss|Amoonguss, M|100/100
|move|p1a: Tentacruel|Scald|p2a: Amoonguss
|-resisted|p2a: Amoonguss
|-damage|p2a: Amoonguss|92/100
|
|-weather|Sandstorm|[upkeep]
|-damage|p1a: Tentacruel|94/100|[from] Sandstorm
|-damage|p2a: Amoonguss|86/100|[from] Sandstorm
|-heal|p1a: Tentacruel|100/100|[from] item: Leftovers
|-heal|p2a: Amoonguss|92/100|[from] item: Black Sludge
|upkeep
|turn|25
|
|switch|p1a: Ferrothorn|Ferrothorn, F|100/100
|move|p2a: Amoonguss|Giga Drain|p1a: Ferrothorn
|-resisted|p1a: Ferrothorn
|-damage|p1a: Ferrothorn|97/100
|-heal|p2a: Amoonguss|94/100|[from] drain|[of] p1a: Ferrothorn
|
|-weather|Sandstorm|[upkeep]
|-damage|p2a: Amoonguss|88/100|[from] Sandstorm
|-heal|p2a: Amoonguss|94/100|[from] item: Black Sludge
|-heal|p1a: Ferrothorn|100/100|[from] item: Leftovers
|upkeep
|turn|26
|
|move|p2a: Amoonguss|Hidden Power|p1a: Ferrothorn
|-supereffective|p1a: Ferrothorn
|-damage|p1a: Ferrothorn|55/100
|move|p1a: Ferrothorn|Stealth Rock|p2a: Amoonguss
|-sidestart|p2: shadowofyoursmile|move: Stealth Rock
|
|-weather|Sandstorm|[upkeep]
|-damage|p2a: Amoonguss|88/100|[from] Sandstorm
|-heal|p2a: Amoonguss|94/100|[from] item: Black Sludge
|-heal|p1a: Ferrothorn|61/100|[from] item: Leftovers
|upkeep
|turn|27
|
|switch|p1a: Politoed|Politoed, F, shiny|86/100 slp
|-weather|RainDance|[from] ability: Drizzle|[of] p1a: Politoed
|move|p2a: Amoonguss|Hidden Power|p1a: Politoed
|-resisted|p1a: Politoed
|-damage|p1a: Politoed|83/100 slp
|
|-weather|RainDance|[upkeep]
|-heal|p2a: Amoonguss|99/100|[from] item: Black Sludge
|upkeep
|turn|28
|
|switch|p1a: Tentacruel|Tentacruel, F|100/100
|switch|p2a: Alakazam|Alakazam, M|1/100
|
|-weather|RainDance|[upkeep]
|upkeep
|turn|29
|
|switch|p1a: Ferrothorn|Ferrothorn, F|61/100
|move|p2a: Alakazam|Psychic|p1a: Ferrothorn
|-resisted|p1a: Ferrothorn
|-damage|p1a: Ferrothorn|43/100
|
|-weather|RainDance|[upkeep]
|-heal|p1a: Ferrothorn|50/100|[from] item: Leftovers
|upkeep
|turn|30
|
|switch|p1a: Latios|Latios, M|31/100
|move|p2a: Alakazam|Focus Blast|p1a: Latios|[miss]
|-miss|p2a: Alakazam|p1a: Latios
|
|-weather|RainDance|[upkeep]
|upkeep
|turn|31
|
|switch|p2a: Amoonguss|Amoonguss, M|100/100
|-damage|p2a: Amoonguss|88/100|[from] Stealth Rock
|move|p1a: Latios|Psyshock|p2a: Amoonguss
|-supereffective|p2a: Amoonguss
|-damage|p2a: Amoonguss|5/100
|
|-weather|RainDance|[upkeep]
|-heal|p2a: Amoonguss|11/100|[from] item: Black Sludge
|upkeep
|turn|32
|
|switch|p2a: Skarmory|Skarmory, M|100/100
|-damage|p2a: Skarmory|88/100|[from] Stealth Rock
|move|p1a: Latios|Psyshock|p2a: Skarmory
|-resisted|p2a: Skarmory
|-damage|p2a: Skarmory|71/100
|
|-weather|RainDance|[upkeep]
|upkeep
|turn|33
|
|switch|p1a: Thundurus|Thundurus-Therian, M|100/100
|move|p2a: Skarmory|Spikes|p1a: Thundurus
|-sidestart|p1: GerMoj|Spikes
|
|-weather|RainDance|[upkeep]
|upkeep
|turn|34
|
|switch|p2a: Amoonguss|Amoonguss, M|44/100
|-damage|p2a: Amoonguss|32/100|[from] Stealth Rock
|move|p1a: Thundurus|Agility|p1a: Thundurus
|-boost|p1a: Thundurus|spe|2
|
|-weather|RainDance|[upkeep]
|-heal|p2a: Amoonguss|38/100|[from] item: Black Sludge
|upkeep
|turn|35
|
|switch|p2a: Tyranitar|Tyranitar, M|5/100
|-damage|p2a: Tyranitar|0 fnt|[from] Stealth Rock
|faint|p2a: Tyranitar
|move|p1a: Thundurus|Hidden Power|p2: Tyranitar|[notarget]
|-notarget
|
|-weather|RainDance|[upkeep]
|upkeep
|
|switch|p2a: Mienshao|Mienshao, M|100/100
|-damage|p2a: Mienshao|95/100|[from] Stealth Rock
|turn|36
|
|move|p1a: Thundurus|Thunderbolt|p2a: Mienshao
|-damage|p2a: Mienshao|0 fnt
|faint|p2a: Mienshao
|
|-weather|RainDance|[upkeep]
|upkeep
|
|switch|p2a: Gliscor|Gliscor, M|100/100 tox
|-damage|p2a: Gliscor|88/100 tox|[from] Stealth Rock
|turn|37
|
|move|p1a: Thundurus|Hidden Power|p2a: Gliscor
|-supereffective|p2a: Gliscor
|-damage|p2a: Gliscor|0 fnt
|faint|p2a: Gliscor
|
|-weather|RainDance|[upkeep]
|upkeep
|-message|shadowofyoursmile forfeited.
|
|win|GerMoj
|l|☆shadowofyoursmile
|raw|GerMoj's rating: 1364 &rarr; <strong>1387</strong><br />(+23 for winning)
|raw|shadowofyoursmile's rating: 1405 &rarr; <strong>1382</strong><br />(-23 for losing)
