|j|☆HydreigonSpammer
|j|☆radaty
|t:|1735687260
|gametype|singles
|player|p1|HydreigonSpammer|acetrainer|1442
|player|p2|radaty|265|1390
|teamsize|p1|6
|teamsize|p2|6
|gen|5
|tier|[Gen 5] OU
|rated|
|rule|Species Clause: Limit one of each Pokémon
|rule|OHKO Clause: OHKO moves are banned
|rule|Moody Clause: Moody is banned
|rule|Evasion Items Clause: Evasion items are banned
|rule|Evasion Moves Clause: Evasion moves are banned
|rule|Endless Battle Clause: Forcing endless battles is banned
|rule|HP Percentage Mod: HP is shown in percentages
|rule|Evasion Abilities Clause: Evasion abilities are banned
|rule|Sleep Moves Clause: Sleep-inducing moves are banned
|rule|Swagger Clause: Swagger is banned
|rule|Baton Pass Stat Clause: No Baton Passer may have a way to boost its stats
|clearpoke
|poke|p1|Hydreigon, F|item
|poke|p1|Amoonguss, F|item
|poke|p1|Tyranitar, F|item
|poke|p1|Keldeo|item
|poke|p1|Magnezone|item
|poke|p1|Garchomp, F|item
|poke|p2|Chansey, F|item
|poke|p2|Xatu, M|item
|poke|p2|Sableye, M|item
|poke|p2|Quagsire, F|item
|poke|p2|Tentacruel, F|item
|poke|p2|Jirachi|item
|teampreview
|inactive|Battle timer is ON: inactive players will automatically lose when time's up. (requested by radaty)
|
|t:|1735687272
|start
|switch|p1a: Tyranitar|Tyranitar, F|100/100
|switch|p2a: Sableye|Sableye, M|100/100
|-weather|Sandstorm|[from] ability: Sand Stream|[of] p1a: Tyranitar
|turn|1
|
|t:|1735687276
|switch|p1a: Amoonguss|Amoonguss, F|100/100
|move|p2a: Sableye|Will-O-Wisp|p1a: Amoonguss|[miss]
|-miss|p2a: Sableye|p1a: Amoonguss
|
|-weather|Sandstorm|[upkeep]
|-damage|p2a: Sableye|95/100|[from] Sandstorm
|-damage|p1a: Amoonguss|94/100|[from] Sandstorm
|-heal|p2a: Sableye|100/100|[from] item: Leftovers
|-heal|p1a: Amoonguss|100/100|[from] item: Black Sludge
|upkeep
|turn|2
|
|t:|1735687280
|switch|p2a: Chansey|Chansey, F|100/100
|move|p1a: Amoonguss|Sludge Bomb|p2a: Chansey
|-damage|p2a: Chansey|93/100
|
|-weather|Sandstorm|[upkeep]
|-damage|p2a: Chansey|87/100|[from] Sandstorm
|-damage|p1a: Amoonguss|94/100|[from] Sandstorm
|-heal|p1a: Amoonguss|100/100|[from] item: Black Sludge
|upkeep
|turn|3
|
|t:|1735687293
|switch|p1a: Garchomp|Garchomp, F|100/100
|move|p2a: Chansey|Toxic|p1a: Garchomp
|-status|p1a: Garchomp|tox
|
|-weather|Sandstorm|[upkeep]
|-damage|p2a: Chansey|81/100|[from] Sandstorm
|-damage|p1a: Garchomp|94/100 tox|[from] psn
|upkeep
|turn|4
|
|t:|1735687297
|switch|p2a: Xatu|Xatu, M|100/100
|move|p1a: Garchomp|Swords Dance|p1a: Garchomp
|-boost|p1a: Garchomp|atk|2
|
|-weather|Sandstorm|[upkeep]
|-damage|p2a: Xatu|94/100|[from] Sandstorm
|-heal|p2a: Xatu|100/100|[from] item: Leftovers
|-damage|p1a: Garchomp|82/100 tox|[from] psn
|upkeep
|turn|5
|
|t:|1735687304
|move|p1a: Garchomp|Dragon Claw|p2a: Xatu
|-damage|p2a: Xatu|19/100
|move|p2a: Xatu|Night Shade|p1a: Garchomp
|-damage|p1a: Garchomp|54/100 tox
|
|-weather|Sandstorm|[upkeep]
|-damage|p2a: Xatu|13/100|[from] Sandstorm
|-heal|p2a: Xatu|19/100|[from] item: Leftovers
|-damage|p1a: Garchomp|36/100 tox|[from] psn
|upkeep
|turn|6
|
|t:|1735687311
|switch|p2a: Quagsire|Quagsire, F|100/100
|move|p1a: Garchomp|Dragon Claw|p2a: Quagsire
|-damage|p2a: Quagsire|72/100
|
|-weather|Sandstorm|[upkeep]
|-heal|p2a: Quagsire|78/100|[from] item: Leftovers
|-damage|p1a: Garchomp|11/100 tox|[from] psn
|upkeep
|turn|7
|
|t:|1735687316
|switch|p2a: Xatu|Xatu, M|19/100
|move|p1a: Garchomp|Dragon Claw|p2a: Xatu
|-damage|p2a: Xatu|0 fnt
|faint|p2a: Xatu
|
|-weather|Sandstorm|[upkeep]
|-damage|p1a: Garchomp|0 fnt|[from] psn
|faint|p1a: Garchomp
|upkeep
|
|t:|1735687327
|switch|p1a: Hydreigon|Hydreigon, F, shiny|100/100
|switch|p2a: Sableye|Sableye, M|100/100
|turn|8
|
|t:|1735687331
|switch|p2a: Chansey|Chansey, F|81/100
|move|p1a: Hydreigon|Draco Meteor|p2a: Chansey
|-damage|p2a: Chansey|48/100
|-unboost|p1a: Hydreigon|spa|2
|
|-weather|Sandstorm|[upkeep]
|-damage|p1a: Hydreigon|94/100|[from] Sandstorm
|-damage|p2a: Chansey|42/100|[from] Sandstorm
|upkeep
|turn|9
|
|t:|1735687343
|switch|p1a: Tyranitar|Tyranitar, F|100/100
|move|p2a: Chansey|Toxic|p1a: Tyranitar
|-status|p1a: Tyranitar|tox
|
|-weather|Sandstorm|[upkeep]
|-damage|p2a: Chansey|36/100|[from] Sandstorm
|-damage|p1a: Tyranitar|94/100 tox|[from] psn
|upkeep
|turn|10
|
|t:|1735687346
|move|p1a: Tyranitar|Superpower|p2a: Chansey
|-supereffective|p2a: Chansey
|-damage|p2a: Chansey|0 fnt
|-unboost|p1a: Tyranitar|atk|1
|-unboost|p1a: Tyranitar|def|1
|faint|p2a: Chansey
|
|-weather|Sandstorm|[upkeep]
|-damage|p1a: Tyranitar|82/100 tox|[from] psn
|upkeep
|
|t:|1735687350
|switch|p2a: Quagsire|Quagsire, F|78/100
|turn|11
|
|t:|1735687357
|switch|p1a: Amoonguss|Amoonguss, F|100/100
|move|p2a: Quagsire|Scald|p1a: Amoonguss
|-resisted|p1a: Amoonguss
|-damage|p1a: Amoonguss|95/100
|
|-weather|Sandstorm|[upkeep]
|-damage|p1a: Amoonguss|89/100|[from] Sandstorm
|-heal|p2a: Quagsire|84/100|[from] item: Leftovers
|-heal|p1a: Amoonguss|95/100|[from] item: Black Sludge
|upkeep
|turn|12
|
|t:|1735687365
|switch|p2a: Sableye|Sableye, M|100/100
|move|p1a: Amoonguss|Stun Spore|p2a: Sableye
|-status|p2a: Sableye|par
|
|-weather|Sandstorm|[upkeep]
|-damage|p1a: Amoonguss|89/100|[from] Sandstorm
|-damage|p2a: Sableye|95/100 par|[from] Sandstorm
|-heal|p1a: Amoonguss|95/100|[from] item: Black Sludge
|-heal|p2a: Sableye|100/100 par|[from] item: Leftovers
|upkeep
|turn|13
|
|t:|1735687382
|cant|p2a: Sableye|par
|move|p1a: Amoonguss|Sludge Bomb|p2a: Sableye
|-resisted|p2a: Sableye
|-damage|p2a: Sableye|81/100 par
|
|-weather|Sandstorm|[upkeep]
|-damage|p1a: Amoonguss|89/100|[from] Sandstorm
|-damage|p2a: Sableye|75/100 par|[from] Sandstorm
|-heal|p1a: Amoonguss|95/100|[from] item: Black Sludge
|-heal|p2a: Sableye|81/100 par|[from] item: Leftovers
|upkeep
|turn|14
|
|t:|1735687389
|move|p2a: Sableye|Will-O-Wisp|p1a: Amoonguss|[miss]
|-miss|p2a: Sableye|p1a: Amoonguss
|move|p1a: Amoonguss|Giga Drain|p2a: Sableye
|-damage|p2a: Sableye|46/100 par
|-heal|p1a: Amoonguss|100/100|[from] drain|[of] p2a: Sableye
|
|-weather|Sandstorm|[upkeep]
|-damage|p1a: Amoonguss|94/100|[from] Sandstorm
|-damage|p2a: Sableye|40/100 par|[from] Sandstorm
|-heal|p1a: Amoonguss|100/100|[from] item: Black Sludge
|-heal|p2a: Sableye|46/100 par|[from] item: Leftovers
|upkeep
|turn|15
|
|t:|1735687394
|switch|p1a: Hydreigon|Hydreigon, F, shiny|94/100
|move|p2a: Sableye|Recover|p2a: Sableye
|-heal|p2a: Sableye|96/100 par
|
|-weather|Sandstorm|[upkeep]
|-damage|p1a: Hydreigon|88/100|[from] Sandstorm
|-damage|p2a: Sableye|90/100 par|[from] Sandstorm
|-heal|p2a: Sableye|96/100 par|[from] item: Leftovers
|upkeep
|turn|16
|
|t:|1735687400
|switch|p2a: Jirachi|Jirachi|100/100
|move|p1a: Hydreigon|Dark Pulse|p2a: Jirachi
|-crit|p2a: Jirachi
|-damage|p2a: Jirachi|0 fnt
|faint|p2a: Jirachi
|
|-weather|Sandstorm|[upkeep]
|-damage|p1a: Hydreigon|82/100|[from] Sandstorm
|upkeep
|-message|radaty forfeited.
|
|win|HydreigonSpammer
|raw|HydreigonSpammer's rating: 1442 &rarr; <strong>1459</strong><br />(+17 for winning)
|raw|radaty's rating: 1390 &rarr; <strong>1373</strong><br />(-17 for losing)
|l|☆radaty
|player|p2|
