|j|☆kaoru hana
|j|☆qifeng123456
|t:|1732218392
|gametype|singles
|player|p1|kaoru hana|bea|1412
|player|p2|qifeng123456|morty|1432
|teamsize|p1|6
|teamsize|p2|6
|gen|5
|tier|[Gen 5] OU
|rated|
|rule|Species Clause: Limit one of each Pokémon
|rule|OHKO Clause: OHKO moves are banned
|rule|Moody Clause: Moody is banned
|rule|Evasion Items Clause: Evasion items are banned
|rule|Evasion Moves Clause: Evasion moves are banned
|rule|Endless Battle Clause: Forcing endless battles is banned
|rule|HP Percentage Mod: HP is shown in percentages
|rule|Evasion Abilities Clause: Evasion abilities are banned
|rule|Sleep Moves Clause: Sleep-inducing moves are banned
|rule|Swagger Clause: Swagger is banned
|rule|Baton Pass Stat Clause: No Baton Passer may have a way to boost its stats
|clearpoke
|poke|p1|Keldeo|item
|poke|p1|Terrakion|item
|poke|p1|Breloom, F|item
|poke|p1|Lucario, M|item
|poke|p1|Toxicroak, F|item
|poke|p1|Conkeldurr, M|item
|poke|p2|Ferrothorn, M|item
|poke|p2|Politoed, F|item
|poke|p2|Dragonite, M|item
|poke|p2|Volcarona, F|item
|poke|p2|Gyarados, M|item
|poke|p2|Excadrill, M|item
|teampreview
|inactive|Battle timer is ON: inactive players will automatically lose when time's up. (requested by kaoru hana)
|
|t:|1732218409
|start
|switch|p1a: Terrakion|Terrakion|100/100
|switch|p2a: Volcarona|Volcarona, F|100/100
|turn|1
|
|t:|1732218418
|move|p1a: Terrakion|Stealth Rock|p2a: Volcarona
|-sidestart|p2: qifeng123456|move: Stealth Rock
|move|p2a: Volcarona|Giga Drain|p1a: Terrakion
|-supereffective|p1a: Terrakion
|-damage|p1a: Terrakion|29/100
|
|upkeep
|turn|2
|
|t:|1732218431
|switch|p2a: Excadrill|Excadrill, M|100/100
|-damage|p2a: Excadrill|97/100|[from] Stealth Rock
|-ability|p2a: Excadrill|Mold Breaker
|move|p1a: Terrakion|Stone Edge|p2a: Excadrill|[miss]
|-miss|p1a: Terrakion|p2a: Excadrill
|
|upkeep
|turn|3
|
|t:|1732218443
|switch|p2a: Ferrothorn|Ferrothorn, M|100/100
|-damage|p2a: Ferrothorn|94/100|[from] Stealth Rock
|move|p1a: Terrakion|Close Combat|p2a: Ferrothorn
|-supereffective|p2a: Ferrothorn
|-damage|p2a: Ferrothorn|24/100
|-unboost|p1a: Terrakion|def|1
|-unboost|p1a: Terrakion|spd|1
|-damage|p1a: Terrakion|17/100|[from] ability: Iron Barbs|[of] p2a: Ferrothorn
|-damage|p1a: Terrakion|0 fnt|[from] item: Rocky Helmet|[of] p2a: Ferrothorn
|faint|p1a: Terrakion
|
|upkeep
|
|t:|1732218458
|switch|p1a: Conkeldurr|Conkeldurr, M|100/100
|turn|4
|
|t:|1732218462
|move|p1a: Conkeldurr|Bulk Up|p1a: Conkeldurr
|-boost|p1a: Conkeldurr|atk|1
|-boost|p1a: Conkeldurr|def|1
|move|p2a: Ferrothorn|Stealth Rock|p1a: Conkeldurr
|-sidestart|p1: kaoru hana|move: Stealth Rock
|
|upkeep
|turn|5
|
|t:|1732218469
|move|p1a: Conkeldurr|Bulk Up|p1a: Conkeldurr
|-boost|p1a: Conkeldurr|atk|1
|-boost|p1a: Conkeldurr|def|1
|move|p2a: Ferrothorn|Leech Seed|p1a: Conkeldurr
|-start|p1a: Conkeldurr|move: Leech Seed
|
|-damage|p1a: Conkeldurr|88/100|[from] Leech Seed|[of] p2a: Ferrothorn
|-heal|p2a: Ferrothorn|38/100|[silent]
|upkeep
|turn|6
|
|t:|1732218478
|move|p2a: Ferrothorn|Protect|p2a: Ferrothorn
|-singleturn|p2a: Ferrothorn|Protect
|move|p1a: Conkeldurr|Drain Punch|p2a: Ferrothorn
|-activate|p2a: Ferrothorn|move: Protect
|
|-heal|p1a: Conkeldurr|94/100|[from] item: Leftovers
|-damage|p1a: Conkeldurr|82/100|[from] Leech Seed|[of] p2a: Ferrothorn
|-heal|p2a: Ferrothorn|52/100|[silent]
|upkeep
|turn|7
|
|t:|1732218488
|move|p1a: Conkeldurr|Drain Punch|p2a: Ferrothorn
|-supereffective|p2a: Ferrothorn
|-damage|p2a: Ferrothorn|0 fnt
|-heal|p1a: Conkeldurr|100/100|[from] drain|[of] p2a: Ferrothorn
|-damage|p1a: Conkeldurr|88/100|[from] ability: Iron Barbs|[of] p2a: Ferrothorn
|-damage|p1a: Conkeldurr|72/100|[from] item: Rocky Helmet|[of] p2a: Ferrothorn
|faint|p2a: Ferrothorn
|
|-heal|p1a: Conkeldurr|78/100|[from] item: Leftovers
|upkeep
|
|t:|1732218500
|switch|p2a: Excadrill|Excadrill, M|97/100
|-damage|p2a: Excadrill|94/100|[from] Stealth Rock
|-ability|p2a: Excadrill|Mold Breaker
|turn|8
|
|t:|1732218508
|move|p1a: Conkeldurr|Mach Punch|p2a: Excadrill
|-supereffective|p2a: Excadrill
|-damage|p2a: Excadrill|0 fnt
|faint|p2a: Excadrill
|
|-heal|p1a: Conkeldurr|84/100|[from] item: Leftovers
|upkeep
|
|t:|1732218527
|switch|p2a: Politoed|Politoed, F|100/100
|-damage|p2a: Politoed|88/100|[from] Stealth Rock
|-weather|RainDance|[from] ability: Drizzle|[of] p2a: Politoed
|turn|9
|
|t:|1732218544
|switch|p1a: Toxicroak|Toxicroak, F|100/100
|-damage|p1a: Toxicroak|94/100|[from] Stealth Rock
|move|p2a: Politoed|Perish Song|p2a: Politoed
|-start|p1a: Toxicroak|perish3|[silent]
|-start|p2a: Politoed|perish3|[silent]
|-fieldactivate|move: Perish Song
|
|-weather|RainDance|[upkeep]
|-heal|p1a: Toxicroak|100/100|[from] ability: Dry Skin
|-heal|p2a: Politoed|94/100|[from] item: Leftovers
|-start|p1a: Toxicroak|perish3
|-start|p2a: Politoed|perish3
|upkeep
|turn|10
|
|t:|1732218563
|move|p1a: Toxicroak|Drain Punch|p2a: Politoed
|-damage|p2a: Politoed|41/100
|-damage|p1a: Toxicroak|91/100|[from] item: Life Orb
|move|p2a: Politoed|Ice Beam|p1a: Toxicroak
|-crit|p1a: Toxicroak
|-damage|p1a: Toxicroak|23/100
|
|-weather|RainDance|[upkeep]
|-heal|p1a: Toxicroak|36/100|[from] ability: Dry Skin
|-heal|p2a: Politoed|48/100|[from] item: Leftovers
|-start|p1a: Toxicroak|perish2
|-start|p2a: Politoed|perish2
|upkeep
|turn|11
|
|t:|1732218581
|move|p1a: Toxicroak|Drain Punch|p2a: Politoed
|-damage|p2a: Politoed|0 fnt
|-heal|p1a: Toxicroak|65/100|[from] drain|[of] p2a: Politoed
|faint|p2a: Politoed
|-damage|p1a: Toxicroak|56/100|[from] item: Life Orb
|
|-weather|RainDance|[upkeep]
|-heal|p1a: Toxicroak|68/100|[from] ability: Dry Skin
|-start|p1a: Toxicroak|perish1
|upkeep
|
|t:|1732218588
|switch|p2a: Gyarados|Gyarados, M|100/100
|-damage|p2a: Gyarados|75/100|[from] Stealth Rock
|-ability|p2a: Gyarados|Intimidate|boost
|-unboost|p1a: Toxicroak|atk|1
|turn|12
|
|t:|1732218598
|switch|p1a: Conkeldurr|Conkeldurr, M|84/100
|-damage|p1a: Conkeldurr|78/100|[from] Stealth Rock
|move|p2a: Gyarados|Substitute|p2a: Gyarados
|-start|p2a: Gyarados|Substitute
|-damage|p2a: Gyarados|50/100
|
|-weather|RainDance|[upkeep]
|-heal|p2a: Gyarados|57/100|[from] item: Leftovers
|-heal|p1a: Conkeldurr|84/100|[from] item: Leftovers
|upkeep
|turn|13
|
|t:|1732218609
|move|p2a: Gyarados|Dragon Dance|p2a: Gyarados
|-boost|p2a: Gyarados|atk|1
|-boost|p2a: Gyarados|spe|1
|move|p1a: Conkeldurr|Ice Punch|p2a: Gyarados
|-end|p2a: Gyarados|Substitute
|
|-weather|RainDance|[upkeep]
|-heal|p2a: Gyarados|63/100|[from] item: Leftovers
|-heal|p1a: Conkeldurr|90/100|[from] item: Leftovers
|upkeep
|turn|14
|
|t:|1732218619
|move|p2a: Gyarados|Waterfall|p1a: Conkeldurr
|-damage|p1a: Conkeldurr|0 fnt
|faint|p1a: Conkeldurr
|
|-weather|RainDance|[upkeep]
|-heal|p2a: Gyarados|69/100|[from] item: Leftovers
|upkeep
|inactive|kaoru hana has 120 seconds left.
|
|t:|1732218647
|switch|p1a: Breloom|Breloom, F|100/100
|-damage|p1a: Breloom|94/100|[from] Stealth Rock
|turn|15
|
|t:|1732218653
|move|p2a: Gyarados|Ice Fang|p1a: Breloom
|-supereffective|p1a: Breloom
|-damage|p1a: Breloom|0 fnt
|faint|p1a: Breloom
|
|-weather|RainDance|[upkeep]
|-heal|p2a: Gyarados|75/100|[from] item: Leftovers
|upkeep
|
|t:|1732218663
|switch|p1a: Keldeo|Keldeo|100/100
|-damage|p1a: Keldeo|94/100|[from] Stealth Rock
|turn|16
|
|t:|1732218680
|move|p2a: Gyarados|Waterfall|p1a: Keldeo
|-resisted|p1a: Keldeo
|-damage|p1a: Keldeo|33/100
|move|p1a: Keldeo|Hydro Pump|p2a: Gyarados
|-resisted|p2a: Gyarados
|-damage|p2a: Gyarados|30/100
|
|-weather|RainDance|[upkeep]
|-heal|p2a: Gyarados|36/100|[from] item: Leftovers
|upkeep
|turn|17
|
|t:|1732218689
|switch|p1a: Toxicroak|Toxicroak, F|68/100
|-damage|p1a: Toxicroak|62/100|[from] Stealth Rock
|move|p2a: Gyarados|Waterfall|p1a: Toxicroak
|-heal|p1a: Toxicroak|86/100|[from] ability: Dry Skin|[of] p2a: Gyarados
|
|-weather|RainDance|[upkeep]
|-heal|p1a: Toxicroak|99/100|[from] ability: Dry Skin
|-heal|p2a: Gyarados|42/100|[from] item: Leftovers
|upkeep
|turn|18
|inactive|qifeng123456 has 120 seconds left.
|
|t:|1732218719
|move|p2a: Gyarados|Ice Fang|p1a: Toxicroak
|-damage|p1a: Toxicroak|45/100
|move|p1a: Toxicroak|Ice Punch|p2a: Gyarados
|-damage|p2a: Gyarados|0 fnt
|faint|p2a: Gyarados
|-damage|p1a: Toxicroak|35/100|[from] item: Life Orb
|
|-weather|RainDance|[upkeep]
|-heal|p1a: Toxicroak|48/100|[from] ability: Dry Skin
|upkeep
|inactive|qifeng123456 has 120 seconds left.
|
|t:|1732218733
|switch|p2a: Volcarona|Volcarona, F|100/100
|-damage|p2a: Volcarona|51/100|[from] Stealth Rock
|turn|19
|inactive|qifeng123456 has 120 seconds left.
|
|t:|1732218744
|move|p2a: Volcarona|Fiery Dance|p1a: Toxicroak
|-damage|p1a: Toxicroak|5/100
|-boost|p2a: Volcarona|spa|1
|move|p1a: Toxicroak|Drain Punch|p2a: Volcarona
|-resisted|p2a: Volcarona
|-crit|p2a: Volcarona
|-damage|p2a: Volcarona|0 fnt
|-heal|p1a: Toxicroak|31/100|[from] drain|[of] p2a: Volcarona
|faint|p2a: Volcarona
|-damage|p1a: Toxicroak|21/100|[from] item: Life Orb
|
|-weather|RainDance|[upkeep]
|-heal|p1a: Toxicroak|33/100|[from] ability: Dry Skin
|upkeep
|inactive|qifeng123456 has 120 seconds left.
|
|t:|1732218755
|switch|p2a: Dragonite|Dragonite, M|100/100
|-damage|p2a: Dragonite|76/100|[from] Stealth Rock
|turn|20
|
|t:|1732218762
|move|p2a: Dragonite|Thunder|p1a: Toxicroak
|-damage|p1a: Toxicroak|0 fnt
|faint|p1a: Toxicroak
|
|-weather|RainDance|[upkeep]
|upkeep
|
|t:|1732218770
|switch|p1a: Lucario|Lucario, M|100/100
|-damage|p1a: Lucario|98/100|[from] Stealth Rock
|turn|21
|
|t:|1732218774
|move|p2a: Dragonite|Thunder|p1a: Lucario
|-damage|p1a: Lucario|36/100
|-status|p1a: Lucario|par
|cant|p1a: Lucario|par
|
|-weather|RainDance|[upkeep]
|upkeep
|turn|22
|
|t:|1732218786
|move|p1a: Lucario|Extreme Speed|p2a: Dragonite
|-damage|p2a: Dragonite|39/100
|-damage|p1a: Lucario|26/100 par|[from] item: Life Orb
|move|p2a: Dragonite|Thunder|p1a: Lucario
|-damage|p1a: Lucario|0 fnt
|faint|p1a: Lucario
|
|-weather|RainDance|[upkeep]
|upkeep
|
|t:|1732218796
|switch|p1a: Keldeo|Keldeo|33/100
|-damage|p1a: Keldeo|27/100|[from] Stealth Rock
|turn|23
|
|t:|1732218803
|move|p2a: Dragonite|Thunder|p1a: Keldeo
|-supereffective|p1a: Keldeo
|-damage|p1a: Keldeo|0 fnt
|faint|p1a: Keldeo
|
|win|qifeng123456
|raw|kaoru hana's rating: 1412 &rarr; <strong>1393</strong><br />(-19 for losing)
|raw|qifeng123456's rating: 1432 &rarr; <strong>1451</strong><br />(+19 for winning)
