|j|☆linsar
|j|☆Ass Sumo
|player|p1|linsar|2|1449
|player|p2|Ass Sumo|clay|1396
|teamsize|p1|6
|teamsize|p2|6
|gametype|singles
|gen|5
|tier|[Gen 5] OU
|rated|
|clearpoke
|poke|p1|Jirachi|item
|poke|p1|Magnezone|item
|poke|p1|Dragonite, M|item
|poke|p1|Latios, M|item
|poke|p1|Kyurem-Black|item
|poke|p1|Garchomp, F|item
|poke|p2|Jirachi|item
|poke|p2|Excadrill, F|item
|poke|p2|Tyranitar, F|item
|poke|p2|Latios, M|item
|poke|p2|Salamence, F|item
|poke|p2|Keldeo-Resolute|item
|rule|Species Clause: Limit one of each Pokémon
|rule|OHKO Clause: OHKO moves are banned
|rule|Moody Clause: Moody is banned
|rule|Evasion Moves Clause: Evasion moves are banned
|rule|Endless Battle Clause: Forcing endless battles is banned
|rule|HP Percentage Mod: HP is shown in percentages
|rule|Evasion Abilities Clause: Evasion abilities are banned
|rule|Baton Pass Clause: Limit one Baton Passer, can't pass Spe and other stats simultaneously
|rule|Sleep Clause: Sleep-inducing moves are banned
|rule|Swagger Clause: Swagger is banned
|teampreview
|
|start
|switch|p1a: Jirachi|Jirachi|100/100
|switch|p2a: Excadrill|Excadrill, F|100/100
|turn|1
|
|move|p1a: Jirachi|U-turn|p2a: Excadrill
|-resisted|p2a: Excadrill
|-crit|p2a: Excadrill
|-damage|p2a: Excadrill|81/100
|inactive|Battle timer is ON: inactive players will automatically lose when time's up. (requested by Ass Sumo)
|
|switch|p1a: Magnezone|Magnezone|100/100|[from]move: U-turn
|-item|p1a: Magnezone|Air Balloon
|move|p2a: Excadrill|Earthquake|p1a: Magnezone
|-immune|p1a: Magnezone
|
|-heal|p2a: Excadrill|87/100|[from] item: Leftovers
|upkeep
|turn|2
|
|move|p2a: Excadrill|Protect|p2a: Excadrill
|-singleturn|p2a: Excadrill|Protect
|move|p1a: Magnezone|Magnet Rise|p1a: Magnezone
|-start|p1a: Magnezone|Magnet Rise
|
|-heal|p2a: Excadrill|93/100|[from] item: Leftovers
|upkeep
|turn|3
|
|move|p2a: Excadrill|Iron Head|p1a: Magnezone
|-resisted|p1a: Magnezone
|-damage|p1a: Magnezone|90/100
|-enditem|p1a: Magnezone|Air Balloon
|cant|p1a: Magnezone|flinch
|
|-heal|p2a: Excadrill|99/100|[from] item: Leftovers
|upkeep
|turn|4
|
|move|p2a: Excadrill|Iron Head|p1a: Magnezone
|-resisted|p1a: Magnezone
|-damage|p1a: Magnezone|79/100
|move|p1a: Magnezone|Sunny Day|p1a: Magnezone
|-weather|SunnyDay
|
|-weather|SunnyDay|[upkeep]
|-heal|p2a: Excadrill|100/100|[from] item: Leftovers
|upkeep
|turn|5
|j| Lyenne
|l| Lyenne
|
|move|p2a: Excadrill|Protect|p2a: Excadrill
|-singleturn|p2a: Excadrill|Protect
|move|p1a: Magnezone|Hidden Power|p2a: Excadrill
|-activate|p2a: Excadrill|move: Protect
|
|-weather|SunnyDay|[upkeep]
|upkeep
|turn|6
|
|move|p2a: Excadrill|Iron Head|p1a: Magnezone
|-resisted|p1a: Magnezone
|-damage|p1a: Magnezone|67/100
|move|p1a: Magnezone|Hidden Power|p2a: Excadrill
|-supereffective|p2a: Excadrill
|-damage|p2a: Excadrill|2/100
|
|-weather|SunnyDay|[upkeep]
|-heal|p2a: Excadrill|8/100|[from] item: Leftovers
|-end|p1a: Magnezone|Magnet Rise
|upkeep
|turn|7
|
|switch|p1a: Latios|Latios, M|100/100
|move|p2a: Excadrill|Earthquake|p1a: Latios
|-immune|p1a: Latios|[from] ability: Levitate
|
|-weather|SunnyDay|[upkeep]
|-heal|p2a: Excadrill|14/100|[from] item: Leftovers
|upkeep
|turn|8
|
|move|p2a: Excadrill|Protect|p2a: Excadrill
|-singleturn|p2a: Excadrill|Protect
|move|p1a: Latios|Surf|p2a: Excadrill
|-activate|p2a: Excadrill|move: Protect
|
|-weather|none
|-heal|p2a: Excadrill|21/100|[from] item: Leftovers
|upkeep
|turn|9
|
|switch|p1a: Jirachi|Jirachi|100/100
|move|p2a: Excadrill|Earthquake|p1a: Jirachi
|-supereffective|p1a: Jirachi
|-enditem|p1a: Jirachi|Shuca Berry|[eat]
|-enditem|p1a: Jirachi|Shuca Berry|[weaken]
|-damage|p1a: Jirachi|55/100
|
|-heal|p2a: Excadrill|27/100|[from] item: Leftovers
|upkeep
|turn|10
|
|switch|p2a: Keldeo|Keldeo-Resolute|100/100
|move|p1a: Jirachi|Icy Wind|p2a: Keldeo
|-resisted|p2a: Keldeo
|-damage|p2a: Keldeo|93/100
|-unboost|p2a: Keldeo|spe|1
|
|upkeep
|turn|11
|
|switch|p2a: Excadrill|Excadrill, F|27/100
|move|p1a: Jirachi|Stealth Rock|p2a: Excadrill
|-sidestart|p2: Ass Sumo|move: Stealth Rock
|
|-heal|p2a: Excadrill|33/100|[from] item: Leftovers
|upkeep
|turn|12
|
|move|p1a: Jirachi|Icy Wind|p2a: Excadrill
|-damage|p2a: Excadrill|18/100
|-unboost|p2a: Excadrill|spe|1
|move|p2a: Excadrill|Rapid Spin|p1a: Jirachi
|-resisted|p1a: Jirachi
|-damage|p1a: Jirachi|52/100
|-sideend|p2: Ass Sumo|Stealth Rock|[from] move: Rapid Spin|[of] p2a: Excadrill
|
|-heal|p2a: Excadrill|24/100|[from] item: Leftovers
|upkeep
|turn|13
|
|move|p1a: Jirachi|Stealth Rock|p2a: Excadrill
|-sidestart|p2: Ass Sumo|move: Stealth Rock
|move|p2a: Excadrill|Earthquake|p1a: Jirachi
|-supereffective|p1a: Jirachi
|-damage|p1a: Jirachi|0 fnt
|faint|p1a: Jirachi
|
|-heal|p2a: Excadrill|30/100|[from] item: Leftovers
|upkeep
|
|switch|p1a: Magnezone|Magnezone|67/100
|turn|14
|
|move|p1a: Magnezone|Hidden Power|p2a: Excadrill
|-supereffective|p2a: Excadrill
|-damage|p2a: Excadrill|0 fnt
|faint|p2a: Excadrill
|
|upkeep
|
|switch|p2a: Keldeo|Keldeo-Resolute|93/100
|-damage|p2a: Keldeo|87/100|[from] Stealth Rock
|turn|15
|
|switch|p1a: Latios|Latios, M|100/100
|move|p2a: Keldeo|Scald|p1a: Latios
|-resisted|p1a: Latios
|-damage|p1a: Latios|71/100
|
|upkeep
|turn|16
|
|switch|p2a: Tyranitar|Tyranitar, F|100/100
|-damage|p2a: Tyranitar|88/100|[from] Stealth Rock
|-weather|Sandstorm|[from] ability: Sand Stream|[of] p2a: Tyranitar
|move|p1a: Latios|Draco Meteor|p2a: Tyranitar
|-damage|p2a: Tyranitar|28/100
|-unboost|p1a: Latios|spa|2
|
|-weather|Sandstorm|[upkeep]
|-damage|p1a: Latios|65/100|[from] Sandstorm
|upkeep
|turn|17
|
|move|p1a: Latios|Draco Meteor|p2a: Tyranitar
|-crit|p2a: Tyranitar
|-damage|p2a: Tyranitar|0 fnt
|-unboost|p1a: Latios|spa|2
|faint|p2a: Tyranitar
|
|-weather|Sandstorm|[upkeep]
|-damage|p1a: Latios|59/100|[from] Sandstorm
|upkeep
|
|switch|p2a: Salamence|Salamence, F|100/100
|-damage|p2a: Salamence|76/100|[from] Stealth Rock
|turn|18
|
|switch|p1a: Kyurem|Kyurem-Black|100/100
|-ability|p1a: Kyurem|Teravolt
|move|p2a: Salamence|Outrage|p1a: Kyurem
|-supereffective|p1a: Kyurem
|-damage|p1a: Kyurem|0 fnt
|faint|p1a: Kyurem
|-ability|p2a: Salamence|Moxie|boost
|-boost|p2a: Salamence|atk|1
|
|-weather|Sandstorm|[upkeep]
|-damage|p2a: Salamence|70/100|[from] Sandstorm
|upkeep
|
|switch|p1a: Garchomp|Garchomp, F|100/100
|turn|19
|
|move|p1a: Garchomp|Outrage|p2a: Salamence
|-supereffective|p2a: Salamence
|-damage|p2a: Salamence|0 fnt
|faint|p2a: Salamence
|
|-weather|Sandstorm|[upkeep]
|upkeep
|
|switch|p2a: Jirachi|Jirachi|100/100
|-damage|p2a: Jirachi|94/100|[from] Stealth Rock
|turn|20
|
|move|p1a: Garchomp|Outrage|p2a: Jirachi|[from]lockedmove
|-resisted|p2a: Jirachi
|-damage|p2a: Jirachi|64/100
|move|p2a: Jirachi|Icy Wind|p1a: Garchomp
|-supereffective|p1a: Garchomp
|-damage|p1a: Garchomp|33/100
|-unboost|p1a: Garchomp|spe|1
|
|-weather|Sandstorm|[upkeep]
|-heal|p2a: Jirachi|70/100|[from] item: Leftovers
|upkeep
|turn|21
|
|move|p1a: Garchomp|Outrage|p2a: Jirachi|[from]lockedmove
|-resisted|p2a: Jirachi
|-damage|p2a: Jirachi|40/100
|-start|p1a: Garchomp|confusion|[fatigue]
|move|p2a: Jirachi|Icy Wind|p1a: Garchomp
|-supereffective|p1a: Garchomp
|-damage|p1a: Garchomp|0 fnt
|faint|p1a: Garchomp
|
|-weather|Sandstorm|[upkeep]
|-heal|p2a: Jirachi|46/100|[from] item: Leftovers
|upkeep
|
|switch|p1a: Dragonite|Dragonite, M|100/100
|turn|22
|
|move|p2a: Jirachi|Iron Head|p1a: Dragonite
|-damage|p1a: Dragonite|83/100
|move|p1a: Dragonite|Outrage|p2a: Jirachi
|-resisted|p2a: Jirachi
|-damage|p2a: Jirachi|12/100
|
|-weather|Sandstorm|[upkeep]
|-damage|p1a: Dragonite|77/100|[from] Sandstorm
|-heal|p2a: Jirachi|18/100|[from] item: Leftovers
|upkeep
|turn|23
|
|move|p2a: Jirachi|Icy Wind|p1a: Dragonite
|-supereffective|p1a: Dragonite
|-damage|p1a: Dragonite|9/100
|-unboost|p1a: Dragonite|spe|1
|move|p1a: Dragonite|Outrage|p2a: Jirachi|[from]lockedmove
|-resisted|p2a: Jirachi
|-damage|p2a: Jirachi|0 fnt
|-start|p1a: Dragonite|confusion|[fatigue]
|faint|p2a: Jirachi
|-enditem|p1a: Dragonite|Lum Berry|[eat]
|-end|p1a: Dragonite|confusion
|
|-weather|Sandstorm|[upkeep]
|-damage|p1a: Dragonite|3/100|[from] Sandstorm
|upkeep
|
|switch|p2a: Keldeo|Keldeo-Resolute|87/100
|-damage|p2a: Keldeo|80/100|[from] Stealth Rock
|turn|24
|
|switch|p1a: Magnezone|Magnezone|67/100
|move|p2a: Keldeo|Secret Sword|p1a: Magnezone
|-supereffective|p1a: Magnezone
|-damage|p1a: Magnezone|0 fnt
|faint|p1a: Magnezone
|
|-weather|Sandstorm|[upkeep]
|-damage|p2a: Keldeo|74/100|[from] Sandstorm
|upkeep
|
|switch|p1a: Latios|Latios, M|59/100
|turn|25
|
|move|p1a: Latios|Draco Meteor|p2a: Keldeo
|-damage|p2a: Keldeo|0 fnt
|-unboost|p1a: Latios|spa|2
|faint|p2a: Keldeo
|
|-weather|Sandstorm|[upkeep]
|-damage|p1a: Latios|53/100|[from] Sandstorm
|upkeep
|
|switch|p2a: Latios|Latios, M|100/100
|-damage|p2a: Latios|88/100|[from] Stealth Rock
|turn|26
|
|move|p1a: Latios|Draco Meteor|p2a: Latios
|-supereffective|p2a: Latios
|-damage|p2a: Latios|0 fnt
|-unboost|p1a: Latios|spa|2
|faint|p2a: Latios
|
|win|linsar
|l|☆Ass Sumo
|raw|linsar's rating: 1449 &rarr; <strong>1466</strong><br />(+17 for winning)
|raw|Ass Sumo's rating: 1396 &rarr; <strong>1379</strong><br />(-17 for losing)
