|j|☆Darkininha
|j|☆Krustycrus
|t:|1703431729
|gametype|singles
|player|p1|Darkininha|rocketgruntf|1306
|player|p2|Krustycrus|silver|1449
|teamsize|p1|6
|teamsize|p2|6
|gen|5
|tier|[Gen 5] OU
|rated|
|rule|Species Clause: Limit one of each Pokémon
|rule|OHKO Clause: OHKO moves are banned
|rule|Moody Clause: Moody is banned
|rule|Evasion Items Clause: Evasion items are banned
|rule|Evasion Moves Clause: Evasion moves are banned
|rule|Endless Battle Clause: Forcing endless battles is banned
|rule|HP Percentage Mod: HP is shown in percentages
|rule|Evasion Abilities Clause: Evasion abilities are banned
|rule|Sleep Moves Clause: Sleep-inducing moves are banned
|rule|Swagger Clause: Swagger is banned
|rule|Baton Pass Stat Clause: No Baton Passer may have a way to boost its stats
|clearpoke
|poke|p1|Cloyster, M|item
|poke|p1|Latios, M|item
|poke|p1|Keldeo|item
|poke|p1|Scizor, F|item
|poke|p1|Breloom, M|item
|poke|p1|Garchomp, F|item
|poke|p2|Breloom, M|item
|poke|p2|Cloyster, F|item
|poke|p2|Dragonite, M|item
|poke|p2|Garchomp, F|item
|poke|p2|Latias, F|item
|poke|p2|Scizor, M|item
|teampreview
|inactive|Battle timer is ON: inactive players will automatically lose when time's up. (requested by Darkininha)
|
|t:|1703431751
|start
|switch|p1a: Scizor|Scizor, F|100/100
|switch|p2a: Cloyster|Cloyster, F, shiny|100/100
|turn|1
|
|t:|1703431761
|move|p2a: Cloyster|Rock Blast|p1a: Scizor
|-damage|p1a: Scizor|92/100
|-damage|p1a: Scizor|82/100
|-damage|p1a: Scizor|72/100
|-damage|p1a: Scizor|62/100
|-damage|p1a: Scizor|53/100
|-hitcount|p1a: Scizor|5
|-damage|p2a: Cloyster|91/100|[from] item: Life Orb
|move|p1a: Scizor|Swords Dance|p1a: Scizor
|-boost|p1a: Scizor|atk|2
|
|upkeep
|turn|2
|
|t:|1703431773
|move|p1a: Scizor|Bullet Punch|p2a: Cloyster
|-damage|p2a: Cloyster|15/100
|-damage|p1a: Scizor|43/100|[from] item: Life Orb
|move|p2a: Cloyster|Rock Blast|p1a: Scizor
|-damage|p1a: Scizor|33/100
|-damage|p1a: Scizor|24/100
|-damage|p1a: Scizor|15/100
|-damage|p1a: Scizor|6/100
|-damage|p1a: Scizor|0 fnt
|faint|p1a: Scizor
|-hitcount|p1: Scizor|5
|-damage|p2a: Cloyster|5/100|[from] item: Life Orb
|
|upkeep
|
|t:|1703431788
|switch|p1a: Keldeo|Keldeo|100/100
|turn|3
|
|t:|1703431793
|move|p1a: Keldeo|Secret Sword|p2a: Cloyster
|-supereffective|p2a: Cloyster
|-damage|p2a: Cloyster|0 fnt
|faint|p2a: Cloyster
|
|upkeep
|
|t:|1703431799
|switch|p2a: Latias|Latias, F|100/100
|turn|4
|
|t:|1703431804
|move|p2a: Latias|Light Screen|p2a: Latias
|-sidestart|p2: Krustycrus|move: Light Screen
|move|p1a: Keldeo|Calm Mind|p1a: Keldeo
|-boost|p1a: Keldeo|spa|1
|-boost|p1a: Keldeo|spd|1
|
|upkeep
|turn|5
|
|t:|1703431821
|move|p2a: Latias|Draco Meteor|p1a: Keldeo|[miss]
|-miss|p2a: Latias|p1a: Keldeo
|move|p1a: Keldeo|Calm Mind|p1a: Keldeo
|-boost|p1a: Keldeo|spa|1
|-boost|p1a: Keldeo|spd|1
|
|upkeep
|turn|6
|
|t:|1703431828
|move|p2a: Latias|Draco Meteor|p1a: Keldeo
|-crit|p1a: Keldeo
|-damage|p1a: Keldeo|0 fnt
|-unboost|p2a: Latias|spa|2
|faint|p1a: Keldeo
|
|upkeep
|
|t:|1703431834
|switch|p1a: Garchomp|Garchomp, F|100/100
|turn|7
|
|t:|1703431837
|move|p1a: Garchomp|Stealth Rock|p2a: Latias
|-sidestart|p2: Krustycrus|move: Stealth Rock
|move|p2a: Latias|Reflect|p2a: Latias
|-sidestart|p2: Krustycrus|Reflect
|
|upkeep
|turn|8
|
|t:|1703431854
|switch|p1a: Latios|Latios, M|100/100
|move|p2a: Latias|Draco Meteor|p1a: Latios
|-supereffective|p1a: Latios
|-damage|p1a: Latios|48/100
|-unboost|p2a: Latias|spa|2
|
|upkeep
|turn|9
|
|t:|1703431863
|move|p2a: Latias|Healing Wish|p2a: Latias
|faint|p2a: Latias
|move|p1a: Latios|Draco Meteor|p2: Latias|[notarget]
|-fail|p1a: Latios
|
|upkeep
|
|t:|1703431874
|switch|p2a: Scizor|Scizor, M, shiny|100/100
|-heal|p2a: Scizor|100/100|[from] move: Healing Wish
|-damage|p2a: Scizor|88/100|[from] Stealth Rock
|turn|10
|
|t:|1703431880
|move|p1a: Latios|Reflect|p1a: Latios
|-sidestart|p1: Darkininha|Reflect
|move|p2a: Scizor|Swords Dance|p2a: Scizor
|-boost|p2a: Scizor|atk|2
|
|upkeep
|turn|11
|
|t:|1703431885
|move|p1a: Latios|Memento|p2a: Scizor
|-unboost|p2a: Scizor|atk|2
|-unboost|p2a: Scizor|spa|2
|faint|p1a: Latios
|move|p2a: Scizor|Swords Dance|p2a: Scizor
|-boost|p2a: Scizor|atk|2
|
|-sideend|p2: Krustycrus|move: Light Screen
|upkeep
|
|t:|1703431907
|switch|p1a: Breloom|Breloom, M|100/100
|turn|12
|
|t:|1703431911
|move|p2a: Scizor|Bullet Punch|p1a: Breloom
|-damage|p1a: Breloom|47/100
|move|p1a: Breloom|Low Sweep|p2a: Scizor
|-damage|p2a: Scizor|52/100
|-unboost|p2a: Scizor|spe|1
|
|upkeep
|turn|13
|
|t:|1703431922
|move|p1a: Breloom|Mach Punch|p2a: Scizor
|-damage|p2a: Scizor|29/100
|move|p2a: Scizor|Bullet Punch|p1a: Breloom
|-damage|p1a: Breloom|0 fnt
|faint|p1a: Breloom
|
|upkeep
|
|t:|1703431928
|switch|p1a: Garchomp|Garchomp, F|100/100
|turn|14
|
|t:|1703431931
|move|p2a: Scizor|Bullet Punch|p1a: Garchomp
|-damage|p1a: Garchomp|69/100
|-damage|p2a: Scizor|16/100|[from] ability: Rough Skin|[of] p1a: Garchomp
|move|p1a: Garchomp|Outrage|p2a: Scizor
|-resisted|p2a: Scizor
|-damage|p2a: Scizor|0 fnt
|faint|p2a: Scizor
|
|-sideend|p2: Krustycrus|Reflect
|upkeep
|
|t:|1703431944
|switch|p2a: Garchomp|Garchomp, F|100/100
|-damage|p2a: Garchomp|94/100|[from] Stealth Rock
|turn|15
|
|t:|1703431950
|move|p1a: Garchomp|Outrage|p2a: Garchomp|[from]lockedmove
|-supereffective|p2a: Garchomp
|-damage|p2a: Garchomp|0 fnt
|-damage|p1a: Garchomp|56/100|[from] ability: Rough Skin|[of] p2a: Garchomp
|faint|p2a: Garchomp
|-start|p1a: Garchomp|confusion|[fatigue]
|
|upkeep
|inactive|Krustycrus has 120 seconds left.
|
|t:|1703432007
|switch|p2a: Dragonite|Dragonite, M|100/100
|-damage|p2a: Dragonite|76/100|[from] Stealth Rock
|turn|16
|
|t:|1703432012
|switch|p1a: Cloyster|Cloyster, M|100/100
|move|p2a: Dragonite|Extreme Speed|p1a: Cloyster
|-damage|p1a: Cloyster|87/100
|
|upkeep
|turn|17
|
|t:|1703432019
|move|p1a: Cloyster|Icicle Spear|p2a: Dragonite
|-supereffective|p2a: Dragonite
|-damage|p2a: Dragonite|8/100
|-supereffective|p2a: Dragonite
|-crit|p2a: Dragonite
|-damage|p2a: Dragonite|0 fnt
|faint|p2a: Dragonite
|-hitcount|p2: Dragonite|2
|-damage|p1a: Cloyster|77/100|[from] item: Life Orb
|
|-sideend|p1: Darkininha|Reflect
|upkeep
|
|t:|1703432027
|switch|p2a: Breloom|Breloom, M|100/100
|-damage|p2a: Breloom|94/100|[from] Stealth Rock
|turn|18
|
|t:|1703432032
|move|p2a: Breloom|Mach Punch|p1a: Cloyster
|-supereffective|p1a: Cloyster
|-damage|p1a: Cloyster|5/100
|move|p1a: Cloyster|Icicle Spear|p2a: Breloom
|-supereffective|p2a: Breloom
|-damage|p2a: Breloom|53/100
|-supereffective|p2a: Breloom
|-damage|p2a: Breloom|7/100
|-supereffective|p2a: Breloom
|-damage|p2a: Breloom|0 fnt
|faint|p2a: Breloom
|-hitcount|p2: Breloom|3
|-damage|p1a: Cloyster|0 fnt|[from] item: Life Orb
|faint|p1a: Cloyster
|
|win|Darkininha
|raw|Darkininha's rating: 1306 &rarr; <strong>1334</strong><br />(+28 for winning)
|raw|Krustycrus's rating: 1449 &rarr; <strong>1421</strong><br />(-28 for losing)
|l|☆Krustycrus
