|j|☆Dayanne or Mavis
|j|☆jailer steve
|player|p1|Dayanne or Mavis|86|1329
|player|p2|jailer steve|196|1446
|teamsize|p1|6
|teamsize|p2|6
|gametype|singles
|gen|5
|tier|[Gen 5] OU
|rated|
|rule|Sleep Clause Mod: Limit one foe put to sleep
|rule|Species Clause: Limit one of each Pokémon
|rule|OHKO Clause: OHKO moves are banned
|rule|Moody Clause: Moody is banned
|rule|Evasion Moves Clause: Evasion moves are banned
|rule|Endless Battle Clause: Forcing endless battles is banned
|rule|HP Percentage Mod: HP is shown in percentages
|rule|Evasion Abilities Clause: Evasion abilities are banned
|rule|Baton Pass Clause: Limit one Baton Passer, can't pass Spe and other stats simultaneously
|rule|Swagger Clause: Swagger is banned
|clearpoke
|poke|p1|Tyranitar, F|item
|poke|p1|Latias, F|item
|poke|p1|Gliscor, M|item
|poke|p1|Skarmory, M|item
|poke|p1|Heatran, F|item
|poke|p1|Jellicent, F|item
|poke|p2|Scizor, M|item
|poke|p2|Ditto|item
|poke|p2|Chansey, F|item
|poke|p2|Xatu, F|item
|poke|p2|Slowbro, F|item
|poke|p2|Excadrill, F|item
|teampreview
|inactive|Battle timer is ON: inactive players will automatically lose when time's up. (requested by Dayanne or Mavis)
|
|start
|switch|p1a: Tyranitar|Tyranitar, F|100/100
|switch|p2a: Xatu|Xatu, F|100/100
|-weather|Sandstorm|[from] ability: Sand Stream|[of] p1a: Tyranitar
|turn|1
|
|move|p1a: Tyranitar|Stone Edge|p2a: Xatu
|-supereffective|p2a: Xatu
|-crit|p2a: Xatu
|-damage|p2a: Xatu|0 fnt
|faint|p2a: Xatu
|
|-weather|Sandstorm|[upkeep]
|upkeep
|
|switch|p2a: Chansey|Chansey, F|100/100
|turn|2
|
|switch|p1a: Gliscor|Gliscor, M|100/100
|move|p2a: Chansey|Stealth Rock|p1a: Gliscor
|-sidestart|p1: Dayanne or Mavis|move: Stealth Rock
|
|-weather|Sandstorm|[upkeep]
|-damage|p2a: Chansey|94/100|[from] Sandstorm
|-status|p1a: Gliscor|tox|[from] item: Toxic Orb
|upkeep
|turn|3
|
|switch|p1a: Skarmory|Skarmory, M|100/100
|-damage|p1a: Skarmory|88/100|[from] Stealth Rock
|switch|p2a: Scizor|Scizor, M|100/100
|
|-weather|Sandstorm|[upkeep]
|-heal|p1a: Skarmory|94/100|[from] item: Leftovers
|upkeep
|turn|4
|
|move|p1a: Skarmory|Spikes|p2a: Scizor
|-sidestart|p2: jailer steve|Spikes
|move|p2a: Scizor|U-turn|p1a: Skarmory
|-resisted|p1a: Skarmory
|-damage|p1a: Skarmory|90/100
|
|switch|p2a: Ditto|Ditto|100/100|[from]move: U-turn
|-damage|p2a: Ditto|88/100|[from] Spikes
|-transform|p2a: Ditto|p1a: Skarmory|[from] ability: Imposter
|
|-weather|Sandstorm|[upkeep]
|-heal|p1a: Skarmory|96/100|[from] item: Leftovers
|upkeep
|turn|5
|
|move|p2a: Ditto|Spikes|p1a: Skarmory
|-sidestart|p1: Dayanne or Mavis|Spikes
|move|p1a: Skarmory|Spikes|p2a: Ditto
|-sidestart|p2: jailer steve|Spikes
|
|-weather|Sandstorm|[upkeep]
|-heal|p1a: Skarmory|100/100|[from] item: Leftovers
|upkeep
|turn|6
|
|move|p2a: Ditto|Spikes|p1a: Skarmory
|-sidestart|p1: Dayanne or Mavis|Spikes
|move|p1a: Skarmory|Spikes|p2a: Ditto
|-sidestart|p2: jailer steve|Spikes
|
|-weather|Sandstorm|[upkeep]
|upkeep
|turn|7
|
|switch|p1a: Tyranitar|Tyranitar, F|100/100
|-damage|p1a: Tyranitar|84/100|[from] Spikes
|-damage|p1a: Tyranitar|72/100|[from] Stealth Rock
|move|p2a: Ditto|Spikes|p1a: Tyranitar
|-sidestart|p1: Dayanne or Mavis|Spikes
|
|-weather|Sandstorm|[upkeep]
|upkeep
|turn|8
|
|switch|p2a: Scizor|Scizor, M|100/100
|-damage|p2a: Scizor|76/100|[from] Spikes
|move|p1a: Tyranitar|Superpower|p2a: Scizor
|-damage|p2a: Scizor|36/100
|-unboost|p1a: Tyranitar|atk|1
|-unboost|p1a: Tyranitar|def|1
|
|-weather|Sandstorm|[upkeep]
|-heal|p2a: Scizor|42/100|[from] item: Leftovers
|upkeep
|turn|9
|
|switch|p1a: Gliscor|Gliscor, M|100/100 tox
|-damage|p1a: Gliscor|88/100 tox|[from] Stealth Rock
|move|p2a: Scizor|Roost|p2a: Scizor
|-heal|p2a: Scizor|93/100
|-singleturn|p2a: Scizor|move: Roost
|
|-weather|Sandstorm|[upkeep]
|-heal|p2a: Scizor|99/100|[from] item: Leftovers
|-heal|p1a: Gliscor|100/100 tox|[from] ability: Poison Heal
|upkeep
|turn|10
|
|move|p1a: Gliscor|Substitute|p1a: Gliscor
|-start|p1a: Gliscor|Substitute
|-damage|p1a: Gliscor|76/100 tox
|move|p2a: Scizor|Swords Dance|p2a: Scizor
|-boost|p2a: Scizor|atk|2
|
|-weather|Sandstorm|[upkeep]
|-heal|p2a: Scizor|100/100|[from] item: Leftovers
|-heal|p1a: Gliscor|88/100 tox|[from] ability: Poison Heal
|upkeep
|turn|11
|
|move|p1a: Gliscor|Earthquake|p2a: Scizor
|-damage|p2a: Scizor|71/100
|move|p2a: Scizor|Swords Dance|p2a: Scizor
|-boost|p2a: Scizor|atk|2
|
|-weather|Sandstorm|[upkeep]
|-heal|p2a: Scizor|77/100|[from] item: Leftovers
|-heal|p1a: Gliscor|100/100 tox|[from] ability: Poison Heal
|upkeep
|turn|12
|
|switch|p1a: Skarmory|Skarmory, M|100/100
|-damage|p1a: Skarmory|88/100|[from] Stealth Rock
|move|p2a: Scizor|Bullet Punch|p1a: Skarmory
|-resisted|p1a: Skarmory
|-damage|p1a: Skarmory|66/100
|
|-weather|Sandstorm|[upkeep]
|-heal|p1a: Skarmory|72/100|[from] item: Leftovers
|-heal|p2a: Scizor|83/100|[from] item: Leftovers
|upkeep
|turn|13
|
|move|p2a: Scizor|Bullet Punch|p1a: Skarmory
|-resisted|p1a: Skarmory
|-damage|p1a: Skarmory|48/100
|move|p1a: Skarmory|Whirlwind|p2a: Scizor
|drag|p2a: Excadrill|Excadrill, F|100/100
|-damage|p2a: Excadrill|76/100|[from] Spikes
|-ability|p2a: Excadrill|Mold Breaker
|
|-weather|Sandstorm|[upkeep]
|-heal|p2a: Excadrill|82/100|[from] item: Leftovers
|-heal|p1a: Skarmory|54/100|[from] item: Leftovers
|upkeep
|turn|14
|
|move|p2a: Excadrill|Rapid Spin|p1a: Skarmory
|-resisted|p1a: Skarmory
|-damage|p1a: Skarmory|52/100
|-sideend|p2: jailer steve|Spikes|[from] move: Rapid Spin|[of] p2a: Excadrill
|move|p1a: Skarmory|Roost|p1a: Skarmory
|-heal|p1a: Skarmory|100/100
|-singleturn|p1a: Skarmory|move: Roost
|
|-weather|Sandstorm|[upkeep]
|-heal|p2a: Excadrill|88/100|[from] item: Leftovers
|upkeep
|turn|15
|
|move|p2a: Excadrill|Protect|p2a: Excadrill
|-singleturn|p2a: Excadrill|Protect
|move|p1a: Skarmory|Spikes|p2a: Excadrill
|-sidestart|p2: jailer steve|Spikes
|
|-weather|Sandstorm|[upkeep]
|-heal|p2a: Excadrill|94/100|[from] item: Leftovers
|upkeep
|turn|16
|
|move|p2a: Excadrill|Rapid Spin|p1a: Skarmory
|-resisted|p1a: Skarmory
|-damage|p1a: Skarmory|99/100
|-sideend|p2: jailer steve|Spikes|[from] move: Rapid Spin|[of] p2a: Excadrill
|move|p1a: Skarmory|Spikes|p2a: Excadrill
|-sidestart|p2: jailer steve|Spikes
|
|-weather|Sandstorm|[upkeep]
|-heal|p2a: Excadrill|99/100|[from] item: Leftovers
|-heal|p1a: Skarmory|100/100|[from] item: Leftovers
|upkeep
|turn|17
|
|switch|p1a: Jellicent|Jellicent, F, shiny|100/100
|-damage|p1a: Jellicent|76/100|[from] Spikes
|-damage|p1a: Jellicent|63/100|[from] Stealth Rock
|move|p2a: Excadrill|Rapid Spin|p1a: Jellicent
|-immune|p1a: Jellicent
|
|-weather|Sandstorm|[upkeep]
|-damage|p1a: Jellicent|57/100|[from] Sandstorm
|-heal|p2a: Excadrill|100/100|[from] item: Leftovers
|-heal|p1a: Jellicent|63/100|[from] item: Leftovers
|upkeep
|turn|18
|
|move|p2a: Excadrill|Toxic|p1a: Jellicent
|-status|p1a: Jellicent|tox
|move|p1a: Jellicent|Will-O-Wisp|p2a: Excadrill
|-status|p2a: Excadrill|brn
|
|-weather|Sandstorm|[upkeep]
|-damage|p1a: Jellicent|57/100 tox|[from] Sandstorm
|-heal|p1a: Jellicent|63/100 tox|[from] item: Leftovers
|-damage|p2a: Excadrill|88/100 brn|[from] brn
|-damage|p1a: Jellicent|57/100 tox|[from] psn
|upkeep
|turn|19
|
|move|p2a: Excadrill|Earthquake|p1a: Jellicent
|-damage|p1a: Jellicent|35/100 tox
|move|p1a: Jellicent|Recover|p1a: Jellicent
|-heal|p1a: Jellicent|86/100 tox
|
|-weather|Sandstorm|[upkeep]
|-damage|p1a: Jellicent|79/100 tox|[from] Sandstorm
|-heal|p2a: Excadrill|94/100 brn|[from] item: Leftovers
|-heal|p1a: Jellicent|86/100 tox|[from] item: Leftovers
|-damage|p2a: Excadrill|82/100 brn|[from] brn
|-damage|p1a: Jellicent|73/100 tox|[from] psn
|upkeep
|turn|20
|
|move|p2a: Excadrill|Earthquake|p1a: Jellicent
|-damage|p1a: Jellicent|50/100 tox
|move|p1a: Jellicent|Recover|p1a: Jellicent
|-heal|p1a: Jellicent|100/100 tox
|
|-weather|Sandstorm|[upkeep]
|-damage|p1a: Jellicent|94/100 tox|[from] Sandstorm
|-heal|p2a: Excadrill|88/100 brn|[from] item: Leftovers
|-heal|p1a: Jellicent|100/100 tox|[from] item: Leftovers
|-damage|p2a: Excadrill|75/100 brn|[from] brn
|-damage|p1a: Jellicent|82/100 tox|[from] psn
|upkeep
|turn|21
|
|switch|p2a: Ditto|Ditto|88/100
|-damage|p2a: Ditto|76/100|[from] Spikes
|-transform|p2a: Ditto|p1a: Jellicent|[from] ability: Imposter
|switch|p1a: Skarmory|Skarmory, M|100/100
|-damage|p1a: Skarmory|88/100|[from] Stealth Rock
|
|-weather|Sandstorm|[upkeep]
|-damage|p2a: Ditto|70/100|[from] Sandstorm
|-heal|p1a: Skarmory|94/100|[from] item: Leftovers
|upkeep
|turn|22
|
|switch|p1a: Heatran|Heatran, F|100/100
|-damage|p1a: Heatran|88/100|[from] Stealth Rock
|-damage|p1a: Heatran|63/100|[from] Spikes
|move|p2a: Ditto|Will-O-Wisp|p1a: Heatran
|-start|p1a: Heatran|ability: Flash Fire
|
|-weather|Sandstorm|[upkeep]
|-damage|p2a: Ditto|64/100|[from] Sandstorm
|-heal|p1a: Heatran|69/100|[from] item: Leftovers
|upkeep
|turn|23
|
|switch|p2a: Slowbro|Slowbro, F|100/100
|-damage|p2a: Slowbro|88/100|[from] Spikes
|-end|p1a: Heatran|ability: Flash Fire|[silent]
|switch|p1a: Tyranitar|Tyranitar, F|72/100
|-damage|p1a: Tyranitar|47/100|[from] Spikes
|-damage|p1a: Tyranitar|35/100|[from] Stealth Rock
|
|-weather|Sandstorm|[upkeep]
|-damage|p2a: Slowbro|82/100|[from] Sandstorm
|-heal|p2a: Slowbro|88/100|[from] item: Leftovers
|upkeep
|turn|24
|
|move|p1a: Tyranitar|Stealth Rock|p2a: Slowbro
|-sidestart|p2: jailer steve|move: Stealth Rock
|move|p2a: Slowbro|Slack Off|p2a: Slowbro
|-heal|p2a: Slowbro|100/100
|
|-weather|Sandstorm|[upkeep]
|-damage|p2a: Slowbro|94/100|[from] Sandstorm
|-heal|p2a: Slowbro|100/100|[from] item: Leftovers
|upkeep
|turn|25
|
|switch|p1a: Jellicent|Jellicent, F, shiny|82/100 tox
|-damage|p1a: Jellicent|57/100 tox|[from] Spikes
|-damage|p1a: Jellicent|45/100 tox|[from] Stealth Rock
|move|p2a: Slowbro|Scald|p1a: Jellicent
|-heal|p1a: Jellicent|69/100 tox|[from] ability: Water Absorb|[of] p2a: Slowbro
|
|-weather|Sandstorm|[upkeep]
|-damage|p1a: Jellicent|63/100 tox|[from] Sandstorm
|-damage|p2a: Slowbro|94/100|[from] Sandstorm
|-heal|p1a: Jellicent|69/100 tox|[from] item: Leftovers
|-heal|p2a: Slowbro|100/100|[from] item: Leftovers
|-damage|p1a: Jellicent|63/100 tox|[from] psn
|upkeep
|turn|26
|
|switch|p2a: Chansey|Chansey, F|94/100
|-damage|p2a: Chansey|82/100|[from] Stealth Rock
|-damage|p2a: Chansey|70/100|[from] Spikes
|move|p1a: Jellicent|Will-O-Wisp|p2a: Chansey
|-status|p2a: Chansey|brn
|
|-weather|Sandstorm|[upkeep]
|-damage|p1a: Jellicent|57/100 tox|[from] Sandstorm
|-damage|p2a: Chansey|64/100 brn|[from] Sandstorm
|-heal|p1a: Jellicent|63/100 tox|[from] item: Leftovers
|-damage|p1a: Jellicent|51/100 tox|[from] psn
|-damage|p2a: Chansey|51/100 brn|[from] brn
|upkeep
|turn|27
|
|move|p1a: Jellicent|Recover|p1a: Jellicent
|-heal|p1a: Jellicent|100/100 tox
|move|p2a: Chansey|Soft-Boiled|p2a: Chansey
|-heal|p2a: Chansey|100/100 brn
|
|-weather|Sandstorm|[upkeep]
|-damage|p1a: Jellicent|94/100 tox|[from] Sandstorm
|-damage|p2a: Chansey|94/100 brn|[from] Sandstorm
|-heal|p1a: Jellicent|100/100 tox|[from] item: Leftovers
|-damage|p1a: Jellicent|82/100 tox|[from] psn
|-damage|p2a: Chansey|82/100 brn|[from] brn
|upkeep
|turn|28
|
|switch|p1a: Skarmory|Skarmory, M|94/100
|-damage|p1a: Skarmory|82/100|[from] Stealth Rock
|move|p2a: Chansey|Seismic Toss|p1a: Skarmory
|-damage|p1a: Skarmory|52/100
|
|-weather|Sandstorm|[upkeep]
|-damage|p2a: Chansey|76/100 brn|[from] Sandstorm
|-heal|p1a: Skarmory|58/100|[from] item: Leftovers
|-damage|p2a: Chansey|64/100 brn|[from] brn
|upkeep
|turn|29
|
|switch|p2a: Excadrill|Excadrill, F|75/100 brn
|-damage|p2a: Excadrill|63/100 brn|[from] Spikes
|-damage|p2a: Excadrill|60/100 brn|[from] Stealth Rock
|-ability|p2a: Excadrill|Mold Breaker
|move|p1a: Skarmory|Whirlwind|p2a: Excadrill
|drag|p2a: Scizor|Scizor, M|83/100
|-damage|p2a: Scizor|71/100|[from] Stealth Rock
|-damage|p2a: Scizor|59/100|[from] Spikes
|
|-weather|Sandstorm|[upkeep]
|-heal|p1a: Skarmory|64/100|[from] item: Leftovers
|-heal|p2a: Scizor|65/100|[from] item: Leftovers
|upkeep
|turn|30
|
|move|p2a: Scizor|Roost|p2a: Scizor
|-heal|p2a: Scizor|100/100
|-singleturn|p2a: Scizor|move: Roost
|move|p1a: Skarmory|Whirlwind|p2a: Scizor
|drag|p2a: Excadrill|Excadrill, F|60/100 brn
|-damage|p2a: Excadrill|57/100 brn|[from] Stealth Rock
|-damage|p2a: Excadrill|44/100 brn|[from] Spikes
|-ability|p2a: Excadrill|Mold Breaker
|
|-weather|Sandstorm|[upkeep]
|-heal|p2a: Excadrill|50/100 brn|[from] item: Leftovers
|-heal|p1a: Skarmory|70/100|[from] item: Leftovers
|-damage|p2a: Excadrill|38/100 brn|[from] brn
|upkeep
|turn|31
|
|switch|p1a: Tyranitar|Tyranitar, F|35/100
|-damage|p1a: Tyranitar|10/100|[from] Spikes
|-damage|p1a: Tyranitar|0 fnt|[from] Stealth Rock
|faint|p1a: Tyranitar
|move|p2a: Excadrill|Rapid Spin|p1: Tyranitar|[notarget]
|-fail|p2a: Excadrill
|
|-weather|Sandstorm|[upkeep]
|-heal|p2a: Excadrill|44/100 brn|[from] item: Leftovers
|-damage|p2a: Excadrill|32/100 brn|[from] brn
|upkeep
|
|switch|p1a: Gliscor|Gliscor, M|100/100 tox
|-damage|p1a: Gliscor|88/100 tox|[from] Stealth Rock
|turn|32
|
|switch|p2a: Scizor|Scizor, M|100/100
|-damage|p2a: Scizor|88/100|[from] Spikes
|-damage|p2a: Scizor|76/100|[from] Stealth Rock
|move|p1a: Gliscor|Earthquake|p2a: Scizor
|-damage|p2a: Scizor|43/100
|
|-weather|Sandstorm|[upkeep]
|-heal|p2a: Scizor|49/100|[from] item: Leftovers
|-heal|p1a: Gliscor|100/100 tox|[from] ability: Poison Heal
|upkeep
|turn|33
|
|switch|p1a: Heatran|Heatran, F|69/100
|-damage|p1a: Heatran|45/100|[from] Spikes
|-damage|p1a: Heatran|32/100|[from] Stealth Rock
|move|p2a: Scizor|Roost|p2a: Scizor
|-heal|p2a: Scizor|99/100
|-singleturn|p2a: Scizor|move: Roost
|
|-weather|Sandstorm|[upkeep]
|-heal|p1a: Heatran|38/100|[from] item: Leftovers
|-heal|p2a: Scizor|100/100|[from] item: Leftovers
|upkeep
|turn|34
|
|switch|p2a: Slowbro|Slowbro, F|100/100
|-damage|p2a: Slowbro|88/100|[from] Stealth Rock
|-damage|p2a: Slowbro|76/100|[from] Spikes
|move|p1a: Heatran|Substitute|p1a: Heatran
|-start|p1a: Heatran|Substitute
|-damage|p1a: Heatran|13/100
|
|-weather|Sandstorm|[upkeep]
|-damage|p2a: Slowbro|69/100|[from] Sandstorm
|-heal|p1a: Heatran|20/100|[from] item: Leftovers
|-heal|p2a: Slowbro|76/100|[from] item: Leftovers
|upkeep
|turn|35
|
|move|p1a: Heatran|Protect|p1a: Heatran
|-singleturn|p1a: Heatran|Protect
|move|p2a: Slowbro|Scald|p1a: Heatran
|-activate|p1a: Heatran|move: Protect
|
|-weather|Sandstorm|[upkeep]
|-damage|p2a: Slowbro|69/100|[from] Sandstorm
|-heal|p1a: Heatran|26/100|[from] item: Leftovers
|-heal|p2a: Slowbro|76/100|[from] item: Leftovers
|upkeep
|turn|36
|
|move|p1a: Heatran|Torment|p2a: Slowbro
|-start|p2a: Slowbro|Torment
|move|p2a: Slowbro|Scald|p1a: Heatran
|-supereffective|p1a: Heatran
|-end|p1a: Heatran|Substitute
|
|-weather|Sandstorm|[upkeep]
|-damage|p2a: Slowbro|69/100|[from] Sandstorm
|-heal|p1a: Heatran|32/100|[from] item: Leftovers
|-heal|p2a: Slowbro|76/100|[from] item: Leftovers
|upkeep
|turn|37
|
|move|p1a: Heatran|Substitute|p1a: Heatran
|-start|p1a: Heatran|Substitute
|-damage|p1a: Heatran|7/100
|move|p2a: Slowbro|Psychic|p1a: Heatran
|-resisted|p1a: Heatran
|-crit|p1a: Heatran
|-activate|p1a: Heatran|Substitute|[damage]
|
|-weather|Sandstorm|[upkeep]
|-damage|p2a: Slowbro|69/100|[from] Sandstorm
|-heal|p1a: Heatran|13/100|[from] item: Leftovers
|-heal|p2a: Slowbro|76/100|[from] item: Leftovers
|upkeep
|turn|38
|
|move|p1a: Heatran|Protect|p1a: Heatran
|-singleturn|p1a: Heatran|Protect
|move|p2a: Slowbro|Ice Beam|p1a: Heatran
|-activate|p1a: Heatran|move: Protect
|
|-weather|Sandstorm|[upkeep]
|-damage|p2a: Slowbro|69/100|[from] Sandstorm
|-heal|p1a: Heatran|20/100|[from] item: Leftovers
|-heal|p2a: Slowbro|76/100|[from] item: Leftovers
|upkeep
|turn|39
|
|move|p1a: Heatran|Protect|p1a: Heatran
|-singleturn|p1a: Heatran|Protect
|move|p2a: Slowbro|Scald|p1a: Heatran
|-activate|p1a: Heatran|move: Protect
|
|-weather|Sandstorm|[upkeep]
|-damage|p2a: Slowbro|69/100|[from] Sandstorm
|-heal|p1a: Heatran|26/100|[from] item: Leftovers
|-heal|p2a: Slowbro|76/100|[from] item: Leftovers
|upkeep
|turn|40
|
|move|p1a: Heatran|Lava Plume|p2a: Slowbro
|-resisted|p2a: Slowbro
|-damage|p2a: Slowbro|63/100
|move|p2a: Slowbro|Psychic|p1a: Heatran
|-resisted|p1a: Heatran
|-crit|p1a: Heatran
|-end|p1a: Heatran|Substitute
|
|-weather|Sandstorm|[upkeep]
|-damage|p2a: Slowbro|57/100|[from] Sandstorm
|-heal|p1a: Heatran|32/100|[from] item: Leftovers
|-heal|p2a: Slowbro|63/100|[from] item: Leftovers
|upkeep
|turn|41
|
|move|p1a: Heatran|Protect|p1a: Heatran
|-singleturn|p1a: Heatran|Protect
|move|p2a: Slowbro|Ice Beam|p1a: Heatran
|-activate|p1a: Heatran|move: Protect
|
|-weather|Sandstorm|[upkeep]
|-damage|p2a: Slowbro|57/100|[from] Sandstorm
|-heal|p1a: Heatran|38/100|[from] item: Leftovers
|-heal|p2a: Slowbro|63/100|[from] item: Leftovers
|upkeep
|turn|42
|
|move|p1a: Heatran|Substitute|p1a: Heatran
|-start|p1a: Heatran|Substitute
|-damage|p1a: Heatran|13/100
|move|p2a: Slowbro|Scald|p1a: Heatran
|-supereffective|p1a: Heatran
|-end|p1a: Heatran|Substitute
|
|-weather|Sandstorm|[upkeep]
|-damage|p2a: Slowbro|57/100|[from] Sandstorm
|-heal|p1a: Heatran|20/100|[from] item: Leftovers
|-heal|p2a: Slowbro|63/100|[from] item: Leftovers
|upkeep
|turn|43
|
|move|p1a: Heatran|Lava Plume|p2a: Slowbro
|-resisted|p2a: Slowbro
|-damage|p2a: Slowbro|51/100
|-status|p2a: Slowbro|brn
|move|p2a: Slowbro|Psychic|p1a: Heatran
|-resisted|p1a: Heatran
|-damage|p1a: Heatran|11/100
|
|-weather|Sandstorm|[upkeep]
|-damage|p2a: Slowbro|45/100 brn|[from] Sandstorm
|-heal|p1a: Heatran|17/100|[from] item: Leftovers
|-heal|p2a: Slowbro|51/100 brn|[from] item: Leftovers
|-damage|p2a: Slowbro|39/100 brn|[from] brn
|upkeep
|turn|44
|
|move|p1a: Heatran|Lava Plume|p2a: Slowbro
|-resisted|p2a: Slowbro
|-damage|p2a: Slowbro|25/100 brn
|move|p2a: Slowbro|Slack Off|p2a: Slowbro
|-heal|p2a: Slowbro|76/100 brn
|
|-weather|Sandstorm|[upkeep]
|-damage|p2a: Slowbro|69/100 brn|[from] Sandstorm
|-heal|p1a: Heatran|23/100|[from] item: Leftovers
|-heal|p2a: Slowbro|76/100 brn|[from] item: Leftovers
|-damage|p2a: Slowbro|63/100 brn|[from] brn
|upkeep
|turn|45
|
|move|p1a: Heatran|Protect|p1a: Heatran
|-singleturn|p1a: Heatran|Protect
|move|p2a: Slowbro|Scald|p1a: Heatran
|-activate|p1a: Heatran|move: Protect
|
|-weather|Sandstorm|[upkeep]
|-damage|p2a: Slowbro|57/100 brn|[from] Sandstorm
|-heal|p1a: Heatran|29/100|[from] item: Leftovers
|-heal|p2a: Slowbro|63/100 brn|[from] item: Leftovers
|-damage|p2a: Slowbro|51/100 brn|[from] brn
|upkeep
|turn|46
|
|move|p1a: Heatran|Substitute|p1a: Heatran
|-start|p1a: Heatran|Substitute
|-damage|p1a: Heatran|4/100
|move|p2a: Slowbro|Slack Off|p2a: Slowbro
|-heal|p2a: Slowbro|100/100 brn
|
|-weather|Sandstorm|[upkeep]
|-damage|p2a: Slowbro|94/100 brn|[from] Sandstorm
|-heal|p1a: Heatran|11/100|[from] item: Leftovers
|-heal|p2a: Slowbro|100/100 brn|[from] item: Leftovers
|-damage|p2a: Slowbro|88/100 brn|[from] brn
|upkeep
|turn|47
|
|move|p1a: Heatran|Lava Plume|p2a: Slowbro
|-resisted|p2a: Slowbro
|-damage|p2a: Slowbro|75/100 brn
|move|p2a: Slowbro|Psychic|p1a: Heatran
|-resisted|p1a: Heatran
|-activate|p1a: Heatran|Substitute|[damage]
|
|-weather|Sandstorm|[upkeep]
|-damage|p2a: Slowbro|69/100 brn|[from] Sandstorm
|-heal|p1a: Heatran|17/100|[from] item: Leftovers
|-heal|p2a: Slowbro|75/100 brn|[from] item: Leftovers
|-damage|p2a: Slowbro|62/100 brn|[from] brn
|upkeep
|turn|48
|
|move|p1a: Heatran|Lava Plume|p2a: Slowbro
|-resisted|p2a: Slowbro
|-damage|p2a: Slowbro|49/100 brn
|move|p2a: Slowbro|Ice Beam|p1a: Heatran
|-resisted|p1a: Heatran
|-activate|p1a: Heatran|Substitute|[damage]
|
|-weather|Sandstorm|[upkeep]
|-damage|p2a: Slowbro|43/100 brn|[from] Sandstorm
|-heal|p1a: Heatran|23/100|[from] item: Leftovers
|-heal|p2a: Slowbro|49/100 brn|[from] item: Leftovers
|-damage|p2a: Slowbro|37/100 brn|[from] brn
|upkeep
|turn|49
|
|move|p1a: Heatran|Lava Plume|p2a: Slowbro
|-resisted|p2a: Slowbro
|-damage|p2a: Slowbro|24/100 brn
|move|p2a: Slowbro|Slack Off|p2a: Slowbro
|-heal|p2a: Slowbro|74/100 brn
|
|-weather|Sandstorm|[upkeep]
|-damage|p2a: Slowbro|68/100 brn|[from] Sandstorm
|-heal|p1a: Heatran|29/100|[from] item: Leftovers
|-heal|p2a: Slowbro|74/100 brn|[from] item: Leftovers
|-damage|p2a: Slowbro|61/100 brn|[from] brn
|upkeep
|turn|50
|
|move|p1a: Heatran|Protect|p1a: Heatran
|-singleturn|p1a: Heatran|Protect
|move|p2a: Slowbro|Psychic|p1a: Heatran
|-activate|p1a: Heatran|move: Protect
|
|-weather|Sandstorm|[upkeep]
|-damage|p2a: Slowbro|55/100 brn|[from] Sandstorm
|-heal|p1a: Heatran|35/100|[from] item: Leftovers
|-heal|p2a: Slowbro|61/100 brn|[from] item: Leftovers
|-damage|p2a: Slowbro|49/100 brn|[from] brn
|upkeep
|turn|51
|
|move|p1a: Heatran|Protect|p1a: Heatran
|-singleturn|p1a: Heatran|Protect
|move|p2a: Slowbro|Slack Off|p2a: Slowbro
|-heal|p2a: Slowbro|99/100 brn
|
|-weather|Sandstorm|[upkeep]
|-damage|p2a: Slowbro|93/100 brn|[from] Sandstorm
|-heal|p1a: Heatran|42/100|[from] item: Leftovers
|-heal|p2a: Slowbro|99/100 brn|[from] item: Leftovers
|-damage|p2a: Slowbro|87/100 brn|[from] brn
|upkeep
|turn|52
|
|move|p1a: Heatran|Lava Plume|p2a: Slowbro
|-resisted|p2a: Slowbro
|-damage|p2a: Slowbro|74/100 brn
|move|p2a: Slowbro|Scald|p1a: Heatran
|-supereffective|p1a: Heatran
|-end|p1a: Heatran|Substitute
|
|-weather|Sandstorm|[upkeep]
|-damage|p2a: Slowbro|68/100 brn|[from] Sandstorm
|-heal|p1a: Heatran|48/100|[from] item: Leftovers
|-heal|p2a: Slowbro|74/100 brn|[from] item: Leftovers
|-damage|p2a: Slowbro|61/100 brn|[from] brn
|upkeep
|turn|53
|
|move|p1a: Heatran|Substitute|p1a: Heatran
|-start|p1a: Heatran|Substitute
|-damage|p1a: Heatran|23/100
|move|p2a: Slowbro|Psychic|p1a: Heatran
|-resisted|p1a: Heatran
|-activate|p1a: Heatran|Substitute|[damage]
|
|-weather|Sandstorm|[upkeep]
|-damage|p2a: Slowbro|55/100 brn|[from] Sandstorm
|-heal|p1a: Heatran|29/100|[from] item: Leftovers
|-heal|p2a: Slowbro|61/100 brn|[from] item: Leftovers
|-damage|p2a: Slowbro|49/100 brn|[from] brn
|upkeep
|turn|54
|
|move|p1a: Heatran|Lava Plume|p2a: Slowbro
|-resisted|p2a: Slowbro
|-damage|p2a: Slowbro|36/100 brn
|move|p2a: Slowbro|Slack Off|p2a: Slowbro
|-heal|p2a: Slowbro|86/100 brn
|
|-weather|Sandstorm|[upkeep]
|-damage|p2a: Slowbro|80/100 brn|[from] Sandstorm
|-heal|p1a: Heatran|35/100|[from] item: Leftovers
|-heal|p2a: Slowbro|86/100 brn|[from] item: Leftovers
|-damage|p2a: Slowbro|74/100 brn|[from] brn
|upkeep
|turn|55
|
|move|p1a: Heatran|Lava Plume|p2a: Slowbro
|-resisted|p2a: Slowbro
|-damage|p2a: Slowbro|61/100 brn
|move|p2a: Slowbro|Ice Beam|p1a: Heatran
|-resisted|p1a: Heatran
|-activate|p1a: Heatran|Substitute|[damage]
|
|-weather|Sandstorm|[upkeep]
|-damage|p2a: Slowbro|55/100 brn|[from] Sandstorm
|-heal|p1a: Heatran|42/100|[from] item: Leftovers
|-heal|p2a: Slowbro|61/100 brn|[from] item: Leftovers
|-damage|p2a: Slowbro|49/100 brn|[from] brn
|upkeep
|turn|56
|
|move|p1a: Heatran|Lava Plume|p2a: Slowbro
|-resisted|p2a: Slowbro
|-damage|p2a: Slowbro|36/100 brn
|move|p2a: Slowbro|Psychic|p1a: Heatran
|-resisted|p1a: Heatran
|-activate|p1a: Heatran|Substitute|[damage]
|
|-weather|Sandstorm|[upkeep]
|-damage|p2a: Slowbro|30/100 brn|[from] Sandstorm
|-heal|p1a: Heatran|48/100|[from] item: Leftovers
|-heal|p2a: Slowbro|36/100 brn|[from] item: Leftovers
|-damage|p2a: Slowbro|24/100 brn|[from] brn
|upkeep
|turn|57
|j| Chiichen
|
|move|p1a: Heatran|Lava Plume|p2a: Slowbro
|-resisted|p2a: Slowbro
|-damage|p2a: Slowbro|12/100 brn
|move|p2a: Slowbro|Slack Off|p2a: Slowbro
|-heal|p2a: Slowbro|62/100 brn
|
|-weather|Sandstorm|[upkeep]
|-damage|p2a: Slowbro|56/100 brn|[from] Sandstorm
|-heal|p1a: Heatran|54/100|[from] item: Leftovers
|-heal|p2a: Slowbro|62/100 brn|[from] item: Leftovers
|-damage|p2a: Slowbro|50/100 brn|[from] brn
|upkeep
|turn|58
|
|move|p1a: Heatran|Lava Plume|p2a: Slowbro
|-resisted|p2a: Slowbro
|-damage|p2a: Slowbro|38/100 brn
|move|p2a: Slowbro|Psychic|p1a: Heatran
|-resisted|p1a: Heatran
|-end|p1a: Heatran|Substitute
|
|-weather|Sandstorm|[upkeep]
|-damage|p2a: Slowbro|32/100 brn|[from] Sandstorm
|-heal|p1a: Heatran|60/100|[from] item: Leftovers
|-heal|p2a: Slowbro|38/100 brn|[from] item: Leftovers
|-damage|p2a: Slowbro|25/100 brn|[from] brn
|upkeep
|turn|59
|l| Chiichen
|
|move|p1a: Heatran|Lava Plume|p2a: Slowbro
|-resisted|p2a: Slowbro
|-damage|p2a: Slowbro|12/100 brn
|move|p2a: Slowbro|Slack Off|p2a: Slowbro
|-heal|p2a: Slowbro|62/100 brn
|
|-weather|Sandstorm|[upkeep]
|-damage|p2a: Slowbro|56/100 brn|[from] Sandstorm
|-heal|p1a: Heatran|67/100|[from] item: Leftovers
|-heal|p2a: Slowbro|62/100 brn|[from] item: Leftovers
|-damage|p2a: Slowbro|49/100 brn|[from] brn
|upkeep
|turn|60
|
|move|p1a: Heatran|Protect|p1a: Heatran
|-singleturn|p1a: Heatran|Protect
|move|p2a: Slowbro|Scald|p1a: Heatran
|-activate|p1a: Heatran|move: Protect
|
|-weather|Sandstorm|[upkeep]
|-damage|p2a: Slowbro|43/100 brn|[from] Sandstorm
|-heal|p1a: Heatran|73/100|[from] item: Leftovers
|-heal|p2a: Slowbro|49/100 brn|[from] item: Leftovers
|-damage|p2a: Slowbro|37/100 brn|[from] brn
|upkeep
|turn|61
|
|move|p1a: Heatran|Lava Plume|p2a: Slowbro
|-resisted|p2a: Slowbro
|-damage|p2a: Slowbro|25/100 brn
|move|p2a: Slowbro|Slack Off|p2a: Slowbro
|-heal|p2a: Slowbro|75/100 brn
|
|-weather|Sandstorm|[upkeep]
|-damage|p2a: Slowbro|69/100 brn|[from] Sandstorm
|-heal|p1a: Heatran|79/100|[from] item: Leftovers
|-heal|p2a: Slowbro|75/100 brn|[from] item: Leftovers
|-damage|p2a: Slowbro|63/100 brn|[from] brn
|upkeep
|turn|62
|
|move|p1a: Heatran|Substitute|p1a: Heatran
|-start|p1a: Heatran|Substitute
|-damage|p1a: Heatran|54/100
|move|p2a: Slowbro|Scald|p1a: Heatran
|-supereffective|p1a: Heatran
|-end|p1a: Heatran|Substitute
|
|-weather|Sandstorm|[upkeep]
|-damage|p2a: Slowbro|57/100 brn|[from] Sandstorm
|-heal|p1a: Heatran|60/100|[from] item: Leftovers
|-heal|p2a: Slowbro|63/100 brn|[from] item: Leftovers
|-damage|p2a: Slowbro|50/100 brn|[from] brn
|upkeep
|turn|63
|
|move|p1a: Heatran|Substitute|p1a: Heatran
|-start|p1a: Heatran|Substitute
|-damage|p1a: Heatran|35/100
|move|p2a: Slowbro|Slack Off|p2a: Slowbro
|-heal|p2a: Slowbro|100/100 brn
|
|-weather|Sandstorm|[upkeep]
|-damage|p2a: Slowbro|94/100 brn|[from] Sandstorm
|-heal|p1a: Heatran|42/100|[from] item: Leftovers
|-heal|p2a: Slowbro|100/100 brn|[from] item: Leftovers
|-damage|p2a: Slowbro|88/100 brn|[from] brn
|upkeep
|turn|64
|
|move|p1a: Heatran|Protect|p1a: Heatran
|-singleturn|p1a: Heatran|Protect
|move|p2a: Slowbro|Scald|p1a: Heatran
|-activate|p1a: Heatran|move: Protect
|
|-weather|Sandstorm|[upkeep]
|-damage|p2a: Slowbro|82/100 brn|[from] Sandstorm
|-heal|p1a: Heatran|48/100|[from] item: Leftovers
|-heal|p2a: Slowbro|88/100 brn|[from] item: Leftovers
|-damage|p2a: Slowbro|76/100 brn|[from] brn
|upkeep
|turn|65
|
|move|p1a: Heatran|Lava Plume|p2a: Slowbro
|-resisted|p2a: Slowbro
|-damage|p2a: Slowbro|63/100 brn
|move|p2a: Slowbro|Psychic|p1a: Heatran
|-resisted|p1a: Heatran
|-activate|p1a: Heatran|Substitute|[damage]
|
|-weather|Sandstorm|[upkeep]
|-damage|p2a: Slowbro|57/100 brn|[from] Sandstorm
|-heal|p1a: Heatran|54/100|[from] item: Leftovers
|-heal|p2a: Slowbro|63/100 brn|[from] item: Leftovers
|-damage|p2a: Slowbro|50/100 brn|[from] brn
|upkeep
|turn|66
|
|move|p1a: Heatran|Lava Plume|p2a: Slowbro
|-resisted|p2a: Slowbro
|-crit|p2a: Slowbro
|-damage|p2a: Slowbro|26/100 brn
|move|p2a: Slowbro|Slack Off|p2a: Slowbro
|-heal|p2a: Slowbro|76/100 brn
|
|-weather|Sandstorm|[upkeep]
|-damage|p2a: Slowbro|70/100 brn|[from] Sandstorm
|-heal|p1a: Heatran|60/100|[from] item: Leftovers
|-heal|p2a: Slowbro|76/100 brn|[from] item: Leftovers
|-damage|p2a: Slowbro|64/100 brn|[from] brn
|upkeep
|turn|67
|
|move|p1a: Heatran|Protect|p1a: Heatran
|-singleturn|p1a: Heatran|Protect
|move|p2a: Slowbro|Scald|p1a: Heatran
|-activate|p1a: Heatran|move: Protect
|
|-weather|Sandstorm|[upkeep]
|-damage|p2a: Slowbro|57/100 brn|[from] Sandstorm
|-heal|p1a: Heatran|67/100|[from] item: Leftovers
|-heal|p2a: Slowbro|64/100 brn|[from] item: Leftovers
|-damage|p2a: Slowbro|51/100 brn|[from] brn
|upkeep
|turn|68
|
|move|p1a: Heatran|Lava Plume|p2a: Slowbro
|-resisted|p2a: Slowbro
|-damage|p2a: Slowbro|39/100 brn
|move|p2a: Slowbro|Slack Off|p2a: Slowbro
|-heal|p2a: Slowbro|89/100 brn
|
|-weather|Sandstorm|[upkeep]
|-damage|p2a: Slowbro|83/100 brn|[from] Sandstorm
|-heal|p1a: Heatran|73/100|[from] item: Leftovers
|-heal|p2a: Slowbro|89/100 brn|[from] item: Leftovers
|-damage|p2a: Slowbro|77/100 brn|[from] brn
|upkeep
|turn|69
|
|move|p1a: Heatran|Torment||[still]
|-fail|p1a: Heatran
|move|p2a: Slowbro|Scald|p1a: Heatran
|-supereffective|p1a: Heatran
|-end|p1a: Heatran|Substitute
|
|-weather|Sandstorm|[upkeep]
|-damage|p2a: Slowbro|71/100 brn|[from] Sandstorm
|-heal|p1a: Heatran|79/100|[from] item: Leftovers
|-heal|p2a: Slowbro|77/100 brn|[from] item: Leftovers
|-damage|p2a: Slowbro|64/100 brn|[from] brn
|upkeep
|turn|70
|
|move|p1a: Heatran|Substitute|p1a: Heatran
|-start|p1a: Heatran|Substitute
|-damage|p1a: Heatran|54/100
|move|p2a: Slowbro|Psychic|p1a: Heatran
|-resisted|p1a: Heatran
|-activate|p1a: Heatran|Substitute|[damage]
|
|-weather|Sandstorm|[upkeep]
|-damage|p2a: Slowbro|58/100 brn|[from] Sandstorm
|-heal|p1a: Heatran|60/100|[from] item: Leftovers
|-heal|p2a: Slowbro|64/100 brn|[from] item: Leftovers
|-damage|p2a: Slowbro|52/100 brn|[from] brn
|upkeep
|turn|71
|
|move|p1a: Heatran|Protect|p1a: Heatran
|-singleturn|p1a: Heatran|Protect
|move|p2a: Slowbro|Scald|p1a: Heatran
|-activate|p1a: Heatran|move: Protect
|
|-weather|Sandstorm|[upkeep]
|-damage|p2a: Slowbro|46/100 brn|[from] Sandstorm
|-heal|p1a: Heatran|67/100|[from] item: Leftovers
|-heal|p2a: Slowbro|52/100 brn|[from] item: Leftovers
|-damage|p2a: Slowbro|39/100 brn|[from] brn
|upkeep
|turn|72
|
|move|p1a: Heatran|Lava Plume|p2a: Slowbro
|-resisted|p2a: Slowbro
|-damage|p2a: Slowbro|26/100 brn
|move|p2a: Slowbro|Slack Off|p2a: Slowbro
|-heal|p2a: Slowbro|77/100 brn
|
|-weather|Sandstorm|[upkeep]
|-damage|p2a: Slowbro|70/100 brn|[from] Sandstorm
|-heal|p1a: Heatran|73/100|[from] item: Leftovers
|-heal|p2a: Slowbro|77/100 brn|[from] item: Leftovers
|-damage|p2a: Slowbro|64/100 brn|[from] brn
|upkeep
|turn|73
|
|move|p1a: Heatran|Torment||[still]
|-fail|p1a: Heatran
|move|p2a: Slowbro|Scald|p1a: Heatran
|-supereffective|p1a: Heatran
|-end|p1a: Heatran|Substitute
|
|-weather|Sandstorm|[upkeep]
|-damage|p2a: Slowbro|58/100 brn|[from] Sandstorm
|-heal|p1a: Heatran|79/100|[from] item: Leftovers
|-heal|p2a: Slowbro|64/100 brn|[from] item: Leftovers
|-damage|p2a: Slowbro|52/100 brn|[from] brn
|upkeep
|turn|74
|
|move|p1a: Heatran|Substitute|p1a: Heatran
|-start|p1a: Heatran|Substitute
|-damage|p1a: Heatran|54/100
|move|p2a: Slowbro|Slack Off|p2a: Slowbro
|-heal|p2a: Slowbro|100/100 brn
|
|-weather|Sandstorm|[upkeep]
|-damage|p2a: Slowbro|94/100 brn|[from] Sandstorm
|-heal|p1a: Heatran|60/100|[from] item: Leftovers
|-heal|p2a: Slowbro|100/100 brn|[from] item: Leftovers
|-damage|p2a: Slowbro|88/100 brn|[from] brn
|upkeep
|turn|75
|
|move|p1a: Heatran|Protect|p1a: Heatran
|-singleturn|p1a: Heatran|Protect
|move|p2a: Slowbro|Scald|p1a: Heatran
|-activate|p1a: Heatran|move: Protect
|
|-weather|Sandstorm|[upkeep]
|-damage|p2a: Slowbro|82/100 brn|[from] Sandstorm
|-heal|p1a: Heatran|67/100|[from] item: Leftovers
|-heal|p2a: Slowbro|88/100 brn|[from] item: Leftovers
|-damage|p2a: Slowbro|76/100 brn|[from] brn
|upkeep
|turn|76
|
|move|p1a: Heatran|Torment||[still]
|-fail|p1a: Heatran
|move|p2a: Slowbro|Psychic|p1a: Heatran
|-resisted|p1a: Heatran
|-activate|p1a: Heatran|Substitute|[damage]
|
|-weather|Sandstorm|[upkeep]
|-damage|p2a: Slowbro|69/100 brn|[from] Sandstorm
|-heal|p1a: Heatran|73/100|[from] item: Leftovers
|-heal|p2a: Slowbro|76/100 brn|[from] item: Leftovers
|-damage|p2a: Slowbro|63/100 brn|[from] brn
|upkeep
|turn|77
|
|move|p1a: Heatran|Protect|p1a: Heatran
|-singleturn|p1a: Heatran|Protect
|move|p2a: Slowbro|Scald|p1a: Heatran
|-activate|p1a: Heatran|move: Protect
|
|-weather|Sandstorm|[upkeep]
|-damage|p2a: Slowbro|57/100 brn|[from] Sandstorm
|-heal|p1a: Heatran|79/100|[from] item: Leftovers
|-heal|p2a: Slowbro|63/100 brn|[from] item: Leftovers
|-damage|p2a: Slowbro|51/100 brn|[from] brn
|upkeep
|turn|78
|
|move|p1a: Heatran|Torment||[still]
|-fail|p1a: Heatran
|move|p2a: Slowbro|Slack Off|p2a: Slowbro
|-heal|p2a: Slowbro|100/100 brn
|
|-weather|Sandstorm|[upkeep]
|-damage|p2a: Slowbro|94/100 brn|[from] Sandstorm
|-heal|p1a: Heatran|85/100|[from] item: Leftovers
|-heal|p2a: Slowbro|100/100 brn|[from] item: Leftovers
|-damage|p2a: Slowbro|88/100 brn|[from] brn
|upkeep
|turn|79
|
|move|p1a: Heatran|Torment||[still]
|-fail|p1a: Heatran
|move|p2a: Slowbro|Scald|p1a: Heatran
|-supereffective|p1a: Heatran
|-end|p1a: Heatran|Substitute
|
|-weather|Sandstorm|[upkeep]
|-damage|p2a: Slowbro|82/100 brn|[from] Sandstorm
|-heal|p1a: Heatran|91/100|[from] item: Leftovers
|-heal|p2a: Slowbro|88/100 brn|[from] item: Leftovers
|-damage|p2a: Slowbro|76/100 brn|[from] brn
|upkeep
|turn|80
|
|move|p1a: Heatran|Substitute|p1a: Heatran
|-start|p1a: Heatran|Substitute
|-damage|p1a: Heatran|67/100
|move|p2a: Slowbro|Ice Beam|p1a: Heatran
|-resisted|p1a: Heatran
|-activate|p1a: Heatran|Substitute|[damage]
|
|-weather|Sandstorm|[upkeep]
|-damage|p2a: Slowbro|69/100 brn|[from] Sandstorm
|-heal|p1a: Heatran|73/100|[from] item: Leftovers
|-heal|p2a: Slowbro|76/100 brn|[from] item: Leftovers
|-damage|p2a: Slowbro|63/100 brn|[from] brn
|upkeep
|turn|81
|
|move|p1a: Heatran|Protect|p1a: Heatran
|-singleturn|p1a: Heatran|Protect
|move|p2a: Slowbro|Scald|p1a: Heatran
|-activate|p1a: Heatran|move: Protect
|
|-weather|Sandstorm|[upkeep]
|-damage|p2a: Slowbro|57/100 brn|[from] Sandstorm
|-heal|p1a: Heatran|79/100|[from] item: Leftovers
|-heal|p2a: Slowbro|63/100 brn|[from] item: Leftovers
|-damage|p2a: Slowbro|51/100 brn|[from] brn
|upkeep
|turn|82
|
|move|p1a: Heatran|Torment||[still]
|-fail|p1a: Heatran
|move|p2a: Slowbro|Slack Off|p2a: Slowbro
|-heal|p2a: Slowbro|100/100 brn
|
|-weather|Sandstorm|[upkeep]
|-damage|p2a: Slowbro|94/100 brn|[from] Sandstorm
|-heal|p1a: Heatran|85/100|[from] item: Leftovers
|-heal|p2a: Slowbro|100/100 brn|[from] item: Leftovers
|-damage|p2a: Slowbro|88/100 brn|[from] brn
|upkeep
|turn|83
|
|move|p1a: Heatran|Torment||[still]
|-fail|p1a: Heatran
|move|p2a: Slowbro|Scald|p1a: Heatran
|-supereffective|p1a: Heatran
|-end|p1a: Heatran|Substitute
|
|-weather|Sandstorm|[upkeep]
|-damage|p2a: Slowbro|82/100 brn|[from] Sandstorm
|-heal|p1a: Heatran|91/100|[from] item: Leftovers
|-heal|p2a: Slowbro|88/100 brn|[from] item: Leftovers
|-damage|p2a: Slowbro|76/100 brn|[from] brn
|upkeep
|turn|84
|
|switch|p2a: Chansey|Chansey, F|64/100
|-damage|p2a: Chansey|51/100|[from] Spikes
|-damage|p2a: Chansey|39/100|[from] Stealth Rock
|move|p1a: Heatran|Substitute|p1a: Heatran
|-start|p1a: Heatran|Substitute
|-damage|p1a: Heatran|67/100
|
|-weather|Sandstorm|[upkeep]
|-damage|p2a: Chansey|33/100|[from] Sandstorm
|-heal|p1a: Heatran|73/100|[from] item: Leftovers
|upkeep
|turn|85
|
|move|p1a: Heatran|Torment|p2a: Chansey
|-start|p2a: Chansey|Torment
|move|p2a: Chansey|Soft-Boiled|p2a: Chansey
|-heal|p2a: Chansey|83/100
|
|-weather|Sandstorm|[upkeep]
|-damage|p2a: Chansey|77/100|[from] Sandstorm
|-heal|p1a: Heatran|79/100|[from] item: Leftovers
|upkeep
|turn|86
|
|move|p1a: Heatran|Lava Plume|p2a: Chansey
|-damage|p2a: Chansey|66/100
|move|p2a: Chansey|Seismic Toss|p1a: Heatran
|-end|p1a: Heatran|Substitute
|
|-weather|Sandstorm|[upkeep]
|-damage|p2a: Chansey|60/100|[from] Sandstorm
|-heal|p1a: Heatran|85/100|[from] item: Leftovers
|upkeep
|turn|87
|
|move|p1a: Heatran|Substitute|p1a: Heatran
|-start|p1a: Heatran|Substitute
|-damage|p1a: Heatran|60/100
|move|p2a: Chansey|Soft-Boiled|p2a: Chansey
|-heal|p2a: Chansey|100/100
|
|-weather|Sandstorm|[upkeep]
|-damage|p2a: Chansey|94/100|[from] Sandstorm
|-heal|p1a: Heatran|67/100|[from] item: Leftovers
|upkeep
|turn|88
|
|move|p1a: Heatran|Protect|p1a: Heatran
|-singleturn|p1a: Heatran|Protect
|move|p2a: Chansey|Seismic Toss|p1a: Heatran
|-activate|p1a: Heatran|move: Protect
|
|-weather|Sandstorm|[upkeep]
|-damage|p2a: Chansey|88/100|[from] Sandstorm
|-heal|p1a: Heatran|73/100|[from] item: Leftovers
|upkeep
|turn|89
|
|move|p1a: Heatran|Lava Plume|p2a: Chansey
|-damage|p2a: Chansey|77/100
|move|p2a: Chansey|Toxic||[still]
|-fail|p2a: Chansey
|
|-weather|Sandstorm|[upkeep]
|-damage|p2a: Chansey|70/100|[from] Sandstorm
|-heal|p1a: Heatran|79/100|[from] item: Leftovers
|upkeep
|turn|90
|
|move|p1a: Heatran|Protect|p1a: Heatran
|-singleturn|p1a: Heatran|Protect
|move|p2a: Chansey|Soft-Boiled|p2a: Chansey
|-heal|p2a: Chansey|100/100
|
|-weather|Sandstorm|[upkeep]
|-damage|p2a: Chansey|94/100|[from] Sandstorm
|-heal|p1a: Heatran|85/100|[from] item: Leftovers
|upkeep
|turn|91
|
|move|p1a: Heatran|Lava Plume|p2a: Chansey
|-crit|p2a: Chansey
|-damage|p2a: Chansey|74/100
|-status|p2a: Chansey|brn
|move|p2a: Chansey|Seismic Toss|p1a: Heatran
|-end|p1a: Heatran|Substitute
|
|-weather|Sandstorm|[upkeep]
|-damage|p2a: Chansey|68/100 brn|[from] Sandstorm
|-heal|p1a: Heatran|91/100|[from] item: Leftovers
|-damage|p2a: Chansey|56/100 brn|[from] brn
|upkeep
|turn|92
|
|switch|p1a: Skarmory|Skarmory, M|70/100
|-damage|p1a: Skarmory|58/100|[from] Stealth Rock
|move|p2a: Chansey|Soft-Boiled|p2a: Chansey
|-heal|p2a: Chansey|100/100 brn
|
|-weather|Sandstorm|[upkeep]
|-damage|p2a: Chansey|94/100 brn|[from] Sandstorm
|-heal|p1a: Skarmory|64/100|[from] item: Leftovers
|-damage|p2a: Chansey|82/100 brn|[from] brn
|upkeep
|turn|93
|
|-curestatus|p2a: Chansey|brn|[from] ability: Natural Cure
|switch|p2a: Slowbro|Slowbro, F|100/100 brn
|-damage|p2a: Slowbro|88/100 brn|[from] Spikes
|-damage|p2a: Slowbro|76/100 brn|[from] Stealth Rock
|move|p1a: Skarmory|Spikes|p2a: Slowbro
|-sidestart|p2: jailer steve|Spikes
|
|-weather|Sandstorm|[upkeep]
|-damage|p2a: Slowbro|69/100 brn|[from] Sandstorm
|-heal|p1a: Skarmory|70/100|[from] item: Leftovers
|-heal|p2a: Slowbro|76/100 brn|[from] item: Leftovers
|-damage|p2a: Slowbro|63/100 brn|[from] brn
|upkeep
|turn|94
|
|move|p1a: Skarmory|Spikes|p2a: Slowbro
|-sidestart|p2: jailer steve|Spikes
|move|p2a: Slowbro|Scald|p1a: Skarmory
|-damage|p1a: Skarmory|30/100
|-status|p1a: Skarmory|brn
|
|-weather|Sandstorm|[upkeep]
|-damage|p2a: Slowbro|57/100 brn|[from] Sandstorm
|-heal|p1a: Skarmory|36/100 brn|[from] item: Leftovers
|-heal|p2a: Slowbro|63/100 brn|[from] item: Leftovers
|-damage|p1a: Skarmory|24/100 brn|[from] brn
|-damage|p2a: Slowbro|51/100 brn|[from] brn
|upkeep
|turn|95
|
|move|p1a: Skarmory|Roost|p1a: Skarmory
|-heal|p1a: Skarmory|74/100 brn
|-singleturn|p1a: Skarmory|move: Roost
|move|p2a: Slowbro|Psychic|p1a: Skarmory
|-resisted|p1a: Skarmory
|-damage|p1a: Skarmory|51/100 brn
|
|-weather|Sandstorm|[upkeep]
|-damage|p2a: Slowbro|45/100 brn|[from] Sandstorm
|-heal|p1a: Skarmory|57/100 brn|[from] item: Leftovers
|-heal|p2a: Slowbro|51/100 brn|[from] item: Leftovers
|-damage|p1a: Skarmory|44/100 brn|[from] brn
|-damage|p2a: Slowbro|38/100 brn|[from] brn
|upkeep
|turn|96
|
|move|p1a: Skarmory|Roost|p1a: Skarmory
|-heal|p1a: Skarmory|94/100 brn
|-singleturn|p1a: Skarmory|move: Roost
|move|p2a: Slowbro|Psychic|p1a: Skarmory
|-resisted|p1a: Skarmory
|-damage|p1a: Skarmory|72/100 brn
|
|-weather|Sandstorm|[upkeep]
|-damage|p2a: Slowbro|32/100 brn|[from] Sandstorm
|-heal|p1a: Skarmory|78/100 brn|[from] item: Leftovers
|-heal|p2a: Slowbro|38/100 brn|[from] item: Leftovers
|-damage|p1a: Skarmory|66/100 brn|[from] brn
|-damage|p2a: Slowbro|26/100 brn|[from] brn
|upkeep
|turn|97
|
|switch|p2a: Ditto|Ditto|64/100
|-damage|p2a: Ditto|51/100|[from] Stealth Rock
|-damage|p2a: Ditto|27/100|[from] Spikes
|-transform|p2a: Ditto|p1a: Skarmory|[from] ability: Imposter
|move|p1a: Skarmory|Roost|p1a: Skarmory
|-heal|p1a: Skarmory|100/100 brn
|-singleturn|p1a: Skarmory|move: Roost
|
|-weather|Sandstorm|[upkeep]
|-damage|p1a: Skarmory|88/100 brn|[from] brn
|upkeep
|turn|98
|
|move|p2a: Ditto|Roost|p2a: Ditto
|-heal|p2a: Ditto|77/100
|-singleturn|p2a: Ditto|move: Roost
|move|p1a: Skarmory|Whirlwind|p2a: Ditto
|drag|p2a: Excadrill|Excadrill, F|32/100 brn
|-damage|p2a: Excadrill|7/100 brn|[from] Spikes
|-damage|p2a: Excadrill|4/100 brn|[from] Stealth Rock
|-ability|p2a: Excadrill|Mold Breaker
|
|-weather|Sandstorm|[upkeep]
|-heal|p2a: Excadrill|10/100 brn|[from] item: Leftovers
|-heal|p1a: Skarmory|94/100 brn|[from] item: Leftovers
|-damage|p2a: Excadrill|0 fnt|[from] brn
|faint|p2a: Excadrill
|-damage|p1a: Skarmory|82/100 brn|[from] brn
|upkeep
|
|switch|p2a: Slowbro|Slowbro, F|59/100 brn
|-damage|p2a: Slowbro|47/100 brn|[from] Stealth Rock
|-damage|p2a: Slowbro|22/100 brn|[from] Spikes
|turn|99
|
|move|p2a: Slowbro|Scald|p1a: Skarmory
|-damage|p1a: Skarmory|46/100 brn
|move|p1a: Skarmory|Whirlwind|p2a: Slowbro
|drag|p2a: Scizor|Scizor, M|100/100
|-damage|p2a: Scizor|88/100|[from] Stealth Rock
|-damage|p2a: Scizor|63/100|[from] Spikes
|
|-weather|Sandstorm|[upkeep]
|-heal|p1a: Skarmory|52/100 brn|[from] item: Leftovers
|-heal|p2a: Scizor|70/100|[from] item: Leftovers
|-damage|p1a: Skarmory|40/100 brn|[from] brn
|upkeep
|turn|100
|
|move|p2a: Scizor|Bullet Punch|p1a: Skarmory
|-resisted|p1a: Skarmory
|-damage|p1a: Skarmory|33/100 brn
|move|p1a: Skarmory|Roost|p1a: Skarmory
|-heal|p1a: Skarmory|83/100 brn
|-singleturn|p1a: Skarmory|move: Roost
|
|-weather|Sandstorm|[upkeep]
|-heal|p1a: Skarmory|89/100 brn|[from] item: Leftovers
|-heal|p2a: Scizor|76/100|[from] item: Leftovers
|-damage|p1a: Skarmory|76/100 brn|[from] brn
|upkeep
|turn|101
|
|move|p2a: Scizor|Bullet Punch|p1a: Skarmory
|-resisted|p1a: Skarmory
|-damage|p1a: Skarmory|68/100 brn
|move|p1a: Skarmory|Roost|p1a: Skarmory
|-heal|p1a: Skarmory|100/100 brn
|-singleturn|p1a: Skarmory|move: Roost
|
|-weather|Sandstorm|[upkeep]
|-heal|p2a: Scizor|82/100|[from] item: Leftovers
|-damage|p1a: Skarmory|88/100 brn|[from] brn
|upkeep
|turn|102
|
|move|p2a: Scizor|Bullet Punch|p1a: Skarmory
|-resisted|p1a: Skarmory
|-damage|p1a: Skarmory|81/100 brn
|move|p1a: Skarmory|Whirlwind|p2a: Scizor
|drag|p2a: Ditto|Ditto|77/100
|-damage|p2a: Ditto|64/100|[from] Stealth Rock
|-damage|p2a: Ditto|40/100|[from] Spikes
|-transform|p2a: Ditto|p1a: Skarmory|[from] ability: Imposter
|
|-weather|Sandstorm|[upkeep]
|-heal|p1a: Skarmory|87/100 brn|[from] item: Leftovers
|-damage|p1a: Skarmory|75/100 brn|[from] brn
|upkeep
|turn|103
|
|switch|p1a: Gliscor|Gliscor, M|100/100 tox
|-damage|p1a: Gliscor|88/100 tox|[from] Stealth Rock
|move|p2a: Ditto|Roost|p2a: Ditto
|-heal|p2a: Ditto|90/100
|-singleturn|p2a: Ditto|move: Roost
|
|-weather|Sandstorm|[upkeep]
|-heal|p1a: Gliscor|100/100 tox|[from] ability: Poison Heal
|upkeep
|turn|104
|
|switch|p2a: Slowbro|Slowbro, F|55/100 brn
|-damage|p2a: Slowbro|30/100 brn|[from] Spikes
|-damage|p2a: Slowbro|18/100 brn|[from] Stealth Rock
|move|p1a: Gliscor|Earthquake|p2a: Slowbro
|-damage|p2a: Slowbro|0 fnt
|faint|p2a: Slowbro
|
|-weather|Sandstorm|[upkeep]
|upkeep
|
|switch|p2a: Scizor|Scizor, M|82/100
|-damage|p2a: Scizor|70/100|[from] Stealth Rock
|-damage|p2a: Scizor|45/100|[from] Spikes
|turn|105
|
|switch|p1a: Skarmory|Skarmory, M|75/100 brn
|-damage|p1a: Skarmory|62/100 brn|[from] Stealth Rock
|move|p2a: Scizor|Roost|p2a: Scizor
|-heal|p2a: Scizor|95/100
|-singleturn|p2a: Scizor|move: Roost
|
|-weather|Sandstorm|[upkeep]
|-heal|p1a: Skarmory|68/100 brn|[from] item: Leftovers
|-heal|p2a: Scizor|100/100|[from] item: Leftovers
|-damage|p1a: Skarmory|56/100 brn|[from] brn
|upkeep
|turn|106
|
|move|p2a: Scizor|Bullet Punch|p1a: Skarmory
|-resisted|p1a: Skarmory
|-damage|p1a: Skarmory|48/100 brn
|move|p1a: Skarmory|Roost|p1a: Skarmory
|-heal|p1a: Skarmory|98/100 brn
|-singleturn|p1a: Skarmory|move: Roost
|
|-weather|Sandstorm|[upkeep]
|-heal|p1a: Skarmory|100/100 brn|[from] item: Leftovers
|-damage|p1a: Skarmory|88/100 brn|[from] brn
|upkeep
|turn|107
|
|move|p2a: Scizor|Bullet Punch|p1a: Skarmory
|-resisted|p1a: Skarmory
|-damage|p1a: Skarmory|80/100 brn
|move|p1a: Skarmory|Whirlwind|p2a: Scizor
|drag|p2a: Chansey|Chansey, F|82/100
|-damage|p2a: Chansey|57/100|[from] Spikes
|-damage|p2a: Chansey|45/100|[from] Stealth Rock
|
|-weather|Sandstorm|[upkeep]
|-damage|p2a: Chansey|39/100|[from] Sandstorm
|-heal|p1a: Skarmory|86/100 brn|[from] item: Leftovers
|-damage|p1a: Skarmory|74/100 brn|[from] brn
|upkeep
|turn|108
|
|move|p2a: Chansey|Soft-Boiled|p2a: Chansey
|-heal|p2a: Chansey|89/100
|move|p1a: Skarmory|Whirlwind|p2a: Chansey
|drag|p2a: Scizor|Scizor, M|100/100
|-damage|p2a: Scizor|76/100|[from] Spikes
|-damage|p2a: Scizor|63/100|[from] Stealth Rock
|
|-weather|Sandstorm|[upkeep]
|-heal|p1a: Skarmory|80/100 brn|[from] item: Leftovers
|-heal|p2a: Scizor|70/100|[from] item: Leftovers
|-damage|p1a: Skarmory|68/100 brn|[from] brn
|upkeep
|turn|109
|
|move|p2a: Scizor|Bullet Punch|p1a: Skarmory
|-resisted|p1a: Skarmory
|-damage|p1a: Skarmory|61/100 brn
|move|p1a: Skarmory|Whirlwind|p2a: Scizor
|drag|p2a: Ditto|Ditto|90/100
|-damage|p2a: Ditto|65/100|[from] Spikes
|-damage|p2a: Ditto|53/100|[from] Stealth Rock
|-transform|p2a: Ditto|p1a: Skarmory|[from] ability: Imposter
|
|-weather|Sandstorm|[upkeep]
|-heal|p1a: Skarmory|67/100 brn|[from] item: Leftovers
|-damage|p1a: Skarmory|55/100 brn|[from] brn
|upkeep
|turn|110
|
|move|p2a: Ditto|Roost|p2a: Ditto
|-heal|p2a: Ditto|100/100
|-singleturn|p2a: Ditto|move: Roost
|move|p1a: Skarmory|Whirlwind|p2a: Ditto
|drag|p2a: Chansey|Chansey, F|89/100
|-damage|p2a: Chansey|64/100|[from] Spikes
|-damage|p2a: Chansey|51/100|[from] Stealth Rock
|
|-weather|Sandstorm|[upkeep]
|-damage|p2a: Chansey|45/100|[from] Sandstorm
|-heal|p1a: Skarmory|61/100 brn|[from] item: Leftovers
|-damage|p1a: Skarmory|48/100 brn|[from] brn
|upkeep
|turn|111
|
|move|p1a: Skarmory|Roost|p1a: Skarmory
|-heal|p1a: Skarmory|98/100 brn
|-singleturn|p1a: Skarmory|move: Roost
|move|p2a: Chansey|Soft-Boiled|p2a: Chansey
|-heal|p2a: Chansey|95/100
|
|-weather|Sandstorm|[upkeep]
|-damage|p2a: Chansey|89/100|[from] Sandstorm
|-heal|p1a: Skarmory|100/100 brn|[from] item: Leftovers
|-damage|p1a: Skarmory|88/100 brn|[from] brn
|upkeep
|turn|112
|
|move|p2a: Chansey|Seismic Toss|p1a: Skarmory
|-damage|p1a: Skarmory|58/100 brn
|move|p1a: Skarmory|Whirlwind|p2a: Chansey
|drag|p2a: Ditto|Ditto|100/100
|-damage|p2a: Ditto|76/100|[from] Spikes
|-damage|p2a: Ditto|63/100|[from] Stealth Rock
|-transform|p2a: Ditto|p1a: Skarmory|[from] ability: Imposter
|
|-weather|Sandstorm|[upkeep]
|-heal|p1a: Skarmory|64/100 brn|[from] item: Leftovers
|-damage|p1a: Skarmory|52/100 brn|[from] brn
|upkeep
|turn|113
|
|move|p1a: Skarmory|Roost|p1a: Skarmory
|-heal|p1a: Skarmory|100/100 brn
|-singleturn|p1a: Skarmory|move: Roost
|move|p2a: Ditto|Whirlwind|p1a: Skarmory
|drag|p1a: Latias|Latias, F|100/100
|-damage|p1a: Latias|88/100|[from] Stealth Rock
|
|-weather|Sandstorm|[upkeep]
|-damage|p1a: Latias|82/100|[from] Sandstorm
|-heal|p1a: Latias|88/100|[from] item: Leftovers
|upkeep
|turn|114
|
|switch|p2a: Chansey|Chansey, F|89/100
|-damage|p2a: Chansey|77/100|[from] Stealth Rock
|-damage|p2a: Chansey|52/100|[from] Spikes
|switch|p1a: Gliscor|Gliscor, M|100/100 tox
|-damage|p1a: Gliscor|88/100 tox|[from] Stealth Rock
|
|-weather|Sandstorm|[upkeep]
|-damage|p2a: Chansey|46/100|[from] Sandstorm
|-heal|p1a: Gliscor|100/100 tox|[from] ability: Poison Heal
|upkeep
|turn|115
|
|move|p1a: Gliscor|Toxic|p2a: Chansey
|-status|p2a: Chansey|tox
|move|p2a: Chansey|Soft-Boiled|p2a: Chansey
|-heal|p2a: Chansey|96/100 tox
|
|-weather|Sandstorm|[upkeep]
|-damage|p2a: Chansey|90/100 tox|[from] Sandstorm
|-damage|p2a: Chansey|84/100 tox|[from] psn
|upkeep
|turn|116
|
|-curestatus|p2a: Chansey|tox|[from] ability: Natural Cure
|switch|p2a: Ditto|Ditto|63/100
|-damage|p2a: Ditto|51/100|[from] Stealth Rock
|-damage|p2a: Ditto|26/100|[from] Spikes
|-transform|p2a: Ditto|p1a: Gliscor|[from] ability: Imposter
|move|p1a: Gliscor|Earthquake|p2a: Ditto
|-immune|p2a: Ditto
|
|-weather|Sandstorm|[upkeep]
|upkeep
|turn|117
|
|move|p1a: Gliscor|Protect|p1a: Gliscor
|-singleturn|p1a: Gliscor|Protect
|move|p2a: Ditto|Earthquake|p1a: Gliscor
|-immune|p1a: Gliscor
|
|-weather|Sandstorm|[upkeep]
|upkeep
|turn|118
|
|move|p2a: Ditto|Earthquake|p1a: Gliscor
|-immune|p1a: Gliscor
|move|p1a: Gliscor|Earthquake|p2a: Ditto
|-immune|p2a: Ditto
|
|-weather|Sandstorm|[upkeep]
|upkeep
|turn|119
|
|switch|p1a: Latias|Latias, F|88/100
|-damage|p1a: Latias|76/100|[from] Stealth Rock
|move|p2a: Ditto|Earthquake|p1a: Latias
|-immune|p1a: Latias|[from] ability: Levitate
|
|-weather|Sandstorm|[upkeep]
|-damage|p1a: Latias|70/100|[from] Sandstorm
|-heal|p1a: Latias|76/100|[from] item: Leftovers
|upkeep
|turn|120
|
|switch|p2a: Chansey|Chansey, F|84/100
|-damage|p2a: Chansey|71/100|[from] Stealth Rock
|-damage|p2a: Chansey|46/100|[from] Spikes
|switch|p1a: Gliscor|Gliscor, M|100/100 tox
|-damage|p1a: Gliscor|88/100 tox|[from] Stealth Rock
|
|-weather|Sandstorm|[upkeep]
|-damage|p2a: Chansey|40/100|[from] Sandstorm
|-heal|p1a: Gliscor|100/100 tox|[from] ability: Poison Heal
|upkeep
|turn|121
|
|move|p1a: Gliscor|Earthquake|p2a: Chansey
|-damage|p2a: Chansey|21/100
|move|p2a: Chansey|Soft-Boiled|p2a: Chansey
|-heal|p2a: Chansey|71/100
|
|-weather|Sandstorm|[upkeep]
|-damage|p2a: Chansey|65/100|[from] Sandstorm
|upkeep
|turn|122
|
|move|p1a: Gliscor|Earthquake|p2a: Chansey
|-damage|p2a: Chansey|45/100
|move|p2a: Chansey|Soft-Boiled|p2a: Chansey
|-heal|p2a: Chansey|95/100
|
|-weather|Sandstorm|[upkeep]
|-damage|p2a: Chansey|89/100|[from] Sandstorm
|upkeep
|turn|123
|
|move|p1a: Gliscor|Earthquake|p2a: Chansey
|-damage|p2a: Chansey|69/100
|move|p2a: Chansey|Soft-Boiled|p2a: Chansey
|-heal|p2a: Chansey|100/100
|
|-weather|Sandstorm|[upkeep]
|-damage|p2a: Chansey|94/100|[from] Sandstorm
|upkeep
|turn|124
|
|move|p1a: Gliscor|Earthquake|p2a: Chansey
|-damage|p2a: Chansey|74/100
|move|p2a: Chansey|Soft-Boiled|p2a: Chansey
|-heal|p2a: Chansey|100/100
|
|-weather|Sandstorm|[upkeep]
|-damage|p2a: Chansey|94/100|[from] Sandstorm
|upkeep
|turn|125
|
|move|p1a: Gliscor|Earthquake|p2a: Chansey
|-damage|p2a: Chansey|71/100
|move|p2a: Chansey|Seismic Toss|p1a: Gliscor
|-damage|p1a: Gliscor|72/100 tox
|
|-weather|Sandstorm|[upkeep]
|-damage|p2a: Chansey|65/100|[from] Sandstorm
|-heal|p1a: Gliscor|85/100 tox|[from] ability: Poison Heal
|upkeep
|turn|126
|
|move|p1a: Gliscor|Earthquake|p2a: Chansey
|-crit|p2a: Chansey
|-damage|p2a: Chansey|22/100
|move|p2a: Chansey|Seismic Toss|p1a: Gliscor
|-damage|p1a: Gliscor|56/100 tox
|
|-weather|Sandstorm|[upkeep]
|-damage|p2a: Chansey|16/100|[from] Sandstorm
|-heal|p1a: Gliscor|69/100 tox|[from] ability: Poison Heal
|upkeep
|turn|127
|
|move|p1a: Gliscor|Earthquake|p2a: Chansey
|-damage|p2a: Chansey|0 fnt
|faint|p2a: Chansey
|
|-weather|Sandstorm|[upkeep]
|-heal|p1a: Gliscor|81/100 tox|[from] ability: Poison Heal
|upkeep
|
|switch|p2a: Ditto|Ditto|26/100
|-damage|p2a: Ditto|2/100|[from] Spikes
|-damage|p2a: Ditto|0 fnt|[from] Stealth Rock
|faint|p2a: Ditto
|
|switch|p2a: Scizor|Scizor, M|70/100
|-damage|p2a: Scizor|45/100|[from] Spikes
|-damage|p2a: Scizor|33/100|[from] Stealth Rock
|turn|128
|
|switch|p1a: Heatran|Heatran, F|91/100
|-damage|p1a: Heatran|79/100|[from] Stealth Rock
|-damage|p1a: Heatran|54/100|[from] Spikes
|move|p2a: Scizor|Roost|p2a: Scizor
|-heal|p2a: Scizor|83/100
|-singleturn|p2a: Scizor|move: Roost
|
|-weather|Sandstorm|[upkeep]
|-heal|p1a: Heatran|60/100|[from] item: Leftovers
|-heal|p2a: Scizor|89/100|[from] item: Leftovers
|upkeep
|turn|129
|
|move|p1a: Heatran|Lava Plume|p2a: Scizor
|-supereffective|p2a: Scizor
|-damage|p2a: Scizor|0 fnt
|faint|p2a: Scizor
|
|win|Dayanne or Mavis
|raw|Dayanne or Mavis's rating: 1330 &rarr; <strong>1356</strong><br />(+26 for winning)
|raw|jailer steve's rating: 1446 &rarr; <strong>1419</strong><br />(-27 for losing)
