|join|feebas2
|join|shadowist
|player|p1|feebas2|101
|player|p2|shadowist|269
|gametype|singles
|gen|5
|tier|[Gen 5] OU
|rated
|rule|Evasion Abilities Clause: Evasion abilities are banned
|clearpoke
|poke|p1|Landorus-Therian, M, shiny
|poke|p1|Rotom-Wash, shiny
|poke|p1|Latias, F, shiny
|poke|p1|Ditto
|poke|p1|Registeel
|poke|p1|Celebi, shiny
|poke|p2|Politoed, M
|poke|p2|Volcarona, M
|poke|p2|Gastrodon, M
|poke|p2|Toxicroak, M
|poke|p2|Starmie
|poke|p2|Ferrothorn, F
|rule|Sleep Clause Mod: Limit one foe put to sleep
|rule|Species Clause: Limit one of each Pokemon
|rule|OHKO Clause: OHKO moves are banned
|rule|Moody Clause: Moody is banned
|rule|Evasion Moves Clause: Evasion moves are banned
|rule|Endless Battle Clause: Forcing endless battles is banned.
|rule|HP Percentage Mod: HP is reported as percentages
|teampreview
|
|start
|switch|p1a: Overused|Celebi, shiny|359/359
|switch|p2a: Politoed|Politoed, M|384/384
|-weather|RainDance|[from] ability: Drizzle|[of] p2a: Politoed
|turn|1
|
|switch|p2a: Ferrothorn|Ferrothorn, F|352/352
|move|p1a: Overused|Psychic|p2a: Ferrothorn
|-resisted|p2a: Ferrothorn
|-damage|p2a: Ferrothorn|286/352
|-damage|p1a: Overused|324/359|[from] item: Life Orb
|
|-weather|RainDance|[upkeep]
|-heal|p2a: Ferrothorn|308/352|[from] item: Leftovers
|turn|2
|
|move|p1a: Overused|Hidden Power|p2a: Ferrothorn
|-supereffective|p2a: Ferrothorn
|-damage|p2a: Ferrothorn|173/352
|-damage|p1a: Overused|289/359|[from] item: Life Orb
|move|p2a: Ferrothorn|Stealth Rock|p1a: Overused
|-sidestart|p1: feebas2|move: Stealth Rock
|
|-weather|RainDance|[upkeep]
|-heal|p2a: Ferrothorn|195/352|[from] item: Leftovers
|turn|3
|
|move|p2a: Ferrothorn|Protect|p2a: Ferrothorn
|-singleturn|p2a: Ferrothorn|Protect
|move|p1a: Overused|Psychic|p2a: Ferrothorn
|-activate|p2a: Ferrothorn|Protect
|
|-weather|RainDance|[upkeep]
|-heal|p2a: Ferrothorn|217/352|[from] item: Leftovers
|turn|4
|
|switch|p2a: Starmie|Starmie|261/261
|move|p1a: Overused|Hidden Power|p2a: Starmie
|-crit|p2a: Starmie
|-resisted|p2a: Starmie
|-damage|p2a: Starmie|206/261
|-damage|p1a: Overused|254/359|[from] item: Life Orb
|
|-weather|RainDance|[upkeep]
|-heal|p2a: Starmie|222/261|[from] item: Leftovers
|turn|5
|
|move|p2a: Starmie|Ice Beam|p1a: Overused
|-supereffective|p1a: Overused
|-damage|p1a: Overused|54/359
|move|p1a: Overused|Leaf Storm|p2a: Starmie
|-supereffective|p2a: Starmie
|-damage|p2a: Starmie|0 fnt
|-unboost|p1a: Overused|spa|2
|-damage|p1a: Overused|19/359|[from] item: Life Orb
|faint|p2a: Starmie
|
|-weather|RainDance|[upkeep]
|
|switch|p2a: Politoed|Politoed, M|384/384
|turn|6
|
|move|p1a: Overused|Leaf Storm|p2a: Politoed
|-supereffective|p2a: Politoed
|-damage|p2a: Politoed|80/384
|-unboost|p1a: Overused|spa|2
|-damage|p1a: Overused|0 fnt|[from] item: Life Orb
|faint|p1a: Overused
|move|p2a: Politoed|Hydro Pump|p1: Overused|[notarget]
|-notarget
|
|-weather|RainDance|[upkeep]
|
|switch|p1a: Legend|Latias, F, shiny|302/302
|-damage|p1a: Legend|265/302|[from] Stealth Rock
|turn|7
|
|switch|p2a: Ferrothorn|Ferrothorn, F|217/352
|move|p1a: Legend|Surf|p2a: Ferrothorn
|-resisted|p2a: Ferrothorn
|-damage|p2a: Ferrothorn|151/352
|-damage|p1a: Legend|235/302|[from] item: Life Orb
|
|-weather|RainDance|[upkeep]
|-heal|p2a: Ferrothorn|173/352|[from] item: Leftovers
|turn|8
|
|switch|p1a: Underated|Registeel|363/363
|-damage|p1a: Underated|341/363|[from] Stealth Rock
|move|p2a: Ferrothorn|Leech Seed|p1a: Underated
|-start|p1a: Underated|move: Leech Seed
|
|-weather|RainDance|[upkeep]
|-heal|p1a: Underated|363/363|[from] item: Leftovers
|-heal|p2a: Ferrothorn|195/352|[from] item: Leftovers
|-damage|p1a: Underated|318/363|[from] Leech Seed|[of] p2a: Ferrothorn
|-heal|p2a: Ferrothorn|240/352|[silent]
|turn|9
|
|switch|p2a: Gastrodon|Gastrodon, M|426/426
|move|p1a: Underated|Stealth Rock|p2a: Gastrodon
|-sidestart|p2: shadowist|move: Stealth Rock
|
|-weather|RainDance|[upkeep]
|-heal|p1a: Underated|340/363|[from] item: Leftovers
|-damage|p1a: Underated|295/363|[from] Leech Seed|[of] p2a: Gastrodon
|turn|10
|
|switch|p1a: Legend|Latias, F, shiny|235/302
|-damage|p1a: Legend|198/302|[from] Stealth Rock
|move|p2a: Gastrodon|Scald|p1a: Legend
|-resisted|p1a: Legend
|-damage|p1a: Legend|149/302
|
|-weather|RainDance|[upkeep]
|turn|11
|
|move|p1a: Legend|Recover|p1a: Legend
|-heal|p1a: Legend|300/302
|move|p2a: Gastrodon|Recover|p2a: Gastrodon
|-fail|p2a: Gastrodon
|
|-weather|RainDance|[upkeep]
|turn|12
|
|move|p1a: Legend|Psyshock|p2a: Gastrodon
|-damage|p2a: Gastrodon|278/426
|-damage|p1a: Legend|270/302|[from] item: Life Orb
|move|p2a: Gastrodon|Toxic|p1a: Legend
|-status|p1a: Legend|tox
|
|-weather|RainDance|[upkeep]
|-heal|p2a: Gastrodon|304/426|[from] item: Leftovers
|-damage|p1a: Legend|252/302 tox|[from] psn
|turn|13
|
|switch|p2a: Ferrothorn|Ferrothorn, F|240/352
|-damage|p2a: Ferrothorn|218/352|[from] Stealth Rock
|move|p1a: Legend|Draco Meteor|p2a: Ferrothorn
|-resisted|p2a: Ferrothorn
|-damage|p2a: Ferrothorn|105/352
|-unboost|p1a: Legend|spa|2
|-damage|p1a: Legend|222/302 tox|[from] item: Life Orb
|
|-weather|RainDance|[upkeep]
|-heal|p2a: Ferrothorn|127/352|[from] item: Leftovers
|-damage|p1a: Legend|186/302 tox|[from] psn
|turn|14
|
|switch|p1a: I'm random|Rotom-Wash, shiny|299/299
|-damage|p1a: I'm random|262/299|[from] Stealth Rock
|move|p2a: Ferrothorn|Leech Seed|p1a: I'm random|[miss]
|-miss|p2a: Ferrothorn|p1a: I'm random
|
|-weather|RainDance|[upkeep]
|-heal|p2a: Ferrothorn|149/352|[from] item: Leftovers
|turn|15
|
|move|p1a: I'm random|Hidden Power|p2a: Ferrothorn
|-supereffective|p2a: Ferrothorn
|-damage|p2a: Ferrothorn|0 fnt
|faint|p2a: Ferrothorn
|
|-weather|RainDance|[upkeep]
|
|switch|p2a: Gastrodon|Gastrodon, M|304/426
|-damage|p2a: Gastrodon|278/426|[from] Stealth Rock
|turn|16
|
|switch|p1a: Legend|Latias, F, shiny|186/302 tox
|-damage|p1a: Legend|149/302 tox|[from] Stealth Rock
|move|p2a: Gastrodon|Toxic|p1a: Legend
|-fail|p1a: Legend|tox
|
|-weather|RainDance|[upkeep]
|-heal|p2a: Gastrodon|304/426|[from] item: Leftovers
|-damage|p1a: Legend|131/302 tox|[from] psn
|turn|17
|
|move|p1a: Legend|Recover|p1a: Legend
|-heal|p1a: Legend|282/302 tox
|move|p2a: Gastrodon|Recover|p2a: Gastrodon
|-heal|p2a: Gastrodon|426/426
|
|-weather|RainDance|[upkeep]
|-damage|p1a: Legend|246/302 tox|[from] psn
|turn|18
|
|switch|p1a: I'm random|Rotom-Wash, shiny|262/299
|-damage|p1a: I'm random|225/299|[from] Stealth Rock
|move|p2a: Gastrodon|Recover|p2a: Gastrodon
|-fail|p2a: Gastrodon
|
|-weather|RainDance|[upkeep]
|turn|19
|
|switch|p2a: Politoed|Politoed, M|80/384
|-damage|p2a: Politoed|32/384|[from] Stealth Rock
|move|p1a: I'm random|Trick|p2a: Politoed
|-activate|p1a: I'm random|move: Trick|[of] p2a: Politoed
|-item|p2a: Politoed|Choice Specs|[from] move: Trick
|-item|p1a: I'm random|Choice Specs|[from] move: Trick
|
|-weather|RainDance|[upkeep]
|turn|20
|
|move|p1a: I'm random|Thunderbolt|p2a: Politoed
|-supereffective|p2a: Politoed
|-damage|p2a: Politoed|0 fnt
|faint|p2a: Politoed
|
|-weather|RainDance|[upkeep]
|
|switch|p2a: Gastrodon|Gastrodon, M|426/426
|-damage|p2a: Gastrodon|400/426|[from] Stealth Rock
|turn|21
|
|switch|p1a: Legend|Latias, F, shiny|246/302 tox
|-damage|p1a: Legend|209/302 tox|[from] Stealth Rock
|move|p2a: Gastrodon|Scald|p1a: Legend
|-resisted|p1a: Legend
|-damage|p1a: Legend|153/302 tox
|
|-weather|RainDance|[upkeep]
|-heal|p2a: Gastrodon|426/426|[from] item: Leftovers
|-damage|p1a: Legend|135/302 tox|[from] psn
|turn|22
|
|move|p1a: Legend|Recover|p1a: Legend
|-heal|p1a: Legend|286/302 tox
|move|p2a: Gastrodon|Toxic|p1a: Legend
|-fail|p1a: Legend|tox
|
|-weather|RainDance|[upkeep]
|-damage|p1a: Legend|250/302 tox|[from] psn
|turn|23
|
|move|p1a: Legend|Draco Meteor|p2a: Gastrodon|[miss]
|-miss|p1a: Legend|p2a: Gastrodon
|move|p2a: Gastrodon|Recover|p2a: Gastrodon
|-fail|p2a: Gastrodon
|
|-weather|RainDance|[upkeep]
|-damage|p1a: Legend|196/302 tox|[from] psn
|turn|24
|
|move|p1a: Legend|Recover|p1a: Legend
|-heal|p1a: Legend|302/302 tox
|move|p2a: Gastrodon|Toxic|p1a: Legend
|-fail|p1a: Legend|tox
|
|-weather|RainDance|[upkeep]
|-damage|p1a: Legend|230/302 tox|[from] psn
|turn|25
|
|move|p1a: Legend|Draco Meteor|p2a: Gastrodon
|-damage|p2a: Gastrodon|93/426
|-unboost|p1a: Legend|spa|2
|-damage|p1a: Legend|200/302 tox|[from] item: Life Orb
|move|p2a: Gastrodon|Toxic|p1a: Legend
|-fail|p1a: Legend|tox
|
|-weather|RainDance|[upkeep]
|-heal|p2a: Gastrodon|119/426|[from] item: Leftovers
|-damage|p1a: Legend|110/302 tox|[from] psn
|turn|26
|
|move|p1a: Legend|Draco Meteor|p2a: Gastrodon
|-damage|p2a: Gastrodon|0 fnt
|-unboost|p1a: Legend|spa|2
|-damage|p1a: Legend|80/302 tox|[from] item: Life Orb
|faint|p2a: Gastrodon
|
|-weather|RainDance|[upkeep]
|-damage|p1a: Legend|0 fnt|[from] psn
|faint|p1a: Legend
|
|switch|p2a: Volcarona|Volcarona, M|311/311
|-damage|p2a: Volcarona|156/311|[from] Stealth Rock
|switch|p1a: I'm random|Rotom-Wash, shiny|225/299
|-damage|p1a: I'm random|188/299|[from] Stealth Rock
|turn|27
|
|move|p2a: Volcarona|Quiver Dance|p2a: Volcarona
|-boost|p2a: Volcarona|spa|1
|-boost|p2a: Volcarona|spd|1
|-boost|p2a: Volcarona|spe|1
|move|p1a: I'm random|Hydro Pump|p2a: Volcarona
|-supereffective|p2a: Volcarona
|-damage|p2a: Volcarona|0 fnt
|faint|p2a: Volcarona
|
|-weather|RainDance|[upkeep]
|
|switch|p2a: Toxicroak|Toxicroak, M|314/314
|-damage|p2a: Toxicroak|295/314|[from] Stealth Rock
|turn|28
|
|switch|p1a: Nice bulk|Landorus-Therian, M, shiny|319/319
|-damage|p1a: Nice bulk|280/319|[from] Stealth Rock
|-ability|p1a: Nice bulk|Intimidate|[of] p2a: Toxicroak
|-unboost|p2a: Toxicroak|atk|1
|move|p2a: Toxicroak|Swords Dance|p2a: Toxicroak
|-boost|p2a: Toxicroak|atk|2
|
|-weather|RainDance|[upkeep]
|-heal|p2a: Toxicroak|314/314|[from] ability: Dry Skin
|turn|29
|
|move|p1a: Nice bulk|Earthquake|p2a: Toxicroak
|-supereffective|p2a: Toxicroak
|-damage|p2a: Toxicroak|0 fnt
|faint|p2a: Toxicroak
|
|win|feebas2
|raw|Ladder updating...
|raw|feebas2's rating: 1399 &rarr; <strong>1419</strong><br />(+20 for winning)
|raw|shadowist's rating: 1399 &rarr; <strong>1379</strong><br />(-20 for losing)