|j|☆el janitor
|j|☆Morgan23
|t:|1706581249
|gametype|singles
|player|p1|el janitor|burglar|1350
|player|p2|Morgan23|170|1366
|teamsize|p1|6
|teamsize|p2|6
|gen|5
|tier|[Gen 5] OU
|rated|
|rule|Species Clause: Limit one of each Pokémon
|rule|OHKO Clause: OHKO moves are banned
|rule|Moody Clause: Moody is banned
|rule|Evasion Items Clause: Evasion items are banned
|rule|Evasion Moves Clause: Evasion moves are banned
|rule|Endless Battle Clause: Forcing endless battles is banned
|rule|HP Percentage Mod: HP is shown in percentages
|rule|Evasion Abilities Clause: Evasion abilities are banned
|rule|Sleep Moves Clause: Sleep-inducing moves are banned
|rule|Swagger Clause: Swagger is banned
|rule|Baton Pass Stat Clause: No Baton Passer may have a way to boost its stats
|clearpoke
|poke|p1|Azelf|item
|poke|p1|Celebi|item
|poke|p1|Heatran, M|item
|poke|p1|Excadrill, M|item
|poke|p1|Zapdos|item
|poke|p1|Breloom, F|item
|poke|p2|Latios, M|item
|poke|p2|Tyranitar, M|item
|poke|p2|Dugtrio, M|item
|poke|p2|Excadrill, F|item
|poke|p2|Gyarados, M|item
|poke|p2|Reuniclus, M|item
|teampreview
|inactive|Battle timer is ON: inactive players will automatically lose when time's up. (requested by el janitor)
|c|☆Morgan23|glhf
|j| phosphor
|c|☆Morgan23|Oh god your dead meat lol
|inactive|Morgan23 has 120 seconds left.
|
|t:|1706581291
|start
|switch|p1a: Breloom|Breloom, F|100/100
|switch|p2a: Tyranitar|Tyranitar, M|100/100
|-weather|Sandstorm|[from] ability: Sand Stream|[of] p2a: Tyranitar
|turn|1
|
|t:|1706581298
|switch|p2a: Gyarados|Gyarados, M|100/100
|-ability|p2a: Gyarados|Intimidate|boost
|-unboost|p1a: Breloom|atk|1
|move|p1a: Breloom|Bullet Seed|p2a: Gyarados
|-damage|p2a: Gyarados|79/100
|-damage|p2a: Gyarados|56/100
|-crit|p2a: Gyarados
|-damage|p2a: Gyarados|0 fnt
|faint|p2a: Gyarados
|-hitcount|p2: Gyarados|3
|
|-weather|Sandstorm|[upkeep]
|-damage|p1a: Breloom|94/100|[from] Sandstorm
|upkeep
|
|t:|1706581312
|switch|p2a: Latios|Latios, M|100/100
|turn|2
|
|t:|1706581318
|switch|p1a: Celebi|Celebi|100/100
|move|p2a: Latios|Draco Meteor|p1a: Celebi
|-crit|p1a: Celebi
|-damage|p1a: Celebi|5/100
|-unboost|p2a: Latios|spa|2
|
|-weather|Sandstorm|[upkeep]
|-damage|p2a: Latios|95/100|[from] Sandstorm
|-damage|p1a: Celebi|0 fnt|[from] Sandstorm
|faint|p1a: Celebi
|upkeep
|
|t:|1706581340
|switch|p1a: Azelf|Azelf|100/100
|turn|3
|
|t:|1706581344
|switch|p2a: Tyranitar|Tyranitar, M|100/100
|move|p1a: Azelf|U-turn|p2a: Tyranitar
|-supereffective|p2a: Tyranitar
|-damage|p2a: Tyranitar|63/100
|
|t:|1706581347
|switch|p1a: Breloom|Breloom, F|94/100|[from] U-turn
|
|-weather|Sandstorm|[upkeep]
|-damage|p1a: Breloom|88/100|[from] Sandstorm
|-heal|p2a: Tyranitar|69/100|[from] item: Leftovers
|upkeep
|turn|4
|
|t:|1706581356
|move|p1a: Breloom|Bullet Seed|p2a: Tyranitar
|-supereffective|p2a: Tyranitar
|-damage|p2a: Tyranitar|23/100
|-supereffective|p2a: Tyranitar
|-damage|p2a: Tyranitar|0 fnt
|faint|p2a: Tyranitar
|-hitcount|p2: Tyranitar|2
|
|-weather|Sandstorm|[upkeep]
|-damage|p1a: Breloom|82/100|[from] Sandstorm
|upkeep
|
|t:|1706581363
|switch|p2a: Reuniclus|Reuniclus, M|100/100
|turn|5
|l| phosphor
|
|t:|1706581367
|switch|p1a: Azelf|Azelf|100/100
|move|p2a: Reuniclus|Psychic|p1a: Azelf
|-resisted|p1a: Azelf
|-damage|p1a: Azelf|53/100
|
|-weather|Sandstorm|[upkeep]
|-damage|p1a: Azelf|47/100|[from] Sandstorm
|upkeep
|-enditem|p1a: Azelf|Sitrus Berry|[eat]
|-heal|p1a: Azelf|71/100|[from] item: Sitrus Berry
|turn|6
|
|t:|1706581376
|move|p1a: Azelf|Thunder Wave|p2a: Reuniclus
|-status|p2a: Reuniclus|par
|move|p2a: Reuniclus|Recover||[still]
|-fail|p2a: Reuniclus|heal
|
|-weather|Sandstorm|[upkeep]
|-damage|p1a: Azelf|65/100|[from] Sandstorm
|upkeep
|turn|7
|
|t:|1706581395
|move|p1a: Azelf|Explosion|p2a: Reuniclus
|-damage|p2a: Reuniclus|16/100 par
|faint|p1a: Azelf
|move|p2a: Reuniclus|Psychic|p1: Azelf|[notarget]
|-fail|p2a: Reuniclus
|
|-weather|Sandstorm|[upkeep]
|upkeep
|
|t:|1706581400
|switch|p1a: Breloom|Breloom, F|82/100
|turn|8
|
|t:|1706581402
|move|p1a: Breloom|Bullet Seed|p2a: Reuniclus
|-damage|p2a: Reuniclus|0 fnt
|faint|p2a: Reuniclus
|-hitcount|p2: Reuniclus|1
|
|-weather|Sandstorm|[upkeep]
|-damage|p1a: Breloom|76/100|[from] Sandstorm
|upkeep
|
|t:|1706581408
|switch|p2a: Latios|Latios, M|95/100
|turn|9
|
|t:|1706581416
|switch|p1a: Heatran|Heatran, M|100/100
|move|p2a: Latios|Draco Meteor|p1a: Heatran|[miss]
|-miss|p2a: Latios|p1a: Heatran
|
|-weather|Sandstorm|[upkeep]
|-damage|p2a: Latios|89/100|[from] Sandstorm
|upkeep
|turn|10
|
|t:|1706581426
|switch|p2a: Excadrill|Excadrill, F|100/100
|move|p1a: Heatran|Magma Storm|p2a: Excadrill|[miss]
|-miss|p1a: Heatran|p2a: Excadrill
|
|-weather|Sandstorm|[upkeep]
|upkeep
|turn|11
|
|t:|1706581433
|switch|p1a: Zapdos|Zapdos|100/100
|-ability|p1a: Zapdos|Pressure
|move|p2a: Excadrill|Earthquake|p1a: Zapdos
|-immune|p1a: Zapdos
|
|-weather|Sandstorm|[upkeep]
|-damage|p1a: Zapdos|94/100|[from] Sandstorm
|-heal|p1a: Zapdos|100/100|[from] item: Leftovers
|upkeep
|turn|12
|
|t:|1706581442
|move|p2a: Excadrill|Protect|p2a: Excadrill
|-singleturn|p2a: Excadrill|Protect
|move|p1a: Zapdos|Heat Wave|p2a: Excadrill
|-activate|p2a: Excadrill|move: Protect
|
|-weather|Sandstorm|[upkeep]
|-damage|p1a: Zapdos|94/100|[from] Sandstorm
|-heal|p1a: Zapdos|100/100|[from] item: Leftovers
|upkeep
|turn|13
|
|t:|1706581451
|switch|p2a: Latios|Latios, M|89/100
|move|p1a: Zapdos|Hidden Power|p2a: Latios
|-supereffective|p2a: Latios
|-damage|p2a: Latios|40/100
|
|-weather|Sandstorm|[upkeep]
|-damage|p2a: Latios|34/100|[from] Sandstorm
|-damage|p1a: Zapdos|94/100|[from] Sandstorm
|-heal|p1a: Zapdos|100/100|[from] item: Leftovers
|upkeep
|turn|14
|
|t:|1706581461
|move|p2a: Latios|Draco Meteor|p1a: Zapdos
|-damage|p1a: Zapdos|26/100
|-unboost|p2a: Latios|spa|2
|move|p1a: Zapdos|Hidden Power|p2a: Latios
|-supereffective|p2a: Latios
|-damage|p2a: Latios|0 fnt
|faint|p2a: Latios
|
|-weather|Sandstorm|[upkeep]
|-damage|p1a: Zapdos|20/100|[from] Sandstorm
|-heal|p1a: Zapdos|26/100|[from] item: Leftovers
|upkeep
|
|t:|1706581472
|switch|p2a: Dugtrio|Dugtrio, M|100/100
|turn|15
|
|t:|1706581491
|move|p2a: Dugtrio|Stone Edge|p1a: Zapdos
|-supereffective|p1a: Zapdos
|-crit|p1a: Zapdos
|-damage|p1a: Zapdos|0 fnt
|faint|p1a: Zapdos
|
|-weather|Sandstorm|[upkeep]
|upkeep
|inactive|el janitor has 120 seconds left.
|
|t:|1706581528
|switch|p1a: Breloom|Breloom, F|76/100
|turn|16
|
|t:|1706581544
|switch|p2a: Excadrill|Excadrill, F|100/100
|move|p1a: Breloom|Bullet Seed|p2a: Excadrill
|-damage|p2a: Excadrill|55/100
|-damage|p2a: Excadrill|15/100
|-hitcount|p2a: Excadrill|2
|
|-weather|Sandstorm|[upkeep]
|-damage|p1a: Breloom|70/100|[from] Sandstorm
|-heal|p2a: Excadrill|21/100|[from] item: Leftovers
|upkeep
|turn|17
|
|t:|1706581553
|switch|p1a: Heatran|Heatran, M|100/100
|move|p2a: Excadrill|Protect||[still]
|-fail|p2a: Excadrill
|
|-weather|Sandstorm|[upkeep]
|-heal|p2a: Excadrill|28/100|[from] item: Leftovers
|upkeep
|turn|18
|
|t:|1706581560
|move|p2a: Excadrill|Earthquake|p1a: Heatran
|-supereffective|p1a: Heatran
|-damage|p1a: Heatran|0 fnt
|faint|p1a: Heatran
|
|-weather|Sandstorm|[upkeep]
|-heal|p2a: Excadrill|34/100|[from] item: Leftovers
|upkeep
|
|t:|1706581562
|switch|p1a: Excadrill|Excadrill, M|100/100
|-ability|p1a: Excadrill|Mold Breaker
|turn|19
|
|t:|1706581569
|move|p2a: Excadrill|Protect|p2a: Excadrill
|-singleturn|p2a: Excadrill|Protect
|move|p1a: Excadrill|Earthquake|p2a: Excadrill
|-activate|p2a: Excadrill|move: Protect
|
|-weather|Sandstorm|[upkeep]
|-heal|p2a: Excadrill|40/100|[from] item: Leftovers
|upkeep
|turn|20
|
|t:|1706581577
|move|p1a: Excadrill|Earthquake|p2a: Excadrill
|-supereffective|p2a: Excadrill
|-damage|p2a: Excadrill|0 fnt
|faint|p2a: Excadrill
|
|-weather|Sandstorm|[upkeep]
|upkeep
|
|t:|1706581582
|switch|p2a: Dugtrio|Dugtrio, M|100/100
|turn|21
|
|t:|1706581586
|move|p1a: Excadrill|Earthquake|p2a: Dugtrio
|-enditem|p2a: Dugtrio|Focus Sash
|-damage|p2a: Dugtrio|1/100
|move|p2a: Dugtrio|Earthquake|p1a: Excadrill
|-supereffective|p1a: Excadrill
|-damage|p1a: Excadrill|0 fnt
|faint|p1a: Excadrill
|
|-weather|Sandstorm|[upkeep]
|upkeep
|
|t:|1706581587
|switch|p1a: Breloom|Breloom, F|70/100
|turn|22
|
|t:|1706581595
|move|p1a: Breloom|Mach Punch|p2a: Dugtrio
|-damage|p2a: Dugtrio|0 fnt
|faint|p2a: Dugtrio
|
|win|el janitor
|raw|el janitor's rating: 1350 &rarr; <strong>1371</strong><br />(+21 for winning)
|raw|Morgan23's rating: 1366 &rarr; <strong>1345</strong><br />(-21 for losing)
|c|☆Morgan23|Gg
|l|☆Morgan23
|player|p2|
|l|☆el janitor
|player|p1|
|j|☆el janitor
|player|p1|el janitor|burglar
