|j|‽Shiny Ledian
|j|☆baixiaohen
|t:|1740363243
|gametype|singles
|player|p1|Shiny Ledian|170|1328
|player|p2|baixiaohen|steven|1327
|teamsize|p1|6
|teamsize|p2|6
|gen|5
|tier|[Gen 5] OU
|rated|
|rule|Species Clause: Limit one of each Pokémon
|rule|OHKO Clause: OHKO moves are banned
|rule|Moody Clause: Moody is banned
|rule|Evasion Items Clause: Evasion items are banned
|rule|Evasion Moves Clause: Evasion moves are banned
|rule|Endless Battle Clause: Forcing endless battles is banned
|rule|HP Percentage Mod: HP is shown in percentages
|rule|Evasion Abilities Clause: Evasion abilities are banned
|rule|Sleep Moves Clause: Sleep-inducing moves are banned
|rule|Swagger Clause: Swagger is banned
|rule|Baton Pass Stat Clause: No Baton Passer may have a way to boost its stats
|clearpoke
|poke|p1|Tyranitar, M|item
|poke|p1|Mamoswine, M|item
|poke|p1|Keldeo|item
|poke|p1|Amoonguss, M|item
|poke|p1|Gliscor, M|item
|poke|p1|Excadrill, M|item
|poke|p2|Politoed, M|item
|poke|p2|Ferrothorn, F|item
|poke|p2|Tentacruel, M|item
|poke|p2|Sharpedo, F|item
|poke|p2|Thundurus-Therian, M|item
|poke|p2|Latios, M|item
|teampreview
|
|t:|1740363261
|start
|switch|p1a: Amoonguss|Amoonguss, M|100/100
|switch|p2a: Ferrothorn|Ferrothorn, F|100/100
|turn|1
|
|t:|1740363288
|move|p1a: Amoonguss|Hidden Power|p2a: Ferrothorn
|-supereffective|p2a: Ferrothorn
|-damage|p2a: Ferrothorn|61/100
|move|p2a: Ferrothorn|Stealth Rock|p1a: Amoonguss
|-sidestart|p1: Shiny Ledian|move: Stealth Rock
|
|-heal|p2a: Ferrothorn|67/100|[from] item: Leftovers
|upkeep
|turn|2
|
|t:|1740363294
|move|p1a: Amoonguss|Stun Spore|p2a: Ferrothorn|[miss]
|-miss|p1a: Amoonguss|p2a: Ferrothorn
|move|p2a: Ferrothorn|Spikes|p1a: Amoonguss
|-sidestart|p1: Shiny Ledian|Spikes
|
|-heal|p2a: Ferrothorn|73/100|[from] item: Leftovers
|upkeep
|turn|3
|
|t:|1740363301
|switch|p2a: Politoed|Politoed, M|100/100
|-weather|RainDance|[from] ability: Drizzle|[of] p2a: Politoed
|move|p1a: Amoonguss|Stun Spore|p2a: Politoed|[miss]
|-miss|p1a: Amoonguss|p2a: Politoed
|
|-weather|RainDance|[upkeep]
|upkeep
|turn|4
|
|t:|1740363307
|switch|p2a: Ferrothorn|Ferrothorn, F|73/100
|move|p1a: Amoonguss|Stun Spore|p2a: Ferrothorn
|-status|p2a: Ferrothorn|par
|
|-weather|RainDance|[upkeep]
|-heal|p2a: Ferrothorn|79/100 par|[from] item: Leftovers
|upkeep
|turn|5
|
|t:|1740363312
|switch|p1a: Keldeo|Keldeo|100/100
|-damage|p1a: Keldeo|94/100|[from] Stealth Rock
|-damage|p1a: Keldeo|82/100|[from] Spikes
|move|p2a: Ferrothorn|Spikes|p1a: Keldeo
|-sidestart|p1: Shiny Ledian|Spikes
|
|-weather|RainDance|[upkeep]
|-heal|p1a: Keldeo|88/100|[from] item: Leftovers
|-heal|p2a: Ferrothorn|86/100 par|[from] item: Leftovers
|upkeep
|turn|6
|
|t:|1740363319
|move|p1a: Keldeo|Secret Sword|p2a: Ferrothorn
|-supereffective|p2a: Ferrothorn
|-damage|p2a: Ferrothorn|24/100 par
|move|p2a: Ferrothorn|Power Whip|p1a: Keldeo
|-supereffective|p1a: Keldeo
|-damage|p1a: Keldeo|0 fnt
|faint|p1a: Keldeo
|
|-weather|RainDance|[upkeep]
|-heal|p2a: Ferrothorn|31/100 par|[from] item: Leftovers
|upkeep
|
|t:|1740363331
|switch|p1a: Excadrill|Excadrill, M|100/100
|-damage|p1a: Excadrill|97/100|[from] Stealth Rock
|-damage|p1a: Excadrill|81/100|[from] Spikes
|turn|7
|
|t:|1740363335
|move|p1a: Excadrill|Earthquake|p2a: Ferrothorn
|-damage|p2a: Ferrothorn|0 fnt
|faint|p2a: Ferrothorn
|
|-weather|RainDance|[upkeep]
|-heal|p1a: Excadrill|87/100|[from] item: Leftovers
|upkeep
|
|t:|1740363339
|switch|p2a: Sharpedo|Sharpedo, F|100/100
|turn|8
|
|t:|1740363352
|move|p1a: Excadrill|Rapid Spin|p2a: Sharpedo
|-damage|p2a: Sharpedo|84/100
|-sideend|p1: Shiny Ledian|Spikes|[from] move: Rapid Spin|[of] p1a: Excadrill
|-sideend|p1: Shiny Ledian|Stealth Rock|[from] move: Rapid Spin|[of] p1a: Excadrill
|move|p2a: Sharpedo|Earthquake|p1a: Excadrill
|-supereffective|p1a: Excadrill
|-damage|p1a: Excadrill|0 fnt
|faint|p1a: Excadrill
|-damage|p2a: Sharpedo|75/100|[from] item: Life Orb
|
|-weather|RainDance|[upkeep]
|-ability|p2a: Sharpedo|Speed Boost|boost
|-boost|p2a: Sharpedo|spe|1
|upkeep
|
|t:|1740363360
|switch|p1a: Amoonguss|Amoonguss, M|100/100
|turn|9
|
|t:|1740363364
|move|p2a: Sharpedo|Protect|p2a: Sharpedo
|-singleturn|p2a: Sharpedo|Protect
|move|p1a: Amoonguss|Giga Drain|p2a: Sharpedo
|-activate|p2a: Sharpedo|move: Protect
|
|-weather|RainDance|[upkeep]
|-ability|p2a: Sharpedo|Speed Boost|boost
|-boost|p2a: Sharpedo|spe|1
|upkeep
|turn|10
|
|t:|1740363375
|switch|p2a: Tentacruel|Tentacruel, M|100/100
|move|p1a: Amoonguss|Giga Drain|p2a: Tentacruel
|-damage|p2a: Tentacruel|83/100
|
|-weather|RainDance|[upkeep]
|-heal|p2a: Tentacruel|89/100|[from] ability: Rain Dish
|-heal|p2a: Tentacruel|95/100|[from] item: Black Sludge
|upkeep
|turn|11
|
|t:|1740363380
|move|p2a: Tentacruel|Knock Off|p1a: Amoonguss
|-damage|p1a: Amoonguss|97/100
|-enditem|p1a: Amoonguss|Black Sludge|[from] move: Knock Off|[of] p2a: Tentacruel
|move|p1a: Amoonguss|Stun Spore|p2a: Tentacruel
|-status|p2a: Tentacruel|par
|
|-weather|RainDance|[upkeep]
|-heal|p2a: Tentacruel|100/100 par|[from] ability: Rain Dish
|upkeep
|turn|12
|
|t:|1740363387
|move|p1a: Amoonguss|Giga Drain|p2a: Tentacruel
|-damage|p2a: Tentacruel|83/100 par
|-heal|p1a: Amoonguss|100/100|[from] drain|[of] p2a: Tentacruel
|move|p2a: Tentacruel|Scald|p1a: Amoonguss
|-resisted|p1a: Amoonguss
|-damage|p1a: Amoonguss|89/100
|-status|p1a: Amoonguss|brn
|
|-weather|RainDance|[upkeep]
|-heal|p2a: Tentacruel|89/100 par|[from] ability: Rain Dish
|-heal|p2a: Tentacruel|95/100 par|[from] item: Black Sludge
|-damage|p1a: Amoonguss|77/100 brn|[from] brn
|upkeep
|turn|13
|
|t:|1740363399
|switch|p1a: Gliscor|Gliscor, M|100/100
|move|p2a: Tentacruel|Protect||[still]
|-fail|p2a: Tentacruel
|
|-weather|RainDance|[upkeep]
|-heal|p2a: Tentacruel|100/100 par|[from] ability: Rain Dish
|-status|p1a: Gliscor|tox|[from] item: Toxic Orb
|upkeep
|turn|14
|
|t:|1740363403
|move|p1a: Gliscor|Stealth Rock|p2a: Tentacruel
|-sidestart|p2: baixiaohen|move: Stealth Rock
|cant|p2a: Tentacruel|par
|
|-weather|RainDance|[upkeep]
|upkeep
|turn|15
|
|t:|1740363411
|move|p1a: Gliscor|Earthquake|p2a: Tentacruel
|-supereffective|p2a: Tentacruel
|-damage|p2a: Tentacruel|43/100 par
|move|p2a: Tentacruel|Scald|p1a: Gliscor
|-supereffective|p1a: Gliscor
|-damage|p1a: Gliscor|39/100 tox
|
|-weather|RainDance|[upkeep]
|-heal|p2a: Tentacruel|49/100 par|[from] ability: Rain Dish
|-heal|p2a: Tentacruel|55/100 par|[from] item: Black Sludge
|-heal|p1a: Gliscor|52/100 tox|[from] ability: Poison Heal
|upkeep
|turn|16
|
|t:|1740363419
|move|p1a: Gliscor|Earthquake|p2a: Tentacruel
|-supereffective|p2a: Tentacruel
|-damage|p2a: Tentacruel|0 fnt
|faint|p2a: Tentacruel
|
|-weather|RainDance|[upkeep]
|-heal|p1a: Gliscor|64/100 tox|[from] ability: Poison Heal
|upkeep
|
|t:|1740363422
|switch|p2a: Sharpedo|Sharpedo, F|75/100
|-damage|p2a: Sharpedo|62/100|[from] Stealth Rock
|turn|17
|
|t:|1740363428
|move|p2a: Sharpedo|Crunch|p1a: Gliscor
|-damage|p1a: Gliscor|22/100 tox
|-unboost|p1a: Gliscor|def|1
|-damage|p2a: Sharpedo|52/100|[from] item: Life Orb
|move|p1a: Gliscor|U-turn|p2a: Sharpedo
|-supereffective|p2a: Sharpedo
|-damage|p2a: Sharpedo|0 fnt
|faint|p2a: Sharpedo
|
|t:|1740363434
|switch|p1a: Amoonguss|Amoonguss, M|100/100 brn|[from] U-turn
|
|-weather|RainDance|[upkeep]
|-damage|p1a: Amoonguss|88/100 brn|[from] brn
|upkeep
|-message|baixiaohen forfeited.
|
|win|Shiny Ledian
|raw|Shiny Ledian's rating: 1328 &rarr; <strong>1348</strong><br />(+20 for winning)
|raw|baixiaohen's rating: 1327 &rarr; <strong>1307</strong><br />(-20 for losing)
|l|☆baixiaohen
|player|p2|
