|j|☆Sawk123
|j|☆bxh318916
|t:|1730310773
|gametype|singles
|player|p1|Sawk123|265|1303
|player|p2|bxh318916|steven|1411
|teamsize|p1|6
|teamsize|p2|6
|gen|5
|tier|[Gen 5] OU
|rated|
|rule|Species Clause: Limit one of each Pokémon
|rule|OHKO Clause: OHKO moves are banned
|rule|Moody Clause: Moody is banned
|rule|Evasion Items Clause: Evasion items are banned
|rule|Evasion Moves Clause: Evasion moves are banned
|rule|Endless Battle Clause: Forcing endless battles is banned
|rule|HP Percentage Mod: HP is shown in percentages
|rule|Evasion Abilities Clause: Evasion abilities are banned
|rule|Sleep Moves Clause: Sleep-inducing moves are banned
|rule|Swagger Clause: Swagger is banned
|rule|Baton Pass Stat Clause: No Baton Passer may have a way to boost its stats
|clearpoke
|poke|p1|Keldeo|item
|poke|p1|Terrakion|item
|poke|p1|Ferrothorn, F|item
|poke|p1|Jellicent, F|item
|poke|p1|Excadrill, F|item
|poke|p1|Latios, M|item
|poke|p2|Tyranitar, M|item
|poke|p2|Keldeo|item
|poke|p2|Garchomp, F|item
|poke|p2|Zapdos|item
|poke|p2|Scizor, M|item
|poke|p2|Starmie|item
|teampreview
|inactive|Battle timer is ON: inactive players will automatically lose when time's up. (requested by Sawk123)
|
|t:|1730310783
|start
|switch|p1a: Keldeo|Keldeo|100/100
|switch|p2a: Zapdos|Zapdos|100/100
|-ability|p2a: Zapdos|Pressure
|turn|1
|
|t:|1730310791
|switch|p1a: Latios|Latios, M|100/100
|move|p2a: Zapdos|Toxic|p1a: Latios
|-status|p1a: Latios|tox
|
|-damage|p1a: Latios|95/100 tox|[from] psn
|upkeep
|turn|2
|
|t:|1730310800
|switch|p1a: Terrakion|Terrakion|100/100
|move|p2a: Zapdos|Roost||[still]
|-fail|p2a: Zapdos|heal
|
|upkeep
|turn|3
|
|t:|1730310808
|switch|p2a: Garchomp|Garchomp, F|100/100
|move|p1a: Terrakion|Swords Dance|p1a: Terrakion
|-boost|p1a: Terrakion|atk|2
|
|upkeep
|turn|4
|
|t:|1730310816
|move|p2a: Garchomp|Earthquake|p1a: Terrakion
|-supereffective|p1a: Terrakion
|-crit|p1a: Terrakion
|-enditem|p1a: Terrakion|Focus Sash
|-damage|p1a: Terrakion|1/100
|move|p1a: Terrakion|Close Combat|p2a: Garchomp
|-damage|p2a: Garchomp|0 fnt
|-unboost|p1a: Terrakion|def|1
|-unboost|p1a: Terrakion|spd|1
|-damage|p1a: Terrakion|0 fnt|[from] ability: Rough Skin|[of] p2a: Garchomp
|faint|p1a: Terrakion
|faint|p2a: Garchomp
|
|upkeep
|
|t:|1730310845
|switch|p1a: Keldeo|Keldeo|100/100
|switch|p2a: Scizor|Scizor, M|100/100
|turn|5
|
|t:|1730310852
|move|p1a: Keldeo|Hydro Pump|p2a: Scizor
|-damage|p2a: Scizor|0 fnt
|faint|p2a: Scizor
|-damage|p1a: Keldeo|91/100|[from] item: Life Orb
|
|upkeep
|
|t:|1730310860
|switch|p2a: Starmie|Starmie|100/100
|turn|6
|
|t:|1730310869
|switch|p1a: Ferrothorn|Ferrothorn, F|100/100
|move|p2a: Starmie|Thunder Wave|p1a: Ferrothorn
|-status|p1a: Ferrothorn|par
|
|upkeep
|turn|7
|
|t:|1730310882
|switch|p2a: Zapdos|Zapdos|100/100
|-ability|p2a: Zapdos|Pressure
|cant|p1a: Ferrothorn|par
|
|upkeep
|turn|8
|
|t:|1730310891
|switch|p1a: Latios|Latios, M|95/100 tox
|move|p2a: Zapdos|Heat Wave|p1a: Latios
|-resisted|p1a: Latios
|-damage|p1a: Latios|81/100 tox
|
|-damage|p1a: Latios|75/100 tox|[from] psn
|upkeep
|turn|9
|
|t:|1730310906
|switch|p1a: Keldeo|Keldeo|91/100
|move|p2a: Zapdos|Heat Wave|p1a: Keldeo
|-resisted|p1a: Keldeo
|-damage|p1a: Keldeo|74/100
|
|upkeep
|turn|10
|
|t:|1730310915
|move|p1a: Keldeo|Hidden Power|p2a: Zapdos
|-supereffective|p2a: Zapdos
|-damage|p2a: Zapdos|54/100
|-damage|p1a: Keldeo|64/100|[from] item: Life Orb
|move|p2a: Zapdos|Toxic|p1a: Keldeo
|-status|p1a: Keldeo|tox
|
|-heal|p2a: Zapdos|60/100|[from] item: Leftovers
|-damage|p1a: Keldeo|58/100 tox|[from] psn
|upkeep
|turn|11
|
|t:|1730310927
|move|p1a: Keldeo|Hydro Pump|p2a: Zapdos
|-damage|p2a: Zapdos|5/100
|-damage|p1a: Keldeo|48/100 tox|[from] item: Life Orb
|move|p2a: Zapdos|Roost|p2a: Zapdos
|-heal|p2a: Zapdos|55/100
|-singleturn|p2a: Zapdos|move: Roost
|
|-heal|p2a: Zapdos|61/100|[from] item: Leftovers
|-damage|p1a: Keldeo|36/100 tox|[from] psn
|upkeep
|turn|12
|
|t:|1730310949
|switch|p1a: Latios|Latios, M|75/100 tox
|move|p2a: Zapdos|Roost|p2a: Zapdos
|-heal|p2a: Zapdos|100/100
|-singleturn|p2a: Zapdos|move: Roost
|
|-damage|p1a: Latios|69/100 tox|[from] psn
|upkeep
|turn|13
|
|t:|1730310959
|switch|p2a: Tyranitar|Tyranitar, M|100/100
|-weather|Sandstorm|[from] ability: Sand Stream|[of] p2a: Tyranitar
|move|p1a: Latios|Calm Mind|p1a: Latios
|-boost|p1a: Latios|spa|1
|-boost|p1a: Latios|spd|1
|
|-weather|Sandstorm|[upkeep]
|-damage|p1a: Latios|63/100 tox|[from] Sandstorm
|-damage|p1a: Latios|51/100 tox|[from] psn
|upkeep
|turn|14
|
|t:|1730310975
|move|p1a: Latios|Draco Meteor|p2a: Tyranitar
|-crit|p2a: Tyranitar
|-damage|p2a: Tyranitar|0 fnt
|-unboost|p1a: Latios|spa|2
|faint|p2a: Tyranitar
|-damage|p1a: Latios|41/100 tox|[from] item: Life Orb
|
|-weather|Sandstorm|[upkeep]
|-damage|p1a: Latios|35/100 tox|[from] Sandstorm
|-damage|p1a: Latios|17/100 tox|[from] psn
|upkeep
|
|t:|1730310990
|switch|p2a: Zapdos|Zapdos|100/100
|-ability|p2a: Zapdos|Pressure
|turn|15
|
|t:|1730310998
|switch|p1a: Jellicent|Jellicent, F|100/100
|move|p2a: Zapdos|Heat Wave|p1a: Jellicent
|-resisted|p1a: Jellicent
|-crit|p1a: Jellicent
|-damage|p1a: Jellicent|84/100
|
|-weather|Sandstorm|[upkeep]
|-damage|p2a: Zapdos|94/100|[from] Sandstorm
|-damage|p1a: Jellicent|78/100|[from] Sandstorm
|-heal|p2a: Zapdos|100/100|[from] item: Leftovers
|-heal|p1a: Jellicent|84/100|[from] item: Leftovers
|upkeep
|turn|16
|
|t:|1730311010
|move|p2a: Zapdos|Toxic|p1a: Jellicent
|-status|p1a: Jellicent|tox
|move|p1a: Jellicent|Will-O-Wisp|p2a: Zapdos
|-status|p2a: Zapdos|brn
|
|-weather|Sandstorm|[upkeep]
|-damage|p2a: Zapdos|94/100 brn|[from] Sandstorm
|-damage|p1a: Jellicent|78/100 tox|[from] Sandstorm
|-heal|p2a: Zapdos|100/100 brn|[from] item: Leftovers
|-heal|p1a: Jellicent|84/100 tox|[from] item: Leftovers
|-damage|p1a: Jellicent|78/100 tox|[from] psn
|-damage|p2a: Zapdos|88/100 brn|[from] brn
|upkeep
|turn|17
|
|t:|1730311026
|move|p2a: Zapdos|Heat Wave|p1a: Jellicent
|-resisted|p1a: Jellicent
|-damage|p1a: Jellicent|70/100 tox
|move|p1a: Jellicent|Recover|p1a: Jellicent
|-heal|p1a: Jellicent|100/100 tox
|
|-weather|Sandstorm|[upkeep]
|-damage|p2a: Zapdos|82/100 brn|[from] Sandstorm
|-damage|p1a: Jellicent|94/100 tox|[from] Sandstorm
|-heal|p2a: Zapdos|88/100 brn|[from] item: Leftovers
|-heal|p1a: Jellicent|100/100 tox|[from] item: Leftovers
|-damage|p1a: Jellicent|88/100 tox|[from] psn
|-damage|p2a: Zapdos|76/100 brn|[from] brn
|upkeep
|turn|18
|inactive|bxh318916 has 120 seconds left.
|
|t:|1730311050
|move|p2a: Zapdos|Heat Wave|p1a: Jellicent
|-resisted|p1a: Jellicent
|-damage|p1a: Jellicent|81/100 tox
|move|p1a: Jellicent|Scald|p2a: Zapdos
|-damage|p2a: Zapdos|58/100 brn
|
|-weather|Sandstorm|[upkeep]
|-damage|p2a: Zapdos|52/100 brn|[from] Sandstorm
|-damage|p1a: Jellicent|75/100 tox|[from] Sandstorm
|-heal|p2a: Zapdos|58/100 brn|[from] item: Leftovers
|-heal|p1a: Jellicent|81/100 tox|[from] item: Leftovers
|-damage|p1a: Jellicent|62/100 tox|[from] psn
|-damage|p2a: Zapdos|46/100 brn|[from] brn
|upkeep
|turn|19
|inactive|bxh318916 has 120 seconds left.
|
|t:|1730311069
|move|p2a: Zapdos|Roost|p2a: Zapdos
|-heal|p2a: Zapdos|96/100 brn
|-singleturn|p2a: Zapdos|move: Roost
|move|p1a: Jellicent|Recover|p1a: Jellicent
|-heal|p1a: Jellicent|100/100 tox
|
|-weather|Sandstorm|[upkeep]
|-damage|p2a: Zapdos|90/100 brn|[from] Sandstorm
|-damage|p1a: Jellicent|94/100 tox|[from] Sandstorm
|-heal|p2a: Zapdos|96/100 brn|[from] item: Leftovers
|-heal|p1a: Jellicent|100/100 tox|[from] item: Leftovers
|-damage|p1a: Jellicent|76/100 tox|[from] psn
|-damage|p2a: Zapdos|84/100 brn|[from] brn
|upkeep
|turn|20
|inactive|bxh318916 has 120 seconds left.
|inactive|Sawk123 has 120 seconds left.
|
|t:|1730311093
|switch|p1a: Keldeo|Keldeo|36/100 tox
|move|p2a: Zapdos|Heat Wave|p1a: Keldeo
|-resisted|p1a: Keldeo
|-damage|p1a: Keldeo|20/100 tox
|
|-weather|Sandstorm|[upkeep]
|-damage|p1a: Keldeo|14/100 tox|[from] Sandstorm
|-damage|p2a: Zapdos|78/100 brn|[from] Sandstorm
|-heal|p2a: Zapdos|84/100 brn|[from] item: Leftovers
|-damage|p1a: Keldeo|8/100 tox|[from] psn
|-damage|p2a: Zapdos|71/100 brn|[from] brn
|upkeep
|turn|21
|
|t:|1730311106
|move|p1a: Keldeo|Hydro Pump|p2a: Zapdos
|-damage|p2a: Zapdos|15/100 brn
|-damage|p1a: Keldeo|0 fnt|[from] item: Life Orb
|faint|p1a: Keldeo
|move|p2a: Zapdos|Roost|p2a: Zapdos
|-heal|p2a: Zapdos|66/100 brn
|-singleturn|p2a: Zapdos|move: Roost
|
|-weather|Sandstorm|[upkeep]
|-damage|p2a: Zapdos|60/100 brn|[from] Sandstorm
|-heal|p2a: Zapdos|66/100 brn|[from] item: Leftovers
|-damage|p2a: Zapdos|53/100 brn|[from] brn
|upkeep
|
|t:|1730311118
|switch|p1a: Latios|Latios, M|17/100 tox
|turn|22
|inactive|bxh318916 has 120 seconds left.
|
|t:|1730311125
|switch|p2a: Starmie|Starmie|100/100
|move|p1a: Latios|Draco Meteor|p2a: Starmie
|-damage|p2a: Starmie|0 fnt
|-unboost|p1a: Latios|spa|2
|faint|p2a: Starmie
|-damage|p1a: Latios|7/100 tox|[from] item: Life Orb
|
|-weather|Sandstorm|[upkeep]
|-damage|p1a: Latios|1/100 tox|[from] Sandstorm
|-damage|p1a: Latios|0 fnt|[from] psn
|faint|p1a: Latios
|upkeep
|inactive|bxh318916 has 120 seconds left.
|
|t:|1730311139
|switch|p2a: Zapdos|Zapdos|53/100 brn
|switch|p1a: Excadrill|Excadrill, F|100/100
|-ability|p1a: Excadrill|Mold Breaker
|-item|p1a: Excadrill|Air Balloon
|-ability|p2a: Zapdos|Pressure
|turn|23
|inactive|bxh318916 has 120 seconds left.
|
|t:|1730311150
|move|p1a: Excadrill|Iron Head|p2a: Zapdos
|-resisted|p2a: Zapdos
|-damage|p2a: Zapdos|33/100 brn
|cant|p2a: Zapdos|flinch
|
|-weather|Sandstorm|[upkeep]
|-damage|p2a: Zapdos|27/100 brn|[from] Sandstorm
|-heal|p2a: Zapdos|33/100 brn|[from] item: Leftovers
|-damage|p2a: Zapdos|21/100 brn|[from] brn
|upkeep
|turn|24
|inactive|bxh318916 has 120 seconds left.
|
|t:|1730311161
|move|p1a: Excadrill|Iron Head|p2a: Zapdos
|-resisted|p2a: Zapdos
|-damage|p2a: Zapdos|0 fnt
|faint|p2a: Zapdos
|
|-weather|Sandstorm|[upkeep]
|upkeep
|inactive|bxh318916 has 120 seconds left.
|
|t:|1730311168
|switch|p2a: Keldeo|Keldeo|100/100
|turn|25
|
|t:|1730311175
|switch|p1a: Ferrothorn|Ferrothorn, F|100/100 par
|move|p2a: Keldeo|Secret Sword|p1a: Ferrothorn
|-supereffective|p1a: Ferrothorn
|-damage|p1a: Ferrothorn|31/100 par
|
|-weather|Sandstorm|[upkeep]
|-damage|p2a: Keldeo|94/100|[from] Sandstorm
|-heal|p2a: Keldeo|100/100|[from] item: Leftovers
|-heal|p1a: Ferrothorn|37/100 par|[from] item: Leftovers
|upkeep
|turn|26
|
|t:|1730311187
|move|p2a: Keldeo|Secret Sword|p1a: Ferrothorn
|-supereffective|p1a: Ferrothorn
|-damage|p1a: Ferrothorn|0 fnt
|faint|p1a: Ferrothorn
|
|-weather|Sandstorm|[upkeep]
|-damage|p2a: Keldeo|94/100|[from] Sandstorm
|-heal|p2a: Keldeo|100/100|[from] item: Leftovers
|upkeep
|
|t:|1730311192
|switch|p1a: Jellicent|Jellicent, F|76/100 tox
|turn|27
|
|t:|1730311201
|move|p2a: Keldeo|Substitute|p2a: Keldeo
|-start|p2a: Keldeo|Substitute
|-damage|p2a: Keldeo|75/100
|move|p1a: Jellicent|Will-O-Wisp||[still]
|-fail|p1a: Jellicent
|
|-weather|Sandstorm|[upkeep]
|-damage|p2a: Keldeo|69/100|[from] Sandstorm
|-damage|p1a: Jellicent|70/100 tox|[from] Sandstorm
|-heal|p2a: Keldeo|75/100|[from] item: Leftovers
|-heal|p1a: Jellicent|76/100 tox|[from] item: Leftovers
|-damage|p1a: Jellicent|70/100 tox|[from] psn
|upkeep
|turn|28
|
|t:|1730311214
|move|p2a: Keldeo|Calm Mind|p2a: Keldeo
|-boost|p2a: Keldeo|spa|1
|-boost|p2a: Keldeo|spd|1
|move|p1a: Jellicent|Taunt|p2a: Keldeo
|-start|p2a: Keldeo|move: Taunt
|
|-weather|Sandstorm|[upkeep]
|-damage|p2a: Keldeo|69/100|[from] Sandstorm
|-damage|p1a: Jellicent|63/100 tox|[from] Sandstorm
|-heal|p2a: Keldeo|75/100|[from] item: Leftovers
|-heal|p1a: Jellicent|70/100 tox|[from] item: Leftovers
|-damage|p1a: Jellicent|57/100 tox|[from] psn
|upkeep
|turn|29
|
|t:|1730311231
|move|p2a: Keldeo|Secret Sword|p1a: Jellicent
|-immune|p1a: Jellicent
|move|p1a: Jellicent|Scald|p2a: Keldeo
|-resisted|p2a: Keldeo
|-activate|p2a: Keldeo|Substitute|[damage]
|
|-weather|Sandstorm|[upkeep]
|-damage|p2a: Keldeo|69/100|[from] Sandstorm
|-damage|p1a: Jellicent|51/100 tox|[from] Sandstorm
|-heal|p2a: Keldeo|75/100|[from] item: Leftovers
|-heal|p1a: Jellicent|57/100 tox|[from] item: Leftovers
|-damage|p1a: Jellicent|39/100 tox|[from] psn
|upkeep
|turn|30
|
|t:|1730311245
|move|p2a: Keldeo|Secret Sword|p1a: Jellicent
|-immune|p1a: Jellicent
|move|p1a: Jellicent|Recover|p1a: Jellicent
|-heal|p1a: Jellicent|89/100 tox
|
|-weather|Sandstorm|[upkeep]
|-damage|p2a: Keldeo|69/100|[from] Sandstorm
|-damage|p1a: Jellicent|82/100 tox|[from] Sandstorm
|-heal|p2a: Keldeo|75/100|[from] item: Leftovers
|-heal|p1a: Jellicent|89/100 tox|[from] item: Leftovers
|-damage|p1a: Jellicent|64/100 tox|[from] psn
|upkeep
|turn|31
|
|t:|1730311262
|move|p2a: Keldeo|Secret Sword|p1a: Jellicent
|-immune|p1a: Jellicent
|move|p1a: Jellicent|Scald|p2a: Keldeo
|-resisted|p2a: Keldeo
|-activate|p2a: Keldeo|Substitute|[damage]
|
|-weather|Sandstorm|[upkeep]
|-damage|p2a: Keldeo|69/100|[from] Sandstorm
|-damage|p1a: Jellicent|58/100 tox|[from] Sandstorm
|-heal|p2a: Keldeo|75/100|[from] item: Leftovers
|-heal|p1a: Jellicent|64/100 tox|[from] item: Leftovers
|-damage|p1a: Jellicent|33/100 tox|[from] psn
|-end|p2a: Keldeo|move: Taunt
|upkeep
|turn|32
|
|t:|1730311277
|move|p2a: Keldeo|Calm Mind|p2a: Keldeo
|-boost|p2a: Keldeo|spa|1
|-boost|p2a: Keldeo|spd|1
|move|p1a: Jellicent|Recover|p1a: Jellicent
|-heal|p1a: Jellicent|83/100 tox
|
|-weather|Sandstorm|[upkeep]
|-damage|p2a: Keldeo|69/100|[from] Sandstorm
|-damage|p1a: Jellicent|77/100 tox|[from] Sandstorm
|-heal|p2a: Keldeo|75/100|[from] item: Leftovers
|-heal|p1a: Jellicent|83/100 tox|[from] item: Leftovers
|-damage|p1a: Jellicent|46/100 tox|[from] psn
|upkeep
|turn|33
|
|t:|1730311291
|switch|p1a: Excadrill|Excadrill, F|100/100
|-ability|p1a: Excadrill|Mold Breaker
|-item|p1a: Excadrill|Air Balloon
|move|p2a: Keldeo|Calm Mind|p2a: Keldeo
|-boost|p2a: Keldeo|spa|1
|-boost|p2a: Keldeo|spd|1
|
|-weather|Sandstorm|[upkeep]
|-damage|p2a: Keldeo|69/100|[from] Sandstorm
|-heal|p2a: Keldeo|75/100|[from] item: Leftovers
|upkeep
|turn|34
|
|t:|1730311307
|switch|p1a: Jellicent|Jellicent, F|46/100 tox
|move|p2a: Keldeo|Secret Sword|p1a: Jellicent
|-immune|p1a: Jellicent
|
|-weather|Sandstorm|[upkeep]
|-damage|p2a: Keldeo|69/100|[from] Sandstorm
|-damage|p1a: Jellicent|40/100 tox|[from] Sandstorm
|-heal|p2a: Keldeo|75/100|[from] item: Leftovers
|-heal|p1a: Jellicent|46/100 tox|[from] item: Leftovers
|-damage|p1a: Jellicent|40/100 tox|[from] psn
|upkeep
|turn|35
|
|t:|1730311320
|move|p2a: Keldeo|Calm Mind|p2a: Keldeo
|-boost|p2a: Keldeo|spa|1
|-boost|p2a: Keldeo|spd|1
|move|p1a: Jellicent|Recover|p1a: Jellicent
|-heal|p1a: Jellicent|90/100 tox
|
|-weather|Sandstorm|[upkeep]
|-damage|p2a: Keldeo|69/100|[from] Sandstorm
|-damage|p1a: Jellicent|83/100 tox|[from] Sandstorm
|-heal|p2a: Keldeo|75/100|[from] item: Leftovers
|-heal|p1a: Jellicent|90/100 tox|[from] item: Leftovers
|-damage|p1a: Jellicent|77/100 tox|[from] psn
|upkeep
|turn|36
|
|t:|1730311333
|move|p2a: Keldeo|Calm Mind|p2a: Keldeo
|-boost|p2a: Keldeo|spa|1
|-boost|p2a: Keldeo|spd|1
|move|p1a: Jellicent|Taunt|p2a: Keldeo
|-start|p2a: Keldeo|move: Taunt
|
|-weather|Sandstorm|[upkeep]
|-damage|p2a: Keldeo|69/100|[from] Sandstorm
|-damage|p1a: Jellicent|71/100 tox|[from] Sandstorm
|-heal|p2a: Keldeo|75/100|[from] item: Leftovers
|-heal|p1a: Jellicent|77/100 tox|[from] item: Leftovers
|-damage|p1a: Jellicent|59/100 tox|[from] psn
|upkeep
|turn|37
|
|t:|1730311347
|move|p2a: Keldeo|Secret Sword|p1a: Jellicent
|-immune|p1a: Jellicent
|move|p1a: Jellicent|Scald|p2a: Keldeo
|-resisted|p2a: Keldeo
|-activate|p2a: Keldeo|Substitute|[damage]
|
|-weather|Sandstorm|[upkeep]
|-damage|p2a: Keldeo|69/100|[from] Sandstorm
|-damage|p1a: Jellicent|52/100 tox|[from] Sandstorm
|-heal|p2a: Keldeo|75/100|[from] item: Leftovers
|-heal|p1a: Jellicent|59/100 tox|[from] item: Leftovers
|-damage|p1a: Jellicent|34/100 tox|[from] psn
|upkeep
|turn|38
|
|t:|1730311362
|move|p2a: Keldeo|Secret Sword|p1a: Jellicent
|-immune|p1a: Jellicent
|move|p1a: Jellicent|Recover|p1a: Jellicent
|-heal|p1a: Jellicent|84/100 tox
|
|-weather|Sandstorm|[upkeep]
|-damage|p2a: Keldeo|69/100|[from] Sandstorm
|-damage|p1a: Jellicent|78/100 tox|[from] Sandstorm
|-heal|p2a: Keldeo|75/100|[from] item: Leftovers
|-heal|p1a: Jellicent|84/100 tox|[from] item: Leftovers
|-damage|p1a: Jellicent|53/100 tox|[from] psn
|upkeep
|turn|39
|
|t:|1730311375
|move|p2a: Keldeo|Secret Sword|p1a: Jellicent
|-immune|p1a: Jellicent
|move|p1a: Jellicent|Scald|p2a: Keldeo
|-resisted|p2a: Keldeo
|-activate|p2a: Keldeo|Substitute|[damage]
|
|-weather|Sandstorm|[upkeep]
|-damage|p2a: Keldeo|69/100|[from] Sandstorm
|-damage|p1a: Jellicent|47/100 tox|[from] Sandstorm
|-heal|p2a: Keldeo|75/100|[from] item: Leftovers
|-heal|p1a: Jellicent|53/100 tox|[from] item: Leftovers
|-damage|p1a: Jellicent|16/100 tox|[from] psn
|-end|p2a: Keldeo|move: Taunt
|upkeep
|turn|40
|j| BluuError%
|inactive|bxh318916 has 120 seconds left.
|
|t:|1730311391
|switch|p1a: Excadrill|Excadrill, F|100/100
|-ability|p1a: Excadrill|Mold Breaker
|-item|p1a: Excadrill|Air Balloon
|move|p2a: Keldeo|Calm Mind|p2a: Keldeo
|-boost|p2a: Keldeo|spa|1
|-boost|p2a: Keldeo|spd|1
|
|-weather|Sandstorm|[upkeep]
|-damage|p2a: Keldeo|69/100|[from] Sandstorm
|-heal|p2a: Keldeo|75/100|[from] item: Leftovers
|upkeep
|turn|41
|inactive|bxh318916 has 120 seconds left.
|
|t:|1730311415
|switch|p1a: Jellicent|Jellicent, F|16/100 tox
|move|p2a: Keldeo|Secret Sword|p1a: Jellicent
|-immune|p1a: Jellicent
|
|-weather|Sandstorm|[upkeep]
|-damage|p2a: Keldeo|69/100|[from] Sandstorm
|-damage|p1a: Jellicent|10/100 tox|[from] Sandstorm
|-heal|p2a: Keldeo|75/100|[from] item: Leftovers
|-heal|p1a: Jellicent|16/100 tox|[from] item: Leftovers
|-damage|p1a: Jellicent|10/100 tox|[from] psn
|upkeep
|turn|42
|inactive|bxh318916 has 120 seconds left.
|
|t:|1730311429
|move|p2a: Keldeo|Secret Sword|p1a: Jellicent
|-immune|p1a: Jellicent
|move|p1a: Jellicent|Recover|p1a: Jellicent
|-heal|p1a: Jellicent|60/100 tox
|
|-weather|Sandstorm|[upkeep]
|-damage|p2a: Keldeo|69/100|[from] Sandstorm
|-damage|p1a: Jellicent|53/100 tox|[from] Sandstorm
|-heal|p2a: Keldeo|75/100|[from] item: Leftovers
|-heal|p1a: Jellicent|60/100 tox|[from] item: Leftovers
|-damage|p1a: Jellicent|47/100 tox|[from] psn
|upkeep
|turn|43
|inactive|bxh318916 has 120 seconds left.
|
|t:|1730311442
|move|p2a: Keldeo|Secret Sword|p1a: Jellicent
|-immune|p1a: Jellicent
|move|p1a: Jellicent|Recover|p1a: Jellicent
|-heal|p1a: Jellicent|97/100 tox
|
|-weather|Sandstorm|[upkeep]
|-damage|p2a: Keldeo|69/100|[from] Sandstorm
|-damage|p1a: Jellicent|91/100 tox|[from] Sandstorm
|-heal|p2a: Keldeo|75/100|[from] item: Leftovers
|-heal|p1a: Jellicent|97/100 tox|[from] item: Leftovers
|-damage|p1a: Jellicent|79/100 tox|[from] psn
|upkeep
|turn|44
|inactive|bxh318916 has 120 seconds left.
|
|t:|1730311459
|move|p2a: Keldeo|Substitute|p2a: Keldeo
|-fail|p2a: Keldeo|move: Substitute
|move|p1a: Jellicent|Taunt|p2a: Keldeo
|-start|p2a: Keldeo|move: Taunt
|
|-weather|Sandstorm|[upkeep]
|-damage|p2a: Keldeo|69/100|[from] Sandstorm
|-damage|p1a: Jellicent|73/100 tox|[from] Sandstorm
|-heal|p2a: Keldeo|75/100|[from] item: Leftovers
|-heal|p1a: Jellicent|79/100 tox|[from] item: Leftovers
|-damage|p1a: Jellicent|54/100 tox|[from] psn
|upkeep
|turn|45
|inactive|bxh318916 has 120 seconds left.
|
|t:|1730311474
|move|p2a: Keldeo|Secret Sword|p1a: Jellicent
|-immune|p1a: Jellicent
|move|p1a: Jellicent|Scald|p2a: Keldeo
|-resisted|p2a: Keldeo
|-crit|p2a: Keldeo
|-end|p2a: Keldeo|Substitute
|
|-weather|Sandstorm|[upkeep]
|-damage|p2a: Keldeo|69/100|[from] Sandstorm
|-damage|p1a: Jellicent|48/100 tox|[from] Sandstorm
|-heal|p2a: Keldeo|75/100|[from] item: Leftovers
|-heal|p1a: Jellicent|54/100 tox|[from] item: Leftovers
|-damage|p1a: Jellicent|23/100 tox|[from] psn
|upkeep
|turn|46
|
|t:|1730311492
|switch|p1a: Excadrill|Excadrill, F|100/100
|-ability|p1a: Excadrill|Mold Breaker
|-item|p1a: Excadrill|Air Balloon
|move|p2a: Keldeo|Secret Sword|p1a: Excadrill
|-supereffective|p1a: Excadrill
|-damage|p1a: Excadrill|0 fnt
|-enditem|p1a: Excadrill|Air Balloon
|faint|p1a: Excadrill
|
|-weather|Sandstorm|[upkeep]
|-damage|p2a: Keldeo|69/100|[from] Sandstorm
|-heal|p2a: Keldeo|75/100|[from] item: Leftovers
|upkeep
|
|t:|1730311495
|switch|p1a: Jellicent|Jellicent, F|23/100 tox
|turn|47
|
|t:|1730311510
|move|p2a: Keldeo|Secret Sword|p1a: Jellicent
|-immune|p1a: Jellicent
|move|p1a: Jellicent|Will-O-Wisp|p2a: Keldeo
|-status|p2a: Keldeo|brn
|
|-weather|Sandstorm|[upkeep]
|-damage|p2a: Keldeo|69/100 brn|[from] Sandstorm
|-damage|p1a: Jellicent|17/100 tox|[from] Sandstorm
|-heal|p2a: Keldeo|75/100 brn|[from] item: Leftovers
|-heal|p1a: Jellicent|23/100 tox|[from] item: Leftovers
|-damage|p1a: Jellicent|17/100 tox|[from] psn
|-damage|p2a: Keldeo|63/100 brn|[from] brn
|-end|p2a: Keldeo|move: Taunt
|upkeep
|turn|48
|
|t:|1730311527
|move|p2a: Keldeo|Substitute|p2a: Keldeo
|-start|p2a: Keldeo|Substitute
|-damage|p2a: Keldeo|38/100 brn
|move|p1a: Jellicent|Recover|p1a: Jellicent
|-heal|p1a: Jellicent|67/100 tox
|
|-weather|Sandstorm|[upkeep]
|-damage|p2a: Keldeo|32/100 brn|[from] Sandstorm
|-damage|p1a: Jellicent|61/100 tox|[from] Sandstorm
|-heal|p2a: Keldeo|38/100 brn|[from] item: Leftovers
|-heal|p1a: Jellicent|67/100 tox|[from] item: Leftovers
|-damage|p1a: Jellicent|54/100 tox|[from] psn
|-damage|p2a: Keldeo|26/100 brn|[from] brn
|upkeep
|turn|49
|
|t:|1730311541
|move|p2a: Keldeo|Calm Mind|p2a: Keldeo
|-boost|p2a: Keldeo|spa|0
|-boost|p2a: Keldeo|spd|0
|move|p1a: Jellicent|Recover|p1a: Jellicent
|-heal|p1a: Jellicent|100/100 tox
|
|-weather|Sandstorm|[upkeep]
|-damage|p2a: Keldeo|20/100 brn|[from] Sandstorm
|-damage|p1a: Jellicent|94/100 tox|[from] Sandstorm
|-heal|p2a: Keldeo|26/100 brn|[from] item: Leftovers
|-heal|p1a: Jellicent|100/100 tox|[from] item: Leftovers
|-damage|p1a: Jellicent|82/100 tox|[from] psn
|-damage|p2a: Keldeo|13/100 brn|[from] brn
|upkeep
|turn|50
|
|t:|1730311557
|move|p2a: Keldeo|Calm Mind|p2a: Keldeo
|-boost|p2a: Keldeo|spa|0
|-boost|p2a: Keldeo|spd|0
|move|p1a: Jellicent|Recover|p1a: Jellicent
|-heal|p1a: Jellicent|100/100 tox
|
|-weather|Sandstorm|[upkeep]
|-damage|p2a: Keldeo|7/100 brn|[from] Sandstorm
|-damage|p1a: Jellicent|94/100 tox|[from] Sandstorm
|-heal|p2a: Keldeo|13/100 brn|[from] item: Leftovers
|-heal|p1a: Jellicent|100/100 tox|[from] item: Leftovers
|-damage|p1a: Jellicent|76/100 tox|[from] psn
|-damage|p2a: Keldeo|1/100 brn|[from] brn
|upkeep
|turn|51
|-message|bxh318916 forfeited.
|
|win|Sawk123
|raw|Sawk123's rating: 1303 &rarr; <strong>1329</strong><br />(+26 for winning)
|raw|bxh318916's rating: 1411 &rarr; <strong>1385</strong><br />(-26 for losing)
|l|☆bxh318916
|player|p2|
