|j|☆Luigi
|j|☆RAlexa21th
|player|p1|Luigi|184
|player|p2|RAlexa21th|170
|teamsize|p1|6
|teamsize|p2|6
|gametype|singles
|gen|5
|tier|[Gen 5] OU
|rated|
|rule|Sleep Clause Mod: Limit one foe put to sleep
|rule|Species Clause: Limit one of each Pokémon
|rule|OHKO Clause: OHKO moves are banned
|rule|Moody Clause: Moody is banned
|rule|Evasion Moves Clause: Evasion moves are banned
|rule|Endless Battle Clause: Forcing endless battles is banned
|rule|HP Percentage Mod: HP is shown in percentages
|rule|Evasion Abilities Clause: Evasion abilities are banned
|rule|Baton Pass Clause: Limit one Baton Passer, can't pass Spe and other stats simultaneously
|rule|Swagger Clause: Swagger is banned
|clearpoke
|poke|p1|Gastrodon, M|item
|poke|p1|Alakazam, F|item
|poke|p1|Heatran, M|item
|poke|p1|Celebi|item
|poke|p1|Landorus-Therian, M|item
|poke|p1|Mienshao, F|item
|poke|p2|Tyranitar, M|item
|poke|p2|Garchomp, M|item
|poke|p2|Mamoswine, F|item
|poke|p2|Magnezone|item
|poke|p2|Latios, M|item
|poke|p2|Keldeo|item
|teampreview
|
|start
|switch|p1a: Akira Sendoh|Mienshao, F, shiny|100/100
|switch|p2a: Flying Rocks|Latios, M|100/100
|turn|1
|
|move|p1a: Akira Sendoh|Fake Out|p2a: Flying Rocks
|-damage|p2a: Flying Rocks|76/100
|-damage|p1a: Akira Sendoh|91/100|[from] item: Life Orb
|cant|p2a: Flying Rocks|flinch
|
|-heal|p2a: Flying Rocks|82/100|[from] item: Leftovers
|upkeep
|turn|2
|
|switch|p1a: Jun Uozumi|Heatran, M|100/100
|move|p2a: Flying Rocks|Calm Mind|p2a: Flying Rocks
|-boost|p2a: Flying Rocks|spa|1
|-boost|p2a: Flying Rocks|spd|1
|
|-heal|p2a: Flying Rocks|88/100|[from] item: Leftovers
|upkeep
|turn|3
|inactive|Battle timer is ON: inactive players will automatically lose when time's up. (requested by RAlexa21th)
|
|move|p2a: Flying Rocks|Surf|p1a: Jun Uozumi
|-supereffective|p1a: Jun Uozumi
|-damage|p1a: Jun Uozumi|39/100
|move|p1a: Jun Uozumi|Toxic|p2a: Flying Rocks
|-status|p2a: Flying Rocks|tox
|
|-heal|p2a: Flying Rocks|94/100 tox|[from] item: Leftovers
|-heal|p1a: Jun Uozumi|45/100|[from] item: Leftovers
|-damage|p2a: Flying Rocks|88/100 tox|[from] psn
|upkeep
|turn|4
|
|switch|p1a: Hiroaki Koshino|Celebi|100/100
|move|p2a: Flying Rocks|Draco Meteor|p1a: Hiroaki Koshino
|-damage|p1a: Hiroaki Koshino|5/100
|-unboost|p2a: Flying Rocks|spa|2
|
|-heal|p2a: Flying Rocks|94/100 tox|[from] item: Leftovers
|-heal|p1a: Hiroaki Koshino|11/100|[from] item: Leftovers
|-damage|p2a: Flying Rocks|82/100 tox|[from] psn
|upkeep
|turn|5
|
|move|p2a: Flying Rocks|Draco Meteor|p1a: Hiroaki Koshino
|-damage|p1a: Hiroaki Koshino|0 fnt
|-unboost|p2a: Flying Rocks|spa|2
|faint|p1a: Hiroaki Koshino
|
|-heal|p2a: Flying Rocks|88/100 tox|[from] item: Leftovers
|-damage|p2a: Flying Rocks|70/100 tox|[from] psn
|upkeep
|
|switch|p1a: Ryoji Ikegami|Landorus-Therian, M|100/100
|-ability|p1a: Ryoji Ikegami|Intimidate|boost
|-unboost|p2a: Flying Rocks|atk|1
|turn|6
|
|switch|p2a: Pointy|Mamoswine, F|100/100
|move|p1a: Ryoji Ikegami|U-turn|p2a: Pointy
|-damage|p2a: Pointy|69/100
|inactive|Luigi has 135 seconds left.
|inactive|Luigi has 120 seconds left.
|
|switch|p1a: Jun Uozumi|Heatran, M|45/100
|
|-heal|p1a: Jun Uozumi|51/100|[from] item: Leftovers
|upkeep
|turn|7
|inactive|RAlexa21th has 135 seconds left.
|inactive|RAlexa21th has 120 seconds left.
|inactive|RAlexa21th has 105 seconds left.
|inactive|RAlexa21th has 90 seconds left.
|inactive|RAlexa21th has 75 seconds left.
|inactive|RAlexa21th has 60 seconds left.
|
|move|p2a: Pointy|Stealth Rock|p1a: Jun Uozumi
|-sidestart|p1: Luigi|move: Stealth Rock
|move|p1a: Jun Uozumi|Stealth Rock|p2a: Pointy
|-sidestart|p2: RAlexa21th|move: Stealth Rock
|
|-heal|p1a: Jun Uozumi|57/100|[from] item: Leftovers
|upkeep
|turn|8
|
|switch|p1a: Moichi Taoka|Gastrodon, M|100/100
|-damage|p1a: Moichi Taoka|94/100|[from] Stealth Rock
|move|p2a: Pointy|Earthquake|p1a: Moichi Taoka
|-damage|p1a: Moichi Taoka|50/100
|
|-heal|p1a: Moichi Taoka|56/100|[from] item: Leftovers
|upkeep
|turn|9
|
|move|p2a: Pointy|Earthquake|p1a: Moichi Taoka
|-damage|p1a: Moichi Taoka|12/100
|move|p1a: Moichi Taoka|Recover|p1a: Moichi Taoka
|-heal|p1a: Moichi Taoka|62/100
|
|-heal|p1a: Moichi Taoka|68/100|[from] item: Leftovers
|upkeep
|turn|10
|
|switch|p2a: Flying Rocks|Latios, M|70/100 tox
|-damage|p2a: Flying Rocks|58/100 tox|[from] Stealth Rock
|move|p1a: Moichi Taoka|Recover|p1a: Moichi Taoka
|-heal|p1a: Moichi Taoka|100/100
|
|-heal|p2a: Flying Rocks|64/100 tox|[from] item: Leftovers
|-damage|p2a: Flying Rocks|58/100 tox|[from] psn
|upkeep
|turn|11
|
|move|p2a: Flying Rocks|Calm Mind|p2a: Flying Rocks
|-boost|p2a: Flying Rocks|spa|1
|-boost|p2a: Flying Rocks|spd|1
|move|p1a: Moichi Taoka|Ice Beam|p2a: Flying Rocks
|-supereffective|p2a: Flying Rocks
|-damage|p2a: Flying Rocks|30/100 tox
|
|-heal|p2a: Flying Rocks|36/100 tox|[from] item: Leftovers
|-damage|p2a: Flying Rocks|24/100 tox|[from] psn
|upkeep
|turn|12
|
|move|p2a: Flying Rocks|Draco Meteor|p1a: Moichi Taoka
|-damage|p1a: Moichi Taoka|18/100
|-unboost|p2a: Flying Rocks|spa|2
|move|p1a: Moichi Taoka|Recover|p1a: Moichi Taoka
|-heal|p1a: Moichi Taoka|68/100
|
|-heal|p2a: Flying Rocks|30/100 tox|[from] item: Leftovers
|-heal|p1a: Moichi Taoka|74/100|[from] item: Leftovers
|-damage|p2a: Flying Rocks|12/100 tox|[from] psn
|upkeep
|turn|13
|
|move|p2a: Flying Rocks|Draco Meteor|p1a: Moichi Taoka
|-damage|p1a: Moichi Taoka|37/100
|-unboost|p2a: Flying Rocks|spa|2
|move|p1a: Moichi Taoka|Recover|p1a: Moichi Taoka
|-heal|p1a: Moichi Taoka|87/100
|
|-heal|p2a: Flying Rocks|18/100 tox|[from] item: Leftovers
|-heal|p1a: Moichi Taoka|93/100|[from] item: Leftovers
|-damage|p2a: Flying Rocks|0 fnt|[from] psn
|upkeep
|faint|p2a: Flying Rocks
|
|switch|p2a: Stormtrooper|Keldeo|100/100
|-damage|p2a: Stormtrooper|94/100|[from] Stealth Rock
|turn|14
|inactive|Luigi has 135 seconds left.
|
|move|p2a: Stormtrooper|Calm Mind|p2a: Stormtrooper
|-boost|p2a: Stormtrooper|spa|1
|-boost|p2a: Stormtrooper|spd|1
|move|p1a: Moichi Taoka|Recover|p1a: Moichi Taoka
|-heal|p1a: Moichi Taoka|100/100
|
|-heal|p2a: Stormtrooper|100/100|[from] item: Leftovers
|upkeep
|turn|15
|
|move|p2a: Stormtrooper|Calm Mind|p2a: Stormtrooper
|-boost|p2a: Stormtrooper|spa|1
|-boost|p2a: Stormtrooper|spd|1
|move|p1a: Moichi Taoka|Earthquake|p2a: Stormtrooper
|-damage|p2a: Stormtrooper|68/100
|
|-heal|p2a: Stormtrooper|74/100|[from] item: Leftovers
|upkeep
|turn|16
|inactive|Luigi has 135 seconds left.
|
|switch|p1a: Jun Uozumi|Heatran, M|57/100
|-damage|p1a: Jun Uozumi|45/100|[from] Stealth Rock
|move|p2a: Stormtrooper|Secret Sword|p1a: Jun Uozumi
|-supereffective|p1a: Jun Uozumi
|-damage|p1a: Jun Uozumi|0 fnt
|faint|p1a: Jun Uozumi
|
|-heal|p2a: Stormtrooper|80/100|[from] item: Leftovers
|upkeep
|
|switch|p1a: Ryoji Ikegami|Landorus-Therian, M|100/100
|-damage|p1a: Ryoji Ikegami|88/100|[from] Stealth Rock
|-ability|p1a: Ryoji Ikegami|Intimidate|boost
|-unboost|p2a: Stormtrooper|atk|1
|turn|17
|inactive|RAlexa21th has 135 seconds left.
|
|move|p1a: Ryoji Ikegami|Explosion|p2a: Stormtrooper
|-damage|p2a: Stormtrooper|0 fnt
|faint|p1a: Ryoji Ikegami
|faint|p2a: Stormtrooper
|
|upkeep
|
|switch|p2a: Master of Magnet|Magnezone|100/100
|switch|p1a: Moichi Taoka|Gastrodon, M|100/100
|-damage|p2a: Master of Magnet|94/100|[from] Stealth Rock
|-damage|p1a: Moichi Taoka|94/100|[from] Stealth Rock
|turn|18
|
|switch|p2a: Mega Flygon|Garchomp, M|100/100
|-damage|p2a: Mega Flygon|94/100|[from] Stealth Rock
|move|p1a: Moichi Taoka|Earthquake|p2a: Mega Flygon
|-damage|p2a: Mega Flygon|62/100
|
|-heal|p1a: Moichi Taoka|100/100|[from] item: Leftovers
|upkeep
|turn|19
|
|move|p2a: Mega Flygon|Outrage|p1a: Moichi Taoka
|-damage|p1a: Moichi Taoka|48/100
|move|p1a: Moichi Taoka|Ice Beam|p2a: Mega Flygon
|-supereffective|p2a: Mega Flygon
|-damage|p2a: Mega Flygon|0 fnt
|faint|p2a: Mega Flygon
|
|-heal|p1a: Moichi Taoka|54/100|[from] item: Leftovers
|upkeep
|inactive|RAlexa21th has 135 seconds left.
|
|switch|p2a: Pointy|Mamoswine, F|69/100
|-damage|p2a: Pointy|56/100|[from] Stealth Rock
|turn|20
|
|move|p2a: Pointy|Icicle Spear|p1a: Moichi Taoka
|-damage|p1a: Moichi Taoka|43/100
|-damage|p1a: Moichi Taoka|32/100
|-damage|p1a: Moichi Taoka|20/100
|-damage|p1a: Moichi Taoka|8/100
|-damage|p1a: Moichi Taoka|0 fnt
|-hitcount|p1a: Moichi Taoka|5
|faint|p1a: Moichi Taoka
|
|upkeep
|
|switch|p1a: Akira Sendoh|Mienshao, F, shiny|100/100
|-damage|p1a: Akira Sendoh|94/100|[from] Stealth Rock
|turn|21
|
|move|p2a: Pointy|Ice Shard|p1a: Akira Sendoh
|-damage|p1a: Akira Sendoh|52/100
|move|p1a: Akira Sendoh|High Jump Kick|p2a: Pointy
|-supereffective|p2a: Pointy
|-damage|p2a: Pointy|0 fnt
|-damage|p1a: Akira Sendoh|43/100|[from] item: Life Orb
|faint|p2a: Pointy
|
|upkeep
|
|switch|p2a: Master of Magnet|Magnezone|94/100
|-damage|p2a: Master of Magnet|88/100|[from] Stealth Rock
|turn|22
|inactive|RAlexa21th has 135 seconds left.
|
|move|p2a: Master of Magnet|Thunderbolt|p1a: Akira Sendoh
|-damage|p1a: Akira Sendoh|0 fnt
|faint|p1a: Akira Sendoh
|
|upkeep
|
|switch|p1a: Kicchou Fukuda|Alakazam, F|100/100
|turn|23
|
|move|p1a: Kicchou Fukuda|Focus Blast|p2a: Master of Magnet
|-supereffective|p2a: Master of Magnet
|-damage|p2a: Master of Magnet|0 fnt
|faint|p2a: Master of Magnet
|
|upkeep
|
|switch|p2a: Tyranitar|Tyranitar, M|100/100
|-damage|p2a: Tyranitar|88/100|[from] Stealth Rock
|-weather|Sandstorm|[from] ability: Sand Stream|[of] p2a: Tyranitar
|turn|24
|
|move|p1a: Kicchou Fukuda|Focus Blast|p2a: Tyranitar
|-supereffective|p2a: Tyranitar
|-enditem|p2a: Tyranitar|Chople Berry|[eat]
|-enditem|p2a: Tyranitar|Chople Berry|[weaken]
|-damage|p2a: Tyranitar|21/100
|move|p2a: Tyranitar|Crunch|p1a: Kicchou Fukuda
|-supereffective|p1a: Kicchou Fukuda
|-crit|p1a: Kicchou Fukuda
|-damage|p1a: Kicchou Fukuda|0 fnt
|faint|p1a: Kicchou Fukuda
|
|win|RAlexa21th
|l|☆Luigi
|raw|Luigi's rating: 1476 &rarr; <strong>1447</strong><br />(-29 for losing)
|raw|RAlexa21th's rating: 1301 &rarr; <strong>1331</strong><br />(+30 for winning)
