|j|☆watch movie
|j|☆Career Ended
|player|p1|watch movie|266|1482
|player|p2|Career Ended|kukui|1433
|teamsize|p1|6
|teamsize|p2|6
|gametype|singles
|gen|5
|tier|[Gen 5] OU
|rated|
|clearpoke
|poke|p1|Kyurem-Black|item
|poke|p1|Gliscor, F|item
|poke|p1|Mamoswine, M|item
|poke|p1|Excadrill, M|item
|poke|p1|Latios, M|item
|poke|p1|Rotom-Wash|item
|poke|p2|Tyranitar, F|item
|poke|p2|Gastrodon, F|item
|poke|p2|Landorus-Therian, M|item
|poke|p2|Ferrothorn, M|item
|poke|p2|Reuniclus, M|item
|poke|p2|Gengar, F|item
|rule|Species Clause: Limit one of each Pokémon
|rule|OHKO Clause: OHKO moves are banned
|rule|Moody Clause: Moody is banned
|rule|Evasion Moves Clause: Evasion moves are banned
|rule|Endless Battle Clause: Forcing endless battles is banned
|rule|HP Percentage Mod: HP is shown in percentages
|rule|Evasion Abilities Clause: Evasion abilities are banned
|rule|Baton Pass Clause: Limit one Baton Passer, can't pass Spe and other stats simultaneously
|rule|Sleep Clause: Sleep-inducing moves are banned
|rule|Swagger Clause: Swagger is banned
|teampreview
|
|start
|switch|p1a: Rotom|Rotom-Wash|100/100
|switch|p2a: Landorus|Landorus-Therian, M|100/100
|-ability|p2a: Landorus|Intimidate|boost
|-unboost|p1a: Rotom|atk|1
|turn|1
|
|move|p2a: Landorus|U-turn|p1a: Rotom
|-damage|p1a: Rotom|77/100
|
|switch|p2a: Gastrodon|Gastrodon, F|100/100|[from]move: U-turn
|move|p1a: Rotom|Will-O-Wisp|p2a: Gastrodon
|-status|p2a: Gastrodon|brn
|
|-heal|p1a: Rotom|84/100|[from] item: Leftovers
|-damage|p2a: Gastrodon|88/100 brn|[from] brn
|upkeep
|turn|2
|
|switch|p1a: Latios|Latios, M|100/100
|move|p2a: Gastrodon|Scald|p1a: Latios
|-resisted|p1a: Latios
|-damage|p1a: Latios|86/100
|
|-heal|p2a: Gastrodon|94/100 brn|[from] item: Leftovers
|-damage|p2a: Gastrodon|82/100 brn|[from] brn
|upkeep
|turn|3
|
|switch|p1a: Excadrill|Excadrill, M|100/100
|-ability|p1a: Excadrill|Mold Breaker
|switch|p2a: Ferrothorn|Ferrothorn, M|100/100
|
|upkeep
|turn|4
|inactive|Battle timer is ON: inactive players will automatically lose when time's up. (requested by watch movie)
|
|move|p1a: Excadrill|Stealth Rock|p2a: Ferrothorn
|-sidestart|p2: Career Ended|move: Stealth Rock
|move|p2a: Ferrothorn|Power Whip|p1a: Excadrill|[miss]
|-miss|p2a: Ferrothorn|p1a: Excadrill
|
|upkeep
|turn|5
|
|move|p1a: Excadrill|Earthquake|p2a: Ferrothorn
|-damage|p2a: Ferrothorn|69/100
|move|p2a: Ferrothorn|Knock Off|p1a: Excadrill
|-resisted|p1a: Excadrill
|-damage|p1a: Excadrill|98/100
|-enditem|p1a: Excadrill|Leftovers|[from] move: Knock Off|[of] p2a: Ferrothorn
|
|-heal|p2a: Ferrothorn|75/100|[from] item: Leftovers
|upkeep
|turn|6
|
|move|p1a: Excadrill|Earthquake|p2a: Ferrothorn
|-damage|p2a: Ferrothorn|43/100
|move|p2a: Ferrothorn|Leech Seed|p1a: Excadrill
|-start|p1a: Excadrill|move: Leech Seed
|
|-heal|p2a: Ferrothorn|49/100|[from] item: Leftovers
|-damage|p1a: Excadrill|85/100|[from] Leech Seed|[of] p2a: Ferrothorn
|-heal|p2a: Ferrothorn|64/100|[silent]
|upkeep
|turn|7
|
|switch|p1a: Mamoswine|Mamoswine, M|100/100
|switch|p2a: Landorus|Landorus-Therian, M|100/100
|-damage|p2a: Landorus|88/100|[from] Stealth Rock
|-ability|p2a: Landorus|Intimidate|boost
|-unboost|p1a: Mamoswine|atk|1
|
|upkeep
|turn|8
|
|move|p2a: Landorus|U-turn|p1a: Mamoswine
|-damage|p1a: Mamoswine|71/100
|
|switch|p2a: Reuniclus|Reuniclus, M|100/100|[from]move: U-turn
|move|p1a: Mamoswine|Superpower|p2a: Reuniclus
|-resisted|p2a: Reuniclus
|-damage|p2a: Reuniclus|83/100
|-unboost|p1a: Mamoswine|atk|1
|-unboost|p1a: Mamoswine|def|1
|
|-heal|p2a: Reuniclus|89/100|[from] item: Leftovers
|upkeep
|turn|9
|
|switch|p1a: Gliscor|Gliscor, F|100/100
|move|p2a: Reuniclus|Calm Mind|p2a: Reuniclus
|-boost|p2a: Reuniclus|spa|1
|-boost|p2a: Reuniclus|spd|1
|
|-heal|p2a: Reuniclus|96/100|[from] item: Leftovers
|-status|p1a: Gliscor|tox|[from] item: Toxic Orb
|upkeep
|turn|10
|
|move|p1a: Gliscor|Swords Dance|p1a: Gliscor
|-boost|p1a: Gliscor|atk|2
|move|p2a: Reuniclus|Hidden Power|p1a: Gliscor
|-supereffective|p1a: Gliscor
|-damage|p1a: Gliscor|0 fnt
|faint|p1a: Gliscor
|
|-heal|p2a: Reuniclus|100/100|[from] item: Leftovers
|upkeep
|
|switch|p1a: Kyurem|Kyurem-Black|100/100
|-ability|p1a: Kyurem|Teravolt
|turn|11
|
|move|p1a: Kyurem|Outrage|p2a: Reuniclus
|-damage|p2a: Reuniclus|47/100
|move|p2a: Reuniclus|Focus Blast|p1a: Kyurem
|-supereffective|p1a: Kyurem
|-damage|p1a: Kyurem|2/100
|
|-heal|p2a: Reuniclus|53/100|[from] item: Leftovers
|upkeep
|turn|12
|
|switch|p2a: Ferrothorn|Ferrothorn, M|64/100
|-damage|p2a: Ferrothorn|58/100|[from] Stealth Rock
|move|p1a: Kyurem|Outrage|p2a: Ferrothorn|[from]lockedmove
|-resisted|p2a: Ferrothorn
|-damage|p2a: Ferrothorn|31/100
|-damage|p1a: Kyurem|0 fnt|[from] ability: Iron Barbs|[of] p2a: Ferrothorn
|faint|p1a: Kyurem
|
|-heal|p2a: Ferrothorn|37/100|[from] item: Leftovers
|upkeep
|
|switch|p1a: Mamoswine|Mamoswine, M|71/100
|turn|13
|inactive|Career Ended has 120 seconds left.
|
|switch|p2a: Reuniclus|Reuniclus, M|53/100
|move|p1a: Mamoswine|Icicle Crash|p2a: Reuniclus
|-damage|p2a: Reuniclus|0 fnt
|faint|p2a: Reuniclus
|
|upkeep
|inactive|Career Ended has 120 seconds left.
|
|switch|p2a: Gengar|Gengar, F|100/100
|-damage|p2a: Gengar|88/100|[from] Stealth Rock
|turn|14
|
|switch|p1a: Excadrill|Excadrill, M|85/100
|-ability|p1a: Excadrill|Mold Breaker
|move|p2a: Gengar|Shadow Ball|p1a: Excadrill
|-enditem|p2a: Gengar|Ghost Gem|[from] gem|[move] Shadow Ball
|-resisted|p1a: Excadrill
|-damage|p1a: Excadrill|61/100
|
|upkeep
|turn|15
|
|switch|p1a: Latios|Latios, M|86/100
|move|p2a: Gengar|Focus Blast|p1a: Latios
|-resisted|p1a: Latios
|-damage|p1a: Latios|64/100
|
|upkeep
|turn|16
|
|switch|p2a: Tyranitar|Tyranitar, F|100/100
|-damage|p2a: Tyranitar|88/100|[from] Stealth Rock
|-weather|Sandstorm|[from] ability: Sand Stream|[of] p2a: Tyranitar
|move|p1a: Latios|Surf|p2a: Tyranitar
|-supereffective|p2a: Tyranitar
|-crit|p2a: Tyranitar
|-damage|p2a: Tyranitar|0 fnt
|faint|p2a: Tyranitar
|
|-weather|Sandstorm|[upkeep]
|-damage|p1a: Latios|58/100|[from] Sandstorm
|upkeep
|
|switch|p2a: Landorus|Landorus-Therian, M|88/100
|-damage|p2a: Landorus|76/100|[from] Stealth Rock
|-ability|p2a: Landorus|Intimidate|boost
|-unboost|p1a: Latios|atk|1
|turn|17
|
|switch|p1a: Excadrill|Excadrill, M|61/100
|-ability|p1a: Excadrill|Mold Breaker
|move|p2a: Landorus|U-turn|p1a: Excadrill
|-resisted|p1a: Excadrill
|-damage|p1a: Excadrill|46/100
|
|switch|p2a: Gastrodon|Gastrodon, F|82/100 brn|[from]move: U-turn
|-damage|p2a: Gastrodon|76/100 brn|[from] Stealth Rock
|
|-weather|Sandstorm|[upkeep]
|-heal|p2a: Gastrodon|82/100 brn|[from] item: Leftovers
|-damage|p2a: Gastrodon|69/100 brn|[from] brn
|upkeep
|turn|18
|
|switch|p1a: Latios|Latios, M|58/100
|move|p2a: Gastrodon|Recover|p2a: Gastrodon
|-heal|p2a: Gastrodon|100/100 brn
|
|-weather|Sandstorm|[upkeep]
|-damage|p1a: Latios|52/100|[from] Sandstorm
|-damage|p2a: Gastrodon|88/100 brn|[from] brn
|upkeep
|turn|19
|
|move|p1a: Latios|Dragon Pulse|p2a: Gastrodon
|-damage|p2a: Gastrodon|31/100 brn
|move|p2a: Gastrodon|Recover|p2a: Gastrodon
|-heal|p2a: Gastrodon|81/100 brn
|
|-weather|Sandstorm|[upkeep]
|-damage|p1a: Latios|46/100|[from] Sandstorm
|-heal|p2a: Gastrodon|87/100 brn|[from] item: Leftovers
|-damage|p2a: Gastrodon|75/100 brn|[from] brn
|upkeep
|turn|20
|
|move|p1a: Latios|Dragon Pulse|p2a: Gastrodon
|-damage|p2a: Gastrodon|24/100 brn
|move|p2a: Gastrodon|Recover|p2a: Gastrodon
|-heal|p2a: Gastrodon|75/100 brn
|
|-weather|Sandstorm|[upkeep]
|-damage|p1a: Latios|40/100|[from] Sandstorm
|-heal|p2a: Gastrodon|81/100 brn|[from] item: Leftovers
|-damage|p2a: Gastrodon|68/100 brn|[from] brn
|upkeep
|turn|21
|
|switch|p1a: Mamoswine|Mamoswine, M|71/100
|move|p2a: Gastrodon|Recover|p2a: Gastrodon
|-heal|p2a: Gastrodon|100/100 brn
|
|-weather|Sandstorm|[upkeep]
|-damage|p2a: Gastrodon|88/100 brn|[from] brn
|upkeep
|turn|22
|
|switch|p2a: Gengar|Gengar, F|88/100
|-damage|p2a: Gengar|76/100|[from] Stealth Rock
|move|p1a: Mamoswine|Icicle Crash|p2a: Gengar|[miss]
|-miss|p1a: Mamoswine|p2a: Gengar
|
|-weather|Sandstorm|[upkeep]
|-damage|p2a: Gengar|70/100|[from] Sandstorm
|upkeep
|turn|23
|
|switch|p1a: Rotom|Rotom-Wash|84/100
|move|p2a: Gengar|Shadow Ball|p1a: Rotom
|-damage|p1a: Rotom|45/100
|
|-weather|Sandstorm|[upkeep]
|-damage|p2a: Gengar|64/100|[from] Sandstorm
|-damage|p1a: Rotom|39/100|[from] Sandstorm
|-heal|p1a: Rotom|45/100|[from] item: Leftovers
|upkeep
|turn|24
|
|move|p2a: Gengar|Shadow Ball|p1a: Rotom
|-damage|p1a: Rotom|6/100
|move|p1a: Rotom|Hydro Pump|p2a: Gengar
|-crit|p2a: Gengar
|-damage|p2a: Gengar|0 fnt
|faint|p2a: Gengar
|
|-weather|Sandstorm|[upkeep]
|-damage|p1a: Rotom|0 fnt|[from] Sandstorm
|faint|p1a: Rotom
|upkeep
|
|switch|p2a: Landorus|Landorus-Therian, M|76/100
|switch|p1a: Mamoswine|Mamoswine, M|71/100
|-damage|p2a: Landorus|64/100|[from] Stealth Rock
|-ability|p2a: Landorus|Intimidate|boost
|-unboost|p1a: Mamoswine|atk|1
|turn|25
|
|switch|p2a: Ferrothorn|Ferrothorn, M|37/100
|-damage|p2a: Ferrothorn|31/100|[from] Stealth Rock
|move|p1a: Mamoswine|Ice Shard|p2a: Ferrothorn
|-damage|p2a: Ferrothorn|16/100
|
|-weather|Sandstorm|[upkeep]
|-heal|p2a: Ferrothorn|22/100|[from] item: Leftovers
|upkeep
|turn|26
|
|switch|p1a: Excadrill|Excadrill, M|46/100
|-ability|p1a: Excadrill|Mold Breaker
|move|p2a: Ferrothorn|Leech Seed|p1a: Excadrill
|-start|p1a: Excadrill|move: Leech Seed
|
|-weather|Sandstorm|[upkeep]
|-heal|p2a: Ferrothorn|28/100|[from] item: Leftovers
|-damage|p1a: Excadrill|33/100|[from] Leech Seed|[of] p2a: Ferrothorn
|-heal|p2a: Ferrothorn|44/100|[silent]
|upkeep
|turn|27
|
|move|p1a: Excadrill|Earthquake|p2a: Ferrothorn
|-damage|p2a: Ferrothorn|14/100
|move|p2a: Ferrothorn|Spikes|p1a: Excadrill
|-sidestart|p1: watch movie|Spikes
|
|-weather|Sandstorm|[upkeep]
|-heal|p2a: Ferrothorn|20/100|[from] item: Leftovers
|-damage|p1a: Excadrill|21/100|[from] Leech Seed|[of] p2a: Ferrothorn
|-heal|p2a: Ferrothorn|36/100|[silent]
|upkeep
|turn|28
|
|move|p1a: Excadrill|Earthquake|p2a: Ferrothorn
|-damage|p2a: Ferrothorn|6/100
|move|p2a: Ferrothorn|Power Whip|p1a: Excadrill|[miss]
|-miss|p2a: Ferrothorn|p1a: Excadrill
|
|-weather|Sandstorm|[upkeep]
|-heal|p2a: Ferrothorn|12/100|[from] item: Leftovers
|-damage|p1a: Excadrill|8/100|[from] Leech Seed|[of] p2a: Ferrothorn
|-heal|p2a: Ferrothorn|27/100|[silent]
|upkeep
|turn|29
|
|switch|p2a: Landorus|Landorus-Therian, M|64/100
|-damage|p2a: Landorus|52/100|[from] Stealth Rock
|-ability|p2a: Landorus|Intimidate|boost
|-unboost|p1a: Excadrill|atk|1
|move|p1a: Excadrill|Earthquake|p2a: Landorus
|-immune|p2a: Landorus
|
|-weather|Sandstorm|[upkeep]
|-damage|p1a: Excadrill|0 fnt|[from] Leech Seed|[of] p2a: Landorus
|-heal|p2a: Landorus|62/100|[silent]
|faint|p1a: Excadrill
|upkeep
|
|switch|p1a: Mamoswine|Mamoswine, M|71/100
|-damage|p1a: Mamoswine|58/100|[from] Spikes
|turn|30
|
|switch|p2a: Ferrothorn|Ferrothorn, M|27/100
|-damage|p2a: Ferrothorn|21/100|[from] Stealth Rock
|move|p1a: Mamoswine|Icicle Crash|p2a: Ferrothorn
|-damage|p2a: Ferrothorn|0 fnt
|faint|p2a: Ferrothorn
|
|-weather|Sandstorm|[upkeep]
|upkeep
|
|switch|p2a: Gastrodon|Gastrodon, F|88/100 brn
|-damage|p2a: Gastrodon|82/100 brn|[from] Stealth Rock
|turn|31
|
|move|p1a: Mamoswine|Icicle Crash|p2a: Gastrodon
|-damage|p2a: Gastrodon|20/100 brn
|move|p2a: Gastrodon|Scald|p1a: Mamoswine
|-supereffective|p1a: Mamoswine
|-damage|p1a: Mamoswine|0 fnt
|faint|p1a: Mamoswine
|
|-weather|Sandstorm|[upkeep]
|-heal|p2a: Gastrodon|27/100 brn|[from] item: Leftovers
|-damage|p2a: Gastrodon|14/100 brn|[from] brn
|upkeep
|
|switch|p1a: Latios|Latios, M|40/100
|turn|32
|
|move|p1a: Latios|Dragon Pulse|p2a: Gastrodon
|-damage|p2a: Gastrodon|0 fnt
|faint|p2a: Gastrodon
|
|-weather|Sandstorm|[upkeep]
|-damage|p1a: Latios|34/100|[from] Sandstorm
|upkeep
|
|switch|p2a: Landorus|Landorus-Therian, M|62/100
|-damage|p2a: Landorus|50/100|[from] Stealth Rock
|-ability|p2a: Landorus|Intimidate|boost
|-unboost|p1a: Latios|atk|1
|turn|33
|
|move|p2a: Landorus|U-turn|p1a: Latios
|-supereffective|p1a: Latios
|-damage|p1a: Latios|0 fnt
|faint|p1a: Latios
|
|win|Career Ended
|raw|watch movie's rating: 1482 &rarr; <strong>1459</strong><br />(-23 for losing)
|raw|Career Ended's rating: 1433 &rarr; <strong>1456</strong><br />(+23 for winning)
|c|☆Career Ended|gg
|l|☆watch movie
