|j|☆StrictSceptile1
|j|☆theSolomence
|t:|1709002963
|gametype|singles
|player|p1|StrictSceptile1|unknown|1298
|player|p2|theSolomence|266|1400
|teamsize|p1|6
|teamsize|p2|6
|gen|5
|tier|[Gen 5] OU
|rated|
|rule|Species Clause: Limit one of each Pokémon
|rule|OHKO Clause: OHKO moves are banned
|rule|Moody Clause: Moody is banned
|rule|Evasion Items Clause: Evasion items are banned
|rule|Evasion Moves Clause: Evasion moves are banned
|rule|Endless Battle Clause: Forcing endless battles is banned
|rule|HP Percentage Mod: HP is shown in percentages
|rule|Evasion Abilities Clause: Evasion abilities are banned
|rule|Sleep Moves Clause: Sleep-inducing moves are banned
|rule|Swagger Clause: Swagger is banned
|rule|Baton Pass Stat Clause: No Baton Passer may have a way to boost its stats
|clearpoke
|poke|p1|Latios, M|item
|poke|p1|Garchomp, F|item
|poke|p1|Jellicent, F|item
|poke|p1|Skarmory, M|item
|poke|p1|Scizor, F|item
|poke|p1|Jirachi|item
|poke|p2|Starmie|item
|poke|p2|Garchomp, F|item
|poke|p2|Scizor, M|item
|poke|p2|Breloom, M|item
|poke|p2|Dragonite, M|item
|poke|p2|Volcarona, M|item
|teampreview
|inactive|Battle timer is ON: inactive players will automatically lose when time's up. (requested by StrictSceptile1)
|j| night suwu
|
|t:|1709002974
|start
|switch|p1a: Skarmory|Skarmory, M|100/100
|switch|p2a: Garchomp|Garchomp, F|100/100
|turn|1
|c|☆StrictSceptile1|GG
|
|t:|1709002982
|move|p2a: Garchomp|Stealth Rock|p1a: Skarmory
|-sidestart|p1: StrictSceptile1|move: Stealth Rock
|move|p1a: Skarmory|Stealth Rock|p2a: Garchomp
|-sidestart|p2: theSolomence|move: Stealth Rock
|
|upkeep
|turn|2
|
|t:|1709002987
|move|p2a: Garchomp|Rock Tomb|p1a: Skarmory
|-crit|p1a: Skarmory
|-damage|p1a: Skarmory|72/100
|-unboost|p1a: Skarmory|spe|1
|move|p1a: Skarmory|Spikes|p2a: Garchomp
|-sidestart|p2: theSolomence|Spikes
|
|upkeep
|turn|3
|
|t:|1709002993
|switch|p2a: Starmie|Starmie|100/100
|-damage|p2a: Starmie|88/100|[from] Stealth Rock
|-item|p2a: Starmie|Air Balloon
|move|p1a: Skarmory|Spikes|p2a: Starmie
|-sidestart|p2: theSolomence|Spikes
|
|upkeep
|turn|4
|
|t:|1709003007
|switch|p1a: Jellicent|Jellicent, F|100/100
|-damage|p1a: Jellicent|88/100|[from] Stealth Rock
|move|p2a: Starmie|Thunder Wave|p1a: Jellicent
|-status|p1a: Jellicent|par
|
|-heal|p1a: Jellicent|94/100 par|[from] item: Leftovers
|upkeep
|turn|5
|
|t:|1709003014
|switch|p2a: Breloom|Breloom, M|100/100
|-damage|p2a: Breloom|94/100|[from] Stealth Rock
|-damage|p2a: Breloom|78/100|[from] Spikes
|cant|p1a: Jellicent|par
|
|-heal|p1a: Jellicent|100/100 par|[from] item: Leftovers
|upkeep
|turn|6
|
|t:|1709003021
|move|p2a: Breloom|Swords Dance|p2a: Breloom
|-boost|p2a: Breloom|atk|2
|move|p1a: Jellicent|Will-O-Wisp|p2a: Breloom|[miss]
|-miss|p1a: Jellicent|p2a: Breloom
|
|upkeep
|turn|7
|
|t:|1709003027
|move|p2a: Breloom|Bullet Seed|p1a: Jellicent
|-supereffective|p1a: Jellicent
|-damage|p1a: Jellicent|0 fnt
|faint|p1a: Jellicent
|-hitcount|p1: Jellicent|1
|-damage|p2a: Breloom|68/100|[from] item: Life Orb
|
|upkeep
|
|t:|1709003037
|switch|p1a: Garchomp|Garchomp, F|100/100
|-damage|p1a: Garchomp|94/100|[from] Stealth Rock
|turn|8
|
|t:|1709003042
|move|p2a: Breloom|Mach Punch|p1a: Garchomp
|-damage|p1a: Garchomp|5/100
|-damage|p2a: Breloom|56/100|[from] ability: Rough Skin|[of] p1a: Garchomp
|-damage|p2a: Breloom|46/100|[from] item: Life Orb
|move|p1a: Garchomp|Dual Chop|p2a: Breloom
|-damage|p2a: Breloom|12/100
|-crit|p2a: Breloom
|-damage|p2a: Breloom|0 fnt
|faint|p2a: Breloom
|-hitcount|p2: Breloom|2
|
|upkeep
|
|t:|1709003047
|switch|p2a: Starmie|Starmie|88/100
|-damage|p2a: Starmie|76/100|[from] Stealth Rock
|-item|p2a: Starmie|Air Balloon
|turn|9
|
|t:|1709003053
|move|p1a: Garchomp|Dual Chop|p2a: Starmie
|-damage|p2a: Starmie|45/100
|-enditem|p2a: Starmie|Air Balloon
|-damage|p2a: Starmie|12/100
|-hitcount|p2a: Starmie|2
|move|p2a: Starmie|Rapid Spin|p1a: Garchomp
|-damage|p1a: Garchomp|1/100
|-damage|p2a: Starmie|0 fnt|[from] ability: Rough Skin|[of] p1a: Garchomp
|faint|p2a: Starmie
|
|upkeep
|
|t:|1709003063
|switch|p2a: Scizor|Scizor, M|100/100
|-damage|p2a: Scizor|88/100|[from] Stealth Rock
|-damage|p2a: Scizor|72/100|[from] Spikes
|turn|10
|
|t:|1709003068
|move|p1a: Garchomp|Dual Chop|p2a: Scizor
|-resisted|p2a: Scizor
|-damage|p2a: Scizor|59/100
|-resisted|p2a: Scizor
|-damage|p2a: Scizor|47/100
|-hitcount|p2a: Scizor|2
|move|p2a: Scizor|Swords Dance|p2a: Scizor
|-boost|p2a: Scizor|atk|2
|
|upkeep
|turn|11
|
|t:|1709003075
|move|p2a: Scizor|Bullet Punch|p1a: Garchomp
|-damage|p1a: Garchomp|0 fnt
|-damage|p2a: Scizor|34/100|[from] ability: Rough Skin|[of] p1a: Garchomp
|faint|p1a: Garchomp
|-damage|p2a: Scizor|24/100|[from] item: Life Orb
|
|upkeep
|
|t:|1709003079
|switch|p1a: Skarmory|Skarmory, M|72/100
|-damage|p1a: Skarmory|60/100|[from] Stealth Rock
|turn|12
|
|t:|1709003093
|move|p1a: Skarmory|Brave Bird|p2a: Scizor
|-damage|p2a: Scizor|0 fnt
|faint|p2a: Scizor
|-damage|p1a: Skarmory|52/100|[from] Recoil
|
|upkeep
|
|t:|1709003100
|switch|p2a: Dragonite|Dragonite, M|100/100
|-damage|p2a: Dragonite|76/100|[from] Stealth Rock
|turn|13
|
|t:|1709003108
|move|p1a: Skarmory|Spikes|p2a: Dragonite
|-sidestart|p2: theSolomence|Spikes
|move|p2a: Dragonite|Dragon Dance|p2a: Dragonite
|-boost|p2a: Dragonite|atk|1
|-boost|p2a: Dragonite|spe|1
|
|upkeep
|turn|14
|
|t:|1709003114
|move|p2a: Dragonite|Dragon Dance|p2a: Dragonite
|-boost|p2a: Dragonite|atk|1
|-boost|p2a: Dragonite|spe|1
|move|p1a: Skarmory|Brave Bird|p2a: Dragonite
|-damage|p2a: Dragonite|30/100
|-damage|p1a: Skarmory|34/100|[from] Recoil
|
|upkeep
|turn|15
|
|t:|1709003122
|move|p2a: Dragonite|Outrage|p1a: Skarmory
|-resisted|p1a: Skarmory
|-damage|p1a: Skarmory|0 fnt
|faint|p1a: Skarmory
|
|upkeep
|
|t:|1709003126
|switch|p1a: Scizor|Scizor, F|100/100
|-damage|p1a: Scizor|88/100|[from] Stealth Rock
|turn|16
|
|t:|1709003129
|move|p1a: Scizor|Bullet Punch|p2a: Dragonite
|-damage|p2a: Dragonite|0 fnt
|faint|p2a: Dragonite
|-damage|p1a: Scizor|78/100|[from] item: Life Orb
|
|upkeep
|
|t:|1709003132
|switch|p2a: Volcarona|Volcarona, M|100/100
|-damage|p2a: Volcarona|51/100|[from] Stealth Rock
|-damage|p2a: Volcarona|26/100|[from] Spikes
|turn|17
|l| night suwu
|
|t:|1709003140
|move|p1a: Scizor|Bullet Punch|p2a: Volcarona
|-resisted|p2a: Volcarona
|-damage|p2a: Volcarona|0 fnt
|faint|p2a: Volcarona
|-damage|p1a: Scizor|69/100|[from] item: Life Orb
|
|upkeep
|-message|theSolomence forfeited.
|
|win|StrictSceptile1
|raw|StrictSceptile1's rating: 1298 &rarr; <strong>1330</strong><br />(+32 for winning)
|raw|theSolomence's rating: 1400 &rarr; <strong>1374</strong><br />(-26 for losing)
|l|☆theSolomence
|player|p2|
