|j|☆ZeroTheHero77
|j|☆Clawdia Chauchat
|t:|1711669549
|gametype|singles
|player|p1|ZeroTheHero77|n|1267
|player|p2|Clawdia Chauchat|winona|1531
|teamsize|p1|6
|teamsize|p2|6
|gen|5
|tier|[Gen 5] OU
|rated|
|rule|Species Clause: Limit one of each Pokémon
|rule|OHKO Clause: OHKO moves are banned
|rule|Moody Clause: Moody is banned
|rule|Evasion Items Clause: Evasion items are banned
|rule|Evasion Moves Clause: Evasion moves are banned
|rule|Endless Battle Clause: Forcing endless battles is banned
|rule|HP Percentage Mod: HP is shown in percentages
|rule|Evasion Abilities Clause: Evasion abilities are banned
|rule|Sleep Moves Clause: Sleep-inducing moves are banned
|rule|Swagger Clause: Swagger is banned
|rule|Baton Pass Stat Clause: No Baton Passer may have a way to boost its stats
|clearpoke
|poke|p1|Shaymin|item
|poke|p1|Zoroark, M|item
|poke|p1|Conkeldurr, M|item
|poke|p1|Ninetales, M|item
|poke|p1|Crobat, F|item
|poke|p1|Jellicent, M|item
|poke|p2|Aerodactyl, F|item
|poke|p2|Excadrill, M|item
|poke|p2|Tyranitar, M|item
|poke|p2|Keldeo|item
|poke|p2|Skarmory, M|item
|poke|p2|Celebi|item
|teampreview
|
|t:|1711669581
|start
|switch|p1a: Rouge|Crobat, F|100/100
|switch|p2a: Diogenes|Tyranitar, M, shiny|100/100
|-weather|Sandstorm|[from] ability: Sand Stream|[of] p2a: Diogenes
|turn|1
|
|t:|1711669607
|move|p1a: Rouge|U-turn|p2a: Diogenes
|-supereffective|p2a: Diogenes
|-damage|p2a: Diogenes|71/100
|
|t:|1711669615
|switch|p1a: Knuckles|Conkeldurr, M|100/100|[from] U-turn
|move|p2a: Diogenes|Crunch|p1a: Knuckles
|-resisted|p1a: Knuckles
|-damage|p1a: Knuckles|83/100
|-unboost|p1a: Knuckles|def|1
|
|-weather|Sandstorm|[upkeep]
|-damage|p1a: Knuckles|77/100|[from] Sandstorm
|upkeep
|turn|2
|
|t:|1711669619
|switch|p2a: Sidi H'bibi|Skarmory, M, shiny|100/100
|move|p1a: Knuckles|Drain Punch|p2a: Sidi H'bibi
|-damage|p2a: Sidi H'bibi|67/100
|-heal|p1a: Knuckles|91/100|[from] drain|[of] p2a: Sidi H'bibi
|-damage|p1a: Knuckles|81/100|[from] item: Life Orb
|
|-weather|Sandstorm|[upkeep]
|-damage|p1a: Knuckles|75/100|[from] Sandstorm
|-heal|p2a: Sidi H'bibi|73/100|[from] item: Leftovers
|upkeep
|turn|3
|
|t:|1711669630
|switch|p1a: Rouge|Crobat, F|100/100
|move|p2a: Sidi H'bibi|Spikes|p1a: Rouge
|-sidestart|p1: ZeroTheHero77|Spikes
|
|-weather|Sandstorm|[upkeep]
|-damage|p1a: Rouge|94/100|[from] Sandstorm
|-heal|p2a: Sidi H'bibi|79/100|[from] item: Leftovers
|upkeep
|turn|4
|
|t:|1711669636
|switch|p2a: Rather Ripped|Aerodactyl, F|100/100
|-ability|p2a: Rather Ripped|Pressure
|move|p1a: Rouge|Taunt|p2a: Rather Ripped
|-start|p2a: Rather Ripped|move: Taunt
|
|-weather|Sandstorm|[upkeep]
|-damage|p1a: Rouge|88/100|[from] Sandstorm
|upkeep
|turn|5
|
|t:|1711669641
|move|p1a: Rouge|Toxic|p2a: Rather Ripped
|-status|p2a: Rather Ripped|tox
|move|p2a: Rather Ripped|Stone Edge|p1a: Rouge
|-supereffective|p1a: Rouge
|-damage|p1a: Rouge|0 fnt
|faint|p1a: Rouge
|
|-weather|Sandstorm|[upkeep]
|-damage|p2a: Rather Ripped|94/100 tox|[from] psn
|upkeep
|
|t:|1711669663
|switch|p1a: Chaos|Jellicent, M|100/100
|-damage|p1a: Chaos|88/100|[from] Spikes
|turn|6
|
|t:|1711669685
|switch|p2a: Concorde I Miss U|Celebi|100/100
|move|p1a: Chaos|Dark Pulse|p2a: Concorde I Miss U
|-supereffective|p2a: Concorde I Miss U
|-damage|p2a: Concorde I Miss U|26/100
|
|-weather|Sandstorm|[upkeep]
|-damage|p1a: Chaos|82/100|[from] Sandstorm
|-damage|p2a: Concorde I Miss U|20/100|[from] Sandstorm
|-heal|p2a: Concorde I Miss U|26/100|[from] item: Leftovers
|upkeep
|turn|7
|
|t:|1711669691
|switch|p2a: Diogenes|Tyranitar, M, shiny|71/100
|move|p1a: Chaos|Dark Pulse|p2a: Diogenes
|-resisted|p2a: Diogenes
|-damage|p2a: Diogenes|59/100
|
|-weather|Sandstorm|[upkeep]
|-damage|p1a: Chaos|76/100|[from] Sandstorm
|upkeep
|turn|8
|
|t:|1711669728
|move|p1a: Chaos|Dark Pulse|p2a: Diogenes
|-resisted|p2a: Diogenes
|-damage|p2a: Diogenes|45/100
|move|p2a: Diogenes|Crunch|p1a: Chaos
|-resisted|p1a: Chaos
|-crit|p1a: Chaos
|-damage|p1a: Chaos|0 fnt
|replace|p1a: Shadow|Zoroark, M
|-end|p1a: Shadow|Illusion
|faint|p1a: Shadow
|
|-weather|Sandstorm|[upkeep]
|upkeep
|l|☆ZeroTheHero77
|player|p1|
|j|☆ZeroTheHero77
|player|p1|ZeroTheHero77|n
|
|t:|1711669760
|switch|p1a: Knuckles|Conkeldurr, M|75/100
|-damage|p1a: Knuckles|63/100|[from] Spikes
|turn|9
|
|t:|1711669777
|switch|p2a: Sidi H'bibi|Skarmory, M, shiny|79/100
|move|p1a: Knuckles|Drain Punch|p2a: Sidi H'bibi
|-damage|p2a: Sidi H'bibi|43/100
|-heal|p1a: Knuckles|77/100|[from] drain|[of] p2a: Sidi H'bibi
|-damage|p1a: Knuckles|67/100|[from] item: Life Orb
|
|-weather|Sandstorm|[upkeep]
|-damage|p1a: Knuckles|61/100|[from] Sandstorm
|-heal|p2a: Sidi H'bibi|49/100|[from] item: Leftovers
|upkeep
|turn|10
|
|t:|1711669785
|move|p2a: Sidi H'bibi|Brave Bird|p1a: Knuckles
|-supereffective|p1a: Knuckles
|-damage|p1a: Knuckles|4/100
|-damage|p2a: Sidi H'bibi|26/100|[from] Recoil
|move|p1a: Knuckles|Drain Punch|p2a: Sidi H'bibi
|-damage|p2a: Sidi H'bibi|0 fnt
|-heal|p1a: Knuckles|14/100|[from] drain|[of] p2a: Sidi H'bibi
|faint|p2a: Sidi H'bibi
|-damage|p1a: Knuckles|4/100|[from] item: Life Orb
|
|-weather|Sandstorm|[upkeep]
|-damage|p1a: Knuckles|0 fnt|[from] Sandstorm
|faint|p1a: Knuckles
|upkeep
|
|t:|1711669814
|switch|p2a: Diogenes|Tyranitar, M, shiny|45/100
|switch|p1a: Sonic|Shaymin, shiny|100/100
|-damage|p1a: Sonic|88/100|[from] Spikes
|turn|11
|
|t:|1711669819
|switch|p2a: Concorde I Miss U|Celebi|26/100
|move|p1a: Sonic|Seed Flare|p2a: Concorde I Miss U
|-resisted|p2a: Concorde I Miss U
|-damage|p2a: Concorde I Miss U|3/100
|-unboost|p2a: Concorde I Miss U|spd|2
|
|-weather|Sandstorm|[upkeep]
|-damage|p1a: Sonic|82/100|[from] Sandstorm
|-damage|p2a: Concorde I Miss U|0 fnt|[from] Sandstorm
|faint|p2a: Concorde I Miss U
|upkeep
|
|t:|1711669867
|switch|p2a: Rather Ripped|Aerodactyl, F|94/100 tox
|-ability|p2a: Rather Ripped|Pressure
|turn|12
|
|t:|1711669870
|move|p2a: Rather Ripped|Toxic|p1a: Sonic
|-status|p1a: Sonic|tox
|move|p1a: Sonic|Seed Flare|p2a: Rather Ripped
|-crit|p2a: Rather Ripped
|-damage|p2a: Rather Ripped|0 fnt
|faint|p2a: Rather Ripped
|
|-weather|Sandstorm|[upkeep]
|-damage|p1a: Sonic|76/100 tox|[from] Sandstorm
|-damage|p1a: Sonic|70/100 tox|[from] psn
|upkeep
|
|t:|1711669877
|switch|p2a: Cross The Sea|Keldeo|100/100
|turn|13
|
|t:|1711669879
|move|p2a: Cross The Sea|Protect|p2a: Cross The Sea
|-singleturn|p2a: Cross The Sea|Protect
|move|p1a: Sonic|Seed Flare|p2a: Cross The Sea
|-activate|p2a: Cross The Sea|move: Protect
|
|-weather|Sandstorm|[upkeep]
|-damage|p2a: Cross The Sea|94/100|[from] Sandstorm
|-damage|p1a: Sonic|64/100 tox|[from] Sandstorm
|-heal|p2a: Cross The Sea|100/100|[from] item: Leftovers
|-damage|p1a: Sonic|51/100 tox|[from] psn
|upkeep
|turn|14
|
|t:|1711669899
|move|p2a: Cross The Sea|Secret Sword|p1a: Sonic
|-damage|p1a: Sonic|5/100 tox
|move|p1a: Sonic|Seed Flare|p2a: Cross The Sea
|-supereffective|p2a: Cross The Sea
|-damage|p2a: Cross The Sea|0 fnt
|faint|p2a: Cross The Sea
|
|-weather|Sandstorm|[upkeep]
|-damage|p1a: Sonic|0 fnt|[from] Sandstorm
|faint|p1a: Sonic
|upkeep
|
|t:|1711669914
|switch|p2a: Diogenes|Tyranitar, M, shiny|45/100
|switch|p1a: Tails|Ninetales, M|100/100
|-damage|p1a: Tails|88/100|[from] Spikes
|-weather|SunnyDay|[from] ability: Drought|[of] p1a: Tails
|-weather|Sandstorm|[from] ability: Sand Stream|[of] p2a: Diogenes
|turn|15
|
|t:|1711669939
|switch|p1a: Chaos|Jellicent, M|100/100
|-damage|p1a: Chaos|88/100|[from] Spikes
|move|p2a: Diogenes|Earthquake|p1a: Chaos
|-damage|p1a: Chaos|53/100
|
|-weather|Sandstorm|[upkeep]
|-damage|p1a: Chaos|47/100|[from] Sandstorm
|upkeep
|turn|16
|
|t:|1711669943
|move|p1a: Chaos|Scald|p2a: Diogenes
|-supereffective|p2a: Diogenes
|-damage|p2a: Diogenes|0 fnt
|faint|p2a: Diogenes
|
|-weather|Sandstorm|[upkeep]
|-damage|p1a: Chaos|40/100|[from] Sandstorm
|upkeep
|
|t:|1711669946
|switch|p2a: Back From The Dead|Excadrill, M|100/100
|turn|17
|
|t:|1711669948
|move|p2a: Back From The Dead|Earthquake|p1a: Chaos
|-damage|p1a: Chaos|0 fnt
|faint|p1a: Chaos
|
|-weather|Sandstorm|[upkeep]
|upkeep
|
|t:|1711669951
|switch|p1a: Tails|Ninetales, M|88/100
|-damage|p1a: Tails|76/100|[from] Spikes
|-weather|SunnyDay|[from] ability: Drought|[of] p1a: Tails
|turn|18
|
|t:|1711669955
|move|p2a: Back From The Dead|Protect|p2a: Back From The Dead
|-singleturn|p2a: Back From The Dead|Protect
|move|p1a: Tails|Flamethrower|p2a: Back From The Dead
|-activate|p2a: Back From The Dead|move: Protect
|
|-weather|SunnyDay|[upkeep]
|upkeep
|turn|19
|
|t:|1711669956
|move|p1a: Tails|Flamethrower|p2a: Back From The Dead
|-supereffective|p2a: Back From The Dead
|-crit|p2a: Back From The Dead
|-damage|p2a: Back From The Dead|0 fnt
|faint|p2a: Back From The Dead
|
|win|ZeroTheHero77
|raw|ZeroTheHero77's rating: 1267 &rarr; <strong>1308</strong><br />(+41 for winning)
|raw|Clawdia Chauchat's rating: 1541 &rarr; <strong>1508</strong><br />(-33 for losing)
|l|☆Clawdia Chauchat
|player|p2|
