|join|Pythagorean Python
|join|john_j
|player|p1|Pythagorean Python|265
|player|p2|john_j|102
|gametype|singles
|gen|5
|tier|[Gen 5] OU
|rated
|rule|Evasion Abilities Clause: Evasion abilities are banned
|clearpoke
|poke|p1|Skarmory, F
|poke|p1|Blissey, F
|poke|p1|Hippowdon, F
|poke|p1|Alakazam, M
|poke|p1|Terrakion
|poke|p1|Starmie
|poke|p2|Terrakion
|poke|p2|Ferrothorn, M
|poke|p2|Chandelure, M
|poke|p2|Jellicent, F
|poke|p2|Riolu, M
|poke|p2|Scizor, F
|rule|Sleep Clause Mod: Limit one foe put to sleep
|rule|Species Clause: Limit one of each Pokemon
|rule|OHKO Clause: OHKO moves are banned
|rule|Moody Clause: Moody is banned
|rule|Evasion Moves Clause: Evasion moves are banned
|rule|Endless Battle Clause: Forcing endless battles is banned.
|rule|HP Percentage Mod: HP is reported as percentages
|teampreview
|
|start
|switch|p1a: Hippowdon|Hippowdon, F|420/420
|switch|p2a: Terrakion|Terrakion|323/323
|-weather|Sandstorm|[from] ability: Sand Stream|[of] p1a: Hippowdon
|turn|1
|
|move|p2a: Terrakion|Stealth Rock|p1a: Hippowdon
|-sidestart|p1: Pythagorean Python|move: Stealth Rock
|move|p1a: Hippowdon|Stealth Rock|p2a: Terrakion
|-sidestart|p2: john_j|move: Stealth Rock
|
|-weather|Sandstorm|[upkeep]
|turn|2
|
|switch|p2a: Ferrothorn|Ferrothorn, M|352/352
|-damage|p2a: Ferrothorn|330/352|[from] Stealth Rock
|move|p1a: Hippowdon|Earthquake|p2a: Ferrothorn
|-damage|p2a: Ferrothorn|249/352
|
|-weather|Sandstorm|[upkeep]
|-heal|p2a: Ferrothorn|271/352|[from] item: Leftovers
|turn|3
|
|switch|p1a: Skarmory|Skarmory, F|334/334
|-damage|p1a: Skarmory|293/334|[from] Stealth Rock
|move|p2a: Ferrothorn|Leech Seed|p1a: Skarmory
|-start|p1a: Skarmory|move: Leech Seed
|
|-weather|Sandstorm|[upkeep]
|-heal|p1a: Skarmory|313/334|[from] item: Leftovers
|-heal|p2a: Ferrothorn|293/352|[from] item: Leftovers
|-damage|p1a: Skarmory|272/334|[from] Leech Seed|[of] p2a: Ferrothorn
|-heal|p2a: Ferrothorn|334/352|[silent]
|turn|4
|
|move|p1a: Skarmory|Spikes|p2a: Ferrothorn
|-sidestart|p2: john_j|Spikes
|move|p2a: Ferrothorn|Spikes|p1a: Skarmory
|-sidestart|p1: Pythagorean Python|Spikes
|
|-weather|Sandstorm|[upkeep]
|-heal|p1a: Skarmory|292/334|[from] item: Leftovers
|-heal|p2a: Ferrothorn|352/352|[from] item: Leftovers
|-damage|p1a: Skarmory|251/334|[from] Leech Seed|[of] p2a: Ferrothorn
|turn|5
|
|switch|p2a: Chandelure|Chandelure, M|261/261
|-damage|p2a: Chandelure|229/261|[from] Spikes
|-damage|p2a: Chandelure|164/261|[from] Stealth Rock
|move|p1a: Skarmory|Spikes|p2a: Chandelure
|-sidestart|p2: john_j|Spikes
|
|-weather|Sandstorm|[upkeep]
|-damage|p2a: Chandelure|148/261|[from] sandstorm
|-heal|p1a: Skarmory|271/334|[from] item: Leftovers
|-damage|p1a: Skarmory|230/334|[from] Leech Seed|[of] p2a: Chandelure
|-heal|p2a: Chandelure|189/261|[silent]
|turn|6
|
|switch|p1a: Blissey|Blissey, F|714/714
|-damage|p1a: Blissey|625/714|[from] Spikes
|-damage|p1a: Blissey|536/714|[from] Stealth Rock
|move|p2a: Chandelure|Fire Blast|p1a: Blissey
|-damage|p1a: Blissey|329/714
|
|-weather|Sandstorm|[upkeep]
|-damage|p2a: Chandelure|173/261|[from] sandstorm
|-damage|p1a: Blissey|285/714|[from] sandstorm
|-heal|p1a: Blissey|329/714|[from] item: Leftovers
|turn|7
|
|switch|p2a: Riolu|Riolu, M|283/283
|-damage|p2a: Riolu|236/283|[from] Spikes
|-damage|p2a: Riolu|219/283|[from] Stealth Rock
|move|p1a: Blissey|Soft-Boiled|p1a: Blissey
|-heal|p1a: Blissey|686/714
|
|-weather|Sandstorm|[upkeep]
|-damage|p2a: Riolu|202/283|[from] sandstorm
|-damage|p1a: Blissey|642/714|[from] sandstorm
|-heal|p1a: Blissey|686/714|[from] item: Leftovers
|turn|8
|
|switch|p1a: Skarmory|Skarmory, F|230/334
|-damage|p1a: Skarmory|189/334|[from] Stealth Rock
|move|p2a: Riolu|Roar|p1a: Skarmory
|drag|p1a: Blissey|Blissey, F|686/714
|-damage|p1a: Blissey|597/714|[from] Stealth Rock
|-damage|p1a: Blissey|508/714|[from] Spikes
|
|-weather|Sandstorm|[upkeep]
|-damage|p2a: Riolu|185/283|[from] sandstorm
|-damage|p1a: Blissey|464/714|[from] sandstorm
|-heal|p1a: Blissey|508/714|[from] item: Leftovers
|turn|9
|
|move|p2a: Riolu|Drain Punch|p1a: Blissey
|-crit|p1a: Blissey
|-supereffective|p1a: Blissey
|-damage|p1a: Blissey|26/714
|-heal|p2a: Riolu|283/283|[from] drain|[of] p1a: Blissey
|move|p1a: Blissey|Thunder Wave|p2a: Riolu
|-status|p2a: Riolu|par
|
|-weather|Sandstorm|[upkeep]
|-damage|p1a: Blissey|0 fnt|[from] sandstorm
|-damage|p2a: Riolu|266/283 par|[from] sandstorm
|faint|p1a: Blissey
|chat|john_j|oooh
|
|switch|p1a: Hippowdon|Hippowdon, F|420/420
|-damage|p1a: Hippowdon|394/420|[from] Stealth Rock
|-damage|p1a: Hippowdon|342/420|[from] Spikes
|turn|10
|chat|john_j|eff your thunder wave
|
|move|p1a: Hippowdon|Earthquake|p2a: Riolu
|-damage|p2a: Riolu|127/283 par
|move|p2a: Riolu|Roar|p1a: Hippowdon
|drag|p1a: Skarmory|Skarmory, F|189/334
|-damage|p1a: Skarmory|148/334|[from] Stealth Rock
|
|-weather|Sandstorm|[upkeep]
|-damage|p2a: Riolu|110/283 par|[from] sandstorm
|-heal|p1a: Skarmory|168/334|[from] item: Leftovers
|turn|11
|
|move|p2a: Riolu|Copycat|p2a: Riolu
|move|p2a: Riolu|Roar|p1a: Skarmory|[from]Copycat
|drag|p1a: Terrakion|Terrakion|324/324
|-damage|p1a: Terrakion|284/324|[from] Spikes
|-damage|p1a: Terrakion|264/324|[from] Stealth Rock
|
|-weather|Sandstorm|[upkeep]
|-damage|p2a: Riolu|93/283 par|[from] sandstorm
|turn|12
|
|cant|p2a: Riolu|par
|move|p1a: Terrakion|Earthquake|p2a: Riolu
|-damage|p2a: Riolu|0 fnt
|-damage|p1a: Terrakion|232/324|[from] item: Life Orb
|faint|p2a: Riolu
|
|-weather|Sandstorm|[upkeep]
|
|switch|p2a: Scizor|Scizor, F|343/343
|-damage|p2a: Scizor|286/343|[from] Spikes
|-damage|p2a: Scizor|244/343|[from] Stealth Rock
|turn|13
|
|switch|p1a: Hippowdon|Hippowdon, F|342/420
|-damage|p1a: Hippowdon|290/420|[from] Spikes
|-damage|p1a: Hippowdon|264/420|[from] Stealth Rock
|move|p2a: Scizor|Bullet Punch|p1a: Hippowdon
|-damage|p1a: Hippowdon|161/420
|
|-weather|Sandstorm|[upkeep]
|-heal|p1a: Hippowdon|187/420|[from] item: Leftovers
|turn|14
|
|switch|p2a: Ferrothorn|Ferrothorn, M|352/352
|-damage|p2a: Ferrothorn|294/352|[from] Spikes
|-damage|p2a: Ferrothorn|272/352|[from] Stealth Rock
|move|p1a: Hippowdon|Slack Off|p1a: Hippowdon
|-heal|p1a: Hippowdon|397/420
|
|-weather|Sandstorm|[upkeep]
|-heal|p1a: Hippowdon|420/420|[from] item: Leftovers
|-heal|p2a: Ferrothorn|294/352|[from] item: Leftovers
|turn|15
|
|switch|p1a: Skarmory|Skarmory, F|168/334
|-damage|p1a: Skarmory|127/334|[from] Stealth Rock
|move|p2a: Ferrothorn|Spikes|p1a: Skarmory
|-sidestart|p1: Pythagorean Python|Spikes
|
|-weather|Sandstorm|[upkeep]
|-heal|p1a: Skarmory|147/334|[from] item: Leftovers
|-heal|p2a: Ferrothorn|316/352|[from] item: Leftovers
|turn|16
|
|switch|p2a: Terrakion|Terrakion|323/323
|-damage|p2a: Terrakion|270/323|[from] Spikes
|-damage|p2a: Terrakion|250/323|[from] Stealth Rock
|move|p1a: Skarmory|Roost|p1a: Skarmory
|-heal|p1a: Skarmory|314/334
|
|-weather|Sandstorm|[upkeep]
|-heal|p1a: Skarmory|334/334|[from] item: Leftovers
|turn|17
|
|move|p2a: Terrakion|Swords Dance|p2a: Terrakion
|-boost|p2a: Terrakion|atk|2
|move|p1a: Skarmory|Whirlwind|p2a: Terrakion
|drag|p2a: Jellicent|Jellicent, F|404/404
|-damage|p2a: Jellicent|354/404|[from] Stealth Rock
|-damage|p2a: Jellicent|287/404|[from] Spikes
|
|-weather|Sandstorm|[upkeep]
|-damage|p2a: Jellicent|262/404|[from] sandstorm
|-heal|p2a: Jellicent|287/404|[from] item: Leftovers
|turn|18
|
|move|p1a: Skarmory|Spikes|p2a: Jellicent
|-sidestart|p2: john_j|Spikes
|move|p2a: Jellicent|Hydro Pump|p1a: Skarmory
|-damage|p1a: Skarmory|181/334
|
|-weather|Sandstorm|[upkeep]
|-damage|p2a: Jellicent|262/404|[from] sandstorm
|-heal|p1a: Skarmory|201/334|[from] item: Leftovers
|-heal|p2a: Jellicent|287/404|[from] item: Leftovers
|turn|19
|
|move|p1a: Skarmory|Roost|p1a: Skarmory
|-heal|p1a: Skarmory|334/334
|move|p2a: Jellicent|Will-O-Wisp|p1a: Skarmory|[miss]
|-miss|p2a: Jellicent|p1a: Skarmory
|
|-weather|Sandstorm|[upkeep]
|-damage|p2a: Jellicent|262/404|[from] sandstorm
|-heal|p2a: Jellicent|287/404|[from] item: Leftovers
|turn|20
|chat|john_j|ugh eff u will o wisp
|
|move|p2a: Jellicent|Recover|p2a: Jellicent
|-heal|p2a: Jellicent|404/404
|move|p1a: Skarmory|Whirlwind|p2a: Jellicent
|drag|p2a: Scizor|Scizor, F|244/343
|-damage|p2a: Scizor|202/343|[from] Stealth Rock
|-damage|p2a: Scizor|117/343|[from] Spikes
|
|-weather|Sandstorm|[upkeep]
|turn|21
|
|move|p2a: Scizor|U-turn|p1a: Skarmory
|-resisted|p1a: Skarmory
|-damage|p1a: Skarmory|304/334
|
|switch|p2a: Ferrothorn|Ferrothorn, M|316/352
|-damage|p2a: Ferrothorn|228/352|[from] Spikes
|-damage|p2a: Ferrothorn|206/352|[from] Stealth Rock
|move|p1a: Skarmory|Whirlwind|p2a: Ferrothorn
|drag|p2a: Jellicent|Jellicent, F|404/404
|-damage|p2a: Jellicent|354/404|[from] Stealth Rock
|-damage|p2a: Jellicent|253/404|[from] Spikes
|
|-weather|Sandstorm|[upkeep]
|-damage|p2a: Jellicent|228/404|[from] sandstorm
|-heal|p1a: Skarmory|324/334|[from] item: Leftovers
|-heal|p2a: Jellicent|253/404|[from] item: Leftovers
|turn|22
|chat|john_j|gg
|chat|john_j|u win
|chat|john_j|no
|chat|john_j|i wont give up
|
|move|p2a: Jellicent|Recover|p2a: Jellicent
|-heal|p2a: Jellicent|404/404
|move|p1a: Skarmory|Whirlwind|p2a: Jellicent
|drag|p2a: Terrakion|Terrakion|250/323
|-damage|p2a: Terrakion|230/323|[from] Stealth Rock
|-damage|p2a: Terrakion|150/323|[from] Spikes
|
|-weather|Sandstorm|[upkeep]
|-heal|p1a: Skarmory|334/334|[from] item: Leftovers
|turn|23
|
|move|p2a: Terrakion|Close Combat|p1a: Skarmory
|-damage|p1a: Skarmory|207/334
|-unboost|p2a: Terrakion|def|1
|-unboost|p2a: Terrakion|spd|1
|move|p1a: Skarmory|Whirlwind|p2a: Terrakion
|drag|p2a: Scizor|Scizor, F|117/343
|-damage|p2a: Scizor|75/343|[from] Stealth Rock
|-damage|p2a: Scizor|0 fnt|[from] Spikes
|faint|p2a: Scizor
|
|-weather|Sandstorm|[upkeep]
|-heal|p1a: Skarmory|227/334|[from] item: Leftovers
|
|switch|p2a: Chandelure|Chandelure, M|173/261
|-damage|p2a: Chandelure|108/261|[from] Stealth Rock
|-damage|p2a: Chandelure|43/261|[from] Spikes
|turn|24
|
|switch|p1a: Starmie|Starmie|261/261
|-damage|p1a: Starmie|229/261|[from] Stealth Rock
|-damage|p1a: Starmie|186/261|[from] Spikes
|move|p2a: Chandelure|Fire Blast|p1a: Starmie
|-resisted|p1a: Starmie
|-damage|p1a: Starmie|51/261
|
|-weather|Sandstorm|[upkeep]
|-damage|p2a: Chandelure|27/261|[from] sandstorm
|-damage|p1a: Starmie|35/261|[from] sandstorm
|turn|25
|
|move|p2a: Chandelure|Fire Blast|p1a: Starmie
|-resisted|p1a: Starmie
|-damage|p1a: Starmie|0 fnt
|faint|p1a: Starmie
|
|-weather|Sandstorm|[upkeep]
|-damage|p2a: Chandelure|11/261|[from] sandstorm
|
|switch|p1a: Hippowdon|Hippowdon, F|420/420
|-damage|p1a: Hippowdon|394/420|[from] Stealth Rock
|-damage|p1a: Hippowdon|324/420|[from] Spikes
|turn|26
|
|move|p2a: Chandelure|Fire Blast|p1a: Hippowdon
|-damage|p1a: Hippowdon|0 fnt
|faint|p1a: Hippowdon
|
|-weather|Sandstorm|[upkeep]
|-damage|p2a: Chandelure|0 fnt|[from] sandstorm
|faint|p2a: Chandelure
|
|switch|p1a: Skarmory|Skarmory, F|227/334
|-damage|p1a: Skarmory|186/334|[from] Stealth Rock
|switch|p2a: Ferrothorn|Ferrothorn, M|206/352
|-damage|p2a: Ferrothorn|184/352|[from] Stealth Rock
|-damage|p2a: Ferrothorn|96/352|[from] Spikes
|turn|27
|
|move|p2a: Ferrothorn|Leech Seed|p1a: Skarmory
|-start|p1a: Skarmory|move: Leech Seed
|move|p1a: Skarmory|Whirlwind|p2a: Ferrothorn
|drag|p2a: Terrakion|Terrakion|150/323
|-damage|p2a: Terrakion|130/323|[from] Stealth Rock
|-damage|p2a: Terrakion|50/323|[from] Spikes
|
|-weather|Sandstorm|[upkeep]
|-heal|p1a: Skarmory|206/334|[from] item: Leftovers
|-damage|p1a: Skarmory|165/334|[from] Leech Seed|[of] p2a: Terrakion
|-heal|p2a: Terrakion|91/323|[silent]
|turn|28
|
|move|p2a: Terrakion|Close Combat|p1a: Skarmory
|-damage|p1a: Skarmory|44/334
|-unboost|p2a: Terrakion|def|1
|-unboost|p2a: Terrakion|spd|1
|move|p1a: Skarmory|Whirlwind|p2a: Terrakion
|drag|p2a: Ferrothorn|Ferrothorn, M|96/352
|-damage|p2a: Ferrothorn|8/352|[from] Spikes
|-damage|p2a: Ferrothorn|0 fnt|[from] Stealth Rock
|faint|p2a: Ferrothorn
|
|-weather|Sandstorm|[upkeep]
|-heal|p1a: Skarmory|64/334|[from] item: Leftovers
|
|switch|p2a: Terrakion|Terrakion|91/323
|-damage|p2a: Terrakion|71/323|[from] Stealth Rock
|-damage|p2a: Terrakion|0 fnt|[from] Spikes
|faint|p2a: Terrakion
|chat|john_j|waaaa
|
|switch|p2a: Jellicent|Jellicent, F|404/404
|-damage|p2a: Jellicent|303/404|[from] Spikes
|-damage|p2a: Jellicent|253/404|[from] Stealth Rock
|turn|29
|
|move|p1a: Skarmory|Roost|p1a: Skarmory
|-heal|p1a: Skarmory|231/334
|move|p2a: Jellicent|Hydro Pump|p1a: Skarmory
|-damage|p1a: Skarmory|75/334
|
|-weather|Sandstorm|[upkeep]
|-damage|p2a: Jellicent|228/404|[from] sandstorm
|-heal|p1a: Skarmory|95/334|[from] item: Leftovers
|-heal|p2a: Jellicent|253/404|[from] item: Leftovers
|-damage|p1a: Skarmory|54/334|[from] Leech Seed|[of] p2a: Jellicent
|-heal|p2a: Jellicent|294/404|[silent]
|turn|30
|
|move|p1a: Skarmory|Roost|p1a: Skarmory
|-heal|p1a: Skarmory|221/334
|move|p2a: Jellicent|Hydro Pump|p1a: Skarmory
|-damage|p1a: Skarmory|41/334
|
|-weather|Sandstorm|[upkeep]
|-damage|p2a: Jellicent|269/404|[from] sandstorm
|-heal|p1a: Skarmory|61/334|[from] item: Leftovers
|-heal|p2a: Jellicent|294/404|[from] item: Leftovers
|-damage|p1a: Skarmory|20/334|[from] Leech Seed|[of] p2a: Jellicent
|-heal|p2a: Jellicent|335/404|[silent]
|turn|31
|
|move|p1a: Skarmory|Roost|p1a: Skarmory
|-heal|p1a: Skarmory|187/334
|move|p2a: Jellicent|Hydro Pump|p1a: Skarmory
|-damage|p1a: Skarmory|24/334
|
|-weather|Sandstorm|[upkeep]
|-damage|p2a: Jellicent|310/404|[from] sandstorm
|-heal|p1a: Skarmory|44/334|[from] item: Leftovers
|-heal|p2a: Jellicent|335/404|[from] item: Leftovers
|-damage|p1a: Skarmory|3/334|[from] Leech Seed|[of] p2a: Jellicent
|-heal|p2a: Jellicent|376/404|[silent]
|turn|32
|
|move|p1a: Skarmory|Roost|p1a: Skarmory
|-heal|p1a: Skarmory|170/334
|move|p2a: Jellicent|Hydro Pump|p1a: Skarmory
|-damage|p1a: Skarmory|5/334
|
|-weather|Sandstorm|[upkeep]
|-damage|p2a: Jellicent|351/404|[from] sandstorm
|-heal|p1a: Skarmory|25/334|[from] item: Leftovers
|-heal|p2a: Jellicent|376/404|[from] item: Leftovers
|-damage|p1a: Skarmory|0 fnt|[from] Leech Seed|[of] p2a: Jellicent
|-heal|p2a: Jellicent|401/404|[silent]
|faint|p1a: Skarmory
|
|switch|p1a: Alakazam|Alakazam, M|252/252
|turn|33
|
|move|p1a: Alakazam|Psychic|p2a: Jellicent
|-damage|p2a: Jellicent|241/404
|move|p2a: Jellicent|Hydro Pump|p1a: Alakazam
|-damage|p1a: Alakazam|120/252
|
|-weather|Sandstorm|[upkeep]
|-damage|p2a: Jellicent|216/404|[from] sandstorm
|-heal|p2a: Jellicent|241/404|[from] item: Leftovers
|turn|34
|
|move|p1a: Alakazam|Psychic|p2a: Jellicent
|-damage|p2a: Jellicent|99/404
|move|p2a: Jellicent|Recover|p2a: Jellicent
|-heal|p2a: Jellicent|301/404
|
|-weather|Sandstorm|[upkeep]
|-damage|p2a: Jellicent|276/404|[from] sandstorm
|-heal|p2a: Jellicent|301/404|[from] item: Leftovers
|turn|35
|
|move|p1a: Alakazam|Psychic|p2a: Jellicent
|-damage|p2a: Jellicent|155/404
|move|p2a: Jellicent|Hydro Pump|p1a: Alakazam|[miss]
|-miss|p2a: Jellicent|p1a: Alakazam
|
|-weather|Sandstorm|[upkeep]
|-damage|p2a: Jellicent|130/404|[from] sandstorm
|-heal|p2a: Jellicent|155/404|[from] item: Leftovers
|turn|36
|
|move|p1a: Alakazam|Psychic|p2a: Jellicent
|-damage|p2a: Jellicent|0 fnt
|faint|p2a: Jellicent
|
|win|Pythagorean Python
|raw|Ladder updating...
|raw|Pythagorean Python's rating: 1441 &rarr; <strong>1458</strong><br />(+17 for winning)
|raw|john_j's rating: 1388 &rarr; <strong>1371</strong><br />(-17 for losing)
|chat|john_j|gg
|chat|Pythagorean Python|gg