|j|BLT2 FINCHSUX
|j|BLT2 FINCHINATOR
|player|p1|BLT2 FINCHSUX|#rozes
|player|p2|BLT2 FINCHINATOR|162
|gametype|singles
|gen|5
|tier|[Gen 5] OU
|rated
|seed|
|rule|Evasion Abilities Clause: Evasion abilities are banned
|rule|Baton Pass Clause: Limit one Baton Passer, can't pass Spe and other stats simultaneously
|rule|Swagger Clause: Swagger is banned
|clearpoke
|poke|p1|Garchomp, M, shiny|item
|poke|p1|Kyurem-Black|item
|poke|p1|Latios, M|item
|poke|p1|Metagross|item
|poke|p1|Magnezone|item
|poke|p1|Landorus-Therian, M|item
|poke|p2|Garchomp, M|item
|poke|p2|Terrakion|item
|poke|p2|Tyranitar, M|item
|poke|p2|Latios, M|item
|poke|p2|Landorus-Therian, M|item
|poke|p2|Ferrothorn, M|item
|rule|Sleep Clause Mod: Limit one foe put to sleep
|rule|Species Clause: Limit one of each Pokémon
|rule|OHKO Clause: OHKO moves are banned
|rule|Moody Clause: Moody is banned
|rule|Evasion Moves Clause: Evasion moves are banned
|rule|Endless Battle Clause: Forcing endless battles is banned
|rule|HP Percentage Mod: HP is shown in percentages
|teampreview
|c|★BLT2 FINCHINATOR|left nut bigger than right hbu
|c|★BLT2 FINCHSUX|BOI
|choice||
|
|start
|switch|p1a: Latios|Latios, M|100/100
|switch|p2a: Latios|Latios, M|100/100
|turn|1
|c|★BLT2 FINCHSUX|stay in pussy
|choice||
|
|switch|p1a: Metagross|Metagross|100/100
|switch|p2a: Tyranitar|Tyranitar, M|100/100
|-weather|Sandstorm|[from] ability: Sand Stream|[of] p2a: Tyranitar
|
|-weather|Sandstorm|[upkeep]
|turn|2
|choice||
|
|switch|p2a: Ferrothorn|Ferrothorn, M|100/100
|move|p1a: Metagross|Meteor Mash|p2a: Ferrothorn
|-resisted|p2a: Ferrothorn
|-damage|p2a: Ferrothorn|74/100
|-damage|p1a: Metagross|88/100|[from] ability: Iron Barbs|[of] p2a: Ferrothorn
|
|-weather|Sandstorm|[upkeep]
|-heal|p2a: Ferrothorn|80/100|[from] item: Leftovers
|turn|3
|choice||
|
|switch|p1a: Magnezone|Magnezone|100/100
|move|p2a: Ferrothorn|Leech Seed|p1a: Magnezone
|-start|p1a: Magnezone|move: Leech Seed
|
|-weather|Sandstorm|[upkeep]
|-heal|p2a: Ferrothorn|86/100|[from] item: Leftovers
|-damage|p1a: Magnezone|88/100|[from] Leech Seed|[of] p2a: Ferrothorn
|-heal|p2a: Ferrothorn|97/100|[silent]
|turn|4
|c|★BLT2 FINCHINATOR|stunt
|choice||
|
|move|p1a: Magnezone|Hidden Power|p2a: Ferrothorn
|-supereffective|p2a: Ferrothorn
|-damage|p2a: Ferrothorn|0 fnt
|faint|p2a: Ferrothorn
|
|-weather|Sandstorm|[upkeep]
|choice||
|
|switch|p2a: Terrakion|Terrakion|100/100
|turn|5
|c|★BLT2 FINCHSUX|stunt
|choice||
|
|switch|p2a: Garchomp|Garchomp, M|100/100
|switch|p1a: Landorus|Landorus-Therian, M|100/100
|-ability|p1a: Landorus|Intimidate|boost
|-unboost|p2a: Garchomp|atk|1
|
|-weather|Sandstorm|[upkeep]
|turn|6
|j|passion
|choice||
|
|move|p1a: Landorus|Hidden Power|p2a: Garchomp
|-supereffective|p2a: Garchomp
|-damage|p2a: Garchomp|32/100
|move|p2a: Garchomp|Swords Dance|p2a: Garchomp
|-boost|p2a: Garchomp|atk|2
|
|-weather|Sandstorm|[upkeep]
|turn|7
|choice||
|
|switch|p2a: Tyranitar|Tyranitar, M|100/100
|move|p1a: Landorus|Hidden Power|p2a: Tyranitar
|-damage|p2a: Tyranitar|90/100
|
|-weather|Sandstorm|[upkeep]
|turn|8
|choice||
|
|-activate|p1a: Landorus|move: Pursuit
|move|p2a: Tyranitar|Pursuit|p1a: Landorus|[from]Pursuit
|-damage|p1a: Landorus|25/100
|switch|p1a: Metagross|Metagross|88/100
|
|-weather|Sandstorm|[upkeep]
|turn|9
|choice||
|
|switch|p2a: Garchomp|Garchomp, M|32/100
|move|p1a: Metagross|Meteor Mash|p2a: Garchomp|[miss]
|-miss|p1a: Metagross|p2a: Garchomp
|
|-weather|Sandstorm|[upkeep]
|turn|10
|choice||
|
|switch|p1a: Landorus|Landorus-Therian, M|25/100
|-ability|p1a: Landorus|Intimidate|boost
|-unboost|p2a: Garchomp|atk|1
|move|p2a: Garchomp|Outrage|p1a: Landorus
|-enditem|p2a: Garchomp|Dragon Gem|[from] gem|[move] Outrage
|-damage|p1a: Landorus|0 fnt
|faint|p1a: Landorus
|
|-weather|Sandstorm|[upkeep]
|choice||
|
|switch|p1a: Latios|Latios, M|100/100
|turn|11
|choice||
|
|move|p1a: Latios|Surf|p2a: Garchomp
|-damage|p2a: Garchomp|0 fnt
|faint|p2a: Garchomp
|
|-weather|Sandstorm|[upkeep]
|-damage|p1a: Latios|95/100|[from] sandstorm
|choice||
|
|switch|p2a: Tyranitar|Tyranitar, M|90/100
|turn|12
|choice||
|
|move|p1a: Latios|Surf|p2a: Tyranitar
|-supereffective|p2a: Tyranitar
|-damage|p2a: Tyranitar|29/100
|move|p2a: Tyranitar|Pursuit|p1a: Latios
|-supereffective|p1a: Latios
|-damage|p1a: Latios|0 fnt
|faint|p1a: Latios
|
|-weather|Sandstorm|[upkeep]
|choice||
|
|switch|p1a: Magnezone|Magnezone|88/100
|turn|13
|choice||
|
|move|p2a: Tyranitar|Pursuit|p1a: Magnezone
|-resisted|p1a: Magnezone
|-damage|p1a: Magnezone|70/100
|move|p1a: Magnezone|Flash Cannon|p2a: Tyranitar
|-supereffective|p2a: Tyranitar
|-damage|p2a: Tyranitar|0 fnt
|faint|p2a: Tyranitar
|
|-weather|Sandstorm|[upkeep]
|choice||
|
|switch|p2a: Landorus|Landorus-Therian, M|100/100
|-ability|p2a: Landorus|Intimidate|boost
|-unboost|p1a: Magnezone|atk|1
|turn|14
|choice||
|
|move|p2a: Landorus|Earthquake|p1a: Magnezone
|-supereffective|p1a: Magnezone
|-damage|p1a: Magnezone|0 fnt
|faint|p1a: Magnezone
|
|-weather|Sandstorm|[upkeep]
|choice||
|
|switch|p1a: Kyurem|Kyurem-Black|100/100
|-ability|p1a: Kyurem|Teravolt
|turn|15
|choice||
|
|switch|p2a: Terrakion|Terrakion|100/100
|move|p1a: Kyurem|Earth Power|p2a: Terrakion
|-supereffective|p2a: Terrakion
|-damage|p2a: Terrakion|32/100
|-damage|p1a: Kyurem|91/100|[from] item: Life Orb
|
|-weather|Sandstorm|[upkeep]
|-damage|p1a: Kyurem|84/100|[from] sandstorm
|turn|16
|c|★BLT2 FINCHINATOR|can i win this wtf
|choice||
|
|switch|p1a: Garchomp|Garchomp, M, shiny|100/100
|move|p2a: Terrakion|Close Combat|p1a: Garchomp
|-damage|p1a: Garchomp|18/100
|-damage|p2a: Terrakion|20/100|[from] ability: Rough Skin|[of] p1a: Garchomp
|-unboost|p2a: Terrakion|def|1
|-unboost|p2a: Terrakion|spd|1
|-damage|p2a: Terrakion|10/100|[from] item: Life Orb
|
|-weather|Sandstorm|[upkeep]
|turn|17
|choice||
|
|switch|p2a: Landorus|Landorus-Therian, M|100/100
|-ability|p2a: Landorus|Intimidate|boost
|-unboost|p1a: Garchomp|atk|1
|move|p1a: Garchomp|Outrage|p2a: Landorus
|-crit|p2a: Landorus
|-damage|p2a: Landorus|0 fnt
|faint|p2a: Landorus
|
|-weather|Sandstorm|[upkeep]
|c|★BLT2 FINCHINATOR|lol
|c|★BLT2 FINCHINATOR|cmon
|c|★BLT2 FINCHSUX|=[
|choice||
|
|switch|p2a: Latios|Latios, M|100/100
|turn|18
|c|★BLT2 FINCHINATOR|ur scarf
|c|★BLT2 FINCHINATOR|so
|c|★BLT2 FINCHSUX|i wish
|choice||
|
|move|p2a: Latios|Surf|p1a: Garchomp
|-damage|p1a: Garchomp|0 fnt
|-damage|p2a: Latios|91/100|[from] item: Life Orb
|faint|p1a: Garchomp
|
|-weather|Sandstorm|[upkeep]
|-damage|p2a: Latios|85/100|[from] sandstorm
|c|★BLT2 FINCHINATOR|o
|choice||
|
|switch|p1a: Metagross|Metagross|88/100
|turn|19
|c|★BLT2 FINCHINATOR|that makes the crit
|c|★BLT2 FINCHINATOR|f
|c|★BLT2 FINCHINATOR|ok
|c|★BLT2 FINCHINATOR|i need
|c|★BLT2 FINCHINATOR|a crit
|c|★BLT2 FINCHINATOR|in return
|c|★BLT2 FINCHINATOR|pls
|choice||
|
|move|p2a: Latios|Hidden Power|p1a: Metagross
|-supereffective|p1a: Metagross
|-damage|p1a: Metagross|25/100
|-damage|p2a: Latios|75/100|[from] item: Life Orb
|move|p1a: Metagross|Ice Punch|p2a: Latios
|-supereffective|p2a: Latios
|-damage|p2a: Latios|0 fnt
|faint|p2a: Latios
|
|-weather|Sandstorm|[upkeep]
|choice||
|
|switch|p2a: Terrakion|Terrakion|10/100
|turn|20
|choice||
|
|switch|p1a: Kyurem|Kyurem-Black|84/100
|-ability|p1a: Kyurem|Teravolt
|move|p2a: Terrakion|Close Combat|p1a: Kyurem
|-supereffective|p1a: Kyurem
|-damage|p1a: Kyurem|0 fnt
|-unboost|p2a: Terrakion|def|1
|-unboost|p2a: Terrakion|spd|1
|-damage|p2a: Terrakion|0 fnt|[from] item: Life Orb
|faint|p1a: Kyurem
|faint|p2a: Terrakion
|
|win|BLT2 FINCHSUX
|player|p1
|player|p2
|raw|BLT2 FINCHSUX's rating: 1297 &rarr; <strong>1326</strong><br />(+29 for winning)
|raw|BLT2 FINCHINATOR's rating: 1359 &rarr; <strong>1336</strong><br />(-23 for losing)
|c|★BLT2 FINCHINATOR|that was dumb