|j|☆ryusen696969
|j|☆ksksjsnsn
|t:|1730038738
|gametype|singles
|player|p1|ryusen696969|266|1431
|player|p2|ksksjsnsn|policeman-gen4|1311
|teamsize|p1|6
|teamsize|p2|6
|gen|5
|tier|[Gen 5] OU
|rated|
|rule|Species Clause: Limit one of each Pokémon
|rule|OHKO Clause: OHKO moves are banned
|rule|Moody Clause: Moody is banned
|rule|Evasion Items Clause: Evasion items are banned
|rule|Evasion Moves Clause: Evasion moves are banned
|rule|Endless Battle Clause: Forcing endless battles is banned
|rule|HP Percentage Mod: HP is shown in percentages
|rule|Evasion Abilities Clause: Evasion abilities are banned
|rule|Sleep Moves Clause: Sleep-inducing moves are banned
|rule|Swagger Clause: Swagger is banned
|rule|Baton Pass Stat Clause: No Baton Passer may have a way to boost its stats
|clearpoke
|poke|p1|Garchomp, F|item
|poke|p1|Blissey, F|item
|poke|p1|Suicune|item
|poke|p1|Scizor, F|item
|poke|p1|Zoroark, M|item
|poke|p1|Alakazam, F|item
|poke|p2|Tyranitar, M|item
|poke|p2|Suicune|item
|poke|p2|Jellicent, M|item
|poke|p2|Rhyperior, M|item
|poke|p2|Reuniclus, F|item
|poke|p2|Scolipede, M|item
|teampreview
|inactive|Battle timer is ON: inactive players will automatically lose when time's up. (requested by ryusen696969)
|j| SKT T1 Motherfaker
|
|t:|1730038763
|start
|switch|p1a: Scizor|Scizor, F|100/100
|switch|p2a: 广东の大虫子|Scolipede, M, shiny|100/100
|turn|1
|
|t:|1730038770
|move|p2a: 广东の大虫子|Toxic Spikes|p1a: Scizor
|-sidestart|p1: ryusen696969|move: Toxic Spikes
|move|p1a: Scizor|Aerial Ace|p2a: 广东の大虫子
|-supereffective|p2a: 广东の大虫子
|-damage|p2a: 广东の大虫子|4/100
|
|upkeep
|turn|2
|
|t:|1730038780
|move|p1a: Scizor|Bullet Punch|p2a: 广东の大虫子
|-damage|p2a: 广东の大虫子|0 fnt
|faint|p2a: 广东の大虫子
|
|upkeep
|
|t:|1730038788
|switch|p2a: Dog's favorite|Suicune, shiny|100/100
|-ability|p2a: Dog's favorite|Pressure
|turn|3
|
|t:|1730038796
|move|p2a: Dog's favorite|Substitute|p2a: Dog's favorite
|-start|p2a: Dog's favorite|Substitute
|-damage|p2a: Dog's favorite|75/100
|move|p1a: Scizor|U-turn|p2a: Dog's favorite
|-activate|p2a: Dog's favorite|Substitute|[damage]
|
|t:|1730038800
|switch|p1a: Alakazam|Alakazam, F|100/100|[from] U-turn
|-status|p1a: Alakazam|psn
|
|-heal|p2a: Dog's favorite|82/100|[from] item: Leftovers
|upkeep
|turn|4
|
|t:|1730038807
|move|p1a: Alakazam|Energy Ball|p2a: Dog's favorite
|-supereffective|p2a: Dog's favorite
|-end|p2a: Dog's favorite|Substitute
|move|p2a: Dog's favorite|Calm Mind|p2a: Dog's favorite
|-boost|p2a: Dog's favorite|spa|1
|-boost|p2a: Dog's favorite|spd|1
|
|-heal|p2a: Dog's favorite|88/100|[from] item: Leftovers
|upkeep
|turn|5
|
|t:|1730038816
|move|p2a: Dog's favorite|Protect|p2a: Dog's favorite
|-singleturn|p2a: Dog's favorite|Protect
|move|p1a: Alakazam|Energy Ball|p2a: Dog's favorite
|-activate|p2a: Dog's favorite|move: Protect
|
|-heal|p2a: Dog's favorite|94/100|[from] item: Leftovers
|upkeep
|turn|6
|inactive|ksksjsnsn has 120 seconds left.
|
|t:|1730038874
|move|p1a: Alakazam|Focus Blast|p2a: Dog's favorite
|-damage|p2a: Dog's favorite|67/100
|move|p2a: Dog's favorite|Calm Mind|p2a: Dog's favorite
|-boost|p2a: Dog's favorite|spa|1
|-boost|p2a: Dog's favorite|spd|1
|
|-heal|p2a: Dog's favorite|73/100|[from] item: Leftovers
|upkeep
|turn|7
|
|t:|1730038880
|move|p2a: Dog's favorite|Protect|p2a: Dog's favorite
|-singleturn|p2a: Dog's favorite|Protect
|move|p1a: Alakazam|Energy Ball|p2a: Dog's favorite
|-activate|p2a: Dog's favorite|move: Protect
|
|-heal|p2a: Dog's favorite|79/100|[from] item: Leftovers
|upkeep
|turn|8
|
|t:|1730038895
|move|p1a: Alakazam|Energy Ball|p2a: Dog's favorite
|-supereffective|p2a: Dog's favorite
|-damage|p2a: Dog's favorite|53/100
|move|p2a: Dog's favorite|Calm Mind|p2a: Dog's favorite
|-boost|p2a: Dog's favorite|spa|1
|-boost|p2a: Dog's favorite|spd|1
|
|-heal|p2a: Dog's favorite|59/100|[from] item: Leftovers
|upkeep
|turn|9
|
|t:|1730038899
|switch|p1a: Garchomp|Garchomp, F|100/100
|-status|p1a: Garchomp|psn
|move|p2a: Dog's favorite|Protect||[still]
|-fail|p2a: Dog's favorite
|
|-heal|p2a: Dog's favorite|65/100|[from] item: Leftovers
|-damage|p1a: Garchomp|88/100 psn|[from] psn
|upkeep
|turn|10
|
|t:|1730038906
|move|p1a: Garchomp|Outrage|p2a: Dog's favorite
|-damage|p2a: Dog's favorite|24/100
|move|p2a: Dog's favorite|Scald|p1a: Garchomp
|-crit|p1a: Garchomp
|-damage|p1a: Garchomp|0 fnt
|faint|p1a: Garchomp
|
|-heal|p2a: Dog's favorite|30/100|[from] item: Leftovers
|upkeep
|
|t:|1730038913
|switch|p1a: Alakazam|Alakazam, F|100/100 psn
|turn|11
|inactive|ksksjsnsn has 120 seconds left.
|
|t:|1730038925
|move|p2a: Dog's favorite|Protect|p2a: Dog's favorite
|-singleturn|p2a: Dog's favorite|Protect
|move|p1a: Alakazam|Energy Ball|p2a: Dog's favorite
|-activate|p2a: Dog's favorite|move: Protect
|
|-heal|p2a: Dog's favorite|36/100|[from] item: Leftovers
|upkeep
|turn|12
|
|t:|1730038934
|move|p1a: Alakazam|Energy Ball|p2a: Dog's favorite
|-supereffective|p2a: Dog's favorite
|-damage|p2a: Dog's favorite|15/100
|move|p2a: Dog's favorite|Scald|p1a: Alakazam
|-damage|p1a: Alakazam|0 fnt
|faint|p1a: Alakazam
|
|-heal|p2a: Dog's favorite|21/100|[from] item: Leftovers
|upkeep
|
|t:|1730038940
|switch|p1a: Blissey|Blissey, F|100/100
|-status|p1a: Blissey|psn
|turn|13
|
|t:|1730038944
|move|p2a: Dog's favorite|Protect|p2a: Dog's favorite
|-singleturn|p2a: Dog's favorite|Protect
|move|p1a: Blissey|Aromatherapy|p1a: Blissey
|-activate|p1a: Blissey|move: Aromatherapy
|-curestatus|p1a: Blissey|psn|[msg]
|
|-heal|p2a: Dog's favorite|27/100|[from] item: Leftovers
|upkeep
|turn|14
|
|t:|1730038952
|move|p2a: Dog's favorite|Substitute|p2a: Dog's favorite
|-start|p2a: Dog's favorite|Substitute
|-damage|p2a: Dog's favorite|2/100
|move|p1a: Blissey|Thunderbolt|p2a: Dog's favorite
|-supereffective|p2a: Dog's favorite
|-activate|p2a: Dog's favorite|Substitute|[damage]
|
|-heal|p2a: Dog's favorite|9/100|[from] item: Leftovers
|upkeep
|turn|15
|
|t:|1730038958
|move|p2a: Dog's favorite|Protect|p2a: Dog's favorite
|-singleturn|p2a: Dog's favorite|Protect
|move|p1a: Blissey|Thunderbolt|p2a: Dog's favorite
|-activate|p2a: Dog's favorite|move: Protect
|
|-heal|p2a: Dog's favorite|15/100|[from] item: Leftovers
|upkeep
|turn|16
|
|t:|1730038972
|move|p2a: Dog's favorite|Calm Mind|p2a: Dog's favorite
|-boost|p2a: Dog's favorite|spa|1
|-boost|p2a: Dog's favorite|spd|1
|move|p1a: Blissey|Thunderbolt|p2a: Dog's favorite
|-supereffective|p2a: Dog's favorite
|-end|p2a: Dog's favorite|Substitute
|
|-heal|p2a: Dog's favorite|21/100|[from] item: Leftovers
|upkeep
|turn|17
|
|t:|1730038975
|move|p2a: Dog's favorite|Protect|p2a: Dog's favorite
|-singleturn|p2a: Dog's favorite|Protect
|move|p1a: Blissey|Thunderbolt|p2a: Dog's favorite
|-activate|p2a: Dog's favorite|move: Protect
|
|-heal|p2a: Dog's favorite|27/100|[from] item: Leftovers
|upkeep
|turn|18
|
|t:|1730038981
|move|p2a: Dog's favorite|Substitute|p2a: Dog's favorite
|-start|p2a: Dog's favorite|Substitute
|-damage|p2a: Dog's favorite|2/100
|move|p1a: Blissey|Thunderbolt|p2a: Dog's favorite
|-supereffective|p2a: Dog's favorite
|-activate|p2a: Dog's favorite|Substitute|[damage]
|
|-heal|p2a: Dog's favorite|8/100|[from] item: Leftovers
|upkeep
|turn|19
|
|t:|1730038985
|move|p2a: Dog's favorite|Calm Mind|p2a: Dog's favorite
|-boost|p2a: Dog's favorite|spa|1
|-boost|p2a: Dog's favorite|spd|1
|move|p1a: Blissey|Thunderbolt|p2a: Dog's favorite
|-supereffective|p2a: Dog's favorite
|-activate|p2a: Dog's favorite|Substitute|[damage]
|
|-heal|p2a: Dog's favorite|15/100|[from] item: Leftovers
|upkeep
|turn|20
|
|t:|1730038989
|move|p2a: Dog's favorite|Calm Mind|p2a: Dog's favorite
|-boost|p2a: Dog's favorite|spa|1
|-boost|p2a: Dog's favorite|spd|1
|move|p1a: Blissey|Thunderbolt|p2a: Dog's favorite
|-supereffective|p2a: Dog's favorite
|-end|p2a: Dog's favorite|Substitute
|
|-heal|p2a: Dog's favorite|21/100|[from] item: Leftovers
|upkeep
|turn|21
|
|t:|1730038994
|switch|p1a: Suicune|Suicune, shiny|100/100
|-status|p1a: Suicune|psn
|-ability|p1a: Suicune|Pressure
|move|p2a: Dog's favorite|Protect||[still]
|-fail|p2a: Dog's favorite
|
|-heal|p2a: Dog's favorite|27/100|[from] item: Leftovers
|-damage|p1a: Suicune|88/100 psn|[from] psn
|upkeep
|turn|22
|
|t:|1730039001
|move|p2a: Dog's favorite|Substitute|p2a: Dog's favorite
|-start|p2a: Dog's favorite|Substitute
|-damage|p2a: Dog's favorite|2/100
|move|p1a: Suicune|Toxic||[still]
|-fail|p1a: Suicune
|
|-heal|p2a: Dog's favorite|8/100|[from] item: Leftovers
|-heal|p1a: Suicune|94/100 psn|[from] item: Leftovers
|-damage|p1a: Suicune|82/100 psn|[from] psn
|upkeep
|turn|23
|
|t:|1730039006
|move|p2a: Dog's favorite|Scald|p1a: Suicune
|-resisted|p1a: Suicune
|-damage|p1a: Suicune|44/100 psn
|move|p1a: Suicune|Surf|p2a: Dog's favorite
|-resisted|p2a: Dog's favorite
|-activate|p2a: Dog's favorite|Substitute|[damage]
|
|-heal|p2a: Dog's favorite|14/100|[from] item: Leftovers
|-heal|p1a: Suicune|50/100 psn|[from] item: Leftovers
|-damage|p1a: Suicune|38/100 psn|[from] psn
|upkeep
|turn|24
|-message|ryusen696969 forfeited.
|
|win|ksksjsnsn
|raw|ryusen696969's rating: 1431 &rarr; <strong>1404</strong><br />(-27 for losing)
|raw|ksksjsnsn's rating: 1311 &rarr; <strong>1338</strong><br />(+27 for winning)
|l|☆ryusen696969
|player|p1|
|l|☆ksksjsnsn
|player|p2|
