|j|yoloboy9000
|j|One-TeD
|player|p1|yoloboy9000|2
|teamsize|p1|6
|player|p2|One-TeD|144
|teamsize|p2|6
|gametype|singles
|gen|5
|tier|[Gen 5] OU
|rated|
|seed|10985,58899,12253,36668
|rule|Sleep Clause Mod: Limit one foe put to sleep
|rule|Species Clause: Limit one of each Pokémon
|rule|OHKO Clause: OHKO moves are banned
|rule|Moody Clause: Moody is banned
|rule|Evasion Moves Clause: Evasion moves are banned
|rule|Endless Battle Clause: Forcing endless battles is banned
|rule|HP Percentage Mod: HP is shown in percentages
|rule|Evasion Abilities Clause: Evasion abilities are banned
|rule|Baton Pass Clause: Limit one Baton Passer, can't pass Spe and other stats simultaneously
|rule|Swagger Clause: Swagger is banned
|clearpoke
|poke|p1|Ninetales, F|item
|poke|p1|Gliscor, M|item
|poke|p1|Venusaur, M|item
|poke|p1|Heatran, F|item
|poke|p1|Dugtrio, M|item
|poke|p1|Volcarona, M|item
|poke|p2|Garchomp, F|item
|poke|p2|Starmie|item
|poke|p2|Thundurus-Therian, M|item
|poke|p2|Keldeo-Resolute|item
|poke|p2|Jirachi|item
|poke|p2|Volcarona, M|item
|teampreview
|j|chadbro
|l|chadbro
|choice|team 1, team 2, team 3, team 4, team 5, team 6|team 1, team 2, team 3, team 4, team 5, team 6
|
|start
|switch|p1a: Ninetailes|Ninetales, F|309/309
|switch|p2a: Garchomp|Garchomp, F, shiny|357/357
|-weather|SunnyDay|[from] ability: Drought|[of] p1a: Ninetailes
|turn|1
|choice|move hiddenpower|switch 5
|
|switch|p2a: Jirachi|Jirachi|351/351
|move|p1a: Ninetailes|Hidden Power|p2a: Jirachi
|-resisted|p2a: Jirachi
|-crit|p2a: Jirachi
|-damage|p2a: Jirachi|284/351
|
|-weather|SunnyDay|[upkeep]
|upkeep
|turn|2
|choice|move fireblast|move stealthrock
|
|move|p1a: Ninetailes|Fire Blast|p2a: Jirachi
|-supereffective|p2a: Jirachi
|-damage|p2a: Jirachi|0 fnt
|faint|p2a: Jirachi
|
|-weather|SunnyDay|[upkeep]
|upkeep
|choice||switch 5
|
|switch|p2a: Garchomp|Garchomp, F, shiny|357/357
|turn|3
|choice|switch 2|move earthquake
|
|switch|p1a: Gliscor|Gliscor, M|354/354
|move|p2a: Garchomp|Earthquake|p1a: Gliscor
|-immune|p1a: Gliscor|[msg]
|
|-weather|SunnyDay|[upkeep]
|-status|p1a: Gliscor|tox|[from] item: Toxic Orb
|upkeep
|turn|4
|choice|move icefang|switch 2
|
|switch|p2a: Starmie|Starmie|261/261
|move|p1a: Gliscor|Ice Fang|p2a: Starmie
|-resisted|p2a: Starmie
|-damage|p2a: Starmie|233/261
|
|-weather|SunnyDay|[upkeep]
|upkeep
|turn|5
|choice|switch 2|move hydropump
|
|switch|p1a: Ninetailes|Ninetales, F|309/309
|move|p2a: Starmie|Hydro Pump|p1a: Ninetailes
|-supereffective|p1a: Ninetailes
|-damage|p1a: Ninetailes|5/309
|-damage|p2a: Starmie|207/261|[from] item: Life Orb
|
|-weather|SunnyDay|[upkeep]
|-heal|p1a: Ninetailes|24/309|[from] item: Leftovers
|upkeep
|turn|6
|choice|move fireblast|move icebeam
|
|move|p2a: Starmie|Ice Beam|p1a: Ninetailes
|-resisted|p1a: Ninetailes
|-crit|p1a: Ninetailes
|-damage|p1a: Ninetailes|0 fnt
|-damage|p2a: Starmie|181/261|[from] item: Life Orb
|faint|p1a: Ninetailes
|
|-weather|SunnyDay|[upkeep]
|upkeep
|choice|switch 5|
|
|switch|p1a: Asura|Dugtrio, M|211/211
|turn|7
|choice|move earthquake|move icebeam
|
|move|p1a: Asura|Earthquake|p2a: Starmie
|-damage|p2a: Starmie|46/261
|move|p2a: Starmie|Ice Beam|p1a: Asura
|-supereffective|p1a: Asura
|-enditem|p1a: Asura|Focus Sash
|-damage|p1a: Asura|1/211
|-damage|p2a: Starmie|20/261|[from] item: Life Orb
|
|-weather|SunnyDay|[upkeep]
|upkeep
|turn|8
|choice|move suckerpunch|move rapidspin
|
|move|p1a: Asura|Sucker Punch|p2a: Starmie
|-supereffective|p2a: Starmie
|-damage|p2a: Starmie|0 fnt
|faint|p2a: Starmie
|
|-weather|SunnyDay|[upkeep]
|upkeep
|choice||switch 2
|
|switch|p2a: Garchomp|Garchomp, F, shiny|357/357
|turn|9
|choice|move reversal|move earthquake
|
|move|p2a: Garchomp|Earthquake|p1a: Asura
|-damage|p1a: Asura|0 fnt
|faint|p1a: Asura
|
|-weather|SunnyDay|[upkeep]
|upkeep
|choice|switch 2|
|
|switch|p1a: Gliscor|Gliscor, M|354/354 tox
|turn|10
|choice|move substitute|switch 4
|
|switch|p2a: Keldeo|Keldeo-Resolute|323/323
|move|p1a: Gliscor|Substitute|p1a: Gliscor
|-start|p1a: Gliscor|Substitute
|-damage|p1a: Gliscor|266/354 tox
|
|-weather|SunnyDay|[upkeep]
|-heal|p1a: Gliscor|310/354 tox|[from] ability: Poison Heal
|upkeep
|turn|11
|choice|move earthquake|move icywind
|
|move|p2a: Keldeo|Icy Wind|p1a: Gliscor
|-supereffective|p1a: Gliscor
|-end|p1a: Gliscor|Substitute
|move|p1a: Gliscor|Earthquake|p2a: Keldeo
|-damage|p2a: Keldeo|191/323
|
|-weather|SunnyDay|[upkeep]
|-heal|p1a: Gliscor|354/354 tox|[from] ability: Poison Heal
|upkeep
|turn|12
|choice|move substitute|move icywind
|
|move|p2a: Keldeo|Icy Wind|p1a: Gliscor
|-supereffective|p1a: Gliscor
|-damage|p1a: Gliscor|0 fnt
|faint|p1a: Gliscor
|
|-weather|SunnyDay|[upkeep]
|upkeep
|choice|switch 6|
|
|switch|p1a: Lucifer|Volcarona, M|347/347
|turn|13
|choice|move quiverdance|move icywind
|
|move|p2a: Keldeo|Icy Wind|p1a: Lucifer
|-resisted|p1a: Lucifer
|-damage|p1a: Lucifer|317/347
|-unboost|p1a: Lucifer|spe|1
|move|p1a: Lucifer|Quiver Dance|p1a: Lucifer
|-boost|p1a: Lucifer|spa|1
|-boost|p1a: Lucifer|spd|1
|-boost|p1a: Lucifer|spe|1
|
|-weather|SunnyDay|[upkeep]
|-heal|p1a: Lucifer|338/347|[from] item: Leftovers
|upkeep
|turn|14
|choice|move quiverdance|move hydropump
|
|move|p2a: Keldeo|Hydro Pump|p1a: Lucifer|[miss]
|-miss|p2a: Keldeo|p1a: Lucifer
|move|p1a: Lucifer|Quiver Dance|p1a: Lucifer
|-boost|p1a: Lucifer|spa|1
|-boost|p1a: Lucifer|spd|1
|-boost|p1a: Lucifer|spe|1
|
|-weather|SunnyDay|[upkeep]
|-heal|p1a: Lucifer|347/347|[from] item: Leftovers
|upkeep
|turn|15
|-message|One-TeD forfeited.
|
|win|yoloboy9000
|l|One-TeD
|raw|yoloboy9000's rating: 1325 &rarr; <strong>1351</strong><br />(+26 for winning)
|raw|One-TeD's rating: 1441 &rarr; <strong>1414</strong><br />(-27 for losing)
|j|chadbro
|l|chadbro