|j|☆fish1107
|j|☆Throw Games
|t:|1702490425
|gametype|singles
|player|p1|fish1107|aaron|1428
|player|p2|Throw Games|clay|1365
|teamsize|p1|6
|teamsize|p2|6
|gen|5
|tier|[Gen 5] OU
|rated|
|rule|Species Clause: Limit one of each Pokémon
|rule|OHKO Clause: OHKO moves are banned
|rule|Moody Clause: Moody is banned
|rule|Evasion Items Clause: Evasion items are banned
|rule|Evasion Moves Clause: Evasion moves are banned
|rule|Endless Battle Clause: Forcing endless battles is banned
|rule|HP Percentage Mod: HP is shown in percentages
|rule|Evasion Abilities Clause: Evasion abilities are banned
|rule|Sleep Moves Clause: Sleep-inducing moves are banned
|rule|Swagger Clause: Swagger is banned
|rule|Baton Pass Stat Clause: No Baton Passer may have a way to boost its stats
|clearpoke
|poke|p1|Alakazam, M|item
|poke|p1|Landorus-Therian, M|item
|poke|p1|Tyranitar, F|item
|poke|p1|Starmie|item
|poke|p1|Scizor, F|item
|poke|p1|Latios, M|item
|poke|p2|Jirachi|item
|poke|p2|Dragonite, M|item
|poke|p2|Azumarill, F|item
|poke|p2|Terrakion|item
|poke|p2|Landorus-Therian, M|item
|poke|p2|Politoed, F|item
|teampreview
|inactive|Battle timer is ON: inactive players will automatically lose when time's up. (requested by Throw Games)
|inactive|fish1107 also wants the timer to be on.
|j| Sffegfee
|
|t:|1702490433
|start
|switch|p1a: Scizor|Scizor, F|100/100
|switch|p2a: Landorus|Landorus-Therian, M, shiny|100/100
|-ability|p2a: Landorus|Intimidate|boost
|-unboost|p1a: Scizor|atk|1
|turn|1
|j| BlueHuseeyWasTaken
|
|t:|1702490436
|move|p2a: Landorus|U-turn|p1a: Scizor
|-resisted|p1a: Scizor
|-damage|p1a: Scizor|87/100
|
|t:|1702490439
|switch|p2a: Azumarill|Azumarill, F|100/100|[from] U-turn
|move|p1a: Scizor|U-turn|p2a: Azumarill
|-damage|p2a: Azumarill|59/100
|
|t:|1702490444
|switch|p1a: Alakazam|Alakazam, M|100/100|[from] U-turn
|
|upkeep
|turn|2
|
|t:|1702490447
|move|p2a: Azumarill|Aqua Jet|p1a: Alakazam
|-damage|p1a: Alakazam|3/100
|move|p1a: Alakazam|Psychic|p2a: Azumarill
|-damage|p2a: Azumarill|0 fnt
|faint|p2a: Azumarill
|
|upkeep
|
|t:|1702490452
|switch|p2a: Landorus|Landorus-Therian, M, shiny|100/100
|-ability|p2a: Landorus|Intimidate|boost
|-unboost|p1a: Alakazam|atk|1
|turn|3
|
|t:|1702490454
|switch|p1a: Landorus|Landorus-Therian, M|100/100
|-ability|p1a: Landorus|Intimidate|boost
|-unboost|p2a: Landorus|atk|1
|move|p2a: Landorus|U-turn|p1a: Landorus
|-resisted|p1a: Landorus
|-damage|p1a: Landorus|91/100
|
|t:|1702490458
|switch|p2a: Politoed|Politoed, F|100/100|[from] U-turn
|-weather|RainDance|[from] ability: Drizzle|[of] p2a: Politoed
|
|-weather|RainDance|[upkeep]
|-heal|p1a: Landorus|97/100|[from] item: Leftovers
|upkeep
|turn|4
|
|t:|1702490462
|move|p1a: Landorus|Stealth Rock|p2a: Politoed
|-sidestart|p2: Throw Games|move: Stealth Rock
|move|p2a: Politoed|Scald|p1a: Landorus
|-supereffective|p1a: Landorus
|-damage|p1a: Landorus|32/100
|
|-weather|RainDance|[upkeep]
|-heal|p1a: Landorus|38/100|[from] item: Leftovers
|upkeep
|turn|5
|
|t:|1702490465
|move|p1a: Landorus|Knock Off|p2a: Politoed
|-damage|p2a: Politoed|95/100
|-enditem|p2a: Politoed|Leftovers|[from] move: Knock Off|[of] p1a: Landorus
|move|p2a: Politoed|Scald|p1a: Landorus
|-supereffective|p1a: Landorus
|-damage|p1a: Landorus|0 fnt
|faint|p1a: Landorus
|
|-weather|RainDance|[upkeep]
|upkeep
|
|t:|1702490469
|switch|p1a: Alakazam|Alakazam, M|3/100
|turn|6
|
|t:|1702490472
|move|p1a: Alakazam|Energy Ball|p2a: Politoed
|-supereffective|p2a: Politoed
|-damage|p2a: Politoed|25/100
|move|p2a: Politoed|Ice Beam|p1a: Alakazam
|-damage|p1a: Alakazam|0 fnt
|faint|p1a: Alakazam
|
|-weather|RainDance|[upkeep]
|upkeep
|
|t:|1702490476
|switch|p1a: Scizor|Scizor, F|87/100
|turn|7
|
|t:|1702490478
|move|p2a: Politoed|Scald|p1a: Scizor
|-crit|p1a: Scizor
|-damage|p1a: Scizor|0 fnt
|faint|p1a: Scizor
|
|-weather|RainDance|[upkeep]
|upkeep
|
|t:|1702490485
|switch|p1a: Latios|Latios, M|100/100
|turn|8
|
|t:|1702490487
|move|p2a: Politoed|Protect|p2a: Politoed
|-singleturn|p2a: Politoed|Protect
|move|p1a: Latios|Psychic|p2a: Politoed
|-activate|p2a: Politoed|move: Protect
|
|-weather|RainDance|[upkeep]
|upkeep
|turn|9
|
|t:|1702490490
|switch|p2a: Jirachi|Jirachi|100/100
|-damage|p2a: Jirachi|94/100|[from] Stealth Rock
|move|p1a: Latios|Psychic|p2a: Jirachi
|-resisted|p2a: Jirachi
|-damage|p2a: Jirachi|84/100
|-unboost|p2a: Jirachi|spd|1
|
|-weather|RainDance|[upkeep]
|-heal|p2a: Jirachi|90/100|[from] item: Leftovers
|upkeep
|turn|10
|
|t:|1702490493
|switch|p1a: Starmie|Starmie|100/100
|move|p2a: Jirachi|Wish|p2a: Jirachi
|
|-weather|RainDance|[upkeep]
|-heal|p2a: Jirachi|96/100|[from] item: Leftovers
|upkeep
|turn|11
|
|t:|1702490495
|move|p1a: Starmie|Scald|p2a: Jirachi
|-damage|p2a: Jirachi|58/100
|-status|p2a: Jirachi|brn
|move|p2a: Jirachi|Thunder|p1a: Starmie
|-supereffective|p1a: Starmie
|-damage|p1a: Starmie|56/100
|
|-weather|RainDance|[upkeep]
|-heal|p2a: Jirachi|100/100 brn|[from] move: Wish|[wisher] Jirachi
|-heal|p1a: Starmie|62/100|[from] item: Leftovers
|-damage|p2a: Jirachi|88/100 brn|[from] brn
|upkeep
|turn|12
|j| Torkonpeter
|
|t:|1702490508
|move|p1a: Starmie|Scald|p2a: Jirachi
|-damage|p2a: Jirachi|47/100 brn
|move|p2a: Jirachi|Thunder|p1a: Starmie
|-supereffective|p1a: Starmie
|-damage|p1a: Starmie|12/100
|
|-weather|RainDance|[upkeep]
|-heal|p1a: Starmie|18/100|[from] item: Leftovers
|-heal|p2a: Jirachi|53/100 brn|[from] item: Leftovers
|-damage|p2a: Jirachi|40/100 brn|[from] brn
|upkeep
|turn|13
|
|t:|1702490518
|switch|p2a: Politoed|Politoed, F|25/100
|-damage|p2a: Politoed|12/100|[from] Stealth Rock
|move|p1a: Starmie|Recover|p1a: Starmie
|-heal|p1a: Starmie|68/100
|
|-weather|RainDance|[upkeep]
|-heal|p1a: Starmie|75/100|[from] item: Leftovers
|upkeep
|turn|14
|
|t:|1702490522
|move|p1a: Starmie|Scald|p2a: Politoed
|-resisted|p2a: Politoed
|-damage|p2a: Politoed|0 fnt
|faint|p2a: Politoed
|
|-weather|RainDance|[upkeep]
|-heal|p1a: Starmie|81/100|[from] item: Leftovers
|upkeep
|
|t:|1702490525
|switch|p2a: Landorus|Landorus-Therian, M, shiny|100/100
|-damage|p2a: Landorus|88/100|[from] Stealth Rock
|-ability|p2a: Landorus|Intimidate|boost
|-unboost|p1a: Starmie|atk|1
|turn|15
|
|t:|1702490528
|move|p2a: Landorus|Explosion|p1a: Starmie
|-damage|p1a: Starmie|0 fnt
|faint|p2a: Landorus
|faint|p1a: Starmie
|
|-weather|RainDance|[upkeep]
|upkeep
|
|t:|1702490535
|switch|p2a: Jirachi|Jirachi|40/100 brn
|switch|p1a: Tyranitar|Tyranitar, F|100/100
|-damage|p2a: Jirachi|34/100 brn|[from] Stealth Rock
|-weather|Sandstorm|[from] ability: Sand Stream|[of] p1a: Tyranitar
|turn|16
|
|t:|1702490538
|move|p2a: Jirachi|Wish|p2a: Jirachi
|move|p1a: Tyranitar|Earthquake|p2a: Jirachi
|-supereffective|p2a: Jirachi
|-damage|p2a: Jirachi|0 fnt
|faint|p2a: Jirachi
|
|-weather|Sandstorm|[upkeep]
|upkeep
|
|t:|1702490541
|switch|p2a: Dragonite|Dragonite, M|100/100
|-damage|p2a: Dragonite|76/100|[from] Stealth Rock
|turn|17
|
|t:|1702490543
|move|p2a: Dragonite|Superpower|p1a: Tyranitar
|-supereffective|p1a: Tyranitar
|-damage|p1a: Tyranitar|0 fnt
|-unboost|p2a: Dragonite|atk|1
|-unboost|p2a: Dragonite|def|1
|faint|p1a: Tyranitar
|
|-weather|Sandstorm|[upkeep]
|-damage|p2a: Dragonite|70/100|[from] Sandstorm
|-heal|p2a: Dragonite|100/100|[from] move: Wish|[wisher] Jirachi
|upkeep
|
|t:|1702490545
|switch|p1a: Latios|Latios, M|100/100
|turn|18
|
|t:|1702490547
|move|p1a: Latios|Psychic|p2a: Dragonite
|-damage|p2a: Dragonite|66/100
|move|p2a: Dragonite|Outrage|p1a: Latios
|-supereffective|p1a: Latios
|-damage|p1a: Latios|0 fnt
|faint|p1a: Latios
|
|win|Throw Games
|raw|fish1107's rating: 1428 &rarr; <strong>1404</strong><br />(-24 for losing)
|raw|Throw Games's rating: 1365 &rarr; <strong>1389</strong><br />(+24 for winning)
|l|☆fish1107
|l| Sffegfee
