|j|☆stonya
|j|☆happy_hitbox
|t:|1724172328
|gametype|singles
|player|p1|stonya|169|1374
|player|p2|happy_hitbox|riley|1489
|teamsize|p1|6
|teamsize|p2|6
|gen|5
|tier|[Gen 5] OU
|rated|
|rule|Species Clause: Limit one of each Pokémon
|rule|OHKO Clause: OHKO moves are banned
|rule|Moody Clause: Moody is banned
|rule|Evasion Items Clause: Evasion items are banned
|rule|Evasion Moves Clause: Evasion moves are banned
|rule|Endless Battle Clause: Forcing endless battles is banned
|rule|HP Percentage Mod: HP is shown in percentages
|rule|Evasion Abilities Clause: Evasion abilities are banned
|rule|Sleep Moves Clause: Sleep-inducing moves are banned
|rule|Swagger Clause: Swagger is banned
|rule|Baton Pass Stat Clause: No Baton Passer may have a way to boost its stats
|clearpoke
|poke|p1|Tyranitar, M|item
|poke|p1|Magnezone|item
|poke|p1|Terrakion|item
|poke|p1|Latios, M|item
|poke|p1|Scizor, F|item
|poke|p1|Landorus-Therian, M|item
|poke|p2|Aron, L1, F|item
|poke|p2|Magnezone|item
|poke|p2|Donphan, F|item
|poke|p2|Keldeo|item
|poke|p2|Politoed, M|item
|poke|p2|Umbreon, M|item
|teampreview
|inactive|Battle timer is ON: inactive players will automatically lose when time's up. (requested by happy_hitbox)
|
|t:|1724172349
|start
|switch|p1a: Miller|Scizor, F, shiny|100/100
|switch|p2a: Magnezone|Magnezone|100/100
|turn|1
|
|t:|1724172352
|move|p2a: Magnezone|Hidden Power|p1a: Miller
|-supereffective|p1a: Miller
|-damage|p1a: Miller|0 fnt
|faint|p1a: Miller
|
|upkeep
|
|t:|1724172354
|switch|p1a: Ray Allen|Magnezone|100/100
|turn|2
|
|t:|1724172357
|move|p2a: Magnezone|Hidden Power|p1a: Ray Allen
|-supereffective|p1a: Ray Allen
|-damage|p1a: Ray Allen|40/100
|move|p1a: Ray Allen|Hidden Power|p2a: Magnezone
|-supereffective|p2a: Magnezone
|-damage|p2a: Magnezone|30/100
|
|-heal|p1a: Ray Allen|46/100|[from] item: Leftovers
|upkeep
|turn|3
|
|t:|1724172361
|move|p2a: Magnezone|Hidden Power|p1a: Ray Allen
|-supereffective|p1a: Ray Allen
|-damage|p1a: Ray Allen|0 fnt
|faint|p1a: Ray Allen
|
|upkeep
|
|t:|1724172362
|switch|p1a: D.Wade|Terrakion|100/100
|turn|4
|
|t:|1724172370
|switch|p2a: Donphan|Donphan, F|100/100
|move|p1a: D.Wade|Close Combat|p2a: Donphan
|-damage|p2a: Donphan|64/100
|-unboost|p1a: D.Wade|def|1
|-unboost|p1a: D.Wade|spd|1
|
|-heal|p2a: Donphan|71/100|[from] item: Leftovers
|upkeep
|turn|5
|
|t:|1724172375
|switch|p1a: Pat Riely|Tyranitar, M|100/100
|-weather|Sandstorm|[from] ability: Sand Stream|[of] p1a: Pat Riely
|move|p2a: Donphan|Stealth Rock|p1a: Pat Riely
|-sidestart|p1: stonya|move: Stealth Rock
|
|-weather|Sandstorm|[upkeep]
|-heal|p2a: Donphan|77/100|[from] item: Leftovers
|upkeep
|turn|6
|inactive|happy_hitbox has 120 seconds left.
|
|t:|1724172429
|move|p1a: Pat Riely|Stealth Rock|p2a: Donphan
|-sidestart|p2: happy_hitbox|move: Stealth Rock
|move|p2a: Donphan|Earthquake|p1a: Pat Riely
|-supereffective|p1a: Pat Riely
|-damage|p1a: Pat Riely|39/100
|
|-weather|Sandstorm|[upkeep]
|-heal|p1a: Pat Riely|46/100|[from] item: Leftovers
|-heal|p2a: Donphan|83/100|[from] item: Leftovers
|upkeep
|turn|7
|
|t:|1724172436
|move|p1a: Pat Riely|Ice Beam|p2a: Donphan
|-supereffective|p2a: Donphan
|-damage|p2a: Donphan|18/100
|move|p2a: Donphan|Rapid Spin|p1a: Pat Riely
|-resisted|p1a: Pat Riely
|-damage|p1a: Pat Riely|44/100
|-sideend|p2: happy_hitbox|Stealth Rock|[from] move: Rapid Spin|[of] p2a: Donphan
|
|-weather|Sandstorm|[upkeep]
|-heal|p1a: Pat Riely|50/100|[from] item: Leftovers
|-heal|p2a: Donphan|24/100|[from] item: Leftovers
|upkeep
|turn|8
|
|t:|1724172446
|move|p1a: Pat Riely|Stealth Rock|p2a: Donphan
|-sidestart|p2: happy_hitbox|move: Stealth Rock
|move|p2a: Donphan|Earthquake|p1a: Pat Riely
|-supereffective|p1a: Pat Riely
|-crit|p1a: Pat Riely
|-damage|p1a: Pat Riely|0 fnt
|faint|p1a: Pat Riely
|
|-weather|Sandstorm|[upkeep]
|-heal|p2a: Donphan|30/100|[from] item: Leftovers
|upkeep
|
|t:|1724172453
|switch|p1a: D.Wade|Terrakion|100/100
|-damage|p1a: D.Wade|94/100|[from] Stealth Rock
|turn|9
|j| JamesHarden4
|inactive|happy_hitbox has 120 seconds left.
|
|t:|1724172490
|switch|p2a: Magnezone|Magnezone|30/100
|-damage|p2a: Magnezone|24/100|[from] Stealth Rock
|move|p1a: D.Wade|Close Combat|p2a: Magnezone
|-supereffective|p2a: Magnezone
|-damage|p2a: Magnezone|0 fnt
|-unboost|p1a: D.Wade|def|1
|-unboost|p1a: D.Wade|spd|1
|faint|p2a: Magnezone
|
|-weather|Sandstorm|[upkeep]
|upkeep
|
|t:|1724172492
|switch|p2a: Keldeo|Keldeo|100/100
|-damage|p2a: Keldeo|94/100|[from] Stealth Rock
|turn|10
|
|t:|1724172500
|switch|p1a: Bron Bron|Landorus-Therian, M|100/100
|-damage|p1a: Bron Bron|88/100|[from] Stealth Rock
|-ability|p1a: Bron Bron|Intimidate|boost
|-unboost|p2a: Keldeo|atk|1
|move|p2a: Keldeo|Hidden Power|p1a: Bron Bron
|-damage|p1a: Bron Bron|60/100
|
|-weather|Sandstorm|[upkeep]
|-damage|p2a: Keldeo|88/100|[from] Sandstorm
|-heal|p2a: Keldeo|94/100|[from] item: Leftovers
|upkeep
|turn|11
|
|t:|1724172510
|move|p2a: Keldeo|Substitute|p2a: Keldeo
|-start|p2a: Keldeo|Substitute
|-damage|p2a: Keldeo|70/100
|move|p1a: Bron Bron|Earthquake|p2a: Keldeo
|-end|p2a: Keldeo|Substitute
|
|-weather|Sandstorm|[upkeep]
|-damage|p2a: Keldeo|63/100|[from] Sandstorm
|-heal|p2a: Keldeo|70/100|[from] item: Leftovers
|upkeep
|turn|12
|j| UnumGenus
|
|t:|1724172520
|switch|p1a: Bosh|Latios, M, shiny|100/100
|-damage|p1a: Bosh|88/100|[from] Stealth Rock
|move|p2a: Keldeo|Hydro Pump|p1a: Bosh
|-resisted|p1a: Bosh
|-damage|p1a: Bosh|57/100
|
|-weather|Sandstorm|[upkeep]
|-damage|p1a: Bosh|51/100|[from] Sandstorm
|-damage|p2a: Keldeo|63/100|[from] Sandstorm
|-heal|p2a: Keldeo|70/100|[from] item: Leftovers
|upkeep
|turn|13
|
|t:|1724172527
|switch|p2a: Nou|Umbreon, M, shiny|100/100
|-damage|p2a: Nou|88/100|[from] Stealth Rock
|move|p1a: Bosh|Draco Meteor|p2a: Nou
|-damage|p2a: Nou|51/100
|-unboost|p1a: Bosh|spa|2
|
|-weather|Sandstorm|[upkeep]
|-damage|p1a: Bosh|45/100|[from] Sandstorm
|-damage|p2a: Nou|45/100|[from] Sandstorm
|-heal|p2a: Nou|51/100|[from] item: Leftovers
|upkeep
|turn|14
|inactive|happy_hitbox has 120 seconds left.
|
|t:|1724172536
|switch|p1a: D.Wade|Terrakion|94/100
|-damage|p1a: D.Wade|88/100|[from] Stealth Rock
|move|p2a: Nou|Wish|p2a: Nou
|
|-weather|Sandstorm|[upkeep]
|-damage|p2a: Nou|45/100|[from] Sandstorm
|-heal|p2a: Nou|51/100|[from] item: Leftovers
|upkeep
|turn|15
|inactive|happy_hitbox has 120 seconds left.
|
|t:|1724172548
|switch|p2a: Politoed|Politoed, M|100/100
|-damage|p2a: Politoed|88/100|[from] Stealth Rock
|-weather|RainDance|[from] ability: Drizzle|[of] p2a: Politoed
|move|p1a: D.Wade|Close Combat|p2a: Politoed
|-crit|p2a: Politoed
|-damage|p2a: Politoed|0 fnt
|-unboost|p1a: D.Wade|def|1
|-unboost|p1a: D.Wade|spd|1
|faint|p2a: Politoed
|
|-weather|RainDance|[upkeep]
|upkeep
|inactive|happy_hitbox has 120 seconds left.
|
|t:|1724172559
|switch|p2a: Keldeo|Keldeo|70/100
|-damage|p2a: Keldeo|63/100|[from] Stealth Rock
|turn|16
|inactive|stonya has 120 seconds left.
|
|t:|1724172598
|move|p1a: D.Wade|Close Combat|p2a: Keldeo
|-damage|p2a: Keldeo|0 fnt
|-unboost|p1a: D.Wade|def|1
|-unboost|p1a: D.Wade|spd|1
|faint|p2a: Keldeo
|
|-weather|RainDance|[upkeep]
|upkeep
|-message|happy_hitbox forfeited.
|
|win|stonya
|raw|stonya's rating: 1374 &rarr; <strong>1400</strong><br />(+26 for winning)
|raw|happy_hitbox's rating: 1489 &rarr; <strong>1463</strong><br />(-26 for losing)
|l|☆happy_hitbox
|player|p2|
