|j|☆VerlisifySetsSuck
|j|☆tohki
|player|p1|VerlisifySetsSuck|262
|player|p2|tohki|34
|teamsize|p1|6
|teamsize|p2|6
|gametype|singles
|gen|5
|tier|[Gen 5] OU
|rated|
|rule|Sleep Clause Mod: Limit one foe put to sleep
|rule|Species Clause: Limit one of each Pokémon
|rule|OHKO Clause: OHKO moves are banned
|rule|Moody Clause: Moody is banned
|rule|Evasion Moves Clause: Evasion moves are banned
|rule|Endless Battle Clause: Forcing endless battles is banned
|rule|HP Percentage Mod: HP is shown in percentages
|rule|Evasion Abilities Clause: Evasion abilities are banned
|rule|Baton Pass Clause: Limit one Baton Passer, can't pass Spe and other stats simultaneously
|rule|Swagger Clause: Swagger is banned
|clearpoke
|poke|p1|Thundurus-Therian, M|item
|poke|p1|Politoed, F|item
|poke|p1|Tentacruel, M|item
|poke|p1|Garchomp, M|item
|poke|p1|Ferrothorn, M|item
|poke|p1|Latios, M|item
|poke|p2|Politoed, M|item
|poke|p2|Latios, M|item
|poke|p2|Gorebyss, M|item
|poke|p2|Magnezone|item
|poke|p2|Landorus-Therian, M|item
|poke|p2|Forretress, F|item
|teampreview
|inactive|Battle timer is ON: inactive players will automatically lose when time's up. (requested by VerlisifySetsSuck)
|
|start
|switch|p1a: Politoed|Politoed, F|100/100
|switch|p2a: Magnezone|Magnezone|100/100
|-weather|RainDance|[from] ability: Drizzle|[of] p1a: Politoed
|turn|1
|inactive|VerlisifySetsSuck has 135 seconds left.
|
|switch|p1a: Thundurus|Thundurus-Therian, M|100/100
|move|p2a: Magnezone|Thunder|p1a: Thundurus
|-immune|p1a: Thundurus|[msg]|[from] ability: Volt Absorb
|
|-weather|RainDance|[upkeep]
|upkeep
|turn|2
|
|move|p1a: Thundurus|Hidden Power|p2a: Magnezone
|-resisted|p2a: Magnezone
|-damage|p2a: Magnezone|83/100
|move|p2a: Magnezone|Flash Cannon|p1a: Thundurus
|-resisted|p1a: Thundurus
|-damage|p1a: Thundurus|62/100
|-damage|p2a: Magnezone|73/100|[from] item: Life Orb
|
|-weather|RainDance|[upkeep]
|-heal|p1a: Thundurus|68/100|[from] item: Leftovers
|upkeep
|turn|3
|
|switch|p2a: Latios|Latios, M|100/100
|move|p1a: Thundurus|Focus Blast|p2a: Latios
|-resisted|p2a: Latios
|-damage|p2a: Latios|74/100
|
|-weather|RainDance|[upkeep]
|-heal|p1a: Thundurus|74/100|[from] item: Leftovers
|upkeep
|turn|4
|
|switch|p2a: Magnezone|Magnezone|73/100
|switch|p1a: Ferrothorn|Ferrothorn, M|100/100
|
|-weather|RainDance|[upkeep]
|upkeep
|turn|5
|
|move|p2a: Magnezone|Substitute|p2a: Magnezone
|-start|p2a: Magnezone|Substitute
|-damage|p2a: Magnezone|48/100
|move|p1a: Ferrothorn|Stealth Rock|p2a: Magnezone
|-sidestart|p2: tohki|move: Stealth Rock
|
|-weather|RainDance|[upkeep]
|upkeep
|turn|6
|
|move|p2a: Magnezone|Hidden Power|p1a: Ferrothorn
|-supereffective|p1a: Ferrothorn
|-damage|p1a: Ferrothorn|59/100
|-damage|p2a: Magnezone|38/100|[from] item: Life Orb
|move|p1a: Ferrothorn|Spikes|p2a: Magnezone
|-sidestart|p2: tohki|Spikes
|
|-weather|RainDance|[upkeep]
|-heal|p1a: Ferrothorn|65/100|[from] item: Leftovers
|upkeep
|turn|7
|
|move|p2a: Magnezone|Hidden Power|p1a: Ferrothorn
|-supereffective|p1a: Ferrothorn
|-damage|p1a: Ferrothorn|20/100
|-damage|p2a: Magnezone|28/100|[from] item: Life Orb
|move|p1a: Ferrothorn|Spikes|p2a: Magnezone
|-sidestart|p2: tohki|Spikes
|
|-weather|RainDance|[upkeep]
|-heal|p1a: Ferrothorn|26/100|[from] item: Leftovers
|upkeep
|turn|8
|
|move|p2a: Magnezone|Hidden Power|p1a: Ferrothorn
|-supereffective|p1a: Ferrothorn
|-damage|p1a: Ferrothorn|0 fnt
|-damage|p2a: Magnezone|18/100|[from] item: Life Orb
|faint|p1a: Ferrothorn
|
|-weather|RainDance|[upkeep]
|upkeep
|
|switch|p1a: Garchomp|Garchomp, M|100/100
|turn|9
|
|move|p1a: Garchomp|Earthquake|p2a: Magnezone
|-supereffective|p2a: Magnezone
|-crit|p2a: Magnezone
|-end|p2a: Magnezone|Substitute
|move|p2a: Magnezone|Flash Cannon|p1a: Garchomp
|-damage|p1a: Garchomp|40/100
|-damage|p2a: Magnezone|9/100|[from] item: Life Orb
|
|-weather|RainDance|[upkeep]
|upkeep
|turn|10
|
|switch|p1a: Thundurus|Thundurus-Therian, M|74/100
|move|p2a: Magnezone|Flash Cannon|p1a: Thundurus
|-resisted|p1a: Thundurus
|-damage|p1a: Thundurus|36/100
|-damage|p2a: Magnezone|0 fnt|[from] item: Life Orb
|faint|p2a: Magnezone
|
|-weather|RainDance|[upkeep]
|-heal|p1a: Thundurus|43/100|[from] item: Leftovers
|upkeep
|
|switch|p2a: Latios|Latios, M|74/100
|-damage|p2a: Latios|61/100|[from] Stealth Rock
|turn|11
|
|switch|p1a: Garchomp|Garchomp, M|40/100
|move|p2a: Latios|Psyshock|p1a: Garchomp
|-damage|p1a: Garchomp|0 fnt
|faint|p1a: Garchomp
|
|-weather|RainDance|[upkeep]
|upkeep
|
|switch|p1a: Politoed|Politoed, F|100/100
|turn|12
|
|switch|p2a: Politoed|Politoed, M|100/100
|-damage|p2a: Politoed|84/100|[from] Spikes
|-damage|p2a: Politoed|72/100|[from] Stealth Rock
|move|p1a: Politoed|Ice Beam|p2a: Politoed
|-resisted|p2a: Politoed
|-damage|p2a: Politoed|60/100
|
|-weather|RainDance|[upkeep]
|upkeep
|turn|13
|
|switch|p1a: Tentacruel|Tentacruel, M|100/100
|move|p2a: Politoed|Hydro Pump|p1a: Tentacruel
|-resisted|p1a: Tentacruel
|-damage|p1a: Tentacruel|72/100
|
|-weather|RainDance|[upkeep]
|-heal|p1a: Tentacruel|78/100|[from] ability: Rain Dish
|-heal|p1a: Tentacruel|84/100|[from] item: Black Sludge
|upkeep
|turn|14
|
|switch|p2a: Landorus|Landorus-Therian, M|100/100
|-damage|p2a: Landorus|88/100|[from] Stealth Rock
|-ability|p2a: Landorus|Intimidate|boost
|-unboost|p1a: Tentacruel|atk|1
|move|p1a: Tentacruel|Scald|p2a: Landorus
|-supereffective|p2a: Landorus
|-damage|p2a: Landorus|0 fnt
|faint|p2a: Landorus
|
|-weather|RainDance|[upkeep]
|-heal|p1a: Tentacruel|91/100|[from] ability: Rain Dish
|-heal|p1a: Tentacruel|97/100|[from] item: Black Sludge
|upkeep
|
|switch|p2a: Forretress|Forretress, F|100/100
|-damage|p2a: Forretress|88/100|[from] Stealth Rock
|-damage|p2a: Forretress|72/100|[from] Spikes
|turn|15
|
|move|p1a: Tentacruel|Scald|p2a: Forretress
|-damage|p2a: Forretress|37/100
|move|p2a: Forretress|Rapid Spin|p1a: Tentacruel
|-crit|p1a: Tentacruel
|-damage|p1a: Tentacruel|88/100
|-sideend|p2: tohki|Spikes|[from] move: Rapid Spin|[of] p2a: Forretress
|-sideend|p2: tohki|Stealth Rock|[from] move: Rapid Spin|[of] p2a: Forretress
|
|-weather|RainDance|[upkeep]
|-heal|p1a: Tentacruel|94/100|[from] ability: Rain Dish
|-heal|p1a: Tentacruel|99/100|[from] item: Black Sludge
|-heal|p2a: Forretress|44/100|[from] item: Leftovers
|upkeep
|turn|16
|
|move|p1a: Tentacruel|Scald|p2a: Forretress
|-damage|p2a: Forretress|14/100
|-status|p2a: Forretress|brn
|move|p2a: Forretress|Spikes|p1a: Tentacruel
|-sidestart|p1: VerlisifySetsSuck|Spikes
|
|-weather|RainDance|[upkeep]
|-heal|p1a: Tentacruel|100/100|[from] ability: Rain Dish
|-heal|p2a: Forretress|20/100 brn|[from] item: Leftovers
|-damage|p2a: Forretress|7/100 brn|[from] brn
|upkeep
|turn|17
|inactive|tohki has 135 seconds left.
|
|switch|p2a: Latios|Latios, M|61/100
|move|p1a: Tentacruel|Rapid Spin|p2a: Latios
|-damage|p2a: Latios|59/100
|-sideend|p1: VerlisifySetsSuck|Spikes|[from] move: Rapid Spin|[of] p1a: Tentacruel
|
|-weather|RainDance|[upkeep]
|upkeep
|turn|18
|
|move|p1a: Tentacruel|Protect|p1a: Tentacruel
|-singleturn|p1a: Tentacruel|Protect
|move|p2a: Latios|Psyshock|p1a: Tentacruel
|-activate|p1a: Tentacruel|move: Protect
|
|-weather|RainDance|[upkeep]
|upkeep
|turn|19
|
|switch|p2a: Politoed|Politoed, M|60/100
|switch|p1a: Politoed|Politoed, F|100/100
|
|-weather|RainDance|[upkeep]
|upkeep
|turn|20
|
|switch|p2a: Forretress|Forretress, F|7/100 brn
|move|p1a: Politoed|Scald|p2a: Forretress
|-damage|p2a: Forretress|0 fnt
|faint|p2a: Forretress
|
|-weather|RainDance|[upkeep]
|upkeep
|
|switch|p2a: Latios|Latios, M|59/100
|turn|21
|
|move|p2a: Latios|Memento|p1a: Politoed
|-unboost|p1a: Politoed|atk|2
|-unboost|p1a: Politoed|spa|2
|faint|p2a: Latios
|move|p1a: Politoed|Endeavor|p2: Latios|[notarget]
|-notarget
|
|-weather|RainDance|[upkeep]
|upkeep
|
|switch|p2a: Gorebyss|Gorebyss, M|100/100
|turn|22
|
|move|p2a: Gorebyss|Shell Smash|p2a: Gorebyss
|-unboost|p2a: Gorebyss|def|1
|-unboost|p2a: Gorebyss|spd|1
|-boost|p2a: Gorebyss|atk|2
|-boost|p2a: Gorebyss|spa|2
|-boost|p2a: Gorebyss|spe|2
|move|p1a: Politoed|Scald|p2a: Gorebyss
|-resisted|p2a: Gorebyss
|-damage|p2a: Gorebyss|76/100
|
|-weather|RainDance|[upkeep]
|upkeep
|turn|23
|inactive|tohki has 135 seconds left.
|
|switch|p1a: Thundurus|Thundurus-Therian, M|43/100
|move|p2a: Gorebyss|Shell Smash|p2a: Gorebyss
|-unboost|p2a: Gorebyss|def|1
|-unboost|p2a: Gorebyss|spd|1
|-boost|p2a: Gorebyss|atk|2
|-boost|p2a: Gorebyss|spa|2
|-boost|p2a: Gorebyss|spe|2
|
|-weather|RainDance|[upkeep]
|-heal|p1a: Thundurus|49/100|[from] item: Leftovers
|upkeep
|turn|24
|
|move|p2a: Gorebyss|Ice Beam|p1a: Thundurus
|-supereffective|p1a: Thundurus
|-damage|p1a: Thundurus|0 fnt
|faint|p1a: Thundurus
|
|-weather|RainDance|[upkeep]
|upkeep
|
|switch|p1a: Politoed|Politoed, F|100/100
|turn|25
|
|move|p2a: Gorebyss|Hidden Power|p1a: Politoed
|-supereffective|p1a: Politoed
|-damage|p1a: Politoed|0 fnt
|faint|p1a: Politoed
|
|-weather|RainDance|[upkeep]
|upkeep
|
|switch|p1a: Latios|Latios, M|100/100
|turn|26
|
|move|p2a: Gorebyss|Ice Beam|p1a: Latios
|-supereffective|p1a: Latios
|-damage|p1a: Latios|0 fnt
|faint|p1a: Latios
|
|-weather|RainDance|[upkeep]
|upkeep
|
|switch|p1a: Tentacruel|Tentacruel, M|100/100
|turn|27
|
|move|p2a: Gorebyss|Surf|p1a: Tentacruel
|-resisted|p1a: Tentacruel
|-damage|p1a: Tentacruel|0 fnt
|faint|p1a: Tentacruel
|
|win|tohki
|c|☆tohki|gg wp
|raw|VerlisifySetsSuck's rating: 1321 &rarr; <strong>1298</strong><br />(-23 for losing)
|raw|tohki's rating: 1265 &rarr; <strong>1294</strong><br />(+29 for winning)
