|j|☆JUICEWRLD IS GOD
|j|☆Indisposed
|player|p1|JUICEWRLD IS GOD|44
|player|p2|Indisposed|266
|teamsize|p1|6
|teamsize|p2|6
|gametype|singles
|gen|5
|tier|[Gen 5] OU
|rated|
|rule|Sleep Clause Mod: Limit one foe put to sleep
|rule|Species Clause: Limit one of each Pokémon
|rule|OHKO Clause: OHKO moves are banned
|rule|Moody Clause: Moody is banned
|rule|Evasion Moves Clause: Evasion moves are banned
|rule|Endless Battle Clause: Forcing endless battles is banned
|rule|HP Percentage Mod: HP is shown in percentages
|rule|Evasion Abilities Clause: Evasion abilities are banned
|rule|Baton Pass Clause: Limit one Baton Passer, can't pass Spe and other stats simultaneously
|rule|Swagger Clause: Swagger is banned
|clearpoke
|poke|p1|Dragonite, M|item
|poke|p1|Kyurem-Black|item
|poke|p1|Latios, M|item
|poke|p1|Garchomp, F|item
|poke|p1|Salamence, M|item
|poke|p1|Magnezone|item
|poke|p2|Keldeo|item
|poke|p2|Slowbro, F|item
|poke|p2|Amoonguss, M|item
|poke|p2|Skarmory, M|item
|poke|p2|Blissey, F|item
|poke|p2|Scizor, F|item
|teampreview
|inactive|Battle timer is ON: inactive players will automatically lose when time's up. (requested by Indisposed)
|j| markus3362
|l| markus3362
|
|start
|switch|p1a: Garchomp|Garchomp, F|100/100
|switch|p2a: Blissey|Blissey, F|100/100
|turn|1
|
|move|p1a: Garchomp|Stealth Rock|p2a: Blissey
|-sidestart|p2: Indisposed|move: Stealth Rock
|move|p2a: Blissey|Stealth Rock|p1a: Garchomp
|-sidestart|p1: JUICEWRLD IS GOD|move: Stealth Rock
|
|upkeep
|turn|2
|
|move|p1a: Garchomp|Swords Dance|p1a: Garchomp
|-boost|p1a: Garchomp|atk|2
|move|p2a: Blissey|Thunder Wave|p1a: Garchomp
|-immune|p1a: Garchomp
|
|upkeep
|turn|3
|
|switch|p2a: Skarmory|Skarmory, M|100/100
|-damage|p2a: Skarmory|88/100|[from] Stealth Rock
|move|p1a: Garchomp|Earthquake|p2a: Skarmory
|-immune|p2a: Skarmory
|
|upkeep
|turn|4
|
|switch|p1a: Magnezone|Magnezone|100/100
|-damage|p1a: Magnezone|94/100|[from] Stealth Rock
|move|p2a: Skarmory|Whirlwind|p1a: Magnezone
|drag|p1a: Salamence|Salamence, M|100/100
|-damage|p1a: Salamence|76/100|[from] Stealth Rock
|
|upkeep
|turn|5
|
|switch|p2a: Slowbro|Slowbro, F|100/100
|-damage|p2a: Slowbro|88/100|[from] Stealth Rock
|move|p1a: Salamence|Fire Blast|p2a: Slowbro
|-resisted|p2a: Slowbro
|-damage|p2a: Slowbro|72/100
|
|-heal|p2a: Slowbro|78/100|[from] item: Leftovers
|upkeep
|turn|6
|
|switch|p1a: Garchomp|Garchomp, F|100/100
|-damage|p1a: Garchomp|94/100|[from] Stealth Rock
|move|p2a: Slowbro|Psychic|p1a: Garchomp
|-damage|p1a: Garchomp|58/100
|
|-heal|p2a: Slowbro|84/100|[from] item: Leftovers
|upkeep
|turn|7
|
|move|p1a: Garchomp|Earthquake|p2a: Slowbro
|-crit|p2a: Slowbro
|-damage|p2a: Slowbro|21/100
|move|p2a: Slowbro|Scald|p1a: Garchomp
|-damage|p1a: Garchomp|26/100
|-status|p1a: Garchomp|brn
|
|-heal|p2a: Slowbro|27/100|[from] item: Leftovers
|-damage|p1a: Garchomp|14/100 brn|[from] brn
|upkeep
|turn|8
|
|move|p1a: Garchomp|Outrage|p2a: Slowbro
|-damage|p2a: Slowbro|8/100
|move|p2a: Slowbro|Slack Off|p2a: Slowbro
|-heal|p2a: Slowbro|58/100
|
|-heal|p2a: Slowbro|64/100|[from] item: Leftovers
|-damage|p1a: Garchomp|1/100 brn|[from] brn
|upkeep
|turn|9
|
|move|p1a: Garchomp|Outrage|p2a: Slowbro|[from]lockedmove
|-damage|p2a: Slowbro|47/100
|move|p2a: Slowbro|Slack Off|p2a: Slowbro
|-heal|p2a: Slowbro|97/100
|
|-heal|p2a: Slowbro|100/100|[from] item: Leftovers
|-damage|p1a: Garchomp|0 fnt|[from] brn
|upkeep
|faint|p1a: Garchomp
|
|switch|p1a: Kyurem|Kyurem-Black|100/100
|-damage|p1a: Kyurem|76/100|[from] Stealth Rock
|-ability|p1a: Kyurem|Teravolt
|turn|10
|
|move|p1a: Kyurem|Substitute|p1a: Kyurem
|-start|p1a: Kyurem|Substitute
|-damage|p1a: Kyurem|51/100
|move|p2a: Slowbro|Psychic|p1a: Kyurem
|-end|p1a: Kyurem|Substitute
|
|-heal|p1a: Kyurem|57/100|[from] item: Leftovers
|upkeep
|turn|11
|
|move|p1a: Kyurem|Fusion Bolt|p2a: Slowbro
|-supereffective|p2a: Slowbro
|-crit|p2a: Slowbro
|-damage|p2a: Slowbro|11/100
|move|p2a: Slowbro|Psychic|p1a: Kyurem
|-damage|p1a: Kyurem|25/100
|-unboost|p1a: Kyurem|spd|1
|
|-heal|p1a: Kyurem|31/100|[from] item: Leftovers
|-heal|p2a: Slowbro|17/100|[from] item: Leftovers
|upkeep
|turn|12
|
|switch|p2a: Blissey|Blissey, F|100/100
|-damage|p2a: Blissey|88/100|[from] Stealth Rock
|move|p1a: Kyurem|Earth Power|p2a: Blissey
|-damage|p2a: Blissey|77/100
|
|-heal|p1a: Kyurem|37/100|[from] item: Leftovers
|-heal|p2a: Blissey|83/100|[from] item: Leftovers
|upkeep
|turn|13
|
|move|p1a: Kyurem|Substitute|p1a: Kyurem
|-start|p1a: Kyurem|Substitute
|-damage|p1a: Kyurem|12/100
|move|p2a: Blissey|Seismic Toss|p1a: Kyurem
|-activate|p1a: Kyurem|Substitute|[damage]
|
|-heal|p1a: Kyurem|18/100|[from] item: Leftovers
|-heal|p2a: Blissey|90/100|[from] item: Leftovers
|upkeep
|turn|14
|
|move|p1a: Kyurem|Fusion Bolt|p2a: Blissey
|-damage|p2a: Blissey|60/100
|move|p2a: Blissey|Seismic Toss|p1a: Kyurem
|-end|p1a: Kyurem|Substitute
|
|-heal|p1a: Kyurem|25/100|[from] item: Leftovers
|-heal|p2a: Blissey|66/100|[from] item: Leftovers
|upkeep
|turn|15
|
|move|p1a: Kyurem|Ice Beam|p2a: Blissey
|-damage|p2a: Blissey|49/100
|move|p2a: Blissey|Thunder Wave|p1a: Kyurem
|-status|p1a: Kyurem|par
|
|-heal|p2a: Blissey|55/100|[from] item: Leftovers
|-heal|p1a: Kyurem|31/100 par|[from] item: Leftovers
|upkeep
|turn|16
|
|move|p2a: Blissey|Soft-Boiled|p2a: Blissey
|-heal|p2a: Blissey|100/100
|move|p1a: Kyurem|Fusion Bolt|p2a: Blissey
|-damage|p2a: Blissey|71/100
|
|-heal|p2a: Blissey|77/100|[from] item: Leftovers
|-heal|p1a: Kyurem|37/100 par|[from] item: Leftovers
|upkeep
|turn|17
|j| DUUDlfyoyof
|
|move|p2a: Blissey|Seismic Toss|p1a: Kyurem
|-damage|p1a: Kyurem|12/100 par
|move|p1a: Kyurem|Fusion Bolt|p2a: Blissey
|-damage|p2a: Blissey|44/100
|
|-heal|p2a: Blissey|50/100|[from] item: Leftovers
|-heal|p1a: Kyurem|18/100 par|[from] item: Leftovers
|upkeep
|turn|18
|
|move|p2a: Blissey|Soft-Boiled|p2a: Blissey
|-heal|p2a: Blissey|99/100
|move|p1a: Kyurem|Fusion Bolt|p2a: Blissey
|-damage|p2a: Blissey|67/100
|
|-heal|p2a: Blissey|73/100|[from] item: Leftovers
|-heal|p1a: Kyurem|25/100 par|[from] item: Leftovers
|upkeep
|turn|19
|
|move|p2a: Blissey|Seismic Toss|p1a: Kyurem
|-damage|p1a: Kyurem|0 fnt
|faint|p1a: Kyurem
|
|-heal|p2a: Blissey|80/100|[from] item: Leftovers
|upkeep
|
|switch|p1a: Dragonite|Dragonite, M|100/100
|-damage|p1a: Dragonite|76/100|[from] Stealth Rock
|turn|20
|
|switch|p1a: Magnezone|Magnezone|94/100
|-damage|p1a: Magnezone|88/100|[from] Stealth Rock
|switch|p2a: Skarmory|Skarmory, M|88/100
|-damage|p2a: Skarmory|76/100|[from] Stealth Rock
|
|upkeep
|turn|21
|
|move|p1a: Magnezone|Volt Switch|p2a: Skarmory
|-supereffective|p2a: Skarmory
|-damage|p2a: Skarmory|0 fnt
|faint|p2a: Skarmory
|
|switch|p1a: Salamence|Salamence, M|76/100
|-damage|p1a: Salamence|51/100|[from] Stealth Rock
|
|upkeep
|inactive|Indisposed has 120 seconds left.
|l|☆Indisposed
|inactive|Indisposed disconnected and has a minute to reconnect!
|player|p2|
|inactive|Indisposed has 60 seconds to reconnect!
|l| DUUDlfyoyof
|j|☆Indisposed
|inactive|Indisposed reconnected and has 100 seconds left.
|player|p2|Indisposed|266
|inactive|Indisposed has 90 seconds left.
|
|switch|p2a: Keldeo|Keldeo|100/100
|-damage|p2a: Keldeo|94/100|[from] Stealth Rock
|turn|22
|inactive|JUICEWRLD IS GOD has 120 seconds left.
|
|switch|p1a: Latios|Latios, M|100/100
|-damage|p1a: Latios|88/100|[from] Stealth Rock
|move|p2a: Keldeo|Icy Wind|p1a: Latios
|-supereffective|p1a: Latios
|-crit|p1a: Latios
|-damage|p1a: Latios|0 fnt
|faint|p1a: Latios
|
|upkeep
|
|switch|p1a: Magnezone|Magnezone|88/100
|-damage|p1a: Magnezone|82/100|[from] Stealth Rock
|turn|23
|
|switch|p2a: Amoonguss|Amoonguss, M|100/100
|-damage|p2a: Amoonguss|88/100|[from] Stealth Rock
|move|p1a: Magnezone|Volt Switch|p2a: Amoonguss
|-resisted|p2a: Amoonguss
|-damage|p2a: Amoonguss|75/100
|
|switch|p1a: Salamence|Salamence, M|51/100
|-damage|p1a: Salamence|26/100|[from] Stealth Rock
|
|-heal|p2a: Amoonguss|81/100|[from] item: Black Sludge
|upkeep
|turn|24
|-message|JUICEWRLD IS GOD forfeited.
|
|win|Indisposed
|l|☆JUICEWRLD IS GOD
|raw|JUICEWRLD IS GOD's rating: 1352 &rarr; <strong>1333</strong><br />(-19 for losing)
|raw|Indisposed's rating: 1358 &rarr; <strong>1378</strong><br />(+20 for winning)
