|j|☆yaksoo
|j|☆baixiaohen
|t:|1738333250
|gametype|singles
|player|p1|yaksoo|elesa|1502
|player|p2|baixiaohen|steven|1322
|teamsize|p1|6
|teamsize|p2|6
|gen|5
|tier|[Gen 5] OU
|rated|
|rule|Species Clause: Limit one of each Pokémon
|rule|OHKO Clause: OHKO moves are banned
|rule|Moody Clause: Moody is banned
|rule|Evasion Items Clause: Evasion items are banned
|rule|Evasion Moves Clause: Evasion moves are banned
|rule|Endless Battle Clause: Forcing endless battles is banned
|rule|HP Percentage Mod: HP is shown in percentages
|rule|Evasion Abilities Clause: Evasion abilities are banned
|rule|Sleep Moves Clause: Sleep-inducing moves are banned
|rule|Swagger Clause: Swagger is banned
|rule|Baton Pass Stat Clause: No Baton Passer may have a way to boost its stats
|clearpoke
|poke|p1|Keldeo|item
|poke|p1|Politoed, M|item
|poke|p1|Excadrill, M|item
|poke|p1|Conkeldurr, F|item
|poke|p1|Toxicroak, M|item
|poke|p1|Alakazam, M|item
|poke|p2|Scizor, F|item
|poke|p2|Gyarados, M|item
|poke|p2|Celebi|item
|poke|p2|Starmie|item
|poke|p2|Jirachi|item
|poke|p2|Metagross|item
|teampreview
|
|t:|1738333267
|start
|switch|p1a: Conkeldurr|Conkeldurr, F|100/100
|switch|p2a: Jirachi|Jirachi, shiny|100/100
|turn|1
|
|t:|1738333292
|switch|p1a: Excadrill|Excadrill, M|100/100
|-ability|p1a: Excadrill|Mold Breaker
|move|p2a: Jirachi|Trick|p1a: Excadrill
|-activate|p2a: Jirachi|move: Trick|[of] p1a: Excadrill
|-item|p1a: Excadrill|Choice Scarf|[from] move: Trick
|-item|p2a: Jirachi|Leftovers|[from] move: Trick
|
|upkeep
|turn|2
|
|t:|1738333303
|switch|p2a: Gyarados|Gyarados, M, shiny|100/100
|-ability|p2a: Gyarados|Intimidate|boost
|-unboost|p1a: Excadrill|atk|1
|move|p1a: Excadrill|Toxic|p2a: Gyarados
|-status|p2a: Gyarados|tox
|
|-damage|p2a: Gyarados|94/100 tox|[from] psn
|upkeep
|turn|3
|
|t:|1738333326
|switch|p1a: Politoed|Politoed, M|100/100
|-weather|RainDance|[from] ability: Drizzle|[of] p1a: Politoed
|move|p2a: Gyarados|Dragon Dance|p2a: Gyarados
|-boost|p2a: Gyarados|atk|1
|-boost|p2a: Gyarados|spe|1
|
|-weather|RainDance|[upkeep]
|-heal|p2a: Gyarados|100/100 tox|[from] item: Leftovers
|-damage|p2a: Gyarados|88/100 tox|[from] psn
|upkeep
|turn|4
|
|t:|1738333332
|move|p1a: Politoed|Hydro Pump|p2a: Gyarados
|-resisted|p2a: Gyarados
|-damage|p2a: Gyarados|50/100 tox
|move|p2a: Gyarados|Earthquake|p1a: Politoed
|-damage|p1a: Politoed|27/100
|
|-weather|RainDance|[upkeep]
|-heal|p2a: Gyarados|56/100 tox|[from] item: Leftovers
|-damage|p2a: Gyarados|38/100 tox|[from] psn
|upkeep
|turn|5
|
|t:|1738333339
|switch|p2a: Celebi|Celebi|100/100
|move|p1a: Politoed|Hydro Pump|p2a: Celebi
|-resisted|p2a: Celebi
|-damage|p2a: Celebi|76/100
|
|-weather|RainDance|[upkeep]
|-heal|p2a: Celebi|83/100|[from] item: Leftovers
|upkeep
|turn|6
|
|t:|1738333348
|switch|p1a: Excadrill|Excadrill, M|100/100
|-ability|p1a: Excadrill|Mold Breaker
|move|p2a: Celebi|Stealth Rock|p1a: Excadrill
|-sidestart|p1: yaksoo|move: Stealth Rock
|
|-weather|RainDance|[upkeep]
|-heal|p2a: Celebi|89/100|[from] item: Leftovers
|upkeep
|turn|7
|
|t:|1738333351
|move|p1a: Excadrill|Rapid Spin|p2a: Celebi
|-damage|p2a: Celebi|83/100
|-sideend|p1: yaksoo|Stealth Rock|[from] move: Rapid Spin|[of] p1a: Excadrill
|move|p2a: Celebi|Giga Drain|p1a: Excadrill
|-damage|p1a: Excadrill|79/100
|-heal|p2a: Celebi|94/100|[from] drain|[of] p1a: Excadrill
|
|-weather|RainDance|[upkeep]
|-heal|p2a: Celebi|99/100|[from] item: Leftovers
|upkeep
|turn|8
|
|t:|1738333356
|switch|p1a: Conkeldurr|Conkeldurr, F|100/100
|move|p2a: Celebi|Stealth Rock|p1a: Conkeldurr
|-sidestart|p1: yaksoo|move: Stealth Rock
|
|-weather|RainDance|[upkeep]
|-heal|p2a: Celebi|100/100|[from] item: Leftovers
|upkeep
|turn|9
|
|t:|1738333358
|move|p2a: Celebi|Thunder Wave|p1a: Conkeldurr
|-status|p1a: Conkeldurr|par
|move|p1a: Conkeldurr|Thunder Punch|p2a: Celebi
|-resisted|p2a: Celebi
|-damage|p2a: Celebi|78/100
|
|-weather|RainDance|[upkeep]
|-heal|p2a: Celebi|84/100|[from] item: Leftovers
|upkeep
|turn|10
|
|t:|1738333365
|move|p2a: Celebi|Giga Drain|p1a: Conkeldurr
|-damage|p1a: Conkeldurr|71/100 par
|-heal|p2a: Celebi|98/100|[from] drain|[of] p1a: Conkeldurr
|move|p1a: Conkeldurr|Ice Punch|p2a: Celebi
|-supereffective|p2a: Celebi
|-damage|p2a: Celebi|5/100
|
|-weather|RainDance|[upkeep]
|-heal|p2a: Celebi|11/100|[from] item: Leftovers
|upkeep
|turn|11
|
|t:|1738333386
|move|p2a: Celebi|Recover|p2a: Celebi
|-heal|p2a: Celebi|61/100
|cant|p1a: Conkeldurr|par
|
|-weather|RainDance|[upkeep]
|-heal|p2a: Celebi|67/100|[from] item: Leftovers
|upkeep
|turn|12
|j| nightsuwu
|
|t:|1738333393
|move|p2a: Celebi|Giga Drain|p1a: Conkeldurr
|-damage|p1a: Conkeldurr|41/100 par
|-heal|p2a: Celebi|81/100|[from] drain|[of] p1a: Conkeldurr
|move|p1a: Conkeldurr|Ice Punch|p2a: Celebi
|-supereffective|p2a: Celebi
|-damage|p2a: Celebi|2/100
|
|-weather|RainDance|[upkeep]
|-heal|p2a: Celebi|8/100|[from] item: Leftovers
|upkeep
|turn|13
|
|t:|1738333402
|cant|p1a: Conkeldurr|par
|move|p2a: Celebi|Giga Drain|p1a: Conkeldurr
|-damage|p1a: Conkeldurr|13/100 par
|-heal|p2a: Celebi|21/100|[from] drain|[of] p1a: Conkeldurr
|
|-weather|RainDance|[upkeep]
|-heal|p2a: Celebi|27/100|[from] item: Leftovers
|upkeep
|turn|14
|
|t:|1738333412
|move|p2a: Celebi|Giga Drain|p1a: Conkeldurr
|-damage|p1a: Conkeldurr|0 fnt
|-heal|p2a: Celebi|33/100|[from] drain|[of] p1a: Conkeldurr
|faint|p1a: Conkeldurr
|
|-weather|RainDance|[upkeep]
|-heal|p2a: Celebi|40/100|[from] item: Leftovers
|upkeep
|l| nightsuwu
|
|t:|1738333421
|switch|p1a: Keldeo|Keldeo|100/100
|-damage|p1a: Keldeo|94/100|[from] Stealth Rock
|turn|15
|j| nightsuwu
|
|t:|1738333428
|move|p1a: Keldeo|Secret Sword|p2a: Celebi
|-resisted|p2a: Celebi
|-damage|p2a: Celebi|10/100
|move|p2a: Celebi|Thunder Wave|p1a: Keldeo
|-status|p1a: Keldeo|par
|
|-weather|RainDance|[upkeep]
|-heal|p2a: Celebi|16/100|[from] item: Leftovers
|upkeep
|turn|16
|
|t:|1738333438
|switch|p1a: Toxicroak|Toxicroak, M|100/100
|-damage|p1a: Toxicroak|94/100|[from] Stealth Rock
|-item|p1a: Toxicroak|Air Balloon
|move|p2a: Celebi|Recover|p2a: Celebi
|-heal|p2a: Celebi|66/100
|
|-weather|RainDance|[upkeep]
|-heal|p1a: Toxicroak|100/100|[from] ability: Dry Skin
|-heal|p2a: Celebi|73/100|[from] item: Leftovers
|upkeep
|turn|17
|l| nightsuwu
|
|t:|1738333443
|move|p1a: Toxicroak|Ice Punch|p2a: Celebi
|-supereffective|p2a: Celebi
|-damage|p2a: Celebi|33/100
|move|p2a: Celebi|Thunder Wave|p1a: Toxicroak
|-status|p1a: Toxicroak|par
|
|-weather|RainDance|[upkeep]
|-heal|p2a: Celebi|39/100|[from] item: Leftovers
|upkeep
|turn|18
|
|t:|1738333448
|move|p2a: Celebi|Recover|p2a: Celebi
|-heal|p2a: Celebi|89/100
|cant|p1a: Toxicroak|par
|
|-weather|RainDance|[upkeep]
|-heal|p2a: Celebi|95/100|[from] item: Leftovers
|upkeep
|turn|19
|
|t:|1738333454
|move|p2a: Celebi|Giga Drain|p1a: Toxicroak
|-resisted|p1a: Toxicroak
|-damage|p1a: Toxicroak|80/100 par
|-heal|p2a: Celebi|100/100|[from] drain|[of] p1a: Toxicroak
|-enditem|p1a: Toxicroak|Air Balloon
|move|p1a: Toxicroak|Ice Punch|p2a: Celebi
|-supereffective|p2a: Celebi
|-damage|p2a: Celebi|60/100
|
|-weather|RainDance|[upkeep]
|-heal|p1a: Toxicroak|92/100 par|[from] ability: Dry Skin
|-heal|p2a: Celebi|67/100|[from] item: Leftovers
|upkeep
|turn|20
|
|t:|1738333464
|switch|p2a: Metagross|Metagross, shiny|100/100
|move|p1a: Toxicroak|Swords Dance|p1a: Toxicroak
|-boost|p1a: Toxicroak|atk|2
|
|-weather|RainDance|[upkeep]
|-heal|p1a: Toxicroak|100/100 par|[from] ability: Dry Skin
|upkeep
|turn|21
|
|t:|1738333487
|switch|p1a: Politoed|Politoed, M|27/100
|-damage|p1a: Politoed|14/100|[from] Stealth Rock
|move|p2a: Metagross|Trick|p1a: Politoed
|-activate|p2a: Metagross|move: Trick|[of] p1a: Politoed
|-item|p1a: Politoed|Iron Ball|[from] move: Trick
|-item|p2a: Metagross|Choice Scarf|[from] move: Trick
|
|-weather|RainDance|[upkeep]
|upkeep
|turn|22
|
|t:|1738333502
|move|p2a: Metagross|Earthquake|p1a: Politoed
|-damage|p1a: Politoed|0 fnt
|faint|p1a: Politoed
|
|-weather|RainDance|[upkeep]
|upkeep
|
|t:|1738333513
|switch|p1a: Excadrill|Excadrill, M|79/100
|-damage|p1a: Excadrill|77/100|[from] Stealth Rock
|-ability|p1a: Excadrill|Mold Breaker
|turn|23
|
|t:|1738333517
|switch|p2a: Gyarados|Gyarados, M, shiny|38/100 tox
|-ability|p2a: Gyarados|Intimidate|boost
|-unboost|p1a: Excadrill|atk|1
|move|p1a: Excadrill|Earthquake|p2a: Gyarados
|-immune|p2a: Gyarados
|
|-weather|RainDance|[upkeep]
|-heal|p2a: Gyarados|44/100 tox|[from] item: Leftovers
|-damage|p2a: Gyarados|38/100 tox|[from] psn
|upkeep
|turn|24
|
|t:|1738333525
|switch|p1a: Toxicroak|Toxicroak, M|100/100 par
|-damage|p1a: Toxicroak|94/100 par|[from] Stealth Rock
|move|p2a: Gyarados|Earthquake|p1a: Toxicroak
|-supereffective|p1a: Toxicroak
|-damage|p1a: Toxicroak|0 fnt
|faint|p1a: Toxicroak
|
|-weather|RainDance|[upkeep]
|-heal|p2a: Gyarados|44/100 tox|[from] item: Leftovers
|-damage|p2a: Gyarados|32/100 tox|[from] psn
|upkeep
|
|t:|1738333533
|switch|p1a: Alakazam|Alakazam, M|100/100
|turn|25
|
|t:|1738333540
|move|p1a: Alakazam|Psychic|p2a: Gyarados
|-crit|p2a: Gyarados
|-damage|p2a: Gyarados|0 fnt
|faint|p2a: Gyarados
|
|-weather|RainDance|[upkeep]
|upkeep
|
|t:|1738333544
|switch|p2a: Celebi|Celebi|67/100
|turn|26
|
|t:|1738333548
|move|p1a: Alakazam|Shadow Ball|p2a: Celebi
|-supereffective|p2a: Celebi
|-damage|p2a: Celebi|30/100
|move|p2a: Celebi|Thunder Wave|p1a: Alakazam
|-status|p1a: Alakazam|par
|
|-weather|RainDance|[upkeep]
|-heal|p2a: Celebi|36/100|[from] item: Leftovers
|upkeep
|turn|27
|
|t:|1738333554
|move|p2a: Celebi|Recover|p2a: Celebi
|-heal|p2a: Celebi|86/100
|move|p1a: Alakazam|Shadow Ball|p2a: Celebi
|-supereffective|p2a: Celebi
|-damage|p2a: Celebi|51/100
|-unboost|p2a: Celebi|spd|1
|
|-weather|RainDance|[upkeep]
|-heal|p2a: Celebi|58/100|[from] item: Leftovers
|upkeep
|turn|28
|
|t:|1738333566
|switch|p2a: Metagross|Metagross, shiny|100/100
|move|p1a: Alakazam|Shadow Ball|p2a: Metagross
|-damage|p2a: Metagross|71/100
|
|-weather|RainDance|[upkeep]
|upkeep
|turn|29
|
|t:|1738333577
|switch|p1a: Excadrill|Excadrill, M|77/100
|-damage|p1a: Excadrill|74/100|[from] Stealth Rock
|-ability|p1a: Excadrill|Mold Breaker
|move|p2a: Metagross|Trick|p1a: Excadrill
|-activate|p2a: Metagross|move: Trick|[of] p1a: Excadrill
|-item|p1a: Excadrill|Choice Scarf|[from] move: Trick
|-item|p2a: Metagross|Choice Scarf|[from] move: Trick
|
|-weather|RainDance|[upkeep]
|upkeep
|turn|30
|
|t:|1738333588
|move|p1a: Excadrill|Earthquake|p2a: Metagross
|-supereffective|p2a: Metagross
|-crit|p2a: Metagross
|-damage|p2a: Metagross|0 fnt
|faint|p2a: Metagross
|
|-weather|RainDance|[upkeep]
|upkeep
|
|t:|1738333595
|switch|p2a: Starmie|Starmie|100/100
|turn|31
|
|t:|1738333602
|move|p2a: Starmie|Hydro Pump|p1a: Excadrill
|-supereffective|p1a: Excadrill
|-damage|p1a: Excadrill|0 fnt
|faint|p1a: Excadrill
|-damage|p2a: Starmie|91/100|[from] item: Life Orb
|
|-weather|RainDance|[upkeep]
|upkeep
|
|t:|1738333609
|switch|p1a: Alakazam|Alakazam, M|100/100 par
|turn|32
|
|t:|1738333612
|move|p2a: Starmie|Hydro Pump|p1a: Alakazam|[miss]
|-miss|p2a: Starmie|p1a: Alakazam
|move|p1a: Alakazam|Shadow Ball|p2a: Starmie
|-supereffective|p2a: Starmie
|-damage|p2a: Starmie|1/100
|
|-weather|RainDance|[upkeep]
|upkeep
|turn|33
|
|t:|1738333621
|move|p2a: Starmie|Hydro Pump|p1a: Alakazam|[miss]
|-miss|p2a: Starmie|p1a: Alakazam
|move|p1a: Alakazam|Shadow Ball|p2a: Starmie
|-supereffective|p2a: Starmie
|-damage|p2a: Starmie|0 fnt
|faint|p2a: Starmie
|
|-weather|RainDance|[upkeep]
|upkeep
|
|t:|1738333628
|switch|p2a: Jirachi|Jirachi, shiny|100/100
|turn|34
|
|t:|1738333632
|move|p2a: Jirachi|Iron Head|p1a: Alakazam
|-damage|p1a: Alakazam|16/100 par
|move|p1a: Alakazam|Focus Blast|p2a: Jirachi
|-damage|p2a: Jirachi|55/100
|
|-weather|RainDance|[upkeep]
|-heal|p2a: Jirachi|61/100|[from] item: Leftovers
|upkeep
|turn|35
|
|t:|1738333639
|move|p2a: Jirachi|Iron Head|p1a: Alakazam
|-damage|p1a: Alakazam|0 fnt
|faint|p1a: Alakazam
|
|-weather|RainDance|[upkeep]
|-heal|p2a: Jirachi|67/100|[from] item: Leftovers
|upkeep
|
|t:|1738333651
|switch|p1a: Keldeo|Keldeo|94/100 par
|-damage|p1a: Keldeo|88/100 par|[from] Stealth Rock
|turn|36
|
|t:|1738333653
|move|p2a: Jirachi|Iron Head|p1a: Keldeo
|-resisted|p1a: Keldeo
|-damage|p1a: Keldeo|70/100 par
|cant|p1a: Keldeo|flinch
|
|-weather|RainDance|[upkeep]
|-heal|p2a: Jirachi|74/100|[from] item: Leftovers
|upkeep
|turn|37
|
|t:|1738333658
|move|p2a: Jirachi|Iron Head|p1a: Keldeo
|-resisted|p1a: Keldeo
|-damage|p1a: Keldeo|49/100 par
|move|p1a: Keldeo|Scald|p2a: Jirachi
|-damage|p2a: Jirachi|0 fnt
|faint|p2a: Jirachi
|
|-weather|RainDance|[upkeep]
|upkeep
|
|t:|1738333666
|switch|p2a: Celebi|Celebi|58/100
|turn|38
|
|t:|1738333669
|move|p2a: Celebi|Giga Drain|p1a: Keldeo
|-supereffective|p1a: Keldeo
|-damage|p1a: Keldeo|0 fnt
|-heal|p2a: Celebi|77/100|[from] drain|[of] p1a: Keldeo
|faint|p1a: Keldeo
|
|win|baixiaohen
|raw|yaksoo's rating: 1502 &rarr; <strong>1472</strong><br />(-30 for losing)
|raw|baixiaohen's rating: 1322 &rarr; <strong>1352</strong><br />(+30 for winning)
|l|☆yaksoo
|player|p1|
