|j|☆avengedplayer_m7
|j|☆Justamente
|player|p1|avengedplayer_m7|viola|1351
|player|p2|Justamente|zinnia|1469
|teamsize|p1|6
|teamsize|p2|6
|gametype|singles
|gen|5
|tier|[Gen 5] OU
|rated|
|clearpoke
|poke|p1|Heatran, M|item
|poke|p1|Ferrothorn, M|item
|poke|p1|Jellicent, M|item
|poke|p1|Gliscor, M|item
|poke|p1|Latios, M|item
|poke|p1|Reuniclus, M|item
|poke|p2|Latias, F|item
|poke|p2|Magnezone|item
|poke|p2|Starmie|item
|poke|p2|Landorus-Therian, M|item
|poke|p2|Kyurem-Black|item
|poke|p2|Terrakion|item
|rule|Species Clause: Limit one of each Pokémon
|rule|OHKO Clause: OHKO moves are banned
|rule|Moody Clause: Moody is banned
|rule|Evasion Moves Clause: Evasion moves are banned
|rule|Endless Battle Clause: Forcing endless battles is banned
|rule|HP Percentage Mod: HP is shown in percentages
|rule|Evasion Abilities Clause: Evasion abilities are banned
|rule|Baton Pass Clause: Limit one Baton Passer, can't pass Spe and other stats simultaneously
|rule|Sleep Clause: Sleep-inducing moves are banned
|rule|Swagger Clause: Swagger is banned
|teampreview
|inactive|Battle timer is ON: inactive players will automatically lose when time's up. (requested by Justamente)
|j| TheThorn
|c|☆avengedplayer_m7|exacto
|c|☆Justamente|?
|c|☆avengedplayer_m7|nada
|c|☆avengedplayer_m7|hf
|inactive|avengedplayer_m7 has 120 seconds left.
|c| TheThorn|exactamundo
|
|start
|switch|p1a: Gliscor|Gliscor, M|100/100
|switch|p2a: Landorus|Landorus-Therian, M|100/100
|-ability|p2a: Landorus|Intimidate|boost
|-unboost|p1a: Gliscor|atk|1
|turn|1
|c|☆avengedplayer_m7|loool
|
|move|p1a: Gliscor|Protect|p1a: Gliscor
|-singleturn|p1a: Gliscor|Protect
|move|p2a: Landorus|Hidden Power|p1a: Gliscor
|-activate|p1a: Gliscor|move: Protect
|
|-status|p1a: Gliscor|tox|[from] item: Toxic Orb
|upkeep
|turn|2
|
|switch|p1a: Ferrothorn|Ferrothorn, M|100/100
|move|p2a: Landorus|Stealth Rock|p1a: Ferrothorn
|-sidestart|p1: avengedplayer_m7|move: Stealth Rock
|
|upkeep
|turn|3
|inactive|avengedplayer_m7 has 120 seconds left.
|
|switch|p1a: Gliscor|Gliscor, M|100/100 tox
|-damage|p1a: Gliscor|88/100 tox|[from] Stealth Rock
|move|p2a: Landorus|U-turn|p1a: Gliscor
|-resisted|p1a: Gliscor
|-damage|p1a: Gliscor|81/100 tox
|
|switch|p2a: Kyurem|Kyurem-Black|100/100|[from]move: U-turn
|-ability|p2a: Kyurem|Teravolt
|
|-heal|p1a: Gliscor|93/100 tox|[from] ability: Poison Heal
|upkeep
|turn|4
|
|switch|p1a: Jellicent|Jellicent, M|100/100
|-damage|p1a: Jellicent|88/100|[from] Stealth Rock
|move|p2a: Kyurem|Fusion Bolt|p1a: Jellicent
|-supereffective|p1a: Jellicent
|-damage|p1a: Jellicent|0 fnt
|-damage|p2a: Kyurem|91/100|[from] item: Life Orb
|faint|p1a: Jellicent
|
|upkeep
|
|switch|p1a: Latios|Latios, M|100/100
|-damage|p1a: Latios|88/100|[from] Stealth Rock
|turn|5
|
|switch|p2a: Magnezone|Magnezone|100/100
|move|p1a: Latios|Draco Meteor|p2a: Magnezone
|-resisted|p2a: Magnezone
|-damage|p2a: Magnezone|60/100
|-unboost|p1a: Latios|spa|2
|
|upkeep
|turn|6
|j| Flossed Over
|
|switch|p1a: Ferrothorn|Ferrothorn, M|100/100
|-damage|p1a: Ferrothorn|95/100|[from] Stealth Rock
|move|p2a: Magnezone|Volt Switch|p1a: Ferrothorn
|-resisted|p1a: Ferrothorn
|-damage|p1a: Ferrothorn|75/100
|
|switch|p2a: Terrakion|Terrakion|100/100|[from]move: Volt Switch
|
|-heal|p1a: Ferrothorn|81/100|[from] item: Leftovers
|upkeep
|turn|7
|
|switch|p2a: Magnezone|Magnezone|60/100
|switch|p1a: Gliscor|Gliscor, M|93/100 tox
|-damage|p1a: Gliscor|81/100 tox|[from] Stealth Rock
|
|-heal|p1a: Gliscor|93/100 tox|[from] ability: Poison Heal
|upkeep
|turn|8
|
|switch|p2a: Starmie|Starmie|100/100
|move|p1a: Gliscor|Protect||[still]
|-fail|p1a: Gliscor
|
|-heal|p1a: Gliscor|100/100 tox|[from] ability: Poison Heal
|upkeep
|turn|9
|
|move|p1a: Gliscor|Protect|p1a: Gliscor
|-singleturn|p1a: Gliscor|Protect
|move|p2a: Starmie|Ice Beam|p1a: Gliscor
|-activate|p1a: Gliscor|move: Protect
|
|upkeep
|turn|10
|j|%Perish Song
|inactive|avengedplayer_m7 has 120 seconds left.
|
|switch|p1a: Heatran|Heatran, M|100/100
|-damage|p1a: Heatran|88/100|[from] Stealth Rock
|move|p2a: Starmie|Ice Beam|p1a: Heatran
|-resisted|p1a: Heatran
|-damage|p1a: Heatran|81/100
|-status|p1a: Heatran|frz
|-damage|p2a: Starmie|91/100|[from] item: Life Orb
|
|-heal|p1a: Heatran|87/100 frz|[from] item: Leftovers
|upkeep
|turn|11
|inactive|avengedplayer_m7 has 120 seconds left.
|
|switch|p1a: Ferrothorn|Ferrothorn, M|81/100
|-damage|p1a: Ferrothorn|75/100|[from] Stealth Rock
|move|p2a: Starmie|Surf|p1a: Ferrothorn
|-resisted|p1a: Ferrothorn
|-damage|p1a: Ferrothorn|54/100
|-damage|p2a: Starmie|81/100|[from] item: Life Orb
|
|-heal|p1a: Ferrothorn|60/100|[from] item: Leftovers
|upkeep
|turn|12
|inactive|avengedplayer_m7 has 120 seconds left.
|
|switch|p2a: Magnezone|Magnezone|60/100
|switch|p1a: Gliscor|Gliscor, M|100/100 tox
|-damage|p1a: Gliscor|88/100 tox|[from] Stealth Rock
|
|-heal|p1a: Gliscor|100/100 tox|[from] ability: Poison Heal
|upkeep
|turn|13
|
|switch|p2a: Landorus|Landorus-Therian, M|100/100
|-ability|p2a: Landorus|Intimidate|boost
|-unboost|p1a: Gliscor|atk|1
|move|p1a: Gliscor|Toxic|p2a: Landorus
|-status|p2a: Landorus|tox
|
|-damage|p2a: Landorus|94/100 tox|[from] psn
|upkeep
|turn|14
|
|move|p2a: Landorus|Hidden Power|p1a: Gliscor
|-supereffective|p1a: Gliscor
|-damage|p1a: Gliscor|42/100 tox
|move|p1a: Gliscor|Toxic|p2a: Landorus
|-fail|p2a: Landorus|tox
|
|-heal|p2a: Landorus|100/100 tox|[from] item: Leftovers
|-damage|p2a: Landorus|88/100 tox|[from] psn
|-heal|p1a: Gliscor|55/100 tox|[from] ability: Poison Heal
|upkeep
|turn|15
|c|☆avengedplayer_m7|oops
|c|☆avengedplayer_m7|forgot
|
|move|p1a: Gliscor|Protect|p1a: Gliscor
|-singleturn|p1a: Gliscor|Protect
|move|p2a: Landorus|Hidden Power|p1a: Gliscor
|-activate|p1a: Gliscor|move: Protect
|
|-heal|p2a: Landorus|94/100 tox|[from] item: Leftovers
|-damage|p2a: Landorus|76/100 tox|[from] psn
|-heal|p1a: Gliscor|67/100 tox|[from] ability: Poison Heal
|upkeep
|turn|16
|c|☆avengedplayer_m7|about this
|
|switch|p1a: Heatran|Heatran, M|87/100 frz
|-damage|p1a: Heatran|75/100 frz|[from] Stealth Rock
|move|p2a: Landorus|U-turn|p1a: Heatran
|-resisted|p1a: Heatran
|-damage|p1a: Heatran|70/100 frz
|
|switch|p2a: Magnezone|Magnezone|60/100|[from]move: U-turn
|
|-heal|p1a: Heatran|77/100 frz|[from] item: Leftovers
|upkeep
|turn|17
|
|cant|p1a: Heatran|frz
|move|p2a: Magnezone|Thunderbolt|p1a: Heatran
|-damage|p1a: Heatran|26/100 frz
|
|-heal|p1a: Heatran|33/100 frz|[from] item: Leftovers
|upkeep
|turn|18
|
|cant|p1a: Heatran|frz
|move|p2a: Magnezone|Thunderbolt|p1a: Heatran
|-damage|p1a: Heatran|0 fnt
|faint|p1a: Heatran
|
|upkeep
|
|switch|p1a: Gliscor|Gliscor, M|67/100 tox
|-damage|p1a: Gliscor|55/100 tox|[from] Stealth Rock
|turn|19
|
|switch|p1a: Latios|Latios, M|88/100
|-damage|p1a: Latios|76/100|[from] Stealth Rock
|switch|p2a: Kyurem|Kyurem-Black|91/100
|-ability|p2a: Kyurem|Teravolt
|
|upkeep
|turn|20
|
|move|p1a: Latios|Draco Meteor|p2a: Kyurem
|-supereffective|p2a: Kyurem
|-damage|p2a: Kyurem|0 fnt
|-unboost|p1a: Latios|spa|2
|faint|p2a: Kyurem
|
|upkeep
|
|switch|p2a: Magnezone|Magnezone|60/100
|turn|21
|
|switch|p1a: Ferrothorn|Ferrothorn, M|60/100
|-damage|p1a: Ferrothorn|54/100|[from] Stealth Rock
|move|p2a: Magnezone|Flash Cannon|p1a: Ferrothorn
|-resisted|p1a: Ferrothorn
|-damage|p1a: Ferrothorn|33/100
|
|-heal|p1a: Ferrothorn|39/100|[from] item: Leftovers
|upkeep
|turn|22
|
|switch|p2a: Terrakion|Terrakion|100/100
|move|p1a: Ferrothorn|Leech Seed|p2a: Terrakion
|-start|p2a: Terrakion|move: Leech Seed
|
|-heal|p1a: Ferrothorn|45/100|[from] item: Leftovers
|-damage|p2a: Terrakion|88/100|[from] Leech Seed|[of] p1a: Ferrothorn
|-heal|p1a: Ferrothorn|56/100|[silent]
|upkeep
|turn|23
|
|move|p1a: Ferrothorn|Protect|p1a: Ferrothorn
|-singleturn|p1a: Ferrothorn|Protect
|move|p2a: Terrakion|Close Combat|p1a: Ferrothorn
|-activate|p1a: Ferrothorn|move: Protect
|
|-heal|p1a: Ferrothorn|62/100|[from] item: Leftovers
|-damage|p2a: Terrakion|76/100|[from] Leech Seed|[of] p1a: Ferrothorn
|-heal|p1a: Ferrothorn|74/100|[silent]
|upkeep
|turn|24
|
|switch|p2a: Starmie|Starmie|81/100
|switch|p1a: Gliscor|Gliscor, M|55/100 tox
|-damage|p1a: Gliscor|42/100 tox|[from] Stealth Rock
|
|-heal|p1a: Gliscor|55/100 tox|[from] ability: Poison Heal
|upkeep
|turn|25
|
|move|p1a: Gliscor|Protect|p1a: Gliscor
|-singleturn|p1a: Gliscor|Protect
|move|p2a: Starmie|Ice Beam|p1a: Gliscor
|-activate|p1a: Gliscor|move: Protect
|
|-heal|p1a: Gliscor|67/100 tox|[from] ability: Poison Heal
|upkeep
|turn|26
|
|switch|p1a: Ferrothorn|Ferrothorn, M|74/100
|-damage|p1a: Ferrothorn|68/100|[from] Stealth Rock
|move|p2a: Starmie|Ice Beam|p1a: Ferrothorn
|-damage|p1a: Ferrothorn|37/100
|-damage|p2a: Starmie|71/100|[from] item: Life Orb
|
|-heal|p1a: Ferrothorn|43/100|[from] item: Leftovers
|upkeep
|turn|27
|
|switch|p2a: Magnezone|Magnezone|60/100
|move|p1a: Ferrothorn|Spikes|p2a: Magnezone
|-sidestart|p2: Justamente|Spikes
|
|-heal|p1a: Ferrothorn|49/100|[from] item: Leftovers
|upkeep
|turn|28
|inactive|avengedplayer_m7 has 120 seconds left.
|
|move|p1a: Ferrothorn|Protect|p1a: Ferrothorn
|-singleturn|p1a: Ferrothorn|Protect
|move|p2a: Magnezone|Hidden Power|p1a: Ferrothorn
|-activate|p1a: Ferrothorn|move: Protect
|
|-heal|p1a: Ferrothorn|55/100|[from] item: Leftovers
|upkeep
|turn|29
|
|move|p2a: Magnezone|Hidden Power|p1a: Ferrothorn
|-supereffective|p1a: Ferrothorn
|-damage|p1a: Ferrothorn|0 fnt
|faint|p1a: Ferrothorn
|
|upkeep
|
|switch|p1a: Latios|Latios, M|76/100
|-damage|p1a: Latios|64/100|[from] Stealth Rock
|turn|30
|
|switch|p2a: Landorus|Landorus-Therian, M|76/100 tox
|-ability|p2a: Landorus|Intimidate|boost
|-unboost|p1a: Latios|atk|1
|move|p1a: Latios|Dragon Pulse|p2a: Landorus
|-damage|p2a: Landorus|15/100 tox
|
|-heal|p2a: Landorus|21/100 tox|[from] item: Leftovers
|-damage|p2a: Landorus|15/100 tox|[from] psn
|upkeep
|turn|31
|
|move|p1a: Latios|Dragon Pulse|p2a: Landorus
|-damage|p2a: Landorus|0 fnt
|faint|p2a: Landorus
|
|upkeep
|
|switch|p2a: Starmie|Starmie|71/100
|-damage|p2a: Starmie|58/100|[from] Spikes
|turn|32
|inactive|avengedplayer_m7 has 120 seconds left.
|
|move|p1a: Latios|Dragon Pulse|p2a: Starmie
|-damage|p2a: Starmie|0 fnt
|faint|p2a: Starmie
|
|upkeep
|
|switch|p2a: Magnezone|Magnezone|60/100
|-damage|p2a: Magnezone|47/100|[from] Spikes
|turn|33
|inactive|avengedplayer_m7 has 90 seconds left.
|inactive|avengedplayer_m7 has 60 seconds left.
|
|switch|p1a: Gliscor|Gliscor, M|67/100 tox
|-damage|p1a: Gliscor|55/100 tox|[from] Stealth Rock
|move|p2a: Magnezone|Flash Cannon|p1a: Gliscor
|-damage|p1a: Gliscor|0 fnt
|faint|p1a: Gliscor
|
|upkeep
|inactive|avengedplayer_m7 has 60 seconds left.
|
|switch|p1a: Latios|Latios, M|64/100
|-damage|p1a: Latios|51/100|[from] Stealth Rock
|turn|34
|
|move|p1a: Latios|Draco Meteor|p2a: Magnezone
|-resisted|p2a: Magnezone
|-damage|p2a: Magnezone|2/100
|-unboost|p1a: Latios|spa|2
|move|p2a: Magnezone|Flash Cannon|p1a: Latios
|-damage|p1a: Latios|0 fnt
|faint|p1a: Latios
|
|upkeep
|
|switch|p1a: Reuniclus|Reuniclus, M|100/100
|turn|35
|
|move|p2a: Magnezone|Flash Cannon|p1a: Reuniclus
|-damage|p1a: Reuniclus|40/100
|move|p1a: Reuniclus|Calm Mind|p1a: Reuniclus
|-boost|p1a: Reuniclus|spa|1
|-boost|p1a: Reuniclus|spd|1
|
|-heal|p1a: Reuniclus|46/100|[from] item: Leftovers
|upkeep
|turn|36
|
|move|p2a: Magnezone|Flash Cannon|p1a: Reuniclus
|-damage|p1a: Reuniclus|4/100
|move|p1a: Reuniclus|Recover|p1a: Reuniclus
|-heal|p1a: Reuniclus|54/100
|
|-heal|p1a: Reuniclus|60/100|[from] item: Leftovers
|upkeep
|turn|37
|
|switch|p2a: Terrakion|Terrakion|76/100
|-damage|p2a: Terrakion|63/100|[from] Spikes
|move|p1a: Reuniclus|Recover|p1a: Reuniclus
|-heal|p1a: Reuniclus|100/100
|
|upkeep
|turn|38
|
|move|p2a: Terrakion|X-Scissor|p1a: Reuniclus
|-supereffective|p1a: Reuniclus
|-damage|p1a: Reuniclus|43/100
|move|p1a: Reuniclus|Recover|p1a: Reuniclus
|-heal|p1a: Reuniclus|93/100
|
|-heal|p1a: Reuniclus|99/100|[from] item: Leftovers
|upkeep
|turn|39
|
|move|p2a: Terrakion|X-Scissor|p1a: Reuniclus
|-supereffective|p1a: Reuniclus
|-crit|p1a: Reuniclus
|-damage|p1a: Reuniclus|0 fnt
|faint|p1a: Reuniclus
|
|win|Justamente
|l|%Perish Song
|l|☆avengedplayer_m7
|raw|avengedplayer_m7's rating: 1351 &rarr; <strong>1337</strong><br />(-14 for losing)
|raw|Justamente's rating: 1469 &rarr; <strong>1483</strong><br />(+14 for winning)
