|j|☆Torvik en place
|j|☆nidiedi
|t:|1721896265
|gametype|singles
|player|p1|Torvik en place|gambler|1387
|player|p2|nidiedi|266|1301
|teamsize|p1|6
|teamsize|p2|6
|gen|5
|tier|[Gen 5] OU
|rated|
|rule|Species Clause: Limit one of each Pokémon
|rule|OHKO Clause: OHKO moves are banned
|rule|Moody Clause: Moody is banned
|rule|Evasion Items Clause: Evasion items are banned
|rule|Evasion Moves Clause: Evasion moves are banned
|rule|Endless Battle Clause: Forcing endless battles is banned
|rule|HP Percentage Mod: HP is shown in percentages
|rule|Evasion Abilities Clause: Evasion abilities are banned
|rule|Sleep Moves Clause: Sleep-inducing moves are banned
|rule|Swagger Clause: Swagger is banned
|rule|Baton Pass Stat Clause: No Baton Passer may have a way to boost its stats
|clearpoke
|poke|p1|Politoed, F|item
|poke|p1|Ferrothorn, M|item
|poke|p1|Tentacruel, M|item
|poke|p1|Tornadus, M|item
|poke|p1|Latios, M|item
|poke|p1|Jirachi|item
|poke|p2|Xatu, F|item
|poke|p2|Blissey, F|mail
|poke|p2|Dragonite, M|item
|poke|p2|Cresselia, F|item
|poke|p2|Excadrill, M|item
|poke|p2|Ninetales, M|item
|teampreview
|inactive|Battle timer is ON: inactive players will automatically lose when time's up. (requested by nidiedi)
|
|t:|1721896311
|start
|switch|p1a: Politoed|Politoed, F|100/100
|switch|p2a: Blissey|Blissey, F|100/100
|-weather|RainDance|[from] ability: Drizzle|[of] p1a: Politoed
|turn|1
|inactive|Torvik en place has 120 seconds left.
|
|t:|1721896353
|switch|p1a: Ferrothorn|Ferrothorn, M|100/100
|move|p2a: Blissey|Stealth Rock|p1a: Ferrothorn
|-sidestart|p1: Torvik en place|move: Stealth Rock
|
|-weather|RainDance|[upkeep]
|upkeep
|turn|2
|
|t:|1721896359
|switch|p2a: Xatu|Xatu, F|100/100
|move|p1a: Ferrothorn|Gyro Ball|p2a: Xatu
|-damage|p2a: Xatu|38/100
|-damage|p1a: Ferrothorn|84/100|[from] item: Rocky Helmet|[of] p2a: Xatu
|
|-weather|RainDance|[upkeep]
|-heal|p1a: Ferrothorn|90/100|[from] item: Leftovers
|upkeep
|turn|3
|inactive|Torvik en place has 120 seconds left.
|inactive|Torvik en place has 90 seconds left.
|
|t:|1721896399
|switch|p1a: Latios|Latios, M|100/100
|-damage|p1a: Latios|88/100|[from] Stealth Rock
|move|p2a: Xatu|Reflect|p2a: Xatu
|-sidestart|p2: nidiedi|Reflect
|
|-weather|RainDance|[upkeep]
|upkeep
|turn|4
|inactive|Torvik en place has 90 seconds left.
|
|t:|1721896407
|switch|p2a: Blissey|Blissey, F|100/100
|move|p1a: Latios|Trick||[still]
|-fail|p1a: Latios
|
|-weather|RainDance|[upkeep]
|upkeep
|turn|5
|inactive|Torvik en place has 90 seconds left.
|
|t:|1721896432
|switch|p1a: Tentacruel|Tentacruel, M|100/100
|-damage|p1a: Tentacruel|88/100|[from] Stealth Rock
|switch|p2a: Ninetales|Ninetales, M|100/100
|-weather|SunnyDay|[from] ability: Drought|[of] p2a: Ninetales
|
|-weather|SunnyDay|[upkeep]
|-heal|p1a: Tentacruel|94/100|[from] item: Black Sludge
|upkeep
|turn|6
|
|t:|1721896454
|move|p1a: Tentacruel|Rapid Spin|p2a: Ninetales
|-crit|p2a: Ninetales
|-damage|p2a: Ninetales|94/100
|-sideend|p1: Torvik en place|Stealth Rock|[from] move: Rapid Spin|[of] p1a: Tentacruel
|move|p2a: Ninetales|Will-O-Wisp|p1a: Tentacruel
|-status|p1a: Tentacruel|brn
|
|-weather|SunnyDay|[upkeep]
|-heal|p1a: Tentacruel|99/100 brn|[from] item: Black Sludge
|-heal|p2a: Ninetales|100/100|[from] item: Leftovers
|-damage|p1a: Tentacruel|88/100 brn|[from] brn
|upkeep
|turn|7
|inactive|Torvik en place has 90 seconds left.
|
|t:|1721896473
|switch|p2a: Blissey|Blissey, F|100/100
|move|p1a: Tentacruel|Toxic|p2a: Blissey
|-status|p2a: Blissey|tox
|
|-weather|SunnyDay|[upkeep]
|-heal|p1a: Tentacruel|94/100 brn|[from] item: Black Sludge
|-damage|p2a: Blissey|94/100 tox|[from] psn
|-damage|p1a: Tentacruel|81/100 brn|[from] brn
|-sideend|p2: nidiedi|Reflect
|upkeep
|turn|8
|inactive|Torvik en place has 90 seconds left.
|
|t:|1721896488
|switch|p1a: Politoed|Politoed, F|100/100
|-weather|RainDance|[from] ability: Drizzle|[of] p1a: Politoed
|move|p2a: Blissey|Stealth Rock|p1a: Politoed
|-sidestart|p1: Torvik en place|move: Stealth Rock
|
|-weather|RainDance|[upkeep]
|-damage|p2a: Blissey|82/100 tox|[from] psn
|upkeep
|turn|9
|inactive|Torvik en place has 90 seconds left.
|
|t:|1721896503
|move|p1a: Politoed|Toxic|p2a: Blissey
|-fail|p2a: Blissey|tox
|move|p2a: Blissey|Toxic|p1a: Politoed
|-status|p1a: Politoed|tox
|
|-weather|RainDance|[upkeep]
|-damage|p1a: Politoed|94/100 tox|[from] psn
|-damage|p2a: Blissey|64/100 tox|[from] psn
|upkeep
|turn|10
|
|t:|1721896511
|move|p1a: Politoed|Scald|p2a: Blissey
|-damage|p2a: Blissey|51/100 tox
|move|p2a: Blissey|Soft-Boiled|p2a: Blissey
|-heal|p2a: Blissey|100/100 tox
|
|-weather|RainDance|[upkeep]
|-heal|p1a: Politoed|100/100 tox|[from] item: Leftovers
|-damage|p1a: Politoed|88/100 tox|[from] psn
|-damage|p2a: Blissey|76/100 tox|[from] psn
|upkeep
|turn|11
|
|t:|1721896527
|-curestatus|p2a: Blissey|tox|[from] ability: Natural Cure
|switch|p2a: Ninetales|Ninetales, M|100/100
|-weather|SunnyDay|[from] ability: Drought|[of] p2a: Ninetales
|move|p1a: Politoed|Toxic|p2a: Ninetales
|-status|p2a: Ninetales|tox
|
|-weather|SunnyDay|[upkeep]
|-heal|p1a: Politoed|94/100 tox|[from] item: Leftovers
|-damage|p2a: Ninetales|94/100 tox|[from] psn
|-damage|p1a: Politoed|75/100 tox|[from] psn
|upkeep
|turn|12
|inactive|nidiedi has 120 seconds left.
|
|t:|1721896566
|switch|p2a: Dragonite|Dragonite, M|100/100
|switch|p1a: Tentacruel|Tentacruel, M|81/100 brn
|-damage|p1a: Tentacruel|69/100 brn|[from] Stealth Rock
|
|-weather|SunnyDay|[upkeep]
|-heal|p1a: Tentacruel|75/100 brn|[from] item: Black Sludge
|-damage|p1a: Tentacruel|63/100 brn|[from] brn
|upkeep
|turn|13
|inactive|nidiedi has 90 seconds left.
|
|t:|1721896594
|switch|p2a: Blissey|Blissey, F|76/100
|move|p1a: Tentacruel|Rapid Spin|p2a: Blissey
|-damage|p2a: Blissey|75/100
|-sideend|p1: Torvik en place|Stealth Rock|[from] move: Rapid Spin|[of] p1a: Tentacruel
|
|-weather|SunnyDay|[upkeep]
|-heal|p1a: Tentacruel|69/100 brn|[from] item: Black Sludge
|-damage|p1a: Tentacruel|56/100 brn|[from] brn
|upkeep
|turn|14
|inactive|nidiedi has 90 seconds left.
|
|t:|1721896613
|switch|p1a: Ferrothorn|Ferrothorn, M|90/100
|move|p2a: Blissey|Stealth Rock|p1a: Ferrothorn
|-sidestart|p1: Torvik en place|move: Stealth Rock
|
|-weather|SunnyDay|[upkeep]
|-heal|p1a: Ferrothorn|97/100|[from] item: Leftovers
|upkeep
|turn|15
|
|t:|1721896637
|switch|p2a: Ninetales|Ninetales, M|94/100 tox
|move|p1a: Ferrothorn|Gyro Ball|p2a: Ninetales
|-resisted|p2a: Ninetales
|-damage|p2a: Ninetales|62/100 tox
|
|-weather|SunnyDay|[upkeep]
|-heal|p2a: Ninetales|68/100 tox|[from] item: Leftovers
|-heal|p1a: Ferrothorn|100/100|[from] item: Leftovers
|-damage|p2a: Ninetales|62/100 tox|[from] psn
|upkeep
|turn|16
|inactive|nidiedi has 90 seconds left.
|j| mingnan
|
|t:|1721896663
|switch|p2a: Xatu|Xatu, F|38/100
|switch|p1a: Politoed|Politoed, F|75/100 tox
|-damage|p1a: Politoed|63/100 tox|[from] Stealth Rock
|-weather|RainDance|[from] ability: Drizzle|[of] p1a: Politoed
|
|-weather|RainDance|[upkeep]
|-heal|p1a: Politoed|69/100 tox|[from] item: Leftovers
|-damage|p1a: Politoed|63/100 tox|[from] psn
|upkeep
|turn|17
|
|t:|1721896672
|move|p2a: Xatu|U-turn|p1a: Politoed
|-damage|p1a: Politoed|53/100 tox
|
|t:|1721896682
|switch|p2a: Blissey|Blissey, F|75/100|[from] U-turn
|move|p1a: Politoed|Scald|p2a: Blissey
|-damage|p2a: Blissey|62/100
|-status|p2a: Blissey|brn
|
|-weather|RainDance|[upkeep]
|-heal|p1a: Politoed|59/100 tox|[from] item: Leftovers
|-damage|p1a: Politoed|46/100 tox|[from] psn
|-damage|p2a: Blissey|50/100 brn|[from] brn
|upkeep
|turn|18
|inactive|nidiedi has 90 seconds left.
|inactive|Torvik en place has 90 seconds left.
|
|t:|1721896711
|switch|p1a: Tornadus|Tornadus, M|100/100
|-damage|p1a: Tornadus|76/100|[from] Stealth Rock
|move|p2a: Blissey|Soft-Boiled|p2a: Blissey
|-heal|p2a: Blissey|99/100 brn
|
|-weather|RainDance|[upkeep]
|-heal|p1a: Tornadus|82/100|[from] item: Leftovers
|-damage|p2a: Blissey|87/100 brn|[from] brn
|upkeep
|turn|19
|l| mingnan
|
|t:|1721896730
|move|p1a: Tornadus|Substitute|p1a: Tornadus
|-start|p1a: Tornadus|Substitute
|-damage|p1a: Tornadus|57/100
|move|p2a: Blissey|Seismic Toss|p1a: Tornadus
|-end|p1a: Tornadus|Substitute
|
|-weather|RainDance|[upkeep]
|-heal|p1a: Tornadus|63/100|[from] item: Leftovers
|-damage|p2a: Blissey|75/100 brn|[from] brn
|upkeep
|turn|20
|
|t:|1721896737
|move|p1a: Tornadus|Protect|p1a: Tornadus
|-singleturn|p1a: Tornadus|Protect
|move|p2a: Blissey|Seismic Toss|p1a: Tornadus
|-activate|p1a: Tornadus|move: Protect
|
|-weather|RainDance|[upkeep]
|-heal|p1a: Tornadus|69/100|[from] item: Leftovers
|-damage|p2a: Blissey|62/100 brn|[from] brn
|upkeep
|turn|21
|
|t:|1721896747
|move|p1a: Tornadus|Substitute|p1a: Tornadus
|-start|p1a: Tornadus|Substitute
|-damage|p1a: Tornadus|44/100
|move|p2a: Blissey|Seismic Toss|p1a: Tornadus
|-end|p1a: Tornadus|Substitute
|
|-weather|RainDance|[upkeep]
|-heal|p1a: Tornadus|50/100|[from] item: Leftovers
|-damage|p2a: Blissey|50/100 brn|[from] brn
|upkeep
|turn|22
|
|t:|1721896754
|move|p1a: Tornadus|Hurricane|p2a: Blissey
|-damage|p2a: Blissey|31/100 brn
|-start|p2a: Blissey|confusion
|-activate|p2a: Blissey|confusion
|-damage|p2a: Blissey|29/100 brn|[from] confusion
|
|-weather|RainDance|[upkeep]
|-heal|p1a: Tornadus|56/100|[from] item: Leftovers
|-damage|p2a: Blissey|17/100 brn|[from] brn
|upkeep
|turn|23
|inactive|Torvik en place has 120 seconds left.
|inactive|nidiedi has 90 seconds left.
|
|t:|1721896769
|-curestatus|p2a: Blissey|brn|[from] ability: Natural Cure
|switch|p2a: Ninetales|Ninetales, M|62/100 tox
|-weather|SunnyDay|[from] ability: Drought|[of] p2a: Ninetales
|move|p1a: Tornadus|Hurricane|p2a: Ninetales
|-damage|p2a: Ninetales|5/100 tox
|
|-weather|SunnyDay|[upkeep]
|-heal|p1a: Tornadus|62/100|[from] item: Leftovers
|-heal|p2a: Ninetales|11/100 tox|[from] item: Leftovers
|-damage|p2a: Ninetales|5/100 tox|[from] psn
|upkeep
|turn|24
|inactive|Torvik en place has 120 seconds left.
|inactive|nidiedi has 90 seconds left.
|
|t:|1721896793
|switch|p2a: Cresselia|Cresselia, F|100/100
|move|p1a: Tornadus|Substitute|p1a: Tornadus
|-start|p1a: Tornadus|Substitute
|-damage|p1a: Tornadus|38/100
|
|-weather|SunnyDay|[upkeep]
|-heal|p1a: Tornadus|44/100|[from] item: Leftovers
|upkeep
|turn|25
|inactive|Torvik en place has 120 seconds left.
|
|t:|1721896803
|move|p1a: Tornadus|Hurricane|p2a: Cresselia|[miss]
|-miss|p1a: Tornadus|p2a: Cresselia
|move|p2a: Cresselia|Calm Mind|p2a: Cresselia
|-boost|p2a: Cresselia|spa|1
|-boost|p2a: Cresselia|spd|1
|
|-weather|SunnyDay|[upkeep]
|-heal|p1a: Tornadus|50/100|[from] item: Leftovers
|upkeep
|turn|26
|
|t:|1721896812
|switch|p1a: Jirachi|Jirachi|100/100
|-damage|p1a: Jirachi|94/100|[from] Stealth Rock
|move|p2a: Cresselia|Ice Beam|p1a: Jirachi
|-resisted|p1a: Jirachi
|-damage|p1a: Jirachi|83/100
|
|-weather|SunnyDay|[upkeep]
|-heal|p1a: Jirachi|89/100|[from] item: Leftovers
|upkeep
|turn|27
|inactive|Torvik en place has 120 seconds left.
|inactive|nidiedi has 90 seconds left.
|
|t:|1721896832
|switch|p2a: Excadrill|Excadrill, M|100/100
|-ability|p2a: Excadrill|Mold Breaker
|move|p1a: Jirachi|Thunder|p2a: Excadrill
|-immune|p2a: Excadrill
|
|-weather|SunnyDay|[upkeep]
|-heal|p1a: Jirachi|95/100|[from] item: Leftovers
|upkeep
|turn|28
|inactive|Torvik en place has 120 seconds left.
|inactive|nidiedi has 90 seconds left.
|
|t:|1721896865
|switch|p1a: Ferrothorn|Ferrothorn, M|100/100
|-damage|p1a: Ferrothorn|94/100|[from] Stealth Rock
|move|p2a: Excadrill|Earthquake|p1a: Ferrothorn
|-damage|p1a: Ferrothorn|60/100
|
|-weather|SunnyDay|[upkeep]
|-heal|p1a: Ferrothorn|66/100|[from] item: Leftovers
|upkeep
|turn|29
|
|t:|1721896881
|switch|p2a: Xatu|Xatu, F|38/100
|move|p1a: Ferrothorn|Power Whip|p2a: Xatu|[miss]
|-miss|p1a: Ferrothorn|p2a: Xatu
|
|-weather|SunnyDay|[upkeep]
|-heal|p1a: Ferrothorn|72/100|[from] item: Leftovers
|upkeep
|turn|30
|
|t:|1721896901
|move|p2a: Xatu|Reflect|p2a: Xatu
|-sidestart|p2: nidiedi|Reflect
|move|p1a: Ferrothorn|Gyro Ball|p2a: Xatu
|-damage|p2a: Xatu|7/100
|-damage|p1a: Ferrothorn|56/100|[from] item: Rocky Helmet|[of] p2a: Xatu
|
|-weather|SunnyDay|[upkeep]
|-heal|p1a: Ferrothorn|62/100|[from] item: Leftovers
|upkeep
|turn|31
|
|t:|1721896920
|switch|p1a: Latios|Latios, M|88/100
|-damage|p1a: Latios|76/100|[from] Stealth Rock
|move|p2a: Xatu|Roost|p2a: Xatu
|-heal|p2a: Xatu|57/100
|-singleturn|p2a: Xatu|move: Roost
|
|-weather|SunnyDay|[upkeep]
|upkeep
|turn|32
|inactive|nidiedi has 60 seconds left.
|
|t:|1721896967
|switch|p2a: Cresselia|Cresselia, F|100/100
|move|p1a: Latios|Draco Meteor|p2a: Cresselia
|-damage|p2a: Cresselia|54/100
|-unboost|p1a: Latios|spa|2
|
|-weather|SunnyDay|[upkeep]
|-heal|p2a: Cresselia|60/100|[from] item: Leftovers
|upkeep
|turn|33
|inactive|Torvik en place has 90 seconds left.
|inactive|nidiedi has 30 seconds left.
|
|t:|1721897005
|switch|p1a: Ferrothorn|Ferrothorn, M|62/100
|-damage|p1a: Ferrothorn|56/100|[from] Stealth Rock
|switch|p2a: Dragonite|Dragonite, M|100/100
|
|-weather|SunnyDay|[upkeep]
|-heal|p1a: Ferrothorn|62/100|[from] item: Leftovers
|upkeep
|turn|34
|inactive|nidiedi has 30 seconds left.
|inactive|Torvik en place has 90 seconds left.
|
|t:|1721897035
|switch|p1a: Latios|Latios, M|76/100
|-damage|p1a: Latios|64/100|[from] Stealth Rock
|move|p2a: Dragonite|Substitute|p2a: Dragonite
|-start|p2a: Dragonite|Substitute
|-damage|p2a: Dragonite|76/100
|
|-weather|SunnyDay|[upkeep]
|-heal|p2a: Dragonite|82/100|[from] item: Leftovers
|-sideend|p2: nidiedi|Reflect
|upkeep
|turn|35
|inactive|nidiedi has 30 seconds left.
|inactive|Torvik en place has 60 seconds left.
|
|t:|1721897068
|move|p1a: Latios|Trick||[still]
|-fail|p1a: Latios
|move|p2a: Dragonite|Dragon Claw|p1a: Latios
|-supereffective|p1a: Latios
|-damage|p1a: Latios|0 fnt
|faint|p1a: Latios
|
|-weather|SunnyDay|[upkeep]
|-heal|p2a: Dragonite|88/100|[from] item: Leftovers
|upkeep
|
|t:|1721897078
|switch|p1a: Politoed|Politoed, F|46/100 tox
|-damage|p1a: Politoed|34/100 tox|[from] Stealth Rock
|-weather|RainDance|[from] ability: Drizzle|[of] p1a: Politoed
|turn|36
|
|t:|1721897088
|switch|p1a: Ferrothorn|Ferrothorn, M|62/100
|-damage|p1a: Ferrothorn|56/100|[from] Stealth Rock
|move|p2a: Dragonite|Dragon Dance|p2a: Dragonite
|-boost|p2a: Dragonite|atk|1
|-boost|p2a: Dragonite|spe|1
|
|-weather|RainDance|[upkeep]
|-heal|p2a: Dragonite|94/100|[from] item: Leftovers
|-heal|p1a: Ferrothorn|62/100|[from] item: Leftovers
|upkeep
|turn|37
|
|t:|1721897103
|move|p2a: Dragonite|Dragon Dance|p2a: Dragonite
|-boost|p2a: Dragonite|atk|1
|-boost|p2a: Dragonite|spe|1
|move|p1a: Ferrothorn|Gyro Ball|p2a: Dragonite
|-end|p2a: Dragonite|Substitute
|
|-weather|RainDance|[upkeep]
|-heal|p2a: Dragonite|100/100|[from] item: Leftovers
|-heal|p1a: Ferrothorn|68/100|[from] item: Leftovers
|upkeep
|turn|38
|inactive|nidiedi has 30 seconds left.
|
|t:|1721897122
|move|p2a: Dragonite|Substitute|p2a: Dragonite
|-start|p2a: Dragonite|Substitute
|-damage|p2a: Dragonite|76/100
|move|p1a: Ferrothorn|Gyro Ball|p2a: Dragonite
|-end|p2a: Dragonite|Substitute
|
|-weather|RainDance|[upkeep]
|-heal|p2a: Dragonite|82/100|[from] item: Leftovers
|-heal|p1a: Ferrothorn|75/100|[from] item: Leftovers
|upkeep
|turn|39
|
|t:|1721897128
|move|p2a: Dragonite|Substitute|p2a: Dragonite
|-start|p2a: Dragonite|Substitute
|-damage|p2a: Dragonite|57/100
|move|p1a: Ferrothorn|Gyro Ball|p2a: Dragonite
|-end|p2a: Dragonite|Substitute
|
|-weather|RainDance|[upkeep]
|-heal|p2a: Dragonite|63/100|[from] item: Leftovers
|-heal|p1a: Ferrothorn|81/100|[from] item: Leftovers
|upkeep
|turn|40
|inactive|Torvik en place has 90 seconds left.
|
|t:|1721897141
|move|p2a: Dragonite|Roost|p2a: Dragonite
|-heal|p2a: Dragonite|100/100
|-singleturn|p2a: Dragonite|move: Roost
|move|p1a: Ferrothorn|Gyro Ball|p2a: Dragonite
|-damage|p2a: Dragonite|73/100
|
|-weather|RainDance|[upkeep]
|-heal|p2a: Dragonite|80/100|[from] item: Leftovers
|-heal|p1a: Ferrothorn|87/100|[from] item: Leftovers
|upkeep
|turn|41
|inactive|Torvik en place has 90 seconds left.
|
|t:|1721897152
|move|p2a: Dragonite|Substitute|p2a: Dragonite
|-start|p2a: Dragonite|Substitute
|-damage|p2a: Dragonite|55/100
|move|p1a: Ferrothorn|Gyro Ball|p2a: Dragonite
|-end|p2a: Dragonite|Substitute
|
|-weather|RainDance|[upkeep]
|-heal|p2a: Dragonite|61/100|[from] item: Leftovers
|-heal|p1a: Ferrothorn|93/100|[from] item: Leftovers
|upkeep
|turn|42
|
|t:|1721897160
|switch|p1a: Jirachi|Jirachi|95/100
|-damage|p1a: Jirachi|89/100|[from] Stealth Rock
|move|p2a: Dragonite|Substitute|p2a: Dragonite
|-start|p2a: Dragonite|Substitute
|-damage|p2a: Dragonite|36/100
|
|-weather|RainDance|[upkeep]
|-heal|p2a: Dragonite|42/100|[from] item: Leftovers
|-heal|p1a: Jirachi|95/100|[from] item: Leftovers
|upkeep
|turn|43
|
|t:|1721897173
|move|p2a: Dragonite|Roost|p2a: Dragonite
|-heal|p2a: Dragonite|92/100
|-singleturn|p2a: Dragonite|move: Roost
|move|p1a: Jirachi|Thunder|p2a: Dragonite
|-resisted|p2a: Dragonite
|-crit|p2a: Dragonite
|-activate|p2a: Dragonite|Substitute|[damage]
|
|-weather|RainDance|[upkeep]
|-heal|p2a: Dragonite|99/100|[from] item: Leftovers
|-heal|p1a: Jirachi|100/100|[from] item: Leftovers
|upkeep
|turn|44
|
|t:|1721897189
|move|p2a: Dragonite|Dragon Claw|p1a: Jirachi
|-resisted|p1a: Jirachi
|-damage|p1a: Jirachi|73/100
|move|p1a: Jirachi|Thunder|p2a: Dragonite
|-end|p2a: Dragonite|Substitute
|
|-weather|RainDance|[upkeep]
|-heal|p2a: Dragonite|100/100|[from] item: Leftovers
|-heal|p1a: Jirachi|79/100|[from] item: Leftovers
|upkeep
|turn|45
|
|t:|1721897200
|move|p2a: Dragonite|Substitute|p2a: Dragonite
|-start|p2a: Dragonite|Substitute
|-damage|p2a: Dragonite|76/100
|move|p1a: Jirachi|Thunder|p2a: Dragonite
|-activate|p2a: Dragonite|Substitute|[damage]
|
|-weather|RainDance|[upkeep]
|-heal|p2a: Dragonite|82/100|[from] item: Leftovers
|-heal|p1a: Jirachi|85/100|[from] item: Leftovers
|upkeep
|turn|46
|
|t:|1721897209
|move|p2a: Dragonite|Dragon Claw|p1a: Jirachi
|-resisted|p1a: Jirachi
|-damage|p1a: Jirachi|59/100
|move|p1a: Jirachi|Thunder|p2a: Dragonite
|-end|p2a: Dragonite|Substitute
|
|-weather|RainDance|[upkeep]
|-heal|p2a: Dragonite|88/100|[from] item: Leftovers
|-heal|p1a: Jirachi|65/100|[from] item: Leftovers
|upkeep
|turn|47
|
|t:|1721897216
|move|p2a: Dragonite|Substitute|p2a: Dragonite
|-start|p2a: Dragonite|Substitute
|-damage|p2a: Dragonite|63/100
|move|p1a: Jirachi|Calm Mind|p1a: Jirachi
|-boost|p1a: Jirachi|spa|1
|-boost|p1a: Jirachi|spd|1
|
|-weather|RainDance|[upkeep]
|-heal|p2a: Dragonite|69/100|[from] item: Leftovers
|-heal|p1a: Jirachi|71/100|[from] item: Leftovers
|upkeep
|turn|48
|inactive|nidiedi has 60 seconds left.
|
|t:|1721897229
|move|p2a: Dragonite|Roost|p2a: Dragonite
|-heal|p2a: Dragonite|100/100
|-singleturn|p2a: Dragonite|move: Roost
|move|p1a: Jirachi|Thunder|p2a: Dragonite
|-resisted|p2a: Dragonite
|-activate|p2a: Dragonite|Substitute|[damage]
|
|-weather|RainDance|[upkeep]
|-heal|p1a: Jirachi|77/100|[from] item: Leftovers
|upkeep
|turn|49
|inactive|nidiedi has 60 seconds left.
|
|t:|1721897237
|move|p2a: Dragonite|Dragon Claw|p1a: Jirachi
|-resisted|p1a: Jirachi
|-damage|p1a: Jirachi|48/100
|move|p1a: Jirachi|Thunder|p2a: Dragonite
|-end|p2a: Dragonite|Substitute
|
|-weather|RainDance|[upkeep]
|-heal|p1a: Jirachi|54/100|[from] item: Leftovers
|upkeep
|turn|50
|inactive|nidiedi has 60 seconds left.
|
|t:|1721897254
|switch|p2a: Excadrill|Excadrill, M|100/100
|-ability|p2a: Excadrill|Mold Breaker
|move|p1a: Jirachi|Thunder|p2a: Excadrill
|-immune|p2a: Excadrill
|
|-weather|RainDance|[upkeep]
|-heal|p1a: Jirachi|61/100|[from] item: Leftovers
|upkeep
|turn|51
|inactive|nidiedi has 60 seconds left.
|
|t:|1721897263
|move|p1a: Jirachi|Water Pulse|p2a: Excadrill
|-supereffective|p2a: Excadrill
|-damage|p2a: Excadrill|32/100
|move|p2a: Excadrill|Earthquake|p1a: Jirachi
|-supereffective|p1a: Jirachi
|-damage|p1a: Jirachi|0 fnt
|faint|p1a: Jirachi
|
|-weather|RainDance|[upkeep]
|-heal|p2a: Excadrill|38/100|[from] item: Leftovers
|upkeep
|
|t:|1721897273
|switch|p1a: Tornadus|Tornadus, M|50/100
|-damage|p1a: Tornadus|25/100|[from] Stealth Rock
|turn|52
|inactive|nidiedi has 60 seconds left.
|
|t:|1721897295
|switch|p2a: Blissey|Blissey, F|17/100
|move|p1a: Tornadus|Hurricane|p2a: Blissey
|-damage|p2a: Blissey|0 fnt
|faint|p2a: Blissey
|
|-weather|RainDance|[upkeep]
|-heal|p1a: Tornadus|31/100|[from] item: Leftovers
|upkeep
|
|t:|1721897300
|switch|p2a: Ninetales|Ninetales, M|5/100 tox
|-weather|SunnyDay|[from] ability: Drought|[of] p2a: Ninetales
|turn|53
|inactive|nidiedi has 60 seconds left.
|inactive|Torvik en place has 120 seconds left.
|
|t:|1721897340
|switch|p2a: Cresselia|Cresselia, F|60/100
|move|p1a: Tornadus|Substitute|p1a: Tornadus
|-start|p1a: Tornadus|Substitute
|-damage|p1a: Tornadus|6/100
|
|-weather|SunnyDay|[upkeep]
|-heal|p1a: Tornadus|12/100|[from] item: Leftovers
|-heal|p2a: Cresselia|66/100|[from] item: Leftovers
|upkeep
|turn|54
|inactive|Torvik en place has 120 seconds left.
|
|t:|1721897352
|move|p1a: Tornadus|Hurricane|p2a: Cresselia
|-crit|p2a: Cresselia
|-damage|p2a: Cresselia|0 fnt
|faint|p2a: Cresselia
|
|-weather|SunnyDay|[upkeep]
|-heal|p1a: Tornadus|18/100|[from] item: Leftovers
|upkeep
|c|☆nidiedi|6
|c|☆Torvik en place|7
|c|☆Torvik en place|8
|
|t:|1721897379
|switch|p2a: Dragonite|Dragonite, M|100/100
|turn|55
|c|☆Torvik en place|9
|inactive|Torvik en place has 120 seconds left.
|c|☆nidiedi|good luck
|
|t:|1721897402
|move|p1a: Tornadus|Hurricane|p2a: Dragonite
|-damage|p2a: Dragonite|75/100
|move|p2a: Dragonite|Dragon Dance|p2a: Dragonite
|-boost|p2a: Dragonite|atk|1
|-boost|p2a: Dragonite|spe|1
|
|-weather|SunnyDay|[upkeep]
|-heal|p2a: Dragonite|81/100|[from] item: Leftovers
|-heal|p1a: Tornadus|24/100|[from] item: Leftovers
|upkeep
|turn|56
|
|t:|1721897411
|move|p2a: Dragonite|Substitute|p2a: Dragonite
|-start|p2a: Dragonite|Substitute
|-damage|p2a: Dragonite|56/100
|move|p1a: Tornadus|Hurricane|p2a: Dragonite|[miss]
|-miss|p1a: Tornadus|p2a: Dragonite
|
|-weather|SunnyDay|[upkeep]
|-heal|p2a: Dragonite|62/100|[from] item: Leftovers
|-heal|p1a: Tornadus|30/100|[from] item: Leftovers
|upkeep
|turn|57
|inactive|Torvik en place has 120 seconds left.
|c|☆Torvik en place|your set is so cancer
|
|t:|1721897439
|move|p2a: Dragonite|Dragon Claw|p1a: Tornadus
|-end|p1a: Tornadus|Substitute
|move|p1a: Tornadus|Hurricane|p2a: Dragonite|[miss]
|-miss|p1a: Tornadus|p2a: Dragonite
|
|-weather|SunnyDay|[upkeep]
|-heal|p2a: Dragonite|69/100|[from] item: Leftovers
|-heal|p1a: Tornadus|36/100|[from] item: Leftovers
|upkeep
|turn|58
|
|t:|1721897447
|move|p2a: Dragonite|Dragon Claw|p1a: Tornadus
|-damage|p1a: Tornadus|0 fnt
|faint|p1a: Tornadus
|
|-weather|SunnyDay|[upkeep]
|-heal|p2a: Dragonite|75/100|[from] item: Leftovers
|upkeep
|
|t:|1721897451
|switch|p1a: Ferrothorn|Ferrothorn, M|93/100
|-damage|p1a: Ferrothorn|87/100|[from] Stealth Rock
|turn|59
|inactive|Torvik en place has 120 seconds left.
|inactive|nidiedi has 60 seconds left.
|
|t:|1721897465
|move|p2a: Dragonite|Dragon Dance|p2a: Dragonite
|-boost|p2a: Dragonite|atk|1
|-boost|p2a: Dragonite|spe|1
|move|p1a: Ferrothorn|Stealth Rock|p2a: Dragonite
|-sidestart|p2: nidiedi|move: Stealth Rock
|
|-weather|SunnyDay|[upkeep]
|-heal|p2a: Dragonite|81/100|[from] item: Leftovers
|-heal|p1a: Ferrothorn|93/100|[from] item: Leftovers
|upkeep
|turn|60
|inactive|nidiedi has 60 seconds left.
|inactive|Torvik en place has 120 seconds left.
|inactive|Torvik en place has 90 seconds left.
|
|t:|1721897518
|move|p2a: Dragonite|Dragon Dance|p2a: Dragonite
|-boost|p2a: Dragonite|atk|1
|-boost|p2a: Dragonite|spe|1
|move|p1a: Ferrothorn|Spikes|p2a: Dragonite
|-sidestart|p2: nidiedi|Spikes
|
|-weather|SunnyDay|[upkeep]
|-heal|p2a: Dragonite|87/100|[from] item: Leftovers
|-heal|p1a: Ferrothorn|99/100|[from] item: Leftovers
|upkeep
|turn|61
|
|t:|1721897526
|move|p2a: Dragonite|Dragon Dance|p2a: Dragonite
|-boost|p2a: Dragonite|atk|1
|-boost|p2a: Dragonite|spe|1
|move|p1a: Ferrothorn|Spikes|p2a: Dragonite
|-sidestart|p2: nidiedi|Spikes
|
|-weather|SunnyDay|[upkeep]
|-heal|p2a: Dragonite|93/100|[from] item: Leftovers
|-heal|p1a: Ferrothorn|100/100|[from] item: Leftovers
|upkeep
|turn|62
|inactive|Torvik en place has 90 seconds left.
|
|t:|1721897552
|move|p2a: Dragonite|Dragon Dance|p2a: Dragonite
|-boost|p2a: Dragonite|atk|1
|-boost|p2a: Dragonite|spe|1
|move|p1a: Ferrothorn|Spikes|p2a: Dragonite
|-sidestart|p2: nidiedi|Spikes
|
|-weather|SunnyDay|[upkeep]
|-heal|p2a: Dragonite|99/100|[from] item: Leftovers
|upkeep
|turn|63
|
|t:|1721897557
|move|p2a: Dragonite|Dragon Dance|p2a: Dragonite
|-boost|p2a: Dragonite|atk|1
|-boost|p2a: Dragonite|spe|1
|move|p1a: Ferrothorn|Power Whip|p2a: Dragonite
|-resisted|p2a: Dragonite
|-activate|p2a: Dragonite|Substitute|[damage]
|
|-weather|SunnyDay|[upkeep]
|-heal|p2a: Dragonite|100/100|[from] item: Leftovers
|upkeep
|turn|64
|
|t:|1721897564
|move|p2a: Dragonite|Dragon Claw|p1a: Ferrothorn
|-resisted|p1a: Ferrothorn
|-damage|p1a: Ferrothorn|54/100
|-damage|p2a: Dragonite|88/100|[from] ability: Iron Barbs|[of] p1a: Ferrothorn
|move|p1a: Ferrothorn|Power Whip|p2a: Dragonite
|-resisted|p2a: Dragonite
|-activate|p2a: Dragonite|Substitute|[damage]
|
|-weather|SunnyDay|[upkeep]
|-heal|p2a: Dragonite|94/100|[from] item: Leftovers
|-heal|p1a: Ferrothorn|60/100|[from] item: Leftovers
|upkeep
|turn|65
|inactive|nidiedi has 90 seconds left.
|-message|Torvik en place forfeited.
|
|win|nidiedi
|raw|Torvik en place's rating: 1387 &rarr; <strong>1362</strong><br />(-25 for losing)
|raw|nidiedi's rating: 1301 &rarr; <strong>1326</strong><br />(+25 for winning)
|l|☆Torvik en place
|player|p1|
