|j|☆Tr in b&w
|j|☆dididibobo
|t:|1747535041
|gametype|singles
|player|p1|Tr in b&w|265|1396
|player|p2|dididibobo|102|1311
|teamsize|p1|6
|teamsize|p2|6
|gen|5
|tier|[Gen 5] OU
|rated|
|rule|Species Clause: Limit one of each Pokémon
|rule|OHKO Clause: OHKO moves are banned
|rule|Moody Clause: Moody is banned
|rule|Evasion Items Clause: Evasion items are banned
|rule|Evasion Moves Clause: Evasion moves are banned
|rule|Endless Battle Clause: Forcing endless battles is banned
|rule|HP Percentage Mod: HP is shown in percentages
|rule|Evasion Abilities Clause: Evasion abilities are banned
|rule|Sleep Moves Clause: Sleep-inducing moves are banned
|rule|Swagger Clause: Swagger is banned
|rule|Baton Pass Stat Clause: No Baton Passer may have a way to boost its stats
|clearpoke
|poke|p1|Abomasnow, F|item
|poke|p1|Chandelure, F|item
|poke|p1|Forretress, L99, F|item
|poke|p1|Jellicent, M|item
|poke|p1|Conkeldurr, M|item
|poke|p1|Reuniclus, M|item
|poke|p2|Breloom, M|item
|poke|p2|Jirachi|item
|poke|p2|Landorus-Therian, M|item
|poke|p2|Latios, M|item
|poke|p2|Reuniclus, M|item
|poke|p2|Rotom-Wash|item
|teampreview
|inactive|Battle timer is ON: inactive players will automatically lose when time's up. (requested by Tr in b&w)
|
|t:|1747535057
|start
|switch|p1a: Forretress|Forretress, L99, F|100/100
|switch|p2a: Jirachi|Jirachi|100/100
|turn|1
|
|t:|1747535076
|switch|p2a: Breloom|Breloom, M|100/100
|move|p1a: Forretress|Stealth Rock|p2a: Breloom
|-sidestart|p2: dididibobo|move: Stealth Rock
|
|-status|p2a: Breloom|tox|[from] item: Toxic Orb
|upkeep
|turn|2
|
|t:|1747535081
|move|p2a: Breloom|Swords Dance|p2a: Breloom
|-boost|p2a: Breloom|atk|2
|move|p1a: Forretress|Spikes|p2a: Breloom
|-sidestart|p2: dididibobo|Spikes
|
|upkeep
|turn|3
|
|t:|1747535086
|move|p2a: Breloom|Swords Dance|p2a: Breloom
|-boost|p2a: Breloom|atk|2
|move|p1a: Forretress|Spikes|p2a: Breloom
|-sidestart|p2: dididibobo|Spikes
|
|upkeep
|turn|4
|
|t:|1747535091
|move|p2a: Breloom|Drain Punch|p1a: Forretress
|-damage|p1a: Forretress|29/100
|move|p1a: Forretress|Spikes|p2a: Breloom
|-sidestart|p2: dididibobo|Spikes
|
|upkeep
|turn|5
|
|t:|1747535096
|move|p2a: Breloom|Drain Punch|p1a: Forretress
|-damage|p1a: Forretress|0 fnt
|faint|p1a: Forretress
|
|upkeep
|
|t:|1747535101
|switch|p1a: Chandelure|Chandelure, F|100/100
|-item|p1a: Chandelure|Air Balloon
|turn|6
|
|t:|1747535109
|move|p2a: Breloom|Protect|p2a: Breloom
|-singleturn|p2a: Breloom|Protect
|move|p1a: Chandelure|Fire Blast|p2a: Breloom
|-activate|p2a: Breloom|move: Protect
|
|upkeep
|turn|7
|inactive|dididibobo has 120 seconds left.
|
|t:|1747535150
|switch|p2a: Rotom|Rotom-Wash|100/100
|-damage|p2a: Rotom|88/100|[from] Stealth Rock
|move|p1a: Chandelure|Trick Room|p1a: Chandelure
|-fieldstart|move: Trick Room|[of] p1a: Chandelure
|
|-heal|p2a: Rotom|94/100|[from] item: Leftovers
|upkeep
|turn|8
|
|t:|1747535164
|switch|p1a: Abomasnow|Abomasnow, F|100/100
|-weather|Hail|[from] ability: Snow Warning|[of] p1a: Abomasnow
|move|p2a: Rotom|Hydro Pump|p1a: Abomasnow
|-resisted|p1a: Abomasnow
|-damage|p1a: Abomasnow|76/100
|
|-weather|Hail|[upkeep]
|-damage|p2a: Rotom|88/100|[from] Hail
|-heal|p2a: Rotom|94/100|[from] item: Leftovers
|upkeep
|turn|9
|
|t:|1747535173
|switch|p2a: Breloom|Breloom, M|100/100 tox
|-damage|p2a: Breloom|94/100 tox|[from] Stealth Rock
|-damage|p2a: Breloom|69/100 tox|[from] Spikes
|move|p1a: Abomasnow|Wood Hammer|p2a: Breloom
|-resisted|p2a: Breloom
|-damage|p2a: Breloom|24/100 tox
|-damage|p1a: Abomasnow|62/100|[from] Recoil
|-damage|p1a: Abomasnow|52/100|[from] item: Life Orb
|
|-weather|Hail|[upkeep]
|-damage|p2a: Breloom|17/100 tox|[from] Hail
|-heal|p2a: Breloom|30/100 tox|[from] ability: Poison Heal
|upkeep
|turn|10
|inactive|dididibobo has 120 seconds left.
|
|t:|1747535185
|move|p2a: Breloom|Protect|p2a: Breloom
|-singleturn|p2a: Breloom|Protect
|move|p1a: Abomasnow|Blizzard|p2a: Breloom
|-activate|p2a: Breloom|move: Protect
|
|-weather|Hail|[upkeep]
|-damage|p2a: Breloom|24/100 tox|[from] Hail
|-heal|p2a: Breloom|36/100 tox|[from] ability: Poison Heal
|upkeep
|turn|11
|inactive|dididibobo has 120 seconds left.
|
|t:|1747535192
|move|p2a: Breloom|Protect|p2a: Breloom
|-singleturn|p2a: Breloom|Protect
|move|p1a: Abomasnow|Blizzard|p2a: Breloom
|-activate|p2a: Breloom|move: Protect
|
|-weather|Hail|[upkeep]
|-damage|p2a: Breloom|30/100 tox|[from] Hail
|-heal|p2a: Breloom|42/100 tox|[from] ability: Poison Heal
|-fieldend|move: Trick Room
|upkeep
|turn|12
|
|t:|1747535199
|switch|p2a: Landorus|Landorus-Therian, M|100/100
|-damage|p2a: Landorus|88/100|[from] Stealth Rock
|-ability|p2a: Landorus|Intimidate|boost
|-unboost|p1a: Abomasnow|atk|1
|switch|p1a: Chandelure|Chandelure, F|100/100
|-item|p1a: Chandelure|Air Balloon
|
|-weather|Hail|[upkeep]
|-damage|p2a: Landorus|82/100|[from] Hail
|-damage|p1a: Chandelure|95/100|[from] Hail
|-heal|p2a: Landorus|88/100|[from] item: Leftovers
|upkeep
|turn|13
|
|t:|1747535211
|move|p2a: Landorus|U-turn|p1a: Chandelure
|-resisted|p1a: Chandelure
|-damage|p1a: Chandelure|89/100
|-enditem|p1a: Chandelure|Air Balloon
|inactive|dididibobo has 120 seconds left.
|
|t:|1747535224
|switch|p2a: Rotom|Rotom-Wash|94/100|[from] U-turn
|-damage|p2a: Rotom|82/100|[from] Stealth Rock
|move|p1a: Chandelure|Shadow Ball|p2a: Rotom
|-damage|p2a: Rotom|30/100
|-unboost|p2a: Rotom|spd|1
|
|-weather|Hail|[upkeep]
|-damage|p2a: Rotom|24/100|[from] Hail
|-damage|p1a: Chandelure|83/100|[from] Hail
|-heal|p2a: Rotom|30/100|[from] item: Leftovers
|upkeep
|turn|14
|inactive|dididibobo has 120 seconds left.
|
|t:|1747535238
|switch|p2a: Landorus|Landorus-Therian, M|88/100
|-damage|p2a: Landorus|76/100|[from] Stealth Rock
|-ability|p2a: Landorus|Intimidate|boost
|-unboost|p1a: Chandelure|atk|1
|switch|p1a: Jellicent|Jellicent, M|100/100
|-item|p1a: Jellicent|Air Balloon
|
|-weather|Hail|[upkeep]
|-damage|p2a: Landorus|70/100|[from] Hail
|-damage|p1a: Jellicent|94/100|[from] Hail
|-heal|p2a: Landorus|76/100|[from] item: Leftovers
|upkeep
|turn|15
|inactive|dididibobo has 120 seconds left.
|
|t:|1747535248
|move|p2a: Landorus|Stealth Rock|p1a: Jellicent
|-sidestart|p1: Tr in b&w|move: Stealth Rock
|move|p1a: Jellicent|Trick Room|p1a: Jellicent
|-fieldstart|move: Trick Room|[of] p1a: Jellicent
|
|-weather|Hail|[upkeep]
|-damage|p1a: Jellicent|88/100|[from] Hail
|-damage|p2a: Landorus|70/100|[from] Hail
|-heal|p2a: Landorus|76/100|[from] item: Leftovers
|upkeep
|turn|16
|inactive|dididibobo has 120 seconds left.
|
|t:|1747535270
|switch|p2a: Breloom|Breloom, M|42/100 tox
|-damage|p2a: Breloom|36/100 tox|[from] Stealth Rock
|-damage|p2a: Breloom|11/100 tox|[from] Spikes
|move|p1a: Jellicent|Will-O-Wisp||[still]
|-fail|p1a: Jellicent
|
|-weather|Hail|[upkeep]
|-damage|p1a: Jellicent|82/100|[from] Hail
|-damage|p2a: Breloom|5/100 tox|[from] Hail
|-heal|p2a: Breloom|17/100 tox|[from] ability: Poison Heal
|upkeep
|turn|17
|inactive|dididibobo has 90 seconds left.
|
|t:|1747535302
|switch|p1a: Conkeldurr|Conkeldurr, M|100/100
|-damage|p1a: Conkeldurr|94/100|[from] Stealth Rock
|move|p2a: Breloom|Protect||[still]
|-fail|p2a: Breloom
|
|-weather|Hail|[upkeep]
|-damage|p1a: Conkeldurr|88/100|[from] Hail
|-damage|p2a: Breloom|11/100 tox|[from] Hail
|-heal|p2a: Breloom|24/100 tox|[from] ability: Poison Heal
|upkeep
|turn|18
|
|t:|1747535309
|move|p2a: Breloom|Protect|p2a: Breloom
|-singleturn|p2a: Breloom|Protect
|move|p1a: Conkeldurr|Drain Punch|p2a: Breloom
|-activate|p2a: Breloom|move: Protect
|
|-weather|Hail|[upkeep]
|-damage|p1a: Conkeldurr|82/100|[from] Hail
|-damage|p2a: Breloom|17/100 tox|[from] Hail
|-heal|p2a: Breloom|30/100 tox|[from] ability: Poison Heal
|upkeep
|turn|19
|
|t:|1747535321
|switch|p2a: Reuniclus|Reuniclus, M|100/100
|move|p1a: Conkeldurr|Ice Punch|p2a: Reuniclus
|-damage|p2a: Reuniclus|66/100
|-damage|p1a: Conkeldurr|72/100|[from] item: Life Orb
|
|-weather|Hail|[upkeep]
|-damage|p1a: Conkeldurr|66/100|[from] Hail
|-heal|p2a: Reuniclus|72/100|[from] item: Leftovers
|-fieldend|move: Trick Room
|upkeep
|turn|20
|
|t:|1747535333
|move|p2a: Reuniclus|Calm Mind|p2a: Reuniclus
|-boost|p2a: Reuniclus|spa|1
|-boost|p2a: Reuniclus|spd|1
|move|p1a: Conkeldurr|Payback|p2a: Reuniclus
|-supereffective|p2a: Reuniclus
|-damage|p2a: Reuniclus|0 fnt
|faint|p2a: Reuniclus
|-damage|p1a: Conkeldurr|56/100|[from] item: Life Orb
|
|-weather|Hail|[upkeep]
|-damage|p1a: Conkeldurr|50/100|[from] Hail
|upkeep
|inactive|dididibobo has 90 seconds left.
|-message|dididibobo forfeited.
|
|win|Tr in b&w
|raw|Tr in b&amp;w's rating: 1396 &rarr; <strong>1411</strong><br />(+15 for winning)
|raw|dididibobo's rating: 1311 &rarr; <strong>1296</strong><br />(-15 for losing)
|l|☆dididibobo
|player|p2|
