|j|☆basco
|j|☆Charliezard7
|t:|1707135408
|gametype|singles
|player|p1|basco|265|1376
|player|p2|Charliezard7|rosa|1367
|teamsize|p1|6
|teamsize|p2|6
|gen|5
|tier|[Gen 5] OU
|rated|
|rule|Species Clause: Limit one of each Pokémon
|rule|OHKO Clause: OHKO moves are banned
|rule|Moody Clause: Moody is banned
|rule|Evasion Items Clause: Evasion items are banned
|rule|Evasion Moves Clause: Evasion moves are banned
|rule|Endless Battle Clause: Forcing endless battles is banned
|rule|HP Percentage Mod: HP is shown in percentages
|rule|Evasion Abilities Clause: Evasion abilities are banned
|rule|Sleep Moves Clause: Sleep-inducing moves are banned
|rule|Swagger Clause: Swagger is banned
|rule|Baton Pass Stat Clause: No Baton Passer may have a way to boost its stats
|clearpoke
|poke|p1|Tyranitar, M|item
|poke|p1|Magnezone|item
|poke|p1|Terrakion|item
|poke|p1|Latios, M|item
|poke|p1|Scizor, M|item
|poke|p1|Landorus-Therian, M|item
|poke|p2|Dragonite, F|item
|poke|p2|Xatu, F|item
|poke|p2|Skarmory, F|item
|poke|p2|Gyarados, M|item
|poke|p2|Thundurus-Therian, M|item
|poke|p2|Honchkrow, M|item
|teampreview
|inactive|Battle timer is ON: inactive players will automatically lose when time's up. (requested by Charliezard7)
|
|t:|1707135422
|start
|switch|p1a: Pat Riely|Tyranitar, M|100/100
|switch|p2a: Thundurus|Thundurus-Therian, M|100/100
|-weather|Sandstorm|[from] ability: Sand Stream|[of] p1a: Pat Riely
|turn|1
|
|t:|1707135427
|move|p2a: Thundurus|Volt Switch|p1a: Pat Riely
|-damage|p1a: Pat Riely|74/100
|
|t:|1707135429
|switch|p2a: Xatu|Xatu, F|100/100|[from] Volt Switch
|move|p1a: Pat Riely|Ice Beam|p2a: Xatu
|-supereffective|p2a: Xatu
|-damage|p2a: Xatu|50/100
|
|-weather|Sandstorm|[upkeep]
|-damage|p2a: Xatu|44/100|[from] Sandstorm
|-heal|p2a: Xatu|50/100|[from] item: Leftovers
|-heal|p1a: Pat Riely|80/100|[from] item: Leftovers
|upkeep
|turn|2
|
|t:|1707135437
|move|p2a: Xatu|U-turn|p1a: Pat Riely
|-supereffective|p1a: Pat Riely
|-damage|p1a: Pat Riely|61/100
|-activate|p2a: Xatu|move: Pursuit
|move|p1a: Pat Riely|Pursuit|p2a: Xatu|[from]Pursuit
|-supereffective|p2a: Xatu
|-damage|p2a: Xatu|0 fnt
|faint|p2a: Xatu
|
|-weather|Sandstorm|[upkeep]
|-heal|p1a: Pat Riely|67/100|[from] item: Leftovers
|upkeep
|inactive|Charliezard7 has 120 seconds left.
|
|t:|1707135472
|switch|p2a: Honchkrow|Honchkrow, M|100/100
|turn|3
|
|t:|1707135479
|switch|p1a: Bron Bron|Landorus-Therian, M|100/100
|-ability|p1a: Bron Bron|Intimidate|boost
|-unboost|p2a: Honchkrow|atk|1
|move|p2a: Honchkrow|Superpower|p1a: Bron Bron
|-resisted|p1a: Bron Bron
|-damage|p1a: Bron Bron|85/100
|-unboost|p2a: Honchkrow|atk|1
|-unboost|p2a: Honchkrow|def|1
|
|-weather|Sandstorm|[upkeep]
|-damage|p2a: Honchkrow|94/100|[from] Sandstorm
|upkeep
|turn|4
|
|t:|1707135490
|switch|p2a: Skarmory|Skarmory, F|100/100
|move|p1a: Bron Bron|U-turn|p2a: Skarmory
|-resisted|p2a: Skarmory
|-damage|p2a: Skarmory|95/100
|
|t:|1707135494
|switch|p1a: Ray Allen|Magnezone|100/100|[from] U-turn
|
|-weather|Sandstorm|[upkeep]
|-heal|p2a: Skarmory|100/100|[from] item: Leftovers
|upkeep
|turn|5
|
|t:|1707135500
|move|p1a: Ray Allen|Hidden Power|p2a: Skarmory
|-supereffective|p2a: Skarmory
|-damage|p2a: Skarmory|59/100
|move|p2a: Skarmory|Spikes|p1a: Ray Allen
|-sidestart|p1: basco|Spikes
|
|-weather|Sandstorm|[upkeep]
|-heal|p2a: Skarmory|65/100|[from] item: Leftovers
|upkeep
|turn|6
|
|t:|1707135518
|move|p1a: Ray Allen|Hidden Power|p2a: Skarmory
|-supereffective|p2a: Skarmory
|-damage|p2a: Skarmory|23/100
|move|p2a: Skarmory|Roost|p2a: Skarmory
|-heal|p2a: Skarmory|73/100
|-singleturn|p2a: Skarmory|move: Roost
|
|-weather|Sandstorm|[upkeep]
|-heal|p2a: Skarmory|79/100|[from] item: Leftovers
|upkeep
|turn|7
|
|t:|1707135523
|move|p1a: Ray Allen|Charge Beam|p2a: Skarmory
|-supereffective|p2a: Skarmory
|-damage|p2a: Skarmory|34/100
|-boost|p1a: Ray Allen|spa|1
|move|p2a: Skarmory|Roost|p2a: Skarmory
|-heal|p2a: Skarmory|84/100
|-singleturn|p2a: Skarmory|move: Roost
|
|-weather|Sandstorm|[upkeep]
|-heal|p2a: Skarmory|90/100|[from] item: Leftovers
|upkeep
|turn|8
|
|t:|1707135526
|move|p1a: Ray Allen|Charge Beam|p2a: Skarmory
|-supereffective|p2a: Skarmory
|-damage|p2a: Skarmory|16/100
|move|p2a: Skarmory|Whirlwind|p1a: Ray Allen
|drag|p1a: Pat Riely|Tyranitar, M|67/100
|-damage|p1a: Pat Riely|54/100|[from] Spikes
|
|-weather|Sandstorm|[upkeep]
|-heal|p2a: Skarmory|22/100|[from] item: Leftovers
|-heal|p1a: Pat Riely|61/100|[from] item: Leftovers
|upkeep
|turn|9
|
|t:|1707135530
|move|p2a: Skarmory|Roost|p2a: Skarmory
|-heal|p2a: Skarmory|72/100
|-singleturn|p2a: Skarmory|move: Roost
|move|p1a: Pat Riely|Stealth Rock|p2a: Skarmory
|-sidestart|p2: Charliezard7|move: Stealth Rock
|
|-weather|Sandstorm|[upkeep]
|-heal|p2a: Skarmory|78/100|[from] item: Leftovers
|-heal|p1a: Pat Riely|67/100|[from] item: Leftovers
|upkeep
|turn|10
|
|t:|1707135534
|switch|p1a: Ray Allen|Magnezone|100/100
|-damage|p1a: Ray Allen|88/100|[from] Spikes
|move|p2a: Skarmory|Whirlwind|p1a: Ray Allen
|drag|p1a: Bron Bron|Landorus-Therian, M|85/100
|-ability|p1a: Bron Bron|Intimidate|boost
|-unboost|p2a: Skarmory|atk|1
|
|-weather|Sandstorm|[upkeep]
|-heal|p2a: Skarmory|84/100|[from] item: Leftovers
|upkeep
|turn|11
|
|t:|1707135540
|move|p1a: Bron Bron|U-turn|p2a: Skarmory
|-resisted|p2a: Skarmory
|-damage|p2a: Skarmory|79/100
|
|t:|1707135542
|switch|p1a: Ray Allen|Magnezone|88/100|[from] U-turn
|-damage|p1a: Ray Allen|76/100|[from] Spikes
|move|p2a: Skarmory|Whirlwind|p1a: Ray Allen
|drag|p1a: Bosh|Latios, M, shiny|100/100
|
|-weather|Sandstorm|[upkeep]
|-damage|p1a: Bosh|95/100|[from] Sandstorm
|-heal|p2a: Skarmory|85/100|[from] item: Leftovers
|upkeep
|turn|12
|
|t:|1707135547
|move|p1a: Bosh|Surf|p2a: Skarmory
|-damage|p2a: Skarmory|54/100
|move|p2a: Skarmory|Whirlwind|p1a: Bosh
|drag|p1a: Miller|Scizor, M, shiny|100/100
|-damage|p1a: Miller|88/100|[from] Spikes
|
|-weather|Sandstorm|[upkeep]
|-heal|p2a: Skarmory|60/100|[from] item: Leftovers
|upkeep
|turn|13
|
|t:|1707135552
|move|p2a: Skarmory|Roost|p2a: Skarmory
|-heal|p2a: Skarmory|100/100
|-singleturn|p2a: Skarmory|move: Roost
|move|p1a: Miller|Superpower|p2a: Skarmory
|-supereffective|p2a: Skarmory
|-damage|p2a: Skarmory|4/100
|-unboost|p1a: Miller|atk|1
|-unboost|p1a: Miller|def|1
|
|-weather|Sandstorm|[upkeep]
|-heal|p2a: Skarmory|10/100|[from] item: Leftovers
|upkeep
|turn|14
|
|t:|1707135557
|move|p1a: Miller|Superpower|p2a: Skarmory
|-damage|p2a: Skarmory|0 fnt
|-unboost|p1a: Miller|atk|1
|-unboost|p1a: Miller|def|1
|faint|p2a: Skarmory
|
|-weather|Sandstorm|[upkeep]
|upkeep
|
|t:|1707135575
|switch|p2a: Gyarados|Gyarados, M|100/100
|-damage|p2a: Gyarados|75/100|[from] Stealth Rock
|turn|15
|
|t:|1707135584
|switch|p1a: Pat Riely|Tyranitar, M|67/100
|-damage|p1a: Pat Riely|54/100|[from] Spikes
|move|p2a: Gyarados|Dragon Dance|p2a: Gyarados
|-boost|p2a: Gyarados|atk|1
|-boost|p2a: Gyarados|spe|1
|
|-weather|Sandstorm|[upkeep]
|-damage|p2a: Gyarados|69/100|[from] Sandstorm
|-heal|p1a: Pat Riely|61/100|[from] item: Leftovers
|upkeep
|turn|16
|
|t:|1707135596
|move|p2a: Gyarados|Waterfall|p1a: Pat Riely
|-supereffective|p1a: Pat Riely
|-damage|p1a: Pat Riely|0 fnt
|faint|p1a: Pat Riely
|-ability|p2a: Gyarados|Moxie|boost
|-boost|p2a: Gyarados|atk|1
|
|-weather|Sandstorm|[upkeep]
|-damage|p2a: Gyarados|63/100|[from] Sandstorm
|upkeep
|
|t:|1707135602
|switch|p1a: D.Wade|Terrakion|100/100
|-damage|p1a: D.Wade|88/100|[from] Spikes
|turn|17
|
|t:|1707135605
|move|p1a: D.Wade|Stone Edge|p2a: Gyarados|[miss]
|-miss|p1a: D.Wade|p2a: Gyarados
|move|p2a: Gyarados|Waterfall|p1a: D.Wade
|-supereffective|p1a: D.Wade
|-damage|p1a: D.Wade|0 fnt
|faint|p1a: D.Wade
|-ability|p2a: Gyarados|Moxie|boost
|-boost|p2a: Gyarados|atk|1
|
|-weather|Sandstorm|[upkeep]
|-damage|p2a: Gyarados|57/100|[from] Sandstorm
|upkeep
|
|t:|1707135607
|switch|p1a: Miller|Scizor, M, shiny|88/100
|-damage|p1a: Miller|76/100|[from] Spikes
|turn|18
|
|t:|1707135611
|move|p1a: Miller|Bullet Punch|p2a: Gyarados
|-resisted|p2a: Gyarados
|-damage|p2a: Gyarados|28/100
|move|p2a: Gyarados|Waterfall|p1a: Miller
|-damage|p1a: Miller|0 fnt
|faint|p1a: Miller
|-ability|p2a: Gyarados|Moxie|boost
|-boost|p2a: Gyarados|atk|1
|
|-weather|Sandstorm|[upkeep]
|-damage|p2a: Gyarados|22/100|[from] Sandstorm
|upkeep
|
|t:|1707135614
|switch|p1a: Bosh|Latios, M, shiny|95/100
|turn|19
|
|t:|1707135618
|move|p2a: Gyarados|Waterfall|p1a: Bosh
|-resisted|p1a: Bosh
|-damage|p1a: Bosh|0 fnt
|faint|p1a: Bosh
|-ability|p2a: Gyarados|Moxie|boost
|-boost|p2a: Gyarados|atk|1
|
|-weather|Sandstorm|[upkeep]
|-damage|p2a: Gyarados|16/100|[from] Sandstorm
|upkeep
|-message|basco forfeited.
|
|win|Charliezard7
|raw|basco's rating: 1376 &rarr; <strong>1355</strong><br />(-21 for losing)
|raw|Charliezard7's rating: 1367 &rarr; <strong>1388</strong><br />(+21 for winning)
|l|☆basco
|player|p1|
