|j|☆bigMaraRALO
|j|☆baixiaohen
|t:|1745068428
|gametype|singles
|player|p1|bigMaraRALO|102|1358
|player|p2|baixiaohen|n|1354
|teamsize|p1|6
|teamsize|p2|6
|gen|5
|tier|[Gen 5] OU
|rated|
|rule|Species Clause: Limit one of each Pokémon
|rule|OHKO Clause: OHKO moves are banned
|rule|Moody Clause: Moody is banned
|rule|Evasion Items Clause: Evasion items are banned
|rule|Evasion Moves Clause: Evasion moves are banned
|rule|Endless Battle Clause: Forcing endless battles is banned
|rule|HP Percentage Mod: HP is shown in percentages
|rule|Evasion Abilities Clause: Evasion abilities are banned
|rule|Sleep Moves Clause: Sleep-inducing moves are banned
|rule|Swagger Clause: Swagger is banned
|rule|Baton Pass Stat Clause: No Baton Passer may have a way to boost its stats
|clearpoke
|poke|p1|Tyranitar, M|item
|poke|p1|Latios, M|item
|poke|p1|Ferrothorn, F|item
|poke|p1|Rotom-Wash|item
|poke|p1|Landorus-Therian, M|item
|poke|p1|Alakazam, F|item
|poke|p2|Latios, M|item
|poke|p2|Jirachi|item
|poke|p2|Rotom-Wash|item
|poke|p2|Starmie|item
|poke|p2|Dragonite, M|item
|poke|p2|Mamoswine, M|item
|teampreview
|inactive|Battle timer is ON: inactive players will automatically lose when time's up. (requested by baixiaohen)
|
|t:|1745068445
|start
|switch|p1a: Ferrothorn|Ferrothorn, F|100/100
|switch|p2a: Rotom|Rotom-Wash|100/100
|turn|1
|
|t:|1745068451
|move|p2a: Rotom|Trick|p1a: Ferrothorn
|-activate|p2a: Rotom|move: Trick|[of] p1a: Ferrothorn
|-item|p1a: Ferrothorn|Choice Scarf|[from] move: Trick
|-item|p2a: Rotom|Lum Berry|[from] move: Trick
|move|p1a: Ferrothorn|Power Whip|p2a: Rotom
|-supereffective|p2a: Rotom
|-damage|p2a: Rotom|41/100
|
|upkeep
|turn|2
|
|t:|1745068459
|move|p2a: Rotom|Volt Switch|p1a: Ferrothorn
|-resisted|p1a: Ferrothorn
|-damage|p1a: Ferrothorn|93/100
|
|t:|1745068464
|switch|p2a: Dragonite|Dragonite, M|100/100|[from] Volt Switch
|move|p1a: Ferrothorn|Power Whip|p2a: Dragonite
|-resisted|p2a: Dragonite
|-damage|p2a: Dragonite|95/100
|
|-heal|p2a: Dragonite|100/100|[from] item: Leftovers
|upkeep
|turn|3
|
|t:|1745068472
|switch|p1a: Landorus|Landorus-Therian, M|100/100
|-ability|p1a: Landorus|Intimidate|boost
|-unboost|p2a: Dragonite|atk|1
|move|p2a: Dragonite|Dragon Dance|p2a: Dragonite
|-boost|p2a: Dragonite|atk|1
|-boost|p2a: Dragonite|spe|1
|
|upkeep
|turn|4
|
|t:|1745068483
|switch|p1a: Ferrothorn|Ferrothorn, F|93/100
|move|p2a: Dragonite|Dragon Claw|p1a: Ferrothorn
|-resisted|p1a: Ferrothorn
|-damage|p1a: Ferrothorn|75/100
|-damage|p2a: Dragonite|88/100|[from] ability: Iron Barbs|[of] p1a: Ferrothorn
|
|-heal|p2a: Dragonite|94/100|[from] item: Leftovers
|upkeep
|turn|5
|
|t:|1745068486
|move|p2a: Dragonite|Fire Punch|p1a: Ferrothorn
|-supereffective|p1a: Ferrothorn
|-damage|p1a: Ferrothorn|0 fnt
|-damage|p2a: Dragonite|82/100|[from] ability: Iron Barbs|[of] p1a: Ferrothorn
|faint|p1a: Ferrothorn
|
|-heal|p2a: Dragonite|88/100|[from] item: Leftovers
|upkeep
|
|t:|1745068488
|switch|p1a: Landorus|Landorus-Therian, M|100/100
|-ability|p1a: Landorus|Intimidate|boost
|-unboost|p2a: Dragonite|atk|1
|turn|6
|
|t:|1745068497
|switch|p2a: Rotom|Rotom-Wash|41/100
|move|p1a: Landorus|Stealth Rock|p2a: Rotom
|-sidestart|p2: baixiaohen|move: Stealth Rock
|
|upkeep
|turn|7
|
|t:|1745068506
|move|p1a: Landorus|U-turn|p2a: Rotom
|-damage|p2a: Rotom|23/100
|
|t:|1745068508
|switch|p1a: Rotom|Rotom-Wash|100/100|[from] U-turn
|move|p2a: Rotom|Will-O-Wisp|p1a: Rotom
|-status|p1a: Rotom|brn
|
|-damage|p1a: Rotom|88/100 brn|[from] brn
|upkeep
|turn|8
|
|t:|1745068516
|move|p1a: Rotom|Volt Switch|p2a: Rotom
|-damage|p2a: Rotom|0 fnt
|faint|p2a: Rotom
|
|t:|1745068520
|switch|p1a: Tyranitar|Tyranitar, M, shiny|100/100|[from] Volt Switch
|-weather|Sandstorm|[from] ability: Sand Stream|[of] p1a: Tyranitar
|
|-weather|Sandstorm|[upkeep]
|upkeep
|
|t:|1745068528
|switch|p2a: Jirachi|Jirachi|100/100
|-damage|p2a: Jirachi|94/100|[from] Stealth Rock
|turn|9
|
|t:|1745068535
|switch|p1a: Landorus|Landorus-Therian, M|100/100
|-ability|p1a: Landorus|Intimidate|boost
|-unboost|p2a: Jirachi|atk|1
|move|p2a: Jirachi|Body Slam|p1a: Landorus
|-damage|p1a: Landorus|87/100
|
|-weather|Sandstorm|[upkeep]
|-heal|p1a: Landorus|93/100|[from] item: Leftovers
|-heal|p2a: Jirachi|100/100|[from] item: Leftovers
|upkeep
|turn|10
|
|t:|1745068547
|move|p1a: Landorus|Earthquake|p2a: Jirachi
|-supereffective|p2a: Jirachi
|-damage|p2a: Jirachi|16/100
|move|p2a: Jirachi|Body Slam|p1a: Landorus
|-damage|p1a: Landorus|81/100
|-status|p1a: Landorus|par
|
|-weather|Sandstorm|[upkeep]
|-heal|p2a: Jirachi|22/100|[from] item: Leftovers
|-heal|p1a: Landorus|87/100 par|[from] item: Leftovers
|upkeep
|turn|11
|
|t:|1745068552
|move|p2a: Jirachi|Stealth Rock|p1a: Landorus
|-sidestart|p1: bigMaraRALO|move: Stealth Rock
|cant|p1a: Landorus|par
|
|-weather|Sandstorm|[upkeep]
|-heal|p2a: Jirachi|28/100|[from] item: Leftovers
|-heal|p1a: Landorus|93/100 par|[from] item: Leftovers
|upkeep
|turn|12
|
|t:|1745068560
|move|p2a: Jirachi|Wish|p2a: Jirachi
|move|p1a: Landorus|U-turn|p2a: Jirachi
|-damage|p2a: Jirachi|8/100
|
|t:|1745068569
|switch|p1a: Alakazam|Alakazam, F|100/100|[from] U-turn
|
|-weather|Sandstorm|[upkeep]
|-heal|p2a: Jirachi|15/100|[from] item: Leftovers
|upkeep
|turn|13
|
|t:|1745068577
|move|p1a: Alakazam|Focus Blast|p2a: Jirachi|[miss]
|-miss|p1a: Alakazam|p2a: Jirachi
|move|p2a: Jirachi|Body Slam|p1a: Alakazam
|-damage|p1a: Alakazam|69/100
|
|-weather|Sandstorm|[upkeep]
|-heal|p2a: Jirachi|65/100|[from] move: Wish|[wisher] Jirachi
|-heal|p2a: Jirachi|71/100|[from] item: Leftovers
|upkeep
|turn|14
|
|t:|1745068592
|switch|p1a: Landorus|Landorus-Therian, M|93/100 par
|-damage|p1a: Landorus|81/100 par|[from] Stealth Rock
|-ability|p1a: Landorus|Intimidate|boost
|-unboost|p2a: Jirachi|atk|1
|move|p2a: Jirachi|Body Slam|p1a: Landorus
|-damage|p1a: Landorus|71/100 par
|
|-weather|Sandstorm|[upkeep]
|-heal|p2a: Jirachi|77/100|[from] item: Leftovers
|-heal|p1a: Landorus|77/100 par|[from] item: Leftovers
|upkeep
|turn|15
|
|t:|1745068619
|switch|p2a: Latios|Latios, M|100/100
|-damage|p2a: Latios|88/100|[from] Stealth Rock
|cant|p1a: Landorus|par
|
|-weather|Sandstorm|[upkeep]
|-damage|p2a: Latios|82/100|[from] Sandstorm
|-heal|p1a: Landorus|83/100 par|[from] item: Leftovers
|upkeep
|turn|16
|inactive|baixiaohen has 120 seconds left.
|
|t:|1745068639
|switch|p2a: Jirachi|Jirachi|77/100
|-damage|p2a: Jirachi|71/100|[from] Stealth Rock
|switch|p1a: Tyranitar|Tyranitar, M, shiny|100/100
|-damage|p1a: Tyranitar|88/100|[from] Stealth Rock
|
|-weather|Sandstorm|[upkeep]
|-heal|p2a: Jirachi|77/100|[from] item: Leftovers
|upkeep
|turn|17
|
|t:|1745068643
|switch|p1a: Landorus|Landorus-Therian, M|83/100 par
|-damage|p1a: Landorus|71/100 par|[from] Stealth Rock
|-ability|p1a: Landorus|Intimidate|boost
|-unboost|p2a: Jirachi|atk|1
|move|p2a: Jirachi|Iron Head|p1a: Landorus
|-damage|p1a: Landorus|52/100 par
|
|-weather|Sandstorm|[upkeep]
|-heal|p2a: Jirachi|83/100|[from] item: Leftovers
|-heal|p1a: Landorus|58/100 par|[from] item: Leftovers
|upkeep
|turn|18
|
|t:|1745068651
|move|p2a: Jirachi|Iron Head|p1a: Landorus
|-damage|p1a: Landorus|42/100 par
|move|p1a: Landorus|Earthquake|p2a: Jirachi
|-supereffective|p2a: Jirachi
|-damage|p2a: Jirachi|0 fnt
|faint|p2a: Jirachi
|
|-weather|Sandstorm|[upkeep]
|-heal|p1a: Landorus|48/100 par|[from] item: Leftovers
|upkeep
|
|t:|1745068658
|switch|p2a: Mamoswine|Mamoswine, M|100/100
|-damage|p2a: Mamoswine|88/100|[from] Stealth Rock
|turn|19
|
|t:|1745068669
|move|p2a: Mamoswine|Superpower|p1a: Landorus
|-resisted|p1a: Landorus
|-damage|p1a: Landorus|19/100 par
|-unboost|p2a: Mamoswine|atk|1
|-unboost|p2a: Mamoswine|def|1
|-damage|p2a: Mamoswine|78/100|[from] item: Life Orb
|cant|p1a: Landorus|par
|
|-weather|Sandstorm|[upkeep]
|-heal|p1a: Landorus|25/100 par|[from] item: Leftovers
|upkeep
|turn|20
|
|t:|1745068673
|switch|p1a: Rotom|Rotom-Wash|88/100 brn
|-damage|p1a: Rotom|76/100 brn|[from] Stealth Rock
|move|p2a: Mamoswine|Ice Shard|p1a: Rotom
|-resisted|p1a: Rotom
|-damage|p1a: Rotom|69/100 brn
|-damage|p2a: Mamoswine|68/100|[from] item: Life Orb
|
|-weather|Sandstorm|[upkeep]
|-damage|p1a: Rotom|63/100 brn|[from] Sandstorm
|-heal|p1a: Rotom|69/100 brn|[from] item: Leftovers
|-damage|p1a: Rotom|57/100 brn|[from] brn
|upkeep
|turn|21
|
|t:|1745068693
|move|p2a: Mamoswine|Superpower|p1a: Rotom
|-damage|p1a: Rotom|25/100 brn
|-unboost|p2a: Mamoswine|atk|1
|-unboost|p2a: Mamoswine|def|1
|-damage|p2a: Mamoswine|58/100|[from] item: Life Orb
|move|p1a: Rotom|Will-O-Wisp|p2a: Mamoswine
|-status|p2a: Mamoswine|brn
|
|-weather|Sandstorm|[upkeep]
|-damage|p1a: Rotom|19/100 brn|[from] Sandstorm
|-heal|p1a: Rotom|25/100 brn|[from] item: Leftovers
|-damage|p2a: Mamoswine|46/100 brn|[from] brn
|-damage|p1a: Rotom|13/100 brn|[from] brn
|upkeep
|turn|22
|
|t:|1745068701
|move|p2a: Mamoswine|Superpower|p1a: Rotom
|-crit|p1a: Rotom
|-damage|p1a: Rotom|0 fnt
|-unboost|p2a: Mamoswine|atk|1
|-unboost|p2a: Mamoswine|def|1
|faint|p1a: Rotom
|-damage|p2a: Mamoswine|36/100 brn|[from] item: Life Orb
|
|-weather|Sandstorm|[upkeep]
|-damage|p2a: Mamoswine|23/100 brn|[from] brn
|upkeep
|
|t:|1745068709
|switch|p1a: Alakazam|Alakazam, F|69/100
|turn|23
|
|t:|1745068714
|move|p2a: Mamoswine|Ice Shard|p1a: Alakazam
|-damage|p1a: Alakazam|54/100
|-damage|p2a: Mamoswine|13/100 brn|[from] item: Life Orb
|move|p1a: Alakazam|Psychic|p2a: Mamoswine
|-damage|p2a: Mamoswine|0 fnt
|faint|p2a: Mamoswine
|
|-weather|Sandstorm|[upkeep]
|upkeep
|
|t:|1745068729
|switch|p2a: Dragonite|Dragonite, M|88/100
|-damage|p2a: Dragonite|63/100|[from] Stealth Rock
|turn|24
|
|t:|1745068736
|switch|p1a: Landorus|Landorus-Therian, M|25/100 par
|-damage|p1a: Landorus|13/100 par|[from] Stealth Rock
|-ability|p1a: Landorus|Intimidate|boost
|-unboost|p2a: Dragonite|atk|1
|move|p2a: Dragonite|Extreme Speed|p1a: Landorus
|-damage|p1a: Landorus|0 fnt
|faint|p1a: Landorus
|
|-weather|Sandstorm|[upkeep]
|-damage|p2a: Dragonite|57/100|[from] Sandstorm
|-heal|p2a: Dragonite|63/100|[from] item: Leftovers
|upkeep
|inactive|bigMaraRALO has 120 seconds left.
|
|t:|1745068777
|switch|p1a: Alakazam|Alakazam, F|54/100
|turn|25
|
|t:|1745068782
|move|p2a: Dragonite|Extreme Speed|p1a: Alakazam
|-damage|p1a: Alakazam|0 fnt
|faint|p1a: Alakazam
|
|-weather|Sandstorm|[upkeep]
|-damage|p2a: Dragonite|57/100|[from] Sandstorm
|-heal|p2a: Dragonite|63/100|[from] item: Leftovers
|upkeep
|inactive|bigMaraRALO has 120 seconds left.
|
|t:|1745068787
|switch|p1a: Latios|Latios, M|100/100
|-damage|p1a: Latios|88/100|[from] Stealth Rock
|turn|26
|
|t:|1745068796
|move|p2a: Dragonite|Extreme Speed|p1a: Latios
|-damage|p1a: Latios|62/100
|move|p1a: Latios|Draco Meteor|p2a: Dragonite
|-supereffective|p2a: Dragonite
|-damage|p2a: Dragonite|0 fnt
|-unboost|p1a: Latios|spa|2
|faint|p2a: Dragonite
|
|-weather|Sandstorm|[upkeep]
|-damage|p1a: Latios|56/100|[from] Sandstorm
|upkeep
|
|t:|1745068803
|switch|p2a: Starmie|Starmie|100/100
|-damage|p2a: Starmie|88/100|[from] Stealth Rock
|turn|27
|
|t:|1745068811
|move|p2a: Starmie|Surf|p1a: Latios
|-resisted|p1a: Latios
|-damage|p1a: Latios|30/100
|-damage|p2a: Starmie|78/100|[from] item: Life Orb
|move|p1a: Latios|Thunder Wave|p2a: Starmie
|-status|p2a: Starmie|par
|
|-weather|Sandstorm|[upkeep]
|-damage|p1a: Latios|24/100|[from] Sandstorm
|-damage|p2a: Starmie|72/100 par|[from] Sandstorm
|upkeep
|turn|28
|
|t:|1745068818
|move|p1a: Latios|Recover|p1a: Latios
|-heal|p1a: Latios|74/100
|move|p2a: Starmie|Rapid Spin|p1a: Latios
|-damage|p1a: Latios|69/100
|-sideend|p2: baixiaohen|Stealth Rock|[from] move: Rapid Spin|[of] p2a: Starmie
|-damage|p2a: Starmie|62/100 par|[from] item: Life Orb
|
|-weather|Sandstorm|[upkeep]
|-damage|p1a: Latios|63/100|[from] Sandstorm
|-damage|p2a: Starmie|56/100 par|[from] Sandstorm
|upkeep
|turn|29
|
|t:|1745068823
|move|p1a: Latios|Draco Meteor|p2a: Starmie
|-damage|p2a: Starmie|0 fnt
|-unboost|p1a: Latios|spa|2
|faint|p2a: Starmie
|
|-weather|Sandstorm|[upkeep]
|-damage|p1a: Latios|57/100|[from] Sandstorm
|upkeep
|
|t:|1745068826
|switch|p2a: Latios|Latios, M|82/100
|turn|30
|
|t:|1745068829
|move|p2a: Latios|Draco Meteor|p1a: Latios
|-supereffective|p1a: Latios
|-damage|p1a: Latios|0 fnt
|-unboost|p2a: Latios|spa|2
|faint|p1a: Latios
|
|-weather|Sandstorm|[upkeep]
|-damage|p2a: Latios|76/100|[from] Sandstorm
|upkeep
|
|t:|1745068832
|switch|p1a: Tyranitar|Tyranitar, M, shiny|88/100
|-damage|p1a: Tyranitar|76/100|[from] Stealth Rock
|turn|31
|-message|baixiaohen forfeited.
|
|win|bigMaraRALO
|raw|bigMaraRALO's rating: 1358 &rarr; <strong>1378</strong><br />(+20 for winning)
|raw|baixiaohen's rating: 1354 &rarr; <strong>1334</strong><br />(-20 for losing)
|l|☆baixiaohen
|player|p2|
