|j|☆affksl1
|j|☆arzstup
|t:|1718053577
|gametype|singles
|player|p1|affksl1|pokemaniac-gen3rs|1416
|player|p2|arzstup|hilbert|1398
|teamsize|p1|6
|teamsize|p2|6
|gen|5
|tier|[Gen 5] OU
|rated|
|rule|Species Clause: Limit one of each Pokémon
|rule|OHKO Clause: OHKO moves are banned
|rule|Moody Clause: Moody is banned
|rule|Evasion Items Clause: Evasion items are banned
|rule|Evasion Moves Clause: Evasion moves are banned
|rule|Endless Battle Clause: Forcing endless battles is banned
|rule|HP Percentage Mod: HP is shown in percentages
|rule|Evasion Abilities Clause: Evasion abilities are banned
|rule|Sleep Moves Clause: Sleep-inducing moves are banned
|rule|Swagger Clause: Swagger is banned
|rule|Baton Pass Stat Clause: No Baton Passer may have a way to boost its stats
|clearpoke
|poke|p1|Bronzong|item
|poke|p1|Gallade, M|item
|poke|p1|Jellicent, M|item
|poke|p1|Conkeldurr, M|item
|poke|p1|Reuniclus, M|item
|poke|p1|Dragonite, M|item
|poke|p2|Mamoswine, F|item
|poke|p2|Infernape, M|item
|poke|p2|Starmie|item
|poke|p2|Alakazam, M|item
|poke|p2|Ferrothorn, F|item
|poke|p2|Dragonite, M|item
|teampreview
|inactive|Battle timer is ON: inactive players will automatically lose when time's up. (requested by affksl1)
|
|t:|1718053580
|start
|switch|p1a: Bronzong|Bronzong|100/100
|switch|p2a: Infernape|Infernape, M|100/100
|turn|1
|
|t:|1718053588
|move|p2a: Infernape|Overheat|p1a: Bronzong
|-supereffective|p1a: Bronzong
|-damage|p1a: Bronzong|45/100
|-unboost|p2a: Infernape|spa|2
|move|p1a: Bronzong|Trick Room|p1a: Bronzong
|-fieldstart|move: Trick Room|[of] p1a: Bronzong
|
|upkeep
|turn|2
|
|t:|1718053592
|move|p1a: Bronzong|Stealth Rock|p2a: Infernape
|-sidestart|p2: arzstup|move: Stealth Rock
|move|p2a: Infernape|Stealth Rock|p1a: Bronzong
|-sidestart|p1: affksl1|move: Stealth Rock
|
|upkeep
|turn|3
|
|t:|1718053595
|move|p1a: Bronzong|Explosion|p2a: Infernape
|-enditem|p2a: Infernape|Focus Sash
|-damage|p2a: Infernape|1/100
|faint|p1a: Bronzong
|move|p2a: Infernape|Overheat|p1: Bronzong|[notarget]
|-fail|p2a: Infernape
|
|upkeep
|
|t:|1718053609
|switch|p1a: Gallade|Gallade, M|100/100
|-damage|p1a: Gallade|94/100|[from] Stealth Rock
|turn|4
|
|t:|1718053613
|move|p1a: Gallade|Ice Punch|p2a: Infernape
|-resisted|p2a: Infernape
|-damage|p2a: Infernape|0 fnt
|faint|p2a: Infernape
|-damage|p1a: Gallade|85/100|[from] item: Life Orb
|
|upkeep
|
|t:|1718053618
|switch|p2a: Ferrothorn|Ferrothorn, F|100/100
|-damage|p2a: Ferrothorn|95/100|[from] Stealth Rock
|turn|5
|
|t:|1718053633
|move|p2a: Ferrothorn|Power Whip|p1a: Gallade
|-damage|p1a: Gallade|30/100
|move|p1a: Gallade|Close Combat|p2a: Ferrothorn
|-supereffective|p2a: Ferrothorn
|-damage|p2a: Ferrothorn|0 fnt
|-unboost|p1a: Gallade|def|1
|-unboost|p1a: Gallade|spd|1
|-damage|p1a: Gallade|17/100|[from] ability: Iron Barbs|[of] p2a: Ferrothorn
|faint|p2a: Ferrothorn
|-damage|p1a: Gallade|8/100|[from] item: Life Orb
|
|-fieldend|move: Trick Room
|upkeep
|
|t:|1718053644
|switch|p2a: Starmie|Starmie|100/100
|-damage|p2a: Starmie|88/100|[from] Stealth Rock
|-item|p2a: Starmie|Air Balloon
|turn|6
|
|t:|1718053652
|move|p2a: Starmie|Thunderbolt|p1a: Gallade
|-damage|p1a: Gallade|0 fnt
|faint|p1a: Gallade
|
|upkeep
|
|t:|1718053654
|switch|p1a: Jellicent|Jellicent, M|100/100
|-damage|p1a: Jellicent|88/100|[from] Stealth Rock
|-item|p1a: Jellicent|Air Balloon
|turn|7
|
|t:|1718053657
|move|p2a: Starmie|Thunderbolt|p1a: Jellicent
|-supereffective|p1a: Jellicent
|-damage|p1a: Jellicent|46/100
|-enditem|p1a: Jellicent|Air Balloon
|move|p1a: Jellicent|Trick Room|p1a: Jellicent
|-fieldstart|move: Trick Room|[of] p1a: Jellicent
|
|upkeep
|turn|8
|
|t:|1718053661
|move|p1a: Jellicent|Shadow Ball|p2a: Starmie
|-supereffective|p2a: Starmie
|-damage|p2a: Starmie|0 fnt
|-enditem|p2a: Starmie|Air Balloon
|faint|p2a: Starmie
|
|upkeep
|
|t:|1718053668
|switch|p2a: Dragonite|Dragonite, M|100/100
|-damage|p2a: Dragonite|76/100|[from] Stealth Rock
|turn|9
|
|t:|1718053672
|move|p1a: Jellicent|Ice Beam|p2a: Dragonite
|-supereffective|p2a: Dragonite
|-damage|p2a: Dragonite|0 fnt
|faint|p2a: Dragonite
|
|upkeep
|
|t:|1718053675
|switch|p2a: Mamoswine|Mamoswine, F|100/100
|-damage|p2a: Mamoswine|88/100|[from] Stealth Rock
|turn|10
|
|t:|1718053678
|move|p1a: Jellicent|Surf|p2a: Mamoswine
|-supereffective|p2a: Mamoswine
|-crit|p2a: Mamoswine
|-damage|p2a: Mamoswine|0 fnt
|faint|p2a: Mamoswine
|
|upkeep
|
|t:|1718053681
|switch|p2a: Alakazam|Alakazam, M|100/100
|turn|11
|
|t:|1718053685
|move|p1a: Jellicent|Shadow Ball|p2a: Alakazam
|-supereffective|p2a: Alakazam
|-enditem|p2a: Alakazam|Focus Sash
|-damage|p2a: Alakazam|1/100
|move|p2a: Alakazam|Shadow Ball|p1a: Jellicent
|-supereffective|p1a: Jellicent
|-damage|p1a: Jellicent|1/100
|
|-fieldend|move: Trick Room
|upkeep
|turn|12
|
|t:|1718053687
|move|p2a: Alakazam|Shadow Ball|p1a: Jellicent
|-supereffective|p1a: Jellicent
|-damage|p1a: Jellicent|0 fnt
|faint|p1a: Jellicent
|
|upkeep
|
|t:|1718053689
|switch|p1a: Conkeldurr|Conkeldurr, M|100/100
|-damage|p1a: Conkeldurr|94/100|[from] Stealth Rock
|turn|13
|c|☆arzstup|gg
|c|☆arzstup|offensive jellecent is rare lol
|
|t:|1718053700
|move|p1a: Conkeldurr|Mach Punch|p2a: Alakazam
|-resisted|p2a: Alakazam
|-damage|p2a: Alakazam|0 fnt
|faint|p2a: Alakazam
|-damage|p1a: Conkeldurr|85/100|[from] item: Life Orb
|
|win|affksl1
|raw|affksl1's rating: 1416 &rarr; <strong>1435</strong><br />(+19 for winning)
|raw|arzstup's rating: 1398 &rarr; <strong>1379</strong><br />(-19 for losing)
|l|☆arzstup
|player|p2|
