|j|☆AltTestingAlt
|j|☆reshirampage
|t:|1744042215
|gametype|singles
|player|p1|AltTestingAlt|twins-gen4dp|1290
|player|p2|reshirampage|nate|1386
|teamsize|p1|6
|teamsize|p2|6
|gen|5
|tier|[Gen 5] OU
|rated|
|rule|Species Clause: Limit one of each Pokémon
|rule|OHKO Clause: OHKO moves are banned
|rule|Moody Clause: Moody is banned
|rule|Evasion Items Clause: Evasion items are banned
|rule|Evasion Moves Clause: Evasion moves are banned
|rule|Endless Battle Clause: Forcing endless battles is banned
|rule|HP Percentage Mod: HP is shown in percentages
|rule|Evasion Abilities Clause: Evasion abilities are banned
|rule|Sleep Moves Clause: Sleep-inducing moves are banned
|rule|Swagger Clause: Swagger is banned
|rule|Baton Pass Stat Clause: No Baton Passer may have a way to boost its stats
|clearpoke
|poke|p1|Alomomola, M|item
|poke|p1|Amoonguss, M|item
|poke|p1|Quagsire, F|item
|poke|p1|Chansey, F|item
|poke|p1|Blissey, F|item
|poke|p1|Xatu, F|item
|poke|p2|Garchomp, F|item
|poke|p2|Volcarona, M|item
|poke|p2|Dragonite, M|item
|poke|p2|Breloom, M|item
|poke|p2|Starmie|item
|poke|p2|Scizor, F|item
|teampreview
|c|☆reshirampage|lol
|c|☆reshirampage|didnt we just play
|
|t:|1744042235
|start
|switch|p1a: Alomomola|Alomomola, M|100/100
|switch|p2a: Garchomp|Garchomp, F|100/100
|turn|1
|inactive|Battle timer is ON: inactive players will automatically lose when time's up. (requested by reshirampage)
|inactive|AltTestingAlt has 120 seconds left.
|
|t:|1744042295
|move|p2a: Garchomp|Stealth Rock|p1a: Alomomola
|-sidestart|p1: AltTestingAlt|move: Stealth Rock
|move|p1a: Alomomola|Toxic|p2a: Garchomp
|-status|p2a: Garchomp|tox
|
|-damage|p2a: Garchomp|94/100 tox|[from] psn
|upkeep
|turn|2
|
|t:|1744042310
|switch|p2a: Starmie|Starmie|100/100
|-item|p2a: Starmie|Air Balloon
|move|p1a: Alomomola|Wish|p1a: Alomomola
|
|upkeep
|turn|3
|
|t:|1744042318
|switch|p1a: Blissey|Blissey, F|100/100
|-damage|p1a: Blissey|88/100|[from] Stealth Rock
|move|p2a: Starmie|Thunderbolt|p1a: Blissey
|-damage|p1a: Blissey|74/100
|
|-heal|p1a: Blissey|100/100|[from] move: Wish|[wisher] Alomomola
|upkeep
|turn|4
|
|t:|1744042330
|switch|p2a: Garchomp|Garchomp, F|94/100 tox
|move|p1a: Blissey|Ice Beam|p2a: Garchomp
|-supereffective|p2a: Garchomp
|-damage|p2a: Garchomp|0 fnt
|faint|p2a: Garchomp
|
|upkeep
|
|t:|1744042333
|switch|p2a: Breloom|Breloom, M|100/100
|turn|5
|
|t:|1744042356
|switch|p1a: Amoonguss|Amoonguss, M|100/100
|-damage|p1a: Amoonguss|88/100|[from] Stealth Rock
|move|p2a: Breloom|Swords Dance|p2a: Breloom
|-boost|p2a: Breloom|atk|2
|
|-heal|p1a: Amoonguss|94/100|[from] item: Black Sludge
|upkeep
|turn|6
|c|☆AltTestingAlt|Yeah you forfeited cause rocks were on your side
|inactive|reshirampage has 120 seconds left.
|c|☆reshirampage|well i realized I was never gonna break quag
|
|t:|1744042389
|switch|p2a: Scizor|Scizor, F|100/100
|move|p1a: Amoonguss|Sludge Bomb|p2a: Scizor
|-immune|p2a: Scizor
|
|-heal|p1a: Amoonguss|100/100|[from] item: Black Sludge
|upkeep
|turn|7
|c|☆AltTestingAlt|Nah
|c|☆AltTestingAlt|You forfeited cause rocks were up
|c|☆AltTestingAlt|No other reason
|inactive|reshirampage has 90 seconds left.
|
|t:|1744042425
|switch|p2a: Volcarona|Volcarona, M|100/100
|switch|p1a: Alomomola|Alomomola, M|100/100
|-damage|p1a: Alomomola|88/100|[from] Stealth Rock
|
|upkeep
|turn|8
|inactive|reshirampage has 90 seconds left.
|
|t:|1744042437
|switch|p2a: Breloom|Breloom, M|100/100
|switch|p1a: Chansey|Chansey, F|100/100
|-damage|p1a: Chansey|88/100|[from] Stealth Rock
|
|upkeep
|turn|9
|inactive|reshirampage has 90 seconds left.
|
|t:|1744042445
|switch|p1a: Amoonguss|Amoonguss, M|100/100
|-damage|p1a: Amoonguss|88/100|[from] Stealth Rock
|move|p2a: Breloom|Low Sweep|p1a: Amoonguss
|-resisted|p1a: Amoonguss
|-damage|p1a: Amoonguss|57/100
|-unboost|p1a: Amoonguss|spe|1
|-damage|p2a: Breloom|91/100|[from] item: Life Orb
|
|-heal|p1a: Amoonguss|63/100|[from] item: Black Sludge
|upkeep
|turn|10
|inactive|reshirampage has 90 seconds left.
|
|t:|1744042457
|switch|p2a: Scizor|Scizor, F|100/100
|switch|p1a: Alomomola|Alomomola, M|100/100
|-damage|p1a: Alomomola|88/100|[from] Stealth Rock
|
|upkeep
|turn|11
|inactive|reshirampage has 90 seconds left.
|
|t:|1744042468
|switch|p2a: Starmie|Starmie|100/100
|-item|p2a: Starmie|Air Balloon
|move|p1a: Alomomola|Toxic|p2a: Starmie
|-status|p2a: Starmie|tox
|
|-damage|p2a: Starmie|94/100 tox|[from] psn
|upkeep
|turn|12
|
|t:|1744042478
|switch|p2a: Breloom|Breloom, M|91/100
|move|p1a: Alomomola|Protect||[still]
|-fail|p1a: Alomomola
|
|upkeep
|turn|13
|
|t:|1744042484
|move|p2a: Breloom|Bullet Seed|p1a: Alomomola
|-supereffective|p1a: Alomomola
|-damage|p1a: Alomomola|60/100
|-supereffective|p1a: Alomomola
|-damage|p1a: Alomomola|27/100
|-hitcount|p1a: Alomomola|2
|-damage|p2a: Breloom|81/100|[from] item: Life Orb
|move|p1a: Alomomola|Toxic|p2a: Breloom
|-status|p2a: Breloom|tox
|
|-damage|p2a: Breloom|75/100 tox|[from] psn
|upkeep
|turn|14
|
|t:|1744042493
|switch|p1a: Amoonguss|Amoonguss, M|96/100
|-damage|p1a: Amoonguss|84/100|[from] Stealth Rock
|move|p2a: Breloom|Swords Dance|p2a: Breloom
|-boost|p2a: Breloom|atk|2
|
|-heal|p1a: Amoonguss|90/100|[from] item: Black Sludge
|-damage|p2a: Breloom|62/100 tox|[from] psn
|upkeep
|turn|15
|
|t:|1744042497
|move|p2a: Breloom|Low Sweep|p1a: Amoonguss
|-resisted|p1a: Amoonguss
|-damage|p1a: Amoonguss|33/100
|-unboost|p1a: Amoonguss|spe|1
|-damage|p2a: Breloom|52/100 tox|[from] item: Life Orb
|move|p1a: Amoonguss|Clear Smog|p2a: Breloom
|-supereffective|p2a: Breloom
|-damage|p2a: Breloom|0 fnt
|-clearboost|p2a: Breloom
|faint|p2a: Breloom
|
|-heal|p1a: Amoonguss|39/100|[from] item: Black Sludge
|upkeep
|
|t:|1744042504
|switch|p2a: Dragonite|Dragonite, M|100/100
|turn|16
|
|t:|1744042512
|move|p2a: Dragonite|Dragon Dance|p2a: Dragonite
|-boost|p2a: Dragonite|atk|1
|-boost|p2a: Dragonite|spe|1
|move|p1a: Amoonguss|Clear Smog|p2a: Dragonite
|-damage|p2a: Dragonite|92/100
|-clearboost|p2a: Dragonite
|
|-heal|p1a: Amoonguss|45/100|[from] item: Black Sludge
|upkeep
|turn|17
|
|t:|1744042526
|switch|p1a: Xatu|Xatu, F|100/100
|-damage|p1a: Xatu|76/100|[from] Stealth Rock
|move|p2a: Dragonite|Outrage|p1a: Xatu
|-damage|p1a: Xatu|14/100
|
|-heal|p1a: Xatu|20/100|[from] item: Leftovers
|upkeep
|turn|18
|
|t:|1744042528
|move|p2a: Dragonite|Outrage|p1a: Xatu|[from] lockedmove
|-damage|p1a: Xatu|0 fnt
|faint|p1a: Xatu
|-start|p2a: Dragonite|confusion|[fatigue]
|-enditem|p2a: Dragonite|Lum Berry|[eat]
|-end|p2a: Dragonite|confusion
|
|upkeep
|
|t:|1744042530
|switch|p1a: Quagsire|Quagsire, F|100/100
|-damage|p1a: Quagsire|94/100|[from] Stealth Rock
|turn|19
|
|t:|1744042536
|switch|p2a: Starmie|Starmie|94/100 tox
|-item|p2a: Starmie|Air Balloon
|move|p1a: Quagsire|Counter||[still]
|-fail|p1a: Quagsire
|
|-damage|p2a: Starmie|88/100 tox|[from] psn
|upkeep
|turn|20
|
|t:|1744042561
|switch|p2a: Volcarona|Volcarona, M|100/100
|switch|p1a: Amoonguss|Amoonguss, M|79/100
|-damage|p1a: Amoonguss|66/100|[from] Stealth Rock
|
|-heal|p1a: Amoonguss|72/100|[from] item: Black Sludge
|upkeep
|turn|21
|
|t:|1744042568
|switch|p1a: Chansey|Chansey, F|88/100
|-damage|p1a: Chansey|75/100|[from] Stealth Rock
|move|p2a: Volcarona|Fire Blast|p1a: Chansey
|-damage|p1a: Chansey|56/100
|
|upkeep
|turn|22
|
|t:|1744042571
|switch|p2a: Scizor|Scizor, F|100/100
|move|p1a: Chansey|Soft-Boiled|p1a: Chansey
|-heal|p1a: Chansey|100/100
|
|upkeep
|turn|23
|
|t:|1744042582
|-activate|p1a: Chansey|move: Pursuit
|move|p2a: Scizor|Pursuit|p1a: Chansey|[from] Pursuit
|-damage|p1a: Chansey|76/100
|-damage|p2a: Scizor|91/100|[from] item: Life Orb
|switch|p1a: Alomomola|Alomomola, M|61/100
|-damage|p1a: Alomomola|48/100|[from] Stealth Rock
|
|upkeep
|turn|24
|
|t:|1744042589
|move|p2a: Scizor|Swords Dance|p2a: Scizor
|-boost|p2a: Scizor|atk|2
|move|p1a: Alomomola|Wish|p1a: Alomomola
|
|upkeep
|turn|25
|
|t:|1744042595
|switch|p1a: Quagsire|Quagsire, F|94/100
|-damage|p1a: Quagsire|88/100|[from] Stealth Rock
|move|p2a: Scizor|Superpower|p1a: Quagsire
|-damage|p1a: Quagsire|44/100
|-unboost|p2a: Scizor|atk|1
|-unboost|p2a: Scizor|def|1
|-damage|p2a: Scizor|74/100|[from] item: Rocky Helmet|[of] p1a: Quagsire
|-damage|p2a: Scizor|64/100|[from] item: Life Orb
|
|-heal|p1a: Quagsire|100/100|[from] move: Wish|[wisher] Alomomola
|upkeep
|turn|26
|
|t:|1744042600
|switch|p2a: Dragonite|Dragonite, M|92/100
|move|p1a: Quagsire|Toxic|p2a: Dragonite
|-status|p2a: Dragonite|tox
|
|-damage|p2a: Dragonite|86/100 tox|[from] psn
|upkeep
|turn|27
|c|☆reshirampage|yeah I cant break this down
|c|☆reshirampage|gg
|inactive|reshirampage has 120 seconds left.
|-message|reshirampage forfeited.
|
|win|AltTestingAlt
|raw|AltTestingAlt's rating: 1290 &rarr; <strong>1322</strong><br />(+32 for winning)
|raw|reshirampage's rating: 1386 &rarr; <strong>1361</strong><br />(-25 for losing)
|c|☆AltTestingAlt|Even with rocks on my side
|c|☆AltTestingAlt|And none on yours
