|j|☆the great gazump
|j|☆daddy_days2
|t:|1746399503
|gametype|singles
|player|p1|the great gazump|2|1416
|player|p2|daddy_days2|benga|1433
|teamsize|p1|6
|teamsize|p2|6
|gen|5
|tier|[Gen 5] OU
|rated|
|rule|Species Clause: Limit one of each Pokémon
|rule|OHKO Clause: OHKO moves are banned
|rule|Moody Clause: Moody is banned
|rule|Evasion Items Clause: Evasion items are banned
|rule|Evasion Moves Clause: Evasion moves are banned
|rule|Endless Battle Clause: Forcing endless battles is banned
|rule|HP Percentage Mod: HP is shown in percentages
|rule|Evasion Abilities Clause: Evasion abilities are banned
|rule|Sleep Moves Clause: Sleep-inducing moves are banned
|rule|Swagger Clause: Swagger is banned
|rule|Baton Pass Stat Clause: No Baton Passer may have a way to boost its stats
|clearpoke
|poke|p1|Landorus-Therian, M|item
|poke|p1|Garchomp, M|item
|poke|p1|Starmie|item
|poke|p1|Jirachi|item
|poke|p1|Dragonite, M|item
|poke|p1|Lucario, F|item
|poke|p2|Kyurem-Black|item
|poke|p2|Garchomp, M|item
|poke|p2|Conkeldurr, M|item
|poke|p2|Starmie|item
|poke|p2|Bisharp, F|item
|poke|p2|Scyther, M|item
|teampreview
|inactive|Battle timer is ON: inactive players will automatically lose when time's up. (requested by the great gazump)
|
|t:|1746399527
|start
|switch|p1a: Garchomp|Garchomp, M|100/100
|switch|p2a: Painkiller|Garchomp, M|100/100
|turn|1
|
|t:|1746399534
|switch|p1a: Landorus|Landorus-Therian, M|100/100
|-ability|p1a: Landorus|Intimidate|boost
|-unboost|p2a: Painkiller|atk|1
|move|p2a: Painkiller|Stealth Rock|p1a: Landorus
|-sidestart|p1: the great gazump|move: Stealth Rock
|
|upkeep
|turn|2
|
|t:|1746399542
|switch|p2a: Starlight|Starmie|100/100
|move|p1a: Landorus|U-turn|p2a: Starlight
|-supereffective|p2a: Starlight
|-damage|p2a: Starlight|44/100
|
|t:|1746399544
|switch|p1a: Jirachi|Jirachi|100/100|[from] U-turn
|-damage|p1a: Jirachi|94/100|[from] Stealth Rock
|
|-heal|p2a: Starlight|50/100|[from] item: Leftovers
|upkeep
|turn|3
|
|t:|1746399554
|move|p1a: Jirachi|U-turn|p2a: Starlight
|-supereffective|p2a: Starlight
|-damage|p2a: Starlight|5/100
|
|t:|1746399563
|switch|p1a: Starmie|Starmie|100/100|[from] U-turn
|-damage|p1a: Starmie|88/100|[from] Stealth Rock
|-item|p1a: Starmie|Air Balloon
|move|p2a: Starlight|Thunder Wave|p1a: Starmie
|-status|p1a: Starmie|par
|
|-heal|p2a: Starlight|11/100|[from] item: Leftovers
|upkeep
|turn|4
|
|t:|1746399575
|switch|p2a: Painkiller|Garchomp, M|100/100
|cant|p1a: Starmie|par
|
|upkeep
|turn|5
|
|t:|1746399582
|move|p1a: Starmie|Ice Beam|p2a: Painkiller
|-supereffective|p2a: Painkiller
|-damage|p2a: Painkiller|4/100
|move|p2a: Painkiller|Dragon Tail|p1a: Starmie
|-damage|p1a: Starmie|48/100 par
|-enditem|p1a: Starmie|Air Balloon
|-curestatus|p1a: Starmie|par|[from] ability: Natural Cure
|drag|p1a: Jirachi|Jirachi|94/100
|-damage|p1a: Jirachi|88/100|[from] Stealth Rock
|
|upkeep
|turn|6
|
|t:|1746399595
|move|p2a: Painkiller|Endure|p2a: Painkiller
|-singleturn|p2a: Painkiller|move: Endure
|move|p1a: Jirachi|U-turn|p2a: Painkiller
|-activate|p2a: Painkiller|move: Endure
|-damage|p2a: Painkiller|1/100
|-damage|p1a: Jirachi|76/100|[from] ability: Rough Skin|[of] p2a: Painkiller
|-damage|p1a: Jirachi|59/100|[from] item: Rocky Helmet|[of] p2a: Painkiller
|
|t:|1746399613
|switch|p1a: Starmie|Starmie|48/100|[from] U-turn
|-damage|p1a: Starmie|35/100|[from] Stealth Rock
|
|upkeep
|turn|7
|
|t:|1746399620
|switch|p2a: Adolf|Bisharp, F|100/100
|-item|p2a: Adolf|Air Balloon
|move|p1a: Starmie|Rapid Spin|p2a: Adolf
|-resisted|p2a: Adolf
|-damage|p2a: Adolf|99/100
|-enditem|p2a: Adolf|Air Balloon
|-sideend|p1: the great gazump|Stealth Rock|[from] move: Rapid Spin|[of] p1a: Starmie
|
|upkeep
|turn|8
|
|t:|1746399630
|move|p1a: Starmie|Hydro Pump|p2a: Adolf
|-damage|p2a: Adolf|22/100
|move|p2a: Adolf|Pursuit|p1a: Starmie
|-supereffective|p1a: Starmie
|-damage|p1a: Starmie|0 fnt
|faint|p1a: Starmie
|
|upkeep
|
|t:|1746399649
|switch|p1a: Garchomp|Garchomp, M|100/100
|turn|9
|
|t:|1746399670
|move|p1a: Garchomp|Earthquake|p2a: Adolf
|-supereffective|p2a: Adolf
|-damage|p2a: Adolf|0 fnt
|faint|p2a: Adolf
|-damage|p1a: Garchomp|91/100|[from] item: Life Orb
|
|upkeep
|
|t:|1746399683
|switch|p2a: Shrekster|Conkeldurr, M|100/100
|turn|10
|
|t:|1746399690
|move|p1a: Garchomp|Earthquake|p2a: Shrekster
|-damage|p2a: Shrekster|53/100
|-damage|p1a: Garchomp|81/100|[from] item: Life Orb
|move|p2a: Shrekster|Ice Punch|p1a: Garchomp
|-supereffective|p1a: Garchomp
|-damage|p1a: Garchomp|0 fnt
|-damage|p2a: Shrekster|40/100|[from] ability: Rough Skin|[of] p1a: Garchomp
|faint|p1a: Garchomp
|
|-heal|p2a: Shrekster|47/100|[from] item: Leftovers
|upkeep
|
|t:|1746399714
|switch|p1a: Dragonite|Dragonite, M|100/100
|turn|11
|
|t:|1746399718
|move|p1a: Dragonite|Dragon Dance|p1a: Dragonite
|-boost|p1a: Dragonite|atk|1
|-boost|p1a: Dragonite|spe|1
|move|p2a: Shrekster|Ice Punch|p1a: Dragonite
|-supereffective|p1a: Dragonite
|-enditem|p1a: Dragonite|Yache Berry|[eat]
|-enditem|p1a: Dragonite|Yache Berry|[weaken]
|-damage|p1a: Dragonite|57/100
|
|-heal|p2a: Shrekster|53/100|[from] item: Leftovers
|upkeep
|turn|12
|
|t:|1746399729
|move|p1a: Dragonite|Outrage|p2a: Shrekster
|-crit|p2a: Shrekster
|-damage|p2a: Shrekster|0 fnt
|faint|p2a: Shrekster
|
|upkeep
|
|t:|1746399736
|switch|p2a: Painkiller|Garchomp, M|1/100
|turn|13
|
|t:|1746399740
|move|p2a: Painkiller|Endure|p2a: Painkiller
|-singleturn|p2a: Painkiller|move: Endure
|move|p1a: Dragonite|Outrage|p2a: Painkiller|[from] lockedmove
|-supereffective|p2a: Painkiller
|-activate|p2a: Painkiller|move: Endure
|-damage|p2a: Painkiller|1/100
|-damage|p1a: Dragonite|45/100|[from] ability: Rough Skin|[of] p2a: Painkiller
|-damage|p1a: Dragonite|29/100|[from] item: Rocky Helmet|[of] p2a: Painkiller
|
|upkeep
|turn|14
|
|t:|1746399750
|move|p2a: Painkiller|Endure|p2a: Painkiller
|-singleturn|p2a: Painkiller|move: Endure
|move|p1a: Dragonite|Outrage|p2a: Painkiller|[from] lockedmove
|-supereffective|p2a: Painkiller
|-crit|p2a: Painkiller
|-activate|p2a: Painkiller|move: Endure
|-damage|p2a: Painkiller|1/100
|-damage|p1a: Dragonite|16/100|[from] ability: Rough Skin|[of] p2a: Painkiller
|-damage|p1a: Dragonite|0 fnt|[from] item: Rocky Helmet|[of] p2a: Painkiller
|faint|p1a: Dragonite
|
|upkeep
|
|t:|1746399755
|switch|p1a: Landorus|Landorus-Therian, M|100/100
|-ability|p1a: Landorus|Intimidate|boost
|-unboost|p2a: Painkiller|atk|1
|turn|15
|
|t:|1746399780
|switch|p2a: Blade|Scyther, M|100/100
|move|p1a: Landorus|Stealth Rock|p2a: Blade
|-sidestart|p2: daddy_days2|move: Stealth Rock
|
|upkeep
|turn|16
|inactive|daddy_days2 has 120 seconds left.
|
|t:|1746399797
|move|p2a: Blade|Aerial Ace|p1a: Landorus
|-damage|p1a: Landorus|59/100
|move|p1a: Landorus|U-turn|p2a: Blade
|-resisted|p2a: Blade
|-damage|p2a: Blade|84/100
|
|t:|1746399800
|switch|p1a: Jirachi|Jirachi|59/100|[from] U-turn
|
|upkeep
|turn|17
|
|t:|1746399806
|move|p2a: Blade|Aerial Ace|p1a: Jirachi
|-resisted|p1a: Jirachi
|-damage|p1a: Jirachi|38/100
|move|p1a: Jirachi|Iron Head|p2a: Blade
|-damage|p2a: Blade|35/100
|
|upkeep
|turn|18
|
|t:|1746399813
|move|p2a: Blade|Aerial Ace|p1a: Jirachi
|-resisted|p1a: Jirachi
|-damage|p1a: Jirachi|16/100
|move|p1a: Jirachi|Iron Head|p2a: Blade
|-damage|p2a: Blade|0 fnt
|faint|p2a: Blade
|
|upkeep
|
|t:|1746399822
|switch|p2a: Starlight|Starmie|11/100
|-damage|p2a: Starlight|0 fnt|[from] Stealth Rock
|faint|p2a: Starlight
|
|t:|1746399831
|switch|p2a: Insane Dwayne|Kyurem-Black|100/100
|-damage|p2a: Insane Dwayne|76/100|[from] Stealth Rock
|-ability|p2a: Insane Dwayne|Teravolt
|turn|19
|
|t:|1746399839
|move|p1a: Jirachi|Iron Head|p2a: Insane Dwayne
|-supereffective|p2a: Insane Dwayne
|-damage|p2a: Insane Dwayne|25/100
|cant|p2a: Insane Dwayne|flinch
|
|upkeep
|turn|20
|
|t:|1746399846
|switch|p2a: Painkiller|Garchomp, M|1/100
|-damage|p2a: Painkiller|0 fnt|[from] Stealth Rock
|faint|p2a: Painkiller
|move|p1a: Jirachi|Iron Head|p2: Painkiller|[notarget]
|-fail|p1a: Jirachi
|
|upkeep
|
|t:|1746399853
|switch|p2a: Insane Dwayne|Kyurem-Black|25/100
|-damage|p2a: Insane Dwayne|0 fnt|[from] Stealth Rock
|faint|p2a: Insane Dwayne
|
|win|the great gazump
|raw|the great gazump's rating: 1416 &rarr; <strong>1437</strong><br />(+21 for winning)
|raw|daddy_days2's rating: 1433 &rarr; <strong>1412</strong><br />(-21 for losing)
|l|☆the great gazump
|player|p1|
