|join|ahobowithanoboe
|join|Tokyo Tom
|player|p1|ahobowithanoboe|273
|player|p2|Tokyo Tom|252
|gametype|singles
|gen|5
|tier|[Gen 5] OU
|rated
|rule|Evasion Abilities Clause: Evasion abilities are banned
|clearpoke
|poke|p1|Skarmory, F
|poke|p1|Hydreigon, M, shiny
|poke|p1|Dugtrio, M
|poke|p1|Espeon, M
|poke|p1|Jellicent, M
|poke|p1|Terrakion
|poke|p2|Politoed, M
|poke|p2|Feraligatr, M
|poke|p2|Tornadus, M
|poke|p2|Ferrothorn, M
|poke|p2|Latios, M
|poke|p2|Toxicroak, M
|rule|Sleep Clause Mod: Limit one foe put to sleep
|rule|Species Clause: Limit one of each Pokémon
|rule|OHKO Clause: OHKO moves are banned
|rule|Moody Clause: Moody is banned
|rule|Evasion Moves Clause: Evasion moves are banned
|rule|Endless Battle Clause: Forcing endless battles is banned
|rule|HP Percentage Mod: HP is shown in percentages
|teampreview
|
|start
|switch|p1a: U Jellay?|Jellicent, M|404/404
|switch|p2a: Politoed|Politoed, M|321/321
|-weather|RainDance|[from] ability: Drizzle|[of] p2a: Politoed
|turn|1
|
|switch|p1a: Psychic PUSSAY|Espeon, M|272/272
|move|p2a: Politoed|Toxic|p1a: Psychic PUSSAY
|move|p1a: Psychic PUSSAY|Toxic|p2a: Politoed|[from]Magic Bounce
|-status|p2a: Politoed|tox
|
|-weather|RainDance|[upkeep]
|-damage|p2a: Politoed|301/321 tox|[from] psn
|turn|2
|
|switch|p2a: Ferrothorn|Ferrothorn, M|352/352
|move|p1a: Psychic PUSSAY|Psychic|p2a: Ferrothorn
|-resisted|p2a: Ferrothorn
|-damage|p2a: Ferrothorn|294/352
|
|-weather|RainDance|[upkeep]
|-heal|p2a: Ferrothorn|316/352|[from] item: Leftovers
|turn|3
|join|Zamrock
|join|Asp Regent
|
|switch|p1a: F-22 Raptor|Skarmory, F|334/334
|switch|p2a: Latios|Latios, M|299/299
|
|-weather|RainDance|[upkeep]
|turn|4
|join|No BP Plz
|leave|Asp Regent
|
|move|p2a: Latios|Surf|p1a: F-22 Raptor
|-damage|p1a: F-22 Raptor|131/334
|-damage|p2a: Latios|270/299|[from] item: Life Orb
|move|p1a: F-22 Raptor|Stealth Rock|p2a: Latios
|-sidestart|p2: Tokyo Tom|move: Stealth Rock
|
|-weather|RainDance|[upkeep]
|-heal|p1a: F-22 Raptor|151/334|[from] item: Leftovers
|turn|5
|
|switch|p1a: U Jellay?|Jellicent, M|404/404
|move|p2a: Latios|Psyshock|p1a: U Jellay?
|-damage|p1a: U Jellay?|139/404
|-damage|p2a: Latios|241/299|[from] item: Life Orb
|
|-weather|RainDance|[upkeep]
|-heal|p1a: U Jellay?|164/404|[from] item: Leftovers
|turn|6
|
|move|p2a: Latios|Draco Meteor|p1a: U Jellay?
|-damage|p1a: U Jellay?|0 fnt
|-unboost|p2a: Latios|spa|2
|-damage|p2a: Latios|212/299|[from] item: Life Orb
|faint|p1a: U Jellay?
|
|-weather|RainDance|[upkeep]
|
|switch|p1a: Mr. Kuddles|Hydreigon, M, shiny|326/326
|turn|7
|
|switch|p2a: Ferrothorn|Ferrothorn, M|316/352
|-damage|p2a: Ferrothorn|294/352|[from] Stealth Rock
|move|p1a: Mr. Kuddles|U-turn|p2a: Ferrothorn
|-damage|p2a: Ferrothorn|260/352
|-damage|p1a: Mr. Kuddles|286/326|[from] ability: Iron Barbs|[of] p2a: Ferrothorn
|
|switch|p1a: Brony Fag|Terrakion|324/324
|
|-weather|RainDance|[upkeep]
|-heal|p2a: Ferrothorn|282/352|[from] item: Leftovers
|turn|8
|join|An IncognitoTuxedo
|
|switch|p2a: Toxicroak|Toxicroak, M|309/309
|-damage|p2a: Toxicroak|290/309|[from] Stealth Rock
|move|p1a: Brony Fag|Close Combat|p2a: Toxicroak
|-resisted|p2a: Toxicroak
|-damage|p2a: Toxicroak|137/309
|-unboost|p1a: Brony Fag|def|1
|-unboost|p1a: Brony Fag|spd|1
|
|-weather|RainDance|[upkeep]
|-heal|p2a: Toxicroak|175/309|[from] ability: Dry Skin
|turn|9
|
|switch|p1a: F-22 Raptor|Skarmory, F|151/334
|move|p2a: Toxicroak|Swords Dance|p2a: Toxicroak
|-boost|p2a: Toxicroak|atk|2
|
|-weather|RainDance|[upkeep]
|-heal|p2a: Toxicroak|213/309|[from] ability: Dry Skin
|-heal|p1a: F-22 Raptor|171/334|[from] item: Leftovers
|turn|10
|
|move|p2a: Toxicroak|Drain Punch|p1a: F-22 Raptor
|-damage|p1a: F-22 Raptor|0 fnt
|-heal|p2a: Toxicroak|299/309|[from] drain|[of] p1a: F-22 Raptor
|-damage|p2a: Toxicroak|269/309|[from] item: Life Orb
|faint|p1a: F-22 Raptor
|
|-weather|RainDance|[upkeep]
|-heal|p2a: Toxicroak|307/309|[from] ability: Dry Skin
|
|switch|p1a: Psychic PUSSAY|Espeon, M|272/272
|turn|11
|
|move|p2a: Toxicroak|Sucker Punch|p1a: Psychic PUSSAY
|-fail|p1a: Psychic PUSSAY
|move|p1a: Psychic PUSSAY|Trick|p2a: Toxicroak
|-activate|p1a: Psychic PUSSAY|move: Trick|[of] p2a: Toxicroak
|-item|p2a: Toxicroak|Choice Scarf|[from] move: Trick
|-item|p1a: Psychic PUSSAY|Life Orb|[from] move: Trick
|
|-weather|RainDance|[upkeep]
|-heal|p2a: Toxicroak|309/309|[from] ability: Dry Skin
|turn|12
|
|move|p2a: Toxicroak|Ice Punch|p1a: Psychic PUSSAY
|-damage|p1a: Psychic PUSSAY|43/272
|move|p1a: Psychic PUSSAY|Psychic|p2a: Toxicroak
|-supereffective|p2a: Toxicroak
|-damage|p2a: Toxicroak|0 fnt
|-damage|p1a: Psychic PUSSAY|16/272|[from] item: Life Orb
|faint|p2a: Toxicroak
|
|-weather|RainDance|[upkeep]
|
|switch|p2a: Feraligatr|Feraligatr, M|347/347
|-damage|p2a: Feraligatr|304/347|[from] Stealth Rock
|turn|13
|
|switch|p1a: 3Sum|Dugtrio, M|212/212
|move|p2a: Feraligatr|Aqua Jet|p1a: 3Sum
|-supereffective|p1a: 3Sum
|-damage|p1a: 3Sum|0 fnt
|faint|p1a: 3Sum
|
|-weather|RainDance|[upkeep]
|
|switch|p1a: Mr. Kuddles|Hydreigon, M, shiny|286/326
|turn|14
|
|move|p1a: Mr. Kuddles|Draco Meteor|p2a: Feraligatr
|-crit|p2a: Feraligatr
|-damage|p2a: Feraligatr|0 fnt
|-unboost|p1a: Mr. Kuddles|spa|2
|faint|p2a: Feraligatr
|
|-weather|RainDance|[upkeep]
|
|switch|p2a: Ferrothorn|Ferrothorn, M|282/352
|-damage|p2a: Ferrothorn|260/352|[from] Stealth Rock
|turn|15
|
|switch|p1a: Psychic PUSSAY|Espeon, M|16/272
|move|p2a: Ferrothorn|Gyro Ball|p1a: Psychic PUSSAY
|-damage|p1a: Psychic PUSSAY|0 fnt
|faint|p1a: Psychic PUSSAY
|
|-weather|RainDance|[upkeep]
|-heal|p2a: Ferrothorn|282/352|[from] item: Leftovers
|
|switch|p1a: Brony Fag|Terrakion|324/324
|turn|16
|
|switch|p2a: Politoed|Politoed, M|301/321 tox
|-damage|p2a: Politoed|261/321 tox|[from] Stealth Rock
|move|p1a: Brony Fag|Rock Polish|p1a: Brony Fag
|-boost|p1a: Brony Fag|spe|2
|
|-weather|RainDance|[upkeep]
|-damage|p2a: Politoed|241/321 tox|[from] psn
|turn|17
|
|move|p1a: Brony Fag|Stone Edge|p2a: Politoed
|-enditem|p1a: Brony Fag|Rock Gem|[from] gem|[move] Stone Edge
|-damage|p2a: Politoed|0 fnt
|faint|p2a: Politoed
|
|-weather|RainDance|[upkeep]
|
|switch|p2a: Tornadus|Tornadus, M|299/299
|-damage|p2a: Tornadus|225/299|[from] Stealth Rock
|turn|18
|
|move|p1a: Brony Fag|Stone Edge|p2a: Tornadus
|-supereffective|p2a: Tornadus
|-damage|p2a: Tornadus|0 fnt
|faint|p2a: Tornadus
|
|-weather|RainDance|[upkeep]
|
|switch|p2a: Latios|Latios, M|212/299
|-damage|p2a: Latios|175/299|[from] Stealth Rock
|turn|19
|chat|Zamrock|rip,,
|
|move|p1a: Brony Fag|Stone Edge|p2a: Latios
|-damage|p2a: Latios|0 fnt
|faint|p2a: Latios
|
|-weather|RainDance|[upkeep]
|chat|Tokyo Tom|I thought torn had Tailwind haha
|chat|Tokyo Tom|GG dude
|
|switch|p2a: Ferrothorn|Ferrothorn, M|282/352
|-damage|p2a: Ferrothorn|260/352|[from] Stealth Rock
|turn|20
|chat|ahobowithanoboe|gg
|
|move|p1a: Brony Fag|Close Combat|p2a: Ferrothorn
|-supereffective|p2a: Ferrothorn
|-damage|p2a: Ferrothorn|0 fnt
|-damage|p1a: Brony Fag|284/324|[from] ability: Iron Barbs|[of] p2a: Ferrothorn
|-unboost|p1a: Brony Fag|def|1
|-unboost|p1a: Brony Fag|spd|1
|faint|p2a: Ferrothorn
|
|win|ahobowithanoboe
|raw|Ladder updating...
|raw|ahobowithanoboe's rating: 1275 &rarr; <strong>1308</strong><br />(+33 for winning)
|raw|Tokyo Tom's rating: 1399 &rarr; <strong>1373</strong><br />(-26 for losing)
|chat|ahobowithanoboe|well played
|leave|Tokyo Tom
|player|p2
|chat|No BP Plz|gg