|j|‽MegaStarUniverse
|j|☆phosphor
|t:|1726530697
|gametype|singles
|player|p1|MegaStarUniverse|nate|1444
|player|p2|phosphor|#phosphor|1356
|teamsize|p1|6
|teamsize|p2|6
|gen|5
|tier|[Gen 5] OU
|rated|
|rule|Species Clause: Limit one of each Pokémon
|rule|OHKO Clause: OHKO moves are banned
|rule|Moody Clause: Moody is banned
|rule|Evasion Items Clause: Evasion items are banned
|rule|Evasion Moves Clause: Evasion moves are banned
|rule|Endless Battle Clause: Forcing endless battles is banned
|rule|HP Percentage Mod: HP is shown in percentages
|rule|Evasion Abilities Clause: Evasion abilities are banned
|rule|Sleep Moves Clause: Sleep-inducing moves are banned
|rule|Swagger Clause: Swagger is banned
|rule|Baton Pass Stat Clause: No Baton Passer may have a way to boost its stats
|clearpoke
|poke|p1|Tyranitar, F|item
|poke|p1|Landorus-Therian, M|item
|poke|p1|Keldeo|item
|poke|p1|Latios, M|item
|poke|p1|Jirachi|item
|poke|p1|Garchomp, F|item
|poke|p2|Abomasnow, M|item
|poke|p2|Blissey, F|item
|poke|p2|Forretress, M|item
|poke|p2|Gastrodon, M|item
|poke|p2|Kyurem|item
|poke|p2|Mandibuzz, F|item
|teampreview
|inactive|Battle timer is ON: inactive players will automatically lose when time's up. (requested by MegaStarUniverse)
|
|t:|1726530721
|start
|switch|p1a: Jirachi|Jirachi|100/100
|switch|p2a: Gastrodon|Gastrodon, M|100/100
|turn|1
|
|t:|1726530726
|move|p1a: Jirachi|Energy Ball|p2a: Gastrodon
|-supereffective|p2a: Gastrodon
|-damage|p2a: Gastrodon|8/100
|move|p2a: Gastrodon|Earthquake|p1a: Jirachi
|-supereffective|p1a: Jirachi
|-enditem|p1a: Jirachi|Shuca Berry|[eat]
|-enditem|p1a: Jirachi|Shuca Berry|[weaken]
|-damage|p1a: Jirachi|73/100
|
|-heal|p2a: Gastrodon|14/100|[from] item: Leftovers
|upkeep
|turn|2
|
|t:|1726530739
|switch|p2a: Abomasnow|Abomasnow, M|100/100
|-weather|Hail|[from] ability: Snow Warning|[of] p2a: Abomasnow
|move|p1a: Jirachi|U-turn|p2a: Abomasnow
|-supereffective|p2a: Abomasnow
|-damage|p2a: Abomasnow|64/100
|
|t:|1726530743
|switch|p1a: Tyranitar|Tyranitar, F|100/100|[from] U-turn
|-weather|Sandstorm|[from] ability: Sand Stream|[of] p1a: Tyranitar
|
|-weather|Sandstorm|[upkeep]
|-damage|p2a: Abomasnow|58/100|[from] Sandstorm
|upkeep
|turn|3
|
|t:|1726530760
|move|p2a: Abomasnow|Giga Drain|p1a: Tyranitar
|-supereffective|p1a: Tyranitar
|-damage|p1a: Tyranitar|70/100
|-heal|p2a: Abomasnow|75/100|[from] drain|[of] p1a: Tyranitar
|move|p1a: Tyranitar|Stealth Rock|p2a: Abomasnow
|-sidestart|p2: phosphor|move: Stealth Rock
|
|-weather|Sandstorm|[upkeep]
|-damage|p2a: Abomasnow|69/100|[from] Sandstorm
|upkeep
|turn|4
|
|t:|1726530769
|switch|p2a: Mandibuzz|Mandibuzz, F|100/100
|-damage|p2a: Mandibuzz|76/100|[from] Stealth Rock
|move|p1a: Tyranitar|Fire Blast|p2a: Mandibuzz
|-damage|p2a: Mandibuzz|52/100
|
|-weather|Sandstorm|[upkeep]
|-heal|p2a: Mandibuzz|59/100|[from] item: Leftovers
|upkeep
|turn|5
|
|t:|1726530782
|switch|p1a: Garchomp|Garchomp, F|100/100
|move|p2a: Mandibuzz|Roost|p2a: Mandibuzz
|-heal|p2a: Mandibuzz|100/100
|-singleturn|p2a: Mandibuzz|move: Roost
|
|-weather|Sandstorm|[upkeep]
|upkeep
|turn|6
|
|t:|1726530797
|switch|p2a: Gastrodon|Gastrodon, M|14/100
|-damage|p2a: Gastrodon|8/100|[from] Stealth Rock
|move|p1a: Garchomp|Draco Meteor|p2a: Gastrodon
|-damage|p2a: Gastrodon|0 fnt
|-unboost|p1a: Garchomp|spa|2
|faint|p2a: Gastrodon
|-damage|p1a: Garchomp|91/100|[from] item: Life Orb
|
|-weather|Sandstorm|[upkeep]
|upkeep
|inactive|phosphor has 120 seconds left.
|
|t:|1726530818
|switch|p2a: Blissey|Blissey, F|100/100
|-damage|p2a: Blissey|88/100|[from] Stealth Rock
|turn|7
|
|t:|1726530822
|move|p1a: Garchomp|Earthquake|p2a: Blissey
|-damage|p2a: Blissey|37/100
|-damage|p1a: Garchomp|81/100|[from] item: Life Orb
|move|p2a: Blissey|Stealth Rock|p1a: Garchomp
|-sidestart|p1: MegaStarUniverse|move: Stealth Rock
|
|-weather|Sandstorm|[upkeep]
|-damage|p2a: Blissey|31/100|[from] Sandstorm
|-heal|p2a: Blissey|37/100|[from] item: Leftovers
|upkeep
|turn|8
|
|t:|1726530839
|switch|p2a: Mandibuzz|Mandibuzz, F|100/100
|-damage|p2a: Mandibuzz|76/100|[from] Stealth Rock
|move|p1a: Garchomp|Earthquake|p2a: Mandibuzz
|-immune|p2a: Mandibuzz
|
|-weather|Sandstorm|[upkeep]
|-heal|p2a: Mandibuzz|82/100|[from] item: Leftovers
|upkeep
|turn|9
|
|t:|1726530852
|move|p1a: Garchomp|Outrage|p2a: Mandibuzz
|-damage|p2a: Mandibuzz|22/100
|-damage|p1a: Garchomp|71/100|[from] item: Life Orb
|move|p2a: Mandibuzz|Roost|p2a: Mandibuzz
|-heal|p2a: Mandibuzz|73/100
|-singleturn|p2a: Mandibuzz|move: Roost
|
|-weather|Sandstorm|[upkeep]
|-heal|p2a: Mandibuzz|79/100|[from] item: Leftovers
|upkeep
|turn|10
|
|t:|1726530857
|move|p1a: Garchomp|Outrage|p2a: Mandibuzz|[from]lockedmove
|-damage|p2a: Mandibuzz|19/100
|-damage|p1a: Garchomp|61/100|[from] item: Life Orb
|-start|p1a: Garchomp|confusion|[fatigue]
|move|p2a: Mandibuzz|Roost|p2a: Mandibuzz
|-heal|p2a: Mandibuzz|69/100
|-singleturn|p2a: Mandibuzz|move: Roost
|
|-weather|Sandstorm|[upkeep]
|-heal|p2a: Mandibuzz|75/100|[from] item: Leftovers
|upkeep
|turn|11
|
|t:|1726530866
|switch|p1a: Latios|Latios, M|100/100
|-damage|p1a: Latios|88/100|[from] Stealth Rock
|move|p2a: Mandibuzz|Roost|p2a: Mandibuzz
|-heal|p2a: Mandibuzz|100/100
|-singleturn|p2a: Mandibuzz|move: Roost
|
|-weather|Sandstorm|[upkeep]
|-damage|p1a: Latios|82/100|[from] Sandstorm
|upkeep
|turn|12
|
|t:|1726530880
|switch|p2a: Forretress|Forretress, M|100/100
|-damage|p2a: Forretress|88/100|[from] Stealth Rock
|move|p1a: Latios|Trick|p2a: Forretress
|-activate|p1a: Latios|move: Trick|[of] p2a: Forretress
|-item|p2a: Forretress|Choice Specs|[from] move: Trick
|-item|p1a: Latios|Leftovers|[from] move: Trick
|
|-weather|Sandstorm|[upkeep]
|-damage|p1a: Latios|76/100|[from] Sandstorm
|-heal|p1a: Latios|82/100|[from] item: Leftovers
|upkeep
|turn|13
|
|t:|1726530885
|switch|p1a: Tyranitar|Tyranitar, F|70/100
|-damage|p1a: Tyranitar|58/100|[from] Stealth Rock
|move|p2a: Forretress|Rapid Spin|p1a: Tyranitar
|-resisted|p1a: Tyranitar
|-damage|p1a: Tyranitar|56/100
|-sideend|p2: phosphor|Stealth Rock|[from] move: Rapid Spin|[of] p2a: Forretress
|
|-weather|Sandstorm|[upkeep]
|upkeep
|turn|14
|
|t:|1726530898
|switch|p2a: Abomasnow|Abomasnow, M|69/100
|-weather|Hail|[from] ability: Snow Warning|[of] p2a: Abomasnow
|move|p1a: Tyranitar|Stealth Rock|p2a: Abomasnow
|-sidestart|p2: phosphor|move: Stealth Rock
|
|-weather|Hail|[upkeep]
|-damage|p1a: Tyranitar|50/100|[from] Hail
|upkeep
|turn|15
|
|t:|1726530905
|move|p2a: Abomasnow|Giga Drain|p1a: Tyranitar
|-supereffective|p1a: Tyranitar
|-damage|p1a: Tyranitar|3/100
|-heal|p2a: Abomasnow|96/100|[from] drain|[of] p1a: Tyranitar
|move|p1a: Tyranitar|Fire Blast|p2a: Abomasnow
|-supereffective|p2a: Abomasnow
|-damage|p2a: Abomasnow|0 fnt
|faint|p2a: Abomasnow
|
|-weather|Hail|[upkeep]
|-damage|p1a: Tyranitar|0 fnt|[from] Hail
|faint|p1a: Tyranitar
|upkeep
|
|t:|1726530919
|switch|p2a: Forretress|Forretress, M|88/100
|switch|p1a: Garchomp|Garchomp, F|61/100
|-damage|p1a: Garchomp|55/100|[from] Stealth Rock
|-damage|p2a: Forretress|76/100|[from] Stealth Rock
|turn|16
|
|t:|1726530926
|switch|p2a: Mandibuzz|Mandibuzz, F|100/100
|-damage|p2a: Mandibuzz|76/100|[from] Stealth Rock
|move|p1a: Garchomp|Flamethrower|p2a: Mandibuzz
|-damage|p2a: Mandibuzz|45/100
|-damage|p1a: Garchomp|45/100|[from] item: Life Orb
|
|-weather|Hail|[upkeep]
|-damage|p1a: Garchomp|39/100|[from] Hail
|-heal|p2a: Mandibuzz|51/100|[from] item: Leftovers
|upkeep
|turn|17
|
|t:|1726530930
|move|p1a: Garchomp|Outrage|p2a: Mandibuzz
|-damage|p2a: Mandibuzz|0 fnt
|faint|p2a: Mandibuzz
|-damage|p1a: Garchomp|29/100|[from] item: Life Orb
|
|-weather|Hail|[upkeep]
|-damage|p1a: Garchomp|23/100|[from] Hail
|upkeep
|
|t:|1726530934
|switch|p2a: Kyurem|Kyurem|100/100
|-damage|p2a: Kyurem|76/100|[from] Stealth Rock
|-ability|p2a: Kyurem|Pressure
|turn|18
|
|t:|1726530936
|move|p2a: Kyurem|Dragon Pulse|p1a: Garchomp
|-supereffective|p1a: Garchomp
|-damage|p1a: Garchomp|0 fnt
|faint|p1a: Garchomp
|
|-weather|Hail|[upkeep]
|upkeep
|
|t:|1726530947
|switch|p1a: Keldeo|Keldeo|100/100
|-damage|p1a: Keldeo|94/100|[from] Stealth Rock
|turn|19
|
|t:|1726530951
|move|p1a: Keldeo|Secret Sword|p2a: Kyurem
|-supereffective|p2a: Kyurem
|-crit|p2a: Kyurem
|-damage|p2a: Kyurem|0 fnt
|faint|p2a: Kyurem
|
|-weather|Hail|[upkeep]
|-damage|p1a: Keldeo|88/100|[from] Hail
|upkeep
|c|☆phosphor|gg
|-message|phosphor forfeited.
|
|win|MegaStarUniverse
|raw|MegaStarUniverse's rating: 1444 &rarr; <strong>1459</strong><br />(+15 for winning)
|raw|phosphor's rating: 1356 &rarr; <strong>1341</strong><br />(-15 for losing)
|l|☆phosphor
|player|p2|
