|j|☆nnnbit7
|j|☆BWVC BookofConke
|t:|1717089541
|gametype|singles
|player|p1|nnnbit7|miku-ground|1485
|player|p2|BWVC BookofConke|silver|1399
|teamsize|p1|6
|teamsize|p2|6
|gen|5
|tier|[Gen 5] OU
|rated|
|rule|Species Clause: Limit one of each Pokémon
|rule|OHKO Clause: OHKO moves are banned
|rule|Moody Clause: Moody is banned
|rule|Evasion Items Clause: Evasion items are banned
|rule|Evasion Moves Clause: Evasion moves are banned
|rule|Endless Battle Clause: Forcing endless battles is banned
|rule|HP Percentage Mod: HP is shown in percentages
|rule|Evasion Abilities Clause: Evasion abilities are banned
|rule|Sleep Moves Clause: Sleep-inducing moves are banned
|rule|Swagger Clause: Swagger is banned
|rule|Baton Pass Stat Clause: No Baton Passer may have a way to boost its stats
|clearpoke
|poke|p1|Politoed, M|item
|poke|p1|Ferrothorn, M|item
|poke|p1|Starmie|item
|poke|p1|Keldeo-Resolute|item
|poke|p1|Thundurus-Therian, M|item
|poke|p1|Scizor, F|item
|poke|p2|Abomasnow, F|item
|poke|p2|Kyurem-Black|item
|poke|p2|Latios, M|item
|poke|p2|Garchomp, M|item
|poke|p2|Starmie|item
|poke|p2|Jirachi|item
|teampreview
|
|t:|1717089554
|start
|switch|p1a: Scizor|Scizor, F|100/100
|switch|p2a: Kyurem|Kyurem-Black|100/100
|-ability|p2a: Kyurem|Teravolt
|turn|1
|
|t:|1717089570
|move|p2a: Kyurem|Fusion Bolt|p1a: Scizor
|-damage|p1a: Scizor|58/100
|move|p1a: Scizor|U-turn|p2a: Kyurem
|-damage|p2a: Kyurem|71/100
|
|t:|1717089602
|switch|p1a: Keldeo|Keldeo-Resolute|100/100|[from] U-turn
|
|upkeep
|turn|2
|
|t:|1717089609
|switch|p2a: Latios|Latios, M|100/100
|move|p1a: Keldeo|Secret Sword|p2a: Latios
|-resisted|p2a: Latios
|-damage|p2a: Latios|73/100
|
|upkeep
|turn|3
|
|t:|1717089637
|switch|p1a: Politoed|Politoed, M|100/100
|-weather|RainDance|[from] ability: Drizzle|[of] p1a: Politoed
|move|p2a: Latios|Hidden Power|p1a: Politoed
|-resisted|p1a: Politoed
|-damage|p1a: Politoed|96/100
|
|-weather|RainDance|[upkeep]
|-heal|p1a: Politoed|100/100|[from] item: Leftovers
|upkeep
|turn|4
|
|t:|1717089655
|move|p2a: Latios|Draco Meteor|p1a: Politoed|[miss]
|-miss|p2a: Latios|p1a: Politoed
|move|p1a: Politoed|Toxic|p2a: Latios
|-status|p2a: Latios|tox
|
|-weather|RainDance|[upkeep]
|-damage|p2a: Latios|67/100 tox|[from] psn
|upkeep
|turn|5
|
|t:|1717089664
|switch|p2a: Abomasnow|Abomasnow, F|100/100
|-weather|Hail|[from] ability: Snow Warning|[of] p2a: Abomasnow
|move|p1a: Politoed|Scald|p2a: Abomasnow
|-resisted|p2a: Abomasnow
|-damage|p2a: Abomasnow|86/100
|
|-weather|Hail|[upkeep]
|-damage|p1a: Politoed|94/100|[from] Hail
|-heal|p1a: Politoed|100/100|[from] item: Leftovers
|upkeep
|turn|6
|
|t:|1717089681
|move|p2a: Abomasnow|Wood Hammer|p1a: Politoed
|-supereffective|p1a: Politoed
|-damage|p1a: Politoed|30/100
|-damage|p2a: Abomasnow|59/100|[from] Recoil
|move|p1a: Politoed|Toxic|p2a: Abomasnow
|-status|p2a: Abomasnow|tox
|
|-weather|Hail|[upkeep]
|-damage|p1a: Politoed|24/100|[from] Hail
|-heal|p1a: Politoed|30/100|[from] item: Leftovers
|-damage|p2a: Abomasnow|53/100 tox|[from] psn
|upkeep
|turn|7
|
|t:|1717089699
|switch|p1a: Ferrothorn|Ferrothorn, M|100/100
|move|p2a: Abomasnow|Blizzard|p1a: Ferrothorn
|-damage|p1a: Ferrothorn|62/100
|
|-weather|Hail|[upkeep]
|-damage|p1a: Ferrothorn|56/100|[from] Hail
|-damage|p2a: Abomasnow|40/100 tox|[from] psn
|upkeep
|turn|8
|
|t:|1717089744
|switch|p1a: Scizor|Scizor, F|58/100
|move|p2a: Abomasnow|Hidden Power|p1a: Scizor
|-supereffective|p1a: Scizor
|-damage|p1a: Scizor|0 fnt
|faint|p1a: Scizor
|
|-weather|Hail|[upkeep]
|-damage|p2a: Abomasnow|21/100 tox|[from] psn
|upkeep
|
|t:|1717089754
|switch|p1a: Starmie|Starmie|100/100
|-item|p1a: Starmie|Air Balloon
|turn|9
|
|t:|1717089760
|switch|p2a: Kyurem|Kyurem-Black|71/100
|-ability|p2a: Kyurem|Teravolt
|move|p1a: Starmie|Ice Beam|p2a: Kyurem
|-damage|p2a: Kyurem|47/100
|
|-weather|Hail|[upkeep]
|-damage|p1a: Starmie|94/100|[from] Hail
|upkeep
|turn|10
|
|t:|1717089772
|switch|p1a: Thundurus|Thundurus-Therian, M|100/100
|move|p2a: Kyurem|Substitute|p2a: Kyurem
|-start|p2a: Kyurem|Substitute
|-damage|p2a: Kyurem|22/100
|
|-weather|Hail|[upkeep]
|-damage|p1a: Thundurus|94/100|[from] Hail
|-heal|p1a: Thundurus|100/100|[from] item: Leftovers
|upkeep
|turn|11
|
|t:|1717089785
|move|p1a: Thundurus|Focus Blast|p2a: Kyurem|[miss]
|-miss|p1a: Thundurus|p2a: Kyurem
|move|p2a: Kyurem|Freeze Shock||[still]
|-prepare|p2a: Kyurem|Freeze Shock
|-enditem|p2a: Kyurem|Power Herb
|-anim|p2a: Kyurem|Freeze Shock|p1a: Thundurus
|-supereffective|p1a: Thundurus
|-damage|p1a: Thundurus|0 fnt
|faint|p1a: Thundurus
|
|-weather|Hail|[upkeep]
|upkeep
|
|t:|1717089790
|switch|p1a: Starmie|Starmie|94/100
|-item|p1a: Starmie|Air Balloon
|turn|12
|
|t:|1717089799
|move|p1a: Starmie|Ice Beam|p2a: Kyurem
|-end|p2a: Kyurem|Substitute
|move|p2a: Kyurem|Fusion Bolt|p1a: Starmie
|-supereffective|p1a: Starmie
|-damage|p1a: Starmie|0 fnt
|-enditem|p1a: Starmie|Air Balloon
|faint|p1a: Starmie
|
|-weather|Hail|[upkeep]
|upkeep
|
|t:|1717089801
|switch|p1a: Keldeo|Keldeo-Resolute|100/100
|turn|13
|
|t:|1717089820
|move|p1a: Keldeo|Secret Sword|p2a: Kyurem
|-supereffective|p2a: Kyurem
|-damage|p2a: Kyurem|0 fnt
|faint|p2a: Kyurem
|
|-weather|Hail|[upkeep]
|-damage|p1a: Keldeo|94/100|[from] Hail
|upkeep
|
|t:|1717089850
|switch|p2a: Starmie|Starmie|100/100
|-item|p2a: Starmie|Air Balloon
|turn|14
|
|t:|1717089855
|switch|p1a: Ferrothorn|Ferrothorn, M|56/100
|move|p2a: Starmie|Thunderbolt|p1a: Ferrothorn
|-resisted|p1a: Ferrothorn
|-damage|p1a: Ferrothorn|43/100
|
|-weather|Hail|[upkeep]
|-damage|p2a: Starmie|94/100|[from] Hail
|-damage|p1a: Ferrothorn|37/100|[from] Hail
|upkeep
|turn|15
|
|t:|1717089864
|move|p2a: Starmie|Hidden Power|p1a: Ferrothorn
|-supereffective|p1a: Ferrothorn
|-damage|p1a: Ferrothorn|0 fnt
|faint|p1a: Ferrothorn
|
|-weather|Hail|[upkeep]
|-damage|p2a: Starmie|88/100|[from] Hail
|upkeep
|
|t:|1717089867
|switch|p1a: Politoed|Politoed, M|30/100
|-weather|RainDance|[from] ability: Drizzle|[of] p1a: Politoed
|turn|16
|
|t:|1717089875
|switch|p1a: Keldeo|Keldeo-Resolute|94/100
|move|p2a: Starmie|Thunderbolt|p1a: Keldeo
|-supereffective|p1a: Keldeo
|-damage|p1a: Keldeo|14/100
|
|-weather|RainDance|[upkeep]
|upkeep
|turn|17
|
|t:|1717089888
|switch|p2a: Abomasnow|Abomasnow, F|21/100 tox
|-weather|Hail|[from] ability: Snow Warning|[of] p2a: Abomasnow
|move|p1a: Keldeo|Hydro Pump|p2a: Abomasnow
|-resisted|p2a: Abomasnow
|-damage|p2a: Abomasnow|0 fnt
|faint|p2a: Abomasnow
|
|-weather|Hail|[upkeep]
|-damage|p1a: Keldeo|8/100|[from] Hail
|upkeep
|
|t:|1717089912
|switch|p2a: Jirachi|Jirachi|100/100
|turn|18
|
|t:|1717089916
|switch|p1a: Politoed|Politoed, M|30/100
|-weather|RainDance|[from] ability: Drizzle|[of] p1a: Politoed
|move|p2a: Jirachi|Stealth Rock|p1a: Politoed
|-sidestart|p1: nnnbit7|move: Stealth Rock
|
|-weather|RainDance|[upkeep]
|-heal|p1a: Politoed|36/100|[from] item: Leftovers
|upkeep
|turn|19
|
|t:|1717089926
|move|p2a: Jirachi|U-turn|p1a: Politoed
|-damage|p1a: Politoed|22/100
|
|t:|1717089937
|switch|p2a: Starmie|Starmie|88/100|[from] U-turn
|-item|p2a: Starmie|Air Balloon
|move|p1a: Politoed|Scald|p2a: Starmie
|-resisted|p2a: Starmie
|-crit|p2a: Starmie
|-damage|p2a: Starmie|29/100
|-enditem|p2a: Starmie|Air Balloon
|
|-weather|RainDance|[upkeep]
|-heal|p1a: Politoed|28/100|[from] item: Leftovers
|upkeep
|turn|20
|
|t:|1717089950
|move|p1a: Politoed|Protect|p1a: Politoed
|-singleturn|p1a: Politoed|Protect
|move|p2a: Starmie|Thunderbolt|p1a: Politoed
|-activate|p1a: Politoed|move: Protect
|
|-weather|RainDance|[upkeep]
|-heal|p1a: Politoed|34/100|[from] item: Leftovers
|upkeep
|turn|21
|
|t:|1717089974
|move|p1a: Politoed|Protect|p1a: Politoed
|-singleturn|p1a: Politoed|Protect
|move|p2a: Starmie|Thunderbolt|p1a: Politoed
|-activate|p1a: Politoed|move: Protect
|
|-weather|RainDance|[upkeep]
|-heal|p1a: Politoed|40/100|[from] item: Leftovers
|upkeep
|turn|22
|
|t:|1717089982
|move|p1a: Politoed|Protect||[still]
|-fail|p1a: Politoed
|move|p2a: Starmie|Thunderbolt|p1a: Politoed
|-supereffective|p1a: Politoed
|-damage|p1a: Politoed|0 fnt
|faint|p1a: Politoed
|
|-weather|RainDance|[upkeep]
|upkeep
|
|t:|1717089984
|switch|p1a: Keldeo|Keldeo-Resolute|8/100
|-damage|p1a: Keldeo|1/100|[from] Stealth Rock
|turn|23
|
|t:|1717089999
|move|p1a: Keldeo|Hydro Pump|p2a: Starmie
|-resisted|p2a: Starmie
|-damage|p2a: Starmie|0 fnt
|faint|p2a: Starmie
|
|-weather|RainDance|[upkeep]
|upkeep
|
|t:|1717090019
|switch|p2a: Latios|Latios, M|67/100 tox
|turn|24
|
|t:|1717090023
|move|p1a: Keldeo|Hydro Pump|p2a: Latios
|-resisted|p2a: Latios
|-damage|p2a: Latios|21/100 tox
|move|p2a: Latios|Surf|p1a: Keldeo
|-resisted|p1a: Keldeo
|-crit|p1a: Keldeo
|-damage|p1a: Keldeo|0 fnt
|faint|p1a: Keldeo
|
|win|BWVC BookofConke
|raw|nnnbit7's rating: 1485 &rarr; <strong>1460</strong><br />(-25 for losing)
|raw|BWVC BookofConke's rating: 1399 &rarr; <strong>1424</strong><br />(+25 for winning)
|c|☆nnnbit7|gg
|l|☆nnnbit7
|player|p1|
|c|☆BWVC BookofConke|gg
