|j|☆Ahmad Alfatih
|j|☆North Garden
|player|p1|Ahmad Alfatih|265|1308
|player|p2|North Garden|170|1498
|teamsize|p1|6
|teamsize|p2|6
|gametype|singles
|gen|5
|tier|[Gen 5] OU
|rated|
|rule|Sleep Clause Mod: Limit one foe put to sleep
|rule|Species Clause: Limit one of each Pokémon
|rule|OHKO Clause: OHKO moves are banned
|rule|Moody Clause: Moody is banned
|rule|Evasion Moves Clause: Evasion moves are banned
|rule|Endless Battle Clause: Forcing endless battles is banned
|rule|HP Percentage Mod: HP is shown in percentages
|rule|Evasion Abilities Clause: Evasion abilities are banned
|rule|Baton Pass Clause: Limit one Baton Passer, can't pass Spe and other stats simultaneously
|rule|Swagger Clause: Swagger is banned
|clearpoke
|poke|p1|Politoed, F|item
|poke|p1|Jirachi|item
|poke|p1|Landorus-Therian, M|item
|poke|p1|Volcarona, M|item
|poke|p1|Ferrothorn, F|item
|poke|p1|Tentacruel, F|item
|poke|p2|Alakazam, M|item
|poke|p2|Amoonguss, F|item
|poke|p2|Jellicent, F|item
|poke|p2|Garchomp, F|item
|poke|p2|Tyranitar, M|item
|poke|p2|Skarmory, M|item
|teampreview
|inactive|Battle timer is ON: inactive players will automatically lose when time's up. (requested by North Garden)
|
|start
|switch|p1a: JIRAYA|Politoed, F|100/100
|switch|p2a: Amoonguss|Amoonguss, F, shiny|100/100
|-weather|RainDance|[from] ability: Drizzle|[of] p1a: JIRAYA
|turn|1
|
|move|p1a: JIRAYA|Hypnosis|p2a: Amoonguss
|-status|p2a: Amoonguss|slp|[from] move: Hypnosis
|cant|p2a: Amoonguss|slp
|
|-weather|RainDance|[upkeep]
|upkeep
|turn|2
|
|switch|p1a: TYRION|Ferrothorn, F|100/100
|cant|p2a: Amoonguss|slp
|
|-weather|RainDance|[upkeep]
|upkeep
|turn|3
|
|-curestatus|p2a: Amoonguss|slp|[msg]
|move|p2a: Amoonguss|Spore|p1a: TYRION
|-status|p1a: TYRION|slp|[from] move: Spore
|cant|p1a: TYRION|slp
|
|-weather|RainDance|[upkeep]
|upkeep
|turn|4
|
|switch|p2a: Tyranitar|Tyranitar, M|100/100
|-weather|Sandstorm|[from] ability: Sand Stream|[of] p2a: Tyranitar
|switch|p1a: ARKANES|Landorus-Therian, M|100/100
|-ability|p1a: ARKANES|Intimidate|boost
|-unboost|p2a: Tyranitar|atk|1
|
|-weather|Sandstorm|[upkeep]
|upkeep
|turn|5
|
|move|p1a: ARKANES|Stealth Rock|p2a: Tyranitar
|-sidestart|p2: North Garden|move: Stealth Rock
|move|p2a: Tyranitar|Stealth Rock|p1a: ARKANES
|-sidestart|p1: Ahmad Alfatih|move: Stealth Rock
|
|-weather|Sandstorm|[upkeep]
|upkeep
|turn|6
|
|switch|p2a: Skarmory|Skarmory, M|100/100
|-damage|p2a: Skarmory|88/100|[from] Stealth Rock
|move|p1a: ARKANES|U-turn|p2a: Skarmory
|-resisted|p2a: Skarmory
|-damage|p2a: Skarmory|84/100
|
|switch|p1a: TYWIN|Tentacruel, F|100/100|[from]move: U-turn
|-damage|p1a: TYWIN|88/100|[from] Stealth Rock
|
|-weather|Sandstorm|[upkeep]
|-damage|p1a: TYWIN|82/100|[from] Sandstorm
|-heal|p1a: TYWIN|88/100|[from] item: Black Sludge
|-heal|p2a: Skarmory|90/100|[from] item: Leftovers
|upkeep
|turn|7
|
|move|p1a: TYWIN|Rapid Spin|p2a: Skarmory
|-resisted|p2a: Skarmory
|-crit|p2a: Skarmory
|-damage|p2a: Skarmory|88/100
|-sideend|p1: Ahmad Alfatih|Stealth Rock|[from] move: Rapid Spin|[of] p1a: TYWIN
|move|p2a: Skarmory|Brave Bird|p1a: TYWIN
|-damage|p1a: TYWIN|54/100
|-damage|p2a: Skarmory|76/100|[from] Recoil
|
|-weather|Sandstorm|[upkeep]
|-damage|p1a: TYWIN|48/100|[from] Sandstorm
|-heal|p1a: TYWIN|54/100|[from] item: Black Sludge
|-heal|p2a: Skarmory|82/100|[from] item: Leftovers
|upkeep
|turn|8
|
|switch|p1a: JIRAYA|Politoed, F|100/100
|-weather|RainDance|[from] ability: Drizzle|[of] p1a: JIRAYA
|move|p2a: Skarmory|Spikes|p1a: JIRAYA
|-sidestart|p1: Ahmad Alfatih|Spikes
|
|-weather|RainDance|[upkeep]
|-heal|p2a: Skarmory|88/100|[from] item: Leftovers
|upkeep
|turn|9
|
|switch|p2a: Amoonguss|Amoonguss, F, shiny|100/100
|-damage|p2a: Amoonguss|88/100|[from] Stealth Rock
|move|p1a: JIRAYA|Hydro Pump|p2a: Amoonguss
|-resisted|p2a: Amoonguss
|-damage|p2a: Amoonguss|63/100
|
|-weather|RainDance|[upkeep]
|-heal|p2a: Amoonguss|69/100|[from] item: Black Sludge
|upkeep
|turn|10
|
|switch|p1a: TYRION|Ferrothorn, F|100/100 slp
|-damage|p1a: TYRION|88/100 slp|[from] Spikes
|move|p2a: Amoonguss|Giga Drain|p1a: TYRION
|-resisted|p1a: TYRION
|-damage|p1a: TYRION|84/100 slp
|-heal|p2a: Amoonguss|71/100|[from] drain|[of] p1a: TYRION
|
|-weather|RainDance|[upkeep]
|-heal|p2a: Amoonguss|77/100|[from] item: Black Sludge
|-heal|p1a: TYRION|90/100 slp|[from] item: Leftovers
|upkeep
|turn|11
|
|switch|p2a: Tyranitar|Tyranitar, M|100/100
|-damage|p2a: Tyranitar|88/100|[from] Stealth Rock
|-weather|Sandstorm|[from] ability: Sand Stream|[of] p2a: Tyranitar
|cant|p1a: TYRION|slp
|
|-weather|Sandstorm|[upkeep]
|-heal|p1a: TYRION|97/100 slp|[from] item: Leftovers
|upkeep
|turn|12
|
|move|p2a: Tyranitar|Fire Blast|p1a: TYRION
|-supereffective|p1a: TYRION
|-damage|p1a: TYRION|26/100 slp
|cant|p1a: TYRION|slp
|
|-weather|Sandstorm|[upkeep]
|-heal|p1a: TYRION|32/100 slp|[from] item: Leftovers
|upkeep
|turn|13
|
|switch|p1a: ARKANES|Landorus-Therian, M|100/100
|-ability|p1a: ARKANES|Intimidate|boost
|-unboost|p2a: Tyranitar|atk|1
|move|p2a: Tyranitar|Crunch|p1a: ARKANES
|-damage|p1a: ARKANES|80/100
|-unboost|p1a: ARKANES|def|1
|
|-weather|Sandstorm|[upkeep]
|upkeep
|turn|14
|
|switch|p2a: Skarmory|Skarmory, M|88/100
|-damage|p2a: Skarmory|76/100|[from] Stealth Rock
|move|p1a: ARKANES|Earthquake|p2a: Skarmory
|-immune|p2a: Skarmory
|
|-weather|Sandstorm|[upkeep]
|-heal|p2a: Skarmory|82/100|[from] item: Leftovers
|upkeep
|turn|15
|
|move|p1a: ARKANES|U-turn|p2a: Skarmory
|-resisted|p2a: Skarmory
|-crit|p2a: Skarmory
|-damage|p2a: Skarmory|74/100
|
|switch|p1a: JIRAYA|Politoed, F|100/100|[from]move: U-turn
|-damage|p1a: JIRAYA|88/100|[from] Spikes
|-weather|RainDance|[from] ability: Drizzle|[of] p1a: JIRAYA
|move|p2a: Skarmory|Spikes|p1a: JIRAYA
|-sidestart|p1: Ahmad Alfatih|Spikes
|
|-weather|RainDance|[upkeep]
|-heal|p2a: Skarmory|80/100|[from] item: Leftovers
|upkeep
|turn|16
|
|switch|p1a: TYWIN|Tentacruel, F|54/100
|-damage|p1a: TYWIN|37/100|[from] Spikes
|switch|p2a: Tyranitar|Tyranitar, M|88/100
|-damage|p2a: Tyranitar|76/100|[from] Stealth Rock
|-weather|Sandstorm|[from] ability: Sand Stream|[of] p2a: Tyranitar
|
|-weather|Sandstorm|[upkeep]
|-damage|p1a: TYWIN|31/100|[from] Sandstorm
|-heal|p1a: TYWIN|37/100|[from] item: Black Sludge
|upkeep
|turn|17
|
|switch|p2a: Jellicent|Jellicent, F|100/100
|-damage|p2a: Jellicent|88/100|[from] Stealth Rock
|move|p1a: TYWIN|Rapid Spin|p2a: Jellicent
|-immune|p2a: Jellicent
|
|-weather|Sandstorm|[upkeep]
|-damage|p1a: TYWIN|31/100|[from] Sandstorm
|-damage|p2a: Jellicent|82/100|[from] Sandstorm
|-heal|p1a: TYWIN|37/100|[from] item: Black Sludge
|-heal|p2a: Jellicent|88/100|[from] item: Leftovers
|upkeep
|turn|18
|
|move|p1a: TYWIN|Toxic|p2a: Jellicent
|-status|p2a: Jellicent|tox
|move|p2a: Jellicent|Will-O-Wisp|p1a: TYWIN|[miss]
|-miss|p2a: Jellicent|p1a: TYWIN
|
|-weather|Sandstorm|[upkeep]
|-damage|p1a: TYWIN|31/100|[from] Sandstorm
|-damage|p2a: Jellicent|82/100 tox|[from] Sandstorm
|-heal|p1a: TYWIN|37/100|[from] item: Black Sludge
|-heal|p2a: Jellicent|88/100 tox|[from] item: Leftovers
|-damage|p2a: Jellicent|82/100 tox|[from] psn
|upkeep
|turn|19
|
|move|p1a: TYWIN|Rapid Spin|p2a: Jellicent
|-immune|p2a: Jellicent
|move|p2a: Jellicent|Will-O-Wisp|p1a: TYWIN|[miss]
|-miss|p2a: Jellicent|p1a: TYWIN
|
|-weather|Sandstorm|[upkeep]
|-damage|p1a: TYWIN|31/100|[from] Sandstorm
|-damage|p2a: Jellicent|76/100 tox|[from] Sandstorm
|-heal|p1a: TYWIN|37/100|[from] item: Black Sludge
|-heal|p2a: Jellicent|82/100 tox|[from] item: Leftovers
|-damage|p2a: Jellicent|69/100 tox|[from] psn
|upkeep
|turn|20
|
|move|p1a: TYWIN|Rapid Spin|p2a: Jellicent
|-immune|p2a: Jellicent
|move|p2a: Jellicent|Will-O-Wisp|p1a: TYWIN
|-status|p1a: TYWIN|brn
|
|-weather|Sandstorm|[upkeep]
|-damage|p1a: TYWIN|31/100 brn|[from] Sandstorm
|-damage|p2a: Jellicent|63/100 tox|[from] Sandstorm
|-heal|p1a: TYWIN|37/100 brn|[from] item: Black Sludge
|-heal|p2a: Jellicent|69/100 tox|[from] item: Leftovers
|-damage|p1a: TYWIN|25/100 brn|[from] brn
|-damage|p2a: Jellicent|51/100 tox|[from] psn
|upkeep
|turn|21
|
|move|p1a: TYWIN|Rapid Spin|p2a: Jellicent
|-immune|p2a: Jellicent
|move|p2a: Jellicent|Recover|p2a: Jellicent
|-heal|p2a: Jellicent|100/100 tox
|
|-weather|Sandstorm|[upkeep]
|-damage|p1a: TYWIN|19/100 brn|[from] Sandstorm
|-damage|p2a: Jellicent|94/100 tox|[from] Sandstorm
|-heal|p1a: TYWIN|25/100 brn|[from] item: Black Sludge
|-heal|p2a: Jellicent|100/100 tox|[from] item: Leftovers
|-damage|p1a: TYWIN|13/100 brn|[from] brn
|-damage|p2a: Jellicent|76/100 tox|[from] psn
|upkeep
|turn|22
|
|move|p1a: TYWIN|Rapid Spin|p2a: Jellicent
|-immune|p2a: Jellicent
|move|p2a: Jellicent|Scald|p1a: TYWIN
|-resisted|p1a: TYWIN
|-damage|p1a: TYWIN|3/100 brn
|
|-weather|Sandstorm|[upkeep]
|-damage|p1a: TYWIN|0 fnt|[from] Sandstorm
|-damage|p2a: Jellicent|69/100 tox|[from] Sandstorm
|faint|p1a: TYWIN
|-heal|p2a: Jellicent|76/100 tox|[from] item: Leftovers
|-damage|p2a: Jellicent|45/100 tox|[from] psn
|upkeep
|
|switch|p1a: BOLSONARO|Volcarona, M|100/100
|-damage|p1a: BOLSONARO|84/100|[from] Spikes
|turn|23
|
|move|p1a: BOLSONARO|Quiver Dance|p1a: BOLSONARO
|-boost|p1a: BOLSONARO|spa|1
|-boost|p1a: BOLSONARO|spd|1
|-boost|p1a: BOLSONARO|spe|1
|move|p2a: Jellicent|Scald|p1a: BOLSONARO
|-supereffective|p1a: BOLSONARO
|-damage|p1a: BOLSONARO|53/100
|
|-weather|Sandstorm|[upkeep]
|-damage|p1a: BOLSONARO|46/100|[from] Sandstorm
|-damage|p2a: Jellicent|38/100 tox|[from] Sandstorm
|-heal|p2a: Jellicent|45/100 tox|[from] item: Leftovers
|-damage|p2a: Jellicent|7/100 tox|[from] psn
|upkeep
|turn|24
|
|move|p1a: BOLSONARO|Quiver Dance|p1a: BOLSONARO
|-boost|p1a: BOLSONARO|spa|1
|-boost|p1a: BOLSONARO|spd|1
|-boost|p1a: BOLSONARO|spe|1
|move|p2a: Jellicent|Scald|p1a: BOLSONARO
|-supereffective|p1a: BOLSONARO
|-damage|p1a: BOLSONARO|19/100
|
|-weather|Sandstorm|[upkeep]
|-damage|p1a: BOLSONARO|13/100|[from] Sandstorm
|-damage|p2a: Jellicent|1/100 tox|[from] Sandstorm
|-heal|p2a: Jellicent|7/100 tox|[from] item: Leftovers
|-damage|p2a: Jellicent|0 fnt|[from] psn
|faint|p2a: Jellicent
|upkeep
|
|switch|p2a: Alakazam|Alakazam, M|100/100
|turn|25
|
|move|p1a: BOLSONARO|Giga Drain|p2a: Alakazam
|-damage|p2a: Alakazam|18/100
|-heal|p1a: BOLSONARO|47/100|[from] drain|[of] p2a: Alakazam
|move|p2a: Alakazam|Psychic|p1a: BOLSONARO
|-damage|p1a: BOLSONARO|22/100
|
|-weather|Sandstorm|[upkeep]
|-damage|p1a: BOLSONARO|16/100|[from] Sandstorm
|upkeep
|turn|26
|
|move|p1a: BOLSONARO|Giga Drain|p2a: Alakazam
|-damage|p2a: Alakazam|0 fnt
|-heal|p1a: BOLSONARO|23/100|[from] drain|[of] p2a: Alakazam
|faint|p2a: Alakazam
|
|-weather|Sandstorm|[upkeep]
|-damage|p1a: BOLSONARO|17/100|[from] Sandstorm
|upkeep
|
|switch|p2a: Garchomp|Garchomp, F|100/100
|-damage|p2a: Garchomp|94/100|[from] Stealth Rock
|turn|27
|
|move|p1a: BOLSONARO|Bug Buzz|p2a: Garchomp
|-crit|p2a: Garchomp
|-damage|p2a: Garchomp|0 fnt
|faint|p2a: Garchomp
|
|-weather|Sandstorm|[upkeep]
|-damage|p1a: BOLSONARO|10/100|[from] Sandstorm
|upkeep
|c|☆North Garden|LOL
|c|☆North Garden|ofc
|c|☆North Garden|ur actually so trash
|c|☆Ahmad Alfatih|you wont tank it
|c|☆North Garden|get out played
|c|☆North Garden|every turn
|c|☆Ahmad Alfatih|regardless
|c|☆North Garden|and get bailed ot
|c|☆North Garden|*out
|c|☆Ahmad Alfatih|Show me one turn
|c|☆North Garden|by luck
|c|☆North Garden|lmfao
|c|☆Ahmad Alfatih|you did outplay
|j| alpha male psyduck
|inactive|North Garden has 120 seconds left.
|-message|North Garden forfeited.
|
|win|Ahmad Alfatih
|c|☆North Garden|trash can
|raw|Ahmad Alfatih's rating: 1309 &rarr; <strong>1339</strong><br />(+30 for winning)
|raw|North Garden's rating: 1499 &rarr; <strong>1469</strong><br />(-30 for losing)
