|j|☆Fouge
|j|☆Shoka
|player|p1|Fouge|224
|player|p2|Shoka|226
|teamsize|p1|6
|teamsize|p2|6
|gametype|singles
|gen|5
|tier|[Gen 5] OU
|rated|
|rule|Sleep Clause Mod: Limit one foe put to sleep
|rule|Species Clause: Limit one of each Pokémon
|rule|OHKO Clause: OHKO moves are banned
|rule|Moody Clause: Moody is banned
|rule|Evasion Moves Clause: Evasion moves are banned
|rule|Endless Battle Clause: Forcing endless battles is banned
|rule|HP Percentage Mod: HP is shown in percentages
|rule|Evasion Abilities Clause: Evasion abilities are banned
|rule|Baton Pass Clause: Limit one Baton Passer, can't pass Spe and other stats simultaneously
|rule|Swagger Clause: Swagger is banned
|clearpoke
|poke|p1|Magnezone|item
|poke|p1|Kyurem-Black|item
|poke|p1|Garchomp, M|item
|poke|p1|Bisharp, M|item
|poke|p1|Reuniclus, M|item
|poke|p1|Salamence, M|item
|poke|p2|Alakazam, M|item
|poke|p2|Tyranitar, M|item
|poke|p2|Excadrill, M|item
|poke|p2|Landorus-Therian, M|item
|poke|p2|Ferrothorn, F|item
|poke|p2|Latios, M|item
|teampreview
|c|☆Fouge|Counterteam.
|c|☆Shoka|hf
|inactive|Battle timer is ON: inactive players will automatically lose when time's up. (requested by Shoka)
|inactive|Fouge has 120 seconds left.
|c|☆Fouge|Hf j etais au tel sry
|inactive|Fouge has 90 seconds left.
|
|start
|switch|p1a: Garchomp|Garchomp, M|100/100
|switch|p2a: Latios|Latios, M|100/100
|turn|1
|
|switch|p1a: Magnezone|Magnezone|100/100
|move|p2a: Latios|Dragon Pulse|p1a: Magnezone
|-resisted|p1a: Magnezone
|-damage|p1a: Magnezone|56/100
|
|upkeep
|turn|2
|c|☆Shoka|c'est ton kiff
|
|switch|p1a: Bisharp|Bisharp, M|100/100
|move|p2a: Latios|Dragon Pulse|p1a: Bisharp
|-resisted|p1a: Bisharp
|-damage|p1a: Bisharp|37/100
|
|upkeep
|turn|3
|c|☆Shoka|de me lacher ton trapper
|
|move|p1a: Bisharp|Sucker Punch|p2a: Latios
|-supereffective|p2a: Latios
|-damage|p2a: Latios|0 fnt
|-damage|p1a: Bisharp|27/100|[from] item: Life Orb
|faint|p2a: Latios
|
|upkeep
|
|switch|p2a: Excadrill|Excadrill, M|100/100
|turn|4
|c|☆Fouge|Ui
|c|☆Fouge|Avoue elle pete cette dragmag serieux
|c|☆Fouge|Mdr
|c|☆Fouge|Bien style
|inactive|Fouge has 120 seconds left.
|
|switch|p1a: Garchomp|Garchomp, M|100/100
|move|p2a: Excadrill|Iron Head|p1a: Garchomp
|-damage|p1a: Garchomp|51/100
|-damage|p2a: Excadrill|88/100|[from] ability: Rough Skin|[of] p1a: Garchomp
|
|upkeep
|turn|5
|
|switch|p2a: Landorus|Landorus-Therian, M|100/100
|-ability|p2a: Landorus|Intimidate|boost
|-unboost|p1a: Garchomp|atk|1
|move|p1a: Garchomp|Swords Dance|p1a: Garchomp
|-boost|p1a: Garchomp|atk|2
|
|upkeep
|turn|6
|
|move|p1a: Garchomp|Outrage|p2a: Landorus
|-enditem|p1a: Garchomp|Dragon Gem|[from] gem|[move] Outrage
|-damage|p2a: Landorus|0 fnt
|faint|p2a: Landorus
|
|upkeep
|
|switch|p2a: Alakazam|Alakazam, M|100/100
|turn|7
|
|move|p2a: Alakazam|Hidden Power|p1a: Garchomp
|-supereffective|p1a: Garchomp
|-damage|p1a: Garchomp|0 fnt
|faint|p1a: Garchomp
|
|upkeep
|
|switch|p1a: Bisharp|Bisharp, M|27/100
|turn|8
|
|-activate|p2a: Alakazam|move: Pursuit
|move|p1a: Bisharp|Pursuit|p2a: Alakazam|[from]Pursuit
|-supereffective|p2a: Alakazam
|-enditem|p2a: Alakazam|Focus Sash
|-damage|p2a: Alakazam|1/100
|-damage|p1a: Bisharp|17/100|[from] item: Life Orb
|switch|p2a: Excadrill|Excadrill, M|88/100
|
|upkeep
|turn|9
|
|move|p2a: Excadrill|Earthquake|p1a: Bisharp
|-supereffective|p1a: Bisharp
|-damage|p1a: Bisharp|0 fnt
|faint|p1a: Bisharp
|
|upkeep
|
|switch|p1a: Salamence|Salamence, M|100/100
|turn|10
|
|switch|p1a: Magnezone|Magnezone|56/100
|switch|p2a: Ferrothorn|Ferrothorn, F|100/100
|
|upkeep
|turn|11
|
|move|p1a: Magnezone|Hidden Power|p2a: Ferrothorn
|-supereffective|p2a: Ferrothorn
|-damage|p2a: Ferrothorn|30/100
|move|p2a: Ferrothorn|Leech Seed|p1a: Magnezone
|-start|p1a: Magnezone|move: Leech Seed
|
|-heal|p2a: Ferrothorn|36/100|[from] item: Leftovers
|-damage|p1a: Magnezone|44/100|[from] Leech Seed|[of] p2a: Ferrothorn
|-heal|p2a: Ferrothorn|47/100|[silent]
|upkeep
|turn|12
|
|move|p2a: Ferrothorn|Protect|p2a: Ferrothorn
|-singleturn|p2a: Ferrothorn|Protect
|move|p1a: Magnezone|Hidden Power|p2a: Ferrothorn
|-activate|p2a: Ferrothorn|move: Protect
|
|-heal|p2a: Ferrothorn|54/100|[from] item: Leftovers
|-damage|p1a: Magnezone|32/100|[from] Leech Seed|[of] p2a: Ferrothorn
|-heal|p2a: Ferrothorn|65/100|[silent]
|upkeep
|turn|13
|c|☆Shoka|j'ai besoin
|c|☆Shoka|de la deuxieme protec
|c|☆Shoka|stp.
|
|move|p2a: Ferrothorn|Protect||[still]
|-fail|p2a: Ferrothorn
|move|p1a: Magnezone|Hidden Power|p2a: Ferrothorn
|-supereffective|p2a: Ferrothorn
|-damage|p2a: Ferrothorn|0 fnt
|faint|p2a: Ferrothorn
|
|upkeep
|c|☆Fouge|Nope.
|
|switch|p2a: Tyranitar|Tyranitar, M|100/100
|-weather|Sandstorm|[from] ability: Sand Stream|[of] p2a: Tyranitar
|turn|14
|c|☆Fouge|Jamais.
|
|move|p1a: Magnezone|Flash Cannon|p2a: Tyranitar
|-supereffective|p2a: Tyranitar
|-damage|p2a: Tyranitar|59/100
|-unboost|p2a: Tyranitar|spd|1
|move|p2a: Tyranitar|Stealth Rock|p1a: Magnezone
|-sidestart|p1: Fouge|move: Stealth Rock
|
|-weather|Sandstorm|[upkeep]
|-damage|p1a: Magnezone|19/100|[from] Leech Seed|[of] p2a: Tyranitar
|-heal|p2a: Tyranitar|69/100|[silent]
|upkeep
|turn|15
|
|switch|p2a: Excadrill|Excadrill, M|88/100
|move|p1a: Magnezone|Flash Cannon|p2a: Excadrill
|-resisted|p2a: Excadrill
|-damage|p2a: Excadrill|61/100
|-unboost|p2a: Excadrill|spd|1
|
|-weather|Sandstorm|[upkeep]
|-damage|p1a: Magnezone|7/100|[from] Leech Seed|[of] p2a: Excadrill
|-heal|p2a: Excadrill|72/100|[silent]
|upkeep
|turn|16
|
|move|p2a: Excadrill|Iron Head|p1a: Magnezone
|-resisted|p1a: Magnezone
|-damage|p1a: Magnezone|0 fnt
|faint|p1a: Magnezone
|
|-weather|Sandstorm|[upkeep]
|upkeep
|
|switch|p1a: Salamence|Salamence, M|100/100
|-damage|p1a: Salamence|75/100|[from] Stealth Rock
|turn|17
|
|move|p1a: Salamence|Earthquake|p2a: Excadrill
|-supereffective|p2a: Excadrill
|-damage|p2a: Excadrill|0 fnt
|faint|p2a: Excadrill
|-ability|p1a: Salamence|Moxie|boost
|-boost|p1a: Salamence|atk|1
|
|-weather|Sandstorm|[upkeep]
|-damage|p1a: Salamence|69/100|[from] Sandstorm
|upkeep
|
|switch|p2a: Tyranitar|Tyranitar, M|69/100
|turn|18
|c|☆Fouge|Gg tonton
|c|☆Shoka|gg
|
|move|p1a: Salamence|Earthquake|p2a: Tyranitar
|-supereffective|p2a: Tyranitar
|-damage|p2a: Tyranitar|0 fnt
|faint|p2a: Tyranitar
|-ability|p1a: Salamence|Moxie|boost
|-boost|p1a: Salamence|atk|1
|
|-weather|Sandstorm|[upkeep]
|-damage|p1a: Salamence|63/100|[from] Sandstorm
|upkeep
|-message|Shoka forfeited.
|
|win|Fouge
|l|☆Shoka
|raw|Fouge's rating: 1475 &rarr; <strong>1502</strong><br />(+27 for winning)
|raw|Shoka's rating: 1592 &rarr; <strong>1566</strong><br />(-26 for losing)
