|badge|p2|silver|gen9nu|30-3
|uhtml|medal-msg|<div class="broadcast-blue">Curious what those medals under the avatar are? PS now has Ladder Seasons! For more information, check out the <a href="https://www.smogon.com/forums/threads/3740067/">thread on Smogon.</a></div>
|j|☆Profesor Turo
|j|☆Paldean Goat
|t:|1731965280
|gametype|singles
|player|p1|Profesor Turo|turo-ai|1281
|player|p2|Paldean Goat|kris-gen2|1314
|teamsize|p1|6
|teamsize|p2|6
|gen|5
|tier|[Gen 5] OU
|rated|
|rule|Species Clause: Limit one of each Pokémon
|rule|OHKO Clause: OHKO moves are banned
|rule|Moody Clause: Moody is banned
|rule|Evasion Items Clause: Evasion items are banned
|rule|Evasion Moves Clause: Evasion moves are banned
|rule|Endless Battle Clause: Forcing endless battles is banned
|rule|HP Percentage Mod: HP is shown in percentages
|rule|Evasion Abilities Clause: Evasion abilities are banned
|rule|Sleep Moves Clause: Sleep-inducing moves are banned
|rule|Swagger Clause: Swagger is banned
|rule|Baton Pass Stat Clause: No Baton Passer may have a way to boost its stats
|clearpoke
|poke|p1|Alakazam, F|item
|poke|p1|Omastar, M|item
|poke|p1|Heracross, M|item
|poke|p1|Latios, M|item
|poke|p1|Volcarona, F|item
|poke|p1|Yanmega, M|item
|poke|p2|Tyranitar, M|item
|poke|p2|Gliscor, M|item
|poke|p2|Heatran, M|item
|poke|p2|Starmie|item
|poke|p2|Ferrothorn, M|item
|poke|p2|Alakazam, F|item
|teampreview
|inactive|Battle timer is ON: inactive players will automatically lose when time's up. (requested by Profesor Turo)
|
|t:|1731965301
|start
|switch|p1a: Lord Helix|Omastar, M|100/100
|switch|p2a: Gliscor|Gliscor, M|100/100
|turn|1
|
|t:|1731965313
|move|p2a: Gliscor|U-turn|p1a: Lord Helix
|-damage|p1a: Lord Helix|84/100
|-ability|p1a: Lord Helix|Weak Armor|boost
|-unboost|p1a: Lord Helix|def|1
|-boost|p1a: Lord Helix|spe|1
|
|t:|1731965315
|switch|p2a: Ferrothorn|Ferrothorn, M|100/100|[from] U-turn
|move|p1a: Lord Helix|Shell Smash|p1a: Lord Helix
|-unboost|p1a: Lord Helix|def|1
|-unboost|p1a: Lord Helix|spd|1
|-boost|p1a: Lord Helix|atk|2
|-boost|p1a: Lord Helix|spa|2
|-boost|p1a: Lord Helix|spe|2
|
|upkeep
|turn|2
|
|t:|1731965319
|move|p1a: Lord Helix|Ice Beam|p2a: Ferrothorn
|-damage|p2a: Ferrothorn|58/100
|-status|p2a: Ferrothorn|frz
|cant|p2a: Ferrothorn|frz
|
|-heal|p2a: Ferrothorn|64/100 frz|[from] item: Leftovers
|upkeep
|turn|3
|
|t:|1731965324
|move|p1a: Lord Helix|Shell Smash|p1a: Lord Helix
|-unboost|p1a: Lord Helix|def|1
|-unboost|p1a: Lord Helix|spd|1
|-boost|p1a: Lord Helix|atk|2
|-boost|p1a: Lord Helix|spa|2
|-boost|p1a: Lord Helix|spe|2
|cant|p2a: Ferrothorn|frz
|
|-heal|p2a: Ferrothorn|70/100 frz|[from] item: Leftovers
|upkeep
|turn|4
|
|t:|1731965326
|move|p1a: Lord Helix|Ice Beam|p2a: Ferrothorn
|-damage|p2a: Ferrothorn|11/100 frz
|cant|p2a: Ferrothorn|frz
|
|-heal|p2a: Ferrothorn|17/100 frz|[from] item: Leftovers
|upkeep
|turn|5
|
|t:|1731965330
|move|p1a: Lord Helix|Ancient Power|p2a: Ferrothorn
|-resisted|p2a: Ferrothorn
|-damage|p2a: Ferrothorn|0 fnt
|faint|p2a: Ferrothorn
|
|upkeep
|c|☆Paldean Goat|fun game
|c|☆Profesor Turo|calculated
|
|t:|1731965351
|switch|p2a: Starmie|Starmie|100/100
|turn|6
|
|t:|1731965353
|move|p1a: Lord Helix|Ancient Power|p2a: Starmie
|-damage|p2a: Starmie|0 fnt
|faint|p2a: Starmie
|
|upkeep
|
|t:|1731965356
|switch|p2a: Alakazam|Alakazam, F|100/100
|turn|7
|
|t:|1731965362
|move|p1a: Lord Helix|Ice Beam|p2a: Alakazam
|-enditem|p2a: Alakazam|Focus Sash
|-damage|p2a: Alakazam|1/100
|move|p2a: Alakazam|Psychic|p1a: Lord Helix
|-damage|p1a: Lord Helix|0 fnt
|faint|p1a: Lord Helix
|
|upkeep
|
|t:|1731965369
|switch|p1a: Flinchinator|Yanmega, M, shiny|100/100
|turn|8
|
|t:|1731965378
|switch|p2a: Tyranitar|Tyranitar, M|100/100
|-weather|Sandstorm|[from] ability: Sand Stream|[of] p2a: Tyranitar
|move|p1a: Flinchinator|Protect||[still]
|-fail|p1a: Flinchinator
|
|-weather|Sandstorm|[upkeep]
|-damage|p1a: Flinchinator|94/100|[from] Sandstorm
|-ability|p1a: Flinchinator|Speed Boost|boost
|-boost|p1a: Flinchinator|spe|1
|upkeep
|turn|9
|
|t:|1731965382
|move|p1a: Flinchinator|Bug Buzz|p2a: Tyranitar
|-supereffective|p2a: Tyranitar
|-damage|p2a: Tyranitar|7/100
|-damage|p1a: Flinchinator|85/100|[from] item: Life Orb
|move|p2a: Tyranitar|Rock Slide|p1a: Flinchinator
|-supereffective|p1a: Flinchinator
|-damage|p1a: Flinchinator|0 fnt
|faint|p1a: Flinchinator
|
|-weather|Sandstorm|[upkeep]
|upkeep
|c|☆Paldean Goat|went from up 6-5 to down 3-6 bc of freeze
|inactive|Profesor Turo has 120 seconds left.
|c|☆Paldean Goat|epic
|
|t:|1731965414
|switch|p1a: The Cross|Heracross, M|100/100
|turn|10
|
|t:|1731965419
|move|p1a: The Cross|Stone Edge|p2a: Tyranitar
|-damage|p2a: Tyranitar|0 fnt
|faint|p2a: Tyranitar
|-ability|p1a: The Cross|Moxie|boost
|-boost|p1a: The Cross|atk|1
|
|-weather|Sandstorm|[upkeep]
|-damage|p1a: The Cross|95/100|[from] Sandstorm
|upkeep
|c|☆Profesor Turo|lord helix always saves
|
|t:|1731965435
|switch|p2a: Alakazam|Alakazam, F|1/100
|turn|11
|
|t:|1731965444
|move|p1a: The Cross|Stone Edge|p2a: Alakazam
|-crit|p2a: Alakazam
|-damage|p2a: Alakazam|0 fnt
|faint|p2a: Alakazam
|-ability|p1a: The Cross|Moxie|boost
|-boost|p1a: The Cross|atk|1
|
|-weather|Sandstorm|[upkeep]
|-damage|p1a: The Cross|89/100|[from] Sandstorm
|upkeep
|
|t:|1731965450
|switch|p2a: Heatran|Heatran, M|100/100
|-item|p2a: Heatran|Air Balloon
|turn|12
|
|t:|1731965452
|move|p1a: The Cross|Stone Edge|p2a: Heatran
|-damage|p2a: Heatran|36/100
|-enditem|p2a: Heatran|Air Balloon
|move|p2a: Heatran|Magma Storm|p1a: The Cross
|-supereffective|p1a: The Cross
|-damage|p1a: The Cross|0 fnt
|faint|p1a: The Cross
|
|-weather|Sandstorm|[upkeep]
|upkeep
|c|☆Paldean Goat|3/3
|
|t:|1731965457
|switch|p1a: Minty Man|Latios, M, shiny|100/100
|turn|13
|
|t:|1731965464
|move|p1a: Minty Man|Surf|p2a: Heatran
|-supereffective|p2a: Heatran
|-damage|p2a: Heatran|0 fnt
|faint|p2a: Heatran
|
|-weather|Sandstorm|[upkeep]
|-damage|p1a: Minty Man|95/100|[from] Sandstorm
|upkeep
|c|☆Paldean Goat|what a fucking game
|
|t:|1731965471
|switch|p2a: Gliscor|Gliscor, M|100/100
|turn|14
|
|t:|1731965473
|move|p2a: Gliscor|Protect|p2a: Gliscor
|-singleturn|p2a: Gliscor|Protect
|move|p1a: Minty Man|Surf|p2a: Gliscor
|-activate|p2a: Gliscor|move: Protect
|
|-weather|Sandstorm|[upkeep]
|-damage|p1a: Minty Man|89/100|[from] Sandstorm
|-status|p2a: Gliscor|tox|[from] item: Toxic Orb
|upkeep
|turn|15
|
|t:|1731965475
|move|p1a: Minty Man|Surf|p2a: Gliscor
|-supereffective|p2a: Gliscor
|-damage|p2a: Gliscor|29/100 tox
|move|p2a: Gliscor|U-turn|p1a: Minty Man
|-supereffective|p1a: Minty Man
|-damage|p1a: Minty Man|47/100
|
|-weather|Sandstorm|[upkeep]
|-damage|p1a: Minty Man|41/100|[from] Sandstorm
|-heal|p2a: Gliscor|41/100 tox|[from] ability: Poison Heal
|upkeep
|turn|16
|
|t:|1731965478
|move|p2a: Gliscor|Protect|p2a: Gliscor
|-singleturn|p2a: Gliscor|Protect
|move|p1a: Minty Man|Surf|p2a: Gliscor
|-activate|p2a: Gliscor|move: Protect
|
|-weather|Sandstorm|[upkeep]
|-damage|p1a: Minty Man|35/100|[from] Sandstorm
|-heal|p2a: Gliscor|54/100 tox|[from] ability: Poison Heal
|upkeep
|turn|17
|c|☆Profesor Turo|Gg wp
|
|t:|1731965481
|move|p2a: Gliscor|Protect||[still]
|-fail|p2a: Gliscor
|move|p1a: Minty Man|Surf|p2a: Gliscor
|-supereffective|p2a: Gliscor
|-crit|p2a: Gliscor
|-damage|p2a: Gliscor|0 fnt
|faint|p2a: Gliscor
|
|win|Profesor Turo
|raw|Profesor Turo's rating: 1281 &rarr; <strong>1308</strong><br />(+27 for winning)
|raw|Paldean Goat's rating: 1314 &rarr; <strong>1292</strong><br />(-22 for losing)
|c|☆Paldean Goat|kek
