|join|Just Play For Fun
|join|Ryan House
|player|p1|Just Play For Fun|258
|player|p2|Ryan House|1
|gametype|singles
|gen|5
|tier|[Gen 5] OU
|rated
|rule|Evasion Abilities Clause: Evasion abilities are banned
|clearpoke
|poke|p1|Politoed, F, shiny
|poke|p1|Tentacruel, M
|poke|p1|Ferrothorn, M, shiny
|poke|p1|Chansey, F
|poke|p1|Dragonite, M
|poke|p1|Bronzong
|poke|p2|Hydreigon, M
|poke|p2|Celebi, shiny
|poke|p2|Heatran, M
|poke|p2|Alakazam, M
|poke|p2|Scizor, M
|poke|p2|Vaporeon, F
|rule|Sleep Clause Mod: Limit one foe put to sleep
|rule|Species Clause: Limit one of each Pokemon
|rule|OHKO Clause: OHKO moves are banned
|rule|Moody Clause: Moody is banned
|rule|Evasion Moves Clause: Evasion moves are banned
|rule|Endless Battle Clause: Forcing endless battles is banned.
|rule|HP Percentage Mod: HP is reported as percentages
|teampreview
|
|start
|switch|p1a: Annie Leonhart|Politoed, F, shiny|384/384
|switch|p2a: Celebi|Celebi, shiny|404/404
|-weather|RainDance|[from] ability: Drizzle|[of] p1a: Annie Leonhart
|turn|1
|
|switch|p1a: Beastly Titan|Bronzong|338/338
|move|p2a: Celebi|Trick|p1a: Beastly Titan
|-activate|p2a: Celebi|move: Trick|[of] p1a: Beastly Titan
|-item|p1a: Beastly Titan|Choice Scarf|[from] move: Trick
|-item|p2a: Celebi|Leftovers|[from] move: Trick
|
|-weather|RainDance|[upkeep]
|turn|2
|
|switch|p2a: Heatran|Heatran, M|386/386
|move|p1a: Beastly Titan|Stealth Rock|p2a: Heatran
|-sidestart|p2: Ryan House|move: Stealth Rock
|
|-weather|RainDance|[upkeep]
|turn|3
|
|switch|p1a: Annie Leonhart|Politoed, F, shiny|384/384
|move|p2a: Heatran|Stealth Rock|p1a: Annie Leonhart
|-sidestart|p1: Just Play For Fun|move: Stealth Rock
|
|-weather|RainDance|[upkeep]
|turn|4
|
|switch|p2a: Celebi|Celebi, shiny|404/404
|-damage|p2a: Celebi|354/404|[from] Stealth Rock
|move|p1a: Annie Leonhart|Scald|p2a: Celebi
|-resisted|p2a: Celebi
|-damage|p2a: Celebi|294/404
|
|-weather|RainDance|[upkeep]
|-heal|p2a: Celebi|319/404|[from] item: Leftovers
|turn|5
|
|switch|p1a: Bertolt Hoover|Ferrothorn, M, shiny|352/352
|-damage|p1a: Bertolt Hoover|330/352|[from] Stealth Rock
|move|p2a: Celebi|Giga Drain|p1a: Bertolt Hoover
|-resisted|p1a: Bertolt Hoover
|-damage|p1a: Bertolt Hoover|314/352
|-heal|p2a: Celebi|327/404|[from] drain|[of] p1a: Bertolt Hoover
|
|-weather|RainDance|[upkeep]
|-heal|p2a: Celebi|352/404|[from] item: Leftovers
|-heal|p1a: Bertolt Hoover|336/352|[from] item: Leftovers
|turn|6
|
|switch|p2a: Knightmare|Scizor, M|282/282
|-damage|p2a: Knightmare|247/282|[from] Stealth Rock
|move|p1a: Bertolt Hoover|Thunder Wave|p2a: Knightmare
|-status|p2a: Knightmare|par
|
|-weather|RainDance|[upkeep]
|-heal|p1a: Bertolt Hoover|352/352|[from] item: Leftovers
|turn|7
|
|switch|p1a: Eren Yeager|Tentacruel, M|364/364
|-damage|p1a: Eren Yeager|319/364|[from] Stealth Rock
|cant|p2a: Knightmare|par
|
|-weather|RainDance|[upkeep]
|-heal|p1a: Eren Yeager|341/364|[from] ability: Rain Dish
|-heal|p1a: Eren Yeager|363/364|[from] item: Black Sludge
|turn|8
|
|move|p1a: Eren Yeager|Rapid Spin|p2a: Knightmare
|-resisted|p2a: Knightmare
|-damage|p2a: Knightmare|241/282 par
|-sideend|p1: Just Play For Fun|Stealth Rock|[from] move: Rapid Spin|[of] p1a: Eren Yeager
|move|p2a: Knightmare|U-turn|p1a: Eren Yeager
|-resisted|p1a: Eren Yeager
|-damage|p1a: Eren Yeager|264/364
|
|switch|p2a: Alakazam|Alakazam, M|252/252
|
|-weather|RainDance|[upkeep]
|-heal|p1a: Eren Yeager|286/364|[from] ability: Rain Dish
|-heal|p1a: Eren Yeager|308/364|[from] item: Black Sludge
|turn|9
|
|switch|p1a: Bertolt Hoover|Ferrothorn, M, shiny|352/352
|move|p2a: Alakazam|Psyshock|p1a: Bertolt Hoover
|-resisted|p1a: Bertolt Hoover
|-damage|p1a: Bertolt Hoover|304/352
|
|-weather|RainDance|[upkeep]
|-heal|p1a: Bertolt Hoover|326/352|[from] item: Leftovers
|turn|10
|
|switch|p2a: Heatran|Heatran, M|386/386
|-damage|p2a: Heatran|338/386|[from] Stealth Rock
|move|p1a: Bertolt Hoover|Thunder Wave|p2a: Heatran
|-status|p2a: Heatran|par
|
|-weather|RainDance|[upkeep]
|-heal|p1a: Bertolt Hoover|348/352|[from] item: Leftovers
|-heal|p2a: Heatran|362/386 par|[from] item: Leftovers
|turn|11
|
|move|p1a: Bertolt Hoover|Spikes|p2a: Heatran
|-sidestart|p2: Ryan House|Spikes
|move|p2a: Heatran|Stealth Rock|p1a: Bertolt Hoover
|-sidestart|p1: Just Play For Fun|move: Stealth Rock
|
|-weather|RainDance|[upkeep]
|-heal|p1a: Bertolt Hoover|352/352|[from] item: Leftovers
|-heal|p2a: Heatran|386/386 par|[from] item: Leftovers
|turn|12
|
|switch|p1a: Eren Yeager|Tentacruel, M|308/364
|-damage|p1a: Eren Yeager|263/364|[from] Stealth Rock
|move|p2a: Heatran|Lava Plume|p1a: Eren Yeager
|-resisted|p1a: Eren Yeager
|-damage|p1a: Eren Yeager|238/364
|
|-weather|RainDance|[upkeep]
|-heal|p1a: Eren Yeager|260/364|[from] ability: Rain Dish
|-heal|p1a: Eren Yeager|282/364|[from] item: Black Sludge
|turn|13
|
|move|p1a: Eren Yeager|Rapid Spin|p2a: Heatran
|-resisted|p2a: Heatran
|-damage|p2a: Heatran|381/386 par
|-sideend|p1: Just Play For Fun|Stealth Rock|[from] move: Rapid Spin|[of] p1a: Eren Yeager
|move|p2a: Heatran|Earth Power|p1a: Eren Yeager
|-supereffective|p1a: Eren Yeager
|-damage|p1a: Eren Yeager|120/364
|
|-weather|RainDance|[upkeep]
|-heal|p1a: Eren Yeager|142/364|[from] ability: Rain Dish
|-heal|p1a: Eren Yeager|164/364|[from] item: Black Sludge
|-heal|p2a: Heatran|386/386 par|[from] item: Leftovers
|turn|14
|
|move|p1a: Eren Yeager|Scald|p2a: Heatran
|-supereffective|p2a: Heatran
|-damage|p2a: Heatran|210/386 par
|move|p2a: Heatran|Stealth Rock|p1a: Eren Yeager
|-sidestart|p1: Just Play For Fun|move: Stealth Rock
|
|-weather|RainDance|[upkeep]
|-heal|p1a: Eren Yeager|186/364|[from] ability: Rain Dish
|-heal|p1a: Eren Yeager|208/364|[from] item: Black Sludge
|-heal|p2a: Heatran|234/386 par|[from] item: Leftovers
|turn|15
|
|switch|p2a: Celebi|Celebi, shiny|352/404
|-damage|p2a: Celebi|302/404|[from] Stealth Rock
|-damage|p2a: Celebi|252/404|[from] Spikes
|move|p1a: Eren Yeager|Scald|p2a: Celebi
|-resisted|p2a: Celebi
|-damage|p2a: Celebi|193/404
|
|-weather|RainDance|[upkeep]
|-heal|p1a: Eren Yeager|230/364|[from] ability: Rain Dish
|-heal|p1a: Eren Yeager|252/364|[from] item: Black Sludge
|-heal|p2a: Celebi|218/404|[from] item: Leftovers
|turn|16
|
|move|p1a: Eren Yeager|Protect|p1a: Eren Yeager
|-singleturn|p1a: Eren Yeager|Protect
|move|p2a: Celebi|Heal Bell|p2a: Celebi
|-cureteam|p2a: Celebi|[from] move: HealBell
|
|-weather|RainDance|[upkeep]
|-heal|p1a: Eren Yeager|274/364|[from] ability: Rain Dish
|-heal|p1a: Eren Yeager|296/364|[from] item: Black Sludge
|-heal|p2a: Celebi|243/404|[from] item: Leftovers
|turn|17
|
|move|p1a: Eren Yeager|Rapid Spin|p2a: Celebi
|-damage|p2a: Celebi|234/404
|-sideend|p1: Just Play For Fun|Stealth Rock|[from] move: Rapid Spin|[of] p1a: Eren Yeager
|move|p2a: Celebi|Psychic|p1a: Eren Yeager
|-supereffective|p1a: Eren Yeager
|-damage|p1a: Eren Yeager|110/364
|-unboost|p1a: Eren Yeager|spd|1
|
|-weather|RainDance|[upkeep]
|-heal|p1a: Eren Yeager|132/364|[from] ability: Rain Dish
|-heal|p1a: Eren Yeager|154/364|[from] item: Black Sludge
|-heal|p2a: Celebi|259/404|[from] item: Leftovers
|turn|18
|
|switch|p2a: Alakazam|Alakazam, M|252/252
|move|p1a: Eren Yeager|Protect|p1a: Eren Yeager
|-fail|p1a: Eren Yeager
|
|-weather|RainDance|[upkeep]
|-heal|p1a: Eren Yeager|176/364|[from] ability: Rain Dish
|-heal|p1a: Eren Yeager|198/364|[from] item: Black Sludge
|turn|19
|
|move|p1a: Eren Yeager|Protect|p1a: Eren Yeager
|-singleturn|p1a: Eren Yeager|Protect
|move|p2a: Alakazam|Psyshock|p1a: Eren Yeager
|-activate|p1a: Eren Yeager|Protect
|
|-weather|RainDance|[upkeep]
|-heal|p1a: Eren Yeager|220/364|[from] ability: Rain Dish
|-heal|p1a: Eren Yeager|242/364|[from] item: Black Sludge
|turn|20
|
|switch|p1a: Bertolt Hoover|Ferrothorn, M, shiny|352/352
|move|p2a: Alakazam|Focus Blast|p1a: Bertolt Hoover|[miss]
|-miss|p2a: Alakazam|p1a: Bertolt Hoover
|
|-weather|RainDance|[upkeep]
|turn|21
|
|switch|p1a: Reiner Braun|Dragonite, M|386/386
|move|p2a: Alakazam|Focus Blast|p1a: Reiner Braun
|-resisted|p1a: Reiner Braun
|-damage|p1a: Reiner Braun|358/386
|
|-weather|RainDance|[upkeep]
|-heal|p1a: Reiner Braun|382/386|[from] item: Leftovers
|turn|22
|
|move|p2a: Alakazam|Hidden Power|p1a: Reiner Braun
|-supereffective|p1a: Reiner Braun
|-damage|p1a: Reiner Braun|94/386
|move|p1a: Reiner Braun|Thunder|p2a: Alakazam
|-damage|p2a: Alakazam|130/252
|
|-weather|RainDance|[upkeep]
|-heal|p1a: Reiner Braun|118/386|[from] item: Leftovers
|turn|23
|
|switch|p2a: Knightmare|Scizor, M|241/282
|-damage|p2a: Knightmare|206/282|[from] Spikes
|-damage|p2a: Knightmare|171/282|[from] Stealth Rock
|switch|p1a: Beastly Titan|Bronzong|338/338
|
|-weather|RainDance|[upkeep]
|turn|24
|
|switch|p1a: Annie Leonhart|Politoed, F, shiny|384/384
|move|p2a: Knightmare|U-turn|p1a: Annie Leonhart
|-damage|p1a: Annie Leonhart|221/384
|
|switch|p2a: Vaporeon|Vaporeon, F|463/463
|-damage|p2a: Vaporeon|406/463|[from] Spikes
|-damage|p2a: Vaporeon|349/463|[from] Stealth Rock
|
|-weather|RainDance|[upkeep]
|-heal|p1a: Annie Leonhart|245/384|[from] item: Leftovers
|-heal|p2a: Vaporeon|377/463|[from] item: Leftovers
|turn|25
|
|switch|p1a: Bertolt Hoover|Ferrothorn, M, shiny|352/352
|move|p2a: Vaporeon|Wish|p2a: Vaporeon
|
|-weather|RainDance|[upkeep]
|-heal|p2a: Vaporeon|405/463|[from] item: Leftovers
|turn|26
|
|switch|p2a: Heatran|Heatran, M|234/386
|-damage|p2a: Heatran|186/386|[from] Spikes
|-damage|p2a: Heatran|138/386|[from] Stealth Rock
|move|p1a: Bertolt Hoover|Spikes|p2a: Heatran
|-sidestart|p2: Ryan House|Spikes
|
|-weather|RainDance|[upkeep]
|-heal|p2a: Heatran|369/386|[from] move: Wish|[wisher] Vaporeon
|-heal|p2a: Heatran|386/386|[from] item: Leftovers
|turn|27
|
|move|p2a: Heatran|Lava Plume|p1a: Bertolt Hoover
|-supereffective|p1a: Bertolt Hoover
|-damage|p1a: Bertolt Hoover|156/352
|move|p1a: Bertolt Hoover|Spikes|p2a: Heatran
|-sidestart|p2: Ryan House|Spikes
|
|-weather|RainDance|[upkeep]
|-heal|p1a: Bertolt Hoover|178/352|[from] item: Leftovers
|turn|28
|join|Apedingo
|
|switch|p1a: Ymir|Chansey, F|701/701
|move|p2a: Heatran|Lava Plume|p1a: Ymir
|-damage|p1a: Ymir|662/701
|
|-weather|RainDance|[upkeep]
|turn|29
|
|move|p2a: Heatran|Stealth Rock|p1a: Ymir
|-sidestart|p1: Just Play For Fun|move: Stealth Rock
|move|p1a: Ymir|Seismic Toss|p2a: Heatran
|-damage|p2a: Heatran|286/386
|
|-weather|RainDance|[upkeep]
|-heal|p2a: Heatran|310/386|[from] item: Leftovers
|turn|30
|
|move|p1a: Ymir|Seismic Toss|p2a: Heatran
|-damage|p2a: Heatran|210/386
|move|p2a: Heatran|Roar|p1a: Ymir
|drag|p1a: Eren Yeager|Tentacruel, M|242/364
|-damage|p1a: Eren Yeager|197/364|[from] Stealth Rock
|
|-weather|RainDance|[upkeep]
|-heal|p1a: Eren Yeager|219/364|[from] ability: Rain Dish
|-heal|p1a: Eren Yeager|241/364|[from] item: Black Sludge
|-heal|p2a: Heatran|234/386|[from] item: Leftovers
|turn|31
|
|move|p1a: Eren Yeager|Rapid Spin|p2a: Heatran
|-resisted|p2a: Heatran
|-damage|p2a: Heatran|229/386
|-sideend|p1: Just Play For Fun|Stealth Rock|[from] move: Rapid Spin|[of] p1a: Eren Yeager
|move|p2a: Heatran|Earth Power|p1a: Eren Yeager
|-supereffective|p1a: Eren Yeager
|-damage|p1a: Eren Yeager|77/364
|
|-weather|RainDance|[upkeep]
|-heal|p1a: Eren Yeager|99/364|[from] ability: Rain Dish
|-heal|p1a: Eren Yeager|121/364|[from] item: Black Sludge
|-heal|p2a: Heatran|253/386|[from] item: Leftovers
|turn|32
|
|move|p1a: Eren Yeager|Scald|p2a: Heatran
|-supereffective|p2a: Heatran
|-damage|p2a: Heatran|77/386
|move|p2a: Heatran|Stealth Rock|p1a: Eren Yeager
|-sidestart|p1: Just Play For Fun|move: Stealth Rock
|
|-weather|RainDance|[upkeep]
|-heal|p1a: Eren Yeager|143/364|[from] ability: Rain Dish
|-heal|p1a: Eren Yeager|165/364|[from] item: Black Sludge
|-heal|p2a: Heatran|101/386|[from] item: Leftovers
|turn|33
|
|move|p1a: Eren Yeager|Scald|p2a: Heatran
|-supereffective|p2a: Heatran
|-damage|p2a: Heatran|0 fnt
|faint|p2a: Heatran
|
|-weather|RainDance|[upkeep]
|-heal|p1a: Eren Yeager|187/364|[from] ability: Rain Dish
|-heal|p1a: Eren Yeager|209/364|[from] item: Black Sludge
|
|switch|p2a: Alakazam|Alakazam, M|130/252
|turn|34
|
|move|p1a: Eren Yeager|Protect|p1a: Eren Yeager
|-singleturn|p1a: Eren Yeager|Protect
|move|p2a: Alakazam|Psyshock|p1a: Eren Yeager
|-activate|p1a: Eren Yeager|Protect
|
|-weather|RainDance|[upkeep]
|-heal|p1a: Eren Yeager|231/364|[from] ability: Rain Dish
|-heal|p1a: Eren Yeager|253/364|[from] item: Black Sludge
|turn|35
|
|switch|p1a: Beastly Titan|Bronzong|338/338
|-damage|p1a: Beastly Titan|317/338|[from] Stealth Rock
|move|p2a: Alakazam|Psyshock|p1a: Beastly Titan
|-resisted|p1a: Beastly Titan
|-damage|p1a: Beastly Titan|289/338
|
|-weather|RainDance|[upkeep]
|turn|36
|
|switch|p2a: Vaporeon|Vaporeon, F|405/463
|-damage|p2a: Vaporeon|348/463|[from] Stealth Rock
|-damage|p2a: Vaporeon|233/463|[from] Spikes
|move|p1a: Beastly Titan|Gyro Ball|p2a: Vaporeon
|-resisted|p2a: Vaporeon
|-damage|p2a: Vaporeon|210/463
|
|-weather|RainDance|[upkeep]
|-heal|p2a: Vaporeon|238/463|[from] item: Leftovers
|turn|37
|
|switch|p1a: Eren Yeager|Tentacruel, M|253/364
|-damage|p1a: Eren Yeager|208/364|[from] Stealth Rock
|move|p2a: Vaporeon|Wish|p2a: Vaporeon
|
|-weather|RainDance|[upkeep]
|-heal|p1a: Eren Yeager|230/364|[from] ability: Rain Dish
|-heal|p1a: Eren Yeager|252/364|[from] item: Black Sludge
|-heal|p2a: Vaporeon|266/463|[from] item: Leftovers
|turn|38
|
|move|p1a: Eren Yeager|Rapid Spin|p2a: Vaporeon
|-damage|p2a: Vaporeon|254/463
|-sideend|p1: Just Play For Fun|Stealth Rock|[from] move: Rapid Spin|[of] p1a: Eren Yeager
|move|p2a: Vaporeon|Scald|p1a: Eren Yeager
|-resisted|p1a: Eren Yeager
|-damage|p1a: Eren Yeager|182/364
|
|-weather|RainDance|[upkeep]
|-heal|p1a: Eren Yeager|204/364|[from] ability: Rain Dish
|-heal|p2a: Vaporeon|463/463|[from] move: Wish|[wisher] Vaporeon
|-heal|p1a: Eren Yeager|226/364|[from] item: Black Sludge
|turn|39
|
|move|p1a: Eren Yeager|Protect|p1a: Eren Yeager
|-singleturn|p1a: Eren Yeager|Protect
|move|p2a: Vaporeon|Scald|p1a: Eren Yeager
|-activate|p1a: Eren Yeager|Protect
|
|-weather|RainDance|[upkeep]
|-heal|p1a: Eren Yeager|248/364|[from] ability: Rain Dish
|-heal|p1a: Eren Yeager|270/364|[from] item: Black Sludge
|turn|40
|
|switch|p1a: Reiner Braun|Dragonite, M|118/386
|move|p2a: Vaporeon|Scald|p1a: Reiner Braun
|-resisted|p1a: Reiner Braun
|-damage|p1a: Reiner Braun|52/386
|
|-weather|RainDance|[upkeep]
|-heal|p1a: Reiner Braun|76/386|[from] item: Leftovers
|turn|41
|
|move|p1a: Reiner Braun|Roost|p1a: Reiner Braun
|-heal|p1a: Reiner Braun|269/386
|move|p2a: Vaporeon|Ice Beam|p1a: Reiner Braun
|-supereffective|p1a: Reiner Braun
|-damage|p1a: Reiner Braun|143/386
|
|-weather|RainDance|[upkeep]
|-heal|p1a: Reiner Braun|167/386|[from] item: Leftovers
|turn|42
|
|move|p1a: Reiner Braun|Roost|p1a: Reiner Braun
|-heal|p1a: Reiner Braun|360/386
|move|p2a: Vaporeon|Scald|p1a: Reiner Braun
|-resisted|p1a: Reiner Braun
|-damage|p1a: Reiner Braun|294/386
|
|-weather|RainDance|[upkeep]
|-heal|p1a: Reiner Braun|318/386|[from] item: Leftovers
|turn|43
|
|move|p1a: Reiner Braun|Thunder|p2a: Vaporeon
|-supereffective|p2a: Vaporeon
|-damage|p2a: Vaporeon|243/463
|move|p2a: Vaporeon|Ice Beam|p1a: Reiner Braun
|-supereffective|p1a: Reiner Braun
|-damage|p1a: Reiner Braun|82/386
|
|-weather|RainDance|[upkeep]
|-heal|p1a: Reiner Braun|106/386|[from] item: Leftovers
|-heal|p2a: Vaporeon|271/463|[from] item: Leftovers
|turn|44
|
|move|p1a: Reiner Braun|Roost|p1a: Reiner Braun
|-heal|p1a: Reiner Braun|299/386
|move|p2a: Vaporeon|Wish|p2a: Vaporeon
|
|-weather|RainDance|[upkeep]
|-heal|p1a: Reiner Braun|323/386|[from] item: Leftovers
|-heal|p2a: Vaporeon|299/463|[from] item: Leftovers
|turn|45
|
|switch|p1a: Bertolt Hoover|Ferrothorn, M, shiny|178/352
|move|p2a: Vaporeon|Ice Beam|p1a: Bertolt Hoover
|-damage|p1a: Bertolt Hoover|117/352
|
|-weather|RainDance|[upkeep]
|-heal|p2a: Vaporeon|463/463|[from] move: Wish|[wisher] Vaporeon
|-heal|p1a: Bertolt Hoover|139/352|[from] item: Leftovers
|turn|46
|
|move|p2a: Vaporeon|Scald|p1a: Bertolt Hoover
|-resisted|p1a: Bertolt Hoover
|-damage|p1a: Bertolt Hoover|80/352
|move|p1a: Bertolt Hoover|Power Whip|p2a: Vaporeon
|-supereffective|p2a: Vaporeon
|-damage|p2a: Vaporeon|215/463
|
|-weather|RainDance|[upkeep]
|-heal|p2a: Vaporeon|243/463|[from] item: Leftovers
|-heal|p1a: Bertolt Hoover|102/352|[from] item: Leftovers
|turn|47
|
|move|p2a: Vaporeon|Protect|p2a: Vaporeon
|-singleturn|p2a: Vaporeon|Protect
|move|p1a: Bertolt Hoover|Leech Seed|p2a: Vaporeon
|-activate|p2a: Vaporeon|Protect
|
|-weather|RainDance|[upkeep]
|-heal|p2a: Vaporeon|271/463|[from] item: Leftovers
|-heal|p1a: Bertolt Hoover|124/352|[from] item: Leftovers
|turn|48
|
|move|p2a: Vaporeon|Wish|p2a: Vaporeon
|move|p1a: Bertolt Hoover|Power Whip|p2a: Vaporeon
|-supereffective|p2a: Vaporeon
|-damage|p2a: Vaporeon|25/463
|
|-weather|RainDance|[upkeep]
|-heal|p2a: Vaporeon|53/463|[from] item: Leftovers
|-heal|p1a: Bertolt Hoover|146/352|[from] item: Leftovers
|turn|49
|
|move|p2a: Vaporeon|Protect|p2a: Vaporeon
|-singleturn|p2a: Vaporeon|Protect
|move|p1a: Bertolt Hoover|Leech Seed|p2a: Vaporeon
|-activate|p2a: Vaporeon|Protect
|
|-weather|RainDance|[upkeep]
|-heal|p2a: Vaporeon|284/463|[from] move: Wish|[wisher] Vaporeon
|-heal|p2a: Vaporeon|312/463|[from] item: Leftovers
|-heal|p1a: Bertolt Hoover|168/352|[from] item: Leftovers
|turn|50
|
|move|p2a: Vaporeon|Wish|p2a: Vaporeon
|move|p1a: Bertolt Hoover|Leech Seed|p2a: Vaporeon|[miss]
|-miss|p1a: Bertolt Hoover|p2a: Vaporeon
|
|-weather|RainDance|[upkeep]
|-heal|p2a: Vaporeon|340/463|[from] item: Leftovers
|-heal|p1a: Bertolt Hoover|190/352|[from] item: Leftovers
|turn|51
|
|move|p2a: Vaporeon|Scald|p1a: Bertolt Hoover
|-resisted|p1a: Bertolt Hoover
|-damage|p1a: Bertolt Hoover|127/352
|move|p1a: Bertolt Hoover|Power Whip|p2a: Vaporeon
|-supereffective|p2a: Vaporeon
|-damage|p2a: Vaporeon|64/463
|
|-weather|RainDance|[upkeep]
|-heal|p2a: Vaporeon|295/463|[from] move: Wish|[wisher] Vaporeon
|-heal|p2a: Vaporeon|323/463|[from] item: Leftovers
|-heal|p1a: Bertolt Hoover|149/352|[from] item: Leftovers
|turn|52
|
|move|p2a: Vaporeon|Wish|p2a: Vaporeon
|move|p1a: Bertolt Hoover|Leech Seed|p2a: Vaporeon
|-start|p2a: Vaporeon|move: Leech Seed
|
|-weather|RainDance|[upkeep]
|-heal|p2a: Vaporeon|351/463|[from] item: Leftovers
|-heal|p1a: Bertolt Hoover|171/352|[from] item: Leftovers
|-damage|p2a: Vaporeon|294/463|[from] Leech Seed|[of] p1a: Bertolt Hoover
|-heal|p1a: Bertolt Hoover|228/352|[silent]
|turn|53
|
|switch|p2a: Knightmare|Scizor, M|171/282
|-damage|p2a: Knightmare|136/282|[from] Stealth Rock
|-damage|p2a: Knightmare|66/282|[from] Spikes
|move|p1a: Bertolt Hoover|Power Whip|p2a: Knightmare
|-resisted|p2a: Knightmare
|-damage|p2a: Knightmare|35/282
|
|-weather|RainDance|[upkeep]
|-heal|p2a: Knightmare|266/282|[from] move: Wish|[wisher] Vaporeon
|-heal|p1a: Bertolt Hoover|250/352|[from] item: Leftovers
|turn|54
|
|switch|p1a: Eren Yeager|Tentacruel, M|270/364
|move|p2a: Knightmare|Superpower|p1a: Eren Yeager
|-resisted|p1a: Eren Yeager
|-damage|p1a: Eren Yeager|163/364
|-unboost|p2a: Knightmare|atk|1
|-unboost|p2a: Knightmare|def|1
|
|-weather|RainDance|[upkeep]
|-heal|p1a: Eren Yeager|185/364|[from] ability: Rain Dish
|-heal|p1a: Eren Yeager|207/364|[from] item: Black Sludge
|turn|55
|
|switch|p2a: Vaporeon|Vaporeon, F|294/463
|-damage|p2a: Vaporeon|237/463|[from] Stealth Rock
|-damage|p2a: Vaporeon|122/463|[from] Spikes
|move|p1a: Eren Yeager|Knock Off|p2a: Vaporeon
|-damage|p2a: Vaporeon|110/463
|-enditem|p2a: Vaporeon|Leftovers|[from] move: Knock Off|[of] p1a: Eren Yeager
|
|-weather|RainDance|[upkeep]
|-heal|p1a: Eren Yeager|229/364|[from] ability: Rain Dish
|-heal|p1a: Eren Yeager|251/364|[from] item: Black Sludge
|turn|56
|
|switch|p1a: Ymir|Chansey, F|662/701
|move|p2a: Vaporeon|Wish|p2a: Vaporeon
|
|-weather|RainDance|[upkeep]
|turn|57
|
|move|p2a: Vaporeon|Protect|p2a: Vaporeon
|-singleturn|p2a: Vaporeon|Protect
|move|p1a: Ymir|Seismic Toss|p2a: Vaporeon
|-activate|p2a: Vaporeon|Protect
|
|-weather|RainDance|[upkeep]
|-heal|p2a: Vaporeon|341/463|[from] move: Wish|[wisher] Vaporeon
|turn|58
|
|move|p2a: Vaporeon|Wish|p2a: Vaporeon
|move|p1a: Ymir|Seismic Toss|p2a: Vaporeon
|-damage|p2a: Vaporeon|241/463
|
|-weather|RainDance|[upkeep]
|turn|59
|
|move|p2a: Vaporeon|Protect|p2a: Vaporeon
|-singleturn|p2a: Vaporeon|Protect
|move|p1a: Ymir|Seismic Toss|p2a: Vaporeon
|-activate|p2a: Vaporeon|Protect
|
|-weather|RainDance|[upkeep]
|-heal|p2a: Vaporeon|463/463|[from] move: Wish|[wisher] Vaporeon
|turn|60
|
|move|p2a: Vaporeon|Wish|p2a: Vaporeon
|move|p1a: Ymir|Seismic Toss|p2a: Vaporeon
|-damage|p2a: Vaporeon|363/463
|
|-weather|RainDance|[upkeep]
|turn|61
|
|switch|p2a: Alakazam|Alakazam, M|130/252
|move|p1a: Ymir|Seismic Toss|p2a: Alakazam
|-damage|p2a: Alakazam|30/252
|
|-weather|RainDance|[upkeep]
|-heal|p2a: Alakazam|252/252|[from] move: Wish|[wisher] Vaporeon
|turn|62
|leave|Apedingo
|
|switch|p2a: Knightmare|Scizor, M|266/282
|-damage|p2a: Knightmare|196/282|[from] Spikes
|-damage|p2a: Knightmare|161/282|[from] Stealth Rock
|switch|p1a: Beastly Titan|Bronzong|289/338
|
|-weather|RainDance|[upkeep]
|turn|63
|
|switch|p1a: Eren Yeager|Tentacruel, M|251/364
|move|p2a: Knightmare|U-turn|p1a: Eren Yeager
|-resisted|p1a: Eren Yeager
|-damage|p1a: Eren Yeager|163/364
|
|switch|p2a: Alakazam|Alakazam, M|252/252
|
|-weather|RainDance|[upkeep]
|-heal|p1a: Eren Yeager|185/364|[from] ability: Rain Dish
|-heal|p1a: Eren Yeager|207/364|[from] item: Black Sludge
|turn|64
|
|move|p1a: Eren Yeager|Protect|p1a: Eren Yeager
|-singleturn|p1a: Eren Yeager|Protect
|move|p2a: Alakazam|Psyshock|p1a: Eren Yeager
|-activate|p1a: Eren Yeager|Protect
|
|-weather|RainDance|[upkeep]
|-heal|p1a: Eren Yeager|229/364|[from] ability: Rain Dish
|-heal|p1a: Eren Yeager|251/364|[from] item: Black Sludge
|turn|65
|
|switch|p1a: Beastly Titan|Bronzong|289/338
|move|p2a: Alakazam|Focus Blast|p1a: Beastly Titan
|-damage|p1a: Beastly Titan|180/338
|
|-weather|RainDance|[upkeep]
|turn|66
|
|switch|p2a: Vaporeon|Vaporeon, F|363/463
|-damage|p2a: Vaporeon|306/463|[from] Stealth Rock
|-damage|p2a: Vaporeon|191/463|[from] Spikes
|move|p1a: Beastly Titan|Gyro Ball|p2a: Vaporeon
|-resisted|p2a: Vaporeon
|-damage|p2a: Vaporeon|170/463
|
|-weather|RainDance|[upkeep]
|turn|67
|
|switch|p1a: Bertolt Hoover|Ferrothorn, M, shiny|250/352
|move|p2a: Vaporeon|Wish|p2a: Vaporeon
|
|-weather|RainDance|[upkeep]
|-heal|p1a: Bertolt Hoover|272/352|[from] item: Leftovers
|turn|68
|
|move|p2a: Vaporeon|Protect|p2a: Vaporeon
|-singleturn|p2a: Vaporeon|Protect
|move|p1a: Bertolt Hoover|Leech Seed|p2a: Vaporeon
|-activate|p2a: Vaporeon|Protect
|
|-weather|RainDance|[upkeep]
|-heal|p2a: Vaporeon|401/463|[from] move: Wish|[wisher] Vaporeon
|-heal|p1a: Bertolt Hoover|294/352|[from] item: Leftovers
|turn|69
|
|switch|p1a: Ymir|Chansey, F|662/701
|move|p2a: Vaporeon|Scald|p1a: Ymir
|-damage|p1a: Ymir|563/701
|
|-weather|RainDance|[upkeep]
|turn|70
|
|move|p2a: Vaporeon|Wish|p2a: Vaporeon
|move|p1a: Ymir|Seismic Toss|p2a: Vaporeon
|-damage|p2a: Vaporeon|301/463
|
|-weather|RainDance|[upkeep]
|turn|71
|
|move|p2a: Vaporeon|Scald|p1a: Ymir
|-damage|p1a: Ymir|463/701
|-status|p1a: Ymir|brn
|move|p1a: Ymir|Seismic Toss|p2a: Vaporeon
|-damage|p2a: Vaporeon|201/463
|
|-weather|RainDance|[upkeep]
|-heal|p2a: Vaporeon|432/463|[from] move: Wish|[wisher] Vaporeon
|-damage|p1a: Ymir|376/701 brn|[from] brn
|turn|72
|
|move|p2a: Vaporeon|Wish|p2a: Vaporeon
|move|p1a: Ymir|Soft-Boiled|p1a: Ymir
|-heal|p1a: Ymir|701/701 brn
|
|-weather|RainDance|[upkeep]
|-damage|p1a: Ymir|614/701 brn|[from] brn
|turn|73
|
|switch|p2a: Knightmare|Scizor, M|161/282
|-damage|p2a: Knightmare|91/282|[from] Spikes
|-damage|p2a: Knightmare|56/282|[from] Stealth Rock
|switch|p1a: Bertolt Hoover|Ferrothorn, M, shiny|294/352
|
|-weather|RainDance|[upkeep]
|-heal|p2a: Knightmare|282/282|[from] move: Wish|[wisher] Vaporeon
|-heal|p1a: Bertolt Hoover|316/352|[from] item: Leftovers
|turn|74
|
|move|p2a: Knightmare|U-turn|p1a: Bertolt Hoover
|-damage|p1a: Bertolt Hoover|183/352
|-damage|p2a: Knightmare|247/282|[from] ability: Iron Barbs|[of] p1a: Bertolt Hoover
|
|switch|p2a: Hydreigon|Hydreigon, M|336/336
|-damage|p2a: Hydreigon|294/336|[from] Stealth Rock
|move|p1a: Bertolt Hoover|Thunder Wave|p2a: Hydreigon
|-status|p2a: Hydreigon|par
|
|-weather|RainDance|[upkeep]
|-heal|p2a: Hydreigon|315/336 par|[from] item: Leftovers
|-heal|p1a: Bertolt Hoover|205/352|[from] item: Leftovers
|turn|75
|
|switch|p1a: Beastly Titan|Bronzong|180/338
|move|p2a: Hydreigon|Flamethrower|p1a: Beastly Titan
|-supereffective|p1a: Beastly Titan
|-damage|p1a: Beastly Titan|108/338
|
|-weather|RainDance|[upkeep]
|-heal|p2a: Hydreigon|336/336 par|[from] item: Leftovers
|turn|76
|
|move|p1a: Beastly Titan|Gyro Ball|p2a: Hydreigon
|-damage|p2a: Hydreigon|311/336 par
|move|p2a: Hydreigon|Dark Pulse|p1a: Beastly Titan
|-damage|p1a: Beastly Titan|0 fnt
|faint|p1a: Beastly Titan
|
|-weather|RainDance|[upkeep]
|-heal|p2a: Hydreigon|332/336 par|[from] item: Leftovers
|
|switch|p1a: Ymir|Chansey, F|614/701
|turn|77
|
|switch|p2a: Vaporeon|Vaporeon, F|432/463
|-damage|p2a: Vaporeon|375/463|[from] Stealth Rock
|-damage|p2a: Vaporeon|260/463|[from] Spikes
|move|p1a: Ymir|Seismic Toss|p2a: Vaporeon
|-damage|p2a: Vaporeon|160/463
|
|-weather|RainDance|[upkeep]
|turn|78
|
|move|p2a: Vaporeon|Wish|p2a: Vaporeon
|move|p1a: Ymir|Toxic|p2a: Vaporeon
|-status|p2a: Vaporeon|tox
|
|-weather|RainDance|[upkeep]
|-damage|p2a: Vaporeon|132/463 tox|[from] psn
|turn|79
|
|move|p2a: Vaporeon|Scald|p1a: Ymir
|-damage|p1a: Ymir|514/701
|move|p1a: Ymir|Seismic Toss|p2a: Vaporeon
|-damage|p2a: Vaporeon|32/463 tox
|
|-weather|RainDance|[upkeep]
|-heal|p2a: Vaporeon|263/463 tox|[from] move: Wish|[wisher] Vaporeon
|-damage|p2a: Vaporeon|207/463 tox|[from] psn
|turn|80
|
|move|p2a: Vaporeon|Wish|p2a: Vaporeon
|move|p1a: Ymir|Seismic Toss|p2a: Vaporeon
|-damage|p2a: Vaporeon|107/463 tox
|
|-weather|RainDance|[upkeep]
|-damage|p2a: Vaporeon|23/463 tox|[from] psn
|turn|81
|
|move|p2a: Vaporeon|Protect|p2a: Vaporeon
|-singleturn|p2a: Vaporeon|Protect
|move|p1a: Ymir|Seismic Toss|p2a: Vaporeon
|-activate|p2a: Vaporeon|Protect
|
|-weather|RainDance|[upkeep]
|-heal|p2a: Vaporeon|254/463 tox|[from] move: Wish|[wisher] Vaporeon
|-damage|p2a: Vaporeon|142/463 tox|[from] psn
|turn|82
|
|move|p2a: Vaporeon|Wish|p2a: Vaporeon
|move|p1a: Ymir|Seismic Toss|p2a: Vaporeon
|-damage|p2a: Vaporeon|42/463 tox
|
|-weather|RainDance|[upkeep]
|-damage|p2a: Vaporeon|0 fnt|[from] psn
|faint|p2a: Vaporeon
|
|switch|p2a: Knightmare|Scizor, M|247/282
|-damage|p2a: Knightmare|212/282|[from] Stealth Rock
|-damage|p2a: Knightmare|142/282|[from] Spikes
|turn|83
|
|switch|p1a: Eren Yeager|Tentacruel, M|251/364
|move|p2a: Knightmare|Superpower|p1a: Eren Yeager
|-resisted|p1a: Eren Yeager
|-damage|p1a: Eren Yeager|150/364
|-unboost|p2a: Knightmare|atk|1
|-unboost|p2a: Knightmare|def|1
|
|-weather|RainDance|[upkeep]
|-heal|p1a: Eren Yeager|172/364|[from] ability: Rain Dish
|-heal|p2a: Knightmare|282/282|[from] move: Wish|[wisher] Vaporeon
|-heal|p1a: Eren Yeager|194/364|[from] item: Black Sludge
|turn|84
|
|switch|p2a: Celebi|Celebi, shiny|259/404
|-damage|p2a: Celebi|158/404|[from] Spikes
|-damage|p2a: Celebi|108/404|[from] Stealth Rock
|move|p1a: Eren Yeager|Scald|p2a: Celebi
|-resisted|p2a: Celebi
|-damage|p2a: Celebi|45/404
|
|-weather|RainDance|[upkeep]
|-heal|p1a: Eren Yeager|216/364|[from] ability: Rain Dish
|-heal|p1a: Eren Yeager|238/364|[from] item: Black Sludge
|-heal|p2a: Celebi|70/404|[from] item: Leftovers
|turn|85
|
|move|p1a: Eren Yeager|Knock Off|p2a: Celebi
|-supereffective|p2a: Celebi
|-damage|p2a: Celebi|52/404
|-enditem|p2a: Celebi|Leftovers|[from] move: Knock Off|[of] p1a: Eren Yeager
|move|p2a: Celebi|Giga Drain|p1a: Eren Yeager
|-damage|p1a: Eren Yeager|160/364
|-heal|p2a: Celebi|91/404|[from] drain|[of] p1a: Eren Yeager
|
|-weather|RainDance|[upkeep]
|-heal|p1a: Eren Yeager|182/364|[from] ability: Rain Dish
|-heal|p1a: Eren Yeager|204/364|[from] item: Black Sludge
|turn|86
|
|move|p1a: Eren Yeager|Scald|p2a: Celebi
|-resisted|p2a: Celebi
|-damage|p2a: Celebi|34/404
|move|p2a: Celebi|Psychic|p1a: Eren Yeager
|-supereffective|p1a: Eren Yeager
|-damage|p1a: Eren Yeager|4/364
|
|-weather|RainDance|[upkeep]
|-heal|p1a: Eren Yeager|26/364|[from] ability: Rain Dish
|-heal|p1a: Eren Yeager|48/364|[from] item: Black Sludge
|turn|87
|
|move|p1a: Eren Yeager|Scald|p2a: Celebi
|-resisted|p2a: Celebi
|-damage|p2a: Celebi|0 fnt
|faint|p2a: Celebi
|
|-weather|RainDance|[upkeep]
|-heal|p1a: Eren Yeager|70/364|[from] ability: Rain Dish
|-heal|p1a: Eren Yeager|92/364|[from] item: Black Sludge
|
|switch|p2a: Alakazam|Alakazam, M|252/252
|turn|88
|
|move|p1a: Eren Yeager|Protect|p1a: Eren Yeager
|-singleturn|p1a: Eren Yeager|Protect
|move|p2a: Alakazam|Psyshock|p1a: Eren Yeager
|-activate|p1a: Eren Yeager|Protect
|
|-weather|RainDance|[upkeep]
|-heal|p1a: Eren Yeager|114/364|[from] ability: Rain Dish
|-heal|p1a: Eren Yeager|136/364|[from] item: Black Sludge
|turn|89
|
|switch|p1a: Bertolt Hoover|Ferrothorn, M, shiny|205/352
|move|p2a: Alakazam|Focus Blast|p1a: Bertolt Hoover|[miss]
|-miss|p2a: Alakazam|p1a: Bertolt Hoover
|
|-weather|RainDance|[upkeep]
|-heal|p1a: Bertolt Hoover|227/352|[from] item: Leftovers
|turn|90
|join|16kims1
|
|move|p2a: Alakazam|Focus Blast|p1a: Bertolt Hoover
|-supereffective|p1a: Bertolt Hoover
|-damage|p1a: Bertolt Hoover|11/352
|move|p1a: Bertolt Hoover|Thunder Wave|p2a: Alakazam
|-status|p2a: Alakazam|par
|
|-weather|RainDance|[upkeep]
|-heal|p1a: Bertolt Hoover|33/352|[from] item: Leftovers
|turn|91
|
|switch|p1a: Reiner Braun|Dragonite, M|323/386
|move|p2a: Alakazam|Psyshock|p1a: Reiner Braun
|-damage|p1a: Reiner Braun|167/386
|
|-weather|RainDance|[upkeep]
|-heal|p1a: Reiner Braun|191/386|[from] item: Leftovers
|turn|92
|
|move|p1a: Reiner Braun|Hurricane|p2a: Alakazam
|-damage|p2a: Alakazam|69/252 par
|move|p2a: Alakazam|Hidden Power|p1a: Reiner Braun
|-supereffective|p1a: Reiner Braun
|-damage|p1a: Reiner Braun|0 fnt
|faint|p1a: Reiner Braun
|
|-weather|RainDance|[upkeep]
|
|switch|p1a: Annie Leonhart|Politoed, F, shiny|245/384
|turn|93
|
|switch|p2a: Hydreigon|Hydreigon, M|332/336 par
|-damage|p2a: Hydreigon|290/336 par|[from] Stealth Rock
|move|p1a: Annie Leonhart|Scald|p2a: Hydreigon
|-crit|p2a: Hydreigon
|-resisted|p2a: Hydreigon
|-damage|p2a: Hydreigon|155/336 par
|
|-weather|RainDance|[upkeep]
|-heal|p1a: Annie Leonhart|269/384|[from] item: Leftovers
|-heal|p2a: Hydreigon|176/336 par|[from] item: Leftovers
|turn|94
|
|move|p1a: Annie Leonhart|Protect|p1a: Annie Leonhart
|-singleturn|p1a: Annie Leonhart|Protect
|move|p2a: Hydreigon|Roost|p2a: Hydreigon
|-heal|p2a: Hydreigon|336/336 par
|
|-weather|RainDance|[upkeep]
|-heal|p1a: Annie Leonhart|293/384|[from] item: Leftovers
|turn|95
|
|switch|p1a: Bertolt Hoover|Ferrothorn, M, shiny|33/352
|move|p2a: Hydreigon|Dark Pulse|p1a: Bertolt Hoover
|-resisted|p1a: Bertolt Hoover
|-damage|p1a: Bertolt Hoover|0 fnt
|faint|p1a: Bertolt Hoover
|
|-weather|RainDance|[upkeep]
|
|switch|p1a: Ymir|Chansey, F|514/701
|turn|96
|
|move|p1a: Ymir|Soft-Boiled|p1a: Ymir
|-heal|p1a: Ymir|701/701
|move|p2a: Hydreigon|Dark Pulse|p1a: Ymir
|-damage|p1a: Ymir|614/701
|
|-weather|RainDance|[upkeep]
|turn|97
|
|switch|p2a: Alakazam|Alakazam, M|69/252 par
|move|p1a: Ymir|Seismic Toss|p2a: Alakazam
|-damage|p2a: Alakazam|0 fnt
|faint|p2a: Alakazam
|
|-weather|RainDance|[upkeep]
|
|switch|p2a: Knightmare|Scizor, M|282/282
|-damage|p2a: Knightmare|212/282|[from] Spikes
|-damage|p2a: Knightmare|177/282|[from] Stealth Rock
|turn|98
|
|switch|p1a: Eren Yeager|Tentacruel, M|136/364
|move|p2a: Knightmare|U-turn|p1a: Eren Yeager
|-resisted|p1a: Eren Yeager
|-damage|p1a: Eren Yeager|48/364
|
|switch|p2a: Hydreigon|Hydreigon, M|336/336 par
|-damage|p2a: Hydreigon|294/336 par|[from] Stealth Rock
|
|-weather|RainDance|[upkeep]
|-heal|p1a: Eren Yeager|70/364|[from] ability: Rain Dish
|-heal|p1a: Eren Yeager|92/364|[from] item: Black Sludge
|-heal|p2a: Hydreigon|315/336 par|[from] item: Leftovers
|turn|99
|
|move|p1a: Eren Yeager|Protect|p1a: Eren Yeager
|-singleturn|p1a: Eren Yeager|Protect
|cant|p2a: Hydreigon|par
|
|-weather|RainDance|[upkeep]
|-heal|p1a: Eren Yeager|114/364|[from] ability: Rain Dish
|-heal|p1a: Eren Yeager|136/364|[from] item: Black Sludge
|-heal|p2a: Hydreigon|336/336 par|[from] item: Leftovers
|turn|100
|
|switch|p1a: Ymir|Chansey, F|614/701
|cant|p2a: Hydreigon|par
|
|-weather|RainDance|[upkeep]
|turn|101
|
|move|p1a: Ymir|Seismic Toss|p2a: Hydreigon
|-damage|p2a: Hydreigon|236/336 par
|move|p2a: Hydreigon|Flamethrower|p1a: Ymir
|-crit|p1a: Ymir
|-damage|p1a: Ymir|552/701
|
|-weather|RainDance|[upkeep]
|-heal|p2a: Hydreigon|257/336 par|[from] item: Leftovers
|turn|102
|leave|16kims1
|
|move|p1a: Ymir|Seismic Toss|p2a: Hydreigon
|-damage|p2a: Hydreigon|157/336 par
|move|p2a: Hydreigon|Flamethrower|p1a: Ymir
|-damage|p1a: Ymir|518/701
|
|-weather|RainDance|[upkeep]
|-heal|p2a: Hydreigon|178/336 par|[from] item: Leftovers
|turn|103
|
|move|p1a: Ymir|Seismic Toss|p2a: Hydreigon
|-damage|p2a: Hydreigon|78/336 par
|move|p2a: Hydreigon|Roost|p2a: Hydreigon
|-heal|p2a: Hydreigon|246/336 par
|
|-weather|RainDance|[upkeep]
|-heal|p2a: Hydreigon|267/336 par|[from] item: Leftovers
|turn|104
|
|move|p1a: Ymir|Soft-Boiled|p1a: Ymir
|-heal|p1a: Ymir|701/701
|move|p2a: Hydreigon|Flamethrower|p1a: Ymir
|-damage|p1a: Ymir|665/701
|
|-weather|RainDance|[upkeep]
|-heal|p2a: Hydreigon|288/336 par|[from] item: Leftovers
|turn|105
|
|move|p1a: Ymir|Seismic Toss|p2a: Hydreigon
|-damage|p2a: Hydreigon|188/336 par
|cant|p2a: Hydreigon|par
|
|-weather|RainDance|[upkeep]
|-heal|p2a: Hydreigon|209/336 par|[from] item: Leftovers
|turn|106
|
|move|p1a: Ymir|Seismic Toss|p2a: Hydreigon
|-damage|p2a: Hydreigon|109/336 par
|move|p2a: Hydreigon|Roost|p2a: Hydreigon
|-heal|p2a: Hydreigon|277/336 par
|
|-weather|RainDance|[upkeep]
|-heal|p2a: Hydreigon|298/336 par|[from] item: Leftovers
|turn|107
|
|move|p1a: Ymir|Toxic|p2a: Hydreigon
|-fail|p2a: Hydreigon
|cant|p2a: Hydreigon|par
|
|-weather|RainDance|[upkeep]
|-heal|p2a: Hydreigon|319/336 par|[from] item: Leftovers
|turn|108
|
|switch|p1a: Eren Yeager|Tentacruel, M|136/364
|move|p2a: Hydreigon|Flamethrower|p1a: Eren Yeager
|-resisted|p1a: Eren Yeager
|-damage|p1a: Eren Yeager|112/364
|
|-weather|RainDance|[upkeep]
|-heal|p1a: Eren Yeager|134/364|[from] ability: Rain Dish
|-heal|p1a: Eren Yeager|156/364|[from] item: Black Sludge
|-heal|p2a: Hydreigon|336/336 par|[from] item: Leftovers
|turn|109
|
|move|p1a: Eren Yeager|Protect|p1a: Eren Yeager
|-singleturn|p1a: Eren Yeager|Protect
|move|p2a: Hydreigon|Dark Pulse|p1a: Eren Yeager
|-activate|p1a: Eren Yeager|Protect
|
|-weather|RainDance|[upkeep]
|-heal|p1a: Eren Yeager|178/364|[from] ability: Rain Dish
|-heal|p1a: Eren Yeager|200/364|[from] item: Black Sludge
|turn|110
|
|move|p1a: Eren Yeager|Knock Off|p2a: Hydreigon
|-resisted|p2a: Hydreigon
|-damage|p2a: Hydreigon|330/336 par
|-enditem|p2a: Hydreigon|Leftovers|[from] move: Knock Off|[of] p1a: Eren Yeager
|move|p2a: Hydreigon|Dark Pulse|p1a: Eren Yeager
|-damage|p1a: Eren Yeager|80/364
|
|-weather|RainDance|[upkeep]
|-heal|p1a: Eren Yeager|102/364|[from] ability: Rain Dish
|-heal|p1a: Eren Yeager|124/364|[from] item: Black Sludge
|turn|111
|
|move|p1a: Eren Yeager|Protect|p1a: Eren Yeager
|-singleturn|p1a: Eren Yeager|Protect
|move|p2a: Hydreigon|Flamethrower|p1a: Eren Yeager
|-activate|p1a: Eren Yeager|Protect
|
|-weather|RainDance|[upkeep]
|-heal|p1a: Eren Yeager|146/364|[from] ability: Rain Dish
|-heal|p1a: Eren Yeager|168/364|[from] item: Black Sludge
|turn|112
|
|move|p1a: Eren Yeager|Scald|p2a: Hydreigon
|-resisted|p2a: Hydreigon
|-damage|p2a: Hydreigon|268/336 par
|move|p2a: Hydreigon|Flamethrower|p1a: Eren Yeager
|-resisted|p1a: Eren Yeager
|-damage|p1a: Eren Yeager|144/364
|-status|p1a: Eren Yeager|brn
|
|-weather|RainDance|[upkeep]
|-heal|p1a: Eren Yeager|166/364 brn|[from] ability: Rain Dish
|-heal|p1a: Eren Yeager|188/364 brn|[from] item: Black Sludge
|-damage|p1a: Eren Yeager|143/364 brn|[from] brn
|turn|113
|chat|Ryan House|finally :)
|
|move|p1a: Eren Yeager|Protect|p1a: Eren Yeager
|-singleturn|p1a: Eren Yeager|Protect
|move|p2a: Hydreigon|Dark Pulse|p1a: Eren Yeager
|-activate|p1a: Eren Yeager|Protect
|
|-weather|RainDance|[upkeep]
|-heal|p1a: Eren Yeager|165/364 brn|[from] ability: Rain Dish
|-heal|p1a: Eren Yeager|187/364 brn|[from] item: Black Sludge
|-damage|p1a: Eren Yeager|142/364 brn|[from] brn
|turn|114
|
|switch|p1a: Ymir|Chansey, F|665/701
|move|p2a: Hydreigon|Flamethrower|p1a: Ymir
|-damage|p1a: Ymir|631/701
|
|-weather|RainDance|[upkeep]
|turn|115
|
|move|p1a: Ymir|Aromatherapy|p1a: Ymir
|-cureteam|p1a: Ymir|[from] move: Aromatherapy
|move|p2a: Hydreigon|Flamethrower|p1a: Ymir
|-damage|p1a: Ymir|598/701
|
|-weather|RainDance|[upkeep]
|turn|116
|
|move|p1a: Ymir|Toxic|p2a: Hydreigon|[miss]
|-miss|p1a: Ymir|p2a: Hydreigon
|move|p2a: Hydreigon|Roost|p2a: Hydreigon
|-heal|p2a: Hydreigon|336/336 par
|
|-weather|RainDance|[upkeep]
|turn|117
|
|move|p1a: Ymir|Toxic|p2a: Hydreigon|[miss]
|-miss|p1a: Ymir|p2a: Hydreigon
|move|p2a: Hydreigon|Flamethrower|p1a: Ymir
|-damage|p1a: Ymir|567/701
|
|-weather|RainDance|[upkeep]
|turn|118
|chat|Ryan House|i really hoped you wouldnt have that move
|chat|Ryan House|im an optimist
|
|move|p1a: Ymir|Toxic|p2a: Hydreigon
|-fail|p2a: Hydreigon
|move|p2a: Hydreigon|Flamethrower|p1a: Ymir
|-damage|p1a: Ymir|536/701
|
|-weather|RainDance|[upkeep]
|turn|119
|chat|Just Play For Fun|^^
|
|move|p1a: Ymir|Soft-Boiled|p1a: Ymir
|-heal|p1a: Ymir|701/701
|move|p2a: Hydreigon|Flamethrower|p1a: Ymir
|-damage|p1a: Ymir|670/701
|
|-weather|RainDance|[upkeep]
|turn|120
|
|switch|p1a: Annie Leonhart|Politoed, F, shiny|293/384
|move|p2a: Hydreigon|Flamethrower|p1a: Annie Leonhart
|-resisted|p1a: Annie Leonhart
|-damage|p1a: Annie Leonhart|267/384
|
|-weather|RainDance|[upkeep]
|-heal|p1a: Annie Leonhart|291/384|[from] item: Leftovers
|turn|121
|
|move|p1a: Annie Leonhart|Protect|p1a: Annie Leonhart
|-singleturn|p1a: Annie Leonhart|Protect
|move|p2a: Hydreigon|Dark Pulse|p1a: Annie Leonhart
|-activate|p1a: Annie Leonhart|Protect
|
|-weather|RainDance|[upkeep]
|-heal|p1a: Annie Leonhart|315/384|[from] item: Leftovers
|turn|122
|
|move|p1a: Annie Leonhart|Perish Song|p1a: Annie Leonhart
|-fieldactivate|move: Perish Song
|cant|p2a: Hydreigon|par
|
|-start|p1a: Annie Leonhart|perish3
|-start|p2a: Hydreigon|perish3
|-weather|RainDance|[upkeep]
|-heal|p1a: Annie Leonhart|339/384|[from] item: Leftovers
|turn|123
|
|move|p1a: Annie Leonhart|Protect|p1a: Annie Leonhart
|-singleturn|p1a: Annie Leonhart|Protect
|cant|p2a: Hydreigon|par
|
|-start|p1a: Annie Leonhart|perish2
|-start|p2a: Hydreigon|perish2
|-weather|RainDance|[upkeep]
|-heal|p1a: Annie Leonhart|363/384|[from] item: Leftovers
|turn|124
|
|switch|p1a: Ymir|Chansey, F|670/701
|cant|p2a: Hydreigon|par
|
|-start|p2a: Hydreigon|perish1
|-weather|RainDance|[upkeep]
|turn|125
|
|switch|p2a: Knightmare|Scizor, M|177/282
|-damage|p2a: Knightmare|107/282|[from] Spikes
|-damage|p2a: Knightmare|72/282|[from] Stealth Rock
|move|p1a: Ymir|Seismic Toss|p2a: Knightmare
|-damage|p2a: Knightmare|0 fnt
|faint|p2a: Knightmare
|
|-weather|RainDance|[upkeep]
|chat|Ryan House|gg
|
|switch|p2a: Hydreigon|Hydreigon, M|336/336 par
|-damage|p2a: Hydreigon|294/336 par|[from] Stealth Rock
|turn|126
|join|16kims1
|chat|Just Play For Fun|gg
|
|switch|p1a: Annie Leonhart|Politoed, F, shiny|363/384
|move|p2a: Hydreigon|Flamethrower|p1a: Annie Leonhart
|-resisted|p1a: Annie Leonhart
|-damage|p1a: Annie Leonhart|336/384
|
|-weather|RainDance|[upkeep]
|-heal|p1a: Annie Leonhart|360/384|[from] item: Leftovers
|turn|127
|
|move|p1a: Annie Leonhart|Perish Song|p1a: Annie Leonhart
|-fieldactivate|move: Perish Song
|move|p2a: Hydreigon|Draco Meteor|p1a: Annie Leonhart
|-damage|p1a: Annie Leonhart|140/384
|-unboost|p2a: Hydreigon|spa|2
|
|-start|p1a: Annie Leonhart|perish3
|-start|p2a: Hydreigon|perish3
|-weather|RainDance|[upkeep]
|-heal|p1a: Annie Leonhart|164/384|[from] item: Leftovers
|turn|128
|chat|16kims1|wow 127 turns
|
|switch|p1a: Ymir|Chansey, F|670/701
|move|p2a: Hydreigon|Flamethrower|p1a: Ymir
|-damage|p1a: Ymir|654/701
|
|-start|p2a: Hydreigon|perish2
|-weather|RainDance|[upkeep]
|turn|129
|
|move|p1a: Ymir|Seismic Toss|p2a: Hydreigon
|-damage|p2a: Hydreigon|194/336 par
|move|p2a: Hydreigon|Flamethrower|p1a: Ymir
|-damage|p1a: Ymir|635/701
|
|-start|p2a: Hydreigon|perish1
|-weather|RainDance|[upkeep]
|turn|130
|
|move|p1a: Ymir|Seismic Toss|p2a: Hydreigon
|-damage|p2a: Hydreigon|94/336 par
|move|p2a: Hydreigon|Draco Meteor|p1a: Ymir|[miss]
|-miss|p2a: Hydreigon|p1a: Ymir
|
|-start|p2a: Hydreigon|perish0
|-weather|RainDance|[upkeep]
|faint|p2a: Hydreigon
|
|win|Just Play For Fun
|raw|Ladder updating...
|raw|Just Play For Fun's rating: 1440 &rarr; <strong>1458</strong><br />(+18 for winning)
|raw|Ryan House's rating: 1400 &rarr; <strong>1382</strong><br />(-18 for losing)
|chat|Ryan House|good bye
|chat|Just Play For Fun|bye