|j|☆Mizuho_poke
|j|☆Dildsmith
|player|p1|Mizuho_poke|elesa|1428
|player|p2|Dildsmith|cueball-gen1rb|1279
|teamsize|p1|6
|teamsize|p2|6
|gametype|singles
|gen|5
|tier|[Gen 5] OU
|rated|
|clearpoke
|poke|p1|Landorus-Therian, M|item
|poke|p1|Hydreigon, M|item
|poke|p1|Alakazam, M|item
|poke|p1|Scizor, M|item
|poke|p1|Jellicent, F|item
|poke|p1|Blissey, F|item
|poke|p2|Tentacruel, M|item
|poke|p2|Zapdos|item
|poke|p2|Arcanine, M|item
|poke|p2|Flygon, F|item
|poke|p2|Hitmontop, M|item
|poke|p2|Omastar, M|item
|rule|Species Clause: Limit one of each Pokémon
|rule|OHKO Clause: OHKO moves are banned
|rule|Moody Clause: Moody is banned
|rule|Evasion Moves Clause: Evasion moves are banned
|rule|Endless Battle Clause: Forcing endless battles is banned
|rule|HP Percentage Mod: HP is shown in percentages
|rule|Evasion Abilities Clause: Evasion abilities are banned
|rule|Baton Pass Clause: Limit one Baton Passer, can't pass Spe and other stats simultaneously
|rule|Sleep Clause: Sleep-inducing moves are banned
|rule|Swagger Clause: Swagger is banned
|teampreview
|inactive|Battle timer is ON: inactive players will automatically lose when time's up. (requested by Mizuho_poke)
|
|start
|switch|p1a: Blissey|Blissey, F, shiny|100/100
|switch|p2a: Sand Lion|Flygon, F|100/100
|turn|1
|inactive|Mizuho_poke has 120 seconds left.
|
|move|p2a: Sand Lion|U-turn|p1a: Blissey
|-damage|p1a: Blissey|80/100
|
|switch|p2a: Dogmeat|Arcanine, M|100/100|[from]move: U-turn
|-ability|p2a: Dogmeat|Intimidate|boost
|-unboost|p1a: Blissey|atk|1
|move|p1a: Blissey|Ice Beam|p2a: Dogmeat
|-resisted|p2a: Dogmeat
|-damage|p2a: Dogmeat|88/100
|-status|p2a: Dogmeat|frz
|
|-heal|p2a: Dogmeat|94/100 frz|[from] item: Leftovers
|-heal|p1a: Blissey|87/100|[from] item: Leftovers
|upkeep
|turn|2
|
|switch|p1a: Jellicent|Jellicent, F, shiny|100/100
|-curestatus|p2a: Dogmeat|frz|[from] move: Flare Blitz
|move|p2a: Dogmeat|Flare Blitz|p1a: Jellicent
|-resisted|p1a: Jellicent
|-damage|p1a: Jellicent|76/100
|-damage|p2a: Dogmeat|86/100|[from] Recoil
|
|-heal|p2a: Dogmeat|92/100|[from] item: Leftovers
|upkeep
|turn|3
|
|switch|p1a: Landorus|Landorus-Therian, M, shiny|100/100
|-ability|p1a: Landorus|Intimidate|boost
|-unboost|p2a: Dogmeat|atk|1
|move|p2a: Dogmeat|Wild Charge|p1a: Landorus
|-immune|p1a: Landorus
|
|-heal|p2a: Dogmeat|98/100|[from] item: Leftovers
|upkeep
|turn|4
|
|switch|p2a: HitMunStoppable|Hitmontop, M|100/100
|-ability|p2a: HitMunStoppable|Intimidate|boost
|-unboost|p1a: Landorus|atk|1
|move|p1a: Landorus|U-turn|p2a: HitMunStoppable
|-resisted|p2a: HitMunStoppable
|-damage|p2a: HitMunStoppable|92/100
|
|switch|p1a: Alakazam|Alakazam, M, shiny|100/100|[from]move: U-turn
|
|-heal|p2a: HitMunStoppable|98/100|[from] item: Leftovers
|upkeep
|turn|5
|
|move|p2a: HitMunStoppable|Sucker Punch|p1a: Alakazam
|-supereffective|p1a: Alakazam
|-damage|p1a: Alakazam|2/100
|move|p1a: Alakazam|Psyshock|p2a: HitMunStoppable
|-supereffective|p2a: HitMunStoppable
|-damage|p2a: HitMunStoppable|21/100
|
|-heal|p2a: HitMunStoppable|27/100|[from] item: Leftovers
|upkeep
|turn|6
|
|switch|p1a: Jellicent|Jellicent, F, shiny|76/100
|move|p2a: HitMunStoppable|High Jump Kick|p1a: Jellicent
|-immune|p1a: Jellicent
|-damage|p2a: HitMunStoppable|0 fnt|[from] highjumpkick
|faint|p2a: HitMunStoppable
|
|upkeep
|c|☆Dildsmith|ouch
|
|switch|p2a: Sparky|Zapdos, shiny|100/100
|-ability|p2a: Sparky|Pressure
|turn|7
|
|switch|p1a: Blissey|Blissey, F, shiny|87/100
|move|p2a: Sparky|Thunder|p1a: Blissey
|-damage|p1a: Blissey|66/100
|-status|p1a: Blissey|par
|
|-heal|p1a: Blissey|72/100 par|[from] item: Leftovers
|upkeep
|turn|8
|
|switch|p2a: Dogmeat|Arcanine, M|98/100
|-ability|p2a: Dogmeat|Intimidate|boost
|-unboost|p1a: Blissey|atk|1
|move|p1a: Blissey|Stealth Rock|p2a: Dogmeat
|-sidestart|p2: Dildsmith|move: Stealth Rock
|
|-heal|p2a: Dogmeat|100/100|[from] item: Leftovers
|-heal|p1a: Blissey|78/100 par|[from] item: Leftovers
|upkeep
|turn|9
|
|switch|p1a: Landorus|Landorus-Therian, M, shiny|100/100
|-ability|p1a: Landorus|Intimidate|boost
|-unboost|p2a: Dogmeat|atk|1
|move|p2a: Dogmeat|Flare Blitz|p1a: Landorus
|-damage|p1a: Landorus|55/100
|-damage|p2a: Dogmeat|88/100|[from] Recoil
|
|-heal|p2a: Dogmeat|94/100|[from] item: Leftovers
|upkeep
|turn|10
|
|move|p1a: Landorus|U-turn|p2a: Dogmeat
|-resisted|p2a: Dogmeat
|-damage|p2a: Dogmeat|78/100
|
|switch|p1a: Jellicent|Jellicent, F, shiny|76/100|[from]move: U-turn
|move|p2a: Dogmeat|Flare Blitz|p1a: Jellicent
|-resisted|p1a: Jellicent
|-damage|p1a: Jellicent|58/100
|-damage|p2a: Dogmeat|71/100|[from] Recoil
|
|-heal|p2a: Dogmeat|78/100|[from] item: Leftovers
|upkeep
|turn|11
|
|move|p2a: Dogmeat|Wild Charge|p1a: Jellicent
|-supereffective|p1a: Jellicent
|-crit|p1a: Jellicent
|-damage|p1a: Jellicent|0 fnt
|-damage|p2a: Dogmeat|62/100|[from] Recoil
|faint|p1a: Jellicent
|
|-heal|p2a: Dogmeat|69/100|[from] item: Leftovers
|upkeep
|
|switch|p1a: Landorus|Landorus-Therian, M, shiny|55/100
|-ability|p1a: Landorus|Intimidate|boost
|-unboost|p2a: Dogmeat|atk|1
|turn|12
|
|switch|p2a: Sand Lion|Flygon, F|100/100
|-damage|p2a: Sand Lion|95/100|[from] Stealth Rock
|move|p1a: Landorus|Earthquake|p2a: Sand Lion
|-immune|p2a: Sand Lion|[from] ability: Levitate
|
|upkeep
|turn|13
|
|switch|p1a: Blissey|Blissey, F, shiny|78/100
|move|p2a: Sand Lion|U-turn|p1a: Blissey
|-damage|p1a: Blissey|59/100
|
|switch|p2a: NSFW|Tentacruel, M, shiny|100/100|[from]move: U-turn
|-damage|p2a: NSFW|88/100|[from] Stealth Rock
|
|-heal|p2a: NSFW|94/100|[from] item: Black Sludge
|-heal|p1a: Blissey|65/100|[from] item: Leftovers
|upkeep
|turn|14
|
|switch|p1a: Landorus|Landorus-Therian, M, shiny|55/100
|-ability|p1a: Landorus|Intimidate|boost
|-unboost|p2a: NSFW|atk|1
|move|p2a: NSFW|Rapid Spin|p1a: Landorus
|-damage|p1a: Landorus|53/100
|-sideend|p2: Dildsmith|Stealth Rock|[from] move: Rapid Spin|[of] p2a: NSFW
|
|-heal|p2a: NSFW|99/100|[from] item: Black Sludge
|upkeep
|turn|15
|
|move|p2a: NSFW|Protect|p2a: NSFW
|-singleturn|p2a: NSFW|Protect
|move|p1a: Landorus|Hidden Power|p2a: NSFW
|-activate|p2a: NSFW|move: Protect
|
|-heal|p2a: NSFW|100/100|[from] item: Black Sludge
|upkeep
|turn|16
|
|switch|p1a: Blissey|Blissey, F, shiny|65/100
|move|p2a: NSFW|Scald|p1a: Blissey
|-crit|p1a: Blissey
|-damage|p1a: Blissey|47/100
|-status|p1a: Blissey|brn
|
|-heal|p1a: Blissey|53/100 brn|[from] item: Leftovers
|-damage|p1a: Blissey|41/100 brn|[from] brn
|upkeep
|turn|17
|
|switch|p2a: Dogmeat|Arcanine, M|69/100
|-ability|p2a: Dogmeat|Intimidate|boost
|-unboost|p1a: Blissey|atk|1
|move|p1a: Blissey|Soft-Boiled|p1a: Blissey
|-heal|p1a: Blissey|91/100 brn
|
|-heal|p2a: Dogmeat|75/100|[from] item: Leftovers
|-heal|p1a: Blissey|97/100 brn|[from] item: Leftovers
|-damage|p1a: Blissey|84/100 brn|[from] brn
|upkeep
|turn|18
|
|move|p2a: Dogmeat|Flare Blitz|p1a: Blissey
|-damage|p1a: Blissey|30/100 brn
|-damage|p2a: Dogmeat|45/100|[from] Recoil
|move|p1a: Blissey|Stealth Rock|p2a: Dogmeat
|-sidestart|p2: Dildsmith|move: Stealth Rock
|
|-heal|p2a: Dogmeat|51/100|[from] item: Leftovers
|-heal|p1a: Blissey|36/100 brn|[from] item: Leftovers
|-damage|p1a: Blissey|24/100 brn|[from] brn
|upkeep
|turn|19
|
|move|p2a: Dogmeat|Flare Blitz|p1a: Blissey
|-damage|p1a: Blissey|0 fnt
|-damage|p2a: Dogmeat|38/100|[from] Recoil
|faint|p1a: Blissey
|
|-heal|p2a: Dogmeat|44/100|[from] item: Leftovers
|upkeep
|
|switch|p1a: Hydreigon|Hydreigon, M, shiny|100/100
|turn|20
|
|switch|p2a: NSFW|Tentacruel, M, shiny|100/100
|-damage|p2a: NSFW|88/100|[from] Stealth Rock
|move|p1a: Hydreigon|Dark Pulse|p2a: NSFW
|-damage|p2a: NSFW|55/100
|-damage|p1a: Hydreigon|91/100|[from] item: Life Orb
|
|-heal|p2a: NSFW|61/100|[from] item: Black Sludge
|upkeep
|turn|21
|
|switch|p1a: Landorus|Landorus-Therian, M, shiny|53/100
|-ability|p1a: Landorus|Intimidate|boost
|-unboost|p2a: NSFW|atk|1
|move|p2a: NSFW|Protect||[still]
|-fail|p2a: NSFW
|
|-heal|p2a: NSFW|67/100|[from] item: Black Sludge
|upkeep
|turn|22
|
|move|p2a: NSFW|Protect|p2a: NSFW
|-singleturn|p2a: NSFW|Protect
|move|p1a: Landorus|Earthquake|p2a: NSFW
|-activate|p2a: NSFW|move: Protect
|
|-heal|p2a: NSFW|73/100|[from] item: Black Sludge
|upkeep
|turn|23
|
|switch|p1a: Alakazam|Alakazam, M, shiny|2/100
|switch|p2a: Sand Lion|Flygon, F|95/100
|-damage|p2a: Sand Lion|89/100|[from] Stealth Rock
|
|upkeep
|turn|24
|
|switch|p1a: Landorus|Landorus-Therian, M, shiny|53/100
|-ability|p1a: Landorus|Intimidate|boost
|-unboost|p2a: Sand Lion|atk|1
|move|p2a: Sand Lion|U-turn|p1a: Landorus
|-resisted|p1a: Landorus
|-damage|p1a: Landorus|46/100
|
|switch|p2a: Dogmeat|Arcanine, M|44/100|[from]move: U-turn
|-damage|p2a: Dogmeat|19/100|[from] Stealth Rock
|-ability|p2a: Dogmeat|Intimidate|boost
|-unboost|p1a: Landorus|atk|1
|
|-heal|p2a: Dogmeat|25/100|[from] item: Leftovers
|upkeep
|turn|25
|
|move|p2a: Dogmeat|Extreme Speed|p1a: Landorus
|-damage|p1a: Landorus|11/100
|move|p1a: Landorus|Earthquake|p2a: Dogmeat
|-supereffective|p2a: Dogmeat
|-damage|p2a: Dogmeat|0 fnt
|faint|p2a: Dogmeat
|
|upkeep
|
|switch|p2a: Sand Lion|Flygon, F|89/100
|-damage|p2a: Sand Lion|83/100|[from] Stealth Rock
|turn|26
|
|move|p2a: Sand Lion|U-turn|p1a: Landorus
|-resisted|p1a: Landorus
|-damage|p1a: Landorus|0 fnt
|faint|p1a: Landorus
|
|switch|p2a: NSFW|Tentacruel, M, shiny|73/100|[from]move: U-turn
|-damage|p2a: NSFW|60/100|[from] Stealth Rock
|
|-heal|p2a: NSFW|66/100|[from] item: Black Sludge
|upkeep
|l|☆Mizuho_poke
|inactive|Mizuho_poke disconnected and has a minute to reconnect!
|player|p1|
|j|☆Mizuho_poke
|inactive|Mizuho_poke reconnected and has 130 seconds left.
|player|p1|Mizuho_poke|elesa
|
|switch|p1a: Alakazam|Alakazam, M, shiny|2/100
|turn|27
|
|move|p2a: NSFW|Protect|p2a: NSFW
|-singleturn|p2a: NSFW|Protect
|move|p1a: Alakazam|Psyshock|p2a: NSFW
|-activate|p2a: NSFW|move: Protect
|
|-heal|p2a: NSFW|72/100|[from] item: Black Sludge
|upkeep
|turn|28
|
|switch|p2a: Sand Lion|Flygon, F|83/100
|-damage|p2a: Sand Lion|77/100|[from] Stealth Rock
|move|p1a: Alakazam|Psyshock|p2a: Sand Lion
|-damage|p2a: Sand Lion|22/100
|
|upkeep
|turn|29
|
|switch|p1a: Scizor|Scizor, M|100/100
|move|p2a: Sand Lion|U-turn|p1a: Scizor
|-resisted|p1a: Scizor
|-damage|p1a: Scizor|90/100
|
|switch|p2a: NSFW|Tentacruel, M, shiny|72/100|[from]move: U-turn
|-damage|p2a: NSFW|60/100|[from] Stealth Rock
|
|-heal|p2a: NSFW|66/100|[from] item: Black Sludge
|upkeep
|turn|30
|
|move|p2a: NSFW|Rapid Spin|p1a: Scizor
|-resisted|p1a: Scizor
|-crit|p1a: Scizor
|-damage|p1a: Scizor|87/100
|-sideend|p2: Dildsmith|Stealth Rock|[from] move: Rapid Spin|[of] p2a: NSFW
|move|p1a: Scizor|U-turn|p2a: NSFW
|-resisted|p2a: NSFW
|-damage|p2a: NSFW|33/100
|
|switch|p1a: Alakazam|Alakazam, M, shiny|2/100|[from]move: U-turn
|
|-heal|p2a: NSFW|39/100|[from] item: Black Sludge
|upkeep
|turn|31
|
|move|p1a: Alakazam|Psyshock|p2a: NSFW
|-supereffective|p2a: NSFW
|-damage|p2a: NSFW|0 fnt
|faint|p2a: NSFW
|
|upkeep
|
|switch|p2a: Sand Lion|Flygon, F|22/100
|turn|32
|
|switch|p1a: Scizor|Scizor, M|87/100
|move|p2a: Sand Lion|Fire Punch|p1a: Scizor
|-supereffective|p1a: Scizor
|-damage|p1a: Scizor|0 fnt
|faint|p1a: Scizor
|
|upkeep
|
|switch|p1a: Hydreigon|Hydreigon, M, shiny|91/100
|turn|33
|
|switch|p2a: Sparky|Zapdos, shiny|100/100
|-ability|p2a: Sparky|Pressure
|move|p1a: Hydreigon|Dark Pulse|p2a: Sparky
|-damage|p2a: Sparky|59/100
|-damage|p1a: Hydreigon|81/100|[from] item: Life Orb
|
|-heal|p2a: Sparky|65/100|[from] item: Leftovers
|upkeep
|turn|34
|
|move|p1a: Hydreigon|Draco Meteor|p2a: Sparky
|-damage|p2a: Sparky|0 fnt
|-unboost|p1a: Hydreigon|spa|2
|-damage|p1a: Hydreigon|71/100|[from] item: Life Orb
|faint|p2a: Sparky
|
|upkeep
|
|switch|p2a: Sand Lion|Flygon, F|22/100
|turn|35
|c|☆Dildsmith|gg
|-message|Mizuho_poke forfeited.
|
|win|Dildsmith
|l|☆Mizuho_poke
|raw|Mizuho_poke's rating: 1428 &rarr; <strong>1400</strong><br />(-28 for losing)
|raw|Dildsmith's rating: 1279 &rarr; <strong>1315</strong><br />(+36 for winning)
