|j|☆Miltank321
|j|☆HydreigonSpammer
|t:|1733690819
|gametype|singles
|player|p1|Miltank321|juan|1341
|player|p2|HydreigonSpammer|veteranf|1365
|teamsize|p1|6
|teamsize|p2|6
|gen|5
|tier|[Gen 5] OU
|rated|
|rule|Species Clause: Limit one of each Pokémon
|rule|OHKO Clause: OHKO moves are banned
|rule|Moody Clause: Moody is banned
|rule|Evasion Items Clause: Evasion items are banned
|rule|Evasion Moves Clause: Evasion moves are banned
|rule|Endless Battle Clause: Forcing endless battles is banned
|rule|HP Percentage Mod: HP is shown in percentages
|rule|Evasion Abilities Clause: Evasion abilities are banned
|rule|Sleep Moves Clause: Sleep-inducing moves are banned
|rule|Swagger Clause: Swagger is banned
|rule|Baton Pass Stat Clause: No Baton Passer may have a way to boost its stats
|clearpoke
|poke|p1|Rotom-Wash|item
|poke|p1|Gastrodon, F|item
|poke|p1|Porygon-Z|item
|poke|p1|Gliscor, F|item
|poke|p1|Conkeldurr, F|item
|poke|p1|Forretress, F|item
|poke|p2|Abomasnow, M|item
|poke|p2|Kyurem|item
|poke|p2|Reuniclus, M|item
|poke|p2|Mamoswine, M|item
|poke|p2|Alakazam, M|item
|poke|p2|Walrein, M|item
|teampreview
|inactive|Battle timer is ON: inactive players will automatically lose when time's up. (requested by Miltank321)
|
|t:|1733690833
|start
|switch|p1a: Rotom|Rotom-Wash|100/100
|switch|p2a: Mamoswine|Mamoswine, M|100/100
|turn|1
|
|t:|1733690848
|switch|p2a: Abomasnow|Abomasnow, M|100/100
|-weather|Hail|[from] ability: Snow Warning|[of] p2a: Abomasnow
|move|p1a: Rotom|Trick|p2a: Abomasnow
|-activate|p1a: Rotom|move: Trick|[of] p2a: Abomasnow
|-item|p2a: Abomasnow|Sticky Barb|[from] move: Trick
|-item|p1a: Rotom|Leftovers|[from] move: Trick
|
|-weather|Hail|[upkeep]
|-damage|p1a: Rotom|95/100|[from] Hail
|-heal|p1a: Rotom|100/100|[from] item: Leftovers
|-damage|p2a: Abomasnow|88/100|[from] item: Sticky Barb
|upkeep
|turn|2
|j| Blaise BWOU
|
|t:|1733690868
|switch|p1a: Gliscor|Gliscor, F|100/100
|move|p2a: Abomasnow|Energy Ball|p1a: Gliscor
|-damage|p1a: Gliscor|70/100
|
|-weather|Hail|[upkeep]
|-damage|p1a: Gliscor|64/100|[from] Hail
|-status|p1a: Gliscor|tox|[from] item: Toxic Orb
|-damage|p2a: Abomasnow|75/100|[from] item: Sticky Barb
|upkeep
|turn|3
|
|t:|1733690880
|move|p1a: Gliscor|Protect|p1a: Gliscor
|-singleturn|p1a: Gliscor|Protect
|move|p2a: Abomasnow|Ice Beam|p1a: Gliscor
|-activate|p1a: Gliscor|move: Protect
|
|-weather|Hail|[upkeep]
|-damage|p1a: Gliscor|58/100 tox|[from] Hail
|-heal|p1a: Gliscor|70/100 tox|[from] ability: Poison Heal
|-damage|p2a: Abomasnow|63/100|[from] item: Sticky Barb
|upkeep
|turn|4
|
|t:|1733690894
|move|p1a: Gliscor|Substitute|p1a: Gliscor
|-start|p1a: Gliscor|Substitute
|-damage|p1a: Gliscor|45/100 tox
|move|p2a: Abomasnow|Ice Beam|p1a: Gliscor
|-supereffective|p1a: Gliscor
|-end|p1a: Gliscor|Substitute
|
|-weather|Hail|[upkeep]
|-damage|p1a: Gliscor|39/100 tox|[from] Hail
|-heal|p1a: Gliscor|51/100 tox|[from] ability: Poison Heal
|-damage|p2a: Abomasnow|50/100|[from] item: Sticky Barb
|upkeep
|turn|5
|
|t:|1733690906
|switch|p2a: Mamoswine|Mamoswine, M|100/100
|move|p1a: Gliscor|Protect||[still]
|-fail|p1a: Gliscor
|
|-weather|Hail|[upkeep]
|-damage|p1a: Gliscor|45/100 tox|[from] Hail
|-heal|p1a: Gliscor|58/100 tox|[from] ability: Poison Heal
|upkeep
|turn|6
|
|t:|1733690918
|switch|p1a: Forretress|Forretress, F|100/100
|move|p2a: Mamoswine|Stealth Rock|p1a: Forretress
|-sidestart|p1: Miltank321|move: Stealth Rock
|
|-weather|Hail|[upkeep]
|-damage|p1a: Forretress|94/100|[from] Hail
|upkeep
|turn|7
|
|t:|1733690926
|move|p2a: Mamoswine|Earthquake|p1a: Forretress
|-damage|p1a: Forretress|49/100
|move|p1a: Forretress|Rapid Spin|p2a: Mamoswine
|-damage|p2a: Mamoswine|95/100
|-sideend|p1: Miltank321|Stealth Rock|[from] move: Rapid Spin|[of] p1a: Forretress
|
|-weather|Hail|[upkeep]
|-damage|p1a: Forretress|43/100|[from] Hail
|upkeep
|turn|8
|
|t:|1733690937
|move|p2a: Mamoswine|Stealth Rock|p1a: Forretress
|-sidestart|p1: Miltank321|move: Stealth Rock
|move|p1a: Forretress|Stealth Rock|p2a: Mamoswine
|-sidestart|p2: HydreigonSpammer|move: Stealth Rock
|
|-weather|Hail|[upkeep]
|-damage|p1a: Forretress|37/100|[from] Hail
|upkeep
|turn|9
|
|t:|1733690944
|move|p2a: Mamoswine|Earthquake|p1a: Forretress
|-damage|p1a: Forretress|0 fnt
|faint|p1a: Forretress
|
|-weather|Hail|[upkeep]
|upkeep
|
|t:|1733690950
|switch|p1a: Conkeldurr|Conkeldurr, F|100/100
|-damage|p1a: Conkeldurr|94/100|[from] Stealth Rock
|turn|10
|
|t:|1733690962
|move|p2a: Mamoswine|Earthquake|p1a: Conkeldurr
|-damage|p1a: Conkeldurr|40/100
|move|p1a: Conkeldurr|Drain Punch|p2a: Mamoswine
|-supereffective|p2a: Mamoswine
|-damage|p2a: Mamoswine|0 fnt
|-heal|p1a: Conkeldurr|89/100|[from] drain|[of] p2a: Mamoswine
|faint|p2a: Mamoswine
|
|-weather|Hail|[upkeep]
|-damage|p1a: Conkeldurr|83/100|[from] Hail
|-heal|p1a: Conkeldurr|89/100|[from] item: Leftovers
|upkeep
|
|t:|1733690973
|switch|p2a: Alakazam|Alakazam, M|100/100
|turn|11
|
|t:|1733690986
|move|p1a: Conkeldurr|Mach Punch|p2a: Alakazam
|-resisted|p2a: Alakazam
|-damage|p2a: Alakazam|70/100
|move|p2a: Alakazam|Psyshock|p1a: Conkeldurr
|-supereffective|p1a: Conkeldurr
|-damage|p1a: Conkeldurr|3/100
|
|-weather|Hail|[upkeep]
|-damage|p1a: Conkeldurr|0 fnt|[from] Hail
|faint|p1a: Conkeldurr
|upkeep
|
|t:|1733690996
|switch|p1a: Porygon-Z|Porygon-Z, shiny|100/100
|-damage|p1a: Porygon-Z|88/100|[from] Stealth Rock
|turn|12
|
|t:|1733691012
|move|p1a: Porygon-Z|Tri Attack|p2a: Alakazam
|-damage|p2a: Alakazam|6/100
|move|p2a: Alakazam|Focus Blast|p1a: Porygon-Z|[miss]
|-miss|p2a: Alakazam|p1a: Porygon-Z
|
|-weather|Hail|[upkeep]
|-damage|p1a: Porygon-Z|82/100|[from] Hail
|upkeep
|turn|13
|
|t:|1733691031
|move|p1a: Porygon-Z|Tri Attack|p2a: Alakazam
|-crit|p2a: Alakazam
|-damage|p2a: Alakazam|0 fnt
|faint|p2a: Alakazam
|
|-weather|Hail|[upkeep]
|-damage|p1a: Porygon-Z|76/100|[from] Hail
|upkeep
|inactive|HydreigonSpammer has 120 seconds left.
|
|t:|1733691055
|switch|p2a: Walrein|Walrein, M|100/100
|-damage|p2a: Walrein|75/100|[from] Stealth Rock
|turn|14
|inactive|HydreigonSpammer has 120 seconds left.
|
|t:|1733691069
|move|p1a: Porygon-Z|Tri Attack|p2a: Walrein
|-damage|p2a: Walrein|46/100
|move|p2a: Walrein|Ice Beam|p1a: Porygon-Z
|-damage|p1a: Porygon-Z|29/100
|
|-weather|Hail|[upkeep]
|-damage|p1a: Porygon-Z|23/100|[from] Hail
|-heal|p2a: Walrein|53/100|[from] ability: Ice Body
|-heal|p2a: Walrein|59/100|[from] item: Leftovers
|upkeep
|turn|15
|
|t:|1733691081
|switch|p1a: Gastrodon|Gastrodon, F|100/100
|-damage|p1a: Gastrodon|94/100|[from] Stealth Rock
|move|p2a: Walrein|Ice Beam|p1a: Gastrodon
|-damage|p1a: Gastrodon|65/100
|
|-weather|Hail|[upkeep]
|-heal|p2a: Walrein|65/100|[from] ability: Ice Body
|-damage|p1a: Gastrodon|59/100|[from] Hail
|-heal|p2a: Walrein|71/100|[from] item: Leftovers
|-heal|p1a: Gastrodon|65/100|[from] item: Leftovers
|upkeep
|turn|16
|
|t:|1733691096
|move|p2a: Walrein|Toxic|p1a: Gastrodon
|-status|p1a: Gastrodon|tox
|move|p1a: Gastrodon|Toxic|p2a: Walrein
|-status|p2a: Walrein|tox
|
|-weather|Hail|[upkeep]
|-heal|p2a: Walrein|77/100 tox|[from] ability: Ice Body
|-damage|p1a: Gastrodon|59/100 tox|[from] Hail
|-heal|p2a: Walrein|83/100 tox|[from] item: Leftovers
|-heal|p1a: Gastrodon|65/100 tox|[from] item: Leftovers
|-damage|p2a: Walrein|77/100 tox|[from] psn
|-damage|p1a: Gastrodon|59/100 tox|[from] psn
|upkeep
|turn|17
|
|t:|1733691114
|switch|p2a: Reuniclus|Reuniclus, M|100/100
|move|p1a: Gastrodon|Protect||[still]
|-fail|p1a: Gastrodon
|
|-weather|Hail|[upkeep]
|-damage|p1a: Gastrodon|53/100 tox|[from] Hail
|-heal|p1a: Gastrodon|59/100 tox|[from] item: Leftovers
|-damage|p1a: Gastrodon|47/100 tox|[from] psn
|upkeep
|turn|18
|
|t:|1733691128
|switch|p1a: Porygon-Z|Porygon-Z, shiny|23/100
|-damage|p1a: Porygon-Z|11/100|[from] Stealth Rock
|move|p2a: Reuniclus|Calm Mind|p2a: Reuniclus
|-boost|p2a: Reuniclus|spa|1
|-boost|p2a: Reuniclus|spd|1
|
|-weather|Hail|[upkeep]
|-damage|p1a: Porygon-Z|5/100|[from] Hail
|upkeep
|turn|19
|
|t:|1733691142
|switch|p2a: Kyurem|Kyurem|100/100
|-damage|p2a: Kyurem|76/100|[from] Stealth Rock
|-ability|p2a: Kyurem|Pressure
|move|p1a: Porygon-Z|Trick|p2a: Kyurem
|-activate|p1a: Porygon-Z|move: Trick|[of] p2a: Kyurem
|-item|p2a: Kyurem|Choice Scarf|[from] move: Trick
|-item|p1a: Porygon-Z|Expert Belt|[from] move: Trick
|
|-weather|Hail|[upkeep]
|-damage|p1a: Porygon-Z|0 fnt|[from] Hail
|faint|p1a: Porygon-Z
|upkeep
|
|t:|1733691157
|switch|p1a: Rotom|Rotom-Wash|100/100
|-damage|p1a: Rotom|88/100|[from] Stealth Rock
|turn|20
|
|t:|1733691169
|move|p2a: Kyurem|Draco Meteor|p1a: Rotom
|-damage|p1a: Rotom|3/100
|-unboost|p2a: Kyurem|spa|2
|move|p1a: Rotom|Discharge|p2a: Kyurem
|-resisted|p2a: Kyurem
|-damage|p2a: Kyurem|61/100
|
|-weather|Hail|[upkeep]
|-damage|p1a: Rotom|0 fnt|[from] Hail
|faint|p1a: Rotom
|upkeep
|
|t:|1733691183
|switch|p1a: Gliscor|Gliscor, F|58/100 tox
|-damage|p1a: Gliscor|45/100 tox|[from] Stealth Rock
|turn|21
|
|t:|1733691189
|switch|p2a: Walrein|Walrein, M|77/100 tox
|-damage|p2a: Walrein|52/100 tox|[from] Stealth Rock
|move|p1a: Gliscor|Toxic|p2a: Walrein
|-fail|p2a: Walrein|tox
|
|-weather|Hail|[upkeep]
|-damage|p1a: Gliscor|39/100 tox|[from] Hail
|-heal|p2a: Walrein|58/100 tox|[from] ability: Ice Body
|-heal|p2a: Walrein|64/100 tox|[from] item: Leftovers
|-heal|p1a: Gliscor|51/100 tox|[from] ability: Poison Heal
|-damage|p2a: Walrein|58/100 tox|[from] psn
|upkeep
|turn|22
|
|t:|1733691204
|move|p1a: Gliscor|Protect|p1a: Gliscor
|-singleturn|p1a: Gliscor|Protect
|move|p2a: Walrein|Ice Beam|p1a: Gliscor
|-activate|p1a: Gliscor|move: Protect
|
|-weather|Hail|[upkeep]
|-damage|p1a: Gliscor|45/100 tox|[from] Hail
|-heal|p2a: Walrein|64/100 tox|[from] ability: Ice Body
|-heal|p2a: Walrein|71/100 tox|[from] item: Leftovers
|-heal|p1a: Gliscor|58/100 tox|[from] ability: Poison Heal
|-damage|p2a: Walrein|58/100 tox|[from] psn
|upkeep
|turn|23
|
|t:|1733691217
|move|p1a: Gliscor|Substitute|p1a: Gliscor
|-start|p1a: Gliscor|Substitute
|-damage|p1a: Gliscor|33/100 tox
|move|p2a: Walrein|Ice Beam|p1a: Gliscor
|-supereffective|p1a: Gliscor
|-end|p1a: Gliscor|Substitute
|
|-weather|Hail|[upkeep]
|-damage|p1a: Gliscor|26/100 tox|[from] Hail
|-heal|p2a: Walrein|64/100 tox|[from] ability: Ice Body
|-heal|p2a: Walrein|71/100 tox|[from] item: Leftovers
|-heal|p1a: Gliscor|39/100 tox|[from] ability: Poison Heal
|-damage|p2a: Walrein|52/100 tox|[from] psn
|upkeep
|turn|24
|
|t:|1733691232
|switch|p2a: Reuniclus|Reuniclus, M|100/100
|move|p1a: Gliscor|Earthquake|p2a: Reuniclus
|-damage|p2a: Reuniclus|76/100
|
|-weather|Hail|[upkeep]
|-damage|p1a: Gliscor|33/100 tox|[from] Hail
|-heal|p2a: Reuniclus|83/100|[from] item: Leftovers
|-heal|p1a: Gliscor|45/100 tox|[from] ability: Poison Heal
|upkeep
|turn|25
|
|t:|1733691243
|move|p1a: Gliscor|Earthquake|p2a: Reuniclus
|-damage|p2a: Reuniclus|60/100
|move|p2a: Reuniclus|Calm Mind|p2a: Reuniclus
|-boost|p2a: Reuniclus|spa|1
|-boost|p2a: Reuniclus|spd|1
|
|-weather|Hail|[upkeep]
|-damage|p1a: Gliscor|39/100 tox|[from] Hail
|-heal|p2a: Reuniclus|67/100|[from] item: Leftovers
|-heal|p1a: Gliscor|51/100 tox|[from] ability: Poison Heal
|upkeep
|turn|26
|
|t:|1733691257
|move|p1a: Gliscor|Substitute|p1a: Gliscor
|-start|p1a: Gliscor|Substitute
|-damage|p1a: Gliscor|26/100 tox
|move|p2a: Reuniclus|Recover|p2a: Reuniclus
|-heal|p2a: Reuniclus|100/100
|
|-weather|Hail|[upkeep]
|-damage|p1a: Gliscor|20/100 tox|[from] Hail
|-heal|p1a: Gliscor|33/100 tox|[from] ability: Poison Heal
|upkeep
|turn|27
|
|t:|1733691268
|move|p1a: Gliscor|Earthquake|p2a: Reuniclus
|-damage|p2a: Reuniclus|79/100
|move|p2a: Reuniclus|Calm Mind|p2a: Reuniclus
|-boost|p2a: Reuniclus|spa|1
|-boost|p2a: Reuniclus|spd|1
|
|-weather|Hail|[upkeep]
|-damage|p1a: Gliscor|26/100 tox|[from] Hail
|-heal|p2a: Reuniclus|85/100|[from] item: Leftovers
|-heal|p1a: Gliscor|39/100 tox|[from] ability: Poison Heal
|upkeep
|turn|28
|
|t:|1733691280
|move|p1a: Gliscor|Earthquake|p2a: Reuniclus
|-damage|p2a: Reuniclus|63/100
|move|p2a: Reuniclus|Psyshock|p1a: Gliscor
|-end|p1a: Gliscor|Substitute
|
|-weather|Hail|[upkeep]
|-damage|p1a: Gliscor|33/100 tox|[from] Hail
|-heal|p2a: Reuniclus|69/100|[from] item: Leftovers
|-heal|p1a: Gliscor|45/100 tox|[from] ability: Poison Heal
|upkeep
|turn|29
|
|t:|1733691294
|move|p1a: Gliscor|Protect|p1a: Gliscor
|-singleturn|p1a: Gliscor|Protect
|move|p2a: Reuniclus|Psyshock|p1a: Gliscor
|-activate|p1a: Gliscor|move: Protect
|
|-weather|Hail|[upkeep]
|-damage|p1a: Gliscor|39/100 tox|[from] Hail
|-heal|p2a: Reuniclus|75/100|[from] item: Leftovers
|-heal|p1a: Gliscor|51/100 tox|[from] ability: Poison Heal
|upkeep
|turn|30
|
|t:|1733691305
|move|p1a: Gliscor|Substitute|p1a: Gliscor
|-start|p1a: Gliscor|Substitute
|-damage|p1a: Gliscor|26/100 tox
|move|p2a: Reuniclus|Psyshock|p1a: Gliscor
|-end|p1a: Gliscor|Substitute
|
|-weather|Hail|[upkeep]
|-damage|p1a: Gliscor|20/100 tox|[from] Hail
|-heal|p2a: Reuniclus|81/100|[from] item: Leftovers
|-heal|p1a: Gliscor|33/100 tox|[from] ability: Poison Heal
|upkeep
|turn|31
|
|t:|1733691318
|move|p1a: Gliscor|Protect|p1a: Gliscor
|-singleturn|p1a: Gliscor|Protect
|move|p2a: Reuniclus|Psyshock|p1a: Gliscor
|-activate|p1a: Gliscor|move: Protect
|
|-weather|Hail|[upkeep]
|-damage|p1a: Gliscor|26/100 tox|[from] Hail
|-heal|p2a: Reuniclus|87/100|[from] item: Leftovers
|-heal|p1a: Gliscor|39/100 tox|[from] ability: Poison Heal
|upkeep
|turn|32
|
|t:|1733691328
|move|p1a: Gliscor|Substitute|p1a: Gliscor
|-start|p1a: Gliscor|Substitute
|-damage|p1a: Gliscor|14/100 tox
|move|p2a: Reuniclus|Psyshock|p1a: Gliscor
|-end|p1a: Gliscor|Substitute
|
|-weather|Hail|[upkeep]
|-damage|p1a: Gliscor|8/100 tox|[from] Hail
|-heal|p2a: Reuniclus|93/100|[from] item: Leftovers
|-heal|p1a: Gliscor|20/100 tox|[from] ability: Poison Heal
|upkeep
|turn|33
|
|t:|1733691340
|move|p1a: Gliscor|Protect|p1a: Gliscor
|-singleturn|p1a: Gliscor|Protect
|move|p2a: Reuniclus|Psyshock|p1a: Gliscor
|-activate|p1a: Gliscor|move: Protect
|
|-weather|Hail|[upkeep]
|-damage|p1a: Gliscor|14/100 tox|[from] Hail
|-heal|p2a: Reuniclus|99/100|[from] item: Leftovers
|-heal|p1a: Gliscor|26/100 tox|[from] ability: Poison Heal
|upkeep
|turn|34
|
|t:|1733691351
|move|p1a: Gliscor|Substitute|p1a: Gliscor
|-start|p1a: Gliscor|Substitute
|-damage|p1a: Gliscor|2/100 tox
|move|p2a: Reuniclus|Psyshock|p1a: Gliscor
|-end|p1a: Gliscor|Substitute
|
|-weather|Hail|[upkeep]
|-damage|p1a: Gliscor|0 fnt|[from] Hail
|faint|p1a: Gliscor
|-heal|p2a: Reuniclus|100/100|[from] item: Leftovers
|upkeep
|
|t:|1733691369
|switch|p1a: Gastrodon|Gastrodon, F|47/100 tox
|-damage|p1a: Gastrodon|40/100 tox|[from] Stealth Rock
|turn|35
|j| Croaset
|n|!Miltank321|miltank321
|l| Croaset
|inactive|Miltank321 has 120 seconds left.
|
|t:|1733691396
|move|p1a: Gastrodon|Ice Beam|p2a: Reuniclus
|-damage|p2a: Reuniclus|90/100
|move|p2a: Reuniclus|Psyshock|p1a: Gastrodon
|-damage|p1a: Gastrodon|0 fnt
|faint|p1a: Gastrodon
|
|win|HydreigonSpammer
|raw|Miltank321's rating: 1341 &rarr; <strong>1322</strong><br />(-19 for losing)
|raw|HydreigonSpammer's rating: 1365 &rarr; <strong>1384</strong><br />(+19 for winning)
