|j|☆wavyish
|j|☆Dovahhkiin64
|t:|1719513996
|gametype|singles
|player|p1|wavyish|265|1431
|player|p2|Dovahhkiin64|n|1399
|teamsize|p1|6
|teamsize|p2|6
|gen|5
|tier|[Gen 5] OU
|rated|
|rule|Species Clause: Limit one of each Pokémon
|rule|OHKO Clause: OHKO moves are banned
|rule|Moody Clause: Moody is banned
|rule|Evasion Items Clause: Evasion items are banned
|rule|Evasion Moves Clause: Evasion moves are banned
|rule|Endless Battle Clause: Forcing endless battles is banned
|rule|HP Percentage Mod: HP is shown in percentages
|rule|Evasion Abilities Clause: Evasion abilities are banned
|rule|Sleep Moves Clause: Sleep-inducing moves are banned
|rule|Swagger Clause: Swagger is banned
|rule|Baton Pass Stat Clause: No Baton Passer may have a way to boost its stats
|clearpoke
|poke|p1|Tyranitar, F|item
|poke|p1|Heatran, F|item
|poke|p1|Excadrill, F|item
|poke|p1|Latios, M|item
|poke|p1|Rotom-Wash|item
|poke|p1|Reuniclus, M|item
|poke|p2|Volcarona, M|item
|poke|p2|Magnezone|item
|poke|p2|Forretress, M|item
|poke|p2|Latios, M|item
|poke|p2|Terrakion|item
|poke|p2|Gyarados, M|item
|teampreview
|
|t:|1719514016
|start
|switch|p1a: Tyranitar|Tyranitar, F|100/100
|switch|p2a: Forretress|Forretress, M|100/100
|-weather|Sandstorm|[from] ability: Sand Stream|[of] p1a: Tyranitar
|turn|1
|
|t:|1719514026
|switch|p1a: Rotom|Rotom-Wash|100/100
|move|p2a: Forretress|Stealth Rock|p1a: Rotom
|-sidestart|p1: wavyish|move: Stealth Rock
|
|-weather|Sandstorm|[upkeep]
|-damage|p1a: Rotom|95/100|[from] Sandstorm
|-heal|p1a: Rotom|100/100|[from] item: Leftovers
|upkeep
|turn|2
|
|t:|1719514035
|move|p1a: Rotom|Will-O-Wisp|p2a: Forretress
|-status|p2a: Forretress|brn
|move|p2a: Forretress|Volt Switch|p1a: Rotom
|-damage|p1a: Rotom|93/100
|
|t:|1719514041
|switch|p2a: Magnezone|Magnezone|100/100|[from] Volt Switch
|
|-weather|Sandstorm|[upkeep]
|-damage|p1a: Rotom|87/100|[from] Sandstorm
|-heal|p1a: Rotom|93/100|[from] item: Leftovers
|upkeep
|turn|3
|
|t:|1719514066
|move|p2a: Magnezone|Hidden Power|p1a: Rotom
|-resisted|p1a: Rotom
|-damage|p1a: Rotom|77/100
|move|p1a: Rotom|Volt Switch|p2a: Magnezone
|-resisted|p2a: Magnezone
|-damage|p2a: Magnezone|87/100
|
|t:|1719514074
|switch|p1a: Excadrill|Excadrill, F|100/100|[from] Volt Switch
|-damage|p1a: Excadrill|97/100|[from] Stealth Rock
|
|-weather|Sandstorm|[upkeep]
|-heal|p1a: Excadrill|100/100|[from] item: Leftovers
|upkeep
|turn|4
|
|t:|1719514081
|move|p1a: Excadrill|Earthquake|p2a: Magnezone
|-supereffective|p2a: Magnezone
|-damage|p2a: Magnezone|0 fnt
|faint|p2a: Magnezone
|
|-weather|Sandstorm|[upkeep]
|upkeep
|
|t:|1719514089
|switch|p2a: Terrakion|Terrakion|100/100
|turn|5
|
|t:|1719514099
|switch|p1a: Reuniclus|Reuniclus, M|100/100
|move|p2a: Terrakion|Swords Dance|p2a: Terrakion
|-boost|p2a: Terrakion|atk|2
|
|-weather|Sandstorm|[upkeep]
|upkeep
|turn|6
|
|t:|1719514106
|move|p2a: Terrakion|X-Scissor|p1a: Reuniclus
|-supereffective|p1a: Reuniclus
|-damage|p1a: Reuniclus|4/100
|-damage|p2a: Terrakion|91/100|[from] item: Life Orb
|move|p1a: Reuniclus|Psychic|p2a: Terrakion
|-supereffective|p2a: Terrakion
|-damage|p2a: Terrakion|36/100
|
|-weather|Sandstorm|[upkeep]
|-heal|p1a: Reuniclus|10/100|[from] item: Leftovers
|upkeep
|turn|7
|
|t:|1719514117
|move|p2a: Terrakion|Close Combat|p1a: Reuniclus
|-resisted|p1a: Reuniclus
|-damage|p1a: Reuniclus|0 fnt
|-unboost|p2a: Terrakion|def|1
|-unboost|p2a: Terrakion|spd|1
|faint|p1a: Reuniclus
|-damage|p2a: Terrakion|26/100|[from] item: Life Orb
|
|-weather|Sandstorm|[upkeep]
|upkeep
|
|t:|1719514125
|switch|p1a: Tyranitar|Tyranitar, F|100/100
|-damage|p1a: Tyranitar|88/100|[from] Stealth Rock
|turn|8
|
|t:|1719514131
|switch|p2a: Forretress|Forretress, M|100/100 brn
|move|p1a: Tyranitar|Crunch|p2a: Forretress
|-resisted|p2a: Forretress
|-damage|p2a: Forretress|89/100 brn
|
|-weather|Sandstorm|[upkeep]
|-heal|p2a: Forretress|95/100 brn|[from] item: Leftovers
|-damage|p2a: Forretress|82/100 brn|[from] brn
|upkeep
|turn|9
|
|t:|1719514149
|switch|p1a: Excadrill|Excadrill, F|100/100
|-damage|p1a: Excadrill|97/100|[from] Stealth Rock
|switch|p2a: Gyarados|Gyarados, M|100/100
|
|-weather|Sandstorm|[upkeep]
|-damage|p2a: Gyarados|94/100|[from] Sandstorm
|-heal|p2a: Gyarados|100/100|[from] item: Leftovers
|-heal|p1a: Excadrill|100/100|[from] item: Leftovers
|upkeep
|turn|10
|
|t:|1719514160
|switch|p1a: Rotom|Rotom-Wash|77/100
|-damage|p1a: Rotom|65/100|[from] Stealth Rock
|move|p2a: Gyarados|Waterfall|p1a: Rotom
|-resisted|p1a: Rotom
|-damage|p1a: Rotom|44/100
|
|-weather|Sandstorm|[upkeep]
|-damage|p2a: Gyarados|94/100|[from] Sandstorm
|-damage|p1a: Rotom|38/100|[from] Sandstorm
|-heal|p2a: Gyarados|100/100|[from] item: Leftovers
|-heal|p1a: Rotom|44/100|[from] item: Leftovers
|upkeep
|turn|11
|
|t:|1719514177
|switch|p2a: Forretress|Forretress, M|82/100 brn
|move|p1a: Rotom|Pain Split|p2a: Forretress
|-sethp|p2a: Forretress|60/100 brn|[from] move: Pain Split|[silent]
|-sethp|p1a: Rotom|70/100|[from] move: Pain Split
|
|-weather|Sandstorm|[upkeep]
|-damage|p1a: Rotom|64/100|[from] Sandstorm
|-heal|p1a: Rotom|70/100|[from] item: Leftovers
|-heal|p2a: Forretress|66/100 brn|[from] item: Leftovers
|-damage|p2a: Forretress|54/100 brn|[from] brn
|upkeep
|turn|12
|
|t:|1719514199
|move|p1a: Rotom|Hydro Pump|p2a: Forretress
|-damage|p2a: Forretress|0 fnt
|faint|p2a: Forretress
|
|-weather|Sandstorm|[upkeep]
|-damage|p1a: Rotom|64/100|[from] Sandstorm
|-heal|p1a: Rotom|70/100|[from] item: Leftovers
|upkeep
|
|t:|1719514207
|switch|p2a: Volcarona|Volcarona, M|100/100
|turn|13
|
|t:|1719514212
|move|p2a: Volcarona|Quiver Dance|p2a: Volcarona
|-boost|p2a: Volcarona|spa|1
|-boost|p2a: Volcarona|spd|1
|-boost|p2a: Volcarona|spe|1
|move|p1a: Rotom|Hydro Pump|p2a: Volcarona
|-supereffective|p2a: Volcarona
|-damage|p2a: Volcarona|45/100
|
|-weather|Sandstorm|[upkeep]
|-damage|p2a: Volcarona|38/100|[from] Sandstorm
|-damage|p1a: Rotom|64/100|[from] Sandstorm
|-heal|p2a: Volcarona|45/100|[from] item: Leftovers
|-heal|p1a: Rotom|70/100|[from] item: Leftovers
|upkeep
|turn|14
|
|t:|1719514229
|switch|p1a: Heatran|Heatran, F|100/100
|-damage|p1a: Heatran|88/100|[from] Stealth Rock
|move|p2a: Volcarona|Quiver Dance|p2a: Volcarona
|-boost|p2a: Volcarona|spa|1
|-boost|p2a: Volcarona|spd|1
|-boost|p2a: Volcarona|spe|1
|
|-weather|Sandstorm|[upkeep]
|-damage|p2a: Volcarona|38/100|[from] Sandstorm
|-heal|p2a: Volcarona|45/100|[from] item: Leftovers
|-heal|p1a: Heatran|94/100|[from] item: Leftovers
|upkeep
|turn|15
|
|t:|1719514241
|move|p2a: Volcarona|Hidden Power|p1a: Heatran
|-supereffective|p1a: Heatran
|-damage|p1a: Heatran|0 fnt
|faint|p1a: Heatran
|
|-weather|Sandstorm|[upkeep]
|-damage|p2a: Volcarona|38/100|[from] Sandstorm
|-heal|p2a: Volcarona|45/100|[from] item: Leftovers
|upkeep
|
|t:|1719514255
|switch|p1a: Latios|Latios, M|100/100
|-damage|p1a: Latios|88/100|[from] Stealth Rock
|turn|16
|
|t:|1719514260
|move|p2a: Volcarona|Bug Buzz|p1a: Latios
|-supereffective|p1a: Latios
|-damage|p1a: Latios|0 fnt
|faint|p1a: Latios
|
|-weather|Sandstorm|[upkeep]
|-damage|p2a: Volcarona|38/100|[from] Sandstorm
|-heal|p2a: Volcarona|45/100|[from] item: Leftovers
|upkeep
|-message|wavyish forfeited.
|
|win|Dovahhkiin64
|raw|wavyish's rating: 1431 &rarr; <strong>1409</strong><br />(-22 for losing)
|raw|Dovahhkiin64's rating: 1399 &rarr; <strong>1421</strong><br />(+22 for winning)
|l|☆wavyish
|player|p1|
