|j|☆Machine Gun Dragon
|j|☆Nalorium
|player|p1|Machine Gun Dragon|ryuki|1519
|player|p2|Nalorium|twins-gen4dp|1422
|teamsize|p1|6
|teamsize|p2|6
|gametype|singles
|gen|5
|tier|[Gen 5] OU
|rated|
|clearpoke
|poke|p1|Skarmory, F|item
|poke|p1|Gastrodon, M|item
|poke|p1|Reuniclus, M|item
|poke|p1|Tyranitar, F|item
|poke|p1|Latias, F|item
|poke|p1|Heatran, F|item
|poke|p2|Politoed, M|item
|poke|p2|Kyurem-Black|item
|poke|p2|Tentacruel, F|item
|poke|p2|Ferrothorn, F|item
|poke|p2|Landorus-Therian, M|item
|poke|p2|Tornadus, M|item
|rule|Species Clause: Limit one of each Pokémon
|rule|OHKO Clause: OHKO moves are banned
|rule|Moody Clause: Moody is banned
|rule|Evasion Moves Clause: Evasion moves are banned
|rule|Endless Battle Clause: Forcing endless battles is banned
|rule|HP Percentage Mod: HP is shown in percentages
|rule|Evasion Abilities Clause: Evasion abilities are banned
|rule|Baton Pass Clause: Limit one Baton Passer, can't pass Spe and other stats simultaneously
|rule|Sleep Clause: Sleep-inducing moves are banned
|rule|Swagger Clause: Swagger is banned
|teampreview
|
|start
|switch|p1a: Tyranitar|Tyranitar, F, shiny|100/100
|switch|p2a: Politoed|Politoed, M|100/100
|-weather|RainDance|[from] ability: Drizzle|[of] p2a: Politoed
|-weather|Sandstorm|[from] ability: Sand Stream|[of] p1a: Tyranitar
|turn|1
|
|switch|p2a: Landorus|Landorus-Therian, M|100/100
|-ability|p2a: Landorus|Intimidate|boost
|-unboost|p1a: Tyranitar|atk|1
|switch|p1a: Gastrodon|Gastrodon, M, shiny|100/100
|
|-weather|Sandstorm|[upkeep]
|upkeep
|turn|2
|
|move|p2a: Landorus|U-turn|p1a: Gastrodon
|-crit|p1a: Gastrodon
|-damage|p1a: Gastrodon|62/100
|inactive|Battle timer is ON: inactive players will automatically lose when time's up. (requested by Machine Gun Dragon)
|
|switch|p2a: Ferrothorn|Ferrothorn, F|100/100|[from]move: U-turn
|move|p1a: Gastrodon|Scald|p2a: Ferrothorn
|-resisted|p2a: Ferrothorn
|-damage|p2a: Ferrothorn|91/100
|
|-weather|Sandstorm|[upkeep]
|-heal|p1a: Gastrodon|68/100|[from] item: Leftovers
|-heal|p2a: Ferrothorn|98/100|[from] item: Leftovers
|upkeep
|turn|3
|
|switch|p1a: Skarmory|Skarmory, F, shiny|100/100
|move|p2a: Ferrothorn|Stealth Rock|p1a: Skarmory
|-sidestart|p1: Machine Gun Dragon|move: Stealth Rock
|
|-weather|Sandstorm|[upkeep]
|-heal|p2a: Ferrothorn|100/100|[from] item: Leftovers
|upkeep
|turn|4
|
|move|p1a: Skarmory|Spikes|p2a: Ferrothorn
|-sidestart|p2: Nalorium|Spikes
|move|p2a: Ferrothorn|Spikes|p1a: Skarmory
|-sidestart|p1: Machine Gun Dragon|Spikes
|
|-weather|Sandstorm|[upkeep]
|upkeep
|turn|5
|
|switch|p2a: Politoed|Politoed, M|100/100
|-damage|p2a: Politoed|88/100|[from] Spikes
|-weather|RainDance|[from] ability: Drizzle|[of] p2a: Politoed
|move|p1a: Skarmory|Spikes|p2a: Politoed
|-sidestart|p2: Nalorium|Spikes
|
|-weather|RainDance|[upkeep]
|upkeep
|turn|6
|
|switch|p2a: Kyurem|Kyurem-Black|100/100
|-damage|p2a: Kyurem|84/100|[from] Spikes
|-ability|p2a: Kyurem|Teravolt
|move|p1a: Skarmory|Spikes|p2a: Kyurem
|-sidestart|p2: Nalorium|Spikes
|
|-weather|RainDance|[upkeep]
|upkeep
|turn|7
|
|move|p2a: Kyurem|Fusion Bolt|p1a: Skarmory
|-supereffective|p1a: Skarmory
|-damage|p1a: Skarmory|46/100
|move|p1a: Skarmory|Whirlwind|p2a: Kyurem
|drag|p2a: Tentacruel|Tentacruel, F|100/100
|-damage|p2a: Tentacruel|76/100|[from] Spikes
|
|-weather|RainDance|[upkeep]
|-heal|p2a: Tentacruel|82/100|[from] ability: Rain Dish
|-heal|p2a: Tentacruel|88/100|[from] item: Black Sludge
|upkeep
|turn|8
|
|move|p2a: Tentacruel|Rapid Spin|p1a: Skarmory
|-resisted|p1a: Skarmory
|-damage|p1a: Skarmory|46/100
|-damage|p2a: Tentacruel|71/100|[from] item: Rocky Helmet|[of] p1a: Skarmory
|-sideend|p2: Nalorium|Spikes|[from] move: Rapid Spin|[of] p2a: Tentacruel
|move|p1a: Skarmory|Roost|p1a: Skarmory
|-heal|p1a: Skarmory|96/100
|-singleturn|p1a: Skarmory|move: Roost
|
|-weather|RainDance|[upkeep]
|-heal|p2a: Tentacruel|77/100|[from] ability: Rain Dish
|-heal|p2a: Tentacruel|83/100|[from] item: Black Sludge
|upkeep
|turn|9
|
|switch|p1a: Gastrodon|Gastrodon, M, shiny|68/100
|-damage|p1a: Gastrodon|56/100|[from] Spikes
|-damage|p1a: Gastrodon|50/100|[from] Stealth Rock
|move|p2a: Tentacruel|Scald|p1a: Gastrodon
|-ability|p1a: Gastrodon|Storm Drain|boost
|-boost|p1a: Gastrodon|spa|1
|
|-weather|RainDance|[upkeep]
|-heal|p2a: Tentacruel|89/100|[from] ability: Rain Dish
|-heal|p2a: Tentacruel|96/100|[from] item: Black Sludge
|-heal|p1a: Gastrodon|56/100|[from] item: Leftovers
|upkeep
|turn|10
|
|move|p2a: Tentacruel|Toxic|p1a: Gastrodon
|-status|p1a: Gastrodon|tox
|move|p1a: Gastrodon|Recover|p1a: Gastrodon
|-heal|p1a: Gastrodon|100/100 tox
|
|-weather|RainDance|[upkeep]
|-heal|p2a: Tentacruel|100/100|[from] ability: Rain Dish
|-damage|p1a: Gastrodon|94/100 tox|[from] psn
|upkeep
|turn|11
|
|switch|p2a: Ferrothorn|Ferrothorn, F|100/100
|move|p1a: Gastrodon|Earthquake|p2a: Ferrothorn
|-crit|p2a: Ferrothorn
|-damage|p2a: Ferrothorn|58/100
|
|-weather|RainDance|[upkeep]
|-heal|p1a: Gastrodon|100/100 tox|[from] item: Leftovers
|-heal|p2a: Ferrothorn|65/100|[from] item: Leftovers
|-damage|p1a: Gastrodon|88/100 tox|[from] psn
|upkeep
|turn|12
|inactive|Nalorium has 120 seconds left.
|c|☆Machine Gun Dragon|come on
|inactive|Nalorium has 90 seconds left.
|
|switch|p1a: Tyranitar|Tyranitar, F, shiny|100/100
|-damage|p1a: Tyranitar|88/100|[from] Spikes
|-damage|p1a: Tyranitar|76/100|[from] Stealth Rock
|-weather|Sandstorm|[from] ability: Sand Stream|[of] p1a: Tyranitar
|switch|p2a: Kyurem|Kyurem-Black|84/100
|-ability|p2a: Kyurem|Teravolt
|
|-weather|Sandstorm|[upkeep]
|-damage|p2a: Kyurem|78/100|[from] Sandstorm
|upkeep
|turn|13
|
|switch|p2a: Landorus|Landorus-Therian, M|100/100
|-ability|p2a: Landorus|Intimidate|boost
|-unboost|p1a: Tyranitar|atk|1
|move|p1a: Tyranitar|Stealth Rock|p2a: Landorus
|-sidestart|p2: Nalorium|move: Stealth Rock
|
|-weather|Sandstorm|[upkeep]
|upkeep
|turn|14
|inactive|Nalorium has 90 seconds left.
|
|switch|p1a: Skarmory|Skarmory, F, shiny|96/100
|-damage|p1a: Skarmory|83/100|[from] Stealth Rock
|move|p2a: Landorus|U-turn|p1a: Skarmory
|-resisted|p1a: Skarmory
|-damage|p1a: Skarmory|80/100
|-damage|p2a: Landorus|84/100|[from] item: Rocky Helmet|[of] p1a: Skarmory
|
|switch|p2a: Politoed|Politoed, M|88/100|[from]move: U-turn
|-damage|p2a: Politoed|76/100|[from] Stealth Rock
|-weather|RainDance|[from] ability: Drizzle|[of] p2a: Politoed
|
|-weather|RainDance|[upkeep]
|upkeep
|turn|15
|inactive|Nalorium has 60 seconds left.
|c|☆Machine Gun Dragon|30 s/move
|
|switch|p1a: Gastrodon|Gastrodon, M, shiny|88/100 tox
|-damage|p1a: Gastrodon|76/100 tox|[from] Spikes
|-damage|p1a: Gastrodon|70/100 tox|[from] Stealth Rock
|move|p2a: Politoed|Psychic|p1a: Gastrodon
|-damage|p1a: Gastrodon|45/100 tox
|-unboost|p1a: Gastrodon|spd|1
|
|-weather|RainDance|[upkeep]
|-heal|p1a: Gastrodon|51/100 tox|[from] item: Leftovers
|-damage|p1a: Gastrodon|45/100 tox|[from] psn
|upkeep
|turn|16
|c|☆Machine Gun Dragon|still a good palyer.
|
|move|p2a: Politoed|Hydro Pump|p1a: Gastrodon
|-ability|p1a: Gastrodon|Storm Drain|boost
|-boost|p1a: Gastrodon|spa|1
|move|p1a: Gastrodon|Recover|p1a: Gastrodon
|-heal|p1a: Gastrodon|95/100 tox
|
|-weather|RainDance|[upkeep]
|-heal|p1a: Gastrodon|100/100 tox|[from] item: Leftovers
|-damage|p1a: Gastrodon|88/100 tox|[from] psn
|upkeep
|turn|17
|inactive|Nalorium has 60 seconds left.
|
|switch|p1a: Latias|Latias, F|100/100
|-damage|p1a: Latias|88/100|[from] Stealth Rock
|move|p2a: Politoed|Psychic|p1a: Latias
|-resisted|p1a: Latias
|-damage|p1a: Latias|78/100
|
|-weather|RainDance|[upkeep]
|-heal|p1a: Latias|84/100|[from] item: Leftovers
|upkeep
|turn|18
|
|switch|p2a: Ferrothorn|Ferrothorn, F|65/100
|-damage|p2a: Ferrothorn|58/100|[from] Stealth Rock
|move|p1a: Latias|Thunder Wave|p2a: Ferrothorn
|-status|p2a: Ferrothorn|par
|
|-weather|RainDance|[upkeep]
|-heal|p1a: Latias|90/100|[from] item: Leftovers
|-heal|p2a: Ferrothorn|65/100 par|[from] item: Leftovers
|upkeep
|turn|19
|
|switch|p1a: Reuniclus|Reuniclus, M, shiny|100/100
|switch|p2a: Landorus|Landorus-Therian, M|84/100
|-damage|p2a: Landorus|72/100|[from] Stealth Rock
|-ability|p2a: Landorus|Intimidate|boost
|-unboost|p1a: Reuniclus|atk|1
|
|-weather|RainDance|[upkeep]
|upkeep
|turn|20
|
|switch|p1a: Skarmory|Skarmory, F, shiny|80/100
|-damage|p1a: Skarmory|68/100|[from] Stealth Rock
|move|p2a: Landorus|U-turn|p1a: Skarmory
|-resisted|p1a: Skarmory
|-damage|p1a: Skarmory|64/100
|-damage|p2a: Landorus|55/100|[from] item: Rocky Helmet|[of] p1a: Skarmory
|
|switch|p2a: Tentacruel|Tentacruel, F|100/100|[from]move: U-turn
|-damage|p2a: Tentacruel|88/100|[from] Stealth Rock
|
|-weather|RainDance|[upkeep]
|-heal|p2a: Tentacruel|94/100|[from] ability: Rain Dish
|-heal|p2a: Tentacruel|99/100|[from] item: Black Sludge
|upkeep
|turn|21
|
|move|p2a: Tentacruel|Rapid Spin|p1a: Skarmory
|-resisted|p1a: Skarmory
|-damage|p1a: Skarmory|63/100
|-damage|p2a: Tentacruel|84/100|[from] item: Rocky Helmet|[of] p1a: Skarmory
|-sideend|p2: Nalorium|Stealth Rock|[from] move: Rapid Spin|[of] p2a: Tentacruel
|move|p1a: Skarmory|Roost|p1a: Skarmory
|-heal|p1a: Skarmory|100/100
|-singleturn|p1a: Skarmory|move: Roost
|
|-weather|RainDance|[upkeep]
|-heal|p2a: Tentacruel|90/100|[from] ability: Rain Dish
|-heal|p2a: Tentacruel|96/100|[from] item: Black Sludge
|upkeep
|turn|22
|
|switch|p1a: Gastrodon|Gastrodon, M, shiny|88/100 tox
|-damage|p1a: Gastrodon|76/100 tox|[from] Spikes
|-damage|p1a: Gastrodon|70/100 tox|[from] Stealth Rock
|move|p2a: Tentacruel|Scald|p1a: Gastrodon
|-ability|p1a: Gastrodon|Storm Drain|boost
|-boost|p1a: Gastrodon|spa|1
|
|-weather|RainDance|[upkeep]
|-heal|p2a: Tentacruel|100/100|[from] ability: Rain Dish
|-heal|p1a: Gastrodon|76/100 tox|[from] item: Leftovers
|-damage|p1a: Gastrodon|70/100 tox|[from] psn
|upkeep
|turn|23
|
|move|p2a: Tentacruel|Protect|p2a: Tentacruel
|-singleturn|p2a: Tentacruel|Protect
|move|p1a: Gastrodon|Scald|p2a: Tentacruel
|-activate|p2a: Tentacruel|move: Protect
|
|-weather|RainDance|[upkeep]
|-heal|p1a: Gastrodon|76/100 tox|[from] item: Leftovers
|-damage|p1a: Gastrodon|64/100 tox|[from] psn
|upkeep
|turn|24
|inactive|Nalorium has 60 seconds left.
|
|switch|p2a: Ferrothorn|Ferrothorn, F|65/100 par
|move|p1a: Gastrodon|Recover|p1a: Gastrodon
|-heal|p1a: Gastrodon|100/100 tox
|
|-weather|RainDance|[upkeep]
|-heal|p2a: Ferrothorn|71/100 par|[from] item: Leftovers
|-damage|p1a: Gastrodon|82/100 tox|[from] psn
|upkeep
|turn|25
|
|switch|p1a: Tyranitar|Tyranitar, F, shiny|76/100
|-damage|p1a: Tyranitar|64/100|[from] Spikes
|-damage|p1a: Tyranitar|51/100|[from] Stealth Rock
|-weather|Sandstorm|[from] ability: Sand Stream|[of] p1a: Tyranitar
|move|p2a: Ferrothorn|Leech Seed|p1a: Tyranitar
|-start|p1a: Tyranitar|move: Leech Seed
|
|-weather|Sandstorm|[upkeep]
|-heal|p2a: Ferrothorn|77/100 par|[from] item: Leftovers
|-damage|p1a: Tyranitar|39/100|[from] Leech Seed|[of] p2a: Ferrothorn
|-heal|p2a: Ferrothorn|91/100 par|[silent]
|upkeep
|turn|26
|l|☆Machine Gun Dragon
|inactive|Machine Gun Dragon disconnected and has a minute to reconnect!
|player|p1|
|inactive|Machine Gun Dragon has 30 seconds to reconnect!
|inactive|Machine Gun Dragon has 20 seconds to reconnect!
|inactive|Machine Gun Dragon has 15 seconds to reconnect!
|inactive|Machine Gun Dragon has 10 seconds to reconnect!
|inactive|Machine Gun Dragon has 5 seconds to reconnect!
|j|☆Machine Gun Dragon
|inactive|Machine Gun Dragon reconnected and has 85 seconds left.
|player|p1|Machine Gun Dragon|ryuki
|
|switch|p1a: Reuniclus|Reuniclus, M, shiny|100/100
|switch|p2a: Landorus|Landorus-Therian, M|55/100
|-ability|p2a: Landorus|Intimidate|boost
|-unboost|p1a: Reuniclus|atk|1
|
|-weather|Sandstorm|[upkeep]
|upkeep
|turn|27
|
|move|p2a: Landorus|U-turn|p1a: Reuniclus
|-supereffective|p1a: Reuniclus
|-damage|p1a: Reuniclus|67/100
|
|switch|p2a: Politoed|Politoed, M|76/100|[from]move: U-turn
|-weather|RainDance|[from] ability: Drizzle|[of] p2a: Politoed
|move|p1a: Reuniclus|Recover|p1a: Reuniclus
|-heal|p1a: Reuniclus|100/100
|
|-weather|RainDance|[upkeep]
|upkeep
|turn|28
|c|☆Nalorium|Oml
|
|switch|p1a: Latias|Latias, F|90/100
|-damage|p1a: Latias|78/100|[from] Stealth Rock
|move|p2a: Politoed|Hydro Pump|p1a: Latias|[miss]
|-miss|p2a: Politoed|p1a: Latias
|
|-weather|RainDance|[upkeep]
|-heal|p1a: Latias|84/100|[from] item: Leftovers
|upkeep
|turn|29
|c|☆Nalorium|you have 1519
|inactive|Machine Gun Dragon has 60 seconds left.
|c|☆Machine Gun Dragon|play
|
|switch|p2a: Ferrothorn|Ferrothorn, F|91/100 par
|move|p1a: Latias|Draco Meteor|p2a: Ferrothorn
|-resisted|p2a: Ferrothorn
|-damage|p2a: Ferrothorn|70/100 par
|-unboost|p1a: Latias|spa|2
|
|-weather|RainDance|[upkeep]
|-heal|p1a: Latias|90/100|[from] item: Leftovers
|-heal|p2a: Ferrothorn|76/100 par|[from] item: Leftovers
|upkeep
|turn|30
|
|switch|p1a: Reuniclus|Reuniclus, M, shiny|100/100
|switch|p2a: Landorus|Landorus-Therian, M|55/100
|-ability|p2a: Landorus|Intimidate|boost
|-unboost|p1a: Reuniclus|atk|1
|
|-weather|RainDance|[upkeep]
|upkeep
|turn|31
|inactive|Machine Gun Dragon has 60 seconds left.
|
|move|p2a: Landorus|U-turn|p1a: Reuniclus
|-supereffective|p1a: Reuniclus
|-damage|p1a: Reuniclus|65/100
|
|switch|p2a: Politoed|Politoed, M|76/100|[from]move: U-turn
|move|p1a: Reuniclus|Psyshock|p2a: Politoed
|-damage|p2a: Politoed|34/100
|
|-weather|RainDance|[upkeep]
|-heal|p1a: Reuniclus|71/100|[from] item: Leftovers
|upkeep
|turn|32
|inactive|Machine Gun Dragon has 60 seconds left.
|
|switch|p1a: Latias|Latias, F|90/100
|-damage|p1a: Latias|78/100|[from] Stealth Rock
|move|p2a: Politoed|Hydro Pump|p1a: Latias
|-enditem|p2a: Politoed|Water Gem|[from] gem
|-resisted|p1a: Latias
|-damage|p1a: Latias|27/100
|
|-weather|RainDance|[upkeep]
|-heal|p1a: Latias|33/100|[from] item: Leftovers
|upkeep
|turn|33
|inactive|Machine Gun Dragon has 60 seconds left.
|
|move|p1a: Latias|Recover|p1a: Latias
|-heal|p1a: Latias|83/100
|move|p2a: Politoed|Encore|p1a: Latias
|-start|p1a: Latias|Encore
|
|-weather|RainDance|[upkeep]
|-heal|p1a: Latias|89/100|[from] item: Leftovers
|upkeep
|turn|34
|
|move|p1a: Latias|Recover|p1a: Latias
|-heal|p1a: Latias|100/100
|move|p2a: Politoed|Thief|p1a: Latias
|-supereffective|p1a: Latias
|-damage|p1a: Latias|84/100
|-enditem|p1a: Latias|Leftovers|[silent]|[from] move: Thief|[of] p2a: Politoed
|-item|p2a: Politoed|Leftovers|[from] move: Thief|[of] p1a: Latias
|
|-weather|RainDance|[upkeep]
|-heal|p2a: Politoed|40/100|[from] item: Leftovers
|upkeep
|turn|35
|
|switch|p2a: Landorus|Landorus-Therian, M|55/100
|-ability|p2a: Landorus|Intimidate|boost
|-unboost|p1a: Latias|atk|1
|move|p1a: Latias|Recover|p1a: Latias
|-heal|p1a: Latias|100/100
|
|-weather|RainDance|[upkeep]
|upkeep
|turn|36
|
|switch|p1a: Skarmory|Skarmory, F, shiny|100/100
|-damage|p1a: Skarmory|88/100|[from] Stealth Rock
|move|p2a: Landorus|U-turn|p1a: Skarmory
|-resisted|p1a: Skarmory
|-damage|p1a: Skarmory|85/100
|-damage|p2a: Landorus|39/100|[from] item: Rocky Helmet|[of] p1a: Skarmory
|
|switch|p2a: Politoed|Politoed, M|40/100|[from]move: U-turn
|
|-weather|RainDance|[upkeep]
|-heal|p2a: Politoed|46/100|[from] item: Leftovers
|upkeep
|turn|37
|
|switch|p1a: Latias|Latias, F|100/100
|-damage|p1a: Latias|88/100|[from] Stealth Rock
|move|p2a: Politoed|Hydro Pump|p1a: Latias
|-resisted|p1a: Latias
|-damage|p1a: Latias|56/100
|
|-weather|RainDance|[upkeep]
|-heal|p2a: Politoed|52/100|[from] item: Leftovers
|upkeep
|turn|38
|
|switch|p2a: Ferrothorn|Ferrothorn, F|76/100 par
|move|p1a: Latias|Recover|p1a: Latias
|-heal|p1a: Latias|100/100
|
|-weather|RainDance|[upkeep]
|-heal|p2a: Ferrothorn|82/100 par|[from] item: Leftovers
|upkeep
|turn|39
|inactive|Machine Gun Dragon has 90 seconds left.
|
|move|p1a: Latias|Surf|p2a: Ferrothorn
|-resisted|p2a: Ferrothorn
|-crit|p2a: Ferrothorn
|-damage|p2a: Ferrothorn|54/100 par
|move|p2a: Ferrothorn|Leech Seed|p1a: Latias
|-start|p1a: Latias|move: Leech Seed
|
|-weather|RainDance|[upkeep]
|-heal|p2a: Ferrothorn|60/100 par|[from] item: Leftovers
|-damage|p1a: Latias|88/100|[from] Leech Seed|[of] p2a: Ferrothorn
|-heal|p2a: Ferrothorn|71/100 par|[silent]
|upkeep
|turn|40
|
|switch|p1a: Reuniclus|Reuniclus, M, shiny|71/100
|switch|p2a: Politoed|Politoed, M|52/100
|
|-weather|RainDance|[upkeep]
|-heal|p2a: Politoed|58/100|[from] item: Leftovers
|-heal|p1a: Reuniclus|77/100|[from] item: Leftovers
|upkeep
|turn|41
|
|switch|p1a: Gastrodon|Gastrodon, M, shiny|82/100 tox
|-damage|p1a: Gastrodon|76/100 tox|[from] Stealth Rock
|-damage|p1a: Gastrodon|64/100 tox|[from] Spikes
|move|p2a: Politoed|Hydro Pump|p1a: Gastrodon
|-ability|p1a: Gastrodon|Storm Drain|boost
|-boost|p1a: Gastrodon|spa|1
|
|-weather|RainDance|[upkeep]
|-heal|p2a: Politoed|64/100|[from] item: Leftovers
|-heal|p1a: Gastrodon|70/100 tox|[from] item: Leftovers
|-damage|p1a: Gastrodon|64/100 tox|[from] psn
|upkeep
|turn|42
|
|move|p2a: Politoed|Psychic|p1a: Gastrodon
|-damage|p1a: Gastrodon|38/100 tox
|move|p1a: Gastrodon|Recover|p1a: Gastrodon
|-heal|p1a: Gastrodon|88/100 tox
|
|-weather|RainDance|[upkeep]
|-heal|p2a: Politoed|70/100|[from] item: Leftovers
|-heal|p1a: Gastrodon|94/100 tox|[from] item: Leftovers
|-damage|p1a: Gastrodon|81/100 tox|[from] psn
|upkeep
|turn|43
|
|move|p2a: Politoed|Psychic|p1a: Gastrodon
|-crit|p1a: Gastrodon
|-damage|p1a: Gastrodon|27/100 tox
|move|p1a: Gastrodon|Toxic|p2a: Politoed|[miss]
|-miss|p1a: Gastrodon|p2a: Politoed
|
|-weather|RainDance|[upkeep]
|-heal|p2a: Politoed|77/100|[from] item: Leftovers
|-heal|p1a: Gastrodon|33/100 tox|[from] item: Leftovers
|-damage|p1a: Gastrodon|15/100 tox|[from] psn
|upkeep
|turn|44
|inactive|Machine Gun Dragon has 120 seconds left.
|c|☆Nalorium|sry
|
|switch|p1a: Latias|Latias, F|88/100
|-damage|p1a: Latias|76/100|[from] Stealth Rock
|move|p2a: Politoed|Psychic|p1a: Latias
|-resisted|p1a: Latias
|-damage|p1a: Latias|65/100
|
|-weather|RainDance|[upkeep]
|-heal|p2a: Politoed|83/100|[from] item: Leftovers
|upkeep
|turn|45
|
|switch|p2a: Ferrothorn|Ferrothorn, F|71/100 par
|move|p1a: Latias|Recover|p1a: Latias
|-heal|p1a: Latias|100/100
|
|-weather|RainDance|[upkeep]
|-heal|p2a: Ferrothorn|77/100 par|[from] item: Leftovers
|upkeep
|turn|46
|inactive|Machine Gun Dragon has 120 seconds left.
|
|switch|p1a: Reuniclus|Reuniclus, M, shiny|77/100
|move|p2a: Ferrothorn|Leech Seed|p1a: Reuniclus
|-start|p1a: Reuniclus|move: Leech Seed
|
|-weather|RainDance|[upkeep]
|-heal|p1a: Reuniclus|83/100|[from] item: Leftovers
|-heal|p2a: Ferrothorn|84/100 par|[from] item: Leftovers
|upkeep
|turn|47
|
|switch|p2a: Tornadus|Tornadus, M|100/100
|move|p1a: Reuniclus|Psyshock|p2a: Tornadus
|-damage|p2a: Tornadus|45/100
|
|-weather|RainDance|[upkeep]
|-heal|p1a: Reuniclus|90/100|[from] item: Leftovers
|upkeep
|turn|48
|
|switch|p1a: Heatran|Heatran, F, shiny|100/100
|-damage|p1a: Heatran|88/100|[from] Spikes
|-damage|p1a: Heatran|76/100|[from] Stealth Rock
|move|p2a: Tornadus|Hurricane|p1a: Heatran
|-resisted|p1a: Heatran
|-damage|p1a: Heatran|33/100
|-start|p1a: Heatran|confusion
|
|-weather|RainDance|[upkeep]
|upkeep
|turn|49
|
|switch|p2a: Politoed|Politoed, M|83/100
|-activate|p1a: Heatran|confusion
|-damage|p1a: Heatran|26/100|[from] confusion
|
|-weather|RainDance|[upkeep]
|-heal|p2a: Politoed|89/100|[from] item: Leftovers
|upkeep
|turn|50
|
|switch|p1a: Gastrodon|Gastrodon, M, shiny|15/100 tox
|-damage|p1a: Gastrodon|9/100 tox|[from] Stealth Rock
|-damage|p1a: Gastrodon|0 fnt|[from] Spikes
|faint|p1a: Gastrodon
|switch|p2a: Tornadus|Tornadus, M|45/100
|
|-weather|RainDance|[upkeep]
|upkeep
|
|switch|p1a: Heatran|Heatran, F, shiny|26/100
|-damage|p1a: Heatran|14/100|[from] Spikes
|-damage|p1a: Heatran|1/100|[from] Stealth Rock
|turn|51
|
|switch|p2a: Politoed|Politoed, M|89/100
|move|p1a: Heatran|Toxic|p2a: Politoed|[miss]
|-miss|p1a: Heatran|p2a: Politoed
|
|-weather|RainDance|[upkeep]
|-heal|p2a: Politoed|95/100|[from] item: Leftovers
|upkeep
|turn|52
|-message|Machine Gun Dragon forfeited.
|
|win|Nalorium
|l|☆Machine Gun Dragon
|raw|Machine Gun Dragon's rating: 1519 &rarr; <strong>1494</strong><br />(-25 for losing)
|raw|Nalorium's rating: 1422 &rarr; <strong>1448</strong><br />(+26 for winning)
