|j|The Kyle
|j|loud nigra
|player|p1|The Kyle|206
|teamsize|p1|6
|player|p2|loud nigra|86
|teamsize|p2|6
|gametype|singles
|gen|5
|tier|[Gen 5] OU
|rated|
|seed|48845,37846,11182,55803
|rule|Sleep Clause Mod: Limit one foe put to sleep
|rule|Species Clause: Limit one of each Pokémon
|rule|OHKO Clause: OHKO moves are banned
|rule|Moody Clause: Moody is banned
|rule|Evasion Moves Clause: Evasion moves are banned
|rule|Endless Battle Clause: Forcing endless battles is banned
|rule|HP Percentage Mod: HP is shown in percentages
|rule|Evasion Abilities Clause: Evasion abilities are banned
|rule|Baton Pass Clause: Limit one Baton Passer, can't pass Spe and other stats simultaneously
|rule|Swagger Clause: Swagger is banned
|clearpoke
|poke|p1|Skarmory, M|item
|poke|p1|Heatran, M|item
|poke|p1|Tyranitar, M|item
|poke|p1|Garchomp, M|item
|poke|p1|Starmie|item
|poke|p1|Latias, F|item
|poke|p2|Tyranitar, M|item
|poke|p2|Terrakion|item
|poke|p2|Gothitelle, M|item
|poke|p2|Landorus-Therian, M|item
|poke|p2|Ferrothorn, M|item
|poke|p2|Latios, M|item
|teampreview
|inactive|Battle timer is ON: inactive players will automatically lose when time's up. (requested by loud nigra)
|choice|team 1, team 2, team 3, team 4, team 5, team 6|team 4, team 2, team 3, team 1, team 5, team 6
|
|start
|switch|p1a: Skarmory|Skarmory, M|333/333
|switch|p2a: 15:23:10|Landorus-Therian, M|319/319
|-ability|p2a: 15:23:10|Intimidate|boost
|-unboost|p1a: Skarmory|atk|1
|turn|1
|choice|move spikes|move uturn
|
|move|p2a: 15:23:10|U-turn|p1a: Skarmory
|-resisted|p1a: Skarmory
|-damage|p1a: Skarmory|320/333
|choice||switch 3
|
|switch|p2a: next Sunday|Gothitelle, M|281/281|[from]move: U-turn
|move|p1a: Skarmory|Spikes|p2a: next Sunday
|-sidestart|p2: loud nigra|Spikes
|
|upkeep
|turn|2
|choice|switch 3|switch 2
|
|switch|p2a: 6 AM|Terrakion|323/323
|-damage|p2a: 6 AM|283/323|[from] Spikes
|switch|p1a: Tyranitar|Tyranitar, M|386/386
|-weather|Sandstorm|[from] ability: Sand Stream|[of] p1a: Tyranitar
|
|-weather|Sandstorm|[upkeep]
|upkeep
|turn|3
|j|Krayon Pop
|choice|switch 5|move substitute
|
|switch|p1a: Starmie|Starmie|323/323
|move|p2a: 6 AM|Substitute|p2a: 6 AM
|-start|p2a: 6 AM|Substitute
|-damage|p2a: 6 AM|203/323
|
|-weather|Sandstorm|[upkeep]
|-damage|p1a: Starmie|303/323|[from] sandstorm
|-heal|p1a: Starmie|323/323|[from] item: Leftovers
|upkeep
|turn|4
|choice|move psychic|move stoneedge
|
|move|p1a: Starmie|Psychic|p2a: 6 AM
|-supereffective|p2a: 6 AM
|-end|p2a: 6 AM|Substitute
|move|p2a: 6 AM|Stone Edge|p1a: Starmie|[miss]
|-miss|p2a: 6 AM|p1a: Starmie
|
|-weather|Sandstorm|[upkeep]
|-damage|p1a: Starmie|303/323|[from] sandstorm
|-heal|p1a: Starmie|323/323|[from] item: Leftovers
|upkeep
|turn|5
|c| Krayon Pop|lol
|c| Krayon Pop|gg
|choice|move scald|switch 4
|
|switch|p2a: Autistic Faggot|Tyranitar, M|404/404
|-damage|p2a: Autistic Faggot|354/404|[from] Spikes
|move|p1a: Starmie|Scald|p2a: Autistic Faggot
|-supereffective|p2a: Autistic Faggot
|-damage|p2a: Autistic Faggot|246/404
|
|-weather|Sandstorm|[upkeep]
|-damage|p1a: Starmie|303/323|[from] sandstorm
|-heal|p1a: Starmie|323/323|[from] item: Leftovers
|upkeep
|turn|6
|choice|move scald|move pursuit
|
|move|p1a: Starmie|Scald|p2a: Autistic Faggot
|-supereffective|p2a: Autistic Faggot
|-damage|p2a: Autistic Faggot|138/404
|move|p2a: Autistic Faggot|Pursuit|p1a: Starmie
|-enditem|p2a: Autistic Faggot|Dark Gem|[from] gem|[move] Pursuit
|-supereffective|p1a: Starmie
|-damage|p1a: Starmie|95/323
|
|-weather|Sandstorm|[upkeep]
|-damage|p1a: Starmie|75/323|[from] sandstorm
|-heal|p1a: Starmie|95/323|[from] item: Leftovers
|upkeep
|turn|7
|choice|move recover|move pursuit
|
|move|p1a: Starmie|Recover|p1a: Starmie
|-heal|p1a: Starmie|257/323
|move|p2a: Autistic Faggot|Pursuit|p1a: Starmie
|-supereffective|p1a: Starmie
|-damage|p1a: Starmie|119/323
|
|-weather|Sandstorm|[upkeep]
|-damage|p1a: Starmie|99/323|[from] sandstorm
|-heal|p1a: Starmie|119/323|[from] item: Leftovers
|upkeep
|turn|8
|choice|move recover|move crunch
|
|move|p1a: Starmie|Recover|p1a: Starmie
|-heal|p1a: Starmie|281/323
|move|p2a: Autistic Faggot|Crunch|p1a: Starmie
|-supereffective|p1a: Starmie
|-damage|p1a: Starmie|0 fnt
|faint|p1a: Starmie
|
|-weather|Sandstorm|[upkeep]
|upkeep
|choice|switch 3|
|
|switch|p1a: Skarmory|Skarmory, M|320/333
|turn|9
|choice|move spikes|move fireblast
|
|move|p1a: Skarmory|Spikes|p2a: Autistic Faggot
|-sidestart|p2: loud nigra|Spikes
|move|p2a: Autistic Faggot|Fire Blast|p1a: Skarmory|[miss]
|-miss|p2a: Autistic Faggot|p1a: Skarmory
|
|-weather|Sandstorm|[upkeep]
|upkeep
|turn|10
|c|☆loud nigra|z
|choice|move spikes|move stealthrock
|
|move|p1a: Skarmory|Spikes|p2a: Autistic Faggot
|-sidestart|p2: loud nigra|Spikes
|move|p2a: Autistic Faggot|Stealth Rock|p1a: Skarmory
|-sidestart|p1: The Kyle|move: Stealth Rock
|
|-weather|Sandstorm|[upkeep]
|upkeep
|turn|11
|choice|switch 2|move fireblast
|
|switch|p1a: Heatran|Heatran, M|385/385
|-damage|p1a: Heatran|337/385|[from] Stealth Rock
|move|p2a: Autistic Faggot|Fire Blast|p1a: Heatran
|-start|p1a: Heatran|ability: Flash Fire
|
|-weather|Sandstorm|[upkeep]
|-heal|p1a: Heatran|361/385|[from] item: Leftovers
|upkeep
|turn|12
|choice|move stealthrock|move crunch
|
|move|p1a: Heatran|Stealth Rock|p2a: Autistic Faggot
|-sidestart|p2: loud nigra|move: Stealth Rock
|move|p2a: Autistic Faggot|Crunch|p1a: Heatran
|-resisted|p1a: Heatran
|-damage|p1a: Heatran|297/385
|-unboost|p1a: Heatran|def|1
|
|-weather|Sandstorm|[upkeep]
|-heal|p1a: Heatran|321/385|[from] item: Leftovers
|upkeep
|turn|13
|choice|move protect|move crunch
|
|move|p1a: Heatran|Protect|p1a: Heatran
|-singleturn|p1a: Heatran|Protect
|move|p2a: Autistic Faggot|Crunch|p1a: Heatran
|-activate|p1a: Heatran|move: Protect
|
|-weather|Sandstorm|[upkeep]
|-heal|p1a: Heatran|345/385|[from] item: Leftovers
|upkeep
|turn|14
|choice|move lavaplume|move crunch
|
|move|p1a: Heatran|Lava Plume|p2a: Autistic Faggot
|-resisted|p2a: Autistic Faggot
|-crit|p2a: Autistic Faggot
|-damage|p2a: Autistic Faggot|45/404
|move|p2a: Autistic Faggot|Crunch|p1a: Heatran
|-resisted|p1a: Heatran
|-damage|p1a: Heatran|252/385
|
|-weather|Sandstorm|[upkeep]
|-heal|p1a: Heatran|276/385|[from] item: Leftovers
|upkeep
|turn|15
|choice|move lavaplume|move crunch
|
|move|p1a: Heatran|Lava Plume|p2a: Autistic Faggot
|-resisted|p2a: Autistic Faggot
|-damage|p2a: Autistic Faggot|0 fnt
|faint|p2a: Autistic Faggot
|
|-weather|Sandstorm|[upkeep]
|-heal|p1a: Heatran|300/385|[from] item: Leftovers
|upkeep
|choice||switch 4
|
|switch|p2a: 6 AM|Terrakion|203/323
|-damage|p2a: 6 AM|183/323|[from] Stealth Rock
|-damage|p2a: 6 AM|103/323|[from] Spikes
|turn|16
|j|Wady Lood
|choice|switch 4|move closecombat
|
|-end|p1a: Heatran|ability: Flash Fire|[silent]
|switch|p1a: Garchomp|Garchomp, M|357/357
|-damage|p1a: Garchomp|335/357|[from] Stealth Rock
|move|p2a: 6 AM|Close Combat|p1a: Garchomp
|-crit|p1a: Garchomp
|-damage|p1a: Garchomp|0 fnt
|-damage|p2a: 6 AM|63/323|[from] ability: Rough Skin|[of] p1a: Garchomp
|-unboost|p2a: 6 AM|def|1
|-unboost|p2a: 6 AM|spd|1
|faint|p1a: Garchomp
|
|-weather|Sandstorm|[upkeep]
|upkeep
|c| Krayon Pop|lmao
|c| Krayon Pop|just sent a random pm to pdc
|c| Krayon Pop|asking if he liked kpop
|c| Krayon Pop|what you think the response will be
|inactive|The Kyle has 135 seconds left.
|c| Krayon Pop|loud nigra
|choice|switch 6|
|
|switch|p1a: Latias|Latias, F|364/364
|-damage|p1a: Latias|319/364|[from] Stealth Rock
|turn|17
|c|☆loud nigra|"who is this"
|choice|move dragonpulse|move stoneedge
|
|move|p1a: Latias|Dragon Pulse|p2a: 6 AM
|-damage|p2a: 6 AM|0 fnt
|faint|p2a: 6 AM
|
|-weather|Sandstorm|[upkeep]
|-damage|p1a: Latias|297/364|[from] sandstorm
|-heal|p1a: Latias|319/364|[from] item: Leftovers
|upkeep
|c| Krayon Pop|he knows me n00b.
|c| Krayon Pop|oh wait
|c| Krayon Pop|i have a new acc
|choice||switch 3
|
|switch|p2a: 15:23:10|Landorus-Therian, M|319/319
|-damage|p2a: 15:23:10|280/319|[from] Stealth Rock
|-ability|p2a: 15:23:10|Intimidate|boost
|-unboost|p1a: Latias|atk|1
|turn|18
|c| Krayon Pop|you're right
|c| Krayon Pop|that'll probs be the response
|choice|move roost|move uturn
|
|move|p2a: 15:23:10|U-turn|p1a: Latias
|-supereffective|p1a: Latias
|-damage|p1a: Latias|113/364
|choice||switch 5
|
|switch|p2a: 18 hrs @ laptop|Ferrothorn, M|352/352|[from]move: U-turn
|-damage|p2a: 18 hrs @ laptop|330/352|[from] Stealth Rock
|-damage|p2a: 18 hrs @ laptop|242/352|[from] Spikes
|move|p1a: Latias|Roost|p1a: Latias
|-heal|p1a: Latias|295/364
|
|-weather|Sandstorm|[upkeep]
|-damage|p1a: Latias|273/364|[from] sandstorm
|-heal|p1a: Latias|295/364|[from] item: Leftovers
|-heal|p2a: 18 hrs @ laptop|264/352|[from] item: Leftovers
|upkeep
|turn|19
|choice|switch 4|move spikes
|
|switch|p1a: Heatran|Heatran, M|300/385
|-damage|p1a: Heatran|252/385|[from] Stealth Rock
|move|p2a: 18 hrs @ laptop|Spikes|p1a: Heatran
|-sidestart|p1: The Kyle|Spikes
|
|-weather|Sandstorm|[upkeep]
|-heal|p1a: Heatran|276/385|[from] item: Leftovers
|-heal|p2a: 18 hrs @ laptop|286/352|[from] item: Leftovers
|upkeep
|turn|20
|choice|move lavaplume|switch 6
|
|switch|p2a: same time as this|Latios, M|301/301
|-damage|p2a: same time as this|264/301|[from] Stealth Rock
|move|p1a: Heatran|Lava Plume|p2a: same time as this
|-resisted|p2a: same time as this
|-damage|p2a: same time as this|213/301
|
|-weather|Sandstorm|[upkeep]
|-damage|p2a: same time as this|195/301|[from] sandstorm
|-heal|p1a: Heatran|300/385|[from] item: Leftovers
|upkeep
|turn|21
|c| Krayon Pop|where the defog at
|choice|move protect|move surf
|
|move|p1a: Heatran|Protect|p1a: Heatran
|-singleturn|p1a: Heatran|Protect
|move|p2a: same time as this|Surf|p1a: Heatran
|-activate|p1a: Heatran|move: Protect
|
|-weather|Sandstorm|[upkeep]
|-damage|p2a: same time as this|177/301|[from] sandstorm
|-heal|p1a: Heatran|324/385|[from] item: Leftovers
|upkeep
|turn|22
|choice|switch 4|move surf
|
|switch|p1a: Latias|Latias, F|295/364
|-damage|p1a: Latias|250/364|[from] Stealth Rock
|move|p2a: same time as this|Surf|p1a: Latias
|-resisted|p1a: Latias
|-damage|p1a: Latias|186/364
|-damage|p2a: same time as this|147/301|[from] item: Life Orb
|
|-weather|Sandstorm|[upkeep]
|-damage|p2a: same time as this|129/301|[from] sandstorm
|-damage|p1a: Latias|164/364|[from] sandstorm
|-heal|p1a: Latias|186/364|[from] item: Leftovers
|upkeep
|turn|23
|choice|move dragonpulse|switch 5
|
|switch|p2a: 15:23:10|Landorus-Therian, M|280/319
|-damage|p2a: 15:23:10|241/319|[from] Stealth Rock
|-ability|p2a: 15:23:10|Intimidate|boost
|-unboost|p1a: Latias|atk|1
|move|p1a: Latias|Dragon Pulse|p2a: 15:23:10
|-damage|p2a: 15:23:10|73/319
|
|-weather|Sandstorm|[upkeep]
|-damage|p1a: Latias|164/364|[from] sandstorm
|-heal|p1a: Latias|186/364|[from] item: Leftovers
|upkeep
|turn|24
|choice|switch 2|move uturn
|
|switch|p1a: Skarmory|Skarmory, M|320/333
|-damage|p1a: Skarmory|279/333|[from] Stealth Rock
|move|p2a: 15:23:10|U-turn|p1a: Skarmory
|-resisted|p1a: Skarmory
|-damage|p1a: Skarmory|266/333
|c| Wady Lood|fuck loud nigra
|c| Krayon Pop|woah
|c| Krayon Pop|who is that
|inactive|loud nigra has 135 seconds left.
|inactive|loud nigra has 120 seconds left.
|choice||switch 2
|
|switch|p2a: next Sunday|Gothitelle, M|281/281|[from]move: U-turn
|-damage|p2a: next Sunday|211/281|[from] Spikes
|-damage|p2a: next Sunday|176/281|[from] Stealth Rock
|
|-weather|Sandstorm|[upkeep]
|-damage|p2a: next Sunday|159/281|[from] sandstorm
|upkeep
|turn|25
|c| Wady Lood|a spectator of the man who haxed my friend bluri
|c|☆loud nigra|you have no friends
|inactive|The Kyle has 135 seconds left.
|inactive|loud nigra has 135 seconds left.
|c| Wady Lood|rude
|inactive|The Kyle has 120 seconds left.
|c| Krayon Pop|you better not be german
|c| Krayon Pop|i hate germans
|choice|move bravebird|move thunderbolt
|
|move|p2a: next Sunday|Thunderbolt|p1a: Skarmory
|-supereffective|p1a: Skarmory
|-damage|p1a: Skarmory|0 fnt
|faint|p1a: Skarmory
|
|-weather|Sandstorm|[upkeep]
|-damage|p2a: next Sunday|142/281|[from] sandstorm
|upkeep
|choice|switch 5|
|
|switch|p1a: Tyranitar|Tyranitar, M|386/386
|-damage|p1a: Tyranitar|338/386|[from] Spikes
|-damage|p1a: Tyranitar|290/386|[from] Stealth Rock
|turn|26
|c| Wady Lood|i'm jewish
|c| Wady Lood|is that better
|choice|move crunch|move thunderbolt
|
|move|p2a: next Sunday|Thunderbolt|p1a: Tyranitar
|-damage|p1a: Tyranitar|205/386
|move|p1a: Tyranitar|Crunch|p2a: next Sunday
|-supereffective|p2a: next Sunday
|-damage|p2a: next Sunday|0 fnt
|faint|p2a: next Sunday
|
|-weather|Sandstorm|[upkeep]
|upkeep
|c| Krayon Pop|yea
|c| Wady Lood|brilliant
|inactive|loud nigra has 135 seconds left.
|choice||switch 2
|
|switch|p2a: 15:23:10|Landorus-Therian, M|73/319
|-damage|p2a: 15:23:10|34/319|[from] Stealth Rock
|-ability|p2a: 15:23:10|Intimidate|boost
|-unboost|p1a: Tyranitar|atk|1
|turn|27
|inactive|The Kyle has 135 seconds left.
|inactive|loud nigra has 135 seconds left.
|choice|move crunch|move stoneedge
|
|move|p2a: 15:23:10|Stone Edge|p1a: Tyranitar
|-damage|p1a: Tyranitar|95/386
|move|p1a: Tyranitar|Crunch|p2a: 15:23:10
|-damage|p2a: 15:23:10|0 fnt
|faint|p2a: 15:23:10
|
|-weather|Sandstorm|[upkeep]
|upkeep
|choice||switch 5
|
|switch|p2a: same time as this|Latios, M|129/301
|-damage|p2a: same time as this|92/301|[from] Stealth Rock
|turn|28
|choice|move crunch|move surf
|
|move|p2a: same time as this|Surf|p1a: Tyranitar
|-supereffective|p1a: Tyranitar
|-damage|p1a: Tyranitar|0 fnt
|-damage|p2a: same time as this|62/301|[from] item: Life Orb
|faint|p1a: Tyranitar
|
|-weather|Sandstorm|[upkeep]
|-damage|p2a: same time as this|44/301|[from] sandstorm
|upkeep
|choice|switch 2|
|
|switch|p1a: Latias|Latias, F|186/364
|-damage|p1a: Latias|141/364|[from] Stealth Rock
|turn|29
|choice|move dragonpulse|switch 6
|
|switch|p2a: 18 hrs @ laptop|Ferrothorn, M|286/352
|-damage|p2a: 18 hrs @ laptop|198/352|[from] Spikes
|-damage|p2a: 18 hrs @ laptop|176/352|[from] Stealth Rock
|move|p1a: Latias|Dragon Pulse|p2a: 18 hrs @ laptop
|-resisted|p2a: 18 hrs @ laptop
|-damage|p2a: 18 hrs @ laptop|131/352
|
|-weather|Sandstorm|[upkeep]
|-damage|p1a: Latias|119/364|[from] sandstorm
|-heal|p1a: Latias|141/364|[from] item: Leftovers
|-heal|p2a: 18 hrs @ laptop|153/352|[from] item: Leftovers
|upkeep
|turn|30
|inactive|loud nigra has 135 seconds left.
|inactive|loud nigra has 120 seconds left.
|inactive|loud nigra has 105 seconds left.
|choice|switch 4|move leechseed
|
|switch|p1a: Heatran|Heatran, M|324/385
|-damage|p1a: Heatran|276/385|[from] Spikes
|-damage|p1a: Heatran|228/385|[from] Stealth Rock
|move|p2a: 18 hrs @ laptop|Leech Seed|p1a: Heatran
|-start|p1a: Heatran|move: Leech Seed
|
|-weather|Sandstorm|[upkeep]
|-heal|p1a: Heatran|252/385|[from] item: Leftovers
|-heal|p2a: 18 hrs @ laptop|175/352|[from] item: Leftovers
|-damage|p1a: Heatran|204/385|[from] Leech Seed|[of] p2a: 18 hrs @ laptop
|-heal|p2a: 18 hrs @ laptop|223/352|[silent]
|upkeep
|turn|31
|choice|move lavaplume|move spikes
|
|move|p1a: Heatran|Lava Plume|p2a: 18 hrs @ laptop
|-supereffective|p2a: 18 hrs @ laptop
|-damage|p2a: 18 hrs @ laptop|0 fnt
|faint|p2a: 18 hrs @ laptop
|
|-weather|Sandstorm|[upkeep]
|-heal|p1a: Heatran|228/385|[from] item: Leftovers
|upkeep
|choice||switch 6
|
|switch|p2a: same time as this|Latios, M|44/301
|-damage|p2a: same time as this|7/301|[from] Stealth Rock
|turn|32
|choice|move toxic|move recover
|
|move|p2a: same time as this|Recover|p2a: same time as this
|-heal|p2a: same time as this|158/301
|move|p1a: Heatran|Toxic|p2a: same time as this
|-status|p2a: same time as this|tox
|
|-weather|Sandstorm|[upkeep]
|-damage|p2a: same time as this|140/301 tox|[from] sandstorm
|-heal|p1a: Heatran|252/385|[from] item: Leftovers
|-damage|p1a: Heatran|204/385|[from] Leech Seed|[of] p2a: same time as this
|-heal|p2a: same time as this|188/301 tox|[silent]
|-damage|p2a: same time as this|170/301 tox|[from] psn
|upkeep
|turn|33
|inactive|The Kyle has 135 seconds left.
|choice|move lavaplume|move surf
|
|move|p2a: same time as this|Surf|p1a: Heatran
|-supereffective|p1a: Heatran
|-damage|p1a: Heatran|1/385
|-damage|p2a: same time as this|140/301 tox|[from] item: Life Orb
|move|p1a: Heatran|Lava Plume|p2a: same time as this
|-resisted|p2a: same time as this
|-damage|p2a: same time as this|88/301 tox
|
|-weather|Sandstorm|[upkeep]
|-damage|p2a: same time as this|70/301 tox|[from] sandstorm
|-heal|p1a: Heatran|25/385|[from] item: Leftovers
|-damage|p1a: Heatran|0 fnt|[from] Leech Seed|[of] p2a: same time as this
|-heal|p2a: same time as this|95/301 tox|[silent]
|-damage|p2a: same time as this|59/301 tox|[from] psn
|upkeep
|faint|p1a: Heatran
|choice|switch 4|
|
|switch|p1a: Latias|Latias, F|141/364
|-damage|p1a: Latias|96/364|[from] Stealth Rock
|turn|34
|choice|move dragonpulse|move psyshock
|
|move|p2a: same time as this|Psyshock|p1a: Latias
|-resisted|p1a: Latias
|-damage|p1a: Latias|0 fnt
|-damage|p2a: same time as this|29/301 tox|[from] item: Life Orb
|faint|p1a: Latias
|
|win|loud nigra
|raw|The Kyle's rating: 1450 &rarr; <strong>1425</strong><br />(-25 for losing)
|raw|loud nigra's rating: 1363 &rarr; <strong>1388</strong><br />(+25 for winning)
|c|☆loud nigra|gg
|l|The Kyle
|l|Wady Lood
|j|Wady Lood
|l|Krayon Pop
|l|Wady Lood
|j|Krayon Pop