|j|☆Dovahhkiin64
|j|☆CertamenMeum
|t:|1717369298
|gametype|singles
|player|p1|Dovahhkiin64|n|1436
|player|p2|CertamenMeum|blue|1549
|teamsize|p1|6
|teamsize|p2|6
|gen|5
|tier|[Gen 5] OU
|rated|
|rule|Species Clause: Limit one of each Pokémon
|rule|OHKO Clause: OHKO moves are banned
|rule|Moody Clause: Moody is banned
|rule|Evasion Items Clause: Evasion items are banned
|rule|Evasion Moves Clause: Evasion moves are banned
|rule|Endless Battle Clause: Forcing endless battles is banned
|rule|HP Percentage Mod: HP is shown in percentages
|rule|Evasion Abilities Clause: Evasion abilities are banned
|rule|Sleep Moves Clause: Sleep-inducing moves are banned
|rule|Swagger Clause: Swagger is banned
|rule|Baton Pass Stat Clause: No Baton Passer may have a way to boost its stats
|clearpoke
|poke|p1|Lapras, F|item
|poke|p1|Skarmory, F|item
|poke|p1|Chansey, F|item
|poke|p1|Gengar, M|item
|poke|p1|Excadrill, F|item
|poke|p1|Garchomp, F|item
|poke|p2|Dragonite, M|item
|poke|p2|Scizor, F|item
|poke|p2|Forretress, F|item
|poke|p2|Ferrothorn, F|item
|poke|p2|Alakazam, M|item
|poke|p2|Rotom-Wash|item
|teampreview
|inactive|Battle timer is ON: inactive players will automatically lose when time's up. (requested by CertamenMeum)
|
|t:|1717369315
|start
|switch|p1a: Blue Devil|Lapras, F|100/100
|switch|p2a: Rotom|Rotom-Wash, shiny|100/100
|turn|1
|
|t:|1717369324
|switch|p1a: Too Fat|Chansey, F|100/100
|move|p2a: Rotom|Hydro Pump|p1a: Too Fat
|-damage|p1a: Too Fat|71/100
|
|upkeep
|turn|2
|
|t:|1717369336
|switch|p2a: Scizor|Scizor, F|100/100
|move|p1a: Too Fat|Thunder Wave|p2a: Scizor
|-status|p2a: Scizor|par
|
|upkeep
|turn|3
|
|t:|1717369343
|switch|p1a: Ironside|Skarmory, F|100/100
|move|p2a: Scizor|U-turn|p1a: Ironside
|-resisted|p1a: Ironside
|-damage|p1a: Ironside|92/100
|
|t:|1717369361
|switch|p2a: Rotom|Rotom-Wash, shiny|100/100|[from] U-turn
|
|upkeep
|turn|4
|
|t:|1717369374
|switch|p1a: Too Fat|Chansey, F|71/100
|move|p2a: Rotom|Volt Switch|p1a: Too Fat
|-damage|p1a: Too Fat|55/100
|
|t:|1717369379
|switch|p2a: Scizor|Scizor, F|100/100 par|[from] Volt Switch
|
|upkeep
|turn|5
|
|t:|1717369386
|move|p1a: Too Fat|Soft-Boiled|p1a: Too Fat
|-heal|p1a: Too Fat|100/100
|cant|p2a: Scizor|par
|
|upkeep
|turn|6
|
|t:|1717369394
|switch|p1a: Stalker|Gengar, M|100/100
|switch|p2a: Rotom|Rotom-Wash, shiny|100/100
|
|upkeep
|turn|7
|
|t:|1717369402
|move|p1a: Stalker|Shadow Ball|p2a: Rotom
|-damage|p2a: Rotom|27/100
|-damage|p1a: Stalker|91/100|[from] item: Life Orb
|move|p2a: Rotom|Hydro Pump|p1a: Stalker|[miss]
|-miss|p2a: Rotom|p1a: Stalker
|
|upkeep
|turn|8
|
|t:|1717369417
|switch|p2a: Ferrothorn|Ferrothorn, F|100/100
|move|p1a: Stalker|Focus Blast|p2a: Ferrothorn|[miss]
|-miss|p1a: Stalker|p2a: Ferrothorn
|
|upkeep
|turn|9
|
|t:|1717369424
|move|p1a: Stalker|Focus Blast|p2a: Ferrothorn
|-supereffective|p2a: Ferrothorn
|-damage|p2a: Ferrothorn|38/100
|-damage|p1a: Stalker|81/100|[from] item: Life Orb
|move|p2a: Ferrothorn|Leech Seed|p1a: Stalker
|-start|p1a: Stalker|move: Leech Seed
|
|-heal|p2a: Ferrothorn|44/100|[from] item: Leftovers
|-damage|p1a: Stalker|68/100|[from] Leech Seed|[of] p2a: Ferrothorn
|-heal|p2a: Ferrothorn|53/100|[silent]
|upkeep
|turn|10
|
|t:|1717369434
|move|p2a: Ferrothorn|Protect|p2a: Ferrothorn
|-singleturn|p2a: Ferrothorn|Protect
|move|p1a: Stalker|Focus Blast|p2a: Ferrothorn
|-activate|p2a: Ferrothorn|move: Protect
|
|-heal|p2a: Ferrothorn|59/100|[from] item: Leftovers
|-damage|p1a: Stalker|56/100|[from] Leech Seed|[of] p2a: Ferrothorn
|-heal|p2a: Ferrothorn|68/100|[silent]
|upkeep
|turn|11
|
|t:|1717369445
|switch|p1a: Dig Dug|Excadrill, F|100/100
|-ability|p1a: Dig Dug|Mold Breaker
|move|p2a: Ferrothorn|Gyro Ball|p1a: Dig Dug
|-resisted|p1a: Dig Dug
|-damage|p1a: Dig Dug|63/100
|
|-heal|p1a: Dig Dug|69/100|[from] item: Leftovers
|-heal|p2a: Ferrothorn|75/100|[from] item: Leftovers
|upkeep
|turn|12
|
|t:|1717369455
|move|p1a: Dig Dug|Swords Dance|p1a: Dig Dug
|-boost|p1a: Dig Dug|atk|2
|move|p2a: Ferrothorn|Leech Seed|p1a: Dig Dug
|-start|p1a: Dig Dug|move: Leech Seed
|
|-heal|p1a: Dig Dug|75/100|[from] item: Leftovers
|-heal|p2a: Ferrothorn|81/100|[from] item: Leftovers
|-damage|p1a: Dig Dug|63/100|[from] Leech Seed|[of] p2a: Ferrothorn
|-heal|p2a: Ferrothorn|94/100|[silent]
|upkeep
|turn|13
|
|t:|1717369464
|switch|p2a: Dragonite|Dragonite, M|100/100
|move|p1a: Dig Dug|Rapid Spin|p2a: Dragonite
|-damage|p2a: Dragonite|83/100
|-end|p1a: Dig Dug|Leech Seed|[from] move: Rapid Spin|[of] p1a: Dig Dug
|
|-heal|p1a: Dig Dug|69/100|[from] item: Leftovers
|upkeep
|turn|14
|
|t:|1717369476
|move|p1a: Dig Dug|Rock Slide|p2a: Dragonite
|-supereffective|p2a: Dragonite
|-damage|p2a: Dragonite|0 fnt
|faint|p2a: Dragonite
|
|-heal|p1a: Dig Dug|75/100|[from] item: Leftovers
|upkeep
|
|t:|1717369484
|switch|p2a: Alakazam|Alakazam, M|100/100
|turn|15
|
|t:|1717369489
|switch|p2a: Ferrothorn|Ferrothorn, F|94/100
|switch|p1a: Too Fat|Chansey, F|100/100
|
|-heal|p2a: Ferrothorn|99/100|[from] item: Leftovers
|upkeep
|turn|16
|
|t:|1717369508
|switch|p1a: Dig Dug|Excadrill, F|75/100
|-ability|p1a: Dig Dug|Mold Breaker
|move|p2a: Ferrothorn|Curse|p2a: Ferrothorn
|-unboost|p2a: Ferrothorn|spe|1
|-boost|p2a: Ferrothorn|atk|1
|-boost|p2a: Ferrothorn|def|1
|
|-heal|p1a: Dig Dug|81/100|[from] item: Leftovers
|-heal|p2a: Ferrothorn|100/100|[from] item: Leftovers
|upkeep
|turn|17
|
|t:|1717369521
|move|p1a: Dig Dug|Swords Dance|p1a: Dig Dug
|-boost|p1a: Dig Dug|atk|2
|move|p2a: Ferrothorn|Curse|p2a: Ferrothorn
|-unboost|p2a: Ferrothorn|spe|1
|-boost|p2a: Ferrothorn|atk|1
|-boost|p2a: Ferrothorn|def|1
|
|-heal|p1a: Dig Dug|87/100|[from] item: Leftovers
|upkeep
|turn|18
|
|t:|1717369530
|move|p1a: Dig Dug|Earthquake|p2a: Ferrothorn
|-crit|p2a: Ferrothorn
|-damage|p2a: Ferrothorn|0 fnt
|faint|p2a: Ferrothorn
|
|-heal|p1a: Dig Dug|93/100|[from] item: Leftovers
|upkeep
|-message|CertamenMeum forfeited.
|
|win|Dovahhkiin64
|raw|Dovahhkiin64's rating: 1436 &rarr; <strong>1462</strong><br />(+26 for winning)
|raw|CertamenMeum's rating: 1549 &rarr; <strong>1523</strong><br />(-26 for losing)
|l|☆CertamenMeum
|player|p2|
