|uhtml|medal-msg|<div class="broadcast-blue">Curious what those medals under the avatar are? PS now has Ladder Seasons! For more information, check out the <a href="https://www.smogon.com/forums/threads/3740067/">thread on Smogon.</a></div>
|uhtml|medal-msg|<div class="broadcast-blue">Curious what those medals under the avatar are? PS now has Ladder Seasons! For more information, check out the <a href="https://www.smogon.com/forums/threads/3740067/">thread on Smogon.</a></div>
|j|☆Salwen
|j|☆Primary Trout
|t:|1712696199
|gametype|singles
|player|p1|Salwen|madame-gen4dp|1403
|player|p2|Primary Trout|koga|1469
|teamsize|p1|6
|teamsize|p2|6
|gen|5
|tier|[Gen 5] OU
|rated|
|rule|Species Clause: Limit one of each Pokémon
|rule|OHKO Clause: OHKO moves are banned
|rule|Moody Clause: Moody is banned
|rule|Evasion Items Clause: Evasion items are banned
|rule|Evasion Moves Clause: Evasion moves are banned
|rule|Endless Battle Clause: Forcing endless battles is banned
|rule|HP Percentage Mod: HP is shown in percentages
|rule|Evasion Abilities Clause: Evasion abilities are banned
|rule|Sleep Moves Clause: Sleep-inducing moves are banned
|rule|Swagger Clause: Swagger is banned
|rule|Baton Pass Stat Clause: No Baton Passer may have a way to boost its stats
|clearpoke
|poke|p1|Politoed, M|item
|poke|p1|Tentacruel, M|item
|poke|p1|Ferrothorn, F|item
|poke|p1|Landorus-Therian, M|item
|poke|p1|Blissey, F|item
|poke|p1|Latios, M|item
|poke|p2|Jirachi|item
|poke|p2|Salamence, M|item
|poke|p2|Landorus-Therian, M|item
|poke|p2|Scizor, M|item
|poke|p2|Kyurem-Black|item
|poke|p2|Starmie|item
|teampreview
|inactive|Battle timer is ON: inactive players will automatically lose when time's up. (requested by Primary Trout)
|inactive|Salwen also wants the timer to be on.
|
|t:|1712696209
|start
|switch|p1a: Landorus|Landorus-Therian, M|100/100
|switch|p2a: Jirachi|Jirachi|100/100
|-ability|p1a: Landorus|Intimidate|boost
|-unboost|p2a: Jirachi|atk|1
|turn|1
|
|t:|1712696219
|switch|p2a: Landorus|Landorus-Therian, M|100/100
|-ability|p2a: Landorus|Intimidate|boost
|-unboost|p1a: Landorus|atk|1
|move|p1a: Landorus|U-turn|p2a: Landorus
|-resisted|p2a: Landorus
|-damage|p2a: Landorus|95/100
|
|t:|1712696228
|switch|p1a: Politoed|Politoed, M|100/100|[from] U-turn
|-weather|RainDance|[from] ability: Drizzle|[of] p1a: Politoed
|
|-weather|RainDance|[upkeep]
|-heal|p2a: Landorus|100/100|[from] item: Leftovers
|upkeep
|turn|2
|
|t:|1712696231
|switch|p2a: Starmie|Starmie|100/100
|move|p1a: Politoed|Scald|p2a: Starmie
|-resisted|p2a: Starmie
|-damage|p2a: Starmie|78/100
|
|-weather|RainDance|[upkeep]
|-heal|p2a: Starmie|84/100|[from] item: Leftovers
|upkeep
|turn|3
|
|t:|1712696246
|switch|p2a: Jirachi|Jirachi|100/100
|switch|p1a: Landorus|Landorus-Therian, M|100/100
|-ability|p1a: Landorus|Intimidate|boost
|-unboost|p2a: Jirachi|atk|1
|
|-weather|RainDance|[upkeep]
|upkeep
|turn|4
|
|t:|1712696254
|move|p1a: Landorus|U-turn|p2a: Jirachi
|-damage|p2a: Jirachi|78/100
|
|t:|1712696257
|switch|p1a: Ferrothorn|Ferrothorn, F|100/100|[from] U-turn
|move|p2a: Jirachi|Icy Wind|p1a: Ferrothorn
|-damage|p1a: Ferrothorn|91/100
|-unboost|p1a: Ferrothorn|spe|1
|
|-weather|RainDance|[upkeep]
|-heal|p2a: Jirachi|84/100|[from] item: Leftovers
|-heal|p1a: Ferrothorn|98/100|[from] item: Leftovers
|upkeep
|turn|5
|
|t:|1712696265
|move|p2a: Jirachi|Fire Punch|p1a: Ferrothorn
|-supereffective|p1a: Ferrothorn
|-damage|p1a: Ferrothorn|79/100
|-damage|p2a: Jirachi|72/100|[from] ability: Iron Barbs|[of] p1a: Ferrothorn
|move|p1a: Ferrothorn|Stealth Rock|p2a: Jirachi
|-sidestart|p2: Primary Trout|move: Stealth Rock
|
|-weather|RainDance|[upkeep]
|-heal|p2a: Jirachi|78/100|[from] item: Leftovers
|-heal|p1a: Ferrothorn|86/100|[from] item: Leftovers
|upkeep
|turn|6
|
|t:|1712696273
|switch|p2a: Scizor|Scizor, M|100/100
|-damage|p2a: Scizor|88/100|[from] Stealth Rock
|move|p1a: Ferrothorn|Knock Off|p2a: Scizor
|-resisted|p2a: Scizor
|-damage|p2a: Scizor|86/100
|-enditem|p2a: Scizor|Leftovers|[from] move: Knock Off|[of] p1a: Ferrothorn
|
|-weather|RainDance|[upkeep]
|-heal|p1a: Ferrothorn|92/100|[from] item: Leftovers
|upkeep
|turn|7
|
|t:|1712696283
|switch|p1a: Tentacruel|Tentacruel, M|100/100
|move|p2a: Scizor|Superpower|p1a: Tentacruel
|-resisted|p1a: Tentacruel
|-damage|p1a: Tentacruel|71/100
|-unboost|p2a: Scizor|atk|1
|-unboost|p2a: Scizor|def|1
|
|-weather|RainDance|[upkeep]
|-heal|p1a: Tentacruel|77/100|[from] ability: Rain Dish
|-heal|p1a: Tentacruel|83/100|[from] item: Black Sludge
|upkeep
|turn|8
|
|t:|1712696294
|move|p1a: Tentacruel|Scald|p2a: Scizor
|-damage|p2a: Scizor|48/100
|-status|p2a: Scizor|brn
|move|p2a: Scizor|U-turn|p1a: Tentacruel
|-resisted|p1a: Tentacruel
|-damage|p1a: Tentacruel|75/100
|
|t:|1712696297
|switch|p2a: Starmie|Starmie|84/100|[from] U-turn
|-damage|p2a: Starmie|72/100|[from] Stealth Rock
|
|-weather|RainDance|[upkeep]
|-heal|p1a: Tentacruel|81/100|[from] ability: Rain Dish
|-heal|p2a: Starmie|78/100|[from] item: Leftovers
|-heal|p1a: Tentacruel|87/100|[from] item: Black Sludge
|upkeep
|turn|9
|
|t:|1712696313
|switch|p1a: Ferrothorn|Ferrothorn, F|92/100
|move|p2a: Starmie|Rapid Spin|p1a: Ferrothorn
|-resisted|p1a: Ferrothorn
|-damage|p1a: Ferrothorn|91/100
|-damage|p2a: Starmie|66/100|[from] ability: Iron Barbs|[of] p1a: Ferrothorn
|-sideend|p2: Primary Trout|Stealth Rock|[from] move: Rapid Spin|[of] p2a: Starmie
|
|-weather|RainDance|[upkeep]
|-heal|p2a: Starmie|72/100|[from] item: Leftovers
|-heal|p1a: Ferrothorn|97/100|[from] item: Leftovers
|upkeep
|turn|10
|
|t:|1712696318
|move|p2a: Starmie|Scald|p1a: Ferrothorn
|-resisted|p1a: Ferrothorn
|-damage|p1a: Ferrothorn|83/100
|-status|p1a: Ferrothorn|brn
|move|p1a: Ferrothorn|Stealth Rock|p2a: Starmie
|-sidestart|p2: Primary Trout|move: Stealth Rock
|
|-weather|RainDance|[upkeep]
|-heal|p2a: Starmie|78/100|[from] item: Leftovers
|-heal|p1a: Ferrothorn|89/100 brn|[from] item: Leftovers
|-damage|p1a: Ferrothorn|77/100 brn|[from] brn
|upkeep
|turn|11
|
|t:|1712696321
|move|p2a: Starmie|Rapid Spin|p1a: Ferrothorn
|-resisted|p1a: Ferrothorn
|-damage|p1a: Ferrothorn|75/100 brn
|-damage|p2a: Starmie|66/100|[from] ability: Iron Barbs|[of] p1a: Ferrothorn
|-sideend|p2: Primary Trout|Stealth Rock|[from] move: Rapid Spin|[of] p2a: Starmie
|move|p1a: Ferrothorn|Knock Off|p2a: Starmie
|-supereffective|p2a: Starmie
|-damage|p2a: Starmie|61/100
|-enditem|p2a: Starmie|Leftovers|[from] move: Knock Off|[of] p1a: Ferrothorn
|
|-weather|RainDance|[upkeep]
|-heal|p1a: Ferrothorn|82/100 brn|[from] item: Leftovers
|-damage|p1a: Ferrothorn|69/100 brn|[from] brn
|upkeep
|turn|12
|
|t:|1712696326
|move|p2a: Starmie|Ice Beam|p1a: Ferrothorn
|-damage|p1a: Ferrothorn|54/100 brn
|move|p1a: Ferrothorn|Stealth Rock|p2a: Starmie
|-sidestart|p2: Primary Trout|move: Stealth Rock
|
|-weather|RainDance|[upkeep]
|-heal|p1a: Ferrothorn|61/100 brn|[from] item: Leftovers
|-damage|p1a: Ferrothorn|48/100 brn|[from] brn
|upkeep
|turn|13
|
|t:|1712696329
|switch|p1a: Blissey|Blissey, F|100/100
|move|p2a: Starmie|Rapid Spin|p1a: Blissey
|-damage|p1a: Blissey|98/100
|-sideend|p2: Primary Trout|Stealth Rock|[from] move: Rapid Spin|[of] p2a: Starmie
|
|-weather|RainDance|[upkeep]
|-heal|p1a: Blissey|100/100|[from] item: Leftovers
|upkeep
|turn|14
|
|t:|1712696332
|move|p2a: Starmie|Recover|p2a: Starmie
|-heal|p2a: Starmie|100/100
|move|p1a: Blissey|Wish|p1a: Blissey
|
|-weather|RainDance|[upkeep]
|upkeep
|turn|15
|
|t:|1712696339
|switch|p2a: Salamence|Salamence, M|100/100
|-ability|p2a: Salamence|Intimidate|boost
|-unboost|p1a: Blissey|atk|1
|switch|p1a: Ferrothorn|Ferrothorn, F|48/100 brn
|
|-weather|RainDance|[upkeep]
|-heal|p1a: Ferrothorn|100/100 brn|[from] move: Wish|[wisher] Blissey
|-damage|p1a: Ferrothorn|88/100 brn|[from] brn
|upkeep
|turn|16
|
|t:|1712696344
|move|p2a: Salamence|Fire Blast|p1a: Ferrothorn
|-supereffective|p1a: Ferrothorn
|-damage|p1a: Ferrothorn|11/100 brn
|move|p1a: Ferrothorn|Stealth Rock|p2a: Salamence
|-sidestart|p2: Primary Trout|move: Stealth Rock
|
|-weather|RainDance|[upkeep]
|-heal|p1a: Ferrothorn|17/100 brn|[from] item: Leftovers
|-damage|p1a: Ferrothorn|4/100 brn|[from] brn
|upkeep
|turn|17
|
|t:|1712696353
|switch|p2a: Starmie|Starmie|100/100
|-damage|p2a: Starmie|88/100|[from] Stealth Rock
|switch|p1a: Politoed|Politoed, M|100/100
|
|-weather|RainDance|[upkeep]
|upkeep
|turn|18
|
|t:|1712696356
|move|p2a: Starmie|Rapid Spin|p1a: Politoed
|-damage|p1a: Politoed|98/100
|-sideend|p2: Primary Trout|Stealth Rock|[from] move: Rapid Spin|[of] p2a: Starmie
|move|p1a: Politoed|Toxic|p2a: Starmie
|-status|p2a: Starmie|tox
|
|-weather|RainDance|[upkeep]
|-heal|p1a: Politoed|100/100|[from] item: Leftovers
|-damage|p2a: Starmie|82/100 tox|[from] psn
|upkeep
|turn|19
|
|t:|1712696362
|move|p2a: Starmie|Scald|p1a: Politoed
|-resisted|p1a: Politoed
|-damage|p1a: Politoed|86/100
|-status|p1a: Politoed|brn
|move|p1a: Politoed|Scald|p2a: Starmie
|-resisted|p2a: Starmie
|-damage|p2a: Starmie|59/100 tox
|
|-weather|RainDance|[upkeep]
|-heal|p1a: Politoed|92/100 brn|[from] item: Leftovers
|-damage|p2a: Starmie|46/100 tox|[from] psn
|-damage|p1a: Politoed|80/100 brn|[from] brn
|upkeep
|turn|20
|
|t:|1712696368
|-curestatus|p2a: Starmie|tox|[from] ability: Natural Cure
|switch|p2a: Salamence|Salamence, M|100/100
|-ability|p2a: Salamence|Intimidate|boost
|-unboost|p1a: Politoed|atk|1
|move|p1a: Politoed|Scald|p2a: Salamence
|-resisted|p2a: Salamence
|-damage|p2a: Salamence|78/100
|
|-weather|RainDance|[upkeep]
|-heal|p1a: Politoed|86/100 brn|[from] item: Leftovers
|-damage|p1a: Politoed|74/100 brn|[from] brn
|upkeep
|turn|21
|
|t:|1712696382
|move|p1a: Politoed|Protect|p1a: Politoed
|-singleturn|p1a: Politoed|Protect
|move|p2a: Salamence|Draco Meteor|p1a: Politoed
|-activate|p1a: Politoed|move: Protect
|
|-weather|RainDance|[upkeep]
|-heal|p1a: Politoed|80/100 brn|[from] item: Leftovers
|-damage|p1a: Politoed|68/100 brn|[from] brn
|upkeep
|turn|22
|
|t:|1712696389
|switch|p2a: Scizor|Scizor, M|48/100 brn
|switch|p1a: Blissey|Blissey, F|100/100
|
|-weather|RainDance|[upkeep]
|-damage|p2a: Scizor|36/100 brn|[from] brn
|upkeep
|turn|23
|
|t:|1712696393
|switch|p1a: Tentacruel|Tentacruel, M|87/100
|move|p2a: Scizor|Swords Dance|p2a: Scizor
|-boost|p2a: Scizor|atk|2
|
|-weather|RainDance|[upkeep]
|-heal|p1a: Tentacruel|93/100|[from] ability: Rain Dish
|-heal|p1a: Tentacruel|99/100|[from] item: Black Sludge
|-damage|p2a: Scizor|23/100 brn|[from] brn
|upkeep
|turn|24
|
|t:|1712696398
|switch|p2a: Salamence|Salamence, M|78/100
|-ability|p2a: Salamence|Intimidate|boost
|-unboost|p1a: Tentacruel|atk|1
|move|p1a: Tentacruel|Scald|p2a: Salamence
|-resisted|p2a: Salamence
|-damage|p2a: Salamence|57/100
|
|-weather|RainDance|[upkeep]
|-heal|p1a: Tentacruel|100/100|[from] ability: Rain Dish
|upkeep
|turn|25
|
|t:|1712696407
|move|p1a: Tentacruel|Protect|p1a: Tentacruel
|-singleturn|p1a: Tentacruel|Protect
|move|p2a: Salamence|Draco Meteor|p1a: Tentacruel
|-activate|p1a: Tentacruel|move: Protect
|
|-weather|RainDance|[upkeep]
|upkeep
|turn|26
|
|t:|1712696412
|switch|p1a: Blissey|Blissey, F|100/100
|move|p2a: Salamence|Draco Meteor|p1a: Blissey
|-damage|p1a: Blissey|66/100
|-unboost|p2a: Salamence|spa|2
|
|-weather|RainDance|[upkeep]
|-heal|p1a: Blissey|72/100|[from] item: Leftovers
|upkeep
|turn|27
|
|t:|1712696416
|switch|p2a: Landorus|Landorus-Therian, M|100/100
|-ability|p2a: Landorus|Intimidate|boost
|-unboost|p1a: Blissey|atk|1
|move|p1a: Blissey|Wish|p1a: Blissey
|
|-weather|RainDance|[upkeep]
|-heal|p1a: Blissey|78/100|[from] item: Leftovers
|upkeep
|turn|28
|
|t:|1712696422
|switch|p1a: Politoed|Politoed, M|68/100 brn
|move|p2a: Landorus|Earthquake|p1a: Politoed
|-damage|p1a: Politoed|25/100 brn
|
|-weather|RainDance|[upkeep]
|-heal|p1a: Politoed|100/100 brn|[from] move: Wish|[wisher] Blissey
|-damage|p1a: Politoed|88/100 brn|[from] brn
|upkeep
|turn|29
|
|t:|1712696431
|move|p2a: Landorus|Stealth Rock|p1a: Politoed
|-sidestart|p1: Salwen|move: Stealth Rock
|move|p1a: Politoed|Scald|p2a: Landorus
|-supereffective|p2a: Landorus
|-crit|p2a: Landorus
|-damage|p2a: Landorus|0 fnt
|faint|p2a: Landorus
|
|-weather|RainDance|[upkeep]
|-heal|p1a: Politoed|94/100 brn|[from] item: Leftovers
|-damage|p1a: Politoed|82/100 brn|[from] brn
|upkeep
|
|t:|1712696438
|switch|p2a: Jirachi|Jirachi|78/100
|turn|30
|
|t:|1712696444
|move|p2a: Jirachi|Thunder|p1a: Politoed
|-supereffective|p1a: Politoed
|-damage|p1a: Politoed|39/100 brn
|move|p1a: Politoed|Scald|p2a: Jirachi
|-damage|p2a: Jirachi|47/100
|
|-weather|RainDance|[upkeep]
|-heal|p2a: Jirachi|53/100|[from] item: Leftovers
|-heal|p1a: Politoed|45/100 brn|[from] item: Leftovers
|-damage|p1a: Politoed|32/100 brn|[from] brn
|upkeep
|turn|31
|
|t:|1712696454
|switch|p1a: Blissey|Blissey, F|78/100
|-damage|p1a: Blissey|65/100|[from] Stealth Rock
|move|p2a: Jirachi|Icy Wind|p1a: Blissey
|-damage|p1a: Blissey|61/100
|-unboost|p1a: Blissey|spe|1
|
|-weather|RainDance|[upkeep]
|-heal|p2a: Jirachi|59/100|[from] item: Leftovers
|-heal|p1a: Blissey|67/100|[from] item: Leftovers
|upkeep
|turn|32
|j| hw ghost
|
|t:|1712696458
|move|p2a: Jirachi|Iron Head|p1a: Blissey
|-damage|p1a: Blissey|41/100
|cant|p1a: Blissey|flinch
|
|-weather|RainDance|[upkeep]
|-heal|p2a: Jirachi|65/100|[from] item: Leftovers
|-heal|p1a: Blissey|47/100|[from] item: Leftovers
|upkeep
|turn|33
|
|t:|1712696462
|move|p2a: Jirachi|Iron Head|p1a: Blissey
|-damage|p1a: Blissey|20/100
|move|p1a: Blissey|Soft-Boiled|p1a: Blissey
|-heal|p1a: Blissey|70/100
|
|-weather|RainDance|[upkeep]
|-heal|p2a: Jirachi|72/100|[from] item: Leftovers
|-heal|p1a: Blissey|76/100|[from] item: Leftovers
|upkeep
|turn|34
|
|t:|1712696467
|move|p2a: Jirachi|Iron Head|p1a: Blissey
|-damage|p1a: Blissey|50/100
|cant|p1a: Blissey|flinch
|
|-weather|RainDance|[upkeep]
|-heal|p2a: Jirachi|78/100|[from] item: Leftovers
|-heal|p1a: Blissey|56/100|[from] item: Leftovers
|upkeep
|turn|35
|
|t:|1712696470
|move|p2a: Jirachi|Iron Head|p1a: Blissey
|-damage|p1a: Blissey|29/100
|move|p1a: Blissey|Soft-Boiled|p1a: Blissey
|-heal|p1a: Blissey|79/100
|
|-weather|RainDance|[upkeep]
|-heal|p2a: Jirachi|84/100|[from] item: Leftovers
|-heal|p1a: Blissey|85/100|[from] item: Leftovers
|upkeep
|turn|36
|
|t:|1712696473
|move|p2a: Jirachi|Iron Head|p1a: Blissey
|-damage|p1a: Blissey|61/100
|move|p1a: Blissey|Thunder Wave|p2a: Jirachi
|-status|p2a: Jirachi|par
|
|-weather|RainDance|[upkeep]
|-heal|p1a: Blissey|67/100|[from] item: Leftovers
|-heal|p2a: Jirachi|90/100 par|[from] item: Leftovers
|upkeep
|turn|37
|
|t:|1712696478
|switch|p2a: Scizor|Scizor, M|23/100 brn
|move|p1a: Blissey|Soft-Boiled|p1a: Blissey
|-heal|p1a: Blissey|100/100
|
|-weather|RainDance|[upkeep]
|-damage|p2a: Scizor|11/100 brn|[from] brn
|upkeep
|turn|38
|
|t:|1712696484
|switch|p1a: Ferrothorn|Ferrothorn, F|4/100 brn
|-damage|p1a: Ferrothorn|0 fnt|[from] Stealth Rock
|faint|p1a: Ferrothorn
|move|p2a: Scizor|U-turn|p1: Ferrothorn|[notarget]
|-fail|p2a: Scizor
|
|-weather|RainDance|[upkeep]
|-damage|p2a: Scizor|0 fnt|[from] brn
|faint|p2a: Scizor
|upkeep
|
|t:|1712696501
|switch|p2a: Kyurem|Kyurem-Black|100/100
|switch|p1a: Latios|Latios, M|100/100
|-ability|p2a: Kyurem|Teravolt
|-damage|p1a: Latios|88/100|[from] Stealth Rock
|turn|39
|
|t:|1712696506
|switch|p2a: Jirachi|Jirachi|90/100 par
|move|p1a: Latios|Draco Meteor|p2a: Jirachi
|-resisted|p2a: Jirachi
|-damage|p2a: Jirachi|41/100 par
|-unboost|p1a: Latios|spa|2
|
|-weather|RainDance|[upkeep]
|-heal|p2a: Jirachi|47/100 par|[from] item: Leftovers
|upkeep
|turn|40
|
|t:|1712696513
|switch|p1a: Blissey|Blissey, F|100/100
|-damage|p1a: Blissey|88/100|[from] Stealth Rock
|switch|p2a: Kyurem|Kyurem-Black|100/100
|-ability|p2a: Kyurem|Teravolt
|
|-weather|RainDance|[upkeep]
|-heal|p1a: Blissey|94/100|[from] item: Leftovers
|upkeep
|turn|41
|
|t:|1712696517
|move|p2a: Kyurem|Dragon Claw|p1a: Blissey
|-damage|p1a: Blissey|47/100
|move|p1a: Blissey|Thunder Wave|p2a: Kyurem
|-status|p2a: Kyurem|par
|
|-weather|RainDance|[upkeep]
|-heal|p1a: Blissey|53/100|[from] item: Leftovers
|upkeep
|turn|42
|
|t:|1712696521
|move|p1a: Blissey|Soft-Boiled|p1a: Blissey
|-heal|p1a: Blissey|100/100
|move|p2a: Kyurem|Dragon Claw|p1a: Blissey
|-damage|p1a: Blissey|54/100
|
|-weather|RainDance|[upkeep]
|-heal|p1a: Blissey|60/100|[from] item: Leftovers
|upkeep
|turn|43
|
|t:|1712696529
|move|p1a: Blissey|Soft-Boiled|p1a: Blissey
|-heal|p1a: Blissey|100/100
|move|p2a: Kyurem|Dragon Claw|p1a: Blissey
|-crit|p1a: Blissey
|-damage|p1a: Blissey|2/100
|
|-weather|RainDance|[upkeep]
|-heal|p1a: Blissey|8/100|[from] item: Leftovers
|upkeep
|turn|44
|
|t:|1712696536
|move|p1a: Blissey|Soft-Boiled|p1a: Blissey
|-heal|p1a: Blissey|58/100
|move|p2a: Kyurem|Dragon Claw|p1a: Blissey
|-damage|p1a: Blissey|9/100
|
|-weather|RainDance|[upkeep]
|-heal|p1a: Blissey|16/100|[from] item: Leftovers
|upkeep
|turn|45
|
|t:|1712696539
|move|p1a: Blissey|Soft-Boiled|p1a: Blissey
|-heal|p1a: Blissey|66/100
|move|p2a: Kyurem|Dragon Claw|p1a: Blissey
|-damage|p1a: Blissey|20/100
|
|-weather|RainDance|[upkeep]
|-heal|p1a: Blissey|27/100|[from] item: Leftovers
|upkeep
|turn|46
|
|t:|1712696541
|move|p1a: Blissey|Soft-Boiled|p1a: Blissey
|-heal|p1a: Blissey|77/100
|cant|p2a: Kyurem|par
|
|-weather|RainDance|[upkeep]
|-heal|p1a: Blissey|83/100|[from] item: Leftovers
|upkeep
|turn|47
|
|t:|1712696546
|switch|p1a: Landorus|Landorus-Therian, M|100/100
|-damage|p1a: Landorus|88/100|[from] Stealth Rock
|-ability|p1a: Landorus|Intimidate|boost
|-unboost|p2a: Kyurem|atk|1
|move|p2a: Kyurem|Dragon Claw|p1a: Landorus
|-damage|p1a: Landorus|52/100
|
|-weather|RainDance|[upkeep]
|upkeep
|turn|48
|
|t:|1712696551
|switch|p2a: Jirachi|Jirachi|47/100 par
|move|p1a: Landorus|U-turn|p2a: Jirachi
|-damage|p2a: Jirachi|25/100 par
|
|t:|1712696559
|switch|p1a: Blissey|Blissey, F|83/100|[from] U-turn
|-damage|p1a: Blissey|70/100|[from] Stealth Rock
|
|-weather|RainDance|[upkeep]
|-heal|p1a: Blissey|76/100|[from] item: Leftovers
|-heal|p2a: Jirachi|31/100 par|[from] item: Leftovers
|upkeep
|turn|49
|
|t:|1712696563
|move|p1a: Blissey|Seismic Toss|p2a: Jirachi
|-damage|p2a: Jirachi|6/100 par
|move|p2a: Jirachi|Iron Head|p1a: Blissey
|-damage|p1a: Blissey|50/100
|
|-weather|RainDance|[upkeep]
|-heal|p1a: Blissey|56/100|[from] item: Leftovers
|-heal|p2a: Jirachi|13/100 par|[from] item: Leftovers
|upkeep
|turn|50
|
|t:|1712696568
|move|p1a: Blissey|Soft-Boiled|p1a: Blissey
|-heal|p1a: Blissey|100/100
|move|p2a: Jirachi|Icy Wind|p1a: Blissey|[miss]
|-miss|p2a: Jirachi|p1a: Blissey
|
|-weather|RainDance|[upkeep]
|-heal|p2a: Jirachi|19/100 par|[from] item: Leftovers
|upkeep
|turn|51
|
|t:|1712696573
|move|p1a: Blissey|Seismic Toss|p2a: Jirachi
|-damage|p2a: Jirachi|0 fnt
|faint|p2a: Jirachi
|
|-weather|RainDance|[upkeep]
|upkeep
|
|t:|1712696574
|switch|p2a: Kyurem|Kyurem-Black|100/100 par
|-ability|p2a: Kyurem|Teravolt
|turn|52
|
|t:|1712696582
|move|p1a: Blissey|Wish|p1a: Blissey
|cant|p2a: Kyurem|par
|
|-weather|RainDance|[upkeep]
|upkeep
|turn|53
|
|t:|1712696588
|switch|p1a: Landorus|Landorus-Therian, M|52/100
|-damage|p1a: Landorus|39/100|[from] Stealth Rock
|-ability|p1a: Landorus|Intimidate|boost
|-unboost|p2a: Kyurem|atk|1
|cant|p2a: Kyurem|par
|
|-weather|RainDance|[upkeep]
|-heal|p1a: Landorus|100/100|[from] move: Wish|[wisher] Blissey
|upkeep
|turn|54
|j| Fartiplay
|
|t:|1712696598
|move|p1a: Landorus|Stone Edge|p2a: Kyurem|[miss]
|-miss|p1a: Landorus|p2a: Kyurem
|move|p2a: Kyurem|Ice Beam|p1a: Landorus
|-supereffective|p1a: Landorus
|-damage|p1a: Landorus|0 fnt
|faint|p1a: Landorus
|
|-weather|RainDance|[upkeep]
|upkeep
|
|t:|1712696602
|switch|p1a: Latios|Latios, M|88/100
|-damage|p1a: Latios|76/100|[from] Stealth Rock
|turn|55
|
|t:|1712696605
|move|p1a: Latios|Draco Meteor|p2a: Kyurem
|-supereffective|p2a: Kyurem
|-damage|p2a: Kyurem|0 fnt
|-unboost|p1a: Latios|spa|2
|faint|p2a: Kyurem
|
|-weather|RainDance|[upkeep]
|upkeep
|
|t:|1712696606
|switch|p2a: Starmie|Starmie|46/100
|turn|56
|
|t:|1712696614
|switch|p1a: Blissey|Blissey, F|100/100
|-damage|p1a: Blissey|88/100|[from] Stealth Rock
|move|p2a: Starmie|Recover|p2a: Starmie
|-heal|p2a: Starmie|96/100
|
|-weather|RainDance|[upkeep]
|-heal|p1a: Blissey|94/100|[from] item: Leftovers
|upkeep
|turn|57
|
|t:|1712696625
|move|p2a: Starmie|Scald|p1a: Blissey
|-crit|p1a: Blissey
|-damage|p1a: Blissey|66/100
|move|p1a: Blissey|Wish|p1a: Blissey
|
|-weather|RainDance|[upkeep]
|-heal|p1a: Blissey|72/100|[from] item: Leftovers
|upkeep
|turn|58
|-message|Primary Trout forfeited.
|
|win|Salwen
|raw|Salwen's rating: 1403 &rarr; <strong>1427</strong><br />(+24 for winning)
|raw|Primary Trout's rating: 1469 &rarr; <strong>1445</strong><br />(-24 for losing)
|l|☆Primary Trout
|player|p2|
|l| hw ghost
|l|☆Salwen
|player|p1|
