|j|☆MonoMigui
|j|☆baixiaohen
|t:|1742203702
|gametype|singles
|player|p1|MonoMigui|hoopster|1321
|player|p2|baixiaohen|steven|1554
|teamsize|p1|6
|teamsize|p2|6
|gen|5
|tier|[Gen 5] OU
|rated|
|rule|Species Clause: Limit one of each Pokémon
|rule|OHKO Clause: OHKO moves are banned
|rule|Moody Clause: Moody is banned
|rule|Evasion Items Clause: Evasion items are banned
|rule|Evasion Moves Clause: Evasion moves are banned
|rule|Endless Battle Clause: Forcing endless battles is banned
|rule|HP Percentage Mod: HP is shown in percentages
|rule|Evasion Abilities Clause: Evasion abilities are banned
|rule|Sleep Moves Clause: Sleep-inducing moves are banned
|rule|Swagger Clause: Swagger is banned
|rule|Baton Pass Stat Clause: No Baton Passer may have a way to boost its stats
|clearpoke
|poke|p1|Abomasnow, M|item
|poke|p1|Garchomp, M|item
|poke|p1|Metagross|item
|poke|p1|Starmie|item
|poke|p1|Dragonite, M|item
|poke|p1|Latios, M|item
|poke|p2|Jirachi|item
|poke|p2|Scizor, M|item
|poke|p2|Celebi|item
|poke|p2|Gyarados, M|item
|poke|p2|Heatran, M|item
|poke|p2|Starmie|item
|teampreview
|inactive|Battle timer is ON: inactive players will automatically lose when time's up. (requested by baixiaohen)
|
|t:|1742203720
|start
|switch|p1a: Klaus Schwab|Metagross|100/100
|switch|p2a: Starmie|Starmie, shiny|100/100
|turn|1
|
|t:|1742203727
|move|p2a: Starmie|Trick|p1a: Klaus Schwab
|-activate|p2a: Starmie|move: Trick|[of] p1a: Klaus Schwab
|-item|p1a: Klaus Schwab|Choice Specs|[from] move: Trick
|-item|p2a: Starmie|Shuca Berry|[from] move: Trick
|move|p1a: Klaus Schwab|Pursuit|p2a: Starmie
|-supereffective|p2a: Starmie
|-damage|p2a: Starmie|55/100
|
|upkeep
|turn|2
|
|t:|1742203734
|move|p2a: Starmie|Hydro Pump|p1a: Klaus Schwab
|-damage|p1a: Klaus Schwab|54/100
|move|p1a: Klaus Schwab|Pursuit|p2a: Starmie
|-supereffective|p2a: Starmie
|-damage|p2a: Starmie|13/100
|
|upkeep
|turn|3
|
|t:|1742203739
|move|p2a: Starmie|Hydro Pump|p1a: Klaus Schwab
|-damage|p1a: Klaus Schwab|9/100
|move|p1a: Klaus Schwab|Pursuit|p2a: Starmie
|-supereffective|p2a: Starmie
|-damage|p2a: Starmie|0 fnt
|faint|p2a: Starmie
|
|upkeep
|
|t:|1742203750
|switch|p2a: Gyarados|Gyarados, M, shiny|100/100
|-ability|p2a: Gyarados|Intimidate|boost
|-fail|p1a: Klaus Schwab|unboost|[from] ability: Clear Body|[of] p1a: Klaus Schwab
|turn|4
|
|t:|1742203756
|switch|p1a: Ben Laden|Starmie|100/100
|-item|p1a: Ben Laden|Air Balloon
|move|p2a: Gyarados|Dragon Dance|p2a: Gyarados
|-boost|p2a: Gyarados|atk|1
|-boost|p2a: Gyarados|spe|1
|
|upkeep
|turn|5
|
|t:|1742203766
|switch|p2a: Celebi|Celebi|100/100
|move|p1a: Ben Laden|Thunderbolt|p2a: Celebi
|-resisted|p2a: Celebi
|-damage|p2a: Celebi|89/100
|
|-heal|p2a: Celebi|95/100|[from] item: Leftovers
|upkeep
|turn|6
|
|t:|1742203770
|switch|p1a: Klaus Schwab|Metagross|9/100
|move|p2a: Celebi|Thunder Wave|p1a: Klaus Schwab
|-status|p1a: Klaus Schwab|par
|
|-heal|p2a: Celebi|100/100|[from] item: Leftovers
|upkeep
|turn|7
|
|t:|1742203773
|move|p2a: Celebi|Giga Drain|p1a: Klaus Schwab
|-resisted|p1a: Klaus Schwab
|-damage|p1a: Klaus Schwab|0 fnt
|faint|p1a: Klaus Schwab
|
|upkeep
|
|t:|1742203778
|switch|p1a: Kim Jong-Un|Abomasnow, M|100/100
|-weather|Hail|[from] ability: Snow Warning|[of] p1a: Kim Jong-Un
|turn|8
|
|t:|1742203786
|switch|p2a: Heatran|Heatran, M, shiny|100/100
|move|p1a: Kim Jong-Un|Earthquake|p2a: Heatran
|-supereffective|p2a: Heatran
|-crit|p2a: Heatran
|-damage|p2a: Heatran|0 fnt
|faint|p2a: Heatran
|
|-weather|Hail|[upkeep]
|upkeep
|
|t:|1742203789
|switch|p2a: Jirachi|Jirachi, shiny|100/100
|turn|9
|
|t:|1742203795
|switch|p1a: Bill Gates|Garchomp, M, shiny|100/100
|move|p2a: Jirachi|U-turn|p1a: Bill Gates
|-damage|p1a: Bill Gates|81/100
|-damage|p2a: Jirachi|88/100|[from] ability: Rough Skin|[of] p1a: Bill Gates
|
|t:|1742203803
|switch|p2a: Gyarados|Gyarados, M, shiny|100/100|[from] U-turn
|-ability|p2a: Gyarados|Intimidate|boost
|-unboost|p1a: Bill Gates|atk|1
|
|-weather|Hail|[upkeep]
|-damage|p1a: Bill Gates|75/100|[from] Hail
|-damage|p2a: Gyarados|94/100|[from] Hail
|-heal|p2a: Gyarados|100/100|[from] item: Leftovers
|upkeep
|turn|10
|
|t:|1742203813
|switch|p1a: Xi Jinping|Latios, M|100/100
|move|p2a: Gyarados|Waterfall|p1a: Xi Jinping
|-resisted|p1a: Xi Jinping
|-damage|p1a: Xi Jinping|70/100
|
|-weather|Hail|[upkeep]
|-damage|p1a: Xi Jinping|64/100|[from] Hail
|-damage|p2a: Gyarados|94/100|[from] Hail
|-heal|p2a: Gyarados|100/100|[from] item: Leftovers
|upkeep
|turn|11
|
|t:|1742203837
|switch|p1a: Kim Jong-Un|Abomasnow, M|100/100
|switch|p2a: Celebi|Celebi|100/100
|
|-weather|Hail|[upkeep]
|-damage|p2a: Celebi|94/100|[from] Hail
|-heal|p2a: Celebi|100/100|[from] item: Leftovers
|upkeep
|turn|12
|inactive|MonoMigui has 120 seconds left.
|
|t:|1742203870
|move|p2a: Celebi|Thunder Wave|p1a: Kim Jong-Un
|-status|p1a: Kim Jong-Un|par
|move|p1a: Kim Jong-Un|Blizzard|p2a: Celebi
|-supereffective|p2a: Celebi
|-damage|p2a: Celebi|28/100
|
|-weather|Hail|[upkeep]
|-damage|p2a: Celebi|22/100|[from] Hail
|-heal|p2a: Celebi|28/100|[from] item: Leftovers
|upkeep
|turn|13
|
|t:|1742203879
|move|p1a: Kim Jong-Un|Ice Shard|p2a: Celebi
|-supereffective|p2a: Celebi
|-damage|p2a: Celebi|5/100
|move|p2a: Celebi|Recover|p2a: Celebi
|-heal|p2a: Celebi|55/100
|
|-weather|Hail|[upkeep]
|-damage|p2a: Celebi|49/100|[from] Hail
|-heal|p2a: Celebi|55/100|[from] item: Leftovers
|upkeep
|turn|14
|
|t:|1742203904
|move|p2a: Celebi|Recover|p2a: Celebi
|-heal|p2a: Celebi|100/100
|move|p1a: Kim Jong-Un|Blizzard|p2a: Celebi
|-supereffective|p2a: Celebi
|-damage|p2a: Celebi|32/100
|
|-weather|Hail|[upkeep]
|-damage|p2a: Celebi|26/100|[from] Hail
|-heal|p2a: Celebi|32/100|[from] item: Leftovers
|upkeep
|turn|15
|
|t:|1742203910
|switch|p2a: Jirachi|Jirachi, shiny|88/100
|move|p1a: Kim Jong-Un|Blizzard|p2a: Jirachi
|-resisted|p2a: Jirachi
|-damage|p2a: Jirachi|61/100
|
|-weather|Hail|[upkeep]
|-damage|p2a: Jirachi|55/100|[from] Hail
|upkeep
|turn|16
|
|t:|1742203925
|move|p2a: Jirachi|Iron Head|p1a: Kim Jong-Un
|-supereffective|p1a: Kim Jong-Un
|-enditem|p1a: Kim Jong-Un|Focus Sash
|-damage|p1a: Kim Jong-Un|1/100 par
|move|p1a: Kim Jong-Un|Earthquake|p2a: Jirachi
|-supereffective|p2a: Jirachi
|-damage|p2a: Jirachi|9/100
|
|-weather|Hail|[upkeep]
|-damage|p2a: Jirachi|3/100|[from] Hail
|upkeep
|turn|17
|
|t:|1742203932
|move|p1a: Kim Jong-Un|Ice Shard|p2a: Jirachi
|-resisted|p2a: Jirachi
|-damage|p2a: Jirachi|0 fnt
|faint|p2a: Jirachi
|
|-weather|Hail|[upkeep]
|upkeep
|
|t:|1742203937
|switch|p2a: Gyarados|Gyarados, M, shiny|100/100
|-ability|p2a: Gyarados|Intimidate|boost
|-unboost|p1a: Kim Jong-Un|atk|1
|turn|18
|
|t:|1742203943
|move|p2a: Gyarados|Dragon Dance|p2a: Gyarados
|-boost|p2a: Gyarados|atk|1
|-boost|p2a: Gyarados|spe|1
|move|p1a: Kim Jong-Un|Giga Drain|p2a: Gyarados
|-damage|p2a: Gyarados|63/100
|-heal|p1a: Kim Jong-Un|20/100 par|[from] drain|[of] p2a: Gyarados
|
|-weather|Hail|[upkeep]
|-damage|p2a: Gyarados|57/100|[from] Hail
|-heal|p2a: Gyarados|63/100|[from] item: Leftovers
|upkeep
|turn|19
|
|t:|1742203952
|move|p2a: Gyarados|Dragon Dance|p2a: Gyarados
|-boost|p2a: Gyarados|atk|1
|-boost|p2a: Gyarados|spe|1
|cant|p1a: Kim Jong-Un|par
|
|-weather|Hail|[upkeep]
|-damage|p2a: Gyarados|57/100|[from] Hail
|-heal|p2a: Gyarados|63/100|[from] item: Leftovers
|upkeep
|turn|20
|
|t:|1742203957
|move|p2a: Gyarados|Waterfall|p1a: Kim Jong-Un
|-resisted|p1a: Kim Jong-Un
|-damage|p1a: Kim Jong-Un|0 fnt
|faint|p1a: Kim Jong-Un
|
|-weather|Hail|[upkeep]
|-damage|p2a: Gyarados|57/100|[from] Hail
|-heal|p2a: Gyarados|63/100|[from] item: Leftovers
|upkeep
|
|t:|1742203960
|switch|p1a: Donald Trump|Dragonite, M|100/100
|turn|21
|
|t:|1742203963
|move|p1a: Donald Trump|Extreme Speed|p2a: Gyarados
|-damage|p2a: Gyarados|25/100
|move|p2a: Gyarados|Ice Fang|p1a: Donald Trump
|-supereffective|p1a: Donald Trump
|-damage|p1a: Donald Trump|0 fnt
|faint|p1a: Donald Trump
|
|-weather|Hail|[upkeep]
|-damage|p2a: Gyarados|19/100|[from] Hail
|-heal|p2a: Gyarados|25/100|[from] item: Leftovers
|upkeep
|
|t:|1742203974
|switch|p1a: Bill Gates|Garchomp, M, shiny|75/100
|turn|22
|
|t:|1742203977
|move|p2a: Gyarados|Ice Fang|p1a: Bill Gates
|-supereffective|p1a: Bill Gates
|-damage|p1a: Bill Gates|0 fnt
|-damage|p2a: Gyarados|13/100|[from] ability: Rough Skin|[of] p1a: Bill Gates
|faint|p1a: Bill Gates
|
|-weather|Hail|[upkeep]
|-damage|p2a: Gyarados|7/100|[from] Hail
|-heal|p2a: Gyarados|13/100|[from] item: Leftovers
|upkeep
|
|t:|1742203981
|switch|p1a: Ben Laden|Starmie|100/100
|-item|p1a: Ben Laden|Air Balloon
|turn|23
|
|t:|1742203989
|move|p2a: Gyarados|Waterfall|p1a: Ben Laden
|-resisted|p1a: Ben Laden
|-damage|p1a: Ben Laden|33/100
|-enditem|p1a: Ben Laden|Air Balloon
|move|p1a: Ben Laden|Thunderbolt|p2a: Gyarados
|-supereffective|p2a: Gyarados
|-damage|p2a: Gyarados|0 fnt
|faint|p2a: Gyarados
|
|-weather|Hail|[upkeep]
|-damage|p1a: Ben Laden|27/100|[from] Hail
|upkeep
|
|t:|1742203998
|switch|p2a: Scizor|Scizor, M|100/100
|turn|24
|
|t:|1742204001
|move|p2a: Scizor|Quick Attack|p1a: Ben Laden
|-damage|p1a: Ben Laden|0 fnt
|faint|p1a: Ben Laden
|-damage|p2a: Scizor|91/100|[from] item: Life Orb
|
|-weather|Hail|[upkeep]
|-damage|p2a: Scizor|85/100|[from] Hail
|upkeep
|
|t:|1742204005
|switch|p1a: Xi Jinping|Latios, M|64/100
|turn|25
|
|t:|1742204010
|switch|p2a: Celebi|Celebi|32/100
|move|p1a: Xi Jinping|Hidden Power|p2a: Celebi
|-supereffective|p2a: Celebi
|-damage|p2a: Celebi|0 fnt
|faint|p2a: Celebi
|
|-weather|Hail|[upkeep]
|-damage|p1a: Xi Jinping|58/100|[from] Hail
|upkeep
|
|t:|1742204016
|switch|p2a: Scizor|Scizor, M|85/100
|turn|26
|
|t:|1742204018
|move|p2a: Scizor|Bullet Punch|p1a: Xi Jinping
|-damage|p1a: Xi Jinping|0 fnt
|faint|p1a: Xi Jinping
|-damage|p2a: Scizor|75/100|[from] item: Life Orb
|
|win|baixiaohen
|raw|MonoMigui's rating: 1321 &rarr; <strong>1313</strong><br />(-8 for losing)
|raw|baixiaohen's rating: 1554 &rarr; <strong>1562</strong><br />(+8 for winning)
