|join|BlackKaiser
|join|Walrus Smile
|player|p1|BlackKaiser|266
|player|p2|Walrus Smile|287
|gametype|singles
|gen|5
|tier|[Gen 5] OU
|rated
|rule|Evasion Abilities Clause: Evasion abilities are banned
|clearpoke
|poke|p1|Garchomp, M, shiny
|poke|p1|Latios, M, shiny
|poke|p1|Scizor, M
|poke|p1|Ferrothorn, M
|poke|p1|Hippowdon, M
|poke|p1|Jellicent, M
|poke|p2|Lucario, M
|poke|p2|Skarmory, M
|poke|p2|Dragonite, M
|poke|p2|Latios, M
|poke|p2|Gengar, M
|poke|p2|Breloom, M
|rule|Sleep Clause Mod: Limit one foe put to sleep
|rule|Species Clause: Limit one of each Pokémon
|rule|OHKO Clause: OHKO moves are banned
|rule|Moody Clause: Moody is banned
|rule|Evasion Moves Clause: Evasion moves are banned
|rule|Endless Battle Clause: Forcing endless battles is banned
|rule|HP Percentage Mod: HP is reported as percentages
|teampreview
|
|start
|switch|p1a: Stardust|Latios, M, shiny|301/301
|switch|p2a: Breloom|Breloom, M|262/262
|turn|1
|
|move|p1a: Stardust|Trick|p2a: Breloom
|-activate|p1a: Stardust|move: Trick|[of] p2a: Breloom
|-item|p2a: Breloom|Choice Specs|[from] move: Trick
|-item|p1a: Stardust|Focus Sash|[from] move: Trick
|move|p2a: Breloom|Spore|p1a: Stardust
|-status|p1a: Stardust|slp
|
|turn|2
|
|switch|p1a: Don'tTouch|Ferrothorn, M|352/352
|switch|p2a: Skarmory|Skarmory, M|334/334
|
|turn|3
|
|move|p2a: Skarmory|Taunt|p1a: Don'tTouch
|-start|p1a: Don'tTouch|move: Taunt
|cant|p1a: Don'tTouch|move: Taunt|Leech Seed
|
|turn|4
|
|switch|p1a: King Jelly|Jellicent, M|401/401
|move|p2a: Skarmory|Stealth Rock|p1a: King Jelly
|-sidestart|p1: BlackKaiser|move: Stealth Rock
|
|turn|5
|
|move|p2a: Skarmory|Taunt|p1a: King Jelly
|-start|p1a: King Jelly|move: Taunt
|move|p1a: King Jelly|Scald|p2a: Skarmory
|-damage|p2a: Skarmory|214/334
|
|turn|6
|
|move|p2a: Skarmory|Spikes|p1a: King Jelly
|-sidestart|p1: BlackKaiser|Spikes
|move|p1a: King Jelly|Scald|p2a: Skarmory
|-damage|p2a: Skarmory|100/334
|
|turn|7
|
|move|p2a: Skarmory|Spikes|p1a: King Jelly
|-sidestart|p1: BlackKaiser|Spikes
|move|p1a: King Jelly|Scald|p2a: Skarmory
|-damage|p2a: Skarmory|0 fnt
|faint|p2a: Skarmory
|
|-end|p1a: King Jelly|move: Taunt
|
|switch|p2a: Gengar|Gengar, M|262/262
|turn|8
|
|move|p2a: Gengar|Thunderbolt|p1a: King Jelly
|-supereffective|p1a: King Jelly
|-damage|p1a: King Jelly|107/401
|-damage|p2a: Gengar|236/262|[from] item: Life Orb
|move|p1a: King Jelly|Scald|p2a: Gengar
|-damage|p2a: Gengar|127/262
|-status|p2a: Gengar|brn
|
|-heal|p1a: King Jelly|132/401|[from] item: Leftovers
|-damage|p2a: Gengar|95/262 brn|[from] brn
|turn|9
|
|move|p2a: Gengar|Shadow Ball|p1a: King Jelly
|-supereffective|p1a: King Jelly
|-damage|p1a: King Jelly|0 fnt
|-damage|p2a: Gengar|69/262 brn|[from] item: Life Orb
|faint|p1a: King Jelly
|
|-damage|p2a: Gengar|37/262 brn|[from] brn
|
|switch|p1a: Discover Hippo|Hippowdon, M|419/419
|-damage|p1a: Discover Hippo|350/419|[from] Spikes
|-damage|p1a: Discover Hippo|324/419|[from] Stealth Rock
|-weather|Sandstorm|[from] ability: Sand Stream|[of] p1a: Discover Hippo
|turn|10
|
|move|p2a: Gengar|Giga Drain|p1a: Discover Hippo
|-supereffective|p1a: Discover Hippo
|-damage|p1a: Discover Hippo|12/419
|-heal|p2a: Gengar|193/262 brn|[from] drain|[of] p1a: Discover Hippo
|-damage|p2a: Gengar|167/262 brn|[from] item: Life Orb
|move|p1a: Discover Hippo|Stealth Rock|p2a: Gengar
|-sidestart|p2: Walrus Smile|move: Stealth Rock
|
|-weather|Sandstorm|[upkeep]
|-damage|p2a: Gengar|151/262 brn|[from] sandstorm
|-heal|p1a: Discover Hippo|38/419|[from] item: Leftovers
|-damage|p2a: Gengar|119/262 brn|[from] brn
|turn|11
|
|move|p2a: Gengar|Shadow Ball|p1a: Discover Hippo
|-damage|p1a: Discover Hippo|0 fnt
|-damage|p2a: Gengar|93/262 brn|[from] item: Life Orb
|faint|p1a: Discover Hippo
|
|-weather|Sandstorm|[upkeep]
|-damage|p2a: Gengar|77/262 brn|[from] sandstorm
|-damage|p2a: Gengar|45/262 brn|[from] brn
|
|switch|p1a: Sniper|Scizor, M|341/341
|-damage|p1a: Sniper|299/341|[from] Stealth Rock
|-damage|p1a: Sniper|243/341|[from] Spikes
|turn|12
|
|move|p1a: Sniper|Bullet Punch|p2a: Gengar
|-damage|p2a: Gengar|0 fnt
|faint|p2a: Gengar
|
|-weather|Sandstorm|[upkeep]
|
|switch|p2a: Latios|Latios, M|302/302
|-damage|p2a: Latios|265/302|[from] Stealth Rock
|turn|13
|
|move|p1a: Sniper|Bullet Punch|p2a: Latios
|-damage|p2a: Latios|48/302
|move|p2a: Latios|Hidden Power|p1a: Sniper
|-crit|p1a: Sniper
|-supereffective|p1a: Sniper
|-damage|p1a: Sniper|0 fnt
|-damage|p2a: Latios|18/302|[from] item: Life Orb
|faint|p1a: Sniper
|
|-weather|Sandstorm|[upkeep]
|-damage|p2a: Latios|0 fnt|[from] sandstorm
|faint|p2a: Latios
|
|switch|p1a: Landshark|Garchomp, M, shiny|357/357
|-damage|p1a: Landshark|298/357|[from] Spikes
|-damage|p1a: Landshark|276/357|[from] Stealth Rock
|switch|p2a: Breloom|Breloom, M|262/262
|-damage|p2a: Breloom|246/262|[from] Stealth Rock
|turn|14
|
|move|p2a: Breloom|Mach Punch|p1a: Landshark
|-damage|p1a: Landshark|170/357
|-damage|p2a: Breloom|214/262|[from] ability: Rough Skin|[of] p1a: Landshark
|move|p1a: Landshark|Outrage|p2a: Breloom
|-damage|p2a: Breloom|0 fnt
|faint|p2a: Breloom
|
|-weather|Sandstorm|[upkeep]
|
|switch|p2a: Lucario|Lucario, M|281/281
|-damage|p2a: Lucario|273/281|[from] Stealth Rock
|turn|15
|
|move|p1a: Landshark|Outrage|p2a: Lucario
|-resisted|p2a: Lucario
|-damage|p2a: Lucario|114/281
|move|p2a: Lucario|Agility|p2a: Lucario
|-boost|p2a: Lucario|spe|2
|
|-weather|Sandstorm|[upkeep]
|turn|16
|
|move|p2a: Lucario|Hidden Power|p1a: Landshark
|-supereffective|p1a: Landshark
|-damage|p1a: Landshark|0 fnt
|-damage|p2a: Lucario|86/281|[from] item: Life Orb
|faint|p1a: Landshark
|
|-weather|Sandstorm|[upkeep]
|
|switch|p1a: Don'tTouch|Ferrothorn, M|352/352
|-damage|p1a: Don'tTouch|330/352|[from] Stealth Rock
|-damage|p1a: Don'tTouch|272/352|[from] Spikes
|turn|17
|
|move|p2a: Lucario|Close Combat|p1a: Don'tTouch
|-supereffective|p1a: Don'tTouch
|-damage|p1a: Don'tTouch|0 fnt
|-damage|p2a: Lucario|51/281|[from] ability: Iron Barbs|[of] p1a: Don'tTouch
|-unboost|p2a: Lucario|def|1
|-unboost|p2a: Lucario|spd|1
|-damage|p2a: Lucario|23/281|[from] item: Life Orb
|faint|p1a: Don'tTouch
|
|-weather|Sandstorm|[upkeep]
|-message|BlackKaiser forfeited.
|
|win|Walrus Smile
|raw|Ladder updating...
|leave|BlackKaiser
|player|p1
|raw|BlackKaiser's rating: 1412 &rarr; <strong>1390</strong><br />(-22 for losing)
|raw|Walrus Smile's rating: 1385 &rarr; <strong>1406</strong><br />(+21 for winning)
|chat|Walrus Smile|gg