|j|☆nbvgcfhg
|j|☆julian
|t:|1746930167
|gametype|singles
|player|p1|nbvgcfhg|hilbert-wonderlauncher|1529
|player|p2|julian|101|1567
|teamsize|p1|6
|teamsize|p2|6
|gen|5
|tier|[Gen 5] OU
|rated|
|rule|Species Clause: Limit one of each Pokémon
|rule|OHKO Clause: OHKO moves are banned
|rule|Moody Clause: Moody is banned
|rule|Evasion Items Clause: Evasion items are banned
|rule|Evasion Moves Clause: Evasion moves are banned
|rule|Endless Battle Clause: Forcing endless battles is banned
|rule|HP Percentage Mod: HP is shown in percentages
|rule|Evasion Abilities Clause: Evasion abilities are banned
|rule|Sleep Moves Clause: Sleep-inducing moves are banned
|rule|Swagger Clause: Swagger is banned
|rule|Baton Pass Stat Clause: No Baton Passer may have a way to boost its stats
|clearpoke
|poke|p1|Slowking, F|item
|poke|p1|Excadrill, M|item
|poke|p1|Kyurem|item
|poke|p1|Skarmory, M|item
|poke|p1|Tyranitar, F|item
|poke|p1|Quagsire, F|item
|poke|p2|Politoed, F|item
|poke|p2|Ferrothorn, F|item
|poke|p2|Tentacruel, M|item
|poke|p2|Latios, M|item
|poke|p2|Keldeo|item
|poke|p2|Thundurus-Therian, M|item
|teampreview
|inactive|Battle timer is ON: inactive players will automatically lose when time's up. (requested by nbvgcfhg)
|
|t:|1746930182
|start
|switch|p1a: Kyurem|Kyurem, shiny|100/100
|switch|p2a: Nieue|Latios, M|100/100
|-ability|p1a: Kyurem|Pressure
|turn|1
|
|t:|1746930192
|switch|p2a: Is Janos|Ferrothorn, F|100/100
|move|p1a: Kyurem|Focus Blast|p2a: Is Janos
|-supereffective|p2a: Is Janos
|-damage|p2a: Is Janos|0 fnt
|faint|p2a: Is Janos
|
|upkeep
|
|t:|1746930210
|switch|p2a: Nieue|Latios, M|100/100
|turn|2
|
|t:|1746930215
|switch|p2a: TWlN PEAKS|Keldeo|100/100
|switch|p1a: Slowking|Slowking, F, shiny|100/100
|
|upkeep
|turn|3
|
|t:|1746930237
|switch|p2a: Tentacruel|Tentacruel, M|100/100
|switch|p1a: Kyurem|Kyurem, shiny|100/100
|-ability|p1a: Kyurem|Pressure
|
|upkeep
|turn|4
|
|t:|1746930242
|move|p2a: Tentacruel|Protect|p2a: Tentacruel
|-singleturn|p2a: Tentacruel|Protect
|move|p1a: Kyurem|Draco Meteor|p2a: Tentacruel
|-activate|p2a: Tentacruel|move: Protect
|
|upkeep
|turn|5
|
|t:|1746930248
|move|p1a: Kyurem|Draco Meteor|p2a: Tentacruel|[miss]
|-miss|p1a: Kyurem|p2a: Tentacruel
|move|p2a: Tentacruel|Toxic Spikes|p1a: Kyurem
|-sidestart|p1: nbvgcfhg|move: Toxic Spikes
|
|upkeep
|turn|6
|
|t:|1746930255
|move|p2a: Tentacruel|Protect|p2a: Tentacruel
|-singleturn|p2a: Tentacruel|Protect
|move|p1a: Kyurem|Draco Meteor|p2a: Tentacruel
|-activate|p2a: Tentacruel|move: Protect
|
|upkeep
|turn|7
|
|t:|1746930261
|move|p1a: Kyurem|Draco Meteor|p2a: Tentacruel
|-damage|p2a: Tentacruel|6/100
|-unboost|p1a: Kyurem|spa|2
|move|p2a: Tentacruel|Toxic Spikes|p1a: Kyurem
|-sidestart|p1: nbvgcfhg|move: Toxic Spikes
|
|-heal|p2a: Tentacruel|12/100|[from] item: Black Sludge
|upkeep
|turn|8
|
|t:|1746930271
|switch|p1a: Excadrill|Excadrill, M, shiny|100/100
|-ability|p1a: Excadrill|Mold Breaker
|move|p2a: Tentacruel|Protect||[still]
|-fail|p2a: Tentacruel
|
|-heal|p2a: Tentacruel|18/100|[from] item: Black Sludge
|upkeep
|turn|9
|
|t:|1746930277
|move|p1a: Excadrill|Rapid Spin|p2a: Tentacruel
|-damage|p2a: Tentacruel|12/100
|-sideend|p1: nbvgcfhg|Toxic Spikes|[from] move: Rapid Spin|[of] p1a: Excadrill
|move|p2a: Tentacruel|Scald|p1a: Excadrill
|-supereffective|p1a: Excadrill
|-damage|p1a: Excadrill|58/100
|
|-heal|p1a: Excadrill|64/100|[from] item: Leftovers
|-heal|p2a: Tentacruel|18/100|[from] item: Black Sludge
|upkeep
|turn|10
|
|t:|1746930283
|switch|p2a: Nieue|Latios, M|100/100
|move|p1a: Excadrill|Stealth Rock|p2a: Nieue
|-sidestart|p2: julian|move: Stealth Rock
|
|-heal|p1a: Excadrill|70/100|[from] item: Leftovers
|upkeep
|turn|11
|
|t:|1746930290
|switch|p1a: Kyurem|Kyurem, shiny|100/100
|-ability|p1a: Kyurem|Pressure
|move|p2a: Nieue|Trick|p1a: Kyurem
|-activate|p2a: Nieue|move: Trick|[of] p1a: Kyurem
|-item|p1a: Kyurem|Choice Specs|[from] move: Trick
|-item|p2a: Nieue|Choice Specs|[from] move: Trick
|
|upkeep
|turn|12
|
|t:|1746930298
|switch|p1a: Slowking|Slowking, F, shiny|100/100
|move|p2a: Nieue|Draco Meteor|p1a: Slowking
|-damage|p1a: Slowking|22/100
|-unboost|p2a: Nieue|spa|2
|
|upkeep
|turn|13
|
|t:|1746930313
|switch|p2a: Tentacruel|Tentacruel, M|18/100
|-damage|p2a: Tentacruel|6/100|[from] Stealth Rock
|switch|p1a: Kyurem|Kyurem, shiny|100/100
|-ability|p1a: Kyurem|Pressure
|
|-heal|p2a: Tentacruel|12/100|[from] item: Black Sludge
|upkeep
|turn|14
|j| moodRandom
|
|t:|1746930323
|move|p2a: Tentacruel|Protect|p2a: Tentacruel
|-singleturn|p2a: Tentacruel|Protect
|move|p1a: Kyurem|Draco Meteor|p2a: Tentacruel
|-activate|p2a: Tentacruel|move: Protect
|
|-heal|p2a: Tentacruel|18/100|[from] item: Black Sludge
|upkeep
|turn|15
|
|t:|1746930328
|move|p1a: Kyurem|Draco Meteor|p2a: Tentacruel
|-damage|p2a: Tentacruel|0 fnt
|-unboost|p1a: Kyurem|spa|2
|faint|p2a: Tentacruel
|
|upkeep
|-message|julian forfeited.
|
|win|nbvgcfhg
|raw|nbvgcfhg's rating: 1529 &rarr; <strong>1551</strong><br />(+22 for winning)
|raw|julian's rating: 1567 &rarr; <strong>1545</strong><br />(-22 for losing)
|l|☆julian
|player|p2|
|l| moodRandom
