|j|☆phosphor
|j|☆jimbojonaaas
|t:|1740920709
|gametype|singles
|player|p1|phosphor|#phosphor|1499
|player|p2|jimbojonaaas|fisherman-gen4|1323
|teamsize|p1|6
|teamsize|p2|6
|gen|5
|tier|[Gen 5] OU
|rated|
|rule|Species Clause: Limit one of each Pokémon
|rule|OHKO Clause: OHKO moves are banned
|rule|Moody Clause: Moody is banned
|rule|Evasion Items Clause: Evasion items are banned
|rule|Evasion Moves Clause: Evasion moves are banned
|rule|Endless Battle Clause: Forcing endless battles is banned
|rule|HP Percentage Mod: HP is shown in percentages
|rule|Evasion Abilities Clause: Evasion abilities are banned
|rule|Sleep Moves Clause: Sleep-inducing moves are banned
|rule|Swagger Clause: Swagger is banned
|rule|Baton Pass Stat Clause: No Baton Passer may have a way to boost its stats
|clearpoke
|poke|p1|Tyranitar, M|item
|poke|p1|Seismitoad, F|item
|poke|p1|Forretress, M|item
|poke|p1|Latios, M|item
|poke|p1|Zapdos|item
|poke|p1|Terrakion|item
|poke|p2|Sableye, F|item
|poke|p2|Ferrothorn, M|item
|poke|p2|Jirachi|item
|poke|p2|Tyranitar, F|item
|poke|p2|Latios, M|item
|poke|p2|Conkeldurr, M|item
|teampreview
|c|☆phosphor|gl hf
|l|☆jimbojonaaas
|player|p2|
|j|☆jimbojonaaas
|player|p2|jimbojonaaas|fisherman-gen4|
|
|t:|1740920809
|start
|switch|p1a: Zapdos|Zapdos|100/100
|switch|p2a: Ferrothorn|Ferrothorn, M|100/100
|-ability|p1a: Zapdos|Pressure
|turn|1
|
|t:|1740920837
|move|p1a: Zapdos|Heat Wave|p2a: Ferrothorn
|-supereffective|p2a: Ferrothorn
|-damage|p2a: Ferrothorn|19/100
|move|p2a: Ferrothorn|Leech Seed|p1a: Zapdos
|-start|p1a: Zapdos|move: Leech Seed
|
|-heal|p2a: Ferrothorn|25/100|[from] item: Leftovers
|-damage|p1a: Zapdos|88/100|[from] Leech Seed|[of] p2a: Ferrothorn
|-heal|p2a: Ferrothorn|41/100|[silent]
|upkeep
|turn|2
|
|t:|1740920844
|move|p2a: Ferrothorn|Protect|p2a: Ferrothorn
|-singleturn|p2a: Ferrothorn|Protect
|move|p1a: Zapdos|Volt Switch|p2a: Ferrothorn
|-activate|p2a: Ferrothorn|move: Protect
|
|-heal|p1a: Zapdos|94/100|[from] item: Leftovers
|-heal|p2a: Ferrothorn|48/100|[from] item: Leftovers
|-damage|p1a: Zapdos|82/100|[from] Leech Seed|[of] p2a: Ferrothorn
|-heal|p2a: Ferrothorn|64/100|[silent]
|upkeep
|turn|3
|
|t:|1740920850
|move|p1a: Zapdos|Volt Switch|p2a: Ferrothorn
|-resisted|p2a: Ferrothorn
|-damage|p2a: Ferrothorn|52/100
|
|t:|1740920856
|switch|p1a: Forretress|Forretress, M|100/100|[from] Volt Switch
|move|p2a: Ferrothorn|Stealth Rock|p1a: Forretress
|-sidestart|p1: phosphor|move: Stealth Rock
|
|-heal|p2a: Ferrothorn|59/100|[from] item: Leftovers
|upkeep
|turn|4
|
|t:|1740920871
|move|p2a: Ferrothorn|Protect|p2a: Ferrothorn
|-singleturn|p2a: Ferrothorn|Protect
|move|p1a: Forretress|Spikes|p2a: Ferrothorn
|-sidestart|p2: jimbojonaaas|Spikes
|
|-heal|p2a: Ferrothorn|65/100|[from] item: Leftovers
|upkeep
|turn|5
|
|t:|1740920883
|switch|p2a: Sableye|Sableye, F|100/100
|-damage|p2a: Sableye|88/100|[from] Spikes
|move|p1a: Forretress|Rapid Spin|p2a: Sableye
|-immune|p2a: Sableye
|
|upkeep
|turn|6
|
|t:|1740920938
|switch|p1a: Seismitoad|Seismitoad, F|100/100
|-damage|p1a: Seismitoad|94/100|[from] Stealth Rock
|move|p2a: Sableye|Taunt|p1a: Seismitoad
|-start|p1a: Seismitoad|move: Taunt
|
|-heal|p1a: Seismitoad|100/100|[from] item: Leftovers
|upkeep
|turn|7
|
|t:|1740920955
|move|p2a: Sableye|Will-O-Wisp|p1a: Seismitoad
|-status|p1a: Seismitoad|brn
|move|p1a: Seismitoad|Scald|p2a: Sableye
|-damage|p2a: Sableye|50/100
|-status|p2a: Sableye|brn
|
|-damage|p1a: Seismitoad|88/100 brn|[from] brn
|-damage|p2a: Sableye|38/100 brn|[from] brn
|upkeep
|turn|8
|
|t:|1740920968
|move|p2a: Sableye|Recover|p2a: Sableye
|-heal|p2a: Sableye|88/100 brn
|move|p1a: Seismitoad|Scald|p2a: Sableye
|-crit|p2a: Sableye
|-damage|p2a: Sableye|8/100 brn
|
|-heal|p1a: Seismitoad|94/100 brn|[from] item: Leftovers
|-damage|p1a: Seismitoad|82/100 brn|[from] brn
|-damage|p2a: Sableye|0 fnt|[from] brn
|faint|p2a: Sableye
|-end|p1a: Seismitoad|move: Taunt
|upkeep
|
|t:|1740920977
|switch|p2a: Ferrothorn|Ferrothorn, M|65/100
|-damage|p2a: Ferrothorn|52/100|[from] Spikes
|turn|9
|
|t:|1740920984
|move|p1a: Seismitoad|Stealth Rock|p2a: Ferrothorn
|-sidestart|p2: jimbojonaaas|move: Stealth Rock
|move|p2a: Ferrothorn|Leech Seed|p1a: Seismitoad
|-start|p1a: Seismitoad|move: Leech Seed
|
|-heal|p1a: Seismitoad|88/100 brn|[from] item: Leftovers
|-heal|p2a: Ferrothorn|59/100|[from] item: Leftovers
|-damage|p1a: Seismitoad|76/100 brn|[from] Leech Seed|[of] p2a: Ferrothorn
|-heal|p2a: Ferrothorn|76/100|[silent]
|-damage|p1a: Seismitoad|63/100 brn|[from] brn
|upkeep
|turn|10
|
|t:|1740920990
|switch|p1a: Zapdos|Zapdos|82/100
|-damage|p1a: Zapdos|57/100|[from] Stealth Rock
|-ability|p1a: Zapdos|Pressure
|move|p2a: Ferrothorn|Leech Seed|p1a: Zapdos
|-start|p1a: Zapdos|move: Leech Seed
|
|-heal|p1a: Zapdos|63/100|[from] item: Leftovers
|-heal|p2a: Ferrothorn|83/100|[from] item: Leftovers
|-damage|p1a: Zapdos|51/100|[from] Leech Seed|[of] p2a: Ferrothorn
|-heal|p2a: Ferrothorn|99/100|[silent]
|upkeep
|turn|11
|
|t:|1740920995
|move|p2a: Ferrothorn|Protect|p2a: Ferrothorn
|-singleturn|p2a: Ferrothorn|Protect
|move|p1a: Zapdos|Roost|p1a: Zapdos
|-heal|p1a: Zapdos|100/100
|-singleturn|p1a: Zapdos|move: Roost
|
|-heal|p2a: Ferrothorn|100/100|[from] item: Leftovers
|-damage|p1a: Zapdos|88/100|[from] Leech Seed|[of] p2a: Ferrothorn
|upkeep
|turn|12
|
|t:|1740921006
|switch|p2a: Tyranitar|Tyranitar, F|100/100
|-damage|p2a: Tyranitar|88/100|[from] Spikes
|-damage|p2a: Tyranitar|76/100|[from] Stealth Rock
|-weather|Sandstorm|[from] ability: Sand Stream|[of] p2a: Tyranitar
|move|p1a: Zapdos|Heat Wave|p2a: Tyranitar
|-resisted|p2a: Tyranitar
|-damage|p2a: Tyranitar|69/100
|
|-weather|Sandstorm|[upkeep]
|-damage|p1a: Zapdos|82/100|[from] Sandstorm
|-heal|p1a: Zapdos|88/100|[from] item: Leftovers
|-damage|p1a: Zapdos|76/100|[from] Leech Seed|[of] p2a: Tyranitar
|-heal|p2a: Tyranitar|83/100|[silent]
|upkeep
|turn|13
|
|t:|1740921022
|move|p1a: Zapdos|Volt Switch|p2a: Tyranitar
|-damage|p2a: Tyranitar|68/100
|-activate|p1a: Zapdos|move: Pursuit
|move|p2a: Tyranitar|Pursuit|p1a: Zapdos|[from] Pursuit
|-damage|p1a: Zapdos|41/100
|-damage|p2a: Tyranitar|58/100|[from] item: Life Orb
|
|t:|1740921030
|switch|p1a: Seismitoad|Seismitoad, F|63/100 brn|[from] Volt Switch
|-damage|p1a: Seismitoad|57/100 brn|[from] Stealth Rock
|
|-weather|Sandstorm|[upkeep]
|-heal|p1a: Seismitoad|63/100 brn|[from] item: Leftovers
|-damage|p1a: Seismitoad|51/100 brn|[from] brn
|upkeep
|turn|14
|l|☆jimbojonaaas
|player|p2|
|j|☆jimbojonaaas
|player|p2|jimbojonaaas|fisherman-gen4|
|
|t:|1740921051
|move|p1a: Seismitoad|Refresh|p1a: Seismitoad
|-curestatus|p1a: Seismitoad|brn|[msg]
|move|p2a: Tyranitar|Crunch|p1a: Seismitoad
|-damage|p1a: Seismitoad|17/100
|-damage|p2a: Tyranitar|48/100|[from] item: Life Orb
|
|-weather|Sandstorm|[upkeep]
|-heal|p1a: Seismitoad|23/100|[from] item: Leftovers
|upkeep
|turn|15
|
|t:|1740921057
|move|p1a: Seismitoad|Scald|p2a: Tyranitar
|-supereffective|p2a: Tyranitar
|-damage|p2a: Tyranitar|24/100
|move|p2a: Tyranitar|Crunch|p1a: Seismitoad
|-crit|p1a: Seismitoad
|-damage|p1a: Seismitoad|0 fnt
|faint|p1a: Seismitoad
|-damage|p2a: Tyranitar|15/100|[from] item: Life Orb
|
|-weather|Sandstorm|[upkeep]
|upkeep
|
|t:|1740921065
|switch|p1a: Terrakion|Terrakion|100/100
|-damage|p1a: Terrakion|94/100|[from] Stealth Rock
|turn|16
|
|t:|1740921080
|move|p1a: Terrakion|Close Combat|p2a: Tyranitar
|-supereffective|p2a: Tyranitar
|-damage|p2a: Tyranitar|0 fnt
|-unboost|p1a: Terrakion|def|1
|-unboost|p1a: Terrakion|spd|1
|faint|p2a: Tyranitar
|
|-weather|Sandstorm|[upkeep]
|upkeep
|
|t:|1740921094
|switch|p2a: Conkeldurr|Conkeldurr, M|100/100
|-damage|p2a: Conkeldurr|88/100|[from] Spikes
|-damage|p2a: Conkeldurr|82/100|[from] Stealth Rock
|turn|17
|
|t:|1740921102
|switch|p1a: Forretress|Forretress, M|100/100
|-damage|p1a: Forretress|88/100|[from] Stealth Rock
|move|p2a: Conkeldurr|Drain Punch|p1a: Forretress
|-damage|p1a: Forretress|45/100
|-heal|p2a: Conkeldurr|100/100|[from] drain|[of] p1a: Forretress
|
|-weather|Sandstorm|[upkeep]
|-damage|p2a: Conkeldurr|95/100|[from] Sandstorm
|-heal|p1a: Forretress|52/100|[from] item: Leftovers
|upkeep
|turn|18
|
|t:|1740921119
|move|p2a: Conkeldurr|Drain Punch|p1a: Forretress
|-damage|p1a: Forretress|13/100
|-heal|p2a: Conkeldurr|100/100|[from] drain|[of] p1a: Forretress
|move|p1a: Forretress|Rapid Spin|p2a: Conkeldurr
|-damage|p2a: Conkeldurr|97/100
|-sideend|p1: phosphor|Stealth Rock|[from] move: Rapid Spin|[of] p1a: Forretress
|
|-weather|Sandstorm|[upkeep]
|-damage|p2a: Conkeldurr|91/100|[from] Sandstorm
|-heal|p1a: Forretress|20/100|[from] item: Leftovers
|upkeep
|turn|19
|
|t:|1740921125
|move|p2a: Conkeldurr|Drain Punch|p1a: Forretress
|-crit|p1a: Forretress
|-damage|p1a: Forretress|0 fnt
|-heal|p2a: Conkeldurr|100/100|[from] drain|[of] p1a: Forretress
|faint|p1a: Forretress
|
|-weather|Sandstorm|[upkeep]
|-damage|p2a: Conkeldurr|95/100|[from] Sandstorm
|upkeep
|
|t:|1740921130
|switch|p1a: Latios|Latios, M|100/100
|turn|20
|
|t:|1740921141
|switch|p2a: Ferrothorn|Ferrothorn, M|100/100
|-damage|p2a: Ferrothorn|88/100|[from] Spikes
|-damage|p2a: Ferrothorn|82/100|[from] Stealth Rock
|move|p1a: Latios|Draco Meteor|p2a: Ferrothorn
|-resisted|p2a: Ferrothorn
|-damage|p2a: Ferrothorn|38/100
|-unboost|p1a: Latios|spa|2
|
|-weather|Sandstorm|[upkeep]
|-damage|p1a: Latios|95/100|[from] Sandstorm
|-heal|p2a: Ferrothorn|44/100|[from] item: Leftovers
|upkeep
|turn|21
|
|t:|1740921158
|move|p1a: Latios|Draco Meteor|p2a: Ferrothorn
|-resisted|p2a: Ferrothorn
|-damage|p2a: Ferrothorn|24/100
|-unboost|p1a: Latios|spa|2
|move|p2a: Ferrothorn|Leech Seed|p1a: Latios
|-start|p1a: Latios|move: Leech Seed
|
|-weather|Sandstorm|[upkeep]
|-damage|p1a: Latios|89/100|[from] Sandstorm
|-heal|p2a: Ferrothorn|31/100|[from] item: Leftovers
|-damage|p1a: Latios|76/100|[from] Leech Seed|[of] p2a: Ferrothorn
|-heal|p2a: Ferrothorn|43/100|[silent]
|upkeep
|turn|22
|
|t:|1740921186
|switch|p1a: Zapdos|Zapdos|41/100
|-ability|p1a: Zapdos|Pressure
|move|p2a: Ferrothorn|Stealth Rock|p1a: Zapdos
|-sidestart|p1: phosphor|move: Stealth Rock
|
|-weather|Sandstorm|[upkeep]
|-damage|p1a: Zapdos|35/100|[from] Sandstorm
|-heal|p1a: Zapdos|41/100|[from] item: Leftovers
|-heal|p2a: Ferrothorn|50/100|[from] item: Leftovers
|upkeep
|turn|23
|
|t:|1740921195
|move|p2a: Ferrothorn|Protect|p2a: Ferrothorn
|-singleturn|p2a: Ferrothorn|Protect
|move|p1a: Zapdos|Heat Wave|p2a: Ferrothorn
|-activate|p2a: Ferrothorn|move: Protect
|
|-weather|Sandstorm|[upkeep]
|-damage|p1a: Zapdos|35/100|[from] Sandstorm
|-heal|p1a: Zapdos|41/100|[from] item: Leftovers
|-heal|p2a: Ferrothorn|56/100|[from] item: Leftovers
|upkeep
|turn|24
|
|t:|1740921204
|switch|p2a: Latios|Latios, M|100/100
|-damage|p2a: Latios|88/100|[from] Stealth Rock
|move|p1a: Zapdos|Heat Wave|p2a: Latios
|-resisted|p2a: Latios
|-damage|p2a: Latios|74/100
|
|-weather|Sandstorm|[upkeep]
|-damage|p2a: Latios|68/100|[from] Sandstorm
|-damage|p1a: Zapdos|35/100|[from] Sandstorm
|-heal|p1a: Zapdos|41/100|[from] item: Leftovers
|upkeep
|turn|25
|
|t:|1740921222
|switch|p1a: Tyranitar|Tyranitar, M|100/100
|-damage|p1a: Tyranitar|88/100|[from] Stealth Rock
|move|p2a: Latios|Draco Meteor|p1a: Tyranitar
|-damage|p1a: Tyranitar|55/100
|-unboost|p2a: Latios|spa|2
|
|-weather|Sandstorm|[upkeep]
|-damage|p2a: Latios|62/100|[from] Sandstorm
|upkeep
|turn|26
|
|t:|1740921233
|-activate|p2a: Latios|move: Pursuit
|move|p1a: Tyranitar|Pursuit|p2a: Latios|[from] Pursuit
|-supereffective|p2a: Latios
|-damage|p2a: Latios|0 fnt
|faint|p2a: Latios
|-hint|A Pokemon can't switch between when it runs out of HP and when it faints
|
|-weather|Sandstorm|[upkeep]
|upkeep
|
|t:|1740921249
|switch|p2a: Ferrothorn|Ferrothorn, M|56/100
|-damage|p2a: Ferrothorn|43/100|[from] Spikes
|-damage|p2a: Ferrothorn|37/100|[from] Stealth Rock
|turn|27
|
|t:|1740921259
|move|p1a: Tyranitar|Fire Blast|p2a: Ferrothorn
|-supereffective|p2a: Ferrothorn
|-damage|p2a: Ferrothorn|0 fnt
|faint|p2a: Ferrothorn
|
|-weather|Sandstorm|[upkeep]
|upkeep
|
|t:|1740921280
|switch|p2a: Conkeldurr|Conkeldurr, M|95/100
|-damage|p2a: Conkeldurr|82/100|[from] Spikes
|-damage|p2a: Conkeldurr|76/100|[from] Stealth Rock
|turn|28
|
|t:|1740921290
|move|p1a: Tyranitar|Earthquake|p2a: Conkeldurr
|-damage|p2a: Conkeldurr|51/100
|move|p2a: Conkeldurr|Ice Punch|p1a: Tyranitar
|-damage|p1a: Tyranitar|20/100
|
|-weather|Sandstorm|[upkeep]
|-damage|p2a: Conkeldurr|45/100|[from] Sandstorm
|upkeep
|turn|29
|
|t:|1740921299
|move|p1a: Tyranitar|Earthquake|p2a: Conkeldurr
|-damage|p2a: Conkeldurr|19/100
|move|p2a: Conkeldurr|Ice Punch|p1a: Tyranitar
|-damage|p1a: Tyranitar|0 fnt
|faint|p1a: Tyranitar
|
|-weather|Sandstorm|[upkeep]
|-damage|p2a: Conkeldurr|13/100|[from] Sandstorm
|upkeep
|
|t:|1740921315
|switch|p1a: Latios|Latios, M|76/100
|-damage|p1a: Latios|64/100|[from] Stealth Rock
|turn|30
|
|t:|1740921324
|move|p1a: Latios|Surf|p2a: Conkeldurr
|-damage|p2a: Conkeldurr|0 fnt
|faint|p2a: Conkeldurr
|
|-weather|Sandstorm|[upkeep]
|-damage|p1a: Latios|58/100|[from] Sandstorm
|upkeep
|
|t:|1740921326
|switch|p2a: Jirachi|Jirachi|100/100
|-damage|p2a: Jirachi|88/100|[from] Spikes
|-damage|p2a: Jirachi|82/100|[from] Stealth Rock
|turn|31
|
|t:|1740921328
|move|p1a: Latios|Surf|p2a: Jirachi
|-damage|p2a: Jirachi|53/100
|move|p2a: Jirachi|Toxic|p1a: Latios
|-status|p1a: Latios|tox
|
|-weather|Sandstorm|[upkeep]
|-damage|p1a: Latios|52/100 tox|[from] Sandstorm
|-heal|p2a: Jirachi|59/100|[from] item: Leftovers
|-damage|p1a: Latios|46/100 tox|[from] psn
|upkeep
|turn|32
|
|t:|1740921410
|switch|p1a: Zapdos|Zapdos|41/100
|-damage|p1a: Zapdos|16/100|[from] Stealth Rock
|-ability|p1a: Zapdos|Pressure
|move|p2a: Jirachi|Wish|p2a: Jirachi
|
|-weather|Sandstorm|[upkeep]
|-damage|p1a: Zapdos|10/100|[from] Sandstorm
|-heal|p1a: Zapdos|16/100|[from] item: Leftovers
|-heal|p2a: Jirachi|66/100|[from] item: Leftovers
|upkeep
|turn|33
|
|t:|1740921425
|move|p1a: Zapdos|Roost|p1a: Zapdos
|-heal|p1a: Zapdos|66/100
|-singleturn|p1a: Zapdos|move: Roost
|move|p2a: Jirachi|Toxic|p1a: Zapdos
|-status|p1a: Zapdos|tox
|
|-weather|Sandstorm|[upkeep]
|-damage|p1a: Zapdos|60/100 tox|[from] Sandstorm
|-heal|p2a: Jirachi|100/100|[from] move: Wish|[wisher] Jirachi
|-heal|p1a: Zapdos|66/100 tox|[from] item: Leftovers
|-damage|p1a: Zapdos|60/100 tox|[from] psn
|upkeep
|turn|34
|
|t:|1740921434
|move|p1a: Zapdos|Volt Switch|p2a: Jirachi
|-damage|p2a: Jirachi|81/100
|
|t:|1740921436
|switch|p1a: Latios|Latios, M|46/100 tox|[from] Volt Switch
|-damage|p1a: Latios|34/100 tox|[from] Stealth Rock
|move|p2a: Jirachi|Toxic|p1a: Latios
|-fail|p1a: Latios|tox
|
|-weather|Sandstorm|[upkeep]
|-damage|p1a: Latios|28/100 tox|[from] Sandstorm
|-heal|p2a: Jirachi|87/100|[from] item: Leftovers
|-damage|p1a: Latios|22/100 tox|[from] psn
|upkeep
|turn|35
|
|t:|1740921445
|move|p1a: Latios|Trick|p2a: Jirachi
|-activate|p1a: Latios|move: Trick|[of] p2a: Jirachi
|-item|p2a: Jirachi|Choice Specs|[from] move: Trick
|-item|p1a: Latios|Leftovers|[from] move: Trick
|move|p2a: Jirachi|Wish|p2a: Jirachi
|
|-weather|Sandstorm|[upkeep]
|-damage|p1a: Latios|16/100 tox|[from] Sandstorm
|-heal|p1a: Latios|22/100 tox|[from] item: Leftovers
|-damage|p1a: Latios|10/100 tox|[from] psn
|upkeep
|turn|36
|c|☆phosphor|gg
|
|t:|1740921459
|move|p1a: Latios|Surf|p2a: Jirachi
|-damage|p2a: Jirachi|69/100
|move|p2a: Jirachi|Wish||[still]
|-fail|p2a: Jirachi
|
|-weather|Sandstorm|[upkeep]
|-damage|p1a: Latios|4/100 tox|[from] Sandstorm
|-heal|p2a: Jirachi|100/100|[from] move: Wish|[wisher] Jirachi
|-heal|p1a: Latios|10/100 tox|[from] item: Leftovers
|-damage|p1a: Latios|0 fnt|[from] psn
|faint|p1a: Latios
|upkeep
|
|t:|1740921468
|switch|p1a: Terrakion|Terrakion|94/100
|-damage|p1a: Terrakion|88/100|[from] Stealth Rock
|turn|37
|
|t:|1740921480
|move|p1a: Terrakion|Close Combat|p2a: Jirachi
|-damage|p2a: Jirachi|51/100
|-unboost|p1a: Terrakion|def|1
|-unboost|p1a: Terrakion|spd|1
|move|p2a: Jirachi|Wish|p2a: Jirachi
|
|-weather|Sandstorm|[upkeep]
|upkeep
|turn|38
|
|t:|1740921483
|move|p1a: Terrakion|Close Combat|p2a: Jirachi
|-damage|p2a: Jirachi|1/100
|-unboost|p1a: Terrakion|def|1
|-unboost|p1a: Terrakion|spd|1
|move|p2a: Jirachi|Wish||[still]
|-fail|p2a: Jirachi
|
|-weather|Sandstorm|[upkeep]
|-heal|p2a: Jirachi|51/100|[from] move: Wish|[wisher] Jirachi
|upkeep
|turn|39
|
|t:|1740921486
|move|p1a: Terrakion|Close Combat|p2a: Jirachi
|-damage|p2a: Jirachi|0 fnt
|-unboost|p1a: Terrakion|def|1
|-unboost|p1a: Terrakion|spd|1
|faint|p2a: Jirachi
|
|win|phosphor
|raw|phosphor's rating: 1499 &rarr; <strong>1510</strong><br />(+11 for winning)
|raw|jimbojonaaas's rating: 1323 &rarr; <strong>1312</strong><br />(-11 for losing)
