|j|☆The Last Hero
|j|☆ThelordofbadRNG
|player|p1|The Last Hero|acetrainersnow|1401
|player|p2|ThelordofbadRNG|lorelei-gen1rb|1363
|teamsize|p1|6
|teamsize|p2|6
|gametype|singles
|gen|5
|tier|[Gen 5] OU
|rated|
|clearpoke
|poke|p1|Hippowdon, M|item
|poke|p1|Skarmory, M|item
|poke|p1|Jellicent, M|item
|poke|p1|Blissey, F|item
|poke|p1|Excadrill, M|item
|poke|p1|Tangrowth, M|item
|poke|p2|Tyranitar, F|item
|poke|p2|Breloom, M|item
|poke|p2|Reuniclus, M|item
|poke|p2|Jellicent, F|item
|poke|p2|Landorus-Therian, M|item
|poke|p2|Excadrill, M|item
|rule|Species Clause: Limit one of each Pokémon
|rule|OHKO Clause: OHKO moves are banned
|rule|Moody Clause: Moody is banned
|rule|Evasion Moves Clause: Evasion moves are banned
|rule|Endless Battle Clause: Forcing endless battles is banned
|rule|HP Percentage Mod: HP is shown in percentages
|rule|Evasion Abilities Clause: Evasion abilities are banned
|rule|Baton Pass Clause: Limit one Baton Passer, can't pass Spe and other stats simultaneously
|rule|Sleep Clause: Sleep-inducing moves are banned
|rule|Swagger Clause: Swagger is banned
|teampreview
|
|start
|switch|p1a: Hippo|Hippowdon, M|100/100
|switch|p2a: Breloom|Breloom, M|100/100
|-weather|Sandstorm|[from] ability: Sand Stream|[of] p1a: Hippo
|turn|1
|
|move|p2a: Breloom|Protect|p2a: Breloom
|-singleturn|p2a: Breloom|Protect
|move|p1a: Hippo|Stealth Rock|p2a: Breloom
|-sidestart|p2: ThelordofbadRNG|move: Stealth Rock
|
|-weather|Sandstorm|[upkeep]
|-damage|p2a: Breloom|94/100|[from] Sandstorm
|-status|p2a: Breloom|tox|[from] item: Toxic Orb
|upkeep
|turn|2
|
|switch|p1a: Tangelito|Tangrowth, M|100/100
|move|p2a: Breloom|Leech Seed|p1a: Tangelito
|-immune|p1a: Tangelito
|
|-weather|Sandstorm|[upkeep]
|-damage|p2a: Breloom|88/100 tox|[from] Sandstorm
|-damage|p1a: Tangelito|94/100|[from] Sandstorm
|-heal|p1a: Tangelito|100/100|[from] item: Leftovers
|-heal|p2a: Breloom|100/100 tox|[from] ability: Poison Heal
|upkeep
|turn|3
|inactive|Battle timer is ON: inactive players will automatically lose when time's up. (requested by The Last Hero)
|
|switch|p2a: Tyranitar|Tyranitar, F|100/100
|-damage|p2a: Tyranitar|88/100|[from] Stealth Rock
|move|p1a: Tangelito|Knock Off|p2a: Tyranitar
|-resisted|p2a: Tyranitar
|-damage|p2a: Tyranitar|86/100
|-enditem|p2a: Tyranitar|Chople Berry|[from] move: Knock Off|[of] p1a: Tangelito
|
|-weather|Sandstorm|[upkeep]
|-damage|p1a: Tangelito|94/100|[from] Sandstorm
|-heal|p1a: Tangelito|100/100|[from] item: Leftovers
|upkeep
|turn|4
|
|switch|p1a: Acerondor|Skarmory, M|100/100
|move|p2a: Tyranitar|Fire Blast|p1a: Acerondor|[miss]
|-miss|p2a: Tyranitar|p1a: Acerondor
|
|-weather|Sandstorm|[upkeep]
|upkeep
|turn|5
|
|move|p1a: Acerondor|Spikes|p2a: Tyranitar
|-sidestart|p2: ThelordofbadRNG|Spikes
|move|p2a: Tyranitar|Stealth Rock|p1a: Acerondor
|-sidestart|p1: The Last Hero|move: Stealth Rock
|
|-weather|Sandstorm|[upkeep]
|upkeep
|turn|6
|
|move|p1a: Acerondor|Spikes|p2a: Tyranitar
|-sidestart|p2: ThelordofbadRNG|Spikes
|move|p2a: Tyranitar|Fire Blast|p1a: Acerondor
|-supereffective|p1a: Acerondor
|-damage|p1a: Acerondor|52/100
|
|-weather|Sandstorm|[upkeep]
|upkeep
|turn|7
|
|move|p1a: Acerondor|Roost|p1a: Acerondor
|-heal|p1a: Acerondor|100/100
|-singleturn|p1a: Acerondor|move: Roost
|move|p2a: Tyranitar|Fire Blast|p1a: Acerondor|[miss]
|-miss|p2a: Tyranitar|p1a: Acerondor
|
|-weather|Sandstorm|[upkeep]
|upkeep
|turn|8
|
|move|p1a: Acerondor|Spikes|p2a: Tyranitar
|-sidestart|p2: ThelordofbadRNG|Spikes
|move|p2a: Tyranitar|Fire Blast|p1a: Acerondor
|-supereffective|p1a: Acerondor
|-damage|p1a: Acerondor|49/100
|
|-weather|Sandstorm|[upkeep]
|upkeep
|turn|9
|
|move|p1a: Acerondor|Roost|p1a: Acerondor
|-heal|p1a: Acerondor|99/100
|-singleturn|p1a: Acerondor|move: Roost
|move|p2a: Tyranitar|Fire Blast|p1a: Acerondor
|-supereffective|p1a: Acerondor
|-damage|p1a: Acerondor|52/100
|
|-weather|Sandstorm|[upkeep]
|upkeep
|turn|10
|
|move|p1a: Acerondor|Roost|p1a: Acerondor
|-heal|p1a: Acerondor|100/100
|-singleturn|p1a: Acerondor|move: Roost
|move|p2a: Tyranitar|Crunch|p1a: Acerondor
|-resisted|p1a: Acerondor
|-crit|p1a: Acerondor
|-damage|p1a: Acerondor|65/100
|-unboost|p1a: Acerondor|def|1
|
|-weather|Sandstorm|[upkeep]
|upkeep
|turn|11
|
|move|p1a: Acerondor|Roost|p1a: Acerondor
|-heal|p1a: Acerondor|100/100
|-singleturn|p1a: Acerondor|move: Roost
|move|p2a: Tyranitar|Crunch|p1a: Acerondor
|-resisted|p1a: Acerondor
|-damage|p1a: Acerondor|75/100
|
|-weather|Sandstorm|[upkeep]
|upkeep
|turn|12
|
|move|p2a: Tyranitar|Crunch|p1a: Acerondor
|-resisted|p1a: Acerondor
|-damage|p1a: Acerondor|52/100
|move|p1a: Acerondor|Whirlwind|p2a: Tyranitar
|drag|p2a: Breloom|Breloom, M|100/100 tox
|-damage|p2a: Breloom|94/100 tox|[from] Stealth Rock
|-damage|p2a: Breloom|69/100 tox|[from] Spikes
|
|-weather|Sandstorm|[upkeep]
|-damage|p2a: Breloom|63/100 tox|[from] Sandstorm
|-heal|p2a: Breloom|76/100 tox|[from] ability: Poison Heal
|upkeep
|turn|13
|
|switch|p2a: Reuniclus|Reuniclus, M|100/100
|move|p1a: Acerondor|Roost|p1a: Acerondor
|-heal|p1a: Acerondor|100/100
|-singleturn|p1a: Acerondor|move: Roost
|
|-weather|Sandstorm|[upkeep]
|upkeep
|turn|14
|
|move|p2a: Reuniclus|Calm Mind|p2a: Reuniclus
|-boost|p2a: Reuniclus|spa|1
|-boost|p2a: Reuniclus|spd|1
|move|p1a: Acerondor|Whirlwind|p2a: Reuniclus
|drag|p2a: Landorus|Landorus-Therian, M|100/100
|-damage|p2a: Landorus|88/100|[from] Stealth Rock
|-ability|p2a: Landorus|Intimidate|boost
|-unboost|p1a: Acerondor|atk|1
|
|-weather|Sandstorm|[upkeep]
|upkeep
|turn|15
|
|move|p2a: Landorus|Knock Off|p1a: Acerondor
|-resisted|p1a: Acerondor
|-damage|p1a: Acerondor|97/100
|-enditem|p1a: Acerondor|Shed Shell|[from] move: Knock Off|[of] p2a: Landorus
|move|p1a: Acerondor|Whirlwind|p2a: Landorus
|drag|p2a: Excadrill|Excadrill, M|100/100
|-damage|p2a: Excadrill|97/100|[from] Stealth Rock
|-damage|p2a: Excadrill|73/100|[from] Spikes
|-ability|p2a: Excadrill|Mold Breaker
|
|-weather|Sandstorm|[upkeep]
|-heal|p2a: Excadrill|79/100|[from] item: Leftovers
|upkeep
|turn|16
|
|switch|p1a: Mostachitos|Jellicent, M|100/100
|-damage|p1a: Mostachitos|88/100|[from] Stealth Rock
|move|p2a: Excadrill|Rapid Spin|p1a: Mostachitos
|-immune|p1a: Mostachitos
|
|-weather|Sandstorm|[upkeep]
|-damage|p1a: Mostachitos|82/100|[from] Sandstorm
|-heal|p2a: Excadrill|85/100|[from] item: Leftovers
|-heal|p1a: Mostachitos|88/100|[from] item: Leftovers
|upkeep
|turn|17
|
|switch|p2a: Jellicent|Jellicent, F|100/100
|-damage|p2a: Jellicent|75/100|[from] Spikes
|-damage|p2a: Jellicent|63/100|[from] Stealth Rock
|move|p1a: Mostachitos|Night Shade|p2a: Jellicent
|-damage|p2a: Jellicent|38/100
|
|-weather|Sandstorm|[upkeep]
|-damage|p2a: Jellicent|32/100|[from] Sandstorm
|-damage|p1a: Mostachitos|82/100|[from] Sandstorm
|-heal|p1a: Mostachitos|88/100|[from] item: Leftovers
|-heal|p2a: Jellicent|38/100|[from] item: Leftovers
|upkeep
|turn|18
|
|switch|p1a: Tangelito|Tangrowth, M|100/100
|-damage|p1a: Tangelito|88/100|[from] Stealth Rock
|move|p2a: Jellicent|Toxic|p1a: Tangelito
|-status|p1a: Tangelito|tox
|
|-weather|Sandstorm|[upkeep]
|-damage|p2a: Jellicent|32/100|[from] Sandstorm
|-damage|p1a: Tangelito|82/100 tox|[from] Sandstorm
|-heal|p2a: Jellicent|38/100|[from] item: Leftovers
|-heal|p1a: Tangelito|88/100 tox|[from] item: Leftovers
|-damage|p1a: Tangelito|82/100 tox|[from] psn
|upkeep
|turn|19
|
|move|p2a: Jellicent|Recover|p2a: Jellicent
|-heal|p2a: Jellicent|88/100
|move|p1a: Tangelito|Knock Off|p2a: Jellicent
|-supereffective|p2a: Jellicent
|-damage|p2a: Jellicent|79/100
|-enditem|p2a: Jellicent|Leftovers|[from] move: Knock Off|[of] p1a: Tangelito
|
|-weather|Sandstorm|[upkeep]
|-damage|p2a: Jellicent|73/100|[from] Sandstorm
|-damage|p1a: Tangelito|76/100 tox|[from] Sandstorm
|-heal|p1a: Tangelito|82/100 tox|[from] item: Leftovers
|-damage|p1a: Tangelito|69/100 tox|[from] psn
|upkeep
|turn|20
|
|move|p2a: Jellicent|Recover|p2a: Jellicent
|-heal|p2a: Jellicent|100/100
|move|p1a: Tangelito|Giga Drain|p2a: Jellicent
|-supereffective|p2a: Jellicent
|-damage|p2a: Jellicent|68/100
|-heal|p1a: Tangelito|86/100 tox|[from] drain|[of] p2a: Jellicent
|
|-weather|Sandstorm|[upkeep]
|-damage|p2a: Jellicent|62/100|[from] Sandstorm
|-damage|p1a: Tangelito|80/100 tox|[from] Sandstorm
|-heal|p1a: Tangelito|86/100 tox|[from] item: Leftovers
|-damage|p1a: Tangelito|67/100 tox|[from] psn
|upkeep
|turn|21
|
|move|p2a: Jellicent|Recover|p2a: Jellicent
|-heal|p2a: Jellicent|100/100
|move|p1a: Tangelito|Giga Drain|p2a: Jellicent
|-supereffective|p2a: Jellicent
|-damage|p2a: Jellicent|69/100
|-heal|p1a: Tangelito|83/100 tox|[from] drain|[of] p2a: Jellicent
|
|-weather|Sandstorm|[upkeep]
|-damage|p2a: Jellicent|63/100|[from] Sandstorm
|-damage|p1a: Tangelito|77/100 tox|[from] Sandstorm
|-heal|p1a: Tangelito|83/100 tox|[from] item: Leftovers
|-damage|p1a: Tangelito|58/100 tox|[from] psn
|upkeep
|turn|22
|
|move|p2a: Jellicent|Recover|p2a: Jellicent
|-heal|p2a: Jellicent|100/100
|move|p1a: Tangelito|Giga Drain|p2a: Jellicent
|-supereffective|p2a: Jellicent
|-damage|p2a: Jellicent|66/100
|-heal|p1a: Tangelito|75/100 tox|[from] drain|[of] p2a: Jellicent
|
|-weather|Sandstorm|[upkeep]
|-damage|p2a: Jellicent|60/100|[from] Sandstorm
|-damage|p1a: Tangelito|69/100 tox|[from] Sandstorm
|-heal|p1a: Tangelito|75/100 tox|[from] item: Leftovers
|-damage|p1a: Tangelito|44/100 tox|[from] psn
|upkeep
|turn|23
|
|switch|p1a: Bliss|Blissey, F|100/100
|-damage|p1a: Bliss|88/100|[from] Stealth Rock
|move|p2a: Jellicent|Recover|p2a: Jellicent
|-heal|p2a: Jellicent|100/100
|
|-weather|Sandstorm|[upkeep]
|-damage|p2a: Jellicent|94/100|[from] Sandstorm
|-damage|p1a: Bliss|82/100|[from] Sandstorm
|-heal|p1a: Bliss|88/100|[from] item: Leftovers
|upkeep
|turn|24
|
|switch|p2a: Breloom|Breloom, M|76/100 tox
|-damage|p2a: Breloom|51/100 tox|[from] Spikes
|-damage|p2a: Breloom|44/100 tox|[from] Stealth Rock
|move|p1a: Bliss|Wish|p1a: Bliss
|
|-weather|Sandstorm|[upkeep]
|-damage|p2a: Breloom|38/100 tox|[from] Sandstorm
|-damage|p1a: Bliss|82/100|[from] Sandstorm
|-heal|p1a: Bliss|88/100|[from] item: Leftovers
|-heal|p2a: Breloom|51/100 tox|[from] ability: Poison Heal
|upkeep
|turn|25
|
|switch|p1a: Tangelito|Tangrowth, M|78/100 tox
|-damage|p1a: Tangelito|65/100 tox|[from] Stealth Rock
|move|p2a: Breloom|Bulk Up|p2a: Breloom
|-boost|p2a: Breloom|atk|1
|-boost|p2a: Breloom|def|1
|
|-weather|Sandstorm|[upkeep]
|-damage|p2a: Breloom|44/100 tox|[from] Sandstorm
|-damage|p1a: Tangelito|59/100 tox|[from] Sandstorm
|-heal|p1a: Tangelito|100/100 tox|[from] move: Wish|[wisher] Bliss
|-heal|p2a: Breloom|57/100 tox|[from] ability: Poison Heal
|-damage|p1a: Tangelito|94/100 tox|[from] psn
|upkeep
|turn|26
|
|move|p2a: Breloom|Bulk Up|p2a: Breloom
|-boost|p2a: Breloom|atk|1
|-boost|p2a: Breloom|def|1
|move|p1a: Tangelito|Worry Seed|p2a: Breloom
|-endability|p2a: Breloom|Poison Heal|[from] move: Worry Seed
|-ability|p2a: Breloom|Insomnia|[from] move: Worry Seed
|
|-weather|Sandstorm|[upkeep]
|-damage|p2a: Breloom|51/100 tox|[from] Sandstorm
|-damage|p1a: Tangelito|88/100 tox|[from] Sandstorm
|-heal|p1a: Tangelito|94/100 tox|[from] item: Leftovers
|-damage|p2a: Breloom|32/100 tox|[from] psn
|-damage|p1a: Tangelito|82/100 tox|[from] psn
|upkeep
|turn|27
|
|switch|p2a: Reuniclus|Reuniclus, M|100/100
|move|p1a: Tangelito|Giga Drain|p2a: Reuniclus
|-damage|p2a: Reuniclus|73/100
|-heal|p1a: Tangelito|97/100 tox|[from] drain|[of] p2a: Reuniclus
|
|-weather|Sandstorm|[upkeep]
|-damage|p1a: Tangelito|90/100 tox|[from] Sandstorm
|-heal|p1a: Tangelito|97/100 tox|[from] item: Leftovers
|-heal|p2a: Reuniclus|79/100|[from] item: Leftovers
|-damage|p1a: Tangelito|78/100 tox|[from] psn
|upkeep
|turn|28
|
|move|p1a: Tangelito|Knock Off|p2a: Reuniclus
|-supereffective|p2a: Reuniclus
|-damage|p2a: Reuniclus|73/100
|-enditem|p2a: Reuniclus|Leftovers|[from] move: Knock Off|[of] p1a: Tangelito
|move|p2a: Reuniclus|Calm Mind|p2a: Reuniclus
|-boost|p2a: Reuniclus|spa|1
|-boost|p2a: Reuniclus|spd|1
|
|-weather|Sandstorm|[upkeep]
|-damage|p1a: Tangelito|72/100 tox|[from] Sandstorm
|-heal|p1a: Tangelito|78/100 tox|[from] item: Leftovers
|-damage|p1a: Tangelito|53/100 tox|[from] psn
|upkeep
|turn|29
|
|switch|p1a: Bliss|Blissey, F|88/100
|-damage|p1a: Bliss|76/100|[from] Stealth Rock
|move|p2a: Reuniclus|Calm Mind|p2a: Reuniclus
|-boost|p2a: Reuniclus|spa|1
|-boost|p2a: Reuniclus|spd|1
|
|-weather|Sandstorm|[upkeep]
|-damage|p1a: Bliss|69/100|[from] Sandstorm
|-heal|p1a: Bliss|76/100|[from] item: Leftovers
|upkeep
|turn|30
|
|move|p1a: Bliss|Toxic|p2a: Reuniclus
|-status|p2a: Reuniclus|tox
|move|p2a: Reuniclus|Psyshock|p1a: Bliss
|-damage|p1a: Bliss|16/100
|
|-weather|Sandstorm|[upkeep]
|-damage|p1a: Bliss|10/100|[from] Sandstorm
|-heal|p1a: Bliss|16/100|[from] item: Leftovers
|upkeep
|turn|31
|
|switch|p1a: Sexcadrill|Excadrill, M|100/100
|-damage|p1a: Sexcadrill|97/100|[from] Stealth Rock
|-ability|p1a: Sexcadrill|Mold Breaker
|move|p2a: Reuniclus|Focus Blast|p1a: Sexcadrill
|-supereffective|p1a: Sexcadrill
|-damage|p1a: Sexcadrill|0 fnt
|faint|p1a: Sexcadrill
|
|-weather|Sandstorm|[upkeep]
|upkeep
|
|switch|p1a: Tangelito|Tangrowth, M|86/100 tox
|-damage|p1a: Tangelito|74/100 tox|[from] Stealth Rock
|turn|32
|
|switch|p1a: Mostachitos|Jellicent, M|88/100
|-damage|p1a: Mostachitos|76/100|[from] Stealth Rock
|move|p2a: Reuniclus|Focus Blast|p1a: Mostachitos
|-immune|p1a: Mostachitos
|
|-weather|Sandstorm|[upkeep]
|-damage|p1a: Mostachitos|69/100|[from] Sandstorm
|-heal|p1a: Mostachitos|76/100|[from] item: Leftovers
|upkeep
|turn|33
|
|move|p1a: Mostachitos|Night Shade|p2a: Reuniclus
|-damage|p2a: Reuniclus|49/100 tox
|move|p2a: Reuniclus|Psyshock|p1a: Mostachitos
|-damage|p1a: Mostachitos|23/100
|
|-weather|Sandstorm|[upkeep]
|-damage|p1a: Mostachitos|17/100|[from] Sandstorm
|-heal|p1a: Mostachitos|23/100|[from] item: Leftovers
|upkeep
|turn|34
|
|move|p1a: Mostachitos|Recover|p1a: Mostachitos
|-heal|p1a: Mostachitos|73/100
|move|p2a: Reuniclus|Recover|p2a: Reuniclus
|-heal|p2a: Reuniclus|99/100 tox
|
|-weather|Sandstorm|[upkeep]
|-damage|p1a: Mostachitos|67/100|[from] Sandstorm
|-heal|p1a: Mostachitos|73/100|[from] item: Leftovers
|upkeep
|turn|35
|
|move|p1a: Mostachitos|Night Shade|p2a: Reuniclus
|-damage|p2a: Reuniclus|76/100 tox
|move|p2a: Reuniclus|Calm Mind|p2a: Reuniclus
|-boost|p2a: Reuniclus|spa|1
|-boost|p2a: Reuniclus|spd|1
|
|-weather|Sandstorm|[upkeep]
|-damage|p1a: Mostachitos|67/100|[from] Sandstorm
|-heal|p1a: Mostachitos|73/100|[from] item: Leftovers
|upkeep
|turn|36
|
|move|p1a: Mostachitos|Night Shade|p2a: Reuniclus
|-damage|p2a: Reuniclus|52/100 tox
|move|p2a: Reuniclus|Calm Mind|p2a: Reuniclus
|-boost|p2a: Reuniclus|spa|1
|-boost|p2a: Reuniclus|spd|1
|
|-weather|Sandstorm|[upkeep]
|-damage|p1a: Mostachitos|67/100|[from] Sandstorm
|-heal|p1a: Mostachitos|73/100|[from] item: Leftovers
|upkeep
|turn|37
|
|move|p1a: Mostachitos|Taunt|p2a: Reuniclus
|-start|p2a: Reuniclus|move: Taunt
|cant|p2a: Reuniclus|move: Taunt|Recover
|
|-weather|Sandstorm|[upkeep]
|-damage|p1a: Mostachitos|67/100|[from] Sandstorm
|-heal|p1a: Mostachitos|73/100|[from] item: Leftovers
|upkeep
|turn|38
|
|switch|p1a: Tangelito|Tangrowth, M|100/100 tox
|-damage|p1a: Tangelito|88/100 tox|[from] Stealth Rock
|move|p2a: Reuniclus|Psyshock|p1a: Tangelito
|-damage|p1a: Tangelito|37/100 tox
|
|-weather|Sandstorm|[upkeep]
|-damage|p1a: Tangelito|31/100 tox|[from] Sandstorm
|-heal|p1a: Tangelito|37/100 tox|[from] item: Leftovers
|-damage|p1a: Tangelito|31/100 tox|[from] psn
|upkeep
|turn|39
|
|move|p1a: Tangelito|Worry Seed|p2a: Reuniclus
|-endability|p2a: Reuniclus|Magic Guard|[from] move: Worry Seed
|-ability|p2a: Reuniclus|Insomnia|[from] move: Worry Seed
|move|p2a: Reuniclus|Psyshock|p1a: Tangelito
|-damage|p1a: Tangelito|0 fnt
|faint|p1a: Tangelito
|
|-weather|Sandstorm|[upkeep]
|-damage|p2a: Reuniclus|46/100 tox|[from] Sandstorm
|-damage|p2a: Reuniclus|0 fnt|[from] psn
|faint|p2a: Reuniclus
|upkeep
|
|switch|p1a: Mostachitos|Jellicent, M|73/100
|switch|p2a: Tyranitar|Tyranitar, F|86/100
|-damage|p2a: Tyranitar|74/100|[from] Stealth Rock
|-damage|p2a: Tyranitar|49/100|[from] Spikes
|-damage|p1a: Mostachitos|61/100|[from] Stealth Rock
|turn|40
|
|move|p2a: Tyranitar|Crunch|p1a: Mostachitos
|-supereffective|p1a: Mostachitos
|-damage|p1a: Mostachitos|0 fnt
|faint|p1a: Mostachitos
|
|-weather|Sandstorm|[upkeep]
|upkeep
|
|switch|p1a: Hippo|Hippowdon, M|100/100
|-damage|p1a: Hippo|94/100|[from] Stealth Rock
|turn|41
|
|move|p2a: Tyranitar|Stealth Rock||[still]
|-fail|p2a: Tyranitar
|move|p1a: Hippo|Earthquake|p2a: Tyranitar
|-supereffective|p2a: Tyranitar
|-damage|p2a: Tyranitar|0 fnt
|faint|p2a: Tyranitar
|
|-weather|Sandstorm|[upkeep]
|upkeep
|
|switch|p2a: Jellicent|Jellicent, F|94/100
|-damage|p2a: Jellicent|69/100|[from] Spikes
|-damage|p2a: Jellicent|57/100|[from] Stealth Rock
|turn|42
|
|switch|p1a: Acerondor|Skarmory, M|97/100
|-damage|p1a: Acerondor|84/100|[from] Stealth Rock
|move|p2a: Jellicent|Will-O-Wisp|p1a: Acerondor
|-status|p1a: Acerondor|brn
|
|-weather|Sandstorm|[upkeep]
|-damage|p2a: Jellicent|51/100|[from] Sandstorm
|-damage|p1a: Acerondor|72/100 brn|[from] brn
|upkeep
|turn|43
|
|move|p1a: Acerondor|Roost|p1a: Acerondor
|-heal|p1a: Acerondor|100/100 brn
|-singleturn|p1a: Acerondor|move: Roost
|move|p2a: Jellicent|Scald|p1a: Acerondor
|-damage|p1a: Acerondor|78/100 brn
|
|-weather|Sandstorm|[upkeep]
|-damage|p2a: Jellicent|45/100|[from] Sandstorm
|-damage|p1a: Acerondor|66/100 brn|[from] brn
|upkeep
|turn|44
|
|move|p1a: Acerondor|Roost|p1a: Acerondor
|-heal|p1a: Acerondor|100/100 brn
|-singleturn|p1a: Acerondor|move: Roost
|move|p2a: Jellicent|Recover|p2a: Jellicent
|-heal|p2a: Jellicent|95/100
|
|-weather|Sandstorm|[upkeep]
|-damage|p2a: Jellicent|88/100|[from] Sandstorm
|-damage|p1a: Acerondor|88/100 brn|[from] brn
|upkeep
|turn|45
|
|move|p1a: Acerondor|Brave Bird|p2a: Jellicent
|-crit|p2a: Jellicent
|-damage|p2a: Jellicent|54/100
|-damage|p1a: Acerondor|74/100 brn|[from] Recoil
|move|p2a: Jellicent|Scald|p1a: Acerondor
|-damage|p1a: Acerondor|52/100 brn
|
|-weather|Sandstorm|[upkeep]
|-damage|p2a: Jellicent|48/100|[from] Sandstorm
|-damage|p1a: Acerondor|40/100 brn|[from] brn
|upkeep
|turn|46
|
|move|p1a: Acerondor|Roost|p1a: Acerondor
|-heal|p1a: Acerondor|90/100 brn
|-singleturn|p1a: Acerondor|move: Roost
|move|p2a: Jellicent|Scald|p1a: Acerondor
|-damage|p1a: Acerondor|67/100 brn
|
|-weather|Sandstorm|[upkeep]
|-damage|p2a: Jellicent|42/100|[from] Sandstorm
|-damage|p1a: Acerondor|55/100 brn|[from] brn
|upkeep
|turn|47
|
|move|p1a: Acerondor|Brave Bird|p2a: Jellicent
|-damage|p2a: Jellicent|24/100
|-damage|p1a: Acerondor|48/100 brn|[from] Recoil
|move|p2a: Jellicent|Recover|p2a: Jellicent
|-heal|p2a: Jellicent|74/100
|
|-weather|Sandstorm|[upkeep]
|-damage|p2a: Jellicent|68/100|[from] Sandstorm
|-damage|p1a: Acerondor|35/100 brn|[from] brn
|upkeep
|turn|48
|
|move|p1a: Acerondor|Roost|p1a: Acerondor
|-heal|p1a: Acerondor|86/100 brn
|-singleturn|p1a: Acerondor|move: Roost
|move|p2a: Jellicent|Scald|p1a: Acerondor
|-damage|p1a: Acerondor|65/100 brn
|
|-weather|Sandstorm|[upkeep]
|-damage|p2a: Jellicent|62/100|[from] Sandstorm
|-damage|p1a: Acerondor|53/100 brn|[from] brn
|upkeep
|turn|49
|
|move|p1a: Acerondor|Roost|p1a: Acerondor
|-heal|p1a: Acerondor|100/100 brn
|-singleturn|p1a: Acerondor|move: Roost
|move|p2a: Jellicent|Scald|p1a: Acerondor
|-damage|p1a: Acerondor|79/100 brn
|
|-weather|Sandstorm|[upkeep]
|-damage|p2a: Jellicent|56/100|[from] Sandstorm
|-damage|p1a: Acerondor|67/100 brn|[from] brn
|upkeep
|turn|50
|
|move|p2a: Jellicent|Scald|p1a: Acerondor
|-damage|p1a: Acerondor|46/100 brn
|move|p1a: Acerondor|Whirlwind|p2a: Jellicent
|drag|p2a: Breloom|Breloom, M|32/100 tox
|-damage|p2a: Breloom|26/100 tox|[from] Stealth Rock
|-damage|p2a: Breloom|1/100 tox|[from] Spikes
|
|-weather|Sandstorm|[upkeep]
|-damage|p2a: Breloom|0 fnt|[from] Sandstorm
|faint|p2a: Breloom
|-damage|p1a: Acerondor|34/100 brn|[from] brn
|upkeep
|
|switch|p2a: Excadrill|Excadrill, M|85/100
|-damage|p2a: Excadrill|60/100|[from] Spikes
|-damage|p2a: Excadrill|57/100|[from] Stealth Rock
|-ability|p2a: Excadrill|Mold Breaker
|turn|51
|inactive|The Last Hero has 120 seconds left.
|
|move|p2a: Excadrill|Rapid Spin|p1a: Acerondor
|-resisted|p1a: Acerondor
|-damage|p1a: Acerondor|32/100 brn
|-sideend|p2: ThelordofbadRNG|Spikes|[from] move: Rapid Spin|[of] p2a: Excadrill
|-sideend|p2: ThelordofbadRNG|Stealth Rock|[from] move: Rapid Spin|[of] p2a: Excadrill
|move|p1a: Acerondor|Roost|p1a: Acerondor
|-heal|p1a: Acerondor|82/100 brn
|-singleturn|p1a: Acerondor|move: Roost
|
|-weather|Sandstorm|[upkeep]
|-heal|p2a: Excadrill|63/100|[from] item: Leftovers
|-damage|p1a: Acerondor|70/100 brn|[from] brn
|upkeep
|turn|52
|
|switch|p1a: Hippo|Hippowdon, M|94/100
|-damage|p1a: Hippo|88/100|[from] Stealth Rock
|move|p2a: Excadrill|Iron Head|p1a: Hippo
|-damage|p1a: Hippo|69/100
|-damage|p2a: Excadrill|47/100|[from] item: Rocky Helmet|[of] p1a: Hippo
|
|-weather|Sandstorm|[upkeep]
|-heal|p2a: Excadrill|53/100|[from] item: Leftovers
|upkeep
|turn|53
|
|move|p2a: Excadrill|Earthquake|p1a: Hippo
|-damage|p1a: Hippo|44/100
|move|p1a: Hippo|Stealth Rock|p2a: Excadrill
|-sidestart|p2: ThelordofbadRNG|move: Stealth Rock
|
|-weather|Sandstorm|[upkeep]
|-heal|p2a: Excadrill|59/100|[from] item: Leftovers
|upkeep
|turn|54
|
|move|p2a: Excadrill|Rapid Spin|p1a: Hippo
|-damage|p1a: Hippo|41/100
|-damage|p2a: Excadrill|42/100|[from] item: Rocky Helmet|[of] p1a: Hippo
|-sideend|p2: ThelordofbadRNG|Stealth Rock|[from] move: Rapid Spin|[of] p2a: Excadrill
|move|p1a: Hippo|Slack Off|p1a: Hippo
|-heal|p1a: Hippo|91/100
|
|-weather|Sandstorm|[upkeep]
|-heal|p2a: Excadrill|48/100|[from] item: Leftovers
|upkeep
|turn|55
|
|switch|p2a: Jellicent|Jellicent, F|56/100
|move|p1a: Hippo|Stealth Rock|p2a: Jellicent
|-sidestart|p2: ThelordofbadRNG|move: Stealth Rock
|
|-weather|Sandstorm|[upkeep]
|-damage|p2a: Jellicent|50/100|[from] Sandstorm
|upkeep
|turn|56
|
|switch|p1a: Acerondor|Skarmory, M|70/100 brn
|-damage|p1a: Acerondor|57/100 brn|[from] Stealth Rock
|move|p2a: Jellicent|Scald|p1a: Acerondor
|-damage|p1a: Acerondor|36/100 brn
|
|-weather|Sandstorm|[upkeep]
|-damage|p2a: Jellicent|43/100|[from] Sandstorm
|-damage|p1a: Acerondor|24/100 brn|[from] brn
|upkeep
|turn|57
|
|move|p1a: Acerondor|Roost|p1a: Acerondor
|-heal|p1a: Acerondor|74/100 brn
|-singleturn|p1a: Acerondor|move: Roost
|move|p2a: Jellicent|Scald|p1a: Acerondor
|-damage|p1a: Acerondor|52/100 brn
|
|-weather|Sandstorm|[upkeep]
|-damage|p2a: Jellicent|37/100|[from] Sandstorm
|-damage|p1a: Acerondor|39/100 brn|[from] brn
|upkeep
|turn|58
|
|move|p1a: Acerondor|Roost|p1a: Acerondor
|-heal|p1a: Acerondor|89/100 brn
|-singleturn|p1a: Acerondor|move: Roost
|move|p2a: Jellicent|Recover|p2a: Jellicent
|-heal|p2a: Jellicent|87/100
|
|-weather|Sandstorm|[upkeep]
|-damage|p2a: Jellicent|81/100|[from] Sandstorm
|-damage|p1a: Acerondor|77/100 brn|[from] brn
|upkeep
|turn|59
|
|move|p1a: Acerondor|Spikes|p2a: Jellicent
|-sidestart|p2: ThelordofbadRNG|Spikes
|move|p2a: Jellicent|Scald|p1a: Acerondor
|-damage|p1a: Acerondor|55/100 brn
|
|-weather|Sandstorm|[upkeep]
|-damage|p2a: Jellicent|75/100|[from] Sandstorm
|-damage|p1a: Acerondor|43/100 brn|[from] brn
|upkeep
|turn|60
|
|move|p1a: Acerondor|Roost|p1a: Acerondor
|-heal|p1a: Acerondor|93/100 brn
|-singleturn|p1a: Acerondor|move: Roost
|move|p2a: Jellicent|Scald|p1a: Acerondor
|-crit|p1a: Acerondor
|-damage|p1a: Acerondor|50/100 brn
|
|-weather|Sandstorm|[upkeep]
|-damage|p2a: Jellicent|69/100|[from] Sandstorm
|-damage|p1a: Acerondor|38/100 brn|[from] brn
|upkeep
|turn|61
|
|move|p1a: Acerondor|Roost|p1a: Acerondor
|-heal|p1a: Acerondor|88/100 brn
|-singleturn|p1a: Acerondor|move: Roost
|move|p2a: Jellicent|Scald|p1a: Acerondor
|-damage|p1a: Acerondor|65/100 brn
|
|-weather|Sandstorm|[upkeep]
|-damage|p2a: Jellicent|62/100|[from] Sandstorm
|-damage|p1a: Acerondor|53/100 brn|[from] brn
|upkeep
|turn|62
|
|move|p1a: Acerondor|Spikes|p2a: Jellicent
|-sidestart|p2: ThelordofbadRNG|Spikes
|move|p2a: Jellicent|Recover|p2a: Jellicent
|-heal|p2a: Jellicent|100/100
|
|-weather|Sandstorm|[upkeep]
|-damage|p2a: Jellicent|94/100|[from] Sandstorm
|-damage|p1a: Acerondor|41/100 brn|[from] brn
|upkeep
|turn|63
|
|move|p1a: Acerondor|Roost|p1a: Acerondor
|-heal|p1a: Acerondor|91/100 brn
|-singleturn|p1a: Acerondor|move: Roost
|move|p2a: Jellicent|Scald|p1a: Acerondor
|-damage|p1a: Acerondor|70/100 brn
|
|-weather|Sandstorm|[upkeep]
|-damage|p2a: Jellicent|88/100|[from] Sandstorm
|-damage|p1a: Acerondor|58/100 brn|[from] brn
|upkeep
|turn|64
|
|move|p1a: Acerondor|Spikes|p2a: Jellicent
|-sidestart|p2: ThelordofbadRNG|Spikes
|move|p2a: Jellicent|Scald|p1a: Acerondor
|-damage|p1a: Acerondor|35/100 brn
|
|-weather|Sandstorm|[upkeep]
|-damage|p2a: Jellicent|82/100|[from] Sandstorm
|-damage|p1a: Acerondor|23/100 brn|[from] brn
|upkeep
|turn|65
|
|move|p1a: Acerondor|Brave Bird|p2a: Jellicent
|-damage|p2a: Jellicent|64/100
|-damage|p1a: Acerondor|16/100 brn|[from] Recoil
|move|p2a: Jellicent|Scald|p1a: Acerondor
|-damage|p1a: Acerondor|0 fnt
|faint|p1a: Acerondor
|
|-weather|Sandstorm|[upkeep]
|-damage|p2a: Jellicent|57/100|[from] Sandstorm
|upkeep
|
|switch|p1a: Hippo|Hippowdon, M|91/100
|-damage|p1a: Hippo|85/100|[from] Stealth Rock
|turn|66
|
|move|p2a: Jellicent|Toxic|p1a: Hippo
|-status|p1a: Hippo|tox
|move|p1a: Hippo|Earthquake|p2a: Jellicent
|-damage|p2a: Jellicent|15/100
|
|-weather|Sandstorm|[upkeep]
|-damage|p2a: Jellicent|9/100|[from] Sandstorm
|-damage|p1a: Hippo|79/100 tox|[from] psn
|upkeep
|turn|67
|
|move|p2a: Jellicent|Recover|p2a: Jellicent
|-heal|p2a: Jellicent|59/100
|move|p1a: Hippo|Earthquake|p2a: Jellicent
|-damage|p2a: Jellicent|20/100
|
|-weather|Sandstorm|[upkeep]
|-damage|p2a: Jellicent|14/100|[from] Sandstorm
|-damage|p1a: Hippo|66/100 tox|[from] psn
|upkeep
|turn|68
|-message|The Last Hero forfeited.
|
|win|ThelordofbadRNG
|l|☆The Last Hero
|raw|The Last Hero's rating: 1401 &rarr; <strong>1379</strong><br />(-22 for losing)
|raw|ThelordofbadRNG's rating: 1363 &rarr; <strong>1385</strong><br />(+22 for winning)
