|j|☆ina ina ho
|j|☆WYZEN777
|t:|1717582214
|gametype|singles
|player|p1|ina ina ho|unknown|1315
|player|p2|WYZEN777|benga|1333
|teamsize|p1|6
|teamsize|p2|6
|gen|5
|tier|[Gen 5] OU
|rated|
|rule|Species Clause: Limit one of each Pokémon
|rule|OHKO Clause: OHKO moves are banned
|rule|Moody Clause: Moody is banned
|rule|Evasion Items Clause: Evasion items are banned
|rule|Evasion Moves Clause: Evasion moves are banned
|rule|Endless Battle Clause: Forcing endless battles is banned
|rule|HP Percentage Mod: HP is shown in percentages
|rule|Evasion Abilities Clause: Evasion abilities are banned
|rule|Sleep Moves Clause: Sleep-inducing moves are banned
|rule|Swagger Clause: Swagger is banned
|rule|Baton Pass Stat Clause: No Baton Passer may have a way to boost its stats
|clearpoke
|poke|p1|Tyranitar, M|item
|poke|p1|Latios, M|item
|poke|p1|Landorus-Therian, M|item
|poke|p1|Ferrothorn, M|item
|poke|p1|Reuniclus, M|item
|poke|p1|Alakazam, M|item
|poke|p2|Jirachi|item
|poke|p2|Magnezone|item
|poke|p2|Kyurem-Black|item
|poke|p2|Garchomp, F|item
|poke|p2|Latios, M|item
|poke|p2|Salamence, M|item
|teampreview
|inactive|Battle timer is ON: inactive players will automatically lose when time's up. (requested by WYZEN777)
|inactive|ina ina ho also wants the timer to be on.
|
|t:|1717582230
|start
|switch|p1a: Debris Cloud|Landorus-Therian, M|100/100
|switch|p2a: Jirachi|Jirachi|100/100
|-ability|p1a: Debris Cloud|Intimidate|boost
|-unboost|p2a: Jirachi|atk|1
|turn|1
|
|t:|1717582235
|move|p1a: Debris Cloud|Earthquake|p2a: Jirachi
|-supereffective|p2a: Jirachi
|-damage|p2a: Jirachi|3/100
|move|p2a: Jirachi|Icy Wind|p1a: Debris Cloud|[miss]
|-miss|p2a: Jirachi|p1a: Debris Cloud
|
|-heal|p2a: Jirachi|10/100|[from] item: Leftovers
|upkeep
|turn|2
|
|t:|1717582257
|switch|p2a: Magnezone|Magnezone|100/100
|-item|p2a: Magnezone|Air Balloon
|move|p1a: Debris Cloud|Earthquake|p2a: Magnezone
|-immune|p2a: Magnezone
|
|upkeep
|turn|3
|inactive|WYZEN777 has 120 seconds left.
|
|t:|1717582279
|switch|p1a: Pinch of Joy|Latios, M|100/100
|switch|p2a: Salamence|Salamence, M|100/100
|
|upkeep
|turn|4
|
|t:|1717582286
|switch|p2a: Jirachi|Jirachi|10/100
|move|p1a: Pinch of Joy|Dragon Pulse|p2a: Jirachi
|-resisted|p2a: Jirachi
|-damage|p2a: Jirachi|0 fnt
|faint|p2a: Jirachi
|
|upkeep
|inactive|WYZEN777 has 120 seconds left.
|
|t:|1717582302
|switch|p2a: Magnezone|Magnezone|100/100
|-item|p2a: Magnezone|Air Balloon
|turn|5
|
|t:|1717582306
|switch|p1a: Debris Cloud|Landorus-Therian, M|100/100
|-ability|p1a: Debris Cloud|Intimidate|boost
|-unboost|p2a: Magnezone|atk|1
|move|p2a: Magnezone|Hidden Power|p1a: Debris Cloud
|-damage|p1a: Debris Cloud|63/100
|
|upkeep
|turn|6
|
|t:|1717582317
|move|p1a: Debris Cloud|U-turn|p2a: Magnezone
|-resisted|p2a: Magnezone
|-damage|p2a: Magnezone|84/100
|-enditem|p2a: Magnezone|Air Balloon
|
|t:|1717582323
|switch|p1a: Howling Winds|Tyranitar, M|100/100|[from] U-turn
|-weather|Sandstorm|[from] ability: Sand Stream|[of] p1a: Howling Winds
|move|p2a: Magnezone|Hidden Power|p1a: Howling Winds
|-resisted|p1a: Howling Winds
|-damage|p1a: Howling Winds|94/100
|
|-weather|Sandstorm|[upkeep]
|upkeep
|turn|7
|
|t:|1717582333
|switch|p2a: Garchomp|Garchomp, F|100/100
|move|p1a: Howling Winds|Thunder Wave|p2a: Garchomp
|-immune|p2a: Garchomp
|
|-weather|Sandstorm|[upkeep]
|upkeep
|turn|8
|
|t:|1717582336
|switch|p1a: Debris Cloud|Landorus-Therian, M|63/100
|-ability|p1a: Debris Cloud|Intimidate|boost
|-unboost|p2a: Garchomp|atk|1
|move|p2a: Garchomp|Substitute|p2a: Garchomp
|-start|p2a: Garchomp|Substitute
|-damage|p2a: Garchomp|76/100
|
|-weather|Sandstorm|[upkeep]
|upkeep
|turn|9
|
|t:|1717582344
|move|p1a: Debris Cloud|Hidden Power|p2a: Garchomp
|-supereffective|p2a: Garchomp
|-end|p2a: Garchomp|Substitute
|move|p2a: Garchomp|Swords Dance|p2a: Garchomp
|-boost|p2a: Garchomp|atk|2
|
|-weather|Sandstorm|[upkeep]
|upkeep
|turn|10
|
|t:|1717582349
|move|p1a: Debris Cloud|Hidden Power|p2a: Garchomp
|-supereffective|p2a: Garchomp
|-damage|p2a: Garchomp|0 fnt
|faint|p2a: Garchomp
|
|-weather|Sandstorm|[upkeep]
|upkeep
|
|t:|1717582365
|switch|p2a: Salamence|Salamence, M|100/100
|turn|11
|
|t:|1717582376
|move|p2a: Salamence|Hidden Power|p1a: Debris Cloud
|-supereffective|p1a: Debris Cloud
|-damage|p1a: Debris Cloud|0 fnt
|faint|p1a: Debris Cloud
|-ability|p2a: Salamence|Moxie|boost
|-boost|p2a: Salamence|atk|1
|
|-weather|Sandstorm|[upkeep]
|-damage|p2a: Salamence|94/100|[from] Sandstorm
|upkeep
|
|t:|1717582392
|switch|p1a: Esper Kid|Reuniclus, M|100/100
|turn|12
|
|t:|1717582397
|switch|p2a: Kyurem|Kyurem-Black, shiny|100/100
|-ability|p2a: Kyurem|Teravolt
|move|p1a: Esper Kid|Focus Blast|p2a: Kyurem
|-supereffective|p2a: Kyurem
|-damage|p2a: Kyurem|0 fnt
|faint|p2a: Kyurem
|
|-weather|Sandstorm|[upkeep]
|upkeep
|
|t:|1717582409
|switch|p2a: Salamence|Salamence, M|94/100
|turn|13
|
|t:|1717582413
|move|p2a: Salamence|Dragon Claw|p1a: Esper Kid
|-damage|p1a: Esper Kid|52/100
|move|p1a: Esper Kid|Psychic|p2a: Salamence
|-damage|p2a: Salamence|12/100
|
|-weather|Sandstorm|[upkeep]
|-damage|p2a: Salamence|6/100|[from] Sandstorm
|upkeep
|turn|14
|
|t:|1717582421
|move|p2a: Salamence|Dragon Claw|p1a: Esper Kid
|-damage|p1a: Esper Kid|7/100
|move|p1a: Esper Kid|Recover|p1a: Esper Kid
|-heal|p1a: Esper Kid|57/100
|
|-weather|Sandstorm|[upkeep]
|-damage|p2a: Salamence|0 fnt|[from] Sandstorm
|faint|p2a: Salamence
|upkeep
|
|t:|1717582424
|switch|p2a: Latios|Latios, M|100/100
|turn|15
|
|t:|1717582433
|switch|p1a: Howling Winds|Tyranitar, M|94/100
|move|p2a: Latios|Draco Meteor|p1a: Howling Winds
|-damage|p1a: Howling Winds|60/100
|-unboost|p2a: Latios|spa|2
|
|-weather|Sandstorm|[upkeep]
|-damage|p2a: Latios|95/100|[from] Sandstorm
|upkeep
|turn|16
|
|t:|1717582439
|move|p2a: Latios|Draco Meteor|p1a: Howling Winds
|-damage|p1a: Howling Winds|43/100
|-unboost|p2a: Latios|spa|2
|move|p1a: Howling Winds|Pursuit|p2a: Latios
|-supereffective|p2a: Latios
|-damage|p2a: Latios|38/100
|
|-weather|Sandstorm|[upkeep]
|-damage|p2a: Latios|32/100|[from] Sandstorm
|upkeep
|turn|17
|
|t:|1717582442
|move|p2a: Latios|Draco Meteor|p1a: Howling Winds
|-damage|p1a: Howling Winds|32/100
|-unboost|p2a: Latios|spa|2
|move|p1a: Howling Winds|Thunder Wave|p2a: Latios
|-status|p2a: Latios|par
|
|-weather|Sandstorm|[upkeep]
|-damage|p2a: Latios|26/100 par|[from] Sandstorm
|upkeep
|turn|18
|
|t:|1717582445
|move|p1a: Howling Winds|Pursuit|p2a: Latios
|-supereffective|p2a: Latios
|-damage|p2a: Latios|0 fnt
|faint|p2a: Latios
|
|-weather|Sandstorm|[upkeep]
|upkeep
|
|t:|1717582448
|switch|p2a: Magnezone|Magnezone|84/100
|turn|19
|c|☆WYZEN777|i lose bc of icy wind acc nice
|
|t:|1717582471
|move|p2a: Magnezone|Thunderbolt|p1a: Howling Winds
|-damage|p1a: Howling Winds|4/100
|move|p1a: Howling Winds|Superpower|p2a: Magnezone
|-supereffective|p2a: Magnezone
|-damage|p2a: Magnezone|0 fnt
|-unboost|p1a: Howling Winds|atk|1
|-unboost|p1a: Howling Winds|def|1
|faint|p2a: Magnezone
|
|win|ina ina ho
|raw|ina ina ho's rating: 1315 &rarr; <strong>1336</strong><br />(+21 for winning)
|raw|WYZEN777's rating: 1333 &rarr; <strong>1312</strong><br />(-21 for losing)
|l|☆WYZEN777
|player|p2|
|c|☆ina ina ho|i would win same probably
