|j|☆Kidshide
|j|☆LadderGod1
|t:|1740263638
|gametype|singles
|player|p1|Kidshide|102|1327
|player|p2|LadderGod1|1|1285
|teamsize|p1|6
|teamsize|p2|6
|gen|5
|tier|[Gen 5] OU
|rated|
|rule|Species Clause: Limit one of each Pokémon
|rule|OHKO Clause: OHKO moves are banned
|rule|Moody Clause: Moody is banned
|rule|Evasion Items Clause: Evasion items are banned
|rule|Evasion Moves Clause: Evasion moves are banned
|rule|Endless Battle Clause: Forcing endless battles is banned
|rule|HP Percentage Mod: HP is shown in percentages
|rule|Evasion Abilities Clause: Evasion abilities are banned
|rule|Sleep Moves Clause: Sleep-inducing moves are banned
|rule|Swagger Clause: Swagger is banned
|rule|Baton Pass Stat Clause: No Baton Passer may have a way to boost its stats
|clearpoke
|poke|p1|Milotic, F|item
|poke|p1|Heracross, M|item
|poke|p1|Registeel|item
|poke|p1|Azumarill, F|item
|poke|p1|Politoed, F|item
|poke|p1|Claydol|item
|poke|p2|Ferrothorn, F|item
|poke|p2|Darmanitan, M|item
|poke|p2|Floatzel, M|item
|poke|p2|Lucario, M|item
|poke|p2|Haxorus, M|item
|poke|p2|Hydreigon, F|item
|teampreview
|
|t:|1740263673
|start
|switch|p1a: Politoed|Politoed, F|100/100
|switch|p2a: Ferrothorn|Ferrothorn, F|100/100
|-weather|RainDance|[from] ability: Drizzle|[of] p1a: Politoed
|turn|1
|
|t:|1740263687
|switch|p1a: Heracross|Heracross, M|100/100
|move|p2a: Ferrothorn|Stealth Rock|p1a: Heracross
|-sidestart|p1: Kidshide|move: Stealth Rock
|
|-weather|RainDance|[upkeep]
|upkeep
|turn|2
|
|t:|1740263699
|move|p1a: Heracross|Close Combat|p2a: Ferrothorn
|-supereffective|p2a: Ferrothorn
|-damage|p2a: Ferrothorn|31/100
|-unboost|p1a: Heracross|def|1
|-unboost|p1a: Heracross|spd|1
|-damage|p1a: Heracross|88/100|[from] ability: Iron Barbs|[of] p2a: Ferrothorn
|move|p2a: Ferrothorn|Gyro Ball|p1a: Heracross
|-damage|p1a: Heracross|0 fnt
|faint|p1a: Heracross
|
|-weather|RainDance|[upkeep]
|-heal|p2a: Ferrothorn|37/100|[from] item: Leftovers
|upkeep
|
|t:|1740263742
|switch|p1a: Claydol|Claydol|100/100
|-damage|p1a: Claydol|94/100|[from] Stealth Rock
|turn|3
|inactive|Battle timer is ON: inactive players will automatically lose when time's up. (requested by Kidshide)
|
|t:|1740263773
|move|p1a: Claydol|Rapid Spin|p2a: Ferrothorn
|-resisted|p2a: Ferrothorn
|-damage|p2a: Ferrothorn|36/100
|-damage|p1a: Claydol|82/100|[from] ability: Iron Barbs|[of] p2a: Ferrothorn
|-sideend|p1: Kidshide|Stealth Rock|[from] move: Rapid Spin|[of] p1a: Claydol
|move|p2a: Ferrothorn|Power Whip|p1a: Claydol
|-supereffective|p1a: Claydol
|-damage|p1a: Claydol|0 fnt
|faint|p1a: Claydol
|
|-weather|RainDance|[upkeep]
|-heal|p2a: Ferrothorn|42/100|[from] item: Leftovers
|upkeep
|
|t:|1740263793
|switch|p1a: Registeel|Registeel|100/100
|turn|4
|
|t:|1740263799
|move|p1a: Registeel|Thunder|p2a: Ferrothorn
|-resisted|p2a: Ferrothorn
|-damage|p2a: Ferrothorn|31/100
|move|p2a: Ferrothorn|Leech Seed|p1a: Registeel
|-start|p1a: Registeel|move: Leech Seed
|
|-weather|RainDance|[upkeep]
|-heal|p2a: Ferrothorn|37/100|[from] item: Leftovers
|-damage|p1a: Registeel|88/100|[from] Leech Seed|[of] p2a: Ferrothorn
|-heal|p2a: Ferrothorn|50/100|[silent]
|upkeep
|turn|5
|
|t:|1740263810
|move|p1a: Registeel|Thunder|p2a: Ferrothorn
|-resisted|p2a: Ferrothorn
|-damage|p2a: Ferrothorn|37/100
|-status|p2a: Ferrothorn|par
|move|p2a: Ferrothorn|Stealth Rock|p1a: Registeel
|-sidestart|p1: Kidshide|move: Stealth Rock
|
|-weather|RainDance|[upkeep]
|-heal|p1a: Registeel|94/100|[from] item: Leftovers
|-heal|p2a: Ferrothorn|44/100 par|[from] item: Leftovers
|-damage|p1a: Registeel|82/100|[from] Leech Seed|[of] p2a: Ferrothorn
|-heal|p2a: Ferrothorn|56/100 par|[silent]
|upkeep
|turn|6
|
|t:|1740263825
|switch|p1a: Politoed|Politoed, F|100/100
|-damage|p1a: Politoed|88/100|[from] Stealth Rock
|move|p2a: Ferrothorn|Power Whip|p1a: Politoed
|-supereffective|p1a: Politoed
|-damage|p1a: Politoed|27/100
|
|-weather|RainDance|[upkeep]
|-heal|p1a: Politoed|33/100|[from] item: Leftovers
|-heal|p2a: Ferrothorn|63/100 par|[from] item: Leftovers
|upkeep
|turn|7
|
|t:|1740263831
|move|p1a: Politoed|Protect|p1a: Politoed
|-singleturn|p1a: Politoed|Protect
|move|p2a: Ferrothorn|Power Whip|p1a: Politoed
|-activate|p1a: Politoed|move: Protect
|
|-weather|RainDance|[upkeep]
|-heal|p1a: Politoed|39/100|[from] item: Leftovers
|-heal|p2a: Ferrothorn|69/100 par|[from] item: Leftovers
|upkeep
|turn|8
|
|t:|1740263840
|switch|p1a: Registeel|Registeel|82/100
|-damage|p1a: Registeel|76/100|[from] Stealth Rock
|move|p2a: Ferrothorn|Power Whip|p1a: Registeel|[miss]
|-miss|p2a: Ferrothorn|p1a: Registeel
|
|-weather|RainDance|[upkeep]
|-heal|p1a: Registeel|82/100|[from] item: Leftovers
|-heal|p2a: Ferrothorn|75/100 par|[from] item: Leftovers
|upkeep
|turn|9
|
|t:|1740263846
|switch|p1a: Politoed|Politoed, F|39/100
|-damage|p1a: Politoed|27/100|[from] Stealth Rock
|cant|p2a: Ferrothorn|par
|
|-weather|RainDance|[upkeep]
|-heal|p1a: Politoed|33/100|[from] item: Leftovers
|-heal|p2a: Ferrothorn|81/100 par|[from] item: Leftovers
|upkeep
|turn|10
|
|t:|1740263860
|move|p1a: Politoed|Protect|p1a: Politoed
|-singleturn|p1a: Politoed|Protect
|move|p2a: Ferrothorn|Leech Seed|p1a: Politoed
|-activate|p1a: Politoed|move: Protect
|
|-weather|RainDance|[upkeep]
|-heal|p1a: Politoed|39/100|[from] item: Leftovers
|-heal|p2a: Ferrothorn|88/100 par|[from] item: Leftovers
|upkeep
|turn|11
|
|t:|1740263864
|move|p1a: Politoed|Encore|p2a: Ferrothorn
|-start|p2a: Ferrothorn|Encore
|move|p2a: Ferrothorn|Leech Seed|p1a: Politoed
|-start|p1a: Politoed|move: Leech Seed
|
|-weather|RainDance|[upkeep]
|-heal|p1a: Politoed|45/100|[from] item: Leftovers
|-heal|p2a: Ferrothorn|94/100 par|[from] item: Leftovers
|-damage|p1a: Politoed|33/100|[from] Leech Seed|[of] p2a: Ferrothorn
|-heal|p2a: Ferrothorn|100/100 par|[silent]
|upkeep
|turn|12
|
|t:|1740263874
|switch|p1a: Azumarill|Azumarill, F|100/100
|-damage|p1a: Azumarill|88/100|[from] Stealth Rock
|move|p2a: Ferrothorn|Leech Seed|p1a: Azumarill
|-start|p1a: Azumarill|move: Leech Seed
|
|-weather|RainDance|[upkeep]
|-damage|p1a: Azumarill|76/100|[from] Leech Seed|[of] p2a: Ferrothorn
|upkeep
|turn|13
|
|t:|1740263881
|move|p1a: Azumarill|Ice Punch|p2a: Ferrothorn
|-damage|p2a: Ferrothorn|71/100 par
|-damage|p1a: Azumarill|64/100|[from] ability: Iron Barbs|[of] p2a: Ferrothorn
|move|p2a: Ferrothorn|Leech Seed||[still]
|-fail|p2a: Ferrothorn
|
|-weather|RainDance|[upkeep]
|-heal|p2a: Ferrothorn|77/100 par|[from] item: Leftovers
|-damage|p1a: Azumarill|51/100|[from] Leech Seed|[of] p2a: Ferrothorn
|-heal|p2a: Ferrothorn|90/100 par|[silent]
|-end|p2a: Ferrothorn|Encore
|upkeep
|turn|14
|inactive|Kidshide has 120 seconds left.
|inactive|Kidshide has 90 seconds left.
|
|t:|1740263946
|move|p1a: Azumarill|Ice Punch|p2a: Ferrothorn
|-damage|p2a: Ferrothorn|63/100 par
|-damage|p1a: Azumarill|39/100|[from] ability: Iron Barbs|[of] p2a: Ferrothorn
|cant|p2a: Ferrothorn|par
|
|-weather|RainDance|[upkeep]
|-heal|p2a: Ferrothorn|69/100 par|[from] item: Leftovers
|-damage|p1a: Azumarill|27/100|[from] Leech Seed|[of] p2a: Ferrothorn
|-heal|p2a: Ferrothorn|82/100 par|[silent]
|upkeep
|turn|15
|-message|Kidshide forfeited.
|
|win|LadderGod1
|raw|Kidshide's rating: 1327 &rarr; <strong>1305</strong><br />(-22 for losing)
|raw|LadderGod1's rating: 1285 &rarr; <strong>1313</strong><br />(+28 for winning)
|l|☆Kidshide
|player|p1|
