|j|☆biased pog
|j|☆torinoko city
|t:|1707463970
|gametype|singles
|player|p1|biased pog|dawn|1491
|player|p2|torinoko city|miku-flying|1527
|teamsize|p1|6
|teamsize|p2|6
|gen|5
|tier|[Gen 5] OU
|rated|
|rule|Species Clause: Limit one of each Pokémon
|rule|OHKO Clause: OHKO moves are banned
|rule|Moody Clause: Moody is banned
|rule|Evasion Items Clause: Evasion items are banned
|rule|Evasion Moves Clause: Evasion moves are banned
|rule|Endless Battle Clause: Forcing endless battles is banned
|rule|HP Percentage Mod: HP is shown in percentages
|rule|Evasion Abilities Clause: Evasion abilities are banned
|rule|Sleep Moves Clause: Sleep-inducing moves are banned
|rule|Swagger Clause: Swagger is banned
|rule|Baton Pass Stat Clause: No Baton Passer may have a way to boost its stats
|clearpoke
|poke|p1|Politoed, M|item
|poke|p1|Ferrothorn, F|item
|poke|p1|Mamoswine, F|item
|poke|p1|Latios, M|item
|poke|p1|Thundurus-Therian, M|item
|poke|p1|Tentacruel, F|item
|poke|p2|Abomasnow, M|item
|poke|p2|Cloyster, M|item
|poke|p2|Dragonite, M|item
|poke|p2|Volcarona, F|item
|poke|p2|Jirachi|item
|poke|p2|Garchomp, M|item
|teampreview
|inactive|Battle timer is ON: inactive players will automatically lose when time's up. (requested by torinoko city)
|inactive|biased pog also wants the timer to be on.
|
|t:|1707463993
|start
|switch|p1a: Ferrothorn|Ferrothorn, F|100/100
|switch|p2a: mr chomps|Garchomp, M|100/100
|turn|1
|
|t:|1707463998
|move|p2a: mr chomps|Stealth Rock|p1a: Ferrothorn
|-sidestart|p1: biased pog|move: Stealth Rock
|move|p1a: Ferrothorn|Stealth Rock|p2a: mr chomps
|-sidestart|p2: torinoko city|move: Stealth Rock
|
|upkeep
|turn|2
|
|t:|1707464006
|move|p2a: mr chomps|Swords Dance|p2a: mr chomps
|-boost|p2a: mr chomps|atk|2
|move|p1a: Ferrothorn|Spikes|p2a: mr chomps
|-sidestart|p2: torinoko city|Spikes
|
|upkeep
|turn|3
|
|t:|1707464016
|switch|p1a: Politoed|Politoed, M|100/100
|-damage|p1a: Politoed|88/100|[from] Stealth Rock
|-weather|RainDance|[from] ability: Drizzle|[of] p1a: Politoed
|move|p2a: mr chomps|Earthquake|p1a: Politoed
|-damage|p1a: Politoed|2/100
|
|-weather|RainDance|[upkeep]
|-heal|p1a: Politoed|8/100|[from] item: Leftovers
|upkeep
|turn|4
|
|t:|1707464026
|move|p2a: mr chomps|Earthquake|p1a: Politoed
|-damage|p1a: Politoed|0 fnt
|faint|p1a: Politoed
|
|-weather|RainDance|[upkeep]
|upkeep
|
|t:|1707464035
|switch|p1a: Latios|Latios, M|100/100
|-damage|p1a: Latios|88/100|[from] Stealth Rock
|turn|5
|
|t:|1707464038
|switch|p2a: Jirachi|Jirachi|100/100
|-damage|p2a: Jirachi|94/100|[from] Stealth Rock
|-damage|p2a: Jirachi|82/100|[from] Spikes
|move|p1a: Latios|Draco Meteor|p2a: Jirachi
|-resisted|p2a: Jirachi
|-damage|p2a: Jirachi|48/100
|-unboost|p1a: Latios|spa|2
|
|-weather|RainDance|[upkeep]
|upkeep
|turn|6
|j| SKT T1 Motherfaker
|
|t:|1707464055
|switch|p1a: Thundurus|Thundurus-Therian, M|100/100
|-damage|p1a: Thundurus|76/100|[from] Stealth Rock
|move|p2a: Jirachi|U-turn|p1a: Thundurus
|-resisted|p1a: Thundurus
|-crit|p1a: Thundurus
|-damage|p1a: Thundurus|47/100
|
|t:|1707464060
|switch|p2a: mr chomps|Garchomp, M|100/100|[from] U-turn
|-damage|p2a: mr chomps|94/100|[from] Stealth Rock
|-damage|p2a: mr chomps|82/100|[from] Spikes
|
|-weather|RainDance|[upkeep]
|-heal|p1a: Thundurus|54/100|[from] item: Leftovers
|upkeep
|turn|7
|
|t:|1707464070
|move|p2a: mr chomps|Swords Dance|p2a: mr chomps
|-boost|p2a: mr chomps|atk|2
|move|p1a: Thundurus|Hidden Power|p2a: mr chomps
|-supereffective|p2a: mr chomps
|-enditem|p2a: mr chomps|Yache Berry|[eat]
|-enditem|p2a: mr chomps|Yache Berry|[weaken]
|-damage|p2a: mr chomps|23/100
|
|-weather|RainDance|[upkeep]
|-heal|p1a: Thundurus|60/100|[from] item: Leftovers
|upkeep
|turn|8
|
|t:|1707464088
|switch|p1a: Ferrothorn|Ferrothorn, F|100/100
|-damage|p1a: Ferrothorn|94/100|[from] Stealth Rock
|move|p2a: mr chomps|Outrage|p1a: Ferrothorn
|-resisted|p1a: Ferrothorn
|-damage|p1a: Ferrothorn|52/100
|-damage|p2a: mr chomps|11/100|[from] ability: Iron Barbs|[of] p1a: Ferrothorn
|
|-weather|RainDance|[upkeep]
|upkeep
|turn|9
|
|t:|1707464092
|move|p2a: mr chomps|Outrage|p1a: Ferrothorn|[from]lockedmove
|-resisted|p1a: Ferrothorn
|-damage|p1a: Ferrothorn|12/100
|-damage|p2a: mr chomps|0 fnt|[from] ability: Iron Barbs|[of] p1a: Ferrothorn
|faint|p2a: mr chomps
|move|p1a: Ferrothorn|Spikes|p2: mr chomps
|-sidestart|p2: torinoko city|Spikes
|
|-weather|RainDance|[upkeep]
|upkeep
|
|t:|1707464095
|switch|p2a: Cloyster|Cloyster, M|100/100
|-damage|p2a: Cloyster|76/100|[from] Stealth Rock
|-damage|p2a: Cloyster|59/100|[from] Spikes
|turn|10
|
|t:|1707464099
|move|p2a: Cloyster|Rapid Spin|p1a: Ferrothorn
|-resisted|p1a: Ferrothorn
|-damage|p1a: Ferrothorn|9/100
|-damage|p2a: Cloyster|47/100|[from] ability: Iron Barbs|[of] p1a: Ferrothorn
|-sideend|p2: torinoko city|Spikes|[from] move: Rapid Spin|[of] p2a: Cloyster
|-sideend|p2: torinoko city|Stealth Rock|[from] move: Rapid Spin|[of] p2a: Cloyster
|move|p1a: Ferrothorn|Power Whip|p2a: Cloyster
|-supereffective|p2a: Cloyster
|-damage|p2a: Cloyster|0 fnt
|faint|p2a: Cloyster
|
|-weather|RainDance|[upkeep]
|upkeep
|
|t:|1707464105
|switch|p2a: Abomasnow|Abomasnow, M|100/100
|-weather|Hail|[from] ability: Snow Warning|[of] p2a: Abomasnow
|turn|11
|
|t:|1707464110
|move|p2a: Abomasnow|Blizzard|p1a: Ferrothorn
|-damage|p1a: Ferrothorn|0 fnt
|faint|p1a: Ferrothorn
|
|-weather|Hail|[upkeep]
|upkeep
|
|t:|1707464117
|switch|p1a: Tentacruel|Tentacruel, F|100/100
|-damage|p1a: Tentacruel|88/100|[from] Stealth Rock
|turn|12
|
|t:|1707464125
|move|p1a: Tentacruel|Rapid Spin|p2a: Abomasnow
|-damage|p2a: Abomasnow|97/100
|-sideend|p1: biased pog|Stealth Rock|[from] move: Rapid Spin|[of] p1a: Tentacruel
|move|p2a: Abomasnow|Wood Hammer|p1a: Tentacruel
|-damage|p1a: Tentacruel|50/100
|-damage|p2a: Abomasnow|83/100|[from] Recoil
|
|-weather|Hail|[upkeep]
|-damage|p1a: Tentacruel|44/100|[from] Hail
|-heal|p1a: Tentacruel|50/100|[from] item: Black Sludge
|-heal|p2a: Abomasnow|89/100|[from] item: Leftovers
|upkeep
|turn|13
|
|t:|1707464131
|move|p1a: Tentacruel|Toxic|p2a: Abomasnow
|-status|p2a: Abomasnow|tox
|move|p2a: Abomasnow|Wood Hammer|p1a: Tentacruel
|-damage|p1a: Tentacruel|12/100
|-damage|p2a: Abomasnow|75/100 tox|[from] Recoil
|
|-weather|Hail|[upkeep]
|-damage|p1a: Tentacruel|6/100|[from] Hail
|-heal|p1a: Tentacruel|12/100|[from] item: Black Sludge
|-heal|p2a: Abomasnow|81/100 tox|[from] item: Leftovers
|-damage|p2a: Abomasnow|75/100 tox|[from] psn
|upkeep
|turn|14
|
|t:|1707464135
|switch|p2a: Dragonite|Dragonite, M|100/100
|move|p1a: Tentacruel|Protect||[still]
|-fail|p1a: Tentacruel
|
|-weather|Hail|[upkeep]
|-damage|p1a: Tentacruel|6/100|[from] Hail
|-damage|p2a: Dragonite|94/100|[from] Hail
|-heal|p1a: Tentacruel|12/100|[from] item: Black Sludge
|-heal|p2a: Dragonite|100/100|[from] item: Leftovers
|upkeep
|turn|15
|
|t:|1707464140
|move|p2a: Dragonite|Extreme Speed|p1a: Tentacruel
|-damage|p1a: Tentacruel|0 fnt
|faint|p1a: Tentacruel
|
|-weather|Hail|[upkeep]
|-damage|p2a: Dragonite|94/100|[from] Hail
|-heal|p2a: Dragonite|100/100|[from] item: Leftovers
|upkeep
|inactive|biased pog has 120 seconds left.
|
|t:|1707464173
|switch|p1a: Latios|Latios, M|88/100
|turn|16
|
|t:|1707464181
|move|p1a: Latios|Draco Meteor|p2a: Dragonite
|-supereffective|p2a: Dragonite
|-damage|p2a: Dragonite|20/100
|-unboost|p1a: Latios|spa|2
|move|p2a: Dragonite|Outrage|p1a: Latios
|-supereffective|p1a: Latios
|-crit|p1a: Latios
|-damage|p1a: Latios|0 fnt
|faint|p1a: Latios
|
|-weather|Hail|[upkeep]
|-damage|p2a: Dragonite|14/100|[from] Hail
|-heal|p2a: Dragonite|20/100|[from] item: Leftovers
|upkeep
|
|t:|1707464188
|switch|p1a: Thundurus|Thundurus-Therian, M|60/100
|turn|17
|
|t:|1707464190
|move|p1a: Thundurus|Hidden Power|p2a: Dragonite
|-supereffective|p2a: Dragonite
|-crit|p2a: Dragonite
|-damage|p2a: Dragonite|0 fnt
|faint|p2a: Dragonite
|
|-weather|Hail|[upkeep]
|-damage|p1a: Thundurus|54/100|[from] Hail
|-heal|p1a: Thundurus|60/100|[from] item: Leftovers
|upkeep
|
|t:|1707464194
|switch|p2a: Volcarona|Volcarona, F|100/100
|turn|18
|
|t:|1707464201
|move|p1a: Thundurus|Thunder|p2a: Volcarona
|-damage|p2a: Volcarona|36/100
|move|p2a: Volcarona|Quiver Dance|p2a: Volcarona
|-boost|p2a: Volcarona|spa|1
|-boost|p2a: Volcarona|spd|1
|-boost|p2a: Volcarona|spe|1
|
|-weather|Hail|[upkeep]
|-damage|p2a: Volcarona|30/100|[from] Hail
|-damage|p1a: Thundurus|54/100|[from] Hail
|-heal|p1a: Thundurus|60/100|[from] item: Leftovers
|upkeep
|turn|19
|
|t:|1707464209
|move|p2a: Volcarona|Flamethrower|p1a: Thundurus
|-damage|p1a: Thundurus|0 fnt
|faint|p1a: Thundurus
|
|-weather|Hail|[upkeep]
|-damage|p2a: Volcarona|24/100|[from] Hail
|upkeep
|
|t:|1707464210
|switch|p1a: Mamoswine|Mamoswine, F|100/100
|turn|20
|
|t:|1707464213
|move|p1a: Mamoswine|Ice Shard|p2a: Volcarona
|-resisted|p2a: Volcarona
|-damage|p2a: Volcarona|0 fnt
|faint|p2a: Volcarona
|
|-weather|Hail|[upkeep]
|upkeep
|
|t:|1707464215
|switch|p2a: Jirachi|Jirachi|48/100
|turn|21
|
|t:|1707464217
|move|p1a: Mamoswine|Ice Shard|p2a: Jirachi
|-resisted|p2a: Jirachi
|-crit|p2a: Jirachi
|-damage|p2a: Jirachi|15/100
|move|p2a: Jirachi|Iron Head|p1a: Mamoswine
|-supereffective|p1a: Mamoswine
|-damage|p1a: Mamoswine|16/100
|
|-weather|Hail|[upkeep]
|-damage|p2a: Jirachi|9/100|[from] Hail
|upkeep
|turn|22
|
|t:|1707464220
|move|p1a: Mamoswine|Ice Shard|p2a: Jirachi
|-resisted|p2a: Jirachi
|-damage|p2a: Jirachi|0 fnt
|faint|p2a: Jirachi
|
|-weather|Hail|[upkeep]
|upkeep
|
|t:|1707464224
|switch|p2a: Abomasnow|Abomasnow, M|75/100 tox
|turn|23
|
|t:|1707464228
|move|p1a: Mamoswine|Ice Shard|p2a: Abomasnow
|-damage|p2a: Abomasnow|30/100 tox
|move|p2a: Abomasnow|Blizzard|p1a: Mamoswine
|-damage|p1a: Mamoswine|0 fnt
|faint|p1a: Mamoswine
|
|win|torinoko city
|raw|biased pog's rating: 1491 &rarr; <strong>1473</strong><br />(-18 for losing)
|raw|torinoko city's rating: 1527 &rarr; <strong>1545</strong><br />(+18 for winning)
|l|☆biased pog
|player|p1|
|l|☆torinoko city
|player|p2|
