|j|☆the King of bel
|j|☆Lt Lobotomy38
|t:|1707660959
|gametype|singles
|player|p1|the King of bel|170|1390
|player|p2|Lt Lobotomy38|170|1483
|teamsize|p1|6
|teamsize|p2|6
|gen|5
|tier|[Gen 5] OU
|rated|
|rule|Species Clause: Limit one of each Pokémon
|rule|OHKO Clause: OHKO moves are banned
|rule|Moody Clause: Moody is banned
|rule|Evasion Items Clause: Evasion items are banned
|rule|Evasion Moves Clause: Evasion moves are banned
|rule|Endless Battle Clause: Forcing endless battles is banned
|rule|HP Percentage Mod: HP is shown in percentages
|rule|Evasion Abilities Clause: Evasion abilities are banned
|rule|Sleep Moves Clause: Sleep-inducing moves are banned
|rule|Swagger Clause: Swagger is banned
|rule|Baton Pass Stat Clause: No Baton Passer may have a way to boost its stats
|clearpoke
|poke|p1|Magnezone|item
|poke|p1|Jirachi|item
|poke|p1|Dragonite, M|item
|poke|p1|Garchomp, M|item
|poke|p1|Latios, M|item
|poke|p1|Salamence, F|item
|poke|p2|Scizor, M|item
|poke|p2|Magnezone|item
|poke|p2|Latios, M|item
|poke|p2|Garchomp, M|item
|poke|p2|Dragonite, M|item
|poke|p2|Alakazam, M|item
|teampreview
|inactive|Battle timer is ON: inactive players will automatically lose when time's up. (requested by Lt Lobotomy38)
|
|t:|1707660970
|start
|switch|p1a: Jirachi|Jirachi|100/100
|switch|p2a: Garchomp|Garchomp, M|100/100
|turn|1
|
|t:|1707660979
|move|p2a: Garchomp|Stealth Rock|p1a: Jirachi
|-sidestart|p1: the King of bel|move: Stealth Rock
|move|p1a: Jirachi|Icy Wind|p2a: Garchomp
|-supereffective|p2a: Garchomp
|-damage|p2a: Garchomp|43/100
|-unboost|p2a: Garchomp|spe|1
|
|-heal|p2a: Garchomp|50/100|[from] item: Leftovers
|upkeep
|turn|2
|
|t:|1707660988
|move|p1a: Jirachi|Stealth Rock|p2a: Garchomp
|-sidestart|p2: Lt Lobotomy38|move: Stealth Rock
|move|p2a: Garchomp|Outrage|p1a: Jirachi
|-resisted|p1a: Jirachi
|-crit|p1a: Jirachi
|-damage|p1a: Jirachi|43/100
|
|-heal|p2a: Garchomp|56/100|[from] item: Leftovers
|upkeep
|turn|3
|
|t:|1707660991
|move|p1a: Jirachi|Icy Wind|p2a: Garchomp
|-supereffective|p2a: Garchomp
|-damage|p2a: Garchomp|0 fnt
|faint|p2a: Garchomp
|
|upkeep
|
|t:|1707661017
|switch|p2a: Magnezone|Magnezone|100/100
|-damage|p2a: Magnezone|94/100|[from] Stealth Rock
|turn|4
|
|t:|1707661025
|move|p1a: Jirachi|U-turn|p2a: Magnezone
|-resisted|p2a: Magnezone
|-damage|p2a: Magnezone|87/100
|
|t:|1707661027
|switch|p1a: Garchomp|Garchomp, M|100/100|[from] U-turn
|-damage|p1a: Garchomp|94/100|[from] Stealth Rock
|move|p2a: Magnezone|Volt Switch|p1a: Garchomp
|-immune|p1a: Garchomp
|
|upkeep
|turn|5
|
|t:|1707661035
|switch|p2a: Latios|Latios, M|100/100
|-damage|p2a: Latios|88/100|[from] Stealth Rock
|move|p1a: Garchomp|Substitute|p1a: Garchomp
|-start|p1a: Garchomp|Substitute
|-damage|p1a: Garchomp|69/100
|
|upkeep
|turn|6
|
|t:|1707661039
|move|p2a: Latios|Dragon Pulse|p1a: Garchomp
|-supereffective|p1a: Garchomp
|-end|p1a: Garchomp|Substitute
|move|p1a: Garchomp|Dual Chop|p2a: Latios
|-supereffective|p2a: Latios
|-damage|p2a: Latios|32/100
|-supereffective|p2a: Latios
|-damage|p2a: Latios|0 fnt
|faint|p2a: Latios
|-hitcount|p2: Latios|2
|
|upkeep
|
|t:|1707661044
|switch|p2a: Alakazam|Alakazam, M|100/100
|turn|7
|
|t:|1707661069
|switch|p1a: Latios|Latios, M|100/100
|-damage|p1a: Latios|88/100|[from] Stealth Rock
|move|p2a: Alakazam|Hidden Power|p1a: Latios
|-supereffective|p1a: Latios
|-damage|p1a: Latios|39/100
|
|upkeep
|turn|8
|
|t:|1707661079
|move|p1a: Latios|Surf|p2a: Alakazam
|-damage|p2a: Alakazam|47/100
|move|p2a: Alakazam|Shadow Ball|p1a: Latios
|-supereffective|p1a: Latios
|-damage|p1a: Latios|0 fnt
|faint|p1a: Latios
|
|upkeep
|
|t:|1707661082
|switch|p1a: Jirachi|Jirachi|43/100
|-damage|p1a: Jirachi|37/100|[from] Stealth Rock
|turn|9
|
|t:|1707661087
|move|p2a: Alakazam|Focus Blast|p1a: Jirachi
|-damage|p1a: Jirachi|12/100
|-unboost|p1a: Jirachi|spd|1
|move|p1a: Jirachi|U-turn|p2a: Alakazam
|-supereffective|p2a: Alakazam
|-damage|p2a: Alakazam|0 fnt
|faint|p2a: Alakazam
|
|t:|1707661101
|switch|p1a: Garchomp|Garchomp, M|69/100|[from] U-turn
|-damage|p1a: Garchomp|63/100|[from] Stealth Rock
|
|upkeep
|
|t:|1707661126
|switch|p2a: Scizor|Scizor, M|100/100
|-damage|p2a: Scizor|88/100|[from] Stealth Rock
|turn|10
|
|t:|1707661133
|move|p2a: Scizor|Bullet Punch|p1a: Garchomp
|-damage|p1a: Garchomp|29/100
|-damage|p2a: Scizor|76/100|[from] ability: Rough Skin|[of] p1a: Garchomp
|move|p1a: Garchomp|Earthquake|p2a: Scizor
|-crit|p2a: Scizor
|-damage|p2a: Scizor|0 fnt
|faint|p2a: Scizor
|
|upkeep
|
|t:|1707661139
|switch|p2a: Dragonite|Dragonite, M|100/100
|-damage|p2a: Dragonite|76/100|[from] Stealth Rock
|turn|11
|
|t:|1707661141
|move|p2a: Dragonite|Extreme Speed|p1a: Garchomp
|-damage|p1a: Garchomp|0 fnt
|-damage|p2a: Dragonite|63/100|[from] ability: Rough Skin|[of] p1a: Garchomp
|faint|p1a: Garchomp
|
|upkeep
|
|t:|1707661148
|switch|p1a: Magnezone|Magnezone, shiny|100/100
|-damage|p1a: Magnezone|94/100|[from] Stealth Rock
|turn|12
|
|t:|1707661156
|move|p2a: Dragonite|Extreme Speed|p1a: Magnezone
|-resisted|p1a: Magnezone
|-damage|p1a: Magnezone|71/100
|move|p1a: Magnezone|Hidden Power|p2a: Dragonite
|-supereffective|p2a: Dragonite
|-damage|p2a: Dragonite|0 fnt
|faint|p2a: Dragonite
|
|upkeep
|
|t:|1707661163
|switch|p2a: Magnezone|Magnezone|87/100
|-damage|p2a: Magnezone|81/100|[from] Stealth Rock
|turn|13
|
|t:|1707661167
|move|p1a: Magnezone|Charge Beam|p2a: Magnezone
|-resisted|p2a: Magnezone
|-damage|p2a: Magnezone|67/100
|move|p2a: Magnezone|Discharge|p1a: Magnezone
|-resisted|p1a: Magnezone
|-damage|p1a: Magnezone|22/100
|-enditem|p1a: Magnezone|Salac Berry|[eat]
|-boost|p1a: Magnezone|spe|1|[from] item: Salac Berry
|
|upkeep
|turn|14
|
|t:|1707661170
|move|p1a: Magnezone|Thunderbolt|p2a: Magnezone
|-resisted|p2a: Magnezone
|-damage|p2a: Magnezone|41/100
|move|p2a: Magnezone|Discharge|p1a: Magnezone
|-resisted|p1a: Magnezone
|-damage|p1a: Magnezone|0 fnt
|faint|p1a: Magnezone
|
|upkeep
|
|t:|1707661180
|switch|p1a: Salamence|Salamence, F|100/100
|-damage|p1a: Salamence|76/100|[from] Stealth Rock
|turn|15
|
|t:|1707661182
|move|p1a: Salamence|Earthquake|p2a: Magnezone
|-supereffective|p2a: Magnezone
|-damage|p2a: Magnezone|0 fnt
|faint|p2a: Magnezone
|-ability|p1a: Salamence|Moxie|boost
|-boost|p1a: Salamence|atk|1
|
|win|the King of bel
|raw|the King of bel's rating: 1390 &rarr; <strong>1415</strong><br />(+25 for winning)
|raw|Lt Lobotomy38's rating: 1483 &rarr; <strong>1458</strong><br />(-25 for losing)
|l|☆Lt Lobotomy38
|player|p2|
|c|☆the King of bel|gg
