|j|☆LonzoMadeKuz
|j|☆Samurott7777777
|player|p1|LonzoMadeKuz|50|1416
|player|p2|Samurott7777777|169|1412
|teamsize|p1|6
|teamsize|p2|6
|gametype|singles
|gen|5
|tier|[Gen 5] OU
|rated|
|clearpoke
|poke|p1|Reuniclus, M|item
|poke|p1|Abomasnow, F|item
|poke|p1|Scizor, M|item
|poke|p1|Tentacruel, F|item
|poke|p1|Kyurem-Black|item
|poke|p1|Landorus-Therian, M|item
|poke|p2|Politoed, M|item
|poke|p2|Keldeo-Resolute|item
|poke|p2|Ferrothorn, F|item
|poke|p2|Toxicroak, M|item
|poke|p2|Gengar, F|item
|poke|p2|Garchomp, F|item
|rule|Species Clause: Limit one of each Pokémon
|rule|OHKO Clause: OHKO moves are banned
|rule|Moody Clause: Moody is banned
|rule|Evasion Moves Clause: Evasion moves are banned
|rule|Endless Battle Clause: Forcing endless battles is banned
|rule|HP Percentage Mod: HP is shown in percentages
|rule|Evasion Abilities Clause: Evasion abilities are banned
|rule|Baton Pass Clause: Limit one Baton Passer, can't pass Spe and other stats simultaneously
|rule|Sleep Clause: Sleep-inducing moves are banned
|rule|Swagger Clause: Swagger is banned
|teampreview
|inactive|Battle timer is ON: inactive players will automatically lose when time's up. (requested by Samurott7777777)
|c|☆Samurott7777777|glhf
|
|start
|switch|p1a: Kyurem|Kyurem-Black|100/100
|switch|p2a: Ferrothorn|Ferrothorn, F|100/100
|-ability|p1a: Kyurem|Teravolt
|turn|1
|
|switch|p1a: Landorus|Landorus-Therian, M|100/100
|-ability|p1a: Landorus|Intimidate|boost
|-unboost|p2a: Ferrothorn|atk|1
|move|p2a: Ferrothorn|Thunder Wave|p1a: Landorus
|-immune|p1a: Landorus
|
|upkeep
|turn|2
|
|move|p1a: Landorus|Stealth Rock|p2a: Ferrothorn
|-sidestart|p2: Samurott7777777|move: Stealth Rock
|move|p2a: Ferrothorn|Leech Seed|p1a: Landorus
|-start|p1a: Landorus|move: Leech Seed
|
|-damage|p1a: Landorus|88/100|[from] Leech Seed|[of] p2a: Ferrothorn
|upkeep
|turn|3
|
|move|p1a: Landorus|Earthquake|p2a: Ferrothorn
|-damage|p2a: Ferrothorn|67/100
|move|p2a: Ferrothorn|Thunder Wave|p1a: Landorus
|-immune|p1a: Landorus
|
|-heal|p2a: Ferrothorn|74/100|[from] item: Leftovers
|-damage|p1a: Landorus|76/100|[from] Leech Seed|[of] p2a: Ferrothorn
|-heal|p2a: Ferrothorn|87/100|[silent]
|upkeep
|turn|4
|
|move|p1a: Landorus|U-turn|p2a: Ferrothorn
|-damage|p2a: Ferrothorn|72/100
|-damage|p1a: Landorus|64/100|[from] ability: Iron Barbs|[of] p2a: Ferrothorn
|
|switch|p1a: Tentacruel|Tentacruel, F|100/100|[from]move: U-turn
|move|p2a: Ferrothorn|Spikes|p1a: Tentacruel
|-sidestart|p1: LonzoMadeKuz|Spikes
|
|-heal|p2a: Ferrothorn|78/100|[from] item: Leftovers
|upkeep
|turn|5
|
|move|p1a: Tentacruel|Scald|p2a: Ferrothorn
|-resisted|p2a: Ferrothorn
|-damage|p2a: Ferrothorn|70/100
|move|p2a: Ferrothorn|Thunder Wave|p1a: Tentacruel
|-status|p1a: Tentacruel|par
|
|-heal|p2a: Ferrothorn|76/100|[from] item: Leftovers
|upkeep
|turn|6
|
|switch|p2a: Toxicroak|Toxicroak, M|100/100
|-damage|p2a: Toxicroak|94/100|[from] Stealth Rock
|move|p1a: Tentacruel|Scald|p2a: Toxicroak
|-heal|p2a: Toxicroak|100/100|[from] ability: Dry Skin|[of] p1a: Tentacruel
|
|upkeep
|turn|7
|
|switch|p1a: Landorus|Landorus-Therian, M|64/100
|-ability|p1a: Landorus|Intimidate|boost
|-unboost|p2a: Toxicroak|atk|1
|move|p2a: Toxicroak|Substitute|p2a: Toxicroak
|-start|p2a: Toxicroak|Substitute
|-damage|p2a: Toxicroak|75/100
|
|-heal|p2a: Toxicroak|82/100|[from] item: Black Sludge
|upkeep
|turn|8
|
|move|p1a: Landorus|Earthquake|p2a: Toxicroak
|-supereffective|p2a: Toxicroak
|-end|p2a: Toxicroak|Substitute
|move|p2a: Toxicroak|Drain Punch|p1a: Landorus
|-resisted|p1a: Landorus
|-damage|p1a: Landorus|55/100
|-heal|p2a: Toxicroak|86/100|[from] drain|[of] p1a: Landorus
|-damage|p2a: Toxicroak|70/100|[from] item: Rocky Helmet|[of] p1a: Landorus
|
|-heal|p2a: Toxicroak|76/100|[from] item: Black Sludge
|upkeep
|turn|9
|
|switch|p2a: Politoed|Politoed, M, shiny|100/100
|-damage|p2a: Politoed|88/100|[from] Stealth Rock
|-weather|RainDance|[from] ability: Drizzle|[of] p2a: Politoed
|move|p1a: Landorus|U-turn|p2a: Politoed
|-damage|p2a: Politoed|72/100
|
|switch|p1a: Kyurem|Kyurem-Black|100/100|[from]move: U-turn
|-damage|p1a: Kyurem|88/100|[from] Spikes
|-ability|p1a: Kyurem|Teravolt
|
|-weather|RainDance|[upkeep]
|-heal|p1a: Kyurem|94/100|[from] item: Leftovers
|-heal|p2a: Politoed|78/100|[from] item: Leftovers
|upkeep
|turn|10
|
|switch|p2a: Ferrothorn|Ferrothorn, F|76/100
|-damage|p2a: Ferrothorn|70/100|[from] Stealth Rock
|move|p1a: Kyurem|Substitute|p1a: Kyurem
|-start|p1a: Kyurem|Substitute
|-damage|p1a: Kyurem|69/100
|
|-weather|RainDance|[upkeep]
|-heal|p1a: Kyurem|75/100|[from] item: Leftovers
|-heal|p2a: Ferrothorn|76/100|[from] item: Leftovers
|upkeep
|turn|11
|
|switch|p2a: Politoed|Politoed, M, shiny|78/100
|-damage|p2a: Politoed|66/100|[from] Stealth Rock
|move|p1a: Kyurem|Ice Beam|p2a: Politoed
|-resisted|p2a: Politoed
|-damage|p2a: Politoed|47/100
|
|-weather|RainDance|[upkeep]
|-heal|p1a: Kyurem|82/100|[from] item: Leftovers
|-heal|p2a: Politoed|54/100|[from] item: Leftovers
|upkeep
|turn|12
|
|move|p1a: Kyurem|Fusion Bolt|p2a: Politoed
|-supereffective|p2a: Politoed
|-damage|p2a: Politoed|0 fnt
|faint|p2a: Politoed
|
|-weather|RainDance|[upkeep]
|-heal|p1a: Kyurem|88/100|[from] item: Leftovers
|upkeep
|
|switch|p2a: Garchomp|Garchomp, F|100/100
|-damage|p2a: Garchomp|94/100|[from] Stealth Rock
|turn|13
|
|move|p2a: Garchomp|Dragon Claw|p1a: Kyurem
|-supereffective|p1a: Kyurem
|-end|p1a: Kyurem|Substitute
|move|p1a: Kyurem|Ice Beam|p2a: Garchomp
|-supereffective|p2a: Garchomp
|-damage|p2a: Garchomp|0 fnt
|faint|p2a: Garchomp
|
|-weather|RainDance|[upkeep]
|-heal|p1a: Kyurem|94/100|[from] item: Leftovers
|upkeep
|
|switch|p2a: Gengar|Gengar, F|100/100
|-damage|p2a: Gengar|88/100|[from] Stealth Rock
|turn|14
|
|move|p2a: Gengar|Focus Blast|p1a: Kyurem
|-supereffective|p1a: Kyurem
|-damage|p1a: Kyurem|9/100
|move|p1a: Kyurem|Earth Power|p2a: Gengar
|-supereffective|p2a: Gengar
|-damage|p2a: Gengar|0 fnt
|faint|p2a: Gengar
|
|-weather|RainDance|[upkeep]
|-heal|p1a: Kyurem|16/100|[from] item: Leftovers
|upkeep
|
|switch|p2a: Ferrothorn|Ferrothorn, F|76/100
|-damage|p2a: Ferrothorn|70/100|[from] Stealth Rock
|turn|15
|
|move|p1a: Kyurem|Ice Beam|p2a: Ferrothorn
|-crit|p2a: Ferrothorn
|-damage|p2a: Ferrothorn|6/100
|move|p2a: Ferrothorn|Leech Seed|p1a: Kyurem
|-start|p1a: Kyurem|move: Leech Seed
|
|-weather|RainDance|[upkeep]
|-heal|p1a: Kyurem|22/100|[from] item: Leftovers
|-heal|p2a: Ferrothorn|12/100|[from] item: Leftovers
|-damage|p1a: Kyurem|9/100|[from] Leech Seed|[of] p2a: Ferrothorn
|-heal|p2a: Ferrothorn|27/100|[silent]
|upkeep
|turn|16
|j| Rheumatoid
|
|move|p1a: Kyurem|Ice Beam|p2a: Ferrothorn
|-damage|p2a: Ferrothorn|0 fnt
|faint|p2a: Ferrothorn
|
|-weather|RainDance|[upkeep]
|-heal|p1a: Kyurem|16/100|[from] item: Leftovers
|upkeep
|
|switch|p2a: Keldeo|Keldeo-Resolute|100/100
|-damage|p2a: Keldeo|94/100|[from] Stealth Rock
|turn|17
|
|move|p2a: Keldeo|Surf|p1a: Kyurem
|-resisted|p1a: Kyurem
|-damage|p1a: Kyurem|0 fnt
|faint|p1a: Kyurem
|
|-weather|RainDance|[upkeep]
|upkeep
|j| shyamm98
|
|switch|p1a: Tentacruel|Tentacruel, F|100/100 par
|-damage|p1a: Tentacruel|88/100 par|[from] Spikes
|turn|18
|
|switch|p2a: Toxicroak|Toxicroak, M|76/100
|-damage|p2a: Toxicroak|70/100|[from] Stealth Rock
|move|p1a: Tentacruel|Scald|p2a: Toxicroak
|-heal|p2a: Toxicroak|95/100|[from] ability: Dry Skin|[of] p1a: Tentacruel
|
|-weather|RainDance|[upkeep]
|-heal|p2a: Toxicroak|100/100|[from] ability: Dry Skin
|-heal|p1a: Tentacruel|94/100 par|[from] item: Black Sludge
|upkeep
|turn|19
|
|switch|p2a: Keldeo|Keldeo-Resolute|94/100
|-damage|p2a: Keldeo|88/100|[from] Stealth Rock
|switch|p1a: Landorus|Landorus-Therian, M|55/100
|-ability|p1a: Landorus|Intimidate|boost
|-unboost|p2a: Keldeo|atk|1
|
|-weather|RainDance|[upkeep]
|upkeep
|turn|20
|
|switch|p1a: Tentacruel|Tentacruel, F|94/100 par
|-damage|p1a: Tentacruel|82/100 par|[from] Spikes
|move|p2a: Keldeo|Surf|p1a: Tentacruel
|-resisted|p1a: Tentacruel
|-damage|p1a: Tentacruel|55/100 par
|
|-weather|RainDance|[upkeep]
|-heal|p1a: Tentacruel|61/100 par|[from] item: Black Sludge
|upkeep
|turn|21
|
|switch|p1a: Abomasnow|Abomasnow, F|100/100
|-damage|p1a: Abomasnow|88/100|[from] Spikes
|-weather|Hail|[from] ability: Snow Warning|[of] p1a: Abomasnow
|move|p2a: Keldeo|Surf|p1a: Abomasnow
|-resisted|p1a: Abomasnow
|-damage|p1a: Abomasnow|59/100
|
|-weather|Hail|[upkeep]
|-damage|p2a: Keldeo|82/100|[from] Hail
|upkeep
|turn|22
|
|move|p2a: Keldeo|Surf|p1a: Abomasnow
|-resisted|p1a: Abomasnow
|-damage|p1a: Abomasnow|28/100
|move|p1a: Abomasnow|Hidden Power|p2a: Keldeo
|-resisted|p2a: Keldeo
|-damage|p2a: Keldeo|72/100
|
|-weather|Hail|[upkeep]
|-damage|p2a: Keldeo|66/100|[from] Hail
|upkeep
|turn|23
|
|move|p1a: Abomasnow|Protect|p1a: Abomasnow
|-singleturn|p1a: Abomasnow|Protect
|move|p2a: Keldeo|Surf|p1a: Abomasnow
|-activate|p1a: Abomasnow|move: Protect
|
|-weather|Hail|[upkeep]
|-damage|p2a: Keldeo|60/100|[from] Hail
|upkeep
|turn|24
|
|move|p2a: Keldeo|Surf|p1a: Abomasnow
|-resisted|p1a: Abomasnow
|-damage|p1a: Abomasnow|0 fnt
|faint|p1a: Abomasnow
|
|-weather|Hail|[upkeep]
|-damage|p2a: Keldeo|53/100|[from] Hail
|upkeep
|
|switch|p1a: Reuniclus|Reuniclus, M|100/100
|turn|25
|
|move|p2a: Keldeo|Surf|p1a: Reuniclus
|-crit|p1a: Reuniclus
|-damage|p1a: Reuniclus|5/100
|move|p1a: Reuniclus|Calm Mind|p1a: Reuniclus
|-boost|p1a: Reuniclus|spa|1
|-boost|p1a: Reuniclus|spd|1
|
|-weather|Hail|[upkeep]
|-damage|p2a: Keldeo|47/100|[from] Hail
|-heal|p1a: Reuniclus|11/100|[from] item: Leftovers
|upkeep
|turn|26
|
|switch|p1a: Tentacruel|Tentacruel, F|61/100 par
|-damage|p1a: Tentacruel|48/100 par|[from] Spikes
|move|p2a: Keldeo|Surf|p1a: Tentacruel
|-resisted|p1a: Tentacruel
|-damage|p1a: Tentacruel|29/100 par
|
|-weather|Hail|[upkeep]
|-damage|p2a: Keldeo|41/100|[from] Hail
|-damage|p1a: Tentacruel|22/100 par|[from] Hail
|-heal|p1a: Tentacruel|29/100 par|[from] item: Black Sludge
|upkeep
|turn|27
|
|switch|p2a: Toxicroak|Toxicroak, M|100/100
|-damage|p2a: Toxicroak|94/100|[from] Stealth Rock
|switch|p1a: Reuniclus|Reuniclus, M|11/100
|
|-weather|Hail|[upkeep]
|-damage|p2a: Toxicroak|88/100|[from] Hail
|-heal|p2a: Toxicroak|94/100|[from] item: Black Sludge
|-heal|p1a: Reuniclus|17/100|[from] item: Leftovers
|upkeep
|turn|28
|
|move|p2a: Toxicroak|Drain Punch|p1a: Reuniclus
|-resisted|p1a: Reuniclus
|-damage|p1a: Reuniclus|4/100
|-heal|p2a: Toxicroak|100/100|[from] drain|[of] p1a: Reuniclus
|move|p1a: Reuniclus|Psyshock|p2a: Toxicroak
|-supereffective|p2a: Toxicroak
|-damage|p2a: Toxicroak|0 fnt
|faint|p2a: Toxicroak
|
|-weather|Hail|[upkeep]
|-heal|p1a: Reuniclus|10/100|[from] item: Leftovers
|upkeep
|
|switch|p2a: Keldeo|Keldeo-Resolute|41/100
|-damage|p2a: Keldeo|35/100|[from] Stealth Rock
|turn|29
|
|move|p2a: Keldeo|Hydro Pump|p1a: Reuniclus|[miss]
|-miss|p2a: Keldeo|p1a: Reuniclus
|move|p1a: Reuniclus|Psyshock|p2a: Keldeo
|-supereffective|p2a: Keldeo
|-damage|p2a: Keldeo|0 fnt
|faint|p2a: Keldeo
|
|win|LonzoMadeKuz
|c|☆Samurott7777777|gg
|raw|LonzoMadeKuz's rating: 1417 &rarr; <strong>1436</strong><br />(+19 for winning)
|raw|Samurott7777777's rating: 1412 &rarr; <strong>1392</strong><br />(-20 for losing)
