|j|☆dembele
|j|☆av2336
|t:|1715288853
|gametype|singles
|player|p1|dembele|170|1345
|player|p2|av2336|pokemaniac-gen3rs|1352
|teamsize|p1|6
|teamsize|p2|6
|gen|5
|tier|[Gen 5] OU
|rated|
|rule|Species Clause: Limit one of each Pokémon
|rule|OHKO Clause: OHKO moves are banned
|rule|Moody Clause: Moody is banned
|rule|Evasion Items Clause: Evasion items are banned
|rule|Evasion Moves Clause: Evasion moves are banned
|rule|Endless Battle Clause: Forcing endless battles is banned
|rule|HP Percentage Mod: HP is shown in percentages
|rule|Evasion Abilities Clause: Evasion abilities are banned
|rule|Sleep Moves Clause: Sleep-inducing moves are banned
|rule|Swagger Clause: Swagger is banned
|rule|Baton Pass Stat Clause: No Baton Passer may have a way to boost its stats
|clearpoke
|poke|p1|Weavile, M|item
|poke|p1|Skarmory, M|item
|poke|p1|Magnezone|item
|poke|p1|Scizor, M|item
|poke|p1|Rotom-Wash|item
|poke|p1|Dragonite, M|item
|poke|p2|Bronzong|item
|poke|p2|Gallade, M|item
|poke|p2|Jellicent, M|item
|poke|p2|Conkeldurr, M|item
|poke|p2|Reuniclus, M|item
|poke|p2|Dragonite, M|item
|teampreview
|inactive|Battle timer is ON: inactive players will automatically lose when time's up. (requested by av2336)
|
|t:|1715288859
|start
|switch|p1a: Skarmory|Skarmory, M|100/100
|switch|p2a: Bronzong|Bronzong|100/100
|turn|1
|inactive|av2336 has 120 seconds left.
|
|t:|1715288892
|move|p1a: Skarmory|Taunt|p2a: Bronzong
|-start|p2a: Bronzong|move: Taunt
|-enditem|p2a: Bronzong|Mental Herb
|-end|p2a: Bronzong|move: Taunt
|move|p2a: Bronzong|Stealth Rock|p1a: Skarmory
|-sidestart|p1: dembele|move: Stealth Rock
|
|upkeep
|turn|2
|
|t:|1715288912
|move|p1a: Skarmory|Stealth Rock|p2a: Bronzong
|-sidestart|p2: av2336|move: Stealth Rock
|move|p2a: Bronzong|Trick Room|p2a: Bronzong
|-fieldstart|move: Trick Room|[of] p2a: Bronzong
|
|upkeep
|turn|3
|inactive|av2336 has 120 seconds left.
|inactive|av2336 has 90 seconds left.
|
|t:|1715288964
|move|p2a: Bronzong|Explosion|p1a: Skarmory
|-resisted|p1a: Skarmory
|-damage|p1a: Skarmory|67/100
|faint|p2a: Bronzong
|move|p1a: Skarmory|Spikes|p2: Bronzong
|-sidestart|p2: av2336|Spikes
|
|upkeep
|
|t:|1715288967
|switch|p2a: Jellicent|Jellicent, M|100/100
|-damage|p2a: Jellicent|88/100|[from] Stealth Rock
|-item|p2a: Jellicent|Air Balloon
|turn|4
|
|t:|1715288978
|switch|p1a: Rotom|Rotom-Wash|100/100
|-damage|p1a: Rotom|88/100|[from] Stealth Rock
|move|p2a: Jellicent|Surf|p1a: Rotom
|-resisted|p1a: Rotom
|-damage|p1a: Rotom|71/100
|
|-heal|p1a: Rotom|77/100|[from] item: Leftovers
|upkeep
|turn|5
|
|t:|1715288988
|move|p2a: Jellicent|Shadow Ball|p1a: Rotom
|-damage|p1a: Rotom|47/100
|move|p1a: Rotom|Volt Switch|p2a: Jellicent
|-supereffective|p2a: Jellicent
|-damage|p2a: Jellicent|50/100
|-enditem|p2a: Jellicent|Air Balloon
|
|t:|1715289008
|switch|p1a: Skarmory|Skarmory, M|67/100|[from] Volt Switch
|-damage|p1a: Skarmory|55/100|[from] Stealth Rock
|
|upkeep
|turn|6
|inactive|av2336 has 120 seconds left.
|
|t:|1715289023
|move|p2a: Jellicent|Surf|p1a: Skarmory
|-damage|p1a: Skarmory|0 fnt
|faint|p1a: Skarmory
|
|-fieldend|move: Trick Room
|upkeep
|
|t:|1715289030
|switch|p1a: Magnezone|Magnezone|100/100
|-damage|p1a: Magnezone|94/100|[from] Stealth Rock
|turn|7
|
|t:|1715289036
|move|p1a: Magnezone|Volt Switch|p2a: Jellicent
|-supereffective|p2a: Jellicent
|-damage|p2a: Jellicent|0 fnt
|faint|p2a: Jellicent
|
|t:|1715289047
|switch|p1a: Scizor|Scizor, M|100/100|[from] Volt Switch
|-damage|p1a: Scizor|88/100|[from] Stealth Rock
|
|upkeep
|
|t:|1715289053
|switch|p2a: Conkeldurr|Conkeldurr, M|100/100
|-damage|p2a: Conkeldurr|94/100|[from] Stealth Rock
|-damage|p2a: Conkeldurr|82/100|[from] Spikes
|turn|8
|
|t:|1715289059
|move|p1a: Scizor|U-turn|p2a: Conkeldurr
|-resisted|p2a: Conkeldurr
|-damage|p2a: Conkeldurr|58/100
|
|t:|1715289073
|switch|p1a: Rotom|Rotom-Wash|47/100|[from] U-turn
|-damage|p1a: Rotom|34/100|[from] Stealth Rock
|move|p2a: Conkeldurr|Drain Punch|p1a: Rotom
|-crit|p1a: Rotom
|-damage|p1a: Rotom|0 fnt
|-heal|p2a: Conkeldurr|71/100|[from] drain|[of] p1a: Rotom
|faint|p1a: Rotom
|-damage|p2a: Conkeldurr|61/100|[from] item: Life Orb
|
|upkeep
|inactive|dembele has 120 seconds left.
|
|t:|1715289096
|switch|p1a: Scizor|Scizor, M|88/100
|-damage|p1a: Scizor|76/100|[from] Stealth Rock
|turn|9
|inactive|dembele has 120 seconds left.
|
|t:|1715289107
|move|p2a: Conkeldurr|Mach Punch|p1a: Scizor
|-damage|p1a: Scizor|31/100
|-damage|p2a: Conkeldurr|51/100|[from] item: Life Orb
|move|p1a: Scizor|Superpower|p2a: Conkeldurr
|-damage|p2a: Conkeldurr|0 fnt
|-unboost|p1a: Scizor|atk|1
|-unboost|p1a: Scizor|def|1
|faint|p2a: Conkeldurr
|
|upkeep
|
|t:|1715289116
|switch|p2a: Reuniclus|Reuniclus, M|100/100
|turn|10
|
|t:|1715289129
|switch|p1a: Dragonite|Dragonite, M|100/100
|-damage|p1a: Dragonite|76/100|[from] Stealth Rock
|move|p2a: Reuniclus|Trick Room|p2a: Reuniclus
|-fieldstart|move: Trick Room|[of] p2a: Reuniclus
|
|upkeep
|turn|11
|
|t:|1715289138
|move|p2a: Reuniclus|Psyshock|p1a: Dragonite
|-crit|p1a: Dragonite
|-damage|p1a: Dragonite|0 fnt
|faint|p1a: Dragonite
|
|upkeep
|inactive|dembele has 120 seconds left.
|
|t:|1715289170
|switch|p1a: Scizor|Scizor, M|31/100
|-damage|p1a: Scizor|19/100|[from] Stealth Rock
|turn|12
|
|t:|1715289177
|move|p1a: Scizor|Bullet Punch|p2a: Reuniclus
|-damage|p2a: Reuniclus|53/100
|move|p2a: Reuniclus|Psyshock|p1a: Scizor
|-resisted|p1a: Scizor
|-damage|p1a: Scizor|0 fnt
|faint|p1a: Scizor
|
|upkeep
|
|t:|1715289200
|switch|p1a: Magnezone|Magnezone|94/100
|-damage|p1a: Magnezone|88/100|[from] Stealth Rock
|turn|13
|
|t:|1715289206
|move|p2a: Reuniclus|Focus Blast|p1a: Magnezone|[miss]
|-miss|p2a: Reuniclus|p1a: Magnezone
|move|p1a: Magnezone|Volt Switch|p2a: Reuniclus
|-damage|p2a: Reuniclus|20/100
|
|t:|1715289212
|switch|p1a: Weavile|Weavile, M|100/100|[from] Volt Switch
|-damage|p1a: Weavile|76/100|[from] Stealth Rock
|-ability|p1a: Weavile|Pressure
|
|upkeep
|turn|14
|
|t:|1715289220
|move|p1a: Weavile|Ice Shard|p2a: Reuniclus
|-damage|p2a: Reuniclus|0 fnt
|faint|p2a: Reuniclus
|
|-fieldend|move: Trick Room
|upkeep
|
|t:|1715289222
|switch|p2a: Dragonite|Dragonite, M|100/100
|-damage|p2a: Dragonite|76/100|[from] Stealth Rock
|turn|15
|inactive|dembele has 120 seconds left.
|
|t:|1715289232
|switch|p1a: Magnezone|Magnezone|88/100
|-damage|p1a: Magnezone|82/100|[from] Stealth Rock
|move|p2a: Dragonite|Extreme Speed|p1a: Magnezone
|-resisted|p1a: Magnezone
|-damage|p1a: Magnezone|55/100
|
|upkeep
|turn|16
|inactive|dembele has 120 seconds left.
|
|t:|1715289243
|switch|p2a: Gallade|Gallade, M|100/100
|-damage|p2a: Gallade|94/100|[from] Stealth Rock
|-damage|p2a: Gallade|82/100|[from] Spikes
|move|p1a: Magnezone|Thunderbolt|p2a: Gallade
|-damage|p2a: Gallade|35/100
|
|upkeep
|turn|17
|
|t:|1715289255
|move|p1a: Magnezone|Thunderbolt|p2a: Gallade
|-damage|p2a: Gallade|0 fnt
|faint|p2a: Gallade
|
|upkeep
|
|t:|1715289257
|switch|p2a: Dragonite|Dragonite, M|76/100
|-damage|p2a: Dragonite|51/100|[from] Stealth Rock
|turn|18
|
|t:|1715289264
|move|p2a: Dragonite|Extreme Speed|p1a: Magnezone
|-resisted|p1a: Magnezone
|-damage|p1a: Magnezone|29/100
|move|p1a: Magnezone|Thunderbolt|p2a: Dragonite
|-damage|p2a: Dragonite|0 fnt
|faint|p2a: Dragonite
|
|win|dembele
|raw|dembele's rating: 1345 &rarr; <strong>1367</strong><br />(+22 for winning)
|raw|av2336's rating: 1374 &rarr; <strong>1352</strong><br />(-22 for losing)
