|j|☆BigBlackSpinarak
|j|☆yfvgbhnjmk
|t:|1720378330
|gametype|singles
|player|p1|BigBlackSpinarak|102|1326
|player|p2|yfvgbhnjmk|266|1268
|teamsize|p1|6
|teamsize|p2|6
|gen|5
|tier|[Gen 5] OU
|rated|
|rule|Species Clause: Limit one of each Pokémon
|rule|OHKO Clause: OHKO moves are banned
|rule|Moody Clause: Moody is banned
|rule|Evasion Items Clause: Evasion items are banned
|rule|Evasion Moves Clause: Evasion moves are banned
|rule|Endless Battle Clause: Forcing endless battles is banned
|rule|HP Percentage Mod: HP is shown in percentages
|rule|Evasion Abilities Clause: Evasion abilities are banned
|rule|Sleep Moves Clause: Sleep-inducing moves are banned
|rule|Swagger Clause: Swagger is banned
|rule|Baton Pass Stat Clause: No Baton Passer may have a way to boost its stats
|clearpoke
|poke|p1|Politoed, F|item
|poke|p1|Kyurem-Black|item
|poke|p1|Starmie|item
|poke|p1|Ferrothorn, M|item
|poke|p1|Garchomp, F|item
|poke|p1|Latios, M|item
|poke|p2|Abomasnow, M|item
|poke|p2|Jirachi|item
|poke|p2|Starmie|item
|poke|p2|Garchomp, M|item
|poke|p2|Dragonite, M|item
|poke|p2|Vanilluxe, F|item
|teampreview
|
|t:|1720378341
|start
|switch|p1a: kyuremblack|Kyurem-Black|100/100
|switch|p2a: Obamasnow|Abomasnow, M|100/100
|-ability|p1a: kyuremblack|Teravolt
|-weather|Hail|[from] ability: Snow Warning|[of] p2a: Obamasnow
|turn|1
|c|☆BigBlackSpinarak|hf
|inactive|Battle timer is ON: inactive players will automatically lose when time's up. (requested by BigBlackSpinarak)
|
|t:|1720378352
|switch|p2a: Wishmaker|Jirachi|100/100
|move|p1a: kyuremblack|Freeze Shock||[still]
|-prepare|p1a: kyuremblack|Freeze Shock
|-enditem|p1a: kyuremblack|Power Herb
|-anim|p1a: kyuremblack|Freeze Shock|p2a: Wishmaker
|-resisted|p2a: Wishmaker
|-damage|p2a: Wishmaker|64/100
|
|-weather|Hail|[upkeep]
|-damage|p2a: Wishmaker|57/100|[from] Hail
|-heal|p2a: Wishmaker|64/100|[from] item: Leftovers
|upkeep
|turn|2
|
|t:|1720378363
|switch|p1a: Garchomp|Garchomp, F|100/100
|move|p2a: Wishmaker|Iron Head|p1a: Garchomp
|-damage|p1a: Garchomp|70/100
|-damage|p2a: Wishmaker|51/100|[from] ability: Rough Skin|[of] p1a: Garchomp
|
|-weather|Hail|[upkeep]
|-damage|p1a: Garchomp|64/100|[from] Hail
|-damage|p2a: Wishmaker|45/100|[from] Hail
|-heal|p2a: Wishmaker|51/100|[from] item: Leftovers
|upkeep
|turn|3
|
|t:|1720378374
|switch|p2a: Starmie|Starmie|100/100
|-item|p2a: Starmie|Air Balloon
|move|p1a: Garchomp|Stealth Rock|p2a: Starmie
|-sidestart|p2: yfvgbhnjmk|move: Stealth Rock
|
|-weather|Hail|[upkeep]
|-damage|p2a: Starmie|94/100|[from] Hail
|-damage|p1a: Garchomp|58/100|[from] Hail
|upkeep
|turn|4
|
|t:|1720378386
|switch|p1a: kyuremblack|Kyurem-Black|100/100
|-ability|p1a: kyuremblack|Teravolt
|move|p2a: Starmie|Rapid Spin|p1a: kyuremblack
|-damage|p1a: kyuremblack|97/100
|-sideend|p2: yfvgbhnjmk|Stealth Rock|[from] move: Rapid Spin|[of] p2a: Starmie
|
|-weather|Hail|[upkeep]
|-damage|p2a: Starmie|88/100|[from] Hail
|upkeep
|turn|5
|
|t:|1720378399
|switch|p2a: Wishmaker|Jirachi|51/100
|move|p1a: kyuremblack|Outrage|p2a: Wishmaker
|-resisted|p2a: Wishmaker
|-damage|p2a: Wishmaker|19/100
|
|-weather|Hail|[upkeep]
|-damage|p2a: Wishmaker|13/100|[from] Hail
|-heal|p2a: Wishmaker|19/100|[from] item: Leftovers
|upkeep
|turn|6
|
|t:|1720378410
|move|p1a: kyuremblack|Outrage|p2a: Wishmaker|[from]lockedmove
|-resisted|p2a: Wishmaker
|-damage|p2a: Wishmaker|0 fnt
|faint|p2a: Wishmaker
|
|-weather|Hail|[upkeep]
|upkeep
|
|t:|1720378417
|switch|p2a: Cynthia|Garchomp, M|100/100
|turn|7
|
|t:|1720378428
|move|p2a: Cynthia|Outrage|p1a: kyuremblack
|-supereffective|p1a: kyuremblack
|-damage|p1a: kyuremblack|0 fnt
|faint|p1a: kyuremblack
|
|-weather|Hail|[upkeep]
|-damage|p2a: Cynthia|94/100|[from] Hail
|upkeep
|
|t:|1720378439
|switch|p1a: Latios|Latios, M|100/100
|turn|8
|
|t:|1720378450
|move|p1a: Latios|Draco Meteor|p2a: Cynthia|[miss]
|-miss|p1a: Latios|p2a: Cynthia
|move|p2a: Cynthia|Outrage|p1a: Latios|[from]lockedmove
|-supereffective|p1a: Latios
|-damage|p1a: Latios|0 fnt
|faint|p1a: Latios
|
|-weather|Hail|[upkeep]
|-damage|p2a: Cynthia|88/100|[from] Hail
|upkeep
|c|☆yfvgbhnjmk|unlucki
|
|t:|1720378461
|switch|p1a: Ferrothorn|Ferrothorn, M|100/100
|turn|9
|inactive|BigBlackSpinarak has 120 seconds left.
|
|t:|1720378483
|move|p2a: Cynthia|Outrage|p1a: Ferrothorn|[from]lockedmove
|-resisted|p1a: Ferrothorn
|-damage|p1a: Ferrothorn|80/100
|-damage|p2a: Cynthia|76/100|[from] ability: Iron Barbs|[of] p1a: Ferrothorn
|-start|p2a: Cynthia|confusion|[fatigue]
|move|p1a: Ferrothorn|Spikes|p2a: Cynthia
|-sidestart|p2: yfvgbhnjmk|Spikes
|
|-weather|Hail|[upkeep]
|-damage|p2a: Cynthia|70/100|[from] Hail
|-damage|p1a: Ferrothorn|74/100|[from] Hail
|-heal|p1a: Ferrothorn|80/100|[from] item: Leftovers
|upkeep
|turn|10
|inactive|BigBlackSpinarak has 120 seconds left.
|
|t:|1720378495
|switch|p2a: Obamasnow|Abomasnow, M|100/100
|-damage|p2a: Obamasnow|88/100|[from] Spikes
|move|p1a: Ferrothorn|Gyro Ball|p2a: Obamasnow
|-supereffective|p2a: Obamasnow
|-damage|p2a: Obamasnow|13/100
|
|-weather|Hail|[upkeep]
|-damage|p1a: Ferrothorn|74/100|[from] Hail
|-heal|p1a: Ferrothorn|80/100|[from] item: Leftovers
|upkeep
|turn|11
|inactive|BigBlackSpinarak has 120 seconds left.
|
|t:|1720378506
|move|p2a: Obamasnow|Hidden Power|p1a: Ferrothorn
|-supereffective|p1a: Ferrothorn
|-damage|p1a: Ferrothorn|23/100
|move|p1a: Ferrothorn|Spikes|p2a: Obamasnow
|-sidestart|p2: yfvgbhnjmk|Spikes
|
|-weather|Hail|[upkeep]
|-damage|p1a: Ferrothorn|17/100|[from] Hail
|-heal|p1a: Ferrothorn|23/100|[from] item: Leftovers
|upkeep
|turn|12
|inactive|BigBlackSpinarak has 120 seconds left.
|
|t:|1720378517
|switch|p1a: Politoed|Politoed, F|100/100
|-weather|RainDance|[from] ability: Drizzle|[of] p1a: Politoed
|move|p2a: Obamasnow|Blizzard|p1a: Politoed
|-resisted|p1a: Politoed
|-damage|p1a: Politoed|82/100
|
|-weather|RainDance|[upkeep]
|-heal|p1a: Politoed|88/100|[from] item: Leftovers
|upkeep
|turn|13
|inactive|BigBlackSpinarak has 120 seconds left.
|
|t:|1720378531
|move|p1a: Politoed|Protect|p1a: Politoed
|-singleturn|p1a: Politoed|Protect
|move|p2a: Obamasnow|Wood Hammer|p1a: Politoed
|-activate|p1a: Politoed|move: Protect
|
|-weather|RainDance|[upkeep]
|-heal|p1a: Politoed|94/100|[from] item: Leftovers
|upkeep
|turn|14
|inactive|BigBlackSpinarak has 120 seconds left.
|
|t:|1720378542
|switch|p1a: Ferrothorn|Ferrothorn, M|23/100
|move|p2a: Obamasnow|Hidden Power|p1a: Ferrothorn
|-supereffective|p1a: Ferrothorn
|-damage|p1a: Ferrothorn|0 fnt
|faint|p1a: Ferrothorn
|
|-weather|RainDance|[upkeep]
|upkeep
|inactive|BigBlackSpinarak has 120 seconds left.
|
|t:|1720378553
|switch|p1a: Starmie|Starmie|100/100
|-item|p1a: Starmie|Air Balloon
|turn|15
|inactive|BigBlackSpinarak has 120 seconds left.
|
|t:|1720378564
|move|p2a: Obamasnow|Ice Shard|p1a: Starmie
|-resisted|p1a: Starmie
|-damage|p1a: Starmie|90/100
|-enditem|p1a: Starmie|Air Balloon
|move|p1a: Starmie|Thunder|p2a: Obamasnow
|-resisted|p2a: Obamasnow
|-damage|p2a: Obamasnow|0 fnt
|faint|p2a: Obamasnow
|
|-weather|RainDance|[upkeep]
|upkeep
|
|t:|1720378577
|switch|p2a: Cynthia|Garchomp, M|70/100
|-damage|p2a: Cynthia|53/100|[from] Spikes
|turn|16
|inactive|BigBlackSpinarak has 120 seconds left.
|
|t:|1720378608
|move|p2a: Cynthia|Outrage|p1a: Starmie
|-damage|p1a: Starmie|0 fnt
|faint|p1a: Starmie
|
|-weather|RainDance|[upkeep]
|upkeep
|inactive|BigBlackSpinarak has 120 seconds left.
|
|t:|1720378619
|switch|p1a: Garchomp|Garchomp, F|58/100
|turn|17
|inactive|BigBlackSpinarak has 120 seconds left.
|
|t:|1720378630
|move|p2a: Cynthia|Outrage|p1a: Garchomp|[from]lockedmove
|-supereffective|p1a: Garchomp
|-damage|p1a: Garchomp|0 fnt
|-damage|p2a: Cynthia|41/100|[from] ability: Rough Skin|[of] p1a: Garchomp
|faint|p1a: Garchomp
|-start|p2a: Cynthia|confusion|[fatigue]
|
|-weather|RainDance|[upkeep]
|upkeep
|c|☆yfvgbhnjmk|im scarfed hbu
|
|t:|1720378640
|switch|p1a: Politoed|Politoed, F|94/100
|turn|18
|j| Sol Survivor
|l| Sol Survivor
|
|t:|1720378661
|switch|p2a: Starmie|Starmie|88/100
|-item|p2a: Starmie|Air Balloon
|move|p1a: Politoed|Scald|p2a: Starmie
|-resisted|p2a: Starmie
|-damage|p2a: Starmie|61/100
|-status|p2a: Starmie|brn
|-enditem|p2a: Starmie|Air Balloon
|
|-weather|RainDance|[upkeep]
|-heal|p1a: Politoed|100/100|[from] item: Leftovers
|-damage|p2a: Starmie|48/100 brn|[from] brn
|upkeep
|turn|19
|
|t:|1720378672
|move|p1a: Politoed|Protect|p1a: Politoed
|-singleturn|p1a: Politoed|Protect
|move|p2a: Starmie|Thunderbolt|p1a: Politoed
|-activate|p1a: Politoed|move: Protect
|
|-weather|RainDance|[upkeep]
|-damage|p2a: Starmie|36/100 brn|[from] brn
|upkeep
|turn|20
|inactive|yfvgbhnjmk has 120 seconds left.
|inactive|yfvgbhnjmk has 90 seconds left.
|
|t:|1720378744
|move|p2a: Starmie|Thunderbolt|p1a: Politoed
|-supereffective|p1a: Politoed
|-damage|p1a: Politoed|62/100
|move|p1a: Politoed|Toxic||[still]
|-fail|p1a: Politoed
|
|-weather|RainDance|[upkeep]
|-heal|p1a: Politoed|68/100|[from] item: Leftovers
|-damage|p2a: Starmie|24/100 brn|[from] brn
|upkeep
|turn|21
|
|t:|1720378755
|move|p1a: Politoed|Protect|p1a: Politoed
|-singleturn|p1a: Politoed|Protect
|move|p2a: Starmie|Thunderbolt|p1a: Politoed
|-activate|p1a: Politoed|move: Protect
|
|-weather|RainDance|[upkeep]
|-heal|p1a: Politoed|74/100|[from] item: Leftovers
|-damage|p2a: Starmie|12/100 brn|[from] brn
|upkeep
|turn|22
|
|t:|1720378765
|move|p1a: Politoed|Protect|p1a: Politoed
|-singleturn|p1a: Politoed|Protect
|move|p2a: Starmie|Thunderbolt|p1a: Politoed
|-activate|p1a: Politoed|move: Protect
|
|-weather|RainDance|[upkeep]
|-heal|p1a: Politoed|81/100|[from] item: Leftovers
|-damage|p2a: Starmie|0 fnt|[from] brn
|faint|p2a: Starmie
|upkeep
|inactive|yfvgbhnjmk has 90 seconds left.
|
|t:|1720378793
|switch|p2a: Cynthia|Garchomp, M|41/100
|-damage|p2a: Cynthia|24/100|[from] Spikes
|turn|23
|
|t:|1720378804
|move|p2a: Cynthia|Outrage|p1a: Politoed
|-crit|p1a: Politoed
|-damage|p1a: Politoed|0 fnt
|faint|p1a: Politoed
|
|win|yfvgbhnjmk
|raw|BigBlackSpinarak's rating: 1326 &rarr; <strong>1303</strong><br />(-23 for losing)
|raw|yfvgbhnjmk's rating: 1268 &rarr; <strong>1297</strong><br />(+29 for winning)
|c|☆BigBlackSpinarak|gg
|l|☆BigBlackSpinarak
|player|p1|
|c|☆yfvgbhnjmk|gg
