|j|☆UnumGenus
|j|☆LadderGod1
|t:|1727711643
|gametype|singles
|player|p1|UnumGenus|fisherman-gen4|1446
|player|p2|LadderGod1|2|1317
|teamsize|p1|6
|teamsize|p2|6
|gen|5
|tier|[Gen 5] OU
|rated|
|rule|Species Clause: Limit one of each Pokémon
|rule|OHKO Clause: OHKO moves are banned
|rule|Moody Clause: Moody is banned
|rule|Evasion Items Clause: Evasion items are banned
|rule|Evasion Moves Clause: Evasion moves are banned
|rule|Endless Battle Clause: Forcing endless battles is banned
|rule|HP Percentage Mod: HP is shown in percentages
|rule|Evasion Abilities Clause: Evasion abilities are banned
|rule|Sleep Moves Clause: Sleep-inducing moves are banned
|rule|Swagger Clause: Swagger is banned
|rule|Baton Pass Stat Clause: No Baton Passer may have a way to boost its stats
|clearpoke
|poke|p1|Terrakion|item
|poke|p1|Infernape, M|item
|poke|p1|Keldeo|item
|poke|p1|Lucario, M|item
|poke|p1|Scrafty, F|item
|poke|p1|Conkeldurr, F|item
|poke|p2|Garchomp, F|item
|poke|p2|Breloom, F|item
|poke|p2|Volcarona, M|item
|poke|p2|Starmie|item
|poke|p2|Scizor, M|item
|poke|p2|Latios, M|item
|teampreview
|inactive|Battle timer is ON: inactive players will automatically lose when time's up. (requested by UnumGenus)
|inactive|LadderGod1 has 120 seconds left.
|
|t:|1727711685
|start
|switch|p1a: ローブシン|Conkeldurr, F|100/100
|switch|p2a: Breloom|Breloom, F|100/100
|turn|1
|
|t:|1727711700
|switch|p2a: Volcarona|Volcarona, M|100/100
|move|p1a: ローブシン|Drain Punch|p2a: Volcarona
|-resisted|p2a: Volcarona
|-damage|p2a: Volcarona|67/100
|
|upkeep
|turn|2
|
|t:|1727711710
|move|p2a: Volcarona|Quiver Dance|p2a: Volcarona
|-boost|p2a: Volcarona|spa|1
|-boost|p2a: Volcarona|spd|1
|-boost|p2a: Volcarona|spe|1
|move|p1a: ローブシン|Payback|p2a: Volcarona
|-damage|p2a: Volcarona|7/100
|-enditem|p2a: Volcarona|Sitrus Berry|[eat]
|-heal|p2a: Volcarona|32/100|[from] item: Sitrus Berry
|
|upkeep
|turn|3
|
|t:|1727711718
|move|p2a: Volcarona|Fiery Dance|p1a: ローブシン
|-damage|p1a: ローブシン|33/100
|move|p1a: ローブシン|Drain Punch|p2a: Volcarona
|-resisted|p2a: Volcarona
|-damage|p2a: Volcarona|0 fnt
|-heal|p1a: ローブシン|46/100|[from] drain|[of] p2a: Volcarona
|-status|p1a: ローブシン|brn|[from] ability: Flame Body|[of] p2a: Volcarona
|faint|p2a: Volcarona
|
|-heal|p1a: ローブシン|52/100 brn|[from] item: Leftovers
|-damage|p1a: ローブシン|40/100 brn|[from] brn
|upkeep
|
|t:|1727711731
|switch|p2a: Garchomp|Garchomp, F|100/100
|turn|4
|
|t:|1727711736
|move|p1a: ローブシン|Mach Punch|p2a: Garchomp
|-damage|p2a: Garchomp|67/100
|-damage|p1a: ローブシン|27/100 brn|[from] ability: Rough Skin|[of] p2a: Garchomp
|move|p2a: Garchomp|Earthquake|p1a: ローブシン
|-damage|p1a: ローブシン|0 fnt
|faint|p1a: ローブシン
|
|upkeep
|
|t:|1727711744
|switch|p1a: ズルズキン|Scrafty, F|100/100
|-ability|p1a: ズルズキン|Intimidate|boost
|-unboost|p2a: Garchomp|atk|1
|turn|5
|
|t:|1727711749
|move|p2a: Garchomp|Stealth Rock|p1a: ズルズキン
|-sidestart|p1: UnumGenus|move: Stealth Rock
|move|p1a: ズルズキン|Ice Punch|p2a: Garchomp
|-supereffective|p2a: Garchomp
|-damage|p2a: Garchomp|0 fnt
|-damage|p1a: ズルズキン|88/100|[from] ability: Rough Skin|[of] p2a: Garchomp
|faint|p2a: Garchomp
|
|upkeep
|
|t:|1727711755
|switch|p2a: Scizor|Scizor, M|100/100
|turn|6
|
|t:|1727711759
|switch|p1a: ケルディオ|Keldeo|100/100
|-damage|p1a: ケルディオ|94/100|[from] Stealth Rock
|move|p2a: Scizor|Superpower|p1a: ケルディオ
|-damage|p1a: ケルディオ|49/100
|-unboost|p2a: Scizor|atk|1
|-unboost|p2a: Scizor|def|1
|-damage|p2a: Scizor|91/100|[from] item: Life Orb
|
|-heal|p1a: ケルディオ|55/100|[from] item: Leftovers
|upkeep
|turn|7
|
|t:|1727711771
|switch|p2a: Latios|Latios, M|100/100
|move|p1a: ケルディオ|Substitute|p1a: ケルディオ
|-start|p1a: ケルディオ|Substitute
|-damage|p1a: ケルディオ|30/100
|
|-heal|p1a: ケルディオ|37/100|[from] item: Leftovers
|upkeep
|turn|8
|
|t:|1727711780
|move|p2a: Latios|Psyshock|p1a: ケルディオ
|-supereffective|p1a: ケルディオ
|-end|p1a: ケルディオ|Substitute
|move|p1a: ケルディオ|Scald|p2a: Latios
|-resisted|p2a: Latios
|-damage|p2a: Latios|81/100
|
|-heal|p1a: ケルディオ|43/100|[from] item: Leftovers
|upkeep
|turn|9
|
|t:|1727711792
|switch|p1a: ズルズキン|Scrafty, F|88/100
|-damage|p1a: ズルズキン|82/100|[from] Stealth Rock
|-ability|p1a: ズルズキン|Intimidate|boost
|-unboost|p2a: Latios|atk|1
|move|p2a: Latios|Psyshock|p1a: ズルズキン
|-immune|p1a: ズルズキン
|
|upkeep
|turn|10
|
|t:|1727711800
|switch|p2a: Scizor|Scizor, M|91/100
|move|p1a: ズルズキン|High Jump Kick|p2a: Scizor
|-damage|p2a: Scizor|0 fnt
|faint|p2a: Scizor
|
|upkeep
|
|t:|1727711806
|switch|p2a: Latios|Latios, M|81/100
|turn|11
|
|t:|1727711825
|switch|p1a: ケルディオ|Keldeo|43/100
|-damage|p1a: ケルディオ|37/100|[from] Stealth Rock
|move|p2a: Latios|Draco Meteor|p1a: ケルディオ
|-damage|p1a: ケルディオ|0 fnt
|-unboost|p2a: Latios|spa|2
|faint|p1a: ケルディオ
|
|upkeep
|
|t:|1727711834
|switch|p1a: ルカリオ|Lucario, M, shiny|100/100
|-damage|p1a: ルカリオ|98/100|[from] Stealth Rock
|turn|12
|
|t:|1727711840
|switch|p2a: Starmie|Starmie|100/100
|-item|p2a: Starmie|Air Balloon
|move|p1a: ルカリオ|Swords Dance|p1a: ルカリオ
|-boost|p1a: ルカリオ|atk|2
|
|upkeep
|turn|13
|
|t:|1727711848
|move|p1a: ルカリオ|Extreme Speed|p2a: Starmie
|-damage|p2a: Starmie|4/100
|-enditem|p2a: Starmie|Air Balloon
|-damage|p1a: ルカリオ|88/100|[from] item: Life Orb
|move|p2a: Starmie|Hydro Pump|p1a: ルカリオ
|-damage|p1a: ルカリオ|3/100
|
|upkeep
|turn|14
|
|t:|1727711859
|move|p1a: ルカリオ|Extreme Speed|p2a: Starmie
|-damage|p2a: Starmie|0 fnt
|faint|p2a: Starmie
|-damage|p1a: ルカリオ|0 fnt|[from] item: Life Orb
|faint|p1a: ルカリオ
|
|upkeep
|
|t:|1727711868
|switch|p2a: Latios|Latios, M|81/100
|switch|p1a: ゴウカザル|Infernape, M, shiny|100/100
|-damage|p1a: ゴウカザル|88/100|[from] Stealth Rock
|turn|15
|
|t:|1727711882
|move|p2a: Latios|Draco Meteor|p1a: ゴウカザル
|-damage|p1a: ゴウカザル|0 fnt
|-unboost|p2a: Latios|spa|2
|faint|p1a: ゴウカザル
|
|upkeep
|
|t:|1727711890
|switch|p1a: テラキオン|Terrakion|100/100
|-damage|p1a: テラキオン|94/100|[from] Stealth Rock
|turn|16
|
|t:|1727711904
|switch|p2a: Breloom|Breloom, F|100/100
|move|p1a: テラキオン|X-Scissor|p2a: Breloom
|-damage|p2a: Breloom|53/100
|
|upkeep
|turn|17
|
|t:|1727711912
|move|p2a: Breloom|Mach Punch|p1a: テラキオン
|-supereffective|p1a: テラキオン
|-damage|p1a: テラキオン|21/100
|move|p1a: テラキオン|X-Scissor|p2a: Breloom
|-damage|p2a: Breloom|7/100
|
|upkeep
|turn|18
|
|t:|1727711917
|move|p2a: Breloom|Mach Punch|p1a: テラキオン
|-supereffective|p1a: テラキオン
|-damage|p1a: テラキオン|0 fnt
|faint|p1a: テラキオン
|
|upkeep
|
|t:|1727711920
|switch|p1a: ズルズキン|Scrafty, F|82/100
|-damage|p1a: ズルズキン|76/100|[from] Stealth Rock
|-ability|p1a: ズルズキン|Intimidate|boost
|-unboost|p2a: Breloom|atk|1
|turn|19
|
|t:|1727711925
|move|p2a: Breloom|Mach Punch|p1a: ズルズキン
|-supereffective|p1a: ズルズキン
|-damage|p1a: ズルズキン|29/100
|move|p1a: ズルズキン|Crunch|p2a: Breloom
|-resisted|p2a: Breloom
|-damage|p2a: Breloom|0 fnt
|faint|p2a: Breloom
|
|upkeep
|
|t:|1727711930
|switch|p2a: Latios|Latios, M|81/100
|turn|20
|
|t:|1727711932
|move|p2a: Latios|Hidden Power|p1a: ズルズキン
|-supereffective|p1a: ズルズキン
|-damage|p1a: ズルズキン|0 fnt
|faint|p1a: ズルズキン
|
|win|LadderGod1
|raw|UnumGenus's rating: 1446 &rarr; <strong>1419</strong><br />(-27 for losing)
|raw|LadderGod1's rating: 1317 &rarr; <strong>1344</strong><br />(+27 for winning)
|l|☆UnumGenus
|player|p1|
