|j|☆mightylemm3
|j|☆Nugget O Silver
|t:|1737073776
|gametype|singles
|player|p1|mightylemm3|dawn|1337
|player|p2|Nugget O Silver|colress|1467
|teamsize|p1|6
|teamsize|p2|6
|gen|5
|tier|[Gen 5] OU
|rated|
|rule|Species Clause: Limit one of each Pokémon
|rule|OHKO Clause: OHKO moves are banned
|rule|Moody Clause: Moody is banned
|rule|Evasion Items Clause: Evasion items are banned
|rule|Evasion Moves Clause: Evasion moves are banned
|rule|Endless Battle Clause: Forcing endless battles is banned
|rule|HP Percentage Mod: HP is shown in percentages
|rule|Evasion Abilities Clause: Evasion abilities are banned
|rule|Sleep Moves Clause: Sleep-inducing moves are banned
|rule|Swagger Clause: Swagger is banned
|rule|Baton Pass Stat Clause: No Baton Passer may have a way to boost its stats
|clearpoke
|poke|p1|Machamp, M|item
|poke|p1|Jirachi|item
|poke|p1|Alakazam, M|item
|poke|p1|Tyranitar, F|item
|poke|p1|Azelf|item
|poke|p1|Skarmory, M|item
|poke|p2|Politoed, M|item
|poke|p2|Volcarona, M|item
|poke|p2|Tornadus, M|item
|poke|p2|Starmie|item
|poke|p2|Dragonite, M|item
|poke|p2|Garchomp, F|item
|teampreview
|inactive|Battle timer is ON: inactive players will automatically lose when time's up. (requested by Nugget O Silver)
|
|t:|1737073803
|start
|switch|p1a: Azelf|Azelf|100/100
|switch|p2a: Garchomp|Garchomp, F, shiny|100/100
|turn|1
|
|t:|1737073808
|move|p1a: Azelf|Explosion|p2a: Garchomp
|-damage|p2a: Garchomp|18/100
|faint|p1a: Azelf
|move|p2a: Garchomp|Outrage|p1: Azelf|[notarget]
|-fail|p2a: Garchomp
|
|upkeep
|
|t:|1737073829
|switch|p1a: Jirachi|Jirachi|100/100
|turn|2
|
|t:|1737073835
|switch|p2a: After the Rain|Politoed, M|100/100
|-weather|RainDance|[from] ability: Drizzle|[of] p2a: After the Rain
|move|p1a: Jirachi|Iron Head|p2a: After the Rain
|-resisted|p2a: After the Rain
|-damage|p2a: After the Rain|80/100
|
|-weather|RainDance|[upkeep]
|upkeep
|turn|3
|
|t:|1737073842
|switch|p1a: Machamp|Machamp, M|100/100
|move|p2a: After the Rain|Scald|p1a: Machamp
|-damage|p1a: Machamp|51/100
|-status|p1a: Machamp|brn
|
|-weather|RainDance|[upkeep]
|-damage|p1a: Machamp|39/100 brn|[from] brn
|upkeep
|turn|4
|
|t:|1737073849
|move|p2a: After the Rain|Scald|p1a: Machamp
|-damage|p1a: Machamp|0 fnt
|faint|p1a: Machamp
|
|-weather|RainDance|[upkeep]
|upkeep
|
|t:|1737073865
|switch|p1a: Jirachi|Jirachi|100/100
|turn|5
|
|t:|1737073873
|switch|p2a: Garchomp|Garchomp, F, shiny|18/100
|move|p1a: Jirachi|U-turn|p2a: Garchomp
|-crit|p2a: Garchomp
|-damage|p2a: Garchomp|0 fnt
|-damage|p1a: Jirachi|88/100|[from] ability: Rough Skin|[of] p2a: Garchomp
|faint|p2a: Garchomp
|
|t:|1737073876
|switch|p1a: Skarmory|Skarmory, M|100/100|[from] U-turn
|
|-weather|RainDance|[upkeep]
|upkeep
|
|t:|1737073887
|switch|p2a: Dragonite|Dragonite, M|100/100
|turn|6
|
|t:|1737073908
|move|p2a: Dragonite|Waterfall|p1a: Skarmory
|-crit|p1a: Skarmory
|-damage|p1a: Skarmory|16/100
|-ability|p1a: Skarmory|Weak Armor|boost
|-unboost|p1a: Skarmory|def|1
|-boost|p1a: Skarmory|spe|1
|move|p1a: Skarmory|Brave Bird|p2a: Dragonite
|-damage|p2a: Dragonite|59/100
|-damage|p1a: Skarmory|0 fnt|[from] Recoil
|faint|p1a: Skarmory
|
|-weather|RainDance|[upkeep]
|upkeep
|
|t:|1737073923
|switch|p1a: Jirachi|Jirachi|88/100
|turn|7
|
|t:|1737073927
|switch|p2a: Unholy Insurgency|Volcarona, M, shiny|100/100
|move|p1a: Jirachi|Ice Punch|p2a: Unholy Insurgency
|-resisted|p2a: Unholy Insurgency
|-damage|p2a: Unholy Insurgency|85/100
|
|-weather|RainDance|[upkeep]
|upkeep
|turn|8
|
|t:|1737073933
|move|p1a: Jirachi|Ice Punch|p2a: Unholy Insurgency
|-resisted|p2a: Unholy Insurgency
|-damage|p2a: Unholy Insurgency|68/100
|move|p2a: Unholy Insurgency|Quiver Dance|p2a: Unholy Insurgency
|-boost|p2a: Unholy Insurgency|spa|1
|-boost|p2a: Unholy Insurgency|spd|1
|-boost|p2a: Unholy Insurgency|spe|1
|
|-weather|RainDance|[upkeep]
|upkeep
|turn|9
|
|t:|1737073942
|move|p1a: Jirachi|Ice Punch|p2a: Unholy Insurgency
|-resisted|p2a: Unholy Insurgency
|-damage|p2a: Unholy Insurgency|53/100
|-status|p1a: Jirachi|brn|[from] ability: Flame Body|[of] p2a: Unholy Insurgency
|move|p2a: Unholy Insurgency|Bug Buzz|p1a: Jirachi
|-damage|p1a: Jirachi|14/100 brn
|
|-weather|RainDance|[upkeep]
|-damage|p1a: Jirachi|2/100 brn|[from] brn
|upkeep
|turn|10
|
|t:|1737073951
|move|p1a: Jirachi|Ice Punch|p2a: Unholy Insurgency
|-resisted|p2a: Unholy Insurgency
|-damage|p2a: Unholy Insurgency|45/100
|-status|p2a: Unholy Insurgency|frz
|-enditem|p2a: Unholy Insurgency|Lum Berry|[eat]
|-curestatus|p2a: Unholy Insurgency|frz|[msg]
|move|p2a: Unholy Insurgency|Quiver Dance|p2a: Unholy Insurgency
|-boost|p2a: Unholy Insurgency|spa|1
|-boost|p2a: Unholy Insurgency|spd|1
|-boost|p2a: Unholy Insurgency|spe|1
|
|-weather|RainDance|[upkeep]
|-damage|p1a: Jirachi|0 fnt|[from] brn
|faint|p1a: Jirachi
|upkeep
|c|☆mightylemm3|rip lol
|
|t:|1737073965
|switch|p1a: Alakazam|Alakazam, M|100/100
|turn|11
|
|t:|1737073969
|move|p2a: Unholy Insurgency|Hurricane|p1a: Alakazam
|-enditem|p1a: Alakazam|Focus Sash
|-damage|p1a: Alakazam|1/100
|-start|p1a: Alakazam|confusion
|-activate|p1a: Alakazam|confusion
|-damage|p1a: Alakazam|0 fnt|[from] confusion
|faint|p1a: Alakazam
|
|-weather|RainDance|[upkeep]
|upkeep
|
|t:|1737073973
|switch|p1a: Tyranitar|Tyranitar, F|100/100
|-weather|Sandstorm|[from] ability: Sand Stream|[of] p1a: Tyranitar
|turn|12
|
|t:|1737073979
|move|p2a: Unholy Insurgency|Bug Buzz|p1a: Tyranitar
|-supereffective|p1a: Tyranitar
|-damage|p1a: Tyranitar|0 fnt
|faint|p1a: Tyranitar
|
|win|Nugget O Silver
|raw|mightylemm3's rating: 1337 &rarr; <strong>1324</strong><br />(-13 for losing)
|raw|Nugget O Silver's rating: 1467 &rarr; <strong>1480</strong><br />(+13 for winning)
|l|☆mightylemm3
|player|p1|
