|j|☆GrogLord
|j|☆koumite
|player|p1|GrogLord|iris-gen5bw2|1468
|player|p2|koumite|2|1386
|teamsize|p1|6
|teamsize|p2|6
|gametype|singles
|gen|5
|tier|[Gen 5] OU
|rated|
|rule|Sleep Clause Mod: Limit one foe put to sleep
|rule|Species Clause: Limit one of each Pokémon
|rule|OHKO Clause: OHKO moves are banned
|rule|Moody Clause: Moody is banned
|rule|Evasion Moves Clause: Evasion moves are banned
|rule|Endless Battle Clause: Forcing endless battles is banned
|rule|HP Percentage Mod: HP is shown in percentages
|rule|Evasion Abilities Clause: Evasion abilities are banned
|rule|Baton Pass Clause: Limit one Baton Passer, can't pass Spe and other stats simultaneously
|rule|Swagger Clause: Swagger is banned
|clearpoke
|poke|p1|Slaking, M|item
|poke|p1|Hippowdon, M|item
|poke|p1|Amoonguss, F|item
|poke|p1|Excadrill, F|item
|poke|p1|Alakazam, F|item
|poke|p1|Hydreigon, F|item
|poke|p2|Jirachi|item
|poke|p2|Kyurem-Black|item
|poke|p2|Starmie|item
|poke|p2|Magnezone|item
|poke|p2|Dragonite, M|item
|poke|p2|Garchomp, M|item
|teampreview
|inactive|Battle timer is ON: inactive players will automatically lose when time's up. (requested by GrogLord)
|
|start
|switch|p1a: Slaking|Slaking, M, shiny|100/100
|switch|p2a: Garchomp|Garchomp, M|100/100
|turn|1
|j| Puke
|
|move|p2a: Garchomp|Dual Chop|p1a: Slaking
|-damage|p1a: Slaking|85/100
|-damage|p1a: Slaking|68/100
|-hitcount|p1a: Slaking|2
|move|p1a: Slaking|Return|p2a: Garchomp
|-damage|p2a: Garchomp|10/100
|-damage|p1a: Slaking|56/100|[from] ability: Rough Skin|[of] p2a: Garchomp
|
|upkeep
|turn|2
|
|switch|p2a: Magnezone|Magnezone|100/100
|switch|p1a: Hippowdon|Hippowdon, M|100/100
|-weather|Sandstorm|[from] ability: Sand Stream|[of] p1a: Hippowdon
|
|-weather|Sandstorm|[upkeep]
|upkeep
|turn|3
|
|switch|p2a: Starmie|Starmie|100/100
|move|p1a: Hippowdon|Stealth Rock|p2a: Starmie
|-sidestart|p2: koumite|move: Stealth Rock
|
|-weather|Sandstorm|[upkeep]
|-damage|p2a: Starmie|94/100|[from] Sandstorm
|upkeep
|turn|4
|
|switch|p1a: Excadrill|Excadrill, F|100/100
|move|p2a: Starmie|Ice Beam|p1a: Excadrill
|-damage|p1a: Excadrill|36/100
|-damage|p2a: Starmie|84/100|[from] item: Life Orb
|
|-weather|Sandstorm|[upkeep]
|-damage|p2a: Starmie|78/100|[from] Sandstorm
|upkeep
|turn|5
|
|switch|p2a: Dragonite|Dragonite, M|100/100
|-damage|p2a: Dragonite|76/100|[from] Stealth Rock
|move|p1a: Excadrill|Earthquake|p2a: Dragonite
|-immune|p2a: Dragonite
|
|-weather|Sandstorm|[upkeep]
|-damage|p2a: Dragonite|70/100|[from] Sandstorm
|upkeep
|turn|6
|
|switch|p1a: Hippowdon|Hippowdon, M|100/100
|move|p2a: Dragonite|Dragon Dance|p2a: Dragonite
|-boost|p2a: Dragonite|atk|1
|-boost|p2a: Dragonite|spe|1
|
|-weather|Sandstorm|[upkeep]
|-damage|p2a: Dragonite|63/100|[from] Sandstorm
|upkeep
|turn|7
|inactive|GrogLord has 120 seconds left.
|
|move|p2a: Dragonite|Outrage|p1a: Hippowdon
|-damage|p1a: Hippowdon|36/100
|move|p1a: Hippowdon|Slack Off|p1a: Hippowdon
|-heal|p1a: Hippowdon|86/100
|
|-weather|Sandstorm|[upkeep]
|-damage|p2a: Dragonite|57/100|[from] Sandstorm
|-heal|p1a: Hippowdon|92/100|[from] item: Leftovers
|upkeep
|turn|8
|
|move|p2a: Dragonite|Outrage|p1a: Hippowdon|[from]lockedmove
|-damage|p1a: Hippowdon|28/100
|-start|p2a: Dragonite|confusion|[fatigue]
|move|p1a: Hippowdon|Slack Off|p1a: Hippowdon
|-heal|p1a: Hippowdon|78/100
|
|-weather|Sandstorm|[upkeep]
|-damage|p2a: Dragonite|51/100|[from] Sandstorm
|-heal|p1a: Hippowdon|84/100|[from] item: Leftovers
|upkeep
|turn|9
|
|-activate|p2a: Dragonite|confusion
|-damage|p2a: Dragonite|23/100|[from] confusion
|move|p1a: Hippowdon|Whirlwind|p2a: Dragonite
|drag|p2a: Garchomp|Garchomp, M|10/100
|-damage|p2a: Garchomp|4/100|[from] Stealth Rock
|
|-weather|Sandstorm|[upkeep]
|-heal|p1a: Hippowdon|90/100|[from] item: Leftovers
|upkeep
|turn|10
|
|move|p2a: Garchomp|Outrage|p1a: Hippowdon
|-damage|p1a: Hippowdon|55/100
|move|p1a: Hippowdon|Slack Off|p1a: Hippowdon
|-heal|p1a: Hippowdon|100/100
|
|-weather|Sandstorm|[upkeep]
|upkeep
|turn|11
|
|move|p2a: Garchomp|Outrage|p1a: Hippowdon|[from]lockedmove
|-damage|p1a: Hippowdon|68/100
|-start|p2a: Garchomp|confusion|[fatigue]
|move|p1a: Hippowdon|Slack Off|p1a: Hippowdon
|-heal|p1a: Hippowdon|100/100
|
|-weather|Sandstorm|[upkeep]
|upkeep
|turn|12
|
|switch|p2a: Starmie|Starmie|78/100
|-damage|p2a: Starmie|66/100|[from] Stealth Rock
|move|p1a: Hippowdon|Slack Off||[still]
|-fail|p1a: Hippowdon|heal
|
|-weather|Sandstorm|[upkeep]
|-damage|p2a: Starmie|60/100|[from] Sandstorm
|upkeep
|turn|13
|inactive|GrogLord has 120 seconds left.
|
|switch|p1a: Amoonguss|Amoonguss, F|100/100
|move|p2a: Starmie|Rapid Spin|p1a: Amoonguss
|-damage|p1a: Amoonguss|95/100
|-sideend|p2: koumite|Stealth Rock|[from] move: Rapid Spin|[of] p2a: Starmie
|-damage|p2a: Starmie|50/100|[from] item: Life Orb
|
|-weather|Sandstorm|[upkeep]
|-damage|p2a: Starmie|44/100|[from] Sandstorm
|-damage|p1a: Amoonguss|89/100|[from] Sandstorm
|-heal|p1a: Amoonguss|95/100|[from] item: Black Sludge
|upkeep
|turn|14
|
|move|p2a: Starmie|Ice Beam|p1a: Amoonguss
|-supereffective|p1a: Amoonguss
|-damage|p1a: Amoonguss|42/100
|-damage|p2a: Starmie|34/100|[from] item: Life Orb
|move|p1a: Amoonguss|Spore|p2a: Starmie
|-status|p2a: Starmie|slp|[from] move: Spore
|
|-weather|Sandstorm|[upkeep]
|-damage|p2a: Starmie|28/100 slp|[from] Sandstorm
|-damage|p1a: Amoonguss|36/100|[from] Sandstorm
|-heal|p1a: Amoonguss|42/100|[from] item: Black Sludge
|upkeep
|turn|15
|
|switch|p2a: Jirachi|Jirachi|100/100
|move|p1a: Amoonguss|Giga Drain|p2a: Jirachi
|-resisted|p2a: Jirachi
|-damage|p2a: Jirachi|92/100
|-heal|p1a: Amoonguss|46/100|[from] drain|[of] p2a: Jirachi
|
|-weather|Sandstorm|[upkeep]
|-damage|p1a: Amoonguss|40/100|[from] Sandstorm
|-heal|p2a: Jirachi|98/100|[from] item: Leftovers
|-heal|p1a: Amoonguss|46/100|[from] item: Black Sludge
|upkeep
|turn|16
|inactive|GrogLord has 120 seconds left.
|
|switch|p1a: Hippowdon|Hippowdon, M|100/100
|move|p2a: Jirachi|Icy Wind|p1a: Hippowdon
|-supereffective|p1a: Hippowdon
|-damage|p1a: Hippowdon|77/100
|-unboost|p1a: Hippowdon|spe|1
|
|-weather|Sandstorm|[upkeep]
|-heal|p2a: Jirachi|100/100|[from] item: Leftovers
|-heal|p1a: Hippowdon|83/100|[from] item: Leftovers
|upkeep
|turn|17
|
|move|p2a: Jirachi|Energy Ball|p1a: Hippowdon
|-supereffective|p1a: Hippowdon
|-damage|p1a: Hippowdon|47/100
|move|p1a: Hippowdon|Stealth Rock|p2a: Jirachi
|-sidestart|p2: koumite|move: Stealth Rock
|
|-weather|Sandstorm|[upkeep]
|-heal|p1a: Hippowdon|53/100|[from] item: Leftovers
|upkeep
|turn|18
|
|move|p2a: Jirachi|Energy Ball|p1a: Hippowdon
|-supereffective|p1a: Hippowdon
|-damage|p1a: Hippowdon|15/100
|move|p1a: Hippowdon|Slack Off|p1a: Hippowdon
|-heal|p1a: Hippowdon|65/100
|
|-weather|Sandstorm|[upkeep]
|-heal|p1a: Hippowdon|71/100|[from] item: Leftovers
|upkeep
|turn|19
|
|switch|p1a: Hydreigon|Hydreigon, F|100/100
|move|p2a: Jirachi|Energy Ball|p1a: Hydreigon
|-resisted|p1a: Hydreigon
|-damage|p1a: Hydreigon|89/100
|
|-weather|Sandstorm|[upkeep]
|-damage|p1a: Hydreigon|83/100|[from] Sandstorm
|upkeep
|turn|20
|
|switch|p2a: Dragonite|Dragonite, M|23/100
|-damage|p2a: Dragonite|0 fnt|[from] Stealth Rock
|faint|p2a: Dragonite
|move|p1a: Hydreigon|Fire Blast|p2: Dragonite|[notarget]
|-fail|p1a: Hydreigon
|
|-weather|Sandstorm|[upkeep]
|-damage|p1a: Hydreigon|76/100|[from] Sandstorm
|upkeep
|
|switch|p2a: Kyurem|Kyurem-Black|100/100
|-damage|p2a: Kyurem|76/100|[from] Stealth Rock
|-ability|p2a: Kyurem|Teravolt
|turn|21
|inactive|GrogLord has 120 seconds left.
|inactive|GrogLord has 90 seconds left.
|
|switch|p1a: Alakazam|Alakazam, F|100/100
|move|p2a: Kyurem|Dragon Claw|p1a: Alakazam
|-enditem|p1a: Alakazam|Focus Sash
|-damage|p1a: Alakazam|1/100
|
|-weather|Sandstorm|[upkeep]
|-damage|p2a: Kyurem|69/100|[from] Sandstorm
|upkeep
|turn|22
|
|switch|p2a: Starmie|Starmie|28/100 slp
|-damage|p2a: Starmie|15/100 slp|[from] Stealth Rock
|move|p1a: Alakazam|Focus Blast|p2a: Starmie|[miss]
|-miss|p1a: Alakazam|p2a: Starmie
|
|-weather|Sandstorm|[upkeep]
|-damage|p2a: Starmie|9/100 slp|[from] Sandstorm
|upkeep
|turn|23
|
|move|p1a: Alakazam|Psychic|p2a: Starmie
|-resisted|p2a: Starmie
|-damage|p2a: Starmie|0 fnt
|faint|p2a: Starmie
|
|-weather|Sandstorm|[upkeep]
|upkeep
|
|switch|p2a: Jirachi|Jirachi|100/100
|-damage|p2a: Jirachi|94/100|[from] Stealth Rock
|turn|24
|inactive|GrogLord has 90 seconds left.
|
|switch|p1a: Slaking|Slaking, M, shiny|56/100
|move|p2a: Jirachi|U-turn|p1a: Slaking
|-damage|p1a: Slaking|44/100
|
|switch|p2a: Magnezone|Magnezone|100/100|[from]move: U-turn
|-damage|p2a: Magnezone|94/100|[from] Stealth Rock
|
|-weather|Sandstorm|[upkeep]
|-damage|p1a: Slaking|38/100|[from] Sandstorm
|upkeep
|turn|25
|
|move|p1a: Slaking|Earthquake|p2a: Magnezone
|-supereffective|p2a: Magnezone
|-damage|p2a: Magnezone|0 fnt
|faint|p2a: Magnezone
|
|-weather|Sandstorm|[upkeep]
|-damage|p1a: Slaking|32/100|[from] Sandstorm
|upkeep
|
|switch|p2a: Kyurem|Kyurem-Black|69/100
|-damage|p2a: Kyurem|45/100|[from] Stealth Rock
|-ability|p2a: Kyurem|Teravolt
|turn|26
|
|switch|p1a: Amoonguss|Amoonguss, F|79/100
|move|p2a: Kyurem|Dragon Claw|p1a: Amoonguss
|-damage|p1a: Amoonguss|3/100
|
|-weather|Sandstorm|[upkeep]
|-damage|p2a: Kyurem|38/100|[from] Sandstorm
|-damage|p1a: Amoonguss|0 fnt|[from] Sandstorm
|faint|p1a: Amoonguss
|upkeep
|
|switch|p1a: Slaking|Slaking, M, shiny|32/100
|turn|27
|
|switch|p2a: Garchomp|Garchomp, M|4/100
|-damage|p2a: Garchomp|0 fnt|[from] Stealth Rock
|faint|p2a: Garchomp
|move|p1a: Slaking|Earthquake|p2: Garchomp|[notarget]
|-fail|p1a: Slaking
|
|-weather|Sandstorm|[upkeep]
|-damage|p1a: Slaking|26/100|[from] Sandstorm
|upkeep
|
|switch|p2a: Jirachi|Jirachi|94/100
|-damage|p2a: Jirachi|88/100|[from] Stealth Rock
|turn|28
|
|switch|p1a: Alakazam|Alakazam, F|1/100
|move|p2a: Jirachi|Icy Wind|p1a: Alakazam
|-damage|p1a: Alakazam|0 fnt
|faint|p1a: Alakazam
|
|-weather|Sandstorm|[upkeep]
|-heal|p2a: Jirachi|94/100|[from] item: Leftovers
|upkeep
|
|switch|p1a: Slaking|Slaking, M, shiny|26/100
|turn|29
|
|move|p1a: Slaking|Earthquake|p2a: Jirachi
|-supereffective|p2a: Jirachi
|-damage|p2a: Jirachi|0 fnt
|faint|p2a: Jirachi
|
|-weather|Sandstorm|[upkeep]
|-damage|p1a: Slaking|20/100|[from] Sandstorm
|upkeep
|
|switch|p2a: Kyurem|Kyurem-Black|38/100
|-damage|p2a: Kyurem|14/100|[from] Stealth Rock
|-ability|p2a: Kyurem|Teravolt
|turn|30
|
|switch|p1a: Hippowdon|Hippowdon, M|71/100
|move|p2a: Kyurem|Outrage|p1a: Hippowdon
|-damage|p1a: Hippowdon|1/100
|
|-weather|Sandstorm|[upkeep]
|-damage|p2a: Kyurem|7/100|[from] Sandstorm
|-heal|p1a: Hippowdon|8/100|[from] item: Leftovers
|upkeep
|turn|31
|
|move|p2a: Kyurem|Outrage|p1a: Hippowdon|[from]lockedmove
|-damage|p1a: Hippowdon|0 fnt
|-start|p2a: Kyurem|confusion|[fatigue]
|faint|p1a: Hippowdon
|
|-weather|Sandstorm|[upkeep]
|-damage|p2a: Kyurem|1/100|[from] Sandstorm
|upkeep
|
|switch|p1a: Slaking|Slaking, M, shiny|20/100
|turn|32
|
|move|p1a: Slaking|Hammer Arm|p2a: Kyurem
|-supereffective|p2a: Kyurem
|-damage|p2a: Kyurem|0 fnt
|-unboost|p1a: Slaking|spe|1
|faint|p2a: Kyurem
|
|win|GrogLord
|raw|GrogLord's rating: 1468 &rarr; <strong>1483</strong><br />(+15 for winning)
|raw|koumite's rating: 1386 &rarr; <strong>1371</strong><br />(-15 for losing)
|l|☆koumite
|l|☆GrogLord
