|j|☆el janitor
|j|☆sirdotsalot
|t:|1707860303
|gametype|singles
|player|p1|el janitor|170|1451
|player|p2|sirdotsalot|nate|1359
|teamsize|p1|6
|teamsize|p2|6
|gen|5
|tier|[Gen 5] OU
|rated|
|rule|Species Clause: Limit one of each Pokémon
|rule|OHKO Clause: OHKO moves are banned
|rule|Moody Clause: Moody is banned
|rule|Evasion Items Clause: Evasion items are banned
|rule|Evasion Moves Clause: Evasion moves are banned
|rule|Endless Battle Clause: Forcing endless battles is banned
|rule|HP Percentage Mod: HP is shown in percentages
|rule|Evasion Abilities Clause: Evasion abilities are banned
|rule|Sleep Moves Clause: Sleep-inducing moves are banned
|rule|Swagger Clause: Swagger is banned
|rule|Baton Pass Stat Clause: No Baton Passer may have a way to boost its stats
|clearpoke
|poke|p1|Politoed, F|item
|poke|p1|Landorus-Therian, M|item
|poke|p1|Tentacruel, F|item
|poke|p1|Toxicroak, F|item
|poke|p1|Tornadus, M|item
|poke|p1|Ferrothorn, F|item
|poke|p2|Skarmory, M|item
|poke|p2|Jellicent, F|item
|poke|p2|Kyurem-Black|item
|poke|p2|Garchomp, M|item
|poke|p2|Dragonite, M|item
|poke|p2|Mamoswine, M|item
|teampreview
|inactive|Battle timer is ON: inactive players will automatically lose when time's up. (requested by el janitor)
|
|t:|1707860314
|start
|switch|p1a: Politoed|Politoed, F|100/100
|switch|p2a: Jellicent|Jellicent, F|100/100
|-weather|RainDance|[from] ability: Drizzle|[of] p1a: Politoed
|turn|1
|
|t:|1707860321
|move|p1a: Politoed|Toxic|p2a: Jellicent
|-status|p2a: Jellicent|tox
|move|p2a: Jellicent|Scald|p1a: Politoed
|-resisted|p1a: Politoed
|-damage|p1a: Politoed|85/100
|
|-weather|RainDance|[upkeep]
|-heal|p1a: Politoed|91/100|[from] item: Leftovers
|-damage|p2a: Jellicent|94/100 tox|[from] psn
|upkeep
|turn|2
|
|t:|1707860326
|move|p1a: Politoed|Scald|p2a: Jellicent
|-resisted|p2a: Jellicent
|-damage|p2a: Jellicent|81/100 tox
|move|p2a: Jellicent|Scald|p1a: Politoed
|-resisted|p1a: Politoed
|-damage|p1a: Politoed|76/100
|
|-weather|RainDance|[upkeep]
|-heal|p1a: Politoed|82/100|[from] item: Leftovers
|-heal|p2a: Jellicent|87/100 tox|[from] item: Leftovers
|-damage|p2a: Jellicent|75/100 tox|[from] psn
|upkeep
|turn|3
|
|t:|1707860329
|switch|p1a: Toxicroak|Toxicroak, F|100/100
|move|p2a: Jellicent|Scald|p1a: Toxicroak
|-immune|p1a: Toxicroak|[from] ability: Dry Skin
|
|-weather|RainDance|[upkeep]
|-heal|p2a: Jellicent|81/100 tox|[from] item: Leftovers
|-damage|p2a: Jellicent|62/100 tox|[from] psn
|upkeep
|turn|4
|
|t:|1707860333
|move|p1a: Toxicroak|Substitute|p1a: Toxicroak
|-start|p1a: Toxicroak|Substitute
|-damage|p1a: Toxicroak|76/100
|move|p2a: Jellicent|Recover|p2a: Jellicent
|-heal|p2a: Jellicent|100/100 tox
|
|-weather|RainDance|[upkeep]
|-heal|p1a: Toxicroak|88/100|[from] ability: Dry Skin
|-damage|p2a: Jellicent|76/100 tox|[from] psn
|upkeep
|turn|5
|
|t:|1707860337
|switch|p2a: Skarmory|Skarmory, M|100/100
|move|p1a: Toxicroak|Sucker Punch||[still]
|-fail|p1a: Toxicroak
|
|-weather|RainDance|[upkeep]
|-heal|p1a: Toxicroak|100/100|[from] ability: Dry Skin
|upkeep
|turn|6
|
|t:|1707860341
|-singleturn|p1a: Toxicroak|move: Focus Punch
|move|p2a: Skarmory|Stealth Rock|p1a: Toxicroak
|-sidestart|p1: el janitor|move: Stealth Rock
|move|p1a: Toxicroak|Focus Punch|p2a: Skarmory
|-damage|p2a: Skarmory|22/100
|-damage|p1a: Toxicroak|91/100|[from] item: Life Orb
|
|-weather|RainDance|[upkeep]
|-heal|p1a: Toxicroak|100/100|[from] ability: Dry Skin
|upkeep
|turn|7
|-enditem|p2a: Skarmory|Custap Berry|[eat]
|-activate|p2a: Skarmory|item: Custap Berry|[consumed]
|
|t:|1707860348
|-singleturn|p1a: Toxicroak|move: Focus Punch
|move|p2a: Skarmory|Iron Head|p1a: Toxicroak
|-end|p1a: Toxicroak|Substitute
|move|p1a: Toxicroak|Focus Punch|p2a: Skarmory
|-damage|p2a: Skarmory|0 fnt
|faint|p2a: Skarmory
|-damage|p1a: Toxicroak|91/100|[from] item: Life Orb
|
|-weather|RainDance|[upkeep]
|-heal|p1a: Toxicroak|100/100|[from] ability: Dry Skin
|upkeep
|
|t:|1707860355
|switch|p2a: Dragonite|Dragonite, M|100/100
|turn|8
|
|t:|1707860362
|switch|p1a: Landorus|Landorus-Therian, M|100/100
|-damage|p1a: Landorus|88/100|[from] Stealth Rock
|-ability|p1a: Landorus|Intimidate|boost
|-unboost|p2a: Dragonite|atk|1
|switch|p2a: Kyurem|Kyurem-Black|100/100
|-ability|p2a: Kyurem|Teravolt
|
|-weather|RainDance|[upkeep]
|upkeep
|turn|9
|
|t:|1707860368
|move|p1a: Landorus|U-turn|p2a: Kyurem
|-damage|p2a: Kyurem|79/100
|
|t:|1707860370
|switch|p1a: Ferrothorn|Ferrothorn, F|100/100|[from] U-turn
|-damage|p1a: Ferrothorn|94/100|[from] Stealth Rock
|move|p2a: Kyurem|Ice Beam|p1a: Ferrothorn
|-damage|p1a: Ferrothorn|61/100
|-status|p1a: Ferrothorn|frz
|
|-weather|RainDance|[upkeep]
|-heal|p1a: Ferrothorn|67/100 frz|[from] item: Leftovers
|upkeep
|turn|10
|
|t:|1707860397
|switch|p2a: Dragonite|Dragonite, M|100/100
|-curestatus|p1a: Ferrothorn|frz|[msg]
|move|p1a: Ferrothorn|Stealth Rock|p2a: Dragonite
|-sidestart|p2: sirdotsalot|move: Stealth Rock
|
|-weather|RainDance|[upkeep]
|-heal|p1a: Ferrothorn|74/100|[from] item: Leftovers
|upkeep
|turn|11
|
|t:|1707860401
|move|p2a: Dragonite|Dragon Dance|p2a: Dragonite
|-boost|p2a: Dragonite|atk|1
|-boost|p2a: Dragonite|spe|1
|move|p1a: Ferrothorn|Leech Seed|p2a: Dragonite
|-start|p2a: Dragonite|move: Leech Seed
|
|-weather|RainDance|[upkeep]
|-heal|p1a: Ferrothorn|80/100|[from] item: Leftovers
|-damage|p2a: Dragonite|88/100|[from] Leech Seed|[of] p1a: Ferrothorn
|-heal|p1a: Ferrothorn|91/100|[silent]
|upkeep
|turn|12
|
|t:|1707860403
|move|p2a: Dragonite|Dragon Dance|p2a: Dragonite
|-boost|p2a: Dragonite|atk|1
|-boost|p2a: Dragonite|spe|1
|move|p1a: Ferrothorn|Gyro Ball|p2a: Dragonite
|-damage|p2a: Dragonite|31/100
|
|-weather|RainDance|[upkeep]
|-heal|p1a: Ferrothorn|97/100|[from] item: Leftovers
|-damage|p2a: Dragonite|18/100|[from] Leech Seed|[of] p1a: Ferrothorn
|-heal|p1a: Ferrothorn|100/100|[silent]
|upkeep
|turn|13
|
|t:|1707860409
|switch|p1a: Politoed|Politoed, F|82/100
|-damage|p1a: Politoed|70/100|[from] Stealth Rock
|move|p2a: Dragonite|Earthquake|p1a: Politoed
|-damage|p1a: Politoed|11/100
|
|-weather|RainDance|[upkeep]
|-heal|p1a: Politoed|17/100|[from] item: Leftovers
|-damage|p2a: Dragonite|6/100|[from] Leech Seed|[of] p1a: Politoed
|-heal|p1a: Politoed|28/100|[silent]
|upkeep
|turn|14
|
|t:|1707860411
|move|p1a: Politoed|Protect|p1a: Politoed
|-singleturn|p1a: Politoed|Protect
|move|p2a: Dragonite|Dragon Claw|p1a: Politoed
|-activate|p1a: Politoed|move: Protect
|
|-weather|RainDance|[upkeep]
|-heal|p1a: Politoed|34/100|[from] item: Leftovers
|-damage|p2a: Dragonite|0 fnt|[from] Leech Seed|[of] p1a: Politoed
|-heal|p1a: Politoed|39/100|[silent]
|faint|p2a: Dragonite
|upkeep
|
|t:|1707860414
|switch|p2a: Jellicent|Jellicent, F|76/100 tox
|-damage|p2a: Jellicent|63/100 tox|[from] Stealth Rock
|turn|15
|
|t:|1707860421
|switch|p1a: Toxicroak|Toxicroak, F|100/100
|-damage|p1a: Toxicroak|94/100|[from] Stealth Rock
|move|p2a: Jellicent|Recover|p2a: Jellicent
|-heal|p2a: Jellicent|100/100 tox
|
|-weather|RainDance|[upkeep]
|-heal|p1a: Toxicroak|100/100|[from] ability: Dry Skin
|-damage|p2a: Jellicent|94/100 tox|[from] psn
|upkeep
|turn|16
|
|t:|1707860428
|move|p1a: Toxicroak|Substitute|p1a: Toxicroak
|-start|p1a: Toxicroak|Substitute
|-damage|p1a: Toxicroak|76/100
|move|p2a: Jellicent|Hex|p1a: Toxicroak
|-activate|p1a: Toxicroak|Substitute|[damage]
|
|-weather|RainDance|[upkeep]
|-heal|p1a: Toxicroak|88/100|[from] ability: Dry Skin
|-heal|p2a: Jellicent|100/100 tox|[from] item: Leftovers
|-damage|p2a: Jellicent|88/100 tox|[from] psn
|upkeep
|turn|17
|
|t:|1707860430
|move|p1a: Toxicroak|Sucker Punch|p2a: Jellicent
|-supereffective|p2a: Jellicent
|-damage|p2a: Jellicent|16/100 tox
|-start|p1a: Toxicroak|Disable|Sucker Punch|[from] ability: Cursed Body|[of] p2a: Jellicent
|-damage|p1a: Toxicroak|78/100|[from] item: Life Orb
|move|p2a: Jellicent|Hex|p1a: Toxicroak
|-end|p1a: Toxicroak|Substitute
|
|-weather|RainDance|[upkeep]
|-heal|p1a: Toxicroak|91/100|[from] ability: Dry Skin
|-heal|p2a: Jellicent|22/100 tox|[from] item: Leftovers
|-damage|p2a: Jellicent|4/100 tox|[from] psn
|upkeep
|turn|18
|
|t:|1707860440
|move|p1a: Toxicroak|Substitute|p1a: Toxicroak
|-start|p1a: Toxicroak|Substitute
|-damage|p1a: Toxicroak|66/100
|move|p2a: Jellicent|Hex|p1a: Toxicroak
|-end|p1a: Toxicroak|Substitute
|
|-weather|RainDance|[upkeep]
|-heal|p1a: Toxicroak|78/100|[from] ability: Dry Skin
|-heal|p2a: Jellicent|10/100 tox|[from] item: Leftovers
|-damage|p2a: Jellicent|0 fnt|[from] psn
|faint|p2a: Jellicent
|upkeep
|
|t:|1707860443
|switch|p2a: Garchomp|Garchomp, M|100/100
|-damage|p2a: Garchomp|94/100|[from] Stealth Rock
|turn|19
|
|t:|1707860446
|switch|p1a: Landorus|Landorus-Therian, M|88/100
|-damage|p1a: Landorus|76/100|[from] Stealth Rock
|-ability|p1a: Landorus|Intimidate|boost
|-unboost|p2a: Garchomp|atk|1
|move|p2a: Garchomp|Earthquake|p1a: Landorus
|-immune|p1a: Landorus
|
|-weather|RainDance|[upkeep]
|upkeep
|turn|20
|
|t:|1707860450
|switch|p2a: Mamoswine|Mamoswine, M|100/100
|-damage|p2a: Mamoswine|88/100|[from] Stealth Rock
|move|p1a: Landorus|U-turn|p2a: Mamoswine
|-damage|p2a: Mamoswine|64/100
|
|t:|1707860453
|switch|p1a: Tentacruel|Tentacruel, F|100/100|[from] U-turn
|-damage|p1a: Tentacruel|88/100|[from] Stealth Rock
|
|-weather|RainDance|[upkeep]
|-heal|p1a: Tentacruel|94/100|[from] ability: Rain Dish
|-heal|p1a: Tentacruel|99/100|[from] item: Black Sludge
|upkeep
|turn|21
|-message|sirdotsalot forfeited.
|
|win|el janitor
|raw|el janitor's rating: 1451 &rarr; <strong>1466</strong><br />(+15 for winning)
|raw|sirdotsalot's rating: 1359 &rarr; <strong>1344</strong><br />(-15 for losing)
|l|☆sirdotsalot
|player|p2|
