|j|☆Croaset
|j|☆hp de may
|t:|1730143098
|gametype|singles
|player|p1|Croaset|elesa|1323
|player|p2|hp de may|schoolkid|1432
|teamsize|p1|6
|teamsize|p2|6
|gen|5
|tier|[Gen 5] OU
|rated|
|rule|Species Clause: Limit one of each Pokémon
|rule|OHKO Clause: OHKO moves are banned
|rule|Moody Clause: Moody is banned
|rule|Evasion Items Clause: Evasion items are banned
|rule|Evasion Moves Clause: Evasion moves are banned
|rule|Endless Battle Clause: Forcing endless battles is banned
|rule|HP Percentage Mod: HP is shown in percentages
|rule|Evasion Abilities Clause: Evasion abilities are banned
|rule|Sleep Moves Clause: Sleep-inducing moves are banned
|rule|Swagger Clause: Swagger is banned
|rule|Baton Pass Stat Clause: No Baton Passer may have a way to boost its stats
|clearpoke
|poke|p1|Reuniclus, F|item
|poke|p1|Skarmory, M|item
|poke|p1|Latios, M|item
|poke|p1|Tyranitar, M|item
|poke|p1|Cofagrigus, M|item
|poke|p1|Latias, F|item
|poke|p2|Terrakion|item
|poke|p2|Alakazam, M|item
|poke|p2|Latios, M|item
|poke|p2|Ferrothorn, M|item
|poke|p2|Landorus-Therian, M|item
|poke|p2|Tyranitar, M|item
|teampreview
|
|t:|1730143109
|start
|switch|p1a: Skarmory|Skarmory, M|100/100
|switch|p2a: Landorus|Landorus-Therian, M|100/100
|-ability|p2a: Landorus|Intimidate|boost
|-unboost|p1a: Skarmory|atk|1
|turn|1
|inactive|Battle timer is ON: inactive players will automatically lose when time's up. (requested by Croaset)
|
|t:|1730143113
|move|p2a: Landorus|Stealth Rock|p1a: Skarmory
|-sidestart|p1: Croaset|move: Stealth Rock
|move|p1a: Skarmory|Stealth Rock|p2a: Landorus
|-sidestart|p2: hp de may|move: Stealth Rock
|
|upkeep
|turn|2
|
|t:|1730143116
|move|p2a: Landorus|U-turn|p1a: Skarmory
|-resisted|p1a: Skarmory
|-damage|p1a: Skarmory|97/100
|
|t:|1730143118
|switch|p2a: Terrakion|Terrakion|100/100|[from] U-turn
|-damage|p2a: Terrakion|94/100|[from] Stealth Rock
|move|p1a: Skarmory|Spikes|p2a: Terrakion
|-sidestart|p2: hp de may|Spikes
|
|-heal|p1a: Skarmory|100/100|[from] item: Leftovers
|upkeep
|turn|3
|
|t:|1730143133
|move|p2a: Terrakion|Stone Edge|p1a: Skarmory
|-damage|p1a: Skarmory|62/100
|-damage|p2a: Terrakion|84/100|[from] item: Life Orb
|move|p1a: Skarmory|Whirlwind|p2a: Terrakion
|drag|p2a: Landorus|Landorus-Therian, M|100/100
|-damage|p2a: Landorus|88/100|[from] Stealth Rock
|-ability|p2a: Landorus|Intimidate|boost
|-unboost|p1a: Skarmory|atk|1
|
|-heal|p2a: Landorus|94/100|[from] item: Leftovers
|-heal|p1a: Skarmory|68/100|[from] item: Leftovers
|upkeep
|turn|4
|
|t:|1730143140
|move|p2a: Landorus|U-turn|p1a: Skarmory
|-resisted|p1a: Skarmory
|-crit|p1a: Skarmory
|-damage|p1a: Skarmory|62/100
|
|t:|1730143161
|switch|p2a: Latios|Latios, M|100/100|[from] U-turn
|-damage|p2a: Latios|88/100|[from] Stealth Rock
|move|p1a: Skarmory|Roost|p1a: Skarmory
|-heal|p1a: Skarmory|100/100
|-singleturn|p1a: Skarmory|move: Roost
|
|upkeep
|turn|5
|
|t:|1730143166
|switch|p1a: Tyranitar|Tyranitar, M|100/100
|-damage|p1a: Tyranitar|88/100|[from] Stealth Rock
|-weather|Sandstorm|[from] ability: Sand Stream|[of] p1a: Tyranitar
|move|p2a: Latios|Surf|p1a: Tyranitar
|-supereffective|p1a: Tyranitar
|-damage|p1a: Tyranitar|58/100
|
|-weather|Sandstorm|[upkeep]
|-damage|p2a: Latios|82/100|[from] Sandstorm
|upkeep
|turn|6
|
|t:|1730143171
|move|p2a: Latios|Surf|p1a: Tyranitar
|-supereffective|p1a: Tyranitar
|-damage|p1a: Tyranitar|28/100
|move|p1a: Tyranitar|Thunder Wave|p2a: Latios
|-status|p2a: Latios|par
|
|-weather|Sandstorm|[upkeep]
|-damage|p2a: Latios|76/100 par|[from] Sandstorm
|upkeep
|turn|7
|
|t:|1730143175
|move|p1a: Tyranitar|Pursuit|p2a: Latios
|-supereffective|p2a: Latios
|-enditem|p2a: Latios|Colbur Berry|[eat]
|-enditem|p2a: Latios|Colbur Berry|[weaken]
|-damage|p2a: Latios|50/100 par
|move|p2a: Latios|Surf|p1a: Tyranitar
|-supereffective|p1a: Tyranitar
|-damage|p1a: Tyranitar|0 fnt
|faint|p1a: Tyranitar
|
|-weather|Sandstorm|[upkeep]
|-damage|p2a: Latios|45/100 par|[from] Sandstorm
|upkeep
|
|t:|1730143183
|switch|p1a: Latias|Latias, F|100/100
|-damage|p1a: Latias|88/100|[from] Stealth Rock
|turn|8
|
|t:|1730143186
|switch|p2a: Ferrothorn|Ferrothorn, M|100/100
|-damage|p2a: Ferrothorn|94/100|[from] Stealth Rock
|-damage|p2a: Ferrothorn|82/100|[from] Spikes
|move|p1a: Latias|Calm Mind|p1a: Latias
|-boost|p1a: Latias|spa|1
|-boost|p1a: Latias|spd|1
|
|-weather|Sandstorm|[upkeep]
|-damage|p1a: Latias|82/100|[from] Sandstorm
|-heal|p1a: Latias|88/100|[from] item: Leftovers
|-heal|p2a: Ferrothorn|88/100|[from] item: Leftovers
|upkeep
|turn|9
|
|t:|1730143193
|move|p1a: Latias|Thunder Wave|p2a: Ferrothorn
|-status|p2a: Ferrothorn|par
|move|p2a: Ferrothorn|Gyro Ball|p1a: Latias
|-damage|p1a: Latias|40/100
|
|-weather|Sandstorm|[upkeep]
|-damage|p1a: Latias|34/100|[from] Sandstorm
|-heal|p1a: Latias|40/100|[from] item: Leftovers
|-heal|p2a: Ferrothorn|94/100 par|[from] item: Leftovers
|upkeep
|turn|10
|
|t:|1730143200
|move|p1a: Latias|Recover|p1a: Latias
|-heal|p1a: Latias|90/100
|move|p2a: Ferrothorn|Knock Off|p1a: Latias
|-supereffective|p1a: Latias
|-damage|p1a: Latias|81/100
|-enditem|p1a: Latias|Leftovers|[from] move: Knock Off|[of] p2a: Ferrothorn
|
|-weather|Sandstorm|[upkeep]
|-damage|p1a: Latias|75/100|[from] Sandstorm
|-heal|p2a: Ferrothorn|100/100 par|[from] item: Leftovers
|upkeep
|turn|11
|
|t:|1730143208
|switch|p2a: Tyranitar|Tyranitar, M|100/100
|-damage|p2a: Tyranitar|88/100|[from] Stealth Rock
|-damage|p2a: Tyranitar|76/100|[from] Spikes
|move|p1a: Latias|Calm Mind|p1a: Latias
|-boost|p1a: Latias|spa|1
|-boost|p1a: Latias|spd|1
|
|-weather|Sandstorm|[upkeep]
|-damage|p1a: Latias|69/100|[from] Sandstorm
|upkeep
|turn|12
|
|t:|1730143216
|move|p1a: Latias|Thunder Wave|p2a: Tyranitar
|-status|p2a: Tyranitar|par
|move|p2a: Tyranitar|Crunch|p1a: Latias
|-supereffective|p1a: Latias
|-damage|p1a: Latias|0 fnt
|faint|p1a: Latias
|
|-weather|Sandstorm|[upkeep]
|upkeep
|
|t:|1730143220
|switch|p1a: Skarmory|Skarmory, M|100/100
|-damage|p1a: Skarmory|88/100|[from] Stealth Rock
|turn|13
|
|t:|1730143229
|switch|p2a: Ferrothorn|Ferrothorn, M|100/100 par
|-damage|p2a: Ferrothorn|94/100 par|[from] Stealth Rock
|-damage|p2a: Ferrothorn|82/100 par|[from] Spikes
|move|p1a: Skarmory|Spikes|p2a: Ferrothorn
|-sidestart|p2: hp de may|Spikes
|
|-weather|Sandstorm|[upkeep]
|-heal|p1a: Skarmory|94/100|[from] item: Leftovers
|-heal|p2a: Ferrothorn|88/100 par|[from] item: Leftovers
|upkeep
|turn|14
|
|t:|1730143235
|move|p1a: Skarmory|Spikes|p2a: Ferrothorn
|-sidestart|p2: hp de may|Spikes
|move|p2a: Ferrothorn|Knock Off|p1a: Skarmory
|-resisted|p1a: Skarmory
|-damage|p1a: Skarmory|93/100
|-enditem|p1a: Skarmory|Leftovers|[from] move: Knock Off|[of] p2a: Ferrothorn
|
|-weather|Sandstorm|[upkeep]
|-heal|p2a: Ferrothorn|94/100 par|[from] item: Leftovers
|upkeep
|turn|15
|
|t:|1730143241
|move|p2a: Ferrothorn|Spikes|p1a: Skarmory
|-sidestart|p1: Croaset|Spikes
|move|p1a: Skarmory|Whirlwind|p2a: Ferrothorn
|drag|p2a: Landorus|Landorus-Therian, M|94/100
|-damage|p2a: Landorus|82/100|[from] Stealth Rock
|-ability|p2a: Landorus|Intimidate|boost
|-unboost|p1a: Skarmory|atk|1
|
|-weather|Sandstorm|[upkeep]
|-heal|p2a: Landorus|88/100|[from] item: Leftovers
|upkeep
|turn|16
|
|t:|1730143247
|move|p2a: Landorus|Hidden Power|p1a: Skarmory
|-damage|p1a: Skarmory|69/100
|move|p1a: Skarmory|Whirlwind|p2a: Landorus
|drag|p2a: Ferrothorn|Ferrothorn, M|94/100 par
|-damage|p2a: Ferrothorn|88/100 par|[from] Stealth Rock
|-damage|p2a: Ferrothorn|63/100 par|[from] Spikes
|
|-weather|Sandstorm|[upkeep]
|-heal|p2a: Ferrothorn|69/100 par|[from] item: Leftovers
|upkeep
|turn|17
|
|t:|1730143253
|move|p1a: Skarmory|Roost|p1a: Skarmory
|-heal|p1a: Skarmory|100/100
|-singleturn|p1a: Skarmory|move: Roost
|move|p2a: Ferrothorn|Gyro Ball|p1a: Skarmory
|-resisted|p1a: Skarmory
|-damage|p1a: Skarmory|85/100
|
|-weather|Sandstorm|[upkeep]
|-heal|p2a: Ferrothorn|75/100 par|[from] item: Leftovers
|upkeep
|turn|18
|
|t:|1730143256
|move|p2a: Ferrothorn|Spikes|p1a: Skarmory
|-sidestart|p1: Croaset|Spikes
|move|p1a: Skarmory|Whirlwind|p2a: Ferrothorn
|drag|p2a: Tyranitar|Tyranitar, M|76/100 par
|-damage|p2a: Tyranitar|63/100 par|[from] Stealth Rock
|-damage|p2a: Tyranitar|38/100 par|[from] Spikes
|
|-weather|Sandstorm|[upkeep]
|upkeep
|turn|19
|
|t:|1730143262
|move|p2a: Tyranitar|Thunder Wave|p1a: Skarmory
|-status|p1a: Skarmory|par
|cant|p1a: Skarmory|par
|
|-weather|Sandstorm|[upkeep]
|upkeep
|turn|20
|
|t:|1730143268
|move|p2a: Tyranitar|Superpower|p1a: Skarmory
|-crit|p1a: Skarmory
|-damage|p1a: Skarmory|39/100 par
|-unboost|p2a: Tyranitar|atk|1
|-unboost|p2a: Tyranitar|def|1
|move|p1a: Skarmory|Whirlwind|p2a: Tyranitar
|drag|p2a: Alakazam|Alakazam, M|100/100
|
|-weather|Sandstorm|[upkeep]
|upkeep
|turn|21
|
|t:|1730143280
|move|p2a: Alakazam|Focus Blast|p1a: Skarmory|[miss]
|-miss|p2a: Alakazam|p1a: Skarmory
|move|p1a: Skarmory|Roost|p1a: Skarmory
|-heal|p1a: Skarmory|89/100 par
|-singleturn|p1a: Skarmory|move: Roost
|
|-weather|Sandstorm|[upkeep]
|upkeep
|turn|22
|
|t:|1730143289
|switch|p1a: Cofagrigus|Cofagrigus, M, shiny|100/100
|-damage|p1a: Cofagrigus|88/100|[from] Stealth Rock
|-damage|p1a: Cofagrigus|71/100|[from] Spikes
|move|p2a: Alakazam|Encore||[still]
|-fail|p2a: Alakazam
|
|-weather|Sandstorm|[upkeep]
|-damage|p1a: Cofagrigus|65/100|[from] Sandstorm
|-heal|p1a: Cofagrigus|71/100|[from] item: Leftovers
|upkeep
|turn|23
|
|t:|1730143296
|switch|p2a: Ferrothorn|Ferrothorn, M|75/100 par
|-damage|p2a: Ferrothorn|69/100 par|[from] Stealth Rock
|-damage|p2a: Ferrothorn|44/100 par|[from] Spikes
|move|p1a: Cofagrigus|Knock Off|p2a: Ferrothorn
|-resisted|p2a: Ferrothorn
|-damage|p2a: Ferrothorn|43/100 par
|-damage|p1a: Cofagrigus|59/100|[from] ability: Iron Barbs|[of] p2a: Ferrothorn
|-enditem|p2a: Ferrothorn|Leftovers|[from] move: Knock Off|[of] p1a: Cofagrigus
|
|-weather|Sandstorm|[upkeep]
|-damage|p1a: Cofagrigus|53/100|[from] Sandstorm
|-heal|p1a: Cofagrigus|59/100|[from] item: Leftovers
|upkeep
|turn|24
|
|t:|1730143304
|switch|p1a: Skarmory|Skarmory, M|89/100 par
|-damage|p1a: Skarmory|77/100 par|[from] Stealth Rock
|move|p2a: Ferrothorn|Knock Off|p1a: Skarmory
|-resisted|p1a: Skarmory
|-damage|p1a: Skarmory|75/100 par
|
|-weather|Sandstorm|[upkeep]
|upkeep
|turn|25
|
|t:|1730143310
|move|p2a: Ferrothorn|Spikes|p1a: Skarmory
|-sidestart|p1: Croaset|Spikes
|move|p1a: Skarmory|Whirlwind|p2a: Ferrothorn
|drag|p2a: Tyranitar|Tyranitar, M|38/100 par
|-damage|p2a: Tyranitar|26/100 par|[from] Stealth Rock
|-damage|p2a: Tyranitar|1/100 par|[from] Spikes
|
|-weather|Sandstorm|[upkeep]
|upkeep
|turn|26
|
|t:|1730143317
|move|p1a: Skarmory|Roost|p1a: Skarmory
|-heal|p1a: Skarmory|100/100 par
|-singleturn|p1a: Skarmory|move: Roost
|move|p2a: Tyranitar|Superpower|p1a: Skarmory
|-supereffective|p1a: Skarmory
|-damage|p1a: Skarmory|54/100 par
|-unboost|p2a: Tyranitar|atk|1
|-unboost|p2a: Tyranitar|def|1
|
|-weather|Sandstorm|[upkeep]
|upkeep
|turn|27
|
|t:|1730143322
|cant|p1a: Skarmory|par
|move|p2a: Tyranitar|Superpower|p1a: Skarmory
|-damage|p1a: Skarmory|37/100 par
|-unboost|p2a: Tyranitar|atk|1
|-unboost|p2a: Tyranitar|def|1
|
|-weather|Sandstorm|[upkeep]
|upkeep
|turn|28
|
|t:|1730143325
|cant|p1a: Skarmory|par
|move|p2a: Tyranitar|Superpower|p1a: Skarmory
|-damage|p1a: Skarmory|26/100 par
|-unboost|p2a: Tyranitar|atk|1
|-unboost|p2a: Tyranitar|def|1
|
|-weather|Sandstorm|[upkeep]
|upkeep
|turn|29
|
|t:|1730143329
|cant|p1a: Skarmory|par
|move|p2a: Tyranitar|Superpower|p1a: Skarmory
|-damage|p1a: Skarmory|16/100 par
|-unboost|p2a: Tyranitar|atk|1
|-unboost|p2a: Tyranitar|def|1
|
|-weather|Sandstorm|[upkeep]
|upkeep
|turn|30
|
|t:|1730143332
|move|p1a: Skarmory|Roost|p1a: Skarmory
|-heal|p1a: Skarmory|66/100 par
|-singleturn|p1a: Skarmory|move: Roost
|move|p2a: Tyranitar|Superpower|p1a: Skarmory
|-supereffective|p1a: Skarmory
|-damage|p1a: Skarmory|50/100 par
|-unboost|p2a: Tyranitar|atk|1
|-unboost|p2a: Tyranitar|def|1
|
|-weather|Sandstorm|[upkeep]
|upkeep
|turn|31
|
|t:|1730143335
|move|p1a: Skarmory|Roost|p1a: Skarmory
|-heal|p1a: Skarmory|100/100 par
|-singleturn|p1a: Skarmory|move: Roost
|move|p2a: Tyranitar|Superpower|p1a: Skarmory
|-supereffective|p1a: Skarmory
|-damage|p1a: Skarmory|85/100 par
|-unboost|p2a: Tyranitar|atk|1
|-unboost|p2a: Tyranitar|def|1
|
|-weather|Sandstorm|[upkeep]
|upkeep
|turn|32
|
|t:|1730143339
|move|p2a: Tyranitar|Crunch|p1a: Skarmory
|-resisted|p1a: Skarmory
|-damage|p1a: Skarmory|82/100 par
|move|p1a: Skarmory|Whirlwind|p2a: Tyranitar
|drag|p2a: Alakazam|Alakazam, M|100/100
|
|-weather|Sandstorm|[upkeep]
|upkeep
|turn|33
|
|t:|1730143345
|switch|p2a: Landorus|Landorus-Therian, M|88/100
|-damage|p2a: Landorus|75/100|[from] Stealth Rock
|-ability|p2a: Landorus|Intimidate|boost
|-unboost|p1a: Skarmory|atk|1
|move|p1a: Skarmory|Whirlwind|p2a: Landorus
|drag|p2a: Latios|Latios, M|45/100 par
|-damage|p2a: Latios|32/100 par|[from] Stealth Rock
|
|-weather|Sandstorm|[upkeep]
|-damage|p2a: Latios|26/100 par|[from] Sandstorm
|upkeep
|turn|34
|
|t:|1730143352
|switch|p1a: Cofagrigus|Cofagrigus, M, shiny|59/100
|-damage|p1a: Cofagrigus|46/100|[from] Stealth Rock
|-damage|p1a: Cofagrigus|21/100|[from] Spikes
|move|p2a: Latios|Recover|p2a: Latios
|-heal|p2a: Latios|76/100 par
|
|-weather|Sandstorm|[upkeep]
|-damage|p1a: Cofagrigus|15/100|[from] Sandstorm
|-damage|p2a: Latios|70/100 par|[from] Sandstorm
|-heal|p1a: Cofagrigus|21/100|[from] item: Leftovers
|upkeep
|turn|35
|
|t:|1730143362
|switch|p2a: Tyranitar|Tyranitar, M|1/100 par
|-damage|p2a: Tyranitar|0 fnt|[from] Stealth Rock
|faint|p2a: Tyranitar
|move|p1a: Cofagrigus|Pain Split|p2: Tyranitar|[notarget]
|-fail|p1a: Cofagrigus
|
|-weather|Sandstorm|[upkeep]
|-damage|p1a: Cofagrigus|15/100|[from] Sandstorm
|-heal|p1a: Cofagrigus|21/100|[from] item: Leftovers
|upkeep
|
|t:|1730143372
|switch|p2a: Alakazam|Alakazam, M|100/100
|turn|36
|
|t:|1730143374
|move|p2a: Alakazam|Psychic|p1a: Cofagrigus
|-damage|p1a: Cofagrigus|0 fnt
|faint|p1a: Cofagrigus
|
|-weather|Sandstorm|[upkeep]
|upkeep
|
|t:|1730143380
|switch|p1a: Latios|Latios, M|100/100
|-damage|p1a: Latios|88/100|[from] Stealth Rock
|turn|37
|
|t:|1730143385
|switch|p2a: Ferrothorn|Ferrothorn, M|43/100 par
|-damage|p2a: Ferrothorn|37/100 par|[from] Stealth Rock
|-damage|p2a: Ferrothorn|12/100 par|[from] Spikes
|move|p1a: Latios|Thunder Wave|p2a: Ferrothorn
|-fail|p2a: Ferrothorn|par
|
|-weather|Sandstorm|[upkeep]
|-damage|p1a: Latios|82/100|[from] Sandstorm
|upkeep
|turn|38
|
|t:|1730143396
|move|p1a: Latios|Draco Meteor|p2a: Ferrothorn
|-resisted|p2a: Ferrothorn
|-crit|p2a: Ferrothorn
|-damage|p2a: Ferrothorn|0 fnt
|-unboost|p1a: Latios|spa|2
|faint|p2a: Ferrothorn
|
|-weather|Sandstorm|[upkeep]
|-damage|p1a: Latios|76/100|[from] Sandstorm
|upkeep
|j| Avatar Kony
|
|t:|1730143406
|switch|p2a: Terrakion|Terrakion|84/100
|-damage|p2a: Terrakion|78/100|[from] Stealth Rock
|-damage|p2a: Terrakion|53/100|[from] Spikes
|turn|39
|
|t:|1730143409
|move|p1a: Latios|Psychic|p2a: Terrakion
|-supereffective|p2a: Terrakion
|-damage|p2a: Terrakion|15/100
|-unboost|p2a: Terrakion|spd|1
|move|p2a: Terrakion|Stone Edge|p1a: Latios|[miss]
|-miss|p2a: Terrakion|p1a: Latios
|
|-weather|Sandstorm|[upkeep]
|-damage|p1a: Latios|70/100|[from] Sandstorm
|upkeep
|turn|40
|
|t:|1730143417
|move|p1a: Latios|Psychic|p2a: Terrakion
|-supereffective|p2a: Terrakion
|-damage|p2a: Terrakion|0 fnt
|faint|p2a: Terrakion
|
|-weather|Sandstorm|[upkeep]
|-damage|p1a: Latios|64/100|[from] Sandstorm
|upkeep
|
|t:|1730143422
|switch|p2a: Landorus|Landorus-Therian, M|75/100
|-damage|p2a: Landorus|63/100|[from] Stealth Rock
|-ability|p2a: Landorus|Intimidate|boost
|-unboost|p1a: Latios|atk|1
|turn|41
|
|t:|1730143426
|switch|p1a: Skarmory|Skarmory, M|82/100 par
|-damage|p1a: Skarmory|70/100 par|[from] Stealth Rock
|move|p2a: Landorus|Hidden Power|p1a: Skarmory
|-crit|p1a: Skarmory
|-damage|p1a: Skarmory|23/100 par
|
|-weather|Sandstorm|[upkeep]
|-heal|p2a: Landorus|69/100|[from] item: Leftovers
|upkeep
|turn|42
|
|t:|1730143429
|move|p2a: Landorus|Hidden Power|p1a: Skarmory
|-damage|p1a: Skarmory|0 fnt
|faint|p1a: Skarmory
|
|-weather|Sandstorm|[upkeep]
|-heal|p2a: Landorus|75/100|[from] item: Leftovers
|upkeep
|
|t:|1730143431
|switch|p1a: Latios|Latios, M|64/100
|-damage|p1a: Latios|52/100|[from] Stealth Rock
|turn|43
|
|t:|1730143438
|move|p1a: Latios|Surf|p2a: Landorus
|-supereffective|p2a: Landorus
|-damage|p2a: Landorus|0 fnt
|faint|p2a: Landorus
|
|-weather|Sandstorm|[upkeep]
|-damage|p1a: Latios|46/100|[from] Sandstorm
|upkeep
|
|t:|1730143444
|switch|p2a: Alakazam|Alakazam, M|100/100
|turn|44
|
|t:|1730143447
|move|p2a: Alakazam|Hidden Power|p1a: Latios
|-supereffective|p1a: Latios
|-damage|p1a: Latios|0 fnt
|faint|p1a: Latios
|
|-weather|Sandstorm|[upkeep]
|upkeep
|
|t:|1730143449
|switch|p1a: Reuniclus|Reuniclus, F, shiny|100/100
|turn|45
|
|t:|1730143452
|move|p2a: Alakazam|Hidden Power|p1a: Reuniclus
|-damage|p1a: Reuniclus|77/100
|move|p1a: Reuniclus|Calm Mind|p1a: Reuniclus
|-boost|p1a: Reuniclus|spa|1
|-boost|p1a: Reuniclus|spd|1
|
|-weather|Sandstorm|[upkeep]
|-heal|p1a: Reuniclus|83/100|[from] item: Leftovers
|upkeep
|turn|46
|
|t:|1730143456
|move|p2a: Alakazam|Encore|p1a: Reuniclus
|-start|p1a: Reuniclus|Encore
|move|p1a: Reuniclus|Calm Mind|p1a: Reuniclus
|-boost|p1a: Reuniclus|spa|1
|-boost|p1a: Reuniclus|spd|1
|
|-weather|Sandstorm|[upkeep]
|-heal|p1a: Reuniclus|89/100|[from] item: Leftovers
|upkeep
|turn|47
|
|t:|1730143459
|move|p2a: Alakazam|Hidden Power|p1a: Reuniclus
|-damage|p1a: Reuniclus|77/100
|move|p1a: Reuniclus|Calm Mind|p1a: Reuniclus
|-boost|p1a: Reuniclus|spa|1
|-boost|p1a: Reuniclus|spd|1
|
|-weather|Sandstorm|[upkeep]
|-heal|p1a: Reuniclus|84/100|[from] item: Leftovers
|upkeep
|turn|48
|
|t:|1730143462
|move|p2a: Alakazam|Hidden Power|p1a: Reuniclus
|-damage|p1a: Reuniclus|74/100
|move|p1a: Reuniclus|Calm Mind|p1a: Reuniclus
|-boost|p1a: Reuniclus|spa|1
|-boost|p1a: Reuniclus|spd|1
|
|-weather|Sandstorm|[upkeep]
|-heal|p1a: Reuniclus|80/100|[from] item: Leftovers
|-end|p1a: Reuniclus|Encore
|upkeep
|turn|49
|
|t:|1730143465
|move|p2a: Alakazam|Encore|p1a: Reuniclus
|-start|p1a: Reuniclus|Encore
|move|p1a: Reuniclus|Calm Mind|p1a: Reuniclus
|-boost|p1a: Reuniclus|spa|1
|-boost|p1a: Reuniclus|spd|1
|
|-weather|Sandstorm|[upkeep]
|-heal|p1a: Reuniclus|87/100|[from] item: Leftovers
|upkeep
|turn|50
|
|t:|1730143474
|move|p2a: Alakazam|Hidden Power|p1a: Reuniclus
|-damage|p1a: Reuniclus|80/100
|move|p1a: Reuniclus|Calm Mind|p1a: Reuniclus
|-boost|p1a: Reuniclus|spa|1
|-boost|p1a: Reuniclus|spd|1
|
|-weather|Sandstorm|[upkeep]
|-heal|p1a: Reuniclus|86/100|[from] item: Leftovers
|upkeep
|turn|51
|
|t:|1730143476
|move|p2a: Alakazam|Hidden Power|p1a: Reuniclus
|-damage|p1a: Reuniclus|80/100
|move|p1a: Reuniclus|Calm Mind|p1a: Reuniclus
|-boost|p1a: Reuniclus|spa|0
|-boost|p1a: Reuniclus|spd|0
|
|-weather|Sandstorm|[upkeep]
|-heal|p1a: Reuniclus|86/100|[from] item: Leftovers
|-end|p1a: Reuniclus|Encore
|upkeep
|turn|52
|
|t:|1730143478
|move|p2a: Alakazam|Encore|p1a: Reuniclus
|-start|p1a: Reuniclus|Encore
|move|p1a: Reuniclus|Calm Mind|p1a: Reuniclus
|-boost|p1a: Reuniclus|spa|0
|-boost|p1a: Reuniclus|spd|0
|
|-weather|Sandstorm|[upkeep]
|-heal|p1a: Reuniclus|92/100|[from] item: Leftovers
|upkeep
|turn|53
|
|t:|1730143480
|move|p2a: Alakazam|Hidden Power|p1a: Reuniclus
|-damage|p1a: Reuniclus|86/100
|move|p1a: Reuniclus|Calm Mind|p1a: Reuniclus
|-boost|p1a: Reuniclus|spa|0
|-boost|p1a: Reuniclus|spd|0
|
|-weather|Sandstorm|[upkeep]
|-heal|p1a: Reuniclus|92/100|[from] item: Leftovers
|upkeep
|turn|54
|
|t:|1730143482
|move|p2a: Alakazam|Hidden Power|p1a: Reuniclus
|-damage|p1a: Reuniclus|86/100
|move|p1a: Reuniclus|Calm Mind|p1a: Reuniclus
|-boost|p1a: Reuniclus|spa|0
|-boost|p1a: Reuniclus|spd|0
|
|-weather|Sandstorm|[upkeep]
|-heal|p1a: Reuniclus|92/100|[from] item: Leftovers
|-end|p1a: Reuniclus|Encore
|upkeep
|turn|55
|
|t:|1730143483
|move|p2a: Alakazam|Hidden Power|p1a: Reuniclus
|-damage|p1a: Reuniclus|86/100
|move|p1a: Reuniclus|Psyshock|p2a: Alakazam
|-resisted|p2a: Alakazam
|-enditem|p2a: Alakazam|Focus Sash
|-damage|p2a: Alakazam|1/100
|
|-weather|Sandstorm|[upkeep]
|-heal|p1a: Reuniclus|92/100|[from] item: Leftovers
|upkeep
|turn|56
|-message|hp de may forfeited.
|
|win|Croaset
|raw|Croaset's rating: 1323 &rarr; <strong>1349</strong><br />(+26 for winning)
|raw|hp de may's rating: 1432 &rarr; <strong>1406</strong><br />(-26 for losing)
|l|☆hp de may
|player|p2|
