|j|☆LadderGod1
|j|‽nb41 st
|t:|1726496921
|gametype|singles
|player|p1|LadderGod1|169|1352
|player|p2|nb41 st|170|1443
|teamsize|p1|6
|teamsize|p2|6
|gen|5
|tier|[Gen 5] OU
|rated|
|rule|Species Clause: Limit one of each Pokémon
|rule|OHKO Clause: OHKO moves are banned
|rule|Moody Clause: Moody is banned
|rule|Evasion Items Clause: Evasion items are banned
|rule|Evasion Moves Clause: Evasion moves are banned
|rule|Endless Battle Clause: Forcing endless battles is banned
|rule|HP Percentage Mod: HP is shown in percentages
|rule|Evasion Abilities Clause: Evasion abilities are banned
|rule|Sleep Moves Clause: Sleep-inducing moves are banned
|rule|Swagger Clause: Swagger is banned
|rule|Baton Pass Stat Clause: No Baton Passer may have a way to boost its stats
|clearpoke
|poke|p1|Ferrothorn, F|item
|poke|p1|Politoed, M|item
|poke|p1|Heatran, M|item
|poke|p1|Salamence, M|item
|poke|p1|Gliscor, F|item
|poke|p1|Hydreigon, F|item
|poke|p2|Tyranitar, M|item
|poke|p2|Latias, F|item
|poke|p2|Rotom-Wash|item
|poke|p2|Alakazam, M|item
|poke|p2|Landorus-Therian, M|item
|poke|p2|Excadrill, M|item
|teampreview
|inactive|Battle timer is ON: inactive players will automatically lose when time's up. (requested by LadderGod1)
|
|t:|1726496935
|start
|switch|p1a: Hydreigon|Hydreigon, F|100/100
|switch|p2a: Rotom|Rotom-Wash|100/100
|turn|1
|
|t:|1726496942
|switch|p2a: Tyranitar|Tyranitar, M|100/100
|-weather|Sandstorm|[from] ability: Sand Stream|[of] p2a: Tyranitar
|move|p1a: Hydreigon|Draco Meteor|p2a: Tyranitar
|-damage|p2a: Tyranitar|65/100
|-unboost|p1a: Hydreigon|spa|2
|
|-weather|Sandstorm|[upkeep]
|-damage|p1a: Hydreigon|94/100|[from] Sandstorm
|upkeep
|turn|2
|
|t:|1726496953
|switch|p1a: Ferrothorn|Ferrothorn, F|100/100
|move|p2a: Tyranitar|Stealth Rock|p1a: Ferrothorn
|-sidestart|p1: LadderGod1|move: Stealth Rock
|
|-weather|Sandstorm|[upkeep]
|upkeep
|turn|3
|
|t:|1726496961
|switch|p2a: Excadrill|Excadrill, M|100/100
|move|p1a: Ferrothorn|Stealth Rock|p2a: Excadrill
|-sidestart|p2: nb41 st|move: Stealth Rock
|
|-weather|Sandstorm|[upkeep]
|upkeep
|turn|4
|
|t:|1726496970
|move|p2a: Excadrill|Substitute|p2a: Excadrill
|-start|p2a: Excadrill|Substitute
|-damage|p2a: Excadrill|76/100
|move|p1a: Ferrothorn|Leech Seed||[still]
|-fail|p1a: Ferrothorn
|
|-weather|Sandstorm|[upkeep]
|-heal|p2a: Excadrill|82/100|[from] item: Leftovers
|upkeep
|turn|5
|
|t:|1726496975
|move|p2a: Excadrill|Earthquake|p1a: Ferrothorn
|-damage|p1a: Ferrothorn|58/100
|move|p1a: Ferrothorn|Power Whip|p2a: Excadrill
|-end|p2a: Excadrill|Substitute
|
|-weather|Sandstorm|[upkeep]
|-heal|p2a: Excadrill|88/100|[from] item: Leftovers
|-heal|p1a: Ferrothorn|65/100|[from] item: Leftovers
|upkeep
|turn|6
|
|t:|1726496981
|move|p2a: Excadrill|Earthquake|p1a: Ferrothorn
|-damage|p1a: Ferrothorn|23/100
|move|p1a: Ferrothorn|Power Whip|p2a: Excadrill
|-damage|p2a: Excadrill|29/100
|
|-weather|Sandstorm|[upkeep]
|-heal|p2a: Excadrill|35/100|[from] item: Leftovers
|-heal|p1a: Ferrothorn|29/100|[from] item: Leftovers
|upkeep
|turn|7
|
|t:|1726496989
|switch|p1a: Gliscor|Gliscor, F|100/100
|-damage|p1a: Gliscor|88/100|[from] Stealth Rock
|move|p2a: Excadrill|Substitute|p2a: Excadrill
|-start|p2a: Excadrill|Substitute
|-damage|p2a: Excadrill|10/100
|
|-weather|Sandstorm|[upkeep]
|-heal|p2a: Excadrill|17/100|[from] item: Leftovers
|-status|p1a: Gliscor|tox|[from] item: Toxic Orb
|upkeep
|turn|8
|
|t:|1726496996
|move|p2a: Excadrill|Iron Head|p1a: Gliscor
|-damage|p1a: Gliscor|52/100 tox
|cant|p1a: Gliscor|flinch
|
|-weather|Sandstorm|[upkeep]
|-heal|p2a: Excadrill|23/100|[from] item: Leftovers
|-heal|p1a: Gliscor|65/100 tox|[from] ability: Poison Heal
|upkeep
|turn|9
|
|t:|1726497002
|move|p1a: Gliscor|Protect|p1a: Gliscor
|-singleturn|p1a: Gliscor|Protect
|move|p2a: Excadrill|Iron Head|p1a: Gliscor
|-activate|p1a: Gliscor|move: Protect
|
|-weather|Sandstorm|[upkeep]
|-heal|p2a: Excadrill|29/100|[from] item: Leftovers
|-heal|p1a: Gliscor|77/100 tox|[from] ability: Poison Heal
|upkeep
|turn|10
|
|t:|1726497006
|move|p2a: Excadrill|Iron Head|p1a: Gliscor
|-damage|p1a: Gliscor|41/100 tox
|move|p1a: Gliscor|Earthquake|p2a: Excadrill
|-supereffective|p2a: Excadrill
|-end|p2a: Excadrill|Substitute
|
|-weather|Sandstorm|[upkeep]
|-heal|p2a: Excadrill|35/100|[from] item: Leftovers
|-heal|p1a: Gliscor|53/100 tox|[from] ability: Poison Heal
|upkeep
|turn|11
|
|t:|1726497014
|switch|p2a: Latias|Latias, F|100/100
|-damage|p2a: Latias|88/100|[from] Stealth Rock
|move|p1a: Gliscor|Earthquake|p2a: Latias
|-immune|p2a: Latias|[from] ability: Levitate
|
|-weather|Sandstorm|[upkeep]
|-damage|p2a: Latias|82/100|[from] Sandstorm
|-heal|p1a: Gliscor|65/100 tox|[from] ability: Poison Heal
|upkeep
|turn|12
|
|t:|1726497020
|move|p1a: Gliscor|Protect|p1a: Gliscor
|-singleturn|p1a: Gliscor|Protect
|move|p2a: Latias|Ice Beam|p1a: Gliscor
|-activate|p1a: Gliscor|move: Protect
|
|-weather|Sandstorm|[upkeep]
|-damage|p2a: Latias|76/100|[from] Sandstorm
|-heal|p1a: Gliscor|78/100 tox|[from] ability: Poison Heal
|upkeep
|turn|13
|
|t:|1726497035
|switch|p1a: Heatran|Heatran, M|100/100
|-damage|p1a: Heatran|88/100|[from] Stealth Rock
|-item|p1a: Heatran|Air Balloon
|move|p2a: Latias|Thunder Wave|p1a: Heatran
|-status|p1a: Heatran|par
|
|-weather|Sandstorm|[upkeep]
|-damage|p2a: Latias|70/100|[from] Sandstorm
|upkeep
|turn|14
|
|t:|1726497041
|move|p2a: Latias|Ice Beam|p1a: Heatran
|-resisted|p1a: Heatran
|-damage|p1a: Heatran|83/100 par
|-enditem|p1a: Heatran|Air Balloon
|move|p1a: Heatran|Magma Storm|p2a: Latias|[miss]
|-miss|p1a: Heatran|p2a: Latias
|
|-weather|Sandstorm|[upkeep]
|-damage|p2a: Latias|64/100|[from] Sandstorm
|upkeep
|turn|15
|
|t:|1726497057
|move|p2a: Latias|Recover|p2a: Latias
|-heal|p2a: Latias|100/100
|move|p1a: Heatran|Magma Storm|p2a: Latias|[miss]
|-miss|p1a: Heatran|p2a: Latias
|
|-weather|Sandstorm|[upkeep]
|-damage|p2a: Latias|94/100|[from] Sandstorm
|upkeep
|turn|16
|
|t:|1726497065
|switch|p2a: Rotom|Rotom-Wash|100/100
|-damage|p2a: Rotom|88/100|[from] Stealth Rock
|move|p1a: Heatran|Magma Storm|p2a: Rotom
|-resisted|p2a: Rotom
|-damage|p2a: Rotom|51/100
|-activate|p2a: Rotom|move: Magma Storm|[of] p1a: Heatran
|
|-weather|Sandstorm|[upkeep]
|-damage|p2a: Rotom|45/100|[from] Sandstorm
|-heal|p2a: Rotom|51/100|[from] item: Leftovers
|-damage|p2a: Rotom|45/100|[from] move: Magma Storm|[partiallytrapped]
|upkeep
|turn|17
|
|t:|1726497074
|move|p1a: Heatran|Protect|p1a: Heatran
|-singleturn|p1a: Heatran|Protect
|move|p2a: Rotom|Volt Switch|p1a: Heatran
|-activate|p1a: Heatran|move: Protect
|
|-weather|Sandstorm|[upkeep]
|-damage|p2a: Rotom|39/100|[from] Sandstorm
|-heal|p2a: Rotom|45/100|[from] item: Leftovers
|-damage|p2a: Rotom|39/100|[from] move: Magma Storm|[partiallytrapped]
|upkeep
|turn|18
|
|t:|1726497085
|move|p2a: Rotom|Volt Switch|p1a: Heatran
|-crit|p1a: Heatran
|-damage|p1a: Heatran|42/100 par
|
|t:|1726497089
|switch|p2a: Latias|Latias, F|94/100|[from] Volt Switch
|-damage|p2a: Latias|82/100|[from] Stealth Rock
|move|p1a: Heatran|Magma Storm|p2a: Latias
|-resisted|p2a: Latias
|-damage|p2a: Latias|55/100
|-activate|p2a: Latias|move: Magma Storm|[of] p1a: Heatran
|
|-weather|Sandstorm|[upkeep]
|-damage|p2a: Latias|49/100|[from] Sandstorm
|-damage|p2a: Latias|43/100|[from] move: Magma Storm|[partiallytrapped]
|upkeep
|turn|19
|c|☆LadderGod1|how lucky are u
|j| Gump Furret
|c|☆LadderGod1|jesus
|
|t:|1726497100
|move|p2a: Latias|Recover|p2a: Latias
|-heal|p2a: Latias|93/100
|move|p1a: Heatran|Flash Cannon|p2a: Latias
|-damage|p2a: Latias|58/100
|-unboost|p2a: Latias|spd|1
|
|-weather|Sandstorm|[upkeep]
|-damage|p2a: Latias|52/100|[from] Sandstorm
|-damage|p2a: Latias|46/100|[from] move: Magma Storm|[partiallytrapped]
|upkeep
|turn|20
|
|t:|1726497108
|move|p2a: Latias|Recover|p2a: Latias
|-heal|p2a: Latias|96/100
|move|p1a: Heatran|Flash Cannon|p2a: Latias
|-damage|p2a: Latias|48/100
|
|-weather|Sandstorm|[upkeep]
|-damage|p2a: Latias|42/100|[from] Sandstorm
|-damage|p2a: Latias|36/100|[from] move: Magma Storm|[partiallytrapped]
|upkeep
|turn|21
|
|t:|1726497112
|move|p2a: Latias|Recover|p2a: Latias
|-heal|p2a: Latias|86/100
|move|p1a: Heatran|Flash Cannon|p2a: Latias
|-damage|p2a: Latias|31/100
|
|-weather|Sandstorm|[upkeep]
|-damage|p2a: Latias|25/100|[from] Sandstorm
|-damage|p2a: Latias|19/100|[from] move: Magma Storm|[partiallytrapped]
|upkeep
|turn|22
|
|t:|1726497116
|move|p2a: Latias|Draco Meteor|p1a: Heatran
|-resisted|p1a: Heatran
|-damage|p1a: Heatran|21/100 par
|-unboost|p2a: Latias|spa|2
|move|p1a: Heatran|Flash Cannon|p2a: Latias
|-damage|p2a: Latias|0 fnt
|faint|p2a: Latias
|
|-weather|Sandstorm|[upkeep]
|upkeep
|
|t:|1726497122
|switch|p2a: Excadrill|Excadrill, M|35/100
|-damage|p2a: Excadrill|32/100|[from] Stealth Rock
|turn|23
|
|t:|1726497131
|switch|p1a: Gliscor|Gliscor, F|78/100 tox
|-damage|p1a: Gliscor|65/100 tox|[from] Stealth Rock
|move|p2a: Excadrill|Substitute|p2a: Excadrill
|-start|p2a: Excadrill|Substitute
|-damage|p2a: Excadrill|7/100
|
|-weather|Sandstorm|[upkeep]
|-heal|p2a: Excadrill|13/100|[from] item: Leftovers
|-heal|p1a: Gliscor|78/100 tox|[from] ability: Poison Heal
|upkeep
|turn|24
|
|t:|1726497141
|move|p2a: Excadrill|Iron Head|p1a: Gliscor
|-damage|p1a: Gliscor|37/100 tox
|move|p1a: Gliscor|Earthquake|p2a: Excadrill
|-supereffective|p2a: Excadrill
|-end|p2a: Excadrill|Substitute
|
|-weather|Sandstorm|[upkeep]
|-heal|p2a: Excadrill|19/100|[from] item: Leftovers
|-heal|p1a: Gliscor|49/100 tox|[from] ability: Poison Heal
|upkeep
|turn|25
|
|t:|1726497150
|move|p2a: Excadrill|Iron Head|p1a: Gliscor
|-damage|p1a: Gliscor|13/100 tox
|move|p1a: Gliscor|Earthquake|p2a: Excadrill
|-supereffective|p2a: Excadrill
|-damage|p2a: Excadrill|0 fnt
|faint|p2a: Excadrill
|
|-weather|Sandstorm|[upkeep]
|-heal|p1a: Gliscor|25/100 tox|[from] ability: Poison Heal
|upkeep
|
|t:|1726497157
|switch|p2a: Alakazam|Alakazam, M|100/100
|turn|26
|
|t:|1726497162
|move|p1a: Gliscor|Protect|p1a: Gliscor
|-singleturn|p1a: Gliscor|Protect
|move|p2a: Alakazam|Hidden Power|p1a: Gliscor
|-activate|p1a: Gliscor|move: Protect
|
|-weather|Sandstorm|[upkeep]
|-heal|p1a: Gliscor|38/100 tox|[from] ability: Poison Heal
|upkeep
|turn|27
|
|t:|1726497172
|switch|p1a: Heatran|Heatran, M|21/100 par
|-damage|p1a: Heatran|8/100 par|[from] Stealth Rock
|move|p2a: Alakazam|Psychic|p1a: Heatran
|-resisted|p1a: Heatran
|-damage|p1a: Heatran|0 fnt
|faint|p1a: Heatran
|
|-weather|Sandstorm|[upkeep]
|upkeep
|
|t:|1726497186
|switch|p1a: Politoed|Politoed, M|100/100
|-damage|p1a: Politoed|88/100|[from] Stealth Rock
|turn|28
|
|t:|1726497189
|switch|p2a: Rotom|Rotom-Wash|39/100
|-damage|p2a: Rotom|27/100|[from] Stealth Rock
|move|p1a: Politoed|Scald|p2a: Rotom
|-resisted|p2a: Rotom
|-damage|p2a: Rotom|14/100
|-status|p2a: Rotom|brn
|
|-weather|Sandstorm|[upkeep]
|-damage|p2a: Rotom|8/100 brn|[from] Sandstorm
|-damage|p1a: Politoed|82/100|[from] Sandstorm
|-heal|p2a: Rotom|14/100 brn|[from] item: Leftovers
|-heal|p1a: Politoed|88/100|[from] item: Leftovers
|-damage|p2a: Rotom|2/100 brn|[from] brn
|upkeep
|turn|29
|
|t:|1726497194
|move|p1a: Politoed|Protect|p1a: Politoed
|-singleturn|p1a: Politoed|Protect
|move|p2a: Rotom|Pain Split|p1a: Politoed
|-activate|p1a: Politoed|move: Protect
|
|-weather|Sandstorm|[upkeep]
|-damage|p2a: Rotom|0 fnt|[from] Sandstorm
|-damage|p1a: Politoed|82/100|[from] Sandstorm
|faint|p2a: Rotom
|-heal|p1a: Politoed|88/100|[from] item: Leftovers
|upkeep
|
|t:|1726497197
|switch|p2a: Alakazam|Alakazam, M|100/100
|turn|30
|
|t:|1726497205
|move|p2a: Alakazam|Encore|p1a: Politoed
|-start|p1a: Politoed|Encore
|move|p1a: Politoed|Protect||[still]
|-fail|p1a: Politoed
|
|-weather|Sandstorm|[upkeep]
|-damage|p1a: Politoed|82/100|[from] Sandstorm
|-heal|p1a: Politoed|88/100|[from] item: Leftovers
|upkeep
|turn|31
|
|t:|1726497215
|switch|p1a: Ferrothorn|Ferrothorn, F|29/100
|-damage|p1a: Ferrothorn|23/100|[from] Stealth Rock
|move|p2a: Alakazam|Hidden Power|p1a: Ferrothorn
|-damage|p1a: Ferrothorn|0 fnt
|faint|p1a: Ferrothorn
|
|-weather|Sandstorm|[upkeep]
|upkeep
|
|t:|1726497219
|switch|p1a: Politoed|Politoed, M|88/100
|-damage|p1a: Politoed|75/100|[from] Stealth Rock
|turn|32
|
|t:|1726497226
|switch|p2a: Tyranitar|Tyranitar, M|65/100
|-damage|p2a: Tyranitar|52/100|[from] Stealth Rock
|move|p1a: Politoed|Scald|p2a: Tyranitar
|-supereffective|p2a: Tyranitar
|-damage|p2a: Tyranitar|31/100
|
|-weather|Sandstorm|[upkeep]
|-damage|p1a: Politoed|69/100|[from] Sandstorm
|-heal|p1a: Politoed|75/100|[from] item: Leftovers
|upkeep
|turn|33
|
|t:|1726497231
|move|p1a: Politoed|Scald|p2a: Tyranitar
|-supereffective|p2a: Tyranitar
|-damage|p2a: Tyranitar|9/100
|move|p2a: Tyranitar|Crunch|p1a: Politoed
|-damage|p1a: Politoed|34/100
|
|-weather|Sandstorm|[upkeep]
|-damage|p1a: Politoed|28/100|[from] Sandstorm
|-heal|p1a: Politoed|34/100|[from] item: Leftovers
|upkeep
|turn|34
|
|t:|1726497239
|move|p1a: Politoed|Scald|p2a: Tyranitar
|-supereffective|p2a: Tyranitar
|-damage|p2a: Tyranitar|0 fnt
|faint|p2a: Tyranitar
|
|-weather|Sandstorm|[upkeep]
|-damage|p1a: Politoed|28/100|[from] Sandstorm
|-heal|p1a: Politoed|34/100|[from] item: Leftovers
|upkeep
|
|t:|1726497241
|switch|p2a: Alakazam|Alakazam, M|100/100
|turn|35
|
|t:|1726497243
|move|p2a: Alakazam|Psychic|p1a: Politoed
|-damage|p1a: Politoed|0 fnt
|faint|p1a: Politoed
|
|-weather|Sandstorm|[upkeep]
|upkeep
|
|t:|1726497246
|switch|p1a: Salamence|Salamence, M|100/100
|-damage|p1a: Salamence|76/100|[from] Stealth Rock
|turn|36
|
|t:|1726497251
|move|p2a: Alakazam|Hidden Power|p1a: Salamence
|-supereffective|p1a: Salamence
|-damage|p1a: Salamence|0 fnt
|faint|p1a: Salamence
|
|-weather|Sandstorm|[upkeep]
|upkeep
|
|t:|1726497254
|switch|p1a: Hydreigon|Hydreigon, F|94/100
|-damage|p1a: Hydreigon|82/100|[from] Stealth Rock
|turn|37
|
|t:|1726497262
|switch|p2a: Landorus|Landorus-Therian, M|100/100
|-damage|p2a: Landorus|88/100|[from] Stealth Rock
|-ability|p2a: Landorus|Intimidate|boost
|-unboost|p1a: Hydreigon|atk|1
|move|p1a: Hydreigon|Dark Pulse|p2a: Landorus
|-damage|p2a: Landorus|26/100
|
|-weather|Sandstorm|[upkeep]
|-damage|p1a: Hydreigon|76/100|[from] Sandstorm
|upkeep
|turn|38
|
|t:|1726497268
|move|p1a: Hydreigon|Dark Pulse|p2a: Landorus
|-damage|p2a: Landorus|0 fnt
|faint|p2a: Landorus
|
|-weather|Sandstorm|[upkeep]
|-damage|p1a: Hydreigon|70/100|[from] Sandstorm
|upkeep
|
|t:|1726497274
|switch|p2a: Alakazam|Alakazam, M|100/100
|turn|39
|
|t:|1726497280
|move|p1a: Hydreigon|Dark Pulse|p2a: Alakazam
|-supereffective|p2a: Alakazam
|-enditem|p2a: Alakazam|Focus Sash
|-damage|p2a: Alakazam|1/100
|cant|p2a: Alakazam|flinch
|
|-weather|Sandstorm|[upkeep]
|-damage|p1a: Hydreigon|64/100|[from] Sandstorm
|upkeep
|turn|40
|
|t:|1726497287
|move|p1a: Hydreigon|Dark Pulse|p2a: Alakazam
|-supereffective|p2a: Alakazam
|-damage|p2a: Alakazam|0 fnt
|faint|p2a: Alakazam
|
|win|LadderGod1
|raw|LadderGod1's rating: 1352 &rarr; <strong>1377</strong><br />(+25 for winning)
|raw|nb41 st's rating: 1443 &rarr; <strong>1418</strong><br />(-25 for losing)
