|j|☆sidis
|j|☆when it shutdown
|t:|1706217257
|gametype|singles
|player|p1|sidis|iris|1364
|player|p2|when it shutdown|rosa|1467
|teamsize|p1|6
|teamsize|p2|6
|gen|5
|tier|[Gen 5] OU
|rated|
|rule|Species Clause: Limit one of each Pokémon
|rule|OHKO Clause: OHKO moves are banned
|rule|Moody Clause: Moody is banned
|rule|Evasion Items Clause: Evasion items are banned
|rule|Evasion Moves Clause: Evasion moves are banned
|rule|Endless Battle Clause: Forcing endless battles is banned
|rule|HP Percentage Mod: HP is shown in percentages
|rule|Evasion Abilities Clause: Evasion abilities are banned
|rule|Sleep Moves Clause: Sleep-inducing moves are banned
|rule|Swagger Clause: Swagger is banned
|rule|Baton Pass Stat Clause: No Baton Passer may have a way to boost its stats
|clearpoke
|poke|p1|Politoed, F|item
|poke|p1|Keldeo-Resolute|item
|poke|p1|Ferrothorn, M|item
|poke|p1|Dragonite, M|item
|poke|p1|Jirachi|item
|poke|p1|Starmie|item
|poke|p2|Tyranitar, M|item
|poke|p2|Ferrothorn, M|item
|poke|p2|Alakazam, M|item
|poke|p2|Rotom-Wash|item
|poke|p2|Terrakion|item
|poke|p2|Landorus-Therian, M|item
|teampreview
|inactive|Battle timer is ON: inactive players will automatically lose when time's up. (requested by when it shutdown)
|
|t:|1706217286
|start
|switch|p1a: Dragonite|Dragonite, M|100/100
|switch|p2a: Terrakion|Terrakion|100/100
|turn|1
|
|t:|1706217295
|switch|p1a: Ferrothorn|Ferrothorn, M|100/100
|move|p2a: Terrakion|Stone Edge|p1a: Ferrothorn
|-resisted|p1a: Ferrothorn
|-damage|p1a: Ferrothorn|70/100
|
|-heal|p1a: Ferrothorn|76/100|[from] item: Leftovers
|upkeep
|turn|2
|inactive|sidis has 120 seconds left.
|
|t:|1706217328
|switch|p2a: Rotom|Rotom-Wash|100/100
|move|p1a: Ferrothorn|Stealth Rock|p2a: Rotom
|-sidestart|p2: when it shutdown|move: Stealth Rock
|
|-heal|p1a: Ferrothorn|82/100|[from] item: Leftovers
|upkeep
|turn|3
|inactive|sidis has 120 seconds left.
|
|t:|1706217339
|move|p2a: Rotom|Will-O-Wisp|p1a: Ferrothorn
|-status|p1a: Ferrothorn|brn
|move|p1a: Ferrothorn|Spikes|p2a: Rotom
|-sidestart|p2: when it shutdown|Spikes
|
|-heal|p1a: Ferrothorn|89/100 brn|[from] item: Leftovers
|-damage|p1a: Ferrothorn|76/100 brn|[from] brn
|upkeep
|turn|4
|
|t:|1706217347
|move|p2a: Rotom|Volt Switch|p1a: Ferrothorn
|-resisted|p1a: Ferrothorn
|-damage|p1a: Ferrothorn|68/100 brn
|
|t:|1706217350
|switch|p2a: Terrakion|Terrakion|100/100|[from] Volt Switch
|-damage|p2a: Terrakion|94/100|[from] Stealth Rock
|-damage|p2a: Terrakion|82/100|[from] Spikes
|move|p1a: Ferrothorn|Knock Off|p2a: Terrakion
|-resisted|p2a: Terrakion
|-damage|p2a: Terrakion|81/100
|-ability|p2a: Terrakion|Justified|boost
|-boost|p2a: Terrakion|atk|1
|-enditem|p2a: Terrakion|Choice Band|[from] move: Knock Off|[of] p1a: Ferrothorn
|
|-heal|p1a: Ferrothorn|74/100 brn|[from] item: Leftovers
|-damage|p1a: Ferrothorn|61/100 brn|[from] brn
|upkeep
|turn|5
|
|t:|1706217361
|move|p2a: Terrakion|Close Combat|p1a: Ferrothorn
|-supereffective|p1a: Ferrothorn
|-damage|p1a: Ferrothorn|0 fnt
|-unboost|p2a: Terrakion|def|1
|-unboost|p2a: Terrakion|spd|1
|-damage|p2a: Terrakion|68/100|[from] ability: Iron Barbs|[of] p1a: Ferrothorn
|faint|p1a: Ferrothorn
|
|upkeep
|
|t:|1706217373
|switch|p1a: Keldeo|Keldeo-Resolute|100/100
|turn|6
|
|t:|1706217376
|move|p2a: Terrakion|Close Combat|p1a: Keldeo
|-damage|p1a: Keldeo|0 fnt
|-unboost|p2a: Terrakion|def|1
|-unboost|p2a: Terrakion|spd|1
|faint|p1a: Keldeo
|
|upkeep
|
|t:|1706217381
|switch|p1a: Starmie|Starmie|100/100
|turn|7
|
|t:|1706217386
|move|p1a: Starmie|Hydro Pump|p2a: Terrakion
|-supereffective|p2a: Terrakion
|-damage|p2a: Terrakion|0 fnt
|faint|p2a: Terrakion
|-damage|p1a: Starmie|91/100|[from] item: Life Orb
|
|upkeep
|
|t:|1706217390
|switch|p2a: Rotom|Rotom-Wash|100/100
|-damage|p2a: Rotom|88/100|[from] Stealth Rock
|turn|8
|
|t:|1706217402
|move|p1a: Starmie|Psyshock|p2a: Rotom
|-damage|p2a: Rotom|42/100
|-damage|p1a: Starmie|81/100|[from] item: Life Orb
|move|p2a: Rotom|Volt Switch|p1a: Starmie
|-supereffective|p1a: Starmie
|-damage|p1a: Starmie|6/100
|
|t:|1706217407
|switch|p2a: Alakazam|Alakazam, M, shiny|100/100|[from] Volt Switch
|
|upkeep
|turn|9
|
|t:|1706217411
|switch|p1a: Jirachi|Jirachi|100/100
|move|p2a: Alakazam|Psychic|p1a: Jirachi
|-resisted|p1a: Jirachi
|-damage|p1a: Jirachi|90/100
|
|upkeep
|turn|10
|
|t:|1706217418
|switch|p1a: Dragonite|Dragonite, M|100/100
|switch|p2a: Rotom|Rotom-Wash|42/100
|-damage|p2a: Rotom|30/100|[from] Stealth Rock
|
|-heal|p2a: Rotom|36/100|[from] item: Leftovers
|upkeep
|turn|11
|
|t:|1706217426
|move|p1a: Dragonite|Extreme Speed|p2a: Rotom
|-damage|p2a: Rotom|0 fnt
|faint|p2a: Rotom
|
|upkeep
|
|t:|1706217429
|switch|p2a: Landorus|Landorus-Therian, M|100/100
|-damage|p2a: Landorus|88/100|[from] Stealth Rock
|-ability|p2a: Landorus|Intimidate|boost
|-unboost|p1a: Dragonite|atk|1
|turn|12
|
|t:|1706217438
|switch|p1a: Starmie|Starmie|6/100
|move|p2a: Landorus|Stealth Rock|p1a: Starmie
|-sidestart|p1: sidis|move: Stealth Rock
|
|-heal|p2a: Landorus|94/100|[from] item: Leftovers
|upkeep
|turn|13
|
|t:|1706217460
|switch|p2a: Tyranitar|Tyranitar, M|100/100
|-damage|p2a: Tyranitar|88/100|[from] Stealth Rock
|-damage|p2a: Tyranitar|76/100|[from] Spikes
|-weather|Sandstorm|[from] ability: Sand Stream|[of] p2a: Tyranitar
|move|p1a: Starmie|Ice Beam|p2a: Tyranitar
|-damage|p2a: Tyranitar|53/100
|-damage|p1a: Starmie|0 fnt|[from] item: Life Orb
|faint|p1a: Starmie
|
|-weather|Sandstorm|[upkeep]
|upkeep
|
|t:|1706217465
|switch|p1a: Politoed|Politoed, F|100/100
|-damage|p1a: Politoed|88/100|[from] Stealth Rock
|-weather|RainDance|[from] ability: Drizzle|[of] p1a: Politoed
|turn|14
|
|t:|1706217468
|move|p1a: Politoed|Scald|p2a: Tyranitar
|-supereffective|p2a: Tyranitar
|-damage|p2a: Tyranitar|0 fnt
|faint|p2a: Tyranitar
|
|-weather|RainDance|[upkeep]
|-heal|p1a: Politoed|94/100|[from] item: Leftovers
|upkeep
|
|t:|1706217471
|switch|p2a: Ferrothorn|Ferrothorn, M|100/100
|-damage|p2a: Ferrothorn|94/100|[from] Stealth Rock
|-damage|p2a: Ferrothorn|82/100|[from] Spikes
|turn|15
|
|t:|1706217473
|move|p1a: Politoed|Scald|p2a: Ferrothorn
|-resisted|p2a: Ferrothorn
|-damage|p2a: Ferrothorn|69/100
|move|p2a: Ferrothorn|Power Whip|p1a: Politoed
|-supereffective|p1a: Politoed
|-damage|p1a: Politoed|39/100
|
|-weather|RainDance|[upkeep]
|-heal|p1a: Politoed|45/100|[from] item: Leftovers
|-heal|p2a: Ferrothorn|75/100|[from] item: Leftovers
|upkeep
|turn|16
|
|t:|1706217481
|move|p1a: Politoed|Scald|p2a: Ferrothorn
|-resisted|p2a: Ferrothorn
|-damage|p2a: Ferrothorn|62/100
|move|p2a: Ferrothorn|Power Whip|p1a: Politoed|[miss]
|-miss|p2a: Ferrothorn|p1a: Politoed
|
|-weather|RainDance|[upkeep]
|-heal|p1a: Politoed|52/100|[from] item: Leftovers
|-heal|p2a: Ferrothorn|68/100|[from] item: Leftovers
|upkeep
|turn|17
|
|t:|1706217485
|move|p1a: Politoed|Scald|p2a: Ferrothorn
|-resisted|p2a: Ferrothorn
|-crit|p2a: Ferrothorn
|-damage|p2a: Ferrothorn|41/100
|move|p2a: Ferrothorn|Power Whip|p1a: Politoed|[miss]
|-miss|p2a: Ferrothorn|p1a: Politoed
|
|-weather|RainDance|[upkeep]
|-heal|p1a: Politoed|58/100|[from] item: Leftovers
|-heal|p2a: Ferrothorn|47/100|[from] item: Leftovers
|upkeep
|turn|18
|
|t:|1706217489
|move|p1a: Politoed|Scald|p2a: Ferrothorn
|-resisted|p2a: Ferrothorn
|-damage|p2a: Ferrothorn|33/100
|move|p2a: Ferrothorn|Power Whip|p1a: Politoed
|-supereffective|p1a: Politoed
|-damage|p1a: Politoed|2/100
|
|-weather|RainDance|[upkeep]
|-heal|p1a: Politoed|8/100|[from] item: Leftovers
|-heal|p2a: Ferrothorn|39/100|[from] item: Leftovers
|upkeep
|turn|19
|
|t:|1706217493
|move|p1a: Politoed|Scald|p2a: Ferrothorn
|-resisted|p2a: Ferrothorn
|-damage|p2a: Ferrothorn|27/100
|move|p2a: Ferrothorn|Power Whip|p1a: Politoed
|-supereffective|p1a: Politoed
|-crit|p1a: Politoed
|-damage|p1a: Politoed|0 fnt
|faint|p1a: Politoed
|
|-weather|RainDance|[upkeep]
|-heal|p2a: Ferrothorn|33/100|[from] item: Leftovers
|upkeep
|
|t:|1706217522
|switch|p1a: Dragonite|Dragonite, M|100/100
|-damage|p1a: Dragonite|76/100|[from] Stealth Rock
|turn|20
|
|t:|1706217526
|move|p1a: Dragonite|Outrage|p2a: Ferrothorn
|-resisted|p2a: Ferrothorn
|-crit|p2a: Ferrothorn
|-damage|p2a: Ferrothorn|0 fnt
|-damage|p1a: Dragonite|63/100|[from] ability: Iron Barbs|[of] p2a: Ferrothorn
|faint|p2a: Ferrothorn
|
|-weather|RainDance|[upkeep]
|upkeep
|
|t:|1706217531
|switch|p2a: Alakazam|Alakazam, M, shiny|100/100
|turn|21
|
|t:|1706217532
|move|p2a: Alakazam|Hidden Power|p1a: Dragonite
|-supereffective|p1a: Dragonite
|-damage|p1a: Dragonite|0 fnt
|faint|p1a: Dragonite
|
|-weather|RainDance|[upkeep]
|upkeep
|
|t:|1706217534
|switch|p1a: Jirachi|Jirachi|90/100
|-damage|p1a: Jirachi|84/100|[from] Stealth Rock
|turn|22
|
|t:|1706217537
|move|p1a: Jirachi|Ice Punch|p2a: Alakazam
|-damage|p2a: Alakazam|42/100
|move|p2a: Alakazam|Thunder Wave|p1a: Jirachi
|-status|p1a: Jirachi|par
|
|-weather|RainDance|[upkeep]
|upkeep
|turn|23
|-message|sidis forfeited.
|
|win|when it shutdown
|raw|sidis's rating: 1364 &rarr; <strong>1350</strong><br />(-14 for losing)
|raw|when it shutdown's rating: 1467 &rarr; <strong>1481</strong><br />(+14 for winning)
|l|☆sidis
|player|p1|
