|j|☆EMP activated
|j|☆BigBenny
|player|p1|EMP activated|170|1371
|player|p2|BigBenny|242|1332
|teamsize|p1|6
|teamsize|p2|6
|gametype|singles
|gen|5
|tier|[Gen 5] OU
|rated|
|clearpoke
|poke|p1|Tyranitar, F|item
|poke|p1|Alakazam, M|item
|poke|p1|Gliscor, F|item
|poke|p1|Ferrothorn, M|item
|poke|p1|Latios, M|item
|poke|p1|Keldeo|item
|poke|p2|Politoed, F|item
|poke|p2|Breloom, F|item
|poke|p2|Chansey, F|item
|poke|p2|Landorus-Therian, M|item
|poke|p2|Tentacruel, M|item
|poke|p2|Jirachi|item
|rule|Species Clause: Limit one of each Pokémon
|rule|OHKO Clause: OHKO moves are banned
|rule|Moody Clause: Moody is banned
|rule|Evasion Moves Clause: Evasion moves are banned
|rule|Endless Battle Clause: Forcing endless battles is banned
|rule|HP Percentage Mod: HP is shown in percentages
|rule|Evasion Abilities Clause: Evasion abilities are banned
|rule|Baton Pass Clause: Limit one Baton Passer, can't pass Spe and other stats simultaneously
|rule|Sleep Clause: Sleep-inducing moves are banned
|rule|Swagger Clause: Swagger is banned
|teampreview
|inactive|Battle timer is ON: inactive players will automatically lose when time's up. (requested by BigBenny)
|
|start
|switch|p1a: Keldeo|Keldeo|100/100
|switch|p2a: Tentacruel|Tentacruel, M|100/100
|turn|1
|
|switch|p1a: Tyranitar|Tyranitar, F|100/100
|-weather|Sandstorm|[from] ability: Sand Stream|[of] p1a: Tyranitar
|move|p2a: Tentacruel|Toxic Spikes|p1a: Tyranitar
|-sidestart|p1: EMP activated|move: Toxic Spikes
|
|-weather|Sandstorm|[upkeep]
|-damage|p2a: Tentacruel|94/100|[from] Sandstorm
|-heal|p2a: Tentacruel|100/100|[from] item: Black Sludge
|upkeep
|turn|2
|
|-activate|p2a: Tentacruel|move: Pursuit
|move|p1a: Tyranitar|Pursuit|p2a: Tentacruel|[from]Pursuit
|-damage|p2a: Tentacruel|66/100
|switch|p2a: Breloom|Breloom, F|100/100
|
|-weather|Sandstorm|[upkeep]
|-damage|p2a: Breloom|94/100|[from] Sandstorm
|-status|p2a: Breloom|tox|[from] item: Toxic Orb
|upkeep
|turn|3
|
|switch|p1a: Gliscor|Gliscor, F|100/100
|move|p2a: Breloom|Substitute|p2a: Breloom
|-start|p2a: Breloom|Substitute
|-damage|p2a: Breloom|69/100 tox
|
|-weather|Sandstorm|[upkeep]
|-damage|p2a: Breloom|63/100 tox|[from] Sandstorm
|-heal|p2a: Breloom|75/100 tox|[from] ability: Poison Heal
|-status|p1a: Gliscor|tox|[from] item: Toxic Orb
|upkeep
|turn|4
|
|move|p1a: Gliscor|Facade|p2a: Breloom
|-end|p2a: Breloom|Substitute
|move|p2a: Breloom|Seed Bomb|p1a: Gliscor
|-crit|p1a: Gliscor
|-damage|p1a: Gliscor|46/100 tox
|
|-weather|Sandstorm|[upkeep]
|-damage|p2a: Breloom|69/100 tox|[from] Sandstorm
|-heal|p1a: Gliscor|58/100 tox|[from] ability: Poison Heal
|-heal|p2a: Breloom|82/100 tox|[from] ability: Poison Heal
|upkeep
|turn|5
|
|switch|p2a: Politoed|Politoed, F|100/100
|-weather|RainDance|[from] ability: Drizzle|[of] p2a: Politoed
|move|p1a: Gliscor|Roost|p1a: Gliscor
|-heal|p1a: Gliscor|100/100 tox
|-singleturn|p1a: Gliscor|move: Roost
|
|-weather|RainDance|[upkeep]
|upkeep
|turn|6
|
|switch|p1a: Ferrothorn|Ferrothorn, M|100/100
|move|p2a: Politoed|Scald|p1a: Ferrothorn
|-resisted|p1a: Ferrothorn
|-damage|p1a: Ferrothorn|87/100
|
|-weather|RainDance|[upkeep]
|-heal|p1a: Ferrothorn|93/100|[from] item: Leftovers
|upkeep
|turn|7
|
|move|p2a: Politoed|Scald|p1a: Ferrothorn
|-resisted|p1a: Ferrothorn
|-damage|p1a: Ferrothorn|78/100
|-status|p1a: Ferrothorn|brn
|move|p1a: Ferrothorn|Spikes|p2a: Politoed
|-sidestart|p2: BigBenny|Spikes
|
|-weather|RainDance|[upkeep]
|-heal|p1a: Ferrothorn|85/100 brn|[from] item: Leftovers
|-damage|p1a: Ferrothorn|72/100 brn|[from] brn
|upkeep
|turn|8
|
|switch|p2a: Breloom|Breloom, F|82/100 tox
|-damage|p2a: Breloom|69/100 tox|[from] Spikes
|move|p1a: Ferrothorn|Knock Off|p2a: Breloom
|-resisted|p2a: Breloom
|-damage|p2a: Breloom|68/100 tox
|-enditem|p2a: Breloom|Toxic Orb|[from] move: Knock Off|[of] p1a: Ferrothorn
|
|-weather|RainDance|[upkeep]
|-heal|p1a: Ferrothorn|78/100 brn|[from] item: Leftovers
|-heal|p2a: Breloom|80/100 tox|[from] ability: Poison Heal
|-damage|p1a: Ferrothorn|66/100 brn|[from] brn
|upkeep
|turn|9
|
|-singleturn|p2a: Breloom|move: Focus Punch
|switch|p1a: Gliscor|Gliscor, F|100/100 tox
|move|p2a: Breloom|Focus Punch|p1a: Gliscor
|-resisted|p1a: Gliscor
|-damage|p1a: Gliscor|74/100 tox
|
|-weather|RainDance|[upkeep]
|-heal|p1a: Gliscor|86/100 tox|[from] ability: Poison Heal
|-heal|p2a: Breloom|93/100 tox|[from] ability: Poison Heal
|upkeep
|turn|10
|
|switch|p2a: Landorus|Landorus-Therian, M|100/100
|-ability|p2a: Landorus|Intimidate|boost
|-unboost|p1a: Gliscor|atk|1
|move|p1a: Gliscor|Facade|p2a: Landorus
|-damage|p2a: Landorus|79/100
|
|-weather|RainDance|[upkeep]
|-heal|p1a: Gliscor|99/100 tox|[from] ability: Poison Heal
|upkeep
|turn|11
|
|move|p2a: Landorus|U-turn|p1a: Gliscor
|-resisted|p1a: Gliscor
|-damage|p1a: Gliscor|88/100 tox
|
|switch|p2a: Politoed|Politoed, F|100/100|[from]move: U-turn
|-damage|p2a: Politoed|88/100|[from] Spikes
|move|p1a: Gliscor|Roost|p1a: Gliscor
|-heal|p1a: Gliscor|100/100 tox
|-singleturn|p1a: Gliscor|move: Roost
|
|-weather|RainDance|[upkeep]
|-heal|p2a: Politoed|94/100|[from] item: Leftovers
|upkeep
|turn|12
|
|switch|p1a: Ferrothorn|Ferrothorn, M|66/100 brn
|move|p2a: Politoed|Scald|p1a: Ferrothorn
|-resisted|p1a: Ferrothorn
|-damage|p1a: Ferrothorn|51/100 brn
|
|-weather|RainDance|[upkeep]
|-heal|p2a: Politoed|100/100|[from] item: Leftovers
|-heal|p1a: Ferrothorn|58/100 brn|[from] item: Leftovers
|-damage|p1a: Ferrothorn|45/100 brn|[from] brn
|upkeep
|turn|13
|
|move|p2a: Politoed|Scald|p1a: Ferrothorn
|-resisted|p1a: Ferrothorn
|-damage|p1a: Ferrothorn|30/100 brn
|move|p1a: Ferrothorn|Spikes|p2a: Politoed
|-sidestart|p2: BigBenny|Spikes
|
|-weather|RainDance|[upkeep]
|-heal|p1a: Ferrothorn|36/100 brn|[from] item: Leftovers
|-damage|p1a: Ferrothorn|24/100 brn|[from] brn
|upkeep
|turn|14
|
|switch|p2a: Breloom|Breloom, F|93/100 tox
|-damage|p2a: Breloom|76/100 tox|[from] Spikes
|switch|p1a: Latios|Latios, M|100/100
|
|-weather|RainDance|[upkeep]
|-heal|p2a: Breloom|88/100 tox|[from] ability: Poison Heal
|upkeep
|turn|15
|
|move|p2a: Breloom|Protect|p2a: Breloom
|-singleturn|p2a: Breloom|Protect
|move|p1a: Latios|Trick|p2a: Breloom
|-activate|p2a: Breloom|move: Protect
|
|-weather|RainDance|[upkeep]
|-heal|p2a: Breloom|100/100 tox|[from] ability: Poison Heal
|upkeep
|turn|16
|
|move|p1a: Latios|Trick|p2a: Breloom
|-activate|p1a: Latios|move: Trick|[of] p2a: Breloom
|-item|p2a: Breloom|Choice Specs|[from] move: Trick
|-enditem|p1a: Latios|Choice Specs|[silent]|[from] move: Trick
|move|p2a: Breloom|Substitute|p2a: Breloom
|-start|p2a: Breloom|Substitute
|-damage|p2a: Breloom|75/100 tox
|
|-weather|RainDance|[upkeep]
|-heal|p2a: Breloom|88/100 tox|[from] ability: Poison Heal
|upkeep
|turn|17
|
|switch|p1a: Gliscor|Gliscor, F|100/100 tox
|switch|p2a: Tentacruel|Tentacruel, M|66/100
|-damage|p2a: Tentacruel|49/100|[from] Spikes
|
|-weather|RainDance|[upkeep]
|-heal|p2a: Tentacruel|55/100|[from] ability: Rain Dish
|-heal|p2a: Tentacruel|61/100|[from] item: Black Sludge
|upkeep
|turn|18
|
|move|p2a: Tentacruel|Protect|p2a: Tentacruel
|-singleturn|p2a: Tentacruel|Protect
|move|p1a: Gliscor|Earthquake|p2a: Tentacruel
|-activate|p2a: Tentacruel|move: Protect
|
|-weather|RainDance|[upkeep]
|-heal|p2a: Tentacruel|67/100|[from] ability: Rain Dish
|-heal|p2a: Tentacruel|73/100|[from] item: Black Sludge
|upkeep
|turn|19
|
|switch|p2a: Landorus|Landorus-Therian, M|79/100
|-ability|p2a: Landorus|Intimidate|boost
|-unboost|p1a: Gliscor|atk|1
|switch|p1a: Tyranitar|Tyranitar, F|100/100
|-status|p1a: Tyranitar|psn
|-weather|Sandstorm|[from] ability: Sand Stream|[of] p1a: Tyranitar
|
|-weather|Sandstorm|[upkeep]
|-damage|p1a: Tyranitar|88/100 psn|[from] psn
|upkeep
|turn|20
|j| Harkedodarkeson
|
|switch|p1a: Gliscor|Gliscor, F|100/100 tox
|move|p2a: Landorus|U-turn|p1a: Gliscor
|-resisted|p1a: Gliscor
|-damage|p1a: Gliscor|90/100 tox
|
|switch|p2a: Politoed|Politoed, F|100/100|[from]move: U-turn
|-damage|p2a: Politoed|84/100|[from] Spikes
|-weather|RainDance|[from] ability: Drizzle|[of] p2a: Politoed
|
|-weather|RainDance|[upkeep]
|-heal|p2a: Politoed|90/100|[from] item: Leftovers
|-heal|p1a: Gliscor|100/100 tox|[from] ability: Poison Heal
|upkeep
|turn|21
|
|switch|p1a: Latios|Latios, M|100/100
|move|p2a: Politoed|Scald|p1a: Latios
|-resisted|p1a: Latios
|-damage|p1a: Latios|82/100
|
|-weather|RainDance|[upkeep]
|-heal|p2a: Politoed|96/100|[from] item: Leftovers
|upkeep
|turn|22
|
|switch|p2a: Chansey|Chansey, F|100/100
|-damage|p2a: Chansey|84/100|[from] Spikes
|move|p1a: Latios|Dragon Pulse|p2a: Chansey
|-crit|p2a: Chansey
|-damage|p2a: Chansey|53/100
|
|-weather|RainDance|[upkeep]
|upkeep
|turn|23
|
|switch|p1a: Gliscor|Gliscor, F|100/100 tox
|move|p2a: Chansey|Thunder Wave|p1a: Gliscor
|-immune|p1a: Gliscor
|
|-weather|RainDance|[upkeep]
|upkeep
|turn|24
|
|move|p1a: Gliscor|Swords Dance|p1a: Gliscor
|-boost|p1a: Gliscor|atk|2
|move|p2a: Chansey|Soft-Boiled|p2a: Chansey
|-heal|p2a: Chansey|100/100
|
|-weather|RainDance|[upkeep]
|upkeep
|turn|25
|
|switch|p2a: Landorus|Landorus-Therian, M|79/100
|-ability|p2a: Landorus|Intimidate|boost
|-unboost|p1a: Gliscor|atk|1
|move|p1a: Gliscor|Swords Dance|p1a: Gliscor
|-boost|p1a: Gliscor|atk|2
|
|-weather|RainDance|[upkeep]
|upkeep
|turn|26
|
|move|p2a: Landorus|Hidden Power|p1a: Gliscor
|-supereffective|p1a: Gliscor
|-damage|p1a: Gliscor|48/100 tox
|move|p1a: Gliscor|Facade|p2a: Landorus
|-damage|p2a: Landorus|0 fnt
|faint|p2a: Landorus
|
|-weather|RainDance|[upkeep]
|-heal|p1a: Gliscor|61/100 tox|[from] ability: Poison Heal
|upkeep
|
|switch|p2a: Politoed|Politoed, F|96/100
|-damage|p2a: Politoed|80/100|[from] Spikes
|turn|27
|inactive|EMP activated has 120 seconds left.
|
|switch|p1a: Latios|Latios, M|82/100
|move|p2a: Politoed|Ice Beam|p1a: Latios
|-supereffective|p1a: Latios
|-damage|p1a: Latios|40/100
|
|-weather|RainDance|[upkeep]
|-heal|p2a: Politoed|86/100|[from] item: Leftovers
|upkeep
|turn|28
|inactive|EMP activated has 120 seconds left.
|
|move|p2a: Politoed|Protect|p2a: Politoed
|-singleturn|p2a: Politoed|Protect
|move|p1a: Latios|Trick|p2a: Politoed
|-activate|p2a: Politoed|move: Protect
|
|-weather|RainDance|[upkeep]
|-heal|p2a: Politoed|92/100|[from] item: Leftovers
|upkeep
|turn|29
|inactive|EMP activated has 120 seconds left.
|
|switch|p2a: Tentacruel|Tentacruel, M|73/100
|-damage|p2a: Tentacruel|57/100|[from] Spikes
|move|p1a: Latios|Trick|p2a: Tentacruel
|-activate|p1a: Latios|move: Trick|[of] p2a: Tentacruel
|-enditem|p2a: Tentacruel|Black Sludge|[silent]|[from] move: Trick
|-item|p1a: Latios|Black Sludge|[from] move: Trick
|
|-weather|RainDance|[upkeep]
|-heal|p2a: Tentacruel|63/100|[from] ability: Rain Dish
|-damage|p1a: Latios|28/100|[from] item: Black Sludge
|upkeep
|turn|30
|inactive|EMP activated has 120 seconds left.
|
|switch|p1a: Tyranitar|Tyranitar, F|88/100 psn
|-weather|Sandstorm|[from] ability: Sand Stream|[of] p1a: Tyranitar
|move|p2a: Tentacruel|Rapid Spin|p1a: Tyranitar
|-resisted|p1a: Tyranitar
|-damage|p1a: Tyranitar|87/100 psn
|-sideend|p2: BigBenny|Spikes|[from] move: Rapid Spin|[of] p2a: Tentacruel
|
|-weather|Sandstorm|[upkeep]
|-damage|p2a: Tentacruel|57/100|[from] Sandstorm
|-damage|p1a: Tyranitar|75/100 psn|[from] psn
|upkeep
|turn|31
|inactive|EMP activated has 120 seconds left.
|
|switch|p2a: Breloom|Breloom, F|88/100 tox
|move|p1a: Tyranitar|Stealth Rock|p2a: Breloom
|-sidestart|p2: BigBenny|move: Stealth Rock
|
|-weather|Sandstorm|[upkeep]
|-damage|p2a: Breloom|82/100 tox|[from] Sandstorm
|-heal|p2a: Breloom|94/100 tox|[from] ability: Poison Heal
|-damage|p1a: Tyranitar|62/100 psn|[from] psn
|upkeep
|turn|32
|
|switch|p1a: Gliscor|Gliscor, F|61/100 tox
|move|p2a: Breloom|Seed Bomb|p1a: Gliscor
|-crit|p1a: Gliscor
|-damage|p1a: Gliscor|8/100 tox
|
|-weather|Sandstorm|[upkeep]
|-damage|p2a: Breloom|88/100 tox|[from] Sandstorm
|-heal|p1a: Gliscor|21/100 tox|[from] ability: Poison Heal
|-heal|p2a: Breloom|99/100 tox|[from] ability: Poison Heal
|upkeep
|turn|33
|
|switch|p2a: Politoed|Politoed, F|92/100
|-damage|p2a: Politoed|80/100|[from] Stealth Rock
|-weather|RainDance|[from] ability: Drizzle|[of] p2a: Politoed
|move|p1a: Gliscor|Roost|p1a: Gliscor
|-heal|p1a: Gliscor|71/100 tox
|-singleturn|p1a: Gliscor|move: Roost
|
|-weather|RainDance|[upkeep]
|-heal|p2a: Politoed|86/100|[from] item: Leftovers
|-heal|p1a: Gliscor|83/100 tox|[from] ability: Poison Heal
|upkeep
|turn|34
|
|switch|p1a: Ferrothorn|Ferrothorn, M|24/100 brn
|move|p2a: Politoed|Ice Beam|p1a: Ferrothorn
|-damage|p1a: Ferrothorn|8/100 brn
|
|-weather|RainDance|[upkeep]
|-heal|p2a: Politoed|92/100|[from] item: Leftovers
|-heal|p1a: Ferrothorn|14/100 brn|[from] item: Leftovers
|-damage|p1a: Ferrothorn|1/100 brn|[from] brn
|upkeep
|turn|35
|
|move|p2a: Politoed|Scald|p1a: Ferrothorn
|-resisted|p1a: Ferrothorn
|-damage|p1a: Ferrothorn|0 fnt
|faint|p1a: Ferrothorn
|
|-weather|RainDance|[upkeep]
|-heal|p2a: Politoed|98/100|[from] item: Leftovers
|upkeep
|inactive|EMP activated has 120 seconds left.
|
|switch|p1a: Alakazam|Alakazam, M|100/100
|-status|p1a: Alakazam|psn
|turn|36
|
|move|p1a: Alakazam|Psychic|p2a: Politoed
|-damage|p2a: Politoed|53/100
|move|p2a: Politoed|Scald|p1a: Alakazam
|-damage|p1a: Alakazam|40/100 psn
|
|-weather|RainDance|[upkeep]
|-heal|p2a: Politoed|59/100|[from] item: Leftovers
|upkeep
|turn|37
|
|move|p2a: Politoed|Protect|p2a: Politoed
|-singleturn|p2a: Politoed|Protect
|move|p1a: Alakazam|Psychic|p2a: Politoed
|-activate|p2a: Politoed|move: Protect
|
|-weather|RainDance|[upkeep]
|-heal|p2a: Politoed|65/100|[from] item: Leftovers
|upkeep
|turn|38
|
|switch|p2a: Chansey|Chansey, F|100/100
|-damage|p2a: Chansey|88/100|[from] Stealth Rock
|move|p1a: Alakazam|Encore||[still]
|-fail|p1a: Alakazam
|
|-weather|RainDance|[upkeep]
|upkeep
|turn|39
|
|switch|p1a: Gliscor|Gliscor, F|83/100 tox
|move|p2a: Chansey|Stealth Rock|p1a: Gliscor
|-sidestart|p1: EMP activated|move: Stealth Rock
|
|-weather|RainDance|[upkeep]
|-heal|p1a: Gliscor|96/100 tox|[from] ability: Poison Heal
|upkeep
|turn|40
|inactive|EMP activated has 120 seconds left.
|
|switch|p2a: Politoed|Politoed, F|65/100
|-damage|p2a: Politoed|53/100|[from] Stealth Rock
|move|p1a: Gliscor|Facade|p2a: Politoed
|-damage|p2a: Politoed|28/100
|
|-weather|RainDance|[upkeep]
|-heal|p2a: Politoed|34/100|[from] item: Leftovers
|-heal|p1a: Gliscor|100/100 tox|[from] ability: Poison Heal
|upkeep
|turn|41
|
|switch|p1a: Tyranitar|Tyranitar, F|62/100 psn
|-damage|p1a: Tyranitar|50/100 psn|[from] Stealth Rock
|-weather|Sandstorm|[from] ability: Sand Stream|[of] p1a: Tyranitar
|move|p2a: Politoed|Scald|p1a: Tyranitar
|-supereffective|p1a: Tyranitar
|-damage|p1a: Tyranitar|27/100 psn
|
|-weather|Sandstorm|[upkeep]
|-damage|p2a: Politoed|28/100|[from] Sandstorm
|-heal|p2a: Politoed|34/100|[from] item: Leftovers
|-damage|p1a: Tyranitar|15/100 psn|[from] psn
|upkeep
|turn|42
|
|-activate|p2a: Politoed|move: Pursuit
|move|p1a: Tyranitar|Pursuit|p2a: Politoed|[from]Pursuit
|-damage|p2a: Politoed|4/100
|switch|p2a: Breloom|Breloom, F|99/100 tox
|-damage|p2a: Breloom|94/100 tox|[from] Stealth Rock
|
|-weather|Sandstorm|[upkeep]
|-damage|p2a: Breloom|88/100 tox|[from] Sandstorm
|-heal|p2a: Breloom|99/100 tox|[from] ability: Poison Heal
|-damage|p1a: Tyranitar|2/100 psn|[from] psn
|upkeep
|turn|43
|
|move|p2a: Breloom|Seed Bomb|p1a: Tyranitar
|-supereffective|p1a: Tyranitar
|-damage|p1a: Tyranitar|0 fnt
|faint|p1a: Tyranitar
|
|-weather|Sandstorm|[upkeep]
|-damage|p2a: Breloom|94/100 tox|[from] Sandstorm
|-heal|p2a: Breloom|100/100 tox|[from] ability: Poison Heal
|upkeep
|
|switch|p1a: Gliscor|Gliscor, F|100/100 tox
|-damage|p1a: Gliscor|88/100 tox|[from] Stealth Rock
|turn|44
|
|move|p1a: Gliscor|Swords Dance|p1a: Gliscor
|-boost|p1a: Gliscor|atk|2
|move|p2a: Breloom|Seed Bomb|p1a: Gliscor
|-damage|p1a: Gliscor|61/100 tox
|
|-weather|Sandstorm|[upkeep]
|-damage|p2a: Breloom|94/100 tox|[from] Sandstorm
|-heal|p1a: Gliscor|73/100 tox|[from] ability: Poison Heal
|-heal|p2a: Breloom|100/100 tox|[from] ability: Poison Heal
|upkeep
|turn|45
|
|move|p1a: Gliscor|Swords Dance|p1a: Gliscor
|-boost|p1a: Gliscor|atk|2
|move|p2a: Breloom|Seed Bomb|p1a: Gliscor
|-damage|p1a: Gliscor|45/100 tox
|
|-weather|Sandstorm|[upkeep]
|-damage|p2a: Breloom|94/100 tox|[from] Sandstorm
|-heal|p1a: Gliscor|57/100 tox|[from] ability: Poison Heal
|-heal|p2a: Breloom|100/100 tox|[from] ability: Poison Heal
|upkeep
|turn|46
|inactive|EMP activated has 120 seconds left.
|
|switch|p2a: Jirachi|Jirachi|100/100
|-damage|p2a: Jirachi|94/100|[from] Stealth Rock
|move|p1a: Gliscor|Roost|p1a: Gliscor
|-heal|p1a: Gliscor|100/100 tox
|-singleturn|p1a: Gliscor|move: Roost
|
|-weather|Sandstorm|[upkeep]
|-heal|p2a: Jirachi|100/100|[from] item: Leftovers
|upkeep
|turn|47
|inactive|EMP activated has 120 seconds left.
|
|move|p2a: Jirachi|Icy Wind|p1a: Gliscor
|-supereffective|p1a: Gliscor
|-damage|p1a: Gliscor|50/100 tox
|-unboost|p1a: Gliscor|spe|1
|move|p1a: Gliscor|Earthquake|p2a: Jirachi
|-supereffective|p2a: Jirachi
|-damage|p2a: Jirachi|0 fnt
|faint|p2a: Jirachi
|
|-weather|Sandstorm|[upkeep]
|-heal|p1a: Gliscor|62/100 tox|[from] ability: Poison Heal
|upkeep
|
|switch|p2a: Tentacruel|Tentacruel, M|57/100
|-damage|p2a: Tentacruel|44/100|[from] Stealth Rock
|turn|48
|
|switch|p1a: Latios|Latios, M|28/100
|-damage|p1a: Latios|16/100|[from] Stealth Rock
|move|p2a: Tentacruel|Scald|p1a: Latios
|-resisted|p1a: Latios
|-damage|p1a: Latios|3/100
|
|-weather|Sandstorm|[upkeep]
|-damage|p1a: Latios|0 fnt|[from] Sandstorm
|-damage|p2a: Tentacruel|38/100|[from] Sandstorm
|faint|p1a: Latios
|upkeep
|
|switch|p1a: Alakazam|Alakazam, M|40/100 psn
|turn|49
|
|switch|p2a: Politoed|Politoed, F|4/100
|-damage|p2a: Politoed|0 fnt|[from] Stealth Rock
|faint|p2a: Politoed
|move|p1a: Alakazam|Psychic|p2: Politoed|[notarget]
|-fail|p1a: Alakazam
|
|-weather|Sandstorm|[upkeep]
|upkeep
|
|switch|p2a: Chansey|Chansey, F|88/100
|-damage|p2a: Chansey|76/100|[from] Stealth Rock
|turn|50
|
|switch|p1a: Gliscor|Gliscor, F|62/100 tox
|-damage|p1a: Gliscor|50/100 tox|[from] Stealth Rock
|move|p2a: Chansey|Seismic Toss|p1a: Gliscor
|-damage|p1a: Gliscor|21/100 tox
|
|-weather|Sandstorm|[upkeep]
|-damage|p2a: Chansey|70/100|[from] Sandstorm
|-heal|p1a: Gliscor|34/100 tox|[from] ability: Poison Heal
|upkeep
|turn|51
|
|switch|p2a: Tentacruel|Tentacruel, M|38/100
|-damage|p2a: Tentacruel|26/100|[from] Stealth Rock
|move|p1a: Gliscor|Roost|p1a: Gliscor
|-heal|p1a: Gliscor|84/100 tox
|-singleturn|p1a: Gliscor|move: Roost
|
|-weather|Sandstorm|[upkeep]
|-damage|p2a: Tentacruel|20/100|[from] Sandstorm
|-heal|p1a: Gliscor|96/100 tox|[from] ability: Poison Heal
|upkeep
|turn|52
|
|move|p2a: Tentacruel|Scald|p1a: Gliscor
|-supereffective|p1a: Gliscor
|-damage|p1a: Gliscor|61/100 tox
|move|p1a: Gliscor|Earthquake|p2a: Tentacruel
|-supereffective|p2a: Tentacruel
|-damage|p2a: Tentacruel|0 fnt
|faint|p2a: Tentacruel
|
|-weather|Sandstorm|[upkeep]
|-heal|p1a: Gliscor|73/100 tox|[from] ability: Poison Heal
|upkeep
|-message|BigBenny forfeited.
|
|win|EMP activated
|l|☆BigBenny
|raw|EMP activated's rating: 1371 &rarr; <strong>1389</strong><br />(+18 for winning)
|raw|BigBenny's rating: 1332 &rarr; <strong>1315</strong><br />(-17 for losing)
