|j|☆abysmal dogshit
|j|☆Claude's Journey
|t:|1744954844
|gametype|singles
|player|p1|abysmal dogshit|touristf|1377
|player|p2|Claude's Journey|lass-gen1rb|1384
|teamsize|p1|6
|teamsize|p2|6
|gen|5
|tier|[Gen 5] OU
|rated|
|rule|Species Clause: Limit one of each Pokémon
|rule|OHKO Clause: OHKO moves are banned
|rule|Moody Clause: Moody is banned
|rule|Evasion Items Clause: Evasion items are banned
|rule|Evasion Moves Clause: Evasion moves are banned
|rule|Endless Battle Clause: Forcing endless battles is banned
|rule|HP Percentage Mod: HP is shown in percentages
|rule|Evasion Abilities Clause: Evasion abilities are banned
|rule|Sleep Moves Clause: Sleep-inducing moves are banned
|rule|Swagger Clause: Swagger is banned
|rule|Baton Pass Stat Clause: No Baton Passer may have a way to boost its stats
|clearpoke
|poke|p1|Tyranitar, F|item
|poke|p1|Ferrothorn, M|item
|poke|p1|Excadrill, F|item
|poke|p1|Keldeo|item
|poke|p1|Landorus-Therian, M|item
|poke|p1|Latios, M|item
|poke|p2|Tyranitar, F|item
|poke|p2|Forretress, F|item
|poke|p2|Zapdos|item
|poke|p2|Alakazam, F|item
|poke|p2|Seismitoad, M|item
|poke|p2|Hydreigon, F|item
|teampreview
|
|t:|1744954881
|start
|switch|p1a: Ferrothorn|Ferrothorn, M|100/100
|switch|p2a: Zapdos|Zapdos|100/100
|-ability|p2a: Zapdos|Pressure
|turn|1
|
|t:|1744954888
|switch|p1a: Latios|Latios, M|100/100
|move|p2a: Zapdos|Heat Wave|p1a: Latios
|-resisted|p1a: Latios
|-damage|p1a: Latios|85/100
|-status|p1a: Latios|brn
|
|-damage|p1a: Latios|73/100 brn|[from] brn
|upkeep
|turn|2
|
|t:|1744954892
|switch|p2a: Tyranitar|Tyranitar, F|100/100
|-weather|Sandstorm|[from] ability: Sand Stream|[of] p2a: Tyranitar
|move|p1a: Latios|Draco Meteor|p2a: Tyranitar
|-damage|p2a: Tyranitar|73/100
|-unboost|p1a: Latios|spa|2
|
|-weather|Sandstorm|[upkeep]
|-damage|p1a: Latios|67/100 brn|[from] Sandstorm
|-damage|p1a: Latios|54/100 brn|[from] brn
|upkeep
|turn|3
|
|t:|1744954895
|move|p1a: Latios|Draco Meteor|p2a: Tyranitar
|-damage|p2a: Tyranitar|59/100
|-unboost|p1a: Latios|spa|2
|move|p2a: Tyranitar|Pursuit|p1a: Latios
|-supereffective|p1a: Latios
|-damage|p1a: Latios|8/100 brn
|
|-weather|Sandstorm|[upkeep]
|-damage|p1a: Latios|2/100 brn|[from] Sandstorm
|-damage|p1a: Latios|0 fnt|[from] brn
|faint|p1a: Latios
|upkeep
|
|t:|1744954903
|switch|p1a: Landorus|Landorus-Therian, M|100/100
|-ability|p1a: Landorus|Intimidate|boost
|-unboost|p2a: Tyranitar|atk|1
|turn|4
|
|t:|1744954908
|switch|p2a: Forretress|Forretress, F|100/100
|move|p1a: Landorus|Stealth Rock|p2a: Forretress
|-sidestart|p2: Claude's Journey|move: Stealth Rock
|
|-weather|Sandstorm|[upkeep]
|upkeep
|turn|5
|
|t:|1744954937
|move|p1a: Landorus|Earthquake|p2a: Forretress
|-damage|p2a: Forretress|75/100
|move|p2a: Forretress|Rapid Spin|p1a: Landorus
|-damage|p1a: Landorus|96/100
|-sideend|p2: Claude's Journey|Stealth Rock|[from] move: Rapid Spin|[of] p2a: Forretress
|
|-weather|Sandstorm|[upkeep]
|-heal|p1a: Landorus|100/100|[from] item: Leftovers
|-heal|p2a: Forretress|81/100|[from] item: Leftovers
|upkeep
|turn|6
|
|t:|1744954940
|move|p1a: Landorus|Earthquake|p2a: Forretress
|-damage|p2a: Forretress|53/100
|move|p2a: Forretress|Gyro Ball|p1a: Landorus
|-damage|p1a: Landorus|68/100
|
|-weather|Sandstorm|[upkeep]
|-heal|p1a: Landorus|74/100|[from] item: Leftovers
|-heal|p2a: Forretress|59/100|[from] item: Leftovers
|upkeep
|turn|7
|
|t:|1744954948
|move|p1a: Landorus|Stealth Rock|p2a: Forretress
|-sidestart|p2: Claude's Journey|move: Stealth Rock
|move|p2a: Forretress|Rapid Spin|p1a: Landorus
|-damage|p1a: Landorus|69/100
|-sideend|p2: Claude's Journey|Stealth Rock|[from] move: Rapid Spin|[of] p2a: Forretress
|
|-weather|Sandstorm|[upkeep]
|-heal|p1a: Landorus|75/100|[from] item: Leftovers
|-heal|p2a: Forretress|65/100|[from] item: Leftovers
|upkeep
|turn|8
|
|t:|1744954956
|switch|p2a: Hydreigon|Hydreigon, F|100/100
|move|p1a: Landorus|Stealth Rock|p2a: Hydreigon
|-sidestart|p2: Claude's Journey|move: Stealth Rock
|
|-weather|Sandstorm|[upkeep]
|-damage|p2a: Hydreigon|94/100|[from] Sandstorm
|-heal|p1a: Landorus|82/100|[from] item: Leftovers
|upkeep
|turn|9
|
|t:|1744954959
|move|p2a: Hydreigon|Draco Meteor|p1a: Landorus
|-damage|p1a: Landorus|0 fnt
|-unboost|p2a: Hydreigon|spa|2
|faint|p1a: Landorus
|-damage|p2a: Hydreigon|84/100|[from] item: Life Orb
|
|-weather|Sandstorm|[upkeep]
|-damage|p2a: Hydreigon|78/100|[from] Sandstorm
|upkeep
|
|t:|1744954962
|switch|p1a: Tyranitar|Tyranitar, F, shiny|100/100
|turn|10
|
|t:|1744954972
|move|p2a: Hydreigon|Superpower|p1a: Tyranitar
|-supereffective|p1a: Tyranitar
|-enditem|p1a: Tyranitar|Chople Berry|[eat]
|-enditem|p1a: Tyranitar|Chople Berry|[weaken]
|-damage|p1a: Tyranitar|35/100
|-unboost|p2a: Hydreigon|atk|1
|-unboost|p2a: Hydreigon|def|1
|-damage|p2a: Hydreigon|68/100|[from] item: Life Orb
|move|p1a: Tyranitar|Rock Slide|p2a: Hydreigon
|-damage|p2a: Hydreigon|4/100
|
|-weather|Sandstorm|[upkeep]
|-damage|p2a: Hydreigon|0 fnt|[from] Sandstorm
|faint|p2a: Hydreigon
|upkeep
|inactive|Battle timer is ON: inactive players will automatically lose when time's up. (requested by abysmal dogshit)
|
|t:|1744955032
|switch|p2a: Seismitoad|Seismitoad, M|100/100
|-damage|p2a: Seismitoad|94/100|[from] Stealth Rock
|turn|11
|
|t:|1744955037
|switch|p1a: Ferrothorn|Ferrothorn, M|100/100
|move|p2a: Seismitoad|Scald|p1a: Ferrothorn
|-resisted|p1a: Ferrothorn
|-crit|p1a: Ferrothorn
|-damage|p1a: Ferrothorn|85/100
|
|-weather|Sandstorm|[upkeep]
|-heal|p2a: Seismitoad|100/100|[from] item: Leftovers
|-heal|p1a: Ferrothorn|92/100|[from] item: Leftovers
|upkeep
|turn|12
|
|t:|1744955047
|switch|p2a: Forretress|Forretress, F|65/100
|-damage|p2a: Forretress|53/100|[from] Stealth Rock
|move|p1a: Ferrothorn|Knock Off|p2a: Forretress
|-resisted|p2a: Forretress
|-damage|p2a: Forretress|51/100
|-enditem|p2a: Forretress|Leftovers|[from] move: Knock Off|[of] p1a: Ferrothorn
|
|-weather|Sandstorm|[upkeep]
|-heal|p1a: Ferrothorn|98/100|[from] item: Leftovers
|upkeep
|turn|13
|
|t:|1744955053
|switch|p1a: Keldeo|Keldeo|100/100
|move|p2a: Forretress|Rapid Spin|p1a: Keldeo
|-damage|p1a: Keldeo|96/100
|-sideend|p2: Claude's Journey|Stealth Rock|[from] move: Rapid Spin|[of] p2a: Forretress
|
|-weather|Sandstorm|[upkeep]
|-damage|p1a: Keldeo|90/100|[from] Sandstorm
|-heal|p1a: Keldeo|96/100|[from] item: Leftovers
|upkeep
|turn|14
|
|t:|1744955068
|move|p1a: Keldeo|Scald|p2a: Forretress
|-damage|p2a: Forretress|0 fnt
|faint|p2a: Forretress
|
|-weather|Sandstorm|[upkeep]
|-damage|p1a: Keldeo|90/100|[from] Sandstorm
|-heal|p1a: Keldeo|96/100|[from] item: Leftovers
|upkeep
|
|t:|1744955091
|switch|p2a: Alakazam|Alakazam, F|100/100
|turn|15
|
|t:|1744955109
|switch|p1a: Ferrothorn|Ferrothorn, M|98/100
|move|p2a: Alakazam|Psychic|p1a: Ferrothorn
|-resisted|p1a: Ferrothorn
|-damage|p1a: Ferrothorn|81/100
|
|-weather|Sandstorm|[upkeep]
|-heal|p1a: Ferrothorn|87/100|[from] item: Leftovers
|upkeep
|turn|16
|
|t:|1744955112
|switch|p2a: Zapdos|Zapdos|100/100
|-ability|p2a: Zapdos|Pressure
|move|p1a: Ferrothorn|Gyro Ball|p2a: Zapdos
|-resisted|p2a: Zapdos
|-crit|p2a: Zapdos
|-damage|p2a: Zapdos|67/100
|
|-weather|Sandstorm|[upkeep]
|-damage|p2a: Zapdos|61/100|[from] Sandstorm
|-heal|p2a: Zapdos|67/100|[from] item: Leftovers
|-heal|p1a: Ferrothorn|93/100|[from] item: Leftovers
|upkeep
|turn|17
|
|t:|1744955119
|switch|p1a: Tyranitar|Tyranitar, F, shiny|35/100
|move|p2a: Zapdos|Volt Switch|p1a: Tyranitar
|-damage|p1a: Tyranitar|22/100
|
|t:|1744955125
|switch|p2a: Seismitoad|Seismitoad, M|100/100|[from] Volt Switch
|
|-weather|Sandstorm|[upkeep]
|upkeep
|turn|18
|
|t:|1744955132
|switch|p1a: Ferrothorn|Ferrothorn, M|93/100
|move|p2a: Seismitoad|Stealth Rock|p1a: Ferrothorn
|-sidestart|p1: abysmal dogshit|move: Stealth Rock
|
|-weather|Sandstorm|[upkeep]
|-heal|p1a: Ferrothorn|99/100|[from] item: Leftovers
|upkeep
|turn|19
|
|t:|1744955142
|switch|p2a: Zapdos|Zapdos|67/100
|-ability|p2a: Zapdos|Pressure
|move|p1a: Ferrothorn|Power Whip|p2a: Zapdos|[miss]
|-miss|p1a: Ferrothorn|p2a: Zapdos
|
|-weather|Sandstorm|[upkeep]
|-damage|p2a: Zapdos|61/100|[from] Sandstorm
|-heal|p2a: Zapdos|67/100|[from] item: Leftovers
|-heal|p1a: Ferrothorn|100/100|[from] item: Leftovers
|upkeep
|turn|20
|inactive|abysmal dogshit has 120 seconds left.
|
|t:|1744955198
|move|p2a: Zapdos|Roost|p2a: Zapdos
|-heal|p2a: Zapdos|100/100
|-singleturn|p2a: Zapdos|move: Roost
|move|p1a: Ferrothorn|Gyro Ball|p2a: Zapdos
|-resisted|p2a: Zapdos
|-damage|p2a: Zapdos|84/100
|
|-weather|Sandstorm|[upkeep]
|-damage|p2a: Zapdos|78/100|[from] Sandstorm
|-heal|p2a: Zapdos|84/100|[from] item: Leftovers
|upkeep
|turn|21
|
|t:|1744955208
|move|p2a: Zapdos|Heat Wave|p1a: Ferrothorn
|-supereffective|p1a: Ferrothorn
|-damage|p1a: Ferrothorn|24/100
|move|p1a: Ferrothorn|Spikes|p2a: Zapdos
|-sidestart|p2: Claude's Journey|Spikes
|
|-weather|Sandstorm|[upkeep]
|-damage|p2a: Zapdos|78/100|[from] Sandstorm
|-heal|p2a: Zapdos|84/100|[from] item: Leftovers
|-heal|p1a: Ferrothorn|31/100|[from] item: Leftovers
|upkeep
|turn|22
|
|t:|1744955213
|move|p2a: Zapdos|Heat Wave|p1a: Ferrothorn
|-supereffective|p1a: Ferrothorn
|-damage|p1a: Ferrothorn|0 fnt
|faint|p1a: Ferrothorn
|
|-weather|Sandstorm|[upkeep]
|-damage|p2a: Zapdos|78/100|[from] Sandstorm
|-heal|p2a: Zapdos|84/100|[from] item: Leftovers
|upkeep
|
|t:|1744955221
|switch|p1a: Keldeo|Keldeo|96/100
|-damage|p1a: Keldeo|90/100|[from] Stealth Rock
|turn|23
|
|t:|1744955230
|switch|p2a: Tyranitar|Tyranitar, F|59/100
|-damage|p2a: Tyranitar|46/100|[from] Spikes
|move|p1a: Keldeo|Hidden Power|p2a: Tyranitar
|-damage|p2a: Tyranitar|35/100
|
|-weather|Sandstorm|[upkeep]
|-damage|p1a: Keldeo|83/100|[from] Sandstorm
|-heal|p1a: Keldeo|90/100|[from] item: Leftovers
|upkeep
|turn|24
|
|t:|1744955235
|move|p1a: Keldeo|Scald|p2a: Tyranitar
|-supereffective|p2a: Tyranitar
|-damage|p2a: Tyranitar|1/100
|move|p2a: Tyranitar|Earthquake|p1a: Keldeo
|-damage|p1a: Keldeo|54/100
|
|-weather|Sandstorm|[upkeep]
|-damage|p1a: Keldeo|48/100|[from] Sandstorm
|-heal|p1a: Keldeo|54/100|[from] item: Leftovers
|upkeep
|turn|25
|-message|abysmal dogshit forfeited.
|
|win|Claude's Journey
|raw|abysmal dogshit's rating: 1377 &rarr; <strong>1357</strong><br />(-20 for losing)
|raw|Claude&apos;s Journey's rating: 1384 &rarr; <strong>1404</strong><br />(+20 for winning)
|l|☆abysmal dogshit
|player|p1|
