|j|☆CringLord!
|j|☆av2336
|t:|1716672889
|gametype|singles
|player|p1|CringLord!|caitlin|1380
|player|p2|av2336|pokemaniac-gen3rs|1433
|teamsize|p1|6
|teamsize|p2|6
|gen|5
|tier|[Gen 5] OU
|rated|
|rule|Species Clause: Limit one of each Pokémon
|rule|OHKO Clause: OHKO moves are banned
|rule|Moody Clause: Moody is banned
|rule|Evasion Items Clause: Evasion items are banned
|rule|Evasion Moves Clause: Evasion moves are banned
|rule|Endless Battle Clause: Forcing endless battles is banned
|rule|HP Percentage Mod: HP is shown in percentages
|rule|Evasion Abilities Clause: Evasion abilities are banned
|rule|Sleep Moves Clause: Sleep-inducing moves are banned
|rule|Swagger Clause: Swagger is banned
|rule|Baton Pass Stat Clause: No Baton Passer may have a way to boost its stats
|clearpoke
|poke|p1|Latios, M|item
|poke|p1|Alakazam, M|item
|poke|p1|Reuniclus, F|item
|poke|p1|Tyranitar, F|item
|poke|p1|Skarmory, M|item
|poke|p1|Jellicent, M|item
|poke|p2|Bronzong|item
|poke|p2|Gallade, M|item
|poke|p2|Jellicent, M|item
|poke|p2|Conkeldurr, F|item
|poke|p2|Reuniclus, M|item
|poke|p2|Dragonite, M|item
|teampreview
|inactive|Battle timer is ON: inactive players will automatically lose when time's up. (requested by av2336)
|
|t:|1716672898
|start
|switch|p1a: Latios|Latios, M|100/100
|switch|p2a: Bronzong|Bronzong|100/100
|turn|1
|
|t:|1716672904
|switch|p1a: Skarmory|Skarmory, M|100/100
|move|p2a: Bronzong|Stealth Rock|p1a: Skarmory
|-sidestart|p1: CringLord!|move: Stealth Rock
|
|upkeep
|turn|2
|
|t:|1716672908
|move|p1a: Skarmory|Spikes|p2a: Bronzong
|-sidestart|p2: av2336|Spikes
|move|p2a: Bronzong|Trick Room|p2a: Bronzong
|-fieldstart|move: Trick Room|[of] p2a: Bronzong
|
|upkeep
|turn|3
|
|t:|1716672912
|move|p2a: Bronzong|Explosion|p1a: Skarmory
|-resisted|p1a: Skarmory
|-damage|p1a: Skarmory|73/100
|faint|p2a: Bronzong
|move|p1a: Skarmory|Spikes|p2: Bronzong
|-sidestart|p2: av2336|Spikes
|
|upkeep
|
|t:|1716672928
|switch|p2a: Jellicent|Jellicent, M|100/100
|-item|p2a: Jellicent|Air Balloon
|turn|4
|
|t:|1716672936
|switch|p1a: Reuniclus|Reuniclus, F|100/100
|move|p2a: Jellicent|Surf|p1a: Reuniclus
|-damage|p1a: Reuniclus|61/100
|
|-heal|p1a: Reuniclus|67/100|[from] item: Leftovers
|upkeep
|turn|5
|
|t:|1716672947
|move|p1a: Reuniclus|Calm Mind|p1a: Reuniclus
|-boost|p1a: Reuniclus|spa|1
|-boost|p1a: Reuniclus|spd|1
|move|p2a: Jellicent|Shadow Ball|p1a: Reuniclus
|-supereffective|p1a: Reuniclus
|-damage|p1a: Reuniclus|27/100
|-unboost|p1a: Reuniclus|spd|1
|
|-heal|p1a: Reuniclus|33/100|[from] item: Leftovers
|upkeep
|turn|6
|
|t:|1716672950
|move|p1a: Reuniclus|Recover|p1a: Reuniclus
|-heal|p1a: Reuniclus|83/100
|move|p2a: Jellicent|Shadow Ball|p1a: Reuniclus
|-supereffective|p1a: Reuniclus
|-damage|p1a: Reuniclus|23/100
|-unboost|p1a: Reuniclus|spd|1
|
|-heal|p1a: Reuniclus|29/100|[from] item: Leftovers
|-fieldend|move: Trick Room
|upkeep
|turn|7
|
|t:|1716672957
|switch|p1a: Tyranitar|Tyranitar, F|100/100
|-damage|p1a: Tyranitar|88/100|[from] Stealth Rock
|-weather|Sandstorm|[from] ability: Sand Stream|[of] p1a: Tyranitar
|move|p2a: Jellicent|Surf|p1a: Tyranitar
|-supereffective|p1a: Tyranitar
|-damage|p1a: Tyranitar|46/100
|
|-weather|Sandstorm|[upkeep]
|-damage|p2a: Jellicent|94/100|[from] Sandstorm
|upkeep
|turn|8
|
|t:|1716672970
|move|p1a: Tyranitar|Crunch|p2a: Jellicent
|-supereffective|p2a: Jellicent
|-damage|p2a: Jellicent|1/100
|-enditem|p2a: Jellicent|Air Balloon
|move|p2a: Jellicent|Trick Room|p2a: Jellicent
|-fieldstart|move: Trick Room|[of] p2a: Jellicent
|
|-weather|Sandstorm|[upkeep]
|-damage|p2a: Jellicent|0 fnt|[from] Sandstorm
|faint|p2a: Jellicent
|upkeep
|
|t:|1716672980
|switch|p2a: Gallade|Gallade, M|100/100
|-damage|p2a: Gallade|84/100|[from] Spikes
|turn|9
|
|t:|1716672985
|move|p2a: Gallade|Leaf Blade|p1a: Tyranitar
|-supereffective|p1a: Tyranitar
|-damage|p1a: Tyranitar|0 fnt
|faint|p1a: Tyranitar
|-damage|p2a: Gallade|74/100|[from] item: Life Orb
|
|-weather|Sandstorm|[upkeep]
|-damage|p2a: Gallade|68/100|[from] Sandstorm
|upkeep
|
|t:|1716672992
|switch|p1a: Reuniclus|Reuniclus, F|29/100
|turn|10
|
|t:|1716672999
|move|p1a: Reuniclus|Recover|p1a: Reuniclus
|-heal|p1a: Reuniclus|79/100
|move|p2a: Gallade|Leaf Blade|p1a: Reuniclus
|-damage|p1a: Reuniclus|51/100
|-damage|p2a: Gallade|58/100|[from] item: Life Orb
|
|-weather|Sandstorm|[upkeep]
|-damage|p2a: Gallade|52/100|[from] Sandstorm
|-heal|p1a: Reuniclus|57/100|[from] item: Leftovers
|upkeep
|turn|11
|
|t:|1716673004
|move|p1a: Reuniclus|Recover|p1a: Reuniclus
|-heal|p1a: Reuniclus|100/100
|move|p2a: Gallade|Leaf Blade|p1a: Reuniclus
|-damage|p1a: Reuniclus|68/100
|-damage|p2a: Gallade|42/100|[from] item: Life Orb
|
|-weather|Sandstorm|[upkeep]
|-damage|p2a: Gallade|36/100|[from] Sandstorm
|-heal|p1a: Reuniclus|75/100|[from] item: Leftovers
|upkeep
|turn|12
|
|t:|1716673007
|move|p1a: Reuniclus|Calm Mind|p1a: Reuniclus
|-boost|p1a: Reuniclus|spa|1
|-boost|p1a: Reuniclus|spd|1
|move|p2a: Gallade|Leaf Blade|p1a: Reuniclus
|-damage|p1a: Reuniclus|46/100
|-damage|p2a: Gallade|26/100|[from] item: Life Orb
|
|-weather|Sandstorm|[upkeep]
|-damage|p2a: Gallade|20/100|[from] Sandstorm
|-heal|p1a: Reuniclus|52/100|[from] item: Leftovers
|-fieldend|move: Trick Room
|upkeep
|turn|13
|
|t:|1716673012
|move|p2a: Gallade|Leaf Blade|p1a: Reuniclus
|-damage|p1a: Reuniclus|21/100
|-damage|p2a: Gallade|11/100|[from] item: Life Orb
|move|p1a: Reuniclus|Recover|p1a: Reuniclus
|-heal|p1a: Reuniclus|71/100
|
|-weather|Sandstorm|[upkeep]
|-damage|p2a: Gallade|4/100|[from] Sandstorm
|-heal|p1a: Reuniclus|77/100|[from] item: Leftovers
|upkeep
|turn|14
|
|t:|1716673016
|move|p2a: Gallade|Leaf Blade|p1a: Reuniclus
|-crit|p1a: Reuniclus
|-damage|p1a: Reuniclus|18/100
|-damage|p2a: Gallade|0 fnt|[from] item: Life Orb
|faint|p2a: Gallade
|move|p1a: Reuniclus|Recover|p1a: Reuniclus
|-heal|p1a: Reuniclus|68/100
|
|-weather|Sandstorm|[upkeep]
|-heal|p1a: Reuniclus|74/100|[from] item: Leftovers
|upkeep
|
|t:|1716673020
|switch|p2a: Dragonite|Dragonite, M|100/100
|turn|15
|
|t:|1716673027
|move|p2a: Dragonite|Outrage|p1a: Reuniclus
|-damage|p1a: Reuniclus|4/100
|move|p1a: Reuniclus|Psychic|p2a: Dragonite
|-damage|p2a: Dragonite|73/100
|
|-weather|Sandstorm|[upkeep]
|-damage|p2a: Dragonite|66/100|[from] Sandstorm
|-heal|p1a: Reuniclus|10/100|[from] item: Leftovers
|upkeep
|turn|16
|
|t:|1716673032
|switch|p1a: Skarmory|Skarmory, M|73/100
|-damage|p1a: Skarmory|60/100|[from] Stealth Rock
|move|p2a: Dragonite|Outrage|p1a: Skarmory|[from]lockedmove
|-resisted|p1a: Skarmory
|-damage|p1a: Skarmory|17/100
|-damage|p2a: Dragonite|50/100|[from] item: Rocky Helmet|[of] p1a: Skarmory
|
|-weather|Sandstorm|[upkeep]
|-damage|p2a: Dragonite|44/100|[from] Sandstorm
|upkeep
|turn|17
|
|t:|1716673040
|move|p2a: Dragonite|Outrage|p1a: Skarmory|[from]lockedmove
|-resisted|p1a: Skarmory
|-damage|p1a: Skarmory|0 fnt
|-damage|p2a: Dragonite|27/100|[from] item: Rocky Helmet|[of] p1a: Skarmory
|faint|p1a: Skarmory
|-start|p2a: Dragonite|confusion|[fatigue]
|
|-weather|Sandstorm|[upkeep]
|-damage|p2a: Dragonite|21/100|[from] Sandstorm
|upkeep
|
|t:|1716673047
|switch|p1a: Alakazam|Alakazam, M|100/100
|turn|18
|
|t:|1716673050
|move|p1a: Alakazam|Psychic|p2a: Dragonite
|-damage|p2a: Dragonite|0 fnt
|faint|p2a: Dragonite
|
|-weather|Sandstorm|[upkeep]
|upkeep
|
|t:|1716673055
|switch|p2a: Reuniclus|Reuniclus, M|100/100
|turn|19
|
|t:|1716673058
|switch|p1a: Latios|Latios, M|100/100
|-damage|p1a: Latios|88/100|[from] Stealth Rock
|move|p2a: Reuniclus|Trick Room|p2a: Reuniclus
|-fieldstart|move: Trick Room|[of] p2a: Reuniclus
|
|-weather|Sandstorm|[upkeep]
|-damage|p1a: Latios|82/100|[from] Sandstorm
|upkeep
|turn|20
|
|t:|1716673060
|move|p2a: Reuniclus|Shadow Ball|p1a: Latios
|-supereffective|p1a: Latios
|-damage|p1a: Latios|0 fnt
|faint|p1a: Latios
|
|-weather|Sandstorm|[upkeep]
|upkeep
|
|t:|1716673072
|switch|p1a: Jellicent|Jellicent, M|100/100
|-damage|p1a: Jellicent|88/100|[from] Stealth Rock
|turn|21
|
|t:|1716673075
|move|p2a: Reuniclus|Shadow Ball|p1a: Jellicent
|-supereffective|p1a: Jellicent
|-damage|p1a: Jellicent|29/100
|move|p1a: Jellicent|Taunt|p2a: Reuniclus
|-start|p2a: Reuniclus|move: Taunt
|
|-weather|Sandstorm|[upkeep]
|-damage|p1a: Jellicent|23/100|[from] Sandstorm
|-heal|p1a: Jellicent|29/100|[from] item: Leftovers
|upkeep
|turn|22
|
|t:|1716673080
|move|p2a: Reuniclus|Shadow Ball|p1a: Jellicent
|-supereffective|p1a: Jellicent
|-damage|p1a: Jellicent|0 fnt
|faint|p1a: Jellicent
|
|-weather|Sandstorm|[upkeep]
|upkeep
|
|t:|1716673083
|switch|p1a: Reuniclus|Reuniclus, F|10/100
|turn|23
|
|t:|1716673086
|move|p2a: Reuniclus|Shadow Ball|p1a: Reuniclus
|-supereffective|p1a: Reuniclus
|-damage|p1a: Reuniclus|0 fnt
|faint|p1a: Reuniclus
|
|-weather|Sandstorm|[upkeep]
|-fieldend|move: Trick Room
|upkeep
|
|t:|1716673087
|switch|p1a: Alakazam|Alakazam, M|100/100
|turn|24
|
|t:|1716673090
|move|p1a: Alakazam|Signal Beam|p2a: Reuniclus
|-supereffective|p2a: Reuniclus
|-damage|p2a: Reuniclus|48/100
|-start|p2a: Reuniclus|confusion
|-activate|p2a: Reuniclus|confusion
|-damage|p2a: Reuniclus|42/100|[from] confusion
|
|-weather|Sandstorm|[upkeep]
|-end|p2a: Reuniclus|move: Taunt
|upkeep
|turn|25
|
|t:|1716673096
|move|p1a: Alakazam|Signal Beam|p2a: Reuniclus
|-supereffective|p2a: Reuniclus
|-damage|p2a: Reuniclus|0 fnt
|faint|p2a: Reuniclus
|
|-weather|Sandstorm|[upkeep]
|upkeep
|
|t:|1716673099
|switch|p2a: Conkeldurr|Conkeldurr, F|100/100
|-damage|p2a: Conkeldurr|84/100|[from] Spikes
|turn|26
|
|t:|1716673104
|move|p1a: Alakazam|Psychic|p2a: Conkeldurr
|-supereffective|p2a: Conkeldurr
|-damage|p2a: Conkeldurr|0 fnt
|faint|p2a: Conkeldurr
|
|win|CringLord!
|raw|CringLord!'s rating: 1380 &rarr; <strong>1404</strong><br />(+24 for winning)
|raw|av2336's rating: 1442 &rarr; <strong>1418</strong><br />(-24 for losing)
