|uhtml|medal-msg|<div class="broadcast-blue">Curious what those medals under the avatar are? PS now has Ladder Seasons! For more information, check out the <a href="https://www.smogon.com/forums/threads/3740067/">thread on Smogon.</a></div>
|uhtml|medal-msg|<div class="broadcast-blue">Curious what those medals under the avatar are? PS now has Ladder Seasons! For more information, check out the <a href="https://www.smogon.com/forums/threads/3740067/">thread on Smogon.</a></div>
|j|☆Unhiptube3
|j|☆combeeuwu
|t:|1713730345
|gametype|singles
|player|p1|Unhiptube3|marley|1320
|player|p2|combeeuwu|265|1457
|teamsize|p1|6
|teamsize|p2|6
|gen|5
|tier|[Gen 5] OU
|rated|
|rule|Species Clause: Limit one of each Pokémon
|rule|OHKO Clause: OHKO moves are banned
|rule|Moody Clause: Moody is banned
|rule|Evasion Items Clause: Evasion items are banned
|rule|Evasion Moves Clause: Evasion moves are banned
|rule|Endless Battle Clause: Forcing endless battles is banned
|rule|HP Percentage Mod: HP is shown in percentages
|rule|Evasion Abilities Clause: Evasion abilities are banned
|rule|Sleep Moves Clause: Sleep-inducing moves are banned
|rule|Swagger Clause: Swagger is banned
|rule|Baton Pass Stat Clause: No Baton Passer may have a way to boost its stats
|clearpoke
|poke|p1|Garchomp, F|item
|poke|p1|Dragonite, M|item
|poke|p1|Latios, M|item
|poke|p1|Scizor, F|item
|poke|p1|Magnezone|item
|poke|p1|Starmie|item
|poke|p2|Magnezone|item
|poke|p2|Kyurem-Black|item
|poke|p2|Latios, M|item
|poke|p2|Jirachi|item
|poke|p2|Garchomp, F|item
|poke|p2|Dragonite, M|item
|teampreview
|inactive|Battle timer is ON: inactive players will automatically lose when time's up. (requested by combeeuwu)
|inactive|Unhiptube3 has 120 seconds left.
|inactive|Unhiptube3 has 90 seconds left.
|inactive|Unhiptube3 has 60 seconds left.
|j| LudocyelZ
|
|t:|1713730455
|start
|switch|p1a: Garchomp|Garchomp, F|100/100
|switch|p2a: Latios|Latios, M|100/100
|turn|1
|
|t:|1713730464
|switch|p1a: Scizor|Scizor, F|100/100
|move|p2a: Latios|Draco Meteor|p1a: Scizor
|-resisted|p1a: Scizor
|-damage|p1a: Scizor|56/100
|-unboost|p2a: Latios|spa|2
|
|upkeep
|turn|2
|
|t:|1713730473
|-activate|p2a: Latios|move: Pursuit
|move|p1a: Scizor|Pursuit|p2a: Latios|[from]Pursuit
|-supereffective|p2a: Latios
|-damage|p2a: Latios|0 fnt
|faint|p2a: Latios
|-hint|A Pokemon can't switch between when it runs out of HP and when it faints
|
|upkeep
|
|t:|1713730479
|switch|p2a: Garchomp|Garchomp, F|100/100
|turn|3
|
|t:|1713730489
|switch|p1a: Latios|Latios, M|100/100
|move|p2a: Garchomp|Stealth Rock|p1a: Latios
|-sidestart|p1: Unhiptube3|move: Stealth Rock
|
|upkeep
|turn|4
|
|t:|1713730496
|switch|p2a: Jirachi|Jirachi|100/100
|move|p1a: Latios|Dragon Pulse|p2a: Jirachi
|-resisted|p2a: Jirachi
|-damage|p2a: Jirachi|87/100
|
|-heal|p2a: Jirachi|93/100|[from] item: Leftovers
|upkeep
|turn|5
|
|t:|1713730502
|switch|p1a: Magnezone|Magnezone|100/100
|-damage|p1a: Magnezone|94/100|[from] Stealth Rock
|move|p2a: Jirachi|U-turn|p1a: Magnezone
|-resisted|p1a: Magnezone
|-damage|p1a: Magnezone|86/100
|
|t:|1713730506
|switch|p2a: Garchomp|Garchomp, F|100/100|[from] U-turn
|
|upkeep
|turn|6
|
|t:|1713730509
|move|p2a: Garchomp|Outrage|p1a: Magnezone
|-resisted|p1a: Magnezone
|-damage|p1a: Magnezone|52/100
|move|p1a: Magnezone|Flash Cannon|p2a: Garchomp
|-damage|p2a: Garchomp|53/100
|
|upkeep
|turn|7
|l| LudocyelZ
|
|t:|1713730516
|move|p2a: Garchomp|Outrage|p1a: Magnezone|[from]lockedmove
|-resisted|p1a: Magnezone
|-damage|p1a: Magnezone|18/100
|move|p1a: Magnezone|Flash Cannon|p2a: Garchomp
|-damage|p2a: Garchomp|9/100
|
|upkeep
|turn|8
|j| LudocyelZ
|l| LudocyelZ
|
|t:|1713730522
|move|p2a: Garchomp|Outrage|p1a: Magnezone|[from]lockedmove
|-resisted|p1a: Magnezone
|-damage|p1a: Magnezone|0 fnt
|faint|p1a: Magnezone
|-start|p2a: Garchomp|confusion|[fatigue]
|
|upkeep
|
|t:|1713730530
|switch|p1a: Latios|Latios, M|100/100
|-damage|p1a: Latios|88/100|[from] Stealth Rock
|turn|9
|
|t:|1713730534
|move|p1a: Latios|Dragon Pulse|p2a: Garchomp
|-supereffective|p2a: Garchomp
|-damage|p2a: Garchomp|0 fnt
|faint|p2a: Garchomp
|
|upkeep
|
|t:|1713730536
|switch|p2a: Jirachi|Jirachi|93/100
|turn|10
|
|t:|1713730541
|switch|p1a: Scizor|Scizor, F|56/100
|-damage|p1a: Scizor|43/100|[from] Stealth Rock
|move|p2a: Jirachi|U-turn|p1a: Scizor
|-resisted|p1a: Scizor
|-damage|p1a: Scizor|35/100
|
|t:|1713730550
|switch|p2a: Dragonite|Dragonite, M|100/100|[from] U-turn
|
|upkeep
|turn|11
|
|t:|1713730561
|move|p2a: Dragonite|Dragon Dance|p2a: Dragonite
|-boost|p2a: Dragonite|atk|1
|-boost|p2a: Dragonite|spe|1
|move|p1a: Scizor|U-turn|p2a: Dragonite
|-resisted|p2a: Dragonite
|-damage|p2a: Dragonite|84/100
|
|t:|1713730568
|switch|p1a: Latios|Latios, M|88/100|[from] U-turn
|-damage|p1a: Latios|76/100|[from] Stealth Rock
|
|upkeep
|turn|12
|
|t:|1713730571
|switch|p2a: Jirachi|Jirachi|93/100
|move|p1a: Latios|Dragon Pulse|p2a: Jirachi
|-resisted|p2a: Jirachi
|-damage|p2a: Jirachi|78/100
|
|-heal|p2a: Jirachi|84/100|[from] item: Leftovers
|upkeep
|turn|13
|
|t:|1713730576
|switch|p1a: Garchomp|Garchomp, F|100/100
|-damage|p1a: Garchomp|94/100|[from] Stealth Rock
|move|p2a: Jirachi|U-turn|p1a: Garchomp
|-damage|p1a: Garchomp|77/100
|-damage|p2a: Jirachi|72/100|[from] ability: Rough Skin|[of] p1a: Garchomp
|
|t:|1713730580
|switch|p2a: Magnezone|Magnezone|100/100|[from] U-turn
|-item|p2a: Magnezone|Air Balloon
|
|upkeep
|turn|14
|
|t:|1713730589
|move|p1a: Garchomp|Stealth Rock|p2a: Magnezone
|-sidestart|p2: combeeuwu|move: Stealth Rock
|move|p2a: Magnezone|Magnet Rise|p2a: Magnezone
|-start|p2a: Magnezone|Magnet Rise
|
|upkeep
|turn|15
|
|t:|1713730594
|move|p1a: Garchomp|Dragon Claw|p2a: Magnezone
|-resisted|p2a: Magnezone
|-damage|p2a: Magnezone|78/100
|-enditem|p2a: Magnezone|Air Balloon
|move|p2a: Magnezone|Hidden Power|p1a: Garchomp
|-resisted|p1a: Garchomp
|-damage|p1a: Garchomp|64/100
|
|upkeep
|turn|16
|
|t:|1713730603
|switch|p2a: Jirachi|Jirachi|72/100
|-damage|p2a: Jirachi|66/100|[from] Stealth Rock
|move|p1a: Garchomp|Swords Dance|p1a: Garchomp
|-boost|p1a: Garchomp|atk|2
|
|-heal|p2a: Jirachi|72/100|[from] item: Leftovers
|upkeep
|turn|17
|
|t:|1713730606
|move|p1a: Garchomp|Earthquake|p2a: Jirachi
|-supereffective|p2a: Jirachi
|-damage|p2a: Jirachi|0 fnt
|faint|p2a: Jirachi
|
|upkeep
|-message|combeeuwu forfeited.
|
|win|Unhiptube3
|raw|Unhiptube3's rating: 1320 &rarr; <strong>1348</strong><br />(+28 for winning)
|raw|combeeuwu's rating: 1457 &rarr; <strong>1429</strong><br />(-28 for losing)
|l|☆combeeuwu
|player|p2|
