|badge|p1|bronze|gen9nu|100-4
|badge|p1|bronze|gen9pu|100-4
|uhtml|medal-msg|<div class="broadcast-blue">Curious what those medals under the avatar are? PS now has Ladder Seasons! For more information, check out the <a href="https://www.smogon.com/forums/threads/3740067/">thread on Smogon.</a></div>
|j|☆It's-A-Me-Mariooo
|j|☆chuzzzi
|t:|1739737136
|gametype|singles
|player|p1|It's-A-Me-Mariooo|265|1444
|player|p2|chuzzzi|dawn|1445
|teamsize|p1|6
|teamsize|p2|6
|gen|5
|tier|[Gen 5] OU
|rated|
|rule|Species Clause: Limit one of each Pokémon
|rule|OHKO Clause: OHKO moves are banned
|rule|Moody Clause: Moody is banned
|rule|Evasion Items Clause: Evasion items are banned
|rule|Evasion Moves Clause: Evasion moves are banned
|rule|Endless Battle Clause: Forcing endless battles is banned
|rule|HP Percentage Mod: HP is shown in percentages
|rule|Evasion Abilities Clause: Evasion abilities are banned
|rule|Sleep Moves Clause: Sleep-inducing moves are banned
|rule|Swagger Clause: Swagger is banned
|rule|Baton Pass Stat Clause: No Baton Passer may have a way to boost its stats
|clearpoke
|poke|p1|Conkeldurr, F|item
|poke|p1|Scizor, F|item
|poke|p1|Latios, M|item
|poke|p1|Staraptor, F|item
|poke|p1|Keldeo|item
|poke|p1|Excadrill, F|item
|poke|p2|Conkeldurr, F|item
|poke|p2|Celebi|item
|poke|p2|Tyranitar, M|item
|poke|p2|Xatu, M|item
|poke|p2|Ferrothorn, F|item
|poke|p2|Landorus-Therian, M|item
|teampreview
|inactive|Battle timer is ON: inactive players will automatically lose when time's up. (requested by chuzzzi)
|
|t:|1739737155
|start
|switch|p1a: Conkeldurr|Conkeldurr, F|100/100
|switch|p2a: Landorus|Landorus-Therian, M|100/100
|-ability|p2a: Landorus|Intimidate|boost
|-unboost|p1a: Conkeldurr|atk|1
|turn|1
|
|t:|1739737160
|move|p2a: Landorus|U-turn|p1a: Conkeldurr
|-resisted|p1a: Conkeldurr
|-damage|p1a: Conkeldurr|90/100
|
|t:|1739737162
|switch|p2a: Conkeldurr|Conkeldurr, F|100/100|[from] U-turn
|move|p1a: Conkeldurr|Drain Punch|p2a: Conkeldurr
|-damage|p2a: Conkeldurr|57/100
|-heal|p1a: Conkeldurr|100/100|[from] drain|[of] p2a: Conkeldurr
|-damage|p1a: Conkeldurr|90/100|[from] item: Life Orb
|
|-heal|p2a: Conkeldurr|63/100|[from] item: Leftovers
|upkeep
|turn|2
|
|t:|1739737170
|switch|p1a: Latios|Latios, M|100/100
|move|p2a: Conkeldurr|Drain Punch|p1a: Latios
|-resisted|p1a: Latios
|-crit|p1a: Latios
|-damage|p1a: Latios|40/100
|-heal|p2a: Conkeldurr|88/100|[from] drain|[of] p1a: Latios
|
|-heal|p2a: Conkeldurr|94/100|[from] item: Leftovers
|upkeep
|turn|3
|
|t:|1739737176
|switch|p2a: Ferrothorn|Ferrothorn, F|100/100
|move|p1a: Latios|Draco Meteor|p2a: Ferrothorn
|-resisted|p2a: Ferrothorn
|-damage|p2a: Ferrothorn|62/100
|-unboost|p1a: Latios|spa|2
|
|-heal|p2a: Ferrothorn|68/100|[from] item: Leftovers
|upkeep
|turn|4
|
|t:|1739737185
|switch|p1a: Conkeldurr|Conkeldurr, F|90/100
|move|p2a: Ferrothorn|Spikes|p1a: Conkeldurr
|-sidestart|p1: It's-A-Me-Mariooo|Spikes
|
|-heal|p2a: Ferrothorn|75/100|[from] item: Leftovers
|upkeep
|turn|5
|
|t:|1739737195
|switch|p2a: Conkeldurr|Conkeldurr, F|94/100
|move|p1a: Conkeldurr|Ice Punch|p2a: Conkeldurr
|-damage|p2a: Conkeldurr|49/100
|-damage|p1a: Conkeldurr|80/100|[from] item: Life Orb
|
|-heal|p2a: Conkeldurr|55/100|[from] item: Leftovers
|upkeep
|turn|6
|
|t:|1739737199
|move|p2a: Conkeldurr|Drain Punch|p1a: Conkeldurr
|-damage|p1a: Conkeldurr|43/100
|-heal|p2a: Conkeldurr|75/100|[from] drain|[of] p1a: Conkeldurr
|move|p1a: Conkeldurr|Drain Punch|p2a: Conkeldurr
|-damage|p2a: Conkeldurr|14/100
|-heal|p1a: Conkeldurr|72/100|[from] drain|[of] p2a: Conkeldurr
|-damage|p1a: Conkeldurr|62/100|[from] item: Life Orb
|
|-heal|p2a: Conkeldurr|20/100|[from] item: Leftovers
|upkeep
|turn|7
|
|t:|1739737207
|switch|p2a: Celebi|Celebi|100/100
|move|p1a: Conkeldurr|Mach Punch|p2a: Celebi
|-resisted|p2a: Celebi
|-damage|p2a: Celebi|84/100
|-damage|p1a: Conkeldurr|52/100|[from] item: Life Orb
|
|-heal|p2a: Celebi|90/100|[from] item: Leftovers
|upkeep
|turn|8
|
|t:|1739737212
|switch|p1a: Scizor|Scizor, F|100/100
|-damage|p1a: Scizor|88/100|[from] Spikes
|move|p2a: Celebi|Stealth Rock|p1a: Scizor
|-sidestart|p1: It's-A-Me-Mariooo|move: Stealth Rock
|
|-heal|p2a: Celebi|96/100|[from] item: Leftovers
|upkeep
|turn|9
|
|t:|1739737219
|-activate|p2a: Celebi|move: Pursuit
|move|p1a: Scizor|Pursuit|p2a: Celebi|[from] Pursuit
|-supereffective|p2a: Celebi
|-damage|p2a: Celebi|21/100
|switch|p2a: Xatu|Xatu, M|100/100
|
|upkeep
|turn|10
|
|t:|1739737241
|move|p2a: Xatu|U-turn|p1a: Scizor
|-resisted|p1a: Scizor
|-damage|p1a: Scizor|80/100
|-activate|p2a: Xatu|move: Pursuit
|move|p1a: Scizor|Pursuit|p2a: Xatu|[from] Pursuit
|-supereffective|p2a: Xatu
|-damage|p2a: Xatu|11/100
|-damage|p1a: Scizor|64/100|[from] item: Rocky Helmet|[of] p2a: Xatu
|
|t:|1739737253
|switch|p2a: Conkeldurr|Conkeldurr, F|20/100|[from] U-turn
|
|-heal|p2a: Conkeldurr|26/100|[from] item: Leftovers
|upkeep
|turn|11
|
|t:|1739737276
|move|p1a: Scizor|Pursuit|p2a: Conkeldurr
|-resisted|p2a: Conkeldurr
|-damage|p2a: Conkeldurr|11/100
|move|p2a: Conkeldurr|Drain Punch|p1a: Scizor
|-damage|p1a: Scizor|13/100
|-heal|p2a: Conkeldurr|30/100|[from] drain|[of] p1a: Scizor
|
|-heal|p2a: Conkeldurr|36/100|[from] item: Leftovers
|upkeep
|turn|12
|
|t:|1739737290
|move|p2a: Conkeldurr|Mach Punch|p1a: Scizor
|-damage|p1a: Scizor|0 fnt
|faint|p1a: Scizor
|
|-heal|p2a: Conkeldurr|42/100|[from] item: Leftovers
|upkeep
|
|t:|1739737300
|switch|p1a: Latios|Latios, M|40/100
|-damage|p1a: Latios|28/100|[from] Stealth Rock
|turn|13
|
|t:|1739737307
|switch|p2a: Xatu|Xatu, M|11/100
|move|p1a: Latios|Draco Meteor|p2a: Xatu
|-damage|p2a: Xatu|0 fnt
|-unboost|p1a: Latios|spa|2
|faint|p2a: Xatu
|
|upkeep
|
|t:|1739737315
|switch|p2a: Tyranitar|Tyranitar, M|100/100
|-weather|Sandstorm|[from] ability: Sand Stream|[of] p2a: Tyranitar
|turn|14
|
|t:|1739737317
|move|p1a: Latios|Draco Meteor|p2a: Tyranitar
|-damage|p2a: Tyranitar|73/100
|-unboost|p1a: Latios|spa|2
|move|p2a: Tyranitar|Pursuit|p1a: Latios
|-supereffective|p1a: Latios
|-damage|p1a: Latios|0 fnt
|faint|p1a: Latios
|
|-weather|Sandstorm|[upkeep]
|upkeep
|
|t:|1739737319
|switch|p1a: Excadrill|Excadrill, F|100/100
|-damage|p1a: Excadrill|97/100|[from] Stealth Rock
|-ability|p1a: Excadrill|Mold Breaker
|-item|p1a: Excadrill|Air Balloon
|turn|15
|
|t:|1739737324
|move|p1a: Excadrill|Rapid Spin|p2a: Tyranitar
|-resisted|p2a: Tyranitar
|-damage|p2a: Tyranitar|70/100
|-sideend|p1: It's-A-Me-Mariooo|Spikes|[from] move: Rapid Spin|[of] p1a: Excadrill
|-sideend|p1: It's-A-Me-Mariooo|Stealth Rock|[from] move: Rapid Spin|[of] p1a: Excadrill
|move|p2a: Tyranitar|Superpower|p1a: Excadrill
|-supereffective|p1a: Excadrill
|-damage|p1a: Excadrill|0 fnt
|-unboost|p2a: Tyranitar|atk|1
|-unboost|p2a: Tyranitar|def|1
|-enditem|p1a: Excadrill|Air Balloon
|faint|p1a: Excadrill
|
|-weather|Sandstorm|[upkeep]
|upkeep
|
|t:|1739737327
|switch|p1a: Keldeo|Keldeo|100/100
|turn|16
|
|t:|1739737346
|switch|p2a: Ferrothorn|Ferrothorn, F|75/100
|move|p1a: Keldeo|Substitute|p1a: Keldeo
|-start|p1a: Keldeo|Substitute
|-damage|p1a: Keldeo|76/100
|
|-weather|Sandstorm|[upkeep]
|-damage|p1a: Keldeo|70/100|[from] Sandstorm
|-heal|p1a: Keldeo|76/100|[from] item: Leftovers
|-heal|p2a: Ferrothorn|81/100|[from] item: Leftovers
|upkeep
|turn|17
|
|t:|1739737349
|move|p1a: Keldeo|Calm Mind|p1a: Keldeo
|-boost|p1a: Keldeo|spa|1
|-boost|p1a: Keldeo|spd|1
|move|p2a: Ferrothorn|Power Whip|p1a: Keldeo|[miss]
|-miss|p2a: Ferrothorn|p1a: Keldeo
|
|-weather|Sandstorm|[upkeep]
|-damage|p1a: Keldeo|70/100|[from] Sandstorm
|-heal|p1a: Keldeo|76/100|[from] item: Leftovers
|-heal|p2a: Ferrothorn|87/100|[from] item: Leftovers
|upkeep
|turn|18
|
|t:|1739737351
|move|p1a: Keldeo|Secret Sword|p2a: Ferrothorn
|-supereffective|p2a: Ferrothorn
|-damage|p2a: Ferrothorn|10/100
|move|p2a: Ferrothorn|Power Whip|p1a: Keldeo
|-supereffective|p1a: Keldeo
|-end|p1a: Keldeo|Substitute
|
|-weather|Sandstorm|[upkeep]
|-damage|p1a: Keldeo|70/100|[from] Sandstorm
|-heal|p1a: Keldeo|76/100|[from] item: Leftovers
|-heal|p2a: Ferrothorn|17/100|[from] item: Leftovers
|upkeep
|turn|19
|
|t:|1739737355
|move|p1a: Keldeo|Substitute|p1a: Keldeo
|-start|p1a: Keldeo|Substitute
|-damage|p1a: Keldeo|51/100
|move|p2a: Ferrothorn|Power Whip|p1a: Keldeo
|-supereffective|p1a: Keldeo
|-end|p1a: Keldeo|Substitute
|
|-weather|Sandstorm|[upkeep]
|-damage|p1a: Keldeo|45/100|[from] Sandstorm
|-heal|p1a: Keldeo|51/100|[from] item: Leftovers
|-heal|p2a: Ferrothorn|23/100|[from] item: Leftovers
|upkeep
|turn|20
|
|t:|1739737363
|move|p1a: Keldeo|Secret Sword|p2a: Ferrothorn
|-supereffective|p2a: Ferrothorn
|-damage|p2a: Ferrothorn|0 fnt
|faint|p2a: Ferrothorn
|
|-weather|Sandstorm|[upkeep]
|-damage|p1a: Keldeo|45/100|[from] Sandstorm
|-heal|p1a: Keldeo|51/100|[from] item: Leftovers
|upkeep
|
|t:|1739737367
|switch|p2a: Landorus|Landorus-Therian, M|100/100
|-ability|p2a: Landorus|Intimidate|boost
|-unboost|p1a: Keldeo|atk|1
|turn|21
|
|t:|1739737371
|switch|p1a: Staraptor|Staraptor, F|100/100
|move|p2a: Landorus|Earthquake|p1a: Staraptor
|-immune|p1a: Staraptor
|
|-weather|Sandstorm|[upkeep]
|-damage|p1a: Staraptor|95/100|[from] Sandstorm
|upkeep
|turn|22
|
|t:|1739737386
|move|p1a: Staraptor|U-turn|p2a: Landorus
|-resisted|p2a: Landorus
|-damage|p2a: Landorus|89/100
|
|t:|1739737391
|switch|p1a: Conkeldurr|Conkeldurr, F|52/100|[from] U-turn
|move|p2a: Landorus|Earthquake|p1a: Conkeldurr
|-damage|p1a: Conkeldurr|3/100
|
|-weather|Sandstorm|[upkeep]
|-damage|p1a: Conkeldurr|0 fnt|[from] Sandstorm
|faint|p1a: Conkeldurr
|upkeep
|
|t:|1739737396
|switch|p1a: Staraptor|Staraptor, F|95/100
|turn|23
|
|t:|1739737400
|switch|p2a: Celebi|Celebi|21/100
|move|p1a: Staraptor|U-turn|p2a: Celebi
|-supereffective|p2a: Celebi
|-damage|p2a: Celebi|0 fnt
|faint|p2a: Celebi
|
|t:|1739737403
|switch|p1a: Keldeo|Keldeo|51/100|[from] U-turn
|
|-weather|Sandstorm|[upkeep]
|-damage|p1a: Keldeo|45/100|[from] Sandstorm
|-heal|p1a: Keldeo|51/100|[from] item: Leftovers
|upkeep
|
|t:|1739737407
|switch|p2a: Tyranitar|Tyranitar, M|70/100
|turn|24
|
|t:|1739737414
|move|p1a: Keldeo|Secret Sword|p2a: Tyranitar
|-supereffective|p2a: Tyranitar
|-enditem|p2a: Tyranitar|Chople Berry|[eat]
|-enditem|p2a: Tyranitar|Chople Berry|[weaken]
|-damage|p2a: Tyranitar|18/100
|move|p2a: Tyranitar|Superpower|p1a: Keldeo
|-damage|p1a: Keldeo|6/100
|-unboost|p2a: Tyranitar|atk|1
|-unboost|p2a: Tyranitar|def|1
|
|-weather|Sandstorm|[upkeep]
|-damage|p1a: Keldeo|0 fnt|[from] Sandstorm
|faint|p1a: Keldeo
|upkeep
|
|t:|1739737419
|switch|p1a: Staraptor|Staraptor, F|95/100
|turn|25
|
|t:|1739737421
|move|p1a: Staraptor|Brave Bird|p2a: Tyranitar
|-resisted|p2a: Tyranitar
|-damage|p2a: Tyranitar|0 fnt
|faint|p2a: Tyranitar
|-damage|p1a: Staraptor|87/100|[from] Recoil
|
|-weather|Sandstorm|[upkeep]
|-damage|p1a: Staraptor|81/100|[from] Sandstorm
|upkeep
|
|t:|1739737425
|switch|p2a: Landorus|Landorus-Therian, M|89/100
|-ability|p2a: Landorus|Intimidate|boost
|-unboost|p1a: Staraptor|atk|1
|turn|26
|
|t:|1739737430
|switch|p2a: Conkeldurr|Conkeldurr, F|42/100
|move|p1a: Staraptor|Brave Bird|p2a: Conkeldurr
|-supereffective|p2a: Conkeldurr
|-damage|p2a: Conkeldurr|0 fnt
|faint|p2a: Conkeldurr
|-damage|p1a: Staraptor|65/100|[from] Recoil
|
|-weather|Sandstorm|[upkeep]
|-damage|p1a: Staraptor|59/100|[from] Sandstorm
|upkeep
|
|t:|1739737431
|switch|p2a: Landorus|Landorus-Therian, M|89/100
|-ability|p2a: Landorus|Intimidate|boost
|-unboost|p1a: Staraptor|atk|1
|turn|27
|
|t:|1739737433
|move|p1a: Staraptor|Brave Bird|p2a: Landorus
|-damage|p2a: Landorus|53/100
|-damage|p1a: Staraptor|46/100|[from] Recoil
|move|p2a: Landorus|Hidden Power|p1a: Staraptor
|-supereffective|p1a: Staraptor
|-damage|p1a: Staraptor|0 fnt
|faint|p1a: Staraptor
|
|win|chuzzzi
|raw|It&apos;s-A-Me-Mariooo's rating: 1444 &rarr; <strong>1424</strong><br />(-20 for losing)
|raw|chuzzzi's rating: 1445 &rarr; <strong>1465</strong><br />(+20 for winning)
|l|☆It's-A-Me-Mariooo
|player|p1|
