|j|☆Salutethewolf
|j|☆baixiaohen
|t:|1746546602
|gametype|singles
|player|p1|Salutethewolf|hugh|1347
|player|p2|baixiaohen|n|1480
|teamsize|p1|6
|teamsize|p2|6
|gen|5
|tier|[Gen 5] OU
|rated|
|rule|Species Clause: Limit one of each Pokémon
|rule|OHKO Clause: OHKO moves are banned
|rule|Moody Clause: Moody is banned
|rule|Evasion Items Clause: Evasion items are banned
|rule|Evasion Moves Clause: Evasion moves are banned
|rule|Endless Battle Clause: Forcing endless battles is banned
|rule|HP Percentage Mod: HP is shown in percentages
|rule|Evasion Abilities Clause: Evasion abilities are banned
|rule|Sleep Moves Clause: Sleep-inducing moves are banned
|rule|Swagger Clause: Swagger is banned
|rule|Baton Pass Stat Clause: No Baton Passer may have a way to boost its stats
|clearpoke
|poke|p1|Gengar, F|item
|poke|p1|Gliscor, M|item
|poke|p1|Scizor, M|item
|poke|p1|Mamoswine, M|item
|poke|p1|Hydreigon, M|item
|poke|p1|Excadrill, F|item
|poke|p2|Skarmory, F|item
|poke|p2|Tentacruel, M|item
|poke|p2|Chansey, F|item
|poke|p2|Gliscor, M|item
|poke|p2|Jellicent, F|item
|poke|p2|Quagsire, F|item
|teampreview
|inactive|Battle timer is ON: inactive players will automatically lose when time's up. (requested by baixiaohen)
|inactive|Salutethewolf also wants the timer to be on.
|
|t:|1746546618
|start
|switch|p1a: Gengar|Gengar, F|100/100
|switch|p2a: Skarmory|Skarmory, F|100/100
|turn|1
|
|t:|1746546627
|move|p1a: Gengar|Taunt|p2a: Skarmory
|-start|p2a: Skarmory|move: Taunt
|cant|p2a: Skarmory|move: Taunt|Stealth Rock
|
|upkeep
|turn|2
|
|t:|1746546636
|switch|p2a: Chansey|Chansey, F|100/100
|move|p1a: Gengar|Will-O-Wisp|p2a: Chansey
|-status|p2a: Chansey|brn
|
|-damage|p2a: Chansey|88/100 brn|[from] brn
|upkeep
|turn|3
|
|t:|1746546645
|-curestatus|p2a: Chansey|brn|[from] ability: Natural Cure
|switch|p2a: Gliscor|Gliscor, M|100/100
|move|p1a: Gengar|Taunt|p2a: Gliscor
|-start|p2a: Gliscor|move: Taunt
|
|-status|p2a: Gliscor|tox|[from] item: Toxic Orb
|upkeep
|turn|4
|
|t:|1746546657
|switch|p2a: Tentacruel|Tentacruel, M|100/100
|move|p1a: Gengar|Hex|p2a: Tentacruel
|-damage|p2a: Tentacruel|82/100
|
|-heal|p2a: Tentacruel|88/100|[from] item: Black Sludge
|upkeep
|turn|5
|
|t:|1746546667
|move|p2a: Tentacruel|Scald|p1a: Gengar
|-damage|p1a: Gengar|68/100
|move|p1a: Gengar|Will-O-Wisp|p2a: Tentacruel|[miss]
|-miss|p1a: Gengar|p2a: Tentacruel
|
|-heal|p2a: Tentacruel|94/100|[from] item: Black Sludge
|-heal|p1a: Gengar|74/100|[from] item: Black Sludge
|upkeep
|turn|6
|
|t:|1746546681
|move|p2a: Tentacruel|Scald|p1a: Gengar
|-damage|p1a: Gengar|43/100
|move|p1a: Gengar|Will-O-Wisp|p2a: Tentacruel
|-status|p2a: Tentacruel|brn
|
|-heal|p2a: Tentacruel|99/100 brn|[from] item: Black Sludge
|-heal|p1a: Gengar|49/100|[from] item: Black Sludge
|-damage|p2a: Tentacruel|88/100 brn|[from] brn
|upkeep
|turn|7
|
|t:|1746546692
|switch|p1a: Hydreigon|Hydreigon, M|100/100
|move|p2a: Tentacruel|Scald|p1a: Hydreigon
|-resisted|p1a: Hydreigon
|-damage|p1a: Hydreigon|89/100
|
|-heal|p1a: Hydreigon|95/100|[from] item: Leftovers
|-heal|p2a: Tentacruel|94/100 brn|[from] item: Black Sludge
|-damage|p2a: Tentacruel|82/100 brn|[from] brn
|upkeep
|turn|8
|
|t:|1746546704
|switch|p2a: Chansey|Chansey, F|88/100
|move|p1a: Hydreigon|Dragon Pulse|p2a: Chansey
|-damage|p2a: Chansey|73/100
|
|-heal|p1a: Hydreigon|100/100|[from] item: Leftovers
|upkeep
|turn|9
|
|t:|1746546712
|move|p1a: Hydreigon|Taunt|p2a: Chansey
|-start|p2a: Chansey|move: Taunt
|cant|p2a: Chansey|move: Taunt|Heal Bell
|
|upkeep
|turn|10
|
|t:|1746546719
|switch|p2a: Skarmory|Skarmory, F|100/100
|move|p1a: Hydreigon|Dragon Pulse|p2a: Skarmory
|-resisted|p2a: Skarmory
|-damage|p2a: Skarmory|69/100
|
|upkeep
|turn|11
|
|t:|1746546726
|switch|p2a: Chansey|Chansey, F|73/100
|move|p1a: Hydreigon|Flamethrower|p2a: Chansey
|-damage|p2a: Chansey|63/100
|
|upkeep
|turn|12
|
|t:|1746546734
|switch|p2a: Jellicent|Jellicent, F|100/100
|move|p1a: Hydreigon|Taunt|p2a: Jellicent
|-start|p2a: Jellicent|move: Taunt
|
|upkeep
|turn|13
|
|t:|1746546743
|move|p1a: Hydreigon|Dragon Pulse|p2a: Jellicent
|-damage|p2a: Jellicent|63/100
|move|p2a: Jellicent|Scald|p1a: Hydreigon
|-resisted|p1a: Hydreigon
|-damage|p1a: Hydreigon|86/100
|
|-heal|p1a: Hydreigon|92/100|[from] item: Leftovers
|-heal|p2a: Jellicent|69/100|[from] item: Leftovers
|upkeep
|turn|14
|
|t:|1746546767
|switch|p2a: Chansey|Chansey, F|63/100
|move|p1a: Hydreigon|Dragon Pulse|p2a: Chansey
|-damage|p2a: Chansey|48/100
|
|-heal|p1a: Hydreigon|98/100|[from] item: Leftovers
|upkeep
|turn|15
|
|t:|1746546776
|move|p2a: Chansey|Protect|p2a: Chansey
|-singleturn|p2a: Chansey|Protect
|move|p1a: Hydreigon|Taunt|p2a: Chansey
|-activate|p2a: Chansey|move: Protect
|
|-heal|p1a: Hydreigon|100/100|[from] item: Leftovers
|upkeep
|turn|16
|
|t:|1746546785
|switch|p2a: Tentacruel|Tentacruel, M|82/100 brn
|move|p1a: Hydreigon|Taunt|p2a: Tentacruel
|-start|p2a: Tentacruel|move: Taunt
|
|-heal|p2a: Tentacruel|88/100 brn|[from] item: Black Sludge
|-damage|p2a: Tentacruel|75/100 brn|[from] brn
|upkeep
|turn|17
|
|t:|1746546796
|move|p1a: Hydreigon|Dragon Pulse|p2a: Tentacruel
|-damage|p2a: Tentacruel|37/100 brn
|move|p2a: Tentacruel|Ice Beam|p1a: Hydreigon
|-supereffective|p1a: Hydreigon
|-damage|p1a: Hydreigon|56/100
|
|-heal|p1a: Hydreigon|62/100|[from] item: Leftovers
|-heal|p2a: Tentacruel|43/100 brn|[from] item: Black Sludge
|-damage|p2a: Tentacruel|31/100 brn|[from] brn
|upkeep
|turn|18
|
|t:|1746546823
|switch|p2a: Quagsire|Quagsire, F|100/100
|move|p1a: Hydreigon|Dragon Pulse|p2a: Quagsire
|-damage|p2a: Quagsire|47/100
|
|-heal|p1a: Hydreigon|68/100|[from] item: Leftovers
|-heal|p2a: Quagsire|53/100|[from] item: Leftovers
|upkeep
|turn|19
|
|t:|1746546832
|move|p1a: Hydreigon|Dragon Pulse|p2a: Quagsire
|-damage|p2a: Quagsire|1/100
|move|p2a: Quagsire|Recover|p2a: Quagsire
|-heal|p2a: Quagsire|51/100
|
|-heal|p1a: Hydreigon|74/100|[from] item: Leftovers
|-heal|p2a: Quagsire|57/100|[from] item: Leftovers
|upkeep
|turn|20
|
|t:|1746546846
|move|p1a: Hydreigon|Taunt|p2a: Quagsire
|-start|p2a: Quagsire|move: Taunt
|move|p2a: Quagsire|Scald|p1a: Hydreigon
|-resisted|p1a: Hydreigon
|-damage|p1a: Hydreigon|64/100
|
|-heal|p1a: Hydreigon|70/100|[from] item: Leftovers
|-heal|p2a: Quagsire|63/100|[from] item: Leftovers
|upkeep
|turn|21
|-message|baixiaohen forfeited.
|
|win|Salutethewolf
|raw|Salutethewolf's rating: 1347 &rarr; <strong>1374</strong><br />(+27 for winning)
|raw|baixiaohen's rating: 1480 &rarr; <strong>1453</strong><br />(-27 for losing)
|l|☆baixiaohen
|player|p2|
|l|☆Salutethewolf
|player|p1|
|j|☆Salutethewolf
|player|p1|Salutethewolf|hugh|
