|j|☆99 Red drifloon
|j|☆Initial Offense
|player|p1|99 Red drifloon|102
|player|p2|Initial Offense|1
|teamsize|p1|6
|teamsize|p2|6
|gametype|singles
|gen|5
|tier|[Gen 5] OU
|rated|
|rule|Sleep Clause Mod: Limit one foe put to sleep
|rule|Species Clause: Limit one of each Pokémon
|rule|OHKO Clause: OHKO moves are banned
|rule|Moody Clause: Moody is banned
|rule|Evasion Moves Clause: Evasion moves are banned
|rule|Endless Battle Clause: Forcing endless battles is banned
|rule|HP Percentage Mod: HP is shown in percentages
|rule|Evasion Abilities Clause: Evasion abilities are banned
|rule|Baton Pass Clause: Limit one Baton Passer, can't pass Spe and other stats simultaneously
|rule|Swagger Clause: Swagger is banned
|clearpoke
|poke|p1|Tyranitar, M|item
|poke|p1|Magnezone|item
|poke|p1|Terrakion|item
|poke|p1|Latios, M|item
|poke|p1|Scizor, M|item
|poke|p1|Landorus-Therian, M|item
|poke|p2|Ninetales, M|item
|poke|p2|Salamence, M|item
|poke|p2|Lilligant, F|item
|poke|p2|Darmanitan, F|item
|poke|p2|Ferrothorn, F|item
|poke|p2|Excadrill, M|item
|teampreview
|
|start
|switch|p1a: Pat Riely|Tyranitar, M|100/100
|switch|p2a: Ferrothorn|Ferrothorn, F|100/100
|-weather|Sandstorm|[from] ability: Sand Stream|[of] p1a: Pat Riely
|turn|1
|
|move|p1a: Pat Riely|Stealth Rock|p2a: Ferrothorn
|-sidestart|p2: Initial Offense|move: Stealth Rock
|move|p2a: Ferrothorn|Stealth Rock|p1a: Pat Riely
|-sidestart|p1: 99 Red drifloon|move: Stealth Rock
|
|-weather|Sandstorm|[upkeep]
|upkeep
|turn|2
|
|switch|p1a: Bron Bron|Landorus-Therian, M|100/100
|-damage|p1a: Bron Bron|88/100|[from] Stealth Rock
|-ability|p1a: Bron Bron|Intimidate|boost
|-unboost|p2a: Ferrothorn|atk|1
|move|p2a: Ferrothorn|Spikes|p1a: Bron Bron
|-sidestart|p1: 99 Red drifloon|Spikes
|
|-weather|Sandstorm|[upkeep]
|upkeep
|turn|3
|
|move|p1a: Bron Bron|U-turn|p2a: Ferrothorn
|-damage|p2a: Ferrothorn|82/100
|-damage|p1a: Bron Bron|76/100|[from] ability: Iron Barbs|[of] p2a: Ferrothorn
|
|switch|p1a: Ray Allen|Magnezone|100/100|[from]move: U-turn
|-damage|p1a: Ray Allen|88/100|[from] Spikes
|-damage|p1a: Ray Allen|82/100|[from] Stealth Rock
|move|p2a: Ferrothorn|Leech Seed|p1a: Ray Allen
|-start|p1a: Ray Allen|move: Leech Seed
|
|-weather|Sandstorm|[upkeep]
|-heal|p1a: Ray Allen|88/100|[from] item: Leftovers
|-heal|p2a: Ferrothorn|88/100|[from] item: Leftovers
|-damage|p1a: Ray Allen|76/100|[from] Leech Seed|[of] p2a: Ferrothorn
|-heal|p2a: Ferrothorn|98/100|[silent]
|upkeep
|turn|4
|
|move|p1a: Ray Allen|Hidden Power|p2a: Ferrothorn
|-supereffective|p2a: Ferrothorn
|-damage|p2a: Ferrothorn|22/100
|move|p2a: Ferrothorn|Spikes|p1a: Ray Allen
|-sidestart|p1: 99 Red drifloon|Spikes
|
|-weather|Sandstorm|[upkeep]
|-heal|p1a: Ray Allen|82/100|[from] item: Leftovers
|-heal|p2a: Ferrothorn|28/100|[from] item: Leftovers
|-damage|p1a: Ray Allen|69/100|[from] Leech Seed|[of] p2a: Ferrothorn
|-heal|p2a: Ferrothorn|38/100|[silent]
|upkeep
|turn|5
|
|move|p1a: Ray Allen|Hidden Power|p2a: Ferrothorn
|-supereffective|p2a: Ferrothorn
|-damage|p2a: Ferrothorn|0 fnt
|faint|p2a: Ferrothorn
|
|-weather|Sandstorm|[upkeep]
|-heal|p1a: Ray Allen|75/100|[from] item: Leftovers
|upkeep
|
|switch|p2a: Excadrill|Excadrill, M|100/100
|-damage|p2a: Excadrill|97/100|[from] Stealth Rock
|-ability|p2a: Excadrill|Mold Breaker
|turn|6
|
|switch|p1a: Bron Bron|Landorus-Therian, M|76/100
|-damage|p1a: Bron Bron|64/100|[from] Stealth Rock
|-ability|p1a: Bron Bron|Intimidate|boost
|-unboost|p2a: Excadrill|atk|1
|move|p2a: Excadrill|Rapid Spin|p1a: Bron Bron
|-damage|p1a: Bron Bron|59/100
|-sideend|p2: Initial Offense|Stealth Rock|[from] move: Rapid Spin|[of] p2a: Excadrill
|
|-weather|Sandstorm|[upkeep]
|-heal|p2a: Excadrill|100/100|[from] item: Leftovers
|upkeep
|turn|7
|
|move|p2a: Excadrill|Protect|p2a: Excadrill
|-singleturn|p2a: Excadrill|Protect
|move|p1a: Bron Bron|Hidden Power|p2a: Excadrill
|-activate|p2a: Excadrill|move: Protect
|
|-weather|Sandstorm|[upkeep]
|upkeep
|turn|8
|
|move|p2a: Excadrill|Earthquake|p1a: Bron Bron
|-immune|p1a: Bron Bron
|move|p1a: Bron Bron|Earthquake|p2a: Excadrill
|-supereffective|p2a: Excadrill
|-damage|p2a: Excadrill|0 fnt
|faint|p2a: Excadrill
|
|-weather|Sandstorm|[upkeep]
|upkeep
|
|switch|p2a: Salamence|Salamence, M|100/100
|-ability|p2a: Salamence|Intimidate|boost
|-unboost|p1a: Bron Bron|atk|1
|turn|9
|
|move|p2a: Salamence|Fire Blast|p1a: Bron Bron
|-damage|p1a: Bron Bron|3/100
|-damage|p2a: Salamence|91/100|[from] item: Life Orb
|move|p1a: Bron Bron|Hidden Power|p2a: Salamence
|-supereffective|p2a: Salamence
|-damage|p2a: Salamence|0 fnt
|faint|p2a: Salamence
|
|-weather|Sandstorm|[upkeep]
|upkeep
|
|switch|p2a: Darmanitan|Darmanitan, F|100/100
|turn|10
|
|move|p2a: Darmanitan|U-turn|p1a: Bron Bron
|-resisted|p1a: Bron Bron
|-damage|p1a: Bron Bron|0 fnt
|faint|p1a: Bron Bron
|
|switch|p2a: Lilligant|Lilligant, F|100/100|[from]move: U-turn
|
|-weather|Sandstorm|[upkeep]
|-damage|p2a: Lilligant|94/100|[from] Sandstorm
|-heal|p2a: Lilligant|100/100|[from] item: Leftovers
|upkeep
|
|switch|p1a: Ray Allen|Magnezone|75/100
|-damage|p1a: Ray Allen|69/100|[from] Stealth Rock
|-damage|p1a: Ray Allen|53/100|[from] Spikes
|turn|11
|
|move|p2a: Lilligant|Sleep Powder|p1a: Ray Allen
|-status|p1a: Ray Allen|slp|[from] move: Sleep Powder
|cant|p1a: Ray Allen|slp
|
|-weather|Sandstorm|[upkeep]
|-damage|p2a: Lilligant|94/100|[from] Sandstorm
|-heal|p2a: Lilligant|100/100|[from] item: Leftovers
|-heal|p1a: Ray Allen|59/100 slp|[from] item: Leftovers
|upkeep
|turn|12
|
|switch|p1a: Miller|Scizor, M, shiny|100/100
|-damage|p1a: Miller|88/100|[from] Stealth Rock
|-damage|p1a: Miller|72/100|[from] Spikes
|move|p2a: Lilligant|Quiver Dance|p2a: Lilligant
|-boost|p2a: Lilligant|spa|1
|-boost|p2a: Lilligant|spd|1
|-boost|p2a: Lilligant|spe|1
|
|-weather|Sandstorm|[upkeep]
|-damage|p2a: Lilligant|94/100|[from] Sandstorm
|-heal|p2a: Lilligant|100/100|[from] item: Leftovers
|upkeep
|turn|13
|
|switch|p2a: Ninetales|Ninetales, M|100/100
|-weather|SunnyDay|[from] ability: Drought|[of] p2a: Ninetales
|move|p1a: Miller|Bullet Punch|p2a: Ninetales
|-resisted|p2a: Ninetales
|-damage|p2a: Ninetales|74/100
|
|-weather|SunnyDay|[upkeep]
|upkeep
|turn|14
|
|switch|p2a: Darmanitan|Darmanitan, F|100/100
|switch|p1a: Pat Riely|Tyranitar, M|100/100
|-damage|p1a: Pat Riely|84/100|[from] Spikes
|-damage|p1a: Pat Riely|71/100|[from] Stealth Rock
|-weather|Sandstorm|[from] ability: Sand Stream|[of] p1a: Pat Riely
|
|-weather|Sandstorm|[upkeep]
|-damage|p2a: Darmanitan|95/100|[from] Sandstorm
|-heal|p1a: Pat Riely|78/100|[from] item: Leftovers
|upkeep
|turn|15
|
|move|p2a: Darmanitan|U-turn|p1a: Pat Riely
|-supereffective|p1a: Pat Riely
|-crit|p1a: Pat Riely
|-damage|p1a: Pat Riely|0 fnt
|faint|p1a: Pat Riely
|
|switch|p2a: Ninetales|Ninetales, M|74/100|[from]move: U-turn
|-weather|SunnyDay|[from] ability: Drought|[of] p2a: Ninetales
|
|-weather|SunnyDay|[upkeep]
|upkeep
|
|switch|p1a: Bosh|Latios, M, shiny|100/100
|-damage|p1a: Bosh|88/100|[from] Stealth Rock
|turn|16
|
|switch|p2a: Lilligant|Lilligant, F|100/100
|move|p1a: Bosh|Psyshock|p2a: Lilligant
|-damage|p2a: Lilligant|41/100
|
|-weather|SunnyDay|[upkeep]
|-heal|p2a: Lilligant|47/100|[from] item: Leftovers
|upkeep
|turn|17
|
|move|p1a: Bosh|Psyshock|p2a: Lilligant
|-damage|p2a: Lilligant|0 fnt
|faint|p2a: Lilligant
|
|-weather|SunnyDay|[upkeep]
|upkeep
|
|switch|p2a: Darmanitan|Darmanitan, F|95/100
|turn|18
|inactive|Battle timer is ON: inactive players will automatically lose when time's up. (requested by Initial Offense)
|
|move|p2a: Darmanitan|U-turn|p1a: Bosh
|-supereffective|p1a: Bosh
|-damage|p1a: Bosh|20/100
|
|switch|p2a: Ninetales|Ninetales, M|74/100|[from]move: U-turn
|move|p1a: Bosh|Draco Meteor|p2a: Ninetales
|-damage|p2a: Ninetales|4/100
|-unboost|p1a: Bosh|spa|2
|
|-weather|SunnyDay|[upkeep]
|upkeep
|turn|19
|
|move|p1a: Bosh|Psyshock|p2a: Ninetales
|-damage|p2a: Ninetales|0 fnt
|faint|p2a: Ninetales
|
|-weather|SunnyDay|[upkeep]
|upkeep
|
|switch|p2a: Darmanitan|Darmanitan, F|95/100
|turn|20
|
|move|p2a: Darmanitan|Flare Blitz|p1a: Bosh
|-resisted|p1a: Bosh
|-damage|p1a: Bosh|0 fnt
|-damage|p2a: Darmanitan|89/100|[from] Recoil
|faint|p1a: Bosh
|
|-weather|SunnyDay|[upkeep]
|upkeep
|
|switch|p1a: Miller|Scizor, M, shiny|72/100
|-damage|p1a: Miller|59/100|[from] Stealth Rock
|-damage|p1a: Miller|43/100|[from] Spikes
|turn|21
|
|move|p1a: Miller|Bullet Punch|p2a: Darmanitan
|-resisted|p2a: Darmanitan
|-damage|p2a: Darmanitan|51/100
|move|p2a: Darmanitan|Flare Blitz|p1a: Miller
|-supereffective|p1a: Miller
|-damage|p1a: Miller|0 fnt
|-damage|p2a: Darmanitan|37/100|[from] Recoil
|faint|p1a: Miller
|
|-weather|SunnyDay|[upkeep]
|upkeep
|
|switch|p1a: Ray Allen|Magnezone|59/100 slp
|-damage|p1a: Ray Allen|42/100 slp|[from] Spikes
|-damage|p1a: Ray Allen|36/100 slp|[from] Stealth Rock
|turn|22
|
|move|p2a: Darmanitan|Flare Blitz|p1a: Ray Allen
|-supereffective|p1a: Ray Allen
|-damage|p1a: Ray Allen|0 fnt
|-damage|p2a: Darmanitan|28/100|[from] Recoil
|faint|p1a: Ray Allen
|
|-weather|SunnyDay|[upkeep]
|upkeep
|
|switch|p1a: D.Wade|Terrakion|100/100
|-damage|p1a: D.Wade|94/100|[from] Stealth Rock
|-damage|p1a: D.Wade|78/100|[from] Spikes
|turn|23
|
|move|p1a: D.Wade|Close Combat|p2a: Darmanitan
|-damage|p2a: Darmanitan|0 fnt
|-unboost|p1a: D.Wade|def|1
|-unboost|p1a: D.Wade|spd|1
|faint|p2a: Darmanitan
|
|win|99 Red drifloon
|raw|99 Red drifloon's rating: 1464 &rarr; <strong>1480</strong><br />(+16 for winning)
|raw|Initial Offense's rating: 1389 &rarr; <strong>1374</strong><br />(-15 for losing)
|l|☆Initial Offense
|c|☆99 Red drifloon|Gg
