|join|Julian
|join|Wüstenfuchs
|player|p1|Julian|169
|player|p2|Wüstenfuchs|256
|gametype|singles
|gen|5
|tier|[Gen 5] OU
|rated
|rule|Evasion Abilities Clause: Evasion abilities are banned
|clearpoke
|poke|p1|Garchomp, M
|poke|p1|Jirachi
|poke|p1|Rotom-Wash
|poke|p1|Latias, F
|poke|p1|Tyranitar, M
|poke|p1|Scizor, F
|poke|p2|Politoed, F
|poke|p2|Starmie
|poke|p2|Landorus-Therian, M
|poke|p2|Tornadus, M
|poke|p2|Ferrothorn, M
|poke|p2|Keldeo
|rule|Sleep Clause Mod: Limit one foe put to sleep
|rule|Species Clause: Limit one of each Pokemon
|rule|OHKO Clause: OHKO moves are banned
|rule|Moody Clause: Moody is banned
|rule|Evasion Moves Clause: Evasion moves are banned
|rule|Endless Battle Clause: Forcing endless battles is banned.
|rule|HP Percentage Mod: HP is reported as percentages
|teampreview
|
|start
|switch|p1a: Rotom-Wash|Rotom-Wash|299/299
|switch|p2a: Landorus-Therian|Landorus-Therian, M|320/320
|-ability|p2a: Landorus-Therian|Intimidate|[of] p1a: Rotom-Wash
|-unboost|p1a: Rotom-Wash|atk|1
|turn|1
|
|move|p2a: Landorus-Therian|U-turn|p1a: Rotom-Wash
|-damage|p1a: Rotom-Wash|209/299
|
|switch|p2a: Ferrothorn|Ferrothorn, M|352/352
|move|p1a: Rotom-Wash|Will-O-Wisp|p2a: Ferrothorn|[miss]
|-miss|p1a: Rotom-Wash|p2a: Ferrothorn
|
|-heal|p1a: Rotom-Wash|227/299|[from] item: Leftovers
|turn|2
|
|move|p1a: Rotom-Wash|Will-O-Wisp|p2a: Ferrothorn
|-status|p2a: Ferrothorn|brn
|move|p2a: Ferrothorn|Thunder Wave|p1a: Rotom-Wash
|-status|p1a: Rotom-Wash|par
|
|-heal|p1a: Rotom-Wash|245/299 par|[from] item: Leftovers
|-damage|p2a: Ferrothorn|308/352 brn|[from] brn
|turn|3
|
|switch|p1a: Tyranitar|Tyranitar, M|404/404
|-weather|Sandstorm|[from] ability: Sand Stream|[of] p1a: Tyranitar
|move|p2a: Ferrothorn|Stealth Rock|p1a: Tyranitar
|-sidestart|p1: Julian|move: Stealth Rock
|
|-weather|Sandstorm|[upkeep]
|-heal|p2a: Ferrothorn|330/352 brn|[from] item: Leftovers
|-damage|p2a: Ferrothorn|286/352 brn|[from] brn
|turn|4
|
|switch|p2a: Politoed|Politoed, F|384/384
|-weather|RainDance|[from] ability: Drizzle|[of] p2a: Politoed
|move|p1a: Tyranitar|Stealth Rock|p2a: Politoed
|-sidestart|p2: Wüstenfuchs|move: Stealth Rock
|
|-weather|RainDance|[upkeep]
|turn|5
|
|switch|p2a: Landorus-Therian|Landorus-Therian, M|320/320
|-damage|p2a: Landorus-Therian|280/320|[from] Stealth Rock
|-ability|p2a: Landorus-Therian|Intimidate|[of] p1a: Tyranitar
|-unboost|p1a: Tyranitar|atk|1
|switch|p1a: Rotom-Wash|Rotom-Wash|245/299 par
|-damage|p1a: Rotom-Wash|208/299 par|[from] Stealth Rock
|
|-weather|RainDance|[upkeep]
|-heal|p1a: Rotom-Wash|226/299 par|[from] item: Leftovers
|turn|6
|
|move|p2a: Landorus-Therian|U-turn|p1a: Rotom-Wash
|-damage|p1a: Rotom-Wash|144/299 par
|
|switch|p2a: Ferrothorn|Ferrothorn, M|286/352 brn
|-damage|p2a: Ferrothorn|264/352 brn|[from] Stealth Rock
|move|p1a: Rotom-Wash|Volt Switch|p2a: Ferrothorn
|-resisted|p2a: Ferrothorn
|-damage|p2a: Ferrothorn|231/352 brn
|join|Trollstodon
|
|switch|p1a: Garchomp|Garchomp, M|357/357
|-damage|p1a: Garchomp|335/357|[from] Stealth Rock
|
|-weather|RainDance|[upkeep]
|-heal|p2a: Ferrothorn|253/352 brn|[from] item: Leftovers
|-damage|p2a: Ferrothorn|209/352 brn|[from] brn
|turn|7
|
|switch|p2a: Landorus-Therian|Landorus-Therian, M|280/320
|-damage|p2a: Landorus-Therian|240/320|[from] Stealth Rock
|-ability|p2a: Landorus-Therian|Intimidate|[of] p1a: Garchomp
|-unboost|p1a: Garchomp|atk|1
|move|p1a: Garchomp|Earthquake|p2a: Landorus-Therian
|-immune|p2a: Landorus-Therian|[msg]
|
|-weather|RainDance|[upkeep]
|turn|8
|
|move|p2a: Landorus-Therian|Hidden Power|p1a: Garchomp
|-supereffective|p1a: Garchomp
|-enditem|p1a: Garchomp|Yache Berry|[eat]
|-damage|p1a: Garchomp|197/357
|move|p1a: Garchomp|Swords Dance|p1a: Garchomp
|-boost|p1a: Garchomp|atk|2
|
|-weather|RainDance|[upkeep]
|turn|9
|
|switch|p1a: Jirachi|Jirachi|341/341
|-damage|p1a: Jirachi|320/341|[from] Stealth Rock
|move|p2a: Landorus-Therian|Hidden Power|p1a: Jirachi
|-resisted|p1a: Jirachi
|-damage|p1a: Jirachi|288/341
|
|-weather|RainDance|[upkeep]
|turn|10
|
|switch|p2a: Ferrothorn|Ferrothorn, M|209/352 brn
|-damage|p2a: Ferrothorn|187/352 brn|[from] Stealth Rock
|move|p1a: Jirachi|Fire Punch|p2a: Ferrothorn
|-supereffective|p2a: Ferrothorn
|-damage|p2a: Ferrothorn|57/352 brn
|-damage|p1a: Jirachi|246/341|[from] ability: Iron Barbs|[of] p2a: Ferrothorn
|
|-weather|RainDance|[upkeep]
|-heal|p2a: Ferrothorn|79/352 brn|[from] item: Leftovers
|-damage|p2a: Ferrothorn|35/352 brn|[from] brn
|turn|11
|
|switch|p2a: Starmie|Starmie|262/262
|-damage|p2a: Starmie|230/262|[from] Stealth Rock
|move|p1a: Jirachi|Hidden Power|p2a: Starmie
|-crit|p2a: Starmie
|-resisted|p2a: Starmie
|-damage|p2a: Starmie|148/262
|
|-weather|RainDance|[upkeep]
|turn|12
|
|move|p2a: Starmie|Hydro Pump|p1a: Jirachi
|-damage|p1a: Jirachi|0 fnt
|faint|p1a: Jirachi
|
|-weather|RainDance|[upkeep]
|
|switch|p1a: Latias|Latias, F|302/302
|-damage|p1a: Latias|265/302|[from] Stealth Rock
|turn|13
|
|move|p2a: Starmie|Ice Beam|p1a: Latias
|-supereffective|p1a: Latias
|-damage|p1a: Latias|95/302
|move|p1a: Latias|Surf|p2a: Starmie
|-resisted|p2a: Starmie
|-damage|p2a: Starmie|34/262
|-damage|p1a: Latias|65/302|[from] item: Life Orb
|
|-weather|RainDance|[upkeep]
|turn|14
|
|move|p2a: Starmie|Rapid Spin|p1a: Latias
|-damage|p1a: Latias|53/302
|-sideend|p2: Wüstenfuchs|Stealth Rock|[from] move: Rapid Spin|[of] p2a: Starmie
|move|p1a: Latias|Surf|p2a: Starmie
|-resisted|p2a: Starmie
|-damage|p2a: Starmie|0 fnt
|-damage|p1a: Latias|23/302|[from] item: Life Orb
|faint|p2a: Starmie
|
|-weather|RainDance|[upkeep]
|
|switch|p2a: Tornadus|Tornadus, M|299/299
|turn|15
|
|move|p2a: Tornadus|U-turn|p1a: Latias
|-supereffective|p1a: Latias
|-damage|p1a: Latias|0 fnt
|faint|p1a: Latias
|
|switch|p2a: Keldeo|Keldeo|323/323
|
|-weather|RainDance|[upkeep]
|
|switch|p1a: Tyranitar|Tyranitar, M|404/404
|-damage|p1a: Tyranitar|354/404|[from] Stealth Rock
|-weather|Sandstorm|[from] ability: Sand Stream|[of] p1a: Tyranitar
|turn|16
|-message|Julian forfeited.
|
|win|Wüstenfuchs
|raw|Ladder updating...
|leave|Julian
|player|p1
|raw|Julian's rating: 1498 &rarr; <strong>1472</strong><br />(-26 for losing)
|raw|Wüstenfuchs's rating: 1382 &rarr; <strong>1408</strong><br />(+26 for winning)