|j|☆OrtideBoustiflor
|j|☆BLT1 Gitterman
|player|p1|OrtideBoustiflor|101
|player|p2|BLT1 Gitterman|20
|teamsize|p1|6
|teamsize|p2|6
|gametype|singles
|gen|5
|tier|[Gen 5] OU
|rated|
|rule|Sleep Clause Mod: Limit one foe put to sleep
|rule|Species Clause: Limit one of each Pokémon
|rule|OHKO Clause: OHKO moves are banned
|rule|Moody Clause: Moody is banned
|rule|Evasion Moves Clause: Evasion moves are banned
|rule|Endless Battle Clause: Forcing endless battles is banned
|rule|HP Percentage Mod: HP is shown in percentages
|rule|Evasion Abilities Clause: Evasion abilities are banned
|rule|Baton Pass Clause: Limit one Baton Passer, can't pass Spe and other stats simultaneously
|rule|Swagger Clause: Swagger is banned
|clearpoke
|poke|p1|Landorus-Therian, M|item
|poke|p1|Breloom, F|item
|poke|p1|Slowking, M|item
|poke|p1|Jirachi|item
|poke|p1|Tyranitar, F|item
|poke|p1|Latias, F|item
|poke|p2|Kyurem|item
|poke|p2|Gliscor, F|item
|poke|p2|Politoed, M|item
|poke|p2|Tentacruel, F|item
|poke|p2|Ferrothorn, M|item
|poke|p2|Latios, M|item
|teampreview
|inactive|Battle timer is ON: inactive players will automatically lose when time's up. (requested by OrtideBoustiflor)
|inactive|OrtideBoustiflor has 120 seconds left.
|
|start
|switch|p1a: Latias|Latias, F|100/100
|switch|p2a: Kyurem|Kyurem|100/100
|-ability|p2a: Kyurem|Pressure
|turn|1
|
|move|p1a: Latias|Trick|p2a: Kyurem
|-activate|p1a: Latias|move: Trick|[of] p2a: Kyurem
|-item|p2a: Kyurem|Choice Specs|[from] move: Trick
|-item|p1a: Latias|Leftovers|[from] move: Trick
|move|p2a: Kyurem|Ice Beam|p1a: Latias
|-supereffective|p1a: Latias
|-damage|p1a: Latias|0 fnt
|faint|p1a: Latias
|
|upkeep
|
|switch|p1a: Tyranitar|Tyranitar, F|100/100
|-weather|Sandstorm|[from] ability: Sand Stream|[of] p1a: Tyranitar
|turn|2
|
|switch|p2a: Politoed|Politoed, M|100/100
|-weather|RainDance|[from] ability: Drizzle|[of] p2a: Politoed
|move|p1a: Tyranitar|Stealth Rock|p2a: Politoed
|-sidestart|p2: BLT1 Gitterman|move: Stealth Rock
|
|-weather|RainDance|[upkeep]
|upkeep
|turn|3
|
|switch|p1a: Slowking|Slowking, M|100/100
|move|p2a: Politoed|Scald|p1a: Slowking
|-resisted|p1a: Slowking
|-damage|p1a: Slowking|87/100
|
|-weather|RainDance|[upkeep]
|-heal|p1a: Slowking|93/100|[from] item: Leftovers
|upkeep
|turn|4
|
|move|p2a: Politoed|Toxic|p1a: Slowking
|-status|p1a: Slowking|tox
|move|p1a: Slowking|Scald|p2a: Politoed
|-resisted|p2a: Politoed
|-damage|p2a: Politoed|83/100
|
|-weather|RainDance|[upkeep]
|-heal|p2a: Politoed|89/100|[from] item: Leftovers
|-heal|p1a: Slowking|99/100 tox|[from] item: Leftovers
|-damage|p1a: Slowking|93/100 tox|[from] psn
|upkeep
|turn|5
|
|move|p2a: Politoed|Protect|p2a: Politoed
|-singleturn|p2a: Politoed|Protect
|move|p1a: Slowking|Scald|p2a: Politoed
|-activate|p2a: Politoed|move: Protect
|
|-weather|RainDance|[upkeep]
|-heal|p2a: Politoed|96/100|[from] item: Leftovers
|-heal|p1a: Slowking|99/100 tox|[from] item: Leftovers
|-damage|p1a: Slowking|87/100 tox|[from] psn
|upkeep
|turn|6
|
|switch|p2a: Ferrothorn|Ferrothorn, M|100/100
|-damage|p2a: Ferrothorn|94/100|[from] Stealth Rock
|move|p1a: Slowking|Scald|p2a: Ferrothorn
|-resisted|p2a: Ferrothorn
|-damage|p2a: Ferrothorn|79/100
|-status|p2a: Ferrothorn|brn
|
|-weather|RainDance|[upkeep]
|-heal|p1a: Slowking|93/100 tox|[from] item: Leftovers
|-heal|p2a: Ferrothorn|85/100 brn|[from] item: Leftovers
|-damage|p1a: Slowking|75/100 tox|[from] psn
|-damage|p2a: Ferrothorn|73/100 brn|[from] brn
|upkeep
|turn|7
|
|move|p1a: Slowking|Fire Blast|p2a: Ferrothorn
|-supereffective|p2a: Ferrothorn
|-damage|p2a: Ferrothorn|39/100 brn
|move|p2a: Ferrothorn|Stealth Rock|p1a: Slowking
|-sidestart|p1: OrtideBoustiflor|move: Stealth Rock
|
|-weather|RainDance|[upkeep]
|-heal|p1a: Slowking|81/100 tox|[from] item: Leftovers
|-heal|p2a: Ferrothorn|45/100 brn|[from] item: Leftovers
|-damage|p1a: Slowking|56/100 tox|[from] psn
|-damage|p2a: Ferrothorn|33/100 brn|[from] brn
|upkeep
|turn|8
|
|switch|p1a: Tyranitar|Tyranitar, F|100/100
|-damage|p1a: Tyranitar|88/100|[from] Stealth Rock
|-weather|Sandstorm|[from] ability: Sand Stream|[of] p1a: Tyranitar
|switch|p2a: Tentacruel|Tentacruel, F|100/100
|-damage|p2a: Tentacruel|88/100|[from] Stealth Rock
|
|-weather|Sandstorm|[upkeep]
|-damage|p2a: Tentacruel|82/100|[from] Sandstorm
|-heal|p2a: Tentacruel|88/100|[from] item: Leftovers
|upkeep
|turn|9
|
|move|p2a: Tentacruel|Toxic|p1a: Tyranitar
|-status|p1a: Tyranitar|tox
|move|p1a: Tyranitar|Crunch|p2a: Tentacruel
|-damage|p2a: Tentacruel|51/100
|
|-weather|Sandstorm|[upkeep]
|-damage|p2a: Tentacruel|45/100|[from] Sandstorm
|-heal|p2a: Tentacruel|51/100|[from] item: Leftovers
|-damage|p1a: Tyranitar|82/100 tox|[from] psn
|upkeep
|turn|10
|
|move|p2a: Tentacruel|Rapid Spin|p1a: Tyranitar
|-resisted|p1a: Tyranitar
|-damage|p1a: Tyranitar|81/100 tox
|-sideend|p2: BLT1 Gitterman|Stealth Rock|[from] move: Rapid Spin|[of] p2a: Tentacruel
|move|p1a: Tyranitar|Ice Beam|p2a: Tentacruel
|-resisted|p2a: Tentacruel
|-damage|p2a: Tentacruel|44/100
|
|-weather|Sandstorm|[upkeep]
|-damage|p2a: Tentacruel|38/100|[from] Sandstorm
|-heal|p2a: Tentacruel|44/100|[from] item: Leftovers
|-damage|p1a: Tyranitar|69/100 tox|[from] psn
|upkeep
|turn|11
|
|move|p2a: Tentacruel|Scald|p1a: Tyranitar
|-supereffective|p1a: Tyranitar
|-crit|p1a: Tyranitar
|-damage|p1a: Tyranitar|21/100 tox
|move|p1a: Tyranitar|Crunch|p2a: Tentacruel
|-crit|p2a: Tentacruel
|-damage|p2a: Tentacruel|0 fnt
|faint|p2a: Tentacruel
|
|-weather|Sandstorm|[upkeep]
|-damage|p1a: Tyranitar|2/100 tox|[from] psn
|upkeep
|c|☆OrtideBoustiflor|ok
|
|switch|p2a: Gliscor|Gliscor, F|100/100
|turn|12
|
|switch|p1a: Landorus|Landorus-Therian, M|100/100
|-damage|p1a: Landorus|88/100|[from] Stealth Rock
|-ability|p1a: Landorus|Intimidate|boost
|-unboost|p2a: Gliscor|atk|1
|move|p2a: Gliscor|Earthquake|p1a: Landorus
|-immune|p1a: Landorus
|
|-weather|Sandstorm|[upkeep]
|-status|p2a: Gliscor|tox|[from] item: Toxic Orb
|upkeep
|turn|13
|
|switch|p1a: Jirachi|Jirachi|100/100
|-damage|p1a: Jirachi|94/100|[from] Stealth Rock
|move|p2a: Gliscor|Roost||[still]
|-fail|p2a: Gliscor
|
|-weather|Sandstorm|[upkeep]
|-heal|p1a: Jirachi|100/100|[from] item: Leftovers
|upkeep
|turn|14
|
|move|p1a: Jirachi|Iron Head|p2a: Gliscor
|-damage|p2a: Gliscor|77/100 tox
|move|p2a: Gliscor|Swords Dance|p2a: Gliscor
|-boost|p2a: Gliscor|atk|2
|
|-weather|Sandstorm|[upkeep]
|-heal|p2a: Gliscor|89/100 tox|[from] ability: Poison Heal
|upkeep
|turn|15
|
|move|p1a: Jirachi|Iron Head|p2a: Gliscor
|-damage|p2a: Gliscor|64/100 tox
|move|p2a: Gliscor|Swords Dance|p2a: Gliscor
|-boost|p2a: Gliscor|atk|2
|
|-weather|Sandstorm|[upkeep]
|-heal|p2a: Gliscor|76/100 tox|[from] ability: Poison Heal
|upkeep
|turn|16
|
|switch|p1a: Landorus|Landorus-Therian, M|88/100
|-damage|p1a: Landorus|76/100|[from] Stealth Rock
|-ability|p1a: Landorus|Intimidate|boost
|-unboost|p2a: Gliscor|atk|1
|move|p2a: Gliscor|Roost|p2a: Gliscor
|-heal|p2a: Gliscor|100/100 tox
|-singleturn|p2a: Gliscor|move: Roost
|
|-weather|Sandstorm|[upkeep]
|upkeep
|turn|17
|
|move|p1a: Landorus|Hidden Power|p2a: Gliscor
|-supereffective|p2a: Gliscor
|-damage|p2a: Gliscor|46/100 tox
|move|p2a: Gliscor|Roost|p2a: Gliscor
|-heal|p2a: Gliscor|96/100 tox
|-singleturn|p2a: Gliscor|move: Roost
|
|-weather|Sandstorm|[upkeep]
|-heal|p2a: Gliscor|100/100 tox|[from] ability: Poison Heal
|upkeep
|turn|18
|
|switch|p1a: Slowking|Slowking, M|90/100 tox
|-damage|p1a: Slowking|77/100 tox|[from] Stealth Rock
|move|p2a: Gliscor|Ice Fang|p1a: Slowking
|-resisted|p1a: Slowking
|-damage|p1a: Slowking|66/100 tox
|
|-weather|Sandstorm|[upkeep]
|-damage|p1a: Slowking|60/100 tox|[from] Sandstorm
|-heal|p1a: Slowking|66/100 tox|[from] item: Leftovers
|-damage|p1a: Slowking|60/100 tox|[from] psn
|upkeep
|turn|19
|
|switch|p1a: Landorus|Landorus-Therian, M|76/100
|-damage|p1a: Landorus|64/100|[from] Stealth Rock
|-ability|p1a: Landorus|Intimidate|boost
|-unboost|p2a: Gliscor|atk|1
|move|p2a: Gliscor|Ice Fang|p1a: Landorus
|-supereffective|p1a: Landorus
|-damage|p1a: Landorus|0 fnt
|faint|p1a: Landorus
|
|-weather|Sandstorm|[upkeep]
|upkeep
|
|switch|p1a: Slowking|Slowking, M|93/100 tox
|-damage|p1a: Slowking|81/100 tox|[from] Stealth Rock
|turn|20
|
|move|p2a: Gliscor|Earthquake|p1a: Slowking
|-crit|p1a: Slowking
|-damage|p1a: Slowking|0 fnt
|faint|p1a: Slowking
|
|-weather|Sandstorm|[upkeep]
|upkeep
|c|☆OrtideBoustiflor|lol
|
|switch|p1a: Breloom|Breloom, F|100/100
|-damage|p1a: Breloom|94/100|[from] Stealth Rock
|turn|21
|c|☆BLT1 Gitterman|did you like...have ice beam?
|
|move|p1a: Breloom|Bullet Seed|p2a: Gliscor
|-damage|p2a: Gliscor|75/100 tox
|-damage|p2a: Gliscor|50/100 tox
|-hitcount|p2a: Gliscor|2
|move|p2a: Gliscor|Ice Fang|p1a: Breloom
|-supereffective|p1a: Breloom
|-damage|p1a: Breloom|26/100
|
|-weather|Sandstorm|[upkeep]
|-damage|p1a: Breloom|20/100|[from] Sandstorm
|-heal|p2a: Gliscor|62/100 tox|[from] ability: Poison Heal
|upkeep
|turn|22
|c|☆OrtideBoustiflor|y
|
|switch|p2a: Ferrothorn|Ferrothorn, M|33/100 brn
|move|p1a: Breloom|Bullet Seed|p2a: Ferrothorn
|-resisted|p2a: Ferrothorn
|-damage|p2a: Ferrothorn|27/100 brn
|-resisted|p2a: Ferrothorn
|-damage|p2a: Ferrothorn|22/100 brn
|-resisted|p2a: Ferrothorn
|-damage|p2a: Ferrothorn|16/100 brn
|-resisted|p2a: Ferrothorn
|-damage|p2a: Ferrothorn|10/100 brn
|-hitcount|p2a: Ferrothorn|4
|
|-weather|Sandstorm|[upkeep]
|-damage|p1a: Breloom|14/100|[from] Sandstorm
|-heal|p2a: Ferrothorn|16/100 brn|[from] item: Leftovers
|-damage|p2a: Ferrothorn|4/100 brn|[from] brn
|upkeep
|turn|23
|
|switch|p1a: Tyranitar|Tyranitar, F|2/100 tox
|-damage|p1a: Tyranitar|0 fnt|[from] Stealth Rock
|faint|p1a: Tyranitar
|move|p2a: Ferrothorn|Spikes|p1: Tyranitar
|-sidestart|p1: OrtideBoustiflor|Spikes
|
|-weather|Sandstorm|[upkeep]
|-heal|p2a: Ferrothorn|10/100 brn|[from] item: Leftovers
|-damage|p2a: Ferrothorn|0 fnt|[from] brn
|faint|p2a: Ferrothorn
|upkeep
|
|switch|p1a: Jirachi|Jirachi|100/100
|switch|p2a: Latios|Latios, M|100/100
|-damage|p1a: Jirachi|94/100|[from] Stealth Rock
|-damage|p1a: Jirachi|82/100|[from] Spikes
|turn|24
|
|move|p2a: Latios|Trick|p1a: Jirachi
|-activate|p2a: Latios|move: Trick|[of] p1a: Jirachi
|-item|p1a: Jirachi|Choice Scarf|[from] move: Trick
|-item|p2a: Latios|Leftovers|[from] move: Trick
|move|p1a: Jirachi|Body Slam|p2a: Latios
|-damage|p2a: Latios|74/100
|-status|p2a: Latios|par
|
|-weather|Sandstorm|[upkeep]
|-damage|p2a: Latios|68/100 par|[from] Sandstorm
|-heal|p2a: Latios|74/100 par|[from] item: Leftovers
|upkeep
|turn|25
|
|switch|p1a: Breloom|Breloom, F|14/100
|-damage|p1a: Breloom|2/100|[from] Spikes
|-damage|p1a: Breloom|0 fnt|[from] Stealth Rock
|faint|p1a: Breloom
|switch|p2a: Gliscor|Gliscor, F|62/100 tox
|
|-weather|Sandstorm|[upkeep]
|-heal|p2a: Gliscor|74/100 tox|[from] ability: Poison Heal
|upkeep
|
|switch|p1a: Jirachi|Jirachi|82/100
|-damage|p1a: Jirachi|76/100|[from] Stealth Rock
|-damage|p1a: Jirachi|63/100|[from] Spikes
|turn|26
|
|move|p1a: Jirachi|Iron Head|p2a: Gliscor
|-damage|p2a: Gliscor|51/100 tox
|cant|p2a: Gliscor|flinch
|
|-weather|Sandstorm|[upkeep]
|-heal|p2a: Gliscor|64/100 tox|[from] ability: Poison Heal
|upkeep
|turn|27
|
|move|p1a: Jirachi|Iron Head|p2a: Gliscor
|-damage|p2a: Gliscor|41/100 tox
|cant|p2a: Gliscor|flinch
|
|-weather|Sandstorm|[upkeep]
|-heal|p2a: Gliscor|53/100 tox|[from] ability: Poison Heal
|upkeep
|turn|28
|
|move|p1a: Jirachi|Iron Head|p2a: Gliscor
|-damage|p2a: Gliscor|29/100 tox
|cant|p2a: Gliscor|flinch
|
|-weather|Sandstorm|[upkeep]
|-heal|p2a: Gliscor|41/100 tox|[from] ability: Poison Heal
|upkeep
|turn|29
|
|move|p1a: Jirachi|Iron Head|p2a: Gliscor
|-damage|p2a: Gliscor|17/100 tox
|move|p2a: Gliscor|Earthquake|p1a: Jirachi
|-supereffective|p1a: Jirachi
|-damage|p1a: Jirachi|10/100
|
|-weather|Sandstorm|[upkeep]
|-heal|p2a: Gliscor|29/100 tox|[from] ability: Poison Heal
|upkeep
|turn|30
|
|move|p1a: Jirachi|Iron Head|p2a: Gliscor
|-crit|p2a: Gliscor
|-damage|p2a: Gliscor|0 fnt
|faint|p2a: Gliscor
|
|-weather|Sandstorm|[upkeep]
|upkeep
|
|switch|p2a: Politoed|Politoed, M|96/100
|-weather|RainDance|[from] ability: Drizzle|[of] p2a: Politoed
|turn|31
|
|move|p1a: Jirachi|Iron Head|p2a: Politoed
|-resisted|p2a: Politoed
|-damage|p2a: Politoed|84/100
|move|p2a: Politoed|Scald|p1a: Jirachi
|-damage|p1a: Jirachi|0 fnt
|faint|p1a: Jirachi
|
|win|BLT1 Gitterman
|l|☆OrtideBoustiflor
|l|☆BLT1 Gitterman
|raw|OrtideBoustiflor's rating: 1498 &rarr; <strong>1478</strong><br />(-20 for losing)
|raw|BLT1 Gitterman's rating: 1495 &rarr; <strong>1516</strong><br />(+21 for winning)
