|j|☆pingudpp
|j|☆WeR#4Hay!
|t:|1750090262
|gametype|singles
|player|p1|pingudpp|169|1403
|player|p2|WeR#4Hay!|170|1519
|teamsize|p1|6
|teamsize|p2|6
|gen|5
|tier|[Gen 5] OU
|rated|
|rule|Species Clause: Limit one of each Pokémon
|rule|OHKO Clause: OHKO moves are banned
|rule|Moody Clause: Moody is banned
|rule|Evasion Items Clause: Evasion items are banned
|rule|Evasion Moves Clause: Evasion moves are banned
|rule|Endless Battle Clause: Forcing endless battles is banned
|rule|HP Percentage Mod: HP is shown in percentages
|rule|Evasion Abilities Clause: Evasion abilities are banned
|rule|Sleep Moves Clause: Sleep-inducing moves are banned
|rule|Swagger Clause: Swagger is banned
|rule|Baton Pass Stat Clause: No Baton Passer may have a way to boost its stats
|clearpoke
|poke|p1|Chansey, F|item
|poke|p1|Xatu, F|item
|poke|p1|Sableye, F|item
|poke|p1|Quagsire, F|item
|poke|p1|Tentacruel, M|item
|poke|p1|Jirachi|item
|poke|p2|Breloom, M|item
|poke|p2|Heatran, M|item
|poke|p2|Rotom-Wash|item
|poke|p2|Jirachi|item
|poke|p2|Latias, F|item
|poke|p2|Landorus-Therian, M|item
|teampreview
|inactive|Battle timer is ON: inactive players will automatically lose when time's up. (requested by pingudpp)
|inactive|WeR#4Hay! has 120 seconds left.
|
|t:|1750090313
|start
|switch|p1a: Sableye|Sableye, F|100/100
|switch|p2a: Takeshi Maenami|Heatran, M|100/100
|-item|p2a: Takeshi Maenami|Air Balloon
|turn|1
|
|t:|1750090318
|switch|p1a: Chansey|Chansey, F|100/100
|move|p2a: Takeshi Maenami|Magma Storm|p1a: Chansey|[miss]
|-miss|p2a: Takeshi Maenami|p1a: Chansey
|
|upkeep
|turn|2
|
|t:|1750090340
|move|p2a: Takeshi Maenami|Taunt|p1a: Chansey
|-start|p1a: Chansey|move: Taunt
|cant|p1a: Chansey|move: Taunt|Toxic
|
|upkeep
|turn|3
|
|t:|1750090350
|switch|p2a: Hanako Ueda|Latias, F|100/100
|switch|p1a: Tentacruel|Tentacruel, M|100/100
|
|upkeep
|turn|4
|
|t:|1750090365
|move|p1a: Tentacruel|Protect|p1a: Tentacruel
|-singleturn|p1a: Tentacruel|Protect
|move|p2a: Hanako Ueda|Trick|p1a: Tentacruel
|-activate|p1a: Tentacruel|move: Protect
|
|upkeep
|turn|5
|
|t:|1750090372
|move|p2a: Hanako Ueda|Trick|p1a: Tentacruel
|-activate|p2a: Hanako Ueda|move: Trick|[of] p1a: Tentacruel
|-item|p1a: Tentacruel|Choice Specs|[from] move: Trick
|-item|p2a: Hanako Ueda|Leftovers|[from] move: Trick
|move|p1a: Tentacruel|Scald|p2a: Hanako Ueda
|-resisted|p2a: Hanako Ueda
|-damage|p2a: Hanako Ueda|84/100
|
|-heal|p2a: Hanako Ueda|90/100|[from] item: Leftovers
|upkeep
|turn|6
|
|t:|1750090385
|switch|p1a: Chansey|Chansey, F|100/100
|move|p2a: Hanako Ueda|Draco Meteor|p1a: Chansey
|-damage|p1a: Chansey|84/100
|-unboost|p2a: Hanako Ueda|spa|2
|
|-heal|p2a: Hanako Ueda|96/100|[from] item: Leftovers
|upkeep
|turn|7
|
|t:|1750090410
|move|p2a: Hanako Ueda|Trick|p1a: Chansey
|-activate|p2a: Hanako Ueda|move: Trick|[of] p1a: Chansey
|-item|p1a: Chansey|Leftovers|[from] move: Trick
|-item|p2a: Hanako Ueda|Eviolite|[from] move: Trick
|move|p1a: Chansey|Stealth Rock|p2a: Hanako Ueda
|-sidestart|p2: WeR#4Hay!|move: Stealth Rock
|
|-heal|p1a: Chansey|90/100|[from] item: Leftovers
|upkeep
|turn|8
|inactive|WeR#4Hay! has 120 seconds left.
|
|t:|1750090431
|switch|p2a: Satoshi Nakano|Jirachi|100/100
|-damage|p2a: Satoshi Nakano|94/100|[from] Stealth Rock
|move|p1a: Chansey|Toxic|p2a: Satoshi Nakano
|-immune|p2a: Satoshi Nakano
|
|-heal|p1a: Chansey|96/100|[from] item: Leftovers
|upkeep
|turn|9
|
|t:|1750090436
|switch|p1a: Tentacruel|Tentacruel, M|100/100
|move|p2a: Satoshi Nakano|U-turn|p1a: Tentacruel
|-resisted|p1a: Tentacruel
|-damage|p1a: Tentacruel|92/100
|inactive|WeR#4Hay! has 120 seconds left.
|
|t:|1750090452
|switch|p2a: Aito Ohashi|Rotom-Wash|100/100|[from] U-turn
|-damage|p2a: Aito Ohashi|88/100|[from] Stealth Rock
|
|-heal|p2a: Aito Ohashi|94/100|[from] item: Leftovers
|upkeep
|turn|10
|
|t:|1750090457
|move|p1a: Tentacruel|Protect|p1a: Tentacruel
|-singleturn|p1a: Tentacruel|Protect
|move|p2a: Aito Ohashi|Volt Switch|p1a: Tentacruel
|-activate|p1a: Tentacruel|move: Protect
|
|-heal|p2a: Aito Ohashi|100/100|[from] item: Leftovers
|upkeep
|turn|11
|
|t:|1750090461
|switch|p1a: Quagsire|Quagsire, F|100/100
|move|p2a: Aito Ohashi|Volt Switch|p1a: Quagsire
|-immune|p1a: Quagsire
|
|upkeep
|turn|12
|
|t:|1750090466
|switch|p2a: Satoshi Nakano|Jirachi|94/100
|-damage|p2a: Satoshi Nakano|88/100|[from] Stealth Rock
|switch|p1a: Xatu|Xatu, F|100/100
|
|upkeep
|turn|13
|
|t:|1750090469
|switch|p1a: Tentacruel|Tentacruel, M|92/100
|move|p2a: Satoshi Nakano|U-turn|p1a: Tentacruel
|-resisted|p1a: Tentacruel
|-damage|p1a: Tentacruel|85/100
|
|t:|1750090476
|switch|p2a: Aito Ohashi|Rotom-Wash|100/100|[from] U-turn
|-damage|p2a: Aito Ohashi|88/100|[from] Stealth Rock
|
|-heal|p2a: Aito Ohashi|94/100|[from] item: Leftovers
|upkeep
|turn|14
|
|t:|1750090480
|switch|p1a: Chansey|Chansey, F|96/100
|move|p2a: Aito Ohashi|Volt Switch|p1a: Chansey
|-damage|p1a: Chansey|87/100
|
|t:|1750090482
|switch|p2a: Masaaki Iwane|Breloom, M|100/100|[from] Volt Switch
|-damage|p2a: Masaaki Iwane|94/100|[from] Stealth Rock
|
|-heal|p1a: Chansey|93/100|[from] item: Leftovers
|upkeep
|turn|15
|
|t:|1750090486
|switch|p1a: Xatu|Xatu, F|100/100
|move|p2a: Masaaki Iwane|Bullet Seed|p1a: Xatu
|-resisted|p1a: Xatu
|-damage|p1a: Xatu|87/100
|-resisted|p1a: Xatu
|-crit|p1a: Xatu
|-damage|p1a: Xatu|58/100
|-hitcount|p1a: Xatu|2
|
|-heal|p1a: Xatu|64/100|[from] item: Leftovers
|upkeep
|turn|16
|inactive|WeR#4Hay! has 120 seconds left.
|inactive|WeR#4Hay! has 90 seconds left.
|
|t:|1750090547
|switch|p2a: Takeshi Maenami|Heatran, M|100/100
|-damage|p2a: Takeshi Maenami|88/100|[from] Stealth Rock
|-item|p2a: Takeshi Maenami|Air Balloon
|move|p1a: Xatu|Roost|p1a: Xatu
|-heal|p1a: Xatu|100/100
|-singleturn|p1a: Xatu|move: Roost
|
|upkeep
|turn|17
|
|t:|1750090553
|switch|p1a: Chansey|Chansey, F|93/100
|move|p2a: Takeshi Maenami|Magma Storm|p1a: Chansey|[miss]
|-miss|p2a: Takeshi Maenami|p1a: Chansey
|
|-heal|p1a: Chansey|99/100|[from] item: Leftovers
|upkeep
|turn|18
|
|t:|1750090563
|switch|p2a: Satoshi Nakano|Jirachi|88/100
|-damage|p2a: Satoshi Nakano|82/100|[from] Stealth Rock
|move|p1a: Chansey|Seismic Toss|p2a: Satoshi Nakano
|-damage|p2a: Satoshi Nakano|57/100
|
|-heal|p1a: Chansey|100/100|[from] item: Leftovers
|upkeep
|turn|19
|
|t:|1750090569
|switch|p1a: Tentacruel|Tentacruel, M|85/100
|move|p2a: Satoshi Nakano|U-turn|p1a: Tentacruel
|-resisted|p1a: Tentacruel
|-damage|p1a: Tentacruel|77/100
|
|t:|1750090572
|switch|p2a: Aito Ohashi|Rotom-Wash|94/100|[from] U-turn
|-damage|p2a: Aito Ohashi|82/100|[from] Stealth Rock
|
|-heal|p2a: Aito Ohashi|88/100|[from] item: Leftovers
|upkeep
|turn|20
|
|t:|1750090576
|switch|p1a: Quagsire|Quagsire, F|100/100
|move|p2a: Aito Ohashi|Volt Switch|p1a: Quagsire
|-immune|p1a: Quagsire
|
|-heal|p2a: Aito Ohashi|94/100|[from] item: Leftovers
|upkeep
|turn|21
|inactive|WeR#4Hay! has 120 seconds left.
|
|t:|1750090581
|switch|p1a: Chansey|Chansey, F|100/100
|move|p2a: Aito Ohashi|Will-O-Wisp|p1a: Chansey|[miss]
|-miss|p2a: Aito Ohashi|p1a: Chansey
|
|-heal|p2a: Aito Ohashi|100/100|[from] item: Leftovers
|upkeep
|turn|22
|
|t:|1750090585
|move|p2a: Aito Ohashi|Volt Switch|p1a: Chansey
|-damage|p1a: Chansey|90/100
|
|t:|1750090589
|switch|p2a: Masaaki Iwane|Breloom, M|94/100|[from] Volt Switch
|-damage|p2a: Masaaki Iwane|88/100|[from] Stealth Rock
|move|p1a: Chansey|Seismic Toss|p2a: Masaaki Iwane
|-damage|p2a: Masaaki Iwane|50/100
|
|-heal|p1a: Chansey|96/100|[from] item: Leftovers
|upkeep
|turn|23
|
|t:|1750090593
|switch|p1a: Jirachi|Jirachi|100/100
|move|p2a: Masaaki Iwane|Bullet Seed|p1a: Jirachi
|-resisted|p1a: Jirachi
|-damage|p1a: Jirachi|86/100
|-resisted|p1a: Jirachi
|-damage|p1a: Jirachi|73/100
|-hitcount|p1a: Jirachi|2
|
|-heal|p1a: Jirachi|79/100|[from] item: Leftovers
|upkeep
|turn|24
|
|t:|1750090602
|switch|p2a: Satoshi Nakano|Jirachi|57/100
|-damage|p2a: Satoshi Nakano|51/100|[from] Stealth Rock
|move|p1a: Jirachi|Iron Head|p2a: Satoshi Nakano
|-resisted|p2a: Satoshi Nakano
|-damage|p2a: Satoshi Nakano|39/100
|
|-heal|p1a: Jirachi|86/100|[from] item: Leftovers
|upkeep
|turn|25
|
|t:|1750090605
|move|p1a: Jirachi|Protect|p1a: Jirachi
|-singleturn|p1a: Jirachi|Protect
|move|p2a: Satoshi Nakano|Stealth Rock|p1a: Jirachi
|-sidestart|p1: pingudpp|move: Stealth Rock
|
|-heal|p1a: Jirachi|92/100|[from] item: Leftovers
|upkeep
|turn|26
|
|t:|1750090612
|move|p1a: Jirachi|Wish|p1a: Jirachi
|move|p2a: Satoshi Nakano|U-turn|p1a: Jirachi
|-damage|p1a: Jirachi|78/100
|
|t:|1750090624
|switch|p2a: Aito Ohashi|Rotom-Wash|100/100|[from] U-turn
|-damage|p2a: Aito Ohashi|88/100|[from] Stealth Rock
|
|-heal|p1a: Jirachi|84/100|[from] item: Leftovers
|-heal|p2a: Aito Ohashi|94/100|[from] item: Leftovers
|upkeep
|turn|27
|
|t:|1750090630
|switch|p1a: Chansey|Chansey, F|96/100
|-damage|p1a: Chansey|84/100|[from] Stealth Rock
|move|p2a: Aito Ohashi|Will-O-Wisp|p1a: Chansey|[miss]
|-miss|p2a: Aito Ohashi|p1a: Chansey
|
|-heal|p1a: Chansey|100/100|[from] move: Wish|[wisher] Jirachi
|-heal|p2a: Aito Ohashi|100/100|[from] item: Leftovers
|upkeep
|turn|28
|
|t:|1750090635
|move|p2a: Aito Ohashi|Volt Switch|p1a: Chansey
|-damage|p1a: Chansey|90/100
|
|t:|1750090643
|switch|p2a: Hanako Ueda|Latias, F|96/100|[from] Volt Switch
|-damage|p2a: Hanako Ueda|83/100|[from] Stealth Rock
|move|p1a: Chansey|Seismic Toss|p2a: Hanako Ueda
|-damage|p2a: Hanako Ueda|50/100
|
|-heal|p1a: Chansey|96/100|[from] item: Leftovers
|upkeep
|turn|29
|
|t:|1750090650
|move|p2a: Hanako Ueda|Healing Wish|p2a: Hanako Ueda
|faint|p2a: Hanako Ueda
|move|p1a: Chansey|Toxic|p2: Hanako Ueda|[notarget]
|-fail|p1a: Chansey
|
|-heal|p1a: Chansey|100/100|[from] item: Leftovers
|upkeep
|
|t:|1750090651
|switch|p2a: Masaaki Iwane|Breloom, M|50/100
|-heal|p2a: Masaaki Iwane|100/100|[from] move: Healing Wish
|-damage|p2a: Masaaki Iwane|94/100|[from] Stealth Rock
|turn|30
|
|t:|1750090656
|switch|p1a: Jirachi|Jirachi|84/100
|-damage|p1a: Jirachi|78/100|[from] Stealth Rock
|move|p2a: Masaaki Iwane|Bullet Seed|p1a: Jirachi
|-resisted|p1a: Jirachi
|-damage|p1a: Jirachi|64/100
|-resisted|p1a: Jirachi
|-damage|p1a: Jirachi|51/100
|-resisted|p1a: Jirachi
|-damage|p1a: Jirachi|38/100
|-resisted|p1a: Jirachi
|-damage|p1a: Jirachi|25/100
|-hitcount|p1a: Jirachi|4
|
|-heal|p1a: Jirachi|32/100|[from] item: Leftovers
|upkeep
|turn|31
|
|t:|1750090668
|move|p1a: Jirachi|Wish|p1a: Jirachi
|move|p2a: Masaaki Iwane|Bullet Seed|p1a: Jirachi
|-resisted|p1a: Jirachi
|-damage|p1a: Jirachi|19/100
|-resisted|p1a: Jirachi
|-damage|p1a: Jirachi|6/100
|-resisted|p1a: Jirachi
|-damage|p1a: Jirachi|0 fnt
|faint|p1a: Jirachi
|-hitcount|p1: Jirachi|3
|
|upkeep
|
|t:|1750090673
|switch|p1a: Xatu|Xatu, F|100/100
|-damage|p1a: Xatu|76/100|[from] Stealth Rock
|turn|32
|
|t:|1750090684
|switch|p2a: Aito Ohashi|Rotom-Wash|100/100
|-damage|p2a: Aito Ohashi|88/100|[from] Stealth Rock
|move|p1a: Xatu|Toxic|p2a: Aito Ohashi
|-status|p2a: Aito Ohashi|tox
|
|-heal|p1a: Xatu|100/100|[from] move: Wish|[wisher] Jirachi
|-heal|p2a: Aito Ohashi|94/100 tox|[from] item: Leftovers
|-damage|p2a: Aito Ohashi|88/100 tox|[from] psn
|upkeep
|turn|33
|
|t:|1750090701
|switch|p1a: Quagsire|Quagsire, F|100/100
|-damage|p1a: Quagsire|94/100|[from] Stealth Rock
|move|p2a: Aito Ohashi|Will-O-Wisp|p1a: Quagsire|[miss]
|-miss|p2a: Aito Ohashi|p1a: Quagsire
|
|-heal|p2a: Aito Ohashi|94/100 tox|[from] item: Leftovers
|-heal|p1a: Quagsire|100/100|[from] item: Leftovers
|-damage|p2a: Aito Ohashi|82/100 tox|[from] psn
|upkeep
|turn|34
|
|t:|1750090705
|switch|p2a: Masaaki Iwane|Breloom, M|94/100
|-damage|p2a: Masaaki Iwane|88/100|[from] Stealth Rock
|switch|p1a: Tentacruel|Tentacruel, M|77/100
|-damage|p1a: Tentacruel|65/100|[from] Stealth Rock
|
|upkeep
|turn|35
|
|t:|1750090711
|move|p2a: Masaaki Iwane|Bullet Seed|p1a: Tentacruel
|-damage|p1a: Tentacruel|34/100
|-damage|p1a: Tentacruel|4/100
|-damage|p1a: Tentacruel|0 fnt
|faint|p1a: Tentacruel
|-hitcount|p1: Tentacruel|3
|
|upkeep
|
|t:|1750090722
|switch|p1a: Sableye|Sableye, F|100/100
|-damage|p1a: Sableye|88/100|[from] Stealth Rock
|turn|36
|
|t:|1750090724
|switch|p2a: Takeshi Maenami|Heatran, M|88/100
|-damage|p2a: Takeshi Maenami|76/100|[from] Stealth Rock
|-item|p2a: Takeshi Maenami|Air Balloon
|move|p1a: Sableye|Foul Play|p2a: Takeshi Maenami
|-resisted|p2a: Takeshi Maenami
|-damage|p2a: Takeshi Maenami|64/100
|-enditem|p2a: Takeshi Maenami|Air Balloon
|
|-heal|p1a: Sableye|94/100|[from] item: Leftovers
|upkeep
|turn|37
|
|t:|1750090731
|switch|p1a: Chansey|Chansey, F|100/100
|-damage|p1a: Chansey|88/100|[from] Stealth Rock
|move|p2a: Takeshi Maenami|Magma Storm|p1a: Chansey
|-damage|p1a: Chansey|61/100
|-activate|p1a: Chansey|move: Magma Storm|[of] p2a: Takeshi Maenami
|
|-heal|p1a: Chansey|67/100|[from] item: Leftovers
|-damage|p1a: Chansey|61/100|[from] move: Magma Storm|[partiallytrapped]
|upkeep
|turn|38
|
|t:|1750090737
|switch|p2a: Masaaki Iwane|Breloom, M|88/100
|-damage|p2a: Masaaki Iwane|82/100|[from] Stealth Rock
|move|p1a: Chansey|Toxic|p2a: Masaaki Iwane
|-status|p2a: Masaaki Iwane|tox
|
|-heal|p1a: Chansey|67/100|[from] item: Leftovers
|-damage|p2a: Masaaki Iwane|76/100 tox|[from] psn
|-end|p1a: Chansey|Magma Storm|[partiallytrapped]|[silent]
|upkeep
|turn|39
|
|t:|1750090739
|switch|p1a: Xatu|Xatu, F|100/100
|-damage|p1a: Xatu|76/100|[from] Stealth Rock
|move|p2a: Masaaki Iwane|Bullet Seed|p1a: Xatu
|-resisted|p1a: Xatu
|-damage|p1a: Xatu|62/100
|-resisted|p1a: Xatu
|-damage|p1a: Xatu|46/100
|-resisted|p1a: Xatu
|-damage|p1a: Xatu|30/100
|-hitcount|p1a: Xatu|3
|
|-heal|p1a: Xatu|36/100|[from] item: Leftovers
|-damage|p2a: Masaaki Iwane|64/100 tox|[from] psn
|upkeep
|turn|40
|
|t:|1750090752
|move|p2a: Masaaki Iwane|Bullet Seed|p1a: Xatu
|-resisted|p1a: Xatu
|-damage|p1a: Xatu|22/100
|-resisted|p1a: Xatu
|-damage|p1a: Xatu|7/100
|-resisted|p1a: Xatu
|-damage|p1a: Xatu|0 fnt
|faint|p1a: Xatu
|-hitcount|p1: Xatu|3
|
|-damage|p2a: Masaaki Iwane|45/100 tox|[from] psn
|upkeep
|j| baixiaohen
|
|t:|1750090759
|switch|p1a: Sableye|Sableye, F|94/100
|-damage|p1a: Sableye|82/100|[from] Stealth Rock
|turn|41
|
|t:|1750090763
|switch|p2a: Takeshi Maenami|Heatran, M|64/100
|-damage|p2a: Takeshi Maenami|52/100|[from] Stealth Rock
|move|p1a: Sableye|Foul Play|p2a: Takeshi Maenami
|-resisted|p2a: Takeshi Maenami
|-damage|p2a: Takeshi Maenami|41/100
|
|-heal|p1a: Sableye|88/100|[from] item: Leftovers
|upkeep
|turn|42
|
|t:|1750090766
|move|p2a: Takeshi Maenami|Magma Storm|p1a: Sableye
|-damage|p1a: Sableye|0 fnt
|faint|p1a: Sableye
|
|upkeep
|-message|pingudpp forfeited.
|
|win|WeR#4Hay!
|raw|pingudpp's rating: 1403 &rarr; <strong>1390</strong><br />(-13 for losing)
|raw|WeR#4Hay!'s rating: 1535 &rarr; <strong>1548</strong><br />(+13 for winning)
|l|☆pingudpp
|player|p1|
