|j|☆leoperi99
|j|☆SauceBoss10
|t:|1701729840
|gametype|singles
|player|p1|leoperi99|erika-masters|1531
|player|p2|SauceBoss10|swimmer-gen4dp|1488
|teamsize|p1|6
|teamsize|p2|6
|gen|5
|tier|[Gen 5] OU
|rated|
|rule|Species Clause: Limit one of each Pokémon
|rule|OHKO Clause: OHKO moves are banned
|rule|Moody Clause: Moody is banned
|rule|Evasion Items Clause: Evasion items are banned
|rule|Evasion Moves Clause: Evasion moves are banned
|rule|Endless Battle Clause: Forcing endless battles is banned
|rule|HP Percentage Mod: HP is shown in percentages
|rule|Evasion Abilities Clause: Evasion abilities are banned
|rule|Sleep Moves Clause: Sleep-inducing moves are banned
|rule|Swagger Clause: Swagger is banned
|rule|Baton Pass Stat Clause: No Baton Passer may have a way to boost its stats
|clearpoke
|poke|p1|Zapdos|item
|poke|p1|Tyranitar, M|item
|poke|p1|Excadrill, F|item
|poke|p1|Latios, M|item
|poke|p1|Garchomp, M|item
|poke|p1|Slowbro, M|item
|poke|p2|Ninetales, F|item
|poke|p2|Volcarona, F|item
|poke|p2|Victini|item
|poke|p2|Xatu, F|item
|poke|p2|Cresselia, F|item
|poke|p2|Excadrill, M|item
|teampreview
|inactive|Battle timer is ON: inactive players will automatically lose when time's up. (requested by SauceBoss10)
|inactive|SauceBoss10 has 120 seconds left.
|
|t:|1701729871
|start
|switch|p1a: freedom from ubers|Latios, M, shiny|100/100
|switch|p2a: Ninetales|Ninetales, F|100/100
|-weather|SunnyDay|[from] ability: Drought|[of] p2a: Ninetales
|turn|1
|
|t:|1701729874
|switch|p2a: Excadrill|Excadrill, M, shiny|100/100
|-ability|p2a: Excadrill|Mold Breaker
|move|p1a: freedom from ubers|Draco Meteor|p2a: Excadrill
|-resisted|p2a: Excadrill
|-damage|p2a: Excadrill|61/100
|-unboost|p1a: freedom from ubers|spa|2
|
|-weather|SunnyDay|[upkeep]
|-heal|p2a: Excadrill|67/100|[from] item: Leftovers
|upkeep
|turn|2
|
|t:|1701729882
|switch|p1a: Nerfed Thundy-t|Zapdos, shiny|100/100
|-ability|p1a: Nerfed Thundy-t|Pressure
|move|p2a: Excadrill|Stealth Rock|p1a: Nerfed Thundy-t
|-sidestart|p1: leoperi99|move: Stealth Rock
|
|-weather|SunnyDay|[upkeep]
|-heal|p2a: Excadrill|73/100|[from] item: Leftovers
|upkeep
|turn|3
|
|t:|1701729885
|move|p2a: Excadrill|Protect|p2a: Excadrill
|-singleturn|p2a: Excadrill|Protect
|move|p1a: Nerfed Thundy-t|Heat Wave|p2a: Excadrill
|-activate|p2a: Excadrill|move: Protect
|
|-weather|SunnyDay|[upkeep]
|-heal|p2a: Excadrill|80/100|[from] item: Leftovers
|upkeep
|turn|4
|
|t:|1701729892
|switch|p2a: Ninetales|Ninetales, F|100/100
|move|p1a: Nerfed Thundy-t|Volt Switch|p2a: Ninetales
|-damage|p2a: Ninetales|64/100
|
|t:|1701729898
|switch|p1a: pursuitin since gs|Tyranitar, M, shiny|100/100|[from] Volt Switch
|-damage|p1a: pursuitin since gs|88/100|[from] Stealth Rock
|-weather|Sandstorm|[from] ability: Sand Stream|[of] p1a: pursuitin since gs
|
|-weather|Sandstorm|[upkeep]
|-damage|p2a: Ninetales|58/100|[from] Sandstorm
|-heal|p2a: Ninetales|64/100|[from] item: Leftovers
|upkeep
|turn|5
|
|t:|1701729902
|move|p2a: Ninetales|Will-O-Wisp|p1a: pursuitin since gs
|-status|p1a: pursuitin since gs|brn
|move|p1a: pursuitin since gs|Stealth Rock|p2a: Ninetales
|-sidestart|p2: SauceBoss10|move: Stealth Rock
|
|-weather|Sandstorm|[upkeep]
|-damage|p2a: Ninetales|58/100|[from] Sandstorm
|-heal|p2a: Ninetales|64/100|[from] item: Leftovers
|-damage|p1a: pursuitin since gs|76/100 brn|[from] brn
|upkeep
|turn|6
|
|t:|1701729906
|switch|p2a: Xatu|Xatu, F, shiny|100/100
|-damage|p2a: Xatu|76/100|[from] Stealth Rock
|move|p1a: pursuitin since gs|Crunch|p2a: Xatu
|-supereffective|p2a: Xatu
|-damage|p2a: Xatu|40/100
|-damage|p1a: pursuitin since gs|59/100 brn|[from] item: Rocky Helmet|[of] p2a: Xatu
|
|-weather|Sandstorm|[upkeep]
|-damage|p2a: Xatu|34/100|[from] Sandstorm
|-damage|p1a: pursuitin since gs|47/100 brn|[from] brn
|upkeep
|turn|7
|
|t:|1701729910
|switch|p1a: Wheres my sandrush|Excadrill, F, shiny|100/100
|-damage|p1a: Wheres my sandrush|97/100|[from] Stealth Rock
|move|p2a: Xatu|Roost|p2a: Xatu
|-heal|p2a: Xatu|84/100
|-singleturn|p2a: Xatu|move: Roost
|
|-weather|Sandstorm|[upkeep]
|-damage|p2a: Xatu|78/100|[from] Sandstorm
|-heal|p1a: Wheres my sandrush|100/100|[from] item: Leftovers
|upkeep
|turn|8
|
|t:|1701729911
|move|p1a: Wheres my sandrush|Rapid Spin|p2a: Xatu
|-damage|p2a: Xatu|71/100
|-damage|p1a: Wheres my sandrush|84/100|[from] item: Rocky Helmet|[of] p2a: Xatu
|-sideend|p1: leoperi99|Stealth Rock|[from] move: Rapid Spin|[of] p1a: Wheres my sandrush
|move|p2a: Xatu|Reflect|p2a: Xatu
|-sidestart|p2: SauceBoss10|Reflect
|
|-weather|Sandstorm|[upkeep]
|-damage|p2a: Xatu|65/100|[from] Sandstorm
|-heal|p1a: Wheres my sandrush|90/100|[from] item: Leftovers
|upkeep
|turn|9
|
|t:|1701729915
|move|p1a: Wheres my sandrush|Swords Dance|p1a: Wheres my sandrush
|-boost|p1a: Wheres my sandrush|atk|2
|move|p2a: Xatu|Roost|p2a: Xatu
|-heal|p2a: Xatu|100/100
|-singleturn|p2a: Xatu|move: Roost
|
|-weather|Sandstorm|[upkeep]
|-damage|p2a: Xatu|95/100|[from] Sandstorm
|-heal|p1a: Wheres my sandrush|96/100|[from] item: Leftovers
|upkeep
|turn|10
|
|t:|1701729919
|switch|p2a: Victini|Victini|100/100
|-damage|p2a: Victini|76/100|[from] Stealth Rock
|move|p1a: Wheres my sandrush|Iron Head|p2a: Victini
|-resisted|p2a: Victini
|-damage|p2a: Victini|44/100
|
|-weather|Sandstorm|[upkeep]
|-damage|p2a: Victini|37/100|[from] Sandstorm
|-heal|p1a: Wheres my sandrush|100/100|[from] item: Leftovers
|upkeep
|turn|11
|
|t:|1701729923
|switch|p1a: Slowking brother|Slowbro, M, shiny|100/100
|move|p2a: Victini|V-create|p1a: Slowking brother
|-resisted|p1a: Slowking brother
|-damage|p1a: Slowking brother|76/100
|-unboost|p2a: Victini|spe|1
|-unboost|p2a: Victini|def|1
|-unboost|p2a: Victini|spd|1
|-damage|p2a: Victini|21/100|[from] item: Rocky Helmet|[of] p1a: Slowking brother
|
|-weather|Sandstorm|[upkeep]
|-damage|p2a: Victini|15/100|[from] Sandstorm
|-damage|p1a: Slowking brother|70/100|[from] Sandstorm
|upkeep
|turn|12
|
|t:|1701729928
|switch|p2a: Excadrill|Excadrill, M, shiny|80/100
|-damage|p2a: Excadrill|77/100|[from] Stealth Rock
|-ability|p2a: Excadrill|Mold Breaker
|move|p1a: Slowking brother|Psychic|p2a: Excadrill
|-resisted|p2a: Excadrill
|-damage|p2a: Excadrill|64/100
|
|-weather|Sandstorm|[upkeep]
|-damage|p1a: Slowking brother|64/100|[from] Sandstorm
|-heal|p2a: Excadrill|70/100|[from] item: Leftovers
|-sideend|p2: SauceBoss10|Reflect
|upkeep
|turn|13
|
|t:|1701729930
|move|p2a: Excadrill|Rapid Spin|p1a: Slowking brother
|-damage|p1a: Slowking brother|60/100
|-damage|p2a: Excadrill|54/100|[from] item: Rocky Helmet|[of] p1a: Slowking brother
|-sideend|p2: SauceBoss10|Stealth Rock|[from] move: Rapid Spin|[of] p2a: Excadrill
|move|p1a: Slowking brother|Scald|p2a: Excadrill
|-supereffective|p2a: Excadrill
|-damage|p2a: Excadrill|12/100
|-status|p2a: Excadrill|brn
|
|-weather|Sandstorm|[upkeep]
|-damage|p1a: Slowking brother|54/100|[from] Sandstorm
|-heal|p2a: Excadrill|19/100 brn|[from] item: Leftovers
|-damage|p2a: Excadrill|6/100 brn|[from] brn
|upkeep
|turn|14
|
|t:|1701729940
|move|p2a: Excadrill|Stealth Rock|p1a: Slowking brother
|-sidestart|p1: leoperi99|move: Stealth Rock
|move|p1a: Slowking brother|Slack Off|p1a: Slowking brother
|-heal|p1a: Slowking brother|100/100
|
|-weather|Sandstorm|[upkeep]
|-damage|p1a: Slowking brother|94/100|[from] Sandstorm
|-heal|p2a: Excadrill|12/100 brn|[from] item: Leftovers
|-damage|p2a: Excadrill|0 fnt|[from] brn
|faint|p2a: Excadrill
|upkeep
|
|t:|1701729942
|switch|p2a: Ninetales|Ninetales, F|64/100
|-weather|SunnyDay|[from] ability: Drought|[of] p2a: Ninetales
|turn|15
|
|t:|1701729948
|switch|p2a: Volcarona|Volcarona, F|100/100
|move|p1a: Slowking brother|Psychic|p2a: Volcarona
|-damage|p2a: Volcarona|67/100
|
|-weather|SunnyDay|[upkeep]
|upkeep
|turn|16
|
|t:|1701729959
|switch|p1a: GARCHOMP NATION|Garchomp, M, shiny|100/100
|-damage|p1a: GARCHOMP NATION|94/100|[from] Stealth Rock
|move|p2a: Volcarona|Quiver Dance|p2a: Volcarona
|-boost|p2a: Volcarona|spa|1
|-boost|p2a: Volcarona|spd|1
|-boost|p2a: Volcarona|spe|1
|
|-weather|SunnyDay|[upkeep]
|upkeep
|turn|17
|
|t:|1701729961
|switch|p2a: Cresselia|Cresselia, F|100/100
|move|p1a: GARCHOMP NATION|Earthquake|p2a: Cresselia
|-immune|p2a: Cresselia|[from] ability: Levitate
|
|-weather|SunnyDay|[upkeep]
|upkeep
|turn|18
|
|t:|1701729987
|switch|p1a: Wheres my sandrush|Excadrill, F, shiny|100/100
|-damage|p1a: Wheres my sandrush|97/100|[from] Stealth Rock
|switch|p2a: Victini|Victini|15/100
|
|-weather|SunnyDay|[upkeep]
|-heal|p1a: Wheres my sandrush|100/100|[from] item: Leftovers
|upkeep
|turn|19
|
|t:|1701729991
|switch|p1a: Slowking brother|Slowbro, M, shiny|100/100
|-damage|p1a: Slowking brother|88/100|[from] Stealth Rock
|move|p2a: Victini|V-create|p1a: Slowking brother
|-resisted|p1a: Slowking brother
|-damage|p1a: Slowking brother|56/100
|-unboost|p2a: Victini|spe|1
|-unboost|p2a: Victini|def|1
|-unboost|p2a: Victini|spd|1
|-damage|p2a: Victini|0 fnt|[from] item: Rocky Helmet|[of] p1a: Slowking brother
|faint|p2a: Victini
|
|-weather|SunnyDay|[upkeep]
|upkeep
|
|t:|1701729996
|switch|p2a: Volcarona|Volcarona, F|67/100
|turn|20
|
|t:|1701730016
|switch|p1a: GARCHOMP NATION|Garchomp, M, shiny|94/100
|-damage|p1a: GARCHOMP NATION|88/100|[from] Stealth Rock
|move|p2a: Volcarona|Hidden Power|p1a: GARCHOMP NATION
|-supereffective|p1a: GARCHOMP NATION
|-damage|p1a: GARCHOMP NATION|0 fnt
|faint|p1a: GARCHOMP NATION
|
|-weather|SunnyDay|[upkeep]
|upkeep
|
|t:|1701730019
|switch|p1a: freedom from ubers|Latios, M, shiny|100/100
|-damage|p1a: freedom from ubers|88/100|[from] Stealth Rock
|turn|21
|
|t:|1701730022
|switch|p2a: Cresselia|Cresselia, F|100/100
|move|p1a: freedom from ubers|Draco Meteor|p2a: Cresselia
|-damage|p2a: Cresselia|33/100
|-unboost|p1a: freedom from ubers|spa|2
|
|-weather|SunnyDay|[upkeep]
|-heal|p2a: Cresselia|39/100|[from] item: Leftovers
|upkeep
|turn|22
|
|t:|1701730029
|switch|p1a: pursuitin since gs|Tyranitar, M, shiny|47/100 brn
|-damage|p1a: pursuitin since gs|34/100 brn|[from] Stealth Rock
|-weather|Sandstorm|[from] ability: Sand Stream|[of] p1a: pursuitin since gs
|move|p2a: Cresselia|Moonlight|p2a: Cresselia
|-heal|p2a: Cresselia|64/100
|
|-weather|Sandstorm|[upkeep]
|-damage|p2a: Cresselia|58/100|[from] Sandstorm
|-heal|p2a: Cresselia|64/100|[from] item: Leftovers
|-damage|p1a: pursuitin since gs|22/100 brn|[from] brn
|upkeep
|turn|23
|
|t:|1701730032
|move|p2a: Cresselia|Moonlight|p2a: Cresselia
|-heal|p2a: Cresselia|89/100
|move|p1a: pursuitin since gs|Pursuit|p2a: Cresselia
|-supereffective|p2a: Cresselia
|-damage|p2a: Cresselia|79/100
|
|-weather|Sandstorm|[upkeep]
|-damage|p2a: Cresselia|73/100|[from] Sandstorm
|-heal|p2a: Cresselia|79/100|[from] item: Leftovers
|-damage|p1a: pursuitin since gs|10/100 brn|[from] brn
|upkeep
|turn|24
|
|t:|1701730040
|switch|p2a: Ninetales|Ninetales, F|64/100
|-weather|SunnyDay|[from] ability: Drought|[of] p2a: Ninetales
|move|p1a: pursuitin since gs|Stealth Rock|p2a: Ninetales
|-sidestart|p2: SauceBoss10|move: Stealth Rock
|
|-weather|SunnyDay|[upkeep]
|-heal|p2a: Ninetales|70/100|[from] item: Leftovers
|-damage|p1a: pursuitin since gs|0 fnt|[from] brn
|faint|p1a: pursuitin since gs
|upkeep
|
|t:|1701730048
|switch|p1a: freedom from ubers|Latios, M, shiny|88/100
|-damage|p1a: freedom from ubers|76/100|[from] Stealth Rock
|turn|25
|c|☆SauceBoss10|nice play
|c|☆SauceBoss10|im an idiot
|c|☆leoperi99|oh bc u dindt sent xatu?
|c|☆leoperi99|yea i was confused
|c|☆SauceBoss10|yeah I shoulda seen it coming
|
|t:|1701730075
|move|p1a: freedom from ubers|Trick|p2a: Ninetales
|-activate|p1a: freedom from ubers|move: Trick|[of] p2a: Ninetales
|-item|p2a: Ninetales|Choice Specs|[from] move: Trick
|-item|p1a: freedom from ubers|Leftovers|[from] move: Trick
|move|p2a: Ninetales|Flamethrower|p1a: freedom from ubers
|-resisted|p1a: freedom from ubers
|-damage|p1a: freedom from ubers|44/100
|
|-weather|SunnyDay|[upkeep]
|-heal|p1a: freedom from ubers|50/100|[from] item: Leftovers
|upkeep
|turn|26
|
|t:|1701730081
|move|p1a: freedom from ubers|Recover|p1a: freedom from ubers
|-heal|p1a: freedom from ubers|99/100
|move|p2a: Ninetales|Flamethrower|p1a: freedom from ubers
|-resisted|p1a: freedom from ubers
|-damage|p1a: freedom from ubers|66/100
|
|-weather|SunnyDay|[upkeep]
|-heal|p1a: freedom from ubers|72/100|[from] item: Leftovers
|upkeep
|turn|27
|
|t:|1701730085
|move|p1a: freedom from ubers|Surf|p2a: Ninetales
|-supereffective|p2a: Ninetales
|-damage|p2a: Ninetales|37/100
|move|p2a: Ninetales|Flamethrower|p1a: freedom from ubers
|-resisted|p1a: freedom from ubers
|-damage|p1a: freedom from ubers|38/100
|
|-weather|SunnyDay|[upkeep]
|-heal|p1a: freedom from ubers|44/100|[from] item: Leftovers
|upkeep
|turn|28
|
|t:|1701730089
|move|p1a: freedom from ubers|Recover|p1a: freedom from ubers
|-heal|p1a: freedom from ubers|94/100
|move|p2a: Ninetales|Flamethrower|p1a: freedom from ubers
|-resisted|p1a: freedom from ubers
|-damage|p1a: freedom from ubers|61/100
|-status|p1a: freedom from ubers|brn
|
|-weather|SunnyDay|[upkeep]
|-heal|p1a: freedom from ubers|67/100 brn|[from] item: Leftovers
|-damage|p1a: freedom from ubers|55/100 brn|[from] brn
|upkeep
|turn|29
|
|t:|1701730100
|switch|p1a: Slowking brother|Slowbro, M, shiny|89/100
|-damage|p1a: Slowking brother|77/100|[from] Stealth Rock
|move|p2a: Ninetales|Flamethrower|p1a: Slowking brother
|-resisted|p1a: Slowking brother
|-damage|p1a: Slowking brother|42/100
|
|-weather|SunnyDay|[upkeep]
|upkeep
|turn|30
|
|t:|1701730117
|switch|p2a: Cresselia|Cresselia, F|79/100
|-damage|p2a: Cresselia|67/100|[from] Stealth Rock
|move|p1a: Slowking brother|Psychic|p2a: Cresselia
|-resisted|p2a: Cresselia
|-damage|p2a: Cresselia|58/100
|
|-weather|SunnyDay|[upkeep]
|-heal|p2a: Cresselia|64/100|[from] item: Leftovers
|upkeep
|turn|31
|
|t:|1701730124
|move|p2a: Cresselia|Moonlight|p2a: Cresselia
|-heal|p2a: Cresselia|100/100
|move|p1a: Slowking brother|Slack Off|p1a: Slowking brother
|-heal|p1a: Slowking brother|92/100
|
|-weather|SunnyDay|[upkeep]
|upkeep
|turn|32
|
|t:|1701730127
|move|p2a: Cresselia|Calm Mind|p2a: Cresselia
|-boost|p2a: Cresselia|spa|1
|-boost|p2a: Cresselia|spd|1
|move|p1a: Slowking brother|Scald|p2a: Cresselia
|-damage|p2a: Cresselia|95/100
|
|-weather|SunnyDay|[upkeep]
|-heal|p2a: Cresselia|100/100|[from] item: Leftovers
|upkeep
|turn|33
|
|t:|1701730129
|switch|p1a: Wheres my sandrush|Excadrill, F, shiny|100/100
|-damage|p1a: Wheres my sandrush|97/100|[from] Stealth Rock
|move|p2a: Cresselia|Calm Mind|p2a: Cresselia
|-boost|p2a: Cresselia|spa|1
|-boost|p2a: Cresselia|spd|1
|
|-weather|SunnyDay|[upkeep]
|-heal|p1a: Wheres my sandrush|100/100|[from] item: Leftovers
|upkeep
|turn|34
|
|t:|1701730132
|move|p1a: Wheres my sandrush|Swords Dance|p1a: Wheres my sandrush
|-boost|p1a: Wheres my sandrush|atk|2
|move|p2a: Cresselia|Ice Beam|p1a: Wheres my sandrush
|-crit|p1a: Wheres my sandrush
|-damage|p1a: Wheres my sandrush|3/100
|
|-weather|SunnyDay|[upkeep]
|-heal|p1a: Wheres my sandrush|9/100|[from] item: Leftovers
|upkeep
|turn|35
|c|☆leoperi99|ouch
|c|☆leoperi99|yea gg
|c|☆SauceBoss10|that crit helps fs
|
|t:|1701730147
|move|p1a: Wheres my sandrush|Iron Head|p2a: Cresselia
|-damage|p2a: Cresselia|52/100
|cant|p2a: Cresselia|flinch
|
|-weather|SunnyDay|[upkeep]
|-heal|p1a: Wheres my sandrush|15/100|[from] item: Leftovers
|-heal|p2a: Cresselia|58/100|[from] item: Leftovers
|upkeep
|turn|36
|
|t:|1701730150
|move|p1a: Wheres my sandrush|Iron Head|p2a: Cresselia
|-damage|p2a: Cresselia|15/100
|move|p2a: Cresselia|Ice Beam|p1a: Wheres my sandrush
|-crit|p1a: Wheres my sandrush
|-damage|p1a: Wheres my sandrush|0 fnt
|faint|p1a: Wheres my sandrush
|
|-weather|SunnyDay|[upkeep]
|-heal|p2a: Cresselia|21/100|[from] item: Leftovers
|upkeep
|
|t:|1701730155
|switch|p1a: freedom from ubers|Latios, M, shiny|55/100 brn
|-damage|p1a: freedom from ubers|43/100 brn|[from] Stealth Rock
|turn|37
|
|t:|1701730158
|move|p1a: freedom from ubers|Draco Meteor|p2a: Cresselia
|-damage|p2a: Cresselia|0 fnt
|-unboost|p1a: freedom from ubers|spa|2
|faint|p2a: Cresselia
|
|-weather|SunnyDay|[upkeep]
|-heal|p1a: freedom from ubers|49/100 brn|[from] item: Leftovers
|-damage|p1a: freedom from ubers|37/100 brn|[from] brn
|upkeep
|
|t:|1701730164
|switch|p2a: Xatu|Xatu, F, shiny|95/100
|-damage|p2a: Xatu|70/100|[from] Stealth Rock
|turn|38
|
|t:|1701730171
|move|p1a: freedom from ubers|Recover|p1a: freedom from ubers
|-heal|p1a: freedom from ubers|87/100 brn
|move|p2a: Xatu|Toxic||[still]
|-fail|p2a: Xatu
|
|-weather|SunnyDay|[upkeep]
|-heal|p1a: freedom from ubers|93/100 brn|[from] item: Leftovers
|-damage|p1a: freedom from ubers|80/100 brn|[from] brn
|upkeep
|turn|39
|
|t:|1701730175
|switch|p1a: Nerfed Thundy-t|Zapdos, shiny|100/100
|-damage|p1a: Nerfed Thundy-t|76/100|[from] Stealth Rock
|-ability|p1a: Nerfed Thundy-t|Pressure
|move|p2a: Xatu|Toxic|p1a: Nerfed Thundy-t
|-status|p1a: Nerfed Thundy-t|tox
|
|-weather|SunnyDay|[upkeep]
|-heal|p1a: Nerfed Thundy-t|82/100 tox|[from] item: Leftovers
|-damage|p1a: Nerfed Thundy-t|76/100 tox|[from] psn
|upkeep
|turn|40
|c|☆SauceBoss10|i still lose tho
|c|☆leoperi99|yea only bc i flinched
|c|☆SauceBoss10|cause my dumbass forgot ur ttar had rocks
|c|☆leoperi99|we both got hax
|inactive|SauceBoss10 has 120 seconds left.
|c|☆SauceBoss10|Its just been awhile since ive seen a ttar with rocks
|c|☆SauceBoss10|kinda forgot ppl did it
|c|☆leoperi99|i dont blame u
|c|☆leoperi99|it sucks alot of times
|
|t:|1701730235
|switch|p2a: Ninetales|Ninetales, F|37/100
|-damage|p2a: Ninetales|12/100|[from] Stealth Rock
|move|p1a: Nerfed Thundy-t|Volt Switch|p2a: Ninetales
|-damage|p2a: Ninetales|0 fnt
|faint|p2a: Ninetales
|
|t:|1701730240
|switch|p1a: freedom from ubers|Latios, M, shiny|80/100 brn|[from] Volt Switch
|-damage|p1a: freedom from ubers|68/100 brn|[from] Stealth Rock
|
|-weather|SunnyDay|[upkeep]
|-heal|p1a: freedom from ubers|74/100 brn|[from] item: Leftovers
|-damage|p1a: freedom from ubers|62/100 brn|[from] brn
|upkeep
|-message|SauceBoss10 forfeited.
|
|win|leoperi99
|raw|leoperi99's rating: 1531 &rarr; <strong>1549</strong><br />(+18 for winning)
|raw|SauceBoss10's rating: 1488 &rarr; <strong>1470</strong><br />(-18 for losing)
|l|☆SauceBoss10
