|j|☆av2336
|j|☆chomp29
|t:|1718200635
|gametype|singles
|player|p1|av2336|pokemaniac-gen3rs|1415
|player|p2|chomp29|lucas|1536
|teamsize|p1|6
|teamsize|p2|6
|gen|5
|tier|[Gen 5] OU
|rated|
|rule|Species Clause: Limit one of each Pokémon
|rule|OHKO Clause: OHKO moves are banned
|rule|Moody Clause: Moody is banned
|rule|Evasion Items Clause: Evasion items are banned
|rule|Evasion Moves Clause: Evasion moves are banned
|rule|Endless Battle Clause: Forcing endless battles is banned
|rule|HP Percentage Mod: HP is shown in percentages
|rule|Evasion Abilities Clause: Evasion abilities are banned
|rule|Sleep Moves Clause: Sleep-inducing moves are banned
|rule|Swagger Clause: Swagger is banned
|rule|Baton Pass Stat Clause: No Baton Passer may have a way to boost its stats
|clearpoke
|poke|p1|Skarmory, F|item
|poke|p1|Gastrodon, F|item
|poke|p1|Tyranitar, M|item
|poke|p1|Gengar, F|item
|poke|p1|Lucario, M|item
|poke|p1|Sigilyph, F|item
|poke|p2|Politoed, F|item
|poke|p2|Gengar, M|item
|poke|p2|Landorus-Therian, M|item
|poke|p2|Keldeo|item
|poke|p2|Excadrill, F|item
|poke|p2|Celebi|item
|teampreview
|inactive|Battle timer is ON: inactive players will automatically lose when time's up. (requested by av2336)
|
|t:|1718200653
|start
|switch|p1a: Skarmory|Skarmory, F|100/100
|switch|p2a: Landorus|Landorus-Therian, M|100/100
|-ability|p2a: Landorus|Intimidate|boost
|-unboost|p1a: Skarmory|atk|1
|turn|1
|
|t:|1718200658
|move|p2a: Landorus|Stealth Rock|p1a: Skarmory
|-sidestart|p1: av2336|move: Stealth Rock
|move|p1a: Skarmory|Taunt|p2a: Landorus
|-start|p2a: Landorus|move: Taunt
|
|upkeep
|turn|2
|
|t:|1718200662
|move|p2a: Landorus|U-turn|p1a: Skarmory
|-resisted|p1a: Skarmory
|-damage|p1a: Skarmory|95/100
|
|t:|1718200679
|switch|p2a: Gengar|Gengar, M|100/100|[from] U-turn
|move|p1a: Skarmory|Stealth Rock|p2a: Gengar
|-sidestart|p2: chomp29|move: Stealth Rock
|
|upkeep
|turn|3
|
|t:|1718200687
|move|p2a: Gengar|Substitute|p2a: Gengar
|-start|p2a: Gengar|Substitute
|-damage|p2a: Gengar|75/100
|move|p1a: Skarmory|Spikes|p2a: Gengar
|-sidestart|p2: chomp29|Spikes
|
|-heal|p2a: Gengar|82/100|[from] item: Black Sludge
|upkeep
|turn|4
|
|t:|1718200691
|move|p2a: Gengar|Focus Blast|p1a: Skarmory|[miss]
|-miss|p2a: Gengar|p1a: Skarmory
|move|p1a: Skarmory|Spikes|p2a: Gengar
|-sidestart|p2: chomp29|Spikes
|
|-heal|p2a: Gengar|88/100|[from] item: Black Sludge
|upkeep
|turn|5
|
|t:|1718200694
|move|p2a: Gengar|Focus Blast|p1a: Skarmory|[miss]
|-miss|p2a: Gengar|p1a: Skarmory
|move|p1a: Skarmory|Spikes|p2a: Gengar
|-sidestart|p2: chomp29|Spikes
|
|-heal|p2a: Gengar|94/100|[from] item: Black Sludge
|upkeep
|turn|6
|
|t:|1718200699
|move|p2a: Gengar|Focus Blast|p1a: Skarmory
|-damage|p1a: Skarmory|27/100
|move|p1a: Skarmory|Brave Bird|p2a: Gengar
|-end|p2a: Gengar|Substitute
|-damage|p1a: Skarmory|19/100|[from] Recoil|[of] p2a: Gengar
|
|-heal|p2a: Gengar|100/100|[from] item: Black Sludge
|upkeep
|turn|7
|-enditem|p1a: Skarmory|Custap Berry|[eat]
|-activate|p1a: Skarmory|item: Custap Berry|[consumed]
|
|t:|1718200704
|move|p1a: Skarmory|Brave Bird|p2a: Gengar
|-damage|p2a: Gengar|47/100
|-damage|p1a: Skarmory|1/100|[from] Recoil
|move|p2a: Gengar|Substitute|p2a: Gengar
|-start|p2a: Gengar|Substitute
|-damage|p2a: Gengar|22/100
|
|-heal|p2a: Gengar|28/100|[from] item: Black Sludge
|upkeep
|turn|8
|
|t:|1718200712
|move|p2a: Gengar|Shadow Ball|p1a: Skarmory
|-resisted|p1a: Skarmory
|-damage|p1a: Skarmory|0 fnt
|faint|p1a: Skarmory
|
|-heal|p2a: Gengar|35/100|[from] item: Black Sludge
|upkeep
|
|t:|1718200717
|switch|p1a: Tyranitar|Tyranitar, M|100/100
|-damage|p1a: Tyranitar|88/100|[from] Stealth Rock
|-weather|Sandstorm|[from] ability: Sand Stream|[of] p1a: Tyranitar
|turn|9
|
|t:|1718200722
|move|p2a: Gengar|Pain Split|p1a: Tyranitar
|-sethp|p1a: Tyranitar|56/100|[from] move: Pain Split|[silent]
|-sethp|p2a: Gengar|82/100|[from] move: Pain Split
|move|p1a: Tyranitar|Crunch|p2a: Gengar
|-supereffective|p2a: Gengar
|-end|p2a: Gengar|Substitute
|
|-weather|Sandstorm|[upkeep]
|-damage|p2a: Gengar|76/100|[from] Sandstorm
|-heal|p2a: Gengar|82/100|[from] item: Black Sludge
|upkeep
|turn|10
|
|t:|1718200731
|switch|p2a: Landorus|Landorus-Therian, M|100/100
|-damage|p2a: Landorus|88/100|[from] Stealth Rock
|-ability|p2a: Landorus|Intimidate|boost
|-unboost|p1a: Tyranitar|atk|1
|move|p1a: Tyranitar|Crunch|p2a: Landorus
|-damage|p2a: Landorus|61/100
|
|-weather|Sandstorm|[upkeep]
|-heal|p2a: Landorus|67/100|[from] item: Leftovers
|upkeep
|turn|11
|
|t:|1718200739
|switch|p1a: Gengar|Gengar, F|100/100
|-damage|p1a: Gengar|88/100|[from] Stealth Rock
|move|p2a: Landorus|U-turn|p1a: Gengar
|-resisted|p1a: Gengar
|-damage|p1a: Gengar|78/100
|
|t:|1718200759
|switch|p2a: Politoed|Politoed, F|100/100|[from] U-turn
|-damage|p2a: Politoed|88/100|[from] Stealth Rock
|-damage|p2a: Politoed|63/100|[from] Spikes
|-weather|RainDance|[from] ability: Drizzle|[of] p2a: Politoed
|
|-weather|RainDance|[upkeep]
|-heal|p1a: Gengar|84/100|[from] item: Black Sludge
|-heal|p2a: Politoed|69/100|[from] item: Leftovers
|upkeep
|turn|12
|
|t:|1718200764
|move|p1a: Gengar|Thunder|p2a: Politoed
|-supereffective|p2a: Politoed
|-damage|p2a: Politoed|0 fnt
|faint|p2a: Politoed
|
|-weather|RainDance|[upkeep]
|-heal|p1a: Gengar|90/100|[from] item: Black Sludge
|upkeep
|
|t:|1718200769
|switch|p2a: Excadrill|Excadrill, F|100/100
|-damage|p2a: Excadrill|98/100|[from] Stealth Rock
|-damage|p2a: Excadrill|73/100|[from] Spikes
|-ability|p2a: Excadrill|Mold Breaker
|turn|13
|
|t:|1718200775
|move|p2a: Excadrill|Earthquake|p1a: Gengar
|-supereffective|p1a: Gengar
|-damage|p1a: Gengar|0 fnt
|faint|p1a: Gengar
|
|-weather|RainDance|[upkeep]
|upkeep
|
|t:|1718200782
|switch|p1a: Sigilyph|Sigilyph, F|100/100
|turn|14
|
|t:|1718200788
|switch|p2a: Gengar|Gengar, M|82/100
|-damage|p2a: Gengar|70/100|[from] Stealth Rock
|move|p1a: Sigilyph|Thunder Wave|p2a: Gengar
|-status|p2a: Gengar|par
|
|-weather|RainDance|[upkeep]
|-heal|p2a: Gengar|76/100 par|[from] item: Black Sludge
|upkeep
|turn|15
|
|t:|1718200797
|switch|p1a: Tyranitar|Tyranitar, M|56/100
|-damage|p1a: Tyranitar|43/100|[from] Stealth Rock
|-weather|Sandstorm|[from] ability: Sand Stream|[of] p1a: Tyranitar
|move|p2a: Gengar|Shadow Ball|p1a: Tyranitar
|-resisted|p1a: Tyranitar
|-damage|p1a: Tyranitar|34/100
|
|-weather|Sandstorm|[upkeep]
|-damage|p2a: Gengar|70/100 par|[from] Sandstorm
|-heal|p2a: Gengar|76/100 par|[from] item: Black Sludge
|upkeep
|turn|16
|
|t:|1718200804
|move|p1a: Tyranitar|Crunch|p2a: Gengar
|-supereffective|p2a: Gengar
|-damage|p2a: Gengar|0 fnt
|faint|p2a: Gengar
|
|-weather|Sandstorm|[upkeep]
|upkeep
|
|t:|1718200810
|switch|p2a: Excadrill|Excadrill, F|73/100
|-damage|p2a: Excadrill|70/100|[from] Stealth Rock
|-damage|p2a: Excadrill|45/100|[from] Spikes
|-ability|p2a: Excadrill|Mold Breaker
|turn|17
|
|t:|1718200813
|move|p2a: Excadrill|Rapid Spin|p1a: Tyranitar
|-resisted|p1a: Tyranitar
|-damage|p1a: Tyranitar|31/100
|-sideend|p2: chomp29|Spikes|[from] move: Rapid Spin|[of] p2a: Excadrill
|-sideend|p2: chomp29|Stealth Rock|[from] move: Rapid Spin|[of] p2a: Excadrill
|move|p1a: Tyranitar|Superpower|p2a: Excadrill
|-supereffective|p2a: Excadrill
|-damage|p2a: Excadrill|0 fnt
|-unboost|p1a: Tyranitar|atk|1
|-unboost|p1a: Tyranitar|def|1
|faint|p2a: Excadrill
|
|-weather|Sandstorm|[upkeep]
|upkeep
|
|t:|1718200816
|switch|p2a: Celebi|Celebi|100/100
|turn|18
|
|t:|1718200823
|move|p2a: Celebi|Nasty Plot|p2a: Celebi
|-boost|p2a: Celebi|spa|2
|move|p1a: Tyranitar|Thunder Wave|p2a: Celebi
|-status|p2a: Celebi|par
|
|-weather|Sandstorm|[upkeep]
|-damage|p2a: Celebi|94/100 par|[from] Sandstorm
|-heal|p2a: Celebi|100/100 par|[from] item: Leftovers
|upkeep
|turn|19
|
|t:|1718200827
|move|p1a: Tyranitar|Crunch|p2a: Celebi
|-supereffective|p2a: Celebi
|-damage|p2a: Celebi|55/100 par
|cant|p2a: Celebi|par
|
|-weather|Sandstorm|[upkeep]
|-damage|p2a: Celebi|49/100 par|[from] Sandstorm
|-heal|p2a: Celebi|55/100 par|[from] item: Leftovers
|upkeep
|turn|20
|
|t:|1718200834
|move|p1a: Tyranitar|Crunch|p2a: Celebi
|-supereffective|p2a: Celebi
|-damage|p2a: Celebi|8/100 par
|cant|p2a: Celebi|par
|
|-weather|Sandstorm|[upkeep]
|-damage|p2a: Celebi|2/100 par|[from] Sandstorm
|-heal|p2a: Celebi|8/100 par|[from] item: Leftovers
|upkeep
|turn|21
|
|t:|1718200837
|move|p1a: Tyranitar|Pursuit|p2a: Celebi
|-supereffective|p2a: Celebi
|-damage|p2a: Celebi|0 fnt
|faint|p2a: Celebi
|
|-weather|Sandstorm|[upkeep]
|upkeep
|
|t:|1718200842
|switch|p2a: Landorus|Landorus-Therian, M|67/100
|-ability|p2a: Landorus|Intimidate|boost
|-unboost|p1a: Tyranitar|atk|1
|turn|22
|
|t:|1718200851
|move|p2a: Landorus|U-turn|p1a: Tyranitar
|-supereffective|p1a: Tyranitar
|-crit|p1a: Tyranitar
|-damage|p1a: Tyranitar|0 fnt
|faint|p1a: Tyranitar
|
|t:|1718200852
|switch|p2a: Keldeo|Keldeo|100/100|[from] U-turn
|
|-weather|Sandstorm|[upkeep]
|-damage|p2a: Keldeo|94/100|[from] Sandstorm
|upkeep
|
|t:|1718200860
|switch|p1a: Gastrodon|Gastrodon, F|100/100
|-damage|p1a: Gastrodon|94/100|[from] Stealth Rock
|turn|23
|
|t:|1718200865
|move|p2a: Keldeo|Hidden Power|p1a: Gastrodon
|-supereffective|p1a: Gastrodon
|-crit|p1a: Gastrodon
|-damage|p1a: Gastrodon|0 fnt
|faint|p1a: Gastrodon
|
|-weather|Sandstorm|[upkeep]
|-damage|p2a: Keldeo|88/100|[from] Sandstorm
|upkeep
|
|t:|1718200872
|switch|p1a: Sigilyph|Sigilyph, F|100/100
|turn|24
|
|t:|1718200875
|switch|p2a: Landorus|Landorus-Therian, M|67/100
|-ability|p2a: Landorus|Intimidate|boost
|-unboost|p1a: Sigilyph|atk|1
|move|p1a: Sigilyph|Air Slash|p2a: Landorus
|-damage|p2a: Landorus|26/100
|
|-weather|Sandstorm|[upkeep]
|-heal|p2a: Landorus|32/100|[from] item: Leftovers
|upkeep
|turn|25
|
|t:|1718200880
|move|p1a: Sigilyph|Ice Beam|p2a: Landorus
|-supereffective|p2a: Landorus
|-damage|p2a: Landorus|0 fnt
|faint|p2a: Landorus
|
|-weather|Sandstorm|[upkeep]
|upkeep
|
|t:|1718200882
|switch|p2a: Keldeo|Keldeo|88/100
|turn|26
|
|t:|1718200884
|move|p2a: Keldeo|Hydro Pump|p1a: Sigilyph|[miss]
|-miss|p2a: Keldeo|p1a: Sigilyph
|move|p1a: Sigilyph|Thunder Wave|p2a: Keldeo
|-status|p2a: Keldeo|par
|
|-weather|Sandstorm|[upkeep]
|-damage|p2a: Keldeo|82/100 par|[from] Sandstorm
|upkeep
|turn|27
|
|t:|1718200887
|move|p1a: Sigilyph|Air Slash|p2a: Keldeo
|-supereffective|p2a: Keldeo
|-damage|p2a: Keldeo|5/100 par
|cant|p2a: Keldeo|flinch
|
|-weather|Sandstorm|[upkeep]
|-damage|p2a: Keldeo|0 fnt|[from] Sandstorm
|faint|p2a: Keldeo
|
|win|av2336
|upkeep
|raw|av2336's rating: 1415 &rarr; <strong>1442</strong><br />(+27 for winning)
|raw|chomp29's rating: 1536 &rarr; <strong>1509</strong><br />(-27 for losing)
|l|☆chomp29
|player|p2|
