|join|Spartanlt
|join|dtw
|player|p1|Spartanlt|52
|player|p2|dtw|1
|gametype|singles
|gen|5
|tier|[Gen 5] OU
|rated
|rule|Evasion Abilities Clause: Evasion abilities are banned
|clearpoke
|poke|p1|Politoed, M
|poke|p1|Toxicroak, F
|poke|p1|Ferrothorn, F
|poke|p1|Jolteon, M
|poke|p1|Volcarona, M
|poke|p1|Gyarados, F
|poke|p2|Breloom, F
|poke|p2|Jirachi
|poke|p2|Gengar, M
|poke|p2|Quagsire, F
|poke|p2|Heatran, M
|poke|p2|Politoed, M
|rule|Sleep Clause Mod: Limit one foe put to sleep
|rule|Species Clause: Limit one of each Pokémon
|rule|OHKO Clause: OHKO moves are banned
|rule|Moody Clause: Moody is banned
|rule|Evasion Moves Clause: Evasion moves are banned
|rule|Endless Battle Clause: Forcing endless battles is banned
|rule|HP Percentage Mod: HP is reported as percentages
|teampreview
|
|start
|switch|p1a: Volcarona|Volcarona, M|312/312
|switch|p2a: Heatran|Heatran, M|386/386
|-item|p2a: Heatran|Air Balloon
|turn|1
|
|move|p1a: Volcarona|Giga Drain|p2a: Heatran
|-resisted|p2a: Heatran
|-damage|p2a: Heatran|368/386
|-enditem|p2a: Heatran|Air Balloon
|move|p2a: Heatran|Stealth Rock|p1a: Volcarona
|-sidestart|p1: Spartanlt|move: Stealth Rock
|
|turn|2
|
|move|p1a: Volcarona|Quiver Dance|p1a: Volcarona
|-boost|p1a: Volcarona|spa|1
|-boost|p1a: Volcarona|spd|1
|-boost|p1a: Volcarona|spe|1
|move|p2a: Heatran|Roar|p1a: Volcarona
|drag|p1a: Gyarados|Gyarados, F|332/332
|-damage|p1a: Gyarados|249/332|[from] Stealth Rock
|
|turn|3
|
|switch|p2a: Quagsire|Quagsire, F|394/394
|move|p1a: Gyarados|Earthquake|p2a: Quagsire
|-damage|p2a: Quagsire|293/394
|
|-heal|p2a: Quagsire|317/394|[from] item: Leftovers
|turn|4
|
|switch|p1a: Ferrothorn|Ferrothorn, F|352/352
|-damage|p1a: Ferrothorn|330/352|[from] Stealth Rock
|move|p2a: Quagsire|Scald|p1a: Ferrothorn
|-resisted|p1a: Ferrothorn
|-damage|p1a: Ferrothorn|301/352
|
|-heal|p2a: Quagsire|341/394|[from] item: Leftovers
|-heal|p1a: Ferrothorn|323/352|[from] item: Leftovers
|turn|5
|
|switch|p2a: Heatran|Heatran, M|368/386
|move|p1a: Ferrothorn|Leech Seed|p2a: Heatran
|-start|p2a: Heatran|move: Leech Seed
|
|-heal|p1a: Ferrothorn|345/352|[from] item: Leftovers
|-damage|p2a: Heatran|320/386|[from] Leech Seed|[of] p1a: Ferrothorn
|-heal|p1a: Ferrothorn|352/352|[silent]
|turn|6
|
|switch|p2a: Breloom|Breloom, F|324/324
|switch|p1a: Politoed|Politoed, M|384/384
|-damage|p1a: Politoed|336/384|[from] Stealth Rock
|-weather|RainDance|[from] ability: Drizzle|[of] p1a: Politoed
|
|-weather|RainDance|[upkeep]
|-heal|p1a: Politoed|360/384|[from] item: Leftovers
|-status|p2a: Breloom|tox|[from] item: Toxic Orb
|turn|7
|
|move|p1a: Politoed|Protect|p1a: Politoed
|-singleturn|p1a: Politoed|Protect
|move|p2a: Breloom|Spore|p1a: Politoed
|-activate|p1a: Politoed|Protect
|
|-weather|RainDance|[upkeep]
|-heal|p1a: Politoed|384/384|[from] item: Leftovers
|turn|8
|
|switch|p1a: Ferrothorn|Ferrothorn, F|352/352
|-damage|p1a: Ferrothorn|330/352|[from] Stealth Rock
|move|p2a: Breloom|Spore|p1a: Ferrothorn
|-status|p1a: Ferrothorn|slp
|
|-weather|RainDance|[upkeep]
|-heal|p1a: Ferrothorn|352/352 slp|[from] item: Leftovers
|turn|9
|
|switch|p1a: Toxicroak|Toxicroak, F|370/370
|-damage|p1a: Toxicroak|347/370|[from] Stealth Rock
|move|p2a: Breloom|Bulk Up|p2a: Breloom
|-boost|p2a: Breloom|atk|1
|-boost|p2a: Breloom|def|1
|
|-weather|RainDance|[upkeep]
|-heal|p1a: Toxicroak|370/370|[from] ability: Dry Skin
|turn|10
|
|switch|p2a: Quagsire|Quagsire, F|341/394
|move|p1a: Toxicroak|Bulk Up|p1a: Toxicroak
|-boost|p1a: Toxicroak|atk|1
|-boost|p1a: Toxicroak|def|1
|
|-weather|RainDance|[upkeep]
|-heal|p2a: Quagsire|365/394|[from] item: Leftovers
|turn|11
|
|move|p1a: Toxicroak|Bulk Up|p1a: Toxicroak
|-boost|p1a: Toxicroak|atk|1
|-boost|p1a: Toxicroak|def|1
|move|p2a: Quagsire|Earthquake|p1a: Toxicroak
|-supereffective|p1a: Toxicroak
|-damage|p1a: Toxicroak|92/370
|
|-weather|RainDance|[upkeep]
|-heal|p1a: Toxicroak|138/370|[from] ability: Dry Skin
|-heal|p1a: Toxicroak|161/370|[from] item: Black Sludge
|-heal|p2a: Quagsire|389/394|[from] item: Leftovers
|turn|12
|
|move|p1a: Toxicroak|Drain Punch|p2a: Quagsire
|-damage|p2a: Quagsire|286/394
|-heal|p1a: Toxicroak|213/370|[from] drain|[of] p2a: Quagsire
|move|p2a: Quagsire|Earthquake|p1a: Toxicroak
|-supereffective|p1a: Toxicroak
|-damage|p1a: Toxicroak|0 fnt
|faint|p1a: Toxicroak
|
|-weather|RainDance|[upkeep]
|-heal|p2a: Quagsire|310/394|[from] item: Leftovers
|
|switch|p1a: Politoed|Politoed, M|384/384
|-damage|p1a: Politoed|336/384|[from] Stealth Rock
|turn|13
|
|switch|p2a: Politoed|Politoed, M|384/384
|move|p1a: Politoed|Perish Song|p1a: Politoed
|-fieldactivate|move: Perish Song
|
|-start|p2a: Politoed|perish3
|-start|p1a: Politoed|perish3
|-weather|RainDance|[upkeep]
|-heal|p1a: Politoed|360/384|[from] item: Leftovers
|turn|14
|
|switch|p1a: Jolteon|Jolteon, M|272/272
|-damage|p1a: Jolteon|238/272|[from] Stealth Rock
|-item|p1a: Jolteon|Air Balloon
|move|p2a: Politoed|Toxic|p1a: Jolteon
|-status|p1a: Jolteon|tox
|
|-start|p2a: Politoed|perish2
|-weather|RainDance|[upkeep]
|-damage|p1a: Jolteon|221/272 tox|[from] psn
|turn|15
|
|move|p1a: Jolteon|Thunder|p2a: Politoed
|-supereffective|p2a: Politoed
|-damage|p2a: Politoed|0 fnt
|faint|p2a: Politoed
|
|-weather|RainDance|[upkeep]
|-damage|p1a: Jolteon|187/272 tox|[from] psn
|
|switch|p2a: Jirachi|Jirachi|404/404
|turn|16
|
|move|p1a: Jolteon|Thunder|p2a: Jirachi
|-damage|p2a: Jirachi|254/404
|-status|p2a: Jirachi|par
|move|p2a: Jirachi|Body Slam|p1a: Jolteon
|-damage|p1a: Jolteon|90/272 tox
|-enditem|p1a: Jolteon|Air Balloon
|
|-weather|RainDance|[upkeep]
|-heal|p2a: Jirachi|279/404 par|[from] item: Leftovers
|-damage|p1a: Jolteon|39/272 tox|[from] psn
|turn|17
|
|switch|p2a: Quagsire|Quagsire, F|310/394
|move|p1a: Jolteon|Volt Switch|p2a: Quagsire
|-immune|p2a: Quagsire|[msg]
|
|-weather|RainDance|[upkeep]
|-heal|p2a: Quagsire|334/394|[from] item: Leftovers
|-damage|p1a: Jolteon|0 fnt|[from] psn
|faint|p1a: Jolteon
|
|switch|p1a: Volcarona|Volcarona, M|312/312
|-damage|p1a: Volcarona|156/312|[from] Stealth Rock
|turn|18
|
|switch|p2a: Heatran|Heatran, M|320/386
|move|p1a: Volcarona|Giga Drain|p2a: Heatran
|-resisted|p2a: Heatran
|-damage|p2a: Heatran|302/386
|-heal|p1a: Volcarona|165/312|[from] drain|[of] p2a: Heatran
|
|-weather|RainDance|[upkeep]
|turn|19
|
|move|p1a: Volcarona|Hurricane|p2a: Heatran
|-resisted|p2a: Heatran
|-damage|p2a: Heatran|249/386
|-start|p2a: Heatran|confusion
|-activate|p2a: Heatran|confusion
|move|p2a: Heatran|Roar|p1a: Volcarona
|drag|p1a: Politoed|Politoed, M|360/384
|-damage|p1a: Politoed|312/384|[from] Stealth Rock
|
|-weather|RainDance|[upkeep]
|-heal|p1a: Politoed|336/384|[from] item: Leftovers
|turn|20
|
|switch|p2a: Jirachi|Jirachi|279/404 par
|move|p1a: Politoed|Hidden Power|p2a: Jirachi
|-resisted|p2a: Jirachi
|-damage|p2a: Jirachi|261/404 par
|
|-weather|RainDance|[upkeep]
|-heal|p1a: Politoed|360/384|[from] item: Leftovers
|-heal|p2a: Jirachi|286/404 par|[from] item: Leftovers
|turn|21
|
|move|p1a: Politoed|Scald|p2a: Jirachi
|-damage|p2a: Jirachi|193/404 par
|move|p2a: Jirachi|Body Slam|p1a: Politoed
|-damage|p1a: Politoed|297/384
|-status|p1a: Politoed|par
|
|-weather|RainDance|[upkeep]
|-heal|p2a: Jirachi|218/404 par|[from] item: Leftovers
|-heal|p1a: Politoed|321/384 par|[from] item: Leftovers
|turn|22
|
|cant|p2a: Jirachi|par
|move|p1a: Politoed|Scald|p2a: Jirachi
|-damage|p2a: Jirachi|128/404 par
|
|-weather|RainDance|[upkeep]
|-heal|p2a: Jirachi|153/404 par|[from] item: Leftovers
|-heal|p1a: Politoed|345/384 par|[from] item: Leftovers
|turn|23
|
|move|p1a: Politoed|Protect|p1a: Politoed
|-singleturn|p1a: Politoed|Protect
|move|p2a: Jirachi|Wish|p2a: Jirachi
|
|-weather|RainDance|[upkeep]
|-heal|p2a: Jirachi|178/404 par|[from] item: Leftovers
|-heal|p1a: Politoed|369/384 par|[from] item: Leftovers
|turn|24
|
|switch|p1a: Gyarados|Gyarados, F|249/332
|-damage|p1a: Gyarados|166/332|[from] Stealth Rock
|move|p2a: Jirachi|Body Slam|p1a: Gyarados
|-damage|p1a: Gyarados|80/332
|
|-weather|RainDance|[upkeep]
|-heal|p2a: Jirachi|380/404 par|[from] move: Wish|[wisher] Jirachi
|-heal|p2a: Jirachi|404/404 par|[from] item: Leftovers
|turn|25
|
|switch|p2a: Quagsire|Quagsire, F|334/394
|move|p1a: Gyarados|Waterfall|p2a: Quagsire
|-damage|p2a: Quagsire|156/394
|
|-weather|RainDance|[upkeep]
|-heal|p2a: Quagsire|180/394|[from] item: Leftovers
|turn|26
|
|switch|p2a: Jirachi|Jirachi|404/404 par
|move|p1a: Gyarados|Waterfall|p2a: Jirachi
|-damage|p2a: Jirachi|185/404 par
|
|-weather|RainDance|[upkeep]
|-heal|p2a: Jirachi|210/404 par|[from] item: Leftovers
|turn|27
|
|switch|p2a: Breloom|Breloom, F|324/324 tox
|move|p1a: Gyarados|Waterfall|p2a: Breloom
|-resisted|p2a: Breloom
|-damage|p2a: Breloom|208/324 tox
|
|-weather|RainDance|[upkeep]
|-heal|p2a: Breloom|248/324 tox|[from] ability: Poison Heal
|turn|28
|
|move|p1a: Gyarados|Waterfall|p2a: Breloom
|-resisted|p2a: Breloom
|-damage|p2a: Breloom|114/324 tox
|move|p2a: Breloom|Seed Bomb|p1a: Gyarados
|-damage|p1a: Gyarados|0 fnt
|faint|p1a: Gyarados
|
|-weather|RainDance|[upkeep]
|-heal|p2a: Breloom|154/324 tox|[from] ability: Poison Heal
|-message|Spartanlt forfeited.
|
|win|dtw
|raw|Ladder updating...
|leave|Spartanlt
|player|p1
|raw|Spartanlt's rating: 1346 &rarr; <strong>1326</strong><br />(-20 for losing)
|raw|dtw's rating: 1340 &rarr; <strong>1360</strong><br />(+20 for winning)