|j|☆Berserk75
|j|☆No.1 Fisherman
|player|p1|Berserk75|82
|player|p2|No.1 Fisherman|12
|teamsize|p1|6
|teamsize|p2|6
|gametype|singles
|gen|5
|tier|[Gen 5] OU
|rated|
|rule|Sleep Clause Mod: Limit one foe put to sleep
|rule|Species Clause: Limit one of each Pokémon
|rule|OHKO Clause: OHKO moves are banned
|rule|Moody Clause: Moody is banned
|rule|Evasion Moves Clause: Evasion moves are banned
|rule|Endless Battle Clause: Forcing endless battles is banned
|rule|HP Percentage Mod: HP is shown in percentages
|rule|Evasion Abilities Clause: Evasion abilities are banned
|rule|Baton Pass Clause: Limit one Baton Passer, can't pass Spe and other stats simultaneously
|rule|Swagger Clause: Swagger is banned
|clearpoke
|poke|p1|Heatran, M|item
|poke|p1|Excadrill, M|item
|poke|p1|Rotom-Wash|item
|poke|p1|Tangrowth, F|item
|poke|p1|Sableye, M|item
|poke|p1|Dragonite, M|item
|poke|p2|Garchomp, M|item
|poke|p2|Breloom, M|item
|poke|p2|Volcarona, M|item
|poke|p2|Dragonite, M|item
|poke|p2|Starmie|item
|poke|p2|Scizor, F|item
|teampreview
|
|start
|switch|p1a: Sableye|Sableye, M|100/100
|switch|p2a: Garchomp|Garchomp, M|100/100
|turn|1
|
|move|p1a: Sableye|Taunt|p2a: Garchomp
|-start|p2a: Garchomp|move: Taunt
|cant|p2a: Garchomp|move: Taunt|Stealth Rock
|
|upkeep
|turn|2
|
|move|p1a: Sableye|Will-O-Wisp|p2a: Garchomp|[miss]
|-miss|p1a: Sableye|p2a: Garchomp
|move|p2a: Garchomp|Draco Meteor|p1a: Sableye
|-enditem|p2a: Garchomp|Dragon Gem|[from] gem|[move] Draco Meteor
|-damage|p1a: Sableye|7/100
|-unboost|p2a: Garchomp|spa|2
|
|-heal|p1a: Sableye|14/100|[from] item: Leftovers
|upkeep
|turn|3
|
|move|p1a: Sableye|Recover|p1a: Sableye
|-heal|p1a: Sableye|64/100
|move|p2a: Garchomp|Earthquake|p1a: Sableye
|-damage|p1a: Sableye|3/100
|
|-heal|p1a: Sableye|9/100|[from] item: Leftovers
|-end|p2a: Garchomp|move: Taunt
|upkeep
|turn|4
|
|move|p1a: Sableye|Taunt|p2a: Garchomp
|-start|p2a: Garchomp|move: Taunt
|move|p2a: Garchomp|Earthquake|p1a: Sableye
|-damage|p1a: Sableye|0 fnt
|faint|p1a: Sableye
|
|upkeep
|
|switch|p1a: Heatran|Heatran, M|100/100
|-item|p1a: Heatran|Air Balloon
|turn|5
|
|move|p2a: Garchomp|Draco Meteor|p1a: Heatran|[miss]
|-miss|p2a: Garchomp|p1a: Heatran
|move|p1a: Heatran|Stealth Rock|p2a: Garchomp
|-sidestart|p2: No.1 Fisherman|move: Stealth Rock
|
|upkeep
|turn|6
|
|switch|p1a: Tangrowth|Tangrowth, F|100/100
|move|p2a: Garchomp|Draco Meteor|p1a: Tangrowth
|-damage|p1a: Tangrowth|62/100
|-unboost|p2a: Garchomp|spa|2
|
|-heal|p1a: Tangrowth|68/100|[from] item: Leftovers
|-end|p2a: Garchomp|move: Taunt
|upkeep
|turn|7
|
|move|p2a: Garchomp|Stealth Rock|p1a: Tangrowth
|-sidestart|p1: Berserk75|move: Stealth Rock
|move|p1a: Tangrowth|Sleep Powder|p2a: Garchomp
|-status|p2a: Garchomp|slp
|
|-heal|p1a: Tangrowth|74/100|[from] item: Leftovers
|upkeep
|turn|8
|
|switch|p2a: Scizor|Scizor, F|100/100
|-damage|p2a: Scizor|88/100|[from] Stealth Rock
|switch|p1a: Excadrill|Excadrill, M|100/100
|-damage|p1a: Excadrill|97/100|[from] Stealth Rock
|-ability|p1a: Excadrill|Mold Breaker
|
|upkeep
|turn|9
|
|move|p1a: Excadrill|Rapid Spin|p2a: Scizor
|-resisted|p2a: Scizor
|-damage|p2a: Scizor|83/100
|-sideend|p1: Berserk75|Stealth Rock|[from] move: Rapid Spin|[of] p1a: Excadrill
|move|p2a: Scizor|Superpower|p1a: Excadrill
|-supereffective|p1a: Excadrill
|-damage|p1a: Excadrill|0 fnt
|-unboost|p2a: Scizor|atk|1
|-unboost|p2a: Scizor|def|1
|faint|p1a: Excadrill
|
|upkeep
|
|switch|p1a: Dragonite|Dragonite, M|100/100
|turn|10
|
|move|p2a: Scizor|Superpower|p1a: Dragonite
|-resisted|p1a: Dragonite
|-damage|p1a: Dragonite|92/100
|-unboost|p2a: Scizor|atk|1
|-unboost|p2a: Scizor|def|1
|move|p1a: Dragonite|Dragon Dance|p1a: Dragonite
|-boost|p1a: Dragonite|atk|1
|-boost|p1a: Dragonite|spe|1
|
|upkeep
|turn|11
|
|switch|p2a: Starmie|Starmie|100/100
|-damage|p2a: Starmie|88/100|[from] Stealth Rock
|move|p1a: Dragonite|Dragon Dance|p1a: Dragonite
|-boost|p1a: Dragonite|atk|1
|-boost|p1a: Dragonite|spe|1
|
|upkeep
|turn|12
|
|move|p1a: Dragonite|Extreme Speed|p2a: Starmie
|-damage|p2a: Starmie|0 fnt
|faint|p2a: Starmie
|
|upkeep
|
|switch|p2a: Scizor|Scizor, F|83/100
|-damage|p2a: Scizor|71/100|[from] Stealth Rock
|turn|13
|
|move|p1a: Dragonite|Fire Punch|p2a: Scizor
|-supereffective|p2a: Scizor
|-crit|p2a: Scizor
|-damage|p2a: Scizor|0 fnt
|faint|p2a: Scizor
|
|upkeep
|c|☆No.1 Fisherman|oh oh
|
|switch|p2a: Dragonite|Dragonite, M|100/100
|-damage|p2a: Dragonite|75/100|[from] Stealth Rock
|turn|14
|c|☆No.1 Fisherman|gg wp
|
|move|p2a: Dragonite|Extreme Speed|p1a: Dragonite
|-damage|p1a: Dragonite|58/100
|move|p1a: Dragonite|Outrage|p2a: Dragonite
|-supereffective|p2a: Dragonite
|-damage|p2a: Dragonite|0 fnt
|faint|p2a: Dragonite
|
|upkeep
|c|☆Berserk75|gg
|
|switch|p2a: Breloom|Breloom, M|100/100
|-damage|p2a: Breloom|94/100|[from] Stealth Rock
|turn|15
|
|move|p2a: Breloom|Mach Punch|p1a: Dragonite
|-enditem|p2a: Breloom|Fighting Gem|[from] gem|[move] Mach Punch
|-resisted|p1a: Dragonite
|-damage|p1a: Dragonite|32/100
|move|p1a: Dragonite|Outrage|p2a: Breloom|[from]lockedmove
|-damage|p2a: Breloom|0 fnt
|-start|p1a: Dragonite|confusion|[fatigue]
|faint|p2a: Breloom
|-enditem|p1a: Dragonite|Lum Berry|[eat]
|-end|p1a: Dragonite|confusion
|
|upkeep
|
|switch|p2a: Volcarona|Volcarona, M|100/100
|-damage|p2a: Volcarona|51/100|[from] Stealth Rock
|turn|16
|
|move|p1a: Dragonite|Outrage|p2a: Volcarona
|-damage|p2a: Volcarona|0 fnt
|faint|p2a: Volcarona
|
|upkeep
|
|switch|p2a: Garchomp|Garchomp, M|100/100 slp
|-damage|p2a: Garchomp|94/100 slp|[from] Stealth Rock
|turn|17
|
|move|p1a: Dragonite|Outrage|p2a: Garchomp|[from]lockedmove
|-supereffective|p2a: Garchomp
|-damage|p2a: Garchomp|0 fnt
|-damage|p1a: Dragonite|19/100|[from] ability: Rough Skin|[of] p2a: Garchomp
|faint|p2a: Garchomp
|
|win|Berserk75
|c|☆No.1 Fisherman|gg
|l|☆No.1 Fisherman
|c|☆Berserk75|gg
|raw|Berserk75's rating: 1311 &rarr; <strong>1331</strong><br />(+20 for winning)
|raw|No.1 Fisherman's rating: 1314 &rarr; <strong>1294</strong><br />(-20 for losing)
