|j|☆Croaset
|j|☆Meme Papi
|t:|1704830895
|gametype|singles
|player|p1|Croaset|elesa|1369
|player|p2|Meme Papi|1|1322
|teamsize|p1|6
|teamsize|p2|6
|gen|5
|tier|[Gen 5] OU
|rated|
|rule|Species Clause: Limit one of each Pokémon
|rule|OHKO Clause: OHKO moves are banned
|rule|Moody Clause: Moody is banned
|rule|Evasion Items Clause: Evasion items are banned
|rule|Evasion Moves Clause: Evasion moves are banned
|rule|Endless Battle Clause: Forcing endless battles is banned
|rule|HP Percentage Mod: HP is shown in percentages
|rule|Evasion Abilities Clause: Evasion abilities are banned
|rule|Sleep Moves Clause: Sleep-inducing moves are banned
|rule|Swagger Clause: Swagger is banned
|rule|Baton Pass Stat Clause: No Baton Passer may have a way to boost its stats
|clearpoke
|poke|p1|Politoed, F|item
|poke|p1|Tentacruel, M|item
|poke|p1|Toxicroak, M|item
|poke|p1|Reuniclus, F|item
|poke|p1|Chansey, F|item
|poke|p1|Skarmory, M|item
|poke|p2|Nidoking, M|item
|poke|p2|Tyranitar, M|item
|poke|p2|Terrakion|item
|poke|p2|Latios, M|item
|poke|p2|Forretress, F|item
|poke|p2|Rotom-Wash|item
|teampreview
|inactive|Battle timer is ON: inactive players will automatically lose when time's up. (requested by Meme Papi)
|
|t:|1704830934
|start
|switch|p1a: Politoed|Politoed, F|100/100
|switch|p2a: Terrakion|Terrakion|100/100
|-weather|RainDance|[from] ability: Drizzle|[of] p1a: Politoed
|turn|1
|
|t:|1704830939
|switch|p2a: Rotom|Rotom-Wash|100/100
|move|p1a: Politoed|Scald|p2a: Rotom
|-resisted|p2a: Rotom
|-damage|p2a: Rotom|83/100
|
|-weather|RainDance|[upkeep]
|-heal|p2a: Rotom|89/100|[from] item: Leftovers
|upkeep
|turn|2
|
|t:|1704830946
|move|p2a: Rotom|Volt Switch|p1a: Politoed
|-supereffective|p1a: Politoed
|-damage|p1a: Politoed|55/100
|
|t:|1704830950
|switch|p2a: Forretress|Forretress, F|100/100|[from] Volt Switch
|move|p1a: Politoed|Scald|p2a: Forretress
|-damage|p2a: Forretress|41/100
|
|-weather|RainDance|[upkeep]
|-heal|p1a: Politoed|61/100|[from] item: Leftovers
|-heal|p2a: Forretress|47/100|[from] item: Leftovers
|upkeep
|turn|3
|
|t:|1704830954
|move|p2a: Forretress|Protect|p2a: Forretress
|-singleturn|p2a: Forretress|Protect
|move|p1a: Politoed|Scald|p2a: Forretress
|-activate|p2a: Forretress|move: Protect
|
|-weather|RainDance|[upkeep]
|-heal|p1a: Politoed|67/100|[from] item: Leftovers
|-heal|p2a: Forretress|54/100|[from] item: Leftovers
|upkeep
|turn|4
|
|t:|1704830959
|switch|p2a: Rotom|Rotom-Wash|89/100
|move|p1a: Politoed|Scald|p2a: Rotom
|-resisted|p2a: Rotom
|-damage|p2a: Rotom|69/100
|
|-weather|RainDance|[upkeep]
|-heal|p2a: Rotom|75/100|[from] item: Leftovers
|-heal|p1a: Politoed|73/100|[from] item: Leftovers
|upkeep
|turn|5
|
|t:|1704830962
|move|p1a: Politoed|Protect|p1a: Politoed
|-singleturn|p1a: Politoed|Protect
|move|p2a: Rotom|Will-O-Wisp|p1a: Politoed
|-activate|p1a: Politoed|move: Protect
|
|-weather|RainDance|[upkeep]
|-heal|p2a: Rotom|82/100|[from] item: Leftovers
|-heal|p1a: Politoed|80/100|[from] item: Leftovers
|upkeep
|turn|6
|
|t:|1704830971
|switch|p1a: Chansey|Chansey, F|100/100
|move|p2a: Rotom|Will-O-Wisp|p1a: Chansey|[miss]
|-miss|p2a: Rotom|p1a: Chansey
|
|-weather|RainDance|[upkeep]
|-heal|p2a: Rotom|88/100|[from] item: Leftovers
|upkeep
|turn|7
|
|t:|1704830975
|move|p2a: Rotom|Volt Switch|p1a: Chansey
|-damage|p1a: Chansey|93/100
|
|t:|1704830982
|switch|p2a: Terrakion|Terrakion|100/100|[from] Volt Switch
|move|p1a: Chansey|Stealth Rock|p2a: Terrakion
|-sidestart|p2: Meme Papi|move: Stealth Rock
|
|-weather|RainDance|[upkeep]
|upkeep
|turn|8
|
|t:|1704830988
|switch|p1a: Skarmory|Skarmory, M|100/100
|move|p2a: Terrakion|Stealth Rock|p1a: Skarmory
|-sidestart|p1: Croaset|move: Stealth Rock
|
|-weather|RainDance|[upkeep]
|upkeep
|turn|9
|
|t:|1704831000
|move|p2a: Terrakion|Taunt|p1a: Skarmory
|-start|p1a: Skarmory|move: Taunt
|cant|p1a: Skarmory|move: Taunt|Spikes
|
|-weather|RainDance|[upkeep]
|upkeep
|turn|10
|
|t:|1704831005
|switch|p2a: Forretress|Forretress, F|54/100
|-damage|p2a: Forretress|41/100|[from] Stealth Rock
|move|p1a: Skarmory|Brave Bird|p2a: Forretress
|-damage|p2a: Forretress|23/100
|-damage|p1a: Skarmory|94/100|[from] Recoil
|
|-weather|RainDance|[upkeep]
|-heal|p2a: Forretress|29/100|[from] item: Leftovers
|upkeep
|turn|11
|
|t:|1704831019
|switch|p1a: Toxicroak|Toxicroak, M|100/100
|-damage|p1a: Toxicroak|94/100|[from] Stealth Rock
|move|p2a: Forretress|Rapid Spin|p1a: Toxicroak
|-damage|p1a: Toxicroak|88/100
|-sideend|p2: Meme Papi|Stealth Rock|[from] move: Rapid Spin|[of] p2a: Forretress
|
|-weather|RainDance|[upkeep]
|-heal|p1a: Toxicroak|100/100|[from] ability: Dry Skin
|-heal|p2a: Forretress|35/100|[from] item: Leftovers
|upkeep
|turn|12
|
|t:|1704831029
|switch|p2a: Rotom|Rotom-Wash|88/100
|move|p1a: Toxicroak|Substitute|p1a: Toxicroak
|-start|p1a: Toxicroak|Substitute
|-damage|p1a: Toxicroak|76/100
|
|-weather|RainDance|[upkeep]
|-heal|p1a: Toxicroak|88/100|[from] ability: Dry Skin
|-heal|p2a: Rotom|94/100|[from] item: Leftovers
|-heal|p1a: Toxicroak|94/100|[from] item: Black Sludge
|upkeep
|turn|13
|
|t:|1704831046
|move|p2a: Rotom|Volt Switch|p1a: Toxicroak
|-activate|p1a: Toxicroak|Substitute|[damage]
|
|t:|1704831054
|switch|p2a: Nidoking|Nidoking, M|100/100|[from] Volt Switch
|move|p1a: Toxicroak|Bulk Up|p1a: Toxicroak
|-boost|p1a: Toxicroak|atk|1
|-boost|p1a: Toxicroak|def|1
|
|-weather|RainDance|[upkeep]
|-heal|p1a: Toxicroak|100/100|[from] ability: Dry Skin
|upkeep
|turn|14
|
|t:|1704831057
|move|p2a: Nidoking|Earth Power|p1a: Toxicroak
|-supereffective|p1a: Toxicroak
|-end|p1a: Toxicroak|Substitute
|move|p1a: Toxicroak|Drain Punch|p2a: Nidoking
|-resisted|p2a: Nidoking
|-damage|p2a: Nidoking|73/100
|
|-weather|RainDance|[upkeep]
|upkeep
|turn|15
|
|t:|1704831067
|switch|p1a: Chansey|Chansey, F|93/100
|-damage|p1a: Chansey|80/100|[from] Stealth Rock
|move|p2a: Nidoking|Earth Power|p1a: Chansey
|-crit|p1a: Chansey
|-damage|p1a: Chansey|48/100
|
|-weather|RainDance|[upkeep]
|upkeep
|turn|16
|
|t:|1704831074
|switch|p2a: Terrakion|Terrakion|100/100
|move|p1a: Chansey|Soft-Boiled|p1a: Chansey
|-heal|p1a: Chansey|99/100
|
|-weather|RainDance|[upkeep]
|upkeep
|turn|17
|
|t:|1704831078
|switch|p1a: Skarmory|Skarmory, M|94/100
|-damage|p1a: Skarmory|82/100|[from] Stealth Rock
|move|p2a: Terrakion|Stone Edge|p1a: Skarmory|[miss]
|-miss|p2a: Terrakion|p1a: Skarmory
|
|-weather|RainDance|[upkeep]
|upkeep
|turn|18
|
|t:|1704831090
|switch|p2a: Rotom|Rotom-Wash|94/100
|move|p1a: Skarmory|Brave Bird|p2a: Rotom
|-resisted|p2a: Rotom
|-damage|p2a: Rotom|83/100
|-damage|p1a: Skarmory|78/100|[from] Recoil
|
|-weather|RainDance|[upkeep]
|-heal|p2a: Rotom|89/100|[from] item: Leftovers
|upkeep
|turn|19
|
|t:|1704831097
|switch|p1a: Chansey|Chansey, F|99/100
|-damage|p1a: Chansey|86/100|[from] Stealth Rock
|move|p2a: Rotom|Volt Switch|p1a: Chansey
|-damage|p1a: Chansey|79/100
|
|t:|1704831102
|switch|p2a: Terrakion|Terrakion|100/100|[from] Volt Switch
|
|-weather|RainDance|[upkeep]
|upkeep
|turn|20
|
|t:|1704831105
|switch|p1a: Skarmory|Skarmory, M|78/100
|-damage|p1a: Skarmory|66/100|[from] Stealth Rock
|move|p2a: Terrakion|Stone Edge|p1a: Skarmory
|-damage|p1a: Skarmory|37/100
|
|-weather|RainDance|[upkeep]
|upkeep
|turn|21
|
|t:|1704831119
|switch|p2a: Rotom|Rotom-Wash|89/100
|move|p1a: Skarmory|Roost|p1a: Skarmory
|-heal|p1a: Skarmory|87/100
|-singleturn|p1a: Skarmory|move: Roost
|
|-weather|RainDance|[upkeep]
|-heal|p2a: Rotom|95/100|[from] item: Leftovers
|upkeep
|turn|22
|
|t:|1704831122
|switch|p1a: Chansey|Chansey, F|79/100
|-damage|p1a: Chansey|67/100|[from] Stealth Rock
|move|p2a: Rotom|Will-O-Wisp|p1a: Chansey
|-status|p1a: Chansey|brn
|
|-weather|RainDance|[upkeep]
|-heal|p2a: Rotom|100/100|[from] item: Leftovers
|-damage|p1a: Chansey|54/100 brn|[from] brn
|upkeep
|turn|23
|
|t:|1704831126
|move|p2a: Rotom|Volt Switch|p1a: Chansey
|-crit|p1a: Chansey
|-damage|p1a: Chansey|38/100 brn
|
|t:|1704831129
|switch|p2a: Tyranitar|Tyranitar, M|100/100|[from] Volt Switch
|-weather|Sandstorm|[from] ability: Sand Stream|[of] p2a: Tyranitar
|move|p1a: Chansey|Thunder Wave|p2a: Tyranitar
|-status|p2a: Tyranitar|par
|
|-weather|Sandstorm|[upkeep]
|-damage|p1a: Chansey|32/100 brn|[from] Sandstorm
|-damage|p1a: Chansey|20/100 brn|[from] brn
|upkeep
|turn|24
|
|t:|1704831132
|move|p1a: Chansey|Soft-Boiled|p1a: Chansey
|-heal|p1a: Chansey|70/100 brn
|move|p2a: Tyranitar|Pursuit|p1a: Chansey
|-damage|p1a: Chansey|57/100 brn
|
|-weather|Sandstorm|[upkeep]
|-damage|p1a: Chansey|51/100 brn|[from] Sandstorm
|-damage|p1a: Chansey|39/100 brn|[from] brn
|upkeep
|turn|25
|
|t:|1704831135
|move|p1a: Chansey|Soft-Boiled|p1a: Chansey
|-heal|p1a: Chansey|89/100 brn
|move|p2a: Tyranitar|Pursuit|p1a: Chansey
|-damage|p1a: Chansey|76/100 brn
|
|-weather|Sandstorm|[upkeep]
|-damage|p1a: Chansey|70/100 brn|[from] Sandstorm
|-damage|p1a: Chansey|57/100 brn|[from] brn
|upkeep
|turn|26
|
|t:|1704831137
|move|p1a: Chansey|Soft-Boiled|p1a: Chansey
|-heal|p1a: Chansey|100/100 brn
|move|p2a: Tyranitar|Superpower|p1a: Chansey
|-supereffective|p1a: Chansey
|-damage|p1a: Chansey|44/100 brn
|-unboost|p2a: Tyranitar|atk|1
|-unboost|p2a: Tyranitar|def|1
|
|-weather|Sandstorm|[upkeep]
|-damage|p1a: Chansey|38/100 brn|[from] Sandstorm
|-damage|p1a: Chansey|26/100 brn|[from] brn
|upkeep
|turn|27
|
|t:|1704831140
|move|p1a: Chansey|Soft-Boiled|p1a: Chansey
|-heal|p1a: Chansey|76/100 brn
|move|p2a: Tyranitar|Pursuit|p1a: Chansey
|-damage|p1a: Chansey|67/100 brn
|
|-weather|Sandstorm|[upkeep]
|-damage|p1a: Chansey|61/100 brn|[from] Sandstorm
|-damage|p1a: Chansey|49/100 brn|[from] brn
|upkeep
|turn|28
|
|t:|1704831147
|switch|p2a: Terrakion|Terrakion|100/100
|move|p1a: Chansey|Soft-Boiled|p1a: Chansey
|-heal|p1a: Chansey|99/100 brn
|
|-weather|Sandstorm|[upkeep]
|-damage|p1a: Chansey|93/100 brn|[from] Sandstorm
|-damage|p1a: Chansey|81/100 brn|[from] brn
|upkeep
|turn|29
|
|t:|1704831158
|-curestatus|p1a: Chansey|brn|[from] ability: Natural Cure
|switch|p1a: Politoed|Politoed, F|80/100
|-damage|p1a: Politoed|67/100|[from] Stealth Rock
|-weather|RainDance|[from] ability: Drizzle|[of] p1a: Politoed
|move|p2a: Terrakion|Close Combat|p1a: Politoed
|-damage|p1a: Politoed|21/100
|-unboost|p2a: Terrakion|def|1
|-unboost|p2a: Terrakion|spd|1
|
|-weather|RainDance|[upkeep]
|-heal|p1a: Politoed|27/100|[from] item: Leftovers
|upkeep
|turn|30
|
|t:|1704831166
|switch|p1a: Tentacruel|Tentacruel, M|100/100
|-damage|p1a: Tentacruel|88/100|[from] Stealth Rock
|move|p2a: Terrakion|Close Combat|p1a: Tentacruel
|-resisted|p1a: Tentacruel
|-damage|p1a: Tentacruel|61/100
|-unboost|p2a: Terrakion|def|1
|-unboost|p2a: Terrakion|spd|1
|
|-weather|RainDance|[upkeep]
|-heal|p1a: Tentacruel|68/100|[from] ability: Rain Dish
|-heal|p1a: Tentacruel|74/100|[from] item: Black Sludge
|upkeep
|turn|31
|
|t:|1704831174
|move|p2a: Terrakion|Stone Edge|p1a: Tentacruel
|-damage|p1a: Tentacruel|31/100
|move|p1a: Tentacruel|Scald|p2a: Terrakion
|-supereffective|p2a: Terrakion
|-damage|p2a: Terrakion|0 fnt
|faint|p2a: Terrakion
|
|-weather|RainDance|[upkeep]
|-heal|p1a: Tentacruel|37/100|[from] ability: Rain Dish
|-heal|p1a: Tentacruel|43/100|[from] item: Black Sludge
|upkeep
|
|t:|1704831192
|switch|p2a: Nidoking|Nidoking, M|73/100
|turn|32
|
|t:|1704831197
|move|p1a: Tentacruel|Protect|p1a: Tentacruel
|-singleturn|p1a: Tentacruel|Protect
|move|p2a: Nidoking|Earth Power|p1a: Tentacruel
|-activate|p1a: Tentacruel|move: Protect
|
|-weather|RainDance|[upkeep]
|-heal|p1a: Tentacruel|49/100|[from] ability: Rain Dish
|-heal|p1a: Tentacruel|55/100|[from] item: Black Sludge
|upkeep
|turn|33
|
|t:|1704831200
|switch|p2a: Tyranitar|Tyranitar, M|100/100 par
|-weather|Sandstorm|[from] ability: Sand Stream|[of] p2a: Tyranitar
|switch|p1a: Chansey|Chansey, F|81/100
|-damage|p1a: Chansey|68/100|[from] Stealth Rock
|
|-weather|Sandstorm|[upkeep]
|-damage|p1a: Chansey|62/100|[from] Sandstorm
|upkeep
|turn|34
|
|t:|1704831210
|switch|p1a: Tentacruel|Tentacruel, M|55/100
|-damage|p1a: Tentacruel|43/100|[from] Stealth Rock
|move|p2a: Tyranitar|Superpower|p1a: Tentacruel
|-resisted|p1a: Tentacruel
|-damage|p1a: Tentacruel|24/100
|-unboost|p2a: Tyranitar|atk|1
|-unboost|p2a: Tyranitar|def|1
|
|-weather|Sandstorm|[upkeep]
|-damage|p1a: Tentacruel|18/100|[from] Sandstorm
|-heal|p1a: Tentacruel|24/100|[from] item: Black Sludge
|upkeep
|turn|35
|
|t:|1704831229
|move|p1a: Tentacruel|Scald|p2a: Tyranitar
|-supereffective|p2a: Tyranitar
|-damage|p2a: Tyranitar|80/100 par
|move|p2a: Tyranitar|Thunder Wave|p1a: Tentacruel
|-status|p1a: Tentacruel|par
|
|-weather|Sandstorm|[upkeep]
|-damage|p1a: Tentacruel|18/100 par|[from] Sandstorm
|-heal|p1a: Tentacruel|24/100 par|[from] item: Black Sludge
|upkeep
|turn|36
|
|t:|1704831238
|switch|p2a: Rotom|Rotom-Wash|100/100
|move|p1a: Tentacruel|Scald|p2a: Rotom
|-resisted|p2a: Rotom
|-damage|p2a: Rotom|90/100
|
|-weather|Sandstorm|[upkeep]
|-damage|p2a: Rotom|84/100|[from] Sandstorm
|-damage|p1a: Tentacruel|18/100 par|[from] Sandstorm
|-heal|p2a: Rotom|90/100|[from] item: Leftovers
|-heal|p1a: Tentacruel|24/100 par|[from] item: Black Sludge
|upkeep
|turn|37
|
|t:|1704831256
|switch|p1a: Chansey|Chansey, F|62/100
|-damage|p1a: Chansey|50/100|[from] Stealth Rock
|move|p2a: Rotom|Volt Switch|p1a: Chansey
|-damage|p1a: Chansey|42/100
|
|t:|1704831260
|switch|p2a: Tyranitar|Tyranitar, M|80/100 par|[from] Volt Switch
|
|-weather|Sandstorm|[upkeep]
|-damage|p1a: Chansey|36/100|[from] Sandstorm
|upkeep
|turn|38
|
|t:|1704831264
|move|p1a: Chansey|Soft-Boiled|p1a: Chansey
|-heal|p1a: Chansey|86/100
|move|p2a: Tyranitar|Superpower|p1a: Chansey
|-supereffective|p1a: Chansey
|-damage|p1a: Chansey|37/100
|-unboost|p2a: Tyranitar|atk|1
|-unboost|p2a: Tyranitar|def|1
|
|-weather|Sandstorm|[upkeep]
|-damage|p1a: Chansey|31/100|[from] Sandstorm
|upkeep
|turn|39
|
|t:|1704831272
|switch|p2a: Nidoking|Nidoking, M|73/100
|move|p1a: Chansey|Soft-Boiled|p1a: Chansey
|-heal|p1a: Chansey|81/100
|
|-weather|Sandstorm|[upkeep]
|-damage|p1a: Chansey|74/100|[from] Sandstorm
|upkeep
|turn|40
|
|t:|1704831279
|move|p2a: Nidoking|Sludge Wave|p1a: Chansey
|-damage|p1a: Chansey|59/100
|move|p1a: Chansey|Stealth Rock|p2a: Nidoking
|-sidestart|p2: Meme Papi|move: Stealth Rock
|
|-weather|Sandstorm|[upkeep]
|-damage|p1a: Chansey|53/100|[from] Sandstorm
|upkeep
|turn|41
|-message|Meme Papi forfeited.
|
|win|Croaset
|raw|Croaset's rating: 1369 &rarr; <strong>1386</strong><br />(+17 for winning)
|raw|Meme Papi's rating: 1322 &rarr; <strong>1305</strong><br />(-17 for losing)
|l|☆Meme Papi
|player|p2|
