|j|☆eyedroppy
|j|☆egg warrior
|t:|1749797706
|gametype|singles
|player|p1|eyedroppy|preschooler|1415
|player|p2|egg warrior|phoebe-gen6|1318
|teamsize|p1|6
|teamsize|p2|6
|gen|5
|tier|[Gen 5] OU
|rated|
|rule|Species Clause: Limit one of each Pokémon
|rule|OHKO Clause: OHKO moves are banned
|rule|Moody Clause: Moody is banned
|rule|Evasion Items Clause: Evasion items are banned
|rule|Evasion Moves Clause: Evasion moves are banned
|rule|Endless Battle Clause: Forcing endless battles is banned
|rule|HP Percentage Mod: HP is shown in percentages
|rule|Evasion Abilities Clause: Evasion abilities are banned
|rule|Sleep Moves Clause: Sleep-inducing moves are banned
|rule|Swagger Clause: Swagger is banned
|rule|Baton Pass Stat Clause: No Baton Passer may have a way to boost its stats
|clearpoke
|poke|p1|Reuniclus, F|item
|poke|p1|Conkeldurr, M|item
|poke|p1|Bronzong|item
|poke|p1|Scizor, M|item
|poke|p1|Garchomp, F|item
|poke|p1|Dragonite, M|item
|poke|p2|Heatran, M|item
|poke|p2|Celebi|item
|poke|p2|Scizor, M|item
|poke|p2|Donphan, M|item
|poke|p2|Slowbro, M|item
|poke|p2|Ditto|item
|teampreview
|
|t:|1749797722
|start
|switch|p1a: Conkeldurr|Conkeldurr, M|100/100
|switch|p2a: Heatran|Heatran, M|100/100
|turn|1
|inactive|Battle timer is ON: inactive players will automatically lose when time's up. (requested by eyedroppy)
|
|t:|1749797731
|switch|p2a: Slowbro|Slowbro, M|100/100
|move|p1a: Conkeldurr|Drain Punch|p2a: Slowbro
|-resisted|p2a: Slowbro
|-damage|p2a: Slowbro|79/100
|-damage|p1a: Conkeldurr|91/100|[from] item: Life Orb
|
|-heal|p2a: Slowbro|85/100|[from] item: Leftovers
|upkeep
|turn|2
|
|t:|1749797745
|switch|p1a: Bronzong|Bronzong|100/100
|move|p2a: Slowbro|Scald|p1a: Bronzong
|-damage|p1a: Bronzong|78/100
|
|-heal|p2a: Slowbro|91/100|[from] item: Leftovers
|upkeep
|turn|3
|
|t:|1749797750
|move|p2a: Slowbro|Calm Mind|p2a: Slowbro
|-boost|p2a: Slowbro|spa|1
|-boost|p2a: Slowbro|spd|1
|move|p1a: Bronzong|Stealth Rock|p2a: Slowbro
|-sidestart|p2: egg warrior|move: Stealth Rock
|
|-heal|p2a: Slowbro|97/100|[from] item: Leftovers
|upkeep
|turn|4
|
|t:|1749797760
|switch|p1a: Scizor|Scizor, M|100/100
|move|p2a: Slowbro|Calm Mind|p2a: Slowbro
|-boost|p2a: Slowbro|spa|1
|-boost|p2a: Slowbro|spd|1
|
|-heal|p2a: Slowbro|100/100|[from] item: Leftovers
|upkeep
|turn|5
|
|t:|1749797766
|move|p1a: Scizor|Bug Bite|p2a: Slowbro
|-supereffective|p2a: Slowbro
|-damage|p2a: Slowbro|23/100
|-damage|p1a: Scizor|91/100|[from] item: Life Orb
|move|p2a: Slowbro|Slack Off|p2a: Slowbro
|-heal|p2a: Slowbro|73/100
|
|-heal|p2a: Slowbro|79/100|[from] item: Leftovers
|upkeep
|turn|6
|
|t:|1749797777
|switch|p2a: Heatran|Heatran, M|100/100
|-damage|p2a: Heatran|88/100|[from] Stealth Rock
|move|p1a: Scizor|Bug Bite|p2a: Heatran
|-resisted|p2a: Heatran
|-damage|p2a: Heatran|72/100
|-damage|p1a: Scizor|81/100|[from] item: Life Orb
|
|-heal|p2a: Heatran|78/100|[from] item: Leftovers
|upkeep
|turn|7
|
|t:|1749797795
|switch|p1a: Dragonite|Dragonite, M|100/100
|move|p2a: Heatran|Lava Plume|p1a: Dragonite
|-resisted|p1a: Dragonite
|-damage|p1a: Dragonite|91/100
|
|-heal|p2a: Heatran|84/100|[from] item: Leftovers
|upkeep
|turn|8
|
|t:|1749797807
|switch|p2a: Donphan|Donphan, M|100/100
|-damage|p2a: Donphan|94/100|[from] Stealth Rock
|move|p1a: Dragonite|Superpower|p2a: Donphan
|-damage|p2a: Donphan|55/100
|-unboost|p1a: Dragonite|atk|1
|-unboost|p1a: Dragonite|def|1
|-damage|p1a: Dragonite|81/100|[from] item: Life Orb
|
|-heal|p2a: Donphan|61/100|[from] item: Leftovers
|upkeep
|turn|9
|
|t:|1749797814
|move|p2a: Donphan|Ice Shard|p1a: Dragonite
|-supereffective|p1a: Dragonite
|-damage|p1a: Dragonite|0 fnt
|faint|p1a: Dragonite
|
|-heal|p2a: Donphan|67/100|[from] item: Leftovers
|upkeep
|
|t:|1749797819
|switch|p1a: Conkeldurr|Conkeldurr, M|91/100
|turn|10
|
|t:|1749797823
|move|p2a: Donphan|Rapid Spin|p1a: Conkeldurr
|-damage|p1a: Conkeldurr|85/100
|-sideend|p2: egg warrior|Stealth Rock|[from] move: Rapid Spin|[of] p2a: Donphan
|move|p1a: Conkeldurr|Thunder Punch|p2a: Donphan
|-immune|p2a: Donphan
|
|-heal|p2a: Donphan|74/100|[from] item: Leftovers
|upkeep
|turn|11
|
|t:|1749797828
|move|p2a: Donphan|Earthquake|p1a: Conkeldurr
|-damage|p1a: Conkeldurr|39/100
|move|p1a: Conkeldurr|Ice Punch|p2a: Donphan
|-supereffective|p2a: Donphan
|-damage|p2a: Donphan|0 fnt
|faint|p2a: Donphan
|-damage|p1a: Conkeldurr|30/100|[from] item: Life Orb
|
|upkeep
|
|t:|1749797838
|switch|p2a: Celebi|Celebi|100/100
|turn|12
|
|t:|1749797845
|switch|p1a: Bronzong|Bronzong|78/100
|move|p2a: Celebi|Stealth Rock|p1a: Bronzong
|-sidestart|p1: eyedroppy|move: Stealth Rock
|
|upkeep
|turn|13
|
|t:|1749797851
|move|p2a: Celebi|Baton Pass|p2a: Celebi
|
|t:|1749797853
|switch|p2a: Heatran|Heatran, M|84/100|[from] Baton Pass
|move|p1a: Bronzong|Stealth Rock|p2a: Heatran
|-sidestart|p2: egg warrior|move: Stealth Rock
|
|-heal|p2a: Heatran|91/100|[from] item: Leftovers
|upkeep
|turn|14
|
|t:|1749797861
|move|p2a: Heatran|Lava Plume|p1a: Bronzong
|-supereffective|p1a: Bronzong
|-enditem|p1a: Bronzong|Occa Berry|[eat]
|-enditem|p1a: Bronzong|Occa Berry|[weaken]
|-damage|p1a: Bronzong|46/100
|-status|p1a: Bronzong|brn
|move|p1a: Bronzong|Trick Room|p1a: Bronzong
|-fieldstart|move: Trick Room|[of] p1a: Bronzong
|
|-heal|p2a: Heatran|97/100|[from] item: Leftovers
|-damage|p1a: Bronzong|34/100 brn|[from] brn
|upkeep
|turn|15
|
|t:|1749797868
|move|p1a: Bronzong|Explosion|p2a: Heatran
|-resisted|p2a: Heatran
|-damage|p2a: Heatran|84/100
|faint|p1a: Bronzong
|move|p2a: Heatran|Substitute|p2a: Heatran
|-start|p2a: Heatran|Substitute
|-damage|p2a: Heatran|59/100
|
|-heal|p2a: Heatran|65/100|[from] item: Leftovers
|upkeep
|
|t:|1749797882
|switch|p1a: Conkeldurr|Conkeldurr, M|30/100
|-damage|p1a: Conkeldurr|24/100|[from] Stealth Rock
|turn|16
|
|t:|1749797886
|move|p2a: Heatran|Protect|p2a: Heatran
|-singleturn|p2a: Heatran|Protect
|move|p1a: Conkeldurr|Drain Punch|p2a: Heatran
|-activate|p2a: Heatran|move: Protect
|
|-heal|p2a: Heatran|71/100|[from] item: Leftovers
|upkeep
|turn|17
|
|t:|1749797889
|move|p1a: Conkeldurr|Drain Punch|p2a: Heatran
|-supereffective|p2a: Heatran
|-crit|p2a: Heatran
|-end|p2a: Heatran|Substitute
|-heal|p1a: Conkeldurr|34/100|[from] drain|[of] p2a: Heatran
|-damage|p1a: Conkeldurr|24/100|[from] item: Life Orb
|move|p2a: Heatran|Lava Plume|p1a: Conkeldurr
|-damage|p1a: Conkeldurr|0 fnt
|faint|p1a: Conkeldurr
|
|-heal|p2a: Heatran|77/100|[from] item: Leftovers
|upkeep
|
|t:|1749797896
|switch|p1a: Scizor|Scizor, M|81/100
|-damage|p1a: Scizor|68/100|[from] Stealth Rock
|turn|18
|
|t:|1749797900
|move|p2a: Heatran|Protect|p2a: Heatran
|-singleturn|p2a: Heatran|Protect
|move|p1a: Scizor|Superpower|p2a: Heatran
|-activate|p2a: Heatran|move: Protect
|
|-heal|p2a: Heatran|84/100|[from] item: Leftovers
|-fieldend|move: Trick Room
|upkeep
|turn|19
|
|t:|1749797903
|move|p2a: Heatran|Lava Plume|p1a: Scizor
|-supereffective|p1a: Scizor
|-damage|p1a: Scizor|0 fnt
|faint|p1a: Scizor
|
|-heal|p2a: Heatran|90/100|[from] item: Leftovers
|upkeep
|-message|eyedroppy forfeited.
|
|win|egg warrior
|raw|eyedroppy's rating: 1415 &rarr; <strong>1390</strong><br />(-25 for losing)
|raw|egg warrior's rating: 1318 &rarr; <strong>1343</strong><br />(+25 for winning)
|l|☆eyedroppy
|player|p1|
