|j|‽December Eve
|j|☆james434
|player|p1|December Eve|92
|player|p2|james434|141
|teamsize|p1|6
|teamsize|p2|6
|gametype|singles
|gen|5
|tier|[Gen 5] OU
|rated|
|rule|Sleep Clause Mod: Limit one foe put to sleep
|rule|Species Clause: Limit one of each Pokémon
|rule|OHKO Clause: OHKO moves are banned
|rule|Moody Clause: Moody is banned
|rule|Evasion Moves Clause: Evasion moves are banned
|rule|Endless Battle Clause: Forcing endless battles is banned
|rule|HP Percentage Mod: HP is shown in percentages
|rule|Evasion Abilities Clause: Evasion abilities are banned
|rule|Baton Pass Clause: Limit one Baton Passer, can't pass Spe and other stats simultaneously
|rule|Swagger Clause: Swagger is banned
|clearpoke
|poke|p1|Abomasnow, M|item
|poke|p1|Heatran, M|item
|poke|p1|Tentacruel, M|item
|poke|p1|Gliscor, F|item
|poke|p1|Reuniclus, M|item
|poke|p1|Kyurem|item
|poke|p2|Ninetales, M|item
|poke|p2|Forretress, M|item
|poke|p2|Xatu, F|item
|poke|p2|Cresselia, F|item
|poke|p2|Gliscor, F|item
|poke|p2|Chansey, F|item
|teampreview
|inactive|Battle timer is ON: inactive players will automatically lose when time's up. (requested by james434)
|inactive|December Eve has 120 seconds left.
|raw|<div class="broadcast-red"><strong>Moderated chat was set to +!</strong><br />Only users of rank + and higher can talk.</div>
|inactive|December Eve has 90 seconds left.
|inactive|December Eve has 60 seconds left.
|
|start
|switch|p1a: Gliscor|Gliscor, F|354/354
|switch|p2a: Gliscor|Gliscor, F|354/354
|turn|1
|
|switch|p2a: Xatu|Xatu, F|334/334
|move|p1a: Gliscor|Taunt|p2a: Xatu
|move|p2a: Xatu|Taunt|p1a: Gliscor|[from]Magic Bounce
|-start|p1a: Gliscor|move: Taunt
|
|-status|p1a: Gliscor|tox|[from] item: Toxic Orb
|upkeep
|turn|2
|inactive|December Eve has 120 seconds left.
|
|switch|p1a: Reuniclus|Reuniclus, M|424/424
|move|p2a: Xatu|Night Shade|p1a: Reuniclus
|-damage|p1a: Reuniclus|324/424
|
|-heal|p1a: Reuniclus|350/424|[from] item: Leftovers
|upkeep
|turn|3
|
|move|p2a: Xatu|U-turn|p1a: Reuniclus
|-supereffective|p1a: Reuniclus
|-crit|p1a: Reuniclus
|-damage|p1a: Reuniclus|194/424
|
|switch|p2a: Chansey|Chansey, F|703/703
|move|p1a: Reuniclus|Thunder|p2a: Chansey|[miss]
|-miss|p1a: Reuniclus|p2a: Chansey
|
|-heal|p1a: Reuniclus|220/424|[from] item: Leftovers
|upkeep
|turn|4
|
|move|p2a: Chansey|Toxic|p1a: Reuniclus
|-status|p1a: Reuniclus|tox
|move|p1a: Reuniclus|Recover|p1a: Reuniclus
|-heal|p1a: Reuniclus|424/424 tox
|
|upkeep
|turn|5
|
|switch|p1a: Heatran|Heatran, M|385/385
|move|p2a: Chansey|Stealth Rock|p1a: Heatran
|-sidestart|p1: December Eve|move: Stealth Rock
|
|upkeep
|turn|6
|
|move|p1a: Heatran|Lava Plume|p2a: Chansey
|-damage|p2a: Chansey|634/703
|move|p2a: Chansey|Seismic Toss|p1a: Heatran
|-damage|p1a: Heatran|285/385
|
|-heal|p1a: Heatran|309/385|[from] item: Leftovers
|upkeep
|turn|7
|
|move|p1a: Heatran|Stealth Rock|p2a: Chansey
|-sidestart|p2: james434|move: Stealth Rock
|move|p2a: Chansey|Seismic Toss|p1a: Heatran
|-damage|p1a: Heatran|209/385
|
|-heal|p1a: Heatran|233/385|[from] item: Leftovers
|upkeep
|turn|8
|
|move|p1a: Heatran|Protect|p1a: Heatran
|-singleturn|p1a: Heatran|Protect
|move|p2a: Chansey|Seismic Toss|p1a: Heatran
|-activate|p1a: Heatran|move: Protect
|
|-heal|p1a: Heatran|257/385|[from] item: Leftovers
|upkeep
|turn|9
|
|switch|p1a: Reuniclus|Reuniclus, M|424/424 tox
|move|p2a: Chansey|Seismic Toss|p1a: Reuniclus
|-damage|p1a: Reuniclus|324/424 tox
|
|-heal|p1a: Reuniclus|350/424 tox|[from] item: Leftovers
|upkeep
|turn|10
|
|switch|p2a: Ninetales|Ninetales, M|350/350
|-damage|p2a: Ninetales|263/350|[from] Stealth Rock
|-weather|SunnyDay|[from] ability: Drought|[of] p2a: Ninetales
|move|p1a: Reuniclus|Thunder|p2a: Ninetales
|-crit|p2a: Ninetales
|-damage|p2a: Ninetales|69/350
|-status|p2a: Ninetales|par
|
|-weather|SunnyDay|[upkeep]
|-heal|p1a: Reuniclus|376/424 tox|[from] item: Leftovers
|-heal|p2a: Ninetales|90/350 par|[from] item: Leftovers
|upkeep
|turn|11
|
|switch|p2a: Cresselia|Cresselia, F|443/443
|-damage|p2a: Cresselia|388/443|[from] Stealth Rock
|move|p1a: Reuniclus|Calm Mind|p1a: Reuniclus
|-boost|p1a: Reuniclus|spa|1
|-boost|p1a: Reuniclus|spd|1
|
|-weather|SunnyDay|[upkeep]
|-heal|p2a: Cresselia|415/443|[from] item: Leftovers
|-heal|p1a: Reuniclus|402/424 tox|[from] item: Leftovers
|upkeep
|turn|12
|
|switch|p1a: Tentacruel|Tentacruel, M|363/363
|-damage|p1a: Tentacruel|318/363|[from] Stealth Rock
|move|p2a: Cresselia|Ice Beam|p1a: Tentacruel
|-resisted|p1a: Tentacruel
|-damage|p1a: Tentacruel|293/363
|
|-weather|SunnyDay|[upkeep]
|-heal|p1a: Tentacruel|315/363|[from] item: Black Sludge
|-heal|p2a: Cresselia|442/443|[from] item: Leftovers
|upkeep
|turn|13
|
|switch|p2a: Forretress|Forretress, M|354/354
|-damage|p2a: Forretress|310/354|[from] Stealth Rock
|move|p1a: Tentacruel|Rapid Spin|p2a: Forretress
|-resisted|p2a: Forretress
|-damage|p2a: Forretress|307/354
|-sideend|p1: December Eve|Stealth Rock|[from] move: Rapid Spin|[of] p1a: Tentacruel
|
|-weather|SunnyDay|[upkeep]
|-heal|p1a: Tentacruel|337/363|[from] item: Black Sludge
|-heal|p2a: Forretress|329/354|[from] item: Leftovers
|upkeep
|turn|14
|
|move|p1a: Tentacruel|Scald|p2a: Forretress
|-damage|p2a: Forretress|268/354
|-status|p2a: Forretress|brn
|move|p2a: Forretress|Rapid Spin|p1a: Tentacruel
|-damage|p1a: Tentacruel|329/363
|-sideend|p2: james434|Stealth Rock|[from] move: Rapid Spin|[of] p2a: Forretress
|
|-weather|SunnyDay|[upkeep]
|-heal|p1a: Tentacruel|351/363|[from] item: Black Sludge
|-heal|p2a: Forretress|290/354 brn|[from] item: Leftovers
|-damage|p2a: Forretress|246/354 brn|[from] brn
|upkeep
|turn|15
|
|switch|p2a: Xatu|Xatu, F|334/334
|move|p1a: Tentacruel|Scald|p2a: Xatu
|-damage|p2a: Xatu|277/334
|-status|p2a: Xatu|brn
|
|-weather|SunnyDay|[upkeep]
|-heal|p1a: Tentacruel|363/363|[from] item: Black Sludge
|-damage|p2a: Xatu|236/334 brn|[from] brn
|upkeep
|turn|16
|
|switch|p1a: Heatran|Heatran, M|257/385
|move|p2a: Xatu|Roost|p2a: Xatu
|-heal|p2a: Xatu|334/334 brn
|-singleturn|p2a: Xatu|move: Roost
|
|-weather|SunnyDay|[upkeep]
|-heal|p1a: Heatran|281/385|[from] item: Leftovers
|-damage|p2a: Xatu|293/334 brn|[from] brn
|upkeep
|turn|17
|
|move|p2a: Xatu|U-turn|p1a: Heatran
|-resisted|p1a: Heatran
|-damage|p1a: Heatran|276/385
|
|switch|p2a: Chansey|Chansey, F|634/703
|move|p1a: Heatran|Lava Plume|p2a: Chansey
|-damage|p2a: Chansey|522/703
|
|-weather|SunnyDay|[upkeep]
|-heal|p1a: Heatran|300/385|[from] item: Leftovers
|upkeep
|turn|18
|
|move|p1a: Heatran|Stealth Rock|p2a: Chansey
|-sidestart|p2: james434|move: Stealth Rock
|move|p2a: Chansey|Stealth Rock|p1a: Heatran
|-sidestart|p1: December Eve|move: Stealth Rock
|
|-weather|SunnyDay|[upkeep]
|-heal|p1a: Heatran|324/385|[from] item: Leftovers
|upkeep
|turn|19
|
|move|p1a: Heatran|Protect|p1a: Heatran
|-singleturn|p1a: Heatran|Protect
|move|p2a: Chansey|Seismic Toss|p1a: Heatran
|-activate|p1a: Heatran|move: Protect
|
|-weather|SunnyDay|[upkeep]
|-heal|p1a: Heatran|348/385|[from] item: Leftovers
|upkeep
|turn|20
|
|switch|p1a: Reuniclus|Reuniclus, M|402/424 tox
|move|p2a: Chansey|Seismic Toss|p1a: Reuniclus
|-damage|p1a: Reuniclus|302/424 tox
|
|-weather|SunnyDay|[upkeep]
|-heal|p1a: Reuniclus|328/424 tox|[from] item: Leftovers
|upkeep
|turn|21
|
|move|p2a: Chansey|Toxic|p1a: Reuniclus
|-fail|p1a: Reuniclus|tox
|move|p1a: Reuniclus|Calm Mind|p1a: Reuniclus
|-boost|p1a: Reuniclus|spa|1
|-boost|p1a: Reuniclus|spd|1
|
|-weather|SunnyDay|[upkeep]
|-heal|p1a: Reuniclus|354/424 tox|[from] item: Leftovers
|upkeep
|turn|22
|
|move|p2a: Chansey|Soft-Boiled|p2a: Chansey
|-heal|p2a: Chansey|703/703
|move|p1a: Reuniclus|Thunder|p2a: Chansey
|-damage|p2a: Chansey|591/703
|
|-weather|SunnyDay|[upkeep]
|-heal|p1a: Reuniclus|380/424 tox|[from] item: Leftovers
|upkeep
|turn|23
|
|move|p2a: Chansey|Seismic Toss|p1a: Reuniclus
|-damage|p1a: Reuniclus|280/424 tox
|move|p1a: Reuniclus|Calm Mind|p1a: Reuniclus
|-boost|p1a: Reuniclus|spa|1
|-boost|p1a: Reuniclus|spd|1
|
|-weather|SunnyDay|[upkeep]
|-heal|p1a: Reuniclus|306/424 tox|[from] item: Leftovers
|upkeep
|turn|24
|
|move|p2a: Chansey|Seismic Toss|p1a: Reuniclus
|-damage|p1a: Reuniclus|206/424 tox
|move|p1a: Reuniclus|Thunder|p2a: Chansey
|-damage|p2a: Chansey|459/703
|
|-weather|SunnyDay|[upkeep]
|-heal|p1a: Reuniclus|232/424 tox|[from] item: Leftovers
|upkeep
|turn|25
|
|move|p2a: Chansey|Soft-Boiled|p2a: Chansey
|-heal|p2a: Chansey|703/703
|move|p1a: Reuniclus|Recover|p1a: Reuniclus
|-heal|p1a: Reuniclus|424/424 tox
|
|-weather|SunnyDay|[upkeep]
|upkeep
|turn|26
|
|switch|p2a: Cresselia|Cresselia, F|442/443
|-damage|p2a: Cresselia|387/443|[from] Stealth Rock
|move|p1a: Reuniclus|Calm Mind|p1a: Reuniclus
|-boost|p1a: Reuniclus|spa|1
|-boost|p1a: Reuniclus|spd|1
|
|-weather|SunnyDay|[upkeep]
|-heal|p2a: Cresselia|414/443|[from] item: Leftovers
|upkeep
|turn|27
|
|switch|p1a: Tentacruel|Tentacruel, M|363/363
|-damage|p1a: Tentacruel|318/363|[from] Stealth Rock
|move|p2a: Cresselia|Skill Swap|p1a: Tentacruel
|-activate|p2a: Cresselia|move: Skill Swap|Rain Dish|Levitate|[of] p1a: Tentacruel
|-endability|p2a: Cresselia|Levitate|[from] move: Skill Swap
|-endability|p1a: Tentacruel|Rain Dish|[from] move: Skill Swap
|
|-weather|SunnyDay|[upkeep]
|-heal|p1a: Tentacruel|340/363|[from] item: Black Sludge
|-heal|p2a: Cresselia|441/443|[from] item: Leftovers
|upkeep
|turn|28
|
|switch|p2a: Gliscor|Gliscor, F|354/354
|-damage|p2a: Gliscor|310/354|[from] Stealth Rock
|move|p1a: Tentacruel|Scald|p2a: Gliscor
|-supereffective|p2a: Gliscor
|-crit|p2a: Gliscor
|-damage|p2a: Gliscor|164/354
|
|-weather|SunnyDay|[upkeep]
|-heal|p1a: Tentacruel|362/363|[from] item: Black Sludge
|-status|p2a: Gliscor|tox|[from] item: Toxic Orb
|upkeep
|turn|29
|
|switch|p1a: Gliscor|Gliscor, F|354/354 tox
|-damage|p1a: Gliscor|310/354 tox|[from] Stealth Rock
|move|p2a: Gliscor|Earthquake|p1a: Gliscor
|-immune|p1a: Gliscor
|
|-weather|SunnyDay|[upkeep]
|-heal|p1a: Gliscor|354/354 tox|[from] ability: Poison Heal
|-heal|p2a: Gliscor|208/354 tox|[from] ability: Poison Heal
|upkeep
|turn|30
|
|switch|p1a: Reuniclus|Reuniclus, M|424/424 tox
|move|p2a: Gliscor|Facade|p1a: Reuniclus
|-crit|p1a: Reuniclus
|-damage|p1a: Reuniclus|236/424 tox
|
|-weather|SunnyDay|[upkeep]
|-heal|p1a: Reuniclus|262/424 tox|[from] item: Leftovers
|-heal|p2a: Gliscor|252/354 tox|[from] ability: Poison Heal
|upkeep
|turn|31
|
|move|p2a: Gliscor|Roost|p2a: Gliscor
|-heal|p2a: Gliscor|354/354 tox
|-singleturn|p2a: Gliscor|move: Roost
|move|p1a: Reuniclus|Recover|p1a: Reuniclus
|-heal|p1a: Reuniclus|424/424 tox
|
|-weather|SunnyDay|[upkeep]
|upkeep
|turn|32
|
|switch|p2a: Cresselia|Cresselia, F|441/443
|-damage|p2a: Cresselia|386/443|[from] Stealth Rock
|move|p1a: Reuniclus|Calm Mind|p1a: Reuniclus
|-boost|p1a: Reuniclus|spa|1
|-boost|p1a: Reuniclus|spd|1
|
|-weather|SunnyDay|[upkeep]
|-heal|p2a: Cresselia|413/443|[from] item: Leftovers
|upkeep
|turn|33
|
|switch|p2a: Gliscor|Gliscor, F|354/354 tox
|-damage|p2a: Gliscor|310/354 tox|[from] Stealth Rock
|move|p1a: Reuniclus|Thunder|p2a: Gliscor
|-immune|p2a: Gliscor
|
|-weather|SunnyDay|[upkeep]
|-heal|p2a: Gliscor|354/354 tox|[from] ability: Poison Heal
|upkeep
|turn|34
|
|switch|p2a: Cresselia|Cresselia, F|413/443
|-damage|p2a: Cresselia|358/443|[from] Stealth Rock
|move|p1a: Reuniclus|Calm Mind|p1a: Reuniclus
|-boost|p1a: Reuniclus|spa|1
|-boost|p1a: Reuniclus|spd|1
|
|-weather|SunnyDay|[upkeep]
|-heal|p2a: Cresselia|385/443|[from] item: Leftovers
|upkeep
|turn|35
|
|switch|p1a: Tentacruel|Tentacruel, M|362/363
|-damage|p1a: Tentacruel|317/363|[from] Stealth Rock
|move|p2a: Cresselia|Skill Swap|p1a: Tentacruel
|-activate|p2a: Cresselia|move: Skill Swap|Rain Dish|Levitate|[of] p1a: Tentacruel
|-endability|p2a: Cresselia|Levitate|[from] move: Skill Swap
|-endability|p1a: Tentacruel|Rain Dish|[from] move: Skill Swap
|
|-weather|SunnyDay|[upkeep]
|-heal|p1a: Tentacruel|339/363|[from] item: Black Sludge
|-heal|p2a: Cresselia|412/443|[from] item: Leftovers
|upkeep
|turn|36
|
|switch|p2a: Gliscor|Gliscor, F|354/354 tox
|-damage|p2a: Gliscor|310/354 tox|[from] Stealth Rock
|move|p1a: Tentacruel|Rapid Spin|p2a: Gliscor
|-damage|p2a: Gliscor|302/354 tox
|-sideend|p1: December Eve|Stealth Rock|[from] move: Rapid Spin|[of] p1a: Tentacruel
|
|-weather|SunnyDay|[upkeep]
|-heal|p1a: Tentacruel|361/363|[from] item: Black Sludge
|-heal|p2a: Gliscor|346/354 tox|[from] ability: Poison Heal
|upkeep
|turn|37
|
|move|p1a: Tentacruel|Protect|p1a: Tentacruel
|-singleturn|p1a: Tentacruel|Protect
|move|p2a: Gliscor|Swords Dance|p2a: Gliscor
|-boost|p2a: Gliscor|atk|2
|
|-weather|SunnyDay|[upkeep]
|-heal|p1a: Tentacruel|363/363|[from] item: Black Sludge
|-heal|p2a: Gliscor|354/354 tox|[from] ability: Poison Heal
|upkeep
|turn|38
|
|switch|p1a: Reuniclus|Reuniclus, M|424/424 tox
|move|p2a: Gliscor|Swords Dance|p2a: Gliscor
|-boost|p2a: Gliscor|atk|2
|
|-weather|SunnyDay|[upkeep]
|upkeep
|turn|39
|
|move|p2a: Gliscor|Facade|p1a: Reuniclus
|-damage|p1a: Reuniclus|174/424 tox
|move|p1a: Reuniclus|Hidden Power|p2a: Gliscor
|-supereffective|p2a: Gliscor
|-damage|p2a: Gliscor|106/354 tox
|
|-weather|SunnyDay|[upkeep]
|-heal|p1a: Reuniclus|200/424 tox|[from] item: Leftovers
|-heal|p2a: Gliscor|150/354 tox|[from] ability: Poison Heal
|upkeep
|turn|40
|
|switch|p1a: Kyurem|Kyurem|404/404
|-ability|p1a: Kyurem|Pressure
|move|p2a: Gliscor|Facade|p1a: Kyurem
|-damage|p1a: Kyurem|67/404
|
|-weather|SunnyDay|[upkeep]
|-heal|p1a: Kyurem|92/404|[from] item: Leftovers
|-heal|p2a: Gliscor|194/354 tox|[from] ability: Poison Heal
|upkeep
|turn|41
|
|move|p1a: Kyurem|Roost|p1a: Kyurem
|-heal|p1a: Kyurem|294/404
|-singleturn|p1a: Kyurem|move: Roost
|move|p2a: Gliscor|Earthquake|p1a: Kyurem
|-damage|p1a: Kyurem|0 fnt
|faint|p1a: Kyurem
|
|-weather|SunnyDay|[upkeep]
|-heal|p2a: Gliscor|238/354 tox|[from] ability: Poison Heal
|upkeep
|
|switch|p1a: Abomasnow|Abomasnow, M|321/321
|-weather|Hail|[from] ability: Snow Warning|[of] p1a: Abomasnow
|turn|42
|
|switch|p2a: Chansey|Chansey, F|703/703
|-damage|p2a: Chansey|616/703|[from] Stealth Rock
|move|p1a: Abomasnow|Blizzard|p2a: Chansey
|-damage|p2a: Chansey|523/703
|-status|p2a: Chansey|frz
|
|-weather|Hail|[upkeep]
|-damage|p2a: Chansey|480/703 frz|[from] Hail
|upkeep
|turn|43
|
|switch|p1a: Reuniclus|Reuniclus, M|200/424 tox
|switch|p2a: Forretress|Forretress, M|246/354 brn
|-damage|p2a: Forretress|202/354 brn|[from] Stealth Rock
|
|-weather|Hail|[upkeep]
|-damage|p2a: Forretress|180/354 brn|[from] Hail
|-heal|p2a: Forretress|202/354 brn|[from] item: Leftovers
|-heal|p1a: Reuniclus|226/424 tox|[from] item: Leftovers
|-damage|p2a: Forretress|158/354 brn|[from] brn
|upkeep
|turn|44
|
|move|p2a: Forretress|Rapid Spin|p1a: Reuniclus
|-damage|p1a: Reuniclus|220/424 tox
|-sideend|p2: james434|Stealth Rock|[from] move: Rapid Spin|[of] p2a: Forretress
|move|p1a: Reuniclus|Thunder|p2a: Forretress
|-damage|p2a: Forretress|1/354 brn
|
|-weather|Hail|[upkeep]
|-damage|p2a: Forretress|0 fnt|[from] Hail
|faint|p2a: Forretress
|-heal|p1a: Reuniclus|246/424 tox|[from] item: Leftovers
|upkeep
|
|switch|p2a: Ninetales|Ninetales, M|90/350 par
|-weather|SunnyDay|[from] ability: Drought|[of] p2a: Ninetales
|turn|45
|
|switch|p2a: Chansey|Chansey, F|480/703
|move|p1a: Reuniclus|Recover|p1a: Reuniclus
|-heal|p1a: Reuniclus|424/424 tox
|
|-weather|SunnyDay|[upkeep]
|upkeep
|turn|46
|
|switch|p1a: Heatran|Heatran, M|348/385
|move|p2a: Chansey|Stealth Rock|p1a: Heatran
|-sidestart|p1: December Eve|move: Stealth Rock
|
|-weather|SunnyDay|[upkeep]
|-heal|p1a: Heatran|372/385|[from] item: Leftovers
|upkeep
|turn|47
|
|switch|p2a: Gliscor|Gliscor, F|238/354 tox
|move|p1a: Heatran|Stealth Rock|p2a: Gliscor
|-sidestart|p2: james434|move: Stealth Rock
|
|-weather|SunnyDay|[upkeep]
|-heal|p1a: Heatran|385/385|[from] item: Leftovers
|-heal|p2a: Gliscor|282/354 tox|[from] ability: Poison Heal
|upkeep
|turn|48
|
|switch|p1a: Abomasnow|Abomasnow, M|321/321
|-damage|p1a: Abomasnow|241/321|[from] Stealth Rock
|-weather|Hail|[from] ability: Snow Warning|[of] p1a: Abomasnow
|move|p2a: Gliscor|Earthquake|p1a: Abomasnow
|-resisted|p1a: Abomasnow
|-damage|p1a: Abomasnow|158/321
|
|-weather|Hail|[upkeep]
|-damage|p2a: Gliscor|260/354 tox|[from] Hail
|-heal|p2a: Gliscor|304/354 tox|[from] ability: Poison Heal
|upkeep
|turn|49
|
|switch|p1a: Tentacruel|Tentacruel, M|363/363
|-damage|p1a: Tentacruel|318/363|[from] Stealth Rock
|move|p2a: Gliscor|Facade|p1a: Tentacruel
|-crit|p1a: Tentacruel
|-damage|p1a: Tentacruel|36/363
|
|-weather|Hail|[upkeep]
|-damage|p1a: Tentacruel|14/363|[from] Hail
|-damage|p2a: Gliscor|282/354 tox|[from] Hail
|-heal|p1a: Tentacruel|36/363|[from] item: Black Sludge
|-heal|p2a: Gliscor|326/354 tox|[from] ability: Poison Heal
|upkeep
|turn|50
|
|move|p1a: Tentacruel|Rapid Spin|p2a: Gliscor
|-damage|p2a: Gliscor|318/354 tox
|-sideend|p1: December Eve|Stealth Rock|[from] move: Rapid Spin|[of] p1a: Tentacruel
|move|p2a: Gliscor|Swords Dance|p2a: Gliscor
|-boost|p2a: Gliscor|atk|2
|
|-weather|Hail|[upkeep]
|-damage|p1a: Tentacruel|14/363|[from] Hail
|-damage|p2a: Gliscor|296/354 tox|[from] Hail
|-heal|p1a: Tentacruel|36/363|[from] item: Black Sludge
|-heal|p2a: Gliscor|340/354 tox|[from] ability: Poison Heal
|upkeep
|turn|51
|
|move|p1a: Tentacruel|Scald|p2a: Gliscor
|-supereffective|p2a: Gliscor
|-damage|p2a: Gliscor|212/354 tox
|move|p2a: Gliscor|Swords Dance|p2a: Gliscor
|-boost|p2a: Gliscor|atk|2
|
|-weather|Hail|[upkeep]
|-damage|p1a: Tentacruel|14/363|[from] Hail
|-damage|p2a: Gliscor|190/354 tox|[from] Hail
|-heal|p1a: Tentacruel|36/363|[from] item: Black Sludge
|-heal|p2a: Gliscor|234/354 tox|[from] ability: Poison Heal
|upkeep
|turn|52
|
|move|p1a: Tentacruel|Scald|p2a: Gliscor
|-supereffective|p2a: Gliscor
|-damage|p2a: Gliscor|106/354 tox
|move|p2a: Gliscor|Roost|p2a: Gliscor
|-heal|p2a: Gliscor|283/354 tox
|-singleturn|p2a: Gliscor|move: Roost
|
|-weather|Hail|[upkeep]
|-damage|p1a: Tentacruel|14/363|[from] Hail
|-damage|p2a: Gliscor|261/354 tox|[from] Hail
|-heal|p1a: Tentacruel|36/363|[from] item: Black Sludge
|-heal|p2a: Gliscor|305/354 tox|[from] ability: Poison Heal
|upkeep
|turn|53
|
|move|p1a: Tentacruel|Scald|p2a: Gliscor
|-supereffective|p2a: Gliscor
|-damage|p2a: Gliscor|155/354 tox
|move|p2a: Gliscor|Roost|p2a: Gliscor
|-heal|p2a: Gliscor|332/354 tox
|-singleturn|p2a: Gliscor|move: Roost
|
|-weather|Hail|[upkeep]
|-damage|p1a: Tentacruel|14/363|[from] Hail
|-damage|p2a: Gliscor|310/354 tox|[from] Hail
|-heal|p1a: Tentacruel|36/363|[from] item: Black Sludge
|-heal|p2a: Gliscor|354/354 tox|[from] ability: Poison Heal
|upkeep
|turn|54
|
|move|p1a: Tentacruel|Scald|p2a: Gliscor
|-supereffective|p2a: Gliscor
|-damage|p2a: Gliscor|220/354 tox
|move|p2a: Gliscor|Facade|p1a: Tentacruel
|-damage|p1a: Tentacruel|0 fnt
|faint|p1a: Tentacruel
|
|-weather|Hail|[upkeep]
|-damage|p2a: Gliscor|198/354 tox|[from] Hail
|-heal|p2a: Gliscor|242/354 tox|[from] ability: Poison Heal
|upkeep
|
|switch|p1a: Abomasnow|Abomasnow, M|158/321
|turn|55
|
|switch|p2a: Ninetales|Ninetales, M|90/350 par
|-damage|p2a: Ninetales|3/350 par|[from] Stealth Rock
|-weather|SunnyDay|[from] ability: Drought|[of] p2a: Ninetales
|move|p1a: Abomasnow|Ice Shard|p2a: Ninetales
|-resisted|p2a: Ninetales
|-damage|p2a: Ninetales|0 fnt
|faint|p2a: Ninetales
|
|-weather|SunnyDay|[upkeep]
|upkeep
|
|switch|p2a: Chansey|Chansey, F|480/703
|-damage|p2a: Chansey|393/703|[from] Stealth Rock
|turn|56
|
|switch|p1a: Reuniclus|Reuniclus, M|424/424 tox
|move|p2a: Chansey|Stealth Rock|p1a: Reuniclus
|-sidestart|p1: December Eve|move: Stealth Rock
|
|-weather|SunnyDay|[upkeep]
|upkeep
|turn|57
|
|move|p2a: Chansey|Soft-Boiled|p2a: Chansey
|-heal|p2a: Chansey|703/703
|move|p1a: Reuniclus|Calm Mind|p1a: Reuniclus
|-boost|p1a: Reuniclus|spa|1
|-boost|p1a: Reuniclus|spd|1
|
|-weather|SunnyDay|[upkeep]
|upkeep
|turn|58
|
|switch|p2a: Cresselia|Cresselia, F|412/443
|-damage|p2a: Cresselia|357/443|[from] Stealth Rock
|move|p1a: Reuniclus|Calm Mind|p1a: Reuniclus
|-boost|p1a: Reuniclus|spa|1
|-boost|p1a: Reuniclus|spd|1
|
|-weather|SunnyDay|[upkeep]
|-heal|p2a: Cresselia|384/443|[from] item: Leftovers
|upkeep
|turn|59
|
|move|p2a: Cresselia|Skill Swap|p1a: Reuniclus
|-activate|p2a: Cresselia|move: Skill Swap|Magic Guard|Levitate|[of] p1a: Reuniclus
|-endability|p2a: Cresselia|Levitate|[from] move: Skill Swap
|-endability|p1a: Reuniclus|Magic Guard|[from] move: Skill Swap
|move|p1a: Reuniclus|Thunder|p2a: Cresselia|[miss]
|-miss|p1a: Reuniclus|p2a: Cresselia
|
|-weather|SunnyDay|[upkeep]
|-heal|p2a: Cresselia|411/443|[from] item: Leftovers
|-damage|p1a: Reuniclus|320/424 tox|[from] psn
|upkeep
|turn|60
|
|switch|p1a: Heatran|Heatran, M|385/385
|-damage|p1a: Heatran|337/385|[from] Stealth Rock
|move|p2a: Cresselia|Ice Beam|p1a: Heatran
|-resisted|p1a: Heatran
|-damage|p1a: Heatran|327/385
|
|-weather|SunnyDay|[upkeep]
|-heal|p2a: Cresselia|438/443|[from] item: Leftovers
|-heal|p1a: Heatran|351/385|[from] item: Leftovers
|upkeep
|turn|61
|
|move|p2a: Cresselia|Skill Swap|p1a: Heatran
|-activate|p2a: Cresselia|move: Skill Swap|Flash Fire|Magic Guard|[of] p1a: Heatran
|-endability|p2a: Cresselia|Magic Guard|[from] move: Skill Swap
|-endability|p1a: Heatran|Flash Fire|[from] move: Skill Swap
|move|p1a: Heatran|Lava Plume|p2a: Cresselia
|-start|p2a: Cresselia|ability: Flash Fire
|
|-weather|SunnyDay|[upkeep]
|-heal|p2a: Cresselia|443/443|[from] item: Leftovers
|-heal|p1a: Heatran|375/385|[from] item: Leftovers
|upkeep
|turn|62
|
|move|p2a: Cresselia|Ice Beam|p1a: Heatran
|-resisted|p1a: Heatran
|-damage|p1a: Heatran|364/385
|move|p1a: Heatran|Lava Plume|p2a: Cresselia
|-immune|p2a: Cresselia|[from] ability: Flash Fire
|
|-weather|SunnyDay|[upkeep]
|-heal|p1a: Heatran|385/385|[from] item: Leftovers
|upkeep
|turn|63
|
|move|p2a: Cresselia|Ice Beam|p1a: Heatran
|-resisted|p1a: Heatran
|-damage|p1a: Heatran|375/385
|move|p1a: Heatran|Roar|p2a: Cresselia
|-end|p2a: Cresselia|ability: Flash Fire|[silent]
|drag|p2a: Gliscor|Gliscor, F|242/354 tox
|-damage|p2a: Gliscor|198/354 tox|[from] Stealth Rock
|
|-weather|SunnyDay|[upkeep]
|-heal|p1a: Heatran|385/385|[from] item: Leftovers
|-heal|p2a: Gliscor|242/354 tox|[from] ability: Poison Heal
|upkeep
|turn|64
|
|move|p2a: Gliscor|Earthquake|p1a: Heatran
|-supereffective|p1a: Heatran
|-damage|p1a: Heatran|0 fnt
|faint|p1a: Heatran
|
|-weather|SunnyDay|[upkeep]
|-heal|p2a: Gliscor|286/354 tox|[from] ability: Poison Heal
|upkeep
|c|☆james434|gg
|
|switch|p1a: Reuniclus|Reuniclus, M|320/424 tox
|turn|65
|
|switch|p2a: Cresselia|Cresselia, F|443/443
|-damage|p2a: Cresselia|388/443|[from] Stealth Rock
|move|p1a: Reuniclus|Calm Mind|p1a: Reuniclus
|-boost|p1a: Reuniclus|spa|1
|-boost|p1a: Reuniclus|spd|1
|
|-weather|SunnyDay|[upkeep]
|-heal|p2a: Cresselia|415/443|[from] item: Leftovers
|-heal|p1a: Reuniclus|346/424 tox|[from] item: Leftovers
|upkeep
|turn|66
|
|move|p2a: Cresselia|Skill Swap|p1a: Reuniclus
|-activate|p2a: Cresselia|move: Skill Swap|Magic Guard|Levitate|[of] p1a: Reuniclus
|-endability|p2a: Cresselia|Levitate|[from] move: Skill Swap
|-endability|p1a: Reuniclus|Magic Guard|[from] move: Skill Swap
|move|p1a: Reuniclus|Thunder|p2a: Cresselia|[miss]
|-miss|p1a: Reuniclus|p2a: Cresselia
|
|-weather|SunnyDay|[upkeep]
|-heal|p2a: Cresselia|442/443|[from] item: Leftovers
|-heal|p1a: Reuniclus|372/424 tox|[from] item: Leftovers
|-damage|p1a: Reuniclus|320/424 tox|[from] psn
|upkeep
|turn|67
|
|switch|p1a: Abomasnow|Abomasnow, M|158/321
|-damage|p1a: Abomasnow|78/321|[from] Stealth Rock
|-weather|Hail|[from] ability: Snow Warning|[of] p1a: Abomasnow
|move|p2a: Cresselia|Ice Beam|p1a: Abomasnow
|-damage|p1a: Abomasnow|12/321
|
|-weather|Hail|[upkeep]
|-heal|p2a: Cresselia|443/443|[from] item: Leftovers
|upkeep
|turn|68
|
|move|p2a: Cresselia|Ice Beam|p1a: Abomasnow
|-damage|p1a: Abomasnow|0 fnt
|faint|p1a: Abomasnow
|
|-weather|Hail|[upkeep]
|upkeep
|
|switch|p1a: Gliscor|Gliscor, F|354/354 tox
|-damage|p1a: Gliscor|310/354 tox|[from] Stealth Rock
|turn|69
|
|move|p1a: Gliscor|Toxic|p2a: Cresselia
|-status|p2a: Cresselia|tox
|move|p2a: Cresselia|Ice Beam|p1a: Gliscor
|-supereffective|p1a: Gliscor
|-damage|p1a: Gliscor|6/354 tox
|
|-weather|Hail|[upkeep]
|-damage|p1a: Gliscor|0 fnt|[from] Hail
|faint|p1a: Gliscor
|upkeep
|
|switch|p1a: Reuniclus|Reuniclus, M|320/424 tox
|turn|70
|
|switch|p2a: Xatu|Xatu, F|293/334 brn
|-damage|p2a: Xatu|210/334 brn|[from] Stealth Rock
|move|p1a: Reuniclus|Calm Mind|p1a: Reuniclus
|-boost|p1a: Reuniclus|spa|1
|-boost|p1a: Reuniclus|spd|1
|
|-weather|Hail|[upkeep]
|-damage|p2a: Xatu|190/334 brn|[from] Hail
|-heal|p1a: Reuniclus|346/424 tox|[from] item: Leftovers
|-damage|p2a: Xatu|149/334 brn|[from] brn
|upkeep
|turn|71
|
|move|p2a: Xatu|Night Shade|p1a: Reuniclus
|-damage|p1a: Reuniclus|246/424 tox
|move|p1a: Reuniclus|Thunder|p2a: Xatu|[miss]
|-miss|p1a: Reuniclus|p2a: Xatu
|
|-weather|Hail|[upkeep]
|-damage|p2a: Xatu|129/334 brn|[from] Hail
|-heal|p1a: Reuniclus|272/424 tox|[from] item: Leftovers
|-damage|p2a: Xatu|88/334 brn|[from] brn
|upkeep
|turn|72
|
|move|p2a: Xatu|Night Shade|p1a: Reuniclus
|-damage|p1a: Reuniclus|172/424 tox
|move|p1a: Reuniclus|Calm Mind|p1a: Reuniclus
|-boost|p1a: Reuniclus|spa|1
|-boost|p1a: Reuniclus|spd|1
|
|-weather|Hail|[upkeep]
|-damage|p2a: Xatu|68/334 brn|[from] Hail
|-heal|p1a: Reuniclus|198/424 tox|[from] item: Leftovers
|-damage|p2a: Xatu|27/334 brn|[from] brn
|upkeep
|turn|73
|
|move|p2a: Xatu|Night Shade|p1a: Reuniclus
|-damage|p1a: Reuniclus|98/424 tox
|move|p1a: Reuniclus|Recover|p1a: Reuniclus
|-heal|p1a: Reuniclus|310/424 tox
|
|-weather|Hail|[upkeep]
|-damage|p2a: Xatu|7/334 brn|[from] Hail
|-heal|p1a: Reuniclus|336/424 tox|[from] item: Leftovers
|-damage|p2a: Xatu|0 fnt|[from] brn
|faint|p2a: Xatu
|upkeep
|
|switch|p2a: Cresselia|Cresselia, F|443/443 tox
|-damage|p2a: Cresselia|388/443 tox|[from] Stealth Rock
|turn|74
|
|move|p2a: Cresselia|Skill Swap|p1a: Reuniclus
|-activate|p2a: Cresselia|move: Skill Swap|Magic Guard|Levitate|[of] p1a: Reuniclus
|-endability|p2a: Cresselia|Levitate|[from] move: Skill Swap
|-endability|p1a: Reuniclus|Magic Guard|[from] move: Skill Swap
|move|p1a: Reuniclus|Thunder|p2a: Cresselia
|-damage|p2a: Cresselia|196/443 tox
|
|-weather|Hail|[upkeep]
|-damage|p1a: Reuniclus|310/424 tox|[from] Hail
|-heal|p2a: Cresselia|223/443 tox|[from] item: Leftovers
|-heal|p1a: Reuniclus|336/424 tox|[from] item: Leftovers
|-damage|p1a: Reuniclus|206/424 tox|[from] psn
|upkeep
|turn|75
|c|☆james434|GG
|
|move|p2a: Cresselia|Moonlight|p2a: Cresselia
|-heal|p2a: Cresselia|334/443 tox
|move|p1a: Reuniclus|Thunder|p2a: Cresselia
|-damage|p2a: Cresselia|168/443 tox
|
|-weather|Hail|[upkeep]
|-damage|p1a: Reuniclus|180/424 tox|[from] Hail
|-heal|p2a: Cresselia|195/443 tox|[from] item: Leftovers
|-heal|p1a: Reuniclus|206/424 tox|[from] item: Leftovers
|-damage|p1a: Reuniclus|50/424 tox|[from] psn
|upkeep
|turn|76
|
|move|p2a: Cresselia|Ice Beam|p1a: Reuniclus
|-damage|p1a: Reuniclus|15/424 tox
|move|p1a: Reuniclus|Thunder|p2a: Cresselia
|-damage|p2a: Cresselia|21/443 tox
|
|-weather|Hail|[upkeep]
|-damage|p1a: Reuniclus|0 fnt|[from] Hail
|faint|p1a: Reuniclus
|
|win|james434
|upkeep
|raw|December Eve's rating: 1317 &rarr; <strong>1307</strong><br />(-10 for losing)
|raw|james434's rating: 1499 &rarr; <strong>1510</strong><br />(+11 for winning)
|l|‽December Eve
