|j|☆Verno98
|j|☆fatgripz
|player|p1|Verno98|hiker-gen4|1304
|player|p2|fatgripz|rood|1366
|teamsize|p1|6
|teamsize|p2|6
|gametype|singles
|gen|5
|tier|[Gen 5] OU
|rated|
|clearpoke
|poke|p1|Kyurem-Black|item
|poke|p1|Magnezone|item
|poke|p1|Terrakion|item
|poke|p1|Latios, M|item
|poke|p1|Jellicent, F|item
|poke|p1|Scizor, F|item
|poke|p2|Ninetales, F|item
|poke|p2|Starmie|item
|poke|p2|Victini|item
|poke|p2|Landorus-Therian, M|item
|poke|p2|Heatran, M|item
|poke|p2|Seismitoad, F|item
|rule|Species Clause: Limit one of each Pokémon
|rule|OHKO Clause: OHKO moves are banned
|rule|Moody Clause: Moody is banned
|rule|Evasion Moves Clause: Evasion moves are banned
|rule|Endless Battle Clause: Forcing endless battles is banned
|rule|HP Percentage Mod: HP is shown in percentages
|rule|Evasion Abilities Clause: Evasion abilities are banned
|rule|Baton Pass Clause: Limit one Baton Passer, can't pass Spe and other stats simultaneously
|rule|Sleep Clause: Sleep-inducing moves are banned
|rule|Swagger Clause: Swagger is banned
|teampreview
|
|start
|switch|p1a: Terrakion|Terrakion|100/100
|switch|p2a: Funny pokemon|Landorus-Therian, M|100/100
|-ability|p2a: Funny pokemon|Intimidate|boost
|-unboost|p1a: Terrakion|atk|1
|turn|1
|
|switch|p1a: Latios|Latios, M, shiny|100/100
|move|p2a: Funny pokemon|U-turn|p1a: Latios
|-supereffective|p1a: Latios
|-damage|p1a: Latios|31/100
|
|switch|p2a: Starmie|Starmie|100/100|[from]move: U-turn
|
|upkeep
|turn|2
|
|switch|p1a: Jellicent|Jellicent, F, shiny|100/100
|move|p2a: Starmie|Ice Beam|p1a: Jellicent
|-resisted|p1a: Jellicent
|-damage|p1a: Jellicent|91/100
|
|-heal|p1a: Jellicent|98/100|[from] item: Leftovers
|upkeep
|turn|3
|
|move|p2a: Starmie|Thunder Wave|p1a: Jellicent
|-status|p1a: Jellicent|par
|move|p1a: Jellicent|Will-O-Wisp|p2a: Starmie
|-status|p2a: Starmie|brn
|
|-heal|p1a: Jellicent|100/100 par|[from] item: Leftovers
|-damage|p2a: Starmie|88/100 brn|[from] brn
|upkeep
|turn|4
|
|switch|p2a: Ninetales|Ninetales, F|100/100
|-weather|SunnyDay|[from] ability: Drought|[of] p2a: Ninetales
|move|p1a: Jellicent|Hex|p2a: Ninetales
|-damage|p2a: Ninetales|81/100
|
|-weather|SunnyDay|[upkeep]
|-heal|p2a: Ninetales|87/100|[from] item: Leftovers
|upkeep
|turn|5
|
|switch|p1a: Terrakion|Terrakion|100/100
|move|p2a: Ninetales|Solar Beam||[still]
|-prepare|p2a: Ninetales|Solar Beam|p1a: Terrakion
|-anim|p2a: Ninetales|Solar Beam|p1a: Terrakion
|-supereffective|p1a: Terrakion
|-damage|p1a: Terrakion|42/100
|
|-weather|SunnyDay|[upkeep]
|-heal|p2a: Ninetales|93/100|[from] item: Leftovers
|-heal|p1a: Terrakion|48/100|[from] item: Leftovers
|upkeep
|turn|6
|
|switch|p2a: Gen 8|Seismitoad, F|100/100
|move|p1a: Terrakion|Rock Polish|p1a: Terrakion
|-boost|p1a: Terrakion|spe|2
|
|-weather|SunnyDay|[upkeep]
|-heal|p1a: Terrakion|54/100|[from] item: Leftovers
|upkeep
|turn|7
|
|move|p1a: Terrakion|Swords Dance|p1a: Terrakion
|-boost|p1a: Terrakion|atk|2
|move|p2a: Gen 8|Earthquake|p1a: Terrakion
|-supereffective|p1a: Terrakion
|-damage|p1a: Terrakion|1/100
|
|-weather|SunnyDay|[upkeep]
|-heal|p1a: Terrakion|8/100|[from] item: Leftovers
|upkeep
|turn|8
|
|move|p1a: Terrakion|Sacred Sword|p2a: Gen 8
|-damage|p2a: Gen 8|0 fnt
|faint|p2a: Gen 8
|
|-weather|SunnyDay|[upkeep]
|-heal|p1a: Terrakion|14/100|[from] item: Leftovers
|upkeep
|
|switch|p2a: Funny pokemon|Landorus-Therian, M|100/100
|-ability|p2a: Funny pokemon|Intimidate|boost
|-unboost|p1a: Terrakion|atk|1
|turn|9
|
|move|p1a: Terrakion|Stone Edge|p2a: Funny pokemon
|-crit|p2a: Funny pokemon
|-damage|p2a: Funny pokemon|0 fnt
|faint|p2a: Funny pokemon
|
|-weather|SunnyDay|[upkeep]
|-heal|p1a: Terrakion|20/100|[from] item: Leftovers
|upkeep
|c|☆Verno98|thanks, rng
|c|☆fatgripz|i guess you have full HP?
|c|☆fatgripz|and even then i gotta lowroll
|c|☆fatgripz|Bruh
|
|switch|p2a: Starmie|Starmie|88/100
|turn|10
|c|☆Verno98|yeah, i think i've been pretty lucky
|
|move|p1a: Terrakion|Stone Edge|p2a: Starmie
|-damage|p2a: Starmie|0 fnt
|faint|p2a: Starmie
|
|-weather|SunnyDay|[upkeep]
|-heal|p1a: Terrakion|26/100|[from] item: Leftovers
|upkeep
|c|☆fatgripz|no kidding dude
|
|switch|p2a: GIGA CHAD|Victini|100/100
|turn|11
|c|☆Verno98|plus i'm not missing a single stone edge
|c|☆fatgripz|i don't think you made a single good decision
|
|move|p1a: Terrakion|Stone Edge|p2a: GIGA CHAD|[miss]
|-miss|p1a: Terrakion|p2a: GIGA CHAD
|move|p2a: GIGA CHAD|V-create|p1a: Terrakion
|-resisted|p1a: Terrakion
|-crit|p1a: Terrakion
|-damage|p1a: Terrakion|0 fnt
|-unboost|p2a: GIGA CHAD|spe|1
|-unboost|p2a: GIGA CHAD|def|1
|-unboost|p2a: GIGA CHAD|spd|1
|faint|p1a: Terrakion
|
|-weather|SunnyDay|[upkeep]
|upkeep
|
|switch|p1a: Scizor|Scizor, F|100/100
|turn|12
|
|switch|p2a: Ninetales|Ninetales, F|93/100
|move|p1a: Scizor|U-turn|p2a: Ninetales
|-resisted|p2a: Ninetales
|-damage|p2a: Ninetales|68/100
|
|switch|p1a: Kyurem|Kyurem-Black, shiny|100/100|[from]move: U-turn
|-ability|p1a: Kyurem|Teravolt
|
|-weather|SunnyDay|[upkeep]
|-heal|p2a: Ninetales|74/100|[from] item: Leftovers
|upkeep
|turn|13
|
|switch|p2a: Heatran|Heatran, M|100/100
|-item|p2a: Heatran|Air Balloon
|move|p1a: Kyurem|Fusion Bolt|p2a: Heatran
|-damage|p2a: Heatran|54/100
|-enditem|p2a: Heatran|Air Balloon
|
|-weather|SunnyDay|[upkeep]
|upkeep
|turn|14
|
|move|p1a: Kyurem|Fusion Bolt|p2a: Heatran
|-crit|p2a: Heatran
|-damage|p2a: Heatran|0 fnt
|faint|p2a: Heatran
|
|-weather|SunnyDay|[upkeep]
|upkeep
|
|switch|p2a: GIGA CHAD|Victini|100/100
|turn|15
|c|☆Verno98|ok, this is getting ridiculous
|
|move|p1a: Kyurem|Fusion Bolt|p2a: GIGA CHAD
|-damage|p2a: GIGA CHAD|52/100
|move|p2a: GIGA CHAD|V-create|p1a: Kyurem
|-damage|p1a: Kyurem|0 fnt
|-unboost|p2a: GIGA CHAD|spe|1
|-unboost|p2a: GIGA CHAD|def|1
|-unboost|p2a: GIGA CHAD|spd|1
|faint|p1a: Kyurem
|
|-weather|SunnyDay|[upkeep]
|upkeep
|c|☆fatgripz|Lol
|
|switch|p1a: Latios|Latios, M, shiny|31/100
|turn|16
|
|move|p1a: Latios|Draco Meteor|p2a: GIGA CHAD
|-damage|p2a: GIGA CHAD|0 fnt
|-unboost|p1a: Latios|spa|2
|faint|p2a: GIGA CHAD
|
|-weather|SunnyDay|[upkeep]
|upkeep
|
|switch|p2a: Ninetales|Ninetales, F|74/100
|turn|17
|
|switch|p1a: Jellicent|Jellicent, F, shiny|100/100 par
|move|p2a: Ninetales|Fire Blast|p1a: Jellicent
|-resisted|p1a: Jellicent
|-damage|p1a: Jellicent|76/100 par
|
|-weather|SunnyDay|[upkeep]
|-heal|p2a: Ninetales|80/100|[from] item: Leftovers
|-heal|p1a: Jellicent|82/100 par|[from] item: Leftovers
|upkeep
|turn|18
|
|move|p2a: Ninetales|Solar Beam||[still]
|-prepare|p2a: Ninetales|Solar Beam|p1a: Jellicent
|-anim|p2a: Ninetales|Solar Beam|p1a: Jellicent
|-supereffective|p1a: Jellicent
|-damage|p1a: Jellicent|37/100 par
|-start|p2a: Ninetales|Disable|Solar Beam|[from] ability: Cursed Body|[of] p1a: Jellicent
|move|p1a: Jellicent|Scald|p2a: Ninetales
|-supereffective|p2a: Ninetales
|-damage|p2a: Ninetales|50/100
|
|-weather|SunnyDay|[upkeep]
|-heal|p2a: Ninetales|56/100|[from] item: Leftovers
|-heal|p1a: Jellicent|43/100 par|[from] item: Leftovers
|upkeep
|turn|19
|c|☆fatgripz|unreal
|c|☆fatgripz|bro you don't have water absorb?
|c|☆fatgripz|seriously?
|c|☆fatgripz|you have Cuirsed body
|
|move|p2a: Ninetales|Fire Blast|p1a: Jellicent
|-resisted|p1a: Jellicent
|-damage|p1a: Jellicent|18/100 par
|move|p1a: Jellicent|Recover|p1a: Jellicent
|-heal|p1a: Jellicent|68/100 par
|
|-weather|SunnyDay|[upkeep]
|-heal|p2a: Ninetales|62/100|[from] item: Leftovers
|-heal|p1a: Jellicent|75/100 par|[from] item: Leftovers
|upkeep
|turn|20
|
|move|p2a: Ninetales|Hidden Power|p1a: Jellicent
|-damage|p1a: Jellicent|60/100 par
|move|p1a: Jellicent|Scald|p2a: Ninetales
|-supereffective|p2a: Ninetales
|-crit|p2a: Ninetales
|-damage|p2a: Ninetales|0 fnt
|faint|p2a: Ninetales
|
|win|Verno98
|raw|Verno98's rating: 1279 &rarr; <strong>1310</strong><br />(+31 for winning)
|raw|fatgripz's rating: 1366 &rarr; <strong>1341</strong><br />(-25 for losing)
|c|☆fatgripz|you should've forfeited out of shame
|c|☆fatgripz|cursed fking body
|c|☆Verno98|lol, sorry
|c|☆Verno98|bye
|l|☆Verno98
|c|☆fatgripz|please change that to water absorb
|l|☆fatgripz
|j|☆fatgripz
|player|p2|fatgripz|rood
