|j|☆kaeizuka
|j|☆ybd1
|t:|1733801503
|gametype|singles
|player|p1|kaeizuka|whitney|1350
|player|p2|ybd1|ghetsis-gen5bw|1446
|teamsize|p1|6
|teamsize|p2|6
|gen|5
|tier|[Gen 5] OU
|rated|
|rule|Species Clause: Limit one of each Pokémon
|rule|OHKO Clause: OHKO moves are banned
|rule|Moody Clause: Moody is banned
|rule|Evasion Items Clause: Evasion items are banned
|rule|Evasion Moves Clause: Evasion moves are banned
|rule|Endless Battle Clause: Forcing endless battles is banned
|rule|HP Percentage Mod: HP is shown in percentages
|rule|Evasion Abilities Clause: Evasion abilities are banned
|rule|Sleep Moves Clause: Sleep-inducing moves are banned
|rule|Swagger Clause: Swagger is banned
|rule|Baton Pass Stat Clause: No Baton Passer may have a way to boost its stats
|clearpoke
|poke|p1|Tyranitar, M|item
|poke|p1|Garchomp, F|item
|poke|p1|Dragonite, F|item
|poke|p1|Ferrothorn, F|item
|poke|p1|Starmie|item
|poke|p1|Reuniclus, M|item
|poke|p2|Gyarados, F|item
|poke|p2|Espeon, F|item
|poke|p2|Garchomp, F|item
|poke|p2|Reuniclus, M|item
|poke|p2|Lucario, F|item
|poke|p2|Conkeldurr, F|item
|teampreview
|inactive|Battle timer is ON: inactive players will automatically lose when time's up. (requested by ybd1)
|
|t:|1733801529
|start
|switch|p1a: Dragonite|Dragonite, F|100/100
|switch|p2a: Garchomp|Garchomp, F|100/100
|turn|1
|
|t:|1733801552
|switch|p1a: Ferrothorn|Ferrothorn, F|100/100
|move|p2a: Garchomp|Stealth Rock|p1a: Ferrothorn
|-sidestart|p1: kaeizuka|move: Stealth Rock
|
|upkeep
|turn|2
|
|t:|1733801559
|switch|p2a: Espeon|Espeon, F|100/100
|move|p1a: Ferrothorn|Power Whip|p2a: Espeon
|-damage|p2a: Espeon|36/100
|
|upkeep
|turn|3
|
|t:|1733801566
|move|p2a: Espeon|Reflect|p2a: Espeon
|-sidestart|p2: ybd1|Reflect
|move|p1a: Ferrothorn|Power Whip|p2a: Espeon
|-damage|p2a: Espeon|7/100
|
|upkeep
|turn|4
|
|t:|1733801570
|move|p2a: Espeon|Light Screen|p2a: Espeon
|-sidestart|p2: ybd1|move: Light Screen
|move|p1a: Ferrothorn|Power Whip|p2a: Espeon|[miss]
|-miss|p1a: Ferrothorn|p2a: Espeon
|
|upkeep
|turn|5
|
|t:|1733801577
|move|p2a: Espeon|Morning Sun|p2a: Espeon
|-heal|p2a: Espeon|57/100
|move|p1a: Ferrothorn|Power Whip|p2a: Espeon|[miss]
|-miss|p1a: Ferrothorn|p2a: Espeon
|
|upkeep
|turn|6
|
|t:|1733801587
|move|p2a: Espeon|Morning Sun|p2a: Espeon
|-heal|p2a: Espeon|100/100
|move|p1a: Ferrothorn|Leech Seed|p2a: Espeon
|move|p2a: Espeon|Leech Seed|p1a: Ferrothorn|[from]ability: Magic Bounce
|-immune|p1a: Ferrothorn
|
|upkeep
|turn|7
|
|t:|1733801598
|switch|p1a: Reuniclus|Reuniclus, M|100/100
|move|p2a: Espeon|Baton Pass|p2a: Espeon
|
|t:|1733801608
|switch|p2a: Garchomp|Garchomp, F|100/100|[from] Baton Pass
|
|upkeep
|turn|8
|
|t:|1733801617
|move|p1a: Reuniclus|Psyshock|p2a: Garchomp
|-damage|p2a: Garchomp|86/100
|move|p2a: Garchomp|Dragon Tail|p1a: Reuniclus
|-damage|p1a: Reuniclus|84/100
|drag|p1a: Starmie|Starmie|100/100
|-damage|p1a: Starmie|88/100|[from] Stealth Rock
|
|-heal|p1a: Starmie|94/100|[from] item: Leftovers
|-heal|p2a: Garchomp|92/100|[from] item: Leftovers
|upkeep
|turn|9
|
|t:|1733801625
|move|p1a: Starmie|Scald|p2a: Garchomp
|-damage|p2a: Garchomp|82/100
|move|p2a: Garchomp|Dragon Tail|p1a: Starmie
|-crit|p1a: Starmie
|-damage|p1a: Starmie|39/100
|drag|p1a: Ferrothorn|Ferrothorn, F|100/100
|-damage|p1a: Ferrothorn|94/100|[from] Stealth Rock
|
|-heal|p2a: Garchomp|89/100|[from] item: Leftovers
|-heal|p1a: Ferrothorn|100/100|[from] item: Leftovers
|upkeep
|turn|10
|
|t:|1733801637
|switch|p2a: Espeon|Espeon, F|100/100
|move|p1a: Ferrothorn|Leech Seed|p2a: Espeon
|move|p2a: Espeon|Leech Seed|p1a: Ferrothorn|[from]ability: Magic Bounce
|-immune|p1a: Ferrothorn
|
|-sideend|p2: ybd1|Reflect
|upkeep
|turn|11
|
|t:|1733801641
|move|p2a: Espeon|Reflect|p2a: Espeon
|-sidestart|p2: ybd1|Reflect
|move|p1a: Ferrothorn|Power Whip|p2a: Espeon
|-damage|p2a: Espeon|72/100
|
|-sideend|p2: ybd1|move: Light Screen
|upkeep
|turn|12
|
|t:|1733801649
|move|p2a: Espeon|Light Screen|p2a: Espeon
|-sidestart|p2: ybd1|move: Light Screen
|move|p1a: Ferrothorn|Power Whip|p2a: Espeon|[miss]
|-miss|p1a: Ferrothorn|p2a: Espeon
|
|upkeep
|turn|13
|
|t:|1733801661
|switch|p1a: Starmie|Starmie|39/100
|-damage|p1a: Starmie|26/100|[from] Stealth Rock
|move|p2a: Espeon|Morning Sun|p2a: Espeon
|-heal|p2a: Espeon|100/100
|
|-heal|p1a: Starmie|33/100|[from] item: Leftovers
|upkeep
|turn|14
|
|t:|1733801665
|move|p1a: Starmie|Recover|p1a: Starmie
|-heal|p1a: Starmie|83/100
|move|p2a: Espeon|Baton Pass|p2a: Espeon
|
|t:|1733801676
|switch|p2a: Conkeldurr|Conkeldurr, F|100/100|[from] Baton Pass
|
|-heal|p1a: Starmie|89/100|[from] item: Leftovers
|upkeep
|turn|15
|
|t:|1733801682
|switch|p1a: Reuniclus|Reuniclus, M|84/100
|move|p2a: Conkeldurr|Thunder Punch|p1a: Reuniclus
|-damage|p1a: Reuniclus|56/100
|
|-heal|p1a: Reuniclus|62/100|[from] item: Leftovers
|upkeep
|turn|16
|
|t:|1733801692
|switch|p2a: Reuniclus|Reuniclus, M|100/100
|move|p1a: Reuniclus|Recover|p1a: Reuniclus
|-heal|p1a: Reuniclus|100/100
|
|upkeep
|turn|17
|
|t:|1733801697
|switch|p1a: Starmie|Starmie|89/100
|-damage|p1a: Starmie|76/100|[from] Stealth Rock
|move|p2a: Reuniclus|Acid Armor|p2a: Reuniclus
|-boost|p2a: Reuniclus|def|2
|
|-heal|p1a: Starmie|83/100|[from] item: Leftovers
|upkeep
|turn|18
|
|t:|1733801700
|move|p1a: Starmie|Rapid Spin|p2a: Reuniclus
|-damage|p2a: Reuniclus|99/100
|-damage|p1a: Starmie|66/100|[from] item: Rocky Helmet|[of] p2a: Reuniclus
|-sideend|p1: kaeizuka|Stealth Rock|[from] move: Rapid Spin|[of] p1a: Starmie
|move|p2a: Reuniclus|Calm Mind|p2a: Reuniclus
|-boost|p2a: Reuniclus|spa|1
|-boost|p2a: Reuniclus|spd|1
|
|-heal|p1a: Starmie|72/100|[from] item: Leftovers
|-sideend|p2: ybd1|Reflect
|upkeep
|turn|19
|
|t:|1733801709
|switch|p1a: Ferrothorn|Ferrothorn, F|100/100
|move|p2a: Reuniclus|Calm Mind|p2a: Reuniclus
|-boost|p2a: Reuniclus|spa|1
|-boost|p2a: Reuniclus|spd|1
|
|-sideend|p2: ybd1|move: Light Screen
|upkeep
|turn|20
|
|t:|1733801713
|move|p2a: Reuniclus|Acid Armor|p2a: Reuniclus
|-boost|p2a: Reuniclus|def|2
|move|p1a: Ferrothorn|Leech Seed|p2a: Reuniclus
|-start|p2a: Reuniclus|move: Leech Seed
|
|upkeep
|turn|21
|
|t:|1733801721
|move|p2a: Reuniclus|Calm Mind|p2a: Reuniclus
|-boost|p2a: Reuniclus|spa|1
|-boost|p2a: Reuniclus|spd|1
|move|p1a: Ferrothorn|Spikes|p2a: Reuniclus
|-sidestart|p2: ybd1|Spikes
|
|upkeep
|turn|22
|
|t:|1733801726
|move|p2a: Reuniclus|Calm Mind|p2a: Reuniclus
|-boost|p2a: Reuniclus|spa|1
|-boost|p2a: Reuniclus|spd|1
|move|p1a: Ferrothorn|Stealth Rock|p2a: Reuniclus
|-sidestart|p2: ybd1|move: Stealth Rock
|
|upkeep
|turn|23
|
|t:|1733801735
|move|p2a: Reuniclus|Calm Mind|p2a: Reuniclus
|-boost|p2a: Reuniclus|spa|1
|-boost|p2a: Reuniclus|spd|1
|move|p1a: Ferrothorn|Power Whip|p2a: Reuniclus
|-damage|p2a: Reuniclus|90/100
|-damage|p1a: Ferrothorn|84/100|[from] item: Rocky Helmet|[of] p2a: Reuniclus
|
|-heal|p1a: Ferrothorn|90/100|[from] item: Leftovers
|upkeep
|turn|24
|
|t:|1733801739
|switch|p1a: Dragonite|Dragonite, F|100/100
|move|p2a: Reuniclus|Calm Mind|p2a: Reuniclus
|-boost|p2a: Reuniclus|spa|1
|-boost|p2a: Reuniclus|spd|1
|
|upkeep
|turn|25
|
|t:|1733801743
|move|p1a: Dragonite|Thunder Wave|p2a: Reuniclus
|-status|p2a: Reuniclus|par
|move|p2a: Reuniclus|Acid Armor|p2a: Reuniclus
|-boost|p2a: Reuniclus|def|2
|
|upkeep
|turn|26
|inactive|kaeizuka has 120 seconds left.
|
|t:|1733801774
|switch|p1a: Starmie|Starmie|72/100
|move|p2a: Reuniclus|Recover|p2a: Reuniclus
|-heal|p2a: Reuniclus|100/100 par
|
|-heal|p1a: Starmie|78/100|[from] item: Leftovers
|upkeep
|turn|27
|
|t:|1733801782
|move|p1a: Starmie|Scald|p2a: Reuniclus
|-damage|p2a: Reuniclus|94/100 par
|move|p2a: Reuniclus|Psyshock|p1a: Starmie
|-resisted|p1a: Starmie
|-damage|p1a: Starmie|0 fnt
|faint|p1a: Starmie
|
|upkeep
|
|t:|1733801790
|switch|p1a: Tyranitar|Tyranitar, M|100/100
|-weather|Sandstorm|[from] ability: Sand Stream|[of] p1a: Tyranitar
|turn|28
|
|t:|1733801793
|move|p1a: Tyranitar|Crunch|p2a: Reuniclus
|-supereffective|p2a: Reuniclus
|-damage|p2a: Reuniclus|78/100 par
|-damage|p1a: Tyranitar|84/100|[from] item: Rocky Helmet|[of] p2a: Reuniclus
|move|p2a: Reuniclus|Recover|p2a: Reuniclus
|-heal|p2a: Reuniclus|100/100 par
|
|-weather|Sandstorm|[upkeep]
|upkeep
|turn|29
|
|t:|1733801803
|move|p1a: Tyranitar|Crunch|p2a: Reuniclus
|-supereffective|p2a: Reuniclus
|-damage|p2a: Reuniclus|85/100 par
|-damage|p1a: Tyranitar|68/100|[from] item: Rocky Helmet|[of] p2a: Reuniclus
|move|p2a: Reuniclus|Acid Armor|p2a: Reuniclus
|-boost|p2a: Reuniclus|def|0
|
|-weather|Sandstorm|[upkeep]
|upkeep
|turn|30
|
|t:|1733801808
|move|p1a: Tyranitar|Crunch|p2a: Reuniclus
|-supereffective|p2a: Reuniclus
|-damage|p2a: Reuniclus|69/100 par
|-damage|p1a: Tyranitar|51/100|[from] item: Rocky Helmet|[of] p2a: Reuniclus
|move|p2a: Reuniclus|Recover|p2a: Reuniclus
|-heal|p2a: Reuniclus|100/100 par
|
|-weather|Sandstorm|[upkeep]
|upkeep
|turn|31
|
|t:|1733801830
|move|p1a: Tyranitar|Crunch|p2a: Reuniclus
|-supereffective|p2a: Reuniclus
|-damage|p2a: Reuniclus|84/100 par
|-unboost|p2a: Reuniclus|def|1
|-damage|p1a: Tyranitar|35/100|[from] item: Rocky Helmet|[of] p2a: Reuniclus
|move|p2a: Reuniclus|Acid Armor|p2a: Reuniclus
|-boost|p2a: Reuniclus|def|1
|
|-weather|Sandstorm|[upkeep]
|upkeep
|turn|32
|
|t:|1733801837
|switch|p1a: Reuniclus|Reuniclus, M|100/100
|move|p2a: Reuniclus|Recover|p2a: Reuniclus
|-heal|p2a: Reuniclus|100/100 par
|
|-weather|Sandstorm|[upkeep]
|upkeep
|turn|33
|
|t:|1733801840
|switch|p1a: Tyranitar|Tyranitar, M|35/100
|cant|p2a: Reuniclus|par
|
|-weather|Sandstorm|[upkeep]
|upkeep
|turn|34
|
|t:|1733801842
|move|p1a: Tyranitar|Ice Beam|p2a: Reuniclus
|-damage|p2a: Reuniclus|96/100 par
|move|p2a: Reuniclus|Acid Armor|p2a: Reuniclus
|-boost|p2a: Reuniclus|def|0
|
|-weather|Sandstorm|[upkeep]
|upkeep
|turn|35
|
|t:|1733801850
|move|p1a: Tyranitar|Ice Beam|p2a: Reuniclus
|-damage|p2a: Reuniclus|92/100 par
|move|p2a: Reuniclus|Acid Armor|p2a: Reuniclus
|-boost|p2a: Reuniclus|def|0
|
|-weather|Sandstorm|[upkeep]
|upkeep
|turn|36
|
|t:|1733801852
|move|p1a: Tyranitar|Ice Beam|p2a: Reuniclus
|-damage|p2a: Reuniclus|87/100 par
|cant|p2a: Reuniclus|par
|
|-weather|Sandstorm|[upkeep]
|upkeep
|turn|37
|
|t:|1733801854
|move|p1a: Tyranitar|Ice Beam|p2a: Reuniclus
|-damage|p2a: Reuniclus|83/100 par
|cant|p2a: Reuniclus|par
|
|-weather|Sandstorm|[upkeep]
|upkeep
|turn|38
|
|t:|1733801856
|move|p1a: Tyranitar|Ice Beam|p2a: Reuniclus
|-damage|p2a: Reuniclus|79/100 par
|move|p2a: Reuniclus|Acid Armor|p2a: Reuniclus
|-boost|p2a: Reuniclus|def|0
|
|-weather|Sandstorm|[upkeep]
|upkeep
|turn|39
|
|t:|1733801860
|move|p1a: Tyranitar|Ice Beam|p2a: Reuniclus
|-damage|p2a: Reuniclus|75/100 par
|cant|p2a: Reuniclus|par
|
|-weather|Sandstorm|[upkeep]
|upkeep
|turn|40
|
|t:|1733801862
|move|p1a: Tyranitar|Ice Beam|p2a: Reuniclus
|-damage|p2a: Reuniclus|71/100 par
|move|p2a: Reuniclus|Acid Armor|p2a: Reuniclus
|-boost|p2a: Reuniclus|def|0
|
|-weather|Sandstorm|[upkeep]
|upkeep
|turn|41
|
|t:|1733801864
|move|p1a: Tyranitar|Ice Beam|p2a: Reuniclus
|-damage|p2a: Reuniclus|66/100 par
|move|p2a: Reuniclus|Acid Armor|p2a: Reuniclus
|-boost|p2a: Reuniclus|def|0
|
|-weather|Sandstorm|[upkeep]
|upkeep
|turn|42
|
|t:|1733801869
|move|p1a: Tyranitar|Ice Beam|p2a: Reuniclus
|-damage|p2a: Reuniclus|61/100 par
|move|p2a: Reuniclus|Acid Armor|p2a: Reuniclus
|-boost|p2a: Reuniclus|def|0
|
|-weather|Sandstorm|[upkeep]
|upkeep
|turn|43
|
|t:|1733801871
|move|p1a: Tyranitar|Ice Beam|p2a: Reuniclus
|-damage|p2a: Reuniclus|57/100 par
|move|p2a: Reuniclus|Acid Armor|p2a: Reuniclus
|-boost|p2a: Reuniclus|def|0
|
|-weather|Sandstorm|[upkeep]
|upkeep
|turn|44
|
|t:|1733801880
|move|p1a: Tyranitar|Ice Beam|p2a: Reuniclus
|-damage|p2a: Reuniclus|52/100 par
|move|p2a: Reuniclus|Recover|p2a: Reuniclus
|-heal|p2a: Reuniclus|100/100 par
|
|-weather|Sandstorm|[upkeep]
|upkeep
|turn|45
|c|☆kaeizuka|this is peak
|
|t:|1733801888
|move|p1a: Tyranitar|Ice Beam|p2a: Reuniclus
|-damage|p2a: Reuniclus|96/100 par
|move|p2a: Reuniclus|Acid Armor|p2a: Reuniclus
|-boost|p2a: Reuniclus|def|0
|
|-weather|Sandstorm|[upkeep]
|upkeep
|turn|46
|
|t:|1733801897
|move|p1a: Tyranitar|Ice Beam|p2a: Reuniclus
|-damage|p2a: Reuniclus|92/100 par
|move|p2a: Reuniclus|Acid Armor|p2a: Reuniclus
|-boost|p2a: Reuniclus|def|0
|
|-weather|Sandstorm|[upkeep]
|upkeep
|turn|47
|
|t:|1733801904
|move|p1a: Tyranitar|Ice Beam|p2a: Reuniclus
|-damage|p2a: Reuniclus|88/100 par
|move|p2a: Reuniclus|Acid Armor|p2a: Reuniclus
|-boost|p2a: Reuniclus|def|0
|
|-weather|Sandstorm|[upkeep]
|upkeep
|turn|48
|
|t:|1733801919
|move|p1a: Tyranitar|Ice Beam|p2a: Reuniclus
|-damage|p2a: Reuniclus|83/100 par
|move|p2a: Reuniclus|Acid Armor|p2a: Reuniclus
|-boost|p2a: Reuniclus|def|0
|
|-weather|Sandstorm|[upkeep]
|upkeep
|turn|49
|
|t:|1733801941
|move|p1a: Tyranitar|Ice Beam|p2a: Reuniclus
|-damage|p2a: Reuniclus|79/100 par
|move|p2a: Reuniclus|Acid Armor|p2a: Reuniclus
|-boost|p2a: Reuniclus|def|0
|
|-weather|Sandstorm|[upkeep]
|upkeep
|turn|50
|
|t:|1733801955
|switch|p1a: Reuniclus|Reuniclus, M|100/100
|move|p2a: Reuniclus|Acid Armor|p2a: Reuniclus
|-boost|p2a: Reuniclus|def|0
|
|-weather|Sandstorm|[upkeep]
|upkeep
|turn|51
|
|t:|1733801959
|move|p1a: Reuniclus|Calm Mind|p1a: Reuniclus
|-boost|p1a: Reuniclus|spa|1
|-boost|p1a: Reuniclus|spd|1
|move|p2a: Reuniclus|Acid Armor|p2a: Reuniclus
|-boost|p2a: Reuniclus|def|0
|
|-weather|Sandstorm|[upkeep]
|upkeep
|turn|52
|
|t:|1733801963
|move|p1a: Reuniclus|Calm Mind|p1a: Reuniclus
|-boost|p1a: Reuniclus|spa|1
|-boost|p1a: Reuniclus|spd|1
|cant|p2a: Reuniclus|par
|
|-weather|Sandstorm|[upkeep]
|upkeep
|turn|53
|
|t:|1733801968
|move|p1a: Reuniclus|Calm Mind|p1a: Reuniclus
|-boost|p1a: Reuniclus|spa|1
|-boost|p1a: Reuniclus|spd|1
|move|p2a: Reuniclus|Psyshock|p1a: Reuniclus
|-resisted|p1a: Reuniclus
|-crit|p1a: Reuniclus
|-damage|p1a: Reuniclus|8/100
|
|-weather|Sandstorm|[upkeep]
|-heal|p1a: Reuniclus|14/100|[from] item: Leftovers
|upkeep
|turn|54
|
|t:|1733801973
|move|p1a: Reuniclus|Recover|p1a: Reuniclus
|-heal|p1a: Reuniclus|64/100
|move|p2a: Reuniclus|Psyshock|p1a: Reuniclus
|-resisted|p1a: Reuniclus
|-damage|p1a: Reuniclus|17/100
|
|-weather|Sandstorm|[upkeep]
|-heal|p1a: Reuniclus|23/100|[from] item: Leftovers
|upkeep
|turn|55
|
|t:|1733801978
|move|p1a: Reuniclus|Recover|p1a: Reuniclus
|-heal|p1a: Reuniclus|73/100
|move|p2a: Reuniclus|Psyshock|p1a: Reuniclus
|-resisted|p1a: Reuniclus
|-damage|p1a: Reuniclus|29/100
|
|-weather|Sandstorm|[upkeep]
|-heal|p1a: Reuniclus|35/100|[from] item: Leftovers
|upkeep
|turn|56
|
|t:|1733801984
|move|p1a: Reuniclus|Recover|p1a: Reuniclus
|-heal|p1a: Reuniclus|85/100
|move|p2a: Reuniclus|Psyshock|p1a: Reuniclus
|-resisted|p1a: Reuniclus
|-damage|p1a: Reuniclus|37/100
|
|-weather|Sandstorm|[upkeep]
|-heal|p1a: Reuniclus|43/100|[from] item: Leftovers
|upkeep
|turn|57
|
|t:|1733801988
|move|p1a: Reuniclus|Recover|p1a: Reuniclus
|-heal|p1a: Reuniclus|93/100
|cant|p2a: Reuniclus|par
|
|-weather|Sandstorm|[upkeep]
|-heal|p1a: Reuniclus|99/100|[from] item: Leftovers
|upkeep
|turn|58
|
|t:|1733801993
|move|p1a: Reuniclus|Calm Mind|p1a: Reuniclus
|-boost|p1a: Reuniclus|spa|1
|-boost|p1a: Reuniclus|spd|1
|cant|p2a: Reuniclus|par
|
|-weather|Sandstorm|[upkeep]
|-heal|p1a: Reuniclus|100/100|[from] item: Leftovers
|upkeep
|turn|59
|
|t:|1733801997
|move|p1a: Reuniclus|Calm Mind|p1a: Reuniclus
|-boost|p1a: Reuniclus|spa|1
|-boost|p1a: Reuniclus|spd|1
|move|p2a: Reuniclus|Psyshock|p1a: Reuniclus
|-resisted|p1a: Reuniclus
|-damage|p1a: Reuniclus|53/100
|
|-weather|Sandstorm|[upkeep]
|-heal|p1a: Reuniclus|59/100|[from] item: Leftovers
|upkeep
|turn|60
|
|t:|1733802002
|move|p1a: Reuniclus|Calm Mind|p1a: Reuniclus
|-boost|p1a: Reuniclus|spa|1
|-boost|p1a: Reuniclus|spd|1
|move|p2a: Reuniclus|Psyshock|p1a: Reuniclus
|-resisted|p1a: Reuniclus
|-damage|p1a: Reuniclus|9/100
|
|-weather|Sandstorm|[upkeep]
|-heal|p1a: Reuniclus|15/100|[from] item: Leftovers
|upkeep
|turn|61
|
|t:|1733802007
|move|p1a: Reuniclus|Recover|p1a: Reuniclus
|-heal|p1a: Reuniclus|65/100
|move|p2a: Reuniclus|Psyshock|p1a: Reuniclus
|-resisted|p1a: Reuniclus
|-damage|p1a: Reuniclus|14/100
|
|-weather|Sandstorm|[upkeep]
|-heal|p1a: Reuniclus|20/100|[from] item: Leftovers
|upkeep
|turn|62
|
|t:|1733802011
|move|p1a: Reuniclus|Recover|p1a: Reuniclus
|-heal|p1a: Reuniclus|70/100
|move|p2a: Reuniclus|Psyshock|p1a: Reuniclus
|-resisted|p1a: Reuniclus
|-damage|p1a: Reuniclus|25/100
|
|-weather|Sandstorm|[upkeep]
|-heal|p1a: Reuniclus|31/100|[from] item: Leftovers
|upkeep
|turn|63
|
|t:|1733802017
|move|p1a: Reuniclus|Recover|p1a: Reuniclus
|-heal|p1a: Reuniclus|81/100
|move|p2a: Reuniclus|Psyshock|p1a: Reuniclus
|-resisted|p1a: Reuniclus
|-damage|p1a: Reuniclus|33/100
|
|-weather|Sandstorm|[upkeep]
|-heal|p1a: Reuniclus|39/100|[from] item: Leftovers
|upkeep
|turn|64
|
|t:|1733802021
|move|p1a: Reuniclus|Recover|p1a: Reuniclus
|-heal|p1a: Reuniclus|89/100
|move|p2a: Reuniclus|Psyshock|p1a: Reuniclus
|-resisted|p1a: Reuniclus
|-damage|p1a: Reuniclus|45/100
|
|-weather|Sandstorm|[upkeep]
|-heal|p1a: Reuniclus|51/100|[from] item: Leftovers
|upkeep
|turn|65
|
|t:|1733802028
|move|p1a: Reuniclus|Recover|p1a: Reuniclus
|-heal|p1a: Reuniclus|100/100
|cant|p2a: Reuniclus|par
|
|-weather|Sandstorm|[upkeep]
|upkeep
|turn|66
|
|t:|1733802034
|move|p1a: Reuniclus|Calm Mind|p1a: Reuniclus
|-boost|p1a: Reuniclus|spa|0
|-boost|p1a: Reuniclus|spd|0
|cant|p2a: Reuniclus|par
|
|-weather|Sandstorm|[upkeep]
|upkeep
|turn|67
|
|t:|1733802037
|move|p1a: Reuniclus|Psyshock|p2a: Reuniclus
|-resisted|p2a: Reuniclus
|-damage|p2a: Reuniclus|66/100 par
|move|p2a: Reuniclus|Recover|p2a: Reuniclus
|-heal|p2a: Reuniclus|100/100 par
|
|-weather|Sandstorm|[upkeep]
|upkeep
|turn|68
|
|t:|1733802044
|move|p1a: Reuniclus|Psyshock|p2a: Reuniclus
|-resisted|p2a: Reuniclus
|-damage|p2a: Reuniclus|87/100 par
|move|p2a: Reuniclus|Psyshock|p1a: Reuniclus
|-resisted|p1a: Reuniclus
|-damage|p1a: Reuniclus|50/100
|
|-weather|Sandstorm|[upkeep]
|-heal|p1a: Reuniclus|56/100|[from] item: Leftovers
|upkeep
|turn|69
|
|t:|1733802049
|move|p1a: Reuniclus|Psyshock|p2a: Reuniclus
|-resisted|p2a: Reuniclus
|-damage|p2a: Reuniclus|74/100 par
|move|p2a: Reuniclus|Psyshock|p1a: Reuniclus
|-resisted|p1a: Reuniclus
|-damage|p1a: Reuniclus|11/100
|
|-weather|Sandstorm|[upkeep]
|-heal|p1a: Reuniclus|17/100|[from] item: Leftovers
|upkeep
|turn|70
|
|t:|1733802054
|move|p1a: Reuniclus|Recover|p1a: Reuniclus
|-heal|p1a: Reuniclus|67/100
|move|p2a: Reuniclus|Psyshock|p1a: Reuniclus
|-resisted|p1a: Reuniclus
|-damage|p1a: Reuniclus|24/100
|
|-weather|Sandstorm|[upkeep]
|-heal|p1a: Reuniclus|30/100|[from] item: Leftovers
|upkeep
|turn|71
|
|t:|1733802062
|move|p1a: Reuniclus|Recover|p1a: Reuniclus
|-heal|p1a: Reuniclus|80/100
|cant|p2a: Reuniclus|par
|
|-weather|Sandstorm|[upkeep]
|-heal|p1a: Reuniclus|86/100|[from] item: Leftovers
|upkeep
|turn|72
|
|t:|1733802069
|move|p1a: Reuniclus|Psyshock|p2a: Reuniclus
|-resisted|p2a: Reuniclus
|-damage|p2a: Reuniclus|61/100 par
|cant|p2a: Reuniclus|par
|
|-weather|Sandstorm|[upkeep]
|-heal|p1a: Reuniclus|92/100|[from] item: Leftovers
|upkeep
|turn|73
|
|t:|1733802073
|move|p1a: Reuniclus|Psyshock|p2a: Reuniclus
|-resisted|p2a: Reuniclus
|-damage|p2a: Reuniclus|48/100 par
|move|p2a: Reuniclus|Psyshock|p1a: Reuniclus
|-resisted|p1a: Reuniclus
|-damage|p1a: Reuniclus|45/100
|
|-weather|Sandstorm|[upkeep]
|-heal|p1a: Reuniclus|51/100|[from] item: Leftovers
|upkeep
|turn|74
|
|t:|1733802079
|move|p1a: Reuniclus|Recover|p1a: Reuniclus
|-heal|p1a: Reuniclus|100/100
|cant|p2a: Reuniclus|par
|
|-weather|Sandstorm|[upkeep]
|upkeep
|turn|75
|
|t:|1733802082
|move|p1a: Reuniclus|Psyshock|p2a: Reuniclus
|-resisted|p2a: Reuniclus
|-damage|p2a: Reuniclus|35/100 par
|move|p2a: Reuniclus|Recover|p2a: Reuniclus
|-heal|p2a: Reuniclus|85/100 par
|
|-weather|Sandstorm|[upkeep]
|upkeep
|turn|76
|
|t:|1733802099
|move|p1a: Reuniclus|Focus Blast|p2a: Reuniclus|[miss]
|-miss|p1a: Reuniclus|p2a: Reuniclus
|move|p2a: Reuniclus|Acid Armor|p2a: Reuniclus
|-boost|p2a: Reuniclus|def|0
|
|-weather|Sandstorm|[upkeep]
|upkeep
|turn|77
|
|t:|1733802110
|move|p1a: Reuniclus|Calm Mind|p1a: Reuniclus
|-boost|p1a: Reuniclus|spa|0
|-boost|p1a: Reuniclus|spd|0
|cant|p2a: Reuniclus|par
|
|-weather|Sandstorm|[upkeep]
|upkeep
|turn|78
|
|t:|1733802113
|move|p1a: Reuniclus|Calm Mind|p1a: Reuniclus
|-boost|p1a: Reuniclus|spa|0
|-boost|p1a: Reuniclus|spd|0
|move|p2a: Reuniclus|Acid Armor|p2a: Reuniclus
|-boost|p2a: Reuniclus|def|0
|
|-weather|Sandstorm|[upkeep]
|upkeep
|turn|79
|
|t:|1733802117
|move|p1a: Reuniclus|Focus Blast|p2a: Reuniclus|[miss]
|-miss|p1a: Reuniclus|p2a: Reuniclus
|move|p2a: Reuniclus|Acid Armor|p2a: Reuniclus
|-boost|p2a: Reuniclus|def|0
|
|-weather|Sandstorm|[upkeep]
|upkeep
|turn|80
|
|t:|1733802124
|move|p1a: Reuniclus|Calm Mind|p1a: Reuniclus
|-boost|p1a: Reuniclus|spa|0
|-boost|p1a: Reuniclus|spd|0
|move|p2a: Reuniclus|Acid Armor|p2a: Reuniclus
|-boost|p2a: Reuniclus|def|0
|
|-weather|Sandstorm|[upkeep]
|upkeep
|turn|81
|
|t:|1733802129
|move|p1a: Reuniclus|Calm Mind|p1a: Reuniclus
|-boost|p1a: Reuniclus|spa|0
|-boost|p1a: Reuniclus|spd|0
|move|p2a: Reuniclus|Acid Armor|p2a: Reuniclus
|-boost|p2a: Reuniclus|def|0
|
|-weather|Sandstorm|[upkeep]
|upkeep
|turn|82
|
|t:|1733802134
|move|p1a: Reuniclus|Calm Mind|p1a: Reuniclus
|-boost|p1a: Reuniclus|spa|0
|-boost|p1a: Reuniclus|spd|0
|cant|p2a: Reuniclus|par
|
|-weather|Sandstorm|[upkeep]
|upkeep
|turn|83
|
|t:|1733802140
|move|p1a: Reuniclus|Calm Mind|p1a: Reuniclus
|-boost|p1a: Reuniclus|spa|0
|-boost|p1a: Reuniclus|spd|0
|cant|p2a: Reuniclus|par
|
|-weather|Sandstorm|[upkeep]
|upkeep
|turn|84
|
|t:|1733802145
|move|p1a: Reuniclus|Calm Mind|p1a: Reuniclus
|-boost|p1a: Reuniclus|spa|0
|-boost|p1a: Reuniclus|spd|0
|move|p2a: Reuniclus|Acid Armor|p2a: Reuniclus
|-boost|p2a: Reuniclus|def|0
|
|-weather|Sandstorm|[upkeep]
|upkeep
|turn|85
|
|t:|1733802166
|switch|p1a: Garchomp|Garchomp, F|100/100
|move|p2a: Reuniclus|Acid Armor|p2a: Reuniclus
|-boost|p2a: Reuniclus|def|0
|
|-weather|Sandstorm|[upkeep]
|upkeep
|turn|86
|
|t:|1733802170
|move|p1a: Garchomp|Substitute|p1a: Garchomp
|-start|p1a: Garchomp|Substitute
|-damage|p1a: Garchomp|76/100
|move|p2a: Reuniclus|Recover|p2a: Reuniclus
|-heal|p2a: Reuniclus|100/100 par
|
|-weather|Sandstorm|[upkeep]
|upkeep
|turn|87
|
|t:|1733802180
|move|p1a: Garchomp|Swords Dance|p1a: Garchomp
|-boost|p1a: Garchomp|atk|2
|cant|p2a: Reuniclus|par
|
|-weather|Sandstorm|[upkeep]
|upkeep
|turn|88
|
|t:|1733802184
|move|p1a: Garchomp|Swords Dance|p1a: Garchomp
|-boost|p1a: Garchomp|atk|2
|cant|p2a: Reuniclus|par
|
|-weather|Sandstorm|[upkeep]
|upkeep
|turn|89
|
|t:|1733802188
|move|p1a: Garchomp|Swords Dance|p1a: Garchomp
|-boost|p1a: Garchomp|atk|2
|move|p2a: Reuniclus|Psyshock|p1a: Garchomp
|-crit|p1a: Garchomp
|-end|p1a: Garchomp|Substitute
|
|-weather|Sandstorm|[upkeep]
|upkeep
|turn|90
|
|t:|1733802193
|move|p1a: Garchomp|Outrage|p2a: Reuniclus
|-damage|p2a: Reuniclus|52/100 par
|-damage|p1a: Garchomp|59/100|[from] item: Rocky Helmet|[of] p2a: Reuniclus
|cant|p2a: Reuniclus|par
|
|-weather|Sandstorm|[upkeep]
|upkeep
|turn|91
|
|t:|1733802198
|move|p1a: Garchomp|Outrage|p2a: Reuniclus|[from]lockedmove
|-damage|p2a: Reuniclus|0 fnt
|-damage|p1a: Garchomp|42/100|[from] item: Rocky Helmet|[of] p2a: Reuniclus
|faint|p2a: Reuniclus
|
|-weather|Sandstorm|[upkeep]
|upkeep
|c|☆kaeizuka|I can sleep happily
|inactive|ybd1 has 120 seconds left.
|
|t:|1733802249
|switch|p2a: Gyarados|Gyarados, F|100/100
|-damage|p2a: Gyarados|76/100|[from] Stealth Rock
|-ability|p2a: Gyarados|Intimidate|boost
|-unboost|p1a: Garchomp|atk|1
|turn|92
|inactive|kaeizuka has 120 seconds left.
|
|t:|1733802307
|switch|p2a: Garchomp|Garchomp, F|89/100
|-damage|p2a: Garchomp|76/100|[from] Spikes
|-damage|p2a: Garchomp|70/100|[from] Stealth Rock
|move|p1a: Garchomp|Outrage|p2a: Garchomp|[from]lockedmove
|-supereffective|p2a: Garchomp
|-damage|p2a: Garchomp|0 fnt
|-damage|p1a: Garchomp|30/100|[from] ability: Rough Skin|[of] p2a: Garchomp
|faint|p2a: Garchomp
|-start|p1a: Garchomp|confusion|[fatigue]
|
|-weather|Sandstorm|[upkeep]
|upkeep
|
|t:|1733802329
|switch|p2a: Lucario|Lucario, F|100/100
|-damage|p2a: Lucario|88/100|[from] Spikes
|-damage|p2a: Lucario|85/100|[from] Stealth Rock
|turn|93
|
|t:|1733802341
|move|p2a: Lucario|Extreme Speed|p1a: Garchomp
|-damage|p1a: Garchomp|0 fnt
|-damage|p2a: Lucario|73/100|[from] ability: Rough Skin|[of] p1a: Garchomp
|faint|p1a: Garchomp
|-damage|p2a: Lucario|63/100|[from] item: Life Orb
|
|-weather|Sandstorm|[upkeep]
|upkeep
|
|t:|1733802348
|switch|p1a: Reuniclus|Reuniclus, M|100/100
|turn|94
|
|t:|1733802353
|switch|p2a: Espeon|Espeon, F|100/100
|-damage|p2a: Espeon|88/100|[from] Spikes
|-damage|p2a: Espeon|76/100|[from] Stealth Rock
|move|p1a: Reuniclus|Focus Blast|p2a: Espeon
|-resisted|p2a: Espeon
|-damage|p2a: Espeon|61/100
|
|-weather|Sandstorm|[upkeep]
|-damage|p2a: Espeon|55/100|[from] Sandstorm
|upkeep
|turn|95
|
|t:|1733802357
|move|p2a: Espeon|Light Screen|p2a: Espeon
|-sidestart|p2: ybd1|move: Light Screen
|move|p1a: Reuniclus|Calm Mind|p1a: Reuniclus
|-boost|p1a: Reuniclus|spa|1
|-boost|p1a: Reuniclus|spd|1
|
|-weather|Sandstorm|[upkeep]
|-damage|p2a: Espeon|49/100|[from] Sandstorm
|upkeep
|turn|96
|
|t:|1733802360
|move|p2a: Espeon|Baton Pass|p2a: Espeon
|
|t:|1733802363
|switch|p2a: Gyarados|Gyarados, F|76/100|[from] Baton Pass
|-damage|p2a: Gyarados|51/100|[from] Stealth Rock
|-ability|p2a: Gyarados|Intimidate|boost
|-unboost|p1a: Reuniclus|atk|1
|move|p1a: Reuniclus|Calm Mind|p1a: Reuniclus
|-boost|p1a: Reuniclus|spa|1
|-boost|p1a: Reuniclus|spd|1
|
|-weather|Sandstorm|[upkeep]
|-damage|p2a: Gyarados|45/100|[from] Sandstorm
|-heal|p2a: Gyarados|51/100|[from] item: Leftovers
|upkeep
|turn|97
|
|t:|1733802377
|move|p1a: Reuniclus|Psyshock|p2a: Gyarados
|-damage|p2a: Gyarados|26/100
|move|p2a: Gyarados|Dragon Tail|p1a: Reuniclus|[miss]
|-miss|p2a: Gyarados|p1a: Reuniclus
|
|-weather|Sandstorm|[upkeep]
|-damage|p2a: Gyarados|20/100|[from] Sandstorm
|-heal|p2a: Gyarados|26/100|[from] item: Leftovers
|upkeep
|turn|98
|
|t:|1733802381
|move|p1a: Reuniclus|Psyshock|p2a: Gyarados
|-damage|p2a: Gyarados|0 fnt
|faint|p2a: Gyarados
|
|-weather|Sandstorm|[upkeep]
|upkeep
|
|t:|1733802384
|switch|p2a: Lucario|Lucario, F|63/100
|-damage|p2a: Lucario|50/100|[from] Spikes
|-damage|p2a: Lucario|47/100|[from] Stealth Rock
|turn|99
|
|t:|1733802389
|move|p2a: Lucario|Crunch|p1a: Reuniclus
|-supereffective|p1a: Reuniclus
|-damage|p1a: Reuniclus|47/100
|-damage|p2a: Lucario|38/100|[from] item: Life Orb
|move|p1a: Reuniclus|Focus Blast|p2a: Lucario
|-supereffective|p2a: Lucario
|-damage|p2a: Lucario|0 fnt
|faint|p2a: Lucario
|
|-weather|Sandstorm|[upkeep]
|-heal|p1a: Reuniclus|53/100|[from] item: Leftovers
|upkeep
|
|t:|1733802392
|switch|p2a: Conkeldurr|Conkeldurr, F|100/100
|-damage|p2a: Conkeldurr|88/100|[from] Spikes
|-damage|p2a: Conkeldurr|82/100|[from] Stealth Rock
|turn|100
|-message|ybd1 forfeited.
|
|win|kaeizuka
|raw|kaeizuka's rating: 1350 &rarr; <strong>1375</strong><br />(+25 for winning)
|raw|ybd1's rating: 1446 &rarr; <strong>1421</strong><br />(-25 for losing)
|l|☆ybd1
|player|p2|
|n|!kaeizuka|kaeizuka
