|j|☆Doom Desire 2.0
|j|☆greninja75
|player|p1|Doom Desire 2.0|166
|player|p2|greninja75|43
|teamsize|p1|6
|teamsize|p2|6
|gametype|singles
|gen|5
|tier|[Gen 5] OU
|rated|
|rule|Sleep Clause Mod: Limit one foe put to sleep
|rule|Species Clause: Limit one of each Pokémon
|rule|OHKO Clause: OHKO moves are banned
|rule|Moody Clause: Moody is banned
|rule|Evasion Moves Clause: Evasion moves are banned
|rule|Endless Battle Clause: Forcing endless battles is banned
|rule|HP Percentage Mod: HP is shown in percentages
|rule|Evasion Abilities Clause: Evasion abilities are banned
|rule|Baton Pass Clause: Limit one Baton Passer, can't pass Spe and other stats simultaneously
|rule|Swagger Clause: Swagger is banned
|clearpoke
|poke|p1|Gothitelle, M|item
|poke|p1|Magnezone|item
|poke|p1|Skarmory, M|item
|poke|p1|Kyurem-Black|item
|poke|p1|Dragonite, F|item
|poke|p1|Latias, F|item
|poke|p2|Ferrothorn, F|item
|poke|p2|Politoed, F|item
|poke|p2|Tornadus, M|item
|poke|p2|Keldeo|item
|poke|p2|Gliscor, M|item
|poke|p2|Magnezone|item
|teampreview
|
|start
|switch|p1a: Sir Jorah|Skarmory, M, shiny|100/100
|switch|p2a: Politoed|Politoed, F|100/100
|-weather|RainDance|[from] ability: Drizzle|[of] p2a: Politoed
|turn|1
|
|switch|p2a: Magnezone|Magnezone|100/100
|move|p1a: Sir Jorah|Stealth Rock|p2a: Magnezone
|-sidestart|p2: greninja75|move: Stealth Rock
|
|-weather|RainDance|[upkeep]
|upkeep
|turn|2
|
|move|p1a: Sir Jorah|Taunt|p2a: Magnezone
|-start|p2a: Magnezone|move: Taunt
|move|p2a: Magnezone|Thunderbolt|p1a: Sir Jorah
|-supereffective|p1a: Sir Jorah
|-ability|p1a: Sir Jorah|Sturdy
|-damage|p1a: Sir Jorah|1/100
|
|-weather|RainDance|[upkeep]
|upkeep
|turn|3
|-enditem|p1a: Sir Jorah|Custap Berry|[eat]
|-activate|p1a: Sir Jorah|item: Custap Berry|[consumed]
|
|move|p1a: Sir Jorah|Spikes|p2a: Magnezone
|-sidestart|p2: greninja75|Spikes
|move|p2a: Magnezone|Charge Beam|p1a: Sir Jorah
|-supereffective|p1a: Sir Jorah
|-damage|p1a: Sir Jorah|0 fnt
|-boost|p2a: Magnezone|spa|1
|faint|p1a: Sir Jorah
|
|-weather|RainDance|[upkeep]
|upkeep
|
|switch|p1a: Drogon|Dragonite, F|100/100
|turn|4
|
|move|p1a: Drogon|Earthquake|p2a: Magnezone
|-supereffective|p2a: Magnezone
|-damage|p2a: Magnezone|0 fnt
|faint|p2a: Magnezone
|
|-weather|RainDance|[upkeep]
|upkeep
|
|switch|p2a: HP Ice?|Gliscor, M|100/100
|-damage|p2a: HP Ice?|88/100|[from] Stealth Rock
|turn|5
|
|switch|p1a: Viserion|Kyurem-Black|100/100
|-ability|p1a: Viserion|Teravolt
|move|p2a: HP Ice?|Toxic|p1a: Viserion
|-status|p1a: Viserion|tox
|
|-weather|RainDance|[upkeep]
|-damage|p1a: Viserion|94/100 tox|[from] psn
|-status|p2a: HP Ice?|tox|[from] item: Toxic Orb
|upkeep
|turn|6
|
|switch|p1a: Torgo Nudho|Magnezone, shiny|100/100
|move|p2a: HP Ice?|Protect|p2a: HP Ice?
|-fail|p2a: HP Ice?
|
|-weather|RainDance|[upkeep]
|-heal|p2a: HP Ice?|100/100 tox|[from] ability: Poison Heal
|upkeep
|turn|7
|
|switch|p1a: Viserion|Kyurem-Black|94/100 tox
|-ability|p1a: Viserion|Teravolt
|move|p2a: HP Ice?|Substitute|p2a: HP Ice?
|-start|p2a: HP Ice?|Substitute
|-damage|p2a: HP Ice?|76/100 tox
|
|-weather|RainDance|[upkeep]
|-damage|p1a: Viserion|88/100 tox|[from] psn
|-heal|p2a: HP Ice?|88/100 tox|[from] ability: Poison Heal
|upkeep
|turn|8
|
|move|p2a: HP Ice?|Protect|p2a: HP Ice?
|-singleturn|p2a: HP Ice?|Protect
|move|p1a: Viserion|Ice Beam|p2a: HP Ice?
|-activate|p2a: HP Ice?|move: Protect
|
|-weather|RainDance|[upkeep]
|-damage|p1a: Viserion|76/100 tox|[from] psn
|-heal|p2a: HP Ice?|100/100 tox|[from] ability: Poison Heal
|upkeep
|turn|9
|
|move|p1a: Viserion|Ice Beam|p2a: HP Ice?
|-supereffective|p2a: HP Ice?
|-end|p2a: HP Ice?|Substitute
|move|p2a: HP Ice?|Substitute|p2a: HP Ice?
|-start|p2a: HP Ice?|Substitute
|-damage|p2a: HP Ice?|76/100 tox
|
|-weather|RainDance|[upkeep]
|-damage|p1a: Viserion|58/100 tox|[from] psn
|-heal|p2a: HP Ice?|88/100 tox|[from] ability: Poison Heal
|upkeep
|turn|10
|
|move|p2a: HP Ice?|Protect|p2a: HP Ice?
|-singleturn|p2a: HP Ice?|Protect
|move|p1a: Viserion|Ice Beam|p2a: HP Ice?
|-activate|p2a: HP Ice?|move: Protect
|
|-weather|RainDance|[upkeep]
|-damage|p1a: Viserion|33/100 tox|[from] psn
|-heal|p2a: HP Ice?|100/100 tox|[from] ability: Poison Heal
|upkeep
|turn|11
|
|move|p1a: Viserion|Ice Beam|p2a: HP Ice?
|-supereffective|p2a: HP Ice?
|-end|p2a: HP Ice?|Substitute
|move|p2a: HP Ice?|Substitute|p2a: HP Ice?
|-start|p2a: HP Ice?|Substitute
|-damage|p2a: HP Ice?|76/100 tox
|
|-weather|RainDance|[upkeep]
|-damage|p1a: Viserion|2/100 tox|[from] psn
|-heal|p2a: HP Ice?|88/100 tox|[from] ability: Poison Heal
|upkeep
|turn|12
|
|move|p2a: HP Ice?|Protect|p2a: HP Ice?
|-singleturn|p2a: HP Ice?|Protect
|move|p1a: Viserion|Ice Beam|p2a: HP Ice?
|-activate|p2a: HP Ice?|move: Protect
|
|-weather|RainDance|[upkeep]
|-damage|p1a: Viserion|0 fnt|[from] psn
|-heal|p2a: HP Ice?|100/100 tox|[from] ability: Poison Heal
|upkeep
|faint|p1a: Viserion
|
|switch|p1a: Drogon|Dragonite, F|100/100
|turn|13
|
|move|p1a: Drogon|Dragon Dance|p1a: Drogon
|-boost|p1a: Drogon|atk|1
|-boost|p1a: Drogon|spe|1
|move|p2a: HP Ice?|Toxic|p1a: Drogon
|-status|p1a: Drogon|tox
|-enditem|p1a: Drogon|Lum Berry|[eat]
|-curestatus|p1a: Drogon|tox|[msg]
|
|-weather|RainDance|[upkeep]
|upkeep
|turn|14
|
|move|p1a: Drogon|Outrage|p2a: HP Ice?
|-end|p2a: HP Ice?|Substitute
|move|p2a: HP Ice?|Toxic|p1a: Drogon
|-status|p1a: Drogon|tox
|
|-weather|RainDance|[upkeep]
|-damage|p1a: Drogon|94/100 tox|[from] psn
|upkeep
|turn|15
|
|move|p2a: HP Ice?|Protect|p2a: HP Ice?
|-singleturn|p2a: HP Ice?|Protect
|move|p1a: Drogon|Outrage|p2a: HP Ice?|[from]lockedmove
|-activate|p2a: HP Ice?|move: Protect
|-start|p1a: Drogon|confusion|[fatigue]
|
|-weather|RainDance|[upkeep]
|-damage|p1a: Drogon|82/100 tox|[from] psn
|upkeep
|turn|16
|
|-activate|p1a: Drogon|confusion
|-damage|p1a: Drogon|57/100 tox|[from] confusion
|move|p2a: HP Ice?|Substitute|p2a: HP Ice?
|-start|p2a: HP Ice?|Substitute
|-damage|p2a: HP Ice?|76/100 tox
|
|-weather|RainDance|[upkeep]
|-damage|p1a: Drogon|38/100 tox|[from] psn
|-heal|p2a: HP Ice?|88/100 tox|[from] ability: Poison Heal
|upkeep
|turn|17
|-message|Doom Desire 2.0 forfeited.
|
|win|greninja75
|l|☆Doom Desire 2.0
|raw|Doom Desire 2.0's rating: 1380 &rarr; <strong>1353</strong><br />(-27 for losing)
|raw|greninja75's rating: 1257 &rarr; <strong>1291</strong><br />(+34 for winning)
