|j|☆Steveman
|j|☆HydreigonSpammer
|t:|1736123568
|gametype|singles
|player|p1|Steveman|101|1314
|player|p2|HydreigonSpammer|iris|1364
|teamsize|p1|6
|teamsize|p2|6
|gen|5
|tier|[Gen 5] OU
|rated|
|rule|Species Clause: Limit one of each Pokémon
|rule|OHKO Clause: OHKO moves are banned
|rule|Moody Clause: Moody is banned
|rule|Evasion Items Clause: Evasion items are banned
|rule|Evasion Moves Clause: Evasion moves are banned
|rule|Endless Battle Clause: Forcing endless battles is banned
|rule|HP Percentage Mod: HP is shown in percentages
|rule|Evasion Abilities Clause: Evasion abilities are banned
|rule|Sleep Moves Clause: Sleep-inducing moves are banned
|rule|Swagger Clause: Swagger is banned
|rule|Baton Pass Stat Clause: No Baton Passer may have a way to boost its stats
|clearpoke
|poke|p1|Terrakion|item
|poke|p1|Tyranitar, M|item
|poke|p1|Celebi|item
|poke|p1|Skarmory, F|item
|poke|p1|Excadrill, F|item
|poke|p1|Rotom-Wash|item
|poke|p2|Magnezone|item
|poke|p2|Kyurem|item
|poke|p2|Latios, M|item
|poke|p2|Politoed, M|item
|poke|p2|Blastoise, M|item
|poke|p2|Jirachi|item
|teampreview
|inactive|Battle timer is ON: inactive players will automatically lose when time's up. (requested by Steveman)
|
|t:|1736123600
|start
|switch|p1a: Celebi|Celebi|100/100
|switch|p2a: Jirachi|Jirachi|100/100
|turn|1
|
|t:|1736123606
|move|p2a: Jirachi|Stealth Rock|p1a: Celebi
|-sidestart|p1: Steveman|move: Stealth Rock
|move|p1a: Celebi|Stealth Rock|p2a: Jirachi
|-sidestart|p2: HydreigonSpammer|move: Stealth Rock
|
|upkeep
|turn|2
|
|t:|1736123611
|move|p2a: Jirachi|Hidden Power|p1a: Celebi
|-supereffective|p1a: Celebi
|-damage|p1a: Celebi|77/100
|move|p1a: Celebi|Future Sight|p2a: Jirachi
|-start|p1a: Celebi|move: Future Sight
|
|-heal|p1a: Celebi|83/100|[from] item: Leftovers
|upkeep
|turn|3
|
|t:|1736123621
|switch|p2a: Blastoise|Blastoise, M|100/100
|-damage|p2a: Blastoise|88/100|[from] Stealth Rock
|move|p1a: Celebi|Baton Pass|p1a: Celebi
|
|t:|1736123627
|switch|p1a: Rotom|Rotom-Wash|100/100|[from] Baton Pass
|-damage|p1a: Rotom|88/100|[from] Stealth Rock
|
|-heal|p1a: Rotom|94/100|[from] item: Leftovers
|-heal|p2a: Blastoise|94/100|[from] item: Leftovers
|upkeep
|turn|4
|
|t:|1736123638
|move|p2a: Blastoise|Protect|p2a: Blastoise
|-singleturn|p2a: Blastoise|Protect
|move|p1a: Rotom|Will-O-Wisp|p2a: Blastoise
|-activate|p2a: Blastoise|move: Protect
|
|-end|p2a: Blastoise|move: Future Sight
|-damage|p2a: Blastoise|73/100
|-heal|p1a: Rotom|100/100|[from] item: Leftovers
|-heal|p2a: Blastoise|79/100|[from] item: Leftovers
|upkeep
|turn|5
|
|t:|1736123646
|move|p1a: Rotom|Volt Switch|p2a: Blastoise
|-supereffective|p2a: Blastoise
|-damage|p2a: Blastoise|48/100
|
|t:|1736123650
|switch|p1a: Celebi|Celebi|83/100|[from] Volt Switch
|-damage|p1a: Celebi|71/100|[from] Stealth Rock
|move|p2a: Blastoise|Toxic|p1a: Celebi
|-status|p1a: Celebi|tox
|
|-heal|p1a: Celebi|77/100 tox|[from] item: Leftovers
|-heal|p2a: Blastoise|54/100|[from] item: Leftovers
|-damage|p1a: Celebi|71/100 tox|[from] psn
|upkeep
|turn|6
|
|t:|1736123658
|move|p1a: Celebi|Giga Drain|p2a: Blastoise
|-supereffective|p2a: Blastoise
|-damage|p2a: Blastoise|22/100
|-heal|p1a: Celebi|85/100 tox|[from] drain|[of] p2a: Blastoise
|move|p2a: Blastoise|Rapid Spin|p1a: Celebi
|-damage|p1a: Celebi|83/100 tox
|-sideend|p2: HydreigonSpammer|Stealth Rock|[from] move: Rapid Spin|[of] p2a: Blastoise
|
|-heal|p1a: Celebi|89/100 tox|[from] item: Leftovers
|-heal|p2a: Blastoise|28/100|[from] item: Leftovers
|-damage|p1a: Celebi|76/100 tox|[from] psn
|upkeep
|turn|7
|
|t:|1736123668
|move|p1a: Celebi|Giga Drain|p2a: Blastoise
|-supereffective|p2a: Blastoise
|-damage|p2a: Blastoise|0 fnt
|-heal|p1a: Celebi|89/100 tox|[from] drain|[of] p2a: Blastoise
|faint|p2a: Blastoise
|
|-heal|p1a: Celebi|95/100 tox|[from] item: Leftovers
|-damage|p1a: Celebi|76/100 tox|[from] psn
|upkeep
|
|t:|1736123670
|switch|p2a: Kyurem|Kyurem|100/100
|-ability|p2a: Kyurem|Pressure
|turn|8
|
|t:|1736123681
|-curestatus|p1a: Celebi|tox|[from] ability: Natural Cure
|switch|p1a: Tyranitar|Tyranitar, M|100/100
|-damage|p1a: Tyranitar|88/100|[from] Stealth Rock
|-weather|Sandstorm|[from] ability: Sand Stream|[of] p1a: Tyranitar
|move|p2a: Kyurem|Ice Beam|p1a: Tyranitar
|-damage|p1a: Tyranitar|52/100
|
|-weather|Sandstorm|[upkeep]
|-damage|p2a: Kyurem|94/100|[from] Sandstorm
|upkeep
|turn|9
|
|t:|1736123688
|move|p2a: Kyurem|Ice Beam|p1a: Tyranitar
|-damage|p1a: Tyranitar|16/100
|move|p1a: Tyranitar|Pursuit|p2a: Kyurem
|-damage|p2a: Kyurem|74/100
|
|-weather|Sandstorm|[upkeep]
|-damage|p2a: Kyurem|68/100|[from] Sandstorm
|upkeep
|turn|10
|
|t:|1736123693
|move|p2a: Kyurem|Ice Beam|p1a: Tyranitar
|-damage|p1a: Tyranitar|0 fnt
|faint|p1a: Tyranitar
|
|-weather|Sandstorm|[upkeep]
|-damage|p2a: Kyurem|61/100|[from] Sandstorm
|upkeep
|
|t:|1736123695
|switch|p1a: Rotom|Rotom-Wash|100/100
|-damage|p1a: Rotom|88/100|[from] Stealth Rock
|turn|11
|
|t:|1736123717
|switch|p2a: Politoed|Politoed, M|100/100
|-weather|RainDance|[from] ability: Drizzle|[of] p2a: Politoed
|move|p1a: Rotom|Will-O-Wisp|p2a: Politoed
|-status|p2a: Politoed|brn
|
|-weather|RainDance|[upkeep]
|-heal|p1a: Rotom|94/100|[from] item: Leftovers
|-damage|p2a: Politoed|88/100 brn|[from] brn
|upkeep
|turn|12
|
|t:|1736123732
|move|p2a: Politoed|Surf|p1a: Rotom
|-resisted|p1a: Rotom
|-damage|p1a: Rotom|66/100
|move|p1a: Rotom|Volt Switch|p2a: Politoed
|-supereffective|p2a: Politoed
|-damage|p2a: Politoed|37/100 brn
|
|t:|1736123739
|switch|p1a: Celebi|Celebi|76/100|[from] Volt Switch
|-damage|p1a: Celebi|64/100|[from] Stealth Rock
|
|-weather|RainDance|[upkeep]
|-heal|p1a: Celebi|70/100|[from] item: Leftovers
|-damage|p2a: Politoed|24/100 brn|[from] brn
|upkeep
|turn|13
|
|t:|1736123743
|switch|p2a: Kyurem|Kyurem|61/100
|-ability|p2a: Kyurem|Pressure
|move|p1a: Celebi|Stealth Rock|p2a: Kyurem
|-sidestart|p2: HydreigonSpammer|move: Stealth Rock
|
|-weather|RainDance|[upkeep]
|-heal|p1a: Celebi|76/100|[from] item: Leftovers
|upkeep
|turn|14
|
|t:|1736123760
|move|p2a: Kyurem|Ice Beam|p1a: Celebi
|-supereffective|p1a: Celebi
|-damage|p1a: Celebi|0 fnt
|faint|p1a: Celebi
|
|-weather|RainDance|[upkeep]
|upkeep
|
|t:|1736123762
|switch|p1a: Rotom|Rotom-Wash|66/100
|-damage|p1a: Rotom|53/100|[from] Stealth Rock
|turn|15
|
|t:|1736123770
|move|p2a: Kyurem|Ice Beam|p1a: Rotom
|-resisted|p1a: Rotom
|-damage|p1a: Rotom|19/100
|move|p1a: Rotom|Hydro Pump|p2a: Kyurem
|-resisted|p2a: Kyurem
|-damage|p2a: Kyurem|32/100
|
|-weather|RainDance|[upkeep]
|-heal|p1a: Rotom|25/100|[from] item: Leftovers
|upkeep
|turn|16
|
|t:|1736123778
|move|p2a: Kyurem|Ice Beam|p1a: Rotom
|-resisted|p1a: Rotom
|-damage|p1a: Rotom|0 fnt
|faint|p1a: Rotom
|
|-weather|RainDance|[upkeep]
|upkeep
|
|t:|1736123781
|switch|p1a: Terrakion|Terrakion|100/100
|-damage|p1a: Terrakion|94/100|[from] Stealth Rock
|turn|17
|
|t:|1736123791
|move|p1a: Terrakion|Close Combat|p2a: Kyurem
|-supereffective|p2a: Kyurem
|-damage|p2a: Kyurem|0 fnt
|-unboost|p1a: Terrakion|def|1
|-unboost|p1a: Terrakion|spd|1
|faint|p2a: Kyurem
|
|-weather|RainDance|[upkeep]
|upkeep
|
|t:|1736123797
|switch|p2a: Latios|Latios, M|100/100
|-damage|p2a: Latios|88/100|[from] Stealth Rock
|turn|18
|
|t:|1736123812
|move|p2a: Latios|Surf|p1a: Terrakion
|-supereffective|p1a: Terrakion
|-damage|p1a: Terrakion|0 fnt
|faint|p1a: Terrakion
|
|-weather|RainDance|[upkeep]
|upkeep
|
|t:|1736123813
|switch|p1a: Skarmory|Skarmory, F|100/100
|-damage|p1a: Skarmory|88/100|[from] Stealth Rock
|turn|19
|
|t:|1736123821
|switch|p2a: Magnezone|Magnezone|100/100
|-damage|p2a: Magnezone|94/100|[from] Stealth Rock
|move|p1a: Skarmory|Brave Bird|p2a: Magnezone
|-resisted|p2a: Magnezone
|-damage|p2a: Magnezone|85/100
|-damage|p1a: Skarmory|86/100|[from] Recoil
|
|-weather|RainDance|[upkeep]
|upkeep
|turn|20
|l|☆Steveman
|inactive|Steveman disconnected and has a minute to reconnect!
|player|p1|
|inactive|Steveman has 30 seconds to reconnect!
|inactive|Steveman has 20 seconds to reconnect!
|inactive|Steveman has 15 seconds to reconnect!
|inactive|Steveman has 10 seconds to reconnect!
|inactive|Steveman has 5 seconds to reconnect!
|j| Jessica133
|-message|Steveman lost due to inactivity.
|
|win|HydreigonSpammer
|raw|Steveman's rating: 1314 &rarr; <strong>1297</strong><br />(-17 for losing)
|raw|HydreigonSpammer's rating: 1364 &rarr; <strong>1381</strong><br />(+17 for winning)
