|j|☆affksl1
|j|☆el janitor
|t:|1707859638
|gametype|singles
|player|p1|affksl1|pokemaniac-gen3rs|1417
|player|p2|el janitor|170|1432
|teamsize|p1|6
|teamsize|p2|6
|gen|5
|tier|[Gen 5] OU
|rated|
|rule|Species Clause: Limit one of each Pokémon
|rule|OHKO Clause: OHKO moves are banned
|rule|Moody Clause: Moody is banned
|rule|Evasion Items Clause: Evasion items are banned
|rule|Evasion Moves Clause: Evasion moves are banned
|rule|Endless Battle Clause: Forcing endless battles is banned
|rule|HP Percentage Mod: HP is shown in percentages
|rule|Evasion Abilities Clause: Evasion abilities are banned
|rule|Sleep Moves Clause: Sleep-inducing moves are banned
|rule|Swagger Clause: Swagger is banned
|rule|Baton Pass Stat Clause: No Baton Passer may have a way to boost its stats
|clearpoke
|poke|p1|Garchomp, F|item
|poke|p1|Magnezone|item
|poke|p1|Dragonite, M|item
|poke|p1|Cloyster, F|item
|poke|p1|Starmie|item
|poke|p1|Jirachi|item
|poke|p2|Politoed, F|item
|poke|p2|Landorus-Therian, M|item
|poke|p2|Tentacruel, F|item
|poke|p2|Toxicroak, F|item
|poke|p2|Tornadus, M|item
|poke|p2|Ferrothorn, F|item
|teampreview
|inactive|Battle timer is ON: inactive players will automatically lose when time's up. (requested by el janitor)
|inactive|affksl1 also wants the timer to be on.
|
|t:|1707859647
|start
|switch|p1a: Jirachi|Jirachi|100/100
|switch|p2a: Politoed|Politoed, F|100/100
|-weather|RainDance|[from] ability: Drizzle|[of] p2a: Politoed
|turn|1
|
|t:|1707859655
|move|p2a: Politoed|Protect|p2a: Politoed
|-singleturn|p2a: Politoed|Protect
|move|p1a: Jirachi|Iron Head|p2a: Politoed
|-activate|p2a: Politoed|move: Protect
|
|-weather|RainDance|[upkeep]
|upkeep
|turn|2
|
|t:|1707859659
|move|p1a: Jirachi|Iron Head|p2a: Politoed
|-resisted|p2a: Politoed
|-damage|p2a: Politoed|88/100
|move|p2a: Politoed|Scald|p1a: Jirachi
|-damage|p1a: Jirachi|67/100
|
|-weather|RainDance|[upkeep]
|-heal|p2a: Politoed|94/100|[from] item: Leftovers
|upkeep
|turn|3
|j| MitsuhaKT2.0
|
|t:|1707859673
|switch|p1a: Magnezone|Magnezone|100/100
|-item|p1a: Magnezone|Air Balloon
|move|p2a: Politoed|Scald|p1a: Magnezone
|-damage|p1a: Magnezone|48/100
|-enditem|p1a: Magnezone|Air Balloon
|
|-weather|RainDance|[upkeep]
|-heal|p2a: Politoed|100/100|[from] item: Leftovers
|upkeep
|turn|4
|
|t:|1707859690
|switch|p2a: Landorus|Landorus-Therian, M|100/100
|-ability|p2a: Landorus|Intimidate|boost
|-unboost|p1a: Magnezone|atk|1
|move|p1a: Magnezone|Sunny Day|p1a: Magnezone
|-weather|SunnyDay
|
|-weather|SunnyDay|[upkeep]
|upkeep
|turn|5
|
|t:|1707859699
|switch|p1a: Jirachi|Jirachi|67/100
|move|p2a: Landorus|Earthquake|p1a: Jirachi
|-supereffective|p1a: Jirachi
|-damage|p1a: Jirachi|0 fnt
|faint|p1a: Jirachi
|
|-weather|SunnyDay|[upkeep]
|upkeep
|
|t:|1707859703
|switch|p1a: Dragonite|Dragonite, M|100/100
|turn|6
|
|t:|1707859708
|switch|p2a: Politoed|Politoed, F|100/100
|-weather|RainDance|[from] ability: Drizzle|[of] p2a: Politoed
|move|p1a: Dragonite|Dragon Dance|p1a: Dragonite
|-boost|p1a: Dragonite|atk|1
|-boost|p1a: Dragonite|spe|1
|
|-weather|RainDance|[upkeep]
|upkeep
|turn|7
|
|t:|1707859713
|move|p1a: Dragonite|Dragon Dance|p1a: Dragonite
|-boost|p1a: Dragonite|atk|1
|-boost|p1a: Dragonite|spe|1
|move|p2a: Politoed|Encore|p1a: Dragonite
|-start|p1a: Dragonite|Encore
|
|-weather|RainDance|[upkeep]
|upkeep
|turn|8
|
|t:|1707859722
|move|p1a: Dragonite|Dragon Dance|p1a: Dragonite
|-boost|p1a: Dragonite|atk|1
|-boost|p1a: Dragonite|spe|1
|move|p2a: Politoed|Toxic|p1a: Dragonite
|-status|p1a: Dragonite|tox
|-enditem|p1a: Dragonite|Lum Berry|[eat]
|-curestatus|p1a: Dragonite|tox|[msg]
|
|-weather|RainDance|[upkeep]
|upkeep
|turn|9
|
|t:|1707859726
|move|p1a: Dragonite|Dragon Dance|p1a: Dragonite
|-boost|p1a: Dragonite|atk|1
|-boost|p1a: Dragonite|spe|1
|move|p2a: Politoed|Toxic|p1a: Dragonite
|-status|p1a: Dragonite|tox
|
|-weather|RainDance|[upkeep]
|-damage|p1a: Dragonite|94/100 tox|[from] psn
|upkeep
|turn|10
|
|t:|1707859730
|move|p1a: Dragonite|Dragon Dance|p1a: Dragonite
|-boost|p1a: Dragonite|atk|1
|-boost|p1a: Dragonite|spe|1
|move|p2a: Politoed|Scald|p1a: Dragonite
|-resisted|p1a: Dragonite
|-damage|p1a: Dragonite|75/100 tox
|
|-weather|RainDance|[upkeep]
|-damage|p1a: Dragonite|63/100 tox|[from] psn
|-end|p1a: Dragonite|Encore
|upkeep
|turn|11
|
|t:|1707859738
|move|p2a: Politoed|Protect|p2a: Politoed
|-singleturn|p2a: Politoed|Protect
|move|p1a: Dragonite|Outrage|p2a: Politoed
|-activate|p2a: Politoed|move: Protect
|
|-weather|RainDance|[upkeep]
|-damage|p1a: Dragonite|44/100 tox|[from] psn
|upkeep
|turn|12
|
|t:|1707859742
|switch|p2a: Ferrothorn|Ferrothorn, F|100/100
|move|p1a: Dragonite|Earthquake|p2a: Ferrothorn
|-crit|p2a: Ferrothorn
|-damage|p2a: Ferrothorn|0 fnt
|faint|p2a: Ferrothorn
|
|-weather|RainDance|[upkeep]
|-damage|p1a: Dragonite|19/100 tox|[from] psn
|upkeep
|
|t:|1707859751
|switch|p2a: Tentacruel|Tentacruel, F|100/100
|turn|13
|
|t:|1707859755
|switch|p1a: Garchomp|Garchomp, F|100/100
|move|p2a: Tentacruel|Protect||[still]
|-fail|p2a: Tentacruel
|
|-weather|RainDance|[upkeep]
|upkeep
|turn|14
|
|t:|1707859764
|switch|p2a: Landorus|Landorus-Therian, M|100/100
|-ability|p2a: Landorus|Intimidate|boost
|-unboost|p1a: Garchomp|atk|1
|move|p1a: Garchomp|Earthquake|p2a: Landorus
|-immune|p2a: Landorus
|
|-weather|RainDance|[upkeep]
|upkeep
|turn|15
|
|t:|1707859769
|switch|p1a: Starmie|Starmie|100/100
|-item|p1a: Starmie|Air Balloon
|move|p2a: Landorus|U-turn|p1a: Starmie
|-supereffective|p1a: Starmie
|-damage|p1a: Starmie|28/100
|-enditem|p1a: Starmie|Air Balloon
|
|t:|1707859772
|switch|p2a: Toxicroak|Toxicroak, F|100/100|[from] U-turn
|
|-weather|RainDance|[upkeep]
|upkeep
|turn|16
|
|t:|1707859776
|move|p2a: Toxicroak|Sucker Punch|p1a: Starmie
|-supereffective|p1a: Starmie
|-damage|p1a: Starmie|0 fnt
|faint|p1a: Starmie
|-damage|p2a: Toxicroak|91/100|[from] item: Life Orb
|
|-weather|RainDance|[upkeep]
|-heal|p2a: Toxicroak|100/100|[from] ability: Dry Skin
|upkeep
|
|t:|1707859782
|switch|p1a: Garchomp|Garchomp, F|100/100
|turn|17
|
|t:|1707859787
|switch|p2a: Landorus|Landorus-Therian, M|100/100
|-ability|p2a: Landorus|Intimidate|boost
|-unboost|p1a: Garchomp|atk|1
|move|p1a: Garchomp|Stealth Rock|p2a: Landorus
|-sidestart|p2: el janitor|move: Stealth Rock
|
|-weather|RainDance|[upkeep]
|upkeep
|turn|18
|
|t:|1707859791
|move|p2a: Landorus|Earthquake|p1a: Garchomp
|-damage|p1a: Garchomp|50/100
|move|p1a: Garchomp|Swords Dance|p1a: Garchomp
|-boost|p1a: Garchomp|atk|2
|
|-weather|RainDance|[upkeep]
|upkeep
|turn|19
|
|t:|1707859796
|switch|p1a: Dragonite|Dragonite, M|19/100 tox
|move|p2a: Landorus|Earthquake|p1a: Dragonite
|-immune|p1a: Dragonite
|
|-weather|RainDance|[upkeep]
|-damage|p1a: Dragonite|13/100 tox|[from] psn
|upkeep
|turn|20
|
|t:|1707859802
|switch|p2a: Politoed|Politoed, F|100/100
|-damage|p2a: Politoed|88/100|[from] Stealth Rock
|move|p1a: Dragonite|Outrage|p2a: Politoed
|-damage|p2a: Politoed|36/100
|
|-weather|RainDance|[upkeep]
|-heal|p2a: Politoed|43/100|[from] item: Leftovers
|-damage|p1a: Dragonite|1/100 tox|[from] psn
|upkeep
|turn|21
|
|t:|1707859805
|move|p2a: Politoed|Protect|p2a: Politoed
|-singleturn|p2a: Politoed|Protect
|move|p1a: Dragonite|Outrage|p2a: Politoed|[from]lockedmove
|-activate|p2a: Politoed|move: Protect
|
|-weather|RainDance|[upkeep]
|-heal|p2a: Politoed|49/100|[from] item: Leftovers
|-damage|p1a: Dragonite|0 fnt|[from] psn
|faint|p1a: Dragonite
|upkeep
|
|t:|1707859812
|switch|p1a: Magnezone|Magnezone|48/100
|turn|22
|
|t:|1707859820
|switch|p2a: Landorus|Landorus-Therian, M|100/100
|-damage|p2a: Landorus|88/100|[from] Stealth Rock
|-ability|p2a: Landorus|Intimidate|boost
|-unboost|p1a: Magnezone|atk|1
|move|p1a: Magnezone|Magnet Rise|p1a: Magnezone
|-start|p1a: Magnezone|Magnet Rise
|
|-weather|RainDance|[upkeep]
|upkeep
|turn|23
|
|t:|1707859846
|switch|p2a: Politoed|Politoed, F|49/100
|-damage|p2a: Politoed|36/100|[from] Stealth Rock
|move|p1a: Magnezone|Sunny Day|p1a: Magnezone
|-weather|SunnyDay
|
|-weather|SunnyDay|[upkeep]
|-heal|p2a: Politoed|43/100|[from] item: Leftovers
|upkeep
|turn|24
|
|t:|1707859858
|switch|p2a: Tornadus|Tornadus, M|100/100
|-damage|p2a: Tornadus|76/100|[from] Stealth Rock
|move|p1a: Magnezone|Thunderbolt|p2a: Tornadus
|-supereffective|p2a: Tornadus
|-damage|p2a: Tornadus|0 fnt
|faint|p2a: Tornadus
|
|-weather|SunnyDay|[upkeep]
|upkeep
|
|t:|1707859859
|switch|p2a: Politoed|Politoed, F|43/100
|-damage|p2a: Politoed|30/100|[from] Stealth Rock
|-weather|RainDance|[from] ability: Drizzle|[of] p2a: Politoed
|turn|25
|
|t:|1707859862
|move|p1a: Magnezone|Sunny Day|p1a: Magnezone
|-weather|SunnyDay
|move|p2a: Politoed|Scald|p1a: Magnezone
|-damage|p1a: Magnezone|32/100
|
|-weather|SunnyDay|[upkeep]
|-heal|p2a: Politoed|36/100|[from] item: Leftovers
|upkeep
|turn|26
|
|t:|1707859880
|switch|p2a: Toxicroak|Toxicroak, F|100/100
|-damage|p2a: Toxicroak|94/100|[from] Stealth Rock
|move|p1a: Magnezone|Hidden Power|p2a: Toxicroak
|-damage|p2a: Toxicroak|23/100
|
|-weather|SunnyDay|[upkeep]
|-damage|p2a: Toxicroak|11/100|[from] ability: Dry Skin|[of] p2a: Toxicroak
|-end|p1a: Magnezone|Magnet Rise
|upkeep
|turn|27
|
|t:|1707859893
|switch|p1a: Garchomp|Garchomp, F|50/100
|-singleturn|p2a: Toxicroak|move: Focus Punch
|move|p2a: Toxicroak|Focus Punch|p1a: Garchomp
|-damage|p1a: Garchomp|0 fnt
|-damage|p2a: Toxicroak|0 fnt|[from] ability: Rough Skin|[of] p1a: Garchomp
|faint|p2a: Toxicroak
|faint|p1a: Garchomp
|
|-weather|SunnyDay|[upkeep]
|upkeep
|
|t:|1707859907
|switch|p1a: Cloyster|Cloyster, F|100/100
|switch|p2a: Politoed|Politoed, F|36/100
|-damage|p2a: Politoed|24/100|[from] Stealth Rock
|-weather|RainDance|[from] ability: Drizzle|[of] p2a: Politoed
|turn|28
|
|t:|1707859922
|move|p1a: Cloyster|Shell Smash|p1a: Cloyster
|-unboost|p1a: Cloyster|def|1
|-unboost|p1a: Cloyster|spd|1
|-boost|p1a: Cloyster|atk|2
|-boost|p1a: Cloyster|spa|2
|-boost|p1a: Cloyster|spe|2
|move|p2a: Politoed|Encore|p1a: Cloyster
|-start|p1a: Cloyster|Encore
|
|-weather|RainDance|[upkeep]
|-heal|p2a: Politoed|30/100|[from] item: Leftovers
|upkeep
|turn|29
|
|t:|1707859925
|switch|p1a: Magnezone|Magnezone|32/100
|move|p2a: Politoed|Scald|p1a: Magnezone
|-damage|p1a: Magnezone|0 fnt
|faint|p1a: Magnezone
|
|-weather|RainDance|[upkeep]
|-heal|p2a: Politoed|36/100|[from] item: Leftovers
|upkeep
|
|t:|1707859928
|switch|p1a: Cloyster|Cloyster, F|100/100
|turn|30
|
|t:|1707859932
|move|p1a: Cloyster|Rock Blast|p2a: Politoed
|-damage|p2a: Politoed|31/100
|-damage|p2a: Politoed|25/100
|-damage|p2a: Politoed|19/100
|-damage|p2a: Politoed|13/100
|-damage|p2a: Politoed|6/100
|-hitcount|p2a: Politoed|5
|move|p2a: Politoed|Encore|p1a: Cloyster
|-start|p1a: Cloyster|Encore
|
|-weather|RainDance|[upkeep]
|-heal|p2a: Politoed|12/100|[from] item: Leftovers
|upkeep
|turn|31
|
|t:|1707859937
|move|p2a: Politoed|Protect|p2a: Politoed
|-singleturn|p2a: Politoed|Protect
|move|p1a: Cloyster|Rock Blast|p2a: Politoed
|-activate|p2a: Politoed|move: Protect
|
|-weather|RainDance|[upkeep]
|-heal|p2a: Politoed|19/100|[from] item: Leftovers
|upkeep
|turn|32
|
|t:|1707859940
|switch|p2a: Landorus|Landorus-Therian, M|88/100
|-damage|p2a: Landorus|76/100|[from] Stealth Rock
|-ability|p2a: Landorus|Intimidate|boost
|-unboost|p1a: Cloyster|atk|1
|move|p1a: Cloyster|Rock Blast|p2a: Landorus
|-damage|p2a: Landorus|70/100
|-damage|p2a: Landorus|65/100
|-damage|p2a: Landorus|59/100
|-crit|p2a: Landorus
|-damage|p2a: Landorus|41/100
|-damage|p2a: Landorus|36/100
|-hitcount|p2a: Landorus|5
|
|-weather|RainDance|[upkeep]
|upkeep
|turn|33
|
|t:|1707859942
|move|p2a: Landorus|Explosion|p1a: Cloyster
|-damage|p1a: Cloyster|27/100
|faint|p2a: Landorus
|move|p1a: Cloyster|Rock Blast|p2: Landorus|[notarget]
|-fail|p1a: Cloyster
|
|-weather|RainDance|[upkeep]
|-end|p1a: Cloyster|Encore
|upkeep
|
|t:|1707859944
|switch|p2a: Tentacruel|Tentacruel, F|100/100
|-damage|p2a: Tentacruel|88/100|[from] Stealth Rock
|turn|34
|
|t:|1707859949
|move|p2a: Tentacruel|Scald|p1a: Cloyster
|-resisted|p1a: Cloyster
|-crit|p1a: Cloyster
|-damage|p1a: Cloyster|0 fnt
|faint|p1a: Cloyster
|
|win|el janitor
|raw|affksl1's rating: 1417 &rarr; <strong>1398</strong><br />(-19 for losing)
|raw|el janitor's rating: 1432 &rarr; <strong>1451</strong><br />(+19 for winning)
|l|☆affksl1
|player|p1|
|c|☆el janitor|gg
|l| MitsuhaKT2.0
