|uhtml|medal-msg|<div class="broadcast-blue">Curious what those medals under the avatar are? PS now has Ladder Seasons! For more information, check out the <a href="https://www.smogon.com/forums/threads/3740067/">thread on Smogon.</a></div>
|uhtml|medal-msg|<div class="broadcast-blue">Curious what those medals under the avatar are? PS now has Ladder Seasons! For more information, check out the <a href="https://www.smogon.com/forums/threads/3740067/">thread on Smogon.</a></div>
|j|☆Talt29
|j|☆Re Heated Oven
|t:|1712818530
|gametype|singles
|player|p1|Talt29|lucas|1428
|player|p2|Re Heated Oven|steven|1336
|teamsize|p1|6
|teamsize|p2|6
|gen|5
|tier|[Gen 5] OU
|rated|
|rule|Species Clause: Limit one of each Pokémon
|rule|OHKO Clause: OHKO moves are banned
|rule|Moody Clause: Moody is banned
|rule|Evasion Items Clause: Evasion items are banned
|rule|Evasion Moves Clause: Evasion moves are banned
|rule|Endless Battle Clause: Forcing endless battles is banned
|rule|HP Percentage Mod: HP is shown in percentages
|rule|Evasion Abilities Clause: Evasion abilities are banned
|rule|Sleep Moves Clause: Sleep-inducing moves are banned
|rule|Swagger Clause: Swagger is banned
|rule|Baton Pass Stat Clause: No Baton Passer may have a way to boost its stats
|clearpoke
|poke|p1|Aerodactyl, M|item
|poke|p1|Dragonite, M|item
|poke|p1|Starmie|item
|poke|p1|Scizor, M|item
|poke|p1|Latios, M|item
|poke|p1|Cloyster, F|item
|poke|p2|Aerodactyl, M|item
|poke|p2|Dragonite, M|item
|poke|p2|Starmie|item
|poke|p2|Lucario, M|item
|poke|p2|Conkeldurr, M|item
|poke|p2|Cloyster, F|item
|teampreview
|inactive|Battle timer is ON: inactive players will automatically lose when time's up. (requested by Re Heated Oven)
|c|☆Talt29|Lll
|c|☆Talt29|Lol gl
|c|☆Re Heated Oven|Gl
|c|☆Re Heated Oven|Lol
|
|t:|1712818549
|start
|switch|p1a: Cloyster|Cloyster, F|100/100
|switch|p2a: Aerodactyl|Aerodactyl, M|100/100
|turn|1
|
|t:|1712818562
|move|p2a: Aerodactyl|Taunt|p1a: Cloyster
|-start|p1a: Cloyster|move: Taunt
|move|p1a: Cloyster|Icicle Spear|p2a: Aerodactyl
|-supereffective|p2a: Aerodactyl
|-damage|p2a: Aerodactyl|68/100
|-supereffective|p2a: Aerodactyl
|-damage|p2a: Aerodactyl|31/100
|-supereffective|p2a: Aerodactyl
|-damage|p2a: Aerodactyl|0 fnt
|faint|p2a: Aerodactyl
|-hitcount|p2: Aerodactyl|3
|
|upkeep
|
|t:|1712818566
|switch|p2a: Cloyster|Cloyster, F|100/100
|turn|2
|
|t:|1712818572
|move|p1a: Cloyster|Rock Blast|p2a: Cloyster
|-supereffective|p2a: Cloyster
|-damage|p2a: Cloyster|91/100
|-supereffective|p2a: Cloyster
|-damage|p2a: Cloyster|81/100
|-supereffective|p2a: Cloyster
|-damage|p2a: Cloyster|72/100
|-supereffective|p2a: Cloyster
|-damage|p2a: Cloyster|62/100
|-supereffective|p2a: Cloyster
|-damage|p2a: Cloyster|51/100
|-hitcount|p2a: Cloyster|5
|move|p2a: Cloyster|Shell Smash|p2a: Cloyster
|-unboost|p2a: Cloyster|def|1
|-unboost|p2a: Cloyster|spd|1
|-boost|p2a: Cloyster|atk|2
|-boost|p2a: Cloyster|spa|2
|-boost|p2a: Cloyster|spe|2
|
|upkeep
|turn|3
|inactive|Talt29 has 120 seconds left.
|
|t:|1712818615
|move|p1a: Cloyster|Ice Shard|p2a: Cloyster
|-resisted|p2a: Cloyster
|-damage|p2a: Cloyster|46/100
|move|p2a: Cloyster|Rock Blast|p1a: Cloyster
|-supereffective|p1a: Cloyster
|-damage|p1a: Cloyster|79/100
|-supereffective|p1a: Cloyster
|-damage|p1a: Cloyster|58/100
|-supereffective|p1a: Cloyster
|-damage|p1a: Cloyster|37/100
|-supereffective|p1a: Cloyster
|-damage|p1a: Cloyster|16/100
|-supereffective|p1a: Cloyster
|-damage|p1a: Cloyster|0 fnt
|faint|p1a: Cloyster
|-hitcount|p1: Cloyster|5
|
|upkeep
|
|t:|1712818618
|switch|p1a: Scizor|Scizor, M|100/100
|turn|4
|
|t:|1712818633
|move|p1a: Scizor|Bullet Punch|p2a: Cloyster
|-damage|p2a: Cloyster|0 fnt
|faint|p2a: Cloyster
|-damage|p1a: Scizor|91/100|[from] item: Life Orb
|
|upkeep
|
|t:|1712818640
|switch|p2a: Conkeldurr|Conkeldurr, M|100/100
|turn|5
|inactive|Talt29 has 120 seconds left.
|
|t:|1712818665
|move|p1a: Scizor|Swords Dance|p1a: Scizor
|-boost|p1a: Scizor|atk|2
|move|p2a: Conkeldurr|Drain Punch|p1a: Scizor
|-damage|p1a: Scizor|36/100
|
|upkeep
|turn|6
|inactive|Talt29 has 120 seconds left.
|
|t:|1712818682
|move|p1a: Scizor|Superpower|p2a: Conkeldurr
|-damage|p2a: Conkeldurr|0 fnt
|-unboost|p1a: Scizor|atk|1
|-unboost|p1a: Scizor|def|1
|faint|p2a: Conkeldurr
|-damage|p1a: Scizor|27/100|[from] item: Life Orb
|
|upkeep
|
|t:|1712818690
|switch|p2a: Dragonite|Dragonite, M|100/100
|turn|7
|
|t:|1712818693
|move|p1a: Scizor|Bullet Punch|p2a: Dragonite
|-damage|p2a: Dragonite|63/100
|-damage|p1a: Scizor|17/100|[from] item: Life Orb
|move|p2a: Dragonite|Dragon Dance|p2a: Dragonite
|-boost|p2a: Dragonite|atk|1
|-boost|p2a: Dragonite|spe|1
|
|-heal|p2a: Dragonite|69/100|[from] item: Leftovers
|upkeep
|turn|8
|
|t:|1712818699
|move|p2a: Dragonite|Extreme Speed|p1a: Scizor
|-resisted|p1a: Scizor
|-damage|p1a: Scizor|0 fnt
|faint|p1a: Scizor
|
|-heal|p2a: Dragonite|75/100|[from] item: Leftovers
|upkeep
|inactive|Talt29 has 120 seconds left.
|
|t:|1712818739
|switch|p1a: Latios|Latios, M|100/100
|turn|9
|
|t:|1712818745
|move|p2a: Dragonite|Outrage|p1a: Latios
|-supereffective|p1a: Latios
|-damage|p1a: Latios|0 fnt
|faint|p1a: Latios
|
|-heal|p2a: Dragonite|81/100|[from] item: Leftovers
|upkeep
|
|t:|1712818747
|switch|p1a: Aerodactyl|Aerodactyl, M|100/100
|turn|10
|
|t:|1712818750
|move|p1a: Aerodactyl|Double-Edge|p2a: Dragonite
|-damage|p2a: Dragonite|45/100
|move|p2a: Dragonite|Outrage|p1a: Aerodactyl|[from]lockedmove
|-crit|p1a: Aerodactyl
|-enditem|p1a: Aerodactyl|Focus Sash
|-damage|p1a: Aerodactyl|1/100
|-start|p2a: Dragonite|confusion|[fatigue]
|
|-heal|p2a: Dragonite|51/100|[from] item: Leftovers
|upkeep
|turn|11
|
|t:|1712818758
|-activate|p2a: Dragonite|confusion
|move|p2a: Dragonite|Extreme Speed|p1a: Aerodactyl
|-resisted|p1a: Aerodactyl
|-damage|p1a: Aerodactyl|0 fnt
|faint|p1a: Aerodactyl
|
|-heal|p2a: Dragonite|57/100|[from] item: Leftovers
|upkeep
|
|t:|1712818760
|switch|p1a: Dragonite|Dragonite, M|100/100
|turn|12
|
|t:|1712818767
|-end|p2a: Dragonite|confusion
|move|p2a: Dragonite|Outrage|p1a: Dragonite
|-supereffective|p1a: Dragonite
|-damage|p1a: Dragonite|0 fnt
|faint|p1a: Dragonite
|
|-heal|p2a: Dragonite|64/100|[from] item: Leftovers
|upkeep
|c|☆Talt29|Gg
|-message|Talt29 forfeited.
|
|win|Re Heated Oven
|raw|Talt29's rating: 1428 &rarr; <strong>1403</strong><br />(-25 for losing)
|raw|Re Heated Oven's rating: 1336 &rarr; <strong>1361</strong><br />(+25 for winning)
|l|☆Talt29
|player|p1|
|c|☆Re Heated Oven|GG
