|j|Gaeoa
|j|Dragon Lords6
|player|p1|Gaeoa|266
|player|p2|Dragon Lords6|53
|gametype|singles
|gen|5
|tier|[Gen 5] OU
|rated
|seed|10127,39863,57683,852
|rule|Evasion Abilities Clause: Evasion abilities are banned
|rule|Baton Pass Clause: Limit one Baton Passer, can't pass Spe and other stats simultaneously
|rule|Swagger Clause: Swagger is banned
|clearpoke
|poke|p1|Heracross, F|item
|poke|p1|Terrakion|item
|poke|p1|Latios, M|item
|poke|p1|Espeon, M|item
|poke|p1|Scizor, F|item
|poke|p1|Rotom-Wash|item
|poke|p2|Alakazam, M|item
|poke|p2|Garchomp, M|item
|poke|p2|Ferrothorn, F|item
|poke|p2|Landorus-Therian, M|item
|poke|p2|Latios, M|item
|poke|p2|Tyranitar, F|item
|rule|Sleep Clause Mod: Limit one foe put to sleep
|rule|Species Clause: Limit one of each Pokémon
|rule|OHKO Clause: OHKO moves are banned
|rule|Moody Clause: Moody is banned
|rule|Evasion Moves Clause: Evasion moves are banned
|rule|Endless Battle Clause: Forcing endless battles is banned
|rule|HP Percentage Mod: HP is shown in percentages
|teampreview
|choice|team 4, team 2, team 3, team 1, team 5, team 6|team 4, team 2, team 3, team 1, team 5, team 6
|
|start
|switch|p1a: Espeon|Espeon, M|334/334
|switch|p2a: Landorus|Landorus-Therian, M|319/319
|-ability|p2a: Landorus|Intimidate|boost
|-unboost|p1a: Espeon|atk|1
|turn|1
|choice|move reflect|move uturn
|
|move|p1a: Espeon|Reflect|p1a: Espeon
|-sidestart|p1: Gaeoa|Reflect
|move|p2a: Landorus|U-turn|p1a: Espeon
|-supereffective|p1a: Espeon
|-damage|p1a: Espeon|203/334
|choice||switch 4
|
|switch|p2a: Alakazam|Alakazam, M|252/252
|
|upkeep
|turn|2
|choice|switch 5|move shadowball
|
|switch|p1a: Scizor|Scizor, F|343/343
|move|p2a: Alakazam|Shadow Ball|p1a: Scizor
|-resisted|p1a: Scizor
|-damage|p1a: Scizor|281/343
|
|upkeep
|turn|3
|choice|move pursuit|switch 4
|
|-activate|p2a: Alakazam|move: Pursuit
|move|p1a: Scizor|Pursuit|p2a: Alakazam|[from]Pursuit
|-supereffective|p2a: Alakazam
|-enditem|p2a: Alakazam|Focus Sash
|-damage|p2a: Alakazam|1/252
|switch|p2a: Landorus|Landorus-Therian, M|319/319
|-ability|p2a: Landorus|Intimidate|boost
|-unboost|p1a: Scizor|atk|1
|
|upkeep
|turn|4
|choice|switch 6|move uturn
|
|switch|p1a: Rotom|Rotom-Wash|303/303
|move|p2a: Landorus|U-turn|p1a: Rotom
|-damage|p1a: Rotom|260/303
|choice||switch 5
|
|switch|p2a: Latios|Latios, M|301/301
|
|upkeep
|turn|5
|choice|switch 6|move dracometeor
|
|switch|p1a: Scizor|Scizor, F|281/343
|move|p2a: Latios|Draco Meteor|p1a: Scizor
|-resisted|p1a: Scizor
|-damage|p1a: Scizor|56/343
|-unboost|p2a: Latios|spa|2
|
|-sideend|p1: Gaeoa|Reflect
|upkeep
|turn|6
|choice|move bulletpunch|switch 3
|
|switch|p2a: Ferrothorn|Ferrothorn, F|351/351
|move|p1a: Scizor|Bullet Punch|p2a: Ferrothorn
|-resisted|p2a: Ferrothorn
|-damage|p2a: Ferrothorn|288/351
|-damage|p1a: Scizor|14/343|[from] ability: Iron Barbs|[of] p2a: Ferrothorn
|
|-heal|p2a: Ferrothorn|309/351|[from] item: Leftovers
|upkeep
|turn|7
|choice|switch 5|move powerwhip
|
|switch|p1a: Espeon|Espeon, M|203/334
|move|p2a: Ferrothorn|Power Whip|p1a: Espeon
|-damage|p1a: Espeon|13/334
|
|-heal|p2a: Ferrothorn|330/351|[from] item: Leftovers
|upkeep
|turn|8
|choice|move lightscreen|switch 6
|
|switch|p2a: Tyranitar|Tyranitar, F|341/341
|-weather|Sandstorm|[from] ability: Sand Stream|[of] p2a: Tyranitar
|move|p1a: Espeon|Light Screen|p1a: Espeon
|-sidestart|p1: Gaeoa|move: Light Screen
|
|-weather|Sandstorm|[upkeep]
|-damage|p1a: Espeon|0 fnt|[from] sandstorm
|upkeep
|faint|p1a: Espeon
|choice|switch 2|
|
|switch|p1a: Terrakion|Terrakion|323/323
|turn|9
|j|jackgiannis
|choice|move stoneedge|switch 5
|
|switch|p2a: Landorus|Landorus-Therian, M|319/319
|-ability|p2a: Landorus|Intimidate|boost
|-unboost|p1a: Terrakion|atk|1
|move|p1a: Terrakion|Stone Edge|p2a: Landorus|[miss]
|-miss|p1a: Terrakion|p2a: Landorus
|
|-weather|Sandstorm|[upkeep]
|upkeep
|turn|10
|choice|move stoneedge|move uturn
|
|move|p1a: Terrakion|Stone Edge|p2a: Landorus
|-damage|p2a: Landorus|133/319
|move|p2a: Landorus|U-turn|p1a: Terrakion
|-resisted|p1a: Terrakion
|-damage|p1a: Terrakion|276/323
|choice||switch 6
|
|switch|p2a: Ferrothorn|Ferrothorn, F|330/351
|
|-weather|Sandstorm|[upkeep]
|-heal|p2a: Ferrothorn|351/351|[from] item: Leftovers
|upkeep
|turn|11
|choice|switch 5|move spikes
|
|switch|p1a: Scizor|Scizor, F|14/343
|move|p2a: Ferrothorn|Spikes|p1a: Scizor
|-sidestart|p1: Gaeoa|Spikes
|
|-weather|Sandstorm|[upkeep]
|upkeep
|turn|12
|l|jackgiannis
|choice|move uturn|switch 6
|
|switch|p2a: Landorus|Landorus-Therian, M|133/319
|-ability|p2a: Landorus|Intimidate|boost
|-unboost|p1a: Scizor|atk|1
|move|p1a: Scizor|U-turn|p2a: Landorus
|-resisted|p2a: Landorus
|-damage|p2a: Landorus|56/319
|choice|switch 4|
|
|switch|p1a: Heracross|Heracross, F|301/301
|-damage|p1a: Heracross|264/301|[from] Spikes
|
|-weather|Sandstorm|[upkeep]
|-damage|p1a: Heracross|246/301|[from] sandstorm
|-heal|p2a: Landorus|75/319|[from] item: Leftovers
|-sideend|p1: Gaeoa|move: Light Screen
|upkeep
|turn|13
|choice|move closecombat|switch 3
|
|switch|p2a: Latios|Latios, M|301/301
|move|p1a: Heracross|Close Combat|p2a: Latios
|-resisted|p2a: Latios
|-damage|p2a: Latios|180/301
|-unboost|p1a: Heracross|def|1
|-unboost|p1a: Heracross|spd|1
|
|-weather|Sandstorm|[upkeep]
|-damage|p1a: Heracross|228/301|[from] sandstorm
|-damage|p2a: Latios|162/301|[from] sandstorm
|upkeep
|turn|14
|choice|switch 4|switch 3
|
|switch|p1a: Scizor|Scizor, F|14/343
|-damage|p1a: Scizor|0 fnt|[from] Spikes
|faint|p1a: Scizor
|switch|p2a: Landorus|Landorus-Therian, M|75/319
|
|-weather|Sandstorm|[upkeep]
|-heal|p2a: Landorus|94/319|[from] item: Leftovers
|upkeep
|choice|switch 6|
|
|switch|p1a: Rotom|Rotom-Wash|260/303
|turn|15
|choice|move voltswitch|move uturn
|
|move|p2a: Landorus|U-turn|p1a: Rotom
|-damage|p1a: Rotom|171/303
|choice||switch 6
|
|switch|p2a: Ferrothorn|Ferrothorn, F|351/351
|move|p1a: Rotom|Volt Switch|p2a: Ferrothorn
|-resisted|p2a: Ferrothorn
|-crit|p2a: Ferrothorn
|-damage|p2a: Ferrothorn|218/351
|choice|switch 5|
|
|switch|p1a: Terrakion|Terrakion|276/323
|-damage|p1a: Terrakion|236/323|[from] Spikes
|
|-weather|Sandstorm|[upkeep]
|-heal|p2a: Ferrothorn|239/351|[from] item: Leftovers
|upkeep
|turn|16
|choice|move closecombat|switch 5
|
|switch|p2a: Tyranitar|Tyranitar, F|341/341
|move|p1a: Terrakion|Close Combat|p2a: Tyranitar
|-supereffective|p2a: Tyranitar
|-damage|p2a: Tyranitar|0 fnt
|-unboost|p1a: Terrakion|def|1
|-unboost|p1a: Terrakion|spd|1
|faint|p2a: Tyranitar
|
|-weather|Sandstorm|[upkeep]
|upkeep
|choice||switch 4
|
|switch|p2a: Alakazam|Alakazam, M|1/252
|turn|17
|choice|switch 3|move psychic
|
|switch|p1a: Latios|Latios, M|301/301
|move|p2a: Alakazam|Psychic|p1a: Latios
|-resisted|p1a: Latios
|-damage|p1a: Latios|232/301
|
|-weather|Sandstorm|[upkeep]
|-damage|p1a: Latios|214/301|[from] sandstorm
|upkeep
|turn|18
|choice|move surf|move shadowball
|
|move|p2a: Alakazam|Shadow Ball|p1a: Latios
|-supereffective|p1a: Latios
|-damage|p1a: Latios|38/301
|move|p1a: Latios|Surf|p2a: Alakazam
|-damage|p2a: Alakazam|0 fnt
|-damage|p1a: Latios|8/301|[from] item: Life Orb
|faint|p2a: Alakazam
|
|-weather|Sandstorm|[upkeep]
|-damage|p1a: Latios|0 fnt|[from] sandstorm
|upkeep
|faint|p1a: Latios
|choice|switch 4|switch 6
|
|switch|p2a: Landorus|Landorus-Therian, M|94/319
|switch|p1a: Heracross|Heracross, F|228/301
|-damage|p1a: Heracross|191/301|[from] Spikes
|-ability|p2a: Landorus|Intimidate|boost
|-unboost|p1a: Heracross|atk|1
|turn|19
|choice|switch 5|move uturn
|
|switch|p1a: Rotom|Rotom-Wash|171/303
|move|p2a: Landorus|U-turn|p1a: Rotom
|-damage|p1a: Rotom|88/303
|choice||switch 5
|
|switch|p2a: Ferrothorn|Ferrothorn, F|239/351
|
|-weather|Sandstorm|[upkeep]
|-damage|p1a: Rotom|70/303|[from] sandstorm
|-heal|p2a: Ferrothorn|260/351|[from] item: Leftovers
|upkeep
|turn|20
|choice|move trick|move thunderwave
|
|move|p1a: Rotom|Trick|p2a: Ferrothorn
|-activate|p1a: Rotom|move: Trick|[of] p2a: Ferrothorn
|-item|p2a: Ferrothorn|Choice Specs|[from] move: Trick
|-item|p1a: Rotom|Leftovers|[from] move: Trick
|move|p2a: Ferrothorn|Thunder Wave|p1a: Rotom
|-status|p1a: Rotom|par
|
|-weather|Sandstorm|[upkeep]
|-damage|p1a: Rotom|52/303 par|[from] sandstorm
|-heal|p1a: Rotom|70/303 par|[from] item: Leftovers
|upkeep
|turn|21
|choice|move thunderbolt|switch 5
|
|switch|p2a: Landorus|Landorus-Therian, M|94/319
|-ability|p2a: Landorus|Intimidate|boost
|-unboost|p1a: Rotom|atk|1
|move|p1a: Rotom|Thunderbolt|p2a: Landorus
|-immune|p2a: Landorus|[msg]
|
|-weather|Sandstorm|[upkeep]
|-damage|p1a: Rotom|52/303 par|[from] sandstorm
|-heal|p2a: Landorus|113/319|[from] item: Leftovers
|-heal|p1a: Rotom|70/303 par|[from] item: Leftovers
|upkeep
|turn|22
|choice|switch 5|move uturn
|
|switch|p1a: Heracross|Heracross, F|191/301
|-damage|p1a: Heracross|154/301|[from] Spikes
|move|p2a: Landorus|U-turn|p1a: Heracross
|-resisted|p1a: Heracross
|-damage|p1a: Heracross|96/301
|choice||switch 2
|
|switch|p2a: Garchomp|Garchomp, M|357/357
|
|-weather|Sandstorm|[upkeep]
|-damage|p1a: Heracross|78/301|[from] sandstorm
|upkeep
|turn|23
|choice|move closecombat|move outrage
|
|move|p2a: Garchomp|Outrage|p1a: Heracross
|-damage|p1a: Heracross|0 fnt
|faint|p1a: Heracross
|
|-weather|Sandstorm|[upkeep]
|upkeep
|choice|switch 3|
|
|switch|p1a: Terrakion|Terrakion|236/323
|-damage|p1a: Terrakion|196/323|[from] Spikes
|turn|24
|choice|move closecombat|move outrage
|
|move|p2a: Garchomp|Outrage|p1a: Terrakion|[from]lockedmove
|-damage|p1a: Terrakion|0 fnt
|faint|p1a: Terrakion
|
|-weather|Sandstorm|[upkeep]
|upkeep
|-message|Gaeoa forfeited.
|
|win|Dragon Lords6
|player|p1
|player|p2
|l|Gaeoa
|raw|Gaeoa's rating: 1332 &rarr; <strong>1316</strong><br />(-16 for losing)
|raw|Dragon Lords6's rating: 1403 &rarr; <strong>1419</strong><br />(+16 for winning)