|j|☆baixiaohen
|j|☆Viz_lz
|t:|1742376434
|gametype|singles
|player|p1|baixiaohen|steven|1410
|player|p2|Viz_lz|grimsley|1326
|teamsize|p1|6
|teamsize|p2|6
|gen|5
|tier|[Gen 5] OU
|rated|
|rule|Species Clause: Limit one of each Pokémon
|rule|OHKO Clause: OHKO moves are banned
|rule|Moody Clause: Moody is banned
|rule|Evasion Items Clause: Evasion items are banned
|rule|Evasion Moves Clause: Evasion moves are banned
|rule|Endless Battle Clause: Forcing endless battles is banned
|rule|HP Percentage Mod: HP is shown in percentages
|rule|Evasion Abilities Clause: Evasion abilities are banned
|rule|Sleep Moves Clause: Sleep-inducing moves are banned
|rule|Swagger Clause: Swagger is banned
|rule|Baton Pass Stat Clause: No Baton Passer may have a way to boost its stats
|clearpoke
|poke|p1|Jirachi|item
|poke|p1|Scizor, F|item
|poke|p1|Celebi|item
|poke|p1|Gyarados, M|item
|poke|p1|Heatran, F|item
|poke|p1|Starmie|item
|poke|p2|Jirachi|item
|poke|p2|Breloom, F|item
|poke|p2|Politoed, M|item
|poke|p2|Latios, M|item
|poke|p2|Tentacruel, M|item
|poke|p2|Thundurus-Therian, M|item
|teampreview
|inactive|Battle timer is ON: inactive players will automatically lose when time's up. (requested by baixiaohen)
|inactive|Viz_lz has 120 seconds left.
|
|t:|1742376495
|start
|switch|p1a: Jirachi|Jirachi, shiny|100/100
|switch|p2a: Politoed|Politoed, M|100/100
|-weather|RainDance|[from] ability: Drizzle|[of] p2a: Politoed
|turn|1
|
|t:|1742376498
|move|p1a: Jirachi|U-turn|p2a: Politoed
|-crit|p2a: Politoed
|-damage|p2a: Politoed|43/100
|
|t:|1742376501
|switch|p1a: Celebi|Celebi|100/100|[from] U-turn
|move|p2a: Politoed|Hydro Pump|p1a: Celebi
|-resisted|p1a: Celebi
|-damage|p1a: Celebi|65/100
|
|-weather|RainDance|[upkeep]
|-heal|p1a: Celebi|71/100|[from] item: Leftovers
|upkeep
|turn|2
|
|t:|1742376512
|switch|p2a: Jirachi|Jirachi|100/100
|move|p1a: Celebi|Thunder Wave|p2a: Jirachi
|-status|p2a: Jirachi|par
|
|-weather|RainDance|[upkeep]
|-heal|p1a: Celebi|77/100|[from] item: Leftovers
|upkeep
|turn|3
|
|t:|1742376523
|switch|p1a: Heatran|Heatran, F, shiny|100/100
|move|p2a: Jirachi|Stealth Rock|p1a: Heatran
|-sidestart|p1: baixiaohen|move: Stealth Rock
|
|-weather|RainDance|[upkeep]
|upkeep
|turn|4
|
|t:|1742376531
|move|p1a: Heatran|Stealth Rock|p2a: Jirachi
|-sidestart|p2: Viz_lz|move: Stealth Rock
|move|p2a: Jirachi|U-turn|p1a: Heatran
|-resisted|p1a: Heatran
|-damage|p1a: Heatran|98/100
|
|t:|1742376536
|switch|p2a: Breloom|Breloom, F|100/100|[from] U-turn
|-damage|p2a: Breloom|94/100|[from] Stealth Rock
|
|-weather|RainDance|[upkeep]
|-heal|p1a: Heatran|100/100|[from] item: Leftovers
|-status|p2a: Breloom|tox|[from] item: Toxic Orb
|upkeep
|turn|5
|
|t:|1742376555
|switch|p1a: Celebi|Celebi|77/100
|-damage|p1a: Celebi|65/100|[from] Stealth Rock
|move|p2a: Breloom|Substitute|p2a: Breloom
|-start|p2a: Breloom|Substitute
|-damage|p2a: Breloom|69/100 tox
|
|-weather|RainDance|[upkeep]
|-heal|p1a: Celebi|71/100|[from] item: Leftovers
|-heal|p2a: Breloom|82/100 tox|[from] ability: Poison Heal
|upkeep
|turn|6
|
|t:|1742376565
|move|p2a: Breloom|Protect|p2a: Breloom
|-singleturn|p2a: Breloom|Protect
|move|p1a: Celebi|Psychic|p2a: Breloom
|-activate|p2a: Breloom|move: Protect
|
|-weather|RainDance|[upkeep]
|-heal|p1a: Celebi|77/100|[from] item: Leftovers
|-heal|p2a: Breloom|94/100 tox|[from] ability: Poison Heal
|upkeep
|turn|7
|
|t:|1742376573
|-singleturn|p2a: Breloom|move: Focus Punch
|move|p1a: Celebi|Psychic|p2a: Breloom
|-supereffective|p2a: Breloom
|-end|p2a: Breloom|Substitute
|move|p2a: Breloom|Focus Punch|p1a: Celebi
|-resisted|p1a: Celebi
|-damage|p1a: Celebi|38/100
|
|-weather|RainDance|[upkeep]
|-heal|p1a: Celebi|45/100|[from] item: Leftovers
|-heal|p2a: Breloom|100/100 tox|[from] ability: Poison Heal
|upkeep
|turn|8
|
|t:|1742376582
|switch|p2a: Jirachi|Jirachi|100/100 par
|-damage|p2a: Jirachi|94/100 par|[from] Stealth Rock
|move|p1a: Celebi|Recover|p1a: Celebi
|-heal|p1a: Celebi|95/100
|
|-weather|RainDance|[upkeep]
|-heal|p1a: Celebi|100/100|[from] item: Leftovers
|-heal|p2a: Jirachi|100/100 par|[from] item: Leftovers
|upkeep
|turn|9
|
|t:|1742376597
|switch|p1a: Heatran|Heatran, F, shiny|100/100
|-damage|p1a: Heatran|88/100|[from] Stealth Rock
|move|p2a: Jirachi|Thunder|p1a: Heatran
|-damage|p1a: Heatran|65/100
|-status|p1a: Heatran|par
|
|-weather|RainDance|[upkeep]
|-heal|p1a: Heatran|71/100 par|[from] item: Leftovers
|upkeep
|turn|10
|
|t:|1742376618
|cant|p2a: Jirachi|par
|move|p1a: Heatran|Roar|p2a: Jirachi
|drag|p2a: Breloom|Breloom, F|100/100 tox
|-damage|p2a: Breloom|94/100 tox|[from] Stealth Rock
|
|-weather|RainDance|[upkeep]
|-heal|p1a: Heatran|77/100 par|[from] item: Leftovers
|-heal|p2a: Breloom|100/100 tox|[from] ability: Poison Heal
|upkeep
|turn|11
|
|t:|1742376623
|switch|p1a: Celebi|Celebi|100/100
|-damage|p1a: Celebi|88/100|[from] Stealth Rock
|-singleturn|p2a: Breloom|move: Focus Punch
|move|p2a: Breloom|Focus Punch|p1a: Celebi
|-resisted|p1a: Celebi
|-damage|p1a: Celebi|54/100
|
|-weather|RainDance|[upkeep]
|-heal|p1a: Celebi|60/100|[from] item: Leftovers
|upkeep
|turn|12
|
|t:|1742376640
|switch|p1a: Jirachi|Jirachi, shiny|100/100
|-damage|p1a: Jirachi|94/100|[from] Stealth Rock
|switch|p2a: Jirachi|Jirachi|100/100 par
|-damage|p2a: Jirachi|94/100 par|[from] Stealth Rock
|
|-weather|RainDance|[upkeep]
|-heal|p2a: Jirachi|100/100 par|[from] item: Leftovers
|upkeep
|turn|13
|
|t:|1742376649
|switch|p2a: Thundurus|Thundurus-Therian, M|100/100
|-damage|p2a: Thundurus|76/100|[from] Stealth Rock
|move|p1a: Jirachi|Trick|p2a: Thundurus
|-activate|p1a: Jirachi|move: Trick|[of] p2a: Thundurus
|-item|p2a: Thundurus|Choice Scarf|[from] move: Trick
|-item|p1a: Jirachi|Leftovers|[from] move: Trick
|
|-weather|RainDance|[upkeep]
|-heal|p1a: Jirachi|100/100|[from] item: Leftovers
|upkeep
|turn|14
|
|t:|1742376662
|move|p2a: Thundurus|Thunder|p1a: Jirachi
|-damage|p1a: Jirachi|32/100
|-status|p1a: Jirachi|par
|move|p1a: Jirachi|U-turn|p2a: Thundurus
|-resisted|p2a: Thundurus
|-damage|p2a: Thundurus|61/100
|
|t:|1742376669
|switch|p1a: Celebi|Celebi|60/100|[from] U-turn
|-damage|p1a: Celebi|48/100|[from] Stealth Rock
|
|-weather|RainDance|[upkeep]
|-heal|p1a: Celebi|54/100|[from] item: Leftovers
|upkeep
|turn|15
|
|t:|1742376678
|switch|p2a: Jirachi|Jirachi|100/100 par
|-damage|p2a: Jirachi|94/100 par|[from] Stealth Rock
|move|p1a: Celebi|Recover|p1a: Celebi
|-heal|p1a: Celebi|100/100
|
|-weather|RainDance|[upkeep]
|-heal|p2a: Jirachi|100/100 par|[from] item: Leftovers
|upkeep
|turn|16
|j| Dralko
|
|t:|1742376706
|switch|p1a: Heatran|Heatran, F, shiny|77/100 par
|-damage|p1a: Heatran|65/100 par|[from] Stealth Rock
|move|p2a: Jirachi|U-turn|p1a: Heatran
|-resisted|p1a: Heatran
|-crit|p1a: Heatran
|-damage|p1a: Heatran|60/100 par
|
|t:|1742376727
|switch|p2a: Tentacruel|Tentacruel, M|100/100|[from] U-turn
|-damage|p2a: Tentacruel|88/100|[from] Stealth Rock
|
|-weather|RainDance|[upkeep]
|-heal|p2a: Tentacruel|94/100|[from] ability: Rain Dish
|-heal|p2a: Tentacruel|99/100|[from] item: Black Sludge
|-heal|p1a: Heatran|66/100 par|[from] item: Leftovers
|upkeep
|turn|17
|
|t:|1742376734
|switch|p1a: Starmie|Starmie, shiny|100/100
|-damage|p1a: Starmie|88/100|[from] Stealth Rock
|move|p2a: Tentacruel|Rapid Spin|p1a: Starmie
|-damage|p1a: Starmie|83/100
|-sideend|p2: Viz_lz|Stealth Rock|[from] move: Rapid Spin|[of] p2a: Tentacruel
|
|-weather|RainDance|[upkeep]
|-heal|p2a: Tentacruel|100/100|[from] ability: Rain Dish
|upkeep
|turn|18
|
|t:|1742376746
|switch|p2a: Jirachi|Jirachi|100/100 par
|move|p1a: Starmie|Trick|p2a: Jirachi
|-activate|p1a: Starmie|move: Trick|[of] p2a: Jirachi
|-item|p2a: Jirachi|Choice Specs|[from] move: Trick
|-item|p1a: Starmie|Leftovers|[from] move: Trick
|
|-weather|RainDance|[upkeep]
|-heal|p1a: Starmie|89/100|[from] item: Leftovers
|upkeep
|turn|19
|inactive|baixiaohen has 120 seconds left.
|
|t:|1742376778
|move|p1a: Starmie|Rapid Spin|p2a: Jirachi
|-resisted|p2a: Jirachi
|-damage|p2a: Jirachi|99/100 par
|-sideend|p1: baixiaohen|Stealth Rock|[from] move: Rapid Spin|[of] p1a: Starmie
|move|p2a: Jirachi|Thunder|p1a: Starmie
|-supereffective|p1a: Starmie
|-crit|p1a: Starmie
|-damage|p1a: Starmie|0 fnt
|faint|p1a: Starmie
|
|-weather|RainDance|[upkeep]
|upkeep
|inactive|baixiaohen has 120 seconds left.
|
|t:|1742376785
|switch|p1a: Celebi|Celebi|100/100
|turn|20
|
|t:|1742376794
|switch|p2a: Tentacruel|Tentacruel, M|100/100
|move|p1a: Celebi|Psychic|p2a: Tentacruel
|-supereffective|p2a: Tentacruel
|-damage|p2a: Tentacruel|52/100
|
|-weather|RainDance|[upkeep]
|-heal|p2a: Tentacruel|58/100|[from] ability: Rain Dish
|-heal|p2a: Tentacruel|64/100|[from] item: Black Sludge
|upkeep
|turn|21
|
|t:|1742376803
|move|p2a: Tentacruel|Protect|p2a: Tentacruel
|-singleturn|p2a: Tentacruel|Protect
|move|p1a: Celebi|Psychic|p2a: Tentacruel
|-activate|p2a: Tentacruel|move: Protect
|
|-weather|RainDance|[upkeep]
|-heal|p2a: Tentacruel|70/100|[from] ability: Rain Dish
|-heal|p2a: Tentacruel|76/100|[from] item: Black Sludge
|upkeep
|turn|22
|
|t:|1742376814
|switch|p2a: Jirachi|Jirachi|99/100 par
|move|p1a: Celebi|Giga Drain|p2a: Jirachi
|-resisted|p2a: Jirachi
|-damage|p2a: Jirachi|92/100 par
|
|-weather|RainDance|[upkeep]
|upkeep
|turn|23
|
|t:|1742376836
|switch|p1a: Gyarados|Gyarados, M, shiny|100/100
|-ability|p1a: Gyarados|Intimidate|boost
|-unboost|p2a: Jirachi|atk|1
|move|p2a: Jirachi|Stealth Rock|p1a: Gyarados
|-sidestart|p1: baixiaohen|move: Stealth Rock
|
|-weather|RainDance|[upkeep]
|upkeep
|turn|24
|
|t:|1742376846
|switch|p2a: Politoed|Politoed, M|43/100
|move|p1a: Gyarados|Waterfall|p2a: Politoed
|-resisted|p2a: Politoed
|-damage|p2a: Politoed|0 fnt
|faint|p2a: Politoed
|
|-weather|RainDance|[upkeep]
|upkeep
|
|t:|1742376853
|switch|p2a: Jirachi|Jirachi|92/100 par
|turn|25
|
|t:|1742376857
|switch|p1a: Celebi|Celebi|100/100
|-damage|p1a: Celebi|88/100|[from] Stealth Rock
|move|p2a: Jirachi|Thunder|p1a: Celebi
|-resisted|p1a: Celebi
|-damage|p1a: Celebi|76/100
|-status|p1a: Celebi|par
|
|-weather|RainDance|[upkeep]
|-heal|p1a: Celebi|82/100 par|[from] item: Leftovers
|upkeep
|turn|26
|
|t:|1742376872
|switch|p2a: Tentacruel|Tentacruel, M|76/100
|move|p1a: Celebi|Thunder Wave|p2a: Tentacruel
|-status|p2a: Tentacruel|par
|
|-weather|RainDance|[upkeep]
|-heal|p2a: Tentacruel|82/100 par|[from] ability: Rain Dish
|-heal|p2a: Tentacruel|88/100 par|[from] item: Black Sludge
|-heal|p1a: Celebi|89/100 par|[from] item: Leftovers
|upkeep
|turn|27
|
|t:|1742376895
|switch|p2a: Jirachi|Jirachi|92/100 par
|-curestatus|p1a: Celebi|par|[from] ability: Natural Cure
|switch|p1a: Heatran|Heatran, F, shiny|66/100 par
|-damage|p1a: Heatran|54/100 par|[from] Stealth Rock
|
|-weather|RainDance|[upkeep]
|-heal|p1a: Heatran|60/100 par|[from] item: Leftovers
|upkeep
|turn|28
|
|t:|1742376902
|move|p2a: Jirachi|Iron Head|p1a: Heatran
|-resisted|p1a: Heatran
|-damage|p1a: Heatran|56/100 par
|cant|p1a: Heatran|flinch
|
|-weather|RainDance|[upkeep]
|-heal|p1a: Heatran|62/100 par|[from] item: Leftovers
|upkeep
|turn|29
|
|t:|1742376915
|switch|p2a: Latios|Latios, M|100/100
|switch|p1a: Celebi|Celebi|89/100
|-damage|p1a: Celebi|76/100|[from] Stealth Rock
|
|-weather|RainDance|[upkeep]
|-heal|p1a: Celebi|82/100|[from] item: Leftovers
|upkeep
|turn|30
|
|t:|1742376919
|move|p2a: Latios|Trick|p1a: Celebi
|-activate|p2a: Latios|move: Trick|[of] p1a: Celebi
|-item|p1a: Celebi|Choice Scarf|[from] move: Trick
|-item|p2a: Latios|Leftovers|[from] move: Trick
|move|p1a: Celebi|Thunder Wave|p2a: Latios
|-status|p2a: Latios|par
|
|-weather|RainDance|[upkeep]
|upkeep
|turn|31
|
|t:|1742376938
|switch|p1a: Jirachi|Jirachi, shiny|32/100 par
|-damage|p1a: Jirachi|26/100 par|[from] Stealth Rock
|switch|p2a: Thundurus|Thundurus-Therian, M|61/100
|
|-weather|RainDance|[upkeep]
|-heal|p1a: Jirachi|32/100 par|[from] item: Leftovers
|upkeep
|turn|32
|
|t:|1742376947
|move|p2a: Thundurus|Thunder|p1a: Jirachi
|-damage|p1a: Jirachi|0 fnt
|faint|p1a: Jirachi
|
|-weather|RainDance|[upkeep]
|upkeep
|
|t:|1742376951
|switch|p1a: Celebi|Celebi|82/100
|-damage|p1a: Celebi|70/100|[from] Stealth Rock
|turn|33
|
|t:|1742376964
|switch|p2a: Jirachi|Jirachi|92/100 par
|switch|p1a: Heatran|Heatran, F, shiny|62/100 par
|-damage|p1a: Heatran|49/100 par|[from] Stealth Rock
|
|-weather|RainDance|[upkeep]
|-heal|p1a: Heatran|56/100 par|[from] item: Leftovers
|upkeep
|turn|34
|
|t:|1742376969
|move|p2a: Jirachi|U-turn|p1a: Heatran
|-resisted|p1a: Heatran
|-damage|p1a: Heatran|53/100 par
|
|t:|1742376975
|switch|p2a: Breloom|Breloom, F|100/100 tox|[from] U-turn
|move|p1a: Heatran|Stealth Rock|p2a: Breloom
|-sidestart|p2: Viz_lz|move: Stealth Rock
|
|-weather|RainDance|[upkeep]
|-heal|p1a: Heatran|59/100 par|[from] item: Leftovers
|upkeep
|turn|35
|
|t:|1742376979
|-singleturn|p2a: Breloom|move: Focus Punch
|move|p2a: Breloom|Focus Punch|p1a: Heatran
|-supereffective|p1a: Heatran
|-damage|p1a: Heatran|0 fnt
|faint|p1a: Heatran
|
|-weather|RainDance|[upkeep]
|upkeep
|
|t:|1742376991
|switch|p1a: Celebi|Celebi|70/100
|-damage|p1a: Celebi|58/100|[from] Stealth Rock
|turn|36
|
|t:|1742376998
|move|p2a: Breloom|Protect|p2a: Breloom
|-singleturn|p2a: Breloom|Protect
|move|p1a: Celebi|Recover|p1a: Celebi
|-heal|p1a: Celebi|100/100
|
|-weather|RainDance|[upkeep]
|upkeep
|turn|37
|
|t:|1742377013
|move|p1a: Celebi|Recover||[still]
|-fail|p1a: Celebi|heal
|move|p2a: Breloom|Substitute|p2a: Breloom
|-start|p2a: Breloom|Substitute
|-damage|p2a: Breloom|75/100 tox
|
|-weather|RainDance|[upkeep]
|-heal|p2a: Breloom|88/100 tox|[from] ability: Poison Heal
|upkeep
|turn|38
|
|t:|1742377018
|-singleturn|p2a: Breloom|move: Focus Punch
|move|p1a: Celebi|Recover||[still]
|-fail|p1a: Celebi|heal
|move|p2a: Breloom|Focus Punch|p1a: Celebi
|-resisted|p1a: Celebi
|-damage|p1a: Celebi|64/100
|
|-weather|RainDance|[upkeep]
|-heal|p2a: Breloom|100/100 tox|[from] ability: Poison Heal
|upkeep
|turn|39
|
|t:|1742377038
|move|p1a: Celebi|Recover|p1a: Celebi
|-heal|p1a: Celebi|100/100
|move|p2a: Breloom|Seed Bomb|p1a: Celebi
|-resisted|p1a: Celebi
|-damage|p1a: Celebi|81/100
|
|-weather|RainDance|[upkeep]
|upkeep
|turn|40
|
|t:|1742377046
|switch|p1a: Gyarados|Gyarados, M, shiny|100/100
|-damage|p1a: Gyarados|75/100|[from] Stealth Rock
|-ability|p1a: Gyarados|Intimidate|boost
|-immune|p2a: Breloom
|move|p2a: Breloom|Substitute|p2a: Breloom
|-fail|p2a: Breloom|move: Substitute
|
|-weather|RainDance|[upkeep]
|-heal|p1a: Gyarados|82/100|[from] item: Leftovers
|upkeep
|turn|41
|
|t:|1742377054
|move|p1a: Gyarados|Ice Fang|p2a: Breloom
|-supereffective|p2a: Breloom
|-end|p2a: Breloom|Substitute
|move|p2a: Breloom|Seed Bomb|p1a: Gyarados
|-damage|p1a: Gyarados|26/100
|
|-weather|RainDance|[upkeep]
|-heal|p1a: Gyarados|32/100|[from] item: Leftovers
|upkeep
|turn|42
|
|t:|1742377062
|move|p2a: Breloom|Protect|p2a: Breloom
|-singleturn|p2a: Breloom|Protect
|move|p1a: Gyarados|Dragon Dance|p1a: Gyarados
|-boost|p1a: Gyarados|atk|1
|-boost|p1a: Gyarados|spe|1
|
|-weather|RainDance|[upkeep]
|-heal|p1a: Gyarados|38/100|[from] item: Leftovers
|upkeep
|turn|43
|
|t:|1742377071
|move|p1a: Gyarados|Ice Fang|p2a: Breloom
|-supereffective|p2a: Breloom
|-damage|p2a: Breloom|9/100 tox
|move|p2a: Breloom|Seed Bomb|p1a: Gyarados
|-damage|p1a: Gyarados|0 fnt
|faint|p1a: Gyarados
|
|-weather|RainDance|[upkeep]
|-heal|p2a: Breloom|22/100 tox|[from] ability: Poison Heal
|upkeep
|
|t:|1742377095
|switch|p1a: Scizor|Scizor, F|100/100
|-damage|p1a: Scizor|88/100|[from] Stealth Rock
|turn|44
|
|t:|1742377102
|switch|p2a: Tentacruel|Tentacruel, M|88/100 par
|-damage|p2a: Tentacruel|76/100 par|[from] Stealth Rock
|move|p1a: Scizor|Swords Dance|p1a: Scizor
|-boost|p1a: Scizor|atk|2
|
|-weather|RainDance|[upkeep]
|-heal|p2a: Tentacruel|82/100 par|[from] ability: Rain Dish
|-heal|p2a: Tentacruel|88/100 par|[from] item: Black Sludge
|upkeep
|turn|45
|
|t:|1742377114
|move|p1a: Scizor|Swords Dance|p1a: Scizor
|-boost|p1a: Scizor|atk|2
|move|p2a: Tentacruel|Scald|p1a: Scizor
|-damage|p1a: Scizor|46/100
|
|-weather|RainDance|[upkeep]
|-heal|p2a: Tentacruel|94/100 par|[from] ability: Rain Dish
|-heal|p2a: Tentacruel|99/100 par|[from] item: Black Sludge
|upkeep
|turn|46
|
|t:|1742377117
|move|p1a: Scizor|Quick Attack|p2a: Tentacruel
|-damage|p2a: Tentacruel|0 fnt
|faint|p2a: Tentacruel
|-damage|p1a: Scizor|36/100|[from] item: Life Orb
|
|-weather|RainDance|[upkeep]
|upkeep
|
|t:|1742377120
|switch|p2a: Jirachi|Jirachi|92/100 par
|-damage|p2a: Jirachi|86/100 par|[from] Stealth Rock
|turn|47
|
|t:|1742377124
|move|p1a: Scizor|Superpower|p2a: Jirachi
|-damage|p2a: Jirachi|0 fnt
|-unboost|p1a: Scizor|atk|1
|-unboost|p1a: Scizor|def|1
|faint|p2a: Jirachi
|-damage|p1a: Scizor|26/100|[from] item: Life Orb
|
|-weather|RainDance|[upkeep]
|upkeep
|
|t:|1742377128
|switch|p2a: Latios|Latios, M|100/100 par
|-damage|p2a: Latios|88/100 par|[from] Stealth Rock
|turn|48
|
|t:|1742377133
|move|p1a: Scizor|Bullet Punch|p2a: Latios
|-damage|p2a: Latios|0 fnt
|faint|p2a: Latios
|-damage|p1a: Scizor|16/100|[from] item: Life Orb
|
|-weather|RainDance|[upkeep]
|upkeep
|
|t:|1742377136
|switch|p2a: Breloom|Breloom, F|22/100 tox
|-damage|p2a: Breloom|15/100 tox|[from] Stealth Rock
|turn|49
|-message|Viz_lz forfeited.
|
|win|baixiaohen
|raw|baixiaohen's rating: 1410 &rarr; <strong>1425</strong><br />(+15 for winning)
|raw|Viz_lz's rating: 1326 &rarr; <strong>1311</strong><br />(-15 for losing)
|l|☆Viz_lz
|player|p2|
