|j|☆Blossummm
|j|☆rabian
|t:|1715367474
|gametype|singles
|player|p1|Blossummm|roxie|1275
|player|p2|rabian|iris-gen5bw2|1360
|teamsize|p1|6
|teamsize|p2|6
|gen|5
|tier|[Gen 5] OU
|rated|
|rule|Species Clause: Limit one of each Pokémon
|rule|OHKO Clause: OHKO moves are banned
|rule|Moody Clause: Moody is banned
|rule|Evasion Items Clause: Evasion items are banned
|rule|Evasion Moves Clause: Evasion moves are banned
|rule|Endless Battle Clause: Forcing endless battles is banned
|rule|HP Percentage Mod: HP is shown in percentages
|rule|Evasion Abilities Clause: Evasion abilities are banned
|rule|Sleep Moves Clause: Sleep-inducing moves are banned
|rule|Swagger Clause: Swagger is banned
|rule|Baton Pass Stat Clause: No Baton Passer may have a way to boost its stats
|clearpoke
|poke|p1|Tyranitar, F|item
|poke|p1|Alakazam, F|item
|poke|p1|Latios, M|item
|poke|p1|Ferrothorn, F|item
|poke|p1|Keldeo|item
|poke|p1|Landorus-Therian, M|item
|poke|p2|Jolteon, M|item
|poke|p2|Ferrothorn, M|item
|poke|p2|Politoed, M|item
|poke|p2|Gyarados, F|item
|poke|p2|Toxicroak, M|item
|poke|p2|Tentacruel, F|item
|teampreview
|inactive|Battle timer is ON: inactive players will automatically lose when time's up. (requested by Blossummm)
|c|☆rabian|glhf again!
|
|t:|1715367504
|start
|switch|p1a: Ferrothorn|Ferrothorn, F|100/100
|switch|p2a: Weather Setter|Politoed, M|100/100
|-weather|RainDance|[from] ability: Drizzle|[of] p2a: Weather Setter
|turn|1
|j| bwctest1
|
|t:|1715367528
|switch|p2a: Squid|Tentacruel, F|100/100
|move|p1a: Ferrothorn|Spikes|p2a: Squid
|-sidestart|p2: rabian|Spikes
|
|-weather|RainDance|[upkeep]
|upkeep
|turn|2
|
|t:|1715367535
|move|p2a: Squid|Scald|p1a: Ferrothorn
|-resisted|p1a: Ferrothorn
|-damage|p1a: Ferrothorn|89/100
|move|p1a: Ferrothorn|Power Whip|p2a: Squid
|-damage|p2a: Squid|53/100
|
|-weather|RainDance|[upkeep]
|-heal|p2a: Squid|59/100|[from] ability: Rain Dish
|-heal|p2a: Squid|65/100|[from] item: Black Sludge
|upkeep
|turn|3
|
|t:|1715367543
|switch|p2a: Trans Flag|Toxicroak, M, shiny|100/100
|-damage|p2a: Trans Flag|88/100|[from] Spikes
|switch|p1a: Tyranitar|Tyranitar, F, shiny|100/100
|-weather|Sandstorm|[from] ability: Sand Stream|[of] p1a: Tyranitar
|
|-weather|Sandstorm|[upkeep]
|-damage|p2a: Trans Flag|82/100|[from] Sandstorm
|upkeep
|turn|4
|
|t:|1715367552
|switch|p1a: Landorus|Landorus-Therian, M|100/100
|-ability|p1a: Landorus|Intimidate|boost
|-unboost|p2a: Trans Flag|atk|1
|move|p2a: Trans Flag|Drain Punch|p1a: Landorus
|-resisted|p1a: Landorus
|-damage|p1a: Landorus|89/100
|-heal|p2a: Trans Flag|88/100|[from] drain|[of] p1a: Landorus
|
|-weather|Sandstorm|[upkeep]
|-damage|p2a: Trans Flag|82/100|[from] Sandstorm
|-heal|p1a: Landorus|95/100|[from] item: Leftovers
|upkeep
|turn|5
|
|t:|1715367565
|switch|p2a: Weather Setter|Politoed, M|100/100
|-damage|p2a: Weather Setter|88/100|[from] Spikes
|-weather|RainDance|[from] ability: Drizzle|[of] p2a: Weather Setter
|move|p1a: Landorus|Earthquake|p2a: Weather Setter
|-damage|p2a: Weather Setter|43/100
|
|-weather|RainDance|[upkeep]
|-heal|p1a: Landorus|100/100|[from] item: Leftovers
|-heal|p2a: Weather Setter|50/100|[from] item: Leftovers
|upkeep
|turn|6
|
|t:|1715367571
|move|p2a: Weather Setter|Protect|p2a: Weather Setter
|-singleturn|p2a: Weather Setter|Protect
|move|p1a: Landorus|U-turn|p2a: Weather Setter
|-activate|p2a: Weather Setter|move: Protect
|
|-weather|RainDance|[upkeep]
|-heal|p2a: Weather Setter|56/100|[from] item: Leftovers
|upkeep
|turn|7
|
|t:|1715367581
|switch|p2a: Wall|Ferrothorn, M|100/100
|-damage|p2a: Wall|88/100|[from] Spikes
|move|p1a: Landorus|U-turn|p2a: Wall
|-damage|p2a: Wall|73/100
|-damage|p1a: Landorus|88/100|[from] ability: Iron Barbs|[of] p2a: Wall
|
|t:|1715367589
|switch|p1a: Keldeo|Keldeo|100/100|[from] U-turn
|
|-weather|RainDance|[upkeep]
|-heal|p2a: Wall|79/100|[from] item: Leftovers
|upkeep
|turn|8
|
|t:|1715367592
|switch|p2a: Trans Flag|Toxicroak, M, shiny|82/100
|-damage|p2a: Trans Flag|70/100|[from] Spikes
|move|p1a: Keldeo|Taunt|p2a: Trans Flag
|-start|p2a: Trans Flag|move: Taunt
|
|-weather|RainDance|[upkeep]
|-heal|p2a: Trans Flag|82/100|[from] ability: Dry Skin
|upkeep
|turn|9
|
|t:|1715367607
|switch|p1a: Landorus|Landorus-Therian, M|88/100
|-ability|p1a: Landorus|Intimidate|boost
|-unboost|p2a: Trans Flag|atk|1
|move|p2a: Trans Flag|Drain Punch|p1a: Landorus
|-resisted|p1a: Landorus
|-damage|p1a: Landorus|77/100
|-heal|p2a: Trans Flag|89/100|[from] drain|[of] p1a: Landorus
|
|-weather|RainDance|[upkeep]
|-heal|p2a: Trans Flag|100/100|[from] ability: Dry Skin
|-heal|p1a: Landorus|83/100|[from] item: Leftovers
|upkeep
|turn|10
|
|t:|1715367615
|switch|p2a: Just A Magikarp|Gyarados, F, shiny|100/100
|-ability|p2a: Just A Magikarp|Intimidate|boost
|-unboost|p1a: Landorus|atk|1
|move|p1a: Landorus|Stealth Rock|p2a: Just A Magikarp
|-sidestart|p2: rabian|move: Stealth Rock
|
|-weather|RainDance|[upkeep]
|-heal|p1a: Landorus|89/100|[from] item: Leftovers
|upkeep
|turn|11
|
|t:|1715367623
|move|p1a: Landorus|U-turn|p2a: Just A Magikarp
|-resisted|p2a: Just A Magikarp
|-damage|p2a: Just A Magikarp|93/100
|
|t:|1715367625
|switch|p1a: Keldeo|Keldeo|100/100|[from] U-turn
|move|p2a: Just A Magikarp|Substitute|p2a: Just A Magikarp
|-start|p2a: Just A Magikarp|Substitute
|-damage|p2a: Just A Magikarp|68/100
|
|-weather|RainDance|[upkeep]
|-heal|p2a: Just A Magikarp|75/100|[from] item: Leftovers
|upkeep
|turn|12
|
|t:|1715367629
|move|p1a: Keldeo|Scald|p2a: Just A Magikarp
|-resisted|p2a: Just A Magikarp
|-end|p2a: Just A Magikarp|Substitute
|move|p2a: Just A Magikarp|Dragon Dance|p2a: Just A Magikarp
|-boost|p2a: Just A Magikarp|atk|1
|-boost|p2a: Just A Magikarp|spe|1
|
|-weather|RainDance|[upkeep]
|-heal|p2a: Just A Magikarp|81/100|[from] item: Leftovers
|upkeep
|turn|13
|
|t:|1715367639
|switch|p2a: Trans Flag|Toxicroak, M, shiny|100/100
|-damage|p2a: Trans Flag|88/100|[from] Spikes
|-damage|p2a: Trans Flag|82/100|[from] Stealth Rock
|move|p1a: Keldeo|Scald|p2a: Trans Flag
|-heal|p2a: Trans Flag|100/100|[from] ability: Dry Skin|[of] p1a: Keldeo
|
|-weather|RainDance|[upkeep]
|upkeep
|turn|14
|
|t:|1715367647
|switch|p1a: Landorus|Landorus-Therian, M|89/100
|-ability|p1a: Landorus|Intimidate|boost
|-unboost|p2a: Trans Flag|atk|1
|move|p2a: Trans Flag|Poison Jab|p1a: Landorus
|-resisted|p1a: Landorus
|-damage|p1a: Landorus|76/100
|
|-weather|RainDance|[upkeep]
|-heal|p1a: Landorus|82/100|[from] item: Leftovers
|upkeep
|turn|15
|
|t:|1715367660
|switch|p2a: Just A Magikarp|Gyarados, F, shiny|81/100
|-damage|p2a: Just A Magikarp|56/100|[from] Stealth Rock
|-ability|p2a: Just A Magikarp|Intimidate|boost
|-unboost|p1a: Landorus|atk|1
|move|p1a: Landorus|Earthquake|p2a: Just A Magikarp
|-immune|p2a: Just A Magikarp
|
|-weather|RainDance|[upkeep]
|-heal|p1a: Landorus|88/100|[from] item: Leftovers
|-heal|p2a: Just A Magikarp|62/100|[from] item: Leftovers
|upkeep
|turn|16
|
|t:|1715367667
|move|p1a: Landorus|U-turn|p2a: Just A Magikarp
|-resisted|p2a: Just A Magikarp
|-damage|p2a: Just A Magikarp|55/100
|j| THE Great Hail
|
|t:|1715367671
|switch|p1a: Keldeo|Keldeo|100/100|[from] U-turn
|move|p2a: Just A Magikarp|Earthquake|p1a: Keldeo
|-damage|p1a: Keldeo|62/100
|
|-weather|RainDance|[upkeep]
|-heal|p1a: Keldeo|68/100|[from] item: Leftovers
|-heal|p2a: Just A Magikarp|61/100|[from] item: Leftovers
|upkeep
|turn|17
|
|t:|1715367677
|switch|p2a: Trans Flag|Toxicroak, M, shiny|100/100
|-damage|p2a: Trans Flag|88/100|[from] Spikes
|-damage|p2a: Trans Flag|82/100|[from] Stealth Rock
|move|p1a: Keldeo|Scald|p2a: Trans Flag
|-heal|p2a: Trans Flag|100/100|[from] ability: Dry Skin|[of] p1a: Keldeo
|
|-weather|RainDance|[upkeep]
|-heal|p1a: Keldeo|74/100|[from] item: Leftovers
|upkeep
|turn|18
|l| bwctest1
|
|t:|1715367690
|switch|p1a: Landorus|Landorus-Therian, M|88/100
|-ability|p1a: Landorus|Intimidate|boost
|-unboost|p2a: Trans Flag|atk|1
|move|p2a: Trans Flag|Poison Jab|p1a: Landorus
|-resisted|p1a: Landorus
|-damage|p1a: Landorus|75/100
|
|-weather|RainDance|[upkeep]
|-heal|p1a: Landorus|81/100|[from] item: Leftovers
|upkeep
|turn|19
|j| bwctest1
|
|t:|1715367704
|switch|p2a: Just A Magikarp|Gyarados, F, shiny|61/100
|-damage|p2a: Just A Magikarp|36/100|[from] Stealth Rock
|-ability|p2a: Just A Magikarp|Intimidate|boost
|-unboost|p1a: Landorus|atk|1
|move|p1a: Landorus|U-turn|p2a: Just A Magikarp
|-resisted|p2a: Just A Magikarp
|-damage|p2a: Just A Magikarp|29/100
|
|t:|1715367709
|switch|p1a: Tyranitar|Tyranitar, F, shiny|100/100|[from] U-turn
|-weather|Sandstorm|[from] ability: Sand Stream|[of] p1a: Tyranitar
|
|-weather|Sandstorm|[upkeep]
|-damage|p2a: Just A Magikarp|23/100|[from] Sandstorm
|-heal|p2a: Just A Magikarp|29/100|[from] item: Leftovers
|upkeep
|turn|20
|
|t:|1715367717
|move|p2a: Just A Magikarp|Earthquake|p1a: Tyranitar
|-supereffective|p1a: Tyranitar
|-damage|p1a: Tyranitar|55/100
|move|p1a: Tyranitar|Pursuit|p2a: Just A Magikarp
|-damage|p2a: Just A Magikarp|10/100
|
|-weather|Sandstorm|[upkeep]
|-damage|p2a: Just A Magikarp|4/100|[from] Sandstorm
|-heal|p2a: Just A Magikarp|10/100|[from] item: Leftovers
|upkeep
|turn|21
|
|t:|1715367724
|switch|p1a: Landorus|Landorus-Therian, M|81/100
|-ability|p1a: Landorus|Intimidate|boost
|-unboost|p2a: Just A Magikarp|atk|1
|move|p2a: Just A Magikarp|Waterfall|p1a: Landorus
|-supereffective|p1a: Landorus
|-damage|p1a: Landorus|37/100
|
|-weather|Sandstorm|[upkeep]
|-damage|p2a: Just A Magikarp|4/100|[from] Sandstorm
|-heal|p1a: Landorus|43/100|[from] item: Leftovers
|-heal|p2a: Just A Magikarp|10/100|[from] item: Leftovers
|upkeep
|turn|22
|
|t:|1715367730
|move|p1a: Landorus|Hidden Power|p2a: Just A Magikarp
|-damage|p2a: Just A Magikarp|0 fnt
|faint|p2a: Just A Magikarp
|
|-weather|Sandstorm|[upkeep]
|-heal|p1a: Landorus|49/100|[from] item: Leftovers
|upkeep
|c|☆rabian|gtg
|c|☆rabian|gg
|-message|rabian forfeited.
|
|win|Blossummm
|raw|Blossummm's rating: 1275 &rarr; <strong>1306</strong><br />(+31 for winning)
|raw|rabian's rating: 1360 &rarr; <strong>1335</strong><br />(-25 for losing)
|c|☆Blossummm|oh
|l|☆rabian
|player|p2|
|l| bwctest1
|l|☆Blossummm
|player|p1|
|j| bwctest1
