|j|☆Primary Trout
|j|☆phosphor
|t:|1724982116
|gametype|singles
|player|p1|Primary Trout|marshal|1398
|player|p2|phosphor|#phosphor|1458
|teamsize|p1|6
|teamsize|p2|6
|gen|5
|tier|[Gen 5] OU
|rated|
|rule|Species Clause: Limit one of each Pokémon
|rule|OHKO Clause: OHKO moves are banned
|rule|Moody Clause: Moody is banned
|rule|Evasion Items Clause: Evasion items are banned
|rule|Evasion Moves Clause: Evasion moves are banned
|rule|Endless Battle Clause: Forcing endless battles is banned
|rule|HP Percentage Mod: HP is shown in percentages
|rule|Evasion Abilities Clause: Evasion abilities are banned
|rule|Sleep Moves Clause: Sleep-inducing moves are banned
|rule|Swagger Clause: Swagger is banned
|rule|Baton Pass Stat Clause: No Baton Passer may have a way to boost its stats
|clearpoke
|poke|p1|Landorus-Therian, M|item
|poke|p1|Scizor, F|item
|poke|p1|Rotom-Wash|item
|poke|p1|Celebi|item
|poke|p1|Tyranitar, F|item
|poke|p1|Alakazam, M|item
|poke|p2|Ninetales, M|item
|poke|p2|Blissey, F|item
|poke|p2|Cresselia, F|item
|poke|p2|Excadrill, M|item
|poke|p2|Volcarona, M|item
|poke|p2|Rotom-Wash|item
|teampreview
|inactive|Battle timer is ON: inactive players will automatically lose when time's up. (requested by Primary Trout)
|c|☆phosphor|Gl hf
|
|t:|1724982131
|start
|switch|p1a: Landorus|Landorus-Therian, M, shiny|100/100
|switch|p2a: Rotom|Rotom-Wash|100/100
|-ability|p1a: Landorus|Intimidate|boost
|-unboost|p2a: Rotom|atk|1
|turn|1
|
|t:|1724982141
|switch|p1a: Celebi|Celebi|100/100
|move|p2a: Rotom|Will-O-Wisp|p1a: Celebi
|-status|p1a: Celebi|brn
|
|-damage|p1a: Celebi|88/100 brn|[from] brn
|upkeep
|turn|2
|
|t:|1724982170
|switch|p2a: Excadrill|Excadrill, M|100/100
|-ability|p2a: Excadrill|Mold Breaker
|move|p1a: Celebi|Stealth Rock|p2a: Excadrill
|-sidestart|p2: phosphor|move: Stealth Rock
|
|-heal|p1a: Celebi|94/100 brn|[from] item: Leftovers
|-damage|p1a: Celebi|82/100 brn|[from] brn
|upkeep
|turn|3
|
|t:|1724982173
|move|p2a: Excadrill|Rapid Spin|p1a: Celebi
|-damage|p1a: Celebi|77/100 brn
|-sideend|p2: phosphor|Stealth Rock|[from] move: Rapid Spin|[of] p2a: Excadrill
|move|p1a: Celebi|Hidden Power|p2a: Excadrill
|-supereffective|p2a: Excadrill
|-damage|p2a: Excadrill|62/100
|
|-heal|p2a: Excadrill|69/100|[from] item: Leftovers
|-heal|p1a: Celebi|84/100 brn|[from] item: Leftovers
|-damage|p1a: Celebi|71/100 brn|[from] brn
|upkeep
|turn|4
|
|t:|1724982180
|-curestatus|p1a: Celebi|brn|[from] ability: Natural Cure
|switch|p1a: Landorus|Landorus-Therian, M, shiny|100/100
|-ability|p1a: Landorus|Intimidate|boost
|-unboost|p2a: Excadrill|atk|1
|move|p2a: Excadrill|Substitute|p2a: Excadrill
|-start|p2a: Excadrill|Substitute
|-damage|p2a: Excadrill|44/100
|
|-heal|p2a: Excadrill|50/100|[from] item: Leftovers
|upkeep
|turn|5
|
|t:|1724982183
|move|p2a: Excadrill|Toxic|p1a: Landorus
|-status|p1a: Landorus|tox
|move|p1a: Landorus|Earthquake|p2a: Excadrill
|-supereffective|p2a: Excadrill
|-end|p2a: Excadrill|Substitute
|
|-heal|p2a: Excadrill|56/100|[from] item: Leftovers
|-damage|p1a: Landorus|95/100 tox|[from] psn
|upkeep
|turn|6
|
|t:|1724982191
|switch|p2a: Rotom|Rotom-Wash|100/100
|switch|p1a: Scizor|Scizor, F|100/100
|
|upkeep
|turn|7
|
|t:|1724982198
|switch|p1a: Alakazam|Alakazam, M|100/100
|move|p2a: Rotom|Volt Switch|p1a: Alakazam
|-damage|p1a: Alakazam|62/100
|
|t:|1724982204
|switch|p2a: Blissey|Blissey, F|100/100|[from] Volt Switch
|
|upkeep
|turn|8
|
|t:|1724982208
|switch|p1a: Scizor|Scizor, F|100/100
|move|p2a: Blissey|Stealth Rock|p1a: Scizor
|-sidestart|p1: Primary Trout|move: Stealth Rock
|
|upkeep
|turn|9
|
|t:|1724982216
|switch|p2a: Ninetales|Ninetales, M|100/100
|-weather|SunnyDay|[from] ability: Drought|[of] p2a: Ninetales
|move|p1a: Scizor|U-turn|p2a: Ninetales
|-resisted|p2a: Ninetales
|-damage|p2a: Ninetales|63/100
|
|t:|1724982218
|switch|p1a: Tyranitar|Tyranitar, F|100/100|[from] U-turn
|-damage|p1a: Tyranitar|88/100|[from] Stealth Rock
|-weather|Sandstorm|[from] ability: Sand Stream|[of] p1a: Tyranitar
|
|-weather|Sandstorm|[upkeep]
|-damage|p2a: Ninetales|57/100|[from] Sandstorm
|upkeep
|turn|10
|
|t:|1724982223
|move|p1a: Tyranitar|Pursuit|p2a: Ninetales
|-crit|p2a: Ninetales
|-damage|p2a: Ninetales|0 fnt
|faint|p2a: Ninetales
|
|-weather|Sandstorm|[upkeep]
|upkeep
|
|t:|1724982249
|switch|p2a: Volcarona|Volcarona, M|100/100
|turn|11
|
|t:|1724982260
|switch|p1a: Rotom|Rotom-Wash|100/100
|-damage|p1a: Rotom|88/100|[from] Stealth Rock
|move|p2a: Volcarona|Quiver Dance|p2a: Volcarona
|-boost|p2a: Volcarona|spa|1
|-boost|p2a: Volcarona|spd|1
|-boost|p2a: Volcarona|spe|1
|
|-weather|Sandstorm|[upkeep]
|-damage|p2a: Volcarona|94/100|[from] Sandstorm
|-damage|p1a: Rotom|82/100|[from] Sandstorm
|-heal|p1a: Rotom|88/100|[from] item: Leftovers
|upkeep
|turn|12
|
|t:|1724982267
|move|p2a: Volcarona|Quiver Dance|p2a: Volcarona
|-boost|p2a: Volcarona|spa|1
|-boost|p2a: Volcarona|spd|1
|-boost|p2a: Volcarona|spe|1
|move|p1a: Rotom|Hydro Pump|p2a: Volcarona
|-supereffective|p2a: Volcarona
|-damage|p2a: Volcarona|49/100
|
|-weather|Sandstorm|[upkeep]
|-damage|p2a: Volcarona|43/100|[from] Sandstorm
|-damage|p1a: Rotom|82/100|[from] Sandstorm
|-heal|p1a: Rotom|88/100|[from] item: Leftovers
|upkeep
|turn|13
|inactive|phosphor has 120 seconds left.
|
|t:|1724982300
|move|p2a: Volcarona|Rest|p2a: Volcarona
|-status|p2a: Volcarona|slp|[from] move: Rest
|-heal|p2a: Volcarona|100/100 slp|[silent]
|-enditem|p2a: Volcarona|Chesto Berry|[eat]
|-curestatus|p2a: Volcarona|slp|[msg]
|move|p1a: Rotom|Hydro Pump|p2a: Volcarona|[miss]
|-miss|p1a: Rotom|p2a: Volcarona
|
|-weather|Sandstorm|[upkeep]
|-damage|p2a: Volcarona|94/100|[from] Sandstorm
|-damage|p1a: Rotom|82/100|[from] Sandstorm
|-heal|p1a: Rotom|88/100|[from] item: Leftovers
|upkeep
|turn|14
|
|t:|1724982302
|move|p2a: Volcarona|Bug Buzz|p1a: Rotom
|-damage|p1a: Rotom|8/100
|move|p1a: Rotom|Hydro Pump|p2a: Volcarona
|-supereffective|p2a: Volcarona
|-damage|p2a: Volcarona|49/100
|
|-weather|Sandstorm|[upkeep]
|-damage|p2a: Volcarona|43/100|[from] Sandstorm
|-damage|p1a: Rotom|1/100|[from] Sandstorm
|-heal|p1a: Rotom|8/100|[from] item: Leftovers
|upkeep
|turn|15
|
|t:|1724982308
|move|p2a: Volcarona|Bug Buzz|p1a: Rotom
|-damage|p1a: Rotom|0 fnt
|faint|p1a: Rotom
|
|-weather|Sandstorm|[upkeep]
|-damage|p2a: Volcarona|36/100|[from] Sandstorm
|upkeep
|
|t:|1724982312
|switch|p1a: Scizor|Scizor, F|100/100
|-damage|p1a: Scizor|88/100|[from] Stealth Rock
|turn|16
|
|t:|1724982315
|move|p1a: Scizor|Bullet Punch|p2a: Volcarona
|-resisted|p2a: Volcarona
|-damage|p2a: Volcarona|0 fnt
|faint|p2a: Volcarona
|
|-weather|Sandstorm|[upkeep]
|upkeep
|c|☆phosphor|Bandzor is so fucking strong holy shit
|c|☆Primary Trout|bonkers mon
|
|t:|1724982340
|switch|p2a: Rotom|Rotom-Wash|100/100
|turn|17
|
|t:|1724982349
|switch|p1a: Celebi|Celebi|71/100
|-damage|p1a: Celebi|59/100|[from] Stealth Rock
|move|p2a: Rotom|Volt Switch|p1a: Celebi
|-resisted|p1a: Celebi
|-damage|p1a: Celebi|49/100
|
|t:|1724982359
|switch|p2a: Blissey|Blissey, F|100/100|[from] Volt Switch
|
|-weather|Sandstorm|[upkeep]
|-damage|p1a: Celebi|43/100|[from] Sandstorm
|-damage|p2a: Blissey|94/100|[from] Sandstorm
|-heal|p1a: Celebi|49/100|[from] item: Leftovers
|-heal|p2a: Blissey|100/100|[from] item: Leftovers
|upkeep
|turn|18
|
|t:|1724982369
|switch|p2a: Cresselia|Cresselia, F|100/100
|move|p1a: Celebi|Stealth Rock|p2a: Cresselia
|-sidestart|p2: phosphor|move: Stealth Rock
|
|-weather|Sandstorm|[upkeep]
|-damage|p1a: Celebi|43/100|[from] Sandstorm
|-damage|p2a: Cresselia|94/100|[from] Sandstorm
|-heal|p1a: Celebi|49/100|[from] item: Leftovers
|-heal|p2a: Cresselia|100/100|[from] item: Leftovers
|upkeep
|turn|19
|
|t:|1724982373
|move|p1a: Celebi|Recover|p1a: Celebi
|-heal|p1a: Celebi|99/100
|move|p2a: Cresselia|Calm Mind|p2a: Cresselia
|-boost|p2a: Cresselia|spa|1
|-boost|p2a: Cresselia|spd|1
|
|-weather|Sandstorm|[upkeep]
|-damage|p1a: Celebi|93/100|[from] Sandstorm
|-damage|p2a: Cresselia|94/100|[from] Sandstorm
|-heal|p1a: Celebi|99/100|[from] item: Leftovers
|-heal|p2a: Cresselia|100/100|[from] item: Leftovers
|upkeep
|turn|20
|
|t:|1724982377
|switch|p1a: Tyranitar|Tyranitar, F|88/100
|-damage|p1a: Tyranitar|76/100|[from] Stealth Rock
|move|p2a: Cresselia|Calm Mind|p2a: Cresselia
|-boost|p2a: Cresselia|spa|1
|-boost|p2a: Cresselia|spd|1
|
|-weather|Sandstorm|[upkeep]
|-damage|p2a: Cresselia|94/100|[from] Sandstorm
|-heal|p2a: Cresselia|100/100|[from] item: Leftovers
|upkeep
|turn|21
|
|t:|1724982379
|move|p1a: Tyranitar|Crunch|p2a: Cresselia
|-supereffective|p2a: Cresselia
|-damage|p2a: Cresselia|60/100
|move|p2a: Cresselia|Ice Beam|p1a: Tyranitar
|-damage|p1a: Tyranitar|51/100
|
|-weather|Sandstorm|[upkeep]
|-damage|p2a: Cresselia|54/100|[from] Sandstorm
|-heal|p2a: Cresselia|60/100|[from] item: Leftovers
|upkeep
|turn|22
|
|t:|1724982383
|switch|p2a: Excadrill|Excadrill, M|56/100
|-damage|p2a: Excadrill|53/100|[from] Stealth Rock
|-ability|p2a: Excadrill|Mold Breaker
|move|p1a: Tyranitar|Crunch|p2a: Excadrill
|-resisted|p2a: Excadrill
|-damage|p2a: Excadrill|28/100
|
|-weather|Sandstorm|[upkeep]
|-heal|p2a: Excadrill|34/100|[from] item: Leftovers
|upkeep
|turn|23
|
|t:|1724982387
|switch|p1a: Celebi|Celebi|99/100
|-damage|p1a: Celebi|87/100|[from] Stealth Rock
|move|p2a: Excadrill|Rapid Spin|p1a: Celebi
|-damage|p1a: Celebi|83/100
|-sideend|p2: phosphor|Stealth Rock|[from] move: Rapid Spin|[of] p2a: Excadrill
|
|-weather|Sandstorm|[upkeep]
|-damage|p1a: Celebi|76/100|[from] Sandstorm
|-heal|p2a: Excadrill|40/100|[from] item: Leftovers
|-heal|p1a: Celebi|83/100|[from] item: Leftovers
|upkeep
|turn|24
|
|t:|1724982394
|switch|p2a: Cresselia|Cresselia, F|60/100
|move|p1a: Celebi|Giga Drain|p2a: Cresselia
|-damage|p2a: Cresselia|44/100
|-heal|p1a: Celebi|91/100|[from] drain|[of] p2a: Cresselia
|
|-weather|Sandstorm|[upkeep]
|-damage|p1a: Celebi|85/100|[from] Sandstorm
|-damage|p2a: Cresselia|38/100|[from] Sandstorm
|-heal|p1a: Celebi|91/100|[from] item: Leftovers
|-heal|p2a: Cresselia|44/100|[from] item: Leftovers
|upkeep
|turn|25
|
|t:|1724982397
|switch|p1a: Scizor|Scizor, F|88/100
|-damage|p1a: Scizor|76/100|[from] Stealth Rock
|move|p2a: Cresselia|Moonlight|p2a: Cresselia
|-heal|p2a: Cresselia|69/100
|
|-weather|Sandstorm|[upkeep]
|-damage|p2a: Cresselia|63/100|[from] Sandstorm
|-heal|p2a: Cresselia|69/100|[from] item: Leftovers
|upkeep
|turn|26
|
|t:|1724982401
|switch|p2a: Excadrill|Excadrill, M|40/100
|-ability|p2a: Excadrill|Mold Breaker
|move|p1a: Scizor|U-turn|p2a: Excadrill
|-resisted|p2a: Excadrill
|-damage|p2a: Excadrill|0 fnt
|faint|p2a: Excadrill
|
|t:|1724982406
|switch|p1a: Alakazam|Alakazam, M|62/100|[from] U-turn
|
|-weather|Sandstorm|[upkeep]
|upkeep
|c|☆phosphor|Its fucking killing defense invested mons with resisted hits
|c|☆phosphor|Is that 252+ ada
|c|☆Primary Trout|yes
|
|t:|1724982426
|switch|p2a: Blissey|Blissey, F|100/100
|turn|27
|
|t:|1724982430
|switch|p1a: Landorus|Landorus-Therian, M, shiny|95/100 tox
|-damage|p1a: Landorus|82/100 tox|[from] Stealth Rock
|-ability|p1a: Landorus|Intimidate|boost
|-unboost|p2a: Blissey|atk|1
|move|p2a: Blissey|Seismic Toss|p1a: Landorus
|-damage|p1a: Landorus|51/100 tox
|
|-weather|Sandstorm|[upkeep]
|-damage|p2a: Blissey|94/100|[from] Sandstorm
|-heal|p1a: Landorus|57/100 tox|[from] item: Leftovers
|-heal|p2a: Blissey|100/100|[from] item: Leftovers
|-damage|p1a: Landorus|51/100 tox|[from] psn
|upkeep
|turn|28
|
|t:|1724982437
|switch|p2a: Cresselia|Cresselia, F|69/100
|move|p1a: Landorus|Swords Dance|p1a: Landorus
|-boost|p1a: Landorus|atk|2
|
|-weather|Sandstorm|[upkeep]
|-damage|p2a: Cresselia|63/100|[from] Sandstorm
|-heal|p1a: Landorus|57/100 tox|[from] item: Leftovers
|-heal|p2a: Cresselia|69/100|[from] item: Leftovers
|-damage|p1a: Landorus|45/100 tox|[from] psn
|upkeep
|turn|29
|
|t:|1724982451
|move|p1a: Landorus|Stone Edge|p2a: Cresselia
|-damage|p2a: Cresselia|27/100
|move|p2a: Cresselia|Ice Beam|p1a: Landorus
|-supereffective|p1a: Landorus
|-damage|p1a: Landorus|0 fnt
|faint|p1a: Landorus
|
|-weather|Sandstorm|[upkeep]
|-damage|p2a: Cresselia|21/100|[from] Sandstorm
|-heal|p2a: Cresselia|27/100|[from] item: Leftovers
|upkeep
|
|t:|1724982455
|switch|p1a: Tyranitar|Tyranitar, F|51/100
|-damage|p1a: Tyranitar|39/100|[from] Stealth Rock
|turn|30
|
|t:|1724982458
|move|p1a: Tyranitar|Pursuit|p2a: Cresselia
|-supereffective|p2a: Cresselia
|-damage|p2a: Cresselia|3/100
|move|p2a: Cresselia|Moonlight|p2a: Cresselia
|-heal|p2a: Cresselia|28/100
|
|-weather|Sandstorm|[upkeep]
|-damage|p2a: Cresselia|22/100|[from] Sandstorm
|-heal|p2a: Cresselia|28/100|[from] item: Leftovers
|upkeep
|turn|31
|
|t:|1724982461
|move|p1a: Tyranitar|Pursuit|p2a: Cresselia
|-supereffective|p2a: Cresselia
|-damage|p2a: Cresselia|6/100
|move|p2a: Cresselia|Moonlight|p2a: Cresselia
|-heal|p2a: Cresselia|31/100
|
|-weather|Sandstorm|[upkeep]
|-damage|p2a: Cresselia|25/100|[from] Sandstorm
|-heal|p2a: Cresselia|31/100|[from] item: Leftovers
|upkeep
|turn|32
|
|t:|1724982473
|move|p1a: Tyranitar|Pursuit|p2a: Cresselia
|-supereffective|p2a: Cresselia
|-damage|p2a: Cresselia|9/100
|move|p2a: Cresselia|Ice Beam|p1a: Tyranitar
|-damage|p1a: Tyranitar|27/100
|
|-weather|Sandstorm|[upkeep]
|-damage|p2a: Cresselia|3/100|[from] Sandstorm
|-heal|p2a: Cresselia|9/100|[from] item: Leftovers
|upkeep
|turn|33
|
|t:|1724982476
|move|p1a: Tyranitar|Pursuit|p2a: Cresselia
|-supereffective|p2a: Cresselia
|-damage|p2a: Cresselia|0 fnt
|faint|p2a: Cresselia
|
|-weather|Sandstorm|[upkeep]
|upkeep
|
|t:|1724982481
|switch|p2a: Blissey|Blissey, F|100/100
|turn|34
|
|t:|1724982486
|switch|p1a: Alakazam|Alakazam, M|62/100
|move|p2a: Blissey|Seismic Toss|p1a: Alakazam
|-damage|p1a: Alakazam|22/100
|
|-weather|Sandstorm|[upkeep]
|-damage|p2a: Blissey|94/100|[from] Sandstorm
|-heal|p2a: Blissey|100/100|[from] item: Leftovers
|upkeep
|turn|35
|
|t:|1724982489
|move|p1a: Alakazam|Focus Blast|p2a: Blissey|[miss]
|-miss|p1a: Alakazam|p2a: Blissey
|move|p2a: Blissey|Seismic Toss|p1a: Alakazam
|-damage|p1a: Alakazam|0 fnt
|faint|p1a: Alakazam
|
|-weather|Sandstorm|[upkeep]
|-damage|p2a: Blissey|94/100|[from] Sandstorm
|-heal|p2a: Blissey|100/100|[from] item: Leftovers
|upkeep
|
|t:|1724982492
|switch|p1a: Scizor|Scizor, F|76/100
|-damage|p1a: Scizor|64/100|[from] Stealth Rock
|turn|36
|
|t:|1724982495
|move|p1a: Scizor|Superpower|p2a: Blissey
|-supereffective|p2a: Blissey
|-damage|p2a: Blissey|0 fnt
|-unboost|p1a: Scizor|atk|1
|-unboost|p1a: Scizor|def|1
|faint|p2a: Blissey
|
|-weather|Sandstorm|[upkeep]
|upkeep
|
|t:|1724982497
|switch|p2a: Rotom|Rotom-Wash|100/100
|turn|37
|j| Neighthan Trainer
|
|t:|1724982501
|switch|p1a: Tyranitar|Tyranitar, F|27/100
|-damage|p1a: Tyranitar|14/100|[from] Stealth Rock
|move|p2a: Rotom|Hidden Power|p1a: Tyranitar
|-crit|p1a: Tyranitar
|-damage|p1a: Tyranitar|0 fnt
|faint|p1a: Tyranitar
|
|-weather|Sandstorm|[upkeep]
|-damage|p2a: Rotom|94/100|[from] Sandstorm
|-heal|p2a: Rotom|100/100|[from] item: Leftovers
|upkeep
|
|t:|1724982502
|switch|p1a: Celebi|Celebi|91/100
|-damage|p1a: Celebi|79/100|[from] Stealth Rock
|turn|38
|c|☆phosphor|Gg
|-message|phosphor forfeited.
|
|win|Primary Trout
|raw|Primary Trout's rating: 1398 &rarr; <strong>1421</strong><br />(+23 for winning)
|raw|phosphor's rating: 1458 &rarr; <strong>1435</strong><br />(-23 for losing)
|l|☆phosphor
|player|p2|
|c|☆Primary Trout|gg
