|j|☆leoperi99
|j|☆seanb143
|t:|1710366519
|gametype|singles
|player|p1|leoperi99|blue-lgpe|1377
|player|p2|seanb143|emmet|1464
|teamsize|p1|6
|teamsize|p2|6
|gen|5
|tier|[Gen 5] OU
|rated|
|rule|Species Clause: Limit one of each Pokémon
|rule|OHKO Clause: OHKO moves are banned
|rule|Moody Clause: Moody is banned
|rule|Evasion Items Clause: Evasion items are banned
|rule|Evasion Moves Clause: Evasion moves are banned
|rule|Endless Battle Clause: Forcing endless battles is banned
|rule|HP Percentage Mod: HP is shown in percentages
|rule|Evasion Abilities Clause: Evasion abilities are banned
|rule|Sleep Moves Clause: Sleep-inducing moves are banned
|rule|Swagger Clause: Swagger is banned
|rule|Baton Pass Stat Clause: No Baton Passer may have a way to boost its stats
|clearpoke
|poke|p1|Heatran, M|item
|poke|p1|Tyranitar, F|item
|poke|p1|Rotom-Wash|item
|poke|p1|Latios, M|item
|poke|p1|Landorus-Therian, M|item
|poke|p1|Excadrill, F|item
|poke|p2|Sableye, M|item
|poke|p2|Blissey, F|item
|poke|p2|Starmie|item
|poke|p2|Ninetales, M|item
|poke|p2|Conkeldurr, F|item
|poke|p2|Absol, M|item
|teampreview
|inactive|Battle timer is ON: inactive players will automatically lose when time's up. (requested by seanb143)
|
|t:|1710366533
|start
|switch|p1a: Landorus|Landorus-Therian, M|100/100
|switch|p2a: Ninetales|Ninetales, M, shiny|100/100
|-ability|p1a: Landorus|Intimidate|boost
|-unboost|p2a: Ninetales|atk|1
|-weather|SunnyDay|[from] ability: Drought|[of] p2a: Ninetales
|turn|1
|
|t:|1710366539
|switch|p2a: Blissey|Blissey, F, shiny|100/100
|move|p1a: Landorus|Earthquake|p2a: Blissey
|-damage|p2a: Blissey|55/100
|
|-weather|SunnyDay|[upkeep]
|-heal|p2a: Blissey|61/100|[from] item: Leftovers
|upkeep
|turn|2
|
|t:|1710366545
|switch|p1a: Heatran|Heatran, M, shiny|100/100
|-item|p1a: Heatran|Air Balloon
|move|p2a: Blissey|Ice Beam|p1a: Heatran
|-resisted|p1a: Heatran
|-damage|p1a: Heatran|97/100
|-enditem|p1a: Heatran|Air Balloon
|
|-weather|SunnyDay|[upkeep]
|-heal|p2a: Blissey|67/100|[from] item: Leftovers
|upkeep
|turn|3
|
|t:|1710366550
|move|p1a: Heatran|Magma Storm|p2a: Blissey
|-damage|p2a: Blissey|31/100
|-activate|p2a: Blissey|move: Magma Storm|[of] p1a: Heatran
|move|p2a: Blissey|Stealth Rock|p1a: Heatran
|-sidestart|p1: leoperi99|move: Stealth Rock
|
|-weather|SunnyDay|[upkeep]
|-heal|p2a: Blissey|37/100|[from] item: Leftovers
|-damage|p2a: Blissey|31/100|[from] move: Magma Storm|[partiallytrapped]
|upkeep
|turn|4
|
|t:|1710366558
|move|p1a: Heatran|Magma Storm|p2a: Blissey
|-damage|p2a: Blissey|0 fnt
|faint|p2a: Blissey
|
|-weather|SunnyDay|[upkeep]
|upkeep
|
|t:|1710366561
|switch|p2a: Absol|Absol, M, shiny|100/100
|turn|5
|
|t:|1710366568
|switch|p1a: Landorus|Landorus-Therian, M|100/100
|-damage|p1a: Landorus|88/100|[from] Stealth Rock
|-ability|p1a: Landorus|Intimidate|boost
|-unboost|p2a: Absol|atk|1
|move|p2a: Absol|Superpower|p1a: Landorus
|-resisted|p1a: Landorus
|-damage|p1a: Landorus|71/100
|-unboost|p2a: Absol|atk|1
|-unboost|p2a: Absol|def|1
|
|-weather|SunnyDay|[upkeep]
|upkeep
|turn|6
|
|t:|1710366579
|switch|p2a: Starmie|Starmie, shiny|100/100
|move|p1a: Landorus|Stealth Rock|p2a: Starmie
|-sidestart|p2: seanb143|move: Stealth Rock
|
|-weather|SunnyDay|[upkeep]
|upkeep
|turn|7
|
|t:|1710366582
|switch|p1a: Rotom|Rotom-Wash|100/100
|-damage|p1a: Rotom|88/100|[from] Stealth Rock
|move|p2a: Starmie|Hydro Pump|p1a: Rotom
|-resisted|p1a: Rotom
|-damage|p1a: Rotom|70/100
|
|-weather|SunnyDay|[upkeep]
|-heal|p1a: Rotom|76/100|[from] item: Leftovers
|upkeep
|turn|8
|
|t:|1710366586
|move|p2a: Starmie|Rapid Spin|p1a: Rotom
|-damage|p1a: Rotom|73/100
|-sideend|p2: seanb143|Stealth Rock|[from] move: Rapid Spin|[of] p2a: Starmie
|move|p1a: Rotom|Volt Switch|p2a: Starmie
|-supereffective|p2a: Starmie
|-damage|p2a: Starmie|31/100
|
|t:|1710366590
|switch|p1a: Tyranitar|Tyranitar, F|100/100|[from] Volt Switch
|-damage|p1a: Tyranitar|88/100|[from] Stealth Rock
|-weather|Sandstorm|[from] ability: Sand Stream|[of] p1a: Tyranitar
|
|-weather|Sandstorm|[upkeep]
|-damage|p2a: Starmie|25/100|[from] Sandstorm
|upkeep
|turn|9
|
|t:|1710366593
|move|p2a: Starmie|Hydro Pump|p1a: Tyranitar|[miss]
|-miss|p2a: Starmie|p1a: Tyranitar
|move|p1a: Tyranitar|Pursuit|p2a: Starmie
|-supereffective|p2a: Starmie
|-damage|p2a: Starmie|0 fnt
|faint|p2a: Starmie
|
|-weather|Sandstorm|[upkeep]
|upkeep
|
|t:|1710366601
|switch|p2a: Conkeldurr|Conkeldurr, F, shiny|100/100
|turn|10
|
|t:|1710366615
|move|p1a: Tyranitar|Superpower|p2a: Conkeldurr
|-damage|p2a: Conkeldurr|65/100
|-unboost|p1a: Tyranitar|atk|1
|-unboost|p1a: Tyranitar|def|1
|move|p2a: Conkeldurr|Bulk Up|p2a: Conkeldurr
|-boost|p2a: Conkeldurr|atk|1
|-boost|p2a: Conkeldurr|def|1
|
|-weather|Sandstorm|[upkeep]
|-damage|p2a: Conkeldurr|59/100|[from] Sandstorm
|-heal|p2a: Conkeldurr|65/100|[from] item: Leftovers
|upkeep
|turn|11
|
|t:|1710366621
|move|p1a: Tyranitar|Superpower|p2a: Conkeldurr
|-damage|p2a: Conkeldurr|49/100
|-unboost|p1a: Tyranitar|atk|1
|-unboost|p1a: Tyranitar|def|1
|move|p2a: Conkeldurr|Payback|p1a: Tyranitar
|-resisted|p1a: Tyranitar
|-damage|p1a: Tyranitar|40/100
|
|-weather|Sandstorm|[upkeep]
|-damage|p2a: Conkeldurr|43/100|[from] Sandstorm
|-heal|p2a: Conkeldurr|49/100|[from] item: Leftovers
|upkeep
|turn|12
|
|t:|1710366623
|move|p1a: Tyranitar|Superpower|p2a: Conkeldurr
|-damage|p2a: Conkeldurr|37/100
|-unboost|p1a: Tyranitar|atk|1
|-unboost|p1a: Tyranitar|def|1
|move|p2a: Conkeldurr|Drain Punch|p1a: Tyranitar
|-supereffective|p1a: Tyranitar
|-enditem|p1a: Tyranitar|Chople Berry|[eat]
|-enditem|p1a: Tyranitar|Chople Berry|[weaken]
|-damage|p1a: Tyranitar|0 fnt
|-heal|p2a: Conkeldurr|56/100|[from] drain|[of] p1a: Tyranitar
|faint|p1a: Tyranitar
|
|-weather|Sandstorm|[upkeep]
|-damage|p2a: Conkeldurr|50/100|[from] Sandstorm
|-heal|p2a: Conkeldurr|56/100|[from] item: Leftovers
|upkeep
|
|t:|1710366629
|switch|p1a: Latios|Latios, M|100/100
|-damage|p1a: Latios|88/100|[from] Stealth Rock
|turn|13
|
|t:|1710366635
|switch|p2a: Sableye|Sableye, M, shiny|100/100
|move|p1a: Latios|Draco Meteor|p2a: Sableye
|-damage|p2a: Sableye|20/100
|-unboost|p1a: Latios|spa|2
|
|-weather|Sandstorm|[upkeep]
|-damage|p1a: Latios|82/100|[from] Sandstorm
|-damage|p2a: Sableye|14/100|[from] Sandstorm
|-heal|p2a: Sableye|20/100|[from] item: Leftovers
|upkeep
|turn|14
|
|t:|1710366642
|switch|p1a: Heatran|Heatran, M, shiny|97/100
|-damage|p1a: Heatran|84/100|[from] Stealth Rock
|switch|p2a: Conkeldurr|Conkeldurr, F, shiny|56/100
|
|-weather|Sandstorm|[upkeep]
|-damage|p2a: Conkeldurr|50/100|[from] Sandstorm
|-heal|p2a: Conkeldurr|56/100|[from] item: Leftovers
|upkeep
|turn|15
|
|t:|1710366644
|move|p1a: Heatran|Magma Storm|p2a: Conkeldurr
|-damage|p2a: Conkeldurr|0 fnt
|faint|p2a: Conkeldurr
|
|-weather|Sandstorm|[upkeep]
|upkeep
|
|t:|1710366649
|switch|p2a: Absol|Absol, M, shiny|100/100
|turn|16
|
|t:|1710366655
|switch|p1a: Landorus|Landorus-Therian, M|71/100
|-damage|p1a: Landorus|59/100|[from] Stealth Rock
|-ability|p1a: Landorus|Intimidate|boost
|-unboost|p2a: Absol|atk|1
|move|p2a: Absol|Ice Beam|p1a: Landorus
|-supereffective|p1a: Landorus
|-damage|p1a: Landorus|0 fnt
|faint|p1a: Landorus
|
|-weather|Sandstorm|[upkeep]
|-damage|p2a: Absol|95/100|[from] Sandstorm
|upkeep
|
|t:|1710366660
|switch|p1a: Excadrill|Excadrill, F|100/100
|-damage|p1a: Excadrill|97/100|[from] Stealth Rock
|turn|17
|
|t:|1710366668
|switch|p2a: Sableye|Sableye, M, shiny|20/100
|move|p1a: Excadrill|Earthquake|p2a: Sableye
|-damage|p2a: Sableye|0 fnt
|faint|p2a: Sableye
|
|-weather|Sandstorm|[upkeep]
|-heal|p1a: Excadrill|100/100|[from] item: Leftovers
|upkeep
|
|t:|1710366670
|switch|p2a: Ninetales|Ninetales, M, shiny|100/100
|-weather|SunnyDay|[from] ability: Drought|[of] p2a: Ninetales
|turn|18
|
|t:|1710366677
|switch|p1a: Heatran|Heatran, M, shiny|84/100
|-damage|p1a: Heatran|72/100|[from] Stealth Rock
|switch|p2a: Absol|Absol, M, shiny|95/100
|
|-weather|SunnyDay|[upkeep]
|upkeep
|turn|19
|
|t:|1710366685
|switch|p1a: Rotom|Rotom-Wash|73/100
|-damage|p1a: Rotom|61/100|[from] Stealth Rock
|move|p2a: Absol|Superpower|p1a: Rotom
|-damage|p1a: Rotom|25/100
|-unboost|p2a: Absol|atk|1
|-unboost|p2a: Absol|def|1
|
|-weather|SunnyDay|[upkeep]
|-heal|p1a: Rotom|32/100|[from] item: Leftovers
|upkeep
|turn|20
|
|t:|1710366692
|switch|p2a: Ninetales|Ninetales, M, shiny|100/100
|switch|p1a: Latios|Latios, M|82/100
|-damage|p1a: Latios|70/100|[from] Stealth Rock
|
|-weather|SunnyDay|[upkeep]
|upkeep
|turn|21
|
|t:|1710366697
|move|p1a: Latios|Draco Meteor|p2a: Ninetales
|-damage|p2a: Ninetales|28/100
|-unboost|p1a: Latios|spa|2
|move|p2a: Ninetales|Will-O-Wisp|p1a: Latios
|-status|p1a: Latios|brn
|
|-weather|SunnyDay|[upkeep]
|-heal|p2a: Ninetales|34/100|[from] item: Leftovers
|-damage|p1a: Latios|58/100 brn|[from] brn
|upkeep
|turn|22
|
|t:|1710366703
|switch|p2a: Absol|Absol, M, shiny|95/100
|move|p1a: Latios|Draco Meteor|p2a: Absol
|-damage|p2a: Absol|18/100
|-unboost|p1a: Latios|spa|2
|
|-weather|SunnyDay|[upkeep]
|-damage|p1a: Latios|46/100 brn|[from] brn
|upkeep
|turn|23
|
|t:|1710366711
|move|p2a: Absol|Sucker Punch|p1a: Latios
|-supereffective|p1a: Latios
|-enditem|p1a: Latios|Colbur Berry|[eat]
|-enditem|p1a: Latios|Colbur Berry|[weaken]
|-damage|p1a: Latios|0 fnt
|faint|p1a: Latios
|
|-weather|SunnyDay|[upkeep]
|upkeep
|
|t:|1710366716
|switch|p1a: Excadrill|Excadrill, F|100/100
|-damage|p1a: Excadrill|97/100|[from] Stealth Rock
|turn|24
|
|t:|1710366720
|move|p1a: Excadrill|Rapid Spin|p2a: Absol
|-damage|p2a: Absol|3/100
|-sideend|p1: leoperi99|Stealth Rock|[from] move: Rapid Spin|[of] p1a: Excadrill
|move|p2a: Absol|Superpower|p1a: Excadrill
|-supereffective|p1a: Excadrill
|-damage|p1a: Excadrill|0 fnt
|-unboost|p2a: Absol|atk|1
|-unboost|p2a: Absol|def|1
|faint|p1a: Excadrill
|
|-weather|SunnyDay|[upkeep]
|upkeep
|
|t:|1710366724
|switch|p1a: Rotom|Rotom-Wash|32/100
|turn|25
|
|t:|1710366728
|switch|p2a: Ninetales|Ninetales, M, shiny|34/100
|move|p1a: Rotom|Volt Switch|p2a: Ninetales
|-damage|p2a: Ninetales|10/100
|
|t:|1710366730
|switch|p1a: Heatran|Heatran, M, shiny|72/100|[from] Volt Switch
|
|-weather|SunnyDay|[upkeep]
|-heal|p2a: Ninetales|16/100|[from] item: Leftovers
|upkeep
|turn|26
|
|t:|1710366737
|move|p2a: Ninetales|Solar Beam||[still]
|-prepare|p2a: Ninetales|Solar Beam
|-anim|p2a: Ninetales|Solar Beam|p1a: Heatran
|-resisted|p1a: Heatran
|-damage|p1a: Heatran|66/100
|move|p1a: Heatran|Solar Beam||[still]
|-prepare|p1a: Heatran|Solar Beam
|-anim|p1a: Heatran|Solar Beam|p2a: Ninetales
|-resisted|p2a: Ninetales
|-damage|p2a: Ninetales|0 fnt
|faint|p2a: Ninetales
|
|-weather|SunnyDay|[upkeep]
|upkeep
|
|t:|1710366740
|switch|p2a: Absol|Absol, M, shiny|3/100
|turn|27
|
|t:|1710366743
|move|p2a: Absol|Superpower|p1a: Heatran
|-supereffective|p1a: Heatran
|-damage|p1a: Heatran|0 fnt
|-unboost|p2a: Absol|atk|1
|-unboost|p2a: Absol|def|1
|faint|p1a: Heatran
|
|-weather|SunnyDay|[upkeep]
|upkeep
|
|t:|1710366745
|switch|p1a: Rotom|Rotom-Wash|32/100
|turn|28
|
|t:|1710366749
|move|p2a: Absol|Sucker Punch|p1a: Rotom
|-damage|p1a: Rotom|9/100
|move|p1a: Rotom|Volt Switch|p2a: Absol
|-crit|p2a: Absol
|-damage|p2a: Absol|0 fnt
|faint|p2a: Absol
|
|win|leoperi99
|raw|leoperi99's rating: 1377 &rarr; <strong>1402</strong><br />(+25 for winning)
|raw|seanb143's rating: 1464 &rarr; <strong>1439</strong><br />(-25 for losing)
|l|☆seanb143
|player|p2|
|j|☆seanb143
|player|p2|seanb143|emmet
