|j|☆mudkipslaps
|j|☆leoperi99
|t:|1727991444
|gametype|singles
|player|p1|mudkipslaps|caitlin|1425
|player|p2|leoperi99|hala|1593
|teamsize|p1|6
|teamsize|p2|6
|gen|5
|tier|[Gen 5] OU
|rated|
|rule|Species Clause: Limit one of each Pokémon
|rule|OHKO Clause: OHKO moves are banned
|rule|Moody Clause: Moody is banned
|rule|Evasion Items Clause: Evasion items are banned
|rule|Evasion Moves Clause: Evasion moves are banned
|rule|Endless Battle Clause: Forcing endless battles is banned
|rule|HP Percentage Mod: HP is shown in percentages
|rule|Evasion Abilities Clause: Evasion abilities are banned
|rule|Sleep Moves Clause: Sleep-inducing moves are banned
|rule|Swagger Clause: Swagger is banned
|rule|Baton Pass Stat Clause: No Baton Passer may have a way to boost its stats
|clearpoke
|poke|p1|Tyranitar, M|item
|poke|p1|Landorus-Therian, M|item
|poke|p1|Excadrill, M|item
|poke|p1|Keldeo|item
|poke|p1|Celebi|item
|poke|p1|Rotom-Wash|item
|poke|p2|Tyranitar, F|item
|poke|p2|Gliscor, F|item
|poke|p2|Excadrill, F|item
|poke|p2|Latios, M|item
|poke|p2|Alakazam, M|item
|poke|p2|Rotom-Wash|item
|teampreview
|inactive|Battle timer is ON: inactive players will automatically lose when time's up. (requested by mudkipslaps)
|inactive|leoperi99 has 120 seconds left.
|inactive|leoperi99 has 90 seconds left.
|
|t:|1727991532
|start
|switch|p1a: Theodore|Landorus-Therian, M|100/100
|switch|p2a: Rotom|Rotom-Wash|100/100
|-ability|p1a: Theodore|Intimidate|boost
|-unboost|p2a: Rotom|atk|1
|turn|1
|
|t:|1727991542
|switch|p1a: Glorp|Rotom-Wash|100/100
|move|p2a: Rotom|Will-O-Wisp|p1a: Glorp
|-status|p1a: Glorp|brn
|
|-damage|p1a: Glorp|88/100 brn|[from] brn
|upkeep
|turn|2
|
|t:|1727991550
|move|p2a: Rotom|Volt Switch|p1a: Glorp
|-damage|p1a: Glorp|60/100 brn
|
|t:|1727991552
|switch|p2a: Latios|Latios, M|100/100|[from] Volt Switch
|move|p1a: Glorp|Hydro Pump|p2a: Latios
|-resisted|p2a: Latios
|-damage|p2a: Latios|80/100
|
|-heal|p1a: Glorp|67/100 brn|[from] item: Leftovers
|-damage|p1a: Glorp|54/100 brn|[from] brn
|upkeep
|turn|3
|
|t:|1727991557
|switch|p1a: Scrimblo|Tyranitar, M|100/100
|-weather|Sandstorm|[from] ability: Sand Stream|[of] p1a: Scrimblo
|move|p2a: Latios|Draco Meteor|p1a: Scrimblo
|-damage|p1a: Scrimblo|45/100
|-unboost|p2a: Latios|spa|2
|
|-weather|Sandstorm|[upkeep]
|-damage|p2a: Latios|74/100|[from] Sandstorm
|upkeep
|turn|4
|
|t:|1727991561
|move|p2a: Latios|Draco Meteor|p1a: Scrimblo
|-damage|p1a: Scrimblo|20/100
|-unboost|p2a: Latios|spa|2
|move|p1a: Scrimblo|Crunch|p2a: Latios
|-supereffective|p2a: Latios
|-damage|p2a: Latios|0 fnt
|faint|p2a: Latios
|
|-weather|Sandstorm|[upkeep]
|upkeep
|
|t:|1727991565
|switch|p2a: Gliscor|Gliscor, F|100/100
|turn|5
|
|t:|1727991571
|switch|p1a: Theodore|Landorus-Therian, M|100/100
|-ability|p1a: Theodore|Intimidate|boost
|-unboost|p2a: Gliscor|atk|1
|move|p2a: Gliscor|Stealth Rock|p1a: Theodore
|-sidestart|p1: mudkipslaps|move: Stealth Rock
|
|-weather|Sandstorm|[upkeep]
|-status|p2a: Gliscor|tox|[from] item: Toxic Orb
|upkeep
|turn|6
|
|t:|1727991574
|move|p1a: Theodore|Stealth Rock|p2a: Gliscor
|-sidestart|p2: leoperi99|move: Stealth Rock
|move|p2a: Gliscor|U-turn|p1a: Theodore
|-resisted|p1a: Theodore
|-damage|p1a: Theodore|95/100
|
|t:|1727991576
|switch|p2a: Rotom|Rotom-Wash|100/100|[from] U-turn
|-damage|p2a: Rotom|88/100|[from] Stealth Rock
|
|-weather|Sandstorm|[upkeep]
|-damage|p2a: Rotom|82/100|[from] Sandstorm
|-heal|p1a: Theodore|100/100|[from] item: Leftovers
|-heal|p2a: Rotom|88/100|[from] item: Leftovers
|upkeep
|turn|7
|
|t:|1727991581
|move|p1a: Theodore|U-turn|p2a: Rotom
|-damage|p2a: Rotom|69/100
|
|t:|1727991589
|switch|p1a: Scrimblo|Tyranitar, M|20/100|[from] U-turn
|-damage|p1a: Scrimblo|8/100|[from] Stealth Rock
|move|p2a: Rotom|Will-O-Wisp|p1a: Scrimblo
|-status|p1a: Scrimblo|brn
|
|-weather|Sandstorm|[upkeep]
|-damage|p2a: Rotom|62/100|[from] Sandstorm
|-heal|p2a: Rotom|69/100|[from] item: Leftovers
|-damage|p1a: Scrimblo|0 fnt|[from] brn
|faint|p1a: Scrimblo
|upkeep
|
|t:|1727991594
|switch|p1a: Bibi|Celebi|100/100
|-damage|p1a: Bibi|88/100|[from] Stealth Rock
|turn|8
|
|t:|1727991596
|switch|p2a: Gliscor|Gliscor, F|100/100 tox
|-damage|p2a: Gliscor|88/100 tox|[from] Stealth Rock
|move|p1a: Bibi|Nasty Plot|p1a: Bibi
|-boost|p1a: Bibi|spa|2
|
|-weather|Sandstorm|[upkeep]
|-damage|p1a: Bibi|82/100|[from] Sandstorm
|-heal|p1a: Bibi|88/100|[from] item: Leftovers
|-heal|p2a: Gliscor|100/100 tox|[from] ability: Poison Heal
|upkeep
|turn|9
|
|t:|1727991609
|switch|p2a: Excadrill|Excadrill, F|100/100
|-damage|p2a: Excadrill|97/100|[from] Stealth Rock
|move|p1a: Bibi|Leaf Storm|p2a: Excadrill|[miss]
|-miss|p1a: Bibi|p2a: Excadrill
|
|-weather|Sandstorm|[upkeep]
|-damage|p1a: Bibi|82/100|[from] Sandstorm
|-heal|p1a: Bibi|88/100|[from] item: Leftovers
|upkeep
|turn|10
|
|t:|1727991619
|move|p2a: Excadrill|Iron Head|p1a: Bibi
|-damage|p1a: Bibi|41/100
|move|p1a: Bibi|Nasty Plot|p1a: Bibi
|-boost|p1a: Bibi|spa|2
|
|-weather|Sandstorm|[upkeep]
|-damage|p1a: Bibi|34/100|[from] Sandstorm
|-heal|p1a: Bibi|41/100|[from] item: Leftovers
|upkeep
|turn|11
|
|t:|1727991631
|switch|p1a: Theodore|Landorus-Therian, M|100/100
|-damage|p1a: Theodore|88/100|[from] Stealth Rock
|-ability|p1a: Theodore|Intimidate|boost
|-unboost|p2a: Excadrill|atk|1
|move|p2a: Excadrill|Iron Head|p1a: Theodore
|-damage|p1a: Theodore|46/100
|
|-weather|Sandstorm|[upkeep]
|-heal|p1a: Theodore|53/100|[from] item: Leftovers
|upkeep
|turn|12
|j| pex897
|
|t:|1727991636
|switch|p2a: Rotom|Rotom-Wash|69/100
|-damage|p2a: Rotom|56/100|[from] Stealth Rock
|move|p1a: Theodore|Hidden Power|p2a: Rotom
|-resisted|p2a: Rotom
|-damage|p2a: Rotom|46/100
|
|-weather|Sandstorm|[upkeep]
|-damage|p2a: Rotom|40/100|[from] Sandstorm
|-heal|p1a: Theodore|59/100|[from] item: Leftovers
|-heal|p2a: Rotom|46/100|[from] item: Leftovers
|upkeep
|turn|13
|
|t:|1727991642
|move|p1a: Theodore|U-turn|p2a: Rotom
|-damage|p2a: Rotom|26/100
|c| pex897|NO MUDKIP DENIAL
|
|t:|1727991663
|switch|p1a: Kendra|Keldeo|100/100|[from] U-turn
|-damage|p1a: Kendra|94/100|[from] Stealth Rock
|move|p2a: Rotom|Volt Switch|p1a: Kendra
|-supereffective|p1a: Kendra
|-damage|p1a: Kendra|36/100
|
|t:|1727991670
|switch|p2a: Alakazam|Alakazam, M|100/100|[from] Volt Switch
|
|-weather|Sandstorm|[upkeep]
|-damage|p1a: Kendra|30/100|[from] Sandstorm
|upkeep
|turn|14
|
|t:|1727991674
|switch|p1a: Glorp|Rotom-Wash|54/100 brn
|-damage|p1a: Glorp|42/100 brn|[from] Stealth Rock
|move|p2a: Alakazam|Psyshock|p1a: Glorp
|-damage|p1a: Glorp|0 fnt
|faint|p1a: Glorp
|
|-weather|Sandstorm|[upkeep]
|upkeep
|
|t:|1727991679
|switch|p1a: Gibby|Excadrill, M|100/100
|-damage|p1a: Gibby|97/100|[from] Stealth Rock
|turn|15
|c| pex897|gg psyspam broken
|
|t:|1727991684
|switch|p2a: Gliscor|Gliscor, F|100/100 tox
|-damage|p2a: Gliscor|88/100 tox|[from] Stealth Rock
|move|p1a: Gibby|Iron Head|p2a: Gliscor
|-damage|p2a: Gliscor|42/100 tox
|
|-weather|Sandstorm|[upkeep]
|-heal|p2a: Gliscor|54/100 tox|[from] ability: Poison Heal
|upkeep
|turn|16
|
|t:|1727991690
|switch|p1a: Bibi|Celebi|41/100
|-damage|p1a: Bibi|28/100|[from] Stealth Rock
|move|p2a: Gliscor|Protect||[still]
|-fail|p2a: Gliscor
|
|-weather|Sandstorm|[upkeep]
|-damage|p1a: Bibi|22/100|[from] Sandstorm
|-heal|p1a: Bibi|28/100|[from] item: Leftovers
|-heal|p2a: Gliscor|67/100 tox|[from] ability: Poison Heal
|upkeep
|turn|17
|
|t:|1727991696
|switch|p2a: Rotom|Rotom-Wash|26/100
|-damage|p2a: Rotom|14/100|[from] Stealth Rock
|move|p1a: Bibi|Recover|p1a: Bibi
|-heal|p1a: Bibi|78/100
|
|-weather|Sandstorm|[upkeep]
|-damage|p1a: Bibi|72/100|[from] Sandstorm
|-damage|p2a: Rotom|7/100|[from] Sandstorm
|-heal|p1a: Bibi|78/100|[from] item: Leftovers
|-heal|p2a: Rotom|14/100|[from] item: Leftovers
|upkeep
|turn|18
|
|t:|1727991699
|move|p1a: Bibi|Nasty Plot|p1a: Bibi
|-boost|p1a: Bibi|spa|2
|move|p2a: Rotom|Volt Switch|p1a: Bibi
|-resisted|p1a: Bibi
|-damage|p1a: Bibi|69/100
|
|t:|1727991701
|switch|p2a: Alakazam|Alakazam, M|100/100|[from] Volt Switch
|
|-weather|Sandstorm|[upkeep]
|-damage|p1a: Bibi|63/100|[from] Sandstorm
|-heal|p1a: Bibi|69/100|[from] item: Leftovers
|upkeep
|turn|19
|
|t:|1727991707
|move|p2a: Alakazam|Signal Beam|p1a: Bibi
|-supereffective|p1a: Bibi
|-damage|p1a: Bibi|0 fnt
|faint|p1a: Bibi
|
|-weather|Sandstorm|[upkeep]
|upkeep
|
|t:|1727991714
|switch|p1a: Gibby|Excadrill, M|97/100
|-damage|p1a: Gibby|94/100|[from] Stealth Rock
|turn|20
|
|t:|1727991725
|switch|p2a: Rotom|Rotom-Wash|14/100
|-damage|p2a: Rotom|1/100|[from] Stealth Rock
|move|p1a: Gibby|Iron Head|p2a: Rotom
|-resisted|p2a: Rotom
|-damage|p2a: Rotom|0 fnt
|faint|p2a: Rotom
|
|-weather|Sandstorm|[upkeep]
|upkeep
|
|t:|1727991729
|switch|p2a: Excadrill|Excadrill, F|97/100
|-damage|p2a: Excadrill|94/100|[from] Stealth Rock
|turn|21
|
|t:|1727991733
|switch|p1a: Theodore|Landorus-Therian, M|59/100
|-damage|p1a: Theodore|46/100|[from] Stealth Rock
|-ability|p1a: Theodore|Intimidate|boost
|-unboost|p2a: Excadrill|atk|1
|move|p2a: Excadrill|Iron Head|p1a: Theodore
|-damage|p1a: Theodore|5/100
|
|-weather|Sandstorm|[upkeep]
|-heal|p1a: Theodore|11/100|[from] item: Leftovers
|upkeep
|turn|22
|
|t:|1727991740
|move|p2a: Excadrill|Iron Head|p1a: Theodore
|-damage|p1a: Theodore|0 fnt
|faint|p1a: Theodore
|
|-weather|Sandstorm|[upkeep]
|upkeep
|
|t:|1727991742
|switch|p1a: Gibby|Excadrill, M|94/100
|-damage|p1a: Gibby|91/100|[from] Stealth Rock
|turn|23
|
|t:|1727991745
|switch|p2a: Tyranitar|Tyranitar, F|100/100
|-damage|p2a: Tyranitar|88/100|[from] Stealth Rock
|move|p1a: Gibby|Earthquake|p2a: Tyranitar
|-supereffective|p2a: Tyranitar
|-damage|p2a: Tyranitar|0 fnt
|faint|p2a: Tyranitar
|
|-weather|Sandstorm|[upkeep]
|upkeep
|
|t:|1727991747
|switch|p2a: Gliscor|Gliscor, F|67/100 tox
|-damage|p2a: Gliscor|54/100 tox|[from] Stealth Rock
|turn|24
|
|t:|1727991750
|switch|p1a: Kendra|Keldeo|30/100
|-damage|p1a: Kendra|24/100|[from] Stealth Rock
|move|p2a: Gliscor|Earthquake|p1a: Kendra
|-damage|p1a: Kendra|0 fnt
|faint|p1a: Kendra
|
|-weather|Sandstorm|[upkeep]
|-heal|p2a: Gliscor|67/100 tox|[from] ability: Poison Heal
|upkeep
|
|t:|1727991752
|switch|p1a: Gibby|Excadrill, M|91/100
|-damage|p1a: Gibby|88/100|[from] Stealth Rock
|turn|25
|
|t:|1727991754
|move|p2a: Gliscor|Protect|p2a: Gliscor
|-singleturn|p2a: Gliscor|Protect
|move|p1a: Gibby|Iron Head|p2a: Gliscor
|-activate|p2a: Gliscor|move: Protect
|
|-weather|Sandstorm|[upkeep]
|-heal|p2a: Gliscor|79/100 tox|[from] ability: Poison Heal
|upkeep
|turn|26
|
|t:|1727991756
|move|p1a: Gibby|Iron Head|p2a: Gliscor
|-damage|p2a: Gliscor|28/100 tox
|move|p2a: Gliscor|Earthquake|p1a: Gibby
|-supereffective|p1a: Gibby
|-damage|p1a: Gibby|0 fnt
|faint|p1a: Gibby
|
|win|leoperi99
|raw|mudkipslaps's rating: 1425 &rarr; <strong>1414</strong><br />(-11 for losing)
|raw|leoperi99's rating: 1593 &rarr; <strong>1604</strong><br />(+11 for winning)
|c|☆leoperi99|gg
|c|☆mudkipslaps|gg
|l| pex897
|l|☆mudkipslaps
|player|p1|
