|j|☆dice
|j|☆emzzf
|player|p1|dice|hexmaniac-gen3
|player|p2|emzzf|184
|teamsize|p1|6
|teamsize|p2|6
|gametype|singles
|gen|5
|tier|[Gen 5] OU
|rated|
|rule|Sleep Clause Mod: Limit one foe put to sleep
|rule|Species Clause: Limit one of each Pokémon
|rule|OHKO Clause: OHKO moves are banned
|rule|Moody Clause: Moody is banned
|rule|Evasion Moves Clause: Evasion moves are banned
|rule|Endless Battle Clause: Forcing endless battles is banned
|rule|HP Percentage Mod: HP is shown in percentages
|rule|Evasion Abilities Clause: Evasion abilities are banned
|rule|Baton Pass Clause: Limit one Baton Passer, can't pass Spe and other stats simultaneously
|rule|Swagger Clause: Swagger is banned
|clearpoke
|poke|p1|Politoed, F|item
|poke|p1|Dragonite, F|item
|poke|p1|Gyarados, M|item
|poke|p1|Ferrothorn, M|item
|poke|p1|Excadrill, M|item
|poke|p1|Starmie|item
|poke|p2|Dragonite, M|item
|poke|p2|Jirachi|item
|poke|p2|Starmie|item
|poke|p2|Garchomp, F|item
|poke|p2|Kyurem-Black|item
|poke|p2|Magnezone|item
|teampreview
|c|☆emzzf|gl hf
|c|☆dice|u1
|c|☆dice|u2
|
|start
|switch|p1a: Starmie|Starmie|100/100
|switch|p2a: 铁头娃|Jirachi|100/100
|turn|1
|inactive|Battle timer is ON: inactive players will automatically lose when time's up. (requested by emzzf)
|
|move|p1a: Starmie|Trick|p2a: 铁头娃
|-activate|p1a: Starmie|move: Trick|[of] p2a: 铁头娃
|-item|p2a: 铁头娃|Flame Orb|[from] move: Trick
|-item|p1a: Starmie|Shuca Berry|[from] move: Trick
|move|p2a: 铁头娃|Stealth Rock|p1a: Starmie
|-sidestart|p1: dice|move: Stealth Rock
|
|-status|p2a: 铁头娃|brn|[from] item: Flame Orb
|upkeep
|turn|2
|
|move|p1a: Starmie|Hydro Pump|p2a: 铁头娃
|-damage|p2a: 铁头娃|59/100 brn
|move|p2a: 铁头娃|Thunder|p1a: Starmie
|-supereffective|p1a: Starmie
|-damage|p1a: Starmie|4/100
|-status|p1a: Starmie|par
|
|-damage|p2a: 铁头娃|47/100 brn|[from] brn
|upkeep
|turn|3
|inactive|emzzf has 120 seconds left.
|l|☆emzzf
|inactive|emzzf disconnected and has a minute to reconnect!
|player|p2|
|j|☆emzzf
|inactive|emzzf reconnected and has 100 seconds left.
|player|p2|emzzf|184
|
|switch|p1a: Excadrill|Excadrill, M|100/100
|-damage|p1a: Excadrill|97/100|[from] Stealth Rock
|-ability|p1a: Excadrill|Mold Breaker
|move|p2a: 铁头娃|Icy Wind|p1a: Excadrill
|-damage|p1a: Excadrill|77/100
|-unboost|p1a: Excadrill|spe|1
|
|-damage|p2a: 铁头娃|35/100 brn|[from] brn
|upkeep
|turn|4
|inactive|emzzf has 90 seconds left.
|
|switch|p2a: Garchomp|Garchomp, F|100/100
|move|p1a: Excadrill|Rapid Spin|p2a: Garchomp
|-damage|p2a: Garchomp|92/100
|-damage|p1a: Excadrill|64/100|[from] ability: Rough Skin|[of] p2a: Garchomp
|-sideend|p1: dice|Stealth Rock|[from] move: Rapid Spin|[of] p1a: Excadrill
|
|upkeep
|turn|5
|
|switch|p2a: Magnezone|Magnezone|100/100
|switch|p1a: Politoed|Politoed, F|100/100
|-weather|RainDance|[from] ability: Drizzle|[of] p1a: Politoed
|
|-weather|RainDance|[upkeep]
|upkeep
|turn|6
|
|move|p2a: Magnezone|Volt Switch|p1a: Politoed
|-supereffective|p1a: Politoed
|-crit|p1a: Politoed
|-damage|p1a: Politoed|0 fnt
|faint|p1a: Politoed
|c|☆emzzf|sorry
|inactive|emzzf has 90 seconds left.
|
|switch|p2a: 肥大的小神龙|Dragonite, M, shiny|100/100|[from]move: Volt Switch
|
|-weather|RainDance|[upkeep]
|upkeep
|inactive|dice has 120 seconds left.
|c|☆emzzf|1
|
|switch|p1a: Dragonite|Dragonite, F|100/100
|turn|7
|
|move|p2a: 肥大的小神龙|Dragon Dance|p2a: 肥大的小神龙
|-boost|p2a: 肥大的小神龙|atk|1
|-boost|p2a: 肥大的小神龙|spe|1
|move|p1a: Dragonite|Draco Meteor|p2a: 肥大的小神龙
|-supereffective|p2a: 肥大的小神龙
|-crit|p2a: 肥大的小神龙
|-damage|p2a: 肥大的小神龙|0 fnt
|-unboost|p1a: Dragonite|spa|2
|faint|p2a: 肥大的小神龙
|
|-weather|RainDance|[upkeep]
|upkeep
|
|switch|p2a: 铁头娃|Jirachi|35/100 brn
|turn|8
|
|switch|p1a: Starmie|Starmie|4/100
|move|p2a: 铁头娃|Stealth Rock|p1a: Starmie
|-sidestart|p1: dice|move: Stealth Rock
|
|-weather|RainDance|[upkeep]
|-damage|p2a: 铁头娃|23/100 brn|[from] brn
|upkeep
|turn|9
|inactive|emzzf has 120 seconds left.
|
|move|p1a: Starmie|Hydro Pump|p2a: 铁头娃
|-damage|p2a: 铁头娃|0 fnt
|faint|p2a: 铁头娃
|
|-weather|RainDance|[upkeep]
|upkeep
|
|switch|p2a: Garchomp|Garchomp, F|92/100
|turn|10
|
|switch|p1a: Gyarados|Gyarados, M|100/100
|-damage|p1a: Gyarados|76/100|[from] Stealth Rock
|-ability|p1a: Gyarados|Intimidate|boost
|-unboost|p2a: Garchomp|atk|1
|move|p2a: Garchomp|Earthquake|p1a: Gyarados
|-immune|p1a: Gyarados
|
|-weather|RainDance|[upkeep]
|-heal|p1a: Gyarados|82/100|[from] item: Leftovers
|upkeep
|turn|11
|
|switch|p2a: Magnezone|Magnezone|100/100
|switch|p1a: Excadrill|Excadrill, M|64/100
|-damage|p1a: Excadrill|61/100|[from] Stealth Rock
|-ability|p1a: Excadrill|Mold Breaker
|
|-weather|RainDance|[upkeep]
|upkeep
|turn|12
|
|move|p1a: Excadrill|Rapid Spin|p2a: Magnezone
|-resisted|p2a: Magnezone
|-damage|p2a: Magnezone|97/100
|-sideend|p1: dice|Stealth Rock|[from] move: Rapid Spin|[of] p1a: Excadrill
|move|p2a: Magnezone|Flash Cannon|p1a: Excadrill
|-resisted|p1a: Excadrill
|-damage|p1a: Excadrill|15/100
|
|-weather|RainDance|[upkeep]
|upkeep
|turn|13
|
|switch|p2a: Garchomp|Garchomp, F|92/100
|move|p1a: Excadrill|Rapid Spin|p2a: Garchomp
|-damage|p2a: Garchomp|85/100
|-damage|p1a: Excadrill|2/100|[from] ability: Rough Skin|[of] p2a: Garchomp
|
|-weather|RainDance|[upkeep]
|upkeep
|turn|14
|j| sam92
|
|switch|p1a: Ferrothorn|Ferrothorn, M|100/100
|move|p2a: Garchomp|Dual Chop|p1a: Ferrothorn
|-resisted|p1a: Ferrothorn
|-crit|p1a: Ferrothorn
|-damage|p1a: Ferrothorn|86/100
|-damage|p2a: Garchomp|72/100|[from] ability: Iron Barbs|[of] p1a: Ferrothorn
|-resisted|p1a: Ferrothorn
|-damage|p1a: Ferrothorn|78/100
|-damage|p2a: Garchomp|60/100|[from] ability: Iron Barbs|[of] p1a: Ferrothorn
|-hitcount|p1a: Ferrothorn|2
|
|-weather|RainDance|[upkeep]
|-heal|p1a: Ferrothorn|84/100|[from] item: Leftovers
|upkeep
|turn|15
|
|switch|p2a: Magnezone|Magnezone|97/100
|switch|p1a: Excadrill|Excadrill, M|2/100
|-ability|p1a: Excadrill|Mold Breaker
|
|-weather|RainDance|[upkeep]
|upkeep
|turn|16
|
|switch|p2a: Garchomp|Garchomp, F|60/100
|move|p1a: Excadrill|Earthquake|p2a: Garchomp
|-damage|p2a: Garchomp|0 fnt
|faint|p2a: Garchomp
|
|-weather|RainDance|[upkeep]
|upkeep
|
|switch|p2a: Kyurem|Kyurem-Black|100/100
|-ability|p2a: Kyurem|Teravolt
|turn|17
|
|switch|p1a: Dragonite|Dragonite, F|100/100
|move|p2a: Kyurem|Outrage|p1a: Dragonite
|-supereffective|p1a: Dragonite
|-crit|p1a: Dragonite
|-damage|p1a: Dragonite|0 fnt
|faint|p1a: Dragonite
|
|-weather|RainDance|[upkeep]
|upkeep
|
|switch|p1a: Ferrothorn|Ferrothorn, M|84/100
|turn|18
|
|move|p2a: Kyurem|Outrage|p1a: Ferrothorn|[from]lockedmove
|-resisted|p1a: Ferrothorn
|-damage|p1a: Ferrothorn|41/100
|-damage|p2a: Kyurem|88/100|[from] ability: Iron Barbs|[of] p1a: Ferrothorn
|move|p1a: Ferrothorn|Stealth Rock|p2a: Kyurem
|-sidestart|p2: emzzf|move: Stealth Rock
|
|-weather|RainDance|[upkeep]
|-heal|p1a: Ferrothorn|48/100|[from] item: Leftovers
|upkeep
|turn|19
|
|move|p2a: Kyurem|Outrage|p1a: Ferrothorn|[from]lockedmove
|-resisted|p1a: Ferrothorn
|-damage|p1a: Ferrothorn|2/100
|-damage|p2a: Kyurem|76/100|[from] ability: Iron Barbs|[of] p1a: Ferrothorn
|-start|p2a: Kyurem|confusion|[fatigue]
|move|p1a: Ferrothorn|Spikes|p2a: Kyurem
|-sidestart|p2: emzzf|Spikes
|
|-weather|RainDance|[upkeep]
|-heal|p1a: Ferrothorn|8/100|[from] item: Leftovers
|upkeep
|turn|20
|
|switch|p2a: 我觉得海星|Starmie|100/100
|-damage|p2a: 我觉得海星|88/100|[from] Stealth Rock
|-damage|p2a: 我觉得海星|76/100|[from] Spikes
|move|p1a: Ferrothorn|Power Whip|p2a: 我觉得海星
|-supereffective|p2a: 我觉得海星
|-damage|p2a: 我觉得海星|0 fnt
|faint|p2a: 我觉得海星
|
|-weather|RainDance|[upkeep]
|-heal|p1a: Ferrothorn|14/100|[from] item: Leftovers
|upkeep
|
|switch|p2a: Magnezone|Magnezone|97/100
|-damage|p2a: Magnezone|84/100|[from] Spikes
|-damage|p2a: Magnezone|78/100|[from] Stealth Rock
|turn|21
|j| vusty
|
|move|p2a: Magnezone|Volt Switch|p1a: Ferrothorn
|-resisted|p1a: Ferrothorn
|-damage|p1a: Ferrothorn|0 fnt
|faint|p1a: Ferrothorn
|
|switch|p2a: Kyurem|Kyurem-Black|76/100|[from]move: Volt Switch
|-damage|p2a: Kyurem|64/100|[from] Spikes
|-damage|p2a: Kyurem|39/100|[from] Stealth Rock
|-ability|p2a: Kyurem|Teravolt
|
|-weather|RainDance|[upkeep]
|upkeep
|
|switch|p1a: Starmie|Starmie|4/100
|turn|22
|
|switch|p2a: Magnezone|Magnezone|78/100
|-damage|p2a: Magnezone|72/100|[from] Stealth Rock
|-damage|p2a: Magnezone|60/100|[from] Spikes
|move|p1a: Starmie|Thunder|p2a: Magnezone
|-resisted|p2a: Magnezone
|-damage|p2a: Magnezone|40/100
|-status|p2a: Magnezone|par
|
|-weather|RainDance|[upkeep]
|upkeep
|turn|23
|
|move|p1a: Starmie|Hydro Pump|p2a: Magnezone
|-damage|p2a: Magnezone|0 fnt
|faint|p2a: Magnezone
|
|-weather|RainDance|[upkeep]
|upkeep
|
|switch|p2a: Kyurem|Kyurem-Black|39/100
|-damage|p2a: Kyurem|27/100|[from] Spikes
|-damage|p2a: Kyurem|2/100|[from] Stealth Rock
|-ability|p2a: Kyurem|Teravolt
|turn|24
|
|move|p1a: Starmie|Rapid Spin|p2a: Kyurem
|-damage|p2a: Kyurem|0 fnt
|faint|p2a: Kyurem
|
|win|dice
|c|☆dice|gg
|l|☆emzzf
|l|☆dice
|raw|dice's rating: 1458 &rarr; <strong>1470</strong><br />(+12 for winning)
|raw|emzzf's rating: 1317 &rarr; <strong>1305</strong><br />(-12 for losing)
|l| sam92
|j| sam92
