|j|☆doughboy
|j|☆blackkaiser
|player|p1|doughboy|266|1473
|player|p2|blackkaiser|101|1491
|teamsize|p1|6
|teamsize|p2|6
|gametype|singles
|gen|5
|tier|[Gen 5] OU
|rated|
|rule|Sleep Clause Mod: Limit one foe put to sleep
|rule|Species Clause: Limit one of each Pokémon
|rule|OHKO Clause: OHKO moves are banned
|rule|Moody Clause: Moody is banned
|rule|Evasion Moves Clause: Evasion moves are banned
|rule|Endless Battle Clause: Forcing endless battles is banned
|rule|HP Percentage Mod: HP is shown in percentages
|rule|Evasion Abilities Clause: Evasion abilities are banned
|rule|Baton Pass Clause: Limit one Baton Passer, can't pass Spe and other stats simultaneously
|rule|Swagger Clause: Swagger is banned
|clearpoke
|poke|p1|Starmie|item
|poke|p1|Metagross|item
|poke|p1|Garchomp, F|item
|poke|p1|Volcarona, M|item
|poke|p1|Dragonite, M|item
|poke|p1|Breloom, F|item
|poke|p2|Hippowdon, M|item
|poke|p2|Ferrothorn, M|item
|poke|p2|Jellicent, M|item
|poke|p2|Latios, M|item
|poke|p2|Garchomp, M|item
|poke|p2|Scizor, M|item
|teampreview
|inactive|Battle timer is ON: inactive players will automatically lose when time's up. (requested by blackkaiser)
|
|start
|switch|p1a: Starmie|Starmie|100/100
|switch|p2a: Latios|Latios, M, shiny|100/100
|turn|1
|inactive|doughboy has 120 seconds left.
|
|switch|p1a: Dragonite|Dragonite, M|100/100
|move|p2a: Latios|Draco Meteor|p1a: Dragonite
|-supereffective|p1a: Dragonite
|-damage|p1a: Dragonite|0 fnt
|-unboost|p2a: Latios|spa|2
|faint|p1a: Dragonite
|
|upkeep
|
|switch|p1a: Metagross|Metagross|100/100
|turn|2
|
|-activate|p2a: Latios|move: Pursuit
|move|p1a: Metagross|Pursuit|p2a: Latios|[from]Pursuit
|-supereffective|p2a: Latios
|-damage|p2a: Latios|13/100
|switch|p2a: Hippowdon|Hippowdon, M|100/100
|-weather|Sandstorm|[from] ability: Sand Stream|[of] p2a: Hippowdon
|
|-weather|Sandstorm|[upkeep]
|upkeep
|turn|3
|inactive|doughboy has 120 seconds left.
|
|switch|p1a: Breloom|Breloom, F|100/100
|move|p2a: Hippowdon|Stealth Rock|p1a: Breloom
|-sidestart|p1: doughboy|move: Stealth Rock
|
|-weather|Sandstorm|[upkeep]
|-damage|p1a: Breloom|94/100|[from] Sandstorm
|upkeep
|turn|4
|
|switch|p2a: Latios|Latios, M, shiny|13/100
|move|p1a: Breloom|Bullet Seed|p2a: Latios
|-resisted|p2a: Latios
|-damage|p2a: Latios|1/100
|-resisted|p2a: Latios
|-damage|p2a: Latios|0 fnt
|-hitcount|p2a: Latios|2
|-damage|p1a: Breloom|84/100|[from] item: Life Orb
|faint|p2a: Latios
|
|-weather|Sandstorm|[upkeep]
|-damage|p1a: Breloom|78/100|[from] Sandstorm
|upkeep
|
|switch|p2a: Scizor|Scizor, M|100/100
|turn|5
|
|switch|p1a: Metagross|Metagross|100/100
|-damage|p1a: Metagross|95/100|[from] Stealth Rock
|move|p2a: Scizor|Bullet Punch|p1a: Metagross
|-resisted|p1a: Metagross
|-damage|p1a: Metagross|71/100
|
|-weather|Sandstorm|[upkeep]
|upkeep
|turn|6
|
|switch|p2a: Ferrothorn|Ferrothorn, M|100/100
|move|p1a: Metagross|Hidden Power|p2a: Ferrothorn
|-supereffective|p2a: Ferrothorn
|-damage|p2a: Ferrothorn|33/100
|
|-weather|Sandstorm|[upkeep]
|upkeep
|turn|7
|
|switch|p2a: Hippowdon|Hippowdon, M|100/100
|move|p1a: Metagross|Hidden Power|p2a: Hippowdon
|-damage|p2a: Hippowdon|81/100
|
|-weather|Sandstorm|[upkeep]
|-heal|p2a: Hippowdon|87/100|[from] item: Leftovers
|upkeep
|turn|8
|
|switch|p1a: Breloom|Breloom, F|78/100
|-damage|p1a: Breloom|72/100|[from] Stealth Rock
|move|p2a: Hippowdon|Earthquake|p1a: Breloom
|-resisted|p1a: Breloom
|-damage|p1a: Breloom|44/100
|
|-weather|Sandstorm|[upkeep]
|-damage|p1a: Breloom|38/100|[from] Sandstorm
|-heal|p2a: Hippowdon|94/100|[from] item: Leftovers
|upkeep
|turn|9
|
|move|p1a: Breloom|Spore|p2a: Hippowdon
|-status|p2a: Hippowdon|slp|[from] move: Spore
|cant|p2a: Hippowdon|slp
|
|-weather|Sandstorm|[upkeep]
|-damage|p1a: Breloom|32/100|[from] Sandstorm
|-heal|p2a: Hippowdon|99/100 slp|[from] item: Leftovers
|upkeep
|turn|10
|
|-singleturn|p1a: Breloom|move: Focus Punch
|switch|p2a: Ferrothorn|Ferrothorn, M|33/100
|move|p1a: Breloom|Focus Punch|p2a: Ferrothorn
|-supereffective|p2a: Ferrothorn
|-damage|p2a: Ferrothorn|0 fnt
|-damage|p1a: Breloom|20/100|[from] ability: Iron Barbs|[of] p2a: Ferrothorn
|-damage|p1a: Breloom|3/100|[from] item: Rocky Helmet|[of] p2a: Ferrothorn
|-damage|p1a: Breloom|0 fnt|[from] item: Life Orb
|faint|p2a: Ferrothorn
|faint|p1a: Breloom
|
|-weather|Sandstorm|[upkeep]
|upkeep
|
|switch|p1a: Starmie|Starmie|100/100
|switch|p2a: Garchomp|Garchomp, M|100/100
|-damage|p1a: Starmie|88/100|[from] Stealth Rock
|turn|11
|
|switch|p2a: Jellicent|Jellicent, M|100/100
|move|p1a: Starmie|Rapid Spin|p2a: Jellicent
|-immune|p2a: Jellicent
|
|-weather|Sandstorm|[upkeep]
|-damage|p1a: Starmie|82/100|[from] Sandstorm
|-damage|p2a: Jellicent|94/100|[from] Sandstorm
|-heal|p2a: Jellicent|100/100|[from] item: Leftovers
|upkeep
|turn|12
|
|switch|p1a: Volcarona|Volcarona, M|100/100
|-damage|p1a: Volcarona|51/100|[from] Stealth Rock
|move|p2a: Jellicent|Shadow Ball|p1a: Volcarona
|-crit|p1a: Volcarona
|-damage|p1a: Volcarona|0 fnt
|faint|p1a: Volcarona
|
|-weather|Sandstorm|[upkeep]
|-damage|p2a: Jellicent|94/100|[from] Sandstorm
|-heal|p2a: Jellicent|100/100|[from] item: Leftovers
|upkeep
|
|switch|p1a: Metagross|Metagross|71/100
|-damage|p1a: Metagross|65/100|[from] Stealth Rock
|turn|13
|
|move|p1a: Metagross|Psychic|p2a: Jellicent
|-damage|p2a: Jellicent|79/100
|move|p2a: Jellicent|Scald|p1a: Metagross
|-damage|p1a: Metagross|37/100
|
|-weather|Sandstorm|[upkeep]
|-damage|p2a: Jellicent|73/100|[from] Sandstorm
|-heal|p2a: Jellicent|79/100|[from] item: Leftovers
|upkeep
|turn|14
|
|move|p1a: Metagross|Pursuit|p2a: Jellicent
|-supereffective|p2a: Jellicent
|-damage|p2a: Jellicent|46/100
|move|p2a: Jellicent|Will-O-Wisp|p1a: Metagross|[miss]
|-miss|p2a: Jellicent|p1a: Metagross
|
|-weather|Sandstorm|[upkeep]
|-damage|p2a: Jellicent|40/100|[from] Sandstorm
|-heal|p2a: Jellicent|46/100|[from] item: Leftovers
|upkeep
|turn|15
|
|move|p1a: Metagross|Pursuit|p2a: Jellicent
|-supereffective|p2a: Jellicent
|-damage|p2a: Jellicent|7/100
|move|p2a: Jellicent|Recover|p2a: Jellicent
|-heal|p2a: Jellicent|58/100
|
|-weather|Sandstorm|[upkeep]
|-damage|p2a: Jellicent|51/100|[from] Sandstorm
|-heal|p2a: Jellicent|58/100|[from] item: Leftovers
|upkeep
|turn|16
|
|move|p1a: Metagross|Pursuit|p2a: Jellicent
|-supereffective|p2a: Jellicent
|-damage|p2a: Jellicent|25/100
|move|p2a: Jellicent|Recover|p2a: Jellicent
|-heal|p2a: Jellicent|75/100
|
|-weather|Sandstorm|[upkeep]
|-damage|p2a: Jellicent|69/100|[from] Sandstorm
|-heal|p2a: Jellicent|75/100|[from] item: Leftovers
|upkeep
|turn|17
|
|move|p1a: Metagross|Pursuit|p2a: Jellicent
|-supereffective|p2a: Jellicent
|-damage|p2a: Jellicent|42/100
|move|p2a: Jellicent|Will-O-Wisp|p1a: Metagross
|-status|p1a: Metagross|brn
|
|-weather|Sandstorm|[upkeep]
|-damage|p2a: Jellicent|35/100|[from] Sandstorm
|-heal|p2a: Jellicent|42/100|[from] item: Leftovers
|-damage|p1a: Metagross|25/100 brn|[from] brn
|upkeep
|turn|18
|
|move|p1a: Metagross|Pursuit|p2a: Jellicent
|-supereffective|p2a: Jellicent
|-damage|p2a: Jellicent|25/100
|move|p2a: Jellicent|Recover|p2a: Jellicent
|-heal|p2a: Jellicent|75/100
|
|-weather|Sandstorm|[upkeep]
|-damage|p2a: Jellicent|69/100|[from] Sandstorm
|-heal|p2a: Jellicent|75/100|[from] item: Leftovers
|-damage|p1a: Metagross|12/100 brn|[from] brn
|upkeep
|turn|19
|
|move|p1a: Metagross|Psychic|p2a: Jellicent
|-damage|p2a: Jellicent|54/100
|move|p2a: Jellicent|Recover|p2a: Jellicent
|-heal|p2a: Jellicent|100/100
|
|-weather|Sandstorm|[upkeep]
|-damage|p2a: Jellicent|94/100|[from] Sandstorm
|-heal|p2a: Jellicent|100/100|[from] item: Leftovers
|-damage|p1a: Metagross|0 fnt|[from] brn
|faint|p1a: Metagross
|upkeep
|
|switch|p1a: Starmie|Starmie|82/100
|-damage|p1a: Starmie|70/100|[from] Stealth Rock
|turn|20
|
|move|p1a: Starmie|Trick|p2a: Jellicent
|-activate|p1a: Starmie|move: Trick|[of] p2a: Jellicent
|-item|p2a: Jellicent|Choice Specs|[from] move: Trick
|-item|p1a: Starmie|Leftovers|[from] move: Trick
|move|p2a: Jellicent|Shadow Ball|p1a: Starmie
|-supereffective|p1a: Starmie
|-damage|p1a: Starmie|0 fnt
|faint|p1a: Starmie
|
|-weather|Sandstorm|[upkeep]
|-damage|p2a: Jellicent|94/100|[from] Sandstorm
|upkeep
|
|switch|p1a: Garchomp|Garchomp, F|100/100
|-damage|p1a: Garchomp|94/100|[from] Stealth Rock
|turn|21
|
|move|p1a: Garchomp|Earthquake|p2a: Jellicent
|-damage|p2a: Jellicent|34/100
|move|p2a: Jellicent|Shadow Ball|p1a: Garchomp
|-damage|p1a: Garchomp|57/100
|-unboost|p1a: Garchomp|spd|1
|
|-weather|Sandstorm|[upkeep]
|-damage|p2a: Jellicent|28/100|[from] Sandstorm
|upkeep
|turn|22
|
|move|p1a: Garchomp|Earthquake|p2a: Jellicent
|-damage|p2a: Jellicent|0 fnt
|faint|p2a: Jellicent
|
|-weather|Sandstorm|[upkeep]
|upkeep
|
|switch|p2a: Garchomp|Garchomp, M|100/100
|turn|23
|
|move|p1a: Garchomp|Earthquake|p2a: Garchomp
|-damage|p2a: Garchomp|51/100
|move|p2a: Garchomp|Earthquake|p1a: Garchomp
|-damage|p1a: Garchomp|2/100
|-damage|p2a: Garchomp|41/100|[from] item: Life Orb
|
|-weather|Sandstorm|[upkeep]
|upkeep
|turn|24
|
|move|p1a: Garchomp|Earthquake|p2a: Garchomp
|-damage|p2a: Garchomp|0 fnt
|faint|p2a: Garchomp
|
|-weather|Sandstorm|[upkeep]
|upkeep
|
|switch|p2a: Scizor|Scizor, M|100/100
|turn|25
|
|move|p2a: Scizor|Bullet Punch|p1a: Garchomp
|-damage|p1a: Garchomp|0 fnt
|-damage|p2a: Scizor|88/100|[from] ability: Rough Skin|[of] p1a: Garchomp
|faint|p1a: Garchomp
|
|win|blackkaiser
|l|☆doughboy
|c|☆blackkaiser|gg
|raw|doughboy's rating: 1473 &rarr; <strong>1454</strong><br />(-19 for losing)
|raw|blackkaiser's rating: 1491 &rarr; <strong>1510</strong><br />(+19 for winning)
