|j|☆GrinchsBankAccount
|j|☆lolbw
|player|p1|GrinchsBankAccount|#zinnia
|player|p2|lolbw|2
|teamsize|p1|6
|teamsize|p2|6
|gametype|singles
|gen|5
|tier|[Gen 5] OU
|rated|
|rule|Sleep Clause Mod: Limit one foe put to sleep
|rule|Species Clause: Limit one of each Pokémon
|rule|OHKO Clause: OHKO moves are banned
|rule|Moody Clause: Moody is banned
|rule|Evasion Moves Clause: Evasion moves are banned
|rule|Endless Battle Clause: Forcing endless battles is banned
|rule|HP Percentage Mod: HP is shown in percentages
|rule|Evasion Abilities Clause: Evasion abilities are banned
|rule|Baton Pass Clause: Limit one Baton Passer, can't pass Spe and other stats simultaneously
|rule|Swagger Clause: Swagger is banned
|clearpoke
|poke|p1|Dodrio, M|item
|poke|p1|Raikou|item
|poke|p1|Hitmontop, M|item
|poke|p1|Magnezone|item
|poke|p1|Swampert, M|item
|poke|p1|Gyarados, F|item
|poke|p2|Landorus-Therian, M|item
|poke|p2|Tyranitar, M|item
|poke|p2|Ferrothorn, M|item
|poke|p2|Rotom-Wash|item
|poke|p2|Latios, M|item
|poke|p2|Alakazam, M|item
|teampreview
|inactive|Battle timer is ON: inactive players will automatically lose when time's up. (requested by lolbw)
|inactive|GrinchsBankAccount has 135 seconds left.
|
|start
|switch|p1a: Swampert|Swampert, M|100/100
|switch|p2a: Tyranitar|Tyranitar, M|100/100
|-weather|Sandstorm|[from] ability: Sand Stream|[of] p2a: Tyranitar
|turn|1
|
|switch|p2a: Ferrothorn|Ferrothorn, M|100/100
|move|p1a: Swampert|Scald|p2a: Ferrothorn
|-resisted|p2a: Ferrothorn
|-damage|p2a: Ferrothorn|91/100
|
|-weather|Sandstorm|[upkeep]
|-heal|p2a: Ferrothorn|97/100|[from] item: Leftovers
|upkeep
|turn|2
|inactive|GrinchsBankAccount has 135 seconds left.
|
|move|p1a: Swampert|Stealth Rock|p2a: Ferrothorn
|-sidestart|p2: lolbw|move: Stealth Rock
|move|p2a: Ferrothorn|Stealth Rock|p1a: Swampert
|-sidestart|p1: GrinchsBankAccount|move: Stealth Rock
|
|-weather|Sandstorm|[upkeep]
|-heal|p2a: Ferrothorn|100/100|[from] item: Leftovers
|upkeep
|turn|3
|
|switch|p1a: Magnezone|Magnezone|100/100
|-damage|p1a: Magnezone|94/100|[from] Stealth Rock
|move|p2a: Ferrothorn|Spikes|p1a: Magnezone
|-sidestart|p1: GrinchsBankAccount|Spikes
|
|-weather|Sandstorm|[upkeep]
|upkeep
|turn|4
|
|move|p1a: Magnezone|Toxic|p2a: Ferrothorn
|-immune|p2a: Ferrothorn|[msg]
|move|p2a: Ferrothorn|Leech Seed|p1a: Magnezone
|-start|p1a: Magnezone|move: Leech Seed
|
|-weather|Sandstorm|[upkeep]
|-damage|p1a: Magnezone|82/100|[from] Leech Seed|[of] p2a: Ferrothorn
|upkeep
|turn|5
|
|switch|p1a: Hitmontop|Hitmontop, M|100/100
|-damage|p1a: Hitmontop|88/100|[from] Spikes
|-damage|p1a: Hitmontop|82/100|[from] Stealth Rock
|-ability|p1a: Hitmontop|Intimidate|boost
|-unboost|p2a: Ferrothorn|atk|1
|move|p2a: Ferrothorn|Power Whip|p1a: Hitmontop
|-damage|p1a: Hitmontop|53/100
|
|-weather|Sandstorm|[upkeep]
|-damage|p1a: Hitmontop|47/100|[from] Sandstorm
|upkeep
|turn|6
|
|move|p1a: Hitmontop|Rapid Spin|p2a: Ferrothorn
|-resisted|p2a: Ferrothorn
|-damage|p2a: Ferrothorn|99/100
|-damage|p1a: Hitmontop|34/100|[from] ability: Iron Barbs|[of] p2a: Ferrothorn
|-sideend|p1: GrinchsBankAccount|Spikes|[from] move: Rapid Spin|[of] p1a: Hitmontop
|-sideend|p1: GrinchsBankAccount|Stealth Rock|[from] move: Rapid Spin|[of] p1a: Hitmontop
|move|p2a: Ferrothorn|Power Whip|p1a: Hitmontop
|-damage|p1a: Hitmontop|0 fnt
|faint|p1a: Hitmontop
|
|-weather|Sandstorm|[upkeep]
|-heal|p2a: Ferrothorn|100/100|[from] item: Leftovers
|upkeep
|
|switch|p1a: Magnezone|Magnezone|82/100
|turn|7
|
|move|p1a: Magnezone|Hidden Power|p2a: Ferrothorn
|-supereffective|p2a: Ferrothorn
|-damage|p2a: Ferrothorn|0 fnt
|faint|p2a: Ferrothorn
|
|-weather|Sandstorm|[upkeep]
|upkeep
|
|switch|p2a: Latios|Latios, M|100/100
|-damage|p2a: Latios|88/100|[from] Stealth Rock
|turn|8
|inactive|GrinchsBankAccount has 135 seconds left.
|
|switch|p1a: Gyarados|Gyarados, F|100/100
|-ability|p1a: Gyarados|Intimidate|boost
|-unboost|p2a: Latios|atk|1
|move|p2a: Latios|Dragon Pulse|p1a: Gyarados
|-damage|p1a: Gyarados|45/100
|
|-weather|Sandstorm|[upkeep]
|-damage|p2a: Latios|82/100|[from] Sandstorm
|-damage|p1a: Gyarados|39/100|[from] Sandstorm
|upkeep
|turn|9
|inactive|GrinchsBankAccount has 135 seconds left.
|
|move|p2a: Latios|Dragon Pulse|p1a: Gyarados
|-damage|p1a: Gyarados|0 fnt
|faint|p1a: Gyarados
|
|-weather|Sandstorm|[upkeep]
|-damage|p2a: Latios|76/100|[from] Sandstorm
|upkeep
|
|switch|p1a: Magnezone|Magnezone|82/100
|turn|10
|
|switch|p2a: Rotom|Rotom-Wash|100/100
|-damage|p2a: Rotom|88/100|[from] Stealth Rock
|move|p1a: Magnezone|Flash Cannon|p2a: Rotom
|-resisted|p2a: Rotom
|-damage|p2a: Rotom|64/100
|-unboost|p2a: Rotom|spd|1
|
|-weather|Sandstorm|[upkeep]
|-damage|p2a: Rotom|58/100|[from] Sandstorm
|-heal|p2a: Rotom|64/100|[from] item: Leftovers
|upkeep
|turn|11
|
|switch|p1a: Raikou|Raikou|100/100
|-ability|p1a: Raikou|Pressure
|move|p2a: Rotom|Will-O-Wisp|p1a: Raikou|[miss]
|-miss|p2a: Rotom|p1a: Raikou
|
|-weather|Sandstorm|[upkeep]
|-damage|p1a: Raikou|94/100|[from] Sandstorm
|-damage|p2a: Rotom|58/100|[from] Sandstorm
|-heal|p2a: Rotom|64/100|[from] item: Leftovers
|upkeep
|turn|12
|
|move|p1a: Raikou|Thunderbolt|p2a: Rotom
|-damage|p2a: Rotom|0 fnt
|-heal|p1a: Raikou|100/100|[from] item: Shell Bell|[of] p2a: Rotom
|faint|p2a: Rotom
|
|-weather|Sandstorm|[upkeep]
|-damage|p1a: Raikou|94/100|[from] Sandstorm
|upkeep
|
|switch|p2a: Tyranitar|Tyranitar, M|100/100
|-damage|p2a: Tyranitar|88/100|[from] Stealth Rock
|turn|13
|
|move|p1a: Raikou|Substitute|p1a: Raikou
|-start|p1a: Raikou|Substitute
|-damage|p1a: Raikou|69/100
|move|p2a: Tyranitar|Crunch|p1a: Raikou
|-end|p1a: Raikou|Substitute
|
|-weather|Sandstorm|[upkeep]
|-damage|p1a: Raikou|63/100|[from] Sandstorm
|upkeep
|turn|14
|
|switch|p1a: Swampert|Swampert, M|100/100
|move|p2a: Tyranitar|Crunch|p1a: Swampert
|-damage|p1a: Swampert|75/100
|
|-weather|Sandstorm|[upkeep]
|-heal|p1a: Swampert|81/100|[from] item: Leftovers
|upkeep
|turn|15
|
|switch|p2a: Latios|Latios, M|76/100
|-damage|p2a: Latios|64/100|[from] Stealth Rock
|move|p1a: Swampert|Scald|p2a: Latios
|-resisted|p2a: Latios
|-damage|p2a: Latios|52/100
|
|-weather|Sandstorm|[upkeep]
|-damage|p2a: Latios|46/100|[from] Sandstorm
|-heal|p1a: Swampert|87/100|[from] item: Leftovers
|upkeep
|turn|16
|inactive|GrinchsBankAccount has 135 seconds left.
|
|switch|p1a: Magnezone|Magnezone|82/100
|move|p2a: Latios|Draco Meteor|p1a: Magnezone
|-resisted|p1a: Magnezone
|-damage|p1a: Magnezone|23/100
|-unboost|p2a: Latios|spa|2
|
|-weather|Sandstorm|[upkeep]
|-damage|p2a: Latios|40/100|[from] Sandstorm
|upkeep
|turn|17
|
|move|p2a: Latios|Draco Meteor|p1a: Magnezone
|-resisted|p1a: Magnezone
|-damage|p1a: Magnezone|0 fnt
|-unboost|p2a: Latios|spa|2
|faint|p1a: Magnezone
|
|-weather|Sandstorm|[upkeep]
|-damage|p2a: Latios|34/100|[from] Sandstorm
|upkeep
|
|switch|p1a: Dodrio|Dodrio, M|100/100
|turn|18
|
|-activate|p2a: Latios|move: Pursuit
|move|p1a: Dodrio|Pursuit|p2a: Latios|[from]Pursuit
|-supereffective|p2a: Latios
|-damage|p2a: Latios|0 fnt
|faint|p2a: Latios
|
|-weather|Sandstorm|[upkeep]
|-damage|p1a: Dodrio|94/100|[from] Sandstorm
|upkeep
|
|switch|p2a: Tyranitar|Tyranitar, M|88/100
|-damage|p2a: Tyranitar|76/100|[from] Stealth Rock
|turn|19
|
|switch|p1a: Swampert|Swampert, M|87/100
|move|p2a: Tyranitar|Crunch|p1a: Swampert
|-damage|p1a: Swampert|63/100
|
|-weather|Sandstorm|[upkeep]
|-heal|p1a: Swampert|69/100|[from] item: Leftovers
|upkeep
|turn|20
|
|move|p2a: Tyranitar|Crunch|p1a: Swampert
|-damage|p1a: Swampert|44/100
|move|p1a: Swampert|Scald|p2a: Tyranitar
|-supereffective|p2a: Tyranitar
|-damage|p2a: Tyranitar|54/100
|-status|p2a: Tyranitar|brn
|
|-weather|Sandstorm|[upkeep]
|-heal|p1a: Swampert|50/100|[from] item: Leftovers
|-damage|p2a: Tyranitar|42/100 brn|[from] brn
|upkeep
|turn|21
|
|move|p2a: Tyranitar|Ice Beam|p1a: Swampert
|-damage|p1a: Swampert|32/100
|move|p1a: Swampert|Scald|p2a: Tyranitar
|-supereffective|p2a: Tyranitar
|-damage|p2a: Tyranitar|21/100 brn
|
|-weather|Sandstorm|[upkeep]
|-heal|p1a: Swampert|38/100|[from] item: Leftovers
|-damage|p2a: Tyranitar|9/100 brn|[from] brn
|upkeep
|turn|22
|
|move|p2a: Tyranitar|Ice Beam|p1a: Swampert
|-crit|p1a: Swampert
|-damage|p1a: Swampert|0 fnt
|faint|p1a: Swampert
|
|-weather|Sandstorm|[upkeep]
|-damage|p2a: Tyranitar|0 fnt|[from] brn
|upkeep
|faint|p2a: Tyranitar
|c|☆GrinchsBankAccount|course
|c|☆lolbw|?
|c|☆lolbw|i win regardless
|c|☆GrinchsBankAccount|the crit.
|inactive|lolbw has 135 seconds left.
|c|☆lolbw|didnt matter
|inactive|GrinchsBankAccount has 135 seconds left.
|
|switch|p2a: Landorus|Landorus-Therian, M|100/100
|switch|p1a: Raikou|Raikou|63/100
|-damage|p2a: Landorus|88/100|[from] Stealth Rock
|-ability|p2a: Landorus|Intimidate|boost
|-unboost|p1a: Raikou|atk|1
|-ability|p1a: Raikou|Pressure
|turn|23
|
|move|p2a: Landorus|Hidden Power|p1a: Raikou
|-damage|p1a: Raikou|46/100
|move|p1a: Raikou|Hidden Power|p2a: Landorus
|-supereffective|p2a: Landorus
|-damage|p2a: Landorus|0 fnt
|-heal|p1a: Raikou|59/100|[from] item: Shell Bell|[of] p2a: Landorus
|faint|p2a: Landorus
|
|-weather|Sandstorm|[upkeep]
|-damage|p1a: Raikou|53/100|[from] Sandstorm
|upkeep
|
|switch|p2a: Alakazam|Alakazam, M|100/100
|turn|24
|c|☆lolbw|zam won
|
|move|p2a: Alakazam|Psychic|p1a: Raikou
|-damage|p1a: Raikou|0 fnt
|faint|p1a: Raikou
|
|-weather|Sandstorm|[upkeep]
|upkeep
|
|switch|p1a: Dodrio|Dodrio, M|94/100
|turn|25
|
|move|p1a: Dodrio|Brave Bird|p2a: Alakazam
|-damage|p2a: Alakazam|0 fnt
|-damage|p1a: Dodrio|63/100|[from] Recoil
|faint|p2a: Alakazam
|
|win|GrinchsBankAccount
|raw|GrinchsBankAccount's rating: 1330 &rarr; <strong>1353</strong><br />(+23 for winning)
|raw|lolbw's rating: 1382 &rarr; <strong>1359</strong><br />(-23 for losing)
|c|☆GrinchsBankAccount|tch
|l|☆lolbw
