|j|☆kokontechi
|j|☆qscf331
|t:|1738731000
|gametype|singles
|player|p1|kokontechi|waiter-gen4dp|1364
|player|p2|qscf331|266|1329
|teamsize|p1|6
|teamsize|p2|6
|gen|5
|tier|[Gen 5] OU
|rated|
|rule|Species Clause: Limit one of each Pokémon
|rule|OHKO Clause: OHKO moves are banned
|rule|Moody Clause: Moody is banned
|rule|Evasion Items Clause: Evasion items are banned
|rule|Evasion Moves Clause: Evasion moves are banned
|rule|Endless Battle Clause: Forcing endless battles is banned
|rule|HP Percentage Mod: HP is shown in percentages
|rule|Evasion Abilities Clause: Evasion abilities are banned
|rule|Sleep Moves Clause: Sleep-inducing moves are banned
|rule|Swagger Clause: Swagger is banned
|rule|Baton Pass Stat Clause: No Baton Passer may have a way to boost its stats
|clearpoke
|poke|p1|Magnezone|item
|poke|p1|Jirachi|item
|poke|p1|Kyurem-Black|item
|poke|p1|Latios, M|item
|poke|p1|Salamence, F|item
|poke|p1|Garchomp, M|item
|poke|p2|Latios, M|item
|poke|p2|Skarmory, M|item
|poke|p2|Excadrill, M|item
|poke|p2|Tyranitar, M|item
|poke|p2|Keldeo|item
|poke|p2|Terrakion|item
|teampreview
|inactive|Battle timer is ON: inactive players will automatically lose when time's up. (requested by kokontechi)
|
|t:|1738731008
|start
|switch|p1a: Jirachi|Jirachi|100/100
|switch|p2a: Skarmory|Skarmory, M|100/100
|turn|1
|
|t:|1738731022
|move|p2a: Skarmory|Stealth Rock|p1a: Jirachi
|-sidestart|p1: kokontechi|move: Stealth Rock
|move|p1a: Jirachi|U-turn|p2a: Skarmory
|-resisted|p2a: Skarmory
|-damage|p2a: Skarmory|96/100
|
|t:|1738731025
|switch|p1a: Magnezone|Magnezone|100/100|[from] U-turn
|-damage|p1a: Magnezone|94/100|[from] Stealth Rock
|-item|p1a: Magnezone|Air Balloon
|
|upkeep
|turn|2
|
|t:|1738731027
|move|p2a: Skarmory|Spikes|p1a: Magnezone
|-sidestart|p1: kokontechi|Spikes
|move|p1a: Magnezone|Thunderbolt|p2a: Skarmory
|-supereffective|p2a: Skarmory
|-damage|p2a: Skarmory|0 fnt
|faint|p2a: Skarmory
|
|upkeep
|
|t:|1738731037
|switch|p2a: Keldeo|Keldeo|100/100
|turn|3
|
|t:|1738731039
|move|p2a: Keldeo|Secret Sword|p1a: Magnezone
|-supereffective|p1a: Magnezone
|-damage|p1a: Magnezone|2/100
|-enditem|p1a: Magnezone|Air Balloon
|move|p1a: Magnezone|Thunderbolt|p2a: Keldeo
|-supereffective|p2a: Keldeo
|-damage|p2a: Keldeo|0 fnt
|faint|p2a: Keldeo
|
|upkeep
|
|t:|1738731053
|switch|p2a: Tyranitar|Tyranitar, M|100/100
|-weather|Sandstorm|[from] ability: Sand Stream|[of] p2a: Tyranitar
|turn|4
|
|t:|1738731056
|move|p1a: Magnezone|Sunny Day|p1a: Magnezone
|-weather|SunnyDay
|move|p2a: Tyranitar|Crunch|p1a: Magnezone
|-resisted|p1a: Magnezone
|-damage|p1a: Magnezone|0 fnt
|faint|p1a: Magnezone
|
|-weather|SunnyDay|[upkeep]
|upkeep
|
|t:|1738731065
|switch|p1a: Garchomp|Garchomp, M|100/100
|-damage|p1a: Garchomp|94/100|[from] Stealth Rock
|-damage|p1a: Garchomp|82/100|[from] Spikes
|turn|5
|
|t:|1738731073
|move|p1a: Garchomp|Substitute|p1a: Garchomp
|-start|p1a: Garchomp|Substitute
|-damage|p1a: Garchomp|57/100
|move|p2a: Tyranitar|Crunch|p1a: Garchomp
|-end|p1a: Garchomp|Substitute
|
|-weather|SunnyDay|[upkeep]
|upkeep
|turn|6
|
|t:|1738731079
|move|p1a: Garchomp|Earthquake|p2a: Tyranitar
|-supereffective|p2a: Tyranitar
|-crit|p2a: Tyranitar
|-damage|p2a: Tyranitar|0 fnt
|faint|p2a: Tyranitar
|
|-weather|SunnyDay|[upkeep]
|upkeep
|
|t:|1738731081
|switch|p2a: Latios|Latios, M|100/100
|turn|7
|
|t:|1738731085
|move|p2a: Latios|Dragon Pulse|p1a: Garchomp
|-supereffective|p1a: Garchomp
|-damage|p1a: Garchomp|0 fnt
|faint|p1a: Garchomp
|
|-weather|SunnyDay|[upkeep]
|upkeep
|
|t:|1738731088
|switch|p1a: Jirachi|Jirachi|100/100
|-damage|p1a: Jirachi|94/100|[from] Stealth Rock
|-damage|p1a: Jirachi|82/100|[from] Spikes
|turn|8
|
|t:|1738731098
|switch|p2a: Excadrill|Excadrill, M|100/100
|move|p1a: Jirachi|U-turn|p2a: Excadrill
|-resisted|p2a: Excadrill
|-damage|p2a: Excadrill|89/100
|
|t:|1738731109
|switch|p1a: Latios|Latios, M|100/100|[from] U-turn
|-damage|p1a: Latios|88/100|[from] Stealth Rock
|
|-weather|none
|-heal|p2a: Excadrill|95/100|[from] item: Leftovers
|upkeep
|turn|9
|
|t:|1738731116
|move|p2a: Excadrill|Protect|p2a: Excadrill
|-singleturn|p2a: Excadrill|Protect
|move|p1a: Latios|Surf|p2a: Excadrill
|-activate|p2a: Excadrill|move: Protect
|
|-heal|p2a: Excadrill|100/100|[from] item: Leftovers
|upkeep
|turn|10
|
|t:|1738731118
|move|p1a: Latios|Surf|p2a: Excadrill
|-supereffective|p2a: Excadrill
|-damage|p2a: Excadrill|12/100
|move|p2a: Excadrill|Iron Head|p1a: Latios
|-damage|p1a: Latios|25/100
|
|-heal|p2a: Excadrill|18/100|[from] item: Leftovers
|upkeep
|turn|11
|
|t:|1738731122
|move|p1a: Latios|Surf|p2a: Excadrill
|-supereffective|p2a: Excadrill
|-damage|p2a: Excadrill|0 fnt
|faint|p2a: Excadrill
|
|upkeep
|
|t:|1738731124
|switch|p2a: Latios|Latios, M|100/100
|turn|12
|
|t:|1738731127
|switch|p1a: Jirachi|Jirachi|82/100
|-damage|p1a: Jirachi|76/100|[from] Stealth Rock
|-damage|p1a: Jirachi|63/100|[from] Spikes
|move|p2a: Latios|Dragon Pulse|p1a: Jirachi
|-resisted|p1a: Jirachi
|-damage|p1a: Jirachi|41/100
|
|-heal|p1a: Jirachi|47/100|[from] item: Leftovers
|upkeep
|turn|13
|
|t:|1738731138
|move|p2a: Latios|Dragon Pulse|p1a: Jirachi
|-resisted|p1a: Jirachi
|-crit|p1a: Jirachi
|-damage|p1a: Jirachi|0 fnt
|faint|p1a: Jirachi
|
|upkeep
|
|t:|1738731151
|switch|p1a: Salamence|Salamence, F|100/100
|-damage|p1a: Salamence|76/100|[from] Stealth Rock
|turn|14
|
|t:|1738731153
|move|p1a: Salamence|Outrage|p2a: Latios
|-supereffective|p2a: Latios
|-damage|p2a: Latios|0 fnt
|faint|p2a: Latios
|-ability|p1a: Salamence|Moxie|boost
|-boost|p1a: Salamence|atk|1
|
|upkeep
|
|t:|1738731155
|switch|p2a: Terrakion|Terrakion|100/100
|turn|15
|
|t:|1738731157
|move|p2a: Terrakion|Rock Slide|p1a: Salamence
|-supereffective|p1a: Salamence
|-damage|p1a: Salamence|0 fnt
|faint|p1a: Salamence
|
|upkeep
|
|t:|1738731164
|switch|p1a: Latios|Latios, M|25/100
|-damage|p1a: Latios|13/100|[from] Stealth Rock
|turn|16
|
|t:|1738731169
|move|p1a: Latios|Surf|p2a: Terrakion
|-supereffective|p2a: Terrakion
|-damage|p2a: Terrakion|19/100
|move|p2a: Terrakion|Rock Slide|p1a: Latios
|-damage|p1a: Latios|0 fnt
|faint|p1a: Latios
|
|upkeep
|
|t:|1738731172
|switch|p1a: Kyurem|Kyurem-Black|100/100
|-damage|p1a: Kyurem|75/100|[from] Stealth Rock
|-damage|p1a: Kyurem|63/100|[from] Spikes
|-ability|p1a: Kyurem|Teravolt
|turn|17
|
|t:|1738731176
|move|p2a: Terrakion|Rock Slide|p1a: Kyurem
|-supereffective|p1a: Kyurem
|-damage|p1a: Kyurem|0 fnt
|faint|p1a: Kyurem
|
|win|qscf331
|raw|kokontechi's rating: 1364 &rarr; <strong>1342</strong><br />(-22 for losing)
|raw|qscf331's rating: 1329 &rarr; <strong>1351</strong><br />(+22 for winning)
