|join|iowna360x
|join|dtw
|player|p1|iowna360x|87
|player|p2|dtw|1
|gametype|singles
|gen|5
|tier|[Gen 5] OU
|rated
|rule|Evasion Abilities Clause: Evasion abilities are banned
|clearpoke
|poke|p1|Landorus-Therian, M
|poke|p1|Azumarill, M
|poke|p1|Latias, F
|poke|p1|Tyranitar, M
|poke|p1|Breloom, F
|poke|p1|Jirachi
|poke|p2|Breloom, F
|poke|p2|Tentacruel, M
|poke|p2|Scizor, F
|poke|p2|Gengar, M
|poke|p2|Gliscor, M
|poke|p2|Sableye, F
|rule|Sleep Clause Mod: Limit one foe put to sleep
|rule|Species Clause: Limit one of each Pokemon
|rule|OHKO Clause: OHKO moves are banned
|rule|Moody Clause: Moody is banned
|rule|Evasion Moves Clause: Evasion moves are banned
|rule|Endless Battle Clause: Forcing endless battles is banned.
|rule|HP Percentage Mod: HP is reported as percentages
|teampreview
|
|start
|switch|p1a: Landorus-Therian|Landorus-Therian, M|319/319
|switch|p2a: Sableye|Sableye, F|304/304
|-ability|p1a: Landorus-Therian|Intimidate|[of] p2a: Sableye
|-unboost|p2a: Sableye|atk|1
|turn|1
|
|move|p2a: Sableye|Will-O-Wisp|p1a: Landorus-Therian
|-status|p1a: Landorus-Therian|brn
|move|p1a: Landorus-Therian|U-turn|p2a: Sableye
|-damage|p2a: Sableye|231/304
|-damage|p1a: Landorus-Therian|288/319 brn|[from] item: Life Orb
|
|switch|p1a: Latias|Latias, F|364/364
|
|-heal|p2a: Sableye|250/304|[from] item: Leftovers
|turn|2
|
|move|p1a: Latias|Toxic|p2a: Sableye
|-status|p2a: Sableye|tox
|move|p2a: Sableye|Snarl|p1a: Latias
|-supereffective|p1a: Latias
|-damage|p1a: Latias|286/364
|-unboost|p1a: Latias|spa|1
|
|-heal|p1a: Latias|308/364|[from] item: Leftovers
|-heal|p2a: Sableye|269/304 tox|[from] item: Leftovers
|-damage|p2a: Sableye|250/304 tox|[from] psn
|turn|3
|
|switch|p1a: Landorus-Therian|Landorus-Therian, M|288/319 brn
|-ability|p1a: Landorus-Therian|Intimidate|[of] p2a: Sableye
|-unboost|p2a: Sableye|atk|1
|move|p2a: Sableye|Will-O-Wisp|p1a: Landorus-Therian|[miss]
|-miss|p2a: Sableye|p1a: Landorus-Therian
|
|-heal|p2a: Sableye|269/304 tox|[from] item: Leftovers
|-damage|p1a: Landorus-Therian|249/319 brn|[from] brn
|-damage|p2a: Sableye|231/304 tox|[from] psn
|turn|4
|
|move|p2a: Sableye|Will-O-Wisp|p1a: Landorus-Therian|[miss]
|-miss|p2a: Sableye|p1a: Landorus-Therian
|move|p1a: Landorus-Therian|Stealth Rock|p2a: Sableye
|-sidestart|p2: dtw|move: Stealth Rock
|
|-heal|p2a: Sableye|250/304 tox|[from] item: Leftovers
|-damage|p1a: Landorus-Therian|210/319 brn|[from] brn
|-damage|p2a: Sableye|193/304 tox|[from] psn
|turn|5
|
|move|p1a: Landorus-Therian|Earthquake|p2a: Sableye
|-damage|p2a: Sableye|32/304 tox
|-damage|p1a: Landorus-Therian|179/319 brn|[from] item: Life Orb
|move|p2a: Sableye|Snarl|p1a: Landorus-Therian
|-damage|p1a: Landorus-Therian|127/319 brn
|-unboost|p1a: Landorus-Therian|spa|1
|
|-heal|p2a: Sableye|51/304 tox|[from] item: Leftovers
|-damage|p1a: Landorus-Therian|88/319 brn|[from] brn
|-damage|p2a: Sableye|0 fnt|[from] psn
|faint|p2a: Sableye
|
|switch|p2a: Tentacruel|Tentacruel, M|363/363
|-damage|p2a: Tentacruel|318/363|[from] Stealth Rock
|turn|6
|
|move|p1a: Landorus-Therian|U-turn|p2a: Tentacruel
|-resisted|p2a: Tentacruel
|-damage|p2a: Tentacruel|291/363
|-damage|p1a: Landorus-Therian|57/319 brn|[from] item: Life Orb
|
|switch|p1a: Jirachi|Jirachi|342/342
|move|p2a: Tentacruel|Toxic Spikes|p1a: Jirachi
|-sidestart|p1: iowna360x|move: Toxic Spikes
|
|-heal|p2a: Tentacruel|313/363|[from] item: Black Sludge
|turn|7
|
|move|p1a: Jirachi|Trick|p2a: Tentacruel
|-activate|p1a: Jirachi|move: Trick|[of] p2a: Tentacruel
|-item|p2a: Tentacruel|Choice Scarf|[from] move: Trick
|-item|p1a: Jirachi|Black Sludge|[from] move: Trick
|move|p2a: Tentacruel|Toxic Spikes|p1a: Jirachi
|-sidestart|p1: iowna360x|move: Toxic Spikes
|
|-damage|p1a: Jirachi|300/342|[from] item: Black Sludge
|turn|8
|
|switch|p2a: Gliscor|Gliscor, M|354/354
|-damage|p2a: Gliscor|310/354|[from] Stealth Rock
|move|p1a: Jirachi|U-turn|p2a: Gliscor
|-resisted|p2a: Gliscor
|-damage|p2a: Gliscor|287/354
|
|switch|p1a: Breloom|Breloom, F|323/323
|-status|p1a: Breloom|tox
|
|-status|p2a: Gliscor|tox|[from] item: Toxic Orb
|turn|9
|
|move|p2a: Gliscor|Substitute|p2a: Gliscor
|-start|p2a: Gliscor|Substitute
|-damage|p2a: Gliscor|199/354 tox
|move|p1a: Breloom|Leech Seed|p2a: Gliscor
|
|-heal|p2a: Gliscor|243/354 tox|[from] ability: Poison Heal
|turn|10
|
|switch|p1a: Azumarill|Azumarill, M|404/404
|-status|p1a: Azumarill|tox
|move|p2a: Gliscor|Taunt|p1a: Azumarill
|-start|p1a: Azumarill|move: Taunt
|
|-heal|p2a: Gliscor|287/354 tox|[from] ability: Poison Heal
|-damage|p1a: Azumarill|379/404 tox|[from] psn
|turn|11
|
|move|p1a: Azumarill|Aqua Jet|p2a: Gliscor
|-supereffective|p2a: Gliscor
|-end|p2a: Gliscor|Substitute
|move|p2a: Gliscor|Earthquake|p1a: Azumarill
|-damage|p1a: Azumarill|241/404 tox
|
|-heal|p2a: Gliscor|331/354 tox|[from] ability: Poison Heal
|-damage|p1a: Azumarill|191/404 tox|[from] psn
|turn|12
|
|move|p1a: Azumarill|Aqua Jet|p2a: Gliscor
|-supereffective|p2a: Gliscor
|-damage|p2a: Gliscor|155/354 tox
|move|p2a: Gliscor|Substitute|p2a: Gliscor
|-start|p2a: Gliscor|Substitute
|-damage|p2a: Gliscor|67/354 tox
|
|-heal|p2a: Gliscor|111/354 tox|[from] ability: Poison Heal
|-damage|p1a: Azumarill|116/404 tox|[from] psn
|turn|13
|
|move|p1a: Azumarill|Aqua Jet|p2a: Gliscor
|-supereffective|p2a: Gliscor
|-end|p2a: Gliscor|Substitute
|move|p2a: Gliscor|Substitute|p2a: Gliscor
|-start|p2a: Gliscor|Substitute
|-damage|p2a: Gliscor|23/354 tox
|
|-heal|p2a: Gliscor|67/354 tox|[from] ability: Poison Heal
|-damage|p1a: Azumarill|16/404 tox|[from] psn
|-end|p1a: Azumarill|move: Taunt
|turn|14
|
|move|p1a: Azumarill|Aqua Jet|p2a: Gliscor
|-supereffective|p2a: Gliscor
|-end|p2a: Gliscor|Substitute
|move|p2a: Gliscor|Earthquake|p1a: Azumarill
|-damage|p1a: Azumarill|0 fnt
|faint|p1a: Azumarill
|
|-heal|p2a: Gliscor|111/354 tox|[from] ability: Poison Heal
|
|switch|p1a: Jirachi|Jirachi|300/342
|turn|15
|
|move|p1a: Jirachi|Ice Punch|p2a: Gliscor
|-supereffective|p2a: Gliscor
|-damage|p2a: Gliscor|0 fnt
|faint|p2a: Gliscor
|
|-damage|p1a: Jirachi|258/342|[from] item: Black Sludge
|
|switch|p2a: Tentacruel|Tentacruel, M|313/363
|-damage|p2a: Tentacruel|268/363|[from] Stealth Rock
|turn|16
|
|move|p2a: Tentacruel|Rapid Spin|p1a: Jirachi
|-resisted|p1a: Jirachi
|-damage|p1a: Jirachi|252/342
|-sideend|p2: dtw|Stealth Rock|[from] move: Rapid Spin|[of] p2a: Tentacruel
|move|p1a: Jirachi|U-turn|p2a: Tentacruel
|-crit|p2a: Tentacruel
|-resisted|p2a: Tentacruel
|-damage|p2a: Tentacruel|200/363
|
|switch|p1a: Breloom|Breloom, F|323/323 tox
|
|turn|17
|
|move|p2a: Tentacruel|Rapid Spin|p1a: Breloom
|-damage|p1a: Breloom|314/323 tox
|move|p1a: Breloom|Spore|p2a: Tentacruel
|-status|p2a: Tentacruel|slp
|
|-heal|p1a: Breloom|323/323 tox|[from] ability: Poison Heal
|turn|18
|
|switch|p2a: Scizor|Scizor, F|343/343
|switch|p1a: Latias|Latias, F|308/364
|
|-heal|p1a: Latias|330/364|[from] item: Leftovers
|turn|19
|
|move|p1a: Latias|Hidden Power|p2a: Scizor
|-supereffective|p2a: Scizor
|-damage|p2a: Scizor|83/343
|move|p2a: Scizor|U-turn|p1a: Latias
|-supereffective|p1a: Latias
|-damage|p1a: Latias|0 fnt
|faint|p1a: Latias
|
|switch|p2a: Tentacruel|Tentacruel, M|200/363 slp
|
|
|switch|p1a: Landorus-Therian|Landorus-Therian, M|57/319 brn
|-ability|p1a: Landorus-Therian|Intimidate|[of] p2a: Tentacruel
|-unboost|p2a: Tentacruel|atk|1
|turn|20
|
|cant|p2a: Tentacruel|slp
|move|p1a: Landorus-Therian|Stealth Rock|p2a: Tentacruel
|-sidestart|p2: dtw|move: Stealth Rock
|
|-damage|p1a: Landorus-Therian|18/319 brn|[from] brn
|turn|21
|
|cant|p2a: Tentacruel|slp
|move|p1a: Landorus-Therian|Earthquake|p2a: Tentacruel
|-supereffective|p2a: Tentacruel
|-damage|p2a: Tentacruel|0 fnt
|-damage|p1a: Landorus-Therian|0 fnt|[from] item: Life Orb
|faint|p2a: Tentacruel
|faint|p1a: Landorus-Therian
|
|
|switch|p1a: Jirachi|Jirachi|252/342
|switch|p2a: Scizor|Scizor, F|83/343
|-damage|p2a: Scizor|41/343|[from] Stealth Rock
|turn|22
|
|move|p2a: Scizor|Bullet Punch|p1a: Jirachi
|-resisted|p1a: Jirachi
|-damage|p1a: Jirachi|165/342
|move|p1a: Jirachi|Iron Head|p2a: Scizor
|-resisted|p2a: Scizor
|-damage|p2a: Scizor|0 fnt
|faint|p2a: Scizor
|
|-damage|p1a: Jirachi|123/342|[from] item: Black Sludge
|
|switch|p2a: Gengar|Gengar, M|262/262
|-damage|p2a: Gengar|230/262|[from] Stealth Rock
|turn|23
|
|move|p2a: Gengar|Substitute|p2a: Gengar
|-start|p2a: Gengar|Substitute
|-damage|p2a: Gengar|165/262
|move|p1a: Jirachi|Iron Head|p2a: Gengar
|-end|p2a: Gengar|Substitute
|
|-heal|p2a: Gengar|181/262|[from] item: Black Sludge
|-damage|p1a: Jirachi|81/342|[from] item: Black Sludge
|turn|24
|
|move|p2a: Gengar|Substitute|p2a: Gengar
|-start|p2a: Gengar|Substitute
|-damage|p2a: Gengar|116/262
|move|p1a: Jirachi|Iron Head|p2a: Gengar
|-end|p2a: Gengar|Substitute
|
|-heal|p2a: Gengar|132/262|[from] item: Black Sludge
|-damage|p1a: Jirachi|39/342|[from] item: Black Sludge
|turn|25
|
|move|p2a: Gengar|Substitute|p2a: Gengar
|-start|p2a: Gengar|Substitute
|-damage|p2a: Gengar|67/262
|move|p1a: Jirachi|Iron Head|p2a: Gengar
|-end|p2a: Gengar|Substitute
|
|-heal|p2a: Gengar|83/262|[from] item: Black Sludge
|-damage|p1a: Jirachi|0 fnt|[from] item: Black Sludge
|faint|p1a: Jirachi
|
|switch|p1a: Breloom|Breloom, F|323/323 tox
|turn|26
|
|move|p2a: Gengar|Substitute|p2a: Gengar
|-start|p2a: Gengar|Substitute
|-damage|p2a: Gengar|18/262
|move|p1a: Breloom|Spore|p2a: Gengar
|
|-heal|p2a: Gengar|34/262|[from] item: Black Sludge
|turn|27
|
|switch|p1a: Tyranitar|Tyranitar, M|341/341
|-status|p1a: Tyranitar|tox
|-weather|Sandstorm|[from] ability: Sand Stream|[of] p1a: Tyranitar
|move|p2a: Gengar|Shadow Ball|p1a: Tyranitar
|-resisted|p1a: Tyranitar
|-damage|p1a: Tyranitar|296/341 tox
|
|-weather|Sandstorm|[upkeep]
|-damage|p2a: Gengar|18/262|[from] sandstorm
|-heal|p2a: Gengar|34/262|[from] item: Black Sludge
|-damage|p1a: Tyranitar|275/341 tox|[from] psn
|turn|28
|
|move|p2a: Gengar|Focus Blast|p1a: Tyranitar
|-supereffective|p1a: Tyranitar
|-damage|p1a: Tyranitar|0 fnt
|faint|p1a: Tyranitar
|
|-weather|Sandstorm|[upkeep]
|-damage|p2a: Gengar|18/262|[from] sandstorm
|-heal|p2a: Gengar|34/262|[from] item: Black Sludge
|-message|iowna360x forfeited.
|
|win|dtw
|raw|Ladder updating...
|leave|iowna360x
|player|p1
|raw|iowna360x's rating: 1352 &rarr; <strong>1333</strong><br />(-19 for losing)
|raw|dtw's rating: 1376 &rarr; <strong>1394</strong><br />(+18 for winning)