|j|☆GimmickMigui
|j|☆onionbunion
|t:|1743613945
|gametype|singles
|player|p1|GimmickMigui|hoopster|1430
|player|p2|onionbunion|gentleman-gen1rb|1513
|teamsize|p1|6
|teamsize|p2|6
|gen|5
|tier|[Gen 5] OU
|rated|
|rule|Species Clause: Limit one of each Pokémon
|rule|OHKO Clause: OHKO moves are banned
|rule|Moody Clause: Moody is banned
|rule|Evasion Items Clause: Evasion items are banned
|rule|Evasion Moves Clause: Evasion moves are banned
|rule|Endless Battle Clause: Forcing endless battles is banned
|rule|HP Percentage Mod: HP is shown in percentages
|rule|Evasion Abilities Clause: Evasion abilities are banned
|rule|Sleep Moves Clause: Sleep-inducing moves are banned
|rule|Swagger Clause: Swagger is banned
|rule|Baton Pass Stat Clause: No Baton Passer may have a way to boost its stats
|clearpoke
|poke|p1|Abomasnow, M|item
|poke|p1|Garchomp, M|item
|poke|p1|Jirachi|item
|poke|p1|Starmie|item
|poke|p1|Mamoswine, M|item
|poke|p1|Latios, M|item
|poke|p2|Skarmory, F|item
|poke|p2|Tyranitar, M|item
|poke|p2|Alakazam, F|item
|poke|p2|Latios, M|item
|poke|p2|Keldeo|item
|poke|p2|Excadrill, M|item
|teampreview
|j| Rlly6
|inactive|Battle timer is ON: inactive players will automatically lose when time's up. (requested by GimmickMigui)
|
|t:|1743614002
|start
|switch|p1a: Kim Jong-Un|Abomasnow, M|100/100
|switch|p2a: Keldeo|Keldeo|100/100
|-weather|Hail|[from] ability: Snow Warning|[of] p1a: Kim Jong-Un
|turn|1
|
|t:|1743614017
|move|p2a: Keldeo|Secret Sword|p1a: Kim Jong-Un
|-supereffective|p1a: Kim Jong-Un
|-enditem|p1a: Kim Jong-Un|Focus Sash
|-damage|p1a: Kim Jong-Un|1/100
|move|p1a: Kim Jong-Un|Giga Drain|p2a: Keldeo
|-supereffective|p2a: Keldeo
|-damage|p2a: Keldeo|19/100
|-heal|p1a: Kim Jong-Un|42/100|[from] drain|[of] p2a: Keldeo
|
|-weather|Hail|[upkeep]
|-damage|p2a: Keldeo|13/100|[from] Hail
|-heal|p2a: Keldeo|19/100|[from] item: Leftovers
|upkeep
|turn|2
|
|t:|1743614031
|switch|p1a: Ben Laden|Starmie|100/100
|-item|p1a: Ben Laden|Air Balloon
|move|p2a: Keldeo|Secret Sword|p1a: Ben Laden
|-resisted|p1a: Ben Laden
|-damage|p1a: Ben Laden|68/100
|-enditem|p1a: Ben Laden|Air Balloon
|
|-weather|Hail|[upkeep]
|-damage|p1a: Ben Laden|62/100|[from] Hail
|-damage|p2a: Keldeo|13/100|[from] Hail
|-heal|p2a: Keldeo|19/100|[from] item: Leftovers
|upkeep
|turn|3
|
|t:|1743614039
|move|p2a: Keldeo|Protect|p2a: Keldeo
|-singleturn|p2a: Keldeo|Protect
|move|p1a: Ben Laden|Hydro Pump|p2a: Keldeo
|-activate|p2a: Keldeo|move: Protect
|
|-weather|Hail|[upkeep]
|-damage|p1a: Ben Laden|56/100|[from] Hail
|-damage|p2a: Keldeo|13/100|[from] Hail
|-heal|p2a: Keldeo|19/100|[from] item: Leftovers
|upkeep
|turn|4
|inactive|onionbunion has 120 seconds left.
|
|t:|1743614080
|move|p1a: Ben Laden|Thunderbolt|p2a: Keldeo
|-supereffective|p2a: Keldeo
|-damage|p2a: Keldeo|0 fnt
|faint|p2a: Keldeo
|
|-weather|Hail|[upkeep]
|-damage|p1a: Ben Laden|50/100|[from] Hail
|upkeep
|
|t:|1743614099
|switch|p2a: Alakazam|Alakazam, F|100/100
|turn|5
|
|t:|1743614103
|switch|p1a: Kanye West|Jirachi|100/100
|move|p2a: Alakazam|Shadow Ball|p1a: Kanye West
|-damage|p1a: Kanye West|75/100
|-unboost|p1a: Kanye West|spd|1
|
|-weather|Hail|[upkeep]
|-damage|p1a: Kanye West|69/100|[from] Hail
|-heal|p1a: Kanye West|75/100|[from] item: Leftovers
|upkeep
|turn|6
|
|t:|1743614109
|switch|p2a: Skarmory|Skarmory, F|100/100
|move|p1a: Kanye West|Thunder|p2a: Skarmory|[miss]
|-miss|p1a: Kanye West|p2a: Skarmory
|
|-weather|Hail|[upkeep]
|-damage|p1a: Kanye West|69/100|[from] Hail
|-damage|p2a: Skarmory|95/100|[from] Hail
|-heal|p1a: Kanye West|75/100|[from] item: Leftovers
|upkeep
|turn|7
|inactive|onionbunion has 120 seconds left.
|
|t:|1743614123
|move|p1a: Kanye West|Stealth Rock|p2a: Skarmory
|-sidestart|p2: onionbunion|move: Stealth Rock
|move|p2a: Skarmory|Spikes|p1a: Kanye West
|-sidestart|p1: GimmickMigui|Spikes
|
|-weather|Hail|[upkeep]
|-damage|p1a: Kanye West|69/100|[from] Hail
|-damage|p2a: Skarmory|89/100|[from] Hail
|-heal|p1a: Kanye West|75/100|[from] item: Leftovers
|upkeep
|turn|8
|inactive|onionbunion has 120 seconds left.
|
|t:|1743614141
|switch|p2a: Excadrill|Excadrill, M|100/100
|-damage|p2a: Excadrill|97/100|[from] Stealth Rock
|-ability|p2a: Excadrill|Mold Breaker
|move|p1a: Kanye West|Icy Wind|p2a: Excadrill
|-damage|p2a: Excadrill|81/100
|-unboost|p2a: Excadrill|spe|1
|
|-weather|Hail|[upkeep]
|-damage|p2a: Excadrill|75/100|[from] Hail
|-damage|p1a: Kanye West|69/100|[from] Hail
|-heal|p1a: Kanye West|75/100|[from] item: Leftovers
|upkeep
|turn|9
|inactive|onionbunion has 120 seconds left.
|
|t:|1743614153
|move|p2a: Excadrill|Earthquake|p1a: Kanye West
|-supereffective|p1a: Kanye West
|-damage|p1a: Kanye West|0 fnt
|faint|p1a: Kanye West
|
|-weather|Hail|[upkeep]
|-damage|p2a: Excadrill|69/100|[from] Hail
|upkeep
|
|t:|1743614177
|switch|p1a: Che Guevara|Latios, M|100/100
|turn|10
|inactive|onionbunion has 120 seconds left.
|
|t:|1743614191
|switch|p2a: Skarmory|Skarmory, F|89/100
|-damage|p2a: Skarmory|76/100|[from] Stealth Rock
|move|p1a: Che Guevara|Calm Mind|p1a: Che Guevara
|-boost|p1a: Che Guevara|spa|1
|-boost|p1a: Che Guevara|spd|1
|
|-weather|Hail|[upkeep]
|-damage|p1a: Che Guevara|95/100|[from] Hail
|-damage|p2a: Skarmory|70/100|[from] Hail
|upkeep
|turn|11
|inactive|onionbunion has 120 seconds left.
|
|t:|1743614208
|move|p1a: Che Guevara|Hidden Power|p2a: Skarmory
|-supereffective|p2a: Skarmory
|-damage|p2a: Skarmory|0 fnt
|faint|p2a: Skarmory
|
|-weather|Hail|[upkeep]
|-damage|p1a: Che Guevara|89/100|[from] Hail
|upkeep
|
|t:|1743614212
|switch|p2a: Tyranitar|Tyranitar, M|100/100
|-damage|p2a: Tyranitar|88/100|[from] Stealth Rock
|-weather|Sandstorm|[from] ability: Sand Stream|[of] p2a: Tyranitar
|turn|12
|
|t:|1743614219
|move|p1a: Che Guevara|Draco Meteor|p2a: Tyranitar
|-damage|p2a: Tyranitar|32/100
|-unboost|p1a: Che Guevara|spa|2
|move|p2a: Tyranitar|Pursuit|p1a: Che Guevara
|-supereffective|p1a: Che Guevara
|-damage|p1a: Che Guevara|28/100
|
|-weather|Sandstorm|[upkeep]
|-damage|p1a: Che Guevara|22/100|[from] Sandstorm
|upkeep
|turn|13
|
|t:|1743614227
|move|p1a: Che Guevara|Draco Meteor|p2a: Tyranitar
|-damage|p2a: Tyranitar|9/100
|-unboost|p1a: Che Guevara|spa|2
|move|p2a: Tyranitar|Pursuit|p1a: Che Guevara
|-supereffective|p1a: Che Guevara
|-damage|p1a: Che Guevara|0 fnt
|faint|p1a: Che Guevara
|
|-weather|Sandstorm|[upkeep]
|upkeep
|
|t:|1743614238
|switch|p1a: Kim Jong-Un|Abomasnow, M|42/100
|-damage|p1a: Kim Jong-Un|29/100|[from] Spikes
|-weather|Hail|[from] ability: Snow Warning|[of] p1a: Kim Jong-Un
|turn|14
|
|t:|1743614246
|move|p1a: Kim Jong-Un|Blizzard|p2a: Tyranitar
|-damage|p2a: Tyranitar|0 fnt
|faint|p2a: Tyranitar
|
|-weather|Hail|[upkeep]
|upkeep
|inactive|onionbunion has 120 seconds left.
|
|t:|1743614282
|switch|p2a: Alakazam|Alakazam, F|100/100
|turn|15
|
|t:|1743614287
|move|p1a: Kim Jong-Un|Ice Shard|p2a: Alakazam
|-damage|p2a: Alakazam|74/100
|move|p2a: Alakazam|Psyshock|p1a: Kim Jong-Un
|-damage|p1a: Kim Jong-Un|0 fnt
|faint|p1a: Kim Jong-Un
|
|-weather|Hail|[upkeep]
|upkeep
|
|t:|1743614297
|switch|p1a: Joseph Stalin|Mamoswine, M|100/100
|-damage|p1a: Joseph Stalin|88/100|[from] Spikes
|turn|16
|
|t:|1743614304
|move|p1a: Joseph Stalin|Ice Shard|p2a: Alakazam
|-damage|p2a: Alakazam|0 fnt
|faint|p2a: Alakazam
|
|-weather|Hail|[upkeep]
|upkeep
|
|t:|1743614318
|switch|p2a: Excadrill|Excadrill, M|69/100
|-damage|p2a: Excadrill|66/100|[from] Stealth Rock
|-ability|p2a: Excadrill|Mold Breaker
|turn|17
|
|t:|1743614323
|switch|p1a: Ben Laden|Starmie|50/100
|-damage|p1a: Ben Laden|38/100|[from] Spikes
|move|p2a: Excadrill|Earthquake|p1a: Ben Laden
|-damage|p1a: Ben Laden|0 fnt
|faint|p1a: Ben Laden
|
|-weather|Hail|[upkeep]
|-damage|p2a: Excadrill|60/100|[from] Hail
|upkeep
|
|t:|1743614331
|switch|p1a: Joseph Stalin|Mamoswine, M|88/100
|-damage|p1a: Joseph Stalin|76/100|[from] Spikes
|turn|18
|inactive|onionbunion has 120 seconds left.
|
|t:|1743614368
|switch|p2a: Latios|Latios, M|100/100
|-damage|p2a: Latios|88/100|[from] Stealth Rock
|move|p1a: Joseph Stalin|Ice Shard|p2a: Latios
|-supereffective|p2a: Latios
|-damage|p2a: Latios|2/100
|
|-weather|Hail|[upkeep]
|-damage|p2a: Latios|0 fnt|[from] Hail
|faint|p2a: Latios
|upkeep
|
|t:|1743614370
|switch|p2a: Excadrill|Excadrill, M|60/100
|-damage|p2a: Excadrill|56/100|[from] Stealth Rock
|-ability|p2a: Excadrill|Mold Breaker
|turn|19
|
|t:|1743614376
|move|p1a: Joseph Stalin|Ice Shard|p2a: Excadrill
|-damage|p2a: Excadrill|3/100
|move|p2a: Excadrill|Iron Head|p1a: Joseph Stalin
|-supereffective|p1a: Joseph Stalin
|-damage|p1a: Joseph Stalin|0 fnt
|faint|p1a: Joseph Stalin
|
|-weather|Hail|[upkeep]
|-damage|p2a: Excadrill|0 fnt|[from] Hail
|faint|p2a: Excadrill
|
|win|GimmickMigui
|raw|GimmickMigui's rating: 1430 &rarr; <strong>1455</strong><br />(+25 for winning)
|raw|onionbunion's rating: 1513 &rarr; <strong>1488</strong><br />(-25 for losing)
