|j|☆Morgan23
|j|☆Excaliburn88tests
|t:|1705070060
|gametype|singles
|player|p1|Morgan23|169|1336
|player|p2|Excaliburn88tests|flannery|1369
|teamsize|p1|6
|teamsize|p2|6
|gen|5
|tier|[Gen 5] OU
|rated|
|rule|Species Clause: Limit one of each Pokémon
|rule|OHKO Clause: OHKO moves are banned
|rule|Moody Clause: Moody is banned
|rule|Evasion Items Clause: Evasion items are banned
|rule|Evasion Moves Clause: Evasion moves are banned
|rule|Endless Battle Clause: Forcing endless battles is banned
|rule|HP Percentage Mod: HP is shown in percentages
|rule|Evasion Abilities Clause: Evasion abilities are banned
|rule|Sleep Moves Clause: Sleep-inducing moves are banned
|rule|Swagger Clause: Swagger is banned
|rule|Baton Pass Stat Clause: No Baton Passer may have a way to boost its stats
|clearpoke
|poke|p1|Politoed, M|item
|poke|p1|Tentacruel, M|item
|poke|p1|Ferrothorn, M|item
|poke|p1|Latios, M|item
|poke|p1|Thundurus-Therian, M|item
|poke|p1|Keldeo|item
|poke|p2|Ninetales, F|item
|poke|p2|Heatran, F|item
|poke|p2|Excadrill, F|item
|poke|p2|Zapdos|item
|poke|p2|Xatu, M|item
|poke|p2|Scizor, M|item
|teampreview
|inactive|Battle timer is ON: inactive players will automatically lose when time's up. (requested by Excaliburn88tests)
|j| PataDeAranha
|l| PataDeAranha
|
|t:|1705070092
|start
|switch|p1a: Keldeo|Keldeo|100/100
|switch|p2a: All Apologies|Ninetales, F, shiny|100/100
|-weather|SunnyDay|[from] ability: Drought|[of] p2a: All Apologies
|turn|1
|
|t:|1705070106
|switch|p1a: Politoed|Politoed, M|100/100
|-weather|RainDance|[from] ability: Drizzle|[of] p1a: Politoed
|switch|p2a: Zapdos|Zapdos, shiny|100/100
|-ability|p2a: Zapdos|Pressure
|
|-weather|RainDance|[upkeep]
|upkeep
|turn|2
|
|t:|1705070118
|switch|p2a: All Apologies|Ninetales, F, shiny|100/100
|-weather|SunnyDay|[from] ability: Drought|[of] p2a: All Apologies
|switch|p1a: Thundurus|Thundurus-Therian, M|100/100
|
|-weather|SunnyDay|[upkeep]
|upkeep
|turn|3
|
|t:|1705070128
|switch|p2a: Kirei|Excadrill, F, shiny|100/100
|-ability|p2a: Kirei|Mold Breaker
|move|p1a: Thundurus|Thunder|p2a: Kirei
|-immune|p2a: Kirei
|
|-weather|SunnyDay|[upkeep]
|upkeep
|turn|4
|
|t:|1705070135
|move|p1a: Thundurus|Focus Blast|p2a: Kirei|[miss]
|-miss|p1a: Thundurus|p2a: Kirei
|move|p2a: Kirei|Stealth Rock|p1a: Thundurus
|-sidestart|p1: Morgan23|move: Stealth Rock
|
|-weather|SunnyDay|[upkeep]
|upkeep
|turn|5
|
|t:|1705070142
|switch|p2a: Zapdos|Zapdos, shiny|100/100
|-ability|p2a: Zapdos|Pressure
|move|p1a: Thundurus|Focus Blast|p2a: Zapdos|[miss]
|-miss|p1a: Thundurus|p2a: Zapdos
|
|-weather|SunnyDay|[upkeep]
|upkeep
|turn|6
|
|t:|1705070150
|move|p1a: Thundurus|Hidden Power|p2a: Zapdos
|-supereffective|p2a: Zapdos
|-damage|p2a: Zapdos|54/100
|move|p2a: Zapdos|Hidden Power|p1a: Thundurus
|-supereffective|p1a: Thundurus
|-damage|p1a: Thundurus|41/100
|
|-weather|SunnyDay|[upkeep]
|-heal|p1a: Thundurus|47/100|[from] item: Leftovers
|-heal|p2a: Zapdos|60/100|[from] item: Leftovers
|upkeep
|turn|7
|
|t:|1705070169
|switch|p1a: Ferrothorn|Ferrothorn, M|100/100
|-damage|p1a: Ferrothorn|95/100|[from] Stealth Rock
|move|p2a: Zapdos|Hidden Power|p1a: Ferrothorn
|-damage|p1a: Ferrothorn|79/100
|
|-weather|SunnyDay|[upkeep]
|-heal|p2a: Zapdos|66/100|[from] item: Leftovers
|-heal|p1a: Ferrothorn|85/100|[from] item: Leftovers
|upkeep
|turn|8
|
|t:|1705070179
|switch|p1a: Politoed|Politoed, M|100/100
|-damage|p1a: Politoed|88/100|[from] Stealth Rock
|-weather|RainDance|[from] ability: Drizzle|[of] p1a: Politoed
|move|p2a: Zapdos|Heat Wave|p1a: Politoed
|-resisted|p1a: Politoed
|-damage|p1a: Politoed|81/100
|
|-weather|RainDance|[upkeep]
|-heal|p2a: Zapdos|72/100|[from] item: Leftovers
|-heal|p1a: Politoed|87/100|[from] item: Leftovers
|upkeep
|turn|9
|
|t:|1705070190
|switch|p2a: All Apologies|Ninetales, F, shiny|100/100
|-weather|SunnyDay|[from] ability: Drought|[of] p2a: All Apologies
|move|p1a: Politoed|Toxic|p2a: All Apologies
|-status|p2a: All Apologies|tox
|
|-weather|SunnyDay|[upkeep]
|-heal|p1a: Politoed|93/100|[from] item: Leftovers
|-damage|p2a: All Apologies|94/100 tox|[from] psn
|upkeep
|turn|10
|
|t:|1705070204
|switch|p2a: Pizza Nightmare|Heatran, F, shiny|100/100
|move|p1a: Politoed|Scald|p2a: Pizza Nightmare
|-supereffective|p2a: Pizza Nightmare
|-damage|p2a: Pizza Nightmare|78/100
|
|-weather|SunnyDay|[upkeep]
|-heal|p2a: Pizza Nightmare|84/100|[from] item: Leftovers
|-heal|p1a: Politoed|99/100|[from] item: Leftovers
|upkeep
|turn|11
|
|t:|1705070213
|move|p1a: Politoed|Protect|p1a: Politoed
|-singleturn|p1a: Politoed|Protect
|move|p2a: Pizza Nightmare|Substitute|p2a: Pizza Nightmare
|-start|p2a: Pizza Nightmare|Substitute
|-damage|p2a: Pizza Nightmare|60/100
|
|-weather|SunnyDay|[upkeep]
|-heal|p2a: Pizza Nightmare|66/100|[from] item: Leftovers
|-heal|p1a: Politoed|100/100|[from] item: Leftovers
|upkeep
|turn|12
|
|t:|1705070222
|switch|p1a: Tentacruel|Tentacruel, M|100/100
|-damage|p1a: Tentacruel|88/100|[from] Stealth Rock
|move|p2a: Pizza Nightmare|Protect||[still]
|-fail|p2a: Pizza Nightmare
|
|-weather|SunnyDay|[upkeep]
|-heal|p2a: Pizza Nightmare|72/100|[from] item: Leftovers
|-heal|p1a: Tentacruel|94/100|[from] item: Black Sludge
|upkeep
|turn|13
|
|t:|1705070231
|move|p2a: Pizza Nightmare|Torment|p1a: Tentacruel
|-start|p1a: Tentacruel|Torment
|move|p1a: Tentacruel|Rapid Spin|p2a: Pizza Nightmare
|-resisted|p2a: Pizza Nightmare
|-crit|p2a: Pizza Nightmare
|-activate|p2a: Pizza Nightmare|Substitute|[damage]
|-sideend|p1: Morgan23|Stealth Rock|[from] move: Rapid Spin|[of] p1a: Tentacruel
|
|-weather|SunnyDay|[upkeep]
|-heal|p2a: Pizza Nightmare|78/100|[from] item: Leftovers
|-heal|p1a: Tentacruel|99/100|[from] item: Black Sludge
|upkeep
|turn|14
|
|t:|1705070242
|switch|p1a: Politoed|Politoed, M|100/100
|-weather|RainDance|[from] ability: Drizzle|[of] p1a: Politoed
|move|p2a: Pizza Nightmare|Lava Plume|p1a: Politoed
|-resisted|p1a: Politoed
|-damage|p1a: Politoed|92/100
|
|-weather|RainDance|[upkeep]
|-heal|p2a: Pizza Nightmare|84/100|[from] item: Leftovers
|-heal|p1a: Politoed|99/100|[from] item: Leftovers
|upkeep
|turn|15
|
|t:|1705070252
|move|p2a: Pizza Nightmare|Torment|p1a: Politoed
|-start|p1a: Politoed|Torment
|move|p1a: Politoed|Scald|p2a: Pizza Nightmare
|-supereffective|p2a: Pizza Nightmare
|-end|p2a: Pizza Nightmare|Substitute
|
|-weather|RainDance|[upkeep]
|-heal|p2a: Pizza Nightmare|90/100|[from] item: Leftovers
|-heal|p1a: Politoed|100/100|[from] item: Leftovers
|upkeep
|turn|16
|
|t:|1705070265
|switch|p1a: Thundurus|Thundurus-Therian, M|47/100
|move|p2a: Pizza Nightmare|Lava Plume|p1a: Thundurus
|-damage|p1a: Thundurus|25/100
|
|-weather|RainDance|[upkeep]
|-heal|p1a: Thundurus|31/100|[from] item: Leftovers
|-heal|p2a: Pizza Nightmare|96/100|[from] item: Leftovers
|upkeep
|turn|17
|
|t:|1705070279
|switch|p2a: All Apologies|Ninetales, F, shiny|94/100 tox
|-weather|SunnyDay|[from] ability: Drought|[of] p2a: All Apologies
|move|p1a: Thundurus|Focus Blast|p2a: All Apologies
|-crit|p2a: All Apologies
|-damage|p2a: All Apologies|11/100 tox
|-unboost|p2a: All Apologies|spd|1
|
|-weather|SunnyDay|[upkeep]
|-heal|p1a: Thundurus|37/100|[from] item: Leftovers
|-heal|p2a: All Apologies|17/100 tox|[from] item: Leftovers
|-damage|p2a: All Apologies|11/100 tox|[from] psn
|upkeep
|turn|18
|
|t:|1705070291
|switch|p2a: one drippy birb|Xatu, M, shiny|100/100
|move|p1a: Thundurus|Hidden Power|p2a: one drippy birb
|-supereffective|p2a: one drippy birb
|-damage|p2a: one drippy birb|29/100
|
|-weather|SunnyDay|[upkeep]
|-heal|p1a: Thundurus|43/100|[from] item: Leftovers
|upkeep
|turn|19
|
|t:|1705070300
|switch|p1a: Politoed|Politoed, M|100/100
|-weather|RainDance|[from] ability: Drizzle|[of] p1a: Politoed
|move|p2a: one drippy birb|Night Shade|p1a: Politoed
|-damage|p1a: Politoed|74/100
|
|-weather|RainDance|[upkeep]
|-heal|p1a: Politoed|81/100|[from] item: Leftovers
|upkeep
|turn|20
|
|t:|1705070311
|switch|p1a: Thundurus|Thundurus-Therian, M|43/100
|move|p2a: one drippy birb|U-turn|p1a: Thundurus
|-resisted|p1a: Thundurus
|-damage|p1a: Thundurus|34/100
|
|t:|1705070329
|switch|p2a: All Apologies|Ninetales, F, shiny|11/100 tox|[from] U-turn
|-weather|SunnyDay|[from] ability: Drought|[of] p2a: All Apologies
|
|-weather|SunnyDay|[upkeep]
|-heal|p1a: Thundurus|40/100|[from] item: Leftovers
|-heal|p2a: All Apologies|17/100 tox|[from] item: Leftovers
|-damage|p2a: All Apologies|11/100 tox|[from] psn
|upkeep
|turn|21
|
|t:|1705070343
|switch|p2a: Maxilos|Scizor, M|100/100
|move|p1a: Thundurus|Thunder|p2a: Maxilos
|-damage|p2a: Maxilos|0 fnt
|faint|p2a: Maxilos
|
|-weather|SunnyDay|[upkeep]
|-heal|p1a: Thundurus|46/100|[from] item: Leftovers
|upkeep
|c|☆Morgan23|OMG!!!!
|
|t:|1705070353
|switch|p2a: Zapdos|Zapdos, shiny|72/100
|-ability|p2a: Zapdos|Pressure
|turn|22
|c|☆Morgan23|LOL
|
|t:|1705070371
|switch|p1a: Ferrothorn|Ferrothorn, M|85/100
|move|p2a: Zapdos|Hidden Power|p1a: Ferrothorn
|-damage|p1a: Ferrothorn|71/100
|
|-weather|SunnyDay|[upkeep]
|-heal|p2a: Zapdos|78/100|[from] item: Leftovers
|-heal|p1a: Ferrothorn|77/100|[from] item: Leftovers
|upkeep
|turn|23
|
|t:|1705070380
|switch|p1a: Politoed|Politoed, M|81/100
|-weather|RainDance|[from] ability: Drizzle|[of] p1a: Politoed
|move|p2a: Zapdos|Thunderbolt|p1a: Politoed
|-supereffective|p1a: Politoed
|-damage|p1a: Politoed|0 fnt
|faint|p1a: Politoed
|
|-weather|RainDance|[upkeep]
|-heal|p2a: Zapdos|84/100|[from] item: Leftovers
|upkeep
|
|t:|1705070390
|switch|p1a: Ferrothorn|Ferrothorn, M|77/100
|turn|24
|c|☆Excaliburn88tests|OMG!!!!!
|c|☆Excaliburn88tests|LOL
|
|t:|1705070396
|switch|p2a: one drippy birb|Xatu, M, shiny|29/100
|move|p1a: Ferrothorn|Stealth Rock|p2a: one drippy birb
|move|p2a: one drippy birb|Stealth Rock|p1a: Ferrothorn|[from]ability: Magic Bounce
|-sidestart|p1: Morgan23|move: Stealth Rock
|
|-weather|RainDance|[upkeep]
|-heal|p1a: Ferrothorn|83/100|[from] item: Leftovers
|upkeep
|turn|25
|
|t:|1705070404
|move|p2a: one drippy birb|Reflect|p2a: one drippy birb
|-sidestart|p2: Excaliburn88tests|Reflect
|move|p1a: Ferrothorn|Knock Off|p2a: one drippy birb
|-supereffective|p2a: one drippy birb
|-damage|p2a: one drippy birb|23/100
|-damage|p1a: Ferrothorn|67/100|[from] item: Rocky Helmet|[of] p2a: one drippy birb
|-enditem|p2a: one drippy birb|Rocky Helmet|[from] move: Knock Off|[of] p1a: Ferrothorn
|
|-weather|RainDance|[upkeep]
|-heal|p1a: Ferrothorn|73/100|[from] item: Leftovers
|upkeep
|turn|26
|
|t:|1705070415
|move|p2a: one drippy birb|Roost|p2a: one drippy birb
|-heal|p2a: one drippy birb|74/100
|-singleturn|p2a: one drippy birb|move: Roost
|move|p1a: Ferrothorn|Stealth Rock|p2a: one drippy birb
|move|p2a: one drippy birb|Stealth Rock||[from]ability: Magic Bounce|[still]
|-fail|p2a: one drippy birb
|
|-weather|RainDance|[upkeep]
|-heal|p1a: Ferrothorn|79/100|[from] item: Leftovers
|upkeep
|turn|27
|
|t:|1705070425
|move|p2a: one drippy birb|Night Shade|p1a: Ferrothorn
|-damage|p1a: Ferrothorn|50/100
|move|p1a: Ferrothorn|Stealth Rock|p2a: one drippy birb
|move|p2a: one drippy birb|Stealth Rock||[from]ability: Magic Bounce|[still]
|-fail|p2a: one drippy birb
|
|-weather|RainDance|[upkeep]
|-heal|p1a: Ferrothorn|56/100|[from] item: Leftovers
|upkeep
|turn|28
|
|t:|1705070434
|switch|p1a: Tentacruel|Tentacruel, M|99/100
|-damage|p1a: Tentacruel|88/100|[from] Stealth Rock
|move|p2a: one drippy birb|Night Shade|p1a: Tentacruel
|-damage|p1a: Tentacruel|60/100
|
|-weather|RainDance|[upkeep]
|-heal|p1a: Tentacruel|66/100|[from] ability: Rain Dish
|-heal|p1a: Tentacruel|72/100|[from] item: Black Sludge
|upkeep
|turn|29
|
|t:|1705070444
|switch|p2a: All Apologies|Ninetales, F, shiny|11/100 tox
|-weather|SunnyDay|[from] ability: Drought|[of] p2a: All Apologies
|move|p1a: Tentacruel|Scald|p2a: All Apologies
|-supereffective|p2a: All Apologies
|-damage|p2a: All Apologies|0 fnt
|faint|p2a: All Apologies
|
|-weather|SunnyDay|[upkeep]
|-heal|p1a: Tentacruel|78/100|[from] item: Black Sludge
|-sideend|p2: Excaliburn88tests|Reflect
|upkeep
|c|☆Morgan23|ugh now i have to deal with sun
|
|t:|1705070460
|switch|p2a: Zapdos|Zapdos, shiny|84/100
|-ability|p2a: Zapdos|Pressure
|turn|30
|c|☆Morgan23|what ever
|c|☆Excaliburn88tests|yeah
|c|☆Excaliburn88tests|>; )
|inactive|Excaliburn88tests has 120 seconds left.
|
|t:|1705070496
|move|p2a: Zapdos|Thunderbolt|p1a: Tentacruel
|-supereffective|p1a: Tentacruel
|-damage|p1a: Tentacruel|25/100
|move|p1a: Tentacruel|Rapid Spin|p2a: Zapdos
|-damage|p2a: Zapdos|80/100
|-sideend|p1: Morgan23|Stealth Rock|[from] move: Rapid Spin|[of] p1a: Tentacruel
|
|-weather|SunnyDay|[upkeep]
|-heal|p2a: Zapdos|87/100|[from] item: Leftovers
|-heal|p1a: Tentacruel|31/100|[from] item: Black Sludge
|upkeep
|turn|31
|
|t:|1705070522
|switch|p2a: Kirei|Excadrill, F, shiny|100/100
|-ability|p2a: Kirei|Mold Breaker
|move|p1a: Tentacruel|Protect||[still]
|-fail|p1a: Tentacruel
|
|-weather|SunnyDay|[upkeep]
|-heal|p1a: Tentacruel|37/100|[from] item: Black Sludge
|upkeep
|turn|32
|
|t:|1705070531
|move|p2a: Kirei|Stealth Rock|p1a: Tentacruel
|-sidestart|p1: Morgan23|move: Stealth Rock
|move|p1a: Tentacruel|Scald|p2a: Kirei
|-supereffective|p2a: Kirei
|-damage|p2a: Kirei|79/100
|
|-weather|SunnyDay|[upkeep]
|-heal|p2a: Kirei|85/100|[from] item: Leftovers
|-heal|p1a: Tentacruel|43/100|[from] item: Black Sludge
|upkeep
|turn|33
|inactive|Morgan23 has 120 seconds left.
|
|t:|1705070560
|move|p2a: Kirei|Earthquake|p1a: Tentacruel
|-supereffective|p1a: Tentacruel
|-crit|p1a: Tentacruel
|-damage|p1a: Tentacruel|0 fnt
|faint|p1a: Tentacruel
|
|-weather|SunnyDay|[upkeep]
|-heal|p2a: Kirei|91/100|[from] item: Leftovers
|upkeep
|inactive|Morgan23 has 120 seconds left.
|
|t:|1705070568
|switch|p1a: Keldeo|Keldeo|100/100
|-damage|p1a: Keldeo|94/100|[from] Stealth Rock
|turn|34
|
|t:|1705070574
|switch|p2a: Zapdos|Zapdos, shiny|87/100
|-ability|p2a: Zapdos|Pressure
|move|p1a: Keldeo|Icy Wind|p2a: Zapdos
|-supereffective|p2a: Zapdos
|-damage|p2a: Zapdos|41/100
|-unboost|p2a: Zapdos|spe|1
|
|-weather|SunnyDay|[upkeep]
|-heal|p2a: Zapdos|47/100|[from] item: Leftovers
|upkeep
|turn|35
|inactive|Excaliburn88tests has 120 seconds left.
|inactive|Excaliburn88tests has 90 seconds left.
|
|t:|1705070647
|switch|p2a: Pizza Nightmare|Heatran, F, shiny|96/100
|move|p1a: Keldeo|Icy Wind|p2a: Pizza Nightmare
|-resisted|p2a: Pizza Nightmare
|-damage|p2a: Pizza Nightmare|91/100
|-unboost|p2a: Pizza Nightmare|spe|1
|
|-weather|SunnyDay|[upkeep]
|-heal|p2a: Pizza Nightmare|97/100|[from] item: Leftovers
|upkeep
|turn|36
|j| jc4life16
|
|t:|1705070662
|switch|p1a: Ferrothorn|Ferrothorn, M|56/100
|-damage|p1a: Ferrothorn|50/100|[from] Stealth Rock
|move|p2a: Pizza Nightmare|Substitute|p2a: Pizza Nightmare
|-start|p2a: Pizza Nightmare|Substitute
|-damage|p2a: Pizza Nightmare|72/100
|
|-weather|SunnyDay|[upkeep]
|-heal|p2a: Pizza Nightmare|78/100|[from] item: Leftovers
|-heal|p1a: Ferrothorn|56/100|[from] item: Leftovers
|upkeep
|turn|37
|
|t:|1705070673
|move|p2a: Pizza Nightmare|Lava Plume|p1a: Ferrothorn
|-supereffective|p1a: Ferrothorn
|-damage|p1a: Ferrothorn|0 fnt
|faint|p1a: Ferrothorn
|
|-weather|SunnyDay|[upkeep]
|-heal|p2a: Pizza Nightmare|84/100|[from] item: Leftovers
|upkeep
|inactive|Morgan23 has 120 seconds left.
|
|t:|1705070691
|switch|p1a: Keldeo|Keldeo|94/100
|-damage|p1a: Keldeo|88/100|[from] Stealth Rock
|turn|38
|inactive|Excaliburn88tests has 90 seconds left.
|
|t:|1705070706
|move|p2a: Pizza Nightmare|Protect|p2a: Pizza Nightmare
|-singleturn|p2a: Pizza Nightmare|Protect
|move|p1a: Keldeo|Secret Sword|p2a: Pizza Nightmare
|-activate|p2a: Pizza Nightmare|move: Protect
|
|-weather|SunnyDay|[upkeep]
|-heal|p2a: Pizza Nightmare|91/100|[from] item: Leftovers
|upkeep
|turn|39
|inactive|Excaliburn88tests has 90 seconds left.
|l| jc4life16
|
|t:|1705070715
|move|p1a: Keldeo|Secret Sword|p2a: Pizza Nightmare
|-supereffective|p2a: Pizza Nightmare
|-end|p2a: Pizza Nightmare|Substitute
|move|p2a: Pizza Nightmare|Torment|p1a: Keldeo
|-start|p1a: Keldeo|Torment
|
|-weather|SunnyDay|[upkeep]
|-heal|p2a: Pizza Nightmare|97/100|[from] item: Leftovers
|upkeep
|turn|40
|
|t:|1705070726
|switch|p1a: Latios|Latios, M|100/100
|-damage|p1a: Latios|88/100|[from] Stealth Rock
|move|p2a: Pizza Nightmare|Substitute|p2a: Pizza Nightmare
|-start|p2a: Pizza Nightmare|Substitute
|-damage|p2a: Pizza Nightmare|72/100
|
|-weather|SunnyDay|[upkeep]
|-heal|p2a: Pizza Nightmare|78/100|[from] item: Leftovers
|upkeep
|turn|41
|
|t:|1705070735
|move|p2a: Pizza Nightmare|Protect|p2a: Pizza Nightmare
|-singleturn|p2a: Pizza Nightmare|Protect
|move|p1a: Latios|Trick|p2a: Pizza Nightmare
|-activate|p2a: Pizza Nightmare|move: Protect
|
|-weather|SunnyDay|[upkeep]
|-heal|p2a: Pizza Nightmare|84/100|[from] item: Leftovers
|upkeep
|turn|42
|
|t:|1705070746
|switch|p2a: one drippy birb|Xatu, M, shiny|74/100
|move|p1a: Latios|Trick|p2a: one drippy birb
|-activate|p1a: Latios|move: Trick|[of] p2a: one drippy birb
|-item|p2a: one drippy birb|Choice Specs|[from] move: Trick
|-enditem|p1a: Latios|Choice Specs|[silent]|[from] move: Trick
|
|-weather|SunnyDay|[upkeep]
|upkeep
|turn|43
|
|t:|1705070762
|move|p1a: Latios|Draco Meteor|p2a: one drippy birb
|-damage|p2a: one drippy birb|0 fnt
|-unboost|p1a: Latios|spa|2
|faint|p2a: one drippy birb
|
|-weather|SunnyDay|[upkeep]
|upkeep
|inactive|Excaliburn88tests has 90 seconds left.
|
|t:|1705070809
|switch|p2a: Zapdos|Zapdos, shiny|47/100
|-ability|p2a: Zapdos|Pressure
|turn|44
|
|t:|1705070817
|move|p1a: Latios|Trick|p2a: Zapdos
|-activate|p1a: Latios|move: Trick|[of] p2a: Zapdos
|-enditem|p2a: Zapdos|Leftovers|[silent]|[from] move: Trick
|-item|p1a: Latios|Leftovers|[from] move: Trick
|move|p2a: Zapdos|Roost|p2a: Zapdos
|-heal|p2a: Zapdos|98/100
|-singleturn|p2a: Zapdos|move: Roost
|
|-weather|SunnyDay|[upkeep]
|-heal|p1a: Latios|94/100|[from] item: Leftovers
|upkeep
|turn|45
|
|t:|1705070831
|switch|p1a: Keldeo|Keldeo|88/100
|-damage|p1a: Keldeo|82/100|[from] Stealth Rock
|move|p2a: Zapdos|Hidden Power|p1a: Keldeo
|-resisted|p1a: Keldeo
|-damage|p1a: Keldeo|70/100
|
|-weather|SunnyDay|[upkeep]
|upkeep
|turn|46
|
|t:|1705070844
|switch|p1a: Thundurus|Thundurus-Therian, M|46/100
|-damage|p1a: Thundurus|22/100|[from] Stealth Rock
|move|p2a: Zapdos|Roost|p2a: Zapdos
|-heal|p2a: Zapdos|100/100
|-singleturn|p2a: Zapdos|move: Roost
|
|-weather|SunnyDay|[upkeep]
|-heal|p1a: Thundurus|28/100|[from] item: Leftovers
|upkeep
|turn|47
|
|t:|1705070854
|move|p1a: Thundurus|Hidden Power|p2a: Zapdos
|-supereffective|p2a: Zapdos
|-damage|p2a: Zapdos|49/100
|move|p2a: Zapdos|Hidden Power|p1a: Thundurus
|-supereffective|p1a: Thundurus
|-damage|p1a: Thundurus|0 fnt
|faint|p1a: Thundurus
|
|-weather|SunnyDay|[upkeep]
|upkeep
|
|t:|1705070864
|switch|p1a: Keldeo|Keldeo|70/100
|-damage|p1a: Keldeo|64/100|[from] Stealth Rock
|turn|48
|inactive|Excaliburn88tests has 120 seconds left.
|
|t:|1705070875
|switch|p2a: Pizza Nightmare|Heatran, F, shiny|84/100
|move|p1a: Keldeo|Hydro Pump|p2a: Pizza Nightmare|[miss]
|-miss|p1a: Keldeo|p2a: Pizza Nightmare
|
|-weather|SunnyDay|[upkeep]
|-heal|p2a: Pizza Nightmare|90/100|[from] item: Leftovers
|upkeep
|turn|49
|inactive|Excaliburn88tests has 120 seconds left.
|
|t:|1705070883
|move|p2a: Pizza Nightmare|Protect|p2a: Pizza Nightmare
|-singleturn|p2a: Pizza Nightmare|Protect
|move|p1a: Keldeo|Hydro Pump|p2a: Pizza Nightmare
|-activate|p2a: Pizza Nightmare|move: Protect
|
|-weather|SunnyDay|[upkeep]
|-heal|p2a: Pizza Nightmare|96/100|[from] item: Leftovers
|upkeep
|turn|50
|
|t:|1705070890
|move|p1a: Keldeo|Hydro Pump|p2a: Pizza Nightmare
|-supereffective|p2a: Pizza Nightmare
|-damage|p2a: Pizza Nightmare|24/100
|move|p2a: Pizza Nightmare|Torment|p1a: Keldeo
|-start|p1a: Keldeo|Torment
|
|-weather|SunnyDay|[upkeep]
|-heal|p2a: Pizza Nightmare|30/100|[from] item: Leftovers
|upkeep
|turn|51
|
|t:|1705070901
|switch|p1a: Latios|Latios, M|94/100
|-damage|p1a: Latios|82/100|[from] Stealth Rock
|move|p2a: Pizza Nightmare|Lava Plume|p1a: Latios
|-resisted|p1a: Latios
|-damage|p1a: Latios|56/100
|
|-weather|SunnyDay|[upkeep]
|-heal|p1a: Latios|62/100|[from] item: Leftovers
|-heal|p2a: Pizza Nightmare|36/100|[from] item: Leftovers
|upkeep
|turn|52
|
|t:|1705070914
|move|p2a: Pizza Nightmare|Protect|p2a: Pizza Nightmare
|-singleturn|p2a: Pizza Nightmare|Protect
|move|p1a: Latios|Surf|p2a: Pizza Nightmare
|-activate|p2a: Pizza Nightmare|move: Protect
|
|-weather|SunnyDay|[upkeep]
|-heal|p1a: Latios|68/100|[from] item: Leftovers
|-heal|p2a: Pizza Nightmare|42/100|[from] item: Leftovers
|upkeep
|turn|53
|
|t:|1705070928
|switch|p1a: Keldeo|Keldeo|64/100
|-damage|p1a: Keldeo|57/100|[from] Stealth Rock
|move|p2a: Pizza Nightmare|Torment|p1a: Keldeo
|-start|p1a: Keldeo|Torment
|
|-weather|SunnyDay|[upkeep]
|-heal|p2a: Pizza Nightmare|48/100|[from] item: Leftovers
|upkeep
|turn|54
|
|t:|1705070939
|move|p2a: Pizza Nightmare|Protect|p2a: Pizza Nightmare
|-singleturn|p2a: Pizza Nightmare|Protect
|move|p1a: Keldeo|Hydro Pump|p2a: Pizza Nightmare
|-activate|p2a: Pizza Nightmare|move: Protect
|
|-weather|SunnyDay|[upkeep]
|-heal|p2a: Pizza Nightmare|55/100|[from] item: Leftovers
|upkeep
|turn|55
|
|t:|1705070953
|-activate|p1a: Keldeo|move: Struggle
|move|p1a: Keldeo|Struggle|p2a: Pizza Nightmare
|-damage|p2a: Pizza Nightmare|49/100
|-damage|p1a: Keldeo|32/100|[from] recoil
|move|p2a: Pizza Nightmare|Substitute|p2a: Pizza Nightmare
|-start|p2a: Pizza Nightmare|Substitute
|-damage|p2a: Pizza Nightmare|24/100
|
|-weather|SunnyDay|[upkeep]
|-heal|p2a: Pizza Nightmare|30/100|[from] item: Leftovers
|upkeep
|turn|56
|
|t:|1705070962
|switch|p1a: Latios|Latios, M|68/100
|-damage|p1a: Latios|55/100|[from] Stealth Rock
|move|p2a: Pizza Nightmare|Protect||[still]
|-fail|p2a: Pizza Nightmare
|
|-weather|SunnyDay|[upkeep]
|-heal|p1a: Latios|61/100|[from] item: Leftovers
|-heal|p2a: Pizza Nightmare|36/100|[from] item: Leftovers
|upkeep
|turn|57
|
|t:|1705070973
|move|p2a: Pizza Nightmare|Protect|p2a: Pizza Nightmare
|-singleturn|p2a: Pizza Nightmare|Protect
|move|p1a: Latios|Psychic|p2a: Pizza Nightmare
|-activate|p2a: Pizza Nightmare|move: Protect
|
|-weather|SunnyDay|[upkeep]
|-heal|p1a: Latios|67/100|[from] item: Leftovers
|-heal|p2a: Pizza Nightmare|42/100|[from] item: Leftovers
|upkeep
|turn|58
|
|t:|1705070983
|move|p1a: Latios|Psychic|p2a: Pizza Nightmare
|-resisted|p2a: Pizza Nightmare
|-activate|p2a: Pizza Nightmare|Substitute|[damage]
|move|p2a: Pizza Nightmare|Torment|p1a: Latios
|-start|p1a: Latios|Torment
|
|-weather|SunnyDay|[upkeep]
|-heal|p1a: Latios|73/100|[from] item: Leftovers
|-heal|p2a: Pizza Nightmare|48/100|[from] item: Leftovers
|upkeep
|turn|59
|
|t:|1705070992
|move|p1a: Latios|Surf|p2a: Pizza Nightmare
|-supereffective|p2a: Pizza Nightmare
|-end|p2a: Pizza Nightmare|Substitute
|move|p2a: Pizza Nightmare|Substitute|p2a: Pizza Nightmare
|-start|p2a: Pizza Nightmare|Substitute
|-damage|p2a: Pizza Nightmare|24/100
|
|-weather|SunnyDay|[upkeep]
|-heal|p1a: Latios|79/100|[from] item: Leftovers
|-heal|p2a: Pizza Nightmare|30/100|[from] item: Leftovers
|upkeep
|turn|60
|
|t:|1705071002
|move|p2a: Pizza Nightmare|Protect|p2a: Pizza Nightmare
|-singleturn|p2a: Pizza Nightmare|Protect
|move|p1a: Latios|Psychic|p2a: Pizza Nightmare
|-activate|p2a: Pizza Nightmare|move: Protect
|
|-weather|SunnyDay|[upkeep]
|-heal|p1a: Latios|85/100|[from] item: Leftovers
|-heal|p2a: Pizza Nightmare|36/100|[from] item: Leftovers
|upkeep
|turn|61
|
|t:|1705071012
|move|p1a: Latios|Surf|p2a: Pizza Nightmare
|-supereffective|p2a: Pizza Nightmare
|-end|p2a: Pizza Nightmare|Substitute
|move|p2a: Pizza Nightmare|Lava Plume|p1a: Latios
|-resisted|p1a: Latios
|-crit|p1a: Latios
|-damage|p1a: Latios|32/100
|
|-weather|SunnyDay|[upkeep]
|-heal|p1a: Latios|38/100|[from] item: Leftovers
|-heal|p2a: Pizza Nightmare|42/100|[from] item: Leftovers
|upkeep
|turn|62
|
|t:|1705071026
|switch|p2a: Kirei|Excadrill, F, shiny|91/100
|-ability|p2a: Kirei|Mold Breaker
|move|p1a: Latios|Draco Meteor|p2a: Kirei
|-resisted|p2a: Kirei
|-crit|p2a: Kirei
|-damage|p2a: Kirei|20/100
|-unboost|p1a: Latios|spa|2
|
|-weather|SunnyDay|[upkeep]
|-heal|p1a: Latios|44/100|[from] item: Leftovers
|-heal|p2a: Kirei|26/100|[from] item: Leftovers
|upkeep
|turn|63
|
|t:|1705071038
|move|p1a: Latios|Surf|p2a: Kirei
|-supereffective|p2a: Kirei
|-damage|p2a: Kirei|10/100
|move|p2a: Kirei|Earthquake|p1a: Latios
|-damage|p1a: Latios|0 fnt
|faint|p1a: Latios
|
|-weather|SunnyDay|[upkeep]
|-heal|p2a: Kirei|16/100|[from] item: Leftovers
|upkeep
|
|t:|1705071047
|switch|p1a: Keldeo|Keldeo|32/100
|-damage|p1a: Keldeo|26/100|[from] Stealth Rock
|turn|64
|
|t:|1705071057
|move|p2a: Kirei|Protect|p2a: Kirei
|-singleturn|p2a: Kirei|Protect
|move|p1a: Keldeo|Secret Sword|p2a: Kirei
|-activate|p2a: Kirei|move: Protect
|
|-weather|SunnyDay|[upkeep]
|-heal|p2a: Kirei|22/100|[from] item: Leftovers
|upkeep
|turn|65
|
|t:|1705071064
|move|p1a: Keldeo|Secret Sword|p2a: Kirei
|-supereffective|p2a: Kirei
|-damage|p2a: Kirei|0 fnt
|faint|p2a: Kirei
|
|-weather|SunnyDay|[upkeep]
|upkeep
|
|t:|1705071071
|switch|p2a: Zapdos|Zapdos, shiny|49/100
|-ability|p2a: Zapdos|Pressure
|turn|66
|
|t:|1705071075
|move|p1a: Keldeo|Secret Sword|p2a: Zapdos
|-resisted|p2a: Zapdos
|-damage|p2a: Zapdos|11/100
|move|p2a: Zapdos|Thunderbolt|p1a: Keldeo
|-supereffective|p1a: Keldeo
|-damage|p1a: Keldeo|0 fnt
|faint|p1a: Keldeo
|
|win|Excaliburn88tests
|raw|Morgan23's rating: 1336 &rarr; <strong>1318</strong><br />(-18 for losing)
|raw|Excaliburn88tests's rating: 1369 &rarr; <strong>1387</strong><br />(+18 for winning)
|c|☆Excaliburn88tests|gg
|c|☆Morgan23|ugh
|c|☆Morgan23|gg
