|j|☆Gh0st of Perdition
|j|☆Commbacckk
|player|p1|Gh0st of Perdition|pokefanf-gen4|1588
|player|p2|Commbacckk|102|1443
|teamsize|p1|6
|teamsize|p2|6
|gametype|singles
|gen|5
|tier|[Gen 5] OU
|rated|
|clearpoke
|poke|p1|Mamoswine, M|item
|poke|p1|Tyranitar, F|item
|poke|p1|Amoonguss, M|item
|poke|p1|Excadrill, F|item
|poke|p1|Rotom-Wash|item
|poke|p1|Garchomp, M|item
|poke|p2|Politoed, F|item
|poke|p2|Keldeo-Resolute|item
|poke|p2|Scizor, M|item
|poke|p2|Tentacruel, M|item
|poke|p2|Thundurus-Therian, M|item
|poke|p2|Garchomp, M|item
|rule|Species Clause: Limit one of each Pokémon
|rule|OHKO Clause: OHKO moves are banned
|rule|Moody Clause: Moody is banned
|rule|Evasion Moves Clause: Evasion moves are banned
|rule|Endless Battle Clause: Forcing endless battles is banned
|rule|HP Percentage Mod: HP is shown in percentages
|rule|Evasion Abilities Clause: Evasion abilities are banned
|rule|Baton Pass Clause: Limit one Baton Passer, can't pass Spe and other stats simultaneously
|rule|Sleep Clause: Sleep-inducing moves are banned
|rule|Swagger Clause: Swagger is banned
|teampreview
|inactive|Battle timer is ON: inactive players will automatically lose when time's up. (requested by Commbacckk)
|
|start
|switch|p1a: Rotom|Rotom-Wash|100/100
|switch|p2a: Thundurus|Thundurus-Therian, M|100/100
|turn|1
|
|switch|p1a: Mamoswine|Mamoswine, M|100/100
|move|p2a: Thundurus|Substitute|p2a: Thundurus
|-start|p2a: Thundurus|Substitute
|-damage|p2a: Thundurus|76/100
|
|-heal|p2a: Thundurus|82/100|[from] item: Leftovers
|upkeep
|turn|2
|
|switch|p2a: Politoed|Politoed, F|100/100
|-weather|RainDance|[from] ability: Drizzle|[of] p2a: Politoed
|move|p1a: Mamoswine|Ice Shard|p2a: Politoed
|-resisted|p2a: Politoed
|-crit|p2a: Politoed
|-damage|p2a: Politoed|80/100
|
|-weather|RainDance|[upkeep]
|-heal|p2a: Politoed|86/100|[from] item: Leftovers
|upkeep
|turn|3
|
|switch|p1a: Amoonguss|Amoonguss, M|100/100
|move|p2a: Politoed|Ice Beam|p1a: Amoonguss
|-supereffective|p1a: Amoonguss
|-damage|p1a: Amoonguss|69/100
|
|-weather|RainDance|[upkeep]
|-heal|p2a: Politoed|92/100|[from] item: Leftovers
|-heal|p1a: Amoonguss|75/100|[from] item: Black Sludge
|upkeep
|turn|4
|
|switch|p2a: Scizor|Scizor, M|100/100
|move|p1a: Amoonguss|Stun Spore|p2a: Scizor
|-status|p2a: Scizor|par
|
|-weather|RainDance|[upkeep]
|-heal|p1a: Amoonguss|81/100|[from] item: Black Sludge
|upkeep
|turn|5
|
|move|p1a: Amoonguss|Hidden Power|p2a: Scizor
|-supereffective|p2a: Scizor
|-damage|p2a: Scizor|62/100 par
|move|p2a: Scizor|U-turn|p1a: Amoonguss
|-damage|p1a: Amoonguss|46/100
|
|switch|p2a: Garchomp|Garchomp, M|100/100|[from]move: U-turn
|
|-weather|RainDance|[upkeep]
|-heal|p1a: Amoonguss|53/100|[from] item: Black Sludge
|upkeep
|turn|6
|
|move|p2a: Garchomp|Swords Dance|p2a: Garchomp
|-boost|p2a: Garchomp|atk|2
|move|p1a: Amoonguss|Stun Spore|p2a: Garchomp
|-status|p2a: Garchomp|par
|
|-weather|RainDance|[upkeep]
|-heal|p1a: Amoonguss|59/100|[from] item: Black Sludge
|upkeep
|turn|7
|
|switch|p1a: Rotom|Rotom-Wash|100/100
|move|p2a: Garchomp|Earthquake|p1a: Rotom
|-immune|p1a: Rotom|[from] ability: Levitate
|
|-weather|RainDance|[upkeep]
|upkeep
|turn|8
|
|move|p1a: Rotom|Hidden Power|p2a: Garchomp
|-supereffective|p2a: Garchomp
|-damage|p2a: Garchomp|22/100 par
|cant|p2a: Garchomp|par
|
|-weather|RainDance|[upkeep]
|upkeep
|turn|9
|
|move|p1a: Rotom|Hidden Power|p2a: Garchomp
|-supereffective|p2a: Garchomp
|-damage|p2a: Garchomp|0 fnt
|faint|p2a: Garchomp
|
|-weather|RainDance|[upkeep]
|upkeep
|-message|Commbacckk forfeited.
|
|win|Gh0st of Perdition
|l|☆Commbacckk
|raw|Gh0st of Perdition's rating: 1588 &rarr; <strong>1600</strong><br />(+12 for winning)
|raw|Commbacckk's rating: 1443 &rarr; <strong>1431</strong><br />(-12 for losing)
