|j|☆PinkOnesie
|j|☆magialice
|t:|1703481639
|gametype|singles
|player|p1|PinkOnesie|2|1394
|player|p2|magialice|arezu|1443
|teamsize|p1|6
|teamsize|p2|6
|gen|5
|tier|[Gen 5] OU
|rated|
|rule|Species Clause: Limit one of each Pokémon
|rule|OHKO Clause: OHKO moves are banned
|rule|Moody Clause: Moody is banned
|rule|Evasion Items Clause: Evasion items are banned
|rule|Evasion Moves Clause: Evasion moves are banned
|rule|Endless Battle Clause: Forcing endless battles is banned
|rule|HP Percentage Mod: HP is shown in percentages
|rule|Evasion Abilities Clause: Evasion abilities are banned
|rule|Sleep Moves Clause: Sleep-inducing moves are banned
|rule|Swagger Clause: Swagger is banned
|rule|Baton Pass Stat Clause: No Baton Passer may have a way to boost its stats
|clearpoke
|poke|p1|Starmie|item
|poke|p1|Infernape, F|item
|poke|p1|Celebi|item
|poke|p1|Landorus-Therian, M|item
|poke|p1|Hydreigon, F|item
|poke|p1|Magnezone|item
|poke|p2|Politoed, F|item
|poke|p2|Ferrothorn, M|item
|poke|p2|Starmie|item
|poke|p2|Latios, M|item
|poke|p2|Thundurus-Therian, M|item
|poke|p2|Garchomp, M|item
|teampreview
|inactive|Battle timer is ON: inactive players will automatically lose when time's up. (requested by PinkOnesie)
|inactive|magialice also wants the timer to be on.
|
|t:|1703481660
|start
|switch|p1a: Infernape|Infernape, F|100/100
|switch|p2a: Politoed|Politoed, F|100/100
|-weather|RainDance|[from] ability: Drizzle|[of] p2a: Politoed
|turn|1
|
|t:|1703481666
|move|p1a: Infernape|U-turn|p2a: Politoed
|-damage|p2a: Politoed|85/100
|
|t:|1703481668
|switch|p1a: Celebi|Celebi|100/100|[from] U-turn
|move|p2a: Politoed|Scald|p1a: Celebi
|-resisted|p1a: Celebi
|-damage|p1a: Celebi|89/100
|-status|p1a: Celebi|brn
|
|-weather|RainDance|[upkeep]
|-heal|p1a: Celebi|95/100 brn|[from] item: Leftovers
|-damage|p1a: Celebi|82/100 brn|[from] brn
|upkeep
|turn|2
|
|t:|1703481675
|switch|p2a: mr chomps|Garchomp, M|100/100
|move|p1a: Celebi|U-turn|p2a: mr chomps
|-damage|p2a: mr chomps|93/100
|-damage|p1a: Celebi|70/100 brn|[from] ability: Rough Skin|[of] p2a: mr chomps
|
|t:|1703481684
|-curestatus|p1a: Celebi|brn|[from] ability: Natural Cure
|switch|p1a: Starmie|Starmie|100/100|[from] U-turn
|
|-weather|RainDance|[upkeep]
|upkeep
|turn|3
|
|t:|1703481691
|switch|p2a: Ferrothorn|Ferrothorn, M|100/100
|move|p1a: Starmie|Ice Beam|p2a: Ferrothorn
|-damage|p2a: Ferrothorn|69/100
|-damage|p1a: Starmie|91/100|[from] item: Life Orb
|
|-weather|RainDance|[upkeep]
|-heal|p2a: Ferrothorn|75/100|[from] item: Leftovers
|upkeep
|turn|4
|
|t:|1703481695
|switch|p1a: Magnezone|Magnezone|100/100
|-item|p1a: Magnezone|Air Balloon
|switch|p2a: mr chomps|Garchomp, M|93/100
|
|-weather|RainDance|[upkeep]
|upkeep
|turn|5
|
|t:|1703481699
|switch|p1a: Landorus|Landorus-Therian, M|100/100
|-ability|p1a: Landorus|Intimidate|boost
|-unboost|p2a: mr chomps|atk|1
|move|p2a: mr chomps|Stone Edge|p1a: Landorus
|-damage|p1a: Landorus|78/100
|
|-weather|RainDance|[upkeep]
|-heal|p1a: Landorus|84/100|[from] item: Leftovers
|upkeep
|turn|6
|
|t:|1703481711
|switch|p2a: Thundurus|Thundurus-Therian, M|100/100
|move|p1a: Landorus|U-turn|p2a: Thundurus
|-resisted|p2a: Thundurus
|-crit|p2a: Thundurus
|-damage|p2a: Thundurus|66/100
|
|t:|1703481723
|switch|p1a: Hydreigon|Hydreigon, F|100/100|[from] U-turn
|
|-weather|RainDance|[upkeep]
|-heal|p2a: Thundurus|72/100|[from] item: Leftovers
|upkeep
|turn|7
|
|t:|1703481736
|switch|p2a: Ferrothorn|Ferrothorn, M|75/100
|move|p1a: Hydreigon|Dark Pulse|p2a: Ferrothorn
|-resisted|p2a: Ferrothorn
|-damage|p2a: Ferrothorn|55/100
|
|-weather|RainDance|[upkeep]
|-heal|p2a: Ferrothorn|62/100|[from] item: Leftovers
|upkeep
|turn|8
|
|t:|1703481747
|move|p1a: Hydreigon|Dark Pulse|p2a: Ferrothorn
|-resisted|p2a: Ferrothorn
|-damage|p2a: Ferrothorn|44/100
|move|p2a: Ferrothorn|Stealth Rock|p1a: Hydreigon
|-sidestart|p1: PinkOnesie|move: Stealth Rock
|
|-weather|RainDance|[upkeep]
|-heal|p2a: Ferrothorn|50/100|[from] item: Leftovers
|upkeep
|turn|9
|
|t:|1703481753
|switch|p2a: mr chomps|Garchomp, M|93/100
|move|p1a: Hydreigon|Dark Pulse|p2a: mr chomps
|-damage|p2a: mr chomps|30/100
|
|-weather|RainDance|[upkeep]
|upkeep
|turn|10
|
|t:|1703481760
|switch|p1a: Landorus|Landorus-Therian, M|84/100
|-damage|p1a: Landorus|72/100|[from] Stealth Rock
|-ability|p1a: Landorus|Intimidate|boost
|-unboost|p2a: mr chomps|atk|1
|move|p2a: mr chomps|Outrage|p1a: Landorus
|-damage|p1a: Landorus|30/100
|
|-weather|RainDance|[upkeep]
|-heal|p1a: Landorus|36/100|[from] item: Leftovers
|upkeep
|turn|11
|
|t:|1703481783
|switch|p1a: Magnezone|Magnezone|100/100
|-damage|p1a: Magnezone|94/100|[from] Stealth Rock
|-item|p1a: Magnezone|Air Balloon
|move|p2a: mr chomps|Outrage|p1a: Magnezone|[from]lockedmove
|-resisted|p1a: Magnezone
|-damage|p1a: Magnezone|71/100
|-enditem|p1a: Magnezone|Air Balloon
|-start|p2a: mr chomps|confusion|[fatigue]
|
|-weather|RainDance|[upkeep]
|upkeep
|turn|12
|
|t:|1703481802
|switch|p1a: Landorus|Landorus-Therian, M|36/100
|-damage|p1a: Landorus|24/100|[from] Stealth Rock
|-ability|p1a: Landorus|Intimidate|boost
|-unboost|p2a: mr chomps|atk|1
|-activate|p2a: mr chomps|confusion
|move|p2a: mr chomps|Earthquake|p1a: Landorus
|-immune|p1a: Landorus
|
|-weather|RainDance|[upkeep]
|-heal|p1a: Landorus|30/100|[from] item: Leftovers
|upkeep
|turn|13
|
|t:|1703481811
|switch|p2a: Politoed|Politoed, F|85/100
|move|p1a: Landorus|Stealth Rock|p2a: Politoed
|-sidestart|p2: magialice|move: Stealth Rock
|
|-weather|RainDance|[upkeep]
|-heal|p1a: Landorus|36/100|[from] item: Leftovers
|upkeep
|turn|14
|
|t:|1703481816
|move|p1a: Landorus|U-turn|p2a: Politoed
|-damage|p2a: Politoed|67/100
|
|t:|1703481819
|switch|p1a: Celebi|Celebi|70/100|[from] U-turn
|-damage|p1a: Celebi|58/100|[from] Stealth Rock
|move|p2a: Politoed|Scald|p1a: Celebi
|-resisted|p1a: Celebi
|-damage|p1a: Celebi|46/100
|
|-weather|RainDance|[upkeep]
|-heal|p1a: Celebi|53/100|[from] item: Leftovers
|upkeep
|turn|15
|
|t:|1703481822
|move|p1a: Celebi|Recover|p1a: Celebi
|-heal|p1a: Celebi|100/100
|move|p2a: Politoed|Encore|p1a: Celebi
|-start|p1a: Celebi|Encore
|
|-weather|RainDance|[upkeep]
|upkeep
|turn|16
|
|t:|1703481830
|switch|p1a: Starmie|Starmie|91/100
|-damage|p1a: Starmie|78/100|[from] Stealth Rock
|move|p2a: Politoed|Scald|p1a: Starmie
|-resisted|p1a: Starmie
|-damage|p1a: Starmie|51/100
|
|-weather|RainDance|[upkeep]
|upkeep
|turn|17
|
|t:|1703481840
|switch|p2a: Ferrothorn|Ferrothorn, M|50/100
|-damage|p2a: Ferrothorn|44/100|[from] Stealth Rock
|move|p1a: Starmie|Thunderbolt|p2a: Ferrothorn
|-resisted|p2a: Ferrothorn
|-damage|p2a: Ferrothorn|28/100
|-damage|p1a: Starmie|41/100|[from] item: Life Orb
|
|-weather|RainDance|[upkeep]
|-heal|p2a: Ferrothorn|34/100|[from] item: Leftovers
|upkeep
|turn|18
|
|t:|1703481850
|switch|p1a: Magnezone|Magnezone|71/100
|-damage|p1a: Magnezone|65/100|[from] Stealth Rock
|move|p2a: Ferrothorn|Power Whip|p1a: Magnezone
|-resisted|p1a: Magnezone
|-damage|p1a: Magnezone|45/100
|
|-weather|RainDance|[upkeep]
|-heal|p2a: Ferrothorn|40/100|[from] item: Leftovers
|upkeep
|turn|19
|
|t:|1703481857
|move|p1a: Magnezone|Hidden Power|p2a: Ferrothorn
|-supereffective|p2a: Ferrothorn
|-damage|p2a: Ferrothorn|5/100
|move|p2a: Ferrothorn|Spikes|p1a: Magnezone
|-sidestart|p1: PinkOnesie|Spikes
|
|-weather|RainDance|[upkeep]
|-heal|p2a: Ferrothorn|11/100|[from] item: Leftovers
|upkeep
|turn|20
|
|t:|1703481862
|move|p1a: Magnezone|Hidden Power|p2a: Ferrothorn
|-supereffective|p2a: Ferrothorn
|-damage|p2a: Ferrothorn|0 fnt
|faint|p2a: Ferrothorn
|
|-weather|RainDance|[upkeep]
|upkeep
|
|t:|1703481873
|switch|p2a: Latios|Latios, M|100/100
|-damage|p2a: Latios|88/100|[from] Stealth Rock
|turn|21
|
|t:|1703481879
|move|p2a: Latios|Surf|p1a: Magnezone
|-damage|p1a: Magnezone|0 fnt
|faint|p1a: Magnezone
|
|-weather|RainDance|[upkeep]
|upkeep
|
|t:|1703481885
|switch|p1a: Celebi|Celebi|100/100
|-damage|p1a: Celebi|88/100|[from] Stealth Rock
|-damage|p1a: Celebi|76/100|[from] Spikes
|turn|22
|
|t:|1703481894
|switch|p2a: Politoed|Politoed, F|67/100
|-damage|p2a: Politoed|55/100|[from] Stealth Rock
|move|p1a: Celebi|U-turn|p2a: Politoed
|-damage|p2a: Politoed|44/100
|
|t:|1703481900
|switch|p1a: Starmie|Starmie|41/100|[from] U-turn
|-damage|p1a: Starmie|28/100|[from] Stealth Rock
|-damage|p1a: Starmie|16/100|[from] Spikes
|
|-weather|RainDance|[upkeep]
|upkeep
|turn|23
|
|t:|1703481904
|switch|p2a: mr chomps|Garchomp, M|30/100
|-damage|p2a: mr chomps|23/100|[from] Stealth Rock
|move|p1a: Starmie|Rapid Spin|p2a: mr chomps
|-damage|p2a: mr chomps|19/100
|-damage|p1a: Starmie|4/100|[from] ability: Rough Skin|[of] p2a: mr chomps
|-sideend|p1: PinkOnesie|Spikes|[from] move: Rapid Spin|[of] p1a: Starmie
|-sideend|p1: PinkOnesie|Stealth Rock|[from] move: Rapid Spin|[of] p1a: Starmie
|-damage|p1a: Starmie|0 fnt|[from] item: Life Orb
|faint|p1a: Starmie
|
|-weather|RainDance|[upkeep]
|upkeep
|
|t:|1703481917
|switch|p1a: Infernape|Infernape, F|100/100
|turn|24
|
|t:|1703481929
|switch|p2a: Politoed|Politoed, F|44/100
|-damage|p2a: Politoed|31/100|[from] Stealth Rock
|move|p1a: Infernape|U-turn|p2a: Politoed
|-damage|p2a: Politoed|15/100
|
|t:|1703481937
|switch|p1a: Landorus|Landorus-Therian, M|36/100|[from] U-turn
|-ability|p1a: Landorus|Intimidate|boost
|-unboost|p2a: Politoed|atk|1
|
|-weather|RainDance|[upkeep]
|-heal|p1a: Landorus|42/100|[from] item: Leftovers
|upkeep
|turn|25
|
|t:|1703481942
|move|p1a: Landorus|U-turn|p2a: Politoed
|-damage|p2a: Politoed|0 fnt
|faint|p2a: Politoed
|
|t:|1703481947
|switch|p1a: Celebi|Celebi|76/100|[from] U-turn
|
|-weather|RainDance|[upkeep]
|-heal|p1a: Celebi|82/100|[from] item: Leftovers
|upkeep
|
|t:|1703481956
|switch|p2a: Latios|Latios, M|88/100
|-damage|p2a: Latios|76/100|[from] Stealth Rock
|turn|26
|
|t:|1703481961
|move|p2a: Latios|Trick|p1a: Celebi
|-activate|p2a: Latios|move: Trick|[of] p1a: Celebi
|-item|p1a: Celebi|Choice Scarf|[from] move: Trick
|-item|p2a: Latios|Leftovers|[from] move: Trick
|move|p1a: Celebi|U-turn|p2a: Latios
|-supereffective|p2a: Latios
|-damage|p2a: Latios|39/100
|
|t:|1703481967
|switch|p1a: Infernape|Infernape, F|100/100|[from] U-turn
|
|-weather|RainDance|[upkeep]
|-heal|p2a: Latios|45/100|[from] item: Leftovers
|upkeep
|turn|27
|
|t:|1703481976
|switch|p2a: mr chomps|Garchomp, M|19/100
|-damage|p2a: mr chomps|13/100|[from] Stealth Rock
|move|p1a: Infernape|U-turn|p2a: mr chomps
|-damage|p2a: mr chomps|0 fnt
|-damage|p1a: Infernape|88/100|[from] ability: Rough Skin|[of] p2a: mr chomps
|faint|p2a: mr chomps
|
|t:|1703481989
|switch|p1a: Celebi|Celebi|82/100|[from] U-turn
|
|-weather|RainDance|[upkeep]
|upkeep
|
|t:|1703481992
|switch|p2a: Starmie|Starmie|100/100
|-damage|p2a: Starmie|88/100|[from] Stealth Rock
|-item|p2a: Starmie|Air Balloon
|turn|28
|
|t:|1703481999
|move|p2a: Starmie|Rapid Spin|p1a: Celebi
|-damage|p1a: Celebi|79/100
|-sideend|p2: magialice|Stealth Rock|[from] move: Rapid Spin|[of] p2a: Starmie
|move|p1a: Celebi|Giga Drain|p2a: Starmie
|-supereffective|p2a: Starmie
|-damage|p2a: Starmie|12/100
|-heal|p1a: Celebi|100/100|[from] drain|[of] p2a: Starmie
|-enditem|p2a: Starmie|Air Balloon
|
|-weather|RainDance|[upkeep]
|upkeep
|turn|29
|
|t:|1703482017
|switch|p2a: Thundurus|Thundurus-Therian, M|72/100
|switch|p1a: Landorus|Landorus-Therian, M|42/100
|-ability|p1a: Landorus|Intimidate|boost
|-unboost|p2a: Thundurus|atk|1
|
|-weather|RainDance|[upkeep]
|-heal|p2a: Thundurus|78/100|[from] item: Leftovers
|-heal|p1a: Landorus|48/100|[from] item: Leftovers
|upkeep
|turn|30
|
|t:|1703482022
|move|p2a: Thundurus|Hidden Power|p1a: Landorus
|-supereffective|p1a: Landorus
|-crit|p1a: Landorus
|-damage|p1a: Landorus|0 fnt
|faint|p1a: Landorus
|
|-weather|RainDance|[upkeep]
|-heal|p2a: Thundurus|84/100|[from] item: Leftovers
|upkeep
|
|t:|1703482029
|switch|p1a: Celebi|Celebi|100/100
|turn|31
|
|t:|1703482032
|move|p1a: Celebi|Psychic|p2a: Thundurus
|-damage|p2a: Thundurus|45/100
|move|p2a: Thundurus|Thunder Wave|p1a: Celebi
|-status|p1a: Celebi|par
|
|-weather|RainDance|[upkeep]
|-heal|p2a: Thundurus|51/100|[from] item: Leftovers
|upkeep
|turn|32
|
|t:|1703482037
|move|p2a: Thundurus|Hidden Power|p1a: Celebi
|-supereffective|p1a: Celebi
|-damage|p1a: Celebi|66/100 par
|cant|p1a: Celebi|par
|
|-weather|RainDance|[upkeep]
|-heal|p2a: Thundurus|57/100|[from] item: Leftovers
|upkeep
|turn|33
|
|t:|1703482042
|move|p2a: Thundurus|Hidden Power|p1a: Celebi
|-supereffective|p1a: Celebi
|-damage|p1a: Celebi|35/100 par
|cant|p1a: Celebi|par
|
|-weather|RainDance|[upkeep]
|-heal|p2a: Thundurus|63/100|[from] item: Leftovers
|upkeep
|turn|34
|
|t:|1703482049
|move|p2a: Thundurus|Hidden Power|p1a: Celebi
|-supereffective|p1a: Celebi
|-damage|p1a: Celebi|4/100 par
|move|p1a: Celebi|Psychic|p2a: Thundurus
|-damage|p2a: Thundurus|18/100
|
|-weather|RainDance|[upkeep]
|-heal|p2a: Thundurus|24/100|[from] item: Leftovers
|upkeep
|turn|35
|
|t:|1703482057
|move|p2a: Thundurus|Thunder|p1a: Celebi
|-resisted|p1a: Celebi
|-damage|p1a: Celebi|0 fnt
|faint|p1a: Celebi
|
|-weather|RainDance|[upkeep]
|-heal|p2a: Thundurus|30/100|[from] item: Leftovers
|upkeep
|
|t:|1703482061
|switch|p1a: Infernape|Infernape, F|88/100
|turn|36
|
|t:|1703482068
|move|p1a: Infernape|Hidden Power|p2a: Thundurus
|-supereffective|p2a: Thundurus
|-damage|p2a: Thundurus|0 fnt
|faint|p2a: Thundurus
|
|-weather|RainDance|[upkeep]
|upkeep
|
|t:|1703482072
|switch|p2a: Latios|Latios, M|45/100
|turn|37
|
|t:|1703482078
|switch|p1a: Hydreigon|Hydreigon, F|100/100
|move|p2a: Latios|Draco Meteor|p1a: Hydreigon
|-supereffective|p1a: Hydreigon
|-damage|p1a: Hydreigon|0 fnt
|-unboost|p2a: Latios|spa|2
|faint|p1a: Hydreigon
|
|-weather|RainDance|[upkeep]
|-heal|p2a: Latios|51/100|[from] item: Leftovers
|upkeep
|
|t:|1703482080
|switch|p1a: Infernape|Infernape, F|88/100
|turn|38
|
|t:|1703482083
|switch|p2a: Starmie|Starmie|12/100
|move|p1a: Infernape|U-turn|p2a: Starmie
|-supereffective|p2a: Starmie
|-damage|p2a: Starmie|0 fnt
|faint|p2a: Starmie
|
|-weather|RainDance|[upkeep]
|upkeep
|
|t:|1703482085
|switch|p2a: Latios|Latios, M|51/100
|turn|39
|
|t:|1703482088
|move|p1a: Infernape|U-turn|p2a: Latios
|-supereffective|p2a: Latios
|-damage|p2a: Latios|0 fnt
|faint|p2a: Latios
|
|win|PinkOnesie
|raw|PinkOnesie's rating: 1394 &rarr; <strong>1417</strong><br />(+23 for winning)
|raw|magialice's rating: 1443 &rarr; <strong>1420</strong><br />(-23 for losing)
|l|☆magialice
