|j|☆brazen ignorance
|j|☆ryusen696969
|t:|1731957251
|gametype|singles
|player|p1|brazen ignorance|lucian|1388
|player|p2|ryusen696969|101|1351
|teamsize|p1|6
|teamsize|p2|6
|gen|5
|tier|[Gen 5] OU
|rated|
|rule|Species Clause: Limit one of each Pokémon
|rule|OHKO Clause: OHKO moves are banned
|rule|Moody Clause: Moody is banned
|rule|Evasion Items Clause: Evasion items are banned
|rule|Evasion Moves Clause: Evasion moves are banned
|rule|Endless Battle Clause: Forcing endless battles is banned
|rule|HP Percentage Mod: HP is shown in percentages
|rule|Evasion Abilities Clause: Evasion abilities are banned
|rule|Sleep Moves Clause: Sleep-inducing moves are banned
|rule|Swagger Clause: Swagger is banned
|rule|Baton Pass Stat Clause: No Baton Passer may have a way to boost its stats
|clearpoke
|poke|p1|Clefable, F|item
|poke|p1|Forretress, M|item
|poke|p1|Abomasnow, M|item
|poke|p1|Jellicent, M|item
|poke|p1|Jirachi|item
|poke|p1|Mamoswine, M|item
|poke|p2|Garchomp, M|item
|poke|p2|Blissey, F|item
|poke|p2|Suicune|item
|poke|p2|Scizor, F|item
|poke|p2|Zoroark, F|item
|poke|p2|Alakazam, F|item
|teampreview
|inactive|Battle timer is ON: inactive players will automatically lose when time's up. (requested by ryusen696969)
|inactive|brazen ignorance also wants the timer to be on.
|inactive|brazen ignorance has 120 seconds left.
|
|t:|1731957284
|start
|switch|p1a: Abomasnow|Abomasnow, M|100/100
|switch|p2a: Garchomp|Garchomp, M|100/100
|-weather|Hail|[from] ability: Snow Warning|[of] p1a: Abomasnow
|turn|1
|j| CertamenMeum
|
|t:|1731957305
|switch|p1a: Jellicent|Jellicent, M|100/100
|-item|p1a: Jellicent|Air Balloon
|move|p2a: Garchomp|Flamethrower|p1a: Jellicent
|-resisted|p1a: Jellicent
|-damage|p1a: Jellicent|89/100
|-enditem|p1a: Jellicent|Air Balloon
|
|-weather|Hail|[upkeep]
|-damage|p2a: Garchomp|94/100|[from] Hail
|-damage|p1a: Jellicent|82/100|[from] Hail
|upkeep
|turn|2
|
|t:|1731957322
|switch|p1a: Clefable|Clefable, F, shiny|100/100
|move|p2a: Garchomp|Dark Pulse|p1a: Clefable
|-damage|p1a: Clefable|69/100
|
|-weather|Hail|[upkeep]
|-damage|p2a: Garchomp|88/100|[from] Hail
|-heal|p1a: Clefable|75/100|[from] item: Leftovers
|upkeep
|turn|3
|
|t:|1731957330
|move|p2a: Garchomp|Focus Blast|p1a: Clefable|[miss]
|-miss|p2a: Garchomp|p1a: Clefable
|move|p1a: Clefable|Knock Off|p2a: Garchomp
|-resisted|p2a: Garchomp
|-damage|p2a: Garchomp|85/100
|replace|p2a: Zoroark|Zoroark, F
|-end|p2a: Zoroark|Illusion
|-enditem|p2a: Zoroark|Expert Belt|[from] move: Knock Off|[of] p1a: Clefable
|
|-weather|Hail|[upkeep]
|-damage|p2a: Zoroark|79/100|[from] Hail
|-heal|p1a: Clefable|81/100|[from] item: Leftovers
|upkeep
|turn|4
|
|t:|1731957343
|move|p2a: Zoroark|Focus Blast|p1a: Clefable
|-supereffective|p1a: Clefable
|-damage|p1a: Clefable|15/100
|move|p1a: Clefable|Thunder Wave|p2a: Zoroark
|-status|p2a: Zoroark|par
|
|-weather|Hail|[upkeep]
|-damage|p2a: Zoroark|73/100 par|[from] Hail
|-heal|p1a: Clefable|21/100|[from] item: Leftovers
|upkeep
|turn|5
|
|t:|1731957353
|switch|p1a: Jirachi|Jirachi|100/100
|switch|p2a: Alakazam|Alakazam, F|100/100
|
|-weather|Hail|[upkeep]
|-damage|p1a: Jirachi|94/100|[from] Hail
|upkeep
|turn|6
|
|t:|1731957360
|switch|p2a: Garchomp|Garchomp, M|100/100
|move|p1a: Jirachi|U-turn|p2a: Garchomp
|-damage|p2a: Garchomp|68/100
|-damage|p1a: Jirachi|82/100|[from] ability: Rough Skin|[of] p2a: Garchomp
|
|t:|1731957378
|switch|p1a: Mamoswine|Mamoswine, M|100/100|[from] U-turn
|
|-weather|Hail|[upkeep]
|-damage|p2a: Garchomp|62/100|[from] Hail
|upkeep
|turn|7
|
|t:|1731957386
|switch|p2a: Suicune|Suicune, shiny|100/100
|-ability|p2a: Suicune|Pressure
|move|p1a: Mamoswine|Stealth Rock|p2a: Suicune
|-sidestart|p2: ryusen696969|move: Stealth Rock
|
|-weather|Hail|[upkeep]
|-damage|p2a: Suicune|94/100|[from] Hail
|-heal|p2a: Suicune|100/100|[from] item: Leftovers
|upkeep
|turn|8
|
|t:|1731957397
|switch|p1a: Abomasnow|Abomasnow, M|100/100
|move|p2a: Suicune|Toxic|p1a: Abomasnow
|-status|p1a: Abomasnow|tox
|
|-weather|Hail|[upkeep]
|-damage|p2a: Suicune|94/100|[from] Hail
|-heal|p2a: Suicune|100/100|[from] item: Leftovers
|-damage|p1a: Abomasnow|94/100 tox|[from] psn
|upkeep
|turn|9
|
|t:|1731957404
|switch|p2a: Scizor|Scizor, F|100/100
|-damage|p2a: Scizor|88/100|[from] Stealth Rock
|move|p1a: Abomasnow|Leech Seed|p2a: Scizor
|-start|p2a: Scizor|move: Leech Seed
|
|-weather|Hail|[upkeep]
|-damage|p2a: Scizor|82/100|[from] Hail
|-heal|p1a: Abomasnow|100/100 tox|[from] item: Leftovers
|-damage|p2a: Scizor|70/100|[from] Leech Seed|[of] p1a: Abomasnow
|-damage|p1a: Abomasnow|88/100 tox|[from] psn
|upkeep
|turn|10
|
|t:|1731957417
|switch|p1a: Forretress|Forretress, M, shiny|100/100
|move|p2a: Scizor|U-turn|p1a: Forretress
|-resisted|p1a: Forretress
|-damage|p1a: Forretress|87/100
|
|t:|1731957421
|switch|p2a: Alakazam|Alakazam, F|73/100 par|[from] U-turn
|-damage|p2a: Alakazam|60/100 par|[from] Stealth Rock
|
|-weather|Hail|[upkeep]
|-damage|p2a: Alakazam|54/100 par|[from] Hail
|-heal|p1a: Forretress|93/100|[from] item: Leftovers
|upkeep
|turn|11
|inactive|brazen ignorance has 120 seconds left.
|
|t:|1731957457
|switch|p1a: Clefable|Clefable, F, shiny|21/100
|move|p2a: Alakazam|Flamethrower|p1a: Clefable
|-damage|p1a: Clefable|0 fnt
|faint|p1a: Clefable
|
|-weather|Hail|[upkeep]
|-damage|p2a: Alakazam|48/100 par|[from] Hail
|upkeep
|
|t:|1731957469
|switch|p1a: Jirachi|Jirachi|82/100
|turn|12
|
|t:|1731957475
|switch|p2a: Suicune|Suicune, shiny|100/100
|-damage|p2a: Suicune|88/100|[from] Stealth Rock
|-ability|p2a: Suicune|Pressure
|move|p1a: Jirachi|U-turn|p2a: Suicune
|-damage|p2a: Suicune|67/100
|
|t:|1731957489
|switch|p1a: Abomasnow|Abomasnow, M|88/100 tox|[from] U-turn
|
|-weather|Hail|[upkeep]
|-damage|p2a: Suicune|61/100|[from] Hail
|-heal|p2a: Suicune|67/100|[from] item: Leftovers
|-heal|p1a: Abomasnow|94/100 tox|[from] item: Leftovers
|-damage|p1a: Abomasnow|88/100 tox|[from] psn
|upkeep
|turn|13
|
|t:|1731957500
|switch|p2a: Scizor|Scizor, F|70/100
|-damage|p2a: Scizor|57/100|[from] Stealth Rock
|move|p1a: Abomasnow|Leech Seed|p2a: Scizor|[miss]
|-miss|p1a: Abomasnow|p2a: Scizor
|
|-weather|Hail|[upkeep]
|-damage|p2a: Scizor|51/100|[from] Hail
|-heal|p1a: Abomasnow|94/100 tox|[from] item: Leftovers
|-damage|p1a: Abomasnow|82/100 tox|[from] psn
|upkeep
|turn|14
|inactive|brazen ignorance has 120 seconds left.
|
|t:|1731957506
|switch|p1a: Forretress|Forretress, M, shiny|93/100
|move|p2a: Scizor|U-turn|p1a: Forretress
|-resisted|p1a: Forretress
|-crit|p1a: Forretress
|-damage|p1a: Forretress|65/100
|
|t:|1731957510
|switch|p2a: Blissey|Blissey, F|100/100|[from] U-turn
|-damage|p2a: Blissey|88/100|[from] Stealth Rock
|
|-weather|Hail|[upkeep]
|-damage|p2a: Blissey|82/100|[from] Hail
|-heal|p1a: Forretress|71/100|[from] item: Leftovers
|upkeep
|turn|15
|
|t:|1731957522
|switch|p1a: Jirachi|Jirachi|82/100
|move|p2a: Blissey|Flamethrower|p1a: Jirachi
|-supereffective|p1a: Jirachi
|-damage|p1a: Jirachi|38/100
|-status|p1a: Jirachi|brn
|
|-weather|Hail|[upkeep]
|-damage|p1a: Jirachi|32/100 brn|[from] Hail
|-damage|p2a: Blissey|76/100|[from] Hail
|-damage|p1a: Jirachi|19/100 brn|[from] brn
|upkeep
|turn|16
|
|t:|1731957529
|move|p1a: Jirachi|Trick|p2a: Blissey
|-activate|p1a: Jirachi|move: Trick|[of] p2a: Blissey
|-item|p2a: Blissey|Choice Band|[from] move: Trick
|-item|p1a: Jirachi|Focus Sash|[from] move: Trick
|move|p2a: Blissey|Flamethrower|p1a: Jirachi
|-supereffective|p1a: Jirachi
|-damage|p1a: Jirachi|0 fnt
|faint|p1a: Jirachi
|
|-weather|Hail|[upkeep]
|-damage|p2a: Blissey|70/100|[from] Hail
|upkeep
|
|t:|1731957543
|switch|p1a: Mamoswine|Mamoswine, M|100/100
|turn|17
|
|t:|1731957547
|switch|p2a: Suicune|Suicune, shiny|67/100
|-damage|p2a: Suicune|55/100|[from] Stealth Rock
|-ability|p2a: Suicune|Pressure
|move|p1a: Mamoswine|Earthquake|p2a: Suicune
|-damage|p2a: Suicune|23/100
|
|-weather|Hail|[upkeep]
|-damage|p2a: Suicune|16/100|[from] Hail
|-heal|p2a: Suicune|23/100|[from] item: Leftovers
|upkeep
|turn|18
|
|t:|1731957570
|switch|p1a: Abomasnow|Abomasnow, M|82/100 tox
|move|p2a: Suicune|Surf|p1a: Abomasnow
|-resisted|p1a: Abomasnow
|-damage|p1a: Abomasnow|63/100 tox
|
|-weather|Hail|[upkeep]
|-damage|p2a: Suicune|16/100|[from] Hail
|-heal|p2a: Suicune|23/100|[from] item: Leftovers
|-heal|p1a: Abomasnow|70/100 tox|[from] item: Leftovers
|-damage|p1a: Abomasnow|63/100 tox|[from] psn
|upkeep
|turn|19
|
|t:|1731957575
|move|p2a: Suicune|Air Slash|p1a: Abomasnow
|-supereffective|p1a: Abomasnow
|-damage|p1a: Abomasnow|27/100 tox
|move|p1a: Abomasnow|Giga Drain|p2a: Suicune
|-supereffective|p2a: Suicune
|-damage|p2a: Suicune|0 fnt
|-heal|p1a: Abomasnow|40/100 tox|[from] drain|[of] p2a: Suicune
|faint|p2a: Suicune
|
|-weather|Hail|[upkeep]
|-heal|p1a: Abomasnow|46/100 tox|[from] item: Leftovers
|-damage|p1a: Abomasnow|34/100 tox|[from] psn
|upkeep
|
|t:|1731957581
|switch|p2a: Scizor|Scizor, F|51/100
|-damage|p2a: Scizor|39/100|[from] Stealth Rock
|turn|20
|
|t:|1731957586
|switch|p1a: Forretress|Forretress, M, shiny|71/100
|move|p2a: Scizor|U-turn|p1a: Forretress
|-resisted|p1a: Forretress
|-damage|p1a: Forretress|57/100
|
|t:|1731957591
|switch|p2a: Blissey|Blissey, F|70/100|[from] U-turn
|-damage|p2a: Blissey|57/100|[from] Stealth Rock
|
|-weather|Hail|[upkeep]
|-damage|p2a: Blissey|51/100|[from] Hail
|-heal|p1a: Forretress|63/100|[from] item: Leftovers
|upkeep
|turn|21
|
|t:|1731957598
|switch|p1a: Jellicent|Jellicent, M|82/100
|move|p2a: Blissey|Flamethrower|p1a: Jellicent
|-resisted|p1a: Jellicent
|-damage|p1a: Jellicent|72/100
|
|-weather|Hail|[upkeep]
|-damage|p1a: Jellicent|66/100|[from] Hail
|-damage|p2a: Blissey|45/100|[from] Hail
|upkeep
|turn|22
|
|t:|1731957610
|switch|p2a: Alakazam|Alakazam, F|100/100
|move|p1a: Jellicent|Recover|p1a: Jellicent
|-heal|p1a: Jellicent|100/100
|
|-weather|Hail|[upkeep]
|-damage|p1a: Jellicent|94/100|[from] Hail
|upkeep
|turn|23
|
|t:|1731957625
|switch|p1a: Abomasnow|Abomasnow, M|34/100 tox
|move|p2a: Alakazam|Shadow Ball|p1a: Abomasnow
|-damage|p1a: Abomasnow|0 fnt
|faint|p1a: Abomasnow
|
|-weather|Hail|[upkeep]
|upkeep
|
|t:|1731957631
|switch|p1a: Mamoswine|Mamoswine, M|100/100
|turn|24
|
|t:|1731957635
|move|p2a: Alakazam|Energy Ball|p1a: Mamoswine
|-supereffective|p1a: Mamoswine
|-damage|p1a: Mamoswine|17/100
|move|p1a: Mamoswine|Earthquake|p2a: Alakazam
|-damage|p2a: Alakazam|0 fnt
|faint|p2a: Alakazam
|
|-weather|Hail|[upkeep]
|upkeep
|
|t:|1731957642
|switch|p2a: Scizor|Scizor, F|39/100
|-damage|p2a: Scizor|26/100|[from] Stealth Rock
|turn|25
|
|t:|1731957645
|switch|p1a: Forretress|Forretress, M, shiny|63/100
|move|p2a: Scizor|Bullet Punch|p1a: Forretress
|-resisted|p1a: Forretress
|-damage|p1a: Forretress|51/100
|
|-weather|Hail|[upkeep]
|-damage|p2a: Scizor|20/100|[from] Hail
|-heal|p1a: Forretress|58/100|[from] item: Leftovers
|upkeep
|turn|26
|
|t:|1731957651
|switch|p2a: Garchomp|Garchomp, M|62/100
|-damage|p2a: Garchomp|55/100|[from] Stealth Rock
|move|p1a: Forretress|Gyro Ball|p2a: Garchomp
|-damage|p2a: Garchomp|9/100
|-damage|p1a: Forretress|45/100|[from] ability: Rough Skin|[of] p2a: Garchomp
|
|-weather|Hail|[upkeep]
|-damage|p2a: Garchomp|3/100|[from] Hail
|-heal|p1a: Forretress|51/100|[from] item: Leftovers
|upkeep
|turn|27
|
|t:|1731957658
|switch|p1a: Jellicent|Jellicent, M|94/100
|move|p2a: Garchomp|Fire Blast|p1a: Jellicent
|-resisted|p1a: Jellicent
|-damage|p1a: Jellicent|85/100
|-status|p1a: Jellicent|brn
|
|-weather|Hail|[upkeep]
|-damage|p2a: Garchomp|0 fnt|[from] Hail
|-damage|p1a: Jellicent|79/100 brn|[from] Hail
|faint|p2a: Garchomp
|-damage|p1a: Jellicent|67/100 brn|[from] brn
|upkeep
|
|t:|1731957662
|switch|p2a: Blissey|Blissey, F|48/100 par
|-damage|p2a: Blissey|36/100 par|[from] Stealth Rock
|turn|28
|
|t:|1731957684
|move|p1a: Jellicent|Scald|p2a: Blissey
|-damage|p2a: Blissey|0 fnt
|replace|p2a: Zoroark|Zoroark, F
|-end|p2a: Zoroark|Illusion
|faint|p2a: Zoroark
|
|-weather|Hail|[upkeep]
|-damage|p1a: Jellicent|61/100 brn|[from] Hail
|-damage|p1a: Jellicent|48/100 brn|[from] brn
|upkeep
|
|t:|1731957687
|switch|p2a: Blissey|Blissey, F|45/100
|-damage|p2a: Blissey|32/100|[from] Stealth Rock
|turn|29
|
|t:|1731957693
|move|p1a: Jellicent|Recover|p1a: Jellicent
|-heal|p1a: Jellicent|98/100 brn
|move|p2a: Blissey|Thunderbolt|p1a: Jellicent
|-supereffective|p1a: Jellicent
|-damage|p1a: Jellicent|61/100 brn
|
|-weather|Hail|[upkeep]
|-damage|p1a: Jellicent|54/100 brn|[from] Hail
|-damage|p2a: Blissey|26/100|[from] Hail
|-damage|p1a: Jellicent|42/100 brn|[from] brn
|upkeep
|turn|30
|
|t:|1731957701
|switch|p1a: Mamoswine|Mamoswine, M|17/100
|switch|p2a: Scizor|Scizor, F|20/100
|-damage|p2a: Scizor|8/100|[from] Stealth Rock
|
|-weather|Hail|[upkeep]
|-damage|p2a: Scizor|2/100|[from] Hail
|upkeep
|turn|31
|
|t:|1731957706
|switch|p1a: Forretress|Forretress, M, shiny|51/100
|move|p2a: Scizor|U-turn|p1a: Forretress
|-resisted|p1a: Forretress
|-damage|p1a: Forretress|37/100
|
|t:|1731957709
|switch|p2a: Blissey|Blissey, F|26/100|[from] U-turn
|-damage|p2a: Blissey|14/100|[from] Stealth Rock
|
|-weather|Hail|[upkeep]
|-damage|p2a: Blissey|8/100|[from] Hail
|-heal|p1a: Forretress|43/100|[from] item: Leftovers
|upkeep
|turn|32
|
|t:|1731957715
|switch|p1a: Jellicent|Jellicent, M|42/100 brn
|move|p2a: Blissey|Thunderbolt|p1a: Jellicent
|-supereffective|p1a: Jellicent
|-damage|p1a: Jellicent|0 fnt
|faint|p1a: Jellicent
|
|-weather|Hail|[upkeep]
|-damage|p2a: Blissey|2/100|[from] Hail
|upkeep
|
|t:|1731957717
|switch|p1a: Mamoswine|Mamoswine, M|17/100
|turn|33
|
|t:|1731957721
|move|p1a: Mamoswine|Ice Shard|p2a: Blissey
|-damage|p2a: Blissey|0 fnt
|faint|p2a: Blissey
|
|-weather|Hail|[upkeep]
|upkeep
|
|t:|1731957723
|switch|p2a: Scizor|Scizor, F|2/100
|-damage|p2a: Scizor|0 fnt|[from] Stealth Rock
|faint|p2a: Scizor
|
|win|brazen ignorance
|raw|brazen ignorance's rating: 1388 &rarr; <strong>1406</strong><br />(+18 for winning)
|raw|ryusen696969's rating: 1351 &rarr; <strong>1333</strong><br />(-18 for losing)
|l|☆ryusen696969
|player|p2|
|c|☆brazen ignorance|!showteam
|c| brazen ignorance|/raw <div class="infobox"><details><summary>View team</summary>Clefable (F) @ Leftovers  <br />Ability: Magic Guard  <br />Shiny: Yes  <br />EVs: 252 HP &#x2f; 152 Def &#x2f; 104 SpD  <br />Impish Nature  <br />- Seismic Toss  <br />- Knock Off  <br />- Thunder Wave  <br />- Soft-Boiled  <br /><br />Forretress (M) @ Leftovers  <br />Ability: Overcoat  <br />Shiny: Yes  <br />EVs: 252 HP &#x2f; 4 Atk &#x2f; 252 SpD  <br />Sassy Nature  <br />IVs: 0 Spe  <br />- Gyro Ball  <br />- Rapid Spin  <br />- Spikes  <br />- Toxic Spikes  <br /><br />Abomasnow (M) @ Leftovers  <br />Ability: Snow Warning  <br />EVs: 128 Def &#x2f; 252 SpA &#x2f; 128 SpD  <br />Modest Nature  <br />IVs: 0 Atk  <br />- Blizzard  <br />- Giga Drain  <br />- Leech Seed  <br />- Substitute  <br /><br />Jellicent (M) @ Air Balloon  <br />Ability: Water Absorb  <br />EVs: 248 HP &#x2f; 124 Def &#x2f; 136 Spe  <br />Timid Nature  <br />IVs: 0 Atk  <br />- Scald  <br />- Hex  <br />- Will-O-Wisp  <br />- Recover  <br /><br />Jirachi @ Choice Band  <br />Ability: Serene Grace  <br />EVs: 144 HP &#x2f; 252 Atk &#x2f; 112 Spe  <br />Adamant Nature  <br />- Iron Head  <br />- Body Slam  <br />- U-turn  <br />- Trick  <br /><br />Mamoswine (M) @ Focus Sash  <br />Ability: Thick Fat  <br />EVs: 252 HP &#x2f; 252 Atk &#x2f; 4 Spe  <br />Adamant Nature  <br />- Icicle Crash  <br />- Earthquake  <br />- Ice Shard  <br />- Stealth Rock  <br /><br /></details></div>
