|j|☆macstar8
|j|☆SattleBimulator
|t:|1742138512
|gametype|singles
|player|p1|macstar8|zinzolin|1310
|player|p2|SattleBimulator|169|1345
|teamsize|p1|6
|teamsize|p2|6
|gen|5
|tier|[Gen 5] OU
|rated|
|rule|Species Clause: Limit one of each Pokémon
|rule|OHKO Clause: OHKO moves are banned
|rule|Moody Clause: Moody is banned
|rule|Evasion Items Clause: Evasion items are banned
|rule|Evasion Moves Clause: Evasion moves are banned
|rule|Endless Battle Clause: Forcing endless battles is banned
|rule|HP Percentage Mod: HP is shown in percentages
|rule|Evasion Abilities Clause: Evasion abilities are banned
|rule|Sleep Moves Clause: Sleep-inducing moves are banned
|rule|Swagger Clause: Swagger is banned
|rule|Baton Pass Stat Clause: No Baton Passer may have a way to boost its stats
|clearpoke
|poke|p1|Suicune|item
|poke|p1|Ferrothorn, F|item
|poke|p1|Garchomp, F|item
|poke|p1|Yanmega, F|item
|poke|p1|Tentacruel, F|item
|poke|p1|Heatran, M|item
|poke|p2|Excadrill, M|item
|poke|p2|Garchomp, M|item
|poke|p2|Tyranitar, F|item
|poke|p2|Scizor, M|item
|poke|p2|Skarmory, F|item
|poke|p2|Gengar, M|item
|teampreview
|inactive|Battle timer is ON: inactive players will automatically lose when time's up. (requested by SattleBimulator)
|
|t:|1742138520
|start
|switch|p1a: Ferrothorn|Ferrothorn, F, shiny|100/100
|switch|p2a: Skarmory|Skarmory, F|100/100
|turn|1
|
|t:|1742138523
|move|p2a: Skarmory|Stealth Rock|p1a: Ferrothorn
|-sidestart|p1: macstar8|move: Stealth Rock
|move|p1a: Ferrothorn|Stealth Rock|p2a: Skarmory
|-sidestart|p2: SattleBimulator|move: Stealth Rock
|
|upkeep
|turn|2
|
|t:|1742138530
|switch|p1a: Tentacruel|Tentacruel, F|100/100
|-damage|p1a: Tentacruel|88/100|[from] Stealth Rock
|move|p2a: Skarmory|Spikes|p1a: Tentacruel
|-sidestart|p1: macstar8|Spikes
|
|-heal|p1a: Tentacruel|94/100|[from] item: Black Sludge
|upkeep
|turn|3
|
|t:|1742138532
|move|p1a: Tentacruel|Scald|p2a: Skarmory
|-damage|p2a: Skarmory|70/100
|move|p2a: Skarmory|Whirlwind|p1a: Tentacruel
|drag|p1a: Suicune|Suicune|100/100
|-damage|p1a: Suicune|88/100|[from] Stealth Rock
|-damage|p1a: Suicune|76/100|[from] Spikes
|-ability|p1a: Suicune|Pressure
|
|-heal|p1a: Suicune|82/100|[from] item: Leftovers
|upkeep
|turn|4
|
|t:|1742138535
|move|p1a: Suicune|Scald|p2a: Skarmory
|-damage|p2a: Skarmory|36/100
|-status|p2a: Skarmory|brn
|move|p2a: Skarmory|Spikes|p1a: Suicune
|-sidestart|p1: macstar8|Spikes
|
|-heal|p1a: Suicune|88/100|[from] item: Leftovers
|-damage|p2a: Skarmory|23/100 brn|[from] brn
|upkeep
|turn|5
|
|t:|1742138538
|switch|p1a: Tentacruel|Tentacruel, F|94/100
|-damage|p1a: Tentacruel|82/100|[from] Stealth Rock
|-damage|p1a: Tentacruel|65/100|[from] Spikes
|move|p2a: Skarmory|Spikes|p1a: Tentacruel
|-sidestart|p1: macstar8|Spikes
|
|-heal|p1a: Tentacruel|71/100|[from] item: Black Sludge
|-damage|p2a: Skarmory|11/100 brn|[from] brn
|upkeep
|turn|6
|
|t:|1742138540
|switch|p2a: Gengar|Gengar, M|100/100
|-damage|p2a: Gengar|88/100|[from] Stealth Rock
|move|p1a: Tentacruel|Rapid Spin|p2a: Gengar
|-immune|p2a: Gengar
|
|-heal|p1a: Tentacruel|77/100|[from] item: Black Sludge
|upkeep
|turn|7
|
|t:|1742138542
|move|p2a: Gengar|Thunderbolt|p1a: Tentacruel
|-supereffective|p1a: Tentacruel
|-damage|p1a: Tentacruel|36/100
|move|p1a: Tentacruel|Scald|p2a: Gengar
|-damage|p2a: Gengar|48/100
|
|-heal|p1a: Tentacruel|42/100|[from] item: Black Sludge
|upkeep
|turn|8
|
|t:|1742138548
|switch|p1a: Ferrothorn|Ferrothorn, F, shiny|100/100
|-damage|p1a: Ferrothorn|94/100|[from] Stealth Rock
|-damage|p1a: Ferrothorn|69/100|[from] Spikes
|move|p2a: Gengar|Thunderbolt|p1a: Ferrothorn
|-resisted|p1a: Ferrothorn
|-damage|p1a: Ferrothorn|55/100
|
|-heal|p1a: Ferrothorn|61/100|[from] item: Leftovers
|upkeep
|turn|9
|
|t:|1742138551
|switch|p2a: Skarmory|Skarmory, F|11/100 brn
|-damage|p2a: Skarmory|0 fnt|[from] Stealth Rock
|faint|p2a: Skarmory
|move|p1a: Ferrothorn|Knock Off|p2: Skarmory|[notarget]
|-fail|p1a: Ferrothorn
|
|-heal|p1a: Ferrothorn|67/100|[from] item: Leftovers
|upkeep
|
|t:|1742138557
|switch|p2a: Scizor|Scizor, M|100/100
|-damage|p2a: Scizor|88/100|[from] Stealth Rock
|turn|10
|
|t:|1742138562
|switch|p1a: Heatran|Heatran, M|100/100
|-damage|p1a: Heatran|88/100|[from] Stealth Rock
|-damage|p1a: Heatran|63/100|[from] Spikes
|move|p2a: Scizor|Swords Dance|p2a: Scizor
|-boost|p2a: Scizor|atk|2
|
|upkeep
|turn|11
|
|t:|1742138566
|move|p1a: Heatran|Magma Storm|p2a: Scizor
|-supereffective|p2a: Scizor
|-damage|p2a: Scizor|0 fnt
|faint|p2a: Scizor
|
|upkeep
|
|t:|1742138568
|switch|p2a: Excadrill|Excadrill, M|100/100
|-damage|p2a: Excadrill|97/100|[from] Stealth Rock
|-ability|p2a: Excadrill|Mold Breaker
|-item|p2a: Excadrill|Air Balloon
|turn|12
|
|t:|1742138574
|move|p1a: Heatran|Magma Storm|p2a: Excadrill
|-supereffective|p2a: Excadrill
|-damage|p2a: Excadrill|0 fnt
|-enditem|p2a: Excadrill|Air Balloon
|faint|p2a: Excadrill
|
|upkeep
|
|t:|1742138580
|switch|p2a: Tyranitar|Tyranitar, F|100/100
|-damage|p2a: Tyranitar|88/100|[from] Stealth Rock
|-weather|Sandstorm|[from] ability: Sand Stream|[of] p2a: Tyranitar
|turn|13
|
|t:|1742138586
|switch|p1a: Garchomp|Garchomp, F|100/100
|-damage|p1a: Garchomp|94/100|[from] Stealth Rock
|-damage|p1a: Garchomp|69/100|[from] Spikes
|move|p2a: Tyranitar|Rock Slide|p1a: Garchomp
|-resisted|p1a: Garchomp
|-damage|p1a: Garchomp|55/100
|
|-weather|Sandstorm|[upkeep]
|upkeep
|turn|14
|
|t:|1742138590
|move|p2a: Tyranitar|Ice Beam|p1a: Garchomp
|-supereffective|p1a: Garchomp
|-damage|p1a: Garchomp|0 fnt
|faint|p1a: Garchomp
|
|-weather|Sandstorm|[upkeep]
|upkeep
|j| triplerhu
|
|t:|1742138595
|switch|p1a: Suicune|Suicune|88/100
|-damage|p1a: Suicune|76/100|[from] Stealth Rock
|-damage|p1a: Suicune|51/100|[from] Spikes
|-ability|p1a: Suicune|Pressure
|turn|15
|
|t:|1742138597
|move|p1a: Suicune|Rest|p1a: Suicune
|-status|p1a: Suicune|slp|[from] move: Rest
|-heal|p1a: Suicune|100/100 slp|[silent]
|move|p2a: Tyranitar|Rock Slide|p1a: Suicune
|-damage|p1a: Suicune|78/100 slp
|
|-weather|Sandstorm|[upkeep]
|-damage|p1a: Suicune|72/100 slp|[from] Sandstorm
|-heal|p1a: Suicune|78/100 slp|[from] item: Leftovers
|upkeep
|turn|16
|
|t:|1742138600
|cant|p1a: Suicune|slp
|move|p1a: Suicune|Sleep Talk|p1a: Suicune
|move|p1a: Suicune|Scald|p2a: Tyranitar|[from] move: Sleep Talk
|-supereffective|p2a: Tyranitar
|-damage|p2a: Tyranitar|58/100
|move|p2a: Tyranitar|Rock Slide|p1a: Suicune
|-damage|p1a: Suicune|53/100 slp
|
|-weather|Sandstorm|[upkeep]
|-damage|p1a: Suicune|47/100 slp|[from] Sandstorm
|-heal|p1a: Suicune|53/100 slp|[from] item: Leftovers
|upkeep
|turn|17
|
|t:|1742138605
|cant|p1a: Suicune|slp
|move|p1a: Suicune|Sleep Talk|p1a: Suicune
|move|p1a: Suicune|Roar|p2a: Tyranitar|[from] move: Sleep Talk
|drag|p2a: Garchomp|Garchomp, M|100/100
|-damage|p2a: Garchomp|94/100|[from] Stealth Rock
|
|-weather|Sandstorm|[upkeep]
|-damage|p1a: Suicune|47/100 slp|[from] Sandstorm
|-heal|p1a: Suicune|53/100 slp|[from] item: Leftovers
|upkeep
|turn|18
|
|t:|1742138609
|move|p2a: Garchomp|Outrage|p1a: Suicune
|-damage|p1a: Suicune|22/100 slp
|-curestatus|p1a: Suicune|slp|[msg]
|move|p1a: Suicune|Rest|p1a: Suicune
|-status|p1a: Suicune|slp|[from] move: Rest
|-heal|p1a: Suicune|100/100 slp|[silent]
|
|-weather|Sandstorm|[upkeep]
|-damage|p1a: Suicune|94/100 slp|[from] Sandstorm
|-heal|p1a: Suicune|100/100 slp|[from] item: Leftovers
|upkeep
|turn|19
|
|t:|1742138616
|move|p2a: Garchomp|Outrage|p1a: Suicune|[from] lockedmove
|-crit|p1a: Suicune
|-damage|p1a: Suicune|25/100 slp
|-start|p2a: Garchomp|confusion|[fatigue]
|cant|p1a: Suicune|slp
|move|p1a: Suicune|Sleep Talk|p1a: Suicune
|move|p1a: Suicune|Scald|p2a: Garchomp|[from] move: Sleep Talk
|-damage|p2a: Garchomp|62/100
|-status|p2a: Garchomp|brn
|
|-weather|Sandstorm|[upkeep]
|-damage|p1a: Suicune|19/100 slp|[from] Sandstorm
|-heal|p1a: Suicune|25/100 slp|[from] item: Leftovers
|-damage|p2a: Garchomp|50/100 brn|[from] brn
|upkeep
|turn|20
|
|t:|1742138620
|-activate|p2a: Garchomp|confusion
|-damage|p2a: Garchomp|36/100 brn|[from] confusion
|cant|p1a: Suicune|slp
|move|p1a: Suicune|Sleep Talk|p1a: Suicune
|move|p1a: Suicune|Roar|p2a: Garchomp|[from] move: Sleep Talk
|drag|p2a: Tyranitar|Tyranitar, F|58/100
|-damage|p2a: Tyranitar|46/100|[from] Stealth Rock
|
|-weather|Sandstorm|[upkeep]
|-damage|p1a: Suicune|19/100 slp|[from] Sandstorm
|-heal|p1a: Suicune|25/100 slp|[from] item: Leftovers
|upkeep
|turn|21
|
|t:|1742138624
|-curestatus|p1a: Suicune|slp|[msg]
|move|p1a: Suicune|Rest|p1a: Suicune
|-status|p1a: Suicune|slp|[from] move: Rest
|-heal|p1a: Suicune|100/100 slp|[silent]
|move|p2a: Tyranitar|Rock Slide|p1a: Suicune
|-damage|p1a: Suicune|74/100 slp
|
|-weather|Sandstorm|[upkeep]
|-damage|p1a: Suicune|68/100 slp|[from] Sandstorm
|-heal|p1a: Suicune|74/100 slp|[from] item: Leftovers
|upkeep
|turn|22
|
|t:|1742138628
|cant|p1a: Suicune|slp
|move|p1a: Suicune|Sleep Talk|p1a: Suicune
|move|p1a: Suicune|Rest||[from] move: Sleep Talk|[still]
|-fail|p1a: Suicune
|move|p2a: Tyranitar|Rock Slide|p1a: Suicune|[miss]
|-miss|p2a: Tyranitar|p1a: Suicune
|
|-weather|Sandstorm|[upkeep]
|-damage|p1a: Suicune|68/100 slp|[from] Sandstorm
|-heal|p1a: Suicune|74/100 slp|[from] item: Leftovers
|upkeep
|turn|23
|
|t:|1742138631
|cant|p1a: Suicune|slp
|move|p1a: Suicune|Sleep Talk|p1a: Suicune
|move|p1a: Suicune|Roar|p2a: Tyranitar|[from] move: Sleep Talk
|drag|p2a: Garchomp|Garchomp, M|36/100 brn
|-damage|p2a: Garchomp|29/100 brn|[from] Stealth Rock
|
|-weather|Sandstorm|[upkeep]
|-damage|p1a: Suicune|68/100 slp|[from] Sandstorm
|-heal|p1a: Suicune|74/100 slp|[from] item: Leftovers
|-damage|p2a: Garchomp|17/100 brn|[from] brn
|upkeep
|turn|24
|
|t:|1742138636
|move|p2a: Garchomp|Outrage|p1a: Suicune
|-damage|p1a: Suicune|56/100 slp
|-curestatus|p1a: Suicune|slp|[msg]
|move|p1a: Suicune|Rest|p1a: Suicune
|-status|p1a: Suicune|slp|[from] move: Rest
|-heal|p1a: Suicune|100/100 slp|[silent]
|
|-weather|Sandstorm|[upkeep]
|-damage|p1a: Suicune|94/100 slp|[from] Sandstorm
|-heal|p1a: Suicune|100/100 slp|[from] item: Leftovers
|-damage|p2a: Garchomp|5/100 brn|[from] brn
|upkeep
|turn|25
|
|t:|1742138642
|move|p2a: Garchomp|Outrage|p1a: Suicune|[from] lockedmove
|-damage|p1a: Suicune|84/100 slp
|-start|p2a: Garchomp|confusion|[fatigue]
|cant|p1a: Suicune|slp
|move|p1a: Suicune|Sleep Talk|p1a: Suicune
|move|p1a: Suicune|Scald|p2a: Garchomp|[from] move: Sleep Talk
|-damage|p2a: Garchomp|0 fnt
|faint|p2a: Garchomp
|
|-weather|Sandstorm|[upkeep]
|-damage|p1a: Suicune|77/100 slp|[from] Sandstorm
|-heal|p1a: Suicune|84/100 slp|[from] item: Leftovers
|upkeep
|
|t:|1742138646
|switch|p2a: Gengar|Gengar, M|48/100
|-damage|p2a: Gengar|35/100|[from] Stealth Rock
|turn|26
|
|t:|1742138656
|switch|p1a: Yanmega|Yanmega, F, shiny|100/100
|-damage|p1a: Yanmega|51/100|[from] Stealth Rock
|move|p2a: Gengar|Thunderbolt|p1a: Yanmega
|-supereffective|p1a: Yanmega
|-damage|p1a: Yanmega|0 fnt
|faint|p1a: Yanmega
|
|-weather|Sandstorm|[upkeep]
|-damage|p2a: Gengar|29/100|[from] Sandstorm
|upkeep
|
|t:|1742138662
|switch|p1a: Heatran|Heatran, M|63/100
|-damage|p1a: Heatran|51/100|[from] Stealth Rock
|-damage|p1a: Heatran|26/100|[from] Spikes
|turn|27
|
|t:|1742138664
|move|p2a: Gengar|Thunderbolt|p1a: Heatran
|-damage|p1a: Heatran|0 fnt
|faint|p1a: Heatran
|
|-weather|Sandstorm|[upkeep]
|-damage|p2a: Gengar|23/100|[from] Sandstorm
|upkeep
|
|t:|1742138666
|switch|p1a: Ferrothorn|Ferrothorn, F, shiny|67/100
|-damage|p1a: Ferrothorn|61/100|[from] Stealth Rock
|-damage|p1a: Ferrothorn|36/100|[from] Spikes
|turn|28
|
|t:|1742138668
|switch|p2a: Tyranitar|Tyranitar, F|46/100
|-damage|p2a: Tyranitar|33/100|[from] Stealth Rock
|move|p1a: Ferrothorn|Knock Off|p2a: Tyranitar
|-resisted|p2a: Tyranitar
|-damage|p2a: Tyranitar|31/100
|-enditem|p2a: Tyranitar|Chople Berry|[from] move: Knock Off|[of] p1a: Ferrothorn
|
|-weather|Sandstorm|[upkeep]
|-heal|p1a: Ferrothorn|42/100|[from] item: Leftovers
|upkeep
|turn|29
|
|t:|1742138680
|move|p2a: Tyranitar|Thunder Wave|p1a: Ferrothorn
|-status|p1a: Ferrothorn|par
|move|p1a: Ferrothorn|Toxic|p2a: Tyranitar
|-status|p2a: Tyranitar|tox
|
|-weather|Sandstorm|[upkeep]
|-heal|p1a: Ferrothorn|49/100 par|[from] item: Leftovers
|-damage|p2a: Tyranitar|25/100 tox|[from] psn
|upkeep
|turn|30
|
|t:|1742138686
|move|p2a: Tyranitar|Ice Beam|p1a: Ferrothorn
|-damage|p1a: Ferrothorn|29/100 par
|cant|p1a: Ferrothorn|par
|
|-weather|Sandstorm|[upkeep]
|-heal|p1a: Ferrothorn|35/100 par|[from] item: Leftovers
|-damage|p2a: Tyranitar|13/100 tox|[from] psn
|upkeep
|turn|31
|
|t:|1742138690
|switch|p1a: Tentacruel|Tentacruel, F|42/100
|-damage|p1a: Tentacruel|30/100|[from] Stealth Rock
|-damage|p1a: Tentacruel|5/100|[from] Spikes
|move|p2a: Tyranitar|Ice Beam|p1a: Tentacruel
|-resisted|p1a: Tentacruel
|-crit|p1a: Tentacruel
|-damage|p1a: Tentacruel|0 fnt
|faint|p1a: Tentacruel
|
|-weather|Sandstorm|[upkeep]
|-damage|p2a: Tyranitar|0 fnt|[from] psn
|faint|p2a: Tyranitar
|upkeep
|
|t:|1742138694
|switch|p1a: Ferrothorn|Ferrothorn, F, shiny|35/100 par
|switch|p2a: Gengar|Gengar, M|23/100
|-damage|p2a: Gengar|11/100|[from] Stealth Rock
|-damage|p1a: Ferrothorn|29/100 par|[from] Stealth Rock
|-damage|p1a: Ferrothorn|4/100 par|[from] Spikes
|turn|32
|
|t:|1742138698
|move|p2a: Gengar|Thunderbolt|p1a: Ferrothorn
|-resisted|p1a: Ferrothorn
|-damage|p1a: Ferrothorn|0 fnt
|faint|p1a: Ferrothorn
|
|-weather|Sandstorm|[upkeep]
|-damage|p2a: Gengar|5/100|[from] Sandstorm
|upkeep
|
|t:|1742138700
|switch|p1a: Suicune|Suicune|84/100 slp
|-damage|p1a: Suicune|71/100 slp|[from] Stealth Rock
|-damage|p1a: Suicune|46/100 slp|[from] Spikes
|-ability|p1a: Suicune|Pressure
|turn|33
|c|☆macstar8|gg
|
|t:|1742138703
|move|p2a: Gengar|Thunderbolt|p1a: Suicune
|-supereffective|p1a: Suicune
|-crit|p1a: Suicune
|-damage|p1a: Suicune|0 fnt
|faint|p1a: Suicune
|
|win|SattleBimulator
|raw|macstar8's rating: 1310 &rarr; <strong>1292</strong><br />(-18 for losing)
|raw|SattleBimulator's rating: 1345 &rarr; <strong>1363</strong><br />(+18 for winning)
|l|☆macstar8
|player|p1|
