|j|☆1994hfll2018
|j|☆linsar
|player|p1|1994hfll2018|cyrus|1332
|player|p2|linsar|2|1427
|teamsize|p1|6
|teamsize|p2|6
|gametype|singles
|gen|5
|tier|[Gen 5] OU
|rated|
|clearpoke
|poke|p1|Gyarados, M|item
|poke|p1|Terrakion|item
|poke|p1|Metagross|item
|poke|p1|Gengar, M|item
|poke|p1|Hydreigon, M|item
|poke|p1|Landorus-Therian, M|item
|poke|p2|Jirachi|item
|poke|p2|Magnezone|item
|poke|p2|Dragonite, M|item
|poke|p2|Latios, M|item
|poke|p2|Kyurem-Black|item
|poke|p2|Garchomp, F|item
|rule|Species Clause: Limit one of each Pokémon
|rule|OHKO Clause: OHKO moves are banned
|rule|Moody Clause: Moody is banned
|rule|Evasion Moves Clause: Evasion moves are banned
|rule|Endless Battle Clause: Forcing endless battles is banned
|rule|HP Percentage Mod: HP is shown in percentages
|rule|Evasion Abilities Clause: Evasion abilities are banned
|rule|Baton Pass Clause: Limit one Baton Passer, can't pass Spe and other stats simultaneously
|rule|Sleep Clause: Sleep-inducing moves are banned
|rule|Swagger Clause: Swagger is banned
|teampreview
|
|start
|switch|p1a: Hydreigon|Hydreigon, M|100/100
|switch|p2a: Jirachi|Jirachi|100/100
|turn|1
|inactive|Battle timer is ON: inactive players will automatically lose when time's up. (requested by 1994hfll2018)
|
|move|p2a: Jirachi|Stealth Rock|p1a: Hydreigon
|-sidestart|p1: 1994hfll2018|move: Stealth Rock
|move|p1a: Hydreigon|Dark Pulse|p2a: Jirachi
|-damage|p2a: Jirachi|52/100
|-damage|p1a: Hydreigon|91/100|[from] item: Life Orb
|
|upkeep
|turn|2
|
|move|p2a: Jirachi|Thunder|p1a: Hydreigon
|-resisted|p1a: Hydreigon
|-damage|p1a: Hydreigon|75/100
|-status|p1a: Hydreigon|par
|move|p1a: Hydreigon|Flamethrower|p2a: Jirachi
|-supereffective|p2a: Jirachi
|-damage|p2a: Jirachi|0 fnt
|-damage|p1a: Hydreigon|66/100 par|[from] item: Life Orb
|faint|p2a: Jirachi
|
|upkeep
|
|switch|p2a: Kyurem|Kyurem-Black|100/100
|-ability|p2a: Kyurem|Teravolt
|turn|3
|
|switch|p1a: Metagross|Metagross|100/100
|-damage|p1a: Metagross|94/100|[from] Stealth Rock
|move|p2a: Kyurem|Outrage|p1a: Metagross
|-resisted|p1a: Metagross
|-damage|p1a: Metagross|48/100
|
|-heal|p1a: Metagross|54/100|[from] item: Leftovers
|upkeep
|turn|4
|
|move|p2a: Kyurem|Outrage|p1a: Metagross|[from]lockedmove
|-resisted|p1a: Metagross
|-damage|p1a: Metagross|15/100
|-start|p2a: Kyurem|confusion|[fatigue]
|move|p1a: Metagross|Stealth Rock|p2a: Kyurem
|-sidestart|p2: linsar|move: Stealth Rock
|
|-heal|p1a: Metagross|21/100|[from] item: Leftovers
|upkeep
|turn|5
|
|move|p1a: Metagross|Bullet Punch|p2a: Kyurem
|-supereffective|p2a: Kyurem
|-damage|p2a: Kyurem|60/100
|-activate|p2a: Kyurem|confusion
|-damage|p2a: Kyurem|38/100|[from] confusion
|
|-heal|p1a: Metagross|27/100|[from] item: Leftovers
|upkeep
|turn|6
|
|switch|p2a: Magnezone|Magnezone|100/100
|-damage|p2a: Magnezone|94/100|[from] Stealth Rock
|-item|p2a: Magnezone|Air Balloon
|move|p1a: Metagross|Bullet Punch|p2a: Magnezone
|-resisted|p2a: Magnezone
|-damage|p2a: Magnezone|88/100
|-enditem|p2a: Magnezone|Air Balloon
|
|-heal|p1a: Metagross|33/100|[from] item: Leftovers
|upkeep
|turn|7
|
|move|p2a: Magnezone|Thunderbolt|p1a: Metagross
|-damage|p1a: Metagross|0 fnt
|faint|p1a: Metagross
|
|upkeep
|
|switch|p1a: Landorus|Landorus-Therian, M|100/100
|-damage|p1a: Landorus|88/100|[from] Stealth Rock
|-ability|p1a: Landorus|Intimidate|boost
|-unboost|p2a: Magnezone|atk|1
|turn|8
|
|move|p1a: Landorus|U-turn|p2a: Magnezone
|-resisted|p2a: Magnezone
|-crit|p2a: Magnezone
|-damage|p2a: Magnezone|57/100
|
|switch|p1a: Hydreigon|Hydreigon, M|66/100 par|[from]move: U-turn
|-damage|p1a: Hydreigon|53/100 par|[from] Stealth Rock
|move|p2a: Magnezone|Thunderbolt|p1a: Hydreigon
|-resisted|p1a: Hydreigon
|-damage|p1a: Hydreigon|27/100 par
|
|upkeep
|turn|9
|
|move|p2a: Magnezone|Thunderbolt|p1a: Hydreigon
|-resisted|p1a: Hydreigon
|-damage|p1a: Hydreigon|0 fnt
|faint|p1a: Hydreigon
|
|upkeep
|j| KOUWOZ
|
|switch|p1a: Gyarados|Gyarados, M|100/100
|-damage|p1a: Gyarados|76/100|[from] Stealth Rock
|turn|10
|
|move|p1a: Gyarados|Earthquake|p2a: Magnezone
|-supereffective|p2a: Magnezone
|-damage|p2a: Magnezone|0 fnt
|faint|p2a: Magnezone
|-ability|p1a: Gyarados|Moxie|boost
|-boost|p1a: Gyarados|atk|1
|
|upkeep
|
|switch|p2a: Latios|Latios, M|100/100
|-damage|p2a: Latios|88/100|[from] Stealth Rock
|turn|11
|l| KOUWOZ
|
|move|p2a: Latios|Psyshock|p1a: Gyarados
|-damage|p1a: Gyarados|0 fnt
|faint|p1a: Gyarados
|
|upkeep
|
|switch|p1a: Landorus|Landorus-Therian, M|88/100
|-damage|p1a: Landorus|76/100|[from] Stealth Rock
|-ability|p1a: Landorus|Intimidate|boost
|-unboost|p2a: Latios|atk|1
|turn|12
|
|switch|p2a: Kyurem|Kyurem-Black|38/100
|-damage|p2a: Kyurem|13/100|[from] Stealth Rock
|-ability|p2a: Kyurem|Teravolt
|move|p1a: Landorus|U-turn|p2a: Kyurem
|-damage|p2a: Kyurem|0 fnt
|faint|p2a: Kyurem
|
|switch|p1a: Terrakion|Terrakion|100/100|[from]move: U-turn
|-damage|p1a: Terrakion|94/100|[from] Stealth Rock
|
|upkeep
|
|switch|p2a: Garchomp|Garchomp, F|100/100
|-damage|p2a: Garchomp|94/100|[from] Stealth Rock
|turn|13
|
|move|p2a: Garchomp|Outrage|p1a: Terrakion
|-damage|p1a: Terrakion|24/100
|move|p1a: Terrakion|Close Combat|p2a: Garchomp
|-damage|p2a: Garchomp|28/100
|-unboost|p1a: Terrakion|def|1
|-unboost|p1a: Terrakion|spd|1
|-damage|p1a: Terrakion|11/100|[from] ability: Rough Skin|[of] p2a: Garchomp
|
|upkeep
|turn|14
|
|move|p2a: Garchomp|Outrage|p1a: Terrakion|[from]lockedmove
|-damage|p1a: Terrakion|0 fnt
|faint|p1a: Terrakion
|
|upkeep
|
|switch|p1a: Gengar|Gengar, M|100/100
|-damage|p1a: Gengar|88/100|[from] Stealth Rock
|turn|15
|
|move|p2a: Garchomp|Outrage|p1a: Gengar|[from]lockedmove
|-damage|p1a: Gengar|0 fnt
|-start|p2a: Garchomp|confusion|[fatigue]
|faint|p1a: Gengar
|
|upkeep
|
|switch|p1a: Landorus|Landorus-Therian, M|76/100
|-damage|p1a: Landorus|63/100|[from] Stealth Rock
|-ability|p1a: Landorus|Intimidate|boost
|-unboost|p2a: Garchomp|atk|1
|turn|16
|
|switch|p2a: Latios|Latios, M|88/100
|-damage|p2a: Latios|76/100|[from] Stealth Rock
|move|p1a: Landorus|Rock Slide|p2a: Latios
|-damage|p2a: Latios|32/100
|
|upkeep
|turn|17
|
|move|p1a: Landorus|Rock Slide|p2a: Latios
|-damage|p2a: Latios|0 fnt
|faint|p2a: Latios
|
|upkeep
|
|switch|p2a: Dragonite|Dragonite, M|100/100
|-damage|p2a: Dragonite|76/100|[from] Stealth Rock
|turn|18
|
|move|p2a: Dragonite|Extreme Speed|p1a: Landorus
|-damage|p1a: Landorus|28/100
|move|p1a: Landorus|Rock Slide|p2a: Dragonite
|-supereffective|p2a: Dragonite
|-damage|p2a: Dragonite|6/100
|
|upkeep
|turn|19
|
|move|p2a: Dragonite|Extreme Speed|p1a: Landorus
|-damage|p1a: Landorus|0 fnt
|faint|p1a: Landorus
|
|win|linsar
|raw|1994hfll2018's rating: 1332 &rarr; <strong>1318</strong><br />(-14 for losing)
|raw|linsar's rating: 1427 &rarr; <strong>1442</strong><br />(+15 for winning)
