|j|☆BackAfter3Gens
|j|☆370450226qqcom
|player|p1|BackAfter3Gens|209
|player|p2|370450226qqcom|170
|teamsize|p1|6
|teamsize|p2|6
|gametype|singles
|gen|5
|tier|[Gen 5] OU
|rated|
|rule|Sleep Clause Mod: Limit one foe put to sleep
|rule|Species Clause: Limit one of each Pokémon
|rule|OHKO Clause: OHKO moves are banned
|rule|Moody Clause: Moody is banned
|rule|Evasion Moves Clause: Evasion moves are banned
|rule|Endless Battle Clause: Forcing endless battles is banned
|rule|HP Percentage Mod: HP is shown in percentages
|rule|Evasion Abilities Clause: Evasion abilities are banned
|rule|Baton Pass Clause: Limit one Baton Passer, can't pass Spe and other stats simultaneously
|rule|Swagger Clause: Swagger is banned
|clearpoke
|poke|p1|Landorus-Therian, M|item
|poke|p1|Scizor, M|item
|poke|p1|Lucario, M|item
|poke|p1|Latios, M|item
|poke|p1|Rotom-Wash|item
|poke|p1|Heatran, M|item
|poke|p2|Bronzong|item
|poke|p2|Politoed, F|item
|poke|p2|Thundurus-Therian, M|item
|poke|p2|Rotom-Wash|item
|poke|p2|Tyranitar, F|item
|poke|p2|Latios, M|item
|teampreview
|
|start
|switch|p1a: Blue|Latios, M|301/301
|switch|p2a: Rotom|Rotom-Wash|241/241
|turn|1
|inactive|Battle timer is ON: inactive players will automatically lose when time's up. (requested by 370450226qqcom)
|
|move|p2a: Rotom|Volt Switch|p1a: Blue
|-resisted|p1a: Blue
|-damage|p1a: Blue|253/301
|
|switch|p2a: Tyranitar|Tyranitar, F, shiny|341/341
|-weather|Sandstorm|[from] ability: Sand Stream|[of] p2a: Tyranitar
|move|p1a: Blue|Draco Meteor|p2a: Tyranitar
|-damage|p2a: Tyranitar|91/341
|-unboost|p1a: Blue|spa|2
|
|-weather|Sandstorm|[upkeep]
|-damage|p1a: Blue|235/301|[from] Sandstorm
|upkeep
|turn|2
|
|move|p1a: Blue|Draco Meteor|p2a: Tyranitar
|-damage|p2a: Tyranitar|0 fnt
|-unboost|p1a: Blue|spa|2
|faint|p2a: Tyranitar
|
|-weather|Sandstorm|[upkeep]
|-damage|p1a: Blue|217/301|[from] Sandstorm
|upkeep
|
|switch|p2a: Thundurus|Thundurus-Therian, M|300/300
|turn|3
|
|move|p1a: Blue|Draco Meteor|p2a: Thundurus
|-damage|p2a: Thundurus|147/300
|-unboost|p1a: Blue|spa|2
|move|p2a: Thundurus|Nasty Plot|p2a: Thundurus
|-boost|p2a: Thundurus|spa|2
|
|-weather|Sandstorm|[upkeep]
|-damage|p1a: Blue|199/301|[from] Sandstorm
|-damage|p2a: Thundurus|129/300|[from] Sandstorm
|-heal|p2a: Thundurus|147/300|[from] item: Leftovers
|upkeep
|turn|4
|
|switch|p1a: Scizor|Scizor, M|343/343
|move|p2a: Thundurus|Hidden Power|p1a: Scizor
|-resisted|p1a: Scizor
|-damage|p1a: Scizor|232/343
|
|-weather|Sandstorm|[upkeep]
|-damage|p2a: Thundurus|129/300|[from] Sandstorm
|-heal|p2a: Thundurus|147/300|[from] item: Leftovers
|upkeep
|turn|5
|
|move|p1a: Scizor|Bullet Punch|p2a: Thundurus
|-resisted|p2a: Thundurus
|-damage|p2a: Thundurus|33/300
|move|p2a: Thundurus|Focus Blast|p1a: Scizor
|-damage|p1a: Scizor|0 fnt
|faint|p1a: Scizor
|
|-weather|Sandstorm|[upkeep]
|-damage|p2a: Thundurus|15/300|[from] Sandstorm
|-heal|p2a: Thundurus|33/300|[from] item: Leftovers
|upkeep
|
|switch|p1a: Leykro|Lucario, M|281/281
|turn|6
|
|move|p1a: Leykro|Extreme Speed|p2a: Thundurus
|-damage|p2a: Thundurus|0 fnt
|-damage|p1a: Leykro|253/281|[from] item: Life Orb
|faint|p2a: Thundurus
|
|-weather|Sandstorm|[upkeep]
|upkeep
|
|switch|p2a: Politoed|Politoed, F, shiny|321/321
|-weather|RainDance|[from] ability: Drizzle|[of] p2a: Politoed
|turn|7
|
|move|p1a: Leykro|Close Combat|p2a: Politoed
|-damage|p2a: Politoed|0 fnt
|-unboost|p1a: Leykro|def|1
|-unboost|p1a: Leykro|spd|1
|-damage|p1a: Leykro|225/281|[from] item: Life Orb
|faint|p2a: Politoed
|
|-weather|RainDance|[upkeep]
|upkeep
|
|switch|p2a: Latios|Latios, M|301/301
|turn|8
|
|switch|p1a: Bengal|Landorus-Therian, M, shiny|337/337
|-ability|p1a: Bengal|Intimidate|boost
|-unboost|p2a: Latios|atk|1
|move|p2a: Latios|Surf|p1a: Bengal
|-supereffective|p1a: Bengal
|-damage|p1a: Bengal|0 fnt
|faint|p1a: Bengal
|
|-weather|RainDance|[upkeep]
|upkeep
|
|switch|p1a: The Bosch|Rotom-Wash|299/299
|turn|9
|
|move|p2a: Latios|Surf|p1a: The Bosch
|-resisted|p1a: The Bosch
|-damage|p1a: The Bosch|173/299
|move|p1a: The Bosch|Hydro Pump|p2a: Latios
|-resisted|p2a: Latios
|-damage|p2a: Latios|176/301
|
|-weather|RainDance|[upkeep]
|-heal|p1a: The Bosch|191/299|[from] item: Leftovers
|upkeep
|turn|10
|
|move|p2a: Latios|Surf|p1a: The Bosch
|-resisted|p1a: The Bosch
|-damage|p1a: The Bosch|62/299
|move|p1a: The Bosch|Volt Switch|p2a: Latios
|-resisted|p2a: Latios
|-damage|p2a: Latios|134/301
|
|switch|p1a: Blue|Latios, M|199/301
|
|-weather|RainDance|[upkeep]
|upkeep
|turn|11
|
|move|p1a: Blue|Thunder|p2a: Latios
|-resisted|p2a: Latios
|-damage|p2a: Latios|32/301
|move|p2a: Latios|Surf|p1a: Blue
|-resisted|p1a: Blue
|-damage|p1a: Blue|71/301
|
|-weather|RainDance|[upkeep]
|upkeep
|turn|12
|
|move|p1a: Blue|Thunder|p2a: Latios
|-resisted|p2a: Latios
|-damage|p2a: Latios|0 fnt
|faint|p2a: Latios
|
|-weather|RainDance|[upkeep]
|upkeep
|
|switch|p2a: Rotom|Rotom-Wash|241/241
|turn|13
|
|move|p2a: Rotom|Hydro Pump|p1a: Blue
|-resisted|p1a: Blue
|-damage|p1a: Blue|0 fnt
|faint|p1a: Blue
|
|-weather|RainDance|[upkeep]
|upkeep
|
|switch|p1a: The Bosch|Rotom-Wash|62/299
|turn|14
|
|move|p2a: Rotom|Hydro Pump|p1a: The Bosch
|-resisted|p1a: The Bosch
|-damage|p1a: The Bosch|0 fnt
|faint|p1a: The Bosch
|
|-weather|RainDance|[upkeep]
|upkeep
|
|switch|p1a: Leykro|Lucario, M|225/281
|turn|15
|
|move|p2a: Rotom|Hydro Pump|p1a: Leykro
|-damage|p1a: Leykro|0 fnt
|faint|p1a: Leykro
|
|-weather|RainDance|[upkeep]
|upkeep
|-message|BackAfter3Gens forfeited.
|
|win|370450226qqcom
|l|☆BackAfter3Gens
|raw|BackAfter3Gens's rating: 1369 &rarr; <strong>1344</strong><br />(-25 for losing)
|raw|370450226qqcom's rating: 1279 &rarr; <strong>1310</strong><br />(+31 for winning)
