|j|☆panacea18
|j|☆MewTiltedAF
|player|p1|panacea18|110
|player|p2|MewTiltedAF|169
|teamsize|p1|6
|teamsize|p2|6
|gametype|singles
|gen|5
|tier|[Gen 5] OU
|rated|
|rule|Sleep Clause Mod: Limit one foe put to sleep
|rule|Species Clause: Limit one of each Pokémon
|rule|OHKO Clause: OHKO moves are banned
|rule|Moody Clause: Moody is banned
|rule|Evasion Moves Clause: Evasion moves are banned
|rule|Endless Battle Clause: Forcing endless battles is banned
|rule|HP Percentage Mod: HP is shown in percentages
|rule|Evasion Abilities Clause: Evasion abilities are banned
|rule|Baton Pass Clause: Limit one Baton Passer, can't pass Spe and other stats simultaneously
|rule|Swagger Clause: Swagger is banned
|clearpoke
|poke|p1|Tyranitar, M|item
|poke|p1|Landorus-Therian, M|item
|poke|p1|Garchomp, M|item
|poke|p1|Rotom-Wash|item
|poke|p1|Jirachi|item
|poke|p1|Keldeo|item
|poke|p2|Tyranitar, F|item
|poke|p2|Milotic, M|item
|poke|p2|Skarmory, F|item
|poke|p2|Latios, M|item
|poke|p2|Alakazam, F|item
|poke|p2|Garchomp, F|item
|teampreview
|c|☆MewTiltedAF|good luck
|c|☆panacea18|same
|c|☆MewTiltedAF|thanks
|
|start
|switch|p1a: Rotom|Rotom-Wash|100/100
|switch|p2a: Latios|Latios, M|100/100
|turn|1
|
|switch|p1a: Jirachi|Jirachi|100/100
|move|p2a: Latios|Dragon Pulse|p1a: Jirachi
|-resisted|p1a: Jirachi
|-damage|p1a: Jirachi|72/100
|
|-heal|p1a: Jirachi|78/100|[from] item: Leftovers
|upkeep
|turn|2
|
|switch|p2a: Tyranitar|Tyranitar, F|100/100
|-weather|Sandstorm|[from] ability: Sand Stream|[of] p2a: Tyranitar
|switch|p1a: Rotom|Rotom-Wash|100/100
|
|-weather|Sandstorm|[upkeep]
|-damage|p1a: Rotom|94/100|[from] Sandstorm
|-heal|p1a: Rotom|100/100|[from] item: Leftovers
|upkeep
|turn|3
|
|move|p1a: Rotom|Will-O-Wisp|p2a: Tyranitar|[miss]
|-miss|p1a: Rotom|p2a: Tyranitar
|move|p2a: Tyranitar|Crunch|p1a: Rotom
|-damage|p1a: Rotom|58/100
|
|-weather|Sandstorm|[upkeep]
|-damage|p1a: Rotom|51/100|[from] Sandstorm
|-heal|p1a: Rotom|58/100|[from] item: Leftovers
|upkeep
|turn|4
|c|☆MewTiltedAF|rip unfortunate
|
|move|p1a: Rotom|Volt Switch|p2a: Tyranitar
|-damage|p2a: Tyranitar|87/100
|
|switch|p1a: Landorus|Landorus-Therian, M|100/100
|-ability|p1a: Landorus|Intimidate|boost
|-unboost|p2a: Tyranitar|atk|1
|move|p2a: Tyranitar|Stealth Rock|p1a: Landorus
|-sidestart|p1: panacea18|move: Stealth Rock
|
|-weather|Sandstorm|[upkeep]
|upkeep
|turn|5
|
|switch|p2a: Latios|Latios, M|100/100
|move|p1a: Landorus|Stealth Rock|p2a: Latios
|-sidestart|p2: MewTiltedAF|move: Stealth Rock
|
|-weather|Sandstorm|[upkeep]
|-damage|p2a: Latios|95/100|[from] Sandstorm
|upkeep
|turn|6
|
|switch|p1a: Jirachi|Jirachi|78/100
|-damage|p1a: Jirachi|72/100|[from] Stealth Rock
|move|p2a: Latios|Surf|p1a: Jirachi
|-damage|p1a: Jirachi|30/100
|
|-weather|Sandstorm|[upkeep]
|-damage|p2a: Latios|89/100|[from] Sandstorm
|-heal|p1a: Jirachi|37/100|[from] item: Leftovers
|upkeep
|turn|7
|
|move|p2a: Latios|Surf|p1a: Jirachi
|-damage|p1a: Jirachi|0 fnt
|faint|p1a: Jirachi
|
|-weather|Sandstorm|[upkeep]
|-damage|p2a: Latios|83/100|[from] Sandstorm
|upkeep
|
|switch|p1a: Tyranitar|Tyranitar, M|100/100
|-damage|p1a: Tyranitar|88/100|[from] Stealth Rock
|turn|8
|
|move|p1a: Tyranitar|Crunch|p2a: Latios
|-supereffective|p2a: Latios
|-damage|p2a: Latios|0 fnt
|faint|p2a: Latios
|
|-weather|Sandstorm|[upkeep]
|upkeep
|
|switch|p2a: Skarmory|Skarmory, F|100/100
|-damage|p2a: Skarmory|88/100|[from] Stealth Rock
|turn|9
|
|switch|p1a: Rotom|Rotom-Wash|58/100
|-damage|p1a: Rotom|45/100|[from] Stealth Rock
|move|p2a: Skarmory|Spikes|p1a: Rotom
|-sidestart|p1: panacea18|Spikes
|
|-weather|Sandstorm|[upkeep]
|-damage|p1a: Rotom|39/100|[from] Sandstorm
|-heal|p1a: Rotom|45/100|[from] item: Leftovers
|-heal|p2a: Skarmory|94/100|[from] item: Leftovers
|upkeep
|turn|10
|
|switch|p2a: Tyranitar|Tyranitar, F|87/100
|-damage|p2a: Tyranitar|75/100|[from] Stealth Rock
|move|p1a: Rotom|Hydro Pump|p2a: Tyranitar
|-supereffective|p2a: Tyranitar
|-damage|p2a: Tyranitar|29/100
|
|-weather|Sandstorm|[upkeep]
|-damage|p1a: Rotom|39/100|[from] Sandstorm
|-heal|p1a: Rotom|45/100|[from] item: Leftovers
|upkeep
|turn|11
|
|move|p1a: Rotom|Hydro Pump|p2a: Tyranitar|[miss]
|-miss|p1a: Rotom|p2a: Tyranitar
|move|p2a: Tyranitar|Crunch|p1a: Rotom
|-damage|p1a: Rotom|4/100
|
|-weather|Sandstorm|[upkeep]
|-damage|p1a: Rotom|0 fnt|[from] Sandstorm
|upkeep
|faint|p1a: Rotom
|c|☆MewTiltedAF|unfortunate
|
|switch|p1a: Landorus|Landorus-Therian, M|100/100
|-damage|p1a: Landorus|88/100|[from] Stealth Rock
|-ability|p1a: Landorus|Intimidate|boost
|-unboost|p2a: Tyranitar|atk|1
|turn|12
|
|move|p1a: Landorus|U-turn|p2a: Tyranitar
|-supereffective|p2a: Tyranitar
|-damage|p2a: Tyranitar|0 fnt
|faint|p2a: Tyranitar
|
|switch|p1a: Keldeo|Keldeo|100/100
|-damage|p1a: Keldeo|94/100|[from] Stealth Rock
|-damage|p1a: Keldeo|82/100|[from] Spikes
|
|-weather|Sandstorm|[upkeep]
|-damage|p1a: Keldeo|76/100|[from] Sandstorm
|upkeep
|
|switch|p2a: Alakazam|Alakazam, F|100/100
|turn|13
|
|switch|p1a: Tyranitar|Tyranitar, M|88/100
|-damage|p1a: Tyranitar|76/100|[from] Stealth Rock
|-damage|p1a: Tyranitar|64/100|[from] Spikes
|move|p2a: Alakazam|Psychic|p1a: Tyranitar
|-immune|p1a: Tyranitar|[msg]
|
|-weather|Sandstorm|[upkeep]
|upkeep
|turn|14
|inactive|Battle timer is ON: inactive players will automatically lose when time's up. (requested by MewTiltedAF)
|
|move|p2a: Alakazam|Focus Blast|p1a: Tyranitar
|-supereffective|p1a: Tyranitar
|-damage|p1a: Tyranitar|0 fnt
|faint|p1a: Tyranitar
|
|-weather|Sandstorm|[upkeep]
|upkeep
|
|switch|p1a: Landorus|Landorus-Therian, M|88/100
|-damage|p1a: Landorus|76/100|[from] Stealth Rock
|-ability|p1a: Landorus|Intimidate|boost
|-unboost|p2a: Alakazam|atk|1
|turn|15
|
|switch|p2a: Skarmory|Skarmory, F|94/100
|-damage|p2a: Skarmory|82/100|[from] Stealth Rock
|move|p1a: Landorus|U-turn|p2a: Skarmory
|-resisted|p2a: Skarmory
|-damage|p2a: Skarmory|78/100
|
|switch|p1a: Keldeo|Keldeo|76/100
|-damage|p1a: Keldeo|70/100|[from] Stealth Rock
|-damage|p1a: Keldeo|57/100|[from] Spikes
|
|-weather|Sandstorm|[upkeep]
|-damage|p1a: Keldeo|51/100|[from] Sandstorm
|-heal|p2a: Skarmory|84/100|[from] item: Leftovers
|upkeep
|turn|16
|
|switch|p2a: Alakazam|Alakazam, F|100/100
|move|p1a: Keldeo|Calm Mind|p1a: Keldeo
|-boost|p1a: Keldeo|spa|1
|-boost|p1a: Keldeo|spd|1
|
|-weather|Sandstorm|[upkeep]
|-damage|p1a: Keldeo|45/100|[from] Sandstorm
|upkeep
|turn|17
|-message|panacea18 forfeited.
|
|win|MewTiltedAF
|l|☆panacea18
|raw|panacea18's rating: 1373 &rarr; <strong>1354</strong><br />(-19 for losing)
|raw|MewTiltedAF's rating: 1379 &rarr; <strong>1398</strong><br />(+19 for winning)
