|j|☆Eivoor
|j|☆ghosted by brizz
|t:|1739882982
|gametype|singles
|player|p1|Eivoor|blue|1352
|player|p2|ghosted by brizz|nessa|1507
|teamsize|p1|6
|teamsize|p2|6
|gen|5
|tier|[Gen 5] OU
|rated|
|rule|Species Clause: Limit one of each Pokémon
|rule|OHKO Clause: OHKO moves are banned
|rule|Moody Clause: Moody is banned
|rule|Evasion Items Clause: Evasion items are banned
|rule|Evasion Moves Clause: Evasion moves are banned
|rule|Endless Battle Clause: Forcing endless battles is banned
|rule|HP Percentage Mod: HP is shown in percentages
|rule|Evasion Abilities Clause: Evasion abilities are banned
|rule|Sleep Moves Clause: Sleep-inducing moves are banned
|rule|Swagger Clause: Swagger is banned
|rule|Baton Pass Stat Clause: No Baton Passer may have a way to boost its stats
|clearpoke
|poke|p1|Breloom, M|item
|poke|p1|Gastrodon, F|item
|poke|p1|Metagross|item
|poke|p1|Salamence, F|item
|poke|p1|Staraptor, M|item
|poke|p1|Tentacruel, F|item
|poke|p2|Meloetta|item
|poke|p2|Donphan, F|item
|poke|p2|Umbreon, M|item
|poke|p2|Slowking, M|item
|poke|p2|Cresselia, F|item
|poke|p2|Machamp, F|item
|teampreview
|inactive|Battle timer is ON: inactive players will automatically lose when time's up. (requested by ghosted by brizz)
|
|t:|1739883010
|start
|switch|p1a: Breloom|Breloom, M|100/100
|switch|p2a: Cresselia|Cresselia, F|100/100
|turn|1
|inactive|Eivoor has 120 seconds left.
|j| baixiaohen
|
|t:|1739883067
|switch|p1a: Metagross|Metagross|100/100
|move|p2a: Cresselia|Thunder Wave|p1a: Metagross
|-status|p1a: Metagross|par
|
|upkeep
|turn|2
|
|t:|1739883072
|switch|p2a: Donphan|Donphan, F|100/100
|move|p1a: Metagross|Meteor Mash|p2a: Donphan
|-damage|p2a: Donphan|66/100
|-damage|p1a: Metagross|84/100 par|[from] item: Rocky Helmet|[of] p2a: Donphan
|
|-heal|p1a: Metagross|90/100 par|[from] item: Leftovers
|upkeep
|turn|3
|
|t:|1739883079
|switch|p1a: Gastrodon|Gastrodon, F|100/100
|move|p2a: Donphan|Stealth Rock|p1a: Gastrodon
|-sidestart|p1: Eivoor|move: Stealth Rock
|
|upkeep
|turn|4
|
|t:|1739883084
|switch|p2a: Umbreon|Umbreon, M|100/100
|move|p1a: Gastrodon|Scald|p2a: Umbreon
|-damage|p2a: Umbreon|86/100
|
|-heal|p2a: Umbreon|92/100|[from] item: Leftovers
|upkeep
|turn|5
|
|t:|1739883090
|switch|p1a: Tentacruel|Tentacruel, F|100/100
|-damage|p1a: Tentacruel|88/100|[from] Stealth Rock
|move|p2a: Umbreon|Wish|p2a: Umbreon
|
|-heal|p1a: Tentacruel|94/100|[from] item: Black Sludge
|-heal|p2a: Umbreon|98/100|[from] item: Leftovers
|upkeep
|turn|6
|inactive|ghosted by brizz has 120 seconds left.
|
|t:|1739883147
|switch|p2a: Meloetta|Meloetta|100/100
|move|p1a: Tentacruel|Rapid Spin|p2a: Meloetta
|-damage|p2a: Meloetta|97/100
|-sideend|p1: Eivoor|Stealth Rock|[from] move: Rapid Spin|[of] p1a: Tentacruel
|
|-heal|p2a: Meloetta|100/100|[from] move: Wish|[wisher] Umbreon
|-heal|p1a: Tentacruel|99/100|[from] item: Black Sludge
|upkeep
|turn|7
|
|t:|1739883158
|move|p2a: Meloetta|Relic Song|p1a: Tentacruel
|-damage|p1a: Tentacruel|73/100
|-status|p1a: Tentacruel|slp|[from] move: Relic Song
|-formechange|p2a: Meloetta|Meloetta-Pirouette|[msg]
|cant|p1a: Tentacruel|slp
|
|-heal|p1a: Tentacruel|79/100 slp|[from] item: Black Sludge
|upkeep
|turn|8
|
|t:|1739883165
|switch|p1a: Metagross|Metagross|90/100 par
|move|p2a: Meloetta|Thunder|p1a: Metagross|[miss]
|-miss|p2a: Meloetta|p1a: Metagross
|
|-heal|p1a: Metagross|96/100 par|[from] item: Leftovers
|upkeep
|turn|9
|
|t:|1739883170
|switch|p2a: Donphan|Donphan, F|66/100
|cant|p1a: Metagross|par
|
|-heal|p1a: Metagross|100/100 par|[from] item: Leftovers
|upkeep
|turn|10
|
|t:|1739883183
|switch|p1a: Gastrodon|Gastrodon, F|100/100
|move|p2a: Donphan|Stealth Rock|p1a: Gastrodon
|-sidestart|p1: Eivoor|move: Stealth Rock
|
|upkeep
|turn|11
|inactive|ghosted by brizz has 120 seconds left.
|
|t:|1739883225
|switch|p2a: Umbreon|Umbreon, M|98/100
|move|p1a: Gastrodon|Scald|p2a: Umbreon
|-damage|p2a: Umbreon|85/100
|
|-heal|p2a: Umbreon|91/100|[from] item: Leftovers
|upkeep
|turn|12
|inactive|Eivoor has 120 seconds left.
|
|t:|1739883262
|switch|p1a: Tentacruel|Tentacruel, F|79/100 slp
|-damage|p1a: Tentacruel|66/100 slp|[from] Stealth Rock
|move|p2a: Umbreon|Wish|p2a: Umbreon
|
|-heal|p1a: Tentacruel|72/100 slp|[from] item: Black Sludge
|-heal|p2a: Umbreon|97/100|[from] item: Leftovers
|upkeep
|turn|13
|
|t:|1739883275
|switch|p2a: Donphan|Donphan, F|66/100
|cant|p1a: Tentacruel|slp
|
|-heal|p2a: Donphan|100/100|[from] move: Wish|[wisher] Umbreon
|-heal|p1a: Tentacruel|79/100 slp|[from] item: Black Sludge
|upkeep
|turn|14
|
|t:|1739883280
|cant|p1a: Tentacruel|slp
|move|p2a: Donphan|Earthquake|p1a: Tentacruel
|-supereffective|p1a: Tentacruel
|-damage|p1a: Tentacruel|12/100 slp
|
|-heal|p1a: Tentacruel|18/100 slp|[from] item: Black Sludge
|upkeep
|turn|15
|
|t:|1739883284
|cant|p1a: Tentacruel|slp
|move|p2a: Donphan|Earthquake|p1a: Tentacruel
|-supereffective|p1a: Tentacruel
|-damage|p1a: Tentacruel|0 fnt
|faint|p1a: Tentacruel
|
|upkeep
|
|t:|1739883287
|switch|p1a: Breloom|Breloom, M|100/100
|-damage|p1a: Breloom|94/100|[from] Stealth Rock
|turn|16
|
|t:|1739883290
|switch|p2a: Cresselia|Cresselia, F|100/100
|move|p1a: Breloom|Swords Dance|p1a: Breloom
|-boost|p1a: Breloom|atk|2
|
|upkeep
|turn|17
|
|t:|1739883296
|move|p1a: Breloom|Bullet Seed|p2a: Cresselia
|-damage|p2a: Cresselia|81/100
|-damage|p2a: Cresselia|61/100
|-hitcount|p2a: Cresselia|2
|move|p2a: Cresselia|Thunder Wave|p1a: Breloom
|-status|p1a: Breloom|par
|
|upkeep
|turn|18
|
|t:|1739883301
|move|p2a: Cresselia|Moonlight|p2a: Cresselia
|-heal|p2a: Cresselia|100/100
|move|p1a: Breloom|Bullet Seed|p2a: Cresselia
|-damage|p2a: Cresselia|81/100
|-damage|p2a: Cresselia|64/100
|-damage|p2a: Cresselia|43/100
|-hitcount|p2a: Cresselia|3
|
|upkeep
|turn|19
|
|t:|1739883321
|move|p2a: Cresselia|Ice Beam|p1a: Breloom
|-supereffective|p1a: Breloom
|-damage|p1a: Breloom|25/100 par
|move|p1a: Breloom|Swords Dance|p1a: Breloom
|-boost|p1a: Breloom|atk|2
|
|upkeep
|turn|20
|
|t:|1739883325
|cant|p1a: Breloom|par
|move|p2a: Cresselia|Ice Beam|p1a: Breloom
|-supereffective|p1a: Breloom
|-damage|p1a: Breloom|0 fnt
|faint|p1a: Breloom
|
|upkeep
|
|t:|1739883328
|switch|p1a: Staraptor|Staraptor, M|100/100
|-damage|p1a: Staraptor|76/100|[from] Stealth Rock
|turn|21
|
|t:|1739883340
|switch|p2a: Slowking|Slowking, M|100/100
|move|p1a: Staraptor|Brave Bird|p2a: Slowking
|-damage|p2a: Slowking|39/100
|-damage|p1a: Staraptor|50/100|[from] Recoil
|
|-heal|p2a: Slowking|46/100|[from] item: Leftovers
|upkeep
|turn|22
|
|t:|1739883344
|move|p1a: Staraptor|Brave Bird|p2a: Slowking
|-damage|p2a: Slowking|0 fnt
|faint|p2a: Slowking
|-damage|p1a: Staraptor|32/100|[from] Recoil
|
|upkeep
|
|t:|1739883356
|switch|p2a: Umbreon|Umbreon, M|97/100
|turn|23
|
|t:|1739883360
|move|p1a: Staraptor|Brave Bird|p2a: Umbreon
|-damage|p2a: Umbreon|42/100
|-damage|p1a: Staraptor|8/100|[from] Recoil
|move|p2a: Umbreon|Wish|p2a: Umbreon
|
|-heal|p2a: Umbreon|48/100|[from] item: Leftovers
|upkeep
|turn|24
|
|t:|1739883365
|move|p2a: Umbreon|Protect|p2a: Umbreon
|-singleturn|p2a: Umbreon|Protect
|move|p1a: Staraptor|Brave Bird|p2a: Umbreon
|-activate|p2a: Umbreon|move: Protect
|
|-heal|p2a: Umbreon|98/100|[from] move: Wish|[wisher] Umbreon
|-heal|p2a: Umbreon|100/100|[from] item: Leftovers
|upkeep
|turn|25
|
|t:|1739883367
|move|p1a: Staraptor|Brave Bird|p2a: Umbreon
|-damage|p2a: Umbreon|42/100
|-damage|p1a: Staraptor|0 fnt|[from] Recoil
|faint|p1a: Staraptor
|move|p2a: Umbreon|Wish|p2a: Umbreon
|
|-heal|p2a: Umbreon|48/100|[from] item: Leftovers
|upkeep
|
|t:|1739883373
|switch|p1a: Salamence|Salamence, F|100/100
|-damage|p1a: Salamence|76/100|[from] Stealth Rock
|turn|26
|
|t:|1739883375
|switch|p2a: Donphan|Donphan, F|100/100
|move|p1a: Salamence|Dragon Dance|p1a: Salamence
|-boost|p1a: Salamence|atk|1
|-boost|p1a: Salamence|spe|1
|
|upkeep
|turn|27
|
|t:|1739883379
|move|p2a: Donphan|Ice Shard|p1a: Salamence
|-supereffective|p1a: Salamence
|-damage|p1a: Salamence|21/100
|move|p1a: Salamence|Outrage|p2a: Donphan
|-damage|p2a: Donphan|37/100
|-damage|p1a: Salamence|5/100|[from] item: Rocky Helmet|[of] p2a: Donphan
|
|upkeep
|turn|28
|
|t:|1739883384
|move|p2a: Donphan|Ice Shard|p1a: Salamence
|-supereffective|p1a: Salamence
|-damage|p1a: Salamence|0 fnt
|faint|p1a: Salamence
|
|upkeep
|
|t:|1739883387
|switch|p1a: Gastrodon|Gastrodon, F|100/100
|-damage|p1a: Gastrodon|94/100|[from] Stealth Rock
|turn|29
|
|t:|1739883390
|switch|p2a: Umbreon|Umbreon, M|48/100
|move|p1a: Gastrodon|Counter||[still]
|-fail|p1a: Gastrodon
|
|-heal|p2a: Umbreon|55/100|[from] item: Leftovers
|-heal|p1a: Gastrodon|100/100|[from] item: Leftovers
|upkeep
|turn|30
|-message|Eivoor forfeited.
|
|win|ghosted by brizz
|raw|Eivoor's rating: 1352 &rarr; <strong>1340</strong><br />(-12 for losing)
|raw|ghosted by brizz's rating: 1507 &rarr; <strong>1519</strong><br />(+12 for winning)
|l|☆Eivoor
|player|p1|
