|j|☆Razorglass
|j|☆breloom5353
|t:|1748782611
|gametype|singles
|player|p1|Razorglass|bodybuilderf-gen9|1392
|player|p2|breloom5353|1|1405
|teamsize|p1|6
|teamsize|p2|6
|gen|5
|tier|[Gen 5] OU
|rated|
|rule|Species Clause: Limit one of each Pokémon
|rule|OHKO Clause: OHKO moves are banned
|rule|Moody Clause: Moody is banned
|rule|Evasion Items Clause: Evasion items are banned
|rule|Evasion Moves Clause: Evasion moves are banned
|rule|Endless Battle Clause: Forcing endless battles is banned
|rule|HP Percentage Mod: HP is shown in percentages
|rule|Evasion Abilities Clause: Evasion abilities are banned
|rule|Sleep Moves Clause: Sleep-inducing moves are banned
|rule|Swagger Clause: Swagger is banned
|rule|Baton Pass Stat Clause: No Baton Passer may have a way to boost its stats
|clearpoke
|poke|p1|Abomasnow, M|item
|poke|p1|Garchomp, F|item
|poke|p1|Dragonite, M|item
|poke|p1|Jirachi|item
|poke|p1|Starmie|item
|poke|p1|Kyurem-Black|item
|poke|p2|Politoed, F|item
|poke|p2|Ferrothorn, F|item
|poke|p2|Starmie|item
|poke|p2|Keldeo|item
|poke|p2|Thundurus-Therian, M|item
|poke|p2|Scizor, M|item
|teampreview
|inactive|Battle timer is ON: inactive players will automatically lose when time's up. (requested by breloom5353)
|
|t:|1748782632
|start
|switch|p1a: Abomasnow|Abomasnow, M|100/100
|switch|p2a: Scizor|Scizor, M|100/100
|-weather|Hail|[from] ability: Snow Warning|[of] p1a: Abomasnow
|turn|1
|
|t:|1748782636
|move|p2a: Scizor|U-turn|p1a: Abomasnow
|-supereffective|p1a: Abomasnow
|-enditem|p1a: Abomasnow|Focus Sash
|-damage|p1a: Abomasnow|1/100
|
|t:|1748782640
|switch|p2a: Politoed|Politoed, F|100/100|[from] U-turn
|-weather|RainDance|[from] ability: Drizzle|[of] p2a: Politoed
|move|p1a: Abomasnow|Hidden Power|p2a: Politoed
|-resisted|p2a: Politoed
|-damage|p2a: Politoed|96/100
|
|-weather|RainDance|[upkeep]
|-heal|p2a: Politoed|100/100|[from] item: Leftovers
|upkeep
|turn|2
|
|t:|1748782654
|switch|p1a: Dragonite|Dragonite, M|100/100
|move|p2a: Politoed|Scald|p1a: Dragonite
|-resisted|p1a: Dragonite
|-damage|p1a: Dragonite|91/100
|-status|p1a: Dragonite|brn
|
|-weather|RainDance|[upkeep]
|-heal|p1a: Dragonite|97/100 brn|[from] item: Leftovers
|-damage|p1a: Dragonite|85/100 brn|[from] brn
|upkeep
|turn|3
|
|t:|1748782669
|move|p1a: Dragonite|Dragon Dance|p1a: Dragonite
|-boost|p1a: Dragonite|atk|1
|-boost|p1a: Dragonite|spe|1
|move|p2a: Politoed|Encore|p1a: Dragonite
|-start|p1a: Dragonite|Encore
|
|-weather|RainDance|[upkeep]
|-heal|p1a: Dragonite|91/100 brn|[from] item: Leftovers
|-damage|p1a: Dragonite|79/100 brn|[from] brn
|upkeep
|turn|4
|
|t:|1748782677
|switch|p1a: Abomasnow|Abomasnow, M|1/100
|-weather|Hail|[from] ability: Snow Warning|[of] p1a: Abomasnow
|move|p2a: Politoed|Scald|p1a: Abomasnow
|-resisted|p1a: Abomasnow
|-damage|p1a: Abomasnow|0 fnt
|faint|p1a: Abomasnow
|
|-weather|Hail|[upkeep]
|-damage|p2a: Politoed|94/100|[from] Hail
|-heal|p2a: Politoed|100/100|[from] item: Leftovers
|upkeep
|
|t:|1748782685
|switch|p1a: Kyurem|Kyurem-Black|100/100
|-ability|p1a: Kyurem|Teravolt
|turn|5
|
|t:|1748782692
|switch|p2a: Ferrothorn|Ferrothorn, F|100/100
|move|p1a: Kyurem|Fusion Bolt|p2a: Ferrothorn
|-resisted|p2a: Ferrothorn
|-damage|p2a: Ferrothorn|76/100
|
|-weather|Hail|[upkeep]
|-damage|p2a: Ferrothorn|70/100|[from] Hail
|upkeep
|turn|6
|
|t:|1748782701
|switch|p1a: Garchomp|Garchomp, F|100/100
|switch|p2a: Politoed|Politoed, F|100/100
|-weather|RainDance|[from] ability: Drizzle|[of] p2a: Politoed
|
|-weather|RainDance|[upkeep]
|upkeep
|turn|7
|
|t:|1748782712
|move|p1a: Garchomp|Stealth Rock|p2a: Politoed
|-sidestart|p2: breloom5353|move: Stealth Rock
|move|p2a: Politoed|Scald|p1a: Garchomp
|-damage|p1a: Garchomp|58/100
|
|-weather|RainDance|[upkeep]
|upkeep
|turn|8
|
|t:|1748782718
|move|p1a: Garchomp|Outrage|p2a: Politoed
|-damage|p2a: Politoed|50/100
|move|p2a: Politoed|Scald|p1a: Garchomp
|-damage|p1a: Garchomp|19/100
|
|-weather|RainDance|[upkeep]
|-heal|p2a: Politoed|57/100|[from] item: Leftovers
|upkeep
|turn|9
|
|t:|1748782726
|move|p1a: Garchomp|Outrage|p2a: Politoed|[from] lockedmove
|-damage|p2a: Politoed|12/100
|move|p2a: Politoed|Scald|p1a: Garchomp
|-damage|p1a: Garchomp|0 fnt
|faint|p1a: Garchomp
|
|-weather|RainDance|[upkeep]
|-heal|p2a: Politoed|18/100|[from] item: Leftovers
|upkeep
|
|t:|1748782738
|switch|p1a: Kyurem|Kyurem-Black|100/100
|-ability|p1a: Kyurem|Teravolt
|turn|10
|
|t:|1748782742
|move|p1a: Kyurem|Fusion Bolt|p2a: Politoed
|-supereffective|p2a: Politoed
|-damage|p2a: Politoed|0 fnt
|faint|p2a: Politoed
|
|-weather|RainDance|[upkeep]
|upkeep
|
|t:|1748782750
|switch|p2a: Scizor|Scizor, M|100/100
|-damage|p2a: Scizor|88/100|[from] Stealth Rock
|turn|11
|
|t:|1748782752
|move|p1a: Kyurem|Fusion Bolt|p2a: Scizor
|-damage|p2a: Scizor|6/100
|move|p2a: Scizor|U-turn|p1a: Kyurem
|-damage|p1a: Kyurem|53/100
|
|t:|1748782763
|switch|p2a: Ferrothorn|Ferrothorn, F|70/100|[from] U-turn
|-damage|p2a: Ferrothorn|63/100|[from] Stealth Rock
|
|-weather|RainDance|[upkeep]
|upkeep
|turn|12
|
|t:|1748782771
|move|p1a: Kyurem|Fusion Bolt|p2a: Ferrothorn
|-resisted|p2a: Ferrothorn
|-damage|p2a: Ferrothorn|40/100
|move|p2a: Ferrothorn|Stealth Rock|p1a: Kyurem
|-sidestart|p1: Razorglass|move: Stealth Rock
|
|-weather|RainDance|[upkeep]
|upkeep
|turn|13
|
|t:|1748782783
|move|p1a: Kyurem|Fusion Bolt|p2a: Ferrothorn
|-resisted|p2a: Ferrothorn
|-damage|p2a: Ferrothorn|14/100
|move|p2a: Ferrothorn|Gyro Ball|p1a: Kyurem
|-supereffective|p1a: Kyurem
|-damage|p1a: Kyurem|0 fnt
|faint|p1a: Kyurem
|
|-weather|RainDance|[upkeep]
|upkeep
|
|t:|1748782793
|switch|p1a: Dragonite|Dragonite, M|79/100 brn
|-damage|p1a: Dragonite|54/100 brn|[from] Stealth Rock
|turn|14
|
|t:|1748782797
|move|p1a: Dragonite|Dragon Dance|p1a: Dragonite
|-boost|p1a: Dragonite|atk|1
|-boost|p1a: Dragonite|spe|1
|move|p2a: Ferrothorn|Gyro Ball|p1a: Dragonite
|-damage|p1a: Dragonite|4/100 brn
|
|-weather|RainDance|[upkeep]
|-heal|p1a: Dragonite|10/100 brn|[from] item: Leftovers
|-damage|p1a: Dragonite|0 fnt|[from] brn
|faint|p1a: Dragonite
|upkeep
|
|t:|1748782806
|switch|p1a: Starmie|Starmie|100/100
|-damage|p1a: Starmie|88/100|[from] Stealth Rock
|-item|p1a: Starmie|Air Balloon
|turn|15
|
|t:|1748782810
|move|p1a: Starmie|Hidden Power|p2a: Ferrothorn
|-supereffective|p2a: Ferrothorn
|-damage|p2a: Ferrothorn|0 fnt
|faint|p2a: Ferrothorn
|
|-weather|RainDance|[upkeep]
|upkeep
|j| im noob dont worry
|
|t:|1748782822
|switch|p2a: Starmie|Starmie|100/100
|-damage|p2a: Starmie|88/100|[from] Stealth Rock
|-item|p2a: Starmie|Air Balloon
|turn|16
|
|t:|1748782833
|switch|p1a: Jirachi|Jirachi|100/100
|-damage|p1a: Jirachi|94/100|[from] Stealth Rock
|move|p2a: Starmie|Thunder|p1a: Jirachi
|-damage|p1a: Jirachi|57/100
|
|-weather|RainDance|[upkeep]
|upkeep
|turn|17
|
|t:|1748782840
|switch|p2a: Scizor|Scizor, M|6/100
|-damage|p2a: Scizor|0 fnt|[from] Stealth Rock
|faint|p2a: Scizor
|move|p1a: Jirachi|U-turn|p2: Scizor|[notarget]
|-fail|p1a: Jirachi
|
|-weather|RainDance|[upkeep]
|upkeep
|
|t:|1748782844
|switch|p2a: Thundurus|Thundurus-Therian, M|100/100
|-damage|p2a: Thundurus|76/100|[from] Stealth Rock
|turn|18
|
|t:|1748782846
|move|p1a: Jirachi|U-turn|p2a: Thundurus
|-resisted|p2a: Thundurus
|-damage|p2a: Thundurus|62/100
|
|t:|1748782849
|switch|p1a: Starmie|Starmie|88/100|[from] U-turn
|-damage|p1a: Starmie|76/100|[from] Stealth Rock
|-item|p1a: Starmie|Air Balloon
|move|p2a: Thundurus|Agility|p2a: Thundurus
|-boost|p2a: Thundurus|spe|2
|
|-weather|RainDance|[upkeep]
|-heal|p2a: Thundurus|68/100|[from] item: Leftovers
|upkeep
|turn|19
|
|t:|1748782852
|move|p2a: Thundurus|Thunder|p1a: Starmie
|-supereffective|p1a: Starmie
|-damage|p1a: Starmie|0 fnt
|-enditem|p1a: Starmie|Air Balloon
|faint|p1a: Starmie
|
|-weather|RainDance|[upkeep]
|-heal|p2a: Thundurus|75/100|[from] item: Leftovers
|upkeep
|
|t:|1748782856
|switch|p1a: Jirachi|Jirachi|57/100
|-damage|p1a: Jirachi|50/100|[from] Stealth Rock
|turn|20
|
|t:|1748782858
|move|p2a: Thundurus|Thunder|p1a: Jirachi
|-damage|p1a: Jirachi|0 fnt
|faint|p1a: Jirachi
|
|win|breloom5353
|raw|Razorglass's rating: 1392 &rarr; <strong>1373</strong><br />(-19 for losing)
|raw|breloom5353's rating: 1405 &rarr; <strong>1424</strong><br />(+19 for winning)
|l|☆breloom5353
|player|p2|
|l|☆Razorglass
|player|p1|
