|html|<div class="broadcast-blue"><strong>[Gen 5] OU is currently suspecting Volcarona & Cloyster! For information on how to participate check out the <a href="https://www.smogon.com/forums/threads/re-cloyster-volcarona-in-bw-ou-survey-post-29.3731863/page-2#post-9904362">suspect thread</a>.</strong></div>
|j|☆ILoveChamoy
|j|☆sniping bwvcs
|t:|1703665403
|gametype|singles
|player|p1|ILoveChamoy|cynthia-gen4|1336
|player|p2|sniping bwvcs|170|1480
|teamsize|p1|6
|teamsize|p2|6
|gen|5
|tier|[Gen 5] OU
|rated|
|rule|Species Clause: Limit one of each Pokémon
|rule|OHKO Clause: OHKO moves are banned
|rule|Moody Clause: Moody is banned
|rule|Evasion Items Clause: Evasion items are banned
|rule|Evasion Moves Clause: Evasion moves are banned
|rule|Endless Battle Clause: Forcing endless battles is banned
|rule|HP Percentage Mod: HP is shown in percentages
|rule|Evasion Abilities Clause: Evasion abilities are banned
|rule|Sleep Moves Clause: Sleep-inducing moves are banned
|rule|Swagger Clause: Swagger is banned
|rule|Baton Pass Stat Clause: No Baton Passer may have a way to boost its stats
|clearpoke
|poke|p1|Volcarona, F|item
|poke|p1|Dragonite, M|item
|poke|p1|Terrakion|item
|poke|p1|Jirachi|item
|poke|p1|Kyurem-Black|item
|poke|p1|Starmie|item
|poke|p2|Hippowdon, M|item
|poke|p2|Heatran, F|item
|poke|p2|Forretress, F|item
|poke|p2|Celebi|item
|poke|p2|Tyranitar, M|item
|poke|p2|Rotom-Wash|item
|teampreview
|inactive|Battle timer is ON: inactive players will automatically lose when time's up. (requested by ILoveChamoy)
|
|t:|1703665437
|start
|switch|p1a: Jirachi|Jirachi|100/100
|switch|p2a: Hippowdon|Hippowdon, M|100/100
|-weather|Sandstorm|[from] ability: Sand Stream|[of] p2a: Hippowdon
|turn|1
|
|t:|1703665462
|move|p1a: Jirachi|U-turn|p2a: Hippowdon
|-damage|p2a: Hippowdon|88/100
|
|t:|1703665471
|switch|p1a: Volcarona|Volcarona, F, shiny|100/100|[from] U-turn
|-item|p1a: Volcarona|Air Balloon
|move|p2a: Hippowdon|Stealth Rock|p1a: Volcarona
|-sidestart|p1: ILoveChamoy|move: Stealth Rock
|
|-weather|Sandstorm|[upkeep]
|-damage|p1a: Volcarona|94/100|[from] Sandstorm
|-heal|p2a: Hippowdon|94/100|[from] item: Leftovers
|upkeep
|turn|2
|inactive|sniping bwvcs has 120 seconds left.
|
|t:|1703665499
|switch|p2a: Heatran|Heatran, F|100/100
|move|p1a: Volcarona|Quiver Dance|p1a: Volcarona
|-boost|p1a: Volcarona|spa|1
|-boost|p1a: Volcarona|spd|1
|-boost|p1a: Volcarona|spe|1
|
|-weather|Sandstorm|[upkeep]
|-damage|p1a: Volcarona|88/100|[from] Sandstorm
|upkeep
|turn|3
|
|t:|1703665508
|move|p1a: Volcarona|Psychic|p2a: Heatran
|-resisted|p2a: Heatran
|-damage|p2a: Heatran|85/100
|move|p2a: Heatran|Lava Plume|p1a: Volcarona
|-damage|p1a: Volcarona|68/100
|-enditem|p1a: Volcarona|Air Balloon
|
|-weather|Sandstorm|[upkeep]
|-damage|p1a: Volcarona|62/100|[from] Sandstorm
|-heal|p2a: Heatran|91/100|[from] item: Leftovers
|upkeep
|turn|4
|
|t:|1703665515
|switch|p1a: Starmie|Starmie, shiny|100/100
|-damage|p1a: Starmie|88/100|[from] Stealth Rock
|-item|p1a: Starmie|Air Balloon
|move|p2a: Heatran|Substitute|p2a: Heatran
|-start|p2a: Heatran|Substitute
|-damage|p2a: Heatran|66/100
|
|-weather|Sandstorm|[upkeep]
|-damage|p1a: Starmie|82/100|[from] Sandstorm
|-heal|p2a: Heatran|72/100|[from] item: Leftovers
|upkeep
|turn|5
|
|t:|1703665523
|move|p2a: Heatran|Protect|p2a: Heatran
|-singleturn|p2a: Heatran|Protect
|move|p1a: Starmie|Hydro Pump|p2a: Heatran
|-activate|p2a: Heatran|move: Protect
|
|-weather|Sandstorm|[upkeep]
|-damage|p1a: Starmie|76/100|[from] Sandstorm
|-heal|p2a: Heatran|78/100|[from] item: Leftovers
|upkeep
|turn|6
|
|t:|1703665528
|move|p1a: Starmie|Hydro Pump|p2a: Heatran
|-supereffective|p2a: Heatran
|-end|p2a: Heatran|Substitute
|move|p2a: Heatran|Torment|p1a: Starmie
|-start|p1a: Starmie|Torment
|
|-weather|Sandstorm|[upkeep]
|-damage|p1a: Starmie|70/100|[from] Sandstorm
|-heal|p2a: Heatran|85/100|[from] item: Leftovers
|upkeep
|turn|7
|
|t:|1703665546
|move|p1a: Starmie|Rapid Spin|p2a: Heatran
|-resisted|p2a: Heatran
|-crit|p2a: Heatran
|-damage|p2a: Heatran|82/100
|-sideend|p1: ILoveChamoy|Stealth Rock|[from] move: Rapid Spin|[of] p1a: Starmie
|move|p2a: Heatran|Substitute|p2a: Heatran
|-start|p2a: Heatran|Substitute
|-damage|p2a: Heatran|57/100
|
|-weather|Sandstorm|[upkeep]
|-damage|p1a: Starmie|64/100|[from] Sandstorm
|-heal|p2a: Heatran|63/100|[from] item: Leftovers
|upkeep
|turn|8
|
|t:|1703665555
|move|p1a: Starmie|Hydro Pump|p2a: Heatran
|-supereffective|p2a: Heatran
|-crit|p2a: Heatran
|-end|p2a: Heatran|Substitute
|move|p2a: Heatran|Lava Plume|p1a: Starmie
|-resisted|p1a: Starmie
|-damage|p1a: Starmie|41/100
|-enditem|p1a: Starmie|Air Balloon
|
|-weather|Sandstorm|[upkeep]
|-damage|p1a: Starmie|35/100|[from] Sandstorm
|-heal|p2a: Heatran|70/100|[from] item: Leftovers
|upkeep
|turn|9
|
|t:|1703665564
|switch|p1a: Terrakion|Terrakion|100/100
|move|p2a: Heatran|Substitute|p2a: Heatran
|-start|p2a: Heatran|Substitute
|-damage|p2a: Heatran|45/100
|
|-weather|Sandstorm|[upkeep]
|-heal|p2a: Heatran|51/100|[from] item: Leftovers
|upkeep
|turn|10
|
|t:|1703665569
|move|p2a: Heatran|Protect|p2a: Heatran
|-singleturn|p2a: Heatran|Protect
|move|p1a: Terrakion|Stealth Rock|p2a: Heatran
|-sidestart|p2: sniping bwvcs|move: Stealth Rock
|
|-weather|Sandstorm|[upkeep]
|-heal|p2a: Heatran|57/100|[from] item: Leftovers
|upkeep
|turn|11
|
|t:|1703665574
|move|p1a: Terrakion|Close Combat|p2a: Heatran
|-supereffective|p2a: Heatran
|-end|p2a: Heatran|Substitute
|-unboost|p1a: Terrakion|def|1
|-unboost|p1a: Terrakion|spd|1
|-damage|p1a: Terrakion|91/100|[from] item: Life Orb
|move|p2a: Heatran|Lava Plume|p1a: Terrakion
|-resisted|p1a: Terrakion
|-damage|p1a: Terrakion|71/100
|-status|p1a: Terrakion|brn
|
|-weather|Sandstorm|[upkeep]
|-heal|p2a: Heatran|63/100|[from] item: Leftovers
|-damage|p1a: Terrakion|58/100 brn|[from] brn
|upkeep
|turn|12
|
|t:|1703665585
|move|p2a: Heatran|Protect|p2a: Heatran
|-singleturn|p2a: Heatran|Protect
|move|p1a: Terrakion|Earthquake|p2a: Heatran
|-activate|p2a: Heatran|move: Protect
|
|-weather|Sandstorm|[upkeep]
|-heal|p2a: Heatran|70/100|[from] item: Leftovers
|-damage|p1a: Terrakion|46/100 brn|[from] brn
|upkeep
|turn|13
|
|t:|1703665593
|switch|p2a: Hippowdon|Hippowdon, M|94/100
|-damage|p2a: Hippowdon|88/100|[from] Stealth Rock
|move|p1a: Terrakion|Earthquake|p2a: Hippowdon
|-damage|p2a: Hippowdon|75/100
|-damage|p1a: Terrakion|36/100 brn|[from] item: Life Orb
|
|-weather|Sandstorm|[upkeep]
|-heal|p2a: Hippowdon|82/100|[from] item: Leftovers
|-damage|p1a: Terrakion|24/100 brn|[from] brn
|upkeep
|turn|14
|
|t:|1703665600
|move|p1a: Terrakion|Hidden Power|p2a: Hippowdon
|-supereffective|p2a: Hippowdon
|-damage|p2a: Hippowdon|57/100
|-damage|p1a: Terrakion|14/100 brn|[from] item: Life Orb
|move|p2a: Hippowdon|Stealth Rock|p1a: Terrakion
|-sidestart|p1: ILoveChamoy|move: Stealth Rock
|
|-weather|Sandstorm|[upkeep]
|-heal|p2a: Hippowdon|63/100|[from] item: Leftovers
|-damage|p1a: Terrakion|1/100 brn|[from] brn
|upkeep
|turn|15
|
|t:|1703665608
|move|p1a: Terrakion|Hidden Power|p2a: Hippowdon
|-supereffective|p2a: Hippowdon
|-damage|p2a: Hippowdon|40/100
|-damage|p1a: Terrakion|0 fnt|[from] item: Life Orb
|faint|p1a: Terrakion
|move|p2a: Hippowdon|Slack Off|p2a: Hippowdon
|-heal|p2a: Hippowdon|90/100
|
|-weather|Sandstorm|[upkeep]
|-heal|p2a: Hippowdon|96/100|[from] item: Leftovers
|upkeep
|
|t:|1703665614
|switch|p1a: Starmie|Starmie, shiny|35/100
|-damage|p1a: Starmie|22/100|[from] Stealth Rock
|turn|16
|
|t:|1703665641
|switch|p2a: Celebi|Celebi|100/100
|-damage|p2a: Celebi|88/100|[from] Stealth Rock
|move|p1a: Starmie|Ice Beam|p2a: Celebi
|-supereffective|p2a: Celebi
|-damage|p2a: Celebi|45/100
|
|-weather|Sandstorm|[upkeep]
|-damage|p1a: Starmie|16/100|[from] Sandstorm
|-damage|p2a: Celebi|39/100|[from] Sandstorm
|-heal|p2a: Celebi|45/100|[from] item: Leftovers
|upkeep
|turn|17
|
|t:|1703665654
|move|p1a: Starmie|Rapid Spin|p2a: Celebi
|-damage|p2a: Celebi|42/100
|-sideend|p1: ILoveChamoy|Stealth Rock|[from] move: Rapid Spin|[of] p1a: Starmie
|move|p2a: Celebi|Recover|p2a: Celebi
|-heal|p2a: Celebi|93/100
|
|-weather|Sandstorm|[upkeep]
|-damage|p1a: Starmie|10/100|[from] Sandstorm
|-damage|p2a: Celebi|86/100|[from] Sandstorm
|-heal|p2a: Celebi|93/100|[from] item: Leftovers
|upkeep
|turn|18
|
|t:|1703665662
|switch|p1a: Jirachi|Jirachi|100/100
|move|p2a: Celebi|Nasty Plot|p2a: Celebi
|-boost|p2a: Celebi|spa|2
|
|-weather|Sandstorm|[upkeep]
|-damage|p2a: Celebi|86/100|[from] Sandstorm
|-heal|p2a: Celebi|93/100|[from] item: Leftovers
|upkeep
|turn|19
|
|t:|1703665670
|move|p1a: Jirachi|U-turn|p2a: Celebi
|-supereffective|p2a: Celebi
|-damage|p2a: Celebi|20/100
|
|t:|1703665674
|switch|p1a: Volcarona|Volcarona, F, shiny|62/100|[from] U-turn
|move|p2a: Celebi|Recover|p2a: Celebi
|-heal|p2a: Celebi|70/100
|
|-weather|Sandstorm|[upkeep]
|-damage|p1a: Volcarona|56/100|[from] Sandstorm
|-damage|p2a: Celebi|64/100|[from] Sandstorm
|-heal|p2a: Celebi|70/100|[from] item: Leftovers
|upkeep
|turn|20
|
|t:|1703665680
|switch|p2a: Heatran|Heatran, F|70/100
|-damage|p2a: Heatran|57/100|[from] Stealth Rock
|move|p1a: Volcarona|Bug Buzz|p2a: Heatran
|-resisted|p2a: Heatran
|-damage|p2a: Heatran|50/100
|
|-weather|Sandstorm|[upkeep]
|-damage|p1a: Volcarona|50/100|[from] Sandstorm
|-heal|p2a: Heatran|56/100|[from] item: Leftovers
|upkeep
|turn|21
|
|t:|1703665689
|switch|p1a: Kyurem|Kyurem-Black, shiny|100/100
|-ability|p1a: Kyurem|Teravolt
|move|p2a: Heatran|Substitute|p2a: Heatran
|-start|p2a: Heatran|Substitute
|-damage|p2a: Heatran|31/100
|
|-weather|Sandstorm|[upkeep]
|-damage|p1a: Kyurem|94/100|[from] Sandstorm
|-heal|p2a: Heatran|37/100|[from] item: Leftovers
|upkeep
|turn|22
|
|t:|1703665694
|move|p2a: Heatran|Protect|p2a: Heatran
|-singleturn|p2a: Heatran|Protect
|move|p1a: Kyurem|Hone Claws|p1a: Kyurem
|-boost|p1a: Kyurem|atk|1
|-boost|p1a: Kyurem|accuracy|1
|
|-weather|Sandstorm|[upkeep]
|-damage|p1a: Kyurem|88/100|[from] Sandstorm
|-heal|p2a: Heatran|44/100|[from] item: Leftovers
|upkeep
|turn|23
|
|t:|1703665702
|move|p1a: Kyurem|Fusion Bolt|p2a: Heatran
|-end|p2a: Heatran|Substitute
|move|p2a: Heatran|Substitute|p2a: Heatran
|-start|p2a: Heatran|Substitute
|-damage|p2a: Heatran|19/100
|
|-weather|Sandstorm|[upkeep]
|-damage|p1a: Kyurem|82/100|[from] Sandstorm
|-heal|p2a: Heatran|25/100|[from] item: Leftovers
|upkeep
|turn|24
|
|t:|1703665711
|move|p2a: Heatran|Protect|p2a: Heatran
|-singleturn|p2a: Heatran|Protect
|move|p1a: Kyurem|Hone Claws|p1a: Kyurem
|-boost|p1a: Kyurem|atk|1
|-boost|p1a: Kyurem|accuracy|1
|
|-weather|Sandstorm|[upkeep]
|-damage|p1a: Kyurem|76/100|[from] Sandstorm
|-heal|p2a: Heatran|31/100|[from] item: Leftovers
|upkeep
|turn|25
|
|t:|1703665718
|move|p1a: Kyurem|Fusion Bolt|p2a: Heatran
|-end|p2a: Heatran|Substitute
|move|p2a: Heatran|Lava Plume|p1a: Kyurem
|-damage|p1a: Kyurem|49/100
|
|-weather|Sandstorm|[upkeep]
|-damage|p1a: Kyurem|43/100|[from] Sandstorm
|-heal|p2a: Heatran|37/100|[from] item: Leftovers
|upkeep
|turn|26
|
|t:|1703665727
|move|p2a: Heatran|Protect|p2a: Heatran
|-singleturn|p2a: Heatran|Protect
|move|p1a: Kyurem|Fusion Bolt|p2a: Heatran
|-activate|p2a: Heatran|move: Protect
|
|-weather|Sandstorm|[upkeep]
|-damage|p1a: Kyurem|37/100|[from] Sandstorm
|-heal|p2a: Heatran|44/100|[from] item: Leftovers
|upkeep
|turn|27
|
|t:|1703665733
|switch|p2a: Celebi|Celebi|70/100
|-damage|p2a: Celebi|58/100|[from] Stealth Rock
|move|p1a: Kyurem|Fusion Bolt|p2a: Celebi
|-resisted|p2a: Celebi
|-damage|p2a: Celebi|24/100
|
|-weather|Sandstorm|[upkeep]
|-damage|p1a: Kyurem|31/100|[from] Sandstorm
|-damage|p2a: Celebi|18/100|[from] Sandstorm
|-heal|p2a: Celebi|24/100|[from] item: Leftovers
|upkeep
|turn|28
|c|☆ILoveChamoy|rata de mierda
|
|t:|1703665744
|move|p1a: Kyurem|Outrage|p2a: Celebi
|-damage|p2a: Celebi|0 fnt
|faint|p2a: Celebi
|
|-weather|Sandstorm|[upkeep]
|-damage|p1a: Kyurem|25/100|[from] Sandstorm
|upkeep
|
|t:|1703665747
|switch|p2a: Tyranitar|Tyranitar, M|100/100
|-damage|p2a: Tyranitar|88/100|[from] Stealth Rock
|turn|29
|
|t:|1703665750
|move|p2a: Tyranitar|Crunch|p1a: Kyurem
|-damage|p1a: Kyurem|0 fnt
|faint|p1a: Kyurem
|
|-weather|Sandstorm|[upkeep]
|upkeep
|
|t:|1703665755
|switch|p1a: Starmie|Starmie, shiny|10/100
|turn|30
|
|t:|1703665760
|move|p2a: Tyranitar|Crunch|p1a: Starmie
|-supereffective|p1a: Starmie
|-damage|p1a: Starmie|0 fnt
|faint|p1a: Starmie
|
|-weather|Sandstorm|[upkeep]
|upkeep
|
|t:|1703665763
|switch|p1a: Jirachi|Jirachi|100/100
|turn|31
|
|t:|1703665770
|switch|p2a: Rotom|Rotom-Wash|100/100
|-damage|p2a: Rotom|88/100|[from] Stealth Rock
|move|p1a: Jirachi|Iron Head|p2a: Rotom
|-resisted|p2a: Rotom
|-damage|p2a: Rotom|80/100
|
|-weather|Sandstorm|[upkeep]
|-damage|p2a: Rotom|74/100|[from] Sandstorm
|-heal|p2a: Rotom|80/100|[from] item: Leftovers
|upkeep
|turn|32
|
|t:|1703665785
|switch|p1a: Volcarona|Volcarona, F, shiny|50/100
|move|p2a: Rotom|Volt Switch|p1a: Volcarona
|-damage|p1a: Volcarona|26/100
|
|t:|1703665796
|switch|p2a: Heatran|Heatran, F|44/100|[from] Volt Switch
|-damage|p2a: Heatran|31/100|[from] Stealth Rock
|
|-weather|Sandstorm|[upkeep]
|-damage|p1a: Volcarona|20/100|[from] Sandstorm
|-heal|p2a: Heatran|37/100|[from] item: Leftovers
|upkeep
|turn|33
|
|t:|1703665803
|move|p1a: Volcarona|Psychic|p2a: Heatran
|-resisted|p2a: Heatran
|-damage|p2a: Heatran|26/100
|-unboost|p2a: Heatran|spd|1
|move|p2a: Heatran|Substitute|p2a: Heatran
|-start|p2a: Heatran|Substitute
|-damage|p2a: Heatran|1/100
|
|-weather|Sandstorm|[upkeep]
|-damage|p1a: Volcarona|14/100|[from] Sandstorm
|-heal|p2a: Heatran|7/100|[from] item: Leftovers
|upkeep
|turn|34
|
|t:|1703665809
|move|p2a: Heatran|Protect|p2a: Heatran
|-singleturn|p2a: Heatran|Protect
|move|p1a: Volcarona|Psychic|p2a: Heatran
|-activate|p2a: Heatran|move: Protect
|
|-weather|Sandstorm|[upkeep]
|-damage|p1a: Volcarona|8/100|[from] Sandstorm
|-heal|p2a: Heatran|14/100|[from] item: Leftovers
|upkeep
|turn|35
|
|t:|1703665815
|move|p1a: Volcarona|Psychic|p2a: Heatran
|-resisted|p2a: Heatran
|-activate|p2a: Heatran|Substitute|[damage]
|move|p2a: Heatran|Lava Plume|p1a: Volcarona
|-damage|p1a: Volcarona|0 fnt
|faint|p1a: Volcarona
|
|-weather|Sandstorm|[upkeep]
|-heal|p2a: Heatran|20/100|[from] item: Leftovers
|upkeep
|
|t:|1703665824
|switch|p1a: Dragonite|Dragonite, M|100/100
|turn|36
|
|t:|1703665828
|move|p1a: Dragonite|Extreme Speed|p2a: Heatran
|-resisted|p2a: Heatran
|-end|p2a: Heatran|Substitute
|move|p2a: Heatran|Torment|p1a: Dragonite
|-start|p1a: Dragonite|Torment
|
|-weather|Sandstorm|[upkeep]
|-damage|p1a: Dragonite|94/100|[from] Sandstorm
|-heal|p2a: Heatran|26/100|[from] item: Leftovers
|upkeep
|turn|37
|
|t:|1703665835
|switch|p2a: Hippowdon|Hippowdon, M|96/100
|-damage|p2a: Hippowdon|90/100|[from] Stealth Rock
|move|p1a: Dragonite|Outrage|p2a: Hippowdon
|-damage|p2a: Hippowdon|49/100
|
|-weather|Sandstorm|[upkeep]
|-damage|p1a: Dragonite|88/100|[from] Sandstorm
|-heal|p2a: Hippowdon|55/100|[from] item: Leftovers
|upkeep
|turn|38
|
|t:|1703665842
|move|p1a: Dragonite|Outrage|p2a: Hippowdon|[from]lockedmove
|-damage|p2a: Hippowdon|11/100
|-start|p1a: Dragonite|confusion|[fatigue]
|-enditem|p1a: Dragonite|Lum Berry|[eat]
|-end|p1a: Dragonite|confusion
|move|p2a: Hippowdon|Slack Off|p2a: Hippowdon
|-heal|p2a: Hippowdon|61/100
|
|-weather|Sandstorm|[upkeep]
|-damage|p1a: Dragonite|82/100|[from] Sandstorm
|-heal|p2a: Hippowdon|67/100|[from] item: Leftovers
|upkeep
|turn|39
|
|t:|1703665847
|move|p1a: Dragonite|Dragon Dance|p1a: Dragonite
|-boost|p1a: Dragonite|atk|1
|-boost|p1a: Dragonite|spe|1
|move|p2a: Hippowdon|Stealth Rock|p1a: Dragonite
|-sidestart|p1: ILoveChamoy|move: Stealth Rock
|
|-weather|Sandstorm|[upkeep]
|-damage|p1a: Dragonite|76/100|[from] Sandstorm
|-heal|p2a: Hippowdon|74/100|[from] item: Leftovers
|upkeep
|turn|40
|
|t:|1703665855
|move|p1a: Dragonite|Outrage|p2a: Hippowdon
|-damage|p2a: Hippowdon|15/100
|move|p2a: Hippowdon|Whirlwind|p1a: Dragonite
|drag|p1a: Jirachi|Jirachi|100/100
|-damage|p1a: Jirachi|94/100|[from] Stealth Rock
|
|-weather|Sandstorm|[upkeep]
|-heal|p2a: Hippowdon|21/100|[from] item: Leftovers
|upkeep
|turn|41
|
|t:|1703665863
|move|p1a: Jirachi|U-turn|p2a: Hippowdon
|-damage|p2a: Hippowdon|8/100
|-message|ILoveChamoy forfeited.
|
|win|sniping bwvcs
|raw|ILoveChamoy's rating: 1336 &rarr; <strong>1325</strong><br />(-11 for losing)
|raw|sniping bwvcs's rating: 1498 &rarr; <strong>1509</strong><br />(+11 for winning)
|l|☆ILoveChamoy
