|join|doublade45
|join|bright summer star
|player|p1|doublade45|170
|player|p2|bright summer star|65
|gametype|singles
|gen|5
|tier|[Gen 5] OU
|rated
|rule|Evasion Abilities Clause: Evasion abilities are banned
|clearpoke
|poke|p1|Tyranitar, F
|poke|p1|Ferrothorn, F
|poke|p1|Starmie
|poke|p1|Gliscor, M
|poke|p1|Alakazam, M
|poke|p1|Heatran, F
|poke|p2|Ninetales, M
|poke|p2|Dugtrio, F
|poke|p2|Forretress, M
|poke|p2|Latias, F
|poke|p2|Venusaur, M
|poke|p2|Weavile, F
|rule|Sleep Clause Mod: Limit one foe put to sleep
|rule|Species Clause: Limit one of each Pokémon
|rule|OHKO Clause: OHKO moves are banned
|rule|Moody Clause: Moody is banned
|rule|Evasion Moves Clause: Evasion moves are banned
|rule|Endless Battle Clause: Forcing endless battles is banned
|rule|HP Percentage Mod: HP is shown in percentages
|teampreview
|
|start
|switch|p1a: Ferrothorn|Ferrothorn, F|352/352
|switch|p2a: Forretress|Forretress, M|354/354
|turn|1
|
|move|p2a: Forretress|Stealth Rock|p1a: Ferrothorn
|-sidestart|p1: doublade45|move: Stealth Rock
|move|p1a: Ferrothorn|Leech Seed|p2a: Forretress
|-start|p2a: Forretress|move: Leech Seed
|
|-damage|p2a: Forretress|310/354|[from] Leech Seed|[of] p1a: Ferrothorn
|turn|2
|
|switch|p2a: Ninetales|Ninetales, M|350/350
|-weather|SunnyDay|[from] ability: Drought|[of] p2a: Ninetales
|move|p1a: Ferrothorn|Spikes|p2a: Ninetales
|-sidestart|p2: bright summer star|Spikes
|
|-weather|SunnyDay|[upkeep]
|turn|3
|
|switch|p2a: Forretress|Forretress, M|310/354
|-damage|p2a: Forretress|266/354|[from] Spikes
|switch|p1a: Starmie|Starmie|323/323
|-damage|p1a: Starmie|283/323|[from] Stealth Rock
|
|-weather|SunnyDay|[upkeep]
|-heal|p1a: Starmie|303/323|[from] item: Leftovers
|-heal|p2a: Forretress|288/354|[from] item: Leftovers
|turn|4
|
|switch|p1a: Ferrothorn|Ferrothorn, F|352/352
|-damage|p1a: Ferrothorn|330/352|[from] Stealth Rock
|move|p2a: Forretress|Volt Switch|p1a: Ferrothorn
|-resisted|p1a: Ferrothorn
|-damage|p1a: Ferrothorn|317/352
|
|switch|p2a: Ninetales|Ninetales, M|350/350
|-damage|p2a: Ninetales|307/350|[from] Spikes
|
|-weather|SunnyDay|[upkeep]
|-heal|p2a: Ninetales|328/350|[from] item: Leftovers
|-heal|p1a: Ferrothorn|339/352|[from] item: Leftovers
|turn|5
|
|switch|p1a: Tyranitar|Tyranitar, F|383/383
|-damage|p1a: Tyranitar|336/383|[from] Stealth Rock
|-weather|Sandstorm|[from] ability: Sand Stream|[of] p1a: Tyranitar
|move|p2a: Ninetales|Will-O-Wisp|p1a: Tyranitar
|-status|p1a: Tyranitar|brn
|
|-weather|Sandstorm|[upkeep]
|-damage|p2a: Ninetales|307/350|[from] sandstorm
|-heal|p2a: Ninetales|328/350|[from] item: Leftovers
|-damage|p1a: Tyranitar|289/383 brn|[from] brn
|turn|6
|
|switch|p2a: Weavile|Weavile, F|282/282
|-damage|p2a: Weavile|247/282|[from] Spikes
|-ability|p2a: Weavile|Pressure
|switch|p1a: Starmie|Starmie|303/323
|-damage|p1a: Starmie|263/323|[from] Stealth Rock
|
|-weather|Sandstorm|[upkeep]
|-damage|p2a: Weavile|230/282|[from] sandstorm
|-damage|p1a: Starmie|243/323|[from] sandstorm
|-heal|p1a: Starmie|263/323|[from] item: Leftovers
|turn|7
|
|switch|p1a: Ferrothorn|Ferrothorn, F|339/352
|-damage|p1a: Ferrothorn|317/352|[from] Stealth Rock
|move|p2a: Weavile|Swords Dance|p2a: Weavile
|-boost|p2a: Weavile|atk|2
|
|-weather|Sandstorm|[upkeep]
|-damage|p2a: Weavile|213/282|[from] sandstorm
|-heal|p1a: Ferrothorn|339/352|[from] item: Leftovers
|turn|8
|
|switch|p1a: Gliscor|Gliscor, M|354/354
|-damage|p1a: Gliscor|310/354|[from] Stealth Rock
|move|p2a: Weavile|Low Kick|p1a: Gliscor
|-resisted|p1a: Gliscor
|-damage|p1a: Gliscor|237/354
|-damage|p2a: Weavile|185/282|[from] item: Life Orb
|
|-weather|Sandstorm|[upkeep]
|-damage|p2a: Weavile|168/282|[from] sandstorm
|-status|p1a: Gliscor|tox|[from] item: Toxic Orb
|turn|9
|
|switch|p1a: Heatran|Heatran, F|323/323
|-damage|p1a: Heatran|283/323|[from] Stealth Rock
|move|p2a: Weavile|Swords Dance|p2a: Weavile
|-boost|p2a: Weavile|atk|2
|
|-weather|Sandstorm|[upkeep]
|-damage|p2a: Weavile|151/282|[from] sandstorm
|-heal|p1a: Heatran|303/323|[from] item: Leftovers
|turn|10
|
|switch|p1a: Gliscor|Gliscor, M|237/354 tox
|-damage|p1a: Gliscor|193/354 tox|[from] Stealth Rock
|move|p2a: Weavile|Low Kick|p1a: Gliscor
|-resisted|p1a: Gliscor
|-damage|p1a: Gliscor|79/354 tox
|-damage|p2a: Weavile|123/282|[from] item: Life Orb
|
|-weather|Sandstorm|[upkeep]
|-damage|p2a: Weavile|106/282|[from] sandstorm
|-heal|p1a: Gliscor|123/354 tox|[from] ability: Poison Heal
|turn|11
|
|move|p1a: Gliscor|Protect|p1a: Gliscor
|-singleturn|p1a: Gliscor|Protect
|move|p2a: Weavile|Night Slash|p1a: Gliscor
|-activate|p1a: Gliscor|Protect
|
|-weather|Sandstorm|[upkeep]
|-damage|p2a: Weavile|89/282|[from] sandstorm
|-heal|p1a: Gliscor|167/354 tox|[from] ability: Poison Heal
|turn|12
|
|move|p1a: Gliscor|Protect|p1a: Gliscor
|-fail|p1a: Gliscor
|move|p2a: Weavile|Ice Shard|p1a: Gliscor
|-supereffective|p1a: Gliscor
|-damage|p1a: Gliscor|0 fnt
|-damage|p2a: Weavile|61/282|[from] item: Life Orb
|faint|p1a: Gliscor
|
|-weather|Sandstorm|[upkeep]
|-damage|p2a: Weavile|44/282|[from] sandstorm
|
|switch|p1a: Heatran|Heatran, F|303/323
|-damage|p1a: Heatran|263/323|[from] Stealth Rock
|turn|13
|
|switch|p1a: Starmie|Starmie|263/323
|-damage|p1a: Starmie|223/323|[from] Stealth Rock
|move|p2a: Weavile|Low Kick|p1a: Starmie
|-resisted|p1a: Starmie
|-damage|p1a: Starmie|40/323
|-damage|p2a: Weavile|16/282|[from] item: Life Orb
|
|-weather|Sandstorm|[upkeep]
|-damage|p2a: Weavile|0 fnt|[from] sandstorm
|-damage|p1a: Starmie|20/323|[from] sandstorm
|-heal|p1a: Starmie|40/323|[from] item: Leftovers
|faint|p2a: Weavile
|
|switch|p2a: Dugtrio|Dugtrio, F|211/211
|-damage|p2a: Dugtrio|185/211|[from] Spikes
|turn|14
|
|move|p2a: Dugtrio|Earthquake|p1a: Starmie
|-damage|p1a: Starmie|0 fnt
|faint|p1a: Starmie
|
|-weather|Sandstorm|[upkeep]
|
|switch|p1a: Ferrothorn|Ferrothorn, F|339/352
|-damage|p1a: Ferrothorn|317/352|[from] Stealth Rock
|turn|15
|
|switch|p2a: Ninetales|Ninetales, M|328/350
|-damage|p2a: Ninetales|285/350|[from] Spikes
|-weather|SunnyDay|[from] ability: Drought|[of] p2a: Ninetales
|move|p1a: Ferrothorn|Leech Seed|p2a: Ninetales
|-start|p2a: Ninetales|move: Leech Seed
|
|-weather|SunnyDay|[upkeep]
|-heal|p2a: Ninetales|306/350|[from] item: Leftovers
|-heal|p1a: Ferrothorn|339/352|[from] item: Leftovers
|-damage|p2a: Ninetales|263/350|[from] Leech Seed|[of] p1a: Ferrothorn
|-heal|p1a: Ferrothorn|352/352|[silent]
|turn|16
|
|switch|p2a: Forretress|Forretress, M|288/354
|-damage|p2a: Forretress|244/354|[from] Spikes
|move|p1a: Ferrothorn|Gyro Ball|p2a: Forretress
|-resisted|p2a: Forretress
|-damage|p2a: Forretress|222/354
|
|-weather|SunnyDay|[upkeep]
|-heal|p2a: Forretress|244/354|[from] item: Leftovers
|turn|17
|
|move|p2a: Forretress|Rapid Spin|p1a: Ferrothorn
|-resisted|p1a: Ferrothorn
|-damage|p1a: Ferrothorn|347/352
|-damage|p2a: Forretress|200/354|[from] ability: Iron Barbs|[of] p1a: Ferrothorn
|-sideend|p2: bright summer star|Spikes|[from] move: Rapid Spin|[of] p2a: Forretress
|move|p1a: Ferrothorn|Leech Seed|p2a: Forretress
|-start|p2a: Forretress|move: Leech Seed
|
|-weather|SunnyDay|[upkeep]
|-heal|p2a: Forretress|222/354|[from] item: Leftovers
|-heal|p1a: Ferrothorn|352/352|[from] item: Leftovers
|-damage|p2a: Forretress|178/354|[from] Leech Seed|[of] p1a: Ferrothorn
|turn|18
|
|move|p2a: Forretress|Volt Switch|p1a: Ferrothorn
|-resisted|p1a: Ferrothorn
|-damage|p1a: Ferrothorn|339/352
|
|switch|p2a: Ninetales|Ninetales, M|263/350
|move|p1a: Ferrothorn|Spikes|p2a: Ninetales
|-sidestart|p2: bright summer star|Spikes
|
|-weather|SunnyDay|[upkeep]
|-heal|p2a: Ninetales|284/350|[from] item: Leftovers
|-heal|p1a: Ferrothorn|352/352|[from] item: Leftovers
|turn|19
|
|switch|p1a: Tyranitar|Tyranitar, F|289/383 brn
|-damage|p1a: Tyranitar|242/383 brn|[from] Stealth Rock
|-weather|Sandstorm|[from] ability: Sand Stream|[of] p1a: Tyranitar
|move|p2a: Ninetales|Flamethrower|p1a: Tyranitar
|-resisted|p1a: Tyranitar
|-damage|p1a: Tyranitar|220/383 brn
|
|-weather|Sandstorm|[upkeep]
|-damage|p2a: Ninetales|263/350|[from] sandstorm
|-heal|p2a: Ninetales|284/350|[from] item: Leftovers
|-damage|p1a: Tyranitar|173/383 brn|[from] brn
|turn|20
|
|switch|p2a: Forretress|Forretress, M|178/354
|-damage|p2a: Forretress|134/354|[from] Spikes
|switch|p1a: Ferrothorn|Ferrothorn, F|352/352
|-damage|p1a: Ferrothorn|330/352|[from] Stealth Rock
|
|-weather|Sandstorm|[upkeep]
|-heal|p2a: Forretress|156/354|[from] item: Leftovers
|-heal|p1a: Ferrothorn|352/352|[from] item: Leftovers
|turn|21
|
|move|p2a: Forretress|Rapid Spin|p1a: Ferrothorn
|-resisted|p1a: Ferrothorn
|-damage|p1a: Ferrothorn|347/352
|-damage|p2a: Forretress|112/354|[from] ability: Iron Barbs|[of] p1a: Ferrothorn
|-sideend|p2: bright summer star|Spikes|[from] move: Rapid Spin|[of] p2a: Forretress
|move|p1a: Ferrothorn|Spikes|p2a: Forretress
|-sidestart|p2: bright summer star|Spikes
|
|-weather|Sandstorm|[upkeep]
|-heal|p2a: Forretress|134/354|[from] item: Leftovers
|-heal|p1a: Ferrothorn|352/352|[from] item: Leftovers
|turn|22
|
|move|p2a: Forretress|Volt Switch|p1a: Ferrothorn
|-resisted|p1a: Ferrothorn
|-damage|p1a: Ferrothorn|341/352
|
|switch|p2a: Ninetales|Ninetales, M|284/350
|-damage|p2a: Ninetales|241/350|[from] Spikes
|-weather|SunnyDay|[from] ability: Drought|[of] p2a: Ninetales
|move|p1a: Ferrothorn|Spikes|p2a: Ninetales
|-sidestart|p2: bright summer star|Spikes
|
|-weather|SunnyDay|[upkeep]
|-heal|p2a: Ninetales|262/350|[from] item: Leftovers
|-heal|p1a: Ferrothorn|352/352|[from] item: Leftovers
|turn|23
|
|switch|p1a: Heatran|Heatran, F|263/323
|-damage|p1a: Heatran|223/323|[from] Stealth Rock
|move|p2a: Ninetales|Hidden Power|p1a: Heatran
|-damage|p1a: Heatran|179/323
|
|-weather|SunnyDay|[upkeep]
|-heal|p2a: Ninetales|283/350|[from] item: Leftovers
|-heal|p1a: Heatran|199/323|[from] item: Leftovers
|turn|24
|
|move|p2a: Ninetales|Hidden Power|p1a: Heatran
|-damage|p1a: Heatran|153/323
|move|p1a: Heatran|Earth Power|p2a: Ninetales
|-supereffective|p2a: Ninetales
|-damage|p2a: Ninetales|67/350
|
|-weather|SunnyDay|[upkeep]
|-heal|p2a: Ninetales|88/350|[from] item: Leftovers
|-heal|p1a: Heatran|173/323|[from] item: Leftovers
|turn|25
|
|switch|p2a: Latias|Latias, F|302/302
|move|p1a: Heatran|Substitute|p1a: Heatran
|-start|p1a: Heatran|Substitute
|-damage|p1a: Heatran|93/323
|
|-weather|SunnyDay|[upkeep]
|-heal|p1a: Heatran|113/323|[from] item: Leftovers
|turn|26
|
|move|p2a: Latias|Surf|p1a: Heatran
|-supereffective|p1a: Heatran
|-end|p1a: Heatran|Substitute
|move|p1a: Heatran|Toxic|p2a: Latias
|-status|p2a: Latias|tox
|
|-weather|SunnyDay|[upkeep]
|-heal|p1a: Heatran|133/323|[from] item: Leftovers
|-damage|p2a: Latias|284/302 tox|[from] psn
|turn|27
|
|switch|p2a: Venusaur|Venusaur, M|319/319
|-damage|p2a: Venusaur|266/319|[from] Spikes
|switch|p1a: Ferrothorn|Ferrothorn, F|352/352
|-damage|p1a: Ferrothorn|330/352|[from] Stealth Rock
|
|-weather|SunnyDay|[upkeep]
|-heal|p1a: Ferrothorn|352/352|[from] item: Leftovers
|turn|28
|
|switch|p2a: Dugtrio|Dugtrio, F|185/211
|-damage|p2a: Dugtrio|150/211|[from] Spikes
|switch|p1a: Heatran|Heatran, F|133/323
|-damage|p1a: Heatran|93/323|[from] Stealth Rock
|
|-weather|SunnyDay|[upkeep]
|-heal|p1a: Heatran|113/323|[from] item: Leftovers
|turn|29
|c|★bright summer star|nice
|
|move|p2a: Dugtrio|Earthquake|p1a: Heatran
|-supereffective|p1a: Heatran
|-damage|p1a: Heatran|0 fnt
|faint|p1a: Heatran
|
|-weather|SunnyDay|[upkeep]
|
|switch|p1a: Ferrothorn|Ferrothorn, F|352/352
|-damage|p1a: Ferrothorn|330/352|[from] Stealth Rock
|turn|30
|
|switch|p2a: Forretress|Forretress, M|134/354
|-damage|p2a: Forretress|75/354|[from] Spikes
|move|p1a: Ferrothorn|Leech Seed|p2a: Forretress
|-start|p2a: Forretress|move: Leech Seed
|
|-weather|SunnyDay|[upkeep]
|-heal|p2a: Forretress|97/354|[from] item: Leftovers
|-heal|p1a: Ferrothorn|352/352|[from] item: Leftovers
|-damage|p2a: Forretress|53/354|[from] Leech Seed|[of] p1a: Ferrothorn
|turn|31
|
|move|p2a: Forretress|Rapid Spin|p1a: Ferrothorn
|-resisted|p1a: Ferrothorn
|-damage|p1a: Ferrothorn|347/352
|-damage|p2a: Forretress|9/354|[from] ability: Iron Barbs|[of] p1a: Ferrothorn
|-end|p2a: Forretress|Leech Seed|[from] move: Rapid Spin|[of] p2a: Forretress
|-sideend|p2: bright summer star|Spikes|[from] move: Rapid Spin|[of] p2a: Forretress
|move|p1a: Ferrothorn|Spikes|p2a: Forretress
|-sidestart|p2: bright summer star|Spikes
|
|-weather|SunnyDay|[upkeep]
|-heal|p2a: Forretress|31/354|[from] item: Leftovers
|-heal|p1a: Ferrothorn|352/352|[from] item: Leftovers
|turn|32
|
|move|p2a: Forretress|Hidden Power|p1a: Ferrothorn
|-damage|p1a: Ferrothorn|328/352
|move|p1a: Ferrothorn|Spikes|p2a: Forretress
|-sidestart|p2: bright summer star|Spikes
|
|-weather|SunnyDay|[upkeep]
|-heal|p2a: Forretress|53/354|[from] item: Leftovers
|-heal|p1a: Ferrothorn|350/352|[from] item: Leftovers
|turn|33
|
|move|p2a: Forretress|Rapid Spin|p1a: Ferrothorn
|-resisted|p1a: Ferrothorn
|-damage|p1a: Ferrothorn|345/352
|-damage|p2a: Forretress|9/354|[from] ability: Iron Barbs|[of] p1a: Ferrothorn
|-sideend|p2: bright summer star|Spikes|[from] move: Rapid Spin|[of] p2a: Forretress
|move|p1a: Ferrothorn|Spikes|p2a: Forretress
|-sidestart|p2: bright summer star|Spikes
|
|-weather|SunnyDay|[upkeep]
|-heal|p2a: Forretress|31/354|[from] item: Leftovers
|-heal|p1a: Ferrothorn|352/352|[from] item: Leftovers
|turn|34
|
|switch|p2a: Dugtrio|Dugtrio, F|150/211
|-damage|p2a: Dugtrio|124/211|[from] Spikes
|move|p1a: Ferrothorn|Leech Seed|p2a: Dugtrio
|-start|p2a: Dugtrio|move: Leech Seed
|
|-weather|SunnyDay|[upkeep]
|-damage|p2a: Dugtrio|98/211|[from] Leech Seed|[of] p1a: Ferrothorn
|turn|35
|
|switch|p2a: Venusaur|Venusaur, M|266/319
|-damage|p2a: Venusaur|227/319|[from] Spikes
|move|p1a: Ferrothorn|Spikes|p2a: Venusaur
|-sidestart|p2: bright summer star|Spikes
|
|-weather|SunnyDay|[upkeep]
|turn|36
|
|move|p2a: Venusaur|Hidden Power|p1a: Ferrothorn
|-supereffective|p1a: Ferrothorn
|-damage|p1a: Ferrothorn|0 fnt
|-damage|p2a: Venusaur|196/319|[from] item: Life Orb
|faint|p1a: Ferrothorn
|
|-weather|SunnyDay|[upkeep]
|
|switch|p1a: Alakazam|Alakazam, M|252/252
|turn|37
|
|move|p2a: Venusaur|Giga Drain|p1a: Alakazam
|-damage|p1a: Alakazam|77/252
|-heal|p2a: Venusaur|284/319|[from] drain|[of] p1a: Alakazam
|-damage|p2a: Venusaur|253/319|[from] item: Life Orb
|move|p1a: Alakazam|Psyshock|p2a: Venusaur
|-supereffective|p2a: Venusaur
|-damage|p2a: Venusaur|0 fnt
|faint|p2a: Venusaur
|
|-weather|SunnyDay|[upkeep]
|
|switch|p2a: Dugtrio|Dugtrio, F|98/211
|-damage|p2a: Dugtrio|63/211|[from] Spikes
|turn|38
|
|move|p1a: Alakazam|Psyshock|p2a: Dugtrio
|-crit|p2a: Dugtrio
|-damage|p2a: Dugtrio|0 fnt
|faint|p2a: Dugtrio
|
|-weather|SunnyDay|[upkeep]
|
|switch|p2a: Latias|Latias, F|284/302 tox
|turn|39
|
|switch|p1a: Tyranitar|Tyranitar, F|173/383 brn
|-damage|p1a: Tyranitar|126/383 brn|[from] Stealth Rock
|-weather|Sandstorm|[from] ability: Sand Stream|[of] p1a: Tyranitar
|move|p2a: Latias|Draco Meteor|p1a: Tyranitar
|-damage|p1a: Tyranitar|20/383 brn
|-unboost|p2a: Latias|spa|2
|
|-weather|Sandstorm|[upkeep]
|-damage|p2a: Latias|266/302 tox|[from] sandstorm
|-damage|p2a: Latias|248/302 tox|[from] psn
|-damage|p1a: Tyranitar|0 fnt|[from] brn
|faint|p1a: Tyranitar
|
|switch|p1a: Alakazam|Alakazam, M|77/252
|turn|40
|
|switch|p2a: Forretress|Forretress, M|31/354
|-damage|p2a: Forretress|0 fnt|[from] Spikes
|faint|p2a: Forretress
|move|p1a: Alakazam|Shadow Ball|p2: Forretress|[notarget]
|-notarget
|
|-weather|Sandstorm|[upkeep]
|
|switch|p2a: Latias|Latias, F|248/302 tox
|turn|41
|
|move|p2a: Latias|Surf|p1a: Alakazam
|-damage|p1a: Alakazam|0 fnt
|faint|p1a: Alakazam
|
|win|bright summer star
|raw|Ladder updating...
|raw|doublade45's rating: 1410 &rarr; <strong>1385</strong><br />(-25 for losing)
|raw|bright summer star's rating: 1310 &rarr; <strong>1335</strong><br />(+25 for winning)
|leave|doublade45
|player|p1