|j|☆killapokeman
|j|☆Clawdia Chauchat
|t:|1707225914
|gametype|singles
|player|p1|killapokeman|hoopster|1413
|player|p2|Clawdia Chauchat|winona|1493
|teamsize|p1|6
|teamsize|p2|6
|gen|5
|tier|[Gen 5] OU
|rated|
|rule|Species Clause: Limit one of each Pokémon
|rule|OHKO Clause: OHKO moves are banned
|rule|Moody Clause: Moody is banned
|rule|Evasion Items Clause: Evasion items are banned
|rule|Evasion Moves Clause: Evasion moves are banned
|rule|Endless Battle Clause: Forcing endless battles is banned
|rule|HP Percentage Mod: HP is shown in percentages
|rule|Evasion Abilities Clause: Evasion abilities are banned
|rule|Sleep Moves Clause: Sleep-inducing moves are banned
|rule|Swagger Clause: Swagger is banned
|rule|Baton Pass Stat Clause: No Baton Passer may have a way to boost its stats
|clearpoke
|poke|p1|Kyurem-Black|item
|poke|p1|Tentacruel, M|item
|poke|p1|Heatran, F|item
|poke|p1|Landorus-Therian, M|item
|poke|p1|Blissey, F|item
|poke|p1|Scizor, F|item
|poke|p2|Aerodactyl, M|item
|poke|p2|Excadrill, F|item
|poke|p2|Tyranitar, M|item
|poke|p2|Keldeo|item
|poke|p2|Skarmory, M|item
|poke|p2|Celebi|item
|teampreview
|inactive|Battle timer is ON: inactive players will automatically lose when time's up. (requested by killapokeman)
|
|t:|1707225931
|start
|switch|p1a: omega|Heatran, F, shiny|100/100
|switch|p2a: Diogenes|Tyranitar, M, shiny|100/100
|-weather|Sandstorm|[from] ability: Sand Stream|[of] p2a: Diogenes
|turn|1
|
|t:|1707225954
|switch|p1a: rex|Landorus-Therian, M|100/100
|-ability|p1a: rex|Intimidate|boost
|-unboost|p2a: Diogenes|atk|1
|move|p2a: Diogenes|Earthquake|p1a: rex
|-immune|p1a: rex
|
|-weather|Sandstorm|[upkeep]
|upkeep
|turn|2
|
|t:|1707225958
|move|p1a: rex|U-turn|p2a: Diogenes
|-supereffective|p2a: Diogenes
|-damage|p2a: Diogenes|66/100
|
|t:|1707225961
|switch|p1a: don|Scizor, F|100/100|[from] U-turn
|move|p2a: Diogenes|Ice Beam|p1a: don
|-resisted|p1a: don
|-damage|p1a: don|84/100
|
|-weather|Sandstorm|[upkeep]
|upkeep
|turn|3
|j| bigman1776
|
|t:|1707225968
|switch|p2a: Sidi H'bibi|Skarmory, M, shiny|100/100
|move|p1a: don|Superpower|p2a: Sidi H'bibi
|-damage|p2a: Sidi H'bibi|67/100
|-unboost|p1a: don|atk|1
|-unboost|p1a: don|def|1
|-damage|p1a: don|75/100|[from] item: Life Orb
|
|-weather|Sandstorm|[upkeep]
|-heal|p2a: Sidi H'bibi|73/100|[from] item: Leftovers
|upkeep
|turn|4
|c| bigman1776|googoo gaga
|
|t:|1707225977
|switch|p1a: omega|Heatran, F, shiny|100/100
|move|p2a: Sidi H'bibi|Spikes|p1a: omega
|-sidestart|p1: killapokeman|Spikes
|
|-weather|Sandstorm|[upkeep]
|-heal|p2a: Sidi H'bibi|79/100|[from] item: Leftovers
|upkeep
|turn|5
|c| bigman1776|I have to go soon
|c| bigman1776|to walk brother to bus stop
|c|☆killapokeman|bruh
|inactive|Clawdia Chauchat has 120 seconds left.
|c| bigman1776|I will return
|
|t:|1707226021
|switch|p2a: Diogenes|Tyranitar, M, shiny|66/100
|move|p1a: omega|Magma Storm|p2a: Diogenes|[miss]
|-miss|p1a: omega|p2a: Diogenes
|
|-weather|Sandstorm|[upkeep]
|upkeep
|turn|6
|c|☆killapokeman|snm
|
|t:|1707226029
|switch|p1a: rex|Landorus-Therian, M|100/100
|-ability|p1a: rex|Intimidate|boost
|-unboost|p2a: Diogenes|atk|1
|move|p2a: Diogenes|Earthquake|p1a: rex
|-immune|p1a: rex
|
|-weather|Sandstorm|[upkeep]
|upkeep
|turn|7
|
|t:|1707226032
|switch|p2a: Sidi H'bibi|Skarmory, M, shiny|79/100
|move|p1a: rex|U-turn|p2a: Sidi H'bibi
|-resisted|p2a: Sidi H'bibi
|-damage|p2a: Sidi H'bibi|76/100
|
|t:|1707226035
|switch|p1a: omega|Heatran, F, shiny|100/100|[from] U-turn
|-damage|p1a: omega|88/100|[from] Spikes
|
|-weather|Sandstorm|[upkeep]
|-heal|p1a: omega|94/100|[from] item: Leftovers
|-heal|p2a: Sidi H'bibi|82/100|[from] item: Leftovers
|upkeep
|turn|8
|inactive|Clawdia Chauchat has 120 seconds left.
|
|t:|1707226058
|switch|p2a: Diogenes|Tyranitar, M, shiny|66/100
|move|p1a: omega|Substitute|p1a: omega
|-start|p1a: omega|Substitute
|-damage|p1a: omega|70/100
|
|-weather|Sandstorm|[upkeep]
|-heal|p1a: omega|76/100|[from] item: Leftovers
|upkeep
|turn|9
|
|t:|1707226065
|move|p1a: omega|Earth Power|p2a: Diogenes
|-supereffective|p2a: Diogenes
|-damage|p2a: Diogenes|40/100
|move|p2a: Diogenes|Earthquake|p1a: omega
|-supereffective|p1a: omega
|-end|p1a: omega|Substitute
|
|-weather|Sandstorm|[upkeep]
|-heal|p1a: omega|82/100|[from] item: Leftovers
|upkeep
|turn|10
|
|t:|1707226073
|switch|p1a: squillium|Tentacruel, M, shiny|100/100
|-damage|p1a: squillium|88/100|[from] Spikes
|move|p2a: Diogenes|Ice Beam|p1a: squillium
|-resisted|p1a: squillium
|-damage|p1a: squillium|77/100
|
|-weather|Sandstorm|[upkeep]
|-damage|p1a: squillium|71/100|[from] Sandstorm
|-heal|p1a: squillium|77/100|[from] item: Black Sludge
|upkeep
|turn|11
|
|t:|1707226077
|switch|p1a: rex|Landorus-Therian, M|100/100
|-ability|p1a: rex|Intimidate|boost
|-unboost|p2a: Diogenes|atk|1
|move|p2a: Diogenes|Earthquake|p1a: rex
|-immune|p1a: rex
|
|-weather|Sandstorm|[upkeep]
|upkeep
|turn|12
|inactive|Clawdia Chauchat has 120 seconds left.
|
|t:|1707226117
|switch|p2a: Rather Ripped|Aerodactyl, M|100/100
|-ability|p2a: Rather Ripped|Pressure
|move|p1a: rex|U-turn|p2a: Rather Ripped
|-resisted|p2a: Rather Ripped
|-crit|p2a: Rather Ripped
|-damage|p2a: Rather Ripped|65/100
|
|t:|1707226126
|switch|p1a: don|Scizor, F|75/100|[from] U-turn
|-damage|p1a: don|62/100|[from] Spikes
|
|-weather|Sandstorm|[upkeep]
|-heal|p2a: Rather Ripped|71/100|[from] item: Leftovers
|upkeep
|turn|13
|inactive|Clawdia Chauchat has 120 seconds left.
|
|t:|1707226131
|switch|p2a: Sidi H'bibi|Skarmory, M, shiny|82/100
|move|p1a: don|Bullet Punch|p2a: Sidi H'bibi
|-resisted|p2a: Sidi H'bibi
|-damage|p2a: Sidi H'bibi|68/100
|-damage|p1a: don|52/100|[from] item: Life Orb
|
|-weather|Sandstorm|[upkeep]
|-heal|p2a: Sidi H'bibi|74/100|[from] item: Leftovers
|upkeep
|turn|14
|inactive|Clawdia Chauchat has 120 seconds left.
|
|t:|1707226142
|move|p1a: don|Roost|p1a: don
|-heal|p1a: don|100/100
|-singleturn|p1a: don|move: Roost
|move|p2a: Sidi H'bibi|Whirlwind|p1a: don
|drag|p1a: chubs|Blissey, F, shiny|100/100
|-damage|p1a: chubs|88/100|[from] Spikes
|
|-weather|Sandstorm|[upkeep]
|-damage|p1a: chubs|82/100|[from] Sandstorm
|-heal|p2a: Sidi H'bibi|80/100|[from] item: Leftovers
|-heal|p1a: chubs|88/100|[from] item: Leftovers
|upkeep
|turn|15
|
|t:|1707226154
|switch|p2a: Back From The Dead|Excadrill, F|100/100
|move|p1a: chubs|Stealth Rock|p2a: Back From The Dead
|-sidestart|p2: Clawdia Chauchat|move: Stealth Rock
|
|-weather|Sandstorm|[upkeep]
|-damage|p1a: chubs|82/100|[from] Sandstorm
|-heal|p1a: chubs|88/100|[from] item: Leftovers
|upkeep
|turn|16
|
|t:|1707226168
|switch|p1a: rex|Landorus-Therian, M|100/100
|-ability|p1a: rex|Intimidate|boost
|-unboost|p2a: Back From The Dead|atk|1
|move|p2a: Back From The Dead|Iron Head|p1a: rex
|-damage|p1a: rex|75/100
|
|-weather|Sandstorm|[upkeep]
|upkeep
|turn|17
|
|t:|1707226174
|move|p2a: Back From The Dead|Protect|p2a: Back From The Dead
|-singleturn|p2a: Back From The Dead|Protect
|move|p1a: rex|Earthquake|p2a: Back From The Dead
|-activate|p2a: Back From The Dead|move: Protect
|
|-weather|Sandstorm|[upkeep]
|upkeep
|turn|18
|
|t:|1707226195
|move|p1a: rex|Earthquake|p2a: Back From The Dead
|-supereffective|p2a: Back From The Dead
|-damage|p2a: Back From The Dead|5/100
|move|p2a: Back From The Dead|Earthquake|p1a: rex
|-immune|p1a: rex
|
|-weather|Sandstorm|[upkeep]
|-heal|p2a: Back From The Dead|11/100|[from] item: Leftovers
|upkeep
|turn|19
|
|t:|1707226200
|move|p1a: rex|Earthquake|p2a: Back From The Dead
|-supereffective|p2a: Back From The Dead
|-damage|p2a: Back From The Dead|0 fnt
|faint|p2a: Back From The Dead
|
|-weather|Sandstorm|[upkeep]
|upkeep
|
|t:|1707226203
|switch|p2a: Rather Ripped|Aerodactyl, M|71/100
|-damage|p2a: Rather Ripped|46/100|[from] Stealth Rock
|-ability|p2a: Rather Ripped|Pressure
|turn|20
|
|t:|1707226210
|switch|p1a: don|Scizor, F|100/100
|-damage|p1a: don|88/100|[from] Spikes
|move|p2a: Rather Ripped|Stone Edge|p1a: don
|-crit|p1a: don
|-damage|p1a: don|0 fnt
|faint|p1a: don
|
|-weather|Sandstorm|[upkeep]
|-heal|p2a: Rather Ripped|52/100|[from] item: Leftovers
|upkeep
|
|t:|1707226214
|switch|p1a: rex|Landorus-Therian, M|75/100
|-ability|p1a: rex|Intimidate|boost
|-unboost|p2a: Rather Ripped|atk|1
|turn|21
|
|t:|1707226222
|move|p1a: rex|U-turn|p2a: Rather Ripped
|-resisted|p2a: Rather Ripped
|-damage|p2a: Rather Ripped|37/100
|
|t:|1707226232
|switch|p1a: squillium|Tentacruel, M, shiny|77/100|[from] U-turn
|-damage|p1a: squillium|65/100|[from] Spikes
|move|p2a: Rather Ripped|Roost|p2a: Rather Ripped
|-heal|p2a: Rather Ripped|87/100
|-singleturn|p2a: Rather Ripped|move: Roost
|
|-weather|Sandstorm|[upkeep]
|-damage|p1a: squillium|59/100|[from] Sandstorm
|-heal|p2a: Rather Ripped|93/100|[from] item: Leftovers
|-heal|p1a: squillium|65/100|[from] item: Black Sludge
|upkeep
|turn|22
|
|t:|1707226253
|move|p2a: Rather Ripped|Stone Edge|p1a: squillium
|-damage|p1a: squillium|36/100
|move|p1a: squillium|Scald|p2a: Rather Ripped
|-supereffective|p2a: Rather Ripped
|-damage|p2a: Rather Ripped|61/100
|
|-weather|Sandstorm|[upkeep]
|-damage|p1a: squillium|30/100|[from] Sandstorm
|-heal|p2a: Rather Ripped|67/100|[from] item: Leftovers
|-heal|p1a: squillium|36/100|[from] item: Black Sludge
|upkeep
|turn|23
|
|t:|1707226260
|move|p2a: Rather Ripped|Stone Edge|p1a: squillium|[miss]
|-miss|p2a: Rather Ripped|p1a: squillium
|move|p1a: squillium|Scald|p2a: Rather Ripped
|-supereffective|p2a: Rather Ripped
|-damage|p2a: Rather Ripped|35/100
|
|-weather|Sandstorm|[upkeep]
|-damage|p1a: squillium|30/100|[from] Sandstorm
|-heal|p2a: Rather Ripped|41/100|[from] item: Leftovers
|-heal|p1a: squillium|36/100|[from] item: Black Sludge
|upkeep
|turn|24
|
|t:|1707226282
|move|p2a: Rather Ripped|Stone Edge|p1a: squillium
|-damage|p1a: squillium|9/100
|move|p1a: squillium|Scald|p2a: Rather Ripped
|-supereffective|p2a: Rather Ripped
|-damage|p2a: Rather Ripped|11/100
|
|-weather|Sandstorm|[upkeep]
|-damage|p1a: squillium|3/100|[from] Sandstorm
|-heal|p2a: Rather Ripped|17/100|[from] item: Leftovers
|-heal|p1a: squillium|9/100|[from] item: Black Sludge
|upkeep
|turn|25
|
|t:|1707226299
|switch|p1a: rex|Landorus-Therian, M|75/100
|-ability|p1a: rex|Intimidate|boost
|-unboost|p2a: Rather Ripped|atk|1
|move|p2a: Rather Ripped|Roost|p2a: Rather Ripped
|-heal|p2a: Rather Ripped|67/100
|-singleturn|p2a: Rather Ripped|move: Roost
|
|-weather|Sandstorm|[upkeep]
|-heal|p2a: Rather Ripped|73/100|[from] item: Leftovers
|upkeep
|turn|26
|
|t:|1707226305
|move|p1a: rex|Hidden Power|p2a: Rather Ripped
|-supereffective|p2a: Rather Ripped
|-damage|p2a: Rather Ripped|52/100
|move|p2a: Rather Ripped|Roost|p2a: Rather Ripped
|-heal|p2a: Rather Ripped|100/100
|-singleturn|p2a: Rather Ripped|move: Roost
|
|-weather|Sandstorm|[upkeep]
|upkeep
|turn|27
|
|t:|1707226314
|switch|p1a: omega|Heatran, F, shiny|82/100
|-damage|p1a: omega|70/100|[from] Spikes
|move|p2a: Rather Ripped|Toxic|p1a: omega
|-immune|p1a: omega
|
|-weather|Sandstorm|[upkeep]
|-heal|p1a: omega|76/100|[from] item: Leftovers
|upkeep
|turn|28
|
|t:|1707226319
|move|p2a: Rather Ripped|Pursuit|p1a: omega
|-resisted|p1a: omega
|-damage|p1a: omega|73/100
|move|p1a: omega|Substitute|p1a: omega
|-start|p1a: omega|Substitute
|-damage|p1a: omega|48/100
|
|-weather|Sandstorm|[upkeep]
|-heal|p1a: omega|55/100|[from] item: Leftovers
|upkeep
|turn|29
|
|t:|1707226324
|move|p2a: Rather Ripped|Pursuit|p1a: omega
|-resisted|p1a: omega
|-activate|p1a: omega|Substitute|[damage]
|move|p1a: omega|Magma Storm|p2a: Rather Ripped
|-resisted|p2a: Rather Ripped
|-damage|p2a: Rather Ripped|80/100
|-activate|p2a: Rather Ripped|move: Magma Storm|[of] p1a: omega
|
|-weather|Sandstorm|[upkeep]
|-heal|p2a: Rather Ripped|86/100|[from] item: Leftovers
|-heal|p1a: omega|61/100|[from] item: Leftovers
|-damage|p2a: Rather Ripped|80/100|[from] move: Magma Storm|[partiallytrapped]
|upkeep
|turn|30
|
|t:|1707226332
|move|p2a: Rather Ripped|Pursuit|p1a: omega
|-resisted|p1a: omega
|-activate|p1a: omega|Substitute|[damage]
|move|p1a: omega|Hidden Power|p2a: Rather Ripped
|-supereffective|p2a: Rather Ripped
|-damage|p2a: Rather Ripped|44/100
|
|-weather|Sandstorm|[upkeep]
|-heal|p2a: Rather Ripped|50/100|[from] item: Leftovers
|-heal|p1a: omega|67/100|[from] item: Leftovers
|-damage|p2a: Rather Ripped|44/100|[from] move: Magma Storm|[partiallytrapped]
|upkeep
|turn|31
|
|t:|1707226340
|move|p2a: Rather Ripped|Roost|p2a: Rather Ripped
|-heal|p2a: Rather Ripped|94/100
|-singleturn|p2a: Rather Ripped|move: Roost
|move|p1a: omega|Substitute|p1a: omega
|-fail|p1a: omega|move: Substitute
|
|-weather|Sandstorm|[upkeep]
|-heal|p2a: Rather Ripped|100/100|[from] item: Leftovers
|-heal|p1a: omega|73/100|[from] item: Leftovers
|-damage|p2a: Rather Ripped|94/100|[from] move: Magma Storm|[partiallytrapped]
|upkeep
|turn|32
|
|t:|1707226344
|move|p2a: Rather Ripped|Pursuit|p1a: omega
|-resisted|p1a: omega
|-activate|p1a: omega|Substitute|[damage]
|move|p1a: omega|Hidden Power|p2a: Rather Ripped
|-supereffective|p2a: Rather Ripped
|-damage|p2a: Rather Ripped|58/100
|
|-weather|Sandstorm|[upkeep]
|-heal|p2a: Rather Ripped|64/100|[from] item: Leftovers
|-heal|p1a: omega|79/100|[from] item: Leftovers
|-damage|p2a: Rather Ripped|58/100|[from] move: Magma Storm|[partiallytrapped]
|upkeep
|turn|33
|
|t:|1707226351
|move|p2a: Rather Ripped|Pursuit|p1a: omega
|-resisted|p1a: omega
|-activate|p1a: omega|Substitute|[damage]
|move|p1a: omega|Hidden Power|p2a: Rather Ripped
|-supereffective|p2a: Rather Ripped
|-crit|p2a: Rather Ripped
|-damage|p2a: Rather Ripped|0 fnt
|faint|p2a: Rather Ripped
|
|-weather|Sandstorm|[upkeep]
|-heal|p1a: omega|86/100|[from] item: Leftovers
|upkeep
|
|t:|1707226355
|switch|p2a: Diogenes|Tyranitar, M, shiny|40/100
|-damage|p2a: Diogenes|28/100|[from] Stealth Rock
|turn|34
|
|t:|1707226366
|move|p1a: omega|Earth Power|p2a: Diogenes
|-supereffective|p2a: Diogenes
|-damage|p2a: Diogenes|0 fnt
|faint|p2a: Diogenes
|
|-weather|Sandstorm|[upkeep]
|-heal|p1a: omega|92/100|[from] item: Leftovers
|upkeep
|
|t:|1707226379
|switch|p2a: Cross The Sea|Keldeo|100/100
|-damage|p2a: Cross The Sea|94/100|[from] Stealth Rock
|turn|35
|
|t:|1707226383
|move|p2a: Cross The Sea|Scald|p1a: omega
|-supereffective|p1a: omega
|-end|p1a: omega|Substitute
|move|p1a: omega|Earth Power|p2a: Cross The Sea
|-damage|p2a: Cross The Sea|56/100
|
|-weather|Sandstorm|[upkeep]
|-damage|p2a: Cross The Sea|50/100|[from] Sandstorm
|-heal|p2a: Cross The Sea|56/100|[from] item: Leftovers
|-heal|p1a: omega|98/100|[from] item: Leftovers
|upkeep
|turn|36
|
|t:|1707226406
|move|p2a: Cross The Sea|Secret Sword|p1a: omega
|-supereffective|p1a: omega
|-damage|p1a: omega|7/100
|move|p1a: omega|Earth Power|p2a: Cross The Sea
|-damage|p2a: Cross The Sea|18/100
|
|-weather|Sandstorm|[upkeep]
|-damage|p2a: Cross The Sea|12/100|[from] Sandstorm
|-heal|p2a: Cross The Sea|18/100|[from] item: Leftovers
|-heal|p1a: omega|13/100|[from] item: Leftovers
|upkeep
|turn|37
|
|t:|1707226412
|move|p2a: Cross The Sea|Secret Sword|p1a: omega
|-supereffective|p1a: omega
|-damage|p1a: omega|0 fnt
|faint|p1a: omega
|
|-weather|Sandstorm|[upkeep]
|-damage|p2a: Cross The Sea|12/100|[from] Sandstorm
|-heal|p2a: Cross The Sea|18/100|[from] item: Leftovers
|upkeep
|
|t:|1707226414
|switch|p1a: rex|Landorus-Therian, M|75/100
|-ability|p1a: rex|Intimidate|boost
|-unboost|p2a: Cross The Sea|atk|1
|turn|38
|l| bigman1776
|
|t:|1707226420
|move|p2a: Cross The Sea|Protect|p2a: Cross The Sea
|-singleturn|p2a: Cross The Sea|Protect
|move|p1a: rex|Earthquake|p2a: Cross The Sea
|-activate|p2a: Cross The Sea|move: Protect
|
|-weather|Sandstorm|[upkeep]
|-damage|p2a: Cross The Sea|12/100|[from] Sandstorm
|-heal|p2a: Cross The Sea|18/100|[from] item: Leftovers
|upkeep
|turn|39
|
|t:|1707226423
|switch|p2a: Sidi H'bibi|Skarmory, M, shiny|80/100
|-damage|p2a: Sidi H'bibi|67/100|[from] Stealth Rock
|move|p1a: rex|Earthquake|p2a: Sidi H'bibi
|-immune|p2a: Sidi H'bibi
|
|-weather|Sandstorm|[upkeep]
|-heal|p2a: Sidi H'bibi|73/100|[from] item: Leftovers
|upkeep
|turn|40
|
|t:|1707226427
|switch|p1a: chubs|Blissey, F, shiny|88/100
|-damage|p1a: chubs|76/100|[from] Spikes
|move|p2a: Sidi H'bibi|Spikes|p1a: chubs
|-sidestart|p1: killapokeman|Spikes
|
|-weather|Sandstorm|[upkeep]
|-damage|p1a: chubs|69/100|[from] Sandstorm
|-heal|p2a: Sidi H'bibi|79/100|[from] item: Leftovers
|-heal|p1a: chubs|76/100|[from] item: Leftovers
|upkeep
|turn|41
|
|t:|1707226433
|move|p2a: Sidi H'bibi|Spikes|p1a: chubs
|-sidestart|p1: killapokeman|Spikes
|move|p1a: chubs|Thunder Wave|p2a: Sidi H'bibi
|-status|p2a: Sidi H'bibi|par
|
|-weather|Sandstorm|[upkeep]
|-damage|p1a: chubs|69/100|[from] Sandstorm
|-heal|p1a: chubs|76/100|[from] item: Leftovers
|-heal|p2a: Sidi H'bibi|85/100 par|[from] item: Leftovers
|upkeep
|turn|42
|
|t:|1707226437
|switch|p1a: alpha|Kyurem-Black, shiny|100/100
|-damage|p1a: alpha|76/100|[from] Spikes
|-ability|p1a: alpha|Teravolt
|switch|p2a: Concorde I Miss U|Celebi|100/100
|-damage|p2a: Concorde I Miss U|88/100|[from] Stealth Rock
|
|-weather|Sandstorm|[upkeep]
|-damage|p1a: alpha|70/100|[from] Sandstorm
|-damage|p2a: Concorde I Miss U|82/100|[from] Sandstorm
|-heal|p2a: Concorde I Miss U|88/100|[from] item: Leftovers
|upkeep
|turn|43
|
|t:|1707226441
|move|p1a: alpha|Substitute|p1a: alpha
|-start|p1a: alpha|Substitute
|-damage|p1a: alpha|45/100
|move|p2a: Concorde I Miss U|Stealth Rock|p1a: alpha
|-sidestart|p1: killapokeman|move: Stealth Rock
|
|-weather|Sandstorm|[upkeep]
|-damage|p1a: alpha|39/100|[from] Sandstorm
|-damage|p2a: Concorde I Miss U|82/100|[from] Sandstorm
|-heal|p2a: Concorde I Miss U|88/100|[from] item: Leftovers
|upkeep
|turn|44
|
|t:|1707226444
|move|p1a: alpha|Ice Beam|p2a: Concorde I Miss U
|-supereffective|p2a: Concorde I Miss U
|-damage|p2a: Concorde I Miss U|15/100
|move|p2a: Concorde I Miss U|Psychic|p1a: alpha
|-end|p1a: alpha|Substitute
|
|-weather|Sandstorm|[upkeep]
|-damage|p1a: alpha|32/100|[from] Sandstorm
|-damage|p2a: Concorde I Miss U|9/100|[from] Sandstorm
|-heal|p2a: Concorde I Miss U|15/100|[from] item: Leftovers
|upkeep
|turn|45
|
|t:|1707226457
|move|p1a: alpha|Ice Beam|p2a: Concorde I Miss U
|-supereffective|p2a: Concorde I Miss U
|-damage|p2a: Concorde I Miss U|0 fnt
|faint|p2a: Concorde I Miss U
|
|-weather|Sandstorm|[upkeep]
|-damage|p1a: alpha|26/100|[from] Sandstorm
|upkeep
|
|t:|1707226459
|switch|p2a: Cross The Sea|Keldeo|18/100
|-damage|p2a: Cross The Sea|12/100|[from] Stealth Rock
|turn|46
|
|t:|1707226468
|switch|p1a: squillium|Tentacruel, M, shiny|9/100
|-damage|p1a: squillium|0 fnt|[from] Spikes
|faint|p1a: squillium
|move|p2a: Cross The Sea|Secret Sword|p1: squillium|[notarget]
|-fail|p2a: Cross The Sea
|
|-weather|Sandstorm|[upkeep]
|-damage|p2a: Cross The Sea|5/100|[from] Sandstorm
|-heal|p2a: Cross The Sea|12/100|[from] item: Leftovers
|upkeep
|
|t:|1707226471
|switch|p1a: rex|Landorus-Therian, M|75/100
|-damage|p1a: rex|63/100|[from] Stealth Rock
|-ability|p1a: rex|Intimidate|boost
|-unboost|p2a: Cross The Sea|atk|1
|turn|47
|
|t:|1707226476
|move|p2a: Cross The Sea|Protect|p2a: Cross The Sea
|-singleturn|p2a: Cross The Sea|Protect
|move|p1a: rex|U-turn|p2a: Cross The Sea
|-activate|p2a: Cross The Sea|move: Protect
|
|-weather|Sandstorm|[upkeep]
|-damage|p2a: Cross The Sea|5/100|[from] Sandstorm
|-heal|p2a: Cross The Sea|12/100|[from] item: Leftovers
|upkeep
|turn|48
|
|t:|1707226479
|switch|p2a: Sidi H'bibi|Skarmory, M, shiny|85/100 par
|-damage|p2a: Sidi H'bibi|73/100 par|[from] Stealth Rock
|move|p1a: rex|U-turn|p2a: Sidi H'bibi
|-resisted|p2a: Sidi H'bibi
|-damage|p2a: Sidi H'bibi|70/100 par
|
|t:|1707226483
|switch|p1a: alpha|Kyurem-Black, shiny|26/100|[from] U-turn
|-damage|p1a: alpha|2/100|[from] Spikes
|-damage|p1a: alpha|0 fnt|[from] Stealth Rock
|faint|p1a: alpha
|
|-weather|Sandstorm|[upkeep]
|-heal|p2a: Sidi H'bibi|76/100 par|[from] item: Leftovers
|upkeep
|
|t:|1707226488
|switch|p1a: chubs|Blissey, F, shiny|76/100
|-damage|p1a: chubs|51/100|[from] Spikes
|-damage|p1a: chubs|38/100|[from] Stealth Rock
|turn|49
|
|t:|1707226496
|move|p1a: chubs|Seismic Toss|p2a: Sidi H'bibi
|-damage|p2a: Sidi H'bibi|46/100 par
|cant|p2a: Sidi H'bibi|par
|
|-weather|Sandstorm|[upkeep]
|-damage|p1a: chubs|32/100|[from] Sandstorm
|-heal|p1a: chubs|38/100|[from] item: Leftovers
|-heal|p2a: Sidi H'bibi|52/100 par|[from] item: Leftovers
|upkeep
|turn|50
|
|t:|1707226498
|move|p1a: chubs|Seismic Toss|p2a: Sidi H'bibi
|-damage|p2a: Sidi H'bibi|22/100 par
|cant|p2a: Sidi H'bibi|par
|
|-weather|Sandstorm|[upkeep]
|-damage|p1a: chubs|32/100|[from] Sandstorm
|-heal|p1a: chubs|38/100|[from] item: Leftovers
|-heal|p2a: Sidi H'bibi|28/100 par|[from] item: Leftovers
|upkeep
|turn|51
|
|t:|1707226501
|move|p1a: chubs|Seismic Toss|p2a: Sidi H'bibi
|-damage|p2a: Sidi H'bibi|0 fnt
|faint|p2a: Sidi H'bibi
|
|-weather|Sandstorm|[upkeep]
|-damage|p1a: chubs|32/100|[from] Sandstorm
|-heal|p1a: chubs|38/100|[from] item: Leftovers
|upkeep
|
|t:|1707226503
|switch|p2a: Cross The Sea|Keldeo|12/100
|-damage|p2a: Cross The Sea|5/100|[from] Stealth Rock
|turn|52
|
|t:|1707226505
|move|p2a: Cross The Sea|Secret Sword|p1a: chubs
|-supereffective|p1a: chubs
|-damage|p1a: chubs|0 fnt
|faint|p1a: chubs
|
|-weather|Sandstorm|[upkeep]
|-damage|p2a: Cross The Sea|0 fnt|[from] Sandstorm
|faint|p2a: Cross The Sea
|
|win|killapokeman
|upkeep
|raw|killapokeman's rating: 1413 &rarr; <strong>1436</strong><br />(+23 for winning)
|raw|Clawdia Chauchat's rating: 1469 &rarr; <strong>1446</strong><br />(-23 for losing)
|l|☆Clawdia Chauchat
|player|p2|
|c|☆killapokeman|gg
|l|☆killapokeman
|player|p1|
