|j|☆Spritzalcianuro96
|j|☆H3RRO
|t:|1595544856
|player|p1|Spritzalcianuro96|clair|1486
|player|p2|H3RRO|50|1652
|teamsize|p1|6
|teamsize|p2|6
|gametype|singles
|gen|5
|tier|[Gen 5] OU
|rated|
|clearpoke
|poke|p1|Terrakion|item
|poke|p1|Rotom-Wash|item
|poke|p1|Latias, F|item
|poke|p1|Hydreigon, F|item
|poke|p1|Tornadus, M|item
|poke|p1|Tyranitar, M|item
|poke|p2|Reuniclus, M|item
|poke|p2|Abomasnow, M|item
|poke|p2|Scizor, F|item
|poke|p2|Tentacruel, F|item
|poke|p2|Kyurem-Black|item
|poke|p2|Landorus-Therian, M|item
|rule|Species Clause: Limit one of each Pokémon
|rule|OHKO Clause: OHKO moves are banned
|rule|Moody Clause: Moody is banned
|rule|Evasion Moves Clause: Evasion moves are banned
|rule|Endless Battle Clause: Forcing endless battles is banned
|rule|HP Percentage Mod: HP is shown in percentages
|rule|Evasion Abilities Clause: Evasion abilities are banned
|rule|Baton Pass Clause: Limit one Baton Passer, can't pass Spe and other stats simultaneously
|rule|Sleep Clause: Sleep-inducing moves are banned
|rule|Swagger Clause: Swagger is banned
|teampreview
|inactive|Battle timer is ON: inactive players will automatically lose when time's up. (requested by H3RRO)
|
|t:|1595544877
|start
|switch|p1a: Terrakion|Terrakion|100/100
|switch|p2a: Tentacruel|Tentacruel, F|100/100
|turn|1
|
|t:|1595544884
|move|p1a: Terrakion|Stone Edge|p2a: Tentacruel
|-damage|p2a: Tentacruel|33/100
|move|p2a: Tentacruel|Scald|p1a: Terrakion
|-supereffective|p1a: Terrakion
|-damage|p1a: Terrakion|48/100
|-status|p1a: Terrakion|brn
|
|-heal|p2a: Tentacruel|39/100|[from] item: Black Sludge
|-damage|p1a: Terrakion|36/100 brn|[from] brn
|upkeep
|turn|2
|
|t:|1595544901
|move|p1a: Terrakion|Stealth Rock|p2a: Tentacruel
|-sidestart|p2: H3RRO|move: Stealth Rock
|move|p2a: Tentacruel|Toxic Spikes|p1a: Terrakion
|-sidestart|p1: Spritzalcianuro96|move: Toxic Spikes
|
|-heal|p2a: Tentacruel|45/100|[from] item: Black Sludge
|-damage|p1a: Terrakion|24/100 brn|[from] brn
|upkeep
|turn|3
|
|t:|1595544908
|move|p1a: Terrakion|Stone Edge|p2a: Tentacruel
|-damage|p2a: Tentacruel|16/100
|move|p2a: Tentacruel|Rapid Spin|p1a: Terrakion
|-resisted|p1a: Terrakion
|-damage|p1a: Terrakion|22/100 brn
|-sideend|p2: H3RRO|Stealth Rock|[from] move: Rapid Spin|[of] p2a: Tentacruel
|
|-heal|p2a: Tentacruel|22/100|[from] item: Black Sludge
|-damage|p1a: Terrakion|10/100 brn|[from] brn
|upkeep
|turn|4
|
|t:|1595544915
|move|p1a: Terrakion|Stone Edge|p2a: Tentacruel|[miss]
|-miss|p1a: Terrakion|p2a: Tentacruel
|move|p2a: Tentacruel|Rapid Spin|p1a: Terrakion
|-resisted|p1a: Terrakion
|-damage|p1a: Terrakion|8/100 brn
|
|-heal|p2a: Tentacruel|28/100|[from] item: Black Sludge
|-damage|p1a: Terrakion|0 fnt|[from] brn
|faint|p1a: Terrakion
|upkeep
|
|t:|1595544920
|switch|p1a: Hydreigon|Hydreigon, F|100/100
|turn|5
|
|t:|1595544931
|move|p2a: Tentacruel|Protect|p2a: Tentacruel
|-singleturn|p2a: Tentacruel|Protect
|move|p1a: Hydreigon|Draco Meteor|p2a: Tentacruel
|-activate|p2a: Tentacruel|move: Protect
|
|-heal|p2a: Tentacruel|34/100|[from] item: Black Sludge
|upkeep
|turn|6
|
|t:|1595544937
|switch|p2a: Abomasnow|Abomasnow, M|100/100
|-weather|Hail|[from] ability: Snow Warning|[of] p2a: Abomasnow
|move|p1a: Hydreigon|Substitute|p1a: Hydreigon
|-start|p1a: Hydreigon|Substitute
|-damage|p1a: Hydreigon|76/100
|
|-weather|Hail|[upkeep]
|-damage|p1a: Hydreigon|70/100|[from] Hail
|-heal|p1a: Hydreigon|76/100|[from] item: Leftovers
|upkeep
|turn|7
|
|t:|1595544952
|move|p2a: Abomasnow|Protect|p2a: Abomasnow
|-singleturn|p2a: Abomasnow|Protect
|move|p1a: Hydreigon|Fire Blast|p2a: Abomasnow
|-activate|p2a: Abomasnow|move: Protect
|
|-weather|Hail|[upkeep]
|-damage|p1a: Hydreigon|70/100|[from] Hail
|-heal|p1a: Hydreigon|76/100|[from] item: Leftovers
|upkeep
|turn|8
|
|t:|1595544967
|switch|p2a: Tentacruel|Tentacruel, F|34/100
|move|p1a: Hydreigon|Fire Blast|p2a: Tentacruel
|-resisted|p2a: Tentacruel
|-damage|p2a: Tentacruel|17/100
|
|-weather|Hail|[upkeep]
|-damage|p1a: Hydreigon|70/100|[from] Hail
|-damage|p2a: Tentacruel|11/100|[from] Hail
|-heal|p1a: Hydreigon|76/100|[from] item: Leftovers
|-heal|p2a: Tentacruel|17/100|[from] item: Black Sludge
|upkeep
|turn|9
|
|t:|1595544982
|move|p2a: Tentacruel|Protect|p2a: Tentacruel
|-singleturn|p2a: Tentacruel|Protect
|move|p1a: Hydreigon|Fire Blast|p2a: Tentacruel
|-activate|p2a: Tentacruel|move: Protect
|
|-weather|Hail|[upkeep]
|-damage|p1a: Hydreigon|70/100|[from] Hail
|-damage|p2a: Tentacruel|11/100|[from] Hail
|-heal|p1a: Hydreigon|76/100|[from] item: Leftovers
|-heal|p2a: Tentacruel|17/100|[from] item: Black Sludge
|upkeep
|turn|10
|
|t:|1595545001
|switch|p2a: Landorus|Landorus-Therian, M|100/100
|-ability|p2a: Landorus|Intimidate|boost
|-immune|p1a: Hydreigon
|move|p1a: Hydreigon|Draco Meteor|p2a: Landorus
|-crit|p2a: Landorus
|-damage|p2a: Landorus|0 fnt
|-unboost|p1a: Hydreigon|spa|2
|faint|p2a: Landorus
|
|-weather|Hail|[upkeep]
|-damage|p1a: Hydreigon|70/100|[from] Hail
|-heal|p1a: Hydreigon|76/100|[from] item: Leftovers
|upkeep
|
|t:|1595545011
|switch|p2a: Abomasnow|Abomasnow, M|100/100
|turn|11
|
|t:|1595545020
|switch|p2a: Reuniclus|Reuniclus, M|100/100
|move|p1a: Hydreigon|Focus Blast|p2a: Reuniclus
|-resisted|p2a: Reuniclus
|-damage|p2a: Reuniclus|91/100
|-unboost|p2a: Reuniclus|spd|1
|
|-weather|Hail|[upkeep]
|-damage|p1a: Hydreigon|70/100|[from] Hail
|-heal|p1a: Hydreigon|76/100|[from] item: Leftovers
|-heal|p2a: Reuniclus|97/100|[from] item: Leftovers
|upkeep
|turn|12
|
|t:|1595545031
|switch|p1a: Tyranitar|Tyranitar, M|100/100
|-status|p1a: Tyranitar|psn
|-weather|Sandstorm|[from] ability: Sand Stream|[of] p1a: Tyranitar
|move|p2a: Reuniclus|Calm Mind|p2a: Reuniclus
|-boost|p2a: Reuniclus|spa|1
|-boost|p2a: Reuniclus|spd|1
|
|-weather|Sandstorm|[upkeep]
|-heal|p2a: Reuniclus|100/100|[from] item: Leftovers
|-damage|p1a: Tyranitar|88/100 psn|[from] psn
|upkeep
|turn|13
|
|t:|1595545039
|move|p1a: Tyranitar|Crunch|p2a: Reuniclus
|-supereffective|p2a: Reuniclus
|-damage|p2a: Reuniclus|41/100
|-unboost|p2a: Reuniclus|def|1
|move|p2a: Reuniclus|Focus Blast|p1a: Tyranitar|[miss]
|-miss|p2a: Reuniclus|p1a: Tyranitar
|
|-weather|Sandstorm|[upkeep]
|-heal|p2a: Reuniclus|47/100|[from] item: Leftovers
|-damage|p1a: Tyranitar|76/100 psn|[from] psn
|upkeep
|turn|14
|
|t:|1595545047
|switch|p1a: Hydreigon|Hydreigon, F|76/100
|move|p2a: Reuniclus|Focus Blast|p1a: Hydreigon
|-supereffective|p1a: Hydreigon
|-damage|p1a: Hydreigon|0 fnt
|faint|p1a: Hydreigon
|
|-weather|Sandstorm|[upkeep]
|-heal|p2a: Reuniclus|53/100|[from] item: Leftovers
|upkeep
|
|t:|1595545065
|switch|p1a: Tyranitar|Tyranitar, M|76/100 psn
|turn|15
|
|t:|1595545073
|move|p1a: Tyranitar|Pursuit|p2a: Reuniclus
|-supereffective|p2a: Reuniclus
|-damage|p2a: Reuniclus|12/100
|move|p2a: Reuniclus|Focus Blast|p1a: Tyranitar
|-supereffective|p1a: Tyranitar
|-damage|p1a: Tyranitar|0 fnt
|faint|p1a: Tyranitar
|
|-weather|Sandstorm|[upkeep]
|-heal|p2a: Reuniclus|18/100|[from] item: Leftovers
|upkeep
|
|t:|1595545080
|switch|p1a: Latias|Latias, F|100/100
|turn|16
|
|t:|1595545088
|switch|p2a: Abomasnow|Abomasnow, M|100/100
|-weather|Hail|[from] ability: Snow Warning|[of] p2a: Abomasnow
|move|p1a: Latias|Calm Mind|p1a: Latias
|-boost|p1a: Latias|spa|1
|-boost|p1a: Latias|spd|1
|
|-weather|Hail|[upkeep]
|-damage|p1a: Latias|94/100|[from] Hail
|-heal|p1a: Latias|100/100|[from] item: Leftovers
|upkeep
|turn|17
|
|t:|1595545098
|move|p1a: Latias|Dragon Pulse|p2a: Abomasnow
|-damage|p2a: Abomasnow|60/100
|move|p2a: Abomasnow|Leech Seed|p1a: Latias
|-start|p1a: Latias|move: Leech Seed
|
|-weather|Hail|[upkeep]
|-damage|p1a: Latias|94/100|[from] Hail
|-heal|p1a: Latias|100/100|[from] item: Leftovers
|-heal|p2a: Abomasnow|66/100|[from] item: Leftovers
|-damage|p1a: Latias|88/100|[from] Leech Seed|[of] p2a: Abomasnow
|-heal|p2a: Abomasnow|78/100|[silent]
|upkeep
|turn|18
|
|t:|1595545103
|switch|p1a: Rotom|Rotom-Wash|100/100
|move|p2a: Abomasnow|Ice Shard|p1a: Rotom
|-resisted|p1a: Rotom
|-damage|p1a: Rotom|93/100
|
|-weather|Hail|[upkeep]
|-damage|p1a: Rotom|87/100|[from] Hail
|-heal|p1a: Rotom|93/100|[from] item: Leftovers
|-heal|p2a: Abomasnow|84/100|[from] item: Leftovers
|upkeep
|turn|19
|c|☆H3RRO|Yeah
|c|☆H3RRO|thus is bas
|
|t:|1595545121
|move|p1a: Rotom|Will-O-Wisp|p2a: Abomasnow
|-status|p2a: Abomasnow|brn
|move|p2a: Abomasnow|Leech Seed|p1a: Rotom
|-start|p1a: Rotom|move: Leech Seed
|
|-weather|Hail|[upkeep]
|-damage|p1a: Rotom|87/100|[from] Hail
|-heal|p1a: Rotom|93/100|[from] item: Leftovers
|-heal|p2a: Abomasnow|90/100 brn|[from] item: Leftovers
|-damage|p1a: Rotom|81/100|[from] Leech Seed|[of] p2a: Abomasnow
|-heal|p2a: Abomasnow|99/100 brn|[silent]
|-damage|p2a: Abomasnow|87/100 brn|[from] brn
|upkeep
|turn|20
|inactive|H3RRO has 120 seconds left.
|
|t:|1595545159
|move|p1a: Rotom|Volt Switch|p2a: Abomasnow
|-resisted|p2a: Abomasnow
|-damage|p2a: Abomasnow|75/100 brn
|
|t:|1595545162
|switch|p1a: Tornadus|Tornadus, M|100/100|[from]move: Volt Switch
|move|p2a: Abomasnow|Leech Seed|p1a: Tornadus
|-start|p1a: Tornadus|move: Leech Seed
|
|-weather|Hail|[upkeep]
|-damage|p1a: Tornadus|94/100|[from] Hail
|-heal|p2a: Abomasnow|81/100 brn|[from] item: Leftovers
|-damage|p1a: Tornadus|82/100|[from] Leech Seed|[of] p2a: Abomasnow
|-heal|p2a: Abomasnow|91/100 brn|[silent]
|-damage|p2a: Abomasnow|79/100 brn|[from] brn
|upkeep
|turn|21
|
|t:|1595545177
|move|p2a: Abomasnow|Protect|p2a: Abomasnow
|-singleturn|p2a: Abomasnow|Protect
|move|p1a: Tornadus|Hurricane|p2a: Abomasnow
|-activate|p2a: Abomasnow|move: Protect
|
|-weather|Hail|[upkeep]
|-damage|p1a: Tornadus|76/100|[from] Hail
|-heal|p2a: Abomasnow|85/100 brn|[from] item: Leftovers
|-damage|p1a: Tornadus|64/100|[from] Leech Seed|[of] p2a: Abomasnow
|-heal|p2a: Abomasnow|95/100 brn|[silent]
|-damage|p2a: Abomasnow|82/100 brn|[from] brn
|upkeep
|turn|22
|
|t:|1595545183
|switch|p2a: Tentacruel|Tentacruel, F|17/100
|move|p1a: Tornadus|Hurricane|p2a: Tentacruel
|-damage|p2a: Tentacruel|0 fnt
|faint|p2a: Tentacruel
|
|-weather|Hail|[upkeep]
|-damage|p1a: Tornadus|58/100|[from] Hail
|upkeep
|
|t:|1595545192
|switch|p2a: Scizor|Scizor, F|100/100
|turn|23
|
|t:|1595545202
|move|p2a: Scizor|Bullet Punch|p1a: Tornadus
|-damage|p1a: Tornadus|0 fnt
|faint|p1a: Tornadus
|
|-weather|Hail|[upkeep]
|-damage|p2a: Scizor|94/100|[from] Hail
|upkeep
|c|☆Spritzalcianuro96|why so stupid moves
|inactive|Spritzalcianuro96 has 120 seconds left.
|c|☆H3RRO|Who stupid?
|c|☆H3RRO|boy you got outplayed
|c|☆Spritzalcianuro96|sucking reuniclus, bpunch on a possible switch on rotom wash
|c|☆Spritzalcianuro96|bruh
|-message|Spritzalcianuro96 forfeited.
|
|win|H3RRO
|l|☆Spritzalcianuro96
|c|☆H3RRO|the only thing I suck is ur mom toes
|raw|Spritzalcianuro96's rating: 1487 &rarr; <strong>1475</strong><br />(-12 for losing)
|raw|H3RRO's rating: 1634 &rarr; <strong>1646</strong><br />(+12 for winning)
