|j|☆blackkaiser
|j|☆ChaosXI
|player|p1|blackkaiser|265|1435
|player|p2|ChaosXI|1|1502
|teamsize|p1|6
|teamsize|p2|6
|gametype|singles
|gen|5
|tier|[Gen 5] OU
|rated|
|rule|Species Clause: Limit one of each Pokémon
|rule|OHKO Clause: OHKO moves are banned
|rule|Moody Clause: Moody is banned
|rule|Evasion Moves Clause: Evasion moves are banned
|rule|Endless Battle Clause: Forcing endless battles is banned
|rule|HP Percentage Mod: HP is shown in percentages
|rule|Evasion Abilities Clause: Evasion abilities are banned
|rule|Baton Pass Clause: Limit one Baton Passer, can't pass Spe and other stats simultaneously
|rule|Sleep Clause: Sleep-inducing moves are banned
|rule|Swagger Clause: Swagger is banned
|clearpoke
|poke|p1|Hippowdon, F|item
|poke|p1|Ferrothorn, M|item
|poke|p1|Jellicent, F|item
|poke|p1|Latios, M|item
|poke|p1|Garchomp, M|item
|poke|p1|Scizor, M|item
|poke|p2|Hitmontop, M|item
|poke|p2|Gengar, F|item
|poke|p2|Cloyster, M|item
|poke|p2|Dragonite, F|item
|poke|p2|Blissey, F|item
|poke|p2|Magnezone|item
|teampreview
|
|start
|switch|p1a: Latios|Latios, M, shiny|100/100
|switch|p2a: Cloyster|Cloyster, M|100/100
|turn|1
|inactive|Battle timer is ON: inactive players will automatically lose when time's up. (requested by blackkaiser)
|
|switch|p2a: Blissey|Blissey, F|100/100
|move|p1a: Latios|Trick|p2a: Blissey
|-activate|p1a: Latios|move: Trick|[of] p2a: Blissey
|-item|p2a: Blissey|Choice Specs|[from] move: Trick
|-item|p1a: Latios|Leftovers|[from] move: Trick
|
|upkeep
|turn|2
|
|switch|p1a: Hippowdon|Hippowdon, F|100/100
|-weather|Sandstorm|[from] ability: Sand Stream|[of] p1a: Hippowdon
|move|p2a: Blissey|Stealth Rock|p1a: Hippowdon
|-sidestart|p1: blackkaiser|move: Stealth Rock
|
|-weather|Sandstorm|[upkeep]
|-damage|p2a: Blissey|94/100|[from] Sandstorm
|upkeep
|turn|3
|
|switch|p2a: Hitmontop|Hitmontop, M|100/100
|-ability|p2a: Hitmontop|Intimidate|boost
|-unboost|p1a: Hippowdon|atk|1
|move|p1a: Hippowdon|Stealth Rock|p2a: Hitmontop
|-sidestart|p2: ChaosXI|move: Stealth Rock
|
|-weather|Sandstorm|[upkeep]
|-damage|p2a: Hitmontop|94/100|[from] Sandstorm
|upkeep
|turn|4
|
|switch|p1a: Jellicent|Jellicent, F|100/100
|-damage|p1a: Jellicent|88/100|[from] Stealth Rock
|move|p2a: Hitmontop|Rapid Spin|p1a: Jellicent
|-immune|p1a: Jellicent
|
|-weather|Sandstorm|[upkeep]
|-damage|p2a: Hitmontop|88/100|[from] Sandstorm
|-damage|p1a: Jellicent|82/100|[from] Sandstorm
|-heal|p1a: Jellicent|88/100|[from] item: Leftovers
|upkeep
|turn|5
|
|move|p2a: Hitmontop|Toxic|p1a: Jellicent|[miss]
|-miss|p2a: Hitmontop|p1a: Jellicent
|move|p1a: Jellicent|Will-O-Wisp|p2a: Hitmontop
|-status|p2a: Hitmontop|brn
|
|-weather|Sandstorm|[upkeep]
|-damage|p2a: Hitmontop|82/100 brn|[from] Sandstorm
|-damage|p1a: Jellicent|82/100|[from] Sandstorm
|-heal|p1a: Jellicent|88/100|[from] item: Leftovers
|-damage|p2a: Hitmontop|69/100 brn|[from] brn
|upkeep
|turn|6
|
|switch|p2a: Blissey|Blissey, F|94/100
|-damage|p2a: Blissey|82/100|[from] Stealth Rock
|move|p1a: Jellicent|Shadow Ball|p2a: Blissey
|-immune|p2a: Blissey
|
|-weather|Sandstorm|[upkeep]
|-damage|p1a: Jellicent|82/100|[from] Sandstorm
|-damage|p2a: Blissey|76/100|[from] Sandstorm
|-heal|p1a: Jellicent|88/100|[from] item: Leftovers
|upkeep
|turn|7
|
|switch|p1a: Ferrothorn|Ferrothorn, M|100/100
|-damage|p1a: Ferrothorn|95/100|[from] Stealth Rock
|move|p2a: Blissey|Toxic|p1a: Ferrothorn
|-immune|p1a: Ferrothorn
|
|-weather|Sandstorm|[upkeep]
|-damage|p2a: Blissey|70/100|[from] Sandstorm
|upkeep
|turn|8
|
|switch|p2a: Magnezone|Magnezone|100/100
|-damage|p2a: Magnezone|94/100|[from] Stealth Rock
|move|p1a: Ferrothorn|Spikes|p2a: Magnezone
|-sidestart|p2: ChaosXI|Spikes
|
|-weather|Sandstorm|[upkeep]
|-heal|p2a: Magnezone|100/100|[from] item: Leftovers
|upkeep
|turn|9
|
|move|p2a: Magnezone|Substitute|p2a: Magnezone
|-start|p2a: Magnezone|Substitute
|-damage|p2a: Magnezone|76/100
|move|p1a: Ferrothorn|Spikes|p2a: Magnezone
|-sidestart|p2: ChaosXI|Spikes
|
|-weather|Sandstorm|[upkeep]
|-heal|p2a: Magnezone|82/100|[from] item: Leftovers
|upkeep
|turn|10
|
|move|p2a: Magnezone|Charge Beam|p1a: Ferrothorn|[miss]
|-miss|p2a: Magnezone|p1a: Ferrothorn
|move|p1a: Ferrothorn|Spikes|p2a: Magnezone
|-sidestart|p2: ChaosXI|Spikes
|
|-weather|Sandstorm|[upkeep]
|-heal|p2a: Magnezone|88/100|[from] item: Leftovers
|upkeep
|turn|11
|
|move|p2a: Magnezone|Charge Beam|p1a: Ferrothorn
|-resisted|p1a: Ferrothorn
|-damage|p1a: Ferrothorn|82/100
|-boost|p2a: Magnezone|spa|1
|move|p1a: Ferrothorn|Power Whip|p2a: Magnezone
|-resisted|p2a: Magnezone
|-activate|p2a: Magnezone|Substitute|[damage]
|
|-weather|Sandstorm|[upkeep]
|-heal|p2a: Magnezone|94/100|[from] item: Leftovers
|upkeep
|turn|12
|
|move|p2a: Magnezone|Charge Beam|p1a: Ferrothorn
|-resisted|p1a: Ferrothorn
|-damage|p1a: Ferrothorn|62/100
|move|p1a: Ferrothorn|Power Whip|p2a: Magnezone
|-resisted|p2a: Magnezone
|-end|p2a: Magnezone|Substitute
|
|-weather|Sandstorm|[upkeep]
|-heal|p2a: Magnezone|99/100|[from] item: Leftovers
|upkeep
|turn|13
|
|move|p2a: Magnezone|Substitute|p2a: Magnezone
|-start|p2a: Magnezone|Substitute
|-damage|p2a: Magnezone|75/100
|move|p1a: Ferrothorn|Power Whip|p2a: Magnezone
|-resisted|p2a: Magnezone
|-activate|p2a: Magnezone|Substitute|[damage]
|
|-weather|Sandstorm|[upkeep]
|-heal|p2a: Magnezone|81/100|[from] item: Leftovers
|upkeep
|turn|14
|
|move|p2a: Magnezone|Charge Beam|p1a: Ferrothorn
|-resisted|p1a: Ferrothorn
|-damage|p1a: Ferrothorn|42/100
|-boost|p2a: Magnezone|spa|1
|move|p1a: Ferrothorn|Power Whip|p2a: Magnezone
|-resisted|p2a: Magnezone
|-end|p2a: Magnezone|Substitute
|
|-weather|Sandstorm|[upkeep]
|-heal|p2a: Magnezone|87/100|[from] item: Leftovers
|upkeep
|turn|15
|
|move|p2a: Magnezone|Substitute|p2a: Magnezone
|-start|p2a: Magnezone|Substitute
|-damage|p2a: Magnezone|62/100
|move|p1a: Ferrothorn|Power Whip|p2a: Magnezone
|-resisted|p2a: Magnezone
|-activate|p2a: Magnezone|Substitute|[damage]
|
|-weather|Sandstorm|[upkeep]
|-heal|p2a: Magnezone|68/100|[from] item: Leftovers
|upkeep
|turn|16
|
|move|p2a: Magnezone|Charge Beam|p1a: Ferrothorn
|-resisted|p1a: Ferrothorn
|-damage|p1a: Ferrothorn|19/100
|-boost|p2a: Magnezone|spa|1
|move|p1a: Ferrothorn|Power Whip|p2a: Magnezone
|-resisted|p2a: Magnezone
|-end|p2a: Magnezone|Substitute
|
|-weather|Sandstorm|[upkeep]
|-heal|p2a: Magnezone|74/100|[from] item: Leftovers
|upkeep
|turn|17
|
|move|p2a: Magnezone|Substitute|p2a: Magnezone
|-start|p2a: Magnezone|Substitute
|-damage|p2a: Magnezone|49/100
|move|p1a: Ferrothorn|Power Whip|p2a: Magnezone
|-resisted|p2a: Magnezone
|-activate|p2a: Magnezone|Substitute|[damage]
|
|-weather|Sandstorm|[upkeep]
|-heal|p2a: Magnezone|55/100|[from] item: Leftovers
|upkeep
|turn|18
|
|move|p2a: Magnezone|Charge Beam|p1a: Ferrothorn
|-resisted|p1a: Ferrothorn
|-damage|p1a: Ferrothorn|0 fnt
|-boost|p2a: Magnezone|spa|1
|faint|p1a: Ferrothorn
|
|-weather|Sandstorm|[upkeep]
|-heal|p2a: Magnezone|61/100|[from] item: Leftovers
|upkeep
|
|switch|p1a: Latios|Latios, M, shiny|100/100
|-damage|p1a: Latios|88/100|[from] Stealth Rock
|turn|19
|
|move|p1a: Latios|Surf|p2a: Magnezone
|-end|p2a: Magnezone|Substitute
|move|p2a: Magnezone|Flash Cannon|p1a: Latios
|-damage|p1a: Latios|0 fnt
|faint|p1a: Latios
|
|-weather|Sandstorm|[upkeep]
|-heal|p2a: Magnezone|68/100|[from] item: Leftovers
|upkeep
|
|switch|p1a: Garchomp|Garchomp, M|100/100
|-damage|p1a: Garchomp|94/100|[from] Stealth Rock
|turn|20
|
|switch|p2a: Hitmontop|Hitmontop, M|69/100 brn
|-damage|p2a: Hitmontop|63/100 brn|[from] Stealth Rock
|-damage|p2a: Hitmontop|38/100 brn|[from] Spikes
|-ability|p2a: Hitmontop|Intimidate|boost
|-unboost|p1a: Garchomp|atk|1
|move|p1a: Garchomp|Earthquake|p2a: Hitmontop
|-damage|p2a: Hitmontop|9/100 brn
|-damage|p1a: Garchomp|85/100|[from] item: Life Orb
|
|-weather|Sandstorm|[upkeep]
|-damage|p2a: Hitmontop|3/100 brn|[from] Sandstorm
|-damage|p2a: Hitmontop|0 fnt|[from] brn
|faint|p2a: Hitmontop
|upkeep
|c|☆blackkaiser|why did u even do that lol
|
|switch|p2a: Cloyster|Cloyster, M|100/100
|-damage|p2a: Cloyster|76/100|[from] Spikes
|-damage|p2a: Cloyster|51/100|[from] Stealth Rock
|turn|21
|c|☆blackkaiser|who runs mag with no hp fire
|c|☆ChaosXI|guarantees the kill on tios
|
|switch|p1a: Jellicent|Jellicent, F|88/100
|-damage|p1a: Jellicent|76/100|[from] Stealth Rock
|move|p2a: Cloyster|Icicle Spear|p1a: Jellicent
|-resisted|p1a: Jellicent
|-damage|p1a: Jellicent|70/100
|-resisted|p1a: Jellicent
|-damage|p1a: Jellicent|64/100
|-resisted|p1a: Jellicent
|-damage|p1a: Jellicent|58/100
|-resisted|p1a: Jellicent
|-damage|p1a: Jellicent|52/100
|-resisted|p1a: Jellicent
|-damage|p1a: Jellicent|46/100
|-hitcount|p1a: Jellicent|5
|
|-weather|Sandstorm|[upkeep]
|-damage|p2a: Cloyster|44/100|[from] Sandstorm
|-damage|p1a: Jellicent|40/100|[from] Sandstorm
|-heal|p1a: Jellicent|46/100|[from] item: Leftovers
|upkeep
|turn|22
|c|☆blackkaiser|i would go to it regardless
|c|☆ChaosXI|was happy to take the hazards
|c|☆ChaosXI|well
|c|☆blackkaiser|latios is literally useless
|inactive|ChaosXI has 120 seconds left.
|c|☆ChaosXI|might have been a poor decision
|
|move|p2a: Cloyster|Icicle Spear|p1a: Jellicent
|-resisted|p1a: Jellicent
|-damage|p1a: Jellicent|39/100
|-resisted|p1a: Jellicent
|-damage|p1a: Jellicent|33/100
|-resisted|p1a: Jellicent
|-damage|p1a: Jellicent|27/100
|-resisted|p1a: Jellicent
|-damage|p1a: Jellicent|21/100
|-resisted|p1a: Jellicent
|-damage|p1a: Jellicent|15/100
|-hitcount|p1a: Jellicent|5
|move|p1a: Jellicent|Scald|p2a: Cloyster
|-resisted|p2a: Cloyster
|-damage|p2a: Cloyster|15/100
|-status|p2a: Cloyster|brn
|
|-weather|Sandstorm|[upkeep]
|-damage|p2a: Cloyster|9/100 brn|[from] Sandstorm
|-damage|p1a: Jellicent|9/100|[from] Sandstorm
|-heal|p1a: Jellicent|15/100|[from] item: Leftovers
|-damage|p2a: Cloyster|0 fnt|[from] brn
|faint|p2a: Cloyster
|upkeep
|inactive|ChaosXI has 120 seconds left.
|
|switch|p2a: Magnezone|Magnezone|68/100
|-damage|p2a: Magnezone|43/100|[from] Spikes
|-damage|p2a: Magnezone|37/100|[from] Stealth Rock
|turn|23
|
|move|p2a: Magnezone|Flash Cannon|p1a: Jellicent
|-resisted|p1a: Jellicent
|-damage|p1a: Jellicent|2/100
|move|p1a: Jellicent|Scald|p2a: Magnezone
|-damage|p2a: Magnezone|4/100
|
|-weather|Sandstorm|[upkeep]
|-damage|p1a: Jellicent|0 fnt|[from] Sandstorm
|faint|p1a: Jellicent
|-heal|p2a: Magnezone|10/100|[from] item: Leftovers
|upkeep
|
|switch|p1a: Garchomp|Garchomp, M|85/100
|-damage|p1a: Garchomp|78/100|[from] Stealth Rock
|turn|24
|
|move|p1a: Garchomp|Earthquake|p2a: Magnezone
|-supereffective|p2a: Magnezone
|-damage|p2a: Magnezone|0 fnt
|-damage|p1a: Garchomp|69/100|[from] item: Life Orb
|faint|p2a: Magnezone
|
|-weather|Sandstorm|[upkeep]
|upkeep
|
|switch|p2a: Gengar|Gengar, F|100/100
|-damage|p2a: Gengar|88/100|[from] Stealth Rock
|turn|25
|
|switch|p1a: Hippowdon|Hippowdon, F|100/100
|-damage|p1a: Hippowdon|94/100|[from] Stealth Rock
|move|p2a: Gengar|Shadow Ball|p1a: Hippowdon
|-damage|p1a: Hippowdon|49/100
|
|-weather|Sandstorm|[upkeep]
|-damage|p2a: Gengar|82/100|[from] Sandstorm
|-heal|p1a: Hippowdon|55/100|[from] item: Leftovers
|upkeep
|turn|26
|
|move|p2a: Gengar|Shadow Ball|p1a: Hippowdon
|-damage|p1a: Hippowdon|14/100
|move|p1a: Hippowdon|Roar|p2a: Gengar
|drag|p2a: Blissey|Blissey, F|70/100
|-damage|p2a: Blissey|57/100|[from] Stealth Rock
|-damage|p2a: Blissey|32/100|[from] Spikes
|
|-weather|Sandstorm|[upkeep]
|-damage|p2a: Blissey|26/100|[from] Sandstorm
|-heal|p1a: Hippowdon|20/100|[from] item: Leftovers
|upkeep
|turn|27
|
|move|p2a: Blissey|Seismic Toss|p1a: Hippowdon
|-damage|p1a: Hippowdon|0 fnt
|faint|p1a: Hippowdon
|
|-weather|Sandstorm|[upkeep]
|-damage|p2a: Blissey|20/100|[from] Sandstorm
|upkeep
|
|switch|p1a: Scizor|Scizor, M|100/100
|-damage|p1a: Scizor|88/100|[from] Stealth Rock
|turn|28
|
|move|p1a: Scizor|Bullet Punch|p2a: Blissey
|-damage|p2a: Blissey|0 fnt
|faint|p2a: Blissey
|
|-weather|Sandstorm|[upkeep]
|upkeep
|
|switch|p2a: Dragonite|Dragonite, F|100/100
|-damage|p2a: Dragonite|76/100|[from] Stealth Rock
|turn|29
|
|move|p1a: Scizor|Bullet Punch|p2a: Dragonite
|-damage|p2a: Dragonite|21/100
|move|p2a: Dragonite|Fire Punch|p1a: Scizor
|-supereffective|p1a: Scizor
|-damage|p1a: Scizor|0 fnt
|faint|p1a: Scizor
|
|-weather|Sandstorm|[upkeep]
|-damage|p2a: Dragonite|14/100|[from] Sandstorm
|upkeep
|
|switch|p1a: Garchomp|Garchomp, M|69/100
|-damage|p1a: Garchomp|62/100|[from] Stealth Rock
|turn|30
|
|move|p1a: Garchomp|Stone Edge|p2a: Dragonite
|-supereffective|p2a: Dragonite
|-damage|p2a: Dragonite|0 fnt
|-damage|p1a: Garchomp|53/100|[from] item: Life Orb
|faint|p2a: Dragonite
|
|-weather|Sandstorm|[upkeep]
|upkeep
|
|switch|p2a: Gengar|Gengar, F|82/100
|-damage|p2a: Gengar|70/100|[from] Stealth Rock
|turn|31
|
|move|p2a: Gengar|Shadow Ball|p1a: Garchomp
|-damage|p1a: Garchomp|4/100
|move|p1a: Garchomp|Draco Meteor|p2a: Gengar
|-damage|p2a: Gengar|0 fnt
|-unboost|p1a: Garchomp|spa|2
|-damage|p1a: Garchomp|0 fnt|[from] item: Life Orb
|faint|p2a: Gengar
|faint|p1a: Garchomp
|
|win|blackkaiser
|raw|blackkaiser's rating: 1435 &rarr; <strong>1459</strong><br />(+24 for winning)
|raw|ChaosXI's rating: 1502 &rarr; <strong>1478</strong><br />(-24 for losing)
