|j|☆Fabianosizour
|j|☆Bonginator
|player|p1|Fabianosizour|red|1386
|player|p2|Bonginator|2|1526
|teamsize|p1|6
|teamsize|p2|6
|gametype|singles
|gen|5
|tier|[Gen 5] OU
|rated|
|clearpoke
|poke|p1|Kyurem-Black|item
|poke|p1|Landorus-Therian, M|item
|poke|p1|Starmie|item
|poke|p1|Infernape, M|item
|poke|p1|Ferrothorn, M|item
|poke|p1|Latios, M|item
|poke|p2|Sharpedo, M|item
|poke|p2|Latios, M|item
|poke|p2|Politoed, M|item
|poke|p2|Ferrothorn, F|item
|poke|p2|Tornadus, M|item
|poke|p2|Starmie|item
|rule|Species Clause: Limit one of each Pokémon
|rule|OHKO Clause: OHKO moves are banned
|rule|Moody Clause: Moody is banned
|rule|Evasion Moves Clause: Evasion moves are banned
|rule|Endless Battle Clause: Forcing endless battles is banned
|rule|HP Percentage Mod: HP is shown in percentages
|rule|Evasion Abilities Clause: Evasion abilities are banned
|rule|Baton Pass Clause: Limit one Baton Passer, can't pass Spe and other stats simultaneously
|rule|Sleep Clause: Sleep-inducing moves are banned
|rule|Swagger Clause: Swagger is banned
|teampreview
|j| pakatak
|inactive|Battle timer is ON: inactive players will automatically lose when time's up. (requested by Bonginator)
|inactive|Fabianosizour has 120 seconds left.
|
|start
|switch|p1a: Flat Earth|Landorus-Therian, M|100/100
|switch|p2a: Armored Transport|Ferrothorn, F|100/100
|-ability|p1a: Flat Earth|Intimidate|boost
|-unboost|p2a: Armored Transport|atk|1
|turn|1
|
|move|p1a: Flat Earth|Stealth Rock|p2a: Armored Transport
|-sidestart|p2: Bonginator|move: Stealth Rock
|move|p2a: Armored Transport|Stealth Rock|p1a: Flat Earth
|-sidestart|p1: Fabianosizour|move: Stealth Rock
|
|upkeep
|turn|2
|c| pakatak|elite nickname
|
|switch|p1a: Plasma Rain|Infernape, M, shiny|100/100
|-damage|p1a: Plasma Rain|88/100|[from] Stealth Rock
|move|p2a: Armored Transport|Knock Off|p1a: Plasma Rain
|-resisted|p1a: Plasma Rain
|-damage|p1a: Plasma Rain|86/100
|-enditem|p1a: Plasma Rain|Expert Belt|[from] move: Knock Off|[of] p2a: Armored Transport
|
|upkeep
|turn|3
|c| pakatak|flat earth
|c| pakatak|lol
|
|switch|p2a: Sherman|Politoed, M, shiny|100/100
|-damage|p2a: Sherman|88/100|[from] Stealth Rock
|-weather|RainDance|[from] ability: Drizzle|[of] p2a: Sherman
|move|p1a: Plasma Rain|U-turn|p2a: Sherman
|-damage|p2a: Sherman|75/100
|
|switch|p1a: Antarctic Circle|Kyurem-Black|100/100|[from]move: U-turn
|-damage|p1a: Antarctic Circle|76/100|[from] Stealth Rock
|-ability|p1a: Antarctic Circle|Teravolt
|
|-weather|RainDance|[upkeep]
|-heal|p2a: Sherman|81/100|[from] item: Leftovers
|upkeep
|turn|4
|
|switch|p2a: Armored Transport|Ferrothorn, F|100/100
|-damage|p2a: Armored Transport|94/100|[from] Stealth Rock
|move|p1a: Antarctic Circle|Ice Beam|p2a: Armored Transport
|-damage|p2a: Armored Transport|63/100
|-damage|p1a: Antarctic Circle|66/100|[from] item: Life Orb
|
|-weather|RainDance|[upkeep]
|upkeep
|turn|5
|
|switch|p1a: Tree of Life|Ferrothorn, M|100/100
|-damage|p1a: Tree of Life|95/100|[from] Stealth Rock
|move|p2a: Armored Transport|Spikes|p1a: Tree of Life
|-sidestart|p1: Fabianosizour|Spikes
|
|-weather|RainDance|[upkeep]
|-heal|p1a: Tree of Life|100/100|[from] item: Leftovers
|upkeep
|turn|6
|
|move|p1a: Tree of Life|Spikes|p2a: Armored Transport
|-sidestart|p2: Bonginator|Spikes
|move|p2a: Armored Transport|Knock Off|p1a: Tree of Life
|-resisted|p1a: Tree of Life
|-damage|p1a: Tree of Life|99/100
|-damage|p2a: Armored Transport|51/100|[from] ability: Iron Barbs|[of] p1a: Tree of Life
|-enditem|p1a: Tree of Life|Leftovers|[from] move: Knock Off|[of] p2a: Armored Transport
|
|-weather|RainDance|[upkeep]
|upkeep
|turn|7
|
|move|p1a: Tree of Life|Spikes|p2a: Armored Transport
|-sidestart|p2: Bonginator|Spikes
|move|p2a: Armored Transport|Spikes|p1a: Tree of Life
|-sidestart|p1: Fabianosizour|Spikes
|
|-weather|RainDance|[upkeep]
|upkeep
|turn|8
|
|move|p1a: Tree of Life|Spikes|p2a: Armored Transport
|-sidestart|p2: Bonginator|Spikes
|move|p2a: Armored Transport|Spikes|p1a: Tree of Life
|-sidestart|p1: Fabianosizour|Spikes
|
|-weather|RainDance|[upkeep]
|upkeep
|turn|9
|
|switch|p1a: Water of Flood|Starmie|100/100
|-damage|p1a: Water of Flood|76/100|[from] Spikes
|-damage|p1a: Water of Flood|63/100|[from] Stealth Rock
|move|p2a: Armored Transport|Power Whip|p1a: Water of Flood|[miss]
|-miss|p2a: Armored Transport|p1a: Water of Flood
|
|-weather|RainDance|[upkeep]
|-heal|p1a: Water of Flood|70/100|[from] item: Leftovers
|upkeep
|turn|10
|
|move|p1a: Water of Flood|Rapid Spin|p2a: Armored Transport
|-resisted|p2a: Armored Transport
|-damage|p2a: Armored Transport|50/100
|-damage|p1a: Water of Flood|57/100|[from] ability: Iron Barbs|[of] p2a: Armored Transport
|-sideend|p1: Fabianosizour|Spikes|[from] move: Rapid Spin|[of] p1a: Water of Flood
|-sideend|p1: Fabianosizour|Stealth Rock|[from] move: Rapid Spin|[of] p1a: Water of Flood
|move|p2a: Armored Transport|Power Whip|p1a: Water of Flood|[miss]
|-miss|p2a: Armored Transport|p1a: Water of Flood
|
|-weather|RainDance|[upkeep]
|-heal|p1a: Water of Flood|63/100|[from] item: Leftovers
|upkeep
|turn|11
|c|☆Bonginator|Wow
|
|switch|p1a: Firmament|Latios, M|100/100
|move|p2a: Armored Transport|Stealth Rock|p1a: Firmament
|-sidestart|p1: Fabianosizour|move: Stealth Rock
|
|-weather|RainDance|[upkeep]
|upkeep
|turn|12
|
|move|p1a: Firmament|Hidden Power|p2a: Armored Transport
|-supereffective|p2a: Armored Transport
|-damage|p2a: Armored Transport|17/100
|move|p2a: Armored Transport|Spikes|p1a: Firmament
|-sidestart|p1: Fabianosizour|Spikes
|
|-weather|RainDance|[upkeep]
|upkeep
|turn|13
|
|switch|p2a: F-16|Latios, M|100/100
|-damage|p2a: F-16|88/100|[from] Stealth Rock
|move|p1a: Firmament|Hidden Power|p2a: F-16
|-resisted|p2a: F-16
|-damage|p2a: F-16|82/100
|
|-weather|RainDance|[upkeep]
|upkeep
|turn|14
|
|switch|p1a: Tree of Life|Ferrothorn, M|99/100
|-damage|p1a: Tree of Life|87/100|[from] Spikes
|-damage|p1a: Tree of Life|81/100|[from] Stealth Rock
|move|p2a: F-16|Draco Meteor|p1a: Tree of Life
|-resisted|p1a: Tree of Life
|-damage|p1a: Tree of Life|57/100
|-unboost|p2a: F-16|spa|2
|
|-weather|RainDance|[upkeep]
|upkeep
|turn|15
|
|switch|p2a: Huey|Tornadus, M|100/100
|-damage|p2a: Huey|76/100|[from] Stealth Rock
|switch|p1a: Firmament|Latios, M|100/100
|-damage|p1a: Firmament|88/100|[from] Stealth Rock
|
|-weather|RainDance|[upkeep]
|upkeep
|turn|16
|
|switch|p2a: Armored Transport|Ferrothorn, F|17/100
|-damage|p2a: Armored Transport|0 fnt|[from] Spikes
|faint|p2a: Armored Transport
|move|p1a: Firmament|Draco Meteor|p2: Armored Transport|[notarget]
|-fail|p1a: Firmament
|
|-weather|RainDance|[upkeep]
|upkeep
|
|switch|p2a: Sherman|Politoed, M, shiny|81/100
|-damage|p2a: Sherman|56/100|[from] Spikes
|-damage|p2a: Sherman|44/100|[from] Stealth Rock
|turn|17
|
|move|p1a: Firmament|Draco Meteor|p2a: Sherman|[miss]
|-miss|p1a: Firmament|p2a: Sherman
|move|p2a: Sherman|Ice Beam|p1a: Firmament
|-supereffective|p1a: Firmament
|-damage|p1a: Firmament|45/100
|
|-weather|RainDance|[upkeep]
|-heal|p2a: Sherman|50/100|[from] item: Leftovers
|upkeep
|turn|18
|
|move|p1a: Firmament|Draco Meteor|p2a: Sherman|[miss]
|-miss|p1a: Firmament|p2a: Sherman
|move|p2a: Sherman|Ice Beam|p1a: Firmament
|-supereffective|p1a: Firmament
|-damage|p1a: Firmament|0 fnt
|faint|p1a: Firmament
|
|-weather|RainDance|[upkeep]
|-heal|p2a: Sherman|56/100|[from] item: Leftovers
|upkeep
|c| pakatak|oof
|c|☆Fabianosizour|gg hax
|inactive|Fabianosizour has 120 seconds left.
|c|☆Bonginator|The x is in the corner btw
|inactive|Fabianosizour has 90 seconds left.
|inactive|Fabianosizour has 60 seconds left.
|c|☆Fabianosizour|and hax is always helping the most incompetent players
|c|☆Bonginator|I agree
|c|☆Bonginator|that’s why you dodged 2 power whips
|inactive|Fabianosizour has 30 seconds left.
|c|☆Fabianosizour|I was going to win easy with Draco scarf but Hax said, NAH, I will give the victory to the idiot
|c|☆Fabianosizour|haxMon is Haxmon
|inactive|Fabianosizour has 20 seconds left.
|c|☆Fabianosizour|hahaha
|c|☆Bonginator|I mean
|inactive|Fabianosizour has 15 seconds left.
|c|☆Bonginator|you lose to shark
|c|☆Bonginator|and my scarf lati
|inactive|Fabianosizour has 10 seconds left.
|-message|Fabianosizour forfeited.
|
|win|Bonginator
|inactive|Fabianosizour has 15 seconds left this turn.
|l|☆Fabianosizour
|c|☆Bonginator|but whatever helps you sleep better ;)
|l| pakatak
|raw|Fabianosizour's rating: 1387 &rarr; <strong>1374</strong><br />(-13 for losing)
|raw|Bonginator's rating: 1526 &rarr; <strong>1539</strong><br />(+13 for winning)
