|j|☆esiariesiari
|j|☆Hazess
|t:|1730065642
|gametype|singles
|player|p1|esiariesiari|cynthia-gen4|1319
|player|p2|Hazess|hilbert|1515
|teamsize|p1|6
|teamsize|p2|6
|gen|5
|tier|[Gen 5] OU
|rated|
|rule|Species Clause: Limit one of each Pokémon
|rule|OHKO Clause: OHKO moves are banned
|rule|Moody Clause: Moody is banned
|rule|Evasion Items Clause: Evasion items are banned
|rule|Evasion Moves Clause: Evasion moves are banned
|rule|Endless Battle Clause: Forcing endless battles is banned
|rule|HP Percentage Mod: HP is shown in percentages
|rule|Evasion Abilities Clause: Evasion abilities are banned
|rule|Sleep Moves Clause: Sleep-inducing moves are banned
|rule|Swagger Clause: Swagger is banned
|rule|Baton Pass Stat Clause: No Baton Passer may have a way to boost its stats
|clearpoke
|poke|p1|Magnezone|item
|poke|p1|Jirachi|item
|poke|p1|Latios, M|item
|poke|p1|Kyurem-Black|item
|poke|p1|Dragonite, M|item
|poke|p1|Reuniclus, M|item
|poke|p2|Infernape, M|item
|poke|p2|Latios, M|item
|poke|p2|Garchomp, M|item
|poke|p2|Starmie|item
|poke|p2|Jirachi|item
|poke|p2|Thundurus-Therian, M|item
|teampreview
|inactive|Battle timer is ON: inactive players will automatically lose when time's up. (requested by esiariesiari)
|
|t:|1730065665
|start
|switch|p1a: F35|Latios, M|100/100
|switch|p2a: Garchomp|Garchomp, M|100/100
|turn|1
|
|t:|1730065671
|switch|p1a: Make A Wish|Jirachi|100/100
|switch|p2a: Jirachi|Jirachi|100/100
|
|upkeep
|turn|2
|
|t:|1730065677
|move|p2a: Jirachi|U-turn|p1a: Make A Wish
|-damage|p1a: Make A Wish|85/100
|
|t:|1730065682
|switch|p2a: Thundurus|Thundurus-Therian, M|100/100|[from] U-turn
|move|p1a: Make A Wish|Stealth Rock|p2a: Thundurus
|-sidestart|p2: Hazess|move: Stealth Rock
|
|-heal|p1a: Make A Wish|91/100|[from] item: Leftovers
|upkeep
|turn|3
|
|t:|1730065694
|move|p2a: Thundurus|Thunder|p1a: Make A Wish
|-damage|p1a: Make A Wish|43/100
|-status|p1a: Make A Wish|par
|cant|p1a: Make A Wish|par
|
|-heal|p1a: Make A Wish|50/100 par|[from] item: Leftovers
|upkeep
|turn|4
|
|t:|1730065707
|move|p2a: Thundurus|Thunder|p1a: Make A Wish
|-damage|p1a: Make A Wish|1/100 par
|move|p1a: Make A Wish|Icy Wind|p2a: Thundurus
|-supereffective|p2a: Thundurus
|-damage|p2a: Thundurus|72/100
|-unboost|p2a: Thundurus|spe|1
|
|-heal|p2a: Thundurus|78/100|[from] item: Leftovers
|-heal|p1a: Make A Wish|7/100 par|[from] item: Leftovers
|upkeep
|turn|5
|
|t:|1730065717
|move|p2a: Thundurus|Thunder|p1a: Make A Wish
|-damage|p1a: Make A Wish|0 fnt
|faint|p1a: Make A Wish
|
|-heal|p2a: Thundurus|84/100|[from] item: Leftovers
|upkeep
|
|t:|1730065720
|switch|p1a: F35|Latios, M|100/100
|turn|6
|
|t:|1730065726
|switch|p1a: UFO|Magnezone, shiny|100/100
|-item|p1a: UFO|Air Balloon
|move|p2a: Thundurus|Hidden Power|p1a: UFO
|-resisted|p1a: UFO
|-crit|p1a: UFO
|-damage|p1a: UFO|61/100
|-enditem|p1a: UFO|Air Balloon
|
|-heal|p2a: Thundurus|90/100|[from] item: Leftovers
|upkeep
|turn|7
|
|t:|1730065735
|switch|p1a: F35|Latios, M|100/100
|move|p2a: Thundurus|Agility|p2a: Thundurus
|-boost|p2a: Thundurus|spe|2
|
|-heal|p2a: Thundurus|97/100|[from] item: Leftovers
|upkeep
|turn|8
|
|t:|1730065744
|switch|p2a: Jirachi|Jirachi|100/100
|-damage|p2a: Jirachi|94/100|[from] Stealth Rock
|move|p1a: F35|Draco Meteor|p2a: Jirachi
|-resisted|p2a: Jirachi
|-damage|p2a: Jirachi|60/100
|-unboost|p1a: F35|spa|2
|
|upkeep
|turn|9
|
|t:|1730065756
|switch|p1a: Goofus|Dragonite, M|100/100
|move|p2a: Jirachi|U-turn|p1a: Goofus
|-resisted|p1a: Goofus
|-damage|p1a: Goofus|96/100
|
|t:|1730065767
|switch|p2a: Thundurus|Thundurus-Therian, M|97/100|[from] U-turn
|-damage|p2a: Thundurus|72/100|[from] Stealth Rock
|
|-heal|p2a: Thundurus|78/100|[from] item: Leftovers
|upkeep
|turn|10
|inactive|esiariesiari has 120 seconds left.
|
|t:|1730065798
|move|p2a: Thundurus|Hidden Power|p1a: Goofus
|-supereffective|p1a: Goofus
|-damage|p1a: Goofus|0 fnt
|faint|p1a: Goofus
|
|-heal|p2a: Thundurus|84/100|[from] item: Leftovers
|upkeep
|inactive|esiariesiari has 120 seconds left.
|
|t:|1730065805
|switch|p1a: F35|Latios, M|100/100
|turn|11
|
|t:|1730065808
|move|p1a: F35|Draco Meteor|p2a: Thundurus
|-damage|p2a: Thundurus|4/100
|-unboost|p1a: F35|spa|2
|move|p2a: Thundurus|Hidden Power|p1a: F35
|-supereffective|p1a: F35
|-damage|p1a: F35|40/100
|
|-heal|p2a: Thundurus|10/100|[from] item: Leftovers
|upkeep
|turn|12
|
|t:|1730065814
|switch|p2a: Jirachi|Jirachi|60/100
|-damage|p2a: Jirachi|54/100|[from] Stealth Rock
|move|p1a: F35|Draco Meteor|p2a: Jirachi
|-resisted|p2a: Jirachi
|-damage|p2a: Jirachi|37/100
|-unboost|p1a: F35|spa|2
|
|upkeep
|turn|13
|
|t:|1730065821
|switch|p1a: UFO|Magnezone, shiny|61/100
|move|p2a: Jirachi|U-turn|p1a: UFO
|-resisted|p1a: UFO
|-crit|p1a: UFO
|-damage|p1a: UFO|39/100
|
|t:|1730065828
|switch|p2a: Starmie|Starmie|100/100|[from] U-turn
|-damage|p2a: Starmie|88/100|[from] Stealth Rock
|-item|p2a: Starmie|Air Balloon
|
|upkeep
|turn|14
|
|t:|1730065838
|move|p2a: Starmie|Rapid Spin|p1a: UFO
|-resisted|p1a: UFO
|-damage|p1a: UFO|38/100
|-sideend|p2: Hazess|Stealth Rock|[from] move: Rapid Spin|[of] p2a: Starmie
|move|p1a: UFO|Sunny Day|p1a: UFO
|-weather|SunnyDay
|
|-weather|SunnyDay|[upkeep]
|upkeep
|turn|15
|
|t:|1730065851
|switch|p2a: Garchomp|Garchomp, M|100/100
|move|p1a: UFO|Thunderbolt|p2a: Garchomp
|-immune|p2a: Garchomp
|
|-weather|SunnyDay|[upkeep]
|upkeep
|turn|16
|
|t:|1730065859
|move|p2a: Garchomp|Stealth Rock|p1a: UFO
|-sidestart|p1: esiariesiari|move: Stealth Rock
|move|p1a: UFO|Hidden Power|p2a: Garchomp
|-resisted|p2a: Garchomp
|-damage|p2a: Garchomp|78/100
|
|-weather|SunnyDay|[upkeep]
|upkeep
|turn|17
|
|t:|1730065869
|switch|p1a: F35|Latios, M|40/100
|-damage|p1a: F35|28/100|[from] Stealth Rock
|move|p2a: Garchomp|Earthquake|p1a: F35
|-immune|p1a: F35|[from] ability: Levitate
|
|-weather|SunnyDay|[upkeep]
|upkeep
|turn|18
|
|t:|1730065875
|switch|p2a: Thundurus|Thundurus-Therian, M|10/100
|move|p1a: F35|Dragon Pulse|p2a: Thundurus
|-damage|p2a: Thundurus|0 fnt
|faint|p2a: Thundurus
|
|-weather|none
|upkeep
|
|t:|1730065879
|switch|p2a: Cranberry|Infernape, M, shiny|100/100
|turn|19
|
|t:|1730065887
|switch|p1a: UFO|Magnezone, shiny|38/100
|-damage|p1a: UFO|31/100|[from] Stealth Rock
|move|p2a: Cranberry|Fake Out|p1a: UFO
|-resisted|p1a: UFO
|-crit|p1a: UFO
|-damage|p1a: UFO|14/100
|-damage|p2a: Cranberry|91/100|[from] item: Life Orb
|
|upkeep
|turn|20
|
|t:|1730065894
|move|p2a: Cranberry|Mach Punch|p1a: UFO
|-supereffective|p1a: UFO
|-damage|p1a: UFO|0 fnt
|faint|p1a: UFO
|-damage|p2a: Cranberry|81/100|[from] item: Life Orb
|
|upkeep
|
|t:|1730065896
|switch|p1a: Dr Weird|Reuniclus, M, shiny|100/100
|turn|21
|
|t:|1730065900
|switch|p2a: Garchomp|Garchomp, M|78/100
|move|p1a: Dr Weird|Trick Room|p1a: Dr Weird
|-fieldstart|move: Trick Room|[of] p1a: Dr Weird
|
|upkeep
|turn|22
|
|t:|1730065904
|move|p1a: Dr Weird|Psychic|p2a: Garchomp
|-crit|p2a: Garchomp
|-damage|p2a: Garchomp|0 fnt
|faint|p2a: Garchomp
|
|upkeep
|
|t:|1730065910
|switch|p2a: Latios|Latios, M|100/100
|turn|23
|
|t:|1730065913
|move|p1a: Dr Weird|Shadow Ball|p2a: Latios
|-supereffective|p2a: Latios
|-damage|p2a: Latios|22/100
|move|p2a: Latios|Trick|p1a: Dr Weird
|-activate|p2a: Latios|move: Trick|[of] p1a: Dr Weird
|-item|p1a: Dr Weird|Choice Scarf|[from] move: Trick
|-item|p2a: Latios|Life Orb|[from] move: Trick
|
|upkeep
|turn|24
|
|t:|1730065920
|switch|p2a: Jirachi|Jirachi|37/100
|move|p1a: Dr Weird|Shadow Ball|p2a: Jirachi
|-damage|p2a: Jirachi|11/100
|
|upkeep
|turn|25
|
|t:|1730065924
|move|p1a: Dr Weird|Shadow Ball|p2a: Jirachi
|-damage|p2a: Jirachi|0 fnt
|faint|p2a: Jirachi
|
|-fieldend|move: Trick Room
|upkeep
|
|t:|1730065933
|switch|p2a: Starmie|Starmie|88/100
|-item|p2a: Starmie|Air Balloon
|turn|26
|
|t:|1730065935
|move|p2a: Starmie|Hydro Pump|p1a: Dr Weird
|-damage|p1a: Dr Weird|54/100
|move|p1a: Dr Weird|Shadow Ball|p2a: Starmie
|-supereffective|p2a: Starmie
|-damage|p2a: Starmie|1/100
|-unboost|p2a: Starmie|spd|1
|-enditem|p2a: Starmie|Air Balloon
|
|upkeep
|turn|27
|
|t:|1730065939
|move|p2a: Starmie|Hydro Pump|p1a: Dr Weird
|-damage|p1a: Dr Weird|0 fnt
|faint|p1a: Dr Weird
|
|upkeep
|
|t:|1730065948
|switch|p1a: F35|Latios, M|28/100
|-damage|p1a: F35|15/100|[from] Stealth Rock
|turn|28
|
|t:|1730065953
|move|p1a: F35|Dragon Pulse|p2a: Starmie
|-damage|p2a: Starmie|0 fnt
|faint|p2a: Starmie
|
|upkeep
|
|t:|1730065956
|switch|p2a: Cranberry|Infernape, M, shiny|81/100
|turn|29
|
|t:|1730065958
|switch|p1a: Iceman|Kyurem-Black|100/100
|-damage|p1a: Iceman|76/100|[from] Stealth Rock
|-ability|p1a: Iceman|Teravolt
|move|p2a: Cranberry|Fake Out|p1a: Iceman
|-damage|p1a: Iceman|62/100
|-damage|p2a: Cranberry|71/100|[from] item: Life Orb
|
|upkeep
|turn|30
|
|t:|1730065966
|switch|p2a: Latios|Latios, M|22/100
|move|p1a: Iceman|Outrage|p2a: Latios
|-supereffective|p2a: Latios
|-damage|p2a: Latios|0 fnt
|faint|p2a: Latios
|
|upkeep
|
|t:|1730065969
|switch|p2a: Cranberry|Infernape, M, shiny|71/100
|turn|31
|
|t:|1730065970
|move|p2a: Cranberry|Fake Out|p1a: Iceman
|-damage|p1a: Iceman|48/100
|-damage|p2a: Cranberry|61/100|[from] item: Life Orb
|cant|p1a: Iceman|flinch
|
|upkeep
|turn|32
|
|t:|1730065974
|move|p2a: Cranberry|Mach Punch|p1a: Iceman
|-supereffective|p1a: Iceman
|-damage|p1a: Iceman|10/100
|-damage|p2a: Cranberry|51/100|[from] item: Life Orb
|move|p1a: Iceman|Outrage|p2a: Cranberry
|-damage|p2a: Cranberry|0 fnt
|faint|p2a: Cranberry
|
|win|esiariesiari
|raw|esiariesiari's rating: 1319 &rarr; <strong>1349</strong><br />(+30 for winning)
|raw|Hazess's rating: 1515 &rarr; <strong>1485</strong><br />(-30 for losing)
|c|☆esiariesiari|gg
