|j|☆EMIL_OLBERG
|j|☆Initial Offense
|player|p1|EMIL_OLBERG|29
|player|p2|Initial Offense|101
|teamsize|p1|6
|teamsize|p2|6
|gametype|singles
|gen|5
|tier|[Gen 5] OU
|rated|
|rule|Sleep Clause Mod: Limit one foe put to sleep
|rule|Species Clause: Limit one of each Pokémon
|rule|OHKO Clause: OHKO moves are banned
|rule|Moody Clause: Moody is banned
|rule|Evasion Moves Clause: Evasion moves are banned
|rule|Endless Battle Clause: Forcing endless battles is banned
|rule|HP Percentage Mod: HP is shown in percentages
|rule|Evasion Abilities Clause: Evasion abilities are banned
|rule|Baton Pass Clause: Limit one Baton Passer, can't pass Spe and other stats simultaneously
|rule|Swagger Clause: Swagger is banned
|clearpoke
|poke|p1|Tyranitar, F|item
|poke|p1|Skarmory, F|item
|poke|p1|Gastrodon, M|item
|poke|p1|Reuniclus, M|item
|poke|p1|Heatran, M|item
|poke|p1|Latias, F|item
|poke|p2|Ninetales, M|item
|poke|p2|Salamence, F|item
|poke|p2|Terrakion|item
|poke|p2|Charizard, M|item
|poke|p2|Ferrothorn, M|item
|poke|p2|Excadrill, M|item
|teampreview
|inactive|Battle timer is ON: inactive players will automatically lose when time's up. (requested by EMIL_OLBERG)
|
|start
|switch|p1a: Latias|Latias, F|100/100
|switch|p2a: Terrakion|Terrakion|100/100
|turn|1
|
|switch|p2a: Ferrothorn|Ferrothorn, M|100/100
|move|p1a: Latias|Thunder Wave|p2a: Ferrothorn
|-status|p2a: Ferrothorn|par
|
|upkeep
|turn|2
|
|switch|p1a: Skarmory|Skarmory, F|100/100
|move|p2a: Ferrothorn|Stealth Rock|p1a: Skarmory
|-sidestart|p1: EMIL_OLBERG|move: Stealth Rock
|
|upkeep
|turn|3
|
|switch|p2a: Charizard|Charizard, M|100/100
|move|p1a: Skarmory|Spikes|p2a: Charizard
|-sidestart|p2: Initial Offense|Spikes
|
|upkeep
|turn|4
|
|switch|p1a: Latias|Latias, F|100/100
|-damage|p1a: Latias|88/100|[from] Stealth Rock
|move|p2a: Charizard|Focus Blast|p1a: Latias|[miss]
|-miss|p2a: Charizard|p1a: Latias
|
|-heal|p1a: Latias|94/100|[from] item: Leftovers
|upkeep
|turn|5
|
|switch|p2a: Ferrothorn|Ferrothorn, M|100/100 par
|-damage|p2a: Ferrothorn|88/100 par|[from] Spikes
|move|p1a: Latias|Thunder Wave|p2a: Ferrothorn
|-fail|p2a: Ferrothorn|par
|
|-heal|p1a: Latias|100/100|[from] item: Leftovers
|-heal|p2a: Ferrothorn|94/100 par|[from] item: Leftovers
|upkeep
|turn|6
|
|switch|p1a: Skarmory|Skarmory, F|100/100
|-damage|p1a: Skarmory|88/100|[from] Stealth Rock
|move|p2a: Ferrothorn|Spikes|p1a: Skarmory
|-sidestart|p1: EMIL_OLBERG|Spikes
|
|-heal|p2a: Ferrothorn|100/100 par|[from] item: Leftovers
|upkeep
|turn|7
|
|switch|p2a: Excadrill|Excadrill, M|100/100
|-damage|p2a: Excadrill|88/100|[from] Spikes
|-ability|p2a: Excadrill|Mold Breaker
|move|p1a: Skarmory|Spikes|p2a: Excadrill
|-sidestart|p2: Initial Offense|Spikes
|
|-heal|p2a: Excadrill|94/100|[from] item: Leftovers
|upkeep
|turn|8
|
|move|p2a: Excadrill|Rapid Spin|p1a: Skarmory
|-resisted|p1a: Skarmory
|-damage|p1a: Skarmory|86/100
|-damage|p2a: Excadrill|78/100|[from] item: Rocky Helmet|[of] p1a: Skarmory
|-sideend|p2: Initial Offense|Spikes|[from] move: Rapid Spin|[of] p2a: Excadrill
|move|p1a: Skarmory|Spikes|p2a: Excadrill
|-sidestart|p2: Initial Offense|Spikes
|
|-heal|p2a: Excadrill|84/100|[from] item: Leftovers
|upkeep
|turn|9
|
|switch|p2a: Salamence|Salamence, F|100/100
|-ability|p2a: Salamence|Intimidate|boost
|-unboost|p1a: Skarmory|atk|1
|move|p1a: Skarmory|Spikes|p2a: Salamence
|-sidestart|p2: Initial Offense|Spikes
|
|upkeep
|turn|10
|
|move|p2a: Salamence|Fire Blast|p1a: Skarmory
|-supereffective|p1a: Skarmory
|-damage|p1a: Skarmory|0 fnt
|-damage|p2a: Salamence|91/100|[from] item: Life Orb
|faint|p1a: Skarmory
|
|upkeep
|
|switch|p1a: Tyranitar|Tyranitar, F|100/100
|-damage|p1a: Tyranitar|88/100|[from] Stealth Rock
|-damage|p1a: Tyranitar|76/100|[from] Spikes
|-weather|Sandstorm|[from] ability: Sand Stream|[of] p1a: Tyranitar
|turn|11
|
|move|p2a: Salamence|Earthquake|p1a: Tyranitar
|-supereffective|p1a: Tyranitar
|-damage|p1a: Tyranitar|12/100
|-damage|p2a: Salamence|81/100|[from] item: Life Orb
|move|p1a: Tyranitar|Stealth Rock|p2a: Salamence
|-sidestart|p2: Initial Offense|move: Stealth Rock
|
|-weather|Sandstorm|[upkeep]
|-damage|p2a: Salamence|75/100|[from] Sandstorm
|upkeep
|turn|12
|
|switch|p1a: Latias|Latias, F|100/100
|-damage|p1a: Latias|88/100|[from] Stealth Rock
|move|p2a: Salamence|Draco Meteor|p1a: Latias
|-supereffective|p1a: Latias
|-damage|p1a: Latias|0 fnt
|-unboost|p2a: Salamence|spa|2
|-damage|p2a: Salamence|65/100|[from] item: Life Orb
|faint|p1a: Latias
|
|-weather|Sandstorm|[upkeep]
|-damage|p2a: Salamence|59/100|[from] Sandstorm
|upkeep
|
|switch|p1a: Reuniclus|Reuniclus, M|100/100
|turn|13
|
|switch|p2a: Ninetales|Ninetales, M|100/100
|-damage|p2a: Ninetales|76/100|[from] Stealth Rock
|-damage|p2a: Ninetales|59/100|[from] Spikes
|-weather|SunnyDay|[from] ability: Drought|[of] p2a: Ninetales
|move|p1a: Reuniclus|Calm Mind|p1a: Reuniclus
|-boost|p1a: Reuniclus|spa|1
|-boost|p1a: Reuniclus|spd|1
|
|-weather|SunnyDay|[upkeep]
|upkeep
|turn|14
|
|move|p1a: Reuniclus|Calm Mind|p1a: Reuniclus
|-boost|p1a: Reuniclus|spa|1
|-boost|p1a: Reuniclus|spd|1
|move|p2a: Ninetales|Roar|p1a: Reuniclus
|drag|p1a: Tyranitar|Tyranitar, F|12/100
|-damage|p1a: Tyranitar|0 fnt|[from] Spikes
|faint|p1a: Tyranitar
|
|-weather|SunnyDay|[upkeep]
|upkeep
|
|switch|p1a: Heatran|Heatran, M|100/100
|-damage|p1a: Heatran|88/100|[from] Spikes
|-damage|p1a: Heatran|76/100|[from] Stealth Rock
|turn|15
|
|move|p1a: Heatran|Earth Power|p2a: Ninetales
|-supereffective|p2a: Ninetales
|-damage|p2a: Ninetales|0 fnt
|faint|p2a: Ninetales
|
|-weather|SunnyDay|[upkeep]
|upkeep
|
|switch|p2a: Salamence|Salamence, F|59/100
|-damage|p2a: Salamence|34/100|[from] Stealth Rock
|-ability|p2a: Salamence|Intimidate|boost
|-unboost|p1a: Heatran|atk|1
|turn|16
|
|switch|p1a: Gastrodon|Gastrodon, M|100/100
|-damage|p1a: Gastrodon|94/100|[from] Stealth Rock
|-damage|p1a: Gastrodon|82/100|[from] Spikes
|move|p2a: Salamence|Roost|p2a: Salamence
|-heal|p2a: Salamence|84/100
|-singleturn|p2a: Salamence|move: Roost
|
|-weather|SunnyDay|[upkeep]
|-heal|p1a: Gastrodon|88/100|[from] item: Leftovers
|upkeep
|turn|17
|
|switch|p2a: Ferrothorn|Ferrothorn, M|100/100 par
|-damage|p2a: Ferrothorn|94/100 par|[from] Stealth Rock
|-damage|p2a: Ferrothorn|78/100 par|[from] Spikes
|move|p1a: Gastrodon|Toxic||[still]
|-fail|p1a: Gastrodon
|
|-weather|SunnyDay|[upkeep]
|-heal|p1a: Gastrodon|94/100|[from] item: Leftovers
|-heal|p2a: Ferrothorn|84/100 par|[from] item: Leftovers
|upkeep
|turn|18
|
|switch|p1a: Reuniclus|Reuniclus, M|100/100
|switch|p2a: Terrakion|Terrakion|100/100
|-damage|p2a: Terrakion|84/100|[from] Spikes
|-damage|p2a: Terrakion|78/100|[from] Stealth Rock
|
|-weather|SunnyDay|[upkeep]
|upkeep
|turn|19
|
|move|p2a: Terrakion|Stone Edge|p1a: Reuniclus
|-damage|p1a: Reuniclus|50/100
|-damage|p2a: Terrakion|68/100|[from] item: Life Orb
|move|p1a: Reuniclus|Psyshock|p2a: Terrakion
|-supereffective|p2a: Terrakion
|-damage|p2a: Terrakion|0 fnt
|faint|p2a: Terrakion
|
|-weather|SunnyDay|[upkeep]
|-heal|p1a: Reuniclus|57/100|[from] item: Leftovers
|upkeep
|
|switch|p2a: Charizard|Charizard, M|100/100
|-damage|p2a: Charizard|51/100|[from] Stealth Rock
|turn|20
|
|switch|p1a: Heatran|Heatran, M|76/100
|-damage|p1a: Heatran|64/100|[from] Stealth Rock
|-damage|p1a: Heatran|51/100|[from] Spikes
|move|p2a: Charizard|Fire Blast|p1a: Heatran
|-start|p1a: Heatran|ability: Flash Fire
|
|-weather|SunnyDay|[upkeep]
|-damage|p2a: Charizard|38/100|[from] ability: Solar Power|[of] p2a: Charizard
|upkeep
|turn|21
|
|move|p1a: Heatran|Fire Blast|p2a: Charizard
|-resisted|p2a: Charizard
|-damage|p2a: Charizard|0 fnt
|faint|p2a: Charizard
|
|-weather|SunnyDay|[upkeep]
|upkeep
|
|switch|p2a: Salamence|Salamence, F|84/100
|-damage|p2a: Salamence|59/100|[from] Stealth Rock
|-ability|p2a: Salamence|Intimidate|boost
|-unboost|p1a: Heatran|atk|1
|turn|22
|
|move|p1a: Heatran|Fire Blast|p2a: Salamence
|-resisted|p2a: Salamence
|-damage|p2a: Salamence|0 fnt
|faint|p2a: Salamence
|
|-weather|SunnyDay|[upkeep]
|upkeep
|
|switch|p2a: Excadrill|Excadrill, M|84/100
|-damage|p2a: Excadrill|81/100|[from] Stealth Rock
|-damage|p2a: Excadrill|64/100|[from] Spikes
|-ability|p2a: Excadrill|Mold Breaker
|turn|23
|
|move|p1a: Heatran|Fire Blast|p2a: Excadrill
|-supereffective|p2a: Excadrill
|-damage|p2a: Excadrill|0 fnt
|faint|p2a: Excadrill
|
|-weather|SunnyDay|[upkeep]
|upkeep
|-message|Initial Offense forfeited.
|
|win|EMIL_OLBERG
|l|☆Initial Offense
|raw|EMIL_OLBERG's rating: 1326 &rarr; <strong>1345</strong><br />(+19 for winning)
|raw|Initial Offense's rating: 1311 &rarr; <strong>1291</strong><br />(-20 for losing)
