|j|☆blossummm
|j|☆Bwr the za
|t:|1719542413
|gametype|singles
|player|p1|blossummm|bianca|1361
|player|p2|Bwr the za|266|1339
|teamsize|p1|6
|teamsize|p2|6
|gen|5
|tier|[Gen 5] OU
|rated|
|rule|Species Clause: Limit one of each Pokémon
|rule|OHKO Clause: OHKO moves are banned
|rule|Moody Clause: Moody is banned
|rule|Evasion Items Clause: Evasion items are banned
|rule|Evasion Moves Clause: Evasion moves are banned
|rule|Endless Battle Clause: Forcing endless battles is banned
|rule|HP Percentage Mod: HP is shown in percentages
|rule|Evasion Abilities Clause: Evasion abilities are banned
|rule|Sleep Moves Clause: Sleep-inducing moves are banned
|rule|Swagger Clause: Swagger is banned
|rule|Baton Pass Stat Clause: No Baton Passer may have a way to boost its stats
|clearpoke
|poke|p1|Tyranitar, F|item
|poke|p1|Alakazam, F|item
|poke|p1|Latios, M|item
|poke|p1|Ferrothorn, F|item
|poke|p1|Keldeo|item
|poke|p1|Landorus-Therian, M|item
|poke|p2|Politoed, M|item
|poke|p2|Mamoswine, M|item
|poke|p2|Magnezone|item
|poke|p2|Gyarados, F|item
|poke|p2|Starmie|item
|poke|p2|Ferrothorn, M|item
|teampreview
|inactive|Battle timer is ON: inactive players will automatically lose when time's up. (requested by blossummm)
|
|t:|1719542441
|start
|switch|p1a: Keldeo|Keldeo|100/100
|switch|p2a: Ferrothorn|Ferrothorn, M|100/100
|turn|1
|
|t:|1719542451
|switch|p1a: Landorus|Landorus-Therian, M|100/100
|-ability|p1a: Landorus|Intimidate|boost
|-unboost|p2a: Ferrothorn|atk|1
|switch|p2a: Gyarados|Gyarados, F|100/100
|-ability|p2a: Gyarados|Intimidate|boost
|-unboost|p1a: Landorus|atk|1
|
|upkeep
|turn|2
|
|t:|1719542460
|move|p1a: Landorus|U-turn|p2a: Gyarados
|-resisted|p2a: Gyarados
|-damage|p2a: Gyarados|92/100
|
|t:|1719542466
|switch|p1a: Ferrothorn|Ferrothorn, F|100/100|[from] U-turn
|move|p2a: Gyarados|Dragon Dance|p2a: Gyarados
|-boost|p2a: Gyarados|atk|1
|-boost|p2a: Gyarados|spe|1
|
|-heal|p2a: Gyarados|99/100|[from] item: Leftovers
|upkeep
|turn|3
|
|t:|1719542474
|switch|p2a: Magnezone|Magnezone|100/100
|switch|p1a: Landorus|Landorus-Therian, M|100/100
|-ability|p1a: Landorus|Intimidate|boost
|-unboost|p2a: Magnezone|atk|1
|
|upkeep
|turn|4
|
|t:|1719542480
|switch|p2a: Gyarados|Gyarados, F|99/100
|-ability|p2a: Gyarados|Intimidate|boost
|-unboost|p1a: Landorus|atk|1
|move|p1a: Landorus|Stealth Rock|p2a: Gyarados
|-sidestart|p2: Bwr the za|move: Stealth Rock
|
|-heal|p2a: Gyarados|100/100|[from] item: Leftovers
|upkeep
|turn|5
|
|t:|1719542487
|switch|p2a: Magnezone|Magnezone|100/100
|-damage|p2a: Magnezone|94/100|[from] Stealth Rock
|move|p1a: Landorus|U-turn|p2a: Magnezone
|-resisted|p2a: Magnezone
|-damage|p2a: Magnezone|87/100
|
|t:|1719542491
|switch|p1a: Keldeo|Keldeo|100/100|[from] U-turn
|
|-heal|p2a: Magnezone|93/100|[from] item: Leftovers
|upkeep
|turn|6
|
|t:|1719542494
|switch|p2a: Politoed|Politoed, M|100/100
|-damage|p2a: Politoed|88/100|[from] Stealth Rock
|-weather|RainDance|[from] ability: Drizzle|[of] p2a: Politoed
|move|p1a: Keldeo|Secret Sword|p2a: Politoed
|-damage|p2a: Politoed|47/100
|
|-weather|RainDance|[upkeep]
|upkeep
|turn|7
|
|t:|1719542499
|move|p1a: Keldeo|Hidden Power|p2a: Politoed
|-supereffective|p2a: Politoed
|-damage|p2a: Politoed|7/100
|move|p2a: Politoed|Toxic|p1a: Keldeo
|-status|p1a: Keldeo|tox
|
|-weather|RainDance|[upkeep]
|-damage|p1a: Keldeo|94/100 tox|[from] psn
|upkeep
|turn|8
|
|t:|1719542509
|move|p1a: Keldeo|Hidden Power|p2a: Politoed
|-supereffective|p2a: Politoed
|-damage|p2a: Politoed|0 fnt
|faint|p2a: Politoed
|
|-weather|RainDance|[upkeep]
|-heal|p1a: Keldeo|100/100 tox|[from] item: Leftovers
|-damage|p1a: Keldeo|88/100 tox|[from] psn
|upkeep
|
|t:|1719542511
|switch|p2a: Starmie|Starmie|100/100
|-damage|p2a: Starmie|88/100|[from] Stealth Rock
|-item|p2a: Starmie|Air Balloon
|turn|9
|
|t:|1719542518
|switch|p1a: Tyranitar|Tyranitar, F, shiny|100/100
|-weather|Sandstorm|[from] ability: Sand Stream|[of] p1a: Tyranitar
|move|p2a: Starmie|Thunder|p1a: Tyranitar
|-damage|p1a: Tyranitar|78/100
|-status|p1a: Tyranitar|par
|
|-weather|Sandstorm|[upkeep]
|-damage|p2a: Starmie|82/100|[from] Sandstorm
|upkeep
|turn|10
|
|t:|1719542529
|move|p2a: Starmie|Hydro Pump|p1a: Tyranitar
|-supereffective|p1a: Tyranitar
|-damage|p1a: Tyranitar|29/100 par
|move|p1a: Tyranitar|Crunch|p2a: Starmie
|-supereffective|p2a: Starmie
|-damage|p2a: Starmie|0 fnt
|-enditem|p2a: Starmie|Air Balloon
|faint|p2a: Starmie
|
|-weather|Sandstorm|[upkeep]
|upkeep
|
|t:|1719542554
|switch|p2a: Magnezone|Magnezone|93/100
|-damage|p2a: Magnezone|87/100|[from] Stealth Rock
|turn|11
|
|t:|1719542556
|move|p2a: Magnezone|Substitute|p2a: Magnezone
|-start|p2a: Magnezone|Substitute
|-damage|p2a: Magnezone|62/100
|move|p1a: Tyranitar|Superpower|p2a: Magnezone
|-supereffective|p2a: Magnezone
|-end|p2a: Magnezone|Substitute
|-unboost|p1a: Tyranitar|atk|1
|-unboost|p1a: Tyranitar|def|1
|
|-weather|Sandstorm|[upkeep]
|-heal|p2a: Magnezone|68/100|[from] item: Leftovers
|upkeep
|turn|12
|
|t:|1719542561
|move|p2a: Magnezone|Substitute|p2a: Magnezone
|-start|p2a: Magnezone|Substitute
|-damage|p2a: Magnezone|43/100
|move|p1a: Tyranitar|Superpower|p2a: Magnezone
|-supereffective|p2a: Magnezone
|-end|p2a: Magnezone|Substitute
|-unboost|p1a: Tyranitar|atk|1
|-unboost|p1a: Tyranitar|def|1
|
|-weather|Sandstorm|[upkeep]
|-heal|p2a: Magnezone|49/100|[from] item: Leftovers
|upkeep
|turn|13
|
|t:|1719542564
|move|p2a: Magnezone|Substitute|p2a: Magnezone
|-start|p2a: Magnezone|Substitute
|-damage|p2a: Magnezone|24/100
|move|p1a: Tyranitar|Superpower|p2a: Magnezone
|-supereffective|p2a: Magnezone
|-end|p2a: Magnezone|Substitute
|-unboost|p1a: Tyranitar|atk|1
|-unboost|p1a: Tyranitar|def|1
|
|-weather|Sandstorm|[upkeep]
|-heal|p2a: Magnezone|30/100|[from] item: Leftovers
|upkeep
|turn|14
|
|t:|1719542568
|move|p2a: Magnezone|Substitute|p2a: Magnezone
|-start|p2a: Magnezone|Substitute
|-damage|p2a: Magnezone|5/100
|move|p1a: Tyranitar|Superpower|p2a: Magnezone
|-supereffective|p2a: Magnezone
|-crit|p2a: Magnezone
|-end|p2a: Magnezone|Substitute
|-unboost|p1a: Tyranitar|atk|1
|-unboost|p1a: Tyranitar|def|1
|
|-weather|Sandstorm|[upkeep]
|-heal|p2a: Magnezone|12/100|[from] item: Leftovers
|upkeep
|turn|15
|
|t:|1719542573
|move|p2a: Magnezone|Thunder|p1a: Tyranitar
|-crit|p1a: Tyranitar
|-damage|p1a: Tyranitar|0 fnt
|faint|p1a: Tyranitar
|
|-weather|Sandstorm|[upkeep]
|-heal|p2a: Magnezone|18/100|[from] item: Leftovers
|upkeep
|
|t:|1719542582
|switch|p1a: Keldeo|Keldeo|88/100 tox
|turn|16
|
|t:|1719542585
|switch|p2a: Gyarados|Gyarados, F|100/100
|-damage|p2a: Gyarados|76/100|[from] Stealth Rock
|-ability|p2a: Gyarados|Intimidate|boost
|-unboost|p1a: Keldeo|atk|1
|move|p1a: Keldeo|Scald|p2a: Gyarados
|-resisted|p2a: Gyarados
|-damage|p2a: Gyarados|55/100
|
|-weather|Sandstorm|[upkeep]
|-damage|p1a: Keldeo|82/100 tox|[from] Sandstorm
|-damage|p2a: Gyarados|48/100|[from] Sandstorm
|-heal|p1a: Keldeo|88/100 tox|[from] item: Leftovers
|-heal|p2a: Gyarados|55/100|[from] item: Leftovers
|-damage|p1a: Keldeo|82/100 tox|[from] psn
|upkeep
|turn|17
|
|t:|1719542593
|move|p1a: Keldeo|Taunt|p2a: Gyarados
|-start|p2a: Gyarados|move: Taunt
|cant|p2a: Gyarados|move: Taunt|Dragon Dance
|
|-weather|Sandstorm|[upkeep]
|-damage|p1a: Keldeo|76/100 tox|[from] Sandstorm
|-damage|p2a: Gyarados|48/100|[from] Sandstorm
|-heal|p1a: Keldeo|82/100 tox|[from] item: Leftovers
|-heal|p2a: Gyarados|55/100|[from] item: Leftovers
|-damage|p1a: Keldeo|70/100 tox|[from] psn
|upkeep
|turn|18
|
|t:|1719542600
|move|p1a: Keldeo|Scald|p2a: Gyarados
|-resisted|p2a: Gyarados
|-damage|p2a: Gyarados|33/100
|move|p2a: Gyarados|Bounce||[still]
|-prepare|p2a: Gyarados|Bounce
|
|-weather|Sandstorm|[upkeep]
|-damage|p1a: Keldeo|63/100 tox|[from] Sandstorm
|-damage|p2a: Gyarados|27/100|[from] Sandstorm
|-heal|p1a: Keldeo|70/100 tox|[from] item: Leftovers
|-heal|p2a: Gyarados|33/100|[from] item: Leftovers
|-damage|p1a: Keldeo|51/100 tox|[from] psn
|upkeep
|turn|19
|
|t:|1719542608
|switch|p1a: Ferrothorn|Ferrothorn, F|100/100
|move|p2a: Gyarados|Bounce|p1a: Ferrothorn|[from]lockedmove
|-damage|p1a: Ferrothorn|65/100
|-damage|p2a: Gyarados|20/100|[from] ability: Iron Barbs|[of] p1a: Ferrothorn
|
|-weather|Sandstorm|[upkeep]
|-damage|p2a: Gyarados|14/100|[from] Sandstorm
|-heal|p2a: Gyarados|20/100|[from] item: Leftovers
|-end|p2a: Gyarados|move: Taunt
|upkeep
|turn|20
|
|t:|1719542623
|switch|p2a: Ferrothorn|Ferrothorn, M|100/100
|-damage|p2a: Ferrothorn|94/100|[from] Stealth Rock
|move|p1a: Ferrothorn|Gyro Ball|p2a: Ferrothorn
|-resisted|p2a: Ferrothorn
|-damage|p2a: Ferrothorn|87/100
|-damage|p1a: Ferrothorn|53/100|[from] ability: Iron Barbs|[of] p2a: Ferrothorn
|
|-weather|Sandstorm|[upkeep]
|-heal|p2a: Ferrothorn|94/100|[from] item: Leftovers
|upkeep
|turn|21
|
|t:|1719542628
|move|p2a: Ferrothorn|Stealth Rock|p1a: Ferrothorn
|-sidestart|p1: blossummm|move: Stealth Rock
|move|p1a: Ferrothorn|Knock Off|p2a: Ferrothorn
|-resisted|p2a: Ferrothorn
|-damage|p2a: Ferrothorn|92/100
|-damage|p1a: Ferrothorn|41/100|[from] ability: Iron Barbs|[of] p2a: Ferrothorn
|-enditem|p2a: Ferrothorn|Leftovers|[from] move: Knock Off|[of] p1a: Ferrothorn
|
|-weather|Sandstorm|[upkeep]
|upkeep
|turn|22
|
|t:|1719542638
|switch|p2a: Mamoswine|Mamoswine, M|100/100
|-damage|p2a: Mamoswine|88/100|[from] Stealth Rock
|move|p1a: Ferrothorn|Spikes|p2a: Mamoswine
|-sidestart|p2: Bwr the za|Spikes
|
|-weather|Sandstorm|[upkeep]
|upkeep
|turn|23
|
|t:|1719542641
|move|p2a: Mamoswine|Superpower|p1a: Ferrothorn
|-supereffective|p1a: Ferrothorn
|-damage|p1a: Ferrothorn|0 fnt
|-unboost|p2a: Mamoswine|atk|1
|-unboost|p2a: Mamoswine|def|1
|-damage|p2a: Mamoswine|76/100|[from] ability: Iron Barbs|[of] p1a: Ferrothorn
|faint|p1a: Ferrothorn
|
|-weather|Sandstorm|[upkeep]
|upkeep
|
|t:|1719542646
|switch|p1a: Keldeo|Keldeo|51/100 tox
|-damage|p1a: Keldeo|45/100 tox|[from] Stealth Rock
|turn|24
|
|t:|1719542654
|switch|p2a: Gyarados|Gyarados, F|20/100
|-damage|p2a: Gyarados|0 fnt|[from] Stealth Rock
|faint|p2a: Gyarados
|move|p1a: Keldeo|Secret Sword|p2: Gyarados|[notarget]
|-fail|p1a: Keldeo
|
|-weather|Sandstorm|[upkeep]
|-damage|p1a: Keldeo|39/100 tox|[from] Sandstorm
|-heal|p1a: Keldeo|45/100 tox|[from] item: Leftovers
|-damage|p1a: Keldeo|39/100 tox|[from] psn
|upkeep
|
|t:|1719542658
|switch|p2a: Mamoswine|Mamoswine, M|76/100
|-damage|p2a: Mamoswine|63/100|[from] Stealth Rock
|-damage|p2a: Mamoswine|51/100|[from] Spikes
|turn|25
|
|t:|1719542664
|move|p2a: Mamoswine|Earthquake|p1a: Keldeo
|-damage|p1a: Keldeo|0 fnt
|faint|p1a: Keldeo
|
|-weather|Sandstorm|[upkeep]
|upkeep
|
|t:|1719542670
|switch|p1a: Landorus|Landorus-Therian, M|100/100
|-damage|p1a: Landorus|88/100|[from] Stealth Rock
|-ability|p1a: Landorus|Intimidate|boost
|-unboost|p2a: Mamoswine|atk|1
|turn|26
|
|t:|1719542673
|switch|p2a: Magnezone|Magnezone|18/100
|-damage|p2a: Magnezone|12/100|[from] Stealth Rock
|-damage|p2a: Magnezone|0 fnt|[from] Spikes
|faint|p2a: Magnezone
|move|p1a: Landorus|Earthquake|p2: Magnezone|[notarget]
|-fail|p1a: Landorus
|
|-weather|Sandstorm|[upkeep]
|-heal|p1a: Landorus|94/100|[from] item: Leftovers
|upkeep
|
|t:|1719542677
|switch|p2a: Mamoswine|Mamoswine, M|51/100
|-damage|p2a: Mamoswine|38/100|[from] Stealth Rock
|-damage|p2a: Mamoswine|26/100|[from] Spikes
|turn|27
|
|t:|1719542682
|move|p2a: Mamoswine|Icicle Spear|p1a: Landorus
|-supereffective|p1a: Landorus
|-damage|p1a: Landorus|44/100
|-supereffective|p1a: Landorus
|-damage|p1a: Landorus|0 fnt
|faint|p1a: Landorus
|-hitcount|p1: Landorus|2
|
|-weather|Sandstorm|[upkeep]
|upkeep
|
|t:|1719542686
|switch|p1a: Latios|Latios, M|100/100
|-damage|p1a: Latios|88/100|[from] Stealth Rock
|turn|28
|
|t:|1719542695
|switch|p2a: Ferrothorn|Ferrothorn, M|92/100
|-damage|p2a: Ferrothorn|86/100|[from] Stealth Rock
|-damage|p2a: Ferrothorn|73/100|[from] Spikes
|move|p1a: Latios|Dragon Pulse|p2a: Ferrothorn
|-resisted|p2a: Ferrothorn
|-damage|p2a: Ferrothorn|57/100
|
|-weather|Sandstorm|[upkeep]
|-damage|p1a: Latios|82/100|[from] Sandstorm
|upkeep
|turn|29
|
|t:|1719542701
|move|p1a: Latios|Dragon Pulse|p2a: Ferrothorn
|-resisted|p2a: Ferrothorn
|-damage|p2a: Ferrothorn|44/100
|move|p2a: Ferrothorn|Power Whip|p1a: Latios
|-resisted|p1a: Latios
|-damage|p1a: Latios|54/100
|
|-weather|Sandstorm|[upkeep]
|-damage|p1a: Latios|48/100|[from] Sandstorm
|upkeep
|turn|30
|
|t:|1719542707
|move|p1a: Latios|Dragon Pulse|p2a: Ferrothorn
|-resisted|p2a: Ferrothorn
|-damage|p2a: Ferrothorn|28/100
|move|p2a: Ferrothorn|Power Whip|p1a: Latios
|-resisted|p1a: Latios
|-damage|p1a: Latios|20/100
|
|-weather|Sandstorm|[upkeep]
|-damage|p1a: Latios|14/100|[from] Sandstorm
|upkeep
|turn|31
|
|t:|1719542715
|switch|p1a: Alakazam|Alakazam, F|100/100
|move|p2a: Ferrothorn|Power Whip|p1a: Alakazam|[miss]
|-miss|p2a: Ferrothorn|p1a: Alakazam
|
|-weather|Sandstorm|[upkeep]
|upkeep
|turn|32
|
|t:|1719542723
|move|p1a: Alakazam|Hidden Power|p2a: Ferrothorn
|-supereffective|p2a: Ferrothorn
|-damage|p2a: Ferrothorn|0 fnt
|faint|p2a: Ferrothorn
|
|-weather|Sandstorm|[upkeep]
|upkeep
|
|t:|1719542725
|switch|p2a: Mamoswine|Mamoswine, M|26/100
|-damage|p2a: Mamoswine|13/100|[from] Stealth Rock
|-damage|p2a: Mamoswine|1/100|[from] Spikes
|turn|33
|
|t:|1719542728
|move|p2a: Mamoswine|Icicle Spear|p1a: Alakazam
|-damage|p1a: Alakazam|73/100
|-damage|p1a: Alakazam|44/100
|-damage|p1a: Alakazam|13/100
|-damage|p1a: Alakazam|0 fnt
|faint|p1a: Alakazam
|-hitcount|p1: Alakazam|4
|
|-weather|Sandstorm|[upkeep]
|upkeep
|
|t:|1719542729
|switch|p1a: Latios|Latios, M|14/100
|-damage|p1a: Latios|2/100|[from] Stealth Rock
|turn|34
|
|t:|1719542734
|move|p1a: Latios|Surf|p2a: Mamoswine
|-supereffective|p2a: Mamoswine
|-damage|p2a: Mamoswine|0 fnt
|faint|p2a: Mamoswine
|
|win|blossummm
|raw|blossummm's rating: 1361 &rarr; <strong>1380</strong><br />(+19 for winning)
|raw|Bwr the za's rating: 1339 &rarr; <strong>1320</strong><br />(-19 for losing)
