|join|Tokyo Tom
|join|princess ariel
|player|p1|Tokyo Tom|252
|player|p2|princess ariel|23
|gametype|singles
|gen|5
|tier|[Gen 5] OU
|rated
|rule|Evasion Abilities Clause: Evasion abilities are banned
|clearpoke
|poke|p1|Politoed, M
|poke|p1|Feraligatr, M
|poke|p1|Tornadus, M
|poke|p1|Ferrothorn, M
|poke|p1|Latios, M
|poke|p1|Toxicroak, M
|poke|p2|Tyranitar, M
|poke|p2|Landorus-Therian, M
|poke|p2|Heatran, F
|poke|p2|Mew
|poke|p2|Breloom, F
|poke|p2|Starmie
|rule|Sleep Clause Mod: Limit one foe put to sleep
|rule|Species Clause: Limit one of each Pokémon
|rule|OHKO Clause: OHKO moves are banned
|rule|Moody Clause: Moody is banned
|rule|Evasion Moves Clause: Evasion moves are banned
|rule|Endless Battle Clause: Forcing endless battles is banned
|rule|HP Percentage Mod: HP is shown in percentages
|teampreview
|c|★Tokyo Tom|O, is this that Masterclass squad haha
|
|start
|switch|p1a: Tornadus|Tornadus, M|299/299
|switch|p2a: Tyranitar|Tyranitar, M|404/404
|-weather|Sandstorm|[from] ability: Sand Stream|[of] p2a: Tyranitar
|turn|1
|
|move|p1a: Tornadus|U-turn|p2a: Tyranitar
|-supereffective|p2a: Tyranitar
|-damage|p2a: Tyranitar|308/404
|
|switch|p1a: Politoed|Politoed, M|321/321
|-weather|RainDance|[from] ability: Drizzle|[of] p1a: Politoed
|move|p2a: Tyranitar|Stealth Rock|p1a: Politoed
|-sidestart|p1: Tokyo Tom|move: Stealth Rock
|
|-weather|RainDance|[upkeep]
|turn|2
|c|★princess ariel|idk
|c|★princess ariel|alot of people use it in replays
|c|★princess ariel|I didn't make it though
|c|★princess ariel|just testing
|
|switch|p2a: Starmie|Starmie|324/324
|move|p1a: Politoed|Surf|p2a: Starmie
|-resisted|p2a: Starmie
|-damage|p2a: Starmie|207/324
|
|-weather|RainDance|[upkeep]
|-heal|p2a: Starmie|227/324|[from] item: Leftovers
|turn|3
|
|switch|p1a: Ferrothorn|Ferrothorn, M|352/352
|-damage|p1a: Ferrothorn|330/352|[from] Stealth Rock
|switch|p2a: Breloom|Breloom, F|320/320
|
|-weather|RainDance|[upkeep]
|-heal|p1a: Ferrothorn|352/352|[from] item: Leftovers
|-status|p2a: Breloom|tox|[from] item: Toxic Orb
|turn|4
|
|switch|p1a: Toxicroak|Toxicroak, M|309/309
|-damage|p1a: Toxicroak|290/309|[from] Stealth Rock
|move|p2a: Breloom|Drain Punch|p1a: Toxicroak
|-resisted|p1a: Toxicroak
|-damage|p1a: Toxicroak|210/309
|
|-weather|RainDance|[upkeep]
|-heal|p1a: Toxicroak|248/309|[from] ability: Dry Skin
|turn|5
|
|switch|p2a: Starmie|Starmie|227/324
|move|p1a: Toxicroak|Ice Punch|p2a: Starmie
|-resisted|p2a: Starmie
|-damage|p2a: Starmie|174/324
|-damage|p1a: Toxicroak|218/309|[from] item: Life Orb
|
|-weather|RainDance|[upkeep]
|-heal|p1a: Toxicroak|256/309|[from] ability: Dry Skin
|-heal|p2a: Starmie|194/324|[from] item: Leftovers
|turn|6
|
|switch|p1a: Ferrothorn|Ferrothorn, M|352/352
|-damage|p1a: Ferrothorn|330/352|[from] Stealth Rock
|move|p2a: Starmie|Recover|p2a: Starmie
|-heal|p2a: Starmie|324/324
|
|-weather|RainDance|[upkeep]
|-heal|p1a: Ferrothorn|352/352|[from] item: Leftovers
|turn|7
|
|switch|p2a: Mew|Mew|404/404
|move|p1a: Ferrothorn|Stealth Rock|p2a: Mew
|-sidestart|p2: princess ariel|move: Stealth Rock
|
|-weather|RainDance|[upkeep]
|turn|8
|
|switch|p1a: Latios|Latios, M|299/299
|-damage|p1a: Latios|262/299|[from] Stealth Rock
|move|p2a: Mew|Will-O-Wisp|p1a: Latios
|-status|p1a: Latios|brn
|
|-weather|RainDance|[upkeep]
|-damage|p1a: Latios|225/299 brn|[from] brn
|turn|9
|
|move|p1a: Latios|Surf|p2a: Mew
|-damage|p2a: Mew|166/404
|-damage|p1a: Latios|196/299 brn|[from] item: Life Orb
|move|p2a: Mew|Soft-Boiled|p2a: Mew
|-heal|p2a: Mew|368/404
|
|-weather|RainDance|[upkeep]
|-heal|p2a: Mew|393/404|[from] item: Leftovers
|-damage|p1a: Latios|159/299 brn|[from] brn
|turn|10
|
|move|p1a: Latios|Surf|p2a: Mew
|-damage|p2a: Mew|184/404
|-damage|p1a: Latios|130/299 brn|[from] item: Life Orb
|move|p2a: Mew|Ice Beam|p1a: Latios
|-supereffective|p1a: Latios
|-damage|p1a: Latios|2/299 brn
|
|-weather|RainDance|[upkeep]
|-heal|p2a: Mew|209/404|[from] item: Leftovers
|-damage|p1a: Latios|0 fnt|[from] brn
|faint|p1a: Latios
|join|Tesung
|
|switch|p1a: Tornadus|Tornadus, M|299/299
|-damage|p1a: Tornadus|225/299|[from] Stealth Rock
|turn|11
|
|switch|p2a: Heatran|Heatran, F|386/386
|-damage|p2a: Heatran|338/386|[from] Stealth Rock
|move|p1a: Tornadus|Hurricane|p2a: Heatran
|-resisted|p2a: Heatran
|-damage|p2a: Heatran|254/386
|
|-weather|RainDance|[upkeep]
|-heal|p2a: Heatran|278/386|[from] item: Leftovers
|turn|12
|
|move|p1a: Tornadus|Focus Blast|p2a: Heatran
|-supereffective|p2a: Heatran
|-damage|p2a: Heatran|70/386
|-unboost|p2a: Heatran|spd|1
|move|p2a: Heatran|Will-O-Wisp|p1a: Tornadus
|-status|p1a: Tornadus|brn
|
|-weather|RainDance|[upkeep]
|-heal|p2a: Heatran|94/386|[from] item: Leftovers
|-damage|p1a: Tornadus|188/299 brn|[from] brn
|turn|13
|join|Dallaren
|
|move|p2a: Heatran|Protect|p2a: Heatran
|-singleturn|p2a: Heatran|Protect
|move|p1a: Tornadus|Hurricane|p2a: Heatran
|-activate|p2a: Heatran|Protect
|
|-weather|RainDance|[upkeep]
|-heal|p2a: Heatran|118/386|[from] item: Leftovers
|-damage|p1a: Tornadus|151/299 brn|[from] brn
|turn|14
|
|move|p2a: Heatran|Protect|p2a: Heatran
|-fail|p2a: Heatran
|move|p1a: Tornadus|Focus Blast|p2a: Heatran|[miss]
|-miss|p1a: Tornadus|p2a: Heatran
|
|-weather|RainDance|[upkeep]
|-heal|p2a: Heatran|142/386|[from] item: Leftovers
|-damage|p1a: Tornadus|114/299 brn|[from] brn
|turn|15
|
|switch|p1a: Feraligatr|Feraligatr, M|345/345
|-damage|p1a: Feraligatr|302/345|[from] Stealth Rock
|move|p2a: Heatran|Flamethrower|p1a: Feraligatr
|-resisted|p1a: Feraligatr
|-damage|p1a: Feraligatr|261/345
|
|-weather|RainDance|[upkeep]
|-heal|p2a: Heatran|166/386|[from] item: Leftovers
|turn|16
|
|move|p1a: Feraligatr|Waterfall|p2a: Heatran
|-supereffective|p2a: Heatran
|-damage|p2a: Heatran|0 fnt
|faint|p2a: Heatran
|
|-weather|RainDance|[upkeep]
|
|switch|p2a: Breloom|Breloom, F|320/320 tox
|-damage|p2a: Breloom|300/320 tox|[from] Stealth Rock
|turn|17
|
|switch|p1a: Toxicroak|Toxicroak, M|256/309
|-damage|p1a: Toxicroak|237/309|[from] Stealth Rock
|move|p2a: Breloom|Spore|p1a: Toxicroak
|-status|p1a: Toxicroak|slp
|
|-weather|RainDance|[upkeep]
|-heal|p1a: Toxicroak|275/309 slp|[from] ability: Dry Skin
|-heal|p2a: Breloom|320/320 tox|[from] ability: Poison Heal
|turn|18
|
|switch|p1a: Politoed|Politoed, M|321/321
|-damage|p1a: Politoed|281/321|[from] Stealth Rock
|switch|p2a: Tyranitar|Tyranitar, M|308/404
|-damage|p2a: Tyranitar|258/404|[from] Stealth Rock
|-weather|Sandstorm|[from] ability: Sand Stream|[of] p2a: Tyranitar
|
|-weather|Sandstorm|[upkeep]
|-damage|p1a: Politoed|261/321|[from] sandstorm
|turn|19
|
|switch|p1a: Ferrothorn|Ferrothorn, M|352/352
|-damage|p1a: Ferrothorn|330/352|[from] Stealth Rock
|switch|p2a: Starmie|Starmie|324/324
|-damage|p2a: Starmie|284/324|[from] Stealth Rock
|
|-weather|Sandstorm|[upkeep]
|-damage|p2a: Starmie|264/324|[from] sandstorm
|-heal|p2a: Starmie|284/324|[from] item: Leftovers
|-heal|p1a: Ferrothorn|352/352|[from] item: Leftovers
|turn|20
|
|switch|p2a: Breloom|Breloom, F|320/320 tox
|-damage|p2a: Breloom|300/320 tox|[from] Stealth Rock
|move|p1a: Ferrothorn|Spikes|p2a: Breloom
|-sidestart|p2: princess ariel|Spikes
|
|-weather|Sandstorm|[upkeep]
|-damage|p2a: Breloom|280/320 tox|[from] sandstorm
|-heal|p2a: Breloom|320/320 tox|[from] ability: Poison Heal
|turn|21
|join|Furih
|
|move|p2a: Breloom|Drain Punch|p1a: Ferrothorn
|-supereffective|p1a: Ferrothorn
|-damage|p1a: Ferrothorn|190/352
|-damage|p2a: Breloom|280/320 tox|[from] ability: Iron Barbs|[of] p1a: Ferrothorn
|move|p1a: Ferrothorn|Gyro Ball|p2a: Breloom
|-damage|p2a: Breloom|148/320 tox
|
|-weather|Sandstorm|[upkeep]
|-damage|p2a: Breloom|128/320 tox|[from] sandstorm
|-heal|p1a: Ferrothorn|212/352|[from] item: Leftovers
|-heal|p2a: Breloom|168/320 tox|[from] ability: Poison Heal
|turn|22
|
|switch|p1a: Politoed|Politoed, M|261/321
|-damage|p1a: Politoed|221/321|[from] Stealth Rock
|-weather|RainDance|[from] ability: Drizzle|[of] p1a: Politoed
|move|p2a: Breloom|Bulk Up|p2a: Breloom
|-boost|p2a: Breloom|atk|1
|-boost|p2a: Breloom|def|1
|
|-weather|RainDance|[upkeep]
|-heal|p2a: Breloom|208/320 tox|[from] ability: Poison Heal
|turn|23
|
|move|p2a: Breloom|Protect|p2a: Breloom
|-singleturn|p2a: Breloom|Protect
|move|p1a: Politoed|Ice Beam|p2a: Breloom
|-activate|p2a: Breloom|Protect
|
|-weather|RainDance|[upkeep]
|-heal|p2a: Breloom|248/320 tox|[from] ability: Poison Heal
|turn|24
|
|switch|p2a: Starmie|Starmie|284/324
|-damage|p2a: Starmie|244/324|[from] Stealth Rock
|-damage|p2a: Starmie|204/324|[from] Spikes
|move|p1a: Politoed|Ice Beam|p2a: Starmie
|-resisted|p2a: Starmie
|-damage|p2a: Starmie|153/324
|
|-weather|RainDance|[upkeep]
|-heal|p2a: Starmie|173/324|[from] item: Leftovers
|turn|25
|
|switch|p1a: Ferrothorn|Ferrothorn, M|212/352
|-damage|p1a: Ferrothorn|190/352|[from] Stealth Rock
|move|p2a: Starmie|Rapid Spin|p1a: Ferrothorn
|-resisted|p1a: Ferrothorn
|-damage|p1a: Ferrothorn|187/352
|-damage|p2a: Starmie|133/324|[from] ability: Iron Barbs|[of] p1a: Ferrothorn
|-sideend|p2: princess ariel|Spikes|[from] move: Rapid Spin|[of] p2a: Starmie
|-sideend|p2: princess ariel|Stealth Rock|[from] move: Rapid Spin|[of] p2a: Starmie
|
|-weather|RainDance|[upkeep]
|-heal|p2a: Starmie|153/324|[from] item: Leftovers
|-heal|p1a: Ferrothorn|209/352|[from] item: Leftovers
|turn|26
|
|switch|p2a: Breloom|Breloom, F|248/320 tox
|move|p1a: Ferrothorn|Stealth Rock|p2a: Breloom
|-sidestart|p2: princess ariel|move: Stealth Rock
|
|-weather|RainDance|[upkeep]
|-heal|p1a: Ferrothorn|231/352|[from] item: Leftovers
|-heal|p2a: Breloom|288/320 tox|[from] ability: Poison Heal
|turn|27
|
|switch|p1a: Politoed|Politoed, M|221/321
|-damage|p1a: Politoed|181/321|[from] Stealth Rock
|move|p2a: Breloom|Bulk Up|p2a: Breloom
|-boost|p2a: Breloom|atk|1
|-boost|p2a: Breloom|def|1
|
|-weather|RainDance|[upkeep]
|-heal|p2a: Breloom|320/320 tox|[from] ability: Poison Heal
|turn|28
|
|move|p2a: Breloom|Protect|p2a: Breloom
|-singleturn|p2a: Breloom|Protect
|move|p1a: Politoed|Encore|p2a: Breloom
|-activate|p2a: Breloom|Protect
|
|-weather|RainDance|[upkeep]
|turn|29
|
|switch|p1a: Ferrothorn|Ferrothorn, M|231/352
|-damage|p1a: Ferrothorn|209/352|[from] Stealth Rock
|switch|p2a: Tyranitar|Tyranitar, M|258/404
|-damage|p2a: Tyranitar|208/404|[from] Stealth Rock
|-weather|Sandstorm|[from] ability: Sand Stream|[of] p2a: Tyranitar
|
|-weather|Sandstorm|[upkeep]
|-heal|p1a: Ferrothorn|231/352|[from] item: Leftovers
|turn|30
|
|switch|p2a: Breloom|Breloom, F|320/320 tox
|-damage|p2a: Breloom|300/320 tox|[from] Stealth Rock
|move|p1a: Ferrothorn|Spikes|p2a: Breloom
|-sidestart|p2: princess ariel|Spikes
|
|-weather|Sandstorm|[upkeep]
|-damage|p2a: Breloom|280/320 tox|[from] sandstorm
|-heal|p1a: Ferrothorn|253/352|[from] item: Leftovers
|-heal|p2a: Breloom|320/320 tox|[from] ability: Poison Heal
|turn|31
|leave|Dallaren
|
|move|p2a: Breloom|Bulk Up|p2a: Breloom
|-boost|p2a: Breloom|atk|1
|-boost|p2a: Breloom|def|1
|move|p1a: Ferrothorn|Gyro Ball|p2a: Breloom
|-damage|p2a: Breloom|224/320 tox
|
|-weather|Sandstorm|[upkeep]
|-damage|p2a: Breloom|204/320 tox|[from] sandstorm
|-heal|p1a: Ferrothorn|275/352|[from] item: Leftovers
|-heal|p2a: Breloom|244/320 tox|[from] ability: Poison Heal
|turn|32
|
|switch|p1a: Politoed|Politoed, M|181/321
|-damage|p1a: Politoed|141/321|[from] Stealth Rock
|-weather|RainDance|[from] ability: Drizzle|[of] p1a: Politoed
|move|p2a: Breloom|Drain Punch|p1a: Politoed
|-damage|p1a: Politoed|0 fnt
|-heal|p2a: Breloom|315/320 tox|[from] drain|[of] p1a: Politoed
|faint|p1a: Politoed
|
|-weather|RainDance|[upkeep]
|-heal|p2a: Breloom|320/320 tox|[from] ability: Poison Heal
|
|switch|p1a: Tornadus|Tornadus, M|114/299 brn
|-damage|p1a: Tornadus|40/299 brn|[from] Stealth Rock
|turn|33
|
|move|p2a: Breloom|Protect|p2a: Breloom
|-singleturn|p2a: Breloom|Protect
|move|p1a: Tornadus|Hurricane|p2a: Breloom
|-activate|p2a: Breloom|Protect
|
|-weather|RainDance|[upkeep]
|-damage|p1a: Tornadus|3/299 brn|[from] brn
|turn|34
|
|switch|p2a: Tyranitar|Tyranitar, M|208/404
|-damage|p2a: Tyranitar|158/404|[from] Spikes
|-damage|p2a: Tyranitar|108/404|[from] Stealth Rock
|-weather|Sandstorm|[from] ability: Sand Stream|[of] p2a: Tyranitar
|move|p1a: Tornadus|Hurricane|p2a: Tyranitar|[miss]
|-miss|p1a: Tornadus|p2a: Tyranitar
|
|-weather|Sandstorm|[upkeep]
|-damage|p1a: Tornadus|0 fnt|[from] sandstorm
|faint|p1a: Tornadus
|
|switch|p1a: Feraligatr|Feraligatr, M|261/345
|-damage|p1a: Feraligatr|218/345|[from] Stealth Rock
|turn|35
|
|move|p1a: Feraligatr|Swords Dance|p1a: Feraligatr
|-boost|p1a: Feraligatr|atk|2
|move|p2a: Tyranitar|Crunch|p1a: Feraligatr
|-damage|p1a: Feraligatr|95/345
|
|-weather|Sandstorm|[upkeep]
|-damage|p1a: Feraligatr|74/345|[from] sandstorm
|turn|36
|
|move|p1a: Feraligatr|Waterfall|p2a: Tyranitar
|-crit|p2a: Tyranitar
|-supereffective|p2a: Tyranitar
|-damage|p2a: Tyranitar|0 fnt
|faint|p2a: Tyranitar
|
|-weather|Sandstorm|[upkeep]
|-damage|p1a: Feraligatr|53/345|[from] sandstorm
|
|switch|p2a: Landorus-Therian|Landorus-Therian, M|343/343
|-damage|p2a: Landorus-Therian|301/343|[from] Stealth Rock
|-ability|p2a: Landorus-Therian|Intimidate|[of] p1a: Feraligatr
|-unboost|p1a: Feraligatr|atk|1
|turn|37
|
|switch|p2a: Starmie|Starmie|153/324
|-damage|p2a: Starmie|113/324|[from] Spikes
|-damage|p2a: Starmie|73/324|[from] Stealth Rock
|move|p1a: Feraligatr|Aqua Jet|p2a: Starmie
|-resisted|p2a: Starmie
|-damage|p2a: Starmie|0 fnt
|faint|p2a: Starmie
|
|-weather|Sandstorm|[upkeep]
|-damage|p1a: Feraligatr|32/345|[from] sandstorm
|
|switch|p2a: Mew|Mew|209/404
|-damage|p2a: Mew|159/404|[from] Stealth Rock
|-damage|p2a: Mew|109/404|[from] Spikes
|turn|38
|
|move|p1a: Feraligatr|Aqua Jet|p2a: Mew
|-damage|p2a: Mew|0 fnt
|faint|p2a: Mew
|
|-weather|Sandstorm|[upkeep]
|-damage|p1a: Feraligatr|11/345|[from] sandstorm
|
|switch|p2a: Breloom|Breloom, F|320/320 tox
|-damage|p2a: Breloom|300/320 tox|[from] Stealth Rock
|-damage|p2a: Breloom|260/320 tox|[from] Spikes
|turn|39
|
|move|p2a: Breloom|Protect|p2a: Breloom
|-singleturn|p2a: Breloom|Protect
|move|p1a: Feraligatr|Waterfall|p2a: Breloom
|-activate|p2a: Breloom|Protect
|
|-weather|Sandstorm|[upkeep]
|-damage|p1a: Feraligatr|0 fnt|[from] sandstorm
|-damage|p2a: Breloom|240/320 tox|[from] sandstorm
|-heal|p2a: Breloom|280/320 tox|[from] ability: Poison Heal
|faint|p1a: Feraligatr
|
|switch|p1a: Toxicroak|Toxicroak, M|275/309 slp
|-damage|p1a: Toxicroak|256/309 slp|[from] Stealth Rock
|turn|40
|join|FS Misfortune
|
|switch|p2a: Landorus-Therian|Landorus-Therian, M|301/343
|-damage|p2a: Landorus-Therian|259/343|[from] Stealth Rock
|-ability|p2a: Landorus-Therian|Intimidate|[of] p1a: Toxicroak
|-unboost|p1a: Toxicroak|atk|1
|cant|p1a: Toxicroak|slp
|
|-weather|Sandstorm|[upkeep]
|-damage|p1a: Toxicroak|237/309 slp|[from] sandstorm
|turn|41
|
|switch|p1a: Ferrothorn|Ferrothorn, M|275/352
|-damage|p1a: Ferrothorn|253/352|[from] Stealth Rock
|move|p2a: Landorus-Therian|Earthquake|p1a: Ferrothorn
|-damage|p1a: Ferrothorn|112/352
|
|-weather|Sandstorm|[upkeep]
|-heal|p1a: Ferrothorn|134/352|[from] item: Leftovers
|turn|42
|
|move|p2a: Landorus-Therian|Earthquake|p1a: Ferrothorn
|-damage|p1a: Ferrothorn|0 fnt
|faint|p1a: Ferrothorn
|
|-weather|Sandstorm|[upkeep]
|
|switch|p1a: Toxicroak|Toxicroak, M|237/309 slp
|-damage|p1a: Toxicroak|218/309 slp|[from] Stealth Rock
|turn|43
|
|move|p2a: Landorus-Therian|Earthquake|p1a: Toxicroak
|-supereffective|p1a: Toxicroak
|-damage|p1a: Toxicroak|0 fnt
|faint|p1a: Toxicroak
|
|win|princess ariel
|raw|Ladder updating...
|c|★Tokyo Tom|GG
|raw|Tokyo Tom's rating: 1358 &rarr; <strong>1335</strong><br />(-23 for losing)
|raw|princess ariel's rating: 1309 &rarr; <strong>1332</strong><br />(+23 for winning)
|c|★princess ariel|gg
|c|★princess ariel|if you ever are willing to casual gen5
|c|★princess ariel|pm me plox
|leave|Tokyo Tom
|player|p1
|leave|Furih