|uhtml|medal-msg|<div class="broadcast-blue">Curious what those medals under the avatar are? PS now has Ladder Seasons! For more information, check out the <a href="https://www.smogon.com/forums/threads/3740067/">thread on Smogon.</a></div>
|uhtml|medal-msg|<div class="broadcast-blue">Curious what those medals under the avatar are? PS now has Ladder Seasons! For more information, check out the <a href="https://www.smogon.com/forums/threads/3740067/">thread on Smogon.</a></div>
|j|☆BookofConke
|j|☆LeafStoned
|t:|1713508829
|gametype|singles
|player|p1|BookofConke|silver-masters|1460
|player|p2|LeafStoned|102|1291
|teamsize|p1|6
|teamsize|p2|6
|gen|5
|tier|[Gen 5] OU
|rated|
|rule|Species Clause: Limit one of each Pokémon
|rule|OHKO Clause: OHKO moves are banned
|rule|Moody Clause: Moody is banned
|rule|Evasion Items Clause: Evasion items are banned
|rule|Evasion Moves Clause: Evasion moves are banned
|rule|Endless Battle Clause: Forcing endless battles is banned
|rule|HP Percentage Mod: HP is shown in percentages
|rule|Evasion Abilities Clause: Evasion abilities are banned
|rule|Sleep Moves Clause: Sleep-inducing moves are banned
|rule|Swagger Clause: Swagger is banned
|rule|Baton Pass Stat Clause: No Baton Passer may have a way to boost its stats
|clearpoke
|poke|p1|Kyurem-Black|item
|poke|p1|Latios, M|item
|poke|p1|Garchomp, M|item
|poke|p1|Magnezone|item
|poke|p1|Reuniclus, M|item
|poke|p1|Jirachi|item
|poke|p2|Abomasnow, F|item
|poke|p2|Forretress, F|item
|poke|p2|Gliscor, M|item
|poke|p2|Sableye, F|item
|poke|p2|Cloyster, M|item
|poke|p2|Clefable, F|item
|teampreview
|inactive|Battle timer is ON: inactive players will automatically lose when time's up. (requested by LeafStoned)
|
|t:|1713508871
|start
|switch|p1a: Jirachi|Jirachi|100/100
|switch|p2a: Clefable|Clefable, F|100/100
|turn|1
|
|t:|1713508896
|switch|p2a: Gliscor|Gliscor, M|100/100
|move|p1a: Jirachi|U-turn|p2a: Gliscor
|-resisted|p2a: Gliscor
|-damage|p2a: Gliscor|95/100
|inactive|BookofConke has 120 seconds left.
|
|t:|1713508915
|switch|p1a: Latios|Latios, M|100/100|[from] U-turn
|
|-status|p2a: Gliscor|tox|[from] item: Toxic Orb
|upkeep
|turn|2
|inactive|BookofConke has 120 seconds left.
|
|t:|1713508932
|switch|p2a: Clefable|Clefable, F|100/100
|move|p1a: Latios|Draco Meteor|p2a: Clefable
|-damage|p2a: Clefable|25/100
|-unboost|p1a: Latios|spa|2
|
|-heal|p2a: Clefable|31/100|[from] item: Leftovers
|upkeep
|turn|3
|inactive|BookofConke has 120 seconds left.
|
|t:|1713508946
|switch|p1a: Reuniclus|Reuniclus, M|100/100
|switch|p2a: Gliscor|Gliscor, M|95/100 tox
|
|-heal|p2a: Gliscor|100/100 tox|[from] ability: Poison Heal
|upkeep
|turn|4
|inactive|BookofConke has 120 seconds left.
|
|t:|1713508968
|switch|p1a: Latios|Latios, M|100/100
|move|p2a: Gliscor|Stealth Rock|p1a: Latios
|-sidestart|p1: BookofConke|move: Stealth Rock
|
|upkeep
|turn|5
|inactive|LeafStoned has 120 seconds left.
|
|t:|1713508999
|move|p1a: Latios|Surf|p2a: Gliscor
|-supereffective|p2a: Gliscor
|-damage|p2a: Gliscor|0 fnt
|faint|p2a: Gliscor
|
|upkeep
|
|t:|1713509003
|switch|p2a: Cloyster|Cloyster, M|100/100
|turn|6
|
|t:|1713509011
|switch|p1a: Magnezone|Magnezone|100/100
|-damage|p1a: Magnezone|94/100|[from] Stealth Rock
|move|p2a: Cloyster|Shell Smash|p2a: Cloyster
|-unboost|p2a: Cloyster|def|1
|-unboost|p2a: Cloyster|spd|1
|-boost|p2a: Cloyster|atk|2
|-boost|p2a: Cloyster|spa|2
|-boost|p2a: Cloyster|spe|2
|
|upkeep
|turn|7
|
|t:|1713509024
|switch|p2a: Abomasnow|Abomasnow, F|100/100
|-weather|Hail|[from] ability: Snow Warning|[of] p2a: Abomasnow
|move|p1a: Magnezone|Thunderbolt|p2a: Abomasnow
|-resisted|p2a: Abomasnow
|-damage|p2a: Abomasnow|72/100
|
|-weather|Hail|[upkeep]
|-damage|p1a: Magnezone|88/100|[from] Hail
|upkeep
|turn|8
|
|t:|1713509036
|switch|p1a: Jirachi|Jirachi|100/100
|-damage|p1a: Jirachi|94/100|[from] Stealth Rock
|move|p2a: Abomasnow|Earthquake|p1a: Jirachi
|-supereffective|p1a: Jirachi
|-damage|p1a: Jirachi|31/100
|
|-weather|Hail|[upkeep]
|-damage|p1a: Jirachi|25/100|[from] Hail
|-heal|p1a: Jirachi|31/100|[from] item: Leftovers
|upkeep
|turn|9
|
|t:|1713509048
|switch|p2a: Forretress|Forretress, F|100/100
|move|p1a: Jirachi|Stealth Rock|p2a: Forretress
|-sidestart|p2: LeafStoned|move: Stealth Rock
|
|-weather|Hail|[upkeep]
|-damage|p1a: Jirachi|25/100|[from] Hail
|-damage|p2a: Forretress|94/100|[from] Hail
|-heal|p1a: Jirachi|31/100|[from] item: Leftovers
|-heal|p2a: Forretress|100/100|[from] item: Leftovers
|upkeep
|turn|10
|
|t:|1713509058
|move|p1a: Jirachi|U-turn|p2a: Forretress
|-resisted|p2a: Forretress
|-damage|p2a: Forretress|96/100
|
|t:|1713509062
|switch|p1a: Magnezone|Magnezone|88/100|[from] U-turn
|-damage|p1a: Magnezone|82/100|[from] Stealth Rock
|move|p2a: Forretress|Volt Switch|p1a: Magnezone
|-resisted|p1a: Magnezone
|-damage|p1a: Magnezone|75/100
|
|t:|1713509066
|switch|p2a: Abomasnow|Abomasnow, F|72/100|[from] Volt Switch
|-damage|p2a: Abomasnow|47/100|[from] Stealth Rock
|
|-weather|Hail|[upkeep]
|-damage|p1a: Magnezone|69/100|[from] Hail
|upkeep
|turn|11
|inactive|BookofConke has 120 seconds left.
|
|t:|1713509095
|move|p1a: Magnezone|Hidden Power|p2a: Abomasnow
|-supereffective|p2a: Abomasnow
|-damage|p2a: Abomasnow|0 fnt
|faint|p2a: Abomasnow
|
|-weather|Hail|[upkeep]
|-damage|p1a: Magnezone|63/100|[from] Hail
|upkeep
|
|t:|1713509100
|switch|p2a: Clefable|Clefable, F|31/100
|turn|12
|
|t:|1713509105
|move|p1a: Magnezone|Thunderbolt|p2a: Clefable
|-damage|p2a: Clefable|0 fnt
|faint|p2a: Clefable
|
|-weather|Hail|[upkeep]
|-damage|p1a: Magnezone|56/100|[from] Hail
|upkeep
|
|t:|1713509110
|switch|p2a: Sableye|Sableye, F|100/100
|-damage|p2a: Sableye|88/100|[from] Stealth Rock
|turn|13
|inactive|BookofConke has 120 seconds left.
|
|t:|1713509135
|move|p2a: Sableye|Will-O-Wisp|p1a: Magnezone|[miss]
|-miss|p2a: Sableye|p1a: Magnezone
|move|p1a: Magnezone|Thunderbolt|p2a: Sableye
|-damage|p2a: Sableye|35/100
|
|-weather|Hail|[upkeep]
|-damage|p1a: Magnezone|50/100|[from] Hail
|-damage|p2a: Sableye|30/100|[from] Hail
|-heal|p2a: Sableye|35/100|[from] item: Leftovers
|upkeep
|turn|14
|inactive|BookofConke has 120 seconds left.
|
|t:|1713509148
|move|p2a: Sableye|Recover|p2a: Sableye
|-heal|p2a: Sableye|86/100
|move|p1a: Magnezone|Volt Switch|p2a: Sableye
|-damage|p2a: Sableye|47/100
|inactive|BookofConke has 120 seconds left.
|inactive|BookofConke has 90 seconds left.
|inactive|BookofConke has 60 seconds left.
|
|t:|1713509219
|switch|p1a: Jirachi|Jirachi|31/100|[from] Volt Switch
|-damage|p1a: Jirachi|25/100|[from] Stealth Rock
|
|-weather|Hail|[upkeep]
|-damage|p1a: Jirachi|18/100|[from] Hail
|-damage|p2a: Sableye|41/100|[from] Hail
|-heal|p1a: Jirachi|25/100|[from] item: Leftovers
|-heal|p2a: Sableye|47/100|[from] item: Leftovers
|upkeep
|turn|15
|inactive|BookofConke has 60 seconds left.
|l|☆LeafStoned
|inactive|LeafStoned disconnected and has a minute to reconnect!
|player|p2|
|j|☆LeafStoned
|inactive|LeafStoned reconnected and has 125 seconds left.
|player|p2|LeafStoned|102|
|inactive|LeafStoned has 120 seconds left.
|
|t:|1713509252
|move|p2a: Sableye|Recover|p2a: Sableye
|-heal|p2a: Sableye|97/100
|move|p1a: Jirachi|Iron Head|p2a: Sableye
|-crit|p2a: Sableye
|-damage|p2a: Sableye|22/100
|
|-weather|Hail|[upkeep]
|-damage|p1a: Jirachi|18/100|[from] Hail
|-damage|p2a: Sableye|16/100|[from] Hail
|-heal|p1a: Jirachi|25/100|[from] item: Leftovers
|-heal|p2a: Sableye|22/100|[from] item: Leftovers
|upkeep
|turn|16
|
|t:|1713509263
|move|p2a: Sableye|Recover|p2a: Sableye
|-heal|p2a: Sableye|72/100
|move|p1a: Jirachi|Iron Head|p2a: Sableye
|-damage|p2a: Sableye|33/100
|
|-weather|Hail|[upkeep]
|-damage|p1a: Jirachi|18/100|[from] Hail
|-damage|p2a: Sableye|27/100|[from] Hail
|-heal|p1a: Jirachi|25/100|[from] item: Leftovers
|-heal|p2a: Sableye|33/100|[from] item: Leftovers
|upkeep
|turn|17
|
|t:|1713509273
|move|p2a: Sableye|Will-O-Wisp|p1a: Jirachi
|-status|p1a: Jirachi|brn
|move|p1a: Jirachi|Iron Head|p2a: Sableye
|-damage|p2a: Sableye|13/100
|
|-weather|Hail|[upkeep]
|-damage|p1a: Jirachi|18/100 brn|[from] Hail
|-damage|p2a: Sableye|7/100|[from] Hail
|-heal|p1a: Jirachi|25/100 brn|[from] item: Leftovers
|-heal|p2a: Sableye|13/100|[from] item: Leftovers
|-damage|p1a: Jirachi|12/100 brn|[from] brn
|upkeep
|turn|18
|
|t:|1713509293
|move|p2a: Sableye|Recover|p2a: Sableye
|-heal|p2a: Sableye|63/100
|move|p1a: Jirachi|U-turn|p2a: Sableye
|-damage|p2a: Sableye|51/100
|inactive|BookofConke has 30 seconds left.
|inactive|BookofConke has 20 seconds left.
|
|t:|1713509318
|switch|p1a: Garchomp|Garchomp, M|100/100|[from] U-turn
|-damage|p1a: Garchomp|94/100|[from] Stealth Rock
|
|-weather|Hail|[upkeep]
|-damage|p1a: Garchomp|88/100|[from] Hail
|-damage|p2a: Sableye|45/100|[from] Hail
|-heal|p2a: Sableye|51/100|[from] item: Leftovers
|upkeep
|turn|19
|inactive|BookofConke has 30 seconds left this turn.
|inactive|BookofConke has 20 seconds left.
|
|t:|1713509330
|move|p2a: Sableye|Will-O-Wisp|p1a: Garchomp
|-status|p1a: Garchomp|brn
|move|p1a: Garchomp|Earthquake|p2a: Sableye
|-damage|p2a: Sableye|14/100
|
|-weather|Hail|[upkeep]
|-damage|p1a: Garchomp|82/100 brn|[from] Hail
|-damage|p2a: Sableye|8/100|[from] Hail
|-heal|p2a: Sableye|14/100|[from] item: Leftovers
|-damage|p1a: Garchomp|70/100 brn|[from] brn
|upkeep
|turn|20
|inactive|BookofConke has 30 seconds left this turn.
|
|t:|1713509341
|move|p2a: Sableye|Recover|p2a: Sableye
|-heal|p2a: Sableye|65/100
|move|p1a: Garchomp|Earthquake|p2a: Sableye
|-crit|p2a: Sableye
|-damage|p2a: Sableye|0 fnt
|faint|p2a: Sableye
|
|-weather|Hail|[upkeep]
|-damage|p1a: Garchomp|64/100 brn|[from] Hail
|-damage|p1a: Garchomp|51/100 brn|[from] brn
|upkeep
|inactive|BookofConke has 30 seconds left this turn.
|
|t:|1713509348
|switch|p2a: Cloyster|Cloyster, M|100/100
|-damage|p2a: Cloyster|76/100|[from] Stealth Rock
|turn|21
|inactive|BookofConke has 30 seconds left.
|
|t:|1713509362
|switch|p1a: Reuniclus|Reuniclus, M|100/100
|move|p2a: Cloyster|Shell Smash|p2a: Cloyster
|-unboost|p2a: Cloyster|def|1
|-unboost|p2a: Cloyster|spd|1
|-boost|p2a: Cloyster|atk|2
|-boost|p2a: Cloyster|spa|2
|-boost|p2a: Cloyster|spe|2
|
|-weather|Hail|[upkeep]
|upkeep
|turn|22
|inactive|BookofConke has 30 seconds left.
|
|t:|1713509375
|move|p2a: Cloyster|Icicle Spear|p1a: Reuniclus
|-damage|p1a: Reuniclus|76/100
|-damage|p1a: Reuniclus|49/100
|-damage|p1a: Reuniclus|20/100
|-damage|p1a: Reuniclus|0 fnt
|faint|p1a: Reuniclus
|-hitcount|p1: Reuniclus|4
|
|-weather|Hail|[upkeep]
|upkeep
|inactive|BookofConke has 30 seconds left.
|
|t:|1713509387
|switch|p1a: Kyurem|Kyurem-Black|100/100
|-damage|p1a: Kyurem|76/100|[from] Stealth Rock
|-ability|p1a: Kyurem|Teravolt
|turn|23
|inactive|BookofConke has 30 seconds left.
|
|t:|1713509395
|move|p2a: Cloyster|Icicle Spear|p1a: Kyurem
|-damage|p1a: Kyurem|53/100
|-damage|p1a: Kyurem|31/100
|-damage|p1a: Kyurem|9/100
|-damage|p1a: Kyurem|0 fnt
|faint|p1a: Kyurem
|-hitcount|p1: Kyurem|4
|
|-weather|Hail|[upkeep]
|upkeep
|inactive|BookofConke has 30 seconds left.
|
|t:|1713509405
|switch|p1a: Garchomp|Garchomp, M|51/100 brn
|-damage|p1a: Garchomp|45/100 brn|[from] Stealth Rock
|turn|24
|
|t:|1713509412
|move|p2a: Cloyster|Ice Shard|p1a: Garchomp
|-supereffective|p1a: Garchomp
|-damage|p1a: Garchomp|0 fnt
|faint|p1a: Garchomp
|
|-weather|Hail|[upkeep]
|upkeep
|
|t:|1713509417
|switch|p1a: Latios|Latios, M|100/100
|-damage|p1a: Latios|88/100|[from] Stealth Rock
|turn|25
|
|t:|1713509421
|move|p2a: Cloyster|Ice Shard|p1a: Latios
|-supereffective|p1a: Latios
|-damage|p1a: Latios|0 fnt
|faint|p1a: Latios
|
|-weather|Hail|[upkeep]
|upkeep
|c|☆BookofConke|God I hate Cloy
|
|t:|1713509430
|switch|p1a: Jirachi|Jirachi|12/100 brn
|-damage|p1a: Jirachi|6/100 brn|[from] Stealth Rock
|turn|26
|
|t:|1713509435
|move|p2a: Cloyster|Icicle Spear|p1a: Jirachi
|-resisted|p1a: Jirachi
|-damage|p1a: Jirachi|0 fnt
|faint|p1a: Jirachi
|-hitcount|p1: Jirachi|1
|
|-weather|Hail|[upkeep]
|upkeep
|
|t:|1713509440
|switch|p1a: Magnezone|Magnezone|50/100
|-damage|p1a: Magnezone|44/100|[from] Stealth Rock
|turn|27
|
|t:|1713509443
|move|p2a: Cloyster|Icicle Spear|p1a: Magnezone
|-resisted|p1a: Magnezone
|-damage|p1a: Magnezone|29/100
|-resisted|p1a: Magnezone
|-damage|p1a: Magnezone|14/100
|-resisted|p1a: Magnezone
|-damage|p1a: Magnezone|0 fnt
|faint|p1a: Magnezone
|-hitcount|p1: Magnezone|3
|
|win|LeafStoned
|raw|BookofConke's rating: 1460 &rarr; <strong>1431</strong><br />(-29 for losing)
|raw|LeafStoned's rating: 1291 &rarr; <strong>1327</strong><br />(+36 for winning)
