|j|☆blyatboy2
|j|☆GrinchsBankAccount
|player|p1|blyatboy2|102|1412
|player|p2|GrinchsBankAccount|aetherfoundation|1265
|teamsize|p1|6
|teamsize|p2|6
|gametype|singles
|gen|5
|tier|[Gen 5] OU
|rated|
|clearpoke
|poke|p1|Scizor, F|item
|poke|p1|Politoed, F|item
|poke|p1|Latios, M|item
|poke|p1|Jirachi|item
|poke|p1|Landorus-Therian, M|item
|poke|p1|Tentacruel, F|item
|poke|p2|Xatu, F|item
|poke|p2|Excadrill, M|item
|poke|p2|Seismitoad, F|item
|poke|p2|Scizor, F|item
|poke|p2|Rotom-Heat|item
|poke|p2|Ambipom, F|item
|rule|Species Clause: Limit one of each Pokémon
|rule|OHKO Clause: OHKO moves are banned
|rule|Moody Clause: Moody is banned
|rule|Evasion Moves Clause: Evasion moves are banned
|rule|Endless Battle Clause: Forcing endless battles is banned
|rule|HP Percentage Mod: HP is shown in percentages
|rule|Evasion Abilities Clause: Evasion abilities are banned
|rule|Baton Pass Clause: Limit one Baton Passer, can't pass Spe and other stats simultaneously
|rule|Sleep Clause: Sleep-inducing moves are banned
|rule|Swagger Clause: Swagger is banned
|teampreview
|inactive|Battle timer is ON: inactive players will automatically lose when time's up. (requested by GrinchsBankAccount)
|inactive|blyatboy2 has 120 seconds left.
|
|start
|switch|p1a: Politoed|Politoed, F|100/100
|switch|p2a: Ambipom|Ambipom, F|100/100
|-weather|RainDance|[from] ability: Drizzle|[of] p1a: Politoed
|turn|1
|
|move|p2a: Ambipom|Fake Out|p1a: Politoed
|-damage|p1a: Politoed|65/100
|cant|p1a: Politoed|flinch
|
|-weather|RainDance|[upkeep]
|upkeep
|turn|2
|
|switch|p2a: Seismitoad|Seismitoad, F|100/100
|move|p1a: Politoed|Hydro Pump|p2a: Seismitoad
|-immune|p2a: Seismitoad|[from] ability: Water Absorb
|
|-weather|RainDance|[upkeep]
|upkeep
|turn|3
|
|switch|p1a: Scizor|Scizor, F|100/100
|move|p2a: Seismitoad|Stealth Rock|p1a: Scizor
|-sidestart|p1: blyatboy2|move: Stealth Rock
|
|-weather|RainDance|[upkeep]
|upkeep
|turn|4
|
|move|p1a: Scizor|Swords Dance|p1a: Scizor
|-boost|p1a: Scizor|atk|2
|move|p2a: Seismitoad|Scald|p1a: Scizor
|-damage|p1a: Scizor|56/100
|
|-weather|RainDance|[upkeep]
|upkeep
|turn|5
|
|switch|p2a: Rotom|Rotom-Heat|100/100
|move|p1a: Scizor|Superpower|p2a: Rotom
|-damage|p2a: Rotom|2/100
|-unboost|p1a: Scizor|atk|1
|-unboost|p1a: Scizor|def|1
|
|-weather|RainDance|[upkeep]
|upkeep
|turn|6
|
|switch|p2a: Scizor|Scizor, F|100/100
|move|p1a: Scizor|Bullet Punch|p2a: Scizor
|-resisted|p2a: Scizor
|-damage|p2a: Scizor|64/100
|
|-weather|RainDance|[upkeep]
|upkeep
|turn|7
|j| Ryaegis
|
|move|p2a: Scizor|Superpower|p1a: Scizor
|-damage|p1a: Scizor|0 fnt
|-unboost|p2a: Scizor|atk|1
|-unboost|p2a: Scizor|def|1
|-damage|p2a: Scizor|54/100|[from] item: Life Orb
|faint|p1a: Scizor
|
|-weather|RainDance|[upkeep]
|upkeep
|
|switch|p1a: Landorus|Landorus-Therian, M|100/100
|-damage|p1a: Landorus|88/100|[from] Stealth Rock
|-ability|p1a: Landorus|Intimidate|boost
|-unboost|p2a: Scizor|atk|1
|turn|8
|
|switch|p2a: Xatu|Xatu, F|100/100
|move|p1a: Landorus|Stealth Rock|p2a: Xatu
|move|p2a: Xatu|Stealth Rock||[from]Magic Bounce|[still]
|-fail|p2a: Xatu
|
|-weather|RainDance|[upkeep]
|-heal|p1a: Landorus|94/100|[from] item: Leftovers
|upkeep
|turn|9
|
|move|p2a: Xatu|Night Shade|p1a: Landorus
|-damage|p1a: Landorus|67/100
|move|p1a: Landorus|U-turn|p2a: Xatu
|-damage|p2a: Xatu|73/100
|-damage|p1a: Landorus|51/100|[from] item: Rocky Helmet|[of] p2a: Xatu
|
|switch|p1a: Politoed|Politoed, F|65/100|[from]move: U-turn
|-damage|p1a: Politoed|53/100|[from] Stealth Rock
|
|-weather|RainDance|[upkeep]
|upkeep
|turn|10
|
|switch|p2a: Seismitoad|Seismitoad, F|100/100
|move|p1a: Politoed|Ice Beam|p2a: Seismitoad
|-damage|p2a: Seismitoad|59/100
|
|-weather|RainDance|[upkeep]
|-heal|p2a: Seismitoad|65/100|[from] item: Leftovers
|upkeep
|turn|11
|
|switch|p2a: Rotom|Rotom-Heat|2/100
|move|p1a: Politoed|Ice Beam|p2a: Rotom
|-resisted|p2a: Rotom
|-crit|p2a: Rotom
|-damage|p2a: Rotom|0 fnt
|faint|p2a: Rotom
|
|-weather|RainDance|[upkeep]
|upkeep
|
|switch|p2a: Scizor|Scizor, F|54/100
|turn|12
|
|switch|p1a: Landorus|Landorus-Therian, M|51/100
|-damage|p1a: Landorus|38/100|[from] Stealth Rock
|-ability|p1a: Landorus|Intimidate|boost
|-unboost|p2a: Scizor|atk|1
|move|p2a: Scizor|U-turn|p1a: Landorus
|-resisted|p1a: Landorus
|-damage|p1a: Landorus|23/100
|-damage|p2a: Scizor|45/100|[from] item: Life Orb
|
|switch|p2a: Ambipom|Ambipom, F|100/100|[from]move: U-turn
|
|-weather|RainDance|[upkeep]
|-heal|p1a: Landorus|29/100|[from] item: Leftovers
|upkeep
|turn|13
|
|switch|p1a: Jirachi|Jirachi|100/100
|-damage|p1a: Jirachi|94/100|[from] Stealth Rock
|move|p2a: Ambipom|Fake Out|p1a: Jirachi
|-resisted|p1a: Jirachi
|-damage|p1a: Jirachi|81/100
|
|-weather|RainDance|[upkeep]
|-heal|p1a: Jirachi|87/100|[from] item: Leftovers
|upkeep
|turn|14
|
|switch|p2a: Excadrill|Excadrill, M|100/100
|-ability|p2a: Excadrill|Mold Breaker
|move|p1a: Jirachi|Wish|p1a: Jirachi
|
|-weather|RainDance|[upkeep]
|-heal|p1a: Jirachi|93/100|[from] item: Leftovers
|upkeep
|turn|15
|
|switch|p1a: Landorus|Landorus-Therian, M|29/100
|-damage|p1a: Landorus|17/100|[from] Stealth Rock
|-ability|p1a: Landorus|Intimidate|boost
|-unboost|p2a: Excadrill|atk|1
|move|p2a: Excadrill|Iron Head|p1a: Landorus
|-damage|p1a: Landorus|0 fnt
|faint|p1a: Landorus
|
|-weather|RainDance|[upkeep]
|upkeep
|
|switch|p1a: Latios|Latios, M|100/100
|-damage|p1a: Latios|88/100|[from] Stealth Rock
|turn|16
|
|switch|p2a: Seismitoad|Seismitoad, F|65/100
|move|p1a: Latios|Surf|p2a: Seismitoad
|-heal|p2a: Seismitoad|90/100|[from] ability: Water Absorb|[of] p1a: Latios
|
|-weather|RainDance|[upkeep]
|-heal|p2a: Seismitoad|96/100|[from] item: Leftovers
|upkeep
|turn|17
|
|switch|p1a: Jirachi|Jirachi|93/100
|-damage|p1a: Jirachi|87/100|[from] Stealth Rock
|move|p2a: Seismitoad|Scald|p1a: Jirachi
|-damage|p1a: Jirachi|65/100
|-status|p1a: Jirachi|brn
|
|-weather|RainDance|[upkeep]
|-heal|p1a: Jirachi|71/100 brn|[from] item: Leftovers
|-heal|p2a: Seismitoad|100/100|[from] item: Leftovers
|-damage|p1a: Jirachi|59/100 brn|[from] brn
|upkeep
|turn|18
|
|move|p1a: Jirachi|Wish|p1a: Jirachi
|move|p2a: Seismitoad|Earthquake|p1a: Jirachi
|-supereffective|p1a: Jirachi
|-damage|p1a: Jirachi|8/100 brn
|
|-weather|RainDance|[upkeep]
|-heal|p1a: Jirachi|14/100 brn|[from] item: Leftovers
|-damage|p1a: Jirachi|2/100 brn|[from] brn
|upkeep
|turn|19
|
|move|p1a: Jirachi|Iron Head|p2a: Seismitoad
|-resisted|p2a: Seismitoad
|-damage|p2a: Seismitoad|96/100
|move|p2a: Seismitoad|Toxic||[still]
|-fail|p2a: Seismitoad
|
|-weather|RainDance|[upkeep]
|-heal|p1a: Jirachi|52/100 brn|[from] move: Wish|[wisher] Jirachi
|-heal|p1a: Jirachi|58/100 brn|[from] item: Leftovers
|-heal|p2a: Seismitoad|100/100|[from] item: Leftovers
|-damage|p1a: Jirachi|46/100 brn|[from] brn
|upkeep
|turn|20
|
|switch|p1a: Latios|Latios, M|88/100
|-damage|p1a: Latios|76/100|[from] Stealth Rock
|move|p2a: Seismitoad|Earthquake|p1a: Latios
|-immune|p1a: Latios|[from] ability: Levitate
|
|-weather|RainDance|[upkeep]
|upkeep
|turn|21
|
|switch|p2a: Xatu|Xatu, F|73/100
|move|p1a: Latios|Psyshock|p2a: Xatu
|-resisted|p2a: Xatu
|-damage|p2a: Xatu|52/100
|
|-weather|RainDance|[upkeep]
|upkeep
|turn|22
|
|switch|p1a: Jirachi|Jirachi|46/100 brn
|-damage|p1a: Jirachi|40/100 brn|[from] Stealth Rock
|move|p2a: Xatu|Wish|p2a: Xatu
|
|-weather|RainDance|[upkeep]
|-heal|p1a: Jirachi|46/100 brn|[from] item: Leftovers
|-damage|p1a: Jirachi|33/100 brn|[from] brn
|upkeep
|turn|23
|
|switch|p2a: Scizor|Scizor, F|45/100
|move|p1a: Jirachi|Wish|p1a: Jirachi
|
|-weather|RainDance|[upkeep]
|-heal|p2a: Scizor|99/100|[from] move: Wish|[wisher] Xatu
|-heal|p1a: Jirachi|40/100 brn|[from] item: Leftovers
|-damage|p1a: Jirachi|27/100 brn|[from] brn
|upkeep
|turn|24
|
|move|p1a: Jirachi|Thunder|p2a: Scizor
|-damage|p2a: Scizor|62/100
|move|p2a: Scizor|U-turn|p1a: Jirachi
|-damage|p1a: Jirachi|0 fnt
|-damage|p2a: Scizor|52/100|[from] item: Life Orb
|faint|p1a: Jirachi
|
|switch|p2a: Excadrill|Excadrill, M|100/100|[from]move: U-turn
|-ability|p2a: Excadrill|Mold Breaker
|
|-weather|RainDance|[upkeep]
|upkeep
|
|switch|p1a: Latios|Latios, M|76/100
|-damage|p1a: Latios|64/100|[from] Stealth Rock
|turn|25
|
|move|p1a: Latios|Surf|p2a: Excadrill
|-supereffective|p2a: Excadrill
|-damage|p2a: Excadrill|0 fnt
|faint|p2a: Excadrill
|
|-weather|RainDance|[upkeep]
|upkeep
|
|switch|p2a: Ambipom|Ambipom, F|100/100
|turn|26
|
|switch|p1a: Tentacruel|Tentacruel, F|100/100
|-damage|p1a: Tentacruel|88/100|[from] Stealth Rock
|move|p2a: Ambipom|Fake Out|p1a: Tentacruel
|-damage|p1a: Tentacruel|61/100
|
|-weather|RainDance|[upkeep]
|-heal|p1a: Tentacruel|68/100|[from] ability: Rain Dish
|-heal|p1a: Tentacruel|74/100|[from] item: Black Sludge
|upkeep
|turn|27
|
|switch|p2a: Seismitoad|Seismitoad, F|100/100
|move|p1a: Tentacruel|Toxic|p2a: Seismitoad
|-status|p2a: Seismitoad|tox
|
|-weather|RainDance|[upkeep]
|-heal|p1a: Tentacruel|80/100|[from] ability: Rain Dish
|-heal|p1a: Tentacruel|86/100|[from] item: Black Sludge
|-damage|p2a: Seismitoad|94/100 tox|[from] psn
|upkeep
|turn|28
|
|move|p1a: Tentacruel|Protect|p1a: Tentacruel
|-singleturn|p1a: Tentacruel|Protect
|move|p2a: Seismitoad|Scald|p1a: Tentacruel
|-activate|p1a: Tentacruel|move: Protect
|
|-weather|RainDance|[upkeep]
|-heal|p1a: Tentacruel|92/100|[from] ability: Rain Dish
|-heal|p1a: Tentacruel|98/100|[from] item: Black Sludge
|-heal|p2a: Seismitoad|100/100 tox|[from] item: Leftovers
|-damage|p2a: Seismitoad|88/100 tox|[from] psn
|upkeep
|turn|29
|
|move|p1a: Tentacruel|Rapid Spin|p2a: Seismitoad
|-damage|p2a: Seismitoad|86/100 tox
|-sideend|p1: blyatboy2|Stealth Rock|[from] move: Rapid Spin|[of] p1a: Tentacruel
|move|p2a: Seismitoad|Earthquake|p1a: Tentacruel
|-supereffective|p1a: Tentacruel
|-crit|p1a: Tentacruel
|-damage|p1a: Tentacruel|0 fnt
|faint|p1a: Tentacruel
|
|-weather|RainDance|[upkeep]
|-heal|p2a: Seismitoad|92/100 tox|[from] item: Leftovers
|-damage|p2a: Seismitoad|74/100 tox|[from] psn
|upkeep
|
|switch|p1a: Politoed|Politoed, F|53/100
|turn|30
|
|move|p1a: Politoed|Focus Blast|p2a: Seismitoad
|-damage|p2a: Seismitoad|20/100 tox
|move|p2a: Seismitoad|Stealth Rock|p1a: Politoed
|-sidestart|p1: blyatboy2|move: Stealth Rock
|
|-weather|RainDance|[upkeep]
|-heal|p2a: Seismitoad|26/100 tox|[from] item: Leftovers
|-damage|p2a: Seismitoad|1/100 tox|[from] psn
|upkeep
|turn|31
|
|move|p1a: Politoed|Focus Blast|p2a: Seismitoad|[miss]
|-miss|p1a: Politoed|p2a: Seismitoad
|move|p2a: Seismitoad|Earthquake|p1a: Politoed
|-damage|p1a: Politoed|16/100
|
|-weather|RainDance|[upkeep]
|-heal|p2a: Seismitoad|8/100 tox|[from] item: Leftovers
|-damage|p2a: Seismitoad|0 fnt|[from] psn
|faint|p2a: Seismitoad
|upkeep
|
|switch|p2a: Xatu|Xatu, F|52/100
|turn|32
|
|move|p2a: Xatu|Roost|p2a: Xatu
|-heal|p2a: Xatu|100/100
|-singleturn|p2a: Xatu|move: Roost
|move|p1a: Politoed|Focus Blast|p2a: Xatu
|-resisted|p2a: Xatu
|-damage|p2a: Xatu|61/100
|
|-weather|RainDance|[upkeep]
|upkeep
|turn|33
|
|move|p2a: Xatu|Night Shade|p1a: Politoed
|-damage|p1a: Politoed|0 fnt
|faint|p1a: Politoed
|
|-weather|RainDance|[upkeep]
|upkeep
|
|switch|p1a: Latios|Latios, M|64/100
|-damage|p1a: Latios|51/100|[from] Stealth Rock
|turn|34
|
|move|p1a: Latios|Surf|p2a: Xatu
|-damage|p2a: Xatu|0 fnt
|faint|p2a: Xatu
|
|-weather|RainDance|[upkeep]
|upkeep
|
|switch|p2a: Ambipom|Ambipom, F|100/100
|turn|35
|
|move|p2a: Ambipom|Fake Out|p1a: Latios
|-damage|p1a: Latios|9/100
|cant|p1a: Latios|flinch
|
|-weather|RainDance|[upkeep]
|upkeep
|turn|36
|
|move|p1a: Latios|Surf|p2a: Ambipom
|-damage|p2a: Ambipom|22/100
|move|p2a: Ambipom|Frustration|p1a: Latios
|-damage|p1a: Latios|0 fnt
|faint|p1a: Latios
|
|win|GrinchsBankAccount
|raw|blyatboy2's rating: 1412 &rarr; <strong>1384</strong><br />(-28 for losing)
|raw|GrinchsBankAccount's rating: 1265 &rarr; <strong>1300</strong><br />(+35 for winning)
