|j|☆bxh318916
|j|☆esiariesiari
|t:|1730406265
|gametype|singles
|player|p1|bxh318916|steven|1417
|player|p2|esiariesiari|cynthia-gen4|1357
|teamsize|p1|6
|teamsize|p2|6
|gen|5
|tier|[Gen 5] OU
|rated|
|rule|Species Clause: Limit one of each Pokémon
|rule|OHKO Clause: OHKO moves are banned
|rule|Moody Clause: Moody is banned
|rule|Evasion Items Clause: Evasion items are banned
|rule|Evasion Moves Clause: Evasion moves are banned
|rule|Endless Battle Clause: Forcing endless battles is banned
|rule|HP Percentage Mod: HP is shown in percentages
|rule|Evasion Abilities Clause: Evasion abilities are banned
|rule|Sleep Moves Clause: Sleep-inducing moves are banned
|rule|Swagger Clause: Swagger is banned
|rule|Baton Pass Stat Clause: No Baton Passer may have a way to boost its stats
|clearpoke
|poke|p1|Tyranitar, M|item
|poke|p1|Keldeo|item
|poke|p1|Garchomp, M|item
|poke|p1|Zapdos|item
|poke|p1|Scizor, F|item
|poke|p1|Starmie|item
|poke|p2|Magnezone|item
|poke|p2|Jirachi|item
|poke|p2|Latios, M|item
|poke|p2|Kyurem-Black|item
|poke|p2|Dragonite, M|item
|poke|p2|Reuniclus, M|item
|teampreview
|inactive|Battle timer is ON: inactive players will automatically lose when time's up. (requested by esiariesiari)
|
|t:|1730406295
|start
|switch|p1a: Zapdos|Zapdos|100/100
|switch|p2a: Goofus|Dragonite, M|100/100
|-ability|p1a: Zapdos|Pressure
|turn|1
|
|t:|1730406312
|switch|p2a: Make A Wish|Jirachi|100/100
|move|p1a: Zapdos|Volt Switch|p2a: Make A Wish
|-damage|p2a: Make A Wish|83/100
|
|t:|1730406321
|switch|p1a: Garchomp|Garchomp, M|100/100|[from] Volt Switch
|
|-heal|p2a: Make A Wish|89/100|[from] item: Leftovers
|upkeep
|turn|2
|
|t:|1730406336
|switch|p1a: Scizor|Scizor, F|100/100
|move|p2a: Make A Wish|Stealth Rock|p1a: Scizor
|-sidestart|p1: bxh318916|move: Stealth Rock
|
|-heal|p2a: Make A Wish|96/100|[from] item: Leftovers
|upkeep
|turn|3
|
|t:|1730406344
|move|p2a: Make A Wish|U-turn|p1a: Scizor
|-resisted|p1a: Scizor
|-damage|p1a: Scizor|95/100
|
|t:|1730406348
|switch|p2a: UFO|Magnezone, shiny|100/100|[from] U-turn
|-item|p2a: UFO|Air Balloon
|move|p1a: Scizor|U-turn|p2a: UFO
|-resisted|p2a: UFO
|-damage|p2a: UFO|86/100
|-enditem|p2a: UFO|Air Balloon
|
|t:|1730406358
|switch|p1a: Garchomp|Garchomp, M|100/100|[from] U-turn
|-damage|p1a: Garchomp|94/100|[from] Stealth Rock
|
|upkeep
|turn|4
|
|t:|1730406372
|switch|p2a: Goofus|Dragonite, M|100/100
|move|p1a: Garchomp|Stealth Rock|p2a: Goofus
|-sidestart|p2: esiariesiari|move: Stealth Rock
|
|upkeep
|turn|5
|
|t:|1730406382
|switch|p1a: Starmie|Starmie|100/100
|-damage|p1a: Starmie|88/100|[from] Stealth Rock
|move|p2a: Goofus|Dragon Dance|p2a: Goofus
|-boost|p2a: Goofus|atk|1
|-boost|p2a: Goofus|spe|1
|
|-heal|p1a: Starmie|94/100|[from] item: Leftovers
|upkeep
|turn|6
|
|t:|1730406392
|move|p2a: Goofus|Outrage|p1a: Starmie
|-damage|p1a: Starmie|0 fnt
|faint|p1a: Starmie
|
|upkeep
|
|t:|1730406403
|switch|p1a: Garchomp|Garchomp, M|94/100
|-damage|p1a: Garchomp|88/100|[from] Stealth Rock
|turn|7
|
|t:|1730406407
|move|p1a: Garchomp|Outrage|p2a: Goofus
|-supereffective|p2a: Goofus
|-damage|p2a: Goofus|28/100
|move|p2a: Goofus|Outrage|p1a: Garchomp|[from]lockedmove
|-supereffective|p1a: Garchomp
|-crit|p1a: Garchomp
|-damage|p1a: Garchomp|0 fnt
|-damage|p2a: Goofus|15/100|[from] ability: Rough Skin|[of] p1a: Garchomp
|faint|p1a: Garchomp
|-start|p2a: Goofus|confusion|[fatigue]
|-enditem|p2a: Goofus|Lum Berry|[eat]
|-end|p2a: Goofus|confusion
|
|upkeep
|
|t:|1730406422
|switch|p1a: Scizor|Scizor, F|95/100
|-damage|p1a: Scizor|82/100|[from] Stealth Rock
|turn|8
|
|t:|1730406432
|move|p2a: Goofus|Earthquake|p1a: Scizor
|-damage|p1a: Scizor|40/100
|move|p1a: Scizor|U-turn|p2a: Goofus
|-resisted|p2a: Goofus
|-damage|p2a: Goofus|0 fnt
|faint|p2a: Goofus
|
|t:|1730406444
|switch|p1a: Zapdos|Zapdos|100/100|[from] U-turn
|-damage|p1a: Zapdos|76/100|[from] Stealth Rock
|-ability|p1a: Zapdos|Pressure
|
|-heal|p1a: Zapdos|82/100|[from] item: Leftovers
|upkeep
|
|t:|1730406460
|switch|p2a: Iceman|Kyurem-Black|100/100
|-damage|p2a: Iceman|76/100|[from] Stealth Rock
|-ability|p2a: Iceman|Teravolt
|turn|9
|
|t:|1730406472
|move|p2a: Iceman|Outrage|p1a: Zapdos
|-damage|p1a: Zapdos|0 fnt
|faint|p1a: Zapdos
|
|upkeep
|
|t:|1730406479
|switch|p1a: Scizor|Scizor, F|40/100
|-damage|p1a: Scizor|28/100|[from] Stealth Rock
|turn|10
|-message|bxh318916 forfeited.
|
|win|esiariesiari
|raw|bxh318916's rating: 1417 &rarr; <strong>1394</strong><br />(-23 for losing)
|raw|esiariesiari's rating: 1357 &rarr; <strong>1380</strong><br />(+23 for winning)
|l|☆bxh318916
|player|p1|
