|j|☆hallihalloo
|j|☆DiegoBrandoTW
|t:|1739224596
|gametype|singles
|player|p1|hallihalloo|102|1368
|player|p2|DiegoBrandoTW|youngcouple-gen4dp|1362
|teamsize|p1|6
|teamsize|p2|6
|gen|5
|tier|[Gen 5] OU
|rated|
|rule|Species Clause: Limit one of each Pokémon
|rule|OHKO Clause: OHKO moves are banned
|rule|Moody Clause: Moody is banned
|rule|Evasion Items Clause: Evasion items are banned
|rule|Evasion Moves Clause: Evasion moves are banned
|rule|Endless Battle Clause: Forcing endless battles is banned
|rule|HP Percentage Mod: HP is shown in percentages
|rule|Evasion Abilities Clause: Evasion abilities are banned
|rule|Sleep Moves Clause: Sleep-inducing moves are banned
|rule|Swagger Clause: Swagger is banned
|rule|Baton Pass Stat Clause: No Baton Passer may have a way to boost its stats
|clearpoke
|poke|p1|Skarmory, M|item
|poke|p1|Tyranitar, F|item
|poke|p1|Alakazam, F|item
|poke|p1|Landorus-Therian, M|item
|poke|p1|Rotom-Wash|item
|poke|p1|Heatran, F|item
|poke|p2|Politoed, M|item
|poke|p2|Keldeo-Resolute|item
|poke|p2|Scizor, F|item
|poke|p2|Garchomp, M|item
|poke|p2|Starmie|item
|poke|p2|Latios, M|item
|teampreview
|inactive|Battle timer is ON: inactive players will automatically lose when time's up. (requested by DiegoBrandoTW)
|
|t:|1739224609
|start
|switch|p1a: Landorus|Landorus-Therian, M|100/100
|switch|p2a: Scizor|Scizor, F|100/100
|-ability|p1a: Landorus|Intimidate|boost
|-unboost|p2a: Scizor|atk|1
|turn|1
|
|t:|1739224613
|move|p1a: Landorus|U-turn|p2a: Scizor
|-resisted|p2a: Scizor
|-damage|p2a: Scizor|84/100
|
|t:|1739224616
|switch|p1a: Skarmory|Skarmory, M|100/100|[from] U-turn
|move|p2a: Scizor|U-turn|p1a: Skarmory
|-resisted|p1a: Skarmory
|-damage|p1a: Skarmory|96/100
|-damage|p2a: Scizor|67/100|[from] item: Rocky Helmet|[of] p1a: Skarmory
|
|t:|1739224620
|switch|p2a: Starmie|Starmie|100/100|[from] U-turn
|-item|p2a: Starmie|Air Balloon
|
|upkeep
|turn|2
|
|t:|1739224630
|switch|p1a: Tyranitar|Tyranitar, F|100/100
|-weather|Sandstorm|[from] ability: Sand Stream|[of] p1a: Tyranitar
|move|p2a: Starmie|Hydro Pump|p1a: Tyranitar
|-supereffective|p1a: Tyranitar
|-damage|p1a: Tyranitar|19/100
|
|-weather|Sandstorm|[upkeep]
|-damage|p2a: Starmie|94/100|[from] Sandstorm
|-heal|p1a: Tyranitar|25/100|[from] item: Leftovers
|upkeep
|turn|3
|
|t:|1739224641
|switch|p1a: Rotom|Rotom-Wash|100/100
|move|p2a: Starmie|Hydro Pump|p1a: Rotom
|-resisted|p1a: Rotom
|-damage|p1a: Rotom|59/100
|
|-weather|Sandstorm|[upkeep]
|-damage|p1a: Rotom|53/100|[from] Sandstorm
|-damage|p2a: Starmie|88/100|[from] Sandstorm
|upkeep
|turn|4
|
|t:|1739224645
|switch|p2a: Politoed|Politoed, M|100/100
|-weather|RainDance|[from] ability: Drizzle|[of] p2a: Politoed
|move|p1a: Rotom|Volt Switch|p2a: Politoed
|-supereffective|p2a: Politoed
|-damage|p2a: Politoed|58/100
|
|t:|1739224671
|switch|p1a: Skarmory|Skarmory, M|96/100|[from] Volt Switch
|
|-weather|RainDance|[upkeep]
|-heal|p2a: Politoed|65/100|[from] item: Leftovers
|upkeep
|turn|5
|
|t:|1739224678
|move|p2a: Politoed|Scald|p1a: Skarmory
|-damage|p1a: Skarmory|63/100
|move|p1a: Skarmory|Spikes|p2a: Politoed
|-sidestart|p2: DiegoBrandoTW|Spikes
|
|-weather|RainDance|[upkeep]
|-heal|p2a: Politoed|71/100|[from] item: Leftovers
|upkeep
|turn|6
|
|t:|1739224683
|switch|p1a: Rotom|Rotom-Wash|53/100
|move|p2a: Politoed|Encore||[still]
|-fail|p2a: Politoed
|
|-weather|RainDance|[upkeep]
|-heal|p2a: Politoed|77/100|[from] item: Leftovers
|upkeep
|turn|7
|
|t:|1739224688
|move|p2a: Politoed|Protect|p2a: Politoed
|-singleturn|p2a: Politoed|Protect
|move|p1a: Rotom|Trick|p2a: Politoed
|-activate|p2a: Politoed|move: Protect
|
|-weather|RainDance|[upkeep]
|-heal|p2a: Politoed|83/100|[from] item: Leftovers
|upkeep
|turn|8
|
|t:|1739224696
|switch|p1a: Alakazam|Alakazam, F|100/100
|move|p2a: Politoed|Toxic|p1a: Alakazam
|-status|p1a: Alakazam|tox
|
|-weather|RainDance|[upkeep]
|-heal|p2a: Politoed|90/100|[from] item: Leftovers
|upkeep
|turn|9
|
|t:|1739224702
|switch|p1a: Skarmory|Skarmory, M|63/100
|move|p2a: Politoed|Scald|p1a: Skarmory
|-damage|p1a: Skarmory|27/100
|
|-weather|RainDance|[upkeep]
|-heal|p2a: Politoed|96/100|[from] item: Leftovers
|upkeep
|turn|10
|
|t:|1739224705
|move|p2a: Politoed|Scald|p1a: Skarmory
|-damage|p1a: Skarmory|0 fnt
|faint|p1a: Skarmory
|
|-weather|RainDance|[upkeep]
|-heal|p2a: Politoed|100/100|[from] item: Leftovers
|upkeep
|-message|hallihalloo forfeited.
|
|win|DiegoBrandoTW
|raw|hallihalloo's rating: 1368 &rarr; <strong>1348</strong><br />(-20 for losing)
|raw|DiegoBrandoTW's rating: 1362 &rarr; <strong>1382</strong><br />(+20 for winning)
|l|☆hallihalloo
|player|p1|
