|j|☆Nachtaron
|j|☆basco
|player|p1|Nachtaron|180
|player|p2|basco|169
|teamsize|p1|6
|teamsize|p2|6
|gametype|singles
|gen|5
|tier|[Gen 5] OU
|rated|
|rule|Sleep Clause Mod: Limit one foe put to sleep
|rule|Species Clause: Limit one of each Pokémon
|rule|OHKO Clause: OHKO moves are banned
|rule|Moody Clause: Moody is banned
|rule|Evasion Moves Clause: Evasion moves are banned
|rule|Endless Battle Clause: Forcing endless battles is banned
|rule|HP Percentage Mod: HP is shown in percentages
|rule|Evasion Abilities Clause: Evasion abilities are banned
|rule|Baton Pass Clause: Limit one Baton Passer, can't pass Spe and other stats simultaneously
|rule|Swagger Clause: Swagger is banned
|clearpoke
|poke|p1|Azelf|item
|poke|p1|Garchomp, M|item
|poke|p1|Breloom, F|item
|poke|p1|Scizor, M|item
|poke|p1|Dragonite, M|item
|poke|p1|Salamence, M|item
|poke|p2|Tyranitar, M|item
|poke|p2|Magnezone|item
|poke|p2|Terrakion|item
|poke|p2|Latios, M|item
|poke|p2|Scizor, F|item
|poke|p2|Landorus-Therian, M|item
|teampreview
|
|start
|switch|p1a: Breloom|Breloom, F|100/100
|switch|p2a: Pat Riely|Tyranitar, M|100/100
|-weather|Sandstorm|[from] ability: Sand Stream|[of] p2a: Pat Riely
|turn|1
|
|move|p1a: Breloom|Spore|p2a: Pat Riely
|-status|p2a: Pat Riely|slp
|cant|p2a: Pat Riely|slp
|
|-weather|Sandstorm|[upkeep]
|-damage|p1a: Breloom|94/100|[from] Sandstorm
|upkeep
|turn|2
|
|-singleturn|p1a: Breloom|move: Focus Punch
|switch|p2a: Bron Bron|Landorus-Therian, M|100/100
|-ability|p2a: Bron Bron|Intimidate|boost
|-unboost|p1a: Breloom|atk|1
|move|p1a: Breloom|Focus Punch|p2a: Bron Bron
|-enditem|p1a: Breloom|Fighting Gem|[from] gem|[move] Focus Punch
|-resisted|p2a: Bron Bron
|-damage|p2a: Bron Bron|62/100
|
|-weather|Sandstorm|[upkeep]
|-damage|p1a: Breloom|88/100|[from] Sandstorm
|upkeep
|turn|3
|
|switch|p1a: Scizor|Scizor, M|100/100
|move|p2a: Bron Bron|Hidden Power|p1a: Scizor
|-resisted|p1a: Scizor
|-crit|p1a: Scizor
|-damage|p1a: Scizor|76/100
|
|-weather|Sandstorm|[upkeep]
|upkeep
|turn|4
|
|move|p2a: Bron Bron|U-turn|p1a: Scizor
|-resisted|p1a: Scizor
|-damage|p1a: Scizor|61/100
|
|switch|p2a: Miller|Scizor, F, shiny|100/100
|move|p1a: Scizor|Swords Dance|p1a: Scizor
|-boost|p1a: Scizor|atk|2
|
|-weather|Sandstorm|[upkeep]
|upkeep
|turn|5
|
|move|p1a: Scizor|Superpower|p2a: Miller
|-damage|p2a: Miller|14/100
|-unboost|p1a: Scizor|atk|1
|-unboost|p1a: Scizor|def|1
|move|p2a: Miller|U-turn|p1a: Scizor
|-resisted|p1a: Scizor
|-damage|p1a: Scizor|7/100
|
|switch|p2a: Ray Allen|Magnezone|100/100
|
|-weather|Sandstorm|[upkeep]
|upkeep
|turn|6
|
|move|p1a: Scizor|Bullet Punch|p2a: Ray Allen
|-resisted|p2a: Ray Allen
|-damage|p2a: Ray Allen|86/100
|move|p2a: Ray Allen|Hidden Power|p1a: Scizor
|-supereffective|p1a: Scizor
|-damage|p1a: Scizor|0 fnt
|faint|p1a: Scizor
|
|-weather|Sandstorm|[upkeep]
|-heal|p2a: Ray Allen|92/100|[from] item: Leftovers
|upkeep
|
|switch|p1a: Garchomp|Garchomp, M, shiny|100/100
|turn|7
|
|move|p1a: Garchomp|Substitute|p1a: Garchomp
|-start|p1a: Garchomp|Substitute
|-damage|p1a: Garchomp|76/100
|move|p2a: Ray Allen|Flash Cannon|p1a: Garchomp
|-end|p1a: Garchomp|Substitute
|
|-weather|Sandstorm|[upkeep]
|-heal|p2a: Ray Allen|98/100|[from] item: Leftovers
|upkeep
|turn|8
|
|switch|p2a: Bron Bron|Landorus-Therian, M|62/100
|-ability|p2a: Bron Bron|Intimidate|boost
|-unboost|p1a: Garchomp|atk|1
|move|p1a: Garchomp|Earthquake|p2a: Bron Bron
|-immune|p2a: Bron Bron
|
|-weather|Sandstorm|[upkeep]
|upkeep
|turn|9
|
|switch|p1a: Azelf|Azelf|100/100
|move|p2a: Bron Bron|Hidden Power|p1a: Azelf
|-damage|p1a: Azelf|71/100
|
|-weather|Sandstorm|[upkeep]
|-damage|p1a: Azelf|65/100|[from] Sandstorm
|upkeep
|turn|10
|
|switch|p2a: Ray Allen|Magnezone|98/100
|move|p1a: Azelf|Hidden Power|p2a: Ray Allen
|-resisted|p2a: Ray Allen
|-damage|p2a: Ray Allen|82/100
|
|-weather|Sandstorm|[upkeep]
|-damage|p1a: Azelf|59/100|[from] Sandstorm
|-heal|p2a: Ray Allen|88/100|[from] item: Leftovers
|upkeep
|turn|11
|
|move|p1a: Azelf|Fire Blast|p2a: Ray Allen|[miss]
|-miss|p1a: Azelf|p2a: Ray Allen
|move|p2a: Ray Allen|Substitute|p2a: Ray Allen
|-start|p2a: Ray Allen|Substitute
|-damage|p2a: Ray Allen|64/100
|
|-weather|Sandstorm|[upkeep]
|-damage|p1a: Azelf|52/100|[from] Sandstorm
|-heal|p2a: Ray Allen|70/100|[from] item: Leftovers
|upkeep
|turn|12
|
|move|p1a: Azelf|Fire Blast|p2a: Ray Allen
|-supereffective|p2a: Ray Allen
|-end|p2a: Ray Allen|Substitute
|move|p2a: Ray Allen|Flash Cannon|p1a: Azelf
|-damage|p1a: Azelf|0 fnt
|faint|p1a: Azelf
|
|-weather|Sandstorm|[upkeep]
|-heal|p2a: Ray Allen|76/100|[from] item: Leftovers
|upkeep
|
|switch|p1a: Breloom|Breloom, F|88/100
|turn|13
|
|switch|p2a: Bron Bron|Landorus-Therian, M|62/100
|-ability|p2a: Bron Bron|Intimidate|boost
|-unboost|p1a: Breloom|atk|1
|move|p1a: Breloom|Bullet Seed|p2a: Bron Bron
|-damage|p2a: Bron Bron|49/100
|-damage|p2a: Bron Bron|36/100
|-hitcount|p2a: Bron Bron|2
|
|-weather|Sandstorm|[upkeep]
|-damage|p1a: Breloom|82/100|[from] Sandstorm
|upkeep
|turn|14
|
|move|p1a: Breloom|Mach Punch|p2a: Bron Bron
|-resisted|p2a: Bron Bron
|-damage|p2a: Bron Bron|24/100
|move|p2a: Bron Bron|Hidden Power|p1a: Breloom
|-supereffective|p1a: Breloom
|-damage|p1a: Breloom|0 fnt
|faint|p1a: Breloom
|
|-weather|Sandstorm|[upkeep]
|upkeep
|j| mawwwwp
|
|switch|p1a: Dragonite|Dragonite, M|100/100
|turn|15
|
|switch|p2a: Ray Allen|Magnezone|76/100
|move|p1a: Dragonite|Dragon Dance|p1a: Dragonite
|-boost|p1a: Dragonite|atk|1
|-boost|p1a: Dragonite|spe|1
|
|-weather|Sandstorm|[upkeep]
|-damage|p1a: Dragonite|94/100|[from] Sandstorm
|-heal|p2a: Ray Allen|82/100|[from] item: Leftovers
|upkeep
|turn|16
|
|move|p1a: Dragonite|Fire Punch|p2a: Ray Allen
|-supereffective|p2a: Ray Allen
|-damage|p2a: Ray Allen|0 fnt
|faint|p2a: Ray Allen
|
|-weather|Sandstorm|[upkeep]
|-damage|p1a: Dragonite|88/100|[from] Sandstorm
|upkeep
|
|switch|p2a: D.Wade|Terrakion|100/100
|turn|17
|
|move|p2a: D.Wade|Stone Edge|p1a: Dragonite
|-supereffective|p1a: Dragonite
|-damage|p1a: Dragonite|0 fnt
|faint|p1a: Dragonite
|
|-weather|Sandstorm|[upkeep]
|upkeep
|
|switch|p1a: Garchomp|Garchomp, M, shiny|76/100
|turn|18
|
|switch|p2a: Bron Bron|Landorus-Therian, M|24/100
|-ability|p2a: Bron Bron|Intimidate|boost
|-unboost|p1a: Garchomp|atk|1
|move|p1a: Garchomp|Substitute|p1a: Garchomp
|-start|p1a: Garchomp|Substitute
|-damage|p1a: Garchomp|51/100
|
|-weather|Sandstorm|[upkeep]
|upkeep
|turn|19
|
|move|p1a: Garchomp|Outrage|p2a: Bron Bron
|-enditem|p1a: Garchomp|Dragon Gem|[from] gem|[move] Outrage
|-damage|p2a: Bron Bron|0 fnt
|faint|p2a: Bron Bron
|
|-weather|Sandstorm|[upkeep]
|upkeep
|
|switch|p2a: Miller|Scizor, F, shiny|14/100
|turn|20
|
|move|p2a: Miller|Bullet Punch|p1a: Garchomp
|-end|p1a: Garchomp|Substitute
|move|p1a: Garchomp|Outrage|p2a: Miller|[from]lockedmove
|-resisted|p2a: Miller
|-damage|p2a: Miller|0 fnt
|faint|p2a: Miller
|
|-weather|Sandstorm|[upkeep]
|upkeep
|
|switch|p2a: D.Wade|Terrakion|100/100
|turn|21
|
|move|p2a: D.Wade|Close Combat|p1a: Garchomp
|-damage|p1a: Garchomp|0 fnt
|-damage|p2a: D.Wade|88/100|[from] ability: Rough Skin|[of] p1a: Garchomp
|-unboost|p2a: D.Wade|def|1
|-unboost|p2a: D.Wade|spd|1
|faint|p1a: Garchomp
|
|-weather|Sandstorm|[upkeep]
|upkeep
|
|switch|p1a: Salamence|Salamence, M|100/100
|turn|22
|
|switch|p2a: Bosh|Latios, M, shiny|100/100
|move|p1a: Salamence|Outrage|p2a: Bosh
|-supereffective|p2a: Bosh
|-damage|p2a: Bosh|0 fnt
|faint|p2a: Bosh
|-ability|p1a: Salamence|Moxie|boost
|-boost|p1a: Salamence|atk|1
|
|-weather|Sandstorm|[upkeep]
|-damage|p1a: Salamence|94/100|[from] Sandstorm
|upkeep
|
|switch|p2a: D.Wade|Terrakion|88/100
|turn|23
|
|move|p2a: D.Wade|Stone Edge|p1a: Salamence
|-supereffective|p1a: Salamence
|-damage|p1a: Salamence|0 fnt
|faint|p1a: Salamence
|
|win|basco
|raw|Nachtaron's rating: 1329 &rarr; <strong>1313</strong><br />(-16 for losing)
|raw|basco's rating: 1398 &rarr; <strong>1414</strong><br />(+16 for winning)
|c|☆Nachtaron|gg
|c|☆basco|gg
