|j|☆ledium
|j|☆cdrgcde
|t:|1744605306
|gametype|singles
|player|p1|ledium|lady-gen4|1388
|player|p2|cdrgcde|hilbert|1372
|teamsize|p1|6
|teamsize|p2|6
|gen|5
|tier|[Gen 5] OU
|rated|
|rule|Species Clause: Limit one of each Pokémon
|rule|OHKO Clause: OHKO moves are banned
|rule|Moody Clause: Moody is banned
|rule|Evasion Items Clause: Evasion items are banned
|rule|Evasion Moves Clause: Evasion moves are banned
|rule|Endless Battle Clause: Forcing endless battles is banned
|rule|HP Percentage Mod: HP is shown in percentages
|rule|Evasion Abilities Clause: Evasion abilities are banned
|rule|Sleep Moves Clause: Sleep-inducing moves are banned
|rule|Swagger Clause: Swagger is banned
|rule|Baton Pass Stat Clause: No Baton Passer may have a way to boost its stats
|clearpoke
|poke|p1|Tyranitar, M|item
|poke|p1|Gliscor, F|item
|poke|p1|Ferrothorn, M|item
|poke|p1|Reuniclus, M|item
|poke|p1|Latios, M|item
|poke|p1|Alakazam, F|item
|poke|p2|Tyranitar, F|item
|poke|p2|Landorus-Therian, M|item
|poke|p2|Excadrill, F|item
|poke|p2|Garchomp, M|item
|poke|p2|Celebi|item
|poke|p2|Rotom-Wash|item
|teampreview
|inactive|Battle timer is ON: inactive players will automatically lose when time's up. (requested by cdrgcde)
|inactive|ledium also wants the timer to be on.
|
|t:|1744605333
|start
|switch|p1a: Falling|Ferrothorn, M|100/100
|switch|p2a: Rotom|Rotom-Wash|100/100
|turn|1
|
|t:|1744605343
|switch|p1a: Lights Up|Reuniclus, M|100/100
|move|p2a: Rotom|Will-O-Wisp|p1a: Lights Up
|-status|p1a: Lights Up|brn
|
|upkeep
|turn|2
|
|t:|1744605357
|switch|p1a: Falling|Ferrothorn, M|100/100
|move|p2a: Rotom|Will-O-Wisp|p1a: Falling
|-status|p1a: Falling|brn
|
|-damage|p1a: Falling|88/100 brn|[from] brn
|upkeep
|turn|3
|
|t:|1744605367
|move|p2a: Rotom|Volt Switch|p1a: Falling
|-resisted|p1a: Falling
|-damage|p1a: Falling|79/100 brn
|
|t:|1744605372
|switch|p2a: Celebi|Celebi|100/100|[from] Volt Switch
|move|p1a: Falling|Spikes|p2a: Celebi
|-sidestart|p2: cdrgcde|Spikes
|
|-heal|p1a: Falling|86/100 brn|[from] item: Leftovers
|-damage|p1a: Falling|73/100 brn|[from] brn
|upkeep
|turn|4
|
|t:|1744605377
|move|p2a: Celebi|Stealth Rock|p1a: Falling
|-sidestart|p1: ledium|move: Stealth Rock
|move|p1a: Falling|Knock Off|p2a: Celebi
|-supereffective|p2a: Celebi
|-damage|p2a: Celebi|97/100
|-enditem|p2a: Celebi|Leftovers|[from] move: Knock Off|[of] p1a: Falling
|
|-heal|p1a: Falling|79/100 brn|[from] item: Leftovers
|-damage|p1a: Falling|67/100 brn|[from] brn
|upkeep
|turn|5
|
|t:|1744605393
|switch|p1a: To Be So Lonely|Tyranitar, M|100/100
|-damage|p1a: To Be So Lonely|88/100|[from] Stealth Rock
|-weather|Sandstorm|[from] ability: Sand Stream|[of] p1a: To Be So Lonely
|move|p2a: Celebi|Psychic|p1a: To Be So Lonely
|-immune|p1a: To Be So Lonely
|
|-weather|Sandstorm|[upkeep]
|-damage|p2a: Celebi|91/100|[from] Sandstorm
|upkeep
|turn|6
|
|t:|1744605399
|move|p2a: Celebi|Baton Pass|p2a: Celebi
|
|t:|1744605409
|switch|p2a: Landorus|Landorus-Therian, M|100/100|[from] Baton Pass
|-ability|p2a: Landorus|Intimidate|boost
|-unboost|p1a: To Be So Lonely|atk|1
|move|p1a: To Be So Lonely|Crunch|p2a: Landorus
|-damage|p2a: Landorus|65/100
|
|-weather|Sandstorm|[upkeep]
|-heal|p2a: Landorus|71/100|[from] item: Leftovers
|upkeep
|turn|7
|
|t:|1744605420
|switch|p1a: Canyon Moon|Gliscor, F|100/100
|-damage|p1a: Canyon Moon|88/100|[from] Stealth Rock
|move|p2a: Landorus|Earthquake|p1a: Canyon Moon
|-immune|p1a: Canyon Moon
|
|-weather|Sandstorm|[upkeep]
|-heal|p2a: Landorus|77/100|[from] item: Leftovers
|-status|p1a: Canyon Moon|tox|[from] item: Toxic Orb
|upkeep
|turn|8
|
|t:|1744605430
|move|p2a: Landorus|Hidden Power|p1a: Canyon Moon
|-supereffective|p1a: Canyon Moon
|-damage|p1a: Canyon Moon|21/100 tox
|move|p1a: Canyon Moon|Stealth Rock|p2a: Landorus
|-sidestart|p2: cdrgcde|move: Stealth Rock
|
|-weather|Sandstorm|[upkeep]
|-heal|p2a: Landorus|83/100|[from] item: Leftovers
|-heal|p1a: Canyon Moon|33/100 tox|[from] ability: Poison Heal
|upkeep
|turn|9
|
|t:|1744605434
|move|p1a: Canyon Moon|Protect|p1a: Canyon Moon
|-singleturn|p1a: Canyon Moon|Protect
|move|p2a: Landorus|Substitute|p2a: Landorus
|-start|p2a: Landorus|Substitute
|-damage|p2a: Landorus|58/100
|
|-weather|Sandstorm|[upkeep]
|-heal|p2a: Landorus|64/100|[from] item: Leftovers
|-heal|p1a: Canyon Moon|46/100 tox|[from] ability: Poison Heal
|upkeep
|turn|10
|
|t:|1744605450
|switch|p1a: Falling|Ferrothorn, M|67/100 brn
|-damage|p1a: Falling|61/100 brn|[from] Stealth Rock
|move|p2a: Landorus|Hidden Power|p1a: Falling
|-damage|p1a: Falling|49/100 brn
|
|-weather|Sandstorm|[upkeep]
|-heal|p2a: Landorus|70/100|[from] item: Leftovers
|-heal|p1a: Falling|56/100 brn|[from] item: Leftovers
|-damage|p1a: Falling|43/100 brn|[from] brn
|upkeep
|turn|11
|
|t:|1744605466
|move|p2a: Landorus|Earthquake|p1a: Falling
|-damage|p1a: Falling|0 fnt
|faint|p1a: Falling
|
|-weather|Sandstorm|[upkeep]
|-heal|p2a: Landorus|76/100|[from] item: Leftovers
|upkeep
|
|t:|1744605473
|switch|p1a: Lights Up|Reuniclus, M|100/100 brn
|turn|12
|
|t:|1744605483
|move|p2a: Landorus|Earthquake|p1a: Lights Up
|-crit|p1a: Lights Up
|-damage|p1a: Lights Up|2/100 brn
|move|p1a: Lights Up|Hidden Power|p2a: Landorus
|-supereffective|p2a: Landorus
|-end|p2a: Landorus|Substitute
|
|-weather|Sandstorm|[upkeep]
|-heal|p2a: Landorus|82/100|[from] item: Leftovers
|upkeep
|turn|13
|
|t:|1744605494
|switch|p1a: Fine Line|Latios, M|100/100
|-damage|p1a: Fine Line|88/100|[from] Stealth Rock
|move|p2a: Landorus|Hidden Power|p1a: Fine Line
|-supereffective|p1a: Fine Line
|-damage|p1a: Fine Line|54/100
|
|-weather|Sandstorm|[upkeep]
|-damage|p1a: Fine Line|48/100|[from] Sandstorm
|-heal|p2a: Landorus|88/100|[from] item: Leftovers
|upkeep
|turn|14
|
|t:|1744605513
|switch|p2a: Celebi|Celebi|91/100
|-damage|p2a: Celebi|78/100|[from] Spikes
|-damage|p2a: Celebi|66/100|[from] Stealth Rock
|move|p1a: Fine Line|Surf|p2a: Celebi
|-resisted|p2a: Celebi
|-damage|p2a: Celebi|56/100
|
|-weather|Sandstorm|[upkeep]
|-damage|p1a: Fine Line|42/100|[from] Sandstorm
|-damage|p2a: Celebi|50/100|[from] Sandstorm
|upkeep
|turn|15
|
|t:|1744605525
|move|p1a: Fine Line|Draco Meteor|p2a: Celebi
|-damage|p2a: Celebi|8/100
|-unboost|p1a: Fine Line|spa|2
|move|p2a: Celebi|Baton Pass|p2a: Celebi
|
|t:|1744605534
|switch|p2a: Excadrill|Excadrill, F|100/100|[from] Baton Pass
|-damage|p2a: Excadrill|88/100|[from] Spikes
|-damage|p2a: Excadrill|85/100|[from] Stealth Rock
|
|-weather|Sandstorm|[upkeep]
|-damage|p1a: Fine Line|36/100|[from] Sandstorm
|-heal|p2a: Excadrill|91/100|[from] item: Leftovers
|upkeep
|turn|16
|
|t:|1744605542
|move|p1a: Fine Line|Roost|p1a: Fine Line
|-heal|p1a: Fine Line|87/100
|-singleturn|p1a: Fine Line|move: Roost
|move|p2a: Excadrill|Rapid Spin|p1a: Fine Line
|-damage|p1a: Fine Line|77/100
|-sideend|p2: cdrgcde|Spikes|[from] move: Rapid Spin|[of] p2a: Excadrill
|-sideend|p2: cdrgcde|Stealth Rock|[from] move: Rapid Spin|[of] p2a: Excadrill
|
|-weather|Sandstorm|[upkeep]
|-damage|p1a: Fine Line|71/100|[from] Sandstorm
|-heal|p2a: Excadrill|98/100|[from] item: Leftovers
|upkeep
|turn|17
|
|t:|1744605547
|switch|p1a: Canyon Moon|Gliscor, F|46/100 tox
|-damage|p1a: Canyon Moon|33/100 tox|[from] Stealth Rock
|move|p2a: Excadrill|Iron Head|p1a: Canyon Moon
|-damage|p1a: Canyon Moon|0 fnt
|faint|p1a: Canyon Moon
|
|-weather|Sandstorm|[upkeep]
|-heal|p2a: Excadrill|100/100|[from] item: Leftovers
|upkeep
|
|t:|1744605564
|switch|p1a: Only Angel|Alakazam, F, shiny|100/100
|turn|18
|
|t:|1744605572
|move|p1a: Only Angel|Focus Blast|p2a: Excadrill
|-supereffective|p2a: Excadrill
|-damage|p2a: Excadrill|9/100
|move|p2a: Excadrill|Iron Head|p1a: Only Angel
|-enditem|p1a: Only Angel|Focus Sash
|-damage|p1a: Only Angel|1/100
|
|-weather|Sandstorm|[upkeep]
|-heal|p2a: Excadrill|16/100|[from] item: Leftovers
|upkeep
|turn|19
|
|t:|1744605583
|move|p1a: Only Angel|Psychic|p2a: Excadrill
|-resisted|p2a: Excadrill
|-damage|p2a: Excadrill|0 fnt
|faint|p2a: Excadrill
|
|-weather|Sandstorm|[upkeep]
|upkeep
|
|t:|1744605589
|switch|p2a: Tyranitar|Tyranitar, F|100/100
|turn|20
|
|t:|1744605594
|move|p1a: Only Angel|Focus Blast|p2a: Tyranitar
|-supereffective|p2a: Tyranitar
|-enditem|p2a: Tyranitar|Chople Berry|[eat]
|-enditem|p2a: Tyranitar|Chople Berry|[weaken]
|-damage|p2a: Tyranitar|57/100
|move|p2a: Tyranitar|Pursuit|p1a: Only Angel
|-supereffective|p1a: Only Angel
|-damage|p1a: Only Angel|0 fnt
|faint|p1a: Only Angel
|
|-weather|Sandstorm|[upkeep]
|upkeep
|
|t:|1744605603
|switch|p1a: To Be So Lonely|Tyranitar, M|88/100
|-damage|p1a: To Be So Lonely|76/100|[from] Stealth Rock
|turn|21
|
|t:|1744605606
|move|p2a: Tyranitar|Superpower|p1a: To Be So Lonely
|-supereffective|p1a: To Be So Lonely
|-enditem|p1a: To Be So Lonely|Chople Berry|[eat]
|-enditem|p1a: To Be So Lonely|Chople Berry|[weaken]
|-damage|p1a: To Be So Lonely|11/100
|-unboost|p2a: Tyranitar|atk|1
|-unboost|p2a: Tyranitar|def|1
|move|p1a: To Be So Lonely|Earthquake|p2a: Tyranitar
|-supereffective|p2a: Tyranitar
|-damage|p2a: Tyranitar|0 fnt
|faint|p2a: Tyranitar
|
|-weather|Sandstorm|[upkeep]
|upkeep
|
|t:|1744605615
|switch|p2a: Landorus|Landorus-Therian, M|88/100
|-ability|p2a: Landorus|Intimidate|boost
|-unboost|p1a: To Be So Lonely|atk|1
|turn|22
|-message|ledium forfeited.
|
|win|cdrgcde
|raw|ledium's rating: 1388 &rarr; <strong>1367</strong><br />(-21 for losing)
|raw|cdrgcde's rating: 1372 &rarr; <strong>1393</strong><br />(+21 for winning)
|l|☆ledium
|player|p1|
