|j|☆dice
|j|☆BLJ Mario
|t:|1730569177
|gametype|singles
|player|p1|dice|#wcop2024usmidwest|1529
|player|p2|BLJ Mario|blue-gen2|1358
|teamsize|p1|6
|teamsize|p2|6
|gen|5
|tier|[Gen 5] OU
|rated|
|rule|Species Clause: Limit one of each Pokémon
|rule|OHKO Clause: OHKO moves are banned
|rule|Moody Clause: Moody is banned
|rule|Evasion Items Clause: Evasion items are banned
|rule|Evasion Moves Clause: Evasion moves are banned
|rule|Endless Battle Clause: Forcing endless battles is banned
|rule|HP Percentage Mod: HP is shown in percentages
|rule|Evasion Abilities Clause: Evasion abilities are banned
|rule|Sleep Moves Clause: Sleep-inducing moves are banned
|rule|Swagger Clause: Swagger is banned
|rule|Baton Pass Stat Clause: No Baton Passer may have a way to boost its stats
|clearpoke
|poke|p1|Hippowdon, M|item
|poke|p1|Jellicent, M|item
|poke|p1|Gliscor, F|item
|poke|p1|Ferrothorn, M|item
|poke|p1|Heatran, M|item
|poke|p1|Alakazam, F|item
|poke|p2|Politoed, M|item
|poke|p2|Thundurus-Therian, M|item
|poke|p2|Excadrill, M|item
|poke|p2|Latios, M|item
|poke|p2|Keldeo|item
|poke|p2|Ferrothorn, M|item
|teampreview
|c|☆BLJ Mario|hi dice
|inactive|Battle timer is ON: inactive players will automatically lose when time's up. (requested by dice)
|
|t:|1730569211
|start
|switch|p1a: Hippowdon|Hippowdon, M|100/100
|switch|p2a: Ferrothorn|Ferrothorn, M|100/100
|-weather|Sandstorm|[from] ability: Sand Stream|[of] p1a: Hippowdon
|turn|1
|
|t:|1730569218
|move|p1a: Hippowdon|Stealth Rock|p2a: Ferrothorn
|-sidestart|p2: BLJ Mario|move: Stealth Rock
|move|p2a: Ferrothorn|Stealth Rock|p1a: Hippowdon
|-sidestart|p1: dice|move: Stealth Rock
|
|-weather|Sandstorm|[upkeep]
|upkeep
|turn|2
|
|t:|1730569228
|switch|p1a: Heatran|Heatran, M|100/100
|-damage|p1a: Heatran|88/100|[from] Stealth Rock
|move|p2a: Ferrothorn|Thunder Wave|p1a: Heatran
|-status|p1a: Heatran|par
|
|-weather|Sandstorm|[upkeep]
|upkeep
|turn|3
|
|t:|1730569237
|switch|p2a: Politoed|Politoed, M|100/100
|-damage|p2a: Politoed|88/100|[from] Stealth Rock
|-weather|RainDance|[from] ability: Drizzle|[of] p2a: Politoed
|move|p1a: Heatran|Toxic|p2a: Politoed
|-status|p2a: Politoed|tox
|
|-weather|RainDance|[upkeep]
|-heal|p2a: Politoed|94/100 tox|[from] item: Leftovers
|-damage|p2a: Politoed|88/100 tox|[from] psn
|upkeep
|turn|4
|inactive|BLJ Mario has 120 seconds left.
|
|t:|1730569277
|switch|p1a: Hippowdon|Hippowdon, M|100/100
|-damage|p1a: Hippowdon|94/100|[from] Stealth Rock
|-weather|Sandstorm|[from] ability: Sand Stream|[of] p1a: Hippowdon
|move|p2a: Politoed|Scald|p1a: Hippowdon
|-supereffective|p1a: Hippowdon
|-crit|p1a: Hippowdon
|-damage|p1a: Hippowdon|9/100
|
|-weather|Sandstorm|[upkeep]
|-damage|p2a: Politoed|82/100 tox|[from] Sandstorm
|-heal|p2a: Politoed|88/100 tox|[from] item: Leftovers
|-heal|p1a: Hippowdon|16/100|[from] item: Leftovers
|-damage|p2a: Politoed|75/100 tox|[from] psn
|upkeep
|turn|5
|inactive|BLJ Mario has 120 seconds left.
|
|t:|1730569295
|switch|p2a: Latios|Latios, M|100/100
|-damage|p2a: Latios|88/100|[from] Stealth Rock
|move|p1a: Hippowdon|Slack Off|p1a: Hippowdon
|-heal|p1a: Hippowdon|66/100
|
|-weather|Sandstorm|[upkeep]
|-damage|p2a: Latios|82/100|[from] Sandstorm
|-heal|p1a: Hippowdon|72/100|[from] item: Leftovers
|upkeep
|turn|6
|
|t:|1730569304
|switch|p2a: Keldeo|Keldeo|100/100
|-damage|p2a: Keldeo|94/100|[from] Stealth Rock
|switch|p1a: Heatran|Heatran, M|88/100 par
|-damage|p1a: Heatran|76/100 par|[from] Stealth Rock
|
|-weather|Sandstorm|[upkeep]
|-damage|p2a: Keldeo|88/100|[from] Sandstorm
|upkeep
|turn|7
|inactive|BLJ Mario has 120 seconds left.
|
|t:|1730569314
|switch|p1a: Jellicent|Jellicent, M|100/100
|-damage|p1a: Jellicent|88/100|[from] Stealth Rock
|-item|p1a: Jellicent|Air Balloon
|move|p2a: Keldeo|Secret Sword|p1a: Jellicent
|-immune|p1a: Jellicent
|
|-weather|Sandstorm|[upkeep]
|-damage|p2a: Keldeo|82/100|[from] Sandstorm
|-damage|p1a: Jellicent|82/100|[from] Sandstorm
|upkeep
|turn|8
|j| tyrash
|inactive|BLJ Mario has 120 seconds left.
|
|t:|1730569335
|switch|p2a: Politoed|Politoed, M|75/100 tox
|-damage|p2a: Politoed|63/100 tox|[from] Stealth Rock
|-weather|RainDance|[from] ability: Drizzle|[of] p2a: Politoed
|switch|p1a: Gliscor|Gliscor, F|100/100
|-damage|p1a: Gliscor|88/100|[from] Stealth Rock
|
|-weather|RainDance|[upkeep]
|-heal|p2a: Politoed|69/100 tox|[from] item: Leftovers
|-damage|p2a: Politoed|63/100 tox|[from] psn
|-status|p1a: Gliscor|tox|[from] item: Toxic Orb
|upkeep
|turn|9
|j| Pierrito
|l| Pierrito
|inactive|BLJ Mario has 90 seconds left.
|
|t:|1730569377
|switch|p2a: Thundurus|Thundurus-Therian, M, shiny|100/100
|-damage|p2a: Thundurus|76/100|[from] Stealth Rock
|move|p1a: Gliscor|U-turn|p2a: Thundurus
|-resisted|p2a: Thundurus
|-damage|p2a: Thundurus|64/100
|
|t:|1730569407
|switch|p1a: Hippowdon|Hippowdon, M|72/100|[from] U-turn
|-damage|p1a: Hippowdon|66/100|[from] Stealth Rock
|-weather|Sandstorm|[from] ability: Sand Stream|[of] p1a: Hippowdon
|
|-weather|Sandstorm|[upkeep]
|-damage|p2a: Thundurus|58/100|[from] Sandstorm
|-heal|p2a: Thundurus|64/100|[from] item: Leftovers
|-heal|p1a: Hippowdon|72/100|[from] item: Leftovers
|upkeep
|turn|10
|inactive|BLJ Mario has 90 seconds left.
|
|t:|1730569424
|switch|p2a: Ferrothorn|Ferrothorn, M|100/100
|-damage|p2a: Ferrothorn|94/100|[from] Stealth Rock
|switch|p1a: Alakazam|Alakazam, F|100/100
|
|-weather|Sandstorm|[upkeep]
|upkeep
|turn|11
|inactive|dice has 120 seconds left.
|
|t:|1730569454
|move|p1a: Alakazam|Hidden Power|p2a: Ferrothorn
|-supereffective|p2a: Ferrothorn
|-damage|p2a: Ferrothorn|13/100
|move|p2a: Ferrothorn|Thunder Wave|p1a: Alakazam
|-status|p1a: Alakazam|par
|
|-weather|Sandstorm|[upkeep]
|upkeep
|turn|12
|inactive|dice has 120 seconds left.
|
|t:|1730569470
|move|p1a: Alakazam|Psyshock|p2a: Ferrothorn
|-resisted|p2a: Ferrothorn
|-damage|p2a: Ferrothorn|0 fnt
|faint|p2a: Ferrothorn
|
|-weather|Sandstorm|[upkeep]
|upkeep
|inactive|BLJ Mario has 60 seconds left.
|
|t:|1730569519
|switch|p2a: Latios|Latios, M|82/100
|-damage|p2a: Latios|70/100|[from] Stealth Rock
|turn|13
|
|t:|1730569530
|switch|p1a: Heatran|Heatran, M|76/100 par
|-damage|p1a: Heatran|64/100 par|[from] Stealth Rock
|move|p2a: Latios|Draco Meteor|p1a: Heatran
|-resisted|p1a: Heatran
|-damage|p1a: Heatran|30/100 par
|-unboost|p2a: Latios|spa|2
|
|-weather|Sandstorm|[upkeep]
|-damage|p2a: Latios|64/100|[from] Sandstorm
|upkeep
|turn|14
|
|t:|1730569540
|switch|p2a: Politoed|Politoed, M|63/100 tox
|-damage|p2a: Politoed|50/100 tox|[from] Stealth Rock
|-weather|RainDance|[from] ability: Drizzle|[of] p2a: Politoed
|cant|p1a: Heatran|par
|
|-weather|RainDance|[upkeep]
|-heal|p2a: Politoed|57/100 tox|[from] item: Leftovers
|-damage|p2a: Politoed|50/100 tox|[from] psn
|upkeep
|turn|15
|
|t:|1730569555
|switch|p2a: Thundurus|Thundurus-Therian, M, shiny|64/100
|-damage|p2a: Thundurus|40/100|[from] Stealth Rock
|move|p1a: Heatran|Earth Power|p2a: Thundurus
|-immune|p2a: Thundurus
|
|-weather|RainDance|[upkeep]
|-heal|p2a: Thundurus|46/100|[from] item: Leftovers
|upkeep
|turn|16
|
|t:|1730569562
|switch|p1a: Hippowdon|Hippowdon, M|72/100
|-damage|p1a: Hippowdon|66/100|[from] Stealth Rock
|-weather|Sandstorm|[from] ability: Sand Stream|[of] p1a: Hippowdon
|move|p2a: Thundurus|Nasty Plot|p2a: Thundurus
|-boost|p2a: Thundurus|spa|2
|
|-weather|Sandstorm|[upkeep]
|-damage|p2a: Thundurus|40/100|[from] Sandstorm
|-heal|p2a: Thundurus|46/100|[from] item: Leftovers
|-heal|p1a: Hippowdon|72/100|[from] item: Leftovers
|upkeep
|turn|17
|
|t:|1730569568
|switch|p1a: Heatran|Heatran, M|30/100 par
|-damage|p1a: Heatran|18/100 par|[from] Stealth Rock
|move|p2a: Thundurus|Hidden Power|p1a: Heatran
|-resisted|p1a: Heatran
|-damage|p1a: Heatran|6/100 par
|
|-weather|Sandstorm|[upkeep]
|-damage|p2a: Thundurus|40/100|[from] Sandstorm
|-heal|p2a: Thundurus|46/100|[from] item: Leftovers
|upkeep
|turn|18
|
|t:|1730569577
|move|p2a: Thundurus|Hidden Power|p1a: Heatran
|-resisted|p1a: Heatran
|-damage|p1a: Heatran|0 fnt
|faint|p1a: Heatran
|
|-weather|Sandstorm|[upkeep]
|-damage|p2a: Thundurus|40/100|[from] Sandstorm
|-heal|p2a: Thundurus|46/100|[from] item: Leftovers
|upkeep
|
|t:|1730569578
|switch|p1a: Alakazam|Alakazam, F|100/100 par
|turn|19
|inactive|BLJ Mario has 60 seconds left.
|
|t:|1730569615
|switch|p2a: Latios|Latios, M|64/100
|-damage|p2a: Latios|52/100|[from] Stealth Rock
|move|p1a: Alakazam|Psyshock|p2a: Latios
|-resisted|p2a: Latios
|-crit|p2a: Latios
|-damage|p2a: Latios|0 fnt
|faint|p2a: Latios
|
|-weather|Sandstorm|[upkeep]
|upkeep
|inactive|BLJ Mario has 30 seconds left.
|
|t:|1730569630
|switch|p2a: Excadrill|Excadrill, M|100/100
|-damage|p2a: Excadrill|97/100|[from] Stealth Rock
|-ability|p2a: Excadrill|Mold Breaker
|turn|20
|inactive|BLJ Mario has 30 seconds left.
|
|t:|1730569638
|switch|p1a: Gliscor|Gliscor, F|88/100 tox
|-damage|p1a: Gliscor|76/100 tox|[from] Stealth Rock
|move|p2a: Excadrill|Earthquake|p1a: Gliscor
|-immune|p1a: Gliscor
|
|-weather|Sandstorm|[upkeep]
|-heal|p1a: Gliscor|88/100 tox|[from] ability: Poison Heal
|upkeep
|turn|21
|j| Pierrito
|
|t:|1730569646
|switch|p2a: Politoed|Politoed, M|50/100 tox
|-damage|p2a: Politoed|38/100 tox|[from] Stealth Rock
|-weather|RainDance|[from] ability: Drizzle|[of] p2a: Politoed
|move|p1a: Gliscor|U-turn|p2a: Politoed
|-crit|p2a: Politoed
|-damage|p2a: Politoed|13/100 tox
|
|t:|1730569650
|switch|p1a: Hippowdon|Hippowdon, M|72/100|[from] U-turn
|-damage|p1a: Hippowdon|66/100|[from] Stealth Rock
|-weather|Sandstorm|[from] ability: Sand Stream|[of] p1a: Hippowdon
|
|-weather|Sandstorm|[upkeep]
|-damage|p2a: Politoed|6/100 tox|[from] Sandstorm
|-heal|p2a: Politoed|13/100 tox|[from] item: Leftovers
|-heal|p1a: Hippowdon|72/100|[from] item: Leftovers
|-damage|p2a: Politoed|6/100 tox|[from] psn
|upkeep
|turn|22
|
|t:|1730569659
|switch|p1a: Ferrothorn|Ferrothorn, M|100/100
|-damage|p1a: Ferrothorn|94/100|[from] Stealth Rock
|move|p2a: Politoed|Toxic|p1a: Ferrothorn
|-immune|p1a: Ferrothorn
|
|-weather|Sandstorm|[upkeep]
|-damage|p2a: Politoed|0 fnt|[from] Sandstorm
|faint|p2a: Politoed
|upkeep
|l| Pierrito
|
|t:|1730569663
|switch|p2a: Keldeo|Keldeo|82/100
|-damage|p2a: Keldeo|76/100|[from] Stealth Rock
|turn|23
|
|t:|1730569675
|switch|p1a: Jellicent|Jellicent, M|82/100
|-damage|p1a: Jellicent|69/100|[from] Stealth Rock
|-item|p1a: Jellicent|Air Balloon
|move|p2a: Keldeo|Hidden Power|p1a: Jellicent
|-supereffective|p1a: Jellicent
|-damage|p1a: Jellicent|15/100
|-enditem|p1a: Jellicent|Air Balloon
|
|-weather|Sandstorm|[upkeep]
|-damage|p2a: Keldeo|70/100|[from] Sandstorm
|-damage|p1a: Jellicent|9/100|[from] Sandstorm
|upkeep
|turn|24
|
|t:|1730569680
|switch|p1a: Ferrothorn|Ferrothorn, M|94/100
|-damage|p1a: Ferrothorn|88/100|[from] Stealth Rock
|move|p2a: Keldeo|Hidden Power|p1a: Ferrothorn
|-resisted|p1a: Ferrothorn
|-damage|p1a: Ferrothorn|75/100
|
|-weather|Sandstorm|[upkeep]
|-damage|p2a: Keldeo|63/100|[from] Sandstorm
|upkeep
|turn|25
|
|t:|1730569685
|switch|p2a: Excadrill|Excadrill, M|97/100
|-damage|p2a: Excadrill|94/100|[from] Stealth Rock
|-ability|p2a: Excadrill|Mold Breaker
|move|p1a: Ferrothorn|Leech Seed|p2a: Excadrill
|-start|p2a: Excadrill|move: Leech Seed
|
|-weather|Sandstorm|[upkeep]
|-damage|p2a: Excadrill|82/100|[from] Leech Seed|[of] p1a: Ferrothorn
|-heal|p1a: Ferrothorn|88/100|[silent]
|upkeep
|turn|26
|
|t:|1730569691
|switch|p1a: Gliscor|Gliscor, F|88/100 tox
|-damage|p1a: Gliscor|76/100 tox|[from] Stealth Rock
|move|p2a: Excadrill|Rapid Spin|p1a: Gliscor
|-damage|p1a: Gliscor|71/100 tox
|-end|p2a: Excadrill|Leech Seed|[from] move: Rapid Spin|[of] p2a: Excadrill
|-sideend|p2: BLJ Mario|Stealth Rock|[from] move: Rapid Spin|[of] p2a: Excadrill
|
|-weather|Sandstorm|[upkeep]
|-heal|p1a: Gliscor|83/100 tox|[from] ability: Poison Heal
|upkeep
|turn|27
|inactive|BLJ Mario has 90 seconds left.
|inactive|BLJ Mario has 60 seconds left.
|
|t:|1730569731
|move|p2a: Excadrill|Rapid Spin|p1a: Gliscor
|-damage|p1a: Gliscor|78/100 tox
|move|p1a: Gliscor|U-turn|p2a: Excadrill
|-resisted|p2a: Excadrill
|-damage|p2a: Excadrill|71/100
|
|t:|1730569734
|switch|p1a: Hippowdon|Hippowdon, M|72/100|[from] U-turn
|-damage|p1a: Hippowdon|66/100|[from] Stealth Rock
|
|-weather|Sandstorm|[upkeep]
|-heal|p1a: Hippowdon|72/100|[from] item: Leftovers
|upkeep
|turn|28
|inactive|BLJ Mario has 60 seconds left.
|
|t:|1730569757
|switch|p2a: Keldeo|Keldeo|63/100
|move|p1a: Hippowdon|Stealth Rock|p2a: Keldeo
|-sidestart|p2: BLJ Mario|move: Stealth Rock
|
|-weather|Sandstorm|[upkeep]
|-damage|p2a: Keldeo|57/100|[from] Sandstorm
|-heal|p1a: Hippowdon|78/100|[from] item: Leftovers
|upkeep
|turn|29
|l|☆BLJ Mario
|inactive|BLJ Mario disconnected and has a minute to reconnect!
|player|p2|
|inactive|BLJ Mario has 30 seconds left.
|inactive|BLJ Mario has 20 seconds left.
|inactive|BLJ Mario has 15 seconds left.
|inactive|BLJ Mario has 10 seconds left.
|inactive|BLJ Mario has 5 seconds left.
|-message|BLJ Mario lost due to inactivity.
|
|win|dice
|raw|dice's rating: 1529 &rarr; <strong>1540</strong><br />(+11 for winning)
|raw|BLJ Mario's rating: 1358 &rarr; <strong>1347</strong><br />(-11 for losing)
|l|☆dice
|player|p1|
|j|☆BLJ Mario
|player|p2|BLJ Mario|blue-gen2|
|c|☆BLJ Mario|nooo
|c|☆BLJ Mario|my wifi :(
