|j|☆berdaniel
|j|☆Crimsonbacon38
|t:|1727883961
|gametype|singles
|player|p1|berdaniel|265|1358
|player|p2|Crimsonbacon38|barry|1312
|teamsize|p1|6
|teamsize|p2|6
|gen|5
|tier|[Gen 5] OU
|rated|
|rule|Species Clause: Limit one of each Pokémon
|rule|OHKO Clause: OHKO moves are banned
|rule|Moody Clause: Moody is banned
|rule|Evasion Items Clause: Evasion items are banned
|rule|Evasion Moves Clause: Evasion moves are banned
|rule|Endless Battle Clause: Forcing endless battles is banned
|rule|HP Percentage Mod: HP is shown in percentages
|rule|Evasion Abilities Clause: Evasion abilities are banned
|rule|Sleep Moves Clause: Sleep-inducing moves are banned
|rule|Swagger Clause: Swagger is banned
|rule|Baton Pass Stat Clause: No Baton Passer may have a way to boost its stats
|clearpoke
|poke|p1|Alakazam, F|item
|poke|p1|Landorus-Therian, M|item
|poke|p1|Ferrothorn, F|item
|poke|p1|Latios, M|item
|poke|p1|Tentacruel, M|item
|poke|p1|Conkeldurr, F|item
|poke|p2|Tyranitar, M|item
|poke|p2|Forretress, M|item
|poke|p2|Gliscor, F|item
|poke|p2|Garchomp, F|item
|poke|p2|Latios, M|item
|poke|p2|Rotom-Wash|item
|teampreview
|inactive|Battle timer is ON: inactive players will automatically lose when time's up. (requested by berdaniel)
|
|t:|1727883968
|start
|switch|p1a: Ferrothorn|Ferrothorn, F|100/100
|switch|p2a: Tyranitar|Tyranitar, M|100/100
|-weather|Sandstorm|[from] ability: Sand Stream|[of] p2a: Tyranitar
|turn|1
|
|t:|1727883975
|switch|p2a: Forretress|Forretress, M|100/100
|move|p1a: Ferrothorn|Stealth Rock|p2a: Forretress
|-sidestart|p2: Crimsonbacon38|move: Stealth Rock
|
|-weather|Sandstorm|[upkeep]
|upkeep
|turn|2
|
|t:|1727883983
|switch|p1a: Alakazam|Alakazam, F|100/100
|move|p2a: Forretress|Spikes|p1a: Alakazam
|-sidestart|p1: berdaniel|Spikes
|
|-weather|Sandstorm|[upkeep]
|upkeep
|turn|3
|
|t:|1727883986
|move|p1a: Alakazam|Hidden Power|p2a: Forretress
|-supereffective|p2a: Forretress
|-damage|p2a: Forretress|3/100
|move|p2a: Forretress|Gyro Ball|p1a: Alakazam
|-enditem|p1a: Alakazam|Focus Sash
|-damage|p1a: Alakazam|1/100
|
|-weather|Sandstorm|[upkeep]
|-heal|p2a: Forretress|10/100|[from] item: Leftovers
|upkeep
|turn|4
|inactive|Crimsonbacon38 has 120 seconds left.
|
|t:|1727884023
|switch|p2a: Tyranitar|Tyranitar, M|100/100
|-damage|p2a: Tyranitar|88/100|[from] Stealth Rock
|move|p1a: Alakazam|Psychic|p2a: Tyranitar
|-immune|p2a: Tyranitar
|
|-weather|Sandstorm|[upkeep]
|upkeep
|turn|5
|inactive|Crimsonbacon38 has 120 seconds left.
|
|t:|1727884031
|move|p1a: Alakazam|Focus Blast|p2a: Tyranitar|[miss]
|-miss|p1a: Alakazam|p2a: Tyranitar
|move|p2a: Tyranitar|Pursuit|p1a: Alakazam
|-supereffective|p1a: Alakazam
|-damage|p1a: Alakazam|0 fnt
|faint|p1a: Alakazam
|
|-weather|Sandstorm|[upkeep]
|upkeep
|
|t:|1727884036
|switch|p1a: Conkeldurr|Conkeldurr, F|100/100
|-damage|p1a: Conkeldurr|88/100|[from] Spikes
|turn|6
|
|t:|1727884045
|switch|p2a: Gliscor|Gliscor, F|100/100
|-damage|p2a: Gliscor|88/100|[from] Stealth Rock
|move|p1a: Conkeldurr|Drain Punch|p2a: Gliscor
|-resisted|p2a: Gliscor
|-damage|p2a: Gliscor|69/100
|-heal|p1a: Conkeldurr|97/100|[from] drain|[of] p2a: Gliscor
|-damage|p1a: Conkeldurr|87/100|[from] item: Life Orb
|
|-weather|Sandstorm|[upkeep]
|-damage|p1a: Conkeldurr|81/100|[from] Sandstorm
|-status|p2a: Gliscor|tox|[from] item: Toxic Orb
|upkeep
|turn|7
|
|t:|1727884062
|switch|p2a: Rotom|Rotom-Wash|100/100
|-damage|p2a: Rotom|88/100|[from] Stealth Rock
|move|p1a: Conkeldurr|Ice Punch|p2a: Rotom
|-resisted|p2a: Rotom
|-damage|p2a: Rotom|67/100
|
|-weather|Sandstorm|[upkeep]
|-damage|p2a: Rotom|61/100|[from] Sandstorm
|-damage|p1a: Conkeldurr|75/100|[from] Sandstorm
|-heal|p2a: Rotom|67/100|[from] item: Leftovers
|upkeep
|turn|8
|
|t:|1727884072
|switch|p1a: Latios|Latios, M|100/100
|move|p2a: Rotom|Will-O-Wisp|p1a: Latios
|-status|p1a: Latios|brn
|
|-weather|Sandstorm|[upkeep]
|-damage|p1a: Latios|95/100 brn|[from] Sandstorm
|-damage|p2a: Rotom|61/100|[from] Sandstorm
|-heal|p2a: Rotom|67/100|[from] item: Leftovers
|-damage|p1a: Latios|82/100 brn|[from] brn
|upkeep
|turn|9
|
|t:|1727884077
|switch|p2a: Forretress|Forretress, M|10/100
|-damage|p2a: Forretress|0 fnt|[from] Stealth Rock
|faint|p2a: Forretress
|move|p1a: Latios|Dragon Pulse|p2: Forretress|[notarget]
|-fail|p1a: Latios
|
|-weather|Sandstorm|[upkeep]
|-damage|p1a: Latios|76/100 brn|[from] Sandstorm
|-damage|p1a: Latios|64/100 brn|[from] brn
|upkeep
|
|t:|1727884084
|switch|p2a: Tyranitar|Tyranitar, M|88/100
|-damage|p2a: Tyranitar|76/100|[from] Stealth Rock
|turn|10
|
|t:|1727884086
|move|p1a: Latios|Dragon Pulse|p2a: Tyranitar
|-damage|p2a: Tyranitar|43/100
|move|p2a: Tyranitar|Pursuit|p1a: Latios
|-supereffective|p1a: Latios
|-damage|p1a: Latios|10/100 brn
|
|-weather|Sandstorm|[upkeep]
|-damage|p1a: Latios|4/100 brn|[from] Sandstorm
|-damage|p1a: Latios|0 fnt|[from] brn
|faint|p1a: Latios
|upkeep
|
|t:|1727884092
|switch|p1a: Conkeldurr|Conkeldurr, F|75/100
|-damage|p1a: Conkeldurr|63/100|[from] Spikes
|turn|11
|inactive|Crimsonbacon38 has 120 seconds left.
|
|t:|1727884125
|switch|p2a: Latios|Latios, M|100/100
|-damage|p2a: Latios|88/100|[from] Stealth Rock
|move|p1a: Conkeldurr|Drain Punch|p2a: Latios
|-resisted|p2a: Latios
|-damage|p2a: Latios|45/100
|-heal|p1a: Conkeldurr|80/100|[from] drain|[of] p2a: Latios
|-damage|p1a: Conkeldurr|70/100|[from] item: Life Orb
|
|-weather|Sandstorm|[upkeep]
|-damage|p2a: Latios|39/100|[from] Sandstorm
|-damage|p1a: Conkeldurr|64/100|[from] Sandstorm
|upkeep
|turn|12
|
|t:|1727884134
|move|p2a: Latios|Psyshock|p1a: Conkeldurr
|-supereffective|p1a: Conkeldurr
|-damage|p1a: Conkeldurr|0 fnt
|faint|p1a: Conkeldurr
|
|-weather|Sandstorm|[upkeep]
|-damage|p2a: Latios|33/100|[from] Sandstorm
|upkeep
|
|t:|1727884137
|switch|p1a: Landorus|Landorus-Therian, M|100/100
|-ability|p1a: Landorus|Intimidate|boost
|-unboost|p2a: Latios|atk|1
|turn|13
|l|☆Crimsonbacon38
|inactive|Crimsonbacon38 disconnected and has a minute to reconnect!
|player|p2|
|inactive|Crimsonbacon38 has 30 seconds to reconnect!
|inactive|Crimsonbacon38 has 20 seconds to reconnect!
|inactive|Crimsonbacon38 has 15 seconds to reconnect!
|inactive|Crimsonbacon38 has 10 seconds to reconnect!
|inactive|Crimsonbacon38 has 5 seconds to reconnect!
|-message|Crimsonbacon38 lost due to inactivity.
|
|win|berdaniel
|raw|berdaniel's rating: 1358 &rarr; <strong>1375</strong><br />(+17 for winning)
|raw|Crimsonbacon38's rating: 1312 &rarr; <strong>1295</strong><br />(-17 for losing)
|l|☆berdaniel
|player|p1|
|j|☆Crimsonbacon38
|player|p2|Crimsonbacon38|barry|
