|j|☆seanb143
|j|☆HydreigonSpammer
|t:|1734208008
|gametype|singles
|player|p1|seanb143|emmet|1409
|player|p2|HydreigonSpammer|veteranf|1404
|teamsize|p1|6
|teamsize|p2|6
|gen|5
|tier|[Gen 5] OU
|rated|
|rule|Species Clause: Limit one of each Pokémon
|rule|OHKO Clause: OHKO moves are banned
|rule|Moody Clause: Moody is banned
|rule|Evasion Items Clause: Evasion items are banned
|rule|Evasion Moves Clause: Evasion moves are banned
|rule|Endless Battle Clause: Forcing endless battles is banned
|rule|HP Percentage Mod: HP is shown in percentages
|rule|Evasion Abilities Clause: Evasion abilities are banned
|rule|Sleep Moves Clause: Sleep-inducing moves are banned
|rule|Swagger Clause: Swagger is banned
|rule|Baton Pass Stat Clause: No Baton Passer may have a way to boost its stats
|clearpoke
|poke|p1|Jellicent, F|item
|poke|p1|Forretress, M|item
|poke|p1|Landorus-Therian, M|item
|poke|p1|Conkeldurr, M|item
|poke|p1|Scizor, F|item
|poke|p1|Blissey, F|item
|poke|p2|Latios, M|item
|poke|p2|Magnezone|item
|poke|p2|Landorus-Therian, M|item
|poke|p2|Tyranitar, F|item
|poke|p2|Keldeo|item
|poke|p2|Breloom, M|item
|teampreview
|inactive|Battle timer is ON: inactive players will automatically lose when time's up. (requested by seanb143)
|
|t:|1734208031
|start
|switch|p1a: Jellicent|Jellicent, F, shiny|100/100
|switch|p2a: Landorus|Landorus-Therian, M|100/100
|-ability|p2a: Landorus|Intimidate|boost
|-unboost|p1a: Jellicent|atk|1
|turn|1
|
|t:|1734208043
|move|p2a: Landorus|Stealth Rock|p1a: Jellicent
|-sidestart|p1: seanb143|move: Stealth Rock
|move|p1a: Jellicent|Will-O-Wisp|p2a: Landorus|[miss]
|-miss|p1a: Jellicent|p2a: Landorus
|
|upkeep
|turn|2
|
|t:|1734208059
|move|p2a: Landorus|U-turn|p1a: Jellicent
|-resisted|p1a: Jellicent
|-damage|p1a: Jellicent|87/100
|
|t:|1734208065
|switch|p2a: Latios|Latios, M|100/100|[from] U-turn
|move|p1a: Jellicent|Will-O-Wisp|p2a: Latios|[miss]
|-miss|p1a: Jellicent|p2a: Latios
|
|-heal|p1a: Jellicent|93/100|[from] item: Leftovers
|upkeep
|turn|3
|
|t:|1734208074
|move|p2a: Latios|Draco Meteor|p1a: Jellicent|[miss]
|-miss|p2a: Latios|p1a: Jellicent
|move|p1a: Jellicent|Will-O-Wisp|p2a: Latios
|-status|p2a: Latios|brn
|
|-heal|p1a: Jellicent|99/100|[from] item: Leftovers
|-damage|p2a: Latios|88/100 brn|[from] brn
|upkeep
|turn|4
|
|t:|1734208078
|switch|p1a: Blissey|Blissey, F, shiny|100/100
|-damage|p1a: Blissey|88/100|[from] Stealth Rock
|move|p2a: Latios|Draco Meteor|p1a: Blissey
|-damage|p1a: Blissey|45/100
|-unboost|p2a: Latios|spa|2
|
|-heal|p1a: Blissey|52/100|[from] item: Leftovers
|-damage|p2a: Latios|76/100 brn|[from] brn
|upkeep
|turn|5
|
|t:|1734208100
|switch|p2a: Keldeo|Keldeo|100/100
|move|p1a: Blissey|Stealth Rock|p2a: Keldeo
|-sidestart|p2: HydreigonSpammer|move: Stealth Rock
|
|-heal|p1a: Blissey|58/100|[from] item: Leftovers
|upkeep
|turn|6
|
|t:|1734208104
|switch|p1a: Jellicent|Jellicent, F, shiny|99/100
|-damage|p1a: Jellicent|87/100|[from] Stealth Rock
|move|p2a: Keldeo|Secret Sword|p1a: Jellicent
|-immune|p1a: Jellicent
|
|-heal|p1a: Jellicent|93/100|[from] item: Leftovers
|upkeep
|turn|7
|
|t:|1734208112
|switch|p2a: Tyranitar|Tyranitar, F|100/100
|-damage|p2a: Tyranitar|88/100|[from] Stealth Rock
|-weather|Sandstorm|[from] ability: Sand Stream|[of] p2a: Tyranitar
|move|p1a: Jellicent|Will-O-Wisp|p2a: Tyranitar
|-status|p2a: Tyranitar|brn
|
|-weather|Sandstorm|[upkeep]
|-damage|p1a: Jellicent|87/100|[from] Sandstorm
|-heal|p1a: Jellicent|93/100|[from] item: Leftovers
|-damage|p2a: Tyranitar|76/100 brn|[from] brn
|upkeep
|turn|8
|
|t:|1734208115
|switch|p1a: Landorus|Landorus-Therian, M, shiny|100/100
|-damage|p1a: Landorus|88/100|[from] Stealth Rock
|-ability|p1a: Landorus|Intimidate|boost
|-unboost|p2a: Tyranitar|atk|1
|move|p2a: Tyranitar|Crunch|p1a: Landorus
|-crit|p1a: Landorus
|-damage|p1a: Landorus|48/100
|
|-weather|Sandstorm|[upkeep]
|-damage|p2a: Tyranitar|63/100 brn|[from] brn
|upkeep
|turn|9
|
|t:|1734208128
|move|p1a: Landorus|U-turn|p2a: Tyranitar
|-supereffective|p2a: Tyranitar
|-damage|p2a: Tyranitar|0 fnt
|faint|p2a: Tyranitar
|
|t:|1734208135
|switch|p1a: Scizor|Scizor, F, shiny|100/100|[from] U-turn
|-damage|p1a: Scizor|88/100|[from] Stealth Rock
|
|-weather|Sandstorm|[upkeep]
|upkeep
|
|t:|1734208145
|switch|p2a: Magnezone|Magnezone|100/100
|-damage|p2a: Magnezone|94/100|[from] Stealth Rock
|turn|10
|
|t:|1734208148
|move|p1a: Scizor|U-turn|p2a: Magnezone
|-resisted|p2a: Magnezone
|-damage|p2a: Magnezone|73/100
|
|t:|1734208152
|switch|p1a: Blissey|Blissey, F, shiny|58/100|[from] U-turn
|-damage|p1a: Blissey|45/100|[from] Stealth Rock
|move|p2a: Magnezone|Hidden Power|p1a: Blissey
|-damage|p1a: Blissey|36/100
|
|-weather|Sandstorm|[upkeep]
|-damage|p1a: Blissey|30/100|[from] Sandstorm
|-heal|p1a: Blissey|36/100|[from] item: Leftovers
|upkeep
|turn|11
|c|☆HydreigonSpammer|damn i was scarf zone as well xD
|
|t:|1734208168
|switch|p2a: Breloom|Breloom, M|100/100
|-damage|p2a: Breloom|94/100|[from] Stealth Rock
|move|p1a: Blissey|Sunny Day|p1a: Blissey
|-weather|SunnyDay
|
|-weather|SunnyDay|[upkeep]
|-heal|p1a: Blissey|42/100|[from] item: Leftovers
|upkeep
|turn|12
|
|t:|1734208175
|move|p2a: Breloom|Low Sweep|p1a: Blissey
|-supereffective|p1a: Blissey
|-damage|p1a: Blissey|0 fnt
|faint|p1a: Blissey
|-damage|p2a: Breloom|84/100|[from] item: Life Orb
|
|-weather|SunnyDay|[upkeep]
|upkeep
|
|t:|1734208187
|switch|p1a: Scizor|Scizor, F, shiny|88/100
|-damage|p1a: Scizor|76/100|[from] Stealth Rock
|turn|13
|
|t:|1734208191
|switch|p2a: Landorus|Landorus-Therian, M|100/100
|-damage|p2a: Landorus|88/100|[from] Stealth Rock
|-ability|p2a: Landorus|Intimidate|boost
|-unboost|p1a: Scizor|atk|1
|move|p1a: Scizor|U-turn|p2a: Landorus
|-resisted|p2a: Landorus
|-damage|p2a: Landorus|79/100
|
|t:|1734208195
|switch|p1a: Forretress|Forretress, M, shiny|100/100|[from] U-turn
|-damage|p1a: Forretress|88/100|[from] Stealth Rock
|
|-weather|SunnyDay|[upkeep]
|-heal|p2a: Landorus|85/100|[from] item: Leftovers
|upkeep
|turn|14
|
|t:|1734208200
|move|p2a: Landorus|Earthquake|p1a: Forretress
|-damage|p1a: Forretress|52/100
|move|p1a: Forretress|Earthquake|p2a: Landorus
|-immune|p2a: Landorus
|
|-weather|SunnyDay|[upkeep]
|-heal|p2a: Landorus|92/100|[from] item: Leftovers
|upkeep
|turn|15
|c|☆HydreigonSpammer|niceee bro
|
|t:|1734208210
|move|p2a: Landorus|Earthquake|p1a: Forretress
|-damage|p1a: Forretress|13/100
|move|p1a: Forretress|Gyro Ball|p2a: Landorus
|-damage|p2a: Landorus|69/100
|
|-weather|none
|-heal|p2a: Landorus|75/100|[from] item: Leftovers
|upkeep
|turn|16
|-enditem|p1a: Forretress|Custap Berry|[eat]
|-activate|p1a: Forretress|item: Custap Berry|[consumed]
|
|t:|1734208219
|move|p1a: Forretress|Rapid Spin|p2a: Landorus
|-damage|p2a: Landorus|70/100
|-sideend|p1: seanb143|Stealth Rock|[from] move: Rapid Spin|[of] p1a: Forretress
|move|p2a: Landorus|Earthquake|p1a: Forretress
|-damage|p1a: Forretress|0 fnt
|faint|p1a: Forretress
|
|-heal|p2a: Landorus|77/100|[from] item: Leftovers
|upkeep
|
|t:|1734208224
|switch|p1a: Conkeldurr|Conkeldurr, M, shiny|100/100
|turn|17
|
|t:|1734208243
|move|p2a: Landorus|U-turn|p1a: Conkeldurr
|-resisted|p1a: Conkeldurr
|-damage|p1a: Conkeldurr|90/100
|
|t:|1734208248
|switch|p2a: Magnezone|Magnezone|73/100|[from] U-turn
|-damage|p2a: Magnezone|67/100|[from] Stealth Rock
|move|p1a: Conkeldurr|Bulk Up|p1a: Conkeldurr
|-boost|p1a: Conkeldurr|atk|1
|-boost|p1a: Conkeldurr|def|1
|
|-heal|p1a: Conkeldurr|96/100|[from] item: Leftovers
|upkeep
|turn|18
|
|t:|1734208251
|move|p2a: Magnezone|Thunderbolt|p1a: Conkeldurr
|-damage|p1a: Conkeldurr|40/100
|move|p1a: Conkeldurr|Drain Punch|p2a: Magnezone
|-supereffective|p2a: Magnezone
|-damage|p2a: Magnezone|0 fnt
|-heal|p1a: Conkeldurr|63/100|[from] drain|[of] p2a: Magnezone
|faint|p2a: Magnezone
|
|-heal|p1a: Conkeldurr|69/100|[from] item: Leftovers
|upkeep
|
|t:|1734208258
|switch|p2a: Latios|Latios, M|76/100 brn
|-damage|p2a: Latios|64/100 brn|[from] Stealth Rock
|turn|19
|
|t:|1734208266
|switch|p1a: Jellicent|Jellicent, F, shiny|93/100
|move|p2a: Latios|Dragon Pulse|p1a: Jellicent
|-damage|p1a: Jellicent|45/100
|
|-heal|p1a: Jellicent|51/100|[from] item: Leftovers
|-damage|p2a: Latios|51/100 brn|[from] brn
|upkeep
|turn|20
|
|t:|1734208275
|switch|p2a: Breloom|Breloom, M|84/100
|-damage|p2a: Breloom|78/100|[from] Stealth Rock
|switch|p1a: Scizor|Scizor, F, shiny|76/100
|
|upkeep
|turn|21
|
|t:|1734208281
|switch|p2a: Landorus|Landorus-Therian, M|77/100
|-damage|p2a: Landorus|64/100|[from] Stealth Rock
|-ability|p2a: Landorus|Intimidate|boost
|-unboost|p1a: Scizor|atk|1
|move|p1a: Scizor|U-turn|p2a: Landorus
|-resisted|p2a: Landorus
|-damage|p2a: Landorus|55/100
|
|t:|1734208284
|switch|p1a: Landorus|Landorus-Therian, M, shiny|48/100|[from] U-turn
|-ability|p1a: Landorus|Intimidate|boost
|-unboost|p2a: Landorus|atk|1
|
|-heal|p2a: Landorus|61/100|[from] item: Leftovers
|upkeep
|turn|22
|
|t:|1734208291
|switch|p2a: Keldeo|Keldeo|100/100
|-damage|p2a: Keldeo|94/100|[from] Stealth Rock
|move|p1a: Landorus|Stone Edge|p2a: Keldeo
|-resisted|p2a: Keldeo
|-damage|p2a: Keldeo|58/100
|
|-heal|p2a: Keldeo|65/100|[from] item: Leftovers
|upkeep
|turn|23
|
|t:|1734208299
|switch|p2a: Landorus|Landorus-Therian, M|61/100
|-damage|p2a: Landorus|48/100|[from] Stealth Rock
|-ability|p2a: Landorus|Intimidate|boost
|-unboost|p1a: Landorus|atk|1
|switch|p1a: Jellicent|Jellicent, F, shiny|51/100
|
|-heal|p2a: Landorus|55/100|[from] item: Leftovers
|-heal|p1a: Jellicent|57/100|[from] item: Leftovers
|upkeep
|turn|24
|
|t:|1734208302
|move|p2a: Landorus|Stealth Rock|p1a: Jellicent
|-sidestart|p1: seanb143|move: Stealth Rock
|move|p1a: Jellicent|Will-O-Wisp|p2a: Landorus
|-status|p2a: Landorus|brn
|
|-heal|p2a: Landorus|61/100 brn|[from] item: Leftovers
|-heal|p1a: Jellicent|63/100|[from] item: Leftovers
|-damage|p2a: Landorus|48/100 brn|[from] brn
|upkeep
|turn|25
|
|t:|1734208308
|move|p2a: Landorus|Earthquake|p1a: Jellicent
|-damage|p1a: Jellicent|32/100
|move|p1a: Jellicent|Will-O-Wisp|p2a: Landorus
|-fail|p2a: Landorus|brn
|
|-heal|p2a: Landorus|55/100 brn|[from] item: Leftovers
|-heal|p1a: Jellicent|38/100|[from] item: Leftovers
|-damage|p2a: Landorus|42/100 brn|[from] brn
|upkeep
|turn|26
|
|t:|1734208314
|move|p2a: Landorus|Earthquake|p1a: Jellicent
|-damage|p1a: Jellicent|9/100
|move|p1a: Jellicent|Recover|p1a: Jellicent
|-heal|p1a: Jellicent|59/100
|
|-heal|p2a: Landorus|48/100 brn|[from] item: Leftovers
|-heal|p1a: Jellicent|65/100|[from] item: Leftovers
|-damage|p2a: Landorus|36/100 brn|[from] brn
|upkeep
|turn|27
|
|t:|1734208317
|move|p2a: Landorus|Earthquake|p1a: Jellicent
|-damage|p1a: Jellicent|35/100
|move|p1a: Jellicent|Recover|p1a: Jellicent
|-heal|p1a: Jellicent|85/100
|
|-heal|p2a: Landorus|42/100 brn|[from] item: Leftovers
|-heal|p1a: Jellicent|91/100|[from] item: Leftovers
|-damage|p2a: Landorus|30/100 brn|[from] brn
|upkeep
|turn|28
|
|t:|1734208324
|move|p2a: Landorus|Earthquake|p1a: Jellicent
|-damage|p1a: Jellicent|64/100
|move|p1a: Jellicent|Will-O-Wisp|p2a: Landorus
|-fail|p2a: Landorus|brn
|
|-heal|p2a: Landorus|36/100 brn|[from] item: Leftovers
|-heal|p1a: Jellicent|70/100|[from] item: Leftovers
|-damage|p2a: Landorus|24/100 brn|[from] brn
|upkeep
|turn|29
|
|t:|1734208329
|move|p2a: Landorus|Earthquake|p1a: Jellicent
|-damage|p1a: Jellicent|39/100
|move|p1a: Jellicent|Recover|p1a: Jellicent
|-heal|p1a: Jellicent|89/100
|
|-heal|p2a: Landorus|30/100 brn|[from] item: Leftovers
|-heal|p1a: Jellicent|95/100|[from] item: Leftovers
|-damage|p2a: Landorus|17/100 brn|[from] brn
|upkeep
|turn|30
|
|t:|1734208335
|move|p2a: Landorus|Stone Edge|p1a: Jellicent|[miss]
|-miss|p2a: Landorus|p1a: Jellicent
|move|p1a: Jellicent|Night Shade|p2a: Landorus
|-damage|p2a: Landorus|0 fnt
|faint|p2a: Landorus
|
|-heal|p1a: Jellicent|100/100|[from] item: Leftovers
|upkeep
|
|t:|1734208337
|switch|p2a: Breloom|Breloom, M|78/100
|-damage|p2a: Breloom|72/100|[from] Stealth Rock
|turn|31
|
|t:|1734208345
|switch|p1a: Landorus|Landorus-Therian, M, shiny|48/100
|-damage|p1a: Landorus|36/100|[from] Stealth Rock
|-ability|p1a: Landorus|Intimidate|boost
|-unboost|p2a: Breloom|atk|1
|move|p2a: Breloom|Bullet Seed|p1a: Landorus
|-damage|p1a: Landorus|14/100
|-damage|p1a: Landorus|0 fnt
|faint|p1a: Landorus
|-hitcount|p1: Landorus|2
|-damage|p2a: Breloom|62/100|[from] item: Life Orb
|
|upkeep
|
|t:|1734208354
|switch|p1a: Scizor|Scizor, F, shiny|76/100
|-damage|p1a: Scizor|63/100|[from] Stealth Rock
|turn|32
|
|t:|1734208360
|switch|p2a: Keldeo|Keldeo|65/100
|-damage|p2a: Keldeo|58/100|[from] Stealth Rock
|move|p1a: Scizor|Acrobatics|p2a: Keldeo
|-supereffective|p2a: Keldeo
|-damage|p2a: Keldeo|0 fnt
|faint|p2a: Keldeo
|
|upkeep
|j| night suwu
|
|t:|1734208374
|switch|p2a: Latios|Latios, M|51/100 brn
|-damage|p2a: Latios|39/100 brn|[from] Stealth Rock
|turn|33
|
|t:|1734208396
|switch|p1a: Jellicent|Jellicent, F, shiny|100/100
|-damage|p1a: Jellicent|88/100|[from] Stealth Rock
|move|p2a: Latios|Dragon Pulse|p1a: Jellicent
|-damage|p1a: Jellicent|43/100
|
|-heal|p1a: Jellicent|49/100|[from] item: Leftovers
|-damage|p2a: Latios|27/100 brn|[from] brn
|upkeep
|turn|34
|
|t:|1734208405
|move|p2a: Latios|Dragon Pulse|p1a: Jellicent
|-damage|p1a: Jellicent|4/100
|move|p1a: Jellicent|Recover|p1a: Jellicent
|-heal|p1a: Jellicent|54/100
|
|-heal|p1a: Jellicent|60/100|[from] item: Leftovers
|-damage|p2a: Latios|14/100 brn|[from] brn
|upkeep
|turn|35
|
|t:|1734208409
|move|p2a: Latios|Dragon Pulse|p1a: Jellicent
|-damage|p1a: Jellicent|12/100
|move|p1a: Jellicent|Recover|p1a: Jellicent
|-heal|p1a: Jellicent|62/100
|
|-heal|p1a: Jellicent|68/100|[from] item: Leftovers
|-damage|p2a: Latios|2/100 brn|[from] brn
|upkeep
|turn|36
|
|t:|1734208412
|move|p2a: Latios|Dragon Pulse|p1a: Jellicent
|-damage|p1a: Jellicent|18/100
|move|p1a: Jellicent|Recover|p1a: Jellicent
|-heal|p1a: Jellicent|68/100
|
|-heal|p1a: Jellicent|74/100|[from] item: Leftovers
|-damage|p2a: Latios|0 fnt|[from] brn
|faint|p2a: Latios
|upkeep
|
|t:|1734208414
|switch|p2a: Breloom|Breloom, M|62/100
|-damage|p2a: Breloom|56/100|[from] Stealth Rock
|turn|37
|
|t:|1734208420
|move|p2a: Breloom|Bullet Seed|p1a: Jellicent
|-supereffective|p1a: Jellicent
|-damage|p1a: Jellicent|5/100
|-supereffective|p1a: Jellicent
|-damage|p1a: Jellicent|0 fnt
|faint|p1a: Jellicent
|-hitcount|p1: Jellicent|2
|-damage|p2a: Breloom|46/100|[from] item: Life Orb
|
|upkeep
|
|t:|1734208423
|switch|p1a: Scizor|Scizor, F, shiny|63/100
|-damage|p1a: Scizor|51/100|[from] Stealth Rock
|turn|38
|
|t:|1734208426
|move|p2a: Breloom|Mach Punch|p1a: Scizor
|-damage|p1a: Scizor|0 fnt
|faint|p1a: Scizor
|-damage|p2a: Breloom|36/100|[from] item: Life Orb
|
|upkeep
|
|t:|1734208429
|switch|p1a: Conkeldurr|Conkeldurr, M, shiny|69/100
|-damage|p1a: Conkeldurr|63/100|[from] Stealth Rock
|turn|39
|
|t:|1734208433
|move|p2a: Breloom|Low Sweep|p1a: Conkeldurr
|-damage|p1a: Conkeldurr|1/100
|-unboost|p1a: Conkeldurr|spe|1
|-damage|p2a: Breloom|26/100|[from] item: Life Orb
|move|p1a: Conkeldurr|Drain Punch|p2a: Breloom
|-damage|p2a: Breloom|0 fnt
|-heal|p1a: Conkeldurr|10/100|[from] drain|[of] p2a: Breloom
|faint|p2a: Breloom
|
|win|seanb143
|raw|seanb143's rating: 1409 &rarr; <strong>1429</strong><br />(+20 for winning)
|raw|HydreigonSpammer's rating: 1404 &rarr; <strong>1384</strong><br />(-20 for losing)
|c|☆HydreigonSpammer|fffff
|c|☆HydreigonSpammer|gg
|l| night suwu
