|j|☆lolbw
|j|☆tokiiiiiiii
|player|p1|lolbw|2
|player|p2|tokiiiiiiii|28
|teamsize|p1|6
|teamsize|p2|6
|gametype|singles
|gen|5
|tier|[Gen 5] OU
|rated|
|rule|Sleep Clause Mod: Limit one foe put to sleep
|rule|Species Clause: Limit one of each Pokémon
|rule|OHKO Clause: OHKO moves are banned
|rule|Moody Clause: Moody is banned
|rule|Evasion Moves Clause: Evasion moves are banned
|rule|Endless Battle Clause: Forcing endless battles is banned
|rule|HP Percentage Mod: HP is shown in percentages
|rule|Evasion Abilities Clause: Evasion abilities are banned
|rule|Baton Pass Clause: Limit one Baton Passer, can't pass Spe and other stats simultaneously
|rule|Swagger Clause: Swagger is banned
|clearpoke
|poke|p1|Tyranitar, F|item
|poke|p1|Jirachi|item
|poke|p1|Landorus-Therian, M|item
|poke|p1|Keldeo|item
|poke|p1|Ferrothorn, F|item
|poke|p1|Garchomp, F|item
|poke|p2|Jirachi|item
|poke|p2|Donphan, M|item
|poke|p2|Haxorus, M|item
|poke|p2|Porygon2|item
|poke|p2|Ninetales, M|item
|poke|p2|Volcarona, F|item
|teampreview
|
|start
|switch|p1a: Tyranitar|Tyranitar, F|100/100
|switch|p2a: assembler|Donphan, M|100/100
|-weather|Sandstorm|[from] ability: Sand Stream|[of] p1a: Tyranitar
|turn|1
|inactive|Battle timer is ON: inactive players will automatically lose when time's up. (requested by lolbw)
|
|switch|p1a: Ferrothorn|Ferrothorn, F|100/100
|move|p2a: assembler|Stealth Rock|p1a: Ferrothorn
|-sidestart|p1: lolbw|move: Stealth Rock
|
|-weather|Sandstorm|[upkeep]
|upkeep
|turn|2
|inactive|tokiiiiiiii has 135 seconds left.
|
|switch|p2a: Heartbreak|Ninetales, M|100/100
|-weather|SunnyDay|[from] ability: Drought|[of] p2a: Heartbreak
|-item|p2a: Heartbreak|Air Balloon
|move|p1a: Ferrothorn|Stealth Rock|p2a: Heartbreak
|-sidestart|p2: tokiiiiiiii|move: Stealth Rock
|
|-weather|SunnyDay|[upkeep]
|upkeep
|turn|3
|
|switch|p1a: Tyranitar|Tyranitar, F|100/100
|-damage|p1a: Tyranitar|88/100|[from] Stealth Rock
|-weather|Sandstorm|[from] ability: Sand Stream|[of] p1a: Tyranitar
|move|p2a: Heartbreak|Sunny Day|p2a: Heartbreak
|-weather|SunnyDay
|
|-weather|SunnyDay|[upkeep]
|upkeep
|turn|4
|
|move|p2a: Heartbreak|Solar Beam|p1a: Tyranitar|[still]
|-prepare|p2a: Heartbreak|Solar Beam|p1a: Tyranitar
|-anim|p2a: Heartbreak|Solar Beam|p1a: Tyranitar
|-supereffective|p1a: Tyranitar
|-damage|p1a: Tyranitar|49/100
|move|p1a: Tyranitar|Crunch|p2a: Heartbreak
|-damage|p2a: Heartbreak|47/100
|-enditem|p2a: Heartbreak|Air Balloon
|
|-weather|SunnyDay|[upkeep]
|upkeep
|turn|5
|inactive|lolbw has 135 seconds left.
|
|switch|p2a: assembler|Donphan, M|100/100
|-damage|p2a: assembler|94/100|[from] Stealth Rock
|switch|p1a: Landorus|Landorus-Therian, M|100/100
|-damage|p1a: Landorus|88/100|[from] Stealth Rock
|-ability|p1a: Landorus|Intimidate|boost
|-unboost|p2a: assembler|atk|1
|
|-weather|SunnyDay|[upkeep]
|-heal|p2a: assembler|100/100|[from] item: Leftovers
|upkeep
|turn|6
|
|move|p1a: Landorus|U-turn|p2a: assembler
|-damage|p2a: assembler|87/100
|
|switch|p1a: Ferrothorn|Ferrothorn, F|100/100
|-damage|p1a: Ferrothorn|94/100|[from] Stealth Rock
|move|p2a: assembler|Rapid Spin|p1a: Ferrothorn
|-resisted|p1a: Ferrothorn
|-damage|p1a: Ferrothorn|93/100
|-damage|p2a: assembler|74/100|[from] ability: Iron Barbs|[of] p1a: Ferrothorn
|-sideend|p2: tokiiiiiiii|Stealth Rock|[from] move: Rapid Spin|[of] p2a: assembler
|
|-weather|SunnyDay|[upkeep]
|-heal|p2a: assembler|80/100|[from] item: Leftovers
|-heal|p1a: Ferrothorn|99/100|[from] item: Leftovers
|upkeep
|turn|7
|
|switch|p2a: JAPH|Haxorus, M|100/100
|-ability|p2a: JAPH|Mold Breaker
|move|p1a: Ferrothorn|Leech Seed|p2a: JAPH
|-start|p2a: JAPH|move: Leech Seed
|
|-weather|none
|-heal|p1a: Ferrothorn|100/100|[from] item: Leftovers
|-damage|p2a: JAPH|88/100|[from] Leech Seed|[of] p1a: Ferrothorn
|upkeep
|turn|8
|
|move|p2a: JAPH|Swords Dance|p2a: JAPH
|-boost|p2a: JAPH|atk|2
|move|p1a: Ferrothorn|Stealth Rock|p2a: JAPH
|-sidestart|p2: tokiiiiiiii|move: Stealth Rock
|
|-damage|p2a: JAPH|76/100|[from] Leech Seed|[of] p1a: Ferrothorn
|upkeep
|turn|9
|
|switch|p1a: Landorus|Landorus-Therian, M|88/100
|-damage|p1a: Landorus|76/100|[from] Stealth Rock
|-ability|p1a: Landorus|Intimidate|boost
|-unboost|p2a: JAPH|atk|1
|move|p2a: JAPH|Dragon Dance|p2a: JAPH
|-boost|p2a: JAPH|atk|1
|-boost|p2a: JAPH|spe|1
|
|-damage|p2a: JAPH|64/100|[from] Leech Seed|[of] p1a: Landorus
|-heal|p1a: Landorus|85/100|[silent]
|upkeep
|turn|10
|
|move|p2a: JAPH|Outrage|p1a: Landorus
|-damage|p1a: Landorus|0 fnt
|faint|p1a: Landorus
|
|upkeep
|
|switch|p1a: Ferrothorn|Ferrothorn, F|100/100
|-damage|p1a: Ferrothorn|94/100|[from] Stealth Rock
|turn|11
|
|move|p2a: JAPH|Outrage|p1a: Ferrothorn|[from]lockedmove
|-resisted|p1a: Ferrothorn
|-damage|p1a: Ferrothorn|47/100
|-damage|p2a: JAPH|51/100|[from] ability: Iron Barbs|[of] p1a: Ferrothorn
|move|p1a: Ferrothorn|Power Whip|p2a: JAPH
|-resisted|p2a: JAPH
|-damage|p2a: JAPH|27/100
|
|-heal|p1a: Ferrothorn|53/100|[from] item: Leftovers
|-damage|p2a: JAPH|15/100|[from] Leech Seed|[of] p1a: Ferrothorn
|-heal|p1a: Ferrothorn|63/100|[silent]
|upkeep
|turn|12
|
|move|p2a: JAPH|Outrage|p1a: Ferrothorn|[from]lockedmove
|-resisted|p1a: Ferrothorn
|-damage|p1a: Ferrothorn|17/100
|-damage|p2a: JAPH|3/100|[from] ability: Iron Barbs|[of] p1a: Ferrothorn
|-start|p2a: JAPH|confusion|[fatigue]
|-enditem|p2a: JAPH|Lum Berry|[eat]
|-end|p2a: JAPH|confusion
|move|p1a: Ferrothorn|Spikes|p2a: JAPH
|-sidestart|p2: tokiiiiiiii|Spikes
|
|-heal|p1a: Ferrothorn|23/100|[from] item: Leftovers
|-damage|p2a: JAPH|0 fnt|[from] Leech Seed|[of] p1a: Ferrothorn
|-heal|p1a: Ferrothorn|25/100|[silent]
|upkeep
|faint|p2a: JAPH
|inactive|tokiiiiiiii has 135 seconds left.
|
|switch|p2a: PC-98|Jirachi|100/100
|-damage|p2a: PC-98|88/100|[from] Spikes
|-damage|p2a: PC-98|82/100|[from] Stealth Rock
|turn|13
|
|move|p2a: PC-98|Hidden Power|p1a: Ferrothorn
|-supereffective|p1a: Ferrothorn
|-damage|p1a: Ferrothorn|0 fnt
|faint|p1a: Ferrothorn
|
|upkeep
|inactive|lolbw has 135 seconds left.
|
|switch|p1a: Keldeo|Keldeo|100/100
|-damage|p1a: Keldeo|94/100|[from] Stealth Rock
|turn|14
|
|move|p1a: Keldeo|Hydro Pump|p2a: PC-98
|-damage|p2a: PC-98|0 fnt
|faint|p2a: PC-98
|
|upkeep
|
|switch|p2a: Heartbreak|Ninetales, M|47/100
|-damage|p2a: Heartbreak|35/100|[from] Spikes
|-damage|p2a: Heartbreak|10/100|[from] Stealth Rock
|-weather|SunnyDay|[from] ability: Drought|[of] p2a: Heartbreak
|turn|15
|inactive|lolbw has 135 seconds left.
|inactive|lolbw has 120 seconds left.
|
|move|p1a: Keldeo|Hydro Pump|p2a: Heartbreak
|-supereffective|p2a: Heartbreak
|-damage|p2a: Heartbreak|0 fnt
|faint|p2a: Heartbreak
|
|-weather|SunnyDay|[upkeep]
|upkeep
|
|switch|p2a: Free BASIC|Porygon2|100/100
|-damage|p2a: Free BASIC|88/100|[from] Stealth Rock
|-damage|p2a: Free BASIC|76/100|[from] Spikes
|-ability|p2a: Free BASIC|Justified|[from] ability: Trace|[of] p1a: Keldeo
|turn|16
|
|switch|p1a: Tyranitar|Tyranitar, F|49/100
|-damage|p1a: Tyranitar|36/100|[from] Stealth Rock
|-weather|Sandstorm|[from] ability: Sand Stream|[of] p1a: Tyranitar
|move|p2a: Free BASIC|Toxic|p1a: Tyranitar
|-status|p1a: Tyranitar|tox
|
|-weather|Sandstorm|[upkeep]
|-damage|p2a: Free BASIC|70/100|[from] Sandstorm
|-damage|p1a: Tyranitar|30/100 tox|[from] psn
|upkeep
|turn|17
|
|move|p2a: Free BASIC|Recover|p2a: Free BASIC
|-heal|p2a: Free BASIC|100/100
|move|p1a: Tyranitar|Superpower|p2a: Free BASIC
|-supereffective|p2a: Free BASIC
|-damage|p2a: Free BASIC|55/100
|-unboost|p1a: Tyranitar|atk|1
|-unboost|p1a: Tyranitar|def|1
|
|-weather|Sandstorm|[upkeep]
|-damage|p2a: Free BASIC|49/100|[from] Sandstorm
|-damage|p1a: Tyranitar|18/100 tox|[from] psn
|upkeep
|turn|18
|
|switch|p1a: Jirachi|Jirachi|100/100
|-damage|p1a: Jirachi|94/100|[from] Stealth Rock
|move|p2a: Free BASIC|Recover|p2a: Free BASIC
|-heal|p2a: Free BASIC|99/100
|
|-weather|Sandstorm|[upkeep]
|-damage|p2a: Free BASIC|93/100|[from] Sandstorm
|upkeep
|turn|19
|inactive|tokiiiiiiii has 135 seconds left.
|
|switch|p2a: assembler|Donphan, M|80/100
|-damage|p2a: assembler|68/100|[from] Spikes
|-damage|p2a: assembler|62/100|[from] Stealth Rock
|move|p1a: Jirachi|Iron Head|p2a: assembler
|-damage|p2a: assembler|45/100
|
|-weather|Sandstorm|[upkeep]
|-heal|p2a: assembler|51/100|[from] item: Leftovers
|upkeep
|turn|20
|
|move|p1a: Jirachi|Iron Head|p2a: assembler
|-damage|p2a: assembler|36/100
|cant|p2a: assembler|flinch
|
|-weather|Sandstorm|[upkeep]
|-heal|p2a: assembler|42/100|[from] item: Leftovers
|upkeep
|turn|21
|
|move|p1a: Jirachi|Iron Head|p2a: assembler
|-damage|p2a: assembler|28/100
|move|p2a: assembler|Rapid Spin|p1a: Jirachi
|-resisted|p1a: Jirachi
|-damage|p1a: Jirachi|92/100
|-sideend|p2: tokiiiiiiii|Spikes|[from] move: Rapid Spin|[of] p2a: assembler
|-sideend|p2: tokiiiiiiii|Stealth Rock|[from] move: Rapid Spin|[of] p2a: assembler
|
|-weather|Sandstorm|[upkeep]
|-heal|p2a: assembler|34/100|[from] item: Leftovers
|upkeep
|turn|22
|
|move|p1a: Jirachi|Icy Wind|p2a: assembler
|-supereffective|p2a: assembler
|-damage|p2a: assembler|0 fnt
|faint|p2a: assembler
|
|-weather|Sandstorm|[upkeep]
|upkeep
|
|switch|p2a: .flow|Volcarona, F|100/100
|turn|23
|
|switch|p1a: Keldeo|Keldeo|94/100
|-damage|p1a: Keldeo|88/100|[from] Stealth Rock
|move|p2a: .flow|Quiver Dance|p2a: .flow
|-boost|p2a: .flow|spa|1
|-boost|p2a: .flow|spd|1
|-boost|p2a: .flow|spe|1
|
|-weather|Sandstorm|[upkeep]
|-damage|p2a: .flow|95/100|[from] Sandstorm
|-damage|p1a: Keldeo|82/100|[from] Sandstorm
|upkeep
|turn|24
|inactive|tokiiiiiiii has 135 seconds left.
|
|move|p2a: .flow|Quiver Dance|p2a: .flow
|-boost|p2a: .flow|spa|1
|-boost|p2a: .flow|spd|1
|-boost|p2a: .flow|spe|1
|move|p1a: Keldeo|Hydro Pump|p2a: .flow|[miss]
|-miss|p1a: Keldeo|p2a: .flow
|
|-weather|Sandstorm|[upkeep]
|-damage|p2a: .flow|89/100|[from] Sandstorm
|-damage|p1a: Keldeo|76/100|[from] Sandstorm
|upkeep
|turn|25
|j| porrompompom
|inactive|lolbw has 135 seconds left.
|inactive|lolbw has 120 seconds left.
|inactive|lolbw has 105 seconds left.
|
|move|p2a: .flow|Quiver Dance|p2a: .flow
|-boost|p2a: .flow|spa|1
|-boost|p2a: .flow|spd|1
|-boost|p2a: .flow|spe|1
|move|p1a: Keldeo|Hydro Pump|p2a: .flow
|-supereffective|p2a: .flow
|-damage|p2a: .flow|9/100
|
|-weather|Sandstorm|[upkeep]
|-damage|p2a: .flow|3/100|[from] Sandstorm
|-damage|p1a: Keldeo|70/100|[from] Sandstorm
|upkeep
|turn|26
|
|switch|p1a: Tyranitar|Tyranitar, F|18/100 tox
|-damage|p1a: Tyranitar|5/100 tox|[from] Stealth Rock
|move|p2a: .flow|Rest|p2a: .flow
|-status|p2a: .flow|slp
|-heal|p2a: .flow|100/100 slp|[silent]
|-status|p2a: .flow|slp|[from] move: Rest
|-enditem|p2a: .flow|Chesto Berry|[eat]
|-curestatus|p2a: .flow|slp|[msg]
|
|-weather|Sandstorm|[upkeep]
|-damage|p2a: .flow|95/100|[from] Sandstorm
|-damage|p1a: Tyranitar|0 fnt|[from] psn
|upkeep
|faint|p1a: Tyranitar
|-message|lolbw forfeited.
|
|win|tokiiiiiiii
|l|☆lolbw
|raw|lolbw's rating: 1325 &rarr; <strong>1304</strong><br />(-21 for losing)
|raw|tokiiiiiiii's rating: 1306 &rarr; <strong>1327</strong><br />(+21 for winning)
