|j|☆baixiaohen
|j|☆Accelerock Ttar
|t:|1743772165
|gametype|singles
|player|p1|baixiaohen|red|1350
|player|p2|Accelerock Ttar|blackbelt-gen4dp|1467
|teamsize|p1|6
|teamsize|p2|6
|gen|5
|tier|[Gen 5] OU
|rated|
|rule|Species Clause: Limit one of each Pokémon
|rule|OHKO Clause: OHKO moves are banned
|rule|Moody Clause: Moody is banned
|rule|Evasion Items Clause: Evasion items are banned
|rule|Evasion Moves Clause: Evasion moves are banned
|rule|Endless Battle Clause: Forcing endless battles is banned
|rule|HP Percentage Mod: HP is shown in percentages
|rule|Evasion Abilities Clause: Evasion abilities are banned
|rule|Sleep Moves Clause: Sleep-inducing moves are banned
|rule|Swagger Clause: Swagger is banned
|rule|Baton Pass Stat Clause: No Baton Passer may have a way to boost its stats
|clearpoke
|poke|p1|Keldeo-Resolute|item
|poke|p1|Latios, M|item
|poke|p1|Jirachi|item
|poke|p1|Rotom-Wash|item
|poke|p1|Mamoswine, M|item
|poke|p1|Starmie|item
|poke|p2|Politoed, M|item
|poke|p2|Ferrothorn, F|item
|poke|p2|Keldeo|item
|poke|p2|Tentacruel, M|item
|poke|p2|Latios, M|item
|poke|p2|Thundurus-Therian, M|item
|teampreview
|inactive|Battle timer is ON: inactive players will automatically lose when time's up. (requested by baixiaohen)
|c|☆Accelerock Ttar|hf
|inactive|Accelerock Ttar also wants the timer to be on.
|
|t:|1743772189
|start
|switch|p1a: Latios|Latios, M|100/100
|switch|p2a: Keldeo|Keldeo|100/100
|turn|1
|
|t:|1743772206
|switch|p2a: Ferrothorn|Ferrothorn, F|100/100
|move|p1a: Latios|Trick|p2a: Ferrothorn
|-activate|p1a: Latios|move: Trick|[of] p2a: Ferrothorn
|-item|p2a: Ferrothorn|Choice Scarf|[from] move: Trick
|-item|p1a: Latios|Leftovers|[from] move: Trick
|
|upkeep
|turn|2
|
|t:|1743772223
|switch|p1a: Starmie|Starmie|100/100
|move|p2a: Ferrothorn|Stealth Rock|p1a: Starmie
|-sidestart|p1: baixiaohen|move: Stealth Rock
|
|upkeep
|turn|3
|
|t:|1743772239
|switch|p2a: Latios|Latios, M|100/100
|move|p1a: Starmie|Trick|p2a: Latios
|-activate|p1a: Starmie|move: Trick|[of] p2a: Latios
|-item|p2a: Latios|Choice Scarf|[from] move: Trick
|-item|p1a: Starmie|Choice Scarf|[from] move: Trick
|
|upkeep
|turn|4
|inactive|Accelerock Ttar has 120 seconds left.
|
|t:|1743772256
|switch|p1a: Jirachi|Jirachi|100/100
|-damage|p1a: Jirachi|94/100|[from] Stealth Rock
|move|p2a: Latios|Draco Meteor|p1a: Jirachi
|-resisted|p1a: Jirachi
|-crit|p1a: Jirachi
|-damage|p1a: Jirachi|50/100
|-unboost|p2a: Latios|spa|2
|
|-heal|p1a: Jirachi|56/100|[from] item: Leftovers
|upkeep
|turn|5
|inactive|Accelerock Ttar has 120 seconds left.
|
|t:|1743772272
|switch|p2a: Ferrothorn|Ferrothorn, F|100/100
|move|p1a: Jirachi|Body Slam|p2a: Ferrothorn
|-resisted|p2a: Ferrothorn
|-damage|p2a: Ferrothorn|93/100
|-damage|p1a: Jirachi|44/100|[from] ability: Iron Barbs|[of] p2a: Ferrothorn
|
|-heal|p1a: Jirachi|50/100|[from] item: Leftovers
|upkeep
|turn|6
|inactive|Accelerock Ttar has 120 seconds left.
|
|t:|1743772289
|switch|p2a: Keldeo|Keldeo|100/100
|move|p1a: Jirachi|Stealth Rock|p2a: Keldeo
|-sidestart|p2: Accelerock Ttar|move: Stealth Rock
|
|-heal|p1a: Jirachi|56/100|[from] item: Leftovers
|upkeep
|turn|7
|
|t:|1743772305
|switch|p1a: Starmie|Starmie|100/100
|-damage|p1a: Starmie|88/100|[from] Stealth Rock
|move|p2a: Keldeo|Secret Sword|p1a: Starmie
|-resisted|p1a: Starmie
|-damage|p1a: Starmie|61/100
|
|upkeep
|turn|8
|
|t:|1743772322
|move|p1a: Starmie|Rapid Spin|p2a: Keldeo
|-damage|p2a: Keldeo|97/100
|-sideend|p1: baixiaohen|Stealth Rock|[from] move: Rapid Spin|[of] p1a: Starmie
|move|p2a: Keldeo|Secret Sword|p1a: Starmie
|-resisted|p1a: Starmie
|-damage|p1a: Starmie|32/100
|
|upkeep
|turn|9
|
|t:|1743772338
|switch|p1a: Latios|Latios, M|100/100
|move|p2a: Keldeo|Secret Sword|p1a: Latios
|-resisted|p1a: Latios
|-damage|p1a: Latios|54/100
|
|-heal|p1a: Latios|60/100|[from] item: Leftovers
|upkeep
|turn|10
|inactive|Accelerock Ttar has 90 seconds left.
|
|t:|1743772354
|switch|p2a: Ferrothorn|Ferrothorn, F|93/100
|-damage|p2a: Ferrothorn|87/100|[from] Stealth Rock
|move|p1a: Latios|Psychic|p2a: Ferrothorn
|-resisted|p2a: Ferrothorn
|-damage|p2a: Ferrothorn|72/100
|
|-heal|p1a: Latios|66/100|[from] item: Leftovers
|upkeep
|turn|11
|inactive|Accelerock Ttar has 90 seconds left.
|
|t:|1743772371
|move|p1a: Latios|Psychic|p2a: Ferrothorn
|-resisted|p2a: Ferrothorn
|-damage|p2a: Ferrothorn|56/100
|-unboost|p2a: Ferrothorn|spd|1
|move|p2a: Ferrothorn|Leech Seed|p1a: Latios
|-start|p1a: Latios|move: Leech Seed
|
|-heal|p1a: Latios|72/100|[from] item: Leftovers
|-damage|p1a: Latios|60/100|[from] Leech Seed|[of] p2a: Ferrothorn
|-heal|p2a: Ferrothorn|66/100|[silent]
|upkeep
|turn|12
|inactive|Accelerock Ttar has 90 seconds left.
|
|t:|1743772387
|switch|p1a: Rotom|Rotom-Wash|100/100
|switch|p2a: Latios|Latios, M|100/100
|-damage|p2a: Latios|88/100|[from] Stealth Rock
|
|upkeep
|turn|13
|
|t:|1743772404
|switch|p1a: Jirachi|Jirachi|56/100
|move|p2a: Latios|Draco Meteor|p1a: Jirachi
|-resisted|p1a: Jirachi
|-damage|p1a: Jirachi|34/100
|-unboost|p2a: Latios|spa|2
|
|-heal|p1a: Jirachi|40/100|[from] item: Leftovers
|upkeep
|turn|14
|
|t:|1743772420
|switch|p2a: Ferrothorn|Ferrothorn, F|66/100
|-damage|p2a: Ferrothorn|60/100|[from] Stealth Rock
|move|p1a: Jirachi|U-turn|p2a: Ferrothorn
|-crit|p2a: Ferrothorn
|-damage|p2a: Ferrothorn|34/100
|-damage|p1a: Jirachi|28/100|[from] ability: Iron Barbs|[of] p2a: Ferrothorn
|
|t:|1743772432
|switch|p1a: Mamoswine|Mamoswine, M|100/100|[from] U-turn
|
|upkeep
|turn|15
|
|t:|1743772448
|move|p1a: Mamoswine|Earthquake|p2a: Ferrothorn
|-damage|p2a: Ferrothorn|0 fnt
|faint|p2a: Ferrothorn
|-damage|p1a: Mamoswine|91/100|[from] item: Life Orb
|
|upkeep
|inactive|Accelerock Ttar has 60 seconds left.
|
|t:|1743772465
|switch|p2a: Keldeo|Keldeo|97/100
|-damage|p2a: Keldeo|91/100|[from] Stealth Rock
|turn|16
|inactive|Accelerock Ttar has 60 seconds left.
|
|t:|1743772481
|switch|p1a: Rotom|Rotom-Wash|100/100
|move|p2a: Keldeo|Hidden Power|p1a: Rotom
|-damage|p1a: Rotom|62/100
|
|-heal|p1a: Rotom|69/100|[from] item: Leftovers
|upkeep
|turn|17
|inactive|Accelerock Ttar has 60 seconds left.
|
|t:|1743772498
|switch|p2a: Thundurus|Thundurus-Therian, M|100/100
|-damage|p2a: Thundurus|76/100|[from] Stealth Rock
|move|p1a: Rotom|Will-O-Wisp|p2a: Thundurus
|-status|p2a: Thundurus|brn
|
|-heal|p2a: Thundurus|82/100 brn|[from] item: Leftovers
|-heal|p1a: Rotom|75/100|[from] item: Leftovers
|-damage|p2a: Thundurus|69/100 brn|[from] brn
|upkeep
|turn|18
|
|t:|1743772516
|switch|p1a: Mamoswine|Mamoswine, M|91/100
|move|p2a: Thundurus|Thunder|p1a: Mamoswine
|-immune|p1a: Mamoswine
|
|-heal|p2a: Thundurus|76/100 brn|[from] item: Leftovers
|-damage|p2a: Thundurus|63/100 brn|[from] brn
|upkeep
|turn|19
|
|t:|1743772527
|switch|p2a: Latios|Latios, M|88/100
|-damage|p2a: Latios|76/100|[from] Stealth Rock
|move|p1a: Mamoswine|Earthquake|p2a: Latios
|-immune|p2a: Latios|[from] ability: Levitate
|
|upkeep
|turn|20
|
|t:|1743772535
|switch|p2a: Keldeo|Keldeo|91/100
|-damage|p2a: Keldeo|85/100|[from] Stealth Rock
|move|p1a: Mamoswine|Ice Shard|p2a: Keldeo
|-resisted|p2a: Keldeo
|-damage|p2a: Keldeo|67/100
|-damage|p1a: Mamoswine|81/100|[from] item: Life Orb
|
|upkeep
|turn|21
|inactive|Accelerock Ttar has 60 seconds left.
|
|t:|1743772550
|switch|p1a: Rotom|Rotom-Wash|75/100
|move|p2a: Keldeo|Hidden Power|p1a: Rotom
|-damage|p1a: Rotom|40/100
|
|-heal|p1a: Rotom|46/100|[from] item: Leftovers
|upkeep
|turn|22
|inactive|Accelerock Ttar has 60 seconds left.
|
|t:|1743772567
|switch|p2a: Thundurus|Thundurus-Therian, M|63/100 brn
|-damage|p2a: Thundurus|38/100 brn|[from] Stealth Rock
|move|p1a: Rotom|Hydro Pump|p2a: Thundurus
|-crit|p2a: Thundurus
|-damage|p2a: Thundurus|0 fnt
|faint|p2a: Thundurus
|
|-heal|p1a: Rotom|52/100|[from] item: Leftovers
|upkeep
|
|t:|1743772583
|switch|p2a: Keldeo|Keldeo|67/100
|-damage|p2a: Keldeo|61/100|[from] Stealth Rock
|turn|23
|
|t:|1743772592
|move|p2a: Keldeo|Secret Sword|p1a: Rotom
|-damage|p1a: Rotom|0 fnt
|faint|p1a: Rotom
|
|upkeep
|
|t:|1743772606
|switch|p1a: Latios|Latios, M|60/100
|turn|24
|inactive|Accelerock Ttar has 60 seconds left.
|
|t:|1743772614
|switch|p2a: Politoed|Politoed, M|100/100
|-damage|p2a: Politoed|88/100|[from] Stealth Rock
|-weather|RainDance|[from] ability: Drizzle|[of] p2a: Politoed
|move|p1a: Latios|Psychic|p2a: Politoed
|-damage|p2a: Politoed|48/100
|
|-weather|RainDance|[upkeep]
|-heal|p1a: Latios|66/100|[from] item: Leftovers
|-heal|p2a: Politoed|54/100|[from] item: Leftovers
|upkeep
|turn|25
|inactive|Accelerock Ttar has 60 seconds left.
|
|t:|1743772631
|move|p1a: Latios|Draco Meteor|p2a: Politoed
|-damage|p2a: Politoed|0 fnt
|-unboost|p1a: Latios|spa|2
|faint|p2a: Politoed
|
|-weather|RainDance|[upkeep]
|-heal|p1a: Latios|72/100|[from] item: Leftovers
|upkeep
|
|t:|1743772639
|switch|p2a: Tentacruel|Tentacruel, M|100/100
|-damage|p2a: Tentacruel|88/100|[from] Stealth Rock
|turn|26
|inactive|Accelerock Ttar has 60 seconds left.
|
|t:|1743772648
|switch|p1a: Starmie|Starmie|32/100
|move|p2a: Tentacruel|Toxic|p1a: Starmie
|-status|p1a: Starmie|tox
|
|-weather|RainDance|[upkeep]
|-heal|p2a: Tentacruel|94/100|[from] ability: Rain Dish
|-heal|p2a: Tentacruel|99/100|[from] item: Black Sludge
|-damage|p1a: Starmie|26/100 tox|[from] psn
|upkeep
|turn|27
|inactive|Accelerock Ttar has 60 seconds left.
|
|t:|1743772664
|-curestatus|p1a: Starmie|tox|[from] ability: Natural Cure
|switch|p1a: Latios|Latios, M|72/100
|move|p2a: Tentacruel|Toxic|p1a: Latios|[miss]
|-miss|p2a: Tentacruel|p1a: Latios
|
|-weather|RainDance|[upkeep]
|-heal|p2a: Tentacruel|100/100|[from] ability: Rain Dish
|-heal|p1a: Latios|78/100|[from] item: Leftovers
|upkeep
|turn|28
|inactive|Accelerock Ttar has 60 seconds left.
|
|t:|1743772673
|switch|p2a: Latios|Latios, M|76/100
|-damage|p2a: Latios|64/100|[from] Stealth Rock
|move|p1a: Latios|Psychic|p2a: Latios
|-resisted|p2a: Latios
|-damage|p2a: Latios|39/100
|
|-weather|RainDance|[upkeep]
|-heal|p1a: Latios|84/100|[from] item: Leftovers
|upkeep
|turn|29
|
|t:|1743772689
|switch|p1a: Starmie|Starmie|26/100
|move|p2a: Latios|Surf|p1a: Starmie
|-resisted|p1a: Starmie
|-damage|p1a: Starmie|0 fnt
|faint|p1a: Starmie
|
|-weather|RainDance|[upkeep]
|upkeep
|
|t:|1743772701
|switch|p1a: Mamoswine|Mamoswine, M|81/100
|turn|30
|
|t:|1743772718
|switch|p2a: Tentacruel|Tentacruel, M|100/100
|-damage|p2a: Tentacruel|88/100|[from] Stealth Rock
|move|p1a: Mamoswine|Ice Shard|p2a: Tentacruel
|-resisted|p2a: Tentacruel
|-crit|p2a: Tentacruel
|-damage|p2a: Tentacruel|51/100
|-damage|p1a: Mamoswine|71/100|[from] item: Life Orb
|
|-weather|RainDance|[upkeep]
|-heal|p2a: Tentacruel|57/100|[from] ability: Rain Dish
|-heal|p2a: Tentacruel|63/100|[from] item: Black Sludge
|upkeep
|turn|31
|inactive|Accelerock Ttar has 60 seconds left.
|
|t:|1743772735
|move|p2a: Tentacruel|Toxic|p1a: Mamoswine
|-status|p1a: Mamoswine|tox
|move|p1a: Mamoswine|Earthquake|p2a: Tentacruel
|-supereffective|p2a: Tentacruel
|-crit|p2a: Tentacruel
|-damage|p2a: Tentacruel|0 fnt
|faint|p2a: Tentacruel
|-damage|p1a: Mamoswine|61/100 tox|[from] item: Life Orb
|
|-weather|RainDance|[upkeep]
|-damage|p1a: Mamoswine|55/100 tox|[from] psn
|upkeep
|inactive|Accelerock Ttar has 60 seconds left.
|
|t:|1743772750
|switch|p2a: Keldeo|Keldeo|61/100
|-damage|p2a: Keldeo|55/100|[from] Stealth Rock
|turn|32
|
|t:|1743772765
|switch|p2a: Latios|Latios, M|39/100
|-damage|p2a: Latios|26/100|[from] Stealth Rock
|switch|p1a: Jirachi|Jirachi|28/100
|
|-weather|RainDance|[upkeep]
|-heal|p1a: Jirachi|34/100|[from] item: Leftovers
|upkeep
|turn|33
|
|t:|1743772774
|switch|p2a: Keldeo|Keldeo|55/100
|-damage|p2a: Keldeo|48/100|[from] Stealth Rock
|move|p1a: Jirachi|U-turn|p2a: Keldeo
|-resisted|p2a: Keldeo
|-damage|p2a: Keldeo|39/100
|
|t:|1743772782
|switch|p1a: Latios|Latios, M|84/100|[from] U-turn
|
|-weather|RainDance|[upkeep]
|-heal|p1a: Latios|90/100|[from] item: Leftovers
|upkeep
|turn|34
|
|t:|1743772789
|move|p1a: Latios|Psychic|p2a: Keldeo
|-supereffective|p2a: Keldeo
|-damage|p2a: Keldeo|0 fnt
|faint|p2a: Keldeo
|
|-weather|RainDance|[upkeep]
|-heal|p1a: Latios|96/100|[from] item: Leftovers
|upkeep
|
|t:|1743772794
|switch|p2a: Latios|Latios, M|26/100
|-damage|p2a: Latios|14/100|[from] Stealth Rock
|turn|35
|
|t:|1743772800
|move|p2a: Latios|Draco Meteor|p1a: Latios
|-supereffective|p1a: Latios
|-damage|p1a: Latios|0 fnt
|-unboost|p2a: Latios|spa|2
|faint|p1a: Latios
|
|-weather|RainDance|[upkeep]
|upkeep
|
|t:|1743772805
|switch|p1a: Mamoswine|Mamoswine, M|55/100 tox
|turn|36
|
|t:|1743772811
|move|p1a: Mamoswine|Ice Shard|p2a: Latios
|-supereffective|p2a: Latios
|-damage|p2a: Latios|0 fnt
|faint|p2a: Latios
|-damage|p1a: Mamoswine|45/100 tox|[from] item: Life Orb
|
|win|baixiaohen
|raw|baixiaohen's rating: 1350 &rarr; <strong>1376</strong><br />(+26 for winning)
|raw|Accelerock Ttar's rating: 1467 &rarr; <strong>1441</strong><br />(-26 for losing)
|c|☆Accelerock Ttar|gg
