|j|Manolou
|j|Dr4xl3r ツ
|player|p1|Manolou|10
|player|p2|Dr4xl3r ツ|145
|gametype|singles
|gen|5
|tier|[Gen 5] OU
|rated
|seed|
|rule|Evasion Abilities Clause: Evasion abilities are banned
|rule|Baton Pass Clause: Limit one Baton Passer, can't pass Spe and other stats simultaneously
|rule|Swagger Clause: Swagger is banned
|clearpoke
|poke|p1|Quagsire, F|item
|poke|p1|Skarmory, F|item
|poke|p1|Excadrill, F|item
|poke|p1|Chansey, F|item
|poke|p1|Amoonguss, F|item
|poke|p1|Sableye, F|item
|poke|p2|Reuniclus, M|item
|poke|p2|Skarmory, M|item
|poke|p2|Garchomp, M|item
|poke|p2|Jellicent, M|item
|poke|p2|Tyranitar, M|item
|poke|p2|Heatran, M|item
|rule|Sleep Clause Mod: Limit one foe put to sleep
|rule|Species Clause: Limit one of each Pokémon
|rule|OHKO Clause: OHKO moves are banned
|rule|Moody Clause: Moody is banned
|rule|Evasion Moves Clause: Evasion moves are banned
|rule|Endless Battle Clause: Forcing endless battles is banned
|rule|HP Percentage Mod: HP is shown in percentages
|teampreview
|choice||
|
|start
|switch|p1a: Sableye|Sableye, F|100/100
|switch|p2a: Jellicent|Jellicent, M|100/100
|turn|1
|choice||
|
|move|p1a: Sableye|Taunt|p2a: Jellicent
|-start|p2a: Jellicent|move: Taunt
|move|p2a: Jellicent|Scald|p1a: Sableye
|-damage|p1a: Sableye|74/100
|
|-heal|p1a: Sableye|80/100|[from] item: Leftovers
|turn|2
|choice||
|
|switch|p2a: Heatran|Heatran, M|100/100
|switch|p1a: Amoonguss|Amoonguss, F|100/100
|
|turn|3
|choice||
|
|move|p2a: Heatran|Stealth Rock|p1a: Amoonguss
|-sidestart|p1: Manolou|move: Stealth Rock
|move|p1a: Amoonguss|Spore|p2a: Heatran
|-status|p2a: Heatran|slp
|
|turn|4
|choice||
|
|switch|p2a: Jellicent|Jellicent, M|100/100
|switch|p1a: Excadrill|Excadrill, F|100/100
|-damage|p1a: Excadrill|98/100|[from] Stealth Rock
|-ability|p1a: Excadrill|Mold Breaker
|
|-heal|p1a: Excadrill|100/100|[from] item: Leftovers
|turn|5
|choice||
|
|move|p1a: Excadrill|Stealth Rock|p2a: Jellicent
|-sidestart|p2: Dr4xl3r ツ|move: Stealth Rock
|move|p2a: Jellicent|Will-O-Wisp|p1a: Excadrill|[miss]
|-miss|p2a: Jellicent|p1a: Excadrill
|
|turn|6
|choice||
|
|switch|p1a: Amoonguss|Amoonguss, F|100/100
|-damage|p1a: Amoonguss|88/100|[from] Stealth Rock
|move|p2a: Jellicent|Will-O-Wisp|p1a: Amoonguss
|-status|p1a: Amoonguss|brn
|
|-heal|p1a: Amoonguss|94/100 brn|[from] item: Black Sludge
|-damage|p1a: Amoonguss|82/100 brn|[from] brn
|turn|7
|choice||
|
|switch|p2a: Skarmory|Skarmory, M|100/100
|-damage|p2a: Skarmory|88/100|[from] Stealth Rock
|move|p1a: Amoonguss|Giga Drain|p2a: Skarmory
|-resisted|p2a: Skarmory
|-damage|p2a: Skarmory|83/100
|-heal|p1a: Amoonguss|84/100 brn|[from] drain|[of] p2a: Skarmory
|
|-heal|p2a: Skarmory|89/100|[from] item: Leftovers
|-heal|p1a: Amoonguss|90/100 brn|[from] item: Black Sludge
|-damage|p1a: Amoonguss|78/100 brn|[from] brn
|turn|8
|choice||
|
|switch|p1a: Skarmory|Skarmory, F|100/100
|-damage|p1a: Skarmory|88/100|[from] Stealth Rock
|move|p2a: Skarmory|Spikes|p1a: Skarmory
|-sidestart|p1: Manolou|Spikes
|
|-heal|p2a: Skarmory|95/100|[from] item: Leftovers
|turn|9
|choice||
|
|move|p2a: Skarmory|Spikes|p1a: Skarmory
|-sidestart|p1: Manolou|Spikes
|move|p1a: Skarmory|Spikes|p2a: Skarmory
|-sidestart|p2: Dr4xl3r ツ|Spikes
|
|-heal|p2a: Skarmory|100/100|[from] item: Leftovers
|turn|10
|choice||
|
|move|p2a: Skarmory|Spikes|p1a: Skarmory
|-sidestart|p1: Manolou|Spikes
|move|p1a: Skarmory|Spikes|p2a: Skarmory
|-sidestart|p2: Dr4xl3r ツ|Spikes
|
|turn|11
|choice||
|
|switch|p2a: Jellicent|Jellicent, M|100/100
|-damage|p2a: Jellicent|88/100|[from] Stealth Rock
|-damage|p2a: Jellicent|71/100|[from] Spikes
|move|p1a: Skarmory|Spikes|p2a: Jellicent
|-sidestart|p2: Dr4xl3r ツ|Spikes
|
|-heal|p2a: Jellicent|78/100|[from] item: Leftovers
|turn|12
|j|okira ツ
|choice||
|
|switch|p1a: Amoonguss|Amoonguss, F|100/100 brn
|-damage|p1a: Amoonguss|88/100 brn|[from] Stealth Rock
|-damage|p1a: Amoonguss|63/100 brn|[from] Spikes
|move|p2a: Jellicent|Scald|p1a: Amoonguss
|-resisted|p1a: Amoonguss
|-damage|p1a: Amoonguss|55/100 brn
|
|-heal|p2a: Jellicent|84/100|[from] item: Leftovers
|-heal|p1a: Amoonguss|61/100 brn|[from] item: Black Sludge
|-damage|p1a: Amoonguss|48/100 brn|[from] brn
|turn|13
|l|okira ツ
|choice||
|
|switch|p2a: Reuniclus|Reuniclus, M|100/100
|move|p1a: Amoonguss|Giga Drain|p2a: Reuniclus
|-damage|p2a: Reuniclus|79/100
|-heal|p1a: Amoonguss|59/100 brn|[from] drain|[of] p2a: Reuniclus
|
|-heal|p2a: Reuniclus|85/100|[from] item: Leftovers
|-heal|p1a: Amoonguss|65/100 brn|[from] item: Black Sludge
|-damage|p1a: Amoonguss|53/100 brn|[from] brn
|turn|14
|choice||
|
|switch|p1a: Quagsire|Quagsire, F|100/100
|-damage|p1a: Quagsire|76/100|[from] Spikes
|-damage|p1a: Quagsire|69/100|[from] Stealth Rock
|move|p2a: Reuniclus|Psyshock|p1a: Quagsire
|-damage|p1a: Quagsire|47/100
|
|-heal|p2a: Reuniclus|92/100|[from] item: Leftovers
|-heal|p1a: Quagsire|53/100|[from] item: Leftovers
|turn|15
|choice||
|
|switch|p2a: Jellicent|Jellicent, M|84/100
|-damage|p2a: Jellicent|59/100|[from] Spikes
|-damage|p2a: Jellicent|47/100|[from] Stealth Rock
|move|p1a: Quagsire|Recover|p1a: Quagsire
|-heal|p1a: Quagsire|100/100
|
|-heal|p2a: Jellicent|53/100|[from] item: Leftovers
|turn|16
|choice||
|
|switch|p1a: Amoonguss|Amoonguss, F|86/100 brn
|-damage|p1a: Amoonguss|73/100 brn|[from] Stealth Rock
|-damage|p1a: Amoonguss|48/100 brn|[from] Spikes
|move|p2a: Jellicent|Taunt|p1a: Amoonguss
|-start|p1a: Amoonguss|move: Taunt
|
|-heal|p2a: Jellicent|59/100|[from] item: Leftovers
|-heal|p1a: Amoonguss|55/100 brn|[from] item: Black Sludge
|-damage|p1a: Amoonguss|42/100 brn|[from] brn
|turn|17
|choice||
|
|move|p2a: Jellicent|Recover|p2a: Jellicent
|-heal|p2a: Jellicent|100/100
|move|p1a: Amoonguss|Giga Drain|p2a: Jellicent
|-supereffective|p2a: Jellicent
|-damage|p2a: Jellicent|63/100
|-heal|p1a: Amoonguss|60/100 brn|[from] drain|[of] p2a: Jellicent
|
|-heal|p2a: Jellicent|69/100|[from] item: Leftovers
|-heal|p1a: Amoonguss|66/100 brn|[from] item: Black Sludge
|-damage|p1a: Amoonguss|54/100 brn|[from] brn
|turn|18
|choice||
|
|switch|p2a: Skarmory|Skarmory, M|100/100
|-damage|p2a: Skarmory|88/100|[from] Stealth Rock
|move|p1a: Amoonguss|Giga Drain|p2a: Skarmory
|-resisted|p2a: Skarmory
|-damage|p2a: Skarmory|83/100
|-heal|p1a: Amoonguss|56/100 brn|[from] drain|[of] p2a: Skarmory
|
|-heal|p2a: Skarmory|89/100|[from] item: Leftovers
|-heal|p1a: Amoonguss|62/100 brn|[from] item: Black Sludge
|-damage|p1a: Amoonguss|49/100 brn|[from] brn
|-end|p1a: Amoonguss|move: Taunt
|turn|19
|choice||
|
|switch|p1a: Skarmory|Skarmory, F|88/100
|-damage|p1a: Skarmory|76/100|[from] Stealth Rock
|move|p2a: Skarmory|Whirlwind|p1a: Skarmory
|drag|p1a: Amoonguss|Amoonguss, F|83/100 brn
|-damage|p1a: Amoonguss|70/100 brn|[from] Stealth Rock
|-damage|p1a: Amoonguss|45/100 brn|[from] Spikes
|
|-heal|p2a: Skarmory|95/100|[from] item: Leftovers
|-heal|p1a: Amoonguss|51/100 brn|[from] item: Black Sludge
|-damage|p1a: Amoonguss|39/100 brn|[from] brn
|turn|20
|choice||
|
|switch|p1a: Skarmory|Skarmory, F|76/100
|-damage|p1a: Skarmory|64/100|[from] Stealth Rock
|move|p2a: Skarmory|Brave Bird|p1a: Skarmory
|-resisted|p1a: Skarmory
|-damage|p1a: Skarmory|53/100
|-damage|p2a: Skarmory|92/100|[from] recoil|[of] p1a: Skarmory
|
|-heal|p2a: Skarmory|98/100|[from] item: Leftovers
|turn|21
|choice||
|
|move|p1a: Skarmory|Roost|p1a: Skarmory
|-heal|p1a: Skarmory|100/100
|move|p2a: Skarmory|Whirlwind|p1a: Skarmory
|drag|p1a: Quagsire|Quagsire, F|100/100
|-damage|p1a: Quagsire|94/100|[from] Stealth Rock
|-damage|p1a: Quagsire|69/100|[from] Spikes
|
|-heal|p2a: Skarmory|100/100|[from] item: Leftovers
|-heal|p1a: Quagsire|76/100|[from] item: Leftovers
|turn|22
|choice||
|
|switch|p2a: Reuniclus|Reuniclus, M|92/100
|move|p1a: Quagsire|Earthquake|p2a: Reuniclus
|-damage|p2a: Reuniclus|71/100
|
|-heal|p2a: Reuniclus|77/100|[from] item: Leftovers
|-heal|p1a: Quagsire|82/100|[from] item: Leftovers
|turn|23
|choice||
|
|switch|p1a: Sableye|Sableye, F|80/100
|-damage|p1a: Sableye|55/100|[from] Spikes
|-damage|p1a: Sableye|43/100|[from] Stealth Rock
|move|p2a: Reuniclus|Psyshock|p1a: Sableye
|-immune|p1a: Sableye|[msg]
|
|-heal|p1a: Sableye|49/100|[from] item: Leftovers
|-heal|p2a: Reuniclus|83/100|[from] item: Leftovers
|turn|24
|choice||
|
|switch|p2a: Heatran|Heatran, M|100/100 slp
|-damage|p2a: Heatran|76/100 slp|[from] Spikes
|-damage|p2a: Heatran|63/100 slp|[from] Stealth Rock
|move|p1a: Sableye|Recover|p1a: Sableye
|-heal|p1a: Sableye|99/100
|
|-heal|p2a: Heatran|69/100 slp|[from] item: Leftovers
|-heal|p1a: Sableye|100/100|[from] item: Leftovers
|turn|25
|choice||
|
|switch|p1a: Excadrill|Excadrill, F|100/100
|-damage|p1a: Excadrill|98/100|[from] Stealth Rock
|-damage|p1a: Excadrill|73/100|[from] Spikes
|-ability|p1a: Excadrill|Mold Breaker
|cant|p2a: Heatran|slp
|
|-heal|p1a: Excadrill|79/100|[from] item: Leftovers
|-heal|p2a: Heatran|76/100 slp|[from] item: Leftovers
|turn|26
|choice||
|
|switch|p2a: Tyranitar|Tyranitar, M|100/100
|-damage|p2a: Tyranitar|76/100|[from] Spikes
|-damage|p2a: Tyranitar|63/100|[from] Stealth Rock
|-weather|Sandstorm|[from] ability: Sand Stream|[of] p2a: Tyranitar
|move|p1a: Excadrill|Earthquake|p2a: Tyranitar
|-supereffective|p2a: Tyranitar
|-damage|p2a: Tyranitar|0 fnt
|faint|p2a: Tyranitar
|
|-weather|Sandstorm|[upkeep]
|-heal|p1a: Excadrill|85/100|[from] item: Leftovers
|choice||
|
|switch|p2a: Jellicent|Jellicent, M|69/100
|-damage|p2a: Jellicent|44/100|[from] Spikes
|-damage|p2a: Jellicent|32/100|[from] Stealth Rock
|turn|27
|choice||
|
|move|p1a: Excadrill|Earthquake|p2a: Jellicent
|-damage|p2a: Jellicent|0 fnt
|faint|p2a: Jellicent
|
|-weather|Sandstorm|[upkeep]
|-heal|p1a: Excadrill|91/100|[from] item: Leftovers
|choice||
|
|switch|p2a: Garchomp|Garchomp, M|100/100
|-damage|p2a: Garchomp|76/100|[from] Spikes
|-damage|p2a: Garchomp|69/100|[from] Stealth Rock
|turn|28
|choice||
|
|switch|p1a: Skarmory|Skarmory, F|100/100
|-damage|p1a: Skarmory|88/100|[from] Stealth Rock
|move|p2a: Garchomp|Fire Fang|p1a: Skarmory
|-supereffective|p1a: Skarmory
|-damage|p1a: Skarmory|46/100
|
|-weather|Sandstorm|[upkeep]
|turn|29
|choice||
|
|move|p2a: Garchomp|Fire Fang|p1a: Skarmory
|-supereffective|p1a: Skarmory
|-damage|p1a: Skarmory|1/100
|move|p1a: Skarmory|Roost|p1a: Skarmory
|-heal|p1a: Skarmory|51/100
|
|-weather|Sandstorm|[upkeep]
|turn|30
|choice||
|
|switch|p1a: Quagsire|Quagsire, F|82/100
|-damage|p1a: Quagsire|76/100|[from] Stealth Rock
|-damage|p1a: Quagsire|51/100|[from] Spikes
|move|p2a: Garchomp|Fire Fang|p1a: Quagsire
|-resisted|p1a: Quagsire
|-damage|p1a: Quagsire|38/100
|
|-weather|Sandstorm|[upkeep]
|-heal|p1a: Quagsire|45/100|[from] item: Leftovers
|turn|31
|choice||
|
|switch|p2a: Skarmory|Skarmory, M|100/100
|-damage|p2a: Skarmory|88/100|[from] Stealth Rock
|move|p1a: Quagsire|Recover|p1a: Quagsire
|-heal|p1a: Quagsire|95/100
|
|-weather|Sandstorm|[upkeep]
|-heal|p2a: Skarmory|94/100|[from] item: Leftovers
|-heal|p1a: Quagsire|100/100|[from] item: Leftovers
|turn|32
|choice||
|
|move|p2a: Skarmory|Brave Bird|p1a: Quagsire
|-damage|p1a: Quagsire|77/100
|-damage|p2a: Skarmory|85/100|[from] recoil|[of] p1a: Quagsire
|move|p1a: Quagsire|Scald|p2a: Skarmory
|-damage|p2a: Skarmory|66/100
|
|-weather|Sandstorm|[upkeep]
|-heal|p2a: Skarmory|72/100|[from] item: Leftovers
|-heal|p1a: Quagsire|83/100|[from] item: Leftovers
|turn|33
|choice||
|
|switch|p2a: Reuniclus|Reuniclus, M|83/100
|move|p1a: Quagsire|Scald|p2a: Reuniclus
|-damage|p2a: Reuniclus|67/100
|
|-weather|Sandstorm|[upkeep]
|-heal|p2a: Reuniclus|73/100|[from] item: Leftovers
|-heal|p1a: Quagsire|89/100|[from] item: Leftovers
|turn|34
|choice||
|
|switch|p1a: Sableye|Sableye, F|100/100
|-damage|p1a: Sableye|88/100|[from] Stealth Rock
|-damage|p1a: Sableye|63/100|[from] Spikes
|move|p2a: Reuniclus|Calm Mind|p2a: Reuniclus
|-boost|p2a: Reuniclus|spa|1
|-boost|p2a: Reuniclus|spd|1
|
|-weather|Sandstorm|[upkeep]
|-damage|p1a: Sableye|57/100|[from] sandstorm
|-heal|p1a: Sableye|63/100|[from] item: Leftovers
|-heal|p2a: Reuniclus|79/100|[from] item: Leftovers
|turn|35
|choice||
|
|switch|p2a: Garchomp|Garchomp, M|69/100
|-damage|p2a: Garchomp|63/100|[from] Stealth Rock
|-damage|p2a: Garchomp|38/100|[from] Spikes
|move|p1a: Sableye|Recover|p1a: Sableye
|-heal|p1a: Sableye|100/100
|
|-weather|Sandstorm|[upkeep]
|-damage|p1a: Sableye|94/100|[from] sandstorm
|-heal|p1a: Sableye|100/100|[from] item: Leftovers
|turn|36
|choice||
|
|switch|p1a: Skarmory|Skarmory, F|51/100
|-damage|p1a: Skarmory|39/100|[from] Stealth Rock
|move|p2a: Garchomp|Outrage|p1a: Skarmory
|-resisted|p1a: Skarmory
|-damage|p1a: Skarmory|9/100
|
|-weather|Sandstorm|[upkeep]
|turn|37
|choice||
|
|move|p2a: Garchomp|Outrage|p1a: Skarmory|[from]lockedmove
|-resisted|p1a: Skarmory
|-damage|p1a: Skarmory|0 fnt
|faint|p1a: Skarmory
|
|-weather|Sandstorm|[upkeep]
|choice||
|
|switch|p1a: Excadrill|Excadrill, F|91/100
|-damage|p1a: Excadrill|88/100|[from] Stealth Rock
|-damage|p1a: Excadrill|63/100|[from] Spikes
|-ability|p1a: Excadrill|Mold Breaker
|turn|38
|choice||
|
|move|p2a: Garchomp|Outrage|p1a: Excadrill|[from]lockedmove
|-resisted|p1a: Excadrill
|-damage|p1a: Excadrill|0 fnt
|-start|p2a: Garchomp|confusion|[fatigue]
|faint|p1a: Excadrill
|
|-weather|Sandstorm|[upkeep]
|choice||
|
|switch|p1a: Chansey|Chansey, F|100/100
|-damage|p1a: Chansey|75/100|[from] Spikes
|-damage|p1a: Chansey|63/100|[from] Stealth Rock
|turn|39
|choice||
|
|-activate|p2a: Garchomp|confusion
|move|p2a: Garchomp|Outrage|p1a: Chansey
|-damage|p1a: Chansey|0 fnt
|faint|p1a: Chansey
|
|-weather|Sandstorm|[upkeep]
|choice||
|
|switch|p1a: Quagsire|Quagsire, F|89/100
|-damage|p1a: Quagsire|64/100|[from] Spikes
|-damage|p1a: Quagsire|58/100|[from] Stealth Rock
|turn|40
|choice||
|
|-activate|p2a: Garchomp|confusion
|move|p2a: Garchomp|Outrage|p1a: Quagsire|[from]lockedmove
|-damage|p1a: Quagsire|0 fnt
|faint|p1a: Quagsire
|
|-weather|Sandstorm|[upkeep]
|choice||
|
|switch|p1a: Amoonguss|Amoonguss, F|72/100 brn
|-damage|p1a: Amoonguss|60/100 brn|[from] Stealth Rock
|-damage|p1a: Amoonguss|35/100 brn|[from] Spikes
|turn|41
|choice||
|
|-activate|p2a: Garchomp|confusion
|-damage|p2a: Garchomp|16/100|[from] confusion
|move|p1a: Amoonguss|Hidden Power|p2a: Garchomp
|-supereffective|p2a: Garchomp
|-damage|p2a: Garchomp|0 fnt
|faint|p2a: Garchomp
|
|-weather|Sandstorm|[upkeep]
|-damage|p1a: Amoonguss|29/100 brn|[from] sandstorm
|-heal|p1a: Amoonguss|35/100 brn|[from] item: Black Sludge
|-damage|p1a: Amoonguss|22/100 brn|[from] brn
|choice||
|
|switch|p2a: Heatran|Heatran, M|76/100 slp
|-damage|p2a: Heatran|51/100 slp|[from] Spikes
|-damage|p2a: Heatran|38/100 slp|[from] Stealth Rock
|turn|42
|choice||
|
|switch|p1a: Sableye|Sableye, F|100/100
|-damage|p1a: Sableye|75/100|[from] Spikes
|-damage|p1a: Sableye|63/100|[from] Stealth Rock
|cant|p2a: Heatran|slp
|
|-weather|Sandstorm|[upkeep]
|-damage|p1a: Sableye|57/100|[from] sandstorm
|-heal|p2a: Heatran|45/100 slp|[from] item: Leftovers
|-heal|p1a: Sableye|63/100|[from] item: Leftovers
|turn|43
|choice||
|
|move|p1a: Sableye|Taunt|p2a: Heatran
|-start|p2a: Heatran|move: Taunt
|cant|p2a: Heatran|slp
|
|-weather|Sandstorm|[upkeep]
|-damage|p1a: Sableye|57/100|[from] sandstorm
|-heal|p2a: Heatran|51/100 slp|[from] item: Leftovers
|-heal|p1a: Sableye|63/100|[from] item: Leftovers
|turn|44
|choice||
|
|-curestatus|p2a: Heatran|slp
|move|p2a: Heatran|Lava Plume|p1a: Sableye
|-damage|p1a: Sableye|29/100
|-status|p1a: Sableye|brn
|move|p1a: Sableye|Night Shade|p2a: Heatran
|-damage|p2a: Heatran|25/100
|
|-weather|Sandstorm|[upkeep]
|-damage|p1a: Sableye|23/100 brn|[from] sandstorm
|-heal|p2a: Heatran|31/100|[from] item: Leftovers
|-heal|p1a: Sableye|29/100 brn|[from] item: Leftovers
|-damage|p1a: Sableye|17/100 brn|[from] brn
|turn|45
|choice||
|
|move|p1a: Sableye|Recover|p1a: Sableye
|-heal|p1a: Sableye|67/100 brn
|move|p2a: Heatran|Lava Plume|p1a: Sableye
|-damage|p1a: Sableye|29/100 brn
|
|-weather|Sandstorm|[upkeep]
|-damage|p1a: Sableye|23/100 brn|[from] sandstorm
|-heal|p2a: Heatran|37/100|[from] item: Leftovers
|-heal|p1a: Sableye|29/100 brn|[from] item: Leftovers
|-damage|p1a: Sableye|17/100 brn|[from] brn
|-end|p2a: Heatran|move: Taunt
|turn|46
|choice||
|
|move|p1a: Sableye|Recover|p1a: Sableye
|-heal|p1a: Sableye|67/100 brn
|move|p2a: Heatran|Lava Plume|p1a: Sableye
|-damage|p1a: Sableye|33/100 brn
|
|-weather|Sandstorm|[upkeep]
|-damage|p1a: Sableye|27/100 brn|[from] sandstorm
|-heal|p2a: Heatran|44/100|[from] item: Leftovers
|-heal|p1a: Sableye|33/100 brn|[from] item: Leftovers
|-damage|p1a: Sableye|21/100 brn|[from] brn
|turn|47
|choice||
|
|move|p1a: Sableye|Recover|p1a: Sableye
|-heal|p1a: Sableye|71/100 brn
|move|p2a: Heatran|Lava Plume|p1a: Sableye
|-damage|p1a: Sableye|35/100 brn
|
|-weather|Sandstorm|[upkeep]
|-damage|p1a: Sableye|29/100 brn|[from] sandstorm
|-heal|p2a: Heatran|50/100|[from] item: Leftovers
|-heal|p1a: Sableye|35/100 brn|[from] item: Leftovers
|-damage|p1a: Sableye|23/100 brn|[from] brn
|turn|48
|choice||
|
|move|p1a: Sableye|Recover|p1a: Sableye
|-heal|p1a: Sableye|73/100 brn
|move|p2a: Heatran|Lava Plume|p1a: Sableye
|-damage|p1a: Sableye|38/100 brn
|
|-weather|Sandstorm|[upkeep]
|-damage|p1a: Sableye|31/100 brn|[from] sandstorm
|-heal|p2a: Heatran|56/100|[from] item: Leftovers
|-heal|p1a: Sableye|38/100 brn|[from] item: Leftovers
|-damage|p1a: Sableye|25/100 brn|[from] brn
|turn|49
|-message|Manolou forfeited.
|
|win|Dr4xl3r ツ
|player|p1
|player|p2
|l|Manolou
|raw|Manolou's rating: 1478 &rarr; <strong>1447</strong><br />(-31 for losing)
|raw|Dr4xl3r ツ's rating: 1267 &rarr; <strong>1306</strong><br />(+39 for winning)