|j|☆Boizeroni
|j|☆jzjaws
|t:|1746039808
|gametype|singles
|player|p1|Boizeroni|169|1328
|player|p2|jzjaws|pokemaniac|1365
|teamsize|p1|6
|teamsize|p2|6
|gen|5
|tier|[Gen 5] OU
|rated|
|rule|Species Clause: Limit one of each Pokémon
|rule|OHKO Clause: OHKO moves are banned
|rule|Moody Clause: Moody is banned
|rule|Evasion Items Clause: Evasion items are banned
|rule|Evasion Moves Clause: Evasion moves are banned
|rule|Endless Battle Clause: Forcing endless battles is banned
|rule|HP Percentage Mod: HP is shown in percentages
|rule|Evasion Abilities Clause: Evasion abilities are banned
|rule|Sleep Moves Clause: Sleep-inducing moves are banned
|rule|Swagger Clause: Swagger is banned
|rule|Baton Pass Stat Clause: No Baton Passer may have a way to boost its stats
|clearpoke
|poke|p1|Onix, M|item
|poke|p1|Scizor, F|item
|poke|p1|Latios, M|item
|poke|p1|Espeon, F|item
|poke|p1|Darmanitan, F|item
|poke|p1|Breloom, M|item
|poke|p2|Reuniclus, F|item
|poke|p2|Latios, M|item
|poke|p2|Blissey, F|item
|poke|p2|Forretress, M|item
|poke|p2|Gliscor, F|item
|poke|p2|Abomasnow, M|item
|teampreview
|inactive|Battle timer is ON: inactive players will automatically lose when time's up. (requested by Boizeroni)
|
|t:|1746039819
|start
|switch|p1a: Darmanitan|Darmanitan, F|100/100
|switch|p2a: Gliscor|Gliscor, F|100/100
|turn|1
|
|t:|1746039827
|move|p1a: Darmanitan|U-turn|p2a: Gliscor
|-resisted|p2a: Gliscor
|-damage|p2a: Gliscor|90/100
|
|t:|1746039830
|switch|p1a: Latios|Latios, M|100/100|[from] U-turn
|move|p2a: Gliscor|Earthquake|p1a: Latios
|-immune|p1a: Latios|[from] ability: Levitate
|
|-status|p2a: Gliscor|tox|[from] item: Toxic Orb
|upkeep
|turn|2
|
|t:|1746039836
|move|p2a: Gliscor|Protect|p2a: Gliscor
|-singleturn|p2a: Gliscor|Protect
|move|p1a: Latios|Dragon Pulse|p2a: Gliscor
|-activate|p2a: Gliscor|move: Protect
|
|-heal|p2a: Gliscor|100/100 tox|[from] ability: Poison Heal
|upkeep
|turn|3
|
|t:|1746039840
|switch|p2a: Blissey|Blissey, F|100/100
|move|p1a: Latios|Surf|p2a: Blissey
|-damage|p2a: Blissey|85/100
|-damage|p1a: Latios|91/100|[from] item: Life Orb
|
|-heal|p2a: Blissey|92/100|[from] item: Leftovers
|upkeep
|turn|4
|
|t:|1746039843
|switch|p1a: Onix|Onix, M|100/100
|move|p2a: Blissey|Thunder Wave|p1a: Onix
|-immune|p1a: Onix
|
|-heal|p2a: Blissey|98/100|[from] item: Leftovers
|upkeep
|turn|5
|
|t:|1746039849
|switch|p2a: Forretress|Forretress, M|100/100
|move|p1a: Onix|Stealth Rock|p2a: Forretress
|-sidestart|p2: jzjaws|move: Stealth Rock
|
|upkeep
|turn|6
|
|t:|1746039852
|switch|p1a: Espeon|Espeon, F|100/100
|move|p2a: Forretress|Rapid Spin|p1a: Espeon
|-damage|p1a: Espeon|93/100
|-sideend|p2: jzjaws|Stealth Rock|[from] move: Rapid Spin|[of] p2a: Forretress
|
|upkeep
|turn|7
|
|t:|1746039857
|switch|p2a: Blissey|Blissey, F|98/100
|move|p1a: Espeon|Hidden Power|p2a: Blissey
|-damage|p2a: Blissey|89/100
|
|-heal|p2a: Blissey|95/100|[from] item: Leftovers
|upkeep
|turn|8
|
|t:|1746039860
|move|p1a: Espeon|Sunny Day|p1a: Espeon
|-weather|SunnyDay
|move|p2a: Blissey|Seismic Toss|p1a: Espeon
|-damage|p1a: Espeon|56/100
|
|-weather|SunnyDay|[upkeep]
|-heal|p2a: Blissey|100/100|[from] item: Leftovers
|upkeep
|turn|9
|
|t:|1746039862
|switch|p1a: Darmanitan|Darmanitan, F|100/100
|move|p2a: Blissey|Seismic Toss|p1a: Darmanitan
|-damage|p1a: Darmanitan|72/100
|
|-weather|SunnyDay|[upkeep]
|upkeep
|turn|10
|
|t:|1746039873
|switch|p2a: Abomasnow|Abomasnow, M|100/100
|-weather|Hail|[from] ability: Snow Warning|[of] p2a: Abomasnow
|move|p1a: Darmanitan|Flare Blitz|p2a: Abomasnow
|-supereffective|p2a: Abomasnow
|-damage|p2a: Abomasnow|0 fnt
|faint|p2a: Abomasnow
|-damage|p1a: Darmanitan|36/100|[from] Recoil
|
|-weather|Hail|[upkeep]
|-damage|p1a: Darmanitan|30/100|[from] Hail
|upkeep
|
|t:|1746039877
|switch|p2a: Gliscor|Gliscor, F|100/100 tox
|turn|11
|
|t:|1746039885
|move|p1a: Darmanitan|Flare Blitz|p2a: Gliscor
|-damage|p2a: Gliscor|33/100 tox
|-damage|p1a: Darmanitan|8/100|[from] Recoil
|move|p2a: Gliscor|Stealth Rock|p1a: Darmanitan
|-sidestart|p1: Boizeroni|move: Stealth Rock
|
|-weather|Hail|[upkeep]
|-damage|p1a: Darmanitan|1/100|[from] Hail
|-damage|p2a: Gliscor|27/100 tox|[from] Hail
|-heal|p2a: Gliscor|39/100 tox|[from] ability: Poison Heal
|upkeep
|turn|12
|
|t:|1746039888
|move|p2a: Gliscor|Protect|p2a: Gliscor
|-singleturn|p2a: Gliscor|Protect
|move|p1a: Darmanitan|Flare Blitz|p2a: Gliscor
|-activate|p2a: Gliscor|move: Protect
|
|-weather|Hail|[upkeep]
|-damage|p1a: Darmanitan|0 fnt|[from] Hail
|-damage|p2a: Gliscor|33/100 tox|[from] Hail
|faint|p1a: Darmanitan
|-heal|p2a: Gliscor|46/100 tox|[from] ability: Poison Heal
|upkeep
|
|t:|1746039892
|switch|p1a: Espeon|Espeon, F|56/100
|-damage|p1a: Espeon|44/100|[from] Stealth Rock
|turn|13
|
|t:|1746039899
|move|p1a: Espeon|Sunny Day|p1a: Espeon
|-weather|SunnyDay
|move|p2a: Gliscor|Earthquake|p1a: Espeon
|-damage|p1a: Espeon|0 fnt
|faint|p1a: Espeon
|
|-weather|SunnyDay|[upkeep]
|-heal|p2a: Gliscor|58/100 tox|[from] ability: Poison Heal
|upkeep
|
|t:|1746039903
|switch|p1a: Onix|Onix, M|100/100
|-damage|p1a: Onix|94/100|[from] Stealth Rock
|turn|14
|
|t:|1746039905
|move|p2a: Gliscor|Earthquake|p1a: Onix
|-supereffective|p1a: Onix
|-damage|p1a: Onix|20/100
|move|p1a: Onix|Dragon Tail|p2a: Gliscor
|-damage|p2a: Gliscor|49/100 tox
|drag|p2a: Forretress|Forretress, M|100/100
|
|-weather|SunnyDay|[upkeep]
|upkeep
|turn|15
|-enditem|p1a: Onix|Custap Berry|[eat]
|-activate|p1a: Onix|item: Custap Berry|[consumed]
|
|t:|1746039910
|move|p1a: Onix|Stealth Rock|p2a: Forretress
|-sidestart|p2: jzjaws|move: Stealth Rock
|move|p2a: Forretress|Gyro Ball|p1a: Onix
|-supereffective|p1a: Onix
|-damage|p1a: Onix|0 fnt
|faint|p1a: Onix
|
|-weather|SunnyDay|[upkeep]
|upkeep
|
|t:|1746039924
|switch|p1a: Scizor|Scizor, F|100/100
|-damage|p1a: Scizor|88/100|[from] Stealth Rock
|turn|16
|
|t:|1746039927
|move|p1a: Scizor|Swords Dance|p1a: Scizor
|-boost|p1a: Scizor|atk|2
|move|p2a: Forretress|Rapid Spin|p1a: Scizor
|-resisted|p1a: Scizor
|-damage|p1a: Scizor|86/100
|-sideend|p2: jzjaws|Stealth Rock|[from] move: Rapid Spin|[of] p2a: Forretress
|
|-weather|SunnyDay|[upkeep]
|-heal|p1a: Scizor|92/100|[from] item: Leftovers
|upkeep
|turn|17
|
|t:|1746039931
|move|p1a: Scizor|Swords Dance|p1a: Scizor
|-boost|p1a: Scizor|atk|2
|move|p2a: Forretress|Spikes|p1a: Scizor
|-sidestart|p1: Boizeroni|Spikes
|
|-weather|none
|-heal|p1a: Scizor|98/100|[from] item: Leftovers
|upkeep
|turn|18
|
|t:|1746039933
|move|p1a: Scizor|Swords Dance|p1a: Scizor
|-boost|p1a: Scizor|atk|2
|move|p2a: Forretress|Spikes|p1a: Scizor
|-sidestart|p1: Boizeroni|Spikes
|
|-heal|p1a: Scizor|100/100|[from] item: Leftovers
|upkeep
|turn|19
|
|t:|1746039939
|move|p1a: Scizor|Swords Dance|p1a: Scizor
|-boost|p1a: Scizor|atk|0
|move|p2a: Forretress|Counter||[still]
|-fail|p2a: Forretress
|
|upkeep
|turn|20
|
|t:|1746039940
|move|p1a: Scizor|Swords Dance|p1a: Scizor
|-boost|p1a: Scizor|atk|0
|move|p2a: Forretress|Spikes|p1a: Scizor
|-sidestart|p1: Boizeroni|Spikes
|
|upkeep
|turn|21
|
|t:|1746039943
|move|p1a: Scizor|Swords Dance|p1a: Scizor
|-boost|p1a: Scizor|atk|0
|move|p2a: Forretress|Counter||[still]
|-fail|p2a: Forretress
|
|upkeep
|turn|22
|
|t:|1746039946
|move|p1a: Scizor|Swords Dance|p1a: Scizor
|-boost|p1a: Scizor|atk|0
|move|p2a: Forretress|Counter||[still]
|-fail|p2a: Forretress
|
|upkeep
|turn|23
|
|t:|1746039949
|move|p1a: Scizor|Swords Dance|p1a: Scizor
|-boost|p1a: Scizor|atk|0
|move|p2a: Forretress|Spikes||[still]
|-fail|p2a: Forretress
|
|upkeep
|turn|24
|
|t:|1746039951
|move|p1a: Scizor|Swords Dance|p1a: Scizor
|-boost|p1a: Scizor|atk|0
|move|p2a: Forretress|Counter||[still]
|-fail|p2a: Forretress
|
|upkeep
|turn|25
|
|t:|1746039952
|move|p1a: Scizor|Swords Dance|p1a: Scizor
|-boost|p1a: Scizor|atk|0
|move|p2a: Forretress|Spikes||[still]
|-fail|p2a: Forretress
|
|upkeep
|turn|26
|
|t:|1746039953
|move|p1a: Scizor|Swords Dance|p1a: Scizor
|-boost|p1a: Scizor|atk|0
|move|p2a: Forretress|Spikes||[still]
|-fail|p2a: Forretress
|
|upkeep
|turn|27
|
|t:|1746039957
|move|p1a: Scizor|Swords Dance|p1a: Scizor
|-boost|p1a: Scizor|atk|0
|move|p2a: Forretress|Spikes||[still]
|-fail|p2a: Forretress
|
|upkeep
|turn|28
|
|t:|1746039961
|move|p1a: Scizor|Swords Dance|p1a: Scizor
|-boost|p1a: Scizor|atk|0
|move|p2a: Forretress|Counter||[still]
|-fail|p2a: Forretress
|
|upkeep
|turn|29
|
|t:|1746039963
|move|p1a: Scizor|Swords Dance|p1a: Scizor
|-boost|p1a: Scizor|atk|0
|move|p2a: Forretress|Rapid Spin|p1a: Scizor
|-resisted|p1a: Scizor
|-damage|p1a: Scizor|98/100
|
|-heal|p1a: Scizor|100/100|[from] item: Leftovers
|upkeep
|turn|30
|
|t:|1746039964
|move|p1a: Scizor|Swords Dance|p1a: Scizor
|-boost|p1a: Scizor|atk|0
|move|p2a: Forretress|Rapid Spin|p1a: Scizor
|-resisted|p1a: Scizor
|-damage|p1a: Scizor|98/100
|
|-heal|p1a: Scizor|100/100|[from] item: Leftovers
|upkeep
|turn|31
|
|t:|1746039965
|move|p1a: Scizor|Swords Dance|p1a: Scizor
|-boost|p1a: Scizor|atk|0
|move|p2a: Forretress|Rapid Spin|p1a: Scizor
|-resisted|p1a: Scizor
|-damage|p1a: Scizor|98/100
|
|-heal|p1a: Scizor|100/100|[from] item: Leftovers
|upkeep
|turn|32
|
|t:|1746039969
|move|p1a: Scizor|Swords Dance|p1a: Scizor
|-boost|p1a: Scizor|atk|0
|move|p2a: Forretress|Rapid Spin|p1a: Scizor
|-resisted|p1a: Scizor
|-damage|p1a: Scizor|98/100
|
|-heal|p1a: Scizor|100/100|[from] item: Leftovers
|upkeep
|turn|33
|
|t:|1746039970
|move|p1a: Scizor|Swords Dance|p1a: Scizor
|-boost|p1a: Scizor|atk|0
|move|p2a: Forretress|Rapid Spin|p1a: Scizor
|-resisted|p1a: Scizor
|-damage|p1a: Scizor|98/100
|
|-heal|p1a: Scizor|100/100|[from] item: Leftovers
|upkeep
|turn|34
|
|t:|1746039971
|move|p1a: Scizor|Swords Dance|p1a: Scizor
|-boost|p1a: Scizor|atk|0
|move|p2a: Forretress|Rapid Spin|p1a: Scizor
|-resisted|p1a: Scizor
|-damage|p1a: Scizor|98/100
|
|-heal|p1a: Scizor|100/100|[from] item: Leftovers
|upkeep
|turn|35
|
|t:|1746039975
|move|p1a: Scizor|Swords Dance|p1a: Scizor
|-boost|p1a: Scizor|atk|0
|move|p2a: Forretress|Rapid Spin|p1a: Scizor
|-resisted|p1a: Scizor
|-damage|p1a: Scizor|98/100
|
|-heal|p1a: Scizor|100/100|[from] item: Leftovers
|upkeep
|turn|36
|
|t:|1746039977
|move|p1a: Scizor|Swords Dance|p1a: Scizor
|-boost|p1a: Scizor|atk|0
|move|p2a: Forretress|Rapid Spin|p1a: Scizor
|-resisted|p1a: Scizor
|-damage|p1a: Scizor|98/100
|
|-heal|p1a: Scizor|100/100|[from] item: Leftovers
|upkeep
|turn|37
|
|t:|1746039978
|move|p1a: Scizor|Swords Dance|p1a: Scizor
|-boost|p1a: Scizor|atk|0
|move|p2a: Forretress|Rapid Spin|p1a: Scizor
|-resisted|p1a: Scizor
|-damage|p1a: Scizor|98/100
|
|-heal|p1a: Scizor|100/100|[from] item: Leftovers
|upkeep
|turn|38
|
|t:|1746039980
|move|p1a: Scizor|Swords Dance|p1a: Scizor
|-boost|p1a: Scizor|atk|0
|move|p2a: Forretress|Rapid Spin|p1a: Scizor
|-resisted|p1a: Scizor
|-damage|p1a: Scizor|98/100
|
|-heal|p1a: Scizor|100/100|[from] item: Leftovers
|upkeep
|turn|39
|
|t:|1746039983
|move|p1a: Scizor|Swords Dance|p1a: Scizor
|-boost|p1a: Scizor|atk|0
|move|p2a: Forretress|Rapid Spin|p1a: Scizor
|-resisted|p1a: Scizor
|-damage|p1a: Scizor|98/100
|
|-heal|p1a: Scizor|100/100|[from] item: Leftovers
|upkeep
|turn|40
|
|t:|1746039985
|move|p1a: Scizor|Swords Dance|p1a: Scizor
|-boost|p1a: Scizor|atk|0
|move|p2a: Forretress|Rapid Spin|p1a: Scizor
|-resisted|p1a: Scizor
|-damage|p1a: Scizor|98/100
|
|-heal|p1a: Scizor|100/100|[from] item: Leftovers
|upkeep
|turn|41
|
|t:|1746039986
|move|p1a: Scizor|Swords Dance|p1a: Scizor
|-boost|p1a: Scizor|atk|0
|move|p2a: Forretress|Rapid Spin|p1a: Scizor
|-resisted|p1a: Scizor
|-damage|p1a: Scizor|98/100
|
|-heal|p1a: Scizor|100/100|[from] item: Leftovers
|upkeep
|turn|42
|
|t:|1746039987
|move|p1a: Scizor|Swords Dance|p1a: Scizor
|-boost|p1a: Scizor|atk|0
|move|p2a: Forretress|Counter||[still]
|-fail|p2a: Forretress
|
|upkeep
|turn|43
|
|t:|1746039988
|move|p1a: Scizor|Swords Dance|p1a: Scizor
|-boost|p1a: Scizor|atk|0
|move|p2a: Forretress|Rapid Spin|p1a: Scizor
|-resisted|p1a: Scizor
|-damage|p1a: Scizor|98/100
|
|-heal|p1a: Scizor|100/100|[from] item: Leftovers
|upkeep
|turn|44
|
|t:|1746039990
|move|p1a: Scizor|Swords Dance|p1a: Scizor
|-boost|p1a: Scizor|atk|0
|move|p2a: Forretress|Counter||[still]
|-fail|p2a: Forretress
|
|upkeep
|turn|45
|
|t:|1746039991
|move|p1a: Scizor|Swords Dance|p1a: Scizor
|-boost|p1a: Scizor|atk|0
|move|p2a: Forretress|Rapid Spin|p1a: Scizor
|-resisted|p1a: Scizor
|-damage|p1a: Scizor|98/100
|
|-heal|p1a: Scizor|100/100|[from] item: Leftovers
|upkeep
|turn|46
|
|t:|1746039992
|move|p1a: Scizor|Swords Dance|p1a: Scizor
|-boost|p1a: Scizor|atk|0
|move|p2a: Forretress|Rapid Spin|p1a: Scizor
|-resisted|p1a: Scizor
|-damage|p1a: Scizor|98/100
|
|-heal|p1a: Scizor|100/100|[from] item: Leftovers
|upkeep
|turn|47
|
|t:|1746039994
|move|p1a: Scizor|Swords Dance|p1a: Scizor
|-boost|p1a: Scizor|atk|0
|move|p2a: Forretress|Spikes||[still]
|-fail|p2a: Forretress
|
|upkeep
|turn|48
|
|t:|1746039995
|move|p1a: Scizor|Swords Dance|p1a: Scizor
|-boost|p1a: Scizor|atk|0
|move|p2a: Forretress|Counter||[still]
|-fail|p2a: Forretress
|
|upkeep
|turn|49
|
|t:|1746039996
|move|p1a: Scizor|Swords Dance|p1a: Scizor
|-boost|p1a: Scizor|atk|0
|move|p2a: Forretress|Rapid Spin|p1a: Scizor
|-resisted|p1a: Scizor
|-damage|p1a: Scizor|98/100
|
|-heal|p1a: Scizor|100/100|[from] item: Leftovers
|upkeep
|turn|50
|
|t:|1746039997
|move|p1a: Scizor|Swords Dance|p1a: Scizor
|-boost|p1a: Scizor|atk|0
|move|p2a: Forretress|Rapid Spin|p1a: Scizor
|-resisted|p1a: Scizor
|-damage|p1a: Scizor|98/100
|
|-heal|p1a: Scizor|100/100|[from] item: Leftovers
|upkeep
|turn|51
|
|t:|1746039999
|move|p1a: Scizor|Swords Dance|p1a: Scizor
|-boost|p1a: Scizor|atk|0
|move|p2a: Forretress|Rapid Spin|p1a: Scizor
|-resisted|p1a: Scizor
|-damage|p1a: Scizor|98/100
|
|-heal|p1a: Scizor|100/100|[from] item: Leftovers
|upkeep
|turn|52
|
|t:|1746040000
|move|p1a: Scizor|Swords Dance|p1a: Scizor
|-boost|p1a: Scizor|atk|0
|move|p2a: Forretress|Rapid Spin|p1a: Scizor
|-resisted|p1a: Scizor
|-damage|p1a: Scizor|98/100
|
|-heal|p1a: Scizor|100/100|[from] item: Leftovers
|upkeep
|turn|53
|
|t:|1746040001
|move|p1a: Scizor|Swords Dance|p1a: Scizor
|-boost|p1a: Scizor|atk|0
|move|p2a: Forretress|Counter||[still]
|-fail|p2a: Forretress
|
|upkeep
|turn|54
|
|t:|1746040002
|move|p1a: Scizor|Swords Dance|p1a: Scizor
|-boost|p1a: Scizor|atk|0
|move|p2a: Forretress|Rapid Spin|p1a: Scizor
|-resisted|p1a: Scizor
|-damage|p1a: Scizor|98/100
|
|-heal|p1a: Scizor|100/100|[from] item: Leftovers
|upkeep
|turn|55
|
|t:|1746040003
|move|p1a: Scizor|Swords Dance|p1a: Scizor
|-boost|p1a: Scizor|atk|0
|move|p2a: Forretress|Counter||[still]
|-fail|p2a: Forretress
|
|upkeep
|turn|56
|
|t:|1746040005
|move|p1a: Scizor|Swords Dance|p1a: Scizor
|-boost|p1a: Scizor|atk|0
|move|p2a: Forretress|Rapid Spin|p1a: Scizor
|-resisted|p1a: Scizor
|-damage|p1a: Scizor|98/100
|
|-heal|p1a: Scizor|100/100|[from] item: Leftovers
|upkeep
|turn|57
|
|t:|1746040006
|move|p1a: Scizor|Swords Dance|p1a: Scizor
|-boost|p1a: Scizor|atk|0
|move|p2a: Forretress|Rapid Spin|p1a: Scizor
|-resisted|p1a: Scizor
|-damage|p1a: Scizor|98/100
|
|-heal|p1a: Scizor|100/100|[from] item: Leftovers
|upkeep
|turn|58
|
|t:|1746040007
|move|p1a: Scizor|Swords Dance|p1a: Scizor
|-boost|p1a: Scizor|atk|0
|move|p2a: Forretress|Counter||[still]
|-fail|p2a: Forretress
|
|upkeep
|turn|59
|
|t:|1746040010
|move|p1a: Scizor|Swords Dance|p1a: Scizor
|-boost|p1a: Scizor|atk|0
|move|p2a: Forretress|Counter||[still]
|-fail|p2a: Forretress
|
|upkeep
|turn|60
|
|t:|1746040017
|move|p1a: Scizor|Roost||[still]
|-fail|p1a: Scizor|heal
|move|p2a: Forretress|Rapid Spin|p1a: Scizor
|-resisted|p1a: Scizor
|-damage|p1a: Scizor|98/100
|
|-heal|p1a: Scizor|100/100|[from] item: Leftovers
|upkeep
|turn|61
|
|t:|1746040021
|move|p1a: Scizor|Roost||[still]
|-fail|p1a: Scizor|heal
|move|p2a: Forretress|Rapid Spin|p1a: Scizor
|-resisted|p1a: Scizor
|-damage|p1a: Scizor|98/100
|
|-heal|p1a: Scizor|100/100|[from] item: Leftovers
|upkeep
|turn|62
|
|t:|1746040025
|move|p1a: Scizor|Roost||[still]
|-fail|p1a: Scizor|heal
|move|p2a: Forretress|Rapid Spin|p1a: Scizor
|-resisted|p1a: Scizor
|-damage|p1a: Scizor|98/100
|
|-heal|p1a: Scizor|100/100|[from] item: Leftovers
|upkeep
|turn|63
|
|t:|1746040030
|move|p1a: Scizor|Roost||[still]
|-fail|p1a: Scizor|heal
|move|p2a: Forretress|Rapid Spin|p1a: Scizor
|-resisted|p1a: Scizor
|-damage|p1a: Scizor|98/100
|
|-heal|p1a: Scizor|100/100|[from] item: Leftovers
|upkeep
|turn|64
|
|t:|1746040033
|move|p1a: Scizor|Roost||[still]
|-fail|p1a: Scizor|heal
|move|p2a: Forretress|Counter||[still]
|-fail|p2a: Forretress
|
|upkeep
|turn|65
|
|t:|1746040034
|move|p1a: Scizor|Roost||[still]
|-fail|p1a: Scizor|heal
|move|p2a: Forretress|Rapid Spin|p1a: Scizor
|-resisted|p1a: Scizor
|-damage|p1a: Scizor|98/100
|
|-heal|p1a: Scizor|100/100|[from] item: Leftovers
|upkeep
|turn|66
|
|t:|1746040036
|move|p1a: Scizor|Roost||[still]
|-fail|p1a: Scizor|heal
|move|p2a: Forretress|Rapid Spin|p1a: Scizor
|-resisted|p1a: Scizor
|-crit|p1a: Scizor
|-damage|p1a: Scizor|96/100
|
|-heal|p1a: Scizor|100/100|[from] item: Leftovers
|upkeep
|turn|67
|
|t:|1746040039
|move|p1a: Scizor|Roost||[still]
|-fail|p1a: Scizor|heal
|move|p2a: Forretress|Counter||[still]
|-fail|p2a: Forretress
|
|upkeep
|turn|68
|
|t:|1746040041
|move|p1a: Scizor|Bug Bite|p2a: Forretress
|-resisted|p2a: Forretress
|-damage|p2a: Forretress|42/100
|move|p2a: Forretress|Counter|p1a: Scizor
|-damage|p1a: Scizor|0 fnt
|faint|p1a: Scizor
|
|-heal|p2a: Forretress|48/100|[from] item: Leftovers
|upkeep
|c|☆Boizeroni|lmfao
|
|t:|1746040055
|switch|p1a: Breloom|Breloom, M|100/100
|-damage|p1a: Breloom|94/100|[from] Stealth Rock
|-damage|p1a: Breloom|69/100|[from] Spikes
|turn|69
|c|☆jzjaws|i need to add hp fire to something so sizor isnt such a pain
|
|t:|1746040070
|move|p1a: Breloom|Swords Dance|p1a: Breloom
|-boost|p1a: Breloom|atk|2
|move|p2a: Forretress|Gyro Ball|p1a: Breloom
|-damage|p1a: Breloom|32/100
|
|-heal|p2a: Forretress|54/100|[from] item: Leftovers
|upkeep
|turn|70
|
|t:|1746040078
|move|p1a: Breloom|Mach Punch|p2a: Forretress
|-damage|p2a: Forretress|3/100
|-damage|p1a: Breloom|22/100|[from] item: Life Orb
|move|p2a: Forretress|Gyro Ball|p1a: Breloom
|-damage|p1a: Breloom|0 fnt
|faint|p1a: Breloom
|
|-heal|p2a: Forretress|9/100|[from] item: Leftovers
|upkeep
|
|t:|1746040080
|switch|p1a: Latios|Latios, M|91/100
|-damage|p1a: Latios|78/100|[from] Stealth Rock
|turn|71
|
|t:|1746040083
|switch|p2a: Blissey|Blissey, F|100/100
|move|p1a: Latios|Dragon Pulse|p2a: Blissey
|-damage|p2a: Blissey|78/100
|-damage|p1a: Latios|68/100|[from] item: Life Orb
|
|-heal|p2a: Blissey|84/100|[from] item: Leftovers
|upkeep
|turn|72
|c|☆Boizeroni|gg wp
|c|☆jzjaws|gg
|-message|Boizeroni forfeited.
|
|win|jzjaws
|raw|Boizeroni's rating: 1328 &rarr; <strong>1310</strong><br />(-18 for losing)
|raw|jzjaws's rating: 1365 &rarr; <strong>1383</strong><br />(+18 for winning)
|l|☆Boizeroni
|player|p1|
