|j|☆porrompompom
|j|☆roa kyle
|player|p1|porrompompom|169
|player|p2|roa kyle|215
|teamsize|p1|6
|teamsize|p2|6
|gametype|singles
|gen|5
|tier|[Gen 5] OU
|rated|
|rule|Sleep Clause Mod: Limit one foe put to sleep
|rule|Species Clause: Limit one of each Pokémon
|rule|OHKO Clause: OHKO moves are banned
|rule|Moody Clause: Moody is banned
|rule|Evasion Moves Clause: Evasion moves are banned
|rule|Endless Battle Clause: Forcing endless battles is banned
|rule|HP Percentage Mod: HP is shown in percentages
|rule|Evasion Abilities Clause: Evasion abilities are banned
|rule|Baton Pass Clause: Limit one Baton Passer, can't pass Spe and other stats simultaneously
|rule|Swagger Clause: Swagger is banned
|clearpoke
|poke|p1|Ninetales, F|item
|poke|p1|Cresselia, F|item
|poke|p1|Dugtrio, M|item
|poke|p1|Forretress, M|item
|poke|p1|Chansey, F|item
|poke|p1|Gothitelle, M|item
|poke|p2|Garchomp, F|item
|poke|p2|Latios, M|item
|poke|p2|Kyurem-Black|item
|poke|p2|Magnezone|item
|poke|p2|Jirachi|item
|poke|p2|Dragonite, M|item
|teampreview
|
|start
|switch|p1a: Ninetales|Ninetales, F|100/100
|switch|p2a: Dragonite|Dragonite, M|100/100
|-weather|SunnyDay|[from] ability: Drought|[of] p1a: Ninetales
|turn|1
|
|move|p2a: Dragonite|Dragon Dance|p2a: Dragonite
|-boost|p2a: Dragonite|atk|1
|-boost|p2a: Dragonite|spe|1
|move|p1a: Ninetales|Roar|p2a: Dragonite
|drag|p2a: Jirachi|Jirachi|100/100
|
|-weather|SunnyDay|[upkeep]
|upkeep
|turn|2
|
|move|p1a: Ninetales|Will-O-Wisp|p2a: Jirachi
|-status|p2a: Jirachi|brn
|move|p2a: Jirachi|Stealth Rock|p1a: Ninetales
|-sidestart|p1: porrompompom|move: Stealth Rock
|
|-weather|SunnyDay|[upkeep]
|-damage|p2a: Jirachi|88/100 brn|[from] brn
|upkeep
|turn|3
|
|move|p1a: Ninetales|Will-O-Wisp|p2a: Jirachi
|-fail|p2a: Jirachi|brn
|move|p2a: Jirachi|Hidden Power|p1a: Ninetales
|-supereffective|p1a: Ninetales
|-damage|p1a: Ninetales|57/100
|
|-weather|SunnyDay|[upkeep]
|-heal|p1a: Ninetales|63/100|[from] item: Leftovers
|-damage|p2a: Jirachi|76/100 brn|[from] brn
|upkeep
|turn|4
|
|move|p1a: Ninetales|Flamethrower|p2a: Jirachi
|-supereffective|p2a: Jirachi
|-damage|p2a: Jirachi|0 fnt
|faint|p2a: Jirachi
|
|-weather|SunnyDay|[upkeep]
|-heal|p1a: Ninetales|69/100|[from] item: Leftovers
|upkeep
|
|switch|p2a: Kyurem|Kyurem-Black|100/100
|-ability|p2a: Kyurem|Teravolt
|turn|5
|
|move|p1a: Ninetales|Hypnosis|p2a: Kyurem
|-status|p2a: Kyurem|slp
|cant|p2a: Kyurem|slp
|
|-weather|SunnyDay|[upkeep]
|-heal|p1a: Ninetales|75/100|[from] item: Leftovers
|upkeep
|turn|6
|
|switch|p1a: Forretress|Forretress, M|100/100
|-damage|p1a: Forretress|88/100|[from] Stealth Rock
|-curestatus|p2a: Kyurem|slp|[msg]
|move|p2a: Kyurem|Dragon Claw|p1a: Forretress
|-resisted|p1a: Forretress
|-damage|p1a: Forretress|63/100
|
|-weather|SunnyDay|[upkeep]
|-heal|p1a: Forretress|69/100|[from] item: Leftovers
|upkeep
|turn|7
|
|switch|p2a: Magnezone|Magnezone|100/100
|move|p1a: Forretress|Rapid Spin|p2a: Magnezone
|-resisted|p2a: Magnezone
|-damage|p2a: Magnezone|99/100
|-sideend|p1: porrompompom|Stealth Rock|[from] move: Rapid Spin|[of] p1a: Forretress
|
|-weather|SunnyDay|[upkeep]
|-heal|p1a: Forretress|76/100|[from] item: Leftovers
|upkeep
|turn|8
|
|move|p2a: Magnezone|Hidden Power|p1a: Forretress
|-supereffective|p1a: Forretress
|-damage|p1a: Forretress|0 fnt
|faint|p1a: Forretress
|
|-weather|SunnyDay|[upkeep]
|upkeep
|
|switch|p1a: Dugtrio|Dugtrio, M|100/100
|turn|9
|
|move|p1a: Dugtrio|Stealth Rock|p2a: Magnezone
|-sidestart|p2: roa kyle|move: Stealth Rock
|move|p2a: Magnezone|Flash Cannon|p1a: Dugtrio
|-enditem|p1a: Dugtrio|Focus Sash
|-damage|p1a: Dugtrio|1/100
|
|-weather|SunnyDay|[upkeep]
|upkeep
|turn|10
|
|move|p1a: Dugtrio|Earthquake|p2a: Magnezone
|-supereffective|p2a: Magnezone
|-damage|p2a: Magnezone|0 fnt
|faint|p2a: Magnezone
|
|-weather|SunnyDay|[upkeep]
|upkeep
|
|switch|p2a: Garchomp|Garchomp, F|100/100
|-damage|p2a: Garchomp|94/100|[from] Stealth Rock
|turn|11
|
|move|p2a: Garchomp|Outrage|p1a: Dugtrio
|-damage|p1a: Dugtrio|0 fnt
|faint|p1a: Dugtrio
|
|-weather|SunnyDay|[upkeep]
|upkeep
|
|switch|p1a: Cresselia|Cresselia, F|100/100
|turn|12
|
|move|p2a: Garchomp|Outrage|p1a: Cresselia|[from]lockedmove
|-damage|p1a: Cresselia|69/100
|move|p1a: Cresselia|Calm Mind|p1a: Cresselia
|-boost|p1a: Cresselia|spa|1
|-boost|p1a: Cresselia|spd|1
|
|-weather|SunnyDay|[upkeep]
|-heal|p1a: Cresselia|75/100|[from] item: Leftovers
|upkeep
|turn|13
|
|move|p2a: Garchomp|Outrage|p1a: Cresselia|[from]lockedmove
|-damage|p1a: Cresselia|43/100
|-start|p2a: Garchomp|confusion|[fatigue]
|move|p1a: Cresselia|Calm Mind|p1a: Cresselia
|-boost|p1a: Cresselia|spa|1
|-boost|p1a: Cresselia|spd|1
|
|-weather|SunnyDay|[upkeep]
|-heal|p1a: Cresselia|49/100|[from] item: Leftovers
|upkeep
|turn|14
|
|switch|p2a: Latios|Latios, M|100/100
|-damage|p2a: Latios|88/100|[from] Stealth Rock
|move|p1a: Cresselia|Moonlight|p1a: Cresselia
|-heal|p1a: Cresselia|100/100
|
|-weather|SunnyDay|[upkeep]
|upkeep
|turn|15
|
|move|p2a: Latios|Draco Meteor|p1a: Cresselia
|-damage|p1a: Cresselia|67/100
|-unboost|p2a: Latios|spa|2
|move|p1a: Cresselia|Ice Beam|p2a: Latios
|-supereffective|p2a: Latios
|-damage|p2a: Latios|18/100
|
|-weather|SunnyDay|[upkeep]
|-heal|p1a: Cresselia|73/100|[from] item: Leftovers
|upkeep
|turn|16
|
|move|p2a: Latios|Draco Meteor|p1a: Cresselia
|-crit|p1a: Cresselia
|-damage|p1a: Cresselia|0 fnt
|-unboost|p2a: Latios|spa|2
|faint|p1a: Cresselia
|
|-weather|SunnyDay|[upkeep]
|upkeep
|c|☆porrompompom|heheh
|
|switch|p1a: Chansey|Chansey, F|100/100
|turn|17
|
|move|p2a: Latios|Draco Meteor|p1a: Chansey
|-damage|p1a: Chansey|89/100
|-unboost|p2a: Latios|spa|2
|move|p1a: Chansey|Seismic Toss|p2a: Latios
|-damage|p2a: Latios|0 fnt
|faint|p2a: Latios
|
|-weather|SunnyDay|[upkeep]
|upkeep
|
|switch|p2a: Dragonite|Dragonite, M|100/100
|-damage|p2a: Dragonite|76/100|[from] Stealth Rock
|turn|18
|
|switch|p1a: Gothitelle|Gothitelle, M|100/100
|move|p2a: Dragonite|Dragon Dance|p2a: Dragonite
|-boost|p2a: Dragonite|atk|1
|-boost|p2a: Dragonite|spe|1
|
|-weather|SunnyDay|[upkeep]
|upkeep
|turn|19
|
|move|p1a: Gothitelle|Hidden Power|p2a: Dragonite
|-supereffective|p2a: Dragonite
|-damage|p2a: Dragonite|1/100
|move|p2a: Dragonite|Outrage|p1a: Gothitelle
|-damage|p1a: Gothitelle|0 fnt
|faint|p1a: Gothitelle
|
|-weather|SunnyDay|[upkeep]
|upkeep
|c|☆porrompompom|heheheheheh
|
|switch|p1a: Chansey|Chansey, F|89/100
|turn|20
|
|move|p2a: Dragonite|Outrage|p1a: Chansey|[from]lockedmove
|-damage|p1a: Chansey|23/100
|-start|p2a: Dragonite|confusion|[fatigue]
|-enditem|p2a: Dragonite|Lum Berry|[eat]
|-end|p2a: Dragonite|confusion
|move|p1a: Chansey|Soft-Boiled|p1a: Chansey
|-heal|p1a: Chansey|73/100
|
|-weather|SunnyDay|[upkeep]
|upkeep
|turn|21
|
|move|p2a: Dragonite|Outrage|p1a: Chansey
|-damage|p1a: Chansey|5/100
|move|p1a: Chansey|Soft-Boiled|p1a: Chansey
|-heal|p1a: Chansey|55/100
|
|-weather|SunnyDay|[upkeep]
|upkeep
|turn|22
|
|switch|p1a: Ninetales|Ninetales, F|75/100
|move|p2a: Dragonite|Outrage|p1a: Ninetales|[from]lockedmove
|-damage|p1a: Ninetales|0 fnt
|-start|p2a: Dragonite|confusion|[fatigue]
|faint|p1a: Ninetales
|
|-weather|SunnyDay|[upkeep]
|upkeep
|
|switch|p1a: Chansey|Chansey, F|55/100
|turn|23
|
|-activate|p2a: Dragonite|confusion
|-damage|p2a: Dragonite|0 fnt|[from] confusion
|faint|p2a: Dragonite
|move|p1a: Chansey|Soft-Boiled|p1a: Chansey
|-heal|p1a: Chansey|100/100
|
|-weather|SunnyDay|[upkeep]
|upkeep
|
|switch|p2a: Kyurem|Kyurem-Black|100/100
|-damage|p2a: Kyurem|75/100|[from] Stealth Rock
|-ability|p2a: Kyurem|Teravolt
|turn|24
|
|move|p2a: Kyurem|Outrage|p1a: Chansey
|-crit|p1a: Chansey
|-damage|p1a: Chansey|0 fnt
|faint|p1a: Chansey
|
|win|roa kyle
|c|☆roa kyle|gg!
|l|☆roa kyle
|raw|porrompompom's rating: 1443 &rarr; <strong>1418</strong><br />(-25 for losing)
|raw|roa kyle's rating: 1344 &rarr; <strong>1370</strong><br />(+26 for winning)
|l|☆porrompompom
|j|☆porrompompom
