|j|☆porrompompom
|j|☆testing4g4in
|player|p1|porrompompom|2|1488
|player|p2|testing4g4in|lucas|1550
|teamsize|p1|6
|teamsize|p2|6
|gametype|singles
|gen|5
|tier|[Gen 5] OU
|rated|
|clearpoke
|poke|p1|Hippowdon, F|item
|poke|p1|Forretress, M|item
|poke|p1|Chansey, F|item
|poke|p1|Jellicent, F|item
|poke|p1|Quagsire, F|item
|poke|p1|Xatu, F|item
|poke|p2|Landorus-Therian, M|item
|poke|p2|Ferrothorn, M|item
|poke|p2|Keldeo-Resolute|item
|poke|p2|Heatran, M|item
|poke|p2|Latios, M|item
|poke|p2|Tyranitar, M|item
|rule|Species Clause: Limit one of each Pokémon
|rule|OHKO Clause: OHKO moves are banned
|rule|Moody Clause: Moody is banned
|rule|Evasion Moves Clause: Evasion moves are banned
|rule|Endless Battle Clause: Forcing endless battles is banned
|rule|HP Percentage Mod: HP is shown in percentages
|rule|Evasion Abilities Clause: Evasion abilities are banned
|rule|Baton Pass Clause: Limit one Baton Passer, can't pass Spe and other stats simultaneously
|rule|Sleep Clause: Sleep-inducing moves are banned
|rule|Swagger Clause: Swagger is banned
|teampreview
|inactive|Battle timer is ON: inactive players will automatically lose when time's up. (requested by testing4g4in)
|
|start
|switch|p1a: Quagsire|Quagsire, F|100/100
|switch|p2a: Heatran|Heatran, M|100/100
|-item|p2a: Heatran|Air Balloon
|turn|1
|
|switch|p2a: Ferrothorn|Ferrothorn, M|100/100
|move|p1a: Quagsire|Scald|p2a: Ferrothorn
|-resisted|p2a: Ferrothorn
|-damage|p2a: Ferrothorn|93/100
|
|-heal|p2a: Ferrothorn|99/100|[from] item: Leftovers
|upkeep
|turn|2
|
|switch|p1a: Forretress|Forretress, M|100/100
|switch|p2a: Tyranitar|Tyranitar, M|100/100
|-weather|Sandstorm|[from] ability: Sand Stream|[of] p2a: Tyranitar
|
|-weather|Sandstorm|[upkeep]
|upkeep
|turn|3
|
|move|p2a: Tyranitar|Fire Blast|p1a: Forretress
|-supereffective|p1a: Forretress
|-damage|p1a: Forretress|3/100
|move|p1a: Forretress|Spikes|p2a: Tyranitar
|-sidestart|p2: testing4g4in|Spikes
|
|-weather|Sandstorm|[upkeep]
|-heal|p1a: Forretress|9/100|[from] item: Leftovers
|upkeep
|turn|4
|
|move|p2a: Tyranitar|Pursuit|p1a: Forretress
|-resisted|p1a: Forretress
|-damage|p1a: Forretress|2/100
|move|p1a: Forretress|Pain Split|p2a: Tyranitar
|-sethp|p2a: Tyranitar|51/100|[from] move: Pain Split|[silent]
|-sethp|p1a: Forretress|49/100|[from] move: Pain Split
|
|-weather|Sandstorm|[upkeep]
|-heal|p1a: Forretress|55/100|[from] item: Leftovers
|upkeep
|turn|5
|
|switch|p1a: Xatu|Xatu, F|100/100
|move|p2a: Tyranitar|Stealth Rock|p1a: Xatu
|move|p1a: Xatu|Stealth Rock|p2a: Tyranitar|[from]Magic Bounce
|-sidestart|p2: testing4g4in|move: Stealth Rock
|
|-weather|Sandstorm|[upkeep]
|-damage|p1a: Xatu|94/100|[from] Sandstorm
|upkeep
|turn|6
|
|move|p1a: Xatu|Toxic|p2a: Tyranitar
|-status|p2a: Tyranitar|tox
|move|p2a: Tyranitar|Crunch|p1a: Xatu
|-supereffective|p1a: Xatu
|-crit|p1a: Xatu
|-damage|p1a: Xatu|0 fnt
|-damage|p2a: Tyranitar|35/100 tox|[from] item: Rocky Helmet|[of] p1a: Xatu
|faint|p1a: Xatu
|
|-weather|Sandstorm|[upkeep]
|-damage|p2a: Tyranitar|28/100 tox|[from] psn
|upkeep
|c|☆porrompompom|thats a disgusting crit
|inactive|porrompompom has 120 seconds left.
|c|☆testing4g4in|i lost anyways but still
|c|☆testing4g4in|o_o
|
|switch|p1a: Hippowdon|Hippowdon, F|100/100
|turn|7
|
|move|p2a: Tyranitar|Stealth Rock|p1a: Hippowdon
|-sidestart|p1: porrompompom|move: Stealth Rock
|move|p1a: Hippowdon|Earthquake|p2a: Tyranitar
|-supereffective|p2a: Tyranitar
|-damage|p2a: Tyranitar|0 fnt
|faint|p2a: Tyranitar
|
|-weather|Sandstorm|[upkeep]
|upkeep
|
|switch|p2a: Latios|Latios, M|100/100
|-damage|p2a: Latios|88/100|[from] Stealth Rock
|turn|8
|
|move|p2a: Latios|Draco Meteor|p1a: Hippowdon
|-damage|p1a: Hippowdon|20/100
|-unboost|p2a: Latios|spa|2
|move|p1a: Hippowdon|Slack Off|p1a: Hippowdon
|-heal|p1a: Hippowdon|70/100
|
|-weather|Sandstorm|[upkeep]
|-damage|p2a: Latios|82/100|[from] Sandstorm
|-heal|p1a: Hippowdon|76/100|[from] item: Leftovers
|upkeep
|turn|9
|
|switch|p2a: Heatran|Heatran, M|100/100
|-damage|p2a: Heatran|88/100|[from] Stealth Rock
|-item|p2a: Heatran|Air Balloon
|move|p1a: Hippowdon|Slack Off|p1a: Hippowdon
|-heal|p1a: Hippowdon|100/100
|
|-weather|Sandstorm|[upkeep]
|upkeep
|turn|10
|
|move|p2a: Heatran|Magma Storm|p1a: Hippowdon
|-damage|p1a: Hippowdon|49/100
|-activate|p1a: Hippowdon|move: Magma Storm|[of] p2a: Heatran
|move|p1a: Hippowdon|Whirlwind|p2a: Heatran
|drag|p2a: Ferrothorn|Ferrothorn, M|99/100
|-damage|p2a: Ferrothorn|93/100|[from] Stealth Rock
|-damage|p2a: Ferrothorn|80/100|[from] Spikes
|
|-weather|Sandstorm|[upkeep]
|-heal|p1a: Hippowdon|56/100|[from] item: Leftovers
|-heal|p2a: Ferrothorn|87/100|[from] item: Leftovers
|upkeep
|turn|11
|
|switch|p1a: Forretress|Forretress, M|55/100
|-damage|p1a: Forretress|43/100|[from] Stealth Rock
|switch|p2a: Heatran|Heatran, M|88/100
|-damage|p2a: Heatran|76/100|[from] Stealth Rock
|-item|p2a: Heatran|Air Balloon
|
|-weather|Sandstorm|[upkeep]
|-heal|p1a: Forretress|49/100|[from] item: Leftovers
|upkeep
|turn|12
|
|switch|p1a: Chansey|Chansey, F|100/100
|-damage|p1a: Chansey|88/100|[from] Stealth Rock
|move|p2a: Heatran|Magma Storm|p1a: Chansey
|-crit|p1a: Chansey
|-damage|p1a: Chansey|45/100
|-activate|p1a: Chansey|move: Magma Storm|[of] p2a: Heatran
|
|-weather|Sandstorm|[upkeep]
|-damage|p1a: Chansey|39/100|[from] Sandstorm
|-damage|p1a: Chansey|33/100|[from] move: Magma Storm|[partiallytrapped]
|upkeep
|turn|13
|
|move|p2a: Heatran|Will-O-Wisp|p1a: Chansey
|-status|p1a: Chansey|brn
|move|p1a: Chansey|Seismic Toss|p2a: Heatran
|-damage|p2a: Heatran|48/100
|-enditem|p2a: Heatran|Air Balloon
|
|-weather|Sandstorm|[upkeep]
|-damage|p1a: Chansey|27/100 brn|[from] Sandstorm
|-damage|p1a: Chansey|15/100 brn|[from] brn
|-damage|p1a: Chansey|9/100 brn|[from] move: Magma Storm|[partiallytrapped]
|upkeep
|turn|14
|
|move|p2a: Heatran|Earth Power|p1a: Chansey
|-damage|p1a: Chansey|0 fnt
|faint|p1a: Chansey
|
|-weather|Sandstorm|[upkeep]
|upkeep
|
|switch|p1a: Jellicent|Jellicent, F|100/100
|-damage|p1a: Jellicent|88/100|[from] Stealth Rock
|turn|15
|
|move|p2a: Heatran|Will-O-Wisp|p1a: Jellicent
|-status|p1a: Jellicent|brn
|move|p1a: Jellicent|Night Shade|p2a: Heatran
|-damage|p2a: Heatran|20/100
|
|-weather|Sandstorm|[upkeep]
|-damage|p1a: Jellicent|82/100 brn|[from] Sandstorm
|-heal|p1a: Jellicent|88/100 brn|[from] item: Leftovers
|-damage|p1a: Jellicent|76/100 brn|[from] brn
|upkeep
|turn|16
|
|move|p2a: Heatran|Earth Power|p1a: Jellicent
|-damage|p1a: Jellicent|49/100 brn
|move|p1a: Jellicent|Night Shade|p2a: Heatran
|-damage|p2a: Heatran|0 fnt
|faint|p2a: Heatran
|
|-weather|Sandstorm|[upkeep]
|-damage|p1a: Jellicent|43/100 brn|[from] Sandstorm
|-heal|p1a: Jellicent|49/100 brn|[from] item: Leftovers
|-damage|p1a: Jellicent|36/100 brn|[from] brn
|upkeep
|
|switch|p2a: Latios|Latios, M|82/100
|-damage|p2a: Latios|70/100|[from] Stealth Rock
|turn|17
|
|switch|p1a: Quagsire|Quagsire, F|100/100
|-damage|p1a: Quagsire|94/100|[from] Stealth Rock
|move|p2a: Latios|Dragon Pulse|p1a: Quagsire
|-damage|p1a: Quagsire|10/100
|
|-weather|Sandstorm|[upkeep]
|-damage|p2a: Latios|64/100|[from] Sandstorm
|-heal|p1a: Quagsire|16/100|[from] item: Leftovers
|upkeep
|turn|18
|
|move|p2a: Latios|Dragon Pulse|p1a: Quagsire
|-damage|p1a: Quagsire|0 fnt
|faint|p1a: Quagsire
|
|-weather|Sandstorm|[upkeep]
|-damage|p2a: Latios|58/100|[from] Sandstorm
|upkeep
|
|switch|p1a: Forretress|Forretress, M|49/100
|-damage|p1a: Forretress|37/100|[from] Stealth Rock
|turn|19
|inactive|testing4g4in has 120 seconds left.
|
|move|p2a: Latios|Dragon Pulse|p1a: Forretress
|-resisted|p1a: Forretress
|-damage|p1a: Forretress|4/100
|move|p1a: Forretress|Toxic|p2a: Latios
|-status|p2a: Latios|tox
|
|-weather|Sandstorm|[upkeep]
|-damage|p2a: Latios|52/100 tox|[from] Sandstorm
|-heal|p1a: Forretress|10/100|[from] item: Leftovers
|-damage|p2a: Latios|46/100 tox|[from] psn
|upkeep
|turn|20
|
|move|p2a: Latios|Dragon Pulse|p1a: Forretress
|-resisted|p1a: Forretress
|-damage|p1a: Forretress|0 fnt
|faint|p1a: Forretress
|
|-weather|Sandstorm|[upkeep]
|-damage|p2a: Latios|40/100 tox|[from] Sandstorm
|-damage|p2a: Latios|28/100 tox|[from] psn
|upkeep
|
|switch|p1a: Hippowdon|Hippowdon, F|56/100
|-damage|p1a: Hippowdon|49/100|[from] Stealth Rock
|turn|21
|
|move|p2a: Latios|Dragon Pulse|p1a: Hippowdon
|-damage|p1a: Hippowdon|0 fnt
|faint|p1a: Hippowdon
|
|-weather|Sandstorm|[upkeep]
|-damage|p2a: Latios|22/100 tox|[from] Sandstorm
|-damage|p2a: Latios|4/100 tox|[from] psn
|upkeep
|
|switch|p1a: Jellicent|Jellicent, F|36/100 brn
|-damage|p1a: Jellicent|24/100 brn|[from] Stealth Rock
|turn|22
|c|☆testing4g4in|my bad dude
|c|☆porrompompom|not mine, that's for sure
|
|move|p2a: Latios|Dragon Pulse|p1a: Jellicent
|-damage|p1a: Jellicent|0 fnt
|faint|p1a: Jellicent
|
|win|testing4g4in
|raw|porrompompom's rating: 1488 &rarr; <strong>1471</strong><br />(-17 for losing)
|raw|testing4g4in's rating: 1550 &rarr; <strong>1567</strong><br />(+17 for winning)
|l|☆porrompompom
|j|☆porrompompom
|player|p1|porrompompom|2
