|j|☆pink bow
|j|☆WaterLeau
|player|p1|pink bow|lance-gen2|1499
|player|p2|WaterLeau|92|1471
|teamsize|p1|6
|teamsize|p2|6
|gametype|singles
|gen|5
|tier|[Gen 5] OU
|rated|
|rule|Sleep Clause Mod: Limit one foe put to sleep
|rule|Species Clause: Limit one of each Pokémon
|rule|OHKO Clause: OHKO moves are banned
|rule|Moody Clause: Moody is banned
|rule|Evasion Moves Clause: Evasion moves are banned
|rule|Endless Battle Clause: Forcing endless battles is banned
|rule|HP Percentage Mod: HP is shown in percentages
|rule|Evasion Abilities Clause: Evasion abilities are banned
|rule|Baton Pass Clause: Limit one Baton Passer, can't pass Spe and other stats simultaneously
|rule|Swagger Clause: Swagger is banned
|clearpoke
|poke|p1|Tyranitar, M|item
|poke|p1|Ferrothorn, M|item
|poke|p1|Gliscor, M|item
|poke|p1|Jellicent, M|item
|poke|p1|Alakazam, F|item
|poke|p1|Bronzong|item
|poke|p2|Alakazam, F|item
|poke|p2|Garchomp, M|item
|poke|p2|Gastrodon, F|item
|poke|p2|Skarmory, F|item
|poke|p2|Tyranitar, F|item
|poke|p2|Gengar, F|item
|teampreview
|inactive|Battle timer is ON: inactive players will automatically lose when time's up. (requested by pink bow)
|
|start
|switch|p1a: Bronzong|Bronzong|100/100
|switch|p2a: Garchomp|Garchomp, M|100/100
|turn|1
|
|move|p2a: Garchomp|Stealth Rock|p1a: Bronzong
|-sidestart|p1: pink bow|move: Stealth Rock
|move|p1a: Bronzong|Toxic|p2a: Garchomp
|-status|p2a: Garchomp|tox
|
|-damage|p2a: Garchomp|94/100 tox|[from] psn
|upkeep
|turn|2
|
|switch|p2a: Skarmory|Skarmory, F|100/100
|switch|p1a: Gliscor|Gliscor, M|100/100
|-damage|p1a: Gliscor|88/100|[from] Stealth Rock
|
|-status|p1a: Gliscor|tox|[from] item: Toxic Orb
|upkeep
|turn|3
|
|switch|p2a: Gastrodon|Gastrodon, F|100/100
|move|p1a: Gliscor|Taunt|p2a: Gastrodon
|-start|p2a: Gastrodon|move: Taunt
|
|-heal|p1a: Gliscor|100/100 tox|[from] ability: Poison Heal
|upkeep
|turn|4
|
|switch|p1a: Ferrothorn|Ferrothorn, M|100/100
|-damage|p1a: Ferrothorn|94/100|[from] Stealth Rock
|move|p2a: Gastrodon|Ice Beam|p1a: Ferrothorn
|-damage|p1a: Ferrothorn|80/100
|
|-heal|p1a: Ferrothorn|87/100|[from] item: Leftovers
|upkeep
|turn|5
|
|switch|p2a: Skarmory|Skarmory, F|100/100
|move|p1a: Ferrothorn|Stealth Rock|p2a: Skarmory
|-sidestart|p2: WaterLeau|move: Stealth Rock
|
|-heal|p1a: Ferrothorn|93/100|[from] item: Leftovers
|upkeep
|turn|6
|
|move|p2a: Skarmory|Spikes|p1a: Ferrothorn
|-sidestart|p1: pink bow|Spikes
|move|p1a: Ferrothorn|Knock Off|p2a: Skarmory
|-resisted|p2a: Skarmory
|-damage|p2a: Skarmory|99/100
|-damage|p1a: Ferrothorn|76/100|[from] item: Rocky Helmet|[of] p2a: Skarmory
|-enditem|p2a: Skarmory|Rocky Helmet|[from] move: Knock Off|[of] p1a: Ferrothorn
|
|-heal|p1a: Ferrothorn|83/100|[from] item: Leftovers
|upkeep
|turn|7
|
|move|p2a: Skarmory|Spikes|p1a: Ferrothorn
|-sidestart|p1: pink bow|Spikes
|move|p1a: Ferrothorn|Spikes|p2a: Skarmory
|-sidestart|p2: WaterLeau|Spikes
|
|-heal|p1a: Ferrothorn|89/100|[from] item: Leftovers
|upkeep
|turn|8
|
|move|p2a: Skarmory|Spikes|p1a: Ferrothorn
|-sidestart|p1: pink bow|Spikes
|move|p1a: Ferrothorn|Spikes|p2a: Skarmory
|-sidestart|p2: WaterLeau|Spikes
|
|-heal|p1a: Ferrothorn|95/100|[from] item: Leftovers
|upkeep
|turn|9
|
|move|p1a: Ferrothorn|Spikes|p2a: Skarmory
|-sidestart|p2: WaterLeau|Spikes
|move|p2a: Skarmory|Whirlwind|p1a: Ferrothorn
|drag|p1a: Jellicent|Jellicent, M|100/100
|-damage|p1a: Jellicent|76/100|[from] Spikes
|-damage|p1a: Jellicent|63/100|[from] Stealth Rock
|
|-heal|p1a: Jellicent|69/100|[from] item: Leftovers
|upkeep
|turn|10
|
|move|p1a: Jellicent|Recover|p1a: Jellicent
|-heal|p1a: Jellicent|100/100
|move|p2a: Skarmory|Whirlwind|p1a: Jellicent
|drag|p1a: Alakazam|Alakazam, F|100/100
|
|upkeep
|turn|11
|
|switch|p1a: Gliscor|Gliscor, M|100/100 tox
|-damage|p1a: Gliscor|88/100 tox|[from] Stealth Rock
|move|p2a: Skarmory|Brave Bird|p1a: Gliscor
|-damage|p1a: Gliscor|62/100 tox
|-damage|p2a: Skarmory|90/100|[from] Recoil
|
|-heal|p1a: Gliscor|75/100 tox|[from] ability: Poison Heal
|upkeep
|turn|12
|
|move|p1a: Gliscor|Taunt|p2a: Skarmory
|-start|p2a: Skarmory|move: Taunt
|cant|p2a: Skarmory|move: Taunt|Whirlwind
|
|-heal|p1a: Gliscor|87/100 tox|[from] ability: Poison Heal
|upkeep
|turn|13
|c|☆WaterLeau|no brain ?
|
|move|p1a: Gliscor|Taunt||[still]
|-fail|p1a: Gliscor
|move|p2a: Skarmory|Brave Bird|p1a: Gliscor
|-damage|p1a: Gliscor|60/100 tox
|-damage|p2a: Skarmory|81/100|[from] Recoil
|
|-heal|p1a: Gliscor|72/100 tox|[from] ability: Poison Heal
|upkeep
|turn|14
|
|move|p1a: Gliscor|Protect|p1a: Gliscor
|-singleturn|p1a: Gliscor|Protect
|move|p2a: Skarmory|Brave Bird|p1a: Gliscor
|-activate|p1a: Gliscor|move: Protect
|
|-heal|p1a: Gliscor|85/100 tox|[from] ability: Poison Heal
|-end|p2a: Skarmory|move: Taunt
|upkeep
|turn|15
|
|switch|p2a: Gastrodon|Gastrodon, F|100/100
|-damage|p2a: Gastrodon|76/100|[from] Spikes
|-damage|p2a: Gastrodon|70/100|[from] Stealth Rock
|move|p1a: Gliscor|Taunt|p2a: Gastrodon
|-start|p2a: Gastrodon|move: Taunt
|
|-heal|p2a: Gastrodon|76/100|[from] item: Leftovers
|-heal|p1a: Gliscor|97/100 tox|[from] ability: Poison Heal
|upkeep
|turn|16
|
|switch|p1a: Ferrothorn|Ferrothorn, M|95/100
|-damage|p1a: Ferrothorn|70/100|[from] Spikes
|-damage|p1a: Ferrothorn|64/100|[from] Stealth Rock
|move|p2a: Gastrodon|Ice Beam|p1a: Ferrothorn
|-damage|p1a: Ferrothorn|48/100
|
|-heal|p2a: Gastrodon|82/100|[from] item: Leftovers
|-heal|p1a: Ferrothorn|54/100|[from] item: Leftovers
|upkeep
|turn|17
|
|switch|p2a: Skarmory|Skarmory, F|81/100
|-damage|p2a: Skarmory|68/100|[from] Stealth Rock
|switch|p1a: Jellicent|Jellicent, M|100/100
|-damage|p1a: Jellicent|88/100|[from] Stealth Rock
|-damage|p1a: Jellicent|63/100|[from] Spikes
|
|-heal|p1a: Jellicent|69/100|[from] item: Leftovers
|upkeep
|turn|18
|
|move|p1a: Jellicent|Will-O-Wisp|p2a: Skarmory
|-status|p2a: Skarmory|brn
|move|p2a: Skarmory|Whirlwind|p1a: Jellicent
|drag|p1a: Ferrothorn|Ferrothorn, M|54/100
|-damage|p1a: Ferrothorn|48/100|[from] Stealth Rock
|-damage|p1a: Ferrothorn|23/100|[from] Spikes
|
|-heal|p1a: Ferrothorn|29/100|[from] item: Leftovers
|-damage|p2a: Skarmory|56/100 brn|[from] brn
|upkeep
|turn|19
|
|switch|p1a: Jellicent|Jellicent, M|69/100
|-damage|p1a: Jellicent|44/100|[from] Spikes
|-damage|p1a: Jellicent|32/100|[from] Stealth Rock
|move|p2a: Skarmory|Roost|p2a: Skarmory
|-heal|p2a: Skarmory|100/100 brn
|-singleturn|p2a: Skarmory|move: Roost
|
|-heal|p1a: Jellicent|38/100|[from] item: Leftovers
|-damage|p2a: Skarmory|88/100 brn|[from] brn
|upkeep
|turn|20
|
|move|p1a: Jellicent|Recover|p1a: Jellicent
|-heal|p1a: Jellicent|88/100
|move|p2a: Skarmory|Whirlwind|p1a: Jellicent
|drag|p1a: Alakazam|Alakazam, F|100/100
|
|-damage|p2a: Skarmory|76/100 brn|[from] brn
|upkeep
|turn|21
|
|switch|p1a: Gliscor|Gliscor, M|97/100 tox
|-damage|p1a: Gliscor|85/100 tox|[from] Stealth Rock
|move|p2a: Skarmory|Roost|p2a: Skarmory
|-heal|p2a: Skarmory|100/100 brn
|-singleturn|p2a: Skarmory|move: Roost
|
|-heal|p1a: Gliscor|97/100 tox|[from] ability: Poison Heal
|-damage|p2a: Skarmory|88/100 brn|[from] brn
|upkeep
|turn|22
|
|move|p1a: Gliscor|Taunt|p2a: Skarmory
|-start|p2a: Skarmory|move: Taunt
|cant|p2a: Skarmory|move: Taunt|Whirlwind
|
|-heal|p1a: Gliscor|100/100 tox|[from] ability: Poison Heal
|-damage|p2a: Skarmory|76/100 brn|[from] brn
|upkeep
|turn|23
|
|switch|p2a: Gastrodon|Gastrodon, F|82/100
|-damage|p2a: Gastrodon|76/100|[from] Stealth Rock
|-damage|p2a: Gastrodon|51/100|[from] Spikes
|move|p1a: Gliscor|Taunt|p2a: Gastrodon
|-start|p2a: Gastrodon|move: Taunt
|
|-heal|p2a: Gastrodon|57/100|[from] item: Leftovers
|upkeep
|turn|24
|
|switch|p1a: Bronzong|Bronzong|100/100
|-damage|p1a: Bronzong|94/100|[from] Stealth Rock
|move|p2a: Gastrodon|Ice Beam|p1a: Bronzong
|-resisted|p1a: Bronzong
|-damage|p1a: Bronzong|87/100
|-status|p1a: Bronzong|frz
|
|-heal|p2a: Gastrodon|63/100|[from] item: Leftovers
|-heal|p1a: Bronzong|94/100 frz|[from] item: Leftovers
|upkeep
|turn|25
|
|cant|p1a: Bronzong|frz
|move|p2a: Gastrodon|Ice Beam|p1a: Bronzong
|-resisted|p1a: Bronzong
|-damage|p1a: Bronzong|87/100 frz
|
|-heal|p2a: Gastrodon|69/100|[from] item: Leftovers
|-heal|p1a: Bronzong|93/100 frz|[from] item: Leftovers
|-end|p2a: Gastrodon|move: Taunt
|upkeep
|turn|26
|
|cant|p1a: Bronzong|frz
|move|p2a: Gastrodon|Recover|p2a: Gastrodon
|-heal|p2a: Gastrodon|100/100
|
|-heal|p1a: Bronzong|99/100 frz|[from] item: Leftovers
|upkeep
|turn|27
|
|switch|p2a: Skarmory|Skarmory, F|76/100 brn
|-damage|p2a: Skarmory|64/100 brn|[from] Stealth Rock
|cant|p1a: Bronzong|frz
|
|-heal|p1a: Bronzong|100/100 frz|[from] item: Leftovers
|-damage|p2a: Skarmory|51/100 brn|[from] brn
|upkeep
|turn|28
|
|move|p2a: Skarmory|Roost|p2a: Skarmory
|-heal|p2a: Skarmory|100/100 brn
|-singleturn|p2a: Skarmory|move: Roost
|cant|p1a: Bronzong|frz
|
|-damage|p2a: Skarmory|88/100 brn|[from] brn
|upkeep
|turn|29
|
|cant|p1a: Bronzong|frz
|move|p2a: Skarmory|Whirlwind|p1a: Bronzong
|drag|p1a: Jellicent|Jellicent, M|88/100
|-damage|p1a: Jellicent|76/100|[from] Stealth Rock
|-damage|p1a: Jellicent|51/100|[from] Spikes
|
|-heal|p1a: Jellicent|57/100|[from] item: Leftovers
|-damage|p2a: Skarmory|76/100 brn|[from] brn
|upkeep
|turn|30
|
|move|p1a: Jellicent|Recover|p1a: Jellicent
|-heal|p1a: Jellicent|100/100
|move|p2a: Skarmory|Whirlwind|p1a: Jellicent
|drag|p1a: Bronzong|Bronzong|100/100 frz
|-damage|p1a: Bronzong|94/100 frz|[from] Stealth Rock
|
|-heal|p1a: Bronzong|100/100 frz|[from] item: Leftovers
|-damage|p2a: Skarmory|64/100 brn|[from] brn
|upkeep
|turn|31
|
|cant|p1a: Bronzong|frz
|move|p2a: Skarmory|Roost|p2a: Skarmory
|-heal|p2a: Skarmory|100/100 brn
|-singleturn|p2a: Skarmory|move: Roost
|
|-damage|p2a: Skarmory|88/100 brn|[from] brn
|upkeep
|turn|32
|
|cant|p1a: Bronzong|frz
|move|p2a: Skarmory|Whirlwind|p1a: Bronzong
|drag|p1a: Ferrothorn|Ferrothorn, M|29/100
|-damage|p1a: Ferrothorn|4/100|[from] Spikes
|-damage|p1a: Ferrothorn|0 fnt|[from] Stealth Rock
|faint|p1a: Ferrothorn
|
|-damage|p2a: Skarmory|76/100 brn|[from] brn
|upkeep
|
|switch|p1a: Gliscor|Gliscor, M|100/100 tox
|-damage|p1a: Gliscor|88/100 tox|[from] Stealth Rock
|turn|33
|
|switch|p2a: Gastrodon|Gastrodon, F|100/100
|-damage|p2a: Gastrodon|94/100|[from] Stealth Rock
|-damage|p2a: Gastrodon|70/100|[from] Spikes
|move|p1a: Gliscor|Taunt|p2a: Gastrodon
|-start|p2a: Gastrodon|move: Taunt
|
|-heal|p2a: Gastrodon|76/100|[from] item: Leftovers
|-heal|p1a: Gliscor|100/100 tox|[from] ability: Poison Heal
|upkeep
|turn|34
|
|switch|p1a: Bronzong|Bronzong|100/100 frz
|-damage|p1a: Bronzong|94/100 frz|[from] Stealth Rock
|move|p2a: Gastrodon|Ice Beam|p1a: Bronzong
|-resisted|p1a: Bronzong
|-damage|p1a: Bronzong|87/100 frz
|
|-heal|p2a: Gastrodon|82/100|[from] item: Leftovers
|-heal|p1a: Bronzong|94/100 frz|[from] item: Leftovers
|upkeep
|turn|35
|
|switch|p2a: Skarmory|Skarmory, F|76/100 brn
|-damage|p2a: Skarmory|64/100 brn|[from] Stealth Rock
|cant|p1a: Bronzong|frz
|
|-heal|p1a: Bronzong|99/100 frz|[from] item: Leftovers
|-damage|p2a: Skarmory|51/100 brn|[from] brn
|upkeep
|turn|36
|
|move|p2a: Skarmory|Roost|p2a: Skarmory
|-heal|p2a: Skarmory|100/100 brn
|-singleturn|p2a: Skarmory|move: Roost
|cant|p1a: Bronzong|frz
|
|-heal|p1a: Bronzong|100/100 frz|[from] item: Leftovers
|-damage|p2a: Skarmory|88/100 brn|[from] brn
|upkeep
|turn|37
|
|cant|p1a: Bronzong|frz
|move|p2a: Skarmory|Whirlwind|p1a: Bronzong
|drag|p1a: Tyranitar|Tyranitar, M|100/100
|-damage|p1a: Tyranitar|76/100|[from] Spikes
|-damage|p1a: Tyranitar|63/100|[from] Stealth Rock
|-weather|Sandstorm|[from] ability: Sand Stream|[of] p1a: Tyranitar
|
|-weather|Sandstorm|[upkeep]
|-damage|p2a: Skarmory|76/100 brn|[from] brn
|upkeep
|turn|38
|
|switch|p2a: Gastrodon|Gastrodon, F|82/100
|-damage|p2a: Gastrodon|57/100|[from] Spikes
|-damage|p2a: Gastrodon|51/100|[from] Stealth Rock
|move|p1a: Tyranitar|Stone Edge|p2a: Gastrodon
|-resisted|p2a: Gastrodon
|-damage|p2a: Gastrodon|30/100
|
|-weather|Sandstorm|[upkeep]
|-heal|p2a: Gastrodon|36/100|[from] item: Leftovers
|upkeep
|turn|39
|
|switch|p1a: Bronzong|Bronzong|100/100 frz
|-damage|p1a: Bronzong|94/100 frz|[from] Stealth Rock
|move|p2a: Gastrodon|Recover|p2a: Gastrodon
|-heal|p2a: Gastrodon|86/100
|
|-weather|Sandstorm|[upkeep]
|-heal|p2a: Gastrodon|92/100|[from] item: Leftovers
|-heal|p1a: Bronzong|100/100 frz|[from] item: Leftovers
|upkeep
|turn|40
|
|switch|p2a: Skarmory|Skarmory, F|76/100 brn
|-damage|p2a: Skarmory|64/100 brn|[from] Stealth Rock
|cant|p1a: Bronzong|frz
|
|-weather|Sandstorm|[upkeep]
|-damage|p2a: Skarmory|51/100 brn|[from] brn
|upkeep
|turn|41
|
|move|p2a: Skarmory|Roost|p2a: Skarmory
|-heal|p2a: Skarmory|100/100 brn
|-singleturn|p2a: Skarmory|move: Roost
|cant|p1a: Bronzong|frz
|
|-weather|Sandstorm|[upkeep]
|-damage|p2a: Skarmory|88/100 brn|[from] brn
|upkeep
|turn|42
|
|cant|p1a: Bronzong|frz
|move|p2a: Skarmory|Whirlwind|p1a: Bronzong
|drag|p1a: Jellicent|Jellicent, M|100/100
|-damage|p1a: Jellicent|88/100|[from] Stealth Rock
|-damage|p1a: Jellicent|63/100|[from] Spikes
|
|-weather|Sandstorm|[upkeep]
|-damage|p1a: Jellicent|57/100|[from] Sandstorm
|-heal|p1a: Jellicent|63/100|[from] item: Leftovers
|-damage|p2a: Skarmory|76/100 brn|[from] brn
|upkeep
|turn|43
|
|switch|p2a: Gengar|Gengar, F|100/100
|-damage|p2a: Gengar|88/100|[from] Stealth Rock
|move|p1a: Jellicent|Taunt|p2a: Gengar
|-start|p2a: Gengar|move: Taunt
|
|-weather|Sandstorm|[upkeep]
|-damage|p2a: Gengar|82/100|[from] Sandstorm
|-damage|p1a: Jellicent|57/100|[from] Sandstorm
|-heal|p2a: Gengar|88/100|[from] item: Black Sludge
|-heal|p1a: Jellicent|63/100|[from] item: Leftovers
|upkeep
|turn|44
|c|☆WaterLeau|ZEHAHA
|
|switch|p1a: Gliscor|Gliscor, M|100/100 tox
|-damage|p1a: Gliscor|88/100 tox|[from] Stealth Rock
|move|p2a: Gengar|Focus Blast|p1a: Gliscor
|-resisted|p1a: Gliscor
|-crit|p1a: Gliscor
|-damage|p1a: Gliscor|44/100 tox
|
|-weather|Sandstorm|[upkeep]
|-damage|p2a: Gengar|82/100|[from] Sandstorm
|-heal|p2a: Gengar|88/100|[from] item: Black Sludge
|-heal|p1a: Gliscor|57/100 tox|[from] ability: Poison Heal
|upkeep
|turn|45
|
|switch|p1a: Tyranitar|Tyranitar, M|63/100
|-damage|p1a: Tyranitar|38/100|[from] Spikes
|-damage|p1a: Tyranitar|26/100|[from] Stealth Rock
|move|p2a: Gengar|Shadow Ball|p1a: Tyranitar
|-resisted|p1a: Tyranitar
|-damage|p1a: Tyranitar|14/100
|
|-weather|Sandstorm|[upkeep]
|-damage|p2a: Gengar|82/100|[from] Sandstorm
|-heal|p2a: Gengar|88/100|[from] item: Black Sludge
|-end|p2a: Gengar|move: Taunt
|upkeep
|turn|46
|
|move|p1a: Tyranitar|Pursuit|p2a: Gengar
|-supereffective|p2a: Gengar
|-damage|p2a: Gengar|18/100
|move|p2a: Gengar|Focus Blast|p1a: Tyranitar
|-supereffective|p1a: Tyranitar
|-damage|p1a: Tyranitar|0 fnt
|faint|p1a: Tyranitar
|
|-weather|Sandstorm|[upkeep]
|-damage|p2a: Gengar|12/100|[from] Sandstorm
|-heal|p2a: Gengar|18/100|[from] item: Black Sludge
|upkeep
|
|switch|p1a: Alakazam|Alakazam, F|100/100
|turn|47
|inactive|WaterLeau has 120 seconds left.
|
|move|p1a: Alakazam|Hidden Power|p2a: Gengar
|-damage|p2a: Gengar|0 fnt
|faint|p2a: Gengar
|
|-weather|Sandstorm|[upkeep]
|upkeep
|
|switch|p2a: Gastrodon|Gastrodon, F|92/100
|-damage|p2a: Gastrodon|86/100|[from] Stealth Rock
|-damage|p2a: Gastrodon|61/100|[from] Spikes
|turn|48
|
|switch|p1a: Bronzong|Bronzong|100/100 frz
|-damage|p1a: Bronzong|94/100 frz|[from] Stealth Rock
|move|p2a: Gastrodon|Recover|p2a: Gastrodon
|-heal|p2a: Gastrodon|100/100
|
|-weather|Sandstorm|[upkeep]
|-heal|p1a: Bronzong|100/100 frz|[from] item: Leftovers
|upkeep
|turn|49
|
|switch|p2a: Garchomp|Garchomp, M|94/100 tox
|-damage|p2a: Garchomp|88/100 tox|[from] Stealth Rock
|-damage|p2a: Garchomp|63/100 tox|[from] Spikes
|cant|p1a: Bronzong|frz
|
|-weather|Sandstorm|[upkeep]
|-damage|p2a: Garchomp|57/100 tox|[from] psn
|upkeep
|turn|50
|
|move|p2a: Garchomp|Fire Blast|p1a: Bronzong
|-supereffective|p1a: Bronzong
|-damage|p1a: Bronzong|74/100 frz
|-curestatus|p1a: Bronzong|frz|[msg]
|move|p1a: Bronzong|Earthquake|p2a: Garchomp
|-damage|p2a: Garchomp|41/100 tox
|
|-weather|Sandstorm|[upkeep]
|-heal|p1a: Bronzong|80/100|[from] item: Leftovers
|-damage|p2a: Garchomp|29/100 tox|[from] psn
|upkeep
|turn|51
|
|switch|p2a: Skarmory|Skarmory, F|76/100 brn
|-damage|p2a: Skarmory|64/100 brn|[from] Stealth Rock
|move|p1a: Bronzong|Protect||[still]
|-fail|p1a: Bronzong
|
|-weather|Sandstorm|[upkeep]
|-heal|p1a: Bronzong|86/100|[from] item: Leftovers
|-damage|p2a: Skarmory|51/100 brn|[from] brn
|upkeep
|turn|52
|c|☆WaterLeau|I don't need hax for win
|inactive|WaterLeau has 120 seconds left.
|c|☆WaterLeau|I let your bronzong
|
|move|p2a: Skarmory|Roost|p2a: Skarmory
|-heal|p2a: Skarmory|100/100 brn
|-singleturn|p2a: Skarmory|move: Roost
|move|p1a: Bronzong|Earthquake|p2a: Skarmory
|-supereffective|p2a: Skarmory
|-damage|p2a: Skarmory|76/100 brn
|
|-weather|Sandstorm|[upkeep]
|-heal|p1a: Bronzong|92/100|[from] item: Leftovers
|-damage|p2a: Skarmory|64/100 brn|[from] brn
|upkeep
|turn|53
|inactive|WaterLeau has 120 seconds left.
|
|move|p1a: Bronzong|Protect|p1a: Bronzong
|-singleturn|p1a: Bronzong|Protect
|move|p2a: Skarmory|Whirlwind|p1a: Bronzong
|-activate|p1a: Bronzong|move: Protect
|
|-weather|Sandstorm|[upkeep]
|-heal|p1a: Bronzong|99/100|[from] item: Leftovers
|-damage|p2a: Skarmory|52/100 brn|[from] brn
|upkeep
|turn|54
|
|move|p2a: Skarmory|Roost|p2a: Skarmory
|-heal|p2a: Skarmory|100/100 brn
|-singleturn|p2a: Skarmory|move: Roost
|move|p1a: Bronzong|Earthquake|p2a: Skarmory
|-supereffective|p2a: Skarmory
|-damage|p2a: Skarmory|73/100 brn
|
|-weather|Sandstorm|[upkeep]
|-heal|p1a: Bronzong|100/100|[from] item: Leftovers
|-damage|p2a: Skarmory|61/100 brn|[from] brn
|upkeep
|turn|55
|
|move|p2a: Skarmory|Roost|p2a: Skarmory
|-heal|p2a: Skarmory|100/100 brn
|-singleturn|p2a: Skarmory|move: Roost
|move|p1a: Bronzong|Earthquake|p2a: Skarmory
|-supereffective|p2a: Skarmory
|-damage|p2a: Skarmory|75/100 brn
|
|-weather|Sandstorm|[upkeep]
|-damage|p2a: Skarmory|62/100 brn|[from] brn
|upkeep
|turn|56
|
|move|p2a: Skarmory|Roost|p2a: Skarmory
|-heal|p2a: Skarmory|100/100 brn
|-singleturn|p2a: Skarmory|move: Roost
|move|p1a: Bronzong|Earthquake|p2a: Skarmory
|-supereffective|p2a: Skarmory
|-damage|p2a: Skarmory|76/100 brn
|
|-weather|Sandstorm|[upkeep]
|-damage|p2a: Skarmory|64/100 brn|[from] brn
|upkeep
|turn|57
|
|move|p1a: Bronzong|Protect|p1a: Bronzong
|-singleturn|p1a: Bronzong|Protect
|move|p2a: Skarmory|Whirlwind|p1a: Bronzong
|-activate|p1a: Bronzong|move: Protect
|
|-weather|Sandstorm|[upkeep]
|-damage|p2a: Skarmory|51/100 brn|[from] brn
|upkeep
|turn|58
|
|move|p2a: Skarmory|Roost|p2a: Skarmory
|-heal|p2a: Skarmory|100/100 brn
|-singleturn|p2a: Skarmory|move: Roost
|move|p1a: Bronzong|Earthquake|p2a: Skarmory
|-supereffective|p2a: Skarmory
|-damage|p2a: Skarmory|74/100 brn
|
|-weather|Sandstorm|[upkeep]
|-damage|p2a: Skarmory|62/100 brn|[from] brn
|upkeep
|turn|59
|
|move|p1a: Bronzong|Protect|p1a: Bronzong
|-singleturn|p1a: Bronzong|Protect
|move|p2a: Skarmory|Roost|p2a: Skarmory
|-heal|p2a: Skarmory|100/100 brn
|-singleturn|p2a: Skarmory|move: Roost
|
|-weather|Sandstorm|[upkeep]
|-damage|p2a: Skarmory|88/100 brn|[from] brn
|upkeep
|turn|60
|
|move|p1a: Bronzong|Protect||[still]
|-fail|p1a: Bronzong
|move|p2a: Skarmory|Whirlwind|p1a: Bronzong
|drag|p1a: Gliscor|Gliscor, M|57/100 tox
|-damage|p1a: Gliscor|44/100 tox|[from] Stealth Rock
|
|-weather|Sandstorm|[upkeep]
|-heal|p1a: Gliscor|57/100 tox|[from] ability: Poison Heal
|-damage|p2a: Skarmory|76/100 brn|[from] brn
|upkeep
|turn|61
|
|switch|p2a: Gastrodon|Gastrodon, F|100/100
|-damage|p2a: Gastrodon|76/100|[from] Spikes
|-damage|p2a: Gastrodon|70/100|[from] Stealth Rock
|move|p1a: Gliscor|Taunt|p2a: Gastrodon
|-start|p2a: Gastrodon|move: Taunt
|
|-weather|Sandstorm|[upkeep]
|-heal|p2a: Gastrodon|76/100|[from] item: Leftovers
|-heal|p1a: Gliscor|69/100 tox|[from] ability: Poison Heal
|upkeep
|turn|62
|
|switch|p1a: Bronzong|Bronzong|100/100
|-damage|p1a: Bronzong|94/100|[from] Stealth Rock
|move|p2a: Gastrodon|Ice Beam|p1a: Bronzong
|-resisted|p1a: Bronzong
|-damage|p1a: Bronzong|87/100
|
|-weather|Sandstorm|[upkeep]
|-heal|p2a: Gastrodon|82/100|[from] item: Leftovers
|-heal|p1a: Bronzong|93/100|[from] item: Leftovers
|upkeep
|turn|63
|
|move|p1a: Bronzong|Toxic|p2a: Gastrodon
|-status|p2a: Gastrodon|tox
|move|p2a: Gastrodon|Ice Beam|p1a: Bronzong
|-resisted|p1a: Bronzong
|-damage|p1a: Bronzong|86/100
|
|-weather|Sandstorm|[upkeep]
|-heal|p2a: Gastrodon|88/100 tox|[from] item: Leftovers
|-heal|p1a: Bronzong|92/100|[from] item: Leftovers
|-damage|p2a: Gastrodon|82/100 tox|[from] psn
|-end|p2a: Gastrodon|move: Taunt
|upkeep
|turn|64
|c|☆pink bow|you're such an idiot lol
|
|move|p2a: Gastrodon|Ice Beam|p1a: Bronzong
|-resisted|p1a: Bronzong
|-damage|p1a: Bronzong|85/100
|move|p1a: Bronzong|Earthquake|p2a: Gastrodon
|-damage|p2a: Gastrodon|67/100 tox
|
|-weather|Sandstorm|[upkeep]
|-heal|p2a: Gastrodon|74/100 tox|[from] item: Leftovers
|-heal|p1a: Bronzong|91/100|[from] item: Leftovers
|-damage|p2a: Gastrodon|61/100 tox|[from] psn
|upkeep
|turn|65
|c|☆WaterLeau|Yea
|c|☆WaterLeau|a big
|
|move|p1a: Bronzong|Earthquake|p2a: Gastrodon
|-damage|p2a: Gastrodon|47/100 tox
|move|p2a: Gastrodon|Recover|p2a: Gastrodon
|-heal|p2a: Gastrodon|97/100 tox
|
|-weather|Sandstorm|[upkeep]
|-heal|p2a: Gastrodon|100/100 tox|[from] item: Leftovers
|-heal|p1a: Bronzong|98/100|[from] item: Leftovers
|-damage|p2a: Gastrodon|82/100 tox|[from] psn
|upkeep
|turn|66
|
|switch|p2a: Skarmory|Skarmory, F|76/100 brn
|-damage|p2a: Skarmory|64/100 brn|[from] Stealth Rock
|move|p1a: Bronzong|Protect||[still]
|-fail|p1a: Bronzong
|
|-weather|Sandstorm|[upkeep]
|-heal|p1a: Bronzong|100/100|[from] item: Leftovers
|-damage|p2a: Skarmory|51/100 brn|[from] brn
|upkeep
|turn|67
|
|move|p1a: Bronzong|Earthquake|p2a: Skarmory
|-immune|p2a: Skarmory
|move|p2a: Skarmory|Whirlwind|p1a: Bronzong
|drag|p1a: Gliscor|Gliscor, M|69/100 tox
|-damage|p1a: Gliscor|57/100 tox|[from] Stealth Rock
|
|-weather|Sandstorm|[upkeep]
|-heal|p1a: Gliscor|69/100 tox|[from] ability: Poison Heal
|-damage|p2a: Skarmory|39/100 brn|[from] brn
|upkeep
|turn|68
|-message|WaterLeau forfeited.
|
|win|pink bow
|l|☆WaterLeau
|raw|pink bow's rating: 1500 &rarr; <strong>1518</strong><br />(+18 for winning)
|raw|WaterLeau's rating: 1471 &rarr; <strong>1453</strong><br />(-18 for losing)
