|j|☆leoperi99
|j|☆vekntbrhkr
|t:|1747607996
|gametype|singles
|player|p1|leoperi99|#nucliistarabias|1430
|player|p2|vekntbrhkr|unknownf|1486
|teamsize|p1|6
|teamsize|p2|6
|gen|5
|tier|[Gen 5] OU
|rated|
|rule|Species Clause: Limit one of each Pokémon
|rule|OHKO Clause: OHKO moves are banned
|rule|Moody Clause: Moody is banned
|rule|Evasion Items Clause: Evasion items are banned
|rule|Evasion Moves Clause: Evasion moves are banned
|rule|Endless Battle Clause: Forcing endless battles is banned
|rule|HP Percentage Mod: HP is shown in percentages
|rule|Evasion Abilities Clause: Evasion abilities are banned
|rule|Sleep Moves Clause: Sleep-inducing moves are banned
|rule|Swagger Clause: Swagger is banned
|rule|Baton Pass Stat Clause: No Baton Passer may have a way to boost its stats
|clearpoke
|poke|p1|Tyranitar, M|item
|poke|p1|Gliscor, M|item
|poke|p1|Excadrill, M|item
|poke|p1|Latios, M|item
|poke|p1|Alakazam, F|item
|poke|p1|Rotom-Wash|item
|poke|p2|Slowking, M|item
|poke|p2|Excadrill, F|item
|poke|p2|Kyurem|item
|poke|p2|Skarmory, M|item
|poke|p2|Tyranitar, F|item
|poke|p2|Quagsire, F|item
|teampreview
|
|t:|1747608005
|start
|switch|p1a: Rotom|Rotom-Wash|100/100
|switch|p2a: Kyurem|Kyurem, shiny|100/100
|-ability|p2a: Kyurem|Pressure
|turn|1
|inactive|Battle timer is ON: inactive players will automatically lose when time's up. (requested by vekntbrhkr)
|
|t:|1747608011
|switch|p1a: Tyranitar|Tyranitar, M|100/100
|-weather|Sandstorm|[from] ability: Sand Stream|[of] p1a: Tyranitar
|move|p2a: Kyurem|Draco Meteor|p1a: Tyranitar
|-damage|p1a: Tyranitar|50/100
|-unboost|p2a: Kyurem|spa|2
|
|-weather|Sandstorm|[upkeep]
|-damage|p2a: Kyurem|94/100|[from] Sandstorm
|upkeep
|turn|2
|
|t:|1747608015
|-activate|p2a: Kyurem|move: Pursuit
|move|p1a: Tyranitar|Pursuit|p2a: Kyurem|[from] Pursuit
|-damage|p2a: Kyurem|62/100
|switch|p2a: Quagsire|Quagsire, F, shiny|100/100
|
|-weather|Sandstorm|[upkeep]
|upkeep
|turn|3
|
|t:|1747608020
|switch|p1a: Gliscor|Gliscor, M|100/100
|switch|p2a: Kyurem|Kyurem, shiny|62/100
|-ability|p2a: Kyurem|Pressure
|
|-weather|Sandstorm|[upkeep]
|-damage|p2a: Kyurem|56/100|[from] Sandstorm
|-status|p1a: Gliscor|tox|[from] item: Toxic Orb
|upkeep
|turn|4
|
|t:|1747608024
|move|p1a: Gliscor|Protect|p1a: Gliscor
|-singleturn|p1a: Gliscor|Protect
|move|p2a: Kyurem|Draco Meteor|p1a: Gliscor
|-activate|p1a: Gliscor|move: Protect
|
|-weather|Sandstorm|[upkeep]
|-damage|p2a: Kyurem|50/100|[from] Sandstorm
|upkeep
|turn|5
|
|t:|1747608030
|move|p2a: Kyurem|Draco Meteor|p1a: Gliscor
|-damage|p1a: Gliscor|9/100 tox
|-unboost|p2a: Kyurem|spa|2
|move|p1a: Gliscor|Earthquake|p2a: Kyurem
|-damage|p2a: Kyurem|16/100
|
|-weather|Sandstorm|[upkeep]
|-damage|p2a: Kyurem|9/100|[from] Sandstorm
|-heal|p1a: Gliscor|21/100 tox|[from] ability: Poison Heal
|upkeep
|turn|6
|
|t:|1747608034
|switch|p2a: Skarmory|Skarmory, M, shiny|100/100
|move|p1a: Gliscor|Protect||[still]
|-fail|p1a: Gliscor
|
|-weather|Sandstorm|[upkeep]
|-heal|p1a: Gliscor|34/100 tox|[from] ability: Poison Heal
|upkeep
|turn|7
|
|t:|1747608037
|move|p2a: Skarmory|Spikes|p1a: Gliscor
|-sidestart|p1: leoperi99|Spikes
|move|p1a: Gliscor|Stealth Rock|p2a: Skarmory
|-sidestart|p2: vekntbrhkr|move: Stealth Rock
|
|-weather|Sandstorm|[upkeep]
|-heal|p1a: Gliscor|46/100 tox|[from] ability: Poison Heal
|upkeep
|turn|8
|
|t:|1747608042
|move|p1a: Gliscor|Protect|p1a: Gliscor
|-singleturn|p1a: Gliscor|Protect
|move|p2a: Skarmory|Spikes|p1a: Gliscor
|-sidestart|p1: leoperi99|Spikes
|
|-weather|Sandstorm|[upkeep]
|-heal|p1a: Gliscor|58/100 tox|[from] ability: Poison Heal
|upkeep
|turn|9
|
|t:|1747608045
|switch|p1a: Rotom|Rotom-Wash|100/100
|move|p2a: Skarmory|Spikes|p1a: Rotom
|-sidestart|p1: leoperi99|Spikes
|
|-weather|Sandstorm|[upkeep]
|-damage|p1a: Rotom|94/100|[from] Sandstorm
|-heal|p1a: Rotom|100/100|[from] item: Leftovers
|upkeep
|turn|10
|
|t:|1747608054
|switch|p2a: Kyurem|Kyurem, shiny|9/100
|-damage|p2a: Kyurem|0 fnt|[from] Stealth Rock
|faint|p2a: Kyurem
|move|p1a: Rotom|Will-O-Wisp|p2: Kyurem|[notarget]
|-fail|p1a: Rotom
|
|-weather|Sandstorm|[upkeep]
|-damage|p1a: Rotom|94/100|[from] Sandstorm
|-heal|p1a: Rotom|100/100|[from] item: Leftovers
|upkeep
|
|t:|1747608057
|switch|p2a: Excadrill|Excadrill, F, shiny|100/100
|-damage|p2a: Excadrill|97/100|[from] Stealth Rock
|-ability|p2a: Excadrill|Mold Breaker
|turn|11
|
|t:|1747608067
|switch|p1a: Gliscor|Gliscor, M|58/100 tox
|move|p2a: Excadrill|Earthquake|p1a: Gliscor
|-immune|p1a: Gliscor
|
|-weather|Sandstorm|[upkeep]
|-heal|p2a: Excadrill|100/100|[from] item: Leftovers
|-heal|p1a: Gliscor|71/100 tox|[from] ability: Poison Heal
|upkeep
|turn|12
|
|t:|1747608070
|switch|p2a: Skarmory|Skarmory, M, shiny|100/100
|-damage|p2a: Skarmory|88/100|[from] Stealth Rock
|move|p1a: Gliscor|Earthquake|p2a: Skarmory
|-immune|p2a: Skarmory
|
|-weather|Sandstorm|[upkeep]
|-heal|p1a: Gliscor|83/100 tox|[from] ability: Poison Heal
|upkeep
|turn|13
|
|t:|1747608077
|switch|p1a: Rotom|Rotom-Wash|100/100
|move|p2a: Skarmory|Roost|p2a: Skarmory
|-heal|p2a: Skarmory|100/100
|-singleturn|p2a: Skarmory|move: Roost
|
|-weather|Sandstorm|[upkeep]
|-damage|p1a: Rotom|94/100|[from] Sandstorm
|-heal|p1a: Rotom|100/100|[from] item: Leftovers
|upkeep
|turn|14
|
|t:|1747608080
|switch|p2a: Slowking|Slowking, M, shiny|100/100
|-damage|p2a: Slowking|88/100|[from] Stealth Rock
|move|p1a: Rotom|Will-O-Wisp|p2a: Slowking|[miss]
|-miss|p1a: Rotom|p2a: Slowking
|
|-weather|Sandstorm|[upkeep]
|-damage|p1a: Rotom|94/100|[from] Sandstorm
|-damage|p2a: Slowking|82/100|[from] Sandstorm
|-heal|p1a: Rotom|100/100|[from] item: Leftovers
|upkeep
|turn|15
|
|t:|1747608084
|move|p1a: Rotom|Will-O-Wisp|p2a: Slowking
|-status|p2a: Slowking|brn
|move|p2a: Slowking|Toxic|p1a: Rotom
|-status|p1a: Rotom|tox
|
|-weather|Sandstorm|[upkeep]
|-damage|p1a: Rotom|94/100 tox|[from] Sandstorm
|-damage|p2a: Slowking|76/100 brn|[from] Sandstorm
|-heal|p1a: Rotom|100/100 tox|[from] item: Leftovers
|-damage|p1a: Rotom|94/100 tox|[from] psn
|-damage|p2a: Slowking|63/100 brn|[from] brn
|upkeep
|turn|16
|
|t:|1747608087
|move|p1a: Rotom|Volt Switch|p2a: Slowking
|-supereffective|p2a: Slowking
|-damage|p2a: Slowking|33/100 brn
|
|t:|1747608091
|switch|p1a: Tyranitar|Tyranitar, M|50/100|[from] Volt Switch
|-damage|p1a: Tyranitar|25/100|[from] Spikes
|move|p2a: Slowking|Slack Off|p2a: Slowking
|-heal|p2a: Slowking|83/100 brn
|
|-weather|Sandstorm|[upkeep]
|-damage|p2a: Slowking|77/100 brn|[from] Sandstorm
|-damage|p2a: Slowking|64/100 brn|[from] brn
|upkeep
|turn|17
|
|t:|1747608094
|switch|p2a: Excadrill|Excadrill, F, shiny|100/100
|-damage|p2a: Excadrill|97/100|[from] Stealth Rock
|-ability|p2a: Excadrill|Mold Breaker
|move|p1a: Tyranitar|Crunch|p2a: Excadrill
|-resisted|p2a: Excadrill
|-damage|p2a: Excadrill|71/100
|
|-weather|Sandstorm|[upkeep]
|-heal|p2a: Excadrill|77/100|[from] item: Leftovers
|upkeep
|turn|18
|
|t:|1747608097
|move|p2a: Excadrill|Iron Head|p1a: Tyranitar
|-supereffective|p1a: Tyranitar
|-damage|p1a: Tyranitar|0 fnt
|faint|p1a: Tyranitar
|
|-weather|Sandstorm|[upkeep]
|-heal|p2a: Excadrill|83/100|[from] item: Leftovers
|upkeep
|
|t:|1747608103
|switch|p1a: Gliscor|Gliscor, M|83/100 tox
|turn|19
|
|t:|1747608107
|switch|p2a: Skarmory|Skarmory, M, shiny|100/100
|-damage|p2a: Skarmory|88/100|[from] Stealth Rock
|move|p1a: Gliscor|U-turn|p2a: Skarmory
|-resisted|p2a: Skarmory
|-damage|p2a: Skarmory|86/100
|
|t:|1747608110
|switch|p1a: Rotom|Rotom-Wash|94/100 tox|[from] U-turn
|
|-weather|Sandstorm|[upkeep]
|-damage|p1a: Rotom|88/100 tox|[from] Sandstorm
|-heal|p1a: Rotom|94/100 tox|[from] item: Leftovers
|-damage|p1a: Rotom|88/100 tox|[from] psn
|upkeep
|turn|20
|
|t:|1747608113
|switch|p2a: Slowking|Slowking, M, shiny|98/100 brn
|-damage|p2a: Slowking|85/100 brn|[from] Stealth Rock
|move|p1a: Rotom|Hydro Pump|p2a: Slowking|[miss]
|-miss|p1a: Rotom|p2a: Slowking
|
|-weather|Sandstorm|[upkeep]
|-damage|p1a: Rotom|82/100 tox|[from] Sandstorm
|-damage|p2a: Slowking|79/100 brn|[from] Sandstorm
|-heal|p1a: Rotom|88/100 tox|[from] item: Leftovers
|-damage|p1a: Rotom|75/100 tox|[from] psn
|-damage|p2a: Slowking|67/100 brn|[from] brn
|upkeep
|turn|21
|
|t:|1747608116
|switch|p2a: Excadrill|Excadrill, F, shiny|83/100
|-damage|p2a: Excadrill|80/100|[from] Stealth Rock
|-ability|p2a: Excadrill|Mold Breaker
|move|p1a: Rotom|Volt Switch|p2a: Excadrill
|-immune|p2a: Excadrill
|
|-weather|Sandstorm|[upkeep]
|-damage|p1a: Rotom|69/100 tox|[from] Sandstorm
|-heal|p2a: Excadrill|86/100|[from] item: Leftovers
|-heal|p1a: Rotom|75/100 tox|[from] item: Leftovers
|-damage|p1a: Rotom|57/100 tox|[from] psn
|upkeep
|turn|22
|
|t:|1747608120
|switch|p1a: Gliscor|Gliscor, M|83/100 tox
|move|p2a: Excadrill|Earthquake|p1a: Gliscor
|-immune|p1a: Gliscor
|
|-weather|Sandstorm|[upkeep]
|-heal|p2a: Excadrill|92/100|[from] item: Leftovers
|-heal|p1a: Gliscor|96/100 tox|[from] ability: Poison Heal
|upkeep
|turn|23
|
|t:|1747608125
|switch|p2a: Skarmory|Skarmory, M, shiny|86/100
|-damage|p2a: Skarmory|74/100|[from] Stealth Rock
|move|p1a: Gliscor|U-turn|p2a: Skarmory
|-resisted|p2a: Skarmory
|-damage|p2a: Skarmory|71/100
|
|t:|1747608127
|switch|p1a: Rotom|Rotom-Wash|57/100 tox|[from] U-turn
|
|-weather|Sandstorm|[upkeep]
|-damage|p1a: Rotom|50/100 tox|[from] Sandstorm
|-heal|p1a: Rotom|57/100 tox|[from] item: Leftovers
|-damage|p1a: Rotom|50/100 tox|[from] psn
|upkeep
|turn|24
|
|t:|1747608131
|switch|p2a: Excadrill|Excadrill, F, shiny|92/100
|-damage|p2a: Excadrill|89/100|[from] Stealth Rock
|-ability|p2a: Excadrill|Mold Breaker
|move|p1a: Rotom|Pain Split|p2a: Excadrill
|-sethp|p2a: Excadrill|66/100|[from] move: Pain Split|[silent]
|-sethp|p1a: Rotom|78/100 tox|[from] move: Pain Split
|
|-weather|Sandstorm|[upkeep]
|-damage|p1a: Rotom|72/100 tox|[from] Sandstorm
|-heal|p2a: Excadrill|72/100|[from] item: Leftovers
|-heal|p1a: Rotom|78/100 tox|[from] item: Leftovers
|-damage|p1a: Rotom|65/100 tox|[from] psn
|upkeep
|turn|25
|
|t:|1747608133
|switch|p1a: Gliscor|Gliscor, M|96/100 tox
|move|p2a: Excadrill|Rapid Spin|p1a: Gliscor
|-damage|p1a: Gliscor|91/100 tox
|-sideend|p2: vekntbrhkr|Stealth Rock|[from] move: Rapid Spin|[of] p2a: Excadrill
|
|-weather|Sandstorm|[upkeep]
|-heal|p2a: Excadrill|78/100|[from] item: Leftovers
|-heal|p1a: Gliscor|100/100 tox|[from] ability: Poison Heal
|upkeep
|turn|26
|
|t:|1747608140
|move|p2a: Excadrill|Stealth Rock|p1a: Gliscor
|-sidestart|p1: leoperi99|move: Stealth Rock
|move|p1a: Gliscor|Stealth Rock|p2a: Excadrill
|-sidestart|p2: vekntbrhkr|move: Stealth Rock
|
|-weather|Sandstorm|[upkeep]
|-heal|p2a: Excadrill|84/100|[from] item: Leftovers
|upkeep
|turn|27
|
|t:|1747608144
|switch|p2a: Skarmory|Skarmory, M, shiny|71/100
|-damage|p2a: Skarmory|59/100|[from] Stealth Rock
|move|p1a: Gliscor|U-turn|p2a: Skarmory
|-resisted|p2a: Skarmory
|-damage|p2a: Skarmory|57/100
|
|t:|1747608147
|switch|p1a: Alakazam|Alakazam, F|100/100|[from] U-turn
|
|-weather|Sandstorm|[upkeep]
|upkeep
|turn|28
|
|t:|1747608152
|switch|p2a: Slowking|Slowking, M, shiny|99/100 brn
|-damage|p2a: Slowking|88/100 brn|[from] Stealth Rock
|move|p1a: Alakazam|Hidden Power|p2a: Slowking
|-resisted|p2a: Slowking
|-damage|p2a: Slowking|78/100 brn
|
|-weather|Sandstorm|[upkeep]
|-damage|p2a: Slowking|72/100 brn|[from] Sandstorm
|-damage|p2a: Slowking|60/100 brn|[from] brn
|upkeep
|turn|29
|
|t:|1747608157
|move|p1a: Alakazam|Grass Knot|p2a: Slowking
|-supereffective|p2a: Slowking
|-damage|p2a: Slowking|16/100 brn
|move|p2a: Slowking|Fire Blast|p1a: Alakazam
|-damage|p1a: Alakazam|57/100
|
|-weather|Sandstorm|[upkeep]
|-damage|p2a: Slowking|10/100 brn|[from] Sandstorm
|-damage|p2a: Slowking|0 fnt|[from] brn
|faint|p2a: Slowking
|upkeep
|
|t:|1747608160
|switch|p2a: Tyranitar|Tyranitar, F, shiny|100/100
|-damage|p2a: Tyranitar|88/100|[from] Stealth Rock
|turn|30
|
|t:|1747608162
|move|p1a: Alakazam|Grass Knot|p2a: Tyranitar
|-supereffective|p2a: Tyranitar
|-damage|p2a: Tyranitar|42/100
|move|p2a: Tyranitar|Pursuit|p1a: Alakazam
|-supereffective|p1a: Alakazam
|-damage|p1a: Alakazam|0 fnt
|faint|p1a: Alakazam
|
|-weather|Sandstorm|[upkeep]
|-heal|p2a: Tyranitar|48/100|[from] item: Leftovers
|upkeep
|
|t:|1747608168
|switch|p1a: Excadrill|Excadrill, M|100/100
|-damage|p1a: Excadrill|76/100|[from] Spikes
|-damage|p1a: Excadrill|73/100|[from] Stealth Rock
|turn|31
|
|t:|1747608171
|switch|p2a: Skarmory|Skarmory, M, shiny|57/100
|-damage|p2a: Skarmory|45/100|[from] Stealth Rock
|move|p1a: Excadrill|Rapid Spin|p2a: Skarmory
|-resisted|p2a: Skarmory
|-damage|p2a: Skarmory|42/100
|-sideend|p1: leoperi99|Spikes|[from] move: Rapid Spin|[of] p1a: Excadrill
|-sideend|p1: leoperi99|Stealth Rock|[from] move: Rapid Spin|[of] p1a: Excadrill
|
|-weather|Sandstorm|[upkeep]
|upkeep
|turn|32
|
|t:|1747608179
|switch|p1a: Latios|Latios, M|100/100
|switch|p2a: Excadrill|Excadrill, F, shiny|84/100
|-damage|p2a: Excadrill|81/100|[from] Stealth Rock
|-ability|p2a: Excadrill|Mold Breaker
|
|-weather|Sandstorm|[upkeep]
|-damage|p1a: Latios|95/100|[from] Sandstorm
|-heal|p2a: Excadrill|87/100|[from] item: Leftovers
|upkeep
|turn|33
|
|t:|1747608184
|move|p1a: Latios|Surf|p2a: Excadrill
|-supereffective|p2a: Excadrill
|-damage|p2a: Excadrill|0 fnt
|faint|p2a: Excadrill
|
|-weather|Sandstorm|[upkeep]
|-damage|p1a: Latios|89/100|[from] Sandstorm
|upkeep
|
|t:|1747608194
|switch|p2a: Quagsire|Quagsire, F, shiny|100/100
|-damage|p2a: Quagsire|94/100|[from] Stealth Rock
|turn|34
|
|t:|1747608202
|switch|p1a: Rotom|Rotom-Wash|65/100 tox
|move|p2a: Quagsire|Amnesia|p2a: Quagsire
|-boost|p2a: Quagsire|spd|2
|
|-weather|Sandstorm|[upkeep]
|-damage|p1a: Rotom|59/100 tox|[from] Sandstorm
|-heal|p1a: Rotom|65/100 tox|[from] item: Leftovers
|-heal|p2a: Quagsire|100/100|[from] item: Leftovers
|-damage|p1a: Rotom|59/100 tox|[from] psn
|upkeep
|turn|35
|
|t:|1747608208
|switch|p2a: Skarmory|Skarmory, M, shiny|42/100
|-damage|p2a: Skarmory|30/100|[from] Stealth Rock
|move|p1a: Rotom|Will-O-Wisp|p2a: Skarmory
|-status|p2a: Skarmory|brn
|
|-weather|Sandstorm|[upkeep]
|-damage|p1a: Rotom|53/100 tox|[from] Sandstorm
|-heal|p1a: Rotom|59/100 tox|[from] item: Leftovers
|-damage|p1a: Rotom|47/100 tox|[from] psn
|-damage|p2a: Skarmory|18/100 brn|[from] brn
|upkeep
|turn|36
|
|t:|1747608212
|switch|p2a: Quagsire|Quagsire, F, shiny|100/100
|-damage|p2a: Quagsire|94/100|[from] Stealth Rock
|move|p1a: Rotom|Volt Switch|p2a: Quagsire
|-immune|p2a: Quagsire
|
|-weather|Sandstorm|[upkeep]
|-damage|p1a: Rotom|40/100 tox|[from] Sandstorm
|-heal|p1a: Rotom|47/100 tox|[from] item: Leftovers
|-heal|p2a: Quagsire|100/100|[from] item: Leftovers
|-damage|p1a: Rotom|28/100 tox|[from] psn
|upkeep
|turn|37
|
|t:|1747608216
|switch|p2a: Skarmory|Skarmory, M, shiny|18/100 brn
|-damage|p2a: Skarmory|5/100 brn|[from] Stealth Rock
|move|p1a: Rotom|Pain Split|p2a: Skarmory
|-sethp|p2a: Skarmory|15/100 brn|[from] move: Pain Split|[silent]
|-sethp|p1a: Rotom|17/100 tox|[from] move: Pain Split
|
|-weather|Sandstorm|[upkeep]
|-damage|p1a: Rotom|10/100 tox|[from] Sandstorm
|-heal|p1a: Rotom|17/100 tox|[from] item: Leftovers
|-damage|p1a: Rotom|0 fnt|[from] psn
|faint|p1a: Rotom
|-damage|p2a: Skarmory|3/100 brn|[from] brn
|upkeep
|
|t:|1747608222
|switch|p1a: Excadrill|Excadrill, M|73/100
|turn|38
|
|t:|1747608227
|move|p1a: Excadrill|Iron Head|p2a: Skarmory
|-resisted|p2a: Skarmory
|-damage|p2a: Skarmory|0 fnt
|faint|p2a: Skarmory
|
|-weather|Sandstorm|[upkeep]
|upkeep
|
|t:|1747608231
|switch|p2a: Quagsire|Quagsire, F, shiny|100/100
|-damage|p2a: Quagsire|94/100|[from] Stealth Rock
|turn|39
|
|t:|1747608233
|switch|p1a: Latios|Latios, M|89/100
|move|p2a: Quagsire|Amnesia|p2a: Quagsire
|-boost|p2a: Quagsire|spd|2
|
|-weather|Sandstorm|[upkeep]
|-damage|p1a: Latios|83/100|[from] Sandstorm
|-heal|p2a: Quagsire|100/100|[from] item: Leftovers
|upkeep
|turn|40
|
|t:|1747608236
|switch|p2a: Tyranitar|Tyranitar, F, shiny|48/100
|-damage|p2a: Tyranitar|36/100|[from] Stealth Rock
|move|p1a: Latios|Trick|p2a: Tyranitar
|-activate|p1a: Latios|move: Trick|[of] p2a: Tyranitar
|-item|p2a: Tyranitar|Choice Specs|[from] move: Trick
|-item|p1a: Latios|Leftovers|[from] move: Trick
|
|-weather|Sandstorm|[upkeep]
|-damage|p1a: Latios|77/100|[from] Sandstorm
|-heal|p1a: Latios|83/100|[from] item: Leftovers
|upkeep
|turn|41
|
|t:|1747608241
|move|p1a: Latios|Draco Meteor|p2a: Tyranitar
|-damage|p2a: Tyranitar|8/100
|-unboost|p1a: Latios|spa|2
|move|p2a: Tyranitar|Pursuit|p1a: Latios
|-supereffective|p1a: Latios
|-damage|p1a: Latios|35/100
|
|-weather|Sandstorm|[upkeep]
|-damage|p1a: Latios|29/100|[from] Sandstorm
|-heal|p1a: Latios|35/100|[from] item: Leftovers
|upkeep
|turn|42
|
|t:|1747608245
|move|p1a: Latios|Surf|p2a: Tyranitar
|-supereffective|p2a: Tyranitar
|-damage|p2a: Tyranitar|0 fnt
|faint|p2a: Tyranitar
|
|-weather|Sandstorm|[upkeep]
|-damage|p1a: Latios|29/100|[from] Sandstorm
|-heal|p1a: Latios|35/100|[from] item: Leftovers
|upkeep
|
|t:|1747608247
|switch|p2a: Quagsire|Quagsire, F, shiny|100/100
|-damage|p2a: Quagsire|94/100|[from] Stealth Rock
|turn|43
|
|t:|1747608250
|move|p1a: Latios|Roost|p1a: Latios
|-heal|p1a: Latios|85/100
|-singleturn|p1a: Latios|move: Roost
|move|p2a: Quagsire|Amnesia|p2a: Quagsire
|-boost|p2a: Quagsire|spd|2
|
|-weather|Sandstorm|[upkeep]
|-damage|p1a: Latios|79/100|[from] Sandstorm
|-heal|p1a: Latios|85/100|[from] item: Leftovers
|-heal|p2a: Quagsire|100/100|[from] item: Leftovers
|upkeep
|turn|44
|
|t:|1747608252
|move|p1a: Latios|Draco Meteor|p2a: Quagsire
|-damage|p2a: Quagsire|58/100
|-unboost|p1a: Latios|spa|2
|move|p2a: Quagsire|Amnesia|p2a: Quagsire
|-boost|p2a: Quagsire|spd|2
|
|-weather|Sandstorm|[upkeep]
|-damage|p1a: Latios|79/100|[from] Sandstorm
|-heal|p1a: Latios|85/100|[from] item: Leftovers
|-heal|p2a: Quagsire|64/100|[from] item: Leftovers
|upkeep
|turn|45
|
|t:|1747608255
|move|p1a: Latios|Draco Meteor|p2a: Quagsire
|-damage|p2a: Quagsire|35/100
|-unboost|p1a: Latios|spa|2
|move|p2a: Quagsire|Recover|p2a: Quagsire
|-heal|p2a: Quagsire|85/100
|
|-weather|Sandstorm|[upkeep]
|-damage|p1a: Latios|79/100|[from] Sandstorm
|-heal|p1a: Latios|85/100|[from] item: Leftovers
|-heal|p2a: Quagsire|91/100|[from] item: Leftovers
|upkeep
|turn|46
|
|t:|1747608258
|move|p1a: Latios|Surf|p2a: Quagsire
|-damage|p2a: Quagsire|77/100
|move|p2a: Quagsire|Amnesia|p2a: Quagsire
|-boost|p2a: Quagsire|spd|2
|
|-weather|Sandstorm|[upkeep]
|-damage|p1a: Latios|79/100|[from] Sandstorm
|-heal|p1a: Latios|85/100|[from] item: Leftovers
|-heal|p2a: Quagsire|83/100|[from] item: Leftovers
|upkeep
|turn|47
|
|t:|1747608260
|move|p1a: Latios|Surf|p2a: Quagsire
|-damage|p2a: Quagsire|73/100
|move|p2a: Quagsire|Curse|p2a: Quagsire
|-unboost|p2a: Quagsire|spe|1
|-boost|p2a: Quagsire|atk|1
|-boost|p2a: Quagsire|def|1
|
|-weather|Sandstorm|[upkeep]
|-damage|p1a: Latios|79/100|[from] Sandstorm
|-heal|p1a: Latios|85/100|[from] item: Leftovers
|-heal|p2a: Quagsire|79/100|[from] item: Leftovers
|upkeep
|turn|48
|
|t:|1747608262
|move|p1a: Latios|Draco Meteor|p2a: Quagsire
|-damage|p2a: Quagsire|56/100
|move|p2a: Quagsire|Curse|p2a: Quagsire
|-unboost|p2a: Quagsire|spe|1
|-boost|p2a: Quagsire|atk|1
|-boost|p2a: Quagsire|def|1
|
|-weather|Sandstorm|[upkeep]
|-damage|p1a: Latios|79/100|[from] Sandstorm
|-heal|p1a: Latios|85/100|[from] item: Leftovers
|-heal|p2a: Quagsire|62/100|[from] item: Leftovers
|upkeep
|turn|49
|
|t:|1747608265
|move|p1a: Latios|Draco Meteor|p2a: Quagsire
|-damage|p2a: Quagsire|40/100
|move|p2a: Quagsire|Recover|p2a: Quagsire
|-heal|p2a: Quagsire|90/100
|
|-weather|Sandstorm|[upkeep]
|-damage|p1a: Latios|79/100|[from] Sandstorm
|-heal|p1a: Latios|85/100|[from] item: Leftovers
|-heal|p2a: Quagsire|96/100|[from] item: Leftovers
|upkeep
|turn|50
|
|t:|1747608267
|move|p1a: Latios|Draco Meteor|p2a: Quagsire
|-damage|p2a: Quagsire|72/100
|move|p2a: Quagsire|Curse|p2a: Quagsire
|-unboost|p2a: Quagsire|spe|1
|-boost|p2a: Quagsire|atk|1
|-boost|p2a: Quagsire|def|1
|
|-weather|Sandstorm|[upkeep]
|-damage|p1a: Latios|79/100|[from] Sandstorm
|-heal|p1a: Latios|85/100|[from] item: Leftovers
|-heal|p2a: Quagsire|78/100|[from] item: Leftovers
|upkeep
|turn|51
|
|t:|1747608271
|move|p1a: Latios|Draco Meteor|p2a: Quagsire
|-damage|p2a: Quagsire|57/100
|move|p2a: Quagsire|Curse|p2a: Quagsire
|-unboost|p2a: Quagsire|spe|1
|-boost|p2a: Quagsire|atk|1
|-boost|p2a: Quagsire|def|1
|
|-weather|Sandstorm|[upkeep]
|-damage|p1a: Latios|79/100|[from] Sandstorm
|-heal|p1a: Latios|85/100|[from] item: Leftovers
|-heal|p2a: Quagsire|63/100|[from] item: Leftovers
|upkeep
|turn|52
|
|t:|1747608273
|move|p1a: Latios|Draco Meteor|p2a: Quagsire
|-damage|p2a: Quagsire|41/100
|move|p2a: Quagsire|Recover|p2a: Quagsire
|-heal|p2a: Quagsire|91/100
|
|-weather|Sandstorm|[upkeep]
|-damage|p1a: Latios|79/100|[from] Sandstorm
|-heal|p1a: Latios|85/100|[from] item: Leftovers
|-heal|p2a: Quagsire|97/100|[from] item: Leftovers
|upkeep
|turn|53
|
|t:|1747608275
|move|p1a: Latios|Surf|p2a: Quagsire
|-damage|p2a: Quagsire|87/100
|move|p2a: Quagsire|Curse|p2a: Quagsire
|-unboost|p2a: Quagsire|spe|1
|-boost|p2a: Quagsire|atk|1
|-boost|p2a: Quagsire|def|1
|
|-weather|Sandstorm|[upkeep]
|-damage|p1a: Latios|79/100|[from] Sandstorm
|-heal|p1a: Latios|85/100|[from] item: Leftovers
|-heal|p2a: Quagsire|93/100|[from] item: Leftovers
|upkeep
|turn|54
|
|t:|1747608277
|move|p1a: Latios|Surf|p2a: Quagsire
|-damage|p2a: Quagsire|81/100
|move|p2a: Quagsire|Curse|p2a: Quagsire
|-unboost|p2a: Quagsire|spe|1
|-boost|p2a: Quagsire|atk|1
|-boost|p2a: Quagsire|def|1
|
|-weather|Sandstorm|[upkeep]
|-damage|p1a: Latios|79/100|[from] Sandstorm
|-heal|p1a: Latios|85/100|[from] item: Leftovers
|-heal|p2a: Quagsire|88/100|[from] item: Leftovers
|upkeep
|turn|55
|
|t:|1747608280
|move|p1a: Latios|Surf|p2a: Quagsire
|-crit|p2a: Quagsire
|-damage|p2a: Quagsire|10/100
|move|p2a: Quagsire|Waterfall|p1a: Latios
|-resisted|p1a: Latios
|-damage|p1a: Latios|19/100
|
|-weather|Sandstorm|[upkeep]
|-damage|p1a: Latios|13/100|[from] Sandstorm
|-heal|p1a: Latios|19/100|[from] item: Leftovers
|-heal|p2a: Quagsire|16/100|[from] item: Leftovers
|upkeep
|turn|56
|
|t:|1747608283
|move|p1a: Latios|Surf|p2a: Quagsire
|-damage|p2a: Quagsire|5/100
|move|p2a: Quagsire|Recover|p2a: Quagsire
|-heal|p2a: Quagsire|55/100
|
|-weather|Sandstorm|[upkeep]
|-damage|p1a: Latios|13/100|[from] Sandstorm
|-heal|p1a: Latios|19/100|[from] item: Leftovers
|-heal|p2a: Quagsire|61/100|[from] item: Leftovers
|upkeep
|turn|57
|
|t:|1747608285
|move|p1a: Latios|Surf|p2a: Quagsire
|-damage|p2a: Quagsire|50/100
|move|p2a: Quagsire|Recover|p2a: Quagsire
|-heal|p2a: Quagsire|100/100
|
|-weather|Sandstorm|[upkeep]
|-damage|p1a: Latios|13/100|[from] Sandstorm
|-heal|p1a: Latios|19/100|[from] item: Leftovers
|upkeep
|turn|58
|
|t:|1747608287
|move|p1a: Latios|Surf|p2a: Quagsire
|-damage|p2a: Quagsire|91/100
|move|p2a: Quagsire|Waterfall|p1a: Latios
|-resisted|p1a: Latios
|-damage|p1a: Latios|0 fnt
|faint|p1a: Latios
|
|-weather|Sandstorm|[upkeep]
|-heal|p2a: Quagsire|97/100|[from] item: Leftovers
|upkeep
|-message|leoperi99 forfeited.
|
|win|vekntbrhkr
|raw|leoperi99's rating: 1430 &rarr; <strong>1413</strong><br />(-17 for losing)
|raw|vekntbrhkr's rating: 1486 &rarr; <strong>1503</strong><br />(+17 for winning)
|l|☆leoperi99
|player|p1|
