|j|☆eyedroppy
|j|☆blue in unova
|t:|1724385374
|gametype|singles
|player|p1|eyedroppy|preschooler|1362
|player|p2|blue in unova|miku-ground|1373
|teamsize|p1|6
|teamsize|p2|6
|gen|5
|tier|[Gen 5] OU
|rated|
|rule|Species Clause: Limit one of each Pokémon
|rule|OHKO Clause: OHKO moves are banned
|rule|Moody Clause: Moody is banned
|rule|Evasion Items Clause: Evasion items are banned
|rule|Evasion Moves Clause: Evasion moves are banned
|rule|Endless Battle Clause: Forcing endless battles is banned
|rule|HP Percentage Mod: HP is shown in percentages
|rule|Evasion Abilities Clause: Evasion abilities are banned
|rule|Sleep Moves Clause: Sleep-inducing moves are banned
|rule|Swagger Clause: Swagger is banned
|rule|Baton Pass Stat Clause: No Baton Passer may have a way to boost its stats
|clearpoke
|poke|p1|Terrakion|item
|poke|p1|Tyranitar, F|item
|poke|p1|Celebi|item
|poke|p1|Excadrill, F|item
|poke|p1|Landorus-Therian, M|item
|poke|p1|Keldeo|item
|poke|p2|Starmie|item
|poke|p2|Magnezone|item
|poke|p2|Dragonite, F|item
|poke|p2|Kyurem-Black|item
|poke|p2|Garchomp, M|item
|poke|p2|Jirachi|item
|teampreview
|inactive|Battle timer is ON: inactive players will automatically lose when time's up. (requested by blue in unova)
|inactive|eyedroppy has 120 seconds left.
|inactive|blue in unova has 120 seconds left.
|
|t:|1724385419
|start
|switch|p1a: Landorus|Landorus-Therian, M|100/100
|switch|p2a: Garchomp|Garchomp, M|100/100
|-ability|p1a: Landorus|Intimidate|boost
|-unboost|p2a: Garchomp|atk|1
|turn|1
|
|t:|1724385437
|switch|p2a: Jirachi|Jirachi|100/100
|move|p1a: Landorus|Hidden Power|p2a: Jirachi
|-resisted|p2a: Jirachi
|-damage|p2a: Jirachi|94/100
|
|-heal|p2a: Jirachi|100/100|[from] item: Leftovers
|upkeep
|turn|2
|inactive|eyedroppy has 120 seconds left.
|
|t:|1724385467
|move|p1a: Landorus|Stealth Rock|p2a: Jirachi
|-sidestart|p2: blue in unova|move: Stealth Rock
|move|p2a: Jirachi|Icy Wind|p1a: Landorus
|-supereffective|p1a: Landorus
|-damage|p1a: Landorus|20/100
|-unboost|p1a: Landorus|spe|1
|
|-heal|p1a: Landorus|27/100|[from] item: Leftovers
|upkeep
|turn|3
|inactive|eyedroppy has 120 seconds left.
|
|t:|1724385490
|switch|p1a: Celebi|Celebi|100/100
|move|p2a: Jirachi|Stealth Rock|p1a: Celebi
|-sidestart|p1: eyedroppy|move: Stealth Rock
|
|upkeep
|turn|4
|
|t:|1724385501
|move|p2a: Jirachi|Icy Wind|p1a: Celebi
|-supereffective|p1a: Celebi
|-damage|p1a: Celebi|77/100
|-unboost|p1a: Celebi|spe|1
|move|p1a: Celebi|Substitute|p1a: Celebi
|-start|p1a: Celebi|Substitute
|-damage|p1a: Celebi|52/100
|
|-heal|p1a: Celebi|58/100|[from] item: Leftovers
|upkeep
|turn|5
|j| Abel685
|inactive|eyedroppy has 90 seconds left.
|c| Abel685|Se vale sin robar blue
|
|t:|1724385543
|move|p2a: Jirachi|Icy Wind|p1a: Celebi|[miss]
|-miss|p2a: Jirachi|p1a: Celebi
|move|p1a: Celebi|Baton Pass|p1a: Celebi
|c|☆blue in unova|. . .
|
|t:|1724385562
|switch|p1a: Excadrill|Excadrill, F|100/100|[from] Baton Pass
|-damage|p1a: Excadrill|97/100|[from] Stealth Rock
|-ability|p1a: Excadrill|Mold Breaker
|
|upkeep
|turn|6
|
|t:|1724385580
|move|p2a: Jirachi|Icy Wind|p1a: Excadrill
|-activate|p1a: Excadrill|Substitute|[damage]
|move|p1a: Excadrill|Earthquake|p2a: Jirachi
|-supereffective|p2a: Jirachi
|-damage|p2a: Jirachi|17/100
|
|-heal|p2a: Jirachi|23/100|[from] item: Leftovers
|upkeep
|turn|7
|inactive|eyedroppy has 60 seconds left.
|c| Abel685|Ay blue
|c| Abel685|Perdón
|c| Abel685|😔
|
|t:|1724385604
|switch|p1a: Terrakion|Terrakion|100/100
|-damage|p1a: Terrakion|94/100|[from] Stealth Rock
|move|p2a: Jirachi|Icy Wind|p1a: Terrakion
|-damage|p1a: Terrakion|78/100
|-unboost|p1a: Terrakion|spe|1
|
|-heal|p2a: Jirachi|29/100|[from] item: Leftovers
|upkeep
|turn|8
|inactive|eyedroppy has 60 seconds left.
|inactive|blue in unova has 120 seconds left.
|
|t:|1724385640
|switch|p1a: Keldeo|Keldeo|100/100
|-damage|p1a: Keldeo|94/100|[from] Stealth Rock
|move|p2a: Jirachi|Iron Head|p1a: Keldeo
|-resisted|p1a: Keldeo
|-damage|p1a: Keldeo|80/100
|
|-heal|p1a: Keldeo|87/100|[from] item: Leftovers
|-heal|p2a: Jirachi|35/100|[from] item: Leftovers
|upkeep
|turn|9
|inactive|blue in unova has 120 seconds left.
|
|t:|1724385649
|switch|p2a: Starmie|Starmie|100/100
|-damage|p2a: Starmie|88/100|[from] Stealth Rock
|move|p1a: Keldeo|Substitute|p1a: Keldeo
|-start|p1a: Keldeo|Substitute
|-damage|p1a: Keldeo|62/100
|
|-heal|p1a: Keldeo|68/100|[from] item: Leftovers
|upkeep
|turn|10
|c| Abel685|Ahora falla el thunderbolt
|c| Abel685|🐐🐐
|inactive|eyedroppy has 30 seconds left.
|
|t:|1724385676
|move|p2a: Starmie|Rapid Spin|p1a: Keldeo
|-crit|p1a: Keldeo
|-activate|p1a: Keldeo|Substitute|[damage]
|-sideend|p2: blue in unova|Stealth Rock|[from] move: Rapid Spin|[of] p2a: Starmie
|-damage|p2a: Starmie|78/100|[from] item: Life Orb
|move|p1a: Keldeo|Scald|p2a: Starmie
|-resisted|p2a: Starmie
|-damage|p2a: Starmie|46/100
|
|-heal|p1a: Keldeo|74/100|[from] item: Leftovers
|upkeep
|turn|11
|inactive|eyedroppy has 30 seconds left.
|inactive|eyedroppy has 20 seconds left.
|inactive|eyedroppy has 15 seconds left.
|
|t:|1724385701
|move|p2a: Starmie|Ice Beam|p1a: Keldeo
|-resisted|p1a: Keldeo
|-end|p1a: Keldeo|Substitute
|-damage|p2a: Starmie|37/100|[from] item: Life Orb
|move|p1a: Keldeo|Scald|p2a: Starmie
|-resisted|p2a: Starmie
|-damage|p2a: Starmie|6/100
|
|-heal|p1a: Keldeo|80/100|[from] item: Leftovers
|upkeep
|turn|12
|inactive|eyedroppy has 25 seconds left this turn.
|inactive|eyedroppy has 20 seconds left.
|inactive|eyedroppy has 15 seconds left.
|inactive|eyedroppy has 10 seconds left.
|inactive|blue in unova has 120 seconds left.
|
|t:|1724385736
|move|p2a: Starmie|Thunder|p1a: Keldeo
|-supereffective|p1a: Keldeo
|-damage|p1a: Keldeo|0 fnt
|faint|p1a: Keldeo
|-damage|p2a: Starmie|0 fnt|[from] item: Life Orb
|faint|p2a: Starmie
|
|upkeep
|inactive|eyedroppy has 20 seconds left this turn.
|inactive|eyedroppy has 15 seconds left.
|inactive|eyedroppy has 10 seconds left.
|inactive|blue in unova has 90 seconds left.
|
|t:|1724385756
|switch|p2a: Kyurem|Kyurem-Black|100/100
|switch|p1a: Landorus|Landorus-Therian, M|27/100
|-damage|p1a: Landorus|14/100|[from] Stealth Rock
|-ability|p1a: Landorus|Intimidate|boost
|-unboost|p2a: Kyurem|atk|1
|-ability|p2a: Kyurem|Teravolt
|turn|13
|inactive|eyedroppy has 20 seconds left this turn.
|inactive|eyedroppy has 15 seconds left.
|inactive|eyedroppy has 10 seconds left.
|
|t:|1724385767
|move|p1a: Landorus|Earthquake|p2a: Kyurem
|-damage|p2a: Kyurem|61/100
|move|p2a: Kyurem|Dragon Claw|p1a: Landorus
|-damage|p1a: Landorus|0 fnt
|faint|p1a: Landorus
|
|upkeep
|inactive|eyedroppy has 15 seconds left this turn.
|c| Abel685|Se vale sin robar
|inactive|eyedroppy has 10 seconds left.
|c| Abel685|🗿
|inactive|eyedroppy has 5 seconds left.
|
|t:|1724385778
|switch|p1a: Terrakion|Terrakion|78/100
|-damage|p1a: Terrakion|72/100|[from] Stealth Rock
|turn|14
|inactive|eyedroppy has 15 seconds left this turn.
|inactive|eyedroppy has 10 seconds left.
|
|t:|1724385785
|switch|p2a: Jirachi|Jirachi|35/100
|move|p1a: Terrakion|Stone Edge|p2a: Jirachi
|-resisted|p2a: Jirachi
|-damage|p2a: Jirachi|5/100
|
|-heal|p2a: Jirachi|11/100|[from] item: Leftovers
|upkeep
|turn|15
|inactive|eyedroppy has 20 seconds left this turn.
|inactive|eyedroppy has 15 seconds left.
|
|t:|1724385796
|move|p1a: Terrakion|Stone Edge|p2a: Jirachi
|-resisted|p2a: Jirachi
|-damage|p2a: Jirachi|0 fnt
|faint|p2a: Jirachi
|
|upkeep
|inactive|eyedroppy has 20 seconds left this turn.
|
|t:|1724385806
|switch|p2a: Garchomp|Garchomp, M|100/100
|turn|16
|inactive|eyedroppy has 30 seconds left this turn.
|inactive|eyedroppy has 20 seconds left.
|inactive|eyedroppy has 15 seconds left.
|
|t:|1724385840
|switch|p1a: Celebi|Celebi|58/100
|-damage|p1a: Celebi|46/100|[from] Stealth Rock
|move|p2a: Garchomp|Earthquake|p1a: Celebi
|-resisted|p1a: Celebi
|-damage|p1a: Celebi|29/100
|
|-heal|p1a: Celebi|35/100|[from] item: Leftovers
|upkeep
|turn|17
|inactive|eyedroppy has 25 seconds left this turn.
|inactive|eyedroppy has 20 seconds left.
|inactive|blue in unova has 90 seconds left.
|
|t:|1724385885
|switch|p2a: Dragonite|Dragonite, F|100/100
|move|p1a: Celebi|Recover|p1a: Celebi
|-heal|p1a: Celebi|85/100
|
|-heal|p1a: Celebi|91/100|[from] item: Leftovers
|upkeep
|turn|18
|inactive|eyedroppy has 30 seconds left this turn.
|inactive|eyedroppy has 20 seconds left.
|inactive|eyedroppy has 15 seconds left.
|inactive|eyedroppy has 10 seconds left.
|
|t:|1724385909
|move|p2a: Dragonite|Substitute|p2a: Dragonite
|-start|p2a: Dragonite|Substitute
|-damage|p2a: Dragonite|76/100
|move|p1a: Celebi|Leaf Storm|p2a: Dragonite
|-resisted|p2a: Dragonite
|-activate|p2a: Dragonite|Substitute|[damage]
|-unboost|p1a: Celebi|spa|2
|
|-heal|p2a: Dragonite|82/100|[from] item: Leftovers
|-heal|p1a: Celebi|98/100|[from] item: Leftovers
|upkeep
|turn|19
|inactive|eyedroppy has 20 seconds left this turn.
|inactive|eyedroppy has 15 seconds left.
|
|t:|1724385917
|switch|p1a: Excadrill|Excadrill, F|97/100
|-damage|p1a: Excadrill|94/100|[from] Stealth Rock
|-ability|p1a: Excadrill|Mold Breaker
|move|p2a: Dragonite|Dragon Dance|p2a: Dragonite
|-boost|p2a: Dragonite|atk|1
|-boost|p2a: Dragonite|spe|1
|
|-heal|p2a: Dragonite|88/100|[from] item: Leftovers
|upkeep
|turn|20
|inactive|eyedroppy has 25 seconds left this turn.
|inactive|eyedroppy has 20 seconds left.
|
|t:|1724385926
|move|p2a: Dragonite|Dragon Claw|p1a: Excadrill
|-resisted|p1a: Excadrill
|-damage|p1a: Excadrill|51/100
|move|p1a: Excadrill|Rock Slide|p2a: Dragonite
|-supereffective|p2a: Dragonite
|-end|p2a: Dragonite|Substitute
|
|-heal|p2a: Dragonite|94/100|[from] item: Leftovers
|upkeep
|turn|21
|inactive|eyedroppy has 30 seconds left this turn.
|c| Abel685|Vamos blue tu puedes
|
|t:|1724385935
|move|p2a: Dragonite|Substitute|p2a: Dragonite
|-start|p2a: Dragonite|Substitute
|-damage|p2a: Dragonite|70/100
|move|p1a: Excadrill|Rock Slide|p2a: Dragonite
|-supereffective|p2a: Dragonite
|-end|p2a: Dragonite|Substitute
|
|-heal|p2a: Dragonite|76/100|[from] item: Leftovers
|upkeep
|turn|22
|c| Abel685|🗿
|inactive|eyedroppy has 30 seconds left.
|
|t:|1724385942
|move|p2a: Dragonite|Substitute|p2a: Dragonite
|-start|p2a: Dragonite|Substitute
|-damage|p2a: Dragonite|51/100
|move|p1a: Excadrill|Rock Slide|p2a: Dragonite
|-supereffective|p2a: Dragonite
|-end|p2a: Dragonite|Substitute
|
|-heal|p2a: Dragonite|57/100|[from] item: Leftovers
|upkeep
|turn|23
|
|t:|1724385949
|move|p2a: Dragonite|Roost|p2a: Dragonite
|-heal|p2a: Dragonite|100/100
|-singleturn|p2a: Dragonite|move: Roost
|move|p1a: Excadrill|Rock Slide|p2a: Dragonite
|-damage|p2a: Dragonite|70/100
|
|-heal|p2a: Dragonite|77/100|[from] item: Leftovers
|upkeep
|turn|24
|
|t:|1724385957
|move|p2a: Dragonite|Substitute|p2a: Dragonite
|-start|p2a: Dragonite|Substitute
|-damage|p2a: Dragonite|52/100
|move|p1a: Excadrill|Rock Slide|p2a: Dragonite
|-supereffective|p2a: Dragonite
|-crit|p2a: Dragonite
|-end|p2a: Dragonite|Substitute
|
|-heal|p2a: Dragonite|58/100|[from] item: Leftovers
|upkeep
|turn|25
|
|t:|1724385965
|move|p2a: Dragonite|Roost|p2a: Dragonite
|-heal|p2a: Dragonite|100/100
|-singleturn|p2a: Dragonite|move: Roost
|move|p1a: Excadrill|Rock Slide|p2a: Dragonite
|-damage|p2a: Dragonite|71/100
|
|-heal|p2a: Dragonite|77/100|[from] item: Leftovers
|upkeep
|turn|26
|
|t:|1724385974
|move|p2a: Dragonite|Substitute|p2a: Dragonite
|-start|p2a: Dragonite|Substitute
|-damage|p2a: Dragonite|53/100
|move|p1a: Excadrill|Rock Slide|p2a: Dragonite
|-supereffective|p2a: Dragonite
|-end|p2a: Dragonite|Substitute
|
|-heal|p2a: Dragonite|59/100|[from] item: Leftovers
|upkeep
|turn|27
|
|t:|1724385988
|move|p2a: Dragonite|Roost|p2a: Dragonite
|-heal|p2a: Dragonite|100/100
|-singleturn|p2a: Dragonite|move: Roost
|move|p1a: Excadrill|Rock Slide|p2a: Dragonite
|-damage|p2a: Dragonite|70/100
|
|-heal|p2a: Dragonite|76/100|[from] item: Leftovers
|upkeep
|turn|28
|
|t:|1724385998
|move|p2a: Dragonite|Substitute|p2a: Dragonite
|-start|p2a: Dragonite|Substitute
|-damage|p2a: Dragonite|51/100
|move|p1a: Excadrill|Rock Slide|p2a: Dragonite
|-supereffective|p2a: Dragonite
|-end|p2a: Dragonite|Substitute
|
|-heal|p2a: Dragonite|57/100|[from] item: Leftovers
|upkeep
|turn|29
|c| Abel685|No falla
|c| Abel685|🐐
|
|t:|1724386009
|move|p2a: Dragonite|Roost|p2a: Dragonite
|-heal|p2a: Dragonite|100/100
|-singleturn|p2a: Dragonite|move: Roost
|move|p1a: Excadrill|Rock Slide|p2a: Dragonite
|-damage|p2a: Dragonite|73/100
|
|-heal|p2a: Dragonite|79/100|[from] item: Leftovers
|upkeep
|turn|30
|
|t:|1724386020
|move|p2a: Dragonite|Substitute|p2a: Dragonite
|-start|p2a: Dragonite|Substitute
|-damage|p2a: Dragonite|54/100
|move|p1a: Excadrill|Rock Slide|p2a: Dragonite
|-supereffective|p2a: Dragonite
|-end|p2a: Dragonite|Substitute
|
|-heal|p2a: Dragonite|60/100|[from] item: Leftovers
|upkeep
|turn|31
|
|t:|1724386047
|switch|p1a: Terrakion|Terrakion|72/100
|-damage|p1a: Terrakion|66/100|[from] Stealth Rock
|move|p2a: Dragonite|Roost|p2a: Dragonite
|-heal|p2a: Dragonite|100/100
|-singleturn|p2a: Dragonite|move: Roost
|
|upkeep
|turn|32
|inactive|eyedroppy has 30 seconds left.
|
|t:|1724386062
|move|p2a: Dragonite|Dragon Claw|p1a: Terrakion
|-crit|p1a: Terrakion
|-damage|p1a: Terrakion|0 fnt
|faint|p1a: Terrakion
|
|upkeep
|inactive|eyedroppy has 30 seconds left.
|-message|eyedroppy forfeited.
|
|win|blue in unova
|inactive|eyedroppy has 30 seconds left this turn.
|raw|eyedroppy's rating: 1362 &rarr; <strong>1343</strong><br />(-19 for losing)
|raw|blue in unova's rating: 1373 &rarr; <strong>1392</strong><br />(+19 for winning)
|l|☆eyedroppy
|player|p1|
