|j|bmy
|J|tapu makelele
|player|p1|bmy|101
|player|p2|tapu makelele|64
|gametype|singles
|gen|5
|tier|[Gen 5] OU
|rated
|seed|30647,2951,44705,4270
|rule|Evasion Abilities Clause: Evasion abilities are banned
|rule|Baton Pass Clause: Limit one Baton Passer, can't pass Spe and other stats simultaneously
|rule|Swagger Clause: Swagger is banned
|clearpoke
|poke|p1|Scizor, F|item
|poke|p1|Celebi|item
|poke|p1|Landorus-Therian, M|item
|poke|p1|Keldeo|item
|poke|p1|Tyranitar, M|item
|poke|p1|Terrakion|item
|poke|p2|Politoed, F|item
|poke|p2|Excadrill, M|item
|poke|p2|Ferrothorn, M|item
|poke|p2|Latios, M|item
|poke|p2|Keldeo|item
|poke|p2|Breloom, F|item
|rule|Sleep Clause Mod: Limit one foe put to sleep
|rule|Species Clause: Limit one of each Pokémon
|rule|OHKO Clause: OHKO moves are banned
|rule|Moody Clause: Moody is banned
|rule|Evasion Moves Clause: Evasion moves are banned
|rule|Endless Battle Clause: Forcing endless battles is banned
|rule|HP Percentage Mod: HP is shown in percentages
|teampreview
|choice|team 2, team 1, team 3, team 4, team 5, team 6|team 1, team 2, team 3, team 4, team 5, team 6
|
|start
|switch|p1a: Celebi|Celebi|361/361
|switch|p2a: Politoed|Politoed, F|361/361
|-weather|RainDance|[from] ability: Drizzle|[of] p2a: Politoed
|turn|1
|choice|move uturn|switch 3
|
|switch|p2a: Ferrothorn|Ferrothorn, M|351/351
|move|p1a: Celebi|U-turn|p2a: Ferrothorn
|-damage|p2a: Ferrothorn|315/351
|-damage|p1a: Celebi|316/361|[from] ability: Iron Barbs|[of] p2a: Ferrothorn
|choice|switch 5|
|
|switch|p1a: Tyranitar|Tyranitar, M|371/371
|-weather|Sandstorm|[from] ability: Sand Stream|[of] p1a: Tyranitar
|
|-weather|Sandstorm|[upkeep]
|-heal|p2a: Ferrothorn|336/351|[from] item: Leftovers
|upkeep
|turn|2
|choice|move superpower|move stealthrock
|
|move|p1a: Tyranitar|Superpower|p2a: Ferrothorn
|-supereffective|p2a: Ferrothorn
|-damage|p2a: Ferrothorn|10/351
|-damage|p1a: Tyranitar|325/371|[from] ability: Iron Barbs|[of] p2a: Ferrothorn
|-unboost|p1a: Tyranitar|atk|1
|-unboost|p1a: Tyranitar|def|1
|move|p2a: Ferrothorn|Stealth Rock|p1a: Tyranitar
|-sidestart|p1: bmy|move: Stealth Rock
|
|-weather|Sandstorm|[upkeep]
|-heal|p2a: Ferrothorn|31/351|[from] item: Leftovers
|upkeep
|turn|3
|choice|move superpower|move gyroball
|
|move|p1a: Tyranitar|Superpower|p2a: Ferrothorn
|-supereffective|p2a: Ferrothorn
|-damage|p2a: Ferrothorn|0 fnt
|-damage|p1a: Tyranitar|279/371|[from] ability: Iron Barbs|[of] p2a: Ferrothorn
|-unboost|p1a: Tyranitar|atk|1
|-unboost|p1a: Tyranitar|def|1
|faint|p2a: Ferrothorn
|
|-weather|Sandstorm|[upkeep]
|upkeep
|choice||switch 2
|
|switch|p2a: Excadrill|Excadrill, M|361/361
|-item|p2a: Excadrill|Air Balloon
|turn|4
|choice|switch 3|switch 3
|
|switch|p2a: Politoed|Politoed, F|361/361
|-weather|RainDance|[from] ability: Drizzle|[of] p2a: Politoed
|switch|p1a: Landorus|Landorus-Therian, M|380/380
|-damage|p1a: Landorus|333/380|[from] Stealth Rock
|-ability|p1a: Landorus|Intimidate|boost
|-unboost|p2a: Politoed|atk|1
|
|-weather|RainDance|[upkeep]
|-heal|p1a: Landorus|356/380|[from] item: Leftovers
|upkeep
|turn|5
|choice|switch 5|move icebeam
|
|switch|p1a: Celebi|Celebi|316/361
|-damage|p1a: Celebi|271/361|[from] Stealth Rock
|move|p2a: Politoed|Ice Beam|p1a: Celebi
|-supereffective|p1a: Celebi
|-damage|p1a: Celebi|65/361
|
|-weather|RainDance|[upkeep]
|-heal|p1a: Celebi|87/361|[from] item: Leftovers
|upkeep
|turn|6
|choice|switch 4|move icebeam
|
|switch|p1a: Keldeo|Keldeo|323/323
|-damage|p1a: Keldeo|303/323|[from] Stealth Rock
|move|p2a: Politoed|Ice Beam|p1a: Keldeo
|-resisted|p1a: Keldeo
|-damage|p1a: Keldeo|248/323
|
|-weather|RainDance|[upkeep]
|upkeep
|turn|7
|choice|move hydropump|move hydropump
|
|move|p1a: Keldeo|Hydro Pump|p2a: Politoed|[miss]
|-miss|p1a: Keldeo|p2a: Politoed
|move|p2a: Politoed|Hydro Pump|p1a: Keldeo
|-enditem|p2a: Politoed|Water Gem|[from] gem|[move] Hydro Pump
|-resisted|p1a: Keldeo
|-crit|p1a: Keldeo
|-damage|p1a: Keldeo|0 fnt
|faint|p1a: Keldeo
|
|-weather|RainDance|[upkeep]
|upkeep
|choice|switch 4|
|
|switch|p1a: Celebi|Celebi|87/361
|-damage|p1a: Celebi|42/361|[from] Stealth Rock
|turn|8
|choice|move recover|move icebeam
|
|move|p1a: Celebi|Recover|p1a: Celebi
|-heal|p1a: Celebi|223/361
|move|p2a: Politoed|Ice Beam|p1a: Celebi
|-supereffective|p1a: Celebi
|-damage|p1a: Celebi|13/361
|
|-weather|RainDance|[upkeep]
|-heal|p1a: Celebi|35/361|[from] item: Leftovers
|upkeep
|turn|9
|choice|move leafstorm|move icebeam
|
|move|p1a: Celebi|Leaf Storm|p2a: Politoed
|-supereffective|p2a: Politoed
|-crit|p2a: Politoed
|-damage|p2a: Politoed|0 fnt
|-unboost|p1a: Celebi|spa|2
|faint|p2a: Politoed
|
|-weather|RainDance|[upkeep]
|-heal|p1a: Celebi|57/361|[from] item: Leftovers
|upkeep
|choice||switch 4
|
|switch|p2a: Latios|Latios, M|301/301
|turn|10
|choice|move uturn|move surf
|
|move|p2a: Latios|Surf|p1a: Celebi
|-resisted|p1a: Celebi
|-damage|p1a: Celebi|0 fnt
|faint|p1a: Celebi
|
|-weather|RainDance|[upkeep]
|upkeep
|choice|switch 3|
|
|switch|p1a: Tyranitar|Tyranitar, M|279/371
|-damage|p1a: Tyranitar|233/371|[from] Stealth Rock
|-weather|Sandstorm|[from] ability: Sand Stream|[of] p1a: Tyranitar
|turn|11
|choice|move pursuit|move surf
|
|move|p2a: Latios|Surf|p1a: Tyranitar
|-supereffective|p1a: Tyranitar
|-damage|p1a: Tyranitar|15/371
|move|p1a: Tyranitar|Pursuit|p2a: Latios
|-supereffective|p2a: Latios
|-damage|p2a: Latios|1/301
|
|-weather|Sandstorm|[upkeep]
|-damage|p2a: Latios|0 fnt|[from] sandstorm
|upkeep
|faint|p2a: Latios
|choice||switch 5
|
|switch|p2a: Keldeo|Keldeo|323/323
|turn|12
|choice|move pursuit|move surf
|
|move|p2a: Keldeo|Surf|p1a: Tyranitar
|-supereffective|p1a: Tyranitar
|-damage|p1a: Tyranitar|0 fnt
|faint|p1a: Tyranitar
|
|-weather|Sandstorm|[upkeep]
|-damage|p2a: Keldeo|303/323|[from] sandstorm
|upkeep
|choice|switch 6|
|
|switch|p1a: Terrakion|Terrakion|323/323
|-damage|p1a: Terrakion|303/323|[from] Stealth Rock
|turn|13
|choice|move closecombat|switch 3
|
|switch|p2a: Excadrill|Excadrill, M|361/361
|-item|p2a: Excadrill|Air Balloon
|move|p1a: Terrakion|Close Combat|p2a: Excadrill
|-supereffective|p2a: Excadrill
|-damage|p2a: Excadrill|0 fnt
|-enditem|p2a: Excadrill|Air Balloon
|-unboost|p1a: Terrakion|def|1
|-unboost|p1a: Terrakion|spd|1
|faint|p2a: Excadrill
|
|-weather|Sandstorm|[upkeep]
|upkeep
|choice||switch 3
|
|switch|p2a: Keldeo|Keldeo|303/323
|turn|14
|choice|switch 2|move surf
|
|switch|p1a: Scizor|Scizor, F|341/341
|-damage|p1a: Scizor|299/341|[from] Stealth Rock
|move|p2a: Keldeo|Surf|p1a: Scizor
|-damage|p1a: Scizor|88/341
|
|-weather|Sandstorm|[upkeep]
|-damage|p2a: Keldeo|283/323|[from] sandstorm
|upkeep
|turn|15
|choice|move bulletpunch|move surf
|
|move|p1a: Scizor|Bullet Punch|p2a: Keldeo
|-resisted|p2a: Keldeo
|-damage|p2a: Keldeo|217/323
|move|p2a: Keldeo|Surf|p1a: Scizor
|-damage|p1a: Scizor|0 fnt
|faint|p1a: Scizor
|
|-weather|Sandstorm|[upkeep]
|-damage|p2a: Keldeo|197/323|[from] sandstorm
|upkeep
|choice|switch 2|
|
|switch|p1a: Terrakion|Terrakion|303/323
|-damage|p1a: Terrakion|283/323|[from] Stealth Rock
|turn|16
|choice|move closecombat|switch 6
|
|switch|p2a: Breloom|Breloom, F|261/261
|move|p1a: Terrakion|Close Combat|p2a: Breloom
|-damage|p2a: Breloom|18/261
|-unboost|p1a: Terrakion|def|1
|-unboost|p1a: Terrakion|spd|1
|
|-weather|Sandstorm|[upkeep]
|-damage|p2a: Breloom|2/261|[from] sandstorm
|upkeep
|turn|17
|choice|switch 5|switch 6
|
|switch|p1a: Landorus|Landorus-Therian, M|356/380
|-damage|p1a: Landorus|309/380|[from] Stealth Rock
|-ability|p1a: Landorus|Intimidate|boost
|-unboost|p2a: Breloom|atk|1
|switch|p2a: Keldeo|Keldeo|197/323
|
|-weather|Sandstorm|[upkeep]
|-damage|p2a: Keldeo|177/323|[from] sandstorm
|-heal|p1a: Landorus|332/380|[from] item: Leftovers
|upkeep
|turn|18
|choice|move earthquake|move surf
|
|move|p2a: Keldeo|Surf|p1a: Landorus
|-supereffective|p1a: Landorus
|-damage|p1a: Landorus|0 fnt
|faint|p1a: Landorus
|
|-weather|Sandstorm|[upkeep]
|-damage|p2a: Keldeo|157/323|[from] sandstorm
|upkeep
|choice|switch 5|
|
|switch|p1a: Terrakion|Terrakion|283/323
|-damage|p1a: Terrakion|263/323|[from] Stealth Rock
|turn|19
|choice|move closecombat|move surf
|
|move|p2a: Keldeo|Surf|p1a: Terrakion
|-supereffective|p1a: Terrakion
|-damage|p1a: Terrakion|3/323
|-enditem|p1a: Terrakion|Salac Berry|[eat]
|-boost|p1a: Terrakion|spe|1
|move|p1a: Terrakion|Close Combat|p2a: Keldeo
|-damage|p2a: Keldeo|0 fnt
|-unboost|p1a: Terrakion|def|1
|-unboost|p1a: Terrakion|spd|1
|faint|p2a: Keldeo
|
|-weather|Sandstorm|[upkeep]
|upkeep
|choice||switch 6
|
|switch|p2a: Breloom|Breloom, F|2/261
|turn|20
|c|☆bmy|gg
|choice|move closecombat|move machpunch
|
|move|p2a: Breloom|Mach Punch|p1a: Terrakion
|-supereffective|p1a: Terrakion
|-damage|p1a: Terrakion|0 fnt
|-damage|p2a: Breloom|0 fnt|[from] item: Life Orb
|faint|p1a: Terrakion
|faint|p2a: Breloom
|
|win|tapu makelele
|raw|bmy's rating: 1384 &rarr; <strong>1371</strong><br />(-13 for losing)
|raw|tapu makelele's rating: 1509 &rarr; <strong>1522</strong><br />(+13 for winning)