|j|‽baixiaohen
|j|☆cdrgcde
|t:|1744619005
|gametype|singles
|player|p1|baixiaohen|red|1329
|player|p2|cdrgcde|hilbert|1412
|teamsize|p1|6
|teamsize|p2|6
|gen|5
|tier|[Gen 5] OU
|rated|
|rule|Species Clause: Limit one of each Pokémon
|rule|OHKO Clause: OHKO moves are banned
|rule|Moody Clause: Moody is banned
|rule|Evasion Items Clause: Evasion items are banned
|rule|Evasion Moves Clause: Evasion moves are banned
|rule|Endless Battle Clause: Forcing endless battles is banned
|rule|HP Percentage Mod: HP is shown in percentages
|rule|Evasion Abilities Clause: Evasion abilities are banned
|rule|Sleep Moves Clause: Sleep-inducing moves are banned
|rule|Swagger Clause: Swagger is banned
|rule|Baton Pass Stat Clause: No Baton Passer may have a way to boost its stats
|clearpoke
|poke|p1|Jirachi|item
|poke|p1|Scizor, F|item
|poke|p1|Celebi|item
|poke|p1|Gyarados, M|item
|poke|p1|Heatran, F|item
|poke|p1|Starmie|item
|poke|p2|Politoed, M|item
|poke|p2|Keldeo-Resolute|item
|poke|p2|Jirachi|item
|poke|p2|Tentacruel, M|item
|poke|p2|Ferrothorn, F|item
|poke|p2|Thundurus-Therian, M|item
|teampreview
|inactive|Battle timer is ON: inactive players will automatically lose when time's up. (requested by cdrgcde)
|inactive|baixiaohen also wants the timer to be on.
|
|t:|1744619023
|start
|switch|p1a: Celebi|Celebi|100/100
|switch|p2a: Jirachi|Jirachi|100/100
|turn|1
|
|t:|1744619030
|switch|p1a: Heatran|Heatran, F, shiny|100/100
|move|p2a: Jirachi|U-turn|p1a: Heatran
|-resisted|p1a: Heatran
|-damage|p1a: Heatran|96/100
|
|t:|1744619037
|switch|p2a: Politoed|Politoed, M|100/100|[from] U-turn
|-weather|RainDance|[from] ability: Drizzle|[of] p2a: Politoed
|
|-weather|RainDance|[upkeep]
|-heal|p1a: Heatran|100/100|[from] item: Leftovers
|upkeep
|turn|2
|
|t:|1744619042
|switch|p1a: Celebi|Celebi|100/100
|move|p2a: Politoed|Scald|p1a: Celebi
|-resisted|p1a: Celebi
|-damage|p1a: Celebi|89/100
|
|-weather|RainDance|[upkeep]
|-heal|p1a: Celebi|95/100|[from] item: Leftovers
|upkeep
|turn|3
|
|t:|1744619051
|switch|p2a: Thundurus|Thundurus-Therian, M|100/100
|move|p1a: Celebi|Thunder Wave|p2a: Thundurus
|-immune|p2a: Thundurus|[from] ability: Volt Absorb
|
|-weather|RainDance|[upkeep]
|-heal|p1a: Celebi|100/100|[from] item: Leftovers
|upkeep
|turn|4
|
|t:|1744619061
|switch|p1a: Starmie|Starmie, shiny|100/100
|move|p2a: Thundurus|Nasty Plot|p2a: Thundurus
|-boost|p2a: Thundurus|spa|2
|
|-weather|RainDance|[upkeep]
|upkeep
|turn|5
|
|t:|1744619076
|switch|p2a: Tentacruel|Tentacruel, M|100/100
|move|p1a: Starmie|Surf|p2a: Tentacruel
|-resisted|p2a: Tentacruel
|-damage|p2a: Tentacruel|66/100
|
|-weather|RainDance|[upkeep]
|-heal|p2a: Tentacruel|72/100|[from] ability: Rain Dish
|-heal|p2a: Tentacruel|78/100|[from] item: Black Sludge
|upkeep
|turn|6
|
|t:|1744619093
|switch|p1a: Celebi|Celebi|100/100
|move|p2a: Tentacruel|Substitute|p2a: Tentacruel
|-start|p2a: Tentacruel|Substitute
|-damage|p2a: Tentacruel|53/100
|
|-weather|RainDance|[upkeep]
|-heal|p2a: Tentacruel|59/100|[from] ability: Rain Dish
|-heal|p2a: Tentacruel|65/100|[from] item: Black Sludge
|upkeep
|turn|7
|
|t:|1744619098
|move|p2a: Tentacruel|Protect|p2a: Tentacruel
|-singleturn|p2a: Tentacruel|Protect
|move|p1a: Celebi|Psychic|p2a: Tentacruel
|-activate|p2a: Tentacruel|move: Protect
|
|-weather|RainDance|[upkeep]
|-heal|p2a: Tentacruel|71/100|[from] ability: Rain Dish
|-heal|p2a: Tentacruel|77/100|[from] item: Black Sludge
|upkeep
|turn|8
|
|t:|1744619101
|move|p2a: Tentacruel|Scald|p1a: Celebi
|-resisted|p1a: Celebi
|-crit|p1a: Celebi
|-damage|p1a: Celebi|79/100
|-status|p1a: Celebi|brn
|move|p1a: Celebi|Psychic|p2a: Tentacruel
|-supereffective|p2a: Tentacruel
|-end|p2a: Tentacruel|Substitute
|
|-weather|RainDance|[upkeep]
|-heal|p2a: Tentacruel|83/100|[from] ability: Rain Dish
|-heal|p2a: Tentacruel|89/100|[from] item: Black Sludge
|-heal|p1a: Celebi|85/100 brn|[from] item: Leftovers
|-damage|p1a: Celebi|73/100 brn|[from] brn
|upkeep
|turn|9
|
|t:|1744619105
|-curestatus|p1a: Celebi|brn|[from] ability: Natural Cure
|switch|p1a: Jirachi|Jirachi, shiny|100/100
|move|p2a: Tentacruel|Substitute|p2a: Tentacruel
|-start|p2a: Tentacruel|Substitute
|-damage|p2a: Tentacruel|64/100
|
|-weather|RainDance|[upkeep]
|-heal|p2a: Tentacruel|70/100|[from] ability: Rain Dish
|-heal|p2a: Tentacruel|76/100|[from] item: Black Sludge
|upkeep
|turn|10
|
|t:|1744619108
|switch|p1a: Celebi|Celebi|73/100
|move|p2a: Tentacruel|Protect||[still]
|-fail|p2a: Tentacruel
|
|-weather|RainDance|[upkeep]
|-heal|p2a: Tentacruel|82/100|[from] ability: Rain Dish
|-heal|p2a: Tentacruel|88/100|[from] item: Black Sludge
|-heal|p1a: Celebi|79/100|[from] item: Leftovers
|upkeep
|turn|11
|
|t:|1744619113
|move|p2a: Tentacruel|Scald|p1a: Celebi
|-resisted|p1a: Celebi
|-damage|p1a: Celebi|68/100
|-status|p1a: Celebi|brn
|move|p1a: Celebi|Giga Drain|p2a: Tentacruel
|-activate|p2a: Tentacruel|Substitute|[damage]
|-heal|p1a: Celebi|77/100 brn|[from] drain|[of] p2a: Tentacruel
|
|-weather|RainDance|[upkeep]
|-heal|p2a: Tentacruel|94/100|[from] ability: Rain Dish
|-heal|p2a: Tentacruel|100/100|[from] item: Black Sludge
|-heal|p1a: Celebi|83/100 brn|[from] item: Leftovers
|-damage|p1a: Celebi|71/100 brn|[from] brn
|upkeep
|turn|12
|
|t:|1744619117
|move|p2a: Tentacruel|Rapid Spin|p1a: Celebi
|-damage|p1a: Celebi|69/100 brn
|move|p1a: Celebi|Giga Drain|p2a: Tentacruel
|-end|p2a: Tentacruel|Substitute
|-heal|p1a: Celebi|71/100 brn|[from] drain|[of] p2a: Tentacruel
|
|-weather|RainDance|[upkeep]
|-heal|p1a: Celebi|77/100 brn|[from] item: Leftovers
|-damage|p1a: Celebi|64/100 brn|[from] brn
|upkeep
|turn|13
|
|t:|1744619121
|move|p2a: Tentacruel|Substitute|p2a: Tentacruel
|-start|p2a: Tentacruel|Substitute
|-damage|p2a: Tentacruel|75/100
|move|p1a: Celebi|Psychic|p2a: Tentacruel
|-supereffective|p2a: Tentacruel
|-end|p2a: Tentacruel|Substitute
|
|-weather|RainDance|[upkeep]
|-heal|p2a: Tentacruel|82/100|[from] ability: Rain Dish
|-heal|p2a: Tentacruel|88/100|[from] item: Black Sludge
|-heal|p1a: Celebi|71/100 brn|[from] item: Leftovers
|-damage|p1a: Celebi|58/100 brn|[from] brn
|upkeep
|turn|14
|
|t:|1744619141
|switch|p2a: Jirachi|Jirachi|100/100
|-curestatus|p1a: Celebi|brn|[from] ability: Natural Cure
|switch|p1a: Starmie|Starmie, shiny|100/100
|
|-weather|RainDance|[upkeep]
|upkeep
|turn|15
|
|t:|1744619152
|move|p2a: Jirachi|U-turn|p1a: Starmie
|-supereffective|p1a: Starmie
|-damage|p1a: Starmie|31/100
|
|t:|1744619157
|switch|p2a: Ferrothorn|Ferrothorn, F|100/100|[from] U-turn
|move|p1a: Starmie|Trick|p2a: Ferrothorn
|-activate|p1a: Starmie|move: Trick|[of] p2a: Ferrothorn
|-item|p2a: Ferrothorn|Choice Specs|[from] move: Trick
|-item|p1a: Starmie|Lum Berry|[from] move: Trick
|
|-weather|RainDance|[upkeep]
|upkeep
|turn|16
|
|t:|1744619170
|switch|p2a: Tentacruel|Tentacruel, M|88/100
|move|p1a: Starmie|Surf|p2a: Tentacruel
|-resisted|p2a: Tentacruel
|-damage|p2a: Tentacruel|63/100
|
|-weather|RainDance|[upkeep]
|-heal|p2a: Tentacruel|69/100|[from] ability: Rain Dish
|-heal|p2a: Tentacruel|75/100|[from] item: Black Sludge
|upkeep
|turn|17
|
|t:|1744619176
|switch|p2a: Ferrothorn|Ferrothorn, F|100/100
|move|p1a: Starmie|Thunderbolt|p2a: Ferrothorn
|-resisted|p2a: Ferrothorn
|-damage|p2a: Ferrothorn|90/100
|
|-weather|RainDance|[upkeep]
|upkeep
|turn|18
|
|t:|1744619186
|switch|p1a: Heatran|Heatran, F, shiny|100/100
|move|p2a: Ferrothorn|Stealth Rock|p1a: Heatran
|-sidestart|p1: baixiaohen|move: Stealth Rock
|
|-weather|RainDance|[upkeep]
|upkeep
|turn|19
|
|t:|1744619193
|switch|p2a: Keldeo|Keldeo-Resolute|100/100
|move|p1a: Heatran|Will-O-Wisp|p2a: Keldeo
|-status|p2a: Keldeo|brn
|
|-weather|RainDance|[upkeep]
|-damage|p2a: Keldeo|88/100 brn|[from] brn
|upkeep
|turn|20
|
|t:|1744619205
|switch|p2a: Tentacruel|Tentacruel, M|75/100
|switch|p1a: Celebi|Celebi|58/100
|-damage|p1a: Celebi|46/100|[from] Stealth Rock
|
|-weather|RainDance|[upkeep]
|-heal|p2a: Tentacruel|81/100|[from] ability: Rain Dish
|-heal|p2a: Tentacruel|87/100|[from] item: Black Sludge
|-heal|p1a: Celebi|52/100|[from] item: Leftovers
|upkeep
|turn|21
|
|t:|1744619209
|switch|p2a: Jirachi|Jirachi|100/100
|move|p1a: Celebi|Recover|p1a: Celebi
|-heal|p1a: Celebi|100/100
|
|-weather|RainDance|[upkeep]
|upkeep
|turn|22
|
|t:|1744619227
|move|p2a: Jirachi|U-turn|p1a: Celebi
|-supereffective|p1a: Celebi
|-damage|p1a: Celebi|20/100
|
|t:|1744619230
|switch|p2a: Thundurus|Thundurus-Therian, M|100/100|[from] U-turn
|move|p1a: Celebi|Recover|p1a: Celebi
|-heal|p1a: Celebi|70/100
|
|-weather|RainDance|[upkeep]
|-heal|p1a: Celebi|76/100|[from] item: Leftovers
|upkeep
|turn|23
|
|t:|1744619238
|move|p2a: Thundurus|Nasty Plot|p2a: Thundurus
|-boost|p2a: Thundurus|spa|2
|move|p1a: Celebi|Psychic|p2a: Thundurus
|-damage|p2a: Thundurus|61/100
|-unboost|p2a: Thundurus|spd|1
|
|-weather|RainDance|[upkeep]
|-heal|p2a: Thundurus|67/100|[from] item: Leftovers
|-heal|p1a: Celebi|83/100|[from] item: Leftovers
|upkeep
|turn|24
|
|t:|1744619248
|move|p2a: Thundurus|Hidden Power|p1a: Celebi
|-supereffective|p1a: Celebi
|-damage|p1a: Celebi|22/100
|move|p1a: Celebi|Psychic|p2a: Thundurus
|-damage|p2a: Thundurus|6/100
|
|-weather|RainDance|[upkeep]
|-heal|p2a: Thundurus|12/100|[from] item: Leftovers
|-heal|p1a: Celebi|28/100|[from] item: Leftovers
|upkeep
|turn|25
|
|t:|1744619257
|move|p2a: Thundurus|Thunder|p1a: Celebi
|-resisted|p1a: Celebi
|-damage|p1a: Celebi|0 fnt
|faint|p1a: Celebi
|
|-weather|RainDance|[upkeep]
|-heal|p2a: Thundurus|18/100|[from] item: Leftovers
|upkeep
|
|t:|1744619263
|switch|p1a: Starmie|Starmie, shiny|31/100
|-damage|p1a: Starmie|19/100|[from] Stealth Rock
|turn|26
|
|t:|1744619275
|switch|p2a: Jirachi|Jirachi|100/100
|move|p1a: Starmie|Rapid Spin|p2a: Jirachi
|-resisted|p2a: Jirachi
|-damage|p2a: Jirachi|99/100
|-sideend|p1: baixiaohen|Stealth Rock|[from] move: Rapid Spin|[of] p1a: Starmie
|
|-weather|RainDance|[upkeep]
|upkeep
|turn|27
|-message|baixiaohen forfeited.
|
|win|cdrgcde
|raw|baixiaohen's rating: 1329 &rarr; <strong>1314</strong><br />(-15 for losing)
|raw|cdrgcde's rating: 1412 &rarr; <strong>1427</strong><br />(+15 for winning)
|l|‽baixiaohen
|player|p1|
