|j|☆HANMA JACK
|j|☆aioso
|t:|1735454715
|gametype|singles
|player|p1|HANMA JACK|#phosphor|1616
|player|p2|aioso|266|1478
|teamsize|p1|6
|teamsize|p2|6
|gen|5
|tier|[Gen 5] OU
|rated|
|rule|Species Clause: Limit one of each Pokémon
|rule|OHKO Clause: OHKO moves are banned
|rule|Moody Clause: Moody is banned
|rule|Evasion Items Clause: Evasion items are banned
|rule|Evasion Moves Clause: Evasion moves are banned
|rule|Endless Battle Clause: Forcing endless battles is banned
|rule|HP Percentage Mod: HP is shown in percentages
|rule|Evasion Abilities Clause: Evasion abilities are banned
|rule|Sleep Moves Clause: Sleep-inducing moves are banned
|rule|Swagger Clause: Swagger is banned
|rule|Baton Pass Stat Clause: No Baton Passer may have a way to boost its stats
|clearpoke
|poke|p1|Tyranitar, F|item
|poke|p1|Ferrothorn, M|item
|poke|p1|Landorus-Therian, M|item
|poke|p1|Excadrill, M|item
|poke|p1|Keldeo-Resolute|item
|poke|p1|Latias, F|item
|poke|p2|Abomasnow, M|item
|poke|p2|Forretress, F|item
|poke|p2|Blissey, F|item
|poke|p2|Weavile, F|item
|poke|p2|Dragonite, F|item
|poke|p2|Alakazam, M|item
|teampreview
|c|☆HANMA JACK|gl hf
|
|t:|1735454736
|start
|switch|p1a: Ferrothorn|Ferrothorn, M|100/100
|switch|p2a: Forretress|Forretress, F|100/100
|turn|1
|
|t:|1735454755
|move|p2a: Forretress|Spikes|p1a: Ferrothorn
|-sidestart|p1: HANMA JACK|Spikes
|move|p1a: Ferrothorn|Stealth Rock|p2a: Forretress
|-sidestart|p2: aioso|move: Stealth Rock
|
|upkeep
|turn|2
|
|t:|1735454766
|switch|p1a: Landorus|Landorus-Therian, M|100/100
|-ability|p1a: Landorus|Intimidate|boost
|-unboost|p2a: Forretress|atk|1
|move|p2a: Forretress|Zap Cannon|p1a: Landorus
|-immune|p1a: Landorus
|
|upkeep
|turn|3
|
|t:|1735454769
|move|p1a: Landorus|Swords Dance|p1a: Landorus
|-boost|p1a: Landorus|atk|2
|move|p2a: Forretress|Rapid Spin|p1a: Landorus
|-damage|p1a: Landorus|98/100
|-sideend|p2: aioso|Stealth Rock|[from] move: Rapid Spin|[of] p2a: Forretress
|
|upkeep
|turn|4
|
|t:|1735454773
|move|p1a: Landorus|Swords Dance|p1a: Landorus
|-boost|p1a: Landorus|atk|2
|move|p2a: Forretress|Hidden Power|p1a: Landorus
|-supereffective|p1a: Landorus
|-enditem|p1a: Landorus|Yache Berry|[eat]
|-enditem|p1a: Landorus|Yache Berry|[weaken]
|-damage|p1a: Landorus|66/100
|
|upkeep
|turn|5
|
|t:|1735454783
|switch|p2a: Abomasnow|Abomasnow, M|100/100
|-weather|Hail|[from] ability: Snow Warning|[of] p2a: Abomasnow
|move|p1a: Landorus|Earthquake|p2a: Abomasnow
|-resisted|p2a: Abomasnow
|-damage|p2a: Abomasnow|6/100
|
|-weather|Hail|[upkeep]
|-damage|p1a: Landorus|60/100|[from] Hail
|-heal|p2a: Abomasnow|12/100|[from] item: Leftovers
|upkeep
|turn|6
|
|t:|1735454800
|switch|p1a: Tyranitar|Tyranitar, F|100/100
|-damage|p1a: Tyranitar|88/100|[from] Spikes
|-weather|Sandstorm|[from] ability: Sand Stream|[of] p1a: Tyranitar
|move|p2a: Abomasnow|Blizzard|p1a: Tyranitar|[miss]
|-miss|p2a: Abomasnow|p1a: Tyranitar
|
|-weather|Sandstorm|[upkeep]
|-damage|p2a: Abomasnow|6/100|[from] Sandstorm
|-heal|p2a: Abomasnow|12/100|[from] item: Leftovers
|upkeep
|turn|7
|
|t:|1735454810
|switch|p1a: Ferrothorn|Ferrothorn, M|100/100
|-damage|p1a: Ferrothorn|88/100|[from] Spikes
|move|p2a: Abomasnow|Giga Drain|p1a: Ferrothorn
|-resisted|p1a: Ferrothorn
|-damage|p1a: Ferrothorn|83/100
|-heal|p2a: Abomasnow|14/100|[from] drain|[of] p1a: Ferrothorn
|
|-weather|Sandstorm|[upkeep]
|-damage|p2a: Abomasnow|8/100|[from] Sandstorm
|-heal|p2a: Abomasnow|14/100|[from] item: Leftovers
|upkeep
|turn|8
|
|t:|1735454820
|move|p2a: Abomasnow|Blizzard|p1a: Ferrothorn|[miss]
|-miss|p2a: Abomasnow|p1a: Ferrothorn
|move|p1a: Ferrothorn|Gyro Ball|p2a: Abomasnow
|-supereffective|p2a: Abomasnow
|-damage|p2a: Abomasnow|0 fnt
|faint|p2a: Abomasnow
|
|-weather|Sandstorm|[upkeep]
|upkeep
|j|+Mr. Aldo
|
|t:|1735454824
|switch|p2a: Alakazam|Alakazam, M|100/100
|turn|9
|l|+Mr. Aldo
|
|t:|1735454831
|move|p2a: Alakazam|Hidden Power|p1a: Ferrothorn
|-supereffective|p1a: Ferrothorn
|-damage|p1a: Ferrothorn|2/100
|move|p1a: Ferrothorn|Gyro Ball|p2a: Alakazam
|-damage|p2a: Alakazam|0 fnt
|faint|p2a: Alakazam
|
|-weather|Sandstorm|[upkeep]
|upkeep
|
|t:|1735454841
|switch|p2a: Weavile|Weavile, F|100/100
|-ability|p2a: Weavile|Pressure
|turn|10
|
|t:|1735454845
|move|p2a: Weavile|Ice Shard|p1a: Ferrothorn
|-damage|p1a: Ferrothorn|0 fnt
|faint|p1a: Ferrothorn
|
|-weather|Sandstorm|[upkeep]
|-damage|p2a: Weavile|94/100|[from] Sandstorm
|-heal|p2a: Weavile|100/100|[from] item: Leftovers
|upkeep
|
|t:|1735454854
|switch|p1a: Keldeo|Keldeo-Resolute|100/100
|-item|p1a: Keldeo|Air Balloon
|turn|11
|
|t:|1735454861
|switch|p2a: Dragonite|Dragonite, F|100/100
|move|p1a: Keldeo|Scald|p2a: Dragonite
|-resisted|p2a: Dragonite
|-damage|p2a: Dragonite|93/100
|
|-weather|Sandstorm|[upkeep]
|-damage|p1a: Keldeo|94/100|[from] Sandstorm
|-damage|p2a: Dragonite|87/100|[from] Sandstorm
|-heal|p2a: Dragonite|93/100|[from] item: Leftovers
|upkeep
|turn|12
|
|t:|1735454866
|switch|p2a: Blissey|Blissey, F|100/100
|move|p1a: Keldeo|Hidden Power|p2a: Blissey
|-damage|p2a: Blissey|91/100
|
|-weather|Sandstorm|[upkeep]
|-damage|p1a: Keldeo|88/100|[from] Sandstorm
|-damage|p2a: Blissey|85/100|[from] Sandstorm
|-heal|p2a: Blissey|91/100|[from] item: Leftovers
|upkeep
|turn|13
|
|t:|1735454874
|move|p1a: Keldeo|Secret Sword|p2a: Blissey
|-supereffective|p2a: Blissey
|-damage|p2a: Blissey|16/100
|move|p2a: Blissey|Thunder Wave|p1a: Keldeo
|-status|p1a: Keldeo|par
|
|-weather|Sandstorm|[upkeep]
|-damage|p2a: Blissey|10/100|[from] Sandstorm
|-damage|p1a: Keldeo|82/100 par|[from] Sandstorm
|-heal|p2a: Blissey|16/100|[from] item: Leftovers
|upkeep
|turn|14
|
|t:|1735454880
|move|p2a: Blissey|Stealth Rock|p1a: Keldeo
|-sidestart|p1: HANMA JACK|move: Stealth Rock
|move|p1a: Keldeo|Secret Sword|p2a: Blissey
|-supereffective|p2a: Blissey
|-damage|p2a: Blissey|0 fnt
|faint|p2a: Blissey
|
|-weather|Sandstorm|[upkeep]
|-damage|p1a: Keldeo|76/100 par|[from] Sandstorm
|upkeep
|
|t:|1735454888
|switch|p2a: Dragonite|Dragonite, F|93/100
|turn|15
|
|t:|1735454894
|switch|p1a: Landorus|Landorus-Therian, M|60/100
|-damage|p1a: Landorus|48/100|[from] Stealth Rock
|-ability|p1a: Landorus|Intimidate|boost
|-unboost|p2a: Dragonite|atk|1
|move|p2a: Dragonite|Substitute|p2a: Dragonite
|-start|p2a: Dragonite|Substitute
|-damage|p2a: Dragonite|68/100
|
|-weather|Sandstorm|[upkeep]
|-damage|p2a: Dragonite|62/100|[from] Sandstorm
|-heal|p2a: Dragonite|68/100|[from] item: Leftovers
|upkeep
|turn|16
|
|t:|1735454897
|move|p1a: Landorus|Hidden Power|p2a: Dragonite
|-supereffective|p2a: Dragonite
|-crit|p2a: Dragonite
|-end|p2a: Dragonite|Substitute
|move|p2a: Dragonite|Dragon Dance|p2a: Dragonite
|-boost|p2a: Dragonite|atk|1
|-boost|p2a: Dragonite|spe|1
|
|-weather|Sandstorm|[upkeep]
|-damage|p2a: Dragonite|62/100|[from] Sandstorm
|-heal|p2a: Dragonite|68/100|[from] item: Leftovers
|upkeep
|turn|17
|
|t:|1735454903
|move|p2a: Dragonite|Roost|p2a: Dragonite
|-heal|p2a: Dragonite|100/100
|-singleturn|p2a: Dragonite|move: Roost
|move|p1a: Landorus|Hidden Power|p2a: Dragonite
|-supereffective|p2a: Dragonite
|-damage|p2a: Dragonite|87/100
|
|-weather|Sandstorm|[upkeep]
|-damage|p2a: Dragonite|81/100|[from] Sandstorm
|-heal|p2a: Dragonite|87/100|[from] item: Leftovers
|upkeep
|turn|18
|
|t:|1735454912
|move|p2a: Dragonite|Substitute|p2a: Dragonite
|-start|p2a: Dragonite|Substitute
|-damage|p2a: Dragonite|62/100
|move|p1a: Landorus|Hidden Power|p2a: Dragonite
|-supereffective|p2a: Dragonite
|-crit|p2a: Dragonite
|-end|p2a: Dragonite|Substitute
|
|-weather|Sandstorm|[upkeep]
|-damage|p2a: Dragonite|56/100|[from] Sandstorm
|-heal|p2a: Dragonite|62/100|[from] item: Leftovers
|upkeep
|turn|19
|
|t:|1735454932
|switch|p1a: Tyranitar|Tyranitar, F|88/100
|-damage|p1a: Tyranitar|76/100|[from] Spikes
|-damage|p1a: Tyranitar|63/100|[from] Stealth Rock
|move|p2a: Dragonite|Roost|p2a: Dragonite
|-heal|p2a: Dragonite|100/100
|-singleturn|p2a: Dragonite|move: Roost
|
|-weather|Sandstorm|[upkeep]
|-damage|p2a: Dragonite|94/100|[from] Sandstorm
|-heal|p2a: Dragonite|100/100|[from] item: Leftovers
|upkeep
|turn|20
|
|t:|1735454946
|move|p2a: Dragonite|Dragon Claw|p1a: Tyranitar
|-damage|p1a: Tyranitar|36/100
|move|p1a: Tyranitar|Ice Beam|p2a: Dragonite
|-supereffective|p2a: Dragonite
|-damage|p2a: Dragonite|64/100
|
|-weather|Sandstorm|[upkeep]
|-damage|p2a: Dragonite|58/100|[from] Sandstorm
|-heal|p2a: Dragonite|64/100|[from] item: Leftovers
|upkeep
|turn|21
|
|t:|1735454957
|switch|p2a: Forretress|Forretress, F|100/100
|move|p1a: Tyranitar|Ice Beam|p2a: Forretress
|-resisted|p2a: Forretress
|-damage|p2a: Forretress|84/100
|
|-weather|Sandstorm|[upkeep]
|-heal|p2a: Forretress|90/100|[from] item: Leftovers
|upkeep
|turn|22
|
|t:|1735454962
|move|p1a: Tyranitar|Fire Blast|p2a: Forretress
|-supereffective|p2a: Forretress
|-damage|p2a: Forretress|0 fnt
|faint|p2a: Forretress
|
|-weather|Sandstorm|[upkeep]
|upkeep
|
|t:|1735454964
|switch|p2a: Weavile|Weavile, F|100/100
|-ability|p2a: Weavile|Pressure
|turn|23
|
|t:|1735454970
|move|p2a: Weavile|Swords Dance|p2a: Weavile
|-boost|p2a: Weavile|atk|2
|move|p1a: Tyranitar|Fire Blast|p2a: Weavile
|-supereffective|p2a: Weavile
|-damage|p2a: Weavile|21/100
|
|-weather|Sandstorm|[upkeep]
|-damage|p2a: Weavile|15/100|[from] Sandstorm
|-heal|p2a: Weavile|21/100|[from] item: Leftovers
|upkeep
|turn|24
|
|t:|1735454977
|move|p2a: Weavile|Low Kick|p1a: Tyranitar
|-supereffective|p1a: Tyranitar
|-enditem|p1a: Tyranitar|Chople Berry|[eat]
|-enditem|p1a: Tyranitar|Chople Berry|[weaken]
|-damage|p1a: Tyranitar|0 fnt
|faint|p1a: Tyranitar
|
|-weather|Sandstorm|[upkeep]
|-damage|p2a: Weavile|15/100|[from] Sandstorm
|-heal|p2a: Weavile|21/100|[from] item: Leftovers
|upkeep
|
|t:|1735454988
|switch|p1a: Excadrill|Excadrill, M|100/100
|-damage|p1a: Excadrill|88/100|[from] Spikes
|-damage|p1a: Excadrill|85/100|[from] Stealth Rock
|turn|25
|
|t:|1735454993
|move|p1a: Excadrill|Iron Head|p2a: Weavile
|-supereffective|p2a: Weavile
|-damage|p2a: Weavile|0 fnt
|faint|p2a: Weavile
|
|-weather|Sandstorm|[upkeep]
|upkeep
|
|t:|1735454995
|switch|p2a: Dragonite|Dragonite, F|64/100
|turn|26
|
|t:|1735454998
|move|p1a: Excadrill|Iron Head|p2a: Dragonite
|-damage|p2a: Dragonite|12/100
|move|p2a: Dragonite|Dragon Dance|p2a: Dragonite
|-boost|p2a: Dragonite|atk|1
|-boost|p2a: Dragonite|spe|1
|
|-weather|Sandstorm|[upkeep]
|-damage|p2a: Dragonite|6/100|[from] Sandstorm
|-heal|p2a: Dragonite|12/100|[from] item: Leftovers
|upkeep
|turn|27
|
|t:|1735455002
|move|p1a: Excadrill|Iron Head|p2a: Dragonite
|-crit|p2a: Dragonite
|-damage|p2a: Dragonite|0 fnt
|faint|p2a: Dragonite
|
|win|HANMA JACK
|raw|HANMA JACK's rating: 1616 &rarr; <strong>1628</strong><br />(+12 for winning)
|raw|aioso's rating: 1478 &rarr; <strong>1466</strong><br />(-12 for losing)
|c|☆HANMA JACK|gg
