|j|☆Salutethewolf
|j|☆baixiaohen
|t:|1746543498
|gametype|singles
|player|p1|Salutethewolf|hugh|1387
|player|p2|baixiaohen|n|1460
|teamsize|p1|6
|teamsize|p2|6
|gen|5
|tier|[Gen 5] OU
|rated|
|rule|Species Clause: Limit one of each Pokémon
|rule|OHKO Clause: OHKO moves are banned
|rule|Moody Clause: Moody is banned
|rule|Evasion Items Clause: Evasion items are banned
|rule|Evasion Moves Clause: Evasion moves are banned
|rule|Endless Battle Clause: Forcing endless battles is banned
|rule|HP Percentage Mod: HP is shown in percentages
|rule|Evasion Abilities Clause: Evasion abilities are banned
|rule|Sleep Moves Clause: Sleep-inducing moves are banned
|rule|Swagger Clause: Swagger is banned
|rule|Baton Pass Stat Clause: No Baton Passer may have a way to boost its stats
|clearpoke
|poke|p1|Politoed, M|item
|poke|p1|Breloom, M|item
|poke|p1|Chansey, F|item
|poke|p1|Skarmory, F|item
|poke|p1|Tentacruel, F|item
|poke|p1|Gliscor, M|item
|poke|p2|Skarmory, F|item
|poke|p2|Tentacruel, F|item
|poke|p2|Chansey, F|item
|poke|p2|Gliscor, M|item
|poke|p2|Jellicent, F|item
|poke|p2|Quagsire, M|item
|teampreview
|inactive|Battle timer is ON: inactive players will automatically lose when time's up. (requested by Salutethewolf)
|inactive|baixiaohen also wants the timer to be on.
|
|t:|1746543515
|start
|switch|p1a: Skarmory|Skarmory, F|100/100
|switch|p2a: Skarmory|Skarmory, F|100/100
|turn|1
|
|t:|1746543524
|move|p2a: Skarmory|Stealth Rock|p1a: Skarmory
|-sidestart|p1: Salutethewolf|move: Stealth Rock
|move|p1a: Skarmory|Spikes|p2a: Skarmory
|-sidestart|p2: baixiaohen|Spikes
|
|upkeep
|turn|2
|
|t:|1746543530
|move|p1a: Skarmory|Spikes|p2a: Skarmory
|-sidestart|p2: baixiaohen|Spikes
|move|p2a: Skarmory|Spikes|p1a: Skarmory
|-sidestart|p1: Salutethewolf|Spikes
|
|upkeep
|turn|3
|
|t:|1746543535
|move|p1a: Skarmory|Spikes|p2a: Skarmory
|-sidestart|p2: baixiaohen|Spikes
|move|p2a: Skarmory|Spikes|p1a: Skarmory
|-sidestart|p1: Salutethewolf|Spikes
|
|upkeep
|turn|4
|
|t:|1746543544
|switch|p1a: Politoed|Politoed, M|100/100
|-damage|p1a: Politoed|88/100|[from] Stealth Rock
|-damage|p1a: Politoed|71/100|[from] Spikes
|-weather|RainDance|[from] ability: Drizzle|[of] p1a: Politoed
|move|p2a: Skarmory|Brave Bird|p1a: Politoed
|-damage|p1a: Politoed|31/100
|-damage|p2a: Skarmory|85/100|[from] Recoil
|
|-weather|RainDance|[upkeep]
|-heal|p1a: Politoed|37/100|[from] item: Leftovers
|upkeep
|turn|5
|
|t:|1746543557
|switch|p2a: Tentacruel|Tentacruel, F|100/100
|-damage|p2a: Tentacruel|75/100|[from] Spikes
|move|p1a: Politoed|Protect||[still]
|-fail|p1a: Politoed
|
|-weather|RainDance|[upkeep]
|-heal|p2a: Tentacruel|82/100|[from] item: Black Sludge
|-heal|p1a: Politoed|43/100|[from] item: Leftovers
|upkeep
|turn|6
|
|t:|1746543570
|switch|p1a: Tentacruel|Tentacruel, F|100/100
|-damage|p1a: Tentacruel|88/100|[from] Stealth Rock
|-damage|p1a: Tentacruel|72/100|[from] Spikes
|move|p2a: Tentacruel|Rapid Spin|p1a: Tentacruel
|-damage|p1a: Tentacruel|68/100
|-sideend|p2: baixiaohen|Spikes|[from] move: Rapid Spin|[of] p2a: Tentacruel
|
|-weather|RainDance|[upkeep]
|-heal|p1a: Tentacruel|74/100|[from] ability: Rain Dish
|-heal|p2a: Tentacruel|88/100|[from] item: Black Sludge
|-heal|p1a: Tentacruel|80/100|[from] item: Black Sludge
|upkeep
|turn|7
|
|t:|1746543584
|switch|p2a: Jellicent|Jellicent, F|100/100
|move|p1a: Tentacruel|Toxic Spikes|p2a: Jellicent
|-sidestart|p2: baixiaohen|move: Toxic Spikes
|
|-weather|RainDance|[upkeep]
|-heal|p1a: Tentacruel|86/100|[from] ability: Rain Dish
|-heal|p1a: Tentacruel|92/100|[from] item: Black Sludge
|upkeep
|turn|8
|
|t:|1746543597
|move|p1a: Tentacruel|Protect|p1a: Tentacruel
|-singleturn|p1a: Tentacruel|Protect
|move|p2a: Jellicent|Will-O-Wisp|p1a: Tentacruel
|-activate|p1a: Tentacruel|move: Protect
|
|-weather|RainDance|[upkeep]
|-heal|p1a: Tentacruel|98/100|[from] ability: Rain Dish
|-heal|p1a: Tentacruel|100/100|[from] item: Black Sludge
|upkeep
|turn|9
|
|t:|1746543610
|switch|p1a: Chansey|Chansey, F|100/100
|-damage|p1a: Chansey|88/100|[from] Stealth Rock
|-damage|p1a: Chansey|71/100|[from] Spikes
|move|p2a: Jellicent|Will-O-Wisp|p1a: Chansey|[miss]
|-miss|p2a: Jellicent|p1a: Chansey
|
|-weather|RainDance|[upkeep]
|upkeep
|turn|10
|
|t:|1746543621
|move|p2a: Jellicent|Taunt|p1a: Chansey
|-start|p1a: Chansey|move: Taunt
|cant|p1a: Chansey|move: Taunt|Stealth Rock
|
|-weather|RainDance|[upkeep]
|upkeep
|turn|11
|
|t:|1746543633
|switch|p1a: Breloom|Breloom, M|100/100
|-damage|p1a: Breloom|94/100|[from] Stealth Rock
|-damage|p1a: Breloom|78/100|[from] Spikes
|move|p2a: Jellicent|Will-O-Wisp|p1a: Breloom|[miss]
|-miss|p2a: Jellicent|p1a: Breloom
|
|-weather|RainDance|[upkeep]
|-status|p1a: Breloom|tox|[from] item: Toxic Orb
|upkeep
|turn|12
|
|t:|1746543645
|switch|p2a: Skarmory|Skarmory, F|85/100
|move|p1a: Breloom|Substitute|p1a: Breloom
|-start|p1a: Breloom|Substitute
|-damage|p1a: Breloom|53/100 tox
|
|-weather|RainDance|[upkeep]
|-heal|p1a: Breloom|65/100 tox|[from] ability: Poison Heal
|upkeep
|turn|13
|
|t:|1746543654
|-singleturn|p1a: Breloom|move: Focus Punch
|move|p2a: Skarmory|Spikes|p1a: Breloom
|-sidestart|p1: Salutethewolf|Spikes
|move|p1a: Breloom|Focus Punch|p2a: Skarmory
|-damage|p2a: Skarmory|46/100
|-damage|p1a: Breloom|48/100 tox|[from] item: Rocky Helmet|[of] p2a: Skarmory
|
|-weather|RainDance|[upkeep]
|-heal|p1a: Breloom|61/100 tox|[from] ability: Poison Heal
|upkeep
|turn|14
|
|t:|1746543666
|-singleturn|p1a: Breloom|move: Focus Punch
|move|p2a: Skarmory|Roost|p2a: Skarmory
|-heal|p2a: Skarmory|96/100
|-singleturn|p2a: Skarmory|move: Roost
|move|p1a: Breloom|Focus Punch|p2a: Skarmory
|-supereffective|p2a: Skarmory
|-damage|p2a: Skarmory|19/100
|-damage|p1a: Breloom|44/100 tox|[from] item: Rocky Helmet|[of] p2a: Skarmory
|
|-weather|RainDance|[upkeep]
|-heal|p1a: Breloom|56/100 tox|[from] ability: Poison Heal
|upkeep
|turn|15
|
|t:|1746543679
|switch|p2a: Tentacruel|Tentacruel, F|88/100
|-sideend|p2: baixiaohen|move: Toxic Spikes|[of] p2a: Tentacruel
|-singleturn|p1a: Breloom|move: Focus Punch
|move|p1a: Breloom|Focus Punch|p2a: Tentacruel
|-resisted|p2a: Tentacruel
|-damage|p2a: Tentacruel|47/100
|
|-weather|RainDance|[upkeep]
|-heal|p2a: Tentacruel|53/100|[from] item: Black Sludge
|-heal|p1a: Breloom|69/100 tox|[from] ability: Poison Heal
|upkeep
|turn|16
|
|t:|1746543691
|switch|p2a: Gliscor|Gliscor, M|100/100
|move|p1a: Breloom|Seed Bomb|p2a: Gliscor
|-damage|p2a: Gliscor|76/100
|
|-weather|RainDance|[upkeep]
|-heal|p1a: Breloom|81/100 tox|[from] ability: Poison Heal
|-status|p2a: Gliscor|tox|[from] item: Toxic Orb
|upkeep
|turn|17
|
|t:|1746543701
|move|p2a: Gliscor|Protect|p2a: Gliscor
|-singleturn|p2a: Gliscor|Protect
|move|p1a: Breloom|Bulk Up|p1a: Breloom
|-boost|p1a: Breloom|atk|1
|-boost|p1a: Breloom|def|1
|
|-weather|RainDance|[upkeep]
|-heal|p2a: Gliscor|88/100 tox|[from] ability: Poison Heal
|-heal|p1a: Breloom|93/100 tox|[from] ability: Poison Heal
|upkeep
|turn|18
|
|t:|1746543721
|move|p2a: Gliscor|Substitute|p2a: Gliscor
|-start|p2a: Gliscor|Substitute
|-damage|p2a: Gliscor|63/100 tox
|move|p1a: Breloom|Bulk Up|p1a: Breloom
|-boost|p1a: Breloom|atk|1
|-boost|p1a: Breloom|def|1
|
|-weather|RainDance|[upkeep]
|-heal|p2a: Gliscor|76/100 tox|[from] ability: Poison Heal
|-heal|p1a: Breloom|100/100 tox|[from] ability: Poison Heal
|upkeep
|turn|19
|
|t:|1746543732
|-singleturn|p1a: Breloom|move: Focus Punch
|move|p2a: Gliscor|Protect|p2a: Gliscor
|-singleturn|p2a: Gliscor|Protect
|move|p1a: Breloom|Focus Punch|p2a: Gliscor
|-activate|p2a: Gliscor|move: Protect
|
|-weather|RainDance|[upkeep]
|-heal|p2a: Gliscor|88/100 tox|[from] ability: Poison Heal
|upkeep
|turn|20
|
|t:|1746543745
|move|p2a: Gliscor|Earthquake|p1a: Breloom
|-resisted|p1a: Breloom
|-activate|p1a: Breloom|Substitute|[damage]
|move|p1a: Breloom|Seed Bomb|p2a: Gliscor
|-end|p2a: Gliscor|Substitute
|
|-weather|RainDance|[upkeep]
|-heal|p2a: Gliscor|100/100 tox|[from] ability: Poison Heal
|upkeep
|turn|21
|
|t:|1746543756
|move|p2a: Gliscor|Substitute|p2a: Gliscor
|-start|p2a: Gliscor|Substitute
|-damage|p2a: Gliscor|76/100 tox
|move|p1a: Breloom|Bulk Up|p1a: Breloom
|-boost|p1a: Breloom|atk|1
|-boost|p1a: Breloom|def|1
|
|-weather|RainDance|[upkeep]
|-heal|p2a: Gliscor|88/100 tox|[from] ability: Poison Heal
|upkeep
|turn|22
|
|t:|1746543766
|move|p2a: Gliscor|Earthquake|p1a: Breloom
|-resisted|p1a: Breloom
|-activate|p1a: Breloom|Substitute|[damage]
|move|p1a: Breloom|Seed Bomb|p2a: Gliscor
|-end|p2a: Gliscor|Substitute
|
|-weather|RainDance|[upkeep]
|-heal|p2a: Gliscor|100/100 tox|[from] ability: Poison Heal
|upkeep
|turn|23
|
|t:|1746543777
|move|p2a: Gliscor|Substitute|p2a: Gliscor
|-start|p2a: Gliscor|Substitute
|-damage|p2a: Gliscor|76/100 tox
|move|p1a: Breloom|Bulk Up|p1a: Breloom
|-boost|p1a: Breloom|atk|1
|-boost|p1a: Breloom|def|1
|
|-weather|RainDance|[upkeep]
|-heal|p2a: Gliscor|88/100 tox|[from] ability: Poison Heal
|upkeep
|turn|24
|
|t:|1746543788
|move|p2a: Gliscor|Protect|p2a: Gliscor
|-singleturn|p2a: Gliscor|Protect
|move|p1a: Breloom|Seed Bomb|p2a: Gliscor
|-activate|p2a: Gliscor|move: Protect
|
|-weather|RainDance|[upkeep]
|-heal|p2a: Gliscor|100/100 tox|[from] ability: Poison Heal
|upkeep
|turn|25
|j| bxh yy cy
|
|t:|1746543797
|move|p2a: Gliscor|Substitute|p2a: Gliscor
|-fail|p2a: Gliscor|move: Substitute
|move|p1a: Breloom|Bulk Up|p1a: Breloom
|-boost|p1a: Breloom|atk|1
|-boost|p1a: Breloom|def|1
|
|-weather|RainDance|[upkeep]
|upkeep
|turn|26
|
|t:|1746543806
|move|p2a: Gliscor|Earthquake|p1a: Breloom
|-resisted|p1a: Breloom
|-activate|p1a: Breloom|Substitute|[damage]
|move|p1a: Breloom|Bulk Up|p1a: Breloom
|-boost|p1a: Breloom|atk|1
|-boost|p1a: Breloom|def|1
|
|-weather|RainDance|[upkeep]
|upkeep
|turn|27
|
|t:|1746543816
|move|p2a: Gliscor|Protect|p2a: Gliscor
|-singleturn|p2a: Gliscor|Protect
|move|p1a: Breloom|Bulk Up|p1a: Breloom
|-boost|p1a: Breloom|atk|0
|-boost|p1a: Breloom|def|0
|
|-weather|RainDance|[upkeep]
|upkeep
|turn|28
|
|t:|1746543826
|move|p2a: Gliscor|Earthquake|p1a: Breloom
|-resisted|p1a: Breloom
|-activate|p1a: Breloom|Substitute|[damage]
|move|p1a: Breloom|Seed Bomb|p2a: Gliscor
|-end|p2a: Gliscor|Substitute
|
|-weather|RainDance|[upkeep]
|upkeep
|turn|29
|
|t:|1746543836
|move|p2a: Gliscor|Protect|p2a: Gliscor
|-singleturn|p2a: Gliscor|Protect
|move|p1a: Breloom|Seed Bomb|p2a: Gliscor
|-activate|p2a: Gliscor|move: Protect
|
|-weather|RainDance|[upkeep]
|upkeep
|turn|30
|
|t:|1746543847
|-singleturn|p1a: Breloom|move: Focus Punch
|move|p2a: Gliscor|Substitute|p2a: Gliscor
|-start|p2a: Gliscor|Substitute
|-damage|p2a: Gliscor|76/100 tox
|move|p1a: Breloom|Focus Punch|p2a: Gliscor
|-resisted|p2a: Gliscor
|-crit|p2a: Gliscor
|-end|p2a: Gliscor|Substitute
|
|-weather|RainDance|[upkeep]
|-heal|p2a: Gliscor|88/100 tox|[from] ability: Poison Heal
|upkeep
|turn|31
|
|t:|1746543859
|move|p2a: Gliscor|Protect|p2a: Gliscor
|-singleturn|p2a: Gliscor|Protect
|move|p1a: Breloom|Bulk Up|p1a: Breloom
|-boost|p1a: Breloom|atk|0
|-boost|p1a: Breloom|def|0
|
|-weather|RainDance|[upkeep]
|-heal|p2a: Gliscor|100/100 tox|[from] ability: Poison Heal
|upkeep
|turn|32
|
|t:|1746543872
|move|p2a: Gliscor|Substitute|p2a: Gliscor
|-start|p2a: Gliscor|Substitute
|-damage|p2a: Gliscor|76/100 tox
|move|p1a: Breloom|Seed Bomb|p2a: Gliscor
|-end|p2a: Gliscor|Substitute
|
|-weather|RainDance|[upkeep]
|-heal|p2a: Gliscor|88/100 tox|[from] ability: Poison Heal
|upkeep
|turn|33
|
|t:|1746543883
|move|p2a: Gliscor|Protect|p2a: Gliscor
|-singleturn|p2a: Gliscor|Protect
|move|p1a: Breloom|Bulk Up|p1a: Breloom
|-boost|p1a: Breloom|atk|0
|-boost|p1a: Breloom|def|0
|
|-weather|RainDance|[upkeep]
|-heal|p2a: Gliscor|100/100 tox|[from] ability: Poison Heal
|upkeep
|turn|34
|
|t:|1746543892
|move|p2a: Gliscor|Substitute|p2a: Gliscor
|-start|p2a: Gliscor|Substitute
|-damage|p2a: Gliscor|76/100 tox
|move|p1a: Breloom|Seed Bomb|p2a: Gliscor
|-end|p2a: Gliscor|Substitute
|
|-weather|RainDance|[upkeep]
|-heal|p2a: Gliscor|88/100 tox|[from] ability: Poison Heal
|upkeep
|turn|35
|
|t:|1746543902
|-singleturn|p1a: Breloom|move: Focus Punch
|move|p2a: Gliscor|Protect|p2a: Gliscor
|-singleturn|p2a: Gliscor|Protect
|move|p1a: Breloom|Focus Punch|p2a: Gliscor
|-activate|p2a: Gliscor|move: Protect
|
|-weather|RainDance|[upkeep]
|-heal|p2a: Gliscor|100/100 tox|[from] ability: Poison Heal
|upkeep
|turn|36
|
|t:|1746543915
|-singleturn|p1a: Breloom|move: Focus Punch
|move|p2a: Gliscor|Substitute|p2a: Gliscor
|-start|p2a: Gliscor|Substitute
|-damage|p2a: Gliscor|76/100 tox
|move|p1a: Breloom|Focus Punch|p2a: Gliscor
|-resisted|p2a: Gliscor
|-end|p2a: Gliscor|Substitute
|
|-weather|RainDance|[upkeep]
|-heal|p2a: Gliscor|88/100 tox|[from] ability: Poison Heal
|upkeep
|turn|37
|j| 99fromkyogrespecs
|
|t:|1746543927
|move|p2a: Gliscor|Protect|p2a: Gliscor
|-singleturn|p2a: Gliscor|Protect
|move|p1a: Breloom|Bulk Up|p1a: Breloom
|-boost|p1a: Breloom|atk|0
|-boost|p1a: Breloom|def|0
|
|-weather|RainDance|[upkeep]
|-heal|p2a: Gliscor|100/100 tox|[from] ability: Poison Heal
|upkeep
|turn|38
|
|t:|1746543938
|-singleturn|p1a: Breloom|move: Focus Punch
|move|p2a: Gliscor|Substitute|p2a: Gliscor
|-start|p2a: Gliscor|Substitute
|-damage|p2a: Gliscor|76/100 tox
|move|p1a: Breloom|Focus Punch|p2a: Gliscor
|-resisted|p2a: Gliscor
|-end|p2a: Gliscor|Substitute
|
|-weather|RainDance|[upkeep]
|-heal|p2a: Gliscor|88/100 tox|[from] ability: Poison Heal
|upkeep
|turn|39
|
|t:|1746543950
|move|p2a: Gliscor|Substitute|p2a: Gliscor
|-start|p2a: Gliscor|Substitute
|-damage|p2a: Gliscor|63/100 tox
|move|p1a: Breloom|Bulk Up|p1a: Breloom
|-boost|p1a: Breloom|atk|0
|-boost|p1a: Breloom|def|0
|
|-weather|RainDance|[upkeep]
|-heal|p2a: Gliscor|76/100 tox|[from] ability: Poison Heal
|upkeep
|turn|40
|
|t:|1746543960
|move|p2a: Gliscor|Protect|p2a: Gliscor
|-singleturn|p2a: Gliscor|Protect
|move|p1a: Breloom|Bulk Up|p1a: Breloom
|-boost|p1a: Breloom|atk|0
|-boost|p1a: Breloom|def|0
|
|-weather|RainDance|[upkeep]
|-heal|p2a: Gliscor|88/100 tox|[from] ability: Poison Heal
|upkeep
|turn|41
|
|t:|1746543971
|-singleturn|p1a: Breloom|move: Focus Punch
|move|p2a: Gliscor|Protect||[still]
|-fail|p2a: Gliscor
|move|p1a: Breloom|Focus Punch|p2a: Gliscor
|-resisted|p2a: Gliscor
|-crit|p2a: Gliscor
|-end|p2a: Gliscor|Substitute
|
|-weather|RainDance|[upkeep]
|-heal|p2a: Gliscor|100/100 tox|[from] ability: Poison Heal
|upkeep
|turn|42
|
|t:|1746543984
|move|p2a: Gliscor|Substitute|p2a: Gliscor
|-start|p2a: Gliscor|Substitute
|-damage|p2a: Gliscor|76/100 tox
|move|p1a: Breloom|Bulk Up|p1a: Breloom
|-boost|p1a: Breloom|atk|0
|-boost|p1a: Breloom|def|0
|
|-weather|RainDance|[upkeep]
|-heal|p2a: Gliscor|88/100 tox|[from] ability: Poison Heal
|upkeep
|turn|43
|
|t:|1746543997
|move|p2a: Gliscor|Protect|p2a: Gliscor
|-singleturn|p2a: Gliscor|Protect
|move|p1a: Breloom|Bulk Up|p1a: Breloom
|-boost|p1a: Breloom|atk|0
|-boost|p1a: Breloom|def|0
|
|-weather|RainDance|[upkeep]
|-heal|p2a: Gliscor|100/100 tox|[from] ability: Poison Heal
|upkeep
|turn|44
|-message|baixiaohen forfeited.
|
|win|Salutethewolf
|raw|Salutethewolf's rating: 1387 &rarr; <strong>1411</strong><br />(+24 for winning)
|raw|baixiaohen's rating: 1460 &rarr; <strong>1436</strong><br />(-24 for losing)
|l|☆baixiaohen
|player|p2|
|l|☆Salutethewolf
|player|p1|
|j|☆Salutethewolf
|player|p1|Salutethewolf|hugh|
