|uhtml|medal-msg|<div class="broadcast-blue">Curious what those medals under the avatar are? PS now has Ladder Seasons! For more information, check out the <a href="https://www.smogon.com/forums/threads/3740067/">thread on Smogon.</a></div>
|uhtml|medal-msg|<div class="broadcast-blue">Curious what those medals under the avatar are? PS now has Ladder Seasons! For more information, check out the <a href="https://www.smogon.com/forums/threads/3740067/">thread on Smogon.</a></div>
|j|☆snof2
|j|☆chomp29
|t:|1713237262
|gametype|singles
|player|p1|snof2|1|1405
|player|p2|chomp29|lucas|1503
|teamsize|p1|6
|teamsize|p2|6
|gen|5
|tier|[Gen 5] OU
|rated|
|rule|Species Clause: Limit one of each Pokémon
|rule|OHKO Clause: OHKO moves are banned
|rule|Moody Clause: Moody is banned
|rule|Evasion Items Clause: Evasion items are banned
|rule|Evasion Moves Clause: Evasion moves are banned
|rule|Endless Battle Clause: Forcing endless battles is banned
|rule|HP Percentage Mod: HP is shown in percentages
|rule|Evasion Abilities Clause: Evasion abilities are banned
|rule|Sleep Moves Clause: Sleep-inducing moves are banned
|rule|Swagger Clause: Swagger is banned
|rule|Baton Pass Stat Clause: No Baton Passer may have a way to boost its stats
|clearpoke
|poke|p1|Politoed, M|item
|poke|p1|Ferrothorn, M|item
|poke|p1|Thundurus-Therian, M|item
|poke|p1|Latios, M|item
|poke|p1|Gengar, F|item
|poke|p1|Keldeo|item
|poke|p2|Donphan, M|item
|poke|p2|Conkeldurr, F|item
|poke|p2|Scizor, M|item
|poke|p2|Dragonite, M|item
|poke|p2|Starmie|item
|poke|p2|Rotom-Wash|item
|teampreview
|inactive|Battle timer is ON: inactive players will automatically lose when time's up. (requested by chomp29)
|
|t:|1713237282
|start
|switch|p1a: Politoed|Politoed, M|100/100
|switch|p2a: Donphan|Donphan, M|100/100
|-weather|RainDance|[from] ability: Drizzle|[of] p1a: Politoed
|turn|1
|
|t:|1713237289
|move|p2a: Donphan|Stealth Rock|p1a: Politoed
|-sidestart|p1: snof2|move: Stealth Rock
|move|p1a: Politoed|Scald|p2a: Donphan
|-supereffective|p2a: Donphan
|-ability|p2a: Donphan|Sturdy
|-damage|p2a: Donphan|1/100
|
|-weather|RainDance|[upkeep]
|upkeep
|turn|2
|-enditem|p2a: Donphan|Custap Berry|[eat]
|-activate|p2a: Donphan|item: Custap Berry|[consumed]
|
|t:|1713237293
|move|p2a: Donphan|Earthquake|p1a: Politoed
|-damage|p1a: Politoed|59/100
|move|p1a: Politoed|Scald|p2a: Donphan
|-supereffective|p2a: Donphan
|-damage|p2a: Donphan|0 fnt
|faint|p2a: Donphan
|
|-weather|RainDance|[upkeep]
|-heal|p1a: Politoed|65/100|[from] item: Leftovers
|upkeep
|
|t:|1713237310
|switch|p2a: Rotom|Rotom-Wash|100/100
|turn|3
|
|t:|1713237315
|move|p1a: Politoed|Protect|p1a: Politoed
|-singleturn|p1a: Politoed|Protect
|move|p2a: Rotom|Volt Switch|p1a: Politoed
|-activate|p1a: Politoed|move: Protect
|
|-weather|RainDance|[upkeep]
|-heal|p1a: Politoed|71/100|[from] item: Leftovers
|upkeep
|turn|4
|
|t:|1713237325
|move|p2a: Rotom|Volt Switch|p1a: Politoed
|-supereffective|p1a: Politoed
|-damage|p1a: Politoed|10/100
|
|t:|1713237340
|switch|p2a: Conkeldurr|Conkeldurr, F|100/100|[from] Volt Switch
|move|p1a: Politoed|Toxic|p2a: Conkeldurr
|-status|p2a: Conkeldurr|tox
|
|-weather|RainDance|[upkeep]
|-heal|p1a: Politoed|17/100|[from] item: Leftovers
|-damage|p2a: Conkeldurr|94/100 tox|[from] psn
|upkeep
|turn|5
|
|t:|1713237349
|move|p1a: Politoed|Protect|p1a: Politoed
|-singleturn|p1a: Politoed|Protect
|move|p2a: Conkeldurr|Mach Punch|p1a: Politoed
|-activate|p1a: Politoed|move: Protect
|
|-weather|RainDance|[upkeep]
|-heal|p1a: Politoed|23/100|[from] item: Leftovers
|-heal|p2a: Conkeldurr|100/100 tox|[from] item: Leftovers
|-damage|p2a: Conkeldurr|88/100 tox|[from] psn
|upkeep
|turn|6
|
|t:|1713237357
|move|p1a: Politoed|Encore|p2a: Conkeldurr
|-start|p2a: Conkeldurr|Encore
|move|p2a: Conkeldurr|Mach Punch|p1a: Politoed
|-damage|p1a: Politoed|0 fnt
|faint|p1a: Politoed
|
|-weather|RainDance|[upkeep]
|-heal|p2a: Conkeldurr|94/100 tox|[from] item: Leftovers
|-damage|p2a: Conkeldurr|76/100 tox|[from] psn
|upkeep
|
|t:|1713237363
|switch|p1a: Gengar|Gengar, F|100/100
|-damage|p1a: Gengar|88/100|[from] Stealth Rock
|turn|7
|
|t:|1713237368
|switch|p2a: Rotom|Rotom-Wash|100/100
|move|p1a: Gengar|Substitute|p1a: Gengar
|-start|p1a: Gengar|Substitute
|-damage|p1a: Gengar|63/100
|
|-weather|RainDance|[upkeep]
|-heal|p1a: Gengar|69/100|[from] item: Black Sludge
|upkeep
|turn|8
|
|t:|1713237371
|move|p2a: Rotom|Volt Switch|p1a: Gengar
|-end|p1a: Gengar|Substitute
|
|t:|1713237378
|switch|p2a: Scizor|Scizor, M|100/100|[from] Volt Switch
|move|p1a: Gengar|Shadow Ball|p2a: Scizor
|-resisted|p2a: Scizor
|-damage|p2a: Scizor|79/100
|-unboost|p2a: Scizor|spd|1
|
|-weather|RainDance|[upkeep]
|-heal|p1a: Gengar|76/100|[from] item: Black Sludge
|upkeep
|turn|9
|
|t:|1713237384
|move|p2a: Scizor|Bullet Punch|p1a: Gengar
|-damage|p1a: Gengar|0 fnt
|faint|p1a: Gengar
|
|-weather|RainDance|[upkeep]
|upkeep
|
|t:|1713237387
|switch|p1a: Ferrothorn|Ferrothorn, M|100/100
|-damage|p1a: Ferrothorn|94/100|[from] Stealth Rock
|turn|10
|
|t:|1713237391
|switch|p2a: Conkeldurr|Conkeldurr, F|76/100 tox
|move|p1a: Ferrothorn|Leech Seed|p2a: Conkeldurr
|-start|p2a: Conkeldurr|move: Leech Seed
|
|-weather|RainDance|[upkeep]
|-heal|p2a: Conkeldurr|82/100 tox|[from] item: Leftovers
|-heal|p1a: Ferrothorn|100/100|[from] item: Leftovers
|-damage|p2a: Conkeldurr|70/100 tox|[from] Leech Seed|[of] p1a: Ferrothorn
|-damage|p2a: Conkeldurr|64/100 tox|[from] psn
|upkeep
|turn|11
|
|t:|1713237405
|switch|p1a: Latios|Latios, M|100/100
|-damage|p1a: Latios|88/100|[from] Stealth Rock
|move|p2a: Conkeldurr|Drain Punch|p1a: Latios
|-resisted|p1a: Latios
|-damage|p1a: Latios|44/100
|-heal|p2a: Conkeldurr|80/100 tox|[from] drain|[of] p1a: Latios
|
|-weather|RainDance|[upkeep]
|-heal|p2a: Conkeldurr|86/100 tox|[from] item: Leftovers
|-damage|p2a: Conkeldurr|74/100 tox|[from] Leech Seed|[of] p1a: Latios
|-heal|p1a: Latios|61/100|[silent]
|-damage|p2a: Conkeldurr|62/100 tox|[from] psn
|upkeep
|turn|12
|inactive|chomp29 has 120 seconds left.
|
|t:|1713237447
|switch|p2a: Rotom|Rotom-Wash|100/100
|move|p1a: Latios|Surf|p2a: Rotom
|-resisted|p2a: Rotom
|-damage|p2a: Rotom|71/100
|
|-weather|RainDance|[upkeep]
|upkeep
|turn|13
|inactive|snof2 has 120 seconds left.
|
|t:|1713237481
|move|p2a: Rotom|Hydro Pump|p1a: Latios
|-resisted|p1a: Latios
|-damage|p1a: Latios|21/100
|move|p1a: Latios|Recover|p1a: Latios
|-heal|p1a: Latios|71/100
|
|-weather|RainDance|[upkeep]
|upkeep
|turn|14
|inactive|snof2 has 120 seconds left.
|inactive|chomp29 has 90 seconds left.
|
|t:|1713237510
|move|p2a: Rotom|Hydro Pump|p1a: Latios|[miss]
|-miss|p2a: Rotom|p1a: Latios
|move|p1a: Latios|Surf|p2a: Rotom
|-resisted|p2a: Rotom
|-damage|p2a: Rotom|39/100
|
|-weather|RainDance|[upkeep]
|upkeep
|turn|15
|
|t:|1713237516
|switch|p2a: Starmie|Starmie|100/100
|-item|p2a: Starmie|Air Balloon
|move|p1a: Latios|Recover|p1a: Latios
|-heal|p1a: Latios|100/100
|
|-weather|RainDance|[upkeep]
|upkeep
|turn|16
|
|t:|1713237519
|move|p2a: Starmie|Ice Beam|p1a: Latios
|-supereffective|p1a: Latios
|-damage|p1a: Latios|47/100
|move|p1a: Latios|Draco Meteor|p2a: Starmie
|-damage|p2a: Starmie|0 fnt
|-unboost|p1a: Latios|spa|2
|-enditem|p2a: Starmie|Air Balloon
|faint|p2a: Starmie
|
|-weather|RainDance|[upkeep]
|upkeep
|
|t:|1713237536
|switch|p2a: Dragonite|Dragonite, M|100/100
|turn|17
|
|t:|1713237538
|move|p1a: Latios|Draco Meteor|p2a: Dragonite
|-supereffective|p2a: Dragonite
|-damage|p2a: Dragonite|53/100
|-unboost|p1a: Latios|spa|2
|move|p2a: Dragonite|Dragon Dance|p2a: Dragonite
|-boost|p2a: Dragonite|atk|1
|-boost|p2a: Dragonite|spe|1
|
|-weather|RainDance|[upkeep]
|upkeep
|turn|18
|
|t:|1713237544
|move|p2a: Dragonite|Extreme Speed|p1a: Latios
|-damage|p1a: Latios|0 fnt
|faint|p1a: Latios
|
|-weather|RainDance|[upkeep]
|upkeep
|
|t:|1713237547
|switch|p1a: Ferrothorn|Ferrothorn, M|100/100
|-damage|p1a: Ferrothorn|94/100|[from] Stealth Rock
|turn|19
|
|t:|1713237550
|move|p2a: Dragonite|Fire Punch|p1a: Ferrothorn
|-supereffective|p1a: Ferrothorn
|-damage|p1a: Ferrothorn|31/100
|-status|p1a: Ferrothorn|brn
|-damage|p2a: Dragonite|41/100|[from] ability: Iron Barbs|[of] p1a: Ferrothorn
|move|p1a: Ferrothorn|Leech Seed|p2a: Dragonite
|-start|p2a: Dragonite|move: Leech Seed
|
|-weather|RainDance|[upkeep]
|-heal|p1a: Ferrothorn|37/100 brn|[from] item: Leftovers
|-damage|p2a: Dragonite|29/100|[from] Leech Seed|[of] p1a: Ferrothorn
|-heal|p1a: Ferrothorn|49/100 brn|[silent]
|-damage|p1a: Ferrothorn|36/100 brn|[from] brn
|upkeep
|turn|20
|
|t:|1713237566
|move|p2a: Dragonite|Outrage|p1a: Ferrothorn
|-resisted|p1a: Ferrothorn
|-damage|p1a: Ferrothorn|0 fnt
|-damage|p2a: Dragonite|16/100|[from] ability: Iron Barbs|[of] p1a: Ferrothorn
|faint|p1a: Ferrothorn
|
|-weather|RainDance|[upkeep]
|upkeep
|
|t:|1713237570
|switch|p1a: Keldeo|Keldeo|100/100
|-damage|p1a: Keldeo|94/100|[from] Stealth Rock
|turn|21
|
|t:|1713237587
|move|p1a: Keldeo|Surf|p2a: Dragonite
|-resisted|p2a: Dragonite
|-damage|p2a: Dragonite|0 fnt
|faint|p2a: Dragonite
|
|-weather|RainDance|[upkeep]
|upkeep
|inactive|chomp29 has 120 seconds left.
|
|t:|1713237642
|switch|p2a: Conkeldurr|Conkeldurr, F|62/100 tox
|turn|22
|
|t:|1713237658
|move|p2a: Conkeldurr|Mach Punch|p1a: Keldeo
|-damage|p1a: Keldeo|57/100
|move|p1a: Keldeo|Surf|p2a: Conkeldurr
|-damage|p2a: Conkeldurr|0 fnt
|faint|p2a: Conkeldurr
|
|-weather|RainDance|[upkeep]
|upkeep
|
|t:|1713237663
|switch|p2a: Scizor|Scizor, M|79/100
|turn|23
|
|t:|1713237666
|move|p2a: Scizor|Bullet Punch|p1a: Keldeo
|-resisted|p1a: Keldeo
|-damage|p1a: Keldeo|31/100
|move|p1a: Keldeo|Surf|p2a: Scizor
|-damage|p2a: Scizor|0 fnt
|faint|p2a: Scizor
|
|-weather|RainDance|[upkeep]
|upkeep
|
|t:|1713237669
|switch|p2a: Rotom|Rotom-Wash|39/100
|turn|24
|c|☆snof2|gg
|
|t:|1713237672
|move|p1a: Keldeo|Surf|p2a: Rotom
|-resisted|p2a: Rotom
|-damage|p2a: Rotom|0 fnt
|faint|p2a: Rotom
|
|win|snof2
|raw|snof2's rating: 1405 &rarr; <strong>1430</strong><br />(+25 for winning)
|raw|chomp29's rating: 1503 &rarr; <strong>1478</strong><br />(-25 for losing)
|l|☆chomp29
|player|p2|
