|j|☆HydreigonSpammer
|j|☆Dreiko3927
|t:|1736616401
|gametype|singles
|player|p1|HydreigonSpammer|iris|1381
|player|p2|Dreiko3927|101|1409
|teamsize|p1|6
|teamsize|p2|6
|gen|5
|tier|[Gen 5] OU
|rated|
|rule|Species Clause: Limit one of each Pokémon
|rule|OHKO Clause: OHKO moves are banned
|rule|Moody Clause: Moody is banned
|rule|Evasion Items Clause: Evasion items are banned
|rule|Evasion Moves Clause: Evasion moves are banned
|rule|Endless Battle Clause: Forcing endless battles is banned
|rule|HP Percentage Mod: HP is shown in percentages
|rule|Evasion Abilities Clause: Evasion abilities are banned
|rule|Sleep Moves Clause: Sleep-inducing moves are banned
|rule|Swagger Clause: Swagger is banned
|rule|Baton Pass Stat Clause: No Baton Passer may have a way to boost its stats
|clearpoke
|poke|p1|Politoed, M|item
|poke|p1|Volcarona, M|item
|poke|p1|Garchomp, F|item
|poke|p1|Latios, M|item
|poke|p1|Tornadus, M|item
|poke|p1|Starmie|item
|poke|p2|Clefable, M|item
|poke|p2|Volcarona, F|item
|poke|p2|Breloom, F|item
|poke|p2|Reuniclus, M|item
|poke|p2|Scizor, F|item
|poke|p2|Gyarados, F|item
|teampreview
|
|t:|1736616412
|start
|switch|p1a: Garchomp|Garchomp, F|100/100
|switch|p2a: Volcarona|Volcarona, F|100/100
|turn|1
|
|t:|1736616425
|move|p1a: Garchomp|Stealth Rock|p2a: Volcarona
|-sidestart|p2: Dreiko3927|move: Stealth Rock
|move|p2a: Volcarona|Quiver Dance|p2a: Volcarona
|-boost|p2a: Volcarona|spa|1
|-boost|p2a: Volcarona|spd|1
|-boost|p2a: Volcarona|spe|1
|
|upkeep
|turn|2
|j| LucklessCart
|
|t:|1736616433
|move|p2a: Volcarona|Bug Buzz|p1a: Garchomp
|-damage|p1a: Garchomp|28/100
|move|p1a: Garchomp|Earthquake|p2a: Volcarona
|-damage|p2a: Volcarona|12/100
|
|upkeep
|turn|3
|
|t:|1736616446
|move|p2a: Volcarona|Giga Drain|p1a: Garchomp
|-crit|p1a: Garchomp
|-damage|p1a: Garchomp|0 fnt
|-heal|p2a: Volcarona|28/100|[from] drain|[of] p1a: Garchomp
|faint|p1a: Garchomp
|
|upkeep
|
|t:|1736616453
|switch|p1a: Politoed|Politoed, M|100/100
|-weather|RainDance|[from] ability: Drizzle|[of] p1a: Politoed
|turn|4
|
|t:|1736616460
|switch|p1a: Tornadus|Tornadus, M|100/100
|move|p2a: Volcarona|Giga Drain|p1a: Tornadus
|-resisted|p1a: Tornadus
|-damage|p1a: Tornadus|72/100
|-heal|p2a: Volcarona|42/100|[from] drain|[of] p1a: Tornadus
|
|-weather|RainDance|[upkeep]
|upkeep
|turn|5
|
|t:|1736616465
|move|p1a: Tornadus|Hurricane|p2a: Volcarona
|-supereffective|p2a: Volcarona
|-damage|p2a: Volcarona|0 fnt
|faint|p2a: Volcarona
|
|-weather|RainDance|[upkeep]
|upkeep
|
|t:|1736616469
|switch|p2a: Scizor|Scizor, F|100/100
|-damage|p2a: Scizor|88/100|[from] Stealth Rock
|turn|6
|
|t:|1736616482
|move|p1a: Tornadus|Hurricane|p2a: Scizor
|-damage|p2a: Scizor|4/100
|move|p2a: Scizor|Pursuit|p1a: Tornadus
|-damage|p1a: Tornadus|23/100
|-damage|p2a: Scizor|0 fnt|[from] item: Life Orb
|faint|p2a: Scizor
|
|-weather|RainDance|[upkeep]
|upkeep
|
|t:|1736616490
|switch|p2a: Reuniclus|Reuniclus, M|100/100
|turn|7
|
|t:|1736616500
|switch|p1a: Latios|Latios, M|100/100
|move|p2a: Reuniclus|Trick Room|p2a: Reuniclus
|-fieldstart|move: Trick Room|[of] p2a: Reuniclus
|
|-weather|RainDance|[upkeep]
|upkeep
|turn|8
|inactive|Battle timer is ON: inactive players will automatically lose when time's up. (requested by Dreiko3927)
|
|t:|1736616513
|move|p2a: Reuniclus|Shadow Ball|p1a: Latios
|-supereffective|p1a: Latios
|-damage|p1a: Latios|17/100
|move|p1a: Latios|Dragon Pulse|p2a: Reuniclus
|-damage|p2a: Reuniclus|30/100
|
|-weather|RainDance|[upkeep]
|upkeep
|turn|9
|
|t:|1736616526
|move|p2a: Reuniclus|Psychic|p1a: Latios
|-resisted|p1a: Latios
|-damage|p1a: Latios|0 fnt
|faint|p1a: Latios
|
|-weather|RainDance|[upkeep]
|upkeep
|
|t:|1736616534
|switch|p1a: Politoed|Politoed, M|100/100
|turn|10
|
|t:|1736616545
|move|p2a: Reuniclus|Psychic|p1a: Politoed
|-damage|p1a: Politoed|26/100
|move|p1a: Politoed|Scald|p2a: Reuniclus
|-crit|p2a: Reuniclus
|-damage|p2a: Reuniclus|0 fnt
|faint|p2a: Reuniclus
|
|-weather|RainDance|[upkeep]
|upkeep
|
|t:|1736616550
|switch|p2a: Breloom|Breloom, F|100/100
|-damage|p2a: Breloom|94/100|[from] Stealth Rock
|turn|11
|
|t:|1736616554
|move|p2a: Breloom|Protect|p2a: Breloom
|-singleturn|p2a: Breloom|Protect
|move|p1a: Politoed|Scald|p2a: Breloom
|-activate|p2a: Breloom|move: Protect
|
|-weather|RainDance|[upkeep]
|-fieldend|move: Trick Room
|-status|p2a: Breloom|tox|[from] item: Toxic Orb
|upkeep
|turn|12
|
|t:|1736616559
|move|p1a: Politoed|Scald|p2a: Breloom
|-resisted|p2a: Breloom
|-damage|p2a: Breloom|66/100 tox
|move|p2a: Breloom|Swords Dance|p2a: Breloom
|-boost|p2a: Breloom|atk|2
|
|-weather|RainDance|[upkeep]
|-heal|p2a: Breloom|78/100 tox|[from] ability: Poison Heal
|upkeep
|turn|13
|
|t:|1736616568
|switch|p1a: Tornadus|Tornadus, M|23/100
|move|p2a: Breloom|Facade|p1a: Tornadus
|-damage|p1a: Tornadus|0 fnt
|faint|p1a: Tornadus
|
|-weather|RainDance|[upkeep]
|-heal|p2a: Breloom|91/100 tox|[from] ability: Poison Heal
|upkeep
|
|t:|1736616573
|switch|p1a: Volcarona|Volcarona, M|100/100
|turn|14
|
|t:|1736616579
|move|p1a: Volcarona|Hurricane|p2a: Breloom
|-supereffective|p2a: Breloom
|-damage|p2a: Breloom|0 fnt
|faint|p2a: Breloom
|
|-weather|RainDance|[upkeep]
|upkeep
|
|t:|1736616584
|switch|p2a: Gyarados|Gyarados, F|100/100
|-damage|p2a: Gyarados|76/100|[from] Stealth Rock
|turn|15
|
|t:|1736616601
|switch|p1a: Politoed|Politoed, M|26/100
|move|p2a: Gyarados|Dragon Dance|p2a: Gyarados
|-boost|p2a: Gyarados|atk|1
|-boost|p2a: Gyarados|spe|1
|
|-weather|RainDance|[upkeep]
|-heal|p2a: Gyarados|82/100|[from] item: Leftovers
|upkeep
|turn|16
|
|t:|1736616606
|move|p1a: Politoed|Scald|p2a: Gyarados
|-resisted|p2a: Gyarados
|-damage|p2a: Gyarados|59/100
|move|p2a: Gyarados|Taunt|p1a: Politoed
|-start|p1a: Politoed|move: Taunt
|
|-weather|RainDance|[upkeep]
|-heal|p2a: Gyarados|65/100|[from] item: Leftovers
|upkeep
|turn|17
|
|t:|1736616611
|move|p1a: Politoed|Scald|p2a: Gyarados
|-resisted|p2a: Gyarados
|-damage|p2a: Gyarados|41/100
|-status|p2a: Gyarados|brn
|move|p2a: Gyarados|Dragon Dance|p2a: Gyarados
|-boost|p2a: Gyarados|atk|1
|-boost|p2a: Gyarados|spe|1
|
|-weather|RainDance|[upkeep]
|-heal|p2a: Gyarados|47/100 brn|[from] item: Leftovers
|-damage|p2a: Gyarados|35/100 brn|[from] brn
|upkeep
|turn|18
|
|t:|1736616616
|move|p2a: Gyarados|Waterfall|p1a: Politoed
|-resisted|p1a: Politoed
|-damage|p1a: Politoed|0 fnt
|faint|p1a: Politoed
|-ability|p2a: Gyarados|Moxie|boost
|-boost|p2a: Gyarados|atk|1
|
|-weather|RainDance|[upkeep]
|-heal|p2a: Gyarados|41/100 brn|[from] item: Leftovers
|-damage|p2a: Gyarados|29/100 brn|[from] brn
|upkeep
|
|t:|1736616619
|switch|p1a: Starmie|Starmie|100/100
|turn|19
|
|t:|1736616624
|move|p2a: Gyarados|Waterfall|p1a: Starmie
|-resisted|p1a: Starmie
|-damage|p1a: Starmie|41/100
|move|p1a: Starmie|Thunder|p2a: Gyarados
|-supereffective|p2a: Gyarados
|-damage|p2a: Gyarados|0 fnt
|faint|p2a: Gyarados
|-damage|p1a: Starmie|31/100|[from] item: Life Orb
|
|-weather|RainDance|[upkeep]
|upkeep
|
|t:|1736616628
|switch|p2a: Clefable|Clefable, M|100/100
|turn|20
|
|t:|1736616631
|move|p1a: Starmie|Surf|p2a: Clefable
|-damage|p2a: Clefable|23/100
|-damage|p1a: Starmie|21/100|[from] item: Life Orb
|move|p2a: Clefable|Cosmic Power|p2a: Clefable
|-boost|p2a: Clefable|def|1
|-boost|p2a: Clefable|spd|1
|
|-weather|RainDance|[upkeep]
|-heal|p2a: Clefable|29/100|[from] item: Leftovers
|upkeep
|turn|21
|
|t:|1736616635
|move|p1a: Starmie|Surf|p2a: Clefable
|-damage|p2a: Clefable|0 fnt
|faint|p2a: Clefable
|-damage|p1a: Starmie|11/100|[from] item: Life Orb
|
|win|HydreigonSpammer
|raw|HydreigonSpammer's rating: 1381 &rarr; <strong>1403</strong><br />(+22 for winning)
|raw|Dreiko3927's rating: 1409 &rarr; <strong>1387</strong><br />(-22 for losing)
|l|☆Dreiko3927
|player|p2|
