|j|☆Notsuremick
|j|☆Nights Blade God
|player|p1|Notsuremick|160
|player|p2|Nights Blade God|6
|teamsize|p1|6
|teamsize|p2|6
|gametype|singles
|gen|5
|tier|[Gen 5] OU
|rated|
|rule|Sleep Clause Mod: Limit one foe put to sleep
|rule|Species Clause: Limit one of each Pokémon
|rule|OHKO Clause: OHKO moves are banned
|rule|Moody Clause: Moody is banned
|rule|Evasion Moves Clause: Evasion moves are banned
|rule|Endless Battle Clause: Forcing endless battles is banned
|rule|HP Percentage Mod: HP is shown in percentages
|rule|Evasion Abilities Clause: Evasion abilities are banned
|rule|Baton Pass Clause: Limit one Baton Passer, can't pass Spe and other stats simultaneously
|rule|Swagger Clause: Swagger is banned
|clearpoke
|poke|p1|Ninetales, F|item
|poke|p1|Victini|item
|poke|p1|Gothitelle, M|item
|poke|p1|Xatu, M|item
|poke|p1|Mamoswine, F|item
|poke|p1|Metagross|item
|poke|p2|Terrakion|item
|poke|p2|Ferrothorn, M|item
|poke|p2|Landorus-Therian, M|item
|poke|p2|Tyranitar, F|item
|poke|p2|Rotom-Wash|item
|poke|p2|Reuniclus, M|item
|teampreview
|j| weak sleeper
|
|start
|switch|p1a: Ninetales|Ninetales, F|100/100
|switch|p2a: Rotom|Rotom-Wash|100/100
|-weather|SunnyDay|[from] ability: Drought|[of] p1a: Ninetales
|turn|1
|
|move|p1a: Ninetales|Solar Beam|p2a: Rotom|[still]
|-prepare|p1a: Ninetales|Solar Beam|p2a: Rotom
|-anim|p1a: Ninetales|Solar Beam|p2a: Rotom
|-supereffective|p2a: Rotom
|-damage|p2a: Rotom|62/100
|move|p2a: Rotom|Volt Switch|p1a: Ninetales
|-damage|p1a: Ninetales|74/100
|
|switch|p2a: Tyranitar|Tyranitar, F|100/100
|-weather|Sandstorm|[from] ability: Sand Stream|[of] p2a: Tyranitar
|
|-weather|Sandstorm|[upkeep]
|-damage|p1a: Ninetales|68/100|[from] Sandstorm
|-heal|p1a: Ninetales|74/100|[from] item: Leftovers
|upkeep
|turn|2
|
|move|p1a: Ninetales|Will-O-Wisp|p2a: Tyranitar
|-status|p2a: Tyranitar|brn
|move|p2a: Tyranitar|Stone Edge|p1a: Ninetales
|-supereffective|p1a: Ninetales
|-damage|p1a: Ninetales|17/100
|
|-weather|Sandstorm|[upkeep]
|-damage|p1a: Ninetales|11/100|[from] Sandstorm
|-heal|p1a: Ninetales|17/100|[from] item: Leftovers
|-damage|p2a: Tyranitar|88/100 brn|[from] brn
|upkeep
|turn|3
|
|-activate|p1a: Ninetales|move: Pursuit
|move|p2a: Tyranitar|Pursuit|p1a: Ninetales|[from]Pursuit
|-damage|p1a: Ninetales|0 fnt
|faint|p1a: Ninetales
|
|-weather|Sandstorm|[upkeep]
|-damage|p2a: Tyranitar|76/100 brn|[from] brn
|upkeep
|inactive|Battle timer is ON: inactive players will automatically lose when time's up. (requested by Nights Blade God)
|
|switch|p1a: Metagross|Metagross|100/100
|turn|4
|
|switch|p2a: Ferrothorn|Ferrothorn, M|100/100
|move|p1a: Metagross|Meteor Mash|p2a: Ferrothorn
|-resisted|p2a: Ferrothorn
|-damage|p2a: Ferrothorn|82/100
|-damage|p1a: Metagross|88/100|[from] ability: Iron Barbs|[of] p2a: Ferrothorn
|
|-weather|Sandstorm|[upkeep]
|-heal|p1a: Metagross|94/100|[from] item: Leftovers
|-heal|p2a: Ferrothorn|88/100|[from] item: Leftovers
|upkeep
|turn|5
|
|switch|p1a: Xatu|Xatu, M|100/100
|move|p2a: Ferrothorn|Knock Off|p1a: Xatu
|-supereffective|p1a: Xatu
|-damage|p1a: Xatu|91/100
|-damage|p2a: Ferrothorn|71/100|[from] item: Rocky Helmet|[of] p1a: Xatu
|-enditem|p1a: Xatu|Rocky Helmet|[from] move: Knock Off|[of] p2a: Ferrothorn
|
|-weather|Sandstorm|[upkeep]
|-damage|p1a: Xatu|85/100|[from] Sandstorm
|-heal|p2a: Ferrothorn|77/100|[from] item: Leftovers
|upkeep
|turn|6
|inactive|Nights Blade God has 135 seconds left.
|
|switch|p2a: Rotom|Rotom-Wash|62/100
|move|p1a: Xatu|Heat Wave|p2a: Rotom
|-resisted|p2a: Rotom
|-damage|p2a: Rotom|53/100
|-status|p2a: Rotom|brn
|
|-weather|Sandstorm|[upkeep]
|-damage|p1a: Xatu|79/100|[from] Sandstorm
|-damage|p2a: Rotom|47/100 brn|[from] Sandstorm
|-heal|p2a: Rotom|53/100 brn|[from] item: Leftovers
|-damage|p2a: Rotom|41/100 brn|[from] brn
|upkeep
|turn|7
|
|move|p1a: Xatu|Roost|p1a: Xatu
|-heal|p1a: Xatu|100/100
|move|p2a: Rotom|Pain Split|p1a: Xatu
|-sethp|p1a: Xatu|69/100|p2a: Rotom|75/100 brn|[from] move: Pain Split
|
|-weather|Sandstorm|[upkeep]
|-damage|p1a: Xatu|63/100|[from] Sandstorm
|-damage|p2a: Rotom|69/100 brn|[from] Sandstorm
|-heal|p2a: Rotom|75/100 brn|[from] item: Leftovers
|-damage|p2a: Rotom|63/100 brn|[from] brn
|upkeep
|turn|8
|
|move|p1a: Xatu|Roost|p1a: Xatu
|-heal|p1a: Xatu|100/100
|move|p2a: Rotom|Volt Switch|p1a: Xatu
|-damage|p1a: Xatu|65/100
|inactive|Nights Blade God has 135 seconds left.
|
|switch|p2a: Reuniclus|Reuniclus, M|100/100
|
|-weather|Sandstorm|[upkeep]
|-damage|p1a: Xatu|59/100|[from] Sandstorm
|upkeep
|turn|9
|
|move|p1a: Xatu|U-turn|p2a: Reuniclus
|-supereffective|p2a: Reuniclus
|-damage|p2a: Reuniclus|83/100
|
|switch|p1a: Gothitelle|Gothitelle, M|100/100
|move|p2a: Reuniclus|Calm Mind|p2a: Reuniclus
|-boost|p2a: Reuniclus|spa|1
|-boost|p2a: Reuniclus|spd|1
|
|-weather|Sandstorm|[upkeep]
|-damage|p1a: Gothitelle|94/100|[from] Sandstorm
|-heal|p2a: Reuniclus|89/100|[from] item: Leftovers
|upkeep
|turn|10
|
|move|p1a: Gothitelle|Trick|p2a: Reuniclus
|-activate|p1a: Gothitelle|move: Trick|[of] p2a: Reuniclus
|-item|p2a: Reuniclus|Choice Specs|[from] move: Trick
|-item|p1a: Gothitelle|Leftovers|[from] move: Trick
|move|p2a: Reuniclus|Shadow Ball|p1a: Gothitelle
|-supereffective|p1a: Gothitelle
|-damage|p1a: Gothitelle|0 fnt
|faint|p1a: Gothitelle
|
|-weather|Sandstorm|[upkeep]
|upkeep
|-message|Notsuremick forfeited.
|
|win|Nights Blade God
|l|☆Notsuremick
|raw|Notsuremick's rating: 1349 &rarr; <strong>1331</strong><br />(-18 for losing)
|raw|Nights Blade God's rating: 1378 &rarr; <strong>1396</strong><br />(+18 for winning)
|l|☆Nights Blade God
