|join|ahobowithanoboe
|join|KING SOMALIA
|player|p1|ahobowithanoboe|273
|player|p2|KING SOMALIA|144
|gametype|singles
|gen|5
|tier|[Gen 5] OU
|rated
|rule|Evasion Abilities Clause: Evasion abilities are banned
|clearpoke
|poke|p1|Jynx, F
|poke|p1|Gliscor, M
|poke|p1|Heatran, M
|poke|p1|Latios, M, shiny
|poke|p1|Sandslash, F
|poke|p1|Azelf
|poke|p2|Espeon, F
|poke|p2|Scizor, M
|poke|p2|Latios, M
|poke|p2|Omastar, M
|poke|p2|Dragonite, M
|poke|p2|Volcarona, F
|rule|Sleep Clause Mod: Limit one foe put to sleep
|rule|Species Clause: Limit one of each Pokemon
|rule|OHKO Clause: OHKO moves are banned
|rule|Moody Clause: Moody is banned
|rule|Evasion Moves Clause: Evasion moves are banned
|rule|Endless Battle Clause: Forcing endless battles is banned.
|rule|HP Percentage Mod: HP is reported as percentages
|teampreview
|
|start
|switch|p1a: An elf|Azelf|354/354
|switch|p2a: KISAME|Omastar, M|282/282
|turn|1
|
|move|p1a: An elf|Taunt|p2a: KISAME
|-start|p2a: KISAME|move: Taunt
|move|p2a: KISAME|Ice Beam|p1a: An elf
|-damage|p1a: An elf|201/354
|
|-heal|p1a: An elf|223/354|[from] item: Leftovers
|turn|2
|
|switch|p2a: KONAN|Espeon, F|334/334
|move|p1a: An elf|U-turn|p2a: KONAN
|-supereffective|p2a: KONAN
|-damage|p2a: KONAN|126/334
|
|switch|p1a: mole|Sandslash, F|354/354
|
|turn|3
|
|move|p2a: KONAN|Reflect|p2a: KONAN
|-sidestart|p2: KING SOMALIA|Reflect
|move|p1a: mole|Night Slash|p2a: KONAN
|-supereffective|p2a: KONAN
|-damage|p2a: KONAN|42/334
|
|turn|4
|
|move|p2a: KONAN|Psychic|p1a: mole
|-damage|p1a: mole|158/354
|move|p1a: mole|Earthquake|p2a: KONAN
|-damage|p2a: KONAN|0 fnt
|faint|p2a: KONAN
|
|-heal|p1a: mole|180/354|[from] item: Leftovers
|
|switch|p2a: NARUTO|Volcarona, F|311/311
|turn|5
|
|move|p2a: NARUTO|Quiver Dance|p2a: NARUTO
|-boost|p2a: NARUTO|spa|1
|-boost|p2a: NARUTO|spd|1
|-boost|p2a: NARUTO|spe|1
|move|p1a: mole|Stone Edge|p2a: NARUTO
|-supereffective|p2a: NARUTO
|-damage|p2a: NARUTO|93/311
|
|-heal|p1a: mole|202/354|[from] item: Leftovers
|turn|6
|
|move|p2a: NARUTO|Bug Buzz|p1a: mole
|-damage|p1a: mole|0 fnt
|faint|p1a: mole
|
|
|switch|p1a: gotta go fast|Latios, M, shiny|301/301
|turn|7
|
|move|p1a: gotta go fast|Surf|p2a: NARUTO
|-supereffective|p2a: NARUTO
|-damage|p2a: NARUTO|0 fnt
|faint|p2a: NARUTO
|
|
|switch|p2a: MADARA|Dragonite, M|385/385
|turn|8
|
|switch|p1a: An elf|Azelf|223/354
|move|p2a: MADARA|Dragon Dance|p2a: MADARA
|-boost|p2a: MADARA|atk|1
|-boost|p2a: MADARA|spe|1
|
|-heal|p1a: An elf|245/354|[from] item: Leftovers
|turn|9
|
|move|p1a: An elf|Thunder Wave|p2a: MADARA
|-status|p2a: MADARA|par
|move|p2a: MADARA|Dragon Claw|p1a: An elf
|-damage|p1a: An elf|0 fnt
|faint|p1a: An elf
|
|
|switch|p1a: hawt tranny ;)|Heatran, M|386/386
|turn|10
|
|move|p1a: hawt tranny ;)|Lava Plume|p2a: MADARA
|-resisted|p2a: MADARA
|-damage|p2a: MADARA|357/385 par
|move|p2a: MADARA|Dragon Claw|p1a: hawt tranny ;)
|-resisted|p1a: hawt tranny ;)
|-damage|p1a: hawt tranny ;)|299/386
|
|-heal|p1a: hawt tranny ;)|323/386|[from] item: Leftovers
|-heal|p2a: MADARA|381/385 par|[from] item: Leftovers
|-sideend|p2: KING SOMALIA|Reflect
|turn|11
|
|cant|p2a: MADARA|par
|move|p1a: hawt tranny ;)|Roar|p2a: MADARA
|drag|p2a: KISAME|Omastar, M|282/282
|
|-heal|p1a: hawt tranny ;)|347/386|[from] item: Leftovers
|turn|12
|
|move|p1a: hawt tranny ;)|Protect|p1a: hawt tranny ;)
|-singleturn|p1a: hawt tranny ;)|Protect
|move|p2a: KISAME|Surf|p1a: hawt tranny ;)
|-activate|p1a: hawt tranny ;)|Protect
|
|-heal|p1a: hawt tranny ;)|371/386|[from] item: Leftovers
|turn|13
|
|switch|p1a: gotta go fast|Latios, M, shiny|301/301
|move|p2a: KISAME|Ice Beam|p1a: gotta go fast
|-supereffective|p1a: gotta go fast
|-damage|p1a: gotta go fast|103/301
|
|turn|14
|
|switch|p2a: SASUKE|Scizor, M|330/330
|move|p1a: gotta go fast|Draco Meteor|p2a: SASUKE|[miss]
|-miss|p1a: gotta go fast|p2a: SASUKE
|
|turn|15
|
|move|p1a: gotta go fast|Draco Meteor|p2a: SASUKE
|-resisted|p2a: SASUKE
|-damage|p2a: SASUKE|174/330
|-unboost|p1a: gotta go fast|spa|2
|move|p2a: SASUKE|Brick Break|p1a: gotta go fast
|-resisted|p1a: gotta go fast
|-damage|p1a: gotta go fast|47/301
|
|-heal|p2a: SASUKE|194/330|[from] item: Leftovers
|turn|16
|
|switch|p1a: the krabs :(|Gliscor, M|352/352
|move|p2a: SASUKE|Swords Dance|p2a: SASUKE
|-boost|p2a: SASUKE|atk|2
|
|-heal|p2a: SASUKE|214/330|[from] item: Leftovers
|-status|p1a: the krabs :(|tox|[from] item: Toxic Orb
|turn|17
|
|move|p1a: the krabs :(|Earthquake|p2a: SASUKE
|-damage|p2a: SASUKE|111/330
|move|p2a: SASUKE|Bug Bite|p1a: the krabs :(
|-resisted|p1a: the krabs :(
|-damage|p1a: the krabs :(|226/352 tox
|
|-heal|p2a: SASUKE|131/330|[from] item: Leftovers
|-heal|p1a: the krabs :(|270/352 tox|[from] ability: Poison Heal
|turn|18
|
|move|p2a: SASUKE|Bullet Punch|p1a: the krabs :(
|-damage|p1a: the krabs :(|110/352 tox
|move|p1a: the krabs :(|Earthquake|p2a: SASUKE
|-crit|p2a: SASUKE
|-damage|p2a: SASUKE|0 fnt
|faint|p2a: SASUKE
|
|-heal|p1a: the krabs :(|154/352 tox|[from] ability: Poison Heal
|
|switch|p2a: KISAME|Omastar, M|282/282
|turn|19
|
|move|p1a: the krabs :(|Earthquake|p2a: KISAME
|-supereffective|p2a: KISAME
|-damage|p2a: KISAME|108/282
|move|p2a: KISAME|Ice Beam|p1a: the krabs :(
|-supereffective|p1a: the krabs :(
|-damage|p1a: the krabs :(|0 fnt
|faint|p1a: the krabs :(
|
|
|switch|p1a: cold stone BITCH|Jynx, F|272/272
|turn|20
|
|move|p1a: cold stone BITCH|Focus Blast|p2a: KISAME
|-supereffective|p2a: KISAME
|-damage|p2a: KISAME|0 fnt
|-damage|p1a: cold stone BITCH|245/272|[from] item: Life Orb
|faint|p2a: KISAME
|
|
|switch|p2a: NAGATO|Latios, M|302/302
|turn|21
|
|switch|p1a: hawt tranny ;)|Heatran, M|371/386
|move|p2a: NAGATO|Dragon Pulse|p1a: hawt tranny ;)
|-resisted|p1a: hawt tranny ;)
|-damage|p1a: hawt tranny ;)|316/386
|
|-heal|p1a: hawt tranny ;)|340/386|[from] item: Leftovers
|turn|22
|
|switch|p2a: MADARA|Dragonite, M|381/385 par
|move|p1a: hawt tranny ;)|Toxic|p2a: MADARA
|-fail|p2a: MADARA
|
|-heal|p1a: hawt tranny ;)|364/386|[from] item: Leftovers
|-heal|p2a: MADARA|385/385 par|[from] item: Leftovers
|turn|23
|chat|KING SOMALIA|gg
|
|move|p1a: hawt tranny ;)|Lava Plume|p2a: MADARA
|-resisted|p2a: MADARA
|-damage|p2a: MADARA|357/385 par
|cant|p2a: MADARA|par
|
|-heal|p1a: hawt tranny ;)|386/386|[from] item: Leftovers
|-heal|p2a: MADARA|381/385 par|[from] item: Leftovers
|turn|24
|
|move|p2a: MADARA|Dragon Claw|p1a: hawt tranny ;)
|-resisted|p1a: hawt tranny ;)
|-damage|p1a: hawt tranny ;)|323/386
|move|p1a: hawt tranny ;)|Roar|p2a: MADARA
|drag|p2a: NAGATO|Latios, M|302/302
|
|-heal|p1a: hawt tranny ;)|347/386|[from] item: Leftovers
|turn|25
|
|switch|p2a: MADARA|Dragonite, M|381/385 par
|move|p1a: hawt tranny ;)|Lava Plume|p2a: MADARA
|-resisted|p2a: MADARA
|-damage|p2a: MADARA|329/385 par
|
|-heal|p1a: hawt tranny ;)|371/386|[from] item: Leftovers
|-heal|p2a: MADARA|353/385 par|[from] item: Leftovers
|turn|26
|
|move|p1a: hawt tranny ;)|Lava Plume|p2a: MADARA
|-resisted|p2a: MADARA
|-damage|p2a: MADARA|297/385 par
|cant|p2a: MADARA|par
|
|-heal|p1a: hawt tranny ;)|386/386|[from] item: Leftovers
|-heal|p2a: MADARA|321/385 par|[from] item: Leftovers
|turn|27
|
|move|p1a: hawt tranny ;)|Lava Plume|p2a: MADARA
|-resisted|p2a: MADARA
|-damage|p2a: MADARA|267/385 par
|move|p2a: MADARA|Roost|p2a: MADARA
|-heal|p2a: MADARA|385/385 par
|
|turn|28
|
|move|p1a: hawt tranny ;)|Lava Plume|p2a: MADARA
|-resisted|p2a: MADARA
|-damage|p2a: MADARA|357/385 par
|move|p2a: MADARA|Dragon Dance|p2a: MADARA
|-boost|p2a: MADARA|atk|1
|-boost|p2a: MADARA|spe|1
|
|-heal|p2a: MADARA|381/385 par|[from] item: Leftovers
|turn|29
|
|cant|p2a: MADARA|par
|move|p1a: hawt tranny ;)|Roar|p2a: MADARA
|drag|p2a: NAGATO|Latios, M|302/302
|
|turn|30
|
|switch|p1a: cold stone BITCH|Jynx, F|245/272
|move|p2a: NAGATO|Trick|p1a: cold stone BITCH
|-activate|p2a: NAGATO|move: Trick|[of] p1a: cold stone BITCH
|-item|p1a: cold stone BITCH|Choice Scarf|[from] move: Trick
|-item|p2a: NAGATO|Life Orb|[from] move: Trick
|
|turn|31
|chat|ahobowithanoboe|lol
|
|move|p1a: cold stone BITCH|Ice Beam|p2a: NAGATO
|-supereffective|p2a: NAGATO
|-damage|p2a: NAGATO|0 fnt
|faint|p2a: NAGATO
|
|
|switch|p2a: MADARA|Dragonite, M|381/385 par
|turn|32
|chat|ahobowithanoboe|gg
|
|move|p1a: cold stone BITCH|Ice Beam|p2a: MADARA
|-supereffective|p2a: MADARA
|-damage|p2a: MADARA|0 fnt
|faint|p2a: MADARA
|
|win|ahobowithanoboe
|raw|Ladder updating...
|raw|ahobowithanoboe's rating: 1323 &rarr; <strong>1349</strong><br />(+26 for winning)
|raw|KING SOMALIA's rating: 1430 &rarr; <strong>1404</strong><br />(-26 for losing)
|chat|KING SOMALIA|lol
|leave|KING SOMALIA
|player|p2