|j|☆will098
|j|☆kaeizuka
|t:|1733793287
|gametype|singles
|player|p1|will098|gambler|1360
|player|p2|kaeizuka|whitney|1343
|teamsize|p1|6
|teamsize|p2|6
|gen|5
|tier|[Gen 5] OU
|rated|
|rule|Species Clause: Limit one of each Pokémon
|rule|OHKO Clause: OHKO moves are banned
|rule|Moody Clause: Moody is banned
|rule|Evasion Items Clause: Evasion items are banned
|rule|Evasion Moves Clause: Evasion moves are banned
|rule|Endless Battle Clause: Forcing endless battles is banned
|rule|HP Percentage Mod: HP is shown in percentages
|rule|Evasion Abilities Clause: Evasion abilities are banned
|rule|Sleep Moves Clause: Sleep-inducing moves are banned
|rule|Swagger Clause: Swagger is banned
|rule|Baton Pass Stat Clause: No Baton Passer may have a way to boost its stats
|clearpoke
|poke|p1|Thundurus-Therian, M|item
|poke|p1|Latios, M|item
|poke|p1|Landorus-Therian, M|item
|poke|p1|Politoed, F|item
|poke|p1|Jirachi|item
|poke|p1|Ferrothorn, M|item
|poke|p2|Tyranitar, M|item
|poke|p2|Garchomp, F|item
|poke|p2|Dragonite, F|item
|poke|p2|Ferrothorn, F|item
|poke|p2|Starmie|item
|poke|p2|Reuniclus, M|item
|teampreview
|inactive|Battle timer is ON: inactive players will automatically lose when time's up. (requested by kaeizuka)
|
|t:|1733793308
|start
|switch|p1a: Politoed|Politoed, F, shiny|100/100
|switch|p2a: Ferrothorn|Ferrothorn, F|100/100
|-weather|RainDance|[from] ability: Drizzle|[of] p1a: Politoed
|turn|1
|j| I'mbadatenglish
|
|t:|1733793317
|switch|p1a: Thundurus|Thundurus-Therian, M|100/100
|move|p2a: Ferrothorn|Leech Seed|p1a: Thundurus
|-start|p1a: Thundurus|move: Leech Seed
|
|-weather|RainDance|[upkeep]
|-damage|p1a: Thundurus|88/100|[from] Leech Seed|[of] p2a: Ferrothorn
|upkeep
|turn|2
|
|t:|1733793327
|switch|p1a: Ferrothorn|Ferrothorn, M|100/100
|switch|p2a: Reuniclus|Reuniclus, M|100/100
|
|-weather|RainDance|[upkeep]
|upkeep
|turn|3
|
|t:|1733793334
|move|p2a: Reuniclus|Calm Mind|p2a: Reuniclus
|-boost|p2a: Reuniclus|spa|1
|-boost|p2a: Reuniclus|spd|1
|move|p1a: Ferrothorn|Thunder Wave|p2a: Reuniclus
|-status|p2a: Reuniclus|par
|
|-weather|RainDance|[upkeep]
|upkeep
|turn|4
|
|t:|1733793338
|move|p1a: Ferrothorn|Stealth Rock|p2a: Reuniclus
|-sidestart|p2: kaeizuka|move: Stealth Rock
|move|p2a: Reuniclus|Focus Blast|p1a: Ferrothorn
|-supereffective|p1a: Ferrothorn
|-damage|p1a: Ferrothorn|32/100
|
|-weather|RainDance|[upkeep]
|-heal|p1a: Ferrothorn|39/100|[from] item: Leftovers
|upkeep
|turn|5
|
|t:|1733793362
|switch|p1a: Landorus|Landorus-Therian, M|100/100
|-ability|p1a: Landorus|Intimidate|boost
|-unboost|p2a: Reuniclus|atk|1
|move|p2a: Reuniclus|Calm Mind|p2a: Reuniclus
|-boost|p2a: Reuniclus|spa|1
|-boost|p2a: Reuniclus|spd|1
|
|-weather|RainDance|[upkeep]
|upkeep
|turn|6
|
|t:|1733793366
|move|p1a: Landorus|U-turn|p2a: Reuniclus
|-supereffective|p2a: Reuniclus
|-damage|p2a: Reuniclus|58/100 par
|
|t:|1733793369
|switch|p1a: Jirachi|Jirachi|100/100|[from] U-turn
|move|p2a: Reuniclus|Psyshock|p1a: Jirachi
|-resisted|p1a: Jirachi
|-damage|p1a: Jirachi|86/100
|
|-weather|RainDance|[upkeep]
|-heal|p1a: Jirachi|93/100|[from] item: Leftovers
|-heal|p2a: Reuniclus|64/100 par|[from] item: Leftovers
|upkeep
|turn|7
|
|t:|1733793374
|move|p1a: Jirachi|Iron Head|p2a: Reuniclus
|-damage|p2a: Reuniclus|45/100 par
|cant|p2a: Reuniclus|flinch
|
|-weather|RainDance|[upkeep]
|-heal|p1a: Jirachi|99/100|[from] item: Leftovers
|-heal|p2a: Reuniclus|51/100 par|[from] item: Leftovers
|upkeep
|turn|8
|j| zibio
|
|t:|1733793382
|move|p1a: Jirachi|Iron Head|p2a: Reuniclus
|-damage|p2a: Reuniclus|30/100 par
|cant|p2a: Reuniclus|flinch
|
|-weather|RainDance|[upkeep]
|-heal|p1a: Jirachi|100/100|[from] item: Leftovers
|-heal|p2a: Reuniclus|36/100 par|[from] item: Leftovers
|upkeep
|turn|9
|
|t:|1733793395
|move|p1a: Jirachi|Iron Head|p2a: Reuniclus
|-damage|p2a: Reuniclus|16/100 par
|move|p2a: Reuniclus|Recover|p2a: Reuniclus
|-heal|p2a: Reuniclus|66/100 par
|
|-weather|RainDance|[upkeep]
|-heal|p2a: Reuniclus|72/100 par|[from] item: Leftovers
|upkeep
|turn|10
|
|t:|1733793406
|switch|p2a: Ferrothorn|Ferrothorn, F|100/100
|-damage|p2a: Ferrothorn|94/100|[from] Stealth Rock
|move|p1a: Jirachi|Iron Head|p2a: Ferrothorn
|-resisted|p2a: Ferrothorn
|-damage|p2a: Ferrothorn|84/100
|-damage|p1a: Jirachi|88/100|[from] ability: Iron Barbs|[of] p2a: Ferrothorn
|
|-weather|RainDance|[upkeep]
|-heal|p1a: Jirachi|94/100|[from] item: Leftovers
|-heal|p2a: Ferrothorn|91/100|[from] item: Leftovers
|upkeep
|turn|11
|
|t:|1733793411
|move|p1a: Jirachi|Body Slam|p2a: Ferrothorn
|-resisted|p2a: Ferrothorn
|-damage|p2a: Ferrothorn|83/100
|-damage|p1a: Jirachi|82/100|[from] ability: Iron Barbs|[of] p2a: Ferrothorn
|move|p2a: Ferrothorn|Leech Seed|p1a: Jirachi|[miss]
|-miss|p2a: Ferrothorn|p1a: Jirachi
|
|-weather|RainDance|[upkeep]
|-heal|p1a: Jirachi|88/100|[from] item: Leftovers
|-heal|p2a: Ferrothorn|90/100|[from] item: Leftovers
|upkeep
|turn|12
|
|t:|1733793424
|move|p1a: Jirachi|Body Slam|p2a: Ferrothorn
|-resisted|p2a: Ferrothorn
|-damage|p2a: Ferrothorn|83/100
|-damage|p1a: Jirachi|76/100|[from] ability: Iron Barbs|[of] p2a: Ferrothorn
|move|p2a: Ferrothorn|Leech Seed|p1a: Jirachi
|-start|p1a: Jirachi|move: Leech Seed
|
|-weather|RainDance|[upkeep]
|-heal|p1a: Jirachi|82/100|[from] item: Leftovers
|-heal|p2a: Ferrothorn|89/100|[from] item: Leftovers
|-damage|p1a: Jirachi|69/100|[from] Leech Seed|[of] p2a: Ferrothorn
|-heal|p2a: Ferrothorn|100/100|[silent]
|upkeep
|turn|13
|
|t:|1733793442
|move|p1a: Jirachi|Wish|p1a: Jirachi
|move|p2a: Ferrothorn|Stealth Rock|p1a: Jirachi
|-sidestart|p1: will098|move: Stealth Rock
|
|-weather|RainDance|[upkeep]
|-heal|p1a: Jirachi|76/100|[from] item: Leftovers
|-damage|p1a: Jirachi|63/100|[from] Leech Seed|[of] p2a: Ferrothorn
|upkeep
|turn|14
|l| I'mbadatenglish
|
|t:|1733793447
|switch|p1a: Thundurus|Thundurus-Therian, M|88/100
|-damage|p1a: Thundurus|63/100|[from] Stealth Rock
|move|p2a: Ferrothorn|Spikes|p1a: Thundurus
|-sidestart|p1: will098|Spikes
|
|-weather|RainDance|[upkeep]
|-heal|p1a: Thundurus|100/100|[from] move: Wish|[wisher] Jirachi
|upkeep
|turn|15
|l| zibio
|inactive|kaeizuka has 120 seconds left.
|
|t:|1733793481
|switch|p2a: Reuniclus|Reuniclus, M|72/100 par
|move|p1a: Thundurus|Substitute|p1a: Thundurus
|-start|p1a: Thundurus|Substitute
|-damage|p1a: Thundurus|75/100
|
|-weather|RainDance|[upkeep]
|-heal|p1a: Thundurus|81/100|[from] item: Leftovers
|-heal|p2a: Reuniclus|79/100 par|[from] item: Leftovers
|upkeep
|turn|16
|
|t:|1733793487
|move|p1a: Thundurus|Thunder|p2a: Reuniclus
|-damage|p2a: Reuniclus|13/100 par
|move|p2a: Reuniclus|Psyshock|p1a: Thundurus
|-end|p1a: Thundurus|Substitute
|
|-weather|RainDance|[upkeep]
|-heal|p1a: Thundurus|87/100|[from] item: Leftovers
|-heal|p2a: Reuniclus|19/100 par|[from] item: Leftovers
|upkeep
|turn|17
|
|t:|1733793496
|move|p1a: Thundurus|Substitute|p1a: Thundurus
|-start|p1a: Thundurus|Substitute
|-damage|p1a: Thundurus|62/100
|move|p2a: Reuniclus|Recover|p2a: Reuniclus
|-heal|p2a: Reuniclus|69/100 par
|
|-weather|RainDance|[upkeep]
|-heal|p1a: Thundurus|68/100|[from] item: Leftovers
|-heal|p2a: Reuniclus|75/100 par|[from] item: Leftovers
|upkeep
|turn|18
|
|t:|1733793500
|move|p1a: Thundurus|Thunder|p2a: Reuniclus
|-damage|p2a: Reuniclus|9/100 par
|move|p2a: Reuniclus|Psyshock|p1a: Thundurus
|-end|p1a: Thundurus|Substitute
|
|-weather|RainDance|[upkeep]
|-heal|p1a: Thundurus|74/100|[from] item: Leftovers
|-heal|p2a: Reuniclus|15/100 par|[from] item: Leftovers
|upkeep
|turn|19
|
|t:|1733793509
|move|p1a: Thundurus|Thunder|p2a: Reuniclus
|-damage|p2a: Reuniclus|0 fnt
|faint|p2a: Reuniclus
|
|-weather|RainDance|[upkeep]
|-heal|p1a: Thundurus|80/100|[from] item: Leftovers
|upkeep
|inactive|kaeizuka has 120 seconds left.
|
|t:|1733793542
|switch|p2a: Tyranitar|Tyranitar, M|100/100
|-damage|p2a: Tyranitar|88/100|[from] Stealth Rock
|-weather|Sandstorm|[from] ability: Sand Stream|[of] p2a: Tyranitar
|turn|20
|inactive|kaeizuka has 120 seconds left.
|
|t:|1733793559
|move|p2a: Tyranitar|Ice Beam|p1a: Thundurus
|-supereffective|p1a: Thundurus
|-crit|p1a: Thundurus
|-damage|p1a: Thundurus|0 fnt
|faint|p1a: Thundurus
|
|-weather|Sandstorm|[upkeep]
|upkeep
|
|t:|1733793569
|switch|p1a: Politoed|Politoed, F, shiny|100/100
|-damage|p1a: Politoed|88/100|[from] Stealth Rock
|-damage|p1a: Politoed|75/100|[from] Spikes
|-weather|RainDance|[from] ability: Drizzle|[of] p1a: Politoed
|turn|21
|inactive|kaeizuka has 120 seconds left.
|
|t:|1733793579
|switch|p2a: Ferrothorn|Ferrothorn, F|100/100
|-damage|p2a: Ferrothorn|94/100|[from] Stealth Rock
|move|p1a: Politoed|Scald|p2a: Ferrothorn
|-resisted|p2a: Ferrothorn
|-damage|p2a: Ferrothorn|81/100
|
|-weather|RainDance|[upkeep]
|-heal|p1a: Politoed|82/100|[from] item: Leftovers
|-heal|p2a: Ferrothorn|88/100|[from] item: Leftovers
|upkeep
|turn|22
|inactive|kaeizuka has 120 seconds left.
|inactive|will098 has 120 seconds left.
|
|t:|1733793620
|switch|p1a: Ferrothorn|Ferrothorn, M|39/100
|-damage|p1a: Ferrothorn|32/100|[from] Stealth Rock
|-damage|p1a: Ferrothorn|20/100|[from] Spikes
|move|p2a: Ferrothorn|Spikes|p1a: Ferrothorn
|-sidestart|p1: will098|Spikes
|
|-weather|RainDance|[upkeep]
|-heal|p1a: Ferrothorn|26/100|[from] item: Leftovers
|-heal|p2a: Ferrothorn|94/100|[from] item: Leftovers
|upkeep
|turn|23
|inactive|kaeizuka has 120 seconds left.
|
|t:|1733793628
|move|p1a: Ferrothorn|Thunder Wave|p2a: Ferrothorn
|-status|p2a: Ferrothorn|par
|move|p2a: Ferrothorn|Power Whip|p1a: Ferrothorn
|-resisted|p1a: Ferrothorn
|-damage|p1a: Ferrothorn|20/100
|-damage|p2a: Ferrothorn|81/100 par|[from] ability: Iron Barbs|[of] p1a: Ferrothorn
|
|-weather|RainDance|[upkeep]
|-heal|p1a: Ferrothorn|26/100|[from] item: Leftovers
|-heal|p2a: Ferrothorn|88/100 par|[from] item: Leftovers
|upkeep
|turn|24
|inactive|will098 has 120 seconds left.
|inactive|kaeizuka has 120 seconds left.
|
|t:|1733793652
|switch|p1a: Jirachi|Jirachi|63/100
|-damage|p1a: Jirachi|57/100|[from] Stealth Rock
|-damage|p1a: Jirachi|40/100|[from] Spikes
|switch|p2a: Tyranitar|Tyranitar, M|88/100
|-damage|p2a: Tyranitar|76/100|[from] Stealth Rock
|-weather|Sandstorm|[from] ability: Sand Stream|[of] p2a: Tyranitar
|
|-weather|Sandstorm|[upkeep]
|-heal|p1a: Jirachi|47/100|[from] item: Leftovers
|upkeep
|turn|25
|inactive|will098 has 120 seconds left.
|
|t:|1733793675
|move|p2a: Tyranitar|Superpower|p1a: Jirachi
|-damage|p1a: Jirachi|12/100
|-unboost|p2a: Tyranitar|atk|1
|-unboost|p2a: Tyranitar|def|1
|move|p1a: Jirachi|Wish|p1a: Jirachi
|
|-weather|Sandstorm|[upkeep]
|-heal|p1a: Jirachi|19/100|[from] item: Leftovers
|upkeep
|turn|26
|j| zibio
|l| zibio
|inactive|kaeizuka has 120 seconds left.
|
|t:|1733793689
|move|p1a: Jirachi|Protect|p1a: Jirachi
|-singleturn|p1a: Jirachi|Protect
|move|p2a: Tyranitar|Superpower|p1a: Jirachi
|-activate|p1a: Jirachi|move: Protect
|
|-weather|Sandstorm|[upkeep]
|-heal|p1a: Jirachi|69/100|[from] move: Wish|[wisher] Jirachi
|-heal|p1a: Jirachi|75/100|[from] item: Leftovers
|upkeep
|turn|27
|inactive|will098 has 120 seconds left.
|inactive|kaeizuka has 120 seconds left.
|
|t:|1733793701
|switch|p2a: Ferrothorn|Ferrothorn, F|88/100 par
|-damage|p2a: Ferrothorn|81/100 par|[from] Stealth Rock
|move|p1a: Jirachi|Wish|p1a: Jirachi
|
|-weather|Sandstorm|[upkeep]
|-heal|p1a: Jirachi|81/100|[from] item: Leftovers
|-heal|p2a: Ferrothorn|88/100 par|[from] item: Leftovers
|upkeep
|turn|28
|inactive|will098 has 120 seconds left.
|inactive|will098 has 90 seconds left.
|
|t:|1733793740
|switch|p1a: Landorus|Landorus-Therian, M|100/100
|-damage|p1a: Landorus|88/100|[from] Stealth Rock
|-ability|p1a: Landorus|Intimidate|boost
|-unboost|p2a: Ferrothorn|atk|1
|move|p2a: Ferrothorn|Spikes|p1a: Landorus
|-sidestart|p1: will098|Spikes
|
|-weather|Sandstorm|[upkeep]
|-heal|p1a: Landorus|100/100|[from] move: Wish|[wisher] Jirachi
|-heal|p2a: Ferrothorn|94/100 par|[from] item: Leftovers
|upkeep
|turn|29
|inactive|kaeizuka has 120 seconds left.
|
|t:|1733793757
|move|p1a: Landorus|Earthquake|p2a: Ferrothorn
|-damage|p2a: Ferrothorn|47/100 par
|move|p2a: Ferrothorn|Leech Seed|p1a: Landorus
|-start|p1a: Landorus|move: Leech Seed
|
|-weather|Sandstorm|[upkeep]
|-heal|p2a: Ferrothorn|53/100 par|[from] item: Leftovers
|-damage|p1a: Landorus|88/100|[from] Leech Seed|[of] p2a: Ferrothorn
|-heal|p2a: Ferrothorn|64/100 par|[silent]
|upkeep
|turn|30
|inactive|kaeizuka has 120 seconds left.
|
|t:|1733793792
|switch|p1a: Jirachi|Jirachi|81/100
|-damage|p1a: Jirachi|75/100|[from] Stealth Rock
|-damage|p1a: Jirachi|50/100|[from] Spikes
|switch|p2a: Starmie|Starmie|100/100
|-damage|p2a: Starmie|88/100|[from] Stealth Rock
|
|-weather|Sandstorm|[upkeep]
|-damage|p2a: Starmie|82/100|[from] Sandstorm
|-heal|p2a: Starmie|88/100|[from] item: Leftovers
|-heal|p1a: Jirachi|56/100|[from] item: Leftovers
|upkeep
|turn|31
|inactive|will098 has 90 seconds left.
|inactive|will098 has 60 seconds left.
|inactive|will098 has 30 seconds left.
|inactive|will098 has 20 seconds left.
|inactive|will098 has 15 seconds left.
|
|t:|1733793886
|move|p2a: Starmie|Rapid Spin|p1a: Jirachi
|-resisted|p1a: Jirachi
|-damage|p1a: Jirachi|55/100
|-sideend|p2: kaeizuka|Stealth Rock|[from] move: Rapid Spin|[of] p2a: Starmie
|move|p1a: Jirachi|Body Slam|p2a: Starmie
|-damage|p2a: Starmie|65/100
|
|-weather|Sandstorm|[upkeep]
|-damage|p2a: Starmie|59/100|[from] Sandstorm
|-heal|p2a: Starmie|65/100|[from] item: Leftovers
|-heal|p1a: Jirachi|61/100|[from] item: Leftovers
|upkeep
|turn|32
|inactive|will098 has 25 seconds left this turn.
|inactive|will098 has 20 seconds left.
|inactive|will098 has 15 seconds left.
|inactive|will098 has 10 seconds left.
|inactive|will098 has 5 seconds left.
|-message|will098 lost due to inactivity.
|
|win|kaeizuka
|raw|will098's rating: 1360 &rarr; <strong>1339</strong><br />(-21 for losing)
|raw|kaeizuka's rating: 1343 &rarr; <strong>1364</strong><br />(+21 for winning)
|c|☆kaeizuka|shame
|c|☆kaeizuka|this was a good battle
|c|☆kaeizuka|gg
