|j|☆silly brine
|j|☆FunWitYaMotha
|t:|1706902847
|gametype|singles
|player|p1|silly brine|169|1389
|player|p2|FunWitYaMotha|crasherwake|1287
|teamsize|p1|6
|teamsize|p2|6
|gen|5
|tier|[Gen 5] OU
|rated|
|rule|Species Clause: Limit one of each Pokémon
|rule|OHKO Clause: OHKO moves are banned
|rule|Moody Clause: Moody is banned
|rule|Evasion Items Clause: Evasion items are banned
|rule|Evasion Moves Clause: Evasion moves are banned
|rule|Endless Battle Clause: Forcing endless battles is banned
|rule|HP Percentage Mod: HP is shown in percentages
|rule|Evasion Abilities Clause: Evasion abilities are banned
|rule|Sleep Moves Clause: Sleep-inducing moves are banned
|rule|Swagger Clause: Swagger is banned
|rule|Baton Pass Stat Clause: No Baton Passer may have a way to boost its stats
|clearpoke
|poke|p1|Abomasnow, M|item
|poke|p1|Forretress, M|item
|poke|p1|Gliscor, M|item
|poke|p1|Slowbro, M|item
|poke|p1|Blissey, F|item
|poke|p1|Latias, F|item
|poke|p2|Tyranitar, F|item
|poke|p2|Landorus-Therian, M|item
|poke|p2|Rotom-Wash|item
|poke|p2|Ferrothorn, F|item
|poke|p2|Latios, M|item
|poke|p2|Excadrill, F|item
|teampreview
|l|☆FunWitYaMotha
|player|p2|
|j|☆FunWitYaMotha
|player|p2|FunWitYaMotha|crasherwake
|j| rambo on waist
|j| MeEsSm
|n| peng1234556|meessm
|j| Nicolas Jackson
|
|t:|1706902896
|start
|switch|p1a: Gliscor|Gliscor, M|100/100
|switch|p2a: Landorus|Landorus-Therian, M|100/100
|-ability|p2a: Landorus|Intimidate|boost
|-unboost|p1a: Gliscor|atk|1
|turn|1
|
|t:|1706902899
|switch|p1a: Slowbro|Slowbro, M|100/100
|move|p2a: Landorus|Stealth Rock|p1a: Slowbro
|-sidestart|p1: silly brine|move: Stealth Rock
|
|upkeep
|turn|2
|j| marsandback
|
|t:|1706902910
|switch|p2a: Rotom|Rotom-Wash|100/100
|move|p1a: Slowbro|Scald|p2a: Rotom
|-resisted|p2a: Rotom
|-damage|p2a: Rotom|88/100
|
|-heal|p2a: Rotom|94/100|[from] item: Leftovers
|upkeep
|turn|3
|
|t:|1706902919
|switch|p1a: Blissey|Blissey, F|100/100
|-damage|p1a: Blissey|88/100|[from] Stealth Rock
|move|p2a: Rotom|Will-O-Wisp|p1a: Blissey
|-status|p1a: Blissey|brn
|
|-heal|p2a: Rotom|99/100|[from] item: Leftovers
|-heal|p1a: Blissey|94/100 brn|[from] item: Leftovers
|-damage|p1a: Blissey|82/100 brn|[from] brn
|upkeep
|turn|4
|
|t:|1706902925
|-curestatus|p1a: Blissey|brn|[from] ability: Natural Cure
|switch|p1a: Gliscor|Gliscor, M|100/100
|-damage|p1a: Gliscor|88/100|[from] Stealth Rock
|move|p2a: Rotom|Volt Switch|p1a: Gliscor
|-immune|p1a: Gliscor
|
|-heal|p2a: Rotom|100/100|[from] item: Leftovers
|-status|p1a: Gliscor|tox|[from] item: Toxic Orb
|upkeep
|turn|5
|
|t:|1706902930
|switch|p1a: Blissey|Blissey, F|82/100
|-damage|p1a: Blissey|69/100|[from] Stealth Rock
|move|p2a: Rotom|Hydro Pump|p1a: Blissey
|-damage|p1a: Blissey|54/100
|
|-heal|p1a: Blissey|60/100|[from] item: Leftovers
|upkeep
|turn|6
|
|t:|1706902936
|move|p2a: Rotom|Hydro Pump|p1a: Blissey
|-damage|p1a: Blissey|44/100
|move|p1a: Blissey|Soft-Boiled|p1a: Blissey
|-heal|p1a: Blissey|94/100
|
|-heal|p1a: Blissey|99/100|[from] item: Leftovers
|upkeep
|turn|7
|
|t:|1706902940
|move|p2a: Rotom|Hydro Pump|p1a: Blissey
|-damage|p1a: Blissey|85/100
|move|p1a: Blissey|Stealth Rock|p2a: Rotom
|-sidestart|p2: FunWitYaMotha|move: Stealth Rock
|
|-heal|p1a: Blissey|91/100|[from] item: Leftovers
|upkeep
|turn|8
|
|t:|1706902945
|switch|p1a: Gliscor|Gliscor, M|88/100 tox
|-damage|p1a: Gliscor|76/100 tox|[from] Stealth Rock
|move|p2a: Rotom|Volt Switch|p1a: Gliscor
|-immune|p1a: Gliscor
|
|-heal|p1a: Gliscor|88/100 tox|[from] ability: Poison Heal
|upkeep
|turn|9
|
|t:|1706902954
|switch|p1a: Abomasnow|Abomasnow, M|100/100
|-damage|p1a: Abomasnow|76/100|[from] Stealth Rock
|-weather|Hail|[from] ability: Snow Warning|[of] p1a: Abomasnow
|move|p2a: Rotom|Volt Switch|p1a: Abomasnow
|-resisted|p1a: Abomasnow
|-damage|p1a: Abomasnow|58/100
|
|t:|1706902973
|switch|p2a: Excadrill|Excadrill, F|100/100|[from] Volt Switch
|-damage|p2a: Excadrill|97/100|[from] Stealth Rock
|
|-weather|Hail|[upkeep]
|-damage|p2a: Excadrill|91/100|[from] Hail
|-heal|p2a: Excadrill|97/100|[from] item: Leftovers
|-heal|p1a: Abomasnow|64/100|[from] item: Leftovers
|upkeep
|turn|10
|
|t:|1706902978
|switch|p1a: Gliscor|Gliscor, M|88/100 tox
|-damage|p1a: Gliscor|76/100 tox|[from] Stealth Rock
|move|p2a: Excadrill|Iron Head|p1a: Gliscor
|-damage|p1a: Gliscor|47/100 tox
|
|-weather|Hail|[upkeep]
|-damage|p2a: Excadrill|91/100|[from] Hail
|-damage|p1a: Gliscor|40/100 tox|[from] Hail
|-heal|p2a: Excadrill|97/100|[from] item: Leftovers
|-heal|p1a: Gliscor|53/100 tox|[from] ability: Poison Heal
|upkeep
|turn|11
|
|t:|1706902994
|switch|p2a: Latios|Latios, M|100/100
|-damage|p2a: Latios|88/100|[from] Stealth Rock
|move|p1a: Gliscor|Earthquake|p2a: Latios
|-immune|p2a: Latios|[from] ability: Levitate
|
|-weather|Hail|[upkeep]
|-damage|p2a: Latios|82/100|[from] Hail
|-damage|p1a: Gliscor|47/100 tox|[from] Hail
|-heal|p1a: Gliscor|59/100 tox|[from] ability: Poison Heal
|upkeep
|turn|12
|
|t:|1706903005
|move|p1a: Gliscor|Protect|p1a: Gliscor
|-singleturn|p1a: Gliscor|Protect
|move|p2a: Latios|Hidden Power|p1a: Gliscor
|-activate|p1a: Gliscor|move: Protect
|
|-weather|Hail|[upkeep]
|-damage|p2a: Latios|76/100|[from] Hail
|-damage|p1a: Gliscor|53/100 tox|[from] Hail
|-heal|p1a: Gliscor|65/100 tox|[from] ability: Poison Heal
|upkeep
|turn|13
|
|t:|1706903039
|switch|p2a: Ferrothorn|Ferrothorn, F|100/100
|-damage|p2a: Ferrothorn|94/100|[from] Stealth Rock
|switch|p1a: Latias|Latias, F|100/100
|-damage|p1a: Latias|88/100|[from] Stealth Rock
|
|-weather|Hail|[upkeep]
|-damage|p1a: Latias|82/100|[from] Hail
|-damage|p2a: Ferrothorn|88/100|[from] Hail
|-heal|p2a: Ferrothorn|94/100|[from] item: Leftovers
|upkeep
|turn|14
|
|t:|1706903051
|switch|p1a: Forretress|Forretress, M|100/100
|-damage|p1a: Forretress|88/100|[from] Stealth Rock
|move|p2a: Ferrothorn|Spikes|p1a: Forretress
|-sidestart|p1: silly brine|Spikes
|
|-weather|Hail|[upkeep]
|-damage|p2a: Ferrothorn|88/100|[from] Hail
|-heal|p1a: Forretress|94/100|[from] item: Leftovers
|-heal|p2a: Ferrothorn|94/100|[from] item: Leftovers
|upkeep
|turn|15
|
|t:|1706903064
|move|p1a: Forretress|Rapid Spin|p2a: Ferrothorn
|-resisted|p2a: Ferrothorn
|-damage|p2a: Ferrothorn|93/100
|-damage|p1a: Forretress|82/100|[from] ability: Iron Barbs|[of] p2a: Ferrothorn
|-sideend|p1: silly brine|Spikes|[from] move: Rapid Spin|[of] p1a: Forretress
|-sideend|p1: silly brine|Stealth Rock|[from] move: Rapid Spin|[of] p1a: Forretress
|move|p2a: Ferrothorn|Leech Seed|p1a: Forretress
|-start|p1a: Forretress|move: Leech Seed
|
|-weather|Hail|[upkeep]
|-damage|p2a: Ferrothorn|87/100|[from] Hail
|-heal|p1a: Forretress|88/100|[from] item: Leftovers
|-heal|p2a: Ferrothorn|93/100|[from] item: Leftovers
|-damage|p1a: Forretress|76/100|[from] Leech Seed|[of] p2a: Ferrothorn
|-heal|p2a: Ferrothorn|100/100|[silent]
|upkeep
|turn|16
|
|t:|1706903077
|move|p1a: Forretress|Spikes|p2a: Ferrothorn
|-sidestart|p2: FunWitYaMotha|Spikes
|move|p2a: Ferrothorn|Spikes|p1a: Forretress
|-sidestart|p1: silly brine|Spikes
|
|-weather|Hail|[upkeep]
|-damage|p2a: Ferrothorn|94/100|[from] Hail
|-heal|p1a: Forretress|82/100|[from] item: Leftovers
|-heal|p2a: Ferrothorn|100/100|[from] item: Leftovers
|-damage|p1a: Forretress|69/100|[from] Leech Seed|[of] p2a: Ferrothorn
|upkeep
|turn|17
|
|t:|1706903085
|switch|p1a: Gliscor|Gliscor, M|65/100 tox
|switch|p2a: Excadrill|Excadrill, F|97/100
|-damage|p2a: Excadrill|94/100|[from] Stealth Rock
|-damage|p2a: Excadrill|82/100|[from] Spikes
|
|-weather|Hail|[upkeep]
|-damage|p2a: Excadrill|76/100|[from] Hail
|-damage|p1a: Gliscor|59/100 tox|[from] Hail
|-heal|p2a: Excadrill|82/100|[from] item: Leftovers
|-heal|p1a: Gliscor|71/100 tox|[from] ability: Poison Heal
|upkeep
|turn|18
|
|t:|1706903102
|switch|p2a: Latios|Latios, M|76/100
|-damage|p2a: Latios|64/100|[from] Stealth Rock
|move|p1a: Gliscor|Protect||[still]
|-fail|p1a: Gliscor
|
|-weather|Hail|[upkeep]
|-damage|p2a: Latios|58/100|[from] Hail
|-damage|p1a: Gliscor|65/100 tox|[from] Hail
|-heal|p1a: Gliscor|78/100 tox|[from] ability: Poison Heal
|upkeep
|turn|19
|
|t:|1706903105
|move|p1a: Gliscor|Protect|p1a: Gliscor
|-singleturn|p1a: Gliscor|Protect
|move|p2a: Latios|Draco Meteor|p1a: Gliscor
|-activate|p1a: Gliscor|move: Protect
|
|-weather|Hail|[upkeep]
|-damage|p2a: Latios|52/100|[from] Hail
|-damage|p1a: Gliscor|71/100 tox|[from] Hail
|-heal|p1a: Gliscor|84/100 tox|[from] ability: Poison Heal
|upkeep
|turn|20
|
|t:|1706903109
|switch|p2a: Excadrill|Excadrill, F|82/100
|-damage|p2a: Excadrill|79/100|[from] Stealth Rock
|-damage|p2a: Excadrill|66/100|[from] Spikes
|switch|p1a: Blissey|Blissey, F|91/100
|-damage|p1a: Blissey|78/100|[from] Spikes
|
|-weather|Hail|[upkeep]
|-damage|p2a: Excadrill|60/100|[from] Hail
|-damage|p1a: Blissey|72/100|[from] Hail
|-heal|p2a: Excadrill|66/100|[from] item: Leftovers
|-heal|p1a: Blissey|78/100|[from] item: Leftovers
|upkeep
|turn|21
|
|t:|1706903114
|switch|p1a: Slowbro|Slowbro, M|100/100
|-damage|p1a: Slowbro|88/100|[from] Spikes
|move|p2a: Excadrill|Rapid Spin|p1a: Slowbro
|-crit|p1a: Slowbro
|-damage|p1a: Slowbro|80/100
|-damage|p2a: Excadrill|50/100|[from] item: Rocky Helmet|[of] p1a: Slowbro
|-sideend|p2: FunWitYaMotha|Spikes|[from] move: Rapid Spin|[of] p2a: Excadrill
|-sideend|p2: FunWitYaMotha|Stealth Rock|[from] move: Rapid Spin|[of] p2a: Excadrill
|
|-weather|Hail|[upkeep]
|-damage|p2a: Excadrill|43/100|[from] Hail
|-damage|p1a: Slowbro|74/100|[from] Hail
|-heal|p2a: Excadrill|50/100|[from] item: Leftovers
|upkeep
|turn|22
|
|t:|1706903119
|switch|p2a: Tyranitar|Tyranitar, F|100/100
|-weather|Sandstorm|[from] ability: Sand Stream|[of] p2a: Tyranitar
|move|p1a: Slowbro|Scald|p2a: Tyranitar
|-supereffective|p2a: Tyranitar
|-damage|p2a: Tyranitar|76/100
|
|-weather|Sandstorm|[upkeep]
|-damage|p1a: Slowbro|68/100|[from] Sandstorm
|upkeep
|turn|23
|
|t:|1706903125
|move|p2a: Tyranitar|Pursuit|p1a: Slowbro
|-supereffective|p1a: Slowbro
|-damage|p1a: Slowbro|43/100
|-damage|p2a: Tyranitar|60/100|[from] item: Rocky Helmet|[of] p1a: Slowbro
|move|p1a: Slowbro|Slack Off|p1a: Slowbro
|-heal|p1a: Slowbro|93/100
|
|-weather|Sandstorm|[upkeep]
|-damage|p1a: Slowbro|87/100|[from] Sandstorm
|upkeep
|turn|24
|
|t:|1706903127
|switch|p1a: Gliscor|Gliscor, M|84/100 tox
|move|p2a: Tyranitar|Crunch|p1a: Gliscor
|-damage|p1a: Gliscor|52/100 tox
|-unboost|p1a: Gliscor|def|1
|
|-weather|Sandstorm|[upkeep]
|-heal|p1a: Gliscor|65/100 tox|[from] ability: Poison Heal
|upkeep
|turn|25
|
|t:|1706903140
|switch|p1a: Abomasnow|Abomasnow, M|64/100
|-damage|p1a: Abomasnow|52/100|[from] Spikes
|-weather|Hail|[from] ability: Snow Warning|[of] p1a: Abomasnow
|switch|p2a: Ferrothorn|Ferrothorn, F|100/100
|
|-weather|Hail|[upkeep]
|-damage|p2a: Ferrothorn|94/100|[from] Hail
|-heal|p1a: Abomasnow|58/100|[from] item: Leftovers
|-heal|p2a: Ferrothorn|100/100|[from] item: Leftovers
|upkeep
|turn|26
|
|t:|1706903144
|-singleturn|p1a: Abomasnow|move: Focus Punch
|move|p2a: Ferrothorn|Gyro Ball|p1a: Abomasnow
|-supereffective|p1a: Abomasnow
|-damage|p1a: Abomasnow|0 fnt
|faint|p1a: Abomasnow
|
|-weather|Hail|[upkeep]
|-damage|p2a: Ferrothorn|94/100|[from] Hail
|-heal|p2a: Ferrothorn|100/100|[from] item: Leftovers
|upkeep
|
|t:|1706903150
|switch|p1a: Forretress|Forretress, M|69/100
|-damage|p1a: Forretress|57/100|[from] Spikes
|turn|27
|
|t:|1706903156
|move|p1a: Forretress|Hidden Power|p2a: Ferrothorn
|-supereffective|p2a: Ferrothorn
|-damage|p2a: Ferrothorn|69/100
|move|p2a: Ferrothorn|Knock Off|p1a: Forretress
|-resisted|p1a: Forretress
|-crit|p1a: Forretress
|-damage|p1a: Forretress|54/100
|-enditem|p1a: Forretress|Leftovers|[from] move: Knock Off|[of] p2a: Ferrothorn
|
|-weather|Hail|[upkeep]
|-damage|p2a: Ferrothorn|63/100|[from] Hail
|-heal|p2a: Ferrothorn|69/100|[from] item: Leftovers
|upkeep
|turn|28
|
|t:|1706903166
|switch|p2a: Tyranitar|Tyranitar, F|60/100
|-weather|Sandstorm|[from] ability: Sand Stream|[of] p2a: Tyranitar
|move|p1a: Forretress|Spikes|p2a: Tyranitar
|-sidestart|p2: FunWitYaMotha|Spikes
|
|-weather|Sandstorm|[upkeep]
|upkeep
|turn|29
|
|t:|1706903178
|switch|p2a: Rotom|Rotom-Wash|100/100
|move|p1a: Forretress|Gyro Ball|p2a: Rotom
|-resisted|p2a: Rotom
|-damage|p2a: Rotom|97/100
|
|-weather|Sandstorm|[upkeep]
|-damage|p2a: Rotom|90/100|[from] Sandstorm
|-heal|p2a: Rotom|97/100|[from] item: Leftovers
|upkeep
|turn|30
|
|t:|1706903184
|switch|p1a: Blissey|Blissey, F|78/100
|-damage|p1a: Blissey|66/100|[from] Spikes
|move|p2a: Rotom|Hydro Pump|p1a: Blissey
|-damage|p1a: Blissey|50/100
|
|-weather|Sandstorm|[upkeep]
|-damage|p2a: Rotom|90/100|[from] Sandstorm
|-damage|p1a: Blissey|43/100|[from] Sandstorm
|-heal|p2a: Rotom|97/100|[from] item: Leftovers
|-heal|p1a: Blissey|50/100|[from] item: Leftovers
|upkeep
|turn|31
|
|t:|1706903188
|move|p2a: Rotom|Volt Switch|p1a: Blissey
|-damage|p1a: Blissey|40/100
|
|t:|1706903190
|switch|p2a: Landorus|Landorus-Therian, M|100/100|[from] Volt Switch
|-ability|p2a: Landorus|Intimidate|boost
|-unboost|p1a: Blissey|atk|1
|move|p1a: Blissey|Soft-Boiled|p1a: Blissey
|-heal|p1a: Blissey|90/100
|
|-weather|Sandstorm|[upkeep]
|-damage|p1a: Blissey|84/100|[from] Sandstorm
|-heal|p1a: Blissey|90/100|[from] item: Leftovers
|upkeep
|turn|32
|
|t:|1706903196
|switch|p1a: Slowbro|Slowbro, M|100/100
|-damage|p1a: Slowbro|88/100|[from] Spikes
|move|p2a: Landorus|U-turn|p1a: Slowbro
|-supereffective|p1a: Slowbro
|-damage|p1a: Slowbro|62/100
|-damage|p2a: Landorus|84/100|[from] item: Rocky Helmet|[of] p1a: Slowbro
|
|t:|1706903210
|switch|p2a: Rotom|Rotom-Wash|97/100|[from] U-turn
|
|-weather|Sandstorm|[upkeep]
|-damage|p2a: Rotom|90/100|[from] Sandstorm
|-damage|p1a: Slowbro|56/100|[from] Sandstorm
|-heal|p2a: Rotom|97/100|[from] item: Leftovers
|upkeep
|turn|33
|
|t:|1706903218
|switch|p1a: Blissey|Blissey, F|90/100
|-damage|p1a: Blissey|78/100|[from] Spikes
|move|p2a: Rotom|Volt Switch|p1a: Blissey
|-damage|p1a: Blissey|69/100
|
|t:|1706903228
|switch|p2a: Excadrill|Excadrill, F|50/100|[from] Volt Switch
|-damage|p2a: Excadrill|37/100|[from] Spikes
|
|-weather|Sandstorm|[upkeep]
|-damage|p1a: Blissey|62/100|[from] Sandstorm
|-heal|p2a: Excadrill|43/100|[from] item: Leftovers
|-heal|p1a: Blissey|69/100|[from] item: Leftovers
|upkeep
|turn|34
|c| rambo on waist|moonman hydro the blissey again
|c| rambo on waist|it does so much damage
|
|t:|1706903259
|switch|p1a: Gliscor|Gliscor, M|65/100 tox
|move|p2a: Excadrill|Swords Dance|p2a: Excadrill
|-boost|p2a: Excadrill|atk|2
|
|-weather|Sandstorm|[upkeep]
|-heal|p2a: Excadrill|50/100|[from] item: Leftovers
|-heal|p1a: Gliscor|77/100 tox|[from] ability: Poison Heal
|upkeep
|turn|35
|
|t:|1706903266
|move|p2a: Excadrill|Iron Head|p1a: Gliscor
|-damage|p1a: Gliscor|0 fnt
|faint|p1a: Gliscor
|
|-weather|Sandstorm|[upkeep]
|-heal|p2a: Excadrill|56/100|[from] item: Leftovers
|upkeep
|
|t:|1706903271
|switch|p1a: Latias|Latias, F|82/100
|turn|36
|
|t:|1706903283
|move|p1a: Latias|Surf|p2a: Excadrill
|-supereffective|p2a: Excadrill
|-damage|p2a: Excadrill|4/100
|move|p2a: Excadrill|Iron Head|p1a: Latias
|-damage|p1a: Latias|0 fnt
|faint|p1a: Latias
|
|-weather|Sandstorm|[upkeep]
|-heal|p2a: Excadrill|10/100|[from] item: Leftovers
|upkeep
|
|t:|1706903288
|switch|p1a: Slowbro|Slowbro, M|89/100
|-damage|p1a: Slowbro|76/100|[from] Spikes
|turn|37
|
|t:|1706903290
|move|p2a: Excadrill|Earthquake|p1a: Slowbro
|-damage|p1a: Slowbro|7/100
|move|p1a: Slowbro|Scald|p2a: Excadrill
|-supereffective|p2a: Excadrill
|-damage|p2a: Excadrill|0 fnt
|faint|p2a: Excadrill
|
|-weather|Sandstorm|[upkeep]
|-damage|p1a: Slowbro|1/100|[from] Sandstorm
|upkeep
|c| marsandback|good lawd
|c|☆silly brine|i got 1
|
|t:|1706903297
|switch|p2a: Landorus|Landorus-Therian, M|84/100
|-ability|p2a: Landorus|Intimidate|boost
|-unboost|p1a: Slowbro|atk|1
|turn|38
|
|t:|1706903305
|switch|p1a: Forretress|Forretress, M|54/100
|-damage|p1a: Forretress|42/100|[from] Spikes
|move|p2a: Landorus|Stealth Rock|p1a: Forretress
|-sidestart|p1: silly brine|move: Stealth Rock
|
|-weather|Sandstorm|[upkeep]
|upkeep
|turn|39
|
|t:|1706903310
|switch|p2a: Ferrothorn|Ferrothorn, F|69/100
|-damage|p2a: Ferrothorn|57/100|[from] Spikes
|move|p1a: Forretress|Spikes|p2a: Ferrothorn
|-sidestart|p2: FunWitYaMotha|Spikes
|
|-weather|Sandstorm|[upkeep]
|-heal|p2a: Ferrothorn|63/100|[from] item: Leftovers
|upkeep
|turn|40
|
|t:|1706903317
|move|p1a: Forretress|Spikes|p2a: Ferrothorn
|-sidestart|p2: FunWitYaMotha|Spikes
|move|p2a: Ferrothorn|Leech Seed|p1a: Forretress
|-start|p1a: Forretress|move: Leech Seed
|
|-weather|Sandstorm|[upkeep]
|-heal|p2a: Ferrothorn|69/100|[from] item: Leftovers
|-damage|p1a: Forretress|29/100|[from] Leech Seed|[of] p2a: Ferrothorn
|-heal|p2a: Ferrothorn|82/100|[silent]
|upkeep
|turn|41
|
|t:|1706903326
|switch|p2a: Latios|Latios, M|52/100
|move|p1a: Forretress|Rapid Spin|p2a: Latios
|-damage|p2a: Latios|45/100
|-end|p1a: Forretress|Leech Seed|[from] move: Rapid Spin|[of] p1a: Forretress
|-sideend|p1: silly brine|Spikes|[from] move: Rapid Spin|[of] p1a: Forretress
|-sideend|p1: silly brine|Stealth Rock|[from] move: Rapid Spin|[of] p1a: Forretress
|
|-weather|Sandstorm|[upkeep]
|-damage|p2a: Latios|39/100|[from] Sandstorm
|upkeep
|turn|42
|
|t:|1706903340
|switch|p1a: Blissey|Blissey, F|69/100
|move|p2a: Latios|Psyshock|p1a: Blissey
|-damage|p1a: Blissey|15/100
|
|-weather|Sandstorm|[upkeep]
|-damage|p2a: Latios|33/100|[from] Sandstorm
|-damage|p1a: Blissey|9/100|[from] Sandstorm
|-heal|p1a: Blissey|15/100|[from] item: Leftovers
|upkeep
|turn|43
|
|t:|1706903354
|switch|p1a: Forretress|Forretress, M|29/100
|move|p2a: Latios|Psyshock|p1a: Forretress
|-resisted|p1a: Forretress
|-damage|p1a: Forretress|11/100
|
|-weather|Sandstorm|[upkeep]
|-damage|p2a: Latios|27/100|[from] Sandstorm
|upkeep
|turn|44
|
|t:|1706903362
|move|p2a: Latios|Psyshock|p1a: Forretress
|-resisted|p1a: Forretress
|-damage|p1a: Forretress|0 fnt
|faint|p1a: Forretress
|
|-weather|Sandstorm|[upkeep]
|-damage|p2a: Latios|21/100|[from] Sandstorm
|upkeep
|
|t:|1706903364
|switch|p1a: Slowbro|Slowbro, M|34/100
|turn|45
|
|t:|1706903370
|switch|p2a: Rotom|Rotom-Wash|97/100
|move|p1a: Slowbro|Slack Off|p1a: Slowbro
|-heal|p1a: Slowbro|84/100
|
|-weather|Sandstorm|[upkeep]
|-damage|p2a: Rotom|90/100|[from] Sandstorm
|-damage|p1a: Slowbro|78/100|[from] Sandstorm
|-heal|p2a: Rotom|97/100|[from] item: Leftovers
|upkeep
|turn|46
|
|t:|1706903375
|move|p2a: Rotom|Volt Switch|p1a: Slowbro
|-supereffective|p1a: Slowbro
|-damage|p1a: Slowbro|30/100
|
|t:|1706903377
|switch|p2a: Latios|Latios, M|21/100|[from] Volt Switch
|move|p1a: Slowbro|Slack Off|p1a: Slowbro
|-heal|p1a: Slowbro|80/100
|
|-weather|Sandstorm|[upkeep]
|-damage|p2a: Latios|15/100|[from] Sandstorm
|-damage|p1a: Slowbro|74/100|[from] Sandstorm
|upkeep
|turn|47
|
|t:|1706903388
|move|p2a: Latios|Draco Meteor|p1a: Slowbro
|-damage|p1a: Slowbro|0 fnt
|-unboost|p2a: Latios|spa|2
|faint|p1a: Slowbro
|
|-weather|Sandstorm|[upkeep]
|-damage|p2a: Latios|9/100|[from] Sandstorm
|upkeep
|
|t:|1706903390
|switch|p1a: Blissey|Blissey, F|15/100
|turn|48
|
|t:|1706903391
|move|p2a: Latios|Draco Meteor|p1a: Blissey
|-damage|p1a: Blissey|0 fnt
|-unboost|p2a: Latios|spa|2
|faint|p1a: Blissey
|
|win|FunWitYaMotha
|raw|silly brine's rating: 1389 &rarr; <strong>1363</strong><br />(-26 for losing)
|raw|FunWitYaMotha's rating: 1287 &rarr; <strong>1319</strong><br />(+32 for winning)
|l|☆silly brine
|player|p1|
|l| peng1234556
|l|☆FunWitYaMotha
|player|p2|
|j|☆FunWitYaMotha
|player|p2|FunWitYaMotha|crasherwake
|l|☆FunWitYaMotha
|player|p2|
