|j|☆Hidden & Dangerous
|j|☆s-l640
|player|p1|Hidden & Dangerous|33
|player|p2|s-l640|63
|teamsize|p1|6
|teamsize|p2|6
|gametype|singles
|gen|5
|tier|[Gen 5] OU
|rated|
|rule|Sleep Clause Mod: Limit one foe put to sleep
|rule|Species Clause: Limit one of each Pokémon
|rule|OHKO Clause: OHKO moves are banned
|rule|Moody Clause: Moody is banned
|rule|Evasion Moves Clause: Evasion moves are banned
|rule|Endless Battle Clause: Forcing endless battles is banned
|rule|HP Percentage Mod: HP is shown in percentages
|rule|Evasion Abilities Clause: Evasion abilities are banned
|rule|Baton Pass Clause: Limit one Baton Passer, can't pass Spe and other stats simultaneously
|rule|Swagger Clause: Swagger is banned
|clearpoke
|poke|p1|Tyranitar, M|item
|poke|p1|Skarmory, F|item
|poke|p1|Terrakion|item
|poke|p1|Gliscor, F|item
|poke|p1|Amoonguss, M|item
|poke|p1|Alakazam, F|item
|poke|p2|Mienshao, M|item
|poke|p2|Tyranitar, M|item
|poke|p2|Skarmory, M|item
|poke|p2|Latios, M|item
|poke|p2|Landorus-Therian, M|item
|poke|p2|Keldeo-Resolute|item
|teampreview
|
|start
|switch|p1a: Amoonguss|Amoonguss, M|100/100
|switch|p2a: Tyranitar|Tyranitar, M|100/100
|-weather|Sandstorm|[from] ability: Sand Stream|[of] p2a: Tyranitar
|turn|1
|
|switch|p2a: Keldeo|Keldeo-Resolute|100/100
|move|p1a: Amoonguss|Spore|p2a: Keldeo
|-status|p2a: Keldeo|slp
|
|-weather|Sandstorm|[upkeep]
|-damage|p2a: Keldeo|94/100 slp|[from] Sandstorm
|-damage|p1a: Amoonguss|94/100|[from] Sandstorm
|-heal|p1a: Amoonguss|100/100|[from] item: Black Sludge
|upkeep
|turn|2
|
|switch|p2a: McMienshao|Mienshao, M|100/100
|move|p1a: Amoonguss|Stun Spore|p2a: McMienshao
|-status|p2a: McMienshao|par
|
|-weather|Sandstorm|[upkeep]
|-damage|p1a: Amoonguss|94/100|[from] Sandstorm
|-damage|p2a: McMienshao|95/100 par|[from] Sandstorm
|-heal|p1a: Amoonguss|100/100|[from] item: Black Sludge
|upkeep
|turn|3
|
|move|p1a: Amoonguss|Stun Spore|p2a: McMienshao
|-fail|p2a: McMienshao|par
|move|p2a: McMienshao|U-turn|p1a: Amoonguss
|-damage|p1a: Amoonguss|70/100
|-damage|p2a: McMienshao|85/100 par|[from] item: Life Orb
|
|switch|p2a: Tyranitar|Tyranitar, M|100/100
|
|-weather|Sandstorm|[upkeep]
|-damage|p1a: Amoonguss|64/100|[from] Sandstorm
|-heal|p1a: Amoonguss|70/100|[from] item: Black Sludge
|upkeep
|turn|4
|
|switch|p1a: Skarmory|Skarmory, F|100/100
|move|p2a: Tyranitar|Stealth Rock|p1a: Skarmory
|-sidestart|p1: Hidden & Dangerous|move: Stealth Rock
|
|-weather|Sandstorm|[upkeep]
|upkeep
|turn|5
|
|move|p1a: Skarmory|Spikes|p2a: Tyranitar
|-sidestart|p2: s-l640|Spikes
|move|p2a: Tyranitar|Fire Blast|p1a: Skarmory
|-supereffective|p1a: Skarmory
|-damage|p1a: Skarmory|48/100
|
|-weather|Sandstorm|[upkeep]
|upkeep
|turn|6
|
|move|p1a: Skarmory|Roost|p1a: Skarmory
|-heal|p1a: Skarmory|98/100
|move|p2a: Tyranitar|Fire Blast|p1a: Skarmory
|-supereffective|p1a: Skarmory
|-damage|p1a: Skarmory|43/100
|
|-weather|Sandstorm|[upkeep]
|upkeep
|turn|7
|
|move|p1a: Skarmory|Roost|p1a: Skarmory
|-heal|p1a: Skarmory|93/100
|move|p2a: Tyranitar|Fire Blast|p1a: Skarmory
|-supereffective|p1a: Skarmory
|-damage|p1a: Skarmory|37/100
|
|-weather|Sandstorm|[upkeep]
|upkeep
|turn|8
|
|switch|p2a: Skarmory|Skarmory, M|100/100
|move|p1a: Skarmory|Roost|p1a: Skarmory
|-heal|p1a: Skarmory|87/100
|
|-weather|Sandstorm|[upkeep]
|upkeep
|turn|9
|
|move|p2a: Skarmory|Taunt|p1a: Skarmory
|-start|p1a: Skarmory|move: Taunt
|cant|p1a: Skarmory|move: Taunt|Spikes
|
|-weather|Sandstorm|[upkeep]
|upkeep
|turn|10
|
|switch|p1a: Gliscor|Gliscor, F|100/100
|-damage|p1a: Gliscor|88/100|[from] Stealth Rock
|move|p2a: Skarmory|Spikes|p1a: Gliscor
|-sidestart|p1: Hidden & Dangerous|Spikes
|
|-weather|Sandstorm|[upkeep]
|-status|p1a: Gliscor|tox|[from] item: Toxic Orb
|upkeep
|turn|11
|
|move|p1a: Gliscor|Taunt|p2a: Skarmory
|-start|p2a: Skarmory|move: Taunt
|cant|p2a: Skarmory|move: Taunt|Spikes
|
|-weather|Sandstorm|[upkeep]
|-heal|p1a: Gliscor|100/100 tox|[from] ability: Poison Heal
|upkeep
|turn|12
|
|move|p1a: Gliscor|Knock Off|p2a: Skarmory
|-resisted|p2a: Skarmory
|-damage|p2a: Skarmory|99/100
|-enditem|p2a: Skarmory|Leftovers|[from] move: Knock Off|[of] p1a: Gliscor
|-activate|p2a: Skarmory|move: Struggle
|move|p2a: Skarmory|Struggle|p1a: Gliscor
|-crit|p1a: Gliscor
|-damage|p1a: Gliscor|86/100 tox
|-damage|p2a: Skarmory|74/100|[from] recoil
|
|-weather|Sandstorm|[upkeep]
|-heal|p1a: Gliscor|98/100 tox|[from] ability: Poison Heal
|upkeep
|turn|13
|
|switch|p2a: McMienshao|Mienshao, M|100/100 par
|-damage|p2a: McMienshao|88/100 par|[from] Spikes
|move|p1a: Gliscor|Knock Off|p2a: McMienshao
|-resisted|p2a: McMienshao
|-damage|p2a: McMienshao|84/100 par
|-enditem|p2a: McMienshao|Life Orb|[from] move: Knock Off|[of] p1a: Gliscor
|
|-weather|Sandstorm|[upkeep]
|-damage|p2a: McMienshao|78/100 par|[from] Sandstorm
|-heal|p1a: Gliscor|100/100 tox|[from] ability: Poison Heal
|upkeep
|turn|14
|
|switch|p1a: Skarmory|Skarmory, F|87/100
|-damage|p1a: Skarmory|75/100|[from] Stealth Rock
|move|p2a: McMienshao|Hidden Power|p1a: Skarmory
|-damage|p1a: Skarmory|56/100
|
|-weather|Sandstorm|[upkeep]
|-damage|p2a: McMienshao|72/100 par|[from] Sandstorm
|upkeep
|turn|15
|
|move|p1a: Skarmory|Roost|p1a: Skarmory
|-heal|p1a: Skarmory|100/100
|move|p2a: McMienshao|High Jump Kick|p1a: Skarmory
|-supereffective|p1a: Skarmory
|-damage|p1a: Skarmory|21/100
|-damage|p2a: McMienshao|55/100 par|[from] item: Rocky Helmet|[of] p1a: Skarmory
|
|-weather|Sandstorm|[upkeep]
|-damage|p2a: McMienshao|49/100 par|[from] Sandstorm
|upkeep
|turn|16
|
|move|p1a: Skarmory|Spikes|p2a: McMienshao
|-sidestart|p2: s-l640|Spikes
|move|p2a: McMienshao|U-turn|p1a: Skarmory
|-resisted|p1a: Skarmory
|-damage|p1a: Skarmory|17/100
|-damage|p2a: McMienshao|33/100 par|[from] item: Rocky Helmet|[of] p1a: Skarmory
|
|switch|p2a: Skarmory|Skarmory, M|74/100
|
|-weather|Sandstorm|[upkeep]
|upkeep
|turn|17
|
|move|p2a: Skarmory|Taunt|p1a: Skarmory
|-start|p1a: Skarmory|move: Taunt
|cant|p1a: Skarmory|move: Taunt|Roost
|
|-weather|Sandstorm|[upkeep]
|upkeep
|turn|18
|
|switch|p1a: Gliscor|Gliscor, F|100/100 tox
|-damage|p1a: Gliscor|88/100 tox|[from] Stealth Rock
|move|p2a: Skarmory|Spikes|p1a: Gliscor
|-sidestart|p1: Hidden & Dangerous|Spikes
|
|-weather|Sandstorm|[upkeep]
|-heal|p1a: Gliscor|100/100 tox|[from] ability: Poison Heal
|upkeep
|turn|19
|
|switch|p2a: Latios|Latios, M|100/100
|move|p1a: Gliscor|Taunt|p2a: Latios
|-start|p2a: Latios|move: Taunt
|
|-weather|Sandstorm|[upkeep]
|-damage|p2a: Latios|95/100|[from] Sandstorm
|upkeep
|turn|20
|
|switch|p1a: Amoonguss|Amoonguss, M|100/100
|-damage|p1a: Amoonguss|88/100|[from] Stealth Rock
|-damage|p1a: Amoonguss|72/100|[from] Spikes
|move|p2a: Latios|Surf|p1a: Amoonguss
|-resisted|p1a: Amoonguss
|-damage|p1a: Amoonguss|58/100
|-damage|p2a: Latios|85/100|[from] item: Life Orb
|
|-weather|Sandstorm|[upkeep]
|-damage|p2a: Latios|79/100|[from] Sandstorm
|-damage|p1a: Amoonguss|52/100|[from] Sandstorm
|-heal|p1a: Amoonguss|58/100|[from] item: Black Sludge
|upkeep
|turn|21
|
|switch|p2a: Skarmory|Skarmory, M|74/100
|switch|p1a: Skarmory|Skarmory, F|17/100
|-damage|p1a: Skarmory|4/100|[from] Stealth Rock
|
|-weather|Sandstorm|[upkeep]
|upkeep
|turn|22
|
|move|p2a: Skarmory|Taunt|p1a: Skarmory
|-start|p1a: Skarmory|move: Taunt
|cant|p1a: Skarmory|move: Taunt|Roost
|
|-weather|Sandstorm|[upkeep]
|upkeep
|turn|23
|
|switch|p1a: Gliscor|Gliscor, F|100/100 tox
|-damage|p1a: Gliscor|88/100 tox|[from] Stealth Rock
|move|p2a: Skarmory|Spikes|p1a: Gliscor
|-sidestart|p1: Hidden & Dangerous|Spikes
|
|-weather|Sandstorm|[upkeep]
|-heal|p1a: Gliscor|100/100 tox|[from] ability: Poison Heal
|upkeep
|turn|24
|
|move|p1a: Gliscor|Taunt|p2a: Skarmory
|-start|p2a: Skarmory|move: Taunt
|cant|p2a: Skarmory|move: Taunt|Whirlwind
|
|-weather|Sandstorm|[upkeep]
|upkeep
|turn|25
|
|switch|p2a: McMienshao|Mienshao, M|66/100 par
|-damage|p2a: McMienshao|49/100 par|[from] Spikes
|move|p1a: Gliscor|Knock Off|p2a: McMienshao
|-resisted|p2a: McMienshao
|-damage|p2a: McMienshao|45/100 par
|
|-weather|Sandstorm|[upkeep]
|-damage|p2a: McMienshao|39/100 par|[from] Sandstorm
|upkeep
|turn|26
|
|switch|p2a: Latios|Latios, M|79/100
|move|p1a: Gliscor|Earthquake|p2a: Latios
|-immune|p2a: Latios|[msg]|[from] ability: Levitate
|
|-weather|Sandstorm|[upkeep]
|-damage|p2a: Latios|73/100|[from] Sandstorm
|upkeep
|turn|27
|
|switch|p2a: Landorus|Landorus-Therian, M|100/100
|-ability|p2a: Landorus|Intimidate|boost
|-unboost|p1a: Gliscor|atk|1
|switch|p1a: Skarmory|Skarmory, F|4/100
|-damage|p1a: Skarmory|0 fnt|[from] Stealth Rock
|faint|p1a: Skarmory
|
|-weather|Sandstorm|[upkeep]
|upkeep
|
|switch|p1a: Gliscor|Gliscor, F|100/100 tox
|-damage|p1a: Gliscor|88/100 tox|[from] Stealth Rock
|turn|28
|
|move|p2a: Landorus|Hidden Power|p1a: Gliscor
|-supereffective|p1a: Gliscor
|-damage|p1a: Gliscor|24/100 tox
|move|p1a: Gliscor|Roost|p1a: Gliscor
|-heal|p1a: Gliscor|75/100 tox
|
|-weather|Sandstorm|[upkeep]
|-heal|p1a: Gliscor|87/100 tox|[from] ability: Poison Heal
|upkeep
|turn|29
|
|switch|p1a: Amoonguss|Amoonguss, M|91/100
|-damage|p1a: Amoonguss|66/100|[from] Spikes
|-damage|p1a: Amoonguss|54/100|[from] Stealth Rock
|move|p2a: Landorus|Hidden Power|p1a: Amoonguss
|-supereffective|p1a: Amoonguss
|-damage|p1a: Amoonguss|30/100
|
|-weather|Sandstorm|[upkeep]
|-damage|p1a: Amoonguss|24/100|[from] Sandstorm
|-heal|p1a: Amoonguss|30/100|[from] item: Black Sludge
|upkeep
|turn|30
|
|switch|p2a: McMienshao|Mienshao, M|73/100 par
|-damage|p2a: McMienshao|56/100 par|[from] Spikes
|move|p1a: Amoonguss|Giga Drain|p2a: McMienshao
|-damage|p2a: McMienshao|9/100 par
|-heal|p1a: Amoonguss|45/100|[from] drain|[of] p2a: McMienshao
|
|-weather|Sandstorm|[upkeep]
|-damage|p1a: Amoonguss|39/100|[from] Sandstorm
|-damage|p2a: McMienshao|3/100 par|[from] Sandstorm
|-heal|p1a: Amoonguss|45/100|[from] item: Black Sludge
|upkeep
|turn|31
|
|switch|p2a: Skarmory|Skarmory, M|74/100
|move|p1a: Amoonguss|Giga Drain|p2a: Skarmory
|-resisted|p2a: Skarmory
|-damage|p2a: Skarmory|68/100
|-heal|p1a: Amoonguss|47/100|[from] drain|[of] p2a: Skarmory
|
|-weather|Sandstorm|[upkeep]
|-damage|p1a: Amoonguss|41/100|[from] Sandstorm
|-heal|p1a: Amoonguss|47/100|[from] item: Black Sludge
|upkeep
|turn|32
|
|move|p2a: Skarmory|Taunt|p1a: Amoonguss
|-start|p1a: Amoonguss|move: Taunt
|cant|p1a: Amoonguss|move: Taunt|Stun Spore
|
|-weather|Sandstorm|[upkeep]
|-damage|p1a: Amoonguss|41/100|[from] Sandstorm
|-heal|p1a: Amoonguss|47/100|[from] item: Black Sludge
|upkeep
|turn|33
|
|move|p1a: Amoonguss|Giga Drain|p2a: Skarmory
|-resisted|p2a: Skarmory
|-damage|p2a: Skarmory|62/100
|-heal|p1a: Amoonguss|50/100|[from] drain|[of] p2a: Skarmory
|move|p2a: Skarmory|Whirlwind|p1a: Amoonguss
|drag|p1a: Gliscor|Gliscor, F|87/100 tox
|-damage|p1a: Gliscor|75/100 tox|[from] Stealth Rock
|
|-weather|Sandstorm|[upkeep]
|-heal|p1a: Gliscor|87/100 tox|[from] ability: Poison Heal
|upkeep
|turn|34
|
|switch|p2a: Latios|Latios, M|73/100
|move|p1a: Gliscor|Knock Off|p2a: Latios
|-supereffective|p2a: Latios
|-damage|p2a: Latios|59/100
|-enditem|p2a: Latios|Life Orb|[from] move: Knock Off|[of] p1a: Gliscor
|
|-weather|Sandstorm|[upkeep]
|-damage|p2a: Latios|53/100|[from] Sandstorm
|-heal|p1a: Gliscor|99/100 tox|[from] ability: Poison Heal
|upkeep
|turn|35
|
|switch|p1a: Tyranitar|Tyranitar, M|100/100
|-damage|p1a: Tyranitar|88/100|[from] Stealth Rock
|-damage|p1a: Tyranitar|63/100|[from] Spikes
|move|p2a: Latios|Roost|p2a: Latios
|-heal|p2a: Latios|100/100
|
|-weather|Sandstorm|[upkeep]
|-damage|p2a: Latios|95/100|[from] Sandstorm
|upkeep
|turn|36
|
|move|p2a: Latios|Surf|p1a: Tyranitar
|-supereffective|p1a: Tyranitar
|-damage|p1a: Tyranitar|32/100
|move|p1a: Tyranitar|Crunch|p2a: Latios
|-supereffective|p2a: Latios
|-damage|p2a: Latios|0 fnt
|faint|p2a: Latios
|
|-weather|Sandstorm|[upkeep]
|upkeep
|
|switch|p2a: Landorus|Landorus-Therian, M|100/100
|-ability|p2a: Landorus|Intimidate|boost
|-unboost|p1a: Tyranitar|atk|1
|turn|37
|
|move|p2a: Landorus|U-turn|p1a: Tyranitar
|-supereffective|p1a: Tyranitar
|-damage|p1a: Tyranitar|0 fnt
|faint|p1a: Tyranitar
|
|switch|p2a: McMienshao|Mienshao, M|37/100 par
|-damage|p2a: McMienshao|20/100 par|[from] Spikes
|
|-weather|Sandstorm|[upkeep]
|-damage|p2a: McMienshao|14/100 par|[from] Sandstorm
|upkeep
|
|switch|p1a: Alakazam|Alakazam, F|100/100
|turn|38
|
|move|p1a: Alakazam|Psychic|p2a: McMienshao
|-supereffective|p2a: McMienshao
|-damage|p2a: McMienshao|0 fnt
|faint|p2a: McMienshao
|
|-weather|Sandstorm|[upkeep]
|upkeep
|
|switch|p2a: Tyranitar|Tyranitar, M|100/100
|-damage|p2a: Tyranitar|84/100|[from] Spikes
|turn|39
|
|move|p1a: Alakazam|Focus Blast|p2a: Tyranitar|[miss]
|-miss|p1a: Alakazam|p2a: Tyranitar
|move|p2a: Tyranitar|Pursuit|p1a: Alakazam
|-supereffective|p1a: Alakazam
|-damage|p1a: Alakazam|0 fnt
|faint|p1a: Alakazam
|
|-weather|Sandstorm|[upkeep]
|upkeep
|
|switch|p1a: Gliscor|Gliscor, F|99/100 tox
|-damage|p1a: Gliscor|87/100 tox|[from] Stealth Rock
|turn|40
|
|move|p1a: Gliscor|Knock Off|p2a: Tyranitar
|-resisted|p2a: Tyranitar
|-damage|p2a: Tyranitar|82/100
|-enditem|p2a: Tyranitar|Chople Berry|[from] move: Knock Off|[of] p1a: Gliscor
|move|p2a: Tyranitar|Crunch|p1a: Gliscor
|-damage|p1a: Gliscor|56/100 tox
|
|-weather|Sandstorm|[upkeep]
|-heal|p1a: Gliscor|68/100 tox|[from] ability: Poison Heal
|upkeep
|turn|41
|
|switch|p2a: Landorus|Landorus-Therian, M|100/100
|-ability|p2a: Landorus|Intimidate|boost
|-unboost|p1a: Gliscor|atk|1
|move|p1a: Gliscor|Roost|p1a: Gliscor
|-heal|p1a: Gliscor|100/100 tox
|
|-weather|Sandstorm|[upkeep]
|upkeep
|turn|42
|
|move|p2a: Landorus|U-turn|p1a: Gliscor
|-resisted|p1a: Gliscor
|-damage|p1a: Gliscor|91/100 tox
|
|switch|p2a: Skarmory|Skarmory, M|62/100
|move|p1a: Gliscor|Knock Off|p2a: Skarmory
|-resisted|p2a: Skarmory
|-damage|p2a: Skarmory|61/100
|
|-weather|Sandstorm|[upkeep]
|-heal|p1a: Gliscor|100/100 tox|[from] ability: Poison Heal
|upkeep
|turn|43
|
|switch|p2a: Tyranitar|Tyranitar, M|82/100
|-damage|p2a: Tyranitar|66/100|[from] Spikes
|move|p1a: Gliscor|Taunt|p2a: Tyranitar
|-start|p2a: Tyranitar|move: Taunt
|
|-weather|Sandstorm|[upkeep]
|upkeep
|turn|44
|
|switch|p2a: Landorus|Landorus-Therian, M|100/100
|-ability|p2a: Landorus|Intimidate|boost
|-unboost|p1a: Gliscor|atk|1
|move|p1a: Gliscor|Knock Off|p2a: Landorus
|-damage|p2a: Landorus|98/100
|-enditem|p2a: Landorus|Choice Scarf|[from] move: Knock Off|[of] p1a: Gliscor
|
|-weather|Sandstorm|[upkeep]
|upkeep
|turn|45
|
|move|p2a: Landorus|Hidden Power|p1a: Gliscor
|-supereffective|p1a: Gliscor
|-damage|p1a: Gliscor|37/100 tox
|move|p1a: Gliscor|Roost|p1a: Gliscor
|-heal|p1a: Gliscor|87/100 tox
|
|-weather|Sandstorm|[upkeep]
|-heal|p1a: Gliscor|99/100 tox|[from] ability: Poison Heal
|upkeep
|turn|46
|
|switch|p1a: Amoonguss|Amoonguss, M|83/100
|-damage|p1a: Amoonguss|71/100|[from] Stealth Rock
|-damage|p1a: Amoonguss|46/100|[from] Spikes
|move|p2a: Landorus|Hidden Power|p1a: Amoonguss
|-supereffective|p1a: Amoonguss
|-crit|p1a: Amoonguss
|-damage|p1a: Amoonguss|0 fnt
|faint|p1a: Amoonguss
|
|-weather|Sandstorm|[upkeep]
|upkeep
|
|switch|p1a: Gliscor|Gliscor, F|99/100 tox
|-damage|p1a: Gliscor|87/100 tox|[from] Stealth Rock
|turn|47
|
|switch|p2a: Skarmory|Skarmory, M|61/100
|move|p1a: Gliscor|Roost|p1a: Gliscor
|-heal|p1a: Gliscor|100/100 tox
|
|-weather|Sandstorm|[upkeep]
|upkeep
|turn|48
|
|switch|p2a: Landorus|Landorus-Therian, M|98/100
|-ability|p2a: Landorus|Intimidate|boost
|-unboost|p1a: Gliscor|atk|1
|move|p1a: Gliscor|Taunt|p2a: Landorus
|-start|p2a: Landorus|move: Taunt
|
|-weather|Sandstorm|[upkeep]
|upkeep
|turn|49
|
|move|p2a: Landorus|U-turn|p1a: Gliscor
|-resisted|p1a: Gliscor
|-damage|p1a: Gliscor|90/100 tox
|
|switch|p2a: Skarmory|Skarmory, M|61/100
|move|p1a: Gliscor|Knock Off|p2a: Skarmory
|-resisted|p2a: Skarmory
|-damage|p2a: Skarmory|60/100
|
|-weather|Sandstorm|[upkeep]
|-heal|p1a: Gliscor|100/100 tox|[from] ability: Poison Heal
|upkeep
|turn|50
|
|switch|p2a: Landorus|Landorus-Therian, M|98/100
|-ability|p2a: Landorus|Intimidate|boost
|-unboost|p1a: Gliscor|atk|1
|move|p1a: Gliscor|Taunt|p2a: Landorus
|-start|p2a: Landorus|move: Taunt
|
|-weather|Sandstorm|[upkeep]
|upkeep
|turn|51
|
|move|p2a: Landorus|Hidden Power|p1a: Gliscor
|-supereffective|p1a: Gliscor
|-damage|p1a: Gliscor|41/100 tox
|move|p1a: Gliscor|Roost|p1a: Gliscor
|-heal|p1a: Gliscor|91/100 tox
|
|-weather|Sandstorm|[upkeep]
|-heal|p1a: Gliscor|100/100 tox|[from] ability: Poison Heal
|upkeep
|turn|52
|
|move|p2a: Landorus|Stone Edge|p1a: Gliscor|[miss]
|-miss|p2a: Landorus|p1a: Gliscor
|move|p1a: Gliscor|Knock Off|p2a: Landorus
|-damage|p2a: Landorus|95/100
|
|-weather|Sandstorm|[upkeep]
|-end|p2a: Landorus|move: Taunt
|upkeep
|turn|53
|
|move|p2a: Landorus|Hidden Power|p1a: Gliscor
|-supereffective|p1a: Gliscor
|-damage|p1a: Gliscor|41/100 tox
|move|p1a: Gliscor|Roost|p1a: Gliscor
|-heal|p1a: Gliscor|91/100 tox
|
|-weather|Sandstorm|[upkeep]
|-heal|p1a: Gliscor|100/100 tox|[from] ability: Poison Heal
|upkeep
|turn|54
|
|switch|p1a: Terrakion|Terrakion|100/100
|-damage|p1a: Terrakion|76/100|[from] Spikes
|-damage|p1a: Terrakion|70/100|[from] Stealth Rock
|move|p2a: Landorus|Stone Edge|p1a: Terrakion
|-resisted|p1a: Terrakion
|-damage|p1a: Terrakion|49/100
|
|-weather|Sandstorm|[upkeep]
|upkeep
|turn|55
|
|move|p1a: Terrakion|Swords Dance|p1a: Terrakion
|-boost|p1a: Terrakion|atk|2
|move|p2a: Landorus|Earthquake|p1a: Terrakion
|-supereffective|p1a: Terrakion
|-damage|p1a: Terrakion|0 fnt
|faint|p1a: Terrakion
|
|-weather|Sandstorm|[upkeep]
|upkeep
|-message|Hidden & Dangerous forfeited.
|
|win|s-l640
|l|☆Hidden & Dangerous
|raw|Hidden &amp; Dangerous's rating: 1379 &rarr; <strong>1356</strong><br />(-23 for losing)
|raw|s-l640's rating: 1325 &rarr; <strong>1348</strong><br />(+23 for winning)
