|j|☆Gym DG
|j|‽Nights Blade God
|player|p1|Gym DG|238
|player|p2|Nights Blade God|263
|teamsize|p1|6
|teamsize|p2|6
|gametype|singles
|gen|5
|tier|[Gen 5] OU
|rated|
|rule|Sleep Clause Mod: Limit one foe put to sleep
|rule|Species Clause: Limit one of each Pokémon
|rule|OHKO Clause: OHKO moves are banned
|rule|Moody Clause: Moody is banned
|rule|Evasion Moves Clause: Evasion moves are banned
|rule|Endless Battle Clause: Forcing endless battles is banned
|rule|HP Percentage Mod: HP is shown in percentages
|rule|Evasion Abilities Clause: Evasion abilities are banned
|rule|Baton Pass Clause: Limit one Baton Passer, can't pass Spe and other stats simultaneously
|rule|Swagger Clause: Swagger is banned
|clearpoke
|poke|p1|Jirachi|item
|poke|p1|Donphan, F|item
|poke|p1|Gastrodon, M|item
|poke|p1|Politoed, M|item
|poke|p1|Lapras, M|item
|poke|p1|Dragonite, F|item
|poke|p2|Rotom-Wash|item
|poke|p2|Ferrothorn, F|item
|poke|p2|Landorus-Therian, M|item
|poke|p2|Latios, M|item
|poke|p2|Excadrill, F|item
|poke|p2|Kingdra, M|item
|teampreview
|
|start
|switch|p1a: Jirachi|Jirachi|100/100
|switch|p2a: Rotom|Rotom-Wash|100/100
|turn|1
|
|move|p1a: Jirachi|U-turn|p2a: Rotom
|-damage|p2a: Rotom|84/100
|
|switch|p1a: Gastrodon|Gastrodon, M|100/100
|move|p2a: Rotom|Will-O-Wisp|p1a: Gastrodon|[miss]
|-miss|p2a: Rotom|p1a: Gastrodon
|
|-heal|p2a: Rotom|90/100|[from] item: Leftovers
|upkeep
|turn|2
|inactive|Battle timer is ON: inactive players will automatically lose when time's up. (requested by Nights Blade God)
|
|switch|p2a: Ferrothorn|Ferrothorn, F|100/100
|move|p1a: Gastrodon|Scald|p2a: Ferrothorn
|-resisted|p2a: Ferrothorn
|-damage|p2a: Ferrothorn|92/100
|
|-heal|p2a: Ferrothorn|98/100|[from] item: Leftovers
|upkeep
|turn|3
|
|switch|p1a: Politoed|Politoed, M|100/100
|-weather|RainDance|[from] ability: Drizzle|[of] p1a: Politoed
|move|p2a: Ferrothorn|Spikes|p1a: Politoed
|-sidestart|p1: Gym DG|Spikes
|
|-weather|RainDance|[upkeep]
|-heal|p2a: Ferrothorn|100/100|[from] item: Leftovers
|upkeep
|turn|4
|
|switch|p1a: Lapras|Lapras, M|100/100
|-damage|p1a: Lapras|88/100|[from] Spikes
|switch|p2a: Latios|Latios, M|100/100
|
|-weather|RainDance|[upkeep]
|-heal|p1a: Lapras|94/100|[from] item: Leftovers
|upkeep
|turn|5
|
|switch|p2a: Rotom|Rotom-Wash|90/100
|move|p1a: Lapras|Rest|p1a: Lapras
|-status|p1a: Lapras|slp
|-heal|p1a: Lapras|100/100 slp|[silent]
|-status|p1a: Lapras|slp|[from] move: Rest
|
|-weather|RainDance|[upkeep]
|-heal|p2a: Rotom|96/100|[from] item: Leftovers
|-activate|p1a: Lapras|ability: Hydration
|-curestatus|p1a: Lapras|slp|[msg]
|upkeep
|turn|6
|
|switch|p1a: Gastrodon|Gastrodon, M|100/100
|-damage|p1a: Gastrodon|88/100|[from] Spikes
|move|p2a: Rotom|Volt Switch|p1a: Gastrodon
|-immune|p1a: Gastrodon|[msg]
|
|-weather|RainDance|[upkeep]
|-heal|p2a: Rotom|100/100|[from] item: Leftovers
|-heal|p1a: Gastrodon|94/100|[from] item: Leftovers
|upkeep
|turn|7
|
|move|p2a: Rotom|Will-O-Wisp|p1a: Gastrodon|[miss]
|-miss|p2a: Rotom|p1a: Gastrodon
|move|p1a: Gastrodon|Scald|p2a: Rotom
|-resisted|p2a: Rotom
|-damage|p2a: Rotom|81/100
|
|-weather|RainDance|[upkeep]
|-heal|p2a: Rotom|87/100|[from] item: Leftovers
|-heal|p1a: Gastrodon|100/100|[from] item: Leftovers
|upkeep
|turn|8
|
|move|p2a: Rotom|Will-O-Wisp|p1a: Gastrodon
|-status|p1a: Gastrodon|brn
|move|p1a: Gastrodon|Scald|p2a: Rotom
|-resisted|p2a: Rotom
|-damage|p2a: Rotom|67/100
|
|-weather|RainDance|[upkeep]
|-heal|p2a: Rotom|73/100|[from] item: Leftovers
|-damage|p1a: Gastrodon|88/100 brn|[from] brn
|upkeep
|turn|9
|
|switch|p2a: Latios|Latios, M|100/100
|move|p1a: Gastrodon|Scald|p2a: Latios
|-resisted|p2a: Latios
|-damage|p2a: Latios|80/100
|
|-weather|RainDance|[upkeep]
|-heal|p1a: Gastrodon|94/100 brn|[from] item: Leftovers
|-damage|p1a: Gastrodon|82/100 brn|[from] brn
|upkeep
|turn|10
|
|switch|p1a: Jirachi|Jirachi|100/100
|-damage|p1a: Jirachi|88/100|[from] Spikes
|move|p2a: Latios|Draco Meteor|p1a: Jirachi
|-resisted|p1a: Jirachi
|-damage|p1a: Jirachi|35/100
|-unboost|p2a: Latios|spa|2
|
|-weather|RainDance|[upkeep]
|upkeep
|turn|11
|inactive|Nights Blade God has 120 seconds left.
|
|switch|p2a: Rotom|Rotom-Wash|73/100
|move|p1a: Jirachi|Trick|p2a: Rotom
|-activate|p1a: Jirachi|move: Trick|[of] p2a: Rotom
|-item|p2a: Rotom|Choice Scarf|[from] move: Trick
|-item|p1a: Jirachi|Leftovers|[from] move: Trick
|
|-weather|RainDance|[upkeep]
|-heal|p1a: Jirachi|41/100|[from] item: Leftovers
|upkeep
|turn|12
|
|move|p1a: Jirachi|U-turn|p2a: Rotom
|-damage|p2a: Rotom|58/100
|
|switch|p1a: Gastrodon|Gastrodon, M|82/100 brn
|-damage|p1a: Gastrodon|69/100 brn|[from] Spikes
|move|p2a: Rotom|Will-O-Wisp|p1a: Gastrodon
|-fail|p1a: Gastrodon|brn
|
|-weather|RainDance|[upkeep]
|-heal|p1a: Gastrodon|76/100 brn|[from] item: Leftovers
|-damage|p1a: Gastrodon|63/100 brn|[from] brn
|upkeep
|turn|13
|
|switch|p2a: Ferrothorn|Ferrothorn, F|100/100
|move|p1a: Gastrodon|Recover|p1a: Gastrodon
|-heal|p1a: Gastrodon|100/100 brn
|
|-weather|RainDance|[upkeep]
|-damage|p1a: Gastrodon|88/100 brn|[from] brn
|upkeep
|turn|14
|
|switch|p1a: Dragonite|Dragonite, F|100/100
|move|p2a: Ferrothorn|Power Whip|p1a: Dragonite
|-resisted|p1a: Dragonite
|-damage|p1a: Dragonite|95/100
|
|-weather|RainDance|[upkeep]
|-heal|p1a: Dragonite|100/100|[from] item: Leftovers
|upkeep
|turn|15
|
|switch|p1a: Lapras|Lapras, M|100/100
|-damage|p1a: Lapras|88/100|[from] Spikes
|switch|p2a: Landorus|Landorus-Therian, M|100/100
|-ability|p2a: Landorus|Intimidate|boost
|-unboost|p1a: Lapras|atk|1
|
|-weather|RainDance|[upkeep]
|-heal|p1a: Lapras|94/100|[from] item: Leftovers
|upkeep
|turn|16
|
|move|p2a: Landorus|U-turn|p1a: Lapras
|-damage|p1a: Lapras|73/100
|
|switch|p2a: Ferrothorn|Ferrothorn, F|100/100
|move|p1a: Lapras|Curse|p1a: Lapras
|-unboost|p1a: Lapras|spe|1
|-boost|p1a: Lapras|atk|1
|-boost|p1a: Lapras|def|1
|
|-weather|RainDance|[upkeep]
|-heal|p1a: Lapras|80/100|[from] item: Leftovers
|upkeep
|turn|17
|
|move|p1a: Lapras|Curse|p1a: Lapras
|-unboost|p1a: Lapras|spe|1
|-boost|p1a: Lapras|atk|1
|-boost|p1a: Lapras|def|1
|move|p2a: Ferrothorn|Power Whip|p1a: Lapras
|-supereffective|p1a: Lapras
|-damage|p1a: Lapras|46/100
|
|-weather|RainDance|[upkeep]
|-heal|p1a: Lapras|52/100|[from] item: Leftovers
|upkeep
|turn|18
|
|move|p1a: Lapras|Rest|p1a: Lapras
|-status|p1a: Lapras|slp
|-heal|p1a: Lapras|100/100 slp|[silent]
|-status|p1a: Lapras|slp|[from] move: Rest
|move|p2a: Ferrothorn|Leech Seed|p1a: Lapras
|-start|p1a: Lapras|move: Leech Seed
|
|-weather|RainDance|[upkeep]
|-activate|p1a: Lapras|ability: Hydration
|-curestatus|p1a: Lapras|slp|[msg]
|-damage|p1a: Lapras|88/100|[from] Leech Seed|[of] p2a: Ferrothorn
|upkeep
|turn|19
|inactive|Nights Blade God has 120 seconds left.
|
|switch|p2a: Rotom|Rotom-Wash|58/100
|move|p1a: Lapras|Curse|p1a: Lapras
|-unboost|p1a: Lapras|spe|1
|-boost|p1a: Lapras|atk|1
|-boost|p1a: Lapras|def|1
|
|-weather|RainDance|[upkeep]
|-heal|p1a: Lapras|94/100|[from] item: Leftovers
|-damage|p1a: Lapras|82/100|[from] Leech Seed|[of] p2a: Rotom
|-heal|p2a: Rotom|74/100|[silent]
|upkeep
|turn|20
|
|move|p2a: Rotom|Volt Switch|p1a: Lapras
|-supereffective|p1a: Lapras
|-damage|p1a: Lapras|45/100
|
|switch|p2a: Ferrothorn|Ferrothorn, F|100/100
|move|p1a: Lapras|Rest|p1a: Lapras
|-status|p1a: Lapras|slp
|-heal|p1a: Lapras|100/100 slp|[silent]
|-status|p1a: Lapras|slp|[from] move: Rest
|
|-weather|RainDance|[upkeep]
|-activate|p1a: Lapras|ability: Hydration
|-curestatus|p1a: Lapras|slp|[msg]
|-damage|p1a: Lapras|88/100|[from] Leech Seed|[of] p2a: Ferrothorn
|upkeep
|turn|21
|
|move|p1a: Lapras|Curse|p1a: Lapras
|-unboost|p1a: Lapras|spe|1
|-boost|p1a: Lapras|atk|1
|-boost|p1a: Lapras|def|1
|move|p2a: Ferrothorn|Power Whip|p1a: Lapras
|-supereffective|p1a: Lapras
|-damage|p1a: Lapras|66/100
|
|-weather|RainDance|[upkeep]
|-heal|p1a: Lapras|72/100|[from] item: Leftovers
|-damage|p1a: Lapras|60/100|[from] Leech Seed|[of] p2a: Ferrothorn
|upkeep
|turn|22
|
|move|p1a: Lapras|Curse|p1a: Lapras
|-unboost|p1a: Lapras|spe|1
|-boost|p1a: Lapras|atk|1
|-boost|p1a: Lapras|def|1
|move|p2a: Ferrothorn|Power Whip|p1a: Lapras
|-supereffective|p1a: Lapras
|-damage|p1a: Lapras|38/100
|
|-weather|RainDance|[upkeep]
|-heal|p1a: Lapras|44/100|[from] item: Leftovers
|-damage|p1a: Lapras|32/100|[from] Leech Seed|[of] p2a: Ferrothorn
|upkeep
|turn|23
|
|move|p1a: Lapras|Rest|p1a: Lapras
|-status|p1a: Lapras|slp
|-heal|p1a: Lapras|100/100 slp|[silent]
|-status|p1a: Lapras|slp|[from] move: Rest
|move|p2a: Ferrothorn|Power Whip|p1a: Lapras|[miss]
|-miss|p2a: Ferrothorn|p1a: Lapras
|
|-weather|RainDance|[upkeep]
|-activate|p1a: Lapras|ability: Hydration
|-curestatus|p1a: Lapras|slp|[msg]
|-damage|p1a: Lapras|88/100|[from] Leech Seed|[of] p2a: Ferrothorn
|upkeep
|turn|24
|
|move|p1a: Lapras|Curse|p1a: Lapras
|-unboost|p1a: Lapras|spe|1
|-boost|p1a: Lapras|atk|1
|-boost|p1a: Lapras|def|1
|move|p2a: Ferrothorn|Power Whip|p1a: Lapras
|-supereffective|p1a: Lapras
|-damage|p1a: Lapras|71/100
|
|-weather|RainDance|[upkeep]
|-heal|p1a: Lapras|77/100|[from] item: Leftovers
|-damage|p1a: Lapras|64/100|[from] Leech Seed|[of] p2a: Ferrothorn
|upkeep
|turn|25
|
|move|p2a: Ferrothorn|Power Whip|p1a: Lapras
|-supereffective|p1a: Lapras
|-damage|p1a: Lapras|46/100
|move|p1a: Lapras|Rest|p1a: Lapras
|-status|p1a: Lapras|slp
|-heal|p1a: Lapras|100/100 slp|[silent]
|-status|p1a: Lapras|slp|[from] move: Rest
|
|-weather|RainDance|[upkeep]
|-activate|p1a: Lapras|ability: Hydration
|-curestatus|p1a: Lapras|slp|[msg]
|-damage|p1a: Lapras|88/100|[from] Leech Seed|[of] p2a: Ferrothorn
|upkeep
|turn|26
|
|move|p2a: Ferrothorn|Power Whip|p1a: Lapras|[miss]
|-miss|p2a: Ferrothorn|p1a: Lapras
|move|p1a: Lapras|Waterfall|p2a: Ferrothorn
|-resisted|p2a: Ferrothorn
|-crit|p2a: Ferrothorn
|-damage|p2a: Ferrothorn|0 fnt
|-damage|p1a: Lapras|76/100|[from] ability: Iron Barbs|[of] p2a: Ferrothorn
|faint|p2a: Ferrothorn
|
|-weather|RainDance|[upkeep]
|-heal|p1a: Lapras|82/100|[from] item: Leftovers
|upkeep
|-message|Nights Blade God forfeited.
|
|win|Gym DG
|l|‽Nights Blade God
|raw|Gym DG's rating: 1302 &rarr; <strong>1330</strong><br />(+28 for winning)
|raw|Nights Blade God's rating: 1465 &rarr; <strong>1436</strong><br />(-29 for losing)
