|join|manectriclol
|join|shadowist
|player|p1|manectriclol|1
|player|p2|shadowist|269
|gametype|singles
|gen|5
|tier|[Gen 5] OU
|rated
|rule|Evasion Abilities Clause: Evasion abilities are banned
|clearpoke
|poke|p1|Landorus-Therian, M, shiny
|poke|p1|Rotom-Wash, shiny
|poke|p1|Latias, F, shiny
|poke|p1|Ditto
|poke|p1|Registeel
|poke|p1|Celebi, shiny
|poke|p2|Politoed, F
|poke|p2|Volcarona, F
|poke|p2|Gastrodon, M
|poke|p2|Toxicroak, F
|poke|p2|Starmie
|poke|p2|Ferrothorn, F
|rule|Sleep Clause Mod: Limit one foe put to sleep
|rule|Species Clause: Limit one of each Pokemon
|rule|OHKO Clause: OHKO moves are banned
|rule|Moody Clause: Moody is banned
|rule|Evasion Moves Clause: Evasion moves are banned
|rule|Endless Battle Clause: Forcing endless battles is banned.
|rule|HP Percentage Mod: HP is reported as percentages
|teampreview
|chat|manectriclol|lol
|
|start
|switch|p1a: I'm random|Rotom-Wash, shiny|299/299
|switch|p2a: Politoed|Politoed, F|384/384
|-weather|RainDance|[from] ability: Drizzle|[of] p2a: Politoed
|turn|1
|
|switch|p2a: Gastrodon|Gastrodon, M|426/426
|move|p1a: I'm random|Thunderbolt|p2a: Gastrodon
|-immune|p2a: Gastrodon|[msg]
|
|-weather|RainDance|[upkeep]
|turn|2
|
|switch|p1a: Overused|Celebi, shiny|359/359
|move|p2a: Gastrodon|Toxic|p1a: Overused
|-status|p1a: Overused|tox
|
|-weather|RainDance|[upkeep]
|-damage|p1a: Overused|337/359 tox|[from] psn
|turn|3
|
|switch|p2a: Ferrothorn|Ferrothorn, F|352/352
|move|p1a: Overused|Hidden Power|p2a: Ferrothorn
|-supereffective|p2a: Ferrothorn
|-damage|p2a: Ferrothorn|201/352
|-damage|p1a: Overused|302/359 tox|[from] item: Life Orb
|
|-weather|RainDance|[upkeep]
|-heal|p2a: Ferrothorn|223/352|[from] item: Leftovers
|-damage|p1a: Overused|258/359 tox|[from] psn
|turn|4
|
|switch|p1a: Underated|Registeel|363/363
|move|p2a: Ferrothorn|Protect|p2a: Ferrothorn
|-fail|p2a: Ferrothorn
|
|-weather|RainDance|[upkeep]
|-heal|p2a: Ferrothorn|245/352|[from] item: Leftovers
|turn|5
|
|move|p1a: Underated|Stealth Rock|p2a: Ferrothorn
|-sidestart|p2: shadowist|move: Stealth Rock
|move|p2a: Ferrothorn|Stealth Rock|p1a: Underated
|-sidestart|p1: manectriclol|move: Stealth Rock
|
|-weather|RainDance|[upkeep]
|-heal|p2a: Ferrothorn|267/352|[from] item: Leftovers
|turn|6
|
|move|p1a: Underated|Thunder Wave|p2a: Ferrothorn
|-status|p2a: Ferrothorn|par
|move|p2a: Ferrothorn|Leech Seed|p1a: Underated
|-start|p1a: Underated|move: Leech Seed
|
|-weather|RainDance|[upkeep]
|-heal|p2a: Ferrothorn|289/352 par|[from] item: Leftovers
|-damage|p1a: Underated|318/363|[from] Leech Seed|[of] p2a: Ferrothorn
|-heal|p2a: Ferrothorn|334/352 par|[silent]
|turn|7
|
|switch|p1a: Overused|Celebi, shiny|258/359
|-damage|p1a: Overused|214/359|[from] Stealth Rock
|switch|p2a: Starmie|Starmie|261/261
|-damage|p2a: Starmie|229/261|[from] Stealth Rock
|
|-weather|RainDance|[upkeep]
|-heal|p2a: Starmie|245/261|[from] item: Leftovers
|turn|8
|
|switch|p2a: Ferrothorn|Ferrothorn, F|334/352 par
|-damage|p2a: Ferrothorn|312/352 par|[from] Stealth Rock
|move|p1a: Overused|Leaf Storm|p2a: Ferrothorn|[miss]
|-miss|p1a: Overused|p2a: Ferrothorn
|
|-weather|RainDance|[upkeep]
|-heal|p2a: Ferrothorn|334/352 par|[from] item: Leftovers
|turn|9
|
|switch|p2a: Starmie|Starmie|245/261
|-damage|p2a: Starmie|213/261|[from] Stealth Rock
|move|p1a: Overused|Recover|p1a: Overused
|-heal|p1a: Overused|359/359
|
|-weather|RainDance|[upkeep]
|-heal|p2a: Starmie|229/261|[from] item: Leftovers
|turn|10
|
|move|p2a: Starmie|Rapid Spin|p1a: Overused
|-damage|p1a: Overused|348/359
|-sideend|p2: shadowist|Stealth Rock|[from] move: Rapid Spin|[of] p2a: Starmie
|move|p1a: Overused|Leaf Storm|p2a: Starmie
|-supereffective|p2a: Starmie
|-damage|p2a: Starmie|0 fnt
|-unboost|p1a: Overused|spa|2
|-damage|p1a: Overused|313/359|[from] item: Life Orb
|faint|p2a: Starmie
|
|-weather|RainDance|[upkeep]
|
|switch|p2a: Volcarona|Volcarona, F|311/311
|turn|11
|
|switch|p1a: Underated|Registeel|318/363
|-damage|p1a: Underated|296/363|[from] Stealth Rock
|move|p2a: Volcarona|Quiver Dance|p2a: Volcarona
|-boost|p2a: Volcarona|spa|1
|-boost|p2a: Volcarona|spd|1
|-boost|p2a: Volcarona|spe|1
|
|-weather|RainDance|[upkeep]
|-heal|p1a: Underated|318/363|[from] item: Leftovers
|turn|12
|
|switch|p2a: Gastrodon|Gastrodon, M|426/426
|move|p1a: Underated|Thunder Wave|p2a: Gastrodon
|-immune|p2a: Gastrodon|[msg]
|
|-weather|RainDance|[upkeep]
|-heal|p1a: Underated|340/363|[from] item: Leftovers
|turn|13
|
|move|p1a: Underated|Stealth Rock|p2a: Gastrodon
|-sidestart|p2: shadowist|move: Stealth Rock
|move|p2a: Gastrodon|Toxic|p1a: Underated
|-fail|p1a: Underated
|
|-weather|RainDance|[upkeep]
|-heal|p1a: Underated|362/363|[from] item: Leftovers
|turn|14
|
|switch|p1a: Overused|Celebi, shiny|313/359
|-damage|p1a: Overused|269/359|[from] Stealth Rock
|move|p2a: Gastrodon|Earth Power|p1a: Overused
|-resisted|p1a: Overused
|-damage|p1a: Overused|217/359
|
|-weather|RainDance|[upkeep]
|turn|15
|
|switch|p2a: Ferrothorn|Ferrothorn, F|334/352 par
|-damage|p2a: Ferrothorn|312/352 par|[from] Stealth Rock
|move|p1a: Overused|Hidden Power|p2a: Ferrothorn
|-supereffective|p2a: Ferrothorn
|-damage|p2a: Ferrothorn|172/352 par
|-damage|p1a: Overused|182/359|[from] item: Life Orb
|
|-weather|RainDance|[upkeep]
|-heal|p2a: Ferrothorn|194/352 par|[from] item: Leftovers
|turn|16
|
|move|p1a: Overused|Recover|p1a: Overused
|-heal|p1a: Overused|359/359
|move|p2a: Ferrothorn|Power Whip|p1a: Overused
|-resisted|p1a: Overused
|-damage|p1a: Overused|294/359
|
|-weather|RainDance|[upkeep]
|-heal|p2a: Ferrothorn|216/352 par|[from] item: Leftovers
|turn|17
|
|switch|p2a: Gastrodon|Gastrodon, M|426/426
|-damage|p2a: Gastrodon|400/426|[from] Stealth Rock
|move|p1a: Overused|Psychic|p2a: Gastrodon
|-damage|p2a: Gastrodon|169/426
|-unboost|p2a: Gastrodon|spd|1
|-damage|p1a: Overused|259/359|[from] item: Life Orb
|
|-weather|RainDance|[upkeep]
|-heal|p2a: Gastrodon|195/426|[from] item: Leftovers
|turn|18
|
|switch|p2a: Ferrothorn|Ferrothorn, F|216/352 par
|-damage|p2a: Ferrothorn|194/352 par|[from] Stealth Rock
|move|p1a: Overused|Psychic|p2a: Ferrothorn
|-resisted|p2a: Ferrothorn
|-damage|p2a: Ferrothorn|130/352 par
|-damage|p1a: Overused|224/359|[from] item: Life Orb
|
|-weather|RainDance|[upkeep]
|-heal|p2a: Ferrothorn|152/352 par|[from] item: Leftovers
|turn|19
|
|switch|p2a: Politoed|Politoed, F|384/384
|-damage|p2a: Politoed|336/384|[from] Stealth Rock
|move|p1a: Overused|Recover|p1a: Overused
|-heal|p1a: Overused|359/359
|
|-weather|RainDance|[upkeep]
|turn|20
|
|move|p1a: Overused|Leaf Storm|p2a: Politoed
|-supereffective|p2a: Politoed
|-damage|p2a: Politoed|0 fnt
|-unboost|p1a: Overused|spa|2
|-damage|p1a: Overused|324/359|[from] item: Life Orb
|faint|p2a: Politoed
|
|-weather|RainDance|[upkeep]
|
|switch|p2a: Volcarona|Volcarona, F|311/311
|-damage|p2a: Volcarona|156/311|[from] Stealth Rock
|turn|21
|
|move|p2a: Volcarona|Quiver Dance|p2a: Volcarona
|-boost|p2a: Volcarona|spa|1
|-boost|p2a: Volcarona|spd|1
|-boost|p2a: Volcarona|spe|1
|move|p1a: Overused|Psychic|p2a: Volcarona
|-damage|p2a: Volcarona|96/311
|-damage|p1a: Overused|289/359|[from] item: Life Orb
|
|-weather|RainDance|[upkeep]
|-heal|p2a: Volcarona|115/311|[from] item: Leftovers
|turn|22
|
|switch|p1a: Underated|Registeel|362/363
|-damage|p1a: Underated|340/363|[from] Stealth Rock
|move|p2a: Volcarona|Quiver Dance|p2a: Volcarona
|-boost|p2a: Volcarona|spa|1
|-boost|p2a: Volcarona|spd|1
|-boost|p2a: Volcarona|spe|1
|
|-weather|RainDance|[upkeep]
|-heal|p2a: Volcarona|134/311|[from] item: Leftovers
|-heal|p1a: Underated|362/363|[from] item: Leftovers
|turn|23
|
|move|p2a: Volcarona|Fire Blast|p1a: Underated
|-supereffective|p1a: Underated
|-damage|p1a: Underated|24/363
|move|p1a: Underated|Thunder Wave|p2a: Volcarona
|-status|p2a: Volcarona|par
|
|-weather|RainDance|[upkeep]
|-heal|p2a: Volcarona|153/311 par|[from] item: Leftovers
|-heal|p1a: Underated|46/363|[from] item: Leftovers
|turn|24
|
|move|p2a: Volcarona|Bug Buzz|p1a: Underated
|-resisted|p1a: Underated
|-damage|p1a: Underated|0 fnt
|faint|p1a: Underated
|
|-weather|RainDance|[upkeep]
|-heal|p2a: Volcarona|172/311 par|[from] item: Leftovers
|
|switch|p1a: Focus sash|Ditto|299/299
|-damage|p1a: Focus sash|262/299|[from] Stealth Rock
|-transform|p1a: Focus sash|p2a: Volcarona
|turn|25
|
|move|p1a: Focus sash|Hurricane|p2a: Volcarona
|-supereffective|p2a: Volcarona
|-damage|p2a: Volcarona|0 fnt
|faint|p2a: Volcarona
|
|-weather|RainDance|[upkeep]
|
|switch|p2a: Gastrodon|Gastrodon, M|195/426
|-damage|p2a: Gastrodon|169/426|[from] Stealth Rock
|turn|26
|
|move|p1a: Focus sash|Hurricane|p2a: Gastrodon
|-damage|p2a: Gastrodon|0 fnt
|faint|p2a: Gastrodon
|
|-weather|RainDance|[upkeep]
|
|switch|p2a: Ferrothorn|Ferrothorn, F|152/352 par
|-damage|p2a: Ferrothorn|130/352 par|[from] Stealth Rock
|turn|27
|
|move|p2a: Ferrothorn|Protect|p2a: Ferrothorn
|-singleturn|p2a: Ferrothorn|Protect
|move|p1a: Focus sash|Hurricane|p2a: Ferrothorn
|-activate|p2a: Ferrothorn|Protect
|
|-weather|RainDance|[upkeep]
|-heal|p2a: Ferrothorn|152/352 par|[from] item: Leftovers
|turn|28
|
|move|p1a: Focus sash|Hurricane|p2a: Ferrothorn
|-crit|p2a: Ferrothorn
|-damage|p2a: Ferrothorn|0 fnt
|faint|p2a: Ferrothorn
|
|-weather|RainDance|[upkeep]
|
|switch|p2a: Toxicroak|Toxicroak, F|314/314
|-damage|p2a: Toxicroak|295/314|[from] Stealth Rock
|turn|29
|
|move|p2a: Toxicroak|Sucker Punch|p1a: Focus sash
|-damage|p1a: Focus sash|97/299
|-damage|p2a: Toxicroak|264/314|[from] item: Life Orb
|move|p1a: Focus sash|Hurricane|p2a: Toxicroak
|-supereffective|p2a: Toxicroak
|-damage|p2a: Toxicroak|0 fnt
|faint|p2a: Toxicroak
|
|win|manectriclol
|raw|Ladder updating...
|raw|manectriclol's rating: 1425 &rarr; <strong>1441</strong><br />(+16 for winning)
|raw|shadowist's rating: 1369 &rarr; <strong>1352</strong><br />(-17 for losing)