|join|tomata ftw x)
|join|The_Otter
|player|p1|tomata ftw x)|76
|player|p2|The_Otter|154
|gametype|singles
|gen|5
|tier|[Gen 5] OU
|rated
|rule|Evasion Abilities Clause: Evasion abilities are banned
|clearpoke
|poke|p1|Terrakion
|poke|p1|Kyurem-Black
|poke|p1|Jellicent, F
|poke|p1|Skarmory, M
|poke|p1|Landorus-Therian, M
|poke|p1|Alakazam, F
|poke|p2|Breloom, F
|poke|p2|Espeon, F
|poke|p2|Hydreigon, F
|poke|p2|Milotic, F
|poke|p2|Scizor, F
|poke|p2|Victini, shiny
|rule|Sleep Clause Mod: Limit one foe put to sleep
|rule|Species Clause: Limit one of each Pokemon
|rule|OHKO Clause: OHKO moves are banned
|rule|Moody Clause: Moody is banned
|rule|Evasion Moves Clause: Evasion moves are banned
|rule|Endless Battle Clause: Forcing endless battles is banned.
|rule|HP Percentage Mod: HP is reported as percentages
|teampreview
|chat|tomata ftw x)|good luck
|
|start
|switch|p1a: Terrakion|Terrakion|323/323
|switch|p2a: Espeon|Espeon, F|334/334
|turn|1
|chat|The_Otter|you too
|
|move|p1a: Terrakion|Stone Edge|p2a: Espeon
|-damage|p2a: Espeon|54/334
|-enditem|p2a: Espeon|Salac Berry|[eat]
|-boost|p2a: Espeon|spe|1|[from] item: Salac Berry
|move|p2a: Espeon|Psychic|p1a: Terrakion
|-supereffective|p1a: Terrakion
|-damage|p1a: Terrakion|27/323
|
|turn|2
|
|switch|p1a: Jellicent|Jellicent, F|404/404
|move|p2a: Espeon|Psychic|p1a: Jellicent
|-damage|p1a: Jellicent|304/404
|
|-heal|p1a: Jellicent|329/404|[from] item: Leftovers
|turn|3
|
|move|p2a: Espeon|Baton Pass|p2a: Espeon
|
|switch|p2a: Hydreigon|Hydreigon, F|345/345
|move|p1a: Jellicent|Scald|p2a: Hydreigon
|-resisted|p2a: Hydreigon
|-damage|p2a: Hydreigon|301/345
|
|-heal|p1a: Jellicent|354/404|[from] item: Leftovers
|turn|4
|
|move|p2a: Hydreigon|Dark Pulse|p1a: Jellicent
|-crit|p1a: Jellicent
|-supereffective|p1a: Jellicent
|-damage|p1a: Jellicent|0 fnt
|faint|p1a: Jellicent
|
|
|switch|p1a: Alakazam|Alakazam, F|252/252
|turn|5
|
|move|p2a: Hydreigon|Dark Pulse|p1a: Alakazam
|-supereffective|p1a: Alakazam
|-enditem|p1a: Alakazam|Focus Sash
|-damage|p1a: Alakazam|1/252
|cant|p1a: Alakazam|flinch
|
|turn|6
|chat|tomata ftw x)|ffs
|
|move|p2a: Hydreigon|Dark Pulse|p1a: Alakazam
|-supereffective|p1a: Alakazam
|-damage|p1a: Alakazam|0 fnt
|faint|p1a: Alakazam
|
|
|switch|p1a: Skarmory|Skarmory, M|334/334
|turn|7
|
|switch|p2a: Espeon|Espeon, F|54/334
|move|p1a: Skarmory|Whirlwind|p2a: Espeon
|move|p2a: Espeon|Whirlwind|p1a: Skarmory|[from]Magic Bounce
|drag|p1a: Terrakion|Terrakion|27/323
|
|turn|8
|
|switch|p2a: Breloom|Breloom, F|264/264
|move|p1a: Terrakion|Close Combat|p2a: Breloom
|-damage|p2a: Breloom|9/264
|-unboost|p1a: Terrakion|def|1
|-unboost|p1a: Terrakion|spd|1
|
|-status|p2a: Breloom|tox|[from] item: Toxic Orb
|turn|9
|
|move|p2a: Breloom|Mach Punch|p1a: Terrakion
|-supereffective|p1a: Terrakion
|-damage|p1a: Terrakion|0 fnt
|faint|p1a: Terrakion
|
|-heal|p2a: Breloom|42/264 tox|[from] ability: Poison Heal
|
|switch|p1a: Landorus-Therian|Landorus-Therian, M|320/320
|-ability|p1a: Landorus-Therian|Intimidate|[of] p2a: Breloom
|-unboost|p2a: Breloom|atk|1
|turn|10
|
|move|p1a: Landorus-Therian|U-turn|p2a: Breloom
|-damage|p2a: Breloom|0 fnt
|faint|p2a: Breloom
|
|switch|p1a: Kyurem-Black|Kyurem-Black|391/391
|-ability|p1a: Kyurem-Black|Teravolt
|
|
|switch|p2a: Hydreigon|Hydreigon, F|301/345
|turn|11
|
|switch|p1a: Skarmory|Skarmory, M|334/334
|move|p2a: Hydreigon|Draco Meteor|p1a: Skarmory|[miss]
|-miss|p2a: Hydreigon|p1a: Skarmory
|
|turn|12
|
|switch|p2a: Scizor|Scizor, F|331/331
|move|p1a: Skarmory|Roost|p1a: Skarmory
|-fail|p1a: Skarmory
|
|turn|13
|
|move|p2a: Scizor|Swords Dance|p2a: Scizor
|-boost|p2a: Scizor|atk|2
|move|p1a: Skarmory|Spikes|p2a: Scizor
|-sidestart|p2: The_Otter|Spikes
|
|turn|14
|
|move|p2a: Scizor|Baton Pass|p2a: Scizor
|
|switch|p2a: Victini|Victini, shiny|404/404
|-damage|p2a: Victini|354/404|[from] Spikes
|move|p1a: Skarmory|Roost|p1a: Skarmory
|-fail|p1a: Skarmory
|
|turn|15
|
|move|p2a: Victini|V-create|p1a: Skarmory
|-supereffective|p1a: Skarmory
|-activate|p1a: Skarmory|Sturdy
|-damage|p1a: Skarmory|1/334
|-unboost|p2a: Victini|def|1
|-unboost|p2a: Victini|spd|1
|-unboost|p2a: Victini|spe|1
|move|p1a: Skarmory|Whirlwind|p2a: Victini
|drag|p2a: Espeon|Espeon, F|54/334
|-damage|p2a: Espeon|13/334|[from] Spikes
|
|-heal|p1a: Skarmory|21/334|[from] item: Leftovers
|turn|16
|
|move|p2a: Espeon|Psychic|p1a: Skarmory
|-resisted|p1a: Skarmory
|-damage|p1a: Skarmory|0 fnt
|faint|p1a: Skarmory
|
|
|switch|p1a: Landorus-Therian|Landorus-Therian, M|320/320
|-ability|p1a: Landorus-Therian|Intimidate|[of] p2a: Espeon
|-unboost|p2a: Espeon|atk|1
|turn|17
|
|move|p1a: Landorus-Therian|U-turn|p2a: Espeon
|-supereffective|p2a: Espeon
|-damage|p2a: Espeon|0 fnt
|faint|p2a: Espeon
|
|switch|p1a: Kyurem-Black|Kyurem-Black|391/391
|-ability|p1a: Kyurem-Black|Teravolt
|
|
|switch|p2a: Hydreigon|Hydreigon, F|301/345
|turn|18
|
|move|p1a: Kyurem-Black|Ice Beam|p2a: Hydreigon
|-supereffective|p2a: Hydreigon
|-damage|p2a: Hydreigon|0 fnt
|-damage|p1a: Kyurem-Black|352/391|[from] item: Life Orb
|faint|p2a: Hydreigon
|
|
|switch|p2a: Milotic|Milotic, F|393/393
|-damage|p2a: Milotic|344/393|[from] Spikes
|turn|19
|
|move|p1a: Kyurem-Black|Fusion Bolt|p2a: Milotic
|-supereffective|p2a: Milotic
|-damage|p2a: Milotic|84/393
|-damage|p1a: Kyurem-Black|313/391|[from] item: Life Orb
|move|p2a: Milotic|Recover|p2a: Milotic
|-heal|p2a: Milotic|281/393
|
|-heal|p2a: Milotic|305/393|[from] item: Leftovers
|turn|20
|
|move|p1a: Kyurem-Black|Fusion Bolt|p2a: Milotic
|-supereffective|p2a: Milotic
|-damage|p2a: Milotic|42/393
|-damage|p1a: Kyurem-Black|274/391|[from] item: Life Orb
|move|p2a: Milotic|Recover|p2a: Milotic
|-heal|p2a: Milotic|239/393
|
|-heal|p2a: Milotic|263/393|[from] item: Leftovers
|turn|21
|
|move|p1a: Kyurem-Black|Fusion Bolt|p2a: Milotic
|-supereffective|p2a: Milotic
|-damage|p2a: Milotic|0 fnt
|-damage|p1a: Kyurem-Black|235/391|[from] item: Life Orb
|faint|p2a: Milotic
|
|
|switch|p2a: Victini|Victini, shiny|354/404
|-damage|p2a: Victini|304/404|[from] Spikes
|turn|22
|
|move|p1a: Kyurem-Black|Earth Power|p2a: Victini
|-supereffective|p2a: Victini
|-damage|p2a: Victini|13/404
|-damage|p1a: Kyurem-Black|196/391|[from] item: Life Orb
|move|p2a: Victini|Trick Room|p2a: Victini
|-fieldstart|move: Trick Room|[of] p2a: Victini
|
|turn|23
|
|switch|p1a: Landorus-Therian|Landorus-Therian, M|320/320
|-ability|p1a: Landorus-Therian|Intimidate|[of] p2a: Victini
|-unboost|p2a: Victini|atk|1
|move|p2a: Victini|V-create|p1a: Landorus-Therian
|-damage|p1a: Landorus-Therian|55/320
|-unboost|p2a: Victini|def|1
|-unboost|p2a: Victini|spd|1
|-unboost|p2a: Victini|spe|1
|
|turn|24
|
|move|p2a: Victini|V-create|p1a: Landorus-Therian
|-damage|p1a: Landorus-Therian|0 fnt
|-unboost|p2a: Victini|def|1
|-unboost|p2a: Victini|spd|1
|-unboost|p2a: Victini|spe|1
|faint|p1a: Landorus-Therian
|
|
|switch|p1a: Kyurem-Black|Kyurem-Black|196/391
|-ability|p1a: Kyurem-Black|Teravolt
|turn|25
|
|move|p2a: Victini|V-create|p1a: Kyurem-Black
|-damage|p1a: Kyurem-Black|0 fnt
|-unboost|p2a: Victini|def|1
|-unboost|p2a: Victini|spd|1
|-unboost|p2a: Victini|spe|1
|faint|p1a: Kyurem-Black
|
|win|The_Otter
|raw|Ladder updating...
|raw|tomata ftw x)'s rating: 1382 &rarr; <strong>1356</strong><br />(-26 for losing)
|raw|The_Otter's rating: 1281 &rarr; <strong>1313</strong><br />(+32 for winning)
|chat|The_Otter|gg
|chat|tomata ftw x)|gg
|leave|tomata ftw x)
|player|p1