|j|☆CalamityGreed
|j|☆yoloboy9000
|player|p1|CalamityGreed|1|1335
|player|p2|yoloboy9000|2|1338
|teamsize|p1|6
|teamsize|p2|6
|gametype|singles
|gen|5
|tier|[Gen 5] OU
|rated|
|rule|Sleep Clause Mod: Limit one foe put to sleep
|rule|Species Clause: Limit one of each Pokémon
|rule|OHKO Clause: OHKO moves are banned
|rule|Moody Clause: Moody is banned
|rule|Evasion Moves Clause: Evasion moves are banned
|rule|Endless Battle Clause: Forcing endless battles is banned
|rule|HP Percentage Mod: HP is shown in percentages
|rule|Evasion Abilities Clause: Evasion abilities are banned
|rule|Baton Pass Clause: Limit one Baton Passer, can't pass Spe and other stats simultaneously
|rule|Swagger Clause: Swagger is banned
|clearpoke
|poke|p1|Jirachi|item
|poke|p1|Rotom-Wash|item
|poke|p1|Magnezone|item
|poke|p1|Excadrill, F|item
|poke|p1|Garchomp, F|item
|poke|p1|Dragonite, M|item
|poke|p2|Tyranitar, M|item
|poke|p2|Magnezone|item
|poke|p2|Terrakion|item
|poke|p2|Latios, M|item
|poke|p2|Scizor, F|item
|poke|p2|Landorus-Therian, M|item
|teampreview
|
|start
|switch|p1a: Beach Boys|Garchomp, F|100/100
|switch|p2a: Pat Riely|Tyranitar, M|100/100
|-weather|Sandstorm|[from] ability: Sand Stream|[of] p2a: Pat Riely
|turn|1
|
|switch|p1a: Baby Face|Magnezone|100/100
|move|p2a: Pat Riely|Ice Beam|p1a: Baby Face
|-resisted|p1a: Baby Face
|-damage|p1a: Baby Face|88/100
|
|-weather|Sandstorm|[upkeep]
|upkeep
|turn|2
|
|switch|p1a: Moody Blues|Rotom-Wash|100/100
|move|p2a: Pat Riely|Stealth Rock|p1a: Moody Blues
|-sidestart|p1: CalamityGreed|move: Stealth Rock
|
|-weather|Sandstorm|[upkeep]
|-damage|p1a: Moody Blues|95/100|[from] Sandstorm
|-heal|p1a: Moody Blues|100/100|[from] item: Leftovers
|upkeep
|turn|3
|
|move|p1a: Moody Blues|Will-O-Wisp|p2a: Pat Riely
|-status|p2a: Pat Riely|brn
|move|p2a: Pat Riely|Pursuit|p1a: Moody Blues
|-damage|p1a: Moody Blues|93/100
|
|-weather|Sandstorm|[upkeep]
|-damage|p1a: Moody Blues|87/100|[from] Sandstorm
|-heal|p1a: Moody Blues|93/100|[from] item: Leftovers
|-damage|p2a: Pat Riely|88/100 brn|[from] brn
|upkeep
|turn|4
|
|switch|p2a: Bosh|Latios, M, shiny|100/100
|move|p1a: Moody Blues|Hydro Pump|p2a: Bosh
|-resisted|p2a: Bosh
|-crit|p2a: Bosh
|-damage|p2a: Bosh|55/100
|
|-weather|Sandstorm|[upkeep]
|-damage|p2a: Bosh|49/100|[from] Sandstorm
|-damage|p1a: Moody Blues|87/100|[from] Sandstorm
|-heal|p1a: Moody Blues|93/100|[from] item: Leftovers
|upkeep
|turn|5
|
|switch|p1a: Sliver Requiem|Jirachi|100/100
|-damage|p1a: Sliver Requiem|94/100|[from] Stealth Rock
|move|p2a: Bosh|Energy Ball|p1a: Sliver Requiem
|-resisted|p1a: Sliver Requiem
|-damage|p1a: Sliver Requiem|86/100
|-unboost|p1a: Sliver Requiem|spd|1
|
|-weather|Sandstorm|[upkeep]
|-damage|p2a: Bosh|43/100|[from] Sandstorm
|-heal|p1a: Sliver Requiem|92/100|[from] item: Leftovers
|upkeep
|turn|6
|c|☆CalamityGreed|oh sorry for that crit
|
|switch|p2a: Bron Bron|Landorus-Therian, M|100/100
|-ability|p2a: Bron Bron|Intimidate|boost
|-unboost|p1a: Sliver Requiem|atk|1
|move|p1a: Sliver Requiem|Body Slam|p2a: Bron Bron
|-crit|p2a: Bron Bron
|-damage|p2a: Bron Bron|60/100
|-status|p2a: Bron Bron|par
|
|-weather|Sandstorm|[upkeep]
|-heal|p1a: Sliver Requiem|99/100|[from] item: Leftovers
|upkeep
|turn|7
|c|☆yoloboy9000|crits happen lol its all good
|
|move|p1a: Sliver Requiem|Protect|p1a: Sliver Requiem
|-singleturn|p1a: Sliver Requiem|Protect
|move|p2a: Bron Bron|U-turn|p1a: Sliver Requiem
|-activate|p1a: Sliver Requiem|move: Protect
|
|-weather|Sandstorm|[upkeep]
|-heal|p1a: Sliver Requiem|100/100|[from] item: Leftovers
|upkeep
|turn|8
|
|move|p1a: Sliver Requiem|Iron Head|p2a: Bron Bron
|-damage|p2a: Bron Bron|43/100 par
|move|p2a: Bron Bron|U-turn|p1a: Sliver Requiem
|-damage|p1a: Sliver Requiem|76/100
|
|switch|p2a: Ray Allen|Magnezone|100/100|[from]move: U-turn
|
|-weather|Sandstorm|[upkeep]
|-heal|p1a: Sliver Requiem|83/100|[from] item: Leftovers
|upkeep
|turn|9
|
|move|p1a: Sliver Requiem|Body Slam|p2a: Ray Allen
|-resisted|p2a: Ray Allen
|-damage|p2a: Ray Allen|93/100
|move|p2a: Ray Allen|Substitute|p2a: Ray Allen
|-start|p2a: Ray Allen|Substitute
|-damage|p2a: Ray Allen|68/100
|
|-weather|Sandstorm|[upkeep]
|-heal|p1a: Sliver Requiem|89/100|[from] item: Leftovers
|-heal|p2a: Ray Allen|74/100|[from] item: Leftovers
|upkeep
|turn|10
|
|move|p1a: Sliver Requiem|Body Slam|p2a: Ray Allen
|-resisted|p2a: Ray Allen
|-activate|p2a: Ray Allen|Substitute|[damage]
|move|p2a: Ray Allen|Charge Beam|p1a: Sliver Requiem
|-damage|p1a: Sliver Requiem|62/100
|
|-weather|Sandstorm|[upkeep]
|-heal|p1a: Sliver Requiem|68/100|[from] item: Leftovers
|-heal|p2a: Ray Allen|80/100|[from] item: Leftovers
|upkeep
|turn|11
|
|move|p1a: Sliver Requiem|Iron Head|p2a: Ray Allen
|-resisted|p2a: Ray Allen
|-activate|p2a: Ray Allen|Substitute|[damage]
|move|p2a: Ray Allen|Charge Beam|p1a: Sliver Requiem
|-damage|p1a: Sliver Requiem|43/100
|-boost|p2a: Ray Allen|spa|1
|
|-weather|Sandstorm|[upkeep]
|-heal|p1a: Sliver Requiem|49/100|[from] item: Leftovers
|-heal|p2a: Ray Allen|86/100|[from] item: Leftovers
|upkeep
|turn|12
|
|move|p1a: Sliver Requiem|Iron Head|p2a: Ray Allen
|-resisted|p2a: Ray Allen
|-activate|p2a: Ray Allen|Substitute|[damage]
|move|p2a: Ray Allen|Substitute|p2a: Ray Allen
|-fail|p2a: Ray Allen|move: Substitute
|
|-weather|Sandstorm|[upkeep]
|-heal|p1a: Sliver Requiem|55/100|[from] item: Leftovers
|-heal|p2a: Ray Allen|92/100|[from] item: Leftovers
|upkeep
|turn|13
|
|move|p1a: Sliver Requiem|Iron Head|p2a: Ray Allen
|-resisted|p2a: Ray Allen
|-activate|p2a: Ray Allen|Substitute|[damage]
|move|p2a: Ray Allen|Substitute|p2a: Ray Allen
|-fail|p2a: Ray Allen|move: Substitute
|
|-weather|Sandstorm|[upkeep]
|-heal|p1a: Sliver Requiem|62/100|[from] item: Leftovers
|-heal|p2a: Ray Allen|98/100|[from] item: Leftovers
|upkeep
|turn|14
|
|move|p1a: Sliver Requiem|Iron Head|p2a: Ray Allen
|-resisted|p2a: Ray Allen
|-end|p2a: Ray Allen|Substitute
|move|p2a: Ray Allen|Substitute|p2a: Ray Allen
|-start|p2a: Ray Allen|Substitute
|-damage|p2a: Ray Allen|74/100
|
|-weather|Sandstorm|[upkeep]
|-heal|p1a: Sliver Requiem|68/100|[from] item: Leftovers
|-heal|p2a: Ray Allen|80/100|[from] item: Leftovers
|upkeep
|turn|15
|
|move|p1a: Sliver Requiem|Iron Head|p2a: Ray Allen
|-resisted|p2a: Ray Allen
|-activate|p2a: Ray Allen|Substitute|[damage]
|move|p2a: Ray Allen|Charge Beam|p1a: Sliver Requiem
|-crit|p1a: Sliver Requiem
|-damage|p1a: Sliver Requiem|0 fnt
|-boost|p2a: Ray Allen|spa|1
|faint|p1a: Sliver Requiem
|
|-weather|Sandstorm|[upkeep]
|-heal|p2a: Ray Allen|86/100|[from] item: Leftovers
|upkeep
|
|switch|p1a: Beach Boys|Garchomp, F|100/100
|-damage|p1a: Beach Boys|94/100|[from] Stealth Rock
|turn|16
|
|move|p1a: Beach Boys|Earthquake|p2a: Ray Allen
|-supereffective|p2a: Ray Allen
|-end|p2a: Ray Allen|Substitute
|move|p2a: Ray Allen|Flash Cannon|p1a: Beach Boys
|-crit|p1a: Beach Boys
|-damage|p1a: Beach Boys|0 fnt
|faint|p1a: Beach Boys
|
|-weather|Sandstorm|[upkeep]
|-heal|p2a: Ray Allen|92/100|[from] item: Leftovers
|upkeep
|
|switch|p1a: Metallica|Excadrill, F|100/100
|-damage|p1a: Metallica|97/100|[from] Stealth Rock
|-ability|p1a: Metallica|Mold Breaker
|turn|17
|
|move|p1a: Metallica|Rapid Spin|p2a: Ray Allen
|-resisted|p2a: Ray Allen
|-damage|p2a: Ray Allen|88/100
|-sideend|p1: CalamityGreed|Stealth Rock|[from] move: Rapid Spin|[of] p1a: Metallica
|move|p2a: Ray Allen|Hidden Power|p1a: Metallica
|-supereffective|p1a: Metallica
|-damage|p1a: Metallica|0 fnt
|faint|p1a: Metallica
|
|-weather|Sandstorm|[upkeep]
|-heal|p2a: Ray Allen|94/100|[from] item: Leftovers
|upkeep
|
|switch|p1a: Dragonite|Dragonite, M|100/100
|turn|18
|
|move|p1a: Dragonite|Dragon Dance|p1a: Dragonite
|-boost|p1a: Dragonite|atk|1
|-boost|p1a: Dragonite|spe|1
|move|p2a: Ray Allen|Flash Cannon|p1a: Dragonite
|-damage|p1a: Dragonite|68/100
|
|-weather|Sandstorm|[upkeep]
|-damage|p1a: Dragonite|62/100|[from] Sandstorm
|-heal|p1a: Dragonite|68/100|[from] item: Leftovers
|-heal|p2a: Ray Allen|100/100|[from] item: Leftovers
|upkeep
|turn|19
|
|move|p1a: Dragonite|Roost|p1a: Dragonite
|-heal|p1a: Dragonite|100/100
|-singleturn|p1a: Dragonite|move: Roost
|move|p2a: Ray Allen|Flash Cannon|p1a: Dragonite
|-damage|p1a: Dragonite|69/100
|
|-weather|Sandstorm|[upkeep]
|-damage|p1a: Dragonite|62/100|[from] Sandstorm
|-heal|p1a: Dragonite|69/100|[from] item: Leftovers
|upkeep
|turn|20
|
|move|p1a: Dragonite|Roost|p1a: Dragonite
|-heal|p1a: Dragonite|100/100
|-singleturn|p1a: Dragonite|move: Roost
|move|p2a: Ray Allen|Flash Cannon|p1a: Dragonite
|-damage|p1a: Dragonite|68/100
|
|-weather|Sandstorm|[upkeep]
|-damage|p1a: Dragonite|62/100|[from] Sandstorm
|-heal|p1a: Dragonite|68/100|[from] item: Leftovers
|upkeep
|turn|21
|
|move|p1a: Dragonite|Roost|p1a: Dragonite
|-heal|p1a: Dragonite|100/100
|-singleturn|p1a: Dragonite|move: Roost
|move|p2a: Ray Allen|Flash Cannon|p1a: Dragonite
|-damage|p1a: Dragonite|63/100
|
|-weather|Sandstorm|[upkeep]
|-damage|p1a: Dragonite|57/100|[from] Sandstorm
|-heal|p1a: Dragonite|63/100|[from] item: Leftovers
|upkeep
|turn|22
|
|move|p1a: Dragonite|Roost|p1a: Dragonite
|-heal|p1a: Dragonite|100/100
|-singleturn|p1a: Dragonite|move: Roost
|move|p2a: Ray Allen|Flash Cannon|p1a: Dragonite
|-damage|p1a: Dragonite|63/100
|
|-weather|Sandstorm|[upkeep]
|-damage|p1a: Dragonite|57/100|[from] Sandstorm
|-heal|p1a: Dragonite|63/100|[from] item: Leftovers
|upkeep
|turn|23
|
|move|p1a: Dragonite|Roost|p1a: Dragonite
|-heal|p1a: Dragonite|100/100
|-singleturn|p1a: Dragonite|move: Roost
|move|p2a: Ray Allen|Flash Cannon|p1a: Dragonite
|-damage|p1a: Dragonite|65/100
|
|-weather|Sandstorm|[upkeep]
|-damage|p1a: Dragonite|59/100|[from] Sandstorm
|-heal|p1a: Dragonite|65/100|[from] item: Leftovers
|upkeep
|turn|24
|
|move|p1a: Dragonite|Roost|p1a: Dragonite
|-heal|p1a: Dragonite|100/100
|-singleturn|p1a: Dragonite|move: Roost
|move|p2a: Ray Allen|Flash Cannon|p1a: Dragonite
|-damage|p1a: Dragonite|65/100
|-unboost|p1a: Dragonite|spd|1
|
|-weather|Sandstorm|[upkeep]
|-damage|p1a: Dragonite|59/100|[from] Sandstorm
|-heal|p1a: Dragonite|65/100|[from] item: Leftovers
|upkeep
|turn|25
|
|move|p1a: Dragonite|Roost|p1a: Dragonite
|-heal|p1a: Dragonite|100/100
|-singleturn|p1a: Dragonite|move: Roost
|move|p2a: Ray Allen|Charge Beam|p1a: Dragonite
|-resisted|p1a: Dragonite
|-damage|p1a: Dragonite|84/100
|
|-weather|Sandstorm|[upkeep]
|-damage|p1a: Dragonite|78/100|[from] Sandstorm
|-heal|p1a: Dragonite|84/100|[from] item: Leftovers
|upkeep
|turn|26
|
|move|p1a: Dragonite|Roost|p1a: Dragonite
|-heal|p1a: Dragonite|100/100
|-singleturn|p1a: Dragonite|move: Roost
|move|p2a: Ray Allen|Flash Cannon|p1a: Dragonite
|-damage|p1a: Dragonite|51/100
|
|-weather|Sandstorm|[upkeep]
|-damage|p1a: Dragonite|44/100|[from] Sandstorm
|-heal|p1a: Dragonite|51/100|[from] item: Leftovers
|upkeep
|turn|27
|
|move|p1a: Dragonite|Roost|p1a: Dragonite
|-heal|p1a: Dragonite|100/100
|-singleturn|p1a: Dragonite|move: Roost
|move|p2a: Ray Allen|Flash Cannon|p1a: Dragonite
|-damage|p1a: Dragonite|50/100
|
|-weather|Sandstorm|[upkeep]
|-damage|p1a: Dragonite|44/100|[from] Sandstorm
|-heal|p1a: Dragonite|50/100|[from] item: Leftovers
|upkeep
|turn|28
|
|move|p1a: Dragonite|Roost|p1a: Dragonite
|-heal|p1a: Dragonite|100/100
|-singleturn|p1a: Dragonite|move: Roost
|move|p2a: Ray Allen|Flash Cannon|p1a: Dragonite
|-damage|p1a: Dragonite|46/100
|
|-weather|Sandstorm|[upkeep]
|-damage|p1a: Dragonite|39/100|[from] Sandstorm
|-heal|p1a: Dragonite|46/100|[from] item: Leftovers
|upkeep
|turn|29
|
|move|p1a: Dragonite|Roost|p1a: Dragonite
|-heal|p1a: Dragonite|96/100
|-singleturn|p1a: Dragonite|move: Roost
|move|p2a: Ray Allen|Flash Cannon|p1a: Dragonite
|-damage|p1a: Dragonite|0 fnt
|faint|p1a: Dragonite
|
|-weather|Sandstorm|[upkeep]
|upkeep
|c|☆CalamityGreed|ah gg
|c|☆yoloboy9000|gg
|c|☆CalamityGreed|was expecting you to switch out
|c|☆yoloboy9000|i dont mind losing him
|-message|CalamityGreed forfeited.
|
|win|yoloboy9000
|c|☆yoloboy9000|he did his job
|raw|CalamityGreed's rating: 1335 &rarr; <strong>1315</strong><br />(-20 for losing)
|raw|yoloboy9000's rating: 1339 &rarr; <strong>1359</strong><br />(+20 for winning)
|l|☆CalamityGreed
