|j|☆PSiLilliann
|j|☆UnzipsCrogre
|t:|1742272493
|gametype|singles
|player|p1|PSiLilliann|sabrina|1524
|player|p2|UnzipsCrogre|unknown|1498
|teamsize|p1|6
|teamsize|p2|6
|gen|5
|tier|[Gen 5] OU
|rated|
|rule|Species Clause: Limit one of each Pokémon
|rule|OHKO Clause: OHKO moves are banned
|rule|Moody Clause: Moody is banned
|rule|Evasion Items Clause: Evasion items are banned
|rule|Evasion Moves Clause: Evasion moves are banned
|rule|Endless Battle Clause: Forcing endless battles is banned
|rule|HP Percentage Mod: HP is shown in percentages
|rule|Evasion Abilities Clause: Evasion abilities are banned
|rule|Sleep Moves Clause: Sleep-inducing moves are banned
|rule|Swagger Clause: Swagger is banned
|rule|Baton Pass Stat Clause: No Baton Passer may have a way to boost its stats
|clearpoke
|poke|p1|Jirachi|item
|poke|p1|Kyurem-Black|item
|poke|p1|Latios, M|item
|poke|p1|Magnezone|item
|poke|p1|Dragonite, M|item
|poke|p1|Garchomp, F|item
|poke|p2|Garchomp, M|item
|poke|p2|Magnezone|item
|poke|p2|Dragonite, M|item
|poke|p2|Kyurem-Black|item
|poke|p2|Starmie|item
|poke|p2|Jirachi|item
|teampreview
|inactive|Battle timer is ON: inactive players will automatically lose when time's up. (requested by UnzipsCrogre)
|
|t:|1742272503
|start
|switch|p1a: Jirachi|Jirachi|100/100
|switch|p2a: Garchomp|Garchomp, M|100/100
|turn|1
|
|t:|1742272506
|move|p2a: Garchomp|Stealth Rock|p1a: Jirachi
|-sidestart|p1: PSiLilliann|move: Stealth Rock
|move|p1a: Jirachi|Icy Wind|p2a: Garchomp
|-supereffective|p2a: Garchomp
|-damage|p2a: Garchomp|49/100
|-unboost|p2a: Garchomp|spe|1
|
|upkeep
|turn|2
|
|t:|1742272513
|move|p1a: Jirachi|Stealth Rock|p2a: Garchomp
|-sidestart|p2: UnzipsCrogre|move: Stealth Rock
|move|p2a: Garchomp|Earthquake|p1a: Jirachi
|-supereffective|p1a: Jirachi
|-damage|p1a: Jirachi|17/100
|
|-heal|p1a: Jirachi|24/100|[from] item: Leftovers
|upkeep
|turn|3
|
|t:|1742272517
|move|p1a: Jirachi|Icy Wind|p2a: Garchomp
|-supereffective|p2a: Garchomp
|-damage|p2a: Garchomp|0 fnt
|faint|p2a: Garchomp
|
|-heal|p1a: Jirachi|30/100|[from] item: Leftovers
|upkeep
|
|t:|1742272540
|switch|p2a: Starmie|Starmie|100/100
|-damage|p2a: Starmie|88/100|[from] Stealth Rock
|-item|p2a: Starmie|Air Balloon
|turn|4
|
|t:|1742272558
|move|p2a: Starmie|Hydro Pump|p1a: Jirachi
|-damage|p1a: Jirachi|0 fnt
|faint|p1a: Jirachi
|
|upkeep
|
|t:|1742272565
|switch|p1a: Latios|Latios, M|100/100
|-damage|p1a: Latios|88/100|[from] Stealth Rock
|turn|5
|
|t:|1742272569
|move|p1a: Latios|Draco Meteor|p2a: Starmie
|-damage|p2a: Starmie|0 fnt
|-unboost|p1a: Latios|spa|2
|-enditem|p2a: Starmie|Air Balloon
|faint|p2a: Starmie
|
|upkeep
|
|t:|1742272579
|switch|p2a: Dragonite|Dragonite, M|100/100
|-damage|p2a: Dragonite|76/100|[from] Stealth Rock
|turn|6
|
|t:|1742272590
|switch|p1a: Kyurem|Kyurem-Black, shiny|100/100
|-damage|p1a: Kyurem|76/100|[from] Stealth Rock
|-ability|p1a: Kyurem|Teravolt
|move|p2a: Dragonite|Dragon Dance|p2a: Dragonite
|-boost|p2a: Dragonite|atk|1
|-boost|p2a: Dragonite|spe|1
|
|upkeep
|turn|7
|
|t:|1742272595
|move|p2a: Dragonite|Outrage|p1a: Kyurem
|-supereffective|p1a: Kyurem
|-damage|p1a: Kyurem|0 fnt
|faint|p1a: Kyurem
|
|upkeep
|
|t:|1742272597
|switch|p1a: Latios|Latios, M|88/100
|-damage|p1a: Latios|76/100|[from] Stealth Rock
|turn|8
|
|t:|1742272600
|move|p1a: Latios|Dragon Pulse|p2a: Dragonite
|-supereffective|p2a: Dragonite
|-damage|p2a: Dragonite|0 fnt
|faint|p2a: Dragonite
|
|upkeep
|
|t:|1742272602
|switch|p2a: Jirachi|Jirachi|100/100
|-damage|p2a: Jirachi|94/100|[from] Stealth Rock
|turn|9
|
|t:|1742272606
|switch|p1a: Magnezone|Magnezone|100/100
|-damage|p1a: Magnezone|94/100|[from] Stealth Rock
|-item|p1a: Magnezone|Air Balloon
|move|p2a: Jirachi|U-turn|p1a: Magnezone
|-resisted|p1a: Magnezone
|-damage|p1a: Magnezone|84/100
|-enditem|p1a: Magnezone|Air Balloon
|
|t:|1742272608
|switch|p2a: Kyurem|Kyurem-Black|100/100|[from] U-turn
|-damage|p2a: Kyurem|76/100|[from] Stealth Rock
|-ability|p2a: Kyurem|Teravolt
|
|upkeep
|turn|10
|
|t:|1742272615
|move|p2a: Kyurem|Outrage|p1a: Magnezone
|-resisted|p1a: Magnezone
|-damage|p1a: Magnezone|20/100
|move|p1a: Magnezone|Thunderbolt|p2a: Kyurem
|-resisted|p2a: Kyurem
|-damage|p2a: Kyurem|50/100
|
|upkeep
|turn|11
|
|t:|1742272619
|move|p2a: Kyurem|Outrage|p1a: Magnezone|[from] lockedmove
|-resisted|p1a: Magnezone
|-damage|p1a: Magnezone|0 fnt
|faint|p1a: Magnezone
|-start|p2a: Kyurem|confusion|[fatigue]
|
|upkeep
|
|t:|1742272621
|switch|p1a: Latios|Latios, M|76/100
|-damage|p1a: Latios|64/100|[from] Stealth Rock
|turn|12
|
|t:|1742272628
|switch|p2a: Magnezone|Magnezone|100/100
|-damage|p2a: Magnezone|94/100|[from] Stealth Rock
|-item|p2a: Magnezone|Air Balloon
|move|p1a: Latios|Draco Meteor|p2a: Magnezone
|-resisted|p2a: Magnezone
|-damage|p2a: Magnezone|50/100
|-unboost|p1a: Latios|spa|2
|-enditem|p2a: Magnezone|Air Balloon
|
|upkeep
|turn|13
|
|t:|1742272633
|switch|p1a: Dragonite|Dragonite, M|100/100
|-damage|p1a: Dragonite|76/100|[from] Stealth Rock
|move|p2a: Magnezone|Hidden Power|p1a: Dragonite
|-resisted|p1a: Dragonite
|-damage|p1a: Dragonite|63/100
|
|upkeep
|turn|14
|
|t:|1742272639
|move|p1a: Dragonite|Dragon Dance|p1a: Dragonite
|-boost|p1a: Dragonite|atk|1
|-boost|p1a: Dragonite|spe|1
|move|p2a: Magnezone|Thunderbolt|p1a: Dragonite
|-damage|p1a: Dragonite|12/100
|
|upkeep
|turn|15
|
|t:|1742272643
|move|p1a: Dragonite|Earthquake|p2a: Magnezone
|-supereffective|p2a: Magnezone
|-damage|p2a: Magnezone|0 fnt
|faint|p2a: Magnezone
|
|upkeep
|
|t:|1742272645
|switch|p2a: Jirachi|Jirachi|94/100
|-damage|p2a: Jirachi|88/100|[from] Stealth Rock
|turn|16
|
|t:|1742272648
|move|p2a: Jirachi|Iron Head|p1a: Dragonite
|-damage|p1a: Dragonite|0 fnt
|faint|p1a: Dragonite
|
|upkeep
|
|t:|1742272665
|switch|p1a: Latios|Latios, M|64/100
|-damage|p1a: Latios|51/100|[from] Stealth Rock
|turn|17
|
|t:|1742272671
|move|p1a: Latios|Surf|p2a: Jirachi
|-damage|p2a: Jirachi|58/100
|move|p2a: Jirachi|Iron Head|p1a: Latios
|-damage|p1a: Latios|6/100
|
|upkeep
|turn|18
|
|t:|1742272678
|move|p1a: Latios|Surf|p2a: Jirachi
|-damage|p2a: Jirachi|31/100
|move|p2a: Jirachi|Iron Head|p1a: Latios
|-damage|p1a: Latios|0 fnt
|faint|p1a: Latios
|
|upkeep
|
|t:|1742272682
|switch|p1a: Garchomp|Garchomp, F|100/100
|-damage|p1a: Garchomp|94/100|[from] Stealth Rock
|turn|19
|
|t:|1742272690
|move|p2a: Jirachi|Iron Head|p1a: Garchomp
|-damage|p1a: Garchomp|61/100
|-damage|p2a: Jirachi|18/100|[from] ability: Rough Skin|[of] p1a: Garchomp
|cant|p1a: Garchomp|flinch
|
|upkeep
|turn|20
|
|t:|1742272697
|move|p2a: Jirachi|Iron Head|p1a: Garchomp
|-damage|p1a: Garchomp|25/100
|-damage|p2a: Jirachi|6/100|[from] ability: Rough Skin|[of] p1a: Garchomp
|-enditem|p1a: Garchomp|Salac Berry|[eat]
|-boost|p1a: Garchomp|spe|1|[from] item: Salac Berry
|cant|p1a: Garchomp|flinch
|
|upkeep
|turn|21
|
|t:|1742272703
|move|p1a: Garchomp|Earthquake|p2a: Jirachi
|-supereffective|p2a: Jirachi
|-damage|p2a: Jirachi|0 fnt
|faint|p2a: Jirachi
|
|upkeep
|
|t:|1742272705
|switch|p2a: Kyurem|Kyurem-Black|50/100
|-damage|p2a: Kyurem|25/100|[from] Stealth Rock
|-ability|p2a: Kyurem|Teravolt
|turn|22
|
|t:|1742272706
|move|p1a: Garchomp|Outrage|p2a: Kyurem
|-supereffective|p2a: Kyurem
|-damage|p2a: Kyurem|0 fnt
|faint|p2a: Kyurem
|
|win|PSiLilliann
|raw|PSiLilliann's rating: 1524 &rarr; <strong>1543</strong><br />(+19 for winning)
|raw|UnzipsCrogre's rating: 1498 &rarr; <strong>1479</strong><br />(-19 for losing)
|c|☆UnzipsCrogre|gg
|c|☆PSiLilliann|gg wp
|l|☆UnzipsCrogre
|player|p2|
