|j|‽kinetic koko
|j|☆MoonmanToTheTop
|t:|1711402832
|gametype|singles
|player|p1|kinetic koko|1|1647
|player|p2|MoonmanToTheTop|lucas|1552
|teamsize|p1|6
|teamsize|p2|6
|gen|5
|tier|[Gen 5] OU
|rated|
|rule|Species Clause: Limit one of each Pokémon
|rule|OHKO Clause: OHKO moves are banned
|rule|Moody Clause: Moody is banned
|rule|Evasion Items Clause: Evasion items are banned
|rule|Evasion Moves Clause: Evasion moves are banned
|rule|Endless Battle Clause: Forcing endless battles is banned
|rule|HP Percentage Mod: HP is shown in percentages
|rule|Evasion Abilities Clause: Evasion abilities are banned
|rule|Sleep Moves Clause: Sleep-inducing moves are banned
|rule|Swagger Clause: Swagger is banned
|rule|Baton Pass Stat Clause: No Baton Passer may have a way to boost its stats
|clearpoke
|poke|p1|Celebi|item
|poke|p1|Forretress, F|item
|poke|p1|Probopass, M|item
|poke|p1|Hippowdon, F|item
|poke|p1|Slowbro, F|item
|poke|p1|Gliscor, F|item
|poke|p2|Politoed, M|item
|poke|p2|Lapras, M|item
|poke|p2|Starmie|item
|poke|p2|Lanturn, M|item
|poke|p2|Empoleon, M|item
|poke|p2|Gyarados, M|item
|teampreview
|
|t:|1711402857
|start
|switch|p1a: Hippowdon|Hippowdon, F|100/100
|switch|p2a: Empoleon|Empoleon, M, shiny|100/100
|-weather|Sandstorm|[from] ability: Sand Stream|[of] p1a: Hippowdon
|turn|1
|inactive|Battle timer is ON: inactive players will automatically lose when time's up. (requested by MoonmanToTheTop)
|inactive|kinetic koko has 120 seconds left.
|
|t:|1711402900
|move|p2a: Empoleon|Scald|p1a: Hippowdon
|-supereffective|p1a: Hippowdon
|-damage|p1a: Hippowdon|43/100
|move|p1a: Hippowdon|Stealth Rock|p2a: Empoleon
|-sidestart|p2: MoonmanToTheTop|move: Stealth Rock
|
|-weather|Sandstorm|[upkeep]
|-heal|p1a: Hippowdon|49/100|[from] item: Leftovers
|upkeep
|turn|2
|
|t:|1711402913
|switch|p1a: Celebi|Celebi|100/100
|move|p2a: Empoleon|Ice Beam|p1a: Celebi
|-supereffective|p1a: Celebi
|-damage|p1a: Celebi|61/100
|
|-weather|Sandstorm|[upkeep]
|-damage|p1a: Celebi|55/100|[from] Sandstorm
|-heal|p1a: Celebi|61/100|[from] item: Leftovers
|upkeep
|turn|3
|
|t:|1711402932
|move|p1a: Celebi|Recover|p1a: Celebi
|-heal|p1a: Celebi|100/100
|move|p2a: Empoleon|Ice Beam|p1a: Celebi
|-supereffective|p1a: Celebi
|-damage|p1a: Celebi|61/100
|-status|p1a: Celebi|frz
|
|-weather|Sandstorm|[upkeep]
|-damage|p1a: Celebi|55/100 frz|[from] Sandstorm
|-heal|p1a: Celebi|61/100 frz|[from] item: Leftovers
|upkeep
|turn|4
|
|t:|1711402949
|-curestatus|p1a: Celebi|frz|[from] ability: Natural Cure
|switch|p1a: Slowbro|Slowbro, F|100/100
|move|p2a: Empoleon|Stealth Rock|p1a: Slowbro
|-sidestart|p1: kinetic koko|move: Stealth Rock
|
|-weather|Sandstorm|[upkeep]
|-damage|p1a: Slowbro|94/100|[from] Sandstorm
|-heal|p1a: Slowbro|100/100|[from] item: Leftovers
|upkeep
|turn|5
|
|t:|1711402974
|move|p2a: Empoleon|Scald|p1a: Slowbro
|-resisted|p1a: Slowbro
|-damage|p1a: Slowbro|79/100
|move|p1a: Slowbro|Thunder Wave|p2a: Empoleon
|-status|p2a: Empoleon|par
|
|-weather|Sandstorm|[upkeep]
|-damage|p1a: Slowbro|73/100|[from] Sandstorm
|-heal|p1a: Slowbro|79/100|[from] item: Leftovers
|upkeep
|turn|6
|
|t:|1711402988
|switch|p1a: Celebi|Celebi|61/100
|-damage|p1a: Celebi|48/100|[from] Stealth Rock
|cant|p2a: Empoleon|par
|
|-weather|Sandstorm|[upkeep]
|-damage|p1a: Celebi|42/100|[from] Sandstorm
|-heal|p1a: Celebi|48/100|[from] item: Leftovers
|upkeep
|turn|7
|
|t:|1711403000
|switch|p2a: Politoed|Politoed, M, shiny|100/100
|-damage|p2a: Politoed|88/100|[from] Stealth Rock
|-weather|RainDance|[from] ability: Drizzle|[of] p2a: Politoed
|move|p1a: Celebi|Recover|p1a: Celebi
|-heal|p1a: Celebi|99/100
|
|-weather|RainDance|[upkeep]
|-heal|p1a: Celebi|100/100|[from] item: Leftovers
|upkeep
|turn|8
|
|t:|1711403023
|move|p2a: Politoed|Encore|p1a: Celebi
|-start|p1a: Celebi|Encore
|move|p1a: Celebi|Recover||[still]
|-fail|p1a: Celebi|heal
|
|-weather|RainDance|[upkeep]
|upkeep
|turn|9
|
|t:|1711403044
|switch|p2a: Starmie|Starmie|100/100
|-damage|p2a: Starmie|88/100|[from] Stealth Rock
|switch|p1a: Slowbro|Slowbro, F|100/100
|-damage|p1a: Slowbro|88/100|[from] Stealth Rock
|
|-weather|RainDance|[upkeep]
|-heal|p1a: Slowbro|94/100|[from] item: Leftovers
|upkeep
|turn|10
|
|t:|1711403048
|switch|p1a: Hippowdon|Hippowdon, F|49/100
|-damage|p1a: Hippowdon|43/100|[from] Stealth Rock
|-weather|Sandstorm|[from] ability: Sand Stream|[of] p1a: Hippowdon
|move|p2a: Starmie|Hydro Pump|p1a: Hippowdon|[miss]
|-miss|p2a: Starmie|p1a: Hippowdon
|
|-weather|Sandstorm|[upkeep]
|-damage|p2a: Starmie|82/100|[from] Sandstorm
|-heal|p1a: Hippowdon|49/100|[from] item: Leftovers
|upkeep
|turn|11
|
|t:|1711403053
|switch|p1a: Probopass|Probopass, M|100/100
|-damage|p1a: Probopass|94/100|[from] Stealth Rock
|move|p2a: Starmie|Ice Beam|p1a: Probopass
|-resisted|p1a: Probopass
|-damage|p1a: Probopass|85/100
|-damage|p2a: Starmie|72/100|[from] item: Life Orb
|
|-weather|Sandstorm|[upkeep]
|-damage|p2a: Starmie|66/100|[from] Sandstorm
|-heal|p1a: Probopass|91/100|[from] item: Leftovers
|upkeep
|turn|12
|
|t:|1711403055
|move|p1a: Probopass|Protect|p1a: Probopass
|-singleturn|p1a: Probopass|Protect
|move|p2a: Starmie|Hydro Pump|p1a: Probopass
|-activate|p1a: Probopass|move: Protect
|
|-weather|Sandstorm|[upkeep]
|-damage|p2a: Starmie|60/100|[from] Sandstorm
|-heal|p1a: Probopass|97/100|[from] item: Leftovers
|upkeep
|turn|13
|c|☆MoonmanToTheTop|lucky nazi
|
|t:|1711403077
|move|p2a: Starmie|Hydro Pump|p1a: Probopass
|-supereffective|p1a: Probopass
|-damage|p1a: Probopass|44/100
|-damage|p2a: Starmie|50/100|[from] item: Life Orb
|move|p1a: Probopass|Rock Slide|p2a: Starmie
|-damage|p2a: Starmie|26/100
|
|-weather|Sandstorm|[upkeep]
|-damage|p2a: Starmie|20/100|[from] Sandstorm
|-heal|p1a: Probopass|50/100|[from] item: Leftovers
|upkeep
|turn|14
|
|t:|1711403084
|move|p1a: Probopass|Protect|p1a: Probopass
|-singleturn|p1a: Probopass|Protect
|move|p2a: Starmie|Rapid Spin|p1a: Probopass
|-activate|p1a: Probopass|move: Protect
|
|-weather|Sandstorm|[upkeep]
|-damage|p2a: Starmie|14/100|[from] Sandstorm
|-heal|p1a: Probopass|56/100|[from] item: Leftovers
|upkeep
|turn|15
|
|t:|1711403089
|move|p1a: Probopass|Protect|p1a: Probopass
|-singleturn|p1a: Probopass|Protect
|move|p2a: Starmie|Rapid Spin|p1a: Probopass
|-activate|p1a: Probopass|move: Protect
|
|-weather|Sandstorm|[upkeep]
|-damage|p2a: Starmie|7/100|[from] Sandstorm
|-heal|p1a: Probopass|62/100|[from] item: Leftovers
|upkeep
|turn|16
|inactive|kinetic koko has 120 seconds left.
|inactive|kinetic koko has 90 seconds left.
|
|t:|1711403155
|move|p1a: Probopass|Protect||[still]
|-fail|p1a: Probopass
|move|p2a: Starmie|Rapid Spin|p1a: Probopass
|-resisted|p1a: Probopass
|-damage|p1a: Probopass|61/100
|-sideend|p2: MoonmanToTheTop|Stealth Rock|[from] move: Rapid Spin|[of] p2a: Starmie
|-damage|p2a: Starmie|0 fnt|[from] item: Life Orb
|faint|p2a: Starmie
|
|-weather|Sandstorm|[upkeep]
|-heal|p1a: Probopass|67/100|[from] item: Leftovers
|upkeep
|inactive|MoonmanToTheTop has 120 seconds left.
|
|t:|1711403187
|switch|p2a: Politoed|Politoed, M, shiny|88/100
|-weather|RainDance|[from] ability: Drizzle|[of] p2a: Politoed
|turn|17
|inactive|kinetic koko has 90 seconds left.
|j| UBLR emre mor 9
|inactive|kinetic koko has 60 seconds left.
|
|t:|1711403235
|switch|p2a: Gyarados|Gyarados, M|100/100
|-ability|p2a: Gyarados|Intimidate|boost
|-unboost|p1a: Probopass|atk|1
|switch|p1a: Celebi|Celebi|100/100
|-damage|p1a: Celebi|88/100|[from] Stealth Rock
|
|-weather|RainDance|[upkeep]
|-heal|p1a: Celebi|94/100|[from] item: Leftovers
|upkeep
|turn|18
|
|t:|1711403241
|move|p2a: Gyarados|Dragon Dance|p2a: Gyarados
|-boost|p2a: Gyarados|atk|1
|-boost|p2a: Gyarados|spe|1
|move|p1a: Celebi|Nasty Plot|p1a: Celebi
|-boost|p1a: Celebi|spa|2
|
|-weather|RainDance|[upkeep]
|-heal|p1a: Celebi|100/100|[from] item: Leftovers
|upkeep
|turn|19
|
|t:|1711403250
|switch|p1a: Slowbro|Slowbro, F|100/100
|-damage|p1a: Slowbro|88/100|[from] Stealth Rock
|move|p2a: Gyarados|Substitute|p2a: Gyarados
|-start|p2a: Gyarados|Substitute
|-damage|p2a: Gyarados|76/100
|
|-weather|RainDance|[upkeep]
|-heal|p2a: Gyarados|82/100|[from] item: Leftovers
|-heal|p1a: Slowbro|94/100|[from] item: Leftovers
|upkeep
|turn|20
|-message|kinetic koko forfeited.
|
|win|MoonmanToTheTop
|raw|kinetic koko's rating: 1655 &rarr; <strong>1630</strong><br />(-25 for losing)
|raw|MoonmanToTheTop's rating: 1563 &rarr; <strong>1588</strong><br />(+25 for winning)
|l|‽kinetic koko
|player|p1|
