|j|☆gengaster
|j|☆Meloriver ヽ
|player|p1|gengaster|89
|player|p2|Meloriver ヽ|4
|teamsize|p1|6
|teamsize|p2|6
|gametype|singles
|gen|5
|tier|[Gen 5] OU
|rated|
|rule|Sleep Clause Mod: Limit one foe put to sleep
|rule|Species Clause: Limit one of each Pokémon
|rule|OHKO Clause: OHKO moves are banned
|rule|Moody Clause: Moody is banned
|rule|Evasion Moves Clause: Evasion moves are banned
|rule|Endless Battle Clause: Forcing endless battles is banned
|rule|HP Percentage Mod: HP is shown in percentages
|rule|Evasion Abilities Clause: Evasion abilities are banned
|rule|Baton Pass Clause: Limit one Baton Passer, can't pass Spe and other stats simultaneously
|rule|Swagger Clause: Swagger is banned
|clearpoke
|poke|p1|Jirachi|item
|poke|p1|Latios, M|item
|poke|p1|Terrakion|item
|poke|p1|Hydreigon, M|item
|poke|p1|Breloom, F|item
|poke|p1|Garchomp, F|item
|poke|p2|Tyranitar, F|item
|poke|p2|Rotom-Wash|item
|poke|p2|Landorus-Therian, M|item
|poke|p2|Keldeo|item
|poke|p2|Latios, M|item
|poke|p2|Scizor, F|item
|teampreview
|
|start
|switch|p1a: Jirachi|Jirachi|100/100
|switch|p2a: Landorus|Landorus-Therian, M|100/100
|-ability|p2a: Landorus|Intimidate|boost
|-unboost|p1a: Jirachi|atk|1
|turn|1
|
|move|p1a: Jirachi|Stealth Rock|p2a: Landorus
|-sidestart|p2: Meloriver ヽ|move: Stealth Rock
|move|p2a: Landorus|Earthquake|p1a: Jirachi
|-supereffective|p1a: Jirachi
|-enditem|p1a: Jirachi|Shuca Berry|[eat]
|-enditem|p1a: Jirachi|Shuca Berry|[weaken]
|-damage|p1a: Jirachi|43/100
|
|upkeep
|turn|2
|
|switch|p2a: Rotom|Rotom-Wash|100/100
|-damage|p2a: Rotom|88/100|[from] Stealth Rock
|move|p1a: Jirachi|Icy Wind|p2a: Rotom
|-resisted|p2a: Rotom
|-damage|p2a: Rotom|81/100
|-unboost|p2a: Rotom|spe|1
|
|-heal|p2a: Rotom|88/100|[from] item: Leftovers
|upkeep
|turn|3
|
|switch|p1a: Hydreigon|Hydreigon, M|100/100
|move|p2a: Rotom|Will-O-Wisp|p1a: Hydreigon
|-status|p1a: Hydreigon|brn
|
|-heal|p2a: Rotom|94/100|[from] item: Leftovers
|-damage|p1a: Hydreigon|88/100 brn|[from] brn
|upkeep
|turn|4
|
|move|p1a: Hydreigon|Draco Meteor|p2a: Rotom
|-damage|p2a: Rotom|8/100
|-unboost|p1a: Hydreigon|spa|2
|move|p2a: Rotom|Pain Split|p1a: Hydreigon
|-sethp|p1a: Hydreigon|48/100 brn|p2a: Rotom|51/100|[from] move: Pain Split
|
|-heal|p2a: Rotom|57/100|[from] item: Leftovers
|-damage|p1a: Hydreigon|35/100 brn|[from] brn
|upkeep
|turn|5
|
|switch|p1a: Jirachi|Jirachi|43/100
|move|p2a: Rotom|Volt Switch|p1a: Jirachi
|-damage|p1a: Jirachi|16/100
|
|switch|p2a: Puxão|Keldeo|100/100
|-damage|p2a: Puxão|94/100|[from] Stealth Rock
|
|upkeep
|turn|6
|
|move|p2a: Puxão|Secret Sword|p1a: Jirachi
|-damage|p1a: Jirachi|0 fnt
|faint|p1a: Jirachi
|
|upkeep
|
|switch|p1a: Latios|Latios, M|100/100
|turn|7
|
|switch|p2a: Rotom|Rotom-Wash|57/100
|-damage|p2a: Rotom|45/100|[from] Stealth Rock
|move|p1a: Latios|Surf|p2a: Rotom
|-resisted|p2a: Rotom
|-damage|p2a: Rotom|31/100
|
|-heal|p2a: Rotom|38/100|[from] item: Leftovers
|upkeep
|turn|8
|
|switch|p1a: Hydreigon|Hydreigon, M|35/100 brn
|move|p2a: Rotom|Volt Switch|p1a: Hydreigon
|-resisted|p1a: Hydreigon
|-damage|p1a: Hydreigon|21/100 brn
|
|switch|p2a: Scizor|Scizor, F|100/100
|-damage|p2a: Scizor|88/100|[from] Stealth Rock
|
|-heal|p2a: Scizor|94/100|[from] item: Leftovers
|-damage|p1a: Hydreigon|9/100 brn|[from] brn
|upkeep
|turn|9
|
|move|p2a: Scizor|Bullet Punch|p1a: Hydreigon
|-damage|p1a: Hydreigon|0 fnt
|faint|p1a: Hydreigon
|
|-heal|p2a: Scizor|100/100|[from] item: Leftovers
|upkeep
|
|switch|p1a: Garchomp|Garchomp, F|100/100
|turn|10
|
|switch|p2a: Landorus|Landorus-Therian, M|100/100
|-damage|p2a: Landorus|88/100|[from] Stealth Rock
|-ability|p2a: Landorus|Intimidate|boost
|-unboost|p1a: Garchomp|atk|1
|move|p1a: Garchomp|Fire Blast|p2a: Landorus
|-damage|p2a: Landorus|53/100
|
|upkeep
|turn|11
|
|move|p1a: Garchomp|Swords Dance|p1a: Garchomp
|-boost|p1a: Garchomp|atk|2
|move|p2a: Landorus|Hidden Power|p1a: Garchomp
|-supereffective|p1a: Garchomp
|-enditem|p1a: Garchomp|Yache Berry|[eat]
|-enditem|p1a: Garchomp|Yache Berry|[weaken]
|-damage|p1a: Garchomp|60/100
|
|upkeep
|turn|12
|
|switch|p2a: Rotom|Rotom-Wash|38/100
|-damage|p2a: Rotom|25/100|[from] Stealth Rock
|move|p1a: Garchomp|Outrage|p2a: Rotom
|-damage|p2a: Rotom|0 fnt
|faint|p2a: Rotom
|
|upkeep
|
|switch|p2a: Landorus|Landorus-Therian, M|53/100
|-damage|p2a: Landorus|41/100|[from] Stealth Rock
|-ability|p2a: Landorus|Intimidate|boost
|-unboost|p1a: Garchomp|atk|1
|turn|13
|
|switch|p2a: Scizor|Scizor, F|100/100
|-damage|p2a: Scizor|88/100|[from] Stealth Rock
|move|p1a: Garchomp|Outrage|p2a: Scizor|[from]lockedmove
|-resisted|p2a: Scizor
|-damage|p2a: Scizor|59/100
|
|-heal|p2a: Scizor|65/100|[from] item: Leftovers
|upkeep
|turn|14
|
|move|p1a: Garchomp|Outrage|p2a: Scizor|[from]lockedmove
|-resisted|p2a: Scizor
|-damage|p2a: Scizor|31/100
|-start|p1a: Garchomp|confusion|[fatigue]
|move|p2a: Scizor|Roost|p2a: Scizor
|-heal|p2a: Scizor|81/100
|
|-heal|p2a: Scizor|87/100|[from] item: Leftovers
|upkeep
|turn|15
|
|switch|p2a: Landorus|Landorus-Therian, M|41/100
|-damage|p2a: Landorus|29/100|[from] Stealth Rock
|-ability|p2a: Landorus|Intimidate|boost
|-unboost|p1a: Garchomp|atk|1
|-activate|p1a: Garchomp|confusion
|move|p1a: Garchomp|Fire Blast|p2a: Landorus
|-damage|p2a: Landorus|0 fnt
|faint|p2a: Landorus
|
|upkeep
|
|switch|p2a: Latios|Latios, M|100/100
|-damage|p2a: Latios|88/100|[from] Stealth Rock
|turn|16
|
|move|p2a: Latios|Draco Meteor|p1a: Garchomp
|-supereffective|p1a: Garchomp
|-damage|p1a: Garchomp|0 fnt
|-unboost|p2a: Latios|spa|2
|faint|p1a: Garchomp
|
|upkeep
|
|switch|p1a: Breloom|Breloom, F|100/100
|turn|17
|
|move|p2a: Latios|Draco Meteor|p1a: Breloom
|-damage|p1a: Breloom|0 fnt
|-unboost|p2a: Latios|spa|2
|faint|p1a: Breloom
|
|upkeep
|
|switch|p1a: Terrakion|Terrakion|100/100
|turn|18
|
|move|p2a: Latios|Draco Meteor|p1a: Terrakion
|-damage|p1a: Terrakion|61/100
|-unboost|p2a: Latios|spa|2
|move|p1a: Terrakion|Close Combat|p2a: Latios
|-resisted|p2a: Latios
|-damage|p2a: Latios|25/100
|-unboost|p1a: Terrakion|def|1
|-unboost|p1a: Terrakion|spd|1
|
|upkeep
|turn|19
|
|move|p2a: Latios|Draco Meteor|p1a: Terrakion|[miss]
|-miss|p2a: Latios|p1a: Terrakion
|move|p1a: Terrakion|Close Combat|p2a: Latios
|-resisted|p2a: Latios
|-damage|p2a: Latios|0 fnt
|-unboost|p1a: Terrakion|def|1
|-unboost|p1a: Terrakion|spd|1
|faint|p2a: Latios
|
|upkeep
|
|switch|p2a: Scizor|Scizor, F|87/100
|-damage|p2a: Scizor|75/100|[from] Stealth Rock
|turn|20
|
|switch|p1a: Latios|Latios, M|100/100
|move|p2a: Scizor|Bullet Punch|p1a: Latios
|-damage|p1a: Latios|58/100
|
|-heal|p2a: Scizor|81/100|[from] item: Leftovers
|upkeep
|turn|21
|
|switch|p1a: Terrakion|Terrakion|61/100
|switch|p2a: Puxão|Keldeo|94/100
|-damage|p2a: Puxão|88/100|[from] Stealth Rock
|
|upkeep
|turn|22
|
|move|p2a: Puxão|Secret Sword|p1a: Terrakion
|-supereffective|p1a: Terrakion
|-damage|p1a: Terrakion|0 fnt
|faint|p1a: Terrakion
|
|upkeep
|
|switch|p1a: Latios|Latios, M|58/100
|turn|23
|
|move|p1a: Latios|Trick|p2a: Puxão
|-activate|p1a: Latios|move: Trick|[of] p2a: Puxão
|-item|p2a: Puxão|Choice Scarf|[from] move: Trick
|-item|p1a: Latios|Choice Scarf|[from] move: Trick
|move|p2a: Puxão|Secret Sword|p1a: Latios
|-resisted|p1a: Latios
|-crit|p1a: Latios
|-damage|p1a: Latios|0 fnt
|faint|p1a: Latios
|
|win|Meloriver ヽ
|raw|gengaster's rating: 1520 &rarr; <strong>1499</strong><br />(-21 for losing)
|raw|Meloriver ヽ's rating: 1500 &rarr; <strong>1521</strong><br />(+21 for winning)
|l|☆gengaster
