|j|☆99 Red drifloon
|j|☆veryfasttosin
|player|p1|99 Red drifloon|169
|player|p2|veryfasttosin|53
|teamsize|p1|6
|teamsize|p2|6
|gametype|singles
|gen|5
|tier|[Gen 5] OU
|rated|
|rule|Sleep Clause Mod: Limit one foe put to sleep
|rule|Species Clause: Limit one of each Pokémon
|rule|OHKO Clause: OHKO moves are banned
|rule|Moody Clause: Moody is banned
|rule|Evasion Moves Clause: Evasion moves are banned
|rule|Endless Battle Clause: Forcing endless battles is banned
|rule|HP Percentage Mod: HP is shown in percentages
|rule|Evasion Abilities Clause: Evasion abilities are banned
|rule|Baton Pass Clause: Limit one Baton Passer, can't pass Spe and other stats simultaneously
|rule|Swagger Clause: Swagger is banned
|clearpoke
|poke|p1|Tyranitar, M|item
|poke|p1|Magnezone|item
|poke|p1|Terrakion|item
|poke|p1|Latios, M|item
|poke|p1|Scizor, F|item
|poke|p1|Landorus-Therian, M|item
|poke|p2|Magnezone|item
|poke|p2|Dragonite, M|item
|poke|p2|Espeon, F|item
|poke|p2|Starmie|item
|poke|p2|Mamoswine, F|item
|poke|p2|Salamence, M|item
|teampreview
|
|start
|switch|p1a: Pat Riely|Tyranitar, M|100/100
|switch|p2a: Mamoswine|Mamoswine, F|100/100
|-weather|Sandstorm|[from] ability: Sand Stream|[of] p1a: Pat Riely
|turn|1
|
|move|p2a: Mamoswine|Earthquake|p1a: Pat Riely
|-supereffective|p1a: Pat Riely
|-damage|p1a: Pat Riely|11/100
|move|p1a: Pat Riely|Stealth Rock|p2a: Mamoswine
|-sidestart|p2: veryfasttosin|move: Stealth Rock
|
|-weather|Sandstorm|[upkeep]
|-heal|p1a: Pat Riely|17/100|[from] item: Leftovers
|upkeep
|turn|2
|
|switch|p1a: Bron Bron|Landorus-Therian, M|100/100
|-ability|p1a: Bron Bron|Intimidate|boost
|-unboost|p2a: Mamoswine|atk|1
|move|p2a: Mamoswine|Stealth Rock|p1a: Bron Bron
|-sidestart|p1: 99 Red drifloon|move: Stealth Rock
|
|-weather|Sandstorm|[upkeep]
|upkeep
|turn|3
|
|switch|p1a: Miller|Scizor, F, shiny|100/100
|-damage|p1a: Miller|88/100|[from] Stealth Rock
|move|p2a: Mamoswine|Icicle Crash|p1a: Miller
|-resisted|p1a: Miller
|-damage|p1a: Miller|71/100
|
|-weather|Sandstorm|[upkeep]
|upkeep
|turn|4
|
|move|p2a: Mamoswine|Earthquake|p1a: Miller
|-damage|p1a: Miller|34/100
|move|p1a: Miller|Superpower|p2a: Mamoswine
|-supereffective|p2a: Mamoswine
|-damage|p2a: Mamoswine|0 fnt
|-unboost|p1a: Miller|atk|1
|-unboost|p1a: Miller|def|1
|faint|p2a: Mamoswine
|
|-weather|Sandstorm|[upkeep]
|upkeep
|
|switch|p2a: Magnezone|Magnezone|100/100
|-damage|p2a: Magnezone|94/100|[from] Stealth Rock
|turn|5
|
|move|p2a: Magnezone|Hidden Power|p1a: Miller
|-supereffective|p1a: Miller
|-damage|p1a: Miller|0 fnt
|faint|p1a: Miller
|
|-weather|Sandstorm|[upkeep]
|upkeep
|
|switch|p1a: D.Wade|Terrakion|100/100
|-damage|p1a: D.Wade|94/100|[from] Stealth Rock
|turn|6
|
|switch|p2a: Espeon|Espeon, F|100/100
|-damage|p2a: Espeon|88/100|[from] Stealth Rock
|move|p1a: D.Wade|Close Combat|p2a: Espeon
|-resisted|p2a: Espeon
|-damage|p2a: Espeon|38/100
|-unboost|p1a: D.Wade|def|1
|-unboost|p1a: D.Wade|spd|1
|
|-weather|Sandstorm|[upkeep]
|-damage|p2a: Espeon|32/100|[from] Sandstorm
|upkeep
|turn|7
|
|move|p1a: D.Wade|Close Combat|p2a: Espeon
|-resisted|p2a: Espeon
|-damage|p2a: Espeon|0 fnt
|-unboost|p1a: D.Wade|def|1
|-unboost|p1a: D.Wade|spd|1
|faint|p2a: Espeon
|
|-weather|Sandstorm|[upkeep]
|upkeep
|
|switch|p2a: Starmie|Starmie|100/100
|-damage|p2a: Starmie|88/100|[from] Stealth Rock
|turn|8
|
|switch|p1a: Pat Riely|Tyranitar, M|17/100
|-damage|p1a: Pat Riely|5/100|[from] Stealth Rock
|move|p2a: Starmie|Rapid Spin|p1a: Pat Riely
|-resisted|p1a: Pat Riely
|-damage|p1a: Pat Riely|3/100
|-sideend|p2: veryfasttosin|Stealth Rock|[from] move: Rapid Spin|[of] p2a: Starmie
|-damage|p2a: Starmie|78/100|[from] item: Life Orb
|
|-weather|Sandstorm|[upkeep]
|-damage|p2a: Starmie|72/100|[from] Sandstorm
|-heal|p1a: Pat Riely|9/100|[from] item: Leftovers
|upkeep
|turn|9
|
|move|p2a: Starmie|Ice Beam|p1a: Pat Riely
|-damage|p1a: Pat Riely|0 fnt
|-damage|p2a: Starmie|62/100|[from] item: Life Orb
|faint|p1a: Pat Riely
|
|-weather|Sandstorm|[upkeep]
|-damage|p2a: Starmie|56/100|[from] Sandstorm
|upkeep
|
|switch|p1a: D.Wade|Terrakion|94/100
|-damage|p1a: D.Wade|88/100|[from] Stealth Rock
|turn|10
|
|switch|p2a: Magnezone|Magnezone|94/100
|move|p1a: D.Wade|X-Scissor|p2a: Magnezone
|-resisted|p2a: Magnezone
|-damage|p2a: Magnezone|81/100
|
|-weather|Sandstorm|[upkeep]
|upkeep
|turn|11
|
|switch|p1a: Ray Allen|Magnezone|100/100
|-damage|p1a: Ray Allen|94/100|[from] Stealth Rock
|switch|p2a: Salamence|Salamence, M|100/100
|-ability|p2a: Salamence|Intimidate|boost
|-unboost|p1a: Ray Allen|atk|1
|
|-weather|Sandstorm|[upkeep]
|-damage|p2a: Salamence|94/100|[from] Sandstorm
|-heal|p1a: Ray Allen|100/100|[from] item: Leftovers
|upkeep
|turn|12
|
|switch|p1a: Bron Bron|Landorus-Therian, M|100/100
|-damage|p1a: Bron Bron|88/100|[from] Stealth Rock
|-ability|p1a: Bron Bron|Intimidate|boost
|-unboost|p2a: Salamence|atk|1
|move|p2a: Salamence|Earthquake|p1a: Bron Bron
|-immune|p1a: Bron Bron
|
|-weather|Sandstorm|[upkeep]
|-damage|p2a: Salamence|88/100|[from] Sandstorm
|upkeep
|turn|13
|
|move|p2a: Salamence|Draco Meteor|p1a: Bron Bron
|-damage|p1a: Bron Bron|0 fnt
|-unboost|p2a: Salamence|spa|2
|-damage|p2a: Salamence|78/100|[from] item: Life Orb
|faint|p1a: Bron Bron
|
|-weather|Sandstorm|[upkeep]
|-damage|p2a: Salamence|72/100|[from] Sandstorm
|upkeep
|
|switch|p1a: D.Wade|Terrakion|88/100
|-damage|p1a: D.Wade|82/100|[from] Stealth Rock
|turn|14
|
|switch|p2a: Magnezone|Magnezone|81/100
|move|p1a: D.Wade|Stone Edge|p2a: Magnezone
|-resisted|p2a: Magnezone
|-damage|p2a: Magnezone|56/100
|
|-weather|Sandstorm|[upkeep]
|upkeep
|turn|15
|
|switch|p1a: Ray Allen|Magnezone|100/100
|-damage|p1a: Ray Allen|94/100|[from] Stealth Rock
|move|p2a: Magnezone|Volt Switch|p1a: Ray Allen
|-resisted|p1a: Ray Allen
|-damage|p1a: Ray Allen|56/100
|
|switch|p2a: Salamence|Salamence, M|72/100
|-ability|p2a: Salamence|Intimidate|boost
|-unboost|p1a: Ray Allen|atk|1
|
|-weather|Sandstorm|[upkeep]
|-damage|p2a: Salamence|66/100|[from] Sandstorm
|-heal|p1a: Ray Allen|62/100|[from] item: Leftovers
|upkeep
|turn|16
|
|move|p2a: Salamence|Draco Meteor|p1a: Ray Allen
|-resisted|p1a: Ray Allen
|-damage|p1a: Ray Allen|7/100
|-unboost|p2a: Salamence|spa|2
|-damage|p2a: Salamence|56/100|[from] item: Life Orb
|move|p1a: Ray Allen|Flash Cannon|p2a: Salamence
|-damage|p2a: Salamence|0 fnt
|faint|p2a: Salamence
|
|-weather|Sandstorm|[upkeep]
|-heal|p1a: Ray Allen|13/100|[from] item: Leftovers
|upkeep
|
|switch|p2a: Dragonite|Dragonite, M|100/100
|turn|17
|
|move|p2a: Dragonite|Dragon Dance|p2a: Dragonite
|-boost|p2a: Dragonite|atk|1
|-boost|p2a: Dragonite|spe|1
|move|p1a: Ray Allen|Flash Cannon|p2a: Dragonite
|-damage|p2a: Dragonite|80/100
|
|-weather|Sandstorm|[upkeep]
|-damage|p2a: Dragonite|74/100|[from] Sandstorm
|-heal|p1a: Ray Allen|19/100|[from] item: Leftovers
|upkeep
|turn|18
|
|move|p2a: Dragonite|Dragon Dance|p2a: Dragonite
|-boost|p2a: Dragonite|atk|1
|-boost|p2a: Dragonite|spe|1
|move|p1a: Ray Allen|Flash Cannon|p2a: Dragonite
|-damage|p2a: Dragonite|28/100
|
|-weather|Sandstorm|[upkeep]
|-damage|p2a: Dragonite|22/100|[from] Sandstorm
|-heal|p1a: Ray Allen|25/100|[from] item: Leftovers
|upkeep
|turn|19
|
|move|p2a: Dragonite|Earthquake|p1a: Ray Allen
|-supereffective|p1a: Ray Allen
|-damage|p1a: Ray Allen|0 fnt
|faint|p1a: Ray Allen
|
|-weather|Sandstorm|[upkeep]
|-damage|p2a: Dragonite|15/100|[from] Sandstorm
|upkeep
|inactive|Battle timer is ON: inactive players will automatically lose when time's up. (requested by veryfasttosin)
|
|switch|p1a: D.Wade|Terrakion|82/100
|-damage|p1a: D.Wade|76/100|[from] Stealth Rock
|turn|20
|inactive|veryfasttosin has 120 seconds left.
|
|move|p1a: D.Wade|Quick Attack|p2a: Dragonite
|-damage|p2a: Dragonite|0 fnt
|faint|p2a: Dragonite
|
|-weather|Sandstorm|[upkeep]
|upkeep
|inactive|veryfasttosin has 120 seconds left.
|inactive|veryfasttosin has 90 seconds left.
|
|switch|p2a: Magnezone|Magnezone|56/100
|turn|21
|c|☆veryfasttosin|As soon as the game ends, don't go away
|c|☆veryfasttosin|I wanna tell you something
|inactive|veryfasttosin has 60 seconds left.
|c|☆99 Red drifloon|ok
|
|switch|p1a: Bosh|Latios, M, shiny|100/100
|-damage|p1a: Bosh|88/100|[from] Stealth Rock
|move|p2a: Magnezone|Flash Cannon|p1a: Bosh
|-damage|p1a: Bosh|15/100
|
|-weather|Sandstorm|[upkeep]
|-damage|p1a: Bosh|9/100|[from] Sandstorm
|upkeep
|turn|22
|inactive|veryfasttosin has 60 seconds left.
|
|switch|p2a: Starmie|Starmie|56/100
|move|p1a: Bosh|Surf|p2a: Starmie
|-resisted|p2a: Starmie
|-damage|p2a: Starmie|33/100
|
|-weather|Sandstorm|[upkeep]
|-damage|p2a: Starmie|27/100|[from] Sandstorm
|-damage|p1a: Bosh|3/100|[from] Sandstorm
|upkeep
|turn|23
|inactive|veryfasttosin has 60 seconds left.
|
|move|p2a: Starmie|Ice Beam|p1a: Bosh
|-supereffective|p1a: Bosh
|-damage|p1a: Bosh|0 fnt
|-damage|p2a: Starmie|17/100|[from] item: Life Orb
|faint|p1a: Bosh
|
|-weather|Sandstorm|[upkeep]
|-damage|p2a: Starmie|11/100|[from] Sandstorm
|upkeep
|
|switch|p1a: D.Wade|Terrakion|76/100
|-damage|p1a: D.Wade|70/100|[from] Stealth Rock
|turn|24
|
|move|p1a: D.Wade|Close Combat|p2a: Starmie
|-resisted|p2a: Starmie
|-damage|p2a: Starmie|0 fnt
|-unboost|p1a: D.Wade|def|1
|-unboost|p1a: D.Wade|spd|1
|faint|p2a: Starmie
|
|-weather|Sandstorm|[upkeep]
|upkeep
|
|switch|p2a: Magnezone|Magnezone|56/100
|turn|25
|
|move|p1a: D.Wade|Close Combat|p2a: Magnezone
|-supereffective|p2a: Magnezone
|-damage|p2a: Magnezone|0 fnt
|-unboost|p1a: D.Wade|def|1
|-unboost|p1a: D.Wade|spd|1
|faint|p2a: Magnezone
|
|win|99 Red drifloon
|c|☆veryfasttosin|So
|raw|99 Red drifloon's rating: 1424 &rarr; <strong>1443</strong><br />(+19 for winning)
|raw|veryfasttosin's rating: 1397 &rarr; <strong>1378</strong><br />(-19 for losing)
|c|☆99 Red drifloon|gg
|c|☆veryfasttosin|Actually, I made calculations
|c|☆99 Red drifloon|ok
|c|☆veryfasttosin|+2 Dragonite hits 518 Spe
|c|☆veryfasttosin|whereas Scarf Terrakion hit 519 :)
|c|☆veryfasttosin|this means that you had no need to actually use Quick Attac
|c|☆99 Red drifloon|oh i see
|c|☆99 Red drifloon|i was just scared
|c|☆veryfasttosin|lol
|c|☆99 Red drifloon|i was gonna get outspeed
|c|☆veryfasttosin|with ESpeed I could deal like 40%
|c|☆veryfasttosin|Amazing pokémon, Scarf Terrakion
|c|☆99 Red drifloon|thank you for telling me.
|c|☆99 Red drifloon|yeah
|c|☆99 Red drifloon|he's really good for my team
|c|☆veryfasttosin|you're welcome! you know,
|c|☆veryfasttosin|this is an old team and instead of having MixMence I had Scizor
|c|☆veryfasttosin|I couldn't really remember why I had it
|c|☆veryfasttosin|Now I see ahah
|c|☆99 Red drifloon|that would have rocked my terrakion
|c|☆veryfasttosin|Yeah, I think I'm gonna go with Scizor again ahah
|c|☆99 Red drifloon|gg sir
|c|☆99 Red drifloon|yeah
|c|☆veryfasttosin|gg!
|c|☆99 Red drifloon|he's really good
|c|☆99 Red drifloon|banded bullet punches
|c|☆veryfasttosin|yeah, of course, banded with BP U-Turn Superpower and Pursuit
|c|☆99 Red drifloon|i use that set. but aerial ace
|c|☆99 Red drifloon|instead of pursuit
|c|☆veryfasttosin|Oh, I see
|c|☆99 Red drifloon|im gonna head out. gotta use the restroom
|c|☆99 Red drifloon|good game :)
