|j|☆Tamanivalu
|j|☆resetto0
|player|p1|Tamanivalu|101
|player|p2|resetto0|20
|teamsize|p1|6
|teamsize|p2|6
|gametype|singles
|gen|5
|tier|[Gen 5] OU
|rated|
|rule|Sleep Clause Mod: Limit one foe put to sleep
|rule|Species Clause: Limit one of each Pokémon
|rule|OHKO Clause: OHKO moves are banned
|rule|Moody Clause: Moody is banned
|rule|Evasion Moves Clause: Evasion moves are banned
|rule|Endless Battle Clause: Forcing endless battles is banned
|rule|HP Percentage Mod: HP is shown in percentages
|rule|Evasion Abilities Clause: Evasion abilities are banned
|rule|Baton Pass Clause: Limit one Baton Passer, can't pass Spe and other stats simultaneously
|rule|Swagger Clause: Swagger is banned
|clearpoke
|poke|p1|Tyranitar, M|item
|poke|p1|Garchomp, M|item
|poke|p1|Ferrothorn, M|item
|poke|p1|Landorus-Therian, M|item
|poke|p1|Rotom-Wash|item
|poke|p1|Hydreigon, M|item
|poke|p2|Tyranitar, F|item
|poke|p2|Blissey, F|item
|poke|p2|Gliscor, F|item
|poke|p2|Quagsire, M|item
|poke|p2|Latias, F|item
|poke|p2|Forretress, F|item
|teampreview
|raw|<div class="broadcast-red"><strong>This room is now invite only!</strong><br />Users must be rank + or invited with <code>/invite</code> to join</div>
|c|☆Tamanivalu|/log Tamanivalu set modjoin to +.
|c|☆Tamanivalu|/log Tamanivalu made this room hidden.
|
|start
|switch|p1a: Landorus-T|Landorus-Therian, M|100/100
|switch|p2a: Gliscor|Gliscor, F|100/100
|-ability|p1a: Landorus-T|Intimidate|boost
|-unboost|p2a: Gliscor|atk|1
|turn|1
|
|move|p1a: Landorus-T|Hidden Power|p2a: Gliscor
|-supereffective|p2a: Gliscor
|-damage|p2a: Gliscor|29/100
|move|p2a: Gliscor|Ice Fang|p1a: Landorus-T
|-supereffective|p1a: Landorus-T
|-damage|p1a: Landorus-T|54/100
|
|-status|p2a: Gliscor|tox|[from] item: Toxic Orb
|upkeep
|turn|2
|
|switch|p2a: Forretress|Forretress, F|100/100
|move|p1a: Landorus-T|Swords Dance|p1a: Landorus-T
|-boost|p1a: Landorus-T|atk|2
|
|upkeep
|turn|3
|
|move|p1a: Landorus-T|Earthquake|p2a: Forretress
|-damage|p2a: Forretress|16/100
|move|p2a: Forretress|Toxic|p1a: Landorus-T
|-status|p1a: Landorus-T|tox
|
|-heal|p2a: Forretress|23/100|[from] item: Leftovers
|-damage|p1a: Landorus-T|48/100 tox|[from] psn
|upkeep
|turn|4
|
|switch|p2a: Quagsire|Quagsire, M|100/100
|move|p1a: Landorus-T|Superpower|p2a: Quagsire
|-enditem|p1a: Landorus-T|Fighting Gem|[from] gem|[move] Superpower
|-damage|p2a: Quagsire|57/100
|-unboost|p1a: Landorus-T|atk|1
|-unboost|p1a: Landorus-T|def|1
|
|-heal|p2a: Quagsire|63/100|[from] item: Leftovers
|-damage|p1a: Landorus-T|36/100 tox|[from] psn
|upkeep
|turn|5
|
|switch|p1a: Rotom|Rotom-Wash|100/100
|move|p2a: Quagsire|Scald|p1a: Rotom
|-resisted|p1a: Rotom
|-damage|p1a: Rotom|90/100
|-status|p1a: Rotom|brn
|
|-heal|p1a: Rotom|96/100 brn|[from] item: Leftovers
|-heal|p2a: Quagsire|69/100|[from] item: Leftovers
|-damage|p1a: Rotom|84/100 brn|[from] brn
|upkeep
|turn|6
|
|switch|p2a: Blissey|Blissey, F|100/100
|move|p1a: Rotom|Volt Switch|p2a: Blissey
|-damage|p2a: Blissey|91/100
|
|switch|p1a: Ferrothorn|Ferrothorn, M|100/100
|
|-heal|p2a: Blissey|97/100|[from] item: Leftovers
|upkeep
|turn|7
|
|move|p2a: Blissey|Stealth Rock|p1a: Ferrothorn
|-sidestart|p1: Tamanivalu|move: Stealth Rock
|move|p1a: Ferrothorn|Stealth Rock|p2a: Blissey
|-sidestart|p2: resetto0|move: Stealth Rock
|
|-heal|p2a: Blissey|100/100|[from] item: Leftovers
|upkeep
|turn|8
|
|switch|p2a: Latias|Latias, F|100/100
|-damage|p2a: Latias|88/100|[from] Stealth Rock
|move|p1a: Ferrothorn|Leech Seed|p2a: Latias
|-start|p2a: Latias|move: Leech Seed
|
|-heal|p2a: Latias|94/100|[from] item: Leftovers
|-damage|p2a: Latias|82/100|[from] Leech Seed|[of] p1a: Ferrothorn
|upkeep
|turn|9
|
|switch|p1a: Tyranitar|Tyranitar, M|100/100
|-damage|p1a: Tyranitar|88/100|[from] Stealth Rock
|-weather|Sandstorm|[from] ability: Sand Stream|[of] p1a: Tyranitar
|move|p2a: Latias|Hidden Power|p1a: Tyranitar
|-resisted|p1a: Tyranitar
|-damage|p1a: Tyranitar|83/100
|
|-weather|Sandstorm|[upkeep]
|-damage|p2a: Latias|75/100|[from] Sandstorm
|-heal|p2a: Latias|82/100|[from] item: Leftovers
|-damage|p2a: Latias|69/100|[from] Leech Seed|[of] p1a: Tyranitar
|-heal|p1a: Tyranitar|92/100|[silent]
|upkeep
|turn|10
|
|-activate|p2a: Latias|move: Pursuit
|move|p1a: Tyranitar|Pursuit|p2a: Latias|[from]Pursuit
|-supereffective|p2a: Latias
|-damage|p2a: Latias|0 fnt
|faint|p2a: Latias
|
|-weather|Sandstorm|[upkeep]
|upkeep
|
|switch|p2a: Gliscor|Gliscor, F|29/100 tox
|-damage|p2a: Gliscor|17/100 tox|[from] Stealth Rock
|turn|11
|
|move|p2a: Gliscor|Earthquake|p1a: Tyranitar
|-supereffective|p1a: Tyranitar
|-damage|p1a: Tyranitar|40/100
|move|p1a: Tyranitar|Crunch|p2a: Gliscor
|-damage|p2a: Gliscor|0 fnt
|faint|p2a: Gliscor
|
|-weather|Sandstorm|[upkeep]
|upkeep
|
|switch|p2a: Quagsire|Quagsire, M|69/100
|-damage|p2a: Quagsire|63/100|[from] Stealth Rock
|turn|12
|
|switch|p1a: Rotom|Rotom-Wash|84/100 brn
|-damage|p1a: Rotom|72/100 brn|[from] Stealth Rock
|move|p2a: Quagsire|Scald|p1a: Rotom
|-resisted|p1a: Rotom
|-damage|p1a: Rotom|61/100 brn
|
|-weather|Sandstorm|[upkeep]
|-damage|p1a: Rotom|55/100 brn|[from] Sandstorm
|-heal|p1a: Rotom|61/100 brn|[from] item: Leftovers
|-heal|p2a: Quagsire|69/100|[from] item: Leftovers
|-damage|p1a: Rotom|49/100 brn|[from] brn
|upkeep
|turn|13
|
|move|p1a: Rotom|Will-O-Wisp|p2a: Quagsire|[miss]
|-miss|p1a: Rotom|p2a: Quagsire
|move|p2a: Quagsire|Scald|p1a: Rotom
|-resisted|p1a: Rotom
|-damage|p1a: Rotom|39/100 brn
|
|-weather|Sandstorm|[upkeep]
|-damage|p1a: Rotom|33/100 brn|[from] Sandstorm
|-heal|p1a: Rotom|39/100 brn|[from] item: Leftovers
|-heal|p2a: Quagsire|75/100|[from] item: Leftovers
|-damage|p1a: Rotom|27/100 brn|[from] brn
|upkeep
|turn|14
|
|switch|p2a: Blissey|Blissey, F|100/100
|-damage|p2a: Blissey|88/100|[from] Stealth Rock
|move|p1a: Rotom|Pain Split|p2a: Blissey
|-sethp|p2a: Blissey|50/100|p1a: Rotom|100/100 brn|[from] move: Pain Split
|
|-weather|Sandstorm|[upkeep]
|-damage|p1a: Rotom|95/100 brn|[from] Sandstorm
|-damage|p2a: Blissey|44/100|[from] Sandstorm
|-heal|p1a: Rotom|100/100 brn|[from] item: Leftovers
|-heal|p2a: Blissey|50/100|[from] item: Leftovers
|-damage|p1a: Rotom|88/100 brn|[from] brn
|upkeep
|turn|15
|
|move|p1a: Rotom|Volt Switch|p2a: Blissey
|-damage|p2a: Blissey|41/100
|
|switch|p1a: Landorus-T|Landorus-Therian, M|36/100 tox
|-damage|p1a: Landorus-T|24/100 tox|[from] Stealth Rock
|-ability|p1a: Landorus-T|Intimidate|boost
|-unboost|p2a: Blissey|atk|1
|move|p2a: Blissey|Toxic|p1a: Landorus-T
|-fail|p1a: Landorus-T|tox
|
|-weather|Sandstorm|[upkeep]
|-damage|p2a: Blissey|35/100|[from] Sandstorm
|-heal|p2a: Blissey|41/100|[from] item: Leftovers
|-damage|p1a: Landorus-T|18/100 tox|[from] psn
|upkeep
|turn|16
|
|switch|p2a: Quagsire|Quagsire, M|75/100
|-damage|p2a: Quagsire|69/100|[from] Stealth Rock
|move|p1a: Landorus-T|Earthquake|p2a: Quagsire
|-damage|p2a: Quagsire|28/100
|
|-weather|Sandstorm|[upkeep]
|-heal|p2a: Quagsire|35/100|[from] item: Leftovers
|-damage|p1a: Landorus-T|6/100 tox|[from] psn
|upkeep
|turn|17
|
|move|p1a: Landorus-T|Earthquake|p2a: Quagsire
|-damage|p2a: Quagsire|0 fnt
|faint|p2a: Quagsire
|
|-weather|Sandstorm|[upkeep]
|-damage|p1a: Landorus-T|0 fnt|[from] psn
|upkeep
|faint|p1a: Landorus-T
|c|☆Tamanivalu|gg
|
|switch|p1a: Garchomp|Garchomp, M|100/100
|switch|p2a: Tyranitar|Tyranitar, F|100/100
|-damage|p1a: Garchomp|94/100|[from] Stealth Rock
|-damage|p2a: Tyranitar|88/100|[from] Stealth Rock
|turn|18
|
|move|p1a: Garchomp|Earthquake|p2a: Tyranitar
|-supereffective|p2a: Tyranitar
|-damage|p2a: Tyranitar|0 fnt
|faint|p2a: Tyranitar
|
|-weather|Sandstorm|[upkeep]
|upkeep
|-message|resetto0 forfeited.
|
|win|Tamanivalu
|l|☆resetto0
|raw|Tamanivalu's rating: 1386 &rarr; <strong>1402</strong><br />(+16 for winning)
|raw|resetto0's rating: 1314 &rarr; <strong>1298</strong><br />(-16 for losing)
|c|☆Tamanivalu|/log Tamanivalu made this room public.
