|j|☆killapokeman
|j|☆blue in unova
|t:|1724430330
|gametype|singles
|player|p1|killapokeman|hoopster|1437
|player|p2|blue in unova|miku-ground|1440
|teamsize|p1|6
|teamsize|p2|6
|gen|5
|tier|[Gen 5] OU
|rated|
|rule|Species Clause: Limit one of each Pokémon
|rule|OHKO Clause: OHKO moves are banned
|rule|Moody Clause: Moody is banned
|rule|Evasion Items Clause: Evasion items are banned
|rule|Evasion Moves Clause: Evasion moves are banned
|rule|Endless Battle Clause: Forcing endless battles is banned
|rule|HP Percentage Mod: HP is shown in percentages
|rule|Evasion Abilities Clause: Evasion abilities are banned
|rule|Sleep Moves Clause: Sleep-inducing moves are banned
|rule|Swagger Clause: Swagger is banned
|rule|Baton Pass Stat Clause: No Baton Passer may have a way to boost its stats
|clearpoke
|poke|p1|Tyranitar, F|item
|poke|p1|Landorus-Therian, M|item
|poke|p1|Swampert, M|item
|poke|p1|Tentacruel, M|item
|poke|p1|Politoed, F|item
|poke|p1|Reuniclus, M|item
|poke|p2|Mamoswine, F|item
|poke|p2|Jirachi|item
|poke|p2|Magnezone|item
|poke|p2|Latios, M|item
|poke|p2|Starmie|item
|poke|p2|Dragonite, M|item
|teampreview
|inactive|Battle timer is ON: inactive players will automatically lose when time's up. (requested by killapokeman)
|inactive|blue in unova also wants the timer to be on.
|
|t:|1724430355
|start
|switch|p1a: the god of gods.|Politoed, F, shiny|100/100
|switch|p2a: Jirachi|Jirachi|100/100
|-weather|RainDance|[from] ability: Drizzle|[of] p1a: the god of gods.
|turn|1
|
|t:|1724430363
|move|p2a: Jirachi|Body Slam|p1a: the god of gods.
|-damage|p1a: the god of gods.|79/100
|-status|p1a: the god of gods.|par
|cant|p1a: the god of gods.|par
|
|-weather|RainDance|[upkeep]
|upkeep
|turn|2
|
|t:|1724430369
|move|p2a: Jirachi|Stealth Rock|p1a: the god of gods.
|-sidestart|p1: killapokeman|move: Stealth Rock
|move|p1a: the god of gods.|Hydro Pump|p2a: Jirachi
|-damage|p2a: Jirachi|28/100
|
|-weather|RainDance|[upkeep]
|-heal|p2a: Jirachi|34/100|[from] item: Leftovers
|upkeep
|turn|3
|
|t:|1724430375
|move|p2a: Jirachi|U-turn|p1a: the god of gods.
|-damage|p1a: the god of gods.|61/100 par
|
|t:|1724430382
|switch|p2a: Starmie|Starmie|100/100|[from] U-turn
|move|p1a: the god of gods.|Hydro Pump|p2a: Starmie
|-resisted|p2a: Starmie
|-damage|p2a: Starmie|13/100
|
|-weather|RainDance|[upkeep]
|upkeep
|turn|4
|
|t:|1724430390
|switch|p1a: the commander|Tyranitar, F, shiny|100/100
|-damage|p1a: the commander|88/100|[from] Stealth Rock
|-weather|Sandstorm|[from] ability: Sand Stream|[of] p1a: the commander
|move|p2a: Starmie|Ice Beam|p1a: the commander
|-damage|p1a: the commander|68/100
|-status|p1a: the commander|frz
|
|-weather|Sandstorm|[upkeep]
|-damage|p2a: Starmie|7/100|[from] Sandstorm
|upkeep
|turn|5
|
|t:|1724430399
|switch|p2a: Mamoswine|Mamoswine, F|100/100
|cant|p1a: the commander|frz
|
|-weather|Sandstorm|[upkeep]
|upkeep
|turn|6
|
|t:|1724430403
|move|p2a: Mamoswine|Substitute|p2a: Mamoswine
|-start|p2a: Mamoswine|Substitute
|-damage|p2a: Mamoswine|76/100
|-curestatus|p1a: the commander|frz|[msg]
|move|p1a: the commander|Stealth Rock|p2a: Mamoswine
|-sidestart|p2: blue in unova|move: Stealth Rock
|
|-weather|Sandstorm|[upkeep]
|upkeep
|turn|7
|
|t:|1724430412
|move|p2a: Mamoswine|Earthquake|p1a: the commander
|-supereffective|p1a: the commander
|-damage|p1a: the commander|0 fnt
|faint|p1a: the commander
|
|-weather|Sandstorm|[upkeep]
|upkeep
|
|t:|1724430418
|switch|p1a: the god of gods.|Politoed, F, shiny|61/100 par
|-damage|p1a: the god of gods.|48/100 par|[from] Stealth Rock
|-weather|RainDance|[from] ability: Drizzle|[of] p1a: the god of gods.
|turn|8
|
|t:|1724430421
|move|p2a: Mamoswine|Earthquake|p1a: the god of gods.
|-damage|p1a: the god of gods.|0 fnt
|faint|p1a: the god of gods.
|
|-weather|RainDance|[upkeep]
|upkeep
|
|t:|1724430427
|switch|p1a: the tormentor|Reuniclus, M, shiny|100/100
|turn|9
|
|t:|1724430433
|move|p2a: Mamoswine|Icicle Crash|p1a: the tormentor
|-damage|p1a: the tormentor|52/100
|cant|p1a: the tormentor|flinch
|
|-weather|RainDance|[upkeep]
|upkeep
|turn|10
|
|t:|1724430437
|move|p2a: Mamoswine|Icicle Crash|p1a: the tormentor
|-damage|p1a: the tormentor|0 fnt
|faint|p1a: the tormentor
|
|-weather|RainDance|[upkeep]
|upkeep
|
|t:|1724430442
|switch|p1a: Swampert|Swampert, M|100/100
|-damage|p1a: Swampert|94/100|[from] Stealth Rock
|turn|11
|
|t:|1724430447
|move|p2a: Mamoswine|Icicle Crash|p1a: Swampert
|-damage|p1a: Swampert|36/100
|move|p1a: Swampert|Waterfall|p2a: Mamoswine
|-supereffective|p2a: Mamoswine
|-end|p2a: Mamoswine|Substitute
|
|-weather|RainDance|[upkeep]
|-heal|p1a: Swampert|43/100|[from] item: Leftovers
|upkeep
|turn|12
|
|t:|1724430453
|switch|p1a: Landorus|Landorus-Therian, M|100/100
|-damage|p1a: Landorus|88/100|[from] Stealth Rock
|-ability|p1a: Landorus|Intimidate|boost
|-unboost|p2a: Mamoswine|atk|1
|move|p2a: Mamoswine|Icicle Crash|p1a: Landorus
|-supereffective|p1a: Landorus
|-enditem|p1a: Landorus|Yache Berry|[eat]
|-enditem|p1a: Landorus|Yache Berry|[weaken]
|-damage|p1a: Landorus|11/100
|
|-weather|RainDance|[upkeep]
|upkeep
|turn|13
|
|t:|1724430459
|switch|p1a: the specialist|Tentacruel, M, shiny|100/100
|-damage|p1a: the specialist|88/100|[from] Stealth Rock
|move|p2a: Mamoswine|Ice Shard|p1a: the specialist
|-resisted|p1a: the specialist
|-damage|p1a: the specialist|80/100
|
|-weather|RainDance|[upkeep]
|-heal|p1a: the specialist|86/100|[from] ability: Rain Dish
|-heal|p1a: the specialist|93/100|[from] item: Black Sludge
|upkeep
|turn|14
|
|t:|1724430467
|move|p2a: Mamoswine|Substitute|p2a: Mamoswine
|-start|p2a: Mamoswine|Substitute
|-damage|p2a: Mamoswine|51/100
|move|p1a: the specialist|Rapid Spin|p2a: Mamoswine
|-activate|p2a: Mamoswine|Substitute|[damage]
|-sideend|p1: killapokeman|Stealth Rock|[from] move: Rapid Spin|[of] p1a: the specialist
|
|-weather|RainDance|[upkeep]
|-heal|p1a: the specialist|99/100|[from] ability: Rain Dish
|-heal|p1a: the specialist|100/100|[from] item: Black Sludge
|upkeep
|turn|15
|inactive|killapokeman has 120 seconds left.
|
|t:|1724430513
|move|p2a: Mamoswine|Earthquake|p1a: the specialist
|-supereffective|p1a: the specialist
|-damage|p1a: the specialist|37/100
|move|p1a: the specialist|Scald|p2a: Mamoswine
|-supereffective|p2a: Mamoswine
|-end|p2a: Mamoswine|Substitute
|
|-weather|RainDance|[upkeep]
|-heal|p1a: the specialist|43/100|[from] ability: Rain Dish
|-heal|p1a: the specialist|49/100|[from] item: Black Sludge
|upkeep
|turn|16
|
|t:|1724430524
|move|p2a: Mamoswine|Icicle Crash|p1a: the specialist|[miss]
|-miss|p2a: Mamoswine|p1a: the specialist
|move|p1a: the specialist|Scald|p2a: Mamoswine
|-supereffective|p2a: Mamoswine
|-damage|p2a: Mamoswine|0 fnt
|faint|p2a: Mamoswine
|
|-weather|RainDance|[upkeep]
|-heal|p1a: the specialist|55/100|[from] ability: Rain Dish
|-heal|p1a: the specialist|61/100|[from] item: Black Sludge
|upkeep
|
|t:|1724430528
|switch|p2a: Starmie|Starmie|7/100
|-damage|p2a: Starmie|0 fnt|[from] Stealth Rock
|faint|p2a: Starmie
|
|t:|1724430532
|switch|p2a: Magnezone|Magnezone|100/100
|-damage|p2a: Magnezone|94/100|[from] Stealth Rock
|-item|p2a: Magnezone|Air Balloon
|turn|17
|inactive|killapokeman has 120 seconds left.
|inactive|killapokeman has 90 seconds left.
|
|t:|1724430587
|move|p1a: the specialist|Scald|p2a: Magnezone
|-damage|p2a: Magnezone|52/100
|-enditem|p2a: Magnezone|Air Balloon
|move|p2a: Magnezone|Sunny Day|p2a: Magnezone
|-weather|SunnyDay
|
|-weather|SunnyDay|[upkeep]
|-heal|p1a: the specialist|68/100|[from] item: Black Sludge
|upkeep
|turn|18
|inactive|killapokeman has 60 seconds left.
|
|t:|1724430618
|move|p1a: the specialist|Scald|p2a: Magnezone
|-damage|p2a: Magnezone|38/100
|move|p2a: Magnezone|Magnet Rise|p2a: Magnezone
|-start|p2a: Magnezone|Magnet Rise
|
|-weather|SunnyDay|[upkeep]
|-heal|p1a: the specialist|74/100|[from] item: Black Sludge
|upkeep
|turn|19
|
|t:|1724430621
|move|p1a: the specialist|Scald|p2a: Magnezone
|-damage|p2a: Magnezone|22/100
|-status|p2a: Magnezone|brn
|move|p2a: Magnezone|Thunderbolt|p1a: the specialist
|-supereffective|p1a: the specialist
|-damage|p1a: the specialist|0 fnt
|faint|p1a: the specialist
|
|-weather|SunnyDay|[upkeep]
|-damage|p2a: Magnezone|10/100 brn|[from] brn
|upkeep
|
|t:|1724430625
|switch|p1a: Landorus|Landorus-Therian, M|11/100
|-ability|p1a: Landorus|Intimidate|boost
|-unboost|p2a: Magnezone|atk|1
|turn|20
|
|t:|1724430634
|move|p1a: Landorus|Smack Down|p2a: Magnezone
|-resisted|p2a: Magnezone
|-damage|p2a: Magnezone|2/100 brn
|-start|p2a: Magnezone|Smack Down
|move|p2a: Magnezone|Hidden Power|p1a: Landorus
|-damage|p1a: Landorus|0 fnt
|faint|p1a: Landorus
|
|-weather|SunnyDay|[upkeep]
|-damage|p2a: Magnezone|0 fnt|[from] brn
|faint|p2a: Magnezone
|upkeep
|
|t:|1724430639
|switch|p1a: Swampert|Swampert, M|43/100
|switch|p2a: Jirachi|Jirachi|34/100
|-damage|p2a: Jirachi|28/100|[from] Stealth Rock
|turn|21
|inactive|killapokeman has 90 seconds left.
|
|t:|1724430653
|move|p2a: Jirachi|Body Slam|p1a: Swampert
|-damage|p1a: Swampert|26/100
|move|p1a: Swampert|Substitute|p1a: Swampert
|-start|p1a: Swampert|Substitute
|-damage|p1a: Swampert|1/100
|
|-weather|none
|-heal|p2a: Jirachi|34/100|[from] item: Leftovers
|-heal|p1a: Swampert|7/100|[from] item: Leftovers
|upkeep
|turn|22
|inactive|killapokeman has 90 seconds left.
|inactive|killapokeman has 60 seconds left.
|inactive|killapokeman has 30 seconds left.
|inactive|killapokeman has 20 seconds left.
|inactive|killapokeman has 15 seconds left.
|inactive|killapokeman has 10 seconds left.
|inactive|killapokeman has 5 seconds left.
|-message|killapokeman lost due to inactivity.
|
|win|blue in unova
|raw|killapokeman's rating: 1437 &rarr; <strong>1417</strong><br />(-20 for losing)
|raw|blue in unova's rating: 1440 &rarr; <strong>1460</strong><br />(+20 for winning)
