|j|☆SuperMrJMT
|j|☆574rm4n
|t:|1717629131
|gametype|singles
|player|p1|SuperMrJMT|clown|1255
|player|p2|574rm4n|iris-gen5bw2|1454
|teamsize|p1|6
|teamsize|p2|6
|gen|5
|tier|[Gen 5] OU
|rated|
|rule|Species Clause: Limit one of each Pokémon
|rule|OHKO Clause: OHKO moves are banned
|rule|Moody Clause: Moody is banned
|rule|Evasion Items Clause: Evasion items are banned
|rule|Evasion Moves Clause: Evasion moves are banned
|rule|Endless Battle Clause: Forcing endless battles is banned
|rule|HP Percentage Mod: HP is shown in percentages
|rule|Evasion Abilities Clause: Evasion abilities are banned
|rule|Sleep Moves Clause: Sleep-inducing moves are banned
|rule|Swagger Clause: Swagger is banned
|rule|Baton Pass Stat Clause: No Baton Passer may have a way to boost its stats
|clearpoke
|poke|p1|Abomasnow, M|item
|poke|p1|Donphan, M|item
|poke|p1|Froslass, F|item
|poke|p1|Clefable, F|item
|poke|p1|Skuntank, M|item
|poke|p1|Lapras, F|item
|poke|p2|Landorus-Therian, M|item
|poke|p2|Rotom-Wash|item
|poke|p2|Tyranitar, F|item
|poke|p2|Keldeo-Resolute|item
|poke|p2|Celebi|item
|poke|p2|Excadrill, M|item
|teampreview
|inactive|Battle timer is ON: inactive players will automatically lose when time's up. (requested by SuperMrJMT)
|
|t:|1717629162
|start
|switch|p1a: Froslass|Froslass, F|100/100
|switch|p2a: light my fire|Keldeo-Resolute|100/100
|turn|1
|
|t:|1717629175
|switch|p2a: Sparkys dream|Tyranitar, F|100/100
|-weather|Sandstorm|[from] ability: Sand Stream|[of] p2a: Sparkys dream
|move|p1a: Froslass|Thunder Wave|p2a: Sparkys dream
|-status|p2a: Sparkys dream|par
|
|-weather|Sandstorm|[upkeep]
|-damage|p1a: Froslass|94/100|[from] Sandstorm
|-heal|p1a: Froslass|100/100|[from] item: Leftovers
|upkeep
|turn|2
|
|t:|1717629187
|move|p1a: Froslass|Confuse Ray|p2a: Sparkys dream
|-start|p2a: Sparkys dream|confusion
|-activate|p2a: Sparkys dream|confusion
|-damage|p2a: Sparkys dream|89/100 par|[from] confusion
|
|-weather|Sandstorm|[upkeep]
|-damage|p1a: Froslass|94/100|[from] Sandstorm
|-heal|p1a: Froslass|100/100|[from] item: Leftovers
|upkeep
|turn|3
|
|t:|1717629192
|-activate|p1a: Froslass|move: Pursuit
|-activate|p2a: Sparkys dream|confusion
|cant|p2a: Sparkys dream|par
|switch|p1a: Donphan|Donphan, M|100/100
|
|-weather|Sandstorm|[upkeep]
|upkeep
|turn|4
|
|t:|1717629202
|switch|p2a: black star|Rotom-Wash|100/100
|move|p1a: Donphan|Stealth Rock|p2a: black star
|-sidestart|p2: 574rm4n|move: Stealth Rock
|
|-weather|Sandstorm|[upkeep]
|-damage|p2a: black star|94/100|[from] Sandstorm
|-heal|p2a: black star|100/100|[from] item: Leftovers
|upkeep
|turn|5
|
|t:|1717629218
|switch|p1a: Clefable|Clefable, F|100/100
|move|p2a: black star|Volt Switch|p1a: Clefable
|-damage|p1a: Clefable|79/100
|
|t:|1717629243
|switch|p2a: light my fire|Keldeo-Resolute|100/100|[from] Volt Switch
|-damage|p2a: light my fire|94/100|[from] Stealth Rock
|
|-weather|Sandstorm|[upkeep]
|-damage|p2a: light my fire|88/100|[from] Sandstorm
|upkeep
|turn|6
|
|t:|1717629251
|switch|p1a: Froslass|Froslass, F|100/100
|move|p2a: light my fire|Focus Blast|p1a: Froslass
|-immune|p1a: Froslass
|
|-weather|Sandstorm|[upkeep]
|-damage|p1a: Froslass|94/100|[from] Sandstorm
|-damage|p2a: light my fire|82/100|[from] Sandstorm
|-heal|p1a: Froslass|100/100|[from] item: Leftovers
|upkeep
|turn|7
|
|t:|1717629272
|switch|p1a: Abomasnow|Abomasnow, M|100/100
|-weather|Hail|[from] ability: Snow Warning|[of] p1a: Abomasnow
|switch|p2a: Sparkys dream|Tyranitar, F|89/100 par
|-damage|p2a: Sparkys dream|77/100 par|[from] Stealth Rock
|-weather|Sandstorm|[from] ability: Sand Stream|[of] p2a: Sparkys dream
|
|-weather|Sandstorm|[upkeep]
|-damage|p1a: Abomasnow|94/100|[from] Sandstorm
|-heal|p1a: Abomasnow|100/100|[from] item: Leftovers
|upkeep
|turn|8
|
|t:|1717629288
|switch|p2a: emergency and i|Excadrill, M|100/100
|-damage|p2a: emergency and i|98/100|[from] Stealth Rock
|move|p1a: Abomasnow|Substitute|p1a: Abomasnow
|-start|p1a: Abomasnow|Substitute
|-damage|p1a: Abomasnow|75/100
|
|-weather|Sandstorm|[upkeep]
|-damage|p1a: Abomasnow|69/100|[from] Sandstorm
|-heal|p2a: emergency and i|100/100|[from] item: Leftovers
|-heal|p1a: Abomasnow|75/100|[from] item: Leftovers
|upkeep
|turn|9
|
|t:|1717629291
|-singleturn|p1a: Abomasnow|move: Focus Punch
|move|p2a: emergency and i|Iron Head|p1a: Abomasnow
|-supereffective|p1a: Abomasnow
|-end|p1a: Abomasnow|Substitute
|move|p1a: Abomasnow|Focus Punch|p2a: emergency and i
|-supereffective|p2a: emergency and i
|-damage|p2a: emergency and i|0 fnt
|faint|p2a: emergency and i
|
|-weather|Sandstorm|[upkeep]
|-damage|p1a: Abomasnow|69/100|[from] Sandstorm
|-heal|p1a: Abomasnow|75/100|[from] item: Leftovers
|upkeep
|
|t:|1717629297
|switch|p2a: light my fire|Keldeo-Resolute|82/100
|-damage|p2a: light my fire|76/100|[from] Stealth Rock
|turn|10
|
|t:|1717629313
|move|p2a: light my fire|Focus Blast|p1a: Abomasnow
|-supereffective|p1a: Abomasnow
|-damage|p1a: Abomasnow|0 fnt
|faint|p1a: Abomasnow
|
|-weather|Sandstorm|[upkeep]
|-damage|p2a: light my fire|70/100|[from] Sandstorm
|upkeep
|
|t:|1717629316
|switch|p1a: Froslass|Froslass, F|100/100
|turn|11
|
|t:|1717629326
|switch|p2a: Sparkys dream|Tyranitar, F|77/100 par
|-damage|p2a: Sparkys dream|64/100 par|[from] Stealth Rock
|move|p1a: Froslass|Confuse Ray|p2a: Sparkys dream
|-start|p2a: Sparkys dream|confusion
|
|-weather|Sandstorm|[upkeep]
|-damage|p1a: Froslass|94/100|[from] Sandstorm
|-heal|p1a: Froslass|100/100|[from] item: Leftovers
|upkeep
|turn|12
|
|t:|1717629335
|move|p1a: Froslass|Substitute|p1a: Froslass
|-start|p1a: Froslass|Substitute
|-damage|p1a: Froslass|75/100
|-activate|p2a: Sparkys dream|confusion
|-damage|p2a: Sparkys dream|53/100 par|[from] confusion
|
|-weather|Sandstorm|[upkeep]
|-damage|p1a: Froslass|69/100|[from] Sandstorm
|-heal|p1a: Froslass|75/100|[from] item: Leftovers
|upkeep
|turn|13
|
|t:|1717629352
|switch|p2a: Indian summer|Celebi|100/100
|-damage|p2a: Indian summer|88/100|[from] Stealth Rock
|move|p1a: Froslass|Ice Fang|p2a: Indian summer
|-supereffective|p2a: Indian summer
|-damage|p2a: Indian summer|55/100
|-status|p2a: Indian summer|frz
|
|-weather|Sandstorm|[upkeep]
|-damage|p1a: Froslass|69/100|[from] Sandstorm
|-damage|p2a: Indian summer|49/100 frz|[from] Sandstorm
|-heal|p1a: Froslass|75/100|[from] item: Leftovers
|-heal|p2a: Indian summer|55/100 frz|[from] item: Leftovers
|upkeep
|turn|14
|
|t:|1717629362
|-curestatus|p2a: Indian summer|frz|[from] ability: Natural Cure
|switch|p2a: black star|Rotom-Wash|100/100
|-damage|p2a: black star|88/100|[from] Stealth Rock
|move|p1a: Froslass|Ice Fang|p2a: black star
|-resisted|p2a: black star
|-damage|p2a: black star|80/100
|
|-weather|Sandstorm|[upkeep]
|-damage|p1a: Froslass|69/100|[from] Sandstorm
|-damage|p2a: black star|74/100|[from] Sandstorm
|-heal|p1a: Froslass|75/100|[from] item: Leftovers
|-heal|p2a: black star|80/100|[from] item: Leftovers
|upkeep
|turn|15
|
|t:|1717629370
|move|p1a: Froslass|Thunder Wave|p2a: black star
|-status|p2a: black star|par
|move|p2a: black star|Volt Switch|p1a: Froslass
|-end|p1a: Froslass|Substitute
|
|t:|1717629374
|switch|p2a: Indian summer|Celebi|55/100|[from] Volt Switch
|-damage|p2a: Indian summer|42/100|[from] Stealth Rock
|
|-weather|Sandstorm|[upkeep]
|-damage|p1a: Froslass|69/100|[from] Sandstorm
|-damage|p2a: Indian summer|36/100|[from] Sandstorm
|-heal|p1a: Froslass|75/100|[from] item: Leftovers
|-heal|p2a: Indian summer|42/100|[from] item: Leftovers
|upkeep
|turn|16
|
|t:|1717629387
|move|p1a: Froslass|Confuse Ray|p2a: Indian summer
|-start|p2a: Indian summer|confusion
|-activate|p2a: Indian summer|confusion
|-damage|p2a: Indian summer|34/100|[from] confusion
|
|-weather|Sandstorm|[upkeep]
|-damage|p1a: Froslass|69/100|[from] Sandstorm
|-damage|p2a: Indian summer|28/100|[from] Sandstorm
|-heal|p1a: Froslass|75/100|[from] item: Leftovers
|-heal|p2a: Indian summer|34/100|[from] item: Leftovers
|upkeep
|turn|17
|
|t:|1717629391
|move|p1a: Froslass|Ice Fang|p2a: Indian summer
|-supereffective|p2a: Indian summer
|-damage|p2a: Indian summer|5/100
|-activate|p2a: Indian summer|confusion
|-damage|p2a: Indian summer|0 fnt|[from] confusion
|faint|p2a: Indian summer
|
|-weather|Sandstorm|[upkeep]
|-damage|p1a: Froslass|69/100|[from] Sandstorm
|-heal|p1a: Froslass|75/100|[from] item: Leftovers
|upkeep
|
|t:|1717629399
|switch|p2a: light my fire|Keldeo-Resolute|70/100
|-damage|p2a: light my fire|63/100|[from] Stealth Rock
|turn|18
|
|t:|1717629411
|move|p1a: Froslass|Thunder Wave|p2a: light my fire
|-status|p2a: light my fire|par
|move|p2a: light my fire|Surf|p1a: Froslass
|-damage|p1a: Froslass|0 fnt
|-start|p2a: light my fire|Disable|Surf|[from] ability: Cursed Body|[of] p1a: Froslass
|faint|p1a: Froslass
|
|-weather|Sandstorm|[upkeep]
|-damage|p2a: light my fire|57/100 par|[from] Sandstorm
|upkeep
|
|t:|1717629425
|switch|p1a: Skuntank|Skuntank, M|100/100
|turn|19
|
|t:|1717629430
|-activate|p2a: light my fire|move: Pursuit
|move|p1a: Skuntank|Pursuit|p2a: light my fire|[from]Pursuit
|-resisted|p2a: light my fire
|-damage|p2a: light my fire|35/100 par
|-ability|p2a: light my fire|Justified|boost
|-boost|p2a: light my fire|atk|1
|switch|p2a: gold tsar|Landorus-Therian, M, shiny|100/100
|-damage|p2a: gold tsar|88/100|[from] Stealth Rock
|-ability|p2a: gold tsar|Intimidate|boost
|-unboost|p1a: Skuntank|atk|1
|
|-weather|Sandstorm|[upkeep]
|-damage|p1a: Skuntank|94/100|[from] Sandstorm
|-heal|p1a: Skuntank|100/100|[from] item: Black Sludge
|upkeep
|turn|20
|
|t:|1717629451
|switch|p1a: Donphan|Donphan, M|100/100
|move|p2a: gold tsar|U-turn|p1a: Donphan
|-damage|p1a: Donphan|78/100
|
|t:|1717629456
|switch|p2a: black star|Rotom-Wash|80/100 par|[from] U-turn
|-damage|p2a: black star|68/100 par|[from] Stealth Rock
|
|-weather|Sandstorm|[upkeep]
|-damage|p2a: black star|62/100 par|[from] Sandstorm
|-heal|p1a: Donphan|84/100|[from] item: Leftovers
|-heal|p2a: black star|68/100 par|[from] item: Leftovers
|upkeep
|turn|21
|
|t:|1717629461
|move|p1a: Donphan|Knock Off|p2a: black star
|-damage|p2a: black star|63/100 par
|-enditem|p2a: black star|Leftovers|[from] move: Knock Off|[of] p1a: Donphan
|move|p2a: black star|Will-O-Wisp|p1a: Donphan
|-status|p1a: Donphan|brn
|
|-weather|Sandstorm|[upkeep]
|-damage|p2a: black star|57/100 par|[from] Sandstorm
|-heal|p1a: Donphan|90/100 brn|[from] item: Leftovers
|-damage|p1a: Donphan|78/100 brn|[from] brn
|upkeep
|turn|22
|
|t:|1717629477
|cant|p2a: black star|par
|move|p1a: Donphan|Roar|p2a: black star
|drag|p2a: light my fire|Keldeo-Resolute|35/100 par
|-damage|p2a: light my fire|29/100 par|[from] Stealth Rock
|
|-weather|Sandstorm|[upkeep]
|-damage|p2a: light my fire|23/100 par|[from] Sandstorm
|-heal|p1a: Donphan|84/100 brn|[from] item: Leftovers
|-damage|p1a: Donphan|71/100 brn|[from] brn
|upkeep
|turn|23
|
|t:|1717629486
|switch|p2a: black star|Rotom-Wash|57/100 par
|-damage|p2a: black star|45/100 par|[from] Stealth Rock
|move|p1a: Donphan|Knock Off|p2a: black star
|-damage|p2a: black star|42/100 par
|
|-weather|Sandstorm|[upkeep]
|-damage|p2a: black star|36/100 par|[from] Sandstorm
|-heal|p1a: Donphan|78/100 brn|[from] item: Leftovers
|-damage|p1a: Donphan|65/100 brn|[from] brn
|upkeep
|turn|24
|
|t:|1717629496
|move|p2a: black star|Pain Split|p1a: Donphan
|-sethp|p1a: Donphan|47/100 brn|[from] move: Pain Split|[silent]
|-sethp|p2a: black star|59/100 par|[from] move: Pain Split
|move|p1a: Donphan|Roar|p2a: black star
|drag|p2a: Sparkys dream|Tyranitar, F|53/100 par
|-damage|p2a: Sparkys dream|41/100 par|[from] Stealth Rock
|
|-weather|Sandstorm|[upkeep]
|-heal|p1a: Donphan|53/100 brn|[from] item: Leftovers
|-damage|p1a: Donphan|41/100 brn|[from] brn
|upkeep
|turn|25
|
|t:|1717629510
|switch|p2a: gold tsar|Landorus-Therian, M, shiny|88/100
|-damage|p2a: gold tsar|76/100|[from] Stealth Rock
|-ability|p2a: gold tsar|Intimidate|boost
|-unboost|p1a: Donphan|atk|1
|move|p1a: Donphan|Roar|p2a: gold tsar
|drag|p2a: Sparkys dream|Tyranitar, F|41/100 par
|-damage|p2a: Sparkys dream|29/100 par|[from] Stealth Rock
|
|-weather|Sandstorm|[upkeep]
|-heal|p1a: Donphan|47/100 brn|[from] item: Leftovers
|-damage|p1a: Donphan|34/100 brn|[from] brn
|upkeep
|turn|26
|
|t:|1717629518
|move|p2a: Sparkys dream|Crunch|p1a: Donphan
|-damage|p1a: Donphan|4/100 brn
|move|p1a: Donphan|Roar|p2a: Sparkys dream
|drag|p2a: gold tsar|Landorus-Therian, M, shiny|76/100
|-damage|p2a: gold tsar|64/100|[from] Stealth Rock
|-ability|p2a: gold tsar|Intimidate|boost
|-unboost|p1a: Donphan|atk|1
|
|-weather|Sandstorm|[upkeep]
|-heal|p1a: Donphan|11/100 brn|[from] item: Leftovers
|-damage|p1a: Donphan|0 fnt|[from] brn
|faint|p1a: Donphan
|upkeep
|
|t:|1717629529
|switch|p1a: Clefable|Clefable, F|79/100
|turn|27
|
|t:|1717629532
|move|p2a: gold tsar|U-turn|p1a: Clefable
|-damage|p1a: Clefable|57/100
|
|t:|1717629535
|switch|p2a: Sparkys dream|Tyranitar, F|29/100 par|[from] U-turn
|-damage|p2a: Sparkys dream|16/100 par|[from] Stealth Rock
|move|p1a: Clefable|Reflect|p1a: Clefable
|-sidestart|p1: SuperMrJMT|Reflect
|
|-weather|Sandstorm|[upkeep]
|upkeep
|turn|28
|
|t:|1717629542
|move|p1a: Clefable|Seismic Toss|p2a: Sparkys dream
|-damage|p2a: Sparkys dream|0 fnt
|faint|p2a: Sparkys dream
|
|-weather|Sandstorm|[upkeep]
|upkeep
|
|t:|1717629552
|switch|p2a: black star|Rotom-Wash|59/100 par
|-damage|p2a: black star|47/100 par|[from] Stealth Rock
|turn|29
|
|t:|1717629560
|move|p1a: Clefable|Seismic Toss|p2a: black star
|-damage|p2a: black star|14/100 par
|move|p2a: black star|Hydro Pump|p1a: Clefable
|-damage|p1a: Clefable|22/100
|
|-weather|Sandstorm|[upkeep]
|-damage|p2a: black star|7/100 par|[from] Sandstorm
|upkeep
|turn|30
|
|t:|1717629568
|move|p1a: Clefable|Seismic Toss|p2a: black star
|-damage|p2a: black star|0 fnt
|faint|p2a: black star
|
|-weather|Sandstorm|[upkeep]
|upkeep
|
|t:|1717629570
|switch|p2a: gold tsar|Landorus-Therian, M, shiny|64/100
|-damage|p2a: gold tsar|52/100|[from] Stealth Rock
|-ability|p2a: gold tsar|Intimidate|boost
|-unboost|p1a: Clefable|atk|1
|turn|31
|
|t:|1717629585
|move|p2a: gold tsar|Earthquake|p1a: Clefable
|-damage|p1a: Clefable|0 fnt
|faint|p1a: Clefable
|
|-weather|Sandstorm|[upkeep]
|upkeep
|
|t:|1717629587
|switch|p1a: Skuntank|Skuntank, M|100/100
|turn|32
|
|t:|1717629599
|move|p1a: Skuntank|Sucker Punch|p2a: gold tsar
|-damage|p2a: gold tsar|11/100
|move|p2a: gold tsar|Earthquake|p1a: Skuntank
|-supereffective|p1a: Skuntank
|-damage|p1a: Skuntank|32/100
|
|-weather|Sandstorm|[upkeep]
|-damage|p1a: Skuntank|26/100|[from] Sandstorm
|-heal|p1a: Skuntank|32/100|[from] item: Black Sludge
|upkeep
|turn|33
|
|t:|1717629605
|move|p1a: Skuntank|Sucker Punch|p2a: gold tsar
|-damage|p2a: gold tsar|0 fnt
|faint|p2a: gold tsar
|
|-weather|Sandstorm|[upkeep]
|-damage|p1a: Skuntank|26/100|[from] Sandstorm
|-heal|p1a: Skuntank|32/100|[from] item: Black Sludge
|upkeep
|
|t:|1717629609
|switch|p2a: light my fire|Keldeo-Resolute|23/100 par
|-damage|p2a: light my fire|17/100 par|[from] Stealth Rock
|turn|34
|
|t:|1717629613
|move|p1a: Skuntank|Explosion|p2a: light my fire
|-crit|p2a: light my fire
|-damage|p2a: light my fire|0 fnt
|faint|p1a: Skuntank
|faint|p2a: light my fire
|
|win|SuperMrJMT
|raw|SuperMrJMT's rating: 1255 &rarr; <strong>1293</strong><br />(+38 for winning)
|raw|574rm4n's rating: 1454 &rarr; <strong>1424</strong><br />(-30 for losing)
|c|☆SuperMrJMT|Gg
|l|☆574rm4n
|player|p2|
