|j|☆vusty fans3
|j|☆funkyjems
|player|p1|vusty fans3|170
|player|p2|funkyjems|102
|teamsize|p1|6
|teamsize|p2|6
|gametype|singles
|gen|5
|tier|[Gen 5] OU
|rated|
|rule|Sleep Clause Mod: Limit one foe put to sleep
|rule|Species Clause: Limit one of each Pokémon
|rule|OHKO Clause: OHKO moves are banned
|rule|Moody Clause: Moody is banned
|rule|Evasion Moves Clause: Evasion moves are banned
|rule|Endless Battle Clause: Forcing endless battles is banned
|rule|HP Percentage Mod: HP is shown in percentages
|rule|Evasion Abilities Clause: Evasion abilities are banned
|rule|Baton Pass Clause: Limit one Baton Passer, can't pass Spe and other stats simultaneously
|rule|Swagger Clause: Swagger is banned
|clearpoke
|poke|p1|Alakazam, F|item
|poke|p1|Gliscor, F|item
|poke|p1|Skarmory, M|item
|poke|p1|Mienshao, M|item
|poke|p1|Amoonguss, M|item
|poke|p1|Tyranitar, F|item
|poke|p2|Garchomp, F|item
|poke|p2|Excadrill, F|item
|poke|p2|Magnezone|item
|poke|p2|Salamence, M|item
|poke|p2|Jirachi|item
|poke|p2|Keldeo|item
|teampreview
|inactive|Battle timer is ON: inactive players will automatically lose when time's up. (requested by funkyjems)
|
|start
|switch|p1a: Gliscor|Gliscor, F|100/100
|switch|p2a: Garchomp|Garchomp, F|100/100
|turn|1
|
|move|p2a: Garchomp|Swords Dance|p2a: Garchomp
|-boost|p2a: Garchomp|atk|2
|move|p1a: Gliscor|Ice Fang|p2a: Garchomp
|-supereffective|p2a: Garchomp
|-damage|p2a: Garchomp|46/100
|-damage|p1a: Gliscor|88/100|[from] ability: Rough Skin|[of] p2a: Garchomp
|-damage|p1a: Gliscor|72/100|[from] item: Rocky Helmet|[of] p2a: Garchomp
|
|-status|p1a: Gliscor|tox|[from] item: Toxic Orb
|upkeep
|turn|2
|
|move|p1a: Gliscor|Protect|p1a: Gliscor
|-singleturn|p1a: Gliscor|Protect
|move|p2a: Garchomp|Stealth Rock|p1a: Gliscor
|-sidestart|p1: vusty fans3|move: Stealth Rock
|
|-heal|p1a: Gliscor|84/100 tox|[from] ability: Poison Heal
|upkeep
|turn|3
|
|switch|p2a: Magnezone|Magnezone|100/100
|switch|p1a: Skarmory|Skarmory, M|100/100
|-damage|p1a: Skarmory|88/100|[from] Stealth Rock
|
|upkeep
|turn|4
|
|move|p2a: Magnezone|Charge Beam|p1a: Skarmory
|-supereffective|p1a: Skarmory
|-damage|p1a: Skarmory|37/100
|-boost|p2a: Magnezone|spa|1
|move|p1a: Skarmory|Spikes|p2a: Magnezone
|-sidestart|p2: funkyjems|Spikes
|
|upkeep
|turn|5
|
|move|p2a: Magnezone|Hidden Power|p1a: Skarmory
|-supereffective|p1a: Skarmory
|-damage|p1a: Skarmory|0 fnt
|faint|p1a: Skarmory
|
|upkeep
|
|switch|p1a: Gliscor|Gliscor, F|84/100 tox
|-damage|p1a: Gliscor|72/100 tox|[from] Stealth Rock
|turn|6
|j| youke
|
|switch|p2a: Salamence|Salamence, M|100/100
|move|p1a: Gliscor|Earthquake|p2a: Salamence
|-immune|p2a: Salamence
|
|-heal|p1a: Gliscor|84/100 tox|[from] ability: Poison Heal
|upkeep
|turn|7
|
|switch|p2a: Keldeo|Keldeo|100/100
|-damage|p2a: Keldeo|88/100|[from] Spikes
|move|p1a: Gliscor|Ice Fang|p2a: Keldeo
|-resisted|p2a: Keldeo
|-damage|p2a: Keldeo|79/100
|
|-heal|p2a: Keldeo|86/100|[from] item: Leftovers
|-heal|p1a: Gliscor|97/100 tox|[from] ability: Poison Heal
|upkeep
|turn|8
|
|switch|p1a: Amoonguss|Amoonguss, M|100/100
|-damage|p1a: Amoonguss|88/100|[from] Stealth Rock
|move|p2a: Keldeo|Surf|p1a: Amoonguss
|-resisted|p1a: Amoonguss
|-damage|p1a: Amoonguss|71/100
|
|-heal|p2a: Keldeo|92/100|[from] item: Leftovers
|-heal|p1a: Amoonguss|77/100|[from] item: Black Sludge
|upkeep
|turn|9
|
|move|p2a: Keldeo|Substitute|p2a: Keldeo
|-start|p2a: Keldeo|Substitute
|-damage|p2a: Keldeo|67/100
|move|p1a: Amoonguss|Spore||[still]
|-fail|p1a: Amoonguss
|
|-heal|p2a: Keldeo|73/100|[from] item: Leftovers
|-heal|p1a: Amoonguss|83/100|[from] item: Black Sludge
|upkeep
|turn|10
|
|switch|p2a: Magnezone|Magnezone|100/100
|-damage|p2a: Magnezone|88/100|[from] Spikes
|move|p1a: Amoonguss|Giga Drain|p2a: Magnezone
|-resisted|p2a: Magnezone
|-damage|p2a: Magnezone|72/100
|-heal|p1a: Amoonguss|88/100|[from] drain|[of] p2a: Magnezone
|
|-heal|p2a: Magnezone|79/100|[from] item: Leftovers
|-heal|p1a: Amoonguss|94/100|[from] item: Black Sludge
|upkeep
|turn|11
|
|move|p2a: Magnezone|Substitute|p2a: Magnezone
|-start|p2a: Magnezone|Substitute
|-damage|p2a: Magnezone|54/100
|move|p1a: Amoonguss|Spore||[still]
|-fail|p1a: Amoonguss
|
|-heal|p2a: Magnezone|60/100|[from] item: Leftovers
|-heal|p1a: Amoonguss|99/100|[from] item: Black Sludge
|upkeep
|turn|12
|
|move|p2a: Magnezone|Flash Cannon|p1a: Amoonguss
|-damage|p1a: Amoonguss|70/100
|move|p1a: Amoonguss|Hidden Power|p2a: Magnezone
|-supereffective|p2a: Magnezone
|-end|p2a: Magnezone|Substitute
|
|-heal|p2a: Magnezone|66/100|[from] item: Leftovers
|-heal|p1a: Amoonguss|76/100|[from] item: Black Sludge
|upkeep
|turn|13
|
|switch|p1a: Gliscor|Gliscor, F|97/100 tox
|-damage|p1a: Gliscor|84/100 tox|[from] Stealth Rock
|move|p2a: Magnezone|Hidden Power|p1a: Gliscor
|-damage|p1a: Gliscor|55/100 tox
|
|-heal|p2a: Magnezone|72/100|[from] item: Leftovers
|-heal|p1a: Gliscor|68/100 tox|[from] ability: Poison Heal
|upkeep
|turn|14
|
|switch|p2a: Garchomp|Garchomp, F|46/100
|-damage|p2a: Garchomp|33/100|[from] Spikes
|move|p1a: Gliscor|Ice Fang|p2a: Garchomp
|-supereffective|p2a: Garchomp
|-damage|p2a: Garchomp|0 fnt
|-damage|p1a: Gliscor|55/100 tox|[from] ability: Rough Skin|[of] p2a: Garchomp
|-damage|p1a: Gliscor|39/100 tox|[from] item: Rocky Helmet|[of] p2a: Garchomp
|faint|p2a: Garchomp
|
|-heal|p1a: Gliscor|51/100 tox|[from] ability: Poison Heal
|upkeep
|
|switch|p2a: Keldeo|Keldeo|73/100
|-damage|p2a: Keldeo|61/100|[from] Spikes
|turn|15
|
|switch|p1a: Amoonguss|Amoonguss, M|100/100
|-damage|p1a: Amoonguss|88/100|[from] Stealth Rock
|move|p2a: Keldeo|Surf|p1a: Amoonguss
|-resisted|p1a: Amoonguss
|-damage|p1a: Amoonguss|71/100
|
|-heal|p2a: Keldeo|67/100|[from] item: Leftovers
|-heal|p1a: Amoonguss|77/100|[from] item: Black Sludge
|upkeep
|turn|16
|
|move|p2a: Keldeo|Substitute|p2a: Keldeo
|-start|p2a: Keldeo|Substitute
|-damage|p2a: Keldeo|42/100
|move|p1a: Amoonguss|Giga Drain|p2a: Keldeo
|-supereffective|p2a: Keldeo
|-end|p2a: Keldeo|Substitute
|-heal|p1a: Amoonguss|86/100|[from] drain|[of] p2a: Keldeo
|
|-heal|p2a: Keldeo|48/100|[from] item: Leftovers
|-heal|p1a: Amoonguss|92/100|[from] item: Black Sludge
|upkeep
|turn|17
|
|switch|p2a: Jirachi|Jirachi|100/100
|-damage|p2a: Jirachi|88/100|[from] Spikes
|move|p1a: Amoonguss|Spore|p2a: Jirachi
|-status|p2a: Jirachi|slp|[from] move: Spore
|
|-heal|p2a: Jirachi|94/100 slp|[from] item: Leftovers
|-heal|p1a: Amoonguss|98/100|[from] item: Black Sludge
|upkeep
|turn|18
|
|switch|p2a: Salamence|Salamence, M|100/100
|switch|p1a: Tyranitar|Tyranitar, F|100/100
|-damage|p1a: Tyranitar|88/100|[from] Stealth Rock
|-weather|Sandstorm|[from] ability: Sand Stream|[of] p1a: Tyranitar
|
|-weather|Sandstorm|[upkeep]
|-damage|p2a: Salamence|94/100|[from] Sandstorm
|upkeep
|turn|19
|
|switch|p2a: Excadrill|Excadrill, F|100/100
|-damage|p2a: Excadrill|88/100|[from] Spikes
|-ability|p2a: Excadrill|Mold Breaker
|move|p1a: Tyranitar|Stealth Rock|p2a: Excadrill
|-sidestart|p2: funkyjems|move: Stealth Rock
|
|-weather|Sandstorm|[upkeep]
|upkeep
|turn|20
|
|move|p2a: Excadrill|Iron Head|p1a: Tyranitar
|-supereffective|p1a: Tyranitar
|-damage|p1a: Tyranitar|26/100
|cant|p1a: Tyranitar|flinch
|
|-weather|Sandstorm|[upkeep]
|upkeep
|turn|21
|
|switch|p1a: Amoonguss|Amoonguss, M|100/100
|-damage|p1a: Amoonguss|88/100|[from] Stealth Rock
|move|p2a: Excadrill|Iron Head|p1a: Amoonguss
|-damage|p1a: Amoonguss|44/100
|
|-weather|Sandstorm|[upkeep]
|-damage|p1a: Amoonguss|38/100|[from] Sandstorm
|-heal|p1a: Amoonguss|44/100|[from] item: Black Sludge
|upkeep
|turn|22
|l| youke
|
|switch|p1a: Tyranitar|Tyranitar, F|26/100
|-damage|p1a: Tyranitar|13/100|[from] Stealth Rock
|move|p2a: Excadrill|Iron Head|p1a: Tyranitar
|-supereffective|p1a: Tyranitar
|-damage|p1a: Tyranitar|0 fnt
|faint|p1a: Tyranitar
|
|-weather|Sandstorm|[upkeep]
|upkeep
|
|switch|p1a: Mienshao|Mienshao, M|100/100
|-damage|p1a: Mienshao|95/100|[from] Stealth Rock
|turn|23
|
|switch|p2a: Magnezone|Magnezone|72/100
|-damage|p2a: Magnezone|59/100|[from] Spikes
|-damage|p2a: Magnezone|53/100|[from] Stealth Rock
|move|p1a: Mienshao|High Jump Kick|p2a: Magnezone
|-supereffective|p2a: Magnezone
|-damage|p2a: Magnezone|0 fnt
|faint|p2a: Magnezone
|
|-weather|Sandstorm|[upkeep]
|-damage|p1a: Mienshao|89/100|[from] Sandstorm
|upkeep
|
|switch|p2a: Salamence|Salamence, M|94/100
|-damage|p2a: Salamence|70/100|[from] Stealth Rock
|turn|24
|j| youke
|
|switch|p1a: Gliscor|Gliscor, F|51/100 tox
|-damage|p1a: Gliscor|39/100 tox|[from] Stealth Rock
|move|p2a: Salamence|Dragon Dance|p2a: Salamence
|-boost|p2a: Salamence|atk|1
|-boost|p2a: Salamence|spe|1
|
|-weather|Sandstorm|[upkeep]
|-damage|p2a: Salamence|64/100|[from] Sandstorm
|-heal|p1a: Gliscor|51/100 tox|[from] ability: Poison Heal
|upkeep
|turn|25
|
|move|p1a: Gliscor|Protect|p1a: Gliscor
|-singleturn|p1a: Gliscor|Protect
|move|p2a: Salamence|Dragon Claw|p1a: Gliscor
|-activate|p1a: Gliscor|move: Protect
|
|-weather|Sandstorm|[upkeep]
|-damage|p2a: Salamence|58/100|[from] Sandstorm
|-heal|p1a: Gliscor|64/100 tox|[from] ability: Poison Heal
|upkeep
|turn|26
|
|move|p2a: Salamence|Dragon Claw|p1a: Gliscor
|-damage|p1a: Gliscor|3/100 tox
|-damage|p2a: Salamence|48/100|[from] item: Life Orb
|move|p1a: Gliscor|Ice Fang|p2a: Salamence
|-supereffective|p2a: Salamence
|-damage|p2a: Salamence|0 fnt
|faint|p2a: Salamence
|
|-weather|Sandstorm|[upkeep]
|-heal|p1a: Gliscor|16/100 tox|[from] ability: Poison Heal
|upkeep
|
|switch|p2a: Keldeo|Keldeo|48/100
|-damage|p2a: Keldeo|42/100|[from] Stealth Rock
|-damage|p2a: Keldeo|30/100|[from] Spikes
|turn|27
|
|move|p1a: Gliscor|Protect|p1a: Gliscor
|-singleturn|p1a: Gliscor|Protect
|move|p2a: Keldeo|Surf|p1a: Gliscor
|-activate|p1a: Gliscor|move: Protect
|
|-weather|Sandstorm|[upkeep]
|-damage|p2a: Keldeo|24/100|[from] Sandstorm
|-heal|p2a: Keldeo|30/100|[from] item: Leftovers
|-heal|p1a: Gliscor|28/100 tox|[from] ability: Poison Heal
|upkeep
|turn|28
|
|switch|p1a: Amoonguss|Amoonguss, M|77/100
|-damage|p1a: Amoonguss|65/100|[from] Stealth Rock
|move|p2a: Keldeo|Surf|p1a: Amoonguss
|-resisted|p1a: Amoonguss
|-damage|p1a: Amoonguss|46/100
|
|-weather|Sandstorm|[upkeep]
|-damage|p2a: Keldeo|24/100|[from] Sandstorm
|-damage|p1a: Amoonguss|40/100|[from] Sandstorm
|-heal|p2a: Keldeo|30/100|[from] item: Leftovers
|-heal|p1a: Amoonguss|46/100|[from] item: Black Sludge
|upkeep
|turn|29
|
|switch|p2a: Excadrill|Excadrill, F|88/100
|-damage|p2a: Excadrill|85/100|[from] Stealth Rock
|-damage|p2a: Excadrill|73/100|[from] Spikes
|-ability|p2a: Excadrill|Mold Breaker
|move|p1a: Amoonguss|Giga Drain|p2a: Excadrill
|-damage|p2a: Excadrill|43/100
|-heal|p1a: Amoonguss|59/100|[from] drain|[of] p2a: Excadrill
|
|-weather|Sandstorm|[upkeep]
|-damage|p1a: Amoonguss|52/100|[from] Sandstorm
|-heal|p1a: Amoonguss|59/100|[from] item: Black Sludge
|upkeep
|turn|30
|
|switch|p1a: Gliscor|Gliscor, F|28/100 tox
|-damage|p1a: Gliscor|16/100 tox|[from] Stealth Rock
|move|p2a: Excadrill|Rapid Spin|p1a: Gliscor
|-damage|p1a: Gliscor|10/100 tox
|-sideend|p2: funkyjems|Spikes|[from] move: Rapid Spin|[of] p2a: Excadrill
|-sideend|p2: funkyjems|Stealth Rock|[from] move: Rapid Spin|[of] p2a: Excadrill
|
|-weather|Sandstorm|[upkeep]
|-heal|p1a: Gliscor|23/100 tox|[from] ability: Poison Heal
|upkeep
|turn|31
|
|move|p2a: Excadrill|Rapid Spin|p1a: Gliscor
|-damage|p1a: Gliscor|17/100 tox
|move|p1a: Gliscor|Earthquake|p2a: Excadrill
|-supereffective|p2a: Excadrill
|-damage|p2a: Excadrill|0 fnt
|faint|p2a: Excadrill
|
|-weather|Sandstorm|[upkeep]
|-heal|p1a: Gliscor|29/100 tox|[from] ability: Poison Heal
|upkeep
|
|switch|p2a: Keldeo|Keldeo|30/100
|turn|32
|l| youke
|
|switch|p1a: Amoonguss|Amoonguss, M|92/100
|-damage|p1a: Amoonguss|79/100|[from] Stealth Rock
|move|p2a: Keldeo|Calm Mind|p2a: Keldeo
|-boost|p2a: Keldeo|spa|1
|-boost|p2a: Keldeo|spd|1
|
|-weather|Sandstorm|[upkeep]
|-damage|p2a: Keldeo|24/100|[from] Sandstorm
|-damage|p1a: Amoonguss|73/100|[from] Sandstorm
|-heal|p2a: Keldeo|30/100|[from] item: Leftovers
|-heal|p1a: Amoonguss|79/100|[from] item: Black Sludge
|upkeep
|turn|33
|
|move|p2a: Keldeo|Secret Sword|p1a: Amoonguss
|-resisted|p1a: Amoonguss
|-damage|p1a: Amoonguss|48/100
|move|p1a: Amoonguss|Giga Drain|p2a: Keldeo
|-supereffective|p2a: Keldeo
|-damage|p2a: Keldeo|0 fnt
|-heal|p1a: Amoonguss|59/100|[from] drain|[of] p2a: Keldeo
|faint|p2a: Keldeo
|
|-weather|Sandstorm|[upkeep]
|-damage|p1a: Amoonguss|53/100|[from] Sandstorm
|-heal|p1a: Amoonguss|59/100|[from] item: Black Sludge
|upkeep
|j|‽HPump Miss
|-message|funkyjems forfeited.
|
|win|vusty fans3
|l|☆funkyjems
|raw|vusty fans3's rating: 1324 &rarr; <strong>1348</strong><br />(+24 for winning)
|raw|funkyjems's rating: 1392 &rarr; <strong>1368</strong><br />(-24 for losing)
|l|‽HPump Miss
