|j|☆Ryusen696969
|j|☆affksl1
|t:|1718051520
|gametype|singles
|player|p1|Ryusen696969|266|1389
|player|p2|affksl1|pokemaniac-gen3rs|1412
|teamsize|p1|6
|teamsize|p2|6
|gen|5
|tier|[Gen 5] OU
|rated|
|rule|Species Clause: Limit one of each Pokémon
|rule|OHKO Clause: OHKO moves are banned
|rule|Moody Clause: Moody is banned
|rule|Evasion Items Clause: Evasion items are banned
|rule|Evasion Moves Clause: Evasion moves are banned
|rule|Endless Battle Clause: Forcing endless battles is banned
|rule|HP Percentage Mod: HP is shown in percentages
|rule|Evasion Abilities Clause: Evasion abilities are banned
|rule|Sleep Moves Clause: Sleep-inducing moves are banned
|rule|Swagger Clause: Swagger is banned
|rule|Baton Pass Stat Clause: No Baton Passer may have a way to boost its stats
|clearpoke
|poke|p1|Garchomp, F|item
|poke|p1|Blissey, F|item
|poke|p1|Suicune|item
|poke|p1|Scizor, F|item
|poke|p1|Zoroark, F|item
|poke|p1|Alakazam, F|item
|poke|p2|Bronzong|item
|poke|p2|Gallade, M|item
|poke|p2|Jellicent, M|item
|poke|p2|Conkeldurr, M|item
|poke|p2|Reuniclus, F|item
|poke|p2|Dragonite, M|item
|teampreview
|inactive|Battle timer is ON: inactive players will automatically lose when time's up. (requested by affksl1)
|inactive|Ryusen696969 also wants the timer to be on.
|
|t:|1718051531
|start
|switch|p1a: Garchomp|Garchomp, F|100/100
|switch|p2a: Bronzong|Bronzong|100/100
|turn|1
|inactive|affksl1 has 120 seconds left.
|
|t:|1718051567
|move|p1a: Garchomp|Dark Pulse|p2a: Bronzong
|-damage|p2a: Bronzong|62/100
|move|p2a: Bronzong|Stealth Rock|p1a: Garchomp
|-sidestart|p1: Ryusen696969|move: Stealth Rock
|
|upkeep
|turn|2
|
|t:|1718051572
|move|p1a: Garchomp|Dark Pulse|p2a: Bronzong
|-damage|p2a: Bronzong|24/100
|move|p2a: Bronzong|Trick Room|p2a: Bronzong
|-fieldstart|move: Trick Room|[of] p2a: Bronzong
|
|upkeep
|turn|3
|
|t:|1718051578
|switch|p1a: Suicune|Suicune, shiny|100/100
|-damage|p1a: Suicune|88/100|[from] Stealth Rock
|-ability|p1a: Suicune|Pressure
|move|p2a: Bronzong|Explosion|p1a: Suicune
|-damage|p1a: Suicune|48/100
|faint|p2a: Bronzong
|
|-heal|p1a: Suicune|54/100|[from] item: Leftovers
|upkeep
|
|t:|1718051595
|switch|p2a: Conkeldurr|Conkeldurr, M|100/100
|turn|4
|
|t:|1718051599
|switch|p1a: Garchomp|Garchomp, F|100/100
|-damage|p1a: Garchomp|94/100|[from] Stealth Rock
|move|p2a: Conkeldurr|Thunder Punch|p1a: Garchomp
|-immune|p1a: Garchomp
|
|upkeep
|turn|5
|
|t:|1718051602
|switch|p1a: Suicune|Suicune, shiny|54/100
|-damage|p1a: Suicune|42/100|[from] Stealth Rock
|-ability|p1a: Suicune|Pressure
|move|p2a: Conkeldurr|Ice Punch|p1a: Suicune
|-resisted|p1a: Suicune
|-damage|p1a: Suicune|28/100
|-damage|p2a: Conkeldurr|91/100|[from] item: Life Orb
|
|-heal|p1a: Suicune|35/100|[from] item: Leftovers
|upkeep
|turn|6
|
|t:|1718051607
|switch|p1a: Garchomp|Garchomp, F|94/100
|-damage|p1a: Garchomp|88/100|[from] Stealth Rock
|move|p2a: Conkeldurr|Drain Punch|p1a: Garchomp
|-crit|p1a: Garchomp
|-damage|p1a: Garchomp|0 fnt
|-heal|p2a: Conkeldurr|100/100|[from] drain|[of] p1a: Garchomp
|-damage|p2a: Conkeldurr|88/100|[from] ability: Rough Skin|[of] p1a: Garchomp
|faint|p1a: Garchomp
|-damage|p2a: Conkeldurr|78/100|[from] item: Life Orb
|
|-fieldend|move: Trick Room
|upkeep
|
|t:|1718051619
|switch|p1a: Alakazam|Alakazam, F|100/100
|turn|7
|
|t:|1718051639
|switch|p2a: Reuniclus|Reuniclus, F|100/100
|move|p1a: Alakazam|Shadow Ball|p2a: Reuniclus
|-supereffective|p2a: Reuniclus
|-damage|p2a: Reuniclus|24/100
|
|upkeep
|turn|8
|
|t:|1718051645
|move|p1a: Alakazam|Shadow Ball|p2a: Reuniclus
|-supereffective|p2a: Reuniclus
|-damage|p2a: Reuniclus|0 fnt
|faint|p2a: Reuniclus
|
|upkeep
|
|t:|1718051648
|switch|p2a: Dragonite|Dragonite, M|100/100
|turn|9
|
|t:|1718051657
|switch|p1a: Scizor|Scizor, F|100/100
|-damage|p1a: Scizor|88/100|[from] Stealth Rock
|move|p2a: Dragonite|Fire Punch|p1a: Scizor
|-supereffective|p1a: Scizor
|-damage|p1a: Scizor|0 fnt
|faint|p1a: Scizor
|
|upkeep
|
|t:|1718051663
|switch|p1a: Suicune|Suicune, shiny|100/100
|-damage|p1a: Suicune|88/100|[from] Stealth Rock
|turn|10
|
|t:|1718051681
|switch|p2a: Conkeldurr|Conkeldurr, M|78/100
|move|p1a: Suicune|Hidden Power|p2a: Conkeldurr
|-damage|p2a: Conkeldurr|49/100
|
|upkeep
|turn|11
|
|t:|1718051685
|switch|p1a: Suicune|Suicune, shiny|35/100
|-damage|p1a: Suicune|22/100|[from] Stealth Rock
|-ability|p1a: Suicune|Pressure
|move|p2a: Conkeldurr|Mach Punch|p1a: Suicune
|-damage|p1a: Suicune|0 fnt
|faint|p1a: Suicune
|-damage|p2a: Conkeldurr|39/100|[from] item: Life Orb
|
|upkeep
|
|t:|1718051688
|switch|p1a: Alakazam|Alakazam, F|100/100
|turn|12
|inactive|affksl1 has 120 seconds left.
|
|t:|1718051730
|move|p2a: Conkeldurr|Mach Punch|p1a: Alakazam
|-resisted|p1a: Alakazam
|-damage|p1a: Alakazam|55/100
|-damage|p2a: Conkeldurr|29/100|[from] item: Life Orb
|move|p1a: Alakazam|Psychic|p2a: Conkeldurr
|-supereffective|p2a: Conkeldurr
|-damage|p2a: Conkeldurr|0 fnt
|faint|p2a: Conkeldurr
|
|upkeep
|
|t:|1718051737
|switch|p2a: Jellicent|Jellicent, M|100/100
|-item|p2a: Jellicent|Air Balloon
|turn|13
|
|t:|1718051744
|move|p1a: Alakazam|Shadow Ball|p2a: Jellicent
|-supereffective|p2a: Jellicent
|-damage|p2a: Jellicent|43/100
|-enditem|p2a: Jellicent|Air Balloon
|move|p2a: Jellicent|Trick Room|p2a: Jellicent
|-fieldstart|move: Trick Room|[of] p2a: Jellicent
|
|upkeep
|turn|14
|inactive|affksl1 has 120 seconds left.
|
|t:|1718051750
|switch|p1a: Blissey|Blissey, F|100/100
|-damage|p1a: Blissey|88/100|[from] Stealth Rock
|move|p2a: Jellicent|Surf|p1a: Blissey
|-damage|p1a: Blissey|72/100
|
|upkeep
|turn|15
|
|t:|1718051755
|switch|p2a: Gallade|Gallade, M|100/100
|move|p1a: Blissey|Ice Beam|p2a: Gallade
|-damage|p2a: Gallade|80/100
|
|upkeep
|turn|16
|
|t:|1718051762
|switch|p1a: Blissey|Blissey, F|88/100
|-damage|p1a: Blissey|76/100|[from] Stealth Rock
|move|p2a: Gallade|Close Combat|p1a: Blissey
|-supereffective|p1a: Blissey
|-damage|p1a: Blissey|0 fnt
|-unboost|p2a: Gallade|def|1
|-unboost|p2a: Gallade|spd|1
|replace|p1a: Zoroark|Zoroark, F
|-end|p1a: Zoroark|Illusion
|faint|p1a: Zoroark
|-damage|p2a: Gallade|70/100|[from] item: Life Orb
|
|upkeep
|
|t:|1718051774
|switch|p1a: Blissey|Blissey, F|72/100
|-damage|p1a: Blissey|60/100|[from] Stealth Rock
|turn|17
|inactive|affksl1 has 120 seconds left.
|
|t:|1718051809
|move|p1a: Blissey|Thunderbolt|p2a: Gallade
|-damage|p2a: Gallade|37/100
|-status|p2a: Gallade|par
|move|p2a: Gallade|Close Combat|p1a: Blissey
|-supereffective|p1a: Blissey
|-damage|p1a: Blissey|0 fnt
|-unboost|p2a: Gallade|def|1
|-unboost|p2a: Gallade|spd|1
|faint|p1a: Blissey
|-damage|p2a: Gallade|27/100 par|[from] item: Life Orb
|
|-fieldend|move: Trick Room
|upkeep
|
|t:|1718051815
|switch|p1a: Alakazam|Alakazam, F|55/100
|turn|18
|
|t:|1718051828
|move|p1a: Alakazam|Psychic|p2a: Gallade
|-damage|p2a: Gallade|0 fnt
|faint|p2a: Gallade
|
|upkeep
|
|t:|1718051831
|switch|p2a: Dragonite|Dragonite, M|100/100
|turn|19
|
|t:|1718051833
|move|p2a: Dragonite|Extreme Speed|p1a: Alakazam
|-damage|p1a: Alakazam|0 fnt
|faint|p1a: Alakazam
|
|win|affksl1
|raw|Ryusen696969's rating: 1389 &rarr; <strong>1369</strong><br />(-20 for losing)
|raw|affksl1's rating: 1389 &rarr; <strong>1409</strong><br />(+20 for winning)
|l|☆Ryusen696969
|player|p1|
|j| Neighthan Trainer
