|j|☆12345678koishi
|j|☆ryusen696969
|t:|1727384374
|gametype|singles
|player|p1|12345678koishi|lady|1383
|player|p2|ryusen696969|265|1437
|teamsize|p1|6
|teamsize|p2|6
|gen|5
|tier|[Gen 5] OU
|rated|
|rule|Species Clause: Limit one of each Pokémon
|rule|OHKO Clause: OHKO moves are banned
|rule|Moody Clause: Moody is banned
|rule|Evasion Items Clause: Evasion items are banned
|rule|Evasion Moves Clause: Evasion moves are banned
|rule|Endless Battle Clause: Forcing endless battles is banned
|rule|HP Percentage Mod: HP is shown in percentages
|rule|Evasion Abilities Clause: Evasion abilities are banned
|rule|Sleep Moves Clause: Sleep-inducing moves are banned
|rule|Swagger Clause: Swagger is banned
|rule|Baton Pass Stat Clause: No Baton Passer may have a way to boost its stats
|clearpoke
|poke|p1|Alakazam, M|item
|poke|p1|Skarmory, M|item
|poke|p1|Gengar, M|item
|poke|p1|Lucario, F|item
|poke|p1|Magnezone|item
|poke|p1|Dragonite, M|item
|poke|p2|Garchomp, F|item
|poke|p2|Blissey, F|item
|poke|p2|Suicune|item
|poke|p2|Scizor, M|item
|poke|p2|Zoroark, M|item
|poke|p2|Alakazam, F|item
|teampreview
|inactive|Battle timer is ON: inactive players will automatically lose when time's up. (requested by ryusen696969)
|
|t:|1727384382
|start
|switch|p1a: Skarmory|Skarmory, M|100/100
|switch|p2a: Garchomp|Garchomp, F|100/100
|turn|1
|
|t:|1727384389
|move|p2a: Garchomp|Flamethrower|p1a: Skarmory
|-supereffective|p1a: Skarmory
|-ability|p1a: Skarmory|Sturdy
|-damage|p1a: Skarmory|1/100
|move|p1a: Skarmory|Stealth Rock|p2a: Garchomp
|-sidestart|p2: ryusen696969|move: Stealth Rock
|
|upkeep
|turn|2
|-enditem|p1a: Skarmory|Custap Berry|[eat]
|-activate|p1a: Skarmory|item: Custap Berry|[consumed]
|
|t:|1727384401
|move|p1a: Skarmory|Brave Bird|p2a: Garchomp
|-damage|p2a: Garchomp|6/100
|replace|p2a: Zoroark|Zoroark, M
|-end|p2a: Zoroark|Illusion
|-damage|p1a: Skarmory|0 fnt|[from] Recoil
|faint|p1a: Skarmory
|move|p2a: Zoroark|Flamethrower|p1: Skarmory|[notarget]
|-fail|p2a: Zoroark
|
|upkeep
|
|t:|1727384412
|switch|p1a: Gengar|Gengar, M|100/100
|turn|3
|
|t:|1727384416
|move|p1a: Gengar|Shadow Ball|p2a: Zoroark
|-resisted|p2a: Zoroark
|-damage|p2a: Zoroark|0 fnt
|faint|p2a: Zoroark
|-damage|p1a: Gengar|91/100|[from] item: Life Orb
|
|upkeep
|
|t:|1727384419
|switch|p2a: Alakazam|Alakazam, F|100/100
|turn|4
|
|t:|1727384429
|switch|p1a: Alakazam|Alakazam, M|100/100
|move|p2a: Alakazam|Psychic|p1a: Alakazam
|-resisted|p1a: Alakazam
|-damage|p1a: Alakazam|51/100
|
|upkeep
|turn|5
|
|t:|1727384436
|move|p1a: Alakazam|Shadow Ball|p2a: Alakazam
|-supereffective|p2a: Alakazam
|-damage|p2a: Alakazam|14/100
|-unboost|p2a: Alakazam|spd|1
|move|p2a: Alakazam|Shadow Ball|p1a: Alakazam
|-supereffective|p1a: Alakazam
|-crit|p1a: Alakazam
|-damage|p1a: Alakazam|0 fnt
|faint|p1a: Alakazam
|
|upkeep
|
|t:|1727384459
|switch|p1a: Magnezone|Magnezone|100/100
|-item|p1a: Magnezone|Air Balloon
|turn|6
|
|t:|1727384463
|move|p2a: Alakazam|Focus Blast|p1a: Magnezone
|-supereffective|p1a: Magnezone
|-damage|p1a: Magnezone|0 fnt
|-enditem|p1a: Magnezone|Air Balloon
|faint|p1a: Magnezone
|
|upkeep
|
|t:|1727384470
|switch|p1a: Dragonite|Dragonite, M|100/100
|turn|7
|
|t:|1727384473
|switch|p2a: Suicune|Suicune, shiny|100/100
|-damage|p2a: Suicune|88/100|[from] Stealth Rock
|-ability|p2a: Suicune|Pressure
|move|p1a: Dragonite|Dragon Dance|p1a: Dragonite
|-boost|p1a: Dragonite|atk|1
|-boost|p1a: Dragonite|spe|1
|
|-heal|p2a: Suicune|94/100|[from] item: Leftovers
|upkeep
|turn|8
|
|t:|1727384485
|move|p1a: Dragonite|Outrage|p2a: Suicune
|-damage|p2a: Suicune|35/100
|move|p2a: Suicune|Ice Beam|p1a: Dragonite
|-supereffective|p1a: Dragonite
|-damage|p1a: Dragonite|55/100
|
|-heal|p2a: Suicune|41/100|[from] item: Leftovers
|upkeep
|turn|9
|
|t:|1727384494
|move|p1a: Dragonite|Outrage|p2a: Suicune|[from]lockedmove
|-damage|p2a: Suicune|0 fnt
|faint|p2a: Suicune
|
|upkeep
|
|t:|1727384496
|switch|p2a: Garchomp|Garchomp, F|100/100
|-damage|p2a: Garchomp|94/100|[from] Stealth Rock
|turn|10
|
|t:|1727384503
|move|p2a: Garchomp|Outrage|p1a: Dragonite
|-supereffective|p1a: Dragonite
|-damage|p1a: Dragonite|0 fnt
|faint|p1a: Dragonite
|
|upkeep
|
|t:|1727384509
|switch|p1a: Lucario|Lucario, F|100/100
|turn|11
|
|t:|1727384513
|move|p2a: Garchomp|Outrage|p1a: Lucario|[from]lockedmove
|-resisted|p1a: Lucario
|-damage|p1a: Lucario|52/100
|-start|p2a: Garchomp|confusion|[fatigue]
|move|p1a: Lucario|Ice Punch|p2a: Garchomp
|-supereffective|p2a: Garchomp
|-damage|p2a: Garchomp|0 fnt
|-damage|p1a: Lucario|39/100|[from] ability: Rough Skin|[of] p2a: Garchomp
|faint|p2a: Garchomp
|-damage|p1a: Lucario|29/100|[from] item: Life Orb
|
|upkeep
|
|t:|1727384519
|switch|p2a: Scizor|Scizor, M|100/100
|-damage|p2a: Scizor|88/100|[from] Stealth Rock
|turn|12
|
|t:|1727384528
|move|p1a: Lucario|Close Combat|p2a: Scizor
|-damage|p2a: Scizor|0 fnt
|-unboost|p1a: Lucario|def|1
|-unboost|p1a: Lucario|spd|1
|faint|p2a: Scizor
|-damage|p1a: Lucario|20/100|[from] item: Life Orb
|
|upkeep
|
|t:|1727384537
|switch|p2a: Blissey|Blissey, F|100/100
|-damage|p2a: Blissey|88/100|[from] Stealth Rock
|turn|13
|
|t:|1727384541
|move|p1a: Lucario|Close Combat|p2a: Blissey
|-supereffective|p2a: Blissey
|-damage|p2a: Blissey|0 fnt
|-unboost|p1a: Lucario|def|1
|-unboost|p1a: Lucario|spd|1
|faint|p2a: Blissey
|-damage|p1a: Lucario|10/100|[from] item: Life Orb
|
|upkeep
|
|t:|1727384544
|switch|p2a: Alakazam|Alakazam, F|14/100
|turn|14
|
|t:|1727384551
|move|p1a: Lucario|Extreme Speed|p2a: Alakazam
|-damage|p2a: Alakazam|0 fnt
|faint|p2a: Alakazam
|-damage|p1a: Lucario|0 fnt|[from] item: Life Orb
|faint|p1a: Lucario
|
|win|12345678koishi
|raw|12345678koishi's rating: 1383 &rarr; <strong>1406</strong><br />(+23 for winning)
|raw|ryusen696969's rating: 1437 &rarr; <strong>1414</strong><br />(-23 for losing)
