|j|☆BOMB SWORD
|j|☆WeR#4Hay!
|t:|1744680311
|gametype|singles
|player|p1|BOMB SWORD|102|1264
|player|p2|WeR#4Hay!|169|1568
|teamsize|p1|6
|teamsize|p2|6
|gen|5
|tier|[Gen 5] OU
|rated|
|rule|Species Clause: Limit one of each Pokémon
|rule|OHKO Clause: OHKO moves are banned
|rule|Moody Clause: Moody is banned
|rule|Evasion Items Clause: Evasion items are banned
|rule|Evasion Moves Clause: Evasion moves are banned
|rule|Endless Battle Clause: Forcing endless battles is banned
|rule|HP Percentage Mod: HP is shown in percentages
|rule|Evasion Abilities Clause: Evasion abilities are banned
|rule|Sleep Moves Clause: Sleep-inducing moves are banned
|rule|Swagger Clause: Swagger is banned
|rule|Baton Pass Stat Clause: No Baton Passer may have a way to boost its stats
|clearpoke
|poke|p1|Skarmory, F|item
|poke|p1|Landorus-Therian, M|item
|poke|p1|Tyranitar, F|item
|poke|p1|Latios, M|item
|poke|p1|Jellicent, M|item
|poke|p1|Lucario, F|item
|poke|p2|Breloom, M|item
|poke|p2|Heatran, M|item
|poke|p2|Rotom-Wash|item
|poke|p2|Jirachi|item
|poke|p2|Latias, F|item
|poke|p2|Landorus-Therian, M|item
|teampreview
|
|t:|1744680320
|start
|switch|p1a: Skarmory|Skarmory, F|100/100
|switch|p2a: Takeshi Maenami|Heatran, M|100/100
|-item|p2a: Takeshi Maenami|Air Balloon
|turn|1
|
|t:|1744680327
|move|p1a: Skarmory|Stealth Rock|p2a: Takeshi Maenami
|-sidestart|p2: WeR#4Hay!|move: Stealth Rock
|move|p2a: Takeshi Maenami|Magma Storm|p1a: Skarmory
|-supereffective|p1a: Skarmory
|-ability|p1a: Skarmory|Sturdy
|-damage|p1a: Skarmory|1/100
|-activate|p1a: Skarmory|move: Magma Storm|[of] p2a: Takeshi Maenami
|
|-damage|p1a: Skarmory|0 fnt|[from] move: Magma Storm|[partiallytrapped]
|faint|p1a: Skarmory
|upkeep
|
|t:|1744680333
|switch|p1a: Latios|Latios, M|100/100
|turn|2
|
|t:|1744680340
|switch|p2a: Satoshi Nakano|Jirachi|100/100
|-damage|p2a: Satoshi Nakano|94/100|[from] Stealth Rock
|move|p1a: Latios|Surf|p2a: Satoshi Nakano
|-damage|p2a: Satoshi Nakano|73/100
|
|upkeep
|turn|3
|
|t:|1744680346
|switch|p1a: Landorus|Landorus-Therian, M|100/100
|-ability|p1a: Landorus|Intimidate|boost
|-unboost|p2a: Satoshi Nakano|atk|1
|move|p2a: Satoshi Nakano|Stealth Rock|p1a: Landorus
|-sidestart|p1: BOMB SWORD|move: Stealth Rock
|
|upkeep
|turn|4
|
|t:|1744680353
|move|p1a: Landorus|Superpower|p2a: Satoshi Nakano
|-damage|p2a: Satoshi Nakano|32/100
|-unboost|p1a: Landorus|atk|1
|-unboost|p1a: Landorus|def|1
|move|p2a: Satoshi Nakano|U-turn|p1a: Landorus
|-resisted|p1a: Landorus
|-crit|p1a: Landorus
|-damage|p1a: Landorus|73/100
|
|t:|1744680360
|switch|p2a: Aito Ohashi|Rotom-Wash|100/100|[from] U-turn
|-damage|p2a: Aito Ohashi|88/100|[from] Stealth Rock
|
|-heal|p2a: Aito Ohashi|94/100|[from] item: Leftovers
|upkeep
|turn|5
|
|t:|1744680371
|switch|p1a: Latios|Latios, M|100/100
|-damage|p1a: Latios|88/100|[from] Stealth Rock
|move|p2a: Aito Ohashi|Volt Switch|p1a: Latios
|-resisted|p1a: Latios
|-damage|p1a: Latios|74/100
|
|t:|1744680374
|switch|p2a: Satoshi Nakano|Jirachi|32/100|[from] Volt Switch
|-damage|p2a: Satoshi Nakano|26/100|[from] Stealth Rock
|
|upkeep
|turn|6
|
|t:|1744680384
|move|p1a: Latios|Surf|p2a: Satoshi Nakano
|-damage|p2a: Satoshi Nakano|6/100
|move|p2a: Satoshi Nakano|U-turn|p1a: Latios
|-supereffective|p1a: Latios
|-damage|p1a: Latios|31/100
|
|t:|1744680390
|switch|p2a: Aito Ohashi|Rotom-Wash|94/100|[from] U-turn
|-damage|p2a: Aito Ohashi|82/100|[from] Stealth Rock
|
|-heal|p2a: Aito Ohashi|88/100|[from] item: Leftovers
|upkeep
|turn|7
|
|t:|1744680393
|move|p1a: Latios|Roost|p1a: Latios
|-heal|p1a: Latios|81/100
|-singleturn|p1a: Latios|move: Roost
|move|p2a: Aito Ohashi|Volt Switch|p1a: Latios
|-resisted|p1a: Latios
|-damage|p1a: Latios|68/100
|
|t:|1744680397
|switch|p2a: Yusuke Oshida|Landorus-Therian, M|100/100|[from] Volt Switch
|-damage|p2a: Yusuke Oshida|88/100|[from] Stealth Rock
|-ability|p2a: Yusuke Oshida|Intimidate|boost
|-unboost|p1a: Latios|atk|1
|
|upkeep
|turn|8
|
|t:|1744680418
|move|p2a: Yusuke Oshida|U-turn|p1a: Latios
|-supereffective|p1a: Latios
|-damage|p1a: Latios|0 fnt
|faint|p1a: Latios
|
|t:|1744680428
|switch|p2a: Masaaki Iwane|Breloom, M|100/100|[from] U-turn
|-damage|p2a: Masaaki Iwane|94/100|[from] Stealth Rock
|
|upkeep
|
|t:|1744680431
|switch|p1a: Landorus|Landorus-Therian, M|73/100
|-damage|p1a: Landorus|61/100|[from] Stealth Rock
|-ability|p1a: Landorus|Intimidate|boost
|-unboost|p2a: Masaaki Iwane|atk|1
|turn|9
|
|t:|1744680436
|switch|p2a: Aito Ohashi|Rotom-Wash|88/100
|-damage|p2a: Aito Ohashi|75/100|[from] Stealth Rock
|move|p1a: Landorus|Swords Dance|p1a: Landorus
|-boost|p1a: Landorus|atk|2
|
|-heal|p2a: Aito Ohashi|82/100|[from] item: Leftovers
|upkeep
|turn|10
|
|t:|1744680440
|move|p1a: Landorus|Superpower|p2a: Aito Ohashi
|-damage|p2a: Aito Ohashi|0 fnt
|-unboost|p1a: Landorus|atk|1
|-unboost|p1a: Landorus|def|1
|faint|p2a: Aito Ohashi
|
|upkeep
|
|t:|1744680448
|switch|p2a: Hanako Ueda|Latias, F|100/100
|-damage|p2a: Hanako Ueda|88/100|[from] Stealth Rock
|turn|11
|
|t:|1744680456
|switch|p1a: Tyranitar|Tyranitar, F|100/100
|-damage|p1a: Tyranitar|88/100|[from] Stealth Rock
|-weather|Sandstorm|[from] ability: Sand Stream|[of] p1a: Tyranitar
|move|p2a: Hanako Ueda|Surf|p1a: Tyranitar
|-supereffective|p1a: Tyranitar
|-damage|p1a: Tyranitar|27/100
|
|-weather|Sandstorm|[upkeep]
|-damage|p2a: Hanako Ueda|82/100|[from] Sandstorm
|upkeep
|turn|12
|
|t:|1744680460
|move|p1a: Tyranitar|Crunch|p2a: Hanako Ueda
|-supereffective|p2a: Hanako Ueda
|-damage|p2a: Hanako Ueda|0 fnt
|faint|p2a: Hanako Ueda
|
|-weather|Sandstorm|[upkeep]
|upkeep
|
|t:|1744680464
|switch|p2a: Yusuke Oshida|Landorus-Therian, M|88/100
|-damage|p2a: Yusuke Oshida|76/100|[from] Stealth Rock
|-ability|p2a: Yusuke Oshida|Intimidate|boost
|-unboost|p1a: Tyranitar|atk|1
|turn|13
|
|t:|1744680473
|move|p2a: Yusuke Oshida|U-turn|p1a: Tyranitar
|-supereffective|p1a: Tyranitar
|-damage|p1a: Tyranitar|0 fnt
|faint|p1a: Tyranitar
|
|t:|1744680489
|switch|p2a: Masaaki Iwane|Breloom, M|94/100|[from] U-turn
|-damage|p2a: Masaaki Iwane|88/100|[from] Stealth Rock
|
|-weather|Sandstorm|[upkeep]
|-damage|p2a: Masaaki Iwane|82/100|[from] Sandstorm
|upkeep
|
|t:|1744680500
|switch|p1a: Landorus|Landorus-Therian, M|61/100
|-damage|p1a: Landorus|49/100|[from] Stealth Rock
|-ability|p1a: Landorus|Intimidate|boost
|-unboost|p2a: Masaaki Iwane|atk|1
|turn|14
|
|t:|1744680523
|switch|p2a: Satoshi Nakano|Jirachi|6/100
|-damage|p2a: Satoshi Nakano|0 fnt|[from] Stealth Rock
|faint|p2a: Satoshi Nakano
|move|p1a: Landorus|Hidden Power|p2: Satoshi Nakano|[notarget]
|-fail|p1a: Landorus
|
|-weather|Sandstorm|[upkeep]
|upkeep
|
|t:|1744680528
|switch|p2a: Yusuke Oshida|Landorus-Therian, M|76/100
|-damage|p2a: Yusuke Oshida|63/100|[from] Stealth Rock
|-ability|p2a: Yusuke Oshida|Intimidate|boost
|-unboost|p1a: Landorus|atk|1
|turn|15
|
|t:|1744680532
|switch|p1a: Jellicent|Jellicent, M|100/100
|-damage|p1a: Jellicent|88/100|[from] Stealth Rock
|-item|p1a: Jellicent|Air Balloon
|move|p2a: Yusuke Oshida|Hidden Power|p1a: Jellicent
|-resisted|p1a: Jellicent
|-damage|p1a: Jellicent|81/100
|-enditem|p1a: Jellicent|Air Balloon
|
|-weather|Sandstorm|[upkeep]
|-damage|p1a: Jellicent|75/100|[from] Sandstorm
|upkeep
|turn|16
|
|t:|1744680549
|switch|p2a: Masaaki Iwane|Breloom, M|82/100
|-damage|p2a: Masaaki Iwane|76/100|[from] Stealth Rock
|move|p1a: Jellicent|Night Shade|p2a: Masaaki Iwane
|-damage|p2a: Masaaki Iwane|38/100
|
|-weather|Sandstorm|[upkeep]
|-damage|p2a: Masaaki Iwane|32/100|[from] Sandstorm
|-damage|p1a: Jellicent|69/100|[from] Sandstorm
|upkeep
|turn|17
|
|t:|1744680553
|move|p2a: Masaaki Iwane|Bullet Seed|p1a: Jellicent
|-supereffective|p1a: Jellicent
|-damage|p1a: Jellicent|6/100
|-supereffective|p1a: Jellicent
|-damage|p1a: Jellicent|0 fnt
|faint|p1a: Jellicent
|-hitcount|p1: Jellicent|2
|
|-weather|Sandstorm|[upkeep]
|-damage|p2a: Masaaki Iwane|25/100|[from] Sandstorm
|upkeep
|
|t:|1744680556
|switch|p1a: Lucario|Lucario, F|100/100
|-damage|p1a: Lucario|98/100|[from] Stealth Rock
|turn|18
|
|t:|1744680593
|move|p1a: Lucario|Extreme Speed|p2a: Masaaki Iwane
|-damage|p2a: Masaaki Iwane|0 fnt
|faint|p2a: Masaaki Iwane
|-damage|p1a: Lucario|88/100|[from] item: Life Orb
|
|-weather|Sandstorm|[upkeep]
|upkeep
|
|t:|1744680595
|switch|p2a: Yusuke Oshida|Landorus-Therian, M|63/100
|-damage|p2a: Yusuke Oshida|51/100|[from] Stealth Rock
|-ability|p2a: Yusuke Oshida|Intimidate|boost
|-unboost|p1a: Lucario|atk|1
|turn|19
|
|t:|1744680601
|switch|p1a: Landorus|Landorus-Therian, M|49/100
|-damage|p1a: Landorus|37/100|[from] Stealth Rock
|-ability|p1a: Landorus|Intimidate|boost
|-unboost|p2a: Yusuke Oshida|atk|1
|move|p2a: Yusuke Oshida|Superpower|p1a: Landorus
|-resisted|p1a: Landorus
|-damage|p1a: Landorus|21/100
|-unboost|p2a: Yusuke Oshida|atk|1
|-unboost|p2a: Yusuke Oshida|def|1
|
|-weather|Sandstorm|[upkeep]
|upkeep
|turn|20
|
|t:|1744680623
|switch|p2a: Takeshi Maenami|Heatran, M|100/100
|-damage|p2a: Takeshi Maenami|88/100|[from] Stealth Rock
|-item|p2a: Takeshi Maenami|Air Balloon
|move|p1a: Landorus|Superpower|p2a: Takeshi Maenami
|-supereffective|p2a: Takeshi Maenami
|-damage|p2a: Takeshi Maenami|0 fnt
|-unboost|p1a: Landorus|atk|1
|-unboost|p1a: Landorus|def|1
|-enditem|p2a: Takeshi Maenami|Air Balloon
|faint|p2a: Takeshi Maenami
|
|-weather|Sandstorm|[upkeep]
|upkeep
|
|t:|1744680626
|switch|p2a: Yusuke Oshida|Landorus-Therian, M|51/100
|-damage|p2a: Yusuke Oshida|38/100|[from] Stealth Rock
|-ability|p2a: Yusuke Oshida|Intimidate|boost
|-unboost|p1a: Landorus|atk|1
|turn|21
|
|t:|1744680631
|move|p2a: Yusuke Oshida|Superpower|p1a: Landorus
|-resisted|p1a: Landorus
|-damage|p1a: Landorus|0 fnt
|-unboost|p2a: Yusuke Oshida|atk|1
|-unboost|p2a: Yusuke Oshida|def|1
|faint|p1a: Landorus
|
|-weather|Sandstorm|[upkeep]
|upkeep
|
|t:|1744680634
|switch|p1a: Lucario|Lucario, F|88/100
|-damage|p1a: Lucario|85/100|[from] Stealth Rock
|turn|22
|c|☆WeR#4Hay!|gg
|
|t:|1744680637
|move|p1a: Lucario|Extreme Speed|p2a: Yusuke Oshida
|-damage|p2a: Yusuke Oshida|0 fnt
|faint|p2a: Yusuke Oshida
|-damage|p1a: Lucario|75/100|[from] item: Life Orb
|
|win|BOMB SWORD
|raw|BOMB SWORD's rating: 1264 &rarr; <strong>1307</strong><br />(+43 for winning)
|raw|WeR#4Hay!'s rating: 1568 &rarr; <strong>1534</strong><br />(-34 for losing)
|c|☆BOMB SWORD|gg
