|j|☆yoloboy9000
|j|☆SolomonGrandi42
|player|p1|yoloboy9000|170
|player|p2|SolomonGrandi42|198
|teamsize|p1|6
|teamsize|p2|6
|gametype|singles
|gen|5
|tier|[Gen 5] OU
|rated|
|rule|Sleep Clause Mod: Limit one foe put to sleep
|rule|Species Clause: Limit one of each Pokémon
|rule|OHKO Clause: OHKO moves are banned
|rule|Moody Clause: Moody is banned
|rule|Evasion Moves Clause: Evasion moves are banned
|rule|Endless Battle Clause: Forcing endless battles is banned
|rule|HP Percentage Mod: HP is shown in percentages
|rule|Evasion Abilities Clause: Evasion abilities are banned
|rule|Baton Pass Clause: Limit one Baton Passer, can't pass Spe and other stats simultaneously
|rule|Swagger Clause: Swagger is banned
|clearpoke
|poke|p1|Tyranitar, M|item
|poke|p1|Magnezone|item
|poke|p1|Terrakion|item
|poke|p1|Latios, M|item
|poke|p1|Scizor, M|item
|poke|p1|Landorus-Therian, M|item
|poke|p2|Politoed, M|item
|poke|p2|Chansey, F|item
|poke|p2|Gliscor, M|item
|poke|p2|Ferrothorn, M|item
|poke|p2|Tentacruel, M|item
|poke|p2|Jirachi|item
|teampreview
|c|☆SolomonGrandi42|gl hf
|inactive|Battle timer is ON: inactive players will automatically lose when time's up. (requested by SolomonGrandi42)
|j| DjHB1
|c|☆yoloboy9000|u2
|
|start
|switch|p1a: Pat Riely|Tyranitar, M|100/100
|switch|p2a: Politoed|Politoed, M|100/100
|-weather|RainDance|[from] ability: Drizzle|[of] p2a: Politoed
|-weather|Sandstorm|[from] ability: Sand Stream|[of] p1a: Pat Riely
|turn|1
|
|move|p2a: Politoed|Toxic|p1a: Pat Riely
|-status|p1a: Pat Riely|tox
|move|p1a: Pat Riely|Stealth Rock|p2a: Politoed
|-sidestart|p2: SolomonGrandi42|move: Stealth Rock
|
|-weather|Sandstorm|[upkeep]
|-damage|p2a: Politoed|94/100|[from] Sandstorm
|-heal|p2a: Politoed|100/100|[from] item: Leftovers
|-damage|p1a: Pat Riely|94/100 tox|[from] psn
|upkeep
|turn|2
|
|move|p2a: Politoed|Scald|p1a: Pat Riely
|-supereffective|p1a: Pat Riely
|-damage|p1a: Pat Riely|72/100 tox
|move|p1a: Pat Riely|Pursuit|p2a: Politoed
|-damage|p2a: Politoed|85/100
|
|-weather|Sandstorm|[upkeep]
|-damage|p2a: Politoed|78/100|[from] Sandstorm
|-heal|p2a: Politoed|85/100|[from] item: Leftovers
|-heal|p1a: Pat Riely|78/100 tox|[from] item: Leftovers
|-damage|p1a: Pat Riely|66/100 tox|[from] psn
|upkeep
|turn|3
|
|switch|p1a: Bosh|Latios, M, shiny|100/100
|move|p2a: Politoed|Scald|p1a: Bosh
|-resisted|p1a: Bosh
|-damage|p1a: Bosh|89/100
|-status|p1a: Bosh|brn
|
|-weather|Sandstorm|[upkeep]
|-damage|p1a: Bosh|83/100 brn|[from] Sandstorm
|-damage|p2a: Politoed|78/100|[from] Sandstorm
|-heal|p2a: Politoed|85/100|[from] item: Leftovers
|-damage|p1a: Bosh|70/100 brn|[from] brn
|upkeep
|turn|4
|
|switch|p2a: Chansey|Chansey, F|100/100
|-damage|p2a: Chansey|88/100|[from] Stealth Rock
|move|p1a: Bosh|Energy Ball|p2a: Chansey
|-damage|p2a: Chansey|80/100
|
|-weather|Sandstorm|[upkeep]
|-damage|p1a: Bosh|64/100 brn|[from] Sandstorm
|-damage|p2a: Chansey|74/100|[from] Sandstorm
|-damage|p1a: Bosh|52/100 brn|[from] brn
|upkeep
|turn|5
|
|switch|p1a: Bron Bron|Landorus-Therian, M|100/100
|-ability|p1a: Bron Bron|Intimidate|boost
|-unboost|p2a: Chansey|atk|1
|move|p2a: Chansey|Stealth Rock|p1a: Bron Bron
|-sidestart|p1: yoloboy9000|move: Stealth Rock
|
|-weather|Sandstorm|[upkeep]
|-damage|p2a: Chansey|67/100|[from] Sandstorm
|upkeep
|turn|6
|l| DjHB1
|
|move|p1a: Bron Bron|Hidden Power|p2a: Chansey
|-crit|p2a: Chansey
|-damage|p2a: Chansey|56/100
|move|p2a: Chansey|Soft-Boiled|p2a: Chansey
|-heal|p2a: Chansey|100/100
|
|-weather|Sandstorm|[upkeep]
|-damage|p2a: Chansey|94/100|[from] Sandstorm
|upkeep
|turn|7
|
|move|p1a: Bron Bron|Earthquake|p2a: Chansey
|-damage|p2a: Chansey|57/100
|move|p2a: Chansey|Toxic|p1a: Bron Bron|[miss]
|-miss|p2a: Chansey|p1a: Bron Bron
|
|-weather|Sandstorm|[upkeep]
|-damage|p2a: Chansey|51/100|[from] Sandstorm
|upkeep
|turn|8
|
|move|p1a: Bron Bron|Toxic|p2a: Chansey
|-status|p2a: Chansey|tox
|move|p2a: Chansey|Soft-Boiled|p2a: Chansey
|-heal|p2a: Chansey|100/100 tox
|
|-weather|Sandstorm|[upkeep]
|-damage|p2a: Chansey|94/100 tox|[from] Sandstorm
|-damage|p2a: Chansey|88/100 tox|[from] psn
|upkeep
|turn|9
|
|switch|p2a: Ferrothorn|Ferrothorn, M|100/100
|-damage|p2a: Ferrothorn|95/100|[from] Stealth Rock
|move|p1a: Bron Bron|Earthquake|p2a: Ferrothorn
|-damage|p2a: Ferrothorn|45/100
|
|-weather|Sandstorm|[upkeep]
|upkeep
|turn|10
|
|switch|p2a: Politoed|Politoed, M|85/100
|-damage|p2a: Politoed|72/100|[from] Stealth Rock
|-weather|RainDance|[from] ability: Drizzle|[of] p2a: Politoed
|move|p1a: Bron Bron|Earthquake|p2a: Politoed
|-damage|p2a: Politoed|22/100
|
|-weather|RainDance|[upkeep]
|-heal|p2a: Politoed|28/100|[from] item: Leftovers
|upkeep
|turn|11
|
|switch|p1a: Pat Riely|Tyranitar, M|66/100 tox
|-damage|p1a: Pat Riely|53/100 tox|[from] Stealth Rock
|-weather|Sandstorm|[from] ability: Sand Stream|[of] p1a: Pat Riely
|move|p2a: Politoed|Protect||[still]
|-fail|p2a: Politoed
|
|-weather|Sandstorm|[upkeep]
|-damage|p2a: Politoed|22/100|[from] Sandstorm
|-heal|p2a: Politoed|28/100|[from] item: Leftovers
|-heal|p1a: Pat Riely|60/100 tox|[from] item: Leftovers
|-damage|p1a: Pat Riely|53/100 tox|[from] psn
|upkeep
|turn|12
|
|move|p2a: Politoed|Protect|p2a: Politoed
|-singleturn|p2a: Politoed|Protect
|move|p1a: Pat Riely|Pursuit|p2a: Politoed
|-activate|p2a: Politoed|move: Protect
|
|-weather|Sandstorm|[upkeep]
|-damage|p2a: Politoed|22/100|[from] Sandstorm
|-heal|p2a: Politoed|28/100|[from] item: Leftovers
|-heal|p1a: Pat Riely|60/100 tox|[from] item: Leftovers
|-damage|p1a: Pat Riely|47/100 tox|[from] psn
|upkeep
|turn|13
|
|switch|p1a: Bosh|Latios, M, shiny|52/100 brn
|-damage|p1a: Bosh|40/100 brn|[from] Stealth Rock
|move|p2a: Politoed|Scald|p1a: Bosh
|-resisted|p1a: Bosh
|-damage|p1a: Bosh|25/100 brn
|
|-weather|Sandstorm|[upkeep]
|-damage|p1a: Bosh|19/100 brn|[from] Sandstorm
|-damage|p2a: Politoed|22/100|[from] Sandstorm
|-heal|p2a: Politoed|28/100|[from] item: Leftovers
|-damage|p1a: Bosh|7/100 brn|[from] brn
|upkeep
|turn|14
|
|move|p2a: Politoed|Protect|p2a: Politoed
|-singleturn|p2a: Politoed|Protect
|move|p1a: Bosh|Draco Meteor|p2a: Politoed
|-activate|p2a: Politoed|move: Protect
|
|-weather|Sandstorm|[upkeep]
|-damage|p1a: Bosh|1/100 brn|[from] Sandstorm
|-damage|p2a: Politoed|22/100|[from] Sandstorm
|-heal|p2a: Politoed|28/100|[from] item: Leftovers
|-damage|p1a: Bosh|0 fnt|[from] brn
|faint|p1a: Bosh
|upkeep
|
|switch|p1a: D.Wade|Terrakion|100/100
|-damage|p1a: D.Wade|94/100|[from] Stealth Rock
|turn|15
|
|switch|p2a: Gliscor|Gliscor, M|100/100
|-damage|p2a: Gliscor|88/100|[from] Stealth Rock
|move|p1a: D.Wade|Stone Edge|p2a: Gliscor
|-damage|p2a: Gliscor|58/100
|
|-weather|Sandstorm|[upkeep]
|-status|p2a: Gliscor|tox|[from] item: Toxic Orb
|upkeep
|turn|16
|
|switch|p1a: Bron Bron|Landorus-Therian, M|100/100
|-damage|p1a: Bron Bron|88/100|[from] Stealth Rock
|-ability|p1a: Bron Bron|Intimidate|boost
|-unboost|p2a: Gliscor|atk|1
|move|p2a: Gliscor|Protect||[still]
|-fail|p2a: Gliscor
|
|-weather|Sandstorm|[upkeep]
|-heal|p2a: Gliscor|70/100 tox|[from] ability: Poison Heal
|upkeep
|turn|17
|
|move|p2a: Gliscor|Protect|p2a: Gliscor
|-singleturn|p2a: Gliscor|Protect
|move|p1a: Bron Bron|Earthquake|p2a: Gliscor
|-immune|p2a: Gliscor
|
|-weather|Sandstorm|[upkeep]
|-heal|p2a: Gliscor|82/100 tox|[from] ability: Poison Heal
|upkeep
|turn|18
|
|switch|p2a: Chansey|Chansey, F|88/100
|-damage|p2a: Chansey|76/100|[from] Stealth Rock
|move|p1a: Bron Bron|Hidden Power|p2a: Chansey
|-damage|p2a: Chansey|70/100
|
|-weather|Sandstorm|[upkeep]
|-damage|p2a: Chansey|64/100|[from] Sandstorm
|upkeep
|turn|19
|
|move|p1a: Bron Bron|Toxic|p2a: Chansey
|-status|p2a: Chansey|tox
|move|p2a: Chansey|Soft-Boiled|p2a: Chansey
|-heal|p2a: Chansey|100/100 tox
|
|-weather|Sandstorm|[upkeep]
|-damage|p2a: Chansey|94/100 tox|[from] Sandstorm
|-damage|p2a: Chansey|88/100 tox|[from] psn
|upkeep
|turn|20
|
|move|p1a: Bron Bron|Earthquake|p2a: Chansey
|-crit|p2a: Chansey
|-damage|p2a: Chansey|4/100 tox
|move|p2a: Chansey|Toxic|p1a: Bron Bron
|-status|p1a: Bron Bron|tox
|
|-weather|Sandstorm|[upkeep]
|-damage|p2a: Chansey|0 fnt|[from] Sandstorm
|faint|p2a: Chansey
|-damage|p1a: Bron Bron|82/100 tox|[from] psn
|upkeep
|
|switch|p2a: Politoed|Politoed, M|28/100
|-damage|p2a: Politoed|16/100|[from] Stealth Rock
|-weather|RainDance|[from] ability: Drizzle|[of] p2a: Politoed
|turn|21
|
|switch|p1a: Pat Riely|Tyranitar, M|47/100 tox
|-damage|p1a: Pat Riely|35/100 tox|[from] Stealth Rock
|-weather|Sandstorm|[from] ability: Sand Stream|[of] p1a: Pat Riely
|move|p2a: Politoed|Protect||[still]
|-fail|p2a: Politoed
|
|-weather|Sandstorm|[upkeep]
|-damage|p2a: Politoed|9/100|[from] Sandstorm
|-heal|p2a: Politoed|16/100|[from] item: Leftovers
|-heal|p1a: Pat Riely|41/100 tox|[from] item: Leftovers
|-damage|p1a: Pat Riely|35/100 tox|[from] psn
|upkeep
|turn|22
|
|switch|p1a: D.Wade|Terrakion|94/100
|-damage|p1a: D.Wade|88/100|[from] Stealth Rock
|move|p2a: Politoed|Protect||[still]
|-fail|p2a: Politoed
|
|-weather|Sandstorm|[upkeep]
|-damage|p2a: Politoed|9/100|[from] Sandstorm
|-heal|p2a: Politoed|16/100|[from] item: Leftovers
|upkeep
|turn|23
|
|switch|p2a: Gliscor|Gliscor, M|82/100 tox
|-damage|p2a: Gliscor|70/100 tox|[from] Stealth Rock
|move|p1a: D.Wade|Stone Edge|p2a: Gliscor
|-damage|p2a: Gliscor|40/100 tox
|
|-weather|Sandstorm|[upkeep]
|-heal|p2a: Gliscor|52/100 tox|[from] ability: Poison Heal
|upkeep
|turn|24
|
|switch|p1a: Bron Bron|Landorus-Therian, M|82/100 tox
|-damage|p1a: Bron Bron|70/100 tox|[from] Stealth Rock
|-ability|p1a: Bron Bron|Intimidate|boost
|-unboost|p2a: Gliscor|atk|1
|move|p2a: Gliscor|Substitute|p2a: Gliscor
|-start|p2a: Gliscor|Substitute
|-damage|p2a: Gliscor|28/100 tox
|
|-weather|Sandstorm|[upkeep]
|-heal|p2a: Gliscor|40/100 tox|[from] ability: Poison Heal
|-damage|p1a: Bron Bron|64/100 tox|[from] psn
|upkeep
|turn|25
|
|move|p2a: Gliscor|Protect|p2a: Gliscor
|-singleturn|p2a: Gliscor|Protect
|move|p1a: Bron Bron|Hidden Power|p2a: Gliscor
|-activate|p2a: Gliscor|move: Protect
|
|-weather|Sandstorm|[upkeep]
|-heal|p2a: Gliscor|52/100 tox|[from] ability: Poison Heal
|-damage|p1a: Bron Bron|52/100 tox|[from] psn
|upkeep
|turn|26
|
|switch|p1a: Miller|Scizor, M, shiny|100/100
|-damage|p1a: Miller|88/100|[from] Stealth Rock
|move|p2a: Gliscor|Ice Fang|p1a: Miller
|-resisted|p1a: Miller
|-damage|p1a: Miller|83/100
|
|-weather|Sandstorm|[upkeep]
|-heal|p2a: Gliscor|65/100 tox|[from] ability: Poison Heal
|upkeep
|turn|27
|
|move|p1a: Miller|Bullet Punch|p2a: Gliscor
|-end|p2a: Gliscor|Substitute
|move|p2a: Gliscor|Earthquake|p1a: Miller
|-damage|p1a: Miller|59/100
|
|-weather|Sandstorm|[upkeep]
|-heal|p2a: Gliscor|77/100 tox|[from] ability: Poison Heal
|upkeep
|turn|28
|
|move|p2a: Gliscor|Protect|p2a: Gliscor
|-singleturn|p2a: Gliscor|Protect
|move|p1a: Miller|Bullet Punch|p2a: Gliscor
|-activate|p2a: Gliscor|move: Protect
|
|-weather|Sandstorm|[upkeep]
|-heal|p2a: Gliscor|90/100 tox|[from] ability: Poison Heal
|upkeep
|turn|29
|
|switch|p2a: Tentacruel|Tentacruel, M|100/100
|-damage|p2a: Tentacruel|88/100|[from] Stealth Rock
|switch|p1a: Ray Allen|Magnezone|100/100
|-damage|p1a: Ray Allen|94/100|[from] Stealth Rock
|
|-weather|Sandstorm|[upkeep]
|-damage|p2a: Tentacruel|82/100|[from] Sandstorm
|-heal|p2a: Tentacruel|88/100|[from] item: Black Sludge
|-heal|p1a: Ray Allen|100/100|[from] item: Leftovers
|upkeep
|turn|30
|
|move|p2a: Tentacruel|Protect|p2a: Tentacruel
|-singleturn|p2a: Tentacruel|Protect
|move|p1a: Ray Allen|Substitute|p1a: Ray Allen
|-start|p1a: Ray Allen|Substitute
|-damage|p1a: Ray Allen|76/100
|
|-weather|Sandstorm|[upkeep]
|-damage|p2a: Tentacruel|82/100|[from] Sandstorm
|-heal|p2a: Tentacruel|88/100|[from] item: Black Sludge
|-heal|p1a: Ray Allen|82/100|[from] item: Leftovers
|upkeep
|turn|31
|
|switch|p2a: Jirachi|Jirachi|100/100
|-damage|p2a: Jirachi|94/100|[from] Stealth Rock
|move|p1a: Ray Allen|Charge Beam|p2a: Jirachi
|-crit|p2a: Jirachi
|-damage|p2a: Jirachi|47/100
|-boost|p1a: Ray Allen|spa|1
|
|-weather|Sandstorm|[upkeep]
|-heal|p2a: Jirachi|53/100|[from] item: Leftovers
|-heal|p1a: Ray Allen|88/100|[from] item: Leftovers
|upkeep
|turn|32
|
|move|p2a: Jirachi|Substitute|p2a: Jirachi
|-start|p2a: Jirachi|Substitute
|-damage|p2a: Jirachi|28/100
|move|p1a: Ray Allen|Hidden Power|p2a: Jirachi
|-supereffective|p2a: Jirachi
|-end|p2a: Jirachi|Substitute
|
|-weather|Sandstorm|[upkeep]
|-heal|p2a: Jirachi|34/100|[from] item: Leftovers
|-heal|p1a: Ray Allen|94/100|[from] item: Leftovers
|upkeep
|turn|33
|
|move|p2a: Jirachi|Thunder|p1a: Ray Allen
|-resisted|p1a: Ray Allen
|-activate|p1a: Ray Allen|Substitute|[damage]
|move|p1a: Ray Allen|Hidden Power|p2a: Jirachi
|-supereffective|p2a: Jirachi
|-damage|p2a: Jirachi|0 fnt
|faint|p2a: Jirachi
|
|-weather|Sandstorm|[upkeep]
|-heal|p1a: Ray Allen|99/100|[from] item: Leftovers
|upkeep
|
|switch|p2a: Gliscor|Gliscor, M|90/100 tox
|-damage|p2a: Gliscor|77/100 tox|[from] Stealth Rock
|turn|34
|
|move|p1a: Ray Allen|Flash Cannon|p2a: Gliscor
|-crit|p2a: Gliscor
|-damage|p2a: Gliscor|0 fnt
|faint|p2a: Gliscor
|
|-weather|Sandstorm|[upkeep]
|-heal|p1a: Ray Allen|100/100|[from] item: Leftovers
|upkeep
|c|☆SolomonGrandi42|lucked me out real hard
|c|☆yoloboy9000|i was faster
|
|switch|p2a: Ferrothorn|Ferrothorn, M|45/100
|-damage|p2a: Ferrothorn|39/100|[from] Stealth Rock
|turn|35
|c|☆yoloboy9000|i would have kileld anyway=D
|c|☆SolomonGrandi42|that's what she said
|
|move|p1a: Ray Allen|Hidden Power|p2a: Ferrothorn
|-supereffective|p2a: Ferrothorn
|-damage|p2a: Ferrothorn|0 fnt
|faint|p2a: Ferrothorn
|
|-weather|Sandstorm|[upkeep]
|upkeep
|c|☆yoloboy9000|yeet
|
|switch|p2a: Tentacruel|Tentacruel, M|88/100
|-damage|p2a: Tentacruel|76/100|[from] Stealth Rock
|turn|36
|
|move|p2a: Tentacruel|Rapid Spin|p1a: Ray Allen
|-resisted|p1a: Ray Allen
|-activate|p1a: Ray Allen|Substitute|[damage]
|-sideend|p2: SolomonGrandi42|Stealth Rock|[from] move: Rapid Spin|[of] p2a: Tentacruel
|move|p1a: Ray Allen|Charge Beam|p2a: Tentacruel
|-supereffective|p2a: Tentacruel
|-damage|p2a: Tentacruel|15/100
|-boost|p1a: Ray Allen|spa|1
|
|-weather|Sandstorm|[upkeep]
|-damage|p2a: Tentacruel|9/100|[from] Sandstorm
|-heal|p2a: Tentacruel|15/100|[from] item: Black Sludge
|upkeep
|turn|37
|j| Sunflower Fields
|
|move|p2a: Tentacruel|Scald|p1a: Ray Allen
|-end|p1a: Ray Allen|Substitute
|move|p1a: Ray Allen|Flash Cannon|p2a: Tentacruel
|-resisted|p2a: Tentacruel
|-damage|p2a: Tentacruel|0 fnt
|faint|p2a: Tentacruel
|
|-weather|Sandstorm|[upkeep]
|upkeep
|c|☆SolomonGrandi42|too many crits
|c|☆SolomonGrandi42|no defence will survive
|inactive|SolomonGrandi42 has 120 seconds left.
|j| Camelo TTT
|
|switch|p2a: Politoed|Politoed, M|16/100
|-weather|RainDance|[from] ability: Drizzle|[of] p2a: Politoed
|turn|38
|c|☆yoloboy9000|you could get some too
|c|☆yoloboy9000|if you had any attacking moves lol
|
|move|p2a: Politoed|Protect|p2a: Politoed
|-singleturn|p2a: Politoed|Protect
|move|p1a: Ray Allen|Flash Cannon|p2a: Politoed
|-activate|p2a: Politoed|move: Protect
|
|-weather|RainDance|[upkeep]
|-heal|p2a: Politoed|22/100|[from] item: Leftovers
|upkeep
|turn|39
|l| Camelo TTT
|c|☆yoloboy9000|cant crit protect
|
|move|p1a: Ray Allen|Flash Cannon|p2a: Politoed
|-resisted|p2a: Politoed
|-damage|p2a: Politoed|0 fnt
|faint|p2a: Politoed
|
|win|yoloboy9000
|c|☆SolomonGrandi42|i like strategic games
|c|☆yoloboy9000|gg
|raw|yoloboy9000's rating: 1338 &rarr; <strong>1357</strong><br />(+19 for winning)
|raw|SolomonGrandi42's rating: 1317 &rarr; <strong>1298</strong><br />(-19 for losing)
|c|☆SolomonGrandi42|not luck
|l| Sunflower Fields
|l|☆SolomonGrandi42
|c|☆yoloboy9000|why play pokemon
