|j|☆HALOCENE
|j|☆Commbacckk
|player|p1|HALOCENE|pokefanf-gen4|1615
|player|p2|Commbacckk|266|1445
|teamsize|p1|6
|teamsize|p2|6
|gametype|singles
|gen|5
|tier|[Gen 5] OU
|rated|
|clearpoke
|poke|p1|Politoed, M|item
|poke|p1|Starmie|item
|poke|p1|Scizor, F|item
|poke|p1|Thundurus-Therian, M|item
|poke|p1|Keldeo-Resolute|item
|poke|p1|Ferrothorn, M|item
|poke|p2|Politoed, F|item
|poke|p2|Keldeo-Resolute|item
|poke|p2|Scizor, M|item
|poke|p2|Tentacruel, M|item
|poke|p2|Thundurus-Therian, M|item
|poke|p2|Garchomp, F|item
|rule|Species Clause: Limit one of each Pokémon
|rule|OHKO Clause: OHKO moves are banned
|rule|Moody Clause: Moody is banned
|rule|Evasion Moves Clause: Evasion moves are banned
|rule|Endless Battle Clause: Forcing endless battles is banned
|rule|HP Percentage Mod: HP is shown in percentages
|rule|Evasion Abilities Clause: Evasion abilities are banned
|rule|Baton Pass Clause: Limit one Baton Passer, can't pass Spe and other stats simultaneously
|rule|Sleep Clause: Sleep-inducing moves are banned
|rule|Swagger Clause: Swagger is banned
|teampreview
|j| Dildsmith
|inactive|Battle timer is ON: inactive players will automatically lose when time's up. (requested by Commbacckk)
|
|start
|switch|p1a: Ferrothorn|Ferrothorn, M|100/100
|switch|p2a: Garchomp|Garchomp, F|100/100
|turn|1
|
|move|p2a: Garchomp|Swords Dance|p2a: Garchomp
|-boost|p2a: Garchomp|atk|2
|move|p1a: Ferrothorn|Stealth Rock|p2a: Garchomp
|-sidestart|p2: Commbacckk|move: Stealth Rock
|
|upkeep
|turn|2
|
|move|p2a: Garchomp|Stealth Rock|p1a: Ferrothorn
|-sidestart|p1: HALOCENE|move: Stealth Rock
|move|p1a: Ferrothorn|Knock Off|p2a: Garchomp
|-damage|p2a: Garchomp|96/100
|-damage|p1a: Ferrothorn|88/100|[from] ability: Rough Skin|[of] p2a: Garchomp
|-enditem|p2a: Garchomp|Focus Sash|[from] move: Knock Off|[of] p1a: Ferrothorn
|
|-heal|p1a: Ferrothorn|94/100|[from] item: Leftovers
|upkeep
|turn|3
|
|switch|p1a: Politoed|Politoed, M|100/100
|-damage|p1a: Politoed|88/100|[from] Stealth Rock
|-weather|RainDance|[from] ability: Drizzle|[of] p1a: Politoed
|move|p2a: Garchomp|Earthquake|p1a: Politoed
|-damage|p1a: Politoed|0 fnt
|faint|p1a: Politoed
|
|-weather|RainDance|[upkeep]
|upkeep
|
|switch|p1a: Keldeo|Keldeo-Resolute|100/100
|-damage|p1a: Keldeo|94/100|[from] Stealth Rock
|turn|4
|
|switch|p2a: Tentacruel|Tentacruel, M|100/100
|-damage|p2a: Tentacruel|88/100|[from] Stealth Rock
|move|p1a: Keldeo|Hydro Pump|p2a: Tentacruel
|-resisted|p2a: Tentacruel
|-damage|p2a: Tentacruel|30/100
|
|-weather|RainDance|[upkeep]
|-heal|p2a: Tentacruel|36/100|[from] ability: Rain Dish
|-heal|p2a: Tentacruel|42/100|[from] item: Leftovers
|upkeep
|turn|5
|
|move|p2a: Tentacruel|Protect|p2a: Tentacruel
|-singleturn|p2a: Tentacruel|Protect
|move|p1a: Keldeo|Hydro Pump|p2a: Tentacruel
|-activate|p2a: Tentacruel|move: Protect
|
|-weather|RainDance|[upkeep]
|-heal|p2a: Tentacruel|48/100|[from] ability: Rain Dish
|-heal|p2a: Tentacruel|54/100|[from] item: Leftovers
|upkeep
|turn|6
|
|switch|p2a: Politoed|Politoed, F|100/100
|-damage|p2a: Politoed|88/100|[from] Stealth Rock
|move|p1a: Keldeo|Hydro Pump|p2a: Politoed
|-resisted|p2a: Politoed
|-damage|p2a: Politoed|29/100
|
|-weather|RainDance|[upkeep]
|-heal|p2a: Politoed|35/100|[from] item: Leftovers
|upkeep
|turn|7
|
|move|p2a: Politoed|Protect|p2a: Politoed
|-singleturn|p2a: Politoed|Protect
|move|p1a: Keldeo|Hydro Pump|p2a: Politoed
|-activate|p2a: Politoed|move: Protect
|
|-weather|RainDance|[upkeep]
|-heal|p2a: Politoed|41/100|[from] item: Leftovers
|upkeep
|turn|8
|j| satoshi24102007
|
|move|p1a: Keldeo|Hydro Pump|p2a: Politoed
|-resisted|p2a: Politoed
|-damage|p2a: Politoed|0 fnt
|faint|p2a: Politoed
|
|-weather|RainDance|[upkeep]
|upkeep
|
|switch|p2a: Tentacruel|Tentacruel, M|54/100
|-damage|p2a: Tentacruel|42/100|[from] Stealth Rock
|turn|9
|
|move|p2a: Tentacruel|Protect|p2a: Tentacruel
|-singleturn|p2a: Tentacruel|Protect
|move|p1a: Keldeo|Hydro Pump|p2a: Tentacruel
|-activate|p2a: Tentacruel|move: Protect
|
|-weather|RainDance|[upkeep]
|-heal|p2a: Tentacruel|48/100|[from] ability: Rain Dish
|-heal|p2a: Tentacruel|54/100|[from] item: Leftovers
|upkeep
|turn|10
|
|move|p1a: Keldeo|Hydro Pump|p2a: Tentacruel
|-resisted|p2a: Tentacruel
|-damage|p2a: Tentacruel|0 fnt
|faint|p2a: Tentacruel
|
|-weather|RainDance|[upkeep]
|upkeep
|
|switch|p2a: Keldeo|Keldeo-Resolute|100/100
|-damage|p2a: Keldeo|94/100|[from] Stealth Rock
|turn|11
|
|move|p2a: Keldeo|Secret Sword|p1a: Keldeo
|-damage|p1a: Keldeo|46/100
|move|p1a: Keldeo|Hydro Pump|p2a: Keldeo
|-resisted|p2a: Keldeo
|-damage|p2a: Keldeo|8/100
|
|-weather|RainDance|[upkeep]
|-heal|p2a: Keldeo|14/100|[from] item: Leftovers
|upkeep
|turn|12
|
|switch|p1a: Starmie|Starmie|100/100
|-damage|p1a: Starmie|88/100|[from] Stealth Rock
|move|p2a: Keldeo|Secret Sword|p1a: Starmie
|-resisted|p1a: Starmie
|-damage|p1a: Starmie|55/100
|
|-weather|RainDance|[upkeep]
|-heal|p2a: Keldeo|20/100|[from] item: Leftovers
|upkeep
|turn|13
|
|move|p1a: Starmie|Hydro Pump|p2a: Keldeo
|-resisted|p2a: Keldeo
|-damage|p2a: Keldeo|0 fnt
|faint|p2a: Keldeo
|
|-weather|RainDance|[upkeep]
|upkeep
|
|switch|p2a: Scizor|Scizor, M|100/100
|-damage|p2a: Scizor|88/100|[from] Stealth Rock
|turn|14
|
|move|p1a: Starmie|Hydro Pump|p2a: Scizor|[miss]
|-miss|p1a: Starmie|p2a: Scizor
|move|p2a: Scizor|U-turn|p1a: Starmie
|-supereffective|p1a: Starmie
|-damage|p1a: Starmie|0 fnt
|faint|p1a: Starmie
|
|switch|p2a: Garchomp|Garchomp, F|96/100|[from]move: U-turn
|-damage|p2a: Garchomp|90/100|[from] Stealth Rock
|
|-weather|RainDance|[upkeep]
|upkeep
|
|switch|p1a: Keldeo|Keldeo-Resolute|46/100
|-damage|p1a: Keldeo|40/100|[from] Stealth Rock
|turn|15
|l| Dildsmith
|
|move|p1a: Keldeo|Focus Blast|p2a: Garchomp
|-damage|p2a: Garchomp|0 fnt
|faint|p2a: Garchomp
|
|-weather|RainDance|[upkeep]
|upkeep
|
|switch|p2a: Thundurus|Thundurus-Therian, M|100/100
|-damage|p2a: Thundurus|76/100|[from] Stealth Rock
|turn|16
|
|move|p1a: Keldeo|Focus Blast|p2a: Thundurus
|-resisted|p2a: Thundurus
|-damage|p2a: Thundurus|12/100
|move|p2a: Thundurus|Substitute|p2a: Thundurus
|-fail|p2a: Thundurus|move: Substitute|[weak]
|
|-weather|RainDance|[upkeep]
|-heal|p2a: Thundurus|18/100|[from] item: Leftovers
|upkeep
|turn|17
|
|move|p1a: Keldeo|Focus Blast|p2a: Thundurus
|-resisted|p2a: Thundurus
|-damage|p2a: Thundurus|0 fnt
|faint|p2a: Thundurus
|
|-weather|RainDance|[upkeep]
|upkeep
|
|switch|p2a: Scizor|Scizor, M|88/100
|-damage|p2a: Scizor|76/100|[from] Stealth Rock
|turn|18
|-message|Commbacckk forfeited.
|
|win|HALOCENE
|l|☆Commbacckk
|raw|HALOCENE's rating: 1615 &rarr; <strong>1626</strong><br />(+11 for winning)
|raw|Commbacckk's rating: 1445 &rarr; <strong>1434</strong><br />(-11 for losing)
