|j|☆BWR Monai
|j|☆JE COLOR FACTORY
|t:|1719263489
|gametype|singles
|player|p1|BWR Monai|266|1449
|player|p2|JE COLOR FACTORY|preschoolerf|1363
|teamsize|p1|6
|teamsize|p2|6
|gen|5
|tier|[Gen 5] OU
|rated|
|rule|Species Clause: Limit one of each Pokémon
|rule|OHKO Clause: OHKO moves are banned
|rule|Moody Clause: Moody is banned
|rule|Evasion Items Clause: Evasion items are banned
|rule|Evasion Moves Clause: Evasion moves are banned
|rule|Endless Battle Clause: Forcing endless battles is banned
|rule|HP Percentage Mod: HP is shown in percentages
|rule|Evasion Abilities Clause: Evasion abilities are banned
|rule|Sleep Moves Clause: Sleep-inducing moves are banned
|rule|Swagger Clause: Swagger is banned
|rule|Baton Pass Stat Clause: No Baton Passer may have a way to boost its stats
|clearpoke
|poke|p1|Politoed, F|item
|poke|p1|Starmie|item
|poke|p1|Ferrothorn, F|item
|poke|p1|Tornadus, M|item
|poke|p1|Dragonite, M|item
|poke|p1|Mamoswine, M|item
|poke|p2|Tyranitar, M|item
|poke|p2|Rotom-Wash|item
|poke|p2|Landorus-Therian, M|item
|poke|p2|Latios, M|item
|poke|p2|Ferrothorn, F|item
|poke|p2|Excadrill, M|item
|teampreview
|inactive|Battle timer is ON: inactive players will automatically lose when time's up. (requested by JE COLOR FACTORY)
|j| Neighthan Trainer
|
|t:|1719263499
|start
|switch|p1a: Ferrothorn|Ferrothorn, F|100/100
|switch|p2a: Rotom|Rotom-Wash|100/100
|turn|1
|
|t:|1719263507
|move|p2a: Rotom|Will-O-Wisp|p1a: Ferrothorn
|-status|p1a: Ferrothorn|brn
|-enditem|p1a: Ferrothorn|Lum Berry|[eat]
|-curestatus|p1a: Ferrothorn|brn|[msg]
|move|p1a: Ferrothorn|Knock Off|p2a: Rotom
|-damage|p2a: Rotom|94/100
|-enditem|p2a: Rotom|Leftovers|[from] move: Knock Off|[of] p1a: Ferrothorn
|
|upkeep
|turn|2
|
|t:|1719263512
|move|p2a: Rotom|Will-O-Wisp|p1a: Ferrothorn|[miss]
|-miss|p2a: Rotom|p1a: Ferrothorn
|move|p1a: Ferrothorn|Power Whip|p2a: Rotom
|-supereffective|p2a: Rotom
|-damage|p2a: Rotom|0 fnt
|faint|p2a: Rotom
|
|upkeep
|c|☆JE COLOR FACTORY|lol
|c|☆BWR Monai|Ex
|c|☆BWR Monai|ez
|
|t:|1719263528
|switch|p2a: Ferrothorn|Ferrothorn, F|100/100
|turn|3
|
|t:|1719263534
|move|p2a: Ferrothorn|Spikes|p1a: Ferrothorn
|-sidestart|p1: BWR Monai|Spikes
|move|p1a: Ferrothorn|Knock Off|p2a: Ferrothorn
|-resisted|p2a: Ferrothorn
|-damage|p2a: Ferrothorn|98/100
|-damage|p1a: Ferrothorn|88/100|[from] ability: Iron Barbs|[of] p2a: Ferrothorn
|-enditem|p2a: Ferrothorn|Leftovers|[from] move: Knock Off|[of] p1a: Ferrothorn
|
|upkeep
|turn|4
|
|t:|1719263543
|move|p1a: Ferrothorn|Stealth Rock|p2a: Ferrothorn
|-sidestart|p2: JE COLOR FACTORY|move: Stealth Rock
|move|p2a: Ferrothorn|Spikes|p1a: Ferrothorn
|-sidestart|p1: BWR Monai|Spikes
|
|upkeep
|turn|5
|
|t:|1719263546
|switch|p1a: Dragonite|Dragonite, M|100/100
|move|p2a: Ferrothorn|Spikes|p1a: Dragonite
|-sidestart|p1: BWR Monai|Spikes
|
|upkeep
|turn|6
|
|t:|1719263551
|switch|p2a: Landorus|Landorus-Therian, M|100/100
|-damage|p2a: Landorus|88/100|[from] Stealth Rock
|-ability|p2a: Landorus|Intimidate|boost
|-unboost|p1a: Dragonite|atk|1
|move|p1a: Dragonite|Superpower|p2a: Landorus
|-resisted|p2a: Landorus
|-damage|p2a: Landorus|66/100
|-unboost|p1a: Dragonite|atk|1
|-unboost|p1a: Dragonite|def|1
|
|-heal|p2a: Landorus|72/100|[from] item: Leftovers
|upkeep
|turn|7
|
|t:|1719263554
|switch|p1a: Starmie|Starmie|100/100
|-item|p1a: Starmie|Air Balloon
|move|p2a: Landorus|U-turn|p1a: Starmie
|-supereffective|p1a: Starmie
|-damage|p1a: Starmie|37/100
|-enditem|p1a: Starmie|Air Balloon
|
|t:|1719263557
|switch|p2a: Latios|Latios, M|100/100|[from] U-turn
|-damage|p2a: Latios|88/100|[from] Stealth Rock
|
|upkeep
|turn|8
|
|t:|1719263572
|switch|p2a: Excadrill|Excadrill, M|100/100
|-damage|p2a: Excadrill|97/100|[from] Stealth Rock
|switch|p1a: Ferrothorn|Ferrothorn, F|88/100
|-damage|p1a: Ferrothorn|63/100|[from] Spikes
|
|-heal|p2a: Excadrill|100/100|[from] item: Leftovers
|upkeep
|turn|9
|
|t:|1719263585
|move|p2a: Excadrill|Earthquake|p1a: Ferrothorn
|-damage|p1a: Ferrothorn|20/100
|move|p1a: Ferrothorn|Power Whip|p2a: Excadrill
|-damage|p2a: Excadrill|26/100
|
|-heal|p2a: Excadrill|32/100|[from] item: Leftovers
|upkeep
|turn|10
|
|t:|1719263592
|switch|p1a: Dragonite|Dragonite, M|100/100
|move|p2a: Excadrill|Earthquake|p1a: Dragonite
|-immune|p1a: Dragonite
|
|-heal|p2a: Excadrill|38/100|[from] item: Leftovers
|upkeep
|turn|11
|
|t:|1719263601
|switch|p2a: Landorus|Landorus-Therian, M|72/100
|-damage|p2a: Landorus|60/100|[from] Stealth Rock
|-ability|p2a: Landorus|Intimidate|boost
|-unboost|p1a: Dragonite|atk|1
|move|p1a: Dragonite|Superpower|p2a: Landorus
|-resisted|p2a: Landorus
|-damage|p2a: Landorus|38/100
|-unboost|p1a: Dragonite|atk|1
|-unboost|p1a: Dragonite|def|1
|
|-heal|p2a: Landorus|44/100|[from] item: Leftovers
|upkeep
|turn|12
|inactive|JE COLOR FACTORY has 120 seconds left.
|
|t:|1719263642
|switch|p1a: Starmie|Starmie|37/100
|-damage|p1a: Starmie|12/100|[from] Spikes
|move|p2a: Landorus|Stealth Rock|p1a: Starmie
|-sidestart|p1: BWR Monai|move: Stealth Rock
|
|-heal|p2a: Landorus|50/100|[from] item: Leftovers
|upkeep
|turn|13
|
|t:|1719263649
|move|p1a: Starmie|Ice Beam|p2a: Landorus
|-supereffective|p2a: Landorus
|-damage|p2a: Landorus|0 fnt
|faint|p2a: Landorus
|
|upkeep
|
|t:|1719263652
|switch|p2a: Latios|Latios, M|88/100
|-damage|p2a: Latios|76/100|[from] Stealth Rock
|turn|14
|
|t:|1719263660
|move|p2a: Latios|Surf|p1a: Starmie
|-resisted|p1a: Starmie
|-damage|p1a: Starmie|0 fnt
|faint|p1a: Starmie
|
|upkeep
|
|t:|1719263674
|switch|p1a: Mamoswine|Mamoswine, M|100/100
|-damage|p1a: Mamoswine|76/100|[from] Spikes
|-damage|p1a: Mamoswine|63/100|[from] Stealth Rock
|turn|15
|
|t:|1719263677
|move|p1a: Mamoswine|Ice Shard|p2a: Latios
|-supereffective|p2a: Latios
|-damage|p2a: Latios|7/100
|move|p2a: Latios|Surf|p1a: Mamoswine
|-supereffective|p1a: Mamoswine
|-damage|p1a: Mamoswine|0 fnt
|faint|p1a: Mamoswine
|
|upkeep
|
|t:|1719263683
|switch|p1a: Dragonite|Dragonite, M|100/100
|-damage|p1a: Dragonite|76/100|[from] Stealth Rock
|turn|16
|j| zwubat
|
|t:|1719263687
|switch|p2a: Ferrothorn|Ferrothorn, F|98/100
|-damage|p2a: Ferrothorn|92/100|[from] Stealth Rock
|move|p1a: Dragonite|Extreme Speed|p2a: Ferrothorn
|-resisted|p2a: Ferrothorn
|-damage|p2a: Ferrothorn|74/100
|-damage|p1a: Dragonite|63/100|[from] ability: Iron Barbs|[of] p2a: Ferrothorn
|
|upkeep
|turn|17
|
|t:|1719263708
|switch|p1a: Ferrothorn|Ferrothorn, F|20/100
|-damage|p1a: Ferrothorn|0 fnt|[from] Spikes
|faint|p1a: Ferrothorn
|move|p2a: Ferrothorn|Gyro Ball|p1: Ferrothorn|[notarget]
|-fail|p2a: Ferrothorn
|
|upkeep
|
|t:|1719263709
|switch|p1a: Dragonite|Dragonite, M|63/100
|-damage|p1a: Dragonite|39/100|[from] Stealth Rock
|turn|18
|
|t:|1719263714
|switch|p2a: Latios|Latios, M|7/100
|-damage|p2a: Latios|0 fnt|[from] Stealth Rock
|faint|p2a: Latios
|move|p1a: Dragonite|Superpower|p2: Latios|[notarget]
|-fail|p1a: Dragonite
|
|upkeep
|
|t:|1719263724
|switch|p2a: Tyranitar|Tyranitar, M|100/100
|-damage|p2a: Tyranitar|88/100|[from] Stealth Rock
|-weather|Sandstorm|[from] ability: Sand Stream|[of] p2a: Tyranitar
|turn|19
|
|t:|1719263729
|move|p1a: Dragonite|Superpower|p2a: Tyranitar
|-supereffective|p2a: Tyranitar
|-enditem|p2a: Tyranitar|Chople Berry|[eat]
|-enditem|p2a: Tyranitar|Chople Berry|[weaken]
|-damage|p2a: Tyranitar|0 fnt
|-unboost|p1a: Dragonite|atk|1
|-unboost|p1a: Dragonite|def|1
|faint|p2a: Tyranitar
|
|-weather|Sandstorm|[upkeep]
|-damage|p1a: Dragonite|32/100|[from] Sandstorm
|upkeep
|
|t:|1719263737
|switch|p2a: Excadrill|Excadrill, M|38/100
|-damage|p2a: Excadrill|35/100|[from] Stealth Rock
|turn|20
|
|t:|1719263753
|switch|p1a: Politoed|Politoed, F|100/100
|-damage|p1a: Politoed|76/100|[from] Spikes
|-damage|p1a: Politoed|63/100|[from] Stealth Rock
|-weather|RainDance|[from] ability: Drizzle|[of] p1a: Politoed
|move|p2a: Excadrill|Iron Head|p1a: Politoed
|-resisted|p1a: Politoed
|-damage|p1a: Politoed|36/100
|
|-weather|RainDance|[upkeep]
|-heal|p2a: Excadrill|41/100|[from] item: Leftovers
|upkeep
|turn|21
|
|t:|1719263759
|switch|p2a: Ferrothorn|Ferrothorn, F|74/100
|-damage|p2a: Ferrothorn|67/100|[from] Stealth Rock
|move|p1a: Politoed|Scald|p2a: Ferrothorn
|-resisted|p2a: Ferrothorn
|-damage|p2a: Ferrothorn|42/100
|-status|p2a: Ferrothorn|brn
|
|-weather|RainDance|[upkeep]
|-damage|p2a: Ferrothorn|29/100 brn|[from] brn
|upkeep
|turn|22
|
|t:|1719263763
|move|p1a: Politoed|Scald|p2a: Ferrothorn
|-resisted|p2a: Ferrothorn
|-damage|p2a: Ferrothorn|1/100 brn
|move|p2a: Ferrothorn|Power Whip|p1a: Politoed
|-supereffective|p1a: Politoed
|-damage|p1a: Politoed|0 fnt
|faint|p1a: Politoed
|
|-weather|RainDance|[upkeep]
|-damage|p2a: Ferrothorn|0 fnt|[from] brn
|faint|p2a: Ferrothorn
|upkeep
|
|t:|1719263774
|switch|p1a: Tornadus|Tornadus, M|100/100
|switch|p2a: Excadrill|Excadrill, M|41/100
|-damage|p1a: Tornadus|76/100|[from] Stealth Rock
|-damage|p2a: Excadrill|38/100|[from] Stealth Rock
|turn|23
|c|☆JE COLOR FACTORY|gg
|
|t:|1719263783
|move|p2a: Excadrill|Protect|p2a: Excadrill
|-singleturn|p2a: Excadrill|Protect
|move|p1a: Tornadus|Hurricane|p2a: Excadrill
|-activate|p2a: Excadrill|move: Protect
|
|-weather|RainDance|[upkeep]
|-heal|p2a: Excadrill|44/100|[from] item: Leftovers
|upkeep
|turn|24
|
|t:|1719263791
|move|p1a: Tornadus|Tailwind|p1a: Tornadus
|-sidestart|p1: BWR Monai|move: Tailwind
|move|p2a: Excadrill|Iron Head|p1a: Tornadus
|-damage|p1a: Tornadus|5/100
|
|-weather|RainDance|[upkeep]
|-heal|p2a: Excadrill|50/100|[from] item: Leftovers
|upkeep
|turn|25
|
|t:|1719263796
|move|p2a: Excadrill|Protect|p2a: Excadrill
|-singleturn|p2a: Excadrill|Protect
|move|p1a: Tornadus|Hurricane|p2a: Excadrill
|-activate|p2a: Excadrill|move: Protect
|
|-weather|RainDance|[upkeep]
|-heal|p2a: Excadrill|56/100|[from] item: Leftovers
|upkeep
|turn|26
|
|t:|1719263799
|move|p1a: Tornadus|Hurricane|p2a: Excadrill
|-resisted|p2a: Excadrill
|-damage|p2a: Excadrill|8/100
|move|p2a: Excadrill|Iron Head|p1a: Tornadus
|-damage|p1a: Tornadus|0 fnt
|faint|p1a: Tornadus
|
|-weather|RainDance|[upkeep]
|-heal|p2a: Excadrill|14/100|[from] item: Leftovers
|upkeep
|
|t:|1719263804
|switch|p1a: Dragonite|Dragonite, M|32/100
|-damage|p1a: Dragonite|8/100|[from] Stealth Rock
|turn|27
|
|t:|1719263807
|move|p2a: Excadrill|Protect|p2a: Excadrill
|-singleturn|p2a: Excadrill|Protect
|move|p1a: Dragonite|Extreme Speed|p2a: Excadrill
|-activate|p2a: Excadrill|move: Protect
|
|-weather|RainDance|[upkeep]
|-heal|p2a: Excadrill|20/100|[from] item: Leftovers
|-sideend|p1: BWR Monai|move: Tailwind
|upkeep
|turn|28
|
|t:|1719263811
|move|p1a: Dragonite|Extreme Speed|p2a: Excadrill
|-resisted|p2a: Excadrill
|-damage|p2a: Excadrill|0 fnt
|faint|p2a: Excadrill
|
|win|BWR Monai
|raw|BWR Monai's rating: 1449 &rarr; <strong>1464</strong><br />(+15 for winning)
|raw|JE COLOR FACTORY's rating: 1363 &rarr; <strong>1348</strong><br />(-15 for losing)
|l|☆JE COLOR FACTORY
|player|p2|
