|j|☆Malding
|j|☆TipsyKiwi
|player|p1|Malding|260|1336
|player|p2|TipsyKiwi|197|1387
|teamsize|p1|6
|teamsize|p2|6
|gametype|singles
|gen|5
|tier|[Gen 5] OU
|rated|
|rule|Sleep Clause Mod: Limit one foe put to sleep
|rule|Species Clause: Limit one of each Pokémon
|rule|OHKO Clause: OHKO moves are banned
|rule|Moody Clause: Moody is banned
|rule|Evasion Moves Clause: Evasion moves are banned
|rule|Endless Battle Clause: Forcing endless battles is banned
|rule|HP Percentage Mod: HP is shown in percentages
|rule|Evasion Abilities Clause: Evasion abilities are banned
|rule|Baton Pass Clause: Limit one Baton Passer, can't pass Spe and other stats simultaneously
|rule|Swagger Clause: Swagger is banned
|clearpoke
|poke|p1|Politoed, M|item
|poke|p1|Jirachi|item
|poke|p1|Tentacruel, M|item
|poke|p1|Latias, F|item
|poke|p1|Jellicent, F|item
|poke|p1|Ferrothorn, M|item
|poke|p2|Keldeo-Resolute|item
|poke|p2|Jirachi|item
|poke|p2|Breloom, F|item
|poke|p2|Ferrothorn, F|item
|poke|p2|Politoed, F|item
|poke|p2|Kyurem-Black|item
|teampreview
|
|start
|switch|p1a: Tentacruel|Tentacruel, M|100/100
|switch|p2a: Breloom|Breloom, F|100/100
|turn|1
|inactive|Battle timer is ON: inactive players will automatically lose when time's up. (requested by Malding)
|
|move|p1a: Tentacruel|Substitute|p1a: Tentacruel
|-start|p1a: Tentacruel|Substitute
|-damage|p1a: Tentacruel|76/100
|move|p2a: Breloom|Spore||[still]
|-fail|p2a: Breloom
|
|-heal|p1a: Tentacruel|82/100|[from] item: Black Sludge
|upkeep
|turn|2
|
|move|p1a: Tentacruel|Toxic|p2a: Breloom
|-status|p2a: Breloom|tox
|move|p2a: Breloom|Bullet Seed|p1a: Tentacruel
|-end|p1a: Tentacruel|Substitute
|-damage|p1a: Tentacruel|57/100
|-hitcount|p1a: Tentacruel|2
|-damage|p2a: Breloom|91/100 tox|[from] item: Life Orb
|
|-heal|p1a: Tentacruel|63/100|[from] item: Black Sludge
|-damage|p2a: Breloom|84/100 tox|[from] psn
|upkeep
|turn|3
|
|switch|p1a: Politoed|Politoed, M|100/100
|-weather|RainDance|[from] ability: Drizzle|[of] p1a: Politoed
|move|p2a: Breloom|Bullet Seed|p1a: Politoed
|-supereffective|p1a: Politoed
|-damage|p1a: Politoed|64/100
|-supereffective|p1a: Politoed
|-damage|p1a: Politoed|28/100
|-supereffective|p1a: Politoed
|-damage|p1a: Politoed|0 fnt
|-hitcount|p1a: Politoed|3
|-damage|p2a: Breloom|75/100 tox|[from] item: Life Orb
|faint|p1a: Politoed
|
|-weather|RainDance|[upkeep]
|-damage|p2a: Breloom|62/100 tox|[from] psn
|upkeep
|
|switch|p1a: Latias|Latias, F|100/100
|turn|4
|
|switch|p2a: Ferrothorn|Ferrothorn, F|100/100
|move|p1a: Latias|Substitute|p1a: Latias
|-start|p1a: Latias|Substitute
|-damage|p1a: Latias|75/100
|
|-weather|RainDance|[upkeep]
|-heal|p1a: Latias|82/100|[from] item: Leftovers
|upkeep
|turn|5
|
|switch|p1a: Jirachi|Jirachi|100/100
|move|p2a: Ferrothorn|Gyro Ball|p1a: Jirachi
|-resisted|p1a: Jirachi
|-damage|p1a: Jirachi|79/100
|
|-weather|RainDance|[upkeep]
|-status|p1a: Jirachi|brn|[from] item: Flame Orb
|upkeep
|turn|6
|
|move|p1a: Jirachi|Trick|p2a: Ferrothorn
|-activate|p1a: Jirachi|move: Trick|[of] p2a: Ferrothorn
|-item|p2a: Ferrothorn|Flame Orb|[from] move: Trick
|-item|p1a: Jirachi|Rocky Helmet|[from] move: Trick
|move|p2a: Ferrothorn|Stealth Rock|p1a: Jirachi
|-sidestart|p1: Malding|move: Stealth Rock
|
|-weather|RainDance|[upkeep]
|-damage|p1a: Jirachi|66/100 brn|[from] brn
|-status|p2a: Ferrothorn|brn|[from] item: Flame Orb
|upkeep
|turn|7
|
|switch|p2a: Politoed|Politoed, F, shiny|100/100
|move|p1a: Jirachi|Stealth Rock|p2a: Politoed
|-sidestart|p2: TipsyKiwi|move: Stealth Rock
|
|-weather|RainDance|[upkeep]
|-damage|p1a: Jirachi|54/100 brn|[from] brn
|upkeep
|turn|8
|
|move|p2a: Politoed|Scald|p1a: Jirachi
|-damage|p1a: Jirachi|24/100 brn
|move|p1a: Jirachi|Thunder|p2a: Politoed
|-supereffective|p2a: Politoed
|-damage|p2a: Politoed|51/100
|-status|p2a: Politoed|par
|
|-weather|RainDance|[upkeep]
|-damage|p1a: Jirachi|11/100 brn|[from] brn
|upkeep
|turn|9
|
|move|p1a: Jirachi|Thunder|p2a: Politoed
|-supereffective|p2a: Politoed
|-damage|p2a: Politoed|0 fnt
|faint|p2a: Politoed
|
|-weather|RainDance|[upkeep]
|-damage|p1a: Jirachi|0 fnt|[from] brn
|faint|p1a: Jirachi
|upkeep
|
|switch|p2a: Kyurem|Kyurem-Black|100/100
|switch|p1a: Ferrothorn|Ferrothorn, M|100/100
|-damage|p2a: Kyurem|75/100|[from] Stealth Rock
|-ability|p2a: Kyurem|Teravolt
|-damage|p1a: Ferrothorn|94/100|[from] Stealth Rock
|turn|10
|
|move|p2a: Kyurem|Substitute|p2a: Kyurem
|-start|p2a: Kyurem|Substitute
|-damage|p2a: Kyurem|50/100
|move|p1a: Ferrothorn|Gyro Ball|p2a: Kyurem
|-supereffective|p2a: Kyurem
|-end|p2a: Kyurem|Substitute
|
|-weather|RainDance|[upkeep]
|-heal|p1a: Ferrothorn|100/100|[from] item: Leftovers
|upkeep
|turn|11
|
|move|p2a: Kyurem|Freeze Shock||[still]
|-prepare|p2a: Kyurem|Freeze Shock|p1a: Ferrothorn
|-enditem|p2a: Kyurem|Power Herb
|-anim|p2a: Kyurem|Freeze Shock|p1a: Ferrothorn
|-damage|p1a: Ferrothorn|31/100
|move|p1a: Ferrothorn|Gyro Ball|p2a: Kyurem
|-supereffective|p2a: Kyurem
|-damage|p2a: Kyurem|0 fnt
|faint|p2a: Kyurem
|
|-weather|RainDance|[upkeep]
|-heal|p1a: Ferrothorn|38/100|[from] item: Leftovers
|upkeep
|
|switch|p2a: Breloom|Breloom, F|62/100 tox
|-damage|p2a: Breloom|56/100 tox|[from] Stealth Rock
|turn|12
|
|move|p2a: Breloom|Low Sweep|p1a: Ferrothorn
|-supereffective|p1a: Ferrothorn
|-damage|p1a: Ferrothorn|0 fnt
|-damage|p2a: Breloom|44/100 tox|[from] ability: Iron Barbs|[of] p1a: Ferrothorn
|-damage|p2a: Breloom|34/100 tox|[from] item: Life Orb
|faint|p1a: Ferrothorn
|
|-weather|RainDance|[upkeep]
|-damage|p2a: Breloom|28/100 tox|[from] psn
|upkeep
|
|switch|p1a: Latias|Latias, F|82/100
|-damage|p1a: Latias|69/100|[from] Stealth Rock
|turn|13
|
|move|p1a: Latias|Substitute|p1a: Latias
|-start|p1a: Latias|Substitute
|-damage|p1a: Latias|44/100
|move|p2a: Breloom|Low Sweep|p1a: Latias
|-resisted|p1a: Latias
|-activate|p1a: Latias|Substitute|[damage]
|-damage|p2a: Breloom|18/100 tox|[from] item: Life Orb
|
|-weather|RainDance|[upkeep]
|-heal|p1a: Latias|50/100|[from] item: Leftovers
|-damage|p2a: Breloom|6/100 tox|[from] psn
|upkeep
|turn|14
|
|move|p2a: Breloom|Mach Punch|p1a: Latias
|-resisted|p1a: Latias
|-end|p1a: Latias|Substitute
|-damage|p2a: Breloom|0 fnt|[from] item: Life Orb
|faint|p2a: Breloom
|move|p1a: Latias|Roost|p1a: Latias
|-heal|p1a: Latias|99/100
|-singleturn|p1a: Latias|move: Roost
|
|-weather|RainDance|[upkeep]
|-heal|p1a: Latias|100/100|[from] item: Leftovers
|upkeep
|
|switch|p2a: Jirachi|Jirachi|100/100
|-damage|p2a: Jirachi|94/100|[from] Stealth Rock
|turn|15
|
|move|p2a: Jirachi|Substitute|p2a: Jirachi
|-start|p2a: Jirachi|Substitute
|-damage|p2a: Jirachi|69/100
|move|p1a: Latias|Substitute|p1a: Latias
|-start|p1a: Latias|Substitute
|-damage|p1a: Latias|75/100
|
|-weather|RainDance|[upkeep]
|-heal|p2a: Jirachi|75/100|[from] item: Leftovers
|-heal|p1a: Latias|82/100|[from] item: Leftovers
|upkeep
|turn|16
|
|move|p2a: Jirachi|Calm Mind|p2a: Jirachi
|-boost|p2a: Jirachi|spa|1
|-boost|p2a: Jirachi|spd|1
|move|p1a: Latias|Calm Mind|p1a: Latias
|-boost|p1a: Latias|spa|1
|-boost|p1a: Latias|spd|1
|
|-weather|RainDance|[upkeep]
|-heal|p2a: Jirachi|82/100|[from] item: Leftovers
|-heal|p1a: Latias|88/100|[from] item: Leftovers
|upkeep
|turn|17
|
|move|p2a: Jirachi|Calm Mind|p2a: Jirachi
|-boost|p2a: Jirachi|spa|1
|-boost|p2a: Jirachi|spd|1
|move|p1a: Latias|Calm Mind|p1a: Latias
|-boost|p1a: Latias|spa|1
|-boost|p1a: Latias|spd|1
|
|-weather|RainDance|[upkeep]
|-heal|p2a: Jirachi|88/100|[from] item: Leftovers
|-heal|p1a: Latias|94/100|[from] item: Leftovers
|upkeep
|turn|18
|
|move|p2a: Jirachi|Calm Mind|p2a: Jirachi
|-boost|p2a: Jirachi|spa|1
|-boost|p2a: Jirachi|spd|1
|move|p1a: Latias|Calm Mind|p1a: Latias
|-boost|p1a: Latias|spa|1
|-boost|p1a: Latias|spd|1
|
|-weather|RainDance|[upkeep]
|-heal|p2a: Jirachi|94/100|[from] item: Leftovers
|-heal|p1a: Latias|99/100|[from] item: Leftovers
|upkeep
|turn|19
|
|move|p2a: Jirachi|Calm Mind|p2a: Jirachi
|-boost|p2a: Jirachi|spa|1
|-boost|p2a: Jirachi|spd|1
|move|p1a: Latias|Calm Mind|p1a: Latias
|-boost|p1a: Latias|spa|1
|-boost|p1a: Latias|spd|1
|
|-weather|RainDance|[upkeep]
|-heal|p2a: Jirachi|99/100|[from] item: Leftovers
|-heal|p1a: Latias|100/100|[from] item: Leftovers
|upkeep
|turn|20
|
|move|p2a: Jirachi|Psyshock|p1a: Latias
|-resisted|p1a: Latias
|-end|p1a: Latias|Substitute
|move|p1a: Latias|Calm Mind|p1a: Latias
|-boost|p1a: Latias|spa|1
|-boost|p1a: Latias|spd|1
|
|-weather|RainDance|[upkeep]
|-heal|p2a: Jirachi|100/100|[from] item: Leftovers
|upkeep
|turn|21
|
|move|p2a: Jirachi|Calm Mind|p2a: Jirachi
|-boost|p2a: Jirachi|spa|1
|-boost|p2a: Jirachi|spd|1
|move|p1a: Latias|Calm Mind|p1a: Latias
|-boost|p1a: Latias|spa|1
|-boost|p1a: Latias|spd|1
|
|-weather|RainDance|[upkeep]
|upkeep
|turn|22
|
|move|p2a: Jirachi|Thunder|p1a: Latias
|-resisted|p1a: Latias
|-damage|p1a: Latias|92/100
|-status|p1a: Latias|par
|move|p1a: Latias|Substitute|p1a: Latias
|-start|p1a: Latias|Substitute
|-damage|p1a: Latias|67/100 par
|
|-weather|RainDance|[upkeep]
|-heal|p1a: Latias|73/100 par|[from] item: Leftovers
|upkeep
|turn|23
|
|move|p2a: Jirachi|Calm Mind|p2a: Jirachi
|-boost|p2a: Jirachi|spa|1
|-boost|p2a: Jirachi|spd|1
|move|p1a: Latias|Dragon Pulse|p2a: Jirachi
|-resisted|p2a: Jirachi
|-activate|p2a: Jirachi|Substitute|[damage]
|
|-weather|RainDance|[upkeep]
|-heal|p1a: Latias|79/100 par|[from] item: Leftovers
|upkeep
|turn|24
|c|☆Malding|why
|c|☆Malding|why are you meanieing in hax
|c|☆Malding|every time
|c|☆TipsyKiwi|2/3 chance my dude
|c|☆Malding|niggger level hax
|c|☆Malding|sigh
|c|☆Malding|dont cheat
|c|☆TipsyKiwi|dude
|c|☆Malding|you have no spinner on a team weak to spikes
|inactive|Malding has 120 seconds left.
|inactive|TipsyKiwi has 120 seconds left.
|c|☆TipsyKiwi|why do you think I'm actually cheating
|c|☆Malding|you cant use skill to kill
|c|☆Malding|only hax
|c|☆TipsyKiwi|I just lost a game in part due to an icy wind miss
|c|☆TipsyKiwi|it happens
|c|☆Malding|idc
|c|☆Malding|3 times
|c|☆Malding|youve lost to me
|c|☆Malding|nigggering in hax
|c|☆TipsyKiwi|no, I haven't
|c|☆Malding|literally i hope you die
|l|☆Malding
|inactive|Malding disconnected and has a minute to reconnect!
|player|p1|
|inactive|Malding has 30 seconds to reconnect!
|inactive|Malding has 20 seconds to reconnect!
|inactive|Malding has 15 seconds to reconnect!
|inactive|Malding has 10 seconds to reconnect!
|inactive|Malding has 5 seconds to reconnect!
|-message|Malding lost due to inactivity.
|
|win|TipsyKiwi
|raw|Malding's rating: 1336 &rarr; <strong>1319</strong><br />(-17 for losing)
|raw|TipsyKiwi's rating: 1387 &rarr; <strong>1404</strong><br />(+17 for winning)
