|j|☆phosphor
|j|☆Crimsonbacon38
|t:|1722619659
|gametype|singles
|player|p1|phosphor|#phosphor|1367
|player|p2|Crimsonbacon38|barry|1325
|teamsize|p1|6
|teamsize|p2|6
|gen|5
|tier|[Gen 5] OU
|rated|
|rule|Species Clause: Limit one of each Pokémon
|rule|OHKO Clause: OHKO moves are banned
|rule|Moody Clause: Moody is banned
|rule|Evasion Items Clause: Evasion items are banned
|rule|Evasion Moves Clause: Evasion moves are banned
|rule|Endless Battle Clause: Forcing endless battles is banned
|rule|HP Percentage Mod: HP is shown in percentages
|rule|Evasion Abilities Clause: Evasion abilities are banned
|rule|Sleep Moves Clause: Sleep-inducing moves are banned
|rule|Swagger Clause: Swagger is banned
|rule|Baton Pass Stat Clause: No Baton Passer may have a way to boost its stats
|clearpoke
|poke|p1|Landorus-Therian, M|item
|poke|p1|Starmie|item
|poke|p1|Dragonite, M|item
|poke|p1|Mamoswine, F|item
|poke|p1|Jirachi|item
|poke|p1|Metagross|item
|poke|p2|Tyranitar, M|item
|poke|p2|Excadrill, F|item
|poke|p2|Celebi|item
|poke|p2|Rotom-Wash|item
|poke|p2|Scizor, M|item
|poke|p2|Garchomp, M|item
|teampreview
|c|☆phosphor|gl hf
|
|t:|1722619682
|start
|switch|p1a: Jirachi|Jirachi|100/100
|switch|p2a: Tyranitar|Tyranitar, M|100/100
|-weather|Sandstorm|[from] ability: Sand Stream|[of] p2a: Tyranitar
|turn|1
|c|☆Crimsonbacon38|Hello phosphor
|c|☆Crimsonbacon38|glhf
|
|t:|1722619710
|switch|p2a: Garchomp|Garchomp, M|100/100
|move|p1a: Jirachi|Calm Mind|p1a: Jirachi
|-boost|p1a: Jirachi|spa|1
|-boost|p1a: Jirachi|spd|1
|
|-weather|Sandstorm|[upkeep]
|upkeep
|turn|2
|
|t:|1722619728
|switch|p1a: Starmie|Starmie|100/100
|-item|p1a: Starmie|Air Balloon
|move|p2a: Garchomp|Stealth Rock|p1a: Starmie
|-sidestart|p1: phosphor|move: Stealth Rock
|
|-weather|Sandstorm|[upkeep]
|-damage|p1a: Starmie|94/100|[from] Sandstorm
|upkeep
|turn|3
|
|t:|1722619741
|switch|p2a: Scizor|Scizor, M|100/100
|move|p1a: Starmie|Ice Beam|p2a: Scizor
|-resisted|p2a: Scizor
|-damage|p2a: Scizor|75/100
|
|-weather|Sandstorm|[upkeep]
|-damage|p1a: Starmie|88/100|[from] Sandstorm
|upkeep
|turn|4
|
|t:|1722619754
|-activate|p1a: Starmie|move: Pursuit
|move|p2a: Scizor|Pursuit|p1a: Starmie|[from]Pursuit
|-supereffective|p1a: Starmie
|-damage|p1a: Starmie|0 fnt
|-enditem|p1a: Starmie|Air Balloon
|faint|p1a: Starmie
|-hint|A Pokemon can't switch between when it runs out of HP and when it faints
|
|-weather|Sandstorm|[upkeep]
|upkeep
|
|t:|1722619756
|switch|p1a: Landorus|Landorus-Therian, M|100/100
|-damage|p1a: Landorus|88/100|[from] Stealth Rock
|-ability|p1a: Landorus|Intimidate|boost
|-unboost|p2a: Scizor|atk|1
|turn|5
|
|t:|1722619760
|switch|p2a: Rotom|Rotom-Wash|100/100
|move|p1a: Landorus|Stealth Rock|p2a: Rotom
|-sidestart|p2: Crimsonbacon38|move: Stealth Rock
|
|-weather|Sandstorm|[upkeep]
|-damage|p2a: Rotom|94/100|[from] Sandstorm
|-heal|p2a: Rotom|100/100|[from] item: Leftovers
|upkeep
|turn|6
|
|t:|1722619766
|move|p1a: Landorus|Explosion|p2a: Rotom
|-damage|p2a: Rotom|30/100
|faint|p1a: Landorus
|move|p2a: Rotom|Will-O-Wisp|p1: Landorus|[notarget]
|-fail|p2a: Rotom
|
|-weather|Sandstorm|[upkeep]
|-damage|p2a: Rotom|24/100|[from] Sandstorm
|-heal|p2a: Rotom|30/100|[from] item: Leftovers
|upkeep
|
|t:|1722619777
|switch|p1a: Jirachi|Jirachi|100/100
|-damage|p1a: Jirachi|95/100|[from] Stealth Rock
|turn|7
|
|t:|1722619782
|move|p1a: Jirachi|Psychic|p2a: Rotom
|-damage|p2a: Rotom|0 fnt
|faint|p2a: Rotom
|
|-weather|Sandstorm|[upkeep]
|-heal|p1a: Jirachi|100/100|[from] item: Leftovers
|upkeep
|
|t:|1722619804
|switch|p2a: Excadrill|Excadrill, F|100/100
|-damage|p2a: Excadrill|97/100|[from] Stealth Rock
|turn|8
|
|t:|1722619812
|move|p1a: Jirachi|Hidden Power|p2a: Excadrill
|-supereffective|p2a: Excadrill
|-crit|p2a: Excadrill
|-damage|p2a: Excadrill|20/100
|move|p2a: Excadrill|Earthquake|p1a: Jirachi
|-supereffective|p1a: Jirachi
|-damage|p1a: Jirachi|0 fnt
|faint|p1a: Jirachi
|
|-weather|Sandstorm|[upkeep]
|-heal|p2a: Excadrill|26/100|[from] item: Leftovers
|upkeep
|
|t:|1722619819
|switch|p1a: Dragonite|Dragonite, M|100/100
|-damage|p1a: Dragonite|76/100|[from] Stealth Rock
|turn|9
|
|t:|1722619827
|move|p2a: Excadrill|Iron Head|p1a: Dragonite
|-damage|p1a: Dragonite|17/100
|move|p1a: Dragonite|Superpower|p2a: Excadrill
|-supereffective|p2a: Excadrill
|-crit|p2a: Excadrill
|-damage|p2a: Excadrill|0 fnt
|-unboost|p1a: Dragonite|atk|1
|-unboost|p1a: Dragonite|def|1
|faint|p2a: Excadrill
|
|-weather|Sandstorm|[upkeep]
|-damage|p1a: Dragonite|11/100|[from] Sandstorm
|upkeep
|
|t:|1722619830
|switch|p2a: Scizor|Scizor, M|75/100
|-damage|p2a: Scizor|62/100|[from] Stealth Rock
|turn|10
|
|t:|1722619840
|move|p1a: Dragonite|Extreme Speed|p2a: Scizor
|-resisted|p2a: Scizor
|-damage|p2a: Scizor|50/100
|move|p2a: Scizor|U-turn|p1a: Dragonite
|-resisted|p1a: Dragonite
|-damage|p1a: Dragonite|0 fnt
|faint|p1a: Dragonite
|
|t:|1722619853
|switch|p2a: Garchomp|Garchomp, M|100/100|[from] U-turn
|-damage|p2a: Garchomp|94/100|[from] Stealth Rock
|
|-weather|Sandstorm|[upkeep]
|-heal|p2a: Garchomp|100/100|[from] item: Leftovers
|upkeep
|
|t:|1722619856
|switch|p1a: Mamoswine|Mamoswine, F|100/100
|-damage|p1a: Mamoswine|88/100|[from] Stealth Rock
|turn|11
|
|t:|1722619861
|switch|p2a: Scizor|Scizor, M|50/100
|-damage|p2a: Scizor|37/100|[from] Stealth Rock
|move|p1a: Mamoswine|Ice Shard|p2a: Scizor
|-resisted|p2a: Scizor
|-damage|p2a: Scizor|24/100
|
|-weather|Sandstorm|[upkeep]
|upkeep
|turn|12
|
|t:|1722619876
|move|p1a: Mamoswine|Earthquake|p2a: Scizor
|-damage|p2a: Scizor|0 fnt
|faint|p2a: Scizor
|
|-weather|Sandstorm|[upkeep]
|upkeep
|
|t:|1722619883
|switch|p2a: Tyranitar|Tyranitar, M|100/100
|-damage|p2a: Tyranitar|88/100|[from] Stealth Rock
|turn|13
|l|☆Crimsonbacon38
|player|p2|
|j|☆Crimsonbacon38
|player|p2|Crimsonbacon38|barry|
|
|t:|1722619918
|move|p2a: Tyranitar|Superpower|p1a: Mamoswine
|-supereffective|p1a: Mamoswine
|-damage|p1a: Mamoswine|0 fnt
|-unboost|p2a: Tyranitar|atk|1
|-unboost|p2a: Tyranitar|def|1
|faint|p1a: Mamoswine
|
|-weather|Sandstorm|[upkeep]
|upkeep
|
|t:|1722619920
|switch|p1a: Metagross|Metagross|100/100
|-damage|p1a: Metagross|95/100|[from] Stealth Rock
|turn|14
|
|t:|1722619929
|move|p2a: Tyranitar|Superpower|p1a: Metagross
|-damage|p1a: Metagross|70/100
|-unboost|p2a: Tyranitar|atk|1
|-unboost|p2a: Tyranitar|def|1
|move|p1a: Metagross|Agility|p1a: Metagross
|-boost|p1a: Metagross|spe|2
|
|-weather|Sandstorm|[upkeep]
|upkeep
|turn|15
|
|t:|1722619939
|switch|p2a: Celebi|Celebi|100/100
|-damage|p2a: Celebi|88/100|[from] Stealth Rock
|move|p1a: Metagross|Meteor Mash|p2a: Celebi
|-damage|p2a: Celebi|25/100
|-boost|p1a: Metagross|atk|1
|-damage|p1a: Metagross|60/100|[from] item: Life Orb
|
|-weather|Sandstorm|[upkeep]
|-damage|p2a: Celebi|19/100|[from] Sandstorm
|-heal|p2a: Celebi|25/100|[from] item: Leftovers
|upkeep
|turn|16
|
|t:|1722619946
|move|p1a: Metagross|Meteor Mash|p2a: Celebi
|-damage|p2a: Celebi|0 fnt
|-boost|p1a: Metagross|atk|1
|faint|p2a: Celebi
|-damage|p1a: Metagross|50/100|[from] item: Life Orb
|
|-weather|Sandstorm|[upkeep]
|upkeep
|
|t:|1722619952
|switch|p2a: Tyranitar|Tyranitar, M|88/100
|-damage|p2a: Tyranitar|76/100|[from] Stealth Rock
|turn|17
|
|t:|1722619955
|move|p1a: Metagross|Meteor Mash|p2a: Tyranitar
|-supereffective|p2a: Tyranitar
|-damage|p2a: Tyranitar|0 fnt
|faint|p2a: Tyranitar
|-damage|p1a: Metagross|41/100|[from] item: Life Orb
|
|-weather|Sandstorm|[upkeep]
|upkeep
|
|t:|1722619958
|switch|p2a: Garchomp|Garchomp, M|100/100
|-damage|p2a: Garchomp|94/100|[from] Stealth Rock
|turn|18
|
|t:|1722619961
|move|p1a: Metagross|Meteor Mash|p2a: Garchomp
|-crit|p2a: Garchomp
|-damage|p2a: Garchomp|0 fnt
|-damage|p1a: Metagross|28/100|[from] ability: Rough Skin|[of] p2a: Garchomp
|faint|p2a: Garchomp
|-damage|p1a: Metagross|18/100|[from] item: Life Orb
|
|win|phosphor
|raw|phosphor's rating: 1367 &rarr; <strong>1385</strong><br />(+18 for winning)
|raw|Crimsonbacon38's rating: 1325 &rarr; <strong>1307</strong><br />(-18 for losing)
|c|☆phosphor|gg
|c|☆Crimsonbacon38|gg
|l|☆phosphor
|player|p1|
