|j|☆testbwou
|j|☆nonlibraryhail
|t:|1708684416
|gametype|singles
|player|p1|testbwou|2|1294
|player|p2|nonlibraryhail|miku-psychic|1434
|teamsize|p1|6
|teamsize|p2|6
|gen|5
|tier|[Gen 5] OU
|rated|
|rule|Species Clause: Limit one of each Pokémon
|rule|OHKO Clause: OHKO moves are banned
|rule|Moody Clause: Moody is banned
|rule|Evasion Items Clause: Evasion items are banned
|rule|Evasion Moves Clause: Evasion moves are banned
|rule|Endless Battle Clause: Forcing endless battles is banned
|rule|HP Percentage Mod: HP is shown in percentages
|rule|Evasion Abilities Clause: Evasion abilities are banned
|rule|Sleep Moves Clause: Sleep-inducing moves are banned
|rule|Swagger Clause: Swagger is banned
|rule|Baton Pass Stat Clause: No Baton Passer may have a way to boost its stats
|clearpoke
|poke|p1|Riolu, M|item
|poke|p1|Forretress, F|item
|poke|p1|Shedinja|item
|poke|p1|Politoed, M|item
|poke|p1|Gengar, F|item
|poke|p1|Starmie|item
|poke|p2|Abomasnow, F|item
|poke|p2|Mamoswine, M|item
|poke|p2|Cloyster, F|item
|poke|p2|Salamence, M|item
|poke|p2|Starmie|item
|poke|p2|Jirachi|item
|teampreview
|inactive|Battle timer is ON: inactive players will automatically lose when time's up. (requested by nonlibraryhail)
|
|t:|1708684421
|start
|switch|p1a: Forretress|Forretress, F|100/100
|switch|p2a: Abomasnow|Abomasnow, F, shiny|100/100
|-weather|Hail|[from] ability: Snow Warning|[of] p2a: Abomasnow
|turn|1
|
|t:|1708684423
|move|p2a: Abomasnow|Hidden Power|p1a: Forretress
|-supereffective|p1a: Forretress
|-ability|p1a: Forretress|Sturdy
|-damage|p1a: Forretress|1/100
|move|p1a: Forretress|Stealth Rock|p2a: Abomasnow
|-sidestart|p2: nonlibraryhail|move: Stealth Rock
|
|-weather|Hail|[upkeep]
|-damage|p1a: Forretress|0 fnt|[from] Hail
|faint|p1a: Forretress
|upkeep
|
|t:|1708684451
|switch|p1a: Politoed|Politoed, M|100/100
|-weather|RainDance|[from] ability: Drizzle|[of] p1a: Politoed
|turn|2
|
|t:|1708684456
|switch|p1a: Gengar|Gengar, F|100/100
|switch|p2a: Starmie|Starmie|100/100
|-damage|p2a: Starmie|88/100|[from] Stealth Rock
|-item|p2a: Starmie|Air Balloon
|
|-weather|RainDance|[upkeep]
|upkeep
|turn|3
|
|t:|1708684464
|switch|p1a: Shedinja|Shedinja|100/100
|move|p2a: Starmie|Hydro Pump|p1a: Shedinja
|-immune|p1a: Shedinja|[from] ability: Wonder Guard
|
|-weather|RainDance|[upkeep]
|upkeep
|turn|4
|j| SKT T1 Motherfaker
|
|t:|1708684468
|switch|p2a: Jirachi|Jirachi|100/100
|-damage|p2a: Jirachi|94/100|[from] Stealth Rock
|switch|p1a: Gengar|Gengar, F|100/100
|
|-weather|RainDance|[upkeep]
|upkeep
|turn|5
|
|t:|1708684471
|switch|p1a: Shedinja|Shedinja|100/100
|move|p2a: Jirachi|Stealth Rock|p1a: Shedinja
|-sidestart|p1: testbwou|move: Stealth Rock
|
|-weather|RainDance|[upkeep]
|upkeep
|turn|6
|
|t:|1708684496
|switch|p2a: Abomasnow|Abomasnow, F, shiny|100/100
|-damage|p2a: Abomasnow|76/100|[from] Stealth Rock
|-weather|Hail|[from] ability: Snow Warning|[of] p2a: Abomasnow
|move|p1a: Shedinja|X-Scissor|p2a: Abomasnow
|-supereffective|p2a: Abomasnow
|-damage|p2a: Abomasnow|0 fnt
|faint|p2a: Abomasnow
|
|-weather|Hail|[upkeep]
|-damage|p1a: Shedinja|0 fnt|[from] Hail
|faint|p1a: Shedinja
|upkeep
|
|t:|1708684505
|switch|p2a: Starmie|Starmie|88/100
|switch|p1a: Politoed|Politoed, M|100/100
|-damage|p1a: Politoed|88/100|[from] Stealth Rock
|-weather|RainDance|[from] ability: Drizzle|[of] p1a: Politoed
|-damage|p2a: Starmie|76/100|[from] Stealth Rock
|-item|p2a: Starmie|Air Balloon
|turn|7
|
|t:|1708684509
|move|p1a: Politoed|Hidden Power|p2a: Starmie
|-supereffective|p2a: Starmie
|-damage|p2a: Starmie|21/100
|-enditem|p2a: Starmie|Air Balloon
|move|p2a: Starmie|Hydro Pump|p1a: Politoed
|-resisted|p1a: Politoed
|-damage|p1a: Politoed|34/100
|
|-weather|RainDance|[upkeep]
|upkeep
|turn|8
|
|t:|1708684513
|switch|p2a: Jirachi|Jirachi|94/100
|-damage|p2a: Jirachi|88/100|[from] Stealth Rock
|move|p1a: Politoed|Hidden Power|p2a: Jirachi
|-resisted|p2a: Jirachi
|-damage|p2a: Jirachi|81/100
|
|-weather|RainDance|[upkeep]
|upkeep
|turn|9
|
|t:|1708684517
|move|p1a: Politoed|Hidden Power|p2a: Jirachi
|-resisted|p2a: Jirachi
|-damage|p2a: Jirachi|74/100
|move|p2a: Jirachi|U-turn|p1a: Politoed
|-damage|p1a: Politoed|13/100
|
|t:|1708684522
|switch|p2a: Salamence|Salamence, M|100/100|[from] U-turn
|-damage|p2a: Salamence|76/100|[from] Stealth Rock
|
|-weather|RainDance|[upkeep]
|upkeep
|turn|10
|
|t:|1708684526
|move|p2a: Salamence|Dragon Claw|p1a: Politoed
|-damage|p1a: Politoed|0 fnt
|faint|p1a: Politoed
|-ability|p2a: Salamence|Moxie|boost
|-boost|p2a: Salamence|atk|1
|
|-weather|RainDance|[upkeep]
|upkeep
|
|t:|1708684532
|switch|p1a: Riolu|Riolu, M|100/100
|-damage|p1a: Riolu|95/100|[from] Stealth Rock
|turn|11
|
|t:|1708684555
|switch|p2a: Jirachi|Jirachi|74/100
|-damage|p2a: Jirachi|68/100|[from] Stealth Rock
|move|p1a: Riolu|Copycat|p1a: Riolu
|move|p1a: Riolu|Dragon Claw|p2a: Jirachi|[from]move: Copycat
|-resisted|p2a: Jirachi
|-damage|p2a: Jirachi|62/100
|-damage|p1a: Riolu|78/100|[from] item: Rocky Helmet|[of] p2a: Jirachi
|
|-weather|RainDance|[upkeep]
|upkeep
|turn|12
|
|t:|1708684574
|move|p2a: Jirachi|Body Slam|p1a: Riolu
|-damage|p1a: Riolu|15/100
|-status|p1a: Riolu|par
|move|p1a: Riolu|Roar|p2a: Jirachi
|drag|p2a: Salamence|Salamence, M|76/100
|-damage|p2a: Salamence|51/100|[from] Stealth Rock
|
|-weather|RainDance|[upkeep]
|upkeep
|turn|13
|
|t:|1708684579
|move|p1a: Riolu|Copycat|p1a: Riolu
|move|p1a: Riolu|Roar|p2a: Salamence|[from]move: Copycat
|drag|p2a: Mamoswine|Mamoswine, M|100/100
|-damage|p2a: Mamoswine|88/100|[from] Stealth Rock
|
|-weather|RainDance|[upkeep]
|upkeep
|turn|14
|
|t:|1708684585
|move|p2a: Mamoswine|Ice Shard|p1a: Riolu
|-damage|p1a: Riolu|0 fnt
|faint|p1a: Riolu
|
|-weather|RainDance|[upkeep]
|upkeep
|
|t:|1708684588
|switch|p1a: Starmie|Starmie|100/100
|-damage|p1a: Starmie|88/100|[from] Stealth Rock
|turn|15
|
|t:|1708684590
|move|p1a: Starmie|Surf|p2a: Mamoswine
|-supereffective|p2a: Mamoswine
|-damage|p2a: Mamoswine|0 fnt
|faint|p2a: Mamoswine
|-damage|p1a: Starmie|78/100|[from] item: Life Orb
|
|-weather|RainDance|[upkeep]
|upkeep
|
|t:|1708684594
|switch|p2a: Salamence|Salamence, M|51/100
|-damage|p2a: Salamence|26/100|[from] Stealth Rock
|turn|16
|
|t:|1708684597
|move|p2a: Salamence|Outrage|p1a: Starmie
|-damage|p1a: Starmie|0 fnt
|faint|p1a: Starmie
|-ability|p2a: Salamence|Moxie|boost
|-boost|p2a: Salamence|atk|1
|
|-weather|RainDance|[upkeep]
|upkeep
|
|t:|1708684599
|switch|p1a: Gengar|Gengar, F|100/100
|-damage|p1a: Gengar|88/100|[from] Stealth Rock
|turn|17
|
|t:|1708684601
|move|p2a: Salamence|Outrage|p1a: Gengar|[from]lockedmove
|-damage|p1a: Gengar|0 fnt
|faint|p1a: Gengar
|-ability|p2a: Salamence|Moxie|boost
|-boost|p2a: Salamence|atk|1
|
|win|nonlibraryhail
|raw|testbwou's rating: 1333 &rarr; <strong>1319</strong><br />(-14 for losing)
|raw|nonlibraryhail's rating: 1434 &rarr; <strong>1448</strong><br />(+14 for winning)
|l|☆testbwou
|player|p1|
|l|☆nonlibraryhail
|player|p2|
