|j|☆Tamanivalu
|j|☆CroCoeur
|player|p1|Tamanivalu|lucas|1525
|player|p2|CroCoeur|blue|1404
|teamsize|p1|6
|teamsize|p2|6
|gametype|singles
|gen|5
|tier|[Gen 5] OU
|rated|
|clearpoke
|poke|p1|Politoed, M|item
|poke|p1|Jirachi|item
|poke|p1|Ferrothorn, M|item
|poke|p1|Landorus-Therian, M|item
|poke|p1|Latias, F|item
|poke|p1|Tentacruel, M|item
|poke|p2|Politoed, M|item
|poke|p2|Vaporeon, F|item
|poke|p2|Celebi|item
|poke|p2|Ferrothorn, M|item
|poke|p2|Latios, M|item
|poke|p2|Jirachi|item
|rule|Species Clause: Limit one of each Pokémon
|rule|OHKO Clause: OHKO moves are banned
|rule|Moody Clause: Moody is banned
|rule|Evasion Moves Clause: Evasion moves are banned
|rule|Endless Battle Clause: Forcing endless battles is banned
|rule|HP Percentage Mod: HP is shown in percentages
|rule|Evasion Abilities Clause: Evasion abilities are banned
|rule|Baton Pass Clause: Limit one Baton Passer, can't pass Spe and other stats simultaneously
|rule|Sleep Clause: Sleep-inducing moves are banned
|rule|Swagger Clause: Swagger is banned
|teampreview
|
|start
|switch|p1a: Ferrothorn|Ferrothorn, M|100/100
|switch|p2a: Ferrothorn|Ferrothorn, M|100/100
|turn|1
|inactive|Battle timer is ON: inactive players will automatically lose when time's up. (requested by Tamanivalu)
|
|move|p1a: Ferrothorn|Spikes|p2a: Ferrothorn
|-sidestart|p2: CroCoeur|Spikes
|move|p2a: Ferrothorn|Stealth Rock|p1a: Ferrothorn
|-sidestart|p1: Tamanivalu|move: Stealth Rock
|
|upkeep
|turn|2
|
|move|p1a: Ferrothorn|Spikes|p2a: Ferrothorn
|-sidestart|p2: CroCoeur|Spikes
|move|p2a: Ferrothorn|Spikes|p1a: Ferrothorn
|-sidestart|p1: Tamanivalu|Spikes
|
|upkeep
|turn|3
|
|move|p1a: Ferrothorn|Spikes|p2a: Ferrothorn
|-sidestart|p2: CroCoeur|Spikes
|move|p2a: Ferrothorn|Spikes|p1a: Ferrothorn
|-sidestart|p1: Tamanivalu|Spikes
|
|upkeep
|turn|4
|
|switch|p1a: Latias|Latias, F|100/100
|-damage|p1a: Latias|88/100|[from] Stealth Rock
|move|p2a: Ferrothorn|Leech Seed|p1a: Latias
|-start|p1a: Latias|move: Leech Seed
|
|-heal|p1a: Latias|94/100|[from] item: Leftovers
|-damage|p1a: Latias|82/100|[from] Leech Seed|[of] p2a: Ferrothorn
|upkeep
|turn|5
|
|switch|p1a: Tentacruel|Tentacruel, M|100/100
|-damage|p1a: Tentacruel|88/100|[from] Stealth Rock
|-damage|p1a: Tentacruel|72/100|[from] Spikes
|move|p2a: Ferrothorn|Power Whip|p1a: Tentacruel|[miss]
|-miss|p2a: Ferrothorn|p1a: Tentacruel
|
|-heal|p1a: Tentacruel|78/100|[from] item: Leftovers
|upkeep
|turn|6
|
|move|p1a: Tentacruel|Rapid Spin|p2a: Ferrothorn
|-resisted|p2a: Ferrothorn
|-damage|p2a: Ferrothorn|99/100
|-damage|p1a: Tentacruel|65/100|[from] ability: Iron Barbs|[of] p2a: Ferrothorn
|-sideend|p1: Tamanivalu|Spikes|[from] move: Rapid Spin|[of] p1a: Tentacruel
|-sideend|p1: Tamanivalu|Stealth Rock|[from] move: Rapid Spin|[of] p1a: Tentacruel
|move|p2a: Ferrothorn|Power Whip|p1a: Tentacruel
|-damage|p1a: Tentacruel|31/100
|
|-heal|p1a: Tentacruel|37/100|[from] item: Leftovers
|-heal|p2a: Ferrothorn|100/100|[from] item: Leftovers
|upkeep
|turn|7
|
|switch|p1a: Politoed|Politoed, M|100/100
|-weather|RainDance|[from] ability: Drizzle|[of] p1a: Politoed
|move|p2a: Ferrothorn|Leech Seed|p1a: Politoed|[miss]
|-miss|p2a: Ferrothorn|p1a: Politoed
|
|-weather|RainDance|[upkeep]
|upkeep
|turn|8
|
|switch|p1a: Latias|Latias, F|82/100
|move|p2a: Ferrothorn|Stealth Rock|p1a: Latias
|-sidestart|p1: Tamanivalu|move: Stealth Rock
|
|-weather|RainDance|[upkeep]
|-heal|p1a: Latias|88/100|[from] item: Leftovers
|upkeep
|turn|9
|
|move|p1a: Latias|Substitute|p1a: Latias
|-start|p1a: Latias|Substitute
|-damage|p1a: Latias|63/100
|move|p2a: Ferrothorn|Spikes|p1a: Latias
|-sidestart|p1: Tamanivalu|Spikes
|
|-weather|RainDance|[upkeep]
|-heal|p1a: Latias|69/100|[from] item: Leftovers
|upkeep
|turn|10
|
|move|p1a: Latias|Calm Mind|p1a: Latias
|-boost|p1a: Latias|spa|1
|-boost|p1a: Latias|spd|1
|move|p2a: Ferrothorn|Spikes|p1a: Latias
|-sidestart|p1: Tamanivalu|Spikes
|
|-weather|RainDance|[upkeep]
|-heal|p1a: Latias|75/100|[from] item: Leftovers
|upkeep
|turn|11
|
|move|p1a: Latias|Dragon Pulse|p2a: Ferrothorn
|-resisted|p2a: Ferrothorn
|-damage|p2a: Ferrothorn|82/100
|move|p2a: Ferrothorn|Spikes|p1a: Latias
|-sidestart|p1: Tamanivalu|Spikes
|
|-weather|RainDance|[upkeep]
|-heal|p1a: Latias|81/100|[from] item: Leftovers
|-heal|p2a: Ferrothorn|88/100|[from] item: Leftovers
|upkeep
|turn|12
|
|switch|p2a: Politoed|Politoed, M|100/100
|-damage|p2a: Politoed|76/100|[from] Spikes
|move|p1a: Latias|Dragon Pulse|p2a: Politoed
|-damage|p2a: Politoed|24/100
|
|-weather|RainDance|[upkeep]
|-heal|p1a: Latias|87/100|[from] item: Leftovers
|upkeep
|turn|13
|
|move|p2a: Politoed|Perish Song|p2a: Politoed
|-start|p1a: Latias|perish3|[silent]
|-start|p2a: Politoed|perish3|[silent]
|-fieldactivate|move: Perish Song
|move|p1a: Latias|Dragon Pulse|p2a: Politoed
|-damage|p2a: Politoed|0 fnt
|faint|p2a: Politoed
|
|-weather|RainDance|[upkeep]
|-heal|p1a: Latias|93/100|[from] item: Leftovers
|-start|p1a: Latias|perish3
|upkeep
|
|switch|p2a: Vaporeon|Vaporeon, F|100/100
|-damage|p2a: Vaporeon|76/100|[from] Spikes
|turn|14
|
|switch|p1a: Tentacruel|Tentacruel, M|37/100
|-damage|p1a: Tentacruel|25/100|[from] Stealth Rock
|-damage|p1a: Tentacruel|0 fnt|[from] Spikes
|faint|p1a: Tentacruel
|move|p2a: Vaporeon|Rest|p2a: Vaporeon
|-status|p2a: Vaporeon|slp|[from] move: Rest
|-heal|p2a: Vaporeon|100/100 slp|[silent]
|
|-weather|RainDance|[upkeep]
|-activate|p2a: Vaporeon|ability: Hydration
|-curestatus|p2a: Vaporeon|slp|[msg]
|upkeep
|
|switch|p1a: Latias|Latias, F|93/100
|-damage|p1a: Latias|81/100|[from] Stealth Rock
|turn|15
|
|move|p1a: Latias|Substitute|p1a: Latias
|-start|p1a: Latias|Substitute
|-damage|p1a: Latias|56/100
|move|p2a: Vaporeon|Acid Armor|p2a: Vaporeon
|-boost|p2a: Vaporeon|def|2
|
|-weather|RainDance|[upkeep]
|-heal|p1a: Latias|62/100|[from] item: Leftovers
|upkeep
|turn|16
|
|move|p1a: Latias|Calm Mind|p1a: Latias
|-boost|p1a: Latias|spa|1
|-boost|p1a: Latias|spd|1
|move|p2a: Vaporeon|Roar|p1a: Latias
|drag|p1a: Politoed|Politoed, M|100/100
|-damage|p1a: Politoed|75/100|[from] Spikes
|-damage|p1a: Politoed|63/100|[from] Stealth Rock
|
|-weather|RainDance|[upkeep]
|-heal|p1a: Politoed|69/100|[from] item: Leftovers
|upkeep
|turn|17
|
|move|p1a: Politoed|Scald|p2a: Vaporeon
|-resisted|p2a: Vaporeon
|-damage|p2a: Vaporeon|90/100
|move|p2a: Vaporeon|Scald|p1a: Politoed
|-resisted|p1a: Politoed
|-damage|p1a: Politoed|48/100
|
|-weather|RainDance|[upkeep]
|-heal|p1a: Politoed|54/100|[from] item: Leftovers
|-heal|p2a: Vaporeon|96/100|[from] item: Leftovers
|upkeep
|turn|18
|
|switch|p1a: Jirachi|Jirachi|100/100
|-damage|p1a: Jirachi|94/100|[from] Stealth Rock
|-damage|p1a: Jirachi|69/100|[from] Spikes
|move|p2a: Vaporeon|Acid Armor|p2a: Vaporeon
|-boost|p2a: Vaporeon|def|2
|
|-weather|RainDance|[upkeep]
|-heal|p1a: Jirachi|75/100|[from] item: Leftovers
|-heal|p2a: Vaporeon|100/100|[from] item: Leftovers
|upkeep
|turn|19
|
|move|p1a: Jirachi|Body Slam|p2a: Vaporeon
|-crit|p2a: Vaporeon
|-damage|p2a: Vaporeon|55/100
|-status|p2a: Vaporeon|par
|cant|p2a: Vaporeon|par
|
|-weather|RainDance|[upkeep]
|-heal|p1a: Jirachi|82/100|[from] item: Leftovers
|-activate|p2a: Vaporeon|ability: Hydration
|-curestatus|p2a: Vaporeon|par|[msg]
|-heal|p2a: Vaporeon|61/100|[from] item: Leftovers
|upkeep
|turn|20
|
|switch|p1a: Landorus|Landorus-Therian, M|100/100
|-damage|p1a: Landorus|88/100|[from] Stealth Rock
|-ability|p1a: Landorus|Intimidate|boost
|-unboost|p2a: Vaporeon|atk|1
|move|p2a: Vaporeon|Rest|p2a: Vaporeon
|-status|p2a: Vaporeon|slp|[from] move: Rest
|-heal|p2a: Vaporeon|100/100 slp|[silent]
|
|-weather|RainDance|[upkeep]
|-heal|p1a: Landorus|94/100|[from] item: Leftovers
|-activate|p2a: Vaporeon|ability: Hydration
|-curestatus|p2a: Vaporeon|slp|[msg]
|upkeep
|turn|21
|
|move|p1a: Landorus|Stealth Rock|p2a: Vaporeon
|-sidestart|p2: CroCoeur|move: Stealth Rock
|move|p2a: Vaporeon|Scald|p1a: Landorus
|-supereffective|p1a: Landorus
|-damage|p1a: Landorus|0 fnt
|faint|p1a: Landorus
|
|-weather|RainDance|[upkeep]
|upkeep
|
|switch|p1a: Politoed|Politoed, M|54/100
|-damage|p1a: Politoed|41/100|[from] Stealth Rock
|-damage|p1a: Politoed|16/100|[from] Spikes
|turn|22
|
|switch|p1a: Ferrothorn|Ferrothorn, M|100/100
|-damage|p1a: Ferrothorn|94/100|[from] Stealth Rock
|-damage|p1a: Ferrothorn|70/100|[from] Spikes
|move|p2a: Vaporeon|Scald|p1a: Ferrothorn
|-resisted|p1a: Ferrothorn
|-damage|p1a: Ferrothorn|52/100
|-status|p1a: Ferrothorn|brn
|
|-weather|RainDance|[upkeep]
|-heal|p1a: Ferrothorn|58/100 brn|[from] item: Leftovers
|-damage|p1a: Ferrothorn|46/100 brn|[from] brn
|upkeep
|turn|23
|
|switch|p1a: Jirachi|Jirachi|82/100
|-damage|p1a: Jirachi|75/100|[from] Stealth Rock
|-damage|p1a: Jirachi|50/100|[from] Spikes
|move|p2a: Vaporeon|Roar|p1a: Jirachi
|drag|p1a: Ferrothorn|Ferrothorn, M|46/100 brn
|-damage|p1a: Ferrothorn|40/100 brn|[from] Stealth Rock
|-damage|p1a: Ferrothorn|15/100 brn|[from] Spikes
|
|-weather|RainDance|[upkeep]
|-heal|p1a: Ferrothorn|21/100 brn|[from] item: Leftovers
|-damage|p1a: Ferrothorn|9/100 brn|[from] brn
|upkeep
|turn|24
|
|switch|p1a: Jirachi|Jirachi|50/100
|-damage|p1a: Jirachi|44/100|[from] Stealth Rock
|-damage|p1a: Jirachi|19/100|[from] Spikes
|move|p2a: Vaporeon|Scald|p1a: Jirachi
|-damage|p1a: Jirachi|0 fnt
|faint|p1a: Jirachi
|
|-weather|RainDance|[upkeep]
|upkeep
|
|switch|p1a: Ferrothorn|Ferrothorn, M|9/100 brn
|-damage|p1a: Ferrothorn|0 fnt|[from] Spikes
|faint|p1a: Ferrothorn
|
|switch|p1a: Politoed|Politoed, M|16/100
|-damage|p1a: Politoed|4/100|[from] Stealth Rock
|-damage|p1a: Politoed|0 fnt|[from] Spikes
|faint|p1a: Politoed
|
|switch|p1a: Latias|Latias, F|62/100
|-damage|p1a: Latias|49/100|[from] Stealth Rock
|turn|25
|
|switch|p2a: Celebi|Celebi|100/100
|-damage|p2a: Celebi|75/100|[from] Spikes
|-damage|p2a: Celebi|63/100|[from] Stealth Rock
|move|p1a: Latias|Substitute|p1a: Latias
|-start|p1a: Latias|Substitute
|-damage|p1a: Latias|24/100
|
|-weather|RainDance|[upkeep]
|-heal|p1a: Latias|30/100|[from] item: Leftovers
|-heal|p2a: Celebi|69/100|[from] item: Leftovers
|upkeep
|turn|26
|
|move|p1a: Latias|Roost|p1a: Latias
|-heal|p1a: Latias|80/100
|-singleturn|p1a: Latias|move: Roost
|move|p2a: Celebi|Perish Song|p2a: Celebi
|-start|p1a: Latias|perish3|[silent]
|-start|p2a: Celebi|perish3|[silent]
|-fieldactivate|move: Perish Song
|
|-weather|RainDance|[upkeep]
|-heal|p1a: Latias|86/100|[from] item: Leftovers
|-heal|p2a: Celebi|75/100|[from] item: Leftovers
|-start|p1a: Latias|perish3
|-start|p2a: Celebi|perish3
|upkeep
|turn|27
|-message|Tamanivalu forfeited.
|
|win|CroCoeur
|l|☆Tamanivalu
|raw|Tamanivalu's rating: 1525 &rarr; <strong>1499</strong><br />(-26 for losing)
|raw|CroCoeur's rating: 1404 &rarr; <strong>1431</strong><br />(+27 for winning)
