|j|☆A Welcome Guest
|j|☆torinoko city
|t:|1710838186
|gametype|singles
|player|p1|A Welcome Guest|miku-ground|1279
|player|p2|torinoko city|miku-flying|1532
|teamsize|p1|6
|teamsize|p2|6
|gen|5
|tier|[Gen 5] OU
|rated|
|rule|Species Clause: Limit one of each Pokémon
|rule|OHKO Clause: OHKO moves are banned
|rule|Moody Clause: Moody is banned
|rule|Evasion Items Clause: Evasion items are banned
|rule|Evasion Moves Clause: Evasion moves are banned
|rule|Endless Battle Clause: Forcing endless battles is banned
|rule|HP Percentage Mod: HP is shown in percentages
|rule|Evasion Abilities Clause: Evasion abilities are banned
|rule|Sleep Moves Clause: Sleep-inducing moves are banned
|rule|Swagger Clause: Swagger is banned
|rule|Baton Pass Stat Clause: No Baton Passer may have a way to boost its stats
|clearpoke
|poke|p1|Tyranitar, M|item
|poke|p1|Garchomp, M|item
|poke|p1|Celebi|item
|poke|p1|Heatran, F|item
|poke|p1|Latios, M|item
|poke|p1|Landorus-Therian, M|item
|poke|p2|Abomasnow, F|item
|poke|p2|Mandibuzz, F|item
|poke|p2|Rotom-Wash|item
|poke|p2|Mamoswine, M|item
|poke|p2|Jirachi|item
|poke|p2|Starmie|item
|teampreview
|inactive|Battle timer is ON: inactive players will automatically lose when time's up. (requested by torinoko city)
|c|☆A Welcome Guest|hf
|c|☆torinoko city|hf
|
|t:|1710838208
|start
|switch|p1a: Heatran|Heatran, F|100/100
|switch|p2a: Rotom|Rotom-Wash|100/100
|-item|p1a: Heatran|Air Balloon
|turn|1
|
|t:|1710838211
|move|p1a: Heatran|Sunny Day|p1a: Heatran
|-weather|SunnyDay
|move|p2a: Rotom|Hydro Pump|p1a: Heatran|[miss]
|-miss|p2a: Rotom|p1a: Heatran
|
|-weather|SunnyDay|[upkeep]
|upkeep
|turn|2
|
|t:|1710838213
|move|p1a: Heatran|Magma Storm|p2a: Rotom
|-resisted|p2a: Rotom
|-damage|p2a: Rotom|51/100
|-activate|p2a: Rotom|move: Magma Storm|[of] p1a: Heatran
|move|p2a: Rotom|Thunder Wave|p1a: Heatran
|-status|p1a: Heatran|par
|
|-weather|SunnyDay|[upkeep]
|-heal|p2a: Rotom|57/100|[from] item: Leftovers
|-damage|p2a: Rotom|51/100|[from] move: Magma Storm|[partiallytrapped]
|upkeep
|turn|3
|
|t:|1710838216
|move|p2a: Rotom|Volt Switch|p1a: Heatran
|-damage|p1a: Heatran|76/100 par
|-enditem|p1a: Heatran|Air Balloon
|
|t:|1710838219
|switch|p2a: Starmie|Starmie|100/100|[from] Volt Switch
|-item|p2a: Starmie|Air Balloon
|move|p1a: Heatran|Magma Storm|p2a: Starmie
|-resisted|p2a: Starmie
|-damage|p2a: Starmie|23/100
|-activate|p2a: Starmie|move: Magma Storm|[of] p1a: Heatran
|-enditem|p2a: Starmie|Air Balloon
|
|-weather|SunnyDay|[upkeep]
|-damage|p2a: Starmie|17/100|[from] move: Magma Storm|[partiallytrapped]
|upkeep
|turn|4
|
|t:|1710838222
|move|p2a: Starmie|Surf|p1a: Heatran
|-supereffective|p1a: Heatran
|-damage|p1a: Heatran|37/100 par
|cant|p1a: Heatran|par
|
|-weather|SunnyDay|[upkeep]
|-damage|p2a: Starmie|11/100|[from] move: Magma Storm|[partiallytrapped]
|upkeep
|turn|5
|
|t:|1710838229
|switch|p1a: Celebi|Celebi|100/100
|move|p2a: Starmie|Surf|p1a: Celebi
|-resisted|p1a: Celebi
|-damage|p1a: Celebi|92/100
|
|-weather|none
|-heal|p1a: Celebi|99/100|[from] item: Leftovers
|upkeep
|turn|6
|
|t:|1710838234
|switch|p2a: Abomasnow|Abomasnow, F|100/100
|-weather|Hail|[from] ability: Snow Warning|[of] p2a: Abomasnow
|move|p1a: Celebi|U-turn|p2a: Abomasnow
|-supereffective|p2a: Abomasnow
|-damage|p2a: Abomasnow|71/100
|
|t:|1710838249
|switch|p1a: Latios|Latios, M|100/100|[from] U-turn
|
|-weather|Hail|[upkeep]
|-damage|p1a: Latios|95/100|[from] Hail
|-heal|p2a: Abomasnow|77/100|[from] item: Leftovers
|upkeep
|turn|7
|
|t:|1710838253
|move|p2a: Abomasnow|Protect|p2a: Abomasnow
|-singleturn|p2a: Abomasnow|Protect
|move|p1a: Latios|Draco Meteor|p2a: Abomasnow
|-activate|p2a: Abomasnow|move: Protect
|
|-weather|Hail|[upkeep]
|-damage|p1a: Latios|89/100|[from] Hail
|-heal|p2a: Abomasnow|83/100|[from] item: Leftovers
|upkeep
|turn|8
|
|t:|1710838258
|switch|p2a: Jirachi|Jirachi|100/100
|move|p1a: Latios|Draco Meteor|p2a: Jirachi
|-resisted|p2a: Jirachi
|-damage|p2a: Jirachi|66/100
|-unboost|p1a: Latios|spa|2
|
|-weather|Hail|[upkeep]
|-damage|p1a: Latios|83/100|[from] Hail
|-damage|p2a: Jirachi|60/100|[from] Hail
|-heal|p2a: Jirachi|66/100|[from] item: Leftovers
|upkeep
|turn|9
|
|t:|1710838266
|switch|p1a: Celebi|Celebi|99/100
|move|p2a: Jirachi|Stealth Rock|p1a: Celebi
|-sidestart|p1: A Welcome Guest|move: Stealth Rock
|
|-weather|Hail|[upkeep]
|-damage|p1a: Celebi|92/100|[from] Hail
|-damage|p2a: Jirachi|60/100|[from] Hail
|-heal|p1a: Celebi|99/100|[from] item: Leftovers
|-heal|p2a: Jirachi|66/100|[from] item: Leftovers
|upkeep
|turn|10
|
|t:|1710838268
|move|p1a: Celebi|Stealth Rock|p2a: Jirachi
|-sidestart|p2: torinoko city|move: Stealth Rock
|move|p2a: Jirachi|U-turn|p1a: Celebi
|-supereffective|p1a: Celebi
|-damage|p1a: Celebi|40/100
|
|t:|1710838286
|switch|p2a: Mamoswine|Mamoswine, M|100/100|[from] U-turn
|-damage|p2a: Mamoswine|88/100|[from] Stealth Rock
|
|-weather|Hail|[upkeep]
|-damage|p1a: Celebi|34/100|[from] Hail
|-heal|p1a: Celebi|40/100|[from] item: Leftovers
|upkeep
|turn|11
|
|t:|1710838312
|switch|p1a: Heatran|Heatran, F|37/100 par
|-damage|p1a: Heatran|25/100 par|[from] Stealth Rock
|move|p2a: Mamoswine|Ice Shard|p1a: Heatran
|-resisted|p1a: Heatran
|-damage|p1a: Heatran|17/100 par
|
|-weather|Hail|[upkeep]
|-damage|p1a: Heatran|11/100 par|[from] Hail
|upkeep
|turn|12
|
|t:|1710838317
|switch|p2a: Starmie|Starmie|11/100
|-damage|p2a: Starmie|0 fnt|[from] Stealth Rock
|faint|p2a: Starmie
|move|p1a: Heatran|Magma Storm|p2: Starmie|[notarget]
|-fail|p1a: Heatran
|
|-weather|Hail|[upkeep]
|-damage|p1a: Heatran|4/100 par|[from] Hail
|upkeep
|
|t:|1710838332
|switch|p2a: Rotom|Rotom-Wash|51/100
|-damage|p2a: Rotom|39/100|[from] Stealth Rock
|turn|13
|
|t:|1710838337
|move|p2a: Rotom|Hydro Pump|p1a: Heatran
|-supereffective|p1a: Heatran
|-damage|p1a: Heatran|0 fnt
|faint|p1a: Heatran
|
|-weather|Hail|[upkeep]
|-damage|p2a: Rotom|32/100|[from] Hail
|-heal|p2a: Rotom|39/100|[from] item: Leftovers
|upkeep
|
|t:|1710838353
|switch|p1a: Latios|Latios, M|83/100
|-damage|p1a: Latios|70/100|[from] Stealth Rock
|turn|14
|
|t:|1710838361
|switch|p1a: Landorus|Landorus-Therian, M|100/100
|-damage|p1a: Landorus|88/100|[from] Stealth Rock
|-ability|p1a: Landorus|Intimidate|boost
|-unboost|p2a: Rotom|atk|1
|move|p2a: Rotom|Thunder Wave|p1a: Landorus
|-immune|p1a: Landorus
|
|-weather|Hail|[upkeep]
|-damage|p1a: Landorus|82/100|[from] Hail
|-damage|p2a: Rotom|32/100|[from] Hail
|-heal|p1a: Landorus|88/100|[from] item: Leftovers
|-heal|p2a: Rotom|39/100|[from] item: Leftovers
|upkeep
|turn|15
|
|t:|1710838378
|move|p1a: Landorus|Substitute|p1a: Landorus
|-start|p1a: Landorus|Substitute
|-damage|p1a: Landorus|64/100
|move|p2a: Rotom|Will-O-Wisp|p1a: Landorus|[miss]
|-miss|p2a: Rotom|p1a: Landorus
|
|-weather|Hail|[upkeep]
|-damage|p1a: Landorus|58/100|[from] Hail
|-damage|p2a: Rotom|32/100|[from] Hail
|-heal|p1a: Landorus|64/100|[from] item: Leftovers
|-heal|p2a: Rotom|39/100|[from] item: Leftovers
|upkeep
|turn|16
|
|t:|1710838382
|move|p1a: Landorus|Smack Down|p2a: Rotom
|-damage|p2a: Rotom|23/100
|-start|p2a: Rotom|Smack Down
|move|p2a: Rotom|Hydro Pump|p1a: Landorus
|-supereffective|p1a: Landorus
|-end|p1a: Landorus|Substitute
|
|-weather|Hail|[upkeep]
|-damage|p1a: Landorus|58/100|[from] Hail
|-damage|p2a: Rotom|16/100|[from] Hail
|-heal|p1a: Landorus|64/100|[from] item: Leftovers
|-heal|p2a: Rotom|23/100|[from] item: Leftovers
|upkeep
|turn|17
|
|t:|1710838385
|move|p1a: Landorus|Earthquake|p2a: Rotom
|-supereffective|p2a: Rotom
|-damage|p2a: Rotom|0 fnt
|faint|p2a: Rotom
|
|-weather|Hail|[upkeep]
|-damage|p1a: Landorus|58/100|[from] Hail
|-heal|p1a: Landorus|64/100|[from] item: Leftovers
|upkeep
|
|t:|1710838388
|switch|p2a: Mamoswine|Mamoswine, M|88/100
|-damage|p2a: Mamoswine|76/100|[from] Stealth Rock
|turn|18
|
|t:|1710838394
|switch|p1a: Celebi|Celebi|40/100
|-damage|p1a: Celebi|28/100|[from] Stealth Rock
|move|p2a: Mamoswine|Ice Shard|p1a: Celebi
|-supereffective|p1a: Celebi
|-damage|p1a: Celebi|0 fnt
|faint|p1a: Celebi
|
|-weather|Hail|[upkeep]
|upkeep
|
|t:|1710838402
|switch|p1a: Tyranitar|Tyranitar, M|100/100
|-damage|p1a: Tyranitar|88/100|[from] Stealth Rock
|-weather|Sandstorm|[from] ability: Sand Stream|[of] p1a: Tyranitar
|turn|19
|
|t:|1710838408
|switch|p2a: Jirachi|Jirachi|66/100
|-damage|p2a: Jirachi|60/100|[from] Stealth Rock
|move|p1a: Tyranitar|Superpower|p2a: Jirachi
|-damage|p2a: Jirachi|27/100
|-unboost|p1a: Tyranitar|atk|1
|-unboost|p1a: Tyranitar|def|1
|
|-weather|Sandstorm|[upkeep]
|-heal|p2a: Jirachi|33/100|[from] item: Leftovers
|upkeep
|turn|20
|
|t:|1710838415
|switch|p1a: Landorus|Landorus-Therian, M|64/100
|-damage|p1a: Landorus|51/100|[from] Stealth Rock
|-ability|p1a: Landorus|Intimidate|boost
|-unboost|p2a: Jirachi|atk|1
|move|p2a: Jirachi|Body Slam|p1a: Landorus
|-damage|p1a: Landorus|35/100
|
|-weather|Sandstorm|[upkeep]
|-heal|p1a: Landorus|41/100|[from] item: Leftovers
|-heal|p2a: Jirachi|40/100|[from] item: Leftovers
|upkeep
|turn|21
|
|t:|1710838422
|switch|p2a: Mandibuzz|Mandibuzz, F|100/100
|-damage|p2a: Mandibuzz|76/100|[from] Stealth Rock
|move|p1a: Landorus|Substitute|p1a: Landorus
|-start|p1a: Landorus|Substitute
|-damage|p1a: Landorus|16/100
|
|-weather|Sandstorm|[upkeep]
|-heal|p1a: Landorus|22/100|[from] item: Leftovers
|-heal|p2a: Mandibuzz|82/100|[from] item: Leftovers
|upkeep
|turn|22
|
|t:|1710838426
|move|p1a: Landorus|Smack Down|p2a: Mandibuzz
|-supereffective|p2a: Mandibuzz
|-damage|p2a: Mandibuzz|51/100
|-start|p2a: Mandibuzz|Smack Down
|move|p2a: Mandibuzz|Brave Bird|p1a: Landorus
|-end|p1a: Landorus|Substitute
|-damage|p2a: Mandibuzz|45/100|[from] Recoil|[of] p1a: Landorus
|
|-weather|Sandstorm|[upkeep]
|-heal|p1a: Landorus|28/100|[from] item: Leftovers
|-heal|p2a: Mandibuzz|51/100|[from] item: Leftovers
|upkeep
|turn|23
|
|t:|1710838434
|move|p1a: Landorus|Substitute|p1a: Landorus
|-start|p1a: Landorus|Substitute
|-damage|p1a: Landorus|4/100
|move|p2a: Mandibuzz|Brave Bird|p1a: Landorus
|-end|p1a: Landorus|Substitute
|-damage|p2a: Mandibuzz|45/100|[from] Recoil|[of] p1a: Landorus
|
|-weather|Sandstorm|[upkeep]
|-heal|p1a: Landorus|10/100|[from] item: Leftovers
|-heal|p2a: Mandibuzz|51/100|[from] item: Leftovers
|upkeep
|turn|24
|
|t:|1710838437
|move|p1a: Landorus|Earthquake|p2a: Mandibuzz
|-damage|p2a: Mandibuzz|7/100
|move|p2a: Mandibuzz|Brave Bird|p1a: Landorus
|-damage|p1a: Landorus|0 fnt
|faint|p1a: Landorus
|-damage|p2a: Mandibuzz|5/100|[from] Recoil
|
|-weather|Sandstorm|[upkeep]
|-heal|p2a: Mandibuzz|11/100|[from] item: Leftovers
|upkeep
|
|t:|1710838455
|switch|p1a: Latios|Latios, M|70/100
|-damage|p1a: Latios|58/100|[from] Stealth Rock
|turn|25
|
|t:|1710838458
|move|p1a: Latios|Dragon Pulse|p2a: Mandibuzz
|-damage|p2a: Mandibuzz|0 fnt
|faint|p2a: Mandibuzz
|
|-weather|Sandstorm|[upkeep]
|-damage|p1a: Latios|52/100|[from] Sandstorm
|upkeep
|
|t:|1710838461
|switch|p2a: Jirachi|Jirachi|40/100
|-damage|p2a: Jirachi|33/100|[from] Stealth Rock
|turn|26
|
|t:|1710838465
|move|p1a: Latios|Dragon Pulse|p2a: Jirachi
|-resisted|p2a: Jirachi
|-damage|p2a: Jirachi|13/100
|move|p2a: Jirachi|Body Slam|p1a: Latios
|-damage|p1a: Latios|25/100
|
|-weather|Sandstorm|[upkeep]
|-damage|p1a: Latios|19/100|[from] Sandstorm
|-heal|p2a: Jirachi|19/100|[from] item: Leftovers
|upkeep
|turn|27
|
|t:|1710838471
|move|p1a: Latios|Dragon Pulse|p2a: Jirachi
|-resisted|p2a: Jirachi
|-crit|p2a: Jirachi
|-damage|p2a: Jirachi|0 fnt
|faint|p2a: Jirachi
|
|-weather|Sandstorm|[upkeep]
|-damage|p1a: Latios|13/100|[from] Sandstorm
|upkeep
|
|t:|1710838473
|switch|p2a: Mamoswine|Mamoswine, M|76/100
|-damage|p2a: Mamoswine|63/100|[from] Stealth Rock
|turn|28
|
|t:|1710838476
|move|p2a: Mamoswine|Ice Shard|p1a: Latios
|-supereffective|p1a: Latios
|-damage|p1a: Latios|0 fnt
|faint|p1a: Latios
|
|-weather|Sandstorm|[upkeep]
|upkeep
|
|t:|1710838477
|switch|p1a: Tyranitar|Tyranitar, M|88/100
|-damage|p1a: Tyranitar|76/100|[from] Stealth Rock
|turn|29
|
|t:|1710838484
|switch|p2a: Abomasnow|Abomasnow, F|83/100
|-damage|p2a: Abomasnow|58/100|[from] Stealth Rock
|-weather|Hail|[from] ability: Snow Warning|[of] p2a: Abomasnow
|move|p1a: Tyranitar|Fire Blast|p2a: Abomasnow
|-supereffective|p2a: Abomasnow
|-damage|p2a: Abomasnow|0 fnt
|faint|p2a: Abomasnow
|
|-weather|Hail|[upkeep]
|-damage|p1a: Tyranitar|69/100|[from] Hail
|upkeep
|
|t:|1710838486
|switch|p2a: Mamoswine|Mamoswine, M|63/100
|-damage|p2a: Mamoswine|51/100|[from] Stealth Rock
|turn|30
|
|t:|1710838490
|move|p2a: Mamoswine|Earthquake|p1a: Tyranitar
|-supereffective|p1a: Tyranitar
|-damage|p1a: Tyranitar|0 fnt
|faint|p1a: Tyranitar
|
|-weather|Hail|[upkeep]
|upkeep
|inactive|A Welcome Guest has 120 seconds left.
|
|t:|1710838548
|switch|p1a: Garchomp|Garchomp, M|100/100
|-damage|p1a: Garchomp|94/100|[from] Stealth Rock
|turn|31
|
|t:|1710838550
|move|p1a: Garchomp|Earthquake|p2a: Mamoswine
|-damage|p2a: Mamoswine|0 fnt
|faint|p2a: Mamoswine
|
|win|A Welcome Guest
|raw|A Welcome Guest's rating: 1279 &rarr; <strong>1320</strong><br />(+41 for winning)
|raw|torinoko city's rating: 1532 &rarr; <strong>1500</strong><br />(-32 for losing)
|c|☆torinoko city|gg
|c|☆A Welcome Guest|gg
|l|☆torinoko city
|player|p2|
