|j|☆SwordIsBored
|j|☆BWVC BookofConke
|t:|1717168183
|gametype|singles
|player|p1|SwordIsBored|miku-water|1408
|player|p2|BWVC BookofConke|silver-masters|1395
|teamsize|p1|6
|teamsize|p2|6
|gen|5
|tier|[Gen 5] OU
|rated|
|rule|Species Clause: Limit one of each Pokémon
|rule|OHKO Clause: OHKO moves are banned
|rule|Moody Clause: Moody is banned
|rule|Evasion Items Clause: Evasion items are banned
|rule|Evasion Moves Clause: Evasion moves are banned
|rule|Endless Battle Clause: Forcing endless battles is banned
|rule|HP Percentage Mod: HP is shown in percentages
|rule|Evasion Abilities Clause: Evasion abilities are banned
|rule|Sleep Moves Clause: Sleep-inducing moves are banned
|rule|Swagger Clause: Swagger is banned
|rule|Baton Pass Stat Clause: No Baton Passer may have a way to boost its stats
|clearpoke
|poke|p1|Lucario, M|item
|poke|p1|Aerodactyl, M|item
|poke|p1|Starmie|item
|poke|p1|Dragonite, M|item
|poke|p1|Jirachi|item
|poke|p1|Conkeldurr, F|item
|poke|p2|Abomasnow, M|item
|poke|p2|Gyarados, F|item
|poke|p2|Garchomp, F|item
|poke|p2|Scizor, M|item
|poke|p2|Starmie|item
|poke|p2|Jirachi|item
|teampreview
|c|☆SwordIsBored|glhf
|
|t:|1717168197
|start
|switch|p1a: Aerodactyl|Aerodactyl, M|100/100
|switch|p2a: Abomasnow|Abomasnow, M|100/100
|-weather|Hail|[from] ability: Snow Warning|[of] p2a: Abomasnow
|turn|1
|
|t:|1717168213
|move|p1a: Aerodactyl|Stealth Rock|p2a: Abomasnow
|-sidestart|p2: BWVC BookofConke|move: Stealth Rock
|move|p2a: Abomasnow|Blizzard|p1a: Aerodactyl
|-supereffective|p1a: Aerodactyl
|-enditem|p1a: Aerodactyl|Focus Sash
|-damage|p1a: Aerodactyl|1/100
|
|-weather|Hail|[upkeep]
|-damage|p1a: Aerodactyl|0 fnt|[from] Hail
|faint|p1a: Aerodactyl
|upkeep
|
|t:|1717168232
|switch|p1a: Lucario|Lucario, M|100/100
|turn|2
|
|t:|1717168242
|move|p1a: Lucario|Close Combat|p2a: Abomasnow
|-supereffective|p2a: Abomasnow
|-enditem|p2a: Abomasnow|Focus Sash
|-damage|p2a: Abomasnow|1/100
|-unboost|p1a: Lucario|def|1
|-unboost|p1a: Lucario|spd|1
|-damage|p1a: Lucario|91/100|[from] item: Life Orb
|move|p2a: Abomasnow|Hidden Power|p1a: Lucario
|-supereffective|p1a: Lucario
|-damage|p1a: Lucario|0 fnt
|faint|p1a: Lucario
|
|-weather|Hail|[upkeep]
|upkeep
|
|t:|1717168247
|switch|p1a: Jirachi|Jirachi|100/100
|turn|3
|
|t:|1717168265
|move|p2a: Abomasnow|Ice Shard|p1a: Jirachi
|-resisted|p1a: Jirachi
|-damage|p1a: Jirachi|95/100
|move|p1a: Jirachi|U-turn|p2a: Abomasnow
|-supereffective|p2a: Abomasnow
|-damage|p2a: Abomasnow|0 fnt
|faint|p2a: Abomasnow
|
|t:|1717168270
|switch|p1a: Starmie|Starmie|100/100|[from] U-turn
|-item|p1a: Starmie|Air Balloon
|
|-weather|Hail|[upkeep]
|-damage|p1a: Starmie|94/100|[from] Hail
|upkeep
|
|t:|1717168286
|switch|p2a: Scizor|Scizor, M|100/100
|-damage|p2a: Scizor|88/100|[from] Stealth Rock
|turn|4
|
|t:|1717168301
|-activate|p1a: Starmie|move: Pursuit
|move|p2a: Scizor|Pursuit|p1a: Starmie|[from]Pursuit
|-supereffective|p1a: Starmie
|-damage|p1a: Starmie|4/100
|-enditem|p1a: Starmie|Air Balloon
|switch|p1a: Conkeldurr|Conkeldurr, F|100/100
|
|-weather|Hail|[upkeep]
|-damage|p2a: Scizor|82/100|[from] Hail
|-damage|p1a: Conkeldurr|94/100|[from] Hail
|-heal|p1a: Conkeldurr|100/100|[from] item: Leftovers
|upkeep
|turn|5
|
|t:|1717168340
|switch|p2a: Garchomp|Garchomp, F|100/100
|-damage|p2a: Garchomp|94/100|[from] Stealth Rock
|move|p1a: Conkeldurr|Bulk Up|p1a: Conkeldurr
|-boost|p1a: Conkeldurr|atk|1
|-boost|p1a: Conkeldurr|def|1
|
|-weather|Hail|[upkeep]
|-damage|p2a: Garchomp|88/100|[from] Hail
|-damage|p1a: Conkeldurr|94/100|[from] Hail
|-heal|p1a: Conkeldurr|100/100|[from] item: Leftovers
|upkeep
|turn|6
|
|t:|1717168357
|move|p2a: Garchomp|Stealth Rock|p1a: Conkeldurr
|-sidestart|p1: SwordIsBored|move: Stealth Rock
|move|p1a: Conkeldurr|Drain Punch|p2a: Garchomp
|-damage|p2a: Garchomp|39/100
|-damage|p1a: Conkeldurr|88/100|[from] ability: Rough Skin|[of] p2a: Garchomp
|
|-weather|Hail|[upkeep]
|-damage|p2a: Garchomp|33/100|[from] Hail
|-damage|p1a: Conkeldurr|82/100|[from] Hail
|-heal|p1a: Conkeldurr|88/100|[from] item: Leftovers
|upkeep
|turn|7
|
|t:|1717168368
|move|p2a: Garchomp|Outrage|p1a: Conkeldurr
|-damage|p1a: Conkeldurr|49/100
|move|p1a: Conkeldurr|Bulk Up|p1a: Conkeldurr
|-boost|p1a: Conkeldurr|atk|1
|-boost|p1a: Conkeldurr|def|1
|
|-weather|Hail|[upkeep]
|-damage|p2a: Garchomp|27/100|[from] Hail
|-damage|p1a: Conkeldurr|43/100|[from] Hail
|-heal|p1a: Conkeldurr|49/100|[from] item: Leftovers
|upkeep
|turn|8
|
|t:|1717168379
|move|p1a: Conkeldurr|Mach Punch|p2a: Garchomp
|-damage|p2a: Garchomp|0 fnt
|-damage|p1a: Conkeldurr|36/100|[from] ability: Rough Skin|[of] p2a: Garchomp
|faint|p2a: Garchomp
|
|-weather|Hail|[upkeep]
|-damage|p1a: Conkeldurr|30/100|[from] Hail
|-heal|p1a: Conkeldurr|36/100|[from] item: Leftovers
|upkeep
|
|t:|1717168420
|switch|p2a: Starmie|Starmie|100/100
|-damage|p2a: Starmie|88/100|[from] Stealth Rock
|-item|p2a: Starmie|Air Balloon
|turn|9
|
|t:|1717168428
|move|p2a: Starmie|Hydro Pump|p1a: Conkeldurr
|-damage|p1a: Conkeldurr|0 fnt
|faint|p1a: Conkeldurr
|
|-weather|Hail|[upkeep]
|-damage|p2a: Starmie|82/100|[from] Hail
|upkeep
|
|t:|1717168432
|switch|p1a: Jirachi|Jirachi|95/100
|-damage|p1a: Jirachi|89/100|[from] Stealth Rock
|turn|10
|
|t:|1717168447
|move|p1a: Jirachi|U-turn|p2a: Starmie
|-supereffective|p2a: Starmie
|-damage|p2a: Starmie|15/100
|-enditem|p2a: Starmie|Air Balloon
|
|t:|1717168454
|switch|p1a: Starmie|Starmie|4/100|[from] U-turn
|-damage|p1a: Starmie|0 fnt|[from] Stealth Rock
|faint|p1a: Starmie
|move|p2a: Starmie|Rapid Spin|p1: Starmie|[notarget]
|-fail|p2a: Starmie
|
|-weather|Hail|[upkeep]
|-damage|p2a: Starmie|9/100|[from] Hail
|upkeep
|
|t:|1717168457
|switch|p1a: Jirachi|Jirachi|89/100
|-damage|p1a: Jirachi|83/100|[from] Stealth Rock
|turn|11
|
|t:|1717168479
|move|p1a: Jirachi|Ice Punch|p2a: Starmie
|-resisted|p2a: Starmie
|-damage|p2a: Starmie|0 fnt
|faint|p2a: Starmie
|
|-weather|Hail|[upkeep]
|-damage|p1a: Jirachi|77/100|[from] Hail
|upkeep
|
|t:|1717168515
|switch|p2a: Gyarados|Gyarados, F|100/100
|-damage|p2a: Gyarados|76/100|[from] Stealth Rock
|-ability|p2a: Gyarados|Intimidate|boost
|-unboost|p1a: Jirachi|atk|1
|turn|12
|
|t:|1717168525
|move|p1a: Jirachi|Ice Punch|p2a: Gyarados
|-damage|p2a: Gyarados|56/100
|move|p2a: Gyarados|Dragon Dance|p2a: Gyarados
|-boost|p2a: Gyarados|atk|1
|-boost|p2a: Gyarados|spe|1
|
|-weather|Hail|[upkeep]
|-damage|p2a: Gyarados|50/100|[from] Hail
|-damage|p1a: Jirachi|70/100|[from] Hail
|-heal|p2a: Gyarados|56/100|[from] item: Leftovers
|upkeep
|turn|13
|
|t:|1717168545
|move|p2a: Gyarados|Waterfall|p1a: Jirachi
|-damage|p1a: Jirachi|19/100
|move|p1a: Jirachi|Ice Punch|p2a: Gyarados
|-damage|p2a: Gyarados|38/100
|-status|p2a: Gyarados|frz
|
|-weather|Hail|[upkeep]
|-damage|p1a: Jirachi|13/100|[from] Hail
|-damage|p2a: Gyarados|31/100 frz|[from] Hail
|-heal|p2a: Gyarados|38/100 frz|[from] item: Leftovers
|upkeep
|turn|14
|
|t:|1717168560
|switch|p1a: Dragonite|Dragonite, M|100/100
|-damage|p1a: Dragonite|76/100|[from] Stealth Rock
|-curestatus|p2a: Gyarados|frz|[msg]
|move|p2a: Gyarados|Dragon Dance|p2a: Gyarados
|-boost|p2a: Gyarados|atk|1
|-boost|p2a: Gyarados|spe|1
|
|-weather|Hail|[upkeep]
|-damage|p2a: Gyarados|31/100|[from] Hail
|-damage|p1a: Dragonite|70/100|[from] Hail
|-heal|p2a: Gyarados|38/100|[from] item: Leftovers
|-heal|p1a: Dragonite|76/100|[from] item: Leftovers
|upkeep
|turn|15
|
|t:|1717168573
|move|p1a: Dragonite|Extreme Speed|p2a: Gyarados
|-damage|p2a: Gyarados|2/100
|move|p2a: Gyarados|Outrage|p1a: Dragonite
|-supereffective|p1a: Dragonite
|-damage|p1a: Dragonite|0 fnt
|faint|p1a: Dragonite
|
|-weather|Hail|[upkeep]
|-damage|p2a: Gyarados|0 fnt|[from] Hail
|faint|p2a: Gyarados
|upkeep
|
|t:|1717168585
|switch|p2a: Scizor|Scizor, M|82/100
|switch|p1a: Jirachi|Jirachi|13/100
|-damage|p1a: Jirachi|7/100|[from] Stealth Rock
|-damage|p2a: Scizor|70/100|[from] Stealth Rock
|turn|16
|
|t:|1717168593
|move|p1a: Jirachi|Ice Punch|p2a: Scizor
|-resisted|p2a: Scizor
|-damage|p2a: Scizor|56/100
|move|p2a: Scizor|Swords Dance|p2a: Scizor
|-boost|p2a: Scizor|atk|2
|
|-weather|Hail|[upkeep]
|-damage|p1a: Jirachi|1/100|[from] Hail
|-damage|p2a: Scizor|50/100|[from] Hail
|upkeep
|turn|17
|-message|SwordIsBored forfeited.
|
|win|BWVC BookofConke
|raw|SwordIsBored's rating: 1408 &rarr; <strong>1387</strong><br />(-21 for losing)
|raw|BWVC BookofConke's rating: 1395 &rarr; <strong>1416</strong><br />(+21 for winning)
|l|☆SwordIsBored
|player|p1|
