|j|☆DubbedOn
|j|☆Blossummm
|t:|1743118296
|gametype|singles
|player|p1|DubbedOn|boarder|1371
|player|p2|Blossummm|roxie|1380
|teamsize|p1|6
|teamsize|p2|6
|gen|5
|tier|[Gen 5] OU
|rated|
|rule|Species Clause: Limit one of each Pokémon
|rule|OHKO Clause: OHKO moves are banned
|rule|Moody Clause: Moody is banned
|rule|Evasion Items Clause: Evasion items are banned
|rule|Evasion Moves Clause: Evasion moves are banned
|rule|Endless Battle Clause: Forcing endless battles is banned
|rule|HP Percentage Mod: HP is shown in percentages
|rule|Evasion Abilities Clause: Evasion abilities are banned
|rule|Sleep Moves Clause: Sleep-inducing moves are banned
|rule|Swagger Clause: Swagger is banned
|rule|Baton Pass Stat Clause: No Baton Passer may have a way to boost its stats
|clearpoke
|poke|p1|Nidoking, M|item
|poke|p1|Latios, M|item
|poke|p1|Rotom-Wash|item
|poke|p1|Landorus-Therian, M|item
|poke|p1|Tyranitar, F|item
|poke|p1|Amoonguss, F|item
|poke|p2|Tyranitar, F|item
|poke|p2|Ferrothorn, M|item
|poke|p2|Alakazam, F|item
|poke|p2|Landorus-Therian, M|item
|poke|p2|Latios, M|item
|poke|p2|Machamp, F|item
|teampreview
|inactive|Battle timer is ON: inactive players will automatically lose when time's up. (requested by DubbedOn)
|inactive|Blossummm has 120 seconds left.
|inactive|Blossummm has 90 seconds left.
|
|t:|1743118376
|start
|switch|p1a: Landorus|Landorus-Therian, M|100/100
|switch|p2a: Landorus|Landorus-Therian, M|100/100
|-ability|p1a: Landorus|Intimidate|boost
|-unboost|p2a: Landorus|atk|1
|-ability|p2a: Landorus|Intimidate|boost
|-unboost|p1a: Landorus|atk|1
|turn|1
|
|t:|1743118394
|move|p1a: Landorus|Stealth Rock|p2a: Landorus
|-sidestart|p2: Blossummm|move: Stealth Rock
|move|p2a: Landorus|Hidden Power|p1a: Landorus
|-supereffective|p1a: Landorus
|-damage|p1a: Landorus|8/100
|
|upkeep
|turn|2
|
|t:|1743118405
|switch|p1a: Rotom|Rotom-Wash|100/100
|move|p2a: Landorus|Stealth Rock|p1a: Rotom
|-sidestart|p1: DubbedOn|move: Stealth Rock
|
|upkeep
|turn|3
|
|t:|1743118416
|move|p1a: Rotom|Will-O-Wisp|p2a: Landorus
|-status|p2a: Landorus|brn
|move|p2a: Landorus|U-turn|p1a: Rotom
|-damage|p1a: Rotom|95/100
|
|t:|1743118428
|switch|p2a: Alakazam|Alakazam, F|100/100|[from] U-turn
|
|-heal|p1a: Rotom|100/100|[from] item: Leftovers
|upkeep
|turn|4
|
|t:|1743118435
|move|p2a: Alakazam|Focus Blast|p1a: Rotom
|-damage|p1a: Rotom|57/100
|move|p1a: Rotom|Volt Switch|p2a: Alakazam
|-damage|p2a: Alakazam|64/100
|
|t:|1743118441
|switch|p1a: Tyranitar|Tyranitar, F|100/100|[from] Volt Switch
|-damage|p1a: Tyranitar|88/100|[from] Stealth Rock
|-weather|Sandstorm|[from] ability: Sand Stream|[of] p1a: Tyranitar
|
|-weather|Sandstorm|[upkeep]
|upkeep
|turn|5
|
|t:|1743118448
|move|p2a: Alakazam|Focus Blast|p1a: Tyranitar
|-supereffective|p1a: Tyranitar
|-enditem|p1a: Tyranitar|Chople Berry|[eat]
|-enditem|p1a: Tyranitar|Chople Berry|[weaken]
|-damage|p1a: Tyranitar|51/100
|move|p1a: Tyranitar|Pursuit|p2a: Alakazam
|-supereffective|p2a: Alakazam
|-damage|p2a: Alakazam|0 fnt
|faint|p2a: Alakazam
|
|-weather|Sandstorm|[upkeep]
|upkeep
|
|t:|1743118456
|switch|p2a: Machamp|Machamp, F|100/100
|-damage|p2a: Machamp|94/100|[from] Stealth Rock
|turn|6
|
|t:|1743118465
|switch|p1a: Landorus|Landorus-Therian, M|8/100
|-damage|p1a: Landorus|0 fnt|[from] Stealth Rock
|faint|p1a: Landorus
|move|p2a: Machamp|Ice Punch|p1: Landorus|[notarget]
|-fail|p2a: Machamp
|
|-weather|Sandstorm|[upkeep]
|-damage|p2a: Machamp|88/100|[from] Sandstorm
|upkeep
|inactive|DubbedOn has 120 seconds left.
|
|t:|1743118512
|switch|p1a: Rotom|Rotom-Wash|57/100
|-damage|p1a: Rotom|45/100|[from] Stealth Rock
|turn|7
|
|t:|1743118519
|switch|p2a: Landorus|Landorus-Therian, M|100/100 brn
|-damage|p2a: Landorus|88/100 brn|[from] Stealth Rock
|-ability|p2a: Landorus|Intimidate|boost
|-unboost|p1a: Rotom|atk|1
|move|p1a: Rotom|Pain Split|p2a: Landorus
|-sethp|p2a: Landorus|62/100 brn|[from] move: Pain Split|[silent]
|-sethp|p1a: Rotom|77/100|[from] move: Pain Split
|
|-weather|Sandstorm|[upkeep]
|-damage|p1a: Rotom|71/100|[from] Sandstorm
|-heal|p1a: Rotom|77/100|[from] item: Leftovers
|-heal|p2a: Landorus|68/100 brn|[from] item: Leftovers
|-damage|p2a: Landorus|55/100 brn|[from] brn
|upkeep
|turn|8
|
|t:|1743118535
|move|p1a: Rotom|Hidden Power|p2a: Landorus
|-supereffective|p2a: Landorus
|-damage|p2a: Landorus|0 fnt
|faint|p2a: Landorus
|
|-weather|Sandstorm|[upkeep]
|-damage|p1a: Rotom|71/100|[from] Sandstorm
|-heal|p1a: Rotom|77/100|[from] item: Leftovers
|upkeep
|
|t:|1743118551
|switch|p2a: Latios|Latios, M|100/100
|-damage|p2a: Latios|88/100|[from] Stealth Rock
|turn|9
|
|t:|1743118571
|switch|p1a: Amoonguss|Amoonguss, F|100/100
|-damage|p1a: Amoonguss|88/100|[from] Stealth Rock
|move|p2a: Latios|Dragon Pulse|p1a: Amoonguss
|-damage|p1a: Amoonguss|43/100
|
|-weather|Sandstorm|[upkeep]
|-damage|p2a: Latios|82/100|[from] Sandstorm
|-damage|p1a: Amoonguss|37/100|[from] Sandstorm
|-heal|p1a: Amoonguss|43/100|[from] item: Black Sludge
|upkeep
|turn|10
|
|t:|1743118580
|move|p2a: Latios|Dragon Pulse|p1a: Amoonguss
|-crit|p1a: Amoonguss
|-damage|p1a: Amoonguss|0 fnt
|faint|p1a: Amoonguss
|
|-weather|Sandstorm|[upkeep]
|-damage|p2a: Latios|76/100|[from] Sandstorm
|upkeep
|
|t:|1743118586
|switch|p1a: Tyranitar|Tyranitar, F|51/100
|-damage|p1a: Tyranitar|39/100|[from] Stealth Rock
|turn|11
|
|t:|1743118593
|move|p2a: Latios|Dragon Pulse|p1a: Tyranitar
|-damage|p1a: Tyranitar|9/100
|move|p1a: Tyranitar|Crunch|p2a: Latios
|-supereffective|p2a: Latios
|-damage|p2a: Latios|0 fnt
|faint|p2a: Latios
|
|-weather|Sandstorm|[upkeep]
|upkeep
|
|t:|1743118606
|switch|p2a: Machamp|Machamp, F|88/100
|-damage|p2a: Machamp|82/100|[from] Stealth Rock
|turn|12
|inactive|DubbedOn has 120 seconds left.
|
|t:|1743118618
|move|p2a: Machamp|Dynamic Punch|p1a: Tyranitar
|-supereffective|p1a: Tyranitar
|-damage|p1a: Tyranitar|0 fnt
|faint|p1a: Tyranitar
|
|-weather|Sandstorm|[upkeep]
|-damage|p2a: Machamp|76/100|[from] Sandstorm
|upkeep
|
|t:|1743118627
|switch|p1a: Rotom|Rotom-Wash|77/100
|-damage|p1a: Rotom|65/100|[from] Stealth Rock
|turn|13
|
|t:|1743118631
|move|p2a: Machamp|Dynamic Punch|p1a: Rotom
|-damage|p1a: Rotom|24/100
|-start|p1a: Rotom|confusion
|-activate|p1a: Rotom|confusion
|move|p1a: Rotom|Will-O-Wisp|p2a: Machamp
|-status|p2a: Machamp|brn
|
|-weather|Sandstorm|[upkeep]
|-damage|p2a: Machamp|69/100 brn|[from] Sandstorm
|-damage|p1a: Rotom|18/100|[from] Sandstorm
|-heal|p1a: Rotom|24/100|[from] item: Leftovers
|-damage|p2a: Machamp|57/100 brn|[from] brn
|upkeep
|turn|14
|inactive|DubbedOn has 120 seconds left.
|
|t:|1743118646
|move|p2a: Machamp|Dynamic Punch|p1a: Rotom
|-damage|p1a: Rotom|2/100
|-activate|p1a: Rotom|confusion
|-damage|p1a: Rotom|0 fnt|[from] confusion
|faint|p1a: Rotom
|
|-weather|Sandstorm|[upkeep]
|-damage|p2a: Machamp|51/100 brn|[from] Sandstorm
|-damage|p2a: Machamp|38/100 brn|[from] brn
|upkeep
|inactive|DubbedOn has 120 seconds left.
|
|t:|1743118657
|switch|p1a: Nidoking|Nidoking, M|100/100
|-damage|p1a: Nidoking|95/100|[from] Stealth Rock
|turn|15
|inactive|DubbedOn has 120 seconds left.
|
|t:|1743118664
|move|p2a: Machamp|Dynamic Punch|p1a: Nidoking
|-resisted|p1a: Nidoking
|-damage|p1a: Nidoking|76/100
|-start|p1a: Nidoking|confusion
|-activate|p1a: Nidoking|confusion
|move|p1a: Nidoking|Earth Power|p2a: Machamp
|-damage|p2a: Machamp|0 fnt
|faint|p2a: Machamp
|
|-weather|Sandstorm|[upkeep]
|upkeep
|
|t:|1743118672
|switch|p2a: Ferrothorn|Ferrothorn, M|100/100
|-damage|p2a: Ferrothorn|94/100|[from] Stealth Rock
|turn|16
|
|t:|1743118678
|switch|p1a: Latios|Latios, M|100/100
|-damage|p1a: Latios|88/100|[from] Stealth Rock
|move|p2a: Ferrothorn|Power Whip|p1a: Latios
|-resisted|p1a: Latios
|-damage|p1a: Latios|63/100
|
|-weather|Sandstorm|[upkeep]
|-damage|p1a: Latios|57/100|[from] Sandstorm
|-heal|p2a: Ferrothorn|100/100|[from] item: Leftovers
|upkeep
|turn|17
|
|t:|1743118683
|move|p1a: Latios|Trick|p2a: Ferrothorn
|-activate|p1a: Latios|move: Trick|[of] p2a: Ferrothorn
|-item|p2a: Ferrothorn|Choice Specs|[from] move: Trick
|-item|p1a: Latios|Leftovers|[from] move: Trick
|move|p2a: Ferrothorn|Thunder Wave|p1a: Latios
|-status|p1a: Latios|par
|
|-weather|Sandstorm|[upkeep]
|-damage|p1a: Latios|51/100 par|[from] Sandstorm
|-heal|p1a: Latios|57/100 par|[from] item: Leftovers
|upkeep
|turn|18
|
|t:|1743118692
|switch|p1a: Nidoking|Nidoking, M|76/100
|-damage|p1a: Nidoking|70/100|[from] Stealth Rock
|move|p2a: Ferrothorn|Thunder Wave|p1a: Nidoking
|-immune|p1a: Nidoking
|
|-weather|Sandstorm|[upkeep]
|upkeep
|turn|19
|
|t:|1743118696
|switch|p2a: Tyranitar|Tyranitar, F, shiny|100/100
|-damage|p2a: Tyranitar|88/100|[from] Stealth Rock
|move|p1a: Nidoking|Substitute|p1a: Nidoking
|-start|p1a: Nidoking|Substitute
|-damage|p1a: Nidoking|46/100
|
|-weather|Sandstorm|[upkeep]
|upkeep
|turn|20
|
|t:|1743118701
|switch|p2a: Ferrothorn|Ferrothorn, M|100/100
|-damage|p2a: Ferrothorn|94/100|[from] Stealth Rock
|move|p1a: Nidoking|Earth Power|p2a: Ferrothorn
|-damage|p2a: Ferrothorn|41/100
|
|-weather|Sandstorm|[upkeep]
|upkeep
|turn|21
|
|t:|1743118708
|move|p1a: Nidoking|Earth Power|p2a: Ferrothorn
|-damage|p2a: Ferrothorn|0 fnt
|faint|p2a: Ferrothorn
|
|-weather|Sandstorm|[upkeep]
|upkeep
|
|t:|1743118711
|switch|p2a: Tyranitar|Tyranitar, F, shiny|88/100
|-damage|p2a: Tyranitar|76/100|[from] Stealth Rock
|turn|22
|
|t:|1743118716
|move|p1a: Nidoking|Earth Power|p2a: Tyranitar
|-supereffective|p2a: Tyranitar
|-damage|p2a: Tyranitar|19/100
|move|p2a: Tyranitar|Ice Beam|p1a: Nidoking
|-supereffective|p1a: Nidoking
|-end|p1a: Nidoking|Substitute
|
|-weather|Sandstorm|[upkeep]
|upkeep
|turn|23
|-enditem|p2a: Tyranitar|Custap Berry|[eat]
|-activate|p2a: Tyranitar|item: Custap Berry|[consumed]
|
|t:|1743118724
|move|p2a: Tyranitar|Ice Beam|p1a: Nidoking
|-supereffective|p1a: Nidoking
|-damage|p1a: Nidoking|0 fnt
|faint|p1a: Nidoking
|
|-weather|Sandstorm|[upkeep]
|upkeep
|-message|DubbedOn forfeited.
|
|win|Blossummm
|raw|DubbedOn's rating: 1371 &rarr; <strong>1352</strong><br />(-19 for losing)
|raw|Blossummm's rating: 1380 &rarr; <strong>1399</strong><br />(+19 for winning)
|l|☆DubbedOn
|player|p1|
