|j|☆hjdzd
|j|☆atod
|t:|1727012819
|gametype|singles
|player|p1|hjdzd|policeman-gen4|1491
|player|p2|atod|swimmer-gen4dp|1326
|teamsize|p1|6
|teamsize|p2|6
|gen|5
|tier|[Gen 5] OU
|rated|
|rule|Species Clause: Limit one of each Pokémon
|rule|OHKO Clause: OHKO moves are banned
|rule|Moody Clause: Moody is banned
|rule|Evasion Items Clause: Evasion items are banned
|rule|Evasion Moves Clause: Evasion moves are banned
|rule|Endless Battle Clause: Forcing endless battles is banned
|rule|HP Percentage Mod: HP is shown in percentages
|rule|Evasion Abilities Clause: Evasion abilities are banned
|rule|Sleep Moves Clause: Sleep-inducing moves are banned
|rule|Swagger Clause: Swagger is banned
|rule|Baton Pass Stat Clause: No Baton Passer may have a way to boost its stats
|clearpoke
|poke|p1|Tyranitar, F|item
|poke|p1|Bisharp, M|item
|poke|p1|Gyarados, M|item
|poke|p1|Dragonite, M|item
|poke|p1|Garchomp, M|item
|poke|p1|Starmie|item
|poke|p2|Garchomp, F|item
|poke|p2|Dragonite, F|item
|poke|p2|Kyurem-Black|item
|poke|p2|Latios, M|item
|poke|p2|Magnezone|item
|poke|p2|Tentacruel, F|item
|teampreview
|inactive|Battle timer is ON: inactive players will automatically lose when time's up. (requested by atod)
|j| SKT T1 Motherfaker
|inactive|hjdzd has 120 seconds left.
|inactive|hjdzd has 90 seconds left.
|
|t:|1727012895
|start
|switch|p1a: 不会舞|Garchomp, M|100/100
|switch|p2a: Kyurem|Kyurem-Black|100/100
|-ability|p2a: Kyurem|Teravolt
|turn|1
|inactive|hjdzd has 120 seconds left.
|inactive|hjdzd has 90 seconds left.
|
|t:|1727012967
|move|p1a: 不会舞|Dual Chop|p2a: Kyurem
|-supereffective|p2a: Kyurem
|-damage|p2a: Kyurem|49/100
|-supereffective|p2a: Kyurem
|-damage|p2a: Kyurem|0 fnt
|faint|p2a: Kyurem
|-hitcount|p2: Kyurem|2
|
|upkeep
|
|t:|1727012973
|switch|p2a: Latios|Latios, M|100/100
|turn|2
|inactive|hjdzd has 60 seconds left.
|
|t:|1727013009
|switch|p1a: 宇智波班|Tyranitar, F, shiny|100/100
|-weather|Sandstorm|[from] ability: Sand Stream|[of] p1a: 宇智波班
|move|p2a: Latios|Trick|p1a: 宇智波班
|-activate|p2a: Latios|move: Trick|[of] p1a: 宇智波班
|-item|p1a: 宇智波班|Choice Scarf|[from] move: Trick
|-item|p2a: Latios|Chople Berry|[from] move: Trick
|
|-weather|Sandstorm|[upkeep]
|-damage|p2a: Latios|95/100|[from] Sandstorm
|upkeep
|turn|3
|inactive|hjdzd has 60 seconds left.
|
|t:|1727013022
|move|p2a: Latios|Surf|p1a: 宇智波班
|-supereffective|p1a: 宇智波班
|-damage|p1a: 宇智波班|68/100
|move|p1a: 宇智波班|Pursuit|p2a: Latios
|-supereffective|p2a: Latios
|-damage|p2a: Latios|41/100
|
|-weather|Sandstorm|[upkeep]
|-damage|p2a: Latios|35/100|[from] Sandstorm
|upkeep
|turn|4
|
|t:|1727013031
|move|p2a: Latios|Draco Meteor|p1a: 宇智波班
|-damage|p1a: 宇智波班|33/100
|-unboost|p2a: Latios|spa|2
|move|p1a: 宇智波班|Pursuit|p2a: Latios
|-supereffective|p2a: Latios
|-damage|p2a: Latios|0 fnt
|faint|p2a: Latios
|
|-weather|Sandstorm|[upkeep]
|upkeep
|
|t:|1727013037
|switch|p2a: Garchomp|Garchomp, F|100/100
|turn|5
|inactive|hjdzd has 60 seconds left.
|
|t:|1727013062
|switch|p1a: 红烧鲤鱼|Gyarados, M, shiny|100/100
|move|p2a: Garchomp|Swords Dance|p2a: Garchomp
|-boost|p2a: Garchomp|atk|2
|
|-weather|Sandstorm|[upkeep]
|-damage|p1a: 红烧鲤鱼|94/100|[from] Sandstorm
|-heal|p1a: 红烧鲤鱼|100/100|[from] item: Leftovers
|upkeep
|turn|6
|inactive|hjdzd has 60 seconds left.
|
|t:|1727013095
|switch|p1a: 宇智波班|Tyranitar, F, shiny|33/100
|move|p2a: Garchomp|Dragon Claw|p1a: 宇智波班
|-damage|p1a: 宇智波班|0 fnt
|faint|p1a: 宇智波班
|
|-weather|Sandstorm|[upkeep]
|upkeep
|inactive|hjdzd has 30 seconds left.
|
|t:|1727013105
|switch|p1a: 深海少女在线Water Spout|Starmie, shiny|100/100
|turn|7
|inactive|hjdzd has 30 seconds left.
|inactive|hjdzd has 20 seconds left.
|inactive|hjdzd has 15 seconds left.
|inactive|hjdzd has 10 seconds left.
|inactive|hjdzd has 5 seconds left.
|
|t:|1727013141
|move|p1a: 深海少女在线Water Spout|Ice Beam|p2a: Garchomp
|-supereffective|p2a: Garchomp
|-damage|p2a: Garchomp|0 fnt
|faint|p2a: Garchomp
|
|-weather|Sandstorm|[upkeep]
|-damage|p1a: 深海少女在线Water Spout|94/100|[from] Sandstorm
|upkeep
|inactive|hjdzd has 10 seconds left this turn.
|
|t:|1727013148
|switch|p2a: Tentacruel|Tentacruel, F|100/100
|turn|8
|inactive|hjdzd has 20 seconds left this turn.
|inactive|hjdzd has 15 seconds left.
|
|t:|1727013158
|switch|p1a: 红烧鲤鱼|Gyarados, M, shiny|100/100
|move|p2a: Tentacruel|Toxic|p1a: 红烧鲤鱼
|-status|p1a: 红烧鲤鱼|tox
|
|-weather|Sandstorm|[upkeep]
|-damage|p2a: Tentacruel|94/100|[from] Sandstorm
|-damage|p1a: 红烧鲤鱼|94/100 tox|[from] Sandstorm
|-heal|p2a: Tentacruel|100/100|[from] item: Black Sludge
|-heal|p1a: 红烧鲤鱼|100/100 tox|[from] item: Leftovers
|-damage|p1a: 红烧鲤鱼|94/100 tox|[from] psn
|upkeep
|turn|9
|inactive|hjdzd has 25 seconds left this turn.
|inactive|hjdzd has 20 seconds left.
|
|t:|1727013169
|switch|p2a: Magnezone|Magnezone|100/100
|-item|p2a: Magnezone|Air Balloon
|move|p1a: 红烧鲤鱼|Dragon Dance|p1a: 红烧鲤鱼
|-boost|p1a: 红烧鲤鱼|atk|1
|-boost|p1a: 红烧鲤鱼|spe|1
|
|-weather|Sandstorm|[upkeep]
|-damage|p1a: 红烧鲤鱼|88/100 tox|[from] Sandstorm
|-heal|p1a: 红烧鲤鱼|94/100 tox|[from] item: Leftovers
|-damage|p1a: 红烧鲤鱼|82/100 tox|[from] psn
|upkeep
|turn|10
|inactive|hjdzd has 30 seconds left this turn.
|
|t:|1727013174
|move|p1a: 红烧鲤鱼|Waterfall|p2a: Magnezone
|-damage|p2a: Magnezone|26/100
|-enditem|p2a: Magnezone|Air Balloon
|move|p2a: Magnezone|Thunderbolt|p1a: 红烧鲤鱼
|-supereffective|p1a: 红烧鲤鱼
|-damage|p1a: 红烧鲤鱼|0 fnt
|faint|p1a: 红烧鲤鱼
|
|-weather|Sandstorm|[upkeep]
|upkeep
|inactive|hjdzd has 30 seconds left.
|
|t:|1727013183
|switch|p1a: 深海少女在线Water Spout|Starmie, shiny|94/100
|turn|11
|
|t:|1727013186
|move|p1a: 深海少女在线Water Spout|Scald|p2a: Magnezone
|-damage|p2a: Magnezone|0 fnt
|faint|p2a: Magnezone
|
|-weather|Sandstorm|[upkeep]
|-damage|p1a: 深海少女在线Water Spout|88/100|[from] Sandstorm
|upkeep
|
|t:|1727013190
|switch|p2a: Tentacruel|Tentacruel, F|100/100
|turn|12
|
|t:|1727013195
|switch|p1a: 宇智波刚|Bisharp, M, shiny|100/100
|move|p2a: Tentacruel|Toxic|p1a: 宇智波刚
|-immune|p1a: 宇智波刚
|
|-weather|Sandstorm|[upkeep]
|-damage|p2a: Tentacruel|94/100|[from] Sandstorm
|-heal|p2a: Tentacruel|100/100|[from] item: Black Sludge
|upkeep
|turn|13
|inactive|hjdzd has 60 seconds left.
|
|t:|1727013205
|move|p2a: Tentacruel|Scald|p1a: 宇智波刚
|-damage|p1a: 宇智波刚|66/100
|move|p1a: 宇智波刚|Swords Dance|p1a: 宇智波刚
|-boost|p1a: 宇智波刚|atk|2
|
|-weather|Sandstorm|[upkeep]
|-damage|p2a: Tentacruel|94/100|[from] Sandstorm
|-heal|p2a: Tentacruel|100/100|[from] item: Black Sludge
|-heal|p1a: 宇智波刚|72/100|[from] item: Leftovers
|upkeep
|turn|14
|
|t:|1727013210
|move|p1a: 宇智波刚|Sucker Punch|p2a: Tentacruel
|-damage|p2a: Tentacruel|0 fnt
|faint|p2a: Tentacruel
|
|-weather|Sandstorm|[upkeep]
|-heal|p1a: 宇智波刚|78/100|[from] item: Leftovers
|upkeep
|
|t:|1727013212
|switch|p2a: Dragonite|Dragonite, F|100/100
|turn|15
|
|t:|1727013217
|move|p2a: Dragonite|Brick Break|p1a: 宇智波刚
|-supereffective|p1a: 宇智波刚
|-damage|p1a: 宇智波刚|0 fnt
|faint|p1a: 宇智波刚
|
|-weather|Sandstorm|[upkeep]
|-damage|p2a: Dragonite|94/100|[from] Sandstorm
|upkeep
|
|t:|1727013221
|switch|p1a: 深海少女在线Water Spout|Starmie, shiny|88/100
|turn|16
|
|t:|1727013225
|move|p1a: 深海少女在线Water Spout|Ice Beam|p2a: Dragonite
|-supereffective|p2a: Dragonite
|-damage|p2a: Dragonite|0 fnt
|faint|p2a: Dragonite
|
|win|hjdzd
|raw|hjdzd's rating: 1491 &rarr; <strong>1502</strong><br />(+11 for winning)
|raw|atod's rating: 1326 &rarr; <strong>1315</strong><br />(-11 for losing)
|l|☆atod
|player|p2|
|l|☆hjdzd
|player|p1|
