|j|☆SenchaSencha
|j|☆WeR#4Hay!
|t:|1743213450
|gametype|singles
|player|p1|SenchaSencha|elesa|1361
|player|p2|WeR#4Hay!|170|1412
|teamsize|p1|6
|teamsize|p2|6
|gen|5
|tier|[Gen 5] OU
|rated|
|rule|Species Clause: Limit one of each Pokémon
|rule|OHKO Clause: OHKO moves are banned
|rule|Moody Clause: Moody is banned
|rule|Evasion Items Clause: Evasion items are banned
|rule|Evasion Moves Clause: Evasion moves are banned
|rule|Endless Battle Clause: Forcing endless battles is banned
|rule|HP Percentage Mod: HP is shown in percentages
|rule|Evasion Abilities Clause: Evasion abilities are banned
|rule|Sleep Moves Clause: Sleep-inducing moves are banned
|rule|Swagger Clause: Swagger is banned
|rule|Baton Pass Stat Clause: No Baton Passer may have a way to boost its stats
|clearpoke
|poke|p1|Gliscor, F|item
|poke|p1|Forretress, F|item
|poke|p1|Clefable, M|item
|poke|p1|Kyurem-Black|item
|poke|p1|Latios, M|item
|poke|p1|Abomasnow, M|item
|poke|p2|Breloom, M|item
|poke|p2|Heatran, M|item
|poke|p2|Rotom-Wash|item
|poke|p2|Jirachi|item
|poke|p2|Latias, F|item
|poke|p2|Landorus-Therian, M|item
|teampreview
|
|t:|1743213485
|start
|switch|p1a: Gliscor|Gliscor, F|100/100
|switch|p2a: Takeshi Maenami|Heatran, M|100/100
|-item|p2a: Takeshi Maenami|Air Balloon
|turn|1
|
|t:|1743213492
|move|p2a: Takeshi Maenami|Hidden Power|p1a: Gliscor
|-supereffective|p1a: Gliscor
|-damage|p1a: Gliscor|11/100
|move|p1a: Gliscor|Stealth Rock|p2a: Takeshi Maenami
|-sidestart|p2: WeR#4Hay!|move: Stealth Rock
|
|-status|p1a: Gliscor|tox|[from] item: Toxic Orb
|upkeep
|turn|2
|
|t:|1743213497
|move|p1a: Gliscor|Protect|p1a: Gliscor
|-singleturn|p1a: Gliscor|Protect
|move|p2a: Takeshi Maenami|Lava Plume|p1a: Gliscor
|-activate|p1a: Gliscor|move: Protect
|
|-heal|p1a: Gliscor|24/100 tox|[from] ability: Poison Heal
|upkeep
|turn|3
|
|t:|1743213504
|switch|p1a: Clefable|Clefable, M, shiny|100/100
|move|p2a: Takeshi Maenami|Magma Storm|p1a: Clefable
|-damage|p1a: Clefable|52/100
|-activate|p1a: Clefable|move: Magma Storm|[of] p2a: Takeshi Maenami
|
|-heal|p1a: Clefable|58/100|[from] item: Leftovers
|upkeep
|turn|4
|
|t:|1743213511
|move|p2a: Takeshi Maenami|Taunt|p1a: Clefable
|-start|p1a: Clefable|move: Taunt
|cant|p1a: Clefable|move: Taunt|Thunder Wave
|
|-heal|p1a: Clefable|64/100|[from] item: Leftovers
|upkeep
|turn|5
|
|t:|1743213515
|move|p2a: Takeshi Maenami|Lava Plume|p1a: Clefable
|-damage|p1a: Clefable|32/100
|-status|p1a: Clefable|brn
|move|p1a: Clefable|Seismic Toss|p2a: Takeshi Maenami
|-damage|p2a: Takeshi Maenami|70/100
|-enditem|p2a: Takeshi Maenami|Air Balloon
|
|-heal|p1a: Clefable|39/100 brn|[from] item: Leftovers
|upkeep
|turn|6
|
|t:|1743213521
|move|p2a: Takeshi Maenami|Lava Plume|p1a: Clefable
|-damage|p1a: Clefable|3/100 brn
|move|p1a: Clefable|Seismic Toss|p2a: Takeshi Maenami
|-damage|p2a: Takeshi Maenami|39/100
|
|-heal|p1a: Clefable|9/100 brn|[from] item: Leftovers
|-end|p1a: Clefable|move: Taunt
|upkeep
|turn|7
|
|t:|1743213529
|move|p2a: Takeshi Maenami|Lava Plume|p1a: Clefable
|-damage|p1a: Clefable|0 fnt
|faint|p1a: Clefable
|
|upkeep
|
|t:|1743213556
|switch|p1a: Latios|Latios, M|100/100
|turn|8
|
|t:|1743213579
|switch|p2a: Satoshi Nakano|Jirachi|100/100
|-damage|p2a: Satoshi Nakano|94/100|[from] Stealth Rock
|move|p1a: Latios|Calm Mind|p1a: Latios
|-boost|p1a: Latios|spa|1
|-boost|p1a: Latios|spd|1
|
|upkeep
|turn|9
|
|t:|1743213595
|switch|p1a: Forretress|Forretress, F, shiny|100/100
|move|p2a: Satoshi Nakano|U-turn|p1a: Forretress
|-resisted|p1a: Forretress
|-damage|p1a: Forretress|96/100
|
|t:|1743213597
|switch|p2a: Takeshi Maenami|Heatran, M|39/100|[from] U-turn
|-damage|p2a: Takeshi Maenami|26/100|[from] Stealth Rock
|
|-heal|p1a: Forretress|100/100|[from] item: Leftovers
|upkeep
|turn|10
|
|t:|1743213620
|switch|p1a: Latios|Latios, M|100/100
|move|p2a: Takeshi Maenami|Lava Plume|p1a: Latios
|-resisted|p1a: Latios
|-damage|p1a: Latios|76/100
|-status|p1a: Latios|brn
|
|-damage|p1a: Latios|63/100 brn|[from] brn
|upkeep
|turn|11
|
|t:|1743213630
|switch|p2a: Satoshi Nakano|Jirachi|94/100
|-damage|p2a: Satoshi Nakano|88/100|[from] Stealth Rock
|move|p1a: Latios|Draco Meteor|p2a: Satoshi Nakano
|-resisted|p2a: Satoshi Nakano
|-damage|p2a: Satoshi Nakano|66/100
|-unboost|p1a: Latios|spa|2
|
|-damage|p1a: Latios|51/100 brn|[from] brn
|upkeep
|turn|12
|
|t:|1743213638
|switch|p1a: Forretress|Forretress, F, shiny|100/100
|move|p2a: Satoshi Nakano|U-turn|p1a: Forretress
|-resisted|p1a: Forretress
|-damage|p1a: Forretress|96/100
|
|t:|1743213641
|switch|p2a: Takeshi Maenami|Heatran, M|26/100|[from] U-turn
|-damage|p2a: Takeshi Maenami|14/100|[from] Stealth Rock
|
|-heal|p1a: Forretress|100/100|[from] item: Leftovers
|upkeep
|turn|13
|
|t:|1743213644
|switch|p1a: Latios|Latios, M|51/100 brn
|move|p2a: Takeshi Maenami|Magma Storm|p1a: Latios
|-resisted|p1a: Latios
|-damage|p1a: Latios|15/100 brn
|-activate|p1a: Latios|move: Magma Storm|[of] p2a: Takeshi Maenami
|
|-damage|p1a: Latios|3/100 brn|[from] brn
|-damage|p1a: Latios|0 fnt|[from] move: Magma Storm|[partiallytrapped]
|faint|p1a: Latios
|upkeep
|
|t:|1743213653
|switch|p1a: Kyurem|Kyurem-Black, shiny|100/100
|-ability|p1a: Kyurem|Teravolt
|turn|14
|
|t:|1743213666
|switch|p2a: Yusuke Oshida|Landorus-Therian, M|100/100
|-damage|p2a: Yusuke Oshida|88/100|[from] Stealth Rock
|-ability|p2a: Yusuke Oshida|Intimidate|boost
|-unboost|p1a: Kyurem|atk|1
|move|p1a: Kyurem|Dragon Claw|p2a: Yusuke Oshida
|-damage|p2a: Yusuke Oshida|51/100
|
|upkeep
|turn|15
|
|t:|1743213721
|switch|p1a: Abomasnow|Abomasnow, M|100/100
|-weather|Hail|[from] ability: Snow Warning|[of] p1a: Abomasnow
|move|p2a: Yusuke Oshida|U-turn|p1a: Abomasnow
|-supereffective|p1a: Abomasnow
|-damage|p1a: Abomasnow|31/100
|
|t:|1743213757
|switch|p2a: Satoshi Nakano|Jirachi|66/100|[from] U-turn
|-damage|p2a: Satoshi Nakano|60/100|[from] Stealth Rock
|
|-weather|Hail|[upkeep]
|-damage|p2a: Satoshi Nakano|54/100|[from] Hail
|upkeep
|turn|16
|
|t:|1743213767
|switch|p1a: Forretress|Forretress, F, shiny|100/100
|move|p2a: Satoshi Nakano|Stealth Rock|p1a: Forretress
|-sidestart|p1: SenchaSencha|move: Stealth Rock
|
|-weather|Hail|[upkeep]
|-damage|p2a: Satoshi Nakano|48/100|[from] Hail
|upkeep
|turn|17
|
|t:|1743213781
|move|p2a: Satoshi Nakano|Healing Wish|p2a: Satoshi Nakano
|faint|p2a: Satoshi Nakano
|move|p1a: Forretress|Rapid Spin|p2: Satoshi Nakano|[notarget]
|-fail|p1a: Forretress
|
|-weather|Hail|[upkeep]
|upkeep
|
|t:|1743213784
|switch|p2a: Takeshi Maenami|Heatran, M|14/100
|-heal|p2a: Takeshi Maenami|100/100|[from] move: Healing Wish
|-damage|p2a: Takeshi Maenami|88/100|[from] Stealth Rock
|turn|18
|
|t:|1743213897
|move|p2a: Takeshi Maenami|Lava Plume|p1a: Forretress
|-supereffective|p1a: Forretress
|-damage|p1a: Forretress|0 fnt
|faint|p1a: Forretress
|
|-weather|Hail|[upkeep]
|-damage|p2a: Takeshi Maenami|82/100|[from] Hail
|upkeep
|
|t:|1743213905
|switch|p1a: Kyurem|Kyurem-Black, shiny|100/100
|-damage|p1a: Kyurem|76/100|[from] Stealth Rock
|-ability|p1a: Kyurem|Teravolt
|turn|19
|
|t:|1743213916
|move|p1a: Kyurem|Outrage|p2a: Takeshi Maenami
|-resisted|p2a: Takeshi Maenami
|-damage|p2a: Takeshi Maenami|45/100
|move|p2a: Takeshi Maenami|Lava Plume|p1a: Kyurem
|-damage|p1a: Kyurem|30/100
|
|-weather|Hail|[upkeep]
|-damage|p2a: Takeshi Maenami|39/100|[from] Hail
|upkeep
|turn|20
|
|t:|1743213923
|move|p1a: Kyurem|Outrage|p2a: Takeshi Maenami|[from] lockedmove
|-resisted|p2a: Takeshi Maenami
|-crit|p2a: Takeshi Maenami
|-damage|p2a: Takeshi Maenami|0 fnt
|faint|p2a: Takeshi Maenami
|
|-weather|Hail|[upkeep]
|upkeep
|
|t:|1743213925
|switch|p2a: Masaaki Iwane|Breloom, M|100/100
|-damage|p2a: Masaaki Iwane|94/100|[from] Stealth Rock
|turn|21
|
|t:|1743213929
|move|p2a: Masaaki Iwane|Mach Punch|p1a: Kyurem
|-supereffective|p1a: Kyurem
|-crit|p1a: Kyurem
|-damage|p1a: Kyurem|0 fnt
|faint|p1a: Kyurem
|
|-weather|Hail|[upkeep]
|-damage|p2a: Masaaki Iwane|88/100|[from] Hail
|upkeep
|
|t:|1743213932
|switch|p1a: Gliscor|Gliscor, F|24/100 tox
|-damage|p1a: Gliscor|11/100 tox|[from] Stealth Rock
|turn|22
|
|t:|1743213939
|move|p2a: Masaaki Iwane|Mach Punch|p1a: Gliscor
|-resisted|p1a: Gliscor
|-damage|p1a: Gliscor|0 fnt
|faint|p1a: Gliscor
|
|-weather|Hail|[upkeep]
|-damage|p2a: Masaaki Iwane|82/100|[from] Hail
|upkeep
|
|t:|1743213942
|switch|p1a: Abomasnow|Abomasnow, M|31/100
|-damage|p1a: Abomasnow|6/100|[from] Stealth Rock
|turn|23
|
|t:|1743213952
|switch|p2a: Yusuke Oshida|Landorus-Therian, M|51/100
|-damage|p2a: Yusuke Oshida|39/100|[from] Stealth Rock
|-ability|p2a: Yusuke Oshida|Intimidate|boost
|-unboost|p1a: Abomasnow|atk|1
|move|p1a: Abomasnow|Ice Shard|p2a: Yusuke Oshida
|-supereffective|p2a: Yusuke Oshida
|-damage|p2a: Yusuke Oshida|0 fnt
|faint|p2a: Yusuke Oshida
|
|-weather|Hail|[upkeep]
|upkeep
|
|t:|1743213955
|switch|p2a: Hanako Ueda|Latias, F|100/100
|-damage|p2a: Hanako Ueda|88/100|[from] Stealth Rock
|turn|24
|
|t:|1743213959
|move|p2a: Hanako Ueda|Surf|p1a: Abomasnow
|-resisted|p1a: Abomasnow
|-damage|p1a: Abomasnow|0 fnt
|faint|p1a: Abomasnow
|
|win|WeR#4Hay!
|raw|SenchaSencha's rating: 1361 &rarr; <strong>1344</strong><br />(-17 for losing)
|raw|WeR#4Hay!'s rating: 1412 &rarr; <strong>1429</strong><br />(+17 for winning)
|l|☆SenchaSencha
|player|p1|
|c|☆WeR#4Hay!|gg
