|join|Best GEN 5 Player
|join|basco
|player|p1|Best GEN 5 Player|265
|player|p2|basco|101
|gametype|singles
|gen|5
|tier|[Gen 5] OU
|rated
|rule|Evasion Abilities Clause: Evasion abilities are banned
|clearpoke
|poke|p1|Politoed, F
|poke|p1|Tentacruel, M
|poke|p1|Ferrothorn, M
|poke|p1|Thundurus-Therian, M
|poke|p1|Dragonite, M
|poke|p1|Scizor, F
|poke|p2|Tyranitar, M
|poke|p2|Magnezone
|poke|p2|Terrakion
|poke|p2|Latios, M, shiny
|poke|p2|Scizor, F, shiny
|poke|p2|Landorus-Therian, M
|rule|Sleep Clause Mod: Limit one foe put to sleep
|rule|Species Clause: Limit one of each Pokemon
|rule|OHKO Clause: OHKO moves are banned
|rule|Moody Clause: Moody is banned
|rule|Evasion Moves Clause: Evasion moves are banned
|rule|Endless Battle Clause: Forcing endless battles is banned.
|rule|HP Percentage Mod: HP is reported as percentages
|teampreview
|
|start
|switch|p1a: RAIDEN|Thundurus-Therian, M|300/300
|switch|p2a: Bron Bron|Landorus-Therian, M|382/382
|-ability|p2a: Bron Bron|Intimidate|[of] p1a: RAIDEN
|-unboost|p1a: RAIDEN|atk|1
|turn|1
|
|switch|p1a: BEYBLADE|Ferrothorn, M|352/352
|switch|p2a: Miller|Scizor, F, shiny|343/343
|
|turn|2
|
|move|p2a: Miller|U-turn|p1a: BEYBLADE
|-damage|p1a: BEYBLADE|232/352
|-damage|p2a: Miller|301/343|[from] ability: Iron Barbs|[of] p1a: BEYBLADE
|
|switch|p2a: Bron Bron|Landorus-Therian, M|382/382
|-ability|p2a: Bron Bron|Intimidate|[of] p1a: BEYBLADE
|-unboost|p1a: BEYBLADE|atk|1
|move|p1a: BEYBLADE|Stealth Rock|p2a: Bron Bron
|-sidestart|p2: basco|move: Stealth Rock
|
|-heal|p1a: BEYBLADE|254/352|[from] item: Leftovers
|turn|3
|
|switch|p1a: RAIDEN|Thundurus-Therian, M|300/300
|move|p2a: Bron Bron|U-turn|p1a: RAIDEN
|-resisted|p1a: RAIDEN
|-damage|p1a: RAIDEN|236/300
|
|switch|p2a: D.Wade|Terrakion|323/323
|-damage|p2a: D.Wade|303/323|[from] Stealth Rock
|
|turn|4
|
|move|p2a: D.Wade|Stone Edge|p1a: RAIDEN
|-supereffective|p1a: RAIDEN
|-damage|p1a: RAIDEN|0 fnt
|faint|p1a: RAIDEN
|
|
|switch|p1a: YOLO|Scizor, F|344/344
|turn|5
|
|switch|p2a: Bron Bron|Landorus-Therian, M|382/382
|-damage|p2a: Bron Bron|335/382|[from] Stealth Rock
|-ability|p2a: Bron Bron|Intimidate|[of] p1a: YOLO
|-unboost|p1a: YOLO|atk|1
|switch|p1a: GAY FROG|Politoed, F|384/384
|-weather|RainDance|[from] ability: Drizzle|[of] p1a: GAY FROG
|
|-weather|RainDance|[upkeep]
|turn|6
|
|move|p1a: GAY FROG|Protect|p1a: GAY FROG
|-singleturn|p1a: GAY FROG|Protect
|move|p2a: Bron Bron|U-turn|p1a: GAY FROG
|-activate|p1a: GAY FROG|Protect
|
|-weather|RainDance|[upkeep]
|turn|7
|
|move|p2a: Bron Bron|U-turn|p1a: GAY FROG
|-damage|p1a: GAY FROG|259/384
|
|switch|p2a: Pat Riely|Tyranitar, M|403/403
|-damage|p2a: Pat Riely|353/403|[from] Stealth Rock
|-weather|Sandstorm|[from] ability: Sand Stream|[of] p2a: Pat Riely
|move|p1a: GAY FROG|Toxic|p2a: Pat Riely
|-status|p2a: Pat Riely|tox
|
|-weather|Sandstorm|[upkeep]
|-damage|p1a: GAY FROG|235/384|[from] sandstorm
|-heal|p1a: GAY FROG|259/384|[from] item: Leftovers
|-heal|p2a: Pat Riely|378/403 tox|[from] item: Leftovers
|-damage|p2a: Pat Riely|353/403 tox|[from] psn
|turn|8
|
|move|p2a: Pat Riely|Pursuit|p1a: GAY FROG|[from]Pursuit
|-damage|p1a: GAY FROG|100/384
|switch|p1a: YOLO|Scizor, F|344/344
|
|-weather|Sandstorm|[upkeep]
|-heal|p2a: Pat Riely|378/403 tox|[from] item: Leftovers
|-damage|p2a: Pat Riely|328/403 tox|[from] psn
|turn|9
|
|switch|p2a: Bron Bron|Landorus-Therian, M|335/382
|-damage|p2a: Bron Bron|288/382|[from] Stealth Rock
|-ability|p2a: Bron Bron|Intimidate|[of] p1a: YOLO
|-unboost|p1a: YOLO|atk|1
|move|p1a: YOLO|U-turn|p2a: Bron Bron
|-resisted|p2a: Bron Bron
|-damage|p2a: Bron Bron|216/382
|
|switch|p1a: GAY FROG|Politoed, F|100/384
|-weather|RainDance|[from] ability: Drizzle|[of] p1a: GAY FROG
|
|-weather|RainDance|[upkeep]
|-heal|p1a: GAY FROG|124/384|[from] item: Leftovers
|turn|10
|
|move|p1a: GAY FROG|Protect|p1a: GAY FROG
|-singleturn|p1a: GAY FROG|Protect
|move|p2a: Bron Bron|Earthquake|p1a: GAY FROG
|-activate|p1a: GAY FROG|Protect
|
|-weather|RainDance|[upkeep]
|-heal|p1a: GAY FROG|148/384|[from] item: Leftovers
|turn|11
|join|andytuan
|leave|andytuan
|
|switch|p1a: YOLO|Scizor, F|344/344
|move|p2a: Bron Bron|U-turn|p1a: YOLO
|-resisted|p1a: YOLO
|-damage|p1a: YOLO|292/344
|
|switch|p2a: Pat Riely|Tyranitar, M|328/403 tox
|-damage|p2a: Pat Riely|278/403 tox|[from] Stealth Rock
|-weather|Sandstorm|[from] ability: Sand Stream|[of] p2a: Pat Riely
|
|-weather|Sandstorm|[upkeep]
|-heal|p2a: Pat Riely|303/403 tox|[from] item: Leftovers
|-damage|p2a: Pat Riely|278/403 tox|[from] psn
|turn|12
|
|switch|p2a: Bron Bron|Landorus-Therian, M|216/382
|-damage|p2a: Bron Bron|169/382|[from] Stealth Rock
|-ability|p2a: Bron Bron|Intimidate|[of] p1a: YOLO
|-unboost|p1a: YOLO|atk|1
|move|p1a: YOLO|U-turn|p2a: Bron Bron
|-resisted|p2a: Bron Bron
|-damage|p2a: Bron Bron|89/382
|
|switch|p1a: GAY FROG|Politoed, F|148/384
|-weather|RainDance|[from] ability: Drizzle|[of] p1a: GAY FROG
|
|-weather|RainDance|[upkeep]
|-heal|p1a: GAY FROG|172/384|[from] item: Leftovers
|turn|13
|
|switch|p1a: BEYBLADE|Ferrothorn, M|254/352
|move|p2a: Bron Bron|U-turn|p1a: BEYBLADE
|-damage|p1a: BEYBLADE|196/352
|-damage|p2a: Bron Bron|42/382|[from] ability: Iron Barbs|[of] p1a: BEYBLADE
|
|switch|p2a: Ray Allen|Magnezone|283/283
|-damage|p2a: Ray Allen|266/283|[from] Stealth Rock
|
|-weather|RainDance|[upkeep]
|-heal|p2a: Ray Allen|283/283|[from] item: Leftovers
|-heal|p1a: BEYBLADE|218/352|[from] item: Leftovers
|turn|14
|
|move|p2a: Ray Allen|Substitute|p2a: Ray Allen
|-start|p2a: Ray Allen|Substitute
|-damage|p2a: Ray Allen|213/283
|move|p1a: BEYBLADE|Gyro Ball|p2a: Ray Allen
|-resisted|p2a: Ray Allen
|-activate|p2a: Ray Allen|Substitute|[damage]
|
|-weather|RainDance|[upkeep]
|-heal|p2a: Ray Allen|230/283|[from] item: Leftovers
|-heal|p1a: BEYBLADE|240/352|[from] item: Leftovers
|turn|15
|
|move|p2a: Ray Allen|Charge Beam|p1a: BEYBLADE
|-resisted|p1a: BEYBLADE
|-damage|p1a: BEYBLADE|199/352
|-boost|p2a: Ray Allen|spa|1
|move|p1a: BEYBLADE|Gyro Ball|p2a: Ray Allen
|-resisted|p2a: Ray Allen
|-end|p2a: Ray Allen|Substitute
|
|-weather|RainDance|[upkeep]
|-heal|p2a: Ray Allen|247/283|[from] item: Leftovers
|-heal|p1a: BEYBLADE|221/352|[from] item: Leftovers
|turn|16
|
|move|p2a: Ray Allen|Substitute|p2a: Ray Allen
|-start|p2a: Ray Allen|Substitute
|-damage|p2a: Ray Allen|177/283
|move|p1a: BEYBLADE|Gyro Ball|p2a: Ray Allen
|-resisted|p2a: Ray Allen
|-activate|p2a: Ray Allen|Substitute|[damage]
|
|-weather|RainDance|[upkeep]
|-heal|p2a: Ray Allen|194/283|[from] item: Leftovers
|-heal|p1a: BEYBLADE|243/352|[from] item: Leftovers
|turn|17
|join|chadbruv
|chat|chadbruv|lol 
|
|move|p2a: Ray Allen|Charge Beam|p1a: BEYBLADE
|-resisted|p1a: BEYBLADE
|-damage|p1a: BEYBLADE|189/352
|-boost|p2a: Ray Allen|spa|1
|move|p1a: BEYBLADE|Gyro Ball|p2a: Ray Allen
|-resisted|p2a: Ray Allen
|-end|p2a: Ray Allen|Substitute
|
|-weather|RainDance|[upkeep]
|-heal|p2a: Ray Allen|211/283|[from] item: Leftovers
|-heal|p1a: BEYBLADE|211/352|[from] item: Leftovers
|turn|18
|chat|chadbruv|best gen 5
|
|move|p2a: Ray Allen|Substitute|p2a: Ray Allen
|-start|p2a: Ray Allen|Substitute
|-damage|p2a: Ray Allen|141/283
|move|p1a: BEYBLADE|Power Whip|p2a: Ray Allen
|-resisted|p2a: Ray Allen
|-activate|p2a: Ray Allen|Substitute|[damage]
|
|-weather|RainDance|[upkeep]
|-heal|p2a: Ray Allen|158/283|[from] item: Leftovers
|-heal|p1a: BEYBLADE|233/352|[from] item: Leftovers
|turn|19
|chat|Best GEN 5 Player|yup :3
|chat|chadbruv|probly hasnt been rank 1 
|
|move|p2a: Ray Allen|Charge Beam|p1a: BEYBLADE
|-resisted|p1a: BEYBLADE
|-damage|p1a: BEYBLADE|161/352
|-boost|p2a: Ray Allen|spa|1
|move|p1a: BEYBLADE|Gyro Ball|p2a: Ray Allen
|-resisted|p2a: Ray Allen
|-end|p2a: Ray Allen|Substitute
|
|-weather|RainDance|[upkeep]
|-heal|p2a: Ray Allen|175/283|[from] item: Leftovers
|-heal|p1a: BEYBLADE|183/352|[from] item: Leftovers
|turn|20
|chat|Best GEN 5 Player|not reached 3
|chat|basco|O_O
|chat|Best GEN 5 Player|i ladder in po
|
|move|p2a: Ray Allen|Substitute|p2a: Ray Allen
|-start|p2a: Ray Allen|Substitute
|-damage|p2a: Ray Allen|105/283
|move|p1a: BEYBLADE|Gyro Ball|p2a: Ray Allen
|-resisted|p2a: Ray Allen
|-activate|p2a: Ray Allen|Substitute|[damage]
|
|-weather|RainDance|[upkeep]
|-heal|p2a: Ray Allen|122/283|[from] item: Leftovers
|-heal|p1a: BEYBLADE|205/352|[from] item: Leftovers
|turn|21
|
|move|p2a: Ray Allen|Charge Beam|p1a: BEYBLADE
|-crit|p1a: BEYBLADE
|-resisted|p1a: BEYBLADE
|-damage|p1a: BEYBLADE|6/352
|-boost|p2a: Ray Allen|spa|1
|move|p1a: BEYBLADE|Gyro Ball|p2a: Ray Allen
|-resisted|p2a: Ray Allen
|-end|p2a: Ray Allen|Substitute
|
|-weather|RainDance|[upkeep]
|-heal|p2a: Ray Allen|139/283|[from] item: Leftovers
|-heal|p1a: BEYBLADE|28/352|[from] item: Leftovers
|turn|22
|chat|Best GEN 5 Player|oh man lol
|
|move|p2a: Ray Allen|Substitute|p2a: Ray Allen
|-start|p2a: Ray Allen|Substitute
|-damage|p2a: Ray Allen|69/283
|move|p1a: BEYBLADE|Power Whip|p2a: Ray Allen
|-resisted|p2a: Ray Allen
|-activate|p2a: Ray Allen|Substitute|[damage]
|
|-weather|RainDance|[upkeep]
|-heal|p2a: Ray Allen|86/283|[from] item: Leftovers
|-heal|p1a: BEYBLADE|50/352|[from] item: Leftovers
|turn|23
|
|move|p2a: Ray Allen|Charge Beam|p1a: BEYBLADE|[miss]
|-miss|p2a: Ray Allen|p1a: BEYBLADE
|move|p1a: BEYBLADE|Power Whip|p2a: Ray Allen
|-resisted|p2a: Ray Allen
|-end|p2a: Ray Allen|Substitute
|
|-weather|RainDance|[upkeep]
|-heal|p2a: Ray Allen|103/283|[from] item: Leftovers
|-heal|p1a: BEYBLADE|72/352|[from] item: Leftovers
|turn|24
|
|move|p2a: Ray Allen|Substitute|p2a: Ray Allen
|-start|p2a: Ray Allen|Substitute
|-damage|p2a: Ray Allen|33/283
|move|p1a: BEYBLADE|Gyro Ball|p2a: Ray Allen
|-resisted|p2a: Ray Allen
|-activate|p2a: Ray Allen|Substitute|[damage]
|
|-weather|RainDance|[upkeep]
|-heal|p2a: Ray Allen|50/283|[from] item: Leftovers
|-heal|p1a: BEYBLADE|94/352|[from] item: Leftovers
|turn|25
|
|move|p2a: Ray Allen|Hidden Power|p1a: BEYBLADE
|-supereffective|p1a: BEYBLADE
|-damage|p1a: BEYBLADE|0 fnt
|faint|p1a: BEYBLADE
|
|-weather|RainDance|[upkeep]
|-heal|p2a: Ray Allen|67/283|[from] item: Leftovers
|
|switch|p1a: ALDUIN|Dragonite, M|324/324
|turn|26
|
|move|p1a: ALDUIN|Earthquake|p2a: Ray Allen
|-supereffective|p2a: Ray Allen
|-end|p2a: Ray Allen|Substitute
|move|p2a: Ray Allen|Flash Cannon|p1a: ALDUIN
|-damage|p1a: ALDUIN|106/324
|-unboost|p1a: ALDUIN|spd|1
|
|-weather|RainDance|[upkeep]
|-heal|p2a: Ray Allen|84/283|[from] item: Leftovers
|turn|27
|
|switch|p2a: Bron Bron|Landorus-Therian, M|42/382
|-damage|p2a: Bron Bron|0 fnt|[from] Stealth Rock
|faint|p2a: Bron Bron
|move|p1a: ALDUIN|Earthquake|p2: Bron Bron|[notarget]
|-notarget
|
|-weather|RainDance|[upkeep]
|
|switch|p2a: Miller|Scizor, F, shiny|301/343
|-damage|p2a: Miller|259/343|[from] Stealth Rock
|turn|28
|
|switch|p1a: SQUIDWARD|Tentacruel, M|364/364
|move|p2a: Miller|U-turn|p1a: SQUIDWARD
|-resisted|p1a: SQUIDWARD
|-damage|p1a: SQUIDWARD|267/364
|chat|chadbruv|http://i.imgur.com/0rSVT7p.jpg
|chat|chadbruv|nuggets 
|
|switch|p2a: Bosh|Latios, M, shiny|301/301
|-damage|p2a: Bosh|264/301|[from] Stealth Rock
|
|-weather|RainDance|[upkeep]
|-heal|p1a: SQUIDWARD|289/364|[from] ability: Rain Dish
|-heal|p1a: SQUIDWARD|311/364|[from] item: Black Sludge
|turn|29
|chat|chadbruv|hollar at them
|chat|Best GEN 5 Player|but that is actual ladder lol
|chat|basco|Rank 1!!!!!!!!
|chat|basco|holy shit
|chat|Best GEN 5 Player|i was saying when it was really ou this one
|chat|Best GEN 5 Player|:P
|chat|basco|teach me how to play master!
|
|move|p2a: Bosh|Psyshock|p1a: SQUIDWARD
|-supereffective|p1a: SQUIDWARD
|-damage|p1a: SQUIDWARD|9/364
|move|p1a: SQUIDWARD|Scald|p2a: Bosh
|-resisted|p2a: Bosh
|-damage|p2a: Bosh|210/301
|
|-weather|RainDance|[upkeep]
|-heal|p1a: SQUIDWARD|31/364|[from] ability: Rain Dish
|-heal|p1a: SQUIDWARD|53/364|[from] item: Black Sludge
|turn|30
|
|move|p2a: Bosh|Surf|p1a: SQUIDWARD
|-resisted|p1a: SQUIDWARD
|-damage|p1a: SQUIDWARD|0 fnt
|faint|p1a: SQUIDWARD
|
|-weather|RainDance|[upkeep]
|
|switch|p1a: YOLO|Scizor, F|292/344
|turn|31
|
|move|p2a: Bosh|Surf|p1a: YOLO
|-damage|p1a: YOLO|95/344
|move|p1a: YOLO|U-turn|p2a: Bosh
|-supereffective|p2a: Bosh
|-damage|p2a: Bosh|0 fnt
|faint|p2a: Bosh
|
|switch|p1a: ALDUIN|Dragonite, M|106/324
|
|-weather|RainDance|[upkeep]
|
|switch|p2a: Miller|Scizor, F, shiny|259/343
|-damage|p2a: Miller|217/343|[from] Stealth Rock
|turn|32
|chat|basco|teach me after this game please chadbruv
|chat|basco|i want rank one like you
|chat|chadbruv|25 an hour 7 hours min
|chat|chadbruv|my rate
|chat|basco|dude i would gladly pay that
|chat|basco|are you serious because i am
|chat|chadbruv|yeah man
|
|move|p1a: ALDUIN|Extreme Speed|p2a: Miller
|-resisted|p2a: Miller
|-damage|p2a: Miller|140/343
|move|p2a: Miller|Bullet Punch|p1a: ALDUIN
|-damage|p1a: ALDUIN|0 fnt
|faint|p1a: ALDUIN
|
|-weather|RainDance|[upkeep]
|
|switch|p1a: GAY FROG|Politoed, F|172/384
|turn|33
|chat|chadbruv|ill msg you m paypa
|chat|basco|i can pay pal you
|chat|Best GEN 5 Player|lol this is real?
|chat|basco|i was just gonna say that
|
|switch|p2a: Pat Riely|Tyranitar, M|278/403 tox
|-damage|p2a: Pat Riely|228/403 tox|[from] Stealth Rock
|-weather|Sandstorm|[from] ability: Sand Stream|[of] p2a: Pat Riely
|move|p1a: GAY FROG|Scald|p2a: Pat Riely
|-supereffective|p2a: Pat Riely
|-damage|p2a: Pat Riely|136/403 tox
|
|-weather|Sandstorm|[upkeep]
|-damage|p1a: GAY FROG|148/384|[from] sandstorm
|-heal|p1a: GAY FROG|172/384|[from] item: Leftovers
|-heal|p2a: Pat Riely|161/403 tox|[from] item: Leftovers
|-damage|p2a: Pat Riely|136/403 tox|[from] psn
|turn|34
|chat|chadbruv|whats real
|
|move|p1a: GAY FROG|Scald|p2a: Pat Riely
|-supereffective|p2a: Pat Riely
|-damage|p2a: Pat Riely|44/403 tox
|move|p2a: Pat Riely|Pursuit|p1a: GAY FROG
|-damage|p1a: GAY FROG|90/384
|
|-weather|Sandstorm|[upkeep]
|-damage|p1a: GAY FROG|66/384|[from] sandstorm
|-heal|p1a: GAY FROG|90/384|[from] item: Leftovers
|-heal|p2a: Pat Riely|69/403 tox|[from] item: Leftovers
|-damage|p2a: Pat Riely|19/403 tox|[from] psn
|turn|35
|chat|basco|im serious i would love to learn more from one of the best
|
|move|p1a: GAY FROG|Scald|p2a: Pat Riely
|-supereffective|p2a: Pat Riely
|-damage|p2a: Pat Riely|0 fnt
|faint|p2a: Pat Riely
|
|-weather|Sandstorm|[upkeep]
|-damage|p1a: GAY FROG|66/384|[from] sandstorm
|-heal|p1a: GAY FROG|90/384|[from] item: Leftovers
|
|switch|p2a: D.Wade|Terrakion|303/323
|-damage|p2a: D.Wade|283/323|[from] Stealth Rock
|turn|36
|chat|Best GEN 5 Player|man, this is not a difficult game lol
|
|move|p2a: D.Wade|Close Combat|p1a: GAY FROG
|-damage|p1a: GAY FROG|0 fnt
|-unboost|p2a: D.Wade|def|1
|-unboost|p2a: D.Wade|spd|1
|faint|p1a: GAY FROG
|
|-weather|Sandstorm|[upkeep]
|
|switch|p1a: YOLO|Scizor, F|95/344
|turn|37
|chat|chadbruv|i can garuntee top 3 in 2 days
|chat|basco|REALLY!!! CAN YOU TEAM ME AFTER THIS MATCH
|chat|basco|I WILL PAY ASAP
|chat|basco|LIKE AS SOON AS THIS IS OVER
|
|move|p1a: YOLO|Bullet Punch|p2a: D.Wade
|-supereffective|p2a: D.Wade
|-damage|p2a: D.Wade|0 fnt
|faint|p2a: D.Wade
|
|-weather|Sandstorm|[upkeep]
|chat|Best GEN 5 Player|top 3 in 2 days.... 86 winrate with 96%
|
|switch|p2a: Ray Allen|Magnezone|84/283
|-damage|p2a: Ray Allen|67/283|[from] Stealth Rock
|turn|38
|
|move|p1a: YOLO|Bullet Punch|p2a: Ray Allen
|-resisted|p2a: Ray Allen
|-damage|p2a: Ray Allen|27/283
|move|p2a: Ray Allen|Hidden Power|p1a: YOLO
|-supereffective|p1a: YOLO
|-damage|p1a: YOLO|0 fnt
|faint|p1a: YOLO
|
|win|basco
|raw|Ladder updating...
|chat|Best GEN 5 Player|anyways gg wp
|raw|Best GEN 5 Player's rating: 1517 &rarr; <strong>1488</strong><br />(-29 for losing)
|raw|basco's rating: 1346 &rarr; <strong>1375</strong><br />(+29 for winning)
|chat|basco|GG IM GOING TO GET TOP 3 SOON
|chat|basco|caps
|chat|basco|chadbruv ill pm you soon
|leave|Best GEN 5 Player
|player|p1
|chat|chadbruv|already beating number 10 players
|chat|chadbruv|by himself
|chat|chadbruv|i can def make you number 1
|leave|basco
|player|p2
|leave|chadbruv
|join|basco