|j|☆Gabyy
|j|‽frostlite4477
|t:|1722200110
|gametype|singles
|player|p1|Gabyy|roxanne|1482
|player|p2|frostlite4477|1|1452
|teamsize|p1|6
|teamsize|p2|6
|gen|5
|tier|[Gen 5] OU
|rated|
|rule|Species Clause: Limit one of each Pokémon
|rule|OHKO Clause: OHKO moves are banned
|rule|Moody Clause: Moody is banned
|rule|Evasion Items Clause: Evasion items are banned
|rule|Evasion Moves Clause: Evasion moves are banned
|rule|Endless Battle Clause: Forcing endless battles is banned
|rule|HP Percentage Mod: HP is shown in percentages
|rule|Evasion Abilities Clause: Evasion abilities are banned
|rule|Sleep Moves Clause: Sleep-inducing moves are banned
|rule|Swagger Clause: Swagger is banned
|rule|Baton Pass Stat Clause: No Baton Passer may have a way to boost its stats
|clearpoke
|poke|p1|Thundurus-Therian, M|item
|poke|p1|Politoed, F|item
|poke|p1|Tentacruel, F|item
|poke|p1|Ferrothorn, F|item
|poke|p1|Latias, F|item
|poke|p1|Gyarados, F|item
|poke|p2|Tyranitar, F|item
|poke|p2|Toxicroak, M|item
|poke|p2|Alakazam, M|item
|poke|p2|Excadrill, F|item
|poke|p2|Landorus-Therian, M|item
|poke|p2|Heatran, M|item
|teampreview
|inactive|Battle timer is ON: inactive players will automatically lose when time's up. (requested by frostlite4477)
|inactive|Gabyy has 120 seconds left.
|inactive|frostlite4477 has 120 seconds left.
|
|t:|1722200158
|start
|switch|p1a: Ferrothorn|Ferrothorn, F, shiny|100/100
|switch|p2a: Tyranitar|Tyranitar, F|100/100
|-weather|Sandstorm|[from] ability: Sand Stream|[of] p2a: Tyranitar
|turn|1
|
|t:|1722200165
|switch|p2a: Excadrill|Excadrill, F|100/100
|move|p1a: Ferrothorn|Stealth Rock|p2a: Excadrill
|-sidestart|p2: frostlite4477|move: Stealth Rock
|
|-weather|Sandstorm|[upkeep]
|upkeep
|turn|2
|
|t:|1722200171
|move|p2a: Excadrill|Swords Dance|p2a: Excadrill
|-boost|p2a: Excadrill|atk|2
|move|p1a: Ferrothorn|Leech Seed|p2a: Excadrill
|-start|p2a: Excadrill|move: Leech Seed
|
|-weather|Sandstorm|[upkeep]
|-damage|p2a: Excadrill|88/100|[from] Leech Seed|[of] p1a: Ferrothorn
|upkeep
|turn|3
|
|t:|1722200178
|move|p2a: Excadrill|Rapid Spin|p1a: Ferrothorn
|-resisted|p1a: Ferrothorn
|-damage|p1a: Ferrothorn|95/100
|-damage|p2a: Excadrill|76/100|[from] ability: Iron Barbs|[of] p1a: Ferrothorn
|-end|p2a: Excadrill|Leech Seed|[from] move: Rapid Spin|[of] p2a: Excadrill
|-sideend|p2: frostlite4477|Stealth Rock|[from] move: Rapid Spin|[of] p2a: Excadrill
|move|p1a: Ferrothorn|Gyro Ball|p2a: Excadrill
|-resisted|p2a: Excadrill
|-damage|p2a: Excadrill|43/100
|
|-weather|Sandstorm|[upkeep]
|-heal|p1a: Ferrothorn|100/100|[from] item: Leftovers
|upkeep
|turn|4
|
|t:|1722200188
|move|p2a: Excadrill|Earthquake|p1a: Ferrothorn
|-damage|p1a: Ferrothorn|0 fnt
|faint|p1a: Ferrothorn
|
|-weather|Sandstorm|[upkeep]
|upkeep
|
|t:|1722200196
|switch|p1a: Politoed|Politoed, F|100/100
|-weather|RainDance|[from] ability: Drizzle|[of] p1a: Politoed
|turn|5
|
|t:|1722200204
|switch|p1a: Latias|Latias, F|100/100
|move|p2a: Excadrill|Iron Head|p1a: Latias
|-damage|p1a: Latias|0 fnt
|faint|p1a: Latias
|
|-weather|RainDance|[upkeep]
|upkeep
|
|t:|1722200212
|switch|p1a: Thundurus|Thundurus-Therian, M|100/100
|turn|6
|
|t:|1722200216
|switch|p2a: Tyranitar|Tyranitar, F|100/100
|-weather|Sandstorm|[from] ability: Sand Stream|[of] p2a: Tyranitar
|move|p1a: Thundurus|Grass Knot|p2a: Tyranitar
|-supereffective|p2a: Tyranitar
|-damage|p2a: Tyranitar|58/100
|
|-weather|Sandstorm|[upkeep]
|-damage|p1a: Thundurus|95/100|[from] Sandstorm
|-heal|p2a: Tyranitar|64/100|[from] item: Leftovers
|upkeep
|turn|7
|
|t:|1722200229
|move|p1a: Thundurus|Superpower|p2a: Tyranitar
|-supereffective|p2a: Tyranitar
|-damage|p2a: Tyranitar|0 fnt
|-unboost|p1a: Thundurus|atk|1
|-unboost|p1a: Thundurus|def|1
|faint|p2a: Tyranitar
|
|-weather|Sandstorm|[upkeep]
|-damage|p1a: Thundurus|89/100|[from] Sandstorm
|upkeep
|
|t:|1722200248
|switch|p2a: Landorus|Landorus-Therian, M|100/100
|-ability|p2a: Landorus|Intimidate|boost
|-unboost|p1a: Thundurus|atk|1
|turn|8
|
|t:|1722200254
|switch|p1a: Politoed|Politoed, F|100/100
|-weather|RainDance|[from] ability: Drizzle|[of] p1a: Politoed
|switch|p2a: Heatran|Heatran, M|100/100
|
|-weather|RainDance|[upkeep]
|upkeep
|turn|9
|
|t:|1722200264
|switch|p2a: Toxicroak|Toxicroak, M|100/100
|switch|p1a: Thundurus|Thundurus-Therian, M|89/100
|
|-weather|RainDance|[upkeep]
|upkeep
|turn|10
|
|t:|1722200287
|move|p2a: Toxicroak|Sucker Punch|p1a: Thundurus
|-damage|p1a: Thundurus|39/100
|-damage|p2a: Toxicroak|91/100|[from] item: Life Orb
|move|p1a: Thundurus|Thunder|p2a: Toxicroak
|-damage|p2a: Toxicroak|0 fnt
|faint|p2a: Toxicroak
|
|-weather|RainDance|[upkeep]
|upkeep
|
|t:|1722200290
|switch|p2a: Alakazam|Alakazam, M|100/100
|turn|11
|j| Electra102
|
|t:|1722200300
|switch|p1a: Politoed|Politoed, F|100/100
|move|p2a: Alakazam|Psychic|p1a: Politoed
|-crit|p1a: Politoed
|-damage|p1a: Politoed|41/100
|
|-weather|RainDance|[upkeep]
|-heal|p1a: Politoed|47/100|[from] item: Leftovers
|upkeep
|turn|12
|
|t:|1722200307
|move|p2a: Alakazam|Calm Mind|p2a: Alakazam
|-boost|p2a: Alakazam|spa|1
|-boost|p2a: Alakazam|spd|1
|move|p1a: Politoed|Scald|p2a: Alakazam
|-damage|p2a: Alakazam|60/100
|
|-weather|RainDance|[upkeep]
|-heal|p1a: Politoed|54/100|[from] item: Leftovers
|upkeep
|turn|13
|
|t:|1722200318
|move|p2a: Alakazam|Psychic|p1a: Politoed
|-damage|p1a: Politoed|5/100
|-unboost|p1a: Politoed|spd|1
|move|p1a: Politoed|Scald|p2a: Alakazam
|-damage|p2a: Alakazam|22/100
|
|-weather|RainDance|[upkeep]
|-heal|p1a: Politoed|11/100|[from] item: Leftovers
|upkeep
|turn|14
|
|t:|1722200327
|move|p2a: Alakazam|Psychic|p1a: Politoed
|-damage|p1a: Politoed|0 fnt
|faint|p1a: Politoed
|
|-weather|RainDance|[upkeep]
|upkeep
|
|t:|1722200331
|switch|p1a: Gyarados|Gyarados, F, shiny|100/100
|-ability|p1a: Gyarados|Intimidate|boost
|-unboost|p2a: Alakazam|atk|1
|turn|15
|
|t:|1722200356
|move|p2a: Alakazam|Psychic|p1a: Gyarados
|-damage|p1a: Gyarados|31/100
|move|p1a: Gyarados|Waterfall|p2a: Alakazam
|-damage|p2a: Alakazam|0 fnt
|faint|p2a: Alakazam
|
|-weather|RainDance|[upkeep]
|-heal|p1a: Gyarados|37/100|[from] item: Leftovers
|upkeep
|inactive|frostlite4477 has 120 seconds left.
|
|t:|1722200385
|switch|p2a: Excadrill|Excadrill, F|43/100
|turn|16
|
|t:|1722200391
|move|p2a: Excadrill|Iron Head|p1a: Gyarados
|-resisted|p1a: Gyarados
|-damage|p1a: Gyarados|12/100
|move|p1a: Gyarados|Waterfall|p2a: Excadrill
|-supereffective|p2a: Excadrill
|-damage|p2a: Excadrill|0 fnt
|faint|p2a: Excadrill
|
|-weather|RainDance|[upkeep]
|-heal|p1a: Gyarados|18/100|[from] item: Leftovers
|upkeep
|
|t:|1722200398
|switch|p2a: Heatran|Heatran, M|100/100
|turn|17
|
|t:|1722200405
|switch|p1a: Tentacruel|Tentacruel, F|100/100
|move|p2a: Heatran|Flamethrower|p1a: Tentacruel
|-resisted|p1a: Tentacruel
|-damage|p1a: Tentacruel|91/100
|
|-weather|RainDance|[upkeep]
|-heal|p1a: Tentacruel|97/100|[from] ability: Rain Dish
|-heal|p1a: Tentacruel|100/100|[from] item: Black Sludge
|upkeep
|turn|18
|
|t:|1722200415
|switch|p2a: Landorus|Landorus-Therian, M|100/100
|-ability|p2a: Landorus|Intimidate|boost
|-unboost|p1a: Tentacruel|atk|1
|move|p1a: Tentacruel|Scald|p2a: Landorus
|-supereffective|p2a: Landorus
|-damage|p2a: Landorus|16/100
|
|-weather|RainDance|[upkeep]
|-heal|p2a: Landorus|22/100|[from] item: Leftovers
|upkeep
|turn|19
|
|t:|1722200426
|switch|p1a: Gyarados|Gyarados, F, shiny|18/100
|-ability|p1a: Gyarados|Intimidate|boost
|-unboost|p2a: Landorus|atk|1
|move|p2a: Landorus|Hidden Power|p1a: Gyarados
|-damage|p1a: Gyarados|0 fnt
|faint|p1a: Gyarados
|
|-weather|RainDance|[upkeep]
|-heal|p2a: Landorus|29/100|[from] item: Leftovers
|upkeep
|
|t:|1722200440
|switch|p1a: Thundurus|Thundurus-Therian, M|39/100
|turn|20
|
|t:|1722200445
|switch|p2a: Heatran|Heatran, M|100/100
|move|p1a: Thundurus|Hidden Power|p2a: Heatran
|-resisted|p2a: Heatran
|-damage|p2a: Heatran|95/100
|
|-weather|RainDance|[upkeep]
|upkeep
|turn|21
|
|t:|1722200461
|switch|p1a: Tentacruel|Tentacruel, F|100/100
|move|p2a: Heatran|Earth Power|p1a: Tentacruel
|-supereffective|p1a: Tentacruel
|-damage|p1a: Tentacruel|48/100
|
|-weather|RainDance|[upkeep]
|-heal|p1a: Tentacruel|54/100|[from] ability: Rain Dish
|-heal|p1a: Tentacruel|60/100|[from] item: Black Sludge
|upkeep
|turn|22
|
|t:|1722200487
|move|p2a: Heatran|Earth Power|p1a: Tentacruel
|-supereffective|p1a: Tentacruel
|-damage|p1a: Tentacruel|7/100
|move|p1a: Tentacruel|Scald|p2a: Heatran
|-supereffective|p2a: Heatran
|-damage|p2a: Heatran|33/100
|
|-weather|RainDance|[upkeep]
|-heal|p1a: Tentacruel|14/100|[from] ability: Rain Dish
|-heal|p1a: Tentacruel|20/100|[from] item: Black Sludge
|upkeep
|turn|23
|
|t:|1722200497
|move|p2a: Heatran|Earth Power|p1a: Tentacruel
|-supereffective|p1a: Tentacruel
|-damage|p1a: Tentacruel|0 fnt
|faint|p1a: Tentacruel
|
|-weather|RainDance|[upkeep]
|upkeep
|
|t:|1722200502
|switch|p1a: Thundurus|Thundurus-Therian, M|39/100
|turn|24
|
|t:|1722200507
|switch|p2a: Landorus|Landorus-Therian, M|29/100
|-ability|p2a: Landorus|Intimidate|boost
|-unboost|p1a: Thundurus|atk|1
|move|p1a: Thundurus|Thunder|p2a: Landorus
|-immune|p2a: Landorus
|
|-weather|RainDance|[upkeep]
|-heal|p2a: Landorus|35/100|[from] item: Leftovers
|upkeep
|turn|25
|
|t:|1722200516
|move|p1a: Thundurus|Hidden Power|p2a: Landorus
|-supereffective|p2a: Landorus
|-damage|p2a: Landorus|0 fnt
|faint|p2a: Landorus
|
|-weather|RainDance|[upkeep]
|upkeep
|
|t:|1722200518
|switch|p2a: Heatran|Heatran, M|33/100
|turn|26
|
|t:|1722200530
|move|p2a: Heatran|Flamethrower|p1a: Thundurus
|-damage|p1a: Thundurus|5/100
|-status|p1a: Thundurus|brn
|move|p1a: Thundurus|Superpower|p2a: Heatran
|-supereffective|p2a: Heatran
|-damage|p2a: Heatran|9/100
|-unboost|p1a: Thundurus|atk|1
|-unboost|p1a: Thundurus|def|1
|
|-weather|RainDance|[upkeep]
|-damage|p1a: Thundurus|0 fnt|[from] brn
|faint|p1a: Thundurus
|
|win|frostlite4477
|upkeep
|raw|Gabyy's rating: 1482 &rarr; <strong>1460</strong><br />(-22 for losing)
|raw|frostlite4477's rating: 1452 &rarr; <strong>1474</strong><br />(+22 for winning)
