|j|☆HydreigonSpammer
|j|☆Torvik en place
|t:|1734991189
|gametype|singles
|player|p1|HydreigonSpammer|janitor|1518
|player|p2|Torvik en place|gambler|1442
|teamsize|p1|6
|teamsize|p2|6
|gen|5
|tier|[Gen 5] OU
|rated|
|rule|Species Clause: Limit one of each Pokémon
|rule|OHKO Clause: OHKO moves are banned
|rule|Moody Clause: Moody is banned
|rule|Evasion Items Clause: Evasion items are banned
|rule|Evasion Moves Clause: Evasion moves are banned
|rule|Endless Battle Clause: Forcing endless battles is banned
|rule|HP Percentage Mod: HP is shown in percentages
|rule|Evasion Abilities Clause: Evasion abilities are banned
|rule|Sleep Moves Clause: Sleep-inducing moves are banned
|rule|Swagger Clause: Swagger is banned
|rule|Baton Pass Stat Clause: No Baton Passer may have a way to boost its stats
|clearpoke
|poke|p1|Abomasnow, M|item
|poke|p1|Kyurem|item
|poke|p1|Reuniclus, M|item
|poke|p1|Mamoswine, M|item
|poke|p1|Alakazam, M|item
|poke|p1|Walrein, F|item
|poke|p2|Tyranitar, F|item
|poke|p2|Alakazam, M|item
|poke|p2|Skarmory, M|item
|poke|p2|Jellicent, M|item
|poke|p2|Gliscor, F|item
|poke|p2|Latios, M|item
|teampreview
|j| Blaise BWOU
|inactive|Battle timer is ON: inactive players will automatically lose when time's up. (requested by HydreigonSpammer)
|
|t:|1734991241
|start
|switch|p1a: Mamoswine|Mamoswine, M|100/100
|switch|p2a: Skarmory|Skarmory, M|100/100
|turn|1
|
|t:|1734991244
|move|p1a: Mamoswine|Stealth Rock|p2a: Skarmory
|-sidestart|p2: Torvik en place|move: Stealth Rock
|move|p2a: Skarmory|Spikes|p1a: Mamoswine
|-sidestart|p1: HydreigonSpammer|Spikes
|
|upkeep
|turn|2
|
|t:|1734991250
|switch|p1a: Kyurem|Kyurem|100/100
|-damage|p1a: Kyurem|88/100|[from] Spikes
|-ability|p1a: Kyurem|Pressure
|move|p2a: Skarmory|Spikes|p1a: Kyurem
|-sidestart|p1: HydreigonSpammer|Spikes
|
|upkeep
|turn|3
|
|t:|1734991256
|move|p1a: Kyurem|Hidden Power|p2a: Skarmory
|-supereffective|p2a: Skarmory
|-damage|p2a: Skarmory|42/100
|move|p2a: Skarmory|Spikes|p1a: Kyurem
|-sidestart|p1: HydreigonSpammer|Spikes
|
|-heal|p2a: Skarmory|48/100|[from] item: Leftovers
|upkeep
|turn|4
|inactive|Torvik en place has 120 seconds left.
|inactive|HydreigonSpammer has 120 seconds left.
|inactive|Torvik en place has 90 seconds left.
|
|t:|1734991321
|switch|p2a: Gliscor|Gliscor, F|100/100
|-damage|p2a: Gliscor|88/100|[from] Stealth Rock
|move|p1a: Kyurem|Draco Meteor|p2a: Gliscor
|-damage|p2a: Gliscor|10/100
|-unboost|p1a: Kyurem|spa|2
|
|-status|p2a: Gliscor|tox|[from] item: Toxic Orb
|upkeep
|turn|5
|inactive|HydreigonSpammer has 120 seconds left.
|inactive|Torvik en place has 90 seconds left.
|
|t:|1734991334
|move|p2a: Gliscor|Protect|p2a: Gliscor
|-singleturn|p2a: Gliscor|Protect
|move|p1a: Kyurem|Draco Meteor|p2a: Gliscor
|-activate|p2a: Gliscor|move: Protect
|
|-heal|p2a: Gliscor|23/100 tox|[from] ability: Poison Heal
|upkeep
|turn|6
|inactive|Torvik en place has 90 seconds left.
|
|t:|1734991341
|switch|p2a: Tyranitar|Tyranitar, F|100/100
|-damage|p2a: Tyranitar|88/100|[from] Stealth Rock
|-weather|Sandstorm|[from] ability: Sand Stream|[of] p2a: Tyranitar
|move|p1a: Kyurem|Draco Meteor|p2a: Tyranitar
|-damage|p2a: Tyranitar|69/100
|-unboost|p1a: Kyurem|spa|2
|
|-weather|Sandstorm|[upkeep]
|-damage|p1a: Kyurem|82/100|[from] Sandstorm
|upkeep
|turn|7
|
|t:|1734991350
|switch|p1a: Mamoswine|Mamoswine, M|100/100
|-damage|p1a: Mamoswine|76/100|[from] Spikes
|move|p2a: Tyranitar|Crunch|p1a: Mamoswine
|-damage|p1a: Mamoswine|24/100
|
|-weather|Sandstorm|[upkeep]
|upkeep
|turn|8
|inactive|Torvik en place has 90 seconds left.
|
|t:|1734991380
|switch|p2a: Skarmory|Skarmory, M|48/100
|-damage|p2a: Skarmory|36/100|[from] Stealth Rock
|move|p1a: Mamoswine|Superpower|p2a: Skarmory
|-damage|p2a: Skarmory|0 fnt
|-unboost|p1a: Mamoswine|atk|1
|-unboost|p1a: Mamoswine|def|1
|faint|p2a: Skarmory
|
|-weather|Sandstorm|[upkeep]
|upkeep
|
|t:|1734991389
|switch|p2a: Latios|Latios, M|100/100
|-damage|p2a: Latios|88/100|[from] Stealth Rock
|turn|9
|
|t:|1734991401
|move|p1a: Mamoswine|Ice Shard|p2a: Latios
|-supereffective|p2a: Latios
|-damage|p2a: Latios|44/100
|move|p2a: Latios|Surf|p1a: Mamoswine
|-supereffective|p1a: Mamoswine
|-damage|p1a: Mamoswine|0 fnt
|faint|p1a: Mamoswine
|
|-weather|Sandstorm|[upkeep]
|-damage|p2a: Latios|38/100|[from] Sandstorm
|upkeep
|
|t:|1734991412
|switch|p1a: Alakazam|Alakazam, M|100/100
|turn|10
|
|t:|1734991437
|switch|p2a: Tyranitar|Tyranitar, F|69/100
|-damage|p2a: Tyranitar|56/100|[from] Stealth Rock
|move|p1a: Alakazam|Focus Blast|p2a: Tyranitar
|-supereffective|p2a: Tyranitar
|-enditem|p2a: Tyranitar|Chople Berry|[eat]
|-enditem|p2a: Tyranitar|Chople Berry|[weaken]
|-damage|p2a: Tyranitar|16/100
|-unboost|p2a: Tyranitar|spd|1
|
|-weather|Sandstorm|[upkeep]
|upkeep
|turn|11
|
|t:|1734991446
|move|p1a: Alakazam|Hidden Power|p2a: Tyranitar
|-damage|p2a: Tyranitar|0 fnt
|faint|p2a: Tyranitar
|
|-weather|Sandstorm|[upkeep]
|upkeep
|
|t:|1734991475
|switch|p2a: Jellicent|Jellicent, M|100/100
|-damage|p2a: Jellicent|88/100|[from] Stealth Rock
|turn|12
|
|t:|1734991497
|switch|p1a: Abomasnow|Abomasnow, M|100/100
|-damage|p1a: Abomasnow|75/100|[from] Spikes
|-weather|Hail|[from] ability: Snow Warning|[of] p1a: Abomasnow
|move|p2a: Jellicent|Night Shade|p1a: Abomasnow
|-damage|p1a: Abomasnow|49/100
|
|-weather|Hail|[upkeep]
|-damage|p2a: Jellicent|82/100|[from] Hail
|-heal|p1a: Abomasnow|56/100|[from] item: Leftovers
|-heal|p2a: Jellicent|88/100|[from] item: Leftovers
|upkeep
|turn|13
|inactive|HydreigonSpammer has 120 seconds left.
|inactive|Torvik en place has 60 seconds left.
|
|t:|1734991530
|move|p1a: Abomasnow|Blizzard|p2a: Jellicent
|-resisted|p2a: Jellicent
|-damage|p2a: Jellicent|72/100
|move|p2a: Jellicent|Will-O-Wisp|p1a: Abomasnow
|-status|p1a: Abomasnow|brn
|
|-weather|Hail|[upkeep]
|-damage|p2a: Jellicent|66/100|[from] Hail
|-heal|p1a: Abomasnow|62/100 brn|[from] item: Leftovers
|-heal|p2a: Jellicent|72/100|[from] item: Leftovers
|-damage|p1a: Abomasnow|49/100 brn|[from] brn
|upkeep
|turn|14
|inactive|Torvik en place has 60 seconds left.
|inactive|HydreigonSpammer has 90 seconds left.
|inactive|Torvik en place has 30 seconds left.
|
|t:|1734991572
|switch|p1a: Walrein|Walrein, F|100/100
|-damage|p1a: Walrein|75/100|[from] Spikes
|switch|p2a: Gliscor|Gliscor, F|23/100 tox
|-damage|p2a: Gliscor|10/100 tox|[from] Stealth Rock
|
|-weather|Hail|[upkeep]
|-damage|p2a: Gliscor|4/100 tox|[from] Hail
|-heal|p1a: Walrein|82/100|[from] ability: Ice Body
|-heal|p1a: Walrein|88/100|[from] item: Leftovers
|-heal|p2a: Gliscor|17/100 tox|[from] ability: Poison Heal
|upkeep
|turn|15
|
|t:|1734991581
|move|p2a: Gliscor|Stealth Rock|p1a: Walrein
|-sidestart|p1: HydreigonSpammer|move: Stealth Rock
|move|p1a: Walrein|Blizzard|p2a: Gliscor
|-supereffective|p2a: Gliscor
|-damage|p2a: Gliscor|0 fnt
|faint|p2a: Gliscor
|
|-weather|Hail|[upkeep]
|-heal|p1a: Walrein|94/100|[from] ability: Ice Body
|-heal|p1a: Walrein|99/100|[from] item: Leftovers
|upkeep
|inactive|Torvik en place has 30 seconds left.
|inactive|Torvik en place has 20 seconds left.
|inactive|Torvik en place has 15 seconds left.
|inactive|Torvik en place has 10 seconds left.
|inactive|Torvik en place has 5 seconds left.
|
|t:|1734991616
|switch|p2a: Jellicent|Jellicent, M|72/100
|-damage|p2a: Jellicent|59/100|[from] Stealth Rock
|turn|16
|inactive|Torvik en place has 15 seconds left this turn.
|
|t:|1734991621
|move|p2a: Jellicent|Recover|p2a: Jellicent
|-heal|p2a: Jellicent|100/100
|move|p1a: Walrein|Toxic|p2a: Jellicent
|-status|p2a: Jellicent|tox
|
|-weather|Hail|[upkeep]
|-damage|p2a: Jellicent|94/100 tox|[from] Hail
|-heal|p1a: Walrein|100/100|[from] ability: Ice Body
|-heal|p2a: Jellicent|100/100 tox|[from] item: Leftovers
|-damage|p2a: Jellicent|94/100 tox|[from] psn
|upkeep
|turn|17
|inactive|Torvik en place has 25 seconds left this turn.
|inactive|Torvik en place has 20 seconds left.
|
|t:|1734991633
|switch|p1a: Reuniclus|Reuniclus, M|100/100
|move|p2a: Jellicent|Night Shade|p1a: Reuniclus
|-damage|p1a: Reuniclus|77/100
|
|-weather|Hail|[upkeep]
|-damage|p2a: Jellicent|88/100 tox|[from] Hail
|-heal|p2a: Jellicent|94/100 tox|[from] item: Leftovers
|-heal|p1a: Reuniclus|83/100|[from] item: Leftovers
|-damage|p2a: Jellicent|82/100 tox|[from] psn
|upkeep
|turn|18
|inactive|Torvik en place has 30 seconds left this turn.
|
|t:|1734991641
|switch|p2a: Latios|Latios, M|38/100
|-damage|p2a: Latios|25/100|[from] Stealth Rock
|move|p1a: Reuniclus|Psyshock|p2a: Latios
|-resisted|p2a: Latios
|-damage|p2a: Latios|1/100
|
|-weather|Hail|[upkeep]
|-damage|p2a: Latios|0 fnt|[from] Hail
|faint|p2a: Latios
|-heal|p1a: Reuniclus|89/100|[from] item: Leftovers
|upkeep
|inactive|Torvik en place has 30 seconds left this turn.
|inactive|Torvik en place has 20 seconds left.
|c|☆HydreigonSpammer|gg best autistic team i've ever made
|
|t:|1734991656
|switch|p2a: Jellicent|Jellicent, M|82/100 tox
|-damage|p2a: Jellicent|69/100 tox|[from] Stealth Rock
|turn|19
|inactive|Torvik en place has 30 seconds left this turn.
|
|t:|1734991660
|move|p2a: Jellicent|Night Shade|p1a: Reuniclus
|-damage|p1a: Reuniclus|66/100
|move|p1a: Reuniclus|Psyshock|p2a: Jellicent
|-damage|p2a: Jellicent|31/100 tox
|
|-weather|Hail|[upkeep]
|-damage|p2a: Jellicent|25/100 tox|[from] Hail
|-heal|p2a: Jellicent|31/100 tox|[from] item: Leftovers
|-heal|p1a: Reuniclus|72/100|[from] item: Leftovers
|-damage|p2a: Jellicent|25/100 tox|[from] psn
|upkeep
|turn|20
|
|t:|1734991672
|move|p2a: Jellicent|Taunt|p1a: Reuniclus
|-start|p1a: Reuniclus|move: Taunt
|cant|p1a: Reuniclus|move: Taunt|Calm Mind
|
|-weather|Hail|[upkeep]
|-damage|p2a: Jellicent|18/100 tox|[from] Hail
|-heal|p2a: Jellicent|25/100 tox|[from] item: Leftovers
|-heal|p1a: Reuniclus|78/100|[from] item: Leftovers
|-damage|p2a: Jellicent|12/100 tox|[from] psn
|upkeep
|turn|21
|
|t:|1734991678
|move|p2a: Jellicent|Night Shade|p1a: Reuniclus
|-damage|p1a: Reuniclus|54/100
|move|p1a: Reuniclus|Psyshock|p2a: Jellicent
|-damage|p2a: Jellicent|0 fnt
|faint|p2a: Jellicent
|
|-weather|Hail|[upkeep]
|-heal|p1a: Reuniclus|60/100|[from] item: Leftovers
|upkeep
|
|t:|1734991680
|switch|p2a: Alakazam|Alakazam, M|100/100
|turn|22
|
|t:|1734991698
|move|p2a: Alakazam|Hidden Power|p1a: Reuniclus
|-damage|p1a: Reuniclus|39/100
|move|p1a: Reuniclus|Psyshock|p2a: Alakazam
|-resisted|p2a: Alakazam
|-damage|p2a: Alakazam|56/100
|
|-weather|Hail|[upkeep]
|-heal|p1a: Reuniclus|45/100|[from] item: Leftovers
|-end|p1a: Reuniclus|move: Taunt
|upkeep
|turn|23
|
|t:|1734991705
|move|p2a: Alakazam|Hidden Power|p1a: Reuniclus
|-damage|p1a: Reuniclus|21/100
|move|p1a: Reuniclus|Psyshock|p2a: Alakazam
|-resisted|p2a: Alakazam
|-crit|p2a: Alakazam
|-damage|p2a: Alakazam|0 fnt
|faint|p2a: Alakazam
|
|win|HydreigonSpammer
|raw|HydreigonSpammer's rating: 1518 &rarr; <strong>1534</strong><br />(+16 for winning)
|raw|Torvik en place's rating: 1442 &rarr; <strong>1426</strong><br />(-16 for losing)
