|j|☆cdrgcde
|j|☆Tangyz
|t:|1743756153
|gametype|singles
|player|p1|cdrgcde|dawn|1328
|player|p2|Tangyz|shadowtriad|1348
|teamsize|p1|6
|teamsize|p2|6
|gen|5
|tier|[Gen 5] OU
|rated|
|rule|Species Clause: Limit one of each Pokémon
|rule|OHKO Clause: OHKO moves are banned
|rule|Moody Clause: Moody is banned
|rule|Evasion Items Clause: Evasion items are banned
|rule|Evasion Moves Clause: Evasion moves are banned
|rule|Endless Battle Clause: Forcing endless battles is banned
|rule|HP Percentage Mod: HP is shown in percentages
|rule|Evasion Abilities Clause: Evasion abilities are banned
|rule|Sleep Moves Clause: Sleep-inducing moves are banned
|rule|Swagger Clause: Swagger is banned
|rule|Baton Pass Stat Clause: No Baton Passer may have a way to boost its stats
|clearpoke
|poke|p1|Politoed, M|item
|poke|p1|Jirachi|item
|poke|p1|Thundurus-Therian, M|item
|poke|p1|Starmie|item
|poke|p1|Ferrothorn, M|item
|poke|p1|Dragonite, F|item
|poke|p2|Politoed, F|item
|poke|p2|Latios, M|item
|poke|p2|Ferrothorn, M|item
|poke|p2|Keldeo|item
|poke|p2|Excadrill, M|item
|poke|p2|Thundurus-Therian, M|item
|teampreview
|inactive|Battle timer is ON: inactive players will automatically lose when time's up. (requested by Tangyz)
|inactive|cdrgcde also wants the timer to be on.
|inactive|Tangyz has 120 seconds left.
|
|t:|1743756183
|start
|switch|p1a: Ferrothorn|Ferrothorn, M|100/100
|switch|p2a: Thundurus|Thundurus-Therian, M, shiny|100/100
|turn|1
|
|t:|1743756196
|move|p2a: Thundurus|Focus Blast|p1a: Ferrothorn
|-supereffective|p1a: Ferrothorn
|-damage|p1a: Ferrothorn|33/100
|move|p1a: Ferrothorn|Stealth Rock|p2a: Thundurus
|-sidestart|p2: Tangyz|move: Stealth Rock
|
|upkeep
|turn|2
|
|t:|1743756212
|move|p2a: Thundurus|Hidden Power|p1a: Ferrothorn
|-damage|p1a: Ferrothorn|11/100
|move|p1a: Ferrothorn|Explosion|p2a: Thundurus
|-damage|p2a: Thundurus|0 fnt
|faint|p1a: Ferrothorn
|faint|p2a: Thundurus
|
|upkeep
|
|t:|1743756230
|switch|p2a: Excadrill|Excadrill, M|100/100
|switch|p1a: Thundurus|Thundurus-Therian, M|100/100
|-damage|p2a: Excadrill|97/100|[from] Stealth Rock
|-ability|p2a: Excadrill|Mold Breaker
|turn|3
|
|t:|1743756238
|switch|p2a: Latios|Latios, M, shiny|100/100
|-damage|p2a: Latios|88/100|[from] Stealth Rock
|switch|p1a: Politoed|Politoed, M|100/100
|-weather|RainDance|[from] ability: Drizzle|[of] p1a: Politoed
|
|-weather|RainDance|[upkeep]
|upkeep
|turn|4
|
|t:|1743756244
|switch|p1a: Jirachi|Jirachi|100/100
|move|p2a: Latios|Draco Meteor|p1a: Jirachi|[miss]
|-miss|p2a: Latios|p1a: Jirachi
|
|-weather|RainDance|[upkeep]
|upkeep
|turn|5
|
|t:|1743756251
|switch|p2a: Excadrill|Excadrill, M|97/100
|-damage|p2a: Excadrill|94/100|[from] Stealth Rock
|-ability|p2a: Excadrill|Mold Breaker
|move|p1a: Jirachi|U-turn|p2a: Excadrill
|-resisted|p2a: Excadrill
|-damage|p2a: Excadrill|80/100
|
|t:|1743756255
|switch|p1a: Starmie|Starmie|100/100|[from] U-turn
|-item|p1a: Starmie|Air Balloon
|
|-weather|RainDance|[upkeep]
|upkeep
|turn|6
|
|t:|1743756263
|switch|p2a: Ferrothorn|Ferrothorn, M|100/100
|-damage|p2a: Ferrothorn|94/100|[from] Stealth Rock
|move|p1a: Starmie|Hydro Pump|p2a: Ferrothorn
|-resisted|p2a: Ferrothorn
|-damage|p2a: Ferrothorn|63/100
|
|-weather|RainDance|[upkeep]
|upkeep
|turn|7
|
|t:|1743756282
|switch|p1a: Thundurus|Thundurus-Therian, M|100/100
|move|p2a: Ferrothorn|Power Whip|p1a: Thundurus
|-resisted|p1a: Thundurus
|-damage|p1a: Thundurus|71/100
|
|-weather|RainDance|[upkeep]
|upkeep
|turn|8
|
|t:|1743756310
|switch|p2a: Latios|Latios, M, shiny|88/100
|-damage|p2a: Latios|76/100|[from] Stealth Rock
|move|p1a: Thundurus|Focus Blast|p2a: Latios
|-resisted|p2a: Latios
|-damage|p2a: Latios|46/100
|-damage|p1a: Thundurus|61/100|[from] item: Life Orb
|
|-weather|RainDance|[upkeep]
|upkeep
|turn|9
|
|t:|1743756322
|switch|p1a: Jirachi|Jirachi|100/100
|move|p2a: Latios|Surf|p1a: Jirachi
|-damage|p1a: Jirachi|35/100
|
|-weather|RainDance|[upkeep]
|upkeep
|turn|10
|
|t:|1743756326
|switch|p2a: Politoed|Politoed, F, shiny|100/100
|-damage|p2a: Politoed|88/100|[from] Stealth Rock
|move|p1a: Jirachi|U-turn|p2a: Politoed
|-damage|p2a: Politoed|71/100
|
|t:|1743756332
|switch|p1a: Thundurus|Thundurus-Therian, M|61/100|[from] U-turn
|
|-weather|RainDance|[upkeep]
|-heal|p2a: Politoed|77/100|[from] item: Leftovers
|upkeep
|turn|11
|
|t:|1743756336
|move|p1a: Thundurus|Thunder|p2a: Politoed
|-supereffective|p2a: Politoed
|-damage|p2a: Politoed|0 fnt
|faint|p2a: Politoed
|-damage|p1a: Thundurus|52/100|[from] item: Life Orb
|
|-weather|RainDance|[upkeep]
|upkeep
|
|t:|1743756354
|switch|p2a: Keldeo|Keldeo|100/100
|-damage|p2a: Keldeo|94/100|[from] Stealth Rock
|turn|12
|
|t:|1743756363
|switch|p1a: Politoed|Politoed, M|100/100
|move|p2a: Keldeo|Hidden Power|p1a: Politoed
|-resisted|p1a: Politoed
|-damage|p1a: Politoed|91/100
|
|-weather|RainDance|[upkeep]
|-heal|p1a: Politoed|97/100|[from] item: Leftovers
|upkeep
|turn|13
|
|t:|1743756382
|switch|p2a: Latios|Latios, M, shiny|46/100
|-damage|p2a: Latios|33/100|[from] Stealth Rock
|switch|p1a: Thundurus|Thundurus-Therian, M|52/100
|
|-weather|RainDance|[upkeep]
|upkeep
|turn|14
|
|t:|1743756389
|switch|p1a: Politoed|Politoed, M|97/100
|move|p2a: Latios|Recover|p2a: Latios
|-heal|p2a: Latios|84/100
|
|-weather|RainDance|[upkeep]
|-heal|p1a: Politoed|100/100|[from] item: Leftovers
|upkeep
|turn|15
|
|t:|1743756396
|switch|p1a: Thundurus|Thundurus-Therian, M|52/100
|move|p2a: Latios|Recover|p2a: Latios
|-heal|p2a: Latios|100/100
|
|-weather|RainDance|[upkeep]
|upkeep
|turn|16
|
|t:|1743756406
|switch|p2a: Excadrill|Excadrill, M|80/100
|-damage|p2a: Excadrill|77/100|[from] Stealth Rock
|-ability|p2a: Excadrill|Mold Breaker
|switch|p1a: Politoed|Politoed, M|100/100
|
|-weather|RainDance|[upkeep]
|upkeep
|turn|17
|
|t:|1743756416
|move|p2a: Excadrill|Rapid Spin|p1a: Politoed
|-damage|p1a: Politoed|92/100
|-sideend|p2: Tangyz|Stealth Rock|[from] move: Rapid Spin|[of] p2a: Excadrill
|move|p1a: Politoed|Scald|p2a: Excadrill
|-supereffective|p2a: Excadrill
|-crit|p2a: Excadrill
|-damage|p2a: Excadrill|0 fnt
|faint|p2a: Excadrill
|
|-weather|RainDance|[upkeep]
|-heal|p1a: Politoed|98/100|[from] item: Leftovers
|upkeep
|
|t:|1743756419
|switch|p2a: Ferrothorn|Ferrothorn, M|63/100
|turn|18
|-message|Tangyz forfeited.
|
|win|cdrgcde
|raw|cdrgcde's rating: 1328 &rarr; <strong>1349</strong><br />(+21 for winning)
|raw|Tangyz's rating: 1348 &rarr; <strong>1327</strong><br />(-21 for losing)
|l|☆Tangyz
|player|p2|
