|j|☆koudaimi
|j|☆vusty fans
|player|p1|koudaimi|102|1327
|player|p2|vusty fans|170|1376
|teamsize|p1|6
|teamsize|p2|6
|gametype|singles
|gen|5
|tier|[Gen 5] OU
|rated|
|clearpoke
|poke|p1|Salamence, F|item
|poke|p1|Dragonite, M|item
|poke|p1|Kyurem-Black|item
|poke|p1|Starmie|item
|poke|p1|Magnezone|item
|poke|p1|Mamoswine, M|item
|poke|p2|Tyranitar, M|item
|poke|p2|Landorus-Therian, M|item
|poke|p2|Garchomp, M|item
|poke|p2|Latios, M|item
|poke|p2|Jirachi|item
|poke|p2|Keldeo|item
|rule|Species Clause: Limit one of each Pokémon
|rule|OHKO Clause: OHKO moves are banned
|rule|Moody Clause: Moody is banned
|rule|Evasion Moves Clause: Evasion moves are banned
|rule|Endless Battle Clause: Forcing endless battles is banned
|rule|HP Percentage Mod: HP is shown in percentages
|rule|Evasion Abilities Clause: Evasion abilities are banned
|rule|Baton Pass Clause: Limit one Baton Passer, can't pass Spe and other stats simultaneously
|rule|Sleep Clause: Sleep-inducing moves are banned
|rule|Swagger Clause: Swagger is banned
|teampreview
|
|start
|switch|p1a: Magnezone|Magnezone|100/100
|switch|p2a: Keldeo|Keldeo|100/100
|-item|p1a: Magnezone|Air Balloon
|turn|1
|
|move|p2a: Keldeo|Calm Mind|p2a: Keldeo
|-boost|p2a: Keldeo|spa|1
|-boost|p2a: Keldeo|spd|1
|move|p1a: Magnezone|Volt Switch|p2a: Keldeo
|-supereffective|p2a: Keldeo
|-damage|p2a: Keldeo|41/100
|
|switch|p1a: Starmie|Starmie|100/100|[from]move: Volt Switch
|
|upkeep
|turn|2
|
|switch|p2a: Tyranitar|Tyranitar, M|100/100
|-weather|Sandstorm|[from] ability: Sand Stream|[of] p2a: Tyranitar
|move|p1a: Starmie|Thunderbolt|p2a: Tyranitar
|-damage|p2a: Tyranitar|80/100
|-damage|p1a: Starmie|91/100|[from] item: Life Orb
|
|-weather|Sandstorm|[upkeep]
|-damage|p1a: Starmie|84/100|[from] Sandstorm
|upkeep
|turn|3
|
|move|p1a: Starmie|Surf|p2a: Tyranitar
|-supereffective|p2a: Tyranitar
|-damage|p2a: Tyranitar|12/100
|-damage|p1a: Starmie|74/100|[from] item: Life Orb
|move|p2a: Tyranitar|Pursuit|p1a: Starmie
|-supereffective|p1a: Starmie
|-damage|p1a: Starmie|0 fnt
|faint|p1a: Starmie
|
|-weather|Sandstorm|[upkeep]
|upkeep
|
|switch|p1a: Mamoswine|Mamoswine, M|100/100
|turn|4
|
|move|p1a: Mamoswine|Earthquake|p2a: Tyranitar
|-supereffective|p2a: Tyranitar
|-damage|p2a: Tyranitar|0 fnt
|faint|p2a: Tyranitar
|
|-weather|Sandstorm|[upkeep]
|upkeep
|
|switch|p2a: Keldeo|Keldeo|41/100
|turn|5
|
|move|p2a: Keldeo|Secret Sword|p1a: Mamoswine
|-enditem|p2a: Keldeo|Fighting Gem|[from] gem
|-supereffective|p1a: Mamoswine
|-enditem|p1a: Mamoswine|Focus Sash
|-damage|p1a: Mamoswine|1/100
|move|p1a: Mamoswine|Stealth Rock|p2a: Keldeo
|-sidestart|p2: vusty fans|move: Stealth Rock
|
|-weather|Sandstorm|[upkeep]
|-damage|p2a: Keldeo|35/100|[from] Sandstorm
|upkeep
|turn|6
|
|move|p1a: Mamoswine|Ice Shard|p2a: Keldeo
|-resisted|p2a: Keldeo
|-damage|p2a: Keldeo|22/100
|move|p2a: Keldeo|Secret Sword|p1a: Mamoswine
|-supereffective|p1a: Mamoswine
|-damage|p1a: Mamoswine|0 fnt
|faint|p1a: Mamoswine
|
|-weather|Sandstorm|[upkeep]
|-damage|p2a: Keldeo|16/100|[from] Sandstorm
|upkeep
|
|switch|p1a: Dragonite|Dragonite, M|100/100
|turn|7
|
|switch|p2a: Landorus|Landorus-Therian, M|100/100
|-damage|p2a: Landorus|88/100|[from] Stealth Rock
|-ability|p2a: Landorus|Intimidate|boost
|-unboost|p1a: Dragonite|atk|1
|move|p1a: Dragonite|Dragon Dance|p1a: Dragonite
|-boost|p1a: Dragonite|atk|1
|-boost|p1a: Dragonite|spe|1
|
|-weather|Sandstorm|[upkeep]
|-damage|p1a: Dragonite|94/100|[from] Sandstorm
|-heal|p2a: Landorus|94/100|[from] item: Leftovers
|upkeep
|turn|8
|
|move|p1a: Dragonite|Outrage|p2a: Landorus
|-damage|p2a: Landorus|49/100
|move|p2a: Landorus|Stealth Rock|p1a: Dragonite
|-sidestart|p1: koudaimi|move: Stealth Rock
|
|-weather|Sandstorm|[upkeep]
|-damage|p1a: Dragonite|88/100|[from] Sandstorm
|-heal|p2a: Landorus|55/100|[from] item: Leftovers
|upkeep
|turn|9
|
|move|p1a: Dragonite|Outrage|p2a: Landorus|[from]lockedmove
|-damage|p2a: Landorus|8/100
|move|p2a: Landorus|Hidden Power|p1a: Dragonite
|-supereffective|p1a: Dragonite
|-damage|p1a: Dragonite|20/100
|
|-weather|Sandstorm|[upkeep]
|-damage|p1a: Dragonite|14/100|[from] Sandstorm
|-heal|p2a: Landorus|14/100|[from] item: Leftovers
|upkeep
|turn|10
|
|move|p1a: Dragonite|Outrage|p2a: Landorus|[from]lockedmove
|-damage|p2a: Landorus|0 fnt
|-start|p1a: Dragonite|confusion|[fatigue]
|faint|p2a: Landorus
|-enditem|p1a: Dragonite|Lum Berry|[eat]
|-end|p1a: Dragonite|confusion
|
|-weather|Sandstorm|[upkeep]
|-damage|p1a: Dragonite|8/100|[from] Sandstorm
|upkeep
|
|switch|p2a: Jirachi|Jirachi|100/100
|-damage|p2a: Jirachi|95/100|[from] Stealth Rock
|turn|11
|
|move|p2a: Jirachi|U-turn|p1a: Dragonite
|-resisted|p1a: Dragonite
|-damage|p1a: Dragonite|0 fnt
|faint|p1a: Dragonite
|
|switch|p2a: Keldeo|Keldeo|16/100|[from]move: U-turn
|-damage|p2a: Keldeo|10/100|[from] Stealth Rock
|
|-weather|Sandstorm|[upkeep]
|-damage|p2a: Keldeo|4/100|[from] Sandstorm
|upkeep
|
|switch|p1a: Salamence|Salamence, F|100/100
|-damage|p1a: Salamence|76/100|[from] Stealth Rock
|turn|12
|
|switch|p2a: Jirachi|Jirachi|95/100
|-damage|p2a: Jirachi|89/100|[from] Stealth Rock
|move|p1a: Salamence|Earthquake|p2a: Jirachi
|-supereffective|p2a: Jirachi
|-damage|p2a: Jirachi|22/100
|
|-weather|Sandstorm|[upkeep]
|-damage|p1a: Salamence|70/100|[from] Sandstorm
|upkeep
|turn|13
|
|switch|p2a: Latios|Latios, M|100/100
|-damage|p2a: Latios|88/100|[from] Stealth Rock
|move|p1a: Salamence|Earthquake|p2a: Latios
|-immune|p2a: Latios|[from] ability: Levitate
|
|-weather|Sandstorm|[upkeep]
|-damage|p1a: Salamence|64/100|[from] Sandstorm
|-damage|p2a: Latios|82/100|[from] Sandstorm
|upkeep
|turn|14
|
|switch|p1a: Kyurem|Kyurem-Black|100/100
|-damage|p1a: Kyurem|76/100|[from] Stealth Rock
|-ability|p1a: Kyurem|Teravolt
|switch|p2a: Garchomp|Garchomp, M|100/100
|-damage|p2a: Garchomp|94/100|[from] Stealth Rock
|
|-weather|Sandstorm|[upkeep]
|-damage|p1a: Kyurem|70/100|[from] Sandstorm
|upkeep
|turn|15
|
|move|p2a: Garchomp|Substitute|p2a: Garchomp
|-start|p2a: Garchomp|Substitute
|-damage|p2a: Garchomp|69/100
|move|p1a: Kyurem|Ice Beam|p2a: Garchomp
|-supereffective|p2a: Garchomp
|-end|p2a: Garchomp|Substitute
|
|-weather|Sandstorm|[upkeep]
|-damage|p1a: Kyurem|63/100|[from] Sandstorm
|upkeep
|turn|16
|
|move|p2a: Garchomp|Substitute|p2a: Garchomp
|-start|p2a: Garchomp|Substitute
|-damage|p2a: Garchomp|45/100
|move|p1a: Kyurem|Ice Beam|p2a: Garchomp
|-supereffective|p2a: Garchomp
|-end|p2a: Garchomp|Substitute
|
|-weather|Sandstorm|[upkeep]
|-damage|p1a: Kyurem|57/100|[from] Sandstorm
|upkeep
|turn|17
|
|move|p2a: Garchomp|Substitute|p2a: Garchomp
|-start|p2a: Garchomp|Substitute
|-damage|p2a: Garchomp|20/100
|move|p1a: Kyurem|Ice Beam|p2a: Garchomp
|-supereffective|p2a: Garchomp
|-end|p2a: Garchomp|Substitute
|
|-weather|Sandstorm|[upkeep]
|-damage|p1a: Kyurem|51/100|[from] Sandstorm
|upkeep
|turn|18
|
|move|p2a: Garchomp|Earthquake|p1a: Kyurem
|-damage|p1a: Kyurem|3/100
|move|p1a: Kyurem|Ice Beam|p2a: Garchomp
|-supereffective|p2a: Garchomp
|-damage|p2a: Garchomp|0 fnt
|faint|p2a: Garchomp
|
|-weather|Sandstorm|[upkeep]
|-damage|p1a: Kyurem|0 fnt|[from] Sandstorm
|faint|p1a: Kyurem
|upkeep
|
|switch|p2a: Jirachi|Jirachi|22/100
|switch|p1a: Magnezone|Magnezone|100/100
|-damage|p2a: Jirachi|16/100|[from] Stealth Rock
|-damage|p1a: Magnezone|94/100|[from] Stealth Rock
|-item|p1a: Magnezone|Air Balloon
|turn|19
|
|move|p2a: Jirachi|Healing Wish|p2a: Jirachi
|faint|p2a: Jirachi
|move|p1a: Magnezone|Volt Switch|p2: Jirachi|[notarget]
|-fail|p1a: Magnezone
|
|-weather|Sandstorm|[upkeep]
|upkeep
|
|switch|p2a: Keldeo|Keldeo|4/100
|-heal|p2a: Keldeo|100/100|[from] move: Healing Wish
|-damage|p2a: Keldeo|94/100|[from] Stealth Rock
|turn|20
|
|move|p2a: Keldeo|Secret Sword|p1a: Magnezone
|-supereffective|p1a: Magnezone
|-damage|p1a: Magnezone|2/100
|-enditem|p1a: Magnezone|Air Balloon
|move|p1a: Magnezone|Volt Switch|p2a: Keldeo
|-supereffective|p2a: Keldeo
|-damage|p2a: Keldeo|12/100
|
|switch|p1a: Salamence|Salamence, F|64/100|[from]move: Volt Switch
|-damage|p1a: Salamence|39/100|[from] Stealth Rock
|
|-weather|Sandstorm|[upkeep]
|-damage|p1a: Salamence|33/100|[from] Sandstorm
|-damage|p2a: Keldeo|6/100|[from] Sandstorm
|upkeep
|turn|21
|
|move|p1a: Salamence|Outrage|p2a: Keldeo
|-damage|p2a: Keldeo|0 fnt
|faint|p2a: Keldeo
|-ability|p1a: Salamence|Moxie|boost
|-boost|p1a: Salamence|atk|1
|
|-weather|Sandstorm|[upkeep]
|-damage|p1a: Salamence|27/100|[from] Sandstorm
|upkeep
|
|switch|p2a: Latios|Latios, M|82/100
|-damage|p2a: Latios|70/100|[from] Stealth Rock
|turn|22
|
|move|p1a: Salamence|Outrage|p2a: Latios|[from]lockedmove
|-supereffective|p2a: Latios
|-damage|p2a: Latios|0 fnt
|faint|p2a: Latios
|-ability|p1a: Salamence|Moxie|boost
|-boost|p1a: Salamence|atk|1
|
|win|koudaimi
|raw|koudaimi's rating: 1327 &rarr; <strong>1349</strong><br />(+22 for winning)
|raw|vusty fans's rating: 1376 &rarr; <strong>1354</strong><br />(-22 for losing)
