|j|☆le imposteur
|j|☆gggfanstwo
|t:|1742482282
|gametype|singles
|player|p1|le imposteur|harlequin|1330
|player|p2|gggfanstwo|winona|1499
|teamsize|p1|6
|teamsize|p2|6
|gen|5
|tier|[Gen 5] OU
|rated|
|rule|Species Clause: Limit one of each Pokémon
|rule|OHKO Clause: OHKO moves are banned
|rule|Moody Clause: Moody is banned
|rule|Evasion Items Clause: Evasion items are banned
|rule|Evasion Moves Clause: Evasion moves are banned
|rule|Endless Battle Clause: Forcing endless battles is banned
|rule|HP Percentage Mod: HP is shown in percentages
|rule|Evasion Abilities Clause: Evasion abilities are banned
|rule|Sleep Moves Clause: Sleep-inducing moves are banned
|rule|Swagger Clause: Swagger is banned
|rule|Baton Pass Stat Clause: No Baton Passer may have a way to boost its stats
|clearpoke
|poke|p1|Garchomp, F|item
|poke|p1|Volcarona, F|item
|poke|p1|Dragonite, M|item
|poke|p1|Starmie|item
|poke|p1|Jirachi|item
|poke|p1|Mesprit|item
|poke|p2|Politoed, F|item
|poke|p2|Keldeo|item
|poke|p2|Thundurus-Therian, M|item
|poke|p2|Jirachi|item
|poke|p2|Terrakion|item
|poke|p2|Celebi|item
|teampreview
|inactive|Battle timer is ON: inactive players will automatically lose when time's up. (requested by le imposteur)
|
|t:|1742482313
|start
|switch|p1a: الحياة أم الموت؟|Garchomp, F|100/100
|switch|p2a: Politoed|Politoed, F|100/100
|-weather|RainDance|[from] ability: Drizzle|[of] p2a: Politoed
|turn|1
|
|t:|1742482327
|move|p1a: الحياة أم الموت؟|Stealth Rock|p2a: Politoed
|-sidestart|p2: gggfanstwo|move: Stealth Rock
|move|p2a: Politoed|Ice Beam|p1a: الحياة أم الموت؟
|-supereffective|p1a: الحياة أم الموت؟
|-enditem|p1a: الحياة أم الموت؟|Focus Sash
|-damage|p1a: الحياة أم الموت؟|1/100
|
|-weather|RainDance|[upkeep]
|upkeep
|turn|2
|
|t:|1742482349
|move|p1a: الحياة أم الموت؟|Outrage|p2a: Politoed
|-damage|p2a: Politoed|12/100
|move|p2a: Politoed|Ice Beam|p1a: الحياة أم الموت؟
|-supereffective|p1a: الحياة أم الموت؟
|-damage|p1a: الحياة أم الموت؟|0 fnt
|faint|p1a: الحياة أم الموت؟
|
|-weather|RainDance|[upkeep]
|upkeep
|inactive|le imposteur has 120 seconds left.
|
|t:|1742482375
|switch|p1a: السعادة الحقيقية؟|Volcarona, F, shiny|100/100
|turn|3
|
|t:|1742482387
|switch|p2a: Keldeo|Keldeo|100/100
|-damage|p2a: Keldeo|94/100|[from] Stealth Rock
|move|p1a: السعادة الحقيقية؟|Quiver Dance|p1a: السعادة الحقيقية؟
|-boost|p1a: السعادة الحقيقية؟|spa|1
|-boost|p1a: السعادة الحقيقية؟|spd|1
|-boost|p1a: السعادة الحقيقية؟|spe|1
|
|-weather|RainDance|[upkeep]
|upkeep
|turn|4
|
|t:|1742482398
|move|p2a: Keldeo|Hydro Pump|p1a: السعادة الحقيقية؟
|-supereffective|p1a: السعادة الحقيقية؟
|-damage|p1a: السعادة الحقيقية؟|0 fnt
|faint|p1a: السعادة الحقيقية؟
|
|-weather|RainDance|[upkeep]
|upkeep
|
|t:|1742482406
|switch|p1a: الثروة المطلقة؟|Dragonite, M, shiny|100/100
|turn|5
|
|t:|1742482413
|move|p2a: Keldeo|Hydro Pump|p1a: الثروة المطلقة؟
|-resisted|p1a: الثروة المطلقة؟
|-damage|p1a: الثروة المطلقة؟|77/100
|move|p1a: الثروة المطلقة؟|Dragon Dance|p1a: الثروة المطلقة؟
|-boost|p1a: الثروة المطلقة؟|atk|1
|-boost|p1a: الثروة المطلقة؟|spe|1
|
|-weather|RainDance|[upkeep]
|upkeep
|turn|6
|
|t:|1742482431
|switch|p2a: Politoed|Politoed, F|12/100
|-damage|p2a: Politoed|0 fnt|[from] Stealth Rock
|faint|p2a: Politoed
|move|p1a: الثروة المطلقة؟|Dragon Dance|p1a: الثروة المطلقة؟
|-boost|p1a: الثروة المطلقة؟|atk|1
|-boost|p1a: الثروة المطلقة؟|spe|1
|
|-weather|RainDance|[upkeep]
|upkeep
|
|t:|1742482448
|switch|p2a: Jirachi|Jirachi|100/100
|-damage|p2a: Jirachi|94/100|[from] Stealth Rock
|turn|7
|
|t:|1742482455
|move|p1a: الثروة المطلقة؟|Earthquake|p2a: Jirachi
|-supereffective|p2a: Jirachi
|-damage|p2a: Jirachi|0 fnt
|faint|p2a: Jirachi
|
|-weather|RainDance|[upkeep]
|upkeep
|inactive|gggfanstwo has 120 seconds left.
|
|t:|1742482477
|switch|p2a: Keldeo|Keldeo|94/100
|-damage|p2a: Keldeo|88/100|[from] Stealth Rock
|turn|8
|
|t:|1742482498
|switch|p1a: الحب الحقيقي؟|Starmie, shiny|100/100
|-item|p1a: الحب الحقيقي؟|Air Balloon
|move|p2a: Keldeo|Hidden Power|p1a: الحب الحقيقي؟
|-resisted|p1a: الحب الحقيقي؟
|-damage|p1a: الحب الحقيقي؟|83/100
|-enditem|p1a: الحب الحقيقي؟|Air Balloon
|
|-weather|RainDance|[upkeep]
|upkeep
|turn|9
|
|t:|1742482504
|switch|p2a: Celebi|Celebi|100/100
|-damage|p2a: Celebi|88/100|[from] Stealth Rock
|move|p1a: الحب الحقيقي؟|Hydro Pump|p2a: Celebi
|-resisted|p2a: Celebi
|-damage|p2a: Celebi|42/100
|
|-weather|RainDance|[upkeep]
|-heal|p2a: Celebi|48/100|[from] item: Leftovers
|upkeep
|turn|10
|
|t:|1742482511
|switch|p1a: حقق مصيرك|Jirachi, shiny|100/100
|move|p2a: Celebi|U-turn|p1a: حقق مصيرك
|-damage|p1a: حقق مصيرك|87/100
|
|t:|1742482517
|switch|p2a: Terrakion|Terrakion|100/100|[from] U-turn
|-damage|p2a: Terrakion|94/100|[from] Stealth Rock
|
|-weather|RainDance|[upkeep]
|upkeep
|turn|11
|
|t:|1742482527
|switch|p2a: Thundurus|Thundurus-Therian, M|100/100
|-damage|p2a: Thundurus|76/100|[from] Stealth Rock
|move|p1a: حقق مصيرك|U-turn|p2a: Thundurus
|-resisted|p2a: Thundurus
|-damage|p2a: Thundurus|63/100
|
|t:|1742482546
|switch|p1a: جِنّ‎|Mesprit, shiny|100/100|[from] U-turn
|
|-weather|RainDance|[upkeep]
|-heal|p2a: Thundurus|69/100|[from] item: Leftovers
|upkeep
|turn|12
|
|t:|1742482552
|move|p2a: Thundurus|Agility|p2a: Thundurus
|-boost|p2a: Thundurus|spe|2
|move|p1a: جِنّ‎|Ice Beam|p2a: Thundurus
|-supereffective|p2a: Thundurus
|-damage|p2a: Thundurus|11/100
|
|-weather|RainDance|[upkeep]
|-heal|p2a: Thundurus|17/100|[from] item: Leftovers
|upkeep
|turn|13
|
|t:|1742482557
|move|p2a: Thundurus|Thunder|p1a: جِنّ‎
|-damage|p1a: جِنّ‎|30/100
|move|p1a: جِنّ‎|Ice Beam|p2a: Thundurus
|-supereffective|p2a: Thundurus
|-damage|p2a: Thundurus|0 fnt
|faint|p2a: Thundurus
|
|-weather|RainDance|[upkeep]
|upkeep
|
|t:|1742482583
|switch|p2a: Terrakion|Terrakion|94/100
|-damage|p2a: Terrakion|88/100|[from] Stealth Rock
|turn|14
|
|t:|1742482598
|move|p2a: Terrakion|Stone Edge|p1a: جِنّ‎
|-damage|p1a: جِنّ‎|0 fnt
|faint|p1a: جِنّ‎
|
|-weather|RainDance|[upkeep]
|upkeep
|
|t:|1742482606
|switch|p1a: حقق مصيرك|Jirachi, shiny|87/100
|turn|15
|
|t:|1742482625
|move|p1a: حقق مصيرك|Ice Punch|p2a: Terrakion
|-damage|p2a: Terrakion|70/100
|move|p2a: Terrakion|Close Combat|p1a: حقق مصيرك
|-damage|p1a: حقق مصيرك|35/100
|-unboost|p2a: Terrakion|def|1
|-unboost|p2a: Terrakion|spd|1
|
|-weather|RainDance|[upkeep]
|upkeep
|turn|16
|
|t:|1742482648
|switch|p2a: Keldeo|Keldeo|88/100
|-damage|p2a: Keldeo|82/100|[from] Stealth Rock
|move|p1a: حقق مصيرك|Ice Punch|p2a: Keldeo
|-resisted|p2a: Keldeo
|-damage|p2a: Keldeo|73/100
|
|-weather|RainDance|[upkeep]
|upkeep
|turn|17
|
|t:|1742482663
|move|p2a: Keldeo|Surf|p1a: حقق مصيرك
|-damage|p1a: حقق مصيرك|0 fnt
|faint|p1a: حقق مصيرك
|
|-weather|RainDance|[upkeep]
|upkeep
|
|t:|1742482685
|switch|p1a: الثروة المطلقة؟|Dragonite, M, shiny|77/100
|turn|18
|
|t:|1742482707
|switch|p2a: Celebi|Celebi|48/100
|-damage|p2a: Celebi|36/100|[from] Stealth Rock
|move|p1a: الثروة المطلقة؟|Dragon Dance|p1a: الثروة المطلقة؟
|-boost|p1a: الثروة المطلقة؟|atk|1
|-boost|p1a: الثروة المطلقة؟|spe|1
|
|-weather|RainDance|[upkeep]
|-heal|p2a: Celebi|42/100|[from] item: Leftovers
|upkeep
|turn|19
|inactive|le imposteur has 120 seconds left.
|
|t:|1742482723
|move|p1a: الثروة المطلقة؟|Outrage|p2a: Celebi
|-damage|p2a: Celebi|0 fnt
|faint|p2a: Celebi
|
|-weather|RainDance|[upkeep]
|upkeep
|
|t:|1742482730
|switch|p2a: Keldeo|Keldeo|73/100
|-damage|p2a: Keldeo|67/100|[from] Stealth Rock
|turn|20
|
|t:|1742482733
|move|p2a: Keldeo|Hidden Power|p1a: الثروة المطلقة؟
|-supereffective|p1a: الثروة المطلقة؟
|-damage|p1a: الثروة المطلقة؟|0 fnt
|faint|p1a: الثروة المطلقة؟
|
|-weather|RainDance|[upkeep]
|upkeep
|
|t:|1742482735
|switch|p1a: الحب الحقيقي؟|Starmie, shiny|83/100
|turn|21
|
|t:|1742482747
|switch|p2a: Terrakion|Terrakion|70/100
|-damage|p2a: Terrakion|64/100|[from] Stealth Rock
|move|p1a: الحب الحقيقي؟|Thunderbolt|p2a: Terrakion
|-damage|p2a: Terrakion|20/100
|-status|p2a: Terrakion|par
|
|-weather|RainDance|[upkeep]
|upkeep
|turn|22
|
|t:|1742482754
|move|p1a: الحب الحقيقي؟|Thunderbolt|p2a: Terrakion
|-damage|p2a: Terrakion|0 fnt
|faint|p2a: Terrakion
|
|-weather|RainDance|[upkeep]
|upkeep
|
|t:|1742482756
|switch|p2a: Keldeo|Keldeo|67/100
|-damage|p2a: Keldeo|61/100|[from] Stealth Rock
|turn|23
|
|t:|1742482760
|move|p2a: Keldeo|Hydro Pump|p1a: الحب الحقيقي؟
|-resisted|p1a: الحب الحقيقي؟
|-damage|p1a: الحب الحقيقي؟|9/100
|move|p1a: الحب الحقيقي؟|Thunderbolt|p2a: Keldeo
|-supereffective|p2a: Keldeo
|-damage|p2a: Keldeo|0 fnt
|faint|p2a: Keldeo
|
|win|le imposteur
|raw|le imposteur's rating: 1330 &rarr; <strong>1359</strong><br />(+29 for winning)
|raw|gggfanstwo's rating: 1499 &rarr; <strong>1470</strong><br />(-29 for losing)
