|join|arm96
|join|Pythagorean Python
|player|p1|arm96|87
|player|p2|Pythagorean Python|101
|gametype|singles
|gen|5
|tier|[Gen 5] OU
|rated
|rule|Evasion Abilities Clause: Evasion abilities are banned
|clearpoke
|poke|p1|Dragonite, F
|poke|p1|Breloom, M
|poke|p1|Volcarona, F
|poke|p1|Mamoswine, F
|poke|p1|Starmie
|poke|p1|Scizor, M
|poke|p2|Salamence, F
|poke|p2|Latias, F
|poke|p2|Kyurem-Black
|poke|p2|Haxorus, M
|poke|p2|Hydreigon, M
|poke|p2|Dragonite, M
|rule|Sleep Clause Mod: Limit one foe put to sleep
|rule|Species Clause: Limit one of each Pokemon
|rule|OHKO Clause: OHKO moves are banned
|rule|Moody Clause: Moody is banned
|rule|Evasion Moves Clause: Evasion moves are banned
|rule|Endless Battle Clause: Forcing endless battles is banned.
|rule|HP Percentage Mod: HP is reported as percentages
|teampreview
|
|start
|switch|p1a: Mamoswine|Mamoswine, F|362/362
|switch|p2a: Kyurem-Black|Kyurem-Black|391/391
|-ability|p2a: Kyurem-Black|Teravolt
|turn|1
|
|move|p2a: Kyurem-Black|Outrage|p1a: Mamoswine
|-damage|p1a: Mamoswine|43/362
|move|p1a: Mamoswine|Stealth Rock|p2a: Kyurem-Black
|-sidestart|p2: Pythagorean Python|move: Stealth Rock
|
|turn|2
|
|move|p1a: Mamoswine|Ice Shard|p2a: Kyurem-Black
|-damage|p2a: Kyurem-Black|307/391
|move|p2a: Kyurem-Black|Outrage|p1a: Mamoswine
|-damage|p1a: Mamoswine|0 fnt
|faint|p1a: Mamoswine
|
|-end|p2a: Kyurem-Black|rampage
|-start|p2a: Kyurem-Black|confusion
|
|switch|p1a: Scizor|Scizor, M|282/282
|turn|3
|
|-activate|p2a: Kyurem-Black|confusion
|move|p2a: Kyurem-Black|Outrage|p1a: Scizor
|-resisted|p1a: Scizor
|-damage|p1a: Scizor|162/282
|move|p1a: Scizor|Swords Dance|p1a: Scizor
|-boost|p1a: Scizor|atk|2
|
|turn|4
|
|move|p1a: Scizor|Bullet Punch|p2a: Kyurem-Black
|-supereffective|p2a: Kyurem-Black
|-damage|p2a: Kyurem-Black|0 fnt
|-damage|p1a: Scizor|134/282|[from] item: Life Orb
|faint|p2a: Kyurem-Black
|
|
|switch|p2a: Dragonite|Dragonite, M|386/386
|-damage|p2a: Dragonite|290/386|[from] Stealth Rock
|turn|5
|
|move|p1a: Scizor|Bullet Punch|p2a: Dragonite
|-damage|p2a: Dragonite|17/386
|-damage|p1a: Scizor|106/282|[from] item: Life Orb
|move|p2a: Dragonite|Fire Punch|p1a: Scizor
|-supereffective|p1a: Scizor
|-damage|p1a: Scizor|0 fnt
|faint|p1a: Scizor
|
|-heal|p2a: Dragonite|41/386|[from] item: Leftovers
|
|switch|p1a: Breloom|Breloom, M|262/262
|turn|6
|
|move|p1a: Breloom|Mach Punch|p2a: Dragonite
|-resisted|p2a: Dragonite
|-damage|p2a: Dragonite|0 fnt
|faint|p2a: Dragonite
|
|
|switch|p2a: Latias|Latias, F|363/363
|-damage|p2a: Latias|318/363|[from] Stealth Rock
|turn|7
|
|move|p2a: Latias|Substitute|p2a: Latias
|-start|p2a: Latias|Substitute
|-damage|p2a: Latias|228/363
|move|p1a: Breloom|Spore|p2a: Latias
|
|-heal|p2a: Latias|250/363|[from] item: Leftovers
|turn|8
|
|move|p2a: Latias|Calm Mind|p2a: Latias
|-boost|p2a: Latias|spa|1
|-boost|p2a: Latias|spd|1
|move|p1a: Breloom|Bullet Seed|p2a: Latias
|-resisted|p2a: Latias
|-activate|p2a: Latias|Substitute|[damage]
|-resisted|p2a: Latias
|-activate|p2a: Latias|Substitute|[damage]
|-resisted|p2a: Latias
|-activate|p2a: Latias|Substitute|[damage]
|-hitcount|p2a: Latias|3
|
|-heal|p2a: Latias|272/363|[from] item: Leftovers
|turn|9
|
|move|p2a: Latias|Calm Mind|p2a: Latias
|-boost|p2a: Latias|spa|1
|-boost|p2a: Latias|spd|1
|move|p1a: Breloom|Swords Dance|p1a: Breloom
|-boost|p1a: Breloom|atk|2
|
|-heal|p2a: Latias|294/363|[from] item: Leftovers
|turn|10
|
|move|p2a: Latias|Dragon Pulse|p1a: Breloom
|-damage|p1a: Breloom|0 fnt
|faint|p1a: Breloom
|
|-heal|p2a: Latias|316/363|[from] item: Leftovers
|
|switch|p1a: Volcarona|Volcarona, F|312/312
|turn|11
|
|move|p1a: Volcarona|Bug Buzz|p2a: Latias
|-supereffective|p2a: Latias
|-end|p2a: Latias|Substitute
|move|p2a: Latias|Dragon Pulse|p1a: Volcarona
|-damage|p1a: Volcarona|89/312
|
|-heal|p2a: Latias|338/363|[from] item: Leftovers
|turn|12
|
|move|p1a: Volcarona|Bug Buzz|p2a: Latias
|-supereffective|p2a: Latias
|-damage|p2a: Latias|186/363
|move|p2a: Latias|Substitute|p2a: Latias
|-start|p2a: Latias|Substitute
|-damage|p2a: Latias|96/363
|
|-heal|p2a: Latias|118/363|[from] item: Leftovers
|turn|13
|
|move|p1a: Volcarona|Bug Buzz|p2a: Latias
|-supereffective|p2a: Latias
|-end|p2a: Latias|Substitute
|move|p2a: Latias|Dragon Pulse|p1a: Volcarona
|-damage|p1a: Volcarona|0 fnt
|faint|p1a: Volcarona
|
|-heal|p2a: Latias|140/363|[from] item: Leftovers
|
|switch|p1a: Dragonite|Dragonite, F|324/324
|turn|14
|
|move|p1a: Dragonite|Dragon Dance|p1a: Dragonite
|-boost|p1a: Dragonite|atk|1
|-boost|p1a: Dragonite|spe|1
|move|p2a: Latias|Dragon Pulse|p1a: Dragonite
|-supereffective|p1a: Dragonite
|-damage|p1a: Dragonite|104/324
|
|-heal|p2a: Latias|162/363|[from] item: Leftovers
|turn|15
|
|move|p1a: Dragonite|Outrage|p2a: Latias
|-supereffective|p2a: Latias
|-damage|p2a: Latias|0 fnt
|faint|p2a: Latias
|
|
|switch|p2a: Salamence|Salamence, F|331/331
|-damage|p2a: Salamence|249/331|[from] Stealth Rock
|turn|16
|
|move|p2a: Salamence|Outrage|p1a: Dragonite
|-supereffective|p1a: Dragonite
|-damage|p1a: Dragonite|0 fnt
|faint|p1a: Dragonite
|-boost|p2a: Salamence|atk|1|[from] ability: Moxie
|
|
|switch|p1a: Starmie|Starmie|262/262
|turn|17
|
|move|p2a: Salamence|Outrage|p1a: Starmie
|-damage|p1a: Starmie|0 fnt
|faint|p1a: Starmie
|-boost|p2a: Salamence|atk|1|[from] ability: Moxie
|
|win|Pythagorean Python
|raw|Ladder updating...
|raw|arm96's rating: 1456 &rarr; <strong>1434</strong><br />(-22 for losing)
|raw|Pythagorean Python's rating: 1410 &rarr; <strong>1433</strong><br />(+23 for winning)
|chat|Pythagorean Python|gg
|leave|arm96
|player|p1