|j|☆Seba Stonem
|j|‽brisingr14
|t:|1728147722
|gametype|singles
|player|p1|Seba Stonem|hilbert|1370
|player|p2|brisingr14|red|1469
|teamsize|p1|6
|teamsize|p2|6
|gen|5
|tier|[Gen 5] OU
|rated|
|rule|Species Clause: Limit one of each Pokémon
|rule|OHKO Clause: OHKO moves are banned
|rule|Moody Clause: Moody is banned
|rule|Evasion Items Clause: Evasion items are banned
|rule|Evasion Moves Clause: Evasion moves are banned
|rule|Endless Battle Clause: Forcing endless battles is banned
|rule|HP Percentage Mod: HP is shown in percentages
|rule|Evasion Abilities Clause: Evasion abilities are banned
|rule|Sleep Moves Clause: Sleep-inducing moves are banned
|rule|Swagger Clause: Swagger is banned
|rule|Baton Pass Stat Clause: No Baton Passer may have a way to boost its stats
|clearpoke
|poke|p1|Latios, M|item
|poke|p1|Slowbro, M|item
|poke|p1|Blissey, F|item
|poke|p1|Infernape, M|item
|poke|p1|Donphan, F|item
|poke|p1|Dragonite, M|item
|poke|p2|Ferrothorn, M|item
|poke|p2|Togekiss, M|item
|poke|p2|Gyarados, M|item
|poke|p2|Dragonite, M|item
|poke|p2|Kyurem-Black|item
|poke|p2|Latios, M|item
|teampreview
|inactive|Battle timer is ON: inactive players will automatically lose when time's up. (requested by brisingr14)
|
|t:|1728147745
|start
|switch|p1a: Infernape|Infernape, M|100/100
|switch|p2a: Ferrothorn|Ferrothorn, M, shiny|100/100
|turn|1
|
|t:|1728147761
|switch|p2a: Togekiss|Togekiss, M, shiny|100/100
|move|p1a: Infernape|Flare Blitz|p2a: Togekiss
|-damage|p2a: Togekiss|24/100
|-damage|p1a: Infernape|68/100|[from] Recoil
|
|-heal|p2a: Togekiss|30/100|[from] item: Leftovers
|upkeep
|turn|2
|
|t:|1728147766
|move|p1a: Infernape|Flare Blitz|p2a: Togekiss
|-damage|p2a: Togekiss|0 fnt
|faint|p2a: Togekiss
|-damage|p1a: Infernape|56/100|[from] Recoil
|
|upkeep
|
|t:|1728147771
|switch|p2a: Gyarados|Gyarados, M, shiny|100/100
|-ability|p2a: Gyarados|Intimidate|boost
|-unboost|p1a: Infernape|atk|1
|turn|3
|
|t:|1728147781
|switch|p1a: Dragonite|Dragonite, M|100/100
|move|p2a: Gyarados|Dragon Dance|p2a: Gyarados
|-boost|p2a: Gyarados|atk|1
|-boost|p2a: Gyarados|spe|1
|
|upkeep
|turn|4
|
|t:|1728147790
|move|p1a: Dragonite|Thunder Punch|p2a: Gyarados
|-supereffective|p2a: Gyarados
|-damage|p2a: Gyarados|0 fnt
|faint|p2a: Gyarados
|
|upkeep
|
|t:|1728147794
|switch|p2a: Ferrothorn|Ferrothorn, M, shiny|100/100
|turn|5
|
|t:|1728147808
|switch|p1a: Infernape|Infernape, M|56/100
|move|p2a: Ferrothorn|Stealth Rock|p1a: Infernape
|-sidestart|p1: Seba Stonem|move: Stealth Rock
|
|upkeep
|turn|6
|
|t:|1728147827
|move|p1a: Infernape|Flare Blitz|p2a: Ferrothorn
|-supereffective|p2a: Ferrothorn
|-damage|p2a: Ferrothorn|0 fnt
|-damage|p1a: Infernape|44/100|[from] ability: Iron Barbs|[of] p2a: Ferrothorn
|faint|p2a: Ferrothorn
|-damage|p1a: Infernape|4/100|[from] Recoil
|
|upkeep
|
|t:|1728147831
|switch|p2a: Dragonite|Dragonite, M, shiny|100/100
|turn|7
|
|t:|1728147853
|switch|p1a: Slowbro|Slowbro, M|100/100
|-damage|p1a: Slowbro|88/100|[from] Stealth Rock
|move|p2a: Dragonite|Extreme Speed|p1a: Slowbro
|-damage|p1a: Slowbro|69/100
|
|-heal|p1a: Slowbro|75/100|[from] item: Leftovers
|upkeep
|turn|8
|
|t:|1728147863
|move|p2a: Dragonite|Dragon Dance|p2a: Dragonite
|-boost|p2a: Dragonite|atk|1
|-boost|p2a: Dragonite|spe|1
|move|p1a: Slowbro|Slack Off|p1a: Slowbro
|-heal|p1a: Slowbro|100/100
|
|upkeep
|turn|9
|
|t:|1728147870
|move|p2a: Dragonite|Dragon Dance|p2a: Dragonite
|-boost|p2a: Dragonite|atk|1
|-boost|p2a: Dragonite|spe|1
|move|p1a: Slowbro|Ice Beam|p2a: Dragonite
|-supereffective|p2a: Dragonite
|-damage|p2a: Dragonite|51/100
|
|upkeep
|turn|10
|
|t:|1728147872
|move|p2a: Dragonite|Outrage|p1a: Slowbro
|-damage|p1a: Slowbro|16/100
|move|p1a: Slowbro|Ice Beam|p2a: Dragonite
|-supereffective|p2a: Dragonite
|-crit|p2a: Dragonite
|-damage|p2a: Dragonite|0 fnt
|faint|p2a: Dragonite
|
|-heal|p1a: Slowbro|23/100|[from] item: Leftovers
|upkeep
|
|t:|1728147876
|switch|p2a: Latios|Latios, M, shiny|100/100
|turn|11
|
|t:|1728147880
|move|p2a: Latios|Psyshock|p1a: Slowbro
|-resisted|p1a: Slowbro
|-damage|p1a: Slowbro|7/100
|-damage|p2a: Latios|91/100|[from] item: Life Orb
|move|p1a: Slowbro|Slack Off|p1a: Slowbro
|-heal|p1a: Slowbro|57/100
|
|-heal|p1a: Slowbro|63/100|[from] item: Leftovers
|upkeep
|turn|12
|
|t:|1728147886
|move|p2a: Latios|Draco Meteor|p1a: Slowbro
|-damage|p1a: Slowbro|0 fnt
|-unboost|p2a: Latios|spa|2
|faint|p1a: Slowbro
|-damage|p2a: Latios|81/100|[from] item: Life Orb
|
|upkeep
|
|t:|1728147900
|switch|p1a: Latios|Latios, M|100/100
|-damage|p1a: Latios|88/100|[from] Stealth Rock
|turn|13
|
|t:|1728147907
|move|p1a: Latios|Draco Meteor|p2a: Latios
|-supereffective|p2a: Latios
|-damage|p2a: Latios|0 fnt
|-unboost|p1a: Latios|spa|2
|faint|p2a: Latios
|
|upkeep
|
|t:|1728147910
|switch|p2a: Kyurem|Kyurem-Black, shiny|100/100
|-ability|p2a: Kyurem|Teravolt
|turn|14
|
|t:|1728147916
|move|p2a: Kyurem|Outrage|p1a: Latios
|-supereffective|p1a: Latios
|-damage|p1a: Latios|0 fnt
|faint|p1a: Latios
|
|upkeep
|
|t:|1728147932
|switch|p1a: Doñaphan|Donphan, F|100/100
|-damage|p1a: Doñaphan|94/100|[from] Stealth Rock
|turn|15
|
|t:|1728147938
|move|p2a: Kyurem|Outrage|p1a: Doñaphan|[from]lockedmove
|-damage|p1a: Doñaphan|38/100
|move|p1a: Doñaphan|Rapid Spin|p2a: Kyurem
|-damage|p2a: Kyurem|94/100
|-sideend|p1: Seba Stonem|Stealth Rock|[from] move: Rapid Spin|[of] p1a: Doñaphan
|
|-heal|p1a: Doñaphan|44/100|[from] item: Leftovers
|upkeep
|turn|16
|
|t:|1728147944
|move|p2a: Kyurem|Outrage|p1a: Doñaphan|[from]lockedmove
|-damage|p1a: Doñaphan|0 fnt
|faint|p1a: Doñaphan
|-start|p2a: Kyurem|confusion|[fatigue]
|
|upkeep
|
|t:|1728147947
|switch|p1a: Infernape|Infernape, M|4/100
|turn|17
|
|t:|1728147949
|-activate|p2a: Kyurem|confusion
|move|p2a: Kyurem|Outrage|p1a: Infernape
|-damage|p1a: Infernape|0 fnt
|faint|p1a: Infernape
|
|upkeep
|
|t:|1728147952
|switch|p1a: Blissey|Blissey, F|100/100
|turn|18
|
|t:|1728147958
|-end|p2a: Kyurem|confusion
|move|p2a: Kyurem|Outrage|p1a: Blissey|[from]lockedmove
|-damage|p1a: Blissey|37/100
|-start|p2a: Kyurem|confusion|[fatigue]
|move|p1a: Blissey|Toxic|p2a: Kyurem
|-status|p2a: Kyurem|tox
|
|-heal|p1a: Blissey|43/100|[from] item: Leftovers
|-damage|p2a: Kyurem|88/100 tox|[from] psn
|upkeep
|turn|19
|
|t:|1728147967
|-activate|p2a: Kyurem|confusion
|move|p2a: Kyurem|Outrage|p1a: Blissey
|-damage|p1a: Blissey|0 fnt
|faint|p1a: Blissey
|
|-damage|p2a: Kyurem|76/100 tox|[from] psn
|upkeep
|
|t:|1728147969
|switch|p1a: Dragonite|Dragonite, M|100/100
|turn|20
|
|t:|1728147978
|-activate|p2a: Kyurem|confusion
|move|p2a: Kyurem|Outrage|p1a: Dragonite|[from]lockedmove
|-supereffective|p1a: Dragonite
|-damage|p1a: Dragonite|0 fnt
|faint|p1a: Dragonite
|
|win|brisingr14
|raw|Seba Stonem's rating: 1370 &rarr; <strong>1356</strong><br />(-14 for losing)
|raw|brisingr14's rating: 1469 &rarr; <strong>1483</strong><br />(+14 for winning)
|l|☆Seba Stonem
|player|p1|
