|j|☆TheRareCandyDealer
|j|☆bislawoglwj
|player|p1|TheRareCandyDealer|dragontamer|1423
|player|p2|bislawoglwj|102|1325
|teamsize|p1|6
|teamsize|p2|6
|gametype|singles
|gen|5
|tier|[Gen 5] OU
|rated|
|clearpoke
|poke|p1|Salamence, F|item
|poke|p1|Scizor, M|item
|poke|p1|Starmie|item
|poke|p1|Landorus-Therian, M|item
|poke|p1|Ferrothorn, M|item
|poke|p1|Scrafty, M|item
|poke|p2|Skarmory, F|item
|poke|p2|Gastrodon, M|item
|poke|p2|Tyranitar, M|item
|poke|p2|Garchomp, F|item
|poke|p2|Forretress, F|item
|poke|p2|Alakazam, M|item
|rule|Species Clause: Limit one of each Pokémon
|rule|OHKO Clause: OHKO moves are banned
|rule|Moody Clause: Moody is banned
|rule|Evasion Moves Clause: Evasion moves are banned
|rule|Endless Battle Clause: Forcing endless battles is banned
|rule|HP Percentage Mod: HP is shown in percentages
|rule|Evasion Abilities Clause: Evasion abilities are banned
|rule|Baton Pass Clause: Limit one Baton Passer, can't pass Spe and other stats simultaneously
|rule|Sleep Clause: Sleep-inducing moves are banned
|rule|Swagger Clause: Swagger is banned
|teampreview
|
|start
|switch|p1a: Thugnificent|Scrafty, M|100/100
|switch|p2a: Gastrodon|Gastrodon, M|100/100
|turn|1
|
|move|p1a: Thugnificent|Bulk Up|p1a: Thugnificent
|-boost|p1a: Thugnificent|atk|1
|-boost|p1a: Thugnificent|def|1
|move|p2a: Gastrodon|Earth Power|p1a: Thugnificent
|-damage|p1a: Thugnificent|73/100
|
|-heal|p1a: Thugnificent|79/100|[from] item: Leftovers
|upkeep
|turn|2
|
|move|p1a: Thugnificent|Bulk Up|p1a: Thugnificent
|-boost|p1a: Thugnificent|atk|1
|-boost|p1a: Thugnificent|def|1
|move|p2a: Gastrodon|Toxic|p1a: Thugnificent
|-status|p1a: Thugnificent|tox
|
|-heal|p1a: Thugnificent|85/100 tox|[from] item: Leftovers
|-damage|p1a: Thugnificent|79/100 tox|[from] psn
|upkeep
|turn|3
|
|move|p1a: Thugnificent|Crunch|p2a: Gastrodon
|-damage|p2a: Gastrodon|46/100
|-unboost|p2a: Gastrodon|def|1
|move|p2a: Gastrodon|Scald|p1a: Thugnificent
|-damage|p1a: Thugnificent|54/100 tox
|
|-heal|p1a: Thugnificent|60/100 tox|[from] item: Leftovers
|-heal|p2a: Gastrodon|52/100|[from] item: Leftovers
|-damage|p1a: Thugnificent|48/100 tox|[from] psn
|upkeep
|turn|4
|
|move|p2a: Gastrodon|Protect|p2a: Gastrodon
|-singleturn|p2a: Gastrodon|Protect
|move|p1a: Thugnificent|Drain Punch|p2a: Gastrodon
|-activate|p2a: Gastrodon|move: Protect
|
|-heal|p1a: Thugnificent|54/100 tox|[from] item: Leftovers
|-heal|p2a: Gastrodon|58/100|[from] item: Leftovers
|-damage|p1a: Thugnificent|36/100 tox|[from] psn
|upkeep
|turn|5
|
|move|p2a: Gastrodon|Protect|p2a: Gastrodon
|-singleturn|p2a: Gastrodon|Protect
|move|p1a: Thugnificent|Drain Punch|p2a: Gastrodon
|-activate|p2a: Gastrodon|move: Protect
|
|-heal|p1a: Thugnificent|42/100 tox|[from] item: Leftovers
|-heal|p2a: Gastrodon|64/100|[from] item: Leftovers
|-damage|p1a: Thugnificent|18/100 tox|[from] psn
|upkeep
|turn|6
|
|switch|p2a: Forretress|Forretress, F|100/100
|move|p1a: Thugnificent|Drain Punch|p2a: Forretress
|-damage|p2a: Forretress|67/100
|-heal|p1a: Thugnificent|37/100 tox|[from] drain|[of] p2a: Forretress
|
|-activate|p1a: Thugnificent|ability: Shed Skin
|-curestatus|p1a: Thugnificent|tox|[msg]
|-heal|p1a: Thugnificent|43/100|[from] item: Leftovers
|-heal|p2a: Forretress|73/100|[from] item: Leftovers
|upkeep
|turn|7
|
|move|p1a: Thugnificent|Drain Punch|p2a: Forretress
|-damage|p2a: Forretress|34/100
|-heal|p1a: Thugnificent|65/100|[from] drain|[of] p2a: Forretress
|move|p2a: Forretress|Toxic|p1a: Thugnificent
|-status|p1a: Thugnificent|tox
|
|-heal|p1a: Thugnificent|71/100 tox|[from] item: Leftovers
|-heal|p2a: Forretress|40/100|[from] item: Leftovers
|-damage|p1a: Thugnificent|65/100 tox|[from] psn
|upkeep
|turn|8
|
|move|p2a: Forretress|Protect|p2a: Forretress
|-singleturn|p2a: Forretress|Protect
|move|p1a: Thugnificent|Bulk Up|p1a: Thugnificent
|-boost|p1a: Thugnificent|atk|1
|-boost|p1a: Thugnificent|def|1
|
|-activate|p1a: Thugnificent|ability: Shed Skin
|-curestatus|p1a: Thugnificent|tox|[msg]
|-heal|p1a: Thugnificent|71/100|[from] item: Leftovers
|-heal|p2a: Forretress|46/100|[from] item: Leftovers
|upkeep
|turn|9
|
|move|p1a: Thugnificent|Drain Punch|p2a: Forretress
|-damage|p2a: Forretress|1/100
|-heal|p1a: Thugnificent|96/100|[from] drain|[of] p2a: Forretress
|move|p2a: Forretress|Stealth Rock|p1a: Thugnificent
|-sidestart|p1: TheRareCandyDealer|move: Stealth Rock
|
|-heal|p1a: Thugnificent|100/100|[from] item: Leftovers
|-heal|p2a: Forretress|7/100|[from] item: Leftovers
|upkeep
|turn|10
|
|move|p1a: Thugnificent|Ice Punch|p2a: Forretress
|-resisted|p2a: Forretress
|-damage|p2a: Forretress|0 fnt
|faint|p2a: Forretress
|
|upkeep
|
|switch|p2a: Skarmory|Skarmory, F|100/100
|turn|11
|
|move|p1a: Thugnificent|Drain Punch|p2a: Skarmory
|-crit|p2a: Skarmory
|-damage|p2a: Skarmory|10/100
|move|p2a: Skarmory|Whirlwind|p1a: Thugnificent
|drag|p1a: Patrick Star|Starmie|100/100
|-damage|p1a: Patrick Star|88/100|[from] Stealth Rock
|
|-heal|p2a: Skarmory|16/100|[from] item: Leftovers
|upkeep
|turn|12
|
|move|p1a: Patrick Star|Rapid Spin|p2a: Skarmory
|-resisted|p2a: Skarmory
|-damage|p2a: Skarmory|15/100
|-sideend|p1: TheRareCandyDealer|Stealth Rock|[from] move: Rapid Spin|[of] p1a: Patrick Star
|-damage|p1a: Patrick Star|78/100|[from] item: Life Orb
|move|p2a: Skarmory|Roost|p2a: Skarmory
|-heal|p2a: Skarmory|65/100
|-singleturn|p2a: Skarmory|move: Roost
|
|-heal|p2a: Skarmory|71/100|[from] item: Leftovers
|upkeep
|turn|13
|
|move|p2a: Skarmory|Protect|p2a: Skarmory
|-singleturn|p2a: Skarmory|Protect
|move|p1a: Patrick Star|Thunderbolt|p2a: Skarmory
|-activate|p2a: Skarmory|move: Protect
|
|-heal|p2a: Skarmory|77/100|[from] item: Leftovers
|upkeep
|turn|14
|
|switch|p2a: Gastrodon|Gastrodon, M|64/100
|move|p1a: Patrick Star|Thunderbolt|p2a: Gastrodon
|-immune|p2a: Gastrodon
|
|-heal|p2a: Gastrodon|70/100|[from] item: Leftovers
|upkeep
|turn|15
|
|switch|p1a: Clamps|Scizor, M|100/100
|move|p2a: Gastrodon|Toxic|p1a: Clamps
|-immune|p1a: Clamps
|
|-heal|p2a: Gastrodon|76/100|[from] item: Leftovers
|upkeep
|turn|16
|
|move|p1a: Clamps|Swords Dance|p1a: Clamps
|-boost|p1a: Clamps|atk|2
|move|p2a: Gastrodon|Scald|p1a: Clamps
|-damage|p1a: Clamps|66/100
|
|-heal|p2a: Gastrodon|82/100|[from] item: Leftovers
|upkeep
|turn|17
|
|move|p1a: Clamps|Bug Bite|p2a: Gastrodon
|-damage|p2a: Gastrodon|0 fnt
|-damage|p1a: Clamps|56/100|[from] item: Life Orb
|faint|p2a: Gastrodon
|
|upkeep
|
|switch|p2a: Alakazam|Alakazam, M|100/100
|turn|18
|
|move|p1a: Clamps|Bullet Punch|p2a: Alakazam
|-enditem|p2a: Alakazam|Focus Sash
|-damage|p2a: Alakazam|1/100
|-damage|p1a: Clamps|46/100|[from] item: Life Orb
|move|p2a: Alakazam|Hidden Power|p1a: Clamps
|-supereffective|p1a: Clamps
|-damage|p1a: Clamps|0 fnt
|faint|p1a: Clamps
|
|upkeep
|
|switch|p1a: Hasmalum|Landorus-Therian, M|100/100
|-ability|p1a: Hasmalum|Intimidate|boost
|-unboost|p2a: Alakazam|atk|1
|turn|19
|
|switch|p2a: Garchomp|Garchomp, F|100/100
|move|p1a: Hasmalum|U-turn|p2a: Garchomp
|-damage|p2a: Garchomp|75/100
|-damage|p1a: Hasmalum|88/100|[from] ability: Rough Skin|[of] p2a: Garchomp
|
|switch|p1a: Patrick Star|Starmie|78/100|[from]move: U-turn
|
|upkeep
|turn|20
|
|move|p2a: Garchomp|Dragon Claw|p1a: Patrick Star
|-damage|p1a: Patrick Star|16/100
|move|p1a: Patrick Star|Ice Beam|p2a: Garchomp
|-supereffective|p2a: Garchomp
|-damage|p2a: Garchomp|0 fnt
|-damage|p1a: Patrick Star|6/100|[from] item: Life Orb
|faint|p2a: Garchomp
|
|upkeep
|
|switch|p2a: Alakazam|Alakazam, M|1/100
|turn|21
|
|move|p2a: Alakazam|Signal Beam|p1a: Patrick Star
|-supereffective|p1a: Patrick Star
|-damage|p1a: Patrick Star|0 fnt
|faint|p1a: Patrick Star
|
|upkeep
|
|switch|p1a: Hasmalum|Landorus-Therian, M|88/100
|-ability|p1a: Hasmalum|Intimidate|boost
|-unboost|p2a: Alakazam|atk|1
|turn|22
|
|switch|p2a: Skarmory|Skarmory, F|77/100
|move|p1a: Hasmalum|U-turn|p2a: Skarmory
|-resisted|p2a: Skarmory
|-damage|p2a: Skarmory|73/100
|
|switch|p1a: Urava|Salamence, F, shiny|100/100|[from]move: U-turn
|
|-heal|p2a: Skarmory|79/100|[from] item: Leftovers
|upkeep
|turn|23
|
|move|p1a: Urava|Fire Blast|p2a: Skarmory
|-supereffective|p2a: Skarmory
|-damage|p2a: Skarmory|0 fnt
|-damage|p1a: Urava|91/100|[from] item: Life Orb
|faint|p2a: Skarmory
|-ability|p1a: Urava|Moxie|boost
|-boost|p1a: Urava|atk|1
|
|upkeep
|
|switch|p2a: Tyranitar|Tyranitar, M|100/100
|-weather|Sandstorm|[from] ability: Sand Stream|[of] p2a: Tyranitar
|turn|24
|
|move|p1a: Urava|Earthquake|p2a: Tyranitar
|-supereffective|p2a: Tyranitar
|-damage|p2a: Tyranitar|0 fnt
|-damage|p1a: Urava|81/100|[from] item: Life Orb
|faint|p2a: Tyranitar
|-ability|p1a: Urava|Moxie|boost
|-boost|p1a: Urava|atk|1
|
|-weather|Sandstorm|[upkeep]
|-damage|p1a: Urava|75/100|[from] Sandstorm
|upkeep
|
|switch|p2a: Alakazam|Alakazam, M|1/100
|turn|25
|c|☆TheRareCandyDealer|gg
|
|move|p2a: Alakazam|Psychic|p1a: Urava
|-damage|p1a: Urava|13/100
|move|p1a: Urava|Outrage|p2a: Alakazam
|-damage|p2a: Alakazam|0 fnt
|-damage|p1a: Urava|3/100|[from] item: Life Orb
|faint|p2a: Alakazam
|-ability|p1a: Urava|Moxie|boost
|-boost|p1a: Urava|atk|1
|
|win|TheRareCandyDealer
|l|☆bislawoglwj
|raw|TheRareCandyDealer's rating: 1423 &rarr; <strong>1438</strong><br />(+15 for winning)
|raw|bislawoglwj's rating: 1325 &rarr; <strong>1311</strong><br />(-14 for losing)
