|join|dtw
|join|LordCheese
|player|p1|dtw|1
|player|p2|LordCheese|246
|gametype|singles
|gen|5
|tier|[Gen 5] OU
|rated
|rule|Evasion Abilities Clause: Evasion abilities are banned
|clearpoke
|poke|p1|Gengar, F
|poke|p1|Latios, M
|poke|p1|Breloom, M
|poke|p1|Keldeo
|poke|p1|Skarmory, F
|poke|p1|Hydreigon, M
|poke|p2|Infernape, F, shiny
|poke|p2|Jirachi, shiny
|poke|p2|Weavile, M
|poke|p2|Jellicent, F, shiny
|poke|p2|Gliscor, F
|poke|p2|Rotom-Wash, shiny
|rule|Sleep Clause Mod: Limit one foe put to sleep
|rule|Species Clause: Limit one of each Pokémon
|rule|OHKO Clause: OHKO moves are banned
|rule|Moody Clause: Moody is banned
|rule|Evasion Moves Clause: Evasion moves are banned
|rule|Endless Battle Clause: Forcing endless battles is banned
|rule|HP Percentage Mod: HP is reported as percentages
|teampreview
|
|start
|switch|p1a: Skarmory|Skarmory, F|334/334
|switch|p2a: Infernape|Infernape, F, shiny|293/293
|turn|1
|
|move|p2a: Infernape|Overheat|p1a: Skarmory
|-supereffective|p1a: Skarmory
|-activate|p1a: Skarmory|Sturdy
|-damage|p1a: Skarmory|1/334
|-unboost|p2a: Infernape|spa|2
|move|p1a: Skarmory|Stealth Rock|p2a: Infernape
|-sidestart|p2: LordCheese|move: Stealth Rock
|
|-heal|p1a: Skarmory|21/334|[from] item: Leftovers
|turn|2
|
|switch|p1a: Latios|Latios, M|301/301
|move|p2a: Infernape|Close Combat|p1a: Latios
|-crit|p1a: Latios
|-resisted|p1a: Latios
|-damage|p1a: Latios|85/301
|-unboost|p2a: Infernape|def|1
|-unboost|p2a: Infernape|spd|1
|
|turn|3
|
|move|p1a: Latios|Draco Meteor|p2a: Infernape|[miss]
|-miss|p1a: Latios|p2a: Infernape
|move|p2a: Infernape|Stealth Rock|p1a: Latios
|-sidestart|p1: dtw|move: Stealth Rock
|
|turn|4
|
|move|p1a: Latios|Draco Meteor|p2a: Infernape|[miss]
|-miss|p1a: Latios|p2a: Infernape
|move|p2a: Infernape|Close Combat|p1a: Latios
|-resisted|p1a: Latios
|-damage|p1a: Latios|0 fnt
|-unboost|p2a: Infernape|def|1
|-unboost|p2a: Infernape|spd|1
|faint|p1a: Latios
|
|
|switch|p1a: Gengar|Gengar, F|261/261
|-damage|p1a: Gengar|229/261|[from] Stealth Rock
|turn|5
|
|switch|p2a: Jirachi|Jirachi, shiny|404/404
|-damage|p2a: Jirachi|379/404|[from] Stealth Rock
|move|p1a: Gengar|Substitute|p1a: Gengar
|-start|p1a: Gengar|Substitute
|-damage|p1a: Gengar|164/261
|
|-heal|p1a: Gengar|180/261|[from] item: Black Sludge
|-heal|p2a: Jirachi|404/404|[from] item: Leftovers
|turn|6
|
|move|p1a: Gengar|Shadow Ball|p2a: Jirachi
|-damage|p2a: Jirachi|304/404
|move|p2a: Jirachi|Iron Head|p1a: Gengar
|-end|p1a: Gengar|Substitute
|
|-heal|p1a: Gengar|196/261|[from] item: Black Sludge
|-heal|p2a: Jirachi|329/404|[from] item: Leftovers
|turn|7
|
|move|p1a: Gengar|Substitute|p1a: Gengar
|-start|p1a: Gengar|Substitute
|-damage|p1a: Gengar|131/261
|move|p2a: Jirachi|Iron Head|p1a: Gengar
|-end|p1a: Gengar|Substitute
|
|-heal|p1a: Gengar|147/261|[from] item: Black Sludge
|-heal|p2a: Jirachi|354/404|[from] item: Leftovers
|turn|8
|
|move|p1a: Gengar|Disable|p2a: Jirachi
|-start|p2a: Jirachi|Disable|Iron Head
|cant|p2a: Jirachi|Disable|Iron Head
|
|-heal|p1a: Gengar|163/261|[from] item: Black Sludge
|-heal|p2a: Jirachi|379/404|[from] item: Leftovers
|turn|9
|
|move|p1a: Gengar|Substitute|p1a: Gengar
|-start|p1a: Gengar|Substitute
|-damage|p1a: Gengar|98/261
|move|p2a: Jirachi|U-turn|p1a: Gengar
|-crit|p1a: Gengar
|-resisted|p1a: Gengar
|-activate|p1a: Gengar|Substitute|[damage]
|
|switch|p2a: Rotom-Wash|Rotom-Wash, shiny|304/304
|-damage|p2a: Rotom-Wash|266/304|[from] Stealth Rock
|
|-heal|p1a: Gengar|114/261|[from] item: Black Sludge
|-heal|p2a: Rotom-Wash|285/304|[from] item: Leftovers
|turn|10
|
|move|p1a: Gengar|Shadow Ball|p2a: Rotom-Wash
|-damage|p2a: Rotom-Wash|144/304
|-unboost|p2a: Rotom-Wash|spd|1
|move|p2a: Rotom-Wash|Volt Switch|p1a: Gengar
|-end|p1a: Gengar|Substitute
|
|switch|p2a: Weavile|Weavile, M|281/281
|-damage|p2a: Weavile|211/281|[from] Stealth Rock
|-ability|p2a: Weavile|Pressure
|
|-heal|p1a: Gengar|130/261|[from] item: Black Sludge
|turn|11
|
|switch|p1a: Skarmory|Skarmory, F|21/334
|-damage|p1a: Skarmory|0 fnt|[from] Stealth Rock
|faint|p1a: Skarmory
|move|p2a: Weavile|Ice Punch|p1: Skarmory|[notarget]
|-notarget
|
|
|switch|p1a: Keldeo|Keldeo|323/323
|-damage|p1a: Keldeo|303/323|[from] Stealth Rock
|turn|12
|
|switch|p2a: Jellicent|Jellicent, F, shiny|404/404
|-damage|p2a: Jellicent|354/404|[from] Stealth Rock
|move|p1a: Keldeo|Hidden Power|p2a: Jellicent
|-supereffective|p2a: Jellicent
|-damage|p2a: Jellicent|162/404
|-damage|p1a: Keldeo|271/323|[from] item: Life Orb
|
|-heal|p2a: Jellicent|187/404|[from] item: Leftovers
|turn|13
|
|switch|p2a: Jirachi|Jirachi, shiny|379/404
|-damage|p2a: Jirachi|354/404|[from] Stealth Rock
|move|p1a: Keldeo|Hidden Power|p2a: Jirachi
|-damage|p2a: Jirachi|267/404
|-damage|p1a: Keldeo|239/323|[from] item: Life Orb
|
|-heal|p2a: Jirachi|292/404|[from] item: Leftovers
|turn|14
|
|move|p1a: Keldeo|Hydro Pump|p2a: Jirachi
|-crit|p2a: Jirachi
|-damage|p2a: Jirachi|0 fnt
|-damage|p1a: Keldeo|207/323|[from] item: Life Orb
|faint|p2a: Jirachi
|
|
|switch|p2a: Rotom-Wash|Rotom-Wash, shiny|144/304
|-damage|p2a: Rotom-Wash|106/304|[from] Stealth Rock
|turn|15
|
|move|p1a: Keldeo|Secret Sword|p2a: Rotom-Wash
|-damage|p2a: Rotom-Wash|0 fnt
|-damage|p1a: Keldeo|175/323|[from] item: Life Orb
|faint|p2a: Rotom-Wash
|
|
|switch|p2a: Weavile|Weavile, M|211/281
|-damage|p2a: Weavile|141/281|[from] Stealth Rock
|-ability|p2a: Weavile|Pressure
|turn|16
|
|move|p2a: Weavile|Ice Shard|p1a: Keldeo
|-resisted|p1a: Keldeo
|-damage|p1a: Keldeo|127/323
|-damage|p2a: Weavile|113/281|[from] item: Life Orb
|move|p1a: Keldeo|Secret Sword|p2a: Weavile
|-supereffective|p2a: Weavile
|-damage|p2a: Weavile|0 fnt
|-damage|p1a: Keldeo|95/323|[from] item: Life Orb
|faint|p2a: Weavile
|
|
|switch|p2a: Infernape|Infernape, F, shiny|293/293
|-damage|p2a: Infernape|257/293|[from] Stealth Rock
|turn|17
|
|move|p2a: Infernape|Fake Out|p1a: Keldeo
|-damage|p1a: Keldeo|48/323
|cant|p1a: Keldeo|flinch
|
|turn|18
|
|switch|p2a: Jellicent|Jellicent, F, shiny|187/404
|-damage|p2a: Jellicent|137/404|[from] Stealth Rock
|move|p1a: Keldeo|Secret Sword|p2a: Jellicent
|-immune|p2a: Jellicent|[msg]
|
|-heal|p2a: Jellicent|162/404|[from] item: Leftovers
|turn|19
|
|move|p1a: Keldeo|Hidden Power|p2a: Jellicent
|-supereffective|p2a: Jellicent
|-damage|p2a: Jellicent|0 fnt
|-damage|p1a: Keldeo|16/323|[from] item: Life Orb
|faint|p2a: Jellicent
|
|
|switch|p2a: Infernape|Infernape, F, shiny|257/293
|-damage|p2a: Infernape|221/293|[from] Stealth Rock
|turn|20
|
|move|p2a: Infernape|Fake Out|p1a: Keldeo
|-damage|p1a: Keldeo|0 fnt
|faint|p1a: Keldeo
|
|
|switch|p1a: Gengar|Gengar, F|130/261
|-damage|p1a: Gengar|98/261|[from] Stealth Rock
|turn|21
|
|move|p1a: Gengar|Shadow Ball|p2a: Infernape
|-damage|p2a: Infernape|10/293
|move|p2a: Infernape|Overheat|p1a: Gengar
|-damage|p1a: Gengar|0 fnt
|-unboost|p2a: Infernape|spa|2
|faint|p1a: Gengar
|
|
|switch|p1a: Breloom|Breloom, M|261/261
|-damage|p1a: Breloom|245/261|[from] Stealth Rock
|turn|22
|
|move|p1a: Breloom|Mach Punch|p2a: Infernape
|-damage|p2a: Infernape|0 fnt
|faint|p2a: Infernape
|
|
|switch|p2a: Gliscor|Gliscor, F|354/354
|-damage|p2a: Gliscor|310/354|[from] Stealth Rock
|turn|23
|
|move|p1a: Breloom|Bullet Seed|p2a: Gliscor
|-damage|p2a: Gliscor|252/354
|-damage|p2a: Gliscor|200/354
|-hitcount|p2a: Gliscor|2
|move|p2a: Gliscor|Acrobatics|p1a: Breloom
|-enditem|p2a: Gliscor|Flying Gem|[from] gem|[move] Acrobatics
|-supereffective|p1a: Breloom
|-damage|p1a: Breloom|0 fnt
|faint|p1a: Breloom
|
|
|switch|p1a: Hydreigon|Hydreigon, M|325/325
|-damage|p1a: Hydreigon|285/325|[from] Stealth Rock
|turn|24
|
|move|p1a: Hydreigon|Draco Meteor|p2a: Gliscor|[miss]
|-miss|p1a: Hydreigon|p2a: Gliscor
|move|p2a: Gliscor|Acrobatics|p1a: Hydreigon
|-damage|p1a: Hydreigon|105/325
|
|turn|25
|
|move|p1a: Hydreigon|Draco Meteor|p2a: Gliscor
|-damage|p2a: Gliscor|0 fnt
|-unboost|p1a: Hydreigon|spa|2
|-damage|p1a: Hydreigon|73/325|[from] item: Life Orb
|faint|p2a: Gliscor
|
|win|dtw
|raw|Ladder updating...
|raw|dtw's rating: 1374 &rarr; <strong>1392</strong><br />(+18 for winning)
|raw|LordCheese's rating: 1338 &rarr; <strong>1320</strong><br />(-18 for losing)
|chat|dtw|gg lol