|j|☆gtsmncn
|j|☆HydreigonSpammer
|t:|1736477153
|gametype|singles
|player|p1|gtsmncn|101|1305
|player|p2|HydreigonSpammer|iris|1499
|teamsize|p1|6
|teamsize|p2|6
|gen|5
|tier|[Gen 5] OU
|rated|
|rule|Species Clause: Limit one of each Pokémon
|rule|OHKO Clause: OHKO moves are banned
|rule|Moody Clause: Moody is banned
|rule|Evasion Items Clause: Evasion items are banned
|rule|Evasion Moves Clause: Evasion moves are banned
|rule|Endless Battle Clause: Forcing endless battles is banned
|rule|HP Percentage Mod: HP is shown in percentages
|rule|Evasion Abilities Clause: Evasion abilities are banned
|rule|Sleep Moves Clause: Sleep-inducing moves are banned
|rule|Swagger Clause: Swagger is banned
|rule|Baton Pass Stat Clause: No Baton Passer may have a way to boost its stats
|clearpoke
|poke|p1|Scizor, F|item
|poke|p1|Heatran, F|item
|poke|p1|Donphan, M|item
|poke|p1|Hydreigon, F|item
|poke|p1|Haxorus, F|item
|poke|p1|Vaporeon, M|item
|poke|p2|Rotom|item
|poke|p2|Hippowdon, F|item
|poke|p2|Reuniclus, M|item
|poke|p2|Alakazam, M|item
|poke|p2|Ferrothorn, F|item
|poke|p2|Latios, M|item
|teampreview
|inactive|Battle timer is ON: inactive players will automatically lose when time's up. (requested by gtsmncn)
|inactive|gtsmncn has 120 seconds left.
|inactive|HydreigonSpammer has 120 seconds left.
|
|t:|1736477210
|start
|switch|p1a: Heatran|Heatran, F|100/100
|switch|p2a: Hippowdon|Hippowdon, F|100/100
|-weather|Sandstorm|[from] ability: Sand Stream|[of] p2a: Hippowdon
|turn|1
|
|t:|1736477218
|move|p1a: Heatran|Taunt|p2a: Hippowdon
|-start|p2a: Hippowdon|move: Taunt
|move|p2a: Hippowdon|Earthquake|p1a: Heatran
|-supereffective|p1a: Heatran
|-crit|p1a: Heatran
|-damage|p1a: Heatran|0 fnt
|faint|p1a: Heatran
|
|-weather|Sandstorm|[upkeep]
|upkeep
|
|t:|1736477231
|switch|p1a: Vaporeon|Vaporeon, M|100/100
|turn|2
|
|t:|1736477235
|switch|p2a: Ferrothorn|Ferrothorn, F|100/100
|move|p1a: Vaporeon|Scald|p2a: Ferrothorn
|-resisted|p2a: Ferrothorn
|-damage|p2a: Ferrothorn|89/100
|-status|p2a: Ferrothorn|brn
|
|-weather|Sandstorm|[upkeep]
|-damage|p1a: Vaporeon|94/100|[from] Sandstorm
|-heal|p1a: Vaporeon|100/100|[from] item: Leftovers
|-heal|p2a: Ferrothorn|96/100 brn|[from] item: Leftovers
|-damage|p2a: Ferrothorn|83/100 brn|[from] brn
|upkeep
|turn|3
|
|t:|1736477249
|switch|p1a: Donphan|Donphan, M|100/100
|move|p2a: Ferrothorn|Thunder Wave|p1a: Donphan
|-immune|p1a: Donphan
|
|-weather|Sandstorm|[upkeep]
|-heal|p2a: Ferrothorn|89/100 brn|[from] item: Leftovers
|-damage|p2a: Ferrothorn|77/100 brn|[from] brn
|upkeep
|turn|4
|
|t:|1736477265
|move|p1a: Donphan|Stealth Rock|p2a: Ferrothorn
|-sidestart|p2: HydreigonSpammer|move: Stealth Rock
|move|p2a: Ferrothorn|Spikes|p1a: Donphan
|-sidestart|p1: gtsmncn|Spikes
|
|-weather|Sandstorm|[upkeep]
|-heal|p2a: Ferrothorn|83/100 brn|[from] item: Leftovers
|-damage|p2a: Ferrothorn|71/100 brn|[from] brn
|upkeep
|turn|5
|
|t:|1736477273
|switch|p2a: Rotom|Rotom|100/100
|-damage|p2a: Rotom|88/100|[from] Stealth Rock
|move|p1a: Donphan|Earthquake|p2a: Rotom
|-immune|p2a: Rotom|[from] ability: Levitate
|
|-weather|Sandstorm|[upkeep]
|-damage|p2a: Rotom|82/100|[from] Sandstorm
|-heal|p2a: Rotom|88/100|[from] item: Leftovers
|upkeep
|turn|6
|
|t:|1736477287
|switch|p1a: Hydreigon|Hydreigon, F|100/100
|move|p2a: Rotom|Hidden Power|p1a: Hydreigon
|-supereffective|p1a: Hydreigon
|-damage|p1a: Hydreigon|65/100
|
|-weather|Sandstorm|[upkeep]
|-damage|p1a: Hydreigon|59/100|[from] Sandstorm
|-damage|p2a: Rotom|82/100|[from] Sandstorm
|-heal|p2a: Rotom|88/100|[from] item: Leftovers
|upkeep
|turn|7
|
|t:|1736477310
|switch|p2a: Ferrothorn|Ferrothorn, F|71/100 brn
|-damage|p2a: Ferrothorn|64/100 brn|[from] Stealth Rock
|move|p1a: Hydreigon|Dark Pulse|p2a: Ferrothorn
|-resisted|p2a: Ferrothorn
|-damage|p2a: Ferrothorn|49/100 brn
|
|-weather|Sandstorm|[upkeep]
|-damage|p1a: Hydreigon|52/100|[from] Sandstorm
|-heal|p2a: Ferrothorn|55/100 brn|[from] item: Leftovers
|-damage|p2a: Ferrothorn|42/100 brn|[from] brn
|upkeep
|turn|8
|
|t:|1736477323
|move|p1a: Hydreigon|Dark Pulse|p2a: Ferrothorn
|-resisted|p2a: Ferrothorn
|-damage|p2a: Ferrothorn|26/100 brn
|move|p2a: Ferrothorn|Spikes|p1a: Hydreigon
|-sidestart|p1: gtsmncn|Spikes
|
|-weather|Sandstorm|[upkeep]
|-damage|p1a: Hydreigon|46/100|[from] Sandstorm
|-heal|p2a: Ferrothorn|32/100 brn|[from] item: Leftovers
|-damage|p2a: Ferrothorn|20/100 brn|[from] brn
|upkeep
|turn|9
|
|t:|1736477333
|move|p1a: Hydreigon|Dark Pulse|p2a: Ferrothorn
|-resisted|p2a: Ferrothorn
|-damage|p2a: Ferrothorn|3/100 brn
|move|p2a: Ferrothorn|Thunder Wave|p1a: Hydreigon
|-status|p1a: Hydreigon|par
|
|-weather|Sandstorm|[upkeep]
|-damage|p1a: Hydreigon|40/100 par|[from] Sandstorm
|-heal|p2a: Ferrothorn|10/100 brn|[from] item: Leftovers
|-damage|p2a: Ferrothorn|0 fnt|[from] brn
|faint|p2a: Ferrothorn
|upkeep
|inactive|HydreigonSpammer has 120 seconds left.
|
|t:|1736477372
|switch|p2a: Hippowdon|Hippowdon, F|100/100
|-damage|p2a: Hippowdon|94/100|[from] Stealth Rock
|turn|10
|
|t:|1736477377
|move|p2a: Hippowdon|Stealth Rock|p1a: Hydreigon
|-sidestart|p1: gtsmncn|move: Stealth Rock
|move|p1a: Hydreigon|Dark Pulse|p2a: Hippowdon
|-damage|p2a: Hippowdon|56/100
|
|-weather|Sandstorm|[upkeep]
|-damage|p1a: Hydreigon|34/100 par|[from] Sandstorm
|-heal|p2a: Hippowdon|63/100|[from] item: Leftovers
|upkeep
|turn|11
|
|t:|1736477387
|move|p2a: Hippowdon|Slack Off|p2a: Hippowdon
|-heal|p2a: Hippowdon|100/100
|cant|p1a: Hydreigon|par
|
|-weather|Sandstorm|[upkeep]
|-damage|p1a: Hydreigon|28/100 par|[from] Sandstorm
|upkeep
|turn|12
|
|t:|1736477397
|move|p2a: Hippowdon|Earthquake|p1a: Hydreigon
|-immune|p1a: Hydreigon|[from] ability: Levitate
|move|p1a: Hydreigon|Dark Pulse|p2a: Hippowdon
|-damage|p2a: Hippowdon|64/100
|
|-weather|Sandstorm|[upkeep]
|-damage|p1a: Hydreigon|22/100 par|[from] Sandstorm
|-heal|p2a: Hippowdon|70/100|[from] item: Leftovers
|upkeep
|turn|13
|
|t:|1736477408
|move|p2a: Hippowdon|Slack Off|p2a: Hippowdon
|-heal|p2a: Hippowdon|100/100
|cant|p1a: Hydreigon|par
|
|-weather|Sandstorm|[upkeep]
|-damage|p1a: Hydreigon|16/100 par|[from] Sandstorm
|upkeep
|turn|14
|
|t:|1736477415
|move|p2a: Hippowdon|Slack Off||[still]
|-fail|p2a: Hippowdon|heal
|move|p1a: Hydreigon|Dark Pulse|p2a: Hippowdon
|-damage|p2a: Hippowdon|68/100
|
|-weather|Sandstorm|[upkeep]
|-damage|p1a: Hydreigon|9/100 par|[from] Sandstorm
|-heal|p2a: Hippowdon|75/100|[from] item: Leftovers
|upkeep
|turn|15
|
|t:|1736477425
|move|p2a: Hippowdon|Slack Off|p2a: Hippowdon
|-heal|p2a: Hippowdon|100/100
|move|p1a: Hydreigon|Dark Pulse|p2a: Hippowdon
|-damage|p2a: Hippowdon|65/100
|
|-weather|Sandstorm|[upkeep]
|-damage|p1a: Hydreigon|3/100 par|[from] Sandstorm
|-heal|p2a: Hippowdon|71/100|[from] item: Leftovers
|upkeep
|turn|16
|
|t:|1736477434
|move|p2a: Hippowdon|Slack Off|p2a: Hippowdon
|-heal|p2a: Hippowdon|100/100
|move|p1a: Hydreigon|Dark Pulse|p2a: Hippowdon
|-damage|p2a: Hippowdon|67/100
|
|-weather|Sandstorm|[upkeep]
|-damage|p1a: Hydreigon|0 fnt|[from] Sandstorm
|faint|p1a: Hydreigon
|-heal|p2a: Hippowdon|73/100|[from] item: Leftovers
|upkeep
|
|t:|1736477447
|switch|p1a: Haxorus|Haxorus, F, shiny|100/100
|-damage|p1a: Haxorus|84/100|[from] Spikes
|-damage|p1a: Haxorus|72/100|[from] Stealth Rock
|-ability|p1a: Haxorus|Mold Breaker
|turn|17
|
|t:|1736477457
|move|p1a: Haxorus|Outrage|p2a: Hippowdon
|-damage|p2a: Hippowdon|15/100
|move|p2a: Hippowdon|Earthquake|p1a: Haxorus
|-damage|p1a: Haxorus|22/100
|
|-weather|Sandstorm|[upkeep]
|-damage|p1a: Haxorus|16/100|[from] Sandstorm
|-heal|p2a: Hippowdon|21/100|[from] item: Leftovers
|upkeep
|turn|18
|
|t:|1736477471
|move|p1a: Haxorus|Outrage|p2a: Hippowdon|[from]lockedmove
|-damage|p2a: Hippowdon|0 fnt
|faint|p2a: Hippowdon
|
|-weather|Sandstorm|[upkeep]
|-damage|p1a: Haxorus|9/100|[from] Sandstorm
|upkeep
|
|t:|1736477495
|switch|p2a: Alakazam|Alakazam, M|100/100
|turn|19
|
|t:|1736477499
|move|p2a: Alakazam|Psychic|p1a: Haxorus
|-damage|p1a: Haxorus|0 fnt
|faint|p1a: Haxorus
|
|-weather|Sandstorm|[upkeep]
|upkeep
|
|t:|1736477506
|switch|p1a: Scizor|Scizor, F|100/100
|-damage|p1a: Scizor|84/100|[from] Spikes
|-damage|p1a: Scizor|72/100|[from] Stealth Rock
|turn|20
|
|t:|1736477513
|move|p2a: Alakazam|Psychic|p1a: Scizor
|-resisted|p1a: Scizor
|-damage|p1a: Scizor|42/100
|move|p1a: Scizor|Pursuit|p2a: Alakazam
|-supereffective|p2a: Alakazam
|-crit|p2a: Alakazam
|-enditem|p2a: Alakazam|Focus Sash
|-damage|p2a: Alakazam|1/100
|-damage|p1a: Scizor|32/100|[from] item: Life Orb
|
|-weather|Sandstorm|[upkeep]
|upkeep
|turn|21
|
|t:|1736477530
|move|p1a: Scizor|Bullet Punch|p2a: Alakazam
|-damage|p2a: Alakazam|0 fnt
|faint|p2a: Alakazam
|-damage|p1a: Scizor|22/100|[from] item: Life Orb
|
|-weather|Sandstorm|[upkeep]
|upkeep
|
|t:|1736477537
|switch|p2a: Rotom|Rotom|88/100
|-damage|p2a: Rotom|75/100|[from] Stealth Rock
|turn|22
|
|t:|1736477545
|move|p2a: Rotom|Volt Switch|p1a: Scizor
|-damage|p1a: Scizor|0 fnt
|faint|p1a: Scizor
|
|t:|1736477554
|switch|p2a: Reuniclus|Reuniclus, M|100/100|[from] Volt Switch
|
|-weather|Sandstorm|[upkeep]
|upkeep
|
|t:|1736477560
|switch|p1a: Donphan|Donphan, M|100/100
|-damage|p1a: Donphan|84/100|[from] Spikes
|-damage|p1a: Donphan|78/100|[from] Stealth Rock
|turn|23
|
|t:|1736477570
|move|p1a: Donphan|Rapid Spin|p2a: Reuniclus
|-damage|p2a: Reuniclus|96/100
|-sideend|p1: gtsmncn|Spikes|[from] move: Rapid Spin|[of] p1a: Donphan
|-sideend|p1: gtsmncn|Stealth Rock|[from] move: Rapid Spin|[of] p1a: Donphan
|move|p2a: Reuniclus|Calm Mind|p2a: Reuniclus
|-boost|p2a: Reuniclus|spa|1
|-boost|p2a: Reuniclus|spd|1
|
|-weather|Sandstorm|[upkeep]
|-heal|p1a: Donphan|84/100|[from] item: Leftovers
|-heal|p2a: Reuniclus|100/100|[from] item: Leftovers
|upkeep
|turn|24
|
|t:|1736477581
|move|p1a: Donphan|Earthquake|p2a: Reuniclus
|-damage|p2a: Reuniclus|64/100
|move|p2a: Reuniclus|Psychic|p1a: Donphan
|-damage|p1a: Donphan|3/100
|
|-weather|Sandstorm|[upkeep]
|-heal|p1a: Donphan|10/100|[from] item: Leftovers
|-heal|p2a: Reuniclus|71/100|[from] item: Leftovers
|upkeep
|turn|25
|-message|gtsmncn forfeited.
|
|win|HydreigonSpammer
|raw|gtsmncn's rating: 1305 &rarr; <strong>1295</strong><br />(-10 for losing)
|raw|HydreigonSpammer's rating: 1499 &rarr; <strong>1509</strong><br />(+10 for winning)
|l|☆gtsmncn
|player|p1|
