|j|☆affksl1
|j|☆Franco J
|t:|1718050673
|gametype|singles
|player|p1|affksl1|pokemaniac-gen3rs|1420
|player|p2|Franco J|n|1391
|teamsize|p1|6
|teamsize|p2|6
|gen|5
|tier|[Gen 5] OU
|rated|
|rule|Species Clause: Limit one of each Pokémon
|rule|OHKO Clause: OHKO moves are banned
|rule|Moody Clause: Moody is banned
|rule|Evasion Items Clause: Evasion items are banned
|rule|Evasion Moves Clause: Evasion moves are banned
|rule|Endless Battle Clause: Forcing endless battles is banned
|rule|HP Percentage Mod: HP is shown in percentages
|rule|Evasion Abilities Clause: Evasion abilities are banned
|rule|Sleep Moves Clause: Sleep-inducing moves are banned
|rule|Swagger Clause: Swagger is banned
|rule|Baton Pass Stat Clause: No Baton Passer may have a way to boost its stats
|clearpoke
|poke|p1|Dragonite, M|item
|poke|p1|Mamoswine, M|item
|poke|p1|Magnezone|item
|poke|p1|Scizor, F|item
|poke|p1|Garchomp, M|item
|poke|p1|Latios, M|item
|poke|p2|Lucario, M|item
|poke|p2|Sigilyph, F|item
|poke|p2|Skarmory, M|item
|poke|p2|Gengar, F|item
|poke|p2|Tyranitar, M|item
|poke|p2|Gastrodon, M|item
|teampreview
|inactive|Battle timer is ON: inactive players will automatically lose when time's up. (requested by affksl1)
|
|t:|1718050685
|start
|switch|p1a: Dragonite|Dragonite, M|100/100
|switch|p2a: Skarmory|Skarmory, M|100/100
|turn|1
|
|t:|1718050694
|move|p2a: Skarmory|Stealth Rock|p1a: Dragonite
|-sidestart|p1: affksl1|move: Stealth Rock
|move|p1a: Dragonite|Flamethrower|p2a: Skarmory
|-supereffective|p2a: Skarmory
|-ability|p2a: Skarmory|Sturdy
|-damage|p2a: Skarmory|1/100
|-damage|p1a: Dragonite|91/100|[from] item: Life Orb
|
|upkeep
|turn|2
|-enditem|p2a: Skarmory|Custap Berry|[eat]
|-activate|p2a: Skarmory|item: Custap Berry|[consumed]
|
|t:|1718050712
|move|p1a: Dragonite|Extreme Speed|p2a: Skarmory
|-resisted|p2a: Skarmory
|-damage|p2a: Skarmory|0 fnt
|faint|p2a: Skarmory
|-damage|p1a: Dragonite|81/100|[from] item: Life Orb
|
|upkeep
|
|t:|1718050721
|switch|p2a: Atenea|Sigilyph, F|100/100
|turn|3
|
|t:|1718050726
|move|p1a: Dragonite|Extreme Speed|p2a: Atenea
|-damage|p2a: Atenea|59/100
|-damage|p1a: Dragonite|71/100|[from] item: Life Orb
|move|p2a: Atenea|Ice Beam|p1a: Dragonite
|-supereffective|p1a: Dragonite
|-damage|p1a: Dragonite|0 fnt
|faint|p1a: Dragonite
|
|upkeep
|
|t:|1718050755
|switch|p1a: Garchomp|Garchomp, M|100/100
|-damage|p1a: Garchomp|94/100|[from] Stealth Rock
|turn|4
|
|t:|1718050779
|move|p1a: Garchomp|Dragon Claw|p2a: Atenea
|-damage|p2a: Atenea|0 fnt
|faint|p2a: Atenea
|
|-heal|p1a: Garchomp|100/100|[from] item: Leftovers
|upkeep
|
|t:|1718050783
|switch|p2a: Gastrodon|Gastrodon, M|100/100
|turn|5
|
|t:|1718050798
|switch|p1a: Magnezone|Magnezone|100/100
|-damage|p1a: Magnezone|94/100|[from] Stealth Rock
|move|p2a: Gastrodon|Ice Beam|p1a: Magnezone
|-resisted|p1a: Magnezone
|-damage|p1a: Magnezone|81/100
|
|upkeep
|turn|6
|
|t:|1718050803
|switch|p2a: Ne|Lucario, M|100/100
|move|p1a: Magnezone|Flash Cannon|p2a: Ne
|-resisted|p2a: Ne
|-damage|p2a: Ne|67/100
|
|upkeep
|turn|7
|
|t:|1718050812
|switch|p1a: Garchomp|Garchomp, M|100/100
|-damage|p1a: Garchomp|94/100|[from] Stealth Rock
|move|p2a: Ne|Close Combat|p1a: Garchomp
|-damage|p1a: Garchomp|8/100
|-unboost|p2a: Ne|def|1
|-unboost|p2a: Ne|spd|1
|-damage|p2a: Ne|55/100|[from] ability: Rough Skin|[of] p1a: Garchomp
|-damage|p2a: Ne|45/100|[from] item: Life Orb
|
|-heal|p1a: Garchomp|14/100|[from] item: Leftovers
|upkeep
|turn|8
|
|t:|1718050820
|move|p2a: Ne|Extreme Speed|p1a: Garchomp
|-damage|p1a: Garchomp|0 fnt
|-damage|p2a: Ne|33/100|[from] ability: Rough Skin|[of] p1a: Garchomp
|faint|p1a: Garchomp
|-damage|p2a: Ne|23/100|[from] item: Life Orb
|
|upkeep
|
|t:|1718050828
|switch|p1a: Magnezone|Magnezone|81/100
|-damage|p1a: Magnezone|75/100|[from] Stealth Rock
|turn|9
|
|t:|1718050840
|move|p1a: Magnezone|Flash Cannon|p2a: Ne
|-resisted|p2a: Ne
|-damage|p2a: Ne|0 fnt
|faint|p2a: Ne
|
|upkeep
|
|t:|1718050844
|switch|p2a: Gastrodon|Gastrodon, M|100/100
|turn|10
|
|t:|1718050848
|move|p1a: Magnezone|Flash Cannon|p2a: Gastrodon
|-resisted|p2a: Gastrodon
|-damage|p2a: Gastrodon|80/100
|-unboost|p2a: Gastrodon|spd|1
|move|p2a: Gastrodon|Scald|p1a: Magnezone
|-damage|p1a: Magnezone|42/100
|
|-heal|p2a: Gastrodon|86/100|[from] item: Leftovers
|upkeep
|turn|11
|
|t:|1718050853
|move|p1a: Magnezone|Flash Cannon|p2a: Gastrodon
|-resisted|p2a: Gastrodon
|-damage|p2a: Gastrodon|55/100
|move|p2a: Gastrodon|Scald|p1a: Magnezone
|-damage|p1a: Magnezone|5/100
|
|-heal|p2a: Gastrodon|61/100|[from] item: Leftovers
|upkeep
|turn|12
|
|t:|1718050857
|move|p1a: Magnezone|Flash Cannon|p2a: Gastrodon
|-resisted|p2a: Gastrodon
|-damage|p2a: Gastrodon|30/100
|move|p2a: Gastrodon|Recover|p2a: Gastrodon
|-heal|p2a: Gastrodon|80/100
|
|-heal|p2a: Gastrodon|86/100|[from] item: Leftovers
|upkeep
|turn|13
|
|t:|1718050861
|move|p2a: Gastrodon|Protect|p2a: Gastrodon
|-singleturn|p2a: Gastrodon|Protect
|move|p1a: Magnezone|Flash Cannon|p2a: Gastrodon
|-activate|p2a: Gastrodon|move: Protect
|
|-heal|p2a: Gastrodon|92/100|[from] item: Leftovers
|upkeep
|turn|14
|
|t:|1718050867
|move|p1a: Magnezone|Flash Cannon|p2a: Gastrodon
|-resisted|p2a: Gastrodon
|-damage|p2a: Gastrodon|60/100
|move|p2a: Gastrodon|Recover|p2a: Gastrodon
|-heal|p2a: Gastrodon|100/100
|
|upkeep
|turn|15
|
|t:|1718050872
|move|p1a: Magnezone|Flash Cannon|p2a: Gastrodon
|-resisted|p2a: Gastrodon
|-damage|p2a: Gastrodon|69/100
|move|p2a: Gastrodon|Scald|p1a: Magnezone
|-damage|p1a: Magnezone|0 fnt
|faint|p1a: Magnezone
|
|-heal|p2a: Gastrodon|75/100|[from] item: Leftovers
|upkeep
|
|t:|1718050897
|switch|p1a: Mamoswine|Mamoswine, M|100/100
|-damage|p1a: Mamoswine|88/100|[from] Stealth Rock
|turn|16
|
|t:|1718050905
|move|p1a: Mamoswine|Stealth Rock|p2a: Gastrodon
|-sidestart|p2: Franco J|move: Stealth Rock
|move|p2a: Gastrodon|Scald|p1a: Mamoswine
|-supereffective|p1a: Mamoswine
|-damage|p1a: Mamoswine|9/100
|
|-heal|p2a: Gastrodon|81/100|[from] item: Leftovers
|upkeep
|turn|17
|
|t:|1718050915
|move|p1a: Mamoswine|Icicle Crash|p2a: Gastrodon
|-damage|p2a: Gastrodon|50/100
|move|p2a: Gastrodon|Recover|p2a: Gastrodon
|-heal|p2a: Gastrodon|100/100
|
|upkeep
|turn|18
|
|t:|1718050922
|move|p1a: Mamoswine|Icicle Crash|p2a: Gastrodon
|-damage|p2a: Gastrodon|67/100
|cant|p2a: Gastrodon|flinch
|
|-heal|p2a: Gastrodon|74/100|[from] item: Leftovers
|upkeep
|turn|19
|
|t:|1718050929
|move|p2a: Gastrodon|Protect|p2a: Gastrodon
|-singleturn|p2a: Gastrodon|Protect
|move|p1a: Mamoswine|Earthquake|p2a: Gastrodon
|-activate|p2a: Gastrodon|move: Protect
|
|-heal|p2a: Gastrodon|80/100|[from] item: Leftovers
|upkeep
|turn|20
|
|t:|1718050941
|move|p1a: Mamoswine|Earthquake|p2a: Gastrodon
|-damage|p2a: Gastrodon|42/100
|move|p2a: Gastrodon|Recover|p2a: Gastrodon
|-heal|p2a: Gastrodon|92/100
|
|-heal|p2a: Gastrodon|98/100|[from] item: Leftovers
|upkeep
|turn|21
|
|t:|1718050947
|move|p1a: Mamoswine|Icicle Crash|p2a: Gastrodon
|-damage|p2a: Gastrodon|66/100
|move|p2a: Gastrodon|Scald|p1a: Mamoswine
|-supereffective|p1a: Mamoswine
|-damage|p1a: Mamoswine|0 fnt
|faint|p1a: Mamoswine
|
|-heal|p2a: Gastrodon|72/100|[from] item: Leftovers
|upkeep
|
|t:|1718050951
|switch|p1a: Scizor|Scizor, F|100/100
|-damage|p1a: Scizor|88/100|[from] Stealth Rock
|turn|22
|
|t:|1718050958
|move|p1a: Scizor|Superpower|p2a: Gastrodon
|-damage|p2a: Gastrodon|22/100
|-unboost|p1a: Scizor|atk|1
|-unboost|p1a: Scizor|def|1
|move|p2a: Gastrodon|Scald|p1a: Scizor
|-damage|p1a: Scizor|51/100
|-status|p1a: Scizor|brn
|
|-heal|p2a: Gastrodon|28/100|[from] item: Leftovers
|-damage|p1a: Scizor|38/100 brn|[from] brn
|upkeep
|turn|23
|
|t:|1718050963
|move|p1a: Scizor|Superpower|p2a: Gastrodon
|-damage|p2a: Gastrodon|10/100
|-unboost|p1a: Scizor|atk|1
|-unboost|p1a: Scizor|def|1
|move|p2a: Gastrodon|Recover|p2a: Gastrodon
|-heal|p2a: Gastrodon|60/100
|
|-heal|p2a: Gastrodon|66/100|[from] item: Leftovers
|-damage|p1a: Scizor|26/100 brn|[from] brn
|upkeep
|turn|24
|inactive|affksl1 has 120 seconds left.
|inactive|affksl1 has 90 seconds left.
|inactive|affksl1 has 60 seconds left.
|inactive|affksl1 has 30 seconds left.
|inactive|affksl1 has 20 seconds left.
|inactive|affksl1 has 15 seconds left.
|inactive|affksl1 has 10 seconds left.
|inactive|affksl1 has 5 seconds left.
|-message|affksl1 lost due to inactivity.
|
|win|Franco J
|raw|affksl1's rating: 1436 &rarr; <strong>1413</strong><br />(-23 for losing)
|raw|Franco J's rating: 1391 &rarr; <strong>1414</strong><br />(+23 for winning)
|l|☆Franco J
|player|p2|
