|j|☆Sweets
|j|☆stonya
|player|p1|Sweets|lucas|1373
|player|p2|stonya|266|1309
|teamsize|p1|6
|teamsize|p2|6
|gametype|singles
|gen|5
|tier|[Gen 5] OU
|rated|
|clearpoke
|poke|p1|Politoed, M|item
|poke|p1|Tentacruel, M|item
|poke|p1|Ferrothorn, F|item
|poke|p1|Chansey, F|item
|poke|p1|Kyurem-Black|item
|poke|p1|Landorus-Therian, M|item
|poke|p2|Tyranitar, M|item
|poke|p2|Magnezone|item
|poke|p2|Terrakion|item
|poke|p2|Latios, M|item
|poke|p2|Scizor, M|item
|poke|p2|Landorus-Therian, M|item
|rule|Species Clause: Limit one of each Pokémon
|rule|OHKO Clause: OHKO moves are banned
|rule|Moody Clause: Moody is banned
|rule|Evasion Moves Clause: Evasion moves are banned
|rule|Endless Battle Clause: Forcing endless battles is banned
|rule|HP Percentage Mod: HP is shown in percentages
|rule|Evasion Abilities Clause: Evasion abilities are banned
|rule|Baton Pass Clause: Limit one Baton Passer, can't pass Spe and other stats simultaneously
|rule|Sleep Clause: Sleep-inducing moves are banned
|rule|Swagger Clause: Swagger is banned
|teampreview
|inactive|Battle timer is ON: inactive players will automatically lose when time's up. (requested by Sweets)
|
|start
|switch|p1a: Landorus|Landorus-Therian, M|100/100
|switch|p2a: Pat Riely|Tyranitar, M|100/100
|-ability|p1a: Landorus|Intimidate|boost
|-unboost|p2a: Pat Riely|atk|1
|-weather|Sandstorm|[from] ability: Sand Stream|[of] p2a: Pat Riely
|turn|1
|
|switch|p1a: Tentacruel|Tentacruel, M|100/100
|move|p2a: Pat Riely|Stealth Rock|p1a: Tentacruel
|-sidestart|p1: Sweets|move: Stealth Rock
|
|-weather|Sandstorm|[upkeep]
|-damage|p1a: Tentacruel|94/100|[from] Sandstorm
|-heal|p1a: Tentacruel|100/100|[from] item: Black Sludge
|upkeep
|turn|2
|
|switch|p2a: Bosh|Latios, M, shiny|100/100
|move|p1a: Tentacruel|Rapid Spin|p2a: Bosh
|-damage|p2a: Bosh|97/100
|-sideend|p1: Sweets|Stealth Rock|[from] move: Rapid Spin|[of] p1a: Tentacruel
|
|-weather|Sandstorm|[upkeep]
|-damage|p2a: Bosh|91/100|[from] Sandstorm
|-damage|p1a: Tentacruel|94/100|[from] Sandstorm
|-heal|p1a: Tentacruel|100/100|[from] item: Black Sludge
|upkeep
|turn|3
|
|switch|p2a: Ray Allen|Magnezone|100/100
|move|p1a: Tentacruel|Protect||[still]
|-fail|p1a: Tentacruel
|
|-weather|Sandstorm|[upkeep]
|-damage|p1a: Tentacruel|94/100|[from] Sandstorm
|-heal|p1a: Tentacruel|100/100|[from] item: Black Sludge
|upkeep
|turn|4
|
|switch|p1a: Landorus|Landorus-Therian, M|100/100
|-ability|p1a: Landorus|Intimidate|boost
|-unboost|p2a: Ray Allen|atk|1
|move|p2a: Ray Allen|Substitute|p2a: Ray Allen
|-start|p2a: Ray Allen|Substitute
|-damage|p2a: Ray Allen|76/100
|
|-weather|Sandstorm|[upkeep]
|-heal|p2a: Ray Allen|82/100|[from] item: Leftovers
|upkeep
|turn|5
|
|switch|p1a: Chansey|Chansey, F|100/100
|move|p2a: Ray Allen|Flash Cannon|p1a: Chansey
|-damage|p1a: Chansey|88/100
|-unboost|p1a: Chansey|spd|1
|
|-weather|Sandstorm|[upkeep]
|-damage|p1a: Chansey|82/100|[from] Sandstorm
|-heal|p2a: Ray Allen|88/100|[from] item: Leftovers
|upkeep
|turn|6
|
|move|p2a: Ray Allen|Charge Beam|p1a: Chansey|[miss]
|-miss|p2a: Ray Allen|p1a: Chansey
|move|p1a: Chansey|Stealth Rock|p2a: Ray Allen
|-sidestart|p2: stonya|move: Stealth Rock
|
|-weather|Sandstorm|[upkeep]
|-damage|p1a: Chansey|76/100|[from] Sandstorm
|-heal|p2a: Ray Allen|94/100|[from] item: Leftovers
|upkeep
|turn|7
|
|move|p2a: Ray Allen|Charge Beam|p1a: Chansey
|-damage|p1a: Chansey|63/100
|move|p1a: Chansey|Seismic Toss|p2a: Ray Allen
|-end|p2a: Ray Allen|Substitute
|
|-weather|Sandstorm|[upkeep]
|-damage|p1a: Chansey|57/100|[from] Sandstorm
|-heal|p2a: Ray Allen|99/100|[from] item: Leftovers
|upkeep
|turn|8
|
|move|p2a: Ray Allen|Charge Beam|p1a: Chansey
|-crit|p1a: Chansey
|-damage|p1a: Chansey|32/100
|-boost|p2a: Ray Allen|spa|1
|move|p1a: Chansey|Soft-Boiled|p1a: Chansey
|-heal|p1a: Chansey|82/100
|
|-weather|Sandstorm|[upkeep]
|-damage|p1a: Chansey|76/100|[from] Sandstorm
|-heal|p2a: Ray Allen|100/100|[from] item: Leftovers
|upkeep
|turn|9
|
|switch|p1a: Landorus|Landorus-Therian, M|100/100
|-ability|p1a: Landorus|Intimidate|boost
|-unboost|p2a: Ray Allen|atk|1
|move|p2a: Ray Allen|Flash Cannon|p1a: Landorus
|-damage|p1a: Landorus|30/100
|
|-weather|Sandstorm|[upkeep]
|upkeep
|turn|10
|
|switch|p2a: Bron Bron|Landorus-Therian, M|100/100
|-damage|p2a: Bron Bron|88/100|[from] Stealth Rock
|-ability|p2a: Bron Bron|Intimidate|boost
|-unboost|p1a: Landorus|atk|1
|move|p1a: Landorus|Earthquake|p2a: Bron Bron
|-immune|p2a: Bron Bron
|
|-weather|Sandstorm|[upkeep]
|upkeep
|turn|11
|
|move|p2a: Bron Bron|U-turn|p1a: Landorus
|-resisted|p1a: Landorus
|-damage|p1a: Landorus|20/100
|-damage|p2a: Bron Bron|72/100|[from] item: Rocky Helmet|[of] p1a: Landorus
|
|switch|p2a: Bosh|Latios, M, shiny|91/100|[from]move: U-turn
|-damage|p2a: Bosh|79/100|[from] Stealth Rock
|move|p1a: Landorus|U-turn|p2a: Bosh
|-supereffective|p2a: Bosh
|-damage|p2a: Bosh|37/100
|
|switch|p1a: Politoed|Politoed, M|100/100|[from]move: U-turn
|-weather|RainDance|[from] ability: Drizzle|[of] p1a: Politoed
|
|-weather|RainDance|[upkeep]
|upkeep
|turn|12
|
|switch|p2a: Pat Riely|Tyranitar, M|100/100
|-damage|p2a: Pat Riely|88/100|[from] Stealth Rock
|-weather|Sandstorm|[from] ability: Sand Stream|[of] p2a: Pat Riely
|move|p1a: Politoed|Protect||[still]
|-fail|p1a: Politoed
|
|-weather|Sandstorm|[upkeep]
|-damage|p1a: Politoed|94/100|[from] Sandstorm
|-heal|p1a: Politoed|100/100|[from] item: Leftovers
|-heal|p2a: Pat Riely|94/100|[from] item: Leftovers
|upkeep
|turn|13
|
|move|p1a: Politoed|Scald|p2a: Pat Riely
|-supereffective|p2a: Pat Riely
|-damage|p2a: Pat Riely|73/100
|move|p2a: Pat Riely|Pursuit|p1a: Politoed
|-damage|p1a: Politoed|86/100
|
|-weather|Sandstorm|[upkeep]
|-damage|p1a: Politoed|80/100|[from] Sandstorm
|-heal|p1a: Politoed|86/100|[from] item: Leftovers
|-heal|p2a: Pat Riely|80/100|[from] item: Leftovers
|upkeep
|turn|14
|
|move|p1a: Politoed|Scald|p2a: Pat Riely
|-supereffective|p2a: Pat Riely
|-damage|p2a: Pat Riely|59/100
|move|p2a: Pat Riely|Stealth Rock|p1a: Politoed
|-sidestart|p1: Sweets|move: Stealth Rock
|
|-weather|Sandstorm|[upkeep]
|-damage|p1a: Politoed|80/100|[from] Sandstorm
|-heal|p1a: Politoed|86/100|[from] item: Leftovers
|-heal|p2a: Pat Riely|65/100|[from] item: Leftovers
|upkeep
|turn|15
|
|move|p1a: Politoed|Scald|p2a: Pat Riely
|-supereffective|p2a: Pat Riely
|-damage|p2a: Pat Riely|41/100
|-status|p2a: Pat Riely|brn
|move|p2a: Pat Riely|Roar|p1a: Politoed
|drag|p1a: Landorus|Landorus-Therian, M|20/100
|-damage|p1a: Landorus|8/100|[from] Stealth Rock
|-ability|p1a: Landorus|Intimidate|boost
|-unboost|p2a: Pat Riely|atk|1
|
|-weather|Sandstorm|[upkeep]
|-heal|p2a: Pat Riely|47/100 brn|[from] item: Leftovers
|-damage|p2a: Pat Riely|34/100 brn|[from] brn
|upkeep
|turn|16
|
|switch|p2a: Bron Bron|Landorus-Therian, M|72/100
|-damage|p2a: Bron Bron|59/100|[from] Stealth Rock
|-ability|p2a: Bron Bron|Intimidate|boost
|-unboost|p1a: Landorus|atk|1
|move|p1a: Landorus|U-turn|p2a: Bron Bron
|-resisted|p2a: Bron Bron
|-damage|p2a: Bron Bron|52/100
|
|switch|p1a: Tentacruel|Tentacruel, M|100/100|[from]move: U-turn
|-damage|p1a: Tentacruel|88/100|[from] Stealth Rock
|
|-weather|Sandstorm|[upkeep]
|-damage|p1a: Tentacruel|82/100|[from] Sandstorm
|-heal|p1a: Tentacruel|88/100|[from] item: Black Sludge
|upkeep
|turn|17
|
|move|p1a: Tentacruel|Protect|p1a: Tentacruel
|-singleturn|p1a: Tentacruel|Protect
|move|p2a: Bron Bron|Earthquake|p1a: Tentacruel
|-activate|p1a: Tentacruel|move: Protect
|
|-weather|Sandstorm|[upkeep]
|-damage|p1a: Tentacruel|82/100|[from] Sandstorm
|-heal|p1a: Tentacruel|88/100|[from] item: Black Sludge
|upkeep
|turn|18
|
|switch|p1a: Ferrothorn|Ferrothorn, F|100/100
|-damage|p1a: Ferrothorn|94/100|[from] Stealth Rock
|switch|p2a: Ray Allen|Magnezone|100/100
|-damage|p2a: Ray Allen|94/100|[from] Stealth Rock
|
|-weather|Sandstorm|[upkeep]
|-heal|p2a: Ray Allen|100/100|[from] item: Leftovers
|-heal|p1a: Ferrothorn|100/100|[from] item: Leftovers
|upkeep
|turn|19
|
|move|p2a: Ray Allen|Substitute|p2a: Ray Allen
|-start|p2a: Ray Allen|Substitute
|-damage|p2a: Ray Allen|76/100
|move|p1a: Ferrothorn|Power Whip|p2a: Ray Allen
|-resisted|p2a: Ray Allen
|-activate|p2a: Ray Allen|Substitute|[damage]
|
|-weather|Sandstorm|[upkeep]
|-heal|p2a: Ray Allen|82/100|[from] item: Leftovers
|upkeep
|turn|20
|
|move|p2a: Ray Allen|Charge Beam|p1a: Ferrothorn
|-resisted|p1a: Ferrothorn
|-damage|p1a: Ferrothorn|90/100
|-boost|p2a: Ray Allen|spa|1
|move|p1a: Ferrothorn|Power Whip|p2a: Ray Allen
|-resisted|p2a: Ray Allen
|-end|p2a: Ray Allen|Substitute
|
|-weather|Sandstorm|[upkeep]
|-heal|p2a: Ray Allen|88/100|[from] item: Leftovers
|-heal|p1a: Ferrothorn|97/100|[from] item: Leftovers
|upkeep
|turn|21
|
|move|p2a: Ray Allen|Substitute|p2a: Ray Allen
|-start|p2a: Ray Allen|Substitute
|-damage|p2a: Ray Allen|63/100
|move|p1a: Ferrothorn|Power Whip|p2a: Ray Allen
|-resisted|p2a: Ray Allen
|-activate|p2a: Ray Allen|Substitute|[damage]
|
|-weather|Sandstorm|[upkeep]
|-heal|p2a: Ray Allen|69/100|[from] item: Leftovers
|-heal|p1a: Ferrothorn|100/100|[from] item: Leftovers
|upkeep
|turn|22
|
|move|p2a: Ray Allen|Charge Beam|p1a: Ferrothorn
|-resisted|p1a: Ferrothorn
|-damage|p1a: Ferrothorn|85/100
|-boost|p2a: Ray Allen|spa|1
|move|p1a: Ferrothorn|Leech Seed||[still]
|-fail|p1a: Ferrothorn
|
|-weather|Sandstorm|[upkeep]
|-heal|p2a: Ray Allen|75/100|[from] item: Leftovers
|-heal|p1a: Ferrothorn|91/100|[from] item: Leftovers
|upkeep
|turn|23
|
|move|p2a: Ray Allen|Charge Beam|p1a: Ferrothorn
|-resisted|p1a: Ferrothorn
|-damage|p1a: Ferrothorn|74/100
|move|p1a: Ferrothorn|Gyro Ball|p2a: Ray Allen
|-resisted|p2a: Ray Allen
|-crit|p2a: Ray Allen
|-end|p2a: Ray Allen|Substitute
|
|-weather|Sandstorm|[upkeep]
|-heal|p2a: Ray Allen|81/100|[from] item: Leftovers
|-heal|p1a: Ferrothorn|80/100|[from] item: Leftovers
|upkeep
|turn|24
|
|move|p2a: Ray Allen|Substitute|p2a: Ray Allen
|-start|p2a: Ray Allen|Substitute
|-damage|p2a: Ray Allen|56/100
|move|p1a: Ferrothorn|Spikes|p2a: Ray Allen
|-sidestart|p2: stonya|Spikes
|
|-weather|Sandstorm|[upkeep]
|-heal|p2a: Ray Allen|62/100|[from] item: Leftovers
|-heal|p1a: Ferrothorn|86/100|[from] item: Leftovers
|upkeep
|turn|25
|
|move|p2a: Ray Allen|Charge Beam|p1a: Ferrothorn
|-resisted|p1a: Ferrothorn
|-crit|p1a: Ferrothorn
|-damage|p1a: Ferrothorn|48/100
|-boost|p2a: Ray Allen|spa|1
|move|p1a: Ferrothorn|Power Whip|p2a: Ray Allen|[miss]
|-miss|p1a: Ferrothorn|p2a: Ray Allen
|
|-weather|Sandstorm|[upkeep]
|-heal|p2a: Ray Allen|68/100|[from] item: Leftovers
|-heal|p1a: Ferrothorn|54/100|[from] item: Leftovers
|upkeep
|turn|26
|
|move|p2a: Ray Allen|Charge Beam|p1a: Ferrothorn
|-resisted|p1a: Ferrothorn
|-damage|p1a: Ferrothorn|29/100
|-boost|p2a: Ray Allen|spa|1
|move|p1a: Ferrothorn|Power Whip|p2a: Ray Allen|[miss]
|-miss|p1a: Ferrothorn|p2a: Ray Allen
|
|-weather|Sandstorm|[upkeep]
|-heal|p2a: Ray Allen|74/100|[from] item: Leftovers
|-heal|p1a: Ferrothorn|35/100|[from] item: Leftovers
|upkeep
|turn|27
|
|move|p2a: Ray Allen|Charge Beam|p1a: Ferrothorn|[miss]
|-miss|p2a: Ray Allen|p1a: Ferrothorn
|move|p1a: Ferrothorn|Power Whip|p2a: Ray Allen
|-resisted|p2a: Ray Allen
|-activate|p2a: Ray Allen|Substitute|[damage]
|
|-weather|Sandstorm|[upkeep]
|-heal|p2a: Ray Allen|80/100|[from] item: Leftovers
|-heal|p1a: Ferrothorn|41/100|[from] item: Leftovers
|upkeep
|turn|28
|
|move|p2a: Ray Allen|Charge Beam|p1a: Ferrothorn
|-resisted|p1a: Ferrothorn
|-damage|p1a: Ferrothorn|15/100
|-boost|p2a: Ray Allen|spa|1
|move|p1a: Ferrothorn|Spikes|p2a: Ray Allen
|-sidestart|p2: stonya|Spikes
|
|-weather|Sandstorm|[upkeep]
|-heal|p2a: Ray Allen|86/100|[from] item: Leftovers
|-heal|p1a: Ferrothorn|21/100|[from] item: Leftovers
|upkeep
|turn|29
|
|move|p2a: Ray Allen|Charge Beam|p1a: Ferrothorn
|-resisted|p1a: Ferrothorn
|-damage|p1a: Ferrothorn|0 fnt
|-boost|p2a: Ray Allen|spa|1
|faint|p1a: Ferrothorn
|
|-weather|Sandstorm|[upkeep]
|-heal|p2a: Ray Allen|92/100|[from] item: Leftovers
|upkeep
|
|switch|p1a: Tentacruel|Tentacruel, M|88/100
|-damage|p1a: Tentacruel|76/100|[from] Stealth Rock
|turn|30
|
|move|p1a: Tentacruel|Protect|p1a: Tentacruel
|-singleturn|p1a: Tentacruel|Protect
|move|p2a: Ray Allen|Flash Cannon|p1a: Tentacruel
|-activate|p1a: Tentacruel|move: Protect
|
|-weather|Sandstorm|[upkeep]
|-damage|p1a: Tentacruel|70/100|[from] Sandstorm
|-heal|p1a: Tentacruel|76/100|[from] item: Black Sludge
|-heal|p2a: Ray Allen|98/100|[from] item: Leftovers
|upkeep
|turn|31
|
|move|p1a: Tentacruel|Scald|p2a: Ray Allen
|-end|p2a: Ray Allen|Substitute
|move|p2a: Ray Allen|Flash Cannon|p1a: Tentacruel
|-resisted|p1a: Tentacruel
|-crit|p1a: Tentacruel
|-damage|p1a: Tentacruel|0 fnt
|faint|p1a: Tentacruel
|
|-weather|Sandstorm|[upkeep]
|-heal|p2a: Ray Allen|100/100|[from] item: Leftovers
|upkeep
|
|switch|p1a: Kyurem|Kyurem-Black|100/100
|-damage|p1a: Kyurem|75/100|[from] Stealth Rock
|-ability|p1a: Kyurem|Teravolt
|turn|32
|
|move|p1a: Kyurem|Earth Power|p2a: Ray Allen
|-supereffective|p2a: Ray Allen
|-damage|p2a: Ray Allen|0 fnt
|faint|p2a: Ray Allen
|
|-weather|Sandstorm|[upkeep]
|-damage|p1a: Kyurem|69/100|[from] Sandstorm
|-heal|p1a: Kyurem|75/100|[from] item: Leftovers
|upkeep
|
|switch|p2a: D.Wade|Terrakion|100/100
|-damage|p2a: D.Wade|94/100|[from] Stealth Rock
|-damage|p2a: D.Wade|78/100|[from] Spikes
|turn|33
|
|switch|p1a: Landorus|Landorus-Therian, M|8/100
|-damage|p1a: Landorus|0 fnt|[from] Stealth Rock
|faint|p1a: Landorus
|move|p2a: D.Wade|Close Combat|p1: Landorus|[notarget]
|-fail|p2a: D.Wade
|
|-weather|Sandstorm|[upkeep]
|upkeep
|c|☆stonya|gg
|
|switch|p1a: Politoed|Politoed, M|86/100
|-damage|p1a: Politoed|74/100|[from] Stealth Rock
|-weather|RainDance|[from] ability: Drizzle|[of] p1a: Politoed
|turn|34
|
|switch|p2a: Pat Riely|Tyranitar, M|34/100 brn
|-damage|p2a: Pat Riely|22/100 brn|[from] Stealth Rock
|-damage|p2a: Pat Riely|5/100 brn|[from] Spikes
|-weather|Sandstorm|[from] ability: Sand Stream|[of] p2a: Pat Riely
|move|p1a: Politoed|Scald|p2a: Pat Riely
|-supereffective|p2a: Pat Riely
|-damage|p2a: Pat Riely|0 fnt
|faint|p2a: Pat Riely
|
|-weather|Sandstorm|[upkeep]
|-damage|p1a: Politoed|67/100|[from] Sandstorm
|-heal|p1a: Politoed|74/100|[from] item: Leftovers
|upkeep
|
|switch|p2a: Miller|Scizor, M, shiny|100/100
|-damage|p2a: Miller|88/100|[from] Stealth Rock
|-damage|p2a: Miller|72/100|[from] Spikes
|turn|35
|c|☆Sweets|You’re trash
|
|move|p2a: Miller|Bullet Punch|p1a: Politoed
|-resisted|p1a: Politoed
|-damage|p1a: Politoed|53/100
|move|p1a: Politoed|Scald|p2a: Miller
|-damage|p2a: Miller|39/100
|
|-weather|Sandstorm|[upkeep]
|-damage|p1a: Politoed|47/100|[from] Sandstorm
|-heal|p1a: Politoed|53/100|[from] item: Leftovers
|upkeep
|turn|36
|c|☆stonya|trash beat u
|
|move|p2a: Miller|Bullet Punch|p1a: Politoed
|-resisted|p1a: Politoed
|-damage|p1a: Politoed|33/100
|move|p1a: Politoed|Scald|p2a: Miller
|-damage|p2a: Miller|9/100
|
|-weather|Sandstorm|[upkeep]
|-damage|p1a: Politoed|27/100|[from] Sandstorm
|-heal|p1a: Politoed|33/100|[from] item: Leftovers
|upkeep
|turn|37
|c|☆stonya|ez win
|
|move|p1a: Politoed|Protect|p1a: Politoed
|-singleturn|p1a: Politoed|Protect
|move|p2a: Miller|Bullet Punch|p1a: Politoed
|-activate|p1a: Politoed|move: Protect
|
|-weather|Sandstorm|[upkeep]
|-damage|p1a: Politoed|27/100|[from] Sandstorm
|-heal|p1a: Politoed|33/100|[from] item: Leftovers
|upkeep
|turn|38
|c|☆stonya|im high af
|
|switch|p1a: Chansey|Chansey, F|76/100
|-damage|p1a: Chansey|64/100|[from] Stealth Rock
|move|p2a: Miller|Bullet Punch|p1a: Chansey
|-damage|p1a: Chansey|28/100
|
|-weather|Sandstorm|[upkeep]
|-damage|p1a: Chansey|22/100|[from] Sandstorm
|upkeep
|turn|39
|
|move|p2a: Miller|Bullet Punch|p1a: Chansey
|-crit|p1a: Chansey
|-damage|p1a: Chansey|0 fnt
|faint|p1a: Chansey
|
|-weather|Sandstorm|[upkeep]
|upkeep
|
|switch|p1a: Politoed|Politoed, M|33/100
|-damage|p1a: Politoed|20/100|[from] Stealth Rock
|-weather|RainDance|[from] ability: Drizzle|[of] p1a: Politoed
|turn|40
|c|☆stonya|ez
|c|☆stonya|leave
|
|move|p1a: Politoed|Protect|p1a: Politoed
|-singleturn|p1a: Politoed|Protect
|move|p2a: Miller|Bullet Punch|p1a: Politoed
|-activate|p1a: Politoed|move: Protect
|
|-weather|RainDance|[upkeep]
|-heal|p1a: Politoed|27/100|[from] item: Leftovers
|upkeep
|turn|41
|c|☆Sweets|Nigga
|c|☆Sweets|you facing memes
|c|☆stonya|are u a bot?
|c|☆Sweets|stfu
|c|☆Sweets|rematch me bitch
|c|☆stonya|did i break your code?
|c|☆Sweets|Can’t even spell pat Riley name
|inactive|Sweets has 120 seconds left.
|
|move|p2a: Miller|Bullet Punch|p1a: Politoed
|-resisted|p1a: Politoed
|-damage|p1a: Politoed|5/100
|move|p1a: Politoed|Scald|p2a: Miller
|-damage|p2a: Miller|0 fnt
|faint|p2a: Miller
|
|-weather|RainDance|[upkeep]
|-heal|p1a: Politoed|12/100|[from] item: Leftovers
|upkeep
|c|☆stonya|cant spell but i can win
|
|switch|p2a: D.Wade|Terrakion|78/100
|-damage|p2a: D.Wade|61/100|[from] Spikes
|-damage|p2a: D.Wade|55/100|[from] Stealth Rock
|turn|42
|c|☆Sweets|Imagine being happier about winning in Pokémon then knowing how to spell
|inactive|Sweets has 120 seconds left.
|c|☆Sweets|retardo confirmed
|c|☆stonya|im a big dawg u a lil boy
|
|move|p2a: D.Wade|Close Combat|p1a: Politoed
|-damage|p1a: Politoed|0 fnt
|-unboost|p2a: D.Wade|def|1
|-unboost|p2a: D.Wade|spd|1
|faint|p1a: Politoed
|
|-weather|RainDance|[upkeep]
|upkeep
|
|switch|p1a: Kyurem|Kyurem-Black|75/100
|-damage|p1a: Kyurem|50/100|[from] Stealth Rock
|-ability|p1a: Kyurem|Teravolt
|turn|43
|
|move|p2a: D.Wade|Close Combat|p1a: Kyurem
|-supereffective|p1a: Kyurem
|-damage|p1a: Kyurem|0 fnt
|-unboost|p2a: D.Wade|def|1
|-unboost|p2a: D.Wade|spd|1
|faint|p1a: Kyurem
|
|win|stonya
|c|☆stonya|sit down
|c|☆stonya|ez points
|c|☆stonya|gg tho:)
|raw|Sweets's rating: 1373 &rarr; <strong>1350</strong><br />(-23 for losing)
|raw|stonya's rating: 1309 &rarr; <strong>1333</strong><br />(+24 for winning)
|n|!Sweets|sweets
|l|!Sweets
