|j|☆The Alchemist 67
|j|☆affksl1
|t:|1718195349
|gametype|singles
|player|p1|The Alchemist 67|ghetsis|1383
|player|p2|affksl1|pokemaniac-gen3rs|1475
|teamsize|p1|6
|teamsize|p2|6
|gen|5
|tier|[Gen 5] OU
|rated|
|rule|Species Clause: Limit one of each Pokémon
|rule|OHKO Clause: OHKO moves are banned
|rule|Moody Clause: Moody is banned
|rule|Evasion Items Clause: Evasion items are banned
|rule|Evasion Moves Clause: Evasion moves are banned
|rule|Endless Battle Clause: Forcing endless battles is banned
|rule|HP Percentage Mod: HP is shown in percentages
|rule|Evasion Abilities Clause: Evasion abilities are banned
|rule|Sleep Moves Clause: Sleep-inducing moves are banned
|rule|Swagger Clause: Swagger is banned
|rule|Baton Pass Stat Clause: No Baton Passer may have a way to boost its stats
|clearpoke
|poke|p1|Haxorus, M|item
|poke|p1|Garchomp, F|item
|poke|p1|Magnezone|item
|poke|p1|Mamoswine, F|item
|poke|p1|Latios, M|item
|poke|p1|Politoed, F|item
|poke|p2|Bronzong|item
|poke|p2|Gallade, M|item
|poke|p2|Jellicent, M|item
|poke|p2|Conkeldurr, F|item
|poke|p2|Reuniclus, F|item
|poke|p2|Dragonite, M|item
|teampreview
|inactive|Battle timer is ON: inactive players will automatically lose when time's up. (requested by affksl1)
|
|t:|1718195362
|start
|switch|p1a: Haxorus|Haxorus, M|100/100
|switch|p2a: Bronzong|Bronzong|100/100
|-ability|p1a: Haxorus|Mold Breaker
|turn|1
|
|t:|1718195368
|switch|p2a: Jellicent|Jellicent, M|100/100
|-item|p2a: Jellicent|Air Balloon
|move|p1a: Haxorus|Earthquake|p2a: Jellicent
|-immune|p2a: Jellicent
|
|upkeep
|turn|2
|
|t:|1718195376
|switch|p1a: Latios|Latios, M|100/100
|move|p2a: Jellicent|Trick Room|p2a: Jellicent
|-fieldstart|move: Trick Room|[of] p2a: Jellicent
|
|upkeep
|turn|3
|
|t:|1718195380
|switch|p2a: Bronzong|Bronzong|100/100
|move|p1a: Latios|Thunderbolt|p2a: Bronzong
|-damage|p2a: Bronzong|62/100
|-damage|p1a: Latios|91/100|[from] item: Life Orb
|
|upkeep
|turn|4
|
|t:|1718195386
|switch|p1a: Magnezone|Magnezone|100/100
|-item|p1a: Magnezone|Air Balloon
|move|p2a: Bronzong|Stealth Rock|p1a: Magnezone
|-sidestart|p1: The Alchemist 67|move: Stealth Rock
|
|upkeep
|turn|5
|
|t:|1718195391
|move|p2a: Bronzong|Explosion|p1a: Magnezone
|-resisted|p1a: Magnezone
|-damage|p1a: Magnezone|62/100
|-enditem|p1a: Magnezone|Air Balloon
|faint|p2a: Bronzong
|move|p1a: Magnezone|Substitute|p1a: Magnezone
|-start|p1a: Magnezone|Substitute
|-damage|p1a: Magnezone|37/100
|
|upkeep
|
|t:|1718195397
|switch|p2a: Conkeldurr|Conkeldurr, F|100/100
|turn|6
|
|t:|1718195401
|move|p2a: Conkeldurr|Drain Punch|p1a: Magnezone
|-supereffective|p1a: Magnezone
|-end|p1a: Magnezone|Substitute
|-damage|p2a: Conkeldurr|91/100|[from] item: Life Orb
|move|p1a: Magnezone|Flash Cannon|p2a: Conkeldurr
|-damage|p2a: Conkeldurr|37/100
|
|-fieldend|move: Trick Room
|upkeep
|turn|7
|
|t:|1718195408
|switch|p1a: Latios|Latios, M|91/100
|-damage|p1a: Latios|78/100|[from] Stealth Rock
|move|p2a: Conkeldurr|Mach Punch|p1a: Latios
|-resisted|p1a: Latios
|-damage|p1a: Latios|54/100
|-damage|p2a: Conkeldurr|28/100|[from] item: Life Orb
|
|upkeep
|turn|8
|
|t:|1718195420
|switch|p2a: Dragonite|Dragonite, M|100/100
|move|p1a: Latios|Thunderbolt|p2a: Dragonite
|-damage|p2a: Dragonite|78/100
|-damage|p1a: Latios|44/100|[from] item: Life Orb
|
|upkeep
|turn|9
|
|t:|1718195425
|move|p2a: Dragonite|Extreme Speed|p1a: Latios
|-damage|p1a: Latios|0 fnt
|faint|p1a: Latios
|
|upkeep
|
|t:|1718195429
|switch|p1a: Mamoswine|Mamoswine, F|100/100
|-damage|p1a: Mamoswine|88/100|[from] Stealth Rock
|turn|10
|
|t:|1718195435
|switch|p2a: Jellicent|Jellicent, M|100/100
|-item|p2a: Jellicent|Air Balloon
|move|p1a: Mamoswine|Icicle Crash|p2a: Jellicent
|-resisted|p2a: Jellicent
|-crit|p2a: Jellicent
|-damage|p2a: Jellicent|39/100
|-enditem|p2a: Jellicent|Air Balloon
|-damage|p1a: Mamoswine|78/100|[from] item: Life Orb
|
|upkeep
|turn|11
|
|t:|1718195443
|move|p1a: Mamoswine|Earthquake|p2a: Jellicent
|-damage|p2a: Jellicent|0 fnt
|faint|p2a: Jellicent
|-damage|p1a: Mamoswine|68/100|[from] item: Life Orb
|
|upkeep
|
|t:|1718195451
|switch|p2a: Reuniclus|Reuniclus, F|100/100
|turn|12
|
|t:|1718195456
|move|p1a: Mamoswine|Icicle Crash|p2a: Reuniclus|[miss]
|-miss|p1a: Mamoswine|p2a: Reuniclus
|move|p2a: Reuniclus|Trick Room|p2a: Reuniclus
|-fieldstart|move: Trick Room|[of] p2a: Reuniclus
|
|upkeep
|turn|13
|
|t:|1718195465
|move|p2a: Reuniclus|Psychic|p1a: Mamoswine
|-damage|p1a: Mamoswine|0 fnt
|faint|p1a: Mamoswine
|
|upkeep
|
|t:|1718195469
|switch|p1a: Magnezone|Magnezone|37/100
|-damage|p1a: Magnezone|31/100|[from] Stealth Rock
|turn|14
|
|t:|1718195481
|move|p2a: Reuniclus|Focus Blast|p1a: Magnezone|[miss]
|-miss|p2a: Reuniclus|p1a: Magnezone
|move|p1a: Magnezone|Substitute|p1a: Magnezone
|-start|p1a: Magnezone|Substitute
|-damage|p1a: Magnezone|7/100
|
|upkeep
|turn|15
|
|t:|1718195485
|move|p2a: Reuniclus|Psychic|p1a: Magnezone
|-resisted|p1a: Magnezone
|-end|p1a: Magnezone|Substitute
|move|p1a: Magnezone|Charge Beam|p2a: Reuniclus
|-damage|p2a: Reuniclus|74/100
|-boost|p1a: Magnezone|spa|1
|
|upkeep
|turn|16
|
|t:|1718195491
|move|p2a: Reuniclus|Psychic|p1a: Magnezone
|-resisted|p1a: Magnezone
|-damage|p1a: Magnezone|0 fnt
|faint|p1a: Magnezone
|
|-fieldend|move: Trick Room
|upkeep
|
|t:|1718195494
|switch|p1a: Haxorus|Haxorus, M|100/100
|-damage|p1a: Haxorus|88/100|[from] Stealth Rock
|-ability|p1a: Haxorus|Mold Breaker
|turn|17
|
|t:|1718195498
|move|p1a: Haxorus|Outrage|p2a: Reuniclus
|-damage|p2a: Reuniclus|0 fnt
|faint|p2a: Reuniclus
|
|upkeep
|
|t:|1718195515
|switch|p2a: Conkeldurr|Conkeldurr, F|28/100
|turn|18
|
|t:|1718195518
|move|p2a: Conkeldurr|Mach Punch|p1a: Haxorus
|-damage|p1a: Haxorus|38/100
|-damage|p2a: Conkeldurr|18/100|[from] item: Life Orb
|move|p1a: Haxorus|Outrage|p2a: Conkeldurr|[from]lockedmove
|-damage|p2a: Conkeldurr|0 fnt
|faint|p2a: Conkeldurr
|-start|p1a: Haxorus|confusion|[fatigue]
|
|upkeep
|
|t:|1718195526
|switch|p2a: Gallade|Gallade, M|100/100
|turn|19
|
|t:|1718195528
|switch|p1a: Garchomp|Garchomp, F|100/100
|-damage|p1a: Garchomp|94/100|[from] Stealth Rock
|move|p2a: Gallade|Trick Room|p2a: Gallade
|-fieldstart|move: Trick Room|[of] p2a: Gallade
|
|upkeep
|turn|20
|
|t:|1718195534
|move|p2a: Gallade|Ice Punch|p1a: Garchomp
|-supereffective|p1a: Garchomp
|-damage|p1a: Garchomp|0 fnt
|-damage|p2a: Gallade|88/100|[from] ability: Rough Skin|[of] p1a: Garchomp
|faint|p1a: Garchomp
|-damage|p2a: Gallade|78/100|[from] item: Life Orb
|
|upkeep
|
|t:|1718195554
|switch|p1a: Politoed|Politoed, F|100/100
|-damage|p1a: Politoed|88/100|[from] Stealth Rock
|-weather|RainDance|[from] ability: Drizzle|[of] p1a: Politoed
|turn|21
|
|t:|1718195557
|switch|p1a: Haxorus|Haxorus, M|38/100
|-damage|p1a: Haxorus|26/100|[from] Stealth Rock
|-ability|p1a: Haxorus|Mold Breaker
|move|p2a: Gallade|Leaf Blade|p1a: Haxorus
|-resisted|p1a: Haxorus
|-damage|p1a: Haxorus|0 fnt
|faint|p1a: Haxorus
|-damage|p2a: Gallade|69/100|[from] item: Life Orb
|
|-weather|RainDance|[upkeep]
|upkeep
|
|t:|1718195565
|switch|p1a: Politoed|Politoed, F|88/100
|-damage|p1a: Politoed|76/100|[from] Stealth Rock
|turn|22
|
|t:|1718195568
|move|p2a: Gallade|Leaf Blade|p1a: Politoed
|-supereffective|p1a: Politoed
|-damage|p1a: Politoed|0 fnt
|faint|p1a: Politoed
|-damage|p2a: Gallade|59/100|[from] item: Life Orb
|
|win|affksl1
|raw|The Alchemist 67's rating: 1383 &rarr; <strong>1368</strong><br />(-15 for losing)
|raw|affksl1's rating: 1475 &rarr; <strong>1490</strong><br />(+15 for winning)
