|j|☆Gh0st of Perdition
|j|☆porrompompom
|player|p1|Gh0st of Perdition|pokefanf-gen4|1514
|player|p2|porrompompom|101|1610
|teamsize|p1|6
|teamsize|p2|6
|gametype|singles
|gen|5
|tier|[Gen 5] OU
|rated|
|clearpoke
|poke|p1|Mamoswine, M|item
|poke|p1|Tyranitar, M|item
|poke|p1|Amoonguss, M|item
|poke|p1|Excadrill, M|item
|poke|p1|Rotom-Wash|item
|poke|p1|Garchomp, M|item
|poke|p2|Tyranitar, M|item
|poke|p2|Jellicent, F|item
|poke|p2|Skarmory, M|item
|poke|p2|Forretress, M|item
|poke|p2|Blissey, F|item
|poke|p2|Tangrowth, M|item
|rule|Species Clause: Limit one of each Pokémon
|rule|OHKO Clause: OHKO moves are banned
|rule|Moody Clause: Moody is banned
|rule|Evasion Moves Clause: Evasion moves are banned
|rule|Endless Battle Clause: Forcing endless battles is banned
|rule|HP Percentage Mod: HP is shown in percentages
|rule|Evasion Abilities Clause: Evasion abilities are banned
|rule|Baton Pass Clause: Limit one Baton Passer, can't pass Spe and other stats simultaneously
|rule|Sleep Clause: Sleep-inducing moves are banned
|rule|Swagger Clause: Swagger is banned
|teampreview
|
|start
|switch|p1a: Garchomp|Garchomp, M|100/100
|switch|p2a: Blissey|Blissey, F|100/100
|turn|1
|
|move|p1a: Garchomp|Stealth Rock|p2a: Blissey
|-sidestart|p2: porrompompom|move: Stealth Rock
|move|p2a: Blissey|Toxic|p1a: Garchomp
|-status|p1a: Garchomp|tox
|
|-damage|p1a: Garchomp|94/100 tox|[from] psn
|upkeep
|turn|2
|
|switch|p1a: Rotom|Rotom-Wash|100/100
|move|p2a: Blissey|Soft-Boiled||[still]
|-fail|p2a: Blissey|heal
|
|upkeep
|turn|3
|
|move|p1a: Rotom|Volt Switch|p2a: Blissey
|-damage|p2a: Blissey|93/100
|
|switch|p1a: Excadrill|Excadrill, M|100/100|[from]move: Volt Switch
|move|p2a: Blissey|Seismic Toss|p1a: Excadrill
|-damage|p1a: Excadrill|73/100
|
|-heal|p2a: Blissey|99/100|[from] item: Leftovers
|upkeep
|turn|4
|
|switch|p1a: Garchomp|Garchomp, M|94/100 tox
|switch|p2a: Tangrowth|Tangrowth, M|100/100
|-damage|p2a: Tangrowth|88/100|[from] Stealth Rock
|
|-damage|p1a: Garchomp|88/100 tox|[from] psn
|upkeep
|turn|5
|
|switch|p2a: Blissey|Blissey, F|99/100
|-damage|p2a: Blissey|86/100|[from] Stealth Rock
|move|p1a: Garchomp|Draco Meteor|p2a: Blissey
|-damage|p2a: Blissey|65/100
|-unboost|p1a: Garchomp|spa|2
|-damage|p1a: Garchomp|78/100 tox|[from] item: Life Orb
|
|-heal|p2a: Blissey|71/100|[from] item: Leftovers
|-damage|p1a: Garchomp|66/100 tox|[from] psn
|upkeep
|turn|6
|
|switch|p1a: Tyranitar|Tyranitar, M|100/100
|-weather|Sandstorm|[from] ability: Sand Stream|[of] p1a: Tyranitar
|move|p2a: Blissey|Soft-Boiled|p2a: Blissey
|-heal|p2a: Blissey|100/100
|
|-weather|Sandstorm|[upkeep]
|-damage|p2a: Blissey|94/100|[from] Sandstorm
|-heal|p2a: Blissey|100/100|[from] item: Leftovers
|upkeep
|turn|7
|
|switch|p2a: Forretress|Forretress, M|100/100
|-damage|p2a: Forretress|88/100|[from] Stealth Rock
|move|p1a: Tyranitar|Crunch|p2a: Forretress
|-resisted|p2a: Forretress
|-crit|p2a: Forretress
|-damage|p2a: Forretress|57/100
|
|-weather|Sandstorm|[upkeep]
|-heal|p2a: Forretress|63/100|[from] item: Leftovers
|upkeep
|turn|8
|
|move|p1a: Tyranitar|Fire Blast|p2a: Forretress
|-supereffective|p2a: Forretress
|-damage|p2a: Forretress|0 fnt
|faint|p2a: Forretress
|
|-weather|Sandstorm|[upkeep]
|upkeep
|inactive|Battle timer is ON: inactive players will automatically lose when time's up. (requested by Gh0st of Perdition)
|
|switch|p2a: Jellicent|Jellicent, F|100/100
|-damage|p2a: Jellicent|88/100|[from] Stealth Rock
|turn|9
|
|move|p1a: Tyranitar|Crunch|p2a: Jellicent
|-supereffective|p2a: Jellicent
|-damage|p2a: Jellicent|24/100
|-unboost|p2a: Jellicent|def|1
|move|p2a: Jellicent|Will-O-Wisp|p1a: Tyranitar
|-status|p1a: Tyranitar|brn
|
|-weather|Sandstorm|[upkeep]
|-damage|p2a: Jellicent|18/100|[from] Sandstorm
|-heal|p2a: Jellicent|24/100|[from] item: Leftovers
|-damage|p1a: Tyranitar|88/100 brn|[from] brn
|upkeep
|turn|10
|
|-activate|p2a: Jellicent|move: Pursuit
|move|p1a: Tyranitar|Pursuit|p2a: Jellicent|[from]Pursuit
|-supereffective|p2a: Jellicent
|-damage|p2a: Jellicent|0 fnt
|-hint|A Pokemon can't switch between when it runs out of HP and when it faints
|faint|p2a: Jellicent
|
|-weather|Sandstorm|[upkeep]
|-damage|p1a: Tyranitar|76/100 brn|[from] brn
|upkeep
|
|switch|p2a: Blissey|Blissey, F|100/100
|-damage|p2a: Blissey|88/100|[from] Stealth Rock
|turn|11
|
|switch|p1a: Amoonguss|Amoonguss, M|100/100
|move|p2a: Blissey|Seismic Toss|p1a: Amoonguss
|-damage|p1a: Amoonguss|77/100
|
|-weather|Sandstorm|[upkeep]
|-damage|p2a: Blissey|82/100|[from] Sandstorm
|-damage|p1a: Amoonguss|70/100|[from] Sandstorm
|-heal|p2a: Blissey|88/100|[from] item: Leftovers
|-heal|p1a: Amoonguss|77/100|[from] item: Black Sludge
|upkeep
|turn|12
|
|move|p2a: Blissey|Seismic Toss|p1a: Amoonguss
|-damage|p1a: Amoonguss|53/100
|move|p1a: Amoonguss|Stun Spore|p2a: Blissey
|-status|p2a: Blissey|par
|
|-weather|Sandstorm|[upkeep]
|-damage|p1a: Amoonguss|47/100|[from] Sandstorm
|-damage|p2a: Blissey|82/100 par|[from] Sandstorm
|-heal|p1a: Amoonguss|53/100|[from] item: Black Sludge
|-heal|p2a: Blissey|88/100 par|[from] item: Leftovers
|upkeep
|turn|13
|
|switch|p1a: Mamoswine|Mamoswine, M|100/100
|cant|p2a: Blissey|par
|
|-weather|Sandstorm|[upkeep]
|-damage|p2a: Blissey|82/100 par|[from] Sandstorm
|-heal|p2a: Blissey|88/100 par|[from] item: Leftovers
|upkeep
|turn|14
|
|switch|p2a: Skarmory|Skarmory, M|100/100
|-damage|p2a: Skarmory|88/100|[from] Stealth Rock
|move|p1a: Mamoswine|Substitute|p1a: Mamoswine
|-start|p1a: Mamoswine|Substitute
|-damage|p1a: Mamoswine|76/100
|
|-weather|Sandstorm|[upkeep]
|-heal|p1a: Mamoswine|82/100|[from] item: Leftovers
|upkeep
|turn|15
|
|move|p1a: Mamoswine|Icicle Crash|p2a: Skarmory
|-damage|p2a: Skarmory|57/100
|move|p2a: Skarmory|Spikes|p1a: Mamoswine
|-sidestart|p1: Gh0st of Perdition|Spikes
|
|-weather|Sandstorm|[upkeep]
|-heal|p1a: Mamoswine|88/100|[from] item: Leftovers
|upkeep
|turn|16
|
|move|p1a: Mamoswine|Icicle Crash|p2a: Skarmory
|-damage|p2a: Skarmory|25/100
|cant|p2a: Skarmory|flinch
|
|-weather|Sandstorm|[upkeep]
|-heal|p1a: Mamoswine|94/100|[from] item: Leftovers
|upkeep
|turn|17
|
|move|p1a: Mamoswine|Icicle Crash|p2a: Skarmory
|-damage|p2a: Skarmory|0 fnt
|faint|p2a: Skarmory
|
|-weather|Sandstorm|[upkeep]
|-heal|p1a: Mamoswine|99/100|[from] item: Leftovers
|upkeep
|-message|porrompompom forfeited.
|
|win|Gh0st of Perdition
|l|☆porrompompom
|raw|Gh0st of Perdition's rating: 1514 &rarr; <strong>1539</strong><br />(+25 for winning)
|raw|porrompompom's rating: 1610 &rarr; <strong>1585</strong><br />(-25 for losing)
|j|☆porrompompom
|player|p2|porrompompom|101
|l|☆porrompompom
|player|p2|
