|join|dtw
|join|shadowist
|player|p1|dtw|2
|player|p2|shadowist|269
|gametype|singles
|gen|5
|tier|[Gen 5] OU
|rated
|rule|Evasion Abilities Clause: Evasion abilities are banned
|clearpoke
|poke|p1|Scrafty, M
|poke|p1|Reuniclus, M
|poke|p1|Staraptor, F
|poke|p1|Gengar, M
|poke|p1|Skarmory, F
|poke|p1|Gyarados, M
|poke|p2|Politoed, M
|poke|p2|Volcarona, F
|poke|p2|Gastrodon, F
|poke|p2|Toxicroak, M
|poke|p2|Starmie
|poke|p2|Ferrothorn, M
|rule|Sleep Clause Mod: Limit one foe put to sleep
|rule|Species Clause: Limit one of each Pokemon
|rule|OHKO Clause: OHKO moves are banned
|rule|Moody Clause: Moody is banned
|rule|Evasion Moves Clause: Evasion moves are banned
|rule|Endless Battle Clause: Forcing endless battles is banned.
|rule|HP Percentage Mod: HP is reported as percentages
|teampreview
|
|start
|switch|p1a: Skarmory|Skarmory, F|334/334
|switch|p2a: Politoed|Politoed, M|384/384
|-weather|RainDance|[from] ability: Drizzle|[of] p2a: Politoed
|turn|1
|chat|dtw|srry about that
|
|move|p2a: Politoed|Hydro Pump|p1a: Skarmory
|-activate|p1a: Skarmory|Sturdy
|-damage|p1a: Skarmory|1/334
|-enditem|p1a: Skarmory|Red Card|[of] p2a: Politoed
|drag|p2a: Ferrothorn|Ferrothorn, M|352/352
|move|p1a: Skarmory|Stealth Rock|p2a: Ferrothorn
|-sidestart|p2: shadowist|move: Stealth Rock
|
|-weather|RainDance|[upkeep]
|turn|2
|
|move|p2a: Ferrothorn|Stealth Rock|p1a: Skarmory
|-sidestart|p1: dtw|move: Stealth Rock
|move|p1a: Skarmory|Whirlwind|p2a: Ferrothorn
|drag|p2a: Politoed|Politoed, M|384/384
|-damage|p2a: Politoed|336/384|[from] Stealth Rock
|
|-weather|RainDance|[upkeep]
|turn|3
|
|switch|p2a: Starmie|Starmie|261/261
|-damage|p2a: Starmie|229/261|[from] Stealth Rock
|move|p1a: Skarmory|Brave Bird|p2a: Starmie
|-damage|p2a: Starmie|106/261
|-damage|p1a: Skarmory|0 fnt|[from] recoil|[of] p2a: Starmie
|faint|p1a: Skarmory
|
|-weather|RainDance|[upkeep]
|-heal|p2a: Starmie|122/261|[from] item: Leftovers
|
|switch|p1a: Staraptor|Staraptor, F|311/311
|-damage|p1a: Staraptor|234/311|[from] Stealth Rock
|turn|4
|
|move|p2a: Starmie|Rapid Spin|p1a: Staraptor
|-damage|p1a: Staraptor|219/311
|-sideend|p2: shadowist|Stealth Rock|[from] move: Rapid Spin|[of] p2a: Starmie
|move|p1a: Staraptor|U-turn|p2a: Starmie
|-supereffective|p2a: Starmie
|-damage|p2a: Starmie|0 fnt
|faint|p2a: Starmie
|
|switch|p1a: Reuniclus|Reuniclus, M|406/406
|
|-weather|RainDance|[upkeep]
|
|switch|p2a: Volcarona|Volcarona, F|311/311
|turn|5
|
|move|p2a: Volcarona|Quiver Dance|p2a: Volcarona
|-boost|p2a: Volcarona|spa|1
|-boost|p2a: Volcarona|spd|1
|-boost|p2a: Volcarona|spe|1
|move|p1a: Reuniclus|Trick Room|p1a: Reuniclus
|-fieldstart|move: Trick Room|[of] p1a: Reuniclus
|
|-weather|RainDance|[upkeep]
|turn|6
|
|move|p1a: Reuniclus|Psyshock|p2a: Volcarona
|-damage|p2a: Volcarona|77/311
|move|p2a: Volcarona|Bug Buzz|p1a: Reuniclus
|-supereffective|p1a: Reuniclus
|-damage|p1a: Reuniclus|0 fnt
|faint|p1a: Reuniclus
|
|-weather|RainDance|[upkeep]
|-heal|p2a: Volcarona|96/311|[from] item: Leftovers
|
|switch|p1a: Scrafty|Scrafty, M|334/334
|-damage|p1a: Scrafty|314/334|[from] Stealth Rock
|turn|7
|
|move|p1a: Scrafty|Crunch|p2a: Volcarona
|-damage|p2a: Volcarona|0 fnt
|faint|p2a: Volcarona
|
|-weather|RainDance|[upkeep]
|-heal|p1a: Scrafty|334/334|[from] item: Leftovers
|
|switch|p2a: Politoed|Politoed, M|336/384
|turn|8
|
|switch|p1a: Gyarados|Gyarados, M|352/352
|-damage|p1a: Gyarados|264/352|[from] Stealth Rock
|-ability|p1a: Gyarados|Intimidate|[of] p2a: Politoed
|-unboost|p2a: Politoed|atk|1
|move|p2a: Politoed|Hydro Pump|p1a: Gyarados
|-resisted|p1a: Gyarados
|-damage|p1a: Gyarados|66/352
|
|-weather|RainDance|[upkeep]
|-heal|p1a: Gyarados|88/352|[from] item: Leftovers
|turn|9
|
|move|p2a: Politoed|Hydro Pump|p1a: Gyarados
|-resisted|p1a: Gyarados
|-damage|p1a: Gyarados|0 fnt
|faint|p1a: Gyarados
|
|-weather|RainDance|[upkeep]
|-fieldend|move: Trick Room
|
|switch|p1a: Staraptor|Staraptor, F|219/311
|-damage|p1a: Staraptor|142/311|[from] Stealth Rock
|turn|10
|
|move|p1a: Staraptor|Brave Bird|p2a: Politoed
|-damage|p2a: Politoed|0 fnt
|-damage|p1a: Staraptor|31/311|[from] recoil|[of] p2a: Politoed
|faint|p2a: Politoed
|
|-weather|RainDance|[upkeep]
|
|switch|p2a: Gastrodon|Gastrodon, F|426/426
|turn|11
|
|move|p1a: Staraptor|Brave Bird|p2a: Gastrodon
|-damage|p2a: Gastrodon|96/426
|-damage|p1a: Staraptor|0 fnt|[from] recoil|[of] p2a: Gastrodon
|faint|p1a: Staraptor
|move|p2a: Gastrodon|Recover|p2a: Gastrodon
|-heal|p2a: Gastrodon|309/426
|
|-weather|RainDance|[upkeep]
|-heal|p2a: Gastrodon|335/426|[from] item: Leftovers
|
|switch|p1a: Scrafty|Scrafty, M|334/334
|-damage|p1a: Scrafty|314/334|[from] Stealth Rock
|turn|12
|
|move|p1a: Scrafty|Bulk Up|p1a: Scrafty
|-boost|p1a: Scrafty|atk|1
|-boost|p1a: Scrafty|def|1
|move|p2a: Gastrodon|Scald|p1a: Scrafty
|-damage|p1a: Scrafty|229/334
|
|-weather|RainDance|[upkeep]
|-heal|p1a: Scrafty|249/334|[from] item: Leftovers
|-heal|p2a: Gastrodon|361/426|[from] item: Leftovers
|turn|13
|
|move|p1a: Scrafty|Bulk Up|p1a: Scrafty
|-boost|p1a: Scrafty|atk|1
|-boost|p1a: Scrafty|def|1
|move|p2a: Gastrodon|Scald|p1a: Scrafty
|-damage|p1a: Scrafty|161/334
|
|-weather|RainDance|[upkeep]
|-heal|p1a: Scrafty|181/334|[from] item: Leftovers
|-heal|p2a: Gastrodon|387/426|[from] item: Leftovers
|turn|14
|
|move|p1a: Scrafty|Bulk Up|p1a: Scrafty
|-boost|p1a: Scrafty|atk|1
|-boost|p1a: Scrafty|def|1
|move|p2a: Gastrodon|Scald|p1a: Scrafty
|-damage|p1a: Scrafty|100/334
|
|-weather|RainDance|[upkeep]
|-heal|p1a: Scrafty|120/334|[from] item: Leftovers
|-heal|p2a: Gastrodon|413/426|[from] item: Leftovers
|turn|15
|
|move|p1a: Scrafty|Drain Punch|p2a: Gastrodon
|-damage|p2a: Gastrodon|230/426
|-heal|p1a: Scrafty|212/334|[from] drain|[of] p2a: Gastrodon
|move|p2a: Gastrodon|Scald|p1a: Scrafty
|-damage|p1a: Scrafty|133/334
|
|-weather|RainDance|[upkeep]
|-heal|p1a: Scrafty|153/334|[from] item: Leftovers
|-heal|p2a: Gastrodon|256/426|[from] item: Leftovers
|turn|16
|
|move|p1a: Scrafty|Drain Punch|p2a: Gastrodon
|-damage|p2a: Gastrodon|67/426
|-heal|p1a: Scrafty|248/334|[from] drain|[of] p2a: Gastrodon
|move|p2a: Gastrodon|Recover|p2a: Gastrodon
|-heal|p2a: Gastrodon|280/426
|
|-weather|RainDance|[upkeep]
|-heal|p1a: Scrafty|268/334|[from] item: Leftovers
|-heal|p2a: Gastrodon|306/426|[from] item: Leftovers
|turn|17
|
|move|p1a: Scrafty|Bulk Up|p1a: Scrafty
|-boost|p1a: Scrafty|atk|1
|-boost|p1a: Scrafty|def|1
|move|p2a: Gastrodon|Recover|p2a: Gastrodon
|-heal|p2a: Gastrodon|426/426
|
|-weather|RainDance|[upkeep]
|-heal|p1a: Scrafty|288/334|[from] item: Leftovers
|turn|18
|
|move|p1a: Scrafty|Bulk Up|p1a: Scrafty
|-boost|p1a: Scrafty|atk|1
|-boost|p1a: Scrafty|def|1
|move|p2a: Gastrodon|Scald|p1a: Scrafty
|-damage|p1a: Scrafty|200/334
|
|-weather|RainDance|[upkeep]
|-heal|p1a: Scrafty|220/334|[from] item: Leftovers
|turn|19
|
|move|p1a: Scrafty|Drain Punch|p2a: Gastrodon
|-damage|p2a: Gastrodon|185/426
|-heal|p1a: Scrafty|334/334|[from] drain|[of] p2a: Gastrodon
|move|p2a: Gastrodon|Scald|p1a: Scrafty
|-damage|p1a: Scrafty|252/334
|-status|p1a: Scrafty|brn
|
|-weather|RainDance|[upkeep]
|-heal|p1a: Scrafty|272/334 brn|[from] item: Leftovers
|-heal|p2a: Gastrodon|211/426|[from] item: Leftovers
|-damage|p1a: Scrafty|231/334 brn|[from] brn
|turn|20
|
|move|p1a: Scrafty|Rest|p1a: Scrafty
|-status|p1a: Scrafty|slp
|-heal|p1a: Scrafty|334/334 slp|[silent]
|-status|p1a: Scrafty|slp|[from] move: Rest
|move|p2a: Gastrodon|Recover|p2a: Gastrodon
|-heal|p2a: Gastrodon|424/426
|
|-weather|RainDance|[upkeep]
|-activate|p1a: Scrafty|ability: Shed Skin
|-curestatus|p1a: Scrafty|slp
|-heal|p2a: Gastrodon|426/426|[from] item: Leftovers
|turn|21
|
|move|p1a: Scrafty|Drain Punch|p2a: Gastrodon
|-damage|p2a: Gastrodon|182/426
|move|p2a: Gastrodon|Scald|p1a: Scrafty
|-damage|p1a: Scrafty|241/334
|
|-weather|RainDance|[upkeep]
|-heal|p1a: Scrafty|261/334|[from] item: Leftovers
|-heal|p2a: Gastrodon|208/426|[from] item: Leftovers
|turn|22
|
|switch|p2a: Ferrothorn|Ferrothorn, M|352/352
|move|p1a: Scrafty|Drain Punch|p2a: Ferrothorn
|-supereffective|p2a: Ferrothorn
|-damage|p2a: Ferrothorn|0 fnt
|-heal|p1a: Scrafty|334/334|[from] drain|[of] p2a: Ferrothorn
|-damage|p1a: Scrafty|293/334|[from] ability: Iron Barbs|[of] p2a: Ferrothorn
|faint|p2a: Ferrothorn
|
|-weather|RainDance|[upkeep]
|-heal|p1a: Scrafty|313/334|[from] item: Leftovers
|
|switch|p2a: Toxicroak|Toxicroak, M|314/314
|turn|23
|
|move|p2a: Toxicroak|Swords Dance|p2a: Toxicroak
|-boost|p2a: Toxicroak|atk|2
|move|p1a: Scrafty|Crunch|p2a: Toxicroak
|-resisted|p2a: Toxicroak
|-damage|p2a: Toxicroak|94/314
|-unboost|p2a: Toxicroak|def|1
|
|-weather|RainDance|[upkeep]
|-heal|p2a: Toxicroak|133/314|[from] ability: Dry Skin
|-heal|p1a: Scrafty|333/334|[from] item: Leftovers
|turn|24
|
|move|p2a: Toxicroak|Drain Punch|p1a: Scrafty
|-supereffective|p1a: Scrafty
|-damage|p1a: Scrafty|159/334
|-heal|p2a: Toxicroak|220/314|[from] drain|[of] p1a: Scrafty
|-damage|p2a: Toxicroak|189/314|[from] item: Life Orb
|move|p1a: Scrafty|Crunch|p2a: Toxicroak
|-resisted|p2a: Toxicroak
|-damage|p2a: Toxicroak|0 fnt
|faint|p2a: Toxicroak
|
|-weather|RainDance|[upkeep]
|-heal|p1a: Scrafty|179/334|[from] item: Leftovers
|
|switch|p2a: Gastrodon|Gastrodon, F|208/426
|turn|25
|
|move|p1a: Scrafty|Drain Punch|p2a: Gastrodon
|-damage|p2a: Gastrodon|0 fnt
|-heal|p1a: Scrafty|283/334|[from] drain|[of] p2a: Gastrodon
|faint|p2a: Gastrodon
|
|win|dtw
|raw|Ladder updating...
|raw|dtw's rating: 1264 &rarr; <strong>1299</strong><br />(+35 for winning)
|raw|shadowist's rating: 1410 &rarr; <strong>1382</strong><br />(-28 for losing)
|chat|dtw|gg
|leave|shadowist