|j|☆Blaise BWOU
|j|☆Silent Ensemble
|t:|1735118494
|gametype|singles
|player|p1|Blaise BWOU|n|1313
|player|p2|Silent Ensemble|cyclistf-gen4|1523
|teamsize|p1|6
|teamsize|p2|6
|gen|5
|tier|[Gen 5] OU
|rated|
|rule|Species Clause: Limit one of each Pokémon
|rule|OHKO Clause: OHKO moves are banned
|rule|Moody Clause: Moody is banned
|rule|Evasion Items Clause: Evasion items are banned
|rule|Evasion Moves Clause: Evasion moves are banned
|rule|Endless Battle Clause: Forcing endless battles is banned
|rule|HP Percentage Mod: HP is shown in percentages
|rule|Evasion Abilities Clause: Evasion abilities are banned
|rule|Sleep Moves Clause: Sleep-inducing moves are banned
|rule|Swagger Clause: Swagger is banned
|rule|Baton Pass Stat Clause: No Baton Passer may have a way to boost its stats
|clearpoke
|poke|p1|Latios, M|item
|poke|p1|Magnezone|item
|poke|p1|Starmie|item
|poke|p1|Volcarona, F|item
|poke|p1|Lombre, M|item
|poke|p1|Ludicolo, M|item
|poke|p2|Tyranitar, M|item
|poke|p2|Skarmory, M|item
|poke|p2|Blissey, F|item
|poke|p2|Celebi|item
|poke|p2|Donphan, M|item
|poke|p2|Milotic, F|item
|teampreview
|c|☆Silent Ensemble|Gl hf
|c|☆Blaise BWOU|thx u2
|
|t:|1735118516
|start
|switch|p1a: Bip Bip|Latios, M|100/100
|switch|p2a: Tyranitar|Tyranitar, M|100/100
|-weather|Sandstorm|[from] ability: Sand Stream|[of] p2a: Tyranitar
|turn|1
|
|t:|1735118526
|move|p1a: Bip Bip|Draco Meteor|p2a: Tyranitar
|-damage|p2a: Tyranitar|22/100
|-unboost|p1a: Bip Bip|spa|2
|move|p2a: Tyranitar|Pursuit|p1a: Bip Bip
|-supereffective|p1a: Bip Bip
|-damage|p1a: Bip Bip|6/100
|
|-weather|Sandstorm|[upkeep]
|-damage|p1a: Bip Bip|0 fnt|[from] Sandstorm
|faint|p1a: Bip Bip
|upkeep
|
|t:|1735118535
|switch|p1a: Beyblade|Starmie|100/100
|turn|2
|
|t:|1735118540
|switch|p2a: Blissey|Blissey, F|100/100
|move|p1a: Beyblade|Surf|p2a: Blissey
|-damage|p2a: Blissey|82/100
|
|-weather|Sandstorm|[upkeep]
|-damage|p1a: Beyblade|94/100|[from] Sandstorm
|-damage|p2a: Blissey|76/100|[from] Sandstorm
|-heal|p2a: Blissey|82/100|[from] item: Leftovers
|upkeep
|turn|3
|
|t:|1735118553
|switch|p1a: Mister B jr|Lombre, M|100/100
|move|p2a: Blissey|Stealth Rock|p1a: Mister B jr
|-sidestart|p1: Blaise BWOU|move: Stealth Rock
|
|-weather|Sandstorm|[upkeep]
|-damage|p2a: Blissey|76/100|[from] Sandstorm
|-damage|p1a: Mister B jr|94/100|[from] Sandstorm
|-heal|p2a: Blissey|82/100|[from] item: Leftovers
|upkeep
|turn|4
|
|t:|1735118559
|move|p2a: Blissey|Toxic|p1a: Mister B jr
|-status|p1a: Mister B jr|tox
|move|p1a: Mister B jr|Leech Seed|p2a: Blissey
|-start|p2a: Blissey|move: Leech Seed
|
|-weather|Sandstorm|[upkeep]
|-damage|p2a: Blissey|76/100|[from] Sandstorm
|-damage|p1a: Mister B jr|88/100 tox|[from] Sandstorm
|-heal|p2a: Blissey|82/100|[from] item: Leftovers
|-damage|p2a: Blissey|70/100|[from] Leech Seed|[of] p1a: Mister B jr
|-heal|p1a: Mister B jr|100/100 tox|[silent]
|-damage|p1a: Mister B jr|94/100 tox|[from] psn
|upkeep
|turn|5
|
|t:|1735118566
|switch|p2a: Skarmory|Skarmory, M|100/100
|move|p1a: Mister B jr|Rain Dance|p1a: Mister B jr
|-weather|RainDance
|
|-weather|RainDance|[upkeep]
|-heal|p1a: Mister B jr|100/100 tox|[from] ability: Rain Dish
|-damage|p1a: Mister B jr|88/100 tox|[from] psn
|upkeep
|turn|6
|
|t:|1735118571
|switch|p2a: Celebi|Celebi|100/100
|move|p1a: Mister B jr|Scald|p2a: Celebi
|-resisted|p2a: Celebi
|-crit|p2a: Celebi
|-damage|p2a: Celebi|84/100
|-status|p2a: Celebi|brn
|
|-weather|RainDance|[upkeep]
|-heal|p1a: Mister B jr|94/100 tox|[from] ability: Rain Dish
|-heal|p2a: Celebi|90/100 brn|[from] item: Leftovers
|-damage|p1a: Mister B jr|76/100 tox|[from] psn
|-damage|p2a: Celebi|77/100 brn|[from] brn
|upkeep
|turn|7
|
|t:|1735118582
|switch|p1a: Mister B|Ludicolo, M|100/100
|-damage|p1a: Mister B|88/100|[from] Stealth Rock
|move|p2a: Celebi|Baton Pass|p2a: Celebi
|
|t:|1735118585
|-curestatus|p2a: Celebi|brn|[from] ability: Natural Cure
|switch|p2a: Tyranitar|Tyranitar, M|22/100|[from] Baton Pass
|-weather|Sandstorm|[from] ability: Sand Stream|[of] p2a: Tyranitar
|
|-weather|Sandstorm|[upkeep]
|-damage|p1a: Mister B|82/100|[from] Sandstorm
|upkeep
|turn|8
|
|t:|1735118593
|switch|p2a: Skarmory|Skarmory, M|100/100
|move|p1a: Mister B|Waterfall|p2a: Skarmory
|-damage|p2a: Skarmory|80/100
|-damage|p1a: Mister B|66/100|[from] item: Rocky Helmet|[of] p2a: Skarmory
|-damage|p1a: Mister B|56/100|[from] item: Life Orb
|
|-weather|Sandstorm|[upkeep]
|-damage|p1a: Mister B|50/100|[from] Sandstorm
|upkeep
|turn|9
|
|t:|1735118609
|switch|p1a: Area B|Magnezone, shiny|100/100
|-damage|p1a: Area B|94/100|[from] Stealth Rock
|switch|p2a: Celebi|Celebi|77/100
|
|-weather|Sandstorm|[upkeep]
|-damage|p2a: Celebi|71/100|[from] Sandstorm
|-heal|p2a: Celebi|77/100|[from] item: Leftovers
|upkeep
|turn|10
|
|t:|1735118618
|move|p2a: Celebi|Recover|p2a: Celebi
|-heal|p2a: Celebi|100/100
|move|p1a: Area B|Substitute|p1a: Area B
|-start|p1a: Area B|Substitute
|-damage|p1a: Area B|69/100
|
|-weather|Sandstorm|[upkeep]
|-damage|p2a: Celebi|94/100|[from] Sandstorm
|-heal|p2a: Celebi|100/100|[from] item: Leftovers
|upkeep
|turn|11
|
|t:|1735118626
|switch|p2a: Blissey|Blissey, F|70/100
|move|p1a: Area B|Hidden Power|p2a: Blissey
|-damage|p2a: Blissey|61/100
|
|-weather|Sandstorm|[upkeep]
|-damage|p2a: Blissey|55/100|[from] Sandstorm
|-heal|p2a: Blissey|61/100|[from] item: Leftovers
|upkeep
|turn|12
|
|t:|1735118631
|move|p1a: Area B|Rain Dance|p1a: Area B
|-weather|RainDance
|move|p2a: Blissey|Soft-Boiled|p2a: Blissey
|-heal|p2a: Blissey|100/100
|
|-weather|RainDance|[upkeep]
|upkeep
|turn|13
|
|t:|1735118636
|move|p1a: Area B|Thunder|p2a: Blissey
|-damage|p2a: Blissey|77/100
|move|p2a: Blissey|Seismic Toss|p1a: Area B
|-end|p1a: Area B|Substitute
|
|-weather|RainDance|[upkeep]
|-heal|p2a: Blissey|83/100|[from] item: Leftovers
|upkeep
|turn|14
|
|t:|1735118642
|move|p1a: Area B|Thunder|p2a: Blissey
|-damage|p2a: Blissey|62/100
|-status|p2a: Blissey|par
|move|p2a: Blissey|Seismic Toss|p1a: Area B
|-damage|p1a: Area B|40/100
|
|-weather|RainDance|[upkeep]
|-heal|p2a: Blissey|68/100 par|[from] item: Leftovers
|upkeep
|turn|15
|
|t:|1735118646
|move|p1a: Area B|Substitute|p1a: Area B
|-start|p1a: Area B|Substitute
|-damage|p1a: Area B|15/100
|move|p2a: Blissey|Soft-Boiled|p2a: Blissey
|-heal|p2a: Blissey|100/100 par
|
|-weather|RainDance|[upkeep]
|upkeep
|turn|16
|
|t:|1735118651
|move|p1a: Area B|Thunder|p2a: Blissey
|-damage|p2a: Blissey|76/100 par
|move|p2a: Blissey|Seismic Toss|p1a: Area B
|-end|p1a: Area B|Substitute
|
|-weather|RainDance|[upkeep]
|-heal|p2a: Blissey|83/100 par|[from] item: Leftovers
|upkeep
|turn|17
|
|t:|1735118656
|-curestatus|p2a: Blissey|par|[from] ability: Natural Cure
|switch|p2a: Donphan|Donphan, M|100/100
|move|p1a: Area B|Thunder|p2a: Donphan
|-immune|p2a: Donphan
|
|-weather|RainDance|[upkeep]
|upkeep
|turn|18
|
|t:|1735118664
|switch|p2a: Celebi|Celebi|100/100
|move|p1a: Area B|Hidden Power|p2a: Celebi
|-supereffective|p2a: Celebi
|-damage|p2a: Celebi|66/100
|
|-weather|RainDance|[upkeep]
|-heal|p2a: Celebi|73/100|[from] item: Leftovers
|upkeep
|turn|19
|
|t:|1735118668
|move|p2a: Celebi|Giga Drain|p1a: Area B
|-resisted|p1a: Area B
|-damage|p1a: Area B|1/100
|-heal|p2a: Celebi|78/100|[from] drain|[of] p1a: Area B
|move|p1a: Area B|Hidden Power|p2a: Celebi
|-supereffective|p2a: Celebi
|-damage|p2a: Celebi|42/100
|
|-weather|none
|-heal|p2a: Celebi|49/100|[from] item: Leftovers
|upkeep
|turn|20
|
|t:|1735118675
|move|p2a: Celebi|Giga Drain|p1a: Area B
|-resisted|p1a: Area B
|-damage|p1a: Area B|0 fnt
|-heal|p2a: Celebi|49/100|[from] drain|[of] p1a: Area B
|faint|p1a: Area B
|
|-heal|p2a: Celebi|55/100|[from] item: Leftovers
|upkeep
|
|t:|1735118679
|switch|p1a: Beyblade|Starmie|94/100
|-damage|p1a: Beyblade|82/100|[from] Stealth Rock
|turn|21
|
|t:|1735118686
|switch|p2a: Blissey|Blissey, F|83/100
|move|p1a: Beyblade|Rapid Spin|p2a: Blissey
|-damage|p2a: Blissey|79/100
|-sideend|p1: Blaise BWOU|Stealth Rock|[from] move: Rapid Spin|[of] p1a: Beyblade
|
|-heal|p2a: Blissey|85/100|[from] item: Leftovers
|upkeep
|turn|22
|
|t:|1735118689
|switch|p1a: Britney|Volcarona, F|100/100
|move|p2a: Blissey|Stealth Rock|p1a: Britney
|-sidestart|p1: Blaise BWOU|move: Stealth Rock
|
|-heal|p2a: Blissey|91/100|[from] item: Leftovers
|upkeep
|turn|23
|
|t:|1735118693
|move|p1a: Britney|Quiver Dance|p1a: Britney
|-boost|p1a: Britney|spa|1
|-boost|p1a: Britney|spd|1
|-boost|p1a: Britney|spe|1
|move|p2a: Blissey|Toxic|p1a: Britney
|-status|p1a: Britney|tox
|-enditem|p1a: Britney|Lum Berry|[eat]
|-curestatus|p1a: Britney|tox|[msg]
|
|-heal|p2a: Blissey|98/100|[from] item: Leftovers
|upkeep
|turn|24
|
|t:|1735118703
|move|p1a: Britney|Quiver Dance|p1a: Britney
|-boost|p1a: Britney|spa|1
|-boost|p1a: Britney|spd|1
|-boost|p1a: Britney|spe|1
|move|p2a: Blissey|Toxic|p1a: Britney
|-status|p1a: Britney|tox
|
|-heal|p2a: Blissey|100/100|[from] item: Leftovers
|-damage|p1a: Britney|94/100 tox|[from] psn
|upkeep
|turn|25
|
|t:|1735118706
|switch|p2a: Tyranitar|Tyranitar, M|22/100
|-weather|Sandstorm|[from] ability: Sand Stream|[of] p2a: Tyranitar
|move|p1a: Britney|Quiver Dance|p1a: Britney
|-boost|p1a: Britney|spa|1
|-boost|p1a: Britney|spd|1
|-boost|p1a: Britney|spe|1
|
|-weather|Sandstorm|[upkeep]
|-damage|p1a: Britney|88/100 tox|[from] Sandstorm
|-damage|p1a: Britney|76/100 tox|[from] psn
|upkeep
|turn|26
|
|t:|1735118709
|move|p1a: Britney|Bug Buzz|p2a: Tyranitar
|-supereffective|p2a: Tyranitar
|-damage|p2a: Tyranitar|0 fnt
|faint|p2a: Tyranitar
|
|-weather|Sandstorm|[upkeep]
|-damage|p1a: Britney|70/100 tox|[from] Sandstorm
|-damage|p1a: Britney|51/100 tox|[from] psn
|upkeep
|
|t:|1735118711
|switch|p2a: Milotic|Milotic, F|100/100
|turn|27
|
|t:|1735118715
|move|p1a: Britney|Bug Buzz|p2a: Milotic
|-damage|p2a: Milotic|16/100
|move|p2a: Milotic|Dragon Tail|p1a: Britney
|-damage|p1a: Britney|41/100 tox
|-status|p2a: Milotic|brn|[from] ability: Flame Body|[of] p1a: Britney
|drag|p1a: Mister B jr|Lombre, M|76/100 tox
|-damage|p1a: Mister B jr|63/100 tox|[from] Stealth Rock
|
|-weather|Sandstorm|[upkeep]
|-damage|p2a: Milotic|10/100 brn|[from] Sandstorm
|-damage|p1a: Mister B jr|57/100 tox|[from] Sandstorm
|-heal|p2a: Milotic|16/100 brn|[from] item: Leftovers
|-damage|p1a: Mister B jr|51/100 tox|[from] psn
|-damage|p2a: Milotic|4/100 brn|[from] brn
|upkeep
|turn|28
|
|t:|1735118723
|move|p1a: Mister B jr|Rain Dance|p1a: Mister B jr
|-weather|RainDance
|move|p2a: Milotic|Dragon Tail|p1a: Mister B jr
|-crit|p1a: Mister B jr
|-damage|p1a: Mister B jr|42/100 tox
|drag|p1a: Beyblade|Starmie|82/100
|-damage|p1a: Beyblade|70/100|[from] Stealth Rock
|
|-weather|RainDance|[upkeep]
|-heal|p2a: Milotic|10/100 brn|[from] item: Leftovers
|-damage|p2a: Milotic|0 fnt|[from] brn
|faint|p2a: Milotic
|upkeep
|
|t:|1735118728
|switch|p2a: Blissey|Blissey, F|100/100
|turn|29
|
|t:|1735118735
|move|p1a: Beyblade|Rapid Spin|p2a: Blissey
|-damage|p2a: Blissey|98/100
|-sideend|p1: Blaise BWOU|Stealth Rock|[from] move: Rapid Spin|[of] p1a: Beyblade
|move|p2a: Blissey|Seismic Toss|p1a: Beyblade
|-damage|p1a: Beyblade|32/100
|
|-weather|RainDance|[upkeep]
|-heal|p2a: Blissey|100/100|[from] item: Leftovers
|upkeep
|turn|30
|
|t:|1735118742
|switch|p1a: Mister B|Ludicolo, M|50/100
|move|p2a: Blissey|Stealth Rock|p1a: Mister B
|-sidestart|p1: Blaise BWOU|move: Stealth Rock
|
|-weather|RainDance|[upkeep]
|upkeep
|turn|31
|
|t:|1735118747
|switch|p2a: Skarmory|Skarmory, M|80/100
|move|p1a: Mister B|Swords Dance|p1a: Mister B
|-boost|p1a: Mister B|atk|2
|
|-weather|RainDance|[upkeep]
|upkeep
|turn|32
|
|t:|1735118750
|move|p1a: Mister B|Waterfall|p2a: Skarmory
|-damage|p2a: Skarmory|15/100
|-damage|p1a: Mister B|33/100|[from] item: Rocky Helmet|[of] p2a: Skarmory
|-damage|p1a: Mister B|23/100|[from] item: Life Orb
|move|p2a: Skarmory|Brave Bird|p1a: Mister B
|-supereffective|p1a: Mister B
|-damage|p1a: Mister B|0 fnt
|faint|p1a: Mister B
|-damage|p2a: Skarmory|8/100|[from] Recoil
|
|-weather|RainDance|[upkeep]
|upkeep
|
|t:|1735118762
|switch|p1a: Mister B jr|Lombre, M|42/100 tox
|-damage|p1a: Mister B jr|29/100 tox|[from] Stealth Rock
|turn|33
|
|t:|1735118764
|move|p2a: Skarmory|Brave Bird|p1a: Mister B jr
|-supereffective|p1a: Mister B jr
|-damage|p1a: Mister B jr|0 fnt
|faint|p1a: Mister B jr
|-damage|p2a: Skarmory|0 fnt|[from] Recoil
|faint|p2a: Skarmory
|
|-weather|RainDance|[upkeep]
|upkeep
|
|t:|1735118768
|switch|p2a: Celebi|Celebi|55/100
|switch|p1a: Beyblade|Starmie|32/100
|-damage|p1a: Beyblade|19/100|[from] Stealth Rock
|turn|34
|
|t:|1735118772
|move|p1a: Beyblade|Rapid Spin|p2a: Celebi
|-damage|p2a: Celebi|53/100
|-sideend|p1: Blaise BWOU|Stealth Rock|[from] move: Rapid Spin|[of] p1a: Beyblade
|move|p2a: Celebi|Giga Drain|p1a: Beyblade
|-supereffective|p1a: Beyblade
|-damage|p1a: Beyblade|0 fnt
|-heal|p2a: Celebi|59/100|[from] drain|[of] p1a: Beyblade
|faint|p1a: Beyblade
|
|-weather|RainDance|[upkeep]
|-heal|p2a: Celebi|65/100|[from] item: Leftovers
|upkeep
|
|t:|1735118776
|switch|p1a: Britney|Volcarona, F|41/100 tox
|turn|35
|
|t:|1735118780
|move|p1a: Britney|Bug Buzz|p2a: Celebi
|-supereffective|p2a: Celebi
|-damage|p2a: Celebi|0 fnt
|faint|p2a: Celebi
|
|-weather|none
|-damage|p1a: Britney|35/100 tox|[from] psn
|upkeep
|
|t:|1735118782
|switch|p2a: Donphan|Donphan, M|100/100
|turn|36
|
|t:|1735118788
|move|p1a: Britney|Hurricane|p2a: Donphan
|-damage|p2a: Donphan|39/100
|move|p2a: Donphan|Earthquake|p1a: Britney
|-damage|p1a: Britney|0 fnt
|faint|p1a: Britney
|
|win|Silent Ensemble
|raw|Blaise BWOU's rating: 1313 &rarr; <strong>1304</strong><br />(-9 for losing)
|raw|Silent Ensemble's rating: 1523 &rarr; <strong>1532</strong><br />(+9 for winning)
|c|☆Silent Ensemble|GG
|c|☆Blaise BWOU|gg
