|j|☆sixsevn
|j|☆Yokao893
|t:|1702004021
|gametype|singles
|player|p1|sixsevn|burglar|1361
|player|p2|Yokao893|hilbert-wonderlauncher|1460
|teamsize|p1|6
|teamsize|p2|6
|gen|5
|tier|[Gen 5] OU
|rated|
|rule|Species Clause: Limit one of each Pokémon
|rule|OHKO Clause: OHKO moves are banned
|rule|Moody Clause: Moody is banned
|rule|Evasion Items Clause: Evasion items are banned
|rule|Evasion Moves Clause: Evasion moves are banned
|rule|Endless Battle Clause: Forcing endless battles is banned
|rule|HP Percentage Mod: HP is shown in percentages
|rule|Evasion Abilities Clause: Evasion abilities are banned
|rule|Sleep Moves Clause: Sleep-inducing moves are banned
|rule|Swagger Clause: Swagger is banned
|rule|Baton Pass Stat Clause: No Baton Passer may have a way to boost its stats
|clearpoke
|poke|p1|Azelf|item
|poke|p1|Celebi|item
|poke|p1|Heatran, F|item
|poke|p1|Excadrill, M|item
|poke|p1|Zapdos|item
|poke|p1|Breloom, F|item
|poke|p2|Tyranitar, F|item
|poke|p2|Alakazam, F|item
|poke|p2|Latios, M|item
|poke|p2|Ferrothorn, F|item
|poke|p2|Keldeo-Resolute|item
|poke|p2|Landorus-Therian, M|item
|teampreview
|inactive|Battle timer is ON: inactive players will automatically lose when time's up. (requested by Yokao893)
|inactive|sixsevn also wants the timer to be on.
|
|t:|1702004027
|start
|switch|p1a: Breloom|Breloom, F|100/100
|switch|p2a: GET BACK HERE|Tyranitar, F|100/100
|-weather|Sandstorm|[from] ability: Sand Stream|[of] p2a: GET BACK HERE
|turn|1
|
|t:|1702004031
|switch|p2a: King of OU|Landorus-Therian, M|100/100
|-ability|p2a: King of OU|Intimidate|boost
|-unboost|p1a: Breloom|atk|1
|move|p1a: Breloom|Bullet Seed|p2a: King of OU
|-crit|p2a: King of OU
|-damage|p2a: King of OU|43/100
|-damage|p2a: King of OU|24/100
|-damage|p2a: King of OU|3/100
|-damage|p2a: King of OU|0 fnt
|faint|p2a: King of OU
|-hitcount|p2: King of OU|4
|
|-weather|Sandstorm|[upkeep]
|-damage|p1a: Breloom|94/100|[from] Sandstorm
|upkeep
|
|t:|1702004042
|switch|p2a: Spoons!|Alakazam, F|100/100
|turn|2
|
|t:|1702004046
|switch|p1a: Heatran|Heatran, F|100/100
|move|p2a: Spoons!|Psychic|p1a: Heatran
|-resisted|p1a: Heatran
|-damage|p1a: Heatran|80/100
|
|-weather|Sandstorm|[upkeep]
|-heal|p1a: Heatran|86/100|[from] item: Leftovers
|upkeep
|turn|3
|
|t:|1702004058
|switch|p2a: Ponyboy|Keldeo-Resolute|100/100
|move|p1a: Heatran|Magma Storm|p2a: Ponyboy
|-resisted|p2a: Ponyboy
|-damage|p2a: Ponyboy|73/100
|-activate|p2a: Ponyboy|move: Magma Storm|[of] p1a: Heatran
|
|-weather|Sandstorm|[upkeep]
|-damage|p2a: Ponyboy|66/100|[from] Sandstorm
|-heal|p2a: Ponyboy|73/100|[from] item: Leftovers
|-heal|p1a: Heatran|92/100|[from] item: Leftovers
|-damage|p2a: Ponyboy|66/100|[from] move: Magma Storm|[partiallytrapped]
|upkeep
|turn|4
|
|t:|1702004067
|move|p1a: Heatran|Protect|p1a: Heatran
|-singleturn|p1a: Heatran|Protect
|move|p2a: Ponyboy|Scald|p1a: Heatran
|-activate|p1a: Heatran|move: Protect
|
|-weather|Sandstorm|[upkeep]
|-damage|p2a: Ponyboy|60/100|[from] Sandstorm
|-heal|p2a: Ponyboy|66/100|[from] item: Leftovers
|-heal|p1a: Heatran|98/100|[from] item: Leftovers
|-damage|p2a: Ponyboy|60/100|[from] move: Magma Storm|[partiallytrapped]
|upkeep
|turn|5
|
|t:|1702004071
|switch|p1a: Celebi|Celebi|100/100
|move|p2a: Ponyboy|Scald|p1a: Celebi
|-resisted|p1a: Celebi
|-damage|p1a: Celebi|87/100
|-status|p1a: Celebi|brn
|
|-weather|Sandstorm|[upkeep]
|-damage|p2a: Ponyboy|54/100|[from] Sandstorm
|-damage|p1a: Celebi|81/100 brn|[from] Sandstorm
|-heal|p2a: Ponyboy|60/100|[from] item: Leftovers
|-heal|p1a: Celebi|87/100 brn|[from] item: Leftovers
|-damage|p1a: Celebi|75/100 brn|[from] brn
|upkeep
|turn|6
|
|t:|1702004075
|switch|p2a: GET BACK HERE|Tyranitar, F|100/100
|move|p1a: Celebi|U-turn|p2a: GET BACK HERE
|-supereffective|p2a: GET BACK HERE
|-damage|p2a: GET BACK HERE|90/100
|
|t:|1702004078
|-curestatus|p1a: Celebi|brn|[from] ability: Natural Cure
|switch|p1a: Breloom|Breloom, F|94/100|[from] U-turn
|
|-weather|Sandstorm|[upkeep]
|-damage|p1a: Breloom|88/100|[from] Sandstorm
|upkeep
|turn|7
|
|t:|1702004089
|switch|p2a: Glue|Ferrothorn, F|100/100
|move|p1a: Breloom|Superpower|p2a: Glue
|-supereffective|p2a: Glue
|-crit|p2a: Glue
|-damage|p2a: Glue|0 fnt
|-unboost|p1a: Breloom|atk|1
|-unboost|p1a: Breloom|def|1
|-damage|p1a: Breloom|76/100|[from] ability: Iron Barbs|[of] p2a: Glue
|faint|p2a: Glue
|
|-weather|Sandstorm|[upkeep]
|-damage|p1a: Breloom|70/100|[from] Sandstorm
|upkeep
|
|t:|1702004096
|switch|p2a: Spoons!|Alakazam, F|100/100
|turn|8
|
|t:|1702004102
|switch|p1a: Celebi|Celebi|75/100
|move|p2a: Spoons!|Psychic|p1a: Celebi
|-resisted|p1a: Celebi
|-damage|p1a: Celebi|56/100
|
|-weather|Sandstorm|[upkeep]
|-damage|p1a: Celebi|50/100|[from] Sandstorm
|-heal|p1a: Celebi|56/100|[from] item: Leftovers
|upkeep
|turn|9
|
|t:|1702004108
|switch|p1a: Heatran|Heatran, F|98/100
|move|p2a: Spoons!|Shadow Ball|p1a: Heatran
|-resisted|p1a: Heatran
|-damage|p1a: Heatran|88/100
|-unboost|p1a: Heatran|spd|1
|
|-weather|Sandstorm|[upkeep]
|-heal|p1a: Heatran|94/100|[from] item: Leftovers
|upkeep
|turn|10
|
|t:|1702004116
|switch|p2a: Ponyboy|Keldeo-Resolute|60/100
|switch|p1a: Azelf|Azelf|100/100
|
|-weather|Sandstorm|[upkeep]
|-damage|p1a: Azelf|94/100|[from] Sandstorm
|-damage|p2a: Ponyboy|54/100|[from] Sandstorm
|-heal|p2a: Ponyboy|60/100|[from] item: Leftovers
|upkeep
|turn|11
|
|t:|1702004120
|move|p1a: Azelf|Thunder Wave|p2a: Ponyboy
|-status|p2a: Ponyboy|par
|cant|p2a: Ponyboy|par
|
|-weather|Sandstorm|[upkeep]
|-damage|p1a: Azelf|88/100|[from] Sandstorm
|-damage|p2a: Ponyboy|54/100 par|[from] Sandstorm
|-heal|p2a: Ponyboy|60/100 par|[from] item: Leftovers
|upkeep
|turn|12
|
|t:|1702004124
|move|p1a: Azelf|U-turn|p2a: Ponyboy
|-resisted|p2a: Ponyboy
|-damage|p2a: Ponyboy|47/100 par
|
|t:|1702004126
|switch|p1a: Celebi|Celebi|56/100|[from] U-turn
|move|p2a: Ponyboy|Scald|p1a: Celebi
|-resisted|p1a: Celebi
|-damage|p1a: Celebi|42/100
|
|-weather|Sandstorm|[upkeep]
|-damage|p1a: Celebi|36/100|[from] Sandstorm
|-damage|p2a: Ponyboy|41/100 par|[from] Sandstorm
|-heal|p1a: Celebi|42/100|[from] item: Leftovers
|-heal|p2a: Ponyboy|47/100 par|[from] item: Leftovers
|upkeep
|turn|13
|
|t:|1702004129
|move|p1a: Celebi|U-turn|p2a: Ponyboy
|-resisted|p2a: Ponyboy
|-damage|p2a: Ponyboy|39/100 par
|
|t:|1702004131
|switch|p1a: Azelf|Azelf|88/100|[from] U-turn
|cant|p2a: Ponyboy|par
|
|-weather|Sandstorm|[upkeep]
|-damage|p1a: Azelf|82/100|[from] Sandstorm
|-damage|p2a: Ponyboy|33/100 par|[from] Sandstorm
|-heal|p2a: Ponyboy|39/100 par|[from] item: Leftovers
|upkeep
|turn|14
|
|t:|1702004137
|switch|p2a: GET BACK HERE|Tyranitar, F|90/100
|move|p1a: Azelf|U-turn|p2a: GET BACK HERE
|-supereffective|p2a: GET BACK HERE
|-damage|p2a: GET BACK HERE|51/100
|
|t:|1702004139
|switch|p1a: Breloom|Breloom, F|70/100|[from] U-turn
|
|-weather|Sandstorm|[upkeep]
|-damage|p1a: Breloom|64/100|[from] Sandstorm
|upkeep
|turn|15
|
|t:|1702004145
|move|p1a: Breloom|Superpower|p2a: GET BACK HERE
|-supereffective|p2a: GET BACK HERE
|-enditem|p2a: GET BACK HERE|Chople Berry|[eat]
|-enditem|p2a: GET BACK HERE|Chople Berry|[weaken]
|-damage|p2a: GET BACK HERE|0 fnt
|-unboost|p1a: Breloom|atk|1
|-unboost|p1a: Breloom|def|1
|faint|p2a: GET BACK HERE
|
|-weather|Sandstorm|[upkeep]
|-damage|p1a: Breloom|58/100|[from] Sandstorm
|upkeep
|c|☆sixsevn|get back here should be brelooms name
|-message|Yokao893 forfeited.
|
|win|sixsevn
|raw|sixsevn's rating: 1361 &rarr; <strong>1387</strong><br />(+26 for winning)
|raw|Yokao893's rating: 1460 &rarr; <strong>1434</strong><br />(-26 for losing)
|l|☆Yokao893
