|j|☆574rm4n
|j|‽baishii
|t:|1716562926
|gametype|singles
|player|p1|574rm4n|brock-gen2|1406
|player|p2|baishii|steven|1683
|teamsize|p1|6
|teamsize|p2|6
|gen|5
|tier|[Gen 5] OU
|rated|
|rule|Species Clause: Limit one of each Pokémon
|rule|OHKO Clause: OHKO moves are banned
|rule|Moody Clause: Moody is banned
|rule|Evasion Items Clause: Evasion items are banned
|rule|Evasion Moves Clause: Evasion moves are banned
|rule|Endless Battle Clause: Forcing endless battles is banned
|rule|HP Percentage Mod: HP is shown in percentages
|rule|Evasion Abilities Clause: Evasion abilities are banned
|rule|Sleep Moves Clause: Sleep-inducing moves are banned
|rule|Swagger Clause: Swagger is banned
|rule|Baton Pass Stat Clause: No Baton Passer may have a way to boost its stats
|clearpoke
|poke|p1|Tyranitar, F|item
|poke|p1|Gliscor, F|item
|poke|p1|Slowbro, M|item
|poke|p1|Amoonguss, M|item
|poke|p1|Terrakion|item
|poke|p1|Excadrill, M|item
|poke|p2|Magnezone|item
|poke|p2|Latios, M|item
|poke|p2|Garchomp, M|item
|poke|p2|Scizor, M|item
|poke|p2|Mamoswine, F|item
|poke|p2|Dragonite, M|item
|teampreview
|c|☆574rm4n|hf
|inactive|Battle timer is ON: inactive players will automatically lose when time's up. (requested by baishii)
|inactive|574rm4n has 120 seconds left.
|inactive|574rm4n has 90 seconds left.
|
|t:|1716563019
|start
|switch|p1a: Slowbro|Slowbro, M|100/100
|switch|p2a: Scizor|Scizor, M|100/100
|turn|1
|
|t:|1716563028
|switch|p1a: Gliscor|Gliscor, F|100/100
|move|p2a: Scizor|U-turn|p1a: Gliscor
|-resisted|p1a: Gliscor
|-damage|p1a: Gliscor|78/100
|
|t:|1716563031
|switch|p2a: Mamoswine|Mamoswine, F|100/100|[from] U-turn
|
|-status|p1a: Gliscor|tox|[from] item: Toxic Orb
|upkeep
|turn|2
|
|t:|1716563034
|switch|p1a: Amoonguss|Amoonguss, M|100/100
|move|p2a: Mamoswine|Stealth Rock|p1a: Amoonguss
|-sidestart|p1: 574rm4n|move: Stealth Rock
|
|upkeep
|turn|3
|
|t:|1716563053
|switch|p1a: Slowbro|Slowbro, M|100/100
|-damage|p1a: Slowbro|88/100|[from] Stealth Rock
|move|p2a: Mamoswine|Earthquake|p1a: Slowbro
|-damage|p1a: Slowbro|53/100
|
|-heal|p1a: Slowbro|59/100|[from] item: Leftovers
|upkeep
|turn|4
|
|t:|1716563062
|move|p2a: Mamoswine|Earthquake|p1a: Slowbro
|-damage|p1a: Slowbro|24/100
|move|p1a: Slowbro|Slack Off|p1a: Slowbro
|-heal|p1a: Slowbro|74/100
|
|-heal|p1a: Slowbro|80/100|[from] item: Leftovers
|upkeep
|turn|5
|
|t:|1716563077
|switch|p2a: Magnezone|Magnezone|100/100
|move|p1a: Slowbro|Slack Off|p1a: Slowbro
|-heal|p1a: Slowbro|100/100
|
|upkeep
|turn|6
|
|t:|1716563085
|switch|p1a: Gliscor|Gliscor, F|78/100 tox
|-damage|p1a: Gliscor|66/100 tox|[from] Stealth Rock
|move|p2a: Magnezone|Hidden Power|p1a: Gliscor
|-damage|p1a: Gliscor|44/100 tox
|
|-heal|p1a: Gliscor|57/100 tox|[from] ability: Poison Heal
|upkeep
|turn|7
|
|t:|1716563106
|switch|p2a: Dragonite|Dragonite, M|100/100
|move|p1a: Gliscor|Facade|p2a: Dragonite
|-damage|p2a: Dragonite|83/100
|
|-heal|p1a: Gliscor|69/100 tox|[from] ability: Poison Heal
|upkeep
|turn|8
|
|t:|1716563116
|switch|p1a: Slowbro|Slowbro, M|100/100
|-damage|p1a: Slowbro|88/100|[from] Stealth Rock
|move|p2a: Dragonite|Superpower|p1a: Slowbro
|-resisted|p1a: Slowbro
|-damage|p1a: Slowbro|73/100
|-unboost|p2a: Dragonite|atk|1
|-unboost|p2a: Dragonite|def|1
|-damage|p2a: Dragonite|74/100|[from] item: Life Orb
|
|-heal|p1a: Slowbro|79/100|[from] item: Leftovers
|upkeep
|turn|9
|
|t:|1716563141
|switch|p1a: Excadrill|Excadrill, M|100/100
|-damage|p1a: Excadrill|97/100|[from] Stealth Rock
|move|p2a: Dragonite|Draco Meteor|p1a: Excadrill
|-resisted|p1a: Excadrill
|-damage|p1a: Excadrill|43/100
|-unboost|p2a: Dragonite|spa|2
|-damage|p2a: Dragonite|64/100|[from] item: Life Orb
|
|-heal|p1a: Excadrill|49/100|[from] item: Leftovers
|upkeep
|turn|10
|
|t:|1716563152
|switch|p1a: Gliscor|Gliscor, F|69/100 tox
|-damage|p1a: Gliscor|57/100 tox|[from] Stealth Rock
|switch|p2a: Garchomp|Garchomp, M|100/100
|
|-heal|p1a: Gliscor|69/100 tox|[from] ability: Poison Heal
|upkeep
|turn|11
|
|t:|1716563160
|switch|p1a: Slowbro|Slowbro, M|100/100
|-damage|p1a: Slowbro|88/100|[from] Stealth Rock
|move|p2a: Garchomp|Swords Dance|p2a: Garchomp
|-boost|p2a: Garchomp|atk|2
|
|-heal|p1a: Slowbro|94/100|[from] item: Leftovers
|upkeep
|turn|12
|
|t:|1716563167
|move|p2a: Garchomp|Earthquake|p1a: Slowbro
|-damage|p1a: Slowbro|35/100
|move|p1a: Slowbro|Ice Beam|p2a: Garchomp
|-supereffective|p2a: Garchomp
|-damage|p2a: Garchomp|15/100
|
|-heal|p2a: Garchomp|21/100|[from] item: Leftovers
|-heal|p1a: Slowbro|41/100|[from] item: Leftovers
|upkeep
|turn|13
|
|t:|1716563187
|switch|p1a: Excadrill|Excadrill, M|49/100
|-damage|p1a: Excadrill|46/100|[from] Stealth Rock
|move|p2a: Garchomp|Swords Dance|p2a: Garchomp
|-boost|p2a: Garchomp|atk|2
|
|-heal|p2a: Garchomp|27/100|[from] item: Leftovers
|-heal|p1a: Excadrill|52/100|[from] item: Leftovers
|upkeep
|turn|14
|inactive|574rm4n has 120 seconds left.
|
|t:|1716563214
|move|p2a: Garchomp|Earthquake|p1a: Excadrill
|-supereffective|p1a: Excadrill
|-damage|p1a: Excadrill|0 fnt
|faint|p1a: Excadrill
|
|-heal|p2a: Garchomp|34/100|[from] item: Leftovers
|upkeep
|
|t:|1716563216
|switch|p1a: Terrakion|Terrakion|100/100
|-damage|p1a: Terrakion|94/100|[from] Stealth Rock
|turn|15
|inactive|baishii has 120 seconds left.
|inactive|baishii has 90 seconds left.
|j| hw ghost
|
|t:|1716563291
|switch|p2a: Latios|Latios, M, shiny|100/100
|move|p1a: Terrakion|Close Combat|p2a: Latios
|-resisted|p2a: Latios
|-damage|p2a: Latios|35/100
|-unboost|p1a: Terrakion|def|1
|-unboost|p1a: Terrakion|spd|1
|
|upkeep
|turn|16
|
|t:|1716563315
|switch|p1a: Tyranitar|Tyranitar, F|100/100
|-damage|p1a: Tyranitar|88/100|[from] Stealth Rock
|-weather|Sandstorm|[from] ability: Sand Stream|[of] p1a: Tyranitar
|move|p2a: Latios|Draco Meteor|p1a: Tyranitar
|-damage|p1a: Tyranitar|56/100
|-unboost|p2a: Latios|spa|2
|
|-weather|Sandstorm|[upkeep]
|-damage|p2a: Latios|29/100|[from] Sandstorm
|upkeep
|turn|17
|
|t:|1716563324
|move|p2a: Latios|Draco Meteor|p1a: Tyranitar
|-damage|p1a: Tyranitar|38/100
|-unboost|p2a: Latios|spa|2
|move|p1a: Tyranitar|Pursuit|p2a: Latios
|-supereffective|p2a: Latios
|-damage|p2a: Latios|0 fnt
|faint|p2a: Latios
|
|-weather|Sandstorm|[upkeep]
|upkeep
|inactive|baishii has 90 seconds left.
|
|t:|1716563350
|switch|p2a: Scizor|Scizor, M|100/100
|turn|18
|inactive|574rm4n has 120 seconds left.
|
|t:|1716563400
|move|p2a: Scizor|U-turn|p1a: Tyranitar
|-supereffective|p1a: Tyranitar
|-crit|p1a: Tyranitar
|-damage|p1a: Tyranitar|0 fnt
|faint|p1a: Tyranitar
|
|t:|1716563423
|switch|p2a: Magnezone|Magnezone|100/100|[from] U-turn
|
|-weather|Sandstorm|[upkeep]
|upkeep
|
|t:|1716563435
|switch|p1a: Gliscor|Gliscor, F|69/100 tox
|-damage|p1a: Gliscor|57/100 tox|[from] Stealth Rock
|turn|19
|
|t:|1716563449
|switch|p2a: Garchomp|Garchomp, M|34/100
|move|p1a: Gliscor|Protect||[still]
|-fail|p1a: Gliscor
|
|-weather|Sandstorm|[upkeep]
|-heal|p2a: Garchomp|40/100|[from] item: Leftovers
|-heal|p1a: Gliscor|69/100 tox|[from] ability: Poison Heal
|upkeep
|turn|20
|
|t:|1716563459
|move|p2a: Garchomp|Substitute|p2a: Garchomp
|-start|p2a: Garchomp|Substitute
|-damage|p2a: Garchomp|15/100
|move|p1a: Gliscor|Earthquake|p2a: Garchomp
|-end|p2a: Garchomp|Substitute
|
|-weather|Sandstorm|[upkeep]
|-heal|p2a: Garchomp|21/100|[from] item: Leftovers
|-heal|p1a: Gliscor|82/100 tox|[from] ability: Poison Heal
|upkeep
|turn|21
|
|t:|1716563464
|move|p2a: Garchomp|Swords Dance|p2a: Garchomp
|-boost|p2a: Garchomp|atk|2
|move|p1a: Gliscor|Earthquake|p2a: Garchomp
|-damage|p2a: Garchomp|0 fnt
|faint|p2a: Garchomp
|
|-weather|Sandstorm|[upkeep]
|-heal|p1a: Gliscor|94/100 tox|[from] ability: Poison Heal
|upkeep
|
|t:|1716563466
|switch|p2a: Mamoswine|Mamoswine, F|100/100
|turn|22
|
|t:|1716563479
|switch|p1a: Amoonguss|Amoonguss, M|100/100
|-damage|p1a: Amoonguss|88/100|[from] Stealth Rock
|move|p2a: Mamoswine|Earthquake|p1a: Amoonguss
|-damage|p1a: Amoonguss|47/100
|
|-weather|Sandstorm|[upkeep]
|-damage|p1a: Amoonguss|41/100|[from] Sandstorm
|-heal|p1a: Amoonguss|47/100|[from] item: Black Sludge
|upkeep
|turn|23
|
|t:|1716563487
|move|p2a: Mamoswine|Earthquake|p1a: Amoonguss
|-damage|p1a: Amoonguss|3/100
|move|p1a: Amoonguss|Giga Drain|p2a: Mamoswine
|-supereffective|p2a: Mamoswine
|-damage|p2a: Mamoswine|42/100
|-heal|p1a: Amoonguss|28/100|[from] drain|[of] p2a: Mamoswine
|
|-weather|Sandstorm|[upkeep]
|-damage|p1a: Amoonguss|21/100|[from] Sandstorm
|-heal|p1a: Amoonguss|28/100|[from] item: Black Sludge
|upkeep
|turn|24
|
|t:|1716563499
|switch|p1a: Slowbro|Slowbro, M|75/100
|-damage|p1a: Slowbro|62/100|[from] Stealth Rock
|move|p2a: Mamoswine|Earthquake|p1a: Slowbro
|-damage|p1a: Slowbro|31/100
|
|-weather|Sandstorm|[upkeep]
|-damage|p1a: Slowbro|24/100|[from] Sandstorm
|-heal|p1a: Slowbro|31/100|[from] item: Leftovers
|upkeep
|turn|25
|
|t:|1716563513
|switch|p1a: Amoonguss|Amoonguss, M|61/100
|-damage|p1a: Amoonguss|48/100|[from] Stealth Rock
|move|p2a: Mamoswine|Ice Shard|p1a: Amoonguss
|-supereffective|p1a: Amoonguss
|-damage|p1a: Amoonguss|15/100
|
|-weather|Sandstorm|[upkeep]
|-damage|p1a: Amoonguss|8/100|[from] Sandstorm
|-heal|p1a: Amoonguss|15/100|[from] item: Black Sludge
|upkeep
|turn|26
|
|t:|1716563532
|move|p2a: Mamoswine|Earthquake|p1a: Amoonguss
|-damage|p1a: Amoonguss|0 fnt
|faint|p1a: Amoonguss
|
|-weather|Sandstorm|[upkeep]
|upkeep
|
|t:|1716563538
|switch|p1a: Terrakion|Terrakion|94/100
|-damage|p1a: Terrakion|88/100|[from] Stealth Rock
|turn|27
|inactive|baishii has 120 seconds left.
|inactive|baishii has 90 seconds left.
|
|t:|1716563601
|switch|p2a: Dragonite|Dragonite, M|64/100
|move|p1a: Terrakion|Close Combat|p2a: Dragonite
|-resisted|p2a: Dragonite
|-damage|p2a: Dragonite|14/100
|-unboost|p1a: Terrakion|def|1
|-unboost|p1a: Terrakion|spd|1
|
|-weather|Sandstorm|[upkeep]
|-damage|p2a: Dragonite|8/100|[from] Sandstorm
|upkeep
|turn|28
|
|t:|1716563608
|move|p2a: Dragonite|Extreme Speed|p1a: Terrakion
|-resisted|p1a: Terrakion
|-damage|p1a: Terrakion|55/100
|-damage|p2a: Dragonite|0 fnt|[from] item: Life Orb
|faint|p2a: Dragonite
|move|p1a: Terrakion|Close Combat|p2: Dragonite|[notarget]
|-fail|p1a: Terrakion
|
|-weather|Sandstorm|[upkeep]
|upkeep
|inactive|baishii has 90 seconds left.
|
|t:|1716563633
|switch|p2a: Scizor|Scizor, M|100/100
|turn|29
|
|t:|1716563652
|switch|p1a: Gliscor|Gliscor, F|94/100 tox
|-damage|p1a: Gliscor|82/100 tox|[from] Stealth Rock
|move|p2a: Scizor|Bullet Punch|p1a: Gliscor
|-damage|p1a: Gliscor|43/100 tox
|
|-weather|Sandstorm|[upkeep]
|-heal|p1a: Gliscor|56/100 tox|[from] ability: Poison Heal
|upkeep
|turn|30
|
|t:|1716563661
|move|p1a: Gliscor|Protect|p1a: Gliscor
|-singleturn|p1a: Gliscor|Protect
|move|p2a: Scizor|Bullet Punch|p1a: Gliscor
|-activate|p1a: Gliscor|move: Protect
|
|-weather|Sandstorm|[upkeep]
|-heal|p1a: Gliscor|68/100 tox|[from] ability: Poison Heal
|upkeep
|turn|31
|
|t:|1716563686
|switch|p1a: Slowbro|Slowbro, M|64/100
|-damage|p1a: Slowbro|51/100|[from] Stealth Rock
|switch|p2a: Magnezone|Magnezone|100/100
|
|-weather|Sandstorm|[upkeep]
|-damage|p1a: Slowbro|45/100|[from] Sandstorm
|-heal|p1a: Slowbro|51/100|[from] item: Leftovers
|upkeep
|turn|32
|inactive|574rm4n has 120 seconds left.
|inactive|baishii has 90 seconds left.
|
|t:|1716563738
|switch|p1a: Gliscor|Gliscor, F|68/100 tox
|-damage|p1a: Gliscor|56/100 tox|[from] Stealth Rock
|move|p2a: Magnezone|Flash Cannon|p1a: Gliscor
|-damage|p1a: Gliscor|18/100 tox
|
|-weather|Sandstorm|[upkeep]
|-heal|p1a: Gliscor|31/100 tox|[from] ability: Poison Heal
|upkeep
|turn|33
|
|t:|1716563744
|move|p1a: Gliscor|Protect|p1a: Gliscor
|-singleturn|p1a: Gliscor|Protect
|move|p2a: Magnezone|Flash Cannon|p1a: Gliscor
|-activate|p1a: Gliscor|move: Protect
|
|-weather|Sandstorm|[upkeep]
|-heal|p1a: Gliscor|43/100 tox|[from] ability: Poison Heal
|upkeep
|turn|34
|inactive|baishii has 60 seconds left.
|
|t:|1716563774
|switch|p1a: Slowbro|Slowbro, M|85/100
|-damage|p1a: Slowbro|72/100|[from] Stealth Rock
|move|p2a: Magnezone|Flash Cannon|p1a: Slowbro
|-resisted|p1a: Slowbro
|-damage|p1a: Slowbro|51/100
|
|-weather|Sandstorm|[upkeep]
|-damage|p1a: Slowbro|45/100|[from] Sandstorm
|-heal|p1a: Slowbro|51/100|[from] item: Leftovers
|upkeep
|turn|35
|inactive|baishii has 60 seconds left.
|
|t:|1716563793
|switch|p2a: Mamoswine|Mamoswine, F|42/100
|switch|p1a: Gliscor|Gliscor, F|43/100 tox
|-damage|p1a: Gliscor|31/100 tox|[from] Stealth Rock
|
|-weather|Sandstorm|[upkeep]
|-heal|p1a: Gliscor|43/100 tox|[from] ability: Poison Heal
|upkeep
|turn|36
|inactive|baishii has 60 seconds left.
|
|t:|1716563805
|move|p1a: Gliscor|Protect|p1a: Gliscor
|-singleturn|p1a: Gliscor|Protect
|move|p2a: Mamoswine|Ice Shard|p1a: Gliscor
|-activate|p1a: Gliscor|move: Protect
|
|-weather|Sandstorm|[upkeep]
|-heal|p1a: Gliscor|56/100 tox|[from] ability: Poison Heal
|upkeep
|turn|37
|
|t:|1716563812
|switch|p1a: Slowbro|Slowbro, M|84/100
|-damage|p1a: Slowbro|71/100|[from] Stealth Rock
|move|p2a: Mamoswine|Earthquake|p1a: Slowbro
|-damage|p1a: Slowbro|41/100
|
|-weather|Sandstorm|[upkeep]
|-damage|p1a: Slowbro|35/100|[from] Sandstorm
|-heal|p1a: Slowbro|41/100|[from] item: Leftovers
|upkeep
|turn|38
|inactive|574rm4n has 120 seconds left.
|
|t:|1716563818
|move|p2a: Mamoswine|Earthquake|p1a: Slowbro
|-crit|p1a: Slowbro
|-damage|p1a: Slowbro|0 fnt
|faint|p1a: Slowbro
|
|-weather|Sandstorm|[upkeep]
|upkeep
|c|☆574rm4n|nooo
|inactive|574rm4n has 120 seconds left.
|
|t:|1716563825
|switch|p1a: Terrakion|Terrakion|55/100
|-damage|p1a: Terrakion|49/100|[from] Stealth Rock
|turn|39
|inactive|baishii has 90 seconds left.
|
|t:|1716563844
|switch|p2a: Scizor|Scizor, M|100/100
|move|p1a: Terrakion|Close Combat|p2a: Scizor
|-damage|p2a: Scizor|6/100
|-unboost|p1a: Terrakion|def|1
|-unboost|p1a: Terrakion|spd|1
|
|-weather|Sandstorm|[upkeep]
|upkeep
|turn|40
|c|☆574rm4n|with some luck gliscor won the game righ there if no crit
|inactive|574rm4n has 120 seconds left.
|
|t:|1716563870
|switch|p1a: Gliscor|Gliscor, F|56/100 tox
|-damage|p1a: Gliscor|43/100 tox|[from] Stealth Rock
|move|p2a: Scizor|Bullet Punch|p1a: Gliscor
|-crit|p1a: Gliscor
|-damage|p1a: Gliscor|0 fnt
|faint|p1a: Gliscor
|
|-weather|Sandstorm|[upkeep]
|upkeep
|c|☆574rm4n|ggs
|-message|574rm4n forfeited.
|
|win|baishii
|raw|574rm4n's rating: 1406 &rarr; <strong>1399</strong><br />(-7 for losing)
|raw|baishii's rating: 1683 &rarr; <strong>1690</strong><br />(+7 for winning)
|l|‽baishii
|player|p2|
|l| hw ghost
