|j|☆Salutethewolf
|j|☆Yaozu
|t:|1746733520
|gametype|singles
|player|p1|Salutethewolf|hugh|1397
|player|p2|Yaozu|greta|1332
|teamsize|p1|6
|teamsize|p2|6
|gen|5
|tier|[Gen 5] OU
|rated|
|rule|Species Clause: Limit one of each Pokémon
|rule|OHKO Clause: OHKO moves are banned
|rule|Moody Clause: Moody is banned
|rule|Evasion Items Clause: Evasion items are banned
|rule|Evasion Moves Clause: Evasion moves are banned
|rule|Endless Battle Clause: Forcing endless battles is banned
|rule|HP Percentage Mod: HP is shown in percentages
|rule|Evasion Abilities Clause: Evasion abilities are banned
|rule|Sleep Moves Clause: Sleep-inducing moves are banned
|rule|Swagger Clause: Swagger is banned
|rule|Baton Pass Stat Clause: No Baton Passer may have a way to boost its stats
|clearpoke
|poke|p1|Bronzong|item
|poke|p1|Crawdaunt, M|item
|poke|p1|Reuniclus, F|item
|poke|p1|Conkeldurr, M|item
|poke|p1|Gengar, M|item
|poke|p1|Nidoqueen, F|item
|poke|p2|Terrakion|item
|poke|p2|Keldeo|item
|poke|p2|Tyranitar, M|item
|poke|p2|Landorus-Therian, M|item
|poke|p2|Jellicent, M|item
|poke|p2|Latios, M|item
|teampreview
|inactive|Battle timer is ON: inactive players will automatically lose when time's up. (requested by Salutethewolf)
|
|t:|1746733540
|start
|switch|p1a: Bronzong|Bronzong, shiny|100/100
|switch|p2a: Keldeo|Keldeo|100/100
|turn|1
|
|t:|1746733547
|move|p2a: Keldeo|Hydro Pump|p1a: Bronzong|[miss]
|-miss|p2a: Keldeo|p1a: Bronzong
|move|p1a: Bronzong|Trick Room|p1a: Bronzong
|-fieldstart|move: Trick Room|[of] p1a: Bronzong
|
|upkeep
|turn|2
|
|t:|1746733552
|switch|p2a: Jellicent|Jellicent, M, shiny|100/100
|move|p1a: Bronzong|Stealth Rock|p2a: Jellicent
|-sidestart|p2: Yaozu|move: Stealth Rock
|
|upkeep
|turn|3
|
|t:|1746733559
|switch|p1a: Nidoqueen|Nidoqueen, F, shiny|100/100
|move|p2a: Jellicent|Scald|p1a: Nidoqueen
|-supereffective|p1a: Nidoqueen
|-damage|p1a: Nidoqueen|47/100
|
|upkeep
|turn|4
|
|t:|1746733571
|move|p1a: Nidoqueen|Sludge Wave|p2a: Jellicent
|-resisted|p2a: Jellicent
|-damage|p2a: Jellicent|73/100
|move|p2a: Jellicent|Scald|p1a: Nidoqueen
|-supereffective|p1a: Nidoqueen
|-damage|p1a: Nidoqueen|0 fnt
|faint|p1a: Nidoqueen
|
|-heal|p2a: Jellicent|80/100|[from] item: Leftovers
|upkeep
|
|t:|1746733584
|switch|p1a: Crawdaunt|Crawdaunt, M, shiny|100/100
|turn|5
|
|t:|1746733601
|switch|p2a: Keldeo|Keldeo|100/100
|-damage|p2a: Keldeo|94/100|[from] Stealth Rock
|move|p1a: Crawdaunt|Crunch|p2a: Keldeo
|-resisted|p2a: Keldeo
|-damage|p2a: Keldeo|52/100
|-ability|p2a: Keldeo|Justified|boost
|-boost|p2a: Keldeo|atk|1
|-damage|p1a: Crawdaunt|90/100|[from] item: Life Orb
|
|-fieldend|move: Trick Room
|upkeep
|turn|6
|
|t:|1746733615
|move|p2a: Keldeo|Hydro Pump|p1a: Crawdaunt
|-resisted|p1a: Crawdaunt
|-damage|p1a: Crawdaunt|19/100
|move|p1a: Crawdaunt|Crabhammer|p2a: Keldeo
|-resisted|p2a: Keldeo
|-damage|p2a: Keldeo|5/100
|-damage|p1a: Crawdaunt|9/100|[from] item: Life Orb
|
|upkeep
|turn|7
|
|t:|1746733624
|switch|p2a: Jellicent|Jellicent, M, shiny|80/100
|-damage|p2a: Jellicent|67/100|[from] Stealth Rock
|move|p1a: Crawdaunt|Crabhammer|p2a: Jellicent
|-heal|p2a: Jellicent|92/100|[from] ability: Water Absorb|[of] p1a: Crawdaunt
|
|-heal|p2a: Jellicent|98/100|[from] item: Leftovers
|upkeep
|turn|8
|
|t:|1746733634
|move|p2a: Jellicent|Scald|p1a: Crawdaunt
|-resisted|p1a: Crawdaunt
|-damage|p1a: Crawdaunt|0 fnt
|faint|p1a: Crawdaunt
|
|-heal|p2a: Jellicent|100/100|[from] item: Leftovers
|upkeep
|
|t:|1746733642
|switch|p1a: Gengar|Gengar, M|100/100
|turn|9
|
|t:|1746733655
|switch|p1a: Bronzong|Bronzong, shiny|100/100
|switch|p2a: Keldeo|Keldeo|5/100
|-damage|p2a: Keldeo|0 fnt|[from] Stealth Rock
|faint|p2a: Keldeo
|
|upkeep
|
|t:|1746733669
|switch|p2a: Latios|Latios, M|100/100
|-damage|p2a: Latios|88/100|[from] Stealth Rock
|turn|10
|
|t:|1746733674
|move|p2a: Latios|Trick|p1a: Bronzong
|-activate|p2a: Latios|move: Trick|[of] p1a: Bronzong
|-item|p1a: Bronzong|Choice Scarf|[from] move: Trick
|-item|p2a: Latios|Occa Berry|[from] move: Trick
|move|p1a: Bronzong|Trick Room|p1a: Bronzong
|-fieldstart|move: Trick Room|[of] p1a: Bronzong
|
|upkeep
|turn|11
|
|t:|1746733684
|move|p2a: Latios|Draco Meteor|p1a: Bronzong
|-resisted|p1a: Bronzong
|-damage|p1a: Bronzong|68/100
|-unboost|p2a: Latios|spa|2
|move|p1a: Bronzong|Trick Room|p1a: Bronzong
|-fieldend|move: Trick Room
|
|upkeep
|turn|12
|
|t:|1746733691
|switch|p2a: Terrakion|Terrakion|100/100
|-damage|p2a: Terrakion|94/100|[from] Stealth Rock
|move|p1a: Bronzong|Trick Room|p1a: Bronzong
|-fieldstart|move: Trick Room|[of] p1a: Bronzong
|
|upkeep
|turn|13
|
|t:|1746733707
|switch|p1a: Reuniclus|Reuniclus, F, shiny|100/100
|move|p2a: Terrakion|Stone Edge|p1a: Reuniclus
|-damage|p1a: Reuniclus|32/100
|-damage|p2a: Terrakion|84/100|[from] item: Life Orb
|
|upkeep
|turn|14
|
|t:|1746733717
|switch|p2a: Tyranitar|Tyranitar, M|100/100
|-damage|p2a: Tyranitar|88/100|[from] Stealth Rock
|-weather|Sandstorm|[from] ability: Sand Stream|[of] p2a: Tyranitar
|move|p1a: Reuniclus|Focus Blast|p2a: Tyranitar
|-supereffective|p2a: Tyranitar
|-damage|p2a: Tyranitar|0 fnt
|faint|p2a: Tyranitar
|
|-weather|Sandstorm|[upkeep]
|upkeep
|
|t:|1746733731
|switch|p2a: Latios|Latios, M|88/100
|-damage|p2a: Latios|76/100|[from] Stealth Rock
|turn|15
|
|t:|1746733736
|move|p1a: Reuniclus|Shadow Ball|p2a: Latios
|-supereffective|p2a: Latios
|-damage|p2a: Latios|0 fnt
|faint|p2a: Latios
|
|-weather|Sandstorm|[upkeep]
|upkeep
|
|t:|1746733741
|switch|p2a: Jellicent|Jellicent, M, shiny|100/100
|-damage|p2a: Jellicent|88/100|[from] Stealth Rock
|turn|16
|
|t:|1746733748
|move|p1a: Reuniclus|Shadow Ball|p2a: Jellicent
|-supereffective|p2a: Jellicent
|-damage|p2a: Jellicent|21/100
|move|p2a: Jellicent|Recover|p2a: Jellicent
|-heal|p2a: Jellicent|71/100
|
|-weather|Sandstorm|[upkeep]
|-damage|p2a: Jellicent|65/100|[from] Sandstorm
|-heal|p2a: Jellicent|71/100|[from] item: Leftovers
|-fieldend|move: Trick Room
|upkeep
|turn|17
|
|t:|1746733759
|move|p2a: Jellicent|Scald|p1a: Reuniclus
|-damage|p1a: Reuniclus|11/100
|move|p1a: Reuniclus|Shadow Ball|p2a: Jellicent
|-supereffective|p2a: Jellicent
|-damage|p2a: Jellicent|3/100
|
|-weather|Sandstorm|[upkeep]
|-damage|p2a: Jellicent|0 fnt|[from] Sandstorm
|faint|p2a: Jellicent
|upkeep
|
|t:|1746733763
|switch|p2a: Terrakion|Terrakion|84/100
|-damage|p2a: Terrakion|78/100|[from] Stealth Rock
|turn|18
|
|t:|1746733775
|move|p2a: Terrakion|Earthquake|p1a: Reuniclus
|-crit|p1a: Reuniclus
|-damage|p1a: Reuniclus|0 fnt
|faint|p1a: Reuniclus
|-damage|p2a: Terrakion|68/100|[from] item: Life Orb
|
|-weather|Sandstorm|[upkeep]
|upkeep
|
|t:|1746733784
|switch|p1a: Bronzong|Bronzong, shiny|68/100
|turn|19
|
|t:|1746733791
|move|p2a: Terrakion|Close Combat|p1a: Bronzong
|-damage|p1a: Bronzong|18/100
|-unboost|p2a: Terrakion|def|1
|-unboost|p2a: Terrakion|spd|1
|-damage|p2a: Terrakion|58/100|[from] item: Life Orb
|move|p1a: Bronzong|Explosion|p2a: Terrakion
|-resisted|p2a: Terrakion
|-damage|p2a: Terrakion|12/100
|faint|p1a: Bronzong
|
|-weather|Sandstorm|[upkeep]
|upkeep
|
|t:|1746733807
|switch|p1a: Gengar|Gengar, M|100/100
|turn|20
|
|t:|1746733812
|move|p1a: Gengar|Shadow Ball|p2a: Terrakion
|-damage|p2a: Terrakion|0 fnt
|faint|p2a: Terrakion
|
|-weather|Sandstorm|[upkeep]
|-damage|p1a: Gengar|94/100|[from] Sandstorm
|upkeep
|
|t:|1746733814
|switch|p2a: Landorus|Landorus-Therian, M|100/100
|-damage|p2a: Landorus|88/100|[from] Stealth Rock
|-ability|p2a: Landorus|Intimidate|boost
|-unboost|p1a: Gengar|atk|1
|turn|21
|
|t:|1746733824
|move|p1a: Gengar|Shadow Ball|p2a: Landorus
|-damage|p2a: Landorus|34/100
|move|p2a: Landorus|Hidden Power|p1a: Gengar
|-damage|p1a: Gengar|65/100
|
|-weather|Sandstorm|[upkeep]
|-damage|p1a: Gengar|59/100|[from] Sandstorm
|-heal|p2a: Landorus|40/100|[from] item: Leftovers
|upkeep
|turn|22
|-message|Yaozu forfeited.
|
|win|Salutethewolf
|raw|Salutethewolf's rating: 1397 &rarr; <strong>1413</strong><br />(+16 for winning)
|raw|Yaozu's rating: 1332 &rarr; <strong>1316</strong><br />(-16 for losing)
|l|☆Yaozu
|player|p2|
