|j|☆Benjamin L
|j|☆supersneed saga
|t:|1705099592
|gametype|singles
|player|p1|Benjamin L|burglar-gen1rb|1348
|player|p2|supersneed saga|wallace|1335
|teamsize|p1|6
|teamsize|p2|6
|gen|5
|tier|[Gen 5] OU
|rated|
|rule|Species Clause: Limit one of each Pokémon
|rule|OHKO Clause: OHKO moves are banned
|rule|Moody Clause: Moody is banned
|rule|Evasion Items Clause: Evasion items are banned
|rule|Evasion Moves Clause: Evasion moves are banned
|rule|Endless Battle Clause: Forcing endless battles is banned
|rule|HP Percentage Mod: HP is shown in percentages
|rule|Evasion Abilities Clause: Evasion abilities are banned
|rule|Sleep Moves Clause: Sleep-inducing moves are banned
|rule|Swagger Clause: Swagger is banned
|rule|Baton Pass Stat Clause: No Baton Passer may have a way to boost its stats
|clearpoke
|poke|p1|Tyranitar, M|item
|poke|p1|Gliscor, M|item
|poke|p1|Excadrill, M|item
|poke|p1|Milotic, F|item
|poke|p1|Celebi|item
|poke|p1|Magnezone|item
|poke|p2|Tyranitar, M|item
|poke|p2|Excadrill, M|item
|poke|p2|Alakazam, M|item
|poke|p2|Reuniclus, M|item
|poke|p2|Gastrodon-East, M|item
|poke|p2|Ferrothorn, M|item
|teampreview
|inactive|Battle timer is ON: inactive players will automatically lose when time's up. (requested by supersneed saga)
|
|t:|1705099620
|start
|switch|p1a: Celebi|Celebi|100/100
|switch|p2a: Gastrodon|Gastrodon-East, M|100/100
|turn|1
|
|t:|1705099631
|switch|p2a: Reuniclus|Reuniclus, M|100/100
|move|p1a: Celebi|Stealth Rock|p2a: Reuniclus
|-sidestart|p2: supersneed saga|move: Stealth Rock
|
|upkeep
|turn|2
|
|t:|1705099635
|move|p1a: Celebi|U-turn|p2a: Reuniclus
|-supereffective|p2a: Reuniclus
|-damage|p2a: Reuniclus|80/100
|
|t:|1705099639
|switch|p1a: Tyranitar|Tyranitar, M|100/100|[from] U-turn
|-weather|Sandstorm|[from] ability: Sand Stream|[of] p1a: Tyranitar
|move|p2a: Reuniclus|Calm Mind|p2a: Reuniclus
|-boost|p2a: Reuniclus|spa|1
|-boost|p2a: Reuniclus|spd|1
|
|-weather|Sandstorm|[upkeep]
|-heal|p2a: Reuniclus|86/100|[from] item: Leftovers
|upkeep
|turn|3
|
|t:|1705099643
|move|p1a: Tyranitar|Crunch|p2a: Reuniclus
|-supereffective|p2a: Reuniclus
|-damage|p2a: Reuniclus|28/100
|-unboost|p2a: Reuniclus|def|1
|move|p2a: Reuniclus|Focus Blast|p1a: Tyranitar
|-supereffective|p1a: Tyranitar
|-damage|p1a: Tyranitar|0 fnt
|faint|p1a: Tyranitar
|
|-weather|Sandstorm|[upkeep]
|-heal|p2a: Reuniclus|34/100|[from] item: Leftovers
|upkeep
|
|t:|1705099654
|switch|p1a: Excadrill|Excadrill, M|100/100
|turn|4
|
|t:|1705099661
|switch|p2a: Ferrothorn|Ferrothorn, M|100/100
|-damage|p2a: Ferrothorn|94/100|[from] Stealth Rock
|move|p1a: Excadrill|Earthquake|p2a: Ferrothorn
|-damage|p2a: Ferrothorn|43/100
|
|-weather|Sandstorm|[upkeep]
|-heal|p2a: Ferrothorn|49/100|[from] item: Leftovers
|upkeep
|turn|5
|
|t:|1705099670
|switch|p1a: Magnezone|Magnezone|100/100
|move|p2a: Ferrothorn|Power Whip|p1a: Magnezone
|-resisted|p1a: Magnezone
|-damage|p1a: Magnezone|80/100
|
|-weather|Sandstorm|[upkeep]
|-heal|p2a: Ferrothorn|55/100|[from] item: Leftovers
|upkeep
|turn|6
|
|t:|1705099682
|move|p1a: Magnezone|Substitute|p1a: Magnezone
|-start|p1a: Magnezone|Substitute
|-damage|p1a: Magnezone|55/100
|move|p2a: Ferrothorn|Leech Seed||[still]
|-fail|p2a: Ferrothorn
|
|-weather|Sandstorm|[upkeep]
|-heal|p2a: Ferrothorn|62/100|[from] item: Leftovers
|upkeep
|turn|7
|
|t:|1705099686
|move|p1a: Magnezone|Charge Beam|p2a: Ferrothorn
|-resisted|p2a: Ferrothorn
|-damage|p2a: Ferrothorn|54/100
|-boost|p1a: Magnezone|spa|1
|move|p2a: Ferrothorn|Stealth Rock|p1a: Magnezone
|-sidestart|p1: Benjamin L|move: Stealth Rock
|
|-weather|Sandstorm|[upkeep]
|-heal|p2a: Ferrothorn|60/100|[from] item: Leftovers
|upkeep
|turn|8
|
|t:|1705099692
|move|p1a: Magnezone|Charge Beam|p2a: Ferrothorn
|-resisted|p2a: Ferrothorn
|-damage|p2a: Ferrothorn|46/100
|-boost|p1a: Magnezone|spa|1
|move|p2a: Ferrothorn|Spikes|p1a: Magnezone
|-sidestart|p1: Benjamin L|Spikes
|
|-weather|Sandstorm|[upkeep]
|-heal|p2a: Ferrothorn|52/100|[from] item: Leftovers
|upkeep
|turn|9
|
|t:|1705099697
|move|p1a: Magnezone|Charge Beam|p2a: Ferrothorn
|-resisted|p2a: Ferrothorn
|-damage|p2a: Ferrothorn|36/100
|-boost|p1a: Magnezone|spa|1
|move|p2a: Ferrothorn|Power Whip|p1a: Magnezone
|-resisted|p1a: Magnezone
|-activate|p1a: Magnezone|Substitute|[damage]
|
|-weather|Sandstorm|[upkeep]
|-heal|p2a: Ferrothorn|43/100|[from] item: Leftovers
|upkeep
|turn|10
|
|t:|1705099714
|move|p1a: Magnezone|Charge Beam|p2a: Ferrothorn
|-resisted|p2a: Ferrothorn
|-damage|p2a: Ferrothorn|23/100
|move|p2a: Ferrothorn|Spikes|p1a: Magnezone
|-sidestart|p1: Benjamin L|Spikes
|
|-weather|Sandstorm|[upkeep]
|-heal|p2a: Ferrothorn|29/100|[from] item: Leftovers
|upkeep
|turn|11
|
|t:|1705099723
|move|p1a: Magnezone|Charge Beam|p2a: Ferrothorn
|-resisted|p2a: Ferrothorn
|-damage|p2a: Ferrothorn|10/100
|-boost|p1a: Magnezone|spa|1
|move|p2a: Ferrothorn|Spikes|p1a: Magnezone
|-sidestart|p1: Benjamin L|Spikes
|
|-weather|Sandstorm|[upkeep]
|-heal|p2a: Ferrothorn|16/100|[from] item: Leftovers
|upkeep
|turn|12
|
|t:|1705099734
|move|p1a: Magnezone|Substitute|p1a: Magnezone
|-fail|p1a: Magnezone|move: Substitute
|move|p2a: Ferrothorn|Power Whip|p1a: Magnezone|[miss]
|-miss|p2a: Ferrothorn|p1a: Magnezone
|
|-weather|Sandstorm|[upkeep]
|-heal|p2a: Ferrothorn|22/100|[from] item: Leftovers
|upkeep
|turn|13
|
|t:|1705099737
|move|p1a: Magnezone|Substitute|p1a: Magnezone
|-fail|p1a: Magnezone|move: Substitute
|move|p2a: Ferrothorn|Power Whip|p1a: Magnezone
|-resisted|p1a: Magnezone
|-end|p1a: Magnezone|Substitute
|
|-weather|Sandstorm|[upkeep]
|-heal|p2a: Ferrothorn|28/100|[from] item: Leftovers
|upkeep
|turn|14
|
|t:|1705099740
|move|p1a: Magnezone|Substitute|p1a: Magnezone
|-start|p1a: Magnezone|Substitute
|-damage|p1a: Magnezone|30/100
|move|p2a: Ferrothorn|Power Whip|p1a: Magnezone
|-resisted|p1a: Magnezone
|-activate|p1a: Magnezone|Substitute|[damage]
|
|-weather|Sandstorm|[upkeep]
|-heal|p2a: Ferrothorn|35/100|[from] item: Leftovers
|upkeep
|turn|15
|
|t:|1705099743
|move|p1a: Magnezone|Substitute|p1a: Magnezone
|-fail|p1a: Magnezone|move: Substitute
|move|p2a: Ferrothorn|Power Whip|p1a: Magnezone
|-resisted|p1a: Magnezone
|-end|p1a: Magnezone|Substitute
|
|-weather|Sandstorm|[upkeep]
|-heal|p2a: Ferrothorn|41/100|[from] item: Leftovers
|upkeep
|turn|16
|
|t:|1705099746
|move|p1a: Magnezone|Substitute|p1a: Magnezone
|-start|p1a: Magnezone|Substitute
|-damage|p1a: Magnezone|5/100
|-enditem|p1a: Magnezone|Salac Berry|[eat]
|-boost|p1a: Magnezone|spe|1|[from] item: Salac Berry
|move|p2a: Ferrothorn|Power Whip|p1a: Magnezone
|-resisted|p1a: Magnezone
|-activate|p1a: Magnezone|Substitute|[damage]
|
|-weather|Sandstorm|[upkeep]
|-heal|p2a: Ferrothorn|47/100|[from] item: Leftovers
|upkeep
|turn|17
|
|t:|1705099750
|move|p1a: Magnezone|Hidden Power|p2a: Ferrothorn
|-supereffective|p2a: Ferrothorn
|-damage|p2a: Ferrothorn|0 fnt
|faint|p2a: Ferrothorn
|
|-weather|Sandstorm|[upkeep]
|upkeep
|
|t:|1705099758
|switch|p2a: Tyranitar|Tyranitar, M|100/100
|-damage|p2a: Tyranitar|88/100|[from] Stealth Rock
|turn|18
|inactive|Benjamin L has 120 seconds left.
|
|t:|1705099809
|move|p1a: Magnezone|Flash Cannon|p2a: Tyranitar
|-supereffective|p2a: Tyranitar
|-damage|p2a: Tyranitar|0 fnt
|faint|p2a: Tyranitar
|
|-weather|Sandstorm|[upkeep]
|upkeep
|
|t:|1705099823
|switch|p2a: Alakazam|Alakazam, M|100/100
|turn|19
|
|t:|1705099836
|move|p2a: Alakazam|Psychic|p1a: Magnezone
|-resisted|p1a: Magnezone
|-end|p1a: Magnezone|Substitute
|move|p1a: Magnezone|Flash Cannon|p2a: Alakazam
|-enditem|p2a: Alakazam|Focus Sash
|-damage|p2a: Alakazam|1/100
|
|-weather|Sandstorm|[upkeep]
|upkeep
|turn|20
|inactive|Benjamin L has 120 seconds left.
|inactive|Benjamin L has 90 seconds left.
|
|t:|1705099893
|move|p2a: Alakazam|Psychic|p1a: Magnezone
|-resisted|p1a: Magnezone
|-damage|p1a: Magnezone|0 fnt
|faint|p1a: Magnezone
|
|-weather|Sandstorm|[upkeep]
|upkeep
|
|t:|1705099904
|switch|p1a: Milotic|Milotic, F|100/100
|-damage|p1a: Milotic|88/100|[from] Stealth Rock
|-damage|p1a: Milotic|63/100|[from] Spikes
|turn|21
|
|t:|1705099918
|switch|p2a: Gastrodon|Gastrodon-East, M|100/100
|-damage|p2a: Gastrodon|94/100|[from] Stealth Rock
|move|p1a: Milotic|Scald|p2a: Gastrodon
|-ability|p2a: Gastrodon|Storm Drain|boost
|-boost|p2a: Gastrodon|spa|1
|
|-weather|Sandstorm|[upkeep]
|-damage|p1a: Milotic|57/100|[from] Sandstorm
|-heal|p1a: Milotic|63/100|[from] item: Leftovers
|-heal|p2a: Gastrodon|100/100|[from] item: Leftovers
|upkeep
|turn|22
|
|t:|1705099922
|move|p1a: Milotic|Toxic|p2a: Gastrodon|[miss]
|-miss|p1a: Milotic|p2a: Gastrodon
|move|p2a: Gastrodon|Toxic|p1a: Milotic
|-status|p1a: Milotic|tox
|
|-weather|Sandstorm|[upkeep]
|-damage|p1a: Milotic|57/100 tox|[from] Sandstorm
|-heal|p1a: Milotic|63/100 tox|[from] item: Leftovers
|-damage|p1a: Milotic|57/100 tox|[from] psn
|upkeep
|turn|23
|
|t:|1705099929
|switch|p2a: Reuniclus|Reuniclus, M|34/100
|move|p1a: Milotic|Recover|p1a: Milotic
|-heal|p1a: Milotic|100/100 tox
|
|-weather|Sandstorm|[upkeep]
|-damage|p1a: Milotic|94/100 tox|[from] Sandstorm
|-heal|p1a: Milotic|100/100 tox|[from] item: Leftovers
|-heal|p2a: Reuniclus|40/100|[from] item: Leftovers
|-damage|p1a: Milotic|88/100 tox|[from] psn
|upkeep
|turn|24
|
|t:|1705099934
|switch|p1a: Excadrill|Excadrill, M|100/100
|-damage|p1a: Excadrill|97/100|[from] Stealth Rock
|-damage|p1a: Excadrill|72/100|[from] Spikes
|move|p2a: Reuniclus|Recover|p2a: Reuniclus
|-heal|p2a: Reuniclus|90/100
|
|-weather|Sandstorm|[upkeep]
|-heal|p1a: Excadrill|79/100|[from] item: Leftovers
|-heal|p2a: Reuniclus|96/100|[from] item: Leftovers
|upkeep
|turn|25
|
|t:|1705099938
|move|p1a: Excadrill|Rapid Spin|p2a: Reuniclus
|-damage|p2a: Reuniclus|91/100
|-sideend|p1: Benjamin L|Spikes|[from] move: Rapid Spin|[of] p1a: Excadrill
|-sideend|p1: Benjamin L|Stealth Rock|[from] move: Rapid Spin|[of] p1a: Excadrill
|move|p2a: Reuniclus|Focus Blast|p1a: Excadrill
|-supereffective|p1a: Excadrill
|-damage|p1a: Excadrill|16/100
|
|-weather|Sandstorm|[upkeep]
|-heal|p1a: Excadrill|22/100|[from] item: Leftovers
|-heal|p2a: Reuniclus|97/100|[from] item: Leftovers
|upkeep
|turn|26
|inactive|Benjamin L has 120 seconds left.
|
|t:|1705099949
|move|p1a: Excadrill|Iron Head|p2a: Reuniclus
|-damage|p2a: Reuniclus|54/100
|move|p2a: Reuniclus|Focus Blast|p1a: Excadrill
|-supereffective|p1a: Excadrill
|-damage|p1a: Excadrill|0 fnt
|faint|p1a: Excadrill
|
|-weather|Sandstorm|[upkeep]
|-heal|p2a: Reuniclus|60/100|[from] item: Leftovers
|upkeep
|inactive|Benjamin L has 120 seconds left.
|
|t:|1705099960
|switch|p1a: Gliscor|Gliscor, M|100/100
|turn|27
|
|t:|1705099967
|switch|p2a: Gastrodon|Gastrodon-East, M|100/100
|-damage|p2a: Gastrodon|94/100|[from] Stealth Rock
|move|p1a: Gliscor|Swords Dance|p1a: Gliscor
|-boost|p1a: Gliscor|atk|2
|
|-weather|Sandstorm|[upkeep]
|-heal|p2a: Gastrodon|100/100|[from] item: Leftovers
|-status|p1a: Gliscor|tox|[from] item: Toxic Orb
|upkeep
|turn|28
|
|t:|1705099972
|switch|p1a: Milotic|Milotic, F|88/100 tox
|move|p2a: Gastrodon|Ice Beam|p1a: Milotic
|-resisted|p1a: Milotic
|-damage|p1a: Milotic|81/100 tox
|
|-weather|Sandstorm|[upkeep]
|-damage|p1a: Milotic|75/100 tox|[from] Sandstorm
|-heal|p1a: Milotic|81/100 tox|[from] item: Leftovers
|-damage|p1a: Milotic|75/100 tox|[from] psn
|upkeep
|turn|29
|
|t:|1705099977
|switch|p2a: Reuniclus|Reuniclus, M|60/100
|move|p1a: Milotic|Toxic|p2a: Reuniclus
|-status|p2a: Reuniclus|tox
|
|-weather|Sandstorm|[upkeep]
|-damage|p1a: Milotic|69/100 tox|[from] Sandstorm
|-heal|p1a: Milotic|75/100 tox|[from] item: Leftovers
|-heal|p2a: Reuniclus|66/100 tox|[from] item: Leftovers
|-damage|p1a: Milotic|62/100 tox|[from] psn
|upkeep
|turn|30
|
|t:|1705099979
|switch|p1a: Gliscor|Gliscor, M|100/100 tox
|move|p2a: Reuniclus|Calm Mind|p2a: Reuniclus
|-boost|p2a: Reuniclus|spa|1
|-boost|p2a: Reuniclus|spd|1
|
|-weather|Sandstorm|[upkeep]
|-heal|p2a: Reuniclus|72/100 tox|[from] item: Leftovers
|upkeep
|turn|31
|
|t:|1705099983
|move|p1a: Gliscor|Earthquake|p2a: Reuniclus
|-damage|p2a: Reuniclus|48/100 tox
|move|p2a: Reuniclus|Psychic|p1a: Gliscor
|-damage|p1a: Gliscor|39/100 tox
|
|-weather|Sandstorm|[upkeep]
|-heal|p2a: Reuniclus|55/100 tox|[from] item: Leftovers
|-heal|p1a: Gliscor|51/100 tox|[from] ability: Poison Heal
|upkeep
|turn|32
|
|t:|1705099990
|move|p1a: Gliscor|Earthquake|p2a: Reuniclus
|-damage|p2a: Reuniclus|33/100 tox
|move|p2a: Reuniclus|Recover|p2a: Reuniclus
|-heal|p2a: Reuniclus|83/100 tox
|
|-weather|Sandstorm|[upkeep]
|-heal|p2a: Reuniclus|89/100 tox|[from] item: Leftovers
|-heal|p1a: Gliscor|64/100 tox|[from] ability: Poison Heal
|upkeep
|turn|33
|
|t:|1705099994
|switch|p1a: Celebi|Celebi|100/100
|move|p2a: Reuniclus|Psychic|p1a: Celebi
|-resisted|p1a: Celebi
|-damage|p1a: Celebi|83/100
|
|-weather|Sandstorm|[upkeep]
|-damage|p1a: Celebi|77/100|[from] Sandstorm
|-heal|p1a: Celebi|83/100|[from] item: Leftovers
|-heal|p2a: Reuniclus|95/100 tox|[from] item: Leftovers
|upkeep
|turn|34
|
|t:|1705099998
|move|p1a: Celebi|Psychic|p2a: Reuniclus
|-resisted|p2a: Reuniclus
|-damage|p2a: Reuniclus|86/100 tox
|move|p2a: Reuniclus|Calm Mind|p2a: Reuniclus
|-boost|p2a: Reuniclus|spa|1
|-boost|p2a: Reuniclus|spd|1
|
|-weather|Sandstorm|[upkeep]
|-damage|p1a: Celebi|77/100|[from] Sandstorm
|-heal|p1a: Celebi|83/100|[from] item: Leftovers
|-heal|p2a: Reuniclus|92/100 tox|[from] item: Leftovers
|upkeep
|turn|35
|
|t:|1705100001
|move|p1a: Celebi|U-turn|p2a: Reuniclus
|-supereffective|p2a: Reuniclus
|-damage|p2a: Reuniclus|70/100 tox
|
|t:|1705100003
|switch|p1a: Milotic|Milotic, F|62/100 tox|[from] U-turn
|move|p2a: Reuniclus|Calm Mind|p2a: Reuniclus
|-boost|p2a: Reuniclus|spa|1
|-boost|p2a: Reuniclus|spd|1
|
|-weather|Sandstorm|[upkeep]
|-damage|p1a: Milotic|56/100 tox|[from] Sandstorm
|-heal|p1a: Milotic|62/100 tox|[from] item: Leftovers
|-heal|p2a: Reuniclus|76/100 tox|[from] item: Leftovers
|-damage|p1a: Milotic|56/100 tox|[from] psn
|upkeep
|turn|36
|
|t:|1705100006
|move|p1a: Milotic|Refresh|p1a: Milotic
|-curestatus|p1a: Milotic|tox|[msg]
|move|p2a: Reuniclus|Psychic|p1a: Milotic
|-damage|p1a: Milotic|0 fnt
|faint|p1a: Milotic
|
|-weather|Sandstorm|[upkeep]
|-heal|p2a: Reuniclus|83/100 tox|[from] item: Leftovers
|upkeep
|
|t:|1705100009
|switch|p1a: Celebi|Celebi|83/100
|turn|37
|
|t:|1705100011
|move|p1a: Celebi|U-turn|p2a: Reuniclus
|-supereffective|p2a: Reuniclus
|-damage|p2a: Reuniclus|64/100 tox
|
|t:|1705100014
|switch|p1a: Gliscor|Gliscor, M|64/100 tox|[from] U-turn
|move|p2a: Reuniclus|Calm Mind|p2a: Reuniclus
|-boost|p2a: Reuniclus|spa|1
|-boost|p2a: Reuniclus|spd|1
|
|-weather|Sandstorm|[upkeep]
|-heal|p2a: Reuniclus|70/100 tox|[from] item: Leftovers
|-heal|p1a: Gliscor|76/100 tox|[from] ability: Poison Heal
|upkeep
|turn|38
|
|t:|1705100017
|move|p1a: Gliscor|Earthquake|p2a: Reuniclus
|-damage|p2a: Reuniclus|49/100 tox
|move|p2a: Reuniclus|Recover|p2a: Reuniclus
|-heal|p2a: Reuniclus|99/100 tox
|
|-weather|Sandstorm|[upkeep]
|-heal|p2a: Reuniclus|100/100 tox|[from] item: Leftovers
|-heal|p1a: Gliscor|89/100 tox|[from] ability: Poison Heal
|upkeep
|turn|39
|
|t:|1705100019
|move|p1a: Gliscor|Earthquake|p2a: Reuniclus
|-damage|p2a: Reuniclus|79/100 tox
|move|p2a: Reuniclus|Psychic|p1a: Gliscor
|-damage|p1a: Gliscor|0 fnt
|faint|p1a: Gliscor
|
|-weather|Sandstorm|[upkeep]
|-heal|p2a: Reuniclus|85/100 tox|[from] item: Leftovers
|upkeep
|
|t:|1705100022
|switch|p1a: Celebi|Celebi|83/100
|turn|40
|
|t:|1705100024
|move|p1a: Celebi|U-turn|p2a: Reuniclus
|-supereffective|p2a: Reuniclus
|-damage|p2a: Reuniclus|66/100 tox
|move|p2a: Reuniclus|Calm Mind|p2a: Reuniclus
|-boost|p2a: Reuniclus|spa|1
|-boost|p2a: Reuniclus|spd|1
|
|-weather|Sandstorm|[upkeep]
|-damage|p1a: Celebi|77/100|[from] Sandstorm
|-heal|p1a: Celebi|83/100|[from] item: Leftovers
|-heal|p2a: Reuniclus|72/100 tox|[from] item: Leftovers
|upkeep
|turn|41
|
|t:|1705100026
|move|p1a: Celebi|U-turn|p2a: Reuniclus
|-supereffective|p2a: Reuniclus
|-damage|p2a: Reuniclus|50/100 tox
|move|p2a: Reuniclus|Calm Mind|p2a: Reuniclus
|-boost|p2a: Reuniclus|spa|1
|-boost|p2a: Reuniclus|spd|1
|
|-weather|Sandstorm|[upkeep]
|-damage|p1a: Celebi|77/100|[from] Sandstorm
|-heal|p1a: Celebi|83/100|[from] item: Leftovers
|-heal|p2a: Reuniclus|56/100 tox|[from] item: Leftovers
|upkeep
|turn|42
|
|t:|1705100029
|move|p1a: Celebi|U-turn|p2a: Reuniclus
|-supereffective|p2a: Reuniclus
|-damage|p2a: Reuniclus|36/100 tox
|move|p2a: Reuniclus|Recover|p2a: Reuniclus
|-heal|p2a: Reuniclus|86/100 tox
|
|-weather|Sandstorm|[upkeep]
|-damage|p1a: Celebi|77/100|[from] Sandstorm
|-heal|p1a: Celebi|83/100|[from] item: Leftovers
|-heal|p2a: Reuniclus|92/100 tox|[from] item: Leftovers
|upkeep
|turn|43
|
|t:|1705100031
|move|p1a: Celebi|U-turn|p2a: Reuniclus
|-supereffective|p2a: Reuniclus
|-damage|p2a: Reuniclus|73/100 tox
|move|p2a: Reuniclus|Psychic|p1a: Celebi
|-resisted|p1a: Celebi
|-damage|p1a: Celebi|36/100
|
|-weather|Sandstorm|[upkeep]
|-damage|p1a: Celebi|30/100|[from] Sandstorm
|-heal|p1a: Celebi|36/100|[from] item: Leftovers
|-heal|p2a: Reuniclus|79/100 tox|[from] item: Leftovers
|upkeep
|turn|44
|
|t:|1705100034
|move|p1a: Celebi|Recover|p1a: Celebi
|-heal|p1a: Celebi|86/100
|move|p2a: Reuniclus|Psychic|p1a: Celebi
|-resisted|p1a: Celebi
|-damage|p1a: Celebi|42/100
|
|-weather|Sandstorm|[upkeep]
|-damage|p1a: Celebi|35/100|[from] Sandstorm
|-heal|p1a: Celebi|42/100|[from] item: Leftovers
|-heal|p2a: Reuniclus|85/100 tox|[from] item: Leftovers
|upkeep
|turn|45
|
|t:|1705100036
|move|p1a: Celebi|Recover|p1a: Celebi
|-heal|p1a: Celebi|92/100
|move|p2a: Reuniclus|Psychic|p1a: Celebi
|-resisted|p1a: Celebi
|-damage|p1a: Celebi|48/100
|
|-weather|Sandstorm|[upkeep]
|-damage|p1a: Celebi|41/100|[from] Sandstorm
|-heal|p1a: Celebi|48/100|[from] item: Leftovers
|-heal|p2a: Reuniclus|91/100 tox|[from] item: Leftovers
|upkeep
|turn|46
|-message|Benjamin L forfeited.
|
|win|supersneed saga
|raw|Benjamin L's rating: 1348 &rarr; <strong>1327</strong><br />(-21 for losing)
|raw|supersneed saga's rating: 1335 &rarr; <strong>1356</strong><br />(+21 for winning)
|l|☆Benjamin L
|player|p1|
