|j|☆Coronet077
|j|☆Franco J
|t:|1711979773
|gametype|singles
|player|p1|Coronet077|fisherman-gen4|1421
|player|p2|Franco J|n|1546
|teamsize|p1|6
|teamsize|p2|6
|gen|5
|tier|[Gen 5] OU
|rated|
|rule|Species Clause: Limit one of each Pokémon
|rule|OHKO Clause: OHKO moves are banned
|rule|Moody Clause: Moody is banned
|rule|Evasion Items Clause: Evasion items are banned
|rule|Evasion Moves Clause: Evasion moves are banned
|rule|Endless Battle Clause: Forcing endless battles is banned
|rule|HP Percentage Mod: HP is shown in percentages
|rule|Evasion Abilities Clause: Evasion abilities are banned
|rule|Sleep Moves Clause: Sleep-inducing moves are banned
|rule|Swagger Clause: Swagger is banned
|rule|Baton Pass Stat Clause: No Baton Passer may have a way to boost its stats
|clearpoke
|poke|p1|Magnezone|item
|poke|p1|Jirachi|item
|poke|p1|Kyurem-Black|item
|poke|p1|Latios, M|item
|poke|p1|Garchomp, M|item
|poke|p1|Dragonite, M|item
|poke|p2|Lucario, M|item
|poke|p2|Sigilyph, F|item
|poke|p2|Skarmory, F|item
|poke|p2|Gengar, F|item
|poke|p2|Tyranitar, M|item
|poke|p2|Gastrodon, F|item
|teampreview
|j| GymHunter
|
|t:|1711979789
|start
|switch|p1a: Magnezone|Magnezone|100/100
|switch|p2a: Skarmory|Skarmory, F|100/100
|-item|p1a: Magnezone|Air Balloon
|turn|1
|
|t:|1711979797
|move|p2a: Skarmory|Stealth Rock|p1a: Magnezone
|-sidestart|p1: Coronet077|move: Stealth Rock
|move|p1a: Magnezone|Thunderbolt|p2a: Skarmory
|-supereffective|p2a: Skarmory
|-ability|p2a: Skarmory|Sturdy
|-damage|p2a: Skarmory|1/100
|
|upkeep
|turn|2
|inactive|Battle timer is ON: inactive players will automatically lose when time's up. (requested by Franco J)
|-enditem|p2a: Skarmory|Custap Berry|[eat]
|-activate|p2a: Skarmory|item: Custap Berry|[consumed]
|
|t:|1711979810
|move|p2a: Skarmory|Spikes|p1a: Magnezone
|-sidestart|p1: Coronet077|Spikes
|move|p1a: Magnezone|Thunderbolt|p2a: Skarmory
|-supereffective|p2a: Skarmory
|-damage|p2a: Skarmory|0 fnt
|faint|p2a: Skarmory
|
|upkeep
|
|t:|1711979815
|switch|p2a: Ne|Lucario, M|100/100
|turn|3
|l| GymHunter
|
|t:|1711979822
|move|p2a: Ne|Close Combat|p1a: Magnezone
|-supereffective|p1a: Magnezone
|-damage|p1a: Magnezone|0 fnt
|-unboost|p2a: Ne|def|1
|-unboost|p2a: Ne|spd|1
|-enditem|p1a: Magnezone|Air Balloon
|faint|p1a: Magnezone
|-damage|p2a: Ne|91/100|[from] item: Life Orb
|
|upkeep
|j| Meijem
|j| GymHunter
|l| GymHunter
|
|t:|1711979839
|switch|p1a: Garchomp|Garchomp, M|100/100
|-damage|p1a: Garchomp|94/100|[from] Stealth Rock
|-damage|p1a: Garchomp|82/100|[from] Spikes
|turn|4
|
|t:|1711979846
|switch|p2a: Atenea|Sigilyph, F|100/100
|move|p1a: Garchomp|Earthquake|p2a: Atenea
|-immune|p2a: Atenea
|
|upkeep
|turn|5
|
|t:|1711979852
|switch|p1a: Jirachi|Jirachi|100/100
|-damage|p1a: Jirachi|94/100|[from] Stealth Rock
|-damage|p1a: Jirachi|82/100|[from] Spikes
|move|p2a: Atenea|Ice Beam|p1a: Jirachi
|-resisted|p1a: Jirachi
|-damage|p1a: Jirachi|74/100
|
|upkeep
|turn|6
|
|t:|1711979856
|move|p2a: Atenea|Thunder Wave|p1a: Jirachi
|-status|p1a: Jirachi|par
|move|p1a: Jirachi|Stealth Rock|p2a: Atenea
|-sidestart|p2: Franco J|move: Stealth Rock
|
|upkeep
|turn|7
|
|t:|1711979863
|move|p2a: Atenea|Heat Wave|p1a: Jirachi
|-supereffective|p1a: Jirachi
|-damage|p1a: Jirachi|33/100 par
|move|p1a: Jirachi|Icy Wind|p2a: Atenea
|-supereffective|p2a: Atenea
|-damage|p2a: Atenea|65/100
|-unboost|p2a: Atenea|spe|1
|
|upkeep
|turn|8
|
|t:|1711979869
|move|p2a: Atenea|Heat Wave|p1a: Jirachi|[miss]
|-miss|p2a: Atenea|p1a: Jirachi
|move|p1a: Jirachi|Thunder|p2a: Atenea
|-supereffective|p2a: Atenea
|-damage|p2a: Atenea|0 fnt
|faint|p2a: Atenea
|
|upkeep
|
|t:|1711979874
|switch|p2a: Ne|Lucario, M|91/100
|-damage|p2a: Ne|88/100|[from] Stealth Rock
|turn|9
|
|t:|1711979877
|move|p2a: Ne|Close Combat|p1a: Jirachi
|-damage|p1a: Jirachi|0 fnt
|-unboost|p2a: Ne|def|1
|-unboost|p2a: Ne|spd|1
|faint|p1a: Jirachi
|-damage|p2a: Ne|78/100|[from] item: Life Orb
|
|upkeep
|
|t:|1711979885
|switch|p1a: Garchomp|Garchomp, M|82/100
|-damage|p1a: Garchomp|76/100|[from] Stealth Rock
|-damage|p1a: Garchomp|64/100|[from] Spikes
|turn|10
|
|t:|1711979893
|move|p2a: Ne|Extreme Speed|p1a: Garchomp
|-damage|p1a: Garchomp|30/100
|-damage|p2a: Ne|65/100|[from] ability: Rough Skin|[of] p1a: Garchomp
|-damage|p2a: Ne|55/100|[from] item: Life Orb
|move|p1a: Garchomp|Outrage|p2a: Ne
|-resisted|p2a: Ne
|-damage|p2a: Ne|0 fnt
|faint|p2a: Ne
|
|upkeep
|
|t:|1711979901
|switch|p2a: Karen II|Gengar, F|100/100
|-damage|p2a: Karen II|88/100|[from] Stealth Rock
|turn|11
|
|t:|1711979906
|move|p1a: Garchomp|Outrage|p2a: Karen II|[from]lockedmove
|-damage|p2a: Karen II|0 fnt
|faint|p2a: Karen II
|
|upkeep
|
|t:|1711979910
|switch|p2a: Gastrodon|Gastrodon, F|100/100
|-damage|p2a: Gastrodon|94/100|[from] Stealth Rock
|turn|12
|
|t:|1711979914
|move|p1a: Garchomp|Outrage|p2a: Gastrodon|[from]lockedmove
|-damage|p2a: Gastrodon|51/100
|-start|p1a: Garchomp|confusion|[fatigue]
|move|p2a: Gastrodon|Ice Beam|p1a: Garchomp
|-supereffective|p1a: Garchomp
|-damage|p1a: Garchomp|0 fnt
|faint|p1a: Garchomp
|
|-heal|p2a: Gastrodon|57/100|[from] item: Leftovers
|upkeep
|
|t:|1711979917
|switch|p1a: Kyurem|Kyurem-Black|100/100
|-damage|p1a: Kyurem|76/100|[from] Stealth Rock
|-damage|p1a: Kyurem|63/100|[from] Spikes
|-ability|p1a: Kyurem|Teravolt
|turn|13
|
|t:|1711979923
|move|p2a: Gastrodon|Protect|p2a: Gastrodon
|-singleturn|p2a: Gastrodon|Protect
|move|p1a: Kyurem|Outrage|p2a: Gastrodon
|-activate|p2a: Gastrodon|move: Protect
|
|-heal|p2a: Gastrodon|63/100|[from] item: Leftovers
|upkeep
|turn|14
|
|t:|1711979928
|move|p1a: Kyurem|Outrage|p2a: Gastrodon
|-damage|p2a: Gastrodon|0 fnt
|faint|p2a: Gastrodon
|
|upkeep
|
|t:|1711979931
|switch|p2a: God|Tyranitar, M|100/100
|-damage|p2a: God|88/100|[from] Stealth Rock
|-weather|Sandstorm|[from] ability: Sand Stream|[of] p2a: God
|turn|15
|l| Meijem
|
|t:|1711979936
|move|p1a: Kyurem|Outrage|p2a: God|[from]lockedmove
|-damage|p2a: God|0 fnt
|faint|p2a: God
|
|win|Coronet077
|raw|Coronet077's rating: 1421 &rarr; <strong>1448</strong><br />(+27 for winning)
|raw|Franco J's rating: 1546 &rarr; <strong>1519</strong><br />(-27 for losing)
|l|☆Franco J
|player|p2|
