|j|☆lhce628
|j|☆HANMA JACK
|t:|1735130228
|gametype|singles
|player|p1|lhce628|101|1312
|player|p2|HANMA JACK|169|1502
|teamsize|p1|6
|teamsize|p2|6
|gen|5
|tier|[Gen 5] OU
|rated|
|rule|Species Clause: Limit one of each Pokémon
|rule|OHKO Clause: OHKO moves are banned
|rule|Moody Clause: Moody is banned
|rule|Evasion Items Clause: Evasion items are banned
|rule|Evasion Moves Clause: Evasion moves are banned
|rule|Endless Battle Clause: Forcing endless battles is banned
|rule|HP Percentage Mod: HP is shown in percentages
|rule|Evasion Abilities Clause: Evasion abilities are banned
|rule|Sleep Moves Clause: Sleep-inducing moves are banned
|rule|Swagger Clause: Swagger is banned
|rule|Baton Pass Stat Clause: No Baton Passer may have a way to boost its stats
|clearpoke
|poke|p1|Tyranitar, M|item
|poke|p1|Alakazam, M|item
|poke|p1|Latios, M|item
|poke|p1|Ferrothorn, M|item
|poke|p1|Keldeo|item
|poke|p1|Landorus-Therian, M|item
|poke|p2|Politoed, F|item
|poke|p2|Ferrothorn, F|item
|poke|p2|Zapdos|item
|poke|p2|Starmie|item
|poke|p2|Garchomp, M|item
|poke|p2|Latios, M|item
|teampreview
|c|☆HANMA JACK|gl hf
|inactive|Battle timer is ON: inactive players will automatically lose when time's up. (requested by lhce628)
|
|t:|1735130262
|start
|switch|p1a: Keldeo|Keldeo|100/100
|switch|p2a: Ferrothorn|Ferrothorn, F|100/100
|turn|1
|
|t:|1735130281
|switch|p2a: Zapdos|Zapdos|100/100
|-ability|p2a: Zapdos|Pressure
|move|p1a: Keldeo|Secret Sword|p2a: Zapdos
|-resisted|p2a: Zapdos
|-damage|p2a: Zapdos|79/100
|
|-heal|p2a: Zapdos|85/100|[from] item: Leftovers
|upkeep
|turn|2
|
|t:|1735130292
|switch|p1a: Ferrothorn|Ferrothorn, M|100/100
|switch|p2a: Ferrothorn|Ferrothorn, F|100/100
|
|upkeep
|turn|3
|
|t:|1735130305
|move|p2a: Ferrothorn|Stealth Rock|p1a: Ferrothorn
|-sidestart|p1: lhce628|move: Stealth Rock
|move|p1a: Ferrothorn|Knock Off|p2a: Ferrothorn
|-resisted|p2a: Ferrothorn
|-damage|p2a: Ferrothorn|99/100
|-damage|p1a: Ferrothorn|88/100|[from] ability: Iron Barbs|[of] p2a: Ferrothorn
|-enditem|p2a: Ferrothorn|Lum Berry|[from] move: Knock Off|[of] p1a: Ferrothorn
|
|upkeep
|turn|4
|
|t:|1735130333
|move|p1a: Ferrothorn|Spikes|p2a: Ferrothorn
|-sidestart|p2: HANMA JACK|Spikes
|move|p2a: Ferrothorn|Spikes|p1a: Ferrothorn
|-sidestart|p1: lhce628|Spikes
|
|upkeep
|turn|5
|
|t:|1735130340
|switch|p2a: Zapdos|Zapdos|85/100
|-ability|p2a: Zapdos|Pressure
|switch|p1a: Keldeo|Keldeo|100/100
|-damage|p1a: Keldeo|94/100|[from] Stealth Rock
|-damage|p1a: Keldeo|82/100|[from] Spikes
|
|-heal|p1a: Keldeo|88/100|[from] item: Leftovers
|-heal|p2a: Zapdos|91/100|[from] item: Leftovers
|upkeep
|turn|6
|
|t:|1735130346
|move|p1a: Keldeo|Protect|p1a: Keldeo
|-singleturn|p1a: Keldeo|Protect
|move|p2a: Zapdos|Thunder|p1a: Keldeo
|-activate|p1a: Keldeo|move: Protect
|
|-heal|p1a: Keldeo|94/100|[from] item: Leftovers
|-heal|p2a: Zapdos|97/100|[from] item: Leftovers
|upkeep
|turn|7
|
|t:|1735130354
|move|p1a: Keldeo|Scald|p2a: Zapdos
|-damage|p2a: Zapdos|60/100
|move|p2a: Zapdos|Substitute|p2a: Zapdos
|-start|p2a: Zapdos|Substitute
|-damage|p2a: Zapdos|35/100
|
|-heal|p1a: Keldeo|100/100|[from] item: Leftovers
|-heal|p2a: Zapdos|41/100|[from] item: Leftovers
|upkeep
|turn|8
|
|t:|1735130367
|switch|p1a: Landorus|Landorus-Therian, M|100/100
|-damage|p1a: Landorus|88/100|[from] Stealth Rock
|-ability|p1a: Landorus|Intimidate|boost
|-immune|p2a: Zapdos
|move|p2a: Zapdos|Thunder|p1a: Landorus
|-immune|p1a: Landorus
|
|-heal|p1a: Landorus|94/100|[from] item: Leftovers
|-heal|p2a: Zapdos|47/100|[from] item: Leftovers
|upkeep
|turn|9
|
|t:|1735130370
|move|p1a: Landorus|Stealth Rock|p2a: Zapdos
|-sidestart|p2: HANMA JACK|move: Stealth Rock
|move|p2a: Zapdos|Roost|p2a: Zapdos
|-heal|p2a: Zapdos|97/100
|-singleturn|p2a: Zapdos|move: Roost
|
|-heal|p1a: Landorus|100/100|[from] item: Leftovers
|-heal|p2a: Zapdos|100/100|[from] item: Leftovers
|upkeep
|turn|10
|
|t:|1735130374
|move|p1a: Landorus|Hidden Power|p2a: Zapdos
|-supereffective|p2a: Zapdos
|-end|p2a: Zapdos|Substitute
|move|p2a: Zapdos|Hidden Power|p1a: Landorus
|-supereffective|p1a: Landorus
|-damage|p1a: Landorus|46/100
|
|-heal|p1a: Landorus|52/100|[from] item: Leftovers
|upkeep
|turn|11
|
|t:|1735130383
|move|p1a: Landorus|U-turn|p2a: Zapdos
|-resisted|p2a: Zapdos
|-damage|p2a: Zapdos|90/100
|
|t:|1735130390
|switch|p1a: Latios|Latios, M|100/100|[from] U-turn
|-damage|p1a: Latios|88/100|[from] Stealth Rock
|move|p2a: Zapdos|Substitute|p2a: Zapdos
|-start|p2a: Zapdos|Substitute
|-damage|p2a: Zapdos|65/100
|
|-heal|p2a: Zapdos|71/100|[from] item: Leftovers
|upkeep
|turn|12
|
|t:|1735130396
|move|p1a: Latios|Psyshock|p2a: Zapdos
|-end|p2a: Zapdos|Substitute
|move|p2a: Zapdos|Thunder|p1a: Latios|[miss]
|-miss|p2a: Zapdos|p1a: Latios
|
|-heal|p2a: Zapdos|77/100|[from] item: Leftovers
|upkeep
|turn|13
|
|t:|1735130415
|switch|p1a: Keldeo|Keldeo|100/100
|-damage|p1a: Keldeo|94/100|[from] Stealth Rock
|-damage|p1a: Keldeo|82/100|[from] Spikes
|move|p2a: Zapdos|Roost|p2a: Zapdos
|-heal|p2a: Zapdos|100/100
|-singleturn|p2a: Zapdos|move: Roost
|
|-heal|p1a: Keldeo|88/100|[from] item: Leftovers
|upkeep
|turn|14
|
|t:|1735130421
|move|p1a: Keldeo|Protect|p1a: Keldeo
|-singleturn|p1a: Keldeo|Protect
|move|p2a: Zapdos|Thunder|p1a: Keldeo
|-activate|p1a: Keldeo|move: Protect
|
|-heal|p1a: Keldeo|94/100|[from] item: Leftovers
|upkeep
|turn|15
|
|t:|1735130425
|move|p1a: Keldeo|Scald|p2a: Zapdos
|-crit|p2a: Zapdos
|-damage|p2a: Zapdos|29/100
|move|p2a: Zapdos|Thunder|p1a: Keldeo|[miss]
|-miss|p2a: Zapdos|p1a: Keldeo
|
|-heal|p1a: Keldeo|100/100|[from] item: Leftovers
|-heal|p2a: Zapdos|35/100|[from] item: Leftovers
|upkeep
|turn|16
|
|t:|1735130449
|switch|p2a: Starmie|Starmie|100/100
|-damage|p2a: Starmie|88/100|[from] Stealth Rock
|-item|p2a: Starmie|Air Balloon
|move|p1a: Keldeo|Scald|p2a: Starmie
|-resisted|p2a: Starmie
|-damage|p2a: Starmie|61/100
|-enditem|p2a: Starmie|Air Balloon
|
|upkeep
|turn|17
|
|t:|1735130460
|move|p2a: Starmie|Rapid Spin|p1a: Keldeo
|-damage|p1a: Keldeo|97/100
|-sideend|p2: HANMA JACK|Spikes|[from] move: Rapid Spin|[of] p2a: Starmie
|-sideend|p2: HANMA JACK|Stealth Rock|[from] move: Rapid Spin|[of] p2a: Starmie
|move|p1a: Keldeo|Scald|p2a: Starmie
|-resisted|p2a: Starmie
|-damage|p2a: Starmie|30/100
|-status|p2a: Starmie|brn
|
|-heal|p1a: Keldeo|100/100|[from] item: Leftovers
|-damage|p2a: Starmie|17/100 brn|[from] brn
|upkeep
|turn|18
|
|t:|1735130470
|switch|p2a: Politoed|Politoed, F|100/100
|-weather|RainDance|[from] ability: Drizzle|[of] p2a: Politoed
|move|p1a: Keldeo|Scald|p2a: Politoed
|-resisted|p2a: Politoed
|-damage|p2a: Politoed|73/100
|
|-weather|RainDance|[upkeep]
|upkeep
|turn|19
|
|t:|1735130483
|move|p1a: Keldeo|Secret Sword|p2a: Politoed
|-damage|p2a: Politoed|25/100
|move|p2a: Politoed|Focus Blast|p1a: Keldeo|[miss]
|-miss|p2a: Politoed|p1a: Keldeo
|
|-weather|RainDance|[upkeep]
|upkeep
|turn|20
|
|t:|1735130487
|switch|p2a: Starmie|Starmie|17/100 brn
|move|p1a: Keldeo|Scald|p2a: Starmie
|-resisted|p2a: Starmie
|-damage|p2a: Starmie|0 fnt
|faint|p2a: Starmie
|
|-weather|RainDance|[upkeep]
|upkeep
|
|t:|1735130490
|switch|p2a: Latios|Latios, M|100/100
|turn|21
|
|t:|1735130497
|switch|p1a: Tyranitar|Tyranitar, M|100/100
|-damage|p1a: Tyranitar|88/100|[from] Stealth Rock
|-damage|p1a: Tyranitar|76/100|[from] Spikes
|-weather|Sandstorm|[from] ability: Sand Stream|[of] p1a: Tyranitar
|move|p2a: Latios|Draco Meteor|p1a: Tyranitar
|-damage|p1a: Tyranitar|37/100
|-unboost|p2a: Latios|spa|2
|
|-weather|Sandstorm|[upkeep]
|-damage|p2a: Latios|95/100|[from] Sandstorm
|upkeep
|turn|22
|
|t:|1735130506
|move|p2a: Latios|Draco Meteor|p1a: Tyranitar
|-damage|p1a: Tyranitar|20/100
|-unboost|p2a: Latios|spa|2
|move|p1a: Tyranitar|Pursuit|p2a: Latios
|-supereffective|p2a: Latios
|-damage|p2a: Latios|41/100
|
|-weather|Sandstorm|[upkeep]
|-damage|p2a: Latios|35/100|[from] Sandstorm
|upkeep
|turn|23
|
|t:|1735130511
|move|p2a: Latios|Draco Meteor|p1a: Tyranitar
|-damage|p1a: Tyranitar|9/100
|-unboost|p2a: Latios|spa|2
|move|p1a: Tyranitar|Pursuit|p2a: Latios
|-supereffective|p2a: Latios
|-damage|p2a: Latios|0 fnt
|faint|p2a: Latios
|
|-weather|Sandstorm|[upkeep]
|upkeep
|
|t:|1735130513
|switch|p2a: Politoed|Politoed, F|25/100
|-weather|RainDance|[from] ability: Drizzle|[of] p2a: Politoed
|turn|24
|
|t:|1735130518
|move|p2a: Politoed|Ice Beam|p1a: Tyranitar
|-damage|p1a: Tyranitar|0 fnt
|faint|p1a: Tyranitar
|
|-weather|RainDance|[upkeep]
|upkeep
|
|t:|1735130523
|switch|p1a: Alakazam|Alakazam, M|100/100
|turn|25
|
|t:|1735130530
|move|p1a: Alakazam|Hidden Power|p2a: Politoed
|-resisted|p2a: Politoed
|-damage|p2a: Politoed|19/100
|move|p2a: Politoed|Ice Beam|p1a: Alakazam
|-damage|p1a: Alakazam|37/100
|
|-weather|RainDance|[upkeep]
|upkeep
|turn|26
|
|t:|1735130536
|move|p1a: Alakazam|Psychic|p2a: Politoed
|-damage|p2a: Politoed|0 fnt
|faint|p2a: Politoed
|
|-weather|RainDance|[upkeep]
|upkeep
|
|t:|1735130552
|switch|p2a: Garchomp|Garchomp, M|100/100
|turn|27
|
|t:|1735130555
|move|p1a: Alakazam|Psychic|p2a: Garchomp
|-damage|p2a: Garchomp|34/100
|move|p2a: Garchomp|Aqua Tail|p1a: Alakazam
|-damage|p1a: Alakazam|0 fnt
|faint|p1a: Alakazam
|
|-weather|RainDance|[upkeep]
|upkeep
|
|t:|1735130563
|switch|p1a: Latios|Latios, M|88/100
|-damage|p1a: Latios|76/100|[from] Stealth Rock
|turn|28
|
|t:|1735130575
|switch|p2a: Ferrothorn|Ferrothorn, F|99/100
|move|p1a: Latios|Trick|p2a: Ferrothorn
|-activate|p1a: Latios|move: Trick|[of] p2a: Ferrothorn
|-item|p2a: Ferrothorn|Choice Scarf|[from] move: Trick
|-enditem|p1a: Latios|Choice Scarf|[silent]|[from] move: Trick
|
|-weather|RainDance|[upkeep]
|upkeep
|turn|29
|
|t:|1735130583
|switch|p1a: Ferrothorn|Ferrothorn, M|88/100
|-damage|p1a: Ferrothorn|82/100|[from] Stealth Rock
|-damage|p1a: Ferrothorn|70/100|[from] Spikes
|switch|p2a: Garchomp|Garchomp, M|34/100
|
|-weather|RainDance|[upkeep]
|upkeep
|turn|30
|
|t:|1735130590
|switch|p2a: Zapdos|Zapdos|35/100
|-ability|p2a: Zapdos|Pressure
|move|p1a: Ferrothorn|Power Whip|p2a: Zapdos
|-resisted|p2a: Zapdos
|-damage|p2a: Zapdos|16/100
|
|-weather|RainDance|[upkeep]
|-heal|p2a: Zapdos|22/100|[from] item: Leftovers
|upkeep
|turn|31
|
|t:|1735130595
|move|p2a: Zapdos|Roost|p2a: Zapdos
|-heal|p2a: Zapdos|72/100
|-singleturn|p2a: Zapdos|move: Roost
|move|p1a: Ferrothorn|Knock Off|p2a: Zapdos
|-damage|p2a: Zapdos|67/100
|-enditem|p2a: Zapdos|Leftovers|[from] move: Knock Off|[of] p1a: Ferrothorn
|
|-weather|RainDance|[upkeep]
|upkeep
|turn|32
|
|t:|1735130600
|switch|p1a: Landorus|Landorus-Therian, M|52/100
|-damage|p1a: Landorus|40/100|[from] Stealth Rock
|-ability|p1a: Landorus|Intimidate|boost
|-unboost|p2a: Zapdos|atk|1
|move|p2a: Zapdos|Substitute|p2a: Zapdos
|-start|p2a: Zapdos|Substitute
|-damage|p2a: Zapdos|43/100
|
|-weather|RainDance|[upkeep]
|-heal|p1a: Landorus|46/100|[from] item: Leftovers
|upkeep
|turn|33
|
|t:|1735130610
|move|p1a: Landorus|Hidden Power|p2a: Zapdos
|-supereffective|p2a: Zapdos
|-end|p2a: Zapdos|Substitute
|move|p2a: Zapdos|Roost|p2a: Zapdos
|-heal|p2a: Zapdos|93/100
|-singleturn|p2a: Zapdos|move: Roost
|
|-weather|RainDance|[upkeep]
|-heal|p1a: Landorus|52/100|[from] item: Leftovers
|upkeep
|turn|34
|
|t:|1735130618
|move|p1a: Landorus|Hidden Power|p2a: Zapdos
|-supereffective|p2a: Zapdos
|-damage|p2a: Zapdos|66/100
|move|p2a: Zapdos|Substitute|p2a: Zapdos
|-start|p2a: Zapdos|Substitute
|-damage|p2a: Zapdos|41/100
|
|-weather|RainDance|[upkeep]
|-heal|p1a: Landorus|58/100|[from] item: Leftovers
|upkeep
|turn|35
|
|t:|1735130625
|move|p1a: Landorus|Hidden Power|p2a: Zapdos
|-supereffective|p2a: Zapdos
|-end|p2a: Zapdos|Substitute
|move|p2a: Zapdos|Roost|p2a: Zapdos
|-heal|p2a: Zapdos|91/100
|-singleturn|p2a: Zapdos|move: Roost
|
|-weather|RainDance|[upkeep]
|-heal|p1a: Landorus|64/100|[from] item: Leftovers
|upkeep
|turn|36
|
|t:|1735130630
|move|p1a: Landorus|Hidden Power|p2a: Zapdos
|-supereffective|p2a: Zapdos
|-damage|p2a: Zapdos|64/100
|move|p2a: Zapdos|Substitute|p2a: Zapdos
|-start|p2a: Zapdos|Substitute
|-damage|p2a: Zapdos|39/100
|
|-weather|RainDance|[upkeep]
|-heal|p1a: Landorus|70/100|[from] item: Leftovers
|upkeep
|turn|37
|
|t:|1735130634
|move|p1a: Landorus|Hidden Power|p2a: Zapdos
|-supereffective|p2a: Zapdos
|-end|p2a: Zapdos|Substitute
|move|p2a: Zapdos|Roost|p2a: Zapdos
|-heal|p2a: Zapdos|89/100
|-singleturn|p2a: Zapdos|move: Roost
|
|-weather|RainDance|[upkeep]
|-heal|p1a: Landorus|76/100|[from] item: Leftovers
|upkeep
|turn|38
|
|t:|1735130639
|move|p1a: Landorus|Hidden Power|p2a: Zapdos
|-supereffective|p2a: Zapdos
|-damage|p2a: Zapdos|61/100
|move|p2a: Zapdos|Substitute|p2a: Zapdos
|-start|p2a: Zapdos|Substitute
|-damage|p2a: Zapdos|37/100
|
|-weather|RainDance|[upkeep]
|-heal|p1a: Landorus|82/100|[from] item: Leftovers
|upkeep
|turn|39
|
|t:|1735130646
|move|p1a: Landorus|U-turn|p2a: Zapdos
|-resisted|p2a: Zapdos
|-activate|p2a: Zapdos|Substitute|[damage]
|
|t:|1735130648
|switch|p1a: Ferrothorn|Ferrothorn, M|70/100|[from] U-turn
|-damage|p1a: Ferrothorn|64/100|[from] Stealth Rock
|-damage|p1a: Ferrothorn|52/100|[from] Spikes
|move|p2a: Zapdos|Roost|p2a: Zapdos
|-heal|p2a: Zapdos|87/100
|-singleturn|p2a: Zapdos|move: Roost
|
|-weather|RainDance|[upkeep]
|upkeep
|turn|40
|
|t:|1735130653
|move|p2a: Zapdos|Thunder|p1a: Ferrothorn
|-resisted|p1a: Ferrothorn
|-damage|p1a: Ferrothorn|33/100
|-status|p1a: Ferrothorn|par
|move|p1a: Ferrothorn|Knock Off|p2a: Zapdos
|-activate|p2a: Zapdos|Substitute|[damage]
|
|-weather|RainDance|[upkeep]
|upkeep
|turn|41
|
|t:|1735130659
|move|p2a: Zapdos|Thunder|p1a: Ferrothorn
|-resisted|p1a: Ferrothorn
|-damage|p1a: Ferrothorn|13/100 par
|move|p1a: Ferrothorn|Gyro Ball|p2a: Zapdos
|-resisted|p2a: Zapdos
|-end|p2a: Zapdos|Substitute
|
|-weather|RainDance|[upkeep]
|upkeep
|turn|42
|
|t:|1735130662
|move|p2a: Zapdos|Substitute|p2a: Zapdos
|-start|p2a: Zapdos|Substitute
|-damage|p2a: Zapdos|62/100
|move|p1a: Ferrothorn|Gyro Ball|p2a: Zapdos
|-resisted|p2a: Zapdos
|-activate|p2a: Zapdos|Substitute|[damage]
|
|-weather|RainDance|[upkeep]
|upkeep
|turn|43
|
|t:|1735130668
|move|p2a: Zapdos|Roost|p2a: Zapdos
|-heal|p2a: Zapdos|100/100
|-singleturn|p2a: Zapdos|move: Roost
|move|p1a: Ferrothorn|Gyro Ball|p2a: Zapdos
|-resisted|p2a: Zapdos
|-crit|p2a: Zapdos
|-end|p2a: Zapdos|Substitute
|
|-weather|RainDance|[upkeep]
|upkeep
|turn|44
|
|t:|1735130671
|move|p2a: Zapdos|Substitute|p2a: Zapdos
|-start|p2a: Zapdos|Substitute
|-damage|p2a: Zapdos|76/100
|move|p1a: Ferrothorn|Gyro Ball|p2a: Zapdos
|-resisted|p2a: Zapdos
|-activate|p2a: Zapdos|Substitute|[damage]
|
|-weather|RainDance|[upkeep]
|upkeep
|turn|45
|
|t:|1735130679
|move|p2a: Zapdos|Thunder|p1a: Ferrothorn
|-resisted|p1a: Ferrothorn
|-damage|p1a: Ferrothorn|0 fnt
|faint|p1a: Ferrothorn
|
|-weather|RainDance|[upkeep]
|upkeep
|
|t:|1735130682
|switch|p1a: Latios|Latios, M|76/100
|-damage|p1a: Latios|64/100|[from] Stealth Rock
|turn|46
|
|t:|1735130704
|move|p1a: Latios|Psyshock|p2a: Zapdos
|-end|p2a: Zapdos|Substitute
|move|p2a: Zapdos|Thunder|p1a: Latios
|-resisted|p1a: Latios
|-crit|p1a: Latios
|-damage|p1a: Latios|6/100
|
|-weather|RainDance|[upkeep]
|upkeep
|turn|47
|
|t:|1735130712
|switch|p2a: Garchomp|Garchomp, M|34/100
|move|p1a: Latios|Psyshock|p2a: Garchomp
|-damage|p2a: Garchomp|0 fnt
|faint|p2a: Garchomp
|
|-weather|RainDance|[upkeep]
|upkeep
|
|t:|1735130714
|switch|p2a: Ferrothorn|Ferrothorn, F|99/100
|turn|48
|
|t:|1735130720
|move|p1a: Latios|Psyshock|p2a: Ferrothorn
|-resisted|p2a: Ferrothorn
|-damage|p2a: Ferrothorn|84/100
|move|p2a: Ferrothorn|Power Whip|p1a: Latios
|-resisted|p1a: Latios
|-damage|p1a: Latios|0 fnt
|faint|p1a: Latios
|
|-weather|RainDance|[upkeep]
|upkeep
|
|t:|1735130723
|switch|p1a: Keldeo|Keldeo|100/100
|-damage|p1a: Keldeo|94/100|[from] Stealth Rock
|-damage|p1a: Keldeo|82/100|[from] Spikes
|turn|49
|
|t:|1735130725
|move|p1a: Keldeo|Protect|p1a: Keldeo
|-singleturn|p1a: Keldeo|Protect
|move|p2a: Ferrothorn|Power Whip|p1a: Keldeo
|-activate|p1a: Keldeo|move: Protect
|
|-weather|RainDance|[upkeep]
|-heal|p1a: Keldeo|88/100|[from] item: Leftovers
|upkeep
|turn|50
|
|t:|1735130733
|switch|p1a: Landorus|Landorus-Therian, M|82/100
|-damage|p1a: Landorus|70/100|[from] Stealth Rock
|-ability|p1a: Landorus|Intimidate|boost
|-unboost|p2a: Ferrothorn|atk|1
|move|p2a: Ferrothorn|Power Whip|p1a: Landorus
|-damage|p1a: Landorus|47/100
|
|-weather|RainDance|[upkeep]
|-heal|p1a: Landorus|54/100|[from] item: Leftovers
|upkeep
|turn|51
|
|t:|1735130742
|switch|p2a: Zapdos|Zapdos|76/100
|-ability|p2a: Zapdos|Pressure
|move|p1a: Landorus|Hidden Power|p2a: Zapdos
|-supereffective|p2a: Zapdos
|-damage|p2a: Zapdos|49/100
|
|-weather|RainDance|[upkeep]
|-heal|p1a: Landorus|60/100|[from] item: Leftovers
|upkeep
|turn|52
|
|t:|1735130745
|move|p1a: Landorus|Hidden Power|p2a: Zapdos
|-supereffective|p2a: Zapdos
|-damage|p2a: Zapdos|22/100
|move|p2a: Zapdos|Roost|p2a: Zapdos
|-heal|p2a: Zapdos|73/100
|-singleturn|p2a: Zapdos|move: Roost
|
|-weather|RainDance|[upkeep]
|-heal|p1a: Landorus|66/100|[from] item: Leftovers
|upkeep
|turn|53
|
|t:|1735130753
|move|p1a: Landorus|U-turn|p2a: Zapdos
|-resisted|p2a: Zapdos
|-damage|p2a: Zapdos|62/100
|
|t:|1735130754
|switch|p1a: Keldeo|Keldeo|88/100|[from] U-turn
|-damage|p1a: Keldeo|82/100|[from] Stealth Rock
|-damage|p1a: Keldeo|70/100|[from] Spikes
|move|p2a: Zapdos|Roost|p2a: Zapdos
|-heal|p2a: Zapdos|100/100
|-singleturn|p2a: Zapdos|move: Roost
|
|-weather|RainDance|[upkeep]
|-heal|p1a: Keldeo|76/100|[from] item: Leftovers
|upkeep
|turn|54
|
|t:|1735130758
|move|p1a: Keldeo|Scald|p2a: Zapdos
|-damage|p2a: Zapdos|51/100
|move|p2a: Zapdos|Thunder|p1a: Keldeo
|-supereffective|p1a: Keldeo
|-damage|p1a: Keldeo|0 fnt
|faint|p1a: Keldeo
|
|-weather|RainDance|[upkeep]
|upkeep
|-message|lhce628 forfeited.
|
|win|HANMA JACK
|raw|lhce628's rating: 1312 &rarr; <strong>1302</strong><br />(-10 for losing)
|raw|HANMA JACK's rating: 1502 &rarr; <strong>1512</strong><br />(+10 for winning)
|l|☆lhce628
|player|p1|
|c|☆HANMA JACK|gg
