|j|☆baixiaohen
|j|☆feiting
|t:|1743944351
|gametype|singles
|player|p1|baixiaohen|red|1375
|player|p2|feiting|170|1325
|teamsize|p1|6
|teamsize|p2|6
|gen|5
|tier|[Gen 5] OU
|rated|
|rule|Species Clause: Limit one of each Pokémon
|rule|OHKO Clause: OHKO moves are banned
|rule|Moody Clause: Moody is banned
|rule|Evasion Items Clause: Evasion items are banned
|rule|Evasion Moves Clause: Evasion moves are banned
|rule|Endless Battle Clause: Forcing endless battles is banned
|rule|HP Percentage Mod: HP is shown in percentages
|rule|Evasion Abilities Clause: Evasion abilities are banned
|rule|Sleep Moves Clause: Sleep-inducing moves are banned
|rule|Swagger Clause: Swagger is banned
|rule|Baton Pass Stat Clause: No Baton Passer may have a way to boost its stats
|clearpoke
|poke|p1|Jirachi|item
|poke|p1|Scizor, F|item
|poke|p1|Celebi|item
|poke|p1|Gyarados, F|item
|poke|p1|Heatran, M|item
|poke|p1|Starmie|item
|poke|p2|Garchomp, M|item
|poke|p2|Mamoswine, M|item
|poke|p2|Magnezone|item
|poke|p2|Kyurem-Black|item
|poke|p2|Tentacruel, M|item
|poke|p2|Rotom-Wash|item
|teampreview
|inactive|Battle timer is ON: inactive players will automatically lose when time's up. (requested by baixiaohen)
|
|t:|1743944365
|start
|switch|p1a: Heatran|Heatran, M, shiny|100/100
|switch|p2a: Garchomp|Garchomp, M|100/100
|-item|p1a: Heatran|Air Balloon
|turn|1
|j| Ferrispoke
|
|t:|1743944376
|move|p2a: Garchomp|Stealth Rock|p1a: Heatran
|-sidestart|p1: baixiaohen|move: Stealth Rock
|move|p1a: Heatran|Will-O-Wisp|p2a: Garchomp|[miss]
|-miss|p1a: Heatran|p2a: Garchomp
|
|upkeep
|turn|2
|
|t:|1743944385
|switch|p2a: Rotom|Rotom-Wash|100/100
|move|p1a: Heatran|Will-O-Wisp|p2a: Rotom
|-status|p2a: Rotom|brn
|
|-damage|p2a: Rotom|88/100 brn|[from] brn
|upkeep
|turn|3
|
|t:|1743944394
|move|p2a: Rotom|Volt Switch|p1a: Heatran
|-damage|p1a: Heatran|82/100
|-enditem|p1a: Heatran|Air Balloon
|
|t:|1743944399
|switch|p2a: Tentacruel|Tentacruel, M|100/100|[from] Volt Switch
|move|p1a: Heatran|Will-O-Wisp|p2a: Tentacruel
|-status|p2a: Tentacruel|brn
|
|-damage|p2a: Tentacruel|88/100 brn|[from] brn
|upkeep
|turn|4
|c| Ferrispoke|真香
|
|t:|1743944412
|switch|p1a: Celebi|Celebi|100/100
|-damage|p1a: Celebi|88/100|[from] Stealth Rock
|move|p2a: Tentacruel|Knock Off|p1a: Celebi
|-supereffective|p1a: Celebi
|-damage|p1a: Celebi|85/100
|-enditem|p1a: Celebi|Leftovers|[from] move: Knock Off|[of] p2a: Tentacruel
|
|-heal|p2a: Tentacruel|94/100 brn|[from] item: Black Sludge
|-damage|p2a: Tentacruel|82/100 brn|[from] brn
|upkeep
|turn|5
|
|t:|1743944428
|switch|p1a: Starmie|Starmie, shiny|100/100
|-damage|p1a: Starmie|88/100|[from] Stealth Rock
|move|p2a: Tentacruel|Toxic|p1a: Starmie
|-status|p1a: Starmie|tox
|
|-heal|p2a: Tentacruel|88/100 brn|[from] item: Black Sludge
|-damage|p1a: Starmie|82/100 tox|[from] psn
|-damage|p2a: Tentacruel|75/100 brn|[from] brn
|upkeep
|turn|6
|
|t:|1743944452
|move|p1a: Starmie|Trick|p2a: Tentacruel
|-activate|p1a: Starmie|move: Trick|[of] p2a: Tentacruel
|-item|p2a: Tentacruel|Choice Specs|[from] move: Trick
|-item|p1a: Starmie|Black Sludge|[from] move: Trick
|move|p2a: Tentacruel|Knock Off|p1a: Starmie
|-supereffective|p1a: Starmie
|-damage|p1a: Starmie|78/100 tox
|-enditem|p1a: Starmie|Black Sludge|[from] move: Knock Off|[of] p2a: Tentacruel
|
|-damage|p1a: Starmie|65/100 tox|[from] psn
|-damage|p2a: Tentacruel|63/100 brn|[from] brn
|upkeep
|turn|7
|
|t:|1743944467
|-curestatus|p1a: Starmie|tox|[from] ability: Natural Cure
|switch|p1a: Celebi|Celebi|85/100
|-damage|p1a: Celebi|73/100|[from] Stealth Rock
|switch|p2a: Rotom|Rotom-Wash|88/100 brn
|
|-heal|p2a: Rotom|94/100 brn|[from] item: Leftovers
|-damage|p2a: Rotom|82/100 brn|[from] brn
|upkeep
|turn|8
|
|t:|1743944479
|move|p1a: Celebi|Giga Drain|p2a: Rotom
|-supereffective|p2a: Rotom
|-damage|p2a: Rotom|30/100 brn
|-heal|p1a: Celebi|92/100|[from] drain|[of] p2a: Rotom
|move|p2a: Rotom|Volt Switch|p1a: Celebi
|-resisted|p1a: Celebi
|-damage|p1a: Celebi|82/100
|j| skillfullbeing
|
|t:|1743944493
|switch|p2a: Garchomp|Garchomp, M|100/100|[from] Volt Switch
|
|upkeep
|turn|9
|
|t:|1743944502
|move|p2a: Garchomp|Outrage|p1a: Celebi
|-damage|p1a: Celebi|28/100
|move|p1a: Celebi|Psychic|p2a: Garchomp
|-damage|p2a: Garchomp|64/100
|
|upkeep
|turn|10
|
|t:|1743944519
|switch|p1a: Heatran|Heatran, M, shiny|82/100
|-damage|p1a: Heatran|70/100|[from] Stealth Rock
|move|p2a: Garchomp|Outrage|p1a: Heatran|[from] lockedmove
|-resisted|p1a: Heatran
|-damage|p1a: Heatran|42/100
|-start|p2a: Garchomp|confusion|[fatigue]
|
|upkeep
|turn|11
|
|t:|1743944530
|switch|p2a: Rotom|Rotom-Wash|30/100 brn
|move|p1a: Heatran|Will-O-Wisp|p2a: Rotom
|-fail|p2a: Rotom|brn
|
|-heal|p2a: Rotom|37/100 brn|[from] item: Leftovers
|-damage|p2a: Rotom|24/100 brn|[from] brn
|upkeep
|turn|12
|
|t:|1743944542
|move|p2a: Rotom|Volt Switch|p1a: Heatran
|-damage|p1a: Heatran|23/100
|
|t:|1743944545
|switch|p2a: Tentacruel|Tentacruel, M|63/100 brn|[from] Volt Switch
|move|p1a: Heatran|Stealth Rock|p2a: Tentacruel
|-sidestart|p2: feiting|move: Stealth Rock
|
|-damage|p2a: Tentacruel|51/100 brn|[from] brn
|upkeep
|turn|13
|
|t:|1743944557
|switch|p1a: Celebi|Celebi|28/100
|-damage|p1a: Celebi|16/100|[from] Stealth Rock
|move|p2a: Tentacruel|Scald|p1a: Celebi
|-resisted|p1a: Celebi
|-damage|p1a: Celebi|5/100
|
|-damage|p2a: Tentacruel|38/100 brn|[from] brn
|upkeep
|turn|14
|
|t:|1743944569
|move|p1a: Celebi|Recover|p1a: Celebi
|-heal|p1a: Celebi|55/100
|move|p2a: Tentacruel|Scald|p1a: Celebi
|-resisted|p1a: Celebi
|-damage|p1a: Celebi|45/100
|-status|p1a: Celebi|brn
|
|-damage|p1a: Celebi|32/100 brn|[from] brn
|-damage|p2a: Tentacruel|26/100 brn|[from] brn
|upkeep
|turn|15
|
|t:|1743944580
|move|p1a: Celebi|Recover|p1a: Celebi
|-heal|p1a: Celebi|82/100 brn
|move|p2a: Tentacruel|Scald|p1a: Celebi
|-resisted|p1a: Celebi
|-damage|p1a: Celebi|72/100 brn
|
|-damage|p1a: Celebi|59/100 brn|[from] brn
|-damage|p2a: Tentacruel|14/100 brn|[from] brn
|upkeep
|turn|16
|
|t:|1743944589
|move|p1a: Celebi|Recover|p1a: Celebi
|-heal|p1a: Celebi|100/100 brn
|move|p2a: Tentacruel|Scald|p1a: Celebi
|-resisted|p1a: Celebi
|-damage|p1a: Celebi|90/100 brn
|
|-damage|p1a: Celebi|77/100 brn|[from] brn
|-damage|p2a: Tentacruel|1/100 brn|[from] brn
|upkeep
|turn|17
|
|t:|1743944600
|move|p1a: Celebi|Giga Drain|p2a: Tentacruel
|-damage|p2a: Tentacruel|0 fnt
|-heal|p1a: Celebi|78/100 brn|[from] drain|[of] p2a: Tentacruel
|faint|p2a: Tentacruel
|
|-damage|p1a: Celebi|65/100 brn|[from] brn
|upkeep
|
|t:|1743944608
|switch|p2a: Magnezone|Magnezone|100/100
|-damage|p2a: Magnezone|94/100|[from] Stealth Rock
|-item|p2a: Magnezone|Air Balloon
|turn|18
|
|t:|1743944615
|move|p1a: Celebi|Thunder Wave|p2a: Magnezone
|-status|p2a: Magnezone|par
|move|p2a: Magnezone|Thunderbolt|p1a: Celebi
|-resisted|p1a: Celebi
|-damage|p1a: Celebi|50/100 brn
|
|-damage|p1a: Celebi|38/100 brn|[from] brn
|upkeep
|turn|19
|
|t:|1743944625
|move|p1a: Celebi|Recover|p1a: Celebi
|-heal|p1a: Celebi|88/100 brn
|move|p2a: Magnezone|Volt Switch|p1a: Celebi
|-resisted|p1a: Celebi
|-damage|p1a: Celebi|76/100 brn
|
|t:|1743944632
|switch|p2a: Garchomp|Garchomp, M|64/100|[from] Volt Switch
|-damage|p2a: Garchomp|57/100|[from] Stealth Rock
|
|-damage|p1a: Celebi|64/100 brn|[from] brn
|upkeep
|turn|20
|
|t:|1743944641
|move|p2a: Garchomp|Outrage|p1a: Celebi
|-damage|p1a: Celebi|11/100 brn
|move|p1a: Celebi|Psychic|p2a: Garchomp
|-damage|p2a: Garchomp|21/100
|
|-damage|p1a: Celebi|0 fnt|[from] brn
|faint|p1a: Celebi
|upkeep
|
|t:|1743944664
|switch|p1a: Starmie|Starmie, shiny|65/100
|-damage|p1a: Starmie|53/100|[from] Stealth Rock
|turn|21
|
|t:|1743944669
|move|p1a: Starmie|Hydro Pump|p2a: Garchomp
|-damage|p2a: Garchomp|0 fnt
|faint|p2a: Garchomp
|
|upkeep
|l| skillfullbeing
|
|t:|1743944677
|switch|p2a: Kyurem|Kyurem-Black|100/100
|-damage|p2a: Kyurem|76/100|[from] Stealth Rock
|-ability|p2a: Kyurem|Teravolt
|turn|22
|
|t:|1743944683
|move|p2a: Kyurem|Fusion Bolt|p1a: Starmie
|-supereffective|p1a: Starmie
|-crit|p1a: Starmie
|-damage|p1a: Starmie|0 fnt
|faint|p1a: Starmie
|
|upkeep
|
|t:|1743944700
|switch|p1a: Jirachi|Jirachi, shiny|100/100
|-damage|p1a: Jirachi|94/100|[from] Stealth Rock
|turn|23
|
|t:|1743944708
|switch|p2a: Magnezone|Magnezone|94/100 par
|-damage|p2a: Magnezone|88/100 par|[from] Stealth Rock
|-item|p2a: Magnezone|Air Balloon
|move|p1a: Jirachi|Iron Head|p2a: Magnezone
|-resisted|p2a: Magnezone
|-damage|p2a: Magnezone|80/100 par
|-enditem|p2a: Magnezone|Air Balloon
|
|upkeep
|turn|24
|
|t:|1743944718
|move|p1a: Jirachi|Iron Head|p2a: Magnezone
|-resisted|p2a: Magnezone
|-crit|p2a: Magnezone
|-damage|p2a: Magnezone|62/100 par
|cant|p2a: Magnezone|flinch
|
|upkeep
|turn|25
|
|t:|1743944725
|move|p1a: Jirachi|Iron Head|p2a: Magnezone
|-resisted|p2a: Magnezone
|-damage|p2a: Magnezone|53/100 par
|cant|p2a: Magnezone|par
|
|upkeep
|turn|26
|
|t:|1743944731
|move|p1a: Jirachi|Iron Head|p2a: Magnezone
|-resisted|p2a: Magnezone
|-damage|p2a: Magnezone|44/100 par
|cant|p2a: Magnezone|flinch
|
|upkeep
|turn|27
|
|t:|1743944738
|move|p1a: Jirachi|Iron Head|p2a: Magnezone
|-resisted|p2a: Magnezone
|-damage|p2a: Magnezone|34/100 par
|cant|p2a: Magnezone|flinch
|
|upkeep
|turn|28
|
|t:|1743944744
|move|p1a: Jirachi|Iron Head|p2a: Magnezone
|-resisted|p2a: Magnezone
|-damage|p2a: Magnezone|24/100 par
|cant|p2a: Magnezone|flinch
|
|upkeep
|turn|29
|
|t:|1743944750
|move|p1a: Jirachi|Iron Head|p2a: Magnezone
|-resisted|p2a: Magnezone
|-damage|p2a: Magnezone|14/100 par
|cant|p2a: Magnezone|flinch
|
|upkeep
|turn|30
|
|t:|1743944756
|move|p1a: Jirachi|Iron Head|p2a: Magnezone
|-resisted|p2a: Magnezone
|-damage|p2a: Magnezone|5/100 par
|cant|p2a: Magnezone|par
|
|upkeep
|turn|31
|
|t:|1743944762
|move|p1a: Jirachi|Iron Head|p2a: Magnezone
|-resisted|p2a: Magnezone
|-damage|p2a: Magnezone|0 fnt
|faint|p2a: Magnezone
|
|upkeep
|
|t:|1743944768
|switch|p2a: Rotom|Rotom-Wash|24/100 brn
|-damage|p2a: Rotom|12/100 brn|[from] Stealth Rock
|turn|32
|
|t:|1743944773
|move|p1a: Jirachi|Iron Head|p2a: Rotom
|-resisted|p2a: Rotom
|-damage|p2a: Rotom|2/100 brn
|move|p2a: Rotom|Hydro Pump|p1a: Jirachi
|-damage|p1a: Jirachi|37/100
|
|-heal|p2a: Rotom|9/100 brn|[from] item: Leftovers
|-damage|p2a: Rotom|0 fnt|[from] brn
|faint|p2a: Rotom
|upkeep
|
|t:|1743944783
|switch|p2a: Kyurem|Kyurem-Black|76/100
|-damage|p2a: Kyurem|51/100|[from] Stealth Rock
|-ability|p2a: Kyurem|Teravolt
|turn|33
|
|t:|1743944791
|move|p1a: Jirachi|Iron Head|p2a: Kyurem
|-supereffective|p2a: Kyurem
|-damage|p2a: Kyurem|0 fnt
|faint|p2a: Kyurem
|
|upkeep
|
|t:|1743944796
|switch|p2a: Mamoswine|Mamoswine, M|100/100
|-damage|p2a: Mamoswine|88/100|[from] Stealth Rock
|turn|34
|
|t:|1743944801
|move|p1a: Jirachi|Iron Head|p2a: Mamoswine
|-supereffective|p2a: Mamoswine
|-damage|p2a: Mamoswine|10/100
|cant|p2a: Mamoswine|flinch
|
|upkeep
|turn|35
|
|t:|1743944808
|move|p1a: Jirachi|Iron Head|p2a: Mamoswine
|-supereffective|p2a: Mamoswine
|-damage|p2a: Mamoswine|0 fnt
|faint|p2a: Mamoswine
|
|win|baixiaohen
|raw|baixiaohen's rating: 1375 &rarr; <strong>1392</strong><br />(+17 for winning)
|raw|feiting's rating: 1325 &rarr; <strong>1308</strong><br />(-17 for losing)
|l| Ferrispoke
|c|☆baixiaohen|是的哥们，这就是基拉祈
