|j|☆white ice water
|j|☆BWR wtfteam
|t:|1719708121
|gametype|singles
|player|p1|white ice water|2|1327
|player|p2|BWR wtfteam|170|1277
|teamsize|p1|6
|teamsize|p2|6
|gen|5
|tier|[Gen 5] OU
|rated|
|rule|Species Clause: Limit one of each Pokémon
|rule|OHKO Clause: OHKO moves are banned
|rule|Moody Clause: Moody is banned
|rule|Evasion Items Clause: Evasion items are banned
|rule|Evasion Moves Clause: Evasion moves are banned
|rule|Endless Battle Clause: Forcing endless battles is banned
|rule|HP Percentage Mod: HP is shown in percentages
|rule|Evasion Abilities Clause: Evasion abilities are banned
|rule|Sleep Moves Clause: Sleep-inducing moves are banned
|rule|Swagger Clause: Swagger is banned
|rule|Baton Pass Stat Clause: No Baton Passer may have a way to boost its stats
|clearpoke
|poke|p1|Toxicroak, F|item
|poke|p1|Latios, M|item
|poke|p1|Magnezone|item
|poke|p1|Chandelure, M|item
|poke|p1|Skarmory, F|item
|poke|p1|Blissey, F|item
|poke|p2|Tyranitar, F|item
|poke|p2|Xatu, F|item
|poke|p2|Seismitoad, F|item
|poke|p2|Excadrill, M|item
|poke|p2|Volcarona, F|item
|poke|p2|Latios, M|item
|teampreview
|
|t:|1719708138
|start
|switch|p1a: Latios|Latios, M|100/100
|switch|p2a: Volcarona|Volcarona, F|100/100
|turn|1
|
|t:|1719708143
|switch|p1a: Chandelure|Chandelure, M|100/100
|move|p2a: Volcarona|Bug Buzz|p1a: Chandelure
|-resisted|p1a: Chandelure
|-damage|p1a: Chandelure|79/100
|
|upkeep
|turn|2
|
|t:|1719708153
|switch|p1a: Toxicroak|Toxicroak, F|100/100
|switch|p2a: Tyranitar|Tyranitar, F|100/100
|-weather|Sandstorm|[from] ability: Sand Stream|[of] p2a: Tyranitar
|
|-weather|Sandstorm|[upkeep]
|-damage|p1a: Toxicroak|94/100|[from] Sandstorm
|-heal|p1a: Toxicroak|100/100|[from] item: Black Sludge
|upkeep
|turn|3
|inactive|Battle timer is ON: inactive players will automatically lose when time's up. (requested by white ice water)
|
|t:|1719708182
|switch|p2a: Xatu|Xatu, F|100/100
|move|p1a: Toxicroak|Drain Punch|p2a: Xatu
|-resisted|p2a: Xatu
|-damage|p2a: Xatu|94/100
|-damage|p1a: Toxicroak|84/100|[from] item: Rocky Helmet|[of] p2a: Xatu
|
|-weather|Sandstorm|[upkeep]
|-damage|p2a: Xatu|88/100|[from] Sandstorm
|-damage|p1a: Toxicroak|78/100|[from] Sandstorm
|-heal|p1a: Toxicroak|84/100|[from] item: Black Sludge
|upkeep
|turn|4
|
|t:|1719708194
|switch|p1a: Magnezone|Magnezone|100/100
|move|p2a: Xatu|Night Shade|p1a: Magnezone
|-damage|p1a: Magnezone|65/100
|
|-weather|Sandstorm|[upkeep]
|-damage|p2a: Xatu|82/100|[from] Sandstorm
|upkeep
|turn|5
|
|t:|1719708206
|switch|p1a: Skarmory|Skarmory, F|100/100
|switch|p2a: Seismitoad|Seismitoad, F|100/100
|
|-weather|Sandstorm|[upkeep]
|upkeep
|turn|6
|
|t:|1719708218
|switch|p2a: Xatu|Xatu, F|82/100
|move|p1a: Skarmory|Stealth Rock|p2a: Xatu
|move|p2a: Xatu|Stealth Rock|p1a: Skarmory|[from]ability: Magic Bounce
|-sidestart|p1: white ice water|move: Stealth Rock
|
|-weather|Sandstorm|[upkeep]
|-damage|p2a: Xatu|76/100|[from] Sandstorm
|upkeep
|turn|7
|-message|white ice water forfeited.
|
|win|BWR wtfteam
|raw|white ice water's rating: 1327 &rarr; <strong>1304</strong><br />(-23 for losing)
|raw|BWR wtfteam's rating: 1277 &rarr; <strong>1306</strong><br />(+29 for winning)
|l|☆white ice water
|player|p1|
