|j|☆porrompompom
|j|☆Darktar
|player|p1|porrompompom|2|1564
|player|p2|Darktar|209|1309
|teamsize|p1|6
|teamsize|p2|6
|gametype|singles
|gen|5
|tier|[Gen 5] OU
|rated|
|rule|Sleep Clause Mod: Limit one foe put to sleep
|rule|Species Clause: Limit one of each Pokémon
|rule|OHKO Clause: OHKO moves are banned
|rule|Moody Clause: Moody is banned
|rule|Evasion Moves Clause: Evasion moves are banned
|rule|Endless Battle Clause: Forcing endless battles is banned
|rule|HP Percentage Mod: HP is shown in percentages
|rule|Evasion Abilities Clause: Evasion abilities are banned
|rule|Baton Pass Clause: Limit one Baton Passer, can't pass Spe and other stats simultaneously
|rule|Swagger Clause: Swagger is banned
|clearpoke
|poke|p1|Breloom, F|item
|poke|p1|Thundurus-Therian, M|item
|poke|p1|Excadrill, M|item
|poke|p1|Slowking, F|item
|poke|p1|Heatran, M|item
|poke|p1|Latios, M|item
|poke|p2|Landorus-Therian, M|item
|poke|p2|Salamence, F|item
|poke|p2|Rotom-Wash|item
|poke|p2|Starmie|item
|poke|p2|Ferrothorn, F|item
|poke|p2|Garchomp, M|item
|teampreview
|inactive|Battle timer is ON: inactive players will automatically lose when time's up. (requested by porrompompom)
|
|start
|switch|p1a: Thundurus|Thundurus-Therian, M|100/100
|switch|p2a: Salamence|Salamence, F|100/100
|turn|1
|
|switch|p2a: Ferrothorn|Ferrothorn, F|100/100
|move|p1a: Thundurus|Hidden Power|p2a: Ferrothorn
|-damage|p2a: Ferrothorn|80/100
|
|upkeep
|turn|2
|
|switch|p1a: Breloom|Breloom, F|100/100
|move|p2a: Ferrothorn|Leech Seed|p1a: Breloom
|-immune|p1a: Breloom
|
|-status|p1a: Breloom|tox|[from] item: Toxic Orb
|upkeep
|turn|3
|
|move|p1a: Breloom|Spore|p2a: Ferrothorn
|-status|p2a: Ferrothorn|slp|[from] move: Spore
|cant|p2a: Ferrothorn|slp
|
|upkeep
|turn|4
|
|switch|p2a: Landorus|Landorus-Therian, M|100/100
|-ability|p2a: Landorus|Intimidate|boost
|-unboost|p1a: Breloom|atk|1
|move|p1a: Breloom|Swords Dance|p1a: Breloom
|-boost|p1a: Breloom|atk|2
|
|upkeep
|turn|5
|
|move|p2a: Landorus|U-turn|p1a: Breloom
|-damage|p1a: Breloom|60/100 tox
|
|switch|p2a: Ferrothorn|Ferrothorn, F|80/100 slp|[from]move: U-turn
|move|p1a: Breloom|Seed Bomb|p2a: Ferrothorn
|-resisted|p2a: Ferrothorn
|-damage|p2a: Ferrothorn|68/100 slp
|
|-heal|p1a: Breloom|73/100 tox|[from] ability: Poison Heal
|upkeep
|turn|6
|
|switch|p2a: Landorus|Landorus-Therian, M|100/100
|-ability|p2a: Landorus|Intimidate|boost
|-unboost|p1a: Breloom|atk|1
|move|p1a: Breloom|Drain Punch|p2a: Landorus
|-resisted|p2a: Landorus
|-damage|p2a: Landorus|74/100
|-heal|p1a: Breloom|89/100 tox|[from] drain|[of] p2a: Landorus
|
|-heal|p1a: Breloom|100/100 tox|[from] ability: Poison Heal
|upkeep
|turn|7
|
|move|p2a: Landorus|U-turn|p1a: Breloom
|-damage|p1a: Breloom|62/100 tox
|
|switch|p2a: Starmie|Starmie|100/100|[from]move: U-turn
|move|p1a: Breloom|Seed Bomb|p2a: Starmie
|-supereffective|p2a: Starmie
|-damage|p2a: Starmie|0 fnt
|faint|p2a: Starmie
|
|-heal|p1a: Breloom|74/100 tox|[from] ability: Poison Heal
|upkeep
|
|switch|p2a: Salamence|Salamence, F|100/100
|turn|8
|
|switch|p1a: Slowking|Slowking, F|100/100
|move|p2a: Salamence|Draco Meteor|p1a: Slowking
|-damage|p1a: Slowking|46/100
|-unboost|p2a: Salamence|spa|2
|-damage|p2a: Salamence|91/100|[from] item: Life Orb
|
|-heal|p1a: Slowking|52/100|[from] item: Leftovers
|upkeep
|turn|9
|
|switch|p2a: Rotom|Rotom-Wash|100/100
|move|p1a: Slowking|Slack Off|p1a: Slowking
|-heal|p1a: Slowking|100/100
|
|upkeep
|turn|10
|
|switch|p2a: Landorus|Landorus-Therian, M|74/100
|-ability|p2a: Landorus|Intimidate|boost
|-unboost|p1a: Slowking|atk|1
|switch|p1a: Breloom|Breloom, F|74/100 tox
|
|-heal|p1a: Breloom|86/100 tox|[from] ability: Poison Heal
|upkeep
|turn|11
|
|move|p2a: Landorus|U-turn|p1a: Breloom
|-damage|p1a: Breloom|41/100 tox
|
|switch|p2a: Salamence|Salamence, F|91/100|[from]move: U-turn
|move|p1a: Breloom|Drain Punch|p2a: Salamence
|-resisted|p2a: Salamence
|-damage|p2a: Salamence|64/100
|-heal|p1a: Breloom|58/100 tox|[from] drain|[of] p2a: Salamence
|
|-heal|p1a: Breloom|70/100 tox|[from] ability: Poison Heal
|upkeep
|turn|12
|
|switch|p1a: Slowking|Slowking, F|100/100
|move|p2a: Salamence|Draco Meteor|p1a: Slowking|[miss]
|-miss|p2a: Salamence|p1a: Slowking
|
|upkeep
|turn|13
|
|switch|p2a: Rotom|Rotom-Wash|100/100
|move|p1a: Slowking|Thunder Wave|p2a: Rotom
|-status|p2a: Rotom|par
|
|upkeep
|turn|14
|
|switch|p1a: Breloom|Breloom, F|70/100 tox
|move|p2a: Rotom|Volt Switch|p1a: Breloom
|-resisted|p1a: Breloom
|-damage|p1a: Breloom|45/100 tox
|
|switch|p2a: Salamence|Salamence, F|64/100|[from]move: Volt Switch
|
|-heal|p1a: Breloom|57/100 tox|[from] ability: Poison Heal
|upkeep
|turn|15
|
|switch|p1a: Slowking|Slowking, F|100/100
|move|p2a: Salamence|Draco Meteor|p1a: Slowking
|-crit|p1a: Slowking
|-damage|p1a: Slowking|0 fnt
|-unboost|p2a: Salamence|spa|2
|-damage|p2a: Salamence|54/100|[from] item: Life Orb
|faint|p1a: Slowking
|-ability|p2a: Salamence|Moxie|boost
|-boost|p2a: Salamence|atk|1
|
|upkeep
|c|☆porrompompom|bop
|
|switch|p1a: Latios|Latios, M|100/100
|turn|16
|
|switch|p2a: Ferrothorn|Ferrothorn, F|68/100 slp
|move|p1a: Latios|Draco Meteor|p2a: Ferrothorn
|-resisted|p2a: Ferrothorn
|-damage|p2a: Ferrothorn|41/100 slp
|-unboost|p1a: Latios|spa|2
|
|upkeep
|turn|17
|
|switch|p1a: Breloom|Breloom, F|57/100 tox
|switch|p2a: Landorus|Landorus-Therian, M|74/100
|-ability|p2a: Landorus|Intimidate|boost
|-unboost|p1a: Breloom|atk|1
|
|-heal|p1a: Breloom|69/100 tox|[from] ability: Poison Heal
|upkeep
|turn|18
|
|move|p2a: Landorus|U-turn|p1a: Breloom
|-damage|p1a: Breloom|26/100 tox
|
|switch|p2a: Salamence|Salamence, F|54/100|[from]move: U-turn
|move|p1a: Breloom|Drain Punch|p2a: Salamence
|-resisted|p2a: Salamence
|-damage|p2a: Salamence|36/100
|-heal|p1a: Breloom|37/100 tox|[from] drain|[of] p2a: Salamence
|
|-heal|p1a: Breloom|50/100 tox|[from] ability: Poison Heal
|upkeep
|turn|19
|
|switch|p1a: Excadrill|Excadrill, M|100/100
|-ability|p1a: Excadrill|Mold Breaker
|move|p2a: Salamence|Earthquake|p1a: Excadrill
|-supereffective|p1a: Excadrill
|-damage|p1a: Excadrill|0 fnt
|-damage|p2a: Salamence|26/100|[from] item: Life Orb
|faint|p1a: Excadrill
|-ability|p2a: Salamence|Moxie|boost
|-boost|p2a: Salamence|atk|1
|
|upkeep
|
|switch|p1a: Latios|Latios, M|100/100
|turn|20
|
|switch|p2a: Ferrothorn|Ferrothorn, F|41/100 slp
|move|p1a: Latios|Draco Meteor|p2a: Ferrothorn
|-resisted|p2a: Ferrothorn
|-damage|p2a: Ferrothorn|16/100 slp
|-unboost|p1a: Latios|spa|2
|
|upkeep
|turn|21
|
|switch|p1a: Breloom|Breloom, F|50/100 tox
|switch|p2a: Landorus|Landorus-Therian, M|74/100
|-ability|p2a: Landorus|Intimidate|boost
|-unboost|p1a: Breloom|atk|1
|
|-heal|p1a: Breloom|62/100 tox|[from] ability: Poison Heal
|upkeep
|turn|22
|
|move|p2a: Landorus|U-turn|p1a: Breloom
|-damage|p1a: Breloom|18/100 tox
|
|switch|p2a: Ferrothorn|Ferrothorn, F|16/100 slp|[from]move: U-turn
|move|p1a: Breloom|Drain Punch|p2a: Ferrothorn
|-supereffective|p2a: Ferrothorn
|-damage|p2a: Ferrothorn|0 fnt
|-heal|p1a: Breloom|29/100 tox|[from] drain|[of] p2a: Ferrothorn
|-damage|p1a: Breloom|17/100 tox|[from] ability: Iron Barbs|[of] p2a: Ferrothorn
|faint|p2a: Ferrothorn
|
|-heal|p1a: Breloom|29/100 tox|[from] ability: Poison Heal
|upkeep
|
|switch|p2a: Landorus|Landorus-Therian, M|74/100
|-ability|p2a: Landorus|Intimidate|boost
|-unboost|p1a: Breloom|atk|1
|turn|23
|
|move|p2a: Landorus|U-turn|p1a: Breloom
|-crit|p1a: Breloom
|-damage|p1a: Breloom|0 fnt
|faint|p1a: Breloom
|
|switch|p2a: Rotom|Rotom-Wash|100/100 par|[from]move: U-turn
|
|upkeep
|
|switch|p1a: Thundurus|Thundurus-Therian, M|100/100
|turn|24
|
|move|p1a: Thundurus|Nasty Plot|p1a: Thundurus
|-boost|p1a: Thundurus|spa|2
|move|p2a: Rotom|Hydro Pump|p1a: Thundurus
|-damage|p1a: Thundurus|49/100
|
|-heal|p1a: Thundurus|55/100|[from] item: Leftovers
|upkeep
|turn|25
|
|move|p1a: Thundurus|Thunderbolt|p2a: Rotom
|-damage|p2a: Rotom|14/100 par
|move|p2a: Rotom|Hydro Pump|p1a: Thundurus
|-damage|p1a: Thundurus|2/100
|
|-heal|p1a: Thundurus|8/100|[from] item: Leftovers
|-heal|p2a: Rotom|20/100 par|[from] item: Leftovers
|upkeep
|turn|26
|
|move|p1a: Thundurus|Hidden Power|p2a: Rotom
|-resisted|p2a: Rotom
|-damage|p2a: Rotom|0 fnt
|faint|p2a: Rotom
|
|-heal|p1a: Thundurus|14/100|[from] item: Leftovers
|upkeep
|
|switch|p2a: Garchomp|Garchomp, M|100/100
|turn|27
|
|switch|p1a: Heatran|Heatran, M|100/100
|move|p2a: Garchomp|Dragon Claw|p1a: Heatran
|-resisted|p1a: Heatran
|-damage|p1a: Heatran|81/100
|
|-heal|p1a: Heatran|88/100|[from] item: Leftovers
|upkeep
|turn|28
|
|move|p2a: Garchomp|Dragon Claw|p1a: Heatran
|-resisted|p1a: Heatran
|-damage|p1a: Heatran|69/100
|move|p1a: Heatran|Stealth Rock|p2a: Garchomp
|-sidestart|p2: Darktar|move: Stealth Rock
|
|-heal|p1a: Heatran|75/100|[from] item: Leftovers
|upkeep
|turn|29
|
|switch|p1a: Thundurus|Thundurus-Therian, M|14/100
|move|p2a: Garchomp|Earthquake|p1a: Thundurus
|-immune|p1a: Thundurus
|
|-heal|p1a: Thundurus|20/100|[from] item: Leftovers
|upkeep
|turn|30
|
|move|p2a: Garchomp|Dragon Claw|p1a: Thundurus
|-damage|p1a: Thundurus|0 fnt
|faint|p1a: Thundurus
|
|upkeep
|
|switch|p1a: Latios|Latios, M|100/100
|turn|31
|
|switch|p2a: Salamence|Salamence, F|26/100
|-damage|p2a: Salamence|2/100|[from] Stealth Rock
|move|p1a: Latios|Draco Meteor|p2a: Salamence|[miss]
|-miss|p1a: Latios|p2a: Salamence
|
|upkeep
|turn|32
|
|move|p1a: Latios|Draco Meteor|p2a: Salamence|[miss]
|-miss|p1a: Latios|p2a: Salamence
|move|p2a: Salamence|Outrage|p1a: Latios
|-supereffective|p1a: Latios
|-damage|p1a: Latios|0 fnt
|-damage|p2a: Salamence|0 fnt|[from] item: Life Orb
|faint|p1a: Latios
|faint|p2a: Salamence
|
|upkeep
|c|☆porrompompom|did that just actually happen
|inactive|porrompompom has 120 seconds left.
|
|switch|p1a: Heatran|Heatran, M|75/100
|switch|p2a: Landorus|Landorus-Therian, M|74/100
|-damage|p2a: Landorus|62/100|[from] Stealth Rock
|-ability|p2a: Landorus|Intimidate|boost
|-unboost|p1a: Heatran|atk|1
|turn|33
|c|☆porrompompom|"g"g?
|
|move|p2a: Landorus|Earthquake|p1a: Heatran
|-supereffective|p1a: Heatran
|-damage|p1a: Heatran|0 fnt
|faint|p1a: Heatran
|
|win|Darktar
|raw|porrompompom's rating: 1564 &rarr; <strong>1531</strong><br />(-33 for losing)
|raw|Darktar's rating: 1310 &rarr; <strong>1342</strong><br />(+32 for winning)
