|j|☆patcheele~
|j|☆BWVC BookofConke
|t:|1709831910
|gametype|singles
|player|p1|patcheele~|psychic-gen2|1309
|player|p2|BWVC BookofConke|silver|1367
|teamsize|p1|6
|teamsize|p2|6
|gen|5
|tier|[Gen 5] OU
|rated|
|rule|Species Clause: Limit one of each Pokémon
|rule|OHKO Clause: OHKO moves are banned
|rule|Moody Clause: Moody is banned
|rule|Evasion Items Clause: Evasion items are banned
|rule|Evasion Moves Clause: Evasion moves are banned
|rule|Endless Battle Clause: Forcing endless battles is banned
|rule|HP Percentage Mod: HP is shown in percentages
|rule|Evasion Abilities Clause: Evasion abilities are banned
|rule|Sleep Moves Clause: Sleep-inducing moves are banned
|rule|Swagger Clause: Swagger is banned
|rule|Baton Pass Stat Clause: No Baton Passer may have a way to boost its stats
|clearpoke
|poke|p1|Tyranitar, M|item
|poke|p1|Alakazam, M|item
|poke|p1|Latios, M|item
|poke|p1|Ferrothorn, F|item
|poke|p1|Keldeo|item
|poke|p1|Landorus-Therian, M|item
|poke|p2|Tyranitar, M|item
|poke|p2|Amoonguss, M|item
|poke|p2|Excadrill, F|item
|poke|p2|Gliscor, F|item
|poke|p2|Keldeo|item
|poke|p2|Mamoswine, F|item
|teampreview
|
|t:|1709831919
|start
|switch|p1a: Keldeo|Keldeo|100/100
|switch|p2a: Gliscor|Gliscor, F|100/100
|turn|1
|
|t:|1709831926
|switch|p2a: Amoonguss|Amoonguss, M|100/100
|move|p1a: Keldeo|Scald|p2a: Amoonguss
|-resisted|p2a: Amoonguss
|-crit|p2a: Amoonguss
|-damage|p2a: Amoonguss|71/100
|
|-heal|p2a: Amoonguss|77/100|[from] item: Black Sludge
|upkeep
|turn|2
|
|t:|1709831935
|switch|p1a: Ferrothorn|Ferrothorn, F|100/100
|move|p2a: Amoonguss|Stun Spore|p1a: Ferrothorn
|-status|p1a: Ferrothorn|par
|
|-heal|p2a: Amoonguss|83/100|[from] item: Black Sludge
|upkeep
|turn|3
|j| BVRZUM
|l| BVRZUM
|
|t:|1709831941
|move|p2a: Amoonguss|Hidden Power|p1a: Ferrothorn
|-supereffective|p1a: Ferrothorn
|-damage|p1a: Ferrothorn|57/100 par
|move|p1a: Ferrothorn|Spikes|p2a: Amoonguss
|-sidestart|p2: BWVC BookofConke|Spikes
|
|-heal|p2a: Amoonguss|90/100|[from] item: Black Sludge
|upkeep
|turn|4
|
|t:|1709831951
|move|p2a: Amoonguss|Hidden Power|p1a: Ferrothorn
|-supereffective|p1a: Ferrothorn
|-damage|p1a: Ferrothorn|18/100 par
|cant|p1a: Ferrothorn|par
|
|-heal|p2a: Amoonguss|96/100|[from] item: Black Sludge
|upkeep
|turn|5
|j| ouku type c
|
|t:|1709831959
|switch|p2a: Excadrill|Excadrill, F|100/100
|-damage|p2a: Excadrill|88/100|[from] Spikes
|switch|p1a: Tyranitar|Tyranitar, M|100/100
|-weather|Sandstorm|[from] ability: Sand Stream|[of] p1a: Tyranitar
|
|-weather|Sandstorm|[upkeep]
|-heal|p2a: Excadrill|94/100|[from] item: Leftovers
|upkeep
|turn|6
|
|t:|1709831989
|switch|p2a: Gliscor|Gliscor, F|100/100
|switch|p1a: Landorus|Landorus-Therian, M|100/100
|-ability|p1a: Landorus|Intimidate|boost
|-unboost|p2a: Gliscor|atk|1
|
|-weather|Sandstorm|[upkeep]
|-status|p2a: Gliscor|tox|[from] item: Toxic Orb
|upkeep
|turn|7
|
|t:|1709832000
|move|p1a: Landorus|Stealth Rock|p2a: Gliscor
|-sidestart|p2: BWVC BookofConke|move: Stealth Rock
|move|p2a: Gliscor|Stealth Rock|p1a: Landorus
|-sidestart|p1: patcheele~|move: Stealth Rock
|
|-weather|Sandstorm|[upkeep]
|upkeep
|turn|8
|
|t:|1709832008
|move|p1a: Landorus|Hidden Power|p2a: Gliscor
|-supereffective|p2a: Gliscor
|-damage|p2a: Gliscor|43/100 tox
|move|p2a: Gliscor|U-turn|p1a: Landorus
|-resisted|p1a: Landorus
|-damage|p1a: Landorus|96/100
|
|t:|1709832020
|switch|p2a: Keldeo|Keldeo|100/100|[from] U-turn
|-damage|p2a: Keldeo|88/100|[from] Spikes
|-damage|p2a: Keldeo|82/100|[from] Stealth Rock
|
|-weather|Sandstorm|[upkeep]
|-damage|p2a: Keldeo|76/100|[from] Sandstorm
|-heal|p2a: Keldeo|82/100|[from] item: Leftovers
|-heal|p1a: Landorus|100/100|[from] item: Leftovers
|upkeep
|turn|9
|
|t:|1709832039
|switch|p1a: Ferrothorn|Ferrothorn, F|18/100 par
|-damage|p1a: Ferrothorn|12/100 par|[from] Stealth Rock
|move|p2a: Keldeo|Scald|p1a: Ferrothorn
|-resisted|p1a: Ferrothorn
|-damage|p1a: Ferrothorn|0 fnt
|faint|p1a: Ferrothorn
|
|-weather|Sandstorm|[upkeep]
|-damage|p2a: Keldeo|76/100|[from] Sandstorm
|-heal|p2a: Keldeo|82/100|[from] item: Leftovers
|upkeep
|
|t:|1709832049
|switch|p1a: Alakazam|Alakazam, M|100/100
|turn|10
|
|t:|1709832059
|switch|p2a: Gliscor|Gliscor, F|43/100 tox
|-damage|p2a: Gliscor|30/100 tox|[from] Stealth Rock
|move|p1a: Alakazam|Grass Knot|p2a: Gliscor
|-damage|p2a: Gliscor|5/100 tox
|
|-weather|Sandstorm|[upkeep]
|-heal|p2a: Gliscor|18/100 tox|[from] ability: Poison Heal
|upkeep
|turn|11
|
|t:|1709832068
|move|p2a: Gliscor|Protect|p2a: Gliscor
|-singleturn|p2a: Gliscor|Protect
|move|p1a: Alakazam|Psychic|p2a: Gliscor
|-activate|p2a: Gliscor|move: Protect
|
|-weather|Sandstorm|[upkeep]
|-heal|p2a: Gliscor|30/100 tox|[from] ability: Poison Heal
|upkeep
|turn|12
|
|t:|1709832078
|switch|p2a: Tyranitar|Tyranitar, M|100/100
|-damage|p2a: Tyranitar|88/100|[from] Spikes
|-damage|p2a: Tyranitar|76/100|[from] Stealth Rock
|move|p1a: Alakazam|Psychic|p2a: Tyranitar
|-immune|p2a: Tyranitar
|
|-weather|Sandstorm|[upkeep]
|upkeep
|turn|13
|
|t:|1709832086
|move|p1a: Alakazam|Grass Knot|p2a: Tyranitar
|-supereffective|p2a: Tyranitar
|-damage|p2a: Tyranitar|23/100
|move|p2a: Tyranitar|Pursuit|p1a: Alakazam
|-supereffective|p1a: Alakazam
|-damage|p1a: Alakazam|7/100
|
|-weather|Sandstorm|[upkeep]
|upkeep
|turn|14
|
|t:|1709832127
|move|p1a: Alakazam|Grass Knot|p2a: Tyranitar
|-supereffective|p2a: Tyranitar
|-damage|p2a: Tyranitar|0 fnt
|faint|p2a: Tyranitar
|
|-weather|Sandstorm|[upkeep]
|upkeep
|inactive|Battle timer is ON: inactive players will automatically lose when time's up. (requested by patcheele~)
|
|t:|1709832133
|switch|p2a: Mamoswine|Mamoswine, F|100/100
|-damage|p2a: Mamoswine|88/100|[from] Spikes
|-damage|p2a: Mamoswine|76/100|[from] Stealth Rock
|turn|15
|
|t:|1709832138
|switch|p1a: Keldeo|Keldeo|100/100
|-damage|p1a: Keldeo|94/100|[from] Stealth Rock
|move|p2a: Mamoswine|Ice Shard|p1a: Keldeo
|-resisted|p1a: Keldeo
|-damage|p1a: Keldeo|74/100
|
|-weather|Sandstorm|[upkeep]
|-damage|p1a: Keldeo|68/100|[from] Sandstorm
|-heal|p1a: Keldeo|74/100|[from] item: Leftovers
|upkeep
|turn|16
|
|t:|1709832152
|switch|p2a: Keldeo|Keldeo|82/100
|-damage|p2a: Keldeo|70/100|[from] Spikes
|-damage|p2a: Keldeo|63/100|[from] Stealth Rock
|move|p1a: Keldeo|Scald|p2a: Keldeo
|-resisted|p2a: Keldeo
|-damage|p2a: Keldeo|41/100
|
|-weather|Sandstorm|[upkeep]
|-damage|p1a: Keldeo|68/100|[from] Sandstorm
|-damage|p2a: Keldeo|35/100|[from] Sandstorm
|-heal|p1a: Keldeo|74/100|[from] item: Leftovers
|-heal|p2a: Keldeo|41/100|[from] item: Leftovers
|upkeep
|turn|17
|
|t:|1709832167
|move|p1a: Keldeo|Secret Sword|p2a: Keldeo
|-damage|p2a: Keldeo|0 fnt
|faint|p2a: Keldeo
|
|-weather|Sandstorm|[upkeep]
|-damage|p1a: Keldeo|68/100|[from] Sandstorm
|-heal|p1a: Keldeo|74/100|[from] item: Leftovers
|upkeep
|
|t:|1709832175
|switch|p2a: Amoonguss|Amoonguss, M|100/100
|-damage|p2a: Amoonguss|88/100|[from] Spikes
|-damage|p2a: Amoonguss|76/100|[from] Stealth Rock
|turn|18
|
|t:|1709832181
|move|p1a: Keldeo|Hidden Power|p2a: Amoonguss
|-supereffective|p2a: Amoonguss
|-damage|p2a: Amoonguss|45/100
|move|p2a: Amoonguss|Stun Spore|p1a: Keldeo
|-status|p1a: Keldeo|par
|
|-weather|Sandstorm|[upkeep]
|-damage|p2a: Amoonguss|38/100|[from] Sandstorm
|-damage|p1a: Keldeo|68/100 par|[from] Sandstorm
|-heal|p2a: Amoonguss|45/100|[from] item: Black Sludge
|-heal|p1a: Keldeo|74/100 par|[from] item: Leftovers
|upkeep
|turn|19
|
|t:|1709832193
|move|p2a: Amoonguss|Giga Drain|p1a: Keldeo
|-supereffective|p1a: Keldeo
|-damage|p1a: Keldeo|19/100 par
|-heal|p2a: Amoonguss|65/100|[from] drain|[of] p1a: Keldeo
|move|p1a: Keldeo|Hidden Power|p2a: Amoonguss
|-supereffective|p2a: Amoonguss
|-damage|p2a: Amoonguss|29/100
|
|-weather|Sandstorm|[upkeep]
|-damage|p2a: Amoonguss|23/100|[from] Sandstorm
|-damage|p1a: Keldeo|13/100 par|[from] Sandstorm
|-heal|p2a: Amoonguss|29/100|[from] item: Black Sludge
|-heal|p1a: Keldeo|19/100 par|[from] item: Leftovers
|upkeep
|turn|20
|
|t:|1709832210
|switch|p2a: Excadrill|Excadrill, F|94/100
|-damage|p2a: Excadrill|82/100|[from] Spikes
|-damage|p2a: Excadrill|79/100|[from] Stealth Rock
|move|p1a: Keldeo|Protect||[still]
|-fail|p1a: Keldeo
|
|-weather|Sandstorm|[upkeep]
|-damage|p1a: Keldeo|13/100 par|[from] Sandstorm
|-heal|p2a: Excadrill|85/100|[from] item: Leftovers
|-heal|p1a: Keldeo|19/100 par|[from] item: Leftovers
|upkeep
|turn|21
|
|t:|1709832221
|move|p2a: Excadrill|Rapid Spin|p1a: Keldeo
|-damage|p1a: Keldeo|13/100 par
|-sideend|p2: BWVC BookofConke|Spikes|[from] move: Rapid Spin|[of] p2a: Excadrill
|-sideend|p2: BWVC BookofConke|Stealth Rock|[from] move: Rapid Spin|[of] p2a: Excadrill
|move|p1a: Keldeo|Scald|p2a: Excadrill
|-supereffective|p2a: Excadrill
|-damage|p2a: Excadrill|0 fnt
|faint|p2a: Excadrill
|
|-weather|Sandstorm|[upkeep]
|-damage|p1a: Keldeo|6/100 par|[from] Sandstorm
|-heal|p1a: Keldeo|13/100 par|[from] item: Leftovers
|upkeep
|inactive|BWVC BookofConke has 120 seconds left.
|
|t:|1709832246
|switch|p2a: Amoonguss|Amoonguss, M|62/100
|turn|22
|
|t:|1709832251
|move|p2a: Amoonguss|Giga Drain|p1a: Keldeo
|-supereffective|p1a: Keldeo
|-damage|p1a: Keldeo|0 fnt
|-heal|p2a: Amoonguss|67/100|[from] drain|[of] p1a: Keldeo
|faint|p1a: Keldeo
|
|-weather|Sandstorm|[upkeep]
|-damage|p2a: Amoonguss|61/100|[from] Sandstorm
|-heal|p2a: Amoonguss|67/100|[from] item: Black Sludge
|upkeep
|l| ouku type c
|
|t:|1709832259
|switch|p1a: Alakazam|Alakazam, M|7/100
|turn|23
|
|t:|1709832265
|switch|p2a: Gliscor|Gliscor, F|30/100 tox
|move|p1a: Alakazam|Psychic|p2a: Gliscor
|-damage|p2a: Gliscor|0 fnt
|faint|p2a: Gliscor
|
|-weather|Sandstorm|[upkeep]
|upkeep
|
|t:|1709832272
|switch|p2a: Mamoswine|Mamoswine, F|76/100
|turn|24
|
|t:|1709832276
|switch|p1a: Tyranitar|Tyranitar, M|100/100
|-damage|p1a: Tyranitar|88/100|[from] Stealth Rock
|move|p2a: Mamoswine|Ice Shard|p1a: Tyranitar
|-damage|p1a: Tyranitar|60/100
|
|-weather|Sandstorm|[upkeep]
|upkeep
|turn|25
|
|t:|1709832283
|switch|p2a: Amoonguss|Amoonguss, M|99/100
|move|p1a: Tyranitar|Flamethrower|p2a: Amoonguss
|-supereffective|p2a: Amoonguss
|-damage|p2a: Amoonguss|67/100
|
|-weather|Sandstorm|[upkeep]
|-damage|p2a: Amoonguss|61/100|[from] Sandstorm
|-heal|p2a: Amoonguss|67/100|[from] item: Black Sludge
|upkeep
|turn|26
|
|t:|1709832300
|move|p1a: Tyranitar|Thunder Wave|p2a: Amoonguss
|-status|p2a: Amoonguss|par
|move|p2a: Amoonguss|Giga Drain|p1a: Tyranitar
|-supereffective|p1a: Tyranitar
|-damage|p1a: Tyranitar|39/100
|-heal|p2a: Amoonguss|77/100 par|[from] drain|[of] p1a: Tyranitar
|
|-weather|Sandstorm|[upkeep]
|-damage|p2a: Amoonguss|71/100 par|[from] Sandstorm
|-heal|p2a: Amoonguss|77/100 par|[from] item: Black Sludge
|upkeep
|turn|27
|
|t:|1709832311
|move|p1a: Tyranitar|Crunch|p2a: Amoonguss
|-damage|p2a: Amoonguss|35/100 par
|move|p2a: Amoonguss|Giga Drain|p1a: Tyranitar
|-supereffective|p1a: Tyranitar
|-damage|p1a: Tyranitar|17/100
|-heal|p2a: Amoonguss|46/100 par|[from] drain|[of] p1a: Tyranitar
|
|-weather|Sandstorm|[upkeep]
|-damage|p2a: Amoonguss|40/100 par|[from] Sandstorm
|-heal|p2a: Amoonguss|46/100 par|[from] item: Black Sludge
|upkeep
|turn|28
|
|t:|1709832322
|move|p1a: Tyranitar|Crunch|p2a: Amoonguss
|-damage|p2a: Amoonguss|2/100 par
|move|p2a: Amoonguss|Giga Drain|p1a: Tyranitar
|-supereffective|p1a: Tyranitar
|-damage|p1a: Tyranitar|0 fnt
|-heal|p2a: Amoonguss|9/100 par|[from] drain|[of] p1a: Tyranitar
|faint|p1a: Tyranitar
|
|-weather|Sandstorm|[upkeep]
|-damage|p2a: Amoonguss|3/100 par|[from] Sandstorm
|-heal|p2a: Amoonguss|9/100 par|[from] item: Black Sludge
|upkeep
|
|t:|1709832329
|switch|p1a: Alakazam|Alakazam, M|7/100
|turn|29
|
|t:|1709832336
|move|p1a: Alakazam|Psychic|p2a: Amoonguss
|-supereffective|p2a: Amoonguss
|-damage|p2a: Amoonguss|0 fnt
|faint|p2a: Amoonguss
|
|-weather|Sandstorm|[upkeep]
|upkeep
|
|t:|1709832340
|switch|p2a: Mamoswine|Mamoswine, F|76/100
|turn|30
|
|t:|1709832344
|move|p2a: Mamoswine|Ice Shard|p1a: Alakazam
|-damage|p1a: Alakazam|0 fnt
|faint|p1a: Alakazam
|
|-weather|Sandstorm|[upkeep]
|upkeep
|
|t:|1709832346
|switch|p1a: Landorus|Landorus-Therian, M|100/100
|-damage|p1a: Landorus|88/100|[from] Stealth Rock
|-ability|p1a: Landorus|Intimidate|boost
|-unboost|p2a: Mamoswine|atk|1
|turn|31
|
|t:|1709832352
|move|p2a: Mamoswine|Ice Shard|p1a: Landorus
|-supereffective|p1a: Landorus
|-crit|p1a: Landorus
|-damage|p1a: Landorus|0 fnt
|faint|p1a: Landorus
|
|-weather|Sandstorm|[upkeep]
|upkeep
|
|t:|1709832355
|switch|p1a: Latios|Latios, M|100/100
|-damage|p1a: Latios|88/100|[from] Stealth Rock
|turn|32
|
|t:|1709832359
|move|p2a: Mamoswine|Ice Shard|p1a: Latios
|-supereffective|p1a: Latios
|-damage|p1a: Latios|24/100
|move|p1a: Latios|Surf|p2a: Mamoswine
|-supereffective|p2a: Mamoswine
|-damage|p2a: Mamoswine|0 fnt
|faint|p2a: Mamoswine
|
|win|patcheele~
|raw|patcheele~'s rating: 1309 &rarr; <strong>1332</strong><br />(+23 for winning)
|raw|BWVC BookofConke's rating: 1367 &rarr; <strong>1344</strong><br />(-23 for losing)
|c|☆patcheele~|gg
