|j|☆torinoko city
|j|☆EnYEETed
|t:|1711230816
|gametype|singles
|player|p1|torinoko city|miku-flying|1572
|player|p2|EnYEETed|clown|1430
|teamsize|p1|6
|teamsize|p2|6
|gen|5
|tier|[Gen 5] OU
|rated|
|rule|Species Clause: Limit one of each Pokémon
|rule|OHKO Clause: OHKO moves are banned
|rule|Moody Clause: Moody is banned
|rule|Evasion Items Clause: Evasion items are banned
|rule|Evasion Moves Clause: Evasion moves are banned
|rule|Endless Battle Clause: Forcing endless battles is banned
|rule|HP Percentage Mod: HP is shown in percentages
|rule|Evasion Abilities Clause: Evasion abilities are banned
|rule|Sleep Moves Clause: Sleep-inducing moves are banned
|rule|Swagger Clause: Swagger is banned
|rule|Baton Pass Stat Clause: No Baton Passer may have a way to boost its stats
|clearpoke
|poke|p1|Tyranitar, M|item
|poke|p1|Skarmory, M|item
|poke|p1|Alakazam, F|item
|poke|p1|Gastrodon, F|item
|poke|p1|Gliscor, F|item
|poke|p1|Reuniclus, M|item
|poke|p2|Toxicroak, M|item
|poke|p2|Bronzong|item
|poke|p2|Weavile, F|item
|poke|p2|Donphan, M|item
|poke|p2|Infernape, M|item
|poke|p2|Zapdos|item
|teampreview
|inactive|Battle timer is ON: inactive players will automatically lose when time's up. (requested by torinoko city)
|
|t:|1711230840
|start
|switch|p1a: Gliscor|Gliscor, F|100/100
|switch|p2a: Zapdos|Zapdos|100/100
|-ability|p2a: Zapdos|Pressure
|turn|1
|j| Dark_Aura69
|
|t:|1711230850
|move|p1a: Gliscor|Protect|p1a: Gliscor
|-singleturn|p1a: Gliscor|Protect
|move|p2a: Zapdos|Heat Wave|p1a: Gliscor
|-activate|p1a: Gliscor|move: Protect
|
|-status|p1a: Gliscor|tox|[from] item: Toxic Orb
|upkeep
|turn|2
|
|t:|1711230854
|switch|p1a: Gastrodon|Gastrodon, F|100/100
|move|p2a: Zapdos|Hidden Power|p1a: Gastrodon
|-damage|p1a: Gastrodon|79/100
|
|upkeep
|turn|3
|
|t:|1711230877
|switch|p2a: PilkPhrog|Toxicroak, M, shiny|100/100
|move|p1a: Gastrodon|Scald|p2a: PilkPhrog
|-immune|p2a: PilkPhrog|[from] ability: Dry Skin
|
|upkeep
|turn|4
|
|t:|1711230887
|move|p2a: PilkPhrog|Drain Punch|p1a: Gastrodon
|-damage|p1a: Gastrodon|48/100
|-enditem|p1a: Gastrodon|Sitrus Berry|[eat]
|-heal|p1a: Gastrodon|73/100|[from] item: Sitrus Berry
|move|p1a: Gastrodon|Earth Power|p2a: PilkPhrog
|-supereffective|p2a: PilkPhrog
|-damage|p2a: PilkPhrog|5/100
|
|upkeep
|turn|5
|
|t:|1711230898
|move|p2a: PilkPhrog|Drain Punch|p1a: Gastrodon
|-damage|p1a: Gastrodon|39/100
|-heal|p2a: PilkPhrog|28/100|[from] drain|[of] p1a: Gastrodon
|move|p1a: Gastrodon|Ice Beam|p2a: PilkPhrog
|-damage|p2a: PilkPhrog|0 fnt
|faint|p2a: PilkPhrog
|
|upkeep
|
|t:|1711230913
|switch|p2a: UTurnToMonke|Infernape, M|100/100
|turn|6
|
|t:|1711230916
|move|p2a: UTurnToMonke|Close Combat|p1a: Gastrodon
|-damage|p1a: Gastrodon|0 fnt
|-unboost|p2a: UTurnToMonke|def|1
|-unboost|p2a: UTurnToMonke|spd|1
|faint|p1a: Gastrodon
|-damage|p2a: UTurnToMonke|91/100|[from] item: Life Orb
|
|upkeep
|
|t:|1711230922
|switch|p1a: Gliscor|Gliscor, F|100/100 tox
|turn|7
|
|t:|1711230928
|switch|p2a: Zapdos|Zapdos|100/100
|-ability|p2a: Zapdos|Pressure
|move|p1a: Gliscor|Protect||[still]
|-fail|p1a: Gliscor
|
|upkeep
|turn|8
|
|t:|1711230937
|switch|p1a: Tyranitar|Tyranitar, M|100/100
|-weather|Sandstorm|[from] ability: Sand Stream|[of] p1a: Tyranitar
|move|p2a: Zapdos|Heat Wave|p1a: Tyranitar
|-resisted|p1a: Tyranitar
|-crit|p1a: Tyranitar
|-damage|p1a: Tyranitar|84/100
|
|-weather|Sandstorm|[upkeep]
|-damage|p2a: Zapdos|94/100|[from] Sandstorm
|upkeep
|turn|9
|
|t:|1711230942
|move|p2a: Zapdos|Volt Switch|p1a: Tyranitar
|-damage|p1a: Tyranitar|66/100
|
|t:|1711230949
|switch|p2a: UTurnToMonke|Infernape, M|91/100|[from] Volt Switch
|move|p1a: Tyranitar|Rock Slide|p2a: UTurnToMonke
|-damage|p2a: UTurnToMonke|26/100
|
|-weather|Sandstorm|[upkeep]
|-damage|p2a: UTurnToMonke|20/100|[from] Sandstorm
|upkeep
|turn|10
|
|t:|1711230969
|switch|p1a: Gliscor|Gliscor, F|100/100 tox
|move|p2a: UTurnToMonke|Hidden Power|p1a: Gliscor
|-supereffective|p1a: Gliscor
|-damage|p1a: Gliscor|0 fnt
|faint|p1a: Gliscor
|-damage|p2a: UTurnToMonke|10/100|[from] item: Life Orb
|
|-weather|Sandstorm|[upkeep]
|-damage|p2a: UTurnToMonke|4/100|[from] Sandstorm
|upkeep
|
|t:|1711230976
|switch|p1a: Reuniclus|Reuniclus, M|100/100
|turn|11
|
|t:|1711230982
|move|p2a: UTurnToMonke|Fire Punch|p1a: Reuniclus
|-damage|p1a: Reuniclus|66/100
|-damage|p2a: UTurnToMonke|0 fnt|[from] item: Life Orb
|faint|p2a: UTurnToMonke
|move|p1a: Reuniclus|Calm Mind|p1a: Reuniclus
|-boost|p1a: Reuniclus|spa|1
|-boost|p1a: Reuniclus|spd|1
|
|-weather|Sandstorm|[upkeep]
|upkeep
|
|t:|1711230989
|switch|p2a: NoFear|Weavile, F|100/100
|-ability|p2a: NoFear|Pressure
|turn|12
|
|t:|1711230996
|move|p2a: NoFear|Night Slash|p1a: Reuniclus
|-supereffective|p1a: Reuniclus
|-crit|p1a: Reuniclus
|-damage|p1a: Reuniclus|0 fnt
|faint|p1a: Reuniclus
|
|-weather|Sandstorm|[upkeep]
|-damage|p2a: NoFear|94/100|[from] Sandstorm
|upkeep
|
|t:|1711231002
|switch|p1a: Tyranitar|Tyranitar, M|66/100
|turn|13
|
|t:|1711231024
|switch|p2a: Don Juan|Donphan, M|100/100
|move|p1a: Tyranitar|Rock Slide|p2a: Don Juan
|-resisted|p2a: Don Juan
|-damage|p2a: Don Juan|86/100
|
|-weather|Sandstorm|[upkeep]
|-heal|p2a: Don Juan|92/100|[from] item: Leftovers
|upkeep
|turn|14
|
|t:|1711231039
|switch|p1a: Skarmory|Skarmory, M|100/100
|switch|p2a: Live Màs|Bronzong|100/100
|
|-weather|Sandstorm|[upkeep]
|upkeep
|turn|15
|
|t:|1711231042
|move|p1a: Skarmory|Spikes|p2a: Live Màs
|-sidestart|p2: EnYEETed|Spikes
|move|p2a: Live Màs|Hidden Power|p1a: Skarmory
|-supereffective|p1a: Skarmory
|-damage|p1a: Skarmory|77/100
|
|-weather|Sandstorm|[upkeep]
|upkeep
|turn|16
|
|t:|1711231048
|switch|p2a: Zapdos|Zapdos|94/100
|-ability|p2a: Zapdos|Pressure
|move|p1a: Skarmory|Spikes|p2a: Zapdos
|-sidestart|p2: EnYEETed|Spikes
|
|-weather|Sandstorm|[upkeep]
|-damage|p2a: Zapdos|88/100|[from] Sandstorm
|upkeep
|turn|17
|
|t:|1711231056
|switch|p1a: Tyranitar|Tyranitar, M|66/100
|move|p2a: Zapdos|Volt Switch|p1a: Tyranitar
|-damage|p1a: Tyranitar|47/100
|
|t:|1711231067
|switch|p2a: Don Juan|Donphan, M|92/100|[from] Volt Switch
|-damage|p2a: Don Juan|76/100|[from] Spikes
|
|-weather|Sandstorm|[upkeep]
|-heal|p2a: Don Juan|82/100|[from] item: Leftovers
|upkeep
|turn|18
|
|t:|1711231075
|move|p1a: Tyranitar|Fire Blast|p2a: Don Juan
|-damage|p2a: Don Juan|43/100
|move|p2a: Don Juan|Head Smash|p1a: Tyranitar
|-damage|p1a: Tyranitar|4/100
|-damage|p2a: Don Juan|17/100|[from] Recoil
|
|-weather|Sandstorm|[upkeep]
|-heal|p2a: Don Juan|23/100|[from] item: Leftovers
|upkeep
|turn|19
|
|t:|1711231086
|move|p2a: Don Juan|Ice Shard|p1a: Tyranitar
|-damage|p1a: Tyranitar|0 fnt
|faint|p1a: Tyranitar
|
|-weather|Sandstorm|[upkeep]
|-heal|p2a: Don Juan|29/100|[from] item: Leftovers
|upkeep
|
|t:|1711231089
|switch|p1a: Skarmory|Skarmory, M|77/100
|turn|20
|
|t:|1711231098
|switch|p2a: Zapdos|Zapdos|88/100
|-ability|p2a: Zapdos|Pressure
|move|p1a: Skarmory|Spikes|p2a: Zapdos
|-sidestart|p2: EnYEETed|Spikes
|
|-weather|Sandstorm|[upkeep]
|-damage|p2a: Zapdos|82/100|[from] Sandstorm
|upkeep
|turn|21
|
|t:|1711231103
|move|p2a: Zapdos|Volt Switch|p1a: Skarmory
|-supereffective|p1a: Skarmory
|-damage|p1a: Skarmory|0 fnt
|faint|p1a: Skarmory
|
|t:|1711231106
|switch|p2a: Live Màs|Bronzong|100/100|[from] Volt Switch
|
|-weather|Sandstorm|[upkeep]
|upkeep
|
|t:|1711231109
|switch|p1a: Alakazam|Alakazam, F|100/100
|turn|22
|c|☆EnYEETed|gg
|c|☆torinoko city|gg
|c|☆EnYEETed|Wp
|
|t:|1711231118
|move|p1a: Alakazam|Signal Beam|p2a: Live Màs
|-damage|p2a: Live Màs|74/100
|move|p2a: Live Màs|Gyro Ball|p1a: Alakazam
|-enditem|p1a: Alakazam|Focus Sash
|-damage|p1a: Alakazam|1/100
|
|-weather|Sandstorm|[upkeep]
|upkeep
|turn|23
|
|t:|1711231126
|move|p1a: Alakazam|Signal Beam|p2a: Live Màs
|-damage|p2a: Live Màs|49/100
|-start|p2a: Live Màs|confusion
|-activate|p2a: Live Màs|confusion
|move|p2a: Live Màs|Gyro Ball|p1a: Alakazam
|-damage|p1a: Alakazam|0 fnt
|faint|p1a: Alakazam
|
|win|EnYEETed
|raw|torinoko city's rating: 1572 &rarr; <strong>1544</strong><br />(-28 for losing)
|raw|EnYEETed's rating: 1430 &rarr; <strong>1458</strong><br />(+28 for winning)
|l|☆torinoko city
|player|p1|
|c|☆EnYEETed|Hmmm
|c|☆EnYEETed|U know any good reun answers?
