|j|☆nbvgcfhg
|j|☆TheSMZ
|t:|1746586638
|gametype|singles
|player|p1|nbvgcfhg|lady-gen4|1424
|player|p2|TheSMZ|red|1379
|teamsize|p1|6
|teamsize|p2|6
|gen|5
|tier|[Gen 5] OU
|rated|
|rule|Species Clause: Limit one of each Pokémon
|rule|OHKO Clause: OHKO moves are banned
|rule|Moody Clause: Moody is banned
|rule|Evasion Items Clause: Evasion items are banned
|rule|Evasion Moves Clause: Evasion moves are banned
|rule|Endless Battle Clause: Forcing endless battles is banned
|rule|HP Percentage Mod: HP is shown in percentages
|rule|Evasion Abilities Clause: Evasion abilities are banned
|rule|Sleep Moves Clause: Sleep-inducing moves are banned
|rule|Swagger Clause: Swagger is banned
|rule|Baton Pass Stat Clause: No Baton Passer may have a way to boost its stats
|clearpoke
|poke|p1|Slowking, F|item
|poke|p1|Excadrill, M|item
|poke|p1|Kyurem|item
|poke|p1|Skarmory, F|item
|poke|p1|Tyranitar, M|item
|poke|p1|Quagsire, F|item
|poke|p2|Garchomp, M|item
|poke|p2|Dragonite, M|item
|poke|p2|Magnezone|item
|poke|p2|Latios, M|item
|poke|p2|Kyurem-Black|item
|poke|p2|Excadrill, M|item
|teampreview
|inactive|Battle timer is ON: inactive players will automatically lose when time's up. (requested by TheSMZ)
|
|t:|1746586648
|start
|switch|p1a: Slowking|Slowking, F, shiny|100/100
|switch|p2a: Latios|Latios, M|100/100
|turn|1
|
|t:|1746586654
|move|p2a: Latios|Dragon Pulse|p1a: Slowking
|-damage|p1a: Slowking|54/100
|move|p1a: Slowking|Ice Beam|p2a: Latios
|-supereffective|p2a: Latios
|-damage|p2a: Latios|51/100
|-status|p2a: Latios|frz
|
|upkeep
|turn|2
|
|t:|1746586664
|switch|p1a: Tyranitar|Tyranitar, M, shiny|100/100
|-weather|Sandstorm|[from] ability: Sand Stream|[of] p1a: Tyranitar
|cant|p2a: Latios|frz
|
|-weather|Sandstorm|[upkeep]
|-damage|p2a: Latios|45/100 frz|[from] Sandstorm
|upkeep
|turn|3
|
|t:|1746586671
|cant|p2a: Latios|frz
|move|p1a: Tyranitar|Pursuit|p2a: Latios
|-supereffective|p2a: Latios
|-damage|p2a: Latios|0 fnt
|faint|p2a: Latios
|
|-weather|Sandstorm|[upkeep]
|upkeep
|
|t:|1746586684
|switch|p2a: Excadrill|Excadrill, M|100/100
|-ability|p2a: Excadrill|Mold Breaker
|turn|4
|
|t:|1746586691
|switch|p1a: Skarmory|Skarmory, F, shiny|100/100
|move|p2a: Excadrill|Iron Head|p1a: Skarmory
|-resisted|p1a: Skarmory
|-damage|p1a: Skarmory|85/100
|
|-weather|Sandstorm|[upkeep]
|upkeep
|turn|5
|
|t:|1746586697
|switch|p2a: Magnezone|Magnezone|100/100
|-item|p2a: Magnezone|Air Balloon
|move|p1a: Skarmory|Roost|p1a: Skarmory
|-heal|p1a: Skarmory|100/100
|-singleturn|p1a: Skarmory|move: Roost
|
|-weather|Sandstorm|[upkeep]
|upkeep
|turn|6
|
|t:|1746586707
|switch|p1a: Quagsire|Quagsire, F, shiny|100/100
|move|p2a: Magnezone|Thunderbolt|p1a: Quagsire
|-immune|p1a: Quagsire
|
|-weather|Sandstorm|[upkeep]
|upkeep
|turn|7
|
|t:|1746586713
|move|p2a: Magnezone|Sunny Day|p2a: Magnezone
|-weather|SunnyDay
|move|p1a: Quagsire|Curse|p1a: Quagsire
|-unboost|p1a: Quagsire|spe|1
|-boost|p1a: Quagsire|atk|1
|-boost|p1a: Quagsire|def|1
|
|-weather|SunnyDay|[upkeep]
|upkeep
|turn|8
|
|t:|1746586732
|switch|p2a: Kyurem|Kyurem-Black|100/100
|-ability|p2a: Kyurem|Teravolt
|move|p1a: Quagsire|Curse|p1a: Quagsire
|-unboost|p1a: Quagsire|spe|1
|-boost|p1a: Quagsire|atk|1
|-boost|p1a: Quagsire|def|1
|
|-weather|SunnyDay|[upkeep]
|upkeep
|turn|9
|
|t:|1746586741
|move|p2a: Kyurem|Outrage|p1a: Quagsire
|-damage|p1a: Quagsire|74/100
|move|p1a: Quagsire|Curse|p1a: Quagsire
|-unboost|p1a: Quagsire|spe|1
|-boost|p1a: Quagsire|atk|1
|-boost|p1a: Quagsire|def|1
|
|-weather|SunnyDay|[upkeep]
|-heal|p1a: Quagsire|80/100|[from] item: Leftovers
|upkeep
|turn|10
|
|t:|1746586749
|move|p2a: Kyurem|Outrage|p1a: Quagsire|[from] lockedmove
|-damage|p1a: Quagsire|60/100
|move|p1a: Quagsire|Curse|p1a: Quagsire
|-unboost|p1a: Quagsire|spe|1
|-boost|p1a: Quagsire|atk|1
|-boost|p1a: Quagsire|def|1
|
|-weather|SunnyDay|[upkeep]
|-heal|p1a: Quagsire|66/100|[from] item: Leftovers
|upkeep
|turn|11
|
|t:|1746586758
|move|p2a: Kyurem|Outrage|p1a: Quagsire|[from] lockedmove
|-damage|p1a: Quagsire|47/100
|-start|p2a: Kyurem|confusion|[fatigue]
|move|p1a: Quagsire|Curse|p1a: Quagsire
|-unboost|p1a: Quagsire|spe|1
|-boost|p1a: Quagsire|atk|1
|-boost|p1a: Quagsire|def|1
|
|-weather|none
|-heal|p1a: Quagsire|53/100|[from] item: Leftovers
|upkeep
|turn|12
|
|t:|1746586767
|-activate|p2a: Kyurem|confusion
|-damage|p2a: Kyurem|86/100|[from] confusion
|move|p1a: Quagsire|Recover|p1a: Quagsire
|-heal|p1a: Quagsire|100/100
|
|upkeep
|turn|13
|
|t:|1746586776
|-activate|p2a: Kyurem|confusion
|-damage|p2a: Kyurem|72/100|[from] confusion
|move|p1a: Quagsire|Curse|p1a: Quagsire
|-unboost|p1a: Quagsire|spe|1
|-boost|p1a: Quagsire|atk|1
|-boost|p1a: Quagsire|def|1
|
|upkeep
|turn|14
|
|t:|1746586783
|-end|p2a: Kyurem|confusion
|move|p2a: Kyurem|Outrage|p1a: Quagsire
|-damage|p1a: Quagsire|87/100
|move|p1a: Quagsire|Amnesia|p1a: Quagsire
|-boost|p1a: Quagsire|spd|2
|
|-heal|p1a: Quagsire|93/100|[from] item: Leftovers
|upkeep
|turn|15
|
|t:|1746586791
|move|p2a: Kyurem|Outrage|p1a: Quagsire|[from] lockedmove
|-damage|p1a: Quagsire|79/100
|-start|p2a: Kyurem|confusion|[fatigue]
|move|p1a: Quagsire|Amnesia|p1a: Quagsire
|-boost|p1a: Quagsire|spd|2
|
|-heal|p1a: Quagsire|85/100|[from] item: Leftovers
|upkeep
|turn|16
|
|t:|1746586799
|-activate|p2a: Kyurem|confusion
|-damage|p2a: Kyurem|58/100|[from] confusion
|move|p1a: Quagsire|Amnesia|p1a: Quagsire
|-boost|p1a: Quagsire|spd|2
|
|-heal|p1a: Quagsire|91/100|[from] item: Leftovers
|upkeep
|turn|17
|
|t:|1746586805
|-activate|p2a: Kyurem|confusion
|move|p2a: Kyurem|Outrage|p1a: Quagsire
|-damage|p1a: Quagsire|77/100
|move|p1a: Quagsire|Waterfall|p2a: Kyurem
|-resisted|p2a: Kyurem
|-damage|p2a: Kyurem|14/100
|
|-heal|p1a: Quagsire|83/100|[from] item: Leftovers
|upkeep
|turn|18
|
|t:|1746586813
|-activate|p2a: Kyurem|confusion
|move|p2a: Kyurem|Outrage|p1a: Quagsire|[from] lockedmove
|-damage|p1a: Quagsire|71/100
|move|p1a: Quagsire|Waterfall|p2a: Kyurem
|-resisted|p2a: Kyurem
|-damage|p2a: Kyurem|0 fnt
|faint|p2a: Kyurem
|
|-heal|p1a: Quagsire|77/100|[from] item: Leftovers
|upkeep
|
|t:|1746586823
|switch|p2a: Garchomp|Garchomp, M|100/100
|turn|19
|
|t:|1746586826
|move|p2a: Garchomp|Outrage|p1a: Quagsire
|-damage|p1a: Quagsire|66/100
|move|p1a: Quagsire|Waterfall|p2a: Garchomp
|-damage|p2a: Garchomp|0 fnt
|-damage|p1a: Quagsire|53/100|[from] ability: Rough Skin|[of] p2a: Garchomp
|faint|p2a: Garchomp
|
|-heal|p1a: Quagsire|59/100|[from] item: Leftovers
|upkeep
|-message|TheSMZ forfeited.
|
|win|nbvgcfhg
|raw|nbvgcfhg's rating: 1424 &rarr; <strong>1441</strong><br />(+17 for winning)
|raw|TheSMZ's rating: 1379 &rarr; <strong>1362</strong><br />(-17 for losing)
|l|☆TheSMZ
|player|p2|
