|j|☆caramel choux
|j|☆Crowned Crystals ♔@!
|t:|1711735900
|gametype|singles
|player|p1|caramel choux|clair|1413
|player|p2|Crowned Crystals ♔|170|1505
|teamsize|p1|6
|teamsize|p2|6
|gen|5
|tier|[Gen 5] OU
|rated|
|rule|Species Clause: Limit one of each Pokémon
|rule|OHKO Clause: OHKO moves are banned
|rule|Moody Clause: Moody is banned
|rule|Evasion Items Clause: Evasion items are banned
|rule|Evasion Moves Clause: Evasion moves are banned
|rule|Endless Battle Clause: Forcing endless battles is banned
|rule|HP Percentage Mod: HP is shown in percentages
|rule|Evasion Abilities Clause: Evasion abilities are banned
|rule|Sleep Moves Clause: Sleep-inducing moves are banned
|rule|Swagger Clause: Swagger is banned
|rule|Baton Pass Stat Clause: No Baton Passer may have a way to boost its stats
|clearpoke
|poke|p1|Hippowdon, F|item
|poke|p1|Skarmory, M|item
|poke|p1|Jellicent, F|item
|poke|p1|Latios, M|item
|poke|p1|Alakazam, F|item
|poke|p1|Clefable, F|item
|poke|p2|Aerodactyl, M|item
|poke|p2|Abomasnow, F|item
|poke|p2|Garchomp, F|item
|poke|p2|Cloyster, M|item
|poke|p2|Latios, M|item
|poke|p2|Jirachi|item
|teampreview
|inactive|Battle timer is ON: inactive players will automatically lose when time's up. (requested by caramel choux)
|inactive|caramel choux has 120 seconds left.
|inactive|caramel choux has 90 seconds left.
|
|t:|1711735968
|start
|switch|p1a: fatality|Skarmory, M|100/100
|switch|p2a: TAKE FLIGHT|Aerodactyl, M|100/100
|-ability|p2a: TAKE FLIGHT|Pressure
|turn|1
|
|t:|1711735974
|move|p2a: TAKE FLIGHT|Taunt|p1a: fatality
|-start|p1a: fatality|move: Taunt
|move|p1a: fatality|Brave Bird|p2a: TAKE FLIGHT
|-resisted|p2a: TAKE FLIGHT
|-damage|p2a: TAKE FLIGHT|72/100
|-damage|p1a: fatality|92/100|[from] Recoil
|
|-heal|p1a: fatality|98/100|[from] item: Leftovers
|upkeep
|turn|2
|
|t:|1711735983
|move|p2a: TAKE FLIGHT|Stealth Rock|p1a: fatality
|-sidestart|p1: caramel choux|move: Stealth Rock
|move|p1a: fatality|Brave Bird|p2a: TAKE FLIGHT
|-resisted|p2a: TAKE FLIGHT
|-damage|p2a: TAKE FLIGHT|42/100
|-damage|p1a: fatality|89/100|[from] Recoil
|
|-heal|p1a: fatality|95/100|[from] item: Leftovers
|upkeep
|turn|3
|
|t:|1711736005
|move|p2a: TAKE FLIGHT|Double-Edge|p1a: fatality
|-resisted|p1a: fatality
|-damage|p1a: fatality|84/100
|-damage|p2a: TAKE FLIGHT|38/100|[from] Recoil
|move|p1a: fatality|Brave Bird|p2a: TAKE FLIGHT
|-resisted|p2a: TAKE FLIGHT
|-damage|p2a: TAKE FLIGHT|11/100
|-damage|p1a: fatality|76/100|[from] Recoil
|
|-heal|p1a: fatality|82/100|[from] item: Leftovers
|-end|p1a: fatality|move: Taunt
|upkeep
|turn|4
|
|t:|1711736017
|move|p2a: TAKE FLIGHT|Taunt|p1a: fatality
|-start|p1a: fatality|move: Taunt
|move|p1a: fatality|Brave Bird|p2a: TAKE FLIGHT
|-resisted|p2a: TAKE FLIGHT
|-damage|p2a: TAKE FLIGHT|0 fnt
|faint|p2a: TAKE FLIGHT
|-damage|p1a: fatality|78/100|[from] Recoil
|
|-heal|p1a: fatality|84/100|[from] item: Leftovers
|upkeep
|
|t:|1711736021
|switch|p2a: AIRI PEARL|Cloyster, M, shiny|100/100
|turn|5
|
|t:|1711736027
|move|p2a: AIRI PEARL|Shell Smash|p2a: AIRI PEARL
|-unboost|p2a: AIRI PEARL|def|1
|-unboost|p2a: AIRI PEARL|spd|1
|-boost|p2a: AIRI PEARL|atk|2
|-boost|p2a: AIRI PEARL|spa|2
|-boost|p2a: AIRI PEARL|spe|2
|move|p1a: fatality|Brave Bird|p2a: AIRI PEARL
|-damage|p2a: AIRI PEARL|61/100
|-damage|p1a: fatality|75/100|[from] Recoil
|
|-heal|p1a: fatality|81/100|[from] item: Leftovers
|upkeep
|turn|6
|
|t:|1711736032
|move|p2a: AIRI PEARL|Icicle Spear|p1a: fatality
|-damage|p1a: fatality|65/100
|-damage|p1a: fatality|48/100
|-crit|p1a: fatality
|-damage|p1a: fatality|11/100
|-damage|p1a: fatality|0 fnt
|faint|p1a: fatality
|-hitcount|p1: fatality|4
|
|upkeep
|-message|caramel choux forfeited.
|
|win|Crowned Crystals ♔
|raw|caramel choux's rating: 1413 &rarr; <strong>1398</strong><br />(-15 for losing)
|raw|Crowned Crystals ♔'s rating: 1505 &rarr; <strong>1520</strong><br />(+15 for winning)
|l|☆caramel choux
|player|p1|
|c|☆Crowned Crystals ♔|/log Crowned Crystals ♔ made this room public.
