|j|☆anglemort33
|j|☆Burpcoke
|t:|1724011410
|gametype|singles
|player|p1|anglemort33|265|1314
|player|p2|Burpcoke|brendan-gen3|1406
|teamsize|p1|6
|teamsize|p2|6
|gen|5
|tier|[Gen 5] OU
|rated|
|rule|Species Clause: Limit one of each Pokémon
|rule|OHKO Clause: OHKO moves are banned
|rule|Moody Clause: Moody is banned
|rule|Evasion Items Clause: Evasion items are banned
|rule|Evasion Moves Clause: Evasion moves are banned
|rule|Endless Battle Clause: Forcing endless battles is banned
|rule|HP Percentage Mod: HP is shown in percentages
|rule|Evasion Abilities Clause: Evasion abilities are banned
|rule|Sleep Moves Clause: Sleep-inducing moves are banned
|rule|Swagger Clause: Swagger is banned
|rule|Baton Pass Stat Clause: No Baton Passer may have a way to boost its stats
|clearpoke
|poke|p1|Tyranitar, F|item
|poke|p1|Skarmory, M|item
|poke|p1|Jellicent, F|item
|poke|p1|Latios, M|item
|poke|p1|Alakazam, M|item
|poke|p1|Gliscor, F|item
|poke|p2|Landorus-Therian, M|item
|poke|p2|Thundurus-Therian, M|item
|poke|p2|Tyranitar, M|item
|poke|p2|Forretress, F|item
|poke|p2|Slowbro, M|item
|poke|p2|Terrakion|item
|teampreview
|
|t:|1724011455
|start
|switch|p1a: ICANT|Gliscor, F|100/100
|switch|p2a: 1 In a million|Thundurus-Therian, M, shiny|100/100
|turn|1
|
|t:|1724011471
|move|p1a: ICANT|Protect|p1a: ICANT
|-singleturn|p1a: ICANT|Protect
|move|p2a: 1 In a million|Hidden Power|p1a: ICANT
|-activate|p1a: ICANT|move: Protect
|
|-status|p1a: ICANT|tox|[from] item: Toxic Orb
|upkeep
|turn|2
|
|t:|1724011476
|switch|p1a: Wokege|Latios, M|100/100
|move|p2a: 1 In a million|Hidden Power|p1a: Wokege
|-supereffective|p1a: Wokege
|-crit|p1a: Wokege
|-damage|p1a: Wokege|3/100
|
|upkeep
|turn|3
|j| My name is Blaise
|
|t:|1724011499
|switch|p1a: ICANT|Gliscor, F|100/100 tox
|switch|p2a: The Tar|Tyranitar, M, shiny|100/100
|-weather|Sandstorm|[from] ability: Sand Stream|[of] p2a: The Tar
|
|-weather|Sandstorm|[upkeep]
|upkeep
|turn|4
|
|t:|1724011509
|switch|p2a: Little Z|Landorus-Therian, M|100/100
|-ability|p2a: Little Z|Intimidate|boost
|-unboost|p1a: ICANT|atk|1
|move|p1a: ICANT|Stealth Rock|p2a: Little Z
|-sidestart|p2: Burpcoke|move: Stealth Rock
|
|-weather|Sandstorm|[upkeep]
|upkeep
|turn|5
|
|t:|1724011521
|switch|p1a: KEKW|Skarmory, M|100/100
|move|p2a: Little Z|Stealth Rock|p1a: KEKW
|-sidestart|p1: anglemort33|move: Stealth Rock
|
|-weather|Sandstorm|[upkeep]
|upkeep
|turn|6
|
|t:|1724011532
|switch|p2a: Four|Forretress, F, shiny|100/100
|-damage|p2a: Four|88/100|[from] Stealth Rock
|move|p1a: KEKW|Spikes|p2a: Four
|-sidestart|p2: Burpcoke|Spikes
|
|-weather|Sandstorm|[upkeep]
|-heal|p2a: Four|94/100|[from] item: Leftovers
|upkeep
|turn|7
|
|t:|1724011556
|switch|p1a: OkaygeBusiness|Jellicent, F|100/100
|-damage|p1a: OkaygeBusiness|88/100|[from] Stealth Rock
|switch|p2a: Critical Hit!|Terrakion|100/100
|-damage|p2a: Critical Hit!|94/100|[from] Stealth Rock
|-damage|p2a: Critical Hit!|82/100|[from] Spikes
|
|-weather|Sandstorm|[upkeep]
|-damage|p1a: OkaygeBusiness|82/100|[from] Sandstorm
|-heal|p1a: OkaygeBusiness|88/100|[from] item: Leftovers
|upkeep
|turn|8
|
|t:|1724011577
|move|p2a: Critical Hit!|Stone Edge|p1a: OkaygeBusiness
|-damage|p1a: OkaygeBusiness|10/100
|move|p1a: OkaygeBusiness|Will-O-Wisp|p2a: Critical Hit!
|-status|p2a: Critical Hit!|brn
|
|-weather|Sandstorm|[upkeep]
|-damage|p1a: OkaygeBusiness|4/100|[from] Sandstorm
|-heal|p1a: OkaygeBusiness|10/100|[from] item: Leftovers
|-damage|p2a: Critical Hit!|70/100 brn|[from] brn
|upkeep
|turn|9
|
|t:|1724011606
|switch|p1a: KEKW|Skarmory, M|100/100
|-damage|p1a: KEKW|88/100|[from] Stealth Rock
|move|p2a: Critical Hit!|Stone Edge|p1a: KEKW
|-damage|p1a: KEKW|61/100
|
|-weather|Sandstorm|[upkeep]
|-heal|p1a: KEKW|67/100|[from] item: Leftovers
|-damage|p2a: Critical Hit!|57/100 brn|[from] brn
|upkeep
|turn|10
|
|t:|1724011621
|move|p2a: Critical Hit!|Stone Edge|p1a: KEKW
|-damage|p1a: KEKW|38/100
|move|p1a: KEKW|Roost|p1a: KEKW
|-heal|p1a: KEKW|88/100
|-singleturn|p1a: KEKW|move: Roost
|
|-weather|Sandstorm|[upkeep]
|-heal|p1a: KEKW|94/100|[from] item: Leftovers
|-damage|p2a: Critical Hit!|45/100 brn|[from] brn
|upkeep
|turn|11
|
|t:|1724011627
|switch|p2a: Four|Forretress, F, shiny|94/100
|-damage|p2a: Four|82/100|[from] Stealth Rock
|-damage|p2a: Four|69/100|[from] Spikes
|move|p1a: KEKW|Spikes|p2a: Four
|-sidestart|p2: Burpcoke|Spikes
|
|-weather|Sandstorm|[upkeep]
|-heal|p1a: KEKW|99/100|[from] item: Leftovers
|-heal|p2a: Four|76/100|[from] item: Leftovers
|upkeep
|turn|12
|
|t:|1724011643
|switch|p1a: OkaygeBusiness|Jellicent, F|10/100
|-damage|p1a: OkaygeBusiness|0 fnt|[from] Stealth Rock
|faint|p1a: OkaygeBusiness
|switch|p2a: Little Z|Landorus-Therian, M|100/100
|-damage|p2a: Little Z|88/100|[from] Stealth Rock
|
|-weather|Sandstorm|[upkeep]
|upkeep
|
|t:|1724011683
|switch|p1a: KEKW|Skarmory, M|99/100
|-damage|p1a: KEKW|88/100|[from] Stealth Rock
|turn|13
|
|t:|1724011692
|move|p2a: Little Z|U-turn|p1a: KEKW
|-resisted|p1a: KEKW
|-damage|p1a: KEKW|83/100
|
|t:|1724011714
|switch|p2a: 1 In a million|Thundurus-Therian, M, shiny|100/100|[from] U-turn
|-damage|p2a: 1 In a million|76/100|[from] Stealth Rock
|move|p1a: KEKW|Spikes|p2a: 1 In a million
|-sidestart|p2: Burpcoke|Spikes
|
|-weather|Sandstorm|[upkeep]
|-damage|p2a: 1 In a million|70/100|[from] Sandstorm
|-heal|p2a: 1 In a million|76/100|[from] item: Leftovers
|-heal|p1a: KEKW|89/100|[from] item: Leftovers
|upkeep
|turn|14
|
|t:|1724011758
|move|p2a: 1 In a million|Nasty Plot|p2a: 1 In a million
|-boost|p2a: 1 In a million|spa|2
|move|p1a: KEKW|Whirlwind|p2a: 1 In a million
|drag|p2a: FunBro|Slowbro, M, shiny|100/100
|-damage|p2a: FunBro|88/100|[from] Stealth Rock
|-damage|p2a: FunBro|63/100|[from] Spikes
|
|-weather|Sandstorm|[upkeep]
|-damage|p2a: FunBro|57/100|[from] Sandstorm
|-heal|p1a: KEKW|95/100|[from] item: Leftovers
|-heal|p2a: FunBro|63/100|[from] item: Leftovers
|upkeep
|turn|15
|
|t:|1724011783
|switch|p1a: ICANT|Gliscor, F|100/100 tox
|-damage|p1a: ICANT|88/100 tox|[from] Stealth Rock
|move|p2a: FunBro|Slack Off|p2a: FunBro
|-heal|p2a: FunBro|100/100
|
|-weather|Sandstorm|[upkeep]
|-damage|p2a: FunBro|94/100|[from] Sandstorm
|-heal|p2a: FunBro|100/100|[from] item: Leftovers
|-heal|p1a: ICANT|100/100 tox|[from] ability: Poison Heal
|upkeep
|turn|16
|
|t:|1724011805
|move|p1a: ICANT|U-turn|p2a: FunBro
|-supereffective|p2a: FunBro
|-damage|p2a: FunBro|83/100
|
|t:|1724011818
|switch|p1a: Bedge|Tyranitar, F|100/100|[from] U-turn
|-damage|p1a: Bedge|88/100|[from] Stealth Rock
|move|p2a: FunBro|Scald|p1a: Bedge
|-supereffective|p1a: Bedge
|-damage|p1a: Bedge|60/100
|
|-weather|Sandstorm|[upkeep]
|-damage|p2a: FunBro|77/100|[from] Sandstorm
|-heal|p2a: FunBro|83/100|[from] item: Leftovers
|upkeep
|turn|17
|
|t:|1724011837
|-activate|p2a: FunBro|move: Pursuit
|move|p1a: Bedge|Pursuit|p2a: FunBro|[from]Pursuit
|-supereffective|p2a: FunBro
|-damage|p2a: FunBro|35/100
|switch|p2a: Little Z|Landorus-Therian, M|88/100
|-damage|p2a: Little Z|76/100|[from] Stealth Rock
|-ability|p2a: Little Z|Intimidate|boost
|-unboost|p1a: Bedge|atk|1
|
|-weather|Sandstorm|[upkeep]
|upkeep
|turn|18
|
|t:|1724011849
|switch|p1a: KEKW|Skarmory, M|95/100
|-damage|p1a: KEKW|83/100|[from] Stealth Rock
|move|p2a: Little Z|U-turn|p1a: KEKW
|-resisted|p1a: KEKW
|-damage|p1a: KEKW|78/100
|
|t:|1724011856
|switch|p2a: Four|Forretress, F, shiny|76/100|[from] U-turn
|-damage|p2a: Four|63/100|[from] Stealth Rock
|-damage|p2a: Four|38/100|[from] Spikes
|
|-weather|Sandstorm|[upkeep]
|-heal|p1a: KEKW|84/100|[from] item: Leftovers
|-heal|p2a: Four|45/100|[from] item: Leftovers
|upkeep
|turn|19
|
|t:|1724011868
|switch|p1a: Wokege|Latios, M|3/100
|-damage|p1a: Wokege|0 fnt|[from] Stealth Rock
|faint|p1a: Wokege
|move|p2a: Four|Rapid Spin|p1: Wokege|[notarget]
|-fail|p2a: Four
|
|-weather|Sandstorm|[upkeep]
|-heal|p2a: Four|51/100|[from] item: Leftovers
|upkeep
|
|t:|1724011894
|switch|p1a: Bedge|Tyranitar, F|60/100
|-damage|p1a: Bedge|48/100|[from] Stealth Rock
|turn|20
|
|t:|1724011902
|switch|p2a: Critical Hit!|Terrakion|45/100 brn
|-damage|p2a: Critical Hit!|39/100 brn|[from] Stealth Rock
|-damage|p2a: Critical Hit!|14/100 brn|[from] Spikes
|move|p1a: Bedge|Superpower|p2a: Critical Hit!
|-supereffective|p2a: Critical Hit!
|-damage|p2a: Critical Hit!|0 fnt
|-unboost|p1a: Bedge|atk|1
|-unboost|p1a: Bedge|def|1
|faint|p2a: Critical Hit!
|
|-weather|Sandstorm|[upkeep]
|upkeep
|
|t:|1724011911
|switch|p2a: Four|Forretress, F, shiny|51/100
|-damage|p2a: Four|38/100|[from] Stealth Rock
|-damage|p2a: Four|13/100|[from] Spikes
|turn|21
|
|t:|1724011917
|move|p1a: Bedge|Superpower|p2a: Four
|-damage|p2a: Four|0 fnt
|-unboost|p1a: Bedge|atk|1
|-unboost|p1a: Bedge|def|1
|faint|p2a: Four
|
|-weather|Sandstorm|[upkeep]
|upkeep
|
|t:|1724011921
|switch|p2a: Little Z|Landorus-Therian, M|76/100
|-damage|p2a: Little Z|63/100|[from] Stealth Rock
|-ability|p2a: Little Z|Intimidate|boost
|-unboost|p1a: Bedge|atk|1
|turn|22
|
|t:|1724011928
|switch|p1a: KEKW|Skarmory, M|84/100
|-damage|p1a: KEKW|72/100|[from] Stealth Rock
|move|p2a: Little Z|U-turn|p1a: KEKW
|-resisted|p1a: KEKW
|-damage|p1a: KEKW|68/100
|
|t:|1724011932
|switch|p2a: 1 In a million|Thundurus-Therian, M, shiny|76/100|[from] U-turn
|-damage|p2a: 1 In a million|51/100|[from] Stealth Rock
|
|-weather|Sandstorm|[upkeep]
|-damage|p2a: 1 In a million|45/100|[from] Sandstorm
|-heal|p2a: 1 In a million|51/100|[from] item: Leftovers
|-heal|p1a: KEKW|74/100|[from] item: Leftovers
|upkeep
|turn|23
|
|t:|1724012001
|switch|p1a: Bedge|Tyranitar, F|48/100
|-damage|p1a: Bedge|35/100|[from] Stealth Rock
|move|p2a: 1 In a million|Thunder|p1a: Bedge
|-damage|p1a: Bedge|4/100
|
|-weather|Sandstorm|[upkeep]
|-damage|p2a: 1 In a million|45/100|[from] Sandstorm
|-heal|p2a: 1 In a million|51/100|[from] item: Leftovers
|upkeep
|turn|24
|
|t:|1724012016
|move|p2a: 1 In a million|Hidden Power|p1a: Bedge
|-damage|p1a: Bedge|0 fnt
|faint|p1a: Bedge
|
|-weather|Sandstorm|[upkeep]
|-damage|p2a: 1 In a million|45/100|[from] Sandstorm
|-heal|p2a: 1 In a million|51/100|[from] item: Leftovers
|upkeep
|
|t:|1724012055
|switch|p1a: Starege|Alakazam, M|100/100
|turn|25
|
|t:|1724012119
|switch|p2a: FunBro|Slowbro, M, shiny|69/100
|-damage|p2a: FunBro|56/100|[from] Stealth Rock
|-damage|p2a: FunBro|31/100|[from] Spikes
|move|p1a: Starege|Hidden Power|p2a: FunBro
|-resisted|p2a: FunBro
|-damage|p2a: FunBro|18/100
|
|-weather|Sandstorm|[upkeep]
|-damage|p2a: FunBro|11/100|[from] Sandstorm
|-heal|p2a: FunBro|18/100|[from] item: Leftovers
|upkeep
|turn|26
|
|t:|1724012136
|move|p1a: Starege|Grass Knot|p2a: FunBro
|-supereffective|p2a: FunBro
|-damage|p2a: FunBro|0 fnt
|faint|p2a: FunBro
|
|-weather|Sandstorm|[upkeep]
|upkeep
|
|t:|1724012144
|switch|p2a: Little Z|Landorus-Therian, M|63/100
|-damage|p2a: Little Z|51/100|[from] Stealth Rock
|-ability|p2a: Little Z|Intimidate|boost
|-unboost|p1a: Starege|atk|1
|turn|27
|
|t:|1724012150
|switch|p1a: KEKW|Skarmory, M|74/100
|-damage|p1a: KEKW|61/100|[from] Stealth Rock
|move|p2a: Little Z|U-turn|p1a: KEKW
|-resisted|p1a: KEKW
|-damage|p1a: KEKW|56/100
|
|t:|1724012154
|switch|p2a: 1 In a million|Thundurus-Therian, M, shiny|51/100|[from] U-turn
|-damage|p2a: 1 In a million|26/100|[from] Stealth Rock
|
|-weather|Sandstorm|[upkeep]
|-damage|p2a: 1 In a million|20/100|[from] Sandstorm
|-heal|p2a: 1 In a million|26/100|[from] item: Leftovers
|-heal|p1a: KEKW|62/100|[from] item: Leftovers
|upkeep
|turn|28
|
|t:|1724012196
|move|p2a: 1 In a million|Thunder|p1a: KEKW|[miss]
|-miss|p2a: 1 In a million|p1a: KEKW
|move|p1a: KEKW|Brave Bird|p2a: 1 In a million
|-resisted|p2a: 1 In a million
|-damage|p2a: 1 In a million|2/100
|-damage|p1a: KEKW|54/100|[from] Recoil
|
|-weather|Sandstorm|[upkeep]
|-damage|p2a: 1 In a million|0 fnt|[from] Sandstorm
|faint|p2a: 1 In a million
|-heal|p1a: KEKW|60/100|[from] item: Leftovers
|upkeep
|
|t:|1724012204
|switch|p2a: The Tar|Tyranitar, M, shiny|100/100
|-damage|p2a: The Tar|88/100|[from] Stealth Rock
|-damage|p2a: The Tar|63/100|[from] Spikes
|turn|29
|
|t:|1724012219
|move|p1a: KEKW|Roost|p1a: KEKW
|-heal|p1a: KEKW|100/100
|-singleturn|p1a: KEKW|move: Roost
|move|p2a: The Tar|Crunch|p1a: KEKW
|-resisted|p1a: KEKW
|-crit|p1a: KEKW
|-damage|p1a: KEKW|68/100
|
|-weather|Sandstorm|[upkeep]
|-heal|p1a: KEKW|74/100|[from] item: Leftovers
|upkeep
|turn|30
|c|☆Burpcoke|Gg
|
|t:|1724012237
|move|p2a: The Tar|Thunder Wave|p1a: KEKW
|-status|p1a: KEKW|par
|move|p1a: KEKW|Whirlwind|p2a: The Tar
|drag|p2a: Little Z|Landorus-Therian, M|51/100
|-damage|p2a: Little Z|38/100|[from] Stealth Rock
|-ability|p2a: Little Z|Intimidate|boost
|-unboost|p1a: KEKW|atk|1
|
|-weather|Sandstorm|[upkeep]
|-heal|p1a: KEKW|80/100 par|[from] item: Leftovers
|upkeep
|turn|31
|
|t:|1724012246
|move|p2a: Little Z|Hidden Power|p1a: KEKW
|-damage|p1a: KEKW|65/100 par
|move|p1a: KEKW|Roost|p1a: KEKW
|-heal|p1a: KEKW|100/100 par
|-singleturn|p1a: KEKW|move: Roost
|
|-weather|Sandstorm|[upkeep]
|upkeep
|turn|32
|
|t:|1724012250
|move|p2a: Little Z|Hidden Power|p1a: KEKW
|-damage|p1a: KEKW|86/100 par
|move|p1a: KEKW|Whirlwind|p2a: Little Z
|drag|p2a: The Tar|Tyranitar, M, shiny|63/100
|-damage|p2a: The Tar|51/100|[from] Stealth Rock
|-damage|p2a: The Tar|26/100|[from] Spikes
|
|-weather|Sandstorm|[upkeep]
|-heal|p1a: KEKW|92/100 par|[from] item: Leftovers
|upkeep
|turn|33
|
|t:|1724012255
|move|p2a: The Tar|Superpower|p1a: KEKW
|-damage|p1a: KEKW|59/100 par
|-unboost|p2a: The Tar|atk|1
|-unboost|p2a: The Tar|def|1
|move|p1a: KEKW|Whirlwind|p2a: The Tar
|drag|p2a: Little Z|Landorus-Therian, M|38/100
|-damage|p2a: Little Z|26/100|[from] Stealth Rock
|-ability|p2a: Little Z|Intimidate|boost
|-unboost|p1a: KEKW|atk|1
|
|-weather|Sandstorm|[upkeep]
|-heal|p1a: KEKW|65/100 par|[from] item: Leftovers
|upkeep
|turn|34
|
|t:|1724012261
|move|p2a: Little Z|Hidden Power|p1a: KEKW
|-damage|p1a: KEKW|48/100 par
|move|p1a: KEKW|Roost|p1a: KEKW
|-heal|p1a: KEKW|98/100 par
|-singleturn|p1a: KEKW|move: Roost
|
|-weather|Sandstorm|[upkeep]
|-heal|p1a: KEKW|100/100 par|[from] item: Leftovers
|upkeep
|turn|35
|-message|Burpcoke forfeited.
|
|win|anglemort33
|raw|anglemort33's rating: 1314 &rarr; <strong>1339</strong><br />(+25 for winning)
|raw|Burpcoke's rating: 1406 &rarr; <strong>1381</strong><br />(-25 for losing)
|l|☆Burpcoke
|player|p2|
|c|☆anglemort33|Ggs
