|j|☆Empyreal Paradigm
|j|☆Ismakhil
|player|p1|Empyreal Paradigm|167
|player|p2|Ismakhil|258
|teamsize|p1|6
|teamsize|p2|6
|gametype|singles
|gen|5
|tier|[Gen 5] OU
|rated|
|rule|Sleep Clause Mod: Limit one foe put to sleep
|rule|Species Clause: Limit one of each Pokémon
|rule|OHKO Clause: OHKO moves are banned
|rule|Moody Clause: Moody is banned
|rule|Evasion Moves Clause: Evasion moves are banned
|rule|Endless Battle Clause: Forcing endless battles is banned
|rule|HP Percentage Mod: HP is shown in percentages
|rule|Evasion Abilities Clause: Evasion abilities are banned
|rule|Baton Pass Clause: Limit one Baton Passer, can't pass Spe and other stats simultaneously
|rule|Swagger Clause: Swagger is banned
|clearpoke
|poke|p1|Tyranitar, M|item
|poke|p1|Terrakion|item
|poke|p1|Rotom-Wash|item
|poke|p1|Landorus-Therian, M|item
|poke|p1|Amoonguss, F|item
|poke|p1|Heatran, M|item
|poke|p2|Slowbro, F|item
|poke|p2|Skarmory, M|item
|poke|p2|Tyranitar, M|item
|poke|p2|Excadrill, F|item
|poke|p2|Amoonguss, F|item
|poke|p2|Heatran, M|item
|teampreview
|c|☆Ismakhil|h_f
|c|☆Empyreal Paradigm|u2
|
|start
|switch|p1a: Tyranitar|Tyranitar, M|100/100
|switch|p2a: Amoonguss|Amoonguss, F, shiny|100/100
|-weather|Sandstorm|[from] ability: Sand Stream|[of] p1a: Tyranitar
|turn|1
|
|switch|p1a: Amoonguss|Amoonguss, F|100/100
|move|p2a: Amoonguss|Spore|p1a: Amoonguss
|-status|p1a: Amoonguss|slp
|
|-weather|Sandstorm|[upkeep]
|-damage|p1a: Amoonguss|94/100 slp|[from] Sandstorm
|-damage|p2a: Amoonguss|94/100|[from] Sandstorm
|-heal|p1a: Amoonguss|100/100 slp|[from] item: Leftovers
|-heal|p2a: Amoonguss|100/100|[from] item: Black Sludge
|upkeep
|turn|2
|
|switch|p2a: Heatran|Heatran, M, shiny|100/100
|cant|p1a: Amoonguss|slp
|move|p1a: Amoonguss|Sleep Talk|p1a: Amoonguss
|move|p1a: Amoonguss|Spore|p2a: Heatran|[from]Sleep Talk
|-status|p2a: Heatran|slp
|
|-weather|Sandstorm|[upkeep]
|-damage|p1a: Amoonguss|94/100 slp|[from] Sandstorm
|-heal|p1a: Amoonguss|100/100 slp|[from] item: Leftovers
|upkeep
|turn|3
|
|switch|p2a: Skarmory|Skarmory, M|100/100
|switch|p1a: Tyranitar|Tyranitar, M|100/100
|
|-weather|Sandstorm|[upkeep]
|upkeep
|turn|4
|
|move|p2a: Skarmory|Spikes|p1a: Tyranitar
|-sidestart|p1: Empyreal Paradigm|Spikes
|move|p1a: Tyranitar|Stealth Rock|p2a: Skarmory
|-sidestart|p2: Ismakhil|move: Stealth Rock
|
|-weather|Sandstorm|[upkeep]
|upkeep
|turn|5
|
|switch|p1a: Heatran|Heatran, M|100/100
|-damage|p1a: Heatran|88/100|[from] Spikes
|move|p2a: Skarmory|Spikes|p1a: Heatran
|-sidestart|p1: Empyreal Paradigm|Spikes
|
|-weather|Sandstorm|[upkeep]
|-heal|p1a: Heatran|94/100|[from] item: Leftovers
|upkeep
|turn|6
|
|switch|p2a: Slowbro|Slowbro, F, shiny|100/100
|-damage|p2a: Slowbro|88/100|[from] Stealth Rock
|move|p1a: Heatran|Lava Plume|p2a: Slowbro
|-resisted|p2a: Slowbro
|-damage|p2a: Slowbro|69/100
|
|-weather|Sandstorm|[upkeep]
|-damage|p2a: Slowbro|63/100|[from] Sandstorm
|-heal|p1a: Heatran|99/100|[from] item: Leftovers
|upkeep
|turn|7
|
|move|p1a: Heatran|Toxic|p2a: Slowbro|[miss]
|-miss|p1a: Heatran|p2a: Slowbro
|move|p2a: Slowbro|Thunder Wave|p1a: Heatran
|-status|p1a: Heatran|par
|
|-weather|Sandstorm|[upkeep]
|-damage|p2a: Slowbro|57/100|[from] Sandstorm
|-heal|p1a: Heatran|100/100 par|[from] item: Leftovers
|upkeep
|turn|8
|c|☆Ismakhil|soory
|c|☆Ismakhil|huge miss
|c|☆Empyreal Paradigm|yup
|
|switch|p2a: Heatran|Heatran, M, shiny|100/100 slp
|-damage|p2a: Heatran|88/100 slp|[from] Stealth Rock
|move|p1a: Heatran|Lava Plume|p2a: Heatran
|-start|p2a: Heatran|ability: Flash Fire
|
|-weather|Sandstorm|[upkeep]
|-heal|p2a: Heatran|94/100 slp|[from] item: Leftovers
|upkeep
|turn|9
|
|-end|p2a: Heatran|ability: Flash Fire|[silent]
|switch|p2a: Slowbro|Slowbro, F, shiny|90/100
|-damage|p2a: Slowbro|78/100|[from] Stealth Rock
|switch|p1a: Terrakion|Terrakion|100/100
|-damage|p1a: Terrakion|84/100|[from] Spikes
|
|-weather|Sandstorm|[upkeep]
|-damage|p2a: Slowbro|72/100|[from] Sandstorm
|upkeep
|turn|10
|
|switch|p1a: Amoonguss|Amoonguss, F|100/100 slp
|-damage|p1a: Amoonguss|84/100 slp|[from] Spikes
|move|p2a: Slowbro|Thunder Wave||[still]
|-fail|p2a: Slowbro
|
|-weather|Sandstorm|[upkeep]
|-damage|p1a: Amoonguss|78/100 slp|[from] Sandstorm
|-damage|p2a: Slowbro|66/100|[from] Sandstorm
|-heal|p1a: Amoonguss|84/100 slp|[from] item: Leftovers
|upkeep
|turn|11
|
|switch|p1a: Rotom|Rotom-Wash|100/100
|switch|p2a: Skarmory|Skarmory, M|100/100
|-damage|p2a: Skarmory|88/100|[from] Stealth Rock
|
|-weather|Sandstorm|[upkeep]
|-damage|p1a: Rotom|95/100|[from] Sandstorm
|-heal|p1a: Rotom|100/100|[from] item: Leftovers
|-heal|p2a: Skarmory|94/100|[from] item: Leftovers
|upkeep
|turn|12
|
|switch|p2a: Amoonguss|Amoonguss, F, shiny|100/100
|-damage|p2a: Amoonguss|88/100|[from] Stealth Rock
|move|p1a: Rotom|Will-O-Wisp|p2a: Amoonguss
|-status|p2a: Amoonguss|brn
|
|-weather|Sandstorm|[upkeep]
|-damage|p1a: Rotom|95/100|[from] Sandstorm
|-damage|p2a: Amoonguss|82/100 brn|[from] Sandstorm
|-heal|p1a: Rotom|100/100|[from] item: Leftovers
|-heal|p2a: Amoonguss|88/100 brn|[from] item: Black Sludge
|-damage|p2a: Amoonguss|76/100 brn|[from] brn
|upkeep
|turn|13
|
|move|p1a: Rotom|Volt Switch|p2a: Amoonguss
|-resisted|p2a: Amoonguss
|-damage|p2a: Amoonguss|68/100 brn
|
|switch|p1a: Amoonguss|Amoonguss, F|100/100 slp
|-damage|p1a: Amoonguss|84/100 slp|[from] Spikes
|move|p2a: Amoonguss|Giga Drain|p1a: Amoonguss
|-resisted|p1a: Amoonguss
|-damage|p1a: Amoonguss|80/100 slp
|-heal|p2a: Amoonguss|69/100 brn|[from] drain|[of] p1a: Amoonguss
|
|-weather|Sandstorm|[upkeep]
|-damage|p1a: Amoonguss|74/100 slp|[from] Sandstorm
|-damage|p2a: Amoonguss|63/100 brn|[from] Sandstorm
|-heal|p1a: Amoonguss|80/100 slp|[from] item: Leftovers
|-heal|p2a: Amoonguss|69/100 brn|[from] item: Black Sludge
|-damage|p2a: Amoonguss|57/100 brn|[from] brn
|upkeep
|turn|14
|
|switch|p1a: Rotom|Rotom-Wash|100/100
|switch|p2a: Skarmory|Skarmory, M|94/100
|-damage|p2a: Skarmory|82/100|[from] Stealth Rock
|
|-weather|Sandstorm|[upkeep]
|-damage|p1a: Rotom|95/100|[from] Sandstorm
|-heal|p1a: Rotom|100/100|[from] item: Leftovers
|-heal|p2a: Skarmory|88/100|[from] item: Leftovers
|upkeep
|turn|15
|
|switch|p2a: Amoonguss|Amoonguss, F, shiny|90/100 brn
|-damage|p2a: Amoonguss|78/100 brn|[from] Stealth Rock
|move|p1a: Rotom|Volt Switch|p2a: Amoonguss
|-resisted|p2a: Amoonguss
|-damage|p2a: Amoonguss|69/100 brn
|
|switch|p1a: Heatran|Heatran, M|100/100 par
|-damage|p1a: Heatran|84/100 par|[from] Spikes
|
|-weather|Sandstorm|[upkeep]
|-damage|p2a: Amoonguss|63/100 brn|[from] Sandstorm
|-heal|p2a: Amoonguss|69/100 brn|[from] item: Black Sludge
|-heal|p1a: Heatran|90/100 par|[from] item: Leftovers
|-damage|p2a: Amoonguss|57/100 brn|[from] brn
|upkeep
|turn|16
|
|switch|p2a: Heatran|Heatran, M, shiny|94/100 slp
|-damage|p2a: Heatran|82/100 slp|[from] Stealth Rock
|move|p1a: Heatran|Toxic||[still]
|-fail|p1a: Heatran
|
|-weather|Sandstorm|[upkeep]
|-heal|p2a: Heatran|88/100 slp|[from] item: Leftovers
|-heal|p1a: Heatran|96/100 par|[from] item: Leftovers
|upkeep
|turn|17
|
|switch|p1a: Rotom|Rotom-Wash|100/100
|cant|p2a: Heatran|slp
|
|-weather|Sandstorm|[upkeep]
|-damage|p1a: Rotom|95/100|[from] Sandstorm
|-heal|p1a: Rotom|100/100|[from] item: Leftovers
|-heal|p2a: Heatran|94/100 slp|[from] item: Leftovers
|upkeep
|turn|18
|
|move|p1a: Rotom|Hydro Pump|p2a: Heatran
|-supereffective|p2a: Heatran
|-damage|p2a: Heatran|35/100 slp
|cant|p2a: Heatran|slp
|
|-weather|Sandstorm|[upkeep]
|-damage|p1a: Rotom|95/100|[from] Sandstorm
|-heal|p1a: Rotom|100/100|[from] item: Leftovers
|-heal|p2a: Heatran|41/100 slp|[from] item: Leftovers
|upkeep
|turn|19
|
|cant|p2a: Heatran|slp
|move|p1a: Rotom|Volt Switch|p2a: Heatran
|-damage|p2a: Heatran|24/100 slp
|
|switch|p1a: Terrakion|Terrakion|84/100
|-damage|p1a: Terrakion|68/100|[from] Spikes
|
|-weather|Sandstorm|[upkeep]
|-heal|p2a: Heatran|30/100 slp|[from] item: Leftovers
|upkeep
|turn|20
|
|-curestatus|p2a: Heatran|slp|[msg]
|move|p2a: Heatran|Protect|p2a: Heatran
|-singleturn|p2a: Heatran|Protect
|move|p1a: Terrakion|Stone Edge|p2a: Heatran
|-activate|p2a: Heatran|move: Protect
|
|-weather|Sandstorm|[upkeep]
|-heal|p2a: Heatran|37/100|[from] item: Leftovers
|upkeep
|turn|21
|
|switch|p2a: Slowbro|Slowbro, F, shiny|99/100
|-damage|p2a: Slowbro|87/100|[from] Stealth Rock
|move|p1a: Terrakion|Stone Edge|p2a: Slowbro|[miss]
|-miss|p1a: Terrakion|p2a: Slowbro
|
|-weather|Sandstorm|[upkeep]
|-damage|p2a: Slowbro|80/100|[from] Sandstorm
|upkeep
|turn|22
|
|move|p1a: Terrakion|Protect|p1a: Terrakion
|-singleturn|p1a: Terrakion|Protect
|move|p2a: Slowbro|Fire Blast|p1a: Terrakion
|-activate|p1a: Terrakion|move: Protect
|
|-weather|Sandstorm|[upkeep]
|-damage|p2a: Slowbro|74/100|[from] Sandstorm
|upkeep
|turn|23
|
|switch|p1a: Amoonguss|Amoonguss, F|100/100 slp
|-damage|p1a: Amoonguss|84/100 slp|[from] Spikes
|move|p2a: Slowbro|Slack Off|p2a: Slowbro
|-heal|p2a: Slowbro|100/100
|
|-weather|Sandstorm|[upkeep]
|-damage|p2a: Slowbro|94/100|[from] Sandstorm
|-damage|p1a: Amoonguss|78/100 slp|[from] Sandstorm
|-heal|p1a: Amoonguss|84/100 slp|[from] item: Leftovers
|upkeep
|turn|24
|
|switch|p1a: Rotom|Rotom-Wash|100/100
|switch|p2a: Amoonguss|Amoonguss, F, shiny|90/100 brn
|-damage|p2a: Amoonguss|78/100 brn|[from] Stealth Rock
|
|-weather|Sandstorm|[upkeep]
|-damage|p1a: Rotom|95/100|[from] Sandstorm
|-damage|p2a: Amoonguss|72/100 brn|[from] Sandstorm
|-heal|p1a: Rotom|100/100|[from] item: Leftovers
|-heal|p2a: Amoonguss|78/100 brn|[from] item: Black Sludge
|-damage|p2a: Amoonguss|65/100 brn|[from] brn
|upkeep
|turn|25
|
|move|p1a: Rotom|Volt Switch|p2a: Amoonguss
|-resisted|p2a: Amoonguss
|-damage|p2a: Amoonguss|57/100 brn
|
|switch|p1a: Heatran|Heatran, M|96/100 par
|-damage|p1a: Heatran|80/100 par|[from] Spikes
|move|p2a: Amoonguss|Giga Drain|p1a: Heatran
|-resisted|p1a: Heatran
|-crit|p1a: Heatran
|-damage|p1a: Heatran|69/100 par
|-heal|p2a: Amoonguss|61/100 brn|[from] drain|[of] p1a: Heatran
|
|-weather|Sandstorm|[upkeep]
|-damage|p2a: Amoonguss|55/100 brn|[from] Sandstorm
|-heal|p2a: Amoonguss|61/100 brn|[from] item: Black Sludge
|-heal|p1a: Heatran|76/100 par|[from] item: Leftovers
|-damage|p2a: Amoonguss|49/100 brn|[from] brn
|upkeep
|turn|26
|
|switch|p2a: Heatran|Heatran, M, shiny|37/100
|-damage|p2a: Heatran|24/100|[from] Stealth Rock
|switch|p1a: Terrakion|Terrakion|68/100
|-damage|p1a: Terrakion|51/100|[from] Spikes
|
|-weather|Sandstorm|[upkeep]
|-heal|p2a: Heatran|30/100|[from] item: Leftovers
|upkeep
|turn|27
|
|move|p2a: Heatran|Protect|p2a: Heatran
|-singleturn|p2a: Heatran|Protect
|move|p1a: Terrakion|Stone Edge|p2a: Heatran
|-activate|p2a: Heatran|move: Protect
|
|-weather|Sandstorm|[upkeep]
|-heal|p2a: Heatran|37/100|[from] item: Leftovers
|upkeep
|turn|28
|
|switch|p2a: Slowbro|Slowbro, F, shiny|100/100
|-damage|p2a: Slowbro|88/100|[from] Stealth Rock
|move|p1a: Terrakion|Stone Edge|p2a: Slowbro
|-damage|p2a: Slowbro|49/100
|-damage|p1a: Terrakion|41/100|[from] item: Life Orb
|
|-weather|Sandstorm|[upkeep]
|-damage|p2a: Slowbro|43/100|[from] Sandstorm
|upkeep
|turn|29
|
|move|p1a: Terrakion|Stone Edge|p2a: Slowbro
|-damage|p2a: Slowbro|3/100
|-damage|p1a: Terrakion|31/100|[from] item: Life Orb
|move|p2a: Slowbro|Slack Off|p2a: Slowbro
|-heal|p2a: Slowbro|53/100
|
|-weather|Sandstorm|[upkeep]
|-damage|p2a: Slowbro|47/100|[from] Sandstorm
|upkeep
|turn|30
|
|move|p1a: Terrakion|Stone Edge|p2a: Slowbro
|-damage|p2a: Slowbro|6/100
|-damage|p1a: Terrakion|22/100|[from] item: Life Orb
|move|p2a: Slowbro|Slack Off|p2a: Slowbro
|-heal|p2a: Slowbro|56/100
|
|-weather|Sandstorm|[upkeep]
|-damage|p2a: Slowbro|50/100|[from] Sandstorm
|upkeep
|turn|31
|
|move|p1a: Terrakion|Stone Edge|p2a: Slowbro
|-damage|p2a: Slowbro|10/100
|-damage|p1a: Terrakion|12/100|[from] item: Life Orb
|move|p2a: Slowbro|Slack Off|p2a: Slowbro
|-heal|p2a: Slowbro|60/100
|
|-weather|Sandstorm|[upkeep]
|-damage|p2a: Slowbro|54/100|[from] Sandstorm
|upkeep
|turn|32
|
|move|p1a: Terrakion|Stone Edge|p2a: Slowbro
|-damage|p2a: Slowbro|16/100
|-damage|p1a: Terrakion|2/100|[from] item: Life Orb
|move|p2a: Slowbro|Slack Off|p2a: Slowbro
|-heal|p2a: Slowbro|66/100
|
|-weather|Sandstorm|[upkeep]
|-damage|p2a: Slowbro|60/100|[from] Sandstorm
|upkeep
|turn|33
|
|switch|p1a: Tyranitar|Tyranitar, M|100/100
|-damage|p1a: Tyranitar|84/100|[from] Spikes
|move|p2a: Slowbro|Slack Off|p2a: Slowbro
|-heal|p2a: Slowbro|100/100
|
|-weather|Sandstorm|[upkeep]
|-damage|p2a: Slowbro|94/100|[from] Sandstorm
|upkeep
|turn|34
|
|move|p1a: Tyranitar|Crunch|p2a: Slowbro
|-supereffective|p2a: Slowbro
|-damage|p2a: Slowbro|52/100
|-damage|p1a: Tyranitar|68/100|[from] item: Rocky Helmet|[of] p2a: Slowbro
|move|p2a: Slowbro|Thunder Wave|p1a: Tyranitar
|-status|p1a: Tyranitar|par
|
|-weather|Sandstorm|[upkeep]
|-damage|p2a: Slowbro|46/100|[from] Sandstorm
|upkeep
|turn|35
|
|move|p2a: Slowbro|Slack Off|p2a: Slowbro
|-heal|p2a: Slowbro|96/100
|move|p1a: Tyranitar|Pursuit|p2a: Slowbro
|-supereffective|p2a: Slowbro
|-damage|p2a: Slowbro|74/100
|-damage|p1a: Tyranitar|51/100 par|[from] item: Rocky Helmet|[of] p2a: Slowbro
|
|-weather|Sandstorm|[upkeep]
|-damage|p2a: Slowbro|68/100|[from] Sandstorm
|upkeep
|turn|36
|
|move|p2a: Slowbro|Scald|p1a: Tyranitar
|-supereffective|p1a: Tyranitar
|-damage|p1a: Tyranitar|24/100 par
|move|p1a: Tyranitar|Crunch|p2a: Slowbro
|-supereffective|p2a: Slowbro
|-damage|p2a: Slowbro|24/100
|-damage|p1a: Tyranitar|8/100 par|[from] item: Rocky Helmet|[of] p2a: Slowbro
|-unboost|p2a: Slowbro|def|1
|
|-weather|Sandstorm|[upkeep]
|-damage|p2a: Slowbro|18/100|[from] Sandstorm
|upkeep
|turn|37
|
|switch|p1a: Rotom|Rotom-Wash|100/100
|move|p2a: Slowbro|Scald|p1a: Rotom
|-resisted|p1a: Rotom
|-damage|p1a: Rotom|89/100
|
|-weather|Sandstorm|[upkeep]
|-damage|p1a: Rotom|83/100|[from] Sandstorm
|-damage|p2a: Slowbro|12/100|[from] Sandstorm
|-heal|p1a: Rotom|89/100|[from] item: Leftovers
|upkeep
|turn|38
|
|switch|p2a: Amoonguss|Amoonguss, F, shiny|82/100 brn
|-damage|p2a: Amoonguss|70/100 brn|[from] Stealth Rock
|move|p1a: Rotom|Volt Switch|p2a: Amoonguss
|-resisted|p2a: Amoonguss
|-damage|p2a: Amoonguss|61/100 brn
|
|switch|p1a: Heatran|Heatran, M|76/100 par
|-damage|p1a: Heatran|59/100 par|[from] Spikes
|
|-weather|Sandstorm|[upkeep]
|-damage|p2a: Amoonguss|55/100 brn|[from] Sandstorm
|-heal|p2a: Amoonguss|61/100 brn|[from] item: Black Sludge
|-heal|p1a: Heatran|65/100 par|[from] item: Leftovers
|-damage|p2a: Amoonguss|49/100 brn|[from] brn
|upkeep
|turn|39
|
|switch|p2a: Heatran|Heatran, M, shiny|37/100
|-damage|p2a: Heatran|24/100|[from] Stealth Rock
|switch|p1a: Landorus|Landorus-Therian, M|100/100
|-ability|p1a: Landorus|Intimidate|boost
|-unboost|p2a: Heatran|atk|1
|
|-weather|Sandstorm|[upkeep]
|-heal|p2a: Heatran|30/100|[from] item: Leftovers
|upkeep
|turn|40
|
|move|p2a: Heatran|Protect|p2a: Heatran
|-singleturn|p2a: Heatran|Protect
|move|p1a: Landorus|Superpower|p2a: Heatran
|-activate|p2a: Heatran|move: Protect
|
|-weather|Sandstorm|[upkeep]
|-heal|p2a: Heatran|37/100|[from] item: Leftovers
|upkeep
|turn|41
|
|switch|p1a: Rotom|Rotom-Wash|89/100
|move|p2a: Heatran|Stealth Rock|p1a: Rotom
|-sidestart|p1: Empyreal Paradigm|move: Stealth Rock
|
|-weather|Sandstorm|[upkeep]
|-damage|p1a: Rotom|83/100|[from] Sandstorm
|-heal|p1a: Rotom|89/100|[from] item: Leftovers
|-heal|p2a: Heatran|43/100|[from] item: Leftovers
|upkeep
|turn|42
|
|move|p2a: Heatran|Protect|p2a: Heatran
|-singleturn|p2a: Heatran|Protect
|move|p1a: Rotom|Hydro Pump|p2a: Heatran
|-activate|p2a: Heatran|move: Protect
|
|-weather|Sandstorm|[upkeep]
|-damage|p1a: Rotom|83/100|[from] Sandstorm
|-heal|p1a: Rotom|89/100|[from] item: Leftovers
|-heal|p2a: Heatran|49/100|[from] item: Leftovers
|upkeep
|turn|43
|
|switch|p2a: Amoonguss|Amoonguss, F, shiny|82/100 brn
|-damage|p2a: Amoonguss|70/100 brn|[from] Stealth Rock
|move|p1a: Rotom|Hydro Pump|p2a: Amoonguss
|-resisted|p2a: Amoonguss
|-damage|p2a: Amoonguss|55/100 brn
|
|-weather|Sandstorm|[upkeep]
|-damage|p1a: Rotom|83/100|[from] Sandstorm
|-damage|p2a: Amoonguss|49/100 brn|[from] Sandstorm
|-heal|p1a: Rotom|89/100|[from] item: Leftovers
|-heal|p2a: Amoonguss|55/100 brn|[from] item: Black Sludge
|-damage|p2a: Amoonguss|43/100 brn|[from] brn
|upkeep
|turn|44
|
|move|p1a: Rotom|Volt Switch|p2a: Amoonguss
|-resisted|p2a: Amoonguss
|-damage|p2a: Amoonguss|34/100 brn
|
|switch|p1a: Amoonguss|Amoonguss, F|100/100 slp
|-damage|p1a: Amoonguss|88/100 slp|[from] Stealth Rock
|-damage|p1a: Amoonguss|72/100 slp|[from] Spikes
|move|p2a: Amoonguss|Giga Drain|p1a: Amoonguss
|-resisted|p1a: Amoonguss
|-damage|p1a: Amoonguss|68/100 slp
|-heal|p2a: Amoonguss|36/100 brn|[from] drain|[of] p1a: Amoonguss
|
|-weather|Sandstorm|[upkeep]
|-damage|p1a: Amoonguss|62/100 slp|[from] Sandstorm
|-damage|p2a: Amoonguss|30/100 brn|[from] Sandstorm
|-heal|p1a: Amoonguss|68/100 slp|[from] item: Leftovers
|-heal|p2a: Amoonguss|36/100 brn|[from] item: Black Sludge
|-damage|p2a: Amoonguss|23/100 brn|[from] brn
|upkeep
|turn|45
|
|switch|p1a: Rotom|Rotom-Wash|89/100
|-damage|p1a: Rotom|76/100|[from] Stealth Rock
|switch|p2a: Tyranitar|Tyranitar, M|100/100
|-damage|p2a: Tyranitar|88/100|[from] Stealth Rock
|
|-weather|Sandstorm|[upkeep]
|-damage|p1a: Rotom|70/100|[from] Sandstorm
|-heal|p1a: Rotom|76/100|[from] item: Leftovers
|upkeep
|turn|46
|
|move|p1a: Rotom|Will-O-Wisp|p2a: Tyranitar
|-status|p2a: Tyranitar|brn
|move|p2a: Tyranitar|Crunch|p1a: Rotom
|-damage|p1a: Rotom|42/100
|
|-weather|Sandstorm|[upkeep]
|-damage|p1a: Rotom|36/100|[from] Sandstorm
|-heal|p1a: Rotom|42/100|[from] item: Leftovers
|-damage|p2a: Tyranitar|76/100 brn|[from] brn
|upkeep
|turn|47
|
|switch|p1a: Terrakion|Terrakion|2/100
|-damage|p1a: Terrakion|0 fnt|[from] Stealth Rock
|faint|p1a: Terrakion
|move|p2a: Tyranitar|Crunch|p1: Terrakion|[notarget]
|-fail|p2a: Tyranitar
|
|-weather|Sandstorm|[upkeep]
|-damage|p2a: Tyranitar|64/100 brn|[from] brn
|upkeep
|
|switch|p1a: Landorus|Landorus-Therian, M|100/100
|-damage|p1a: Landorus|88/100|[from] Stealth Rock
|-ability|p1a: Landorus|Intimidate|boost
|-unboost|p2a: Tyranitar|atk|1
|turn|48
|
|move|p1a: Landorus|Superpower|p2a: Tyranitar
|-supereffective|p2a: Tyranitar
|-damage|p2a: Tyranitar|0 fnt
|-unboost|p1a: Landorus|atk|1
|-unboost|p1a: Landorus|def|1
|faint|p2a: Tyranitar
|
|-weather|Sandstorm|[upkeep]
|upkeep
|
|switch|p2a: Skarmory|Skarmory, M|88/100
|-damage|p2a: Skarmory|76/100|[from] Stealth Rock
|turn|49
|
|switch|p1a: Rotom|Rotom-Wash|42/100
|-damage|p1a: Rotom|30/100|[from] Stealth Rock
|move|p2a: Skarmory|Spikes|p1a: Rotom
|-sidestart|p1: Empyreal Paradigm|Spikes
|
|-weather|Sandstorm|[upkeep]
|-damage|p1a: Rotom|24/100|[from] Sandstorm
|-heal|p1a: Rotom|30/100|[from] item: Leftovers
|-heal|p2a: Skarmory|82/100|[from] item: Leftovers
|upkeep
|turn|50
|
|switch|p2a: Amoonguss|Amoonguss, F, shiny|56/100 brn
|-damage|p2a: Amoonguss|44/100 brn|[from] Stealth Rock
|move|p1a: Rotom|Hydro Pump|p2a: Amoonguss
|-resisted|p2a: Amoonguss
|-damage|p2a: Amoonguss|29/100 brn
|
|-weather|Sandstorm|[upkeep]
|-damage|p1a: Rotom|24/100|[from] Sandstorm
|-damage|p2a: Amoonguss|23/100 brn|[from] Sandstorm
|-heal|p1a: Rotom|30/100|[from] item: Leftovers
|-heal|p2a: Amoonguss|29/100 brn|[from] item: Black Sludge
|-damage|p2a: Amoonguss|17/100 brn|[from] brn
|upkeep
|turn|51
|
|switch|p2a: Heatran|Heatran, M, shiny|49/100
|-damage|p2a: Heatran|37/100|[from] Stealth Rock
|move|p1a: Rotom|Volt Switch|p2a: Heatran
|-damage|p2a: Heatran|21/100
|
|switch|p1a: Landorus|Landorus-Therian, M|88/100
|-damage|p1a: Landorus|76/100|[from] Stealth Rock
|-ability|p1a: Landorus|Intimidate|boost
|-unboost|p2a: Heatran|atk|1
|
|-weather|Sandstorm|[upkeep]
|-heal|p2a: Heatran|27/100|[from] item: Leftovers
|upkeep
|turn|52
|
|move|p2a: Heatran|Protect|p2a: Heatran
|-singleturn|p2a: Heatran|Protect
|move|p1a: Landorus|Superpower|p2a: Heatran
|-activate|p2a: Heatran|move: Protect
|
|-weather|Sandstorm|[upkeep]
|-heal|p2a: Heatran|33/100|[from] item: Leftovers
|upkeep
|turn|53
|
|switch|p1a: Rotom|Rotom-Wash|30/100
|-damage|p1a: Rotom|17/100|[from] Stealth Rock
|switch|p2a: Slowbro|Slowbro, F, shiny|45/100
|-damage|p2a: Slowbro|33/100|[from] Stealth Rock
|
|-weather|Sandstorm|[upkeep]
|-damage|p1a: Rotom|11/100|[from] Sandstorm
|-damage|p2a: Slowbro|26/100|[from] Sandstorm
|-heal|p1a: Rotom|17/100|[from] item: Leftovers
|upkeep
|turn|54
|
|switch|p2a: Heatran|Heatran, M, shiny|33/100
|-damage|p2a: Heatran|21/100|[from] Stealth Rock
|move|p1a: Rotom|Volt Switch|p2a: Heatran
|-damage|p2a: Heatran|4/100
|
|switch|p1a: Landorus|Landorus-Therian, M|76/100
|-damage|p1a: Landorus|64/100|[from] Stealth Rock
|-ability|p1a: Landorus|Intimidate|boost
|-unboost|p2a: Heatran|atk|1
|
|-weather|Sandstorm|[upkeep]
|-heal|p2a: Heatran|11/100|[from] item: Leftovers
|upkeep
|turn|55
|
|move|p2a: Heatran|Protect|p2a: Heatran
|-singleturn|p2a: Heatran|Protect
|move|p1a: Landorus|Superpower|p2a: Heatran
|-activate|p2a: Heatran|move: Protect
|
|-weather|Sandstorm|[upkeep]
|-heal|p2a: Heatran|17/100|[from] item: Leftovers
|upkeep
|turn|56
|
|move|p1a: Landorus|Superpower|p2a: Heatran
|-supereffective|p2a: Heatran
|-damage|p2a: Heatran|0 fnt
|-unboost|p1a: Landorus|atk|1
|-unboost|p1a: Landorus|def|1
|faint|p2a: Heatran
|
|-weather|Sandstorm|[upkeep]
|upkeep
|
|switch|p2a: Skarmory|Skarmory, M|82/100
|-damage|p2a: Skarmory|69/100|[from] Stealth Rock
|turn|57
|
|switch|p1a: Tyranitar|Tyranitar, M|8/100 par
|-damage|p1a: Tyranitar|0 fnt|[from] Spikes
|faint|p1a: Tyranitar
|move|p2a: Skarmory|Whirlwind|p1: Tyranitar|[notarget]
|-fail|p2a: Skarmory
|
|-weather|Sandstorm|[upkeep]
|-heal|p2a: Skarmory|75/100|[from] item: Leftovers
|upkeep
|
|switch|p1a: Rotom|Rotom-Wash|17/100
|-damage|p1a: Rotom|5/100|[from] Stealth Rock
|turn|58
|
|switch|p2a: Amoonguss|Amoonguss, F, shiny|50/100 brn
|-damage|p2a: Amoonguss|38/100 brn|[from] Stealth Rock
|move|p1a: Rotom|Pain Split|p2a: Amoonguss
|-sethp|p2a: Amoonguss|21/100 brn|p1a: Rotom|29/100|[from] move: Pain Split
|
|-weather|Sandstorm|[upkeep]
|-damage|p1a: Rotom|23/100|[from] Sandstorm
|-damage|p2a: Amoonguss|15/100 brn|[from] Sandstorm
|-heal|p1a: Rotom|29/100|[from] item: Leftovers
|-heal|p2a: Amoonguss|21/100 brn|[from] item: Black Sludge
|-damage|p2a: Amoonguss|8/100 brn|[from] brn
|upkeep
|turn|59
|
|switch|p2a: Excadrill|Excadrill, F|100/100
|-damage|p2a: Excadrill|97/100|[from] Stealth Rock
|move|p1a: Rotom|Hydro Pump|p2a: Excadrill
|-supereffective|p2a: Excadrill
|-damage|p2a: Excadrill|0 fnt
|faint|p2a: Excadrill
|
|-weather|Sandstorm|[upkeep]
|-damage|p1a: Rotom|23/100|[from] Sandstorm
|-heal|p1a: Rotom|29/100|[from] item: Leftovers
|upkeep
|
|switch|p2a: Amoonguss|Amoonguss, F, shiny|42/100 brn
|-damage|p2a: Amoonguss|29/100 brn|[from] Stealth Rock
|turn|60
|
|move|p1a: Rotom|Volt Switch|p2a: Amoonguss
|-resisted|p2a: Amoonguss
|-damage|p2a: Amoonguss|21/100 brn
|
|switch|p1a: Heatran|Heatran, M|65/100 par
|-damage|p1a: Heatran|40/100 par|[from] Spikes
|-damage|p1a: Heatran|28/100 par|[from] Stealth Rock
|move|p2a: Amoonguss|Giga Drain|p1a: Heatran
|-resisted|p1a: Heatran
|-damage|p1a: Heatran|23/100 par
|-heal|p2a: Amoonguss|23/100 brn|[from] drain|[of] p1a: Heatran
|
|-weather|Sandstorm|[upkeep]
|-damage|p2a: Amoonguss|17/100 brn|[from] Sandstorm
|-heal|p2a: Amoonguss|23/100 brn|[from] item: Black Sludge
|-heal|p1a: Heatran|29/100 par|[from] item: Leftovers
|-damage|p2a: Amoonguss|10/100 brn|[from] brn
|upkeep
|turn|61
|
|switch|p2a: Slowbro|Slowbro, F, shiny|60/100
|-damage|p2a: Slowbro|47/100|[from] Stealth Rock
|move|p1a: Heatran|Lava Plume|p2a: Slowbro
|-resisted|p2a: Slowbro
|-damage|p2a: Slowbro|26/100
|-status|p2a: Slowbro|brn
|
|-weather|Sandstorm|[upkeep]
|-damage|p2a: Slowbro|20/100 brn|[from] Sandstorm
|-heal|p1a: Heatran|35/100 par|[from] item: Leftovers
|-damage|p2a: Slowbro|8/100 brn|[from] brn
|upkeep
|turn|62
|
|switch|p1a: Amoonguss|Amoonguss, F|100/100 slp
|-damage|p1a: Amoonguss|88/100 slp|[from] Stealth Rock
|-damage|p1a: Amoonguss|63/100 slp|[from] Spikes
|move|p2a: Slowbro|Slack Off|p2a: Slowbro
|-heal|p2a: Slowbro|58/100 brn
|
|-weather|Sandstorm|[upkeep]
|-damage|p2a: Slowbro|52/100 brn|[from] Sandstorm
|-damage|p1a: Amoonguss|57/100 slp|[from] Sandstorm
|-heal|p1a: Amoonguss|63/100 slp|[from] item: Leftovers
|-damage|p2a: Slowbro|39/100 brn|[from] brn
|upkeep
|turn|63
|
|switch|p2a: Amoonguss|Amoonguss, F, shiny|44/100 brn
|-damage|p2a: Amoonguss|31/100 brn|[from] Stealth Rock
|cant|p1a: Amoonguss|slp
|move|p1a: Amoonguss|Sleep Talk|p1a: Amoonguss
|move|p1a: Amoonguss|Spore||[from]Sleep Talk|[still]
|-fail|p1a: Amoonguss
|
|-weather|Sandstorm|[upkeep]
|-damage|p1a: Amoonguss|57/100 slp|[from] Sandstorm
|-damage|p2a: Amoonguss|25/100 brn|[from] Sandstorm
|-heal|p1a: Amoonguss|63/100 slp|[from] item: Leftovers
|-heal|p2a: Amoonguss|31/100 brn|[from] item: Black Sludge
|-damage|p2a: Amoonguss|19/100 brn|[from] brn
|upkeep
|turn|64
|
|switch|p2a: Skarmory|Skarmory, M|75/100
|-damage|p2a: Skarmory|63/100|[from] Stealth Rock
|-curestatus|p1a: Amoonguss|slp|[msg]
|move|p1a: Amoonguss|Sleep Talk||[still]
|-fail|p1a: Amoonguss
|
|-weather|Sandstorm|[upkeep]
|-damage|p1a: Amoonguss|57/100|[from] Sandstorm
|-heal|p2a: Skarmory|69/100|[from] item: Leftovers
|-heal|p1a: Amoonguss|63/100|[from] item: Leftovers
|upkeep
|turn|65
|
|move|p2a: Skarmory|Brave Bird|p1a: Amoonguss
|-supereffective|p1a: Amoonguss
|-damage|p1a: Amoonguss|0 fnt
|-damage|p2a: Skarmory|42/100|[from] Recoil
|faint|p1a: Amoonguss
|
|-weather|Sandstorm|[upkeep]
|-heal|p2a: Skarmory|48/100|[from] item: Leftovers
|upkeep
|
|switch|p1a: Rotom|Rotom-Wash|29/100
|-damage|p1a: Rotom|17/100|[from] Stealth Rock
|turn|66
|
|move|p1a: Rotom|Hydro Pump|p2a: Skarmory
|-damage|p2a: Skarmory|0 fnt
|faint|p2a: Skarmory
|
|-weather|Sandstorm|[upkeep]
|-damage|p1a: Rotom|11/100|[from] Sandstorm
|-heal|p1a: Rotom|17/100|[from] item: Leftovers
|upkeep
|
|switch|p2a: Amoonguss|Amoonguss, F, shiny|52/100 brn
|-damage|p2a: Amoonguss|40/100 brn|[from] Stealth Rock
|turn|67
|
|move|p1a: Rotom|Volt Switch|p2a: Amoonguss
|-resisted|p2a: Amoonguss
|-damage|p2a: Amoonguss|31/100 brn
|
|switch|p1a: Heatran|Heatran, M|35/100 par
|-damage|p1a: Heatran|23/100 par|[from] Stealth Rock
|-damage|p1a: Heatran|0 fnt|[from] Spikes
|faint|p1a: Heatran
|move|p2a: Amoonguss|Giga Drain|p1: Heatran|[notarget]
|-fail|p2a: Amoonguss
|
|-weather|Sandstorm|[upkeep]
|-damage|p2a: Amoonguss|25/100 brn|[from] Sandstorm
|-heal|p2a: Amoonguss|31/100 brn|[from] item: Black Sludge
|-damage|p2a: Amoonguss|18/100 brn|[from] brn
|upkeep
|
|switch|p1a: Landorus|Landorus-Therian, M|64/100
|-damage|p1a: Landorus|51/100|[from] Stealth Rock
|-ability|p1a: Landorus|Intimidate|boost
|-unboost|p2a: Amoonguss|atk|1
|turn|68
|
|switch|p2a: Slowbro|Slowbro, F, shiny|73/100 brn
|-damage|p2a: Slowbro|60/100 brn|[from] Stealth Rock
|move|p1a: Landorus|Earthquake|p2a: Slowbro
|-damage|p2a: Slowbro|23/100 brn
|
|-weather|Sandstorm|[upkeep]
|-damage|p2a: Slowbro|17/100 brn|[from] Sandstorm
|-damage|p2a: Slowbro|5/100 brn|[from] brn
|upkeep
|turn|69
|
|switch|p2a: Amoonguss|Amoonguss, F, shiny|52/100 brn
|-damage|p2a: Amoonguss|39/100 brn|[from] Stealth Rock
|move|p1a: Landorus|Earthquake|p2a: Amoonguss
|-damage|p2a: Amoonguss|0 fnt
|faint|p2a: Amoonguss
|
|-weather|Sandstorm|[upkeep]
|upkeep
|c|☆Ismakhil|gg
|-message|Ismakhil forfeited.
|
|win|Empyreal Paradigm
|l|☆Ismakhil
|raw|Empyreal Paradigm's rating: 1572 &rarr; <strong>1579</strong><br />(+7 for winning)
|raw|Ismakhil's rating: 1316 &rarr; <strong>1309</strong><br />(-7 for losing)
