|j|☆j_spot
|j|☆AllidoisHuynh2
|t:|1740724360
|gametype|singles
|player|p1|j_spot|lucas-gen4pt|1342
|player|p2|AllidoisHuynh2|2|1443
|teamsize|p1|6
|teamsize|p2|6
|gen|5
|tier|[Gen 5] OU
|rated|
|rule|Species Clause: Limit one of each Pokémon
|rule|OHKO Clause: OHKO moves are banned
|rule|Moody Clause: Moody is banned
|rule|Evasion Items Clause: Evasion items are banned
|rule|Evasion Moves Clause: Evasion moves are banned
|rule|Endless Battle Clause: Forcing endless battles is banned
|rule|HP Percentage Mod: HP is shown in percentages
|rule|Evasion Abilities Clause: Evasion abilities are banned
|rule|Sleep Moves Clause: Sleep-inducing moves are banned
|rule|Swagger Clause: Swagger is banned
|rule|Baton Pass Stat Clause: No Baton Passer may have a way to boost its stats
|clearpoke
|poke|p1|Landorus-Therian, M|item
|poke|p1|Latios, M|item
|poke|p1|Tyranitar, F|item
|poke|p1|Rotom-Wash|item
|poke|p1|Celebi|item
|poke|p1|Heatran, M|item
|poke|p2|Celebi|item
|poke|p2|Rotom-Wash|item
|poke|p2|Landorus-Therian, M|item
|poke|p2|Scizor, M|item
|poke|p2|Keldeo|item
|poke|p2|Terrakion|item
|teampreview
|inactive|Battle timer is ON: inactive players will automatically lose when time's up. (requested by AllidoisHuynh2)
|inactive|j_spot has 120 seconds left.
|
|t:|1740724402
|start
|switch|p1a: Rotom|Rotom-Wash|100/100
|switch|p2a: Rotom|Rotom-Wash|100/100
|turn|1
|
|t:|1740724411
|move|p2a: Rotom|Volt Switch|p1a: Rotom
|-damage|p1a: Rotom|63/100
|
|t:|1740724414
|switch|p2a: Celebi|Celebi|100/100|[from] Volt Switch
|move|p1a: Rotom|Will-O-Wisp|p2a: Celebi|[miss]
|-miss|p1a: Rotom|p2a: Celebi
|
|-heal|p1a: Rotom|69/100|[from] item: Leftovers
|upkeep
|turn|2
|
|t:|1740724424
|move|p2a: Celebi|Substitute|p2a: Celebi
|-start|p2a: Celebi|Substitute
|-damage|p2a: Celebi|75/100
|move|p1a: Rotom|Volt Switch|p2a: Celebi
|-resisted|p2a: Celebi
|-activate|p2a: Celebi|Substitute|[damage]
|
|t:|1740724427
|switch|p1a: Heatran|Heatran, M|100/100|[from] Volt Switch
|
|-heal|p2a: Celebi|82/100|[from] item: Leftovers
|upkeep
|turn|3
|
|t:|1740724431
|move|p1a: Heatran|Substitute|p1a: Heatran
|-start|p1a: Heatran|Substitute
|-damage|p1a: Heatran|76/100
|move|p2a: Celebi|Baton Pass|p2a: Celebi
|
|t:|1740724435
|switch|p2a: Keldeo|Keldeo|100/100|[from] Baton Pass
|
|-heal|p1a: Heatran|82/100|[from] item: Leftovers
|upkeep
|turn|4
|
|t:|1740724440
|move|p2a: Keldeo|Calm Mind|p2a: Keldeo
|-boost|p2a: Keldeo|spa|1
|-boost|p2a: Keldeo|spd|1
|move|p1a: Heatran|Lava Plume|p2a: Keldeo
|-resisted|p2a: Keldeo
|-activate|p2a: Keldeo|Substitute|[damage]
|
|-heal|p1a: Heatran|88/100|[from] item: Leftovers
|upkeep
|turn|5
|
|t:|1740724448
|move|p2a: Keldeo|Calm Mind|p2a: Keldeo
|-boost|p2a: Keldeo|spa|1
|-boost|p2a: Keldeo|spd|1
|move|p1a: Heatran|Lava Plume|p2a: Keldeo
|-resisted|p2a: Keldeo
|-end|p2a: Keldeo|Substitute
|
|-heal|p1a: Heatran|94/100|[from] item: Leftovers
|upkeep
|turn|6
|
|t:|1740724455
|move|p2a: Keldeo|Substitute|p2a: Keldeo
|-start|p2a: Keldeo|Substitute
|-damage|p2a: Keldeo|75/100
|move|p1a: Heatran|Lava Plume|p2a: Keldeo
|-resisted|p2a: Keldeo
|-activate|p2a: Keldeo|Substitute|[damage]
|
|-heal|p2a: Keldeo|82/100|[from] item: Leftovers
|-heal|p1a: Heatran|99/100|[from] item: Leftovers
|upkeep
|turn|7
|
|t:|1740724462
|move|p2a: Keldeo|Hidden Power|p1a: Heatran
|-resisted|p1a: Heatran
|-activate|p1a: Heatran|Substitute|[damage]
|move|p1a: Heatran|Lava Plume|p2a: Keldeo
|-resisted|p2a: Keldeo
|-crit|p2a: Keldeo
|-end|p2a: Keldeo|Substitute
|
|-heal|p2a: Keldeo|88/100|[from] item: Leftovers
|-heal|p1a: Heatran|100/100|[from] item: Leftovers
|upkeep
|turn|8
|
|t:|1740724473
|move|p2a: Keldeo|Substitute|p2a: Keldeo
|-start|p2a: Keldeo|Substitute
|-damage|p2a: Keldeo|63/100
|move|p1a: Heatran|Lava Plume|p2a: Keldeo
|-resisted|p2a: Keldeo
|-activate|p2a: Keldeo|Substitute|[damage]
|
|-heal|p2a: Keldeo|69/100|[from] item: Leftovers
|upkeep
|turn|9
|
|t:|1740724479
|move|p2a: Keldeo|Calm Mind|p2a: Keldeo
|-boost|p2a: Keldeo|spa|1
|-boost|p2a: Keldeo|spd|1
|move|p1a: Heatran|Lava Plume|p2a: Keldeo
|-resisted|p2a: Keldeo
|-activate|p2a: Keldeo|Substitute|[damage]
|
|-heal|p2a: Keldeo|75/100|[from] item: Leftovers
|upkeep
|turn|10
|inactive|j_spot has 120 seconds left.
|
|t:|1740724517
|move|p2a: Keldeo|Calm Mind|p2a: Keldeo
|-boost|p2a: Keldeo|spa|1
|-boost|p2a: Keldeo|spd|1
|move|p1a: Heatran|Lava Plume|p2a: Keldeo
|-resisted|p2a: Keldeo
|-end|p2a: Keldeo|Substitute
|
|-heal|p2a: Keldeo|81/100|[from] item: Leftovers
|upkeep
|turn|11
|inactive|j_spot has 120 seconds left.
|
|t:|1740724523
|move|p2a: Keldeo|Substitute|p2a: Keldeo
|-start|p2a: Keldeo|Substitute
|-damage|p2a: Keldeo|56/100
|move|p1a: Heatran|Lava Plume|p2a: Keldeo
|-resisted|p2a: Keldeo
|-crit|p2a: Keldeo
|-end|p2a: Keldeo|Substitute
|
|-heal|p2a: Keldeo|63/100|[from] item: Leftovers
|upkeep
|turn|12
|
|t:|1740724529
|move|p2a: Keldeo|Substitute|p2a: Keldeo
|-start|p2a: Keldeo|Substitute
|-damage|p2a: Keldeo|38/100
|move|p1a: Heatran|Lava Plume|p2a: Keldeo
|-resisted|p2a: Keldeo
|-activate|p2a: Keldeo|Substitute|[damage]
|
|-heal|p2a: Keldeo|44/100|[from] item: Leftovers
|upkeep
|turn|13
|c|☆AllidoisHuynh2|Jeez 2 crits already
|
|t:|1740724539
|move|p2a: Keldeo|Calm Mind|p2a: Keldeo
|-boost|p2a: Keldeo|spa|1
|-boost|p2a: Keldeo|spd|1
|move|p1a: Heatran|Lava Plume|p2a: Keldeo
|-resisted|p2a: Keldeo
|-activate|p2a: Keldeo|Substitute|[damage]
|
|-heal|p2a: Keldeo|50/100|[from] item: Leftovers
|upkeep
|turn|14
|inactive|j_spot has 120 seconds left.
|
|t:|1740724576
|move|p2a: Keldeo|Calm Mind|p2a: Keldeo
|-boost|p2a: Keldeo|spa|1
|-boost|p2a: Keldeo|spd|1
|move|p1a: Heatran|Lava Plume|p2a: Keldeo
|-resisted|p2a: Keldeo
|-activate|p2a: Keldeo|Substitute|[damage]
|
|-heal|p2a: Keldeo|56/100|[from] item: Leftovers
|upkeep
|turn|15
|
|t:|1740724581
|move|p2a: Keldeo|Surf|p1a: Heatran
|-supereffective|p1a: Heatran
|-end|p1a: Heatran|Substitute
|move|p1a: Heatran|Lava Plume|p2a: Keldeo
|-resisted|p2a: Keldeo
|-activate|p2a: Keldeo|Substitute|[damage]
|
|-heal|p2a: Keldeo|62/100|[from] item: Leftovers
|upkeep
|turn|16
|
|t:|1740724592
|move|p1a: Heatran|Protect|p1a: Heatran
|-singleturn|p1a: Heatran|Protect
|move|p2a: Keldeo|Surf|p1a: Heatran
|-activate|p1a: Heatran|move: Protect
|
|-heal|p2a: Keldeo|68/100|[from] item: Leftovers
|upkeep
|turn|17
|
|t:|1740724599
|switch|p1a: Rotom|Rotom-Wash|69/100
|move|p2a: Keldeo|Surf|p1a: Rotom
|-resisted|p1a: Rotom
|-damage|p1a: Rotom|0 fnt
|faint|p1a: Rotom
|
|-heal|p2a: Keldeo|75/100|[from] item: Leftovers
|upkeep
|
|t:|1740724601
|switch|p1a: Celebi|Celebi|100/100
|turn|18
|
|t:|1740724604
|move|p2a: Keldeo|Hidden Power|p1a: Celebi
|-supereffective|p1a: Celebi
|-damage|p1a: Celebi|0 fnt
|faint|p1a: Celebi
|
|-heal|p2a: Keldeo|81/100|[from] item: Leftovers
|upkeep
|
|t:|1740724606
|switch|p1a: ゴジラ|Tyranitar, F, shiny|100/100
|-weather|Sandstorm|[from] ability: Sand Stream|[of] p1a: ゴジラ
|turn|19
|
|t:|1740724611
|move|p2a: Keldeo|Surf|p1a: ゴジラ
|-supereffective|p1a: ゴジラ
|-damage|p1a: ゴジラ|0 fnt
|faint|p1a: ゴジラ
|
|-weather|Sandstorm|[upkeep]
|-damage|p2a: Keldeo|75/100|[from] Sandstorm
|-heal|p2a: Keldeo|81/100|[from] item: Leftovers
|upkeep
|-message|j_spot forfeited.
|
|win|AllidoisHuynh2
|raw|j_spot's rating: 1342 &rarr; <strong>1328</strong><br />(-14 for losing)
|raw|AllidoisHuynh2's rating: 1443 &rarr; <strong>1457</strong><br />(+14 for winning)
|l|☆j_spot
|player|p1|
