|j|Smi Letoa D
|j|gamerno1
|player|p1|Smi Letoa D|207
|teamsize|p1|6
|player|p2|gamerno1|170
|teamsize|p2|6
|gametype|singles
|gen|5
|tier|[Gen 5] OU
|rated|
|seed|57263,50238,30418,4079
|rule|Sleep Clause Mod: Limit one foe put to sleep
|rule|Species Clause: Limit one of each Pokémon
|rule|OHKO Clause: OHKO moves are banned
|rule|Moody Clause: Moody is banned
|rule|Evasion Moves Clause: Evasion moves are banned
|rule|Endless Battle Clause: Forcing endless battles is banned
|rule|HP Percentage Mod: HP is shown in percentages
|rule|Evasion Abilities Clause: Evasion abilities are banned
|rule|Baton Pass Clause: Limit one Baton Passer, can't pass Spe and other stats simultaneously
|rule|Swagger Clause: Swagger is banned
|clearpoke
|poke|p1|Azumarill, F|item
|poke|p1|Keldeo-Resolute|item
|poke|p1|Thundurus-Therian, M|item
|poke|p1|Tornadus, M|item
|poke|p1|Politoed, F|item
|poke|p1|Terrakion|item
|poke|p2|Salamence, F|item
|poke|p2|Lucario, F|item
|poke|p2|Gyarados, M|item
|poke|p2|Mew|item
|poke|p2|Mamoswine, F|item
|poke|p2|Uxie|item
|teampreview
|choice|team 5, team 2, team 3, team 4, team 1, team 6|team 4, team 2, team 3, team 1, team 5, team 6
|
|start
|switch|p1a: CTC the toat|Politoed, F|375/375
|switch|p2a: Mew|Mew|404/404
|-weather|RainDance|[from] ability: Drizzle|[of] p1a: CTC the toat
|turn|1
|choice|move hydropump|move lightscreen
|
|move|p2a: Mew|Light Screen|p2a: Mew
|-sidestart|p2: gamerno1|move: Light Screen
|move|p1a: CTC the toat|Hydro Pump|p2a: Mew
|-enditem|p1a: CTC the toat|Water Gem|[from] gem|[move] Hydro Pump
|-crit|p2a: Mew
|-damage|p2a: Mew|0 fnt
|faint|p2a: Mew
|
|-weather|RainDance|[upkeep]
|upkeep
|choice||switch 4
|
|switch|p2a: Salamence|Salamence, F|331/331
|turn|2
|choice|move icebeam|move dragondance
|
|move|p2a: Salamence|Dragon Dance|p2a: Salamence
|-boost|p2a: Salamence|atk|1
|-boost|p2a: Salamence|spe|1
|move|p1a: CTC the toat|Ice Beam|p2a: Salamence
|-supereffective|p2a: Salamence
|-damage|p2a: Salamence|77/331
|
|-weather|RainDance|[upkeep]
|upkeep
|turn|3
|choice|move icebeam|move outrage
|
|move|p2a: Salamence|Outrage|p1a: CTC the toat
|-damage|p1a: CTC the toat|0 fnt
|faint|p1a: CTC the toat
|-ability|p2a: Salamence|Moxie|boost
|-boost|p2a: Salamence|atk|1
|
|-weather|RainDance|[upkeep]
|upkeep
|choice|switch 2|
|
|switch|p1a: CTC the doat|Keldeo-Resolute|324/324
|turn|4
|choice|move hiddenpower|move outrage
|
|move|p1a: CTC the doat|Hidden Power|p2a: Salamence
|-supereffective|p2a: Salamence
|-damage|p2a: Salamence|0 fnt
|faint|p2a: Salamence
|
|-weather|RainDance|[upkeep]
|upkeep
|choice||switch 3
|
|switch|p2a: Gyarados|Gyarados, M|353/353
|turn|5
|choice|switch 5|move substitute
|
|switch|p1a: CTC the boat|Azumarill, F|403/403
|move|p2a: Gyarados|Substitute|p2a: Gyarados
|-start|p2a: Gyarados|Substitute
|-damage|p2a: Gyarados|265/353
|
|-weather|RainDance|[upkeep]
|-heal|p2a: Gyarados|287/353|[from] item: Leftovers
|upkeep
|turn|6
|inactive|Battle timer is ON: inactive players will automatically lose when time's up. (requested by Smi Letoa D)
|choice|move frustration|move dragondance
|
|move|p2a: Gyarados|Dragon Dance|p2a: Gyarados
|-boost|p2a: Gyarados|atk|1
|-boost|p2a: Gyarados|spe|1
|move|p1a: CTC the boat|Frustration|p2a: Gyarados
|-end|p2a: Gyarados|Substitute
|
|-weather|RainDance|[upkeep]
|-heal|p2a: Gyarados|309/353|[from] item: Leftovers
|upkeep
|turn|7
|inactive|Smi Letoa D has 135 seconds left.
|choice|move frustration|move bounce
|
|move|p2a: Gyarados|Bounce|p1a: CTC the boat|[still]
|-prepare|p2a: Gyarados|Bounce|p1a: CTC the boat
|move|p1a: CTC the boat|Frustration|p2a: Gyarados|[miss]
|-miss|p1a: CTC the boat|p2a: Gyarados
|
|-weather|RainDance|[upkeep]
|-heal|p2a: Gyarados|331/353|[from] item: Leftovers
|upkeep
|turn|8
|choice|move frustration|move bounce
|
|move|p2a: Gyarados|Bounce|p1a: CTC the boat|[from]lockedmove
|-damage|p1a: CTC the boat|151/403
|move|p1a: CTC the boat|Frustration|p2a: Gyarados
|-damage|p2a: Gyarados|57/353
|
|-weather|RainDance|[upkeep]
|-heal|p2a: Gyarados|79/353|[from] item: Leftovers
|-sideend|p2: gamerno1|move: Light Screen
|upkeep
|turn|9
|inactive|Smi Letoa D has 135 seconds left.
|choice|switch 4|move waterfall
|
|switch|p1a: CTC the soat|Tornadus, M|300/300
|move|p2a: Gyarados|Waterfall|p1a: CTC the soat
|-crit|p1a: CTC the soat
|-damage|p1a: CTC the soat|0 fnt
|faint|p1a: CTC the soat
|-ability|p2a: Gyarados|Moxie|boost
|-boost|p2a: Gyarados|atk|1
|
|-weather|RainDance|[upkeep]
|-heal|p2a: Gyarados|101/353|[from] item: Leftovers
|upkeep
|choice|switch 5|
|
|switch|p1a: CTC the doat|Keldeo-Resolute|324/324
|turn|10
|inactive|gamerno1 has 135 seconds left.
|choice|move surf|move bounce
|
|move|p1a: CTC the doat|Surf|p2a: Gyarados
|-resisted|p2a: Gyarados
|-damage|p2a: Gyarados|0 fnt
|faint|p2a: Gyarados
|
|-weather|RainDance|[upkeep]
|upkeep
|choice||switch 6
|
|switch|p2a: Uxie|Uxie|354/354
|turn|11
|choice|move surf|move lightscreen
|
|move|p1a: CTC the doat|Surf|p2a: Uxie
|-damage|p2a: Uxie|170/354
|move|p2a: Uxie|Light Screen|p2a: Uxie
|-sidestart|p2: gamerno1|move: Light Screen
|
|-weather|RainDance|[upkeep]
|upkeep
|turn|12
|choice|switch 3|move thunderwave
|
|switch|p1a: CTC the poat|Thundurus-Therian, M|337/337
|move|p2a: Uxie|Thunder Wave|p1a: CTC the poat
|-immune|p1a: CTC the poat|[msg]|[from] ability: Volt Absorb
|
|-weather|RainDance|[upkeep]
|upkeep
|turn|13
|choice|move nastyplot|move reflect
|
|move|p1a: CTC the poat|Nasty Plot|p1a: CTC the poat
|-boost|p1a: CTC the poat|spa|2
|move|p2a: Uxie|Reflect|p2a: Uxie
|-sidestart|p2: gamerno1|Reflect
|
|-weather|RainDance|[upkeep]
|upkeep
|turn|14
|choice|move agility|move memento
|
|move|p1a: CTC the poat|Agility|p1a: CTC the poat
|-boost|p1a: CTC the poat|spe|2
|move|p2a: Uxie|Memento|p1a: CTC the poat
|-unboost|p1a: CTC the poat|atk|2
|-unboost|p1a: CTC the poat|spa|2
|faint|p2a: Uxie
|
|-weather|RainDance|[upkeep]
|upkeep
|choice||switch 5
|
|switch|p2a: Mamoswine|Mamoswine, F|361/361
|turn|15
|choice|move hiddenpower|move iceshard
|
|move|p2a: Mamoswine|Ice Shard|p1a: CTC the poat
|-supereffective|p1a: CTC the poat
|-damage|p1a: CTC the poat|103/337
|-damage|p2a: Mamoswine|325/361|[from] item: Life Orb
|move|p1a: CTC the poat|Hidden Power|p2a: Mamoswine
|-damage|p2a: Mamoswine|288/361
|
|-weather|RainDance|[upkeep]
|-heal|p1a: CTC the poat|124/337|[from] item: Leftovers
|upkeep
|turn|16
|choice|switch 3|move earthquake
|
|switch|p1a: CTC the doat|Keldeo-Resolute|324/324
|move|p2a: Mamoswine|Earthquake|p1a: CTC the doat
|-damage|p1a: CTC the doat|86/324
|-damage|p2a: Mamoswine|252/361|[from] item: Life Orb
|
|-weather|RainDance|[upkeep]
|upkeep
|turn|17
|choice|switch 3|move iceshard
|
|switch|p1a: CTC the poat|Thundurus-Therian, M|124/337
|move|p2a: Mamoswine|Ice Shard|p1a: CTC the poat
|-supereffective|p1a: CTC the poat
|-damage|p1a: CTC the poat|0 fnt
|-damage|p2a: Mamoswine|216/361|[from] item: Life Orb
|faint|p1a: CTC the poat
|
|-weather|RainDance|[upkeep]
|upkeep
|choice|switch 4|
|
|switch|p1a: CTC the boat|Azumarill, F|151/403
|turn|18
|choice|move aquajet|move earthquake
|
|move|p1a: CTC the boat|Aqua Jet|p2a: Mamoswine
|-supereffective|p2a: Mamoswine
|-damage|p2a: Mamoswine|0 fnt
|faint|p2a: Mamoswine
|
|-weather|RainDance|[upkeep]
|-sideend|p2: gamerno1|move: Light Screen
|upkeep
|choice||switch 2
|
|switch|p2a: Lucario|Lucario, F|281/281
|turn|19
|choice|move aquajet|move extremespeed
|
|move|p2a: Lucario|Extreme Speed|p1a: CTC the boat
|-damage|p1a: CTC the boat|0 fnt
|-damage|p2a: Lucario|253/281|[from] item: Life Orb
|faint|p1a: CTC the boat
|
|-weather|RainDance|[upkeep]
|upkeep
|c|☆gamerno1|gg
|choice|switch 3|
|
|switch|p1a: CTC the doat|Keldeo-Resolute|86/324
|turn|20
|choice|move surf|move extremespeed
|
|move|p2a: Lucario|Extreme Speed|p1a: CTC the doat
|-damage|p1a: CTC the doat|0 fnt
|-damage|p2a: Lucario|225/281|[from] item: Life Orb
|faint|p1a: CTC the doat
|
|-weather|RainDance|[upkeep]
|-sideend|p2: gamerno1|Reflect
|upkeep
|choice|switch 6|
|
|switch|p1a: CTC the goat|Terrakion|323/323
|turn|21
|choice|move closecombat|move closecombat
|
|move|p1a: CTC the goat|Close Combat|p2a: Lucario
|-supereffective|p2a: Lucario
|-damage|p2a: Lucario|0 fnt
|-unboost|p1a: CTC the goat|def|1
|-unboost|p1a: CTC the goat|spd|1
|faint|p2a: Lucario
|
|win|Smi Letoa D
|raw|Smi Letoa D's rating: 1446 &rarr; <strong>1467</strong><br />(+21 for winning)
|raw|gamerno1's rating: 1471 &rarr; <strong>1450</strong><br />(-21 for losing)
|l|gamerno1
|c|☆Smi Letoa D|gg