|j|☆coxiella burnetii
|j|☆Mamoswine247
|player|p1|coxiella burnetii|lady-gen4|1363
|player|p2|Mamoswine247|cynthia-gen4|1528
|teamsize|p1|6
|teamsize|p2|6
|gametype|singles
|gen|5
|tier|[Gen 5] OU
|rated|
|clearpoke
|poke|p1|Politoed, F|item
|poke|p1|Keldeo|item
|poke|p1|Thundurus-Therian, M|item
|poke|p1|Tornadus, M|item
|poke|p1|Excadrill, F|item
|poke|p1|Ferrothorn, M|item
|poke|p2|Garchomp, M|item
|poke|p2|Dragonite, M|item
|poke|p2|Starmie|item
|poke|p2|Scizor, M|item
|poke|p2|Breloom, M|item
|poke|p2|Alakazam, M|item
|rule|Species Clause: Limit one of each Pokémon
|rule|OHKO Clause: OHKO moves are banned
|rule|Moody Clause: Moody is banned
|rule|Evasion Moves Clause: Evasion moves are banned
|rule|Endless Battle Clause: Forcing endless battles is banned
|rule|HP Percentage Mod: HP is shown in percentages
|rule|Evasion Abilities Clause: Evasion abilities are banned
|rule|Baton Pass Clause: Limit one Baton Passer, can't pass Spe and other stats simultaneously
|rule|Sleep Clause: Sleep-inducing moves are banned
|rule|Swagger Clause: Swagger is banned
|teampreview
|inactive|Battle timer is ON: inactive players will automatically lose when time's up. (requested by Mamoswine247)
|inactive|coxiella burnetii has 120 seconds left.
|
|start
|switch|p1a: Politoed|Politoed, F|100/100
|switch|p2a: Brando|Breloom, M, shiny|100/100
|-weather|RainDance|[from] ability: Drizzle|[of] p1a: Politoed
|turn|1
|
|move|p2a: Brando|Bullet Seed|p1a: Politoed
|-supereffective|p1a: Politoed
|-damage|p1a: Politoed|66/100
|-supereffective|p1a: Politoed
|-damage|p1a: Politoed|36/100
|-supereffective|p1a: Politoed
|-damage|p1a: Politoed|4/100
|-supereffective|p1a: Politoed
|-damage|p1a: Politoed|0 fnt
|-hitcount|p1a: Politoed|4
|faint|p1a: Politoed
|
|-weather|RainDance|[upkeep]
|upkeep
|
|switch|p1a: Tornadus|Tornadus, M|100/100
|turn|2
|
|move|p1a: Tornadus|Hurricane|p2a: Brando
|-supereffective|p2a: Brando
|-enditem|p2a: Brando|Focus Sash
|-damage|p2a: Brando|1/100
|move|p2a: Brando|Low Sweep|p1a: Tornadus
|-resisted|p1a: Tornadus
|-damage|p1a: Tornadus|64/100
|-unboost|p1a: Tornadus|spe|1
|-ability|p1a: Tornadus|Defiant
|-boost|p1a: Tornadus|atk|2
|
|-weather|RainDance|[upkeep]
|upkeep
|turn|3
|
|move|p2a: Brando|Bullet Seed|p1a: Tornadus
|-resisted|p1a: Tornadus
|-damage|p1a: Tornadus|48/100
|-resisted|p1a: Tornadus
|-damage|p1a: Tornadus|32/100
|-hitcount|p1a: Tornadus|2
|move|p1a: Tornadus|Hurricane|p2a: Brando
|-supereffective|p2a: Brando
|-damage|p2a: Brando|0 fnt
|faint|p2a: Brando
|
|-weather|RainDance|[upkeep]
|upkeep
|
|switch|p2a: Patrick|Starmie, shiny|100/100
|turn|4
|
|switch|p2a: Crimson|Scizor, M|100/100
|switch|p1a: Ferrothorn|Ferrothorn, M|100/100
|
|-weather|RainDance|[upkeep]
|upkeep
|turn|5
|
|move|p2a: Crimson|Swords Dance|p2a: Crimson
|-boost|p2a: Crimson|atk|2
|move|p1a: Ferrothorn|Knock Off|p2a: Crimson
|-resisted|p2a: Crimson
|-damage|p2a: Crimson|98/100
|-enditem|p2a: Crimson|Life Orb|[from] move: Knock Off|[of] p1a: Ferrothorn
|
|-weather|RainDance|[upkeep]
|upkeep
|turn|6
|
|move|p2a: Crimson|Superpower|p1a: Ferrothorn
|-supereffective|p1a: Ferrothorn
|-damage|p1a: Ferrothorn|0 fnt
|-unboost|p2a: Crimson|atk|1
|-unboost|p2a: Crimson|def|1
|-damage|p2a: Crimson|86/100|[from] ability: Iron Barbs|[of] p1a: Ferrothorn
|faint|p1a: Ferrothorn
|
|-weather|RainDance|[upkeep]
|upkeep
|
|switch|p1a: Keldeo|Keldeo|100/100
|turn|7
|
|move|p1a: Keldeo|Surf|p2a: Crimson
|-damage|p2a: Crimson|0 fnt
|faint|p2a: Crimson
|
|-weather|RainDance|[upkeep]
|upkeep
|
|switch|p2a: Hoodin|Alakazam, M, shiny|100/100
|turn|8
|
|move|p1a: Keldeo|Surf|p2a: Hoodin
|-enditem|p2a: Hoodin|Focus Sash
|-damage|p2a: Hoodin|1/100
|move|p2a: Hoodin|Focus Blast|p1a: Keldeo|[miss]
|-miss|p2a: Hoodin|p1a: Keldeo
|
|-weather|RainDance|[upkeep]
|upkeep
|turn|9
|-message|Mamoswine247 forfeited.
|
|win|coxiella burnetii
|l|☆Mamoswine247
|raw|coxiella burnetii's rating: 1363 &rarr; <strong>1392</strong><br />(+29 for winning)
|raw|Mamoswine247's rating: 1528 &rarr; <strong>1499</strong><br />(-29 for losing)
