|j|☆aioso
|j|☆baixiaohen
|t:|1742091826
|gametype|singles
|player|p1|aioso|170|1334
|player|p2|baixiaohen|steven|1396
|teamsize|p1|6
|teamsize|p2|6
|gen|5
|tier|[Gen 5] OU
|rated|
|rule|Species Clause: Limit one of each Pokémon
|rule|OHKO Clause: OHKO moves are banned
|rule|Moody Clause: Moody is banned
|rule|Evasion Items Clause: Evasion items are banned
|rule|Evasion Moves Clause: Evasion moves are banned
|rule|Endless Battle Clause: Forcing endless battles is banned
|rule|HP Percentage Mod: HP is shown in percentages
|rule|Evasion Abilities Clause: Evasion abilities are banned
|rule|Sleep Moves Clause: Sleep-inducing moves are banned
|rule|Swagger Clause: Swagger is banned
|rule|Baton Pass Stat Clause: No Baton Passer may have a way to boost its stats
|clearpoke
|poke|p1|Politoed, M|item
|poke|p1|Jirachi|item
|poke|p1|Starmie|item
|poke|p1|Breloom, M|item
|poke|p1|Thundurus-Therian, M|item
|poke|p1|Krookodile, M|item
|poke|p2|Jirachi|item
|poke|p2|Scizor, M|item
|poke|p2|Celebi|item
|poke|p2|Gyarados, F|item
|poke|p2|Heatran, F|item
|poke|p2|Starmie|item
|teampreview
|
|t:|1742091842
|start
|switch|p1a: Politoed|Politoed, M|100/100
|switch|p2a: Jirachi|Jirachi, shiny|100/100
|-weather|RainDance|[from] ability: Drizzle|[of] p1a: Politoed
|turn|1
|
|t:|1742091846
|move|p2a: Jirachi|U-turn|p1a: Politoed
|-damage|p1a: Politoed|72/100
|
|t:|1742091849
|switch|p2a: Celebi|Celebi|100/100|[from] U-turn
|move|p1a: Politoed|Hydro Pump|p2a: Celebi
|-resisted|p2a: Celebi
|-damage|p2a: Celebi|77/100
|
|-weather|RainDance|[upkeep]
|-heal|p2a: Celebi|84/100|[from] item: Leftovers
|upkeep
|turn|2
|
|t:|1742091857
|switch|p1a: Jirachi|Jirachi|100/100
|move|p2a: Celebi|Thunder Wave|p1a: Jirachi
|-status|p1a: Jirachi|par
|
|-weather|RainDance|[upkeep]
|-heal|p2a: Celebi|90/100|[from] item: Leftovers
|upkeep
|turn|3
|
|t:|1742091866
|switch|p2a: Heatran|Heatran, F, shiny|100/100
|cant|p1a: Jirachi|par
|
|-weather|RainDance|[upkeep]
|upkeep
|turn|4
|
|t:|1742091872
|move|p2a: Heatran|Stealth Rock|p1a: Jirachi
|-sidestart|p1: aioso|move: Stealth Rock
|cant|p1a: Jirachi|par
|
|-weather|RainDance|[upkeep]
|upkeep
|turn|5
|
|t:|1742091878
|move|p2a: Heatran|Lava Plume|p1a: Jirachi
|-supereffective|p1a: Jirachi
|-damage|p1a: Jirachi|78/100 par
|cant|p1a: Jirachi|par
|
|-weather|RainDance|[upkeep]
|-heal|p1a: Jirachi|84/100 par|[from] item: Leftovers
|upkeep
|turn|6
|
|t:|1742091883
|move|p2a: Heatran|Lava Plume|p1a: Jirachi
|-supereffective|p1a: Jirachi
|-damage|p1a: Jirachi|63/100 par
|move|p1a: Jirachi|Stealth Rock|p2a: Heatran
|-sidestart|p2: baixiaohen|move: Stealth Rock
|
|-weather|RainDance|[upkeep]
|-heal|p1a: Jirachi|69/100 par|[from] item: Leftovers
|upkeep
|turn|7
|
|t:|1742091891
|move|p2a: Heatran|Lava Plume|p1a: Jirachi
|-supereffective|p1a: Jirachi
|-damage|p1a: Jirachi|47/100 par
|move|p1a: Jirachi|Thunder|p2a: Heatran
|-damage|p2a: Heatran|78/100
|
|-weather|RainDance|[upkeep]
|-heal|p2a: Heatran|84/100|[from] item: Leftovers
|-heal|p1a: Jirachi|53/100 par|[from] item: Leftovers
|upkeep
|turn|8
|
|t:|1742091900
|move|p2a: Heatran|Lava Plume|p1a: Jirachi
|-supereffective|p1a: Jirachi
|-damage|p1a: Jirachi|31/100 par
|move|p1a: Jirachi|Thunder|p2a: Heatran
|-damage|p2a: Heatran|60/100
|-status|p2a: Heatran|par
|
|-weather|RainDance|[upkeep]
|-heal|p1a: Jirachi|37/100 par|[from] item: Leftovers
|-heal|p2a: Heatran|67/100 par|[from] item: Leftovers
|upkeep
|turn|9
|
|t:|1742091908
|move|p1a: Jirachi|U-turn|p2a: Heatran
|-resisted|p2a: Heatran
|-damage|p2a: Heatran|64/100 par
|
|t:|1742091920
|switch|p1a: Starmie|Starmie|100/100|[from] U-turn
|-damage|p1a: Starmie|88/100|[from] Stealth Rock
|move|p2a: Heatran|Lava Plume|p1a: Starmie
|-resisted|p1a: Starmie
|-damage|p1a: Starmie|76/100
|
|-weather|RainDance|[upkeep]
|-heal|p2a: Heatran|70/100 par|[from] item: Leftovers
|upkeep
|turn|10
|
|t:|1742091936
|switch|p2a: Celebi|Celebi|90/100
|-damage|p2a: Celebi|77/100|[from] Stealth Rock
|move|p1a: Starmie|Surf|p2a: Celebi
|-resisted|p2a: Celebi
|-crit|p2a: Celebi
|-damage|p2a: Celebi|5/100
|
|-weather|RainDance|[upkeep]
|-heal|p2a: Celebi|11/100|[from] item: Leftovers
|upkeep
|turn|11
|
|t:|1742091947
|switch|p2a: Jirachi|Jirachi, shiny|100/100
|-damage|p2a: Jirachi|94/100|[from] Stealth Rock
|move|p1a: Starmie|Surf|p2a: Jirachi
|-crit|p2a: Jirachi
|-damage|p2a: Jirachi|0 fnt
|faint|p2a: Jirachi
|
|-weather|RainDance|[upkeep]
|upkeep
|
|t:|1742091952
|switch|p2a: Starmie|Starmie, shiny|100/100
|-damage|p2a: Starmie|88/100|[from] Stealth Rock
|turn|12
|
|t:|1742091966
|move|p1a: Starmie|Surf|p2a: Starmie
|-resisted|p2a: Starmie
|-damage|p2a: Starmie|14/100
|move|p2a: Starmie|Hydro Pump|p1a: Starmie
|-resisted|p1a: Starmie
|-damage|p1a: Starmie|0 fnt
|faint|p1a: Starmie
|
|-weather|RainDance|[upkeep]
|upkeep
|
|t:|1742091973
|switch|p1a: Krookodile|Krookodile, M|100/100
|-damage|p1a: Krookodile|94/100|[from] Stealth Rock
|turn|13
|
|t:|1742091978
|switch|p2a: Scizor|Scizor, M|100/100
|-damage|p2a: Scizor|88/100|[from] Stealth Rock
|move|p1a: Krookodile|Crunch|p2a: Scizor
|-resisted|p2a: Scizor
|-damage|p2a: Scizor|70/100
|
|-weather|RainDance|[upkeep]
|upkeep
|turn|14
|
|t:|1742091988
|switch|p1a: Jirachi|Jirachi|37/100 par
|-damage|p1a: Jirachi|31/100 par|[from] Stealth Rock
|move|p2a: Scizor|Swords Dance|p2a: Scizor
|-boost|p2a: Scizor|atk|2
|
|-weather|RainDance|[upkeep]
|-heal|p1a: Jirachi|37/100 par|[from] item: Leftovers
|upkeep
|turn|15
|
|t:|1742091994
|move|p2a: Scizor|Bullet Punch|p1a: Jirachi
|-resisted|p1a: Jirachi
|-crit|p1a: Jirachi
|-damage|p1a: Jirachi|0 fnt
|faint|p1a: Jirachi
|-damage|p2a: Scizor|60/100|[from] item: Life Orb
|
|-weather|RainDance|[upkeep]
|upkeep
|
|t:|1742092002
|switch|p1a: Politoed|Politoed, M|72/100
|-damage|p1a: Politoed|60/100|[from] Stealth Rock
|turn|16
|
|t:|1742092006
|move|p2a: Scizor|Quick Attack|p1a: Politoed
|-crit|p1a: Politoed
|-damage|p1a: Politoed|0 fnt
|faint|p1a: Politoed
|-damage|p2a: Scizor|50/100|[from] item: Life Orb
|
|-weather|RainDance|[upkeep]
|upkeep
|
|t:|1742092013
|switch|p1a: Thundurus|Thundurus-Therian, M|100/100
|-damage|p1a: Thundurus|76/100|[from] Stealth Rock
|turn|17
|
|t:|1742092018
|move|p2a: Scizor|Quick Attack|p1a: Thundurus
|-damage|p1a: Thundurus|0 fnt
|faint|p1a: Thundurus
|-damage|p2a: Scizor|40/100|[from] item: Life Orb
|
|-weather|RainDance|[upkeep]
|upkeep
|
|t:|1742092025
|switch|p1a: Krookodile|Krookodile, M|94/100
|-damage|p1a: Krookodile|88/100|[from] Stealth Rock
|turn|18
|
|t:|1742092031
|move|p2a: Scizor|Bullet Punch|p1a: Krookodile
|-damage|p1a: Krookodile|0 fnt
|faint|p1a: Krookodile
|-damage|p2a: Scizor|30/100|[from] item: Life Orb
|
|-weather|RainDance|[upkeep]
|upkeep
|
|t:|1742092035
|switch|p1a: Breloom|Breloom, M|100/100
|-damage|p1a: Breloom|94/100|[from] Stealth Rock
|turn|19
|
|t:|1742092045
|switch|p2a: Gyarados|Gyarados, F, shiny|100/100
|-damage|p2a: Gyarados|75/100|[from] Stealth Rock
|-ability|p2a: Gyarados|Intimidate|boost
|-unboost|p1a: Breloom|atk|1
|move|p1a: Breloom|Mach Punch|p2a: Gyarados
|-resisted|p2a: Gyarados
|-damage|p2a: Gyarados|68/100
|
|-weather|RainDance|[upkeep]
|-heal|p2a: Gyarados|74/100|[from] item: Leftovers
|-status|p1a: Breloom|tox|[from] item: Toxic Orb
|upkeep
|turn|20
|
|t:|1742092054
|move|p2a: Gyarados|Ice Fang|p1a: Breloom
|-supereffective|p1a: Breloom
|-damage|p1a: Breloom|37/100 tox
|move|p1a: Breloom|Bulk Up|p1a: Breloom
|-boost|p1a: Breloom|atk|1
|-boost|p1a: Breloom|def|1
|
|-weather|RainDance|[upkeep]
|-heal|p2a: Gyarados|80/100|[from] item: Leftovers
|-heal|p1a: Breloom|50/100 tox|[from] ability: Poison Heal
|upkeep
|turn|21
|
|t:|1742092060
|move|p2a: Gyarados|Ice Fang|p1a: Breloom
|-supereffective|p1a: Breloom
|-damage|p1a: Breloom|4/100 tox
|move|p1a: Breloom|Seed Bomb|p2a: Gyarados
|-damage|p2a: Gyarados|35/100
|
|-weather|RainDance|[upkeep]
|-heal|p2a: Gyarados|41/100|[from] item: Leftovers
|-heal|p1a: Breloom|17/100 tox|[from] ability: Poison Heal
|upkeep
|turn|22
|
|t:|1742092069
|move|p2a: Gyarados|Ice Fang|p1a: Breloom
|-supereffective|p1a: Breloom
|-damage|p1a: Breloom|0 fnt
|faint|p1a: Breloom
|
|win|baixiaohen
|raw|aioso's rating: 1334 &rarr; <strong>1318</strong><br />(-16 for losing)
|raw|baixiaohen's rating: 1396 &rarr; <strong>1412</strong><br />(+16 for winning)
|l|☆aioso
|player|p1|
