|j|☆Neighthan Trainer
|j|☆Salutethewolf
|t:|1745954308
|gametype|singles
|player|p1|Neighthan Trainer|pokemonranger-gen4|1317
|player|p2|Salutethewolf|hugh|1353
|teamsize|p1|6
|teamsize|p2|6
|gen|5
|tier|[Gen 5] OU
|rated|
|rule|Species Clause: Limit one of each Pokémon
|rule|OHKO Clause: OHKO moves are banned
|rule|Moody Clause: Moody is banned
|rule|Evasion Items Clause: Evasion items are banned
|rule|Evasion Moves Clause: Evasion moves are banned
|rule|Endless Battle Clause: Forcing endless battles is banned
|rule|HP Percentage Mod: HP is shown in percentages
|rule|Evasion Abilities Clause: Evasion abilities are banned
|rule|Sleep Moves Clause: Sleep-inducing moves are banned
|rule|Swagger Clause: Swagger is banned
|rule|Baton Pass Stat Clause: No Baton Passer may have a way to boost its stats
|clearpoke
|poke|p1|Starmie|item
|poke|p1|Krookodile, M|item
|poke|p1|Dragonite, M|item
|poke|p1|Crobat, F|item
|poke|p1|Rotom-Wash|item
|poke|p1|Dusclops, M|item
|poke|p2|Bronzong|item
|poke|p2|Crawdaunt, F|item
|poke|p2|Reuniclus, F|item
|poke|p2|Conkeldurr, M|item
|poke|p2|Gengar, M|item
|poke|p2|Nidoqueen, F|item
|teampreview
|inactive|Battle timer is ON: inactive players will automatically lose when time's up. (requested by Salutethewolf)
|
|t:|1745954333
|start
|switch|p1a: Krookodile|Krookodile, M|100/100
|switch|p2a: Bronzong|Bronzong, shiny|100/100
|turn|1
|
|t:|1745954350
|move|p1a: Krookodile|Stealth Rock|p2a: Bronzong
|-sidestart|p2: Salutethewolf|move: Stealth Rock
|move|p2a: Bronzong|Stealth Rock|p1a: Krookodile
|-sidestart|p1: Neighthan Trainer|move: Stealth Rock
|
|upkeep
|turn|2
|
|t:|1745954355
|move|p1a: Krookodile|Crunch|p2a: Bronzong
|-damage|p2a: Bronzong|74/100
|move|p2a: Bronzong|Trick Room|p2a: Bronzong
|-fieldstart|move: Trick Room|[of] p2a: Bronzong
|
|upkeep
|turn|3
|
|t:|1745954364
|switch|p2a: Crawdaunt|Crawdaunt, F, shiny|100/100
|-damage|p2a: Crawdaunt|88/100|[from] Stealth Rock
|move|p1a: Krookodile|Earthquake|p2a: Crawdaunt
|-damage|p2a: Crawdaunt|28/100
|
|upkeep
|turn|4
|
|t:|1745954376
|move|p2a: Crawdaunt|Surf|p1a: Krookodile
|-supereffective|p1a: Krookodile
|-enditem|p1a: Krookodile|Focus Sash
|-damage|p1a: Krookodile|1/100
|-damage|p2a: Crawdaunt|18/100|[from] item: Life Orb
|move|p1a: Krookodile|Earthquake|p2a: Crawdaunt
|-damage|p2a: Crawdaunt|0 fnt
|faint|p2a: Crawdaunt
|-ability|p1a: Krookodile|Moxie|boost
|-boost|p1a: Krookodile|atk|1
|
|upkeep
|
|t:|1745954391
|switch|p2a: Nidoqueen|Nidoqueen, F, shiny|100/100
|-damage|p2a: Nidoqueen|94/100|[from] Stealth Rock
|turn|5
|
|t:|1745954399
|switch|p1a: Dusclops|Dusclops, M|100/100
|-damage|p1a: Dusclops|88/100|[from] Stealth Rock
|-ability|p1a: Dusclops|Pressure
|move|p2a: Nidoqueen|Sludge Wave|p1a: Dusclops
|-resisted|p1a: Dusclops
|-damage|p1a: Dusclops|73/100
|
|upkeep
|turn|6
|inactive|Salutethewolf has 120 seconds left.
|
|t:|1745954431
|switch|p2a: Gengar|Gengar, M|100/100
|-damage|p2a: Gengar|88/100|[from] Stealth Rock
|move|p1a: Dusclops|Night Shade|p2a: Gengar
|-damage|p2a: Gengar|50/100
|
|-fieldend|move: Trick Room
|upkeep
|turn|7
|
|t:|1745954452
|move|p2a: Gengar|Trick|p1a: Dusclops
|-activate|p2a: Gengar|move: Trick|[of] p1a: Dusclops
|-item|p1a: Dusclops|Choice Scarf|[from] move: Trick
|-item|p2a: Gengar|Eviolite|[from] move: Trick
|move|p1a: Dusclops|Night Shade|p2a: Gengar
|-damage|p2a: Gengar|12/100
|
|upkeep
|turn|8
|
|t:|1745954459
|move|p2a: Gengar|Shadow Ball|p1a: Dusclops
|-supereffective|p1a: Dusclops
|-damage|p1a: Dusclops|9/100
|-unboost|p1a: Dusclops|spd|1
|move|p1a: Dusclops|Night Shade|p2a: Gengar
|-damage|p2a: Gengar|0 fnt
|faint|p2a: Gengar
|
|upkeep
|
|t:|1745954469
|switch|p2a: Bronzong|Bronzong, shiny|74/100
|-damage|p2a: Bronzong|67/100|[from] Stealth Rock
|turn|9
|
|t:|1745954474
|move|p1a: Dusclops|Night Shade|p2a: Bronzong
|-damage|p2a: Bronzong|38/100
|move|p2a: Bronzong|Trick Room|p2a: Bronzong
|-fieldstart|move: Trick Room|[of] p2a: Bronzong
|
|upkeep
|turn|10
|
|t:|1745954480
|move|p2a: Bronzong|Gyro Ball|p1a: Dusclops
|-damage|p1a: Dusclops|0 fnt
|faint|p1a: Dusclops
|
|upkeep
|
|t:|1745954489
|switch|p1a: Starmie|Starmie|100/100
|-damage|p1a: Starmie|88/100|[from] Stealth Rock
|turn|11
|
|t:|1745954496
|move|p2a: Bronzong|Explosion|p1a: Starmie
|-crit|p1a: Starmie
|-damage|p1a: Starmie|0 fnt
|faint|p2a: Bronzong
|faint|p1a: Starmie
|
|upkeep
|
|t:|1745954504
|switch|p2a: Nidoqueen|Nidoqueen, F, shiny|94/100
|switch|p1a: Krookodile|Krookodile, M|1/100
|-damage|p2a: Nidoqueen|88/100|[from] Stealth Rock
|-damage|p1a: Krookodile|0 fnt|[from] Stealth Rock
|faint|p1a: Krookodile
|
|t:|1745954511
|switch|p1a: Rotom|Rotom-Wash|100/100
|-damage|p1a: Rotom|88/100|[from] Stealth Rock
|turn|12
|
|t:|1745954520
|move|p2a: Nidoqueen|Sludge Wave|p1a: Rotom
|-crit|p1a: Rotom
|-damage|p1a: Rotom|0 fnt
|faint|p1a: Rotom
|
|upkeep
|
|t:|1745954526
|switch|p1a: Dragonite|Dragonite, M|100/100
|-damage|p1a: Dragonite|76/100|[from] Stealth Rock
|turn|13
|
|t:|1745954532
|move|p2a: Nidoqueen|Ice Beam|p1a: Dragonite
|-supereffective|p1a: Dragonite
|-crit|p1a: Dragonite
|-damage|p1a: Dragonite|0 fnt
|faint|p1a: Dragonite
|
|-fieldend|move: Trick Room
|upkeep
|
|t:|1745954538
|switch|p1a: Crobat|Crobat, F|100/100
|-damage|p1a: Crobat|76/100|[from] Stealth Rock
|turn|14
|
|t:|1745954543
|move|p1a: Crobat|Nasty Plot|p1a: Crobat
|-boost|p1a: Crobat|spa|2
|move|p2a: Nidoqueen|Ice Beam|p1a: Crobat
|-supereffective|p1a: Crobat
|-crit|p1a: Crobat
|-damage|p1a: Crobat|0 fnt
|faint|p1a: Crobat
|
|win|Salutethewolf
|raw|Neighthan Trainer's rating: 1317 &rarr; <strong>1299</strong><br />(-18 for losing)
|raw|Salutethewolf's rating: 1353 &rarr; <strong>1371</strong><br />(+18 for winning)
|l|☆Neighthan Trainer
|player|p1|
|l|☆Salutethewolf
|player|p2|
|j|☆Salutethewolf
|player|p2|Salutethewolf|hugh|
