|j|☆minutemaid13
|j|☆torinoko city
|t:|1706966280
|gametype|singles
|player|p1|minutemaid13|169|1386
|player|p2|torinoko city|miku-flying|1341
|teamsize|p1|6
|teamsize|p2|6
|gen|5
|tier|[Gen 5] OU
|rated|
|rule|Species Clause: Limit one of each Pokémon
|rule|OHKO Clause: OHKO moves are banned
|rule|Moody Clause: Moody is banned
|rule|Evasion Items Clause: Evasion items are banned
|rule|Evasion Moves Clause: Evasion moves are banned
|rule|Endless Battle Clause: Forcing endless battles is banned
|rule|HP Percentage Mod: HP is shown in percentages
|rule|Evasion Abilities Clause: Evasion abilities are banned
|rule|Sleep Moves Clause: Sleep-inducing moves are banned
|rule|Swagger Clause: Swagger is banned
|rule|Baton Pass Stat Clause: No Baton Passer may have a way to boost its stats
|clearpoke
|poke|p1|Excadrill, M|item
|poke|p1|Scizor, F|item
|poke|p1|Heatran, M|item
|poke|p1|Keldeo|item
|poke|p1|Kyurem-Black|item
|poke|p1|Heracross, M|item
|poke|p2|Tyranitar, M|item
|poke|p2|Alakazam, F|item
|poke|p2|Flygon, M|item
|poke|p2|Reuniclus, F|item
|poke|p2|Skarmory, M|item
|poke|p2|Rotom-Wash|item
|teampreview
|inactive|Battle timer is ON: inactive players will automatically lose when time's up. (requested by torinoko city)
|
|t:|1706966286
|start
|switch|p1a: Scizor|Scizor, F|100/100
|switch|p2a: Rotom|Rotom-Wash|100/100
|turn|1
|
|t:|1706966296
|move|p2a: Rotom|Will-O-Wisp|p1a: Scizor
|-status|p1a: Scizor|brn
|move|p1a: Scizor|U-turn|p2a: Rotom
|-damage|p2a: Rotom|78/100
|
|t:|1706966318
|switch|p1a: Kyurem|Kyurem-Black|100/100|[from] U-turn
|-ability|p1a: Kyurem|Teravolt
|
|-heal|p2a: Rotom|84/100|[from] item: Leftovers
|upkeep
|turn|2
|
|t:|1706966322
|move|p1a: Kyurem|Substitute|p1a: Kyurem
|-start|p1a: Kyurem|Substitute
|-damage|p1a: Kyurem|76/100
|move|p2a: Rotom|Will-O-Wisp|p1a: Kyurem|[miss]
|-miss|p2a: Rotom|p1a: Kyurem
|
|-heal|p1a: Kyurem|82/100|[from] item: Leftovers
|-heal|p2a: Rotom|90/100|[from] item: Leftovers
|upkeep
|turn|3
|
|t:|1706966328
|move|p1a: Kyurem|Fusion Bolt|p2a: Rotom
|-damage|p2a: Rotom|61/100
|move|p2a: Rotom|Hydro Pump|p1a: Kyurem
|-resisted|p1a: Kyurem
|-activate|p1a: Kyurem|Substitute|[damage]
|
|-heal|p1a: Kyurem|88/100|[from] item: Leftovers
|-heal|p2a: Rotom|67/100|[from] item: Leftovers
|upkeep
|turn|4
|
|t:|1706966333
|move|p1a: Kyurem|Fusion Bolt|p2a: Rotom
|-damage|p2a: Rotom|37/100
|move|p2a: Rotom|Volt Switch|p1a: Kyurem
|-resisted|p1a: Kyurem
|-end|p1a: Kyurem|Substitute
|
|t:|1706966339
|switch|p2a: Flygon|Flygon, M|100/100|[from] Volt Switch
|
|-heal|p1a: Kyurem|94/100|[from] item: Leftovers
|upkeep
|turn|5
|
|t:|1706966350
|switch|p1a: Scizor|Scizor, F|100/100 brn
|move|p2a: Flygon|Draco Meteor|p1a: Scizor|[miss]
|-miss|p2a: Flygon|p1a: Scizor
|
|-damage|p1a: Scizor|88/100 brn|[from] brn
|upkeep
|turn|6
|
|t:|1706966355
|move|p2a: Flygon|Fire Blast|p1a: Scizor
|-supereffective|p1a: Scizor
|-damage|p1a: Scizor|0 fnt
|faint|p1a: Scizor
|-damage|p2a: Flygon|91/100|[from] item: Life Orb
|
|upkeep
|
|t:|1706966365
|switch|p1a: Keldeo|Keldeo|100/100
|turn|7
|
|t:|1706966371
|switch|p2a: Rotom|Rotom-Wash|37/100
|move|p1a: Keldeo|Icy Wind|p2a: Rotom
|-resisted|p2a: Rotom
|-damage|p2a: Rotom|27/100
|-unboost|p2a: Rotom|spe|1
|
|-heal|p2a: Rotom|33/100|[from] item: Leftovers
|upkeep
|turn|8
|
|t:|1706966378
|move|p1a: Keldeo|Secret Sword|p2a: Rotom
|-damage|p2a: Rotom|0 fnt
|faint|p2a: Rotom
|
|upkeep
|
|t:|1706966381
|switch|p2a: Alakazam|Alakazam, F|100/100
|turn|9
|
|t:|1706966384
|switch|p1a: Heatran|Heatran, M|100/100
|move|p2a: Alakazam|Psychic|p1a: Heatran
|-resisted|p1a: Heatran
|-damage|p1a: Heatran|75/100
|
|upkeep
|turn|10
|
|t:|1706966389
|move|p1a: Heatran|Lava Plume|p2a: Alakazam
|-damage|p2a: Alakazam|36/100
|-status|p2a: Alakazam|brn
|move|p2a: Alakazam|Focus Blast|p1a: Heatran
|-supereffective|p1a: Heatran
|-damage|p1a: Heatran|0 fnt
|faint|p1a: Heatran
|
|upkeep
|
|t:|1706966397
|switch|p1a: Kyurem|Kyurem-Black|94/100
|-ability|p1a: Kyurem|Teravolt
|turn|11
|
|t:|1706966402
|move|p2a: Alakazam|Focus Blast|p1a: Kyurem
|-supereffective|p1a: Kyurem
|-damage|p1a: Kyurem|17/100
|move|p1a: Kyurem|Ice Beam|p2a: Alakazam
|-damage|p2a: Alakazam|0 fnt
|faint|p2a: Alakazam
|
|-heal|p1a: Kyurem|23/100|[from] item: Leftovers
|upkeep
|
|t:|1706966406
|switch|p2a: Flygon|Flygon, M|91/100
|turn|12
|
|t:|1706966410
|move|p2a: Flygon|Earthquake|p1a: Kyurem
|-damage|p1a: Kyurem|0 fnt
|faint|p1a: Kyurem
|-damage|p2a: Flygon|81/100|[from] item: Life Orb
|
|upkeep
|
|t:|1706966413
|switch|p1a: Keldeo|Keldeo|100/100
|turn|13
|
|t:|1706966416
|switch|p2a: Tyranitar|Tyranitar, M|100/100
|-weather|Sandstorm|[from] ability: Sand Stream|[of] p2a: Tyranitar
|move|p1a: Keldeo|Icy Wind|p2a: Tyranitar
|-crit|p2a: Tyranitar
|-damage|p2a: Tyranitar|82/100
|-unboost|p2a: Tyranitar|spe|1
|
|-weather|Sandstorm|[upkeep]
|-damage|p1a: Keldeo|94/100|[from] Sandstorm
|-heal|p1a: Keldeo|100/100|[from] item: Leftovers
|upkeep
|turn|14
|
|t:|1706966429
|switch|p2a: Reuniclus|Reuniclus, F|100/100
|move|p1a: Keldeo|Secret Sword|p2a: Reuniclus
|-resisted|p2a: Reuniclus
|-damage|p2a: Reuniclus|85/100
|
|-weather|Sandstorm|[upkeep]
|-damage|p1a: Keldeo|94/100|[from] Sandstorm
|-heal|p1a: Keldeo|100/100|[from] item: Leftovers
|-heal|p2a: Reuniclus|91/100|[from] item: Leftovers
|upkeep
|turn|15
|
|t:|1706966436
|switch|p1a: Heracross|Heracross, M|100/100
|move|p2a: Reuniclus|Psyshock|p1a: Heracross
|-supereffective|p1a: Heracross
|-damage|p1a: Heracross|2/100
|
|-weather|Sandstorm|[upkeep]
|-damage|p1a: Heracross|0 fnt|[from] Sandstorm
|faint|p1a: Heracross
|-heal|p2a: Reuniclus|97/100|[from] item: Leftovers
|upkeep
|
|t:|1706966442
|switch|p1a: Excadrill|Excadrill, M|100/100
|-ability|p1a: Excadrill|Mold Breaker
|turn|16
|
|t:|1706966450
|switch|p2a: Skarmory|Skarmory, M|100/100
|move|p1a: Excadrill|Rock Slide|p2a: Skarmory
|-damage|p2a: Skarmory|71/100
|-damage|p1a: Excadrill|91/100|[from] item: Life Orb
|
|-weather|Sandstorm|[upkeep]
|-heal|p2a: Skarmory|77/100|[from] item: Leftovers
|upkeep
|turn|17
|
|t:|1706966455
|move|p1a: Excadrill|Swords Dance|p1a: Excadrill
|-boost|p1a: Excadrill|atk|2
|move|p2a: Skarmory|Spikes|p1a: Excadrill
|-sidestart|p1: minutemaid13|Spikes
|
|-weather|Sandstorm|[upkeep]
|-heal|p2a: Skarmory|83/100|[from] item: Leftovers
|upkeep
|turn|18
|
|t:|1706966461
|move|p1a: Excadrill|Rock Slide|p2a: Skarmory
|-damage|p2a: Skarmory|27/100
|-damage|p1a: Excadrill|81/100|[from] item: Life Orb
|move|p2a: Skarmory|Whirlwind|p1a: Excadrill
|drag|p1a: Keldeo|Keldeo|100/100
|-damage|p1a: Keldeo|88/100|[from] Spikes
|
|-weather|Sandstorm|[upkeep]
|-damage|p1a: Keldeo|82/100|[from] Sandstorm
|-heal|p1a: Keldeo|88/100|[from] item: Leftovers
|-heal|p2a: Skarmory|33/100|[from] item: Leftovers
|upkeep
|turn|19
|
|t:|1706966474
|move|p1a: Keldeo|Hydro Pump|p2a: Skarmory
|-damage|p2a: Skarmory|0 fnt
|faint|p2a: Skarmory
|
|-weather|Sandstorm|[upkeep]
|-damage|p1a: Keldeo|82/100|[from] Sandstorm
|-heal|p1a: Keldeo|88/100|[from] item: Leftovers
|upkeep
|
|t:|1706966477
|switch|p2a: Reuniclus|Reuniclus, F|97/100
|turn|20
|
|t:|1706966486
|switch|p1a: Excadrill|Excadrill, M|81/100
|-damage|p1a: Excadrill|68/100|[from] Spikes
|-ability|p1a: Excadrill|Mold Breaker
|move|p2a: Reuniclus|Psyshock|p1a: Excadrill
|-resisted|p1a: Excadrill
|-damage|p1a: Excadrill|43/100
|
|-weather|Sandstorm|[upkeep]
|-heal|p2a: Reuniclus|100/100|[from] item: Leftovers
|upkeep
|turn|21
|
|t:|1706966493
|switch|p2a: Flygon|Flygon, M|81/100
|move|p1a: Excadrill|Earthquake|p2a: Flygon
|-damage|p2a: Flygon|0 fnt
|faint|p2a: Flygon
|-damage|p1a: Excadrill|33/100|[from] item: Life Orb
|
|-weather|Sandstorm|[upkeep]
|upkeep
|
|t:|1706966497
|switch|p2a: Tyranitar|Tyranitar, M|82/100
|turn|22
|
|t:|1706966511
|switch|p1a: Keldeo|Keldeo|88/100
|-damage|p1a: Keldeo|76/100|[from] Spikes
|move|p2a: Tyranitar|Crunch|p1a: Keldeo
|-resisted|p1a: Keldeo
|-damage|p1a: Keldeo|53/100
|-ability|p1a: Keldeo|Justified|boost
|-boost|p1a: Keldeo|atk|1
|
|-weather|Sandstorm|[upkeep]
|-damage|p1a: Keldeo|46/100|[from] Sandstorm
|-heal|p1a: Keldeo|53/100|[from] item: Leftovers
|upkeep
|turn|23
|
|t:|1706966516
|move|p1a: Keldeo|Secret Sword|p2a: Tyranitar
|-supereffective|p2a: Tyranitar
|-enditem|p2a: Tyranitar|Chople Berry|[eat]
|-enditem|p2a: Tyranitar|Chople Berry|[weaken]
|-damage|p2a: Tyranitar|9/100
|move|p2a: Tyranitar|Rock Slide|p1a: Keldeo
|-resisted|p1a: Keldeo
|-damage|p1a: Keldeo|28/100
|
|-weather|Sandstorm|[upkeep]
|-damage|p1a: Keldeo|22/100|[from] Sandstorm
|-heal|p1a: Keldeo|28/100|[from] item: Leftovers
|upkeep
|turn|24
|
|t:|1706966523
|move|p1a: Keldeo|Secret Sword|p2a: Tyranitar
|-supereffective|p2a: Tyranitar
|-damage|p2a: Tyranitar|0 fnt
|faint|p2a: Tyranitar
|
|-weather|Sandstorm|[upkeep]
|-damage|p1a: Keldeo|22/100|[from] Sandstorm
|-heal|p1a: Keldeo|28/100|[from] item: Leftovers
|upkeep
|
|t:|1706966524
|switch|p2a: Reuniclus|Reuniclus, F|100/100
|turn|25
|
|t:|1706966535
|move|p1a: Keldeo|Hydro Pump|p2a: Reuniclus
|-damage|p2a: Reuniclus|45/100
|move|p2a: Reuniclus|Psyshock|p1a: Keldeo
|-supereffective|p1a: Keldeo
|-damage|p1a: Keldeo|0 fnt
|faint|p1a: Keldeo
|
|-weather|Sandstorm|[upkeep]
|-heal|p2a: Reuniclus|51/100|[from] item: Leftovers
|upkeep
|
|t:|1706966540
|switch|p1a: Excadrill|Excadrill, M|33/100
|-damage|p1a: Excadrill|21/100|[from] Spikes
|-ability|p1a: Excadrill|Mold Breaker
|turn|26
|
|t:|1706966542
|move|p1a: Excadrill|Earthquake|p2a: Reuniclus
|-damage|p2a: Reuniclus|0 fnt
|faint|p2a: Reuniclus
|-damage|p1a: Excadrill|11/100|[from] item: Life Orb
|
|win|minutemaid13
|raw|minutemaid13's rating: 1386 &rarr; <strong>1403</strong><br />(+17 for winning)
|raw|torinoko city's rating: 1341 &rarr; <strong>1324</strong><br />(-17 for losing)
|l|☆torinoko city
|player|p2|
