|j|☆Crimsonbacon38
|j|☆ybd1
|t:|1733802777
|gametype|singles
|player|p1|Crimsonbacon38|barry|1301
|player|p2|ybd1|ghetsis-gen5bw|1430
|teamsize|p1|6
|teamsize|p2|6
|gen|5
|tier|[Gen 5] OU
|rated|
|rule|Species Clause: Limit one of each Pokémon
|rule|OHKO Clause: OHKO moves are banned
|rule|Moody Clause: Moody is banned
|rule|Evasion Items Clause: Evasion items are banned
|rule|Evasion Moves Clause: Evasion moves are banned
|rule|Endless Battle Clause: Forcing endless battles is banned
|rule|HP Percentage Mod: HP is shown in percentages
|rule|Evasion Abilities Clause: Evasion abilities are banned
|rule|Sleep Moves Clause: Sleep-inducing moves are banned
|rule|Swagger Clause: Swagger is banned
|rule|Baton Pass Stat Clause: No Baton Passer may have a way to boost its stats
|clearpoke
|poke|p1|Tyranitar, M|item
|poke|p1|Landorus-Therian, M|item
|poke|p1|Ferrothorn, M|item
|poke|p1|Latios, M|item
|poke|p1|Reuniclus, M|item
|poke|p1|Excadrill, F|item
|poke|p2|Gyarados, M|item
|poke|p2|Espeon, M|item
|poke|p2|Garchomp, F|item
|poke|p2|Reuniclus, F|item
|poke|p2|Lucario, M|item
|poke|p2|Conkeldurr, F|item
|teampreview
|inactive|Battle timer is ON: inactive players will automatically lose when time's up. (requested by ybd1)
|
|t:|1733802809
|start
|switch|p1a: Tyranitar|Tyranitar, M|100/100
|switch|p2a: Garchomp|Garchomp, F|100/100
|-weather|Sandstorm|[from] ability: Sand Stream|[of] p1a: Tyranitar
|turn|1
|
|t:|1733802813
|switch|p1a: Landorus|Landorus-Therian, M|100/100
|-ability|p1a: Landorus|Intimidate|boost
|-unboost|p2a: Garchomp|atk|1
|move|p2a: Garchomp|Stealth Rock|p1a: Landorus
|-sidestart|p1: Crimsonbacon38|move: Stealth Rock
|
|-weather|Sandstorm|[upkeep]
|upkeep
|turn|2
|
|t:|1733802824
|move|p1a: Landorus|Stealth Rock|p2a: Garchomp
|-sidestart|p2: ybd1|move: Stealth Rock
|move|p2a: Garchomp|Dragon Tail|p1a: Landorus
|-damage|p1a: Landorus|83/100
|drag|p1a: Latios|Latios, M|100/100
|-damage|p1a: Latios|88/100|[from] Stealth Rock
|
|-weather|Sandstorm|[upkeep]
|-damage|p1a: Latios|82/100|[from] Sandstorm
|upkeep
|turn|3
|
|t:|1733802835
|switch|p1a: Landorus|Landorus-Therian, M|83/100
|-damage|p1a: Landorus|71/100|[from] Stealth Rock
|-ability|p1a: Landorus|Intimidate|boost
|-unboost|p2a: Garchomp|atk|1
|move|p2a: Garchomp|Dragon Tail|p1a: Landorus
|-damage|p1a: Landorus|57/100
|drag|p1a: Latios|Latios, M|82/100
|-damage|p1a: Latios|70/100|[from] Stealth Rock
|
|-weather|Sandstorm|[upkeep]
|-damage|p1a: Latios|64/100|[from] Sandstorm
|upkeep
|turn|4
|
|t:|1733802843
|move|p1a: Latios|Draco Meteor|p2a: Garchomp
|-supereffective|p2a: Garchomp
|-crit|p2a: Garchomp
|-damage|p2a: Garchomp|0 fnt
|-unboost|p1a: Latios|spa|2
|faint|p2a: Garchomp
|
|-weather|Sandstorm|[upkeep]
|-damage|p1a: Latios|58/100|[from] Sandstorm
|upkeep
|inactive|ybd1 has 120 seconds left.
|
|t:|1733802893
|switch|p2a: Espeon|Espeon, M|100/100
|-damage|p2a: Espeon|88/100|[from] Stealth Rock
|turn|5
|
|t:|1733802906
|move|p1a: Latios|Draco Meteor|p2a: Espeon
|-damage|p2a: Espeon|55/100
|-unboost|p1a: Latios|spa|2
|move|p2a: Espeon|Light Screen|p2a: Espeon
|-sidestart|p2: ybd1|move: Light Screen
|
|-weather|Sandstorm|[upkeep]
|-damage|p1a: Latios|52/100|[from] Sandstorm
|-damage|p2a: Espeon|49/100|[from] Sandstorm
|upkeep
|turn|6
|
|t:|1733802910
|switch|p1a: Ferrothorn|Ferrothorn, M|100/100
|-damage|p1a: Ferrothorn|94/100|[from] Stealth Rock
|move|p2a: Espeon|Reflect|p2a: Espeon
|-sidestart|p2: ybd1|Reflect
|
|-weather|Sandstorm|[upkeep]
|-damage|p2a: Espeon|43/100|[from] Sandstorm
|-heal|p1a: Ferrothorn|100/100|[from] item: Leftovers
|upkeep
|turn|7
|
|t:|1733802916
|move|p2a: Espeon|Morning Sun|p2a: Espeon
|-heal|p2a: Espeon|68/100
|move|p1a: Ferrothorn|Power Whip|p2a: Espeon
|-damage|p2a: Espeon|39/100
|
|-weather|Sandstorm|[upkeep]
|-damage|p2a: Espeon|33/100|[from] Sandstorm
|upkeep
|turn|8
|
|t:|1733802924
|move|p2a: Espeon|Baton Pass|p2a: Espeon
|
|t:|1733802930
|switch|p2a: Conkeldurr|Conkeldurr, F|100/100|[from] Baton Pass
|-damage|p2a: Conkeldurr|94/100|[from] Stealth Rock
|move|p1a: Ferrothorn|Knock Off|p2a: Conkeldurr
|-resisted|p2a: Conkeldurr
|-damage|p2a: Conkeldurr|93/100
|-enditem|p2a: Conkeldurr|Leftovers|[from] move: Knock Off|[of] p1a: Ferrothorn
|
|-weather|Sandstorm|[upkeep]
|-damage|p2a: Conkeldurr|87/100|[from] Sandstorm
|upkeep
|turn|9
|
|t:|1733802939
|switch|p1a: Landorus|Landorus-Therian, M|57/100
|-damage|p1a: Landorus|45/100|[from] Stealth Rock
|-ability|p1a: Landorus|Intimidate|boost
|-unboost|p2a: Conkeldurr|atk|1
|move|p2a: Conkeldurr|Drain Punch|p1a: Landorus
|-resisted|p1a: Landorus
|-damage|p1a: Landorus|26/100
|-heal|p2a: Conkeldurr|96/100|[from] drain|[of] p1a: Landorus
|
|-weather|Sandstorm|[upkeep]
|-damage|p2a: Conkeldurr|90/100|[from] Sandstorm
|-heal|p1a: Landorus|32/100|[from] item: Leftovers
|upkeep
|turn|10
|
|t:|1733802950
|move|p1a: Landorus|U-turn|p2a: Conkeldurr
|-resisted|p2a: Conkeldurr
|-damage|p2a: Conkeldurr|85/100
|
|t:|1733802953
|switch|p1a: Ferrothorn|Ferrothorn, M|100/100|[from] U-turn
|-damage|p1a: Ferrothorn|94/100|[from] Stealth Rock
|move|p2a: Conkeldurr|Ice Punch|p1a: Ferrothorn
|-damage|p1a: Ferrothorn|78/100
|-damage|p2a: Conkeldurr|73/100|[from] ability: Iron Barbs|[of] p1a: Ferrothorn
|
|-weather|Sandstorm|[upkeep]
|-damage|p2a: Conkeldurr|67/100|[from] Sandstorm
|-heal|p1a: Ferrothorn|84/100|[from] item: Leftovers
|upkeep
|turn|11
|
|t:|1733802969
|switch|p1a: Reuniclus|Reuniclus, M|100/100
|move|p2a: Conkeldurr|Drain Punch|p1a: Reuniclus
|-resisted|p1a: Reuniclus
|-crit|p1a: Reuniclus
|-damage|p1a: Reuniclus|52/100
|-heal|p2a: Conkeldurr|92/100|[from] drain|[of] p1a: Reuniclus
|
|-weather|Sandstorm|[upkeep]
|-damage|p2a: Conkeldurr|86/100|[from] Sandstorm
|upkeep
|turn|12
|
|t:|1733802976
|switch|p2a: Gyarados|Gyarados, M|100/100
|-damage|p2a: Gyarados|76/100|[from] Stealth Rock
|-ability|p2a: Gyarados|Intimidate|boost
|-unboost|p1a: Reuniclus|atk|1
|move|p1a: Reuniclus|Recover|p1a: Reuniclus
|-heal|p1a: Reuniclus|100/100
|
|-weather|Sandstorm|[upkeep]
|-damage|p2a: Gyarados|69/100|[from] Sandstorm
|-heal|p2a: Gyarados|76/100|[from] item: Leftovers
|-sideend|p2: ybd1|move: Light Screen
|upkeep
|turn|13
|
|t:|1733802982
|move|p1a: Reuniclus|Psychic|p2a: Gyarados
|-damage|p2a: Gyarados|23/100
|move|p2a: Gyarados|Dragon Tail|p1a: Reuniclus
|-damage|p1a: Reuniclus|86/100
|drag|p1a: Excadrill|Excadrill, F|100/100
|-damage|p1a: Excadrill|97/100|[from] Stealth Rock
|
|-weather|Sandstorm|[upkeep]
|-damage|p2a: Gyarados|17/100|[from] Sandstorm
|-heal|p1a: Excadrill|100/100|[from] item: Leftovers
|-heal|p2a: Gyarados|23/100|[from] item: Leftovers
|-sideend|p2: ybd1|Reflect
|upkeep
|turn|14
|
|t:|1733802988
|switch|p1a: Landorus|Landorus-Therian, M|32/100
|-damage|p1a: Landorus|19/100|[from] Stealth Rock
|-ability|p1a: Landorus|Intimidate|boost
|-unboost|p2a: Gyarados|atk|1
|move|p2a: Gyarados|Waterfall|p1a: Landorus
|-supereffective|p1a: Landorus
|-damage|p1a: Landorus|0 fnt
|faint|p1a: Landorus
|
|-weather|Sandstorm|[upkeep]
|-damage|p2a: Gyarados|17/100|[from] Sandstorm
|-heal|p2a: Gyarados|23/100|[from] item: Leftovers
|upkeep
|
|t:|1733803017
|switch|p1a: Ferrothorn|Ferrothorn, M|84/100
|-damage|p1a: Ferrothorn|78/100|[from] Stealth Rock
|turn|15
|
|t:|1733803023
|switch|p2a: Espeon|Espeon, M|33/100
|-damage|p2a: Espeon|21/100|[from] Stealth Rock
|move|p1a: Ferrothorn|Spikes|p2a: Espeon
|move|p2a: Espeon|Spikes|p1a: Ferrothorn|[from]ability: Magic Bounce
|-sidestart|p1: Crimsonbacon38|Spikes
|
|-weather|Sandstorm|[upkeep]
|-damage|p2a: Espeon|15/100|[from] Sandstorm
|-heal|p1a: Ferrothorn|84/100|[from] item: Leftovers
|upkeep
|turn|16
|
|t:|1733803031
|move|p2a: Espeon|Light Screen|p2a: Espeon
|-sidestart|p2: ybd1|move: Light Screen
|move|p1a: Ferrothorn|Knock Off|p2a: Espeon
|-supereffective|p2a: Espeon
|-damage|p2a: Espeon|0 fnt
|-enditem|p2a: Espeon|Light Clay|[from] move: Knock Off|[of] p1a: Ferrothorn
|faint|p2a: Espeon
|
|-weather|Sandstorm|[upkeep]
|-heal|p1a: Ferrothorn|90/100|[from] item: Leftovers
|upkeep
|
|t:|1733803043
|switch|p2a: Lucario|Lucario, M|100/100
|-damage|p2a: Lucario|98/100|[from] Stealth Rock
|turn|17
|
|t:|1733803054
|switch|p1a: Latios|Latios, M|52/100
|-damage|p1a: Latios|40/100|[from] Stealth Rock
|move|p2a: Lucario|Close Combat|p1a: Latios
|-resisted|p1a: Latios
|-damage|p1a: Latios|0 fnt
|-unboost|p2a: Lucario|def|1
|-unboost|p2a: Lucario|spd|1
|faint|p1a: Latios
|-damage|p2a: Lucario|88/100|[from] item: Life Orb
|
|-weather|Sandstorm|[upkeep]
|upkeep
|
|t:|1733803061
|switch|p1a: Tyranitar|Tyranitar, M|100/100
|-damage|p1a: Tyranitar|88/100|[from] Stealth Rock
|-damage|p1a: Tyranitar|76/100|[from] Spikes
|turn|18
|
|t:|1733803067
|switch|p2a: Gyarados|Gyarados, M|23/100
|-damage|p2a: Gyarados|0 fnt|[from] Stealth Rock
|faint|p2a: Gyarados
|move|p1a: Tyranitar|Superpower|p2: Gyarados|[notarget]
|-fail|p1a: Tyranitar
|
|-weather|Sandstorm|[upkeep]
|upkeep
|
|t:|1733803086
|switch|p2a: Reuniclus|Reuniclus, F|100/100
|turn|19
|
|t:|1733803089
|switch|p1a: Reuniclus|Reuniclus, M|86/100
|move|p2a: Reuniclus|Acid Armor|p2a: Reuniclus
|-boost|p2a: Reuniclus|def|2
|
|-weather|Sandstorm|[upkeep]
|upkeep
|turn|20
|
|t:|1733803091
|move|p2a: Reuniclus|Calm Mind|p2a: Reuniclus
|-boost|p2a: Reuniclus|spa|1
|-boost|p2a: Reuniclus|spd|1
|move|p1a: Reuniclus|Signal Beam|p2a: Reuniclus
|-supereffective|p2a: Reuniclus
|-damage|p2a: Reuniclus|82/100
|
|-weather|Sandstorm|[upkeep]
|upkeep
|turn|21
|
|t:|1733803096
|move|p2a: Reuniclus|Calm Mind|p2a: Reuniclus
|-boost|p2a: Reuniclus|spa|1
|-boost|p2a: Reuniclus|spd|1
|move|p1a: Reuniclus|Signal Beam|p2a: Reuniclus
|-supereffective|p2a: Reuniclus
|-damage|p2a: Reuniclus|68/100
|
|-weather|Sandstorm|[upkeep]
|upkeep
|turn|22
|
|t:|1733803099
|move|p2a: Reuniclus|Recover|p2a: Reuniclus
|-heal|p2a: Reuniclus|100/100
|move|p1a: Reuniclus|Signal Beam|p2a: Reuniclus
|-supereffective|p2a: Reuniclus
|-damage|p2a: Reuniclus|85/100
|
|-weather|Sandstorm|[upkeep]
|upkeep
|turn|23
|
|t:|1733803103
|move|p2a: Reuniclus|Calm Mind|p2a: Reuniclus
|-boost|p2a: Reuniclus|spa|1
|-boost|p2a: Reuniclus|spd|1
|move|p1a: Reuniclus|Signal Beam|p2a: Reuniclus
|-supereffective|p2a: Reuniclus
|-crit|p2a: Reuniclus
|-damage|p2a: Reuniclus|0 fnt
|faint|p2a: Reuniclus
|
|-weather|Sandstorm|[upkeep]
|-sideend|p2: ybd1|move: Light Screen
|upkeep
|
|t:|1733803106
|switch|p2a: Lucario|Lucario, M|88/100
|-damage|p2a: Lucario|85/100|[from] Stealth Rock
|turn|24
|
|t:|1733803112
|move|p2a: Lucario|Swords Dance|p2a: Lucario
|-boost|p2a: Lucario|atk|2
|move|p1a: Reuniclus|Focus Blast|p2a: Lucario
|-supereffective|p2a: Lucario
|-damage|p2a: Lucario|0 fnt
|faint|p2a: Lucario
|
|-weather|Sandstorm|[upkeep]
|upkeep
|
|t:|1733803114
|switch|p2a: Conkeldurr|Conkeldurr, F|86/100
|-damage|p2a: Conkeldurr|80/100|[from] Stealth Rock
|turn|25
|
|t:|1733803117
|move|p2a: Conkeldurr|Thunder Punch|p1a: Reuniclus
|-damage|p1a: Reuniclus|53/100
|move|p1a: Reuniclus|Psychic|p2a: Conkeldurr
|-supereffective|p2a: Conkeldurr
|-damage|p2a: Conkeldurr|0 fnt
|faint|p2a: Conkeldurr
|
|win|Crimsonbacon38
|raw|Crimsonbacon38's rating: 1301 &rarr; <strong>1328</strong><br />(+27 for winning)
|raw|ybd1's rating: 1430 &rarr; <strong>1403</strong><br />(-27 for losing)
|l|☆ybd1
|player|p2|
|c|☆Crimsonbacon38|gg
