|j|☆night bliz
|j|☆Crimsonbacon38
|t:|1722618013
|gametype|singles
|player|p1|night bliz|dragontamer-gen3|1418
|player|p2|Crimsonbacon38|barry|1299
|teamsize|p1|6
|teamsize|p2|6
|gen|5
|tier|[Gen 5] OU
|rated|
|rule|Species Clause: Limit one of each Pokémon
|rule|OHKO Clause: OHKO moves are banned
|rule|Moody Clause: Moody is banned
|rule|Evasion Items Clause: Evasion items are banned
|rule|Evasion Moves Clause: Evasion moves are banned
|rule|Endless Battle Clause: Forcing endless battles is banned
|rule|HP Percentage Mod: HP is shown in percentages
|rule|Evasion Abilities Clause: Evasion abilities are banned
|rule|Sleep Moves Clause: Sleep-inducing moves are banned
|rule|Swagger Clause: Swagger is banned
|rule|Baton Pass Stat Clause: No Baton Passer may have a way to boost its stats
|clearpoke
|poke|p1|Politoed, F|item
|poke|p1|Ferrothorn, F|item
|poke|p1|Starmie|item
|poke|p1|Garchomp, M|item
|poke|p1|Thundurus-Therian, M|item
|poke|p1|Keldeo|item
|poke|p2|Tyranitar, M|item
|poke|p2|Excadrill, F|item
|poke|p2|Celebi|item
|poke|p2|Rotom-Wash|item
|poke|p2|Scizor, M|item
|poke|p2|Garchomp, M|item
|teampreview
|l|☆Crimsonbacon38
|player|p2|
|j|☆Crimsonbacon38
|player|p2|Crimsonbacon38|barry|
|
|t:|1722618064
|start
|switch|p1a: Ferrothorn|Ferrothorn, F|100/100
|switch|p2a: Garchomp|Garchomp, M|100/100
|turn|1
|
|t:|1722618068
|move|p2a: Garchomp|Stealth Rock|p1a: Ferrothorn
|-sidestart|p1: night bliz|move: Stealth Rock
|move|p1a: Ferrothorn|Stealth Rock|p2a: Garchomp
|-sidestart|p2: Crimsonbacon38|move: Stealth Rock
|
|upkeep
|turn|2
|
|t:|1722618076
|switch|p2a: Scizor|Scizor, M|100/100
|-damage|p2a: Scizor|88/100|[from] Stealth Rock
|move|p1a: Ferrothorn|Gyro Ball|p2a: Scizor
|-resisted|p2a: Scizor
|-damage|p2a: Scizor|61/100
|
|upkeep
|turn|3
|
|t:|1722618101
|move|p2a: Scizor|Superpower|p1a: Ferrothorn
|-supereffective|p1a: Ferrothorn
|-enditem|p1a: Ferrothorn|Chople Berry|[eat]
|-enditem|p1a: Ferrothorn|Chople Berry|[weaken]
|-damage|p1a: Ferrothorn|49/100
|-unboost|p2a: Scizor|atk|1
|-unboost|p2a: Scizor|def|1
|-damage|p2a: Scizor|49/100|[from] ability: Iron Barbs|[of] p1a: Ferrothorn
|move|p1a: Ferrothorn|Gyro Ball|p2a: Scizor
|-resisted|p2a: Scizor
|-damage|p2a: Scizor|4/100
|
|upkeep
|turn|4
|l|☆Crimsonbacon38
|player|p2|
|j|☆Crimsonbacon38
|player|p2|Crimsonbacon38|barry|
|c|☆Crimsonbacon38|Chople Ferro. Nice.
|c|☆Crimsonbacon38|Gknf
|c|☆Crimsonbacon38|Glhf
|
|t:|1722618145
|switch|p2a: Garchomp|Garchomp, M|100/100
|-damage|p2a: Garchomp|94/100|[from] Stealth Rock
|switch|p1a: Starmie|Starmie, shiny|100/100
|-damage|p1a: Starmie|88/100|[from] Stealth Rock
|-item|p1a: Starmie|Air Balloon
|
|-heal|p2a: Garchomp|100/100|[from] item: Leftovers
|upkeep
|turn|5
|
|t:|1722618157
|switch|p2a: Rotom|Rotom-Wash|100/100
|-damage|p2a: Rotom|88/100|[from] Stealth Rock
|move|p1a: Starmie|Ice Beam|p2a: Rotom
|-resisted|p2a: Rotom
|-damage|p2a: Rotom|70/100
|
|-heal|p2a: Rotom|76/100|[from] item: Leftovers
|upkeep
|turn|6
|
|t:|1722618164
|switch|p1a: Ferrothorn|Ferrothorn, F|49/100
|-damage|p1a: Ferrothorn|43/100|[from] Stealth Rock
|move|p2a: Rotom|Will-O-Wisp|p1a: Ferrothorn
|-status|p1a: Ferrothorn|brn
|
|-heal|p2a: Rotom|83/100|[from] item: Leftovers
|-damage|p1a: Ferrothorn|31/100 brn|[from] brn
|upkeep
|turn|7
|
|t:|1722618230
|move|p2a: Rotom|Volt Switch|p1a: Ferrothorn
|-resisted|p1a: Ferrothorn
|-damage|p1a: Ferrothorn|23/100 brn
|
|t:|1722618234
|switch|p2a: Tyranitar|Tyranitar, M|100/100|[from] Volt Switch
|-damage|p2a: Tyranitar|88/100|[from] Stealth Rock
|-weather|Sandstorm|[from] ability: Sand Stream|[of] p2a: Tyranitar
|move|p1a: Ferrothorn|Knock Off|p2a: Tyranitar
|-resisted|p2a: Tyranitar
|-crit|p2a: Tyranitar
|-damage|p2a: Tyranitar|86/100
|-enditem|p2a: Tyranitar|Choice Scarf|[from] move: Knock Off|[of] p1a: Ferrothorn
|
|-weather|Sandstorm|[upkeep]
|-damage|p1a: Ferrothorn|10/100 brn|[from] brn
|upkeep
|turn|8
|
|t:|1722618252
|move|p2a: Tyranitar|Pursuit|p1a: Ferrothorn
|-resisted|p1a: Ferrothorn
|-damage|p1a: Ferrothorn|3/100 brn
|-damage|p2a: Tyranitar|74/100|[from] ability: Iron Barbs|[of] p1a: Ferrothorn
|move|p1a: Ferrothorn|Gyro Ball|p2a: Tyranitar
|-supereffective|p2a: Tyranitar
|-damage|p2a: Tyranitar|19/100
|
|-weather|Sandstorm|[upkeep]
|-damage|p1a: Ferrothorn|0 fnt|[from] brn
|faint|p1a: Ferrothorn
|upkeep
|
|t:|1722618258
|switch|p1a: Politoed|Politoed, F, shiny|100/100
|-damage|p1a: Politoed|88/100|[from] Stealth Rock
|-weather|RainDance|[from] ability: Drizzle|[of] p1a: Politoed
|turn|9
|
|t:|1722618266
|switch|p2a: Celebi|Celebi|100/100
|-damage|p2a: Celebi|88/100|[from] Stealth Rock
|move|p1a: Politoed|Toxic|p2a: Celebi
|-status|p2a: Celebi|tox
|
|-weather|RainDance|[upkeep]
|-heal|p2a: Celebi|94/100 tox|[from] item: Leftovers
|-damage|p2a: Celebi|88/100 tox|[from] psn
|upkeep
|turn|10
|
|t:|1722618276
|switch|p1a: Thundurus|Thundurus-Therian, M|100/100
|-damage|p1a: Thundurus|76/100|[from] Stealth Rock
|move|p2a: Celebi|Leech Seed|p1a: Thundurus
|-start|p1a: Thundurus|move: Leech Seed
|
|-weather|RainDance|[upkeep]
|-heal|p2a: Celebi|94/100 tox|[from] item: Leftovers
|-damage|p1a: Thundurus|63/100|[from] Leech Seed|[of] p2a: Celebi
|-heal|p2a: Celebi|100/100 tox|[silent]
|-damage|p2a: Celebi|88/100 tox|[from] psn
|upkeep
|turn|11
|
|t:|1722618286
|switch|p1a: Starmie|Starmie, shiny|88/100
|-damage|p1a: Starmie|75/100|[from] Stealth Rock
|-item|p1a: Starmie|Air Balloon
|move|p2a: Celebi|Baton Pass|p2a: Celebi
|
|t:|1722618296
|-curestatus|p2a: Celebi|tox|[from] ability: Natural Cure
|switch|p2a: Tyranitar|Tyranitar, M|19/100|[from] Baton Pass
|-damage|p2a: Tyranitar|7/100|[from] Stealth Rock
|-weather|Sandstorm|[from] ability: Sand Stream|[of] p2a: Tyranitar
|
|-weather|Sandstorm|[upkeep]
|-damage|p1a: Starmie|69/100|[from] Sandstorm
|upkeep
|turn|12
|
|t:|1722618302
|move|p1a: Starmie|Ice Beam|p2a: Tyranitar
|-damage|p2a: Tyranitar|0 fnt
|faint|p2a: Tyranitar
|
|-weather|Sandstorm|[upkeep]
|-damage|p1a: Starmie|63/100|[from] Sandstorm
|upkeep
|
|t:|1722618314
|switch|p2a: Celebi|Celebi|88/100
|-damage|p2a: Celebi|76/100|[from] Stealth Rock
|turn|13
|
|t:|1722618318
|move|p1a: Starmie|Rapid Spin|p2a: Celebi
|-damage|p2a: Celebi|73/100
|-sideend|p1: night bliz|Stealth Rock|[from] move: Rapid Spin|[of] p1a: Starmie
|move|p2a: Celebi|Leech Seed|p1a: Starmie
|-start|p1a: Starmie|move: Leech Seed
|
|-weather|Sandstorm|[upkeep]
|-damage|p1a: Starmie|57/100|[from] Sandstorm
|-damage|p2a: Celebi|67/100|[from] Sandstorm
|-heal|p2a: Celebi|73/100|[from] item: Leftovers
|-damage|p1a: Starmie|45/100|[from] Leech Seed|[of] p2a: Celebi
|-heal|p2a: Celebi|81/100|[silent]
|upkeep
|turn|14
|
|t:|1722618323
|switch|p1a: Politoed|Politoed, F, shiny|88/100
|-weather|RainDance|[from] ability: Drizzle|[of] p1a: Politoed
|move|p2a: Celebi|Energy Ball|p1a: Politoed
|-supereffective|p1a: Politoed
|-damage|p1a: Politoed|47/100
|-enditem|p1a: Politoed|Eject Button
|
|t:|1722618333
|switch|p1a: Thundurus|Thundurus-Therian, M|63/100
|
|-weather|RainDance|[upkeep]
|-heal|p2a: Celebi|88/100|[from] item: Leftovers
|upkeep
|turn|15
|
|t:|1722618336
|move|p1a: Thundurus|Hidden Power|p2a: Celebi
|-supereffective|p2a: Celebi
|-damage|p2a: Celebi|51/100
|move|p2a: Celebi|Leech Seed|p1a: Thundurus
|-start|p1a: Thundurus|move: Leech Seed
|
|-weather|RainDance|[upkeep]
|-heal|p2a: Celebi|57/100|[from] item: Leftovers
|-damage|p1a: Thundurus|51/100|[from] Leech Seed|[of] p2a: Celebi
|-heal|p2a: Celebi|67/100|[silent]
|upkeep
|turn|16
|
|t:|1722618344
|switch|p1a: Starmie|Starmie, shiny|45/100
|-item|p1a: Starmie|Air Balloon
|move|p2a: Celebi|Recover|p2a: Celebi
|-heal|p2a: Celebi|100/100
|
|-weather|RainDance|[upkeep]
|upkeep
|turn|17
|
|t:|1722618352
|switch|p1a: Thundurus|Thundurus-Therian, M|51/100
|move|p2a: Celebi|Energy Ball|p1a: Thundurus
|-resisted|p1a: Thundurus
|-damage|p1a: Thundurus|34/100
|
|-weather|RainDance|[upkeep]
|upkeep
|turn|18
|
|t:|1722618356
|move|p1a: Thundurus|Hidden Power|p2a: Celebi
|-supereffective|p2a: Celebi
|-damage|p2a: Celebi|66/100
|move|p2a: Celebi|Leech Seed|p1a: Thundurus
|-start|p1a: Thundurus|move: Leech Seed
|
|-weather|RainDance|[upkeep]
|-heal|p2a: Celebi|73/100|[from] item: Leftovers
|-damage|p1a: Thundurus|21/100|[from] Leech Seed|[of] p2a: Celebi
|-heal|p2a: Celebi|82/100|[silent]
|upkeep
|turn|19
|
|t:|1722618361
|move|p1a: Thundurus|Hidden Power|p2a: Celebi
|-supereffective|p2a: Celebi
|-damage|p2a: Celebi|44/100
|move|p2a: Celebi|Recover|p2a: Celebi
|-heal|p2a: Celebi|94/100
|
|-weather|RainDance|[upkeep]
|-heal|p2a: Celebi|99/100|[from] item: Leftovers
|-damage|p1a: Thundurus|9/100|[from] Leech Seed|[of] p2a: Celebi
|-heal|p2a: Celebi|100/100|[silent]
|upkeep
|turn|20
|
|t:|1722618366
|move|p1a: Thundurus|Hidden Power|p2a: Celebi
|-supereffective|p2a: Celebi
|-damage|p2a: Celebi|62/100
|move|p2a: Celebi|Baton Pass|p2a: Celebi
|
|t:|1722618378
|switch|p2a: Rotom|Rotom-Wash|83/100|[from] Baton Pass
|-damage|p2a: Rotom|70/100|[from] Stealth Rock
|
|-weather|RainDance|[upkeep]
|-heal|p2a: Rotom|76/100|[from] item: Leftovers
|-damage|p1a: Thundurus|0 fnt|[from] Leech Seed|[of] p2a: Rotom
|-heal|p2a: Rotom|85/100|[silent]
|faint|p1a: Thundurus
|upkeep
|
|t:|1722618421
|switch|p1a: Starmie|Starmie, shiny|45/100
|-item|p1a: Starmie|Air Balloon
|turn|21
|
|t:|1722618426
|move|p1a: Starmie|Hydro Pump|p2a: Rotom
|-resisted|p2a: Rotom
|-damage|p2a: Rotom|46/100
|move|p2a: Rotom|Volt Switch|p1a: Starmie
|-supereffective|p1a: Starmie
|-damage|p1a: Starmie|0 fnt
|-enditem|p1a: Starmie|Air Balloon
|faint|p1a: Starmie
|
|t:|1722618442
|switch|p2a: Garchomp|Garchomp, M|100/100|[from] Volt Switch
|-damage|p2a: Garchomp|94/100|[from] Stealth Rock
|
|-weather|RainDance|[upkeep]
|-heal|p2a: Garchomp|100/100|[from] item: Leftovers
|upkeep
|
|t:|1722618448
|switch|p1a: Keldeo|Keldeo|100/100
|turn|22
|
|t:|1722618484
|switch|p2a: Scizor|Scizor, M|4/100
|-damage|p2a: Scizor|0 fnt|[from] Stealth Rock
|faint|p2a: Scizor
|move|p1a: Keldeo|Hydro Pump|p2: Scizor|[notarget]
|-fail|p1a: Keldeo
|
|-weather|RainDance|[upkeep]
|upkeep
|
|t:|1722618497
|switch|p2a: Celebi|Celebi|62/100
|-damage|p2a: Celebi|50/100|[from] Stealth Rock
|turn|23
|
|t:|1722618510
|switch|p1a: Politoed|Politoed, F, shiny|47/100
|move|p2a: Celebi|Recover|p2a: Celebi
|-heal|p2a: Celebi|99/100
|
|-weather|RainDance|[upkeep]
|-heal|p2a: Celebi|100/100|[from] item: Leftovers
|upkeep
|turn|24
|
|t:|1722618513
|move|p2a: Celebi|Leech Seed|p1a: Politoed|[miss]
|-miss|p2a: Celebi|p1a: Politoed
|move|p1a: Politoed|Encore|p2a: Celebi
|-start|p2a: Celebi|Encore
|
|-weather|RainDance|[upkeep]
|upkeep
|turn|25
|
|t:|1722618516
|move|p2a: Celebi|Leech Seed|p1a: Politoed
|-start|p1a: Politoed|move: Leech Seed
|move|p1a: Politoed|Thief|p2a: Celebi
|-supereffective|p2a: Celebi
|-damage|p2a: Celebi|89/100
|-enditem|p2a: Celebi|Leftovers|[silent]|[from] move: Thief|[of] p1a: Politoed
|-item|p1a: Politoed|Leftovers|[from] move: Thief|[of] p2a: Celebi
|
|-weather|RainDance|[upkeep]
|-heal|p1a: Politoed|53/100|[from] item: Leftovers
|-damage|p1a: Politoed|41/100|[from] Leech Seed|[of] p2a: Celebi
|-heal|p2a: Celebi|100/100|[silent]
|upkeep
|turn|26
|
|t:|1722618524
|switch|p2a: Garchomp|Garchomp, M|100/100
|-damage|p2a: Garchomp|94/100|[from] Stealth Rock
|move|p1a: Politoed|Toxic|p2a: Garchomp
|-status|p2a: Garchomp|tox
|
|-weather|RainDance|[upkeep]
|-heal|p2a: Garchomp|100/100 tox|[from] item: Leftovers
|-heal|p1a: Politoed|47/100|[from] item: Leftovers
|-damage|p1a: Politoed|34/100|[from] Leech Seed|[of] p2a: Garchomp
|-damage|p2a: Garchomp|94/100 tox|[from] psn
|upkeep
|turn|27
|
|t:|1722618530
|switch|p1a: Keldeo|Keldeo|100/100
|move|p2a: Garchomp|Stealth Rock|p1a: Keldeo
|-sidestart|p1: night bliz|move: Stealth Rock
|
|-weather|RainDance|[upkeep]
|-heal|p2a: Garchomp|100/100 tox|[from] item: Leftovers
|-damage|p2a: Garchomp|88/100 tox|[from] psn
|upkeep
|turn|28
|
|t:|1722618535
|switch|p2a: Celebi|Celebi|100/100
|-damage|p2a: Celebi|88/100|[from] Stealth Rock
|move|p1a: Keldeo|Hydro Pump|p2a: Celebi
|-resisted|p2a: Celebi
|-damage|p2a: Celebi|47/100
|
|-weather|RainDance|[upkeep]
|upkeep
|turn|29
|j| UnumGenus
|
|t:|1722618545
|move|p1a: Keldeo|Hydro Pump|p2a: Celebi|[miss]
|-miss|p1a: Keldeo|p2a: Celebi
|move|p2a: Celebi|Leech Seed|p1a: Keldeo
|-start|p1a: Keldeo|move: Leech Seed
|
|-weather|RainDance|[upkeep]
|-damage|p1a: Keldeo|88/100|[from] Leech Seed|[of] p2a: Celebi
|-heal|p2a: Celebi|57/100|[silent]
|upkeep
|turn|30
|c|☆night bliz|damn
|
|t:|1722618557
|switch|p1a: Politoed|Politoed, F, shiny|34/100
|-damage|p1a: Politoed|22/100|[from] Stealth Rock
|move|p2a: Celebi|Energy Ball|p1a: Politoed
|-supereffective|p1a: Politoed
|-damage|p1a: Politoed|0 fnt
|faint|p1a: Politoed
|
|-weather|RainDance|[upkeep]
|upkeep
|
|t:|1722618561
|switch|p1a: Garchomp|Garchomp, M|100/100
|-damage|p1a: Garchomp|94/100|[from] Stealth Rock
|turn|31
|
|t:|1722618574
|switch|p2a: Rotom|Rotom-Wash|46/100
|-damage|p2a: Rotom|34/100|[from] Stealth Rock
|move|p1a: Garchomp|Outrage|p2a: Rotom
|-damage|p2a: Rotom|0 fnt
|faint|p2a: Rotom
|
|-weather|RainDance|[upkeep]
|upkeep
|
|t:|1722618585
|switch|p2a: Excadrill|Excadrill, F|100/100
|-damage|p2a: Excadrill|97/100|[from] Stealth Rock
|turn|32
|
|t:|1722618587
|move|p1a: Garchomp|Outrage|p2a: Excadrill|[from]lockedmove
|-resisted|p2a: Excadrill
|-damage|p2a: Excadrill|59/100
|-start|p1a: Garchomp|confusion|[fatigue]
|move|p2a: Excadrill|Earthquake|p1a: Garchomp
|-damage|p1a: Garchomp|46/100
|
|-weather|RainDance|[upkeep]
|-heal|p2a: Excadrill|65/100|[from] item: Leftovers
|upkeep
|turn|33
|
|t:|1722618598
|-activate|p1a: Garchomp|confusion
|move|p1a: Garchomp|Outrage|p2a: Excadrill
|-resisted|p2a: Excadrill
|-damage|p2a: Excadrill|24/100
|move|p2a: Excadrill|Earthquake|p1a: Garchomp
|-damage|p1a: Garchomp|0 fnt
|faint|p1a: Garchomp
|
|-weather|RainDance|[upkeep]
|-heal|p2a: Excadrill|30/100|[from] item: Leftovers
|upkeep
|
|t:|1722618600
|switch|p1a: Keldeo|Keldeo|88/100
|-damage|p1a: Keldeo|82/100|[from] Stealth Rock
|turn|34
|
|t:|1722618610
|move|p1a: Keldeo|Hydro Pump|p2a: Excadrill|[miss]
|-miss|p1a: Keldeo|p2a: Excadrill
|move|p2a: Excadrill|Earthquake|p1a: Keldeo
|-damage|p1a: Keldeo|29/100
|
|-weather|RainDance|[upkeep]
|-heal|p2a: Excadrill|36/100|[from] item: Leftovers
|upkeep
|turn|35
|
|t:|1722618612
|move|p1a: Keldeo|Hydro Pump|p2a: Excadrill
|-supereffective|p2a: Excadrill
|-damage|p2a: Excadrill|0 fnt
|faint|p2a: Excadrill
|
|-weather|RainDance|[upkeep]
|upkeep
|
|t:|1722618619
|switch|p2a: Celebi|Celebi|57/100
|-damage|p2a: Celebi|45/100|[from] Stealth Rock
|turn|36
|
|t:|1722618621
|move|p1a: Keldeo|Hydro Pump|p2a: Celebi
|-resisted|p2a: Celebi
|-damage|p2a: Celebi|4/100
|move|p2a: Celebi|Energy Ball|p1a: Keldeo
|-supereffective|p1a: Keldeo
|-damage|p1a: Keldeo|0 fnt
|faint|p1a: Keldeo
|
|win|Crimsonbacon38
|raw|night bliz's rating: 1418 &rarr; <strong>1391</strong><br />(-27 for losing)
|raw|Crimsonbacon38's rating: 1299 &rarr; <strong>1332</strong><br />(+33 for winning)
|c|☆Crimsonbacon38|gg
|c|☆night bliz|damn no role
|c|☆night bliz|gg
|l|☆night bliz
|player|p1|
