|join|RS Cocaine
|join|MoxieInfinite
|player|p1|RS Cocaine|43
|player|p2|MoxieInfinite|210
|gametype|singles
|gen|5
|tier|[Gen 5] OU
|rated
|rule|Evasion Abilities Clause: Evasion abilities are banned
|clearpoke
|poke|p1|Landorus-Therian, M
|poke|p1|Tyranitar, M
|poke|p1|Forretress, M
|poke|p1|Gastrodon, M
|poke|p1|Celebi
|poke|p1|Heatran, M
|poke|p2|Roserade, F
|poke|p2|Skarmory, F
|poke|p2|Hippowdon, M
|poke|p2|Jellicent, F
|poke|p2|Stoutland, M
|poke|p2|Latias, F
|rule|Sleep Clause Mod: Limit one foe put to sleep
|rule|Species Clause: Limit one of each Pokémon
|rule|OHKO Clause: OHKO moves are banned
|rule|Moody Clause: Moody is banned
|rule|Evasion Moves Clause: Evasion moves are banned
|rule|Endless Battle Clause: Forcing endless battles is banned
|rule|HP Percentage Mod: HP is reported as percentages
|teampreview
|chat|RS Cocaine|dont use this shit lel
|chat|RS Cocaine|so ez to break
|chat|MoxieInfinite|hue
|
|start
|switch|p1a: Landorus-Therian|Landorus-Therian, M|381/381
|switch|p2a: Hippowdon|Hippowdon, M|420/420
|-ability|p1a: Landorus-Therian|Intimidate|[of] p2a: Hippowdon
|-unboost|p2a: Hippowdon|atk|1
|-weather|Sandstorm|[from] ability: Sand Stream|[of] p2a: Hippowdon
|turn|1
|
|move|p1a: Landorus-Therian|Stealth Rock|p2a: Hippowdon
|-sidestart|p2: MoxieInfinite|move: Stealth Rock
|move|p2a: Hippowdon|Stealth Rock|p1a: Landorus-Therian
|-sidestart|p1: RS Cocaine|move: Stealth Rock
|
|-weather|Sandstorm|[upkeep]
|turn|2
|
|move|p1a: Landorus-Therian|Hidden Power|p2a: Hippowdon
|-crit|p2a: Hippowdon
|-supereffective|p2a: Hippowdon
|-damage|p2a: Hippowdon|182/420
|move|p2a: Hippowdon|Earthquake|p1a: Landorus-Therian
|-immune|p1a: Landorus-Therian|[msg]
|
|-weather|Sandstorm|[upkeep]
|-heal|p2a: Hippowdon|208/420|[from] item: Leftovers
|turn|3
|
|move|p1a: Landorus-Therian|U-turn|p2a: Hippowdon
|-damage|p2a: Hippowdon|147/420
|
|switch|p1a: Forretress|Forretress, M|353/353
|-damage|p1a: Forretress|309/353|[from] Stealth Rock
|move|p2a: Hippowdon|Slack Off|p2a: Hippowdon
|-heal|p2a: Hippowdon|357/420
|
|-weather|Sandstorm|[upkeep]
|-heal|p2a: Hippowdon|383/420|[from] item: Leftovers
|-heal|p1a: Forretress|331/353|[from] item: Leftovers
|turn|4
|join|Doudrasand
|
|move|p2a: Hippowdon|Earthquake|p1a: Forretress
|-damage|p1a: Forretress|279/353
|move|p1a: Forretress|Toxic Spikes|p2a: Hippowdon
|-sidestart|p2: MoxieInfinite|move: Toxic Spikes
|
|-weather|Sandstorm|[upkeep]
|-heal|p2a: Hippowdon|409/420|[from] item: Leftovers
|-heal|p1a: Forretress|301/353|[from] item: Leftovers
|turn|5
|
|switch|p2a: Roserade|Roserade, F|324/324
|-damage|p2a: Roserade|284/324|[from] Stealth Rock
|-sideend|p2: MoxieInfinite|move: Toxic Spikes|[of] p2a: Roserade
|move|p1a: Forretress|Volt Switch|p2a: Roserade
|-resisted|p2a: Roserade
|-damage|p2a: Roserade|270/324
|
|switch|p1a: Tyranitar|Tyranitar, M|341/341
|-damage|p1a: Tyranitar|299/341|[from] Stealth Rock
|
|-weather|Sandstorm|[upkeep]
|-damage|p2a: Roserade|250/324|[from] sandstorm
|-heal|p2a: Roserade|270/324|[from] item: Black Sludge
|turn|6
|
|move|p1a: Tyranitar|Pursuit|p2a: Roserade
|-damage|p2a: Roserade|167/324
|move|p2a: Roserade|Giga Drain|p1a: Tyranitar
|-supereffective|p1a: Tyranitar
|-damage|p1a: Tyranitar|153/341
|-heal|p2a: Roserade|240/324|[from] drain|[of] p1a: Tyranitar
|
|-weather|Sandstorm|[upkeep]
|-damage|p2a: Roserade|220/324|[from] sandstorm
|-heal|p2a: Roserade|240/324|[from] item: Black Sludge
|turn|7
|
|switch|p1a: Heatran|Heatran, M|385/385
|-damage|p1a: Heatran|337/385|[from] Stealth Rock
|move|p2a: Roserade|Toxic Spikes|p1a: Heatran
|-sidestart|p1: RS Cocaine|move: Toxic Spikes
|
|-weather|Sandstorm|[upkeep]
|-damage|p2a: Roserade|220/324|[from] sandstorm
|-heal|p1a: Heatran|361/385|[from] item: Leftovers
|-heal|p2a: Roserade|240/324|[from] item: Black Sludge
|turn|8
|
|switch|p2a: Jellicent|Jellicent, F|404/404
|-damage|p2a: Jellicent|354/404|[from] Stealth Rock
|move|p1a: Heatran|Lava Plume|p2a: Jellicent
|-resisted|p2a: Jellicent
|-damage|p2a: Jellicent|312/404
|
|-weather|Sandstorm|[upkeep]
|-damage|p2a: Jellicent|287/404|[from] sandstorm
|-heal|p1a: Heatran|385/385|[from] item: Leftovers
|-heal|p2a: Jellicent|312/404|[from] item: Leftovers
|turn|9
|
|move|p1a: Heatran|Lava Plume|p2a: Jellicent
|-resisted|p2a: Jellicent
|-damage|p2a: Jellicent|265/404
|move|p2a: Jellicent|Taunt|p1a: Heatran
|-start|p1a: Heatran|move: Taunt
|
|-weather|Sandstorm|[upkeep]
|-damage|p2a: Jellicent|240/404|[from] sandstorm
|-heal|p2a: Jellicent|265/404|[from] item: Leftovers
|turn|10
|
|move|p1a: Heatran|Lava Plume|p2a: Jellicent
|-crit|p2a: Jellicent
|-resisted|p2a: Jellicent
|-damage|p2a: Jellicent|173/404
|-status|p2a: Jellicent|brn
|move|p2a: Jellicent|Scald|p1a: Heatran
|-supereffective|p1a: Heatran
|-damage|p1a: Heatran|251/385
|
|-weather|Sandstorm|[upkeep]
|-damage|p2a: Jellicent|148/404 brn|[from] sandstorm
|-heal|p1a: Heatran|275/385|[from] item: Leftovers
|-heal|p2a: Jellicent|173/404 brn|[from] item: Leftovers
|-damage|p2a: Jellicent|123/404 brn|[from] brn
|turn|11
|
|switch|p1a: Tyranitar|Tyranitar, M|153/341
|-status|p1a: Tyranitar|psn
|-damage|p1a: Tyranitar|111/341 psn|[from] Stealth Rock
|move|p2a: Jellicent|Recover|p2a: Jellicent
|-heal|p2a: Jellicent|325/404 brn
|
|-weather|Sandstorm|[upkeep]
|-damage|p2a: Jellicent|300/404 brn|[from] sandstorm
|-heal|p2a: Jellicent|325/404 brn|[from] item: Leftovers
|-damage|p1a: Tyranitar|69/341 psn|[from] psn
|-damage|p2a: Jellicent|275/404 brn|[from] brn
|turn|12
|
|move|p1a: Tyranitar|Pursuit|p2a: Jellicent
|-supereffective|p2a: Jellicent
|-damage|p2a: Jellicent|75/404 brn
|move|p2a: Jellicent|Scald|p1a: Tyranitar
|-supereffective|p1a: Tyranitar
|-damage|p1a: Tyranitar|0 fnt
|faint|p1a: Tyranitar
|
|-weather|Sandstorm|[upkeep]
|-damage|p2a: Jellicent|50/404 brn|[from] sandstorm
|-heal|p2a: Jellicent|75/404 brn|[from] item: Leftovers
|-damage|p2a: Jellicent|25/404 brn|[from] brn
|
|switch|p1a: Landorus-Therian|Landorus-Therian, M|381/381
|-damage|p1a: Landorus-Therian|334/381|[from] Stealth Rock
|-ability|p1a: Landorus-Therian|Intimidate|[of] p2a: Jellicent
|-unboost|p2a: Jellicent|atk|1
|turn|13
|
|move|p1a: Landorus-Therian|Earthquake|p2a: Jellicent
|-damage|p2a: Jellicent|0 fnt
|faint|p2a: Jellicent
|
|-weather|Sandstorm|[upkeep]
|-heal|p1a: Landorus-Therian|357/381|[from] item: Leftovers
|
|switch|p2a: Skarmory|Skarmory, F|334/334
|-damage|p2a: Skarmory|293/334|[from] Stealth Rock
|turn|14
|chat|RS Cocaine|this was outdated 5 years ago lel
|
|move|p1a: Landorus-Therian|U-turn|p2a: Skarmory
|-resisted|p2a: Skarmory
|-damage|p2a: Skarmory|282/334
|
|switch|p1a: Forretress|Forretress, M|301/353
|-damage|p1a: Forretress|257/353|[from] Stealth Rock
|move|p2a: Skarmory|Whirlwind|p1a: Forretress
|drag|p1a: Gastrodon|Gastrodon, M|425/425
|-damage|p1a: Gastrodon|399/425|[from] Stealth Rock
|-status|p1a: Gastrodon|psn
|
|-weather|Sandstorm|[upkeep]
|-heal|p2a: Skarmory|302/334|[from] item: Leftovers
|-heal|p1a: Gastrodon|425/425 psn|[from] item: Leftovers
|-damage|p1a: Gastrodon|372/425 psn|[from] psn
|turn|15
|
|switch|p2a: Latias|Latias, F|364/364
|-damage|p2a: Latias|319/364|[from] Stealth Rock
|move|p1a: Gastrodon|Scald|p2a: Latias
|-crit|p2a: Latias
|-resisted|p2a: Latias
|-damage|p2a: Latias|247/364
|-status|p2a: Latias|brn
|
|-weather|Sandstorm|[upkeep]
|-damage|p2a: Latias|225/364 brn|[from] sandstorm
|-heal|p2a: Latias|247/364 brn|[from] item: Leftovers
|-heal|p1a: Gastrodon|398/425 psn|[from] item: Leftovers
|-damage|p2a: Latias|202/364 brn|[from] brn
|-damage|p1a: Gastrodon|345/425 psn|[from] psn
|turn|16
|
|switch|p1a: Heatran|Heatran, M|275/385
|-damage|p1a: Heatran|227/385|[from] Stealth Rock
|move|p2a: Latias|Roost|p2a: Latias
|-heal|p2a: Latias|364/364 brn
|
|-weather|Sandstorm|[upkeep]
|-damage|p2a: Latias|342/364 brn|[from] sandstorm
|-heal|p2a: Latias|364/364 brn|[from] item: Leftovers
|-heal|p1a: Heatran|251/385|[from] item: Leftovers
|-damage|p2a: Latias|319/364 brn|[from] brn
|turn|17
|
|switch|p2a: Hippowdon|Hippowdon, M|409/420
|-damage|p2a: Hippowdon|383/420|[from] Stealth Rock
|move|p1a: Heatran|Lava Plume|p2a: Hippowdon
|-damage|p2a: Hippowdon|265/420
|
|-weather|Sandstorm|[upkeep]
|-heal|p1a: Heatran|275/385|[from] item: Leftovers
|-heal|p2a: Hippowdon|291/420|[from] item: Leftovers
|turn|18
|
|switch|p1a: Forretress|Forretress, M|257/353
|-damage|p1a: Forretress|213/353|[from] Stealth Rock
|move|p2a: Hippowdon|Whirlwind|p1a: Forretress
|drag|p1a: Landorus-Therian|Landorus-Therian, M|357/381
|-damage|p1a: Landorus-Therian|310/381|[from] Stealth Rock
|-ability|p1a: Landorus-Therian|Intimidate|[of] p2a: Hippowdon
|-unboost|p2a: Hippowdon|atk|1
|
|-weather|Sandstorm|[upkeep]
|-heal|p1a: Landorus-Therian|333/381|[from] item: Leftovers
|-heal|p2a: Hippowdon|317/420|[from] item: Leftovers
|turn|19
|
|move|p1a: Landorus-Therian|U-turn|p2a: Hippowdon
|-damage|p2a: Hippowdon|258/420
|
|switch|p1a: Forretress|Forretress, M|213/353
|-damage|p1a: Forretress|169/353|[from] Stealth Rock
|move|p2a: Hippowdon|Slack Off|p2a: Hippowdon
|-heal|p2a: Hippowdon|420/420
|
|-weather|Sandstorm|[upkeep]
|-heal|p1a: Forretress|191/353|[from] item: Leftovers
|turn|20
|join|I Iike Squirtles
|leave|I Iike Squirtles
|
|move|p1a: Forretress|Rapid Spin|p2a: Hippowdon
|-damage|p2a: Hippowdon|409/420
|-sideend|p1: RS Cocaine|Toxic Spikes|[from] move: Rapid Spin|[of] p1a: Forretress
|-sideend|p1: RS Cocaine|Stealth Rock|[from] move: Rapid Spin|[of] p1a: Forretress
|move|p2a: Hippowdon|Whirlwind|p1a: Forretress
|drag|p1a: Heatran|Heatran, M|275/385
|
|-weather|Sandstorm|[upkeep]
|-heal|p1a: Heatran|299/385|[from] item: Leftovers
|-heal|p2a: Hippowdon|420/420|[from] item: Leftovers
|turn|21
|
|switch|p1a: Forretress|Forretress, M|191/353
|move|p2a: Hippowdon|Earthquake|p1a: Forretress
|-damage|p1a: Forretress|142/353
|
|-weather|Sandstorm|[upkeep]
|-heal|p1a: Forretress|164/353|[from] item: Leftovers
|turn|22
|
|move|p1a: Forretress|Toxic Spikes|p2a: Hippowdon
|-sidestart|p2: MoxieInfinite|move: Toxic Spikes
|move|p2a: Hippowdon|Whirlwind|p1a: Forretress
|drag|p1a: Gastrodon|Gastrodon, M|345/425 psn
|
|-weather|Sandstorm|[upkeep]
|-heal|p1a: Gastrodon|371/425 psn|[from] item: Leftovers
|-damage|p1a: Gastrodon|318/425 psn|[from] psn
|turn|23
|
|switch|p2a: Roserade|Roserade, F|240/324
|-damage|p2a: Roserade|200/324|[from] Stealth Rock
|-sideend|p2: MoxieInfinite|move: Toxic Spikes|[of] p2a: Roserade
|move|p1a: Gastrodon|Ice Beam|p2a: Roserade
|-crit|p2a: Roserade
|-supereffective|p2a: Roserade
|-damage|p2a: Roserade|0 fnt
|faint|p2a: Roserade
|
|-weather|Sandstorm|[upkeep]
|-heal|p1a: Gastrodon|344/425 psn|[from] item: Leftovers
|-damage|p1a: Gastrodon|291/425 psn|[from] psn
|
|switch|p2a: Stoutland|Stoutland, M|311/311
|-damage|p2a: Stoutland|273/311|[from] Stealth Rock
|turn|24
|
|switch|p1a: Landorus-Therian|Landorus-Therian, M|333/381
|-ability|p1a: Landorus-Therian|Intimidate|[of] p2a: Stoutland
|-unboost|p2a: Stoutland|atk|1
|move|p2a: Stoutland|Return|p1a: Landorus-Therian
|-damage|p1a: Landorus-Therian|176/381
|
|-weather|Sandstorm|[upkeep]
|-heal|p1a: Landorus-Therian|199/381|[from] item: Leftovers
|turn|25
|
|move|p2a: Stoutland|Return|p1a: Landorus-Therian
|-damage|p1a: Landorus-Therian|40/381
|move|p1a: Landorus-Therian|U-turn|p2a: Stoutland
|-damage|p2a: Stoutland|190/311
|
|switch|p1a: Forretress|Forretress, M|164/353
|
|-weather|Sandstorm|[upkeep]
|-heal|p1a: Forretress|186/353|[from] item: Leftovers
|turn|26
|
|switch|p2a: Latias|Latias, F|319/364 brn
|-damage|p2a: Latias|274/364 brn|[from] Stealth Rock
|move|p1a: Forretress|Toxic Spikes|p2a: Latias
|-sidestart|p2: MoxieInfinite|move: Toxic Spikes
|
|-weather|Sandstorm|[upkeep]
|-damage|p2a: Latias|252/364 brn|[from] sandstorm
|-heal|p2a: Latias|274/364 brn|[from] item: Leftovers
|-heal|p1a: Forretress|208/353|[from] item: Leftovers
|-damage|p2a: Latias|229/364 brn|[from] brn
|turn|27
|
|switch|p1a: Heatran|Heatran, M|299/385
|move|p2a: Latias|Calm Mind|p2a: Latias
|-boost|p2a: Latias|spa|1
|-boost|p2a: Latias|spd|1
|
|-weather|Sandstorm|[upkeep]
|-damage|p2a: Latias|207/364 brn|[from] sandstorm
|-heal|p2a: Latias|229/364 brn|[from] item: Leftovers
|-heal|p1a: Heatran|323/385|[from] item: Leftovers
|-damage|p2a: Latias|184/364 brn|[from] brn
|turn|28
|
|move|p2a: Latias|Roost|p2a: Latias
|-heal|p2a: Latias|364/364 brn
|move|p1a: Heatran|Lava Plume|p2a: Latias
|-resisted|p2a: Latias
|-damage|p2a: Latias|335/364 brn
|
|-weather|Sandstorm|[upkeep]
|-damage|p2a: Latias|313/364 brn|[from] sandstorm
|-heal|p2a: Latias|335/364 brn|[from] item: Leftovers
|-heal|p1a: Heatran|347/385|[from] item: Leftovers
|-damage|p2a: Latias|290/364 brn|[from] brn
|turn|29
|
|move|p2a: Latias|Dragon Pulse|p1a: Heatran
|-resisted|p1a: Heatran
|-damage|p1a: Heatran|274/385
|move|p1a: Heatran|Roar|p2a: Latias
|drag|p2a: Stoutland|Stoutland, M|190/311
|-status|p2a: Stoutland|psn
|-damage|p2a: Stoutland|152/311 psn|[from] Stealth Rock
|
|-weather|Sandstorm|[upkeep]
|-heal|p1a: Heatran|298/385|[from] item: Leftovers
|-damage|p2a: Stoutland|114/311 psn|[from] psn
|turn|30
|
|move|p1a: Heatran|Protect|p1a: Heatran
|-singleturn|p1a: Heatran|Protect
|move|p2a: Stoutland|Superpower|p1a: Heatran
|-activate|p1a: Heatran|Protect
|
|-weather|Sandstorm|[upkeep]
|-heal|p1a: Heatran|322/385|[from] item: Leftovers
|-damage|p2a: Stoutland|76/311 psn|[from] psn
|turn|31
|
|switch|p2a: Skarmory|Skarmory, F|302/334
|-damage|p2a: Skarmory|261/334|[from] Stealth Rock
|switch|p1a: Celebi|Celebi|403/403
|
|-weather|Sandstorm|[upkeep]
|-damage|p1a: Celebi|378/403|[from] sandstorm
|-heal|p1a: Celebi|403/403|[from] item: Leftovers
|-heal|p2a: Skarmory|281/334|[from] item: Leftovers
|turn|32
|
|move|p1a: Celebi|Baton Pass|p1a: Celebi
|
|switch|p1a: Heatran|Heatran, M|322/385
|move|p2a: Skarmory|Spikes|p1a: Heatran
|-sidestart|p1: RS Cocaine|Spikes
|
|-weather|Sandstorm|[upkeep]
|-heal|p1a: Heatran|346/385|[from] item: Leftovers
|-heal|p2a: Skarmory|301/334|[from] item: Leftovers
|turn|33
|
|switch|p2a: Hippowdon|Hippowdon, M|420/420
|-damage|p2a: Hippowdon|394/420|[from] Stealth Rock
|-status|p2a: Hippowdon|psn
|move|p1a: Heatran|Lava Plume|p2a: Hippowdon
|-damage|p2a: Hippowdon|277/420 psn
|
|-weather|Sandstorm|[upkeep]
|-heal|p1a: Heatran|370/385|[from] item: Leftovers
|-heal|p2a: Hippowdon|303/420 psn|[from] item: Leftovers
|-damage|p2a: Hippowdon|251/420 psn|[from] psn
|turn|34
|
|switch|p1a: Landorus-Therian|Landorus-Therian, M|40/381
|-ability|p1a: Landorus-Therian|Intimidate|[of] p2a: Hippowdon
|-unboost|p2a: Hippowdon|atk|1
|move|p2a: Hippowdon|Earthquake|p1a: Landorus-Therian
|-immune|p1a: Landorus-Therian|[msg]
|
|-weather|Sandstorm|[upkeep]
|-heal|p1a: Landorus-Therian|63/381|[from] item: Leftovers
|-heal|p2a: Hippowdon|277/420 psn|[from] item: Leftovers
|-damage|p2a: Hippowdon|225/420 psn|[from] psn
|turn|35
|
|move|p1a: Landorus-Therian|Earthquake|p2a: Hippowdon
|-damage|p2a: Hippowdon|104/420 psn
|move|p2a: Hippowdon|Slack Off|p2a: Hippowdon
|-heal|p2a: Hippowdon|314/420 psn
|
|-weather|Sandstorm|[upkeep]
|-heal|p1a: Landorus-Therian|86/381|[from] item: Leftovers
|-heal|p2a: Hippowdon|340/420 psn|[from] item: Leftovers
|-damage|p2a: Hippowdon|288/420 psn|[from] psn
|turn|36
|
|move|p1a: Landorus-Therian|Earthquake|p2a: Hippowdon
|-damage|p2a: Hippowdon|156/420 psn
|move|p2a: Hippowdon|Slack Off|p2a: Hippowdon
|-heal|p2a: Hippowdon|366/420 psn
|
|-weather|Sandstorm|[upkeep]
|-heal|p1a: Landorus-Therian|109/381|[from] item: Leftovers
|-heal|p2a: Hippowdon|392/420 psn|[from] item: Leftovers
|-damage|p2a: Hippowdon|340/420 psn|[from] psn
|turn|37
|
|move|p1a: Landorus-Therian|U-turn|p2a: Hippowdon
|-crit|p2a: Hippowdon
|-damage|p2a: Hippowdon|214/420 psn
|
|switch|p1a: Forretress|Forretress, M|208/353
|-damage|p1a: Forretress|164/353|[from] Spikes
|move|p2a: Hippowdon|Stealth Rock|p1a: Forretress
|-sidestart|p1: RS Cocaine|move: Stealth Rock
|
|-weather|Sandstorm|[upkeep]
|-heal|p2a: Hippowdon|240/420 psn|[from] item: Leftovers
|-heal|p1a: Forretress|186/353|[from] item: Leftovers
|-damage|p2a: Hippowdon|188/420 psn|[from] psn
|turn|38
|
|switch|p2a: Skarmory|Skarmory, F|301/334
|-damage|p2a: Skarmory|260/334|[from] Stealth Rock
|move|p1a: Forretress|Rapid Spin|p2a: Skarmory
|-resisted|p2a: Skarmory
|-damage|p2a: Skarmory|256/334
|-sideend|p1: RS Cocaine|Spikes|[from] move: Rapid Spin|[of] p1a: Forretress
|-sideend|p1: RS Cocaine|Stealth Rock|[from] move: Rapid Spin|[of] p1a: Forretress
|
|-weather|Sandstorm|[upkeep]
|-heal|p2a: Skarmory|276/334|[from] item: Leftovers
|-heal|p1a: Forretress|208/353|[from] item: Leftovers
|turn|39
|
|move|p2a: Skarmory|Spikes|p1a: Forretress
|-sidestart|p1: RS Cocaine|Spikes
|move|p1a: Forretress|Volt Switch|p2a: Skarmory
|-supereffective|p2a: Skarmory
|-damage|p2a: Skarmory|184/334
|
|switch|p1a: Heatran|Heatran, M|370/385
|-damage|p1a: Heatran|322/385|[from] Spikes
|
|-weather|Sandstorm|[upkeep]
|-heal|p1a: Heatran|346/385|[from] item: Leftovers
|-heal|p2a: Skarmory|204/334|[from] item: Leftovers
|turn|40
|
|switch|p2a: Stoutland|Stoutland, M|76/311 psn
|-damage|p2a: Stoutland|38/311 psn|[from] Stealth Rock
|move|p1a: Heatran|Lava Plume|p2a: Stoutland
|-damage|p2a: Stoutland|0 fnt
|faint|p2a: Stoutland
|
|-weather|Sandstorm|[upkeep]
|-heal|p1a: Heatran|370/385|[from] item: Leftovers
|join|daftmau5
|
|switch|p2a: Hippowdon|Hippowdon, M|188/420 psn
|-damage|p2a: Hippowdon|162/420 psn|[from] Stealth Rock
|turn|41
|
|switch|p1a: Landorus-Therian|Landorus-Therian, M|109/381
|-ability|p1a: Landorus-Therian|Intimidate|[of] p2a: Hippowdon
|-unboost|p2a: Hippowdon|atk|1
|move|p2a: Hippowdon|Stealth Rock|p1a: Landorus-Therian
|-sidestart|p1: RS Cocaine|move: Stealth Rock
|
|-weather|Sandstorm|[upkeep]
|-heal|p1a: Landorus-Therian|132/381|[from] item: Leftovers
|-heal|p2a: Hippowdon|188/420 psn|[from] item: Leftovers
|-damage|p2a: Hippowdon|136/420 psn|[from] psn
|turn|42
|
|switch|p2a: Skarmory|Skarmory, F|204/334
|-damage|p2a: Skarmory|163/334|[from] Stealth Rock
|move|p1a: Landorus-Therian|Hidden Power|p2a: Skarmory
|-damage|p2a: Skarmory|82/334
|
|-weather|Sandstorm|[upkeep]
|-heal|p1a: Landorus-Therian|155/381|[from] item: Leftovers
|-heal|p2a: Skarmory|102/334|[from] item: Leftovers
|turn|43
|
|move|p1a: Landorus-Therian|Hidden Power|p2a: Skarmory
|-damage|p2a: Skarmory|29/334
|move|p2a: Skarmory|Roost|p2a: Skarmory
|-heal|p2a: Skarmory|196/334
|
|-weather|Sandstorm|[upkeep]
|-heal|p1a: Landorus-Therian|178/381|[from] item: Leftovers
|-heal|p2a: Skarmory|216/334|[from] item: Leftovers
|turn|44
|
|switch|p1a: Forretress|Forretress, M|208/353
|-damage|p1a: Forretress|164/353|[from] Spikes
|-damage|p1a: Forretress|120/353|[from] Stealth Rock
|move|p2a: Skarmory|Brave Bird|p1a: Forretress
|-damage|p1a: Forretress|42/353
|-damage|p2a: Skarmory|190/334|[from] recoil|[of] p1a: Forretress
|
|-weather|Sandstorm|[upkeep]
|-heal|p2a: Skarmory|210/334|[from] item: Leftovers
|-heal|p1a: Forretress|64/353|[from] item: Leftovers
|turn|45
|
|move|p2a: Skarmory|Brave Bird|p1a: Forretress
|-damage|p1a: Forretress|0 fnt
|-damage|p2a: Skarmory|189/334|[from] recoil|[of] p1a: Forretress
|faint|p1a: Forretress
|
|-weather|Sandstorm|[upkeep]
|-heal|p2a: Skarmory|209/334|[from] item: Leftovers
|
|switch|p1a: Heatran|Heatran, M|370/385
|-damage|p1a: Heatran|322/385|[from] Stealth Rock
|-damage|p1a: Heatran|274/385|[from] Spikes
|turn|46
|
|move|p1a: Heatran|Lava Plume|p2a: Skarmory
|-supereffective|p2a: Skarmory
|-damage|p2a: Skarmory|0 fnt
|faint|p2a: Skarmory
|
|-weather|Sandstorm|[upkeep]
|-heal|p1a: Heatran|298/385|[from] item: Leftovers
|
|switch|p2a: Hippowdon|Hippowdon, M|136/420 psn
|-damage|p2a: Hippowdon|110/420 psn|[from] Stealth Rock
|turn|47
|
|move|p1a: Heatran|Lava Plume|p2a: Hippowdon
|-damage|p2a: Hippowdon|0 fnt
|faint|p2a: Hippowdon
|
|-weather|Sandstorm|[upkeep]
|-heal|p1a: Heatran|322/385|[from] item: Leftovers
|
|switch|p2a: Latias|Latias, F|290/364 brn
|-damage|p2a: Latias|245/364 brn|[from] Stealth Rock
|turn|48
|
|switch|p1a: Celebi|Celebi|403/403
|-damage|p1a: Celebi|353/403|[from] Stealth Rock
|-damage|p1a: Celebi|303/403|[from] Spikes
|move|p2a: Latias|Roost|p2a: Latias
|-heal|p2a: Latias|364/364 brn
|
|-weather|Sandstorm|[upkeep]
|-damage|p2a: Latias|342/364 brn|[from] sandstorm
|-damage|p1a: Celebi|278/403|[from] sandstorm
|-heal|p2a: Latias|364/364 brn|[from] item: Leftovers
|-heal|p1a: Celebi|303/403|[from] item: Leftovers
|-damage|p2a: Latias|319/364 brn|[from] brn
|turn|49
|
|move|p2a: Latias|Dragon Pulse|p1a: Celebi
|-damage|p1a: Celebi|216/403
|move|p1a: Celebi|Perish Song|p1a: Celebi
|-fieldactivate|move: Perish Song
|
|-start|p2a: Latias|perish3
|-start|p1a: Celebi|perish3
|-weather|Sandstorm|[upkeep]
|-damage|p2a: Latias|297/364 brn|[from] sandstorm
|-damage|p1a: Celebi|191/403|[from] sandstorm
|-heal|p2a: Latias|319/364 brn|[from] item: Leftovers
|-heal|p1a: Celebi|216/403|[from] item: Leftovers
|-damage|p2a: Latias|274/364 brn|[from] brn
|turn|50
|
|move|p2a: Latias|Hidden Power|p1a: Celebi
|-crit|p1a: Celebi
|-supereffective|p1a: Celebi
|-damage|p1a: Celebi|28/403
|move|p1a: Celebi|Recover|p1a: Celebi
|-heal|p1a: Celebi|230/403
|
|-start|p2a: Latias|perish2
|-start|p1a: Celebi|perish2
|-weather|Sandstorm|[upkeep]
|-damage|p2a: Latias|252/364 brn|[from] sandstorm
|-damage|p1a: Celebi|205/403|[from] sandstorm
|-heal|p2a: Latias|274/364 brn|[from] item: Leftovers
|-heal|p1a: Celebi|230/403|[from] item: Leftovers
|-damage|p2a: Latias|229/364 brn|[from] brn
|turn|51
|
|move|p2a: Latias|Dragon Pulse|p1a: Celebi
|-damage|p1a: Celebi|143/403
|move|p1a: Celebi|Recover|p1a: Celebi
|-heal|p1a: Celebi|345/403
|
|-start|p2a: Latias|perish1
|-start|p1a: Celebi|perish1
|-weather|Sandstorm|[upkeep]
|-damage|p2a: Latias|207/364 brn|[from] sandstorm
|-damage|p1a: Celebi|320/403|[from] sandstorm
|-heal|p2a: Latias|229/364 brn|[from] item: Leftovers
|-heal|p1a: Celebi|345/403|[from] item: Leftovers
|-damage|p2a: Latias|184/364 brn|[from] brn
|turn|52
|
|switch|p1a: Heatran|Heatran, M|322/385
|-damage|p1a: Heatran|274/385|[from] Spikes
|-damage|p1a: Heatran|226/385|[from] Stealth Rock
|move|p2a: Latias|Hidden Power|p1a: Heatran
|-start|p1a: Heatran|ability: Flash Fire
|
|-start|p2a: Latias|perish0
|-weather|Sandstorm|[upkeep]
|-heal|p1a: Heatran|250/385|[from] item: Leftovers
|faint|p2a: Latias
|
|win|RS Cocaine
|raw|Ladder updating...
|raw|RS Cocaine's rating: 1413 &rarr; <strong>1435</strong><br />(+22 for winning)
|raw|MoxieInfinite's rating: 1447 &rarr; <strong>1425</strong><br />(-22 for losing)
|chat|MoxieInfinite|gggg
|chat|RS Cocaine|gg
|leave|RS Cocaine
|leave|MoxieInfinite
|player|p1
|player|p2