|j|☆Ryan Cowtinho
|j|☆u spin my head
|t:|1716933941
|gametype|singles
|player|p1|Ryan Cowtinho|li|1440
|player|p2|u spin my head|pokemaniac|1323
|teamsize|p1|6
|teamsize|p2|6
|gen|5
|tier|[Gen 5] OU
|rated|
|rule|Species Clause: Limit one of each Pokémon
|rule|OHKO Clause: OHKO moves are banned
|rule|Moody Clause: Moody is banned
|rule|Evasion Items Clause: Evasion items are banned
|rule|Evasion Moves Clause: Evasion moves are banned
|rule|Endless Battle Clause: Forcing endless battles is banned
|rule|HP Percentage Mod: HP is shown in percentages
|rule|Evasion Abilities Clause: Evasion abilities are banned
|rule|Sleep Moves Clause: Sleep-inducing moves are banned
|rule|Swagger Clause: Swagger is banned
|rule|Baton Pass Stat Clause: No Baton Passer may have a way to boost its stats
|clearpoke
|poke|p1|Tyranitar, M|item
|poke|p1|Mienshao, F|item
|poke|p1|Ferrothorn, F|item
|poke|p1|Latios, M|item
|poke|p1|Excadrill, M|item
|poke|p1|Dragonite, F|item
|poke|p2|Politoed, F|item
|poke|p2|Ferrothorn, M|item
|poke|p2|Starmie|item
|poke|p2|Tornadus, M|item
|poke|p2|Latios, M|item
|poke|p2|Garchomp, F|item
|teampreview
|inactive|Battle timer is ON: inactive players will automatically lose when time's up. (requested by u spin my head)
|
|t:|1716933948
|start
|switch|p1a: Mienshao|Mienshao, F|100/100
|switch|p2a: Garchomp|Garchomp, F|100/100
|turn|1
|
|t:|1716933953
|move|p1a: Mienshao|Substitute|p1a: Mienshao
|-start|p1a: Mienshao|Substitute
|-damage|p1a: Mienshao|76/100
|move|p2a: Garchomp|Stealth Rock|p1a: Mienshao
|-sidestart|p1: Ryan Cowtinho|move: Stealth Rock
|
|upkeep
|turn|2
|
|t:|1716933959
|move|p1a: Mienshao|Hidden Power|p2a: Garchomp
|-supereffective|p2a: Garchomp
|-enditem|p2a: Garchomp|Yache Berry|[eat]
|-enditem|p2a: Garchomp|Yache Berry|[weaken]
|-damage|p2a: Garchomp|53/100
|-damage|p1a: Mienshao|66/100|[from] item: Life Orb
|move|p2a: Garchomp|Earthquake|p1a: Mienshao
|-end|p1a: Mienshao|Substitute
|
|upkeep
|turn|3
|
|t:|1716933967
|switch|p2a: Politoed|Politoed, F|100/100
|-weather|RainDance|[from] ability: Drizzle|[of] p2a: Politoed
|move|p1a: Mienshao|Hidden Power|p2a: Politoed
|-resisted|p2a: Politoed
|-damage|p2a: Politoed|91/100
|-enditem|p2a: Politoed|Eject Button
|-damage|p1a: Mienshao|56/100|[from] item: Life Orb
|
|t:|1716933978
|switch|p2a: Tornadus|Tornadus, M|100/100
|
|-weather|RainDance|[upkeep]
|upkeep
|turn|4
|
|t:|1716933986
|switch|p1a: Tyranitar|Tyranitar, M|100/100
|-damage|p1a: Tyranitar|88/100|[from] Stealth Rock
|-weather|Sandstorm|[from] ability: Sand Stream|[of] p1a: Tyranitar
|move|p2a: Tornadus|U-turn|p1a: Tyranitar
|-supereffective|p1a: Tyranitar
|-damage|p1a: Tyranitar|62/100
|
|t:|1716933990
|switch|p2a: Politoed|Politoed, F|91/100|[from] U-turn
|-weather|RainDance|[from] ability: Drizzle|[of] p2a: Politoed
|
|-weather|RainDance|[upkeep]
|upkeep
|turn|5
|
|t:|1716933996
|switch|p1a: Ferrothorn|Ferrothorn, F|100/100
|-damage|p1a: Ferrothorn|94/100|[from] Stealth Rock
|move|p2a: Politoed|Scald|p1a: Ferrothorn
|-resisted|p1a: Ferrothorn
|-damage|p1a: Ferrothorn|81/100
|
|-weather|RainDance|[upkeep]
|-heal|p1a: Ferrothorn|87/100|[from] item: Leftovers
|upkeep
|turn|6
|
|t:|1716934024
|move|p2a: Politoed|Scald|p1a: Ferrothorn
|-resisted|p1a: Ferrothorn
|-damage|p1a: Ferrothorn|76/100
|-status|p1a: Ferrothorn|brn
|move|p1a: Ferrothorn|Stealth Rock|p2a: Politoed
|-sidestart|p2: u spin my head|move: Stealth Rock
|
|-weather|RainDance|[upkeep]
|-heal|p1a: Ferrothorn|82/100 brn|[from] item: Leftovers
|-damage|p1a: Ferrothorn|70/100 brn|[from] brn
|upkeep
|turn|7
|
|t:|1716934035
|move|p2a: Politoed|Encore|p1a: Ferrothorn
|-start|p1a: Ferrothorn|Encore
|move|p1a: Ferrothorn|Stealth Rock||[still]
|-fail|p1a: Ferrothorn
|
|-weather|RainDance|[upkeep]
|-heal|p1a: Ferrothorn|76/100 brn|[from] item: Leftovers
|-damage|p1a: Ferrothorn|63/100 brn|[from] brn
|upkeep
|turn|8
|
|t:|1716934042
|switch|p1a: Dragonite|Dragonite, F|100/100
|-damage|p1a: Dragonite|76/100|[from] Stealth Rock
|move|p2a: Politoed|Scald|p1a: Dragonite
|-resisted|p1a: Dragonite
|-damage|p1a: Dragonite|59/100
|
|-weather|RainDance|[upkeep]
|-heal|p1a: Dragonite|65/100|[from] item: Leftovers
|upkeep
|turn|9
|
|t:|1716934049
|move|p1a: Dragonite|Substitute|p1a: Dragonite
|-start|p1a: Dragonite|Substitute
|-damage|p1a: Dragonite|40/100
|move|p2a: Politoed|Ice Beam|p1a: Dragonite
|-supereffective|p1a: Dragonite
|-end|p1a: Dragonite|Substitute
|
|-weather|RainDance|[upkeep]
|-heal|p1a: Dragonite|46/100|[from] item: Leftovers
|upkeep
|turn|10
|
|t:|1716934053
|move|p1a: Dragonite|Roost|p1a: Dragonite
|-heal|p1a: Dragonite|96/100
|-singleturn|p1a: Dragonite|move: Roost
|move|p2a: Politoed|Ice Beam|p1a: Dragonite
|-supereffective|p1a: Dragonite
|-damage|p1a: Dragonite|64/100
|
|-weather|RainDance|[upkeep]
|-heal|p1a: Dragonite|70/100|[from] item: Leftovers
|upkeep
|turn|11
|
|t:|1716934058
|move|p1a: Dragonite|Substitute|p1a: Dragonite
|-start|p1a: Dragonite|Substitute
|-damage|p1a: Dragonite|45/100
|move|p2a: Politoed|Encore|p1a: Dragonite
|-start|p1a: Dragonite|Encore
|
|-weather|RainDance|[upkeep]
|-heal|p1a: Dragonite|52/100|[from] item: Leftovers
|upkeep
|turn|12
|
|t:|1716934061
|move|p1a: Dragonite|Substitute|p1a: Dragonite
|-fail|p1a: Dragonite|move: Substitute
|move|p2a: Politoed|Ice Beam|p1a: Dragonite
|-supereffective|p1a: Dragonite
|-end|p1a: Dragonite|Substitute
|
|-weather|RainDance|[upkeep]
|-heal|p1a: Dragonite|58/100|[from] item: Leftovers
|upkeep
|turn|13
|
|t:|1716934063
|switch|p1a: Mienshao|Mienshao, F|89/100
|-damage|p1a: Mienshao|83/100|[from] Stealth Rock
|move|p2a: Politoed|Ice Beam|p1a: Mienshao
|-damage|p1a: Mienshao|39/100
|
|-weather|RainDance|[upkeep]
|upkeep
|turn|14
|
|t:|1716934069
|move|p1a: Mienshao|High Jump Kick|p2a: Politoed
|-damage|p2a: Politoed|22/100
|-damage|p1a: Mienshao|29/100|[from] item: Life Orb
|move|p2a: Politoed|Scald|p1a: Mienshao
|-damage|p1a: Mienshao|0 fnt
|faint|p1a: Mienshao
|
|-weather|RainDance|[upkeep]
|upkeep
|
|t:|1716934073
|switch|p1a: Excadrill|Excadrill, M|100/100
|-damage|p1a: Excadrill|97/100|[from] Stealth Rock
|turn|15
|j| CertamenMeum
|
|t:|1716934083
|switch|p2a: Starmie|Starmie|100/100
|-damage|p2a: Starmie|88/100|[from] Stealth Rock
|-item|p2a: Starmie|Air Balloon
|move|p1a: Excadrill|Earthquake|p2a: Starmie
|-immune|p2a: Starmie
|
|-weather|RainDance|[upkeep]
|-heal|p1a: Excadrill|100/100|[from] item: Leftovers
|upkeep
|turn|16
|
|t:|1716934089
|switch|p1a: Ferrothorn|Ferrothorn, F|63/100 brn
|-damage|p1a: Ferrothorn|57/100 brn|[from] Stealth Rock
|move|p2a: Starmie|Rapid Spin|p1a: Ferrothorn
|-resisted|p1a: Ferrothorn
|-damage|p1a: Ferrothorn|56/100 brn
|-damage|p2a: Starmie|76/100|[from] ability: Iron Barbs|[of] p1a: Ferrothorn
|-sideend|p2: u spin my head|Stealth Rock|[from] move: Rapid Spin|[of] p2a: Starmie
|
|-weather|RainDance|[upkeep]
|-heal|p1a: Ferrothorn|62/100 brn|[from] item: Leftovers
|-damage|p1a: Ferrothorn|49/100 brn|[from] brn
|upkeep
|turn|17
|
|t:|1716934094
|switch|p2a: Garchomp|Garchomp, F|53/100
|move|p1a: Ferrothorn|Stealth Rock|p2a: Garchomp
|-sidestart|p2: u spin my head|move: Stealth Rock
|
|-weather|RainDance|[upkeep]
|-heal|p1a: Ferrothorn|56/100 brn|[from] item: Leftovers
|-damage|p1a: Ferrothorn|43/100 brn|[from] brn
|upkeep
|turn|18
|
|t:|1716934099
|move|p2a: Garchomp|Earthquake|p1a: Ferrothorn
|-damage|p1a: Ferrothorn|6/100 brn
|move|p1a: Ferrothorn|Spikes|p2a: Garchomp
|-sidestart|p2: u spin my head|Spikes
|
|-weather|RainDance|[upkeep]
|-heal|p1a: Ferrothorn|12/100 brn|[from] item: Leftovers
|-damage|p1a: Ferrothorn|0 fnt|[from] brn
|faint|p1a: Ferrothorn
|upkeep
|
|t:|1716934104
|switch|p1a: Latios|Latios, M|100/100
|-damage|p1a: Latios|88/100|[from] Stealth Rock
|turn|19
|
|t:|1716934119
|switch|p2a: Ferrothorn|Ferrothorn, M|100/100
|-damage|p2a: Ferrothorn|95/100|[from] Stealth Rock
|-damage|p2a: Ferrothorn|82/100|[from] Spikes
|move|p1a: Latios|Dragon Pulse|p2a: Ferrothorn
|-resisted|p2a: Ferrothorn
|-damage|p2a: Ferrothorn|66/100
|
|-weather|RainDance|[upkeep]
|upkeep
|turn|20
|
|t:|1716934128
|switch|p1a: Dragonite|Dragonite, F|58/100
|-damage|p1a: Dragonite|33/100|[from] Stealth Rock
|move|p2a: Ferrothorn|Power Whip|p1a: Dragonite
|-resisted|p1a: Dragonite
|-damage|p1a: Dragonite|25/100
|
|-weather|RainDance|[upkeep]
|-heal|p1a: Dragonite|31/100|[from] item: Leftovers
|upkeep
|turn|21
|
|t:|1716934136
|move|p1a: Dragonite|Dragon Dance|p1a: Dragonite
|-boost|p1a: Dragonite|atk|1
|-boost|p1a: Dragonite|spe|1
|move|p2a: Ferrothorn|Explosion|p1a: Dragonite
|-damage|p1a: Dragonite|0 fnt
|faint|p2a: Ferrothorn
|faint|p1a: Dragonite
|
|-weather|RainDance|[upkeep]
|upkeep
|
|t:|1716934146
|switch|p1a: Latios|Latios, M|88/100
|switch|p2a: Starmie|Starmie|76/100
|-damage|p1a: Latios|76/100|[from] Stealth Rock
|-damage|p2a: Starmie|64/100|[from] Stealth Rock
|-item|p2a: Starmie|Air Balloon
|turn|22
|
|t:|1716934150
|move|p1a: Latios|Draco Meteor|p2a: Starmie
|-damage|p2a: Starmie|0 fnt
|-unboost|p1a: Latios|spa|2
|-enditem|p2a: Starmie|Air Balloon
|faint|p2a: Starmie
|
|-weather|RainDance|[upkeep]
|upkeep
|
|t:|1716934155
|switch|p2a: Latios|Latios, M|100/100
|-damage|p2a: Latios|88/100|[from] Stealth Rock
|turn|23
|
|t:|1716934158
|switch|p1a: Tyranitar|Tyranitar, M|62/100
|-damage|p1a: Tyranitar|49/100|[from] Stealth Rock
|-weather|Sandstorm|[from] ability: Sand Stream|[of] p1a: Tyranitar
|switch|p2a: Garchomp|Garchomp, F|53/100
|-damage|p2a: Garchomp|47/100|[from] Stealth Rock
|-damage|p2a: Garchomp|35/100|[from] Spikes
|
|-weather|Sandstorm|[upkeep]
|upkeep
|turn|24
|
|t:|1716934164
|switch|p1a: Excadrill|Excadrill, M|100/100
|-damage|p1a: Excadrill|97/100|[from] Stealth Rock
|move|p2a: Garchomp|Outrage|p1a: Excadrill
|-resisted|p1a: Excadrill
|-damage|p1a: Excadrill|49/100
|
|-weather|Sandstorm|[upkeep]
|-heal|p1a: Excadrill|55/100|[from] item: Leftovers
|upkeep
|turn|25
|
|t:|1716934167
|move|p2a: Garchomp|Outrage|p1a: Excadrill|[from]lockedmove
|-resisted|p1a: Excadrill
|-damage|p1a: Excadrill|10/100
|move|p1a: Excadrill|Rapid Spin|p2a: Garchomp
|-damage|p2a: Garchomp|26/100
|-damage|p1a: Excadrill|0 fnt|[from] ability: Rough Skin|[of] p2a: Garchomp
|faint|p1a: Excadrill
|
|-weather|Sandstorm|[upkeep]
|upkeep
|
|t:|1716934171
|switch|p1a: Latios|Latios, M|76/100
|-damage|p1a: Latios|64/100|[from] Stealth Rock
|turn|26
|
|t:|1716934174
|move|p1a: Latios|Dragon Pulse|p2a: Garchomp
|-supereffective|p2a: Garchomp
|-damage|p2a: Garchomp|0 fnt
|faint|p2a: Garchomp
|
|-weather|Sandstorm|[upkeep]
|-damage|p1a: Latios|58/100|[from] Sandstorm
|upkeep
|
|t:|1716934180
|switch|p2a: Tornadus|Tornadus, M|100/100
|-damage|p2a: Tornadus|76/100|[from] Stealth Rock
|turn|27
|
|t:|1716934191
|switch|p1a: Tyranitar|Tyranitar, M|49/100
|-damage|p1a: Tyranitar|37/100|[from] Stealth Rock
|move|p2a: Tornadus|U-turn|p1a: Tyranitar
|-supereffective|p1a: Tyranitar
|-damage|p1a: Tyranitar|12/100
|
|t:|1716934198
|switch|p2a: Politoed|Politoed, F|22/100|[from] U-turn
|-damage|p2a: Politoed|10/100|[from] Stealth Rock
|-damage|p2a: Politoed|0 fnt|[from] Spikes
|faint|p2a: Politoed
|
|-weather|Sandstorm|[upkeep]
|upkeep
|
|t:|1716934200
|switch|p2a: Latios|Latios, M|88/100
|-damage|p2a: Latios|76/100|[from] Stealth Rock
|turn|28
|
|t:|1716934203
|move|p2a: Latios|Dragon Pulse|p1a: Tyranitar
|-damage|p1a: Tyranitar|0 fnt
|faint|p1a: Tyranitar
|
|-weather|Sandstorm|[upkeep]
|-damage|p2a: Latios|70/100|[from] Sandstorm
|upkeep
|
|t:|1716934205
|switch|p1a: Latios|Latios, M|58/100
|-damage|p1a: Latios|45/100|[from] Stealth Rock
|turn|29
|
|t:|1716934209
|move|p1a: Latios|Dragon Pulse|p2a: Latios
|-supereffective|p2a: Latios
|-damage|p2a: Latios|0 fnt
|faint|p2a: Latios
|
|-weather|Sandstorm|[upkeep]
|-damage|p1a: Latios|39/100|[from] Sandstorm
|upkeep
|
|t:|1716934212
|switch|p2a: Tornadus|Tornadus, M|76/100
|-damage|p2a: Tornadus|51/100|[from] Stealth Rock
|turn|30
|
|t:|1716934215
|move|p1a: Latios|Dragon Pulse|p2a: Tornadus
|-damage|p2a: Tornadus|0 fnt
|faint|p2a: Tornadus
|
|win|Ryan Cowtinho
|raw|Ryan Cowtinho's rating: 1440 &rarr; <strong>1454</strong><br />(+14 for winning)
|raw|u spin my head's rating: 1323 &rarr; <strong>1309</strong><br />(-14 for losing)
