|j|☆leoperi99
|j|☆BookofConke
|t:|1701900126
|gametype|singles
|player|p1|leoperi99|erika-masters|1548
|player|p2|BookofConke|silver-masters|1484
|teamsize|p1|6
|teamsize|p2|6
|gen|5
|tier|[Gen 5] OU
|rated|
|rule|Species Clause: Limit one of each Pokémon
|rule|OHKO Clause: OHKO moves are banned
|rule|Moody Clause: Moody is banned
|rule|Evasion Items Clause: Evasion items are banned
|rule|Evasion Moves Clause: Evasion moves are banned
|rule|Endless Battle Clause: Forcing endless battles is banned
|rule|HP Percentage Mod: HP is shown in percentages
|rule|Evasion Abilities Clause: Evasion abilities are banned
|rule|Sleep Moves Clause: Sleep-inducing moves are banned
|rule|Swagger Clause: Swagger is banned
|rule|Baton Pass Stat Clause: No Baton Passer may have a way to boost its stats
|clearpoke
|poke|p1|Politoed, F|item
|poke|p1|Rotom-Wash|item
|poke|p1|Scizor, F|item
|poke|p1|Amoonguss, M|item
|poke|p1|Excadrill, M|item
|poke|p1|Tornadus, M|item
|poke|p2|Kyurem-Black|item
|poke|p2|Garchomp, M|item
|poke|p2|Magnezone|item
|poke|p2|Salamence, M|item
|poke|p2|Scizor, M|item
|poke|p2|Starmie|item
|teampreview
|c|☆leoperi99|GLHF
|c|☆leoperi99|ops caps
|c|☆BookofConke|Hey Leo
|c|☆leoperi99|hello
|c|☆BookofConke|How's it hanging
|c|☆BookofConke|I dropped a lot today lol
|
|t:|1701900167
|start
|switch|p1a: le frog|Politoed, F|100/100
|switch|p2a: Kyurem|Kyurem-Black|100/100
|-ability|p2a: Kyurem|Teravolt
|-weather|RainDance|[from] ability: Drizzle|[of] p1a: le frog
|turn|1
|c|☆leoperi99|playing a bit from time to time
|inactive|Battle timer is ON: inactive players will automatically lose when time's up. (requested by leoperi99)
|j| Cheese.Miestro
|
|t:|1701900195
|move|p1a: le frog|Protect|p1a: le frog
|-singleturn|p1a: le frog|Protect
|move|p2a: Kyurem|Dragon Claw|p1a: le frog
|-activate|p1a: le frog|move: Protect
|
|-weather|RainDance|[upkeep]
|upkeep
|turn|2
|
|t:|1701900206
|switch|p1a: Scizor|Scizor, F, shiny|100/100
|move|p2a: Kyurem|Dragon Claw|p1a: Scizor
|-resisted|p1a: Scizor
|-damage|p1a: Scizor|47/100
|
|-weather|RainDance|[upkeep]
|upkeep
|turn|3
|l| Cheese.Miestro
|
|t:|1701900220
|switch|p2a: Magnezone|Magnezone|100/100
|move|p1a: Scizor|Superpower|p2a: Magnezone
|-supereffective|p2a: Magnezone
|-enditem|p2a: Magnezone|Chople Berry|[eat]
|-enditem|p2a: Magnezone|Chople Berry|[weaken]
|-damage|p2a: Magnezone|59/100
|-unboost|p1a: Scizor|atk|1
|-unboost|p1a: Scizor|def|1
|
|-weather|RainDance|[upkeep]
|upkeep
|turn|4
|
|t:|1701900231
|move|p1a: Scizor|Superpower|p2a: Magnezone
|-supereffective|p2a: Magnezone
|-damage|p2a: Magnezone|2/100
|-unboost|p1a: Scizor|atk|1
|-unboost|p1a: Scizor|def|1
|move|p2a: Magnezone|Thunderbolt|p1a: Scizor
|-damage|p1a: Scizor|0 fnt
|faint|p1a: Scizor
|
|-weather|RainDance|[upkeep]
|upkeep
|
|t:|1701900235
|switch|p1a: Excadrill|Excadrill, M, shiny|100/100
|-ability|p1a: Excadrill|Mold Breaker
|turn|5
|
|t:|1701900245
|move|p1a: Excadrill|Stealth Rock|p2a: Magnezone
|-sidestart|p2: BookofConke|move: Stealth Rock
|move|p2a: Magnezone|Sunny Day|p2a: Magnezone
|-weather|SunnyDay
|
|-weather|SunnyDay|[upkeep]
|upkeep
|turn|6
|
|t:|1701900258
|move|p1a: Excadrill|Earthquake|p2a: Magnezone
|-supereffective|p2a: Magnezone
|-damage|p2a: Magnezone|0 fnt
|faint|p2a: Magnezone
|
|-weather|SunnyDay|[upkeep]
|upkeep
|
|t:|1701900263
|switch|p2a: Garchomp|Garchomp, M|100/100
|-damage|p2a: Garchomp|94/100|[from] Stealth Rock
|turn|7
|
|t:|1701900272
|switch|p1a: le frog|Politoed, F|100/100
|-weather|RainDance|[from] ability: Drizzle|[of] p1a: le frog
|move|p2a: Garchomp|Stealth Rock|p1a: le frog
|-sidestart|p1: leoperi99|move: Stealth Rock
|
|-weather|RainDance|[upkeep]
|upkeep
|turn|8
|
|t:|1701900284
|move|p2a: Garchomp|Swords Dance|p2a: Garchomp
|-boost|p2a: Garchomp|atk|2
|move|p1a: le frog|Ice Beam|p2a: Garchomp
|-supereffective|p2a: Garchomp
|-enditem|p2a: Garchomp|Yache Berry|[eat]
|-enditem|p2a: Garchomp|Yache Berry|[weaken]
|-damage|p2a: Garchomp|52/100
|
|-weather|RainDance|[upkeep]
|upkeep
|turn|9
|
|t:|1701900295
|move|p2a: Garchomp|Outrage|p1a: le frog
|-damage|p1a: le frog|0 fnt
|faint|p1a: le frog
|
|-weather|RainDance|[upkeep]
|upkeep
|
|t:|1701900304
|switch|p1a: Tornadus|Tornadus, M, shiny|100/100
|-damage|p1a: Tornadus|76/100|[from] Stealth Rock
|turn|10
|
|t:|1701900308
|move|p1a: Tornadus|Hurricane|p2a: Garchomp
|-damage|p2a: Garchomp|0 fnt
|faint|p2a: Garchomp
|
|-weather|RainDance|[upkeep]
|upkeep
|
|t:|1701900325
|switch|p2a: Starmie|Starmie|100/100
|-damage|p2a: Starmie|88/100|[from] Stealth Rock
|-item|p2a: Starmie|Air Balloon
|turn|11
|inactive|leoperi99 has 120 seconds left.
|
|t:|1701900367
|switch|p1a: Amoonguss|Amoonguss, M, shiny|100/100
|-damage|p1a: Amoonguss|88/100|[from] Stealth Rock
|move|p2a: Starmie|Surf|p1a: Amoonguss
|-resisted|p1a: Amoonguss
|-damage|p1a: Amoonguss|62/100
|
|-weather|RainDance|[upkeep]
|-heal|p1a: Amoonguss|68/100|[from] item: Black Sludge
|upkeep
|turn|12
|
|t:|1701900376
|move|p2a: Starmie|Rapid Spin|p1a: Amoonguss
|-crit|p1a: Amoonguss
|-damage|p1a: Amoonguss|62/100
|-sideend|p2: BookofConke|Stealth Rock|[from] move: Rapid Spin|[of] p2a: Starmie
|move|p1a: Amoonguss|Stun Spore|p2a: Starmie|[miss]
|-miss|p1a: Amoonguss|p2a: Starmie
|
|-weather|RainDance|[upkeep]
|-heal|p1a: Amoonguss|68/100|[from] item: Black Sludge
|upkeep
|turn|13
|
|t:|1701900387
|move|p2a: Starmie|Ice Beam|p1a: Amoonguss
|-supereffective|p1a: Amoonguss
|-damage|p1a: Amoonguss|31/100
|move|p1a: Amoonguss|Stun Spore|p2a: Starmie
|-status|p2a: Starmie|par
|
|-weather|RainDance|[upkeep]
|-heal|p1a: Amoonguss|37/100|[from] item: Black Sludge
|upkeep
|turn|14
|
|t:|1701900400
|switch|p2a: Scizor|Scizor, M|100/100
|move|p1a: Amoonguss|Giga Drain|p2a: Scizor
|-resisted|p2a: Scizor
|-damage|p2a: Scizor|94/100
|-heal|p1a: Amoonguss|40/100|[from] drain|[of] p2a: Scizor
|
|-weather|RainDance|[upkeep]
|-heal|p1a: Amoonguss|46/100|[from] item: Black Sludge
|upkeep
|turn|15
|
|t:|1701900408
|move|p2a: Scizor|U-turn|p1a: Amoonguss
|-damage|p1a: Amoonguss|0 fnt
|faint|p1a: Amoonguss
|
|t:|1701900425
|switch|p2a: Starmie|Starmie|88/100 par|[from] U-turn
|-item|p2a: Starmie|Air Balloon
|
|-weather|RainDance|[upkeep]
|upkeep
|
|t:|1701900437
|switch|p1a: Rotom|Rotom-Wash|100/100
|-damage|p1a: Rotom|88/100|[from] Stealth Rock
|turn|16
|
|t:|1701900444
|switch|p2a: Kyurem|Kyurem-Black|100/100
|-ability|p2a: Kyurem|Teravolt
|move|p1a: Rotom|Volt Switch|p2a: Kyurem
|-resisted|p2a: Kyurem
|-damage|p2a: Kyurem|86/100
|
|t:|1701900447
|switch|p1a: Tornadus|Tornadus, M, shiny|76/100|[from] Volt Switch
|-damage|p1a: Tornadus|51/100|[from] Stealth Rock
|
|-weather|RainDance|[upkeep]
|upkeep
|turn|17
|
|t:|1701900456
|switch|p2a: Starmie|Starmie|88/100 par
|-item|p2a: Starmie|Air Balloon
|move|p1a: Tornadus|Focus Blast|p2a: Starmie
|-resisted|p2a: Starmie
|-crit|p2a: Starmie
|-damage|p2a: Starmie|1/100 par
|-enditem|p2a: Starmie|Air Balloon
|
|-weather|RainDance|[upkeep]
|upkeep
|turn|18
|
|t:|1701900468
|move|p1a: Tornadus|Focus Blast|p2a: Starmie
|-resisted|p2a: Starmie
|-damage|p2a: Starmie|0 fnt
|faint|p2a: Starmie
|
|-weather|RainDance|[upkeep]
|upkeep
|
|t:|1701900493
|switch|p2a: Scizor|Scizor, M|94/100
|turn|19
|
|t:|1701900498
|switch|p1a: Excadrill|Excadrill, M, shiny|100/100
|-damage|p1a: Excadrill|97/100|[from] Stealth Rock
|-ability|p1a: Excadrill|Mold Breaker
|move|p2a: Scizor|U-turn|p1a: Excadrill
|-resisted|p1a: Excadrill
|-damage|p1a: Excadrill|58/100
|
|t:|1701900515
|switch|p2a: Salamence|Salamence, M|100/100|[from] U-turn
|
|-weather|RainDance|[upkeep]
|-heal|p1a: Excadrill|64/100|[from] item: Leftovers
|upkeep
|turn|20
|
|t:|1701900534
|move|p2a: Salamence|Outrage|p1a: Excadrill
|-resisted|p1a: Excadrill
|-damage|p1a: Excadrill|19/100
|move|p1a: Excadrill|Stealth Rock|p2a: Salamence
|-sidestart|p2: BookofConke|move: Stealth Rock
|
|-weather|RainDance|[upkeep]
|-heal|p1a: Excadrill|25/100|[from] item: Leftovers
|upkeep
|turn|21
|
|t:|1701900541
|move|p2a: Salamence|Outrage|p1a: Excadrill|[from]lockedmove
|-resisted|p1a: Excadrill
|-damage|p1a: Excadrill|0 fnt
|faint|p1a: Excadrill
|-ability|p2a: Salamence|Moxie|boost
|-boost|p2a: Salamence|atk|1
|-start|p2a: Salamence|confusion|[fatigue]
|
|-weather|RainDance|[upkeep]
|upkeep
|
|t:|1701900549
|switch|p1a: Tornadus|Tornadus, M, shiny|51/100
|-damage|p1a: Tornadus|26/100|[from] Stealth Rock
|turn|22
|c|☆leoperi99|gg wp
|
|t:|1701900561
|-activate|p2a: Salamence|confusion
|move|p2a: Salamence|Outrage|p1a: Tornadus
|-damage|p1a: Tornadus|0 fnt
|faint|p1a: Tornadus
|-ability|p2a: Salamence|Moxie|boost
|-boost|p2a: Salamence|atk|1
|
|-weather|RainDance|[upkeep]
|upkeep
|
|t:|1701900567
|switch|p1a: Rotom|Rotom-Wash|88/100
|-damage|p1a: Rotom|76/100|[from] Stealth Rock
|turn|23
|
|t:|1701900572
|-activate|p2a: Salamence|confusion
|move|p2a: Salamence|Outrage|p1a: Rotom|[from]lockedmove
|-damage|p1a: Rotom|0 fnt
|faint|p1a: Rotom
|-ability|p2a: Salamence|Moxie|boost
|-boost|p2a: Salamence|atk|1
|
|win|BookofConke
|raw|leoperi99's rating: 1548 &rarr; <strong>1524</strong><br />(-24 for losing)
|raw|BookofConke's rating: 1484 &rarr; <strong>1508</strong><br />(+24 for winning)
|c|☆BookofConke|gg
|c|☆BookofConke|Nice to see you around
