|j|☆cdrgcde
|j|‽baixiaohen
|t:|1744164505
|gametype|singles
|player|p1|cdrgcde|dawn|1332
|player|p2|baixiaohen|red|1563
|teamsize|p1|6
|teamsize|p2|6
|gen|5
|tier|[Gen 5] OU
|rated|
|rule|Species Clause: Limit one of each Pokémon
|rule|OHKO Clause: OHKO moves are banned
|rule|Moody Clause: Moody is banned
|rule|Evasion Items Clause: Evasion items are banned
|rule|Evasion Moves Clause: Evasion moves are banned
|rule|Endless Battle Clause: Forcing endless battles is banned
|rule|HP Percentage Mod: HP is shown in percentages
|rule|Evasion Abilities Clause: Evasion abilities are banned
|rule|Sleep Moves Clause: Sleep-inducing moves are banned
|rule|Swagger Clause: Swagger is banned
|rule|Baton Pass Stat Clause: No Baton Passer may have a way to boost its stats
|clearpoke
|poke|p1|Tyranitar, F|item
|poke|p1|Ferrothorn, M|item
|poke|p1|Heatran, M|item
|poke|p1|Landorus-Therian, M|item
|poke|p1|Alakazam, F|item
|poke|p1|Latios, M|item
|poke|p2|Latios, M|item
|poke|p2|Jirachi|item
|poke|p2|Rotom-Wash|item
|poke|p2|Mamoswine, M|item
|poke|p2|Starmie|item
|poke|p2|Dragonite, M|item
|teampreview
|inactive|Battle timer is ON: inactive players will automatically lose when time's up. (requested by baixiaohen)
|inactive|cdrgcde also wants the timer to be on.
|
|t:|1744164515
|start
|switch|p1a: Latios|Latios, M|100/100
|switch|p2a: Rotom|Rotom-Wash|100/100
|turn|1
|
|t:|1744164519
|switch|p2a: Jirachi|Jirachi|100/100
|move|p1a: Latios|Substitute|p1a: Latios
|-start|p1a: Latios|Substitute
|-damage|p1a: Latios|76/100
|
|upkeep
|turn|2
|
|t:|1744164522
|move|p1a: Latios|Surf|p2a: Jirachi
|-damage|p2a: Jirachi|80/100
|move|p2a: Jirachi|U-turn|p1a: Latios
|-supereffective|p1a: Latios
|-end|p1a: Latios|Substitute
|
|t:|1744164542
|switch|p2a: Latios|Latios, M|100/100|[from] U-turn
|
|upkeep
|turn|3
|
|t:|1744164545
|switch|p2a: Rotom|Rotom-Wash|100/100
|switch|p1a: Ferrothorn|Ferrothorn, M|100/100
|
|upkeep
|turn|4
|
|t:|1744164552
|move|p2a: Rotom|Trick|p1a: Ferrothorn
|-activate|p2a: Rotom|move: Trick|[of] p1a: Ferrothorn
|-item|p1a: Ferrothorn|Choice Scarf|[from] move: Trick
|-item|p2a: Rotom|Leftovers|[from] move: Trick
|move|p1a: Ferrothorn|Knock Off|p2a: Rotom
|-damage|p2a: Rotom|97/100
|-enditem|p2a: Rotom|Leftovers|[from] move: Knock Off|[of] p1a: Ferrothorn
|
|upkeep
|turn|5
|
|t:|1744164568
|switch|p1a: Heatran|Heatran, M|100/100
|-item|p1a: Heatran|Air Balloon
|move|p2a: Rotom|Will-O-Wisp|p1a: Heatran
|-start|p1a: Heatran|ability: Flash Fire
|
|upkeep
|turn|6
|
|t:|1744164582
|-end|p1a: Heatran|ability: Flash Fire|[silent]
|switch|p1a: Latios|Latios, M|76/100
|move|p2a: Rotom|Hydro Pump|p1a: Latios
|-resisted|p1a: Latios
|-damage|p1a: Latios|51/100
|
|upkeep
|turn|7
|
|t:|1744164595
|move|p1a: Latios|Substitute|p1a: Latios
|-start|p1a: Latios|Substitute
|-damage|p1a: Latios|26/100
|move|p2a: Rotom|Volt Switch|p1a: Latios
|-resisted|p1a: Latios
|-activate|p1a: Latios|Substitute|[damage]
|
|t:|1744164600
|switch|p2a: Jirachi|Jirachi|80/100|[from] Volt Switch
|
|-heal|p2a: Jirachi|87/100|[from] item: Leftovers
|upkeep
|turn|8
|
|t:|1744164604
|move|p1a: Latios|Recover|p1a: Latios
|-heal|p1a: Latios|77/100
|move|p2a: Jirachi|U-turn|p1a: Latios
|-supereffective|p1a: Latios
|-end|p1a: Latios|Substitute
|inactive|baixiaohen has 120 seconds left.
|
|t:|1744164635
|switch|p2a: Starmie|Starmie|100/100|[from] U-turn
|
|upkeep
|turn|9
|
|t:|1744164645
|switch|p1a: Tyranitar|Tyranitar, F|100/100
|-weather|Sandstorm|[from] ability: Sand Stream|[of] p1a: Tyranitar
|move|p2a: Starmie|Ice Beam|p1a: Tyranitar
|-damage|p1a: Tyranitar|83/100
|-damage|p2a: Starmie|91/100|[from] item: Life Orb
|
|-weather|Sandstorm|[upkeep]
|-damage|p2a: Starmie|84/100|[from] Sandstorm
|upkeep
|turn|10
|
|t:|1744164651
|move|p2a: Starmie|Hydro Pump|p1a: Tyranitar
|-supereffective|p1a: Tyranitar
|-damage|p1a: Tyranitar|17/100
|-damage|p2a: Starmie|74/100|[from] item: Life Orb
|move|p1a: Tyranitar|Crunch|p2a: Starmie
|-supereffective|p2a: Starmie
|-damage|p2a: Starmie|0 fnt
|faint|p2a: Starmie
|
|-weather|Sandstorm|[upkeep]
|upkeep
|
|t:|1744164662
|switch|p2a: Jirachi|Jirachi|87/100
|turn|11
|
|t:|1744164669
|switch|p1a: Heatran|Heatran, M|100/100
|-item|p1a: Heatran|Air Balloon
|move|p2a: Jirachi|Body Slam|p1a: Heatran
|-resisted|p1a: Heatran
|-damage|p1a: Heatran|92/100
|-status|p1a: Heatran|par
|-enditem|p1a: Heatran|Air Balloon
|
|-weather|Sandstorm|[upkeep]
|-heal|p2a: Jirachi|93/100|[from] item: Leftovers
|upkeep
|turn|12
|
|t:|1744164677
|move|p2a: Jirachi|Stealth Rock|p1a: Heatran
|-sidestart|p1: cdrgcde|move: Stealth Rock
|move|p1a: Heatran|Flamethrower|p2a: Jirachi
|-supereffective|p2a: Jirachi
|-damage|p2a: Jirachi|35/100
|
|-weather|Sandstorm|[upkeep]
|-heal|p2a: Jirachi|41/100|[from] item: Leftovers
|upkeep
|turn|13
|
|t:|1744164697
|switch|p1a: Tyranitar|Tyranitar, F|17/100
|-damage|p1a: Tyranitar|5/100|[from] Stealth Rock
|move|p2a: Jirachi|U-turn|p1a: Tyranitar
|-supereffective|p1a: Tyranitar
|-damage|p1a: Tyranitar|0 fnt
|faint|p1a: Tyranitar
|inactive|baixiaohen has 120 seconds left.
|
|t:|1744164719
|switch|p2a: Mamoswine|Mamoswine, M|100/100|[from] U-turn
|
|-weather|Sandstorm|[upkeep]
|upkeep
|
|t:|1744164726
|switch|p1a: Ferrothorn|Ferrothorn, M|100/100
|-damage|p1a: Ferrothorn|94/100|[from] Stealth Rock
|turn|14
|
|t:|1744164732
|move|p2a: Mamoswine|Superpower|p1a: Ferrothorn
|-supereffective|p1a: Ferrothorn
|-damage|p1a: Ferrothorn|7/100
|-unboost|p2a: Mamoswine|atk|1
|-unboost|p2a: Mamoswine|def|1
|-damage|p2a: Mamoswine|88/100|[from] ability: Iron Barbs|[of] p1a: Ferrothorn
|-damage|p2a: Mamoswine|78/100|[from] item: Life Orb
|move|p1a: Ferrothorn|Stealth Rock|p2a: Mamoswine
|-sidestart|p2: baixiaohen|move: Stealth Rock
|
|-weather|Sandstorm|[upkeep]
|upkeep
|turn|15
|
|t:|1744164758
|switch|p1a: Heatran|Heatran, M|92/100 par
|-damage|p1a: Heatran|79/100 par|[from] Stealth Rock
|move|p2a: Mamoswine|Icicle Spear|p1a: Heatran
|-resisted|p1a: Heatran
|-damage|p1a: Heatran|76/100 par
|-resisted|p1a: Heatran
|-damage|p1a: Heatran|73/100 par
|-resisted|p1a: Heatran
|-damage|p1a: Heatran|70/100 par
|-hitcount|p1a: Heatran|3
|-damage|p2a: Mamoswine|68/100|[from] item: Life Orb
|
|-weather|Sandstorm|[upkeep]
|upkeep
|turn|16
|
|t:|1744164765
|switch|p1a: Ferrothorn|Ferrothorn, M|7/100
|-damage|p1a: Ferrothorn|1/100|[from] Stealth Rock
|move|p2a: Mamoswine|Icicle Spear|p1a: Ferrothorn
|-damage|p1a: Ferrothorn|0 fnt
|faint|p1a: Ferrothorn
|-hitcount|p1: Ferrothorn|1
|-damage|p2a: Mamoswine|58/100|[from] item: Life Orb
|
|-weather|Sandstorm|[upkeep]
|upkeep
|
|t:|1744164774
|switch|p1a: Alakazam|Alakazam, F|100/100
|turn|17
|
|t:|1744164793
|switch|p2a: Jirachi|Jirachi|41/100
|-damage|p2a: Jirachi|35/100|[from] Stealth Rock
|move|p1a: Alakazam|Substitute|p1a: Alakazam
|-start|p1a: Alakazam|Substitute
|-damage|p1a: Alakazam|76/100
|
|-weather|Sandstorm|[upkeep]
|-heal|p2a: Jirachi|41/100|[from] item: Leftovers
|upkeep
|turn|18
|
|t:|1744164798
|move|p1a: Alakazam|Hidden Power|p2a: Jirachi
|-supereffective|p2a: Jirachi
|-damage|p2a: Jirachi|0 fnt
|faint|p2a: Jirachi
|
|-weather|Sandstorm|[upkeep]
|upkeep
|
|t:|1744164802
|switch|p2a: Rotom|Rotom-Wash|97/100
|-damage|p2a: Rotom|84/100|[from] Stealth Rock
|turn|19
|
|t:|1744164806
|move|p1a: Alakazam|Psyshock|p2a: Rotom
|-damage|p2a: Rotom|36/100
|move|p2a: Rotom|Volt Switch|p1a: Alakazam
|-end|p1a: Alakazam|Substitute
|
|t:|1744164811
|switch|p2a: Latios|Latios, M|100/100|[from] Volt Switch
|-damage|p2a: Latios|88/100|[from] Stealth Rock
|
|-weather|Sandstorm|[upkeep]
|-damage|p2a: Latios|82/100|[from] Sandstorm
|upkeep
|turn|20
|
|t:|1744164824
|switch|p2a: Rotom|Rotom-Wash|36/100
|-damage|p2a: Rotom|24/100|[from] Stealth Rock
|switch|p1a: Heatran|Heatran, M|70/100 par
|-damage|p1a: Heatran|58/100 par|[from] Stealth Rock
|
|-weather|Sandstorm|[upkeep]
|-damage|p2a: Rotom|17/100|[from] Sandstorm
|upkeep
|turn|21
|
|t:|1744164834
|switch|p1a: Latios|Latios, M|77/100
|-damage|p1a: Latios|64/100|[from] Stealth Rock
|move|p2a: Rotom|Trick|p1a: Latios
|-activate|p2a: Rotom|move: Trick|[of] p1a: Latios
|-enditem|p1a: Latios|Colbur Berry|[silent]|[from] move: Trick
|-item|p2a: Rotom|Colbur Berry|[from] move: Trick
|
|-weather|Sandstorm|[upkeep]
|-damage|p1a: Latios|58/100|[from] Sandstorm
|-damage|p2a: Rotom|11/100|[from] Sandstorm
|upkeep
|turn|22
|
|t:|1744164845
|move|p1a: Latios|Substitute|p1a: Latios
|-start|p1a: Latios|Substitute
|-damage|p1a: Latios|33/100
|move|p2a: Rotom|Volt Switch|p1a: Latios
|-resisted|p1a: Latios
|-activate|p1a: Latios|Substitute|[damage]
|
|t:|1744164857
|switch|p2a: Latios|Latios, M|82/100|[from] Volt Switch
|-damage|p2a: Latios|70/100|[from] Stealth Rock
|
|-weather|Sandstorm|[upkeep]
|-damage|p2a: Latios|64/100|[from] Sandstorm
|-damage|p1a: Latios|27/100|[from] Sandstorm
|upkeep
|turn|23
|
|t:|1744164872
|move|p2a: Latios|Draco Meteor|p1a: Latios
|-supereffective|p1a: Latios
|-end|p1a: Latios|Substitute
|-unboost|p2a: Latios|spa|2
|move|p1a: Latios|Draco Meteor|p2a: Latios
|-supereffective|p2a: Latios
|-damage|p2a: Latios|0 fnt
|-unboost|p1a: Latios|spa|2
|faint|p2a: Latios
|
|-weather|Sandstorm|[upkeep]
|-damage|p1a: Latios|21/100|[from] Sandstorm
|upkeep
|
|t:|1744164876
|switch|p2a: Mamoswine|Mamoswine, M|58/100
|-damage|p2a: Mamoswine|46/100|[from] Stealth Rock
|turn|24
|
|t:|1744164883
|switch|p1a: Heatran|Heatran, M|58/100 par
|-damage|p1a: Heatran|45/100 par|[from] Stealth Rock
|move|p2a: Mamoswine|Ice Shard|p1a: Heatran
|-resisted|p1a: Heatran
|-damage|p1a: Heatran|38/100 par
|-damage|p2a: Mamoswine|36/100|[from] item: Life Orb
|
|-weather|Sandstorm|[upkeep]
|upkeep
|turn|25
|
|t:|1744164892
|switch|p1a: Latios|Latios, M|21/100
|-damage|p1a: Latios|9/100|[from] Stealth Rock
|move|p2a: Mamoswine|Earthquake|p1a: Latios
|-immune|p1a: Latios|[from] ability: Levitate
|
|-weather|Sandstorm|[upkeep]
|-damage|p1a: Latios|3/100|[from] Sandstorm
|upkeep
|turn|26
|
|t:|1744164905
|switch|p1a: Heatran|Heatran, M|38/100 par
|-damage|p1a: Heatran|25/100 par|[from] Stealth Rock
|move|p2a: Mamoswine|Ice Shard|p1a: Heatran
|-resisted|p1a: Heatran
|-damage|p1a: Heatran|18/100 par
|-damage|p2a: Mamoswine|26/100|[from] item: Life Orb
|
|-weather|Sandstorm|[upkeep]
|upkeep
|turn|27
|
|t:|1744164918
|move|p2a: Mamoswine|Earthquake|p1a: Heatran
|-supereffective|p1a: Heatran
|-damage|p1a: Heatran|0 fnt
|faint|p1a: Heatran
|-damage|p2a: Mamoswine|16/100|[from] item: Life Orb
|
|-weather|Sandstorm|[upkeep]
|upkeep
|
|t:|1744164921
|switch|p1a: Landorus|Landorus-Therian, M|100/100
|-damage|p1a: Landorus|88/100|[from] Stealth Rock
|-ability|p1a: Landorus|Intimidate|boost
|-unboost|p2a: Mamoswine|atk|1
|turn|28
|
|t:|1744164932
|switch|p1a: Latios|Latios, M|3/100
|-damage|p1a: Latios|0 fnt|[from] Stealth Rock
|faint|p1a: Latios
|move|p2a: Mamoswine|Ice Shard|p1: Latios|[notarget]
|-fail|p2a: Mamoswine
|
|-weather|Sandstorm|[upkeep]
|upkeep
|
|t:|1744164934
|switch|p1a: Landorus|Landorus-Therian, M|88/100
|-damage|p1a: Landorus|76/100|[from] Stealth Rock
|-ability|p1a: Landorus|Intimidate|boost
|-unboost|p2a: Mamoswine|atk|1
|turn|29
|
|t:|1744164944
|switch|p2a: Rotom|Rotom-Wash|11/100
|-damage|p2a: Rotom|0 fnt|[from] Stealth Rock
|faint|p2a: Rotom
|move|p1a: Landorus|Hidden Power|p2: Rotom|[notarget]
|-fail|p1a: Landorus
|
|-weather|Sandstorm|[upkeep]
|upkeep
|
|t:|1744164961
|switch|p2a: Dragonite|Dragonite, M|100/100
|-damage|p2a: Dragonite|76/100|[from] Stealth Rock
|turn|30
|
|t:|1744164969
|move|p1a: Landorus|Hidden Power|p2a: Dragonite
|-supereffective|p2a: Dragonite
|-damage|p2a: Dragonite|5/100
|move|p2a: Dragonite|Dragon Dance|p2a: Dragonite
|-boost|p2a: Dragonite|atk|1
|-boost|p2a: Dragonite|spe|1
|
|-weather|Sandstorm|[upkeep]
|-damage|p2a: Dragonite|0 fnt|[from] Sandstorm
|faint|p2a: Dragonite
|upkeep
|
|t:|1744164974
|switch|p2a: Mamoswine|Mamoswine, M|16/100
|-damage|p2a: Mamoswine|4/100|[from] Stealth Rock
|turn|31
|
|t:|1744164979
|move|p2a: Mamoswine|Ice Shard|p1a: Landorus
|-supereffective|p1a: Landorus
|-damage|p1a: Landorus|0 fnt
|faint|p1a: Landorus
|-damage|p2a: Mamoswine|0 fnt|[from] item: Life Orb
|faint|p2a: Mamoswine
|
|win|cdrgcde
|raw|cdrgcde's rating: 1332 &rarr; <strong>1364</strong><br />(+32 for winning)
|raw|baixiaohen's rating: 1563 &rarr; <strong>1531</strong><br />(-32 for losing)
