|j|☆SubTerraN
|j|☆basco
|player|p1|SubTerraN|153
|player|p2|basco|170
|teamsize|p1|6
|teamsize|p2|6
|gametype|singles
|gen|5
|tier|[Gen 5] OU
|rated|
|rule|Sleep Clause Mod: Limit one foe put to sleep
|rule|Species Clause: Limit one of each Pokémon
|rule|OHKO Clause: OHKO moves are banned
|rule|Moody Clause: Moody is banned
|rule|Evasion Moves Clause: Evasion moves are banned
|rule|Endless Battle Clause: Forcing endless battles is banned
|rule|HP Percentage Mod: HP is shown in percentages
|rule|Evasion Abilities Clause: Evasion abilities are banned
|rule|Baton Pass Clause: Limit one Baton Passer, can't pass Spe and other stats simultaneously
|rule|Swagger Clause: Swagger is banned
|clearpoke
|poke|p1|Dragonite, F|item
|poke|p1|Jirachi|item
|poke|p1|Starmie|item
|poke|p1|Garchomp, M|item
|poke|p1|Kyurem-Black|item
|poke|p1|Magnezone|item
|poke|p2|Tyranitar, M|item
|poke|p2|Magnezone|item
|poke|p2|Terrakion|item
|poke|p2|Latios, M|item
|poke|p2|Scizor, F|item
|poke|p2|Landorus-Therian, M|item
|teampreview
|
|start
|switch|p1a: Jirachi|Jirachi|100/100
|switch|p2a: Pat Riely|Tyranitar, M|100/100
|-weather|Sandstorm|[from] ability: Sand Stream|[of] p2a: Pat Riely
|turn|1
|
|switch|p2a: Bron Bron|Landorus-Therian, M|100/100
|-ability|p2a: Bron Bron|Intimidate|boost
|-unboost|p1a: Jirachi|atk|1
|move|p1a: Jirachi|Iron Head|p2a: Bron Bron
|-damage|p2a: Bron Bron|83/100
|
|-weather|Sandstorm|[upkeep]
|upkeep
|turn|2
|
|move|p1a: Jirachi|Icy Wind|p2a: Bron Bron
|-supereffective|p2a: Bron Bron
|-damage|p2a: Bron Bron|5/100
|-unboost|p2a: Bron Bron|spe|1
|move|p2a: Bron Bron|Earthquake|p1a: Jirachi
|-supereffective|p1a: Jirachi
|-enditem|p1a: Jirachi|Shuca Berry|[eat]
|-enditem|p1a: Jirachi|Shuca Berry|[weaken]
|-damage|p1a: Jirachi|25/100
|
|-weather|Sandstorm|[upkeep]
|upkeep
|turn|3
|
|switch|p2a: Miller|Scizor, F, shiny|100/100
|move|p1a: Jirachi|Iron Head|p2a: Miller
|-resisted|p2a: Miller
|-damage|p2a: Miller|91/100
|
|-weather|Sandstorm|[upkeep]
|upkeep
|turn|4
|
|move|p1a: Jirachi|Stealth Rock|p2a: Miller
|-sidestart|p2: basco|move: Stealth Rock
|move|p2a: Miller|U-turn|p1a: Jirachi
|-damage|p1a: Jirachi|0
|faint|p1a: Jirachi
|
|switch|p2a: Bosh|Latios, M, shiny|100/100
|-damage|p2a: Bosh|88/100|[from] Stealth Rock
|
|-weather|Sandstorm|[upkeep]
|-damage|p2a: Bosh|82/100|[from] Sandstorm
|upkeep
|
|switch|p1a: Magnezone|Magnezone|100/100
|turn|5
|
|switch|p2a: Pat Riely|Tyranitar, M|100/100
|-damage|p2a: Pat Riely|88/100|[from] Stealth Rock
|move|p1a: Magnezone|Volt Switch|p2a: Pat Riely
|-damage|p2a: Pat Riely|64/100
|
|switch|p1a: Garchomp|Garchomp, M|100/100
|
|-weather|Sandstorm|[upkeep]
|-heal|p2a: Pat Riely|70/100|[from] item: Leftovers
|upkeep
|turn|6
|
|move|p1a: Garchomp|Earthquake|p2a: Pat Riely
|-supereffective|p2a: Pat Riely
|-damage|p2a: Pat Riely|0
|faint|p2a: Pat Riely
|
|-weather|Sandstorm|[upkeep]
|upkeep
|
|switch|p2a: Bosh|Latios, M, shiny|82/100
|-damage|p2a: Bosh|70/100|[from] Stealth Rock
|turn|7
|
|switch|p1a: Magnezone|Magnezone|100/100
|move|p2a: Bosh|Draco Meteor|p1a: Magnezone
|-resisted|p1a: Magnezone
|-damage|p1a: Magnezone|57/100
|-unboost|p2a: Bosh|spa|2
|
|-weather|Sandstorm|[upkeep]
|-damage|p2a: Bosh|64/100|[from] Sandstorm
|upkeep
|turn|8
|
|switch|p2a: Bron Bron|Landorus-Therian, M|5/100
|-damage|p2a: Bron Bron|0|[from] Stealth Rock
|faint|p2a: Bron Bron
|switch|p1a: Garchomp|Garchomp, M|100/100
|
|-weather|Sandstorm|[upkeep]
|upkeep
|
|switch|p2a: Bosh|Latios, M, shiny|64/100
|-damage|p2a: Bosh|52/100|[from] Stealth Rock
|turn|9
|
|switch|p1a: Magnezone|Magnezone|57/100
|move|p2a: Bosh|Draco Meteor|p1a: Magnezone
|-resisted|p1a: Magnezone
|-crit|p1a: Magnezone
|-damage|p1a: Magnezone|0
|-unboost|p2a: Bosh|spa|2
|faint|p1a: Magnezone
|
|-weather|Sandstorm|[upkeep]
|-damage|p2a: Bosh|46/100|[from] Sandstorm
|upkeep
|
|switch|p1a: Starmie|Starmie|100/100
|turn|10
|
|switch|p2a: Ray Allen|Magnezone|100/100
|-damage|p2a: Ray Allen|94/100|[from] Stealth Rock
|move|p1a: Starmie|Hydro Pump|p2a: Ray Allen
|-damage|p2a: Ray Allen|0
|-damage|p1a: Starmie|91/100|[from] item: Life Orb
|faint|p2a: Ray Allen
|
|-weather|Sandstorm|[upkeep]
|-damage|p1a: Starmie|84/100|[from] Sandstorm
|upkeep
|
|switch|p2a: D.Wade|Terrakion|100/100
|-damage|p2a: D.Wade|94/100|[from] Stealth Rock
|turn|11
|
|switch|p1a: Garchomp|Garchomp, M|100/100
|move|p2a: D.Wade|Stone Edge|p1a: Garchomp
|-resisted|p1a: Garchomp
|-damage|p1a: Garchomp|74/100
|
|-weather|Sandstorm|[upkeep]
|upkeep
|turn|12
|
|switch|p2a: Miller|Scizor, F, shiny|91/100
|-damage|p2a: Miller|79/100|[from] Stealth Rock
|move|p1a: Garchomp|Dual Chop|p2a: Miller
|-resisted|p2a: Miller
|-damage|p2a: Miller|68/100
|-resisted|p2a: Miller
|-crit|p2a: Miller
|-damage|p2a: Miller|48/100
|-hitcount|p2a: Miller|2
|
|-weather|Sandstorm|[upkeep]
|upkeep
|turn|13
|
|switch|p1a: Dragonite|Dragonite, F|100/100
|move|p2a: Miller|Bullet Punch|p1a: Dragonite
|-damage|p1a: Dragonite|74/100
|
|-weather|Sandstorm|[upkeep]
|-damage|p1a: Dragonite|68/100|[from] Sandstorm
|upkeep
|turn|14
|
|move|p2a: Miller|Bullet Punch|p1a: Dragonite
|-damage|p1a: Dragonite|14/100
|move|p1a: Dragonite|Earthquake|p2a: Miller
|-damage|p2a: Miller|10/100
|
|-weather|Sandstorm|[upkeep]
|-damage|p1a: Dragonite|8/100|[from] Sandstorm
|upkeep
|turn|15
|
|move|p1a: Dragonite|Extreme Speed|p2a: Miller
|-resisted|p2a: Miller
|-damage|p2a: Miller|0
|faint|p2a: Miller
|
|-weather|Sandstorm|[upkeep]
|-damage|p1a: Dragonite|1/100|[from] Sandstorm
|upkeep
|
|switch|p2a: Bosh|Latios, M, shiny|46/100
|-damage|p2a: Bosh|33/100|[from] Stealth Rock
|turn|16
|
|move|p1a: Dragonite|Extreme Speed|p2a: Bosh
|-damage|p2a: Bosh|0
|faint|p2a: Bosh
|
|-weather|Sandstorm|[upkeep]
|-damage|p1a: Dragonite|0|[from] Sandstorm
|upkeep
|faint|p1a: Dragonite
|
|switch|p2a: D.Wade|Terrakion|94/100
|switch|p1a: Garchomp|Garchomp, M|74/100
|-damage|p2a: D.Wade|88/100|[from] Stealth Rock
|turn|17
|
|move|p2a: D.Wade|Close Combat|p1a: Garchomp
|-crit|p1a: Garchomp
|-damage|p1a: Garchomp|0
|-damage|p2a: D.Wade|76/100|[from] ability: Rough Skin|[of] p1a: Garchomp
|-unboost|p2a: D.Wade|def|1
|-unboost|p2a: D.Wade|spd|1
|faint|p1a: Garchomp
|
|-weather|Sandstorm|[upkeep]
|upkeep
|
|switch|p1a: Kyurem|Kyurem-Black|100/100
|-ability|p1a: Kyurem|Teravolt
|turn|18
|
|move|p2a: D.Wade|Close Combat|p1a: Kyurem
|-supereffective|p1a: Kyurem
|-damage|p1a: Kyurem|0
|-unboost|p2a: D.Wade|def|1
|-unboost|p2a: D.Wade|spd|1
|faint|p1a: Kyurem
|
|-weather|Sandstorm|[upkeep]
|upkeep
|
|switch|p1a: Starmie|Starmie|84/100
|turn|19
|
|move|p2a: D.Wade|Close Combat|p1a: Starmie
|-resisted|p1a: Starmie
|-damage|p1a: Starmie|40/100
|-unboost|p2a: D.Wade|def|1
|-unboost|p2a: D.Wade|spd|1
|move|p1a: Starmie|Hydro Pump|p2a: D.Wade|[miss]
|-miss|p1a: Starmie|p2a: D.Wade
|
|-weather|Sandstorm|[upkeep]
|-damage|p1a: Starmie|33/100|[from] Sandstorm
|upkeep
|turn|20
|
|move|p2a: D.Wade|Close Combat|p1a: Starmie
|-resisted|p1a: Starmie
|-damage|p1a: Starmie|0
|-unboost|p2a: D.Wade|def|1
|-unboost|p2a: D.Wade|spd|1
|faint|p1a: Starmie
|
|win|basco
|raw|SubTerraN's rating: 1354 &rarr; <strong>1336</strong><br />(-18 for losing)
|raw|basco's rating: 1384 &rarr; <strong>1403</strong><br />(+19 for winning)
|c|☆SubTerraN|ok XDDD
|c|☆basco|Gg
|c|☆SubTerraN|noob
|l|☆SubTerraN
