|join|LornaDeezy
|join|marshmallon
|player|p1|LornaDeezy|212
|player|p2|marshmallon|294
|gametype|singles
|gen|5
|tier|[Gen 5] OU
|rated
|rule|Evasion Abilities Clause: Evasion abilities are banned
|clearpoke
|poke|p1|Landorus-Therian, M
|poke|p1|Sandslash, F
|poke|p1|Tyranitar, M
|poke|p1|Jellicent, F
|poke|p1|Scizor, F
|poke|p1|Roserade, M
|poke|p2|Breloom, M, shiny
|poke|p2|Tentacruel, F, shiny
|poke|p2|Politoed, F
|poke|p2|Shaymin, shiny
|poke|p2|Jirachi
|poke|p2|Tyranitar, M, shiny
|rule|Sleep Clause Mod: Limit one foe put to sleep
|rule|Species Clause: Limit one of each Pokemon
|rule|OHKO Clause: OHKO moves are banned
|rule|Moody Clause: Moody is banned
|rule|Evasion Moves Clause: Evasion moves are banned
|rule|Endless Battle Clause: Forcing endless battles is banned.
|rule|HP Percentage Mod: HP is reported as percentages
|teampreview
|chat|marshmallon|gl :3
|
|start
|switch|p1a: Tyranitar|Tyranitar, M|404/404
|switch|p2a: Breloom|Breloom, M, shiny|324/324
|-weather|Sandstorm|[from] ability: Sand Stream|[of] p1a: Tyranitar
|turn|1
|
|switch|p1a: Jellicent|Jellicent, F|403/403
|move|p2a: Breloom|Spore|p1a: Jellicent
|-status|p1a: Jellicent|slp
|
|-weather|Sandstorm|[upkeep]
|-damage|p2a: Breloom|304/324|[from] sandstorm
|-damage|p1a: Jellicent|378/403 slp|[from] sandstorm
|-heal|p1a: Jellicent|403/403 slp|[from] item: Leftovers
|-status|p2a: Breloom|tox|[from] item: Toxic Orb
|turn|2
|
|switch|p1a: Roserade|Roserade, M|276/276
|move|p2a: Breloom|Substitute|p2a: Breloom
|-start|p2a: Breloom|Substitute
|-damage|p2a: Breloom|223/324 tox
|
|-weather|Sandstorm|[upkeep]
|-damage|p1a: Roserade|259/276|[from] sandstorm
|-damage|p2a: Breloom|203/324 tox|[from] sandstorm
|-heal|p2a: Breloom|243/324 tox|[from] ability: Poison Heal
|turn|3
|
|-singleturn|p2a: Breloom|move: Focus Punch
|move|p1a: Roserade|Sludge Bomb|p2a: Breloom
|-supereffective|p2a: Breloom
|-end|p2a: Breloom|Substitute
|move|p2a: Breloom|Focus Punch|p1a: Roserade
|-resisted|p1a: Roserade
|-damage|p1a: Roserade|11/276
|
|-weather|Sandstorm|[upkeep]
|-damage|p1a: Roserade|0 fnt|[from] sandstorm
|-damage|p2a: Breloom|223/324 tox|[from] sandstorm
|-heal|p2a: Breloom|263/324 tox|[from] ability: Poison Heal
|faint|p1a: Roserade
|
|switch|p1a: Landorus-Therian|Landorus-Therian, M|381/381
|-ability|p1a: Landorus-Therian|Intimidate|[of] p2a: Breloom
|-unboost|p2a: Breloom|atk|1
|turn|4
|
|switch|p2a: Shaymin|Shaymin, shiny|341/341
|move|p1a: Landorus-Therian|Hidden Power|p2a: Shaymin
|-crit|p2a: Shaymin
|-supereffective|p2a: Shaymin
|-damage|p2a: Shaymin|115/341
|
|-weather|Sandstorm|[upkeep]
|-damage|p2a: Shaymin|94/341|[from] sandstorm
|-heal|p2a: Shaymin|115/341|[from] item: Leftovers
|turn|5
|
|move|p2a: Shaymin|Rest|p2a: Shaymin
|-status|p2a: Shaymin|slp
|-heal|p2a: Shaymin|341/341 slp|[silent]
|-status|p2a: Shaymin|slp|[from] move: Rest
|move|p1a: Landorus-Therian|U-turn|p2a: Shaymin
|-supereffective|p2a: Shaymin
|-damage|p2a: Shaymin|183/341 slp
|
|switch|p1a: Scizor|Scizor, F|344/344
|
|-weather|Sandstorm|[upkeep]
|-damage|p2a: Shaymin|162/341 slp|[from] sandstorm
|-heal|p2a: Shaymin|183/341 slp|[from] item: Leftovers
|turn|6
|
|switch|p2a: Politoed|Politoed, F|383/383
|-weather|RainDance|[from] ability: Drizzle|[of] p2a: Politoed
|move|p1a: Scizor|Swords Dance|p1a: Scizor
|-boost|p1a: Scizor|atk|2
|
|-weather|RainDance|[upkeep]
|turn|7
|
|switch|p1a: Jellicent|Jellicent, F|403/403 slp
|move|p2a: Politoed|Scald|p1a: Jellicent
|-immune|p1a: Jellicent|[msg]
|
|-weather|RainDance|[upkeep]
|turn|8
|
|switch|p2a: Shaymin|Shaymin, shiny|183/341
|cant|p1a: Jellicent|slp
|
|-weather|RainDance|[upkeep]
|-heal|p2a: Shaymin|204/341|[from] item: Leftovers
|turn|9
|
|switch|p1a: Scizor|Scizor, F|344/344
|move|p2a: Shaymin|Seed Flare|p1a: Scizor
|-resisted|p1a: Scizor
|-damage|p1a: Scizor|299/344
|
|-weather|RainDance|[upkeep]
|-heal|p2a: Shaymin|225/341|[from] item: Leftovers
|-heal|p1a: Scizor|320/344|[from] item: Leftovers
|turn|10
|
|switch|p2a: Tentacruel|Tentacruel, F, shiny|363/363
|move|p1a: Scizor|U-turn|p2a: Tentacruel
|-resisted|p2a: Tentacruel
|-damage|p2a: Tentacruel|300/363
|
|switch|p1a: Tyranitar|Tyranitar, M|404/404
|-weather|Sandstorm|[from] ability: Sand Stream|[of] p1a: Tyranitar
|
|-weather|Sandstorm|[upkeep]
|-damage|p2a: Tentacruel|278/363|[from] sandstorm
|-heal|p2a: Tentacruel|300/363|[from] item: Black Sludge
|turn|11
|
|switch|p2a: Breloom|Breloom, M, shiny|263/324 tox
|switch|p1a: Sandslash|Sandslash, F|292/292
|
|-weather|Sandstorm|[upkeep]
|-damage|p2a: Breloom|243/324 tox|[from] sandstorm
|-heal|p2a: Breloom|283/324 tox|[from] ability: Poison Heal
|turn|12
|
|switch|p2a: Politoed|Politoed, F|383/383
|-weather|RainDance|[from] ability: Drizzle|[of] p2a: Politoed
|move|p1a: Sandslash|Earthquake|p2a: Politoed
|-crit|p2a: Politoed
|-damage|p2a: Politoed|23/383
|-damage|p1a: Sandslash|263/292|[from] item: Life Orb
|
|-weather|RainDance|[upkeep]
|-heal|p2a: Politoed|46/383|[from] item: Leftovers
|turn|13
|chat|marshmallon|you are lucky
|chat|LornaDeezy|thanks
|
|switch|p1a: Tyranitar|Tyranitar, M|404/404
|-weather|Sandstorm|[from] ability: Sand Stream|[of] p1a: Tyranitar
|switch|p2a: Shaymin|Shaymin, shiny|225/341
|
|-weather|Sandstorm|[upkeep]
|-damage|p2a: Shaymin|204/341|[from] sandstorm
|-heal|p2a: Shaymin|225/341|[from] item: Leftovers
|turn|14
|
|switch|p1a: Scizor|Scizor, F|320/344
|move|p2a: Shaymin|Earth Power|p1a: Scizor
|-damage|p1a: Scizor|233/344
|
|-weather|Sandstorm|[upkeep]
|-damage|p2a: Shaymin|204/341|[from] sandstorm
|-heal|p2a: Shaymin|225/341|[from] item: Leftovers
|-heal|p1a: Scizor|254/344|[from] item: Leftovers
|turn|15
|
|switch|p2a: Tentacruel|Tentacruel, F, shiny|300/363
|move|p1a: Scizor|U-turn|p2a: Tentacruel
|-resisted|p2a: Tentacruel
|-damage|p2a: Tentacruel|236/363
|
|switch|p1a: Sandslash|Sandslash, F|263/292
|
|-weather|Sandstorm|[upkeep]
|-damage|p2a: Tentacruel|214/363|[from] sandstorm
|-heal|p2a: Tentacruel|236/363|[from] item: Black Sludge
|turn|16
|
|switch|p2a: Shaymin|Shaymin, shiny|225/341
|move|p1a: Sandslash|Earthquake|p2a: Shaymin
|-resisted|p2a: Shaymin
|-damage|p2a: Shaymin|125/341
|-damage|p1a: Sandslash|234/292|[from] item: Life Orb
|
|-weather|Sandstorm|[upkeep]
|-damage|p2a: Shaymin|104/341|[from] sandstorm
|-heal|p2a: Shaymin|125/341|[from] item: Leftovers
|turn|17
|
|switch|p1a: Scizor|Scizor, F|254/344
|move|p2a: Shaymin|Rest|p2a: Shaymin
|-status|p2a: Shaymin|slp
|-heal|p2a: Shaymin|341/341 slp|[silent]
|-status|p2a: Shaymin|slp|[from] move: Rest
|
|-weather|Sandstorm|[upkeep]
|-damage|p2a: Shaymin|320/341 slp|[from] sandstorm
|-heal|p2a: Shaymin|341/341 slp|[from] item: Leftovers
|-heal|p1a: Scizor|275/344|[from] item: Leftovers
|turn|18
|
|switch|p2a: Jirachi|Jirachi|403/403
|move|p1a: Scizor|U-turn|p2a: Jirachi
|-damage|p2a: Jirachi|289/403
|
|switch|p1a: Sandslash|Sandslash, F|234/292
|
|-weather|Sandstorm|[upkeep]
|-heal|p2a: Jirachi|314/403|[from] item: Leftovers
|turn|19
|
|switch|p2a: Shaymin|Shaymin, shiny|341/341
|move|p1a: Sandslash|Earthquake|p2a: Shaymin
|-resisted|p2a: Shaymin
|-damage|p2a: Shaymin|240/341
|-damage|p1a: Sandslash|205/292|[from] item: Life Orb
|
|-weather|Sandstorm|[upkeep]
|-damage|p2a: Shaymin|219/341|[from] sandstorm
|-heal|p2a: Shaymin|240/341|[from] item: Leftovers
|turn|20
|
|switch|p1a: Landorus-Therian|Landorus-Therian, M|381/381
|-ability|p1a: Landorus-Therian|Intimidate|[of] p2a: Shaymin
|-unboost|p2a: Shaymin|atk|1
|move|p2a: Shaymin|Seed Flare|p1a: Landorus-Therian
|-damage|p1a: Landorus-Therian|161/381
|
|-weather|Sandstorm|[upkeep]
|-damage|p2a: Shaymin|219/341|[from] sandstorm
|-heal|p2a: Shaymin|240/341|[from] item: Leftovers
|-heal|p1a: Landorus-Therian|184/381|[from] item: Leftovers
|turn|21
|
|switch|p1a: Scizor|Scizor, F|275/344
|move|p2a: Shaymin|Seed Flare|p1a: Scizor
|-resisted|p1a: Scizor
|-damage|p1a: Scizor|233/344
|
|-weather|Sandstorm|[upkeep]
|-damage|p2a: Shaymin|219/341|[from] sandstorm
|-heal|p2a: Shaymin|240/341|[from] item: Leftovers
|-heal|p1a: Scizor|254/344|[from] item: Leftovers
|turn|22
|chat|marshmallon|you are way too lucky
|join|ball1234
|
|switch|p2a: Jirachi|Jirachi|314/403
|move|p1a: Scizor|U-turn|p2a: Jirachi
|-damage|p2a: Jirachi|199/403
|
|switch|p1a: Sandslash|Sandslash, F|205/292
|
|-weather|Sandstorm|[upkeep]
|-heal|p2a: Jirachi|224/403|[from] item: Leftovers
|turn|23
|
|move|p1a: Sandslash|Earthquake|p2a: Jirachi
|-supereffective|p2a: Jirachi
|-damage|p2a: Jirachi|0 fnt
|-damage|p1a: Sandslash|176/292|[from] item: Life Orb
|faint|p2a: Jirachi
|
|-weather|Sandstorm|[upkeep]
|
|switch|p2a: Politoed|Politoed, F|46/383
|-weather|RainDance|[from] ability: Drizzle|[of] p2a: Politoed
|turn|24
|
|switch|p1a: Tyranitar|Tyranitar, M|404/404
|-weather|Sandstorm|[from] ability: Sand Stream|[of] p1a: Tyranitar
|switch|p2a: Breloom|Breloom, M, shiny|283/324 tox
|
|-weather|Sandstorm|[upkeep]
|-damage|p2a: Breloom|263/324 tox|[from] sandstorm
|-heal|p2a: Breloom|303/324 tox|[from] ability: Poison Heal
|turn|25
|
|move|p2a: Breloom|Substitute|p2a: Breloom
|-start|p2a: Breloom|Substitute
|-damage|p2a: Breloom|222/324 tox
|move|p1a: Tyranitar|Fire Blast|p2a: Breloom
|-supereffective|p2a: Breloom
|-end|p2a: Breloom|Substitute
|
|-weather|Sandstorm|[upkeep]
|-damage|p2a: Breloom|202/324 tox|[from] sandstorm
|-heal|p2a: Breloom|242/324 tox|[from] ability: Poison Heal
|turn|26
|
|switch|p1a: Landorus-Therian|Landorus-Therian, M|184/381
|-ability|p1a: Landorus-Therian|Intimidate|[of] p2a: Breloom
|-unboost|p2a: Breloom|atk|1
|move|p2a: Breloom|Substitute|p2a: Breloom
|-start|p2a: Breloom|Substitute
|-damage|p2a: Breloom|161/324 tox
|
|-weather|Sandstorm|[upkeep]
|-damage|p2a: Breloom|141/324 tox|[from] sandstorm
|-heal|p1a: Landorus-Therian|207/381|[from] item: Leftovers
|-heal|p2a: Breloom|181/324 tox|[from] ability: Poison Heal
|turn|27
|
|-singleturn|p2a: Breloom|move: Focus Punch
|move|p1a: Landorus-Therian|Hidden Power|p2a: Breloom
|-supereffective|p2a: Breloom
|-end|p2a: Breloom|Substitute
|move|p2a: Breloom|Focus Punch|p1a: Landorus-Therian
|-crit|p1a: Landorus-Therian
|-resisted|p1a: Landorus-Therian
|-damage|p1a: Landorus-Therian|0 fnt
|faint|p1a: Landorus-Therian
|
|-weather|Sandstorm|[upkeep]
|-damage|p2a: Breloom|161/324 tox|[from] sandstorm
|-heal|p2a: Breloom|201/324 tox|[from] ability: Poison Heal
|
|switch|p1a: Scizor|Scizor, F|254/344
|turn|28
|chat|marshmallon|this game is critty
|
|switch|p2a: Tentacruel|Tentacruel, F, shiny|236/363
|move|p1a: Scizor|U-turn|p2a: Tentacruel
|-resisted|p2a: Tentacruel
|-damage|p2a: Tentacruel|171/363
|
|switch|p1a: Sandslash|Sandslash, F|176/292
|
|-weather|Sandstorm|[upkeep]
|-damage|p2a: Tentacruel|149/363|[from] sandstorm
|-heal|p2a: Tentacruel|171/363|[from] item: Black Sludge
|turn|29
|
|move|p2a: Tentacruel|Protect|p2a: Tentacruel
|-singleturn|p2a: Tentacruel|Protect
|move|p1a: Sandslash|Earthquake|p2a: Tentacruel
|-activate|p2a: Tentacruel|Protect
|
|-weather|Sandstorm|[upkeep]
|-damage|p2a: Tentacruel|149/363|[from] sandstorm
|-heal|p2a: Tentacruel|171/363|[from] item: Black Sludge
|turn|30
|
|switch|p2a: Shaymin|Shaymin, shiny|240/341
|move|p1a: Sandslash|Stone Edge|p2a: Shaymin
|-damage|p2a: Shaymin|106/341
|-damage|p1a: Sandslash|147/292|[from] item: Life Orb
|
|-weather|Sandstorm|[upkeep]
|-damage|p2a: Shaymin|85/341|[from] sandstorm
|-heal|p2a: Shaymin|106/341|[from] item: Leftovers
|turn|31
|
|switch|p2a: Tyranitar|Tyranitar, M, shiny|403/403
|move|p1a: Sandslash|Stone Edge|p2a: Tyranitar|[miss]
|-miss|p1a: Sandslash|p2a: Tyranitar
|
|-weather|Sandstorm|[upkeep]
|turn|32
|
|switch|p1a: Scizor|Scizor, F|254/344
|move|p2a: Tyranitar|Earthquake|p1a: Scizor
|-damage|p1a: Scizor|132/344
|
|-weather|Sandstorm|[upkeep]
|-heal|p1a: Scizor|153/344|[from] item: Leftovers
|turn|33
|
|move|p1a: Scizor|Roost|p1a: Scizor
|-heal|p1a: Scizor|325/344
|move|p2a: Tyranitar|Flamethrower|p1a: Scizor
|-supereffective|p1a: Scizor
|-damage|p1a: Scizor|85/344
|
|-weather|Sandstorm|[upkeep]
|-heal|p1a: Scizor|106/344|[from] item: Leftovers
|turn|34
|
|switch|p1a: Jellicent|Jellicent, F|403/403 slp
|move|p2a: Tyranitar|Earthquake|p1a: Jellicent
|-damage|p1a: Jellicent|290/403 slp
|
|-weather|Sandstorm|[upkeep]
|-damage|p1a: Jellicent|265/403 slp|[from] sandstorm
|-heal|p1a: Jellicent|290/403 slp|[from] item: Leftovers
|turn|35
|
|move|p2a: Tyranitar|Pursuit|p1a: Jellicent
|-supereffective|p1a: Jellicent
|-damage|p1a: Jellicent|138/403 slp
|cant|p1a: Jellicent|slp
|
|-weather|Sandstorm|[upkeep]
|-damage|p1a: Jellicent|113/403 slp|[from] sandstorm
|-heal|p1a: Jellicent|138/403 slp|[from] item: Leftovers
|turn|36
|
|move|p2a: Tyranitar|Pursuit|p1a: Jellicent
|-supereffective|p1a: Jellicent
|-damage|p1a: Jellicent|0 fnt
|faint|p1a: Jellicent
|
|-weather|Sandstorm|[upkeep]
|
|switch|p1a: Scizor|Scizor, F|106/344
|turn|37
|
|move|p1a: Scizor|U-turn|p2a: Tyranitar
|-supereffective|p2a: Tyranitar
|-damage|p2a: Tyranitar|199/403
|
|switch|p1a: Tyranitar|Tyranitar, M|404/404
|move|p2a: Tyranitar|Flamethrower|p1a: Tyranitar
|-resisted|p1a: Tyranitar
|-damage|p1a: Tyranitar|389/404
|-status|p1a: Tyranitar|brn
|
|-weather|Sandstorm|[upkeep]
|-heal|p2a: Tyranitar|224/403|[from] item: Leftovers
|-heal|p1a: Tyranitar|404/404 brn|[from] item: Leftovers
|-damage|p1a: Tyranitar|354/404 brn|[from] brn
|turn|38
|
|move|p2a: Tyranitar|Earthquake|p1a: Tyranitar
|-supereffective|p1a: Tyranitar
|-damage|p1a: Tyranitar|118/404 brn
|move|p1a: Tyranitar|Superpower|p2a: Tyranitar
|-supereffective|p2a: Tyranitar
|-damage|p2a: Tyranitar|0 fnt
|-unboost|p1a: Tyranitar|atk|1
|-unboost|p1a: Tyranitar|def|1
|faint|p2a: Tyranitar
|
|-weather|Sandstorm|[upkeep]
|-heal|p1a: Tyranitar|143/404 brn|[from] item: Leftovers
|-damage|p1a: Tyranitar|93/404 brn|[from] brn
|
|switch|p2a: Politoed|Politoed, F|46/383
|-weather|RainDance|[from] ability: Drizzle|[of] p2a: Politoed
|turn|39
|
|switch|p1a: Scizor|Scizor, F|106/344
|move|p2a: Politoed|Scald|p1a: Scizor
|-damage|p1a: Scizor|0 fnt
|faint|p1a: Scizor
|
|-weather|RainDance|[upkeep]
|-heal|p2a: Politoed|69/383|[from] item: Leftovers
|
|switch|p1a: Tyranitar|Tyranitar, M|93/404 brn
|-weather|Sandstorm|[from] ability: Sand Stream|[of] p1a: Tyranitar
|turn|40
|
|move|p1a: Tyranitar|Pursuit|p2a: Politoed|[from]Pursuit
|-damage|p2a: Politoed|15/383
|switch|p2a: Shaymin|Shaymin, shiny|106/341
|
|-weather|Sandstorm|[upkeep]
|-damage|p2a: Shaymin|85/341|[from] sandstorm
|-heal|p2a: Shaymin|106/341|[from] item: Leftovers
|-heal|p1a: Tyranitar|118/404 brn|[from] item: Leftovers
|-damage|p1a: Tyranitar|68/404 brn|[from] brn
|turn|41
|
|move|p2a: Shaymin|Earth Power|p1a: Tyranitar
|-supereffective|p1a: Tyranitar
|-damage|p1a: Tyranitar|0 fnt
|faint|p1a: Tyranitar
|
|-weather|Sandstorm|[upkeep]
|-damage|p2a: Shaymin|85/341|[from] sandstorm
|-heal|p2a: Shaymin|106/341|[from] item: Leftovers
|
|switch|p1a: Sandslash|Sandslash, F|147/292
|turn|42
|
|switch|p2a: Politoed|Politoed, F|15/383
|-weather|RainDance|[from] ability: Drizzle|[of] p2a: Politoed
|move|p1a: Sandslash|Stone Edge|p2a: Politoed
|-damage|p2a: Politoed|0 fnt
|-damage|p1a: Sandslash|118/292|[from] item: Life Orb
|faint|p2a: Politoed
|
|-weather|RainDance|[upkeep]
|chat|LornaDeezy|gg
|chat|marshmallon|gg
|
|switch|p2a: Shaymin|Shaymin, shiny|106/341
|turn|43
|
|move|p2a: Shaymin|Air Slash|p1a: Sandslash
|-damage|p1a: Sandslash|0 fnt
|faint|p1a: Sandslash
|
|win|marshmallon
|raw|Ladder updating...
|raw|LornaDeezy's rating: 1407 &rarr; <strong>1381</strong><br />(-26 for losing)
|raw|marshmallon's rating: 1300 &rarr; <strong>1332</strong><br />(+32 for winning)