|j|☆lijkjlkjlkjlkjlk
|j|☆scrublord999
|t:|1725026038
|gametype|singles
|player|p1|lijkjlkjlkjlkjlk|bugcatcher-gen4dp|1413
|player|p2|scrublord999|burglar|1335
|teamsize|p1|6
|teamsize|p2|6
|gen|5
|tier|[Gen 5] OU
|rated|
|rule|Species Clause: Limit one of each Pokémon
|rule|OHKO Clause: OHKO moves are banned
|rule|Moody Clause: Moody is banned
|rule|Evasion Items Clause: Evasion items are banned
|rule|Evasion Moves Clause: Evasion moves are banned
|rule|Endless Battle Clause: Forcing endless battles is banned
|rule|HP Percentage Mod: HP is shown in percentages
|rule|Evasion Abilities Clause: Evasion abilities are banned
|rule|Sleep Moves Clause: Sleep-inducing moves are banned
|rule|Swagger Clause: Swagger is banned
|rule|Baton Pass Stat Clause: No Baton Passer may have a way to boost its stats
|clearpoke
|poke|p1|Bronzong|item
|poke|p1|Porygon2|item
|poke|p1|Reuniclus, M|item
|poke|p1|Chandelure, M|item
|poke|p1|Crawdaunt, F|item
|poke|p1|Terrakion|item
|poke|p2|Abomasnow, M|item
|poke|p2|Forretress, M|item
|poke|p2|Jellicent, F|item
|poke|p2|Heatran, F|item
|poke|p2|Mamoswine, F|item
|poke|p2|Latios, M|item
|teampreview
|inactive|Battle timer is ON: inactive players will automatically lose when time's up. (requested by scrublord999)
|
|t:|1725026051
|start
|switch|p1a: Chandelure|Chandelure, M|100/100
|switch|p2a: Heatran|Heatran, F|100/100
|-item|p2a: Heatran|Air Balloon
|-item|p1a: Chandelure|Air Balloon
|turn|1
|
|t:|1725026060
|move|p2a: Heatran|Stealth Rock|p1a: Chandelure
|-sidestart|p1: lijkjlkjlkjlkjlk|move: Stealth Rock
|move|p1a: Chandelure|Trick Room|p1a: Chandelure
|-fieldstart|move: Trick Room|[of] p1a: Chandelure
|
|upkeep
|turn|2
|
|t:|1725026079
|switch|p1a: Crawdaunt|Crawdaunt, F|100/100
|-damage|p1a: Crawdaunt|88/100|[from] Stealth Rock
|move|p2a: Heatran|Taunt|p1a: Crawdaunt
|-start|p1a: Crawdaunt|move: Taunt
|
|upkeep
|turn|3
|
|t:|1725026096
|switch|p2a: Forretress|Forretress, M|100/100
|move|p1a: Crawdaunt|Crunch|p2a: Forretress
|-resisted|p2a: Forretress
|-damage|p2a: Forretress|75/100
|-unboost|p2a: Forretress|def|1
|
|-heal|p2a: Forretress|82/100|[from] item: Leftovers
|upkeep
|turn|4
|
|t:|1725026118
|move|p1a: Crawdaunt|Crunch|p2a: Forretress
|-resisted|p2a: Forretress
|-damage|p2a: Forretress|44/100
|move|p2a: Forretress|Spikes|p1a: Crawdaunt
|-sidestart|p1: lijkjlkjlkjlkjlk|Spikes
|
|-heal|p2a: Forretress|50/100|[from] item: Leftovers
|-end|p1a: Crawdaunt|move: Taunt
|upkeep
|turn|5
|
|t:|1725026141
|move|p1a: Crawdaunt|Crunch|p2a: Forretress
|-resisted|p2a: Forretress
|-damage|p2a: Forretress|13/100
|move|p2a: Forretress|Spikes|p1a: Crawdaunt
|-sidestart|p1: lijkjlkjlkjlkjlk|Spikes
|
|-heal|p2a: Forretress|19/100|[from] item: Leftovers
|-fieldend|move: Trick Room
|upkeep
|turn|6
|
|t:|1725026147
|move|p2a: Forretress|Spikes|p1a: Crawdaunt
|-sidestart|p1: lijkjlkjlkjlkjlk|Spikes
|move|p1a: Crawdaunt|Crunch|p2a: Forretress
|-resisted|p2a: Forretress
|-damage|p2a: Forretress|0 fnt
|faint|p2a: Forretress
|
|upkeep
|
|t:|1725026155
|switch|p2a: Mamoswine|Mamoswine, F|100/100
|turn|7
|
|t:|1725026164
|switch|p1a: Chandelure|Chandelure, M|100/100
|-damage|p1a: Chandelure|76/100|[from] Stealth Rock
|-item|p1a: Chandelure|Air Balloon
|move|p2a: Mamoswine|Superpower|p1a: Chandelure
|-immune|p1a: Chandelure
|
|upkeep
|turn|8
|
|t:|1725026182
|switch|p2a: Latios|Latios, M|100/100
|move|p1a: Chandelure|Trick Room|p1a: Chandelure
|-fieldstart|move: Trick Room|[of] p1a: Chandelure
|
|upkeep
|turn|9
|
|t:|1725026187
|move|p1a: Chandelure|Shadow Ball|p2a: Latios
|-supereffective|p2a: Latios
|-damage|p2a: Latios|0 fnt
|faint|p2a: Latios
|
|upkeep
|-message|scrublord999 forfeited.
|
|win|lijkjlkjlkjlkjlk
|raw|lijkjlkjlkjlkjlk's rating: 1413 &rarr; <strong>1429</strong><br />(+16 for winning)
|raw|scrublord999's rating: 1335 &rarr; <strong>1319</strong><br />(-16 for losing)
|l|☆scrublord999
|player|p2|
