|j|☆199O
|j|☆The Mystico
|player|p1|199O|lance|1434
|player|p2|The Mystico|152|1302
|teamsize|p1|6
|teamsize|p2|6
|gametype|singles
|gen|5
|tier|[Gen 5] OU
|rated|
|rule|Sleep Clause Mod: Limit one foe put to sleep
|rule|Species Clause: Limit one of each Pokémon
|rule|OHKO Clause: OHKO moves are banned
|rule|Moody Clause: Moody is banned
|rule|Evasion Moves Clause: Evasion moves are banned
|rule|Endless Battle Clause: Forcing endless battles is banned
|rule|HP Percentage Mod: HP is shown in percentages
|rule|Evasion Abilities Clause: Evasion abilities are banned
|rule|Baton Pass Clause: Limit one Baton Passer, can't pass Spe and other stats simultaneously
|rule|Swagger Clause: Swagger is banned
|clearpoke
|poke|p1|Landorus-Therian, M|item
|poke|p1|Jirachi|item
|poke|p1|Latios, M|item
|poke|p1|Rotom-Wash|item
|poke|p1|Tyranitar, M|item
|poke|p1|Ferrothorn, M|item
|poke|p2|Tyranitar, M|item
|poke|p2|Seismitoad, M|item
|poke|p2|Skarmory, M|item
|poke|p2|Donphan, M|item
|poke|p2|Latios, M|item
|poke|p2|Amoonguss, M|item
|teampreview
|inactive|Battle timer is ON: inactive players will automatically lose when time's up. (requested by The Mystico)
|
|start
|switch|p1a: Landorus|Landorus-Therian, M|100/100
|switch|p2a: Amoonguss|Amoonguss, M|100/100
|-ability|p1a: Landorus|Intimidate|boost
|-unboost|p2a: Amoonguss|atk|1
|turn|1
|
|move|p1a: Landorus|U-turn|p2a: Amoonguss
|-damage|p2a: Amoonguss|79/100
|
|switch|p1a: Rotom|Rotom-Wash|100/100|[from]move: U-turn
|move|p2a: Amoonguss|Spore|p1a: Rotom
|-status|p1a: Rotom|slp|[from] move: Spore
|
|-heal|p2a: Amoonguss|85/100|[from] item: Black Sludge
|upkeep
|turn|2
|
|switch|p1a: Tyranitar|Tyranitar, M|100/100
|-weather|Sandstorm|[from] ability: Sand Stream|[of] p1a: Tyranitar
|switch|p2a: Tyranitar|Tyranitar, M|100/100
|
|-weather|Sandstorm|[upkeep]
|upkeep
|turn|3
|
|move|p2a: Tyranitar|Superpower|p1a: Tyranitar
|-supereffective|p1a: Tyranitar
|-crit|p1a: Tyranitar
|-enditem|p1a: Tyranitar|Chople Berry|[eat]
|-enditem|p1a: Tyranitar|Chople Berry|[weaken]
|-damage|p1a: Tyranitar|0 fnt
|-unboost|p2a: Tyranitar|atk|1
|-unboost|p2a: Tyranitar|def|1
|faint|p1a: Tyranitar
|
|-weather|Sandstorm|[upkeep]
|upkeep
|c|☆199O|l
|c|☆199O|o
|c|☆199O|l
|
|switch|p1a: Jirachi|Jirachi|100/100
|turn|4
|
|switch|p2a: Donphan|Donphan, M|100/100
|move|p1a: Jirachi|Iron Head|p2a: Donphan
|-damage|p2a: Donphan|85/100
|
|-weather|Sandstorm|[upkeep]
|-heal|p2a: Donphan|91/100|[from] item: Leftovers
|upkeep
|turn|5
|
|switch|p1a: Latios|Latios, M|100/100
|move|p2a: Donphan|Stealth Rock|p1a: Latios
|-sidestart|p1: 199O|move: Stealth Rock
|
|-weather|Sandstorm|[upkeep]
|-damage|p1a: Latios|95/100|[from] Sandstorm
|-heal|p2a: Donphan|97/100|[from] item: Leftovers
|upkeep
|turn|6
|
|switch|p2a: Amoonguss|Amoonguss, M|100/100
|move|p1a: Latios|Draco Meteor|p2a: Amoonguss
|-damage|p2a: Amoonguss|34/100
|-unboost|p1a: Latios|spa|2
|-damage|p1a: Latios|85/100|[from] item: Life Orb
|
|-weather|Sandstorm|[upkeep]
|-damage|p1a: Latios|79/100|[from] Sandstorm
|-damage|p2a: Amoonguss|27/100|[from] Sandstorm
|-heal|p2a: Amoonguss|34/100|[from] item: Black Sludge
|upkeep
|turn|7
|
|switch|p1a: Landorus|Landorus-Therian, M|100/100
|-damage|p1a: Landorus|88/100|[from] Stealth Rock
|-ability|p1a: Landorus|Intimidate|boost
|-unboost|p2a: Amoonguss|atk|1
|switch|p2a: Tyranitar|Tyranitar, M|100/100
|
|-weather|Sandstorm|[upkeep]
|upkeep
|turn|8
|
|switch|p2a: Skarmory|Skarmory, M|100/100
|move|p1a: Landorus|U-turn|p2a: Skarmory
|-resisted|p2a: Skarmory
|-damage|p2a: Skarmory|97/100
|
|switch|p1a: Jirachi|Jirachi|100/100|[from]move: U-turn
|-damage|p1a: Jirachi|94/100|[from] Stealth Rock
|
|-weather|Sandstorm|[upkeep]
|-heal|p1a: Jirachi|100/100|[from] item: Leftovers
|-heal|p2a: Skarmory|100/100|[from] item: Leftovers
|upkeep
|turn|9
|
|move|p1a: Jirachi|Thunder|p2a: Skarmory
|-supereffective|p2a: Skarmory
|-damage|p2a: Skarmory|16/100
|-status|p2a: Skarmory|par
|move|p2a: Skarmory|Spikes|p1a: Jirachi
|-sidestart|p1: 199O|Spikes
|
|-weather|Sandstorm|[upkeep]
|-heal|p2a: Skarmory|22/100 par|[from] item: Leftovers
|upkeep
|turn|10
|
|switch|p2a: Donphan|Donphan, M|97/100
|move|p1a: Jirachi|Hidden Power|p2a: Donphan
|-supereffective|p2a: Donphan
|-crit|p2a: Donphan
|-damage|p2a: Donphan|0 fnt
|faint|p2a: Donphan
|
|-weather|Sandstorm|[upkeep]
|upkeep
|
|switch|p2a: Seismitoad|Seismitoad, M|100/100
|turn|11
|
|switch|p1a: Ferrothorn|Ferrothorn, M|100/100
|-damage|p1a: Ferrothorn|95/100|[from] Stealth Rock
|-damage|p1a: Ferrothorn|82/100|[from] Spikes
|move|p2a: Seismitoad|Scald|p1a: Ferrothorn
|-resisted|p1a: Ferrothorn
|-damage|p1a: Ferrothorn|74/100
|-status|p1a: Ferrothorn|brn
|
|-weather|Sandstorm|[upkeep]
|-heal|p1a: Ferrothorn|80/100 brn|[from] item: Leftovers
|-damage|p1a: Ferrothorn|68/100 brn|[from] brn
|upkeep
|turn|12
|
|switch|p2a: Skarmory|Skarmory, M|22/100 par
|move|p1a: Ferrothorn|Spikes|p2a: Skarmory
|-sidestart|p2: The Mystico|Spikes
|
|-weather|Sandstorm|[upkeep]
|-heal|p1a: Ferrothorn|74/100 brn|[from] item: Leftovers
|-heal|p2a: Skarmory|28/100 par|[from] item: Leftovers
|-damage|p1a: Ferrothorn|61/100 brn|[from] brn
|upkeep
|turn|13
|
|move|p1a: Ferrothorn|Leech Seed|p2a: Skarmory
|-start|p2a: Skarmory|move: Leech Seed
|move|p2a: Skarmory|Roost|p2a: Skarmory
|-heal|p2a: Skarmory|78/100 par
|-singleturn|p2a: Skarmory|move: Roost
|
|-weather|Sandstorm|[upkeep]
|-heal|p1a: Ferrothorn|67/100 brn|[from] item: Leftovers
|-heal|p2a: Skarmory|84/100 par|[from] item: Leftovers
|-damage|p2a: Skarmory|72/100 par|[from] Leech Seed|[of] p1a: Ferrothorn
|-heal|p1a: Ferrothorn|79/100 brn|[silent]
|-damage|p1a: Ferrothorn|67/100 brn|[from] brn
|upkeep
|turn|14
|
|switch|p2a: Amoonguss|Amoonguss, M|67/100
|-damage|p2a: Amoonguss|54/100|[from] Spikes
|move|p1a: Ferrothorn|Spikes|p2a: Amoonguss
|-sidestart|p2: The Mystico|Spikes
|
|-weather|Sandstorm|[upkeep]
|-damage|p2a: Amoonguss|48/100|[from] Sandstorm
|-heal|p2a: Amoonguss|54/100|[from] item: Black Sludge
|-heal|p1a: Ferrothorn|73/100 brn|[from] item: Leftovers
|-damage|p1a: Ferrothorn|61/100 brn|[from] brn
|upkeep
|turn|15
|
|switch|p1a: Latios|Latios, M|79/100
|-damage|p1a: Latios|66/100|[from] Stealth Rock
|move|p2a: Amoonguss|Hidden Power|p1a: Latios
|-resisted|p1a: Latios
|-damage|p1a: Latios|60/100
|
|-weather|Sandstorm|[upkeep]
|-damage|p1a: Latios|54/100|[from] Sandstorm
|-damage|p2a: Amoonguss|48/100|[from] Sandstorm
|-heal|p2a: Amoonguss|54/100|[from] item: Black Sludge
|upkeep
|turn|16
|
|switch|p2a: Tyranitar|Tyranitar, M|100/100
|-damage|p2a: Tyranitar|84/100|[from] Spikes
|move|p1a: Latios|Draco Meteor|p2a: Tyranitar
|-damage|p2a: Tyranitar|23/100
|-unboost|p1a: Latios|spa|2
|-damage|p1a: Latios|44/100|[from] item: Life Orb
|
|-weather|Sandstorm|[upkeep]
|-damage|p1a: Latios|38/100|[from] Sandstorm
|upkeep
|turn|17
|
|move|p2a: Tyranitar|Pursuit|p1a: Latios
|-supereffective|p1a: Latios
|-damage|p1a: Latios|0 fnt
|faint|p1a: Latios
|
|-weather|Sandstorm|[upkeep]
|upkeep
|
|switch|p1a: Ferrothorn|Ferrothorn, M|61/100 brn
|-damage|p1a: Ferrothorn|48/100 brn|[from] Spikes
|-damage|p1a: Ferrothorn|42/100 brn|[from] Stealth Rock
|turn|18
|
|switch|p2a: Amoonguss|Amoonguss, M|88/100
|-damage|p2a: Amoonguss|71/100|[from] Spikes
|move|p1a: Ferrothorn|Spikes|p2a: Amoonguss
|-sidestart|p2: The Mystico|Spikes
|
|-weather|Sandstorm|[upkeep]
|-damage|p2a: Amoonguss|65/100|[from] Sandstorm
|-heal|p2a: Amoonguss|71/100|[from] item: Black Sludge
|-heal|p1a: Ferrothorn|48/100 brn|[from] item: Leftovers
|-damage|p1a: Ferrothorn|36/100 brn|[from] brn
|upkeep
|turn|19
|
|move|p2a: Amoonguss|Hidden Power|p1a: Ferrothorn
|-supereffective|p1a: Ferrothorn
|-damage|p1a: Ferrothorn|0 fnt
|faint|p1a: Ferrothorn
|
|-weather|Sandstorm|[upkeep]
|-damage|p2a: Amoonguss|65/100|[from] Sandstorm
|-heal|p2a: Amoonguss|71/100|[from] item: Black Sludge
|upkeep
|
|switch|p1a: Jirachi|Jirachi|100/100
|-damage|p1a: Jirachi|88/100|[from] Spikes
|-damage|p1a: Jirachi|82/100|[from] Stealth Rock
|turn|20
|
|switch|p2a: Seismitoad|Seismitoad, M|100/100
|-damage|p2a: Seismitoad|76/100|[from] Spikes
|move|p1a: Jirachi|Iron Head|p2a: Seismitoad
|-resisted|p2a: Seismitoad
|-damage|p2a: Seismitoad|63/100
|
|-weather|Sandstorm|[upkeep]
|-heal|p1a: Jirachi|88/100|[from] item: Leftovers
|-heal|p2a: Seismitoad|69/100|[from] item: Leftovers
|upkeep
|turn|21
|
|switch|p1a: Rotom|Rotom-Wash|100/100 slp
|-damage|p1a: Rotom|88/100 slp|[from] Stealth Rock
|move|p2a: Seismitoad|Scald|p1a: Rotom
|-resisted|p1a: Rotom
|-damage|p1a: Rotom|75/100 slp
|
|-weather|Sandstorm|[upkeep]
|-damage|p1a: Rotom|69/100 slp|[from] Sandstorm
|-heal|p1a: Rotom|75/100 slp|[from] item: Leftovers
|-heal|p2a: Seismitoad|75/100|[from] item: Leftovers
|upkeep
|turn|22
|
|cant|p1a: Rotom|slp
|move|p2a: Seismitoad|Scald|p1a: Rotom
|-resisted|p1a: Rotom
|-damage|p1a: Rotom|63/100 slp
|
|-weather|Sandstorm|[upkeep]
|-damage|p1a: Rotom|57/100 slp|[from] Sandstorm
|-heal|p1a: Rotom|63/100 slp|[from] item: Leftovers
|-heal|p2a: Seismitoad|81/100|[from] item: Leftovers
|upkeep
|turn|23
|
|cant|p1a: Rotom|slp
|move|p2a: Seismitoad|Toxic||[still]
|-fail|p2a: Seismitoad
|
|-weather|Sandstorm|[upkeep]
|-damage|p1a: Rotom|57/100 slp|[from] Sandstorm
|-heal|p1a: Rotom|63/100 slp|[from] item: Leftovers
|-heal|p2a: Seismitoad|87/100|[from] item: Leftovers
|upkeep
|turn|24
|
|cant|p1a: Rotom|slp
|move|p2a: Seismitoad|Scald|p1a: Rotom
|-resisted|p1a: Rotom
|-damage|p1a: Rotom|52/100 slp
|
|-weather|Sandstorm|[upkeep]
|-damage|p1a: Rotom|46/100 slp|[from] Sandstorm
|-heal|p1a: Rotom|52/100 slp|[from] item: Leftovers
|-heal|p2a: Seismitoad|93/100|[from] item: Leftovers
|upkeep
|turn|25
|
|-curestatus|p1a: Rotom|slp|[msg]
|move|p1a: Rotom|Will-O-Wisp|p2a: Seismitoad
|-status|p2a: Seismitoad|brn
|move|p2a: Seismitoad|Toxic|p1a: Rotom
|-status|p1a: Rotom|tox
|
|-weather|Sandstorm|[upkeep]
|-damage|p1a: Rotom|46/100 tox|[from] Sandstorm
|-heal|p1a: Rotom|52/100 tox|[from] item: Leftovers
|-heal|p2a: Seismitoad|99/100 brn|[from] item: Leftovers
|-damage|p1a: Rotom|46/100 tox|[from] psn
|-damage|p2a: Seismitoad|86/100 brn|[from] brn
|upkeep
|turn|26
|
|move|p1a: Rotom|Pain Split|p2a: Seismitoad
|-sethp|p2a: Seismitoad|60/100 brn|[from] move: Pain Split|[silent]
|-sethp|p1a: Rotom|82/100 tox|[from] move: Pain Split
|move|p2a: Seismitoad|Refresh|p2a: Seismitoad
|-curestatus|p2a: Seismitoad|brn|[msg]
|
|-weather|Sandstorm|[upkeep]
|-damage|p1a: Rotom|76/100 tox|[from] Sandstorm
|-heal|p1a: Rotom|82/100 tox|[from] item: Leftovers
|-heal|p2a: Seismitoad|66/100|[from] item: Leftovers
|-damage|p1a: Rotom|70/100 tox|[from] psn
|upkeep
|turn|27
|inactive|199O has 120 seconds left.
|
|move|p1a: Rotom|Will-O-Wisp|p2a: Seismitoad
|-status|p2a: Seismitoad|brn
|move|p2a: Seismitoad|Scald|p1a: Rotom
|-resisted|p1a: Rotom
|-damage|p1a: Rotom|57/100 tox
|
|-weather|Sandstorm|[upkeep]
|-damage|p1a: Rotom|51/100 tox|[from] Sandstorm
|-heal|p1a: Rotom|57/100 tox|[from] item: Leftovers
|-heal|p2a: Seismitoad|72/100 brn|[from] item: Leftovers
|-damage|p1a: Rotom|39/100 tox|[from] psn
|-damage|p2a: Seismitoad|60/100 brn|[from] brn
|upkeep
|turn|28
|
|move|p1a: Rotom|Pain Split|p2a: Seismitoad
|-sethp|p2a: Seismitoad|44/100 brn|[from] move: Pain Split|[silent]
|-sethp|p1a: Rotom|60/100 tox|[from] move: Pain Split
|move|p2a: Seismitoad|Refresh|p2a: Seismitoad
|-curestatus|p2a: Seismitoad|brn|[msg]
|
|-weather|Sandstorm|[upkeep]
|-damage|p1a: Rotom|54/100 tox|[from] Sandstorm
|-heal|p1a: Rotom|60/100 tox|[from] item: Leftovers
|-heal|p2a: Seismitoad|50/100|[from] item: Leftovers
|-damage|p1a: Rotom|36/100 tox|[from] psn
|upkeep
|turn|29
|
|move|p1a: Rotom|Will-O-Wisp|p2a: Seismitoad|[miss]
|-miss|p1a: Rotom|p2a: Seismitoad
|move|p2a: Seismitoad|Refresh||[still]
|-fail|p2a: Seismitoad
|
|-weather|Sandstorm|[upkeep]
|-damage|p1a: Rotom|31/100 tox|[from] Sandstorm
|-heal|p1a: Rotom|36/100 tox|[from] item: Leftovers
|-heal|p2a: Seismitoad|56/100|[from] item: Leftovers
|-damage|p1a: Rotom|7/100 tox|[from] psn
|upkeep
|turn|30
|
|move|p1a: Rotom|Pain Split|p2a: Seismitoad
|-sethp|p2a: Seismitoad|31/100|[from] move: Pain Split|[silent]
|-sethp|p1a: Rotom|42/100 tox|[from] move: Pain Split
|move|p2a: Seismitoad|Refresh||[still]
|-fail|p2a: Seismitoad
|
|-weather|Sandstorm|[upkeep]
|-damage|p1a: Rotom|36/100 tox|[from] Sandstorm
|-heal|p1a: Rotom|42/100 tox|[from] item: Leftovers
|-heal|p2a: Seismitoad|37/100|[from] item: Leftovers
|-damage|p1a: Rotom|6/100 tox|[from] psn
|upkeep
|turn|31
|
|move|p1a: Rotom|Pain Split|p2a: Seismitoad
|-sethp|p2a: Seismitoad|21/100|[from] move: Pain Split|[silent]
|-sethp|p1a: Rotom|28/100 tox|[from] move: Pain Split
|move|p2a: Seismitoad|Refresh||[still]
|-fail|p2a: Seismitoad
|
|-weather|Sandstorm|[upkeep]
|-damage|p1a: Rotom|22/100 tox|[from] Sandstorm
|-heal|p1a: Rotom|28/100 tox|[from] item: Leftovers
|-heal|p2a: Seismitoad|27/100|[from] item: Leftovers
|-damage|p1a: Rotom|0 fnt|[from] psn
|faint|p1a: Rotom
|upkeep
|
|switch|p1a: Landorus|Landorus-Therian, M|88/100
|-damage|p1a: Landorus|76/100|[from] Stealth Rock
|-ability|p1a: Landorus|Intimidate|boost
|-unboost|p2a: Seismitoad|atk|1
|turn|32
|
|move|p1a: Landorus|Earthquake|p2a: Seismitoad
|-damage|p2a: Seismitoad|0 fnt
|faint|p2a: Seismitoad
|
|-weather|Sandstorm|[upkeep]
|upkeep
|
|switch|p2a: Latios|Latios, M|100/100
|turn|33
|
|move|p1a: Landorus|Earthquake|p2a: Latios
|-immune|p2a: Latios|[from] ability: Levitate
|move|p2a: Latios|Surf|p1a: Landorus
|-supereffective|p1a: Landorus
|-damage|p1a: Landorus|0 fnt
|faint|p1a: Landorus
|
|-weather|Sandstorm|[upkeep]
|-damage|p2a: Latios|95/100|[from] Sandstorm
|upkeep
|
|switch|p1a: Jirachi|Jirachi|88/100
|-damage|p1a: Jirachi|82/100|[from] Stealth Rock
|-damage|p1a: Jirachi|70/100|[from] Spikes
|turn|34
|
|move|p2a: Latios|Surf|p1a: Jirachi
|-damage|p1a: Jirachi|43/100
|move|p1a: Jirachi|Iron Head|p2a: Latios
|-damage|p2a: Latios|56/100
|
|-weather|Sandstorm|[upkeep]
|-damage|p2a: Latios|50/100|[from] Sandstorm
|-heal|p1a: Jirachi|49/100|[from] item: Leftovers
|upkeep
|turn|35
|
|move|p2a: Latios|Surf|p1a: Jirachi
|-damage|p1a: Jirachi|22/100
|move|p1a: Jirachi|Iron Head|p2a: Latios
|-damage|p2a: Latios|15/100
|
|-weather|Sandstorm|[upkeep]
|-damage|p2a: Latios|9/100|[from] Sandstorm
|-heal|p1a: Jirachi|28/100|[from] item: Leftovers
|upkeep
|turn|36
|
|move|p2a: Latios|Roost|p2a: Latios
|-heal|p2a: Latios|60/100
|-singleturn|p2a: Latios|move: Roost
|move|p1a: Jirachi|Iron Head|p2a: Latios
|-damage|p2a: Latios|20/100
|
|-weather|Sandstorm|[upkeep]
|-damage|p2a: Latios|14/100|[from] Sandstorm
|-heal|p1a: Jirachi|35/100|[from] item: Leftovers
|upkeep
|turn|37
|
|move|p2a: Latios|Surf|p1a: Jirachi
|-damage|p1a: Jirachi|7/100
|move|p1a: Jirachi|Iron Head|p2a: Latios
|-damage|p2a: Latios|0 fnt
|faint|p2a: Latios
|
|-weather|Sandstorm|[upkeep]
|-heal|p1a: Jirachi|13/100|[from] item: Leftovers
|upkeep
|
|switch|p2a: Amoonguss|Amoonguss, M|100/100
|-damage|p2a: Amoonguss|75/100|[from] Spikes
|turn|38
|
|move|p1a: Jirachi|Iron Head|p2a: Amoonguss
|-damage|p2a: Amoonguss|49/100
|move|p2a: Amoonguss|Spore|p1a: Jirachi
|-status|p1a: Jirachi|slp|[from] move: Spore
|
|-weather|Sandstorm|[upkeep]
|-damage|p2a: Amoonguss|43/100|[from] Sandstorm
|-heal|p1a: Jirachi|20/100 slp|[from] item: Leftovers
|-heal|p2a: Amoonguss|49/100|[from] item: Black Sludge
|upkeep
|turn|39
|c|☆199O|lol
|c|☆199O|how fkin lucky n bad
|c|☆199O|you are
|c|☆199O|thats insane
|
|cant|p1a: Jirachi|slp
|move|p2a: Amoonguss|Hidden Power|p1a: Jirachi
|-supereffective|p1a: Jirachi
|-damage|p1a: Jirachi|0 fnt
|faint|p1a: Jirachi
|
|win|The Mystico
|l|☆199O
|raw|199O's rating: 1435 &rarr; <strong>1407</strong><br />(-28 for losing)
|raw|The Mystico's rating: 1302 &rarr; <strong>1329</strong><br />(+27 for winning)
