|j|☆rosiestoes
|j|☆el janitor
|t:|1707363228
|gametype|singles
|player|p1|rosiestoes|cynthia|1304
|player|p2|el janitor|101|1501
|teamsize|p1|6
|teamsize|p2|6
|gen|5
|tier|[Gen 5] OU
|rated|
|rule|Species Clause: Limit one of each Pokémon
|rule|OHKO Clause: OHKO moves are banned
|rule|Moody Clause: Moody is banned
|rule|Evasion Items Clause: Evasion items are banned
|rule|Evasion Moves Clause: Evasion moves are banned
|rule|Endless Battle Clause: Forcing endless battles is banned
|rule|HP Percentage Mod: HP is shown in percentages
|rule|Evasion Abilities Clause: Evasion abilities are banned
|rule|Sleep Moves Clause: Sleep-inducing moves are banned
|rule|Swagger Clause: Swagger is banned
|rule|Baton Pass Stat Clause: No Baton Passer may have a way to boost its stats
|clearpoke
|poke|p1|Tyranitar, F|item
|poke|p1|Skarmory, F|item
|poke|p1|Gastrodon, F|item
|poke|p1|Heatran, M|item
|poke|p1|Latias, F|item
|poke|p1|Reuniclus, F|item
|poke|p2|Mamoswine, F|item
|poke|p2|Abomasnow, F|item
|poke|p2|Forretress, F|item
|poke|p2|Kyurem-Black|item
|poke|p2|Breloom, F|item
|poke|p2|Mandibuzz, F|item
|teampreview
|inactive|Battle timer is ON: inactive players will automatically lose when time's up. (requested by el janitor)
|
|t:|1707363240
|start
|switch|p1a: Latias|Latias, F|100/100
|switch|p2a: Forretress|Forretress, F|100/100
|turn|1
|
|t:|1707363245
|move|p1a: Latias|Hidden Power|p2a: Forretress
|-supereffective|p2a: Forretress
|-damage|p2a: Forretress|30/100
|move|p2a: Forretress|Toxic Spikes|p1a: Latias
|-sidestart|p1: rosiestoes|move: Toxic Spikes
|
|-heal|p2a: Forretress|37/100|[from] item: Leftovers
|upkeep
|turn|2
|
|t:|1707363261
|switch|p2a: Mandibuzz|Mandibuzz, F|100/100
|move|p1a: Latias|Hidden Power|p2a: Mandibuzz
|-damage|p2a: Mandibuzz|85/100
|
|-heal|p2a: Mandibuzz|91/100|[from] item: Leftovers
|upkeep
|turn|3
|
|t:|1707363263
|move|p1a: Latias|Thunder Wave|p2a: Mandibuzz
|-status|p2a: Mandibuzz|par
|cant|p2a: Mandibuzz|par
|
|-heal|p2a: Mandibuzz|97/100 par|[from] item: Leftovers
|upkeep
|turn|4
|
|t:|1707363269
|switch|p1a: Skarmory|Skarmory, F|100/100
|move|p2a: Mandibuzz|U-turn|p1a: Skarmory
|-resisted|p1a: Skarmory
|-damage|p1a: Skarmory|99/100
|
|t:|1707363287
|switch|p2a: Kyurem|Kyurem-Black|100/100|[from] U-turn
|-ability|p2a: Kyurem|Teravolt
|
|-heal|p1a: Skarmory|100/100|[from] item: Leftovers
|upkeep
|turn|5
|
|t:|1707363290
|move|p2a: Kyurem|Substitute|p2a: Kyurem
|-start|p2a: Kyurem|Substitute
|-damage|p2a: Kyurem|76/100
|move|p1a: Skarmory|Whirlwind|p2a: Kyurem
|drag|p2a: Abomasnow|Abomasnow, F|100/100
|-weather|Hail|[from] ability: Snow Warning|[of] p2a: Abomasnow
|
|-weather|Hail|[upkeep]
|-damage|p1a: Skarmory|95/100|[from] Hail
|-heal|p1a: Skarmory|100/100|[from] item: Leftovers
|upkeep
|turn|6
|
|t:|1707363297
|switch|p1a: tammy|Tyranitar, F|100/100
|-status|p1a: tammy|psn
|-weather|Sandstorm|[from] ability: Sand Stream|[of] p1a: tammy
|move|p2a: Abomasnow|Hidden Power|p1a: tammy
|-resisted|p1a: tammy
|-damage|p1a: tammy|97/100 psn
|
|-weather|Sandstorm|[upkeep]
|-damage|p2a: Abomasnow|94/100|[from] Sandstorm
|-heal|p2a: Abomasnow|100/100|[from] item: Leftovers
|-damage|p1a: tammy|85/100 psn|[from] psn
|upkeep
|turn|7
|
|t:|1707363306
|switch|p2a: Mandibuzz|Mandibuzz, F|97/100 par
|move|p1a: tammy|Stealth Rock|p2a: Mandibuzz
|-sidestart|p2: el janitor|move: Stealth Rock
|
|-weather|Sandstorm|[upkeep]
|-heal|p2a: Mandibuzz|100/100 par|[from] item: Leftovers
|-damage|p1a: tammy|73/100 psn|[from] psn
|upkeep
|turn|8
|
|t:|1707363310
|switch|p1a: Heatran|Heatran, M|100/100
|cant|p2a: Mandibuzz|par
|
|-weather|Sandstorm|[upkeep]
|upkeep
|turn|9
|
|t:|1707363314
|move|p1a: Heatran|Fire Blast|p2a: Mandibuzz
|-damage|p2a: Mandibuzz|52/100 par
|move|p2a: Mandibuzz|U-turn|p1a: Heatran
|-resisted|p1a: Heatran
|-crit|p1a: Heatran
|-damage|p1a: Heatran|95/100
|
|t:|1707363330
|switch|p2a: Breloom|Breloom, F|100/100|[from] U-turn
|-damage|p2a: Breloom|94/100|[from] Stealth Rock
|
|-weather|Sandstorm|[upkeep]
|-damage|p2a: Breloom|88/100|[from] Sandstorm
|upkeep
|turn|10
|
|t:|1707363335
|switch|p2a: Abomasnow|Abomasnow, F|100/100
|-damage|p2a: Abomasnow|75/100|[from] Stealth Rock
|-weather|Hail|[from] ability: Snow Warning|[of] p2a: Abomasnow
|move|p1a: Heatran|Fire Blast|p2a: Abomasnow
|-supereffective|p2a: Abomasnow
|-damage|p2a: Abomasnow|0 fnt
|faint|p2a: Abomasnow
|
|-weather|Hail|[upkeep]
|-damage|p1a: Heatran|89/100|[from] Hail
|upkeep
|
|t:|1707363337
|switch|p2a: Breloom|Breloom, F|88/100
|-damage|p2a: Breloom|82/100|[from] Stealth Rock
|turn|11
|
|t:|1707363340
|switch|p1a: tammy|Tyranitar, F|73/100 psn
|-weather|Sandstorm|[from] ability: Sand Stream|[of] p1a: tammy
|move|p2a: Breloom|Mach Punch|p1a: tammy
|-supereffective|p1a: tammy
|-enditem|p1a: tammy|Chople Berry|[eat]
|-enditem|p1a: tammy|Chople Berry|[weaken]
|-damage|p1a: tammy|0 fnt
|faint|p1a: tammy
|
|-weather|Sandstorm|[upkeep]
|-damage|p2a: Breloom|76/100|[from] Sandstorm
|upkeep
|
|t:|1707363344
|switch|p1a: Latias|Latias, F|100/100
|turn|12
|
|t:|1707363372
|switch|p1a: Reuniclus|Reuniclus, F, shiny|100/100
|-status|p1a: Reuniclus|psn
|switch|p2a: Mandibuzz|Mandibuzz, F|52/100 par
|-damage|p2a: Mandibuzz|27/100 par|[from] Stealth Rock
|
|-weather|Sandstorm|[upkeep]
|-heal|p2a: Mandibuzz|33/100 par|[from] item: Leftovers
|upkeep
|turn|13
|
|t:|1707363378
|move|p1a: Reuniclus|Calm Mind|p1a: Reuniclus
|-boost|p1a: Reuniclus|spa|1
|-boost|p1a: Reuniclus|spd|1
|move|p2a: Mandibuzz|U-turn|p1a: Reuniclus
|-supereffective|p1a: Reuniclus
|-damage|p1a: Reuniclus|84/100 psn
|
|t:|1707363388
|switch|p2a: Forretress|Forretress, F|37/100|[from] U-turn
|-damage|p2a: Forretress|24/100|[from] Stealth Rock
|
|-weather|Sandstorm|[upkeep]
|-heal|p2a: Forretress|30/100|[from] item: Leftovers
|-heal|p1a: Reuniclus|90/100 psn|[from] item: Leftovers
|upkeep
|turn|14
|
|t:|1707363392
|move|p2a: Forretress|Rapid Spin|p1a: Reuniclus
|-damage|p1a: Reuniclus|87/100 psn
|-sideend|p2: el janitor|Stealth Rock|[from] move: Rapid Spin|[of] p2a: Forretress
|move|p1a: Reuniclus|Calm Mind|p1a: Reuniclus
|-boost|p1a: Reuniclus|spa|1
|-boost|p1a: Reuniclus|spd|1
|
|-weather|Sandstorm|[upkeep]
|-heal|p2a: Forretress|37/100|[from] item: Leftovers
|-heal|p1a: Reuniclus|93/100 psn|[from] item: Leftovers
|upkeep
|turn|15
|
|t:|1707363399
|move|p2a: Forretress|Toxic Spikes|p1a: Reuniclus
|-sidestart|p1: rosiestoes|move: Toxic Spikes
|move|p1a: Reuniclus|Calm Mind|p1a: Reuniclus
|-boost|p1a: Reuniclus|spa|1
|-boost|p1a: Reuniclus|spd|1
|
|-weather|Sandstorm|[upkeep]
|-heal|p2a: Forretress|43/100|[from] item: Leftovers
|-heal|p1a: Reuniclus|99/100 psn|[from] item: Leftovers
|upkeep
|turn|16
|
|t:|1707363401
|move|p2a: Forretress|Stealth Rock|p1a: Reuniclus
|-sidestart|p1: rosiestoes|move: Stealth Rock
|move|p1a: Reuniclus|Calm Mind|p1a: Reuniclus
|-boost|p1a: Reuniclus|spa|1
|-boost|p1a: Reuniclus|spd|1
|
|-weather|Sandstorm|[upkeep]
|-heal|p2a: Forretress|49/100|[from] item: Leftovers
|-heal|p1a: Reuniclus|100/100 psn|[from] item: Leftovers
|upkeep
|turn|17
|
|t:|1707363406
|switch|p2a: Mandibuzz|Mandibuzz, F|33/100 par
|move|p1a: Reuniclus|Calm Mind|p1a: Reuniclus
|-boost|p1a: Reuniclus|spa|1
|-boost|p1a: Reuniclus|spd|1
|
|-weather|Sandstorm|[upkeep]
|-heal|p2a: Mandibuzz|39/100 par|[from] item: Leftovers
|upkeep
|turn|18
|
|t:|1707363409
|move|p1a: Reuniclus|Focus Blast|p2a: Mandibuzz|[miss]
|-miss|p1a: Reuniclus|p2a: Mandibuzz
|move|p2a: Mandibuzz|U-turn|p1a: Reuniclus
|-supereffective|p1a: Reuniclus
|-damage|p1a: Reuniclus|84/100 psn
|
|t:|1707363421
|switch|p2a: Breloom|Breloom, F|76/100|[from] U-turn
|
|-weather|Sandstorm|[upkeep]
|-damage|p2a: Breloom|70/100|[from] Sandstorm
|-heal|p1a: Reuniclus|91/100 psn|[from] item: Leftovers
|upkeep
|turn|19
|
|t:|1707363422
|move|p2a: Breloom|Bullet Seed|p1a: Reuniclus
|-damage|p1a: Reuniclus|69/100 psn
|-crit|p1a: Reuniclus
|-damage|p1a: Reuniclus|19/100 psn
|-damage|p1a: Reuniclus|0 fnt
|faint|p1a: Reuniclus
|-hitcount|p1: Reuniclus|3
|
|-weather|Sandstorm|[upkeep]
|-damage|p2a: Breloom|64/100|[from] Sandstorm
|upkeep
|
|t:|1707363430
|switch|p1a: Skarmory|Skarmory, F|100/100
|-damage|p1a: Skarmory|88/100|[from] Stealth Rock
|turn|20
|
|t:|1707363436
|switch|p2a: Kyurem|Kyurem-Black|76/100
|-ability|p2a: Kyurem|Teravolt
|move|p1a: Skarmory|Spikes|p2a: Kyurem
|-sidestart|p2: el janitor|Spikes
|
|-weather|Sandstorm|[upkeep]
|-damage|p2a: Kyurem|70/100|[from] Sandstorm
|-heal|p2a: Kyurem|76/100|[from] item: Leftovers
|-heal|p1a: Skarmory|94/100|[from] item: Leftovers
|upkeep
|turn|21
|
|t:|1707363439
|switch|p1a: Gastrodon|Gastrodon, F|100/100
|-status|p1a: Gastrodon|tox
|-damage|p1a: Gastrodon|94/100 tox|[from] Stealth Rock
|move|p2a: Kyurem|Fusion Bolt|p1a: Gastrodon
|-immune|p1a: Gastrodon
|
|-weather|Sandstorm|[upkeep]
|-damage|p2a: Kyurem|70/100|[from] Sandstorm
|-heal|p2a: Kyurem|76/100|[from] item: Leftovers
|-heal|p1a: Gastrodon|100/100 tox|[from] item: Leftovers
|-damage|p1a: Gastrodon|94/100 tox|[from] psn
|upkeep
|turn|22
|
|t:|1707363447
|move|p2a: Kyurem|Substitute|p2a: Kyurem
|-start|p2a: Kyurem|Substitute
|-damage|p2a: Kyurem|51/100
|move|p1a: Gastrodon|Scald|p2a: Kyurem
|-resisted|p2a: Kyurem
|-activate|p2a: Kyurem|Substitute|[damage]
|
|-weather|Sandstorm|[upkeep]
|-damage|p2a: Kyurem|45/100|[from] Sandstorm
|-heal|p2a: Kyurem|51/100|[from] item: Leftovers
|-heal|p1a: Gastrodon|100/100 tox|[from] item: Leftovers
|-damage|p1a: Gastrodon|88/100 tox|[from] psn
|upkeep
|turn|23
|
|t:|1707363451
|move|p2a: Kyurem|Ice Beam|p1a: Gastrodon
|-damage|p1a: Gastrodon|46/100 tox
|move|p1a: Gastrodon|Scald|p2a: Kyurem
|-resisted|p2a: Kyurem
|-end|p2a: Kyurem|Substitute
|
|-weather|Sandstorm|[upkeep]
|-damage|p2a: Kyurem|45/100|[from] Sandstorm
|-heal|p2a: Kyurem|51/100|[from] item: Leftovers
|-heal|p1a: Gastrodon|52/100 tox|[from] item: Leftovers
|-damage|p1a: Gastrodon|34/100 tox|[from] psn
|upkeep
|turn|24
|-message|rosiestoes forfeited.
|
|win|el janitor
|raw|rosiestoes's rating: 1304 &rarr; <strong>1294</strong><br />(-10 for losing)
|raw|el janitor's rating: 1501 &rarr; <strong>1511</strong><br />(+10 for winning)
|l|☆rosiestoes
|player|p1|
