|j|☆CroCoeur
|j|☆joker992
|player|p1|CroCoeur|blue|1443
|player|p2|joker992|101|1459
|teamsize|p1|6
|teamsize|p2|6
|gametype|singles
|gen|5
|tier|[Gen 5] OU
|rated|
|clearpoke
|poke|p1|Politoed, M|item
|poke|p1|Vaporeon, F|item
|poke|p1|Celebi|item
|poke|p1|Ferrothorn, M|item
|poke|p1|Latios, M|item
|poke|p1|Jirachi|item
|poke|p2|Kyurem-Black|item
|poke|p2|Gliscor, F|item
|poke|p2|Mamoswine, F|item
|poke|p2|Excadrill, M|item
|poke|p2|Latios, M|item
|poke|p2|Rotom-Wash|item
|rule|Species Clause: Limit one of each Pokémon
|rule|OHKO Clause: OHKO moves are banned
|rule|Moody Clause: Moody is banned
|rule|Evasion Moves Clause: Evasion moves are banned
|rule|Endless Battle Clause: Forcing endless battles is banned
|rule|HP Percentage Mod: HP is shown in percentages
|rule|Evasion Abilities Clause: Evasion abilities are banned
|rule|Baton Pass Clause: Limit one Baton Passer, can't pass Spe and other stats simultaneously
|rule|Sleep Clause: Sleep-inducing moves are banned
|rule|Swagger Clause: Swagger is banned
|teampreview
|inactive|Battle timer is ON: inactive players will automatically lose when time's up. (requested by CroCoeur)
|
|start
|switch|p1a: Politoed|Politoed, M|100/100
|switch|p2a: Rotom|Rotom-Wash|100/100
|-weather|RainDance|[from] ability: Drizzle|[of] p1a: Politoed
|turn|1
|
|switch|p1a: Celebi|Celebi|100/100
|move|p2a: Rotom|Volt Switch|p1a: Celebi
|-resisted|p1a: Celebi
|-damage|p1a: Celebi|92/100
|
|switch|p2a: Mamoswine|Mamoswine, F|100/100|[from]move: Volt Switch
|
|-weather|RainDance|[upkeep]
|-heal|p1a: Celebi|99/100|[from] item: Leftovers
|upkeep
|turn|2
|
|move|p2a: Mamoswine|Earthquake|p1a: Celebi
|-resisted|p1a: Celebi
|-crit|p1a: Celebi
|-damage|p1a: Celebi|25/100
|move|p1a: Celebi|Giga Drain|p2a: Mamoswine
|-supereffective|p2a: Mamoswine
|-damage|p2a: Mamoswine|28/100
|-heal|p1a: Celebi|57/100|[from] drain|[of] p2a: Mamoswine
|
|-weather|RainDance|[upkeep]
|-heal|p1a: Celebi|63/100|[from] item: Leftovers
|upkeep
|turn|3
|
|switch|p2a: Latios|Latios, M|100/100
|move|p1a: Celebi|Giga Drain|p2a: Latios
|-resisted|p2a: Latios
|-damage|p2a: Latios|87/100
|-heal|p1a: Celebi|68/100|[from] drain|[of] p2a: Latios
|
|-weather|RainDance|[upkeep]
|-heal|p1a: Celebi|75/100|[from] item: Leftovers
|upkeep
|turn|4
|
|switch|p2a: Rotom|Rotom-Wash|100/100
|switch|p1a: Ferrothorn|Ferrothorn, M|100/100
|
|-weather|RainDance|[upkeep]
|upkeep
|turn|5
|
|switch|p1a: Celebi|Celebi|75/100
|move|p2a: Rotom|Will-O-Wisp|p1a: Celebi
|-status|p1a: Celebi|brn
|
|-weather|RainDance|[upkeep]
|-heal|p1a: Celebi|81/100 brn|[from] item: Leftovers
|-damage|p1a: Celebi|68/100 brn|[from] brn
|upkeep
|turn|6
|
|switch|p2a: Kyurem|Kyurem-Black|100/100
|-ability|p2a: Kyurem|Teravolt
|move|p1a: Celebi|Giga Drain|p2a: Kyurem
|-resisted|p2a: Kyurem
|-damage|p2a: Kyurem|86/100
|-heal|p1a: Celebi|75/100 brn|[from] drain|[of] p2a: Kyurem
|
|-weather|RainDance|[upkeep]
|-heal|p1a: Celebi|82/100 brn|[from] item: Leftovers
|-damage|p1a: Celebi|69/100 brn|[from] brn
|upkeep
|turn|7
|
|switch|p2a: Mamoswine|Mamoswine, F|28/100
|switch|p1a: Ferrothorn|Ferrothorn, M|100/100
|
|-weather|RainDance|[upkeep]
|upkeep
|turn|8
|
|move|p2a: Mamoswine|Superpower|p1a: Ferrothorn
|-supereffective|p1a: Ferrothorn
|-damage|p1a: Ferrothorn|5/100
|-unboost|p2a: Mamoswine|atk|1
|-unboost|p2a: Mamoswine|def|1
|-damage|p2a: Mamoswine|16/100|[from] ability: Iron Barbs|[of] p1a: Ferrothorn
|move|p1a: Ferrothorn|Stealth Rock|p2a: Mamoswine
|-sidestart|p2: joker992|move: Stealth Rock
|
|-weather|RainDance|[upkeep]
|-heal|p1a: Ferrothorn|11/100|[from] item: Leftovers
|upkeep
|turn|9
|
|switch|p2a: Excadrill|Excadrill, M|100/100
|-damage|p2a: Excadrill|97/100|[from] Stealth Rock
|-ability|p2a: Excadrill|Mold Breaker
|switch|p1a: Celebi|Celebi|69/100
|
|-weather|RainDance|[upkeep]
|-heal|p1a: Celebi|75/100|[from] item: Leftovers
|-heal|p2a: Excadrill|100/100|[from] item: Leftovers
|upkeep
|turn|10
|
|move|p1a: Celebi|Giga Drain|p2a: Excadrill
|-damage|p2a: Excadrill|79/100
|-heal|p1a: Celebi|87/100|[from] drain|[of] p2a: Excadrill
|move|p2a: Excadrill|Rapid Spin|p1a: Celebi
|-damage|p1a: Celebi|82/100
|-sideend|p2: joker992|Stealth Rock|[from] move: Rapid Spin|[of] p2a: Excadrill
|
|-weather|RainDance|[upkeep]
|-heal|p1a: Celebi|88/100|[from] item: Leftovers
|-heal|p2a: Excadrill|85/100|[from] item: Leftovers
|upkeep
|turn|11
|
|move|p1a: Celebi|Giga Drain|p2a: Excadrill
|-damage|p2a: Excadrill|67/100
|-heal|p1a: Celebi|98/100|[from] drain|[of] p2a: Excadrill
|move|p2a: Excadrill|Stealth Rock|p1a: Celebi
|-sidestart|p1: CroCoeur|move: Stealth Rock
|
|-weather|RainDance|[upkeep]
|-heal|p1a: Celebi|100/100|[from] item: Leftovers
|-heal|p2a: Excadrill|73/100|[from] item: Leftovers
|upkeep
|turn|12
|
|switch|p2a: Latios|Latios, M|87/100
|move|p1a: Celebi|Psychic|p2a: Latios
|-resisted|p2a: Latios
|-damage|p2a: Latios|70/100
|
|-weather|RainDance|[upkeep]
|upkeep
|turn|13
|
|switch|p1a: Ferrothorn|Ferrothorn, M|11/100
|-damage|p1a: Ferrothorn|5/100|[from] Stealth Rock
|move|p2a: Latios|Dragon Pulse|p1a: Ferrothorn
|-resisted|p1a: Ferrothorn
|-crit|p1a: Ferrothorn
|-damage|p1a: Ferrothorn|0 fnt
|faint|p1a: Ferrothorn
|
|-weather|RainDance|[upkeep]
|upkeep
|
|switch|p1a: Jirachi|Jirachi|100/100
|-damage|p1a: Jirachi|94/100|[from] Stealth Rock
|turn|14
|
|switch|p2a: Rotom|Rotom-Wash|100/100
|move|p1a: Jirachi|Substitute|p1a: Jirachi
|-start|p1a: Jirachi|Substitute
|-damage|p1a: Jirachi|69/100
|
|-weather|RainDance|[upkeep]
|-heal|p1a: Jirachi|75/100|[from] item: Leftovers
|upkeep
|turn|15
|
|move|p1a: Jirachi|Calm Mind|p1a: Jirachi
|-boost|p1a: Jirachi|spa|1
|-boost|p1a: Jirachi|spd|1
|move|p2a: Rotom|Hydro Pump|p1a: Jirachi
|-end|p1a: Jirachi|Substitute
|
|-weather|RainDance|[upkeep]
|-heal|p1a: Jirachi|82/100|[from] item: Leftovers
|upkeep
|turn|16
|
|move|p1a: Jirachi|Substitute|p1a: Jirachi
|-start|p1a: Jirachi|Substitute
|-damage|p1a: Jirachi|57/100
|move|p2a: Rotom|Hydro Pump|p1a: Jirachi
|-end|p1a: Jirachi|Substitute
|
|-weather|RainDance|[upkeep]
|-heal|p1a: Jirachi|63/100|[from] item: Leftovers
|upkeep
|turn|17
|
|move|p1a: Jirachi|Thunder|p2a: Rotom
|-damage|p2a: Rotom|61/100
|move|p2a: Rotom|Hydro Pump|p1a: Jirachi|[miss]
|-miss|p2a: Rotom|p1a: Jirachi
|
|-weather|RainDance|[upkeep]
|-heal|p1a: Jirachi|69/100|[from] item: Leftovers
|-heal|p2a: Rotom|68/100|[from] item: Leftovers
|upkeep
|turn|18
|
|move|p1a: Jirachi|Substitute|p1a: Jirachi
|-start|p1a: Jirachi|Substitute
|-damage|p1a: Jirachi|44/100
|move|p2a: Rotom|Hydro Pump|p1a: Jirachi
|-end|p1a: Jirachi|Substitute
|
|-weather|RainDance|[upkeep]
|-heal|p1a: Jirachi|50/100|[from] item: Leftovers
|-heal|p2a: Rotom|74/100|[from] item: Leftovers
|upkeep
|turn|19
|
|move|p1a: Jirachi|Thunder|p2a: Rotom
|-damage|p2a: Rotom|35/100
|-status|p2a: Rotom|par
|cant|p2a: Rotom|par
|
|-weather|RainDance|[upkeep]
|-heal|p1a: Jirachi|56/100|[from] item: Leftovers
|-heal|p2a: Rotom|41/100 par|[from] item: Leftovers
|upkeep
|turn|20
|
|move|p1a: Jirachi|Water Pulse|p2a: Rotom
|-resisted|p2a: Rotom
|-damage|p2a: Rotom|26/100 par
|cant|p2a: Rotom|par
|
|-weather|RainDance|[upkeep]
|-heal|p1a: Jirachi|63/100|[from] item: Leftovers
|-heal|p2a: Rotom|33/100 par|[from] item: Leftovers
|upkeep
|turn|21
|
|move|p1a: Jirachi|Thunder|p2a: Rotom
|-damage|p2a: Rotom|0 fnt
|faint|p2a: Rotom
|
|-weather|RainDance|[upkeep]
|-heal|p1a: Jirachi|69/100|[from] item: Leftovers
|upkeep
|inactive|joker992 has 120 seconds left.
|
|switch|p2a: Excadrill|Excadrill, M|73/100
|-ability|p2a: Excadrill|Mold Breaker
|turn|22
|inactive|joker992 has 120 seconds left.
|
|move|p1a: Jirachi|Water Pulse|p2a: Excadrill
|-supereffective|p2a: Excadrill
|-damage|p2a: Excadrill|23/100
|move|p2a: Excadrill|Earthquake|p1a: Jirachi
|-supereffective|p1a: Jirachi
|-damage|p1a: Jirachi|0 fnt
|faint|p1a: Jirachi
|
|-weather|RainDance|[upkeep]
|-heal|p2a: Excadrill|29/100|[from] item: Leftovers
|upkeep
|
|switch|p1a: Latios|Latios, M|100/100
|-damage|p1a: Latios|88/100|[from] Stealth Rock
|turn|23
|
|move|p2a: Excadrill|Protect|p2a: Excadrill
|-singleturn|p2a: Excadrill|Protect
|move|p1a: Latios|Surf|p2a: Excadrill
|-activate|p2a: Excadrill|move: Protect
|
|-weather|RainDance|[upkeep]
|-heal|p2a: Excadrill|35/100|[from] item: Leftovers
|upkeep
|turn|24
|
|switch|p2a: Kyurem|Kyurem-Black|86/100
|-ability|p2a: Kyurem|Teravolt
|move|p1a: Latios|Surf|p2a: Kyurem
|-resisted|p2a: Kyurem
|-damage|p2a: Kyurem|59/100
|
|-weather|RainDance|[upkeep]
|upkeep
|turn|25
|
|switch|p1a: Celebi|Celebi|100/100
|-damage|p1a: Celebi|88/100|[from] Stealth Rock
|move|p2a: Kyurem|Outrage|p1a: Celebi
|-damage|p1a: Celebi|20/100
|
|-weather|RainDance|[upkeep]
|-heal|p1a: Celebi|26/100|[from] item: Leftovers
|upkeep
|turn|26
|
|move|p2a: Kyurem|Outrage|p1a: Celebi|[from]lockedmove
|-damage|p1a: Celebi|0 fnt
|faint|p1a: Celebi
|
|-weather|RainDance|[upkeep]
|upkeep
|
|switch|p1a: Latios|Latios, M|88/100
|-damage|p1a: Latios|76/100|[from] Stealth Rock
|turn|27
|
|move|p1a: Latios|Draco Meteor|p2a: Kyurem
|-supereffective|p2a: Kyurem
|-damage|p2a: Kyurem|0 fnt
|-unboost|p1a: Latios|spa|2
|faint|p2a: Kyurem
|
|-weather|RainDance|[upkeep]
|upkeep
|
|switch|p2a: Mamoswine|Mamoswine, F|16/100
|turn|28
|
|move|p1a: Latios|Draco Meteor|p2a: Mamoswine
|-damage|p2a: Mamoswine|0 fnt
|-unboost|p1a: Latios|spa|2
|faint|p2a: Mamoswine
|
|-weather|RainDance|[upkeep]
|upkeep
|j| Tu26082000
|
|switch|p2a: Excadrill|Excadrill, M|35/100
|-ability|p2a: Excadrill|Mold Breaker
|turn|29
|
|switch|p1a: Politoed|Politoed, M|100/100
|-damage|p1a: Politoed|88/100|[from] Stealth Rock
|move|p2a: Excadrill|Earthquake|p1a: Politoed
|-damage|p1a: Politoed|25/100
|
|-weather|RainDance|[upkeep]
|-heal|p2a: Excadrill|41/100|[from] item: Leftovers
|upkeep
|turn|30
|
|move|p2a: Excadrill|Protect|p2a: Excadrill
|-singleturn|p2a: Excadrill|Protect
|move|p1a: Politoed|Ice Beam|p2a: Excadrill
|-activate|p2a: Excadrill|move: Protect
|
|-weather|RainDance|[upkeep]
|-heal|p2a: Excadrill|47/100|[from] item: Leftovers
|upkeep
|turn|31
|
|move|p1a: Politoed|Ice Beam|p2a: Excadrill
|-damage|p2a: Excadrill|27/100
|-status|p2a: Excadrill|frz
|-curestatus|p2a: Excadrill|frz|[msg]
|move|p2a: Excadrill|Earthquake|p1a: Politoed
|-damage|p1a: Politoed|0 fnt
|faint|p1a: Politoed
|
|-weather|RainDance|[upkeep]
|-heal|p2a: Excadrill|34/100|[from] item: Leftovers
|upkeep
|
|switch|p1a: Vaporeon|Vaporeon, F|100/100
|-damage|p1a: Vaporeon|88/100|[from] Stealth Rock
|turn|32
|
|move|p2a: Excadrill|Earthquake|p1a: Vaporeon
|-damage|p1a: Vaporeon|37/100
|move|p1a: Vaporeon|Acid Armor|p1a: Vaporeon
|-boost|p1a: Vaporeon|def|2
|
|-weather|RainDance|[upkeep]
|-heal|p2a: Excadrill|40/100|[from] item: Leftovers
|-heal|p1a: Vaporeon|43/100|[from] item: Leftovers
|upkeep
|turn|33
|
|switch|p2a: Latios|Latios, M|70/100
|move|p1a: Vaporeon|Rest|p1a: Vaporeon
|-status|p1a: Vaporeon|slp|[from] move: Rest
|-heal|p1a: Vaporeon|100/100 slp|[silent]
|
|-weather|RainDance|[upkeep]
|-activate|p1a: Vaporeon|ability: Hydration
|-curestatus|p1a: Vaporeon|slp|[msg]
|upkeep
|turn|34
|
|move|p2a: Latios|Dragon Pulse|p1a: Vaporeon
|-damage|p1a: Vaporeon|59/100
|move|p1a: Vaporeon|Scald|p2a: Latios
|-resisted|p2a: Latios
|-damage|p2a: Latios|48/100
|-status|p2a: Latios|brn
|
|-weather|RainDance|[upkeep]
|-heal|p1a: Vaporeon|66/100|[from] item: Leftovers
|-damage|p2a: Latios|36/100 brn|[from] brn
|upkeep
|turn|35
|
|move|p2a: Latios|Dragon Pulse|p1a: Vaporeon
|-damage|p1a: Vaporeon|26/100
|move|p1a: Vaporeon|Rest|p1a: Vaporeon
|-status|p1a: Vaporeon|slp|[from] move: Rest
|-heal|p1a: Vaporeon|100/100 slp|[silent]
|
|-weather|RainDance|[upkeep]
|-activate|p1a: Vaporeon|ability: Hydration
|-curestatus|p1a: Vaporeon|slp|[msg]
|-damage|p2a: Latios|23/100 brn|[from] brn
|upkeep
|turn|36
|inactive|CroCoeur has 120 seconds left.
|
|move|p2a: Latios|Dragon Pulse|p1a: Vaporeon
|-damage|p1a: Vaporeon|58/100
|move|p1a: Vaporeon|Acid Armor|p1a: Vaporeon
|-boost|p1a: Vaporeon|def|2
|
|-weather|RainDance|[upkeep]
|-heal|p1a: Vaporeon|64/100|[from] item: Leftovers
|-damage|p2a: Latios|11/100 brn|[from] brn
|upkeep
|turn|37
|
|move|p2a: Latios|Dragon Pulse|p1a: Vaporeon
|-damage|p1a: Vaporeon|23/100
|move|p1a: Vaporeon|Rest|p1a: Vaporeon
|-status|p1a: Vaporeon|slp|[from] move: Rest
|-heal|p1a: Vaporeon|100/100 slp|[silent]
|
|-weather|RainDance|[upkeep]
|-activate|p1a: Vaporeon|ability: Hydration
|-curestatus|p1a: Vaporeon|slp|[msg]
|-damage|p2a: Latios|0 fnt|[from] brn
|faint|p2a: Latios
|upkeep
|
|switch|p2a: Gliscor|Gliscor, F|100/100
|turn|38
|
|move|p2a: Gliscor|Protect|p2a: Gliscor
|-singleturn|p2a: Gliscor|Protect
|move|p1a: Vaporeon|Scald|p2a: Gliscor
|-activate|p2a: Gliscor|move: Protect
|
|-weather|RainDance|[upkeep]
|-status|p2a: Gliscor|tox|[from] item: Toxic Orb
|upkeep
|turn|39
|inactive|CroCoeur has 120 seconds left.
|
|move|p2a: Gliscor|Swords Dance|p2a: Gliscor
|-boost|p2a: Gliscor|atk|2
|move|p1a: Vaporeon|Scald|p2a: Gliscor
|-supereffective|p2a: Gliscor
|-damage|p2a: Gliscor|0 fnt
|faint|p2a: Gliscor
|
|-weather|RainDance|[upkeep]
|upkeep
|-message|joker992 forfeited.
|
|win|CroCoeur
|l|☆joker992
|raw|CroCoeur's rating: 1444 &rarr; <strong>1465</strong><br />(+21 for winning)
|raw|joker992's rating: 1459 &rarr; <strong>1438</strong><br />(-21 for losing)
