|j|☆off with his head
|j|☆Accelerock Ttar
|t:|1742977539
|gametype|singles
|player|p1|off with his head|erika|1304
|player|p2|Accelerock Ttar|blackbelt-gen4dp|1502
|teamsize|p1|6
|teamsize|p2|6
|gen|5
|tier|[Gen 5] OU
|rated|
|rule|Species Clause: Limit one of each Pokémon
|rule|OHKO Clause: OHKO moves are banned
|rule|Moody Clause: Moody is banned
|rule|Evasion Items Clause: Evasion items are banned
|rule|Evasion Moves Clause: Evasion moves are banned
|rule|Endless Battle Clause: Forcing endless battles is banned
|rule|HP Percentage Mod: HP is shown in percentages
|rule|Evasion Abilities Clause: Evasion abilities are banned
|rule|Sleep Moves Clause: Sleep-inducing moves are banned
|rule|Swagger Clause: Swagger is banned
|rule|Baton Pass Stat Clause: No Baton Passer may have a way to boost its stats
|clearpoke
|poke|p1|Tyranitar, F|item
|poke|p1|Gliscor, M|item
|poke|p1|Volcarona, M|item
|poke|p1|Celebi|item
|poke|p1|Excadrill, F|item
|poke|p1|Starmie|item
|poke|p2|Ferrothorn, M|item
|poke|p2|Politoed, M|item
|poke|p2|Tentacruel, F|item
|poke|p2|Keldeo|item
|poke|p2|Thundurus-Therian, M|item
|poke|p2|Weavile, M|item
|teampreview
|
|t:|1742977556
|start
|switch|p1a: Gliscor|Gliscor, M, shiny|100/100
|switch|p2a: Politoed|Politoed, M|100/100
|-weather|RainDance|[from] ability: Drizzle|[of] p2a: Politoed
|turn|1
|c|☆Accelerock Ttar|hf
|inactive|Battle timer is ON: inactive players will automatically lose when time's up. (requested by Accelerock Ttar)
|
|t:|1742977572
|move|p1a: Gliscor|Stealth Rock|p2a: Politoed
|-sidestart|p2: Accelerock Ttar|move: Stealth Rock
|move|p2a: Politoed|Scald|p1a: Gliscor
|-supereffective|p1a: Gliscor
|-damage|p1a: Gliscor|4/100
|
|-weather|RainDance|[upkeep]
|-status|p1a: Gliscor|tox|[from] item: Toxic Orb
|upkeep
|turn|2
|
|t:|1742977589
|move|p1a: Gliscor|Toxic|p2a: Politoed
|-status|p2a: Politoed|tox
|move|p2a: Politoed|Scald|p1a: Gliscor
|-supereffective|p1a: Gliscor
|-damage|p1a: Gliscor|0 fnt
|faint|p1a: Gliscor
|
|-weather|RainDance|[upkeep]
|-damage|p2a: Politoed|94/100 tox|[from] psn
|upkeep
|
|t:|1742977600
|switch|p1a: Celebi|Celebi|100/100
|turn|3
|
|t:|1742977616
|switch|p1a: Volcarona|Volcarona, M, shiny|100/100
|switch|p2a: Ferrothorn|Ferrothorn, M|100/100
|-damage|p2a: Ferrothorn|94/100|[from] Stealth Rock
|
|-weather|RainDance|[upkeep]
|upkeep
|turn|4
|
|t:|1742977633
|switch|p2a: Keldeo|Keldeo|100/100
|-damage|p2a: Keldeo|94/100|[from] Stealth Rock
|move|p1a: Volcarona|Psychic|p2a: Keldeo
|-supereffective|p2a: Keldeo
|-damage|p2a: Keldeo|0 fnt
|faint|p2a: Keldeo
|
|-weather|RainDance|[upkeep]
|upkeep
|inactive|Accelerock Ttar has 120 seconds left.
|
|t:|1742977649
|switch|p2a: Tentacruel|Tentacruel, F|100/100
|-damage|p2a: Tentacruel|88/100|[from] Stealth Rock
|turn|5
|inactive|Accelerock Ttar has 120 seconds left.
|
|t:|1742977665
|move|p1a: Volcarona|Psychic|p2a: Tentacruel
|-supereffective|p2a: Tentacruel
|-damage|p2a: Tentacruel|13/100
|move|p2a: Tentacruel|Scald|p1a: Volcarona
|-supereffective|p1a: Volcarona
|-damage|p1a: Volcarona|27/100
|
|-weather|RainDance|[upkeep]
|-heal|p2a: Tentacruel|19/100|[from] ability: Rain Dish
|-heal|p2a: Tentacruel|25/100|[from] item: Black Sludge
|upkeep
|turn|6
|inactive|Accelerock Ttar has 120 seconds left.
|
|t:|1742977682
|move|p1a: Volcarona|Psychic|p2a: Tentacruel
|-supereffective|p2a: Tentacruel
|-damage|p2a: Tentacruel|0 fnt
|faint|p2a: Tentacruel
|
|-weather|RainDance|[upkeep]
|upkeep
|
|t:|1742977699
|switch|p2a: Thundurus|Thundurus-Therian, M|100/100
|-damage|p2a: Thundurus|76/100|[from] Stealth Rock
|turn|7
|
|t:|1742977715
|move|p1a: Volcarona|Psychic|p2a: Thundurus
|-damage|p2a: Thundurus|18/100
|move|p2a: Thundurus|Thunder|p1a: Volcarona
|-damage|p1a: Volcarona|0 fnt
|faint|p1a: Volcarona
|
|-weather|RainDance|[upkeep]
|-heal|p2a: Thundurus|24/100|[from] item: Leftovers
|upkeep
|
|t:|1742977719
|switch|p1a: Tyranitar|Tyranitar, F|100/100
|-weather|Sandstorm|[from] ability: Sand Stream|[of] p1a: Tyranitar
|turn|8
|
|t:|1742977736
|move|p1a: Tyranitar|Stone Edge|p2a: Thundurus
|-supereffective|p2a: Thundurus
|-damage|p2a: Thundurus|0 fnt
|faint|p2a: Thundurus
|
|-weather|Sandstorm|[upkeep]
|upkeep
|inactive|Accelerock Ttar has 90 seconds left.
|
|t:|1742977753
|switch|p2a: Ferrothorn|Ferrothorn, M|94/100
|-damage|p2a: Ferrothorn|88/100|[from] Stealth Rock
|turn|9
|inactive|Accelerock Ttar has 90 seconds left.
|
|t:|1742977770
|switch|p1a: Starmie|Starmie, shiny|100/100
|move|p2a: Ferrothorn|Power Whip|p1a: Starmie
|-supereffective|p1a: Starmie
|-damage|p1a: Starmie|0 fnt
|faint|p1a: Starmie
|
|-weather|Sandstorm|[upkeep]
|upkeep
|
|t:|1742977777
|switch|p1a: Celebi|Celebi|100/100
|turn|10
|inactive|Accelerock Ttar has 90 seconds left.
|
|t:|1742977794
|move|p1a: Celebi|Hidden Power|p2a: Ferrothorn
|-supereffective|p2a: Ferrothorn
|-damage|p2a: Ferrothorn|17/100
|-enditem|p2a: Ferrothorn|Eject Button
|-damage|p1a: Celebi|91/100|[from] item: Life Orb
|
|t:|1742977810
|switch|p2a: Politoed|Politoed, M|94/100 tox
|-damage|p2a: Politoed|82/100 tox|[from] Stealth Rock
|-weather|RainDance|[from] ability: Drizzle|[of] p2a: Politoed
|
|-weather|RainDance|[upkeep]
|-heal|p2a: Politoed|88/100 tox|[from] item: Leftovers
|-damage|p2a: Politoed|82/100 tox|[from] psn
|upkeep
|turn|11
|
|t:|1742977826
|move|p2a: Politoed|Protect|p2a: Politoed
|-singleturn|p2a: Politoed|Protect
|move|p1a: Celebi|Nasty Plot|p1a: Celebi
|-boost|p1a: Celebi|spa|2
|
|-weather|RainDance|[upkeep]
|-heal|p2a: Politoed|88/100 tox|[from] item: Leftovers
|-damage|p2a: Politoed|75/100 tox|[from] psn
|upkeep
|turn|12
|inactive|Accelerock Ttar has 60 seconds left.
|
|t:|1742977842
|move|p2a: Politoed|Protect|p2a: Politoed
|-singleturn|p2a: Politoed|Protect
|move|p1a: Celebi|Giga Drain|p2a: Politoed
|-activate|p2a: Politoed|move: Protect
|
|-weather|RainDance|[upkeep]
|-heal|p2a: Politoed|82/100 tox|[from] item: Leftovers
|-damage|p2a: Politoed|63/100 tox|[from] psn
|upkeep
|turn|13
|
|t:|1742977850
|move|p2a: Politoed|Protect||[still]
|-fail|p2a: Politoed
|move|p1a: Celebi|Giga Drain|p2a: Politoed
|-supereffective|p2a: Politoed
|-damage|p2a: Politoed|0 fnt
|-heal|p1a: Celebi|100/100|[from] drain|[of] p2a: Politoed
|faint|p2a: Politoed
|-damage|p1a: Celebi|91/100|[from] item: Life Orb
|
|-weather|RainDance|[upkeep]
|upkeep
|
|t:|1742977856
|switch|p2a: Weavile|Weavile, M|100/100
|-damage|p2a: Weavile|76/100|[from] Stealth Rock
|-ability|p2a: Weavile|Pressure
|turn|14
|
|t:|1742977862
|move|p2a: Weavile|Ice Shard|p1a: Celebi
|-supereffective|p1a: Celebi
|-damage|p1a: Celebi|34/100
|move|p1a: Celebi|Giga Drain|p2a: Weavile
|-damage|p2a: Weavile|0 fnt
|-heal|p1a: Celebi|65/100|[from] drain|[of] p2a: Weavile
|faint|p2a: Weavile
|-damage|p1a: Celebi|55/100|[from] item: Life Orb
|
|-weather|RainDance|[upkeep]
|upkeep
|
|t:|1742977865
|switch|p2a: Ferrothorn|Ferrothorn, M|17/100
|-damage|p2a: Ferrothorn|11/100|[from] Stealth Rock
|turn|15
|
|t:|1742977867
|move|p1a: Celebi|Giga Drain|p2a: Ferrothorn
|-resisted|p2a: Ferrothorn
|-damage|p2a: Ferrothorn|0 fnt
|-heal|p1a: Celebi|61/100|[from] drain|[of] p2a: Ferrothorn
|faint|p2a: Ferrothorn
|-damage|p1a: Celebi|51/100|[from] item: Life Orb
|
|win|off with his head
|raw|off with his head's rating: 1304 &rarr; <strong>1334</strong><br />(+30 for winning)
|raw|Accelerock Ttar's rating: 1502 &rarr; <strong>1472</strong><br />(-30 for losing)
|c|☆Accelerock Ttar|gg
|l|☆Accelerock Ttar
|player|p2|
