|j|☆Manyo Maash
|j|☆basco
|player|p1|Manyo Maash|glacia-gen3
|player|p2|basco|265
|teamsize|p1|6
|teamsize|p2|6
|gametype|singles
|gen|5
|tier|[Gen 5] OU
|rated|
|rule|Sleep Clause Mod: Limit one foe put to sleep
|rule|Species Clause: Limit one of each Pokémon
|rule|OHKO Clause: OHKO moves are banned
|rule|Moody Clause: Moody is banned
|rule|Evasion Moves Clause: Evasion moves are banned
|rule|Endless Battle Clause: Forcing endless battles is banned
|rule|HP Percentage Mod: HP is shown in percentages
|rule|Evasion Abilities Clause: Evasion abilities are banned
|rule|Baton Pass Clause: Limit one Baton Passer, can't pass Spe and other stats simultaneously
|rule|Swagger Clause: Swagger is banned
|clearpoke
|poke|p1|Tyranitar, M|item
|poke|p1|Rotom-Wash|item
|poke|p1|Heatran, F|item
|poke|p1|Garchomp, F|item
|poke|p1|Amoonguss, M|item
|poke|p1|Landorus-Therian, M|item
|poke|p2|Tyranitar, M|item
|poke|p2|Magnezone|item
|poke|p2|Terrakion|item
|poke|p2|Latios, M|item
|poke|p2|Scizor, M|item
|poke|p2|Landorus-Therian, M|item
|teampreview
|
|start
|switch|p1a: Garchomp|Garchomp, F|100/100
|switch|p2a: Bron Bron|Landorus-Therian, M|100/100
|-ability|p2a: Bron Bron|Intimidate|boost
|-unboost|p1a: Garchomp|atk|1
|turn|1
|
|move|p1a: Garchomp|Fire Blast|p2a: Bron Bron
|-damage|p2a: Bron Bron|52/100
|-damage|p1a: Garchomp|91/100|[from] item: Life Orb
|move|p2a: Bron Bron|Hidden Power|p1a: Garchomp
|-supereffective|p1a: Garchomp
|-damage|p1a: Garchomp|0 fnt
|faint|p1a: Garchomp
|
|upkeep
|
|switch|p1a: Landorus|Landorus-Therian, M|100/100
|-ability|p1a: Landorus|Intimidate|boost
|-unboost|p2a: Bron Bron|atk|1
|turn|2
|
|switch|p2a: Miller|Scizor, M, shiny|100/100
|move|p1a: Landorus|Hidden Power|p2a: Miller
|-resisted|p2a: Miller
|-damage|p2a: Miller|90/100
|
|upkeep
|turn|3
|
|switch|p1a: Heatran|Heatran, F|100/100
|move|p2a: Miller|U-turn|p1a: Heatran
|-resisted|p1a: Heatran
|-damage|p1a: Heatran|84/100
|
|switch|p2a: Bosh|Latios, M, shiny|100/100
|
|-heal|p1a: Heatran|91/100|[from] item: Leftovers
|upkeep
|turn|4
|
|switch|p1a: Tyranitar|Tyranitar, M|100/100
|-weather|Sandstorm|[from] ability: Sand Stream|[of] p1a: Tyranitar
|move|p2a: Bosh|Surf|p1a: Tyranitar
|-supereffective|p1a: Tyranitar
|-damage|p1a: Tyranitar|67/100
|
|-weather|Sandstorm|[upkeep]
|-damage|p2a: Bosh|95/100|[from] Sandstorm
|upkeep
|turn|5
|
|switch|p2a: Bron Bron|Landorus-Therian, M|52/100
|-ability|p2a: Bron Bron|Intimidate|boost
|-unboost|p1a: Tyranitar|atk|1
|move|p1a: Tyranitar|Crunch|p2a: Bron Bron
|-damage|p2a: Bron Bron|26/100
|
|-weather|Sandstorm|[upkeep]
|upkeep
|turn|6
|
|move|p2a: Bron Bron|U-turn|p1a: Tyranitar
|-supereffective|p1a: Tyranitar
|-crit|p1a: Tyranitar
|-damage|p1a: Tyranitar|0 fnt
|faint|p1a: Tyranitar
|
|switch|p2a: Pat Riely|Tyranitar, M|100/100
|
|-weather|Sandstorm|[upkeep]
|upkeep
|
|switch|p1a: Rotom|Rotom-Wash|100/100
|turn|7
|
|move|p1a: Rotom|Will-O-Wisp|p2a: Pat Riely
|-status|p2a: Pat Riely|brn
|move|p2a: Pat Riely|Stealth Rock|p1a: Rotom
|-sidestart|p1: Manyo Maash|move: Stealth Rock
|
|-weather|Sandstorm|[upkeep]
|-damage|p1a: Rotom|95/100|[from] Sandstorm
|-heal|p1a: Rotom|100/100|[from] item: Leftovers
|-damage|p2a: Pat Riely|88/100 brn|[from] brn
|upkeep
|turn|8
|
|switch|p2a: Bosh|Latios, M, shiny|95/100
|move|p1a: Rotom|Hydro Pump|p2a: Bosh
|-resisted|p2a: Bosh
|-damage|p2a: Bosh|73/100
|
|-weather|Sandstorm|[upkeep]
|-damage|p2a: Bosh|67/100|[from] Sandstorm
|-damage|p1a: Rotom|95/100|[from] Sandstorm
|-heal|p1a: Rotom|100/100|[from] item: Leftovers
|upkeep
|turn|9
|
|switch|p1a: Heatran|Heatran, F|91/100
|-damage|p1a: Heatran|78/100|[from] Stealth Rock
|move|p2a: Bosh|Energy Ball|p1a: Heatran
|-resisted|p1a: Heatran
|-damage|p1a: Heatran|73/100
|
|-weather|Sandstorm|[upkeep]
|-damage|p2a: Bosh|61/100|[from] Sandstorm
|-heal|p1a: Heatran|79/100|[from] item: Leftovers
|upkeep
|turn|10
|
|move|p2a: Bosh|Surf|p1a: Heatran
|-supereffective|p1a: Heatran
|-damage|p1a: Heatran|7/100
|move|p1a: Heatran|Magma Storm|p2a: Bosh
|-resisted|p2a: Bosh
|-damage|p2a: Bosh|28/100
|-activate|p2a: Bosh|move: Magma Storm|[of] p1a: Heatran
|
|-weather|Sandstorm|[upkeep]
|-damage|p2a: Bosh|22/100|[from] Sandstorm
|-heal|p1a: Heatran|13/100|[from] item: Leftovers
|-damage|p2a: Bosh|16/100|[from] move: Magma Storm|[partiallytrapped]
|upkeep
|turn|11
|
|move|p1a: Heatran|Protect|p1a: Heatran
|-singleturn|p1a: Heatran|Protect
|move|p2a: Bosh|Psyshock|p1a: Heatran
|-activate|p1a: Heatran|move: Protect
|
|-weather|Sandstorm|[upkeep]
|-damage|p2a: Bosh|10/100|[from] Sandstorm
|-heal|p1a: Heatran|19/100|[from] item: Leftovers
|-damage|p2a: Bosh|4/100|[from] move: Magma Storm|[partiallytrapped]
|upkeep
|turn|12
|
|move|p1a: Heatran|Protect||[still]
|-fail|p1a: Heatran
|move|p2a: Bosh|Psyshock|p1a: Heatran
|-resisted|p1a: Heatran
|-damage|p1a: Heatran|0 fnt
|faint|p1a: Heatran
|
|-weather|Sandstorm|[upkeep]
|-damage|p2a: Bosh|0 fnt|[from] Sandstorm
|faint|p2a: Bosh
|upkeep
|
|switch|p2a: Pat Riely|Tyranitar, M|88/100 brn
|switch|p1a: Rotom|Rotom-Wash|100/100
|-damage|p1a: Rotom|88/100|[from] Stealth Rock
|turn|13
|
|switch|p2a: Ray Allen|Magnezone|100/100
|move|p1a: Rotom|Hydro Pump|p2a: Ray Allen
|-damage|p2a: Ray Allen|40/100
|
|-weather|Sandstorm|[upkeep]
|-damage|p1a: Rotom|82/100|[from] Sandstorm
|-heal|p2a: Ray Allen|46/100|[from] item: Leftovers
|-heal|p1a: Rotom|88/100|[from] item: Leftovers
|upkeep
|turn|14
|
|switch|p1a: Amoonguss|Amoonguss, M|100/100
|-damage|p1a: Amoonguss|88/100|[from] Stealth Rock
|move|p2a: Ray Allen|Charge Beam|p1a: Amoonguss
|-resisted|p1a: Amoonguss
|-damage|p1a: Amoonguss|79/100
|-boost|p2a: Ray Allen|spa|1
|
|-weather|Sandstorm|[upkeep]
|-damage|p1a: Amoonguss|73/100|[from] Sandstorm
|-heal|p2a: Ray Allen|52/100|[from] item: Leftovers
|-heal|p1a: Amoonguss|79/100|[from] item: Black Sludge
|upkeep
|turn|15
|
|switch|p1a: Landorus|Landorus-Therian, M|100/100
|-damage|p1a: Landorus|88/100|[from] Stealth Rock
|-ability|p1a: Landorus|Intimidate|boost
|-unboost|p2a: Ray Allen|atk|1
|move|p2a: Ray Allen|Substitute|p2a: Ray Allen
|-start|p2a: Ray Allen|Substitute
|-damage|p2a: Ray Allen|27/100
|
|-weather|Sandstorm|[upkeep]
|-heal|p2a: Ray Allen|33/100|[from] item: Leftovers
|upkeep
|turn|16
|
|move|p1a: Landorus|Earthquake|p2a: Ray Allen
|-supereffective|p2a: Ray Allen
|-end|p2a: Ray Allen|Substitute
|move|p2a: Ray Allen|Flash Cannon|p1a: Landorus
|-damage|p1a: Landorus|0 fnt
|faint|p1a: Landorus
|
|-weather|Sandstorm|[upkeep]
|-heal|p2a: Ray Allen|39/100|[from] item: Leftovers
|upkeep
|
|switch|p1a: Rotom|Rotom-Wash|88/100
|-damage|p1a: Rotom|76/100|[from] Stealth Rock
|turn|17
|
|move|p2a: Ray Allen|Charge Beam|p1a: Rotom
|-damage|p1a: Rotom|45/100
|move|p1a: Rotom|Hydro Pump|p2a: Ray Allen
|-damage|p2a: Ray Allen|0 fnt
|faint|p2a: Ray Allen
|
|-weather|Sandstorm|[upkeep]
|-damage|p1a: Rotom|39/100|[from] Sandstorm
|-heal|p1a: Rotom|45/100|[from] item: Leftovers
|upkeep
|
|switch|p2a: D.Wade|Terrakion|100/100
|turn|18
|
|move|p2a: D.Wade|Close Combat|p1a: Rotom
|-crit|p1a: Rotom
|-damage|p1a: Rotom|0 fnt
|-unboost|p2a: D.Wade|def|1
|-unboost|p2a: D.Wade|spd|1
|faint|p1a: Rotom
|
|-weather|Sandstorm|[upkeep]
|upkeep
|-message|Manyo Maash forfeited.
|
|win|basco
|l|☆Manyo Maash
|raw|Manyo Maash's rating: 1420 &rarr; <strong>1399</strong><br />(-21 for losing)
|raw|basco's rating: 1393 &rarr; <strong>1415</strong><br />(+22 for winning)
