|j|☆Biggust Rammis
|j|☆zf
|t:|1735607122
|gametype|singles
|player|p1|Biggust Rammis|red|1350
|player|p2|zf|backpacker|1426
|teamsize|p1|6
|teamsize|p2|6
|gen|5
|tier|[Gen 5] OU
|rated|
|rule|Species Clause: Limit one of each Pokémon
|rule|OHKO Clause: OHKO moves are banned
|rule|Moody Clause: Moody is banned
|rule|Evasion Items Clause: Evasion items are banned
|rule|Evasion Moves Clause: Evasion moves are banned
|rule|Endless Battle Clause: Forcing endless battles is banned
|rule|HP Percentage Mod: HP is shown in percentages
|rule|Evasion Abilities Clause: Evasion abilities are banned
|rule|Sleep Moves Clause: Sleep-inducing moves are banned
|rule|Swagger Clause: Swagger is banned
|rule|Baton Pass Stat Clause: No Baton Passer may have a way to boost its stats
|clearpoke
|poke|p1|Hippowdon, F|item
|poke|p1|Latios, M|item
|poke|p1|Excadrill, M|item
|poke|p1|Ferrothorn, M|item
|poke|p1|Reuniclus, F|item
|poke|p1|Magnezone|item
|poke|p2|Empoleon, F|item
|poke|p2|Scizor, M|item
|poke|p2|Politoed, F|item
|poke|p2|Starmie|item
|poke|p2|Thundurus-Therian, M|item
|poke|p2|Garchomp, M|item
|teampreview
|inactive|Battle timer is ON: inactive players will automatically lose when time's up. (requested by Biggust Rammis)
|
|t:|1735607133
|start
|switch|p1a: Hippowdon|Hippowdon, F|100/100
|switch|p2a: Thundurus|Thundurus-Therian, M|100/100
|-weather|Sandstorm|[from] ability: Sand Stream|[of] p1a: Hippowdon
|turn|1
|
|t:|1735607137
|move|p2a: Thundurus|Taunt|p1a: Hippowdon
|-start|p1a: Hippowdon|move: Taunt
|cant|p1a: Hippowdon|move: Taunt|Stealth Rock
|
|-weather|Sandstorm|[upkeep]
|-damage|p2a: Thundurus|94/100|[from] Sandstorm
|upkeep
|turn|2
|
|t:|1735607142
|switch|p1a: Ferrothorn|Ferrothorn, M|100/100
|move|p2a: Thundurus|Hidden Power|p1a: Ferrothorn
|-damage|p1a: Ferrothorn|87/100
|
|-weather|Sandstorm|[upkeep]
|-damage|p2a: Thundurus|88/100|[from] Sandstorm
|-heal|p1a: Ferrothorn|93/100|[from] item: Leftovers
|upkeep
|turn|3
|
|t:|1735607145
|move|p1a: Ferrothorn|Protect|p1a: Ferrothorn
|-singleturn|p1a: Ferrothorn|Protect
|move|p2a: Thundurus|Taunt|p1a: Ferrothorn
|-activate|p1a: Ferrothorn|move: Protect
|
|-weather|Sandstorm|[upkeep]
|-damage|p2a: Thundurus|82/100|[from] Sandstorm
|-heal|p1a: Ferrothorn|99/100|[from] item: Leftovers
|upkeep
|turn|4
|
|t:|1735607155
|switch|p1a: Excadrill|Excadrill, M|100/100
|move|p2a: Thundurus|Taunt|p1a: Excadrill
|-start|p1a: Excadrill|move: Taunt
|
|-weather|Sandstorm|[upkeep]
|-damage|p2a: Thundurus|76/100|[from] Sandstorm
|upkeep
|turn|5
|
|t:|1735607166
|move|p1a: Excadrill|Rock Slide|p2a: Thundurus
|-supereffective|p2a: Thundurus
|-damage|p2a: Thundurus|0 fnt
|faint|p2a: Thundurus
|
|-weather|Sandstorm|[upkeep]
|upkeep
|
|t:|1735607170
|switch|p2a: Garchomp|Garchomp, M|100/100
|turn|6
|
|t:|1735607178
|switch|p1a: Hippowdon|Hippowdon, F|100/100
|move|p2a: Garchomp|Stealth Rock|p1a: Hippowdon
|-sidestart|p1: Biggust Rammis|move: Stealth Rock
|
|-weather|Sandstorm|[upkeep]
|upkeep
|turn|7
|
|t:|1735607183
|switch|p2a: Starmie|Starmie|100/100
|-item|p2a: Starmie|Air Balloon
|move|p1a: Hippowdon|Stealth Rock|p2a: Starmie
|-sidestart|p2: zf|move: Stealth Rock
|
|-weather|Sandstorm|[upkeep]
|-damage|p2a: Starmie|94/100|[from] Sandstorm
|upkeep
|turn|8
|
|t:|1735607191
|move|p2a: Starmie|Rapid Spin|p1a: Hippowdon
|-damage|p1a: Hippowdon|98/100
|-sideend|p2: zf|Stealth Rock|[from] move: Rapid Spin|[of] p2a: Starmie
|move|p1a: Hippowdon|Whirlwind|p2a: Starmie
|drag|p2a: Empoleon|Empoleon, F|100/100
|
|-weather|Sandstorm|[upkeep]
|-heal|p1a: Hippowdon|100/100|[from] item: Leftovers
|upkeep
|turn|9
|
|t:|1735607206
|switch|p1a: Ferrothorn|Ferrothorn, M|99/100
|-damage|p1a: Ferrothorn|93/100|[from] Stealth Rock
|move|p2a: Empoleon|Surf|p1a: Ferrothorn
|-resisted|p1a: Ferrothorn
|-damage|p1a: Ferrothorn|77/100
|
|-weather|Sandstorm|[upkeep]
|-heal|p1a: Ferrothorn|83/100|[from] item: Leftovers
|upkeep
|turn|10
|
|t:|1735607213
|switch|p2a: Garchomp|Garchomp, M|100/100
|move|p1a: Ferrothorn|Leech Seed|p2a: Garchomp
|-start|p2a: Garchomp|move: Leech Seed
|
|-weather|Sandstorm|[upkeep]
|-heal|p1a: Ferrothorn|89/100|[from] item: Leftovers
|-damage|p2a: Garchomp|88/100|[from] Leech Seed|[of] p1a: Ferrothorn
|-heal|p1a: Ferrothorn|100/100|[silent]
|upkeep
|turn|11
|
|t:|1735607220
|move|p1a: Ferrothorn|Protect|p1a: Ferrothorn
|-singleturn|p1a: Ferrothorn|Protect
|move|p2a: Garchomp|Swords Dance|p2a: Garchomp
|-boost|p2a: Garchomp|atk|2
|
|-weather|Sandstorm|[upkeep]
|-damage|p2a: Garchomp|76/100|[from] Leech Seed|[of] p1a: Ferrothorn
|upkeep
|turn|12
|
|t:|1735607223
|move|p2a: Garchomp|Earthquake|p1a: Ferrothorn
|-damage|p1a: Ferrothorn|39/100
|move|p1a: Ferrothorn|Spikes|p2a: Garchomp
|-sidestart|p2: zf|Spikes
|
|-weather|Sandstorm|[upkeep]
|-heal|p1a: Ferrothorn|45/100|[from] item: Leftovers
|-damage|p2a: Garchomp|63/100|[from] Leech Seed|[of] p1a: Ferrothorn
|-heal|p1a: Ferrothorn|59/100|[silent]
|upkeep
|turn|13
|
|t:|1735607231
|switch|p2a: Scizor|Scizor, M|100/100
|-damage|p2a: Scizor|88/100|[from] Spikes
|move|p1a: Ferrothorn|Protect||[still]
|-fail|p1a: Ferrothorn
|
|-weather|Sandstorm|[upkeep]
|-heal|p1a: Ferrothorn|65/100|[from] item: Leftovers
|upkeep
|turn|14
|
|t:|1735607243
|move|p2a: Scizor|Superpower|p1a: Ferrothorn
|-supereffective|p1a: Ferrothorn
|-damage|p1a: Ferrothorn|0 fnt
|-unboost|p2a: Scizor|atk|1
|-unboost|p2a: Scizor|def|1
|-damage|p2a: Scizor|76/100|[from] ability: Iron Barbs|[of] p1a: Ferrothorn
|faint|p1a: Ferrothorn
|
|-weather|Sandstorm|[upkeep]
|upkeep
|
|t:|1735607260
|switch|p1a: Hippowdon|Hippowdon, F|100/100
|-damage|p1a: Hippowdon|94/100|[from] Stealth Rock
|turn|15
|
|t:|1735607265
|switch|p2a: Starmie|Starmie|94/100
|-item|p2a: Starmie|Air Balloon
|move|p1a: Hippowdon|Whirlwind|p2a: Starmie
|drag|p2a: Politoed|Politoed, F|100/100
|-damage|p2a: Politoed|88/100|[from] Spikes
|-weather|RainDance|[from] ability: Drizzle|[of] p2a: Politoed
|
|-weather|RainDance|[upkeep]
|-heal|p1a: Hippowdon|100/100|[from] item: Leftovers
|upkeep
|turn|16
|
|t:|1735607274
|switch|p1a: Reuniclus|Reuniclus, F|100/100
|move|p2a: Politoed|Scald|p1a: Reuniclus
|-damage|p1a: Reuniclus|68/100
|
|-weather|RainDance|[upkeep]
|-heal|p1a: Reuniclus|74/100|[from] item: Leftovers
|upkeep
|turn|17
|
|t:|1735607281
|move|p2a: Politoed|Scald|p1a: Reuniclus
|-damage|p1a: Reuniclus|41/100
|-status|p1a: Reuniclus|brn
|move|p1a: Reuniclus|Calm Mind|p1a: Reuniclus
|-boost|p1a: Reuniclus|spa|1
|-boost|p1a: Reuniclus|spd|1
|
|-weather|RainDance|[upkeep]
|-heal|p1a: Reuniclus|47/100 brn|[from] item: Leftovers
|upkeep
|turn|18
|
|t:|1735607285
|move|p2a: Politoed|Encore|p1a: Reuniclus
|-start|p1a: Reuniclus|Encore
|move|p1a: Reuniclus|Calm Mind|p1a: Reuniclus
|-boost|p1a: Reuniclus|spa|1
|-boost|p1a: Reuniclus|spd|1
|
|-weather|RainDance|[upkeep]
|-heal|p1a: Reuniclus|54/100 brn|[from] item: Leftovers
|upkeep
|turn|19
|
|t:|1735607296
|switch|p2a: Scizor|Scizor, M|76/100
|-damage|p2a: Scizor|63/100|[from] Spikes
|switch|p1a: Latios|Latios, M|100/100
|-damage|p1a: Latios|88/100|[from] Stealth Rock
|
|-weather|RainDance|[upkeep]
|upkeep
|turn|20
|
|t:|1735607310
|move|p2a: Scizor|U-turn|p1a: Latios
|-supereffective|p1a: Latios
|-damage|p1a: Latios|0 fnt
|faint|p1a: Latios
|
|t:|1735607334
|switch|p2a: Starmie|Starmie|94/100|[from] U-turn
|-item|p2a: Starmie|Air Balloon
|
|-weather|RainDance|[upkeep]
|upkeep
|
|t:|1735607337
|switch|p1a: Magnezone|Magnezone|100/100
|-damage|p1a: Magnezone|94/100|[from] Stealth Rock
|-item|p1a: Magnezone|Air Balloon
|turn|21
|
|t:|1735607350
|move|p2a: Starmie|Hydro Pump|p1a: Magnezone
|-damage|p1a: Magnezone|0 fnt
|-enditem|p1a: Magnezone|Air Balloon
|faint|p1a: Magnezone
|
|-weather|RainDance|[upkeep]
|upkeep
|
|t:|1735607356
|switch|p1a: Reuniclus|Reuniclus, F|54/100 brn
|turn|22
|
|t:|1735607368
|move|p2a: Starmie|Hydro Pump|p1a: Reuniclus
|-damage|p1a: Reuniclus|0 fnt
|faint|p1a: Reuniclus
|
|-weather|RainDance|[upkeep]
|upkeep
|-message|Biggust Rammis forfeited.
|
|win|zf
|raw|Biggust Rammis's rating: 1350 &rarr; <strong>1334</strong><br />(-16 for losing)
|raw|zf's rating: 1426 &rarr; <strong>1442</strong><br />(+16 for winning)
|l|☆Biggust Rammis
|player|p1|
