|j|☆spliffdiff
|j|☆Xalvadore
|t:|1743005040
|gametype|singles
|player|p1|spliffdiff|unknown|1346
|player|p2|Xalvadore|101|1278
|teamsize|p1|6
|teamsize|p2|6
|gen|5
|tier|[Gen 5] OU
|rated|
|rule|Species Clause: Limit one of each Pokémon
|rule|OHKO Clause: OHKO moves are banned
|rule|Moody Clause: Moody is banned
|rule|Evasion Items Clause: Evasion items are banned
|rule|Evasion Moves Clause: Evasion moves are banned
|rule|Endless Battle Clause: Forcing endless battles is banned
|rule|HP Percentage Mod: HP is shown in percentages
|rule|Evasion Abilities Clause: Evasion abilities are banned
|rule|Sleep Moves Clause: Sleep-inducing moves are banned
|rule|Swagger Clause: Swagger is banned
|rule|Baton Pass Stat Clause: No Baton Passer may have a way to boost its stats
|clearpoke
|poke|p1|Politoed, F|item
|poke|p1|Ferrothorn, M|item
|poke|p1|Celebi|item
|poke|p1|Tornadus, M|item
|poke|p1|Toxicroak, F|item
|poke|p1|Gyarados, M|item
|poke|p2|Hippowdon, M|item
|poke|p2|Excadrill, F|item
|poke|p2|Terrakion|item
|poke|p2|Latias, F|item
|poke|p2|Rotom-Wash|item
|poke|p2|Scizor, F|item
|teampreview
|inactive|Battle timer is ON: inactive players will automatically lose when time's up. (requested by spliffdiff)
|
|t:|1743005048
|start
|switch|p1a: Politoed|Politoed, F|100/100
|switch|p2a: Hippowdon|Hippowdon, M, shiny|100/100
|-weather|RainDance|[from] ability: Drizzle|[of] p1a: Politoed
|-weather|Sandstorm|[from] ability: Sand Stream|[of] p2a: Hippowdon
|turn|1
|
|t:|1743005055
|move|p1a: Politoed|Scald|p2a: Hippowdon
|-supereffective|p2a: Hippowdon
|-damage|p2a: Hippowdon|66/100
|move|p2a: Hippowdon|Stealth Rock|p1a: Politoed
|-sidestart|p1: spliffdiff|move: Stealth Rock
|
|-weather|Sandstorm|[upkeep]
|-damage|p1a: Politoed|94/100|[from] Sandstorm
|-heal|p2a: Hippowdon|72/100|[from] item: Leftovers
|upkeep
|turn|2
|
|t:|1743005064
|switch|p1a: Ferrothorn|Ferrothorn, M|100/100
|-damage|p1a: Ferrothorn|95/100|[from] Stealth Rock
|move|p2a: Hippowdon|Slack Off|p2a: Hippowdon
|-heal|p2a: Hippowdon|100/100
|
|-weather|Sandstorm|[upkeep]
|-heal|p1a: Ferrothorn|100/100|[from] item: Leftovers
|upkeep
|turn|3
|
|t:|1743005073
|switch|p2a: Scizor|Scizor, F, shiny|100/100
|move|p1a: Ferrothorn|Leech Seed|p2a: Scizor|[miss]
|-miss|p1a: Ferrothorn|p2a: Scizor
|
|-weather|Sandstorm|[upkeep]
|upkeep
|turn|4
|
|t:|1743005080
|switch|p1a: Celebi|Celebi|100/100
|-damage|p1a: Celebi|88/100|[from] Stealth Rock
|move|p2a: Scizor|U-turn|p1a: Celebi
|-supereffective|p1a: Celebi
|-damage|p1a: Celebi|0 fnt
|faint|p1a: Celebi
|
|t:|1743005090
|switch|p2a: Terrakion|Terrakion, shiny|100/100|[from] U-turn
|
|-weather|Sandstorm|[upkeep]
|upkeep
|
|t:|1743005101
|switch|p1a: Politoed|Politoed, F|94/100
|-damage|p1a: Politoed|82/100|[from] Stealth Rock
|-weather|RainDance|[from] ability: Drizzle|[of] p1a: Politoed
|turn|5
|
|t:|1743005108
|switch|p2a: Rotom|Rotom-Wash, shiny|100/100
|move|p1a: Politoed|Scald|p2a: Rotom
|-resisted|p2a: Rotom
|-damage|p2a: Rotom|82/100
|
|-weather|RainDance|[upkeep]
|-heal|p2a: Rotom|88/100|[from] item: Leftovers
|upkeep
|turn|6
|
|t:|1743005124
|switch|p1a: Ferrothorn|Ferrothorn, M|100/100
|-damage|p1a: Ferrothorn|95/100|[from] Stealth Rock
|move|p2a: Rotom|Volt Switch|p1a: Ferrothorn
|-resisted|p1a: Ferrothorn
|-damage|p1a: Ferrothorn|85/100
|
|t:|1743005136
|switch|p2a: Excadrill|Excadrill, F, shiny|100/100|[from] Volt Switch
|
|-weather|RainDance|[upkeep]
|-heal|p1a: Ferrothorn|91/100|[from] item: Leftovers
|upkeep
|turn|7
|
|t:|1743005142
|move|p2a: Excadrill|Earthquake|p1a: Ferrothorn
|-damage|p1a: Ferrothorn|49/100
|move|p1a: Ferrothorn|Leech Seed|p2a: Excadrill
|-start|p2a: Excadrill|move: Leech Seed
|
|-weather|RainDance|[upkeep]
|-heal|p1a: Ferrothorn|55/100|[from] item: Leftovers
|-damage|p2a: Excadrill|88/100|[from] Leech Seed|[of] p1a: Ferrothorn
|-heal|p1a: Ferrothorn|69/100|[silent]
|upkeep
|turn|8
|
|t:|1743005148
|switch|p2a: Hippowdon|Hippowdon, M, shiny|100/100
|-weather|Sandstorm|[from] ability: Sand Stream|[of] p2a: Hippowdon
|move|p1a: Ferrothorn|Stealth Rock|p2a: Hippowdon
|-sidestart|p2: Xalvadore|move: Stealth Rock
|
|-weather|Sandstorm|[upkeep]
|-heal|p1a: Ferrothorn|75/100|[from] item: Leftovers
|upkeep
|turn|9
|
|t:|1743005153
|move|p1a: Ferrothorn|Spikes|p2a: Hippowdon
|-sidestart|p2: Xalvadore|Spikes
|move|p2a: Hippowdon|Whirlwind|p1a: Ferrothorn
|drag|p1a: Gyarados|Gyarados, M|100/100
|-damage|p1a: Gyarados|76/100|[from] Stealth Rock
|
|-weather|Sandstorm|[upkeep]
|-damage|p1a: Gyarados|70/100|[from] Sandstorm
|-heal|p1a: Gyarados|76/100|[from] item: Leftovers
|upkeep
|turn|10
|
|t:|1743005165
|move|p1a: Gyarados|Waterfall|p2a: Hippowdon
|-supereffective|p2a: Hippowdon
|-damage|p2a: Hippowdon|50/100
|move|p2a: Hippowdon|Whirlwind|p1a: Gyarados
|drag|p1a: Politoed|Politoed, F|82/100
|-damage|p1a: Politoed|70/100|[from] Stealth Rock
|-weather|RainDance|[from] ability: Drizzle|[of] p1a: Politoed
|
|-weather|RainDance|[upkeep]
|-heal|p2a: Hippowdon|57/100|[from] item: Leftovers
|upkeep
|turn|11
|
|t:|1743005174
|switch|p2a: Rotom|Rotom-Wash, shiny|88/100
|-damage|p2a: Rotom|75/100|[from] Stealth Rock
|move|p1a: Politoed|Scald|p2a: Rotom
|-resisted|p2a: Rotom
|-damage|p2a: Rotom|58/100
|
|-weather|RainDance|[upkeep]
|-heal|p2a: Rotom|64/100|[from] item: Leftovers
|upkeep
|turn|12
|
|t:|1743005181
|switch|p1a: Ferrothorn|Ferrothorn, M|75/100
|-damage|p1a: Ferrothorn|69/100|[from] Stealth Rock
|move|p2a: Rotom|Volt Switch|p1a: Ferrothorn
|-resisted|p1a: Ferrothorn
|-damage|p1a: Ferrothorn|59/100
|
|t:|1743005185
|switch|p2a: Excadrill|Excadrill, F, shiny|88/100|[from] Volt Switch
|-damage|p2a: Excadrill|85/100|[from] Stealth Rock
|-damage|p2a: Excadrill|73/100|[from] Spikes
|
|-weather|RainDance|[upkeep]
|-heal|p2a: Excadrill|79/100|[from] item: Leftovers
|-heal|p1a: Ferrothorn|65/100|[from] item: Leftovers
|upkeep
|turn|13
|
|t:|1743005189
|move|p2a: Excadrill|Rapid Spin|p1a: Ferrothorn
|-resisted|p1a: Ferrothorn
|-damage|p1a: Ferrothorn|62/100
|-damage|p2a: Excadrill|66/100|[from] ability: Iron Barbs|[of] p1a: Ferrothorn
|-sideend|p2: Xalvadore|Spikes|[from] move: Rapid Spin|[of] p2a: Excadrill
|-sideend|p2: Xalvadore|Stealth Rock|[from] move: Rapid Spin|[of] p2a: Excadrill
|move|p1a: Ferrothorn|Leech Seed|p2a: Excadrill
|-start|p2a: Excadrill|move: Leech Seed
|
|-weather|RainDance|[upkeep]
|-heal|p2a: Excadrill|72/100|[from] item: Leftovers
|-heal|p1a: Ferrothorn|68/100|[from] item: Leftovers
|-damage|p2a: Excadrill|60/100|[from] Leech Seed|[of] p1a: Ferrothorn
|-heal|p1a: Ferrothorn|81/100|[silent]
|upkeep
|turn|14
|inactive|Xalvadore has 120 seconds left.
|
|t:|1743005236
|switch|p2a: Hippowdon|Hippowdon, M, shiny|57/100
|-weather|Sandstorm|[from] ability: Sand Stream|[of] p2a: Hippowdon
|move|p1a: Ferrothorn|Stealth Rock|p2a: Hippowdon
|-sidestart|p2: Xalvadore|move: Stealth Rock
|
|-weather|Sandstorm|[upkeep]
|-heal|p2a: Hippowdon|63/100|[from] item: Leftovers
|-heal|p1a: Ferrothorn|87/100|[from] item: Leftovers
|upkeep
|turn|15
|inactive|Xalvadore has 90 seconds left.
|
|t:|1743005267
|move|p2a: Hippowdon|Earthquake|p1a: Ferrothorn
|-damage|p1a: Ferrothorn|59/100
|move|p1a: Ferrothorn|Leech Seed|p2a: Hippowdon
|-start|p2a: Hippowdon|move: Leech Seed
|
|-weather|Sandstorm|[upkeep]
|-heal|p2a: Hippowdon|69/100|[from] item: Leftovers
|-heal|p1a: Ferrothorn|65/100|[from] item: Leftovers
|-damage|p2a: Hippowdon|57/100|[from] Leech Seed|[of] p1a: Ferrothorn
|-heal|p1a: Ferrothorn|80/100|[silent]
|upkeep
|turn|16
|inactive|Xalvadore has 90 seconds left.
|
|t:|1743005279
|switch|p2a: Terrakion|Terrakion, shiny|100/100
|-damage|p2a: Terrakion|94/100|[from] Stealth Rock
|move|p1a: Ferrothorn|Spikes|p2a: Terrakion
|-sidestart|p2: Xalvadore|Spikes
|
|-weather|Sandstorm|[upkeep]
|-heal|p1a: Ferrothorn|86/100|[from] item: Leftovers
|upkeep
|turn|17
|
|t:|1743005293
|switch|p1a: Politoed|Politoed, F|70/100
|-damage|p1a: Politoed|58/100|[from] Stealth Rock
|-weather|RainDance|[from] ability: Drizzle|[of] p1a: Politoed
|move|p2a: Terrakion|Close Combat|p1a: Politoed
|-damage|p1a: Politoed|0 fnt
|-unboost|p2a: Terrakion|def|1
|-unboost|p2a: Terrakion|spd|1
|faint|p1a: Politoed
|
|-weather|RainDance|[upkeep]
|upkeep
|
|t:|1743005316
|switch|p1a: Gyarados|Gyarados, M|76/100
|-damage|p1a: Gyarados|51/100|[from] Stealth Rock
|turn|18
|
|t:|1743005319
|switch|p2a: Rotom|Rotom-Wash, shiny|64/100
|-damage|p2a: Rotom|51/100|[from] Stealth Rock
|move|p1a: Gyarados|Substitute|p1a: Gyarados
|-start|p1a: Gyarados|Substitute
|-damage|p1a: Gyarados|26/100
|
|-weather|RainDance|[upkeep]
|-heal|p1a: Gyarados|32/100|[from] item: Leftovers
|-heal|p2a: Rotom|58/100|[from] item: Leftovers
|upkeep
|turn|19
|
|t:|1743005323
|move|p1a: Gyarados|Dragon Dance|p1a: Gyarados
|-boost|p1a: Gyarados|atk|1
|-boost|p1a: Gyarados|spe|1
|move|p2a: Rotom|Volt Switch|p1a: Gyarados
|-supereffective|p1a: Gyarados
|-end|p1a: Gyarados|Substitute
|
|t:|1743005326
|switch|p2a: Hippowdon|Hippowdon, M, shiny|57/100|[from] Volt Switch
|-damage|p2a: Hippowdon|50/100|[from] Stealth Rock
|-damage|p2a: Hippowdon|38/100|[from] Spikes
|-weather|Sandstorm|[from] ability: Sand Stream|[of] p2a: Hippowdon
|
|-weather|Sandstorm|[upkeep]
|-damage|p1a: Gyarados|26/100|[from] Sandstorm
|-heal|p1a: Gyarados|32/100|[from] item: Leftovers
|-heal|p2a: Hippowdon|44/100|[from] item: Leftovers
|upkeep
|turn|20
|j| Saakib
|
|t:|1743005333
|move|p1a: Gyarados|Waterfall|p2a: Hippowdon
|-supereffective|p2a: Hippowdon
|-damage|p2a: Hippowdon|0 fnt
|faint|p2a: Hippowdon
|-ability|p1a: Gyarados|Moxie|boost
|-boost|p1a: Gyarados|atk|1
|
|-weather|Sandstorm|[upkeep]
|-damage|p1a: Gyarados|26/100|[from] Sandstorm
|-heal|p1a: Gyarados|32/100|[from] item: Leftovers
|upkeep
|
|t:|1743005344
|switch|p2a: Scizor|Scizor, F, shiny|100/100
|-damage|p2a: Scizor|88/100|[from] Stealth Rock
|-damage|p2a: Scizor|76/100|[from] Spikes
|turn|21
|
|t:|1743005350
|move|p2a: Scizor|Bullet Punch|p1a: Gyarados
|-resisted|p1a: Gyarados
|-damage|p1a: Gyarados|13/100
|move|p1a: Gyarados|Bounce||[still]
|-prepare|p1a: Gyarados|Bounce
|
|-weather|Sandstorm|[upkeep]
|-damage|p1a: Gyarados|7/100|[from] Sandstorm
|-heal|p1a: Gyarados|13/100|[from] item: Leftovers
|upkeep
|turn|22
|
|t:|1743005355
|move|p2a: Scizor|Bullet Punch|p1a: Gyarados|[miss]
|-miss|p2a: Scizor|p1a: Gyarados
|move|p1a: Gyarados|Bounce|p2a: Scizor|[from] lockedmove
|-damage|p2a: Scizor|0 fnt
|faint|p2a: Scizor
|-ability|p1a: Gyarados|Moxie|boost
|-boost|p1a: Gyarados|atk|1
|
|-weather|Sandstorm|[upkeep]
|-damage|p1a: Gyarados|7/100|[from] Sandstorm
|-heal|p1a: Gyarados|13/100|[from] item: Leftovers
|upkeep
|
|t:|1743005366
|switch|p2a: Rotom|Rotom-Wash, shiny|58/100
|-damage|p2a: Rotom|45/100|[from] Stealth Rock
|turn|23
|
|t:|1743005371
|move|p1a: Gyarados|Waterfall|p2a: Rotom
|-resisted|p2a: Rotom
|-damage|p2a: Rotom|8/100
|move|p2a: Rotom|Volt Switch|p1a: Gyarados
|-supereffective|p1a: Gyarados
|-damage|p1a: Gyarados|0 fnt
|faint|p1a: Gyarados
|c|☆spliffdiff|Damn bulky
|inactive|Xalvadore has 120 seconds left.
|c|☆Xalvadore|I myself am suprised as well
|inactive|Xalvadore has 90 seconds left.
|c|☆spliffdiff|Lol
|inactive|Xalvadore has 60 seconds left.
|inactive|Xalvadore has 30 seconds left.
|inactive|Xalvadore has 20 seconds left.
|inactive|Xalvadore has 15 seconds left.
|
|t:|1743005508
|switch|p2a: Latias|Latias, F, shiny|100/100|[from] Volt Switch
|-damage|p2a: Latias|88/100|[from] Stealth Rock
|
|-weather|Sandstorm|[upkeep]
|-damage|p2a: Latias|82/100|[from] Sandstorm
|-heal|p2a: Latias|88/100|[from] item: Leftovers
|upkeep
|inactive|Xalvadore has 20 seconds left this turn.
|
|t:|1743005517
|switch|p1a: Ferrothorn|Ferrothorn, M|86/100
|-damage|p1a: Ferrothorn|80/100|[from] Stealth Rock
|turn|24
|inactive|Xalvadore has 30 seconds left this turn.
|
|t:|1743005522
|move|p2a: Latias|Substitute|p2a: Latias
|-start|p2a: Latias|Substitute
|-damage|p2a: Latias|63/100
|move|p1a: Ferrothorn|Leech Seed||[still]
|-fail|p1a: Ferrothorn
|
|-weather|Sandstorm|[upkeep]
|-damage|p2a: Latias|57/100|[from] Sandstorm
|-heal|p2a: Latias|63/100|[from] item: Leftovers
|-heal|p1a: Ferrothorn|86/100|[from] item: Leftovers
|upkeep
|turn|25
|
|t:|1743005533
|move|p2a: Latias|Calm Mind|p2a: Latias
|-boost|p2a: Latias|spa|1
|-boost|p2a: Latias|spd|1
|move|p1a: Ferrothorn|Gyro Ball|p2a: Latias
|-end|p2a: Latias|Substitute
|
|-weather|Sandstorm|[upkeep]
|-damage|p2a: Latias|57/100|[from] Sandstorm
|-heal|p2a: Latias|63/100|[from] item: Leftovers
|-heal|p1a: Ferrothorn|92/100|[from] item: Leftovers
|upkeep
|turn|26
|
|t:|1743005541
|switch|p2a: Rotom|Rotom-Wash, shiny|8/100
|-damage|p2a: Rotom|0 fnt|[from] Stealth Rock
|faint|p2a: Rotom
|move|p1a: Ferrothorn|Gyro Ball|p2: Rotom|[notarget]
|-fail|p1a: Ferrothorn
|
|-weather|Sandstorm|[upkeep]
|-heal|p1a: Ferrothorn|98/100|[from] item: Leftovers
|upkeep
|
|t:|1743005545
|switch|p2a: Terrakion|Terrakion, shiny|94/100
|-damage|p2a: Terrakion|88/100|[from] Stealth Rock
|-damage|p2a: Terrakion|76/100|[from] Spikes
|turn|27
|
|t:|1743005551
|move|p2a: Terrakion|Close Combat|p1a: Ferrothorn
|-supereffective|p1a: Ferrothorn
|-damage|p1a: Ferrothorn|0 fnt
|-unboost|p2a: Terrakion|def|1
|-unboost|p2a: Terrakion|spd|1
|-damage|p2a: Terrakion|63/100|[from] ability: Iron Barbs|[of] p1a: Ferrothorn
|faint|p1a: Ferrothorn
|
|-weather|Sandstorm|[upkeep]
|upkeep
|
|t:|1743005562
|switch|p1a: Tornadus|Tornadus, M|100/100
|-damage|p1a: Tornadus|76/100|[from] Stealth Rock
|turn|28
|
|t:|1743005568
|move|p1a: Tornadus|Rain Dance|p1a: Tornadus
|-weather|RainDance
|move|p2a: Terrakion|Close Combat|p1a: Tornadus
|-resisted|p1a: Tornadus
|-damage|p1a: Tornadus|7/100
|-unboost|p2a: Terrakion|def|1
|-unboost|p2a: Terrakion|spd|1
|-enditem|p1a: Tornadus|Sitrus Berry|[eat]
|-heal|p1a: Tornadus|32/100|[from] item: Sitrus Berry
|
|-weather|RainDance|[upkeep]
|upkeep
|turn|29
|
|t:|1743005578
|move|p1a: Tornadus|Hurricane|p2a: Terrakion
|-damage|p2a: Terrakion|0 fnt
|faint|p2a: Terrakion
|
|-weather|RainDance|[upkeep]
|upkeep
|
|t:|1743005585
|switch|p2a: Latias|Latias, F, shiny|63/100
|-damage|p2a: Latias|51/100|[from] Stealth Rock
|turn|30
|inactive|spliffdiff has 120 seconds left.
|
|t:|1743005616
|move|p1a: Tornadus|U-turn|p2a: Latias
|-supereffective|p2a: Latias
|-damage|p2a: Latias|17/100
|inactive|spliffdiff has 120 seconds left.
|
|t:|1743005631
|switch|p1a: Toxicroak|Toxicroak, F|100/100|[from] U-turn
|-damage|p1a: Toxicroak|94/100|[from] Stealth Rock
|move|p2a: Latias|Dragon Pulse|p1a: Toxicroak
|-damage|p1a: Toxicroak|50/100
|
|-weather|RainDance|[upkeep]
|-heal|p1a: Toxicroak|62/100|[from] ability: Dry Skin
|-heal|p2a: Latias|23/100|[from] item: Leftovers
|-heal|p1a: Toxicroak|68/100|[from] item: Black Sludge
|upkeep
|turn|31
|
|t:|1743005638
|move|p1a: Toxicroak|Sucker Punch||[still]
|-fail|p1a: Toxicroak
|move|p2a: Latias|Roost|p2a: Latias
|-heal|p2a: Latias|73/100
|-singleturn|p2a: Latias|move: Roost
|
|-weather|RainDance|[upkeep]
|-heal|p1a: Toxicroak|80/100|[from] ability: Dry Skin
|-heal|p2a: Latias|79/100|[from] item: Leftovers
|-heal|p1a: Toxicroak|86/100|[from] item: Black Sludge
|upkeep
|turn|32
|inactive|spliffdiff has 120 seconds left.
|
|t:|1743005648
|move|p2a: Latias|Substitute|p2a: Latias
|-start|p2a: Latias|Substitute
|-damage|p2a: Latias|54/100
|move|p1a: Toxicroak|Ice Punch|p2a: Latias
|-supereffective|p2a: Latias
|-end|p2a: Latias|Substitute
|
|-weather|none
|-heal|p2a: Latias|60/100|[from] item: Leftovers
|-heal|p1a: Toxicroak|93/100|[from] item: Black Sludge
|upkeep
|turn|33
|
|t:|1743005657
|move|p1a: Toxicroak|Sucker Punch|p2a: Latias
|-supereffective|p2a: Latias
|-damage|p2a: Latias|11/100
|move|p2a: Latias|Dragon Pulse|p1a: Toxicroak
|-damage|p1a: Toxicroak|50/100
|
|-heal|p2a: Latias|17/100|[from] item: Leftovers
|-heal|p1a: Toxicroak|56/100|[from] item: Black Sludge
|upkeep
|turn|34
|
|t:|1743005663
|move|p1a: Toxicroak|Sucker Punch||[still]
|-fail|p1a: Toxicroak
|move|p2a: Latias|Roost|p2a: Latias
|-heal|p2a: Latias|67/100
|-singleturn|p2a: Latias|move: Roost
|
|-heal|p2a: Latias|73/100|[from] item: Leftovers
|-heal|p1a: Toxicroak|62/100|[from] item: Black Sludge
|upkeep
|turn|35
|
|t:|1743005671
|move|p2a: Latias|Substitute|p2a: Latias
|-start|p2a: Latias|Substitute
|-damage|p2a: Latias|48/100
|move|p1a: Toxicroak|Ice Punch|p2a: Latias
|-supereffective|p2a: Latias
|-end|p2a: Latias|Substitute
|
|-heal|p2a: Latias|54/100|[from] item: Leftovers
|-heal|p1a: Toxicroak|68/100|[from] item: Black Sludge
|upkeep
|turn|36
|
|t:|1743005682
|move|p2a: Latias|Substitute|p2a: Latias
|-start|p2a: Latias|Substitute
|-damage|p2a: Latias|29/100
|move|p1a: Toxicroak|Ice Punch|p2a: Latias
|-supereffective|p2a: Latias
|-end|p2a: Latias|Substitute
|
|-heal|p2a: Latias|35/100|[from] item: Leftovers
|-heal|p1a: Toxicroak|74/100|[from] item: Black Sludge
|upkeep
|turn|37
|
|t:|1743005687
|move|p2a: Latias|Roost|p2a: Latias
|-heal|p2a: Latias|85/100
|-singleturn|p2a: Latias|move: Roost
|move|p1a: Toxicroak|Ice Punch|p2a: Latias
|-supereffective|p2a: Latias
|-damage|p2a: Latias|45/100
|-status|p2a: Latias|frz
|
|-heal|p2a: Latias|51/100 frz|[from] item: Leftovers
|-heal|p1a: Toxicroak|80/100|[from] item: Black Sludge
|upkeep
|turn|38
|
|t:|1743005701
|switch|p2a: Excadrill|Excadrill, F, shiny|60/100
|-damage|p2a: Excadrill|57/100|[from] Stealth Rock
|-damage|p2a: Excadrill|44/100|[from] Spikes
|switch|p1a: Tornadus|Tornadus, M|32/100
|-damage|p1a: Tornadus|7/100|[from] Stealth Rock
|
|-heal|p2a: Excadrill|50/100|[from] item: Leftovers
|upkeep
|turn|39
|
|t:|1743005708
|move|p1a: Tornadus|Rain Dance|p1a: Tornadus
|-weather|RainDance
|move|p2a: Excadrill|Iron Head|p1a: Tornadus
|-damage|p1a: Tornadus|0 fnt
|faint|p1a: Tornadus
|
|-weather|RainDance|[upkeep]
|-heal|p2a: Excadrill|56/100|[from] item: Leftovers
|upkeep
|
|t:|1743005713
|switch|p1a: Toxicroak|Toxicroak, F|80/100
|-damage|p1a: Toxicroak|74/100|[from] Stealth Rock
|turn|40
|
|t:|1743005716
|move|p2a: Excadrill|Earthquake|p1a: Toxicroak
|-supereffective|p1a: Toxicroak
|-damage|p1a: Toxicroak|0 fnt
|faint|p1a: Toxicroak
|
|win|Xalvadore
|raw|spliffdiff's rating: 1346 &rarr; <strong>1322</strong><br />(-24 for losing)
|raw|Xalvadore's rating: 1278 &rarr; <strong>1308</strong><br />(+30 for winning)
|c|☆Xalvadore|gg
|l|☆spliffdiff
|player|p1|
