|join|roundwon
|join|Pythagorean Python
|player|p1|roundwon|169
|player|p2|Pythagorean Python|266
|gametype|singles
|gen|5
|tier|[Gen 5] OU
|rated
|rule|Evasion Abilities Clause: Evasion abilities are banned
|clearpoke
|poke|p1|Gyarados, M, shiny
|poke|p1|Milotic, F
|poke|p1|Hydreigon, M
|poke|p1|Gliscor, F
|poke|p1|Scizor, M
|poke|p1|Volcarona, F
|poke|p2|Skarmory, M
|poke|p2|Blissey, F
|poke|p2|Hippowdon, M
|poke|p2|Alakazam, F
|poke|p2|Terrakion
|poke|p2|Starmie
|rule|Sleep Clause Mod: Limit one foe put to sleep
|rule|Species Clause: Limit one of each Pokemon
|rule|OHKO Clause: OHKO moves are banned
|rule|Moody Clause: Moody is banned
|rule|Evasion Moves Clause: Evasion moves are banned
|rule|Endless Battle Clause: Forcing endless battles is banned.
|rule|HP Percentage Mod: HP is reported as percentages
|teampreview
|
|start
|switch|p1a: Volcarona|Volcarona, F|311/311
|switch|p2a: Hippowdon|Hippowdon, M|420/420
|-weather|Sandstorm|[from] ability: Sand Stream|[of] p2a: Hippowdon
|turn|1
|
|move|p1a: Volcarona|Quiver Dance|p1a: Volcarona
|-boost|p1a: Volcarona|spa|1
|-boost|p1a: Volcarona|spd|1
|-boost|p1a: Volcarona|spe|1
|move|p2a: Hippowdon|Stealth Rock|p1a: Volcarona
|-sidestart|p1: roundwon|move: Stealth Rock
|
|-weather|Sandstorm|[upkeep]
|-damage|p1a: Volcarona|292/311|[from] sandstorm
|turn|2
|
|move|p1a: Volcarona|Giga Drain|p2a: Hippowdon
|-supereffective|p2a: Hippowdon
|-damage|p2a: Hippowdon|61/420
|-heal|p1a: Volcarona|311/311|[from] drain|[of] p2a: Hippowdon
|-damage|p1a: Volcarona|280/311|[from] item: Life Orb
|move|p2a: Hippowdon|Toxic|p1a: Volcarona|[miss]
|-miss|p2a: Hippowdon|p1a: Volcarona
|
|-weather|Sandstorm|[upkeep]
|-damage|p1a: Volcarona|261/311|[from] sandstorm
|-heal|p2a: Hippowdon|87/420|[from] item: Leftovers
|turn|3
|
|switch|p2a: Blissey|Blissey, F|714/714
|move|p1a: Volcarona|Bug Buzz|p2a: Blissey
|-damage|p2a: Blissey|503/714
|-damage|p1a: Volcarona|230/311|[from] item: Life Orb
|
|-weather|Sandstorm|[upkeep]
|-damage|p1a: Volcarona|211/311|[from] sandstorm
|-damage|p2a: Blissey|459/714|[from] sandstorm
|-heal|p2a: Blissey|503/714|[from] item: Leftovers
|turn|4
|
|move|p1a: Volcarona|Quiver Dance|p1a: Volcarona
|-boost|p1a: Volcarona|spa|1
|-boost|p1a: Volcarona|spd|1
|-boost|p1a: Volcarona|spe|1
|move|p2a: Blissey|Soft-Boiled|p2a: Blissey
|-heal|p2a: Blissey|714/714
|
|-weather|Sandstorm|[upkeep]
|-damage|p1a: Volcarona|192/311|[from] sandstorm
|-damage|p2a: Blissey|670/714|[from] sandstorm
|-heal|p2a: Blissey|714/714|[from] item: Leftovers
|turn|5
|
|move|p1a: Volcarona|Quiver Dance|p1a: Volcarona
|-boost|p1a: Volcarona|spa|1
|-boost|p1a: Volcarona|spd|1
|-boost|p1a: Volcarona|spe|1
|move|p2a: Blissey|Seismic Toss|p1a: Volcarona
|-damage|p1a: Volcarona|92/311
|
|-weather|Sandstorm|[upkeep]
|-damage|p1a: Volcarona|73/311|[from] sandstorm
|-damage|p2a: Blissey|670/714|[from] sandstorm
|-heal|p2a: Blissey|714/714|[from] item: Leftovers
|turn|6
|
|move|p1a: Volcarona|Bug Buzz|p2a: Blissey
|-damage|p2a: Blissey|397/714
|-damage|p1a: Volcarona|42/311|[from] item: Life Orb
|move|p2a: Blissey|Soft-Boiled|p2a: Blissey
|-heal|p2a: Blissey|714/714
|
|-weather|Sandstorm|[upkeep]
|-damage|p1a: Volcarona|23/311|[from] sandstorm
|-damage|p2a: Blissey|670/714|[from] sandstorm
|-heal|p2a: Blissey|714/714|[from] item: Leftovers
|turn|7
|
|move|p1a: Volcarona|Bug Buzz|p2a: Blissey
|-damage|p2a: Blissey|389/714
|-unboost|p2a: Blissey|spd|1
|-damage|p1a: Volcarona|0 fnt|[from] item: Life Orb
|faint|p1a: Volcarona
|move|p2a: Blissey|Soft-Boiled|p2a: Blissey
|-heal|p2a: Blissey|714/714
|
|-weather|Sandstorm|[upkeep]
|-damage|p2a: Blissey|670/714|[from] sandstorm
|-heal|p2a: Blissey|714/714|[from] item: Leftovers
|
|switch|p1a: Hydreigon|Hydreigon, M|326/326
|-damage|p1a: Hydreigon|286/326|[from] Stealth Rock
|turn|8
|
|switch|p2a: Hippowdon|Hippowdon, M|87/420
|move|p1a: Hydreigon|Draco Meteor|p2a: Hippowdon
|-damage|p2a: Hippowdon|0 fnt
|-unboost|p1a: Hydreigon|spa|2
|faint|p2a: Hippowdon
|
|-weather|Sandstorm|[upkeep]
|-damage|p1a: Hydreigon|266/326|[from] sandstorm
|-heal|p1a: Hydreigon|286/326|[from] item: Leftovers
|
|switch|p2a: Skarmory|Skarmory, M|334/334
|turn|9
|
|move|p1a: Hydreigon|Flamethrower|p2a: Skarmory
|-supereffective|p2a: Skarmory
|-damage|p2a: Skarmory|162/334
|move|p2a: Skarmory|Whirlwind|p1a: Hydreigon
|drag|p1a: Milotic|Milotic, F|394/394
|-damage|p1a: Milotic|345/394|[from] Stealth Rock
|
|-weather|Sandstorm|[upkeep]
|-damage|p1a: Milotic|321/394|[from] sandstorm
|-heal|p1a: Milotic|345/394|[from] item: Leftovers
|-heal|p2a: Skarmory|182/334|[from] item: Leftovers
|turn|10
|
|move|p1a: Milotic|Ice Beam|p2a: Skarmory
|-damage|p2a: Skarmory|75/334
|-status|p2a: Skarmory|frz
|cant|p2a: Skarmory|frz
|
|-weather|Sandstorm|[upkeep]
|-damage|p1a: Milotic|321/394|[from] sandstorm
|-heal|p1a: Milotic|345/394|[from] item: Leftovers
|-heal|p2a: Skarmory|95/334 frz|[from] item: Leftovers
|turn|11
|
|move|p1a: Milotic|Scald|p2a: Skarmory
|-damage|p2a: Skarmory|0 fnt
|faint|p2a: Skarmory
|
|-weather|Sandstorm|[upkeep]
|-damage|p1a: Milotic|321/394|[from] sandstorm
|-heal|p1a: Milotic|345/394|[from] item: Leftovers
|
|switch|p2a: Alakazam|Alakazam, F|252/252
|turn|12
|
|move|p2a: Alakazam|Psychic|p1a: Milotic
|-damage|p1a: Milotic|203/394
|move|p1a: Milotic|Scald|p2a: Alakazam
|-damage|p2a: Alakazam|153/252
|
|-weather|Sandstorm|[upkeep]
|-damage|p1a: Milotic|179/394|[from] sandstorm
|-heal|p1a: Milotic|203/394|[from] item: Leftovers
|turn|13
|
|move|p2a: Alakazam|Psychic|p1a: Milotic
|-damage|p1a: Milotic|74/394
|move|p1a: Milotic|Recover|p1a: Milotic
|-heal|p1a: Milotic|271/394
|
|-weather|Sandstorm|[upkeep]
|-damage|p1a: Milotic|247/394|[from] sandstorm
|-heal|p1a: Milotic|271/394|[from] item: Leftovers
|turn|14
|
|switch|p2a: Blissey|Blissey, F|714/714
|move|p1a: Milotic|Recover|p1a: Milotic
|-heal|p1a: Milotic|394/394
|
|-weather|Sandstorm|[upkeep]
|-damage|p1a: Milotic|370/394|[from] sandstorm
|-damage|p2a: Blissey|670/714|[from] sandstorm
|-heal|p1a: Milotic|394/394|[from] item: Leftovers
|-heal|p2a: Blissey|714/714|[from] item: Leftovers
|turn|15
|
|move|p2a: Blissey|Seismic Toss|p1a: Milotic
|-damage|p1a: Milotic|294/394
|move|p1a: Milotic|Dragon Tail|p2a: Blissey
|-damage|p2a: Blissey|664/714
|drag|p2a: Alakazam|Alakazam, F|153/252
|
|-weather|Sandstorm|[upkeep]
|-damage|p1a: Milotic|270/394|[from] sandstorm
|-heal|p1a: Milotic|294/394|[from] item: Leftovers
|turn|16
|
|switch|p2a: Blissey|Blissey, F|664/714
|move|p1a: Milotic|Scald|p2a: Blissey
|-damage|p2a: Blissey|597/714
|
|-weather|Sandstorm|[upkeep]
|-damage|p1a: Milotic|270/394|[from] sandstorm
|-damage|p2a: Blissey|553/714|[from] sandstorm
|-heal|p1a: Milotic|294/394|[from] item: Leftovers
|-heal|p2a: Blissey|597/714|[from] item: Leftovers
|turn|17
|
|move|p1a: Milotic|Recover|p1a: Milotic
|-heal|p1a: Milotic|394/394
|move|p2a: Blissey|Seismic Toss|p1a: Milotic
|-damage|p1a: Milotic|294/394
|
|-weather|Sandstorm|[upkeep]
|-damage|p1a: Milotic|270/394|[from] sandstorm
|-damage|p2a: Blissey|553/714|[from] sandstorm
|-heal|p1a: Milotic|294/394|[from] item: Leftovers
|-heal|p2a: Blissey|597/714|[from] item: Leftovers
|turn|18
|
|move|p2a: Blissey|Seismic Toss|p1a: Milotic
|-damage|p1a: Milotic|194/394
|move|p1a: Milotic|Dragon Tail|p2a: Blissey
|-damage|p2a: Blissey|549/714
|drag|p2a: Alakazam|Alakazam, F|153/252
|
|-weather|Sandstorm|[upkeep]
|-damage|p1a: Milotic|170/394|[from] sandstorm
|-heal|p1a: Milotic|194/394|[from] item: Leftovers
|turn|19
|
|switch|p1a: Scizor|Scizor, M|343/343
|-damage|p1a: Scizor|301/343|[from] Stealth Rock
|move|p2a: Alakazam|Psychic|p1a: Scizor
|-resisted|p1a: Scizor
|-damage|p1a: Scizor|172/343
|
|-weather|Sandstorm|[upkeep]
|turn|20
|
|move|p2a: Alakazam|Hidden Power|p1a: Scizor
|-supereffective|p1a: Scizor
|-damage|p1a: Scizor|0 fnt
|faint|p1a: Scizor
|
|-weather|Sandstorm|[upkeep]
|
|switch|p1a: Gyarados|Gyarados, M, shiny|332/332
|-damage|p1a: Gyarados|249/332|[from] Stealth Rock
|turn|21
|
|switch|p2a: Blissey|Blissey, F|549/714
|move|p1a: Gyarados|Waterfall|p2a: Blissey
|-damage|p2a: Blissey|276/714
|
|-weather|Sandstorm|[upkeep]
|-damage|p1a: Gyarados|229/332|[from] sandstorm
|-damage|p2a: Blissey|232/714|[from] sandstorm
|-heal|p2a: Blissey|276/714|[from] item: Leftovers
|turn|22
|
|move|p1a: Gyarados|Waterfall|p2a: Blissey
|-damage|p2a: Blissey|15/714
|cant|p2a: Blissey|flinch
|
|-weather|Sandstorm|[upkeep]
|-damage|p1a: Gyarados|209/332|[from] sandstorm
|-damage|p2a: Blissey|0 fnt|[from] sandstorm
|faint|p2a: Blissey
|
|switch|p2a: Starmie|Starmie|261/261
|turn|23
|
|switch|p1a: Milotic|Milotic, F|194/394
|-damage|p1a: Milotic|145/394|[from] Stealth Rock
|move|p2a: Starmie|Thunderbolt|p1a: Milotic
|-supereffective|p1a: Milotic
|-damage|p1a: Milotic|0 fnt
|faint|p1a: Milotic
|
|-weather|Sandstorm|[upkeep]
|-damage|p2a: Starmie|245/261|[from] sandstorm
|
|switch|p1a: Hydreigon|Hydreigon, M|286/326
|-damage|p1a: Hydreigon|246/326|[from] Stealth Rock
|turn|24
|
|switch|p2a: Alakazam|Alakazam, F|153/252
|move|p1a: Hydreigon|Draco Meteor|p2a: Alakazam
|-damage|p2a: Alakazam|0 fnt
|-unboost|p1a: Hydreigon|spa|2
|faint|p2a: Alakazam
|
|-weather|Sandstorm|[upkeep]
|-damage|p1a: Hydreigon|226/326|[from] sandstorm
|-heal|p1a: Hydreigon|246/326|[from] item: Leftovers
|
|switch|p2a: Terrakion|Terrakion|324/324
|turn|25
|
|switch|p1a: Gliscor|Gliscor, F|354/354
|-damage|p1a: Gliscor|310/354|[from] Stealth Rock
|move|p2a: Terrakion|Stone Edge|p1a: Gliscor
|-damage|p1a: Gliscor|177/354
|-damage|p2a: Terrakion|292/324|[from] item: Life Orb
|
|-weather|Sandstorm|[upkeep]
|-status|p1a: Gliscor|tox|[from] item: Toxic Orb
|turn|26
|
|move|p2a: Terrakion|Swords Dance|p2a: Terrakion
|-boost|p2a: Terrakion|atk|2
|move|p1a: Gliscor|Roost|p1a: Gliscor
|-heal|p1a: Gliscor|354/354 tox
|
|-weather|Sandstorm|[upkeep]
|turn|27
|
|move|p2a: Terrakion|Stone Edge|p1a: Gliscor
|-damage|p1a: Gliscor|93/354 tox
|-damage|p2a: Terrakion|260/324|[from] item: Life Orb
|move|p1a: Gliscor|Earthquake|p2a: Terrakion
|-supereffective|p2a: Terrakion
|-damage|p2a: Terrakion|8/324
|
|-weather|Sandstorm|[upkeep]
|-heal|p1a: Gliscor|137/354 tox|[from] ability: Poison Heal
|turn|28
|
|move|p1a: Gliscor|Protect|p1a: Gliscor
|-singleturn|p1a: Gliscor|Protect
|move|p2a: Terrakion|Stone Edge|p1a: Gliscor
|-activate|p1a: Gliscor|Protect
|
|-weather|Sandstorm|[upkeep]
|-heal|p1a: Gliscor|181/354 tox|[from] ability: Poison Heal
|turn|29
|
|move|p1a: Gliscor|Protect|p1a: Gliscor
|-singleturn|p1a: Gliscor|Protect
|move|p2a: Terrakion|Stone Edge|p1a: Gliscor
|-activate|p1a: Gliscor|Protect
|
|-weather|Sandstorm|[upkeep]
|-heal|p1a: Gliscor|225/354 tox|[from] ability: Poison Heal
|turn|30
|
|move|p2a: Terrakion|Stone Edge|p1a: Gliscor
|-damage|p1a: Gliscor|0 fnt
|-damage|p2a: Terrakion|0 fnt|[from] item: Life Orb
|faint|p1a: Gliscor
|faint|p2a: Terrakion
|
|-weather|Sandstorm|[upkeep]
|
|switch|p1a: Gyarados|Gyarados, M, shiny|209/332
|-damage|p1a: Gyarados|126/332|[from] Stealth Rock
|switch|p2a: Starmie|Starmie|245/261
|turn|31
|
|move|p1a: Gyarados|Earthquake|p2a: Starmie
|-damage|p2a: Starmie|101/261
|move|p2a: Starmie|Thunderbolt|p1a: Gyarados
|-supereffective|p1a: Gyarados
|-damage|p1a: Gyarados|0 fnt
|faint|p1a: Gyarados
|
|-weather|Sandstorm|[upkeep]
|-damage|p2a: Starmie|85/261|[from] sandstorm
|
|switch|p1a: Hydreigon|Hydreigon, M|246/326
|-damage|p1a: Hydreigon|206/326|[from] Stealth Rock
|turn|32
|
|move|p2a: Starmie|Ice Beam|p1a: Hydreigon
|-supereffective|p1a: Hydreigon
|-damage|p1a: Hydreigon|0 fnt
|faint|p1a: Hydreigon
|
|win|Pythagorean Python
|raw|Ladder updating...
|raw|roundwon's rating: 1357 &rarr; <strong>1338</strong><br />(-19 for losing)
|raw|Pythagorean Python's rating: 1377 &rarr; <strong>1396</strong><br />(+19 for winning)
|chat|Pythagorean Python|gg