|j|☆daddy_days2
|j|☆Jackrg1
|t:|1746147718
|gametype|singles
|player|p1|daddy_days2|benga|1418
|player|p2|Jackrg1|iris|1366
|teamsize|p1|6
|teamsize|p2|6
|gen|5
|tier|[Gen 5] OU
|rated|
|rule|Species Clause: Limit one of each Pokémon
|rule|OHKO Clause: OHKO moves are banned
|rule|Moody Clause: Moody is banned
|rule|Evasion Items Clause: Evasion items are banned
|rule|Evasion Moves Clause: Evasion moves are banned
|rule|Endless Battle Clause: Forcing endless battles is banned
|rule|HP Percentage Mod: HP is shown in percentages
|rule|Evasion Abilities Clause: Evasion abilities are banned
|rule|Sleep Moves Clause: Sleep-inducing moves are banned
|rule|Swagger Clause: Swagger is banned
|rule|Baton Pass Stat Clause: No Baton Passer may have a way to boost its stats
|clearpoke
|poke|p1|Kyurem-Black|item
|poke|p1|Garchomp, M|item
|poke|p1|Conkeldurr, F|item
|poke|p1|Starmie|item
|poke|p1|Bisharp, F|item
|poke|p1|Scyther, M|item
|poke|p2|Hippowdon, M|item
|poke|p2|Alakazam, F|item
|poke|p2|Latios, M|item
|poke|p2|Skarmory, F|item
|poke|p2|Jellicent, M|item
|poke|p2|Clefable, M|item
|teampreview
|inactive|Battle timer is ON: inactive players will automatically lose when time's up. (requested by Jackrg1)
|
|t:|1746147738
|start
|switch|p1a: Insane Dwayne|Kyurem-Black|100/100
|switch|p2a: Latios|Latios, M|100/100
|-ability|p1a: Insane Dwayne|Teravolt
|turn|1
|
|t:|1746147747
|switch|p2a: Skarmory|Skarmory, F|100/100
|switch|p1a: Adolf|Bisharp, F|100/100
|-item|p1a: Adolf|Air Balloon
|
|upkeep
|turn|2
|
|t:|1746147754
|switch|p1a: Starlight|Starmie|100/100
|move|p2a: Skarmory|Spikes|p1a: Starlight
|-sidestart|p1: daddy_days2|Spikes
|
|upkeep
|turn|3
|
|t:|1746147760
|switch|p2a: Clefable|Clefable, M|100/100
|move|p1a: Starlight|Thunder Wave|p2a: Clefable
|-status|p2a: Clefable|par
|
|upkeep
|turn|4
|
|t:|1746147767
|switch|p2a: Jellicent|Jellicent, M|100/100
|-item|p2a: Jellicent|Air Balloon
|move|p1a: Starlight|Psyshock|p2a: Jellicent
|-damage|p2a: Jellicent|75/100
|-enditem|p2a: Jellicent|Air Balloon
|
|upkeep
|turn|5
|
|t:|1746147775
|move|p1a: Starlight|Thunder Wave|p2a: Jellicent
|-status|p2a: Jellicent|par
|move|p2a: Jellicent|Night Shade|p1a: Starlight
|-damage|p1a: Starlight|70/100
|
|-heal|p1a: Starlight|76/100|[from] item: Leftovers
|upkeep
|turn|6
|
|t:|1746147785
|switch|p2a: Hippowdon|Hippowdon, M|100/100
|-weather|Sandstorm|[from] ability: Sand Stream|[of] p2a: Hippowdon
|move|p1a: Starlight|Psyshock|p2a: Hippowdon
|-damage|p2a: Hippowdon|80/100
|
|-weather|Sandstorm|[upkeep]
|-damage|p1a: Starlight|70/100|[from] Sandstorm
|-heal|p1a: Starlight|76/100|[from] item: Leftovers
|-heal|p2a: Hippowdon|86/100|[from] item: Leftovers
|upkeep
|turn|7
|
|t:|1746147796
|move|p1a: Starlight|Hydro Pump|p2a: Hippowdon
|-supereffective|p2a: Hippowdon
|-damage|p2a: Hippowdon|30/100
|move|p2a: Hippowdon|Stealth Rock|p1a: Starlight
|-sidestart|p1: daddy_days2|move: Stealth Rock
|
|-weather|Sandstorm|[upkeep]
|-damage|p1a: Starlight|70/100|[from] Sandstorm
|-heal|p1a: Starlight|76/100|[from] item: Leftovers
|-heal|p2a: Hippowdon|36/100|[from] item: Leftovers
|upkeep
|turn|8
|
|t:|1746147806
|switch|p2a: Jellicent|Jellicent, M|75/100 par
|move|p1a: Starlight|Rapid Spin|p2a: Jellicent
|-immune|p2a: Jellicent
|
|-weather|Sandstorm|[upkeep]
|-damage|p1a: Starlight|70/100|[from] Sandstorm
|-damage|p2a: Jellicent|69/100 par|[from] Sandstorm
|-heal|p1a: Starlight|76/100|[from] item: Leftovers
|upkeep
|turn|9
|
|t:|1746147816
|move|p1a: Starlight|Psyshock|p2a: Jellicent
|-damage|p2a: Jellicent|44/100 par
|move|p2a: Jellicent|Will-O-Wisp|p1a: Starlight
|-status|p1a: Starlight|brn
|
|-weather|Sandstorm|[upkeep]
|-damage|p1a: Starlight|70/100 brn|[from] Sandstorm
|-damage|p2a: Jellicent|38/100 par|[from] Sandstorm
|-heal|p1a: Starlight|76/100 brn|[from] item: Leftovers
|-damage|p1a: Starlight|63/100 brn|[from] brn
|upkeep
|turn|10
|
|t:|1746147829
|-curestatus|p1a: Starlight|brn|[from] ability: Natural Cure
|switch|p1a: Shrekster|Conkeldurr, F|100/100
|-damage|p1a: Shrekster|88/100|[from] Spikes
|-damage|p1a: Shrekster|82/100|[from] Stealth Rock
|move|p2a: Jellicent|Recover|p2a: Jellicent
|-heal|p2a: Jellicent|88/100 par
|
|-weather|Sandstorm|[upkeep]
|-damage|p1a: Shrekster|76/100|[from] Sandstorm
|-damage|p2a: Jellicent|82/100 par|[from] Sandstorm
|-heal|p1a: Shrekster|82/100|[from] item: Leftovers
|upkeep
|turn|11
|
|t:|1746147842
|switch|p2a: Skarmory|Skarmory, F|100/100
|move|p1a: Shrekster|Thunder Punch|p2a: Skarmory
|-supereffective|p2a: Skarmory
|-damage|p2a: Skarmory|56/100
|-damage|p1a: Shrekster|65/100|[from] item: Rocky Helmet|[of] p2a: Skarmory
|
|-weather|Sandstorm|[upkeep]
|-damage|p1a: Shrekster|59/100|[from] Sandstorm
|-heal|p1a: Shrekster|65/100|[from] item: Leftovers
|upkeep
|turn|12
|
|t:|1746147854
|move|p2a: Skarmory|Spikes|p1a: Shrekster
|-sidestart|p1: daddy_days2|Spikes
|move|p1a: Shrekster|Thunder Punch|p2a: Skarmory
|-supereffective|p2a: Skarmory
|-damage|p2a: Skarmory|14/100
|-damage|p1a: Shrekster|49/100|[from] item: Rocky Helmet|[of] p2a: Skarmory
|
|-weather|Sandstorm|[upkeep]
|-damage|p1a: Shrekster|43/100|[from] Sandstorm
|-heal|p1a: Shrekster|49/100|[from] item: Leftovers
|upkeep
|turn|13
|
|t:|1746147864
|move|p1a: Shrekster|Mach Punch|p2a: Skarmory
|-damage|p2a: Skarmory|0 fnt
|-damage|p1a: Shrekster|33/100|[from] item: Rocky Helmet|[of] p2a: Skarmory
|faint|p2a: Skarmory
|
|-weather|Sandstorm|[upkeep]
|-damage|p1a: Shrekster|26/100|[from] Sandstorm
|-heal|p1a: Shrekster|33/100|[from] item: Leftovers
|upkeep
|
|t:|1746147867
|switch|p2a: Latios|Latios, M|100/100
|turn|14
|
|t:|1746147889
|move|p1a: Shrekster|Mach Punch|p2a: Latios
|-resisted|p2a: Latios
|-damage|p2a: Latios|83/100
|move|p2a: Latios|Dragon Pulse|p1a: Shrekster
|-damage|p1a: Shrekster|0 fnt
|faint|p1a: Shrekster
|
|-weather|Sandstorm|[upkeep]
|-damage|p2a: Latios|77/100|[from] Sandstorm
|upkeep
|
|t:|1746147900
|switch|p1a: Adolf|Bisharp, F|100/100
|-damage|p1a: Adolf|94/100|[from] Stealth Rock
|-item|p1a: Adolf|Air Balloon
|turn|15
|
|t:|1746147905
|move|p2a: Latios|Dragon Pulse|p1a: Adolf
|-resisted|p1a: Adolf
|-damage|p1a: Adolf|43/100
|-enditem|p1a: Adolf|Air Balloon
|move|p1a: Adolf|Pursuit|p2a: Latios
|-supereffective|p2a: Latios
|-damage|p2a: Latios|10/100
|
|-weather|Sandstorm|[upkeep]
|-damage|p2a: Latios|4/100|[from] Sandstorm
|upkeep
|turn|16
|
|t:|1746147917
|move|p1a: Adolf|Sucker Punch|p2a: Latios
|-supereffective|p2a: Latios
|-damage|p2a: Latios|0 fnt
|faint|p2a: Latios
|
|-weather|Sandstorm|[upkeep]
|upkeep
|
|t:|1746147920
|switch|p2a: Hippowdon|Hippowdon, M|36/100
|turn|17
|
|t:|1746147926
|move|p1a: Adolf|Night Slash|p2a: Hippowdon
|-damage|p2a: Hippowdon|8/100
|move|p2a: Hippowdon|Slack Off|p2a: Hippowdon
|-heal|p2a: Hippowdon|58/100
|
|-weather|Sandstorm|[upkeep]
|-heal|p2a: Hippowdon|65/100|[from] item: Leftovers
|upkeep
|turn|18
|
|t:|1746147941
|move|p1a: Adolf|Night Slash|p2a: Hippowdon
|-damage|p2a: Hippowdon|36/100
|move|p2a: Hippowdon|Earthquake|p1a: Adolf
|-supereffective|p1a: Adolf
|-damage|p1a: Adolf|0 fnt
|faint|p1a: Adolf
|
|-weather|Sandstorm|[upkeep]
|-heal|p2a: Hippowdon|43/100|[from] item: Leftovers
|upkeep
|inactive|daddy_days2 has 120 seconds left.
|
|t:|1746147970
|switch|p1a: Insane Dwayne|Kyurem-Black|100/100
|-damage|p1a: Insane Dwayne|84/100|[from] Spikes
|-damage|p1a: Insane Dwayne|59/100|[from] Stealth Rock
|-ability|p1a: Insane Dwayne|Teravolt
|turn|19
|inactive|Jackrg1 has 120 seconds left.
|
|t:|1746148027
|switch|p2a: Clefable|Clefable, M|100/100 par
|move|p1a: Insane Dwayne|Dragon Claw|p2a: Clefable
|-crit|p2a: Clefable
|-damage|p2a: Clefable|0 fnt
|faint|p2a: Clefable
|
|-weather|Sandstorm|[upkeep]
|-damage|p1a: Insane Dwayne|53/100|[from] Sandstorm
|upkeep
|
|t:|1746148033
|switch|p2a: Alakazam|Alakazam, F|100/100
|turn|20
|
|t:|1746148045
|switch|p1a: Painkiller|Garchomp, M|100/100
|-damage|p1a: Painkiller|84/100|[from] Spikes
|-damage|p1a: Painkiller|78/100|[from] Stealth Rock
|move|p2a: Alakazam|Focus Blast|p1a: Painkiller
|-damage|p1a: Painkiller|35/100
|-unboost|p1a: Painkiller|spd|1
|
|-weather|Sandstorm|[upkeep]
|upkeep
|turn|21
|
|t:|1746148058
|move|p2a: Alakazam|Hidden Power|p1a: Painkiller
|-supereffective|p1a: Painkiller
|-damage|p1a: Painkiller|0 fnt
|faint|p1a: Painkiller
|
|-weather|Sandstorm|[upkeep]
|upkeep
|
|t:|1746148067
|switch|p1a: Blade|Scyther, M|100/100
|-damage|p1a: Blade|51/100|[from] Stealth Rock
|turn|22
|
|t:|1746148072
|move|p1a: Blade|U-turn|p2a: Alakazam
|-supereffective|p2a: Alakazam
|-enditem|p2a: Alakazam|Focus Sash
|-damage|p2a: Alakazam|1/100
|inactive|daddy_days2 has 120 seconds left.
|
|t:|1746148097
|switch|p1a: Starlight|Starmie|63/100|[from] U-turn
|-damage|p1a: Starlight|47/100|[from] Spikes
|-damage|p1a: Starlight|35/100|[from] Stealth Rock
|move|p2a: Alakazam|Psychic|p1a: Starlight
|-resisted|p1a: Starlight
|-damage|p1a: Starlight|7/100
|
|-weather|Sandstorm|[upkeep]
|-damage|p1a: Starlight|0 fnt|[from] Sandstorm
|faint|p1a: Starlight
|upkeep
|inactive|daddy_days2 has 120 seconds left.
|
|t:|1746148111
|switch|p1a: Blade|Scyther, M|51/100
|-damage|p1a: Blade|1/100|[from] Stealth Rock
|turn|23
|inactive|daddy_days2 has 120 seconds left.
|
|t:|1746148116
|-activate|p2a: Alakazam|move: Pursuit
|move|p1a: Blade|Pursuit|p2a: Alakazam|[from] Pursuit
|-supereffective|p2a: Alakazam
|-damage|p2a: Alakazam|0 fnt
|faint|p2a: Alakazam
|-hint|A Pokemon can't switch between when it runs out of HP and when it faints
|
|-weather|Sandstorm|[upkeep]
|-damage|p1a: Blade|0 fnt|[from] Sandstorm
|faint|p1a: Blade
|upkeep
|inactive|daddy_days2 has 120 seconds left.
|
|t:|1746148127
|switch|p2a: Jellicent|Jellicent, M|82/100 par
|switch|p1a: Insane Dwayne|Kyurem-Black|53/100
|-damage|p1a: Insane Dwayne|36/100|[from] Spikes
|-damage|p1a: Insane Dwayne|11/100|[from] Stealth Rock
|-ability|p1a: Insane Dwayne|Teravolt
|turn|24
|
|t:|1746148136
|move|p1a: Insane Dwayne|Outrage|p2a: Jellicent
|-crit|p2a: Jellicent
|-damage|p2a: Jellicent|0 fnt
|faint|p2a: Jellicent
|
|-weather|Sandstorm|[upkeep]
|-damage|p1a: Insane Dwayne|5/100|[from] Sandstorm
|upkeep
|
|t:|1746148138
|switch|p2a: Hippowdon|Hippowdon, M|43/100
|turn|25
|-message|Jackrg1 forfeited.
|
|win|daddy_days2
|raw|daddy_days2's rating: 1418 &rarr; <strong>1435</strong><br />(+17 for winning)
|raw|Jackrg1's rating: 1366 &rarr; <strong>1349</strong><br />(-17 for losing)
|l|☆Jackrg1
|player|p2|
|c|☆daddy_days2|gg
