|j|☆Jpena2016
|j|☆yoloboy9000
|player|p1|Jpena2016|169
|player|p2|yoloboy9000|2
|teamsize|p1|6
|teamsize|p2|6
|gametype|singles
|gen|5
|tier|[Gen 5] OU
|rated|
|rule|Sleep Clause Mod: Limit one foe put to sleep
|rule|Species Clause: Limit one of each Pokémon
|rule|OHKO Clause: OHKO moves are banned
|rule|Moody Clause: Moody is banned
|rule|Evasion Moves Clause: Evasion moves are banned
|rule|Endless Battle Clause: Forcing endless battles is banned
|rule|HP Percentage Mod: HP is shown in percentages
|rule|Evasion Abilities Clause: Evasion abilities are banned
|rule|Baton Pass Clause: Limit one Baton Passer, can't pass Spe and other stats simultaneously
|rule|Swagger Clause: Swagger is banned
|clearpoke
|poke|p1|Politoed, M|item
|poke|p1|Ferrothorn, F|item
|poke|p1|Forretress, F|item
|poke|p1|Dragonite, M|item
|poke|p1|Jolteon, M|item
|poke|p1|Toxicroak, M|item
|poke|p2|Tyranitar, M|item
|poke|p2|Magnezone|item
|poke|p2|Terrakion|item
|poke|p2|Latios, M|item
|poke|p2|Scizor, M|item
|poke|p2|Landorus-Therian, M|item
|teampreview
|inactive|Battle timer is ON: inactive players will automatically lose when time's up. (requested by Jpena2016)
|
|start
|switch|p1a: Jolteon|Jolteon, M|100/100
|switch|p2a: Pat Riely|Tyranitar, M|100/100
|-weather|Sandstorm|[from] ability: Sand Stream|[of] p2a: Pat Riely
|turn|1
|
|move|p1a: Jolteon|Volt Switch|p2a: Pat Riely
|-damage|p2a: Pat Riely|81/100
|
|switch|p1a: Ferrothorn|Ferrothorn, F|100/100
|move|p2a: Pat Riely|Stealth Rock|p1a: Ferrothorn
|-sidestart|p1: Jpena2016|move: Stealth Rock
|
|-weather|Sandstorm|[upkeep]
|-heal|p2a: Pat Riely|87/100|[from] item: Leftovers
|upkeep
|turn|2
|j| ladderduccboi69
|
|switch|p2a: Ray Allen|Magnezone|100/100
|move|p1a: Ferrothorn|Leech Seed|p2a: Ray Allen
|-start|p2a: Ray Allen|move: Leech Seed
|
|-weather|Sandstorm|[upkeep]
|-damage|p2a: Ray Allen|88/100|[from] Leech Seed|[of] p1a: Ferrothorn
|upkeep
|turn|3
|
|move|p2a: Ray Allen|Hidden Power|p1a: Ferrothorn
|-supereffective|p1a: Ferrothorn
|-damage|p1a: Ferrothorn|27/100
|move|p1a: Ferrothorn|Stealth Rock|p2a: Ray Allen
|-sidestart|p2: yoloboy9000|move: Stealth Rock
|
|-weather|Sandstorm|[upkeep]
|-heal|p2a: Ray Allen|94/100|[from] item: Leftovers
|-heal|p1a: Ferrothorn|34/100|[from] item: Leftovers
|-damage|p2a: Ray Allen|82/100|[from] Leech Seed|[of] p1a: Ferrothorn
|-heal|p1a: Ferrothorn|46/100|[silent]
|upkeep
|turn|4
|
|move|p2a: Ray Allen|Hidden Power|p1a: Ferrothorn
|-supereffective|p1a: Ferrothorn
|-damage|p1a: Ferrothorn|0 fnt
|faint|p1a: Ferrothorn
|
|-weather|Sandstorm|[upkeep]
|-heal|p2a: Ray Allen|88/100|[from] item: Leftovers
|upkeep
|
|switch|p1a: Toxicroak|Toxicroak, M|100/100
|-damage|p1a: Toxicroak|94/100|[from] Stealth Rock
|turn|5
|
|switch|p2a: Bron Bron|Landorus-Therian, M|100/100
|-damage|p2a: Bron Bron|88/100|[from] Stealth Rock
|-ability|p2a: Bron Bron|Intimidate|boost
|-unboost|p1a: Toxicroak|atk|1
|move|p1a: Toxicroak|Substitute|p1a: Toxicroak
|-start|p1a: Toxicroak|Substitute
|-damage|p1a: Toxicroak|69/100
|
|-weather|Sandstorm|[upkeep]
|-damage|p1a: Toxicroak|63/100|[from] Sandstorm
|-heal|p1a: Toxicroak|69/100|[from] item: Black Sludge
|upkeep
|turn|6
|
|move|p2a: Bron Bron|Earthquake|p1a: Toxicroak
|-supereffective|p1a: Toxicroak
|-end|p1a: Toxicroak|Substitute
|move|p1a: Toxicroak|Drain Punch|p2a: Bron Bron
|-resisted|p2a: Bron Bron
|-damage|p2a: Bron Bron|76/100
|-heal|p1a: Toxicroak|77/100|[from] drain|[of] p2a: Bron Bron
|
|-weather|Sandstorm|[upkeep]
|-damage|p1a: Toxicroak|71/100|[from] Sandstorm
|-heal|p1a: Toxicroak|77/100|[from] item: Black Sludge
|upkeep
|turn|7
|
|switch|p1a: Dragonite|Dragonite, M|100/100
|-damage|p1a: Dragonite|76/100|[from] Stealth Rock
|move|p2a: Bron Bron|U-turn|p1a: Dragonite
|-resisted|p1a: Dragonite
|-damage|p1a: Dragonite|61/100
|
|switch|p2a: D.Wade|Terrakion|100/100
|-damage|p2a: D.Wade|94/100|[from] Stealth Rock
|
|-weather|Sandstorm|[upkeep]
|-damage|p1a: Dragonite|55/100|[from] Sandstorm
|-heal|p1a: Dragonite|61/100|[from] item: Leftovers
|upkeep
|turn|8
|
|switch|p1a: Forretress|Forretress, F|100/100
|-damage|p1a: Forretress|88/100|[from] Stealth Rock
|move|p2a: D.Wade|Stone Edge|p1a: Forretress
|-crit|p1a: Forretress
|-damage|p1a: Forretress|28/100
|
|-weather|Sandstorm|[upkeep]
|-heal|p1a: Forretress|34/100|[from] item: Leftovers
|upkeep
|turn|9
|
|switch|p2a: Ray Allen|Magnezone|88/100
|-damage|p2a: Ray Allen|82/100|[from] Stealth Rock
|switch|p1a: Politoed|Politoed, M|100/100
|-damage|p1a: Politoed|88/100|[from] Stealth Rock
|-weather|RainDance|[from] ability: Drizzle|[of] p1a: Politoed
|
|-weather|RainDance|[upkeep]
|-heal|p2a: Ray Allen|88/100|[from] item: Leftovers
|-heal|p1a: Politoed|94/100|[from] item: Leftovers
|upkeep
|turn|10
|
|switch|p1a: Jolteon|Jolteon, M|100/100
|-damage|p1a: Jolteon|88/100|[from] Stealth Rock
|move|p2a: Ray Allen|Substitute|p2a: Ray Allen
|-start|p2a: Ray Allen|Substitute
|-damage|p2a: Ray Allen|63/100
|
|-weather|RainDance|[upkeep]
|-heal|p2a: Ray Allen|69/100|[from] item: Leftovers
|upkeep
|turn|11
|
|move|p1a: Jolteon|Thunder|p2a: Ray Allen
|-resisted|p2a: Ray Allen
|-end|p2a: Ray Allen|Substitute
|move|p2a: Ray Allen|Flash Cannon|p1a: Jolteon
|-resisted|p1a: Jolteon
|-crit|p1a: Jolteon
|-damage|p1a: Jolteon|34/100
|
|-weather|RainDance|[upkeep]
|-heal|p2a: Ray Allen|75/100|[from] item: Leftovers
|upkeep
|turn|12
|-message|Jpena2016 forfeited.
|
|win|yoloboy9000
|l|☆Jpena2016
|raw|Jpena2016's rating: 1362 &rarr; <strong>1344</strong><br />(-18 for losing)
|raw|yoloboy9000's rating: 1390 &rarr; <strong>1408</strong><br />(+18 for winning)
|c|☆yoloboy9000|yeet!
|c|☆yoloboy9000|the rage crits lol
