|j|☆BUGO NELL'OZONO$$$
|j|☆CroCoeur
|player|p1|BUGO NELL'OZONO$$$|blue-gen3|1580
|player|p2|CroCoeur|blue|1370
|teamsize|p1|6
|teamsize|p2|6
|gametype|singles
|gen|5
|tier|[Gen 5] OU
|rated|
|clearpoke
|poke|p1|Skarmory, F|item
|poke|p1|Tyranitar, F|item
|poke|p1|Latias, F|item
|poke|p1|Reuniclus, M|item
|poke|p1|Seismitoad, F|item
|poke|p1|Heatran, M|item
|poke|p2|Politoed, M|item
|poke|p2|Vaporeon, F|item
|poke|p2|Celebi|item
|poke|p2|Ferrothorn, M|item
|poke|p2|Latios, M|item
|poke|p2|Jirachi|item
|rule|Species Clause: Limit one of each Pokémon
|rule|OHKO Clause: OHKO moves are banned
|rule|Moody Clause: Moody is banned
|rule|Evasion Moves Clause: Evasion moves are banned
|rule|Endless Battle Clause: Forcing endless battles is banned
|rule|HP Percentage Mod: HP is shown in percentages
|rule|Evasion Abilities Clause: Evasion abilities are banned
|rule|Baton Pass Clause: Limit one Baton Passer, can't pass Spe and other stats simultaneously
|rule|Sleep Clause: Sleep-inducing moves are banned
|rule|Swagger Clause: Swagger is banned
|teampreview
|inactive|Battle timer is ON: inactive players will automatically lose when time's up. (requested by CroCoeur)
|j| BUGO NELL'ACQUA
|
|start
|switch|p1a: SANO WHAT?|Seismitoad, F|100/100
|switch|p2a: Politoed|Politoed, M|100/100
|-weather|RainDance|[from] ability: Drizzle|[of] p2a: Politoed
|turn|1
|
|switch|p2a: Celebi|Celebi|100/100
|move|p1a: SANO WHAT?|Stealth Rock|p2a: Celebi
|-sidestart|p2: CroCoeur|move: Stealth Rock
|
|-weather|RainDance|[upkeep]
|upkeep
|turn|2
|
|switch|p1a: CONOSCILMIOOSTEELO|Skarmory, F|100/100
|move|p2a: Celebi|Giga Drain|p1a: CONOSCILMIOOSTEELO
|-resisted|p1a: CONOSCILMIOOSTEELO
|-damage|p1a: CONOSCILMIOOSTEELO|93/100
|-enditem|p1a: CONOSCILMIOOSTEELO|Eject Button
|
|switch|p1a: FOTO DI GRUPPO|Tyranitar, F|100/100
|-weather|Sandstorm|[from] ability: Sand Stream|[of] p1a: FOTO DI GRUPPO
|
|-weather|Sandstorm|[upkeep]
|-damage|p2a: Celebi|94/100|[from] Sandstorm
|-heal|p2a: Celebi|100/100|[from] item: Leftovers
|upkeep
|turn|3
|
|move|p1a: FOTO DI GRUPPO|Crunch|p2a: Celebi
|-supereffective|p2a: Celebi
|-damage|p2a: Celebi|32/100
|move|p2a: Celebi|Giga Drain|p1a: FOTO DI GRUPPO
|-supereffective|p1a: FOTO DI GRUPPO
|-damage|p1a: FOTO DI GRUPPO|69/100
|-heal|p2a: Celebi|46/100|[from] drain|[of] p1a: FOTO DI GRUPPO
|
|-weather|Sandstorm|[upkeep]
|-damage|p2a: Celebi|40/100|[from] Sandstorm
|-heal|p2a: Celebi|46/100|[from] item: Leftovers
|upkeep
|turn|4
|
|switch|p1a: BIONIC SKILLZ|Heatran, M|100/100
|move|p2a: Celebi|Giga Drain|p1a: BIONIC SKILLZ
|-resisted|p1a: BIONIC SKILLZ
|-damage|p1a: BIONIC SKILLZ|96/100
|-heal|p2a: Celebi|49/100|[from] drain|[of] p1a: BIONIC SKILLZ
|
|-weather|Sandstorm|[upkeep]
|-damage|p2a: Celebi|42/100|[from] Sandstorm
|-heal|p1a: BIONIC SKILLZ|100/100|[from] item: Leftovers
|-heal|p2a: Celebi|49/100|[from] item: Leftovers
|upkeep
|turn|5
|
|switch|p2a: Politoed|Politoed, M|100/100
|-damage|p2a: Politoed|88/100|[from] Stealth Rock
|-weather|RainDance|[from] ability: Drizzle|[of] p2a: Politoed
|move|p1a: BIONIC SKILLZ|Lava Plume|p2a: Politoed
|-resisted|p2a: Politoed
|-damage|p2a: Politoed|79/100
|-status|p2a: Politoed|brn
|
|-weather|RainDance|[upkeep]
|-damage|p2a: Politoed|67/100 brn|[from] brn
|upkeep
|turn|6
|j| Kebab mlml
|
|switch|p2a: Ferrothorn|Ferrothorn, M|100/100
|-damage|p2a: Ferrothorn|94/100|[from] Stealth Rock
|move|p1a: BIONIC SKILLZ|Protect||[still]
|-fail|p1a: BIONIC SKILLZ
|
|-weather|RainDance|[upkeep]
|-heal|p2a: Ferrothorn|100/100|[from] item: Leftovers
|upkeep
|turn|7
|
|move|p1a: BIONIC SKILLZ|Lava Plume|p2a: Ferrothorn
|-supereffective|p2a: Ferrothorn
|-damage|p2a: Ferrothorn|53/100
|move|p2a: Ferrothorn|Stealth Rock|p1a: BIONIC SKILLZ
|-sidestart|p1: BUGO NELL'OZONO$$$|move: Stealth Rock
|
|-weather|RainDance|[upkeep]
|-heal|p2a: Ferrothorn|59/100|[from] item: Leftovers
|upkeep
|turn|8
|
|move|p1a: BIONIC SKILLZ|Lava Plume|p2a: Ferrothorn
|-supereffective|p2a: Ferrothorn
|-damage|p2a: Ferrothorn|10/100
|move|p2a: Ferrothorn|Spikes|p1a: BIONIC SKILLZ
|-sidestart|p1: BUGO NELL'OZONO$$$|Spikes
|
|-weather|RainDance|[upkeep]
|-heal|p2a: Ferrothorn|16/100|[from] item: Leftovers
|upkeep
|turn|9
|
|switch|p2a: Vaporeon|Vaporeon, F|100/100
|-damage|p2a: Vaporeon|88/100|[from] Stealth Rock
|move|p1a: BIONIC SKILLZ|Lava Plume|p2a: Vaporeon
|-resisted|p2a: Vaporeon
|-damage|p2a: Vaporeon|83/100
|-status|p2a: Vaporeon|brn
|
|-weather|RainDance|[upkeep]
|-activate|p2a: Vaporeon|ability: Hydration
|-curestatus|p2a: Vaporeon|brn|[msg]
|-heal|p2a: Vaporeon|89/100|[from] item: Leftovers
|upkeep
|turn|10
|
|switch|p1a: SANO WHAT?|Seismitoad, F|100/100
|-damage|p1a: SANO WHAT?|94/100|[from] Stealth Rock
|-damage|p1a: SANO WHAT?|82/100|[from] Spikes
|move|p2a: Vaporeon|Acid Armor|p2a: Vaporeon
|-boost|p2a: Vaporeon|def|2
|
|-weather|RainDance|[upkeep]
|-heal|p1a: SANO WHAT?|88/100|[from] item: Leftovers
|-heal|p2a: Vaporeon|96/100|[from] item: Leftovers
|upkeep
|turn|11
|c|☆BUGO NELL'OZONO$$$|oh gesù
|
|move|p1a: SANO WHAT?|Knock Off|p2a: Vaporeon
|-damage|p2a: Vaporeon|93/100
|-enditem|p2a: Vaporeon|Leftovers|[from] move: Knock Off|[of] p1a: SANO WHAT?
|move|p2a: Vaporeon|Roar|p1a: SANO WHAT?
|drag|p1a: PRESS REWIND SHIT|Latias, F|100/100
|-damage|p1a: PRESS REWIND SHIT|88/100|[from] Stealth Rock
|
|-weather|RainDance|[upkeep]
|-status|p1a: PRESS REWIND SHIT|brn|[from] item: Flame Orb
|upkeep
|turn|12
|c| BUGO NELL'ACQUA|ma non sarà mica
|c| BUGO NELL'ACQUA|work up
|
|move|p1a: PRESS REWIND SHIT|Calm Mind|p1a: PRESS REWIND SHIT
|-boost|p1a: PRESS REWIND SHIT|spa|1
|-boost|p1a: PRESS REWIND SHIT|spd|1
|move|p2a: Vaporeon|Scald|p1a: PRESS REWIND SHIT
|-resisted|p1a: PRESS REWIND SHIT
|-damage|p1a: PRESS REWIND SHIT|77/100 brn
|
|-weather|RainDance|[upkeep]
|-damage|p1a: PRESS REWIND SHIT|64/100 brn|[from] brn
|upkeep
|turn|13
|c| BUGO NELL'ACQUA|non si direbbe
|
|move|p1a: PRESS REWIND SHIT|Dragon Pulse|p2a: Vaporeon
|-crit|p2a: Vaporeon
|-damage|p2a: Vaporeon|42/100
|move|p2a: Vaporeon|Roar|p1a: PRESS REWIND SHIT
|drag|p1a: IL TIPO DI PERSONA|Reuniclus, M|100/100
|
|-weather|RainDance|[upkeep]
|upkeep
|turn|14
|
|move|p2a: Vaporeon|Rest|p2a: Vaporeon
|-status|p2a: Vaporeon|slp|[from] move: Rest
|-heal|p2a: Vaporeon|100/100 slp|[silent]
|move|p1a: IL TIPO DI PERSONA|Thunder|p2a: Vaporeon
|-supereffective|p2a: Vaporeon
|-damage|p2a: Vaporeon|63/100 slp
|
|-weather|RainDance|[upkeep]
|-activate|p2a: Vaporeon|ability: Hydration
|-curestatus|p2a: Vaporeon|slp|[msg]
|upkeep
|turn|15
|c|☆BUGO NELL'OZONO$$$|nevermind
|
|move|p1a: IL TIPO DI PERSONA|Thunder|p2a: Vaporeon
|-supereffective|p2a: Vaporeon
|-damage|p2a: Vaporeon|29/100
|-status|p2a: Vaporeon|par
|move|p2a: Vaporeon|Roar|p1a: IL TIPO DI PERSONA
|drag|p1a: BIONIC SKILLZ|Heatran, M|100/100
|-damage|p1a: BIONIC SKILLZ|88/100|[from] Stealth Rock
|-damage|p1a: BIONIC SKILLZ|76/100|[from] Spikes
|
|-weather|RainDance|[upkeep]
|-heal|p1a: BIONIC SKILLZ|82/100|[from] item: Leftovers
|-activate|p2a: Vaporeon|ability: Hydration
|-curestatus|p2a: Vaporeon|par|[msg]
|upkeep
|turn|16
|c| BUGO NELL'ACQUA|LOL
|c| BUGO NELL'ACQUA|chip
|j| Garden of eevee
|
|switch|p1a: PRESS REWIND SHIT|Latias, F|64/100 brn
|-damage|p1a: PRESS REWIND SHIT|52/100 brn|[from] Stealth Rock
|move|p2a: Vaporeon|Rest|p2a: Vaporeon
|-status|p2a: Vaporeon|slp|[from] move: Rest
|-heal|p2a: Vaporeon|100/100 slp|[silent]
|
|-weather|RainDance|[upkeep]
|-activate|p2a: Vaporeon|ability: Hydration
|-curestatus|p2a: Vaporeon|slp|[msg]
|-damage|p1a: PRESS REWIND SHIT|39/100 brn|[from] brn
|upkeep
|turn|17
|
|move|p1a: PRESS REWIND SHIT|Roost|p1a: PRESS REWIND SHIT
|-heal|p1a: PRESS REWIND SHIT|89/100 brn
|-singleturn|p1a: PRESS REWIND SHIT|move: Roost
|move|p2a: Vaporeon|Roar|p1a: PRESS REWIND SHIT
|drag|p1a: BIONIC SKILLZ|Heatran, M|82/100
|-damage|p1a: BIONIC SKILLZ|69/100|[from] Spikes
|-damage|p1a: BIONIC SKILLZ|57/100|[from] Stealth Rock
|
|-weather|RainDance|[upkeep]
|-heal|p1a: BIONIC SKILLZ|63/100|[from] item: Leftovers
|upkeep
|turn|18
|
|move|p1a: BIONIC SKILLZ|Protect|p1a: BIONIC SKILLZ
|-singleturn|p1a: BIONIC SKILLZ|Protect
|move|p2a: Vaporeon|Roar|p1a: BIONIC SKILLZ
|-activate|p1a: BIONIC SKILLZ|move: Protect
|
|-weather|RainDance|[upkeep]
|-heal|p1a: BIONIC SKILLZ|69/100|[from] item: Leftovers
|upkeep
|turn|19
|
|switch|p1a: SANO WHAT?|Seismitoad, F|88/100
|-damage|p1a: SANO WHAT?|76/100|[from] Spikes
|-damage|p1a: SANO WHAT?|70/100|[from] Stealth Rock
|move|p2a: Vaporeon|Roar|p1a: SANO WHAT?
|drag|p1a: FOTO DI GRUPPO|Tyranitar, F|69/100
|-damage|p1a: FOTO DI GRUPPO|56/100|[from] Stealth Rock
|-damage|p1a: FOTO DI GRUPPO|44/100|[from] Spikes
|-weather|Sandstorm|[from] ability: Sand Stream|[of] p1a: FOTO DI GRUPPO
|
|-weather|Sandstorm|[upkeep]
|-damage|p2a: Vaporeon|94/100|[from] Sandstorm
|upkeep
|turn|20
|j| Just a Game Bro
|
|switch|p1a: CONOSCILMIOOSTEELO|Skarmory, F|93/100
|-damage|p1a: CONOSCILMIOOSTEELO|81/100|[from] Stealth Rock
|move|p2a: Vaporeon|Roar|p1a: CONOSCILMIOOSTEELO
|drag|p1a: SANO WHAT?|Seismitoad, F|70/100
|-damage|p1a: SANO WHAT?|64/100|[from] Stealth Rock
|-damage|p1a: SANO WHAT?|51/100|[from] Spikes
|
|-weather|Sandstorm|[upkeep]
|-damage|p2a: Vaporeon|88/100|[from] Sandstorm
|-heal|p1a: SANO WHAT?|58/100|[from] item: Leftovers
|upkeep
|turn|21
|
|move|p1a: SANO WHAT?|Knock Off|p2a: Vaporeon
|-damage|p2a: Vaporeon|86/100
|move|p2a: Vaporeon|Roar|p1a: SANO WHAT?
|drag|p1a: IL TIPO DI PERSONA|Reuniclus, M|100/100
|
|-weather|Sandstorm|[upkeep]
|-damage|p2a: Vaporeon|80/100|[from] Sandstorm
|upkeep
|turn|22
|
|move|p1a: IL TIPO DI PERSONA|Calm Mind|p1a: IL TIPO DI PERSONA
|-boost|p1a: IL TIPO DI PERSONA|spa|1
|-boost|p1a: IL TIPO DI PERSONA|spd|1
|move|p2a: Vaporeon|Roar|p1a: IL TIPO DI PERSONA
|drag|p1a: FOTO DI GRUPPO|Tyranitar, F|44/100
|-damage|p1a: FOTO DI GRUPPO|31/100|[from] Stealth Rock
|-damage|p1a: FOTO DI GRUPPO|19/100|[from] Spikes
|
|-weather|Sandstorm|[upkeep]
|-damage|p2a: Vaporeon|74/100|[from] Sandstorm
|upkeep
|turn|23
|
|move|p1a: FOTO DI GRUPPO|Stone Edge|p2a: Vaporeon
|-damage|p2a: Vaporeon|44/100
|move|p2a: Vaporeon|Roar|p1a: FOTO DI GRUPPO
|drag|p1a: CONOSCILMIOOSTEELO|Skarmory, F|81/100
|-damage|p1a: CONOSCILMIOOSTEELO|69/100|[from] Stealth Rock
|
|-weather|Sandstorm|[upkeep]
|-damage|p2a: Vaporeon|38/100|[from] Sandstorm
|upkeep
|turn|24
|j| thaRam
|
|move|p1a: CONOSCILMIOOSTEELO|Spikes|p2a: Vaporeon
|-sidestart|p2: CroCoeur|Spikes
|move|p2a: Vaporeon|Scald|p1a: CONOSCILMIOOSTEELO
|-damage|p1a: CONOSCILMIOOSTEELO|30/100
|-status|p1a: CONOSCILMIOOSTEELO|brn
|
|-weather|Sandstorm|[upkeep]
|-damage|p2a: Vaporeon|32/100|[from] Sandstorm
|-damage|p1a: CONOSCILMIOOSTEELO|17/100 brn|[from] brn
|upkeep
|turn|25
|
|move|p1a: CONOSCILMIOOSTEELO|Roost|p1a: CONOSCILMIOOSTEELO
|-heal|p1a: CONOSCILMIOOSTEELO|67/100 brn
|-singleturn|p1a: CONOSCILMIOOSTEELO|move: Roost
|move|p2a: Vaporeon|Roar|p1a: CONOSCILMIOOSTEELO
|drag|p1a: IL TIPO DI PERSONA|Reuniclus, M|100/100
|
|-weather|Sandstorm|[upkeep]
|-damage|p2a: Vaporeon|26/100|[from] Sandstorm
|upkeep
|turn|26
|
|move|p2a: Vaporeon|Rest|p2a: Vaporeon
|-status|p2a: Vaporeon|slp|[from] move: Rest
|-heal|p2a: Vaporeon|100/100 slp|[silent]
|move|p1a: IL TIPO DI PERSONA|Calm Mind|p1a: IL TIPO DI PERSONA
|-boost|p1a: IL TIPO DI PERSONA|spa|1
|-boost|p1a: IL TIPO DI PERSONA|spd|1
|
|-weather|Sandstorm|[upkeep]
|-damage|p2a: Vaporeon|94/100 slp|[from] Sandstorm
|upkeep
|turn|27
|
|switch|p2a: Politoed|Politoed, M|67/100 brn
|-damage|p2a: Politoed|54/100 brn|[from] Stealth Rock
|-damage|p2a: Politoed|42/100 brn|[from] Spikes
|-weather|RainDance|[from] ability: Drizzle|[of] p2a: Politoed
|move|p1a: IL TIPO DI PERSONA|Calm Mind|p1a: IL TIPO DI PERSONA
|-boost|p1a: IL TIPO DI PERSONA|spa|1
|-boost|p1a: IL TIPO DI PERSONA|spd|1
|
|-weather|RainDance|[upkeep]
|-damage|p2a: Politoed|29/100 brn|[from] brn
|upkeep
|turn|28
|
|move|p2a: Politoed|Encore|p1a: IL TIPO DI PERSONA
|-start|p1a: IL TIPO DI PERSONA|Encore
|move|p1a: IL TIPO DI PERSONA|Calm Mind|p1a: IL TIPO DI PERSONA
|-boost|p1a: IL TIPO DI PERSONA|spa|1
|-boost|p1a: IL TIPO DI PERSONA|spd|1
|
|-weather|RainDance|[upkeep]
|-damage|p2a: Politoed|17/100 brn|[from] brn
|upkeep
|turn|29
|
|switch|p2a: Vaporeon|Vaporeon, F|94/100 slp
|-damage|p2a: Vaporeon|82/100 slp|[from] Spikes
|-damage|p2a: Vaporeon|70/100 slp|[from] Stealth Rock
|move|p1a: IL TIPO DI PERSONA|Calm Mind|p1a: IL TIPO DI PERSONA
|-boost|p1a: IL TIPO DI PERSONA|spa|1
|-boost|p1a: IL TIPO DI PERSONA|spd|1
|
|-weather|RainDance|[upkeep]
|-activate|p2a: Vaporeon|ability: Hydration
|-curestatus|p2a: Vaporeon|slp|[msg]
|upkeep
|turn|30
|
|move|p1a: IL TIPO DI PERSONA|Calm Mind|p1a: IL TIPO DI PERSONA
|-boost|p1a: IL TIPO DI PERSONA|spa|1
|-boost|p1a: IL TIPO DI PERSONA|spd|1
|move|p2a: Vaporeon|Roar|p1a: IL TIPO DI PERSONA
|drag|p1a: BIONIC SKILLZ|Heatran, M|69/100
|-damage|p1a: BIONIC SKILLZ|57/100|[from] Spikes
|-damage|p1a: BIONIC SKILLZ|44/100|[from] Stealth Rock
|
|-weather|RainDance|[upkeep]
|-heal|p1a: BIONIC SKILLZ|51/100|[from] item: Leftovers
|upkeep
|turn|31
|
|move|p2a: Vaporeon|Acid Armor|p2a: Vaporeon
|-boost|p2a: Vaporeon|def|2
|move|p1a: BIONIC SKILLZ|Roar|p2a: Vaporeon
|drag|p2a: Celebi|Celebi|49/100
|-damage|p2a: Celebi|36/100|[from] Stealth Rock
|-damage|p2a: Celebi|24/100|[from] Spikes
|
|-weather|RainDance|[upkeep]
|-heal|p1a: BIONIC SKILLZ|57/100|[from] item: Leftovers
|-heal|p2a: Celebi|30/100|[from] item: Leftovers
|upkeep
|turn|32
|c| BUGO NELL'ACQUA|si sboccia
|
|move|p2a: Celebi|Recover|p2a: Celebi
|-heal|p2a: Celebi|80/100
|move|p1a: BIONIC SKILLZ|Roar|p2a: Celebi
|drag|p2a: Ferrothorn|Ferrothorn, M|16/100
|-damage|p2a: Ferrothorn|4/100|[from] Spikes
|-damage|p2a: Ferrothorn|0 fnt|[from] Stealth Rock
|faint|p2a: Ferrothorn
|
|-weather|RainDance|[upkeep]
|-heal|p1a: BIONIC SKILLZ|63/100|[from] item: Leftovers
|upkeep
|j| tlenit1
|c| thaRam|sì ma
|c| thaRam|quel cesso di seismitoad usi
|l| Garden of eevee
|inactive|CroCoeur has 120 seconds left.
|
|switch|p2a: Vaporeon|Vaporeon, F|70/100
|-damage|p2a: Vaporeon|58/100|[from] Spikes
|-damage|p2a: Vaporeon|45/100|[from] Stealth Rock
|turn|33
|c| BUGO NELL'ACQUA|fa proprio CAGARE seismitoad
|c|☆BUGO NELL'OZONO$$$|il re dei cessi
|
|move|p2a: Vaporeon|Scald|p1a: BIONIC SKILLZ
|-supereffective|p1a: BIONIC SKILLZ
|-damage|p1a: BIONIC SKILLZ|0 fnt
|faint|p1a: BIONIC SKILLZ
|
|-weather|RainDance|[upkeep]
|upkeep
|c| BUGO NELL'ACQUA|non a caos
|
|switch|p1a: IL TIPO DI PERSONA|Reuniclus, M|100/100
|turn|34
|c| BUGO NELL'ACQUA|è un team di bro kakka
|c| BUGO NELL'ACQUA|chi altri
|
|move|p2a: Vaporeon|Rest|p2a: Vaporeon
|-status|p2a: Vaporeon|slp|[from] move: Rest
|-heal|p2a: Vaporeon|100/100 slp|[silent]
|move|p1a: IL TIPO DI PERSONA|Calm Mind|p1a: IL TIPO DI PERSONA
|-boost|p1a: IL TIPO DI PERSONA|spa|1
|-boost|p1a: IL TIPO DI PERSONA|spd|1
|
|-weather|RainDance|[upkeep]
|-activate|p2a: Vaporeon|ability: Hydration
|-curestatus|p2a: Vaporeon|slp|[msg]
|upkeep
|turn|35
|c|☆BUGO NELL'OZONO$$$|critto qua
|
|move|p1a: IL TIPO DI PERSONA|Thunder|p2a: Vaporeon
|-supereffective|p2a: Vaporeon
|-damage|p2a: Vaporeon|46/100
|-status|p2a: Vaporeon|par
|move|p2a: Vaporeon|Roar|p1a: IL TIPO DI PERSONA
|drag|p1a: SANO WHAT?|Seismitoad, F|58/100
|-damage|p1a: SANO WHAT?|51/100|[from] Stealth Rock
|-damage|p1a: SANO WHAT?|39/100|[from] Spikes
|
|-weather|RainDance|[upkeep]
|-heal|p1a: SANO WHAT?|45/100|[from] item: Leftovers
|-activate|p2a: Vaporeon|ability: Hydration
|-curestatus|p2a: Vaporeon|par|[msg]
|upkeep
|turn|36
|c| BUGO NELL'ACQUA|critta le noci
|c| BUGO NELL'ACQUA|c'era la chance
|c| BUGO NELL'ACQUA|di fare fp
|c| BUGO NELL'ACQUA|pure.
|
|move|p1a: SANO WHAT?|Knock Off|p2a: Vaporeon
|-damage|p2a: Vaporeon|42/100
|move|p2a: Vaporeon|Roar|p1a: SANO WHAT?
|drag|p1a: FOTO DI GRUPPO|Tyranitar, F|19/100
|-damage|p1a: FOTO DI GRUPPO|7/100|[from] Stealth Rock
|-damage|p1a: FOTO DI GRUPPO|0 fnt|[from] Spikes
|faint|p1a: FOTO DI GRUPPO
|
|-weather|RainDance|[upkeep]
|upkeep
|
|switch|p1a: IL TIPO DI PERSONA|Reuniclus, M|100/100
|turn|37
|
|move|p2a: Vaporeon|Rest|p2a: Vaporeon
|-status|p2a: Vaporeon|slp|[from] move: Rest
|-heal|p2a: Vaporeon|100/100 slp|[silent]
|move|p1a: IL TIPO DI PERSONA|Thunder|p2a: Vaporeon
|-supereffective|p2a: Vaporeon
|-damage|p2a: Vaporeon|63/100 slp
|
|-weather|RainDance|[upkeep]
|-activate|p2a: Vaporeon|ability: Hydration
|-curestatus|p2a: Vaporeon|slp|[msg]
|upkeep
|turn|38
|c| thaRam|si sboccia
|c| BUGO NELL'ACQUA|senza sandstorm garchomp questo game non s'ha da fare
|
|move|p1a: IL TIPO DI PERSONA|Thunder|p2a: Vaporeon
|-supereffective|p2a: Vaporeon
|-damage|p2a: Vaporeon|25/100
|-status|p2a: Vaporeon|par
|move|p2a: Vaporeon|Roar|p1a: IL TIPO DI PERSONA
|drag|p1a: SANO WHAT?|Seismitoad, F|45/100
|-damage|p1a: SANO WHAT?|39/100|[from] Stealth Rock
|-damage|p1a: SANO WHAT?|27/100|[from] Spikes
|
|-weather|RainDance|[upkeep]
|-heal|p1a: SANO WHAT?|33/100|[from] item: Leftovers
|-activate|p2a: Vaporeon|ability: Hydration
|-curestatus|p2a: Vaporeon|par|[msg]
|upkeep
|turn|39
|c| thaRam|sì ma
|c| thaRam|1 para
|
|switch|p1a: PRESS REWIND SHIT|Latias, F|89/100 brn
|-damage|p1a: PRESS REWIND SHIT|77/100 brn|[from] Stealth Rock
|move|p2a: Vaporeon|Rest|p2a: Vaporeon
|-status|p2a: Vaporeon|slp|[from] move: Rest
|-heal|p2a: Vaporeon|100/100 slp|[silent]
|
|-weather|RainDance|[upkeep]
|-activate|p2a: Vaporeon|ability: Hydration
|-curestatus|p2a: Vaporeon|slp|[msg]
|-damage|p1a: PRESS REWIND SHIT|64/100 brn|[from] brn
|upkeep
|turn|40
|c|☆BUGO NELL'OZONO$$$|ho perso
|c|☆BUGO NELL'OZONO$$$|anyway
|c| BUGO NELL'ACQUA|non vince last mon
|c| BUGO NELL'ACQUA|rly
|c|☆BUGO NELL'OZONO$$$|c'è un cm rachi
|c|☆BUGO NELL'OZONO$$$|e latios
|c| BUGO NELL'ACQUA|ah è cm
|
|move|p1a: PRESS REWIND SHIT|Dragon Pulse|p2a: Vaporeon
|-damage|p2a: Vaporeon|82/100
|move|p2a: Vaporeon|Scald|p1a: PRESS REWIND SHIT
|-resisted|p1a: PRESS REWIND SHIT
|-damage|p1a: PRESS REWIND SHIT|46/100 brn
|
|-weather|RainDance|[upkeep]
|-damage|p1a: PRESS REWIND SHIT|34/100 brn|[from] brn
|upkeep
|turn|41
|c| BUGO NELL'ACQUA|bad looks
|
|move|p1a: PRESS REWIND SHIT|Roost|p1a: PRESS REWIND SHIT
|-heal|p1a: PRESS REWIND SHIT|84/100 brn
|-singleturn|p1a: PRESS REWIND SHIT|move: Roost
|move|p2a: Vaporeon|Roar|p1a: PRESS REWIND SHIT
|drag|p1a: IL TIPO DI PERSONA|Reuniclus, M|100/100
|
|-weather|RainDance|[upkeep]
|upkeep
|turn|42
|c|☆BUGO NELL'OZONO$$$|eh
|c|☆BUGO NELL'OZONO$$$|mi ha roarato perfetto
|c|☆BUGO NELL'OZONO$$$|100 turni di fila
|
|move|p1a: IL TIPO DI PERSONA|Calm Mind|p1a: IL TIPO DI PERSONA
|-boost|p1a: IL TIPO DI PERSONA|spa|1
|-boost|p1a: IL TIPO DI PERSONA|spd|1
|move|p2a: Vaporeon|Roar|p1a: IL TIPO DI PERSONA
|drag|p1a: PRESS REWIND SHIT|Latias, F|84/100 brn
|-damage|p1a: PRESS REWIND SHIT|72/100 brn|[from] Stealth Rock
|
|-weather|RainDance|[upkeep]
|-damage|p1a: PRESS REWIND SHIT|59/100 brn|[from] brn
|upkeep
|turn|43
|c| BUGO NELL'ACQUA|broken vaporeon
|c| BUGO NELL'ACQUA|dovrei usarlo pure io
|
|move|p1a: PRESS REWIND SHIT|Roost|p1a: PRESS REWIND SHIT
|-heal|p1a: PRESS REWIND SHIT|100/100 brn
|-singleturn|p1a: PRESS REWIND SHIT|move: Roost
|move|p2a: Vaporeon|Roar|p1a: PRESS REWIND SHIT
|drag|p1a: SANO WHAT?|Seismitoad, F|33/100
|-damage|p1a: SANO WHAT?|21/100|[from] Spikes
|-damage|p1a: SANO WHAT?|15/100|[from] Stealth Rock
|
|-weather|RainDance|[upkeep]
|-heal|p1a: SANO WHAT?|21/100|[from] item: Leftovers
|upkeep
|turn|44
|c| thaRam|Vaporeon is the Pokémon that tanks human cock the better
|
|move|p1a: SANO WHAT?|Knock Off|p2a: Vaporeon
|-damage|p2a: Vaporeon|78/100
|move|p2a: Vaporeon|Roar|p1a: SANO WHAT?
|drag|p1a: IL TIPO DI PERSONA|Reuniclus, M|100/100
|
|-weather|RainDance|[upkeep]
|upkeep
|turn|45
|c| thaRam|for no reason
|
|move|p1a: IL TIPO DI PERSONA|Calm Mind|p1a: IL TIPO DI PERSONA
|-boost|p1a: IL TIPO DI PERSONA|spa|1
|-boost|p1a: IL TIPO DI PERSONA|spd|1
|move|p2a: Vaporeon|Roar|p1a: IL TIPO DI PERSONA
|drag|p1a: PRESS REWIND SHIT|Latias, F|100/100 brn
|-damage|p1a: PRESS REWIND SHIT|88/100 brn|[from] Stealth Rock
|
|-weather|RainDance|[upkeep]
|-damage|p1a: PRESS REWIND SHIT|76/100 brn|[from] brn
|upkeep
|turn|46
|c| BUGO NELL'ACQUA|ype
|l| thaRam
|
|move|p1a: PRESS REWIND SHIT|Dragon Pulse|p2a: Vaporeon
|-damage|p2a: Vaporeon|61/100
|move|p2a: Vaporeon|Rest|p2a: Vaporeon
|-status|p2a: Vaporeon|slp|[from] move: Rest
|-heal|p2a: Vaporeon|100/100 slp|[silent]
|
|-weather|RainDance|[upkeep]
|-activate|p2a: Vaporeon|ability: Hydration
|-curestatus|p2a: Vaporeon|slp|[msg]
|-damage|p1a: PRESS REWIND SHIT|63/100 brn|[from] brn
|upkeep
|turn|47
|
|move|p1a: PRESS REWIND SHIT|Dragon Pulse|p2a: Vaporeon
|-damage|p2a: Vaporeon|81/100
|move|p2a: Vaporeon|Roar|p1a: PRESS REWIND SHIT
|drag|p1a: SANO WHAT?|Seismitoad, F|21/100
|-damage|p1a: SANO WHAT?|15/100|[from] Stealth Rock
|-damage|p1a: SANO WHAT?|2/100|[from] Spikes
|
|-weather|RainDance|[upkeep]
|-heal|p1a: SANO WHAT?|8/100|[from] item: Leftovers
|upkeep
|turn|48
|
|move|p1a: SANO WHAT?|Knock Off|p2a: Vaporeon
|-damage|p2a: Vaporeon|77/100
|move|p2a: Vaporeon|Roar|p1a: SANO WHAT?
|drag|p1a: IL TIPO DI PERSONA|Reuniclus, M|100/100
|
|-weather|RainDance|[upkeep]
|upkeep
|turn|49
|
|move|p1a: IL TIPO DI PERSONA|Calm Mind|p1a: IL TIPO DI PERSONA
|-boost|p1a: IL TIPO DI PERSONA|spa|1
|-boost|p1a: IL TIPO DI PERSONA|spd|1
|move|p2a: Vaporeon|Roar|p1a: IL TIPO DI PERSONA
|drag|p1a: CONOSCILMIOOSTEELO|Skarmory, F|67/100 brn
|-damage|p1a: CONOSCILMIOOSTEELO|55/100 brn|[from] Stealth Rock
|
|-weather|RainDance|[upkeep]
|-damage|p1a: CONOSCILMIOOSTEELO|43/100 brn|[from] brn
|upkeep
|turn|50
|
|move|p1a: CONOSCILMIOOSTEELO|Spikes|p2a: Vaporeon
|-sidestart|p2: CroCoeur|Spikes
|move|p2a: Vaporeon|Scald|p1a: CONOSCILMIOOSTEELO
|-damage|p1a: CONOSCILMIOOSTEELO|0 fnt
|faint|p1a: CONOSCILMIOOSTEELO
|
|-weather|RainDance|[upkeep]
|upkeep
|
|switch|p1a: SANO WHAT?|Seismitoad, F|8/100
|-damage|p1a: SANO WHAT?|0 fnt|[from] Spikes
|faint|p1a: SANO WHAT?
|
|switch|p1a: PRESS REWIND SHIT|Latias, F|63/100 brn
|-damage|p1a: PRESS REWIND SHIT|51/100 brn|[from] Stealth Rock
|turn|51
|
|move|p1a: PRESS REWIND SHIT|Roost|p1a: PRESS REWIND SHIT
|-heal|p1a: PRESS REWIND SHIT|100/100 brn
|-singleturn|p1a: PRESS REWIND SHIT|move: Roost
|move|p2a: Vaporeon|Acid Armor|p2a: Vaporeon
|-boost|p2a: Vaporeon|def|2
|
|-weather|RainDance|[upkeep]
|-damage|p1a: PRESS REWIND SHIT|88/100 brn|[from] brn
|upkeep
|turn|52
|
|move|p1a: PRESS REWIND SHIT|Calm Mind|p1a: PRESS REWIND SHIT
|-boost|p1a: PRESS REWIND SHIT|spa|1
|-boost|p1a: PRESS REWIND SHIT|spd|1
|move|p2a: Vaporeon|Scald|p1a: PRESS REWIND SHIT
|-resisted|p1a: PRESS REWIND SHIT
|-damage|p1a: PRESS REWIND SHIT|76/100 brn
|
|-weather|RainDance|[upkeep]
|-damage|p1a: PRESS REWIND SHIT|63/100 brn|[from] brn
|upkeep
|turn|53
|
|move|p1a: PRESS REWIND SHIT|Dragon Pulse|p2a: Vaporeon
|-damage|p2a: Vaporeon|51/100
|move|p2a: Vaporeon|Acid Armor|p2a: Vaporeon
|-boost|p2a: Vaporeon|def|2
|
|-weather|RainDance|[upkeep]
|-damage|p1a: PRESS REWIND SHIT|51/100 brn|[from] brn
|upkeep
|turn|54
|
|move|p1a: PRESS REWIND SHIT|Dragon Pulse|p2a: Vaporeon
|-damage|p2a: Vaporeon|21/100
|move|p2a: Vaporeon|Rest|p2a: Vaporeon
|-status|p2a: Vaporeon|slp|[from] move: Rest
|-heal|p2a: Vaporeon|100/100 slp|[silent]
|
|-weather|RainDance|[upkeep]
|-activate|p2a: Vaporeon|ability: Hydration
|-curestatus|p2a: Vaporeon|slp|[msg]
|-damage|p1a: PRESS REWIND SHIT|38/100 brn|[from] brn
|upkeep
|turn|55
|
|move|p1a: PRESS REWIND SHIT|Roost|p1a: PRESS REWIND SHIT
|-heal|p1a: PRESS REWIND SHIT|88/100 brn
|-singleturn|p1a: PRESS REWIND SHIT|move: Roost
|move|p2a: Vaporeon|Roar|p1a: PRESS REWIND SHIT
|drag|p1a: IL TIPO DI PERSONA|Reuniclus, M|100/100
|
|-weather|RainDance|[upkeep]
|upkeep
|turn|56
|
|move|p1a: IL TIPO DI PERSONA|Calm Mind|p1a: IL TIPO DI PERSONA
|-boost|p1a: IL TIPO DI PERSONA|spa|1
|-boost|p1a: IL TIPO DI PERSONA|spd|1
|move|p2a: Vaporeon|Roar|p1a: IL TIPO DI PERSONA
|drag|p1a: PRESS REWIND SHIT|Latias, F|88/100 brn
|-damage|p1a: PRESS REWIND SHIT|76/100 brn|[from] Stealth Rock
|
|-weather|RainDance|[upkeep]
|-damage|p1a: PRESS REWIND SHIT|63/100 brn|[from] brn
|upkeep
|turn|57
|
|move|p1a: PRESS REWIND SHIT|Calm Mind|p1a: PRESS REWIND SHIT
|-boost|p1a: PRESS REWIND SHIT|spa|1
|-boost|p1a: PRESS REWIND SHIT|spd|1
|move|p2a: Vaporeon|Acid Armor|p2a: Vaporeon
|-boost|p2a: Vaporeon|def|2
|
|-weather|RainDance|[upkeep]
|-damage|p1a: PRESS REWIND SHIT|51/100 brn|[from] brn
|upkeep
|turn|58
|
|move|p1a: PRESS REWIND SHIT|Roost|p1a: PRESS REWIND SHIT
|-heal|p1a: PRESS REWIND SHIT|100/100 brn
|-singleturn|p1a: PRESS REWIND SHIT|move: Roost
|move|p2a: Vaporeon|Roar|p1a: PRESS REWIND SHIT
|drag|p1a: IL TIPO DI PERSONA|Reuniclus, M|100/100
|
|-weather|RainDance|[upkeep]
|upkeep
|turn|59
|inactive|CroCoeur has 120 seconds left.
|
|move|p1a: IL TIPO DI PERSONA|Calm Mind|p1a: IL TIPO DI PERSONA
|-boost|p1a: IL TIPO DI PERSONA|spa|1
|-boost|p1a: IL TIPO DI PERSONA|spd|1
|move|p2a: Vaporeon|Roar|p1a: IL TIPO DI PERSONA
|drag|p1a: PRESS REWIND SHIT|Latias, F|100/100 brn
|-damage|p1a: PRESS REWIND SHIT|88/100 brn|[from] Stealth Rock
|
|-weather|RainDance|[upkeep]
|-damage|p1a: PRESS REWIND SHIT|76/100 brn|[from] brn
|upkeep
|turn|60
|inactive|CroCoeur has 120 seconds left.
|
|move|p1a: PRESS REWIND SHIT|Calm Mind|p1a: PRESS REWIND SHIT
|-boost|p1a: PRESS REWIND SHIT|spa|1
|-boost|p1a: PRESS REWIND SHIT|spd|1
|move|p2a: Vaporeon|Scald|p1a: PRESS REWIND SHIT
|-resisted|p1a: PRESS REWIND SHIT
|-damage|p1a: PRESS REWIND SHIT|65/100 brn
|
|-weather|RainDance|[upkeep]
|-damage|p1a: PRESS REWIND SHIT|52/100 brn|[from] brn
|upkeep
|turn|61
|
|move|p1a: PRESS REWIND SHIT|Calm Mind|p1a: PRESS REWIND SHIT
|-boost|p1a: PRESS REWIND SHIT|spa|1
|-boost|p1a: PRESS REWIND SHIT|spd|1
|move|p2a: Vaporeon|Scald|p1a: PRESS REWIND SHIT
|-resisted|p1a: PRESS REWIND SHIT
|-damage|p1a: PRESS REWIND SHIT|43/100 brn
|
|-weather|RainDance|[upkeep]
|-damage|p1a: PRESS REWIND SHIT|31/100 brn|[from] brn
|upkeep
|turn|62
|inactive|CroCoeur has 120 seconds left.
|
|move|p1a: PRESS REWIND SHIT|Roost|p1a: PRESS REWIND SHIT
|-heal|p1a: PRESS REWIND SHIT|81/100 brn
|-singleturn|p1a: PRESS REWIND SHIT|move: Roost
|move|p2a: Vaporeon|Roar|p1a: PRESS REWIND SHIT
|drag|p1a: IL TIPO DI PERSONA|Reuniclus, M|100/100
|
|-weather|RainDance|[upkeep]
|upkeep
|turn|63
|inactive|CroCoeur has 120 seconds left.
|
|move|p2a: Vaporeon|Acid Armor|p2a: Vaporeon
|-boost|p2a: Vaporeon|def|0
|move|p1a: IL TIPO DI PERSONA|Calm Mind|p1a: IL TIPO DI PERSONA
|-boost|p1a: IL TIPO DI PERSONA|spa|1
|-boost|p1a: IL TIPO DI PERSONA|spd|1
|
|-weather|RainDance|[upkeep]
|upkeep
|turn|64
|
|move|p1a: IL TIPO DI PERSONA|Thunder|p2a: Vaporeon
|-supereffective|p2a: Vaporeon
|-damage|p2a: Vaporeon|47/100
|-status|p2a: Vaporeon|par
|move|p2a: Vaporeon|Roar|p1a: IL TIPO DI PERSONA
|drag|p1a: PRESS REWIND SHIT|Latias, F|81/100 brn
|-damage|p1a: PRESS REWIND SHIT|69/100 brn|[from] Stealth Rock
|
|-weather|RainDance|[upkeep]
|-activate|p2a: Vaporeon|ability: Hydration
|-curestatus|p2a: Vaporeon|par|[msg]
|-damage|p1a: PRESS REWIND SHIT|56/100 brn|[from] brn
|upkeep
|turn|65
|
|switch|p1a: IL TIPO DI PERSONA|Reuniclus, M|100/100
|move|p2a: Vaporeon|Rest|p2a: Vaporeon
|-status|p2a: Vaporeon|slp|[from] move: Rest
|-heal|p2a: Vaporeon|100/100 slp|[silent]
|
|-weather|RainDance|[upkeep]
|-activate|p2a: Vaporeon|ability: Hydration
|-curestatus|p2a: Vaporeon|slp|[msg]
|upkeep
|turn|66
|
|switch|p2a: Celebi|Celebi|80/100
|-damage|p2a: Celebi|63/100|[from] Spikes
|-damage|p2a: Celebi|51/100|[from] Stealth Rock
|move|p1a: IL TIPO DI PERSONA|Calm Mind|p1a: IL TIPO DI PERSONA
|-boost|p1a: IL TIPO DI PERSONA|spa|1
|-boost|p1a: IL TIPO DI PERSONA|spd|1
|
|-weather|RainDance|[upkeep]
|-heal|p2a: Celebi|57/100|[from] item: Leftovers
|upkeep
|turn|67
|
|move|p2a: Celebi|Perish Song|p2a: Celebi
|-start|p1a: IL TIPO DI PERSONA|perish3|[silent]
|-start|p2a: Celebi|perish3|[silent]
|-fieldactivate|move: Perish Song
|move|p1a: IL TIPO DI PERSONA|Calm Mind|p1a: IL TIPO DI PERSONA
|-boost|p1a: IL TIPO DI PERSONA|spa|1
|-boost|p1a: IL TIPO DI PERSONA|spd|1
|
|-weather|RainDance|[upkeep]
|-heal|p2a: Celebi|63/100|[from] item: Leftovers
|-start|p2a: Celebi|perish3
|-start|p1a: IL TIPO DI PERSONA|perish3
|upkeep
|turn|68
|
|move|p2a: Celebi|Recover|p2a: Celebi
|-heal|p2a: Celebi|100/100
|move|p1a: IL TIPO DI PERSONA|Hidden Power|p2a: Celebi
|-supereffective|p2a: Celebi
|-damage|p2a: Celebi|50/100
|
|-weather|RainDance|[upkeep]
|-heal|p2a: Celebi|56/100|[from] item: Leftovers
|-start|p2a: Celebi|perish2
|-start|p1a: IL TIPO DI PERSONA|perish2
|upkeep
|turn|69
|
|switch|p2a: Latios|Latios, M|100/100
|-damage|p2a: Latios|88/100|[from] Stealth Rock
|move|p1a: IL TIPO DI PERSONA|Thunder|p2a: Latios
|-resisted|p2a: Latios
|-damage|p2a: Latios|53/100
|-status|p2a: Latios|par
|
|-weather|RainDance|[upkeep]
|-start|p1a: IL TIPO DI PERSONA|perish1
|upkeep
|turn|70
|inactive|BUGO NELL'OZONO$$$ has 120 seconds left.
|
|cant|p2a: Latios|par
|move|p1a: IL TIPO DI PERSONA|Hidden Power|p2a: Latios
|-supereffective|p2a: Latios
|-damage|p2a: Latios|0 fnt
|faint|p2a: Latios
|
|-weather|RainDance|[upkeep]
|-start|p1a: IL TIPO DI PERSONA|perish0
|upkeep
|faint|p1a: IL TIPO DI PERSONA
|
|switch|p2a: Celebi|Celebi|56/100
|switch|p1a: PRESS REWIND SHIT|Latias, F|56/100 brn
|-damage|p1a: PRESS REWIND SHIT|44/100 brn|[from] Stealth Rock
|-damage|p2a: Celebi|43/100|[from] Stealth Rock
|-damage|p2a: Celebi|27/100|[from] Spikes
|turn|71
|
|move|p1a: PRESS REWIND SHIT|Dragon Pulse|p2a: Celebi
|-damage|p2a: Celebi|7/100
|move|p2a: Celebi|Perish Song|p2a: Celebi
|-start|p1a: PRESS REWIND SHIT|perish3|[silent]
|-start|p2a: Celebi|perish3|[silent]
|-fieldactivate|move: Perish Song
|
|-weather|RainDance|[upkeep]
|-heal|p2a: Celebi|13/100|[from] item: Leftovers
|-damage|p1a: PRESS REWIND SHIT|31/100 brn|[from] brn
|-start|p1a: PRESS REWIND SHIT|perish3
|-start|p2a: Celebi|perish3
|upkeep
|turn|72
|-message|BUGO NELL'OZONO$$$ forfeited.
|
|win|CroCoeur
|l|☆BUGO NELL'OZONO$$$
|l| Kebab mlml
|l| BUGO NELL'ACQUA
|raw|BUGO NELL&apos;OZONO$$$'s rating: 1580 &rarr; <strong>1550</strong><br />(-30 for losing)
|raw|CroCoeur's rating: 1370 &rarr; <strong>1401</strong><br />(+31 for winning)
|l| Just a Game Bro
