|join|D'You Know What?
|join|Sovahkiin
|player|p1|D'You Know What?|124
|player|p2|Sovahkiin|264
|gametype|singles
|gen|5
|tier|[Gen 5] OU
|rated
|rule|Evasion Abilities Clause: Evasion abilities are banned
|clearpoke
|poke|p1|Ferrothorn, F, shiny
|poke|p1|Hydreigon, M, shiny
|poke|p1|Sigilyph, M, shiny
|poke|p1|Azelf, shiny
|poke|p1|Mew, shiny
|poke|p1|Conkeldurr, M, shiny
|poke|p2|Latias, F
|poke|p2|Dragonite, F
|poke|p2|Garchomp, M
|poke|p2|Gothitelle, M
|poke|p2|Ferrothorn, M
|poke|p2|Jellicent, F
|rule|Sleep Clause Mod: Limit one foe put to sleep
|rule|Species Clause: Limit one of each Pokémon
|rule|OHKO Clause: OHKO moves are banned
|rule|Moody Clause: Moody is banned
|rule|Evasion Moves Clause: Evasion moves are banned
|rule|Endless Battle Clause: Forcing endless battles is banned
|rule|HP Percentage Mod: HP is shown in percentages
|teampreview
|
|start
|switch|p1a: Trioxhydre|Hydreigon, M, shiny|325/325
|switch|p2a: Dragonite|Dragonite, F|323/323
|turn|1
|
|switch|p1a: Noacier|Ferrothorn, F, shiny|352/352
|move|p2a: Dragonite|Dragon Claw|p1a: Noacier
|-resisted|p1a: Noacier
|-damage|p1a: Noacier|291/352
|-damage|p2a: Dragonite|283/323|[from] ability: Iron Barbs|[of] p1a: Noacier
|
|-heal|p2a: Dragonite|303/323|[from] item: Leftovers
|-heal|p1a: Noacier|313/352|[from] item: Leftovers
|turn|2
|
|switch|p1a: Trioxhydre|Hydreigon, M, shiny|325/325
|move|p2a: Dragonite|Fire Punch|p1a: Trioxhydre
|-resisted|p1a: Trioxhydre
|-damage|p1a: Trioxhydre|275/325
|
|-heal|p2a: Dragonite|323/323|[from] item: Leftovers
|turn|3
|
|switch|p1a: Cryptero|Sigilyph, M, shiny|348/348
|move|p2a: Dragonite|Dragon Claw|p1a: Cryptero
|-damage|p1a: Cryptero|195/348
|
|-status|p1a: Cryptero|brn|[from] item: Flame Orb
|turn|4
|
|switch|p2a: Gothitelle|Gothitelle, M|281/281
|move|p1a: Cryptero|Psycho Shift|p2a: Gothitelle
|-status|p2a: Gothitelle|brn
|-curestatus|p1a: Cryptero|brn
|
|-damage|p2a: Gothitelle|246/281 brn|[from] brn
|-status|p1a: Cryptero|brn|[from] item: Flame Orb
|turn|5
|
|move|p2a: Gothitelle|Trick|p1a: Cryptero
|-activate|p2a: Gothitelle|move: Trick|[of] p1a: Cryptero
|-item|p1a: Cryptero|Choice Scarf|[from] move: Trick
|-item|p2a: Gothitelle|Flame Orb|[from] move: Trick
|move|p1a: Cryptero|Roost|p1a: Cryptero
|-heal|p1a: Cryptero|348/348 brn
|
|-damage|p2a: Gothitelle|211/281 brn|[from] brn
|turn|6
|chat|D'You Know What?|fuck.
|
|switch|p2a: Dragonite|Dragonite, F|323/323
|move|p1a: Cryptero|Roost|p1a: Cryptero
|-fail|p1a: Cryptero
|
|turn|7
|
|move|p1a: Cryptero|Roost|p1a: Cryptero
|-fail|p1a: Cryptero
|move|p2a: Dragonite|Dragon Dance|p2a: Dragonite
|-boost|p2a: Dragonite|atk|1
|-boost|p2a: Dragonite|spe|1
|
|turn|8
|chat|D'You Know What?|double fuck
|
|switch|p1a: Crefadet|Azelf, shiny|292/292
|move|p2a: Dragonite|Dragon Dance|p2a: Dragonite
|-boost|p2a: Dragonite|atk|1
|-boost|p2a: Dragonite|spe|1
|
|turn|9
|
|move|p2a: Dragonite|Dragon Claw|p1a: Crefadet
|-damage|p1a: Crefadet|0 fnt
|faint|p1a: Crefadet
|
|
|switch|p1a: Cryptero|Sigilyph, M, shiny|348/348 brn
|turn|10
|
|switch|p2a: Gothitelle|Gothitelle, M|211/281 brn
|move|p1a: Cryptero|Psycho Shift|p2a: Gothitelle
|-fail|p2a: Gothitelle
|
|-damage|p2a: Gothitelle|176/281 brn|[from] brn
|turn|11
|
|move|p1a: Cryptero|Psycho Shift|p2a: Gothitelle
|-fail|p2a: Gothitelle
|move|p2a: Gothitelle|Thunderbolt|p1a: Cryptero
|-supereffective|p1a: Cryptero
|-damage|p1a: Cryptero|128/348 brn
|
|-damage|p2a: Gothitelle|141/281 brn|[from] brn
|turn|12
|
|move|p1a: Cryptero|Psycho Shift|p2a: Gothitelle
|-fail|p2a: Gothitelle
|move|p2a: Gothitelle|Thunderbolt|p1a: Cryptero
|-supereffective|p1a: Cryptero
|-damage|p1a: Cryptero|0 fnt
|faint|p1a: Cryptero
|
|-damage|p2a: Gothitelle|106/281 brn|[from] brn
|
|switch|p1a: Mew|Mew, shiny|378/378
|turn|13
|
|move|p2a: Gothitelle|Trick|p1a: Mew
|-activate|p2a: Gothitelle|move: Trick|[of] p1a: Mew
|-item|p1a: Mew|Flame Orb|[from] move: Trick
|-item|p2a: Gothitelle|Leftovers|[from] move: Trick
|move|p1a: Mew|Rock Polish|p1a: Mew
|-boost|p1a: Mew|spe|2
|
|-heal|p2a: Gothitelle|123/281 brn|[from] item: Leftovers
|-damage|p2a: Gothitelle|88/281 brn|[from] brn
|-status|p1a: Mew|brn|[from] item: Flame Orb
|turn|14
|
|move|p1a: Mew|Swords Dance|p1a: Mew
|-boost|p1a: Mew|atk|2
|move|p2a: Gothitelle|Thunderbolt|p1a: Mew
|-damage|p1a: Mew|299/378 brn
|
|-heal|p2a: Gothitelle|105/281 brn|[from] item: Leftovers
|-damage|p1a: Mew|252/378 brn|[from] brn
|-damage|p2a: Gothitelle|70/281 brn|[from] brn
|turn|15
|
|switch|p2a: Dragonite|Dragonite, F|323/323
|move|p1a: Mew|Baton Pass|p1a: Mew
|
|switch|p1a: Betochef|Conkeldurr, M, shiny|351/351
|
|-status|p1a: Betochef|brn|[from] item: Flame Orb
|turn|16
|
|switch|p2a: Jellicent|Jellicent, F|404/404
|move|p1a: Betochef|Ice Punch|p2a: Jellicent
|-resisted|p2a: Jellicent
|-damage|p2a: Jellicent|206/404
|-status|p2a: Jellicent|frz
|
|-heal|p2a: Jellicent|231/404 frz|[from] item: Leftovers
|-damage|p1a: Betochef|308/351 brn|[from] brn
|turn|17
|
|move|p1a: Betochef|Thunder Punch|p2a: Jellicent
|-supereffective|p2a: Jellicent
|-damage|p2a: Jellicent|0 fnt
|faint|p2a: Jellicent
|
|-damage|p1a: Betochef|265/351 brn|[from] brn
|
|switch|p2a: Dragonite|Dragonite, F|323/323
|turn|18
|
|move|p1a: Betochef|Ice Punch|p2a: Dragonite
|-supereffective|p2a: Dragonite
|-damage|p2a: Dragonite|0 fnt
|faint|p2a: Dragonite
|
|-damage|p1a: Betochef|222/351 brn|[from] brn
|
|switch|p2a: Garchomp|Garchomp, M|357/357
|turn|19
|
|move|p1a: Betochef|Drain Punch|p2a: Garchomp
|-damage|p2a: Garchomp|0 fnt
|-heal|p1a: Betochef|351/351 brn|[from] drain|[of] p2a: Garchomp
|-damage|p1a: Betochef|308/351 brn|[from] ability: Rough Skin|[of] p2a: Garchomp
|-damage|p1a: Betochef|250/351 brn|[from] item: Rocky Helmet|[of] p2a: Garchomp
|faint|p2a: Garchomp
|
|-damage|p1a: Betochef|207/351 brn|[from] brn
|chat|D'You Know What?|gg
|
|switch|p2a: Latias|Latias, F|364/364
|turn|20
|chat|Sovahkiin|gg
|
|move|p1a: Betochef|Ice Punch|p2a: Latias
|-crit|p2a: Latias
|-supereffective|p2a: Latias
|-damage|p2a: Latias|0 fnt
|faint|p2a: Latias
|
|-damage|p1a: Betochef|164/351 brn|[from] brn
|-message|Sovahkiin forfeited.
|
|win|D'You Know What?
|raw|Ladder updating...
|leave|Sovahkiin
|player|p2
|raw|D&apos;You Know What?'s rating: 1307 &rarr; <strong>1331</strong><br />(+24 for winning)
|raw|Sovahkiin's rating: 1375 &rarr; <strong>1351</strong><br />(-24 for losing)