|j|☆MCDTeach
|j|☆RAlexa21th
|player|p1|MCDTeach|167
|player|p2|RAlexa21th|170
|teamsize|p1|6
|teamsize|p2|6
|gametype|singles
|gen|5
|tier|[Gen 5] OU
|rated|
|rule|Sleep Clause Mod: Limit one foe put to sleep
|rule|Species Clause: Limit one of each Pokémon
|rule|OHKO Clause: OHKO moves are banned
|rule|Moody Clause: Moody is banned
|rule|Evasion Moves Clause: Evasion moves are banned
|rule|Endless Battle Clause: Forcing endless battles is banned
|rule|HP Percentage Mod: HP is shown in percentages
|rule|Evasion Abilities Clause: Evasion abilities are banned
|rule|Baton Pass Clause: Limit one Baton Passer, can't pass Spe and other stats simultaneously
|rule|Swagger Clause: Swagger is banned
|clearpoke
|poke|p1|Politoed, M|item
|poke|p1|Scizor, F|item
|poke|p1|Tentacruel, F|item
|poke|p1|Landorus-Therian, M|item
|poke|p1|Kyurem|item
|poke|p1|Mew|item
|poke|p2|Tyranitar, M|item
|poke|p2|Garchomp, F|item
|poke|p2|Mamoswine, M|item
|poke|p2|Magnezone|item
|poke|p2|Latios, M|item
|poke|p2|Keldeo|item
|teampreview
|
|start
|switch|p1a: YOUNG BLOOD|Mew|100/100
|switch|p2a: Pointy|Mamoswine, M|100/100
|turn|1
|
|move|p2a: Pointy|Icicle Spear|p1a: YOUNG BLOOD
|-damage|p1a: YOUNG BLOOD|91/100
|-damage|p1a: YOUNG BLOOD|82/100
|-hitcount|p1a: YOUNG BLOOD|2
|move|p1a: YOUNG BLOOD|Will-O-Wisp|p2a: Pointy|[miss]
|-miss|p1a: YOUNG BLOOD|p2a: Pointy
|
|-heal|p1a: YOUNG BLOOD|88/100|[from] item: Leftovers
|upkeep
|turn|2
|
|move|p2a: Pointy|Stealth Rock|p1a: YOUNG BLOOD
|-sidestart|p1: MCDTeach|move: Stealth Rock
|move|p1a: YOUNG BLOOD|Will-O-Wisp|p2a: Pointy
|-status|p2a: Pointy|brn
|
|-heal|p1a: YOUNG BLOOD|94/100|[from] item: Leftovers
|-damage|p2a: Pointy|88/100 brn|[from] brn
|upkeep
|turn|3
|
|move|p2a: Pointy|Earthquake|p1a: YOUNG BLOOD
|-crit|p1a: YOUNG BLOOD
|-damage|p1a: YOUNG BLOOD|60/100
|move|p1a: YOUNG BLOOD|Will-O-Wisp|p2a: Pointy
|-fail|p2a: Pointy|brn
|
|-heal|p1a: YOUNG BLOOD|66/100|[from] item: Leftovers
|-damage|p2a: Pointy|76/100 brn|[from] brn
|upkeep
|turn|4
|
|move|p2a: Pointy|Earthquake|p1a: YOUNG BLOOD
|-damage|p1a: YOUNG BLOOD|50/100
|move|p1a: YOUNG BLOOD|Soft-Boiled|p1a: YOUNG BLOOD
|-heal|p1a: YOUNG BLOOD|99/100
|
|-heal|p1a: YOUNG BLOOD|100/100|[from] item: Leftovers
|-damage|p2a: Pointy|63/100 brn|[from] brn
|upkeep
|turn|5
|
|move|p2a: Pointy|Earthquake|p1a: YOUNG BLOOD
|-damage|p1a: YOUNG BLOOD|82/100
|move|p1a: YOUNG BLOOD|Will-O-Wisp|p2a: Pointy
|-fail|p2a: Pointy|brn
|
|-heal|p1a: YOUNG BLOOD|88/100|[from] item: Leftovers
|-damage|p2a: Pointy|51/100 brn|[from] brn
|upkeep
|turn|6
|
|move|p2a: Pointy|Earthquake|p1a: YOUNG BLOOD
|-damage|p1a: YOUNG BLOOD|69/100
|move|p1a: YOUNG BLOOD|Will-O-Wisp|p2a: Pointy
|-fail|p2a: Pointy|brn
|
|-heal|p1a: YOUNG BLOOD|75/100|[from] item: Leftovers
|-damage|p2a: Pointy|38/100 brn|[from] brn
|upkeep
|turn|7
|
|move|p2a: Pointy|Earthquake|p1a: YOUNG BLOOD
|-damage|p1a: YOUNG BLOOD|57/100
|move|p1a: YOUNG BLOOD|Soft-Boiled|p1a: YOUNG BLOOD
|-heal|p1a: YOUNG BLOOD|100/100
|
|-damage|p2a: Pointy|26/100 brn|[from] brn
|upkeep
|turn|8
|
|move|p2a: Pointy|Earthquake|p1a: YOUNG BLOOD
|-damage|p1a: YOUNG BLOOD|82/100
|move|p1a: YOUNG BLOOD|Ice Beam|p2a: Pointy
|-damage|p2a: Pointy|10/100 brn
|
|-heal|p1a: YOUNG BLOOD|88/100|[from] item: Leftovers
|-damage|p2a: Pointy|0 fnt|[from] brn
|upkeep
|faint|p2a: Pointy
|
|switch|p2a: Flying Rocks|Latios, M|100/100
|turn|9
|
|move|p2a: Flying Rocks|Calm Mind|p2a: Flying Rocks
|-boost|p2a: Flying Rocks|spa|1
|-boost|p2a: Flying Rocks|spd|1
|move|p1a: YOUNG BLOOD|Soft-Boiled|p1a: YOUNG BLOOD
|-heal|p1a: YOUNG BLOOD|100/100
|
|upkeep
|turn|10
|
|switch|p1a: UPRISING|Scizor, F|100/100
|-damage|p1a: UPRISING|88/100|[from] Stealth Rock
|move|p2a: Flying Rocks|Calm Mind|p2a: Flying Rocks
|-boost|p2a: Flying Rocks|spa|1
|-boost|p2a: Flying Rocks|spd|1
|
|-heal|p1a: UPRISING|94/100|[from] item: Leftovers
|upkeep
|turn|11
|
|switch|p1a: AMERICAN IDIOT|Politoed, M|100/100
|-damage|p1a: AMERICAN IDIOT|88/100|[from] Stealth Rock
|-weather|RainDance|[from] ability: Drizzle|[of] p1a: AMERICAN IDIOT
|move|p2a: Flying Rocks|Surf|p1a: AMERICAN IDIOT
|-resisted|p1a: AMERICAN IDIOT
|-damage|p1a: AMERICAN IDIOT|35/100
|
|-weather|RainDance|[upkeep]
|upkeep
|turn|12
|
|move|p1a: AMERICAN IDIOT|Encore|p2a: Flying Rocks
|-start|p2a: Flying Rocks|Encore
|move|p2a: Flying Rocks|Surf|p1a: AMERICAN IDIOT
|-resisted|p1a: AMERICAN IDIOT
|-damage|p1a: AMERICAN IDIOT|0 fnt
|faint|p1a: AMERICAN IDIOT
|
|-weather|RainDance|[upkeep]
|upkeep
|
|switch|p1a: FROM FINNER|Kyurem|100/100
|-damage|p1a: FROM FINNER|76/100|[from] Stealth Rock
|-ability|p1a: FROM FINNER|Pressure
|turn|13
|
|move|p2a: Flying Rocks|Surf|p1a: FROM FINNER
|-resisted|p1a: FROM FINNER
|-damage|p1a: FROM FINNER|32/100
|move|p1a: FROM FINNER|Substitute|p1a: FROM FINNER
|-start|p1a: FROM FINNER|Substitute
|-damage|p1a: FROM FINNER|7/100
|
|-weather|RainDance|[upkeep]
|-heal|p1a: FROM FINNER|13/100|[from] item: Leftovers
|upkeep
|turn|14
|
|move|p2a: Flying Rocks|Surf|p1a: FROM FINNER
|-resisted|p1a: FROM FINNER
|-end|p1a: FROM FINNER|Substitute
|move|p1a: FROM FINNER|Roost|p1a: FROM FINNER
|-heal|p1a: FROM FINNER|63/100
|
|-weather|RainDance|[upkeep]
|-heal|p1a: FROM FINNER|70/100|[from] item: Leftovers
|-end|p2a: Flying Rocks|Encore
|upkeep
|turn|15
|
|move|p2a: Flying Rocks|Psyshock|p1a: FROM FINNER
|-damage|p1a: FROM FINNER|0 fnt
|faint|p1a: FROM FINNER
|
|-weather|RainDance|[upkeep]
|upkeep
|
|switch|p1a: UPRISING|Scizor, F|94/100
|-damage|p1a: UPRISING|82/100|[from] Stealth Rock
|turn|16
|c|☆RAlexa21th|Thanks for the rain
|
|move|p2a: Flying Rocks|Surf|p1a: UPRISING
|-damage|p1a: UPRISING|4/100
|move|p1a: UPRISING|Bug Bite|p2a: Flying Rocks
|-supereffective|p2a: Flying Rocks
|-damage|p2a: Flying Rocks|1/100
|
|-weather|RainDance|[upkeep]
|-heal|p2a: Flying Rocks|7/100|[from] item: Leftovers
|-heal|p1a: UPRISING|10/100|[from] item: Leftovers
|upkeep
|turn|17
|
|move|p1a: UPRISING|Bullet Punch|p2a: Flying Rocks
|-damage|p2a: Flying Rocks|0 fnt
|faint|p2a: Flying Rocks
|
|-weather|RainDance|[upkeep]
|-heal|p1a: UPRISING|16/100|[from] item: Leftovers
|upkeep
|
|switch|p2a: Stormtrooper|Keldeo|100/100
|turn|18
|
|move|p2a: Stormtrooper|Calm Mind|p2a: Stormtrooper
|-boost|p2a: Stormtrooper|spa|1
|-boost|p2a: Stormtrooper|spd|1
|move|p1a: UPRISING|Roost|p1a: UPRISING
|-heal|p1a: UPRISING|66/100
|
|-weather|RainDance|[upkeep]
|-heal|p1a: UPRISING|72/100|[from] item: Leftovers
|upkeep
|turn|19
|
|switch|p1a: CLARITY|Tentacruel, F|100/100
|-damage|p1a: CLARITY|88/100|[from] Stealth Rock
|move|p2a: Stormtrooper|Hydro Pump|p1a: CLARITY
|-resisted|p1a: CLARITY
|-damage|p1a: CLARITY|34/100
|
|-weather|RainDance|[upkeep]
|-heal|p1a: CLARITY|40/100|[from] ability: Rain Dish
|-heal|p1a: CLARITY|46/100|[from] item: Black Sludge
|upkeep
|turn|20
|
|move|p2a: Stormtrooper|Hydro Pump|p1a: CLARITY
|-resisted|p1a: CLARITY
|-damage|p1a: CLARITY|0 fnt
|faint|p1a: CLARITY
|
|-weather|RainDance|[upkeep]
|upkeep
|-message|MCDTeach forfeited.
|
|win|RAlexa21th
|l|☆MCDTeach
|raw|MCDTeach's rating: 1468 &rarr; <strong>1439</strong><br />(-29 for losing)
|raw|RAlexa21th's rating: 1280 &rarr; <strong>1317</strong><br />(+37 for winning)
