|j|☆OhJoy11
|j|☆refsunpersons(...)
|player|p1|OhJoy11|260
|player|p2|refsunpersons(...)|bruno-gen3
|teamsize|p1|6
|teamsize|p2|6
|gametype|singles
|gen|5
|tier|[Gen 5] OU
|rated|
|rule|Sleep Clause Mod: Limit one foe put to sleep
|rule|Species Clause: Limit one of each Pokémon
|rule|OHKO Clause: OHKO moves are banned
|rule|Moody Clause: Moody is banned
|rule|Evasion Moves Clause: Evasion moves are banned
|rule|Endless Battle Clause: Forcing endless battles is banned
|rule|HP Percentage Mod: HP is shown in percentages
|rule|Evasion Abilities Clause: Evasion abilities are banned
|rule|Baton Pass Clause: Limit one Baton Passer, can't pass Spe and other stats simultaneously
|rule|Swagger Clause: Swagger is banned
|clearpoke
|poke|p1|Tyranitar, M|item
|poke|p1|Garchomp, F|item
|poke|p1|Landorus-Therian, M|item
|poke|p1|Ferrothorn, F|item
|poke|p1|Starmie|item
|poke|p1|Alakazam, M|item
|poke|p2|Politoed, F|item
|poke|p2|Ferrothorn, M|item
|poke|p2|Keldeo|item
|poke|p2|Tentacruel, F|item
|poke|p2|Scizor, M|item
|poke|p2|Latias, F|item
|teampreview
|c|☆refsunpersons(...)|gl hf
|inactive|Battle timer is ON: inactive players will automatically lose when time's up. (requested by refsunpersons(...))
|inactive|OhJoy11 has 120 seconds left.
|
|start
|switch|p1a: Garchomp|Garchomp, F|100/100
|switch|p2a: GOD HAND SLAN|Ferrothorn, M|100/100
|turn|1
|
|switch|p2a: Slugcat|Politoed, F|100/100
|-weather|RainDance|[from] ability: Drizzle|[of] p2a: Slugcat
|move|p1a: Garchomp|Fire Blast|p2a: Slugcat
|-resisted|p2a: Slugcat
|-damage|p2a: Slugcat|95/100
|
|-weather|RainDance|[upkeep]
|-heal|p2a: Slugcat|100/100|[from] item: Leftovers
|upkeep
|turn|2
|
|switch|p1a: Ferrothorn|Ferrothorn, F|100/100
|move|p2a: Slugcat|Scald|p1a: Ferrothorn
|-resisted|p1a: Ferrothorn
|-damage|p1a: Ferrothorn|86/100
|
|-weather|RainDance|[upkeep]
|-heal|p1a: Ferrothorn|92/100|[from] item: Leftovers
|upkeep
|turn|3
|
|move|p2a: Slugcat|Hypnosis|p1a: Ferrothorn
|-status|p1a: Ferrothorn|slp
|cant|p1a: Ferrothorn|slp
|
|-weather|RainDance|[upkeep]
|-heal|p1a: Ferrothorn|98/100 slp|[from] item: Leftovers
|upkeep
|turn|4
|
|switch|p2a: GOD HAND SLAN|Ferrothorn, M|100/100
|-curestatus|p1a: Ferrothorn|slp|[msg]
|move|p1a: Ferrothorn|Power Whip|p2a: GOD HAND SLAN
|-resisted|p2a: GOD HAND SLAN
|-crit|p2a: GOD HAND SLAN
|-damage|p2a: GOD HAND SLAN|88/100
|-damage|p1a: Ferrothorn|86/100|[from] ability: Iron Barbs|[of] p2a: GOD HAND SLAN
|
|-weather|RainDance|[upkeep]
|-heal|p1a: Ferrothorn|92/100|[from] item: Leftovers
|-heal|p2a: GOD HAND SLAN|94/100|[from] item: Leftovers
|upkeep
|turn|5
|
|switch|p1a: Tyranitar|Tyranitar, M|100/100
|-weather|Sandstorm|[from] ability: Sand Stream|[of] p1a: Tyranitar
|move|p2a: GOD HAND SLAN|Stealth Rock|p1a: Tyranitar
|-sidestart|p1: OhJoy11|move: Stealth Rock
|
|-weather|Sandstorm|[upkeep]
|-heal|p2a: GOD HAND SLAN|100/100|[from] item: Leftovers
|upkeep
|turn|6
|
|move|p1a: Tyranitar|Fire Blast|p2a: GOD HAND SLAN
|-supereffective|p2a: GOD HAND SLAN
|-damage|p2a: GOD HAND SLAN|27/100
|move|p2a: GOD HAND SLAN|Power Whip|p1a: Tyranitar
|-supereffective|p1a: Tyranitar
|-damage|p1a: Tyranitar|41/100
|
|-weather|Sandstorm|[upkeep]
|-heal|p2a: GOD HAND SLAN|33/100|[from] item: Leftovers
|upkeep
|turn|7
|
|switch|p2a: Slugcat|Politoed, F|100/100
|-weather|RainDance|[from] ability: Drizzle|[of] p2a: Slugcat
|move|p1a: Tyranitar|Crunch|p2a: Slugcat
|-damage|p2a: Slugcat|69/100
|-unboost|p2a: Slugcat|def|1
|
|-weather|RainDance|[upkeep]
|-heal|p2a: Slugcat|75/100|[from] item: Leftovers
|upkeep
|turn|8
|
|switch|p1a: Ferrothorn|Ferrothorn, F|92/100
|-damage|p1a: Ferrothorn|86/100|[from] Stealth Rock
|move|p2a: Slugcat|Scald|p1a: Ferrothorn
|-resisted|p1a: Ferrothorn
|-damage|p1a: Ferrothorn|73/100
|
|-weather|RainDance|[upkeep]
|-heal|p2a: Slugcat|81/100|[from] item: Leftovers
|-heal|p1a: Ferrothorn|79/100|[from] item: Leftovers
|upkeep
|turn|9
|
|move|p2a: Slugcat|Hypnosis|p1a: Ferrothorn
|-status|p1a: Ferrothorn|slp
|cant|p1a: Ferrothorn|slp
|
|-weather|RainDance|[upkeep]
|-heal|p2a: Slugcat|87/100|[from] item: Leftovers
|-heal|p1a: Ferrothorn|85/100 slp|[from] item: Leftovers
|upkeep
|turn|10
|
|switch|p2a: GOD HAND SLAN|Ferrothorn, M|33/100
|-curestatus|p1a: Ferrothorn|slp|[msg]
|move|p1a: Ferrothorn|Spikes|p2a: GOD HAND SLAN
|-sidestart|p2: refsunpersons(...)|Spikes
|
|-weather|RainDance|[upkeep]
|-heal|p1a: Ferrothorn|91/100|[from] item: Leftovers
|-heal|p2a: GOD HAND SLAN|39/100|[from] item: Leftovers
|upkeep
|turn|11
|
|switch|p1a: Garchomp|Garchomp, F|100/100
|-damage|p1a: Garchomp|94/100|[from] Stealth Rock
|move|p2a: GOD HAND SLAN|Spikes|p1a: Garchomp
|-sidestart|p1: OhJoy11|Spikes
|
|-weather|RainDance|[upkeep]
|-heal|p2a: GOD HAND SLAN|45/100|[from] item: Leftovers
|upkeep
|turn|12
|
|switch|p2a: Slugcat|Politoed, F|87/100
|-damage|p2a: Slugcat|75/100|[from] Spikes
|move|p1a: Garchomp|Earthquake|p2a: Slugcat
|-damage|p2a: Slugcat|32/100
|
|-weather|RainDance|[upkeep]
|-heal|p2a: Slugcat|38/100|[from] item: Leftovers
|upkeep
|turn|13
|
|move|p2a: Slugcat|Protect|p2a: Slugcat
|-singleturn|p2a: Slugcat|Protect
|move|p1a: Garchomp|Outrage|p2a: Slugcat
|-activate|p2a: Slugcat|move: Protect
|
|-weather|RainDance|[upkeep]
|-heal|p2a: Slugcat|44/100|[from] item: Leftovers
|upkeep
|turn|14
|
|switch|p2a: GOD HAND SLAN|Ferrothorn, M|45/100
|-damage|p2a: GOD HAND SLAN|33/100|[from] Spikes
|move|p1a: Garchomp|Earthquake|p2a: GOD HAND SLAN
|-damage|p2a: GOD HAND SLAN|0 fnt
|faint|p2a: GOD HAND SLAN
|
|-weather|RainDance|[upkeep]
|upkeep
|
|switch|p2a: Cupcakes|Keldeo|100/100
|-damage|p2a: Cupcakes|88/100|[from] Spikes
|turn|15
|
|move|p2a: Cupcakes|Hidden Power|p1a: Garchomp
|-supereffective|p1a: Garchomp
|-damage|p1a: Garchomp|0 fnt
|faint|p1a: Garchomp
|
|-weather|RainDance|[upkeep]
|upkeep
|
|switch|p1a: Alakazam|Alakazam, M|100/100
|turn|16
|
|switch|p2a: rx-78|Latias, F|100/100
|move|p1a: Alakazam|Psychic|p2a: rx-78
|-resisted|p2a: rx-78
|-damage|p2a: rx-78|82/100
|
|-weather|RainDance|[upkeep]
|-heal|p2a: rx-78|88/100|[from] item: Leftovers
|upkeep
|turn|17
|
|switch|p1a: Ferrothorn|Ferrothorn, F|91/100
|-damage|p1a: Ferrothorn|79/100|[from] Spikes
|-damage|p1a: Ferrothorn|73/100|[from] Stealth Rock
|move|p2a: rx-78|Dragon Pulse|p1a: Ferrothorn
|-resisted|p1a: Ferrothorn
|-damage|p1a: Ferrothorn|61/100
|
|-weather|RainDance|[upkeep]
|-heal|p2a: rx-78|94/100|[from] item: Leftovers
|-heal|p1a: Ferrothorn|67/100|[from] item: Leftovers
|upkeep
|turn|18
|
|switch|p2a: TORMENTOR OBELISK|Tentacruel, F|100/100
|-damage|p2a: TORMENTOR OBELISK|88/100|[from] Spikes
|move|p1a: Ferrothorn|Power Whip|p2a: TORMENTOR OBELISK
|-damage|p2a: TORMENTOR OBELISK|47/100
|
|-weather|RainDance|[upkeep]
|-heal|p2a: TORMENTOR OBELISK|53/100|[from] ability: Rain Dish
|-heal|p2a: TORMENTOR OBELISK|59/100|[from] item: Black Sludge
|-heal|p1a: Ferrothorn|73/100|[from] item: Leftovers
|upkeep
|turn|19
|
|switch|p1a: Alakazam|Alakazam, M|100/100
|move|p2a: TORMENTOR OBELISK|Protect||[still]
|-fail|p2a: TORMENTOR OBELISK
|
|-weather|RainDance|[upkeep]
|-heal|p2a: TORMENTOR OBELISK|65/100|[from] ability: Rain Dish
|-heal|p2a: TORMENTOR OBELISK|71/100|[from] item: Black Sludge
|upkeep
|turn|20
|
|move|p2a: TORMENTOR OBELISK|Protect|p2a: TORMENTOR OBELISK
|-singleturn|p2a: TORMENTOR OBELISK|Protect
|move|p1a: Alakazam|Psychic|p2a: TORMENTOR OBELISK
|-activate|p2a: TORMENTOR OBELISK|move: Protect
|
|-weather|RainDance|[upkeep]
|-heal|p2a: TORMENTOR OBELISK|77/100|[from] ability: Rain Dish
|-heal|p2a: TORMENTOR OBELISK|83/100|[from] item: Black Sludge
|upkeep
|turn|21
|
|move|p1a: Alakazam|Psychic|p2a: TORMENTOR OBELISK
|-supereffective|p2a: TORMENTOR OBELISK
|-damage|p2a: TORMENTOR OBELISK|5/100
|move|p2a: TORMENTOR OBELISK|Scald|p1a: Alakazam
|-damage|p1a: Alakazam|43/100
|-status|p1a: Alakazam|brn
|
|-weather|RainDance|[upkeep]
|-heal|p2a: TORMENTOR OBELISK|11/100|[from] ability: Rain Dish
|-heal|p2a: TORMENTOR OBELISK|17/100|[from] item: Black Sludge
|upkeep
|turn|22
|
|move|p2a: TORMENTOR OBELISK|Protect|p2a: TORMENTOR OBELISK
|-singleturn|p2a: TORMENTOR OBELISK|Protect
|move|p1a: Alakazam|Shadow Ball|p2a: TORMENTOR OBELISK
|-activate|p2a: TORMENTOR OBELISK|move: Protect
|
|-weather|RainDance|[upkeep]
|-heal|p2a: TORMENTOR OBELISK|23/100|[from] ability: Rain Dish
|-heal|p2a: TORMENTOR OBELISK|29/100|[from] item: Black Sludge
|upkeep
|turn|23
|
|switch|p2a: rx-78|Latias, F|94/100
|move|p1a: Alakazam|Psychic|p2a: rx-78
|-resisted|p2a: rx-78
|-damage|p2a: rx-78|75/100
|
|-weather|RainDance|[upkeep]
|-heal|p2a: rx-78|81/100|[from] item: Leftovers
|upkeep
|turn|24
|
|switch|p1a: Tyranitar|Tyranitar, M|41/100
|-damage|p1a: Tyranitar|28/100|[from] Stealth Rock
|-damage|p1a: Tyranitar|16/100|[from] Spikes
|-weather|Sandstorm|[from] ability: Sand Stream|[of] p1a: Tyranitar
|move|p2a: rx-78|Dragon Pulse|p1a: Tyranitar
|-damage|p1a: Tyranitar|1/100
|
|-weather|Sandstorm|[upkeep]
|-damage|p2a: rx-78|75/100|[from] Sandstorm
|-heal|p2a: rx-78|81/100|[from] item: Leftovers
|upkeep
|turn|25
|
|switch|p1a: Starmie|Starmie|100/100
|-damage|p1a: Starmie|88/100|[from] Spikes
|-damage|p1a: Starmie|76/100|[from] Stealth Rock
|move|p2a: rx-78|Dragon Pulse|p1a: Starmie
|-damage|p1a: Starmie|39/100
|
|-weather|Sandstorm|[upkeep]
|-damage|p2a: rx-78|75/100|[from] Sandstorm
|-damage|p1a: Starmie|32/100|[from] Sandstorm
|-heal|p2a: rx-78|81/100|[from] item: Leftovers
|-heal|p1a: Starmie|39/100|[from] item: Leftovers
|upkeep
|turn|26
|
|move|p2a: rx-78|Dragon Pulse|p1a: Starmie
|-damage|p1a: Starmie|0 fnt
|faint|p1a: Starmie
|
|-weather|Sandstorm|[upkeep]
|-damage|p2a: rx-78|75/100|[from] Sandstorm
|-heal|p2a: rx-78|81/100|[from] item: Leftovers
|upkeep
|
|switch|p1a: Landorus|Landorus-Therian, M|100/100
|-damage|p1a: Landorus|88/100|[from] Stealth Rock
|-ability|p1a: Landorus|Intimidate|boost
|-unboost|p2a: rx-78|atk|1
|turn|27
|
|move|p1a: Landorus|U-turn|p2a: rx-78
|-supereffective|p2a: rx-78
|-damage|p2a: rx-78|30/100
|
|switch|p1a: Ferrothorn|Ferrothorn, F|73/100
|-damage|p1a: Ferrothorn|67/100|[from] Stealth Rock
|-damage|p1a: Ferrothorn|55/100|[from] Spikes
|move|p2a: rx-78|Recover|p2a: rx-78
|-heal|p2a: rx-78|80/100
|
|-weather|Sandstorm|[upkeep]
|-damage|p2a: rx-78|74/100|[from] Sandstorm
|-heal|p2a: rx-78|80/100|[from] item: Leftovers
|-heal|p1a: Ferrothorn|61/100|[from] item: Leftovers
|upkeep
|turn|28
|
|switch|p2a: Slugcat|Politoed, F|44/100
|-damage|p2a: Slugcat|32/100|[from] Spikes
|-weather|RainDance|[from] ability: Drizzle|[of] p2a: Slugcat
|move|p1a: Ferrothorn|Power Whip|p2a: Slugcat
|-supereffective|p2a: Slugcat
|-damage|p2a: Slugcat|0 fnt
|faint|p2a: Slugcat
|
|-weather|RainDance|[upkeep]
|-heal|p1a: Ferrothorn|67/100|[from] item: Leftovers
|upkeep
|
|switch|p2a: TORMENTOR OBELISK|Tentacruel, F|29/100
|-damage|p2a: TORMENTOR OBELISK|16/100|[from] Spikes
|turn|29
|
|move|p2a: TORMENTOR OBELISK|Scald|p1a: Ferrothorn
|-resisted|p1a: Ferrothorn
|-damage|p1a: Ferrothorn|54/100
|move|p1a: Ferrothorn|Power Whip|p2a: TORMENTOR OBELISK
|-damage|p2a: TORMENTOR OBELISK|0 fnt
|faint|p2a: TORMENTOR OBELISK
|
|-weather|RainDance|[upkeep]
|-heal|p1a: Ferrothorn|60/100|[from] item: Leftovers
|upkeep
|
|switch|p2a: MYSTERIOUS GF X|Scizor, M|100/100
|-damage|p2a: MYSTERIOUS GF X|88/100|[from] Spikes
|turn|30
|
|move|p2a: MYSTERIOUS GF X|Swords Dance|p2a: MYSTERIOUS GF X
|-boost|p2a: MYSTERIOUS GF X|atk|2
|move|p1a: Ferrothorn|Leech Seed|p2a: MYSTERIOUS GF X
|-start|p2a: MYSTERIOUS GF X|move: Leech Seed
|
|-weather|RainDance|[upkeep]
|-heal|p1a: Ferrothorn|66/100|[from] item: Leftovers
|-damage|p2a: MYSTERIOUS GF X|76/100|[from] Leech Seed|[of] p1a: Ferrothorn
|-heal|p1a: Ferrothorn|77/100|[silent]
|upkeep
|turn|31
|
|move|p2a: MYSTERIOUS GF X|Bug Bite|p1a: Ferrothorn
|-damage|p1a: Ferrothorn|14/100
|-damage|p2a: MYSTERIOUS GF X|63/100|[from] ability: Iron Barbs|[of] p1a: Ferrothorn
|move|p1a: Ferrothorn|Gyro Ball|p2a: MYSTERIOUS GF X
|-resisted|p2a: MYSTERIOUS GF X
|-damage|p2a: MYSTERIOUS GF X|39/100
|
|-weather|RainDance|[upkeep]
|-heal|p1a: Ferrothorn|20/100|[from] item: Leftovers
|-damage|p2a: MYSTERIOUS GF X|26/100|[from] Leech Seed|[of] p1a: Ferrothorn
|-heal|p1a: Ferrothorn|31/100|[silent]
|upkeep
|turn|32
|
|switch|p1a: Tyranitar|Tyranitar, M|1/100
|-damage|p1a: Tyranitar|0 fnt|[from] Stealth Rock
|faint|p1a: Tyranitar
|move|p2a: MYSTERIOUS GF X|Bug Bite|p1: Tyranitar|[notarget]
|-fail|p2a: MYSTERIOUS GF X
|
|-weather|RainDance|[upkeep]
|upkeep
|
|switch|p1a: Landorus|Landorus-Therian, M|88/100
|-damage|p1a: Landorus|76/100|[from] Stealth Rock
|-ability|p1a: Landorus|Intimidate|boost
|-unboost|p2a: MYSTERIOUS GF X|atk|1
|turn|33
|
|move|p2a: MYSTERIOUS GF X|Bullet Punch|p1a: Landorus
|-damage|p1a: Landorus|12/100
|move|p1a: Landorus|Earthquake|p2a: MYSTERIOUS GF X
|-damage|p2a: MYSTERIOUS GF X|0 fnt
|faint|p2a: MYSTERIOUS GF X
|
|-weather|RainDance|[upkeep]
|upkeep
|
|switch|p2a: Cupcakes|Keldeo|88/100
|-damage|p2a: Cupcakes|76/100|[from] Spikes
|turn|34
|
|move|p2a: Cupcakes|Surf|p1a: Landorus
|-supereffective|p1a: Landorus
|-damage|p1a: Landorus|0 fnt
|faint|p1a: Landorus
|
|-weather|RainDance|[upkeep]
|upkeep
|
|switch|p1a: Ferrothorn|Ferrothorn, F|31/100
|-damage|p1a: Ferrothorn|18/100|[from] Spikes
|-damage|p1a: Ferrothorn|12/100|[from] Stealth Rock
|turn|35
|
|move|p2a: Cupcakes|Surf|p1a: Ferrothorn
|-resisted|p1a: Ferrothorn
|-damage|p1a: Ferrothorn|0 fnt
|faint|p1a: Ferrothorn
|
|-weather|RainDance|[upkeep]
|upkeep
|c|☆OhJoy11|gg
|c|☆refsunpersons(...)|gg
|-message|OhJoy11 forfeited.
|
|win|refsunpersons(...)
|l|☆OhJoy11
|raw|OhJoy11's rating: 1336 &rarr; <strong>1324</strong><br />(-12 for losing)
|raw|refsunpersons(...)'s rating: 1476 &rarr; <strong>1488</strong><br />(+12 for winning)
|l|☆refsunpersons(...)
|j|☆refsunpersons(...)
