|html|<div class="broadcast-blue"><strong>[Gen 5] OU is currently suspecting Volcarona & Cloyster! For information on how to participate check out the <a href="https://www.smogon.com/forums/threads/re-cloyster-volcarona-in-bw-ou-survey-post-29.3731863/page-2#post-9904362">suspect thread</a>.</strong></div>
|j|☆magialice
|j|☆Bluey5413
|t:|1704667886
|gametype|singles
|player|p1|magialice|arezu|1373
|player|p2|Bluey5413|sabrina|1275
|teamsize|p1|6
|teamsize|p2|6
|gen|5
|tier|[Gen 5] OU
|rated|
|rule|Species Clause: Limit one of each Pokémon
|rule|OHKO Clause: OHKO moves are banned
|rule|Moody Clause: Moody is banned
|rule|Evasion Items Clause: Evasion items are banned
|rule|Evasion Moves Clause: Evasion moves are banned
|rule|Endless Battle Clause: Forcing endless battles is banned
|rule|HP Percentage Mod: HP is shown in percentages
|rule|Evasion Abilities Clause: Evasion abilities are banned
|rule|Sleep Moves Clause: Sleep-inducing moves are banned
|rule|Swagger Clause: Swagger is banned
|rule|Baton Pass Stat Clause: No Baton Passer may have a way to boost its stats
|clearpoke
|poke|p1|Politoed, F|item
|poke|p1|Keldeo|item
|poke|p1|Excadrill, F|item
|poke|p1|Azumarill, F|item
|poke|p1|Latios, M|item
|poke|p1|Ferrothorn, M|item
|poke|p2|Abomasnow, M|item
|poke|p2|Gliscor, M|item
|poke|p2|Clefable, M|item
|poke|p2|Forretress, M|item
|poke|p2|Kyurem|item
|poke|p2|Latias, F|item
|teampreview
|inactive|Battle timer is ON: inactive players will automatically lose when time's up. (requested by Bluey5413)
|inactive|magialice also wants the timer to be on.
|
|t:|1704667902
|start
|switch|p1a: Excadrill|Excadrill, F|100/100
|switch|p2a: Gliscor|Gliscor, M|100/100
|-ability|p1a: Excadrill|Mold Breaker
|turn|1
|
|t:|1704667909
|switch|p1a: Azumarill|Azumarill, F|100/100
|move|p2a: Gliscor|Earthquake|p1a: Azumarill
|-damage|p1a: Azumarill|61/100
|
|-status|p2a: Gliscor|tox|[from] item: Toxic Orb
|upkeep
|turn|2
|
|t:|1704667911
|move|p2a: Gliscor|U-turn|p1a: Azumarill
|-damage|p1a: Azumarill|43/100
|
|t:|1704667914
|switch|p2a: Kyurem|Kyurem, shiny|100/100|[from] U-turn
|-ability|p2a: Kyurem|Pressure
|move|p1a: Azumarill|Waterfall|p2a: Kyurem
|-resisted|p2a: Kyurem
|-damage|p2a: Kyurem|70/100
|
|-heal|p2a: Kyurem|76/100|[from] item: Leftovers
|upkeep
|turn|3
|
|t:|1704667918
|move|p2a: Kyurem|Substitute|p2a: Kyurem
|-start|p2a: Kyurem|Substitute
|-damage|p2a: Kyurem|51/100
|move|p1a: Azumarill|Superpower|p2a: Kyurem
|-supereffective|p2a: Kyurem
|-end|p2a: Kyurem|Substitute
|-unboost|p1a: Azumarill|atk|1
|-unboost|p1a: Azumarill|def|1
|
|-heal|p2a: Kyurem|58/100|[from] item: Leftovers
|upkeep
|turn|4
|
|t:|1704667925
|switch|p1a: Keldeo|Keldeo|100/100
|move|p2a: Kyurem|Substitute|p2a: Kyurem
|-start|p2a: Kyurem|Substitute
|-damage|p2a: Kyurem|33/100
|
|-heal|p2a: Kyurem|39/100|[from] item: Leftovers
|upkeep
|turn|5
|
|t:|1704667929
|move|p1a: Keldeo|Secret Sword|p2a: Kyurem
|-supereffective|p2a: Kyurem
|-end|p2a: Kyurem|Substitute
|move|p2a: Kyurem|Roost|p2a: Kyurem
|-heal|p2a: Kyurem|89/100
|-singleturn|p2a: Kyurem|move: Roost
|
|-heal|p2a: Kyurem|95/100|[from] item: Leftovers
|upkeep
|turn|6
|
|t:|1704667931
|switch|p2a: Forretress|Forretress, M|100/100
|move|p1a: Keldeo|Secret Sword|p2a: Forretress
|-damage|p2a: Forretress|80/100
|
|-heal|p2a: Forretress|86/100|[from] item: Leftovers
|upkeep
|turn|7
|
|t:|1704667934
|move|p1a: Keldeo|Scald|p2a: Forretress
|-damage|p2a: Forretress|32/100
|move|p2a: Forretress|Volt Switch|p1a: Keldeo
|-supereffective|p1a: Keldeo
|-damage|p1a: Keldeo|79/100
|
|t:|1704667937
|switch|p2a: Latias|Latias, F|100/100|[from] Volt Switch
|
|-heal|p1a: Keldeo|85/100|[from] item: Leftovers
|upkeep
|turn|8
|
|t:|1704667945
|move|p1a: Keldeo|Protect|p1a: Keldeo
|-singleturn|p1a: Keldeo|Protect
|move|p2a: Latias|Hidden Power|p1a: Keldeo
|-activate|p1a: Keldeo|move: Protect
|
|-heal|p1a: Keldeo|91/100|[from] item: Leftovers
|upkeep
|turn|9
|
|t:|1704667951
|move|p2a: Latias|Draco Meteor|p1a: Keldeo
|-damage|p1a: Keldeo|27/100
|-unboost|p2a: Latias|spa|2
|move|p1a: Keldeo|Toxic|p2a: Latias
|-status|p2a: Latias|tox
|
|-heal|p1a: Keldeo|33/100|[from] item: Leftovers
|-damage|p2a: Latias|95/100 tox|[from] psn
|upkeep
|turn|10
|
|t:|1704667962
|move|p1a: Keldeo|Protect|p1a: Keldeo
|-singleturn|p1a: Keldeo|Protect
|move|p2a: Latias|Draco Meteor|p1a: Keldeo
|-activate|p1a: Keldeo|move: Protect
|
|-heal|p1a: Keldeo|39/100|[from] item: Leftovers
|-damage|p2a: Latias|83/100 tox|[from] psn
|upkeep
|turn|11
|
|t:|1704667966
|switch|p1a: Ferrothorn|Ferrothorn, M|100/100
|move|p2a: Latias|Thunder Wave|p1a: Ferrothorn
|-status|p1a: Ferrothorn|par
|
|-damage|p2a: Latias|65/100 tox|[from] psn
|upkeep
|turn|12
|
|t:|1704667973
|switch|p2a: Clefable|Clefable, M|100/100
|switch|p1a: Politoed|Politoed, F|100/100
|-weather|RainDance|[from] ability: Drizzle|[of] p1a: Politoed
|
|-weather|RainDance|[upkeep]
|upkeep
|turn|13
|
|t:|1704667976
|switch|p1a: Excadrill|Excadrill, F|100/100
|-ability|p1a: Excadrill|Mold Breaker
|move|p2a: Clefable|Knock Off|p1a: Excadrill
|-resisted|p1a: Excadrill
|-damage|p1a: Excadrill|99/100
|-enditem|p1a: Excadrill|Leftovers|[from] move: Knock Off|[of] p2a: Clefable
|
|-weather|RainDance|[upkeep]
|upkeep
|turn|14
|
|t:|1704667980
|switch|p2a: Gliscor|Gliscor, M|100/100 tox
|move|p1a: Excadrill|Stealth Rock|p2a: Gliscor
|-sidestart|p2: Bluey5413|move: Stealth Rock
|
|-weather|RainDance|[upkeep]
|upkeep
|turn|15
|
|t:|1704667985
|switch|p1a: Politoed|Politoed, F|100/100
|move|p2a: Gliscor|Earthquake|p1a: Politoed
|-damage|p1a: Politoed|76/100
|
|-weather|RainDance|[upkeep]
|upkeep
|turn|16
|
|t:|1704667992
|move|p2a: Gliscor|U-turn|p1a: Politoed
|-damage|p1a: Politoed|64/100
|
|t:|1704667995
|switch|p2a: Obamasnow|Abomasnow, M, shiny|100/100|[from] U-turn
|-damage|p2a: Obamasnow|75/100|[from] Stealth Rock
|-weather|Hail|[from] ability: Snow Warning|[of] p2a: Obamasnow
|move|p1a: Politoed|Scald|p2a: Obamasnow
|-resisted|p2a: Obamasnow
|-damage|p2a: Obamasnow|61/100
|
|-weather|Hail|[upkeep]
|-damage|p1a: Politoed|58/100|[from] Hail
|-heal|p2a: Obamasnow|68/100|[from] item: Leftovers
|upkeep
|turn|17
|
|t:|1704668000
|switch|p1a: Ferrothorn|Ferrothorn, M|100/100 par
|move|p2a: Obamasnow|Wood Hammer|p1a: Ferrothorn
|-resisted|p1a: Ferrothorn
|-damage|p1a: Ferrothorn|91/100 par
|-damage|p2a: Obamasnow|55/100|[from] ability: Iron Barbs|[of] p1a: Ferrothorn
|-damage|p2a: Obamasnow|52/100|[from] Recoil
|
|-weather|Hail|[upkeep]
|-damage|p1a: Ferrothorn|84/100 par|[from] Hail
|-heal|p2a: Obamasnow|58/100|[from] item: Leftovers
|upkeep
|turn|18
|
|t:|1704668004
|switch|p2a: Clefable|Clefable, M|100/100
|switch|p1a: Politoed|Politoed, F|58/100
|-weather|RainDance|[from] ability: Drizzle|[of] p1a: Politoed
|
|-weather|RainDance|[upkeep]
|upkeep
|turn|19
|
|t:|1704668007
|switch|p1a: Excadrill|Excadrill, F|99/100
|-ability|p1a: Excadrill|Mold Breaker
|move|p2a: Clefable|Knock Off|p1a: Excadrill
|-resisted|p1a: Excadrill
|-damage|p1a: Excadrill|97/100
|
|-weather|RainDance|[upkeep]
|upkeep
|turn|20
|
|t:|1704668012
|switch|p1a: Azumarill|Azumarill, F|43/100
|switch|p2a: Gliscor|Gliscor, M|100/100 tox
|-damage|p2a: Gliscor|88/100 tox|[from] Stealth Rock
|
|-weather|RainDance|[upkeep]
|-heal|p2a: Gliscor|100/100 tox|[from] ability: Poison Heal
|upkeep
|turn|21
|
|t:|1704668014
|move|p2a: Gliscor|U-turn|p1a: Azumarill
|-damage|p1a: Azumarill|24/100
|
|t:|1704668020
|switch|p2a: Kyurem|Kyurem, shiny|95/100|[from] U-turn
|-damage|p2a: Kyurem|70/100|[from] Stealth Rock
|-ability|p2a: Kyurem|Pressure
|move|p1a: Azumarill|Waterfall|p2a: Kyurem
|-resisted|p2a: Kyurem
|-damage|p2a: Kyurem|28/100
|
|-weather|RainDance|[upkeep]
|-heal|p2a: Kyurem|34/100|[from] item: Leftovers
|upkeep
|turn|22
|
|t:|1704668025
|move|p2a: Kyurem|Earth Power|p1a: Azumarill
|-damage|p1a: Azumarill|0 fnt
|faint|p1a: Azumarill
|
|-weather|RainDance|[upkeep]
|-heal|p2a: Kyurem|40/100|[from] item: Leftovers
|upkeep
|
|t:|1704668030
|switch|p1a: Keldeo|Keldeo|39/100
|turn|23
|
|t:|1704668040
|switch|p2a: Gliscor|Gliscor, M|100/100 tox
|-damage|p2a: Gliscor|88/100 tox|[from] Stealth Rock
|move|p1a: Keldeo|Secret Sword|p2a: Gliscor
|-resisted|p2a: Gliscor
|-damage|p2a: Gliscor|74/100 tox
|
|-weather|RainDance|[upkeep]
|-heal|p1a: Keldeo|45/100|[from] item: Leftovers
|-heal|p2a: Gliscor|87/100 tox|[from] ability: Poison Heal
|upkeep
|turn|24
|
|t:|1704668046
|switch|p2a: Obamasnow|Abomasnow, M, shiny|58/100
|-damage|p2a: Obamasnow|33/100|[from] Stealth Rock
|-weather|Hail|[from] ability: Snow Warning|[of] p2a: Obamasnow
|move|p1a: Keldeo|Scald|p2a: Obamasnow
|-resisted|p2a: Obamasnow
|-crit|p2a: Obamasnow
|-damage|p2a: Obamasnow|0 fnt
|faint|p2a: Obamasnow
|
|-weather|Hail|[upkeep]
|-damage|p1a: Keldeo|39/100|[from] Hail
|-heal|p1a: Keldeo|45/100|[from] item: Leftovers
|upkeep
|c|☆Bluey5413|god keld fucks this team over
|
|t:|1704668058
|switch|p2a: Latias|Latias, F|65/100 tox
|-damage|p2a: Latias|52/100 tox|[from] Stealth Rock
|turn|25
|
|t:|1704668060
|move|p1a: Keldeo|Protect|p1a: Keldeo
|-singleturn|p1a: Keldeo|Protect
|move|p2a: Latias|Recover|p2a: Latias
|-heal|p2a: Latias|100/100 tox
|
|-weather|Hail|[upkeep]
|-damage|p2a: Latias|95/100 tox|[from] Hail
|-damage|p1a: Keldeo|39/100|[from] Hail
|-heal|p1a: Keldeo|45/100|[from] item: Leftovers
|-damage|p2a: Latias|89/100 tox|[from] psn
|upkeep
|turn|26
|
|t:|1704668064
|switch|p1a: Ferrothorn|Ferrothorn, M|84/100 par
|move|p2a: Latias|Hidden Power|p1a: Ferrothorn
|-supereffective|p1a: Ferrothorn
|-damage|p1a: Ferrothorn|25/100 par
|
|-weather|Hail|[upkeep]
|-damage|p2a: Latias|83/100 tox|[from] Hail
|-damage|p1a: Ferrothorn|19/100 par|[from] Hail
|-damage|p2a: Latias|71/100 tox|[from] psn
|upkeep
|turn|27
|
|t:|1704668070
|switch|p1a: Politoed|Politoed, F|58/100
|-weather|RainDance|[from] ability: Drizzle|[of] p1a: Politoed
|move|p2a: Latias|Draco Meteor|p1a: Politoed
|-damage|p1a: Politoed|0 fnt
|-unboost|p2a: Latias|spa|2
|faint|p1a: Politoed
|
|-weather|RainDance|[upkeep]
|-damage|p2a: Latias|53/100 tox|[from] psn
|upkeep
|
|t:|1704668085
|switch|p1a: Excadrill|Excadrill, F|97/100
|-ability|p1a: Excadrill|Mold Breaker
|turn|28
|
|t:|1704668089
|switch|p2a: Forretress|Forretress, M|32/100
|-damage|p2a: Forretress|20/100|[from] Stealth Rock
|switch|p1a: Keldeo|Keldeo|45/100
|
|-weather|RainDance|[upkeep]
|-heal|p1a: Keldeo|52/100|[from] item: Leftovers
|-heal|p2a: Forretress|26/100|[from] item: Leftovers
|upkeep
|turn|29
|
|t:|1704668092
|move|p1a: Keldeo|Scald|p2a: Forretress
|-damage|p2a: Forretress|0 fnt
|faint|p2a: Forretress
|
|-weather|RainDance|[upkeep]
|-heal|p1a: Keldeo|58/100|[from] item: Leftovers
|upkeep
|
|t:|1704668094
|switch|p2a: Latias|Latias, F|53/100 tox
|-damage|p2a: Latias|40/100 tox|[from] Stealth Rock
|turn|30
|
|t:|1704668098
|switch|p1a: Excadrill|Excadrill, F|97/100
|-ability|p1a: Excadrill|Mold Breaker
|move|p2a: Latias|Draco Meteor|p1a: Excadrill|[miss]
|-miss|p2a: Latias|p1a: Excadrill
|
|-weather|RainDance|[upkeep]
|-damage|p2a: Latias|34/100 tox|[from] psn
|upkeep
|turn|31
|
|t:|1704668102
|move|p2a: Latias|Recover|p2a: Latias
|-heal|p2a: Latias|85/100 tox
|move|p1a: Excadrill|Earthquake|p2a: Latias
|-damage|p2a: Latias|25/100 tox
|
|-weather|RainDance|[upkeep]
|-damage|p2a: Latias|13/100 tox|[from] psn
|upkeep
|turn|32
|
|t:|1704668108
|switch|p1a: Keldeo|Keldeo|58/100
|move|p2a: Latias|Recover|p2a: Latias
|-heal|p2a: Latias|63/100 tox
|
|-weather|RainDance|[upkeep]
|-heal|p1a: Keldeo|64/100|[from] item: Leftovers
|-damage|p2a: Latias|45/100 tox|[from] psn
|upkeep
|turn|33
|c|☆Bluey5413|gg
|c|☆magialice|gg
|
|t:|1704668117
|move|p1a: Keldeo|Protect|p1a: Keldeo
|-singleturn|p1a: Keldeo|Protect
|move|p2a: Latias|Draco Meteor|p1a: Keldeo
|-activate|p1a: Keldeo|move: Protect
|
|-weather|RainDance|[upkeep]
|-heal|p1a: Keldeo|70/100|[from] item: Leftovers
|-damage|p2a: Latias|21/100 tox|[from] psn
|upkeep
|turn|34
|
|t:|1704668120
|switch|p1a: Ferrothorn|Ferrothorn, M|19/100 par
|move|p2a: Latias|Draco Meteor|p1a: Ferrothorn
|-resisted|p1a: Ferrothorn
|-damage|p1a: Ferrothorn|0 fnt
|-unboost|p2a: Latias|spa|2
|faint|p1a: Ferrothorn
|
|-weather|RainDance|[upkeep]
|-damage|p2a: Latias|0 fnt|[from] psn
|faint|p2a: Latias
|upkeep
|
|t:|1704668125
|switch|p2a: Clefable|Clefable, M|100/100
|switch|p1a: Keldeo|Keldeo|70/100
|turn|35
|
|t:|1704668130
|switch|p1a: Excadrill|Excadrill, F|97/100
|-ability|p1a: Excadrill|Mold Breaker
|move|p2a: Clefable|Thunder Wave|p1a: Excadrill
|-immune|p1a: Excadrill
|
|-weather|RainDance|[upkeep]
|upkeep
|turn|36
|
|t:|1704668138
|switch|p1a: Latios|Latios, M|100/100
|switch|p2a: Gliscor|Gliscor, M|87/100 tox
|-damage|p2a: Gliscor|74/100 tox|[from] Stealth Rock
|
|-weather|RainDance|[upkeep]
|-heal|p2a: Gliscor|87/100 tox|[from] ability: Poison Heal
|upkeep
|turn|37
|
|t:|1704668143
|switch|p2a: Clefable|Clefable, M|100/100
|move|p1a: Latios|Surf|p2a: Clefable
|-damage|p2a: Clefable|66/100
|
|-weather|RainDance|[upkeep]
|-heal|p2a: Clefable|72/100|[from] item: Leftovers
|upkeep
|turn|38
|
|t:|1704668147
|switch|p1a: Excadrill|Excadrill, F|97/100
|-ability|p1a: Excadrill|Mold Breaker
|move|p2a: Clefable|Seismic Toss|p1a: Excadrill
|-damage|p1a: Excadrill|73/100
|
|-weather|RainDance|[upkeep]
|-heal|p2a: Clefable|78/100|[from] item: Leftovers
|upkeep
|turn|39
|
|t:|1704668151
|switch|p2a: Gliscor|Gliscor, M|87/100 tox
|-damage|p2a: Gliscor|74/100 tox|[from] Stealth Rock
|move|p1a: Excadrill|Earthquake|p2a: Gliscor
|-immune|p2a: Gliscor
|
|-weather|RainDance|[upkeep]
|-heal|p2a: Gliscor|87/100 tox|[from] ability: Poison Heal
|upkeep
|turn|40
|
|t:|1704668159
|switch|p1a: Latios|Latios, M|100/100
|move|p2a: Gliscor|U-turn|p1a: Latios
|-supereffective|p1a: Latios
|-crit|p1a: Latios
|-damage|p1a: Latios|15/100
|
|t:|1704668164
|switch|p2a: Clefable|Clefable, M|78/100|[from] U-turn
|
|-weather|RainDance|[upkeep]
|-heal|p2a: Clefable|84/100|[from] item: Leftovers
|upkeep
|turn|41
|
|t:|1704668172
|switch|p2a: Kyurem|Kyurem, shiny|40/100
|-damage|p2a: Kyurem|15/100|[from] Stealth Rock
|-ability|p2a: Kyurem|Pressure
|move|p1a: Latios|Trick|p2a: Kyurem
|-activate|p1a: Latios|move: Trick|[of] p2a: Kyurem
|-item|p2a: Kyurem|Choice Scarf|[from] move: Trick
|-item|p1a: Latios|Leftovers|[from] move: Trick
|
|-weather|RainDance|[upkeep]
|-heal|p1a: Latios|21/100|[from] item: Leftovers
|upkeep
|turn|42
|
|t:|1704668179
|switch|p1a: Keldeo|Keldeo|70/100
|move|p2a: Kyurem|Ice Beam|p1a: Keldeo
|-resisted|p1a: Keldeo
|-damage|p1a: Keldeo|48/100
|
|-weather|RainDance|[upkeep]
|-heal|p1a: Keldeo|54/100|[from] item: Leftovers
|upkeep
|turn|43
|
|t:|1704668185
|move|p2a: Kyurem|Ice Beam|p1a: Keldeo
|-resisted|p1a: Keldeo
|-damage|p1a: Keldeo|30/100
|move|p1a: Keldeo|Scald|p2a: Kyurem
|-resisted|p2a: Kyurem
|-damage|p2a: Kyurem|0 fnt
|faint|p2a: Kyurem
|
|-weather|RainDance|[upkeep]
|-heal|p1a: Keldeo|36/100|[from] item: Leftovers
|upkeep
|c|☆Bluey5413|freeze plox
|
|t:|1704668193
|switch|p2a: Clefable|Clefable, M|84/100
|turn|44
|
|t:|1704668194
|move|p1a: Keldeo|Secret Sword|p2a: Clefable
|-supereffective|p2a: Clefable
|-damage|p2a: Clefable|14/100
|move|p2a: Clefable|Thunder Wave|p1a: Keldeo
|-status|p1a: Keldeo|par
|
|-weather|RainDance|[upkeep]
|-heal|p2a: Clefable|20/100|[from] item: Leftovers
|-heal|p1a: Keldeo|42/100 par|[from] item: Leftovers
|upkeep
|turn|45
|
|t:|1704668198
|move|p2a: Clefable|Soft-Boiled|p2a: Clefable
|-heal|p2a: Clefable|70/100
|move|p1a: Keldeo|Secret Sword|p2a: Clefable
|-supereffective|p2a: Clefable
|-damage|p2a: Clefable|1/100
|
|-weather|RainDance|[upkeep]
|-heal|p2a: Clefable|7/100|[from] item: Leftovers
|-heal|p1a: Keldeo|48/100 par|[from] item: Leftovers
|upkeep
|turn|46
|
|t:|1704668200
|move|p2a: Clefable|Soft-Boiled|p2a: Clefable
|-heal|p2a: Clefable|57/100
|cant|p1a: Keldeo|par
|
|-weather|RainDance|[upkeep]
|-heal|p2a: Clefable|63/100|[from] item: Leftovers
|-heal|p1a: Keldeo|55/100 par|[from] item: Leftovers
|upkeep
|turn|47
|
|t:|1704668202
|move|p2a: Clefable|Soft-Boiled|p2a: Clefable
|-heal|p2a: Clefable|100/100
|cant|p1a: Keldeo|par
|
|-weather|RainDance|[upkeep]
|-heal|p1a: Keldeo|61/100 par|[from] item: Leftovers
|upkeep
|turn|48
|
|t:|1704668204
|move|p2a: Clefable|Seismic Toss|p1a: Keldeo
|-damage|p1a: Keldeo|35/100 par
|move|p1a: Keldeo|Secret Sword|p2a: Clefable
|-supereffective|p2a: Clefable
|-damage|p2a: Clefable|27/100
|
|-weather|RainDance|[upkeep]
|-heal|p2a: Clefable|33/100|[from] item: Leftovers
|-heal|p1a: Keldeo|41/100 par|[from] item: Leftovers
|upkeep
|turn|49
|
|t:|1704668207
|move|p2a: Clefable|Seismic Toss|p1a: Keldeo
|-damage|p1a: Keldeo|15/100 par
|move|p1a: Keldeo|Secret Sword|p2a: Clefable
|-supereffective|p2a: Clefable
|-damage|p2a: Clefable|0 fnt
|faint|p2a: Clefable
|
|-weather|RainDance|[upkeep]
|-heal|p1a: Keldeo|21/100 par|[from] item: Leftovers
|upkeep
|
|t:|1704668210
|switch|p2a: Gliscor|Gliscor, M|87/100 tox
|-damage|p2a: Gliscor|74/100 tox|[from] Stealth Rock
|turn|50
|
|t:|1704668213
|move|p2a: Gliscor|Earthquake|p1a: Keldeo
|-damage|p1a: Keldeo|0 fnt
|faint|p1a: Keldeo
|
|-weather|RainDance|[upkeep]
|-heal|p2a: Gliscor|87/100 tox|[from] ability: Poison Heal
|upkeep
|
|t:|1704668216
|switch|p1a: Latios|Latios, M|21/100
|turn|51
|
|t:|1704668219
|move|p2a: Gliscor|Protect|p2a: Gliscor
|-singleturn|p2a: Gliscor|Protect
|move|p1a: Latios|Surf|p2a: Gliscor
|-activate|p2a: Gliscor|move: Protect
|
|-weather|RainDance|[upkeep]
|-heal|p1a: Latios|27/100|[from] item: Leftovers
|-heal|p2a: Gliscor|99/100 tox|[from] ability: Poison Heal
|upkeep
|turn|52
|
|t:|1704668220
|move|p1a: Latios|Surf|p2a: Gliscor
|-supereffective|p2a: Gliscor
|-damage|p2a: Gliscor|13/100 tox
|move|p2a: Gliscor|U-turn|p1a: Latios
|-supereffective|p1a: Latios
|-damage|p1a: Latios|0 fnt
|faint|p1a: Latios
|
|-weather|RainDance|[upkeep]
|-heal|p2a: Gliscor|26/100 tox|[from] ability: Poison Heal
|upkeep
|
|t:|1704668224
|switch|p1a: Excadrill|Excadrill, F|73/100
|-ability|p1a: Excadrill|Mold Breaker
|turn|53
|
|t:|1704668226
|move|p2a: Gliscor|Protect|p2a: Gliscor
|-singleturn|p2a: Gliscor|Protect
|move|p1a: Excadrill|Rapid Spin|p2a: Gliscor
|-activate|p2a: Gliscor|move: Protect
|
|-weather|RainDance|[upkeep]
|-heal|p2a: Gliscor|38/100 tox|[from] ability: Poison Heal
|upkeep
|turn|54
|
|t:|1704668230
|move|p2a: Gliscor|Protect||[still]
|-fail|p2a: Gliscor
|move|p1a: Excadrill|Rapid Spin|p2a: Gliscor
|-damage|p2a: Gliscor|33/100 tox
|
|-weather|RainDance|[upkeep]
|-heal|p2a: Gliscor|46/100 tox|[from] ability: Poison Heal
|upkeep
|turn|55
|
|t:|1704668233
|move|p1a: Excadrill|Rapid Spin|p2a: Gliscor
|-damage|p2a: Gliscor|41/100 tox
|move|p2a: Gliscor|Earthquake|p1a: Excadrill
|-supereffective|p1a: Excadrill
|-damage|p1a: Excadrill|0 fnt
|faint|p1a: Excadrill
|
|win|Bluey5413
|raw|magialice's rating: 1373 &rarr; <strong>1348</strong><br />(-25 for losing)
|raw|Bluey5413's rating: 1275 &rarr; <strong>1307</strong><br />(+32 for winning)
|l|☆magialice
|c|☆Bluey5413|is drill no iron head?
