|j|☆Cinema Staff Fan
|j|☆thooooori
|t:|1742748224
|gametype|singles
|player|p1|Cinema Staff Fan|li|1428
|player|p2|thooooori|alder|1504
|teamsize|p1|6
|teamsize|p2|6
|gen|5
|tier|[Gen 5] OU
|rated|
|rule|Species Clause: Limit one of each Pokémon
|rule|OHKO Clause: OHKO moves are banned
|rule|Moody Clause: Moody is banned
|rule|Evasion Items Clause: Evasion items are banned
|rule|Evasion Moves Clause: Evasion moves are banned
|rule|Endless Battle Clause: Forcing endless battles is banned
|rule|HP Percentage Mod: HP is shown in percentages
|rule|Evasion Abilities Clause: Evasion abilities are banned
|rule|Sleep Moves Clause: Sleep-inducing moves are banned
|rule|Swagger Clause: Swagger is banned
|rule|Baton Pass Stat Clause: No Baton Passer may have a way to boost its stats
|clearpoke
|poke|p1|Landorus-Therian, M|item
|poke|p1|Conkeldurr, M|item
|poke|p1|Tyranitar, M|item
|poke|p1|Gastrodon, M|item
|poke|p1|Alakazam, M|item
|poke|p1|Starmie|item
|poke|p2|Politoed, M|item
|poke|p2|Keldeo|item
|poke|p2|Breloom, F|item
|poke|p2|Metagross|item
|poke|p2|Scizor, M|item
|poke|p2|Azumarill, M|item
|teampreview
|inactive|Battle timer is ON: inactive players will automatically lose when time's up. (requested by Cinema Staff Fan)
|
|t:|1742748258
|start
|switch|p1a: Landorus|Landorus-Therian, M|100/100
|switch|p2a: Politoed|Politoed, M|100/100
|-ability|p1a: Landorus|Intimidate|boost
|-unboost|p2a: Politoed|atk|1
|-weather|RainDance|[from] ability: Drizzle|[of] p2a: Politoed
|turn|1
|
|t:|1742748265
|move|p1a: Landorus|U-turn|p2a: Politoed
|-damage|p2a: Politoed|72/100
|
|t:|1742748267
|switch|p1a: Tyranitar|Tyranitar, M|100/100|[from] U-turn
|-weather|Sandstorm|[from] ability: Sand Stream|[of] p1a: Tyranitar
|move|p2a: Politoed|Surf|p1a: Tyranitar
|-supereffective|p1a: Tyranitar
|-damage|p1a: Tyranitar|41/100
|
|-weather|Sandstorm|[upkeep]
|-damage|p2a: Politoed|66/100|[from] Sandstorm
|upkeep
|turn|2
|
|t:|1742748277
|switch|p2a: Breloom|Breloom, F|100/100
|switch|p1a: Gastrodon|Gastrodon, M|100/100
|
|-weather|Sandstorm|[upkeep]
|-damage|p2a: Breloom|94/100|[from] Sandstorm
|upkeep
|turn|3
|
|t:|1742748286
|switch|p1a: Tyranitar|Tyranitar, M|41/100
|move|p2a: Breloom|Bullet Seed|p1a: Tyranitar
|-supereffective|p1a: Tyranitar
|-damage|p1a: Tyranitar|0 fnt
|faint|p1a: Tyranitar
|-hitcount|p1: Tyranitar|1
|
|-weather|Sandstorm|[upkeep]
|-damage|p2a: Breloom|88/100|[from] Sandstorm
|upkeep
|
|t:|1742748293
|switch|p1a: Conkeldurr|Conkeldurr, M|100/100
|turn|4
|
|t:|1742748302
|move|p2a: Breloom|Bullet Seed|p1a: Conkeldurr
|-damage|p1a: Conkeldurr|70/100
|-damage|p1a: Conkeldurr|40/100
|-damage|p1a: Conkeldurr|12/100
|-hitcount|p1a: Conkeldurr|3
|move|p1a: Conkeldurr|Drain Punch|p2a: Breloom
|-damage|p2a: Breloom|0 fnt
|-heal|p1a: Conkeldurr|42/100|[from] drain|[of] p2a: Breloom
|faint|p2a: Breloom
|-damage|p1a: Conkeldurr|32/100|[from] item: Life Orb
|
|-weather|Sandstorm|[upkeep]
|-damage|p1a: Conkeldurr|26/100|[from] Sandstorm
|upkeep
|inactive|thooooori has 120 seconds left.
|
|t:|1742748334
|switch|p2a: Politoed|Politoed, M|66/100
|-weather|RainDance|[from] ability: Drizzle|[of] p2a: Politoed
|turn|5
|
|t:|1742748348
|move|p1a: Conkeldurr|Mach Punch|p2a: Politoed
|-damage|p2a: Politoed|20/100
|-damage|p1a: Conkeldurr|16/100|[from] item: Life Orb
|move|p2a: Politoed|Surf|p1a: Conkeldurr
|-damage|p1a: Conkeldurr|0 fnt
|faint|p1a: Conkeldurr
|
|-weather|RainDance|[upkeep]
|upkeep
|
|t:|1742748353
|switch|p1a: Gastrodon|Gastrodon, M|100/100
|turn|6
|inactive|thooooori has 120 seconds left.
|
|t:|1742748396
|switch|p2a: Keldeo|Keldeo|100/100
|move|p1a: Gastrodon|Scald|p2a: Keldeo
|-resisted|p2a: Keldeo
|-damage|p2a: Keldeo|79/100
|
|-weather|RainDance|[upkeep]
|upkeep
|turn|7
|
|t:|1742748403
|switch|p1a: Landorus|Landorus-Therian, M|100/100
|-ability|p1a: Landorus|Intimidate|boost
|-unboost|p2a: Keldeo|atk|1
|move|p2a: Keldeo|Hidden Power|p1a: Landorus
|-damage|p1a: Landorus|53/100
|
|-weather|RainDance|[upkeep]
|upkeep
|turn|8
|
|t:|1742748414
|switch|p2a: Metagross|Metagross|100/100
|move|p1a: Landorus|U-turn|p2a: Metagross
|-damage|p2a: Metagross|79/100
|
|t:|1742748422
|switch|p1a: Gastrodon|Gastrodon, M|100/100|[from] U-turn
|
|-weather|RainDance|[upkeep]
|upkeep
|turn|9
|
|t:|1742748427
|switch|p2a: Keldeo|Keldeo|79/100
|move|p1a: Gastrodon|Scald|p2a: Keldeo
|-resisted|p2a: Keldeo
|-damage|p2a: Keldeo|57/100
|
|-weather|RainDance|[upkeep]
|upkeep
|turn|10
|inactive|thooooori has 120 seconds left.
|
|t:|1742748437
|move|p2a: Keldeo|Hidden Power|p1a: Gastrodon
|-supereffective|p1a: Gastrodon
|-damage|p1a: Gastrodon|0 fnt
|faint|p1a: Gastrodon
|
|-weather|RainDance|[upkeep]
|upkeep
|
|t:|1742748442
|switch|p1a: Landorus|Landorus-Therian, M|53/100
|-ability|p1a: Landorus|Intimidate|boost
|-unboost|p2a: Keldeo|atk|1
|turn|11
|
|t:|1742748447
|switch|p2a: Metagross|Metagross|79/100
|move|p1a: Landorus|Earthquake|p2a: Metagross
|-supereffective|p2a: Metagross
|-enditem|p2a: Metagross|Shuca Berry|[eat]
|-enditem|p2a: Metagross|Shuca Berry|[weaken]
|-damage|p2a: Metagross|33/100
|
|-weather|RainDance|[upkeep]
|upkeep
|turn|12
|
|t:|1742748455
|move|p1a: Landorus|Earthquake|p2a: Metagross
|-supereffective|p2a: Metagross
|-damage|p2a: Metagross|0 fnt
|faint|p2a: Metagross
|
|-weather|RainDance|[upkeep]
|upkeep
|
|t:|1742748462
|switch|p2a: Azumarill|Azumarill, M|100/100
|turn|13
|
|t:|1742748473
|switch|p1a: Starmie|Starmie|100/100
|-item|p1a: Starmie|Air Balloon
|move|p2a: Azumarill|Aqua Jet|p1a: Starmie
|-resisted|p1a: Starmie
|-damage|p1a: Starmie|61/100
|-enditem|p1a: Starmie|Air Balloon
|
|-weather|RainDance|[upkeep]
|upkeep
|turn|14
|
|t:|1742748482
|switch|p2a: Scizor|Scizor, M|100/100
|move|p1a: Starmie|Hydro Pump|p2a: Scizor
|-damage|p2a: Scizor|0 fnt
|faint|p2a: Scizor
|
|-weather|RainDance|[upkeep]
|upkeep
|
|t:|1742748500
|switch|p2a: Keldeo|Keldeo|57/100
|turn|15
|
|t:|1742748505
|move|p1a: Starmie|Thunderbolt|p2a: Keldeo
|-supereffective|p2a: Keldeo
|-damage|p2a: Keldeo|0 fnt
|faint|p2a: Keldeo
|
|-weather|RainDance|[upkeep]
|upkeep
|
|t:|1742748511
|switch|p2a: Azumarill|Azumarill, M|100/100
|turn|16
|
|t:|1742748517
|move|p2a: Azumarill|Aqua Jet|p1a: Starmie
|-resisted|p1a: Starmie
|-crit|p1a: Starmie
|-damage|p1a: Starmie|0 fnt
|faint|p1a: Starmie
|
|-weather|RainDance|[upkeep]
|upkeep
|
|t:|1742748545
|switch|p1a: Alakazam|Alakazam, M|100/100
|turn|17
|
|t:|1742748549
|move|p2a: Azumarill|Aqua Jet|p1a: Alakazam
|-enditem|p1a: Alakazam|Focus Sash
|-damage|p1a: Alakazam|1/100
|move|p1a: Alakazam|Energy Ball|p2a: Azumarill
|-supereffective|p2a: Azumarill
|-damage|p2a: Azumarill|43/100
|
|-weather|RainDance|[upkeep]
|upkeep
|turn|18
|
|t:|1742748558
|move|p2a: Azumarill|Aqua Jet|p1a: Alakazam
|-damage|p1a: Alakazam|0 fnt
|faint|p1a: Alakazam
|
|-weather|RainDance|[upkeep]
|upkeep
|c|☆Cinema Staff Fan|so damn lucky
|
|t:|1742748565
|switch|p1a: Landorus|Landorus-Therian, M|53/100
|-ability|p1a: Landorus|Intimidate|boost
|-unboost|p2a: Azumarill|atk|1
|turn|19
|
|t:|1742748569
|switch|p2a: Politoed|Politoed, M|20/100
|move|p1a: Landorus|Earthquake|p2a: Politoed
|-damage|p2a: Politoed|0 fnt
|faint|p2a: Politoed
|
|-weather|RainDance|[upkeep]
|upkeep
|
|t:|1742748576
|switch|p2a: Azumarill|Azumarill, M|43/100
|turn|20
|c|☆thooooori|ggwp
|
|t:|1742748579
|move|p2a: Azumarill|Aqua Jet|p1a: Landorus
|-supereffective|p1a: Landorus
|-damage|p1a: Landorus|0 fnt
|faint|p1a: Landorus
|
|win|thooooori
|raw|Cinema Staff Fan's rating: 1428 &rarr; <strong>1412</strong><br />(-16 for losing)
|raw|thooooori's rating: 1504 &rarr; <strong>1520</strong><br />(+16 for winning)
