|j|smile toad ∑(°)
|j|Kory2600" "
|player|p1|smile toad ∑(°)|183
|teamsize|p1|6
|player|p2|Kory2600" "|1
|teamsize|p2|6
|gametype|singles
|gen|5
|tier|[Gen 5] OU
|rated|
|seed|16887,28492,45570,29400
|rule|Sleep Clause Mod: Limit one foe put to sleep
|rule|Species Clause: Limit one of each Pokémon
|rule|OHKO Clause: OHKO moves are banned
|rule|Moody Clause: Moody is banned
|rule|Evasion Moves Clause: Evasion moves are banned
|rule|Endless Battle Clause: Forcing endless battles is banned
|rule|HP Percentage Mod: HP is shown in percentages
|rule|Evasion Abilities Clause: Evasion abilities are banned
|rule|Baton Pass Clause: Limit one Baton Passer, can't pass Spe and other stats simultaneously
|rule|Swagger Clause: Swagger is banned
|clearpoke
|poke|p1|Azumarill, M|item
|poke|p1|Keldeo-Resolute|item
|poke|p1|Thundurus-Therian, M|item
|poke|p1|Tornadus, M|item
|poke|p1|Politoed, F|item
|poke|p1|Terrakion|item
|poke|p2|Tentacruel, M|item
|poke|p2|Politoed, F|item
|poke|p2|Jirachi|item
|poke|p2|Thundurus-Therian, M|item
|poke|p2|Amoonguss, F|item
|poke|p2|Landorus-Therian, M|item
|teampreview
|c|☆Kory2600" "|ah
|c|☆Kory2600" "|bah hf
|c|☆smile toad ∑(°)|hf
|choice|team 5, team 2, team 3, team 4, team 1, team 6|team 6, team 2, team 3, team 4, team 5, team 1
|
|start
|switch|p1a: CTC the toat|Politoed, F|375/375
|switch|p2a: Landorus|Landorus-Therian, M|319/319
|-ability|p2a: Landorus|Intimidate|boost
|-unboost|p1a: CTC the toat|atk|1
|-weather|RainDance|[from] ability: Drizzle|[of] p1a: CTC the toat
|turn|1
|choice|move psychic|move uturn
|
|move|p2a: Landorus|U-turn|p1a: CTC the toat
|-crit|p1a: CTC the toat
|-damage|p1a: CTC the toat|140/375
|choice||switch 2
|
|switch|p2a: Politoed|Politoed, F|383/383
|move|p1a: CTC the toat|Psychic|p2a: Politoed
|-damage|p2a: Politoed|299/383
|
|-weather|RainDance|[upkeep]
|upkeep
|turn|2
|choice|move hiddenpower|move scald
|
|move|p2a: Politoed|Scald|p1a: CTC the toat
|-resisted|p1a: CTC the toat
|-damage|p1a: CTC the toat|14/375
|-status|p1a: CTC the toat|brn
|move|p1a: CTC the toat|Hidden Power|p2a: Politoed
|-supereffective|p2a: Politoed
|-damage|p2a: Politoed|155/383
|
|-weather|RainDance|[upkeep]
|-damage|p1a: CTC the toat|0 fnt|[from] brn
|upkeep
|faint|p1a: CTC the toat
|choice|switch 4|
|
|switch|p1a: CTC the soat|Tornadus, M|300/300
|turn|3
|choice|move hurricane|switch 3
|
|switch|p2a: Jirachi|Jirachi|404/404
|move|p1a: CTC the soat|Hurricane|p2a: Jirachi
|-resisted|p2a: Jirachi
|-damage|p2a: Jirachi|285/404
|
|-weather|RainDance|[upkeep]
|-heal|p2a: Jirachi|310/404|[from] item: Leftovers
|upkeep
|turn|4
|choice|switch 6|move icywind
|
|switch|p1a: CTC the goat|Terrakion|323/323
|move|p2a: Jirachi|Icy Wind|p1a: CTC the goat
|-damage|p1a: CTC the goat|274/323
|-unboost|p1a: CTC the goat|spe|1
|
|-weather|RainDance|[upkeep]
|-heal|p2a: Jirachi|335/404|[from] item: Leftovers
|upkeep
|turn|5
|choice|move stealthrock|move stealthrock
|
|move|p1a: CTC the goat|Stealth Rock|p2a: Jirachi
|-sidestart|p2: Kory2600" "|move: Stealth Rock
|move|p2a: Jirachi|Stealth Rock|p1a: CTC the goat
|-sidestart|p1: smile toad ∑(°)|move: Stealth Rock
|
|-weather|RainDance|[upkeep]
|-heal|p2a: Jirachi|360/404|[from] item: Leftovers
|upkeep
|turn|6
|choice|move stoneedge|move icywind
|
|move|p1a: CTC the goat|Stone Edge|p2a: Jirachi
|-resisted|p2a: Jirachi
|-crit|p2a: Jirachi
|-damage|p2a: Jirachi|181/404
|move|p2a: Jirachi|Icy Wind|p1a: CTC the goat
|-damage|p1a: CTC the goat|228/323
|-unboost|p1a: CTC the goat|spe|1
|
|-weather|RainDance|[upkeep]
|-heal|p2a: Jirachi|206/404|[from] item: Leftovers
|upkeep
|turn|7
|choice|move closecombat|move ironhead
|
|move|p2a: Jirachi|Iron Head|p1a: CTC the goat
|-supereffective|p1a: CTC the goat
|-damage|p1a: CTC the goat|4/323
|move|p1a: CTC the goat|Close Combat|p2a: Jirachi
|-damage|p2a: Jirachi|0 fnt
|-unboost|p1a: CTC the goat|def|1
|-unboost|p1a: CTC the goat|spd|1
|faint|p2a: Jirachi
|
|-weather|RainDance|[upkeep]
|upkeep
|choice||switch 2
|
|switch|p2a: Landorus|Landorus-Therian, M|319/319
|-damage|p2a: Landorus|280/319|[from] Stealth Rock
|-ability|p2a: Landorus|Intimidate|boost
|-unboost|p1a: CTC the goat|atk|1
|turn|8
|choice|move stoneedge|move uturn
|
|move|p2a: Landorus|U-turn|p1a: CTC the goat
|-resisted|p1a: CTC the goat
|-damage|p1a: CTC the goat|0 fnt
|faint|p1a: CTC the goat
|choice||switch 6
|
|switch|p2a: Tentacruel|Tentacruel, M|363/363
|-damage|p2a: Tentacruel|318/363|[from] Stealth Rock
|
|-weather|RainDance|[upkeep]
|-heal|p2a: Tentacruel|340/363|[from] ability: Rain Dish
|-heal|p2a: Tentacruel|362/363|[from] item: Black Sludge
|upkeep
|choice|switch 3|
|
|switch|p1a: CTC the poat|Thundurus-Therian, M|337/337
|-damage|p1a: CTC the poat|253/337|[from] Stealth Rock
|turn|9
|choice|move agility|switch 4
|
|switch|p2a: Thundurus|Thundurus-Therian, M|299/299
|-damage|p2a: Thundurus|225/299|[from] Stealth Rock
|move|p1a: CTC the poat|Agility|p1a: CTC the poat
|-boost|p1a: CTC the poat|spe|2
|
|-weather|RainDance|[upkeep]
|-heal|p1a: CTC the poat|274/337|[from] item: Leftovers
|-heal|p2a: Thundurus|243/299|[from] item: Leftovers
|upkeep
|turn|10
|choice|move hiddenpower|move hiddenpower
|
|move|p1a: CTC the poat|Hidden Power|p2a: Thundurus
|-supereffective|p2a: Thundurus
|-damage|p2a: Thundurus|0 fnt
|faint|p2a: Thundurus
|
|-weather|RainDance|[upkeep]
|-heal|p1a: CTC the poat|295/337|[from] item: Leftovers
|upkeep
|choice||switch 5
|
|switch|p2a: Amoonguss|Amoonguss, F|432/432
|-damage|p2a: Amoonguss|378/432|[from] Stealth Rock
|turn|11
|choice|switch 6|move spore
|
|switch|p1a: CTC the soat|Tornadus, M|300/300
|-damage|p1a: CTC the soat|225/300|[from] Stealth Rock
|move|p2a: Amoonguss|Spore|p1a: CTC the soat
|-status|p1a: CTC the soat|slp
|
|-weather|RainDance|[upkeep]
|-heal|p2a: Amoonguss|405/432|[from] item: Black Sludge
|upkeep
|turn|12
|choice|move sleeptalk|switch 3
|
|switch|p2a: Politoed|Politoed, F|155/383
|-damage|p2a: Politoed|108/383|[from] Stealth Rock
|cant|p1a: CTC the soat|slp
|move|p1a: CTC the soat|Sleep Talk|p1a: CTC the soat
|move|p1a: CTC the soat|Hurricane|p2a: Politoed|[from]Sleep Talk
|-damage|p2a: Politoed|0 fnt
|faint|p2a: Politoed
|
|-weather|RainDance|[upkeep]
|upkeep
|choice||switch 6
|
|switch|p2a: Landorus|Landorus-Therian, M|280/319
|-damage|p2a: Landorus|241/319|[from] Stealth Rock
|-ability|p2a: Landorus|Intimidate|boost
|-unboost|p1a: CTC the soat|atk|1
|turn|13
|choice|move sleeptalk|move uturn
|
|cant|p1a: CTC the soat|slp
|move|p1a: CTC the soat|Sleep Talk|p1a: CTC the soat
|move|p1a: CTC the soat|Hurricane|p2a: Landorus|[from]Sleep Talk
|-damage|p2a: Landorus|0 fnt
|faint|p2a: Landorus
|
|-weather|RainDance|[upkeep]
|upkeep
|choice||switch 4
|
|switch|p2a: Tentacruel|Tentacruel, M|362/363
|-damage|p2a: Tentacruel|317/363|[from] Stealth Rock
|turn|14
|choice|move sleeptalk|move rapidspin
|
|cant|p1a: CTC the soat|slp
|move|p1a: CTC the soat|Sleep Talk|p1a: CTC the soat
|move|p1a: CTC the soat|Hurricane|p2a: Tentacruel|[from]Sleep Talk
|-damage|p2a: Tentacruel|37/363
|-start|p2a: Tentacruel|confusion
|-activate|p2a: Tentacruel|confusion
|-damage|p2a: Tentacruel|21/363|[from] confusion
|
|-weather|RainDance|[upkeep]
|-heal|p2a: Tentacruel|43/363|[from] ability: Rain Dish
|-heal|p2a: Tentacruel|65/363|[from] item: Black Sludge
|upkeep
|turn|15
|c|☆smile toad ∑(°)|:/
|choice|switch 5|move rapidspin
|
|switch|p1a: CTC the boat|Azumarill, M|403/403
|-damage|p1a: CTC the boat|353/403|[from] Stealth Rock
|-end|p2a: Tentacruel|confusion
|move|p2a: Tentacruel|Rapid Spin|p1a: CTC the boat
|-crit|p1a: CTC the boat
|-damage|p1a: CTC the boat|328/403
|-sideend|p2: Kory2600" "|Stealth Rock|[from] move: Rapid Spin|[of] p2a: Tentacruel
|
|-weather|RainDance|[upkeep]
|-heal|p2a: Tentacruel|87/363|[from] ability: Rain Dish
|-heal|p2a: Tentacruel|109/363|[from] item: Black Sludge
|upkeep
|turn|16
|choice|move frustration|move protect
|
|move|p2a: Tentacruel|Protect|p2a: Tentacruel
|-singleturn|p2a: Tentacruel|Protect
|move|p1a: CTC the boat|Frustration|p2a: Tentacruel
|-activate|p2a: Tentacruel|move: Protect
|
|-weather|RainDance|[upkeep]
|-heal|p2a: Tentacruel|131/363|[from] ability: Rain Dish
|-heal|p2a: Tentacruel|153/363|[from] item: Black Sludge
|upkeep
|turn|17
|choice|move frustration|move scald
|
|move|p2a: Tentacruel|Scald|p1a: CTC the boat
|-resisted|p1a: CTC the boat
|-damage|p1a: CTC the boat|259/403
|-status|p1a: CTC the boat|brn
|move|p1a: CTC the boat|Frustration|p2a: Tentacruel
|-damage|p2a: Tentacruel|41/363
|
|-weather|RainDance|[upkeep]
|-heal|p2a: Tentacruel|63/363|[from] ability: Rain Dish
|-heal|p2a: Tentacruel|85/363|[from] item: Black Sludge
|-damage|p1a: CTC the boat|209/403 brn|[from] brn
|upkeep
|turn|18
|choice|switch 6|move protect
|
|switch|p1a: CTC the poat|Thundurus-Therian, M|295/337
|-damage|p1a: CTC the poat|211/337|[from] Stealth Rock
|move|p2a: Tentacruel|Protect|p2a: Tentacruel
|-fail|p2a: Tentacruel
|
|-weather|RainDance|[upkeep]
|-heal|p2a: Tentacruel|107/363|[from] ability: Rain Dish
|-heal|p1a: CTC the poat|232/337|[from] item: Leftovers
|-heal|p2a: Tentacruel|129/363|[from] item: Black Sludge
|upkeep
|turn|19
|choice|move thunder|move scald
|
|move|p1a: CTC the poat|Thunder|p2a: Tentacruel
|-supereffective|p2a: Tentacruel
|-damage|p2a: Tentacruel|0 fnt
|faint|p2a: Tentacruel
|
|-weather|RainDance|[upkeep]
|-heal|p1a: CTC the poat|253/337|[from] item: Leftovers
|upkeep
|choice||switch 3
|
|switch|p2a: Amoonguss|Amoonguss, F|432/432
|turn|20
|choice|move nastyplot|move hiddenpower
|
|move|p1a: CTC the poat|Nasty Plot|p1a: CTC the poat
|-boost|p1a: CTC the poat|spa|2
|move|p2a: Amoonguss|Hidden Power|p1a: CTC the poat
|-supereffective|p1a: CTC the poat
|-damage|p1a: CTC the poat|123/337
|
|-weather|RainDance|[upkeep]
|-heal|p1a: CTC the poat|144/337|[from] item: Leftovers
|upkeep
|turn|21
|choice|move hiddenpower|move hiddenpower
|
|move|p1a: CTC the poat|Hidden Power|p2a: Amoonguss
|-supereffective|p2a: Amoonguss
|-damage|p2a: Amoonguss|98/432
|move|p2a: Amoonguss|Hidden Power|p1a: CTC the poat
|-supereffective|p1a: CTC the poat
|-damage|p1a: CTC the poat|32/337
|
|-weather|RainDance|[upkeep]
|-heal|p1a: CTC the poat|53/337|[from] item: Leftovers
|-heal|p2a: Amoonguss|125/432|[from] item: Black Sludge
|upkeep
|turn|22
|choice|move hiddenpower|move hiddenpower
|
|move|p1a: CTC the poat|Hidden Power|p2a: Amoonguss
|-supereffective|p2a: Amoonguss
|-damage|p2a: Amoonguss|0 fnt
|faint|p2a: Amoonguss
|
|win|smile toad ∑(°)
|c|☆Kory2600" "|gg
|c|☆smile toad ∑(°)|gg
|raw|smile toad ∑(°)'s rating: 1357 &rarr; <strong>1376</strong><br />(+19 for winning)
|raw|Kory2600&quot; &quot;'s rating: 1348 &rarr; <strong>1329</strong><br />(-19 for losing)
|l|Kory2600" "