|j|☆BluuError%
|j|☆killerfishsandiego
|t:|1730835203
|gametype|singles
|player|p1|BluuError%|depotagent|1339
|player|p2|killerfishsandiego|1|1443
|teamsize|p1|6
|teamsize|p2|6
|gen|5
|tier|[Gen 5] OU
|rated|
|rule|Species Clause: Limit one of each Pokémon
|rule|OHKO Clause: OHKO moves are banned
|rule|Moody Clause: Moody is banned
|rule|Evasion Items Clause: Evasion items are banned
|rule|Evasion Moves Clause: Evasion moves are banned
|rule|Endless Battle Clause: Forcing endless battles is banned
|rule|HP Percentage Mod: HP is shown in percentages
|rule|Evasion Abilities Clause: Evasion abilities are banned
|rule|Sleep Moves Clause: Sleep-inducing moves are banned
|rule|Swagger Clause: Swagger is banned
|rule|Baton Pass Stat Clause: No Baton Passer may have a way to boost its stats
|clearpoke
|poke|p1|Latios, M|item
|poke|p1|Politoed, F|item
|poke|p1|Scizor, F|item
|poke|p1|Jirachi|item
|poke|p1|Keldeo|item
|poke|p1|Landorus-Therian, M|item
|poke|p2|Gliscor, M|item
|poke|p2|Starmie|item
|poke|p2|Blissey, F|item
|poke|p2|Quagsire, F|item
|poke|p2|Tyranitar, F|item
|poke|p2|Skarmory, F|item
|teampreview
|
|t:|1730835213
|start
|switch|p1a: Landorus|Landorus-Therian, M|100/100
|switch|p2a: Gliscor|Gliscor, M|100/100
|-ability|p1a: Landorus|Intimidate|boost
|-unboost|p2a: Gliscor|atk|1
|turn|1
|inactive|Battle timer is ON: inactive players will automatically lose when time's up. (requested by BluuError%)
|
|t:|1730835217
|move|p2a: Gliscor|Protect|p2a: Gliscor
|-singleturn|p2a: Gliscor|Protect
|move|p1a: Landorus|Stealth Rock|p2a: Gliscor
|-sidestart|p2: killerfishsandiego|move: Stealth Rock
|
|-status|p2a: Gliscor|tox|[from] item: Toxic Orb
|upkeep
|turn|2
|
|t:|1730835223
|move|p1a: Landorus|Hidden Power|p2a: Gliscor
|-supereffective|p2a: Gliscor
|-damage|p2a: Gliscor|0 fnt
|faint|p2a: Gliscor
|
|upkeep
|
|t:|1730835229
|switch|p2a: Starmie|Starmie|100/100
|-damage|p2a: Starmie|88/100|[from] Stealth Rock
|turn|3
|
|t:|1730835238
|move|p2a: Starmie|Rapid Spin|p1a: Landorus
|-damage|p1a: Landorus|97/100
|-sideend|p2: killerfishsandiego|Stealth Rock|[from] move: Rapid Spin|[of] p2a: Starmie
|move|p1a: Landorus|U-turn|p2a: Starmie
|-supereffective|p2a: Starmie
|-damage|p2a: Starmie|27/100
|
|t:|1730835246
|switch|p1a: Scizor|Scizor, F|100/100|[from] U-turn
|
|-heal|p2a: Starmie|33/100|[from] item: Leftovers
|upkeep
|turn|4
|
|t:|1730835252
|move|p2a: Starmie|Reflect Type|p1a: Scizor
|-start|p2a: Starmie|typechange|[from] move: Reflect Type|[of] p1a: Scizor
|move|p1a: Scizor|Swords Dance|p1a: Scizor
|-boost|p1a: Scizor|atk|2
|
|-heal|p2a: Starmie|39/100|[from] item: Leftovers
|upkeep
|turn|5
|
|t:|1730835260
|switch|p2a: Quagsire|Quagsire, F|100/100
|move|p1a: Scizor|Swords Dance|p1a: Scizor
|-boost|p1a: Scizor|atk|2
|
|upkeep
|turn|6
|
|t:|1730835267
|move|p1a: Scizor|Bug Bite|p2a: Quagsire
|-damage|p2a: Quagsire|66/100
|move|p2a: Quagsire|Ice Beam|p1a: Scizor
|-resisted|p1a: Scizor
|-damage|p1a: Scizor|92/100
|
|-heal|p2a: Quagsire|72/100|[from] item: Leftovers
|upkeep
|turn|7
|
|t:|1730835272
|move|p1a: Scizor|Bug Bite|p2a: Quagsire
|-damage|p2a: Quagsire|34/100
|move|p2a: Quagsire|Ice Beam|p1a: Scizor
|-resisted|p1a: Scizor
|-damage|p1a: Scizor|84/100
|-status|p1a: Scizor|frz
|
|-heal|p2a: Quagsire|40/100|[from] item: Leftovers
|upkeep
|turn|8
|
|t:|1730835277
|cant|p1a: Scizor|frz
|move|p2a: Quagsire|Recover|p2a: Quagsire
|-heal|p2a: Quagsire|90/100
|
|-heal|p2a: Quagsire|96/100|[from] item: Leftovers
|upkeep
|turn|9
|
|t:|1730835283
|cant|p1a: Scizor|frz
|move|p2a: Quagsire|Earthquake|p1a: Scizor
|-damage|p1a: Scizor|51/100 frz
|
|-heal|p2a: Quagsire|100/100|[from] item: Leftovers
|upkeep
|turn|10
|
|t:|1730835292
|cant|p1a: Scizor|frz
|move|p2a: Quagsire|Earthquake|p1a: Scizor
|-damage|p1a: Scizor|21/100 frz
|
|upkeep
|turn|11
|
|t:|1730835298
|cant|p1a: Scizor|frz
|move|p2a: Quagsire|Earthquake|p1a: Scizor
|-crit|p1a: Scizor
|-damage|p1a: Scizor|0 fnt
|faint|p1a: Scizor
|
|upkeep
|
|t:|1730835304
|switch|p1a: Politoed|Politoed, F|100/100
|-weather|RainDance|[from] ability: Drizzle|[of] p1a: Politoed
|turn|12
|
|t:|1730835308
|switch|p2a: Tyranitar|Tyranitar, F|100/100
|-weather|Sandstorm|[from] ability: Sand Stream|[of] p2a: Tyranitar
|move|p1a: Politoed|Scald|p2a: Tyranitar
|-supereffective|p2a: Tyranitar
|-damage|p2a: Tyranitar|37/100
|
|-weather|Sandstorm|[upkeep]
|-damage|p1a: Politoed|94/100|[from] Sandstorm
|upkeep
|turn|13
|
|t:|1730835317
|switch|p2a: Starmie|Starmie|39/100
|move|p1a: Politoed|Scald|p2a: Starmie
|-resisted|p2a: Starmie
|-damage|p2a: Starmie|14/100
|
|-weather|Sandstorm|[upkeep]
|-damage|p2a: Starmie|8/100|[from] Sandstorm
|-damage|p1a: Politoed|88/100|[from] Sandstorm
|-heal|p2a: Starmie|14/100|[from] item: Leftovers
|upkeep
|turn|14
|
|t:|1730835326
|switch|p1a: Landorus|Landorus-Therian, M|97/100
|-ability|p1a: Landorus|Intimidate|boost
|-unboost|p2a: Starmie|atk|1
|move|p2a: Starmie|Recover|p2a: Starmie
|-heal|p2a: Starmie|64/100
|
|-weather|Sandstorm|[upkeep]
|-damage|p2a: Starmie|58/100|[from] Sandstorm
|-heal|p2a: Starmie|64/100|[from] item: Leftovers
|-heal|p1a: Landorus|100/100|[from] item: Leftovers
|upkeep
|turn|15
|
|t:|1730835337
|switch|p2a: Skarmory|Skarmory, F|100/100
|move|p1a: Landorus|Earthquake|p2a: Skarmory
|-immune|p2a: Skarmory
|
|-weather|Sandstorm|[upkeep]
|upkeep
|turn|16
|
|t:|1730835339
|move|p1a: Landorus|Stealth Rock|p2a: Skarmory
|-sidestart|p2: killerfishsandiego|move: Stealth Rock
|move|p2a: Skarmory|Spikes|p1a: Landorus
|-sidestart|p1: BluuError%|Spikes
|
|-weather|Sandstorm|[upkeep]
|upkeep
|turn|17
|
|t:|1730835346
|switch|p1a: Politoed|Politoed, F|88/100
|-damage|p1a: Politoed|76/100|[from] Spikes
|-weather|RainDance|[from] ability: Drizzle|[of] p1a: Politoed
|move|p2a: Skarmory|Spikes|p1a: Politoed
|-sidestart|p1: BluuError%|Spikes
|
|-weather|RainDance|[upkeep]
|upkeep
|turn|18
|
|t:|1730835349
|switch|p2a: Blissey|Blissey, F|100/100
|-damage|p2a: Blissey|88/100|[from] Stealth Rock
|move|p1a: Politoed|Scald|p2a: Blissey
|-crit|p2a: Blissey
|-damage|p2a: Blissey|32/100
|
|-weather|RainDance|[upkeep]
|-heal|p2a: Blissey|38/100|[from] item: Leftovers
|upkeep
|turn|19
|
|t:|1730835358
|move|p1a: Politoed|Scald|p2a: Blissey
|-damage|p2a: Blissey|12/100
|move|p2a: Blissey|Soft-Boiled|p2a: Blissey
|-heal|p2a: Blissey|62/100
|
|-weather|RainDance|[upkeep]
|-heal|p2a: Blissey|69/100|[from] item: Leftovers
|upkeep
|turn|20
|
|t:|1730835365
|move|p1a: Politoed|Scald|p2a: Blissey
|-damage|p2a: Blissey|43/100
|move|p2a: Blissey|Seismic Toss|p1a: Politoed
|-damage|p1a: Politoed|44/100
|
|-weather|RainDance|[upkeep]
|-heal|p2a: Blissey|49/100|[from] item: Leftovers
|upkeep
|turn|21
|
|t:|1730835370
|move|p1a: Politoed|Scald|p2a: Blissey
|-damage|p2a: Blissey|24/100
|move|p2a: Blissey|Soft-Boiled|p2a: Blissey
|-heal|p2a: Blissey|74/100
|
|-weather|RainDance|[upkeep]
|-heal|p2a: Blissey|80/100|[from] item: Leftovers
|upkeep
|turn|22
|
|t:|1730835376
|switch|p1a: Keldeo|Keldeo|100/100
|-damage|p1a: Keldeo|84/100|[from] Spikes
|move|p2a: Blissey|Seismic Toss|p1a: Keldeo
|-damage|p1a: Keldeo|53/100
|
|-weather|RainDance|[upkeep]
|-heal|p2a: Blissey|86/100|[from] item: Leftovers
|upkeep
|turn|23
|
|t:|1730835394
|switch|p2a: Quagsire|Quagsire, F|100/100
|-damage|p2a: Quagsire|94/100|[from] Stealth Rock
|move|p1a: Keldeo|Secret Sword|p2a: Quagsire
|-damage|p2a: Quagsire|65/100
|
|-weather|RainDance|[upkeep]
|-heal|p2a: Quagsire|71/100|[from] item: Leftovers
|upkeep
|turn|24
|
|t:|1730835406
|move|p1a: Keldeo|Surf|p2a: Quagsire
|-damage|p2a: Quagsire|0 fnt
|faint|p2a: Quagsire
|
|-weather|RainDance|[upkeep]
|upkeep
|
|t:|1730835410
|switch|p2a: Tyranitar|Tyranitar, F|37/100
|-damage|p2a: Tyranitar|24/100|[from] Stealth Rock
|-weather|Sandstorm|[from] ability: Sand Stream|[of] p2a: Tyranitar
|turn|25
|
|t:|1730835415
|move|p2a: Tyranitar|Superpower|p1a: Keldeo
|-damage|p1a: Keldeo|5/100
|-unboost|p2a: Tyranitar|atk|1
|-unboost|p2a: Tyranitar|def|1
|-enditem|p1a: Keldeo|Salac Berry|[eat]
|-boost|p1a: Keldeo|spe|1|[from] item: Salac Berry
|move|p1a: Keldeo|Surf|p2a: Tyranitar
|-supereffective|p2a: Tyranitar
|-damage|p2a: Tyranitar|0 fnt
|faint|p2a: Tyranitar
|
|-weather|Sandstorm|[upkeep]
|-damage|p1a: Keldeo|0 fnt|[from] Sandstorm
|faint|p1a: Keldeo
|upkeep
|
|t:|1730835439
|switch|p1a: Landorus|Landorus-Therian, M|100/100
|switch|p2a: Blissey|Blissey, F|86/100
|-ability|p1a: Landorus|Intimidate|boost
|-unboost|p2a: Blissey|atk|1
|-damage|p2a: Blissey|74/100|[from] Stealth Rock
|turn|26
|
|t:|1730835448
|move|p1a: Landorus|U-turn|p2a: Blissey
|-damage|p2a: Blissey|53/100
|
|t:|1730835451
|switch|p1a: Jirachi|Jirachi|100/100|[from] U-turn
|-damage|p1a: Jirachi|84/100|[from] Spikes
|move|p2a: Blissey|Soft-Boiled|p2a: Blissey
|-heal|p2a: Blissey|100/100
|
|-weather|Sandstorm|[upkeep]
|-damage|p2a: Blissey|94/100|[from] Sandstorm
|-heal|p1a: Jirachi|90/100|[from] item: Leftovers
|-heal|p2a: Blissey|100/100|[from] item: Leftovers
|upkeep
|turn|27
|
|t:|1730835457
|move|p1a: Jirachi|Body Slam|p2a: Blissey
|-damage|p2a: Blissey|85/100
|-status|p2a: Blissey|par
|move|p2a: Blissey|Calm Mind|p2a: Blissey
|-boost|p2a: Blissey|spa|1
|-boost|p2a: Blissey|spd|1
|
|-weather|Sandstorm|[upkeep]
|-damage|p2a: Blissey|79/100 par|[from] Sandstorm
|-heal|p1a: Jirachi|96/100|[from] item: Leftovers
|-heal|p2a: Blissey|85/100 par|[from] item: Leftovers
|upkeep
|turn|28
|
|t:|1730835465
|-curestatus|p2a: Blissey|par|[from] ability: Natural Cure
|switch|p2a: Skarmory|Skarmory, F|100/100
|-damage|p2a: Skarmory|88/100|[from] Stealth Rock
|move|p1a: Jirachi|Iron Head|p2a: Skarmory
|-resisted|p2a: Skarmory
|-damage|p2a: Skarmory|78/100
|-damage|p1a: Jirachi|80/100|[from] item: Rocky Helmet|[of] p2a: Skarmory
|
|-weather|Sandstorm|[upkeep]
|-heal|p1a: Jirachi|86/100|[from] item: Leftovers
|upkeep
|turn|29
|
|t:|1730835470
|switch|p1a: Politoed|Politoed, F|44/100
|-damage|p1a: Politoed|28/100|[from] Spikes
|-weather|RainDance|[from] ability: Drizzle|[of] p1a: Politoed
|move|p2a: Skarmory|Spikes|p1a: Politoed
|-sidestart|p1: BluuError%|Spikes
|
|-weather|RainDance|[upkeep]
|upkeep
|turn|30
|
|t:|1730835478
|switch|p2a: Blissey|Blissey, F|85/100
|-damage|p2a: Blissey|73/100|[from] Stealth Rock
|move|p1a: Politoed|Scald|p2a: Blissey
|-damage|p2a: Blissey|45/100
|
|-weather|RainDance|[upkeep]
|-heal|p2a: Blissey|52/100|[from] item: Leftovers
|upkeep
|turn|31
|
|t:|1730835486
|move|p1a: Politoed|Scald|p2a: Blissey
|-damage|p2a: Blissey|24/100
|-status|p2a: Blissey|brn
|move|p2a: Blissey|Soft-Boiled|p2a: Blissey
|-heal|p2a: Blissey|74/100 brn
|
|-weather|RainDance|[upkeep]
|-heal|p2a: Blissey|80/100 brn|[from] item: Leftovers
|-damage|p2a: Blissey|68/100 brn|[from] brn
|upkeep
|turn|32
|
|t:|1730835493
|move|p1a: Politoed|Scald|p2a: Blissey
|-damage|p2a: Blissey|40/100 brn
|move|p2a: Blissey|Soft-Boiled|p2a: Blissey
|-heal|p2a: Blissey|90/100 brn
|
|-weather|RainDance|[upkeep]
|-heal|p2a: Blissey|96/100 brn|[from] item: Leftovers
|-damage|p2a: Blissey|84/100 brn|[from] brn
|upkeep
|turn|33
|
|t:|1730835499
|move|p1a: Politoed|Scald|p2a: Blissey
|-damage|p2a: Blissey|59/100 brn
|move|p2a: Blissey|Calm Mind|p2a: Blissey
|-boost|p2a: Blissey|spa|1
|-boost|p2a: Blissey|spd|1
|
|-weather|RainDance|[upkeep]
|-heal|p2a: Blissey|65/100 brn|[from] item: Leftovers
|-damage|p2a: Blissey|53/100 brn|[from] brn
|upkeep
|turn|34
|
|t:|1730835506
|switch|p1a: Jirachi|Jirachi|86/100
|-damage|p1a: Jirachi|61/100|[from] Spikes
|move|p2a: Blissey|Soft-Boiled|p2a: Blissey
|-heal|p2a: Blissey|100/100 brn
|
|-weather|RainDance|[upkeep]
|-heal|p1a: Jirachi|67/100|[from] item: Leftovers
|-damage|p2a: Blissey|88/100 brn|[from] brn
|upkeep
|turn|35
|
|t:|1730835513
|move|p1a: Jirachi|Body Slam|p2a: Blissey
|-damage|p2a: Blissey|73/100 brn
|move|p2a: Blissey|Seismic Toss|p1a: Jirachi
|-damage|p1a: Jirachi|41/100
|
|-weather|RainDance|[upkeep]
|-heal|p1a: Jirachi|47/100|[from] item: Leftovers
|-heal|p2a: Blissey|79/100 brn|[from] item: Leftovers
|-damage|p2a: Blissey|66/100 brn|[from] brn
|upkeep
|turn|36
|
|t:|1730835518
|-curestatus|p2a: Blissey|brn|[from] ability: Natural Cure
|switch|p2a: Skarmory|Skarmory, F|78/100
|-damage|p2a: Skarmory|66/100|[from] Stealth Rock
|move|p1a: Jirachi|Wish|p1a: Jirachi
|
|-weather|RainDance|[upkeep]
|-heal|p1a: Jirachi|53/100|[from] item: Leftovers
|upkeep
|turn|37
|
|t:|1730835524
|move|p1a: Jirachi|Body Slam|p2a: Skarmory
|-resisted|p2a: Skarmory
|-damage|p2a: Skarmory|58/100
|-damage|p1a: Jirachi|36/100|[from] item: Rocky Helmet|[of] p2a: Skarmory
|move|p2a: Skarmory|Roost|p2a: Skarmory
|-heal|p2a: Skarmory|100/100
|-singleturn|p2a: Skarmory|move: Roost
|
|-weather|RainDance|[upkeep]
|-heal|p1a: Jirachi|86/100|[from] move: Wish|[wisher] Jirachi
|-heal|p1a: Jirachi|92/100|[from] item: Leftovers
|upkeep
|turn|38
|inactive|killerfishsandiego has 120 seconds left.
|
|t:|1730835560
|move|p1a: Jirachi|Wish|p1a: Jirachi
|move|p2a: Skarmory|Iron Defense|p2a: Skarmory
|-boost|p2a: Skarmory|def|2
|
|-weather|RainDance|[upkeep]
|-heal|p1a: Jirachi|98/100|[from] item: Leftovers
|upkeep
|turn|39
|inactive|killerfishsandiego has 120 seconds left.
|
|t:|1730835569
|switch|p1a: Politoed|Politoed, F|28/100
|-damage|p1a: Politoed|3/100|[from] Spikes
|move|p2a: Skarmory|Whirlwind|p1a: Politoed
|drag|p1a: Landorus|Landorus-Therian, M|100/100
|-ability|p1a: Landorus|Intimidate|boost
|-unboost|p2a: Skarmory|atk|1
|
|-weather|RainDance|[upkeep]
|upkeep
|turn|40
|
|t:|1730835583
|move|p1a: Landorus|Hidden Power|p2a: Skarmory
|-damage|p2a: Skarmory|82/100
|move|p2a: Skarmory|Whirlwind|p1a: Landorus
|drag|p1a: Politoed|Politoed, F|3/100
|-damage|p1a: Politoed|0 fnt|[from] Spikes
|faint|p1a: Politoed
|
|-weather|RainDance|[upkeep]
|upkeep
|
|t:|1730835590
|switch|p1a: Latios|Latios, M|100/100
|turn|41
|
|t:|1730835599
|switch|p2a: Starmie|Starmie|64/100
|-damage|p2a: Starmie|52/100|[from] Stealth Rock
|move|p1a: Latios|Psyshock|p2a: Starmie
|-resisted|p2a: Starmie
|-damage|p2a: Starmie|26/100
|
|-weather|RainDance|[upkeep]
|-heal|p2a: Starmie|32/100|[from] item: Leftovers
|upkeep
|turn|42
|
|t:|1730835606
|move|p1a: Latios|Psyshock|p2a: Starmie
|-resisted|p2a: Starmie
|-damage|p2a: Starmie|5/100
|move|p2a: Starmie|Recover|p2a: Starmie
|-heal|p2a: Starmie|55/100
|
|-weather|RainDance|[upkeep]
|-heal|p2a: Starmie|61/100|[from] item: Leftovers
|upkeep
|turn|43
|
|t:|1730835615
|switch|p1a: Jirachi|Jirachi|98/100
|-damage|p1a: Jirachi|73/100|[from] Spikes
|move|p2a: Starmie|Rapid Spin|p1a: Jirachi
|-resisted|p1a: Jirachi
|-damage|p1a: Jirachi|72/100
|-sideend|p2: killerfishsandiego|Stealth Rock|[from] move: Rapid Spin|[of] p2a: Starmie
|
|-weather|RainDance|[upkeep]
|-heal|p2a: Starmie|67/100|[from] item: Leftovers
|-heal|p1a: Jirachi|78/100|[from] item: Leftovers
|upkeep
|turn|44
|
|t:|1730835621
|move|p2a: Starmie|Recover|p2a: Starmie
|-heal|p2a: Starmie|100/100
|move|p1a: Jirachi|Body Slam|p2a: Starmie
|-damage|p2a: Starmie|77/100
|-status|p2a: Starmie|par
|
|-weather|RainDance|[upkeep]
|-heal|p1a: Jirachi|84/100|[from] item: Leftovers
|-heal|p2a: Starmie|83/100 par|[from] item: Leftovers
|upkeep
|turn|45
|
|t:|1730835635
|-curestatus|p2a: Starmie|par|[from] ability: Natural Cure
|switch|p2a: Skarmory|Skarmory, F|82/100
|move|p1a: Jirachi|Body Slam|p2a: Skarmory
|-resisted|p2a: Skarmory
|-damage|p2a: Skarmory|74/100
|-status|p2a: Skarmory|par
|-damage|p1a: Jirachi|68/100|[from] item: Rocky Helmet|[of] p2a: Skarmory
|
|-weather|RainDance|[upkeep]
|-heal|p1a: Jirachi|74/100|[from] item: Leftovers
|upkeep
|turn|46
|
|t:|1730835648
|move|p1a: Jirachi|Iron Head|p2a: Skarmory
|-resisted|p2a: Skarmory
|-damage|p2a: Skarmory|64/100 par
|-damage|p1a: Jirachi|57/100|[from] item: Rocky Helmet|[of] p2a: Skarmory
|cant|p2a: Skarmory|flinch
|
|-weather|RainDance|[upkeep]
|-heal|p1a: Jirachi|63/100|[from] item: Leftovers
|upkeep
|turn|47
|
|t:|1730835654
|move|p1a: Jirachi|Wish|p1a: Jirachi
|move|p2a: Skarmory|Roost|p2a: Skarmory
|-heal|p2a: Skarmory|100/100 par
|-singleturn|p2a: Skarmory|move: Roost
|
|-weather|RainDance|[upkeep]
|-heal|p1a: Jirachi|69/100|[from] item: Leftovers
|upkeep
|turn|48
|
|t:|1730835665
|switch|p1a: Latios|Latios, M|100/100
|move|p2a: Skarmory|Whirlwind|p1a: Latios
|drag|p1a: Jirachi|Jirachi|69/100
|-damage|p1a: Jirachi|45/100|[from] Spikes
|
|-weather|RainDance|[upkeep]
|-heal|p1a: Jirachi|94/100|[from] move: Wish|[wisher] Jirachi
|-heal|p1a: Jirachi|100/100|[from] item: Leftovers
|upkeep
|turn|49
|
|t:|1730835681
|move|p1a: Jirachi|Wish|p1a: Jirachi
|move|p2a: Skarmory|Iron Defense|p2a: Skarmory
|-boost|p2a: Skarmory|def|2
|
|-weather|RainDance|[upkeep]
|upkeep
|turn|50
|
|t:|1730835686
|switch|p1a: Latios|Latios, M|100/100
|move|p2a: Skarmory|Whirlwind|p1a: Latios
|drag|p1a: Jirachi|Jirachi|100/100
|-damage|p1a: Jirachi|76/100|[from] Spikes
|
|-weather|RainDance|[upkeep]
|-heal|p1a: Jirachi|100/100|[from] move: Wish|[wisher] Jirachi
|upkeep
|turn|51
|
|t:|1730835705
|move|p1a: Jirachi|Wish|p1a: Jirachi
|move|p2a: Skarmory|Whirlwind|p1a: Jirachi
|drag|p1a: Landorus|Landorus-Therian, M|100/100
|-ability|p1a: Landorus|Intimidate|boost
|-unboost|p2a: Skarmory|atk|1
|
|-weather|RainDance|[upkeep]
|upkeep
|turn|52
|
|t:|1730835715
|move|p1a: Landorus|Hidden Power|p2a: Skarmory
|-damage|p2a: Skarmory|83/100 par
|cant|p2a: Skarmory|par
|
|-weather|RainDance|[upkeep]
|upkeep
|turn|53
|
|t:|1730835725
|switch|p1a: Jirachi|Jirachi|100/100
|-damage|p1a: Jirachi|76/100|[from] Spikes
|move|p2a: Skarmory|Roost|p2a: Skarmory
|-heal|p2a: Skarmory|100/100 par
|-singleturn|p2a: Skarmory|move: Roost
|
|-weather|RainDance|[upkeep]
|-heal|p1a: Jirachi|82/100|[from] item: Leftovers
|upkeep
|turn|54
|
|t:|1730835731
|switch|p2a: Starmie|Starmie|83/100
|move|p1a: Jirachi|Wish|p1a: Jirachi
|
|-weather|RainDance|[upkeep]
|-heal|p2a: Starmie|89/100|[from] item: Leftovers
|-heal|p1a: Jirachi|88/100|[from] item: Leftovers
|upkeep
|turn|55
|
|t:|1730835736
|move|p2a: Starmie|Psyshock|p1a: Jirachi
|-resisted|p1a: Jirachi
|-damage|p1a: Jirachi|83/100
|move|p1a: Jirachi|Body Slam|p2a: Starmie
|-crit|p2a: Starmie
|-damage|p2a: Starmie|41/100
|
|-weather|RainDance|[upkeep]
|-heal|p1a: Jirachi|100/100|[from] move: Wish|[wisher] Jirachi
|-heal|p2a: Starmie|47/100|[from] item: Leftovers
|upkeep
|turn|56
|
|t:|1730835744
|move|p2a: Starmie|Recover|p2a: Starmie
|-heal|p2a: Starmie|97/100
|move|p1a: Jirachi|Iron Head|p2a: Starmie
|-resisted|p2a: Starmie
|-damage|p2a: Starmie|81/100
|
|-weather|RainDance|[upkeep]
|-heal|p2a: Starmie|87/100|[from] item: Leftovers
|upkeep
|turn|57
|
|t:|1730835752
|move|p2a: Starmie|Reflect Type|p1a: Jirachi
|-start|p2a: Starmie|typechange|[from] move: Reflect Type|[of] p1a: Jirachi
|move|p1a: Jirachi|Body Slam|p2a: Starmie
|-resisted|p2a: Starmie
|-damage|p2a: Starmie|76/100
|-status|p2a: Starmie|par
|
|-weather|RainDance|[upkeep]
|-heal|p2a: Starmie|82/100 par|[from] item: Leftovers
|upkeep
|turn|58
|
|t:|1730835762
|switch|p1a: Landorus|Landorus-Therian, M|100/100
|-ability|p1a: Landorus|Intimidate|boost
|-unboost|p2a: Starmie|atk|1
|move|p2a: Starmie|Psyshock|p1a: Landorus
|-damage|p1a: Landorus|69/100
|
|-weather|RainDance|[upkeep]
|-heal|p1a: Landorus|75/100|[from] item: Leftovers
|-heal|p2a: Starmie|88/100 par|[from] item: Leftovers
|upkeep
|turn|59
|
|t:|1730835772
|-curestatus|p2a: Starmie|par|[from] ability: Natural Cure
|switch|p2a: Skarmory|Skarmory, F|100/100 par
|move|p1a: Landorus|U-turn|p2a: Skarmory
|-resisted|p2a: Skarmory
|-damage|p2a: Skarmory|96/100 par
|-damage|p1a: Landorus|59/100|[from] item: Rocky Helmet|[of] p2a: Skarmory
|
|t:|1730835779
|switch|p1a: Latios|Latios, M|100/100|[from] U-turn
|
|-weather|RainDance|[upkeep]
|upkeep
|turn|60
|
|t:|1730835787
|switch|p2a: Starmie|Starmie|88/100
|move|p1a: Latios|Thunder|p2a: Starmie
|-supereffective|p2a: Starmie
|-damage|p2a: Starmie|0 fnt
|faint|p2a: Starmie
|
|-weather|RainDance|[upkeep]
|upkeep
|
|t:|1730835790
|switch|p2a: Blissey|Blissey, F|66/100
|turn|61
|
|t:|1730835801
|switch|p1a: Jirachi|Jirachi|100/100
|-damage|p1a: Jirachi|76/100|[from] Spikes
|move|p2a: Blissey|Soft-Boiled|p2a: Blissey
|-heal|p2a: Blissey|100/100
|
|-weather|RainDance|[upkeep]
|-heal|p1a: Jirachi|82/100|[from] item: Leftovers
|upkeep
|turn|62
|
|t:|1730835811
|move|p1a: Jirachi|Wish|p1a: Jirachi
|move|p2a: Blissey|Seismic Toss|p1a: Jirachi
|-damage|p1a: Jirachi|56/100
|
|-weather|RainDance|[upkeep]
|-heal|p1a: Jirachi|62/100|[from] item: Leftovers
|upkeep
|turn|63
|
|t:|1730835819
|move|p1a: Jirachi|Body Slam|p2a: Blissey
|-damage|p2a: Blissey|85/100
|-status|p2a: Blissey|par
|move|p2a: Blissey|Seismic Toss|p1a: Jirachi
|-damage|p1a: Jirachi|35/100
|
|-weather|RainDance|[upkeep]
|-heal|p1a: Jirachi|85/100|[from] move: Wish|[wisher] Jirachi
|-heal|p1a: Jirachi|91/100|[from] item: Leftovers
|-heal|p2a: Blissey|91/100 par|[from] item: Leftovers
|upkeep
|turn|64
|
|t:|1730835832
|-curestatus|p2a: Blissey|par|[from] ability: Natural Cure
|switch|p2a: Skarmory|Skarmory, F|96/100 par
|move|p1a: Jirachi|Iron Head|p2a: Skarmory
|-resisted|p2a: Skarmory
|-crit|p2a: Skarmory
|-damage|p2a: Skarmory|75/100 par
|-damage|p1a: Jirachi|75/100|[from] item: Rocky Helmet|[of] p2a: Skarmory
|
|-weather|RainDance|[upkeep]
|-heal|p1a: Jirachi|81/100|[from] item: Leftovers
|upkeep
|turn|65
|
|t:|1730835839
|move|p1a: Jirachi|Wish|p1a: Jirachi
|cant|p2a: Skarmory|par
|
|-weather|RainDance|[upkeep]
|-heal|p1a: Jirachi|87/100|[from] item: Leftovers
|upkeep
|turn|66
|
|t:|1730835849
|switch|p1a: Landorus|Landorus-Therian, M|59/100
|-ability|p1a: Landorus|Intimidate|boost
|-unboost|p2a: Skarmory|atk|1
|move|p2a: Skarmory|Whirlwind|p1a: Landorus
|drag|p1a: Jirachi|Jirachi|87/100
|-damage|p1a: Jirachi|62/100|[from] Spikes
|
|-weather|RainDance|[upkeep]
|-heal|p1a: Jirachi|100/100|[from] move: Wish|[wisher] Jirachi
|upkeep
|turn|67
|
|t:|1730835858
|move|p1a: Jirachi|Wish|p1a: Jirachi
|move|p2a: Skarmory|Iron Defense|p2a: Skarmory
|-boost|p2a: Skarmory|def|2
|
|-weather|RainDance|[upkeep]
|upkeep
|turn|68
|
|t:|1730835862
|switch|p1a: Latios|Latios, M|100/100
|move|p2a: Skarmory|Whirlwind|p1a: Latios
|drag|p1a: Landorus|Landorus-Therian, M|59/100
|-ability|p1a: Landorus|Intimidate|boost
|-unboost|p2a: Skarmory|atk|1
|
|-weather|RainDance|[upkeep]
|-heal|p1a: Landorus|100/100|[from] move: Wish|[wisher] Jirachi
|upkeep
|turn|69
|
|t:|1730835878
|move|p1a: Landorus|Hidden Power|p2a: Skarmory
|-damage|p2a: Skarmory|57/100 par
|cant|p2a: Skarmory|par
|
|-weather|RainDance|[upkeep]
|upkeep
|turn|70
|
|t:|1730835884
|move|p1a: Landorus|Hidden Power|p2a: Skarmory
|-damage|p2a: Skarmory|39/100 par
|cant|p2a: Skarmory|par
|
|-weather|RainDance|[upkeep]
|upkeep
|turn|71
|
|t:|1730835889
|move|p1a: Landorus|U-turn|p2a: Skarmory
|-resisted|p2a: Skarmory
|-damage|p2a: Skarmory|37/100 par
|-damage|p1a: Landorus|84/100|[from] item: Rocky Helmet|[of] p2a: Skarmory
|
|t:|1730835895
|switch|p1a: Latios|Latios, M|100/100|[from] U-turn
|cant|p2a: Skarmory|par
|
|-weather|RainDance|[upkeep]
|upkeep
|turn|72
|
|t:|1730835907
|switch|p2a: Blissey|Blissey, F|91/100
|move|p1a: Latios|Thunder|p2a: Blissey
|-damage|p2a: Blissey|75/100
|
|-weather|RainDance|[upkeep]
|-heal|p2a: Blissey|81/100|[from] item: Leftovers
|upkeep
|turn|73
|
|t:|1730835910
|switch|p1a: Jirachi|Jirachi|100/100
|-damage|p1a: Jirachi|76/100|[from] Spikes
|move|p2a: Blissey|Wish|p2a: Blissey
|
|-weather|RainDance|[upkeep]
|-heal|p1a: Jirachi|82/100|[from] item: Leftovers
|-heal|p2a: Blissey|87/100|[from] item: Leftovers
|upkeep
|turn|74
|
|t:|1730835912
|switch|p2a: Skarmory|Skarmory, F|37/100 par
|move|p1a: Jirachi|Wish|p1a: Jirachi
|
|-weather|RainDance|[upkeep]
|-heal|p2a: Skarmory|100/100 par|[from] move: Wish|[wisher] Blissey
|-heal|p1a: Jirachi|88/100|[from] item: Leftovers
|upkeep
|turn|75
|
|t:|1730835926
|switch|p1a: Latios|Latios, M|100/100
|move|p2a: Skarmory|Whirlwind|p1a: Latios
|drag|p1a: Jirachi|Jirachi|88/100
|-damage|p1a: Jirachi|63/100|[from] Spikes
|
|-weather|RainDance|[upkeep]
|-heal|p1a: Jirachi|100/100|[from] move: Wish|[wisher] Jirachi
|upkeep
|turn|76
|
|t:|1730835940
|move|p1a: Jirachi|Wish|p1a: Jirachi
|move|p2a: Skarmory|Iron Defense|p2a: Skarmory
|-boost|p2a: Skarmory|def|2
|
|-weather|RainDance|[upkeep]
|upkeep
|turn|77
|
|t:|1730835945
|switch|p1a: Latios|Latios, M|100/100
|move|p2a: Skarmory|Whirlwind|p1a: Latios
|drag|p1a: Landorus|Landorus-Therian, M|84/100
|-ability|p1a: Landorus|Intimidate|boost
|-unboost|p2a: Skarmory|atk|1
|
|-weather|RainDance|[upkeep]
|-heal|p1a: Landorus|100/100|[from] move: Wish|[wisher] Jirachi
|upkeep
|turn|78
|
|t:|1730835955
|move|p1a: Landorus|Hidden Power|p2a: Skarmory
|-damage|p2a: Skarmory|84/100 par
|move|p2a: Skarmory|Whirlwind|p1a: Landorus
|drag|p1a: Jirachi|Jirachi|100/100
|-damage|p1a: Jirachi|76/100|[from] Spikes
|
|-weather|RainDance|[upkeep]
|-heal|p1a: Jirachi|82/100|[from] item: Leftovers
|upkeep
|turn|79
|
|t:|1730835966
|move|p1a: Jirachi|Wish|p1a: Jirachi
|move|p2a: Skarmory|Spikes||[still]
|-fail|p2a: Skarmory
|
|-weather|RainDance|[upkeep]
|-heal|p1a: Jirachi|88/100|[from] item: Leftovers
|upkeep
|turn|80
|
|t:|1730835980
|switch|p1a: Landorus|Landorus-Therian, M|100/100
|-ability|p1a: Landorus|Intimidate|boost
|-unboost|p2a: Skarmory|atk|1
|cant|p2a: Skarmory|par
|
|-weather|RainDance|[upkeep]
|upkeep
|turn|81
|
|t:|1730835987
|move|p1a: Landorus|U-turn|p2a: Skarmory
|-resisted|p2a: Skarmory
|-crit|p2a: Skarmory
|-damage|p2a: Skarmory|74/100 par
|-damage|p1a: Landorus|84/100|[from] item: Rocky Helmet|[of] p2a: Skarmory
|
|t:|1730835990
|switch|p1a: Latios|Latios, M|100/100|[from] U-turn
|move|p2a: Skarmory|Spikes||[still]
|-fail|p2a: Skarmory
|
|-weather|RainDance|[upkeep]
|upkeep
|turn|82
|
|t:|1730835999
|switch|p2a: Blissey|Blissey, F|87/100
|move|p1a: Latios|Psyshock|p2a: Blissey
|-damage|p2a: Blissey|48/100
|
|-weather|RainDance|[upkeep]
|-heal|p2a: Blissey|54/100|[from] item: Leftovers
|upkeep
|turn|83
|
|t:|1730836006
|move|p1a: Latios|Psyshock|p2a: Blissey
|-damage|p2a: Blissey|15/100
|move|p2a: Blissey|Soft-Boiled|p2a: Blissey
|-heal|p2a: Blissey|65/100
|
|-weather|RainDance|[upkeep]
|-heal|p2a: Blissey|71/100|[from] item: Leftovers
|upkeep
|turn|84
|
|t:|1730836012
|move|p1a: Latios|Psyshock|p2a: Blissey
|-damage|p2a: Blissey|32/100
|move|p2a: Blissey|Soft-Boiled|p2a: Blissey
|-heal|p2a: Blissey|82/100
|
|-weather|RainDance|[upkeep]
|-heal|p2a: Blissey|88/100|[from] item: Leftovers
|upkeep
|turn|85
|
|t:|1730836016
|switch|p2a: Skarmory|Skarmory, F|74/100 par
|move|p1a: Latios|Psyshock|p2a: Skarmory
|-resisted|p2a: Skarmory
|-damage|p2a: Skarmory|58/100 par
|
|-weather|RainDance|[upkeep]
|upkeep
|turn|86
|
|t:|1730836022
|switch|p1a: Jirachi|Jirachi|88/100
|-damage|p1a: Jirachi|63/100|[from] Spikes
|cant|p2a: Skarmory|par
|
|-weather|RainDance|[upkeep]
|-heal|p1a: Jirachi|69/100|[from] item: Leftovers
|upkeep
|turn|87
|
|t:|1730836028
|move|p1a: Jirachi|Wish|p1a: Jirachi
|move|p2a: Skarmory|Roost|p2a: Skarmory
|-heal|p2a: Skarmory|100/100 par
|-singleturn|p2a: Skarmory|move: Roost
|
|-weather|RainDance|[upkeep]
|-heal|p1a: Jirachi|75/100|[from] item: Leftovers
|upkeep
|turn|88
|
|t:|1730836039
|switch|p1a: Landorus|Landorus-Therian, M|84/100
|-ability|p1a: Landorus|Intimidate|boost
|-unboost|p2a: Skarmory|atk|1
|cant|p2a: Skarmory|par
|
|-weather|RainDance|[upkeep]
|-heal|p1a: Landorus|100/100|[from] move: Wish|[wisher] Jirachi
|upkeep
|turn|89
|
|t:|1730836048
|move|p1a: Landorus|Stealth Rock|p2a: Skarmory
|-sidestart|p2: killerfishsandiego|move: Stealth Rock
|move|p2a: Skarmory|Spikes||[still]
|-fail|p2a: Skarmory
|
|-weather|RainDance|[upkeep]
|upkeep
|turn|90
|
|t:|1730836059
|switch|p1a: Jirachi|Jirachi|75/100
|-damage|p1a: Jirachi|50/100|[from] Spikes
|move|p2a: Skarmory|Whirlwind|p1a: Jirachi
|drag|p1a: Latios|Latios, M|100/100
|
|-weather|RainDance|[upkeep]
|upkeep
|turn|91
|
|t:|1730836083
|switch|p2a: Blissey|Blissey, F|88/100
|-damage|p2a: Blissey|76/100|[from] Stealth Rock
|move|p1a: Latios|Thunder|p2a: Blissey
|-damage|p2a: Blissey|60/100
|
|-weather|RainDance|[upkeep]
|-heal|p2a: Blissey|66/100|[from] item: Leftovers
|upkeep
|turn|92
|
|t:|1730836093
|switch|p1a: Landorus|Landorus-Therian, M|100/100
|-ability|p1a: Landorus|Intimidate|boost
|-unboost|p2a: Blissey|atk|1
|move|p2a: Blissey|Seismic Toss|p1a: Landorus
|-damage|p1a: Landorus|69/100
|
|-weather|RainDance|[upkeep]
|-heal|p1a: Landorus|75/100|[from] item: Leftovers
|-heal|p2a: Blissey|73/100|[from] item: Leftovers
|upkeep
|turn|93
|
|t:|1730836097
|move|p1a: Landorus|U-turn|p2a: Blissey
|-damage|p2a: Blissey|49/100
|
|t:|1730836100
|switch|p1a: Latios|Latios, M|100/100|[from] U-turn
|move|p2a: Blissey|Soft-Boiled|p2a: Blissey
|-heal|p2a: Blissey|99/100
|
|-weather|RainDance|[upkeep]
|-heal|p2a: Blissey|100/100|[from] item: Leftovers
|upkeep
|turn|94
|
|t:|1730836105
|move|p1a: Latios|Psyshock|p2a: Blissey
|-damage|p2a: Blissey|66/100
|move|p2a: Blissey|Seismic Toss|p1a: Latios
|-damage|p1a: Latios|67/100
|
|-weather|RainDance|[upkeep]
|-heal|p2a: Blissey|72/100|[from] item: Leftovers
|upkeep
|turn|95
|
|t:|1730836116
|switch|p1a: Landorus|Landorus-Therian, M|75/100
|-ability|p1a: Landorus|Intimidate|boost
|-unboost|p2a: Blissey|atk|1
|move|p2a: Blissey|Soft-Boiled|p2a: Blissey
|-heal|p2a: Blissey|100/100
|
|-weather|RainDance|[upkeep]
|-heal|p1a: Landorus|81/100|[from] item: Leftovers
|upkeep
|turn|96
|
|t:|1730836123
|switch|p2a: Skarmory|Skarmory, F|100/100 par
|-damage|p2a: Skarmory|88/100 par|[from] Stealth Rock
|move|p1a: Landorus|Earthquake|p2a: Skarmory
|-immune|p2a: Skarmory
|
|-weather|RainDance|[upkeep]
|-heal|p1a: Landorus|87/100|[from] item: Leftovers
|upkeep
|turn|97
|
|t:|1730836128
|switch|p1a: Latios|Latios, M|67/100
|move|p2a: Skarmory|Whirlwind|p1a: Latios
|drag|p1a: Jirachi|Jirachi|50/100
|-damage|p1a: Jirachi|25/100|[from] Spikes
|
|-weather|RainDance|[upkeep]
|-heal|p1a: Jirachi|31/100|[from] item: Leftovers
|upkeep
|turn|98
|
|t:|1730836136
|move|p1a: Jirachi|Wish|p1a: Jirachi
|move|p2a: Skarmory|Whirlwind|p1a: Jirachi
|drag|p1a: Latios|Latios, M|67/100
|
|-weather|RainDance|[upkeep]
|upkeep
|turn|99
|
|t:|1730836147
|switch|p2a: Blissey|Blissey, F|100/100
|-damage|p2a: Blissey|88/100|[from] Stealth Rock
|move|p1a: Latios|Psyshock|p2a: Blissey
|-damage|p2a: Blissey|54/100
|
|-weather|RainDance|[upkeep]
|-heal|p1a: Latios|100/100|[from] move: Wish|[wisher] Jirachi
|-heal|p2a: Blissey|61/100|[from] item: Leftovers
|upkeep
|turn|100
|
|t:|1730836155
|move|p1a: Latios|Psyshock|p2a: Blissey
|-damage|p2a: Blissey|26/100
|move|p2a: Blissey|Soft-Boiled|p2a: Blissey
|-heal|p2a: Blissey|76/100
|
|-weather|RainDance|[upkeep]
|-heal|p2a: Blissey|82/100|[from] item: Leftovers
|upkeep
|turn|101
|
|t:|1730836164
|switch|p1a: Jirachi|Jirachi|31/100
|-damage|p1a: Jirachi|7/100|[from] Spikes
|move|p2a: Blissey|Wish|p2a: Blissey
|
|-weather|RainDance|[upkeep]
|-heal|p1a: Jirachi|13/100|[from] item: Leftovers
|-heal|p2a: Blissey|88/100|[from] item: Leftovers
|upkeep
|turn|102
|
|t:|1730836188
|move|p1a: Jirachi|Iron Head|p2a: Blissey
|-damage|p2a: Blissey|63/100
|move|p2a: Blissey|Seismic Toss|p1a: Jirachi
|-damage|p1a: Jirachi|0 fnt
|faint|p1a: Jirachi
|
|-weather|RainDance|[upkeep]
|-heal|p2a: Blissey|100/100|[from] move: Wish|[wisher] Blissey
|upkeep
|
|t:|1730836194
|switch|p1a: Latios|Latios, M|100/100
|turn|103
|
|t:|1730836198
|move|p1a: Latios|Thunder|p2a: Blissey
|-damage|p2a: Blissey|84/100
|move|p2a: Blissey|Seismic Toss|p1a: Latios
|-damage|p1a: Latios|67/100
|
|-weather|RainDance|[upkeep]
|-heal|p2a: Blissey|90/100|[from] item: Leftovers
|upkeep
|turn|104
|-message|BluuError% forfeited.
|
|win|killerfishsandiego
|raw|BluuError%'s rating: 1339 &rarr; <strong>1325</strong><br />(-14 for losing)
|raw|killerfishsandiego's rating: 1443 &rarr; <strong>1457</strong><br />(+14 for winning)
|l|☆BluuError%
|player|p1|
