|j|☆LeftyPelikan
|j|‽Miltank321
|t:|1721649964
|gametype|singles
|player|p1|LeftyPelikan|aromalady|1418
|player|p2|Miltank321|juan|1316
|teamsize|p1|6
|teamsize|p2|6
|gen|5
|tier|[Gen 5] OU
|rated|
|rule|Species Clause: Limit one of each Pokémon
|rule|OHKO Clause: OHKO moves are banned
|rule|Moody Clause: Moody is banned
|rule|Evasion Items Clause: Evasion items are banned
|rule|Evasion Moves Clause: Evasion moves are banned
|rule|Endless Battle Clause: Forcing endless battles is banned
|rule|HP Percentage Mod: HP is shown in percentages
|rule|Evasion Abilities Clause: Evasion abilities are banned
|rule|Sleep Moves Clause: Sleep-inducing moves are banned
|rule|Swagger Clause: Swagger is banned
|rule|Baton Pass Stat Clause: No Baton Passer may have a way to boost its stats
|clearpoke
|poke|p1|Latios, M|item
|poke|p1|Scizor, F|item
|poke|p1|Landorus-Therian, M|item
|poke|p1|Celebi|item
|poke|p1|Tyranitar, F|item
|poke|p1|Conkeldurr, M|item
|poke|p2|Keldeo|item
|poke|p2|Latios, M|item
|poke|p2|Politoed, F|item
|poke|p2|Tentacruel, M|item
|poke|p2|Mamoswine, F|item
|poke|p2|Ferrothorn, M|item
|teampreview
|inactive|Battle timer is ON: inactive players will automatically lose when time's up. (requested by LeftyPelikan)
|
|t:|1721649982
|start
|switch|p1a: Celebi|Celebi|100/100
|switch|p2a: Politoed|Politoed, F, shiny|100/100
|-weather|RainDance|[from] ability: Drizzle|[of] p2a: Politoed
|turn|1
|
|t:|1721649993
|switch|p2a: Ferrothorn|Ferrothorn, M, shiny|100/100
|move|p1a: Celebi|Leaf Storm|p2a: Ferrothorn
|-resisted|p2a: Ferrothorn
|-damage|p2a: Ferrothorn|93/100
|-unboost|p1a: Celebi|spa|2
|
|-weather|RainDance|[upkeep]
|-heal|p2a: Ferrothorn|99/100|[from] item: Leftovers
|upkeep
|turn|2
|
|t:|1721650004
|switch|p1a: Conkeldurr|Conkeldurr, M, shiny|100/100
|move|p2a: Ferrothorn|Spikes|p1a: Conkeldurr
|-sidestart|p1: LeftyPelikan|Spikes
|
|-weather|RainDance|[upkeep]
|-heal|p2a: Ferrothorn|100/100|[from] item: Leftovers
|upkeep
|turn|3
|
|t:|1721650024
|switch|p2a: Tentacruel|Tentacruel, M, shiny|100/100
|move|p1a: Conkeldurr|Ice Punch|p2a: Tentacruel
|-resisted|p2a: Tentacruel
|-damage|p2a: Tentacruel|85/100
|
|-weather|RainDance|[upkeep]
|-heal|p2a: Tentacruel|91/100|[from] ability: Rain Dish
|-heal|p2a: Tentacruel|97/100|[from] item: Black Sludge
|upkeep
|turn|4
|inactive|LeftyPelikan has 120 seconds left.
|
|t:|1721650049
|switch|p1a: Latios|Latios, M, shiny|100/100
|move|p2a: Tentacruel|Knock Off|p1a: Latios
|-supereffective|p1a: Latios
|-damage|p1a: Latios|91/100
|-enditem|p1a: Latios|Choice Specs|[from] move: Knock Off|[of] p2a: Tentacruel
|
|-weather|RainDance|[upkeep]
|-heal|p2a: Tentacruel|100/100|[from] ability: Rain Dish
|upkeep
|turn|5
|
|t:|1721650064
|switch|p1a: Conkeldurr|Conkeldurr, M, shiny|100/100
|-damage|p1a: Conkeldurr|88/100|[from] Spikes
|switch|p2a: Ferrothorn|Ferrothorn, M, shiny|100/100
|
|-weather|RainDance|[upkeep]
|upkeep
|turn|6
|
|t:|1721650080
|switch|p2a: Tentacruel|Tentacruel, M, shiny|100/100
|move|p1a: Conkeldurr|Hammer Arm|p2a: Tentacruel
|-resisted|p2a: Tentacruel
|-damage|p2a: Tentacruel|65/100
|-unboost|p1a: Conkeldurr|spe|1
|
|-weather|RainDance|[upkeep]
|-heal|p2a: Tentacruel|71/100|[from] ability: Rain Dish
|-heal|p2a: Tentacruel|77/100|[from] item: Black Sludge
|upkeep
|turn|7
|
|t:|1721650094
|switch|p1a: Tyranitar|Tyranitar, F, shiny|100/100
|-damage|p1a: Tyranitar|88/100|[from] Spikes
|-weather|Sandstorm|[from] ability: Sand Stream|[of] p1a: Tyranitar
|move|p2a: Tentacruel|Scald|p1a: Tyranitar
|-supereffective|p1a: Tyranitar
|-damage|p1a: Tyranitar|68/100
|
|-weather|Sandstorm|[upkeep]
|-damage|p2a: Tentacruel|71/100|[from] Sandstorm
|-heal|p2a: Tentacruel|77/100|[from] item: Black Sludge
|upkeep
|turn|8
|
|t:|1721650106
|switch|p1a: Latios|Latios, M, shiny|91/100
|move|p2a: Tentacruel|Protect||[still]
|-fail|p2a: Tentacruel
|
|-weather|Sandstorm|[upkeep]
|-damage|p1a: Latios|85/100|[from] Sandstorm
|-damage|p2a: Tentacruel|71/100|[from] Sandstorm
|-heal|p2a: Tentacruel|77/100|[from] item: Black Sludge
|upkeep
|turn|9
|inactive|LeftyPelikan has 120 seconds left.
|inactive|Miltank321 has 120 seconds left.
|
|t:|1721650146
|switch|p2a: Ferrothorn|Ferrothorn, M, shiny|100/100
|move|p1a: Latios|Draco Meteor|p2a: Ferrothorn
|-resisted|p2a: Ferrothorn
|-damage|p2a: Ferrothorn|77/100
|-unboost|p1a: Latios|spa|2
|
|-weather|Sandstorm|[upkeep]
|-damage|p1a: Latios|79/100|[from] Sandstorm
|-heal|p2a: Ferrothorn|84/100|[from] item: Leftovers
|upkeep
|turn|10
|inactive|Miltank321 has 120 seconds left.
|
|t:|1721650159
|switch|p1a: Scizor|Scizor, F, shiny|100/100
|-damage|p1a: Scizor|88/100|[from] Spikes
|move|p2a: Ferrothorn|Leech Seed|p1a: Scizor
|-start|p1a: Scizor|move: Leech Seed
|
|-weather|Sandstorm|[upkeep]
|-heal|p2a: Ferrothorn|90/100|[from] item: Leftovers
|-damage|p1a: Scizor|76/100|[from] Leech Seed|[of] p2a: Ferrothorn
|-heal|p2a: Ferrothorn|100/100|[silent]
|upkeep
|turn|11
|inactive|Miltank321 has 120 seconds left.
|
|t:|1721650170
|switch|p1a: Conkeldurr|Conkeldurr, M, shiny|88/100
|-damage|p1a: Conkeldurr|76/100|[from] Spikes
|switch|p2a: Tentacruel|Tentacruel, M, shiny|77/100
|
|-weather|Sandstorm|[upkeep]
|-damage|p2a: Tentacruel|71/100|[from] Sandstorm
|-damage|p1a: Conkeldurr|70/100|[from] Sandstorm
|-heal|p2a: Tentacruel|77/100|[from] item: Black Sludge
|upkeep
|turn|12
|inactive|Miltank321 has 120 seconds left.
|
|t:|1721650181
|switch|p1a: Celebi|Celebi|100/100
|-damage|p1a: Celebi|88/100|[from] Spikes
|move|p2a: Tentacruel|Knock Off|p1a: Celebi
|-supereffective|p1a: Celebi
|-damage|p1a: Celebi|82/100
|-enditem|p1a: Celebi|Leftovers|[from] move: Knock Off|[of] p2a: Tentacruel
|
|-weather|Sandstorm|[upkeep]
|-damage|p2a: Tentacruel|71/100|[from] Sandstorm
|-damage|p1a: Celebi|75/100|[from] Sandstorm
|-heal|p2a: Tentacruel|77/100|[from] item: Black Sludge
|upkeep
|turn|13
|inactive|Miltank321 has 120 seconds left.
|
|t:|1721650195
|switch|p2a: Politoed|Politoed, F, shiny|100/100
|-weather|RainDance|[from] ability: Drizzle|[of] p2a: Politoed
|move|p1a: Celebi|Thunder Wave|p2a: Politoed
|-status|p2a: Politoed|par
|
|-weather|RainDance|[upkeep]
|upkeep
|turn|14
|inactive|Miltank321 has 120 seconds left.
|
|t:|1721650205
|switch|p2a: Ferrothorn|Ferrothorn, M, shiny|100/100
|move|p1a: Celebi|U-turn|p2a: Ferrothorn
|-damage|p2a: Ferrothorn|89/100
|-damage|p1a: Celebi|63/100|[from] ability: Iron Barbs|[of] p2a: Ferrothorn
|
|t:|1721650215
|switch|p1a: Scizor|Scizor, F, shiny|76/100|[from] U-turn
|-damage|p1a: Scizor|64/100|[from] Spikes
|
|-weather|RainDance|[upkeep]
|-heal|p2a: Ferrothorn|96/100|[from] item: Leftovers
|upkeep
|turn|15
|
|t:|1721650224
|switch|p2a: Tentacruel|Tentacruel, M, shiny|77/100
|move|p1a: Scizor|U-turn|p2a: Tentacruel
|-resisted|p2a: Tentacruel
|-damage|p2a: Tentacruel|49/100
|
|t:|1721650238
|switch|p1a: Tyranitar|Tyranitar, F, shiny|68/100|[from] U-turn
|-damage|p1a: Tyranitar|56/100|[from] Spikes
|-weather|Sandstorm|[from] ability: Sand Stream|[of] p1a: Tyranitar
|
|-weather|Sandstorm|[upkeep]
|-damage|p2a: Tentacruel|43/100|[from] Sandstorm
|-heal|p2a: Tentacruel|49/100|[from] item: Black Sludge
|upkeep
|turn|16
|
|t:|1721650249
|-activate|p2a: Tentacruel|move: Pursuit
|move|p1a: Tyranitar|Pursuit|p2a: Tentacruel|[from]Pursuit
|-damage|p2a: Tentacruel|9/100
|switch|p2a: Ferrothorn|Ferrothorn, M, shiny|96/100
|
|-weather|Sandstorm|[upkeep]
|-heal|p2a: Ferrothorn|100/100|[from] item: Leftovers
|upkeep
|turn|17
|
|t:|1721650259
|move|p1a: Tyranitar|Stealth Rock|p2a: Ferrothorn
|-sidestart|p2: Miltank321|move: Stealth Rock
|move|p2a: Ferrothorn|Leech Seed|p1a: Tyranitar
|-start|p1a: Tyranitar|move: Leech Seed
|
|-weather|Sandstorm|[upkeep]
|-damage|p1a: Tyranitar|43/100|[from] Leech Seed|[of] p2a: Ferrothorn
|upkeep
|turn|18
|
|t:|1721650267
|switch|p1a: Scizor|Scizor, F, shiny|64/100
|-damage|p1a: Scizor|52/100|[from] Spikes
|move|p2a: Ferrothorn|Spikes|p1a: Scizor
|-sidestart|p1: LeftyPelikan|Spikes
|
|-weather|Sandstorm|[upkeep]
|upkeep
|turn|19
|
|t:|1721650275
|move|p2a: Ferrothorn|Protect|p2a: Ferrothorn
|-singleturn|p2a: Ferrothorn|Protect
|move|p1a: Scizor|Superpower|p2a: Ferrothorn
|-activate|p2a: Ferrothorn|move: Protect
|
|-weather|Sandstorm|[upkeep]
|upkeep
|turn|20
|
|t:|1721650285
|move|p1a: Scizor|Superpower|p2a: Ferrothorn
|-supereffective|p2a: Ferrothorn
|-damage|p2a: Ferrothorn|0 fnt
|-unboost|p1a: Scizor|atk|1
|-unboost|p1a: Scizor|def|1
|-damage|p1a: Scizor|39/100|[from] ability: Iron Barbs|[of] p2a: Ferrothorn
|faint|p2a: Ferrothorn
|
|-weather|Sandstorm|[upkeep]
|upkeep
|
|t:|1721650298
|switch|p2a: Politoed|Politoed, F, shiny|100/100 par
|-damage|p2a: Politoed|88/100 par|[from] Stealth Rock
|-weather|RainDance|[from] ability: Drizzle|[of] p2a: Politoed
|turn|21
|
|t:|1721650305
|switch|p1a: Celebi|Celebi|63/100
|-damage|p1a: Celebi|47/100|[from] Spikes
|move|p2a: Politoed|Scald|p1a: Celebi
|-resisted|p1a: Celebi
|-damage|p1a: Celebi|34/100
|
|-weather|RainDance|[upkeep]
|-heal|p2a: Politoed|94/100 par|[from] item: Leftovers
|upkeep
|turn|22
|
|t:|1721650321
|switch|p2a: Latios|Latios, M, shiny|100/100
|-damage|p2a: Latios|88/100|[from] Stealth Rock
|move|p1a: Celebi|Recover|p1a: Celebi
|-heal|p1a: Celebi|84/100
|
|-weather|RainDance|[upkeep]
|upkeep
|turn|23
|
|t:|1721650342
|move|p2a: Latios|Trick|p1a: Celebi
|-activate|p2a: Latios|move: Trick|[of] p1a: Celebi
|-item|p1a: Celebi|Choice Scarf|[from] move: Trick
|-enditem|p2a: Latios|Choice Scarf|[silent]|[from] move: Trick
|move|p1a: Celebi|Recover|p1a: Celebi
|-heal|p1a: Celebi|100/100
|
|-weather|RainDance|[upkeep]
|upkeep
|turn|24
|
|t:|1721650350
|switch|p1a: Scizor|Scizor, F, shiny|39/100
|-damage|p1a: Scizor|23/100|[from] Spikes
|move|p2a: Latios|Toxic|p1a: Scizor
|-immune|p1a: Scizor
|
|-weather|RainDance|[upkeep]
|upkeep
|turn|25
|
|t:|1721650361
|move|p1a: Scizor|Bullet Punch|p2a: Latios
|-damage|p2a: Latios|22/100
|move|p2a: Latios|Surf|p1a: Scizor
|-damage|p1a: Scizor|0 fnt
|faint|p1a: Scizor
|
|-weather|RainDance|[upkeep]
|upkeep
|
|t:|1721650366
|switch|p1a: Landorus|Landorus-Therian, M, shiny|100/100
|-ability|p1a: Landorus|Intimidate|boost
|-unboost|p2a: Latios|atk|1
|turn|26
|
|t:|1721650375
|move|p1a: Landorus|U-turn|p2a: Latios
|-supereffective|p2a: Latios
|-damage|p2a: Latios|0 fnt
|faint|p2a: Latios
|
|t:|1721650379
|switch|p1a: Celebi|Celebi|100/100|[from] U-turn
|-damage|p1a: Celebi|84/100|[from] Spikes
|
|-weather|RainDance|[upkeep]
|upkeep
|
|t:|1721650387
|switch|p2a: Tentacruel|Tentacruel, M, shiny|9/100
|-damage|p2a: Tentacruel|0 fnt|[from] Stealth Rock
|faint|p2a: Tentacruel
|
|t:|1721650393
|switch|p2a: Mamoswine|Mamoswine, F|100/100
|-damage|p2a: Mamoswine|88/100|[from] Stealth Rock
|turn|27
|inactive|LeftyPelikan has 120 seconds left.
|
|t:|1721650424
|move|p1a: Celebi|Leaf Storm|p2a: Mamoswine|[miss]
|-miss|p1a: Celebi|p2a: Mamoswine
|move|p2a: Mamoswine|Stealth Rock|p1a: Celebi
|-sidestart|p1: LeftyPelikan|move: Stealth Rock
|
|-weather|RainDance|[upkeep]
|upkeep
|turn|28
|
|t:|1721650432
|move|p1a: Celebi|Leaf Storm|p2a: Mamoswine|[miss]
|-miss|p1a: Celebi|p2a: Mamoswine
|move|p2a: Mamoswine|Icicle Crash|p1a: Celebi|[miss]
|-miss|p2a: Mamoswine|p1a: Celebi
|
|-weather|RainDance|[upkeep]
|upkeep
|turn|29
|c|☆LeftyPelikan|nice
|
|t:|1721650445
|switch|p2a: Keldeo|Keldeo|100/100
|-damage|p2a: Keldeo|94/100|[from] Stealth Rock
|move|p1a: Celebi|Leaf Storm|p2a: Keldeo
|-supereffective|p2a: Keldeo
|-damage|p2a: Keldeo|2/100
|-unboost|p1a: Celebi|spa|2
|
|-weather|RainDance|[upkeep]
|-heal|p2a: Keldeo|8/100|[from] item: Leftovers
|upkeep
|turn|30
|
|t:|1721650471
|move|p1a: Celebi|Leaf Storm|p2a: Keldeo|[miss]
|-miss|p1a: Celebi|p2a: Keldeo
|move|p2a: Keldeo|Surf|p1a: Celebi
|-resisted|p1a: Celebi
|-damage|p1a: Celebi|65/100
|
|-weather|RainDance|[upkeep]
|-heal|p2a: Keldeo|14/100|[from] item: Leftovers
|upkeep
|turn|31
|c|☆LeftyPelikan|:(
|
|t:|1721650483
|move|p1a: Celebi|Leaf Storm|p2a: Keldeo
|-supereffective|p2a: Keldeo
|-damage|p2a: Keldeo|0 fnt
|-unboost|p1a: Celebi|spa|2
|faint|p2a: Keldeo
|
|-weather|RainDance|[upkeep]
|upkeep
|
|t:|1721650491
|switch|p2a: Mamoswine|Mamoswine, F|88/100
|-damage|p2a: Mamoswine|76/100|[from] Stealth Rock
|turn|32
|
|t:|1721650497
|switch|p1a: Landorus|Landorus-Therian, M, shiny|100/100
|-damage|p1a: Landorus|88/100|[from] Stealth Rock
|-ability|p1a: Landorus|Intimidate|boost
|-unboost|p2a: Mamoswine|atk|1
|move|p2a: Mamoswine|Icicle Crash|p1a: Landorus
|-supereffective|p1a: Landorus
|-damage|p1a: Landorus|0 fnt
|faint|p1a: Landorus
|-damage|p2a: Mamoswine|66/100|[from] item: Life Orb
|
|-weather|RainDance|[upkeep]
|upkeep
|
|t:|1721650516
|switch|p1a: Conkeldurr|Conkeldurr, M, shiny|70/100
|-damage|p1a: Conkeldurr|53/100|[from] Spikes
|-damage|p1a: Conkeldurr|48/100|[from] Stealth Rock
|turn|33
|
|t:|1721650521
|switch|p2a: Politoed|Politoed, F, shiny|94/100 par
|-damage|p2a: Politoed|82/100 par|[from] Stealth Rock
|move|p1a: Conkeldurr|Mach Punch|p2a: Politoed
|-damage|p2a: Politoed|44/100 par
|
|-weather|RainDance|[upkeep]
|-heal|p2a: Politoed|50/100 par|[from] item: Leftovers
|upkeep
|turn|34
|
|t:|1721650540
|move|p2a: Politoed|Protect|p2a: Politoed
|-singleturn|p2a: Politoed|Protect
|move|p1a: Conkeldurr|Drain Punch|p2a: Politoed
|-activate|p2a: Politoed|move: Protect
|
|-weather|RainDance|[upkeep]
|-heal|p2a: Politoed|56/100 par|[from] item: Leftovers
|upkeep
|turn|35
|
|t:|1721650551
|move|p1a: Conkeldurr|Drain Punch|p2a: Politoed
|-damage|p2a: Politoed|0 fnt
|-heal|p1a: Conkeldurr|78/100|[from] drain|[of] p2a: Politoed
|faint|p2a: Politoed
|
|-weather|RainDance|[upkeep]
|upkeep
|
|t:|1721650558
|switch|p2a: Mamoswine|Mamoswine, F|66/100
|-damage|p2a: Mamoswine|53/100|[from] Stealth Rock
|turn|36
|
|t:|1721650566
|move|p1a: Conkeldurr|Mach Punch|p2a: Mamoswine
|-supereffective|p2a: Mamoswine
|-damage|p2a: Mamoswine|0 fnt
|faint|p2a: Mamoswine
|
|win|LeftyPelikan
|raw|LeftyPelikan's rating: 1418 &rarr; <strong>1432</strong><br />(+14 for winning)
|raw|Miltank321's rating: 1316 &rarr; <strong>1302</strong><br />(-14 for losing)
