|j|☆HydreigonSpammer
|j|☆Miltank321
|t:|1733689122
|gametype|singles
|player|p1|HydreigonSpammer|veteranf|1345
|player|p2|Miltank321|juan|1335
|teamsize|p1|6
|teamsize|p2|6
|gen|5
|tier|[Gen 5] OU
|rated|
|rule|Species Clause: Limit one of each Pokémon
|rule|OHKO Clause: OHKO moves are banned
|rule|Moody Clause: Moody is banned
|rule|Evasion Items Clause: Evasion items are banned
|rule|Evasion Moves Clause: Evasion moves are banned
|rule|Endless Battle Clause: Forcing endless battles is banned
|rule|HP Percentage Mod: HP is shown in percentages
|rule|Evasion Abilities Clause: Evasion abilities are banned
|rule|Sleep Moves Clause: Sleep-inducing moves are banned
|rule|Swagger Clause: Swagger is banned
|rule|Baton Pass Stat Clause: No Baton Passer may have a way to boost its stats
|clearpoke
|poke|p1|Abomasnow, M|item
|poke|p1|Kyurem|item
|poke|p1|Reuniclus, M|item
|poke|p1|Mamoswine, F|item
|poke|p1|Alakazam, M|item
|poke|p1|Walrein, F|item
|poke|p2|Rotom-Wash|item
|poke|p2|Gastrodon, M|item
|poke|p2|Porygon-Z|item
|poke|p2|Gliscor, F|item
|poke|p2|Conkeldurr, F|item
|poke|p2|Forretress, F|item
|teampreview
|inactive|Battle timer is ON: inactive players will automatically lose when time's up. (requested by Miltank321)
|
|t:|1733689146
|start
|switch|p1a: Abomasnow|Abomasnow, M|100/100
|switch|p2a: Porygon-Z|Porygon-Z, shiny|100/100
|-weather|Hail|[from] ability: Snow Warning|[of] p1a: Abomasnow
|turn|1
|
|t:|1733689164
|switch|p1a: Walrein|Walrein, F|100/100
|move|p2a: Porygon-Z|Tri Attack|p1a: Walrein
|-damage|p1a: Walrein|47/100
|
|-weather|Hail|[upkeep]
|-damage|p2a: Porygon-Z|94/100|[from] Hail
|-heal|p1a: Walrein|53/100|[from] ability: Ice Body
|-heal|p1a: Walrein|59/100|[from] item: Leftovers
|upkeep
|turn|2
|
|t:|1733689177
|switch|p2a: Gliscor|Gliscor, F|100/100
|move|p1a: Walrein|Ice Beam|p2a: Gliscor
|-supereffective|p2a: Gliscor
|-damage|p2a: Gliscor|0 fnt
|faint|p2a: Gliscor
|
|-weather|Hail|[upkeep]
|-heal|p1a: Walrein|66/100|[from] ability: Ice Body
|-heal|p1a: Walrein|72/100|[from] item: Leftovers
|upkeep
|
|t:|1733689194
|switch|p2a: Rotom|Rotom-Wash|100/100
|turn|3
|
|t:|1733689200
|switch|p1a: Abomasnow|Abomasnow, M|100/100
|move|p2a: Rotom|Trick|p1a: Abomasnow
|-activate|p2a: Rotom|move: Trick|[of] p1a: Abomasnow
|-item|p1a: Abomasnow|Sticky Barb|[from] move: Trick
|-item|p2a: Rotom|Leftovers|[from] move: Trick
|
|-weather|Hail|[upkeep]
|-damage|p2a: Rotom|95/100|[from] Hail
|-heal|p2a: Rotom|100/100|[from] item: Leftovers
|-damage|p1a: Abomasnow|88/100|[from] item: Sticky Barb
|upkeep
|turn|4
|
|t:|1733689213
|move|p2a: Rotom|Substitute|p2a: Rotom
|-start|p2a: Rotom|Substitute
|-damage|p2a: Rotom|76/100
|move|p1a: Abomasnow|Energy Ball|p2a: Rotom
|-supereffective|p2a: Rotom
|-end|p2a: Rotom|Substitute
|
|-weather|Hail|[upkeep]
|-damage|p2a: Rotom|70/100|[from] Hail
|-heal|p2a: Rotom|76/100|[from] item: Leftovers
|-damage|p1a: Abomasnow|75/100|[from] item: Sticky Barb
|upkeep
|turn|5
|
|t:|1733689235
|switch|p2a: Forretress|Forretress, F|100/100
|switch|p1a: Reuniclus|Reuniclus, M|100/100
|
|-weather|Hail|[upkeep]
|-damage|p2a: Forretress|94/100|[from] Hail
|upkeep
|turn|6
|
|t:|1733689245
|move|p2a: Forretress|Stealth Rock|p1a: Reuniclus
|-sidestart|p1: HydreigonSpammer|move: Stealth Rock
|move|p1a: Reuniclus|Calm Mind|p1a: Reuniclus
|-boost|p1a: Reuniclus|spa|1
|-boost|p1a: Reuniclus|spd|1
|
|-weather|Hail|[upkeep]
|-damage|p2a: Forretress|88/100|[from] Hail
|upkeep
|turn|7
|
|t:|1733689254
|move|p2a: Forretress|Spikes|p1a: Reuniclus
|-sidestart|p1: HydreigonSpammer|Spikes
|move|p1a: Reuniclus|Calm Mind|p1a: Reuniclus
|-boost|p1a: Reuniclus|spa|1
|-boost|p1a: Reuniclus|spd|1
|
|-weather|Hail|[upkeep]
|-damage|p2a: Forretress|82/100|[from] Hail
|upkeep
|turn|8
|
|t:|1733689263
|move|p2a: Forretress|Spikes|p1a: Reuniclus
|-sidestart|p1: HydreigonSpammer|Spikes
|move|p1a: Reuniclus|Calm Mind|p1a: Reuniclus
|-boost|p1a: Reuniclus|spa|1
|-boost|p1a: Reuniclus|spd|1
|
|-weather|Hail|[upkeep]
|-damage|p2a: Forretress|76/100|[from] Hail
|upkeep
|turn|9
|
|t:|1733689274
|move|p2a: Forretress|Spikes|p1a: Reuniclus
|-sidestart|p1: HydreigonSpammer|Spikes
|move|p1a: Reuniclus|Focus Blast|p2a: Forretress|[miss]
|-miss|p1a: Reuniclus|p2a: Forretress
|
|-weather|Hail|[upkeep]
|-damage|p2a: Forretress|69/100|[from] Hail
|upkeep
|turn|10
|
|t:|1733689285
|move|p2a: Forretress|Explosion|p1a: Reuniclus
|-damage|p1a: Reuniclus|64/100
|faint|p2a: Forretress
|move|p1a: Reuniclus|Recover|p1a: Reuniclus
|-heal|p1a: Reuniclus|100/100
|
|-weather|Hail|[upkeep]
|upkeep
|
|t:|1733689296
|switch|p2a: Porygon-Z|Porygon-Z, shiny|94/100
|turn|11
|
|t:|1733689300
|move|p2a: Porygon-Z|Trick|p1a: Reuniclus
|-activate|p2a: Porygon-Z|move: Trick|[of] p1a: Reuniclus
|-item|p1a: Reuniclus|Choice Specs|[from] move: Trick
|-item|p2a: Porygon-Z|Leftovers|[from] move: Trick
|move|p1a: Reuniclus|Psyshock|p2a: Porygon-Z
|-damage|p2a: Porygon-Z|0 fnt
|faint|p2a: Porygon-Z
|
|-weather|Hail|[upkeep]
|upkeep
|
|t:|1733689310
|switch|p2a: Conkeldurr|Conkeldurr, F|100/100
|turn|12
|
|t:|1733689314
|move|p2a: Conkeldurr|Ice Punch|p1a: Reuniclus
|-damage|p1a: Reuniclus|78/100
|move|p1a: Reuniclus|Psyshock|p2a: Conkeldurr
|-supereffective|p2a: Conkeldurr
|-damage|p2a: Conkeldurr|0 fnt
|faint|p2a: Conkeldurr
|
|-weather|Hail|[upkeep]
|upkeep
|
|t:|1733689323
|switch|p2a: Gastrodon|Gastrodon, M|100/100
|turn|13
|
|t:|1733689326
|move|p2a: Gastrodon|Ice Beam|p1a: Reuniclus
|-crit|p1a: Reuniclus
|-damage|p1a: Reuniclus|42/100
|move|p1a: Reuniclus|Psyshock|p2a: Gastrodon
|-damage|p2a: Gastrodon|9/100
|
|-weather|Hail|[upkeep]
|-damage|p2a: Gastrodon|3/100|[from] Hail
|-heal|p2a: Gastrodon|9/100|[from] item: Leftovers
|upkeep
|turn|14
|
|t:|1733689336
|move|p2a: Gastrodon|Ice Beam|p1a: Reuniclus
|-damage|p1a: Reuniclus|34/100
|move|p1a: Reuniclus|Psyshock|p2a: Gastrodon
|-damage|p2a: Gastrodon|0 fnt
|faint|p2a: Gastrodon
|
|-weather|Hail|[upkeep]
|upkeep
|
|t:|1733689346
|switch|p2a: Rotom|Rotom-Wash|76/100
|turn|15
|
|t:|1733689349
|move|p2a: Rotom|Hydro Pump|p1a: Reuniclus
|-damage|p1a: Reuniclus|17/100
|move|p1a: Reuniclus|Psyshock|p2a: Rotom
|-damage|p2a: Rotom|0 fnt
|faint|p2a: Rotom
|
|win|HydreigonSpammer
|raw|HydreigonSpammer's rating: 1345 &rarr; <strong>1364</strong><br />(+19 for winning)
|raw|Miltank321's rating: 1335 &rarr; <strong>1316</strong><br />(-19 for losing)
