|j|☆HydreigonSpammer
|j|‽Tubberknuckles
|t:|1736615880
|gametype|singles
|player|p1|HydreigonSpammer|iris|1352
|player|p2|Tubberknuckles|ethan|1386
|teamsize|p1|6
|teamsize|p2|6
|gen|5
|tier|[Gen 5] OU
|rated|
|rule|Species Clause: Limit one of each Pokémon
|rule|OHKO Clause: OHKO moves are banned
|rule|Moody Clause: Moody is banned
|rule|Evasion Items Clause: Evasion items are banned
|rule|Evasion Moves Clause: Evasion moves are banned
|rule|Endless Battle Clause: Forcing endless battles is banned
|rule|HP Percentage Mod: HP is shown in percentages
|rule|Evasion Abilities Clause: Evasion abilities are banned
|rule|Sleep Moves Clause: Sleep-inducing moves are banned
|rule|Swagger Clause: Swagger is banned
|rule|Baton Pass Stat Clause: No Baton Passer may have a way to boost its stats
|clearpoke
|poke|p1|Politoed, M|item
|poke|p1|Volcarona, M|item
|poke|p1|Garchomp, M|item
|poke|p1|Latios, M|item
|poke|p1|Tornadus, M|item
|poke|p1|Starmie|item
|poke|p2|Tyranitar, M|item
|poke|p2|Landorus-Therian, M|item
|poke|p2|Rotom-Wash|item
|poke|p2|Jirachi|item
|poke|p2|Excadrill, F|item
|poke|p2|Starmie|item
|teampreview
|
|t:|1736615892
|start
|switch|p1a: Garchomp|Garchomp, M|100/100
|switch|p2a: Starmie|Starmie|100/100
|turn|1
|inactive|Battle timer is ON: inactive players will automatically lose when time's up. (requested by Tubberknuckles)
|
|t:|1736615896
|switch|p1a: Politoed|Politoed, M|100/100
|-weather|RainDance|[from] ability: Drizzle|[of] p1a: Politoed
|move|p2a: Starmie|Ice Beam|p1a: Politoed
|-resisted|p1a: Politoed
|-damage|p1a: Politoed|80/100
|-status|p1a: Politoed|frz
|
|-weather|RainDance|[upkeep]
|upkeep
|turn|2
|
|t:|1736615913
|switch|p2a: Rotom|Rotom-Wash|100/100
|switch|p1a: Latios|Latios, M|100/100
|
|-weather|RainDance|[upkeep]
|upkeep
|turn|3
|
|t:|1736615923
|move|p1a: Latios|Surf|p2a: Rotom
|-resisted|p2a: Rotom
|-damage|p2a: Rotom|70/100
|move|p2a: Rotom|Will-O-Wisp|p1a: Latios|[miss]
|-miss|p2a: Rotom|p1a: Latios
|
|-weather|RainDance|[upkeep]
|-heal|p2a: Rotom|76/100|[from] item: Leftovers
|upkeep
|turn|4
|
|t:|1736615941
|switch|p1a: Garchomp|Garchomp, M|100/100
|move|p2a: Rotom|Volt Switch|p1a: Garchomp
|-immune|p1a: Garchomp
|
|-weather|RainDance|[upkeep]
|-heal|p2a: Rotom|82/100|[from] item: Leftovers
|upkeep
|turn|5
|
|t:|1736615948
|switch|p1a: Latios|Latios, M|100/100
|move|p2a: Rotom|Will-O-Wisp|p1a: Latios
|-status|p1a: Latios|brn
|
|-weather|RainDance|[upkeep]
|-heal|p2a: Rotom|88/100|[from] item: Leftovers
|-damage|p1a: Latios|88/100 brn|[from] brn
|upkeep
|turn|6
|
|t:|1736615959
|move|p1a: Latios|Draco Meteor|p2a: Rotom
|-damage|p2a: Rotom|0 fnt
|-unboost|p1a: Latios|spa|2
|faint|p2a: Rotom
|
|-weather|RainDance|[upkeep]
|-damage|p1a: Latios|76/100 brn|[from] brn
|upkeep
|
|t:|1736615973
|switch|p2a: Starmie|Starmie|100/100
|turn|7
|
|t:|1736616000
|move|p2a: Starmie|Thunder|p1a: Latios
|-resisted|p1a: Latios
|-damage|p1a: Latios|57/100 brn
|move|p1a: Latios|Draco Meteor|p2a: Starmie|[miss]
|-miss|p1a: Latios|p2a: Starmie
|
|-weather|RainDance|[upkeep]
|-damage|p1a: Latios|44/100 brn|[from] brn
|upkeep
|turn|8
|
|t:|1736616013
|move|p2a: Starmie|Thunder|p1a: Latios
|-resisted|p1a: Latios
|-damage|p1a: Latios|28/100 brn
|move|p1a: Latios|Draco Meteor|p2a: Starmie|[miss]
|-miss|p1a: Latios|p2a: Starmie
|
|-weather|RainDance|[upkeep]
|-damage|p1a: Latios|15/100 brn|[from] brn
|upkeep
|turn|9
|c|☆HydreigonSpammer|ok gaynuckles
|
|t:|1736616023
|move|p2a: Starmie|Thunder|p1a: Latios
|-resisted|p1a: Latios
|-damage|p1a: Latios|0 fnt
|faint|p1a: Latios
|
|-weather|RainDance|[upkeep]
|upkeep
|
|t:|1736616034
|switch|p1a: Garchomp|Garchomp, M|100/100
|turn|10
|
|t:|1736616037
|switch|p2a: Landorus|Landorus-Therian, M|100/100
|-ability|p2a: Landorus|Intimidate|boost
|-unboost|p1a: Garchomp|atk|1
|move|p1a: Garchomp|Earthquake|p2a: Landorus
|-immune|p2a: Landorus
|
|-weather|RainDance|[upkeep]
|upkeep
|turn|11
|
|t:|1736616044
|move|p1a: Garchomp|Aqua Tail|p2a: Landorus|[miss]
|-miss|p1a: Garchomp|p2a: Landorus
|move|p2a: Landorus|Hidden Power|p1a: Garchomp
|-supereffective|p1a: Garchomp
|-damage|p1a: Garchomp|29/100
|
|-weather|RainDance|[upkeep]
|upkeep
|turn|12
|
|t:|1736616048
|move|p1a: Garchomp|Aqua Tail|p2a: Landorus
|-supereffective|p2a: Landorus
|-damage|p2a: Landorus|55/100
|move|p2a: Landorus|Earthquake|p1a: Garchomp
|-damage|p1a: Garchomp|0 fnt
|faint|p1a: Garchomp
|
|-weather|RainDance|[upkeep]
|-heal|p2a: Landorus|61/100|[from] item: Leftovers
|upkeep
|
|t:|1736616055
|switch|p1a: Starmie|Starmie|100/100
|turn|13
|l|‽Tubberknuckles
|inactive|Tubberknuckles disconnected and has a minute to reconnect!
|player|p2|
|j|☆Tubberknuckles
|inactive|Tubberknuckles reconnected and has 130 seconds left.
|player|p2|Tubberknuckles|ethan|
|c|☆Tubberknuckles|My fault g
|inactive|Tubberknuckles has 120 seconds left.
|
|t:|1736616095
|switch|p2a: Starmie|Starmie|100/100
|move|p1a: Starmie|Surf|p2a: Starmie
|-resisted|p2a: Starmie
|-damage|p2a: Starmie|22/100
|-damage|p1a: Starmie|91/100|[from] item: Life Orb
|
|-weather|RainDance|[upkeep]
|upkeep
|turn|14
|
|t:|1736616108
|move|p2a: Starmie|Thunder|p1a: Starmie
|-supereffective|p1a: Starmie
|-damage|p1a: Starmie|0 fnt
|faint|p1a: Starmie
|
|-weather|RainDance|[upkeep]
|upkeep
|
|t:|1736616114
|switch|p1a: Volcarona|Volcarona, M|100/100
|turn|15
|
|t:|1736616128
|switch|p2a: Landorus|Landorus-Therian, M|61/100
|-ability|p2a: Landorus|Intimidate|boost
|-unboost|p1a: Volcarona|atk|1
|move|p1a: Volcarona|Quiver Dance|p1a: Volcarona
|-boost|p1a: Volcarona|spa|1
|-boost|p1a: Volcarona|spd|1
|-boost|p1a: Volcarona|spe|1
|
|-weather|RainDance|[upkeep]
|-heal|p2a: Landorus|67/100|[from] item: Leftovers
|upkeep
|turn|16
|
|t:|1736616135
|move|p1a: Volcarona|Quiver Dance|p1a: Volcarona
|-boost|p1a: Volcarona|spa|1
|-boost|p1a: Volcarona|spd|1
|-boost|p1a: Volcarona|spe|1
|move|p2a: Landorus|Earthquake|p1a: Volcarona
|-damage|p1a: Volcarona|34/100
|
|-weather|RainDance|[upkeep]
|-heal|p2a: Landorus|73/100|[from] item: Leftovers
|upkeep
|turn|17
|
|t:|1736616142
|move|p1a: Volcarona|Hurricane|p2a: Landorus
|-damage|p2a: Landorus|0 fnt
|faint|p2a: Landorus
|
|-weather|RainDance|[upkeep]
|upkeep
|
|t:|1736616153
|switch|p2a: Starmie|Starmie|22/100
|turn|18
|
|t:|1736616161
|move|p1a: Volcarona|Giga Drain|p2a: Starmie
|-supereffective|p2a: Starmie
|-damage|p2a: Starmie|0 fnt
|-heal|p1a: Volcarona|43/100|[from] drain|[of] p2a: Starmie
|faint|p2a: Starmie
|
|-weather|RainDance|[upkeep]
|upkeep
|
|t:|1736616163
|switch|p2a: Jirachi|Jirachi|100/100
|turn|19
|
|t:|1736616172
|move|p1a: Volcarona|Bug Buzz|p2a: Jirachi
|-damage|p2a: Jirachi|11/100
|move|p2a: Jirachi|Calm Mind|p2a: Jirachi
|-boost|p2a: Jirachi|spa|1
|-boost|p2a: Jirachi|spd|1
|
|-weather|RainDance|[upkeep]
|-heal|p2a: Jirachi|17/100|[from] item: Leftovers
|upkeep
|turn|20
|c|☆Tubberknuckles|Gg king
|-message|Tubberknuckles forfeited.
|
|win|HydreigonSpammer
|raw|HydreigonSpammer's rating: 1352 &rarr; <strong>1374</strong><br />(+22 for winning)
|raw|Tubberknuckles's rating: 1386 &rarr; <strong>1364</strong><br />(-22 for losing)
|l|☆Tubberknuckles
|player|p2|
