|j|☆TheNewDraco
|j|☆Spritzalcianuro96
|t:|1596981471
|player|p1|TheNewDraco|iris|1314
|player|p2|Spritzalcianuro96|colress|1563
|teamsize|p1|6
|teamsize|p2|6
|gametype|singles
|gen|5
|tier|[Gen 5] OU
|rated|
|clearpoke
|poke|p1|Hippowdon, M|item
|poke|p1|Magnezone|item
|poke|p1|Latios, M|item
|poke|p1|Ferrothorn, F|item
|poke|p1|Excadrill, F|item
|poke|p1|Garchomp, M|item
|poke|p2|Skarmory, M|item
|poke|p2|Garchomp, M|item
|poke|p2|Scizor, F|item
|poke|p2|Jellicent, M|item
|poke|p2|Alakazam, M|item
|poke|p2|Salamence, M|item
|rule|Species Clause: Limit one of each Pokémon
|rule|OHKO Clause: OHKO moves are banned
|rule|Moody Clause: Moody is banned
|rule|Evasion Moves Clause: Evasion moves are banned
|rule|Endless Battle Clause: Forcing endless battles is banned
|rule|HP Percentage Mod: HP is shown in percentages
|rule|Evasion Abilities Clause: Evasion abilities are banned
|rule|Baton Pass Clause: Limit one Baton Passer, can't pass Spe and other stats simultaneously
|rule|Sleep Clause: Sleep-inducing moves are banned
|rule|Swagger Clause: Swagger is banned
|teampreview
|inactive|Battle timer is ON: inactive players will automatically lose when time's up. (requested by TheNewDraco)
|
|t:|1596981519
|start
|switch|p1a: Latios|Latios, M|100/100
|switch|p2a: Skarmory|Skarmory, M|100/100
|turn|1
|
|t:|1596981539
|switch|p1a: Magnezone|Magnezone, shiny|100/100
|-item|p1a: Magnezone|Air Balloon
|move|p2a: Skarmory|Stealth Rock|p1a: Magnezone
|-sidestart|p1: TheNewDraco|move: Stealth Rock
|
|upkeep
|turn|2
|
|t:|1596981544
|move|p2a: Skarmory|Spikes|p1a: Magnezone
|-sidestart|p1: TheNewDraco|Spikes
|move|p1a: Magnezone|Thunderbolt|p2a: Skarmory
|-supereffective|p2a: Skarmory
|-ability|p2a: Skarmory|Sturdy
|-damage|p2a: Skarmory|1/100
|
|upkeep
|turn|3
|-enditem|p2a: Skarmory|Custap Berry|[eat]
|-activate|p2a: Skarmory|item: Custap Berry|[consumed]
|
|t:|1596981550
|move|p2a: Skarmory|Spikes|p1a: Magnezone
|-sidestart|p1: TheNewDraco|Spikes
|move|p1a: Magnezone|Thunderbolt|p2a: Skarmory
|-supereffective|p2a: Skarmory
|-damage|p2a: Skarmory|0 fnt
|faint|p2a: Skarmory
|
|upkeep
|
|t:|1596981562
|switch|p2a: Alakazam|Alakazam, M|100/100
|turn|4
|
|t:|1596981572
|switch|p1a: Excadrill|Excadrill, F|100/100
|-damage|p1a: Excadrill|97/100|[from] Stealth Rock
|-damage|p1a: Excadrill|81/100|[from] Spikes
|-ability|p1a: Excadrill|Mold Breaker
|move|p2a: Alakazam|Focus Blast|p1a: Excadrill
|-supereffective|p1a: Excadrill
|-damage|p1a: Excadrill|0 fnt
|faint|p1a: Excadrill
|
|upkeep
|
|t:|1596981579
|switch|p1a: Garchomp|Garchomp, M|100/100
|-damage|p1a: Garchomp|84/100|[from] Spikes
|-damage|p1a: Garchomp|78/100|[from] Stealth Rock
|turn|5
|
|t:|1596981586
|switch|p1a: Magnezone|Magnezone, shiny|100/100
|-damage|p1a: Magnezone|94/100|[from] Stealth Rock
|-item|p1a: Magnezone|Air Balloon
|switch|p2a: Jellicent|Jellicent, M|100/100
|
|upkeep
|turn|6
|
|t:|1596981596
|move|p2a: Jellicent|Scald|p1a: Magnezone
|-damage|p1a: Magnezone|72/100
|-enditem|p1a: Magnezone|Air Balloon
|move|p1a: Magnezone|Volt Switch|p2a: Jellicent
|-supereffective|p2a: Jellicent
|-damage|p2a: Jellicent|41/100
|
|t:|1596981602
|switch|p1a: Latios|Latios, M|100/100|[from]move: Volt Switch
|-damage|p1a: Latios|88/100|[from] Stealth Rock
|
|-heal|p2a: Jellicent|47/100|[from] item: Leftovers
|upkeep
|turn|7
|j| IamPodzilla
|c| IamPodzilla|Sup guys
|c| IamPodzilla|Good Luck
|c|☆TheNewDraco|hi
|
|t:|1596981618
|switch|p1a: Magnezone|Magnezone, shiny|72/100
|-damage|p1a: Magnezone|66/100|[from] Stealth Rock
|-damage|p1a: Magnezone|50/100|[from] Spikes
|move|p2a: Jellicent|Recover|p2a: Jellicent
|-heal|p2a: Jellicent|97/100
|
|-heal|p2a: Jellicent|100/100|[from] item: Leftovers
|upkeep
|turn|8
|
|t:|1596981627
|move|p2a: Jellicent|Scald|p1a: Magnezone
|-damage|p1a: Magnezone|28/100
|-status|p1a: Magnezone|brn
|move|p1a: Magnezone|Thunderbolt|p2a: Jellicent
|-supereffective|p2a: Jellicent
|-damage|p2a: Jellicent|17/100
|
|-heal|p2a: Jellicent|23/100|[from] item: Leftovers
|-damage|p1a: Magnezone|15/100 brn|[from] brn
|upkeep
|turn|9
|
|t:|1596981635
|switch|p2a: Garchomp|Garchomp, M|100/100
|move|p1a: Magnezone|Thunderbolt|p2a: Garchomp
|-immune|p2a: Garchomp
|
|-damage|p1a: Magnezone|3/100 brn|[from] brn
|upkeep
|turn|10
|
|t:|1596981641
|move|p2a: Garchomp|Earthquake|p1a: Magnezone
|-supereffective|p1a: Magnezone
|-damage|p1a: Magnezone|0 fnt
|faint|p1a: Magnezone
|
|upkeep
|-message|TheNewDraco forfeited.
|
|win|Spritzalcianuro96
|l|☆TheNewDraco
|raw|TheNewDraco's rating: 1314 &rarr; <strong>1306</strong><br />(-8 for losing)
|raw|Spritzalcianuro96's rating: 1563 &rarr; <strong>1571</strong><br />(+8 for winning)
