|j|☆Salutethewolf
|j|☆Lucy_D
|t:|1745954691
|gametype|singles
|player|p1|Salutethewolf|hugh|1371
|player|p2|Lucy_D|170|1337
|teamsize|p1|6
|teamsize|p2|6
|gen|5
|tier|[Gen 5] OU
|rated|
|rule|Species Clause: Limit one of each Pokémon
|rule|OHKO Clause: OHKO moves are banned
|rule|Moody Clause: Moody is banned
|rule|Evasion Items Clause: Evasion items are banned
|rule|Evasion Moves Clause: Evasion moves are banned
|rule|Endless Battle Clause: Forcing endless battles is banned
|rule|HP Percentage Mod: HP is shown in percentages
|rule|Evasion Abilities Clause: Evasion abilities are banned
|rule|Sleep Moves Clause: Sleep-inducing moves are banned
|rule|Swagger Clause: Swagger is banned
|rule|Baton Pass Stat Clause: No Baton Passer may have a way to boost its stats
|clearpoke
|poke|p1|Bronzong|item
|poke|p1|Crawdaunt, F|item
|poke|p1|Reuniclus, F|item
|poke|p1|Conkeldurr, F|item
|poke|p1|Gengar, M|item
|poke|p1|Nidoqueen, F|item
|poke|p2|Aerodactyl, M|item
|poke|p2|Alakazam, M|item
|poke|p2|Conkeldurr, M|item
|poke|p2|Excadrill, M|item
|poke|p2|Dragonite, M|item
|poke|p2|Ferrothorn, M|item
|teampreview
|inactive|Battle timer is ON: inactive players will automatically lose when time's up. (requested by Salutethewolf)
|
|t:|1745954712
|start
|switch|p1a: Gengar|Gengar, M|100/100
|switch|p2a: Excadrill|Excadrill, M, shiny|100/100
|-ability|p2a: Excadrill|Mold Breaker
|turn|1
|
|t:|1745954726
|move|p1a: Gengar|Focus Blast|p2a: Excadrill
|-supereffective|p2a: Excadrill
|-damage|p2a: Excadrill|0 fnt
|faint|p2a: Excadrill
|
|upkeep
|
|t:|1745954733
|switch|p2a: Alakazam|Alakazam, M, shiny|100/100
|turn|2
|
|t:|1745954740
|switch|p1a: Bronzong|Bronzong, shiny|100/100
|move|p2a: Alakazam|Thunder Wave|p1a: Bronzong
|-status|p1a: Bronzong|par
|
|upkeep
|turn|3
|
|t:|1745954754
|switch|p2a: Ferrothorn|Ferrothorn, M, shiny|100/100
|cant|p1a: Bronzong|par
|
|upkeep
|turn|4
|
|t:|1745954762
|move|p2a: Ferrothorn|Leech Seed|p1a: Bronzong
|-start|p1a: Bronzong|move: Leech Seed
|move|p1a: Bronzong|Stealth Rock|p2a: Ferrothorn
|-sidestart|p2: Lucy_D|move: Stealth Rock
|
|-damage|p1a: Bronzong|88/100 par|[from] Leech Seed|[of] p2a: Ferrothorn
|upkeep
|turn|5
|
|t:|1745954770
|switch|p1a: Nidoqueen|Nidoqueen, F, shiny|100/100
|move|p2a: Ferrothorn|Knock Off|p1a: Nidoqueen
|-damage|p1a: Nidoqueen|96/100
|-enditem|p1a: Nidoqueen|Life Orb|[from] move: Knock Off|[of] p2a: Ferrothorn
|
|upkeep
|turn|6
|
|t:|1745954778
|move|p1a: Nidoqueen|Flamethrower|p2a: Ferrothorn
|-supereffective|p2a: Ferrothorn
|-damage|p2a: Ferrothorn|2/100
|move|p2a: Ferrothorn|Leech Seed|p1a: Nidoqueen
|-start|p1a: Nidoqueen|move: Leech Seed
|
|-damage|p1a: Nidoqueen|83/100|[from] Leech Seed|[of] p2a: Ferrothorn
|-heal|p2a: Ferrothorn|15/100|[silent]
|upkeep
|turn|7
|
|t:|1745954790
|switch|p2a: Aerodactyl|Aerodactyl, M, shiny|100/100
|-damage|p2a: Aerodactyl|76/100|[from] Stealth Rock
|-ability|p2a: Aerodactyl|Pressure
|move|p1a: Nidoqueen|Ice Beam|p2a: Aerodactyl
|-supereffective|p2a: Aerodactyl
|-damage|p2a: Aerodactyl|0 fnt
|faint|p2a: Aerodactyl
|
|upkeep
|
|t:|1745954809
|switch|p2a: Alakazam|Alakazam, M, shiny|100/100
|turn|8
|inactive|Lucy_D has 120 seconds left.
|
|t:|1745954832
|switch|p1a: Bronzong|Bronzong, shiny|88/100 par
|move|p2a: Alakazam|Psyshock|p1a: Bronzong
|-resisted|p1a: Bronzong
|-damage|p1a: Bronzong|81/100 par
|
|upkeep
|turn|9
|
|t:|1745954842
|switch|p2a: Ferrothorn|Ferrothorn, M, shiny|15/100
|-damage|p2a: Ferrothorn|9/100|[from] Stealth Rock
|move|p1a: Bronzong|Trick Room|p1a: Bronzong
|-fieldstart|move: Trick Room|[of] p1a: Bronzong
|
|upkeep
|turn|10
|
|t:|1745954853
|cant|p1a: Bronzong|par
|move|p2a: Ferrothorn|Leech Seed|p1a: Bronzong
|-start|p1a: Bronzong|move: Leech Seed
|
|-damage|p1a: Bronzong|69/100 par|[from] Leech Seed|[of] p2a: Ferrothorn
|-heal|p2a: Ferrothorn|21/100|[silent]
|upkeep
|turn|11
|
|t:|1745954864
|move|p1a: Bronzong|Explosion|p2a: Ferrothorn
|-resisted|p2a: Ferrothorn
|-damage|p2a: Ferrothorn|1/100
|faint|p1a: Bronzong
|move|p2a: Ferrothorn|Spikes|p1: Bronzong
|-sidestart|p1: Salutethewolf|Spikes
|
|upkeep
|
|t:|1745954872
|switch|p1a: Crawdaunt|Crawdaunt, F, shiny|100/100
|-damage|p1a: Crawdaunt|88/100|[from] Spikes
|turn|12
|
|t:|1745954881
|move|p2a: Ferrothorn|Leech Seed|p1a: Crawdaunt
|-start|p1a: Crawdaunt|move: Leech Seed
|move|p1a: Crawdaunt|Surf|p2a: Ferrothorn
|-resisted|p2a: Ferrothorn
|-damage|p2a: Ferrothorn|0 fnt
|faint|p2a: Ferrothorn
|-damage|p1a: Crawdaunt|78/100|[from] item: Life Orb
|
|upkeep
|
|t:|1745954895
|switch|p2a: Dragonite|Dragonite, M, shiny|100/100
|-damage|p2a: Dragonite|76/100|[from] Stealth Rock
|turn|13
|
|t:|1745954906
|move|p1a: Crawdaunt|Ice Beam|p2a: Dragonite
|-supereffective|p2a: Dragonite
|-crit|p2a: Dragonite
|-damage|p2a: Dragonite|0 fnt
|faint|p2a: Dragonite
|-damage|p1a: Crawdaunt|68/100|[from] item: Life Orb
|
|-fieldend|move: Trick Room
|upkeep
|
|t:|1745954918
|switch|p2a: Conkeldurr|Conkeldurr, M, shiny|100/100
|-damage|p2a: Conkeldurr|94/100|[from] Stealth Rock
|turn|14
|
|t:|1745954923
|move|p2a: Conkeldurr|Bulk Up|p2a: Conkeldurr
|-boost|p2a: Conkeldurr|atk|1
|-boost|p2a: Conkeldurr|def|1
|move|p1a: Crawdaunt|Surf|p2a: Conkeldurr
|-crit|p2a: Conkeldurr
|-damage|p2a: Conkeldurr|0 fnt
|faint|p2a: Conkeldurr
|-damage|p1a: Crawdaunt|58/100|[from] item: Life Orb
|
|upkeep
|-message|Lucy_D forfeited.
|
|win|Salutethewolf
|raw|Salutethewolf's rating: 1371 &rarr; <strong>1389</strong><br />(+18 for winning)
|raw|Lucy_D's rating: 1337 &rarr; <strong>1319</strong><br />(-18 for losing)
|l|☆Lucy_D
|player|p2|
