|j|☆Coronet077
|j|☆Somnium Azurea
|t:|1702848123
|gametype|singles
|player|p1|Coronet077|fisherman-gen4|1364
|player|p2|Somnium Azurea|lady|1347
|teamsize|p1|6
|teamsize|p2|6
|gen|5
|tier|[Gen 5] OU
|rated|
|rule|Species Clause: Limit one of each Pokémon
|rule|OHKO Clause: OHKO moves are banned
|rule|Moody Clause: Moody is banned
|rule|Evasion Items Clause: Evasion items are banned
|rule|Evasion Moves Clause: Evasion moves are banned
|rule|Endless Battle Clause: Forcing endless battles is banned
|rule|HP Percentage Mod: HP is shown in percentages
|rule|Evasion Abilities Clause: Evasion abilities are banned
|rule|Sleep Moves Clause: Sleep-inducing moves are banned
|rule|Swagger Clause: Swagger is banned
|rule|Baton Pass Stat Clause: No Baton Passer may have a way to boost its stats
|clearpoke
|poke|p1|Volcarona, F|item
|poke|p1|Breloom, M|item
|poke|p1|Starmie|item
|poke|p1|Garchomp, M|item
|poke|p1|Scizor, F|item
|poke|p1|Dragonite, M|item
|poke|p2|Excadrill, F|item
|poke|p2|Breloom, F|item
|poke|p2|Jirachi|item
|poke|p2|Rotom-Wash|item
|poke|p2|Latios, M|item
|poke|p2|Landorus-Therian, M|item
|teampreview
|inactive|Battle timer is ON: inactive players will automatically lose when time's up. (requested by Somnium Azurea)
|
|t:|1702848143
|start
|switch|p1a: Garchomp|Garchomp, M|100/100
|switch|p2a: Landorus|Landorus-Therian, M|100/100
|-ability|p2a: Landorus|Intimidate|boost
|-unboost|p1a: Garchomp|atk|1
|turn|1
|
|t:|1702848150
|move|p1a: Garchomp|Stealth Rock|p2a: Landorus
|-sidestart|p2: Somnium Azurea|move: Stealth Rock
|move|p2a: Landorus|Stealth Rock|p1a: Garchomp
|-sidestart|p1: Coronet077|move: Stealth Rock
|
|upkeep
|turn|2
|
|t:|1702848155
|move|p1a: Garchomp|Swords Dance|p1a: Garchomp
|-boost|p1a: Garchomp|atk|2
|move|p2a: Landorus|Earthquake|p1a: Garchomp
|-damage|p1a: Garchomp|50/100
|
|upkeep
|turn|3
|
|t:|1702848166
|move|p1a: Garchomp|Outrage|p2a: Landorus
|-damage|p2a: Landorus|27/100
|move|p2a: Landorus|Hidden Power|p1a: Garchomp
|-supereffective|p1a: Garchomp
|-damage|p1a: Garchomp|0 fnt
|faint|p1a: Garchomp
|
|-heal|p2a: Landorus|33/100|[from] item: Leftovers
|upkeep
|
|t:|1702848174
|switch|p1a: Starmie|Starmie|100/100
|-damage|p1a: Starmie|88/100|[from] Stealth Rock
|-item|p1a: Starmie|Air Balloon
|turn|4
|
|t:|1702848177
|move|p1a: Starmie|Rapid Spin|p2a: Landorus
|-damage|p2a: Landorus|31/100
|-sideend|p1: Coronet077|Stealth Rock|[from] move: Rapid Spin|[of] p1a: Starmie
|move|p2a: Landorus|U-turn|p1a: Starmie
|-supereffective|p1a: Starmie
|-damage|p1a: Starmie|24/100
|-enditem|p1a: Starmie|Air Balloon
|
|t:|1702848179
|switch|p2a: Rotom|Rotom-Wash|100/100|[from] U-turn
|-damage|p2a: Rotom|88/100|[from] Stealth Rock
|
|upkeep
|turn|5
|
|t:|1702848191
|move|p2a: Rotom|Volt Switch|p1a: Starmie
|-supereffective|p1a: Starmie
|-damage|p1a: Starmie|0 fnt
|faint|p1a: Starmie
|
|t:|1702848197
|switch|p2a: Latios|Latios, M|100/100|[from] Volt Switch
|-damage|p2a: Latios|88/100|[from] Stealth Rock
|
|upkeep
|
|t:|1702848203
|switch|p1a: Scizor|Scizor, F|100/100
|turn|6
|
|t:|1702848207
|move|p2a: Latios|Trick|p1a: Scizor
|-activate|p2a: Latios|move: Trick|[of] p1a: Scizor
|-item|p1a: Scizor|Choice Specs|[from] move: Trick
|-item|p2a: Latios|Life Orb|[from] move: Trick
|move|p1a: Scizor|Swords Dance|p1a: Scizor
|-boost|p1a: Scizor|atk|2
|
|upkeep
|turn|7
|
|t:|1702848214
|move|p2a: Latios|Surf|p1a: Scizor
|-damage|p1a: Scizor|45/100
|-damage|p2a: Latios|78/100|[from] item: Life Orb
|move|p1a: Scizor|Swords Dance|p1a: Scizor
|-boost|p1a: Scizor|atk|2
|
|upkeep
|turn|8
|
|t:|1702848218
|switch|p2a: Excadrill|Excadrill, F|100/100
|-damage|p2a: Excadrill|97/100|[from] Stealth Rock
|-ability|p2a: Excadrill|Mold Breaker
|switch|p1a: Breloom|Breloom, M|100/100
|
|-heal|p2a: Excadrill|100/100|[from] item: Leftovers
|upkeep
|turn|9
|
|t:|1702848224
|move|p1a: Breloom|Swords Dance|p1a: Breloom
|-boost|p1a: Breloom|atk|2
|move|p2a: Excadrill|Rapid Spin|p1a: Breloom
|-damage|p1a: Breloom|91/100
|-sideend|p2: Somnium Azurea|Stealth Rock|[from] move: Rapid Spin|[of] p2a: Excadrill
|
|upkeep
|turn|10
|
|t:|1702848228
|switch|p2a: Landorus|Landorus-Therian, M|31/100
|-ability|p2a: Landorus|Intimidate|boost
|-unboost|p1a: Breloom|atk|1
|move|p1a: Breloom|Mach Punch|p2a: Landorus
|-resisted|p2a: Landorus
|-damage|p2a: Landorus|8/100
|-damage|p1a: Breloom|81/100|[from] item: Life Orb
|
|-heal|p2a: Landorus|14/100|[from] item: Leftovers
|upkeep
|turn|11
|
|t:|1702848234
|switch|p2a: Latios|Latios, M|78/100
|move|p1a: Breloom|Mach Punch|p2a: Latios
|-resisted|p2a: Latios
|-crit|p2a: Latios
|-damage|p2a: Latios|0 fnt
|faint|p2a: Latios
|-damage|p1a: Breloom|71/100|[from] item: Life Orb
|
|upkeep
|
|t:|1702848242
|switch|p2a: Jirachi|Jirachi|100/100
|turn|12
|
|t:|1702848246
|move|p1a: Breloom|Low Sweep|p2a: Jirachi
|-damage|p2a: Jirachi|26/100
|-unboost|p2a: Jirachi|spe|1
|-damage|p1a: Breloom|61/100|[from] item: Life Orb
|move|p2a: Jirachi|Body Slam|p1a: Breloom
|-damage|p1a: Breloom|30/100
|
|-heal|p2a: Jirachi|32/100|[from] item: Leftovers
|upkeep
|turn|13
|
|t:|1702848254
|move|p1a: Breloom|Mach Punch|p2a: Jirachi
|-damage|p2a: Jirachi|0 fnt
|faint|p2a: Jirachi
|-damage|p1a: Breloom|20/100|[from] item: Life Orb
|
|upkeep
|
|t:|1702848259
|switch|p2a: Landorus|Landorus-Therian, M|14/100
|-ability|p2a: Landorus|Intimidate|boost
|-unboost|p1a: Breloom|atk|1
|turn|14
|
|t:|1702848269
|switch|p1a: Volcarona|Volcarona, F|100/100
|move|p2a: Landorus|Stealth Rock|p1a: Volcarona
|-sidestart|p1: Coronet077|move: Stealth Rock
|
|-heal|p2a: Landorus|20/100|[from] item: Leftovers
|upkeep
|turn|15
|
|t:|1702848272
|move|p1a: Volcarona|Quiver Dance|p1a: Volcarona
|-boost|p1a: Volcarona|spa|1
|-boost|p1a: Volcarona|spd|1
|-boost|p1a: Volcarona|spe|1
|move|p2a: Landorus|Earthquake|p1a: Volcarona
|-damage|p1a: Volcarona|28/100
|
|-heal|p2a: Landorus|26/100|[from] item: Leftovers
|upkeep
|turn|16
|
|t:|1702848275
|move|p1a: Volcarona|Psychic|p2a: Landorus
|-damage|p2a: Landorus|0 fnt
|faint|p2a: Landorus
|
|upkeep
|
|t:|1702848277
|switch|p2a: Rotom|Rotom-Wash|88/100
|turn|17
|
|t:|1702848280
|move|p1a: Volcarona|Bug Buzz|p2a: Rotom
|-damage|p2a: Rotom|0 fnt
|faint|p2a: Rotom
|
|upkeep
|-message|Somnium Azurea forfeited.
|
|win|Coronet077
|raw|Coronet077's rating: 1364 &rarr; <strong>1383</strong><br />(+19 for winning)
|raw|Somnium Azurea's rating: 1347 &rarr; <strong>1328</strong><br />(-19 for losing)
|l|☆Somnium Azurea
