|j|☆Jellium
|j|☆fun trading
|t:|1720041571
|gametype|singles
|player|p1|Jellium|scientist-gen4|1335
|player|p2|fun trading|fisherman|1394
|teamsize|p1|6
|teamsize|p2|6
|gen|5
|tier|[Gen 5] OU
|rated|
|rule|Species Clause: Limit one of each Pokémon
|rule|OHKO Clause: OHKO moves are banned
|rule|Moody Clause: Moody is banned
|rule|Evasion Items Clause: Evasion items are banned
|rule|Evasion Moves Clause: Evasion moves are banned
|rule|Endless Battle Clause: Forcing endless battles is banned
|rule|HP Percentage Mod: HP is shown in percentages
|rule|Evasion Abilities Clause: Evasion abilities are banned
|rule|Sleep Moves Clause: Sleep-inducing moves are banned
|rule|Swagger Clause: Swagger is banned
|rule|Baton Pass Stat Clause: No Baton Passer may have a way to boost its stats
|clearpoke
|poke|p1|Tyranitar, F|item
|poke|p1|Rotom-Wash|item
|poke|p1|Landorus-Therian, M|item
|poke|p1|Jirachi|item
|poke|p1|Garchomp, M|item
|poke|p1|Latios, M|item
|poke|p2|Slaking, M|item
|poke|p2|Gliscor, M|item
|poke|p2|Rotom-Wash|item
|poke|p2|Skarmory, M|item
|poke|p2|Excadrill, M|item
|poke|p2|Kyurem-Black|item
|teampreview
|
|t:|1720041649
|start
|switch|p1a: Steel Asshole|Jirachi|100/100
|switch|p2a: Rotom|Rotom-Wash|100/100
|turn|1
|inactive|Battle timer is ON: inactive players will automatically lose when time's up. (requested by fun trading)
|
|t:|1720041664
|move|p1a: Steel Asshole|Thunder|p2a: Rotom
|-damage|p2a: Rotom|81/100
|move|p2a: Rotom|Will-O-Wisp|p1a: Steel Asshole|[miss]
|-miss|p2a: Rotom|p1a: Steel Asshole
|
|-heal|p2a: Rotom|87/100|[from] item: Leftovers
|upkeep
|turn|2
|
|t:|1720041686
|switch|p1a: Starscream|Latios, M|100/100
|move|p2a: Rotom|Will-O-Wisp|p1a: Starscream
|-status|p1a: Starscream|brn
|
|-heal|p2a: Rotom|93/100|[from] item: Leftovers
|-damage|p1a: Starscream|88/100 brn|[from] brn
|upkeep
|turn|3
|
|t:|1720041694
|move|p1a: Starscream|Trick|p2a: Rotom
|-activate|p1a: Starscream|move: Trick|[of] p2a: Rotom
|-item|p2a: Rotom|Choice Specs|[from] move: Trick
|-item|p1a: Starscream|Leftovers|[from] move: Trick
|move|p2a: Rotom|Pain Split|p1a: Starscream
|-sethp|p1a: Starscream|91/100 brn|[from] move: Pain Split|[silent]
|-sethp|p2a: Rotom|90/100|[from] move: Pain Split
|
|-heal|p1a: Starscream|97/100 brn|[from] item: Leftovers
|-damage|p1a: Starscream|84/100 brn|[from] brn
|upkeep
|turn|4
|
|t:|1720041702
|switch|p1a: Worm from Dune|Garchomp, M|100/100
|move|p2a: Rotom|Pain Split|p1a: Worm from Dune
|-sethp|p1a: Worm from Dune|88/100|[from] move: Pain Split|[silent]
|-sethp|p2a: Rotom|100/100|[from] move: Pain Split
|
|upkeep
|turn|5
|
|t:|1720041708
|switch|p2a: Kyurem|Kyurem-Black|100/100
|-ability|p2a: Kyurem|Teravolt
|move|p1a: Worm from Dune|Stealth Rock|p2a: Kyurem
|-sidestart|p2: fun trading|move: Stealth Rock
|
|upkeep
|turn|6
|
|t:|1720041717
|move|p2a: Kyurem|Ice Beam|p1a: Worm from Dune
|-supereffective|p1a: Worm from Dune
|-damage|p1a: Worm from Dune|0 fnt
|faint|p1a: Worm from Dune
|
|upkeep
|
|t:|1720041729
|switch|p1a: Steel Asshole|Jirachi|100/100
|turn|7
|
|t:|1720041734
|switch|p2a: Excadrill|Excadrill, M|100/100
|-damage|p2a: Excadrill|97/100|[from] Stealth Rock
|-ability|p2a: Excadrill|Mold Breaker
|move|p1a: Steel Asshole|Iron Head|p2a: Excadrill
|-resisted|p2a: Excadrill
|-damage|p2a: Excadrill|73/100
|
|-heal|p2a: Excadrill|79/100|[from] item: Leftovers
|upkeep
|turn|8
|
|t:|1720041740
|move|p1a: Steel Asshole|Fire Punch|p2a: Excadrill
|-supereffective|p2a: Excadrill
|-damage|p2a: Excadrill|0 fnt
|faint|p2a: Excadrill
|
|upkeep
|
|t:|1720041744
|switch|p2a: Rotom|Rotom-Wash|100/100
|-damage|p2a: Rotom|88/100|[from] Stealth Rock
|turn|9
|
|t:|1720041749
|switch|p1a: Starscream|Latios, M|84/100 brn
|move|p2a: Rotom|Will-O-Wisp|p1a: Starscream
|-fail|p1a: Starscream|brn
|
|-heal|p1a: Starscream|90/100 brn|[from] item: Leftovers
|-damage|p1a: Starscream|78/100 brn|[from] brn
|upkeep
|turn|10
|
|t:|1720041756
|move|p1a: Starscream|Roost|p1a: Starscream
|-heal|p1a: Starscream|100/100 brn
|-singleturn|p1a: Starscream|move: Roost
|move|p2a: Rotom|Will-O-Wisp|p1a: Starscream
|-fail|p1a: Starscream|brn
|
|-damage|p1a: Starscream|88/100 brn|[from] brn
|upkeep
|turn|11
|
|t:|1720041759
|move|p1a: Starscream|Surf|p2a: Rotom
|-resisted|p2a: Rotom
|-damage|p2a: Rotom|75/100
|move|p2a: Rotom|Will-O-Wisp|p1a: Starscream|[miss]
|-miss|p2a: Rotom|p1a: Starscream
|
|-heal|p1a: Starscream|94/100 brn|[from] item: Leftovers
|-damage|p1a: Starscream|82/100 brn|[from] brn
|upkeep
|turn|12
|
|t:|1720041766
|switch|p2a: Slaking|Slaking, M, shiny|100/100
|-damage|p2a: Slaking|88/100|[from] Stealth Rock
|move|p1a: Starscream|Surf|p2a: Slaking
|-damage|p2a: Slaking|54/100
|
|-heal|p1a: Starscream|88/100 brn|[from] item: Leftovers
|-damage|p1a: Starscream|76/100 brn|[from] brn
|upkeep
|turn|13
|inactive|fun trading has 120 seconds left.
|
|t:|1720041812
|-activate|p1a: Starscream|move: Pursuit
|move|p2a: Slaking|Pursuit|p1a: Starscream|[from]Pursuit
|-supereffective|p1a: Starscream
|-damage|p1a: Starscream|0 fnt
|faint|p1a: Starscream
|-hint|A Pokemon can't switch between when it runs out of HP and when it faints
|
|upkeep
|inactive|Jellium has 120 seconds left.
|
|t:|1720041859
|switch|p1a: Steel Asshole|Jirachi|100/100
|turn|14
|
|t:|1720041865
|switch|p2a: Rotom|Rotom-Wash|75/100
|-damage|p2a: Rotom|63/100|[from] Stealth Rock
|move|p1a: Steel Asshole|Thunder|p2a: Rotom|[miss]
|-miss|p1a: Steel Asshole|p2a: Rotom
|
|upkeep
|turn|15
|inactive|fun trading has 120 seconds left.
|
|t:|1720041873
|switch|p1a: Samsung|Rotom-Wash|100/100
|move|p2a: Rotom|Will-O-Wisp|p1a: Samsung
|-status|p1a: Samsung|brn
|
|-damage|p1a: Samsung|88/100 brn|[from] brn
|upkeep
|turn|16
|
|t:|1720041878
|move|p1a: Samsung|Volt Switch|p2a: Rotom
|-damage|p2a: Rotom|35/100
|
|t:|1720041881
|switch|p1a: Blue Oyster Cult|Tyranitar, F|100/100|[from] Volt Switch
|-weather|Sandstorm|[from] ability: Sand Stream|[of] p1a: Blue Oyster Cult
|move|p2a: Rotom|Will-O-Wisp|p1a: Blue Oyster Cult|[miss]
|-miss|p2a: Rotom|p1a: Blue Oyster Cult
|
|-weather|Sandstorm|[upkeep]
|-damage|p2a: Rotom|29/100|[from] Sandstorm
|upkeep
|turn|17
|
|t:|1720041886
|switch|p1a: Samsung|Rotom-Wash|88/100 brn
|move|p2a: Rotom|Will-O-Wisp|p1a: Samsung
|-fail|p1a: Samsung|brn
|
|-weather|Sandstorm|[upkeep]
|-damage|p1a: Samsung|82/100 brn|[from] Sandstorm
|-damage|p2a: Rotom|23/100|[from] Sandstorm
|-heal|p1a: Samsung|88/100 brn|[from] item: Leftovers
|-damage|p1a: Samsung|76/100 brn|[from] brn
|upkeep
|turn|18
|
|t:|1720041891
|move|p1a: Samsung|Hidden Power|p2a: Rotom
|-supereffective|p2a: Rotom
|-crit|p2a: Rotom
|-damage|p2a: Rotom|0 fnt
|faint|p2a: Rotom
|
|-weather|Sandstorm|[upkeep]
|-damage|p1a: Samsung|70/100 brn|[from] Sandstorm
|-heal|p1a: Samsung|76/100 brn|[from] item: Leftovers
|-damage|p1a: Samsung|64/100 brn|[from] brn
|upkeep
|
|t:|1720041903
|switch|p2a: Slaking|Slaking, M, shiny|54/100
|-damage|p2a: Slaking|42/100|[from] Stealth Rock
|turn|19
|
|t:|1720041920
|move|p2a: Slaking|Frustration|p1a: Samsung
|-damage|p1a: Samsung|0 fnt
|faint|p1a: Samsung
|
|-weather|Sandstorm|[upkeep]
|-damage|p2a: Slaking|36/100|[from] Sandstorm
|upkeep
|
|t:|1720041927
|switch|p1a: Steel Asshole|Jirachi|100/100
|turn|20
|
|t:|1720041936
|switch|p2a: Gliscor|Gliscor, M|100/100
|-damage|p2a: Gliscor|88/100|[from] Stealth Rock
|move|p1a: Steel Asshole|Ice Punch|p2a: Gliscor
|-supereffective|p2a: Gliscor
|-crit|p2a: Gliscor
|-damage|p2a: Gliscor|0 fnt
|faint|p2a: Gliscor
|
|-weather|Sandstorm|[upkeep]
|upkeep
|
|t:|1720041945
|switch|p2a: Slaking|Slaking, M, shiny|36/100
|-damage|p2a: Slaking|23/100|[from] Stealth Rock
|turn|21
|
|t:|1720041955
|switch|p1a: Genie Lion|Landorus-Therian, M|100/100
|-ability|p1a: Genie Lion|Intimidate|boost
|-unboost|p2a: Slaking|atk|1
|move|p2a: Slaking|Earthquake|p1a: Genie Lion
|-immune|p1a: Genie Lion
|
|-weather|Sandstorm|[upkeep]
|-damage|p2a: Slaking|17/100|[from] Sandstorm
|upkeep
|turn|22
|
|t:|1720041959
|switch|p2a: Skarmory|Skarmory, M|100/100
|-damage|p2a: Skarmory|88/100|[from] Stealth Rock
|move|p1a: Genie Lion|U-turn|p2a: Skarmory
|-resisted|p2a: Skarmory
|-damage|p2a: Skarmory|85/100
|-damage|p1a: Genie Lion|84/100|[from] item: Rocky Helmet|[of] p2a: Skarmory
|
|t:|1720041963
|switch|p1a: Steel Asshole|Jirachi|100/100|[from] U-turn
|
|-weather|Sandstorm|[upkeep]
|upkeep
|turn|23
|
|t:|1720041978
|move|p1a: Steel Asshole|Fire Punch|p2a: Skarmory
|-supereffective|p2a: Skarmory
|-damage|p2a: Skarmory|56/100
|-damage|p1a: Steel Asshole|84/100|[from] item: Rocky Helmet|[of] p2a: Skarmory
|move|p2a: Skarmory|Spikes|p1a: Steel Asshole
|-sidestart|p1: Jellium|Spikes
|
|-weather|Sandstorm|[upkeep]
|upkeep
|turn|24
|
|t:|1720041986
|move|p1a: Steel Asshole|Thunder|p2a: Skarmory
|-supereffective|p2a: Skarmory
|-damage|p2a: Skarmory|0 fnt
|faint|p2a: Skarmory
|
|-weather|Sandstorm|[upkeep]
|upkeep
|
|t:|1720041988
|switch|p2a: Slaking|Slaking, M, shiny|17/100
|-damage|p2a: Slaking|5/100|[from] Stealth Rock
|turn|25
|
|t:|1720041993
|move|p2a: Slaking|Frustration|p1a: Steel Asshole
|-resisted|p1a: Steel Asshole
|-damage|p1a: Steel Asshole|31/100
|move|p1a: Steel Asshole|Iron Head|p2a: Slaking
|-damage|p2a: Slaking|0 fnt
|faint|p2a: Slaking
|
|-weather|Sandstorm|[upkeep]
|upkeep
|
|t:|1720041996
|switch|p2a: Kyurem|Kyurem-Black|100/100
|-damage|p2a: Kyurem|76/100|[from] Stealth Rock
|-ability|p2a: Kyurem|Teravolt
|turn|26
|
|t:|1720041999
|move|p2a: Kyurem|Outrage|p1a: Steel Asshole
|-resisted|p1a: Steel Asshole
|-damage|p1a: Steel Asshole|0 fnt
|faint|p1a: Steel Asshole
|
|-weather|Sandstorm|[upkeep]
|-damage|p2a: Kyurem|70/100|[from] Sandstorm
|upkeep
|
|t:|1720042004
|switch|p1a: Genie Lion|Landorus-Therian, M|84/100
|-ability|p1a: Genie Lion|Intimidate|boost
|-unboost|p2a: Kyurem|atk|1
|turn|27
|
|t:|1720042007
|move|p1a: Genie Lion|Superpower|p2a: Kyurem
|-supereffective|p2a: Kyurem
|-damage|p2a: Kyurem|0 fnt
|-unboost|p1a: Genie Lion|atk|1
|-unboost|p1a: Genie Lion|def|1
|faint|p2a: Kyurem
|
|win|Jellium
|raw|Jellium's rating: 1335 &rarr; <strong>1358</strong><br />(+23 for winning)
|raw|fun trading's rating: 1394 &rarr; <strong>1371</strong><br />(-23 for losing)
|l|☆fun trading
|player|p2|
