|j|☆Salutethewolf
|j|☆Grovyleflys
|t:|1745820660
|gametype|singles
|player|p1|Salutethewolf|hugh|1462
|player|p2|Grovyleflys|iris|1393
|teamsize|p1|6
|teamsize|p2|6
|gen|5
|tier|[Gen 5] OU
|rated|
|rule|Species Clause: Limit one of each Pokémon
|rule|OHKO Clause: OHKO moves are banned
|rule|Moody Clause: Moody is banned
|rule|Evasion Items Clause: Evasion items are banned
|rule|Evasion Moves Clause: Evasion moves are banned
|rule|Endless Battle Clause: Forcing endless battles is banned
|rule|HP Percentage Mod: HP is shown in percentages
|rule|Evasion Abilities Clause: Evasion abilities are banned
|rule|Sleep Moves Clause: Sleep-inducing moves are banned
|rule|Swagger Clause: Swagger is banned
|rule|Baton Pass Stat Clause: No Baton Passer may have a way to boost its stats
|clearpoke
|poke|p1|Alakazam, F|item
|poke|p1|Porygon2|item
|poke|p1|Rhyperior, F|item
|poke|p1|Bronzong|item
|poke|p1|Hariyama, M|item
|poke|p1|Reuniclus, F|item
|poke|p2|Jirachi|item
|poke|p2|Latios, M|item
|poke|p2|Starmie|item
|poke|p2|Landorus-Therian, M|item
|poke|p2|Magnezone|item
|poke|p2|Tyranitar, F|item
|teampreview
|inactive|Battle timer is ON: inactive players will automatically lose when time's up. (requested by Salutethewolf)
|
|t:|1745820688
|start
|switch|p1a: Bronzong|Bronzong|100/100
|switch|p2a: TERMNAL|Magnezone|100/100
|turn|1
|
|t:|1745820696
|move|p2a: TERMNAL|Substitute|p2a: TERMNAL
|-start|p2a: TERMNAL|Substitute
|-damage|p2a: TERMNAL|75/100
|move|p1a: Bronzong|Stealth Rock|p2a: TERMNAL
|-sidestart|p2: Grovyleflys|move: Stealth Rock
|
|-heal|p2a: TERMNAL|82/100|[from] item: Leftovers
|upkeep
|turn|2
|
|t:|1745820704
|move|p2a: TERMNAL|Iron Defense|p2a: TERMNAL
|-boost|p2a: TERMNAL|def|2
|move|p1a: Bronzong|Trick Room|p1a: Bronzong
|-fieldstart|move: Trick Room|[of] p1a: Bronzong
|
|-heal|p2a: TERMNAL|88/100|[from] item: Leftovers
|upkeep
|turn|3
|j| swaggdaddy1
|
|t:|1745820713
|move|p1a: Bronzong|Explosion|p2a: TERMNAL
|-resisted|p2a: TERMNAL
|-activate|p2a: TERMNAL|Substitute|[damage]
|faint|p1a: Bronzong
|move|p2a: TERMNAL|Iron Defense|p2a: TERMNAL
|-boost|p2a: TERMNAL|def|2
|
|-heal|p2a: TERMNAL|94/100|[from] item: Leftovers
|upkeep
|
|t:|1745820725
|switch|p1a: Hariyama|Hariyama, M|100/100
|turn|4
|
|t:|1745820731
|move|p1a: Hariyama|Fire Punch|p2a: TERMNAL
|-supereffective|p2a: TERMNAL
|-crit|p2a: TERMNAL
|-end|p2a: TERMNAL|Substitute
|move|p2a: TERMNAL|Substitute|p2a: TERMNAL
|-start|p2a: TERMNAL|Substitute
|-damage|p2a: TERMNAL|69/100
|
|-heal|p2a: TERMNAL|75/100|[from] item: Leftovers
|upkeep
|turn|5
|
|t:|1745820743
|move|p1a: Hariyama|Fire Punch|p2a: TERMNAL
|-supereffective|p2a: TERMNAL
|-activate|p2a: TERMNAL|Substitute|[damage]
|move|p2a: TERMNAL|Iron Defense|p2a: TERMNAL
|-boost|p2a: TERMNAL|def|2
|
|-heal|p2a: TERMNAL|81/100|[from] item: Leftovers
|upkeep
|turn|6
|
|t:|1745820752
|move|p1a: Hariyama|Fire Punch|p2a: TERMNAL
|-supereffective|p2a: TERMNAL
|-end|p2a: TERMNAL|Substitute
|move|p2a: TERMNAL|Substitute|p2a: TERMNAL
|-start|p2a: TERMNAL|Substitute
|-damage|p2a: TERMNAL|56/100
|
|-heal|p2a: TERMNAL|62/100|[from] item: Leftovers
|-fieldend|move: Trick Room
|upkeep
|turn|7
|inactive|Salutethewolf has 120 seconds left.
|
|t:|1745820784
|switch|p1a: Rhyperior|Rhyperior, F|100/100
|move|p2a: TERMNAL|Charge Beam|p1a: Rhyperior
|-immune|p1a: Rhyperior
|
|-heal|p2a: TERMNAL|68/100|[from] item: Leftovers
|upkeep
|turn|8
|
|t:|1745820792
|move|p2a: TERMNAL|Hidden Power|p1a: Rhyperior
|-supereffective|p1a: Rhyperior
|-damage|p1a: Rhyperior|64/100
|move|p1a: Rhyperior|Earthquake|p2a: TERMNAL
|-supereffective|p2a: TERMNAL
|-end|p2a: TERMNAL|Substitute
|-damage|p1a: Rhyperior|54/100|[from] item: Life Orb
|
|-heal|p2a: TERMNAL|74/100|[from] item: Leftovers
|upkeep
|turn|9
|
|t:|1745820803
|move|p2a: TERMNAL|Hidden Power|p1a: Rhyperior
|-supereffective|p1a: Rhyperior
|-damage|p1a: Rhyperior|15/100
|move|p1a: Rhyperior|Earthquake|p2a: TERMNAL
|-supereffective|p2a: TERMNAL
|-damage|p2a: TERMNAL|2/100
|-damage|p1a: Rhyperior|5/100|[from] item: Life Orb
|
|-heal|p2a: TERMNAL|8/100|[from] item: Leftovers
|upkeep
|turn|10
|inactive|Salutethewolf has 120 seconds left.
|
|t:|1745820823
|move|p2a: TERMNAL|Hidden Power|p1a: Rhyperior
|-supereffective|p1a: Rhyperior
|-damage|p1a: Rhyperior|0 fnt
|faint|p1a: Rhyperior
|
|-heal|p2a: TERMNAL|14/100|[from] item: Leftovers
|upkeep
|
|t:|1745820830
|switch|p1a: Reuniclus|Reuniclus, F|100/100
|turn|11
|
|t:|1745820840
|move|p2a: TERMNAL|Charge Beam|p1a: Reuniclus
|-damage|p1a: Reuniclus|81/100
|-boost|p2a: TERMNAL|spa|1
|move|p1a: Reuniclus|Trick Room|p1a: Reuniclus
|-fieldstart|move: Trick Room|[of] p1a: Reuniclus
|
|-heal|p2a: TERMNAL|20/100|[from] item: Leftovers
|upkeep
|turn|12
|
|t:|1745820848
|move|p1a: Reuniclus|Focus Blast|p2a: TERMNAL
|-supereffective|p2a: TERMNAL
|-damage|p2a: TERMNAL|0 fnt
|faint|p2a: TERMNAL
|
|upkeep
|
|t:|1745820851
|switch|p2a: Rat simulator|Jirachi|100/100
|-damage|p2a: Rat simulator|94/100|[from] Stealth Rock
|turn|13
|
|t:|1745820857
|move|p1a: Reuniclus|Focus Blast|p2a: Rat simulator
|-damage|p2a: Rat simulator|45/100
|move|p2a: Rat simulator|U-turn|p1a: Reuniclus
|-supereffective|p1a: Reuniclus
|-damage|p1a: Reuniclus|17/100
|
|t:|1745820873
|switch|p2a: Tsukinomiko|Starmie, shiny|100/100|[from] U-turn
|-damage|p2a: Tsukinomiko|88/100|[from] Stealth Rock
|
|upkeep
|turn|14
|
|t:|1745820878
|move|p1a: Reuniclus|Shadow Ball|p2a: Tsukinomiko
|-supereffective|p2a: Tsukinomiko
|-crit|p2a: Tsukinomiko
|-damage|p2a: Tsukinomiko|0 fnt
|faint|p2a: Tsukinomiko
|
|upkeep
|
|t:|1745820882
|switch|p2a: Nofacekilla|Landorus-Therian, M|100/100
|-damage|p2a: Nofacekilla|88/100|[from] Stealth Rock
|-ability|p2a: Nofacekilla|Intimidate|boost
|-unboost|p1a: Reuniclus|atk|1
|turn|15
|
|t:|1745820889
|move|p1a: Reuniclus|Psychic|p2a: Nofacekilla
|-damage|p2a: Nofacekilla|0 fnt
|faint|p2a: Nofacekilla
|
|-fieldend|move: Trick Room
|upkeep
|
|t:|1745820892
|switch|p2a: Rat simulator|Jirachi|45/100
|-damage|p2a: Rat simulator|39/100|[from] Stealth Rock
|turn|16
|
|t:|1745820900
|move|p2a: Rat simulator|U-turn|p1a: Reuniclus
|-supereffective|p1a: Reuniclus
|-damage|p1a: Reuniclus|0 fnt
|faint|p1a: Reuniclus
|
|t:|1745820906
|switch|p2a: DICE|Latios, M|100/100|[from] U-turn
|-damage|p2a: DICE|88/100|[from] Stealth Rock
|
|upkeep
|
|t:|1745820913
|switch|p1a: Porygon2|Porygon2|100/100
|-ability|p1a: Porygon2|Download|boost
|-boost|p1a: Porygon2|atk|1
|turn|17
|
|t:|1745820918
|move|p2a: DICE|Draco Meteor|p1a: Porygon2
|-damage|p1a: Porygon2|33/100
|-unboost|p2a: DICE|spa|2
|move|p1a: Porygon2|Trick Room|p1a: Porygon2
|-fieldstart|move: Trick Room|[of] p1a: Porygon2
|
|upkeep
|turn|18
|
|t:|1745820925
|move|p1a: Porygon2|Ice Beam|p2a: DICE
|-supereffective|p2a: DICE
|-damage|p2a: DICE|26/100
|move|p2a: DICE|Draco Meteor|p1a: Porygon2
|-damage|p1a: Porygon2|1/100
|-unboost|p2a: DICE|spa|2
|
|upkeep
|turn|19
|
|t:|1745820934
|switch|p2a: ROWILD|Tyranitar, F, shiny|100/100
|-damage|p2a: ROWILD|88/100|[from] Stealth Rock
|-weather|Sandstorm|[from] ability: Sand Stream|[of] p2a: ROWILD
|move|p1a: Porygon2|Ice Beam|p2a: ROWILD
|-damage|p2a: ROWILD|66/100
|
|-weather|Sandstorm|[upkeep]
|-damage|p1a: Porygon2|0 fnt|[from] Sandstorm
|faint|p1a: Porygon2
|upkeep
|
|t:|1745820946
|switch|p1a: Hariyama|Hariyama, M|100/100
|turn|20
|
|t:|1745820966
|move|p1a: Hariyama|Close Combat|p2a: ROWILD
|-supereffective|p2a: ROWILD
|-damage|p2a: ROWILD|0 fnt
|-unboost|p1a: Hariyama|def|1
|-unboost|p1a: Hariyama|spd|1
|faint|p2a: ROWILD
|-damage|p1a: Hariyama|91/100|[from] item: Life Orb
|
|-weather|Sandstorm|[upkeep]
|-damage|p1a: Hariyama|84/100|[from] Sandstorm
|upkeep
|
|t:|1745820971
|switch|p2a: Rat simulator|Jirachi|39/100
|-damage|p2a: Rat simulator|33/100|[from] Stealth Rock
|turn|21
|
|t:|1745820980
|move|p1a: Hariyama|Fire Punch|p2a: Rat simulator
|-supereffective|p2a: Rat simulator
|-damage|p2a: Rat simulator|0 fnt
|faint|p2a: Rat simulator
|
|-weather|Sandstorm|[upkeep]
|-damage|p1a: Hariyama|78/100|[from] Sandstorm
|-fieldend|move: Trick Room
|upkeep
|
|t:|1745820982
|switch|p2a: DICE|Latios, M|26/100
|-damage|p2a: DICE|13/100|[from] Stealth Rock
|turn|22
|
|t:|1745820991
|move|p2a: DICE|Psyshock|p1a: Hariyama
|-supereffective|p1a: Hariyama
|-damage|p1a: Hariyama|0 fnt
|faint|p1a: Hariyama
|
|-weather|Sandstorm|[upkeep]
|-damage|p2a: DICE|7/100|[from] Sandstorm
|upkeep
|
|t:|1745820999
|switch|p1a: Alakazam|Alakazam, F|100/100
|turn|23
|
|t:|1745821002
|move|p1a: Alakazam|Shadow Ball|p2a: DICE
|-supereffective|p2a: DICE
|-damage|p2a: DICE|0 fnt
|faint|p2a: DICE
|
|win|Salutethewolf
|raw|Salutethewolf's rating: 1462 &rarr; <strong>1478</strong><br />(+16 for winning)
|raw|Grovyleflys's rating: 1393 &rarr; <strong>1377</strong><br />(-16 for losing)
|l| swaggdaddy1
