|j|☆B1BelleV2
|j|☆Gletscherzz
|t:|1732210435
|gametype|singles
|player|p1|B1BelleV2|cheren-gen5bw2|1387
|player|p2|Gletscherzz|gardenia-masters|1315
|teamsize|p1|6
|teamsize|p2|6
|gen|5
|tier|[Gen 5] OU
|rated|
|rule|Species Clause: Limit one of each Pokémon
|rule|OHKO Clause: OHKO moves are banned
|rule|Moody Clause: Moody is banned
|rule|Evasion Items Clause: Evasion items are banned
|rule|Evasion Moves Clause: Evasion moves are banned
|rule|Endless Battle Clause: Forcing endless battles is banned
|rule|HP Percentage Mod: HP is shown in percentages
|rule|Evasion Abilities Clause: Evasion abilities are banned
|rule|Sleep Moves Clause: Sleep-inducing moves are banned
|rule|Swagger Clause: Swagger is banned
|rule|Baton Pass Stat Clause: No Baton Passer may have a way to boost its stats
|clearpoke
|poke|p1|Garchomp, M|item
|poke|p1|Volcarona, F|item
|poke|p1|Starmie|item
|poke|p1|Conkeldurr, M|item
|poke|p1|Scizor, F|item
|poke|p1|Latios, M|item
|poke|p2|Breloom, M|item
|poke|p2|Tyranitar, F|item
|poke|p2|Starmie|item
|poke|p2|Skarmory, F|item
|poke|p2|Latios, M|item
|poke|p2|Terrakion|item
|teampreview
|inactive|Battle timer is ON: inactive players will automatically lose when time's up. (requested by B1BelleV2)
|
|t:|1732210461
|start
|switch|p1a: Garchomp|Garchomp, M|100/100
|switch|p2a: Starmie|Starmie|100/100
|-item|p2a: Starmie|Air Balloon
|turn|1
|
|t:|1732210469
|switch|p1a: Scizor|Scizor, F|100/100
|move|p2a: Starmie|Hydro Pump|p1a: Scizor|[miss]
|-miss|p2a: Starmie|p1a: Scizor
|
|upkeep
|turn|2
|
|t:|1732210476
|-activate|p2a: Starmie|move: Pursuit
|move|p1a: Scizor|Pursuit|p2a: Starmie|[from]Pursuit
|-supereffective|p2a: Starmie
|-damage|p2a: Starmie|0 fnt
|-enditem|p2a: Starmie|Air Balloon
|faint|p2a: Starmie
|-hint|A Pokemon can't switch between when it runs out of HP and when it faints
|
|upkeep
|
|t:|1732210489
|switch|p2a: Breloom|Breloom, M, shiny|100/100
|turn|3
|
|t:|1732210494
|switch|p1a: Latios|Latios, M|100/100
|move|p2a: Breloom|Swords Dance|p2a: Breloom
|-boost|p2a: Breloom|atk|2
|
|-status|p2a: Breloom|tox|[from] item: Toxic Orb
|upkeep
|turn|4
|
|t:|1732210500
|move|p2a: Breloom|Protect|p2a: Breloom
|-singleturn|p2a: Breloom|Protect
|move|p1a: Latios|Draco Meteor|p2a: Breloom
|-activate|p2a: Breloom|move: Protect
|
|upkeep
|turn|5
|
|t:|1732210513
|switch|p2a: Tyranitar|Tyranitar, F|100/100
|-weather|Sandstorm|[from] ability: Sand Stream|[of] p2a: Tyranitar
|move|p1a: Latios|Draco Meteor|p2a: Tyranitar
|-damage|p2a: Tyranitar|65/100
|-unboost|p1a: Latios|spa|2
|
|-weather|Sandstorm|[upkeep]
|-damage|p1a: Latios|95/100|[from] Sandstorm
|upkeep
|turn|6
|
|t:|1732210521
|-activate|p1a: Latios|move: Pursuit
|move|p2a: Tyranitar|Pursuit|p1a: Latios|[from]Pursuit
|-supereffective|p1a: Latios
|-damage|p1a: Latios|0 fnt
|faint|p1a: Latios
|-hint|A Pokemon can't switch between when it runs out of HP and when it faints
|
|-weather|Sandstorm|[upkeep]
|upkeep
|
|t:|1732210523
|switch|p1a: Scizor|Scizor, F|100/100
|turn|7
|
|t:|1732210528
|switch|p2a: Skarmory|Skarmory, F|100/100
|move|p1a: Scizor|U-turn|p2a: Skarmory
|-resisted|p2a: Skarmory
|-damage|p2a: Skarmory|89/100
|
|t:|1732210533
|switch|p1a: Garchomp|Garchomp, M|100/100|[from] U-turn
|
|-weather|Sandstorm|[upkeep]
|-heal|p2a: Skarmory|95/100|[from] item: Leftovers
|upkeep
|turn|8
|
|t:|1732210541
|switch|p2a: Latios|Latios, M|100/100
|move|p1a: Garchomp|Fire Blast|p2a: Latios
|-resisted|p2a: Latios
|-damage|p2a: Latios|82/100
|-status|p2a: Latios|brn
|-damage|p1a: Garchomp|91/100|[from] item: Life Orb
|
|-weather|Sandstorm|[upkeep]
|-damage|p2a: Latios|76/100 brn|[from] Sandstorm
|-damage|p2a: Latios|63/100 brn|[from] brn
|upkeep
|turn|9
|
|t:|1732210568
|switch|p2a: Breloom|Breloom, M, shiny|100/100 tox
|switch|p1a: Scizor|Scizor, F|100/100
|
|-weather|Sandstorm|[upkeep]
|-damage|p2a: Breloom|94/100 tox|[from] Sandstorm
|-heal|p2a: Breloom|100/100 tox|[from] ability: Poison Heal
|upkeep
|turn|10
|
|t:|1732210581
|move|p2a: Breloom|Seed Bomb|p1a: Scizor
|-resisted|p1a: Scizor
|-crit|p1a: Scizor
|-damage|p1a: Scizor|79/100
|move|p1a: Scizor|U-turn|p2a: Breloom
|-damage|p2a: Breloom|19/100 tox
|
|t:|1732210602
|switch|p1a: Conkeldurr|Conkeldurr, M|100/100|[from] U-turn
|
|-weather|Sandstorm|[upkeep]
|-damage|p2a: Breloom|13/100 tox|[from] Sandstorm
|-damage|p1a: Conkeldurr|94/100|[from] Sandstorm
|-heal|p1a: Conkeldurr|100/100|[from] item: Leftovers
|-heal|p2a: Breloom|25/100 tox|[from] ability: Poison Heal
|upkeep
|turn|11
|inactive|Gletscherzz has 120 seconds left.
|
|t:|1732210629
|move|p1a: Conkeldurr|Mach Punch|p2a: Breloom
|-damage|p2a: Breloom|0 fnt
|faint|p2a: Breloom
|
|-weather|Sandstorm|[upkeep]
|-damage|p1a: Conkeldurr|94/100|[from] Sandstorm
|-heal|p1a: Conkeldurr|100/100|[from] item: Leftovers
|upkeep
|
|t:|1732210635
|switch|p2a: Latios|Latios, M|63/100 brn
|turn|12
|inactive|Gletscherzz has 120 seconds left.
|
|t:|1732210644
|move|p2a: Latios|Draco Meteor|p1a: Conkeldurr
|-damage|p1a: Conkeldurr|8/100
|-unboost|p2a: Latios|spa|2
|move|p1a: Conkeldurr|Payback|p2a: Latios
|-supereffective|p2a: Latios
|-damage|p2a: Latios|0 fnt
|faint|p2a: Latios
|
|-weather|Sandstorm|[upkeep]
|-damage|p1a: Conkeldurr|2/100|[from] Sandstorm
|-heal|p1a: Conkeldurr|8/100|[from] item: Leftovers
|upkeep
|inactive|Gletscherzz has 120 seconds left.
|
|t:|1732210656
|switch|p2a: Skarmory|Skarmory, F|95/100
|turn|13
|inactive|Gletscherzz has 120 seconds left.
|
|t:|1732210663
|move|p2a: Skarmory|Brave Bird|p1a: Conkeldurr
|-supereffective|p1a: Conkeldurr
|-damage|p1a: Conkeldurr|0 fnt
|faint|p1a: Conkeldurr
|-damage|p2a: Skarmory|92/100|[from] Recoil
|
|-weather|Sandstorm|[upkeep]
|-heal|p2a: Skarmory|98/100|[from] item: Leftovers
|upkeep
|
|t:|1732210666
|switch|p1a: Volcarona|Volcarona, F|100/100
|turn|14
|
|t:|1732210673
|switch|p2a: Terrakion|Terrakion, shiny|100/100
|move|p1a: Volcarona|Fire Blast|p2a: Terrakion
|-resisted|p2a: Terrakion
|-damage|p2a: Terrakion|67/100
|-status|p2a: Terrakion|brn
|-damage|p1a: Volcarona|91/100|[from] item: Life Orb
|
|-weather|Sandstorm|[upkeep]
|-damage|p1a: Volcarona|84/100|[from] Sandstorm
|-damage|p2a: Terrakion|55/100 brn|[from] brn
|upkeep
|turn|15
|inactive|Gletscherzz has 120 seconds left.
|
|t:|1732210696
|switch|p2a: Skarmory|Skarmory, F|98/100
|switch|p1a: Garchomp|Garchomp, M|91/100
|
|-weather|Sandstorm|[upkeep]
|-heal|p2a: Skarmory|100/100|[from] item: Leftovers
|upkeep
|turn|16
|inactive|Gletscherzz has 120 seconds left.
|
|t:|1732210706
|move|p1a: Garchomp|Fire Blast|p2a: Skarmory
|-supereffective|p2a: Skarmory
|-damage|p2a: Skarmory|24/100
|-damage|p1a: Garchomp|81/100|[from] item: Life Orb
|move|p2a: Skarmory|Brave Bird|p1a: Garchomp
|-damage|p1a: Garchomp|41/100
|-damage|p2a: Skarmory|11/100|[from] ability: Rough Skin|[of] p1a: Garchomp
|-damage|p2a: Skarmory|0 fnt|[from] Recoil
|faint|p2a: Skarmory
|
|-weather|Sandstorm|[upkeep]
|upkeep
|inactive|Gletscherzz has 120 seconds left.
|
|t:|1732210718
|switch|p2a: Terrakion|Terrakion, shiny|55/100 brn
|turn|17
|
|t:|1732210728
|move|p2a: Terrakion|Close Combat|p1a: Garchomp
|-damage|p1a: Garchomp|6/100
|-unboost|p2a: Terrakion|def|1
|-unboost|p2a: Terrakion|spd|1
|-damage|p2a: Terrakion|42/100 brn|[from] ability: Rough Skin|[of] p1a: Garchomp
|move|p1a: Garchomp|Earthquake|p2a: Terrakion
|-supereffective|p2a: Terrakion
|-damage|p2a: Terrakion|0 fnt
|faint|p2a: Terrakion
|-damage|p1a: Garchomp|0 fnt|[from] item: Life Orb
|faint|p1a: Garchomp
|
|-weather|Sandstorm|[upkeep]
|upkeep
|-message|Gletscherzz forfeited.
|
|win|B1BelleV2
|raw|B1BelleV2's rating: 1387 &rarr; <strong>1403</strong><br />(+16 for winning)
|raw|Gletscherzz's rating: 1315 &rarr; <strong>1299</strong><br />(-16 for losing)
|l|☆Gletscherzz
|player|p2|
