|uhtml|medal-msg|<div class="broadcast-blue">Curious what those medals under the avatar are? PS now has Ladder Seasons! For more information, check out the <a href="https://www.smogon.com/forums/threads/3740067/">thread on Smogon.</a></div>
|uhtml|medal-msg|<div class="broadcast-blue">Curious what those medals under the avatar are? PS now has Ladder Seasons! For more information, check out the <a href="https://www.smogon.com/forums/threads/3740067/">thread on Smogon.</a></div>
|j|☆torinoko city
|j|☆BWVC BookofConke
|t:|1713335005
|gametype|singles
|player|p1|torinoko city|miku-flying|1480
|player|p2|BWVC BookofConke|silver-masters|1411
|teamsize|p1|6
|teamsize|p2|6
|gen|5
|tier|[Gen 5] OU
|rated|
|rule|Species Clause: Limit one of each Pokémon
|rule|OHKO Clause: OHKO moves are banned
|rule|Moody Clause: Moody is banned
|rule|Evasion Items Clause: Evasion items are banned
|rule|Evasion Moves Clause: Evasion moves are banned
|rule|Endless Battle Clause: Forcing endless battles is banned
|rule|HP Percentage Mod: HP is shown in percentages
|rule|Evasion Abilities Clause: Evasion abilities are banned
|rule|Sleep Moves Clause: Sleep-inducing moves are banned
|rule|Swagger Clause: Swagger is banned
|rule|Baton Pass Stat Clause: No Baton Passer may have a way to boost its stats
|clearpoke
|poke|p1|Hydreigon, M|item
|poke|p1|Dragonite, F|item
|poke|p1|Magnezone|item
|poke|p1|Landorus-Therian, M|item
|poke|p1|Ninetales, M|item
|poke|p1|Mamoswine, F|item
|poke|p2|Kyurem-Black|item
|poke|p2|Latios, M|item
|poke|p2|Garchomp, F|item
|poke|p2|Magnezone|item
|poke|p2|Reuniclus, F|item
|poke|p2|Jirachi|item
|teampreview
|inactive|Battle timer is ON: inactive players will automatically lose when time's up. (requested by torinoko city)
|c|☆torinoko city|hi
|c|☆BWVC BookofConke|Hello
|inactive|torinoko city has 120 seconds left.
|
|t:|1713335040
|start
|switch|p1a: Landorus|Landorus-Therian, M|100/100
|switch|p2a: Jirachi|Jirachi|100/100
|-ability|p1a: Landorus|Intimidate|boost
|-unboost|p2a: Jirachi|atk|1
|turn|1
|
|t:|1713335045
|move|p1a: Landorus|Imprison|p1a: Landorus
|-start|p1a: Landorus|move: Imprison
|cant|p2a: Jirachi|move: Imprison|Stealth Rock
|
|upkeep
|turn|2
|
|t:|1713335052
|switch|p2a: Latios|Latios, M|100/100
|move|p1a: Landorus|Stealth Rock|p2a: Latios
|-sidestart|p2: BWVC BookofConke|move: Stealth Rock
|
|upkeep
|turn|3
|
|t:|1713335065
|move|p2a: Latios|Draco Meteor|p1a: Landorus
|-enditem|p1a: Landorus|Focus Sash
|-damage|p1a: Landorus|1/100
|-unboost|p2a: Latios|spa|2
|move|p1a: Landorus|Explosion|p2a: Latios
|-damage|p2a: Latios|0 fnt
|faint|p1a: Landorus
|faint|p2a: Latios
|
|upkeep
|
|t:|1713335091
|switch|p2a: Reuniclus|Reuniclus, F|100/100
|switch|p1a: Ninetales|Ninetales, M|100/100
|-weather|SunnyDay|[from] ability: Drought|[of] p1a: Ninetales
|turn|4
|inactive|BWVC BookofConke has 120 seconds left.
|
|t:|1713335108
|move|p1a: Ninetales|Overheat|p2a: Reuniclus
|-damage|p2a: Reuniclus|0 fnt
|-unboost|p1a: Ninetales|spa|2
|faint|p2a: Reuniclus
|
|-weather|SunnyDay|[upkeep]
|upkeep
|inactive|BWVC BookofConke has 120 seconds left.
|c|☆BWVC BookofConke|Yeesh
|
|t:|1713335129
|switch|p2a: Jirachi|Jirachi|100/100
|-damage|p2a: Jirachi|94/100|[from] Stealth Rock
|turn|5
|
|t:|1713335144
|move|p1a: Ninetales|Overheat|p2a: Jirachi|[miss]
|-miss|p1a: Ninetales|p2a: Jirachi
|move|p2a: Jirachi|Stealth Rock|p1a: Ninetales
|-sidestart|p1: torinoko city|move: Stealth Rock
|
|-weather|SunnyDay|[upkeep]
|-heal|p2a: Jirachi|100/100|[from] item: Leftovers
|upkeep
|turn|6
|
|t:|1713335163
|move|p1a: Ninetales|Overheat|p2a: Jirachi
|-supereffective|p2a: Jirachi
|-crit|p2a: Jirachi
|-damage|p2a: Jirachi|0 fnt
|-unboost|p1a: Ninetales|spa|2
|faint|p2a: Jirachi
|
|-weather|SunnyDay|[upkeep]
|upkeep
|c|☆BWVC BookofConke|The crit noooooo
|inactive|BWVC BookofConke has 90 seconds left.
|
|t:|1713335189
|switch|p2a: Kyurem|Kyurem-Black|100/100
|-damage|p2a: Kyurem|76/100|[from] Stealth Rock
|-ability|p2a: Kyurem|Teravolt
|turn|7
|
|t:|1713335196
|switch|p1a: Magnezone|Magnezone|100/100
|-damage|p1a: Magnezone|94/100|[from] Stealth Rock
|-item|p1a: Magnezone|Air Balloon
|move|p2a: Kyurem|Outrage|p1a: Magnezone
|-resisted|p1a: Magnezone
|-damage|p1a: Magnezone|29/100
|-enditem|p1a: Magnezone|Air Balloon
|
|-weather|SunnyDay|[upkeep]
|upkeep
|turn|8
|
|t:|1713335205
|move|p2a: Kyurem|Outrage|p1a: Magnezone|[from]lockedmove
|-resisted|p1a: Magnezone
|-damage|p1a: Magnezone|0 fnt
|faint|p1a: Magnezone
|-start|p2a: Kyurem|confusion|[fatigue]
|
|-weather|SunnyDay|[upkeep]
|upkeep
|
|t:|1713335211
|switch|p1a: Ninetales|Ninetales, M|100/100
|-damage|p1a: Ninetales|76/100|[from] Stealth Rock
|turn|9
|
|t:|1713335216
|switch|p2a: Magnezone|Magnezone|100/100
|-damage|p2a: Magnezone|94/100|[from] Stealth Rock
|move|p1a: Ninetales|Flamethrower|p2a: Magnezone
|-supereffective|p2a: Magnezone
|-damage|p2a: Magnezone|0 fnt
|faint|p2a: Magnezone
|
|-weather|SunnyDay|[upkeep]
|upkeep
|
|t:|1713335225
|switch|p2a: Garchomp|Garchomp, F|100/100
|-damage|p2a: Garchomp|94/100|[from] Stealth Rock
|turn|10
|inactive|BWVC BookofConke has 120 seconds left.
|
|t:|1713335243
|move|p2a: Garchomp|Rock Slide|p1a: Ninetales|[miss]
|-miss|p2a: Garchomp|p1a: Ninetales
|move|p1a: Ninetales|Flamethrower|p2a: Garchomp
|-resisted|p2a: Garchomp
|-damage|p2a: Garchomp|46/100
|
|-weather|SunnyDay|[upkeep]
|upkeep
|turn|11
|
|t:|1713335250
|move|p2a: Garchomp|Rock Slide|p1a: Ninetales
|-supereffective|p1a: Ninetales
|-damage|p1a: Ninetales|0 fnt
|faint|p1a: Ninetales
|
|-weather|SunnyDay|[upkeep]
|upkeep
|
|t:|1713335255
|switch|p1a: Mamoswine|Mamoswine, F|100/100
|-damage|p1a: Mamoswine|88/100|[from] Stealth Rock
|turn|12
|
|t:|1713335261
|move|p1a: Mamoswine|Ice Shard|p2a: Garchomp
|-supereffective|p2a: Garchomp
|-damage|p2a: Garchomp|0 fnt
|faint|p2a: Garchomp
|
|-weather|SunnyDay|[upkeep]
|upkeep
|
|t:|1713335265
|switch|p2a: Kyurem|Kyurem-Black|76/100
|-damage|p2a: Kyurem|51/100|[from] Stealth Rock
|-ability|p2a: Kyurem|Teravolt
|turn|13
|
|t:|1713335270
|move|p1a: Mamoswine|Ice Shard|p2a: Kyurem
|-damage|p2a: Kyurem|26/100
|move|p2a: Kyurem|Outrage|p1a: Mamoswine
|-damage|p1a: Mamoswine|0 fnt
|faint|p1a: Mamoswine
|
|-weather|SunnyDay|[upkeep]
|upkeep
|
|t:|1713335275
|switch|p1a: Hydreigon|Hydreigon, M|100/100
|-damage|p1a: Hydreigon|88/100|[from] Stealth Rock
|turn|14
|c|☆BWVC BookofConke|gg
|
|t:|1713335281
|move|p1a: Hydreigon|Dark Pulse|p2a: Kyurem
|-damage|p2a: Kyurem|0 fnt
|faint|p2a: Kyurem
|
|win|torinoko city
|raw|torinoko city's rating: 1480 &rarr; <strong>1496</strong><br />(+16 for winning)
|raw|BWVC BookofConke's rating: 1411 &rarr; <strong>1395</strong><br />(-16 for losing)
|c|☆torinoko city|gg
