|j|☆Blossummm
|j|‽wabrit
|t:|1715376931
|gametype|singles
|player|p1|Blossummm|roxie|1423
|player|p2|wabrit|169|1408
|teamsize|p1|6
|teamsize|p2|6
|gen|5
|tier|[Gen 5] OU
|rated|
|rule|Species Clause: Limit one of each Pokémon
|rule|OHKO Clause: OHKO moves are banned
|rule|Moody Clause: Moody is banned
|rule|Evasion Items Clause: Evasion items are banned
|rule|Evasion Moves Clause: Evasion moves are banned
|rule|Endless Battle Clause: Forcing endless battles is banned
|rule|HP Percentage Mod: HP is shown in percentages
|rule|Evasion Abilities Clause: Evasion abilities are banned
|rule|Sleep Moves Clause: Sleep-inducing moves are banned
|rule|Swagger Clause: Swagger is banned
|rule|Baton Pass Stat Clause: No Baton Passer may have a way to boost its stats
|clearpoke
|poke|p1|Tyranitar, F|item
|poke|p1|Alakazam, F|item
|poke|p1|Latios, M|item
|poke|p1|Ferrothorn, F|item
|poke|p1|Keldeo|item
|poke|p1|Landorus-Therian, M|item
|poke|p2|Ferrothorn, M|item
|poke|p2|Excadrill, M|item
|poke|p2|Tyranitar, F|item
|poke|p2|Latios, M|item
|poke|p2|Reuniclus, F|item
|poke|p2|Alakazam, F|item
|teampreview
|inactive|Battle timer is ON: inactive players will automatically lose when time's up. (requested by Blossummm)
|
|t:|1715376960
|start
|switch|p1a: Landorus|Landorus-Therian, M|100/100
|switch|p2a: Latios|Latios, M|100/100
|-ability|p1a: Landorus|Intimidate|boost
|-unboost|p2a: Latios|atk|1
|turn|1
|
|t:|1715376985
|move|p2a: Latios|Dragon Pulse|p1a: Landorus
|-damage|p1a: Landorus|13/100
|-damage|p2a: Latios|91/100|[from] item: Life Orb
|move|p1a: Landorus|Stealth Rock|p2a: Latios
|-sidestart|p2: wabrit|move: Stealth Rock
|
|-heal|p1a: Landorus|19/100|[from] item: Leftovers
|upkeep
|turn|2
|
|t:|1715376997
|switch|p1a: Tyranitar|Tyranitar, F, shiny|100/100
|-weather|Sandstorm|[from] ability: Sand Stream|[of] p1a: Tyranitar
|move|p2a: Latios|Dragon Pulse|p1a: Tyranitar
|-damage|p1a: Tyranitar|71/100
|-damage|p2a: Latios|81/100|[from] item: Life Orb
|
|-weather|Sandstorm|[upkeep]
|-damage|p2a: Latios|75/100|[from] Sandstorm
|upkeep
|turn|3
|
|t:|1715377006
|move|p2a: Latios|Grass Knot|p1a: Tyranitar
|-supereffective|p1a: Tyranitar
|-damage|p1a: Tyranitar|18/100
|-damage|p2a: Latios|65/100|[from] item: Life Orb
|move|p1a: Tyranitar|Pursuit|p2a: Latios
|-supereffective|p2a: Latios
|-damage|p2a: Latios|16/100
|
|-weather|Sandstorm|[upkeep]
|-damage|p2a: Latios|10/100|[from] Sandstorm
|upkeep
|turn|4
|
|t:|1715377028
|switch|p1a: Ferrothorn|Ferrothorn, F|100/100
|move|p2a: Latios|Dragon Pulse|p1a: Ferrothorn
|-resisted|p1a: Ferrothorn
|-damage|p1a: Ferrothorn|79/100
|-damage|p2a: Latios|0 fnt|[from] item: Life Orb
|faint|p2a: Latios
|
|-weather|Sandstorm|[upkeep]
|upkeep
|
|t:|1715377040
|switch|p2a: Reuniclus|Reuniclus, F|100/100
|turn|5
|
|t:|1715377051
|switch|p1a: Tyranitar|Tyranitar, F, shiny|18/100
|move|p2a: Reuniclus|Thunder Wave|p1a: Tyranitar
|-status|p1a: Tyranitar|par
|
|-weather|Sandstorm|[upkeep]
|upkeep
|turn|6
|
|t:|1715377058
|switch|p2a: Ferrothorn|Ferrothorn, M|100/100
|-damage|p2a: Ferrothorn|94/100|[from] Stealth Rock
|move|p1a: Tyranitar|Crunch|p2a: Ferrothorn
|-resisted|p2a: Ferrothorn
|-damage|p2a: Ferrothorn|83/100
|-unboost|p2a: Ferrothorn|def|1
|-damage|p1a: Tyranitar|6/100 par|[from] ability: Iron Barbs|[of] p2a: Ferrothorn
|
|-weather|Sandstorm|[upkeep]
|-heal|p2a: Ferrothorn|89/100|[from] item: Leftovers
|upkeep
|turn|7
|
|t:|1715377070
|move|p2a: Ferrothorn|Stealth Rock|p1a: Tyranitar
|-sidestart|p1: Blossummm|move: Stealth Rock
|move|p1a: Tyranitar|Fire Blast|p2a: Ferrothorn
|-supereffective|p2a: Ferrothorn
|-damage|p2a: Ferrothorn|3/100
|
|-weather|Sandstorm|[upkeep]
|-heal|p2a: Ferrothorn|9/100|[from] item: Leftovers
|upkeep
|turn|8
|
|t:|1715377077
|move|p2a: Ferrothorn|Protect|p2a: Ferrothorn
|-singleturn|p2a: Ferrothorn|Protect
|move|p1a: Tyranitar|Fire Blast|p2a: Ferrothorn
|-activate|p2a: Ferrothorn|move: Protect
|
|-weather|Sandstorm|[upkeep]
|-heal|p2a: Ferrothorn|16/100|[from] item: Leftovers
|upkeep
|turn|9
|
|t:|1715377085
|switch|p2a: Reuniclus|Reuniclus, F|100/100
|move|p1a: Tyranitar|Fire Blast|p2a: Reuniclus
|-damage|p2a: Reuniclus|76/100
|
|-weather|Sandstorm|[upkeep]
|-heal|p2a: Reuniclus|82/100|[from] item: Leftovers
|upkeep
|turn|10
|
|t:|1715377096
|switch|p2a: Ferrothorn|Ferrothorn, M|16/100
|-damage|p2a: Ferrothorn|9/100|[from] Stealth Rock
|move|p1a: Tyranitar|Crunch|p2a: Ferrothorn
|-resisted|p2a: Ferrothorn
|-damage|p2a: Ferrothorn|0 fnt
|-damage|p1a: Tyranitar|0 fnt|[from] ability: Iron Barbs|[of] p2a: Ferrothorn
|faint|p1a: Tyranitar
|faint|p2a: Ferrothorn
|
|-weather|Sandstorm|[upkeep]
|upkeep
|
|t:|1715377111
|switch|p1a: Alakazam|Alakazam, F|100/100
|switch|p2a: Alakazam|Alakazam, F|100/100
|turn|11
|
|t:|1715377123
|move|p2a: Alakazam|Psychic|p1a: Alakazam
|-resisted|p1a: Alakazam
|-damage|p1a: Alakazam|66/100
|move|p1a: Alakazam|Shadow Ball|p2a: Alakazam
|-supereffective|p2a: Alakazam
|-enditem|p2a: Alakazam|Focus Sash
|-damage|p2a: Alakazam|1/100
|
|-weather|Sandstorm|[upkeep]
|upkeep
|turn|12
|
|t:|1715377131
|switch|p2a: Excadrill|Excadrill, M|100/100
|-damage|p2a: Excadrill|97/100|[from] Stealth Rock
|switch|p1a: Ferrothorn|Ferrothorn, F|79/100
|-damage|p1a: Ferrothorn|73/100|[from] Stealth Rock
|
|-weather|Sandstorm|[upkeep]
|upkeep
|turn|13
|
|t:|1715377147
|move|p2a: Excadrill|Rock Slide|p1a: Ferrothorn|[miss]
|-miss|p2a: Excadrill|p1a: Ferrothorn
|move|p1a: Ferrothorn|Power Whip|p2a: Excadrill
|-damage|p2a: Excadrill|41/100
|
|-weather|Sandstorm|[upkeep]
|upkeep
|turn|14
|
|t:|1715377155
|switch|p2a: Reuniclus|Reuniclus, F|82/100
|move|p1a: Ferrothorn|Power Whip|p2a: Reuniclus
|-damage|p2a: Reuniclus|54/100
|
|-weather|Sandstorm|[upkeep]
|-heal|p2a: Reuniclus|60/100|[from] item: Leftovers
|upkeep
|turn|15
|
|t:|1715377163
|switch|p1a: Landorus|Landorus-Therian, M|19/100
|-damage|p1a: Landorus|7/100|[from] Stealth Rock
|-ability|p1a: Landorus|Intimidate|boost
|-unboost|p2a: Reuniclus|atk|1
|move|p2a: Reuniclus|Thunder Wave|p1a: Landorus
|-immune|p1a: Landorus
|
|-weather|Sandstorm|[upkeep]
|-heal|p1a: Landorus|13/100|[from] item: Leftovers
|-heal|p2a: Reuniclus|66/100|[from] item: Leftovers
|upkeep
|turn|16
|
|t:|1715377173
|move|p1a: Landorus|U-turn|p2a: Reuniclus
|-supereffective|p2a: Reuniclus
|-damage|p2a: Reuniclus|34/100
|
|t:|1715377180
|switch|p1a: Alakazam|Alakazam, F|66/100|[from] U-turn
|move|p2a: Reuniclus|Recover|p2a: Reuniclus
|-heal|p2a: Reuniclus|84/100
|
|-weather|Sandstorm|[upkeep]
|-heal|p2a: Reuniclus|90/100|[from] item: Leftovers
|upkeep
|turn|17
|
|t:|1715377187
|move|p1a: Alakazam|Shadow Ball|p2a: Reuniclus
|-supereffective|p2a: Reuniclus
|-damage|p2a: Reuniclus|18/100
|-unboost|p2a: Reuniclus|spd|1
|move|p2a: Reuniclus|Thunder Wave|p1a: Alakazam
|-status|p1a: Alakazam|par
|
|-weather|Sandstorm|[upkeep]
|-heal|p2a: Reuniclus|25/100|[from] item: Leftovers
|upkeep
|turn|18
|
|t:|1715377196
|switch|p2a: Tyranitar|Tyranitar, F|100/100
|-damage|p2a: Tyranitar|88/100|[from] Stealth Rock
|cant|p1a: Alakazam|par
|
|-weather|Sandstorm|[upkeep]
|upkeep
|turn|19
|
|t:|1715377202
|move|p2a: Tyranitar|Pursuit|p1a: Alakazam
|-supereffective|p1a: Alakazam
|-damage|p1a: Alakazam|0 fnt
|faint|p1a: Alakazam
|
|-weather|Sandstorm|[upkeep]
|upkeep
|
|t:|1715377211
|switch|p1a: Keldeo|Keldeo|100/100
|-damage|p1a: Keldeo|94/100|[from] Stealth Rock
|turn|20
|
|t:|1715377227
|switch|p2a: Excadrill|Excadrill, M|41/100
|-damage|p2a: Excadrill|38/100|[from] Stealth Rock
|move|p1a: Keldeo|Secret Sword|p2a: Excadrill
|-supereffective|p2a: Excadrill
|-damage|p2a: Excadrill|0 fnt
|faint|p2a: Excadrill
|
|-weather|Sandstorm|[upkeep]
|-damage|p1a: Keldeo|88/100|[from] Sandstorm
|-heal|p1a: Keldeo|94/100|[from] item: Leftovers
|upkeep
|
|t:|1715377240
|switch|p2a: Alakazam|Alakazam, F|1/100
|turn|21
|
|t:|1715377248
|switch|p1a: Ferrothorn|Ferrothorn, F|73/100
|-damage|p1a: Ferrothorn|67/100|[from] Stealth Rock
|move|p2a: Alakazam|Psychic|p1a: Ferrothorn
|-resisted|p1a: Ferrothorn
|-damage|p1a: Ferrothorn|51/100
|
|-weather|Sandstorm|[upkeep]
|upkeep
|turn|22
|
|t:|1715377255
|move|p2a: Alakazam|Focus Blast|p1a: Ferrothorn
|-supereffective|p1a: Ferrothorn
|-damage|p1a: Ferrothorn|0 fnt
|faint|p1a: Ferrothorn
|
|-weather|Sandstorm|[upkeep]
|upkeep
|
|t:|1715377261
|switch|p1a: Latios|Latios, M|100/100
|-damage|p1a: Latios|88/100|[from] Stealth Rock
|turn|23
|
|t:|1715377268
|switch|p2a: Reuniclus|Reuniclus, F|25/100
|move|p1a: Latios|Dragon Pulse|p2a: Reuniclus
|-damage|p2a: Reuniclus|0 fnt
|faint|p2a: Reuniclus
|
|-weather|Sandstorm|[upkeep]
|-damage|p1a: Latios|82/100|[from] Sandstorm
|upkeep
|
|t:|1715377277
|switch|p2a: Tyranitar|Tyranitar, F|88/100
|-damage|p2a: Tyranitar|76/100|[from] Stealth Rock
|turn|24
|
|t:|1715377286
|-activate|p1a: Latios|move: Pursuit
|move|p2a: Tyranitar|Pursuit|p1a: Latios|[from]Pursuit
|-supereffective|p1a: Latios
|-damage|p1a: Latios|0 fnt
|faint|p1a: Latios
|-hint|A Pokemon can't switch between when it runs out of HP and when it faints
|
|-weather|Sandstorm|[upkeep]
|upkeep
|
|t:|1715377292
|switch|p1a: Keldeo|Keldeo|94/100
|-damage|p1a: Keldeo|88/100|[from] Stealth Rock
|turn|25
|
|t:|1715377300
|move|p1a: Keldeo|Secret Sword|p2a: Tyranitar
|-supereffective|p2a: Tyranitar
|-damage|p2a: Tyranitar|0 fnt
|faint|p2a: Tyranitar
|
|-weather|Sandstorm|[upkeep]
|-damage|p1a: Keldeo|82/100|[from] Sandstorm
|-heal|p1a: Keldeo|88/100|[from] item: Leftovers
|upkeep
|
|t:|1715377307
|switch|p2a: Alakazam|Alakazam, F|1/100
|turn|26
|
|t:|1715377331
|move|p2a: Alakazam|Psychic|p1a: Keldeo
|-supereffective|p1a: Keldeo
|-damage|p1a: Keldeo|0 fnt
|faint|p1a: Keldeo
|
|-weather|Sandstorm|[upkeep]
|upkeep
|
|t:|1715377333
|switch|p1a: Landorus|Landorus-Therian, M|13/100
|-damage|p1a: Landorus|1/100|[from] Stealth Rock
|-ability|p1a: Landorus|Intimidate|boost
|-unboost|p2a: Alakazam|atk|1
|turn|27
|
|t:|1715377342
|move|p2a: Alakazam|Psychic|p1a: Landorus
|-damage|p1a: Landorus|0 fnt
|faint|p1a: Landorus
|
|win|wabrit
|raw|Blossummm's rating: 1423 &rarr; <strong>1402</strong><br />(-21 for losing)
|raw|wabrit's rating: 1408 &rarr; <strong>1429</strong><br />(+21 for winning)
