|j|☆bxh318916
|j|☆Blaise Mister B
|t:|1730291762
|gametype|singles
|player|p1|bxh318916|steven|1376
|player|p2|Blaise Mister B|102|1473
|teamsize|p1|6
|teamsize|p2|6
|gen|5
|tier|[Gen 5] OU
|rated|
|rule|Species Clause: Limit one of each Pokémon
|rule|OHKO Clause: OHKO moves are banned
|rule|Moody Clause: Moody is banned
|rule|Evasion Items Clause: Evasion items are banned
|rule|Evasion Moves Clause: Evasion moves are banned
|rule|Endless Battle Clause: Forcing endless battles is banned
|rule|HP Percentage Mod: HP is shown in percentages
|rule|Evasion Abilities Clause: Evasion abilities are banned
|rule|Sleep Moves Clause: Sleep-inducing moves are banned
|rule|Swagger Clause: Swagger is banned
|rule|Baton Pass Stat Clause: No Baton Passer may have a way to boost its stats
|clearpoke
|poke|p1|Tyranitar, M|item
|poke|p1|Keldeo|item
|poke|p1|Garchomp, F|item
|poke|p1|Zapdos|item
|poke|p1|Scizor, M|item
|poke|p1|Starmie|item
|poke|p2|Excadrill, M|item
|poke|p2|Hippowdon, M|item
|poke|p2|Tangrowth, M|item
|poke|p2|Slowbro, M|item
|poke|p2|Blissey, F|item
|poke|p2|Slowking, F|item
|teampreview
|
|t:|1730291782
|start
|switch|p1a: Zapdos|Zapdos|100/100
|switch|p2a: Saturnus|Tangrowth, M, shiny|100/100
|-ability|p1a: Zapdos|Pressure
|turn|1
|
|t:|1730291791
|switch|p2a: Venus|Blissey, F, shiny|100/100
|move|p1a: Zapdos|Toxic|p2a: Venus|[miss]
|-miss|p1a: Zapdos|p2a: Venus
|
|upkeep
|turn|2
|
|t:|1730291801
|move|p1a: Zapdos|Volt Switch|p2a: Venus
|-damage|p2a: Venus|92/100
|
|t:|1730291809
|switch|p1a: Starmie|Starmie|100/100|[from] Volt Switch
|move|p2a: Venus|Seismic Toss|p1a: Starmie
|-damage|p1a: Starmie|70/100
|
|-heal|p1a: Starmie|76/100|[from] item: Leftovers
|-heal|p2a: Venus|98/100|[from] item: Leftovers
|upkeep
|turn|3
|
|t:|1730291821
|move|p1a: Starmie|Thunder Wave|p2a: Venus
|-status|p2a: Venus|par
|move|p2a: Venus|Seismic Toss|p1a: Starmie
|-damage|p1a: Starmie|45/100
|
|-heal|p1a: Starmie|51/100|[from] item: Leftovers
|-heal|p2a: Venus|100/100 par|[from] item: Leftovers
|upkeep
|turn|4
|
|t:|1730291832
|move|p1a: Starmie|Recover|p1a: Starmie
|-heal|p1a: Starmie|100/100
|move|p2a: Venus|Toxic|p1a: Starmie|[miss]
|-miss|p2a: Venus|p1a: Starmie
|
|upkeep
|turn|5
|
|t:|1730291842
|switch|p1a: Scizor|Scizor, M|100/100
|cant|p2a: Venus|par
|
|upkeep
|turn|6
|
|t:|1730291851
|-curestatus|p2a: Venus|par|[from] ability: Natural Cure
|switch|p2a: Janus|Hippowdon, M|100/100
|-weather|Sandstorm|[from] ability: Sand Stream|[of] p2a: Janus
|move|p1a: Scizor|U-turn|p2a: Janus
|-damage|p2a: Janus|83/100
|-damage|p1a: Scizor|84/100|[from] item: Rocky Helmet|[of] p2a: Janus
|
|t:|1730291871
|switch|p1a: Keldeo|Keldeo|100/100|[from] U-turn
|
|-weather|Sandstorm|[upkeep]
|-damage|p1a: Keldeo|94/100|[from] Sandstorm
|-heal|p1a: Keldeo|100/100|[from] item: Leftovers
|upkeep
|turn|7
|
|t:|1730291884
|switch|p2a: Minerva|Slowking, F|100/100
|move|p1a: Keldeo|Substitute|p1a: Keldeo
|-start|p1a: Keldeo|Substitute
|-damage|p1a: Keldeo|75/100
|
|-weather|Sandstorm|[upkeep]
|-damage|p1a: Keldeo|69/100|[from] Sandstorm
|-damage|p2a: Minerva|94/100|[from] Sandstorm
|-heal|p1a: Keldeo|75/100|[from] item: Leftovers
|upkeep
|turn|8
|
|t:|1730291896
|move|p1a: Keldeo|Hydro Pump|p2a: Minerva
|-resisted|p2a: Minerva
|-damage|p2a: Minerva|77/100
|move|p2a: Minerva|Psyshock|p1a: Keldeo
|-supereffective|p1a: Keldeo
|-end|p1a: Keldeo|Substitute
|
|-weather|Sandstorm|[upkeep]
|-damage|p1a: Keldeo|69/100|[from] Sandstorm
|-damage|p2a: Minerva|71/100|[from] Sandstorm
|-heal|p1a: Keldeo|75/100|[from] item: Leftovers
|upkeep
|turn|9
|
|t:|1730291909
|switch|p1a: Tyranitar|Tyranitar, M|100/100
|move|p2a: Minerva|Scald|p1a: Tyranitar
|-supereffective|p1a: Tyranitar
|-damage|p1a: Tyranitar|66/100
|
|-weather|Sandstorm|[upkeep]
|-damage|p2a: Minerva|65/100|[from] Sandstorm
|upkeep
|turn|10
|
|t:|1730291919
|switch|p2a: Janus|Hippowdon, M|83/100
|move|p1a: Tyranitar|Crunch|p2a: Janus
|-damage|p2a: Janus|45/100
|-damage|p1a: Tyranitar|50/100|[from] item: Rocky Helmet|[of] p2a: Janus
|
|-weather|Sandstorm|[upkeep]
|upkeep
|turn|11
|
|t:|1730291931
|switch|p1a: Zapdos|Zapdos|100/100
|-ability|p1a: Zapdos|Pressure
|move|p2a: Janus|Slack Off|p2a: Janus
|-heal|p2a: Janus|95/100
|
|-weather|Sandstorm|[upkeep]
|-damage|p1a: Zapdos|94/100|[from] Sandstorm
|-heal|p1a: Zapdos|100/100|[from] item: Leftovers
|upkeep
|turn|12
|
|t:|1730291954
|switch|p2a: Venus|Blissey, F, shiny|100/100
|move|p1a: Zapdos|Toxic|p2a: Venus
|-status|p2a: Venus|tox
|
|-weather|Sandstorm|[upkeep]
|-damage|p1a: Zapdos|94/100|[from] Sandstorm
|-damage|p2a: Venus|94/100 tox|[from] Sandstorm
|-heal|p1a: Zapdos|100/100|[from] item: Leftovers
|-heal|p2a: Venus|100/100 tox|[from] item: Leftovers
|-damage|p2a: Venus|94/100 tox|[from] psn
|upkeep
|turn|13
|
|t:|1730291970
|move|p1a: Zapdos|Volt Switch|p2a: Venus
|-damage|p2a: Venus|86/100 tox
|
|t:|1730291978
|switch|p1a: Starmie|Starmie|100/100|[from] Volt Switch
|move|p2a: Venus|Seismic Toss|p1a: Starmie
|-damage|p1a: Starmie|70/100
|
|-weather|Sandstorm|[upkeep]
|-damage|p1a: Starmie|63/100|[from] Sandstorm
|-damage|p2a: Venus|80/100 tox|[from] Sandstorm
|-heal|p1a: Starmie|70/100|[from] item: Leftovers
|-heal|p2a: Venus|86/100 tox|[from] item: Leftovers
|-damage|p2a: Venus|74/100 tox|[from] psn
|upkeep
|turn|14
|
|t:|1730291999
|-curestatus|p2a: Venus|tox|[from] ability: Natural Cure
|switch|p2a: Minerva|Slowking, F|98/100
|move|p1a: Starmie|Thunder Wave|p2a: Minerva
|-status|p2a: Minerva|par
|
|-weather|Sandstorm|[upkeep]
|-damage|p1a: Starmie|63/100|[from] Sandstorm
|-damage|p2a: Minerva|92/100 par|[from] Sandstorm
|-heal|p1a: Starmie|70/100|[from] item: Leftovers
|upkeep
|turn|15
|
|t:|1730292015
|switch|p2a: Venus|Blissey, F, shiny|74/100
|move|p1a: Starmie|Scald|p2a: Venus
|-damage|p2a: Venus|66/100
|
|-weather|Sandstorm|[upkeep]
|-damage|p1a: Starmie|63/100|[from] Sandstorm
|-damage|p2a: Venus|59/100|[from] Sandstorm
|-heal|p1a: Starmie|70/100|[from] item: Leftovers
|-heal|p2a: Venus|66/100|[from] item: Leftovers
|upkeep
|turn|16
|
|t:|1730292027
|move|p1a: Starmie|Scald|p2a: Venus
|-damage|p2a: Venus|58/100
|move|p2a: Venus|Wish|p2a: Venus
|
|-weather|Sandstorm|[upkeep]
|-damage|p1a: Starmie|63/100|[from] Sandstorm
|-damage|p2a: Venus|52/100|[from] Sandstorm
|-heal|p1a: Starmie|70/100|[from] item: Leftovers
|-heal|p2a: Venus|58/100|[from] item: Leftovers
|upkeep
|turn|17
|
|t:|1730292041
|switch|p1a: Scizor|Scizor, M|84/100
|move|p2a: Venus|Toxic|p1a: Scizor
|-immune|p1a: Scizor
|
|-weather|Sandstorm|[upkeep]
|-damage|p2a: Venus|52/100|[from] Sandstorm
|-heal|p2a: Venus|100/100|[from] move: Wish|[wisher] Venus
|-heal|p1a: Scizor|90/100|[from] item: Leftovers
|upkeep
|turn|18
|
|t:|1730292054
|switch|p2a: Janus|Hippowdon, M|95/100
|move|p1a: Scizor|Swords Dance|p1a: Scizor
|-boost|p1a: Scizor|atk|2
|
|-weather|Sandstorm|[upkeep]
|-heal|p1a: Scizor|96/100|[from] item: Leftovers
|upkeep
|turn|19
|
|t:|1730292066
|move|p1a: Scizor|Swords Dance|p1a: Scizor
|-boost|p1a: Scizor|atk|2
|move|p2a: Janus|Fire Fang|p1a: Scizor
|-supereffective|p1a: Scizor
|-damage|p1a: Scizor|47/100
|
|-weather|Sandstorm|[upkeep]
|-heal|p1a: Scizor|53/100|[from] item: Leftovers
|upkeep
|turn|20
|
|t:|1730292076
|move|p1a: Scizor|U-turn|p2a: Janus
|-damage|p2a: Janus|45/100
|-damage|p1a: Scizor|37/100|[from] item: Rocky Helmet|[of] p2a: Janus
|
|t:|1730292082
|switch|p1a: Keldeo|Keldeo|75/100|[from] U-turn
|move|p2a: Janus|Fire Fang|p1a: Keldeo
|-resisted|p1a: Keldeo
|-damage|p1a: Keldeo|65/100
|
|-weather|Sandstorm|[upkeep]
|-damage|p1a: Keldeo|59/100|[from] Sandstorm
|-heal|p1a: Keldeo|65/100|[from] item: Leftovers
|upkeep
|turn|21
|
|t:|1730292096
|switch|p2a: Minerva|Slowking, F|100/100 par
|move|p1a: Keldeo|Hydro Pump|p2a: Minerva
|-resisted|p2a: Minerva
|-damage|p2a: Minerva|83/100 par
|
|-weather|Sandstorm|[upkeep]
|-damage|p1a: Keldeo|59/100|[from] Sandstorm
|-damage|p2a: Minerva|77/100 par|[from] Sandstorm
|-heal|p1a: Keldeo|65/100|[from] item: Leftovers
|upkeep
|turn|22
|
|t:|1730292108
|switch|p1a: Tyranitar|Tyranitar, M|50/100
|move|p2a: Minerva|Scald|p1a: Tyranitar
|-supereffective|p1a: Tyranitar
|-damage|p1a: Tyranitar|19/100
|-status|p1a: Tyranitar|brn
|
|-weather|Sandstorm|[upkeep]
|-damage|p2a: Minerva|71/100 par|[from] Sandstorm
|-damage|p1a: Tyranitar|6/100 brn|[from] brn
|upkeep
|turn|23
|
|t:|1730292128
|-activate|p2a: Minerva|move: Pursuit
|move|p1a: Tyranitar|Pursuit|p2a: Minerva|[from]Pursuit
|-supereffective|p2a: Minerva
|-enditem|p2a: Minerva|Colbur Berry|[eat]
|-enditem|p2a: Minerva|Colbur Berry|[weaken]
|-damage|p2a: Minerva|36/100 par
|switch|p2a: Neptunus|Slowbro, M|100/100
|
|-weather|Sandstorm|[upkeep]
|-damage|p2a: Neptunus|94/100|[from] Sandstorm
|-damage|p1a: Tyranitar|0 fnt|[from] brn
|faint|p1a: Tyranitar
|upkeep
|
|t:|1730292148
|switch|p1a: Scizor|Scizor, M|37/100
|turn|24
|
|t:|1730292158
|move|p1a: Scizor|Roost|p1a: Scizor
|-heal|p1a: Scizor|87/100
|-singleturn|p1a: Scizor|move: Roost
|move|p2a: Neptunus|Flamethrower|p1a: Scizor
|-supereffective|p1a: Scizor
|-damage|p1a: Scizor|0 fnt
|faint|p1a: Scizor
|
|-weather|Sandstorm|[upkeep]
|-damage|p2a: Neptunus|88/100|[from] Sandstorm
|upkeep
|
|t:|1730292169
|switch|p1a: Zapdos|Zapdos|100/100
|-ability|p1a: Zapdos|Pressure
|turn|25
|
|t:|1730292179
|switch|p2a: Mars|Excadrill, M|100/100
|move|p1a: Zapdos|Toxic|p2a: Mars
|-immune|p2a: Mars
|
|-weather|Sandstorm|[upkeep]
|-damage|p1a: Zapdos|94/100|[from] Sandstorm
|-heal|p1a: Zapdos|100/100|[from] item: Leftovers
|upkeep
|turn|26
|
|t:|1730292189
|move|p1a: Zapdos|Heat Wave|p2a: Mars
|-supereffective|p2a: Mars
|-damage|p2a: Mars|35/100
|move|p2a: Mars|Stealth Rock|p1a: Zapdos
|-sidestart|p1: bxh318916|move: Stealth Rock
|
|-weather|Sandstorm|[upkeep]
|-damage|p1a: Zapdos|94/100|[from] Sandstorm
|-heal|p1a: Zapdos|100/100|[from] item: Leftovers
|-heal|p2a: Mars|41/100|[from] item: Leftovers
|upkeep
|turn|27
|
|t:|1730292204
|switch|p2a: Venus|Blissey, F, shiny|100/100
|move|p1a: Zapdos|Volt Switch|p2a: Venus
|-damage|p2a: Venus|92/100
|-message|bxh318916 forfeited.
|
|win|Blaise Mister B
|raw|bxh318916's rating: 1376 &rarr; <strong>1361</strong><br />(-15 for losing)
|raw|Blaise Mister B's rating: 1473 &rarr; <strong>1488</strong><br />(+15 for winning)
|l|☆bxh318916
|player|p1|
