|j|☆Jalladeful
|j|☆ThelordofbadRNG
|player|p1|Jalladeful|hoopster|1358
|player|p2|ThelordofbadRNG|anabel|1371
|teamsize|p1|6
|teamsize|p2|6
|gametype|singles
|gen|5
|tier|[Gen 5] OU
|rated|
|clearpoke
|poke|p1|Excadrill, M|item
|poke|p1|Ferrothorn, M|item
|poke|p1|Tyranitar, F|item
|poke|p1|Magnezone|item
|poke|p1|Gliscor, F|item
|poke|p1|Gastrodon-East, F|item
|poke|p2|Tornadus, M|item
|poke|p2|Keldeo|item
|poke|p2|Politoed, F|item
|poke|p2|Ferrothorn, M|item
|poke|p2|Thundurus-Therian, M|item
|poke|p2|Toxicroak, F|item
|rule|Species Clause: Limit one of each Pokémon
|rule|OHKO Clause: OHKO moves are banned
|rule|Moody Clause: Moody is banned
|rule|Evasion Moves Clause: Evasion moves are banned
|rule|Endless Battle Clause: Forcing endless battles is banned
|rule|HP Percentage Mod: HP is shown in percentages
|rule|Evasion Abilities Clause: Evasion abilities are banned
|rule|Baton Pass Clause: Limit one Baton Passer, can't pass Spe and other stats simultaneously
|rule|Sleep Clause: Sleep-inducing moves are banned
|rule|Swagger Clause: Swagger is banned
|teampreview
|inactive|Battle timer is ON: inactive players will automatically lose when time's up. (requested by Jalladeful)
|
|start
|switch|p1a: Magnezone|Magnezone|100/100
|switch|p2a: Tornadus|Tornadus, M|100/100
|-item|p1a: Magnezone|Air Balloon
|turn|1
|
|move|p2a: Tornadus|Focus Blast|p1a: Magnezone
|-supereffective|p1a: Magnezone
|-damage|p1a: Magnezone|0 fnt
|-enditem|p1a: Magnezone|Air Balloon
|-damage|p2a: Tornadus|91/100|[from] item: Life Orb
|faint|p1a: Magnezone
|
|upkeep
|
|switch|p1a: Gliscor|Gliscor, F|100/100
|turn|2
|
|move|p2a: Tornadus|Hurricane|p1a: Gliscor
|-damage|p1a: Gliscor|0 fnt
|-damage|p2a: Tornadus|81/100|[from] item: Life Orb
|faint|p1a: Gliscor
|
|upkeep
|
|switch|p1a: Excadrill|Excadrill, M|100/100
|-ability|p1a: Excadrill|Mold Breaker
|turn|3
|
|move|p1a: Excadrill|Rock Slide|p2a: Tornadus
|-supereffective|p2a: Tornadus
|-damage|p2a: Tornadus|4/100
|move|p2a: Tornadus|Focus Blast|p1a: Excadrill
|-supereffective|p1a: Excadrill
|-damage|p1a: Excadrill|0 fnt
|-damage|p2a: Tornadus|0 fnt|[from] item: Life Orb
|faint|p1a: Excadrill
|faint|p2a: Tornadus
|
|upkeep
|
|switch|p2a: Keldeo|Keldeo|100/100
|switch|p1a: Ferrothorn|Ferrothorn, M|100/100
|turn|4
|
|move|p1a: Ferrothorn|Protect|p1a: Ferrothorn
|-singleturn|p1a: Ferrothorn|Protect
|move|p2a: Keldeo|Focus Blast|p1a: Ferrothorn
|-activate|p1a: Ferrothorn|move: Protect
|
|upkeep
|turn|5
|
|move|p2a: Keldeo|Focus Blast|p1a: Ferrothorn
|-supereffective|p1a: Ferrothorn
|-damage|p1a: Ferrothorn|0 fnt
|faint|p1a: Ferrothorn
|
|upkeep
|
|switch|p1a: Gastrodon|Gastrodon-East, F|100/100
|turn|6
|n|☆ThelordofbadRNG|thelordofbadrng
|
|move|p2a: Keldeo|Focus Blast|p1a: Gastrodon
|-damage|p1a: Gastrodon|15/100
|move|p1a: Gastrodon|Scald|p2a: Keldeo
|-resisted|p2a: Keldeo
|-damage|p2a: Keldeo|85/100
|-status|p2a: Keldeo|brn
|
|-heal|p1a: Gastrodon|21/100|[from] item: Leftovers
|-damage|p2a: Keldeo|72/100 brn|[from] brn
|upkeep
|turn|7
|
|move|p2a: Keldeo|Focus Blast|p1a: Gastrodon
|-damage|p1a: Gastrodon|0 fnt
|faint|p1a: Gastrodon
|
|-damage|p2a: Keldeo|60/100 brn|[from] brn
|upkeep
|c|☆Jalladeful|bad RNG my ass
|
|switch|p1a: Tyranitar|Tyranitar, F|100/100
|-weather|Sandstorm|[from] ability: Sand Stream|[of] p1a: Tyranitar
|turn|8
|
|move|p2a: Keldeo|Focus Blast|p1a: Tyranitar
|-supereffective|p1a: Tyranitar
|-enditem|p1a: Tyranitar|Chople Berry|[eat]
|-enditem|p1a: Tyranitar|Chople Berry|[weaken]
|-damage|p1a: Tyranitar|14/100
|move|p1a: Tyranitar|Flamethrower|p2a: Keldeo
|-resisted|p2a: Keldeo
|-damage|p2a: Keldeo|48/100 brn
|
|-weather|Sandstorm|[upkeep]
|-damage|p2a: Keldeo|42/100 brn|[from] Sandstorm
|-damage|p2a: Keldeo|30/100 brn|[from] brn
|upkeep
|turn|9
|
|move|p2a: Keldeo|Focus Blast|p1a: Tyranitar
|-supereffective|p1a: Tyranitar
|-damage|p1a: Tyranitar|0 fnt
|faint|p1a: Tyranitar
|
|win|ThelordofbadRNG
|raw|Jalladeful's rating: 1358 &rarr; <strong>1338</strong><br />(-20 for losing)
|raw|ThelordofbadRNG's rating: 1371 &rarr; <strong>1390</strong><br />(+19 for winning)
|l|☆Jalladeful
|l|☆ThelordofbadRNG
|j|☆ThelordofbadRNG
|player|p2|ThelordofbadRNG|anabel
