|j|☆Radaty
|j|☆wuwuuwuuwuwuw
|t:|1596640527
|player|p1|Radaty|265|1469
|player|p2|wuwuuwuuwuwuw|ash|1318
|teamsize|p1|6
|teamsize|p2|6
|gametype|singles
|gen|5
|tier|[Gen 5] OU
|rated|
|clearpoke
|poke|p1|Politoed, M|item
|poke|p1|Tornadus, M|item
|poke|p1|Thundurus-Therian, M|item
|poke|p1|Xatu, M|item
|poke|p1|Jirachi|item
|poke|p1|Chansey, F|item
|poke|p2|Politoed, M|item
|poke|p2|Jirachi|item
|poke|p2|Kyurem-Black|item
|poke|p2|Thundurus-Therian, M|item
|poke|p2|Donphan, M|item
|poke|p2|Keldeo|item
|rule|Species Clause: Limit one of each Pokémon
|rule|OHKO Clause: OHKO moves are banned
|rule|Moody Clause: Moody is banned
|rule|Evasion Moves Clause: Evasion moves are banned
|rule|Endless Battle Clause: Forcing endless battles is banned
|rule|HP Percentage Mod: HP is shown in percentages
|rule|Evasion Abilities Clause: Evasion abilities are banned
|rule|Baton Pass Clause: Limit one Baton Passer, can't pass Spe and other stats simultaneously
|rule|Sleep Clause: Sleep-inducing moves are banned
|rule|Swagger Clause: Swagger is banned
|teampreview
|j| sup city
|c| sup city|啥时候上榜
|
|t:|1596640549
|start
|switch|p1a: Politoed|Politoed, M|100/100
|switch|p2a: Jirachi|Jirachi|100/100
|-weather|RainDance|[from] ability: Drizzle|[of] p1a: Politoed
|turn|1
|c|☆wuwuuwuuwuwuw|太菜了上不去
|
|t:|1596640566
|move|p2a: Jirachi|Wish|p2a: Jirachi
|move|p1a: Politoed|Hydro Pump|p2a: Jirachi|[miss]
|-miss|p1a: Politoed|p2a: Jirachi
|
|-weather|RainDance|[upkeep]
|upkeep
|turn|2
|
|t:|1596640570
|move|p2a: Jirachi|Body Slam|p1a: Politoed
|-damage|p1a: Politoed|85/100
|-status|p1a: Politoed|par
|cant|p1a: Politoed|par
|
|-weather|RainDance|[upkeep]
|-heal|p1a: Politoed|92/100 par|[from] item: Leftovers
|upkeep
|turn|3
|c| sup city|k4后面就能上了
|
|t:|1596640579
|switch|p1a: Jirachi|Jirachi|100/100
|move|p2a: Jirachi|Wish|p2a: Jirachi
|
|-weather|RainDance|[upkeep]
|upkeep
|turn|4
|c| sup city|你应该快了
|
|t:|1596640584
|move|p2a: Jirachi|Body Slam|p1a: Jirachi
|-resisted|p1a: Jirachi
|-damage|p1a: Jirachi|93/100
|-status|p1a: Jirachi|par
|move|p1a: Jirachi|Substitute|p1a: Jirachi
|-start|p1a: Jirachi|Substitute
|-damage|p1a: Jirachi|68/100 par
|
|-weather|RainDance|[upkeep]
|-heal|p1a: Jirachi|74/100 par|[from] item: Leftovers
|upkeep
|turn|5
|
|t:|1596640593
|move|p2a: Jirachi|Wish|p2a: Jirachi
|move|p1a: Jirachi|Calm Mind|p1a: Jirachi
|-boost|p1a: Jirachi|spa|1
|-boost|p1a: Jirachi|spd|1
|
|-weather|RainDance|[upkeep]
|-heal|p1a: Jirachi|80/100 par|[from] item: Leftovers
|upkeep
|turn|6
|
|t:|1596640608
|switch|p2a: Thundurus|Thundurus-Therian, M|100/100
|move|p1a: Jirachi|Calm Mind|p1a: Jirachi
|-boost|p1a: Jirachi|spa|1
|-boost|p1a: Jirachi|spd|1
|
|-weather|RainDance|[upkeep]
|-heal|p1a: Jirachi|86/100 par|[from] item: Leftovers
|upkeep
|turn|7
|c|☆wuwuuwuuwuwuw|完了
|
|t:|1596640625
|move|p2a: Thundurus|Thunder|p1a: Jirachi
|-activate|p1a: Jirachi|Substitute|[damage]
|move|p1a: Jirachi|Water Pulse|p2a: Thundurus
|-damage|p2a: Thundurus|49/100
|-start|p2a: Thundurus|confusion
|
|-weather|RainDance|[upkeep]
|-heal|p1a: Jirachi|92/100 par|[from] item: Leftovers
|upkeep
|turn|8
|
|t:|1596640630
|-activate|p2a: Thundurus|confusion
|move|p2a: Thundurus|Thunder|p1a: Jirachi
|-end|p1a: Jirachi|Substitute
|move|p1a: Jirachi|Water Pulse|p2a: Thundurus
|-damage|p2a: Thundurus|0 fnt
|faint|p2a: Thundurus
|
|-weather|RainDance|[upkeep]
|-heal|p1a: Jirachi|99/100 par|[from] item: Leftovers
|upkeep
|
|t:|1596640634
|switch|p2a: Kyurem|Kyurem-Black|100/100
|-ability|p2a: Kyurem|Teravolt
|turn|9
|c|☆wuwuuwuuwuwuw|t
|l|☆wuwuuwuuwuwuw
|player|p2|
|l| sup city
|j|☆wuwuuwuuwuwuw
|player|p2|wuwuuwuuwuwuw|ash
|
|t:|1596640723
|move|p2a: Kyurem|Substitute|p2a: Kyurem
|-start|p2a: Kyurem|Substitute
|-damage|p2a: Kyurem|75/100
|move|p1a: Jirachi|Thunder|p2a: Kyurem
|-resisted|p2a: Kyurem
|-end|p2a: Kyurem|Substitute
|
|-weather|RainDance|[upkeep]
|-heal|p2a: Kyurem|82/100|[from] item: Leftovers
|-heal|p1a: Jirachi|100/100 par|[from] item: Leftovers
|upkeep
|turn|10
|
|t:|1596640736
|move|p2a: Kyurem|Earth Power|p1a: Jirachi
|-supereffective|p1a: Jirachi
|-damage|p1a: Jirachi|80/100 par
|move|p1a: Jirachi|Thunder|p2a: Kyurem
|-resisted|p2a: Kyurem
|-damage|p2a: Kyurem|56/100
|-status|p2a: Kyurem|par
|
|-weather|RainDance|[upkeep]
|-heal|p2a: Kyurem|62/100 par|[from] item: Leftovers
|-heal|p1a: Jirachi|86/100 par|[from] item: Leftovers
|upkeep
|turn|11
|
|t:|1596640743
|cant|p2a: Kyurem|par
|move|p1a: Jirachi|Water Pulse|p2a: Kyurem
|-resisted|p2a: Kyurem
|-damage|p2a: Kyurem|44/100 par
|
|-weather|RainDance|[upkeep]
|-heal|p2a: Kyurem|50/100 par|[from] item: Leftovers
|-heal|p1a: Jirachi|92/100 par|[from] item: Leftovers
|upkeep
|turn|12
|
|t:|1596640747
|cant|p2a: Kyurem|par
|cant|p1a: Jirachi|par
|
|-weather|RainDance|[upkeep]
|-heal|p2a: Kyurem|56/100 par|[from] item: Leftovers
|-heal|p1a: Jirachi|98/100 par|[from] item: Leftovers
|upkeep
|turn|13
|
|t:|1596640751
|move|p2a: Kyurem|Fusion Bolt|p1a: Jirachi
|-crit|p1a: Jirachi
|-damage|p1a: Jirachi|32/100 par
|move|p1a: Jirachi|Water Pulse|p2a: Kyurem
|-resisted|p2a: Kyurem
|-crit|p2a: Kyurem
|-damage|p2a: Kyurem|20/100 par
|
|-weather|RainDance|[upkeep]
|-heal|p2a: Kyurem|26/100 par|[from] item: Leftovers
|-heal|p1a: Jirachi|38/100 par|[from] item: Leftovers
|upkeep
|turn|14
|
|t:|1596640760
|move|p2a: Kyurem|Fusion Bolt|p1a: Jirachi
|-damage|p1a: Jirachi|9/100 par
|move|p1a: Jirachi|Water Pulse|p2a: Kyurem
|-resisted|p2a: Kyurem
|-damage|p2a: Kyurem|7/100 par
|
|-weather|RainDance|[upkeep]
|-heal|p2a: Kyurem|13/100 par|[from] item: Leftovers
|-heal|p1a: Jirachi|15/100 par|[from] item: Leftovers
|upkeep
|turn|15
|c|☆wuwuuwuuwuwuw|nmsl
|c|☆wuwuuwuuwuwuw|luckynoob
|
|t:|1596640770
|move|p2a: Kyurem|Fusion Bolt|p1a: Jirachi
|-crit|p1a: Jirachi
|-damage|p1a: Jirachi|0 fnt
|faint|p1a: Jirachi
|
|-weather|RainDance|[upkeep]
|-heal|p2a: Kyurem|19/100 par|[from] item: Leftovers
|upkeep
|
|t:|1596640773
|switch|p1a: Thundurus|Thundurus-Therian, M|100/100
|turn|16
|
|t:|1596640782
|move|p1a: Thundurus|Focus Blast|p2a: Kyurem|[miss]
|-miss|p1a: Thundurus|p2a: Kyurem
|move|p2a: Kyurem|Ice Beam|p1a: Thundurus
|-supereffective|p1a: Thundurus
|-damage|p1a: Thundurus|0 fnt
|faint|p1a: Thundurus
|
|-weather|RainDance|[upkeep]
|-heal|p2a: Kyurem|25/100 par|[from] item: Leftovers
|upkeep
|
|t:|1596640788
|switch|p1a: Tornadus|Tornadus, M|100/100
|turn|17
|
|t:|1596640797
|move|p1a: Tornadus|Hurricane|p2a: Kyurem
|-damage|p2a: Kyurem|0 fnt
|faint|p2a: Kyurem
|
|-weather|RainDance|[upkeep]
|upkeep
|
|t:|1596640807
|switch|p2a: Politoed|Politoed, M|100/100
|turn|18
|
|t:|1596640812
|switch|p1a: Chansey|Chansey, F|100/100
|move|p2a: Politoed|Ice Beam|p1a: Chansey
|-damage|p1a: Chansey|90/100
|-status|p1a: Chansey|frz
|
|-weather|RainDance|[upkeep]
|upkeep
|turn|19
|c|☆wuwuuwuuwuwuw|oh
|c|☆wuwuuwuuwuwuw|i am lucky noob
|
|t:|1596640824
|switch|p2a: Keldeo|Keldeo|100/100
|switch|p1a: Politoed|Politoed, M|92/100 par
|
|-weather|RainDance|[upkeep]
|-heal|p1a: Politoed|98/100 par|[from] item: Leftovers
|upkeep
|turn|20
|c|☆wuwuuwuuwuwuw|有狗
|
|t:|1596640832
|switch|p2a: Jirachi|Jirachi|100/100
|move|p1a: Politoed|Toxic|p2a: Jirachi|[miss]
|-miss|p1a: Politoed|p2a: Jirachi
|
|-weather|RainDance|[upkeep]
|-heal|p1a: Politoed|100/100 par|[from] item: Leftovers
|upkeep
|turn|21
|c|☆wuwuuwuuwuwuw|哎哟忘记换号了
|
|t:|1596640840
|move|p2a: Jirachi|Wish|p2a: Jirachi
|move|p1a: Politoed|Hydro Pump|p2a: Jirachi
|-damage|p2a: Jirachi|68/100
|
|-weather|RainDance|[upkeep]
|-heal|p2a: Jirachi|75/100|[from] item: Leftovers
|upkeep
|turn|22
|
|t:|1596640857
|move|p2a: Jirachi|Iron Head|p1a: Politoed
|-resisted|p1a: Politoed
|-damage|p1a: Politoed|89/100 par
|cant|p1a: Politoed|par
|
|-weather|RainDance|[upkeep]
|-heal|p2a: Jirachi|100/100|[from] move: Wish|[wisher] Jirachi
|-heal|p1a: Politoed|95/100 par|[from] item: Leftovers
|upkeep
|turn|23
|
|t:|1596640867
|move|p2a: Jirachi|Iron Head|p1a: Politoed
|-resisted|p1a: Politoed
|-damage|p1a: Politoed|84/100 par
|cant|p1a: Politoed|par
|
|-weather|RainDance|[upkeep]
|-heal|p1a: Politoed|90/100 par|[from] item: Leftovers
|upkeep
|turn|24
|
|t:|1596640873
|move|p2a: Jirachi|Iron Head|p1a: Politoed
|-resisted|p1a: Politoed
|-damage|p1a: Politoed|79/100 par
|cant|p1a: Politoed|flinch
|
|-weather|RainDance|[upkeep]
|-heal|p1a: Politoed|85/100 par|[from] item: Leftovers
|upkeep
|turn|25
|
|t:|1596640878
|move|p2a: Jirachi|Iron Head|p1a: Politoed
|-resisted|p1a: Politoed
|-damage|p1a: Politoed|73/100 par
|cant|p1a: Politoed|flinch
|
|-weather|RainDance|[upkeep]
|-heal|p1a: Politoed|79/100 par|[from] item: Leftovers
|upkeep
|turn|26
|
|t:|1596640883
|move|p2a: Jirachi|Iron Head|p1a: Politoed
|-resisted|p1a: Politoed
|-damage|p1a: Politoed|69/100 par
|move|p1a: Politoed|Ice Beam|p2a: Jirachi
|-resisted|p2a: Jirachi
|-damage|p2a: Jirachi|94/100
|
|-weather|RainDance|[upkeep]
|-heal|p2a: Jirachi|99/100|[from] item: Leftovers
|-heal|p1a: Politoed|75/100 par|[from] item: Leftovers
|upkeep
|turn|27
|
|t:|1596640891
|move|p2a: Jirachi|Body Slam|p1a: Politoed
|-damage|p1a: Politoed|59/100 par
|move|p1a: Politoed|Ice Beam|p2a: Jirachi
|-resisted|p2a: Jirachi
|-damage|p2a: Jirachi|94/100
|
|-weather|RainDance|[upkeep]
|-heal|p2a: Jirachi|99/100|[from] item: Leftovers
|-heal|p1a: Politoed|65/100 par|[from] item: Leftovers
|upkeep
|turn|28
|
|t:|1596640897
|move|p2a: Jirachi|Body Slam|p1a: Politoed
|-damage|p1a: Politoed|48/100 par
|move|p1a: Politoed|Hydro Pump|p2a: Jirachi
|-damage|p2a: Jirachi|65/100
|
|-weather|RainDance|[upkeep]
|-heal|p2a: Jirachi|71/100|[from] item: Leftovers
|-heal|p1a: Politoed|54/100 par|[from] item: Leftovers
|upkeep
|turn|29
|
|t:|1596640905
|move|p2a: Jirachi|Iron Head|p1a: Politoed
|-resisted|p1a: Politoed
|-damage|p1a: Politoed|43/100 par
|cant|p1a: Politoed|flinch
|
|-weather|RainDance|[upkeep]
|-heal|p2a: Jirachi|77/100|[from] item: Leftovers
|-heal|p1a: Politoed|49/100 par|[from] item: Leftovers
|upkeep
|turn|30
|
|t:|1596640911
|move|p2a: Jirachi|Iron Head|p1a: Politoed
|-resisted|p1a: Politoed
|-damage|p1a: Politoed|37/100 par
|cant|p1a: Politoed|flinch
|
|-weather|RainDance|[upkeep]
|-heal|p2a: Jirachi|83/100|[from] item: Leftovers
|-heal|p1a: Politoed|43/100 par|[from] item: Leftovers
|upkeep
|turn|31
|
|t:|1596640916
|move|p2a: Jirachi|Body Slam|p1a: Politoed
|-damage|p1a: Politoed|28/100 par
|move|p1a: Politoed|Hydro Pump|p2a: Jirachi
|-damage|p2a: Jirachi|48/100
|
|-weather|RainDance|[upkeep]
|-heal|p2a: Jirachi|54/100|[from] item: Leftovers
|-heal|p1a: Politoed|34/100 par|[from] item: Leftovers
|upkeep
|turn|32
|
|t:|1596640922
|move|p2a: Jirachi|Iron Head|p1a: Politoed
|-resisted|p1a: Politoed
|-damage|p1a: Politoed|22/100 par
|cant|p1a: Politoed|flinch
|
|-weather|RainDance|[upkeep]
|-heal|p2a: Jirachi|60/100|[from] item: Leftovers
|-heal|p1a: Politoed|28/100 par|[from] item: Leftovers
|upkeep
|turn|33
|
|t:|1596640929
|move|p2a: Jirachi|Iron Head|p1a: Politoed
|-resisted|p1a: Politoed
|-damage|p1a: Politoed|17/100 par
|move|p1a: Politoed|Hydro Pump|p2a: Jirachi|[miss]
|-miss|p1a: Politoed|p2a: Jirachi
|
|-weather|RainDance|[upkeep]
|-heal|p2a: Jirachi|66/100|[from] item: Leftovers
|-heal|p1a: Politoed|24/100 par|[from] item: Leftovers
|upkeep
|turn|34
|
|t:|1596640935
|move|p2a: Jirachi|Iron Head|p1a: Politoed
|-resisted|p1a: Politoed
|-damage|p1a: Politoed|13/100 par
|cant|p1a: Politoed|flinch
|
|-weather|RainDance|[upkeep]
|-heal|p2a: Jirachi|72/100|[from] item: Leftovers
|-heal|p1a: Politoed|19/100 par|[from] item: Leftovers
|upkeep
|turn|35
|
|t:|1596640939
|move|p2a: Jirachi|Iron Head|p1a: Politoed
|-resisted|p1a: Politoed
|-damage|p1a: Politoed|7/100 par
|cant|p1a: Politoed|flinch
|
|-weather|RainDance|[upkeep]
|-heal|p2a: Jirachi|78/100|[from] item: Leftovers
|-heal|p1a: Politoed|14/100 par|[from] item: Leftovers
|upkeep
|turn|36
|
|t:|1596640944
|move|p2a: Jirachi|Body Slam|p1a: Politoed
|-damage|p1a: Politoed|0 fnt
|faint|p1a: Politoed
|
|-weather|RainDance|[upkeep]
|-heal|p2a: Jirachi|85/100|[from] item: Leftovers
|upkeep
|c|☆wuwuuwuuwuwuw|不错
|
|t:|1596640948
|switch|p1a: Tornadus|Tornadus, M|100/100
|turn|37
|
|t:|1596640951
|move|p1a: Tornadus|Focus Blast|p2a: Jirachi
|-damage|p2a: Jirachi|46/100
|move|p2a: Jirachi|Body Slam|p1a: Tornadus
|-damage|p1a: Tornadus|72/100
|
|-weather|RainDance|[upkeep]
|-heal|p2a: Jirachi|52/100|[from] item: Leftovers
|upkeep
|turn|38
|j| old_zhiming
|
|t:|1596640957
|move|p2a: Jirachi|Protect|p2a: Jirachi
|-singleturn|p2a: Jirachi|Protect
|move|p1a: Tornadus|Focus Blast|p2a: Jirachi
|-activate|p2a: Jirachi|move: Protect
|
|-weather|RainDance|[upkeep]
|-heal|p2a: Jirachi|58/100|[from] item: Leftovers
|upkeep
|turn|39
|
|t:|1596640966
|move|p1a: Tornadus|Focus Blast|p2a: Jirachi
|-damage|p2a: Jirachi|24/100
|move|p2a: Jirachi|Wish|p2a: Jirachi
|
|-weather|RainDance|[upkeep]
|-heal|p2a: Jirachi|30/100|[from] item: Leftovers
|upkeep
|turn|40
|c|☆wuwuuwuuwuwuw|哈哈
|c|☆wuwuuwuuwuwuw|我就是狗
|c|☆wuwuuwuuwuwuw|才知道啊
|
|t:|1596641002
|switch|p1a: Xatu|Xatu, M|100/100
|move|p2a: Jirachi|Protect||[still]
|-fail|p2a: Jirachi
|
|-weather|RainDance|[upkeep]
|-heal|p2a: Jirachi|80/100|[from] move: Wish|[wisher] Jirachi
|-heal|p2a: Jirachi|86/100|[from] item: Leftovers
|upkeep
|turn|41
|
|t:|1596641008
|move|p2a: Jirachi|Body Slam|p1a: Xatu
|-damage|p1a: Xatu|83/100
|move|p1a: Xatu|Thunder Wave|p2a: Jirachi
|-status|p2a: Jirachi|par
|
|-weather|RainDance|[upkeep]
|-heal|p1a: Xatu|89/100|[from] item: Leftovers
|-heal|p2a: Jirachi|92/100 par|[from] item: Leftovers
|upkeep
|turn|42
|
|t:|1596641019
|move|p1a: Xatu|Night Shade|p2a: Jirachi
|-damage|p2a: Jirachi|67/100 par
|move|p2a: Jirachi|Body Slam|p1a: Xatu
|-damage|p1a: Xatu|71/100
|-status|p1a: Xatu|par
|
|-weather|RainDance|[upkeep]
|-heal|p2a: Jirachi|74/100 par|[from] item: Leftovers
|-heal|p1a: Xatu|77/100 par|[from] item: Leftovers
|upkeep
|turn|43
|
|t:|1596641025
|cant|p2a: Jirachi|par
|move|p1a: Xatu|Night Shade|p2a: Jirachi
|-damage|p2a: Jirachi|49/100 par
|
|-weather|RainDance|[upkeep]
|-heal|p2a: Jirachi|55/100 par|[from] item: Leftovers
|-heal|p1a: Xatu|83/100 par|[from] item: Leftovers
|upkeep
|turn|44
|
|t:|1596641031
|move|p2a: Jirachi|Protect|p2a: Jirachi
|-singleturn|p2a: Jirachi|Protect
|move|p1a: Xatu|Night Shade|p2a: Jirachi
|-activate|p2a: Jirachi|move: Protect
|
|-weather|RainDance|[upkeep]
|-heal|p2a: Jirachi|61/100 par|[from] item: Leftovers
|-heal|p1a: Xatu|89/100 par|[from] item: Leftovers
|upkeep
|turn|45
|
|t:|1596641036
|move|p2a: Jirachi|Wish|p2a: Jirachi
|move|p1a: Xatu|Night Shade|p2a: Jirachi
|-damage|p2a: Jirachi|36/100 par
|
|-weather|RainDance|[upkeep]
|-heal|p2a: Jirachi|43/100 par|[from] item: Leftovers
|-heal|p1a: Xatu|95/100 par|[from] item: Leftovers
|upkeep
|turn|46
|
|t:|1596641042
|move|p2a: Jirachi|Iron Head|p1a: Xatu
|-damage|p1a: Xatu|70/100 par
|cant|p1a: Xatu|flinch
|
|-weather|RainDance|[upkeep]
|-heal|p2a: Jirachi|93/100 par|[from] move: Wish|[wisher] Jirachi
|-heal|p2a: Jirachi|99/100 par|[from] item: Leftovers
|-heal|p1a: Xatu|76/100 par|[from] item: Leftovers
|upkeep
|turn|47
|
|t:|1596641048
|cant|p2a: Jirachi|par
|move|p1a: Xatu|Roost|p1a: Xatu
|-heal|p1a: Xatu|100/100 par
|-singleturn|p1a: Xatu|move: Roost
|
|-weather|RainDance|[upkeep]
|-heal|p2a: Jirachi|100/100 par|[from] item: Leftovers
|upkeep
|turn|48
|l| old_zhiming
|
|t:|1596641060
|move|p2a: Jirachi|Iron Head|p1a: Xatu
|-damage|p1a: Xatu|76/100 par
|move|p1a: Xatu|Night Shade|p2a: Jirachi
|-damage|p2a: Jirachi|76/100 par
|
|-weather|RainDance|[upkeep]
|-heal|p2a: Jirachi|82/100 par|[from] item: Leftovers
|-heal|p1a: Xatu|82/100 par|[from] item: Leftovers
|upkeep
|turn|49
|
|t:|1596641065
|move|p2a: Jirachi|Iron Head|p1a: Xatu
|-damage|p1a: Xatu|59/100 par
|move|p1a: Xatu|Night Shade|p2a: Jirachi
|-damage|p2a: Jirachi|57/100 par
|
|-weather|RainDance|[upkeep]
|-heal|p2a: Jirachi|63/100 par|[from] item: Leftovers
|-heal|p1a: Xatu|65/100 par|[from] item: Leftovers
|upkeep
|turn|50
|
|t:|1596641071
|move|p2a: Jirachi|Iron Head|p1a: Xatu
|-damage|p1a: Xatu|38/100 par
|cant|p1a: Xatu|flinch
|
|-weather|RainDance|[upkeep]
|-heal|p2a: Jirachi|70/100 par|[from] item: Leftovers
|-heal|p1a: Xatu|44/100 par|[from] item: Leftovers
|upkeep
|turn|51
|
|t:|1596641075
|move|p2a: Jirachi|Iron Head|p1a: Xatu
|-damage|p1a: Xatu|17/100 par
|cant|p1a: Xatu|flinch
|
|-weather|RainDance|[upkeep]
|-heal|p2a: Jirachi|76/100 par|[from] item: Leftovers
|-heal|p1a: Xatu|23/100 par|[from] item: Leftovers
|upkeep
|turn|52
|
|t:|1596641080
|move|p2a: Jirachi|Iron Head|p1a: Xatu
|-damage|p1a: Xatu|0 fnt
|faint|p1a: Xatu
|
|-weather|RainDance|[upkeep]
|-heal|p2a: Jirachi|82/100 par|[from] item: Leftovers
|upkeep
|
|t:|1596641082
|switch|p1a: Tornadus|Tornadus, M|72/100
|turn|53
|c|☆wuwuuwuuwuwuw|不错
|
|t:|1596641088
|move|p1a: Tornadus|Hurricane|p2a: Jirachi
|-resisted|p2a: Jirachi
|-damage|p2a: Jirachi|55/100 par
|move|p2a: Jirachi|Wish|p2a: Jirachi
|
|-weather|RainDance|[upkeep]
|-heal|p2a: Jirachi|61/100 par|[from] item: Leftovers
|upkeep
|turn|54
|
|t:|1596641094
|move|p1a: Tornadus|Hurricane|p2a: Jirachi
|-resisted|p2a: Jirachi
|-crit|p2a: Jirachi
|-damage|p2a: Jirachi|6/100 par
|move|p2a: Jirachi|Body Slam|p1a: Tornadus
|-damage|p1a: Tornadus|44/100
|-status|p1a: Tornadus|par
|
|-weather|RainDance|[upkeep]
|-heal|p2a: Jirachi|56/100 par|[from] move: Wish|[wisher] Jirachi
|-heal|p2a: Jirachi|62/100 par|[from] item: Leftovers
|upkeep
|turn|55
|
|t:|1596641110
|move|p1a: Tornadus|Hurricane|p2a: Jirachi
|-resisted|p2a: Jirachi
|-crit|p2a: Jirachi
|-damage|p2a: Jirachi|4/100 par
|move|p2a: Jirachi|Wish|p2a: Jirachi
|
|-weather|RainDance|[upkeep]
|-heal|p2a: Jirachi|11/100 par|[from] item: Leftovers
|upkeep
|turn|56
|
|t:|1596641117
|move|p2a: Jirachi|Protect|p2a: Jirachi
|-singleturn|p2a: Jirachi|Protect
|move|p1a: Tornadus|Hurricane|p2a: Jirachi
|-activate|p2a: Jirachi|move: Protect
|
|-weather|RainDance|[upkeep]
|-heal|p2a: Jirachi|61/100 par|[from] move: Wish|[wisher] Jirachi
|-heal|p2a: Jirachi|67/100 par|[from] item: Leftovers
|upkeep
|turn|57
|
|t:|1596641121
|move|p1a: Tornadus|Hurricane|p2a: Jirachi
|-resisted|p2a: Jirachi
|-damage|p2a: Jirachi|39/100 par
|-start|p2a: Jirachi|confusion
|-activate|p2a: Jirachi|confusion
|move|p2a: Jirachi|Wish|p2a: Jirachi
|
|-weather|RainDance|[upkeep]
|-heal|p2a: Jirachi|46/100 par|[from] item: Leftovers
|upkeep
|turn|58
|-message|Radaty forfeited.
|
|win|wuwuuwuuwuwuw
|l|☆Radaty
|player|p2|wuwuuwuuwuwuw|ash
|raw|Radaty's rating: 1469 &rarr; <strong>1441</strong><br />(-28 for losing)
|raw|wuwuuwuuwuwuw's rating: 1318 &rarr; <strong>1347</strong><br />(+29 for winning)
