|j|‽TryhardTris
|j|☆ILoveTeamPreview
|t:|1709411303
|gametype|singles
|player|p1|TryhardTris|blue-masters|1355
|player|p2|ILoveTeamPreview|brycen|1598
|teamsize|p1|6
|teamsize|p2|6
|gen|5
|tier|[Gen 5] OU
|rated|
|rule|Species Clause: Limit one of each Pokémon
|rule|OHKO Clause: OHKO moves are banned
|rule|Moody Clause: Moody is banned
|rule|Evasion Items Clause: Evasion items are banned
|rule|Evasion Moves Clause: Evasion moves are banned
|rule|Endless Battle Clause: Forcing endless battles is banned
|rule|HP Percentage Mod: HP is shown in percentages
|rule|Evasion Abilities Clause: Evasion abilities are banned
|rule|Sleep Moves Clause: Sleep-inducing moves are banned
|rule|Swagger Clause: Swagger is banned
|rule|Baton Pass Stat Clause: No Baton Passer may have a way to boost its stats
|clearpoke
|poke|p1|Keldeo|item
|poke|p1|Tentacruel, F|item
|poke|p1|Landorus-Therian, M|item
|poke|p1|Ferrothorn, M|item
|poke|p1|Politoed, F|item
|poke|p1|Latios, M|item
|poke|p2|Ninetales, F|item
|poke|p2|Infernape, M|item
|poke|p2|Victini|item
|poke|p2|Latios, M|item
|poke|p2|Gliscor, F|item
|poke|p2|Excadrill, F|item
|teampreview
|inactive|Battle timer is ON: inactive players will automatically lose when time's up. (requested by ILoveTeamPreview)
|
|t:|1709411315
|start
|switch|p1a: Politoed|Politoed, F|100/100
|switch|p2a: Latios|Latios, M|100/100
|-weather|RainDance|[from] ability: Drizzle|[of] p1a: Politoed
|turn|1
|
|t:|1709411318
|move|p1a: Politoed|Protect|p1a: Politoed
|-singleturn|p1a: Politoed|Protect
|move|p2a: Latios|Trick|p1a: Politoed
|-activate|p1a: Politoed|move: Protect
|
|-weather|RainDance|[upkeep]
|upkeep
|turn|2
|
|t:|1709411329
|switch|p2a: Ninetales|Ninetales, F|100/100
|-weather|SunnyDay|[from] ability: Drought|[of] p2a: Ninetales
|move|p1a: Politoed|Toxic|p2a: Ninetales
|-status|p2a: Ninetales|tox
|
|-weather|SunnyDay|[upkeep]
|-damage|p2a: Ninetales|94/100 tox|[from] psn
|upkeep
|turn|3
|j| 123perejil123
|
|t:|1709411333
|move|p1a: Politoed|Protect|p1a: Politoed
|-singleturn|p1a: Politoed|Protect
|move|p2a: Ninetales|Will-O-Wisp|p1a: Politoed
|-activate|p1a: Politoed|move: Protect
|
|-weather|SunnyDay|[upkeep]
|-damage|p2a: Ninetales|82/100 tox|[from] psn
|upkeep
|turn|4
|
|t:|1709411337
|switch|p1a: Tentacruel|Tentacruel, F|100/100
|move|p2a: Ninetales|Will-O-Wisp|p1a: Tentacruel|[miss]
|-miss|p2a: Ninetales|p1a: Tentacruel
|
|-weather|SunnyDay|[upkeep]
|-damage|p2a: Ninetales|64/100 tox|[from] psn
|upkeep
|turn|5
|
|t:|1709411341
|switch|p1a: Politoed|Politoed, F|100/100
|-weather|RainDance|[from] ability: Drizzle|[of] p1a: Politoed
|move|p2a: Ninetales|Rest|p2a: Ninetales
|-status|p2a: Ninetales|slp|[from] move: Rest
|-heal|p2a: Ninetales|100/100 slp|[silent]
|-enditem|p2a: Ninetales|Chesto Berry|[eat]
|-curestatus|p2a: Ninetales|slp|[msg]
|
|-weather|RainDance|[upkeep]
|upkeep
|turn|6
|
|t:|1709411345
|move|p2a: Ninetales|Sunny Day|p2a: Ninetales
|-weather|SunnyDay
|move|p1a: Politoed|Scald|p2a: Ninetales
|-supereffective|p2a: Ninetales
|-damage|p2a: Ninetales|80/100
|
|-weather|SunnyDay|[upkeep]
|upkeep
|turn|7
|c| 123perejil123|cool team 6D
|
|t:|1709411351
|move|p2a: Ninetales|Will-O-Wisp|p1a: Politoed|[miss]
|-miss|p2a: Ninetales|p1a: Politoed
|move|p1a: Politoed|Toxic|p2a: Ninetales
|-status|p2a: Ninetales|tox
|
|-weather|SunnyDay|[upkeep]
|-damage|p2a: Ninetales|74/100 tox|[from] psn
|upkeep
|turn|8
|
|t:|1709411354
|switch|p1a: Tentacruel|Tentacruel, F|100/100
|move|p2a: Ninetales|Will-O-Wisp|p1a: Tentacruel
|-status|p1a: Tentacruel|brn
|
|-weather|SunnyDay|[upkeep]
|-damage|p2a: Ninetales|62/100 tox|[from] psn
|-damage|p1a: Tentacruel|88/100 brn|[from] brn
|upkeep
|turn|9
|
|t:|1709411356
|switch|p1a: Politoed|Politoed, F|100/100
|-weather|RainDance|[from] ability: Drizzle|[of] p1a: Politoed
|move|p2a: Ninetales|Rest|p2a: Ninetales
|-status|p2a: Ninetales|slp|[from] move: Rest
|-heal|p2a: Ninetales|100/100 slp|[silent]
|
|-weather|RainDance|[upkeep]
|upkeep
|turn|10
|
|t:|1709411359
|switch|p2a: Latios|Latios, M|100/100
|move|p1a: Politoed|Scald|p2a: Latios
|-resisted|p2a: Latios
|-damage|p2a: Latios|80/100
|
|-weather|RainDance|[upkeep]
|upkeep
|turn|11
|
|t:|1709411363
|switch|p1a: Ferrothorn|Ferrothorn, M|100/100
|move|p2a: Latios|Trick|p1a: Ferrothorn
|-activate|p2a: Latios|move: Trick|[of] p1a: Ferrothorn
|-item|p1a: Ferrothorn|Choice Scarf|[from] move: Trick
|-item|p2a: Latios|Leftovers|[from] move: Trick
|
|-weather|RainDance|[upkeep]
|-heal|p2a: Latios|86/100|[from] item: Leftovers
|upkeep
|turn|12
|
|t:|1709411368
|switch|p2a: Ninetales|Ninetales, F|100/100 slp
|-weather|SunnyDay|[from] ability: Drought|[of] p2a: Ninetales
|move|p1a: Ferrothorn|Knock Off|p2a: Ninetales
|-damage|p2a: Ninetales|95/100 slp
|
|-weather|SunnyDay|[upkeep]
|upkeep
|turn|13
|
|t:|1709411375
|switch|p2a: Latios|Latios, M|86/100
|switch|p1a: Politoed|Politoed, F|100/100
|-weather|RainDance|[from] ability: Drizzle|[of] p1a: Politoed
|
|-weather|RainDance|[upkeep]
|-heal|p2a: Latios|92/100|[from] item: Leftovers
|upkeep
|turn|14
|
|t:|1709411378
|move|p1a: Politoed|Protect|p1a: Politoed
|-singleturn|p1a: Politoed|Protect
|move|p2a: Latios|Calm Mind|p2a: Latios
|-boost|p2a: Latios|spa|1
|-boost|p2a: Latios|spd|1
|
|-weather|RainDance|[upkeep]
|-heal|p2a: Latios|98/100|[from] item: Leftovers
|upkeep
|turn|15
|
|t:|1709411381
|switch|p1a: Ferrothorn|Ferrothorn, M|100/100
|move|p2a: Latios|Draco Meteor|p1a: Ferrothorn
|-resisted|p1a: Ferrothorn
|-damage|p1a: Ferrothorn|67/100
|-unboost|p2a: Latios|spa|2
|
|-weather|RainDance|[upkeep]
|-heal|p2a: Latios|100/100|[from] item: Leftovers
|upkeep
|turn|16
|
|t:|1709411384
|switch|p2a: Ninetales|Ninetales, F|95/100 slp
|-weather|SunnyDay|[from] ability: Drought|[of] p2a: Ninetales
|move|p1a: Ferrothorn|Gyro Ball|p2a: Ninetales
|-resisted|p2a: Ninetales
|-damage|p2a: Ninetales|75/100 slp
|
|-weather|SunnyDay|[upkeep]
|upkeep
|turn|17
|
|t:|1709411388
|switch|p2a: Latios|Latios, M|100/100
|switch|p1a: Politoed|Politoed, F|100/100
|-weather|RainDance|[from] ability: Drizzle|[of] p1a: Politoed
|
|-weather|RainDance|[upkeep]
|upkeep
|turn|18
|
|t:|1709411393
|move|p1a: Politoed|Protect|p1a: Politoed
|-singleturn|p1a: Politoed|Protect
|move|p2a: Latios|Draco Meteor|p1a: Politoed
|-activate|p1a: Politoed|move: Protect
|
|-weather|RainDance|[upkeep]
|upkeep
|turn|19
|
|t:|1709411401
|switch|p1a: Ferrothorn|Ferrothorn, M|67/100
|move|p2a: Latios|Draco Meteor|p1a: Ferrothorn
|-resisted|p1a: Ferrothorn
|-damage|p1a: Ferrothorn|46/100
|-unboost|p2a: Latios|spa|2
|
|-weather|RainDance|[upkeep]
|upkeep
|turn|20
|
|t:|1709411413
|switch|p2a: Ninetales|Ninetales, F|75/100 slp
|-weather|SunnyDay|[from] ability: Drought|[of] p2a: Ninetales
|move|p1a: Ferrothorn|Spikes|p2a: Ninetales
|-sidestart|p2: ILoveTeamPreview|Spikes
|
|-weather|SunnyDay|[upkeep]
|upkeep
|turn|21
|
|t:|1709411418
|switch|p2a: Excadrill|Excadrill, F|100/100
|-damage|p2a: Excadrill|88/100|[from] Spikes
|-ability|p2a: Excadrill|Mold Breaker
|switch|p1a: Politoed|Politoed, F|100/100
|-weather|RainDance|[from] ability: Drizzle|[of] p1a: Politoed
|
|-weather|RainDance|[upkeep]
|-heal|p2a: Excadrill|94/100|[from] item: Leftovers
|upkeep
|turn|22
|
|t:|1709411426
|move|p2a: Excadrill|Toxic|p1a: Politoed
|-status|p1a: Politoed|tox
|move|p1a: Politoed|Scald|p2a: Excadrill
|-supereffective|p2a: Excadrill
|-damage|p2a: Excadrill|40/100
|-status|p2a: Excadrill|brn
|
|-weather|RainDance|[upkeep]
|-heal|p2a: Excadrill|46/100 brn|[from] item: Leftovers
|-damage|p1a: Politoed|94/100 tox|[from] psn
|-damage|p2a: Excadrill|34/100 brn|[from] brn
|upkeep
|turn|23
|j| Neighthan Trainer
|
|t:|1709411445
|switch|p2a: Ninetales|Ninetales, F|75/100 slp
|-damage|p2a: Ninetales|63/100 slp|[from] Spikes
|-weather|SunnyDay|[from] ability: Drought|[of] p2a: Ninetales
|switch|p1a: Landorus|Landorus-Therian, M|100/100
|-ability|p1a: Landorus|Intimidate|boost
|-unboost|p2a: Ninetales|atk|1
|
|-weather|SunnyDay|[upkeep]
|upkeep
|turn|24
|
|t:|1709411450
|switch|p2a: Gliscor|Gliscor, F|100/100
|move|p1a: Landorus|U-turn|p2a: Gliscor
|-resisted|p2a: Gliscor
|-damage|p2a: Gliscor|93/100
|
|t:|1709411477
|switch|p1a: Politoed|Politoed, F|94/100 tox|[from] U-turn
|-weather|RainDance|[from] ability: Drizzle|[of] p1a: Politoed
|
|-weather|RainDance|[upkeep]
|-heal|p1a: Politoed|100/100 tox|[from] item: Leftovers
|-damage|p1a: Politoed|94/100 tox|[from] psn
|-status|p2a: Gliscor|tox|[from] item: Toxic Orb
|upkeep
|turn|25
|
|t:|1709411480
|move|p2a: Gliscor|Protect|p2a: Gliscor
|-singleturn|p2a: Gliscor|Protect
|move|p1a: Politoed|Scald|p2a: Gliscor
|-activate|p2a: Gliscor|move: Protect
|
|-weather|RainDance|[upkeep]
|-heal|p1a: Politoed|100/100 tox|[from] item: Leftovers
|-heal|p2a: Gliscor|100/100 tox|[from] ability: Poison Heal
|-damage|p1a: Politoed|88/100 tox|[from] psn
|upkeep
|turn|26
|
|t:|1709411484
|switch|p2a: Latios|Latios, M|100/100
|move|p1a: Politoed|Scald|p2a: Latios
|-resisted|p2a: Latios
|-damage|p2a: Latios|81/100
|
|-weather|RainDance|[upkeep]
|-heal|p2a: Latios|87/100|[from] item: Leftovers
|-heal|p1a: Politoed|94/100 tox|[from] item: Leftovers
|-damage|p1a: Politoed|75/100 tox|[from] psn
|upkeep
|turn|27
|
|t:|1709411489
|switch|p1a: Ferrothorn|Ferrothorn, M|46/100
|move|p2a: Latios|Draco Meteor|p1a: Ferrothorn
|-resisted|p1a: Ferrothorn
|-damage|p1a: Ferrothorn|22/100
|-unboost|p2a: Latios|spa|2
|
|-weather|RainDance|[upkeep]
|-heal|p2a: Latios|93/100|[from] item: Leftovers
|upkeep
|turn|28
|
|t:|1709411504
|switch|p2a: Ninetales|Ninetales, F|63/100 slp
|-damage|p2a: Ninetales|51/100 slp|[from] Spikes
|-weather|SunnyDay|[from] ability: Drought|[of] p2a: Ninetales
|move|p1a: Ferrothorn|Knock Off|p2a: Ninetales
|-damage|p2a: Ninetales|45/100 slp
|
|-weather|SunnyDay|[upkeep]
|upkeep
|turn|29
|
|t:|1709411512
|switch|p2a: Infernape|Infernape, M|100/100
|-damage|p2a: Infernape|88/100|[from] Spikes
|switch|p1a: Landorus|Landorus-Therian, M|100/100
|-ability|p1a: Landorus|Intimidate|boost
|-unboost|p2a: Infernape|atk|1
|
|-weather|SunnyDay|[upkeep]
|upkeep
|turn|30
|
|t:|1709411518
|switch|p2a: Gliscor|Gliscor, F|100/100 tox
|move|p1a: Landorus|Earthquake|p2a: Gliscor
|-immune|p2a: Gliscor
|
|-weather|SunnyDay|[upkeep]
|upkeep
|turn|31
|
|t:|1709411522
|move|p1a: Landorus|Hidden Power|p2a: Gliscor
|-supereffective|p2a: Gliscor
|-damage|p2a: Gliscor|25/100 tox
|move|p2a: Gliscor|Earthquake|p1a: Landorus
|-immune|p1a: Landorus
|
|-weather|SunnyDay|[upkeep]
|-heal|p2a: Gliscor|38/100 tox|[from] ability: Poison Heal
|upkeep
|turn|32
|
|t:|1709411525
|move|p2a: Gliscor|Protect|p2a: Gliscor
|-singleturn|p2a: Gliscor|Protect
|move|p1a: Landorus|Hidden Power|p2a: Gliscor
|-activate|p2a: Gliscor|move: Protect
|
|-weather|SunnyDay|[upkeep]
|-heal|p2a: Gliscor|50/100 tox|[from] ability: Poison Heal
|upkeep
|turn|33
|
|t:|1709411529
|switch|p2a: Victini|Victini|100/100
|-damage|p2a: Victini|88/100|[from] Spikes
|move|p1a: Landorus|Hidden Power|p2a: Victini
|-resisted|p2a: Victini
|-damage|p2a: Victini|80/100
|
|-weather|SunnyDay|[upkeep]
|upkeep
|turn|34
|
|t:|1709411535
|switch|p1a: Politoed|Politoed, F|75/100 tox
|-weather|RainDance|[from] ability: Drizzle|[of] p1a: Politoed
|move|p2a: Victini|U-turn|p1a: Politoed
|-damage|p1a: Politoed|43/100 tox
|
|t:|1709411540
|switch|p2a: Infernape|Infernape, M|88/100|[from] U-turn
|-damage|p2a: Infernape|76/100|[from] Spikes
|
|-weather|RainDance|[upkeep]
|-heal|p1a: Politoed|49/100 tox|[from] item: Leftovers
|-damage|p1a: Politoed|43/100 tox|[from] psn
|upkeep
|turn|35
|
|t:|1709411549
|switch|p1a: Landorus|Landorus-Therian, M|100/100
|-ability|p1a: Landorus|Intimidate|boost
|-unboost|p2a: Infernape|atk|1
|move|p2a: Infernape|Close Combat|p1a: Landorus
|-resisted|p1a: Landorus
|-damage|p1a: Landorus|68/100
|-unboost|p2a: Infernape|def|1
|-unboost|p2a: Infernape|spd|1
|
|-weather|RainDance|[upkeep]
|-heal|p1a: Landorus|74/100|[from] item: Leftovers
|upkeep
|turn|36
|
|t:|1709411560
|switch|p2a: Latios|Latios, M|93/100
|move|p1a: Landorus|Stealth Rock|p2a: Latios
|-sidestart|p2: ILoveTeamPreview|move: Stealth Rock
|
|-weather|RainDance|[upkeep]
|-heal|p2a: Latios|99/100|[from] item: Leftovers
|-heal|p1a: Landorus|80/100|[from] item: Leftovers
|upkeep
|turn|37
|
|t:|1709411566
|switch|p1a: Ferrothorn|Ferrothorn, M|22/100
|move|p2a: Latios|Calm Mind|p2a: Latios
|-boost|p2a: Latios|spa|1
|-boost|p2a: Latios|spd|1
|
|-weather|RainDance|[upkeep]
|-heal|p2a: Latios|100/100|[from] item: Leftovers
|upkeep
|turn|38
|
|t:|1709411589
|move|p2a: Latios|Draco Meteor|p1a: Ferrothorn
|-resisted|p1a: Ferrothorn
|-damage|p1a: Ferrothorn|0 fnt
|-unboost|p2a: Latios|spa|2
|faint|p1a: Ferrothorn
|
|-weather|RainDance|[upkeep]
|upkeep
|
|t:|1709411592
|switch|p1a: Latios|Latios, M|100/100
|turn|39
|
|t:|1709411595
|move|p2a: Latios|Calm Mind|p2a: Latios
|-boost|p2a: Latios|spa|1
|-boost|p2a: Latios|spd|1
|move|p1a: Latios|Draco Meteor|p2a: Latios
|-supereffective|p2a: Latios
|-damage|p2a: Latios|0 fnt
|-unboost|p1a: Latios|spa|2
|faint|p2a: Latios
|
|-weather|RainDance|[upkeep]
|upkeep
|
|t:|1709411599
|switch|p2a: Ninetales|Ninetales, F|45/100 slp
|-damage|p2a: Ninetales|33/100 slp|[from] Spikes
|-damage|p2a: Ninetales|8/100 slp|[from] Stealth Rock
|-weather|SunnyDay|[from] ability: Drought|[of] p2a: Ninetales
|turn|40
|
|t:|1709411605
|switch|p1a: Politoed|Politoed, F|43/100 tox
|-weather|RainDance|[from] ability: Drizzle|[of] p1a: Politoed
|switch|p2a: Gliscor|Gliscor, F|50/100 tox
|-damage|p2a: Gliscor|38/100 tox|[from] Stealth Rock
|
|-weather|RainDance|[upkeep]
|-heal|p1a: Politoed|49/100 tox|[from] item: Leftovers
|-heal|p2a: Gliscor|50/100 tox|[from] ability: Poison Heal
|-damage|p1a: Politoed|43/100 tox|[from] psn
|upkeep
|turn|41
|inactive|TryhardTris has 120 seconds left.
|
|t:|1709411641
|switch|p1a: Landorus|Landorus-Therian, M|80/100
|-ability|p1a: Landorus|Intimidate|boost
|-unboost|p2a: Gliscor|atk|1
|move|p2a: Gliscor|Protect||[still]
|-fail|p2a: Gliscor
|
|-weather|RainDance|[upkeep]
|-heal|p1a: Landorus|87/100|[from] item: Leftovers
|-heal|p2a: Gliscor|63/100 tox|[from] ability: Poison Heal
|upkeep
|turn|42
|
|t:|1709411644
|move|p2a: Gliscor|Protect|p2a: Gliscor
|-singleturn|p2a: Gliscor|Protect
|move|p1a: Landorus|Hidden Power|p2a: Gliscor
|-activate|p2a: Gliscor|move: Protect
|
|-weather|RainDance|[upkeep]
|-heal|p1a: Landorus|93/100|[from] item: Leftovers
|-heal|p2a: Gliscor|75/100 tox|[from] ability: Poison Heal
|upkeep
|turn|43
|
|t:|1709411646
|move|p1a: Landorus|Hidden Power|p2a: Gliscor
|-supereffective|p2a: Gliscor
|-damage|p2a: Gliscor|7/100 tox
|move|p2a: Gliscor|Ice Fang|p1a: Landorus
|-supereffective|p1a: Landorus
|-damage|p1a: Landorus|48/100
|
|-weather|RainDance|[upkeep]
|-heal|p1a: Landorus|54/100|[from] item: Leftovers
|-heal|p2a: Gliscor|20/100 tox|[from] ability: Poison Heal
|upkeep
|turn|44
|
|t:|1709411652
|move|p1a: Landorus|Hidden Power|p2a: Gliscor
|-supereffective|p2a: Gliscor
|-damage|p2a: Gliscor|0 fnt
|faint|p2a: Gliscor
|
|-weather|RainDance|[upkeep]
|-heal|p1a: Landorus|60/100|[from] item: Leftovers
|upkeep
|
|t:|1709411654
|switch|p2a: Infernape|Infernape, M|76/100
|-damage|p2a: Infernape|64/100|[from] Spikes
|-damage|p2a: Infernape|51/100|[from] Stealth Rock
|turn|45
|
|t:|1709411658
|switch|p1a: Tentacruel|Tentacruel, F|88/100 brn
|move|p2a: Infernape|Flare Blitz|p1a: Tentacruel
|-resisted|p1a: Tentacruel
|-damage|p1a: Tentacruel|66/100 brn
|-damage|p2a: Infernape|42/100|[from] Recoil
|
|-weather|RainDance|[upkeep]
|-heal|p1a: Tentacruel|72/100 brn|[from] ability: Rain Dish
|-heal|p1a: Tentacruel|78/100 brn|[from] item: Black Sludge
|-damage|p1a: Tentacruel|66/100 brn|[from] brn
|upkeep
|turn|46
|-message|ILoveTeamPreview forfeited.
|
|win|TryhardTris
|raw|TryhardTris's rating: 1355 &rarr; <strong>1387</strong><br />(+32 for winning)
|raw|ILoveTeamPreview's rating: 1598 &rarr; <strong>1566</strong><br />(-32 for losing)
|l|☆ILoveTeamPreview
|player|p2|
|l| Neighthan Trainer
