|j|☆Coronet077
|j|☆JE COLOR FACTORY
|t:|1719324205
|gametype|singles
|player|p1|Coronet077|fisherman-gen4|1362
|player|p2|JE COLOR FACTORY|170|1372
|teamsize|p1|6
|teamsize|p2|6
|gen|5
|tier|[Gen 5] OU
|rated|
|rule|Species Clause: Limit one of each Pokémon
|rule|OHKO Clause: OHKO moves are banned
|rule|Moody Clause: Moody is banned
|rule|Evasion Items Clause: Evasion items are banned
|rule|Evasion Moves Clause: Evasion moves are banned
|rule|Endless Battle Clause: Forcing endless battles is banned
|rule|HP Percentage Mod: HP is shown in percentages
|rule|Evasion Abilities Clause: Evasion abilities are banned
|rule|Sleep Moves Clause: Sleep-inducing moves are banned
|rule|Swagger Clause: Swagger is banned
|rule|Baton Pass Stat Clause: No Baton Passer may have a way to boost its stats
|clearpoke
|poke|p1|Magnezone|item
|poke|p1|Jirachi|item
|poke|p1|Kyurem-Black|item
|poke|p1|Latios, M|item
|poke|p1|Garchomp, F|item
|poke|p1|Dragonite, M|item
|poke|p2|Politoed, M|item
|poke|p2|Gliscor, M|item
|poke|p2|Ferrothorn, M|item
|poke|p2|Tentacruel, M|item
|poke|p2|Jirachi|item
|poke|p2|Keldeo-Resolute|item
|teampreview
|inactive|Battle timer is ON: inactive players will automatically lose when time's up. (requested by JE COLOR FACTORY)
|
|t:|1719324217
|start
|switch|p1a: Jirachi|Jirachi|100/100
|switch|p2a: Politoed|Politoed, M|100/100
|-weather|RainDance|[from] ability: Drizzle|[of] p2a: Politoed
|turn|1
|
|t:|1719324228
|move|p2a: Politoed|Surf|p1a: Jirachi
|-damage|p1a: Jirachi|65/100
|move|p1a: Jirachi|Stealth Rock|p2a: Politoed
|-sidestart|p2: JE COLOR FACTORY|move: Stealth Rock
|
|-weather|RainDance|[upkeep]
|upkeep
|turn|2
|
|t:|1719324232
|switch|p2a: Jirachi|Jirachi|100/100
|-damage|p2a: Jirachi|94/100|[from] Stealth Rock
|move|p1a: Jirachi|Thunder|p2a: Jirachi
|-crit|p2a: Jirachi
|-damage|p2a: Jirachi|58/100
|
|-weather|RainDance|[upkeep]
|-heal|p2a: Jirachi|64/100|[from] item: Leftovers
|upkeep
|turn|3
|
|t:|1719324240
|move|p2a: Jirachi|Stealth Rock|p1a: Jirachi
|-sidestart|p1: Coronet077|move: Stealth Rock
|move|p1a: Jirachi|Thunder|p2a: Jirachi
|-damage|p2a: Jirachi|46/100
|-status|p2a: Jirachi|par
|
|-weather|RainDance|[upkeep]
|-heal|p2a: Jirachi|52/100 par|[from] item: Leftovers
|upkeep
|turn|4
|
|t:|1719324249
|move|p1a: Jirachi|U-turn|p2a: Jirachi
|-damage|p2a: Jirachi|38/100 par
|
|t:|1719324253
|switch|p1a: Garchomp|Garchomp, F|100/100|[from] U-turn
|-damage|p1a: Garchomp|94/100|[from] Stealth Rock
|move|p2a: Jirachi|Body Slam|p1a: Garchomp
|-damage|p1a: Garchomp|76/100
|-damage|p2a: Jirachi|26/100 par|[from] ability: Rough Skin|[of] p1a: Garchomp
|
|-weather|RainDance|[upkeep]
|-heal|p2a: Jirachi|32/100 par|[from] item: Leftovers
|upkeep
|turn|5
|
|t:|1719324264
|move|p1a: Garchomp|Earthquake|p2a: Jirachi
|-supereffective|p2a: Jirachi
|-damage|p2a: Jirachi|0 fnt
|faint|p2a: Jirachi
|
|-weather|RainDance|[upkeep]
|upkeep
|inactive|JE COLOR FACTORY has 120 seconds left.
|inactive|JE COLOR FACTORY has 90 seconds left.
|
|t:|1719324334
|switch|p2a: Gliscor|Gliscor, M|100/100
|-damage|p2a: Gliscor|88/100|[from] Stealth Rock
|turn|6
|
|t:|1719324343
|switch|p1a: Jirachi|Jirachi|65/100
|-damage|p1a: Jirachi|59/100|[from] Stealth Rock
|move|p2a: Gliscor|Substitute|p2a: Gliscor
|-start|p2a: Gliscor|Substitute
|-damage|p2a: Gliscor|63/100
|
|-weather|RainDance|[upkeep]
|-status|p2a: Gliscor|tox|[from] item: Toxic Orb
|upkeep
|turn|7
|inactive|JE COLOR FACTORY has 90 seconds left.
|
|t:|1719324364
|move|p2a: Gliscor|Earthquake|p1a: Jirachi
|-supereffective|p1a: Jirachi
|-enditem|p1a: Jirachi|Shuca Berry|[eat]
|-enditem|p1a: Jirachi|Shuca Berry|[weaken]
|-damage|p1a: Jirachi|33/100
|move|p1a: Jirachi|Icy Wind|p2a: Gliscor
|-supereffective|p2a: Gliscor
|-end|p2a: Gliscor|Substitute
|
|-weather|RainDance|[upkeep]
|-heal|p2a: Gliscor|75/100 tox|[from] ability: Poison Heal
|upkeep
|turn|8
|inactive|JE COLOR FACTORY has 90 seconds left.
|
|t:|1719324371
|move|p2a: Gliscor|Substitute|p2a: Gliscor
|-start|p2a: Gliscor|Substitute
|-damage|p2a: Gliscor|50/100 tox
|move|p1a: Jirachi|Icy Wind|p2a: Gliscor
|-supereffective|p2a: Gliscor
|-end|p2a: Gliscor|Substitute
|
|-weather|RainDance|[upkeep]
|-heal|p2a: Gliscor|63/100 tox|[from] ability: Poison Heal
|upkeep
|turn|9
|
|t:|1719324373
|move|p2a: Gliscor|Protect|p2a: Gliscor
|-singleturn|p2a: Gliscor|Protect
|move|p1a: Jirachi|Icy Wind|p2a: Gliscor
|-activate|p2a: Gliscor|move: Protect
|
|-weather|RainDance|[upkeep]
|-heal|p2a: Gliscor|75/100 tox|[from] ability: Poison Heal
|upkeep
|turn|10
|
|t:|1719324375
|move|p2a: Gliscor|Substitute|p2a: Gliscor
|-start|p2a: Gliscor|Substitute
|-damage|p2a: Gliscor|50/100 tox
|move|p1a: Jirachi|Icy Wind|p2a: Gliscor
|-supereffective|p2a: Gliscor
|-end|p2a: Gliscor|Substitute
|
|-weather|RainDance|[upkeep]
|-heal|p2a: Gliscor|63/100 tox|[from] ability: Poison Heal
|upkeep
|turn|11
|
|t:|1719324396
|move|p2a: Gliscor|Protect|p2a: Gliscor
|-singleturn|p2a: Gliscor|Protect
|move|p1a: Jirachi|Icy Wind|p2a: Gliscor
|-activate|p2a: Gliscor|move: Protect
|
|-weather|RainDance|[upkeep]
|-heal|p2a: Gliscor|75/100 tox|[from] ability: Poison Heal
|upkeep
|turn|12
|
|t:|1719324399
|move|p2a: Gliscor|Substitute|p2a: Gliscor
|-start|p2a: Gliscor|Substitute
|-damage|p2a: Gliscor|50/100 tox
|move|p1a: Jirachi|Icy Wind|p2a: Gliscor
|-supereffective|p2a: Gliscor
|-end|p2a: Gliscor|Substitute
|
|-weather|RainDance|[upkeep]
|-heal|p2a: Gliscor|63/100 tox|[from] ability: Poison Heal
|upkeep
|turn|13
|
|t:|1719324417
|move|p2a: Gliscor|Protect|p2a: Gliscor
|-singleturn|p2a: Gliscor|Protect
|move|p1a: Jirachi|Icy Wind|p2a: Gliscor
|-activate|p2a: Gliscor|move: Protect
|
|-weather|RainDance|[upkeep]
|-heal|p2a: Gliscor|75/100 tox|[from] ability: Poison Heal
|upkeep
|turn|14
|
|t:|1719324420
|move|p2a: Gliscor|Substitute|p2a: Gliscor
|-start|p2a: Gliscor|Substitute
|-damage|p2a: Gliscor|50/100 tox
|move|p1a: Jirachi|Icy Wind|p2a: Gliscor
|-supereffective|p2a: Gliscor
|-end|p2a: Gliscor|Substitute
|
|-weather|RainDance|[upkeep]
|-heal|p2a: Gliscor|63/100 tox|[from] ability: Poison Heal
|upkeep
|turn|15
|inactive|JE COLOR FACTORY has 120 seconds left.
|
|t:|1719324425
|switch|p1a: Magnezone|Magnezone|100/100
|-damage|p1a: Magnezone|94/100|[from] Stealth Rock
|-item|p1a: Magnezone|Air Balloon
|move|p2a: Gliscor|Protect||[still]
|-fail|p2a: Gliscor
|
|-weather|RainDance|[upkeep]
|-heal|p2a: Gliscor|75/100 tox|[from] ability: Poison Heal
|upkeep
|turn|16
|
|t:|1719324431
|switch|p2a: Ferrothorn|Ferrothorn, M|100/100
|-damage|p2a: Ferrothorn|95/100|[from] Stealth Rock
|move|p1a: Magnezone|Sunny Day|p1a: Magnezone
|-weather|SunnyDay
|
|-weather|SunnyDay|[upkeep]
|-heal|p2a: Ferrothorn|100/100|[from] item: Leftovers
|upkeep
|turn|17
|
|t:|1719324435
|move|p1a: Magnezone|Hidden Power|p2a: Ferrothorn
|-supereffective|p2a: Ferrothorn
|-damage|p2a: Ferrothorn|0 fnt
|faint|p2a: Ferrothorn
|
|-weather|SunnyDay|[upkeep]
|upkeep
|-message|JE COLOR FACTORY forfeited.
|
|win|Coronet077
|raw|Coronet077's rating: 1362 &rarr; <strong>1383</strong><br />(+21 for winning)
|raw|JE COLOR FACTORY's rating: 1372 &rarr; <strong>1351</strong><br />(-21 for losing)
|l|☆JE COLOR FACTORY
|player|p2|
