|j|☆Bl153
|j|☆574RM4N
|t:|1744859410
|gametype|singles
|player|p1|Bl153|ethan|1317
|player|p2|574RM4N|nate|1460
|teamsize|p1|6
|teamsize|p2|6
|gen|5
|tier|[Gen 5] OU
|rated|
|rule|Species Clause: Limit one of each Pokémon
|rule|OHKO Clause: OHKO moves are banned
|rule|Moody Clause: Moody is banned
|rule|Evasion Items Clause: Evasion items are banned
|rule|Evasion Moves Clause: Evasion moves are banned
|rule|Endless Battle Clause: Forcing endless battles is banned
|rule|HP Percentage Mod: HP is shown in percentages
|rule|Evasion Abilities Clause: Evasion abilities are banned
|rule|Sleep Moves Clause: Sleep-inducing moves are banned
|rule|Swagger Clause: Swagger is banned
|rule|Baton Pass Stat Clause: No Baton Passer may have a way to boost its stats
|clearpoke
|poke|p1|Kyurem-Black|item
|poke|p1|Archeops, M|
|poke|p1|Carracosta, M|item
|poke|p1|Starmie|item
|poke|p1|Zoroark, M|item
|poke|p1|Klinklang|item
|poke|p2|Kingdra, F|item
|poke|p2|Mew|item
|poke|p2|Magnezone|item
|poke|p2|Latias, F|item
|poke|p2|Garchomp, M|item
|poke|p2|Spiritomb, M|item
|teampreview
|inactive|Battle timer is ON: inactive players will automatically lose when time's up. (requested by 574RM4N)
|c|☆Bl153|hf
|c|☆Bl153|Yo fire team tbh
|inactive|574RM4N has 120 seconds left.
|c|☆574RM4N|u2 hf
|
|t:|1744859450
|start
|switch|p1a: Kyurem|Kyurem-Black|100/100
|switch|p2a: Kingdra|Kingdra, F|100/100
|-ability|p1a: Kyurem|Teravolt
|turn|1
|c|☆Bl153|Now I will create the future I desire.. I SHALL SWEEP YOU BEFORE ME!
|c|☆Bl153|can u tell its a theme team? lol
|inactive|Bl153 has 120 seconds left.
|
|t:|1744859484
|switch|p1a: Carracosta|Carracosta, M|100/100
|move|p2a: Kingdra|Draco Meteor|p1a: Carracosta
|-damage|p1a: Carracosta|0 fnt
|-unboost|p2a: Kingdra|spa|2
|faint|p1a: Carracosta
|
|upkeep
|inactive|Bl153 has 120 seconds left.
|
|t:|1744859502
|switch|p1a: Klinklang|Klinklang|100/100
|turn|2
|c|☆Bl153|You really think you can stop us with that?..
|
|t:|1744859519
|switch|p2a: Garchomp|Garchomp, M|100/100
|move|p1a: Klinklang|Flamethrower|p2a: Garchomp
|-resisted|p2a: Garchomp
|-damage|p2a: Garchomp|81/100
|-damage|p1a: Klinklang|91/100|[from] item: Life Orb
|
|-heal|p2a: Garchomp|87/100|[from] item: Leftovers
|upkeep
|turn|3
|
|t:|1744859529
|switch|p2a: Kingdra|Kingdra, F|100/100
|move|p1a: Klinklang|Dark Pulse|p2a: Kingdra
|-damage|p2a: Kingdra|42/100
|-damage|p1a: Klinklang|81/100|[from] item: Life Orb
|
|upkeep
|turn|4
|
|t:|1744859542
|move|p1a: Klinklang|Dark Pulse|p2a: Kingdra
|-damage|p2a: Kingdra|0 fnt
|faint|p2a: Kingdra
|-damage|p1a: Klinklang|71/100|[from] item: Life Orb
|
|upkeep
|
|t:|1744859544
|switch|p2a: Spiritomb|Spiritomb, M|100/100
|-ability|p2a: Spiritomb|Pressure
|turn|5
|
|t:|1744859556
|move|p2a: Spiritomb|Sucker Punch|p1a: Klinklang
|-resisted|p1a: Klinklang
|-damage|p1a: Klinklang|45/100
|replace|p1a: Zoroark|Zoroark, M
|-end|p1a: Zoroark|Illusion
|move|p1a: Zoroark|Dark Pulse|p2a: Spiritomb
|-damage|p2a: Spiritomb|58/100
|-damage|p1a: Zoroark|35/100|[from] item: Life Orb
|
|-heal|p2a: Spiritomb|64/100|[from] item: Leftovers
|upkeep
|turn|6
|
|t:|1744859565
|switch|p1a: Kyurem|Kyurem-Black|100/100
|-ability|p1a: Kyurem|Teravolt
|move|p2a: Spiritomb|Pain Split|p1a: Kyurem
|-sethp|p1a: Kyurem|75/100|[from] move: Pain Split|[silent]
|-sethp|p2a: Spiritomb|98/100|[from] move: Pain Split
|
|-heal|p2a: Spiritomb|100/100|[from] item: Leftovers
|upkeep
|turn|7
|
|t:|1744859573
|switch|p2a: Magnezone|Magnezone|100/100
|move|p1a: Kyurem|Ice Beam|p2a: Magnezone
|-resisted|p2a: Magnezone
|-damage|p2a: Magnezone|63/100
|-damage|p1a: Kyurem|65/100|[from] item: Life Orb
|
|upkeep
|turn|8
|
|t:|1744859580
|switch|p2a: Latias|Latias, F|100/100
|move|p1a: Kyurem|Earth Power|p2a: Latias
|-damage|p2a: Latias|74/100
|-damage|p1a: Kyurem|55/100|[from] item: Life Orb
|
|-heal|p2a: Latias|80/100|[from] item: Leftovers
|upkeep
|turn|9
|
|t:|1744859590
|switch|p1a: Klinklang|Klinklang|100/100
|-item|p1a: Klinklang|Air Balloon
|move|p2a: Latias|Dragon Pulse|p1a: Klinklang
|-resisted|p1a: Klinklang
|-damage|p1a: Klinklang|79/100
|-enditem|p1a: Klinklang|Air Balloon
|
|-heal|p2a: Latias|86/100|[from] item: Leftovers
|upkeep
|turn|10
|
|t:|1744859599
|switch|p2a: Garchomp|Garchomp, M|87/100
|move|p1a: Klinklang|Shift Gear|p1a: Klinklang
|-boost|p1a: Klinklang|spe|2
|-boost|p1a: Klinklang|atk|1
|
|-heal|p2a: Garchomp|94/100|[from] item: Leftovers
|upkeep
|turn|11
|c|☆Bl153|Plz no T wave
|
|t:|1744859609
|move|p1a: Klinklang|Gear Grind|p2a: Garchomp
|-damage|p2a: Garchomp|67/100
|-damage|p1a: Klinklang|67/100|[from] ability: Rough Skin|[of] p2a: Garchomp
|-damage|p2a: Garchomp|40/100
|-damage|p1a: Klinklang|54/100|[from] ability: Rough Skin|[of] p2a: Garchomp
|-hitcount|p2a: Garchomp|2
|move|p2a: Garchomp|Stealth Rock|p1a: Klinklang
|-sidestart|p1: Bl153|move: Stealth Rock
|
|-heal|p2a: Garchomp|46/100|[from] item: Leftovers
|upkeep
|turn|12
|
|t:|1744859620
|move|p2a: Garchomp|Protect|p2a: Garchomp
|-singleturn|p2a: Garchomp|Protect
|move|p1a: Klinklang|Shift Gear|p1a: Klinklang
|-boost|p1a: Klinklang|spe|2
|-boost|p1a: Klinklang|atk|1
|
|-heal|p2a: Garchomp|52/100|[from] item: Leftovers
|upkeep
|turn|13
|
|t:|1744859638
|switch|p2a: Mew|Mew|100/100
|move|p1a: Klinklang|Gear Grind|p2a: Mew|[miss]
|-miss|p1a: Klinklang|p2a: Mew
|
|upkeep
|turn|14
|
|t:|1744859646
|move|p1a: Klinklang|Toxic|p2a: Mew
|-status|p2a: Mew|tox
|-activate|p2a: Mew|ability: Synchronize
|-immune|p1a: Klinklang
|move|p2a: Mew|Will-O-Wisp|p1a: Klinklang
|-status|p1a: Klinklang|brn
|
|-damage|p2a: Mew|94/100 tox|[from] psn
|-damage|p1a: Klinklang|42/100 brn|[from] brn
|upkeep
|turn|15
|c|☆574RM4N|mb
|
|t:|1744859654
|move|p1a: Klinklang|Shift Gear|p1a: Klinklang
|-boost|p1a: Klinklang|spe|2
|-boost|p1a: Klinklang|atk|1
|move|p2a: Mew|Soft-Boiled|p2a: Mew
|-heal|p2a: Mew|100/100 tox
|
|-damage|p2a: Mew|88/100 tox|[from] psn
|-damage|p1a: Klinklang|30/100 brn|[from] brn
|upkeep
|turn|16
|c|☆Bl153|it happens my dude
|c|☆Bl153|This team is for shits and giggles tbh
|
|t:|1744859672
|move|p1a: Klinklang|Gear Grind|p2a: Mew
|-crit|p2a: Mew
|-damage|p2a: Mew|35/100 tox
|-damage|p2a: Mew|8/100 tox
|-hitcount|p2a: Mew|2
|move|p2a: Mew|Soft-Boiled|p2a: Mew
|-heal|p2a: Mew|58/100 tox
|
|-heal|p2a: Mew|64/100 tox|[from] item: Leftovers
|-damage|p2a: Mew|46/100 tox|[from] psn
|-damage|p1a: Klinklang|17/100 brn|[from] brn
|upkeep
|turn|17
|c|☆Bl153|We're even now :]
|
|t:|1744859686
|move|p1a: Klinklang|Gear Grind|p2a: Mew
|-damage|p2a: Mew|19/100 tox
|-damage|p2a: Mew|0 fnt
|faint|p2a: Mew
|-hitcount|p2: Mew|2
|
|-damage|p1a: Klinklang|5/100 brn|[from] brn
|upkeep
|
|t:|1744859689
|switch|p2a: Spiritomb|Spiritomb, M|100/100
|-ability|p2a: Spiritomb|Pressure
|turn|18
|
|t:|1744859693
|move|p2a: Spiritomb|Sucker Punch||[still]
|-fail|p2a: Spiritomb
|move|p1a: Klinklang|Toxic|p2a: Spiritomb
|-status|p2a: Spiritomb|tox
|
|-damage|p2a: Spiritomb|94/100 tox|[from] psn
|-damage|p1a: Klinklang|0 fnt|[from] brn
|faint|p1a: Klinklang
|upkeep
|
|t:|1744859699
|switch|p1a: Kyurem|Kyurem-Black|55/100
|-damage|p1a: Kyurem|30/100|[from] Stealth Rock
|-ability|p1a: Kyurem|Teravolt
|turn|19
|
|t:|1744859710
|switch|p2a: Magnezone|Magnezone|63/100
|move|p1a: Kyurem|Roost|p1a: Kyurem
|-heal|p1a: Kyurem|80/100
|-singleturn|p1a: Kyurem|move: Roost
|
|upkeep
|turn|20
|c|☆Bl153|So question did u ever play Pokemon Black and White?
|
|t:|1744859725
|move|p1a: Kyurem|Earth Power|p2a: Magnezone
|-supereffective|p2a: Magnezone
|-crit|p2a: Magnezone
|-damage|p2a: Magnezone|0 fnt
|faint|p2a: Magnezone
|-damage|p1a: Kyurem|70/100|[from] item: Life Orb
|
|upkeep
|
|t:|1744859727
|switch|p2a: Latias|Latias, F|86/100
|turn|21
|c|☆574RM4N|no actually
|
|t:|1744859739
|switch|p1a: Starmie|Starmie|35/100
|-damage|p1a: Starmie|22/100|[from] Stealth Rock
|move|p2a: Latias|Dragon Pulse|p1a: Starmie
|-damage|p1a: Starmie|0 fnt
|replace|p1a: Zoroark|Zoroark, M
|-end|p1a: Zoroark|Illusion
|faint|p1a: Zoroark
|
|-heal|p2a: Latias|92/100|[from] item: Leftovers
|upkeep
|c|☆Bl153|Ahhh :/
|
|t:|1744859751
|switch|p1a: Starmie|Starmie|100/100
|-damage|p1a: Starmie|88/100|[from] Stealth Rock
|turn|22
|
|t:|1744859755
|switch|p2a: Spiritomb|Spiritomb, M|94/100 tox
|-ability|p2a: Spiritomb|Pressure
|move|p1a: Starmie|Rapid Spin|p2a: Spiritomb
|-immune|p2a: Spiritomb
|
|-heal|p1a: Starmie|94/100|[from] item: Leftovers
|-heal|p2a: Spiritomb|100/100 tox|[from] item: Leftovers
|-damage|p2a: Spiritomb|94/100 tox|[from] psn
|upkeep
|turn|23
|j| Bei_Cheng
|
|t:|1744859762
|move|p1a: Starmie|Scald|p2a: Spiritomb
|-damage|p2a: Spiritomb|68/100 tox
|move|p2a: Spiritomb|Pursuit|p1a: Starmie
|-supereffective|p1a: Starmie
|-damage|p1a: Starmie|57/100
|
|-heal|p1a: Starmie|63/100|[from] item: Leftovers
|-heal|p2a: Spiritomb|74/100 tox|[from] item: Leftovers
|-damage|p2a: Spiritomb|61/100 tox|[from] psn
|upkeep
|turn|24
|
|t:|1744859768
|move|p2a: Spiritomb|Sucker Punch||[still]
|-fail|p2a: Spiritomb
|move|p1a: Starmie|Recover|p1a: Starmie
|-heal|p1a: Starmie|100/100
|
|-heal|p2a: Spiritomb|68/100 tox|[from] item: Leftovers
|-damage|p2a: Spiritomb|49/100 tox|[from] psn
|upkeep
|turn|25
|
|t:|1744859770
|move|p1a: Starmie|Scald|p2a: Spiritomb
|-damage|p2a: Spiritomb|24/100 tox
|move|p2a: Spiritomb|Pain Split|p1a: Starmie
|-sethp|p1a: Starmie|63/100|[from] move: Pain Split|[silent]
|-sethp|p2a: Spiritomb|57/100 tox|[from] move: Pain Split
|
|-heal|p1a: Starmie|70/100|[from] item: Leftovers
|-heal|p2a: Spiritomb|63/100 tox|[from] item: Leftovers
|-damage|p2a: Spiritomb|38/100 tox|[from] psn
|upkeep
|turn|26
|
|t:|1744859777
|move|p1a: Starmie|Scald|p2a: Spiritomb
|-damage|p2a: Spiritomb|11/100 tox
|move|p2a: Spiritomb|Foul Play|p1a: Starmie
|-supereffective|p1a: Starmie
|-damage|p1a: Starmie|14/100
|
|-heal|p1a: Starmie|21/100|[from] item: Leftovers
|-heal|p2a: Spiritomb|17/100 tox|[from] item: Leftovers
|-damage|p2a: Spiritomb|0 fnt|[from] psn
|faint|p2a: Spiritomb
|upkeep
|
|t:|1744859784
|switch|p2a: Latias|Latias, F|92/100
|turn|27
|
|t:|1744859788
|move|p1a: Starmie|Recover|p1a: Starmie
|-heal|p1a: Starmie|71/100
|move|p2a: Latias|Calm Mind|p2a: Latias
|-boost|p2a: Latias|spa|1
|-boost|p2a: Latias|spd|1
|
|-heal|p1a: Starmie|77/100|[from] item: Leftovers
|-heal|p2a: Latias|98/100|[from] item: Leftovers
|upkeep
|turn|28
|
|t:|1744859794
|move|p1a: Starmie|Rapid Spin|p2a: Latias
|-damage|p2a: Latias|95/100
|-sideend|p1: Bl153|Stealth Rock|[from] move: Rapid Spin|[of] p1a: Starmie
|move|p2a: Latias|Calm Mind|p2a: Latias
|-boost|p2a: Latias|spa|1
|-boost|p2a: Latias|spd|1
|
|-heal|p1a: Starmie|83/100|[from] item: Leftovers
|-heal|p2a: Latias|100/100|[from] item: Leftovers
|upkeep
|turn|29
|c|☆Bl153|Proud of u Starmie my friend!
|c|☆Bl153|Im using N's team from B and W basically
|
|t:|1744859818
|move|p1a: Starmie|Psyshock|p2a: Latias
|-resisted|p2a: Latias
|-crit|p2a: Latias
|-damage|p2a: Latias|68/100
|move|p2a: Latias|Dragon Pulse|p1a: Starmie
|-damage|p1a: Starmie|0 fnt
|faint|p1a: Starmie
|
|-heal|p2a: Latias|74/100|[from] item: Leftovers
|upkeep
|
|t:|1744859826
|switch|p1a: Archeops|Archeops, M|100/100
|turn|30
|
|t:|1744859835
|switch|p2a: Garchomp|Garchomp, M|52/100
|move|p1a: Archeops|U-turn|p2a: Garchomp
|-damage|p2a: Garchomp|34/100
|-damage|p1a: Archeops|88/100|[from] ability: Rough Skin|[of] p2a: Garchomp
|
|t:|1744859840
|switch|p1a: Kyurem|Kyurem-Black|70/100|[from] U-turn
|-ability|p1a: Kyurem|Teravolt
|
|-heal|p2a: Garchomp|40/100|[from] item: Leftovers
|upkeep
|turn|31
|
|t:|1744859843
|move|p1a: Kyurem|Ice Beam|p2a: Garchomp
|-supereffective|p2a: Garchomp
|-damage|p2a: Garchomp|0 fnt
|faint|p2a: Garchomp
|-damage|p1a: Kyurem|60/100|[from] item: Life Orb
|
|upkeep
|
|t:|1744859846
|switch|p2a: Latias|Latias, F|74/100
|turn|32
|
|t:|1744859848
|move|p2a: Latias|Dragon Pulse|p1a: Kyurem
|-supereffective|p1a: Kyurem
|-damage|p1a: Kyurem|0 fnt
|faint|p1a: Kyurem
|
|-heal|p2a: Latias|80/100|[from] item: Leftovers
|upkeep
|
|t:|1744859850
|switch|p1a: Archeops|Archeops, M|88/100
|turn|33
|c|☆Bl153|My last friend...
|c|☆Bl153|Please share your courage with me!
|
|t:|1744859873
|move|p1a: Archeops|Acrobatics|p2a: Latias
|-crit|p2a: Latias
|-damage|p2a: Latias|0 fnt
|faint|p2a: Latias
|
|win|Bl153
|raw|Bl153's rating: 1317 &rarr; <strong>1345</strong><br />(+28 for winning)
|raw|574RM4N's rating: 1460 &rarr; <strong>1432</strong><br />(-28 for losing)
|c|☆Bl153|srry man
|c|☆Bl153|gg
|c|☆574RM4N|lol
|c|☆Bl153|Thats tough
|c|☆574RM4N|gg
|l|☆574RM4N
|player|p2|
|c|☆Bl153|He shared something
