|j|☆AstroMigui
|j|☆Salutethewolf
|t:|1746724194
|gametype|singles
|player|p1|AstroMigui|hoopster|1359
|player|p2|Salutethewolf|hugh|1388
|teamsize|p1|6
|teamsize|p2|6
|gen|5
|tier|[Gen 5] OU
|rated|
|rule|Species Clause: Limit one of each Pokémon
|rule|OHKO Clause: OHKO moves are banned
|rule|Moody Clause: Moody is banned
|rule|Evasion Items Clause: Evasion items are banned
|rule|Evasion Moves Clause: Evasion moves are banned
|rule|Endless Battle Clause: Forcing endless battles is banned
|rule|HP Percentage Mod: HP is shown in percentages
|rule|Evasion Abilities Clause: Evasion abilities are banned
|rule|Sleep Moves Clause: Sleep-inducing moves are banned
|rule|Swagger Clause: Swagger is banned
|rule|Baton Pass Stat Clause: No Baton Passer may have a way to boost its stats
|clearpoke
|poke|p1|Abomasnow, M|item
|poke|p1|Mamoswine, F|item
|poke|p1|Jirachi|item
|poke|p1|Starmie|item
|poke|p1|Kyurem-Black|item
|poke|p1|Latias, F|item
|poke|p2|Garchomp, F|item
|poke|p2|Dragonite, M|item
|poke|p2|Latios, M|item
|poke|p2|Starmie|item
|poke|p2|Metagross|item
|poke|p2|Scizor, M|item
|teampreview
|inactive|Battle timer is ON: inactive players will automatically lose when time's up. (requested by Salutethewolf)
|
|t:|1746724206
|start
|switch|p1a: Kim Jong-Un|Abomasnow, M|100/100
|switch|p2a: Metagross|Metagross, shiny|100/100
|-weather|Hail|[from] ability: Snow Warning|[of] p1a: Kim Jong-Un
|turn|1
|
|t:|1746724214
|move|p1a: Kim Jong-Un|Hidden Power|p2a: Metagross
|-supereffective|p2a: Metagross
|-damage|p2a: Metagross|59/100
|move|p2a: Metagross|Stealth Rock|p1a: Kim Jong-Un
|-sidestart|p1: AstroMigui|move: Stealth Rock
|
|-weather|Hail|[upkeep]
|-damage|p2a: Metagross|53/100|[from] Hail
|upkeep
|turn|2
|
|t:|1746724222
|move|p1a: Kim Jong-Un|Hidden Power|p2a: Metagross
|-supereffective|p2a: Metagross
|-damage|p2a: Metagross|10/100
|move|p2a: Metagross|Hidden Power|p1a: Kim Jong-Un
|-supereffective|p1a: Kim Jong-Un
|-enditem|p1a: Kim Jong-Un|Focus Sash
|-damage|p1a: Kim Jong-Un|1/100
|
|-weather|Hail|[upkeep]
|-damage|p2a: Metagross|4/100|[from] Hail
|upkeep
|turn|3
|-enditem|p2a: Metagross|Custap Berry|[eat]
|-activate|p2a: Metagross|item: Custap Berry|[consumed]
|
|t:|1746724234
|move|p1a: Kim Jong-Un|Ice Shard|p2a: Metagross
|-resisted|p2a: Metagross
|-damage|p2a: Metagross|0 fnt
|faint|p2a: Metagross
|
|-weather|Hail|[upkeep]
|upkeep
|
|t:|1746724244
|switch|p2a: Starmie|Starmie, shiny|100/100
|turn|4
|
|t:|1746724253
|move|p1a: Kim Jong-Un|Ice Shard|p2a: Starmie
|-resisted|p2a: Starmie
|-damage|p2a: Starmie|91/100
|move|p2a: Starmie|Surf|p1a: Kim Jong-Un
|-resisted|p1a: Kim Jong-Un
|-damage|p1a: Kim Jong-Un|0 fnt
|faint|p1a: Kim Jong-Un
|-damage|p2a: Starmie|81/100|[from] item: Life Orb
|
|-weather|Hail|[upkeep]
|-damage|p2a: Starmie|75/100|[from] Hail
|upkeep
|
|t:|1746724259
|switch|p1a: Kanye West|Jirachi|100/100
|-damage|p1a: Kanye West|94/100|[from] Stealth Rock
|turn|5
|
|t:|1746724268
|switch|p2a: Scizor|Scizor, M, shiny|100/100
|move|p1a: Kanye West|Thunder|p2a: Scizor|[miss]
|-miss|p1a: Kanye West|p2a: Scizor
|
|-weather|Hail|[upkeep]
|-damage|p1a: Kanye West|88/100|[from] Hail
|-damage|p2a: Scizor|94/100|[from] Hail
|-heal|p1a: Kanye West|94/100|[from] item: Leftovers
|upkeep
|turn|6
|
|t:|1746724280
|move|p1a: Kanye West|Thunder|p2a: Scizor|[miss]
|-miss|p1a: Kanye West|p2a: Scizor
|move|p2a: Scizor|U-turn|p1a: Kanye West
|-damage|p1a: Kanye West|45/100
|
|t:|1746724286
|switch|p2a: Garchomp|Garchomp, F, shiny|100/100|[from] U-turn
|
|-weather|Hail|[upkeep]
|-damage|p2a: Garchomp|94/100|[from] Hail
|-damage|p1a: Kanye West|38/100|[from] Hail
|-heal|p1a: Kanye West|45/100|[from] item: Leftovers
|upkeep
|turn|7
|
|t:|1746724301
|move|p2a: Garchomp|Flamethrower|p1a: Kanye West
|-supereffective|p1a: Kanye West
|-damage|p1a: Kanye West|7/100
|-damage|p2a: Garchomp|85/100|[from] item: Life Orb
|move|p1a: Kanye West|Icy Wind|p2a: Garchomp
|-supereffective|p2a: Garchomp
|-damage|p2a: Garchomp|21/100
|-unboost|p2a: Garchomp|spe|1
|
|-weather|Hail|[upkeep]
|-damage|p2a: Garchomp|15/100|[from] Hail
|-damage|p1a: Kanye West|0 fnt|[from] Hail
|faint|p1a: Kanye West
|upkeep
|
|t:|1746724309
|switch|p1a: Ben Laden|Starmie|100/100
|-damage|p1a: Ben Laden|88/100|[from] Stealth Rock
|turn|8
|
|t:|1746724317
|move|p1a: Ben Laden|Rapid Spin|p2a: Garchomp
|-damage|p2a: Garchomp|11/100
|-damage|p1a: Ben Laden|76/100|[from] ability: Rough Skin|[of] p2a: Garchomp
|-sideend|p1: AstroMigui|Stealth Rock|[from] move: Rapid Spin|[of] p1a: Ben Laden
|-damage|p1a: Ben Laden|66/100|[from] item: Life Orb
|move|p2a: Garchomp|Draco Meteor|p1a: Ben Laden
|-damage|p1a: Ben Laden|0 fnt
|-unboost|p2a: Garchomp|spa|2
|faint|p1a: Ben Laden
|-damage|p2a: Garchomp|1/100|[from] item: Life Orb
|
|-weather|Hail|[upkeep]
|-damage|p2a: Garchomp|0 fnt|[from] Hail
|faint|p2a: Garchomp
|upkeep
|
|t:|1746724333
|switch|p1a: Barrack Obama|Kyurem-Black|100/100
|switch|p2a: Starmie|Starmie, shiny|75/100
|-ability|p1a: Barrack Obama|Teravolt
|turn|9
|
|t:|1746724340
|move|p2a: Starmie|Ice Beam|p1a: Barrack Obama
|-damage|p1a: Barrack Obama|68/100
|-damage|p2a: Starmie|65/100|[from] item: Life Orb
|move|p1a: Barrack Obama|Fusion Bolt|p2a: Starmie
|-supereffective|p2a: Starmie
|-crit|p2a: Starmie
|-damage|p2a: Starmie|0 fnt
|faint|p2a: Starmie
|-damage|p1a: Barrack Obama|58/100|[from] item: Life Orb
|
|-weather|Hail|[upkeep]
|upkeep
|
|t:|1746724353
|switch|p2a: Scizor|Scizor, M, shiny|94/100
|turn|10
|
|t:|1746724357
|move|p2a: Scizor|Bullet Punch|p1a: Barrack Obama
|-supereffective|p1a: Barrack Obama
|-damage|p1a: Barrack Obama|0 fnt
|faint|p1a: Barrack Obama
|
|-weather|Hail|[upkeep]
|-damage|p2a: Scizor|88/100|[from] Hail
|upkeep
|
|t:|1746724367
|switch|p1a: Hilary Clinton|Latias, F|100/100
|turn|11
|
|t:|1746724370
|move|p2a: Scizor|Bullet Punch|p1a: Hilary Clinton
|-damage|p1a: Hilary Clinton|41/100
|move|p1a: Hilary Clinton|Surf|p2a: Scizor
|-damage|p2a: Scizor|51/100
|
|-weather|Hail|[upkeep]
|-damage|p1a: Hilary Clinton|35/100|[from] Hail
|-damage|p2a: Scizor|45/100|[from] Hail
|upkeep
|turn|12
|
|t:|1746724379
|move|p2a: Scizor|Bullet Punch|p1a: Hilary Clinton
|-damage|p1a: Hilary Clinton|0 fnt
|faint|p1a: Hilary Clinton
|
|-weather|Hail|[upkeep]
|-damage|p2a: Scizor|39/100|[from] Hail
|upkeep
|
|t:|1746724383
|switch|p1a: Mamoswine|Mamoswine, F|100/100
|turn|13
|
|t:|1746724389
|move|p1a: Mamoswine|Ice Shard|p2a: Scizor
|-resisted|p2a: Scizor
|-damage|p2a: Scizor|23/100
|move|p2a: Scizor|Bullet Punch|p1a: Mamoswine
|-supereffective|p1a: Mamoswine
|-damage|p1a: Mamoswine|0 fnt
|faint|p1a: Mamoswine
|
|win|Salutethewolf
|raw|AstroMigui's rating: 1359 &rarr; <strong>1341</strong><br />(-18 for losing)
|raw|Salutethewolf's rating: 1388 &rarr; <strong>1406</strong><br />(+18 for winning)
|l|☆AstroMigui
|player|p1|
