|j|☆HydreigonSpammer
|j|☆Blaise BWOU
|t:|1735172675
|gametype|singles
|player|p1|HydreigonSpammer|clerk|1273
|player|p2|Blaise BWOU|n|1350
|teamsize|p1|6
|teamsize|p2|6
|gen|5
|tier|[Gen 5] OU
|rated|
|rule|Species Clause: Limit one of each Pokémon
|rule|OHKO Clause: OHKO moves are banned
|rule|Moody Clause: Moody is banned
|rule|Evasion Items Clause: Evasion items are banned
|rule|Evasion Moves Clause: Evasion moves are banned
|rule|Endless Battle Clause: Forcing endless battles is banned
|rule|HP Percentage Mod: HP is shown in percentages
|rule|Evasion Abilities Clause: Evasion abilities are banned
|rule|Sleep Moves Clause: Sleep-inducing moves are banned
|rule|Swagger Clause: Swagger is banned
|rule|Baton Pass Stat Clause: No Baton Passer may have a way to boost its stats
|clearpoke
|poke|p1|Landorus-Therian, M|item
|poke|p1|Espeon, F|item
|poke|p1|Keldeo|item
|poke|p1|Terrakion|item
|poke|p1|Weavile, M|item
|poke|p1|Haxorus, M|item
|poke|p2|Aerodactyl, M|item
|poke|p2|Dragonite, M|item
|poke|p2|Scizor, M|item
|poke|p2|Infernape, M|item
|poke|p2|Breloom, M|item
|poke|p2|Lucario, M|item
|teampreview
|c|☆Blaise BWOU|ohoh nice to see you
|c|☆HydreigonSpammer|nice to see u too
|c|☆Blaise BWOU|this my gen4 creation : team HO fight spam
|
|t:|1735172714
|start
|switch|p1a: Landorus|Landorus-Therian, M|100/100
|switch|p2a: Sonic|Aerodactyl, M|100/100
|-ability|p1a: Landorus|Intimidate|boost
|-unboost|p2a: Sonic|atk|1
|turn|1
|c|☆HydreigonSpammer|i see my bad match up again this aerodactyl
|c|☆HydreigonSpammer|no tools to outspeed
|
|t:|1735172728
|move|p2a: Sonic|Taunt|p1a: Landorus
|-start|p1a: Landorus|move: Taunt
|move|p1a: Landorus|Hidden Power|p2a: Sonic
|-supereffective|p2a: Sonic
|-damage|p2a: Sonic|38/100
|
|upkeep
|turn|2
|
|t:|1735172738
|move|p2a: Sonic|Stealth Rock|p1a: Landorus
|-sidestart|p1: HydreigonSpammer|move: Stealth Rock
|move|p1a: Landorus|Hidden Power|p2a: Sonic
|-supereffective|p2a: Sonic
|-damage|p2a: Sonic|0 fnt
|faint|p2a: Sonic
|
|upkeep
|c|☆Blaise BWOU|don't worry it is just a suicide lead
|
|t:|1735172757
|switch|p2a: Sun Wukong|Infernape, M|100/100
|turn|3
|
|t:|1735172769
|switch|p1a: Keldeo|Keldeo|100/100
|-damage|p1a: Keldeo|94/100|[from] Stealth Rock
|move|p2a: Sun Wukong|Hidden Power|p1a: Keldeo
|-resisted|p1a: Keldeo
|-damage|p1a: Keldeo|82/100
|
|-heal|p1a: Keldeo|88/100|[from] item: Leftovers
|upkeep
|turn|4
|
|t:|1735172781
|switch|p2a: Ali|Breloom, M, shiny|100/100
|move|p1a: Keldeo|Secret Sword|p2a: Ali
|-damage|p2a: Ali|40/100
|
|-heal|p1a: Keldeo|95/100|[from] item: Leftovers
|-status|p2a: Ali|tox|[from] item: Toxic Orb
|upkeep
|turn|5
|
|t:|1735172790
|move|p2a: Ali|Protect|p2a: Ali
|-singleturn|p2a: Ali|Protect
|move|p1a: Keldeo|Secret Sword|p2a: Ali
|-activate|p2a: Ali|move: Protect
|
|-heal|p1a: Keldeo|100/100|[from] item: Leftovers
|-heal|p2a: Ali|52/100 tox|[from] ability: Poison Heal
|upkeep
|turn|6
|
|t:|1735172803
|move|p2a: Ali|Protect|p2a: Ali
|-singleturn|p2a: Ali|Protect
|move|p1a: Keldeo|Secret Sword|p2a: Ali
|-activate|p2a: Ali|move: Protect
|
|-heal|p2a: Ali|65/100 tox|[from] ability: Poison Heal
|upkeep
|turn|7
|
|t:|1735172809
|switch|p1a: Landorus|Landorus-Therian, M|100/100
|-damage|p1a: Landorus|88/100|[from] Stealth Rock
|-ability|p1a: Landorus|Intimidate|boost
|-unboost|p2a: Ali|atk|1
|move|p2a: Ali|Leech Seed|p1a: Landorus
|-start|p1a: Landorus|move: Leech Seed
|
|-damage|p1a: Landorus|76/100|[from] Leech Seed|[of] p2a: Ali
|-heal|p2a: Ali|77/100 tox|[silent]
|-heal|p2a: Ali|89/100 tox|[from] ability: Poison Heal
|upkeep
|turn|8
|
|t:|1735172813
|move|p1a: Landorus|Stealth Rock|p2a: Ali
|-sidestart|p2: Blaise BWOU|move: Stealth Rock
|move|p2a: Ali|Toxic|p1a: Landorus
|-status|p1a: Landorus|tox
|
|-damage|p1a: Landorus|64/100 tox|[from] Leech Seed|[of] p2a: Ali
|-heal|p2a: Ali|100/100 tox|[silent]
|-damage|p1a: Landorus|58/100 tox|[from] psn
|upkeep
|turn|9
|
|t:|1735172833
|move|p2a: Ali|Protect|p2a: Ali
|-singleturn|p2a: Ali|Protect
|move|p1a: Landorus|U-turn|p2a: Ali
|-activate|p2a: Ali|move: Protect
|
|-damage|p1a: Landorus|46/100 tox|[from] Leech Seed|[of] p2a: Ali
|-damage|p1a: Landorus|34/100 tox|[from] psn
|upkeep
|turn|10
|
|t:|1735172836
|move|p1a: Landorus|U-turn|p2a: Ali
|-crit|p2a: Ali
|-damage|p2a: Ali|30/100 tox
|c|☆HydreigonSpammer|this is chinese torture not ho
|
|t:|1735172846
|switch|p1a: Espeon|Espeon, F|100/100|[from] U-turn
|-damage|p1a: Espeon|88/100|[from] Stealth Rock
|move|p2a: Ali|Leech Seed|p1a: Espeon
|move|p1a: Espeon|Leech Seed|p2a: Ali|[from]ability: Magic Bounce
|-immune|p2a: Ali
|
|-heal|p2a: Ali|42/100 tox|[from] ability: Poison Heal
|upkeep
|turn|11
|c|☆Blaise BWOU|ahah breloom is the only staller
|
|t:|1735172880
|move|p2a: Ali|Protect|p2a: Ali
|-singleturn|p2a: Ali|Protect
|move|p1a: Espeon|Reflect|p1a: Espeon
|-sidestart|p1: HydreigonSpammer|Reflect
|
|-heal|p2a: Ali|55/100 tox|[from] ability: Poison Heal
|upkeep
|turn|12
|
|t:|1735172891
|switch|p2a: Z|Scizor, M|100/100
|-damage|p2a: Z|88/100|[from] Stealth Rock
|move|p1a: Espeon|Light Screen|p1a: Espeon
|-sidestart|p1: HydreigonSpammer|move: Light Screen
|
|upkeep
|turn|13
|
|t:|1735172897
|move|p2a: Z|U-turn|p1a: Espeon
|-supereffective|p1a: Espeon
|-damage|p1a: Espeon|33/100
|
|t:|1735172903
|switch|p2a: Ali|Breloom, M, shiny|55/100 tox|[from] U-turn
|-damage|p2a: Ali|48/100 tox|[from] Stealth Rock
|move|p1a: Espeon|Baton Pass|p1a: Espeon
|
|t:|1735172910
|switch|p1a: Landorus|Landorus-Therian, M|34/100 tox|[from] Baton Pass
|-damage|p1a: Landorus|22/100 tox|[from] Stealth Rock
|-ability|p1a: Landorus|Intimidate|boost
|-unboost|p2a: Ali|atk|1
|
|-damage|p1a: Landorus|16/100 tox|[from] psn
|-heal|p2a: Ali|61/100 tox|[from] ability: Poison Heal
|upkeep
|turn|14
|
|t:|1735172917
|switch|p1a: Keldeo|Keldeo|100/100
|-damage|p1a: Keldeo|94/100|[from] Stealth Rock
|move|p2a: Ali|Protect||[still]
|-fail|p2a: Ali
|
|-heal|p1a: Keldeo|100/100|[from] item: Leftovers
|-heal|p2a: Ali|73/100 tox|[from] ability: Poison Heal
|upkeep
|turn|15
|
|t:|1735172924
|move|p1a: Keldeo|Substitute|p1a: Keldeo
|-start|p1a: Keldeo|Substitute
|-damage|p1a: Keldeo|76/100
|move|p2a: Ali|Leech Seed||[still]
|-fail|p2a: Ali
|
|-heal|p1a: Keldeo|82/100|[from] item: Leftovers
|-heal|p2a: Ali|85/100 tox|[from] ability: Poison Heal
|upkeep
|turn|16
|
|t:|1735172926
|move|p2a: Ali|Mach Punch|p1a: Keldeo
|-activate|p1a: Keldeo|Substitute|[damage]
|move|p1a: Keldeo|Calm Mind|p1a: Keldeo
|-boost|p1a: Keldeo|spa|1
|-boost|p1a: Keldeo|spd|1
|
|-heal|p1a: Keldeo|88/100|[from] item: Leftovers
|-heal|p2a: Ali|98/100 tox|[from] ability: Poison Heal
|upkeep
|turn|17
|
|t:|1735172930
|move|p2a: Ali|Mach Punch|p1a: Keldeo
|-activate|p1a: Keldeo|Substitute|[damage]
|move|p1a: Keldeo|Calm Mind|p1a: Keldeo
|-boost|p1a: Keldeo|spa|1
|-boost|p1a: Keldeo|spd|1
|
|-heal|p1a: Keldeo|94/100|[from] item: Leftovers
|-heal|p2a: Ali|100/100 tox|[from] ability: Poison Heal
|upkeep
|turn|18
|
|t:|1735172934
|move|p2a: Ali|Mach Punch|p1a: Keldeo
|-activate|p1a: Keldeo|Substitute|[damage]
|move|p1a: Keldeo|Calm Mind|p1a: Keldeo
|-boost|p1a: Keldeo|spa|1
|-boost|p1a: Keldeo|spd|1
|
|-heal|p1a: Keldeo|100/100|[from] item: Leftovers
|-sideend|p1: HydreigonSpammer|Reflect
|upkeep
|turn|19
|
|t:|1735172943
|move|p2a: Ali|Mach Punch|p1a: Keldeo
|-end|p1a: Keldeo|Substitute
|move|p1a: Keldeo|Substitute|p1a: Keldeo
|-start|p1a: Keldeo|Substitute
|-damage|p1a: Keldeo|76/100
|
|-heal|p1a: Keldeo|82/100|[from] item: Leftovers
|-sideend|p1: HydreigonSpammer|move: Light Screen
|upkeep
|turn|20
|c|☆Blaise BWOU|ok seed bomb is maube better
|c|☆Blaise BWOU|maybe
|c|☆HydreigonSpammer|i lack hp ice
|
|t:|1735172977
|switch|p2a: Z|Scizor, M|88/100
|-damage|p2a: Z|76/100|[from] Stealth Rock
|move|p1a: Keldeo|Secret Sword|p2a: Z
|-damage|p2a: Z|0 fnt
|faint|p2a: Z
|
|-heal|p1a: Keldeo|88/100|[from] item: Leftovers
|upkeep
|
|t:|1735172984
|switch|p2a: L-Drago|Dragonite, M|100/100
|-damage|p2a: L-Drago|76/100|[from] Stealth Rock
|turn|21
|c|☆HydreigonSpammer|dragonite can handle that, dont even have scald
|
|t:|1735172992
|move|p2a: L-Drago|Extreme Speed|p1a: Keldeo
|-end|p1a: Keldeo|Substitute
|-damage|p2a: L-Drago|66/100|[from] item: Life Orb
|move|p1a: Keldeo|Secret Sword|p2a: L-Drago
|-resisted|p2a: L-Drago
|-damage|p2a: L-Drago|10/100
|
|-heal|p1a: Keldeo|94/100|[from] item: Leftovers
|upkeep
|turn|22
|
|t:|1735173003
|move|p2a: L-Drago|Extreme Speed|p1a: Keldeo
|-damage|p1a: Keldeo|59/100
|-damage|p2a: L-Drago|0 fnt|[from] item: Life Orb
|faint|p2a: L-Drago
|move|p1a: Keldeo|Secret Sword|p2: L-Drago|[notarget]
|-fail|p1a: Keldeo
|
|-heal|p1a: Keldeo|66/100|[from] item: Leftovers
|upkeep
|
|t:|1735173017
|switch|p2a: Sun Wukong|Infernape, M|100/100
|-damage|p2a: Sun Wukong|88/100|[from] Stealth Rock
|turn|23
|
|t:|1735173027
|move|p2a: Sun Wukong|Close Combat|p1a: Keldeo
|-damage|p1a: Keldeo|12/100
|-unboost|p2a: Sun Wukong|def|1
|-unboost|p2a: Sun Wukong|spd|1
|move|p1a: Keldeo|Secret Sword|p2a: Sun Wukong
|-damage|p2a: Sun Wukong|0 fnt
|faint|p2a: Sun Wukong
|
|-heal|p1a: Keldeo|18/100|[from] item: Leftovers
|upkeep
|
|t:|1735173034
|switch|p2a: Saitama|Lucario, M, shiny|100/100
|-damage|p2a: Saitama|98/100|[from] Stealth Rock
|turn|24
|
|t:|1735173040
|move|p2a: Saitama|Extreme Speed|p1a: Keldeo
|-damage|p1a: Keldeo|0 fnt
|faint|p1a: Keldeo
|-damage|p2a: Saitama|88/100|[from] item: Life Orb
|
|upkeep
|
|t:|1735173044
|switch|p1a: Terrakion|Terrakion|100/100
|-damage|p1a: Terrakion|94/100|[from] Stealth Rock
|turn|25
|
|t:|1735173048
|move|p2a: Saitama|Bullet Punch|p1a: Terrakion
|-supereffective|p1a: Terrakion
|-damage|p1a: Terrakion|35/100
|-damage|p2a: Saitama|78/100|[from] item: Life Orb
|move|p1a: Terrakion|Close Combat|p2a: Saitama
|-supereffective|p2a: Saitama
|-damage|p2a: Saitama|0 fnt
|-unboost|p1a: Terrakion|def|1
|-unboost|p1a: Terrakion|spd|1
|faint|p2a: Saitama
|-damage|p1a: Terrakion|26/100|[from] item: Life Orb
|
|upkeep
|
|t:|1735173054
|switch|p2a: Ali|Breloom, M, shiny|100/100 tox
|-damage|p2a: Ali|94/100 tox|[from] Stealth Rock
|turn|26
|
|t:|1735173059
|move|p2a: Ali|Mach Punch|p1a: Terrakion
|-supereffective|p1a: Terrakion
|-damage|p1a: Terrakion|0 fnt
|faint|p1a: Terrakion
|
|-heal|p2a: Ali|100/100 tox|[from] ability: Poison Heal
|upkeep
|
|t:|1735173071
|switch|p1a: Landorus|Landorus-Therian, M|16/100 tox
|-damage|p1a: Landorus|3/100 tox|[from] Stealth Rock
|-ability|p1a: Landorus|Intimidate|boost
|-unboost|p2a: Ali|atk|1
|turn|27
|
|t:|1735173075
|move|p2a: Ali|Protect|p2a: Ali
|-singleturn|p2a: Ali|Protect
|move|p1a: Landorus|Hidden Power|p2a: Ali
|-activate|p2a: Ali|move: Protect
|
|-damage|p1a: Landorus|0 fnt|[from] psn
|faint|p1a: Landorus
|upkeep
|
|t:|1735173078
|switch|p1a: Espeon|Espeon, F|33/100
|-damage|p1a: Espeon|21/100|[from] Stealth Rock
|turn|28
|
|t:|1735173083
|move|p2a: Ali|Mach Punch|p1a: Espeon
|-resisted|p1a: Espeon
|-damage|p1a: Espeon|12/100
|move|p1a: Espeon|Psyshock|p2a: Ali
|-supereffective|p2a: Ali
|-damage|p2a: Ali|13/100 tox
|
|-heal|p2a: Ali|26/100 tox|[from] ability: Poison Heal
|upkeep
|turn|29
|
|t:|1735173089
|move|p2a: Ali|Mach Punch|p1a: Espeon
|-resisted|p1a: Espeon
|-damage|p1a: Espeon|4/100
|move|p1a: Espeon|Psyshock|p2a: Ali
|-supereffective|p2a: Ali
|-damage|p2a: Ali|0 fnt
|faint|p2a: Ali
|
|win|HydreigonSpammer
|raw|HydreigonSpammer's rating: 1273 &rarr; <strong>1303</strong><br />(+30 for winning)
|raw|Blaise BWOU's rating: 1350 &rarr; <strong>1326</strong><br />(-24 for losing)
|c|☆HydreigonSpammer|gg
|c|☆Blaise BWOU|ggg
