|j|☆Machine Gun Dragon
|j|☆Sad Anime Boy
|player|p1|Machine Gun Dragon|ryuki|1601
|player|p2|Sad Anime Boy|1|1464
|teamsize|p1|6
|teamsize|p2|6
|gametype|singles
|gen|5
|tier|[Gen 5] OU
|rated|
|rule|Species Clause: Limit one of each Pokémon
|rule|OHKO Clause: OHKO moves are banned
|rule|Moody Clause: Moody is banned
|rule|Evasion Moves Clause: Evasion moves are banned
|rule|Endless Battle Clause: Forcing endless battles is banned
|rule|HP Percentage Mod: HP is shown in percentages
|rule|Evasion Abilities Clause: Evasion abilities are banned
|rule|Baton Pass Clause: Limit one Baton Passer, can't pass Spe and other stats simultaneously
|rule|Sleep Clause: Sleep-inducing moves are banned
|rule|Swagger Clause: Swagger is banned
|clearpoke
|poke|p1|Politoed, M|item
|poke|p1|Gliscor, M|item
|poke|p1|Ferrothorn, M|item
|poke|p1|Tentacruel, M|item
|poke|p1|Jirachi|item
|poke|p1|Keldeo-Resolute|item
|poke|p2|Tyranitar, M|item
|poke|p2|Rotom-Wash|item
|poke|p2|Alakazam, M|item
|poke|p2|Ferrothorn, F|item
|poke|p2|Landorus-Therian, M|item
|poke|p2|Latios, M|item
|teampreview
|inactive|Battle timer is ON: inactive players will automatically lose when time's up. (requested by Sad Anime Boy)
|j| Deadpoolslayz
|
|start
|switch|p1a: Ferrothorn|Ferrothorn, M|100/100
|switch|p2a: Rotom|Rotom-Wash, shiny|100/100
|turn|1
|
|move|p2a: Rotom|Will-O-Wisp|p1a: Ferrothorn|[miss]
|-miss|p2a: Rotom|p1a: Ferrothorn
|move|p1a: Ferrothorn|Spikes|p2a: Rotom
|-sidestart|p2: Sad Anime Boy|Spikes
|
|upkeep
|turn|2
|
|move|p2a: Rotom|Will-O-Wisp|p1a: Ferrothorn
|-status|p1a: Ferrothorn|brn
|move|p1a: Ferrothorn|Spikes|p2a: Rotom
|-sidestart|p2: Sad Anime Boy|Spikes
|
|-damage|p1a: Ferrothorn|88/100 brn|[from] brn
|upkeep
|turn|3
|
|move|p2a: Rotom|Volt Switch|p1a: Ferrothorn
|-resisted|p1a: Ferrothorn
|-damage|p1a: Ferrothorn|79/100 brn
|
|switch|p2a: Ferrothorn|Ferrothorn, F|100/100|[from]move: Volt Switch
|-damage|p2a: Ferrothorn|84/100|[from] Spikes
|move|p1a: Ferrothorn|Spikes|p2a: Ferrothorn
|-sidestart|p2: Sad Anime Boy|Spikes
|
|-heal|p1a: Ferrothorn|85/100 brn|[from] item: Leftovers
|-heal|p2a: Ferrothorn|90/100|[from] item: Leftovers
|-damage|p1a: Ferrothorn|72/100 brn|[from] brn
|upkeep
|turn|4
|
|switch|p1a: Gliscor|Gliscor, M|100/100
|move|p2a: Ferrothorn|Spikes|p1a: Gliscor
|-sidestart|p1: Machine Gun Dragon|Spikes
|
|-heal|p2a: Ferrothorn|97/100|[from] item: Leftovers
|-status|p1a: Gliscor|tox|[from] item: Toxic Orb
|upkeep
|turn|5
|
|move|p1a: Gliscor|Substitute|p1a: Gliscor
|-start|p1a: Gliscor|Substitute
|-damage|p1a: Gliscor|75/100 tox
|move|p2a: Ferrothorn|Gyro Ball|p1a: Gliscor
|-end|p1a: Gliscor|Substitute
|
|-heal|p2a: Ferrothorn|100/100|[from] item: Leftovers
|-heal|p1a: Gliscor|88/100 tox|[from] ability: Poison Heal
|upkeep
|turn|6
|
|move|p1a: Gliscor|Substitute|p1a: Gliscor
|-start|p1a: Gliscor|Substitute
|-damage|p1a: Gliscor|63/100 tox
|move|p2a: Ferrothorn|Gyro Ball|p1a: Gliscor
|-end|p1a: Gliscor|Substitute
|
|-heal|p1a: Gliscor|75/100 tox|[from] ability: Poison Heal
|upkeep
|turn|7
|
|move|p1a: Gliscor|Protect|p1a: Gliscor
|-singleturn|p1a: Gliscor|Protect
|move|p2a: Ferrothorn|Gyro Ball|p1a: Gliscor
|-activate|p1a: Gliscor|move: Protect
|
|-heal|p1a: Gliscor|88/100 tox|[from] ability: Poison Heal
|upkeep
|turn|8
|
|move|p1a: Gliscor|Substitute|p1a: Gliscor
|-start|p1a: Gliscor|Substitute
|-damage|p1a: Gliscor|63/100 tox
|move|p2a: Ferrothorn|Gyro Ball|p1a: Gliscor
|-end|p1a: Gliscor|Substitute
|
|-heal|p1a: Gliscor|75/100 tox|[from] ability: Poison Heal
|upkeep
|turn|9
|
|switch|p2a: Latios|Latios, M|100/100
|move|p1a: Gliscor|Substitute|p1a: Gliscor
|-start|p1a: Gliscor|Substitute
|-damage|p1a: Gliscor|50/100 tox
|
|-heal|p1a: Gliscor|63/100 tox|[from] ability: Poison Heal
|upkeep
|turn|10
|
|move|p1a: Gliscor|Protect|p1a: Gliscor
|-singleturn|p1a: Gliscor|Protect
|move|p2a: Latios|Surf|p1a: Gliscor
|-activate|p1a: Gliscor|move: Protect
|
|-heal|p1a: Gliscor|75/100 tox|[from] ability: Poison Heal
|upkeep
|turn|11
|
|move|p2a: Latios|Surf|p1a: Gliscor
|-supereffective|p1a: Gliscor
|-end|p1a: Gliscor|Substitute
|move|p1a: Gliscor|Toxic|p2a: Latios
|-status|p2a: Latios|tox
|
|-damage|p2a: Latios|95/100 tox|[from] psn
|-heal|p1a: Gliscor|88/100 tox|[from] ability: Poison Heal
|upkeep
|turn|12
|
|switch|p2a: Ferrothorn|Ferrothorn, F|100/100
|-damage|p2a: Ferrothorn|75/100|[from] Spikes
|move|p1a: Gliscor|Protect||[still]
|-fail|p1a: Gliscor
|
|-heal|p2a: Ferrothorn|82/100|[from] item: Leftovers
|-heal|p1a: Gliscor|100/100 tox|[from] ability: Poison Heal
|upkeep
|turn|13
|
|move|p1a: Gliscor|Substitute|p1a: Gliscor
|-start|p1a: Gliscor|Substitute
|-damage|p1a: Gliscor|75/100 tox
|move|p2a: Ferrothorn|Spikes|p1a: Gliscor
|-sidestart|p1: Machine Gun Dragon|Spikes
|
|-heal|p2a: Ferrothorn|88/100|[from] item: Leftovers
|-heal|p1a: Gliscor|88/100 tox|[from] ability: Poison Heal
|upkeep
|turn|14
|
|move|p1a: Gliscor|Earthquake|p2a: Ferrothorn
|-damage|p2a: Ferrothorn|66/100
|move|p2a: Ferrothorn|Gyro Ball|p1a: Gliscor
|-end|p1a: Gliscor|Substitute
|
|-heal|p2a: Ferrothorn|73/100|[from] item: Leftovers
|-heal|p1a: Gliscor|100/100 tox|[from] ability: Poison Heal
|upkeep
|turn|15
|
|move|p1a: Gliscor|Substitute|p1a: Gliscor
|-start|p1a: Gliscor|Substitute
|-damage|p1a: Gliscor|75/100 tox
|move|p2a: Ferrothorn|Spikes|p1a: Gliscor
|-sidestart|p1: Machine Gun Dragon|Spikes
|
|-heal|p2a: Ferrothorn|79/100|[from] item: Leftovers
|-heal|p1a: Gliscor|88/100 tox|[from] ability: Poison Heal
|upkeep
|turn|16
|
|move|p1a: Gliscor|Earthquake|p2a: Ferrothorn
|-damage|p2a: Ferrothorn|57/100
|move|p2a: Ferrothorn|Spikes||[still]
|-fail|p2a: Ferrothorn
|
|-heal|p2a: Ferrothorn|63/100|[from] item: Leftovers
|-heal|p1a: Gliscor|100/100 tox|[from] ability: Poison Heal
|upkeep
|turn|17
|
|move|p1a: Gliscor|Earthquake|p2a: Ferrothorn
|-damage|p2a: Ferrothorn|37/100
|move|p2a: Ferrothorn|Gyro Ball|p1a: Gliscor
|-end|p1a: Gliscor|Substitute
|
|-heal|p2a: Ferrothorn|44/100|[from] item: Leftovers
|upkeep
|turn|18
|
|switch|p2a: Landorus|Landorus-Therian, M|100/100
|-ability|p2a: Landorus|Intimidate|boost
|-unboost|p1a: Gliscor|atk|1
|move|p1a: Gliscor|Substitute|p1a: Gliscor
|-start|p1a: Gliscor|Substitute
|-damage|p1a: Gliscor|75/100 tox
|
|-heal|p1a: Gliscor|88/100 tox|[from] ability: Poison Heal
|upkeep
|turn|19
|
|switch|p2a: Alakazam|Alakazam, M|100/100
|move|p1a: Gliscor|Toxic|p2a: Alakazam
|-status|p2a: Alakazam|tox
|
|-heal|p1a: Gliscor|100/100 tox|[from] ability: Poison Heal
|upkeep
|turn|20
|
|move|p2a: Alakazam|Psychic|p1a: Gliscor
|-end|p1a: Gliscor|Substitute
|move|p1a: Gliscor|Earthquake|p2a: Alakazam
|-damage|p2a: Alakazam|47/100 tox
|
|upkeep
|turn|21
|
|move|p1a: Gliscor|Protect|p1a: Gliscor
|-singleturn|p1a: Gliscor|Protect
|move|p2a: Alakazam|Focus Blast|p1a: Gliscor
|-activate|p1a: Gliscor|move: Protect
|
|upkeep
|turn|22
|
|move|p2a: Alakazam|Hidden Power|p1a: Gliscor
|-supereffective|p1a: Gliscor
|-damage|p1a: Gliscor|0 fnt
|faint|p1a: Gliscor
|
|upkeep
|
|switch|p1a: Jirachi|Jirachi|100/100
|-damage|p1a: Jirachi|76/100|[from] Spikes
|turn|23
|j| Spiecywhiteboi
|
|switch|p2a: Landorus|Landorus-Therian, M|100/100
|-ability|p2a: Landorus|Intimidate|boost
|-unboost|p1a: Jirachi|atk|1
|move|p1a: Jirachi|Stealth Rock|p2a: Landorus
|-sidestart|p2: Sad Anime Boy|move: Stealth Rock
|
|-heal|p1a: Jirachi|82/100|[from] item: Leftovers
|upkeep
|turn|24
|
|switch|p1a: Politoed|Politoed, M|100/100
|-damage|p1a: Politoed|76/100|[from] Spikes
|-weather|RainDance|[from] ability: Drizzle|[of] p1a: Politoed
|move|p2a: Landorus|Earthquake|p1a: Politoed
|-damage|p1a: Politoed|17/100
|
|-weather|RainDance|[upkeep]
|upkeep
|turn|25
|
|switch|p2a: Rotom|Rotom-Wash, shiny|100/100
|-damage|p2a: Rotom|88/100|[from] Stealth Rock
|move|p1a: Politoed|Surf|p2a: Rotom
|-resisted|p2a: Rotom
|-damage|p2a: Rotom|65/100
|
|-weather|RainDance|[upkeep]
|-heal|p2a: Rotom|70/100|[from] item: Leftovers
|upkeep
|turn|26
|
|switch|p1a: Ferrothorn|Ferrothorn, M|72/100 brn
|-damage|p1a: Ferrothorn|48/100 brn|[from] Spikes
|move|p2a: Rotom|Volt Switch|p1a: Ferrothorn
|-resisted|p1a: Ferrothorn
|-damage|p1a: Ferrothorn|37/100 brn
|
|switch|p2a: Tyranitar|Tyranitar, M|100/100|[from]move: Volt Switch
|-damage|p2a: Tyranitar|88/100|[from] Stealth Rock
|-damage|p2a: Tyranitar|63/100|[from] Spikes
|-weather|Sandstorm|[from] ability: Sand Stream|[of] p2a: Tyranitar
|
|-weather|Sandstorm|[upkeep]
|-heal|p1a: Ferrothorn|43/100 brn|[from] item: Leftovers
|-damage|p1a: Ferrothorn|31/100 brn|[from] brn
|upkeep
|turn|27
|
|move|p2a: Tyranitar|Superpower|p1a: Ferrothorn
|-supereffective|p1a: Ferrothorn
|-damage|p1a: Ferrothorn|0 fnt
|-damage|p2a: Tyranitar|51/100|[from] ability: Iron Barbs|[of] p1a: Ferrothorn
|-unboost|p2a: Tyranitar|atk|1
|-unboost|p2a: Tyranitar|def|1
|faint|p1a: Ferrothorn
|
|-weather|Sandstorm|[upkeep]
|upkeep
|
|switch|p1a: Tentacruel|Tentacruel, M|100/100
|-damage|p1a: Tentacruel|76/100|[from] Spikes
|turn|28
|
|move|p1a: Tentacruel|Rapid Spin|p2a: Tyranitar
|-resisted|p2a: Tyranitar
|-damage|p2a: Tyranitar|49/100
|-sideend|p1: Machine Gun Dragon|Spikes|[from] move: Rapid Spin|[of] p1a: Tentacruel
|move|p2a: Tyranitar|Crunch|p1a: Tentacruel
|-damage|p1a: Tentacruel|39/100
|
|-weather|Sandstorm|[upkeep]
|-damage|p1a: Tentacruel|33/100|[from] Sandstorm
|-heal|p1a: Tentacruel|39/100|[from] item: Black Sludge
|upkeep
|turn|29
|
|move|p1a: Tentacruel|Scald|p2a: Tyranitar
|-supereffective|p2a: Tyranitar
|-damage|p2a: Tyranitar|27/100
|move|p2a: Tyranitar|Stealth Rock|p1a: Tentacruel
|-sidestart|p1: Machine Gun Dragon|move: Stealth Rock
|
|-weather|Sandstorm|[upkeep]
|-damage|p1a: Tentacruel|33/100|[from] Sandstorm
|-heal|p1a: Tentacruel|39/100|[from] item: Black Sludge
|upkeep
|turn|30
|
|move|p1a: Tentacruel|Rapid Spin|p2a: Tyranitar
|-resisted|p2a: Tyranitar
|-crit|p2a: Tyranitar
|-damage|p2a: Tyranitar|24/100
|-sideend|p1: Machine Gun Dragon|Stealth Rock|[from] move: Rapid Spin|[of] p1a: Tentacruel
|move|p2a: Tyranitar|Crunch|p1a: Tentacruel
|-damage|p1a: Tentacruel|2/100
|
|-weather|Sandstorm|[upkeep]
|-damage|p1a: Tentacruel|0 fnt|[from] Sandstorm
|faint|p1a: Tentacruel
|upkeep
|
|switch|p1a: Politoed|Politoed, M|17/100
|-weather|RainDance|[from] ability: Drizzle|[of] p1a: Politoed
|turn|31
|
|move|p1a: Politoed|Surf|p2a: Tyranitar
|-supereffective|p2a: Tyranitar
|-damage|p2a: Tyranitar|0 fnt
|faint|p2a: Tyranitar
|
|-weather|RainDance|[upkeep]
|upkeep
|
|switch|p2a: Rotom|Rotom-Wash, shiny|70/100
|-damage|p2a: Rotom|58/100|[from] Stealth Rock
|turn|32
|
|move|p1a: Politoed|Surf|p2a: Rotom
|-resisted|p2a: Rotom
|-damage|p2a: Rotom|34/100
|move|p2a: Rotom|Volt Switch|p1a: Politoed
|-supereffective|p1a: Politoed
|-damage|p1a: Politoed|0 fnt
|faint|p1a: Politoed
|
|switch|p2a: Latios|Latios, M|95/100 tox|[from]move: Volt Switch
|-damage|p2a: Latios|82/100 tox|[from] Stealth Rock
|
|-weather|RainDance|[upkeep]
|-damage|p2a: Latios|76/100 tox|[from] psn
|upkeep
|
|switch|p1a: Jirachi|Jirachi|82/100
|turn|33
|
|move|p2a: Latios|Surf|p1a: Jirachi
|-damage|p1a: Jirachi|37/100
|move|p1a: Jirachi|U-turn|p2a: Latios
|-supereffective|p2a: Latios
|-damage|p2a: Latios|34/100 tox
|
|switch|p1a: Keldeo|Keldeo-Resolute|100/100|[from]move: U-turn
|
|-weather|RainDance|[upkeep]
|-damage|p2a: Latios|22/100 tox|[from] psn
|upkeep
|turn|34
|
|move|p2a: Latios|Surf|p1a: Keldeo
|-resisted|p1a: Keldeo
|-damage|p1a: Keldeo|61/100
|move|p1a: Keldeo|Surf|p2a: Latios
|-resisted|p2a: Latios
|-damage|p2a: Latios|0 fnt
|faint|p2a: Latios
|
|-weather|RainDance|[upkeep]
|upkeep
|
|switch|p2a: Alakazam|Alakazam, M|47/100 tox
|turn|35
|
|switch|p1a: Jirachi|Jirachi|37/100
|move|p2a: Alakazam|Psychic|p1a: Jirachi
|-resisted|p1a: Jirachi
|-damage|p1a: Jirachi|30/100
|
|-weather|RainDance|[upkeep]
|-heal|p1a: Jirachi|36/100|[from] item: Leftovers
|upkeep
|turn|36
|
|switch|p2a: Ferrothorn|Ferrothorn, F|44/100
|-damage|p2a: Ferrothorn|37/100|[from] Stealth Rock
|-damage|p2a: Ferrothorn|12/100|[from] Spikes
|move|p1a: Jirachi|U-turn|p2a: Ferrothorn
|-damage|p2a: Ferrothorn|1/100
|-damage|p1a: Jirachi|24/100|[from] ability: Iron Barbs|[of] p2a: Ferrothorn
|
|switch|p1a: Keldeo|Keldeo-Resolute|61/100|[from]move: U-turn
|
|-weather|RainDance|[upkeep]
|-heal|p2a: Ferrothorn|7/100|[from] item: Leftovers
|upkeep
|turn|37
|
|move|p1a: Keldeo|Surf|p2a: Ferrothorn
|-resisted|p2a: Ferrothorn
|-damage|p2a: Ferrothorn|0 fnt
|faint|p2a: Ferrothorn
|
|-weather|RainDance|[upkeep]
|upkeep
|
|switch|p2a: Alakazam|Alakazam, M|47/100 tox
|turn|38
|
|move|p2a: Alakazam|Psychic|p1a: Keldeo
|-supereffective|p1a: Keldeo
|-damage|p1a: Keldeo|0 fnt
|faint|p1a: Keldeo
|
|-weather|RainDance|[upkeep]
|upkeep
|-message|Machine Gun Dragon forfeited.
|
|win|Sad Anime Boy
|l|☆Machine Gun Dragon
|raw|Machine Gun Dragon's rating: 1601 &rarr; <strong>1574</strong><br />(-27 for losing)
|raw|Sad Anime Boy's rating: 1465 &rarr; <strong>1492</strong><br />(+27 for winning)
