|j|☆emilundso
|j|☆nidiedi
|t:|1724651837
|gametype|singles
|player|p1|emilundso|roxie|1465
|player|p2|nidiedi|102|1543
|teamsize|p1|6
|teamsize|p2|6
|gen|5
|tier|[Gen 5] OU
|rated|
|rule|Species Clause: Limit one of each Pokémon
|rule|OHKO Clause: OHKO moves are banned
|rule|Moody Clause: Moody is banned
|rule|Evasion Items Clause: Evasion items are banned
|rule|Evasion Moves Clause: Evasion moves are banned
|rule|Endless Battle Clause: Forcing endless battles is banned
|rule|HP Percentage Mod: HP is shown in percentages
|rule|Evasion Abilities Clause: Evasion abilities are banned
|rule|Sleep Moves Clause: Sleep-inducing moves are banned
|rule|Swagger Clause: Swagger is banned
|rule|Baton Pass Stat Clause: No Baton Passer may have a way to boost its stats
|clearpoke
|poke|p1|Hydreigon, M|item
|poke|p1|Mamoswine, M|item
|poke|p1|Latios, M|item
|poke|p1|Scizor, F|item
|poke|p1|Garchomp, M|item
|poke|p1|Magnezone|item
|poke|p2|Heatran, F|item
|poke|p2|Latias, F|item
|poke|p2|Breloom, F|item
|poke|p2|Landorus-Therian, M|item
|poke|p2|Excadrill, F|item
|poke|p2|Ninetales, F|item
|teampreview
|inactive|Battle timer is ON: inactive players will automatically lose when time's up. (requested by nidiedi)
|c|☆nidiedi|hi
|c|☆emilundso|hii
|
|t:|1724651862
|start
|switch|p1a: Mamoswine|Mamoswine, M|100/100
|switch|p2a: Ninetales|Ninetales, F|100/100
|-weather|SunnyDay|[from] ability: Drought|[of] p2a: Ninetales
|turn|1
|
|t:|1724651875
|move|p2a: Ninetales|Flamethrower|p1a: Mamoswine
|-supereffective|p1a: Mamoswine
|-damage|p1a: Mamoswine|38/100
|move|p1a: Mamoswine|Stealth Rock|p2a: Ninetales
|-sidestart|p2: nidiedi|move: Stealth Rock
|
|-weather|SunnyDay|[upkeep]
|upkeep
|turn|2
|
|t:|1724651888
|switch|p1a: Hydreigon|Hydreigon, M|100/100
|move|p2a: Ninetales|Will-O-Wisp|p1a: Hydreigon
|-status|p1a: Hydreigon|brn
|
|-weather|SunnyDay|[upkeep]
|-damage|p1a: Hydreigon|88/100 brn|[from] brn
|upkeep
|turn|3
|
|t:|1724651916
|switch|p2a: Excadrill|Excadrill, F|100/100
|-damage|p2a: Excadrill|97/100|[from] Stealth Rock
|-ability|p2a: Excadrill|Mold Breaker
|move|p1a: Hydreigon|Draco Meteor|p2a: Excadrill
|-resisted|p2a: Excadrill
|-damage|p2a: Excadrill|52/100
|-unboost|p1a: Hydreigon|spa|2
|
|-weather|SunnyDay|[upkeep]
|-heal|p2a: Excadrill|59/100|[from] item: Leftovers
|-damage|p1a: Hydreigon|76/100 brn|[from] brn
|upkeep
|turn|4
|inactive|nidiedi has 120 seconds left.
|
|t:|1724651943
|switch|p1a: Garchomp|Garchomp, M|100/100
|move|p2a: Excadrill|Stealth Rock|p1a: Garchomp
|-sidestart|p1: emilundso|move: Stealth Rock
|
|-weather|SunnyDay|[upkeep]
|-heal|p2a: Excadrill|65/100|[from] item: Leftovers
|upkeep
|turn|5
|inactive|nidiedi has 120 seconds left.
|inactive|emilundso has 120 seconds left.
|
|t:|1724651962
|switch|p1a: Mamoswine|Mamoswine, M|38/100
|-damage|p1a: Mamoswine|25/100|[from] Stealth Rock
|switch|p2a: Landorus|Landorus-Therian, M|100/100
|-damage|p2a: Landorus|88/100|[from] Stealth Rock
|-ability|p2a: Landorus|Intimidate|boost
|-unboost|p1a: Mamoswine|atk|1
|
|-weather|SunnyDay|[upkeep]
|upkeep
|turn|6
|inactive|emilundso has 120 seconds left.
|inactive|nidiedi has 120 seconds left.
|
|t:|1724651990
|move|p1a: Mamoswine|Ice Shard|p2a: Landorus
|-supereffective|p2a: Landorus
|-damage|p2a: Landorus|38/100
|move|p2a: Landorus|Earthquake|p1a: Mamoswine
|-damage|p1a: Mamoswine|0 fnt
|faint|p1a: Mamoswine
|
|-weather|SunnyDay|[upkeep]
|upkeep
|
|t:|1724652004
|switch|p1a: Hydreigon|Hydreigon, M|76/100 brn
|-damage|p1a: Hydreigon|64/100 brn|[from] Stealth Rock
|turn|7
|
|t:|1724652015
|switch|p2a: Ninetales|Ninetales, F|100/100
|-damage|p2a: Ninetales|76/100|[from] Stealth Rock
|move|p1a: Hydreigon|Fire Blast|p2a: Ninetales
|-resisted|p2a: Ninetales
|-damage|p2a: Ninetales|32/100
|-enditem|p2a: Ninetales|Eject Button
|inactive|nidiedi has 120 seconds left.
|
|t:|1724652031
|switch|p2a: Heatran|Heatran, F|100/100
|-damage|p2a: Heatran|88/100|[from] Stealth Rock
|-item|p2a: Heatran|Air Balloon
|
|-weather|SunnyDay|[upkeep]
|-damage|p1a: Hydreigon|51/100 brn|[from] brn
|upkeep
|turn|8
|
|t:|1724652044
|switch|p1a: Latios|Latios, M|100/100
|-damage|p1a: Latios|88/100|[from] Stealth Rock
|move|p2a: Heatran|Hidden Power|p1a: Latios
|-supereffective|p1a: Latios
|-crit|p1a: Latios
|-damage|p1a: Latios|0 fnt
|faint|p1a: Latios
|
|-weather|SunnyDay|[upkeep]
|upkeep
|c|☆nidiedi|sry
|
|t:|1724652055
|switch|p1a: Hydreigon|Hydreigon, M|51/100 brn
|-damage|p1a: Hydreigon|39/100 brn|[from] Stealth Rock
|turn|9
|c|☆emilundso|all good
|
|t:|1724652072
|switch|p2a: Ninetales|Ninetales, F|32/100
|-damage|p2a: Ninetales|7/100|[from] Stealth Rock
|move|p1a: Hydreigon|Draco Meteor|p2a: Ninetales
|-damage|p2a: Ninetales|0 fnt
|-unboost|p1a: Hydreigon|spa|2
|faint|p2a: Ninetales
|
|-weather|SunnyDay|[upkeep]
|-damage|p1a: Hydreigon|27/100 brn|[from] brn
|upkeep
|inactive|nidiedi has 120 seconds left.
|
|t:|1724652099
|switch|p2a: Breloom|Breloom, F|100/100
|-damage|p2a: Breloom|94/100|[from] Stealth Rock
|turn|10
|
|t:|1724652109
|switch|p1a: Magnezone|Magnezone|100/100
|-damage|p1a: Magnezone|94/100|[from] Stealth Rock
|move|p2a: Breloom|Mach Punch|p1a: Magnezone
|-supereffective|p1a: Magnezone
|-damage|p1a: Magnezone|49/100
|
|-weather|SunnyDay|[upkeep]
|-status|p2a: Breloom|tox|[from] item: Toxic Orb
|upkeep
|turn|11
|
|t:|1724652125
|switch|p2a: Heatran|Heatran, F|88/100
|-damage|p2a: Heatran|76/100|[from] Stealth Rock
|-item|p2a: Heatran|Air Balloon
|move|p1a: Magnezone|Hidden Power|p2a: Heatran
|-start|p2a: Heatran|ability: Flash Fire
|
|-weather|SunnyDay|[upkeep]
|upkeep
|turn|12
|
|t:|1724652137
|move|p2a: Heatran|Flame Charge|p1a: Magnezone
|-supereffective|p1a: Magnezone
|-damage|p1a: Magnezone|0 fnt
|-boost|p2a: Heatran|spe|1
|faint|p1a: Magnezone
|
|-weather|SunnyDay|[upkeep]
|upkeep
|
|t:|1724652147
|switch|p1a: Hydreigon|Hydreigon, M|27/100 brn
|-damage|p1a: Hydreigon|14/100 brn|[from] Stealth Rock
|turn|13
|
|t:|1724652156
|move|p2a: Heatran|Flame Charge|p1a: Hydreigon
|-resisted|p1a: Hydreigon
|-damage|p1a: Hydreigon|0 fnt
|-boost|p2a: Heatran|spe|1
|faint|p1a: Hydreigon
|
|-weather|SunnyDay|[upkeep]
|upkeep
|c|☆emilundso|gg
|c|☆nidiedi|gg thx
|
|t:|1724652168
|switch|p1a: Garchomp|Garchomp, M|100/100
|-damage|p1a: Garchomp|94/100|[from] Stealth Rock
|turn|14
|
|t:|1724652174
|move|p2a: Heatran|Hidden Power|p1a: Garchomp
|-supereffective|p1a: Garchomp
|-damage|p1a: Garchomp|0 fnt
|faint|p1a: Garchomp
|
|-weather|SunnyDay|[upkeep]
|upkeep
|
|t:|1724652179
|switch|p1a: Scizor|Scizor, F|100/100
|-damage|p1a: Scizor|88/100|[from] Stealth Rock
|turn|15
|
|t:|1724652183
|move|p1a: Scizor|Bullet Punch|p2a: Heatran
|-resisted|p2a: Heatran
|-damage|p2a: Heatran|63/100
|-enditem|p2a: Heatran|Air Balloon
|move|p2a: Heatran|Flame Charge|p1a: Scizor
|-supereffective|p1a: Scizor
|-damage|p1a: Scizor|0 fnt
|-boost|p2a: Heatran|spe|1
|faint|p1a: Scizor
|
|win|nidiedi
|raw|emilundso's rating: 1465 &rarr; <strong>1449</strong><br />(-16 for losing)
|raw|nidiedi's rating: 1543 &rarr; <strong>1559</strong><br />(+16 for winning)
