|j|☆FoodieTheFood
|j|☆rabian
|t:|1701649238
|gametype|singles
|player|p1|FoodieTheFood|iris-gen5bw2|1275
|player|p2|rabian|iris-gen5bw2|1556
|teamsize|p1|6
|teamsize|p2|6
|gen|5
|tier|[Gen 5] OU
|rated|
|rule|Species Clause: Limit one of each Pokémon
|rule|OHKO Clause: OHKO moves are banned
|rule|Moody Clause: Moody is banned
|rule|Evasion Items Clause: Evasion items are banned
|rule|Evasion Moves Clause: Evasion moves are banned
|rule|Endless Battle Clause: Forcing endless battles is banned
|rule|HP Percentage Mod: HP is shown in percentages
|rule|Evasion Abilities Clause: Evasion abilities are banned
|rule|Sleep Moves Clause: Sleep-inducing moves are banned
|rule|Swagger Clause: Swagger is banned
|rule|Baton Pass Stat Clause: No Baton Passer may have a way to boost its stats
|clearpoke
|poke|p1|Mamoswine, F|item
|poke|p1|Umbreon, M|item
|poke|p1|Dragonite, M|item
|poke|p1|Kyurem-Black|item
|poke|p1|Gyarados, F|item
|poke|p1|Gengar, M|item
|poke|p2|Jolteon, M|item
|poke|p2|Ferrothorn, F|item
|poke|p2|Politoed, M|item
|poke|p2|Gyarados, M|item
|poke|p2|Toxicroak, F|item
|poke|p2|Tentacruel, F|item
|teampreview
|c|☆rabian|glhf!
|
|t:|1701649245
|start
|switch|p1a: Dragonite|Dragonite, M|100/100
|switch|p2a: Weather Setter|Politoed, M|100/100
|-weather|RainDance|[from] ability: Drizzle|[of] p2a: Weather Setter
|turn|1
|
|t:|1701649253
|move|p1a: Dragonite|Dragon Dance|p1a: Dragonite
|-boost|p1a: Dragonite|atk|1
|-boost|p1a: Dragonite|spe|1
|move|p2a: Weather Setter|Ice Beam|p1a: Dragonite
|-supereffective|p1a: Dragonite
|-damage|p1a: Dragonite|64/100
|
|-weather|RainDance|[upkeep]
|-heal|p1a: Dragonite|70/100|[from] item: Leftovers
|upkeep
|turn|2
|c|☆rabian|fellow iris
|
|t:|1701649265
|switch|p2a: Wall|Ferrothorn, F|100/100
|move|p1a: Dragonite|Outrage|p2a: Wall
|-resisted|p2a: Wall
|-damage|p2a: Wall|65/100
|-damage|p1a: Dragonite|58/100|[from] ability: Iron Barbs|[of] p2a: Wall
|
|-weather|RainDance|[upkeep]
|-heal|p1a: Dragonite|64/100|[from] item: Leftovers
|-heal|p2a: Wall|71/100|[from] item: Leftovers
|upkeep
|turn|3
|
|t:|1701649272
|move|p1a: Dragonite|Outrage|p2a: Wall|[from]lockedmove
|-resisted|p2a: Wall
|-damage|p2a: Wall|33/100
|-damage|p1a: Dragonite|52/100|[from] ability: Iron Barbs|[of] p2a: Wall
|move|p2a: Wall|Stealth Rock|p1a: Dragonite
|-sidestart|p1: FoodieTheFood|move: Stealth Rock
|
|-weather|RainDance|[upkeep]
|-heal|p1a: Dragonite|58/100|[from] item: Leftovers
|-heal|p2a: Wall|40/100|[from] item: Leftovers
|upkeep
|turn|4
|
|t:|1701649276
|move|p1a: Dragonite|Outrage|p2a: Wall|[from]lockedmove
|-resisted|p2a: Wall
|-damage|p2a: Wall|3/100
|-damage|p1a: Dragonite|46/100|[from] ability: Iron Barbs|[of] p2a: Wall
|-start|p1a: Dragonite|confusion|[fatigue]
|move|p2a: Wall|Gyro Ball|p1a: Dragonite
|-damage|p1a: Dragonite|0 fnt
|faint|p1a: Dragonite
|
|-weather|RainDance|[upkeep]
|-heal|p2a: Wall|9/100|[from] item: Leftovers
|upkeep
|
|t:|1701649280
|switch|p1a: Gyarados|Gyarados, F|100/100
|-damage|p1a: Gyarados|76/100|[from] Stealth Rock
|-ability|p1a: Gyarados|Intimidate|boost
|-unboost|p2a: Wall|atk|1
|turn|5
|
|t:|1701649291
|move|p1a: Gyarados|Dragon Dance|p1a: Gyarados
|-boost|p1a: Gyarados|atk|1
|-boost|p1a: Gyarados|spe|1
|move|p2a: Wall|Leech Seed|p1a: Gyarados
|-start|p1a: Gyarados|move: Leech Seed
|
|-weather|RainDance|[upkeep]
|-heal|p1a: Gyarados|82/100|[from] item: Leftovers
|-heal|p2a: Wall|16/100|[from] item: Leftovers
|-damage|p1a: Gyarados|69/100|[from] Leech Seed|[of] p2a: Wall
|-heal|p2a: Wall|33/100|[silent]
|upkeep
|turn|6
|
|t:|1701649297
|switch|p2a: Just A Magikarp|Gyarados, M, shiny|100/100
|-ability|p2a: Just A Magikarp|Intimidate|boost
|-unboost|p1a: Gyarados|atk|1
|move|p1a: Gyarados|Earthquake|p2a: Just A Magikarp
|-immune|p2a: Just A Magikarp
|
|-weather|RainDance|[upkeep]
|-heal|p1a: Gyarados|75/100|[from] item: Leftovers
|-damage|p1a: Gyarados|63/100|[from] Leech Seed|[of] p2a: Just A Magikarp
|upkeep
|turn|7
|
|t:|1701649304
|switch|p1a: Umbreon|Umbreon, M|100/100
|-damage|p1a: Umbreon|88/100|[from] Stealth Rock
|switch|p2a: Trans Flag|Toxicroak, F, shiny|100/100
|
|-weather|RainDance|[upkeep]
|-heal|p1a: Umbreon|94/100|[from] item: Leftovers
|upkeep
|turn|8
|
|t:|1701649311
|switch|p1a: Gyarados|Gyarados, F|63/100
|-damage|p1a: Gyarados|38/100|[from] Stealth Rock
|-ability|p1a: Gyarados|Intimidate|boost
|-unboost|p2a: Trans Flag|atk|1
|move|p2a: Trans Flag|Taunt|p1a: Gyarados
|-start|p1a: Gyarados|move: Taunt
|
|-weather|RainDance|[upkeep]
|-heal|p1a: Gyarados|44/100|[from] item: Leftovers
|upkeep
|turn|9
|
|t:|1701649319
|switch|p2a: Just A Magikarp|Gyarados, M, shiny|100/100
|-ability|p2a: Just A Magikarp|Intimidate|boost
|-unboost|p1a: Gyarados|atk|1
|move|p1a: Gyarados|Earthquake|p2a: Just A Magikarp
|-immune|p2a: Just A Magikarp
|
|-weather|RainDance|[upkeep]
|-heal|p1a: Gyarados|50/100|[from] item: Leftovers
|upkeep
|turn|10
|
|t:|1701649329
|switch|p1a: Kyurem|Kyurem-Black|100/100
|-damage|p1a: Kyurem|76/100|[from] Stealth Rock
|-ability|p1a: Kyurem|Teravolt
|move|p2a: Just A Magikarp|Substitute|p2a: Just A Magikarp
|-start|p2a: Just A Magikarp|Substitute
|-damage|p2a: Just A Magikarp|76/100
|
|-weather|RainDance|[upkeep]
|-heal|p2a: Just A Magikarp|82/100|[from] item: Leftovers
|-heal|p1a: Kyurem|82/100|[from] item: Leftovers
|upkeep
|turn|11
|
|t:|1701649334
|move|p2a: Just A Magikarp|Earthquake|p1a: Kyurem
|-damage|p1a: Kyurem|65/100
|move|p1a: Kyurem|Outrage|p2a: Just A Magikarp
|-end|p2a: Just A Magikarp|Substitute
|
|-weather|RainDance|[upkeep]
|-heal|p2a: Just A Magikarp|88/100|[from] item: Leftovers
|-heal|p1a: Kyurem|71/100|[from] item: Leftovers
|upkeep
|turn|12
|
|t:|1701649342
|switch|p2a: Wall|Ferrothorn, F|33/100
|move|p1a: Kyurem|Outrage|p2a: Wall|[from]lockedmove
|-resisted|p2a: Wall
|-damage|p2a: Wall|9/100
|-damage|p1a: Kyurem|58/100|[from] ability: Iron Barbs|[of] p2a: Wall
|
|-weather|RainDance|[upkeep]
|-heal|p1a: Kyurem|65/100|[from] item: Leftovers
|-heal|p2a: Wall|15/100|[from] item: Leftovers
|upkeep
|turn|13
|
|t:|1701649347
|move|p1a: Kyurem|Outrage|p2a: Wall|[from]lockedmove
|-resisted|p2a: Wall
|-damage|p2a: Wall|0 fnt
|-damage|p1a: Kyurem|52/100|[from] ability: Iron Barbs|[of] p2a: Wall
|faint|p2a: Wall
|-start|p1a: Kyurem|confusion|[fatigue]
|
|-weather|RainDance|[upkeep]
|-heal|p1a: Kyurem|58/100|[from] item: Leftovers
|upkeep
|
|t:|1701649350
|switch|p2a: Trans Flag|Toxicroak, F, shiny|100/100
|turn|14
|
|t:|1701649355
|-activate|p1a: Kyurem|confusion
|move|p1a: Kyurem|Protect|p1a: Kyurem
|-singleturn|p1a: Kyurem|Protect
|move|p2a: Trans Flag|Drain Punch|p1a: Kyurem
|-activate|p1a: Kyurem|move: Protect
|
|-weather|RainDance|[upkeep]
|-heal|p1a: Kyurem|65/100|[from] item: Leftovers
|upkeep
|turn|15
|
|t:|1701649363
|move|p2a: Trans Flag|Taunt|p1a: Kyurem
|-start|p1a: Kyurem|move: Taunt
|-activate|p1a: Kyurem|confusion
|move|p1a: Kyurem|Outrage|p2a: Trans Flag
|-damage|p2a: Trans Flag|5/100
|
|-weather|RainDance|[upkeep]
|-heal|p2a: Trans Flag|18/100|[from] ability: Dry Skin
|-heal|p1a: Kyurem|71/100|[from] item: Leftovers
|upkeep
|turn|16
|
|t:|1701649369
|move|p2a: Trans Flag|Drain Punch|p1a: Kyurem
|-supereffective|p1a: Kyurem
|-damage|p1a: Kyurem|31/100
|-heal|p2a: Trans Flag|47/100|[from] drain|[of] p1a: Kyurem
|-end|p1a: Kyurem|confusion
|move|p1a: Kyurem|Outrage|p2a: Trans Flag|[from]lockedmove
|-damage|p2a: Trans Flag|0 fnt
|faint|p2a: Trans Flag
|
|-weather|RainDance|[upkeep]
|-heal|p1a: Kyurem|37/100|[from] item: Leftovers
|upkeep
|
|t:|1701649379
|switch|p2a: Just A Magikarp|Gyarados, M, shiny|88/100
|-ability|p2a: Just A Magikarp|Intimidate|boost
|-unboost|p1a: Kyurem|atk|1
|turn|17
|
|t:|1701649389
|move|p2a: Just A Magikarp|Substitute|p2a: Just A Magikarp
|-start|p2a: Just A Magikarp|Substitute
|-damage|p2a: Just A Magikarp|63/100
|move|p1a: Kyurem|Outrage|p2a: Just A Magikarp|[from]lockedmove
|-end|p2a: Just A Magikarp|Substitute
|-start|p1a: Kyurem|confusion|[fatigue]
|
|-weather|RainDance|[upkeep]
|-heal|p2a: Just A Magikarp|69/100|[from] item: Leftovers
|-heal|p1a: Kyurem|43/100|[from] item: Leftovers
|-end|p1a: Kyurem|move: Taunt
|upkeep
|turn|18
|
|t:|1701649395
|move|p2a: Just A Magikarp|Earthquake|p1a: Kyurem
|-damage|p1a: Kyurem|27/100
|-activate|p1a: Kyurem|confusion
|move|p1a: Kyurem|Roost|p1a: Kyurem
|-heal|p1a: Kyurem|77/100
|-singleturn|p1a: Kyurem|move: Roost
|
|-weather|RainDance|[upkeep]
|-heal|p2a: Just A Magikarp|75/100|[from] item: Leftovers
|-heal|p1a: Kyurem|83/100|[from] item: Leftovers
|upkeep
|turn|19
|
|t:|1701649405
|switch|p1a: Gengar|Gengar, M|100/100
|-damage|p1a: Gengar|88/100|[from] Stealth Rock
|move|p2a: Just A Magikarp|Dragon Dance|p2a: Just A Magikarp
|-boost|p2a: Just A Magikarp|atk|1
|-boost|p2a: Just A Magikarp|spe|1
|
|-weather|RainDance|[upkeep]
|-heal|p2a: Just A Magikarp|81/100|[from] item: Leftovers
|-heal|p1a: Gengar|94/100|[from] item: Black Sludge
|upkeep
|turn|20
|
|t:|1701649410
|move|p2a: Just A Magikarp|Waterfall|p1a: Gengar
|-damage|p1a: Gengar|0 fnt
|faint|p1a: Gengar
|
|-weather|RainDance|[upkeep]
|-heal|p2a: Just A Magikarp|87/100|[from] item: Leftovers
|upkeep
|
|t:|1701649416
|switch|p1a: Kyurem|Kyurem-Black|83/100
|-damage|p1a: Kyurem|58/100|[from] Stealth Rock
|-ability|p1a: Kyurem|Teravolt
|turn|21
|
|t:|1701649426
|move|p2a: Just A Magikarp|Waterfall|p1a: Kyurem
|-resisted|p1a: Kyurem
|-damage|p1a: Kyurem|36/100
|move|p1a: Kyurem|Outrage|p2a: Just A Magikarp
|-damage|p2a: Just A Magikarp|27/100
|
|-weather|RainDance|[upkeep]
|-heal|p2a: Just A Magikarp|33/100|[from] item: Leftovers
|-heal|p1a: Kyurem|42/100|[from] item: Leftovers
|upkeep
|turn|22
|
|t:|1701649441
|switch|p2a: Weather Setter|Politoed, M|100/100
|move|p1a: Kyurem|Outrage|p2a: Weather Setter|[from]lockedmove
|-damage|p2a: Weather Setter|32/100
|-start|p1a: Kyurem|confusion|[fatigue]
|
|-weather|RainDance|[upkeep]
|-heal|p1a: Kyurem|48/100|[from] item: Leftovers
|-heal|p2a: Weather Setter|38/100|[from] item: Leftovers
|upkeep
|turn|23
|c|☆rabian|good god that thing is bulky
|
|t:|1701649448
|-activate|p1a: Kyurem|confusion
|-damage|p1a: Kyurem|40/100|[from] confusion
|move|p2a: Weather Setter|Toxic|p1a: Kyurem
|-status|p1a: Kyurem|tox
|
|-weather|RainDance|[upkeep]
|-heal|p1a: Kyurem|47/100 tox|[from] item: Leftovers
|-heal|p2a: Weather Setter|44/100|[from] item: Leftovers
|-damage|p1a: Kyurem|40/100 tox|[from] psn
|upkeep
|turn|24
|
|t:|1701649451
|move|p2a: Weather Setter|Protect|p2a: Weather Setter
|-singleturn|p2a: Weather Setter|Protect
|-activate|p1a: Kyurem|confusion
|move|p1a: Kyurem|Roost|p1a: Kyurem
|-heal|p1a: Kyurem|90/100 tox
|-singleturn|p1a: Kyurem|move: Roost
|
|-weather|RainDance|[upkeep]
|-heal|p1a: Kyurem|97/100 tox|[from] item: Leftovers
|-heal|p2a: Weather Setter|50/100|[from] item: Leftovers
|-damage|p1a: Kyurem|84/100 tox|[from] psn
|upkeep
|turn|25
|
|t:|1701649465
|-activate|p1a: Kyurem|confusion
|-damage|p1a: Kyurem|76/100 tox|[from] confusion
|move|p2a: Weather Setter|Ice Beam|p1a: Kyurem
|-damage|p1a: Kyurem|61/100 tox
|
|-weather|RainDance|[upkeep]
|-heal|p1a: Kyurem|67/100 tox|[from] item: Leftovers
|-heal|p2a: Weather Setter|57/100|[from] item: Leftovers
|-damage|p1a: Kyurem|49/100 tox|[from] psn
|upkeep
|turn|26
|
|t:|1701649473
|move|p2a: Weather Setter|Protect|p2a: Weather Setter
|-singleturn|p2a: Weather Setter|Protect
|-end|p1a: Kyurem|confusion
|move|p1a: Kyurem|Roost|p1a: Kyurem
|-heal|p1a: Kyurem|99/100 tox
|-singleturn|p1a: Kyurem|move: Roost
|
|-weather|RainDance|[upkeep]
|-heal|p1a: Kyurem|100/100 tox|[from] item: Leftovers
|-heal|p2a: Weather Setter|63/100|[from] item: Leftovers
|-damage|p1a: Kyurem|76/100 tox|[from] psn
|upkeep
|turn|27
|
|t:|1701649480
|move|p1a: Kyurem|Outrage|p2a: Weather Setter
|-damage|p2a: Weather Setter|2/100
|move|p2a: Weather Setter|Ice Beam|p1a: Kyurem
|-damage|p1a: Kyurem|60/100 tox
|
|-weather|RainDance|[upkeep]
|-heal|p1a: Kyurem|66/100 tox|[from] item: Leftovers
|-heal|p2a: Weather Setter|8/100|[from] item: Leftovers
|-damage|p1a: Kyurem|35/100 tox|[from] psn
|upkeep
|turn|28
|
|t:|1701649489
|move|p2a: Weather Setter|Protect|p2a: Weather Setter
|-singleturn|p2a: Weather Setter|Protect
|move|p1a: Kyurem|Outrage|p2a: Weather Setter|[from]lockedmove
|-activate|p2a: Weather Setter|move: Protect
|-start|p1a: Kyurem|confusion|[fatigue]
|
|-weather|RainDance|[upkeep]
|-heal|p1a: Kyurem|41/100 tox|[from] item: Leftovers
|-heal|p2a: Weather Setter|15/100|[from] item: Leftovers
|-damage|p1a: Kyurem|4/100 tox|[from] psn
|upkeep
|turn|29
|
|t:|1701649500
|-activate|p1a: Kyurem|confusion
|move|p1a: Kyurem|Outrage|p2a: Weather Setter
|-damage|p2a: Weather Setter|0 fnt
|faint|p2a: Weather Setter
|
|-weather|RainDance|[upkeep]
|-heal|p1a: Kyurem|11/100 tox|[from] item: Leftovers
|-damage|p1a: Kyurem|0 fnt|[from] psn
|faint|p1a: Kyurem
|upkeep
|
|t:|1701649507
|switch|p1a: Umbreon|Umbreon, M|94/100
|switch|p2a: Just A Magikarp|Gyarados, M, shiny|33/100
|-ability|p2a: Just A Magikarp|Intimidate|boost
|-unboost|p1a: Umbreon|atk|1
|-damage|p1a: Umbreon|82/100|[from] Stealth Rock
|turn|30
|
|t:|1701649511
|move|p2a: Just A Magikarp|Substitute|p2a: Just A Magikarp
|-start|p2a: Just A Magikarp|Substitute
|-damage|p2a: Just A Magikarp|8/100
|move|p1a: Umbreon|Foul Play|p2a: Just A Magikarp
|-end|p2a: Just A Magikarp|Substitute
|
|-weather|RainDance|[upkeep]
|-heal|p2a: Just A Magikarp|14/100|[from] item: Leftovers
|-heal|p1a: Umbreon|88/100|[from] item: Leftovers
|upkeep
|turn|31
|
|t:|1701649517
|move|p2a: Just A Magikarp|Waterfall|p1a: Umbreon
|-damage|p1a: Umbreon|49/100
|move|p1a: Umbreon|Foul Play|p2a: Just A Magikarp
|-damage|p2a: Just A Magikarp|0 fnt
|faint|p2a: Just A Magikarp
|
|-weather|RainDance|[upkeep]
|-heal|p1a: Umbreon|56/100|[from] item: Leftovers
|upkeep
|
|t:|1701649522
|switch|p2a: Squid|Tentacruel, F|100/100
|turn|32
|
|t:|1701649526
|move|p2a: Squid|Scald|p1a: Umbreon
|-damage|p1a: Umbreon|35/100
|move|p1a: Umbreon|Wish|p1a: Umbreon
|
|-weather|RainDance|[upkeep]
|-heal|p1a: Umbreon|42/100|[from] item: Leftovers
|upkeep
|turn|33
|
|t:|1701649532
|move|p2a: Squid|Toxic|p1a: Umbreon
|-status|p1a: Umbreon|tox
|-activate|p1a: Umbreon|ability: Synchronize
|-immune|p2a: Squid
|move|p1a: Umbreon|Foul Play|p2a: Squid
|-damage|p2a: Squid|80/100
|
|-weather|RainDance|[upkeep]
|-heal|p2a: Squid|86/100|[from] ability: Rain Dish
|-heal|p1a: Umbreon|92/100 tox|[from] move: Wish|[wisher] Umbreon
|-heal|p2a: Squid|92/100|[from] item: Black Sludge
|-heal|p1a: Umbreon|98/100 tox|[from] item: Leftovers
|-damage|p1a: Umbreon|92/100 tox|[from] psn
|upkeep
|turn|34
|
|t:|1701649537
|move|p2a: Squid|Scald|p1a: Umbreon
|-damage|p1a: Umbreon|68/100 tox
|move|p1a: Umbreon|Wish|p1a: Umbreon
|
|-weather|RainDance|[upkeep]
|-heal|p2a: Squid|98/100|[from] ability: Rain Dish
|-heal|p2a: Squid|100/100|[from] item: Black Sludge
|-heal|p1a: Umbreon|75/100 tox|[from] item: Leftovers
|-damage|p1a: Umbreon|62/100 tox|[from] psn
|upkeep
|turn|35
|
|t:|1701649547
|switch|p1a: Gyarados|Gyarados, F|50/100
|-damage|p1a: Gyarados|25/100|[from] Stealth Rock
|-ability|p1a: Gyarados|Intimidate|boost
|-unboost|p2a: Squid|atk|1
|move|p2a: Squid|Toxic|p1a: Gyarados
|-status|p1a: Gyarados|tox
|
|-weather|RainDance|[upkeep]
|-heal|p1a: Gyarados|72/100 tox|[from] move: Wish|[wisher] Umbreon
|-heal|p1a: Gyarados|78/100 tox|[from] item: Leftovers
|-damage|p1a: Gyarados|72/100 tox|[from] psn
|upkeep
|turn|36
|
|t:|1701649557
|move|p2a: Squid|Hex|p1a: Gyarados
|-damage|p1a: Gyarados|55/100 tox
|move|p1a: Gyarados|Dragon Dance|p1a: Gyarados
|-boost|p1a: Gyarados|atk|1
|-boost|p1a: Gyarados|spe|1
|
|-weather|RainDance|[upkeep]
|-heal|p1a: Gyarados|61/100 tox|[from] item: Leftovers
|-damage|p1a: Gyarados|49/100 tox|[from] psn
|upkeep
|turn|37
|
|t:|1701649562
|move|p1a: Gyarados|Earthquake|p2a: Squid
|-supereffective|p2a: Squid
|-damage|p2a: Squid|0 fnt
|faint|p2a: Squid
|
|-weather|RainDance|[upkeep]
|-heal|p1a: Gyarados|55/100 tox|[from] item: Leftovers
|-damage|p1a: Gyarados|37/100 tox|[from] psn
|upkeep
|c|☆rabian|gg
|
|t:|1701649570
|switch|p2a: Look at this boi|Jolteon, M|100/100
|turn|38
|
|t:|1701649577
|move|p2a: Look at this boi|Thunder|p1a: Gyarados
|-supereffective|p1a: Gyarados
|-damage|p1a: Gyarados|0 fnt
|faint|p1a: Gyarados
|
|-weather|RainDance|[upkeep]
|upkeep
|
|t:|1701649582
|switch|p1a: Umbreon|Umbreon, M|62/100 tox
|-damage|p1a: Umbreon|50/100 tox|[from] Stealth Rock
|turn|39
|
|t:|1701649589
|move|p2a: Look at this boi|Thunder|p1a: Umbreon
|-damage|p1a: Umbreon|15/100 tox
|move|p1a: Umbreon|Toxic|p2a: Look at this boi
|-status|p2a: Look at this boi|tox
|
|-weather|RainDance|[upkeep]
|-heal|p1a: Umbreon|21/100 tox|[from] item: Leftovers
|-damage|p2a: Look at this boi|94/100 tox|[from] psn
|-damage|p1a: Umbreon|15/100 tox|[from] psn
|upkeep
|turn|40
|
|t:|1701649596
|switch|p1a: Mamoswine|Mamoswine, F|100/100
|-damage|p1a: Mamoswine|88/100|[from] Stealth Rock
|move|p2a: Look at this boi|Thunder|p1a: Mamoswine
|-immune|p1a: Mamoswine
|
|-weather|RainDance|[upkeep]
|-damage|p2a: Look at this boi|82/100 tox|[from] psn
|upkeep
|turn|41
|-message|rabian forfeited.
|
|win|FoodieTheFood
|raw|FoodieTheFood's rating: 1275 &rarr; <strong>1317</strong><br />(+42 for winning)
|raw|rabian's rating: 1556 &rarr; <strong>1523</strong><br />(-33 for losing)
|l|☆rabian
