|j|☆guap collector
|j|☆danet
|t:|1730946098
|gametype|singles
|player|p1|guap collector|266|1312
|player|p2|danet|ethan-gen2c|1480
|teamsize|p1|6
|teamsize|p2|6
|gen|5
|tier|[Gen 5] OU
|rated|
|rule|Species Clause: Limit one of each Pokémon
|rule|OHKO Clause: OHKO moves are banned
|rule|Moody Clause: Moody is banned
|rule|Evasion Items Clause: Evasion items are banned
|rule|Evasion Moves Clause: Evasion moves are banned
|rule|Endless Battle Clause: Forcing endless battles is banned
|rule|HP Percentage Mod: HP is shown in percentages
|rule|Evasion Abilities Clause: Evasion abilities are banned
|rule|Sleep Moves Clause: Sleep-inducing moves are banned
|rule|Swagger Clause: Swagger is banned
|rule|Baton Pass Stat Clause: No Baton Passer may have a way to boost its stats
|clearpoke
|poke|p1|Celebi|item
|poke|p1|Garchomp, F|item
|poke|p1|Excadrill, M|item
|poke|p1|Heatran, F|item
|poke|p1|Dragonite, F|item
|poke|p1|Scizor, F|item
|poke|p2|Magnezone|item
|poke|p2|Jirachi|item
|poke|p2|Kyurem-Black|item
|poke|p2|Reuniclus, F|item
|poke|p2|Latios, M|item
|poke|p2|Mamoswine, F|item
|teampreview
|inactive|Battle timer is ON: inactive players will automatically lose when time's up. (requested by guap collector)
|
|t:|1730946113
|start
|switch|p1a: Scizor|Scizor, F|100/100
|switch|p2a: Jirachi|Jirachi|100/100
|turn|1
|
|t:|1730946118
|move|p2a: Jirachi|Stealth Rock|p1a: Scizor
|-sidestart|p1: guap collector|move: Stealth Rock
|move|p1a: Scizor|U-turn|p2a: Jirachi
|-damage|p2a: Jirachi|51/100
|
|t:|1730946134
|switch|p1a: Heatran|Heatran, F|100/100|[from] U-turn
|-damage|p1a: Heatran|88/100|[from] Stealth Rock
|
|-heal|p2a: Jirachi|57/100|[from] item: Leftovers
|-heal|p1a: Heatran|94/100|[from] item: Leftovers
|upkeep
|turn|2
|
|t:|1730946157
|switch|p2a: Kyurem|Kyurem-Black|100/100
|-ability|p2a: Kyurem|Teravolt
|move|p1a: Heatran|Magma Storm|p2a: Kyurem
|-damage|p2a: Kyurem|48/100
|-activate|p2a: Kyurem|move: Magma Storm|[of] p1a: Heatran
|
|-heal|p1a: Heatran|100/100|[from] item: Leftovers
|-damage|p2a: Kyurem|42/100|[from] move: Magma Storm|[partiallytrapped]
|upkeep
|turn|3
|
|t:|1730946166
|move|p1a: Heatran|Protect|p1a: Heatran
|-singleturn|p1a: Heatran|Protect
|move|p2a: Kyurem|Outrage|p1a: Heatran
|-activate|p1a: Heatran|move: Protect
|
|-damage|p2a: Kyurem|36/100|[from] move: Magma Storm|[partiallytrapped]
|upkeep
|turn|4
|
|t:|1730946172
|move|p2a: Kyurem|Outrage|p1a: Heatran
|-resisted|p1a: Heatran
|-damage|p1a: Heatran|46/100
|move|p1a: Heatran|Earth Power|p2a: Kyurem
|-damage|p2a: Kyurem|10/100
|
|-heal|p1a: Heatran|52/100|[from] item: Leftovers
|-damage|p2a: Kyurem|4/100|[from] move: Magma Storm|[partiallytrapped]
|upkeep
|turn|5
|
|t:|1730946180
|move|p1a: Heatran|Protect|p1a: Heatran
|-singleturn|p1a: Heatran|Protect
|move|p2a: Kyurem|Outrage|p1a: Heatran|[from]lockedmove
|-activate|p1a: Heatran|move: Protect
|-start|p2a: Kyurem|confusion|[fatigue]
|
|-heal|p1a: Heatran|58/100|[from] item: Leftovers
|-damage|p2a: Kyurem|0 fnt|[from] move: Magma Storm|[partiallytrapped]
|faint|p2a: Kyurem
|upkeep
|
|t:|1730946190
|switch|p2a: Mamoswine|Mamoswine, F|100/100
|turn|6
|inactive|guap collector has 120 seconds left.
|inactive|guap collector has 90 seconds left.
|
|t:|1730946262
|switch|p1a: Dragonite|Dragonite, F|100/100
|-damage|p1a: Dragonite|76/100|[from] Stealth Rock
|move|p2a: Mamoswine|Earthquake|p1a: Dragonite
|-immune|p1a: Dragonite
|
|-heal|p1a: Dragonite|82/100|[from] item: Leftovers
|upkeep
|turn|7
|
|t:|1730946284
|switch|p2a: Magnezone|Magnezone|100/100
|-item|p2a: Magnezone|Air Balloon
|move|p1a: Dragonite|Dragon Dance|p1a: Dragonite
|-boost|p1a: Dragonite|atk|1
|-boost|p1a: Dragonite|spe|1
|
|-heal|p1a: Dragonite|88/100|[from] item: Leftovers
|upkeep
|turn|8
|inactive|danet has 120 seconds left.
|c|☆danet|wut¿
|
|t:|1730946313
|switch|p2a: Jirachi|Jirachi|57/100
|move|p1a: Dragonite|Substitute|p1a: Dragonite
|-start|p1a: Dragonite|Substitute
|-damage|p1a: Dragonite|63/100
|
|-heal|p1a: Dragonite|69/100|[from] item: Leftovers
|-heal|p2a: Jirachi|63/100|[from] item: Leftovers
|upkeep
|turn|9
|c|☆guap collector|why not
|
|t:|1730946322
|move|p1a: Dragonite|Dragon Dance|p1a: Dragonite
|-boost|p1a: Dragonite|atk|1
|-boost|p1a: Dragonite|spe|1
|move|p2a: Jirachi|Icy Wind|p1a: Dragonite
|-supereffective|p1a: Dragonite
|-end|p1a: Dragonite|Substitute
|
|-heal|p1a: Dragonite|76/100|[from] item: Leftovers
|-heal|p2a: Jirachi|69/100|[from] item: Leftovers
|upkeep
|turn|10
|c|☆danet|because mamo trashes it?
|
|t:|1730946335
|switch|p1a: Heatran|Heatran, F|58/100
|-damage|p1a: Heatran|46/100|[from] Stealth Rock
|move|p2a: Jirachi|Icy Wind|p1a: Heatran
|-resisted|p1a: Heatran
|-damage|p1a: Heatran|44/100
|-unboost|p1a: Heatran|spe|1
|
|-heal|p2a: Jirachi|75/100|[from] item: Leftovers
|-heal|p1a: Heatran|50/100|[from] item: Leftovers
|upkeep
|turn|11
|c|☆guap collector|i had to let smth die
|inactive|danet has 120 seconds left.
|
|t:|1730946368
|switch|p2a: Latios|Latios, M, shiny|100/100
|move|p1a: Heatran|Magma Storm|p2a: Latios|[miss]
|-miss|p1a: Heatran|p2a: Latios
|
|-heal|p1a: Heatran|56/100|[from] item: Leftovers
|upkeep
|turn|12
|
|t:|1730946378
|move|p1a: Heatran|Protect|p1a: Heatran
|-singleturn|p1a: Heatran|Protect
|move|p2a: Latios|Surf|p1a: Heatran
|-activate|p1a: Heatran|move: Protect
|
|-heal|p1a: Heatran|62/100|[from] item: Leftovers
|upkeep
|turn|13
|
|t:|1730946388
|move|p2a: Latios|Surf|p1a: Heatran
|-supereffective|p1a: Heatran
|-damage|p1a: Heatran|21/100
|move|p1a: Heatran|Toxic|p2a: Latios
|-status|p2a: Latios|tox
|
|-heal|p1a: Heatran|27/100|[from] item: Leftovers
|-damage|p2a: Latios|95/100 tox|[from] psn
|upkeep
|turn|14
|
|t:|1730946393
|switch|p2a: Mamoswine|Mamoswine, F|100/100
|move|p1a: Heatran|Protect||[still]
|-fail|p1a: Heatran
|
|-heal|p1a: Heatran|34/100|[from] item: Leftovers
|upkeep
|turn|15
|inactive|danet has 120 seconds left.
|
|t:|1730946399
|move|p1a: Heatran|Protect|p1a: Heatran
|-singleturn|p1a: Heatran|Protect
|move|p2a: Mamoswine|Substitute|p2a: Mamoswine
|-start|p2a: Mamoswine|Substitute
|-damage|p2a: Mamoswine|76/100
|
|-heal|p1a: Heatran|40/100|[from] item: Leftovers
|upkeep
|turn|16
|
|t:|1730946403
|move|p2a: Mamoswine|Earthquake|p1a: Heatran
|-supereffective|p1a: Heatran
|-damage|p1a: Heatran|0 fnt
|faint|p1a: Heatran
|
|upkeep
|inactive|guap collector has 120 seconds left.
|
|t:|1730946449
|switch|p1a: Scizor|Scizor, F|100/100
|-damage|p1a: Scizor|88/100|[from] Stealth Rock
|turn|17
|inactive|danet has 120 seconds left.
|inactive|guap collector has 90 seconds left.
|
|t:|1730946488
|move|p2a: Mamoswine|Earthquake|p1a: Scizor
|-damage|p1a: Scizor|35/100
|move|p1a: Scizor|U-turn|p2a: Mamoswine
|-end|p2a: Mamoswine|Substitute
|inactive|guap collector has 90 seconds left.
|
|t:|1730946494
|switch|p1a: Excadrill|Excadrill, M|100/100|[from] U-turn
|-damage|p1a: Excadrill|97/100|[from] Stealth Rock
|-ability|p1a: Excadrill|Mold Breaker
|
|upkeep
|turn|18
|inactive|guap collector has 90 seconds left.
|inactive|danet has 120 seconds left.
|
|t:|1730946509
|switch|p1a: Garchomp|Garchomp, F|100/100
|-damage|p1a: Garchomp|94/100|[from] Stealth Rock
|switch|p2a: Jirachi|Jirachi|75/100
|
|-heal|p2a: Jirachi|82/100|[from] item: Leftovers
|upkeep
|turn|19
|inactive|danet has 120 seconds left.
|inactive|guap collector has 90 seconds left.
|
|t:|1730946528
|move|p1a: Garchomp|Earthquake|p2a: Jirachi
|-supereffective|p2a: Jirachi
|-damage|p2a: Jirachi|0 fnt
|faint|p2a: Jirachi
|
|upkeep
|inactive|danet has 120 seconds left.
|
|t:|1730946541
|switch|p2a: Mamoswine|Mamoswine, F|76/100
|turn|20
|
|t:|1730946546
|move|p2a: Mamoswine|Ice Shard|p1a: Garchomp
|-supereffective|p1a: Garchomp
|-damage|p1a: Garchomp|0 fnt
|faint|p1a: Garchomp
|
|upkeep
|
|t:|1730946551
|switch|p1a: Scizor|Scizor, F|35/100
|-damage|p1a: Scizor|22/100|[from] Stealth Rock
|turn|21
|
|t:|1730946555
|switch|p2a: Magnezone|Magnezone|100/100
|-item|p2a: Magnezone|Air Balloon
|move|p1a: Scizor|U-turn|p2a: Magnezone
|-resisted|p2a: Magnezone
|-damage|p2a: Magnezone|65/100
|-enditem|p2a: Magnezone|Air Balloon
|
|t:|1730946559
|switch|p1a: Excadrill|Excadrill, M|97/100|[from] U-turn
|-damage|p1a: Excadrill|94/100|[from] Stealth Rock
|-ability|p1a: Excadrill|Mold Breaker
|
|upkeep
|turn|22
|
|t:|1730946567
|move|p1a: Excadrill|Earthquake|p2a: Magnezone
|-supereffective|p2a: Magnezone
|-crit|p2a: Magnezone
|-damage|p2a: Magnezone|0 fnt
|faint|p2a: Magnezone
|
|upkeep
|
|t:|1730946590
|switch|p2a: Latios|Latios, M, shiny|95/100 tox
|turn|23
|
|t:|1730946593
|switch|p1a: Celebi|Celebi|100/100
|-damage|p1a: Celebi|88/100|[from] Stealth Rock
|move|p2a: Latios|Trick|p1a: Celebi
|-activate|p2a: Latios|move: Trick|[of] p1a: Celebi
|-item|p1a: Celebi|Choice Scarf|[from] move: Trick
|-item|p2a: Latios|Leftovers|[from] move: Trick
|
|-heal|p2a: Latios|100/100 tox|[from] item: Leftovers
|-damage|p2a: Latios|95/100 tox|[from] psn
|upkeep
|turn|24
|
|t:|1730946604
|move|p1a: Celebi|U-turn|p2a: Latios
|-supereffective|p2a: Latios
|-damage|p2a: Latios|55/100 tox
|
|t:|1730946607
|switch|p1a: Dragonite|Dragonite, F|76/100|[from] U-turn
|-damage|p1a: Dragonite|51/100|[from] Stealth Rock
|move|p2a: Latios|Dragon Pulse|p1a: Dragonite
|-supereffective|p1a: Dragonite
|-damage|p1a: Dragonite|0 fnt
|faint|p1a: Dragonite
|
|-heal|p2a: Latios|61/100 tox|[from] item: Leftovers
|-damage|p2a: Latios|49/100 tox|[from] psn
|upkeep
|
|t:|1730946612
|switch|p1a: Excadrill|Excadrill, M|94/100
|-damage|p1a: Excadrill|91/100|[from] Stealth Rock
|-ability|p1a: Excadrill|Mold Breaker
|turn|25
|
|t:|1730946628
|move|p1a: Excadrill|Iron Head|p2a: Latios
|-damage|p2a: Latios|0 fnt
|faint|p2a: Latios
|
|upkeep
|
|t:|1730946633
|switch|p2a: Reuniclus|Reuniclus, F|100/100
|turn|26
|
|t:|1730946637
|switch|p1a: Celebi|Celebi|88/100
|-damage|p1a: Celebi|76/100|[from] Stealth Rock
|move|p2a: Reuniclus|Trick Room|p2a: Reuniclus
|-fieldstart|move: Trick Room|[of] p2a: Reuniclus
|
|upkeep
|turn|27
|
|t:|1730946639
|move|p2a: Reuniclus|Shadow Ball|p1a: Celebi
|-supereffective|p1a: Celebi
|-damage|p1a: Celebi|29/100
|move|p1a: Celebi|Thunder Wave|p2a: Reuniclus
|-status|p2a: Reuniclus|par
|
|upkeep
|turn|28
|
|t:|1730946645
|move|p2a: Reuniclus|Shadow Ball|p1a: Celebi
|-supereffective|p1a: Celebi
|-damage|p1a: Celebi|0 fnt
|faint|p1a: Celebi
|
|upkeep
|
|t:|1730946658
|switch|p1a: Scizor|Scizor, F|22/100
|-damage|p1a: Scizor|10/100|[from] Stealth Rock
|turn|29
|
|t:|1730946663
|move|p1a: Scizor|Bullet Punch|p2a: Reuniclus
|-damage|p2a: Reuniclus|53/100 par
|cant|p2a: Reuniclus|par
|
|upkeep
|turn|30
|
|t:|1730946667
|move|p1a: Scizor|Bullet Punch|p2a: Reuniclus
|-crit|p2a: Reuniclus
|-damage|p2a: Reuniclus|0 fnt
|faint|p2a: Reuniclus
|
|-fieldend|move: Trick Room
|upkeep
|
|t:|1730946669
|switch|p2a: Mamoswine|Mamoswine, F|76/100
|turn|31
|
|t:|1730946673
|move|p2a: Mamoswine|Ice Shard|p1a: Scizor
|-resisted|p1a: Scizor
|-crit|p1a: Scizor
|-damage|p1a: Scizor|0 fnt
|faint|p1a: Scizor
|
|upkeep
|
|t:|1730946674
|switch|p1a: Excadrill|Excadrill, M|91/100
|-damage|p1a: Excadrill|88/100|[from] Stealth Rock
|-ability|p1a: Excadrill|Mold Breaker
|turn|32
|
|t:|1730946678
|move|p1a: Excadrill|Iron Head|p2a: Mamoswine
|-supereffective|p2a: Mamoswine
|-damage|p2a: Mamoswine|0 fnt
|faint|p2a: Mamoswine
|
|win|guap collector
|raw|guap collector's rating: 1312 &rarr; <strong>1341</strong><br />(+29 for winning)
|raw|danet's rating: 1480 &rarr; <strong>1451</strong><br />(-29 for losing)
|c|☆guap collector|gg
|c|☆danet|sigh
|l|☆danet
|player|p2|
