|j|☆Crimsonbacon38
|j|☆woahhgh
|t:|1722040772
|gametype|singles
|player|p1|Crimsonbacon38|barry|1345
|player|p2|woahhgh|102|1368
|teamsize|p1|6
|teamsize|p2|6
|gen|5
|tier|[Gen 5] OU
|rated|
|rule|Species Clause: Limit one of each Pokémon
|rule|OHKO Clause: OHKO moves are banned
|rule|Moody Clause: Moody is banned
|rule|Evasion Items Clause: Evasion items are banned
|rule|Evasion Moves Clause: Evasion moves are banned
|rule|Endless Battle Clause: Forcing endless battles is banned
|rule|HP Percentage Mod: HP is shown in percentages
|rule|Evasion Abilities Clause: Evasion abilities are banned
|rule|Sleep Moves Clause: Sleep-inducing moves are banned
|rule|Swagger Clause: Swagger is banned
|rule|Baton Pass Stat Clause: No Baton Passer may have a way to boost its stats
|clearpoke
|poke|p1|Ferrothorn, F|item
|poke|p1|Politoed, F|item
|poke|p1|Keldeo|item
|poke|p1|Latios, M|item
|poke|p1|Garchomp, F|item
|poke|p1|Starmie|item
|poke|p2|Mamoswine, F|item
|poke|p2|Blissey, F|item
|poke|p2|Heatran, F|item
|poke|p2|Forretress, F|item
|poke|p2|Alakazam, F|item
|poke|p2|Keldeo|item
|teampreview
|
|t:|1722040777
|start
|switch|p1a: Politoed|Politoed, F|100/100
|switch|p2a: Keldeo|Keldeo|100/100
|-weather|RainDance|[from] ability: Drizzle|[of] p1a: Politoed
|turn|1
|
|t:|1722040782
|switch|p1a: Latios|Latios, M|100/100
|move|p2a: Keldeo|Secret Sword|p1a: Latios
|-resisted|p1a: Latios
|-damage|p1a: Latios|54/100
|
|-weather|RainDance|[upkeep]
|upkeep
|turn|2
|
|t:|1722040791
|switch|p2a: Blissey|Blissey, F|100/100
|move|p1a: Latios|Psyshock|p2a: Blissey
|-damage|p2a: Blissey|62/100
|
|-weather|RainDance|[upkeep]
|-heal|p2a: Blissey|68/100|[from] item: Leftovers
|upkeep
|turn|3
|
|t:|1722040800
|switch|p1a: Ferrothorn|Ferrothorn, F|100/100
|move|p2a: Blissey|Thunder Wave|p1a: Ferrothorn
|-status|p1a: Ferrothorn|par
|
|-weather|RainDance|[upkeep]
|-heal|p2a: Blissey|74/100|[from] item: Leftovers
|upkeep
|turn|4
|
|t:|1722040826
|switch|p2a: Mamoswine|Mamoswine, F|100/100
|move|p1a: Ferrothorn|Gyro Ball|p2a: Mamoswine
|-supereffective|p2a: Mamoswine
|-damage|p2a: Mamoswine|0 fnt
|faint|p2a: Mamoswine
|
|-weather|RainDance|[upkeep]
|upkeep
|
|t:|1722040833
|switch|p2a: Alakazam|Alakazam, F|100/100
|turn|5
|
|t:|1722040845
|switch|p1a: Latios|Latios, M|54/100
|move|p2a: Alakazam|Calm Mind|p2a: Alakazam
|-boost|p2a: Alakazam|spa|1
|-boost|p2a: Alakazam|spd|1
|
|-weather|RainDance|[upkeep]
|upkeep
|turn|6
|
|t:|1722040855
|switch|p2a: Blissey|Blissey, F|74/100
|move|p1a: Latios|Trick|p2a: Blissey
|-activate|p1a: Latios|move: Trick|[of] p2a: Blissey
|-item|p2a: Blissey|Choice Scarf|[from] move: Trick
|-item|p1a: Latios|Leftovers|[from] move: Trick
|
|-weather|RainDance|[upkeep]
|-heal|p1a: Latios|60/100|[from] item: Leftovers
|upkeep
|turn|7
|
|t:|1722040887
|move|p1a: Latios|Psyshock|p2a: Blissey
|-damage|p2a: Blissey|38/100
|move|p2a: Blissey|Seismic Toss|p1a: Latios
|-damage|p1a: Latios|26/100
|
|-weather|RainDance|[upkeep]
|-heal|p1a: Latios|32/100|[from] item: Leftovers
|upkeep
|turn|8
|
|t:|1722040900
|switch|p1a: Garchomp|Garchomp, F|100/100
|switch|p2a: Forretress|Forretress, F|100/100
|
|-weather|RainDance|[upkeep]
|upkeep
|turn|9
|
|t:|1722040907
|move|p1a: Garchomp|Stealth Rock|p2a: Forretress
|-sidestart|p2: woahhgh|move: Stealth Rock
|move|p2a: Forretress|Spikes|p1a: Garchomp
|-sidestart|p1: Crimsonbacon38|Spikes
|
|-weather|RainDance|[upkeep]
|upkeep
|turn|10
|
|t:|1722040908
|move|p1a: Garchomp|Swords Dance|p1a: Garchomp
|-boost|p1a: Garchomp|atk|2
|move|p2a: Forretress|Spikes|p1a: Garchomp
|-sidestart|p1: Crimsonbacon38|Spikes
|
|-weather|RainDance|[upkeep]
|upkeep
|turn|11
|
|t:|1722040913
|move|p1a: Garchomp|Swords Dance|p1a: Garchomp
|-boost|p1a: Garchomp|atk|2
|move|p2a: Forretress|Spikes|p1a: Garchomp
|-sidestart|p1: Crimsonbacon38|Spikes
|
|-weather|RainDance|[upkeep]
|upkeep
|turn|12
|
|t:|1722040916
|move|p1a: Garchomp|Earthquake|p2a: Forretress
|-ability|p2a: Forretress|Sturdy
|-damage|p2a: Forretress|1/100
|move|p2a: Forretress|Toxic Spikes|p1a: Garchomp
|-sidestart|p1: Crimsonbacon38|move: Toxic Spikes
|
|-weather|RainDance|[upkeep]
|upkeep
|turn|13
|-enditem|p2a: Forretress|Custap Berry|[eat]
|-activate|p2a: Forretress|item: Custap Berry|[consumed]
|
|t:|1722040932
|move|p2a: Forretress|Explosion|p1a: Garchomp
|-damage|p1a: Garchomp|49/100
|faint|p2a: Forretress
|move|p1a: Garchomp|Earthquake|p2: Forretress|[notarget]
|-fail|p1a: Garchomp
|
|-weather|RainDance|[upkeep]
|-heal|p1a: Garchomp|55/100|[from] item: Leftovers
|upkeep
|
|t:|1722040941
|switch|p2a: Keldeo|Keldeo|100/100
|-damage|p2a: Keldeo|94/100|[from] Stealth Rock
|turn|14
|inactive|Battle timer is ON: inactive players will automatically lose when time's up. (requested by woahhgh)
|
|t:|1722040972
|switch|p1a: Latios|Latios, M|32/100
|move|p2a: Keldeo|Surf|p1a: Latios
|-resisted|p1a: Latios
|-damage|p1a: Latios|0 fnt
|faint|p1a: Latios
|
|-weather|RainDance|[upkeep]
|upkeep
|
|t:|1722040978
|switch|p1a: Starmie|Starmie|100/100
|-item|p1a: Starmie|Air Balloon
|turn|15
|
|t:|1722040988
|switch|p2a: Blissey|Blissey, F|38/100
|-damage|p2a: Blissey|25/100|[from] Stealth Rock
|move|p1a: Starmie|Rapid Spin|p2a: Blissey
|-damage|p2a: Blissey|22/100
|-sideend|p1: Crimsonbacon38|Spikes|[from] move: Rapid Spin|[of] p1a: Starmie
|-sideend|p1: Crimsonbacon38|Toxic Spikes|[from] move: Rapid Spin|[of] p1a: Starmie
|
|-weather|RainDance|[upkeep]
|upkeep
|turn|16
|
|t:|1722040997
|switch|p1a: Keldeo|Keldeo|100/100
|move|p2a: Blissey|Seismic Toss|p1a: Keldeo
|-damage|p1a: Keldeo|70/100
|
|-weather|RainDance|[upkeep]
|upkeep
|turn|17
|
|t:|1722041007
|move|p1a: Keldeo|Secret Sword|p2a: Blissey
|-supereffective|p2a: Blissey
|-damage|p2a: Blissey|0 fnt
|faint|p2a: Blissey
|
|-weather|RainDance|[upkeep]
|upkeep
|
|t:|1722041011
|switch|p2a: Alakazam|Alakazam, F|100/100
|turn|18
|
|t:|1722041015
|switch|p1a: Ferrothorn|Ferrothorn, F|100/100 par
|move|p2a: Alakazam|Psyshock|p1a: Ferrothorn
|-resisted|p1a: Ferrothorn
|-damage|p1a: Ferrothorn|84/100 par
|
|-weather|RainDance|[upkeep]
|upkeep
|turn|19
|
|t:|1722041019
|move|p2a: Alakazam|Focus Blast|p1a: Ferrothorn
|-supereffective|p1a: Ferrothorn
|-damage|p1a: Ferrothorn|16/100 par
|move|p1a: Ferrothorn|Gyro Ball|p2a: Alakazam
|-enditem|p2a: Alakazam|Focus Sash
|-damage|p2a: Alakazam|1/100
|
|-weather|RainDance|[upkeep]
|upkeep
|turn|20
|
|t:|1722041027
|move|p2a: Alakazam|Psyshock|p1a: Ferrothorn
|-resisted|p1a: Ferrothorn
|-damage|p1a: Ferrothorn|0 fnt
|faint|p1a: Ferrothorn
|
|-weather|RainDance|[upkeep]
|upkeep
|
|t:|1722041029
|switch|p1a: Politoed|Politoed, F|100/100
|turn|21
|
|t:|1722041033
|move|p1a: Politoed|Surf|p2a: Alakazam
|-damage|p2a: Alakazam|0 fnt
|faint|p2a: Alakazam
|
|-weather|RainDance|[upkeep]
|upkeep
|
|t:|1722041036
|switch|p2a: Keldeo|Keldeo|94/100
|-damage|p2a: Keldeo|88/100|[from] Stealth Rock
|turn|22
|
|t:|1722041042
|switch|p1a: Garchomp|Garchomp, F|55/100
|move|p2a: Keldeo|Hidden Power|p1a: Garchomp
|-damage|p1a: Garchomp|14/100
|
|-weather|RainDance|[upkeep]
|-heal|p1a: Garchomp|20/100|[from] item: Leftovers
|upkeep
|turn|23
|
|t:|1722041048
|move|p2a: Keldeo|Hidden Power|p1a: Garchomp
|-damage|p1a: Garchomp|0 fnt
|faint|p1a: Garchomp
|
|-weather|RainDance|[upkeep]
|upkeep
|
|t:|1722041058
|switch|p1a: Keldeo|Keldeo|70/100
|turn|24
|
|t:|1722041060
|move|p1a: Keldeo|Secret Sword|p2a: Keldeo
|-damage|p2a: Keldeo|40/100
|move|p2a: Keldeo|Hidden Power|p1a: Keldeo
|-supereffective|p1a: Keldeo
|-damage|p1a: Keldeo|0 fnt
|faint|p1a: Keldeo
|
|-weather|RainDance|[upkeep]
|upkeep
|
|t:|1722041066
|switch|p1a: Starmie|Starmie|100/100
|-item|p1a: Starmie|Air Balloon
|turn|25
|
|t:|1722041068
|move|p1a: Starmie|Thunder|p2a: Keldeo
|-supereffective|p2a: Keldeo
|-damage|p2a: Keldeo|0 fnt
|faint|p2a: Keldeo
|
|-weather|RainDance|[upkeep]
|upkeep
|
|t:|1722041070
|switch|p2a: Heatran|Heatran, F|100/100
|-damage|p2a: Heatran|88/100|[from] Stealth Rock
|-item|p2a: Heatran|Air Balloon
|turn|26
|
|t:|1722041072
|move|p1a: Starmie|Hydro Pump|p2a: Heatran
|-supereffective|p2a: Heatran
|-damage|p2a: Heatran|0 fnt
|-enditem|p2a: Heatran|Air Balloon
|faint|p2a: Heatran
|
|win|Crimsonbacon38
|raw|Crimsonbacon38's rating: 1345 &rarr; <strong>1366</strong><br />(+21 for winning)
|raw|woahhgh's rating: 1368 &rarr; <strong>1347</strong><br />(-21 for losing)
|l|☆woahhgh
|player|p2|
|c|☆Crimsonbacon38|gg
