|j|☆The Daisuke
|j|☆araquanium
|player|p1|The Daisuke|152
|player|p2|araquanium|279
|teamsize|p1|6
|teamsize|p2|6
|gametype|singles
|gen|5
|tier|[Gen 5] OU
|rated|
|rule|Sleep Clause Mod: Limit one foe put to sleep
|rule|Species Clause: Limit one of each Pokémon
|rule|OHKO Clause: OHKO moves are banned
|rule|Moody Clause: Moody is banned
|rule|Evasion Moves Clause: Evasion moves are banned
|rule|Endless Battle Clause: Forcing endless battles is banned
|rule|HP Percentage Mod: HP is shown in percentages
|rule|Evasion Abilities Clause: Evasion abilities are banned
|rule|Baton Pass Clause: Limit one Baton Passer, can't pass Spe and other stats simultaneously
|rule|Swagger Clause: Swagger is banned
|clearpoke
|poke|p1|Politoed, M|item
|poke|p1|Tentacruel, F|item
|poke|p1|Ferrothorn, M|item
|poke|p1|Celebi|item
|poke|p1|Landorus-Therian, M|item
|poke|p1|Terrakion|item
|poke|p2|Jellicent, M|item
|poke|p2|Tyranitar, F|item
|poke|p2|Landorus-Therian, M|item
|poke|p2|Forretress, M|item
|poke|p2|Reuniclus, M|item
|poke|p2|Breloom, M|item
|teampreview
|inactive|Battle timer is ON: inactive players will automatically lose when time's up. (requested by The Daisuke)
|c|☆araquanium|gl hf ;)
|inactive|araquanium has 120 seconds left.
|c|☆The Daisuke|GL hf
|
|start
|switch|p1a: Celebi|Celebi|100/100
|switch|p2a: Forretress|Forretress, M, shiny|100/100
|turn|1
|
|move|p1a: Celebi|Stealth Rock|p2a: Forretress
|-sidestart|p2: araquanium|move: Stealth Rock
|move|p2a: Forretress|Spikes|p1a: Celebi
|-sidestart|p1: The Daisuke|Spikes
|
|upkeep
|turn|2
|
|move|p1a: Celebi|U-turn|p2a: Forretress
|-resisted|p2a: Forretress
|-damage|p2a: Forretress|97/100
|
|switch|p1a: Tentacruel|Tentacruel, F, shiny|100/100
|-damage|p1a: Tentacruel|88/100|[from] Spikes
|move|p2a: Forretress|Gyro Ball|p1a: Tentacruel
|-resisted|p1a: Tentacruel
|-damage|p1a: Tentacruel|78/100
|
|-heal|p1a: Tentacruel|84/100|[from] item: Black Sludge
|-heal|p2a: Forretress|100/100|[from] item: Leftovers
|upkeep
|turn|3
|inactive|araquanium has 120 seconds left.
|
|switch|p2a: Jellicent|Jellicent, M|100/100
|-damage|p2a: Jellicent|88/100|[from] Stealth Rock
|move|p1a: Tentacruel|Scald|p2a: Jellicent
|-heal|p2a: Jellicent|100/100|[from] ability: Water Absorb|[of] p1a: Tentacruel
|
|-heal|p1a: Tentacruel|90/100|[from] item: Black Sludge
|upkeep
|turn|4
|inactive|araquanium has 120 seconds left.
|
|switch|p2a: Forretress|Forretress, M, shiny|100/100
|-damage|p2a: Forretress|88/100|[from] Stealth Rock
|move|p1a: Tentacruel|Protect||[still]
|-fail|p1a: Tentacruel
|
|-heal|p1a: Tentacruel|96/100|[from] item: Black Sludge
|-heal|p2a: Forretress|94/100|[from] item: Leftovers
|upkeep
|turn|5
|
|move|p1a: Tentacruel|Toxic Spikes|p2a: Forretress
|-sidestart|p2: araquanium|move: Toxic Spikes
|move|p2a: Forretress|Rapid Spin|p1a: Tentacruel
|-damage|p1a: Tentacruel|92/100
|-sideend|p2: araquanium|Toxic Spikes|[from] move: Rapid Spin|[of] p2a: Forretress
|-sideend|p2: araquanium|Stealth Rock|[from] move: Rapid Spin|[of] p2a: Forretress
|
|-heal|p1a: Tentacruel|98/100|[from] item: Black Sludge
|-heal|p2a: Forretress|100/100|[from] item: Leftovers
|upkeep
|turn|6
|
|switch|p2a: Jellicent|Jellicent, M|100/100
|move|p1a: Tentacruel|Scald|p2a: Jellicent
|-immune|p2a: Jellicent|[from] ability: Water Absorb
|
|-heal|p1a: Tentacruel|100/100|[from] item: Black Sludge
|upkeep
|turn|7
|
|move|p1a: Tentacruel|Protect|p1a: Tentacruel
|-singleturn|p1a: Tentacruel|Protect
|move|p2a: Jellicent|Taunt|p1a: Tentacruel
|-activate|p1a: Tentacruel|move: Protect
|
|upkeep
|turn|8
|
|move|p1a: Tentacruel|Toxic Spikes|p2a: Jellicent
|-sidestart|p2: araquanium|move: Toxic Spikes
|move|p2a: Jellicent|Taunt|p1a: Tentacruel
|-start|p1a: Tentacruel|move: Taunt
|
|upkeep
|turn|9
|
|switch|p1a: Celebi|Celebi|100/100
|-damage|p1a: Celebi|88/100|[from] Spikes
|switch|p2a: Breloom|Breloom, M|100/100
|-status|p2a: Breloom|psn
|
|-heal|p1a: Celebi|94/100|[from] item: Leftovers
|upkeep
|turn|10
|
|switch|p2a: Reuniclus|Reuniclus, M, shiny|100/100
|-status|p2a: Reuniclus|psn
|move|p1a: Celebi|Psychic|p2a: Reuniclus
|-resisted|p2a: Reuniclus
|-damage|p2a: Reuniclus|86/100 psn
|
|-heal|p1a: Celebi|100/100|[from] item: Leftovers
|-heal|p2a: Reuniclus|92/100 psn|[from] item: Leftovers
|upkeep
|turn|11
|
|move|p1a: Celebi|Stealth Rock|p2a: Reuniclus
|-sidestart|p2: araquanium|move: Stealth Rock
|move|p2a: Reuniclus|Calm Mind|p2a: Reuniclus
|-boost|p2a: Reuniclus|spa|1
|-boost|p2a: Reuniclus|spd|1
|
|-heal|p2a: Reuniclus|99/100 psn|[from] item: Leftovers
|upkeep
|turn|12
|
|move|p1a: Celebi|U-turn|p2a: Reuniclus
|-supereffective|p2a: Reuniclus
|-damage|p2a: Reuniclus|77/100 psn
|
|switch|p1a: Landorus|Landorus-Therian, M|100/100
|-ability|p1a: Landorus|Intimidate|boost
|-unboost|p2a: Reuniclus|atk|1
|move|p2a: Reuniclus|Calm Mind|p2a: Reuniclus
|-boost|p2a: Reuniclus|spa|1
|-boost|p2a: Reuniclus|spd|1
|
|-heal|p2a: Reuniclus|84/100 psn|[from] item: Leftovers
|upkeep
|turn|13
|
|move|p1a: Landorus|U-turn|p2a: Reuniclus
|-supereffective|p2a: Reuniclus
|-damage|p2a: Reuniclus|44/100 psn
|
|switch|p1a: Celebi|Celebi|100/100
|-damage|p1a: Celebi|88/100|[from] Spikes
|move|p2a: Reuniclus|Recover|p2a: Reuniclus
|-heal|p2a: Reuniclus|94/100 psn
|
|-heal|p1a: Celebi|94/100|[from] item: Leftovers
|-heal|p2a: Reuniclus|99/100 psn|[from] item: Leftovers
|upkeep
|turn|14
|
|move|p1a: Celebi|U-turn|p2a: Reuniclus
|-supereffective|p2a: Reuniclus
|-damage|p2a: Reuniclus|80/100 psn
|
|switch|p1a: Landorus|Landorus-Therian, M|100/100
|-ability|p1a: Landorus|Intimidate|boost
|-unboost|p2a: Reuniclus|atk|1
|move|p2a: Reuniclus|Hidden Power|p1a: Landorus
|-supereffective|p1a: Landorus
|-damage|p1a: Landorus|0 fnt
|faint|p1a: Landorus
|
|-heal|p2a: Reuniclus|86/100 psn|[from] item: Leftovers
|upkeep
|
|switch|p1a: Toadally awesome|Politoed, M|100/100
|-damage|p1a: Toadally awesome|88/100|[from] Spikes
|-weather|RainDance|[from] ability: Drizzle|[of] p1a: Toadally awesome
|turn|15
|
|move|p1a: Toadally awesome|Scald|p2a: Reuniclus
|-damage|p2a: Reuniclus|68/100 psn
|move|p2a: Reuniclus|Thunder|p1a: Toadally awesome
|-supereffective|p1a: Toadally awesome
|-damage|p1a: Toadally awesome|0 fnt
|faint|p1a: Toadally awesome
|
|-weather|RainDance|[upkeep]
|-heal|p2a: Reuniclus|75/100 psn|[from] item: Leftovers
|upkeep
|
|switch|p1a: Terrakion|Terrakion|100/100
|-damage|p1a: Terrakion|88/100|[from] Spikes
|turn|16
|
|switch|p2a: Landorus|Landorus-Therian, M, shiny|100/100
|-damage|p2a: Landorus|88/100|[from] Stealth Rock
|-ability|p2a: Landorus|Intimidate|boost
|-unboost|p1a: Terrakion|atk|1
|move|p1a: Terrakion|Stone Edge|p2a: Landorus
|-damage|p2a: Landorus|32/100
|
|-weather|RainDance|[upkeep]
|upkeep
|turn|17
|
|switch|p1a: Ferrothorn|Ferrothorn, M|100/100
|-damage|p1a: Ferrothorn|88/100|[from] Spikes
|move|p2a: Landorus|U-turn|p1a: Ferrothorn
|-damage|p1a: Ferrothorn|72/100
|-damage|p2a: Landorus|20/100|[from] ability: Iron Barbs|[of] p1a: Ferrothorn
|
|switch|p2a: Forretress|Forretress, M, shiny|100/100
|-damage|p2a: Forretress|88/100|[from] Stealth Rock
|
|-weather|RainDance|[upkeep]
|-heal|p2a: Forretress|94/100|[from] item: Leftovers
|-heal|p1a: Ferrothorn|78/100|[from] item: Leftovers
|upkeep
|turn|18
|
|move|p2a: Forretress|Spikes|p1a: Ferrothorn
|-sidestart|p1: The Daisuke|Spikes
|move|p1a: Ferrothorn|Leech Seed|p2a: Forretress|[miss]
|-miss|p1a: Ferrothorn|p2a: Forretress
|
|-weather|RainDance|[upkeep]
|-heal|p2a: Forretress|100/100|[from] item: Leftovers
|-heal|p1a: Ferrothorn|85/100|[from] item: Leftovers
|upkeep
|turn|19
|
|move|p2a: Forretress|Spikes|p1a: Ferrothorn
|-sidestart|p1: The Daisuke|Spikes
|move|p1a: Ferrothorn|Leech Seed|p2a: Forretress
|-start|p2a: Forretress|move: Leech Seed
|
|-weather|RainDance|[upkeep]
|-heal|p1a: Ferrothorn|91/100|[from] item: Leftovers
|-damage|p2a: Forretress|88/100|[from] Leech Seed|[of] p1a: Ferrothorn
|-heal|p1a: Ferrothorn|100/100|[silent]
|upkeep
|turn|20
|
|switch|p1a: Tentacruel|Tentacruel, F, shiny|100/100
|-damage|p1a: Tentacruel|75/100|[from] Spikes
|move|p2a: Forretress|Rapid Spin|p1a: Tentacruel
|-damage|p1a: Tentacruel|72/100
|-end|p2a: Forretress|Leech Seed|[from] move: Rapid Spin|[of] p2a: Forretress
|-sideend|p2: araquanium|Toxic Spikes|[from] move: Rapid Spin|[of] p2a: Forretress
|-sideend|p2: araquanium|Stealth Rock|[from] move: Rapid Spin|[of] p2a: Forretress
|
|-weather|RainDance|[upkeep]
|-heal|p1a: Tentacruel|78/100|[from] ability: Rain Dish
|-heal|p1a: Tentacruel|84/100|[from] item: Black Sludge
|-heal|p2a: Forretress|94/100|[from] item: Leftovers
|upkeep
|turn|21
|
|switch|p2a: Jellicent|Jellicent, M|100/100
|move|p1a: Tentacruel|Toxic Spikes|p2a: Jellicent
|-sidestart|p2: araquanium|move: Toxic Spikes
|
|-weather|RainDance|[upkeep]
|-heal|p1a: Tentacruel|90/100|[from] ability: Rain Dish
|-heal|p1a: Tentacruel|96/100|[from] item: Black Sludge
|upkeep
|turn|22
|
|move|p1a: Tentacruel|Protect|p1a: Tentacruel
|-singleturn|p1a: Tentacruel|Protect
|move|p2a: Jellicent|Scald|p1a: Tentacruel
|-activate|p1a: Tentacruel|move: Protect
|
|-weather|RainDance|[upkeep]
|-heal|p1a: Tentacruel|100/100|[from] ability: Rain Dish
|upkeep
|turn|23
|
|switch|p1a: Celebi|Celebi|94/100
|-damage|p1a: Celebi|69/100|[from] Spikes
|move|p2a: Jellicent|Scald|p1a: Celebi
|-resisted|p1a: Celebi
|-damage|p1a: Celebi|57/100
|
|-weather|RainDance|[upkeep]
|-heal|p1a: Celebi|64/100|[from] item: Leftovers
|upkeep
|turn|24
|inactive|araquanium has 120 seconds left.
|
|switch|p2a: Reuniclus|Reuniclus, M, shiny|75/100 psn
|move|p1a: Celebi|Stealth Rock|p2a: Reuniclus
|-sidestart|p2: araquanium|move: Stealth Rock
|
|-weather|RainDance|[upkeep]
|-heal|p1a: Celebi|70/100|[from] item: Leftovers
|-heal|p2a: Reuniclus|81/100 psn|[from] item: Leftovers
|upkeep
|turn|25
|inactive|araquanium has 120 seconds left.
|
|move|p1a: Celebi|U-turn|p2a: Reuniclus
|-supereffective|p2a: Reuniclus
|-crit|p2a: Reuniclus
|-damage|p2a: Reuniclus|41/100 psn
|
|switch|p1a: Terrakion|Terrakion|88/100
|-damage|p1a: Terrakion|63/100|[from] Spikes
|move|p2a: Reuniclus|Thunder|p1a: Terrakion
|-damage|p1a: Terrakion|28/100
|
|-weather|RainDance|[upkeep]
|-heal|p2a: Reuniclus|47/100 psn|[from] item: Leftovers
|upkeep
|turn|26
|inactive|araquanium has 120 seconds left.
|l|☆The Daisuke
|inactive|The Daisuke disconnected and has a minute to reconnect!
|player|p1|
|
|switch|p2a: Breloom|Breloom, M|100/100 psn
|-damage|p2a: Breloom|94/100 psn|[from] Stealth Rock
|move|p1a: Terrakion|Stone Edge|p2a: Breloom|[miss]
|-miss|p1a: Terrakion|p2a: Breloom
|
|-weather|RainDance|[upkeep]
|-heal|p2a: Breloom|100/100 psn|[from] ability: Poison Heal
|upkeep
|turn|27
|j|☆The Daisuke
|inactive|The Daisuke reconnected and has 130 seconds left.
|player|p1|The Daisuke|152
|inactive|The Daisuke has 120 seconds left.
|
|switch|p1a: Celebi|Celebi|70/100
|-damage|p1a: Celebi|45/100|[from] Spikes
|move|p2a: Breloom|Spore|p1a: Celebi
|-status|p1a: Celebi|slp
|
|-weather|RainDance|[upkeep]
|-heal|p1a: Celebi|51/100 slp|[from] item: Leftovers
|upkeep
|turn|28
|inactive|The Daisuke has 120 seconds left.
|
|cant|p1a: Celebi|slp
|move|p2a: Breloom|Spore|p1a: Celebi
|-fail|p1a: Celebi|slp
|
|-weather|RainDance|[upkeep]
|-heal|p1a: Celebi|57/100 slp|[from] item: Leftovers
|upkeep
|turn|29
|
|switch|p2a: Tyranitar|Tyranitar, F|100/100
|-status|p2a: Tyranitar|psn
|-damage|p2a: Tyranitar|88/100 psn|[from] Stealth Rock
|-weather|Sandstorm|[from] ability: Sand Stream|[of] p2a: Tyranitar
|cant|p1a: Celebi|slp
|
|-weather|Sandstorm|[upkeep]
|-damage|p1a: Celebi|51/100 slp|[from] Sandstorm
|-heal|p1a: Celebi|57/100 slp|[from] item: Leftovers
|-damage|p2a: Tyranitar|76/100 psn|[from] psn
|upkeep
|turn|30
|inactive|The Daisuke has 120 seconds left.
|
|cant|p1a: Celebi|slp
|move|p2a: Tyranitar|Crunch|p1a: Celebi
|-supereffective|p1a: Celebi
|-damage|p1a: Celebi|0 fnt
|faint|p1a: Celebi
|
|-weather|Sandstorm|[upkeep]
|-damage|p2a: Tyranitar|63/100 psn|[from] psn
|upkeep
|inactive|The Daisuke has 120 seconds left.
|
|switch|p1a: Tentacruel|Tentacruel, F, shiny|100/100
|-damage|p1a: Tentacruel|75/100|[from] Spikes
|turn|31
|
|switch|p2a: Jellicent|Jellicent, M|100/100
|-status|p2a: Jellicent|psn
|-damage|p2a: Jellicent|88/100 psn|[from] Stealth Rock
|move|p1a: Tentacruel|Rapid Spin|p2a: Jellicent
|-immune|p2a: Jellicent
|
|-weather|Sandstorm|[upkeep]
|-damage|p1a: Tentacruel|69/100|[from] Sandstorm
|-damage|p2a: Jellicent|82/100 psn|[from] Sandstorm
|-heal|p1a: Tentacruel|75/100|[from] item: Black Sludge
|-heal|p2a: Jellicent|88/100 psn|[from] item: Leftovers
|-damage|p2a: Jellicent|76/100 psn|[from] psn
|upkeep
|turn|32
|
|move|p1a: Tentacruel|Protect|p1a: Tentacruel
|-singleturn|p1a: Tentacruel|Protect
|move|p2a: Jellicent|Scald|p1a: Tentacruel
|-activate|p1a: Tentacruel|move: Protect
|
|-weather|Sandstorm|[upkeep]
|-damage|p1a: Tentacruel|69/100|[from] Sandstorm
|-damage|p2a: Jellicent|69/100 psn|[from] Sandstorm
|-heal|p1a: Tentacruel|75/100|[from] item: Black Sludge
|-heal|p2a: Jellicent|76/100 psn|[from] item: Leftovers
|-damage|p2a: Jellicent|63/100 psn|[from] psn
|upkeep
|turn|33
|inactive|The Daisuke has 120 seconds left.
|
|switch|p1a: Ferrothorn|Ferrothorn, M|100/100
|-damage|p1a: Ferrothorn|75/100|[from] Spikes
|move|p2a: Jellicent|Scald|p1a: Ferrothorn
|-resisted|p1a: Ferrothorn
|-damage|p1a: Ferrothorn|67/100
|
|-weather|Sandstorm|[upkeep]
|-damage|p2a: Jellicent|57/100 psn|[from] Sandstorm
|-heal|p2a: Jellicent|63/100 psn|[from] item: Leftovers
|-heal|p1a: Ferrothorn|73/100|[from] item: Leftovers
|-damage|p2a: Jellicent|51/100 psn|[from] psn
|upkeep
|turn|34
|inactive|The Daisuke has 120 seconds left.
|
|switch|p2a: Reuniclus|Reuniclus, M, shiny|47/100 psn
|move|p1a: Ferrothorn|Protect||[still]
|-fail|p1a: Ferrothorn
|
|-weather|Sandstorm|[upkeep]
|-heal|p2a: Reuniclus|53/100 psn|[from] item: Leftovers
|-heal|p1a: Ferrothorn|79/100|[from] item: Leftovers
|upkeep
|turn|35
|inactive|The Daisuke has 120 seconds left.
|
|switch|p1a: Tentacruel|Tentacruel, F, shiny|75/100
|-damage|p1a: Tentacruel|50/100|[from] Spikes
|move|p2a: Reuniclus|Calm Mind|p2a: Reuniclus
|-boost|p2a: Reuniclus|spa|1
|-boost|p2a: Reuniclus|spd|1
|
|-weather|Sandstorm|[upkeep]
|-damage|p1a: Tentacruel|44/100|[from] Sandstorm
|-heal|p1a: Tentacruel|50/100|[from] item: Black Sludge
|-heal|p2a: Reuniclus|59/100 psn|[from] item: Leftovers
|upkeep
|turn|36
|inactive|The Daisuke has 120 seconds left.
|
|switch|p2a: Jellicent|Jellicent, M|51/100 psn
|-damage|p2a: Jellicent|38/100 psn|[from] Stealth Rock
|move|p1a: Tentacruel|Rapid Spin|p2a: Jellicent
|-immune|p2a: Jellicent
|
|-weather|Sandstorm|[upkeep]
|-damage|p1a: Tentacruel|44/100|[from] Sandstorm
|-damage|p2a: Jellicent|32/100 psn|[from] Sandstorm
|-heal|p1a: Tentacruel|50/100|[from] item: Black Sludge
|-heal|p2a: Jellicent|38/100 psn|[from] item: Leftovers
|-damage|p2a: Jellicent|26/100 psn|[from] psn
|upkeep
|turn|37
|inactive|The Daisuke has 120 seconds left.
|j| SolomonGrandi42
|
|move|p1a: Tentacruel|Toxic Spikes|p2a: Jellicent
|-sidestart|p2: araquanium|move: Toxic Spikes
|move|p2a: Jellicent|Recover|p2a: Jellicent
|-heal|p2a: Jellicent|76/100 psn
|
|-weather|Sandstorm|[upkeep]
|-damage|p1a: Tentacruel|44/100|[from] Sandstorm
|-damage|p2a: Jellicent|70/100 psn|[from] Sandstorm
|-heal|p1a: Tentacruel|50/100|[from] item: Black Sludge
|-heal|p2a: Jellicent|76/100 psn|[from] item: Leftovers
|-damage|p2a: Jellicent|64/100 psn|[from] psn
|upkeep
|turn|38
|
|move|p1a: Tentacruel|Protect|p1a: Tentacruel
|-singleturn|p1a: Tentacruel|Protect
|move|p2a: Jellicent|Recover|p2a: Jellicent
|-heal|p2a: Jellicent|100/100 psn
|
|-weather|Sandstorm|[upkeep]
|-damage|p1a: Tentacruel|44/100|[from] Sandstorm
|-damage|p2a: Jellicent|94/100 psn|[from] Sandstorm
|-heal|p1a: Tentacruel|50/100|[from] item: Black Sludge
|-heal|p2a: Jellicent|100/100 psn|[from] item: Leftovers
|-damage|p2a: Jellicent|88/100 psn|[from] psn
|upkeep
|turn|39
|
|move|p1a: Tentacruel|Protect|p1a: Tentacruel
|-singleturn|p1a: Tentacruel|Protect
|move|p2a: Jellicent|Scald|p1a: Tentacruel
|-activate|p1a: Tentacruel|move: Protect
|
|-weather|Sandstorm|[upkeep]
|-damage|p1a: Tentacruel|44/100|[from] Sandstorm
|-damage|p2a: Jellicent|82/100 psn|[from] Sandstorm
|-heal|p1a: Tentacruel|50/100|[from] item: Black Sludge
|-heal|p2a: Jellicent|88/100 psn|[from] item: Leftovers
|-damage|p2a: Jellicent|76/100 psn|[from] psn
|upkeep
|turn|40
|
|switch|p1a: Ferrothorn|Ferrothorn, M|79/100
|-damage|p1a: Ferrothorn|54/100|[from] Spikes
|move|p2a: Jellicent|Taunt|p1a: Ferrothorn
|-start|p1a: Ferrothorn|move: Taunt
|
|-weather|Sandstorm|[upkeep]
|-damage|p2a: Jellicent|69/100 psn|[from] Sandstorm
|-heal|p2a: Jellicent|76/100 psn|[from] item: Leftovers
|-heal|p1a: Ferrothorn|60/100|[from] item: Leftovers
|-damage|p2a: Jellicent|63/100 psn|[from] psn
|upkeep
|turn|41
|
|switch|p2a: Forretress|Forretress, M, shiny|94/100
|-damage|p2a: Forretress|82/100|[from] Stealth Rock
|move|p1a: Ferrothorn|Gyro Ball|p2a: Forretress
|-resisted|p2a: Forretress
|-damage|p2a: Forretress|77/100
|
|-weather|Sandstorm|[upkeep]
|-heal|p2a: Forretress|84/100|[from] item: Leftovers
|-heal|p1a: Ferrothorn|67/100|[from] item: Leftovers
|upkeep
|turn|42
|
|move|p2a: Forretress|Rapid Spin|p1a: Ferrothorn
|-resisted|p1a: Ferrothorn
|-damage|p1a: Ferrothorn|65/100
|-damage|p2a: Forretress|71/100|[from] ability: Iron Barbs|[of] p1a: Ferrothorn
|-sideend|p2: araquanium|Toxic Spikes|[from] move: Rapid Spin|[of] p2a: Forretress
|-sideend|p2: araquanium|Stealth Rock|[from] move: Rapid Spin|[of] p2a: Forretress
|move|p1a: Ferrothorn|Gyro Ball|p2a: Forretress
|-resisted|p2a: Forretress
|-crit|p2a: Forretress
|-damage|p2a: Forretress|63/100
|
|-weather|Sandstorm|[upkeep]
|-heal|p2a: Forretress|69/100|[from] item: Leftovers
|-heal|p1a: Ferrothorn|72/100|[from] item: Leftovers
|-end|p1a: Ferrothorn|move: Taunt
|upkeep
|turn|43
|
|move|p2a: Forretress|Volt Switch|p1a: Ferrothorn
|-resisted|p1a: Ferrothorn
|-damage|p1a: Ferrothorn|68/100
|
|switch|p2a: Reuniclus|Reuniclus, M, shiny|59/100 psn
|move|p1a: Ferrothorn|Spikes|p2a: Reuniclus
|-sidestart|p2: araquanium|Spikes
|
|-weather|Sandstorm|[upkeep]
|-heal|p2a: Reuniclus|66/100 psn|[from] item: Leftovers
|-heal|p1a: Ferrothorn|74/100|[from] item: Leftovers
|upkeep
|turn|44
|l| SolomonGrandi42
|inactive|The Daisuke has 120 seconds left.
|
|move|p2a: Reuniclus|Thunder|p1a: Ferrothorn|[miss]
|-miss|p2a: Reuniclus|p1a: Ferrothorn
|move|p1a: Ferrothorn|Spikes|p2a: Reuniclus
|-sidestart|p2: araquanium|Spikes
|
|-weather|Sandstorm|[upkeep]
|-heal|p2a: Reuniclus|72/100 psn|[from] item: Leftovers
|-heal|p1a: Ferrothorn|80/100|[from] item: Leftovers
|upkeep
|turn|45
|
|move|p2a: Reuniclus|Calm Mind|p2a: Reuniclus
|-boost|p2a: Reuniclus|spa|1
|-boost|p2a: Reuniclus|spd|1
|move|p1a: Ferrothorn|Spikes|p2a: Reuniclus
|-sidestart|p2: araquanium|Spikes
|
|-weather|Sandstorm|[upkeep]
|-heal|p2a: Reuniclus|78/100 psn|[from] item: Leftovers
|-heal|p1a: Ferrothorn|86/100|[from] item: Leftovers
|upkeep
|turn|46
|
|move|p2a: Reuniclus|Thunder|p1a: Ferrothorn
|-resisted|p1a: Ferrothorn
|-damage|p1a: Ferrothorn|68/100
|move|p1a: Ferrothorn|Leech Seed|p2a: Reuniclus|[miss]
|-miss|p1a: Ferrothorn|p2a: Reuniclus
|
|-weather|Sandstorm|[upkeep]
|-heal|p2a: Reuniclus|84/100 psn|[from] item: Leftovers
|-heal|p1a: Ferrothorn|74/100|[from] item: Leftovers
|upkeep
|turn|47
|
|move|p1a: Ferrothorn|Protect|p1a: Ferrothorn
|-singleturn|p1a: Ferrothorn|Protect
|move|p2a: Reuniclus|Hidden Power|p1a: Ferrothorn
|-activate|p1a: Ferrothorn|move: Protect
|
|-weather|Sandstorm|[upkeep]
|-heal|p2a: Reuniclus|90/100 psn|[from] item: Leftovers
|-heal|p1a: Ferrothorn|80/100|[from] item: Leftovers
|upkeep
|turn|48
|-message|The Daisuke forfeited.
|
|win|araquanium
|l|☆The Daisuke
|c|☆araquanium|gg
|raw|The Daisuke's rating: 1526 &rarr; <strong>1498</strong><br />(-28 for losing)
|raw|araquanium's rating: 1387 &rarr; <strong>1414</strong><br />(+27 for winning)
