|j|☆violet femmes
|j|☆BWR Monai
|t:|1719277000
|gametype|singles
|player|p1|violet femmes|silver|1435
|player|p2|BWR Monai|266|1474
|teamsize|p1|6
|teamsize|p2|6
|gen|5
|tier|[Gen 5] OU
|rated|
|rule|Species Clause: Limit one of each Pokémon
|rule|OHKO Clause: OHKO moves are banned
|rule|Moody Clause: Moody is banned
|rule|Evasion Items Clause: Evasion items are banned
|rule|Evasion Moves Clause: Evasion moves are banned
|rule|Endless Battle Clause: Forcing endless battles is banned
|rule|HP Percentage Mod: HP is shown in percentages
|rule|Evasion Abilities Clause: Evasion abilities are banned
|rule|Sleep Moves Clause: Sleep-inducing moves are banned
|rule|Swagger Clause: Swagger is banned
|rule|Baton Pass Stat Clause: No Baton Passer may have a way to boost its stats
|clearpoke
|poke|p1|Tyranitar, M|item
|poke|p1|Latios, M|item
|poke|p1|Excadrill, F|item
|poke|p1|Ferrothorn, F|item
|poke|p1|Gliscor, M|item
|poke|p1|Jellicent, M|item
|poke|p2|Scizor, M|item
|poke|p2|Donphan, F|item
|poke|p2|Celebi|mail
|poke|p2|Chansey, F|item
|poke|p2|Xatu, M|item
|poke|p2|Slowbro, M|item
|teampreview
|
|t:|1719277025
|start
|switch|p1a: Gliscor|Gliscor, M|100/100
|switch|p2a: Scizor|Scizor, M|100/100
|turn|1
|
|t:|1719277033
|move|p1a: Gliscor|Protect|p1a: Gliscor
|-singleturn|p1a: Gliscor|Protect
|move|p2a: Scizor|Knock Off|p1a: Gliscor
|-activate|p1a: Gliscor|move: Protect
|
|-status|p1a: Gliscor|tox|[from] item: Toxic Orb
|upkeep
|turn|2
|
|t:|1719277044
|switch|p2a: Xatu|Xatu, M|100/100
|move|p1a: Gliscor|Ice Fang|p2a: Xatu
|-supereffective|p2a: Xatu
|-damage|p2a: Xatu|73/100
|
|-heal|p2a: Xatu|79/100|[from] item: Leftovers
|upkeep
|turn|3
|
|t:|1719277050
|move|p1a: Gliscor|Swords Dance|p1a: Gliscor
|-boost|p1a: Gliscor|atk|2
|move|p2a: Xatu|Night Shade|p1a: Gliscor
|-damage|p1a: Gliscor|72/100 tox
|
|-heal|p2a: Xatu|85/100|[from] item: Leftovers
|-heal|p1a: Gliscor|85/100 tox|[from] ability: Poison Heal
|upkeep
|turn|4
|
|t:|1719277060
|switch|p1a: Tyranitar|Tyranitar, M|100/100
|-weather|Sandstorm|[from] ability: Sand Stream|[of] p1a: Tyranitar
|switch|p2a: Slowbro|Slowbro, M|100/100
|
|-weather|Sandstorm|[upkeep]
|-damage|p2a: Slowbro|94/100|[from] Sandstorm
|-heal|p2a: Slowbro|100/100|[from] item: Leftovers
|upkeep
|turn|5
|
|t:|1719277069
|switch|p2a: Donphan|Donphan, F|100/100
|move|p1a: Tyranitar|Crunch|p2a: Donphan
|-damage|p2a: Donphan|81/100
|
|-weather|Sandstorm|[upkeep]
|-heal|p2a: Donphan|87/100|[from] item: Leftovers
|upkeep
|turn|6
|
|t:|1719277079
|switch|p1a: Ferrothorn|Ferrothorn, F|100/100
|move|p2a: Donphan|Stealth Rock|p1a: Ferrothorn
|-sidestart|p1: violet femmes|move: Stealth Rock
|
|-weather|Sandstorm|[upkeep]
|-heal|p2a: Donphan|93/100|[from] item: Leftovers
|upkeep
|turn|7
|
|t:|1719277088
|switch|p2a: Xatu|Xatu, M|85/100
|move|p1a: Ferrothorn|Gyro Ball|p2a: Xatu
|-damage|p2a: Xatu|33/100
|
|-weather|Sandstorm|[upkeep]
|-damage|p2a: Xatu|27/100|[from] Sandstorm
|-heal|p2a: Xatu|33/100|[from] item: Leftovers
|upkeep
|turn|8
|
|t:|1719277095
|switch|p1a: Excadrill|Excadrill, F|100/100
|-damage|p1a: Excadrill|97/100|[from] Stealth Rock
|move|p2a: Xatu|Roost|p2a: Xatu
|-heal|p2a: Xatu|83/100
|-singleturn|p2a: Xatu|move: Roost
|
|-weather|Sandstorm|[upkeep]
|-damage|p2a: Xatu|77/100|[from] Sandstorm
|-heal|p1a: Excadrill|100/100|[from] item: Leftovers
|-heal|p2a: Xatu|83/100|[from] item: Leftovers
|upkeep
|turn|9
|
|t:|1719277102
|switch|p2a: Slowbro|Slowbro, M|100/100
|move|p1a: Excadrill|Rapid Spin|p2a: Slowbro
|-damage|p2a: Slowbro|96/100
|-sideend|p1: violet femmes|Stealth Rock|[from] move: Rapid Spin|[of] p1a: Excadrill
|
|-weather|Sandstorm|[upkeep]
|-damage|p2a: Slowbro|90/100|[from] Sandstorm
|-heal|p2a: Slowbro|96/100|[from] item: Leftovers
|upkeep
|turn|10
|
|t:|1719277108
|switch|p1a: Jellicent|Jellicent, M|100/100
|move|p2a: Slowbro|Scald|p1a: Jellicent
|-immune|p1a: Jellicent|[from] ability: Water Absorb
|
|-weather|Sandstorm|[upkeep]
|-damage|p1a: Jellicent|94/100|[from] Sandstorm
|-damage|p2a: Slowbro|90/100|[from] Sandstorm
|-heal|p1a: Jellicent|100/100|[from] item: Leftovers
|-heal|p2a: Slowbro|96/100|[from] item: Leftovers
|upkeep
|turn|11
|
|t:|1719277115
|switch|p2a: Xatu|Xatu, M|83/100
|move|p1a: Jellicent|Night Shade|p2a: Xatu
|-damage|p2a: Xatu|53/100
|
|-weather|Sandstorm|[upkeep]
|-damage|p2a: Xatu|47/100|[from] Sandstorm
|-damage|p1a: Jellicent|94/100|[from] Sandstorm
|-heal|p2a: Xatu|53/100|[from] item: Leftovers
|-heal|p1a: Jellicent|100/100|[from] item: Leftovers
|upkeep
|turn|12
|
|t:|1719277122
|switch|p1a: Tyranitar|Tyranitar, M|100/100
|move|p2a: Xatu|Roost|p2a: Xatu
|-heal|p2a: Xatu|100/100
|-singleturn|p2a: Xatu|move: Roost
|
|-weather|Sandstorm|[upkeep]
|-damage|p2a: Xatu|94/100|[from] Sandstorm
|-heal|p2a: Xatu|100/100|[from] item: Leftovers
|upkeep
|turn|13
|
|t:|1719277137
|move|p2a: Xatu|Protect|p2a: Xatu
|-singleturn|p2a: Xatu|Protect
|move|p1a: Tyranitar|Crunch|p2a: Xatu
|-activate|p2a: Xatu|move: Protect
|
|-weather|Sandstorm|[upkeep]
|-damage|p2a: Xatu|94/100|[from] Sandstorm
|-heal|p2a: Xatu|100/100|[from] item: Leftovers
|upkeep
|turn|14
|
|t:|1719277143
|switch|p2a: Donphan|Donphan, F|93/100
|switch|p1a: Ferrothorn|Ferrothorn, F|100/100
|
|-weather|Sandstorm|[upkeep]
|-heal|p2a: Donphan|99/100|[from] item: Leftovers
|upkeep
|turn|15
|
|t:|1719277148
|switch|p2a: Xatu|Xatu, M|100/100
|move|p1a: Ferrothorn|Power Whip|p2a: Xatu
|-resisted|p2a: Xatu
|-damage|p2a: Xatu|78/100
|
|-weather|Sandstorm|[upkeep]
|-damage|p2a: Xatu|72/100|[from] Sandstorm
|-heal|p2a: Xatu|78/100|[from] item: Leftovers
|upkeep
|turn|16
|
|t:|1719277160
|move|p2a: Xatu|Night Shade|p1a: Ferrothorn
|-damage|p1a: Ferrothorn|72/100
|move|p1a: Ferrothorn|Gyro Ball|p2a: Xatu
|-damage|p2a: Xatu|30/100
|
|-weather|Sandstorm|[upkeep]
|-damage|p2a: Xatu|24/100|[from] Sandstorm
|-heal|p2a: Xatu|30/100|[from] item: Leftovers
|-heal|p1a: Ferrothorn|78/100|[from] item: Leftovers
|upkeep
|turn|17
|
|t:|1719277165
|move|p2a: Xatu|Roost|p2a: Xatu
|-heal|p2a: Xatu|80/100
|-singleturn|p2a: Xatu|move: Roost
|move|p1a: Ferrothorn|Gyro Ball|p2a: Xatu
|-damage|p2a: Xatu|26/100
|
|-weather|Sandstorm|[upkeep]
|-damage|p2a: Xatu|20/100|[from] Sandstorm
|-heal|p2a: Xatu|26/100|[from] item: Leftovers
|-heal|p1a: Ferrothorn|85/100|[from] item: Leftovers
|upkeep
|turn|18
|
|t:|1719277171
|switch|p1a: Gliscor|Gliscor, M|85/100 tox
|move|p2a: Xatu|Roost|p2a: Xatu
|-heal|p2a: Xatu|76/100
|-singleturn|p2a: Xatu|move: Roost
|
|-weather|Sandstorm|[upkeep]
|-damage|p2a: Xatu|70/100|[from] Sandstorm
|-heal|p2a: Xatu|76/100|[from] item: Leftovers
|-heal|p1a: Gliscor|97/100 tox|[from] ability: Poison Heal
|upkeep
|turn|19
|
|t:|1719277177
|switch|p2a: Slowbro|Slowbro, M|100/100
|move|p1a: Gliscor|Swords Dance|p1a: Gliscor
|-boost|p1a: Gliscor|atk|2
|
|-weather|Sandstorm|[upkeep]
|-damage|p2a: Slowbro|94/100|[from] Sandstorm
|-heal|p2a: Slowbro|100/100|[from] item: Leftovers
|-heal|p1a: Gliscor|100/100 tox|[from] ability: Poison Heal
|upkeep
|turn|20
|
|t:|1719277184
|move|p1a: Gliscor|Earthquake|p2a: Slowbro
|-damage|p2a: Slowbro|62/100
|move|p2a: Slowbro|Ice Beam|p1a: Gliscor
|-supereffective|p1a: Gliscor
|-damage|p1a: Gliscor|27/100 tox
|
|-weather|Sandstorm|[upkeep]
|-damage|p2a: Slowbro|56/100|[from] Sandstorm
|-heal|p2a: Slowbro|62/100|[from] item: Leftovers
|-heal|p1a: Gliscor|39/100 tox|[from] ability: Poison Heal
|upkeep
|turn|21
|j| Unsirius
|
|t:|1719277191
|move|p1a: Gliscor|Protect|p1a: Gliscor
|-singleturn|p1a: Gliscor|Protect
|move|p2a: Slowbro|Slack Off|p2a: Slowbro
|-heal|p2a: Slowbro|100/100
|
|-weather|Sandstorm|[upkeep]
|-damage|p2a: Slowbro|94/100|[from] Sandstorm
|-heal|p2a: Slowbro|100/100|[from] item: Leftovers
|-heal|p1a: Gliscor|52/100 tox|[from] ability: Poison Heal
|upkeep
|turn|22
|l| Unsirius
|
|t:|1719277198
|switch|p1a: Jellicent|Jellicent, M|100/100
|move|p2a: Slowbro|Ice Beam|p1a: Jellicent
|-resisted|p1a: Jellicent
|-damage|p1a: Jellicent|91/100
|
|-weather|Sandstorm|[upkeep]
|-damage|p1a: Jellicent|85/100|[from] Sandstorm
|-damage|p2a: Slowbro|94/100|[from] Sandstorm
|-heal|p1a: Jellicent|91/100|[from] item: Leftovers
|-heal|p2a: Slowbro|100/100|[from] item: Leftovers
|upkeep
|turn|23
|
|t:|1719277205
|switch|p2a: Xatu|Xatu, M|76/100
|move|p1a: Jellicent|Night Shade|p2a: Xatu
|-damage|p2a: Xatu|46/100
|
|-weather|Sandstorm|[upkeep]
|-damage|p2a: Xatu|40/100|[from] Sandstorm
|-damage|p1a: Jellicent|85/100|[from] Sandstorm
|-heal|p2a: Xatu|46/100|[from] item: Leftovers
|-heal|p1a: Jellicent|91/100|[from] item: Leftovers
|upkeep
|turn|24
|
|t:|1719277209
|switch|p1a: Tyranitar|Tyranitar, M|100/100
|move|p2a: Xatu|Roost|p2a: Xatu
|-heal|p2a: Xatu|97/100
|-singleturn|p2a: Xatu|move: Roost
|
|-weather|Sandstorm|[upkeep]
|-damage|p2a: Xatu|91/100|[from] Sandstorm
|-heal|p2a: Xatu|97/100|[from] item: Leftovers
|upkeep
|turn|25
|
|t:|1719277225
|move|p2a: Xatu|Wish|p2a: Xatu
|move|p1a: Tyranitar|Crunch|p2a: Xatu
|-supereffective|p2a: Xatu
|-damage|p2a: Xatu|31/100
|
|-weather|Sandstorm|[upkeep]
|-damage|p2a: Xatu|25/100|[from] Sandstorm
|-heal|p2a: Xatu|31/100|[from] item: Leftovers
|upkeep
|turn|26
|
|t:|1719277233
|move|p2a: Xatu|Protect|p2a: Xatu
|-singleturn|p2a: Xatu|Protect
|move|p1a: Tyranitar|Crunch|p2a: Xatu
|-activate|p2a: Xatu|move: Protect
|
|-weather|Sandstorm|[upkeep]
|-damage|p2a: Xatu|25/100|[from] Sandstorm
|-heal|p2a: Xatu|75/100|[from] move: Wish|[wisher] Xatu
|-heal|p2a: Xatu|81/100|[from] item: Leftovers
|upkeep
|turn|27
|
|t:|1719277237
|-activate|p2a: Xatu|move: Pursuit
|move|p1a: Tyranitar|Pursuit|p2a: Xatu|[from]Pursuit
|-supereffective|p2a: Xatu
|-crit|p2a: Xatu
|-damage|p2a: Xatu|0 fnt
|faint|p2a: Xatu
|-hint|A Pokemon can't switch between when it runs out of HP and when it faints
|
|-weather|Sandstorm|[upkeep]
|upkeep
|
|t:|1719277241
|switch|p2a: Donphan|Donphan, F|99/100
|turn|28
|
|t:|1719277250
|switch|p1a: Ferrothorn|Ferrothorn, F|85/100
|move|p2a: Donphan|Stealth Rock|p1a: Ferrothorn
|-sidestart|p1: violet femmes|move: Stealth Rock
|
|-weather|Sandstorm|[upkeep]
|-heal|p2a: Donphan|100/100|[from] item: Leftovers
|-heal|p1a: Ferrothorn|91/100|[from] item: Leftovers
|upkeep
|turn|29
|
|t:|1719277254
|switch|p2a: Scizor|Scizor, M|100/100
|move|p1a: Ferrothorn|Power Whip|p2a: Scizor
|-resisted|p2a: Scizor
|-damage|p2a: Scizor|92/100
|
|-weather|Sandstorm|[upkeep]
|-heal|p1a: Ferrothorn|97/100|[from] item: Leftovers
|upkeep
|turn|30
|
|t:|1719277262
|switch|p1a: Jellicent|Jellicent, M|91/100
|-damage|p1a: Jellicent|79/100|[from] Stealth Rock
|move|p2a: Scizor|Knock Off|p1a: Jellicent
|-supereffective|p1a: Jellicent
|-damage|p1a: Jellicent|62/100
|-enditem|p1a: Jellicent|Leftovers|[from] move: Knock Off|[of] p2a: Scizor
|
|-weather|Sandstorm|[upkeep]
|-damage|p1a: Jellicent|56/100|[from] Sandstorm
|upkeep
|turn|31
|
|t:|1719277268
|switch|p2a: Celebi|Celebi|100/100
|move|p1a: Jellicent|Will-O-Wisp|p2a: Celebi
|-status|p2a: Celebi|brn
|
|-weather|Sandstorm|[upkeep]
|-damage|p2a: Celebi|94/100 brn|[from] Sandstorm
|-damage|p1a: Jellicent|50/100|[from] Sandstorm
|-damage|p2a: Celebi|82/100 brn|[from] brn
|upkeep
|turn|32
|
|t:|1719277277
|switch|p1a: Ferrothorn|Ferrothorn, F|97/100
|-damage|p1a: Ferrothorn|91/100|[from] Stealth Rock
|move|p2a: Celebi|Baton Pass|p2a: Celebi
|
|t:|1719277279
|-curestatus|p2a: Celebi|brn|[from] ability: Natural Cure
|switch|p2a: Scizor|Scizor, M|92/100|[from] Baton Pass
|
|-weather|Sandstorm|[upkeep]
|-heal|p1a: Ferrothorn|97/100|[from] item: Leftovers
|upkeep
|turn|33
|
|t:|1719277285
|move|p2a: Scizor|Knock Off|p1a: Ferrothorn
|-resisted|p1a: Ferrothorn
|-damage|p1a: Ferrothorn|93/100
|-damage|p2a: Scizor|80/100|[from] ability: Iron Barbs|[of] p1a: Ferrothorn
|-enditem|p1a: Ferrothorn|Leftovers|[from] move: Knock Off|[of] p2a: Scizor
|move|p1a: Ferrothorn|Spikes|p2a: Scizor
|-sidestart|p2: BWR Monai|Spikes
|
|-weather|Sandstorm|[upkeep]
|upkeep
|turn|34
|
|t:|1719277296
|switch|p2a: Donphan|Donphan, F|100/100
|-damage|p2a: Donphan|88/100|[from] Spikes
|move|p1a: Ferrothorn|Power Whip|p2a: Donphan|[miss]
|-miss|p1a: Ferrothorn|p2a: Donphan
|
|-weather|Sandstorm|[upkeep]
|-heal|p2a: Donphan|94/100|[from] item: Leftovers
|upkeep
|turn|35
|
|t:|1719277302
|move|p2a: Donphan|Earthquake|p1a: Ferrothorn
|-damage|p1a: Ferrothorn|63/100
|move|p1a: Ferrothorn|Power Whip|p2a: Donphan
|-supereffective|p2a: Donphan
|-damage|p2a: Donphan|41/100
|
|-weather|Sandstorm|[upkeep]
|-heal|p2a: Donphan|47/100|[from] item: Leftovers
|upkeep
|turn|36
|
|t:|1719277309
|switch|p2a: Scizor|Scizor, M|80/100
|-damage|p2a: Scizor|68/100|[from] Spikes
|move|p1a: Ferrothorn|Power Whip|p2a: Scizor|[miss]
|-miss|p1a: Ferrothorn|p2a: Scizor
|
|-weather|Sandstorm|[upkeep]
|upkeep
|turn|37
|
|t:|1719277315
|switch|p1a: Gliscor|Gliscor, M|52/100 tox
|-damage|p1a: Gliscor|39/100 tox|[from] Stealth Rock
|move|p2a: Scizor|Bug Bite|p1a: Gliscor
|-resisted|p1a: Gliscor
|-damage|p1a: Gliscor|25/100 tox
|
|-weather|Sandstorm|[upkeep]
|-heal|p1a: Gliscor|37/100 tox|[from] ability: Poison Heal
|upkeep
|turn|38
|
|t:|1719277321
|switch|p2a: Slowbro|Slowbro, M|100/100
|-damage|p2a: Slowbro|88/100|[from] Spikes
|move|p1a: Gliscor|Protect||[still]
|-fail|p1a: Gliscor
|
|-weather|Sandstorm|[upkeep]
|-damage|p2a: Slowbro|82/100|[from] Sandstorm
|-heal|p2a: Slowbro|88/100|[from] item: Leftovers
|-heal|p1a: Gliscor|50/100 tox|[from] ability: Poison Heal
|upkeep
|turn|39
|
|t:|1719277325
|move|p1a: Gliscor|Protect|p1a: Gliscor
|-singleturn|p1a: Gliscor|Protect
|move|p2a: Slowbro|Ice Beam|p1a: Gliscor
|-activate|p1a: Gliscor|move: Protect
|
|-weather|Sandstorm|[upkeep]
|-damage|p2a: Slowbro|82/100|[from] Sandstorm
|-heal|p2a: Slowbro|88/100|[from] item: Leftovers
|-heal|p1a: Gliscor|62/100 tox|[from] ability: Poison Heal
|upkeep
|turn|40
|
|t:|1719277339
|switch|p1a: Jellicent|Jellicent, M|50/100
|-damage|p1a: Jellicent|37/100|[from] Stealth Rock
|move|p2a: Slowbro|Ice Beam|p1a: Jellicent
|-resisted|p1a: Jellicent
|-damage|p1a: Jellicent|28/100
|
|-weather|Sandstorm|[upkeep]
|-damage|p1a: Jellicent|22/100|[from] Sandstorm
|-damage|p2a: Slowbro|82/100|[from] Sandstorm
|-heal|p2a: Slowbro|88/100|[from] item: Leftovers
|upkeep
|turn|41
|
|t:|1719277344
|switch|p2a: Celebi|Celebi|82/100
|-damage|p2a: Celebi|69/100|[from] Spikes
|move|p1a: Jellicent|Recover|p1a: Jellicent
|-heal|p1a: Jellicent|72/100
|
|-weather|Sandstorm|[upkeep]
|-damage|p2a: Celebi|63/100|[from] Sandstorm
|-damage|p1a: Jellicent|66/100|[from] Sandstorm
|upkeep
|turn|42
|
|t:|1719277354
|switch|p1a: Latios|Latios, M|100/100
|-damage|p1a: Latios|88/100|[from] Stealth Rock
|move|p2a: Celebi|Recover|p2a: Celebi
|-heal|p2a: Celebi|100/100
|
|-weather|Sandstorm|[upkeep]
|-damage|p1a: Latios|82/100|[from] Sandstorm
|-damage|p2a: Celebi|94/100|[from] Sandstorm
|upkeep
|turn|43
|
|t:|1719277363
|move|p2a: Celebi|Recover|p2a: Celebi
|-heal|p2a: Celebi|100/100
|move|p1a: Latios|Roar|p2a: Celebi
|drag|p2a: Chansey|Chansey, F|100/100
|-damage|p2a: Chansey|88/100|[from] Spikes
|
|-weather|Sandstorm|[upkeep]
|-damage|p1a: Latios|76/100|[from] Sandstorm
|-damage|p2a: Chansey|82/100|[from] Sandstorm
|upkeep
|turn|44
|
|t:|1719277373
|switch|p1a: Excadrill|Excadrill, F|100/100
|-damage|p1a: Excadrill|97/100|[from] Stealth Rock
|switch|p2a: Slowbro|Slowbro, M|100/100
|-damage|p2a: Slowbro|88/100|[from] Spikes
|
|-weather|Sandstorm|[upkeep]
|-damage|p2a: Slowbro|82/100|[from] Sandstorm
|-heal|p1a: Excadrill|100/100|[from] item: Leftovers
|-heal|p2a: Slowbro|88/100|[from] item: Leftovers
|upkeep
|turn|45
|
|t:|1719277384
|switch|p1a: Jellicent|Jellicent, M|66/100
|-damage|p1a: Jellicent|54/100|[from] Stealth Rock
|switch|p2a: Celebi|Celebi|100/100
|-damage|p2a: Celebi|88/100|[from] Spikes
|
|-weather|Sandstorm|[upkeep]
|-damage|p2a: Celebi|82/100|[from] Sandstorm
|-damage|p1a: Jellicent|47/100|[from] Sandstorm
|upkeep
|turn|46
|
|t:|1719277394
|move|p2a: Celebi|Psychic|p1a: Jellicent
|-damage|p1a: Jellicent|21/100
|move|p1a: Jellicent|Recover|p1a: Jellicent
|-heal|p1a: Jellicent|71/100
|
|-weather|Sandstorm|[upkeep]
|-damage|p2a: Celebi|76/100|[from] Sandstorm
|-damage|p1a: Jellicent|65/100|[from] Sandstorm
|upkeep
|turn|47
|
|t:|1719277404
|switch|p1a: Latios|Latios, M|76/100
|-damage|p1a: Latios|64/100|[from] Stealth Rock
|move|p2a: Celebi|Baton Pass|p2a: Celebi
|
|t:|1719277414
|switch|p2a: Scizor|Scizor, M|68/100|[from] Baton Pass
|-damage|p2a: Scizor|56/100|[from] Spikes
|
|-weather|Sandstorm|[upkeep]
|-damage|p1a: Latios|58/100|[from] Sandstorm
|upkeep
|turn|48
|
|t:|1719277420
|move|p1a: Latios|Surf|p2a: Scizor
|-damage|p2a: Scizor|17/100
|move|p2a: Scizor|Roost|p2a: Scizor
|-heal|p2a: Scizor|68/100
|-singleturn|p2a: Scizor|move: Roost
|
|-weather|Sandstorm|[upkeep]
|-damage|p1a: Latios|52/100|[from] Sandstorm
|upkeep
|turn|49
|
|t:|1719277427
|switch|p1a: Excadrill|Excadrill, F|100/100
|-damage|p1a: Excadrill|97/100|[from] Stealth Rock
|move|p2a: Scizor|Roost|p2a: Scizor
|-heal|p2a: Scizor|100/100
|-singleturn|p2a: Scizor|move: Roost
|
|-weather|Sandstorm|[upkeep]
|-heal|p1a: Excadrill|100/100|[from] item: Leftovers
|upkeep
|turn|50
|
|t:|1719277433
|move|p1a: Excadrill|Rapid Spin|p2a: Scizor
|-resisted|p2a: Scizor
|-damage|p2a: Scizor|98/100
|-sideend|p1: violet femmes|Stealth Rock|[from] move: Rapid Spin|[of] p1a: Excadrill
|move|p2a: Scizor|Knock Off|p1a: Excadrill
|-resisted|p1a: Excadrill
|-damage|p1a: Excadrill|94/100
|-enditem|p1a: Excadrill|Leftovers|[from] move: Knock Off|[of] p2a: Scizor
|
|-weather|Sandstorm|[upkeep]
|upkeep
|turn|51
|j| 574RM4N
|
|t:|1719277437
|move|p1a: Excadrill|Earthquake|p2a: Scizor
|-damage|p2a: Scizor|44/100
|move|p2a: Scizor|Counter|p1a: Excadrill
|-damage|p1a: Excadrill|0 fnt
|faint|p1a: Excadrill
|
|-weather|Sandstorm|[upkeep]
|upkeep
|l| 574RM4N
|
|t:|1719277448
|switch|p1a: Gliscor|Gliscor, M|62/100 tox
|turn|52
|
|t:|1719277458
|switch|p2a: Slowbro|Slowbro, M|100/100
|-damage|p2a: Slowbro|88/100|[from] Spikes
|move|p1a: Gliscor|Swords Dance|p1a: Gliscor
|-boost|p1a: Gliscor|atk|2
|
|-weather|Sandstorm|[upkeep]
|-damage|p2a: Slowbro|82/100|[from] Sandstorm
|-heal|p2a: Slowbro|88/100|[from] item: Leftovers
|-heal|p1a: Gliscor|75/100 tox|[from] ability: Poison Heal
|upkeep
|turn|53
|
|t:|1719277462
|switch|p1a: Tyranitar|Tyranitar, M|100/100
|move|p2a: Slowbro|Ice Beam|p1a: Tyranitar
|-damage|p1a: Tyranitar|91/100
|
|-weather|Sandstorm|[upkeep]
|-damage|p2a: Slowbro|82/100|[from] Sandstorm
|-heal|p1a: Tyranitar|97/100|[from] item: Leftovers
|-heal|p2a: Slowbro|88/100|[from] item: Leftovers
|upkeep
|turn|54
|
|t:|1719277479
|switch|p2a: Donphan|Donphan, F|47/100
|-damage|p2a: Donphan|34/100|[from] Spikes
|move|p1a: Tyranitar|Crunch|p2a: Donphan
|-damage|p2a: Donphan|13/100
|
|-weather|Sandstorm|[upkeep]
|-heal|p1a: Tyranitar|100/100|[from] item: Leftovers
|-heal|p2a: Donphan|19/100|[from] item: Leftovers
|upkeep
|turn|55
|
|t:|1719277486
|move|p2a: Donphan|Protect|p2a: Donphan
|-singleturn|p2a: Donphan|Protect
|move|p1a: Tyranitar|Crunch|p2a: Donphan
|-activate|p2a: Donphan|move: Protect
|
|-weather|Sandstorm|[upkeep]
|-heal|p2a: Donphan|25/100|[from] item: Leftovers
|upkeep
|turn|56
|j| Neighthan Trainer
|
|t:|1719277503
|move|p1a: Tyranitar|Crunch|p2a: Donphan
|-damage|p2a: Donphan|4/100
|move|p2a: Donphan|Stealth Rock|p1a: Tyranitar
|-sidestart|p1: violet femmes|move: Stealth Rock
|
|-weather|Sandstorm|[upkeep]
|-heal|p2a: Donphan|10/100|[from] item: Leftovers
|upkeep
|turn|57
|
|t:|1719277507
|move|p2a: Donphan|Protect|p2a: Donphan
|-singleturn|p2a: Donphan|Protect
|move|p1a: Tyranitar|Crunch|p2a: Donphan
|-activate|p2a: Donphan|move: Protect
|
|-weather|Sandstorm|[upkeep]
|-heal|p2a: Donphan|17/100|[from] item: Leftovers
|upkeep
|turn|58
|
|t:|1719277519
|move|p2a: Donphan|Protect|p2a: Donphan
|-singleturn|p2a: Donphan|Protect
|move|p1a: Tyranitar|Crunch|p2a: Donphan
|-activate|p2a: Donphan|move: Protect
|
|-weather|Sandstorm|[upkeep]
|-heal|p2a: Donphan|23/100|[from] item: Leftovers
|upkeep
|turn|59
|
|t:|1719277526
|move|p1a: Tyranitar|Crunch|p2a: Donphan
|-damage|p2a: Donphan|0 fnt
|faint|p2a: Donphan
|
|-weather|Sandstorm|[upkeep]
|upkeep
|
|t:|1719277530
|switch|p2a: Scizor|Scizor, M|44/100
|-damage|p2a: Scizor|32/100|[from] Spikes
|turn|60
|
|t:|1719277545
|switch|p1a: Ferrothorn|Ferrothorn, F|63/100
|-damage|p1a: Ferrothorn|57/100|[from] Stealth Rock
|move|p2a: Scizor|Roost|p2a: Scizor
|-heal|p2a: Scizor|82/100
|-singleturn|p2a: Scizor|move: Roost
|
|-weather|Sandstorm|[upkeep]
|upkeep
|turn|61
|
|t:|1719277552
|move|p2a: Scizor|Bug Bite|p1a: Ferrothorn
|-damage|p1a: Ferrothorn|26/100
|-damage|p2a: Scizor|70/100|[from] ability: Iron Barbs|[of] p1a: Ferrothorn
|move|p1a: Ferrothorn|Stealth Rock|p2a: Scizor
|-sidestart|p2: BWR Monai|move: Stealth Rock
|
|-weather|Sandstorm|[upkeep]
|upkeep
|turn|62
|
|t:|1719277559
|switch|p1a: Gliscor|Gliscor, M|75/100 tox
|-damage|p1a: Gliscor|62/100 tox|[from] Stealth Rock
|move|p2a: Scizor|Bug Bite|p1a: Gliscor
|-resisted|p1a: Gliscor
|-damage|p1a: Gliscor|48/100 tox
|
|-weather|Sandstorm|[upkeep]
|-heal|p1a: Gliscor|60/100 tox|[from] ability: Poison Heal
|upkeep
|turn|63
|
|t:|1719277567
|switch|p2a: Slowbro|Slowbro, M|100/100
|-damage|p2a: Slowbro|88/100|[from] Spikes
|-damage|p2a: Slowbro|76/100|[from] Stealth Rock
|move|p1a: Gliscor|Swords Dance|p1a: Gliscor
|-boost|p1a: Gliscor|atk|2
|
|-weather|Sandstorm|[upkeep]
|-damage|p2a: Slowbro|70/100|[from] Sandstorm
|-heal|p2a: Slowbro|76/100|[from] item: Leftovers
|-heal|p1a: Gliscor|73/100 tox|[from] ability: Poison Heal
|upkeep
|turn|64
|
|t:|1719277580
|move|p1a: Gliscor|Protect|p1a: Gliscor
|-singleturn|p1a: Gliscor|Protect
|move|p2a: Slowbro|Ice Beam|p1a: Gliscor
|-activate|p1a: Gliscor|move: Protect
|
|-weather|Sandstorm|[upkeep]
|-damage|p2a: Slowbro|70/100|[from] Sandstorm
|-heal|p2a: Slowbro|76/100|[from] item: Leftovers
|-heal|p1a: Gliscor|85/100 tox|[from] ability: Poison Heal
|upkeep
|turn|65
|
|t:|1719277589
|switch|p1a: Ferrothorn|Ferrothorn, F|26/100
|-damage|p1a: Ferrothorn|20/100|[from] Stealth Rock
|move|p2a: Slowbro|Ice Beam|p1a: Ferrothorn
|-damage|p1a: Ferrothorn|3/100
|
|-weather|Sandstorm|[upkeep]
|-damage|p2a: Slowbro|70/100|[from] Sandstorm
|-heal|p2a: Slowbro|76/100|[from] item: Leftovers
|upkeep
|turn|66
|
|t:|1719277598
|move|p2a: Slowbro|Scald|p1a: Ferrothorn
|-resisted|p1a: Ferrothorn
|-damage|p1a: Ferrothorn|0 fnt
|faint|p1a: Ferrothorn
|
|-weather|Sandstorm|[upkeep]
|-damage|p2a: Slowbro|70/100|[from] Sandstorm
|-heal|p2a: Slowbro|76/100|[from] item: Leftovers
|upkeep
|
|t:|1719277601
|switch|p1a: Tyranitar|Tyranitar, M|100/100
|-damage|p1a: Tyranitar|88/100|[from] Stealth Rock
|turn|67
|
|t:|1719277606
|switch|p2a: Scizor|Scizor, M|70/100
|-damage|p2a: Scizor|58/100|[from] Spikes
|-damage|p2a: Scizor|45/100|[from] Stealth Rock
|move|p1a: Tyranitar|Crunch|p2a: Scizor
|-resisted|p2a: Scizor
|-damage|p2a: Scizor|31/100
|-unboost|p2a: Scizor|def|1
|
|-weather|Sandstorm|[upkeep]
|-heal|p1a: Tyranitar|94/100|[from] item: Leftovers
|upkeep
|turn|68
|
|t:|1719277617
|switch|p1a: Gliscor|Gliscor, M|85/100 tox
|-damage|p1a: Gliscor|73/100 tox|[from] Stealth Rock
|move|p2a: Scizor|Roost|p2a: Scizor
|-heal|p2a: Scizor|82/100
|-singleturn|p2a: Scizor|move: Roost
|
|-weather|Sandstorm|[upkeep]
|-heal|p1a: Gliscor|85/100 tox|[from] ability: Poison Heal
|upkeep
|turn|69
|
|t:|1719277626
|switch|p2a: Slowbro|Slowbro, M|100/100
|-damage|p2a: Slowbro|88/100|[from] Spikes
|-damage|p2a: Slowbro|76/100|[from] Stealth Rock
|move|p1a: Gliscor|Swords Dance|p1a: Gliscor
|-boost|p1a: Gliscor|atk|2
|
|-weather|Sandstorm|[upkeep]
|-damage|p2a: Slowbro|70/100|[from] Sandstorm
|-heal|p2a: Slowbro|76/100|[from] item: Leftovers
|-heal|p1a: Gliscor|98/100 tox|[from] ability: Poison Heal
|upkeep
|turn|70
|
|t:|1719277636
|move|p1a: Gliscor|Earthquake|p2a: Slowbro
|-damage|p2a: Slowbro|39/100
|move|p2a: Slowbro|Ice Beam|p1a: Gliscor
|-supereffective|p1a: Gliscor
|-damage|p1a: Gliscor|17/100 tox
|
|-weather|Sandstorm|[upkeep]
|-damage|p2a: Slowbro|33/100|[from] Sandstorm
|-heal|p2a: Slowbro|39/100|[from] item: Leftovers
|-heal|p1a: Gliscor|29/100 tox|[from] ability: Poison Heal
|upkeep
|turn|71
|
|t:|1719277642
|move|p1a: Gliscor|Protect|p1a: Gliscor
|-singleturn|p1a: Gliscor|Protect
|move|p2a: Slowbro|Slack Off|p2a: Slowbro
|-heal|p2a: Slowbro|89/100
|
|-weather|Sandstorm|[upkeep]
|-damage|p2a: Slowbro|83/100|[from] Sandstorm
|-heal|p2a: Slowbro|89/100|[from] item: Leftovers
|-heal|p1a: Gliscor|42/100 tox|[from] ability: Poison Heal
|upkeep
|turn|72
|
|t:|1719277649
|switch|p1a: Jellicent|Jellicent, M|65/100
|-damage|p1a: Jellicent|53/100|[from] Stealth Rock
|move|p2a: Slowbro|Scald|p1a: Jellicent
|-heal|p1a: Jellicent|77/100|[from] ability: Water Absorb|[of] p2a: Slowbro
|
|-weather|Sandstorm|[upkeep]
|-damage|p1a: Jellicent|71/100|[from] Sandstorm
|-damage|p2a: Slowbro|83/100|[from] Sandstorm
|-heal|p2a: Slowbro|89/100|[from] item: Leftovers
|upkeep
|turn|73
|
|t:|1719277660
|move|p2a: Slowbro|Protect|p2a: Slowbro
|-singleturn|p2a: Slowbro|Protect
|move|p1a: Jellicent|Taunt|p2a: Slowbro
|-activate|p2a: Slowbro|move: Protect
|
|-weather|Sandstorm|[upkeep]
|-damage|p1a: Jellicent|65/100|[from] Sandstorm
|-damage|p2a: Slowbro|83/100|[from] Sandstorm
|-heal|p2a: Slowbro|89/100|[from] item: Leftovers
|upkeep
|turn|74
|
|t:|1719277668
|switch|p2a: Celebi|Celebi|76/100
|-damage|p2a: Celebi|63/100|[from] Spikes
|-damage|p2a: Celebi|51/100|[from] Stealth Rock
|move|p1a: Jellicent|Recover|p1a: Jellicent
|-heal|p1a: Jellicent|100/100
|
|-weather|Sandstorm|[upkeep]
|-damage|p2a: Celebi|45/100|[from] Sandstorm
|-damage|p1a: Jellicent|94/100|[from] Sandstorm
|upkeep
|turn|75
|
|t:|1719277673
|move|p2a: Celebi|Recover|p2a: Celebi
|-heal|p2a: Celebi|95/100
|move|p1a: Jellicent|Taunt|p2a: Celebi
|-start|p2a: Celebi|move: Taunt
|
|-weather|Sandstorm|[upkeep]
|-damage|p2a: Celebi|89/100|[from] Sandstorm
|-damage|p1a: Jellicent|88/100|[from] Sandstorm
|upkeep
|turn|76
|
|t:|1719277681
|move|p2a: Celebi|Psychic|p1a: Jellicent
|-damage|p1a: Jellicent|63/100
|move|p1a: Jellicent|Will-O-Wisp|p2a: Celebi
|-status|p2a: Celebi|brn
|
|-weather|Sandstorm|[upkeep]
|-damage|p2a: Celebi|82/100 brn|[from] Sandstorm
|-damage|p1a: Jellicent|57/100|[from] Sandstorm
|-damage|p2a: Celebi|70/100 brn|[from] brn
|upkeep
|turn|77
|
|t:|1719277688
|move|p2a: Celebi|Psychic|p1a: Jellicent
|-damage|p1a: Jellicent|33/100
|-unboost|p1a: Jellicent|spd|1
|move|p1a: Jellicent|Recover|p1a: Jellicent
|-heal|p1a: Jellicent|83/100
|
|-weather|Sandstorm|[upkeep]
|-damage|p2a: Celebi|64/100 brn|[from] Sandstorm
|-damage|p1a: Jellicent|76/100|[from] Sandstorm
|-damage|p2a: Celebi|51/100 brn|[from] brn
|upkeep
|turn|78
|
|t:|1719277693
|switch|p1a: Tyranitar|Tyranitar, M|94/100
|-damage|p1a: Tyranitar|82/100|[from] Stealth Rock
|move|p2a: Celebi|Psychic|p1a: Tyranitar
|-immune|p1a: Tyranitar
|
|-weather|Sandstorm|[upkeep]
|-damage|p2a: Celebi|45/100 brn|[from] Sandstorm
|-heal|p1a: Tyranitar|88/100|[from] item: Leftovers
|-damage|p2a: Celebi|33/100 brn|[from] brn
|-end|p2a: Celebi|move: Taunt
|upkeep
|turn|79
|
|t:|1719277703
|move|p2a: Celebi|Baton Pass|p2a: Celebi
|
|t:|1719277706
|-curestatus|p2a: Celebi|brn|[from] ability: Natural Cure
|switch|p2a: Scizor|Scizor, M|82/100|[from] Baton Pass
|-damage|p2a: Scizor|69/100|[from] Spikes
|-damage|p2a: Scizor|57/100|[from] Stealth Rock
|move|p1a: Tyranitar|Crunch|p2a: Scizor
|-resisted|p2a: Scizor
|-damage|p2a: Scizor|42/100
|
|-weather|Sandstorm|[upkeep]
|-heal|p1a: Tyranitar|94/100|[from] item: Leftovers
|upkeep
|turn|80
|
|t:|1719277715
|switch|p1a: Gliscor|Gliscor, M|42/100 tox
|-damage|p1a: Gliscor|29/100 tox|[from] Stealth Rock
|move|p2a: Scizor|Roost|p2a: Scizor
|-heal|p2a: Scizor|92/100
|-singleturn|p2a: Scizor|move: Roost
|
|-weather|Sandstorm|[upkeep]
|-heal|p1a: Gliscor|42/100 tox|[from] ability: Poison Heal
|upkeep
|turn|81
|
|t:|1719277726
|switch|p2a: Slowbro|Slowbro, M|100/100
|-damage|p2a: Slowbro|88/100|[from] Spikes
|-damage|p2a: Slowbro|76/100|[from] Stealth Rock
|move|p1a: Gliscor|Swords Dance|p1a: Gliscor
|-boost|p1a: Gliscor|atk|2
|
|-weather|Sandstorm|[upkeep]
|-damage|p2a: Slowbro|70/100|[from] Sandstorm
|-heal|p2a: Slowbro|76/100|[from] item: Leftovers
|-heal|p1a: Gliscor|54/100 tox|[from] ability: Poison Heal
|upkeep
|turn|82
|
|t:|1719277730
|move|p1a: Gliscor|Protect|p1a: Gliscor
|-singleturn|p1a: Gliscor|Protect
|move|p2a: Slowbro|Scald|p1a: Gliscor
|-activate|p1a: Gliscor|move: Protect
|
|-weather|Sandstorm|[upkeep]
|-damage|p2a: Slowbro|70/100|[from] Sandstorm
|-heal|p2a: Slowbro|76/100|[from] item: Leftovers
|-heal|p1a: Gliscor|67/100 tox|[from] ability: Poison Heal
|upkeep
|turn|83
|
|t:|1719277736
|switch|p1a: Jellicent|Jellicent, M|76/100
|-damage|p1a: Jellicent|64/100|[from] Stealth Rock
|move|p2a: Slowbro|Ice Beam|p1a: Jellicent
|-resisted|p1a: Jellicent
|-damage|p1a: Jellicent|56/100
|
|-weather|Sandstorm|[upkeep]
|-damage|p1a: Jellicent|50/100|[from] Sandstorm
|-damage|p2a: Slowbro|70/100|[from] Sandstorm
|-heal|p2a: Slowbro|76/100|[from] item: Leftovers
|upkeep
|turn|84
|
|t:|1719277752
|switch|p2a: Celebi|Celebi|33/100
|-damage|p2a: Celebi|20/100|[from] Spikes
|-damage|p2a: Celebi|8/100|[from] Stealth Rock
|move|p1a: Jellicent|Night Shade|p2a: Celebi
|-damage|p2a: Celebi|0 fnt
|faint|p2a: Celebi
|
|-weather|Sandstorm|[upkeep]
|-damage|p1a: Jellicent|43/100|[from] Sandstorm
|upkeep
|-message|BWR Monai forfeited.
|
|win|violet femmes
|raw|violet femmes's rating: 1435 &rarr; <strong>1457</strong><br />(+22 for winning)
|raw|BWR Monai's rating: 1474 &rarr; <strong>1452</strong><br />(-22 for losing)
|l|☆BWR Monai
|player|p2|
