|j|☆Hanouna2022
|j|☆Spritzalcianuro96
|t:|1597063303
|player|p1|Hanouna2022|clown|1463
|player|p2|Spritzalcianuro96|colress|1579
|teamsize|p1|6
|teamsize|p2|6
|gametype|singles
|gen|5
|tier|[Gen 5] OU
|rated|
|clearpoke
|poke|p1|Tentacruel, F|item
|poke|p1|Breloom, M|item
|poke|p1|Politoed, M|item
|poke|p1|Ferrothorn, F|item
|poke|p1|Tornadus, M|item
|poke|p1|Kyurem|item
|poke|p2|Skarmory, F|item
|poke|p2|Rotom-Wash|item
|poke|p2|Scizor, M|item
|poke|p2|Dragonite, M|item
|poke|p2|Gengar, M|item
|poke|p2|Alakazam, M|item
|rule|Species Clause: Limit one of each Pokémon
|rule|OHKO Clause: OHKO moves are banned
|rule|Moody Clause: Moody is banned
|rule|Evasion Moves Clause: Evasion moves are banned
|rule|Endless Battle Clause: Forcing endless battles is banned
|rule|HP Percentage Mod: HP is shown in percentages
|rule|Evasion Abilities Clause: Evasion abilities are banned
|rule|Baton Pass Clause: Limit one Baton Passer, can't pass Spe and other stats simultaneously
|rule|Sleep Clause: Sleep-inducing moves are banned
|rule|Swagger Clause: Swagger is banned
|teampreview
|inactive|Battle timer is ON: inactive players will automatically lose when time's up. (requested by Spritzalcianuro96)
|
|t:|1597063337
|start
|switch|p1a: Politoed|Politoed, M|100/100
|switch|p2a: Skarmory|Skarmory, F|100/100
|-weather|RainDance|[from] ability: Drizzle|[of] p1a: Politoed
|turn|1
|
|t:|1597063355
|move|p2a: Skarmory|Stealth Rock|p1a: Politoed
|-sidestart|p1: Hanouna2022|move: Stealth Rock
|move|p1a: Politoed|Hydro Pump|p2a: Skarmory
|-enditem|p1a: Politoed|Water Gem|[from] gem
|-ability|p2a: Skarmory|Sturdy
|-damage|p2a: Skarmory|1/100
|
|-weather|RainDance|[upkeep]
|upkeep
|turn|2
|-enditem|p2a: Skarmory|Custap Berry|[eat]
|-activate|p2a: Skarmory|item: Custap Berry|[consumed]
|
|t:|1597063364
|move|p2a: Skarmory|Spikes|p1a: Politoed
|-sidestart|p1: Hanouna2022|Spikes
|move|p1a: Politoed|Thief|p2a: Skarmory
|-resisted|p2a: Skarmory
|-damage|p2a: Skarmory|0 fnt
|faint|p2a: Skarmory
|
|-weather|RainDance|[upkeep]
|upkeep
|
|t:|1597063374
|switch|p2a: Rotom|Rotom-Wash|100/100
|turn|3
|
|t:|1597063384
|move|p2a: Rotom|Will-O-Wisp|p1a: Politoed
|-status|p1a: Politoed|brn
|move|p1a: Politoed|Thief|p2a: Rotom
|-crit|p2a: Rotom
|-damage|p2a: Rotom|94/100
|-enditem|p2a: Rotom|Leftovers|[silent]|[from] move: Thief|[of] p1a: Politoed
|-item|p1a: Politoed|Leftovers|[from] move: Thief|[of] p2a: Rotom
|
|-weather|RainDance|[upkeep]
|-damage|p1a: Politoed|88/100 brn|[from] brn
|upkeep
|turn|4
|
|t:|1597063400
|move|p2a: Rotom|Volt Switch|p1a: Politoed
|-supereffective|p1a: Politoed
|-damage|p1a: Politoed|41/100 brn
|
|t:|1597063412
|switch|p2a: Alakazam|Alakazam, M|100/100|[from]move: Volt Switch
|move|p1a: Politoed|Ice Beam|p2a: Alakazam
|-crit|p2a: Alakazam
|-damage|p2a: Alakazam|18/100
|
|-weather|RainDance|[upkeep]
|-heal|p1a: Politoed|47/100 brn|[from] item: Leftovers
|-damage|p1a: Politoed|35/100 brn|[from] brn
|upkeep
|turn|5
|
|t:|1597063420
|switch|p1a: Ferrothorn|Ferrothorn, F|100/100
|-damage|p1a: Ferrothorn|88/100|[from] Spikes
|-damage|p1a: Ferrothorn|82/100|[from] Stealth Rock
|move|p2a: Alakazam|Psychic|p1a: Ferrothorn
|-resisted|p1a: Ferrothorn
|-damage|p1a: Ferrothorn|68/100
|
|-weather|RainDance|[upkeep]
|-heal|p1a: Ferrothorn|74/100|[from] item: Leftovers
|upkeep
|turn|6
|
|t:|1597063443
|move|p2a: Alakazam|Focus Blast|p1a: Ferrothorn
|-supereffective|p1a: Ferrothorn
|-damage|p1a: Ferrothorn|22/100
|move|p1a: Ferrothorn|Stealth Rock|p2a: Alakazam
|-sidestart|p2: Spritzalcianuro96|move: Stealth Rock
|
|-weather|RainDance|[upkeep]
|-heal|p1a: Ferrothorn|28/100|[from] item: Leftovers
|upkeep
|turn|7
|
|t:|1597063450
|move|p2a: Alakazam|Focus Blast|p1a: Ferrothorn
|-supereffective|p1a: Ferrothorn
|-damage|p1a: Ferrothorn|0 fnt
|faint|p1a: Ferrothorn
|
|-weather|RainDance|[upkeep]
|upkeep
|
|t:|1597063452
|switch|p1a: Breloom|Breloom, M|100/100
|-damage|p1a: Breloom|94/100|[from] Stealth Rock
|-damage|p1a: Breloom|82/100|[from] Spikes
|turn|8
|
|t:|1597063463
|move|p1a: Breloom|Mach Punch|p2a: Alakazam
|-enditem|p1a: Breloom|Fighting Gem|[from] gem
|-resisted|p2a: Alakazam
|-damage|p2a: Alakazam|0 fnt
|faint|p2a: Alakazam
|
|-weather|RainDance|[upkeep]
|upkeep
|inactive|Spritzalcianuro96 has 120 seconds left.
|
|t:|1597063502
|switch|p2a: Gengar|Gengar, M|100/100
|-damage|p2a: Gengar|88/100|[from] Stealth Rock
|turn|9
|
|t:|1597063506
|switch|p1a: Politoed|Politoed, M|35/100 brn
|-damage|p1a: Politoed|22/100 brn|[from] Stealth Rock
|-damage|p1a: Politoed|10/100 brn|[from] Spikes
|move|p2a: Gengar|Shadow Ball|p1a: Politoed
|-damage|p1a: Politoed|0 fnt
|faint|p1a: Politoed
|
|-weather|RainDance|[upkeep]
|-heal|p2a: Gengar|94/100|[from] item: Leftovers
|upkeep
|inactive|Hanouna2022 has 120 seconds left.
|
|t:|1597063545
|switch|p1a: Tornadus|Tornadus, M|100/100
|-damage|p1a: Tornadus|76/100|[from] Stealth Rock
|turn|10
|
|t:|1597063559
|switch|p2a: Rotom|Rotom-Wash|94/100
|-damage|p2a: Rotom|81/100|[from] Stealth Rock
|move|p1a: Tornadus|Hurricane|p2a: Rotom
|-resisted|p2a: Rotom
|-crit|p2a: Rotom
|-damage|p2a: Rotom|10/100
|
|-weather|RainDance|[upkeep]
|upkeep
|turn|11
|
|t:|1597063568
|move|p1a: Tornadus|Hurricane|p2a: Rotom
|-resisted|p2a: Rotom
|-damage|p2a: Rotom|0 fnt
|faint|p2a: Rotom
|
|-weather|RainDance|[upkeep]
|upkeep
|
|t:|1597063574
|switch|p2a: Dragonite|Dragonite, M|100/100
|-damage|p2a: Dragonite|76/100|[from] Stealth Rock
|turn|12
|
|t:|1597063599
|move|p2a: Dragonite|Extreme Speed|p1a: Tornadus
|-damage|p1a: Tornadus|0 fnt
|faint|p1a: Tornadus
|
|-weather|RainDance|[upkeep]
|upkeep
|inactive|Hanouna2022 has 120 seconds left.
|inactive|Hanouna2022 has 90 seconds left.
|
|t:|1597063640
|switch|p1a: Kyurem|Kyurem|100/100
|-damage|p1a: Kyurem|88/100|[from] Spikes
|-damage|p1a: Kyurem|63/100|[from] Stealth Rock
|-ability|p1a: Kyurem|Pressure
|turn|13
|inactive|Hanouna2022 has 90 seconds left.
|inactive|Spritzalcianuro96 has 120 seconds left.
|
|t:|1597063679
|switch|p2a: Scizor|Scizor, M|100/100
|-damage|p2a: Scizor|88/100|[from] Stealth Rock
|move|p1a: Kyurem|Roost|p1a: Kyurem
|-heal|p1a: Kyurem|100/100
|-singleturn|p1a: Kyurem|move: Roost
|
|-weather|RainDance|[upkeep]
|upkeep
|turn|14
|inactive|Spritzalcianuro96 has 120 seconds left.
|
|t:|1597063689
|move|p1a: Kyurem|Substitute|p1a: Kyurem
|-start|p1a: Kyurem|Substitute
|-damage|p1a: Kyurem|76/100
|move|p2a: Scizor|Swords Dance|p2a: Scizor
|-boost|p2a: Scizor|atk|2
|
|-weather|RainDance|[upkeep]
|-heal|p1a: Kyurem|82/100|[from] item: Leftovers
|upkeep
|turn|15
|
|t:|1597063693
|move|p2a: Scizor|Bullet Punch|p1a: Kyurem
|-supereffective|p1a: Kyurem
|-end|p1a: Kyurem|Substitute
|move|p1a: Kyurem|Earth Power|p2a: Scizor
|-crit|p2a: Scizor
|-damage|p2a: Scizor|9/100
|-unboost|p2a: Scizor|spd|1
|
|-weather|RainDance|[upkeep]
|-heal|p1a: Kyurem|88/100|[from] item: Leftovers
|upkeep
|turn|16
|inactive|Spritzalcianuro96 has 120 seconds left.
|
|t:|1597063711
|switch|p1a: Tentacruel|Tentacruel, F|100/100
|-damage|p1a: Tentacruel|88/100|[from] Stealth Rock
|-damage|p1a: Tentacruel|76/100|[from] Spikes
|move|p2a: Scizor|Bullet Punch|p1a: Tentacruel
|-resisted|p1a: Tentacruel
|-damage|p1a: Tentacruel|48/100
|
|-weather|RainDance|[upkeep]
|-heal|p1a: Tentacruel|54/100|[from] ability: Rain Dish
|-heal|p1a: Tentacruel|60/100|[from] item: Black Sludge
|upkeep
|turn|17
|
|t:|1597063715
|move|p2a: Scizor|Bullet Punch|p1a: Tentacruel
|-resisted|p1a: Tentacruel
|-damage|p1a: Tentacruel|27/100
|move|p1a: Tentacruel|Scald|p2a: Scizor
|-damage|p2a: Scizor|0 fnt
|faint|p2a: Scizor
|
|-weather|RainDance|[upkeep]
|-heal|p1a: Tentacruel|33/100|[from] ability: Rain Dish
|-heal|p1a: Tentacruel|40/100|[from] item: Black Sludge
|upkeep
|inactive|Spritzalcianuro96 has 120 seconds left.
|
|t:|1597063741
|switch|p2a: Dragonite|Dragonite, M|76/100
|-damage|p2a: Dragonite|51/100|[from] Stealth Rock
|turn|18
|
|t:|1597063751
|move|p1a: Tentacruel|Protect|p1a: Tentacruel
|-singleturn|p1a: Tentacruel|Protect
|move|p2a: Dragonite|Extreme Speed|p1a: Tentacruel
|-activate|p1a: Tentacruel|move: Protect
|
|-weather|RainDance|[upkeep]
|-heal|p1a: Tentacruel|46/100|[from] ability: Rain Dish
|-heal|p1a: Tentacruel|52/100|[from] item: Black Sludge
|upkeep
|turn|19
|inactive|Hanouna2022 has 120 seconds left.
|
|t:|1597063766
|switch|p1a: Breloom|Breloom, M|82/100
|-damage|p1a: Breloom|70/100|[from] Spikes
|-damage|p1a: Breloom|64/100|[from] Stealth Rock
|move|p2a: Dragonite|Extreme Speed|p1a: Breloom
|-damage|p1a: Breloom|0 fnt
|faint|p1a: Breloom
|
|-weather|RainDance|[upkeep]
|upkeep
|
|t:|1597063768
|switch|p1a: Kyurem|Kyurem|88/100
|-damage|p1a: Kyurem|75/100|[from] Spikes
|-damage|p1a: Kyurem|50/100|[from] Stealth Rock
|-ability|p1a: Kyurem|Pressure
|turn|20
|
|t:|1597063782
|move|p2a: Dragonite|Extreme Speed|p1a: Kyurem
|-damage|p1a: Kyurem|9/100
|move|p1a: Kyurem|Roost|p1a: Kyurem
|-heal|p1a: Kyurem|59/100
|-singleturn|p1a: Kyurem|move: Roost
|
|-weather|RainDance|[upkeep]
|-heal|p1a: Kyurem|65/100|[from] item: Leftovers
|upkeep
|turn|21
|
|t:|1597063796
|switch|p2a: Gengar|Gengar, M|94/100
|-damage|p2a: Gengar|82/100|[from] Stealth Rock
|move|p1a: Kyurem|Roost|p1a: Kyurem
|-heal|p1a: Kyurem|100/100
|-singleturn|p1a: Kyurem|move: Roost
|
|-weather|RainDance|[upkeep]
|-heal|p2a: Gengar|88/100|[from] item: Leftovers
|upkeep
|turn|22
|
|t:|1597063803
|move|p2a: Gengar|Focus Blast|p1a: Kyurem
|-supereffective|p1a: Kyurem
|-crit|p1a: Kyurem
|-damage|p1a: Kyurem|0 fnt
|faint|p1a: Kyurem
|
|-weather|RainDance|[upkeep]
|-heal|p2a: Gengar|94/100|[from] item: Leftovers
|upkeep
|
|t:|1597063807
|switch|p1a: Tentacruel|Tentacruel, F|52/100
|-damage|p1a: Tentacruel|39/100|[from] Spikes
|-damage|p1a: Tentacruel|27/100|[from] Stealth Rock
|turn|23
|
|t:|1597063812
|move|p1a: Tentacruel|Protect|p1a: Tentacruel
|-singleturn|p1a: Tentacruel|Protect
|move|p2a: Gengar|Thunderbolt|p1a: Tentacruel
|-activate|p1a: Tentacruel|move: Protect
|
|-weather|RainDance|[upkeep]
|-heal|p1a: Tentacruel|33/100|[from] ability: Rain Dish
|-heal|p2a: Gengar|100/100|[from] item: Leftovers
|-heal|p1a: Tentacruel|39/100|[from] item: Black Sludge
|upkeep
|turn|24
|-message|Hanouna2022 forfeited.
|
|win|Spritzalcianuro96
|l|☆Hanouna2022
|raw|Hanouna2022's rating: 1463 &rarr; <strong>1449</strong><br />(-14 for losing)
|raw|Spritzalcianuro96's rating: 1579 &rarr; <strong>1592</strong><br />(+13 for winning)
