|j|☆gamerno1
|j|☆Clawdia Chauchat
|t:|1733494017
|gametype|singles
|player|p1|gamerno1|policeman-gen4|1438
|player|p2|Clawdia Chauchat|winona|1594
|teamsize|p1|6
|teamsize|p2|6
|gen|5
|tier|[Gen 5] OU
|rated|
|rule|Species Clause: Limit one of each Pokémon
|rule|OHKO Clause: OHKO moves are banned
|rule|Moody Clause: Moody is banned
|rule|Evasion Items Clause: Evasion items are banned
|rule|Evasion Moves Clause: Evasion moves are banned
|rule|Endless Battle Clause: Forcing endless battles is banned
|rule|HP Percentage Mod: HP is shown in percentages
|rule|Evasion Abilities Clause: Evasion abilities are banned
|rule|Sleep Moves Clause: Sleep-inducing moves are banned
|rule|Swagger Clause: Swagger is banned
|rule|Baton Pass Stat Clause: No Baton Passer may have a way to boost its stats
|clearpoke
|poke|p1|Salamence, F|item
|poke|p1|Mamoswine, M|item
|poke|p1|Lucario, F|item
|poke|p1|Gyarados, F|item
|poke|p1|Mew|item
|poke|p1|Cresselia, F|item
|poke|p2|Tyranitar, M|item
|poke|p2|Landorus-Therian, M|item
|poke|p2|Skarmory, F|item
|poke|p2|Jirachi|item
|poke|p2|Reuniclus, M|item
|poke|p2|Latias, F|item
|teampreview
|
|t:|1733494025
|start
|switch|p1a: Mew|Mew|100/100
|switch|p2a: Tyranitar|Tyranitar, M|100/100
|-weather|Sandstorm|[from] ability: Sand Stream|[of] p2a: Tyranitar
|turn|1
|
|t:|1733494040
|move|p1a: Mew|Reflect|p1a: Mew
|-sidestart|p1: gamerno1|Reflect
|move|p2a: Tyranitar|Crunch|p1a: Mew
|-supereffective|p1a: Mew
|-damage|p1a: Mew|62/100
|
|-weather|Sandstorm|[upkeep]
|-damage|p1a: Mew|56/100|[from] Sandstorm
|upkeep
|turn|2
|
|t:|1733494047
|switch|p2a: Reuniclus|Reuniclus, M|100/100
|move|p1a: Mew|Stealth Rock|p2a: Reuniclus
|-sidestart|p2: Clawdia Chauchat|move: Stealth Rock
|
|-weather|Sandstorm|[upkeep]
|-damage|p1a: Mew|50/100|[from] Sandstorm
|upkeep
|turn|3
|
|t:|1733494053
|move|p1a: Mew|Light Screen|p1a: Mew
|-sidestart|p1: gamerno1|move: Light Screen
|move|p2a: Reuniclus|Trick|p1a: Mew
|-activate|p2a: Reuniclus|move: Trick|[of] p1a: Mew
|-item|p1a: Mew|Sticky Barb|[from] move: Trick
|-item|p2a: Reuniclus|Light Clay|[from] move: Trick
|
|-weather|Sandstorm|[upkeep]
|-damage|p1a: Mew|43/100|[from] Sandstorm
|-damage|p1a: Mew|31/100|[from] item: Sticky Barb
|upkeep
|turn|4
|
|t:|1733494072
|move|p1a: Mew|Taunt|p2a: Reuniclus
|-start|p2a: Reuniclus|move: Taunt
|move|p2a: Reuniclus|Psychic|p1a: Mew
|-resisted|p1a: Mew
|-damage|p1a: Mew|23/100
|
|-weather|Sandstorm|[upkeep]
|-damage|p1a: Mew|17/100|[from] Sandstorm
|-damage|p1a: Mew|5/100|[from] item: Sticky Barb
|upkeep
|turn|5
|
|t:|1733494083
|move|p1a: Mew|Taunt||[still]
|-fail|p1a: Mew
|move|p2a: Reuniclus|Psychic|p1a: Mew
|-resisted|p1a: Mew
|-damage|p1a: Mew|0 fnt
|faint|p1a: Mew
|
|-weather|Sandstorm|[upkeep]
|upkeep
|
|t:|1733494095
|switch|p1a: Mamoswine|Mamoswine, M|100/100
|turn|6
|
|t:|1733494107
|move|p1a: Mamoswine|Earthquake|p2a: Reuniclus
|-damage|p2a: Reuniclus|29/100
|-damage|p1a: Mamoswine|91/100|[from] item: Life Orb
|move|p2a: Reuniclus|Psychic|p1a: Mamoswine
|-damage|p1a: Mamoswine|64/100
|
|-weather|Sandstorm|[upkeep]
|-end|p2a: Reuniclus|move: Taunt
|upkeep
|turn|7
|
|t:|1733494118
|move|p1a: Mamoswine|Earthquake|p2a: Reuniclus
|-damage|p2a: Reuniclus|0 fnt
|faint|p2a: Reuniclus
|-damage|p1a: Mamoswine|54/100|[from] item: Life Orb
|
|-weather|Sandstorm|[upkeep]
|upkeep
|
|t:|1733494119
|switch|p2a: Landorus|Landorus-Therian, M|100/100
|-damage|p2a: Landorus|88/100|[from] Stealth Rock
|-ability|p2a: Landorus|Intimidate|boost
|-unboost|p1a: Mamoswine|atk|1
|turn|8
|
|t:|1733494134
|move|p1a: Mamoswine|Ice Shard|p2a: Landorus
|-supereffective|p2a: Landorus
|-damage|p2a: Landorus|19/100
|-damage|p1a: Mamoswine|44/100|[from] item: Life Orb
|move|p2a: Landorus|Stealth Rock|p1a: Mamoswine
|-sidestart|p1: gamerno1|move: Stealth Rock
|
|-weather|Sandstorm|[upkeep]
|-heal|p2a: Landorus|25/100|[from] item: Leftovers
|-sideend|p1: gamerno1|Reflect
|upkeep
|turn|9
|
|t:|1733494152
|switch|p2a: Skarmory|Skarmory, F|100/100
|-damage|p2a: Skarmory|88/100|[from] Stealth Rock
|move|p1a: Mamoswine|Ice Shard|p2a: Skarmory
|-damage|p2a: Skarmory|77/100
|-damage|p1a: Mamoswine|34/100|[from] item: Life Orb
|
|-weather|Sandstorm|[upkeep]
|-heal|p2a: Skarmory|83/100|[from] item: Leftovers
|upkeep
|turn|10
|
|t:|1733494157
|switch|p1a: Cresselia|Cresselia, F|100/100
|-damage|p1a: Cresselia|88/100|[from] Stealth Rock
|move|p2a: Skarmory|Spikes|p1a: Cresselia
|-sidestart|p1: gamerno1|Spikes
|
|-weather|Sandstorm|[upkeep]
|-damage|p1a: Cresselia|82/100|[from] Sandstorm
|-heal|p2a: Skarmory|89/100|[from] item: Leftovers
|-sideend|p1: gamerno1|move: Light Screen
|upkeep
|turn|11
|
|t:|1733494164
|switch|p2a: Jirachi|Jirachi|100/100
|-damage|p2a: Jirachi|94/100|[from] Stealth Rock
|move|p1a: Cresselia|Thunder Wave|p2a: Jirachi
|-status|p2a: Jirachi|par
|
|-weather|Sandstorm|[upkeep]
|-damage|p1a: Cresselia|76/100|[from] Sandstorm
|-heal|p2a: Jirachi|100/100 par|[from] item: Leftovers
|upkeep
|turn|12
|
|t:|1733494195
|move|p1a: Cresselia|Light Screen|p1a: Cresselia
|-sidestart|p1: gamerno1|move: Light Screen
|move|p2a: Jirachi|Calm Mind|p2a: Jirachi
|-boost|p2a: Jirachi|spa|1
|-boost|p2a: Jirachi|spd|1
|
|-weather|Sandstorm|[upkeep]
|-damage|p1a: Cresselia|70/100|[from] Sandstorm
|upkeep
|turn|13
|
|t:|1733494226
|move|p1a: Cresselia|Reflect|p1a: Cresselia
|-sidestart|p1: gamerno1|Reflect
|move|p2a: Jirachi|Calm Mind|p2a: Jirachi
|-boost|p2a: Jirachi|spa|1
|-boost|p2a: Jirachi|spd|1
|
|-weather|Sandstorm|[upkeep]
|-damage|p1a: Cresselia|64/100|[from] Sandstorm
|upkeep
|turn|14
|
|t:|1733494249
|switch|p1a: Mamoswine|Mamoswine, M|34/100
|-damage|p1a: Mamoswine|22/100|[from] Stealth Rock
|-damage|p1a: Mamoswine|9/100|[from] Spikes
|move|p2a: Jirachi|Psychic|p1a: Mamoswine
|-damage|p1a: Mamoswine|0 fnt
|faint|p1a: Mamoswine
|
|-weather|Sandstorm|[upkeep]
|upkeep
|
|t:|1733494256
|switch|p1a: Salamence|Salamence, F|100/100
|-damage|p1a: Salamence|76/100|[from] Stealth Rock
|turn|15
|
|t:|1733494259
|move|p1a: Salamence|Earthquake|p2a: Jirachi
|-supereffective|p2a: Jirachi
|-damage|p2a: Jirachi|33/100 par
|move|p2a: Jirachi|Psychic|p1a: Salamence
|-damage|p1a: Salamence|20/100
|
|-weather|Sandstorm|[upkeep]
|-damage|p1a: Salamence|14/100|[from] Sandstorm
|-heal|p2a: Jirachi|39/100 par|[from] item: Leftovers
|upkeep
|turn|16
|
|t:|1733494263
|switch|p2a: Landorus|Landorus-Therian, M|25/100
|-damage|p2a: Landorus|13/100|[from] Stealth Rock
|-ability|p2a: Landorus|Intimidate|boost
|-unboost|p1a: Salamence|atk|1
|move|p1a: Salamence|Earthquake|p2a: Landorus
|-immune|p2a: Landorus
|
|-weather|Sandstorm|[upkeep]
|-damage|p1a: Salamence|8/100|[from] Sandstorm
|-heal|p2a: Landorus|19/100|[from] item: Leftovers
|upkeep
|turn|17
|
|t:|1733494270
|move|p1a: Salamence|Outrage|p2a: Landorus
|-damage|p2a: Landorus|0 fnt
|faint|p2a: Landorus
|-ability|p1a: Salamence|Moxie|boost
|-boost|p1a: Salamence|atk|1
|
|-weather|Sandstorm|[upkeep]
|-damage|p1a: Salamence|2/100|[from] Sandstorm
|upkeep
|
|t:|1733494275
|switch|p2a: Skarmory|Skarmory, F|89/100
|-damage|p2a: Skarmory|76/100|[from] Stealth Rock
|turn|18
|
|t:|1733494280
|move|p1a: Salamence|Outrage|p2a: Skarmory|[from]lockedmove
|-resisted|p2a: Skarmory
|-damage|p2a: Skarmory|57/100
|-start|p1a: Salamence|confusion|[fatigue]
|-enditem|p1a: Salamence|Lum Berry|[eat]
|-end|p1a: Salamence|confusion
|move|p2a: Skarmory|Roost|p2a: Skarmory
|-heal|p2a: Skarmory|100/100
|-singleturn|p2a: Skarmory|move: Roost
|
|-weather|Sandstorm|[upkeep]
|-damage|p1a: Salamence|0 fnt|[from] Sandstorm
|faint|p1a: Salamence
|upkeep
|
|t:|1733494290
|switch|p1a: Cresselia|Cresselia, F|64/100
|-damage|p1a: Cresselia|51/100|[from] Stealth Rock
|turn|19
|
|t:|1733494304
|switch|p2a: Jirachi|Jirachi|39/100 par
|-damage|p2a: Jirachi|33/100 par|[from] Stealth Rock
|move|p1a: Cresselia|Thunder Wave|p2a: Jirachi
|-fail|p2a: Jirachi|par
|
|-weather|Sandstorm|[upkeep]
|-damage|p1a: Cresselia|45/100|[from] Sandstorm
|-heal|p2a: Jirachi|39/100 par|[from] item: Leftovers
|-sideend|p1: gamerno1|move: Light Screen
|upkeep
|turn|20
|
|t:|1733494314
|move|p1a: Cresselia|Light Screen|p1a: Cresselia
|-sidestart|p1: gamerno1|move: Light Screen
|move|p2a: Jirachi|Calm Mind|p2a: Jirachi
|-boost|p2a: Jirachi|spa|1
|-boost|p2a: Jirachi|spd|1
|
|-weather|Sandstorm|[upkeep]
|-damage|p1a: Cresselia|39/100|[from] Sandstorm
|-heal|p2a: Jirachi|45/100 par|[from] item: Leftovers
|-sideend|p1: gamerno1|Reflect
|upkeep
|turn|21
|
|t:|1733494318
|move|p1a: Cresselia|Reflect|p1a: Cresselia
|-sidestart|p1: gamerno1|Reflect
|cant|p2a: Jirachi|par
|
|-weather|Sandstorm|[upkeep]
|-damage|p1a: Cresselia|33/100|[from] Sandstorm
|-heal|p2a: Jirachi|52/100 par|[from] item: Leftovers
|upkeep
|turn|22
|
|t:|1733494321
|move|p1a: Cresselia|Psychic|p2a: Jirachi
|-resisted|p2a: Jirachi
|-damage|p2a: Jirachi|48/100 par
|move|p2a: Jirachi|Hidden Power|p1a: Cresselia
|-damage|p1a: Cresselia|25/100
|
|-weather|Sandstorm|[upkeep]
|-damage|p1a: Cresselia|19/100|[from] Sandstorm
|-heal|p2a: Jirachi|54/100 par|[from] item: Leftovers
|upkeep
|turn|23
|
|t:|1733494324
|move|p1a: Cresselia|Psychic|p2a: Jirachi
|-resisted|p2a: Jirachi
|-damage|p2a: Jirachi|50/100 par
|move|p2a: Jirachi|Calm Mind|p2a: Jirachi
|-boost|p2a: Jirachi|spa|1
|-boost|p2a: Jirachi|spd|1
|
|-weather|Sandstorm|[upkeep]
|-damage|p1a: Cresselia|12/100|[from] Sandstorm
|-heal|p2a: Jirachi|56/100 par|[from] item: Leftovers
|upkeep
|turn|24
|
|t:|1733494327
|move|p1a: Cresselia|Psychic|p2a: Jirachi
|-resisted|p2a: Jirachi
|-damage|p2a: Jirachi|53/100 par
|move|p2a: Jirachi|Calm Mind|p2a: Jirachi
|-boost|p2a: Jirachi|spa|1
|-boost|p2a: Jirachi|spd|1
|
|-weather|Sandstorm|[upkeep]
|-damage|p1a: Cresselia|6/100|[from] Sandstorm
|-heal|p2a: Jirachi|59/100 par|[from] item: Leftovers
|upkeep
|turn|25
|
|t:|1733494340
|move|p1a: Cresselia|Psychic|p2a: Jirachi
|-resisted|p2a: Jirachi
|-damage|p2a: Jirachi|57/100 par
|cant|p2a: Jirachi|par
|
|-weather|Sandstorm|[upkeep]
|-damage|p1a: Cresselia|0 fnt|[from] Sandstorm
|faint|p1a: Cresselia
|-heal|p2a: Jirachi|63/100 par|[from] item: Leftovers
|upkeep
|
|t:|1733494343
|switch|p1a: Lucario|Lucario, F|100/100
|-damage|p1a: Lucario|98/100|[from] Stealth Rock
|-damage|p1a: Lucario|85/100|[from] Spikes
|turn|26
|
|t:|1733494368
|move|p1a: Lucario|Swords Dance|p1a: Lucario
|-boost|p1a: Lucario|atk|2
|move|p2a: Jirachi|Hidden Power|p1a: Lucario
|-supereffective|p1a: Lucario
|-damage|p1a: Lucario|7/100
|
|-weather|Sandstorm|[upkeep]
|-heal|p2a: Jirachi|69/100 par|[from] item: Leftovers
|upkeep
|turn|27
|
|t:|1733494383
|move|p1a: Lucario|Close Combat|p2a: Jirachi
|-damage|p2a: Jirachi|0 fnt
|-unboost|p1a: Lucario|def|1
|-unboost|p1a: Lucario|spd|1
|faint|p2a: Jirachi
|-damage|p1a: Lucario|0 fnt|[from] item: Life Orb
|faint|p1a: Lucario
|
|-weather|Sandstorm|[upkeep]
|-sideend|p1: gamerno1|move: Light Screen
|upkeep
|
|t:|1733494391
|switch|p2a: Latias|Latias, F|100/100
|switch|p1a: Gyarados|Gyarados, F|100/100
|-damage|p2a: Latias|88/100|[from] Stealth Rock
|-damage|p1a: Gyarados|76/100|[from] Stealth Rock
|turn|28
|
|t:|1733494396
|move|p2a: Latias|Dragon Pulse|p1a: Gyarados
|-damage|p1a: Gyarados|37/100
|move|p1a: Gyarados|Dragon Dance|p1a: Gyarados
|-boost|p1a: Gyarados|atk|1
|-boost|p1a: Gyarados|spe|1
|
|-weather|Sandstorm|[upkeep]
|-damage|p1a: Gyarados|31/100|[from] Sandstorm
|-damage|p2a: Latias|82/100|[from] Sandstorm
|-heal|p1a: Gyarados|37/100|[from] item: Leftovers
|-heal|p2a: Latias|88/100|[from] item: Leftovers
|-sideend|p1: gamerno1|Reflect
|upkeep
|turn|29
|
|t:|1733494427
|move|p1a: Gyarados|Bounce||[still]
|-prepare|p1a: Gyarados|Bounce
|move|p2a: Latias|Dragon Pulse|p1a: Gyarados|[miss]
|-miss|p2a: Latias|p1a: Gyarados
|
|-weather|Sandstorm|[upkeep]
|-damage|p1a: Gyarados|31/100|[from] Sandstorm
|-damage|p2a: Latias|82/100|[from] Sandstorm
|-heal|p1a: Gyarados|37/100|[from] item: Leftovers
|-heal|p2a: Latias|88/100|[from] item: Leftovers
|upkeep
|turn|30
|
|t:|1733494443
|switch|p2a: Skarmory|Skarmory, F|100/100
|-damage|p2a: Skarmory|88/100|[from] Stealth Rock
|move|p1a: Gyarados|Bounce|p2a: Skarmory|[from]lockedmove
|-resisted|p2a: Skarmory
|-damage|p2a: Skarmory|69/100
|-status|p2a: Skarmory|par
|
|-weather|Sandstorm|[upkeep]
|-damage|p1a: Gyarados|31/100|[from] Sandstorm
|-heal|p1a: Gyarados|37/100|[from] item: Leftovers
|-heal|p2a: Skarmory|75/100 par|[from] item: Leftovers
|upkeep
|turn|31
|
|t:|1733494522
|move|p1a: Gyarados|Substitute|p1a: Gyarados
|-start|p1a: Gyarados|Substitute
|-damage|p1a: Gyarados|12/100
|cant|p2a: Skarmory|par
|
|-weather|Sandstorm|[upkeep]
|-damage|p1a: Gyarados|6/100|[from] Sandstorm
|-heal|p1a: Gyarados|12/100|[from] item: Leftovers
|-heal|p2a: Skarmory|81/100 par|[from] item: Leftovers
|upkeep
|turn|32
|inactive|Battle timer is ON: inactive players will automatically lose when time's up. (requested by gamerno1)
|
|t:|1733494527
|move|p1a: Gyarados|Waterfall|p2a: Skarmory
|-damage|p2a: Skarmory|43/100 par
|move|p2a: Skarmory|Brave Bird|p1a: Gyarados
|-end|p1a: Gyarados|Substitute
|-damage|p2a: Skarmory|34/100 par|[from] Recoil|[of] p1a: Gyarados
|
|-weather|Sandstorm|[upkeep]
|-damage|p1a: Gyarados|6/100|[from] Sandstorm
|-heal|p1a: Gyarados|12/100|[from] item: Leftovers
|-heal|p2a: Skarmory|40/100 par|[from] item: Leftovers
|upkeep
|turn|33
|
|t:|1733494539
|switch|p2a: Tyranitar|Tyranitar, M|100/100
|-damage|p2a: Tyranitar|88/100|[from] Stealth Rock
|move|p1a: Gyarados|Waterfall|p2a: Tyranitar
|-supereffective|p2a: Tyranitar
|-damage|p2a: Tyranitar|0 fnt
|faint|p2a: Tyranitar
|-ability|p1a: Gyarados|Moxie|boost
|-boost|p1a: Gyarados|atk|1
|
|-weather|Sandstorm|[upkeep]
|-damage|p1a: Gyarados|6/100|[from] Sandstorm
|-heal|p1a: Gyarados|12/100|[from] item: Leftovers
|upkeep
|
|t:|1733494541
|switch|p2a: Latias|Latias, F|88/100
|-damage|p2a: Latias|76/100|[from] Stealth Rock
|turn|34
|
|t:|1733494553
|switch|p2a: Skarmory|Skarmory, F|40/100 par
|-damage|p2a: Skarmory|28/100 par|[from] Stealth Rock
|move|p1a: Gyarados|Waterfall|p2a: Skarmory
|-damage|p2a: Skarmory|0 fnt
|faint|p2a: Skarmory
|-ability|p1a: Gyarados|Moxie|boost
|-boost|p1a: Gyarados|atk|1
|
|-weather|Sandstorm|[upkeep]
|-damage|p1a: Gyarados|6/100|[from] Sandstorm
|-heal|p1a: Gyarados|12/100|[from] item: Leftovers
|upkeep
|inactive|Clawdia Chauchat has 120 seconds left.
|-message|Clawdia Chauchat forfeited.
|
|win|gamerno1
|raw|gamerno1's rating: 1438 &rarr; <strong>1464</strong><br />(+26 for winning)
|raw|Clawdia Chauchat's rating: 1543 &rarr; <strong>1517</strong><br />(-26 for losing)
|l|☆Clawdia Chauchat
|player|p2|
