|j|☆refsunpersons
|j|☆Nintendoman1998
|player|p1|refsunpersons|120
|player|p2|Nintendoman1998|267
|teamsize|p1|6
|teamsize|p2|6
|gametype|singles
|gen|5
|tier|[Gen 5] OU
|rated|
|rule|Sleep Clause Mod: Limit one foe put to sleep
|rule|Species Clause: Limit one of each Pokémon
|rule|OHKO Clause: OHKO moves are banned
|rule|Moody Clause: Moody is banned
|rule|Evasion Moves Clause: Evasion moves are banned
|rule|Endless Battle Clause: Forcing endless battles is banned
|rule|HP Percentage Mod: HP is shown in percentages
|rule|Evasion Abilities Clause: Evasion abilities are banned
|rule|Baton Pass Clause: Limit one Baton Passer, can't pass Spe and other stats simultaneously
|rule|Swagger Clause: Swagger is banned
|clearpoke
|poke|p1|Breloom, F|item
|poke|p1|Skarmory, M|item
|poke|p1|Tyranitar, M|item
|poke|p1|Jellicent, M|item
|poke|p1|Salamence, F|item
|poke|p1|Excadrill, F|item
|poke|p2|Gliscor, M|item
|poke|p2|Magnezone|item
|poke|p2|Latios, M|item
|poke|p2|Jirachi|item
|poke|p2|Tyranitar, F|item
|poke|p2|Starmie|item
|teampreview
|c|☆refsunpersons|gl hf
|c|☆Nintendoman1998|u2
|
|start
|switch|p1a: Breloom|Breloom, F|100/100
|switch|p2a: Gliscor|Gliscor, M|100/100
|turn|1
|
|move|p2a: Gliscor|Protect|p2a: Gliscor
|-singleturn|p2a: Gliscor|Protect
|move|p1a: Breloom|Bulk Up|p1a: Breloom
|-boost|p1a: Breloom|atk|1
|-boost|p1a: Breloom|def|1
|
|-status|p2a: Gliscor|tox|[from] item: Toxic Orb
|-status|p1a: Breloom|tox|[from] item: Toxic Orb
|upkeep
|turn|2
|
|move|p2a: Gliscor|Earthquake|p1a: Breloom
|-resisted|p1a: Breloom
|-damage|p1a: Breloom|85/100 tox
|move|p1a: Breloom|Seed Bomb|p2a: Gliscor
|-damage|p2a: Gliscor|63/100 tox
|
|-heal|p2a: Gliscor|75/100 tox|[from] ability: Poison Heal
|-heal|p1a: Breloom|98/100 tox|[from] ability: Poison Heal
|upkeep
|turn|3
|
|switch|p2a: Latios|Latios, M|100/100
|move|p1a: Breloom|Bulk Up|p1a: Breloom
|-boost|p1a: Breloom|atk|1
|-boost|p1a: Breloom|def|1
|
|-heal|p1a: Breloom|100/100 tox|[from] ability: Poison Heal
|upkeep
|turn|4
|
|switch|p1a: Skarmory|Skarmory, M|100/100
|move|p2a: Latios|Psyshock|p1a: Skarmory
|-resisted|p1a: Skarmory
|-damage|p1a: Skarmory|77/100
|
|upkeep
|turn|5
|
|switch|p2a: Magnezone|Magnezone|100/100
|move|p1a: Skarmory|Spikes|p2a: Magnezone
|-sidestart|p2: Nintendoman1998|Spikes
|
|upkeep
|turn|6
|
|switch|p1a: Tyranitar|Tyranitar, M|100/100
|-weather|Sandstorm|[from] ability: Sand Stream|[of] p1a: Tyranitar
|move|p2a: Magnezone|Volt Switch|p1a: Tyranitar
|-damage|p1a: Tyranitar|76/100
|
|switch|p2a: Gliscor|Gliscor, M|75/100 tox
|
|-weather|Sandstorm|[upkeep]
|-heal|p2a: Gliscor|88/100 tox|[from] ability: Poison Heal
|upkeep
|turn|7
|
|switch|p1a: Salamence|Salamence, F|100/100
|move|p2a: Gliscor|Protect||[still]
|-fail|p2a: Gliscor
|
|-weather|Sandstorm|[upkeep]
|-damage|p1a: Salamence|94/100|[from] Sandstorm
|-heal|p2a: Gliscor|100/100 tox|[from] ability: Poison Heal
|upkeep
|turn|8
|
|move|p1a: Salamence|Dragon Dance|p1a: Salamence
|-boost|p1a: Salamence|atk|1
|-boost|p1a: Salamence|spe|1
|move|p2a: Gliscor|Toxic|p1a: Salamence
|-status|p1a: Salamence|tox
|
|-weather|Sandstorm|[upkeep]
|-damage|p1a: Salamence|88/100 tox|[from] Sandstorm
|-damage|p1a: Salamence|82/100 tox|[from] psn
|upkeep
|turn|9
|
|move|p1a: Salamence|Earthquake|p2a: Gliscor
|-immune|p2a: Gliscor|[msg]
|move|p2a: Gliscor|Substitute|p2a: Gliscor
|-start|p2a: Gliscor|Substitute
|-damage|p2a: Gliscor|75/100 tox
|
|-weather|Sandstorm|[upkeep]
|-damage|p1a: Salamence|76/100 tox|[from] Sandstorm
|-damage|p1a: Salamence|64/100 tox|[from] psn
|-heal|p2a: Gliscor|88/100 tox|[from] ability: Poison Heal
|upkeep
|turn|10
|
|switch|p1a: Skarmory|Skarmory, M|77/100
|move|p2a: Gliscor|Protect||[still]
|-fail|p2a: Gliscor
|
|-weather|Sandstorm|[upkeep]
|-heal|p2a: Gliscor|100/100 tox|[from] ability: Poison Heal
|upkeep
|turn|11
|
|switch|p2a: Magnezone|Magnezone|100/100
|-damage|p2a: Magnezone|88/100|[from] Spikes
|move|p1a: Skarmory|Spikes|p2a: Magnezone
|-sidestart|p2: Nintendoman1998|Spikes
|
|-weather|Sandstorm|[upkeep]
|upkeep
|turn|12
|
|switch|p1a: Tyranitar|Tyranitar, M|76/100
|move|p2a: Magnezone|Volt Switch|p1a: Tyranitar
|-damage|p1a: Tyranitar|52/100
|c|☆Nintendoman1998|How are you able to switch out?
|c|☆refsunpersons|Shed Shell
|c|☆refsunpersons|I need it for the dragmag matchup
|c|☆Nintendoman1998|I thought Shed Shell was 1 use
|c|☆refsunpersons|(man I should have switched to excadrill...)
|
|switch|p2a: Gliscor|Gliscor, M|100/100 tox
|
|-weather|Sandstorm|[upkeep]
|upkeep
|turn|13
|
|move|p2a: Gliscor|Substitute|p2a: Gliscor
|-start|p2a: Gliscor|Substitute
|-damage|p2a: Gliscor|75/100 tox
|move|p1a: Tyranitar|Crunch|p2a: Gliscor
|-activate|p2a: Gliscor|Substitute|[damage]
|
|-weather|Sandstorm|[upkeep]
|-heal|p2a: Gliscor|88/100 tox|[from] ability: Poison Heal
|upkeep
|turn|14
|
|switch|p1a: Skarmory|Skarmory, M|77/100
|move|p2a: Gliscor|Toxic|p1a: Skarmory
|-immune|p1a: Skarmory|[msg]
|
|-weather|Sandstorm|[upkeep]
|-heal|p2a: Gliscor|100/100 tox|[from] ability: Poison Heal
|upkeep
|turn|15
|
|switch|p2a: Starmie|Starmie|100/100
|-damage|p2a: Starmie|84/100|[from] Spikes
|move|p1a: Skarmory|Whirlwind|p2a: Starmie
|drag|p2a: Latios|Latios, M|100/100
|
|-weather|Sandstorm|[upkeep]
|-damage|p2a: Latios|95/100|[from] Sandstorm
|upkeep
|turn|16
|
|switch|p1a: Jellicent|Jellicent, M|100/100
|move|p2a: Latios|Trick|p1a: Jellicent
|-activate|p2a: Latios|move: Trick|[of] p1a: Jellicent
|-item|p1a: Jellicent|Choice Specs|[from] move: Trick
|-item|p2a: Latios|Leftovers|[from] move: Trick
|
|-weather|Sandstorm|[upkeep]
|-damage|p2a: Latios|89/100|[from] Sandstorm
|-damage|p1a: Jellicent|94/100|[from] Sandstorm
|-heal|p2a: Latios|95/100|[from] item: Leftovers
|upkeep
|turn|17
|
|switch|p2a: Starmie|Starmie|84/100
|-damage|p2a: Starmie|68/100|[from] Spikes
|move|p1a: Jellicent|Scald|p2a: Starmie
|-resisted|p2a: Starmie
|-damage|p2a: Starmie|41/100
|
|-weather|Sandstorm|[upkeep]
|-damage|p2a: Starmie|35/100|[from] Sandstorm
|-damage|p1a: Jellicent|88/100|[from] Sandstorm
|-heal|p2a: Starmie|41/100|[from] item: Leftovers
|upkeep
|turn|18
|
|switch|p2a: Jirachi|Jirachi|100/100
|-damage|p2a: Jirachi|84/100|[from] Spikes
|move|p1a: Jellicent|Scald|p2a: Jirachi
|-damage|p2a: Jirachi|62/100
|
|-weather|Sandstorm|[upkeep]
|-damage|p1a: Jellicent|82/100|[from] Sandstorm
|-heal|p2a: Jirachi|68/100|[from] item: Leftovers
|upkeep
|turn|19
|
|switch|p1a: Excadrill|Excadrill, F|100/100
|move|p2a: Jirachi|Thunder Wave|p1a: Excadrill
|-immune|p1a: Excadrill|[msg]
|
|-weather|Sandstorm|[upkeep]
|-heal|p2a: Jirachi|74/100|[from] item: Leftovers
|upkeep
|turn|20
|
|switch|p1a: Salamence|Salamence, F|64/100 tox
|switch|p2a: Gliscor|Gliscor, M|100/100 tox
|
|-weather|Sandstorm|[upkeep]
|-damage|p1a: Salamence|58/100 tox|[from] Sandstorm
|-damage|p1a: Salamence|52/100 tox|[from] psn
|upkeep
|turn|21
|
|move|p1a: Salamence|Hydro Pump|p2a: Gliscor|[miss]
|-miss|p1a: Salamence|p2a: Gliscor
|move|p2a: Gliscor|Substitute|p2a: Gliscor
|-start|p2a: Gliscor|Substitute
|-damage|p2a: Gliscor|75/100 tox
|
|-weather|Sandstorm|[upkeep]
|-damage|p1a: Salamence|46/100 tox|[from] Sandstorm
|-damage|p1a: Salamence|34/100 tox|[from] psn
|-heal|p2a: Gliscor|88/100 tox|[from] ability: Poison Heal
|upkeep
|turn|22
|
|switch|p1a: Skarmory|Skarmory, M|77/100
|move|p2a: Gliscor|Protect||[still]
|-fail|p2a: Gliscor
|
|-weather|Sandstorm|[upkeep]
|-heal|p2a: Gliscor|100/100 tox|[from] ability: Poison Heal
|upkeep
|turn|23
|
|switch|p2a: Magnezone|Magnezone|88/100
|-damage|p2a: Magnezone|71/100|[from] Spikes
|move|p1a: Skarmory|Whirlwind|p2a: Magnezone
|drag|p2a: Jirachi|Jirachi|74/100
|-damage|p2a: Jirachi|57/100|[from] Spikes
|
|-weather|Sandstorm|[upkeep]
|-heal|p2a: Jirachi|64/100|[from] item: Leftovers
|upkeep
|turn|24
|
|switch|p1a: Salamence|Salamence, F|34/100 tox
|move|p2a: Jirachi|Stealth Rock|p1a: Salamence
|-sidestart|p1: refsunpersons|move: Stealth Rock
|
|-weather|Sandstorm|[upkeep]
|-damage|p1a: Salamence|28/100 tox|[from] Sandstorm
|-heal|p2a: Jirachi|70/100|[from] item: Leftovers
|-damage|p1a: Salamence|22/100 tox|[from] psn
|upkeep
|turn|25
|
|switch|p2a: Latios|Latios, M|95/100
|move|p1a: Salamence|Earthquake|p2a: Latios
|-immune|p2a: Latios|[msg]|[from] ability: Levitate
|
|-weather|Sandstorm|[upkeep]
|-damage|p2a: Latios|89/100|[from] Sandstorm
|-damage|p1a: Salamence|16/100 tox|[from] Sandstorm
|-heal|p2a: Latios|95/100|[from] item: Leftovers
|-damage|p1a: Salamence|4/100 tox|[from] psn
|upkeep
|turn|26
|
|switch|p2a: Jirachi|Jirachi|70/100
|-damage|p2a: Jirachi|53/100|[from] Spikes
|move|p1a: Salamence|Outrage|p2a: Jirachi
|-resisted|p2a: Jirachi
|-damage|p2a: Jirachi|27/100
|
|-weather|Sandstorm|[upkeep]
|-damage|p1a: Salamence|0 fnt|[from] Sandstorm
|-heal|p2a: Jirachi|34/100|[from] item: Leftovers
|upkeep
|faint|p1a: Salamence
|
|switch|p1a: Excadrill|Excadrill, F|100/100
|-damage|p1a: Excadrill|98/100|[from] Stealth Rock
|turn|27
|
|switch|p2a: Gliscor|Gliscor, M|100/100 tox
|move|p1a: Excadrill|Earthquake|p2a: Gliscor
|-immune|p2a: Gliscor|[msg]
|
|-weather|Sandstorm|[upkeep]
|upkeep
|turn|28
|
|switch|p1a: Skarmory|Skarmory, M|77/100
|-damage|p1a: Skarmory|65/100|[from] Stealth Rock
|move|p2a: Gliscor|Substitute|p2a: Gliscor
|-start|p2a: Gliscor|Substitute
|-damage|p2a: Gliscor|75/100 tox
|
|-weather|Sandstorm|[upkeep]
|-heal|p2a: Gliscor|88/100 tox|[from] ability: Poison Heal
|upkeep
|turn|29
|
|switch|p2a: Magnezone|Magnezone|71/100
|-damage|p2a: Magnezone|55/100|[from] Spikes
|move|p1a: Skarmory|Spikes|p2a: Magnezone
|-sidestart|p2: Nintendoman1998|Spikes
|
|-weather|Sandstorm|[upkeep]
|upkeep
|turn|30
|
|switch|p1a: Jellicent|Jellicent, M|82/100
|-damage|p1a: Jellicent|70/100|[from] Stealth Rock
|move|p2a: Magnezone|Hidden Power|p1a: Jellicent
|-resisted|p1a: Jellicent
|-damage|p1a: Jellicent|53/100
|
|-weather|Sandstorm|[upkeep]
|-damage|p1a: Jellicent|47/100|[from] Sandstorm
|upkeep
|turn|31
|
|switch|p2a: Jirachi|Jirachi|34/100
|-damage|p2a: Jirachi|9/100|[from] Spikes
|move|p1a: Jellicent|Scald|p2a: Jirachi
|-damage|p2a: Jirachi|0 fnt
|faint|p2a: Jirachi
|
|-weather|Sandstorm|[upkeep]
|-damage|p1a: Jellicent|41/100|[from] Sandstorm
|upkeep
|
|switch|p2a: Tyranitar|Tyranitar, F|100/100
|-damage|p2a: Tyranitar|76/100|[from] Spikes
|turn|32
|
|move|p2a: Tyranitar|Pursuit|p1a: Jellicent
|-supereffective|p1a: Jellicent
|-damage|p1a: Jellicent|3/100
|move|p1a: Jellicent|Scald|p2a: Tyranitar
|-supereffective|p2a: Tyranitar
|-damage|p2a: Tyranitar|29/100
|
|-weather|Sandstorm|[upkeep]
|-damage|p1a: Jellicent|0 fnt|[from] Sandstorm
|upkeep
|faint|p1a: Jellicent
|
|switch|p1a: Breloom|Breloom, F|100/100 tox
|-damage|p1a: Breloom|94/100 tox|[from] Stealth Rock
|turn|33
|
|switch|p2a: Gliscor|Gliscor, M|88/100 tox
|move|p1a: Breloom|Bulk Up|p1a: Breloom
|-boost|p1a: Breloom|atk|1
|-boost|p1a: Breloom|def|1
|
|-weather|Sandstorm|[upkeep]
|-damage|p1a: Breloom|88/100 tox|[from] Sandstorm
|-heal|p2a: Gliscor|100/100 tox|[from] ability: Poison Heal
|-heal|p1a: Breloom|100/100 tox|[from] ability: Poison Heal
|upkeep
|turn|34
|
|switch|p2a: Latios|Latios, M|95/100
|move|p1a: Breloom|Seed Bomb|p2a: Latios
|-resisted|p2a: Latios
|-damage|p2a: Latios|62/100
|
|-weather|Sandstorm|[upkeep]
|-damage|p2a: Latios|56/100|[from] Sandstorm
|-damage|p1a: Breloom|94/100 tox|[from] Sandstorm
|-heal|p2a: Latios|62/100|[from] item: Leftovers
|-heal|p1a: Breloom|100/100 tox|[from] ability: Poison Heal
|upkeep
|turn|35
|
|move|p2a: Latios|Psyshock|p1a: Breloom
|-supereffective|p1a: Breloom
|-damage|p1a: Breloom|29/100 tox
|move|p1a: Breloom|Seed Bomb|p2a: Latios
|-resisted|p2a: Latios
|-damage|p2a: Latios|25/100
|
|-weather|Sandstorm|[upkeep]
|-damage|p2a: Latios|19/100|[from] Sandstorm
|-damage|p1a: Breloom|22/100 tox|[from] Sandstorm
|-heal|p2a: Latios|25/100|[from] item: Leftovers
|-heal|p1a: Breloom|35/100 tox|[from] ability: Poison Heal
|upkeep
|turn|36
|
|switch|p1a: Skarmory|Skarmory, M|65/100
|-damage|p1a: Skarmory|52/100|[from] Stealth Rock
|move|p2a: Latios|Draco Meteor|p1a: Skarmory
|-resisted|p1a: Skarmory
|-damage|p1a: Skarmory|16/100
|-unboost|p2a: Latios|spa|2
|
|-weather|Sandstorm|[upkeep]
|-damage|p2a: Latios|19/100|[from] Sandstorm
|-heal|p2a: Latios|25/100|[from] item: Leftovers
|upkeep
|turn|37
|
|switch|p1a: Tyranitar|Tyranitar, M|52/100
|-damage|p1a: Tyranitar|40/100|[from] Stealth Rock
|move|p2a: Latios|Draco Meteor|p1a: Tyranitar
|-damage|p1a: Tyranitar|25/100
|-unboost|p2a: Latios|spa|2
|
|-weather|Sandstorm|[upkeep]
|-damage|p2a: Latios|19/100|[from] Sandstorm
|-heal|p2a: Latios|25/100|[from] item: Leftovers
|upkeep
|turn|38
|
|-activate|p2a: Latios|move: Pursuit
|move|p1a: Tyranitar|Pursuit|p2a: Latios|[from]Pursuit
|-supereffective|p2a: Latios
|-damage|p2a: Latios|0 fnt
|faint|p2a: Latios
|
|-weather|Sandstorm|[upkeep]
|upkeep
|
|switch|p2a: Gliscor|Gliscor, M|100/100 tox
|turn|39
|
|switch|p2a: Magnezone|Magnezone|55/100
|-damage|p2a: Magnezone|30/100|[from] Spikes
|move|p1a: Tyranitar|Crunch|p2a: Magnezone
|-resisted|p2a: Magnezone
|-damage|p2a: Magnezone|12/100
|
|-weather|Sandstorm|[upkeep]
|upkeep
|turn|40
|
|move|p2a: Magnezone|Flash Cannon|p1a: Tyranitar
|-supereffective|p1a: Tyranitar
|-damage|p1a: Tyranitar|0 fnt
|faint|p1a: Tyranitar
|
|-weather|Sandstorm|[upkeep]
|upkeep
|
|switch|p1a: Excadrill|Excadrill, F|98/100
|-damage|p1a: Excadrill|95/100|[from] Stealth Rock
|turn|41
|
|move|p1a: Excadrill|Earthquake|p2a: Magnezone
|-supereffective|p2a: Magnezone
|-damage|p2a: Magnezone|0 fnt
|faint|p2a: Magnezone
|
|-weather|Sandstorm|[upkeep]
|upkeep
|
|switch|p2a: Starmie|Starmie|41/100
|-damage|p2a: Starmie|16/100|[from] Spikes
|turn|42
|
|switch|p1a: Breloom|Breloom, F|35/100 tox
|-damage|p1a: Breloom|29/100 tox|[from] Stealth Rock
|move|p2a: Starmie|Rapid Spin|p1a: Breloom
|-damage|p1a: Breloom|25/100 tox
|-sideend|p2: Nintendoman1998|Spikes|[from] move: Rapid Spin|[of] p2a: Starmie
|
|-weather|Sandstorm|[upkeep]
|-damage|p2a: Starmie|10/100|[from] Sandstorm
|-damage|p1a: Breloom|19/100 tox|[from] Sandstorm
|-heal|p2a: Starmie|16/100|[from] item: Leftovers
|-heal|p1a: Breloom|31/100 tox|[from] ability: Poison Heal
|upkeep
|turn|43
|
|move|p2a: Starmie|Ice Beam|p1a: Breloom
|-supereffective|p1a: Breloom
|-damage|p1a: Breloom|0 fnt
|faint|p1a: Breloom
|
|-weather|Sandstorm|[upkeep]
|-damage|p2a: Starmie|10/100|[from] Sandstorm
|-heal|p2a: Starmie|16/100|[from] item: Leftovers
|upkeep
|
|switch|p1a: Excadrill|Excadrill, F|95/100
|-damage|p1a: Excadrill|92/100|[from] Stealth Rock
|turn|44
|
|move|p1a: Excadrill|Iron Head|p2a: Starmie
|-resisted|p2a: Starmie
|-damage|p2a: Starmie|0 fnt
|faint|p2a: Starmie
|
|-weather|Sandstorm|[upkeep]
|upkeep
|
|switch|p2a: Gliscor|Gliscor, M|100/100 tox
|turn|45
|
|switch|p1a: Skarmory|Skarmory, M|16/100
|-damage|p1a: Skarmory|4/100|[from] Stealth Rock
|move|p2a: Gliscor|Earthquake|p1a: Skarmory
|-immune|p1a: Skarmory|[msg]
|
|-weather|Sandstorm|[upkeep]
|upkeep
|turn|46
|
|switch|p2a: Tyranitar|Tyranitar, F|29/100
|move|p1a: Skarmory|Roost|p1a: Skarmory
|-heal|p1a: Skarmory|54/100
|
|-weather|Sandstorm|[upkeep]
|upkeep
|turn|47
|
|move|p2a: Tyranitar|Superpower|p1a: Skarmory
|-damage|p1a: Skarmory|26/100
|-unboost|p2a: Tyranitar|atk|1
|-unboost|p2a: Tyranitar|def|1
|move|p1a: Skarmory|Roost|p1a: Skarmory
|-heal|p1a: Skarmory|76/100
|
|-weather|Sandstorm|[upkeep]
|upkeep
|turn|48
|
|switch|p2a: Gliscor|Gliscor, M|100/100 tox
|move|p1a: Skarmory|Spikes|p2a: Gliscor
|-sidestart|p2: Nintendoman1998|Spikes
|
|-weather|Sandstorm|[upkeep]
|upkeep
|turn|49
|
|switch|p2a: Tyranitar|Tyranitar, F|29/100
|-damage|p2a: Tyranitar|17/100|[from] Spikes
|move|p1a: Skarmory|Spikes|p2a: Tyranitar
|-sidestart|p2: Nintendoman1998|Spikes
|
|-weather|Sandstorm|[upkeep]
|upkeep
|turn|50
|
|move|p2a: Tyranitar|Crunch|p1a: Skarmory
|-resisted|p1a: Skarmory
|-damage|p1a: Skarmory|61/100
|move|p1a: Skarmory|Roost|p1a: Skarmory
|-heal|p1a: Skarmory|100/100
|
|-weather|Sandstorm|[upkeep]
|upkeep
|turn|51
|
|move|p2a: Tyranitar|Crunch|p1a: Skarmory
|-resisted|p1a: Skarmory
|-damage|p1a: Skarmory|86/100
|move|p1a: Skarmory|Brave Bird|p2a: Tyranitar
|-resisted|p2a: Tyranitar
|-crit|p2a: Tyranitar
|-damage|p2a: Tyranitar|0 fnt
|-damage|p1a: Skarmory|80/100|[from] Recoil
|faint|p2a: Tyranitar
|
|-weather|Sandstorm|[upkeep]
|upkeep
|
|switch|p2a: Gliscor|Gliscor, M|100/100 tox
|turn|52
|
|move|p2a: Gliscor|Substitute|p2a: Gliscor
|-start|p2a: Gliscor|Substitute
|-damage|p2a: Gliscor|75/100 tox
|move|p1a: Skarmory|Spikes|p2a: Gliscor
|-sidestart|p2: Nintendoman1998|Spikes
|
|-weather|Sandstorm|[upkeep]
|-heal|p2a: Gliscor|88/100 tox|[from] ability: Poison Heal
|upkeep
|turn|53
|
|move|p2a: Gliscor|Earthquake|p1a: Skarmory
|-immune|p1a: Skarmory|[msg]
|move|p1a: Skarmory|Spikes||[still]
|-fail|p1a: Skarmory
|
|-weather|Sandstorm|[upkeep]
|-heal|p2a: Gliscor|100/100 tox|[from] ability: Poison Heal
|upkeep
|turn|54
|
|move|p2a: Gliscor|Toxic|p1a: Skarmory
|-immune|p1a: Skarmory|[msg]
|move|p1a: Skarmory|Spikes||[still]
|-fail|p1a: Skarmory
|
|-weather|Sandstorm|[upkeep]
|upkeep
|turn|55
|
|move|p2a: Gliscor|Toxic|p1a: Skarmory
|-immune|p1a: Skarmory|[msg]
|move|p1a: Skarmory|Spikes||[still]
|-fail|p1a: Skarmory
|
|-weather|Sandstorm|[upkeep]
|upkeep
|turn|56
|
|move|p2a: Gliscor|Toxic|p1a: Skarmory
|-immune|p1a: Skarmory|[msg]
|move|p1a: Skarmory|Spikes||[still]
|-fail|p1a: Skarmory
|
|-weather|Sandstorm|[upkeep]
|upkeep
|turn|57
|
|move|p2a: Gliscor|Toxic|p1a: Skarmory
|-immune|p1a: Skarmory|[msg]
|move|p1a: Skarmory|Spikes||[still]
|-fail|p1a: Skarmory
|
|-weather|Sandstorm|[upkeep]
|upkeep
|turn|58
|
|move|p2a: Gliscor|Substitute|p2a: Gliscor
|-fail|p2a: Gliscor|move: Substitute
|move|p1a: Skarmory|Spikes||[still]
|-fail|p1a: Skarmory
|
|-weather|Sandstorm|[upkeep]
|upkeep
|turn|59
|-message|Nintendoman1998 forfeited.
|
|win|refsunpersons
|l|☆Nintendoman1998
|raw|refsunpersons's rating: 1277 &rarr; <strong>1308</strong><br />(+31 for winning)
|raw|Nintendoman1998's rating: 1370 &rarr; <strong>1345</strong><br />(-25 for losing)
