|j|☆AlphaDragonLord
|j|☆ReallyFunTeams
|t:|1730598729
|gametype|singles
|player|p1|AlphaDragonLord|ghetsis|1302
|player|p2|ReallyFunTeams|fisherman-gen4|1494
|teamsize|p1|6
|teamsize|p2|6
|gen|5
|tier|[Gen 5] OU
|rated|
|rule|Species Clause: Limit one of each Pokémon
|rule|OHKO Clause: OHKO moves are banned
|rule|Moody Clause: Moody is banned
|rule|Evasion Items Clause: Evasion items are banned
|rule|Evasion Moves Clause: Evasion moves are banned
|rule|Endless Battle Clause: Forcing endless battles is banned
|rule|HP Percentage Mod: HP is shown in percentages
|rule|Evasion Abilities Clause: Evasion abilities are banned
|rule|Sleep Moves Clause: Sleep-inducing moves are banned
|rule|Swagger Clause: Swagger is banned
|rule|Baton Pass Stat Clause: No Baton Passer may have a way to boost its stats
|clearpoke
|poke|p1|Garchomp, M|item
|poke|p1|Terrakion|item
|poke|p1|Starmie|item
|poke|p1|Dragonite, M|item
|poke|p1|Scizor, M|item
|poke|p1|Breloom, M|item
|poke|p2|Terrakion|item
|poke|p2|Infernape, M|item
|poke|p2|Keldeo|item
|poke|p2|Lucario, M|item
|poke|p2|Scrafty, F|item
|poke|p2|Conkeldurr, M|item
|teampreview
|inactive|Battle timer is ON: inactive players will automatically lose when time's up. (requested by ReallyFunTeams)
|inactive|AlphaDragonLord also wants the timer to be on.
|
|t:|1730598737
|start
|switch|p1a: Terrakion|Terrakion|100/100
|switch|p2a: ローブシン|Conkeldurr, M|100/100
|turn|1
|
|t:|1730598742
|move|p1a: Terrakion|Stealth Rock|p2a: ローブシン
|-sidestart|p2: ReallyFunTeams|move: Stealth Rock
|move|p2a: ローブシン|Bulk Up|p2a: ローブシン
|-boost|p2a: ローブシン|atk|1
|-boost|p2a: ローブシン|def|1
|
|upkeep
|turn|2
|
|t:|1730598746
|move|p1a: Terrakion|Taunt|p2a: ローブシン
|-start|p2a: ローブシン|move: Taunt
|move|p2a: ローブシン|Drain Punch|p1a: Terrakion
|-supereffective|p1a: Terrakion
|-enditem|p1a: Terrakion|Focus Sash
|-damage|p1a: Terrakion|1/100
|
|upkeep
|turn|3
|
|t:|1730598752
|move|p2a: ローブシン|Mach Punch|p1a: Terrakion
|-supereffective|p1a: Terrakion
|-damage|p1a: Terrakion|0 fnt
|faint|p1a: Terrakion
|
|upkeep
|
|t:|1730598770
|switch|p1a: Starmie|Starmie|100/100
|-item|p1a: Starmie|Air Balloon
|turn|4
|
|t:|1730598774
|move|p1a: Starmie|Hydro Pump|p2a: ローブシン
|-damage|p2a: ローブシン|51/100
|move|p2a: ローブシン|Payback|p1a: Starmie
|-supereffective|p1a: Starmie
|-crit|p1a: Starmie
|-damage|p1a: Starmie|0 fnt
|-enditem|p1a: Starmie|Air Balloon
|faint|p1a: Starmie
|
|-heal|p2a: ローブシン|57/100|[from] item: Leftovers
|-end|p2a: ローブシン|move: Taunt
|upkeep
|
|t:|1730598780
|switch|p1a: Garchomp|Garchomp, M|100/100
|turn|5
|
|t:|1730598782
|move|p1a: Garchomp|Swords Dance|p1a: Garchomp
|-boost|p1a: Garchomp|atk|2
|move|p2a: ローブシン|Drain Punch|p1a: Garchomp
|-damage|p1a: Garchomp|29/100
|-heal|p2a: ローブシン|93/100|[from] drain|[of] p1a: Garchomp
|-damage|p2a: ローブシン|80/100|[from] ability: Rough Skin|[of] p1a: Garchomp
|
|-heal|p2a: ローブシン|86/100|[from] item: Leftovers
|upkeep
|turn|6
|
|t:|1730598789
|move|p2a: ローブシン|Mach Punch|p1a: Garchomp
|-damage|p1a: Garchomp|0 fnt
|-damage|p2a: ローブシン|74/100|[from] ability: Rough Skin|[of] p1a: Garchomp
|faint|p1a: Garchomp
|
|-heal|p2a: ローブシン|80/100|[from] item: Leftovers
|upkeep
|
|t:|1730598793
|switch|p1a: Breloom|Breloom, M|100/100
|turn|7
|
|t:|1730598797
|move|p1a: Breloom|Swords Dance|p1a: Breloom
|-boost|p1a: Breloom|atk|2
|move|p2a: ローブシン|Drain Punch|p1a: Breloom
|-damage|p1a: Breloom|4/100
|-heal|p2a: ローブシン|100/100|[from] drain|[of] p1a: Breloom
|
|upkeep
|turn|8
|
|t:|1730598803
|move|p2a: ローブシン|Mach Punch|p1a: Breloom
|-damage|p1a: Breloom|0 fnt
|faint|p1a: Breloom
|
|upkeep
|-message|AlphaDragonLord forfeited.
|
|win|ReallyFunTeams
|raw|AlphaDragonLord's rating: 1302 &rarr; <strong>1292</strong><br />(-10 for losing)
|raw|ReallyFunTeams's rating: 1494 &rarr; <strong>1504</strong><br />(+10 for winning)
|l|☆AlphaDragonLord
|player|p1|
