|j|☆mauserisfat
|j|☆blackkaiser
|player|p1|mauserisfat|155|1355
|player|p2|blackkaiser|1|1545
|teamsize|p1|6
|teamsize|p2|6
|gametype|singles
|gen|5
|tier|[Gen 5] OU
|rated|
|rule|Sleep Clause Mod: Limit one foe put to sleep
|rule|Species Clause: Limit one of each Pokémon
|rule|OHKO Clause: OHKO moves are banned
|rule|Moody Clause: Moody is banned
|rule|Evasion Moves Clause: Evasion moves are banned
|rule|Endless Battle Clause: Forcing endless battles is banned
|rule|HP Percentage Mod: HP is shown in percentages
|rule|Evasion Abilities Clause: Evasion abilities are banned
|rule|Baton Pass Clause: Limit one Baton Passer, can't pass Spe and other stats simultaneously
|rule|Swagger Clause: Swagger is banned
|clearpoke
|poke|p1|Mamoswine, M|item
|poke|p1|Latios, M|item
|poke|p1|Scizor, M|item
|poke|p1|Kyurem-Black|item
|poke|p1|Salamence, M|item
|poke|p1|Magnezone|item
|poke|p2|Hippowdon, M|item
|poke|p2|Ferrothorn, M|item
|poke|p2|Jellicent, F|item
|poke|p2|Latios, M|item
|poke|p2|Garchomp, M|item
|poke|p2|Scizor, F|item
|teampreview
|inactive|Battle timer is ON: inactive players will automatically lose when time's up. (requested by blackkaiser)
|
|start
|switch|p1a: ANGER MAN|Kyurem-Black|100/100
|switch|p2a: Hippowdon|Hippowdon, M|100/100
|-ability|p1a: ANGER MAN|Teravolt
|-weather|Sandstorm|[from] ability: Sand Stream|[of] p2a: Hippowdon
|turn|1
|
|switch|p2a: Jellicent|Jellicent, F|100/100
|move|p1a: ANGER MAN|Outrage|p2a: Jellicent
|-damage|p2a: Jellicent|0 fnt
|faint|p2a: Jellicent
|
|-weather|Sandstorm|[upkeep]
|-damage|p1a: ANGER MAN|94/100|[from] Sandstorm
|upkeep
|
|switch|p2a: Ferrothorn|Ferrothorn, M|100/100
|turn|2
|
|move|p1a: ANGER MAN|Outrage|p2a: Ferrothorn|[from]lockedmove
|-resisted|p2a: Ferrothorn
|-damage|p2a: Ferrothorn|64/100
|-damage|p1a: ANGER MAN|82/100|[from] ability: Iron Barbs|[of] p2a: Ferrothorn
|-damage|p1a: ANGER MAN|65/100|[from] item: Rocky Helmet|[of] p2a: Ferrothorn
|-start|p1a: ANGER MAN|confusion|[fatigue]
|move|p2a: Ferrothorn|Spikes|p1a: ANGER MAN
|-sidestart|p1: mauserisfat|Spikes
|
|-weather|Sandstorm|[upkeep]
|-damage|p1a: ANGER MAN|59/100|[from] Sandstorm
|upkeep
|turn|3
|
|switch|p1a: steely dan|Magnezone, shiny|100/100
|-damage|p1a: steely dan|88/100|[from] Spikes
|switch|p2a: Hippowdon|Hippowdon, M|100/100
|
|-weather|Sandstorm|[upkeep]
|upkeep
|turn|4
|
|switch|p1a: ANGER MAN|Kyurem-Black|59/100
|-damage|p1a: ANGER MAN|47/100|[from] Spikes
|-ability|p1a: ANGER MAN|Teravolt
|move|p2a: Hippowdon|Stealth Rock|p1a: ANGER MAN
|-sidestart|p1: mauserisfat|move: Stealth Rock
|
|-weather|Sandstorm|[upkeep]
|-damage|p1a: ANGER MAN|41/100|[from] Sandstorm
|upkeep
|turn|5
|
|switch|p2a: Ferrothorn|Ferrothorn, M|64/100
|move|p1a: ANGER MAN|Fusion Bolt|p2a: Ferrothorn
|-resisted|p2a: Ferrothorn
|-damage|p2a: Ferrothorn|45/100
|
|-weather|Sandstorm|[upkeep]
|-damage|p1a: ANGER MAN|34/100|[from] Sandstorm
|upkeep
|turn|6
|
|switch|p1a: what the fuck|Latios, M, shiny|100/100
|-damage|p1a: what the fuck|88/100|[from] Stealth Rock
|move|p2a: Ferrothorn|Spikes|p1a: what the fuck
|-sidestart|p1: mauserisfat|Spikes
|
|-weather|Sandstorm|[upkeep]
|-damage|p1a: what the fuck|82/100|[from] Sandstorm
|upkeep
|turn|7
|
|move|p1a: what the fuck|Hidden Power|p2a: Ferrothorn
|-supereffective|p2a: Ferrothorn
|-damage|p2a: Ferrothorn|0 fnt
|faint|p2a: Ferrothorn
|
|-weather|Sandstorm|[upkeep]
|-damage|p1a: what the fuck|76/100|[from] Sandstorm
|upkeep
|
|switch|p2a: Latios|Latios, M, shiny|100/100
|turn|8
|
|switch|p1a: steely dan|Magnezone, shiny|88/100
|-damage|p1a: steely dan|71/100|[from] Spikes
|-damage|p1a: steely dan|65/100|[from] Stealth Rock
|move|p2a: Latios|Draco Meteor|p1a: steely dan|[miss]
|-miss|p2a: Latios|p1a: steely dan
|
|-weather|Sandstorm|[upkeep]
|-damage|p2a: Latios|95/100|[from] Sandstorm
|upkeep
|turn|9
|
|switch|p2a: Hippowdon|Hippowdon, M|100/100
|move|p1a: steely dan|Thunderbolt|p2a: Hippowdon
|-immune|p2a: Hippowdon
|
|-weather|Sandstorm|[upkeep]
|upkeep
|turn|10
|
|switch|p1a: large lad|Mamoswine, M|100/100
|-damage|p1a: large lad|88/100|[from] Stealth Rock
|-damage|p1a: large lad|71/100|[from] Spikes
|move|p2a: Hippowdon|Roar|p1a: large lad
|drag|p1a: uh oh|Salamence, M|100/100
|-damage|p1a: uh oh|76/100|[from] Stealth Rock
|
|-weather|Sandstorm|[upkeep]
|-damage|p1a: uh oh|70/100|[from] Sandstorm
|upkeep
|turn|11
|
|move|p1a: uh oh|Dragon Claw|p2a: Hippowdon
|-damage|p2a: Hippowdon|78/100
|move|p2a: Hippowdon|Roar|p1a: uh oh
|drag|p1a: what the fuck|Latios, M, shiny|76/100
|-damage|p1a: what the fuck|64/100|[from] Stealth Rock
|
|-weather|Sandstorm|[upkeep]
|-damage|p1a: what the fuck|58/100|[from] Sandstorm
|-heal|p2a: Hippowdon|85/100|[from] item: Leftovers
|upkeep
|turn|12
|
|move|p1a: what the fuck|Draco Meteor|p2a: Hippowdon|[miss]
|-miss|p1a: what the fuck|p2a: Hippowdon
|move|p2a: Hippowdon|Slack Off|p2a: Hippowdon
|-heal|p2a: Hippowdon|100/100
|
|-weather|Sandstorm|[upkeep]
|-damage|p1a: what the fuck|52/100|[from] Sandstorm
|upkeep
|turn|13
|
|move|p1a: what the fuck|Draco Meteor|p2a: Hippowdon
|-damage|p2a: Hippowdon|0 fnt
|-unboost|p1a: what the fuck|spa|2
|faint|p2a: Hippowdon
|
|-weather|Sandstorm|[upkeep]
|-damage|p1a: what the fuck|46/100|[from] Sandstorm
|upkeep
|
|switch|p2a: Latios|Latios, M, shiny|95/100
|turn|14
|
|move|p2a: Latios|Draco Meteor|p1a: what the fuck
|-supereffective|p1a: what the fuck
|-damage|p1a: what the fuck|0 fnt
|-unboost|p2a: Latios|spa|2
|faint|p1a: what the fuck
|
|-weather|Sandstorm|[upkeep]
|-damage|p2a: Latios|89/100|[from] Sandstorm
|upkeep
|
|switch|p1a: uh oh|Salamence, M|70/100
|-damage|p1a: uh oh|45/100|[from] Stealth Rock
|turn|15
|
|switch|p2a: Scizor|Scizor, F|100/100
|move|p1a: uh oh|Dragon Claw|p2a: Scizor
|-resisted|p2a: Scizor
|-damage|p2a: Scizor|77/100
|
|-weather|Sandstorm|[upkeep]
|-damage|p1a: uh oh|39/100|[from] Sandstorm
|upkeep
|turn|16
|
|switch|p1a: steely dan|Magnezone, shiny|65/100
|-damage|p1a: steely dan|59/100|[from] Stealth Rock
|-damage|p1a: steely dan|43/100|[from] Spikes
|move|p2a: Scizor|U-turn|p1a: steely dan
|-resisted|p1a: steely dan
|-damage|p1a: steely dan|13/100
|
|switch|p2a: Garchomp|Garchomp, M|100/100|[from]move: U-turn
|
|-weather|Sandstorm|[upkeep]
|upkeep
|turn|17
|
|move|p2a: Garchomp|Earthquake|p1a: steely dan
|-supereffective|p1a: steely dan
|-damage|p1a: steely dan|0 fnt
|-damage|p2a: Garchomp|91/100|[from] item: Life Orb
|faint|p1a: steely dan
|
|-weather|Sandstorm|[upkeep]
|upkeep
|
|switch|p1a: large lad|Mamoswine, M|71/100
|-damage|p1a: large lad|55/100|[from] Spikes
|-damage|p1a: large lad|42/100|[from] Stealth Rock
|turn|18
|
|switch|p2a: Latios|Latios, M, shiny|89/100
|move|p1a: large lad|Ice Shard|p2a: Latios
|-supereffective|p2a: Latios
|-damage|p2a: Latios|22/100
|
|-weather|Sandstorm|[upkeep]
|-damage|p2a: Latios|16/100|[from] Sandstorm
|upkeep
|turn|19
|
|move|p1a: large lad|Ice Shard|p2a: Latios
|-supereffective|p2a: Latios
|-damage|p2a: Latios|0 fnt
|faint|p2a: Latios
|
|-weather|Sandstorm|[upkeep]
|upkeep
|
|switch|p2a: Scizor|Scizor, F|77/100
|turn|20
|
|move|p2a: Scizor|Bullet Punch|p1a: large lad
|-supereffective|p1a: large lad
|-damage|p1a: large lad|0 fnt
|faint|p1a: large lad
|
|-weather|Sandstorm|[upkeep]
|upkeep
|
|switch|p1a: evil boi|Scizor, M, shiny|100/100
|-damage|p1a: evil boi|84/100|[from] Spikes
|-damage|p1a: evil boi|72/100|[from] Stealth Rock
|turn|21
|
|switch|p2a: Garchomp|Garchomp, M|91/100
|move|p1a: evil boi|Superpower|p2a: Garchomp
|-damage|p2a: Garchomp|23/100
|-damage|p1a: evil boi|59/100|[from] ability: Rough Skin|[of] p2a: Garchomp
|-unboost|p1a: evil boi|atk|1
|-unboost|p1a: evil boi|def|1
|
|-weather|Sandstorm|[upkeep]
|upkeep
|turn|22
|
|move|p2a: Garchomp|Fire Blast|p1a: evil boi
|-supereffective|p1a: evil boi
|-damage|p1a: evil boi|0 fnt
|-damage|p2a: Garchomp|13/100|[from] item: Life Orb
|faint|p1a: evil boi
|
|-weather|Sandstorm|[upkeep]
|upkeep
|
|switch|p1a: uh oh|Salamence, M|39/100
|-damage|p1a: uh oh|14/100|[from] Stealth Rock
|turn|23
|
|move|p1a: uh oh|Fire Blast|p2a: Garchomp
|-resisted|p2a: Garchomp
|-damage|p2a: Garchomp|0 fnt
|faint|p2a: Garchomp
|-ability|p1a: uh oh|Moxie|boost
|-boost|p1a: uh oh|atk|1
|
|-weather|Sandstorm|[upkeep]
|-damage|p1a: uh oh|8/100|[from] Sandstorm
|upkeep
|
|switch|p2a: Scizor|Scizor, F|77/100
|turn|24
|
|move|p2a: Scizor|Bullet Punch|p1a: uh oh
|-damage|p1a: uh oh|0 fnt
|faint|p1a: uh oh
|
|-weather|Sandstorm|[upkeep]
|upkeep
|
|switch|p1a: ANGER MAN|Kyurem-Black|34/100
|-damage|p1a: ANGER MAN|18/100|[from] Spikes
|-damage|p1a: ANGER MAN|0 fnt|[from] Stealth Rock
|faint|p1a: ANGER MAN
|
|win|blackkaiser
|raw|mauserisfat's rating: 1355 &rarr; <strong>1345</strong><br />(-10 for losing)
|raw|blackkaiser's rating: 1545 &rarr; <strong>1555</strong><br />(+10 for winning)
|l|☆mauserisfat
