|j|☆HydreigonSpammer
|j|☆EG Jhonx
|t:|1735712451
|gametype|singles
|player|p1|HydreigonSpammer|acetrainer|1320
|player|p2|EG Jhonx|#wcop2024chile|1605
|teamsize|p1|6
|teamsize|p2|6
|gen|5
|tier|[Gen 5] OU
|rated|
|rule|Species Clause: Limit one of each Pokémon
|rule|OHKO Clause: OHKO moves are banned
|rule|Moody Clause: Moody is banned
|rule|Evasion Items Clause: Evasion items are banned
|rule|Evasion Moves Clause: Evasion moves are banned
|rule|Endless Battle Clause: Forcing endless battles is banned
|rule|HP Percentage Mod: HP is shown in percentages
|rule|Evasion Abilities Clause: Evasion abilities are banned
|rule|Sleep Moves Clause: Sleep-inducing moves are banned
|rule|Swagger Clause: Swagger is banned
|rule|Baton Pass Stat Clause: No Baton Passer may have a way to boost its stats
|clearpoke
|poke|p1|Tyranitar, F|item
|poke|p1|Heatran, M|item
|poke|p1|Landorus-Therian, M|item
|poke|p1|Hydreigon, F|item
|poke|p1|Latios, M|item
|poke|p1|Skarmory, M|item
|poke|p2|Politoed, F|item
|poke|p2|Breloom, M|item
|poke|p2|Jirachi|item
|poke|p2|Starmie|item
|poke|p2|Keldeo-Resolute|item
|poke|p2|Latios, M|item
|teampreview
|
|t:|1735712461
|start
|switch|p1a: OU-Hydreigon|Latios, M, shiny|100/100
|switch|p2a: Politoed|Politoed, F|100/100
|-weather|RainDance|[from] ability: Drizzle|[of] p2a: Politoed
|turn|1
|
|t:|1735712464
|switch|p2a: Jirachi|Jirachi|100/100
|move|p1a: OU-Hydreigon|Draco Meteor|p2a: Jirachi
|-resisted|p2a: Jirachi
|-damage|p2a: Jirachi|63/100
|-unboost|p1a: OU-Hydreigon|spa|2
|
|-weather|RainDance|[upkeep]
|-heal|p2a: Jirachi|69/100|[from] item: Leftovers
|upkeep
|turn|2
|inactive|Battle timer is ON: inactive players will automatically lose when time's up. (requested by EG Jhonx)
|
|t:|1735712474
|switch|p1a: Heatran|Heatran, M|100/100
|-item|p1a: Heatran|Air Balloon
|move|p2a: Jirachi|U-turn|p1a: Heatran
|-resisted|p1a: Heatran
|-damage|p1a: Heatran|96/100
|-enditem|p1a: Heatran|Air Balloon
|
|t:|1735712477
|switch|p2a: Starmie|Starmie|100/100|[from] U-turn
|
|-weather|RainDance|[upkeep]
|upkeep
|turn|3
|
|t:|1735712488
|switch|p1a: OUbyTechnicality|Hydreigon, F, shiny|100/100
|move|p2a: Starmie|Surf|p1a: OUbyTechnicality
|-resisted|p1a: OUbyTechnicality
|-damage|p1a: OUbyTechnicality|32/100
|
|-weather|RainDance|[upkeep]
|-heal|p1a: OUbyTechnicality|38/100|[from] item: Leftovers
|upkeep
|turn|4
|
|t:|1735712494
|move|p2a: Starmie|Surf|p1a: OUbyTechnicality
|-resisted|p1a: OUbyTechnicality
|-damage|p1a: OUbyTechnicality|0 fnt
|faint|p1a: OUbyTechnicality
|
|-weather|RainDance|[upkeep]
|upkeep
|
|t:|1735712499
|switch|p1a: GreenWall|Tyranitar, F|100/100
|-weather|Sandstorm|[from] ability: Sand Stream|[of] p1a: GreenWall
|turn|5
|
|t:|1735712503
|move|p2a: Starmie|Surf|p1a: GreenWall
|-supereffective|p1a: GreenWall
|-damage|p1a: GreenWall|25/100
|move|p1a: GreenWall|Crunch|p2a: Starmie
|-supereffective|p2a: Starmie
|-damage|p2a: Starmie|0 fnt
|faint|p2a: Starmie
|
|-weather|Sandstorm|[upkeep]
|upkeep
|
|t:|1735712510
|switch|p2a: Jirachi|Jirachi|69/100
|turn|6
|
|t:|1735712517
|switch|p1a: Heatran|Heatran, M|96/100
|move|p2a: Jirachi|U-turn|p1a: Heatran
|-resisted|p1a: Heatran
|-crit|p1a: Heatran
|-damage|p1a: Heatran|88/100
|
|t:|1735712520
|switch|p2a: Politoed|Politoed, F|100/100|[from] U-turn
|-weather|RainDance|[from] ability: Drizzle|[of] p2a: Politoed
|
|-weather|RainDance|[upkeep]
|upkeep
|turn|7
|
|t:|1735712533
|move|p1a: Heatran|Stealth Rock|p2a: Politoed
|-sidestart|p2: EG Jhonx|move: Stealth Rock
|move|p2a: Politoed|Scald|p1a: Heatran
|-supereffective|p1a: Heatran
|-damage|p1a: Heatran|15/100
|
|-weather|RainDance|[upkeep]
|upkeep
|turn|8
|
|t:|1735712557
|switch|p2a: Keldeo|Keldeo-Resolute|100/100
|-damage|p2a: Keldeo|94/100|[from] Stealth Rock
|move|p1a: Heatran|Earth Power|p2a: Keldeo
|-damage|p2a: Keldeo|58/100
|
|-weather|RainDance|[upkeep]
|upkeep
|turn|9
|
|t:|1735712564
|move|p2a: Keldeo|Surf|p1a: Heatran
|-supereffective|p1a: Heatran
|-damage|p1a: Heatran|0 fnt
|faint|p1a: Heatran
|
|-weather|RainDance|[upkeep]
|upkeep
|
|t:|1735712568
|switch|p1a: OU-Hydreigon|Latios, M, shiny|100/100
|turn|10
|
|t:|1735712588
|switch|p2a: Jirachi|Jirachi|69/100
|-damage|p2a: Jirachi|63/100|[from] Stealth Rock
|move|p1a: OU-Hydreigon|Dragon Pulse|p2a: Jirachi
|-resisted|p2a: Jirachi
|-damage|p2a: Jirachi|39/100
|
|-weather|RainDance|[upkeep]
|-heal|p2a: Jirachi|45/100|[from] item: Leftovers
|upkeep
|turn|11
|
|t:|1735712607
|switch|p1a: Skarmory|Skarmory, M|100/100
|move|p2a: Jirachi|U-turn|p1a: Skarmory
|-resisted|p1a: Skarmory
|-damage|p1a: Skarmory|98/100
|
|t:|1735712611
|switch|p2a: Keldeo|Keldeo-Resolute|58/100|[from] U-turn
|-damage|p2a: Keldeo|52/100|[from] Stealth Rock
|
|-weather|RainDance|[upkeep]
|-heal|p1a: Skarmory|100/100|[from] item: Leftovers
|upkeep
|turn|12
|
|t:|1735712621
|move|p2a: Keldeo|Surf|p1a: Skarmory
|-damage|p1a: Skarmory|28/100
|move|p1a: Skarmory|Brave Bird|p2a: Keldeo
|-supereffective|p2a: Keldeo
|-damage|p2a: Keldeo|0 fnt
|faint|p2a: Keldeo
|-damage|p1a: Skarmory|12/100|[from] Recoil
|
|-weather|RainDance|[upkeep]
|-heal|p1a: Skarmory|18/100|[from] item: Leftovers
|upkeep
|
|t:|1735712625
|switch|p2a: Latios|Latios, M|100/100
|-damage|p2a: Latios|88/100|[from] Stealth Rock
|turn|13
|
|t:|1735712633
|move|p2a: Latios|Dragon Pulse|p1a: Skarmory
|-resisted|p1a: Skarmory
|-damage|p1a: Skarmory|0 fnt
|faint|p1a: Skarmory
|
|-weather|RainDance|[upkeep]
|upkeep
|
|t:|1735712638
|switch|p1a: GreenWall|Tyranitar, F|25/100
|-weather|Sandstorm|[from] ability: Sand Stream|[of] p1a: GreenWall
|turn|14
|
|t:|1735712647
|move|p2a: Latios|Dragon Pulse|p1a: GreenWall
|-damage|p1a: GreenWall|0 fnt
|faint|p1a: GreenWall
|
|-weather|Sandstorm|[upkeep]
|-damage|p2a: Latios|82/100|[from] Sandstorm
|upkeep
|
|t:|1735712651
|switch|p1a: Landorus|Landorus-Therian, M|100/100
|-ability|p1a: Landorus|Intimidate|boost
|-unboost|p2a: Latios|atk|1
|turn|15
|
|t:|1735712655
|switch|p2a: Politoed|Politoed, F|100/100
|-damage|p2a: Politoed|88/100|[from] Stealth Rock
|-weather|RainDance|[from] ability: Drizzle|[of] p2a: Politoed
|move|p1a: Landorus|U-turn|p2a: Politoed
|-damage|p2a: Politoed|67/100
|-enditem|p2a: Politoed|Eject Button
|
|t:|1735712661
|switch|p2a: Latios|Latios, M|82/100
|-damage|p2a: Latios|70/100|[from] Stealth Rock
|
|-weather|RainDance|[upkeep]
|upkeep
|turn|16
|
|t:|1735712668
|switch|p2a: Politoed|Politoed, F|67/100
|-damage|p2a: Politoed|55/100|[from] Stealth Rock
|switch|p1a: OU-Hydreigon|Latios, M, shiny|100/100
|
|-weather|RainDance|[upkeep]
|upkeep
|turn|17
|
|t:|1735712684
|switch|p2a: Jirachi|Jirachi|45/100
|-damage|p2a: Jirachi|39/100|[from] Stealth Rock
|move|p1a: OU-Hydreigon|Dragon Pulse|p2a: Jirachi
|-resisted|p2a: Jirachi
|-damage|p2a: Jirachi|15/100
|
|-weather|RainDance|[upkeep]
|-heal|p2a: Jirachi|22/100|[from] item: Leftovers
|upkeep
|turn|18
|
|t:|1735712689
|move|p1a: OU-Hydreigon|Dragon Pulse|p2a: Jirachi
|-resisted|p2a: Jirachi
|-damage|p2a: Jirachi|0 fnt
|faint|p2a: Jirachi
|
|-weather|RainDance|[upkeep]
|upkeep
|
|t:|1735712694
|switch|p2a: Latios|Latios, M|70/100
|-damage|p2a: Latios|58/100|[from] Stealth Rock
|turn|19
|
|t:|1735712707
|move|p2a: Latios|Dragon Pulse|p1a: OU-Hydreigon
|-supereffective|p1a: OU-Hydreigon
|-damage|p1a: OU-Hydreigon|2/100
|move|p1a: OU-Hydreigon|Dragon Pulse|p2a: Latios
|-supereffective|p2a: Latios
|-damage|p2a: Latios|0 fnt
|faint|p2a: Latios
|
|-weather|RainDance|[upkeep]
|upkeep
|
|t:|1735712710
|switch|p2a: Breloom|Breloom, M|100/100
|-damage|p2a: Breloom|94/100|[from] Stealth Rock
|turn|20
|
|t:|1735712724
|switch|p1a: Landorus|Landorus-Therian, M|100/100
|-ability|p1a: Landorus|Intimidate|boost
|-unboost|p2a: Breloom|atk|1
|move|p2a: Breloom|Drain Punch|p1a: Landorus
|-resisted|p1a: Landorus
|-crit|p1a: Landorus
|-damage|p1a: Landorus|65/100
|-heal|p2a: Breloom|100/100|[from] drain|[of] p1a: Landorus
|
|-weather|RainDance|[upkeep]
|-status|p2a: Breloom|tox|[from] item: Toxic Orb
|upkeep
|turn|21
|
|t:|1735712737
|move|p2a: Breloom|Protect|p2a: Breloom
|-singleturn|p2a: Breloom|Protect
|move|p1a: Landorus|Hidden Power|p2a: Breloom
|-activate|p2a: Breloom|move: Protect
|
|-weather|RainDance|[upkeep]
|upkeep
|turn|22
|
|t:|1735712755
|switch|p1a: OU-Hydreigon|Latios, M, shiny|2/100
|move|p2a: Breloom|Bulk Up|p2a: Breloom
|-boost|p2a: Breloom|atk|1
|-boost|p2a: Breloom|def|1
|
|-weather|RainDance|[upkeep]
|upkeep
|turn|23
|
|t:|1735712760
|move|p2a: Breloom|Protect|p2a: Breloom
|-singleturn|p2a: Breloom|Protect
|move|p1a: OU-Hydreigon|Draco Meteor|p2a: Breloom
|-activate|p2a: Breloom|move: Protect
|
|-weather|RainDance|[upkeep]
|upkeep
|turn|24
|j| DinosaurTycoon
|
|t:|1735712766
|switch|p2a: Politoed|Politoed, F|55/100
|-damage|p2a: Politoed|42/100|[from] Stealth Rock
|move|p1a: OU-Hydreigon|Draco Meteor|p2a: Politoed
|-damage|p2a: Politoed|0 fnt
|-unboost|p1a: OU-Hydreigon|spa|2
|faint|p2a: Politoed
|
|-weather|RainDance|[upkeep]
|upkeep
|
|t:|1735712770
|switch|p2a: Breloom|Breloom, M|100/100 tox
|-damage|p2a: Breloom|94/100 tox|[from] Stealth Rock
|turn|25
|
|t:|1735712774
|switch|p1a: Landorus|Landorus-Therian, M|65/100
|-ability|p1a: Landorus|Intimidate|boost
|-unboost|p2a: Breloom|atk|1
|move|p2a: Breloom|Bulk Up|p2a: Breloom
|-boost|p2a: Breloom|atk|1
|-boost|p2a: Breloom|def|1
|
|-weather|RainDance|[upkeep]
|-heal|p2a: Breloom|100/100 tox|[from] ability: Poison Heal
|upkeep
|turn|26
|
|t:|1735712779
|move|p1a: Landorus|Hidden Power|p2a: Breloom
|-supereffective|p2a: Breloom
|-damage|p2a: Breloom|62/100 tox
|move|p2a: Breloom|Seed Bomb|p1a: Landorus
|-damage|p1a: Landorus|22/100
|
|-weather|RainDance|[upkeep]
|-heal|p2a: Breloom|75/100 tox|[from] ability: Poison Heal
|upkeep
|turn|27
|
|t:|1735712784
|move|p2a: Breloom|Protect|p2a: Breloom
|-singleturn|p2a: Breloom|Protect
|move|p1a: Landorus|Hidden Power|p2a: Breloom
|-activate|p2a: Breloom|move: Protect
|
|-weather|RainDance|[upkeep]
|-heal|p2a: Breloom|87/100 tox|[from] ability: Poison Heal
|upkeep
|turn|28
|
|t:|1735712790
|move|p1a: Landorus|Hidden Power|p2a: Breloom
|-supereffective|p2a: Breloom
|-damage|p2a: Breloom|53/100 tox
|move|p2a: Breloom|Drain Punch|p1a: Landorus
|-resisted|p1a: Landorus
|-damage|p1a: Landorus|3/100
|-heal|p2a: Breloom|62/100 tox|[from] drain|[of] p1a: Landorus
|
|-weather|RainDance|[upkeep]
|-heal|p2a: Breloom|75/100 tox|[from] ability: Poison Heal
|upkeep
|turn|29
|
|t:|1735712796
|move|p2a: Breloom|Protect|p2a: Breloom
|-singleturn|p2a: Breloom|Protect
|move|p1a: Landorus|Hidden Power|p2a: Breloom
|-activate|p2a: Breloom|move: Protect
|
|-weather|RainDance|[upkeep]
|-heal|p2a: Breloom|87/100 tox|[from] ability: Poison Heal
|upkeep
|turn|30
|
|t:|1735712801
|move|p1a: Landorus|Hidden Power|p2a: Breloom
|-supereffective|p2a: Breloom
|-crit|p2a: Breloom
|-damage|p2a: Breloom|11/100 tox
|move|p2a: Breloom|Drain Punch|p1a: Landorus
|-resisted|p1a: Landorus
|-damage|p1a: Landorus|0 fnt
|-heal|p2a: Breloom|12/100 tox|[from] drain|[of] p1a: Landorus
|faint|p1a: Landorus
|
|-weather|RainDance|[upkeep]
|-heal|p2a: Breloom|25/100 tox|[from] ability: Poison Heal
|upkeep
|
|t:|1735712804
|switch|p1a: OU-Hydreigon|Latios, M, shiny|2/100
|turn|31
|c|☆EG Jhonx|ah
|
|t:|1735712809
|move|p2a: Breloom|Protect|p2a: Breloom
|-singleturn|p2a: Breloom|Protect
|move|p1a: OU-Hydreigon|Dragon Pulse|p2a: Breloom
|-activate|p2a: Breloom|move: Protect
|
|-weather|RainDance|[upkeep]
|-heal|p2a: Breloom|37/100 tox|[from] ability: Poison Heal
|upkeep
|turn|32
|
|t:|1735712812
|move|p2a: Breloom|Protect|p2a: Breloom
|-singleturn|p2a: Breloom|Protect
|move|p1a: OU-Hydreigon|Dragon Pulse|p2a: Breloom
|-activate|p2a: Breloom|move: Protect
|
|-weather|RainDance|[upkeep]
|-heal|p2a: Breloom|50/100 tox|[from] ability: Poison Heal
|upkeep
|turn|33
|
|t:|1735712816
|move|p2a: Breloom|Protect||[still]
|-fail|p2a: Breloom
|move|p1a: OU-Hydreigon|Dragon Pulse|p2a: Breloom
|-damage|p2a: Breloom|0 fnt
|faint|p2a: Breloom
|
|win|HydreigonSpammer
|raw|HydreigonSpammer's rating: 1320 &rarr; <strong>1354</strong><br />(+34 for winning)
|raw|EG Jhonx's rating: 1605 &rarr; <strong>1571</strong><br />(-34 for losing)
