|j|☆enrav1x
|j|☆Clawdia Chauchat
|t:|1747914876
|gametype|singles
|player|p1|enrav1x|2|1290
|player|p2|Clawdia Chauchat|winona|1505
|teamsize|p1|6
|teamsize|p2|6
|gen|5
|tier|[Gen 5] OU
|rated|
|rule|Species Clause: Limit one of each Pokémon
|rule|OHKO Clause: OHKO moves are banned
|rule|Moody Clause: Moody is banned
|rule|Evasion Items Clause: Evasion items are banned
|rule|Evasion Moves Clause: Evasion moves are banned
|rule|Endless Battle Clause: Forcing endless battles is banned
|rule|HP Percentage Mod: HP is shown in percentages
|rule|Evasion Abilities Clause: Evasion abilities are banned
|rule|Sleep Moves Clause: Sleep-inducing moves are banned
|rule|Swagger Clause: Swagger is banned
|rule|Baton Pass Stat Clause: No Baton Passer may have a way to boost its stats
|clearpoke
|poke|p1|Jirachi|item
|poke|p1|Volcarona, F|item
|poke|p1|Conkeldurr, M|item
|poke|p1|Starmie|item
|poke|p1|Terrakion|item
|poke|p1|Dragonite, F|item
|poke|p2|Latios, M|item
|poke|p2|Kingdra, M|item
|poke|p2|Suicune|item
|poke|p2|Landorus-Therian, M|item
|poke|p2|Jirachi|item
|poke|p2|Rotom-Wash|item
|teampreview
|
|t:|1747914895
|start
|switch|p1a: Terrakion|Terrakion|100/100
|switch|p2a: Landorus|Landorus-Therian, M|100/100
|-ability|p2a: Landorus|Intimidate|boost
|-unboost|p1a: Terrakion|atk|1
|turn|1
|inactive|Battle timer is ON: inactive players will automatically lose when time's up. (requested by Clawdia Chauchat)
|
|t:|1747914921
|move|p1a: Terrakion|Taunt|p2a: Landorus
|-start|p2a: Landorus|move: Taunt
|move|p2a: Landorus|Earthquake|p1a: Terrakion
|-supereffective|p1a: Terrakion
|-enditem|p1a: Terrakion|Focus Sash
|-damage|p1a: Terrakion|1/100
|
|upkeep
|turn|2
|
|t:|1747914936
|move|p1a: Terrakion|Stealth Rock|p2a: Landorus
|-sidestart|p2: Clawdia Chauchat|move: Stealth Rock
|move|p2a: Landorus|Earthquake|p1a: Terrakion
|-supereffective|p1a: Terrakion
|-damage|p1a: Terrakion|0 fnt
|faint|p1a: Terrakion
|
|upkeep
|
|t:|1747914952
|switch|p1a: Dragonite|Dragonite, F|100/100
|turn|3
|
|t:|1747914955
|move|p2a: Landorus|Hidden Power|p1a: Dragonite
|-supereffective|p1a: Dragonite
|-damage|p1a: Dragonite|64/100
|move|p1a: Dragonite|Dragon Dance|p1a: Dragonite
|-boost|p1a: Dragonite|atk|1
|-boost|p1a: Dragonite|spe|1
|
|-end|p2a: Landorus|move: Taunt
|upkeep
|turn|4
|
|t:|1747914969
|switch|p2a: Jirachi|Jirachi|100/100
|-damage|p2a: Jirachi|94/100|[from] Stealth Rock
|move|p1a: Dragonite|Ice Punch|p2a: Jirachi
|-resisted|p2a: Jirachi
|-damage|p2a: Jirachi|75/100
|
|upkeep
|turn|5
|
|t:|1747914978
|move|p2a: Jirachi|Ice Punch|p1a: Dragonite
|-supereffective|p1a: Dragonite
|-damage|p1a: Dragonite|0 fnt
|faint|p1a: Dragonite
|
|upkeep
|
|t:|1747914982
|switch|p1a: Volcarona|Volcarona, F|100/100
|turn|6
|
|t:|1747914998
|switch|p2a: Suicune|Suicune|100/100
|-damage|p2a: Suicune|88/100|[from] Stealth Rock
|-ability|p2a: Suicune|Pressure
|move|p1a: Volcarona|Quiver Dance|p1a: Volcarona
|-boost|p1a: Volcarona|spa|1
|-boost|p1a: Volcarona|spd|1
|-boost|p1a: Volcarona|spe|1
|
|upkeep
|turn|7
|
|t:|1747915005
|move|p1a: Volcarona|Quiver Dance|p1a: Volcarona
|-boost|p1a: Volcarona|spa|1
|-boost|p1a: Volcarona|spd|1
|-boost|p1a: Volcarona|spe|1
|move|p2a: Suicune|Rain Dance|p2a: Suicune
|-weather|RainDance
|
|-weather|RainDance|[upkeep]
|upkeep
|turn|8
|
|t:|1747915014
|move|p1a: Volcarona|Giga Drain|p2a: Suicune
|-supereffective|p2a: Suicune
|-damage|p2a: Suicune|0 fnt
|faint|p2a: Suicune
|-damage|p1a: Volcarona|91/100|[from] item: Life Orb
|
|-weather|RainDance|[upkeep]
|upkeep
|
|t:|1747915018
|switch|p2a: Kingdra|Kingdra, M|100/100
|-damage|p2a: Kingdra|88/100|[from] Stealth Rock
|turn|9
|
|t:|1747915026
|move|p1a: Volcarona|Giga Drain|p2a: Kingdra
|-damage|p2a: Kingdra|0 fnt
|-heal|p1a: Volcarona|100/100|[from] drain|[of] p2a: Kingdra
|faint|p2a: Kingdra
|-damage|p1a: Volcarona|91/100|[from] item: Life Orb
|
|-weather|RainDance|[upkeep]
|upkeep
|-message|Clawdia Chauchat forfeited.
|
|win|enrav1x
|raw|enrav1x's rating: 1290 &rarr; <strong>1328</strong><br />(+38 for winning)
|raw|Clawdia Chauchat's rating: 1486 &rarr; <strong>1456</strong><br />(-30 for losing)
|l|☆Clawdia Chauchat
|player|p2|
