|j|☆anglemort33
|j|☆TheSMZ
|t:|1728323514
|gametype|singles
|player|p1|anglemort33|266|1318
|player|p2|TheSMZ|red|1384
|teamsize|p1|6
|teamsize|p2|6
|gen|5
|tier|[Gen 5] OU
|rated|
|rule|Species Clause: Limit one of each Pokémon
|rule|OHKO Clause: OHKO moves are banned
|rule|Moody Clause: Moody is banned
|rule|Evasion Items Clause: Evasion items are banned
|rule|Evasion Moves Clause: Evasion moves are banned
|rule|Endless Battle Clause: Forcing endless battles is banned
|rule|HP Percentage Mod: HP is shown in percentages
|rule|Evasion Abilities Clause: Evasion abilities are banned
|rule|Sleep Moves Clause: Sleep-inducing moves are banned
|rule|Swagger Clause: Swagger is banned
|rule|Baton Pass Stat Clause: No Baton Passer may have a way to boost its stats
|clearpoke
|poke|p1|Tyranitar, M|item
|poke|p1|Skarmory, M|item
|poke|p1|Jellicent, M|item
|poke|p1|Latios, M|item
|poke|p1|Alakazam, M|item
|poke|p1|Gliscor, M|item
|poke|p2|Alakazam, F|item
|poke|p2|Keldeo|item
|poke|p2|Latios, M|item
|poke|p2|Tyranitar, F|item
|poke|p2|Ferrothorn, F|item
|poke|p2|Landorus-Therian, M|item
|teampreview
|inactive|Battle timer is ON: inactive players will automatically lose when time's up. (requested by TheSMZ)
|
|t:|1728323544
|start
|switch|p1a: Jellicent|Jellicent, M|100/100
|switch|p2a: Keldeo|Keldeo|100/100
|turn|1
|
|t:|1728323569
|move|p2a: Keldeo|Hidden Power|p1a: Jellicent
|-supereffective|p1a: Jellicent
|-damage|p1a: Jellicent|42/100
|move|p1a: Jellicent|Recover|p1a: Jellicent
|-heal|p1a: Jellicent|93/100
|
|-heal|p1a: Jellicent|99/100|[from] item: Leftovers
|upkeep
|turn|2
|inactive|anglemort33 has 120 seconds left.
|
|t:|1728323604
|move|p2a: Keldeo|Hidden Power|p1a: Jellicent
|-supereffective|p1a: Jellicent
|-damage|p1a: Jellicent|40/100
|move|p1a: Jellicent|Will-O-Wisp|p2a: Keldeo|[miss]
|-miss|p1a: Jellicent|p2a: Keldeo
|
|-heal|p1a: Jellicent|46/100|[from] item: Leftovers
|upkeep
|turn|3
|
|t:|1728323615
|switch|p1a: Skarmory|Skarmory, M|100/100
|move|p2a: Keldeo|Hidden Power|p1a: Skarmory
|-resisted|p1a: Skarmory
|-damage|p1a: Skarmory|93/100
|
|-heal|p1a: Skarmory|99/100|[from] item: Leftovers
|upkeep
|turn|4
|
|t:|1728323628
|switch|p2a: Landorus|Landorus-Therian, M|100/100
|-ability|p2a: Landorus|Intimidate|boost
|-unboost|p1a: Skarmory|atk|1
|move|p1a: Skarmory|Spikes|p2a: Landorus
|-sidestart|p2: TheSMZ|Spikes
|
|-heal|p1a: Skarmory|100/100|[from] item: Leftovers
|upkeep
|turn|5
|
|t:|1728323636
|move|p2a: Landorus|Stealth Rock|p1a: Skarmory
|-sidestart|p1: anglemort33|move: Stealth Rock
|move|p1a: Skarmory|Spikes|p2a: Landorus
|-sidestart|p2: TheSMZ|Spikes
|
|upkeep
|turn|6
|
|t:|1728323641
|move|p2a: Landorus|U-turn|p1a: Skarmory
|-resisted|p1a: Skarmory
|-damage|p1a: Skarmory|96/100
|
|t:|1728323647
|switch|p2a: Alakazam|Alakazam, F|100/100|[from] U-turn
|move|p1a: Skarmory|Spikes|p2a: Alakazam
|-sidestart|p2: TheSMZ|Spikes
|
|-heal|p1a: Skarmory|100/100|[from] item: Leftovers
|upkeep
|turn|7
|
|t:|1728323654
|move|p2a: Alakazam|Hidden Power|p1a: Skarmory
|-supereffective|p1a: Skarmory
|-damage|p1a: Skarmory|38/100
|move|p1a: Skarmory|Brave Bird|p2a: Alakazam
|-damage|p2a: Alakazam|46/100
|-damage|p1a: Skarmory|24/100|[from] Recoil
|
|-heal|p1a: Skarmory|30/100|[from] item: Leftovers
|upkeep
|turn|8
|
|t:|1728323666
|move|p2a: Alakazam|Hidden Power|p1a: Skarmory
|-supereffective|p1a: Skarmory
|-damage|p1a: Skarmory|0 fnt
|faint|p1a: Skarmory
|
|upkeep
|
|t:|1728323668
|switch|p1a: Tyranitar|Tyranitar, M|100/100
|-damage|p1a: Tyranitar|88/100|[from] Stealth Rock
|-weather|Sandstorm|[from] ability: Sand Stream|[of] p1a: Tyranitar
|turn|9
|
|t:|1728323675
|move|p2a: Alakazam|Focus Blast|p1a: Tyranitar
|-supereffective|p1a: Tyranitar
|-enditem|p1a: Tyranitar|Chople Berry|[eat]
|-enditem|p1a: Tyranitar|Chople Berry|[weaken]
|-damage|p1a: Tyranitar|32/100
|move|p1a: Tyranitar|Pursuit|p2a: Alakazam
|-supereffective|p2a: Alakazam
|-damage|p2a: Alakazam|0 fnt
|faint|p2a: Alakazam
|
|-weather|Sandstorm|[upkeep]
|upkeep
|
|t:|1728323687
|switch|p2a: Keldeo|Keldeo|100/100
|-damage|p2a: Keldeo|76/100|[from] Spikes
|turn|10
|
|t:|1728323705
|switch|p1a: Jellicent|Jellicent, M|46/100
|-damage|p1a: Jellicent|34/100|[from] Stealth Rock
|move|p2a: Keldeo|Hidden Power|p1a: Jellicent
|-supereffective|p1a: Jellicent
|-damage|p1a: Jellicent|0 fnt
|faint|p1a: Jellicent
|
|-weather|Sandstorm|[upkeep]
|-damage|p2a: Keldeo|70/100|[from] Sandstorm
|upkeep
|
|t:|1728323714
|switch|p1a: Gliscor|Gliscor, M|100/100
|-damage|p1a: Gliscor|88/100|[from] Stealth Rock
|turn|11
|
|t:|1728323724
|switch|p2a: Landorus|Landorus-Therian, M|100/100
|-ability|p2a: Landorus|Intimidate|boost
|-unboost|p1a: Gliscor|atk|1
|move|p1a: Gliscor|Stealth Rock|p2a: Landorus
|-sidestart|p2: TheSMZ|move: Stealth Rock
|
|-weather|Sandstorm|[upkeep]
|-status|p1a: Gliscor|tox|[from] item: Toxic Orb
|upkeep
|turn|12
|
|t:|1728323735
|move|p1a: Gliscor|Protect|p1a: Gliscor
|-singleturn|p1a: Gliscor|Protect
|move|p2a: Landorus|U-turn|p1a: Gliscor
|-activate|p1a: Gliscor|move: Protect
|
|-weather|Sandstorm|[upkeep]
|-heal|p1a: Gliscor|100/100 tox|[from] ability: Poison Heal
|upkeep
|turn|13
|
|t:|1728323743
|move|p2a: Landorus|U-turn|p1a: Gliscor
|-resisted|p1a: Gliscor
|-damage|p1a: Gliscor|92/100 tox
|
|t:|1728323746
|switch|p2a: Keldeo|Keldeo|70/100|[from] U-turn
|-damage|p2a: Keldeo|45/100|[from] Spikes
|-damage|p2a: Keldeo|39/100|[from] Stealth Rock
|move|p1a: Gliscor|U-turn|p2a: Keldeo
|-resisted|p2a: Keldeo
|-damage|p2a: Keldeo|32/100
|
|t:|1728323762
|switch|p1a: Latios|Latios, M|100/100|[from] U-turn
|-damage|p1a: Latios|88/100|[from] Stealth Rock
|
|-weather|Sandstorm|[upkeep]
|-damage|p1a: Latios|82/100|[from] Sandstorm
|-damage|p2a: Keldeo|26/100|[from] Sandstorm
|upkeep
|turn|14
|
|t:|1728323770
|move|p1a: Latios|Surf|p2a: Keldeo
|-resisted|p2a: Keldeo
|-damage|p2a: Keldeo|6/100
|move|p2a: Keldeo|Scald|p1a: Latios
|-resisted|p1a: Latios
|-damage|p1a: Latios|48/100
|-status|p1a: Latios|brn
|
|-weather|Sandstorm|[upkeep]
|-damage|p1a: Latios|42/100 brn|[from] Sandstorm
|-damage|p2a: Keldeo|0 fnt|[from] Sandstorm
|faint|p2a: Keldeo
|-damage|p1a: Latios|29/100 brn|[from] brn
|upkeep
|inactive|TheSMZ has 120 seconds left.
|
|t:|1728323800
|switch|p2a: Ferrothorn|Ferrothorn, F|100/100
|-damage|p2a: Ferrothorn|75/100|[from] Spikes
|-damage|p2a: Ferrothorn|69/100|[from] Stealth Rock
|turn|15
|
|t:|1728323807
|move|p1a: Latios|Hidden Power|p2a: Ferrothorn
|-supereffective|p2a: Ferrothorn
|-damage|p2a: Ferrothorn|4/100
|move|p2a: Ferrothorn|Leech Seed|p1a: Latios
|-start|p1a: Latios|move: Leech Seed
|
|-weather|Sandstorm|[upkeep]
|-damage|p1a: Latios|23/100 brn|[from] Sandstorm
|-heal|p2a: Ferrothorn|11/100|[from] item: Leftovers
|-damage|p1a: Latios|11/100 brn|[from] Leech Seed|[of] p2a: Ferrothorn
|-heal|p2a: Ferrothorn|21/100|[silent]
|-damage|p1a: Latios|0 fnt|[from] brn
|faint|p1a: Latios
|upkeep
|
|t:|1728323824
|switch|p1a: Tyranitar|Tyranitar, M|32/100
|-damage|p1a: Tyranitar|20/100|[from] Stealth Rock
|turn|16
|
|t:|1728323832
|move|p1a: Tyranitar|Superpower|p2a: Ferrothorn
|-supereffective|p2a: Ferrothorn
|-damage|p2a: Ferrothorn|0 fnt
|-unboost|p1a: Tyranitar|atk|1
|-unboost|p1a: Tyranitar|def|1
|-damage|p1a: Tyranitar|7/100|[from] ability: Iron Barbs|[of] p2a: Ferrothorn
|faint|p2a: Ferrothorn
|
|-weather|Sandstorm|[upkeep]
|upkeep
|inactive|TheSMZ has 120 seconds left.
|
|t:|1728323861
|switch|p2a: Landorus|Landorus-Therian, M|100/100
|-damage|p2a: Landorus|88/100|[from] Stealth Rock
|-ability|p2a: Landorus|Intimidate|boost
|-unboost|p1a: Tyranitar|atk|1
|turn|17
|inactive|TheSMZ has 120 seconds left.
|
|t:|1728323885
|move|p2a: Landorus|Earthquake|p1a: Tyranitar
|-supereffective|p1a: Tyranitar
|-damage|p1a: Tyranitar|0 fnt
|faint|p1a: Tyranitar
|
|-weather|Sandstorm|[upkeep]
|-heal|p2a: Landorus|94/100|[from] item: Leftovers
|upkeep
|
|t:|1728323892
|switch|p1a: Alakazam|Alakazam, M|100/100
|turn|18
|inactive|anglemort33 has 120 seconds left.
|
|t:|1728323914
|move|p1a: Alakazam|Hidden Power|p2a: Landorus
|-supereffective|p2a: Landorus
|-damage|p2a: Landorus|0 fnt
|faint|p2a: Landorus
|
|-weather|Sandstorm|[upkeep]
|upkeep
|
|t:|1728323919
|switch|p2a: Tyranitar|Tyranitar, F|100/100
|-damage|p2a: Tyranitar|75/100|[from] Spikes
|-damage|p2a: Tyranitar|63/100|[from] Stealth Rock
|turn|19
|
|t:|1728323930
|move|p1a: Alakazam|Grass Knot|p2a: Tyranitar
|-supereffective|p2a: Tyranitar
|-damage|p2a: Tyranitar|21/100
|move|p2a: Tyranitar|Pursuit|p1a: Alakazam
|-supereffective|p1a: Alakazam
|-damage|p1a: Alakazam|5/100
|
|-weather|Sandstorm|[upkeep]
|upkeep
|turn|20
|
|t:|1728323940
|move|p1a: Alakazam|Grass Knot|p2a: Tyranitar
|-supereffective|p2a: Tyranitar
|-damage|p2a: Tyranitar|0 fnt
|faint|p2a: Tyranitar
|
|-weather|Sandstorm|[upkeep]
|upkeep
|
|t:|1728323945
|switch|p2a: Latios|Latios, M|100/100
|-damage|p2a: Latios|88/100|[from] Stealth Rock
|turn|21
|
|t:|1728323949
|move|p2a: Latios|Surf|p1a: Alakazam
|-damage|p1a: Alakazam|0 fnt
|faint|p1a: Alakazam
|
|-weather|Sandstorm|[upkeep]
|-damage|p2a: Latios|82/100|[from] Sandstorm
|upkeep
|
|t:|1728323951
|switch|p1a: Gliscor|Gliscor, M|92/100 tox
|-damage|p1a: Gliscor|79/100 tox|[from] Stealth Rock
|turn|22
|
|t:|1728323957
|move|p1a: Gliscor|Protect|p1a: Gliscor
|-singleturn|p1a: Gliscor|Protect
|move|p2a: Latios|Surf|p1a: Gliscor
|-activate|p1a: Gliscor|move: Protect
|
|-weather|Sandstorm|[upkeep]
|-damage|p2a: Latios|76/100|[from] Sandstorm
|-heal|p1a: Gliscor|92/100 tox|[from] ability: Poison Heal
|upkeep
|turn|23
|
|t:|1728323965
|move|p2a: Latios|Surf|p1a: Gliscor
|-supereffective|p1a: Gliscor
|-damage|p1a: Gliscor|21/100 tox
|move|p1a: Gliscor|U-turn|p2a: Latios
|-supereffective|p2a: Latios
|-damage|p2a: Latios|31/100
|
|-weather|Sandstorm|[upkeep]
|-damage|p2a: Latios|25/100|[from] Sandstorm
|-heal|p1a: Gliscor|34/100 tox|[from] ability: Poison Heal
|upkeep
|turn|24
|
|t:|1728323975
|move|p1a: Gliscor|Protect|p1a: Gliscor
|-singleturn|p1a: Gliscor|Protect
|move|p2a: Latios|Surf|p1a: Gliscor
|-activate|p1a: Gliscor|move: Protect
|
|-weather|Sandstorm|[upkeep]
|-damage|p2a: Latios|19/100|[from] Sandstorm
|-heal|p1a: Gliscor|46/100 tox|[from] ability: Poison Heal
|upkeep
|turn|25
|c|☆TheSMZ|gg you did good
|
|t:|1728323985
|move|p1a: Gliscor|Protect|p1a: Gliscor
|-singleturn|p1a: Gliscor|Protect
|move|p2a: Latios|Surf|p1a: Gliscor
|-activate|p1a: Gliscor|move: Protect
|
|-weather|Sandstorm|[upkeep]
|-damage|p2a: Latios|13/100|[from] Sandstorm
|-heal|p1a: Gliscor|59/100 tox|[from] ability: Poison Heal
|upkeep
|turn|26
|
|t:|1728324001
|move|p1a: Gliscor|Protect|p1a: Gliscor
|-singleturn|p1a: Gliscor|Protect
|move|p2a: Latios|Surf|p1a: Gliscor
|-activate|p1a: Gliscor|move: Protect
|
|-weather|Sandstorm|[upkeep]
|-damage|p2a: Latios|7/100|[from] Sandstorm
|-heal|p1a: Gliscor|71/100 tox|[from] ability: Poison Heal
|upkeep
|turn|27
|inactive|anglemort33 has 120 seconds left.
|
|t:|1728324029
|move|p2a: Latios|Surf|p1a: Gliscor
|-supereffective|p1a: Gliscor
|-damage|p1a: Gliscor|7/100 tox
|move|p1a: Gliscor|U-turn|p2a: Latios
|-supereffective|p2a: Latios
|-damage|p2a: Latios|0 fnt
|faint|p2a: Latios
|
|win|anglemort33
|raw|anglemort33's rating: 1318 &rarr; <strong>1342</strong><br />(+24 for winning)
|raw|TheSMZ's rating: 1384 &rarr; <strong>1360</strong><br />(-24 for losing)
|c|☆TheSMZ|welp
|l|☆TheSMZ
|player|p2|
|c|☆anglemort33|Somehow XDDDDD
