|j|☆esiariesiari
|j|☆milespok
|t:|1729167908
|gametype|singles
|player|p1|esiariesiari|cynthia-gen4|1325
|player|p2|milespok|2|1342
|teamsize|p1|6
|teamsize|p2|6
|gen|5
|tier|[Gen 5] OU
|rated|
|rule|Species Clause: Limit one of each Pokémon
|rule|OHKO Clause: OHKO moves are banned
|rule|Moody Clause: Moody is banned
|rule|Evasion Items Clause: Evasion items are banned
|rule|Evasion Moves Clause: Evasion moves are banned
|rule|Endless Battle Clause: Forcing endless battles is banned
|rule|HP Percentage Mod: HP is shown in percentages
|rule|Evasion Abilities Clause: Evasion abilities are banned
|rule|Sleep Moves Clause: Sleep-inducing moves are banned
|rule|Swagger Clause: Swagger is banned
|rule|Baton Pass Stat Clause: No Baton Passer may have a way to boost its stats
|clearpoke
|poke|p1|Magnezone|item
|poke|p1|Jirachi|item
|poke|p1|Latios, M|item
|poke|p1|Kyurem-Black|item
|poke|p1|Dragonite, M|item
|poke|p1|Reuniclus, F|item
|poke|p2|Tyranitar, F|item
|poke|p2|Alakazam, F|item
|poke|p2|Latios, M|item
|poke|p2|Ferrothorn, F|item
|poke|p2|Keldeo|item
|poke|p2|Landorus-Therian, M|item
|teampreview
|inactive|Battle timer is ON: inactive players will automatically lose when time's up. (requested by esiariesiari)
|
|t:|1729167937
|start
|switch|p1a: Iceman|Kyurem-Black|100/100
|switch|p2a: Tyranitar|Tyranitar, F|100/100
|-ability|p1a: Iceman|Teravolt
|-weather|Sandstorm|[from] ability: Sand Stream|[of] p2a: Tyranitar
|turn|1
|inactive|esiariesiari has 120 seconds left.
|
|t:|1729167968
|move|p1a: Iceman|Outrage|p2a: Tyranitar
|-damage|p2a: Tyranitar|0 fnt
|faint|p2a: Tyranitar
|
|-weather|Sandstorm|[upkeep]
|-damage|p1a: Iceman|94/100|[from] Sandstorm
|upkeep
|
|t:|1729167979
|switch|p2a: Latios|Latios, M|100/100
|turn|2
|
|t:|1729167981
|move|p2a: Latios|Draco Meteor|p1a: Iceman
|-supereffective|p1a: Iceman
|-damage|p1a: Iceman|0 fnt
|-unboost|p2a: Latios|spa|2
|faint|p1a: Iceman
|
|-weather|Sandstorm|[upkeep]
|-damage|p2a: Latios|95/100|[from] Sandstorm
|upkeep
|
|t:|1729167984
|switch|p1a: Make A Wish|Jirachi|100/100
|turn|3
|
|t:|1729168005
|switch|p2a: Landorus|Landorus-Therian, M|100/100
|-ability|p2a: Landorus|Intimidate|boost
|-unboost|p1a: Make A Wish|atk|1
|move|p1a: Make A Wish|Stealth Rock|p2a: Landorus
|-sidestart|p2: milespok|move: Stealth Rock
|
|-weather|Sandstorm|[upkeep]
|upkeep
|turn|4
|
|t:|1729168013
|move|p2a: Landorus|Stealth Rock|p1a: Make A Wish
|-sidestart|p1: esiariesiari|move: Stealth Rock
|move|p1a: Make A Wish|Icy Wind|p2a: Landorus
|-supereffective|p2a: Landorus
|-damage|p2a: Landorus|32/100
|-unboost|p2a: Landorus|spe|1
|
|-weather|Sandstorm|[upkeep]
|-heal|p2a: Landorus|38/100|[from] item: Leftovers
|upkeep
|turn|5
|
|t:|1729168034
|switch|p2a: Ferrothorn|Ferrothorn, F|100/100
|-damage|p2a: Ferrothorn|95/100|[from] Stealth Rock
|move|p1a: Make A Wish|Icy Wind|p2a: Ferrothorn
|-damage|p2a: Ferrothorn|85/100
|-unboost|p2a: Ferrothorn|spe|1
|
|-weather|Sandstorm|[upkeep]
|upkeep
|turn|6
|
|t:|1729168038
|switch|p1a: UFO|Magnezone, shiny|100/100
|-damage|p1a: UFO|94/100|[from] Stealth Rock
|-item|p1a: UFO|Air Balloon
|move|p2a: Ferrothorn|Knock Off|p1a: UFO
|-resisted|p1a: UFO
|-damage|p1a: UFO|92/100
|-enditem|p1a: UFO|Air Balloon
|
|-weather|Sandstorm|[upkeep]
|upkeep
|turn|7
|
|t:|1729168048
|move|p1a: UFO|Sunny Day|p1a: UFO
|-weather|SunnyDay
|move|p2a: Ferrothorn|Spikes|p1a: UFO
|-sidestart|p1: esiariesiari|Spikes
|
|-weather|SunnyDay|[upkeep]
|upkeep
|turn|8
|
|t:|1729168053
|move|p1a: UFO|Hidden Power|p2a: Ferrothorn
|-supereffective|p2a: Ferrothorn
|-damage|p2a: Ferrothorn|0 fnt
|faint|p2a: Ferrothorn
|
|-weather|SunnyDay|[upkeep]
|upkeep
|
|t:|1729168058
|switch|p2a: Alakazam|Alakazam, F|100/100
|turn|9
|
|t:|1729168061
|move|p2a: Alakazam|Hidden Power|p1a: UFO
|-supereffective|p1a: UFO
|-damage|p1a: UFO|0 fnt
|faint|p1a: UFO
|
|-weather|SunnyDay|[upkeep]
|upkeep
|
|t:|1729168071
|switch|p1a: Make A Wish|Jirachi|100/100
|-damage|p1a: Make A Wish|94/100|[from] Stealth Rock
|-damage|p1a: Make A Wish|82/100|[from] Spikes
|turn|10
|
|t:|1729168075
|move|p2a: Alakazam|Hidden Power|p1a: Make A Wish
|-supereffective|p1a: Make A Wish
|-damage|p1a: Make A Wish|22/100
|move|p1a: Make A Wish|Icy Wind|p2a: Alakazam
|-damage|p2a: Alakazam|82/100
|-unboost|p2a: Alakazam|spe|1
|
|-weather|SunnyDay|[upkeep]
|-heal|p1a: Make A Wish|28/100|[from] item: Leftovers
|upkeep
|turn|11
|
|t:|1729168086
|switch|p2a: Landorus|Landorus-Therian, M|38/100
|-damage|p2a: Landorus|26/100|[from] Stealth Rock
|-ability|p2a: Landorus|Intimidate|boost
|-unboost|p1a: Make A Wish|atk|1
|switch|p1a: Goofus|Dragonite, M|100/100
|-damage|p1a: Goofus|76/100|[from] Stealth Rock
|
|-weather|none
|-heal|p2a: Landorus|32/100|[from] item: Leftovers
|upkeep
|turn|12
|inactive|esiariesiari has 120 seconds left.
|
|t:|1729168119
|switch|p1a: Make A Wish|Jirachi|28/100
|-damage|p1a: Make A Wish|22/100|[from] Stealth Rock
|-damage|p1a: Make A Wish|9/100|[from] Spikes
|move|p2a: Landorus|Hidden Power|p1a: Make A Wish
|-resisted|p1a: Make A Wish
|-damage|p1a: Make A Wish|4/100
|
|-heal|p2a: Landorus|38/100|[from] item: Leftovers
|-heal|p1a: Make A Wish|10/100|[from] item: Leftovers
|upkeep
|turn|13
|
|t:|1729168126
|move|p2a: Landorus|Earthquake|p1a: Make A Wish
|-supereffective|p1a: Make A Wish
|-crit|p1a: Make A Wish
|-damage|p1a: Make A Wish|0 fnt
|faint|p1a: Make A Wish
|
|-heal|p2a: Landorus|44/100|[from] item: Leftovers
|upkeep
|
|t:|1729168136
|switch|p1a: Dr Weird|Reuniclus, F, shiny|100/100
|turn|14
|
|t:|1729168141
|move|p2a: Landorus|U-turn|p1a: Dr Weird
|-supereffective|p1a: Dr Weird
|-damage|p1a: Dr Weird|54/100
|
|t:|1729168148
|switch|p2a: Latios|Latios, M|95/100|[from] U-turn
|-damage|p2a: Latios|82/100|[from] Stealth Rock
|move|p1a: Dr Weird|Trick Room|p1a: Dr Weird
|-fieldstart|move: Trick Room|[of] p1a: Dr Weird
|
|upkeep
|turn|15
|
|t:|1729168152
|move|p1a: Dr Weird|Shadow Ball|p2a: Latios
|-supereffective|p2a: Latios
|-damage|p2a: Latios|5/100
|move|p2a: Latios|Trick|p1a: Dr Weird
|-activate|p2a: Latios|move: Trick|[of] p1a: Dr Weird
|-item|p1a: Dr Weird|Choice Scarf|[from] move: Trick
|-item|p2a: Latios|Life Orb|[from] move: Trick
|
|upkeep
|turn|16
|
|t:|1729168167
|move|p1a: Dr Weird|Shadow Ball|p2a: Latios
|-supereffective|p2a: Latios
|-damage|p2a: Latios|0 fnt
|faint|p2a: Latios
|
|upkeep
|
|t:|1729168173
|switch|p2a: Landorus|Landorus-Therian, M|44/100
|-damage|p2a: Landorus|32/100|[from] Stealth Rock
|-ability|p2a: Landorus|Intimidate|boost
|-unboost|p1a: Dr Weird|atk|1
|turn|17
|
|t:|1729168176
|move|p1a: Dr Weird|Shadow Ball|p2a: Landorus
|-crit|p2a: Landorus
|-damage|p2a: Landorus|0 fnt
|faint|p2a: Landorus
|
|upkeep
|
|t:|1729168181
|switch|p2a: Alakazam|Alakazam, F|82/100
|turn|18
|
|t:|1729168185
|switch|p2a: Keldeo|Keldeo|100/100
|-damage|p2a: Keldeo|94/100|[from] Stealth Rock
|move|p1a: Dr Weird|Shadow Ball|p2a: Keldeo
|-crit|p2a: Keldeo
|-damage|p2a: Keldeo|28/100
|
|-heal|p2a: Keldeo|35/100|[from] item: Leftovers
|-fieldend|move: Trick Room
|upkeep
|turn|19
|
|t:|1729168199
|move|p2a: Keldeo|Scald|p1a: Dr Weird
|-damage|p1a: Dr Weird|11/100
|move|p1a: Dr Weird|Shadow Ball|p2a: Keldeo
|-damage|p2a: Keldeo|0 fnt
|faint|p2a: Keldeo
|
|upkeep
|
|t:|1729168206
|switch|p2a: Alakazam|Alakazam, F|82/100
|turn|20
|
|t:|1729168208
|move|p2a: Alakazam|Shadow Ball|p1a: Dr Weird
|-supereffective|p1a: Dr Weird
|-crit|p1a: Dr Weird
|-damage|p1a: Dr Weird|0 fnt
|faint|p1a: Dr Weird
|
|upkeep
|
|t:|1729168230
|switch|p1a: F35|Latios, M|100/100
|-damage|p1a: F35|88/100|[from] Stealth Rock
|turn|21
|
|t:|1729168236
|move|p1a: F35|Dragon Pulse|p2a: Alakazam
|-damage|p2a: Alakazam|11/100
|move|p2a: Alakazam|Shadow Ball|p1a: F35
|-supereffective|p1a: F35
|-damage|p1a: F35|7/100
|
|upkeep
|turn|22
|
|t:|1729168240
|move|p1a: F35|Dragon Pulse|p2a: Alakazam
|-damage|p2a: Alakazam|0 fnt
|faint|p2a: Alakazam
|
|win|esiariesiari
|raw|esiariesiari's rating: 1325 &rarr; <strong>1346</strong><br />(+21 for winning)
|raw|milespok's rating: 1342 &rarr; <strong>1321</strong><br />(-21 for losing)
|l|☆milespok
|player|p2|
|c|☆esiariesiari|gg
