|j|☆Clawdia Chauchat
|j|☆chomp29
|t:|1708290239
|gametype|singles
|player|p1|Clawdia Chauchat|winona|1467
|player|p2|chomp29|brock|1486
|teamsize|p1|6
|teamsize|p2|6
|gen|5
|tier|[Gen 5] OU
|rated|
|rule|Species Clause: Limit one of each Pokémon
|rule|OHKO Clause: OHKO moves are banned
|rule|Moody Clause: Moody is banned
|rule|Evasion Items Clause: Evasion items are banned
|rule|Evasion Moves Clause: Evasion moves are banned
|rule|Endless Battle Clause: Forcing endless battles is banned
|rule|HP Percentage Mod: HP is shown in percentages
|rule|Evasion Abilities Clause: Evasion abilities are banned
|rule|Sleep Moves Clause: Sleep-inducing moves are banned
|rule|Swagger Clause: Swagger is banned
|rule|Baton Pass Stat Clause: No Baton Passer may have a way to boost its stats
|clearpoke
|poke|p1|Politoed, M|item
|poke|p1|Tentacruel, M|item
|poke|p1|Ferrothorn, M|item
|poke|p1|Starmie|item
|poke|p1|Thundurus-Therian, M|item
|poke|p1|Latios, M|item
|poke|p2|Blastoise, M|item
|poke|p2|Ferrothorn, M|item
|poke|p2|Gyarados, F|item
|poke|p2|Thundurus-Therian, M|item
|poke|p2|Latios, M|item
|poke|p2|Politoed, M|item
|teampreview
|
|t:|1708290256
|start
|switch|p1a: Ferrothorn|Ferrothorn, M|100/100
|switch|p2a: Thundurus|Thundurus-Therian, M|100/100
|turn|1
|j| Dragoniiire
|
|t:|1708290289
|switch|p1a: Thundurus|Thundurus-Therian, M|100/100
|move|p2a: Thundurus|Focus Blast|p1a: Thundurus
|-resisted|p1a: Thundurus
|-damage|p1a: Thundurus|68/100
|
|-heal|p1a: Thundurus|74/100|[from] item: Leftovers
|upkeep
|turn|2
|
|t:|1708290304
|move|p1a: Thundurus|Hidden Power|p2a: Thundurus
|-supereffective|p2a: Thundurus
|-crit|p2a: Thundurus
|-damage|p2a: Thundurus|0 fnt
|faint|p2a: Thundurus
|
|-heal|p1a: Thundurus|80/100|[from] item: Leftovers
|upkeep
|
|t:|1708290321
|switch|p2a: Latios|Latios, M|100/100
|turn|3
|
|t:|1708290360
|switch|p1a: Ferrothorn|Ferrothorn, M|100/100
|move|p2a: Latios|Trick|p1a: Ferrothorn
|-activate|p2a: Latios|move: Trick|[of] p1a: Ferrothorn
|-item|p1a: Ferrothorn|Choice Scarf|[from] move: Trick
|-item|p2a: Latios|Leftovers|[from] move: Trick
|
|upkeep
|turn|4
|
|t:|1708290369
|switch|p2a: Ferrothorn|Ferrothorn, M|100/100
|move|p1a: Ferrothorn|Stealth Rock|p2a: Ferrothorn
|-sidestart|p2: chomp29|move: Stealth Rock
|
|upkeep
|turn|5
|
|t:|1708290388
|switch|p1a: Latios|Latios, M|100/100
|move|p2a: Ferrothorn|Stealth Rock|p1a: Latios
|-sidestart|p1: Clawdia Chauchat|move: Stealth Rock
|
|upkeep
|turn|6
|
|t:|1708290391
|move|p2a: Ferrothorn|Protect|p2a: Ferrothorn
|-singleturn|p2a: Ferrothorn|Protect
|move|p1a: Latios|Trick|p2a: Ferrothorn
|-activate|p2a: Ferrothorn|move: Protect
|
|upkeep
|turn|7
|
|t:|1708290394
|switch|p2a: Politoed|Politoed, M|100/100
|-damage|p2a: Politoed|88/100|[from] Stealth Rock
|-weather|RainDance|[from] ability: Drizzle|[of] p2a: Politoed
|move|p1a: Latios|Trick|p2a: Politoed
|-activate|p1a: Latios|move: Trick|[of] p2a: Politoed
|-item|p2a: Politoed|Choice Specs|[from] move: Trick
|-item|p1a: Latios|Leftovers|[from] move: Trick
|
|-weather|RainDance|[upkeep]
|upkeep
|turn|8
|
|t:|1708290400
|switch|p1a: Politoed|Politoed, M, shiny|100/100
|-damage|p1a: Politoed|88/100|[from] Stealth Rock
|move|p2a: Politoed|Toxic|p1a: Politoed
|-status|p1a: Politoed|tox
|
|-weather|RainDance|[upkeep]
|-heal|p1a: Politoed|94/100 tox|[from] item: Leftovers
|-damage|p1a: Politoed|88/100 tox|[from] psn
|upkeep
|turn|9
|
|t:|1708290411
|switch|p2a: Blastoise|Blastoise, M|100/100
|-damage|p2a: Blastoise|88/100|[from] Stealth Rock
|move|p1a: Politoed|Scald|p2a: Blastoise
|-resisted|p2a: Blastoise
|-damage|p2a: Blastoise|70/100
|
|-weather|RainDance|[upkeep]
|-heal|p2a: Blastoise|76/100|[from] ability: Rain Dish
|-heal|p2a: Blastoise|82/100|[from] item: Leftovers
|-heal|p1a: Politoed|94/100 tox|[from] item: Leftovers
|-damage|p1a: Politoed|82/100 tox|[from] psn
|upkeep
|turn|10
|
|t:|1708290417
|switch|p1a: Starmie|Starmie|100/100
|-damage|p1a: Starmie|88/100|[from] Stealth Rock
|move|p2a: Blastoise|Rapid Spin|p1a: Starmie
|-damage|p1a: Starmie|83/100
|-sideend|p2: chomp29|Stealth Rock|[from] move: Rapid Spin|[of] p2a: Blastoise
|
|-weather|RainDance|[upkeep]
|-heal|p2a: Blastoise|88/100|[from] ability: Rain Dish
|-heal|p2a: Blastoise|94/100|[from] item: Leftovers
|upkeep
|turn|11
|
|t:|1708290421
|move|p1a: Starmie|Trick|p2a: Blastoise
|-activate|p1a: Starmie|move: Trick|[of] p2a: Blastoise
|-item|p2a: Blastoise|Choice Scarf|[from] move: Trick
|-item|p1a: Starmie|Leftovers|[from] move: Trick
|move|p2a: Blastoise|Toxic|p1a: Starmie
|-status|p1a: Starmie|tox
|
|-weather|RainDance|[upkeep]
|-heal|p2a: Blastoise|99/100|[from] ability: Rain Dish
|-heal|p1a: Starmie|89/100 tox|[from] item: Leftovers
|-damage|p1a: Starmie|83/100 tox|[from] psn
|upkeep
|turn|12
|
|t:|1708290425
|switch|p2a: Ferrothorn|Ferrothorn, M|100/100
|move|p1a: Starmie|Rapid Spin|p2a: Ferrothorn
|-resisted|p2a: Ferrothorn
|-damage|p2a: Ferrothorn|99/100
|-damage|p1a: Starmie|71/100 tox|[from] ability: Iron Barbs|[of] p2a: Ferrothorn
|-sideend|p1: Clawdia Chauchat|Stealth Rock|[from] move: Rapid Spin|[of] p1a: Starmie
|
|-weather|RainDance|[upkeep]
|-heal|p1a: Starmie|77/100 tox|[from] item: Leftovers
|-heal|p2a: Ferrothorn|100/100|[from] item: Leftovers
|-damage|p1a: Starmie|64/100 tox|[from] psn
|upkeep
|turn|13
|
|t:|1708290430
|-curestatus|p1a: Starmie|tox|[from] ability: Natural Cure
|switch|p1a: Thundurus|Thundurus-Therian, M|80/100
|move|p2a: Ferrothorn|Stealth Rock|p1a: Thundurus
|-sidestart|p1: Clawdia Chauchat|move: Stealth Rock
|
|-weather|RainDance|[upkeep]
|-heal|p1a: Thundurus|86/100|[from] item: Leftovers
|upkeep
|turn|14
|
|t:|1708290435
|move|p1a: Thundurus|Focus Blast|p2a: Ferrothorn|[miss]
|-miss|p1a: Thundurus|p2a: Ferrothorn
|move|p2a: Ferrothorn|Leech Seed|p1a: Thundurus
|-start|p1a: Thundurus|move: Leech Seed
|
|-weather|RainDance|[upkeep]
|-heal|p1a: Thundurus|92/100|[from] item: Leftovers
|-damage|p1a: Thundurus|80/100|[from] Leech Seed|[of] p2a: Ferrothorn
|upkeep
|turn|15
|
|t:|1708290441
|move|p1a: Thundurus|Thunder|p2a: Ferrothorn
|-resisted|p2a: Ferrothorn
|-damage|p2a: Ferrothorn|76/100
|move|p2a: Ferrothorn|Gyro Ball|p1a: Thundurus
|-resisted|p1a: Thundurus
|-damage|p1a: Thundurus|44/100
|
|-weather|RainDance|[upkeep]
|-heal|p1a: Thundurus|50/100|[from] item: Leftovers
|-heal|p2a: Ferrothorn|82/100|[from] item: Leftovers
|-damage|p1a: Thundurus|38/100|[from] Leech Seed|[of] p2a: Ferrothorn
|-heal|p2a: Ferrothorn|93/100|[silent]
|upkeep
|turn|16
|
|t:|1708290448
|switch|p1a: Tentacruel|Tentacruel, M|100/100
|-damage|p1a: Tentacruel|88/100|[from] Stealth Rock
|switch|p2a: Gyarados|Gyarados, F|100/100
|-ability|p2a: Gyarados|Intimidate|boost
|-unboost|p1a: Tentacruel|atk|1
|
|-weather|RainDance|[upkeep]
|-heal|p1a: Tentacruel|94/100|[from] ability: Rain Dish
|-heal|p1a: Tentacruel|99/100|[from] item: Black Sludge
|upkeep
|turn|17
|
|t:|1708290452
|move|p1a: Tentacruel|Toxic|p2a: Gyarados|[miss]
|-miss|p1a: Tentacruel|p2a: Gyarados
|move|p2a: Gyarados|Substitute|p2a: Gyarados
|-start|p2a: Gyarados|Substitute
|-damage|p2a: Gyarados|76/100
|
|-weather|RainDance|[upkeep]
|-heal|p1a: Tentacruel|100/100|[from] ability: Rain Dish
|-heal|p2a: Gyarados|82/100|[from] item: Leftovers
|upkeep
|turn|18
|
|t:|1708290455
|move|p1a: Tentacruel|Scald|p2a: Gyarados
|-resisted|p2a: Gyarados
|-activate|p2a: Gyarados|Substitute|[damage]
|move|p2a: Gyarados|Dragon Dance|p2a: Gyarados
|-boost|p2a: Gyarados|atk|1
|-boost|p2a: Gyarados|spe|1
|
|-weather|RainDance|[upkeep]
|-heal|p2a: Gyarados|88/100|[from] item: Leftovers
|upkeep
|turn|19
|
|t:|1708290458
|move|p2a: Gyarados|Dragon Dance|p2a: Gyarados
|-boost|p2a: Gyarados|atk|1
|-boost|p2a: Gyarados|spe|1
|move|p1a: Tentacruel|Scald|p2a: Gyarados
|-resisted|p2a: Gyarados
|-end|p2a: Gyarados|Substitute
|
|-weather|RainDance|[upkeep]
|-heal|p2a: Gyarados|94/100|[from] item: Leftovers
|upkeep
|turn|20
|
|t:|1708290461
|switch|p1a: Ferrothorn|Ferrothorn, M|100/100
|-damage|p1a: Ferrothorn|94/100|[from] Stealth Rock
|move|p2a: Gyarados|Substitute|p2a: Gyarados
|-start|p2a: Gyarados|Substitute
|-damage|p2a: Gyarados|69/100
|
|-weather|RainDance|[upkeep]
|-heal|p2a: Gyarados|76/100|[from] item: Leftovers
|upkeep
|turn|21
|
|t:|1708290466
|move|p2a: Gyarados|Waterfall|p1a: Ferrothorn
|-resisted|p1a: Ferrothorn
|-damage|p1a: Ferrothorn|55/100
|-damage|p2a: Gyarados|63/100|[from] ability: Iron Barbs|[of] p1a: Ferrothorn
|move|p1a: Ferrothorn|Gyro Ball|p2a: Gyarados
|-resisted|p2a: Gyarados
|-end|p2a: Gyarados|Substitute
|
|-weather|RainDance|[upkeep]
|-heal|p2a: Gyarados|69/100|[from] item: Leftovers
|upkeep
|turn|22
|
|t:|1708290480
|move|p2a: Gyarados|Dragon Dance|p2a: Gyarados
|-boost|p2a: Gyarados|atk|1
|-boost|p2a: Gyarados|spe|1
|move|p1a: Ferrothorn|Gyro Ball|p2a: Gyarados
|-resisted|p2a: Gyarados
|-damage|p2a: Gyarados|40/100
|
|-weather|RainDance|[upkeep]
|-heal|p2a: Gyarados|46/100|[from] item: Leftovers
|upkeep
|turn|23
|
|t:|1708290490
|move|p2a: Gyarados|Dragon Dance|p2a: Gyarados
|-boost|p2a: Gyarados|atk|1
|-boost|p2a: Gyarados|spe|1
|move|p1a: Ferrothorn|Gyro Ball|p2a: Gyarados
|-resisted|p2a: Gyarados
|-damage|p2a: Gyarados|18/100
|
|-weather|RainDance|[upkeep]
|-heal|p2a: Gyarados|25/100|[from] item: Leftovers
|upkeep
|turn|24
|
|t:|1708290503
|move|p2a: Gyarados|Bounce||[still]
|-prepare|p2a: Gyarados|Bounce
|move|p1a: Ferrothorn|Gyro Ball|p2a: Gyarados|[miss]
|-miss|p1a: Ferrothorn|p2a: Gyarados
|
|-weather|RainDance|[upkeep]
|-heal|p2a: Gyarados|31/100|[from] item: Leftovers
|upkeep
|turn|25
|
|t:|1708290506
|move|p2a: Gyarados|Bounce|p1a: Ferrothorn|[from]lockedmove
|-damage|p1a: Ferrothorn|0 fnt
|-damage|p2a: Gyarados|18/100|[from] ability: Iron Barbs|[of] p1a: Ferrothorn
|faint|p1a: Ferrothorn
|
|-weather|RainDance|[upkeep]
|-heal|p2a: Gyarados|25/100|[from] item: Leftovers
|upkeep
|
|t:|1708290510
|switch|p1a: Tentacruel|Tentacruel, M|100/100
|-damage|p1a: Tentacruel|88/100|[from] Stealth Rock
|turn|26
|
|t:|1708290522
|move|p2a: Gyarados|Bounce||[still]
|-prepare|p2a: Gyarados|Bounce
|move|p1a: Tentacruel|Substitute|p1a: Tentacruel
|-start|p1a: Tentacruel|Substitute
|-damage|p1a: Tentacruel|63/100
|
|-weather|RainDance|[upkeep]
|-heal|p1a: Tentacruel|69/100|[from] ability: Rain Dish
|-heal|p2a: Gyarados|31/100|[from] item: Leftovers
|-heal|p1a: Tentacruel|75/100|[from] item: Black Sludge
|upkeep
|turn|27
|
|t:|1708290525
|move|p1a: Tentacruel|Protect|p1a: Tentacruel
|-singleturn|p1a: Tentacruel|Protect
|move|p2a: Gyarados|Bounce|p1a: Tentacruel|[from]lockedmove
|-activate|p1a: Tentacruel|move: Protect
|
|-weather|RainDance|[upkeep]
|-heal|p1a: Tentacruel|81/100|[from] ability: Rain Dish
|-heal|p2a: Gyarados|37/100|[from] item: Leftovers
|-heal|p1a: Tentacruel|88/100|[from] item: Black Sludge
|upkeep
|turn|28
|
|t:|1708290528
|move|p2a: Gyarados|Substitute|p2a: Gyarados
|-start|p2a: Gyarados|Substitute
|-damage|p2a: Gyarados|12/100
|move|p1a: Tentacruel|Scald|p2a: Gyarados
|-resisted|p2a: Gyarados
|-activate|p2a: Gyarados|Substitute|[damage]
|
|-weather|RainDance|[upkeep]
|-heal|p1a: Tentacruel|94/100|[from] ability: Rain Dish
|-heal|p2a: Gyarados|18/100|[from] item: Leftovers
|-heal|p1a: Tentacruel|99/100|[from] item: Black Sludge
|upkeep
|turn|29
|
|t:|1708290530
|move|p2a: Gyarados|Waterfall|p1a: Tentacruel
|-resisted|p1a: Tentacruel
|-end|p1a: Tentacruel|Substitute
|move|p1a: Tentacruel|Scald|p2a: Gyarados
|-resisted|p2a: Gyarados
|-end|p2a: Gyarados|Substitute
|
|-weather|RainDance|[upkeep]
|-heal|p1a: Tentacruel|100/100|[from] ability: Rain Dish
|-heal|p2a: Gyarados|25/100|[from] item: Leftovers
|upkeep
|turn|30
|
|t:|1708290534
|move|p2a: Gyarados|Bounce||[still]
|-prepare|p2a: Gyarados|Bounce
|move|p1a: Tentacruel|Scald|p2a: Gyarados|[miss]
|-miss|p1a: Tentacruel|p2a: Gyarados
|
|-weather|RainDance|[upkeep]
|-heal|p2a: Gyarados|31/100|[from] item: Leftovers
|upkeep
|turn|31
|
|t:|1708290536
|move|p1a: Tentacruel|Protect|p1a: Tentacruel
|-singleturn|p1a: Tentacruel|Protect
|move|p2a: Gyarados|Bounce|p1a: Tentacruel|[from]lockedmove
|-activate|p1a: Tentacruel|move: Protect
|
|-weather|RainDance|[upkeep]
|-heal|p2a: Gyarados|37/100|[from] item: Leftovers
|upkeep
|turn|32
|
|t:|1708290538
|move|p2a: Gyarados|Substitute|p2a: Gyarados
|-start|p2a: Gyarados|Substitute
|-damage|p2a: Gyarados|12/100
|move|p1a: Tentacruel|Substitute|p1a: Tentacruel
|-start|p1a: Tentacruel|Substitute
|-damage|p1a: Tentacruel|76/100
|
|-weather|RainDance|[upkeep]
|-heal|p1a: Tentacruel|82/100|[from] ability: Rain Dish
|-heal|p2a: Gyarados|18/100|[from] item: Leftovers
|-heal|p1a: Tentacruel|88/100|[from] item: Black Sludge
|upkeep
|turn|33
|
|t:|1708290542
|move|p2a: Gyarados|Waterfall|p1a: Tentacruel
|-resisted|p1a: Tentacruel
|-end|p1a: Tentacruel|Substitute
|move|p1a: Tentacruel|Scald|p2a: Gyarados
|-resisted|p2a: Gyarados
|-activate|p2a: Gyarados|Substitute|[damage]
|
|-weather|RainDance|[upkeep]
|-heal|p1a: Tentacruel|94/100|[from] ability: Rain Dish
|-heal|p2a: Gyarados|25/100|[from] item: Leftovers
|-heal|p1a: Tentacruel|99/100|[from] item: Black Sludge
|upkeep
|turn|34
|
|t:|1708290544
|move|p2a: Gyarados|Waterfall|p1a: Tentacruel
|-resisted|p1a: Tentacruel
|-damage|p1a: Tentacruel|0 fnt
|faint|p1a: Tentacruel
|
|-weather|RainDance|[upkeep]
|-heal|p2a: Gyarados|31/100|[from] item: Leftovers
|upkeep
|-message|Clawdia Chauchat forfeited.
|
|win|chomp29
|raw|Clawdia Chauchat's rating: 1467 &rarr; <strong>1448</strong><br />(-19 for losing)
|raw|chomp29's rating: 1486 &rarr; <strong>1505</strong><br />(+19 for winning)
|l|☆Clawdia Chauchat
|player|p1|
|l|☆chomp29
|player|p2|
|j|☆chomp29
|player|p2|chomp29|brock
