|j|☆RisingTheUppercut
|j|☆DLNineflo
|player|p1|RisingTheUppercut|102|1390
|player|p2|DLNineflo|hilbert-dueldisk|1273
|teamsize|p1|6
|teamsize|p2|6
|gametype|singles
|gen|5
|tier|[Gen 5] OU
|rated|
|clearpoke
|poke|p1|Tyranitar, M|item
|poke|p1|Breloom, F|item
|poke|p1|Landorus-Therian, M|item
|poke|p1|Ferrothorn, M|item
|poke|p1|Latios, M|item
|poke|p1|Rotom-Wash|item
|poke|p2|Tyranitar, M|item
|poke|p2|Landorus-Therian, M|item
|poke|p2|Rotom-Wash|item
|poke|p2|Scizor, M|item
|poke|p2|Reuniclus, F|item
|poke|p2|Dragonite, M|item
|rule|Species Clause: Limit one of each Pokémon
|rule|OHKO Clause: OHKO moves are banned
|rule|Moody Clause: Moody is banned
|rule|Evasion Moves Clause: Evasion moves are banned
|rule|Endless Battle Clause: Forcing endless battles is banned
|rule|HP Percentage Mod: HP is shown in percentages
|rule|Evasion Abilities Clause: Evasion abilities are banned
|rule|Baton Pass Clause: Limit one Baton Passer, can't pass Spe and other stats simultaneously
|rule|Sleep Clause: Sleep-inducing moves are banned
|rule|Swagger Clause: Swagger is banned
|teampreview
|inactive|Battle timer is ON: inactive players will automatically lose when time's up. (requested by DLNineflo)
|
|start
|switch|p1a: Rotom|Rotom-Wash|100/100
|switch|p2a: Landorus|Landorus-Therian, M|100/100
|-ability|p2a: Landorus|Intimidate|boost
|-unboost|p1a: Rotom|atk|1
|turn|1
|
|switch|p2a: Rotom|Rotom-Wash|100/100
|move|p1a: Rotom|Volt Switch|p2a: Rotom
|-damage|p2a: Rotom|78/100
|
|switch|p1a: Breloom|Breloom, F|100/100|[from]move: Volt Switch
|
|-heal|p2a: Rotom|85/100|[from] item: Leftovers
|upkeep
|turn|2
|
|switch|p2a: Landorus|Landorus-Therian, M|100/100
|-ability|p2a: Landorus|Intimidate|boost
|-unboost|p1a: Breloom|atk|1
|move|p1a: Breloom|Bullet Seed|p2a: Landorus
|-damage|p2a: Landorus|86/100
|-damage|p2a: Landorus|72/100
|-damage|p2a: Landorus|58/100
|-damage|p2a: Landorus|42/100
|-damage|p2a: Landorus|27/100
|-hitcount|p2a: Landorus|5
|
|-heal|p2a: Landorus|33/100|[from] item: Leftovers
|upkeep
|turn|3
|inactive|DLNineflo has 120 seconds left.
|
|switch|p1a: Ferrothorn|Ferrothorn, M|100/100
|move|p2a: Landorus|Stealth Rock|p1a: Ferrothorn
|-sidestart|p1: RisingTheUppercut|move: Stealth Rock
|
|-heal|p2a: Landorus|39/100|[from] item: Leftovers
|upkeep
|turn|4
|
|switch|p2a: Reuniclus|Reuniclus, F|100/100
|move|p1a: Ferrothorn|Knock Off|p2a: Reuniclus
|-supereffective|p2a: Reuniclus
|-damage|p2a: Reuniclus|91/100
|-enditem|p2a: Reuniclus|Life Orb|[from] move: Knock Off|[of] p1a: Ferrothorn
|
|upkeep
|turn|5
|
|switch|p1a: Landorus|Landorus-Therian, M|100/100
|-damage|p1a: Landorus|88/100|[from] Stealth Rock
|-ability|p1a: Landorus|Intimidate|boost
|-unboost|p2a: Reuniclus|atk|1
|move|p2a: Reuniclus|Trick Room|p2a: Reuniclus
|-fieldstart|move: Trick Room|[of] p2a: Reuniclus
|
|-heal|p1a: Landorus|94/100|[from] item: Leftovers
|upkeep
|turn|6
|
|switch|p2a: Landorus|Landorus-Therian, M|39/100
|-ability|p2a: Landorus|Intimidate|boost
|-unboost|p1a: Landorus|atk|1
|move|p1a: Landorus|U-turn|p2a: Landorus
|-resisted|p2a: Landorus
|-damage|p2a: Landorus|32/100
|
|switch|p1a: Breloom|Breloom, F|100/100|[from]move: U-turn
|-damage|p1a: Breloom|94/100|[from] Stealth Rock
|
|-heal|p2a: Landorus|38/100|[from] item: Leftovers
|upkeep
|turn|7
|
|move|p2a: Landorus|Hidden Power|p1a: Breloom
|-supereffective|p1a: Breloom
|-crit|p1a: Breloom
|-damage|p1a: Breloom|0 fnt
|faint|p1a: Breloom
|
|-heal|p2a: Landorus|44/100|[from] item: Leftovers
|upkeep
|inactive|RisingTheUppercut has 120 seconds left.
|
|switch|p1a: Rotom|Rotom-Wash|100/100
|-damage|p1a: Rotom|88/100|[from] Stealth Rock
|turn|8
|
|switch|p2a: Rotom|Rotom-Wash|85/100
|move|p1a: Rotom|Hydro Pump|p2a: Rotom
|-resisted|p2a: Rotom
|-damage|p2a: Rotom|67/100
|
|-heal|p1a: Rotom|94/100|[from] item: Leftovers
|-heal|p2a: Rotom|73/100|[from] item: Leftovers
|upkeep
|turn|9
|
|move|p1a: Rotom|Volt Switch|p2a: Rotom
|-damage|p2a: Rotom|52/100
|
|switch|p1a: Latios|Latios, M|100/100|[from]move: Volt Switch
|-damage|p1a: Latios|88/100|[from] Stealth Rock
|move|p2a: Rotom|Volt Switch|p1a: Latios
|-resisted|p1a: Latios
|-damage|p1a: Latios|74/100
|
|switch|p2a: Dragonite|Dragonite, M|100/100|[from]move: Volt Switch
|
|-fieldend|move: Trick Room
|upkeep
|turn|10
|
|switch|p2a: Rotom|Rotom-Wash|52/100
|move|p1a: Latios|Draco Meteor|p2a: Rotom
|-damage|p2a: Rotom|0 fnt
|-unboost|p1a: Latios|spa|2
|faint|p2a: Rotom
|
|upkeep
|
|switch|p2a: Tyranitar|Tyranitar, M|100/100
|-weather|Sandstorm|[from] ability: Sand Stream|[of] p2a: Tyranitar
|turn|11
|
|-activate|p1a: Latios|move: Pursuit
|move|p2a: Tyranitar|Pursuit|p1a: Latios|[from]Pursuit
|-supereffective|p1a: Latios
|-damage|p1a: Latios|0 fnt
|-hint|A Pokemon can't switch between when it runs out of HP and when it faints
|faint|p1a: Latios
|
|-weather|Sandstorm|[upkeep]
|upkeep
|
|switch|p1a: Rotom|Rotom-Wash|94/100
|-damage|p1a: Rotom|82/100|[from] Stealth Rock
|turn|12
|inactive|DLNineflo has 120 seconds left.
|
|switch|p2a: Landorus|Landorus-Therian, M|44/100
|-ability|p2a: Landorus|Intimidate|boost
|-unboost|p1a: Rotom|atk|1
|move|p1a: Rotom|Hydro Pump|p2a: Landorus
|-supereffective|p2a: Landorus
|-damage|p2a: Landorus|0 fnt
|faint|p2a: Landorus
|
|-weather|Sandstorm|[upkeep]
|-damage|p1a: Rotom|76/100|[from] Sandstorm
|-heal|p1a: Rotom|82/100|[from] item: Leftovers
|upkeep
|inactive|DLNineflo has 120 seconds left.
|
|switch|p2a: Reuniclus|Reuniclus, F|91/100
|turn|13
|
|move|p1a: Rotom|Hydro Pump|p2a: Reuniclus
|-damage|p2a: Reuniclus|50/100
|move|p2a: Reuniclus|Trick Room|p2a: Reuniclus
|-fieldstart|move: Trick Room|[of] p2a: Reuniclus
|
|-weather|Sandstorm|[upkeep]
|-damage|p1a: Rotom|76/100|[from] Sandstorm
|-heal|p1a: Rotom|82/100|[from] item: Leftovers
|upkeep
|turn|14
|
|move|p2a: Reuniclus|Psychic|p1a: Rotom
|-damage|p1a: Rotom|42/100
|move|p1a: Rotom|Hydro Pump|p2a: Reuniclus
|-damage|p2a: Reuniclus|11/100
|
|-weather|Sandstorm|[upkeep]
|-damage|p1a: Rotom|36/100|[from] Sandstorm
|-heal|p1a: Rotom|42/100|[from] item: Leftovers
|upkeep
|turn|15
|
|switch|p2a: Dragonite|Dragonite, M|100/100
|switch|p1a: Ferrothorn|Ferrothorn, M|100/100
|-damage|p1a: Ferrothorn|94/100|[from] Stealth Rock
|
|-weather|Sandstorm|[upkeep]
|-damage|p2a: Dragonite|94/100|[from] Sandstorm
|-heal|p1a: Ferrothorn|100/100|[from] item: Leftovers
|upkeep
|turn|16
|
|move|p1a: Ferrothorn|Thunder Wave|p2a: Dragonite
|-status|p2a: Dragonite|par
|move|p2a: Dragonite|Fire Punch|p1a: Ferrothorn
|-supereffective|p1a: Ferrothorn
|-damage|p1a: Ferrothorn|0 fnt
|-damage|p2a: Dragonite|82/100 par|[from] ability: Iron Barbs|[of] p1a: Ferrothorn
|faint|p1a: Ferrothorn
|
|-weather|Sandstorm|[upkeep]
|-damage|p2a: Dragonite|76/100 par|[from] Sandstorm
|upkeep
|
|switch|p1a: Landorus|Landorus-Therian, M|94/100
|-damage|p1a: Landorus|82/100|[from] Stealth Rock
|-ability|p1a: Landorus|Intimidate|boost
|-unboost|p2a: Dragonite|atk|1
|turn|17
|
|switch|p2a: Scizor|Scizor, M|100/100
|move|p1a: Landorus|Stone Edge|p2a: Scizor|[miss]
|-miss|p1a: Landorus|p2a: Scizor
|
|-weather|Sandstorm|[upkeep]
|-heal|p1a: Landorus|88/100|[from] item: Leftovers
|-fieldend|move: Trick Room
|upkeep
|turn|18
|
|move|p1a: Landorus|Earthquake|p2a: Scizor
|-damage|p2a: Scizor|29/100
|move|p2a: Scizor|Swords Dance|p2a: Scizor
|-boost|p2a: Scizor|atk|2
|
|-weather|Sandstorm|[upkeep]
|-heal|p1a: Landorus|94/100|[from] item: Leftovers
|upkeep
|turn|19
|
|switch|p1a: Tyranitar|Tyranitar, M|100/100
|-damage|p1a: Tyranitar|88/100|[from] Stealth Rock
|move|p2a: Scizor|Bullet Punch|p1a: Tyranitar
|-supereffective|p1a: Tyranitar
|-damage|p1a: Tyranitar|0 fnt
|faint|p1a: Tyranitar
|
|-weather|Sandstorm|[upkeep]
|upkeep
|
|switch|p1a: Landorus|Landorus-Therian, M|94/100
|-damage|p1a: Landorus|82/100|[from] Stealth Rock
|-ability|p1a: Landorus|Intimidate|boost
|-unboost|p2a: Scizor|atk|1
|turn|20
|
|move|p2a: Scizor|Bullet Punch|p1a: Landorus
|-damage|p1a: Landorus|27/100
|move|p1a: Landorus|Earthquake|p2a: Scizor
|-damage|p2a: Scizor|0 fnt
|faint|p2a: Scizor
|
|-weather|Sandstorm|[upkeep]
|-heal|p1a: Landorus|33/100|[from] item: Leftovers
|upkeep
|
|switch|p2a: Tyranitar|Tyranitar, M|100/100
|turn|21
|
|move|p2a: Tyranitar|Crunch|p1a: Landorus
|-damage|p1a: Landorus|0 fnt
|faint|p1a: Landorus
|
|-weather|Sandstorm|[upkeep]
|upkeep
|
|switch|p1a: Rotom|Rotom-Wash|42/100
|-damage|p1a: Rotom|30/100|[from] Stealth Rock
|turn|22
|-message|RisingTheUppercut forfeited.
|
|win|DLNineflo
|l|☆RisingTheUppercut
|raw|RisingTheUppercut's rating: 1371 &rarr; <strong>1346</strong><br />(-25 for losing)
|raw|DLNineflo's rating: 1273 &rarr; <strong>1304</strong><br />(+31 for winning)
