|j|☆a piece of dirt
|j|☆Hans Bloodsmith
|t:|1708925950
|gametype|singles
|player|p1|a piece of dirt|265|1319
|player|p2|Hans Bloodsmith|plasmagrunt|1267
|teamsize|p1|6
|teamsize|p2|6
|gen|5
|tier|[Gen 5] OU
|rated|
|rule|Species Clause: Limit one of each Pokémon
|rule|OHKO Clause: OHKO moves are banned
|rule|Moody Clause: Moody is banned
|rule|Evasion Items Clause: Evasion items are banned
|rule|Evasion Moves Clause: Evasion moves are banned
|rule|Endless Battle Clause: Forcing endless battles is banned
|rule|HP Percentage Mod: HP is shown in percentages
|rule|Evasion Abilities Clause: Evasion abilities are banned
|rule|Sleep Moves Clause: Sleep-inducing moves are banned
|rule|Swagger Clause: Swagger is banned
|rule|Baton Pass Stat Clause: No Baton Passer may have a way to boost its stats
|clearpoke
|poke|p1|Politoed, M|item
|poke|p1|Tentacruel, M|item
|poke|p1|Dragonite, M|item
|poke|p1|Keldeo|item
|poke|p1|Thundurus-Therian, M|item
|poke|p1|Ferrothorn, M|item
|poke|p2|Rotom-Wash|item
|poke|p2|Mienshao, M|item
|poke|p2|Ferrothorn, F|item
|poke|p2|Excadrill, M|item
|poke|p2|Alakazam, M|item
|poke|p2|Tyranitar, F|item
|teampreview
|c|☆a piece of dirt|gl
|
|t:|1708925967
|start
|switch|p1a: Politoed|Politoed, M|100/100
|switch|p2a: Constantine|Alakazam, M|100/100
|-weather|RainDance|[from] ability: Drizzle|[of] p1a: Politoed
|turn|1
|
|t:|1708925971
|move|p2a: Constantine|Thunder Wave|p1a: Politoed
|-status|p1a: Politoed|par
|move|p1a: Politoed|Scald|p2a: Constantine
|-damage|p2a: Constantine|40/100
|
|-weather|RainDance|[upkeep]
|upkeep
|turn|2
|
|t:|1708925979
|move|p2a: Constantine|Psychic|p1a: Politoed
|-damage|p1a: Politoed|60/100 par
|move|p1a: Politoed|Scald|p2a: Constantine
|-damage|p2a: Constantine|0 fnt
|faint|p2a: Constantine
|
|-weather|RainDance|[upkeep]
|-heal|p1a: Politoed|66/100 par|[from] item: Leftovers
|upkeep
|
|t:|1708925985
|switch|p2a: Nikolai|Rotom-Wash|100/100
|turn|3
|
|t:|1708925988
|move|p1a: Politoed|Protect|p1a: Politoed
|-singleturn|p1a: Politoed|Protect
|move|p2a: Nikolai|Volt Switch|p1a: Politoed
|-activate|p1a: Politoed|move: Protect
|
|-weather|RainDance|[upkeep]
|-heal|p1a: Politoed|72/100 par|[from] item: Leftovers
|upkeep
|turn|4
|
|t:|1708925991
|switch|p1a: Thundurus|Thundurus-Therian, M|100/100
|move|p2a: Nikolai|Volt Switch|p1a: Thundurus
|-immune|p1a: Thundurus|[from] ability: Volt Absorb
|
|-weather|RainDance|[upkeep]
|upkeep
|turn|5
|
|t:|1708926001
|switch|p2a: Alexandria|Tyranitar, F|100/100
|-weather|Sandstorm|[from] ability: Sand Stream|[of] p2a: Alexandria
|move|p1a: Thundurus|Thunder|p2a: Alexandria|[miss]
|-miss|p1a: Thundurus|p2a: Alexandria
|
|-weather|Sandstorm|[upkeep]
|-damage|p1a: Thundurus|95/100|[from] Sandstorm
|-heal|p1a: Thundurus|100/100|[from] item: Leftovers
|upkeep
|turn|6
|
|t:|1708926010
|move|p1a: Thundurus|Focus Blast|p2a: Alexandria|[miss]
|-miss|p1a: Thundurus|p2a: Alexandria
|move|p2a: Alexandria|Pursuit|p1a: Thundurus
|-damage|p1a: Thundurus|71/100
|
|-weather|Sandstorm|[upkeep]
|-damage|p1a: Thundurus|65/100|[from] Sandstorm
|-heal|p1a: Thundurus|71/100|[from] item: Leftovers
|upkeep
|turn|7
|
|t:|1708926015
|switch|p2a: Nikolai|Rotom-Wash|100/100
|move|p1a: Thundurus|Focus Blast|p2a: Nikolai
|-damage|p2a: Nikolai|49/100
|
|-weather|Sandstorm|[upkeep]
|-damage|p1a: Thundurus|65/100|[from] Sandstorm
|-damage|p2a: Nikolai|43/100|[from] Sandstorm
|-heal|p1a: Thundurus|71/100|[from] item: Leftovers
|-heal|p2a: Nikolai|49/100|[from] item: Leftovers
|upkeep
|turn|8
|
|t:|1708926022
|move|p1a: Thundurus|Focus Blast|p2a: Nikolai
|-damage|p2a: Nikolai|0 fnt
|faint|p2a: Nikolai
|
|-weather|Sandstorm|[upkeep]
|-damage|p1a: Thundurus|65/100|[from] Sandstorm
|-heal|p1a: Thundurus|71/100|[from] item: Leftovers
|upkeep
|
|t:|1708926028
|switch|p2a: Raiden|Mienshao, M|100/100
|turn|9
|
|t:|1708926031
|switch|p1a: Politoed|Politoed, M|72/100 par
|-weather|RainDance|[from] ability: Drizzle|[of] p1a: Politoed
|move|p2a: Raiden|Stone Edge|p1a: Politoed
|-damage|p1a: Politoed|48/100 par
|
|-weather|RainDance|[upkeep]
|-heal|p1a: Politoed|54/100 par|[from] item: Leftovers
|upkeep
|turn|10
|
|t:|1708926038
|switch|p2a: Alexandria|Tyranitar, F|100/100
|-weather|Sandstorm|[from] ability: Sand Stream|[of] p2a: Alexandria
|cant|p1a: Politoed|par
|
|-weather|Sandstorm|[upkeep]
|-damage|p1a: Politoed|48/100 par|[from] Sandstorm
|-heal|p1a: Politoed|54/100 par|[from] item: Leftovers
|upkeep
|turn|11
|
|t:|1708926107
|switch|p1a: Ferrothorn|Ferrothorn, M|100/100
|move|p2a: Alexandria|Rock Slide|p1a: Ferrothorn
|-resisted|p1a: Ferrothorn
|-damage|p1a: Ferrothorn|85/100
|
|-weather|Sandstorm|[upkeep]
|-heal|p1a: Ferrothorn|91/100|[from] item: Leftovers
|upkeep
|turn|12
|
|t:|1708926119
|switch|p1a: Politoed|Politoed, M|54/100 par
|-weather|RainDance|[from] ability: Drizzle|[of] p1a: Politoed
|move|p2a: Alexandria|Superpower|p1a: Politoed
|-damage|p1a: Politoed|20/100 par
|-unboost|p2a: Alexandria|atk|1
|-unboost|p2a: Alexandria|def|1
|
|-weather|RainDance|[upkeep]
|-heal|p1a: Politoed|27/100 par|[from] item: Leftovers
|upkeep
|turn|13
|
|t:|1708926135
|switch|p2a: Melisende|Ferrothorn, F|100/100
|move|p1a: Politoed|Scald|p2a: Melisende
|-resisted|p2a: Melisende
|-damage|p2a: Melisende|88/100
|
|-weather|RainDance|[upkeep]
|-heal|p1a: Politoed|33/100 par|[from] item: Leftovers
|upkeep
|turn|14
|
|t:|1708926140
|move|p2a: Melisende|Knock Off|p1a: Politoed
|-damage|p1a: Politoed|29/100 par
|-enditem|p1a: Politoed|Leftovers|[from] move: Knock Off|[of] p2a: Melisende
|move|p1a: Politoed|Refresh|p1a: Politoed
|-curestatus|p1a: Politoed|par|[msg]
|
|-weather|RainDance|[upkeep]
|upkeep
|turn|15
|
|t:|1708926149
|switch|p1a: Keldeo|Keldeo|100/100
|move|p2a: Melisende|Leech Seed|p1a: Keldeo
|-start|p1a: Keldeo|move: Leech Seed
|
|-weather|RainDance|[upkeep]
|-damage|p1a: Keldeo|88/100|[from] Leech Seed|[of] p2a: Melisende
|-heal|p2a: Melisende|99/100|[silent]
|upkeep
|turn|16
|
|t:|1708926164
|switch|p1a: Thundurus|Thundurus-Therian, M|71/100
|move|p2a: Melisende|Stealth Rock|p1a: Thundurus
|-sidestart|p1: a piece of dirt|move: Stealth Rock
|
|-weather|RainDance|[upkeep]
|-heal|p1a: Thundurus|77/100|[from] item: Leftovers
|upkeep
|turn|17
|
|t:|1708926169
|move|p1a: Thundurus|Focus Blast|p2a: Melisende|[miss]
|-miss|p1a: Thundurus|p2a: Melisende
|move|p2a: Melisende|Knock Off|p1a: Thundurus
|-damage|p1a: Thundurus|71/100
|-enditem|p1a: Thundurus|Leftovers|[from] move: Knock Off|[of] p2a: Melisende
|
|-weather|RainDance|[upkeep]
|upkeep
|turn|18
|
|t:|1708926187
|move|p1a: Thundurus|Focus Blast|p2a: Melisende|[miss]
|-miss|p1a: Thundurus|p2a: Melisende
|move|p2a: Melisende|Leech Seed|p1a: Thundurus
|-start|p1a: Thundurus|move: Leech Seed
|
|-weather|RainDance|[upkeep]
|-damage|p1a: Thundurus|59/100|[from] Leech Seed|[of] p2a: Melisende
|-heal|p2a: Melisende|100/100|[silent]
|upkeep
|turn|19
|
|t:|1708926196
|move|p1a: Thundurus|Focus Blast|p2a: Melisende
|-supereffective|p2a: Melisende
|-damage|p2a: Melisende|42/100
|move|p2a: Melisende|Spikes|p1a: Thundurus
|-sidestart|p1: a piece of dirt|Spikes
|
|-weather|RainDance|[upkeep]
|-damage|p1a: Thundurus|46/100|[from] Leech Seed|[of] p2a: Melisende
|-heal|p2a: Melisende|53/100|[silent]
|upkeep
|turn|20
|
|t:|1708926213
|switch|p1a: Tentacruel|Tentacruel, M|100/100
|-damage|p1a: Tentacruel|88/100|[from] Stealth Rock
|-damage|p1a: Tentacruel|76/100|[from] Spikes
|switch|p2a: Alexandria|Tyranitar, F|100/100
|-weather|Sandstorm|[from] ability: Sand Stream|[of] p2a: Alexandria
|
|-weather|Sandstorm|[upkeep]
|-damage|p1a: Tentacruel|70/100|[from] Sandstorm
|-heal|p1a: Tentacruel|76/100|[from] item: Black Sludge
|upkeep
|turn|21
|
|t:|1708926235
|switch|p2a: Melisende|Ferrothorn, F|53/100
|move|p1a: Tentacruel|Rapid Spin|p2a: Melisende
|-resisted|p2a: Melisende
|-crit|p2a: Melisende
|-damage|p2a: Melisende|51/100
|-damage|p1a: Tentacruel|63/100|[from] ability: Iron Barbs|[of] p2a: Melisende
|-damage|p1a: Tentacruel|47/100|[from] item: Rocky Helmet|[of] p2a: Melisende
|-sideend|p1: a piece of dirt|Spikes|[from] move: Rapid Spin|[of] p1a: Tentacruel
|-sideend|p1: a piece of dirt|Stealth Rock|[from] move: Rapid Spin|[of] p1a: Tentacruel
|
|-weather|Sandstorm|[upkeep]
|-damage|p1a: Tentacruel|41/100|[from] Sandstorm
|-heal|p1a: Tentacruel|47/100|[from] item: Black Sludge
|upkeep
|turn|22
|
|t:|1708926243
|move|p1a: Tentacruel|Scald|p2a: Melisende
|-resisted|p2a: Melisende
|-damage|p2a: Melisende|43/100
|move|p2a: Melisende|Leech Seed|p1a: Tentacruel
|-start|p1a: Tentacruel|move: Leech Seed
|
|-weather|Sandstorm|[upkeep]
|-damage|p1a: Tentacruel|41/100|[from] Sandstorm
|-heal|p1a: Tentacruel|47/100|[from] item: Black Sludge
|-damage|p1a: Tentacruel|35/100|[from] Leech Seed|[of] p2a: Melisende
|-heal|p2a: Melisende|56/100|[silent]
|upkeep
|turn|23
|
|t:|1708926280
|move|p1a: Tentacruel|Rapid Spin|p2a: Melisende
|-resisted|p2a: Melisende
|-damage|p2a: Melisende|55/100
|-damage|p1a: Tentacruel|22/100|[from] ability: Iron Barbs|[of] p2a: Melisende
|-damage|p1a: Tentacruel|6/100|[from] item: Rocky Helmet|[of] p2a: Melisende
|-end|p1a: Tentacruel|Leech Seed|[from] move: Rapid Spin|[of] p1a: Tentacruel
|move|p2a: Melisende|Stealth Rock|p1a: Tentacruel
|-sidestart|p1: a piece of dirt|move: Stealth Rock
|
|-weather|Sandstorm|[upkeep]
|-damage|p1a: Tentacruel|0 fnt|[from] Sandstorm
|faint|p1a: Tentacruel
|upkeep
|
|t:|1708926284
|switch|p1a: Keldeo|Keldeo|88/100
|-damage|p1a: Keldeo|82/100|[from] Stealth Rock
|turn|24
|
|t:|1708926292
|move|p1a: Keldeo|Secret Sword|p2a: Melisende
|-supereffective|p2a: Melisende
|-damage|p2a: Melisende|0 fnt
|faint|p2a: Melisende
|
|-weather|Sandstorm|[upkeep]
|-damage|p1a: Keldeo|76/100|[from] Sandstorm
|upkeep
|
|t:|1708926305
|switch|p2a: Raiden|Mienshao, M|100/100
|turn|25
|
|t:|1708926317
|switch|p1a: Politoed|Politoed, M|29/100
|-damage|p1a: Politoed|17/100|[from] Stealth Rock
|-weather|RainDance|[from] ability: Drizzle|[of] p1a: Politoed
|move|p2a: Raiden|U-turn|p1a: Politoed
|-crit|p1a: Politoed
|-damage|p1a: Politoed|0 fnt
|faint|p1a: Politoed
|inactive|Battle timer is ON: inactive players will automatically lose when time's up. (requested by a piece of dirt)
|
|t:|1708926324
|switch|p2a: Alexandria|Tyranitar, F|100/100|[from] U-turn
|-weather|Sandstorm|[from] ability: Sand Stream|[of] p2a: Alexandria
|
|-weather|Sandstorm|[upkeep]
|upkeep
|
|t:|1708926327
|switch|p1a: Keldeo|Keldeo|76/100
|-damage|p1a: Keldeo|70/100|[from] Stealth Rock
|turn|26
|
|t:|1708926334
|move|p1a: Keldeo|Secret Sword|p2a: Alexandria
|-supereffective|p2a: Alexandria
|-enditem|p2a: Alexandria|Chople Berry|[eat]
|-enditem|p2a: Alexandria|Chople Berry|[weaken]
|-damage|p2a: Alexandria|2/100
|move|p2a: Alexandria|Rock Slide|p1a: Keldeo
|-resisted|p1a: Keldeo
|-crit|p1a: Keldeo
|-damage|p1a: Keldeo|24/100
|
|-weather|Sandstorm|[upkeep]
|-damage|p1a: Keldeo|18/100|[from] Sandstorm
|upkeep
|turn|27
|
|t:|1708926347
|move|p1a: Keldeo|Secret Sword|p2a: Alexandria
|-supereffective|p2a: Alexandria
|-damage|p2a: Alexandria|0 fnt
|faint|p2a: Alexandria
|
|-weather|Sandstorm|[upkeep]
|-damage|p1a: Keldeo|12/100|[from] Sandstorm
|upkeep
|
|t:|1708926350
|switch|p2a: Raiden|Mienshao, M|100/100
|turn|28
|
|t:|1708926367
|switch|p1a: Ferrothorn|Ferrothorn, M|91/100
|-damage|p1a: Ferrothorn|85/100|[from] Stealth Rock
|move|p2a: Raiden|U-turn|p1a: Ferrothorn
|-damage|p1a: Ferrothorn|66/100
|-damage|p2a: Raiden|88/100|[from] ability: Iron Barbs|[of] p1a: Ferrothorn
|
|t:|1708926373
|switch|p2a: Gustavus|Excadrill, M|100/100|[from] U-turn
|-item|p2a: Gustavus|Air Balloon
|
|-weather|Sandstorm|[upkeep]
|-heal|p1a: Ferrothorn|72/100|[from] item: Leftovers
|upkeep
|turn|29
|
|t:|1708926380
|move|p2a: Gustavus|Swords Dance|p2a: Gustavus
|-boost|p2a: Gustavus|atk|2
|move|p1a: Ferrothorn|Power Whip|p2a: Gustavus
|-damage|p2a: Gustavus|40/100
|-enditem|p2a: Gustavus|Air Balloon
|
|-weather|Sandstorm|[upkeep]
|-heal|p1a: Ferrothorn|78/100|[from] item: Leftovers
|upkeep
|turn|30
|
|t:|1708926388
|move|p2a: Gustavus|Earthquake|p1a: Ferrothorn
|-damage|p1a: Ferrothorn|0 fnt
|faint|p1a: Ferrothorn
|
|-weather|Sandstorm|[upkeep]
|upkeep
|
|t:|1708926394
|switch|p1a: Keldeo|Keldeo|12/100
|-damage|p1a: Keldeo|5/100|[from] Stealth Rock
|turn|31
|
|t:|1708926401
|move|p1a: Keldeo|Surf|p2a: Gustavus
|-supereffective|p2a: Gustavus
|-damage|p2a: Gustavus|0 fnt
|faint|p2a: Gustavus
|
|-weather|Sandstorm|[upkeep]
|-damage|p1a: Keldeo|0 fnt|[from] Sandstorm
|faint|p1a: Keldeo
|upkeep
|
|t:|1708926408
|switch|p1a: Thundurus|Thundurus-Therian, M|46/100
|switch|p2a: Raiden|Mienshao, M|100/100
|-damage|p1a: Thundurus|22/100|[from] Stealth Rock
|turn|32
|
|t:|1708926415
|move|p2a: Raiden|Stone Edge|p1a: Thundurus
|-supereffective|p1a: Thundurus
|-crit|p1a: Thundurus
|-damage|p1a: Thundurus|0 fnt
|faint|p1a: Thundurus
|
|-weather|Sandstorm|[upkeep]
|-damage|p2a: Raiden|95/100|[from] Sandstorm
|upkeep
|
|t:|1708926433
|switch|p1a: Dragonite|Dragonite, M|100/100
|-damage|p1a: Dragonite|76/100|[from] Stealth Rock
|turn|33
|
|t:|1708926436
|move|p2a: Raiden|Stone Edge|p1a: Dragonite
|-supereffective|p1a: Dragonite
|-damage|p1a: Dragonite|17/100
|move|p1a: Dragonite|Roost|p1a: Dragonite
|-heal|p1a: Dragonite|67/100
|-singleturn|p1a: Dragonite|move: Roost
|
|-weather|Sandstorm|[upkeep]
|-damage|p2a: Raiden|89/100|[from] Sandstorm
|-damage|p1a: Dragonite|60/100|[from] Sandstorm
|-heal|p1a: Dragonite|67/100|[from] item: Leftovers
|upkeep
|turn|34
|
|t:|1708926442
|move|p2a: Raiden|Stone Edge|p1a: Dragonite
|-supereffective|p1a: Dragonite
|-damage|p1a: Dragonite|6/100
|move|p1a: Dragonite|Roost|p1a: Dragonite
|-heal|p1a: Dragonite|56/100
|-singleturn|p1a: Dragonite|move: Roost
|
|-weather|Sandstorm|[upkeep]
|-damage|p2a: Raiden|83/100|[from] Sandstorm
|-damage|p1a: Dragonite|50/100|[from] Sandstorm
|-heal|p1a: Dragonite|56/100|[from] item: Leftovers
|upkeep
|turn|35
|
|t:|1708926449
|move|p2a: Raiden|Stone Edge|p1a: Dragonite
|-supereffective|p1a: Dragonite
|-damage|p1a: Dragonite|0 fnt
|faint|p1a: Dragonite
|
|win|Hans Bloodsmith
|raw|a piece of dirt's rating: 1328 &rarr; <strong>1305</strong><br />(-23 for losing)
|raw|Hans Bloodsmith's rating: 1267 &rarr; <strong>1296</strong><br />(+29 for winning)
|c|☆Hans Bloodsmith|Gg
|c|☆a piece of dirt|gg
|l|☆a piece of dirt
|player|p1|
