|j|☆123perejil123
|j|☆HydreigonSpammer
|t:|1734613017
|gametype|singles
|player|p1|123perejil123|artist-gen4|1365
|player|p2|HydreigonSpammer|veteranf|1313
|teamsize|p1|6
|teamsize|p2|6
|gen|5
|tier|[Gen 5] OU
|rated|
|rule|Species Clause: Limit one of each Pokémon
|rule|OHKO Clause: OHKO moves are banned
|rule|Moody Clause: Moody is banned
|rule|Evasion Items Clause: Evasion items are banned
|rule|Evasion Moves Clause: Evasion moves are banned
|rule|Endless Battle Clause: Forcing endless battles is banned
|rule|HP Percentage Mod: HP is shown in percentages
|rule|Evasion Abilities Clause: Evasion abilities are banned
|rule|Sleep Moves Clause: Sleep-inducing moves are banned
|rule|Swagger Clause: Swagger is banned
|rule|Baton Pass Stat Clause: No Baton Passer may have a way to boost its stats
|clearpoke
|poke|p1|Politoed, F|item
|poke|p1|Scizor, M|item
|poke|p1|Ferrothorn, F|item
|poke|p1|Keldeo|item
|poke|p1|Starmie|item
|poke|p1|Thundurus-Therian, M|item
|poke|p2|Politoed, F|item
|poke|p2|Ferrothorn, F|item
|poke|p2|Thundurus-Therian, M|item
|poke|p2|Keldeo|item
|poke|p2|Tornadus, M|item
|poke|p2|Jirachi|item
|teampreview
|inactive|Battle timer is ON: inactive players will automatically lose when time's up. (requested by 123perejil123)
|
|t:|1734613040
|start
|switch|p1a: Tessio|Ferrothorn, F, shiny|100/100
|switch|p2a: Politoed|Politoed, F|100/100
|-weather|RainDance|[from] ability: Drizzle|[of] p2a: Politoed
|turn|1
|
|t:|1734613052
|switch|p2a: Thundurus|Thundurus-Therian, M|100/100
|move|p1a: Tessio|Stealth Rock|p2a: Thundurus
|-sidestart|p2: HydreigonSpammer|move: Stealth Rock
|
|-weather|RainDance|[upkeep]
|upkeep
|turn|2
|
|t:|1734613066
|move|p2a: Thundurus|Thunder|p1a: Tessio
|-resisted|p1a: Tessio
|-damage|p1a: Tessio|77/100
|-status|p1a: Tessio|par
|-enditem|p1a: Tessio|Lum Berry|[eat]
|-curestatus|p1a: Tessio|par|[msg]
|move|p1a: Tessio|Gyro Ball|p2a: Thundurus
|-resisted|p2a: Thundurus
|-crit|p2a: Thundurus
|-damage|p2a: Thundurus|30/100
|
|-weather|RainDance|[upkeep]
|-heal|p2a: Thundurus|37/100|[from] item: Leftovers
|upkeep
|turn|3
|
|t:|1734613074
|move|p2a: Thundurus|Focus Blast|p1a: Tessio
|-supereffective|p1a: Tessio
|-damage|p1a: Tessio|17/100
|move|p1a: Tessio|Spikes|p2a: Thundurus
|-sidestart|p2: HydreigonSpammer|Spikes
|
|-weather|RainDance|[upkeep]
|-heal|p2a: Thundurus|43/100|[from] item: Leftovers
|upkeep
|turn|4
|
|t:|1734613088
|move|p2a: Thundurus|Thunder|p1a: Tessio
|-resisted|p1a: Tessio
|-damage|p1a: Tessio|0 fnt
|faint|p1a: Tessio
|
|-weather|RainDance|[upkeep]
|-heal|p2a: Thundurus|49/100|[from] item: Leftovers
|upkeep
|
|t:|1734613104
|switch|p1a: Rocco|Starmie, shiny|100/100
|-item|p1a: Rocco|Air Balloon
|turn|5
|
|t:|1734613128
|switch|p2a: Politoed|Politoed, F|100/100
|-damage|p2a: Politoed|88/100|[from] Stealth Rock
|-damage|p2a: Politoed|75/100|[from] Spikes
|move|p1a: Rocco|Ice Beam|p2a: Politoed
|-resisted|p2a: Politoed
|-damage|p2a: Politoed|61/100
|-enditem|p2a: Politoed|Eject Button
|
|t:|1734613131
|switch|p2a: Ferrothorn|Ferrothorn, F|100/100
|-damage|p2a: Ferrothorn|94/100|[from] Stealth Rock
|-damage|p2a: Ferrothorn|82/100|[from] Spikes
|
|-weather|RainDance|[upkeep]
|-heal|p2a: Ferrothorn|88/100|[from] item: Leftovers
|upkeep
|turn|6
|
|t:|1734613153
|switch|p1a: Luca Brasi|Thundurus-Therian, M|100/100
|move|p2a: Ferrothorn|Leech Seed|p1a: Luca Brasi
|-start|p1a: Luca Brasi|move: Leech Seed
|
|-weather|RainDance|[upkeep]
|-heal|p2a: Ferrothorn|94/100|[from] item: Leftovers
|-damage|p1a: Luca Brasi|88/100|[from] Leech Seed|[of] p2a: Ferrothorn
|-heal|p2a: Ferrothorn|100/100|[silent]
|upkeep
|turn|7
|
|t:|1734613165
|switch|p2a: Thundurus|Thundurus-Therian, M|49/100
|-damage|p2a: Thundurus|24/100|[from] Stealth Rock
|move|p1a: Luca Brasi|Focus Blast|p2a: Thundurus|[miss]
|-miss|p1a: Luca Brasi|p2a: Thundurus
|
|-weather|RainDance|[upkeep]
|-heal|p2a: Thundurus|30/100|[from] item: Leftovers
|-heal|p1a: Luca Brasi|94/100|[from] item: Leftovers
|-damage|p1a: Luca Brasi|82/100|[from] Leech Seed|[of] p2a: Thundurus
|-heal|p2a: Thundurus|43/100|[silent]
|upkeep
|turn|8
|
|t:|1734613170
|move|p2a: Thundurus|Hidden Power|p1a: Luca Brasi
|-supereffective|p1a: Luca Brasi
|-damage|p1a: Luca Brasi|21/100
|move|p1a: Luca Brasi|Hidden Power|p2a: Thundurus
|-supereffective|p2a: Thundurus
|-damage|p2a: Thundurus|0 fnt
|faint|p2a: Thundurus
|
|-weather|RainDance|[upkeep]
|-heal|p1a: Luca Brasi|27/100|[from] item: Leftovers
|upkeep
|c|☆123perejil123|how fast are you
|c|☆HydreigonSpammer|325
|c|☆123perejil123|hahaha
|c|☆123perejil123|nice
|c|☆123perejil123|checks out faster than hydreigon
|
|t:|1734613200
|switch|p2a: Tornadus|Tornadus, M|100/100
|-damage|p2a: Tornadus|76/100|[from] Stealth Rock
|turn|9
|c|☆123perejil123|im 319, thats why i was surprised you were faster
|
|t:|1734613214
|switch|p1a: Genco|Politoed, F, shiny|100/100
|move|p2a: Tornadus|Hurricane|p1a: Genco
|-damage|p1a: Genco|19/100
|
|-weather|RainDance|[upkeep]
|-heal|p1a: Genco|25/100|[from] item: Leftovers
|upkeep
|turn|10
|
|t:|1734613221
|move|p2a: Tornadus|Hurricane|p1a: Genco
|-damage|p1a: Genco|0 fnt
|faint|p1a: Genco
|
|-weather|RainDance|[upkeep]
|upkeep
|
|t:|1734613234
|switch|p1a: Rocco|Starmie, shiny|100/100
|-item|p1a: Rocco|Air Balloon
|turn|11
|
|t:|1734613239
|switch|p2a: Ferrothorn|Ferrothorn, F|100/100
|-damage|p2a: Ferrothorn|94/100|[from] Stealth Rock
|-damage|p2a: Ferrothorn|82/100|[from] Spikes
|move|p1a: Rocco|Thunder|p2a: Ferrothorn
|-resisted|p2a: Ferrothorn
|-damage|p2a: Ferrothorn|67/100
|
|-weather|RainDance|[upkeep]
|-heal|p2a: Ferrothorn|74/100|[from] item: Leftovers
|upkeep
|turn|12
|
|t:|1734613259
|switch|p1a: Al Neri|Scizor, M, shiny|100/100
|move|p2a: Ferrothorn|Leech Seed|p1a: Al Neri
|-start|p1a: Al Neri|move: Leech Seed
|
|-weather|RainDance|[upkeep]
|-heal|p2a: Ferrothorn|80/100|[from] item: Leftovers
|-damage|p1a: Al Neri|88/100|[from] Leech Seed|[of] p2a: Ferrothorn
|-heal|p2a: Ferrothorn|90/100|[silent]
|upkeep
|turn|13
|
|t:|1734613271
|switch|p2a: Jirachi|Jirachi|100/100
|-damage|p2a: Jirachi|94/100|[from] Stealth Rock
|-damage|p2a: Jirachi|82/100|[from] Spikes
|move|p1a: Al Neri|U-turn|p2a: Jirachi
|-damage|p2a: Jirachi|50/100
|
|t:|1734613283
|switch|p1a: Clemenza|Keldeo|100/100|[from] U-turn
|
|-weather|RainDance|[upkeep]
|-heal|p2a: Jirachi|56/100|[from] item: Leftovers
|upkeep
|turn|14
|
|t:|1734613295
|switch|p2a: Politoed|Politoed, F|61/100
|-damage|p2a: Politoed|48/100|[from] Stealth Rock
|-damage|p2a: Politoed|36/100|[from] Spikes
|move|p1a: Clemenza|Hydro Pump|p2a: Politoed
|-resisted|p2a: Politoed
|-damage|p2a: Politoed|0 fnt
|faint|p2a: Politoed
|
|-weather|RainDance|[upkeep]
|upkeep
|
|t:|1734613309
|switch|p2a: Ferrothorn|Ferrothorn, F|90/100
|-damage|p2a: Ferrothorn|83/100|[from] Stealth Rock
|-damage|p2a: Ferrothorn|71/100|[from] Spikes
|turn|15
|
|t:|1734613319
|switch|p1a: Al Neri|Scizor, M, shiny|88/100
|move|p2a: Ferrothorn|Seed Bomb|p1a: Al Neri
|-resisted|p1a: Al Neri
|-crit|p1a: Al Neri
|-damage|p1a: Al Neri|72/100
|
|-weather|RainDance|[upkeep]
|-heal|p2a: Ferrothorn|77/100|[from] item: Leftovers
|upkeep
|turn|16
|
|t:|1734613322
|move|p2a: Ferrothorn|Protect|p2a: Ferrothorn
|-singleturn|p2a: Ferrothorn|Protect
|move|p1a: Al Neri|U-turn|p2a: Ferrothorn
|-activate|p2a: Ferrothorn|move: Protect
|
|-weather|RainDance|[upkeep]
|-heal|p2a: Ferrothorn|83/100|[from] item: Leftovers
|upkeep
|turn|17
|
|t:|1734613334
|move|p1a: Al Neri|U-turn|p2a: Ferrothorn
|-damage|p2a: Ferrothorn|53/100
|-damage|p1a: Al Neri|60/100|[from] ability: Iron Barbs|[of] p2a: Ferrothorn
|
|t:|1734613346
|switch|p1a: Luca Brasi|Thundurus-Therian, M|27/100|[from] U-turn
|move|p2a: Ferrothorn|Leech Seed|p1a: Luca Brasi
|-start|p1a: Luca Brasi|move: Leech Seed
|
|-weather|RainDance|[upkeep]
|-heal|p1a: Luca Brasi|33/100|[from] item: Leftovers
|-heal|p2a: Ferrothorn|59/100|[from] item: Leftovers
|-damage|p1a: Luca Brasi|21/100|[from] Leech Seed|[of] p2a: Ferrothorn
|-heal|p2a: Ferrothorn|70/100|[silent]
|upkeep
|turn|18
|
|t:|1734613352
|switch|p1a: Al Neri|Scizor, M, shiny|60/100
|move|p2a: Ferrothorn|Protect||[still]
|-fail|p2a: Ferrothorn
|
|-weather|RainDance|[upkeep]
|-heal|p2a: Ferrothorn|76/100|[from] item: Leftovers
|upkeep
|turn|19
|
|t:|1734613356
|move|p2a: Ferrothorn|Protect|p2a: Ferrothorn
|-singleturn|p2a: Ferrothorn|Protect
|move|p1a: Al Neri|U-turn|p2a: Ferrothorn
|-activate|p2a: Ferrothorn|move: Protect
|
|-weather|RainDance|[upkeep]
|-heal|p2a: Ferrothorn|82/100|[from] item: Leftovers
|upkeep
|turn|20
|
|t:|1734613366
|move|p1a: Al Neri|U-turn|p2a: Ferrothorn
|-damage|p2a: Ferrothorn|54/100
|-damage|p1a: Al Neri|47/100|[from] ability: Iron Barbs|[of] p2a: Ferrothorn
|
|t:|1734613379
|switch|p1a: Luca Brasi|Thundurus-Therian, M|21/100|[from] U-turn
|move|p2a: Ferrothorn|Leech Seed|p1a: Luca Brasi
|-start|p1a: Luca Brasi|move: Leech Seed
|
|-weather|RainDance|[upkeep]
|-heal|p1a: Luca Brasi|27/100|[from] item: Leftovers
|-heal|p2a: Ferrothorn|60/100|[from] item: Leftovers
|-damage|p1a: Luca Brasi|14/100|[from] Leech Seed|[of] p2a: Ferrothorn
|-heal|p2a: Ferrothorn|71/100|[silent]
|upkeep
|turn|21
|
|t:|1734613393
|move|p2a: Ferrothorn|Protect|p2a: Ferrothorn
|-singleturn|p2a: Ferrothorn|Protect
|move|p1a: Luca Brasi|Focus Blast|p2a: Ferrothorn
|-activate|p2a: Ferrothorn|move: Protect
|
|-weather|RainDance|[upkeep]
|-heal|p1a: Luca Brasi|21/100|[from] item: Leftovers
|-heal|p2a: Ferrothorn|77/100|[from] item: Leftovers
|-damage|p1a: Luca Brasi|8/100|[from] Leech Seed|[of] p2a: Ferrothorn
|-heal|p2a: Ferrothorn|88/100|[silent]
|upkeep
|turn|22
|
|t:|1734613400
|switch|p2a: Jirachi|Jirachi|56/100
|-damage|p2a: Jirachi|50/100|[from] Stealth Rock
|-damage|p2a: Jirachi|37/100|[from] Spikes
|move|p1a: Luca Brasi|Thunder|p2a: Jirachi
|-damage|p2a: Jirachi|0 fnt
|faint|p2a: Jirachi
|
|-weather|RainDance|[upkeep]
|-heal|p1a: Luca Brasi|14/100|[from] item: Leftovers
|upkeep
|
|t:|1734613414
|switch|p2a: Tornadus|Tornadus, M|76/100
|-damage|p2a: Tornadus|51/100|[from] Stealth Rock
|turn|23
|
|t:|1734613427
|move|p2a: Tornadus|Hurricane|p1a: Luca Brasi
|-resisted|p1a: Luca Brasi
|-crit|p1a: Luca Brasi
|-damage|p1a: Luca Brasi|0 fnt
|faint|p1a: Luca Brasi
|
|-weather|RainDance|[upkeep]
|upkeep
|
|t:|1734613429
|switch|p1a: Rocco|Starmie, shiny|100/100
|-item|p1a: Rocco|Air Balloon
|turn|24
|
|t:|1734613442
|move|p1a: Rocco|Thunder|p2a: Tornadus
|-supereffective|p2a: Tornadus
|-damage|p2a: Tornadus|0 fnt
|faint|p2a: Tornadus
|
|-weather|RainDance|[upkeep]
|upkeep
|
|t:|1734613446
|switch|p2a: Ferrothorn|Ferrothorn, F|88/100
|-damage|p2a: Ferrothorn|82/100|[from] Stealth Rock
|-damage|p2a: Ferrothorn|70/100|[from] Spikes
|turn|25
|
|t:|1734613455
|move|p2a: Ferrothorn|Protect|p2a: Ferrothorn
|-singleturn|p2a: Ferrothorn|Protect
|move|p1a: Rocco|Surf|p2a: Ferrothorn
|-activate|p2a: Ferrothorn|move: Protect
|
|-weather|RainDance|[upkeep]
|-heal|p2a: Ferrothorn|76/100|[from] item: Leftovers
|upkeep
|turn|26
|
|t:|1734613461
|move|p1a: Rocco|Surf|p2a: Ferrothorn
|-resisted|p2a: Ferrothorn
|-damage|p2a: Ferrothorn|55/100
|move|p2a: Ferrothorn|Seed Bomb|p1a: Rocco
|-supereffective|p1a: Rocco
|-damage|p1a: Rocco|19/100
|-enditem|p1a: Rocco|Air Balloon
|
|-weather|RainDance|[upkeep]
|-heal|p2a: Ferrothorn|61/100|[from] item: Leftovers
|upkeep
|turn|27
|
|t:|1734613473
|move|p1a: Rocco|Thunder|p2a: Ferrothorn
|-resisted|p2a: Ferrothorn
|-damage|p2a: Ferrothorn|50/100
|move|p2a: Ferrothorn|Seed Bomb|p1a: Rocco
|-supereffective|p1a: Rocco
|-damage|p1a: Rocco|0 fnt
|faint|p1a: Rocco
|
|-weather|RainDance|[upkeep]
|-heal|p2a: Ferrothorn|56/100|[from] item: Leftovers
|upkeep
|
|t:|1734613496
|switch|p1a: Al Neri|Scizor, M, shiny|47/100
|turn|28
|
|t:|1734613503
|move|p2a: Ferrothorn|Protect|p2a: Ferrothorn
|-singleturn|p2a: Ferrothorn|Protect
|move|p1a: Al Neri|Superpower|p2a: Ferrothorn
|-activate|p2a: Ferrothorn|move: Protect
|
|-weather|RainDance|[upkeep]
|-heal|p2a: Ferrothorn|62/100|[from] item: Leftovers
|upkeep
|turn|29
|
|t:|1734613517
|move|p1a: Al Neri|Superpower|p2a: Ferrothorn
|-supereffective|p2a: Ferrothorn
|-damage|p2a: Ferrothorn|0 fnt
|-unboost|p1a: Al Neri|atk|1
|-unboost|p1a: Al Neri|def|1
|-damage|p1a: Al Neri|35/100|[from] ability: Iron Barbs|[of] p2a: Ferrothorn
|faint|p2a: Ferrothorn
|
|-weather|RainDance|[upkeep]
|upkeep
|
|t:|1734613519
|switch|p2a: Keldeo|Keldeo|100/100
|-damage|p2a: Keldeo|94/100|[from] Stealth Rock
|-damage|p2a: Keldeo|82/100|[from] Spikes
|turn|30
|
|t:|1734613532
|move|p2a: Keldeo|Hydro Pump|p1a: Al Neri
|-damage|p1a: Al Neri|0 fnt
|faint|p1a: Al Neri
|
|-weather|RainDance|[upkeep]
|upkeep
|
|t:|1734613538
|switch|p1a: Clemenza|Keldeo|100/100
|turn|31
|c|☆123perejil123|Its a tie, gg
|
|t:|1734613553
|move|p2a: Keldeo|Hydro Pump|p1a: Clemenza
|-resisted|p1a: Clemenza
|-damage|p1a: Clemenza|49/100
|move|p1a: Clemenza|Secret Sword|p2a: Keldeo
|-damage|p2a: Keldeo|31/100
|
|-weather|RainDance|[upkeep]
|upkeep
|turn|32
|c|☆HydreigonSpammer|scarf u too?
|c|☆123perejil123|yes
|
|t:|1734613562
|move|p2a: Keldeo|Hydro Pump|p1a: Clemenza
|-resisted|p1a: Clemenza
|-damage|p1a: Clemenza|0 fnt
|faint|p1a: Clemenza
|
|win|HydreigonSpammer
|raw|123perejil123's rating: 1365 &rarr; <strong>1342</strong><br />(-23 for losing)
|raw|HydreigonSpammer's rating: 1313 &rarr; <strong>1336</strong><br />(+23 for winning)
|c|☆123perejil123|fun game!
|l|☆123perejil123
|player|p1|
|c|☆HydreigonSpammer|gg
