|j|☆drrizle
|j|☆yoloboy9000
|player|p1|drrizle|137
|player|p2|yoloboy9000|2
|teamsize|p1|6
|teamsize|p2|6
|gametype|singles
|gen|5
|tier|[Gen 5] OU
|rated|
|rule|Sleep Clause Mod: Limit one foe put to sleep
|rule|Species Clause: Limit one of each Pokémon
|rule|OHKO Clause: OHKO moves are banned
|rule|Moody Clause: Moody is banned
|rule|Evasion Moves Clause: Evasion moves are banned
|rule|Endless Battle Clause: Forcing endless battles is banned
|rule|HP Percentage Mod: HP is shown in percentages
|rule|Evasion Abilities Clause: Evasion abilities are banned
|rule|Baton Pass Clause: Limit one Baton Passer, can't pass Spe and other stats simultaneously
|rule|Swagger Clause: Swagger is banned
|clearpoke
|poke|p1|Politoed, M|item
|poke|p1|Latios, M|item
|poke|p1|Ferrothorn, M|item
|poke|p1|Landorus-Therian, M|item
|poke|p1|Jirachi|item
|poke|p1|Tentacruel, F|item
|poke|p2|Tyranitar, M|item
|poke|p2|Magnezone|item
|poke|p2|Terrakion|item
|poke|p2|Latios, M|item
|poke|p2|Scizor, F|item
|poke|p2|Landorus-Therian, M|item
|teampreview
|
|start
|switch|p1a: Landorus|Landorus-Therian, M|100/100
|switch|p2a: Pat Riely|Tyranitar, M|100/100
|-ability|p1a: Landorus|Intimidate|boost
|-unboost|p2a: Pat Riely|atk|1
|-weather|Sandstorm|[from] ability: Sand Stream|[of] p2a: Pat Riely
|turn|1
|inactive|Battle timer is ON: inactive players will automatically lose when time's up. (requested by drrizle)
|
|switch|p2a: Bron Bron|Landorus-Therian, M|100/100
|-ability|p2a: Bron Bron|Intimidate|boost
|-unboost|p1a: Landorus|atk|1
|move|p1a: Landorus|U-turn|p2a: Bron Bron
|-resisted|p2a: Bron Bron
|-damage|p2a: Bron Bron|93/100
|
|switch|p1a: Politoed|Politoed, M|100/100|[from]move: U-turn
|-weather|RainDance|[from] ability: Drizzle|[of] p1a: Politoed
|
|-weather|RainDance|[upkeep]
|upkeep
|turn|2
|
|switch|p2a: Pat Riely|Tyranitar, M|100/100
|-weather|Sandstorm|[from] ability: Sand Stream|[of] p2a: Pat Riely
|move|p1a: Politoed|Hydro Pump|p2a: Pat Riely
|-supereffective|p2a: Pat Riely
|-damage|p2a: Pat Riely|60/100
|
|-weather|Sandstorm|[upkeep]
|-damage|p1a: Politoed|94/100|[from] Sandstorm
|-heal|p2a: Pat Riely|67/100|[from] item: Leftovers
|upkeep
|turn|3
|
|switch|p1a: Landorus|Landorus-Therian, M|100/100
|-ability|p1a: Landorus|Intimidate|boost
|-unboost|p2a: Pat Riely|atk|1
|move|p2a: Pat Riely|Stealth Rock|p1a: Landorus
|-sidestart|p1: drrizle|move: Stealth Rock
|
|-weather|Sandstorm|[upkeep]
|-heal|p2a: Pat Riely|73/100|[from] item: Leftovers
|upkeep
|turn|4
|
|move|p1a: Landorus|U-turn|p2a: Pat Riely
|-supereffective|p2a: Pat Riely
|-damage|p2a: Pat Riely|34/100
|
|switch|p1a: Politoed|Politoed, M|94/100|[from]move: U-turn
|-damage|p1a: Politoed|82/100|[from] Stealth Rock
|-weather|RainDance|[from] ability: Drizzle|[of] p1a: Politoed
|move|p2a: Pat Riely|Ice Beam|p1a: Politoed
|-resisted|p1a: Politoed
|-damage|p1a: Politoed|70/100
|
|-weather|RainDance|[upkeep]
|-heal|p2a: Pat Riely|41/100|[from] item: Leftovers
|upkeep
|turn|5
|
|switch|p2a: Bosh|Latios, M, shiny|100/100
|move|p1a: Politoed|Hydro Pump|p2a: Bosh|[miss]
|-miss|p1a: Politoed|p2a: Bosh
|
|-weather|RainDance|[upkeep]
|upkeep
|turn|6
|
|switch|p1a: Ferrothorn|Ferrothorn, M|100/100
|-damage|p1a: Ferrothorn|94/100|[from] Stealth Rock
|switch|p2a: Ray Allen|Magnezone|100/100
|
|-weather|RainDance|[upkeep]
|-heal|p1a: Ferrothorn|100/100|[from] item: Leftovers
|upkeep
|turn|7
|
|move|p2a: Ray Allen|Substitute|p2a: Ray Allen
|-start|p2a: Ray Allen|Substitute
|-damage|p2a: Ray Allen|76/100
|move|p1a: Ferrothorn|Stealth Rock|p2a: Ray Allen
|-sidestart|p2: yoloboy9000|move: Stealth Rock
|
|-weather|RainDance|[upkeep]
|-heal|p2a: Ray Allen|82/100|[from] item: Leftovers
|upkeep
|turn|8
|
|move|p2a: Ray Allen|Charge Beam|p1a: Ferrothorn
|-resisted|p1a: Ferrothorn
|-crit|p1a: Ferrothorn
|-damage|p1a: Ferrothorn|81/100
|move|p1a: Ferrothorn|Power Whip|p2a: Ray Allen
|-resisted|p2a: Ray Allen
|-activate|p2a: Ray Allen|Substitute|[damage]
|
|-weather|RainDance|[upkeep]
|-heal|p2a: Ray Allen|88/100|[from] item: Leftovers
|-heal|p1a: Ferrothorn|87/100|[from] item: Leftovers
|upkeep
|turn|9
|
|move|p2a: Ray Allen|Charge Beam|p1a: Ferrothorn
|-resisted|p1a: Ferrothorn
|-damage|p1a: Ferrothorn|79/100
|move|p1a: Ferrothorn|Power Whip|p2a: Ray Allen
|-resisted|p2a: Ray Allen
|-crit|p2a: Ray Allen
|-end|p2a: Ray Allen|Substitute
|
|-weather|RainDance|[upkeep]
|-heal|p2a: Ray Allen|94/100|[from] item: Leftovers
|-heal|p1a: Ferrothorn|85/100|[from] item: Leftovers
|upkeep
|turn|10
|
|move|p2a: Ray Allen|Substitute|p2a: Ray Allen
|-start|p2a: Ray Allen|Substitute
|-damage|p2a: Ray Allen|69/100
|move|p1a: Ferrothorn|Power Whip|p2a: Ray Allen
|-resisted|p2a: Ray Allen
|-activate|p2a: Ray Allen|Substitute|[damage]
|
|-weather|RainDance|[upkeep]
|-heal|p2a: Ray Allen|75/100|[from] item: Leftovers
|-heal|p1a: Ferrothorn|91/100|[from] item: Leftovers
|upkeep
|turn|11
|
|move|p2a: Ray Allen|Charge Beam|p1a: Ferrothorn
|-resisted|p1a: Ferrothorn
|-damage|p1a: Ferrothorn|82/100
|move|p1a: Ferrothorn|Power Whip|p2a: Ray Allen
|-resisted|p2a: Ray Allen
|-end|p2a: Ray Allen|Substitute
|
|-weather|RainDance|[upkeep]
|-heal|p2a: Ray Allen|81/100|[from] item: Leftovers
|-heal|p1a: Ferrothorn|88/100|[from] item: Leftovers
|upkeep
|turn|12
|
|move|p2a: Ray Allen|Substitute|p2a: Ray Allen
|-start|p2a: Ray Allen|Substitute
|-damage|p2a: Ray Allen|56/100
|move|p1a: Ferrothorn|Power Whip|p2a: Ray Allen|[miss]
|-miss|p1a: Ferrothorn|p2a: Ray Allen
|
|-weather|RainDance|[upkeep]
|-heal|p2a: Ray Allen|62/100|[from] item: Leftovers
|-heal|p1a: Ferrothorn|94/100|[from] item: Leftovers
|upkeep
|turn|13
|
|move|p2a: Ray Allen|Charge Beam|p1a: Ferrothorn
|-resisted|p1a: Ferrothorn
|-damage|p1a: Ferrothorn|84/100
|-boost|p2a: Ray Allen|spa|1
|move|p1a: Ferrothorn|Power Whip|p2a: Ray Allen
|-resisted|p2a: Ray Allen
|-activate|p2a: Ray Allen|Substitute|[damage]
|
|-weather|RainDance|[upkeep]
|-heal|p2a: Ray Allen|68/100|[from] item: Leftovers
|-heal|p1a: Ferrothorn|90/100|[from] item: Leftovers
|upkeep
|turn|14
|
|move|p2a: Ray Allen|Charge Beam|p1a: Ferrothorn
|-resisted|p1a: Ferrothorn
|-damage|p1a: Ferrothorn|75/100
|-boost|p2a: Ray Allen|spa|1
|move|p1a: Ferrothorn|Power Whip|p2a: Ray Allen
|-resisted|p2a: Ray Allen
|-end|p2a: Ray Allen|Substitute
|
|-weather|RainDance|[upkeep]
|-heal|p2a: Ray Allen|74/100|[from] item: Leftovers
|-heal|p1a: Ferrothorn|81/100|[from] item: Leftovers
|upkeep
|turn|15
|
|move|p2a: Ray Allen|Substitute|p2a: Ray Allen
|-start|p2a: Ray Allen|Substitute
|-damage|p2a: Ray Allen|50/100
|move|p1a: Ferrothorn|Power Whip|p2a: Ray Allen
|-resisted|p2a: Ray Allen
|-activate|p2a: Ray Allen|Substitute|[damage]
|
|-weather|RainDance|[upkeep]
|-heal|p2a: Ray Allen|56/100|[from] item: Leftovers
|-heal|p1a: Ferrothorn|87/100|[from] item: Leftovers
|upkeep
|turn|16
|
|move|p2a: Ray Allen|Charge Beam|p1a: Ferrothorn
|-resisted|p1a: Ferrothorn
|-damage|p1a: Ferrothorn|68/100
|-boost|p2a: Ray Allen|spa|1
|move|p1a: Ferrothorn|Power Whip|p2a: Ray Allen
|-resisted|p2a: Ray Allen
|-end|p2a: Ray Allen|Substitute
|
|-weather|RainDance|[upkeep]
|-heal|p2a: Ray Allen|62/100|[from] item: Leftovers
|-heal|p1a: Ferrothorn|74/100|[from] item: Leftovers
|upkeep
|turn|17
|
|move|p2a: Ray Allen|Substitute|p2a: Ray Allen
|-start|p2a: Ray Allen|Substitute
|-damage|p2a: Ray Allen|37/100
|move|p1a: Ferrothorn|Power Whip|p2a: Ray Allen
|-resisted|p2a: Ray Allen
|-activate|p2a: Ray Allen|Substitute|[damage]
|
|-weather|RainDance|[upkeep]
|-heal|p2a: Ray Allen|43/100|[from] item: Leftovers
|-heal|p1a: Ferrothorn|80/100|[from] item: Leftovers
|upkeep
|turn|18
|
|move|p2a: Ray Allen|Charge Beam|p1a: Ferrothorn
|-resisted|p1a: Ferrothorn
|-damage|p1a: Ferrothorn|55/100
|move|p1a: Ferrothorn|Power Whip|p2a: Ray Allen
|-resisted|p2a: Ray Allen
|-end|p2a: Ray Allen|Substitute
|
|-weather|RainDance|[upkeep]
|-heal|p2a: Ray Allen|49/100|[from] item: Leftovers
|-heal|p1a: Ferrothorn|61/100|[from] item: Leftovers
|upkeep
|turn|19
|
|move|p2a: Ray Allen|Substitute|p2a: Ray Allen
|-start|p2a: Ray Allen|Substitute
|-damage|p2a: Ray Allen|24/100
|move|p1a: Ferrothorn|Spikes|p2a: Ray Allen
|-sidestart|p2: yoloboy9000|Spikes
|
|-weather|RainDance|[upkeep]
|-heal|p2a: Ray Allen|30/100|[from] item: Leftovers
|-heal|p1a: Ferrothorn|67/100|[from] item: Leftovers
|upkeep
|turn|20
|
|move|p2a: Ray Allen|Charge Beam|p1a: Ferrothorn
|-resisted|p1a: Ferrothorn
|-damage|p1a: Ferrothorn|45/100
|-boost|p2a: Ray Allen|spa|1
|move|p1a: Ferrothorn|Spikes|p2a: Ray Allen
|-sidestart|p2: yoloboy9000|Spikes
|
|-weather|RainDance|[upkeep]
|-heal|p2a: Ray Allen|36/100|[from] item: Leftovers
|-heal|p1a: Ferrothorn|51/100|[from] item: Leftovers
|upkeep
|turn|21
|
|move|p2a: Ray Allen|Charge Beam|p1a: Ferrothorn
|-resisted|p1a: Ferrothorn
|-damage|p1a: Ferrothorn|22/100
|move|p1a: Ferrothorn|Power Whip|p2a: Ray Allen
|-resisted|p2a: Ray Allen
|-activate|p2a: Ray Allen|Substitute|[damage]
|
|-weather|RainDance|[upkeep]
|-heal|p2a: Ray Allen|42/100|[from] item: Leftovers
|-heal|p1a: Ferrothorn|28/100|[from] item: Leftovers
|upkeep
|turn|22
|
|move|p2a: Ray Allen|Charge Beam|p1a: Ferrothorn
|-resisted|p1a: Ferrothorn
|-damage|p1a: Ferrothorn|1/100
|-boost|p2a: Ray Allen|spa|1
|move|p1a: Ferrothorn|Power Whip|p2a: Ray Allen
|-resisted|p2a: Ray Allen
|-end|p2a: Ray Allen|Substitute
|
|-weather|RainDance|[upkeep]
|-heal|p2a: Ray Allen|48/100|[from] item: Leftovers
|-heal|p1a: Ferrothorn|7/100|[from] item: Leftovers
|upkeep
|turn|23
|
|move|p2a: Ray Allen|Substitute|p2a: Ray Allen
|-start|p2a: Ray Allen|Substitute
|-damage|p2a: Ray Allen|23/100
|move|p1a: Ferrothorn|Power Whip|p2a: Ray Allen
|-resisted|p2a: Ray Allen
|-activate|p2a: Ray Allen|Substitute|[damage]
|
|-weather|RainDance|[upkeep]
|-heal|p2a: Ray Allen|29/100|[from] item: Leftovers
|-heal|p1a: Ferrothorn|13/100|[from] item: Leftovers
|upkeep
|turn|24
|
|move|p2a: Ray Allen|Charge Beam|p1a: Ferrothorn
|-resisted|p1a: Ferrothorn
|-damage|p1a: Ferrothorn|0 fnt
|faint|p1a: Ferrothorn
|
|-weather|RainDance|[upkeep]
|-heal|p2a: Ray Allen|35/100|[from] item: Leftovers
|upkeep
|
|switch|p1a: Landorus|Landorus-Therian, M|100/100
|-damage|p1a: Landorus|88/100|[from] Stealth Rock
|-ability|p1a: Landorus|Intimidate|boost
|-immune|p2a: Ray Allen
|turn|25
|
|move|p1a: Landorus|Earthquake|p2a: Ray Allen
|-supereffective|p2a: Ray Allen
|-crit|p2a: Ray Allen
|-end|p2a: Ray Allen|Substitute
|move|p2a: Ray Allen|Flash Cannon|p1a: Landorus
|-damage|p1a: Landorus|0 fnt
|faint|p1a: Landorus
|
|-weather|RainDance|[upkeep]
|-heal|p2a: Ray Allen|41/100|[from] item: Leftovers
|upkeep
|
|switch|p1a: Latios|Latios, M|100/100
|-damage|p1a: Latios|88/100|[from] Stealth Rock
|turn|26
|
|move|p1a: Latios|Surf|p2a: Ray Allen
|-damage|p2a: Ray Allen|0 fnt
|faint|p2a: Ray Allen
|
|-weather|RainDance|[upkeep]
|upkeep
|
|switch|p2a: Bosh|Latios, M, shiny|100/100
|-damage|p2a: Bosh|88/100|[from] Stealth Rock
|turn|27
|
|switch|p1a: Jirachi|Jirachi|100/100
|-damage|p1a: Jirachi|94/100|[from] Stealth Rock
|move|p2a: Bosh|Surf|p1a: Jirachi
|-damage|p1a: Jirachi|55/100
|
|-weather|RainDance|[upkeep]
|-heal|p1a: Jirachi|61/100|[from] item: Leftovers
|upkeep
|turn|28
|
|switch|p2a: Bron Bron|Landorus-Therian, M|93/100
|-damage|p2a: Bron Bron|80/100|[from] Stealth Rock
|-ability|p2a: Bron Bron|Intimidate|boost
|-unboost|p1a: Jirachi|atk|1
|switch|p1a: Tentacruel|Tentacruel, F|100/100
|-damage|p1a: Tentacruel|88/100|[from] Stealth Rock
|
|-weather|RainDance|[upkeep]
|-heal|p1a: Tentacruel|94/100|[from] ability: Rain Dish
|-heal|p1a: Tentacruel|99/100|[from] item: Black Sludge
|upkeep
|turn|29
|
|switch|p2a: Bosh|Latios, M, shiny|88/100
|-damage|p2a: Bosh|76/100|[from] Stealth Rock
|move|p1a: Tentacruel|Protect||[still]
|-fail|p1a: Tentacruel
|
|-weather|RainDance|[upkeep]
|-heal|p1a: Tentacruel|100/100|[from] ability: Rain Dish
|upkeep
|turn|30
|
|move|p1a: Tentacruel|Protect|p1a: Tentacruel
|-singleturn|p1a: Tentacruel|Protect
|move|p2a: Bosh|Psyshock|p1a: Tentacruel
|-activate|p1a: Tentacruel|move: Protect
|
|-weather|RainDance|[upkeep]
|upkeep
|turn|31
|
|move|p2a: Bosh|Surf|p1a: Tentacruel
|-resisted|p1a: Tentacruel
|-damage|p1a: Tentacruel|80/100
|move|p1a: Tentacruel|Rapid Spin|p2a: Bosh
|-damage|p2a: Bosh|72/100
|-sideend|p1: drrizle|Stealth Rock|[from] move: Rapid Spin|[of] p1a: Tentacruel
|
|-weather|RainDance|[upkeep]
|-heal|p1a: Tentacruel|86/100|[from] ability: Rain Dish
|-heal|p1a: Tentacruel|92/100|[from] item: Black Sludge
|upkeep
|turn|32
|
|move|p1a: Tentacruel|Protect|p1a: Tentacruel
|-singleturn|p1a: Tentacruel|Protect
|move|p2a: Bosh|Psyshock|p1a: Tentacruel
|-activate|p1a: Tentacruel|move: Protect
|
|-weather|RainDance|[upkeep]
|-heal|p1a: Tentacruel|98/100|[from] ability: Rain Dish
|-heal|p1a: Tentacruel|100/100|[from] item: Black Sludge
|upkeep
|turn|33
|
|switch|p1a: Latios|Latios, M|88/100
|move|p2a: Bosh|Psyshock|p1a: Latios
|-resisted|p1a: Latios
|-damage|p1a: Latios|62/100
|
|-weather|RainDance|[upkeep]
|upkeep
|turn|34
|
|move|p2a: Bosh|Draco Meteor|p1a: Latios
|-supereffective|p1a: Latios
|-damage|p1a: Latios|0 fnt
|-unboost|p2a: Bosh|spa|2
|faint|p1a: Latios
|
|-weather|RainDance|[upkeep]
|upkeep
|
|switch|p1a: Jirachi|Jirachi|61/100
|turn|35
|
|switch|p2a: Bron Bron|Landorus-Therian, M|80/100
|-damage|p2a: Bron Bron|68/100|[from] Stealth Rock
|-ability|p2a: Bron Bron|Intimidate|boost
|-unboost|p1a: Jirachi|atk|1
|move|p1a: Jirachi|Water Pulse|p2a: Bron Bron
|-supereffective|p2a: Bron Bron
|-damage|p2a: Bron Bron|20/100
|-start|p2a: Bron Bron|confusion
|
|-weather|RainDance|[upkeep]
|-heal|p1a: Jirachi|67/100|[from] item: Leftovers
|upkeep
|turn|36
|
|move|p1a: Jirachi|Water Pulse|p2a: Bron Bron
|-supereffective|p2a: Bron Bron
|-damage|p2a: Bron Bron|0 fnt
|faint|p2a: Bron Bron
|
|-weather|RainDance|[upkeep]
|-heal|p1a: Jirachi|73/100|[from] item: Leftovers
|upkeep
|
|switch|p2a: Miller|Scizor, F, shiny|100/100
|-damage|p2a: Miller|84/100|[from] Spikes
|-damage|p2a: Miller|72/100|[from] Stealth Rock
|turn|37
|
|switch|p1a: Tentacruel|Tentacruel, F|100/100
|move|p2a: Miller|U-turn|p1a: Tentacruel
|-resisted|p1a: Tentacruel
|-damage|p1a: Tentacruel|65/100
|
|switch|p2a: Bosh|Latios, M, shiny|72/100|[from]move: U-turn
|-damage|p2a: Bosh|60/100|[from] Stealth Rock
|
|-weather|RainDance|[upkeep]
|-heal|p1a: Tentacruel|71/100|[from] ability: Rain Dish
|-heal|p1a: Tentacruel|77/100|[from] item: Black Sludge
|upkeep
|turn|38
|
|switch|p1a: Jirachi|Jirachi|73/100
|move|p2a: Bosh|Psyshock|p1a: Jirachi
|-resisted|p1a: Jirachi
|-damage|p1a: Jirachi|65/100
|
|-weather|RainDance|[upkeep]
|-heal|p1a: Jirachi|71/100|[from] item: Leftovers
|upkeep
|turn|39
|
|move|p2a: Bosh|Surf|p1a: Jirachi
|-damage|p1a: Jirachi|29/100
|move|p1a: Jirachi|Thunder|p2a: Bosh
|-resisted|p2a: Bosh
|-damage|p2a: Bosh|44/100
|-status|p2a: Bosh|par
|
|-weather|RainDance|[upkeep]
|-heal|p1a: Jirachi|35/100|[from] item: Leftovers
|upkeep
|turn|40
|
|switch|p2a: Pat Riely|Tyranitar, M|41/100
|-damage|p2a: Pat Riely|24/100|[from] Spikes
|-damage|p2a: Pat Riely|12/100|[from] Stealth Rock
|-weather|Sandstorm|[from] ability: Sand Stream|[of] p2a: Pat Riely
|move|p1a: Jirachi|Calm Mind|p1a: Jirachi
|-boost|p1a: Jirachi|spa|1
|-boost|p1a: Jirachi|spd|1
|
|-weather|Sandstorm|[upkeep]
|-heal|p1a: Jirachi|42/100|[from] item: Leftovers
|-heal|p2a: Pat Riely|18/100|[from] item: Leftovers
|upkeep
|turn|41
|
|move|p1a: Jirachi|Water Pulse|p2a: Pat Riely
|-supereffective|p2a: Pat Riely
|-damage|p2a: Pat Riely|0 fnt
|faint|p2a: Pat Riely
|
|-weather|Sandstorm|[upkeep]
|-heal|p1a: Jirachi|48/100|[from] item: Leftovers
|upkeep
|
|switch|p2a: D.Wade|Terrakion|100/100
|-damage|p2a: D.Wade|94/100|[from] Stealth Rock
|-damage|p2a: D.Wade|78/100|[from] Spikes
|turn|42
|
|move|p2a: D.Wade|Close Combat|p1a: Jirachi
|-damage|p1a: Jirachi|0 fnt
|-unboost|p2a: D.Wade|def|1
|-unboost|p2a: D.Wade|spd|1
|faint|p1a: Jirachi
|
|-weather|Sandstorm|[upkeep]
|upkeep
|
|switch|p1a: Tentacruel|Tentacruel, F|77/100
|turn|43
|
|switch|p2a: Miller|Scizor, F, shiny|72/100
|-damage|p2a: Miller|59/100|[from] Stealth Rock
|-damage|p2a: Miller|43/100|[from] Spikes
|move|p1a: Tentacruel|Scald|p2a: Miller
|-damage|p2a: Miller|17/100
|
|-weather|Sandstorm|[upkeep]
|-damage|p1a: Tentacruel|71/100|[from] Sandstorm
|-heal|p1a: Tentacruel|77/100|[from] item: Black Sludge
|upkeep
|turn|44
|
|move|p1a: Tentacruel|Protect|p1a: Tentacruel
|-singleturn|p1a: Tentacruel|Protect
|move|p2a: Miller|Bullet Punch|p1a: Tentacruel
|-activate|p1a: Tentacruel|move: Protect
|
|-weather|Sandstorm|[upkeep]
|-damage|p1a: Tentacruel|71/100|[from] Sandstorm
|-heal|p1a: Tentacruel|77/100|[from] item: Black Sludge
|upkeep
|turn|45
|
|switch|p1a: Politoed|Politoed, M|70/100
|-weather|RainDance|[from] ability: Drizzle|[of] p1a: Politoed
|move|p2a: Miller|Bullet Punch|p1a: Politoed
|-resisted|p1a: Politoed
|-damage|p1a: Politoed|33/100
|
|-weather|RainDance|[upkeep]
|upkeep
|turn|46
|
|switch|p1a: Tentacruel|Tentacruel, F|77/100
|move|p2a: Miller|Bullet Punch|p1a: Tentacruel
|-resisted|p1a: Tentacruel
|-damage|p1a: Tentacruel|50/100
|
|-weather|RainDance|[upkeep]
|-heal|p1a: Tentacruel|56/100|[from] ability: Rain Dish
|-heal|p1a: Tentacruel|62/100|[from] item: Black Sludge
|upkeep
|turn|47
|
|move|p1a: Tentacruel|Protect|p1a: Tentacruel
|-singleturn|p1a: Tentacruel|Protect
|move|p2a: Miller|Bullet Punch|p1a: Tentacruel
|-activate|p1a: Tentacruel|move: Protect
|
|-weather|RainDance|[upkeep]
|-heal|p1a: Tentacruel|68/100|[from] ability: Rain Dish
|-heal|p1a: Tentacruel|74/100|[from] item: Black Sludge
|upkeep
|turn|48
|
|move|p2a: Miller|Bullet Punch|p1a: Tentacruel
|-resisted|p1a: Tentacruel
|-damage|p1a: Tentacruel|43/100
|move|p1a: Tentacruel|Toxic Spikes|p2a: Miller
|-sidestart|p2: yoloboy9000|move: Toxic Spikes
|
|-weather|RainDance|[upkeep]
|-heal|p1a: Tentacruel|49/100|[from] ability: Rain Dish
|-heal|p1a: Tentacruel|55/100|[from] item: Black Sludge
|upkeep
|turn|49
|
|move|p1a: Tentacruel|Protect|p1a: Tentacruel
|-singleturn|p1a: Tentacruel|Protect
|move|p2a: Miller|Bullet Punch|p1a: Tentacruel
|-activate|p1a: Tentacruel|move: Protect
|
|-weather|RainDance|[upkeep]
|-heal|p1a: Tentacruel|61/100|[from] ability: Rain Dish
|-heal|p1a: Tentacruel|67/100|[from] item: Black Sludge
|upkeep
|turn|50
|
|move|p2a: Miller|Bullet Punch|p1a: Tentacruel
|-resisted|p1a: Tentacruel
|-damage|p1a: Tentacruel|37/100
|move|p1a: Tentacruel|Scald|p2a: Miller
|-damage|p2a: Miller|0 fnt
|faint|p2a: Miller
|
|-weather|RainDance|[upkeep]
|-heal|p1a: Tentacruel|43/100|[from] ability: Rain Dish
|-heal|p1a: Tentacruel|49/100|[from] item: Black Sludge
|upkeep
|
|switch|p2a: Bosh|Latios, M, shiny|44/100 par
|-damage|p2a: Bosh|32/100 par|[from] Stealth Rock
|turn|51
|
|move|p1a: Tentacruel|Protect|p1a: Tentacruel
|-singleturn|p1a: Tentacruel|Protect
|move|p2a: Bosh|Psyshock|p1a: Tentacruel
|-activate|p1a: Tentacruel|move: Protect
|
|-weather|RainDance|[upkeep]
|-heal|p1a: Tentacruel|55/100|[from] ability: Rain Dish
|-heal|p1a: Tentacruel|61/100|[from] item: Black Sludge
|upkeep
|turn|52
|
|switch|p1a: Politoed|Politoed, M|33/100
|move|p2a: Bosh|Psyshock|p1a: Politoed
|-damage|p1a: Politoed|0 fnt
|faint|p1a: Politoed
|
|-weather|RainDance|[upkeep]
|upkeep
|
|switch|p1a: Tentacruel|Tentacruel, F|61/100
|turn|53
|
|move|p1a: Tentacruel|Protect|p1a: Tentacruel
|-singleturn|p1a: Tentacruel|Protect
|move|p2a: Bosh|Psyshock|p1a: Tentacruel
|-activate|p1a: Tentacruel|move: Protect
|
|-weather|RainDance|[upkeep]
|-heal|p1a: Tentacruel|67/100|[from] ability: Rain Dish
|-heal|p1a: Tentacruel|73/100|[from] item: Black Sludge
|upkeep
|turn|54
|
|move|p1a: Tentacruel|Scald|p2a: Bosh
|-resisted|p2a: Bosh
|-damage|p2a: Bosh|15/100 par
|move|p2a: Bosh|Psyshock|p1a: Tentacruel
|-supereffective|p1a: Tentacruel
|-damage|p1a: Tentacruel|0 fnt
|faint|p1a: Tentacruel
|
|win|yoloboy9000
|raw|drrizle's rating: 1323 &rarr; <strong>1305</strong><br />(-18 for losing)
|raw|yoloboy9000's rating: 1347 &rarr; <strong>1366</strong><br />(+19 for winning)
|l|☆drrizle
