|j|☆binglll
|j|☆torte le magic
|t:|1744445089
|gametype|singles
|player|p1|binglll|preschooler|1450
|player|p2|torte le magic|cowgirl|1279
|teamsize|p1|6
|teamsize|p2|6
|gen|5
|tier|[Gen 5] OU
|rated|
|rule|Species Clause: Limit one of each Pokémon
|rule|OHKO Clause: OHKO moves are banned
|rule|Moody Clause: Moody is banned
|rule|Evasion Items Clause: Evasion items are banned
|rule|Evasion Moves Clause: Evasion moves are banned
|rule|Endless Battle Clause: Forcing endless battles is banned
|rule|HP Percentage Mod: HP is shown in percentages
|rule|Evasion Abilities Clause: Evasion abilities are banned
|rule|Sleep Moves Clause: Sleep-inducing moves are banned
|rule|Swagger Clause: Swagger is banned
|rule|Baton Pass Stat Clause: No Baton Passer may have a way to boost its stats
|clearpoke
|poke|p1|Jirachi|item
|poke|p1|Landorus-Therian, M|item
|poke|p1|Breloom, F|item
|poke|p1|Reuniclus, F|item
|poke|p1|Latios, M|item
|poke|p1|Rotom-Wash|item
|poke|p2|Abomasnow, M|item
|poke|p2|Blissey, F|item
|poke|p2|Gliscor, M|item
|poke|p2|Jirachi|item
|poke|p2|Starmie|item
|poke|p2|Kyurem|item
|teampreview
|c|☆torte le magic|gL hf
|
|t:|1744445109
|start
|switch|p1a: Jirachi|Jirachi|100/100
|switch|p2a: Abomasnow|Abomasnow, M|100/100
|-weather|Hail|[from] ability: Snow Warning|[of] p2a: Abomasnow
|turn|1
|
|t:|1744445120
|move|p1a: Jirachi|Iron Head|p2a: Abomasnow
|-supereffective|p2a: Abomasnow
|-damage|p2a: Abomasnow|33/100
|cant|p2a: Abomasnow|flinch
|
|-weather|Hail|[upkeep]
|-damage|p1a: Jirachi|94/100|[from] Hail
|-heal|p1a: Jirachi|100/100|[from] item: Leftovers
|upkeep
|turn|2
|c|☆binglll|hf
|
|t:|1744445143
|switch|p2a: Starmie|Starmie|100/100
|move|p1a: Jirachi|U-turn|p2a: Starmie
|-supereffective|p2a: Starmie
|-crit|p2a: Starmie
|-damage|p2a: Starmie|24/100
|
|t:|1744445163
|switch|p1a: Rotom|Rotom-Wash|100/100|[from] U-turn
|
|-weather|Hail|[upkeep]
|-damage|p2a: Starmie|18/100|[from] Hail
|-damage|p1a: Rotom|94/100|[from] Hail
|-heal|p2a: Starmie|24/100|[from] item: Leftovers
|-heal|p1a: Rotom|100/100|[from] item: Leftovers
|upkeep
|turn|3
|
|t:|1744445178
|switch|p2a: Kyurem|Kyurem|100/100
|-ability|p2a: Kyurem|Pressure
|move|p1a: Rotom|Volt Switch|p2a: Kyurem
|-resisted|p2a: Kyurem
|-damage|p2a: Kyurem|88/100
|
|t:|1744445192
|switch|p1a: Jirachi|Jirachi|100/100|[from] Volt Switch
|
|-weather|Hail|[upkeep]
|-damage|p1a: Jirachi|94/100|[from] Hail
|-heal|p1a: Jirachi|100/100|[from] item: Leftovers
|upkeep
|turn|4
|
|t:|1744445200
|move|p2a: Kyurem|Earth Power|p1a: Jirachi
|-supereffective|p1a: Jirachi
|-damage|p1a: Jirachi|39/100
|move|p1a: Jirachi|Iron Head|p2a: Kyurem
|-supereffective|p2a: Kyurem
|-damage|p2a: Kyurem|32/100
|
|-weather|Hail|[upkeep]
|-damage|p1a: Jirachi|33/100|[from] Hail
|-heal|p1a: Jirachi|39/100|[from] item: Leftovers
|upkeep
|turn|5
|
|t:|1744445220
|switch|p2a: Blissey|Blissey, F|100/100
|switch|p1a: Rotom|Rotom-Wash|100/100
|
|-weather|Hail|[upkeep]
|-damage|p1a: Rotom|94/100|[from] Hail
|-damage|p2a: Blissey|94/100|[from] Hail
|-heal|p1a: Rotom|100/100|[from] item: Leftovers
|-heal|p2a: Blissey|100/100|[from] item: Leftovers
|upkeep
|turn|6
|
|t:|1744445233
|move|p1a: Rotom|Volt Switch|p2a: Blissey
|-damage|p2a: Blissey|92/100
|
|t:|1744445245
|switch|p1a: Landorus|Landorus-Therian, M|100/100|[from] Volt Switch
|-ability|p1a: Landorus|Intimidate|boost
|-unboost|p2a: Blissey|atk|1
|move|p2a: Blissey|Stealth Rock|p1a: Landorus
|-sidestart|p1: binglll|move: Stealth Rock
|
|-weather|Hail|[upkeep]
|-damage|p1a: Landorus|94/100|[from] Hail
|-damage|p2a: Blissey|86/100|[from] Hail
|-heal|p1a: Landorus|100/100|[from] item: Leftovers
|-heal|p2a: Blissey|92/100|[from] item: Leftovers
|upkeep
|turn|7
|
|t:|1744445251
|switch|p2a: Gliscor|Gliscor, M|100/100
|move|p1a: Landorus|Stealth Rock|p2a: Gliscor
|-sidestart|p2: torte le magic|move: Stealth Rock
|
|-weather|Hail|[upkeep]
|-damage|p2a: Gliscor|94/100|[from] Hail
|-damage|p1a: Landorus|94/100|[from] Hail
|-heal|p1a: Landorus|100/100|[from] item: Leftovers
|-status|p2a: Gliscor|tox|[from] item: Toxic Orb
|upkeep
|turn|8
|
|t:|1744445257
|move|p2a: Gliscor|Ice Fang|p1a: Landorus
|-supereffective|p1a: Landorus
|-damage|p1a: Landorus|50/100
|-status|p1a: Landorus|frz
|cant|p1a: Landorus|frz
|
|-weather|Hail|[upkeep]
|-damage|p2a: Gliscor|88/100 tox|[from] Hail
|-damage|p1a: Landorus|43/100 frz|[from] Hail
|-heal|p1a: Landorus|50/100 frz|[from] item: Leftovers
|-heal|p2a: Gliscor|100/100 tox|[from] ability: Poison Heal
|upkeep
|turn|9
|c|☆torte le magic|Sry
|c|☆binglll|hex
|
|t:|1744445276
|switch|p2a: Starmie|Starmie|24/100
|-damage|p2a: Starmie|12/100|[from] Stealth Rock
|cant|p1a: Landorus|frz
|
|-weather|Hail|[upkeep]
|-damage|p2a: Starmie|5/100|[from] Hail
|-damage|p1a: Landorus|43/100 frz|[from] Hail
|-heal|p2a: Starmie|12/100|[from] item: Leftovers
|-heal|p1a: Landorus|50/100 frz|[from] item: Leftovers
|upkeep
|turn|10
|
|t:|1744445291
|move|p2a: Starmie|Rapid Spin|p1a: Landorus
|-damage|p1a: Landorus|47/100 frz
|-sideend|p2: torte le magic|Stealth Rock|[from] move: Rapid Spin|[of] p2a: Starmie
|cant|p1a: Landorus|frz
|
|-weather|Hail|[upkeep]
|-damage|p2a: Starmie|5/100|[from] Hail
|-damage|p1a: Landorus|40/100 frz|[from] Hail
|-heal|p2a: Starmie|12/100|[from] item: Leftovers
|-heal|p1a: Landorus|47/100 frz|[from] item: Leftovers
|upkeep
|turn|11
|
|t:|1744445296
|move|p2a: Starmie|Recover|p2a: Starmie
|-heal|p2a: Starmie|62/100
|cant|p1a: Landorus|frz
|
|-weather|Hail|[upkeep]
|-damage|p2a: Starmie|55/100|[from] Hail
|-damage|p1a: Landorus|40/100 frz|[from] Hail
|-heal|p2a: Starmie|62/100|[from] item: Leftovers
|-heal|p1a: Landorus|47/100 frz|[from] item: Leftovers
|upkeep
|turn|12
|
|t:|1744445299
|move|p2a: Starmie|Scald|p1a: Landorus
|-supereffective|p1a: Landorus
|-damage|p1a: Landorus|0 fnt
|faint|p1a: Landorus
|
|-weather|Hail|[upkeep]
|-damage|p2a: Starmie|55/100|[from] Hail
|-heal|p2a: Starmie|62/100|[from] item: Leftovers
|upkeep
|
|t:|1744445302
|switch|p1a: Rotom|Rotom-Wash|100/100
|-damage|p1a: Rotom|88/100|[from] Stealth Rock
|turn|13
|
|t:|1744445315
|switch|p2a: Blissey|Blissey, F|92/100
|move|p1a: Rotom|Volt Switch|p2a: Blissey
|-damage|p2a: Blissey|84/100
|
|t:|1744445318
|switch|p1a: Breloom|Breloom, F|100/100|[from] Volt Switch
|-damage|p1a: Breloom|94/100|[from] Stealth Rock
|
|-weather|Hail|[upkeep]
|-damage|p1a: Breloom|88/100|[from] Hail
|-damage|p2a: Blissey|77/100|[from] Hail
|-heal|p2a: Blissey|84/100|[from] item: Leftovers
|-status|p1a: Breloom|tox|[from] item: Toxic Orb
|upkeep
|turn|14
|
|t:|1744445331
|switch|p2a: Gliscor|Gliscor, M|100/100 tox
|move|p1a: Breloom|Swords Dance|p1a: Breloom
|-boost|p1a: Breloom|atk|2
|
|-weather|Hail|[upkeep]
|-damage|p2a: Gliscor|94/100 tox|[from] Hail
|-damage|p1a: Breloom|82/100 tox|[from] Hail
|-heal|p2a: Gliscor|100/100 tox|[from] ability: Poison Heal
|-heal|p1a: Breloom|94/100 tox|[from] ability: Poison Heal
|upkeep
|turn|15
|
|t:|1744445346
|move|p1a: Breloom|Protect|p1a: Breloom
|-singleturn|p1a: Breloom|Protect
|move|p2a: Gliscor|Ice Fang|p1a: Breloom
|-activate|p1a: Breloom|move: Protect
|
|-weather|Hail|[upkeep]
|-damage|p2a: Gliscor|94/100 tox|[from] Hail
|-damage|p1a: Breloom|88/100 tox|[from] Hail
|-heal|p2a: Gliscor|100/100 tox|[from] ability: Poison Heal
|-heal|p1a: Breloom|100/100 tox|[from] ability: Poison Heal
|upkeep
|turn|16
|
|t:|1744445350
|move|p2a: Gliscor|Ice Fang|p1a: Breloom
|-supereffective|p1a: Breloom
|-damage|p1a: Breloom|60/100 tox
|move|p1a: Breloom|Facade|p2a: Gliscor
|-damage|p2a: Gliscor|35/100 tox
|
|-weather|Hail|[upkeep]
|-damage|p2a: Gliscor|29/100 tox|[from] Hail
|-damage|p1a: Breloom|54/100 tox|[from] Hail
|-heal|p2a: Gliscor|42/100 tox|[from] ability: Poison Heal
|-heal|p1a: Breloom|67/100 tox|[from] ability: Poison Heal
|upkeep
|turn|17
|
|t:|1744445355
|switch|p2a: Abomasnow|Abomasnow, M|33/100
|move|p1a: Breloom|Swords Dance|p1a: Breloom
|-boost|p1a: Breloom|atk|2
|
|-weather|Hail|[upkeep]
|-damage|p1a: Breloom|60/100 tox|[from] Hail
|-heal|p1a: Breloom|73/100 tox|[from] ability: Poison Heal
|upkeep
|turn|18
|
|t:|1744445358
|move|p1a: Breloom|Protect|p1a: Breloom
|-singleturn|p1a: Breloom|Protect
|move|p2a: Abomasnow|Blizzard|p1a: Breloom
|-activate|p1a: Breloom|move: Protect
|
|-weather|Hail|[upkeep]
|-damage|p1a: Breloom|67/100 tox|[from] Hail
|-heal|p1a: Breloom|79/100 tox|[from] ability: Poison Heal
|upkeep
|turn|19
|
|t:|1744445383
|switch|p1a: Jirachi|Jirachi|39/100
|-damage|p1a: Jirachi|33/100|[from] Stealth Rock
|move|p2a: Abomasnow|Blizzard|p1a: Jirachi
|-resisted|p1a: Jirachi
|-damage|p1a: Jirachi|17/100
|
|-weather|Hail|[upkeep]
|-damage|p1a: Jirachi|11/100|[from] Hail
|-heal|p1a: Jirachi|17/100|[from] item: Leftovers
|upkeep
|turn|20
|inactive|Battle timer is ON: inactive players will automatically lose when time's up. (requested by binglll)
|
|t:|1744445407
|switch|p2a: Gliscor|Gliscor, M|42/100 tox
|move|p1a: Jirachi|Wish|p1a: Jirachi
|
|-weather|Hail|[upkeep]
|-damage|p2a: Gliscor|35/100 tox|[from] Hail
|-damage|p1a: Jirachi|11/100|[from] Hail
|-heal|p1a: Jirachi|17/100|[from] item: Leftovers
|-heal|p2a: Gliscor|48/100 tox|[from] ability: Poison Heal
|upkeep
|turn|21
|
|t:|1744445415
|move|p2a: Gliscor|Earthquake|p1a: Jirachi
|-supereffective|p1a: Jirachi
|-damage|p1a: Jirachi|0 fnt
|faint|p1a: Jirachi
|
|-weather|Hail|[upkeep]
|-damage|p2a: Gliscor|42/100 tox|[from] Hail
|-heal|p2a: Gliscor|54/100 tox|[from] ability: Poison Heal
|upkeep
|
|t:|1744445418
|switch|p1a: Rotom|Rotom-Wash|88/100
|-damage|p1a: Rotom|75/100|[from] Stealth Rock
|turn|22
|
|t:|1744445429
|move|p2a: Gliscor|Protect|p2a: Gliscor
|-singleturn|p2a: Gliscor|Protect
|move|p1a: Rotom|Volt Switch|p2a: Gliscor
|-immune|p2a: Gliscor
|
|-weather|Hail|[upkeep]
|-damage|p2a: Gliscor|48/100 tox|[from] Hail
|-damage|p1a: Rotom|69/100|[from] Hail
|-heal|p1a: Rotom|75/100|[from] item: Leftovers
|-heal|p2a: Gliscor|60/100 tox|[from] ability: Poison Heal
|upkeep
|turn|23
|
|t:|1744445438
|switch|p2a: Blissey|Blissey, F|84/100
|move|p1a: Rotom|Hydro Pump|p2a: Blissey
|-damage|p2a: Blissey|70/100
|
|-weather|Hail|[upkeep]
|-damage|p1a: Rotom|69/100|[from] Hail
|-damage|p2a: Blissey|64/100|[from] Hail
|-heal|p1a: Rotom|75/100|[from] item: Leftovers
|-heal|p2a: Blissey|70/100|[from] item: Leftovers
|upkeep
|turn|24
|
|t:|1744445445
|move|p1a: Rotom|Volt Switch|p2a: Blissey
|-damage|p2a: Blissey|61/100
|
|t:|1744445449
|switch|p1a: Breloom|Breloom, F|79/100 tox|[from] Volt Switch
|-damage|p1a: Breloom|73/100 tox|[from] Stealth Rock
|move|p2a: Blissey|Seismic Toss|p1a: Breloom
|-damage|p1a: Breloom|42/100 tox
|
|-weather|Hail|[upkeep]
|-damage|p1a: Breloom|35/100 tox|[from] Hail
|-damage|p2a: Blissey|55/100|[from] Hail
|-heal|p2a: Blissey|61/100|[from] item: Leftovers
|-heal|p1a: Breloom|48/100 tox|[from] ability: Poison Heal
|upkeep
|turn|25
|
|t:|1744445462
|switch|p2a: Gliscor|Gliscor, M|60/100 tox
|move|p1a: Breloom|Swords Dance|p1a: Breloom
|-boost|p1a: Breloom|atk|2
|
|-weather|Hail|[upkeep]
|-damage|p2a: Gliscor|54/100 tox|[from] Hail
|-damage|p1a: Breloom|42/100 tox|[from] Hail
|-heal|p2a: Gliscor|67/100 tox|[from] ability: Poison Heal
|-heal|p1a: Breloom|54/100 tox|[from] ability: Poison Heal
|upkeep
|turn|26
|
|t:|1744445470
|move|p1a: Breloom|Protect|p1a: Breloom
|-singleturn|p1a: Breloom|Protect
|move|p2a: Gliscor|Ice Fang|p1a: Breloom
|-activate|p1a: Breloom|move: Protect
|
|-weather|Hail|[upkeep]
|-damage|p2a: Gliscor|60/100 tox|[from] Hail
|-damage|p1a: Breloom|48/100 tox|[from] Hail
|-heal|p2a: Gliscor|73/100 tox|[from] ability: Poison Heal
|-heal|p1a: Breloom|60/100 tox|[from] ability: Poison Heal
|upkeep
|turn|27
|
|t:|1744445477
|move|p2a: Gliscor|Ice Fang|p1a: Breloom
|-supereffective|p1a: Breloom
|-damage|p1a: Breloom|22/100 tox
|move|p1a: Breloom|Facade|p2a: Gliscor
|-damage|p2a: Gliscor|8/100 tox
|
|-weather|Hail|[upkeep]
|-damage|p2a: Gliscor|2/100 tox|[from] Hail
|-damage|p1a: Breloom|15/100 tox|[from] Hail
|-heal|p2a: Gliscor|15/100 tox|[from] ability: Poison Heal
|-heal|p1a: Breloom|28/100 tox|[from] ability: Poison Heal
|upkeep
|turn|28
|
|t:|1744445486
|move|p1a: Breloom|Protect|p1a: Breloom
|-singleturn|p1a: Breloom|Protect
|move|p2a: Gliscor|Ice Fang|p1a: Breloom
|-activate|p1a: Breloom|move: Protect
|
|-weather|Hail|[upkeep]
|-damage|p2a: Gliscor|8/100 tox|[from] Hail
|-damage|p1a: Breloom|22/100 tox|[from] Hail
|-heal|p2a: Gliscor|21/100 tox|[from] ability: Poison Heal
|-heal|p1a: Breloom|34/100 tox|[from] ability: Poison Heal
|upkeep
|turn|29
|
|t:|1744445494
|switch|p1a: Rotom|Rotom-Wash|75/100
|-damage|p1a: Rotom|63/100|[from] Stealth Rock
|move|p2a: Gliscor|Ice Fang|p1a: Rotom
|-resisted|p1a: Rotom
|-damage|p1a: Rotom|58/100
|
|-weather|Hail|[upkeep]
|-damage|p2a: Gliscor|15/100 tox|[from] Hail
|-damage|p1a: Rotom|51/100|[from] Hail
|-heal|p1a: Rotom|58/100|[from] item: Leftovers
|-heal|p2a: Gliscor|27/100 tox|[from] ability: Poison Heal
|upkeep
|turn|30
|
|t:|1744445497
|move|p2a: Gliscor|Protect|p2a: Gliscor
|-singleturn|p2a: Gliscor|Protect
|move|p1a: Rotom|Volt Switch|p2a: Gliscor
|-immune|p2a: Gliscor
|
|-weather|Hail|[upkeep]
|-damage|p2a: Gliscor|21/100 tox|[from] Hail
|-damage|p1a: Rotom|51/100|[from] Hail
|-heal|p1a: Rotom|58/100|[from] item: Leftovers
|-heal|p2a: Gliscor|33/100 tox|[from] ability: Poison Heal
|upkeep
|turn|31
|
|t:|1744445511
|switch|p2a: Starmie|Starmie|62/100
|move|p1a: Rotom|Pain Split|p2a: Starmie
|-sethp|p2a: Starmie|58/100|[from] move: Pain Split|[silent]
|-sethp|p1a: Rotom|62/100|[from] move: Pain Split
|
|-weather|Hail|[upkeep]
|-damage|p2a: Starmie|52/100|[from] Hail
|-damage|p1a: Rotom|55/100|[from] Hail
|-heal|p2a: Starmie|58/100|[from] item: Leftovers
|-heal|p1a: Rotom|62/100|[from] item: Leftovers
|upkeep
|turn|32
|
|t:|1744445530
|move|p2a: Starmie|Recover|p2a: Starmie
|-heal|p2a: Starmie|100/100
|move|p1a: Rotom|Volt Switch|p2a: Starmie
|-supereffective|p2a: Starmie
|-damage|p2a: Starmie|44/100
|
|t:|1744445545
|switch|p1a: Reuniclus|Reuniclus, F|100/100|[from] Volt Switch
|
|-weather|Hail|[upkeep]
|-damage|p2a: Starmie|38/100|[from] Hail
|-heal|p2a: Starmie|44/100|[from] item: Leftovers
|upkeep
|turn|33
|
|t:|1744445551
|move|p2a: Starmie|Recover|p2a: Starmie
|-heal|p2a: Starmie|94/100
|move|p1a: Reuniclus|Calm Mind|p1a: Reuniclus
|-boost|p1a: Reuniclus|spa|1
|-boost|p1a: Reuniclus|spd|1
|
|-weather|Hail|[upkeep]
|-damage|p2a: Starmie|88/100|[from] Hail
|-heal|p2a: Starmie|94/100|[from] item: Leftovers
|upkeep
|turn|34
|
|t:|1744445577
|switch|p2a: Jirachi|Jirachi|100/100
|move|p1a: Reuniclus|Calm Mind|p1a: Reuniclus
|-boost|p1a: Reuniclus|spa|1
|-boost|p1a: Reuniclus|spd|1
|
|-weather|Hail|[upkeep]
|-damage|p2a: Jirachi|94/100|[from] Hail
|-heal|p2a: Jirachi|100/100|[from] item: Leftovers
|upkeep
|turn|35
|
|t:|1744445581
|move|p2a: Jirachi|Body Slam|p1a: Reuniclus
|-damage|p1a: Reuniclus|86/100
|move|p1a: Reuniclus|Calm Mind|p1a: Reuniclus
|-boost|p1a: Reuniclus|spa|1
|-boost|p1a: Reuniclus|spd|1
|
|-weather|Hail|[upkeep]
|-damage|p2a: Jirachi|94/100|[from] Hail
|-heal|p2a: Jirachi|100/100|[from] item: Leftovers
|-heal|p1a: Reuniclus|92/100|[from] item: Leftovers
|upkeep
|turn|36
|
|t:|1744445592
|move|p2a: Jirachi|Body Slam|p1a: Reuniclus
|-damage|p1a: Reuniclus|78/100
|move|p1a: Reuniclus|Calm Mind|p1a: Reuniclus
|-boost|p1a: Reuniclus|spa|1
|-boost|p1a: Reuniclus|spd|1
|
|-weather|Hail|[upkeep]
|-damage|p2a: Jirachi|94/100|[from] Hail
|-heal|p2a: Jirachi|100/100|[from] item: Leftovers
|-heal|p1a: Reuniclus|84/100|[from] item: Leftovers
|upkeep
|turn|37
|
|t:|1744445598
|move|p2a: Jirachi|Body Slam|p1a: Reuniclus
|-damage|p1a: Reuniclus|71/100
|move|p1a: Reuniclus|Psychic|p2a: Jirachi
|-resisted|p2a: Jirachi
|-damage|p2a: Jirachi|82/100
|
|-weather|Hail|[upkeep]
|-damage|p2a: Jirachi|76/100|[from] Hail
|-heal|p2a: Jirachi|82/100|[from] item: Leftovers
|-heal|p1a: Reuniclus|77/100|[from] item: Leftovers
|upkeep
|turn|38
|
|t:|1744445605
|switch|p1a: Rotom|Rotom-Wash|62/100
|-damage|p1a: Rotom|49/100|[from] Stealth Rock
|move|p2a: Jirachi|Body Slam|p1a: Rotom
|-damage|p1a: Rotom|34/100
|-status|p1a: Rotom|par
|
|-weather|Hail|[upkeep]
|-damage|p2a: Jirachi|76/100|[from] Hail
|-damage|p1a: Rotom|27/100 par|[from] Hail
|-heal|p2a: Jirachi|82/100|[from] item: Leftovers
|-heal|p1a: Rotom|34/100 par|[from] item: Leftovers
|upkeep
|turn|39
|
|t:|1744445612
|switch|p2a: Abomasnow|Abomasnow, M|33/100
|move|p1a: Rotom|Hydro Pump|p2a: Abomasnow
|-resisted|p2a: Abomasnow
|-damage|p2a: Abomasnow|5/100
|
|-weather|Hail|[upkeep]
|-damage|p1a: Rotom|27/100 par|[from] Hail
|-heal|p1a: Rotom|34/100 par|[from] item: Leftovers
|upkeep
|turn|40
|
|t:|1744445617
|move|p2a: Abomasnow|Rest|p2a: Abomasnow
|-status|p2a: Abomasnow|slp|[from] move: Rest
|-heal|p2a: Abomasnow|100/100 slp|[silent]
|-enditem|p2a: Abomasnow|Chesto Berry|[eat]
|-curestatus|p2a: Abomasnow|slp|[msg]
|move|p1a: Rotom|Volt Switch|p2a: Abomasnow
|-resisted|p2a: Abomasnow
|-damage|p2a: Abomasnow|87/100
|
|t:|1744445619
|switch|p1a: Breloom|Breloom, F|34/100 tox|[from] Volt Switch
|-damage|p1a: Breloom|28/100 tox|[from] Stealth Rock
|
|-weather|Hail|[upkeep]
|-damage|p1a: Breloom|22/100 tox|[from] Hail
|-heal|p1a: Breloom|34/100 tox|[from] ability: Poison Heal
|upkeep
|turn|41
|
|t:|1744445624
|move|p2a: Abomasnow|Blizzard|p1a: Breloom
|-supereffective|p1a: Breloom
|-damage|p1a: Breloom|0 fnt
|faint|p1a: Breloom
|
|-weather|Hail|[upkeep]
|upkeep
|-message|binglll forfeited.
|
|win|torte le magic
|raw|binglll's rating: 1450 &rarr; <strong>1421</strong><br />(-29 for losing)
|raw|torte le magic's rating: 1279 &rarr; <strong>1315</strong><br />(+36 for winning)
|l|☆binglll
|player|p1|
