|j|☆nidiedi
|j|☆ledian kaioken
|t:|1722023371
|gametype|singles
|player|p1|nidiedi|1|1353
|player|p2|ledian kaioken|shadowtriad|1381
|teamsize|p1|6
|teamsize|p2|6
|gen|5
|tier|[Gen 5] OU
|rated|
|rule|Species Clause: Limit one of each Pokémon
|rule|OHKO Clause: OHKO moves are banned
|rule|Moody Clause: Moody is banned
|rule|Evasion Items Clause: Evasion items are banned
|rule|Evasion Moves Clause: Evasion moves are banned
|rule|Endless Battle Clause: Forcing endless battles is banned
|rule|HP Percentage Mod: HP is shown in percentages
|rule|Evasion Abilities Clause: Evasion abilities are banned
|rule|Sleep Moves Clause: Sleep-inducing moves are banned
|rule|Swagger Clause: Swagger is banned
|rule|Baton Pass Stat Clause: No Baton Passer may have a way to boost its stats
|clearpoke
|poke|p1|Dragonite, M|item
|poke|p1|Xatu, M|item
|poke|p1|Heatran, M|item
|poke|p1|Ninetales, M|item
|poke|p1|Volcarona, F|item
|poke|p1|Forretress, M|item
|poke|p2|Ferrothorn, M|item
|poke|p2|Jellicent, F|item
|poke|p2|Landorus-Therian, M|item
|poke|p2|Latios, M|item
|poke|p2|Tyranitar, F|item
|poke|p2|Excadrill, M|item
|teampreview
|inactive|Battle timer is ON: inactive players will automatically lose when time's up. (requested by nidiedi)
|inactive|ledian kaioken has 120 seconds left.
|inactive|ledian kaioken has 90 seconds left.
|
|t:|1722023438
|start
|switch|p1a: Ninetales|Ninetales, M|100/100
|switch|p2a: Latios|Latios, M|100/100
|-weather|SunnyDay|[from] ability: Drought|[of] p1a: Ninetales
|turn|1
|
|t:|1722023442
|move|p1a: Ninetales|Protect|p1a: Ninetales
|-singleturn|p1a: Ninetales|Protect
|move|p2a: Latios|Draco Meteor|p1a: Ninetales
|-activate|p1a: Ninetales|move: Protect
|
|-weather|SunnyDay|[upkeep]
|upkeep
|turn|2
|
|t:|1722023446
|switch|p2a: Tyranitar|Tyranitar, F|100/100
|-weather|Sandstorm|[from] ability: Sand Stream|[of] p2a: Tyranitar
|switch|p1a: Heatran|Heatran, M|100/100
|
|-weather|Sandstorm|[upkeep]
|upkeep
|turn|3
|
|t:|1722023462
|move|p1a: Heatran|Magma Storm|p2a: Tyranitar
|-resisted|p2a: Tyranitar
|-damage|p2a: Tyranitar|86/100
|-activate|p2a: Tyranitar|move: Magma Storm|[of] p1a: Heatran
|move|p2a: Tyranitar|Thunder Wave|p1a: Heatran
|-status|p1a: Heatran|par
|
|-weather|Sandstorm|[upkeep]
|-damage|p2a: Tyranitar|80/100|[from] move: Magma Storm|[partiallytrapped]
|upkeep
|turn|4
|
|t:|1722023478
|switch|p1a: ru|Xatu, M|100/100
|move|p2a: Tyranitar|Superpower|p1a: ru
|-resisted|p1a: ru
|-damage|p1a: ru|91/100
|-unboost|p2a: Tyranitar|atk|1
|-unboost|p2a: Tyranitar|def|1
|-damage|p2a: Tyranitar|63/100|[from] item: Rocky Helmet|[of] p1a: ru
|
|-weather|Sandstorm|[upkeep]
|-damage|p1a: ru|85/100|[from] Sandstorm
|upkeep
|turn|5
|inactive|nidiedi has 120 seconds left.
|
|t:|1722023498
|move|p1a: ru|U-turn|p2a: Tyranitar
|-supereffective|p2a: Tyranitar
|-damage|p2a: Tyranitar|32/100
|inactive|nidiedi has 120 seconds left.
|
|t:|1722023506
|switch|p1a: Ninetales|Ninetales, M|100/100|[from] U-turn
|-weather|SunnyDay|[from] ability: Drought|[of] p1a: Ninetales
|move|p2a: Tyranitar|Crunch|p1a: Ninetales
|-damage|p1a: Ninetales|70/100
|
|-weather|SunnyDay|[upkeep]
|-heal|p1a: Ninetales|76/100|[from] item: Leftovers
|upkeep
|turn|6
|inactive|nidiedi has 120 seconds left.
|
|t:|1722023531
|switch|p1a: Heatran|Heatran, M|100/100 par
|switch|p2a: Latios|Latios, M|100/100
|
|-weather|SunnyDay|[upkeep]
|upkeep
|turn|7
|
|t:|1722023539
|move|p2a: Latios|Surf|p1a: Heatran
|-supereffective|p1a: Heatran
|-damage|p1a: Heatran|56/100 par
|move|p1a: Heatran|Magma Storm|p2a: Latios|[miss]
|-miss|p1a: Heatran|p2a: Latios
|
|-weather|SunnyDay|[upkeep]
|-heal|p1a: Heatran|62/100 par|[from] item: Leftovers
|upkeep
|turn|8
|inactive|nidiedi has 120 seconds left.
|
|t:|1722023565
|switch|p1a: Volcarona|Volcarona, F|100/100
|move|p2a: Latios|Surf|p1a: Volcarona
|-supereffective|p1a: Volcarona
|-enditem|p1a: Volcarona|Passho Berry|[eat]
|-enditem|p1a: Volcarona|Passho Berry|[weaken]
|-damage|p1a: Volcarona|77/100
|
|-weather|SunnyDay|[upkeep]
|upkeep
|turn|9
|
|t:|1722023573
|switch|p2a: Tyranitar|Tyranitar, F|32/100
|-weather|Sandstorm|[from] ability: Sand Stream|[of] p2a: Tyranitar
|move|p1a: Volcarona|Quiver Dance|p1a: Volcarona
|-boost|p1a: Volcarona|spa|1
|-boost|p1a: Volcarona|spd|1
|-boost|p1a: Volcarona|spe|1
|
|-weather|Sandstorm|[upkeep]
|-damage|p1a: Volcarona|71/100|[from] Sandstorm
|upkeep
|turn|10
|
|t:|1722023581
|move|p1a: Volcarona|Giga Drain|p2a: Tyranitar
|-supereffective|p2a: Tyranitar
|-damage|p2a: Tyranitar|0 fnt
|-heal|p1a: Volcarona|89/100|[from] drain|[of] p2a: Tyranitar
|faint|p2a: Tyranitar
|
|-weather|Sandstorm|[upkeep]
|-damage|p1a: Volcarona|83/100|[from] Sandstorm
|upkeep
|
|t:|1722023583
|switch|p2a: Latios|Latios, M|100/100
|turn|11
|inactive|nidiedi has 120 seconds left.
|
|t:|1722023600
|switch|p1a: Forretress|Forretress, M|100/100
|move|p2a: Latios|Trick|p1a: Forretress
|-activate|p2a: Latios|move: Trick|[of] p1a: Forretress
|-item|p1a: Forretress|Choice Specs|[from] move: Trick
|-item|p2a: Latios|Leftovers|[from] move: Trick
|
|-weather|Sandstorm|[upkeep]
|-damage|p2a: Latios|95/100|[from] Sandstorm
|-heal|p2a: Latios|100/100|[from] item: Leftovers
|upkeep
|turn|12
|inactive|nidiedi has 120 seconds left.
|
|t:|1722023622
|switch|p2a: Ferrothorn|Ferrothorn, M|100/100
|move|p1a: Forretress|Volt Switch|p2a: Ferrothorn
|-resisted|p2a: Ferrothorn
|-damage|p2a: Ferrothorn|95/100
|
|t:|1722023628
|switch|p1a: Ninetales|Ninetales, M|76/100|[from] Volt Switch
|-weather|SunnyDay|[from] ability: Drought|[of] p1a: Ninetales
|
|-weather|SunnyDay|[upkeep]
|-heal|p1a: Ninetales|82/100|[from] item: Leftovers
|-heal|p2a: Ferrothorn|100/100|[from] item: Leftovers
|upkeep
|turn|13
|
|t:|1722023649
|switch|p2a: Latios|Latios, M|100/100
|move|p1a: Ninetales|Will-O-Wisp|p2a: Latios
|-status|p2a: Latios|brn
|
|-weather|SunnyDay|[upkeep]
|-heal|p1a: Ninetales|88/100|[from] item: Leftovers
|-damage|p2a: Latios|88/100 brn|[from] brn
|upkeep
|turn|14
|
|t:|1722023656
|switch|p2a: Landorus|Landorus-Therian, M|100/100
|-ability|p2a: Landorus|Intimidate|boost
|-unboost|p1a: Ninetales|atk|1
|move|p1a: Ninetales|Protect||[still]
|-fail|p1a: Ninetales
|
|-weather|SunnyDay|[upkeep]
|-heal|p1a: Ninetales|94/100|[from] item: Leftovers
|upkeep
|turn|15
|
|t:|1722023663
|switch|p1a: ru|Xatu, M|85/100
|move|p2a: Landorus|Stone Edge|p1a: ru
|-supereffective|p1a: ru
|-damage|p1a: ru|19/100
|
|-weather|SunnyDay|[upkeep]
|upkeep
|turn|16
|inactive|nidiedi has 90 seconds left.
|
|t:|1722023696
|switch|p1a: Forretress|Forretress, M|100/100
|move|p2a: Landorus|Stone Edge|p1a: Forretress
|-damage|p1a: Forretress|80/100
|
|-weather|SunnyDay|[upkeep]
|upkeep
|turn|17
|inactive|nidiedi has 90 seconds left.
|
|t:|1722023707
|switch|p2a: Ferrothorn|Ferrothorn, M|100/100
|move|p1a: Forretress|Stealth Rock|p2a: Ferrothorn
|-sidestart|p2: ledian kaioken|move: Stealth Rock
|
|-weather|SunnyDay|[upkeep]
|upkeep
|turn|18
|inactive|nidiedi has 90 seconds left.
|
|t:|1722023713
|switch|p1a: ru|Xatu, M|19/100
|move|p2a: Ferrothorn|Knock Off|p1a: ru
|-supereffective|p1a: ru
|-damage|p1a: ru|9/100
|-damage|p2a: Ferrothorn|84/100|[from] item: Rocky Helmet|[of] p1a: ru
|-enditem|p1a: ru|Rocky Helmet|[from] move: Knock Off|[of] p2a: Ferrothorn
|
|-weather|SunnyDay|[upkeep]
|-heal|p2a: Ferrothorn|90/100|[from] item: Leftovers
|upkeep
|turn|19
|inactive|nidiedi has 90 seconds left.
|
|t:|1722023727
|switch|p2a: Excadrill|Excadrill, M|100/100
|-damage|p2a: Excadrill|97/100|[from] Stealth Rock
|move|p1a: ru|Reflect|p1a: ru
|-sidestart|p1: nidiedi|Reflect
|
|-weather|SunnyDay|[upkeep]
|-heal|p2a: Excadrill|100/100|[from] item: Leftovers
|upkeep
|turn|20
|inactive|nidiedi has 90 seconds left.
|
|t:|1722023746
|move|p2a: Excadrill|Rapid Spin|p1a: ru
|-damage|p1a: ru|5/100
|-sideend|p2: ledian kaioken|Stealth Rock|[from] move: Rapid Spin|[of] p2a: Excadrill
|move|p1a: ru|Roost|p1a: ru
|-heal|p1a: ru|55/100
|-singleturn|p1a: ru|move: Roost
|
|-weather|SunnyDay|[upkeep]
|upkeep
|turn|21
|inactive|nidiedi has 90 seconds left.
|
|t:|1722023754
|move|p2a: Excadrill|Iron Head|p1a: ru
|-damage|p1a: ru|30/100
|move|p1a: ru|U-turn|p2a: Excadrill
|-resisted|p2a: Excadrill
|-damage|p2a: Excadrill|91/100
|
|t:|1722023758
|switch|p1a: Volcarona|Volcarona, F|83/100|[from] U-turn
|
|-weather|SunnyDay|[upkeep]
|-heal|p2a: Excadrill|97/100|[from] item: Leftovers
|upkeep
|turn|22
|
|t:|1722023767
|switch|p2a: Landorus|Landorus-Therian, M|100/100
|-ability|p2a: Landorus|Intimidate|boost
|-unboost|p1a: Volcarona|atk|1
|move|p1a: Volcarona|Quiver Dance|p1a: Volcarona
|-boost|p1a: Volcarona|spa|1
|-boost|p1a: Volcarona|spd|1
|-boost|p1a: Volcarona|spe|1
|
|-weather|SunnyDay|[upkeep]
|upkeep
|turn|23
|
|t:|1722023779
|switch|p1a: Forretress|Forretress, M|80/100
|move|p2a: Landorus|Stone Edge|p1a: Forretress
|-damage|p1a: Forretress|69/100
|
|-weather|SunnyDay|[upkeep]
|-sideend|p1: nidiedi|Reflect
|upkeep
|turn|24
|
|t:|1722023796
|switch|p2a: Excadrill|Excadrill, M|97/100
|move|p1a: Forretress|Stealth Rock|p2a: Excadrill
|-sidestart|p2: ledian kaioken|move: Stealth Rock
|
|-weather|SunnyDay|[upkeep]
|-heal|p2a: Excadrill|100/100|[from] item: Leftovers
|upkeep
|turn|25
|inactive|nidiedi has 90 seconds left.
|
|t:|1722023828
|switch|p1a: Dragonite|Dragonite, M|100/100
|move|p2a: Excadrill|Rapid Spin|p1a: Dragonite
|-damage|p1a: Dragonite|97/100
|-sideend|p2: ledian kaioken|Stealth Rock|[from] move: Rapid Spin|[of] p2a: Excadrill
|
|-weather|SunnyDay|[upkeep]
|-heal|p1a: Dragonite|100/100|[from] item: Leftovers
|upkeep
|turn|26
|
|t:|1722023836
|switch|p2a: Landorus|Landorus-Therian, M|100/100
|-ability|p2a: Landorus|Intimidate|boost
|-unboost|p1a: Dragonite|atk|1
|switch|p1a: Ninetales|Ninetales, M|94/100
|
|-weather|SunnyDay|[upkeep]
|-heal|p1a: Ninetales|99/100|[from] item: Leftovers
|upkeep
|turn|27
|
|t:|1722023840
|move|p1a: Ninetales|Protect|p1a: Ninetales
|-singleturn|p1a: Ninetales|Protect
|move|p2a: Landorus|Earthquake|p1a: Ninetales
|-activate|p1a: Ninetales|move: Protect
|
|-weather|SunnyDay|[upkeep]
|-heal|p1a: Ninetales|100/100|[from] item: Leftovers
|upkeep
|turn|28
|inactive|nidiedi has 90 seconds left.
|
|t:|1722023858
|switch|p2a: Latios|Latios, M|88/100 brn
|switch|p1a: ru|Xatu, M|30/100
|
|-weather|SunnyDay|[upkeep]
|-heal|p2a: Latios|94/100 brn|[from] item: Leftovers
|-damage|p2a: Latios|82/100 brn|[from] brn
|upkeep
|turn|29
|inactive|nidiedi has 90 seconds left.
|
|t:|1722023882
|move|p2a: Latios|Draco Meteor|p1a: ru
|-damage|p1a: ru|0 fnt
|-unboost|p2a: Latios|spa|2
|faint|p1a: ru
|
|-weather|SunnyDay|[upkeep]
|-heal|p2a: Latios|88/100 brn|[from] item: Leftovers
|-damage|p2a: Latios|76/100 brn|[from] brn
|upkeep
|
|t:|1722023889
|switch|p1a: Volcarona|Volcarona, F|83/100
|turn|30
|
|t:|1722023894
|switch|p2a: Landorus|Landorus-Therian, M|100/100
|-ability|p2a: Landorus|Intimidate|boost
|-unboost|p1a: Volcarona|atk|1
|move|p1a: Volcarona|Hidden Power|p2a: Landorus
|-supereffective|p2a: Landorus
|-damage|p2a: Landorus|0 fnt
|faint|p2a: Landorus
|
|-weather|SunnyDay|[upkeep]
|upkeep
|
|t:|1722023906
|switch|p2a: Latios|Latios, M|76/100 brn
|turn|31
|inactive|nidiedi has 90 seconds left.
|
|t:|1722023916
|switch|p1a: Forretress|Forretress, M|69/100
|move|p2a: Latios|Draco Meteor|p1a: Forretress
|-resisted|p1a: Forretress
|-damage|p1a: Forretress|24/100
|-unboost|p2a: Latios|spa|2
|
|-weather|SunnyDay|[upkeep]
|-heal|p2a: Latios|82/100 brn|[from] item: Leftovers
|-damage|p2a: Latios|69/100 brn|[from] brn
|upkeep
|turn|32
|
|t:|1722023923
|switch|p2a: Ferrothorn|Ferrothorn, M|90/100
|switch|p1a: Ninetales|Ninetales, M|100/100
|
|-weather|SunnyDay|[upkeep]
|-heal|p2a: Ferrothorn|97/100|[from] item: Leftovers
|upkeep
|turn|33
|
|t:|1722023935
|switch|p2a: Jellicent|Jellicent, F|100/100
|move|p1a: Ninetales|Flamethrower|p2a: Jellicent
|-resisted|p2a: Jellicent
|-crit|p2a: Jellicent
|-damage|p2a: Jellicent|69/100
|
|-weather|SunnyDay|[upkeep]
|-heal|p2a: Jellicent|75/100|[from] item: Leftovers
|upkeep
|turn|34
|inactive|nidiedi has 90 seconds left.
|
|t:|1722023959
|switch|p2a: Ferrothorn|Ferrothorn, M|97/100
|move|p1a: Ninetales|Will-O-Wisp|p2a: Ferrothorn|[miss]
|-miss|p1a: Ninetales|p2a: Ferrothorn
|
|-weather|SunnyDay|[upkeep]
|-heal|p2a: Ferrothorn|100/100|[from] item: Leftovers
|upkeep
|turn|35
|inactive|ledian kaioken has 120 seconds left.
|inactive|nidiedi has 90 seconds left.
|inactive|ledian kaioken has 90 seconds left.
|inactive|ledian kaioken has 60 seconds left.
|
|t:|1722024073
|switch|p2a: Latios|Latios, M|69/100 brn
|move|p1a: Ninetales|Flamethrower|p2a: Latios
|-resisted|p2a: Latios
|-damage|p2a: Latios|49/100 brn
|
|-weather|SunnyDay|[upkeep]
|-heal|p2a: Latios|55/100 brn|[from] item: Leftovers
|-damage|p2a: Latios|42/100 brn|[from] brn
|upkeep
|turn|36
|
|t:|1722024080
|move|p1a: Ninetales|Protect|p1a: Ninetales
|-singleturn|p1a: Ninetales|Protect
|move|p2a: Latios|Draco Meteor|p1a: Ninetales
|-activate|p1a: Ninetales|move: Protect
|
|-weather|SunnyDay|[upkeep]
|-heal|p2a: Latios|48/100 brn|[from] item: Leftovers
|-damage|p2a: Latios|36/100 brn|[from] brn
|upkeep
|turn|37
|
|t:|1722024094
|switch|p2a: Excadrill|Excadrill, M|100/100
|switch|p1a: Forretress|Forretress, M|24/100
|
|-weather|SunnyDay|[upkeep]
|upkeep
|turn|38
|inactive|ledian kaioken has 60 seconds left.
|
|t:|1722024107
|move|p2a: Excadrill|Earthquake|p1a: Forretress
|-damage|p1a: Forretress|0 fnt
|faint|p1a: Forretress
|
|-weather|SunnyDay|[upkeep]
|upkeep
|
|t:|1722024117
|switch|p1a: Ninetales|Ninetales, M|100/100
|turn|39
|
|t:|1722024124
|switch|p2a: Jellicent|Jellicent, F|75/100
|move|p1a: Ninetales|Flamethrower|p2a: Jellicent
|-resisted|p2a: Jellicent
|-damage|p2a: Jellicent|60/100
|
|-weather|SunnyDay|[upkeep]
|-heal|p2a: Jellicent|66/100|[from] item: Leftovers
|upkeep
|turn|40
|inactive|nidiedi has 90 seconds left.
|
|t:|1722024148
|switch|p1a: Heatran|Heatran, M|62/100 par
|move|p2a: Jellicent|Recover|p2a: Jellicent
|-heal|p2a: Jellicent|100/100
|
|-weather|SunnyDay|[upkeep]
|-heal|p1a: Heatran|68/100 par|[from] item: Leftovers
|upkeep
|turn|41
|inactive|nidiedi has 90 seconds left.
|inactive|ledian kaioken has 60 seconds left.
|inactive|ledian kaioken has 30 seconds left.
|
|t:|1722024213
|move|p2a: Jellicent|Night Shade|p1a: Heatran
|-damage|p1a: Heatran|42/100 par
|move|p1a: Heatran|Magma Storm|p2a: Jellicent
|-resisted|p2a: Jellicent
|-damage|p2a: Jellicent|64/100
|-activate|p2a: Jellicent|move: Magma Storm|[of] p1a: Heatran
|
|-weather|SunnyDay|[upkeep]
|-heal|p2a: Jellicent|70/100|[from] item: Leftovers
|-heal|p1a: Heatran|49/100 par|[from] item: Leftovers
|-damage|p2a: Jellicent|64/100|[from] move: Magma Storm|[partiallytrapped]
|upkeep
|turn|42
|inactive|nidiedi has 90 seconds left.
|
|t:|1722024228
|move|p2a: Jellicent|Night Shade|p1a: Heatran
|-damage|p1a: Heatran|23/100 par
|move|p1a: Heatran|Solar Beam||[still]
|-prepare|p1a: Heatran|Solar Beam
|-anim|p1a: Heatran|Solar Beam|p2a: Jellicent
|-supereffective|p2a: Jellicent
|-damage|p2a: Jellicent|0 fnt
|faint|p2a: Jellicent
|
|-weather|SunnyDay|[upkeep]
|-heal|p1a: Heatran|29/100 par|[from] item: Leftovers
|upkeep
|
|t:|1722024236
|switch|p2a: Ferrothorn|Ferrothorn, M|100/100
|turn|43
|
|t:|1722024243
|switch|p1a: Volcarona|Volcarona, F|83/100
|move|p2a: Ferrothorn|Stealth Rock|p1a: Volcarona
|-sidestart|p1: nidiedi|move: Stealth Rock
|
|-weather|SunnyDay|[upkeep]
|upkeep
|turn|44
|-message|ledian kaioken forfeited.
|
|win|nidiedi
|raw|nidiedi's rating: 1353 &rarr; <strong>1375</strong><br />(+22 for winning)
|raw|ledian kaioken's rating: 1381 &rarr; <strong>1359</strong><br />(-22 for losing)
|l|☆ledian kaioken
|player|p2|
