|j|☆realmadriddd3
|j|☆HaxerAreBastards
|player|p1|realmadriddd3|lucas|1663
|player|p2|HaxerAreBastards|249|1508
|teamsize|p1|6
|teamsize|p2|6
|gametype|singles
|gen|5
|tier|[Gen 5] OU
|rated|
|clearpoke
|poke|p1|Tyranitar, M|item
|poke|p1|Excadrill, M|item
|poke|p1|Seismitoad, M|item
|poke|p1|Breloom, F|item
|poke|p1|Latios, M|item
|poke|p1|Landorus-Therian, M|item
|poke|p2|Infernape, F|item
|poke|p2|Conkeldurr, F|item
|poke|p2|Tyranitar, M|item
|poke|p2|Jellicent, M|item
|poke|p2|Bronzong|item
|poke|p2|Reuniclus, M|item
|rule|Species Clause: Limit one of each Pokémon
|rule|OHKO Clause: OHKO moves are banned
|rule|Moody Clause: Moody is banned
|rule|Evasion Moves Clause: Evasion moves are banned
|rule|Endless Battle Clause: Forcing endless battles is banned
|rule|HP Percentage Mod: HP is shown in percentages
|rule|Evasion Abilities Clause: Evasion abilities are banned
|rule|Baton Pass Clause: Limit one Baton Passer, can't pass Spe and other stats simultaneously
|rule|Sleep Clause: Sleep-inducing moves are banned
|rule|Swagger Clause: Swagger is banned
|teampreview
|inactive|Battle timer is ON: inactive players will automatically lose when time's up. (requested by HaxerAreBastards)
|
|start
|switch|p1a: Tyranitar|Tyranitar, M|100/100
|switch|p2a: Infernape|Infernape, F|100/100
|-weather|Sandstorm|[from] ability: Sand Stream|[of] p1a: Tyranitar
|turn|1
|
|switch|p1a: Seismitoad|Seismitoad, M|100/100
|move|p2a: Infernape|Close Combat|p1a: Seismitoad
|-damage|p1a: Seismitoad|69/100
|-unboost|p2a: Infernape|def|1
|-unboost|p2a: Infernape|spd|1
|
|-weather|Sandstorm|[upkeep]
|-damage|p2a: Infernape|94/100|[from] Sandstorm
|-heal|p1a: Seismitoad|75/100|[from] item: Leftovers
|upkeep
|turn|2
|
|switch|p2a: Jellicent|Jellicent, M, shiny|100/100
|move|p1a: Seismitoad|Earthquake|p2a: Jellicent
|-damage|p2a: Jellicent|68/100
|
|-weather|Sandstorm|[upkeep]
|-damage|p2a: Jellicent|61/100|[from] Sandstorm
|-heal|p1a: Seismitoad|81/100|[from] item: Leftovers
|-heal|p2a: Jellicent|68/100|[from] item: Leftovers
|upkeep
|turn|3
|
|move|p1a: Seismitoad|Earthquake|p2a: Jellicent
|-damage|p2a: Jellicent|36/100
|move|p2a: Jellicent|Trick Room|p2a: Jellicent
|-fieldstart|move: Trick Room|[of] p2a: Jellicent
|
|-weather|Sandstorm|[upkeep]
|-damage|p2a: Jellicent|29/100|[from] Sandstorm
|-heal|p2a: Jellicent|36/100|[from] item: Leftovers
|-heal|p1a: Seismitoad|87/100|[from] item: Leftovers
|upkeep
|turn|4
|
|move|p1a: Seismitoad|Protect|p1a: Seismitoad
|-singleturn|p1a: Seismitoad|Protect
|move|p2a: Jellicent|Energy Ball|p1a: Seismitoad
|-activate|p1a: Seismitoad|move: Protect
|
|-weather|Sandstorm|[upkeep]
|-damage|p2a: Jellicent|29/100|[from] Sandstorm
|-heal|p2a: Jellicent|36/100|[from] item: Leftovers
|-heal|p1a: Seismitoad|93/100|[from] item: Leftovers
|upkeep
|turn|5
|
|switch|p1a: Tyranitar|Tyranitar, M|100/100
|move|p2a: Jellicent|Energy Ball|p1a: Tyranitar
|-supereffective|p1a: Tyranitar
|-damage|p1a: Tyranitar|72/100
|-unboost|p1a: Tyranitar|spd|1
|
|-weather|Sandstorm|[upkeep]
|-damage|p2a: Jellicent|29/100|[from] Sandstorm
|-heal|p2a: Jellicent|36/100|[from] item: Leftovers
|upkeep
|turn|6
|
|switch|p1a: Breloom|Breloom, F|100/100
|move|p2a: Jellicent|Scald|p1a: Breloom
|-resisted|p1a: Breloom
|-damage|p1a: Breloom|82/100
|
|-weather|Sandstorm|[upkeep]
|-damage|p2a: Jellicent|29/100|[from] Sandstorm
|-damage|p1a: Breloom|75/100|[from] Sandstorm
|-heal|p2a: Jellicent|36/100|[from] item: Leftovers
|-status|p1a: Breloom|tox|[from] item: Toxic Orb
|upkeep
|turn|7
|
|move|p1a: Breloom|Protect|p1a: Breloom
|-singleturn|p1a: Breloom|Protect
|move|p2a: Jellicent|Hidden Power|p1a: Breloom
|-activate|p1a: Breloom|move: Protect
|
|-weather|Sandstorm|[upkeep]
|-damage|p2a: Jellicent|29/100|[from] Sandstorm
|-damage|p1a: Breloom|69/100 tox|[from] Sandstorm
|-heal|p2a: Jellicent|36/100|[from] item: Leftovers
|-heal|p1a: Breloom|82/100 tox|[from] ability: Poison Heal
|-fieldend|move: Trick Room
|upkeep
|turn|8
|
|switch|p2a: Infernape|Infernape, F|94/100
|move|p1a: Breloom|Seed Bomb|p2a: Infernape
|-resisted|p2a: Infernape
|-damage|p2a: Infernape|66/100
|
|-weather|Sandstorm|[upkeep]
|-damage|p2a: Infernape|60/100|[from] Sandstorm
|-damage|p1a: Breloom|75/100 tox|[from] Sandstorm
|-heal|p1a: Breloom|88/100 tox|[from] ability: Poison Heal
|upkeep
|turn|9
|
|move|p2a: Infernape|Stealth Rock|p1a: Breloom
|-sidestart|p1: realmadriddd3|move: Stealth Rock
|move|p1a: Breloom|Drain Punch|p2a: Infernape
|-damage|p2a: Infernape|13/100
|-heal|p1a: Breloom|100/100 tox|[from] drain|[of] p2a: Infernape
|
|-weather|Sandstorm|[upkeep]
|-damage|p2a: Infernape|7/100|[from] Sandstorm
|-damage|p1a: Breloom|94/100 tox|[from] Sandstorm
|-heal|p1a: Breloom|100/100 tox|[from] ability: Poison Heal
|upkeep
|turn|10
|
|move|p1a: Breloom|Protect|p1a: Breloom
|-singleturn|p1a: Breloom|Protect
|move|p2a: Infernape|Fire Blast|p1a: Breloom
|-activate|p1a: Breloom|move: Protect
|
|-weather|Sandstorm|[upkeep]
|-damage|p2a: Infernape|0 fnt|[from] Sandstorm
|-damage|p1a: Breloom|94/100 tox|[from] Sandstorm
|faint|p2a: Infernape
|-heal|p1a: Breloom|100/100 tox|[from] ability: Poison Heal
|upkeep
|
|switch|p2a: Reuniclus|Reuniclus, M|100/100
|turn|11
|
|switch|p1a: Latios|Latios, M|100/100
|-damage|p1a: Latios|88/100|[from] Stealth Rock
|move|p2a: Reuniclus|Trick Room|p2a: Reuniclus
|-fieldstart|move: Trick Room|[of] p2a: Reuniclus
|
|-weather|Sandstorm|[upkeep]
|-damage|p1a: Latios|82/100|[from] Sandstorm
|upkeep
|turn|12
|
|move|p2a: Reuniclus|Shadow Ball|p1a: Latios
|-supereffective|p1a: Latios
|-damage|p1a: Latios|0 fnt
|faint|p1a: Latios
|
|-weather|Sandstorm|[upkeep]
|upkeep
|
|switch|p1a: Excadrill|Excadrill, M|100/100
|-damage|p1a: Excadrill|97/100|[from] Stealth Rock
|turn|13
|
|move|p1a: Excadrill|Protect|p1a: Excadrill
|-singleturn|p1a: Excadrill|Protect
|move|p2a: Reuniclus|Focus Blast|p1a: Excadrill
|-activate|p1a: Excadrill|move: Protect
|
|-weather|Sandstorm|[upkeep]
|-heal|p1a: Excadrill|100/100|[from] item: Leftovers
|upkeep
|turn|14
|
|switch|p1a: Seismitoad|Seismitoad, M|93/100
|-damage|p1a: Seismitoad|87/100|[from] Stealth Rock
|move|p2a: Reuniclus|Focus Blast|p1a: Seismitoad|[miss]
|-miss|p2a: Reuniclus|p1a: Seismitoad
|
|-weather|Sandstorm|[upkeep]
|-heal|p1a: Seismitoad|93/100|[from] item: Leftovers
|upkeep
|turn|15
|
|move|p2a: Reuniclus|Psyshock|p1a: Seismitoad
|-damage|p1a: Seismitoad|49/100
|move|p1a: Seismitoad|Earthquake|p2a: Reuniclus
|-crit|p2a: Reuniclus
|-damage|p2a: Reuniclus|39/100
|
|-weather|Sandstorm|[upkeep]
|-heal|p1a: Seismitoad|55/100|[from] item: Leftovers
|-fieldend|move: Trick Room
|upkeep
|turn|16
|
|move|p1a: Seismitoad|Earthquake|p2a: Reuniclus
|-damage|p2a: Reuniclus|10/100
|move|p2a: Reuniclus|Trick Room|p2a: Reuniclus
|-fieldstart|move: Trick Room|[of] p2a: Reuniclus
|
|-weather|Sandstorm|[upkeep]
|-heal|p1a: Seismitoad|61/100|[from] item: Leftovers
|upkeep
|turn|17
|
|move|p1a: Seismitoad|Protect|p1a: Seismitoad
|-singleturn|p1a: Seismitoad|Protect
|move|p2a: Reuniclus|Psyshock|p1a: Seismitoad
|-activate|p1a: Seismitoad|move: Protect
|
|-weather|Sandstorm|[upkeep]
|-heal|p1a: Seismitoad|67/100|[from] item: Leftovers
|upkeep
|turn|18
|
|move|p2a: Reuniclus|Focus Blast|p1a: Seismitoad|[miss]
|-miss|p2a: Reuniclus|p1a: Seismitoad
|move|p1a: Seismitoad|Earthquake|p2a: Reuniclus
|-crit|p2a: Reuniclus
|-damage|p2a: Reuniclus|0 fnt
|faint|p2a: Reuniclus
|
|-weather|Sandstorm|[upkeep]
|-heal|p1a: Seismitoad|73/100|[from] item: Leftovers
|upkeep
|
|switch|p2a: Conkeldurr|Conkeldurr, F|100/100
|turn|19
|c|☆HaxerAreBastards|As Always against you
|
|move|p1a: Seismitoad|Protect|p1a: Seismitoad
|-singleturn|p1a: Seismitoad|Protect
|move|p2a: Conkeldurr|Drain Punch|p1a: Seismitoad
|-activate|p1a: Seismitoad|move: Protect
|
|-weather|Sandstorm|[upkeep]
|-damage|p2a: Conkeldurr|94/100|[from] Sandstorm
|-heal|p1a: Seismitoad|79/100|[from] item: Leftovers
|upkeep
|turn|20
|
|move|p2a: Conkeldurr|Drain Punch|p1a: Seismitoad
|-damage|p1a: Seismitoad|25/100
|-heal|p2a: Conkeldurr|100/100|[from] drain|[of] p1a: Seismitoad
|-damage|p2a: Conkeldurr|91/100|[from] item: Life Orb
|move|p1a: Seismitoad|Earthquake|p2a: Conkeldurr
|-damage|p2a: Conkeldurr|62/100
|
|-weather|Sandstorm|[upkeep]
|-damage|p2a: Conkeldurr|56/100|[from] Sandstorm
|-heal|p1a: Seismitoad|31/100|[from] item: Leftovers
|-fieldend|move: Trick Room
|upkeep
|turn|21
|
|move|p1a: Seismitoad|Protect|p1a: Seismitoad
|-singleturn|p1a: Seismitoad|Protect
|move|p2a: Conkeldurr|Drain Punch|p1a: Seismitoad
|-activate|p1a: Seismitoad|move: Protect
|
|-weather|Sandstorm|[upkeep]
|-damage|p2a: Conkeldurr|50/100|[from] Sandstorm
|-heal|p1a: Seismitoad|37/100|[from] item: Leftovers
|upkeep
|turn|22
|
|move|p1a: Seismitoad|Earthquake|p2a: Conkeldurr
|-damage|p2a: Conkeldurr|22/100
|move|p2a: Conkeldurr|Drain Punch|p1a: Seismitoad
|-damage|p1a: Seismitoad|0 fnt
|-heal|p2a: Conkeldurr|42/100|[from] drain|[of] p1a: Seismitoad
|-damage|p2a: Conkeldurr|32/100|[from] item: Life Orb
|faint|p1a: Seismitoad
|
|-weather|Sandstorm|[upkeep]
|-damage|p2a: Conkeldurr|26/100|[from] Sandstorm
|upkeep
|
|switch|p1a: Landorus|Landorus-Therian, M|100/100
|-damage|p1a: Landorus|88/100|[from] Stealth Rock
|-ability|p1a: Landorus|Intimidate|boost
|-unboost|p2a: Conkeldurr|atk|1
|turn|23
|
|switch|p2a: Bronzong|Bronzong|100/100
|move|p1a: Landorus|Earthquake|p2a: Bronzong
|-immune|p2a: Bronzong|[from] ability: Levitate
|
|-weather|Sandstorm|[upkeep]
|-heal|p1a: Landorus|94/100|[from] item: Leftovers
|upkeep
|turn|24
|
|move|p1a: Landorus|Stealth Rock|p2a: Bronzong
|-sidestart|p2: HaxerAreBastards|move: Stealth Rock
|move|p2a: Bronzong|Trick Room|p2a: Bronzong
|-fieldstart|move: Trick Room|[of] p2a: Bronzong
|
|-weather|Sandstorm|[upkeep]
|-heal|p1a: Landorus|99/100|[from] item: Leftovers
|upkeep
|turn|25
|
|move|p2a: Bronzong|Gyro Ball|p1a: Landorus
|-damage|p1a: Landorus|41/100
|move|p1a: Landorus|U-turn|p2a: Bronzong
|-damage|p2a: Bronzong|82/100
|
|switch|p1a: Excadrill|Excadrill, M|100/100|[from]move: U-turn
|-damage|p1a: Excadrill|97/100|[from] Stealth Rock
|
|-weather|Sandstorm|[upkeep]
|-heal|p1a: Excadrill|100/100|[from] item: Leftovers
|upkeep
|turn|26
|
|move|p1a: Excadrill|Protect|p1a: Excadrill
|-singleturn|p1a: Excadrill|Protect
|move|p2a: Bronzong|Earthquake|p1a: Excadrill
|-activate|p1a: Excadrill|move: Protect
|
|-weather|Sandstorm|[upkeep]
|upkeep
|turn|27
|
|switch|p1a: Landorus|Landorus-Therian, M|41/100
|-damage|p1a: Landorus|29/100|[from] Stealth Rock
|-ability|p1a: Landorus|Intimidate|boost
|-unboost|p2a: Bronzong|atk|1
|move|p2a: Bronzong|Earthquake|p1a: Landorus
|-immune|p1a: Landorus
|
|-weather|Sandstorm|[upkeep]
|-heal|p1a: Landorus|35/100|[from] item: Leftovers
|upkeep
|turn|28
|
|switch|p1a: Excadrill|Excadrill, M|100/100
|-damage|p1a: Excadrill|97/100|[from] Stealth Rock
|move|p2a: Bronzong|Gyro Ball|p1a: Excadrill
|-resisted|p1a: Excadrill
|-damage|p1a: Excadrill|65/100
|
|-weather|Sandstorm|[upkeep]
|-heal|p1a: Excadrill|71/100|[from] item: Leftovers
|-fieldend|move: Trick Room
|upkeep
|turn|29
|
|move|p1a: Excadrill|Iron Head|p2a: Bronzong
|-resisted|p2a: Bronzong
|-damage|p2a: Bronzong|55/100
|move|p2a: Bronzong|Trick Room|p2a: Bronzong
|-fieldstart|move: Trick Room|[of] p2a: Bronzong
|
|-weather|Sandstorm|[upkeep]
|-heal|p1a: Excadrill|77/100|[from] item: Leftovers
|upkeep
|turn|30
|
|switch|p2a: Jellicent|Jellicent, M, shiny|36/100
|-damage|p2a: Jellicent|23/100|[from] Stealth Rock
|move|p1a: Excadrill|Protect||[still]
|-fail|p1a: Excadrill
|
|-weather|Sandstorm|[upkeep]
|-damage|p2a: Jellicent|17/100|[from] Sandstorm
|-heal|p2a: Jellicent|23/100|[from] item: Leftovers
|-heal|p1a: Excadrill|83/100|[from] item: Leftovers
|upkeep
|turn|31
|
|move|p1a: Excadrill|Protect|p1a: Excadrill
|-singleturn|p1a: Excadrill|Protect
|move|p2a: Jellicent|Scald|p1a: Excadrill
|-activate|p1a: Excadrill|move: Protect
|
|-weather|Sandstorm|[upkeep]
|-damage|p2a: Jellicent|17/100|[from] Sandstorm
|-heal|p2a: Jellicent|23/100|[from] item: Leftovers
|-heal|p1a: Excadrill|89/100|[from] item: Leftovers
|upkeep
|turn|32
|
|switch|p1a: Tyranitar|Tyranitar, M|72/100
|-damage|p1a: Tyranitar|59/100|[from] Stealth Rock
|move|p2a: Jellicent|Hidden Power|p1a: Tyranitar
|-resisted|p1a: Tyranitar
|-damage|p1a: Tyranitar|53/100
|
|-weather|Sandstorm|[upkeep]
|-damage|p2a: Jellicent|17/100|[from] Sandstorm
|-heal|p2a: Jellicent|23/100|[from] item: Leftovers
|upkeep
|turn|33
|
|move|p2a: Jellicent|Scald|p1a: Tyranitar
|-supereffective|p1a: Tyranitar
|-damage|p1a: Tyranitar|5/100
|-status|p1a: Tyranitar|brn
|move|p1a: Tyranitar|Crunch|p2a: Jellicent
|-supereffective|p2a: Jellicent
|-damage|p2a: Jellicent|0 fnt
|faint|p2a: Jellicent
|
|-weather|Sandstorm|[upkeep]
|-damage|p1a: Tyranitar|0 fnt|[from] brn
|faint|p1a: Tyranitar
|-fieldend|move: Trick Room
|upkeep
|
|switch|p1a: Breloom|Breloom, F|100/100 tox
|switch|p2a: Bronzong|Bronzong|55/100
|-damage|p1a: Breloom|94/100 tox|[from] Stealth Rock
|-damage|p2a: Bronzong|48/100|[from] Stealth Rock
|turn|34
|
|move|p1a: Breloom|Bulk Up|p1a: Breloom
|-boost|p1a: Breloom|atk|1
|-boost|p1a: Breloom|def|1
|move|p2a: Bronzong|Trick Room|p2a: Bronzong
|-fieldstart|move: Trick Room|[of] p2a: Bronzong
|
|-weather|Sandstorm|[upkeep]
|-damage|p1a: Breloom|88/100 tox|[from] Sandstorm
|-heal|p1a: Breloom|100/100 tox|[from] ability: Poison Heal
|upkeep
|turn|35
|
|move|p1a: Breloom|Protect|p1a: Breloom
|-singleturn|p1a: Breloom|Protect
|move|p2a: Bronzong|Gyro Ball|p1a: Breloom
|-activate|p1a: Breloom|move: Protect
|
|-weather|Sandstorm|[upkeep]
|-damage|p1a: Breloom|94/100 tox|[from] Sandstorm
|-heal|p1a: Breloom|100/100 tox|[from] ability: Poison Heal
|upkeep
|turn|36
|
|move|p2a: Bronzong|Gyro Ball|p1a: Breloom
|-damage|p1a: Breloom|42/100 tox
|move|p1a: Breloom|Drain Punch|p2a: Bronzong
|-damage|p2a: Bronzong|2/100
|-heal|p1a: Breloom|67/100 tox|[from] drain|[of] p2a: Bronzong
|
|-weather|Sandstorm|[upkeep]
|-damage|p1a: Breloom|60/100 tox|[from] Sandstorm
|-heal|p1a: Breloom|73/100 tox|[from] ability: Poison Heal
|upkeep
|turn|37
|
|move|p1a: Breloom|Protect|p1a: Breloom
|-singleturn|p1a: Breloom|Protect
|move|p2a: Bronzong|Gyro Ball|p1a: Breloom
|-activate|p1a: Breloom|move: Protect
|
|-weather|Sandstorm|[upkeep]
|-damage|p1a: Breloom|67/100 tox|[from] Sandstorm
|-heal|p1a: Breloom|79/100 tox|[from] ability: Poison Heal
|upkeep
|turn|38
|
|switch|p1a: Landorus|Landorus-Therian, M|35/100
|-damage|p1a: Landorus|22/100|[from] Stealth Rock
|-ability|p1a: Landorus|Intimidate|boost
|-unboost|p2a: Bronzong|atk|1
|move|p2a: Bronzong|Explosion|p1a: Landorus
|-damage|p1a: Landorus|0 fnt
|faint|p2a: Bronzong
|faint|p1a: Landorus
|
|-weather|Sandstorm|[upkeep]
|-fieldend|move: Trick Room
|upkeep
|
|switch|p1a: Breloom|Breloom, F|79/100 tox
|switch|p2a: Tyranitar|Tyranitar, M|100/100
|-damage|p1a: Breloom|73/100 tox|[from] Stealth Rock
|-damage|p2a: Tyranitar|88/100|[from] Stealth Rock
|turn|39
|
|move|p1a: Breloom|Protect|p1a: Breloom
|-singleturn|p1a: Breloom|Protect
|move|p2a: Tyranitar|Ice Beam|p1a: Breloom
|-activate|p1a: Breloom|move: Protect
|
|-weather|Sandstorm|[upkeep]
|-damage|p1a: Breloom|67/100 tox|[from] Sandstorm
|-heal|p1a: Breloom|79/100 tox|[from] ability: Poison Heal
|upkeep
|turn|40
|
|move|p1a: Breloom|Drain Punch|p2a: Tyranitar
|-supereffective|p2a: Tyranitar
|-enditem|p2a: Tyranitar|Chople Berry|[eat]
|-enditem|p2a: Tyranitar|Chople Berry|[weaken]
|-damage|p2a: Tyranitar|24/100
|-heal|p1a: Breloom|100/100 tox|[from] drain|[of] p2a: Tyranitar
|move|p2a: Tyranitar|Flamethrower|p1a: Breloom
|-supereffective|p1a: Breloom
|-damage|p1a: Breloom|30/100 tox
|
|-weather|Sandstorm|[upkeep]
|-damage|p1a: Breloom|24/100 tox|[from] Sandstorm
|-heal|p1a: Breloom|37/100 tox|[from] ability: Poison Heal
|upkeep
|turn|41
|
|move|p1a: Breloom|Protect|p1a: Breloom
|-singleturn|p1a: Breloom|Protect
|move|p2a: Tyranitar|Ice Beam|p1a: Breloom
|-activate|p1a: Breloom|move: Protect
|
|-weather|Sandstorm|[upkeep]
|-damage|p1a: Breloom|30/100 tox|[from] Sandstorm
|-heal|p1a: Breloom|43/100 tox|[from] ability: Poison Heal
|upkeep
|turn|42
|
|move|p1a: Breloom|Drain Punch|p2a: Tyranitar
|-supereffective|p2a: Tyranitar
|-damage|p2a: Tyranitar|0 fnt
|-heal|p1a: Breloom|56/100 tox|[from] drain|[of] p2a: Tyranitar
|faint|p2a: Tyranitar
|
|-weather|Sandstorm|[upkeep]
|-damage|p1a: Breloom|50/100 tox|[from] Sandstorm
|-heal|p1a: Breloom|62/100 tox|[from] ability: Poison Heal
|upkeep
|c|☆HaxerAreBastards|Gg arab
|
|switch|p2a: Conkeldurr|Conkeldurr, F|26/100
|-damage|p2a: Conkeldurr|20/100|[from] Stealth Rock
|turn|43
|
|move|p1a: Breloom|Protect|p1a: Breloom
|-singleturn|p1a: Breloom|Protect
|move|p2a: Conkeldurr|Mach Punch|p1a: Breloom
|-activate|p1a: Breloom|move: Protect
|
|-weather|Sandstorm|[upkeep]
|-damage|p1a: Breloom|56/100 tox|[from] Sandstorm
|-damage|p2a: Conkeldurr|14/100|[from] Sandstorm
|-heal|p1a: Breloom|68/100 tox|[from] ability: Poison Heal
|upkeep
|turn|44
|
|move|p2a: Conkeldurr|Mach Punch|p1a: Breloom
|-damage|p1a: Breloom|18/100 tox
|-damage|p2a: Conkeldurr|4/100|[from] item: Life Orb
|move|p1a: Breloom|Drain Punch|p2a: Conkeldurr
|-damage|p2a: Conkeldurr|0 fnt
|-heal|p1a: Breloom|20/100 tox|[from] drain|[of] p2a: Conkeldurr
|faint|p2a: Conkeldurr
|
|win|realmadriddd3
|raw|realmadriddd3's rating: 1663 &rarr; <strong>1675</strong><br />(+12 for winning)
|raw|HaxerAreBastards's rating: 1508 &rarr; <strong>1496</strong><br />(-12 for losing)
|j|@FOMG
|l|☆realmadriddd3
