|j|☆HydreigonSpammer
|j|☆chomp29
|t:|1735785140
|gametype|singles
|player|p1|HydreigonSpammer|acetrainer|1408
|player|p2|chomp29|lucas|1408
|teamsize|p1|6
|teamsize|p2|6
|gen|5
|tier|[Gen 5] OU
|rated|
|rule|Species Clause: Limit one of each Pokémon
|rule|OHKO Clause: OHKO moves are banned
|rule|Moody Clause: Moody is banned
|rule|Evasion Items Clause: Evasion items are banned
|rule|Evasion Moves Clause: Evasion moves are banned
|rule|Endless Battle Clause: Forcing endless battles is banned
|rule|HP Percentage Mod: HP is shown in percentages
|rule|Evasion Abilities Clause: Evasion abilities are banned
|rule|Sleep Moves Clause: Sleep-inducing moves are banned
|rule|Swagger Clause: Swagger is banned
|rule|Baton Pass Stat Clause: No Baton Passer may have a way to boost its stats
|clearpoke
|poke|p1|Hydreigon, F|item
|poke|p1|Golurk|item
|poke|p1|Tyranitar, F|item
|poke|p1|Latios, M|item
|poke|p1|Jirachi|item
|poke|p1|Gastrodon, M|item
|poke|p2|Kyurem-Black|item
|poke|p2|Abomasnow, F|item
|poke|p2|Jellicent, F|item
|poke|p2|Forretress, M|item
|poke|p2|Mandibuzz, F|item
|poke|p2|Gliscor, F|item
|teampreview
|inactive|Battle timer is ON: inactive players will automatically lose when time's up. (requested by chomp29)
|
|t:|1735785156
|start
|switch|p1a: Hydreigon|Hydreigon, F, shiny|100/100
|switch|p2a: Abomasnow|Abomasnow, F|100/100
|-weather|Hail|[from] ability: Snow Warning|[of] p2a: Abomasnow
|turn|1
|
|t:|1735785167
|switch|p2a: Mandibuzz|Mandibuzz, F|100/100
|move|p1a: Hydreigon|Fire Blast|p2a: Mandibuzz
|-damage|p2a: Mandibuzz|68/100
|-status|p2a: Mandibuzz|brn
|-damage|p1a: Hydreigon|91/100|[from] item: Life Orb
|
|-weather|Hail|[upkeep]
|-damage|p1a: Hydreigon|84/100|[from] Hail
|-heal|p2a: Mandibuzz|75/100 brn|[from] item: Leftovers
|-damage|p2a: Mandibuzz|62/100 brn|[from] brn
|upkeep
|turn|2
|
|t:|1735785175
|switch|p1a: Jirachi|Jirachi|100/100
|move|p2a: Mandibuzz|Roost|p2a: Mandibuzz
|-heal|p2a: Mandibuzz|100/100 brn
|-singleturn|p2a: Mandibuzz|move: Roost
|
|-weather|Hail|[upkeep]
|-damage|p1a: Jirachi|94/100|[from] Hail
|-heal|p1a: Jirachi|100/100|[from] item: Leftovers
|-damage|p2a: Mandibuzz|88/100 brn|[from] brn
|upkeep
|turn|3
|
|t:|1735785180
|move|p1a: Jirachi|Stealth Rock|p2a: Mandibuzz
|-sidestart|p2: chomp29|move: Stealth Rock
|move|p2a: Mandibuzz|Knock Off|p1a: Jirachi
|-damage|p1a: Jirachi|98/100
|-enditem|p1a: Jirachi|Leftovers|[from] move: Knock Off|[of] p2a: Mandibuzz
|
|-weather|Hail|[upkeep]
|-damage|p1a: Jirachi|92/100|[from] Hail
|-heal|p2a: Mandibuzz|94/100 brn|[from] item: Leftovers
|-damage|p2a: Mandibuzz|82/100 brn|[from] brn
|upkeep
|turn|4
|
|t:|1735785191
|move|p1a: Jirachi|U-turn|p2a: Mandibuzz
|-damage|p2a: Mandibuzz|70/100 brn
|
|t:|1735785195
|switch|p1a: Tyranitar|Tyranitar, F|100/100|[from] U-turn
|-weather|Sandstorm|[from] ability: Sand Stream|[of] p1a: Tyranitar
|move|p2a: Mandibuzz|Roost|p2a: Mandibuzz
|-heal|p2a: Mandibuzz|100/100 brn
|-singleturn|p2a: Mandibuzz|move: Roost
|
|-weather|Sandstorm|[upkeep]
|-damage|p2a: Mandibuzz|88/100 brn|[from] brn
|upkeep
|turn|5
|
|t:|1735785198
|move|p1a: Tyranitar|Stone Edge|p2a: Mandibuzz
|-supereffective|p2a: Mandibuzz
|-damage|p2a: Mandibuzz|0 fnt
|faint|p2a: Mandibuzz
|
|-weather|Sandstorm|[upkeep]
|upkeep
|
|t:|1735785201
|switch|p2a: Forretress|Forretress, M|100/100
|-damage|p2a: Forretress|88/100|[from] Stealth Rock
|turn|6
|
|t:|1735785206
|switch|p1a: #StopTerrakion|Golurk|100/100
|move|p2a: Forretress|Spikes|p1a: #StopTerrakion
|-sidestart|p1: HydreigonSpammer|Spikes
|
|-weather|Sandstorm|[upkeep]
|-heal|p2a: Forretress|94/100|[from] item: Leftovers
|upkeep
|turn|7
|
|t:|1735785214
|switch|p2a: Gliscor|Gliscor, F|100/100
|-damage|p2a: Gliscor|88/100|[from] Stealth Rock
|move|p1a: #StopTerrakion|Dynamic Punch|p2a: Gliscor
|-resisted|p2a: Gliscor
|-damage|p2a: Gliscor|78/100
|-start|p2a: Gliscor|confusion
|
|-weather|Sandstorm|[upkeep]
|-status|p2a: Gliscor|tox|[from] item: Toxic Orb
|upkeep
|turn|8
|j| learning ts fr
|
|t:|1735785223
|switch|p1a: Hydreigon|Hydreigon, F, shiny|84/100
|-activate|p2a: Gliscor|confusion
|move|p2a: Gliscor|Protect||[still]
|-fail|p2a: Gliscor
|
|-weather|Sandstorm|[upkeep]
|-damage|p1a: Hydreigon|78/100|[from] Sandstorm
|-heal|p2a: Gliscor|90/100 tox|[from] ability: Poison Heal
|upkeep
|turn|9
|
|t:|1735785227
|-activate|p2a: Gliscor|confusion
|move|p2a: Gliscor|Protect|p2a: Gliscor
|-singleturn|p2a: Gliscor|Protect
|move|p1a: Hydreigon|Draco Meteor|p2a: Gliscor
|-activate|p2a: Gliscor|move: Protect
|
|-weather|Sandstorm|[upkeep]
|-damage|p1a: Hydreigon|72/100|[from] Sandstorm
|-heal|p2a: Gliscor|100/100 tox|[from] ability: Poison Heal
|upkeep
|turn|10
|c| learning ts fr|yo chomp
|
|t:|1735785248
|move|p1a: Hydreigon|Draco Meteor|p2a: Gliscor
|-damage|p2a: Gliscor|19/100 tox
|-unboost|p1a: Hydreigon|spa|2
|-damage|p1a: Hydreigon|62/100|[from] item: Life Orb
|-activate|p2a: Gliscor|confusion
|move|p2a: Gliscor|Toxic|p1a: Hydreigon
|-status|p1a: Hydreigon|tox
|
|-weather|Sandstorm|[upkeep]
|-damage|p1a: Hydreigon|56/100 tox|[from] Sandstorm
|-damage|p1a: Hydreigon|50/100 tox|[from] psn
|-heal|p2a: Gliscor|31/100 tox|[from] ability: Poison Heal
|upkeep
|turn|11
|
|t:|1735785251
|-end|p2a: Gliscor|confusion
|move|p2a: Gliscor|Protect|p2a: Gliscor
|-singleturn|p2a: Gliscor|Protect
|move|p1a: Hydreigon|Roost|p1a: Hydreigon
|-heal|p1a: Hydreigon|99/100 tox
|-singleturn|p1a: Hydreigon|move: Roost
|
|-weather|Sandstorm|[upkeep]
|-damage|p1a: Hydreigon|94/100 tox|[from] Sandstorm
|-damage|p1a: Hydreigon|82/100 tox|[from] psn
|-heal|p2a: Gliscor|44/100 tox|[from] ability: Poison Heal
|upkeep
|turn|12
|
|t:|1735785257
|switch|p1a: Latios|Latios, M|100/100
|move|p2a: Gliscor|Protect||[still]
|-fail|p2a: Gliscor
|
|-weather|Sandstorm|[upkeep]
|-damage|p1a: Latios|95/100|[from] Sandstorm
|-heal|p2a: Gliscor|56/100 tox|[from] ability: Poison Heal
|upkeep
|turn|13
|
|t:|1735785260
|move|p2a: Gliscor|Protect|p2a: Gliscor
|-singleturn|p2a: Gliscor|Protect
|move|p1a: Latios|Surf|p2a: Gliscor
|-activate|p2a: Gliscor|move: Protect
|
|-weather|Sandstorm|[upkeep]
|-damage|p1a: Latios|89/100|[from] Sandstorm
|-heal|p2a: Gliscor|69/100 tox|[from] ability: Poison Heal
|upkeep
|turn|14
|
|t:|1735785272
|switch|p1a: Tyranitar|Tyranitar, F|100/100
|-damage|p1a: Tyranitar|88/100|[from] Spikes
|switch|p2a: Jellicent|Jellicent, F|100/100
|-damage|p2a: Jellicent|88/100|[from] Stealth Rock
|
|-weather|Sandstorm|[upkeep]
|-damage|p2a: Jellicent|82/100|[from] Sandstorm
|-heal|p2a: Jellicent|88/100|[from] item: Leftovers
|upkeep
|turn|15
|
|t:|1735785276
|move|p2a: Jellicent|Scald|p1a: Tyranitar
|-supereffective|p1a: Tyranitar
|-damage|p1a: Tyranitar|47/100
|move|p1a: Tyranitar|Crunch|p2a: Jellicent
|-supereffective|p2a: Jellicent
|-damage|p2a: Jellicent|0 fnt
|faint|p2a: Jellicent
|
|-weather|Sandstorm|[upkeep]
|upkeep
|
|t:|1735785291
|switch|p2a: Gliscor|Gliscor, F|69/100 tox
|-damage|p2a: Gliscor|56/100 tox|[from] Stealth Rock
|turn|16
|
|t:|1735785300
|switch|p1a: Gastrodon|Gastrodon, M|100/100
|-damage|p1a: Gastrodon|88/100|[from] Spikes
|move|p2a: Gliscor|Stealth Rock|p1a: Gastrodon
|-sidestart|p1: HydreigonSpammer|move: Stealth Rock
|
|-weather|Sandstorm|[upkeep]
|-heal|p1a: Gastrodon|94/100|[from] item: Leftovers
|-heal|p2a: Gliscor|69/100 tox|[from] ability: Poison Heal
|upkeep
|turn|17
|
|t:|1735785309
|move|p2a: Gliscor|Protect|p2a: Gliscor
|-singleturn|p2a: Gliscor|Protect
|move|p1a: Gastrodon|Ice Beam|p2a: Gliscor
|-activate|p2a: Gliscor|move: Protect
|
|-weather|Sandstorm|[upkeep]
|-heal|p1a: Gastrodon|99/100|[from] item: Leftovers
|-heal|p2a: Gliscor|81/100 tox|[from] ability: Poison Heal
|upkeep
|turn|18
|
|t:|1735785317
|switch|p2a: Abomasnow|Abomasnow, F|100/100
|-damage|p2a: Abomasnow|76/100|[from] Stealth Rock
|-weather|Hail|[from] ability: Snow Warning|[of] p2a: Abomasnow
|move|p1a: Gastrodon|Scald|p2a: Abomasnow
|-resisted|p2a: Abomasnow
|-damage|p2a: Abomasnow|61/100
|
|-weather|Hail|[upkeep]
|-damage|p1a: Gastrodon|94/100|[from] Hail
|-heal|p1a: Gastrodon|99/100|[from] item: Leftovers
|upkeep
|turn|19
|
|t:|1735785336
|switch|p1a: Jirachi|Jirachi|92/100
|-damage|p1a: Jirachi|80/100|[from] Spikes
|-damage|p1a: Jirachi|73/100|[from] Stealth Rock
|move|p2a: Abomasnow|Substitute|p2a: Abomasnow
|-start|p2a: Abomasnow|Substitute
|-damage|p2a: Abomasnow|36/100
|
|-weather|Hail|[upkeep]
|-damage|p1a: Jirachi|67/100|[from] Hail
|upkeep
|turn|20
|
|t:|1735785342
|move|p1a: Jirachi|Iron Head|p2a: Abomasnow
|-supereffective|p2a: Abomasnow
|-end|p2a: Abomasnow|Substitute
|move|p2a: Abomasnow|Giga Drain|p1a: Jirachi
|-resisted|p1a: Jirachi
|-damage|p1a: Jirachi|55/100
|-heal|p2a: Abomasnow|43/100|[from] drain|[of] p1a: Jirachi
|
|-weather|Hail|[upkeep]
|-damage|p1a: Jirachi|49/100|[from] Hail
|upkeep
|turn|21
|
|t:|1735785352
|switch|p2a: Gliscor|Gliscor, F|81/100 tox
|-damage|p2a: Gliscor|69/100 tox|[from] Stealth Rock
|move|p1a: Jirachi|U-turn|p2a: Gliscor
|-resisted|p2a: Gliscor
|-damage|p2a: Gliscor|63/100 tox
|
|t:|1735785360
|switch|p1a: Gastrodon|Gastrodon, M|99/100|[from] U-turn
|-damage|p1a: Gastrodon|88/100|[from] Spikes
|-damage|p1a: Gastrodon|82/100|[from] Stealth Rock
|
|-weather|Hail|[upkeep]
|-damage|p2a: Gliscor|57/100 tox|[from] Hail
|-damage|p1a: Gastrodon|76/100|[from] Hail
|-heal|p1a: Gastrodon|82/100|[from] item: Leftovers
|-heal|p2a: Gliscor|69/100 tox|[from] ability: Poison Heal
|upkeep
|turn|22
|
|t:|1735785363
|move|p2a: Gliscor|Protect|p2a: Gliscor
|-singleturn|p2a: Gliscor|Protect
|move|p1a: Gastrodon|Scald|p2a: Gliscor
|-activate|p2a: Gliscor|move: Protect
|
|-weather|Hail|[upkeep]
|-damage|p2a: Gliscor|63/100 tox|[from] Hail
|-damage|p1a: Gastrodon|76/100|[from] Hail
|-heal|p1a: Gastrodon|82/100|[from] item: Leftovers
|-heal|p2a: Gliscor|75/100 tox|[from] ability: Poison Heal
|upkeep
|turn|23
|
|t:|1735785382
|switch|p2a: Forretress|Forretress, M|94/100
|-damage|p2a: Forretress|82/100|[from] Stealth Rock
|move|p1a: Gastrodon|Ice Beam|p2a: Forretress
|-resisted|p2a: Forretress
|-damage|p2a: Forretress|68/100
|
|-weather|Hail|[upkeep]
|-damage|p1a: Gastrodon|76/100|[from] Hail
|-heal|p1a: Gastrodon|82/100|[from] item: Leftovers
|-heal|p2a: Forretress|74/100|[from] item: Leftovers
|upkeep
|turn|24
|
|t:|1735785385
|switch|p1a: #StopTerrakion|Golurk|100/100
|-damage|p1a: #StopTerrakion|88/100|[from] Spikes
|-damage|p1a: #StopTerrakion|82/100|[from] Stealth Rock
|move|p2a: Forretress|Rapid Spin|p1a: #StopTerrakion
|-immune|p1a: #StopTerrakion
|
|-weather|Hail|[upkeep]
|-damage|p1a: #StopTerrakion|76/100|[from] Hail
|-heal|p1a: #StopTerrakion|82/100|[from] item: Leftovers
|-heal|p2a: Forretress|80/100|[from] item: Leftovers
|upkeep
|turn|25
|
|t:|1735785392
|move|p1a: #StopTerrakion|Night Shade|p2a: Forretress
|-damage|p2a: Forretress|52/100
|move|p2a: Forretress|Hidden Power|p1a: #StopTerrakion
|-supereffective|p1a: #StopTerrakion
|-damage|p1a: #StopTerrakion|62/100
|
|-weather|Hail|[upkeep]
|-damage|p1a: #StopTerrakion|56/100|[from] Hail
|-heal|p1a: #StopTerrakion|62/100|[from] item: Leftovers
|-heal|p2a: Forretress|58/100|[from] item: Leftovers
|upkeep
|turn|26
|
|t:|1735785399
|move|p1a: #StopTerrakion|Dynamic Punch|p2a: Forretress
|-damage|p2a: Forretress|43/100
|-start|p2a: Forretress|confusion
|-activate|p2a: Forretress|confusion
|-damage|p2a: Forretress|38/100|[from] confusion
|
|-weather|Hail|[upkeep]
|-damage|p1a: #StopTerrakion|56/100|[from] Hail
|-heal|p1a: #StopTerrakion|62/100|[from] item: Leftovers
|-heal|p2a: Forretress|45/100|[from] item: Leftovers
|upkeep
|turn|27
|
|t:|1735785405
|move|p1a: #StopTerrakion|Dynamic Punch|p2a: Forretress
|-damage|p2a: Forretress|29/100
|-end|p2a: Forretress|confusion
|move|p2a: Forretress|Spikes|p1a: #StopTerrakion
|-sidestart|p1: HydreigonSpammer|Spikes
|
|-weather|Hail|[upkeep]
|-damage|p1a: #StopTerrakion|56/100|[from] Hail
|-heal|p1a: #StopTerrakion|62/100|[from] item: Leftovers
|-heal|p2a: Forretress|35/100|[from] item: Leftovers
|upkeep
|turn|28
|
|t:|1735785411
|move|p1a: #StopTerrakion|Dynamic Punch|p2a: Forretress
|-damage|p2a: Forretress|19/100
|-start|p2a: Forretress|confusion
|-activate|p2a: Forretress|confusion
|-damage|p2a: Forretress|13/100|[from] confusion
|
|-weather|Hail|[upkeep]
|-damage|p1a: #StopTerrakion|56/100|[from] Hail
|-heal|p1a: #StopTerrakion|62/100|[from] item: Leftovers
|-heal|p2a: Forretress|20/100|[from] item: Leftovers
|upkeep
|turn|29
|
|t:|1735785415
|move|p1a: #StopTerrakion|Night Shade|p2a: Forretress
|-damage|p2a: Forretress|0 fnt
|faint|p2a: Forretress
|
|-weather|Hail|[upkeep]
|-damage|p1a: #StopTerrakion|56/100|[from] Hail
|-heal|p1a: #StopTerrakion|62/100|[from] item: Leftovers
|upkeep
|
|t:|1735785419
|switch|p2a: Abomasnow|Abomasnow, F|43/100
|-damage|p2a: Abomasnow|18/100|[from] Stealth Rock
|turn|30
|
|t:|1735785428
|switch|p1a: Jirachi|Jirachi|49/100
|-damage|p1a: Jirachi|32/100|[from] Spikes
|-damage|p1a: Jirachi|26/100|[from] Stealth Rock
|move|p2a: Abomasnow|Giga Drain|p1a: Jirachi
|-resisted|p1a: Jirachi
|-damage|p1a: Jirachi|15/100
|-heal|p2a: Abomasnow|25/100|[from] drain|[of] p1a: Jirachi
|
|-weather|Hail|[upkeep]
|-damage|p1a: Jirachi|9/100|[from] Hail
|upkeep
|turn|31
|
|t:|1735785442
|move|p1a: Jirachi|Iron Head|p2a: Abomasnow
|-supereffective|p2a: Abomasnow
|-damage|p2a: Abomasnow|0 fnt
|faint|p2a: Abomasnow
|
|-weather|Hail|[upkeep]
|-damage|p1a: Jirachi|3/100|[from] Hail
|upkeep
|
|t:|1735785457
|switch|p2a: Gliscor|Gliscor, F|75/100 tox
|-damage|p2a: Gliscor|63/100 tox|[from] Stealth Rock
|turn|32
|
|t:|1735785463
|move|p1a: Jirachi|Healing Wish|p1a: Jirachi
|faint|p1a: Jirachi
|move|p2a: Gliscor|Earthquake|p1: Jirachi|[notarget]
|-fail|p2a: Gliscor
|
|-weather|Hail|[upkeep]
|-damage|p2a: Gliscor|57/100 tox|[from] Hail
|-heal|p2a: Gliscor|69/100 tox|[from] ability: Poison Heal
|upkeep
|
|t:|1735785472
|switch|p1a: Hydreigon|Hydreigon, F, shiny|82/100 tox
|-heal|p1a: Hydreigon|100/100|[from] move: Healing Wish
|-damage|p1a: Hydreigon|88/100|[from] Stealth Rock
|turn|33
|
|t:|1735785481
|switch|p1a: Tyranitar|Tyranitar, F|47/100
|-damage|p1a: Tyranitar|31/100|[from] Spikes
|-damage|p1a: Tyranitar|18/100|[from] Stealth Rock
|-weather|Sandstorm|[from] ability: Sand Stream|[of] p1a: Tyranitar
|move|p2a: Gliscor|Protect||[still]
|-fail|p2a: Gliscor
|
|-weather|Sandstorm|[upkeep]
|-heal|p2a: Gliscor|82/100 tox|[from] ability: Poison Heal
|upkeep
|turn|34
|
|t:|1735785486
|move|p2a: Gliscor|Earthquake|p1a: Tyranitar
|-supereffective|p1a: Tyranitar
|-damage|p1a: Tyranitar|0 fnt
|faint|p1a: Tyranitar
|
|-weather|Sandstorm|[upkeep]
|-heal|p2a: Gliscor|94/100 tox|[from] ability: Poison Heal
|upkeep
|
|t:|1735785489
|switch|p1a: Gastrodon|Gastrodon, M|82/100
|-damage|p1a: Gastrodon|65/100|[from] Spikes
|-damage|p1a: Gastrodon|59/100|[from] Stealth Rock
|turn|35
|
|t:|1735785493
|move|p2a: Gliscor|Toxic|p1a: Gastrodon
|-status|p1a: Gastrodon|tox
|move|p1a: Gastrodon|Ice Beam|p2a: Gliscor
|-supereffective|p2a: Gliscor
|-damage|p2a: Gliscor|21/100 tox
|
|-weather|Sandstorm|[upkeep]
|-heal|p1a: Gastrodon|65/100 tox|[from] item: Leftovers
|-heal|p2a: Gliscor|33/100 tox|[from] ability: Poison Heal
|-damage|p1a: Gastrodon|59/100 tox|[from] psn
|upkeep
|turn|36
|
|t:|1735785497
|move|p2a: Gliscor|Earthquake|p1a: Gastrodon
|-crit|p1a: Gastrodon
|-damage|p1a: Gastrodon|14/100 tox
|move|p1a: Gastrodon|Recover|p1a: Gastrodon
|-heal|p1a: Gastrodon|64/100 tox
|
|-weather|Sandstorm|[upkeep]
|-heal|p1a: Gastrodon|71/100 tox|[from] item: Leftovers
|-heal|p2a: Gliscor|45/100 tox|[from] ability: Poison Heal
|-damage|p1a: Gastrodon|58/100 tox|[from] psn
|upkeep
|turn|37
|
|t:|1735785501
|switch|p1a: Latios|Latios, M|89/100
|-damage|p1a: Latios|76/100|[from] Stealth Rock
|move|p2a: Gliscor|Protect||[still]
|-fail|p2a: Gliscor
|
|-weather|Sandstorm|[upkeep]
|-damage|p1a: Latios|70/100|[from] Sandstorm
|-heal|p2a: Gliscor|58/100 tox|[from] ability: Poison Heal
|upkeep
|turn|38
|
|t:|1735785507
|move|p2a: Gliscor|Protect|p2a: Gliscor
|-singleturn|p2a: Gliscor|Protect
|move|p1a: Latios|Surf|p2a: Gliscor
|-activate|p2a: Gliscor|move: Protect
|
|-weather|Sandstorm|[upkeep]
|-damage|p1a: Latios|64/100|[from] Sandstorm
|-heal|p2a: Gliscor|70/100 tox|[from] ability: Poison Heal
|upkeep
|turn|39
|
|t:|1735785527
|switch|p2a: Kyurem|Kyurem-Black|100/100
|-damage|p2a: Kyurem|76/100|[from] Stealth Rock
|-ability|p2a: Kyurem|Teravolt
|move|p1a: Latios|Surf|p2a: Kyurem
|-resisted|p2a: Kyurem
|-damage|p2a: Kyurem|61/100
|
|-weather|Sandstorm|[upkeep]
|-damage|p1a: Latios|58/100|[from] Sandstorm
|-damage|p2a: Kyurem|55/100|[from] Sandstorm
|upkeep
|turn|40
|
|t:|1735785537
|switch|p1a: #StopTerrakion|Golurk|62/100
|-damage|p1a: #StopTerrakion|46/100|[from] Spikes
|-damage|p1a: #StopTerrakion|40/100|[from] Stealth Rock
|move|p2a: Kyurem|Draco Meteor|p1a: #StopTerrakion
|-damage|p1a: #StopTerrakion|0 fnt
|-unboost|p2a: Kyurem|spa|2
|faint|p1a: #StopTerrakion
|
|-weather|Sandstorm|[upkeep]
|-damage|p2a: Kyurem|49/100|[from] Sandstorm
|upkeep
|
|t:|1735785554
|switch|p1a: Latios|Latios, M|58/100
|-damage|p1a: Latios|46/100|[from] Stealth Rock
|turn|41
|
|t:|1735785560
|move|p1a: Latios|Dragon Pulse|p2a: Kyurem
|-supereffective|p2a: Kyurem
|-damage|p2a: Kyurem|0 fnt
|faint|p2a: Kyurem
|
|-weather|Sandstorm|[upkeep]
|-damage|p1a: Latios|40/100|[from] Sandstorm
|upkeep
|
|t:|1735785562
|switch|p2a: Gliscor|Gliscor, F|70/100 tox
|-damage|p2a: Gliscor|58/100 tox|[from] Stealth Rock
|turn|42
|
|t:|1735785566
|switch|p1a: Gastrodon|Gastrodon, M|58/100 tox
|-damage|p1a: Gastrodon|42/100 tox|[from] Spikes
|-damage|p1a: Gastrodon|36/100 tox|[from] Stealth Rock
|move|p2a: Gliscor|Protect||[still]
|-fail|p2a: Gliscor
|
|-weather|Sandstorm|[upkeep]
|-heal|p1a: Gastrodon|42/100 tox|[from] item: Leftovers
|-heal|p2a: Gliscor|70/100 tox|[from] ability: Poison Heal
|-damage|p1a: Gastrodon|36/100 tox|[from] psn
|upkeep
|turn|43
|
|t:|1735785575
|switch|p1a: Latios|Latios, M|40/100
|-damage|p1a: Latios|28/100|[from] Stealth Rock
|move|p2a: Gliscor|Protect||[still]
|-fail|p2a: Gliscor
|
|-weather|Sandstorm|[upkeep]
|-damage|p1a: Latios|22/100|[from] Sandstorm
|-heal|p2a: Gliscor|83/100 tox|[from] ability: Poison Heal
|upkeep
|turn|44
|
|t:|1735785578
|move|p2a: Gliscor|Protect|p2a: Gliscor
|-singleturn|p2a: Gliscor|Protect
|move|p1a: Latios|Trick|p2a: Gliscor
|-activate|p2a: Gliscor|move: Protect
|
|-weather|Sandstorm|[upkeep]
|-damage|p1a: Latios|16/100|[from] Sandstorm
|-heal|p2a: Gliscor|95/100 tox|[from] ability: Poison Heal
|upkeep
|turn|45
|
|t:|1735785605
|move|p2a: Gliscor|Protect|p2a: Gliscor
|-singleturn|p2a: Gliscor|Protect
|move|p1a: Latios|Trick|p2a: Gliscor
|-activate|p2a: Gliscor|move: Protect
|
|-weather|Sandstorm|[upkeep]
|-damage|p1a: Latios|10/100|[from] Sandstorm
|-heal|p2a: Gliscor|100/100 tox|[from] ability: Poison Heal
|upkeep
|turn|46
|inactive|chomp29 has 120 seconds left.
|
|t:|1735785622
|move|p2a: Gliscor|Protect||[still]
|-fail|p2a: Gliscor
|move|p1a: Latios|Trick|p2a: Gliscor
|-activate|p1a: Latios|move: Trick|[of] p2a: Gliscor
|-item|p2a: Gliscor|Choice Scarf|[from] move: Trick
|-item|p1a: Latios|Toxic Orb|[from] move: Trick
|
|-weather|Sandstorm|[upkeep]
|-damage|p1a: Latios|4/100|[from] Sandstorm
|-status|p1a: Latios|tox|[from] item: Toxic Orb
|upkeep
|turn|47
|inactive|chomp29 has 120 seconds left.
|
|t:|1735785639
|move|p2a: Gliscor|Protect|p2a: Gliscor
|-singleturn|p2a: Gliscor|Protect
|move|p1a: Latios|Surf|p2a: Gliscor
|-activate|p2a: Gliscor|move: Protect
|
|-weather|Sandstorm|[upkeep]
|-damage|p1a: Latios|0 fnt|[from] Sandstorm
|faint|p1a: Latios
|upkeep
|
|t:|1735785642
|switch|p1a: Hydreigon|Hydreigon, F, shiny|88/100
|-damage|p1a: Hydreigon|76/100|[from] Stealth Rock
|turn|48
|
|t:|1735785646
|-activate|p2a: Gliscor|move: Struggle
|move|p2a: Gliscor|Struggle|p1a: Hydreigon
|-damage|p1a: Hydreigon|64/100
|-damage|p2a: Gliscor|75/100 tox|[from] recoil
|move|p1a: Hydreigon|Draco Meteor|p2a: Gliscor|[miss]
|-miss|p1a: Hydreigon|p2a: Gliscor
|
|-weather|Sandstorm|[upkeep]
|-damage|p1a: Hydreigon|58/100|[from] Sandstorm
|-heal|p2a: Gliscor|88/100 tox|[from] ability: Poison Heal
|upkeep
|turn|49
|
|t:|1735785650
|-activate|p2a: Gliscor|move: Struggle
|move|p2a: Gliscor|Struggle|p1a: Hydreigon
|-damage|p1a: Hydreigon|45/100
|-damage|p2a: Gliscor|63/100 tox|[from] recoil
|move|p1a: Hydreigon|Roost|p1a: Hydreigon
|-heal|p1a: Hydreigon|95/100
|-singleturn|p1a: Hydreigon|move: Roost
|
|-weather|Sandstorm|[upkeep]
|-damage|p1a: Hydreigon|89/100|[from] Sandstorm
|-heal|p2a: Gliscor|75/100 tox|[from] ability: Poison Heal
|upkeep
|turn|50
|
|t:|1735785656
|-activate|p2a: Gliscor|move: Struggle
|move|p2a: Gliscor|Struggle|p1a: Hydreigon
|-damage|p1a: Hydreigon|77/100
|-damage|p2a: Gliscor|50/100 tox|[from] recoil
|move|p1a: Hydreigon|Draco Meteor|p2a: Gliscor|[miss]
|-miss|p1a: Hydreigon|p2a: Gliscor
|
|-weather|Sandstorm|[upkeep]
|-damage|p1a: Hydreigon|71/100|[from] Sandstorm
|-heal|p2a: Gliscor|62/100 tox|[from] ability: Poison Heal
|upkeep
|turn|51
|c|☆HydreigonSpammer|lol
|
|t:|1735785667
|-activate|p2a: Gliscor|move: Struggle
|move|p2a: Gliscor|Struggle|p1a: Hydreigon
|-damage|p1a: Hydreigon|59/100
|-damage|p2a: Gliscor|37/100 tox|[from] recoil
|move|p1a: Hydreigon|Draco Meteor|p2a: Gliscor
|-damage|p2a: Gliscor|0 fnt
|-unboost|p1a: Hydreigon|spa|2
|faint|p2a: Gliscor
|-damage|p1a: Hydreigon|49/100|[from] item: Life Orb
|
|win|HydreigonSpammer
|raw|HydreigonSpammer's rating: 1408 &rarr; <strong>1428</strong><br />(+20 for winning)
|raw|chomp29's rating: 1408 &rarr; <strong>1388</strong><br />(-20 for losing)
