|j|☆baixiaohen
|j|☆Preto880
|t:|1746709407
|gametype|singles
|player|p1|baixiaohen|n|1445
|player|p2|Preto880|parasollady|1317
|teamsize|p1|6
|teamsize|p2|6
|gen|5
|tier|[Gen 5] OU
|rated|
|rule|Species Clause: Limit one of each Pokémon
|rule|OHKO Clause: OHKO moves are banned
|rule|Moody Clause: Moody is banned
|rule|Evasion Items Clause: Evasion items are banned
|rule|Evasion Moves Clause: Evasion moves are banned
|rule|Endless Battle Clause: Forcing endless battles is banned
|rule|HP Percentage Mod: HP is shown in percentages
|rule|Evasion Abilities Clause: Evasion abilities are banned
|rule|Sleep Moves Clause: Sleep-inducing moves are banned
|rule|Swagger Clause: Swagger is banned
|rule|Baton Pass Stat Clause: No Baton Passer may have a way to boost its stats
|clearpoke
|poke|p1|Latios, M|item
|poke|p1|Jirachi|item
|poke|p1|Starmie|item
|poke|p1|Dragonite, M|item
|poke|p1|Mamoswine, F|item
|poke|p1|Rotom-Wash|item
|poke|p2|Heatran, M|item
|poke|p2|Gliscor, F|item
|poke|p2|Magnezone|item
|poke|p2|Jellicent, F|item
|poke|p2|Hydreigon, F|item
|poke|p2|Toxicroak, F|item
|teampreview
|inactive|Battle timer is ON: inactive players will automatically lose when time's up. (requested by baixiaohen)
|
|t:|1746709419
|start
|switch|p1a: Rotom|Rotom-Wash|100/100
|switch|p2a: Heatran|Heatran, M|100/100
|-item|p2a: Heatran|Air Balloon
|turn|1
|
|t:|1746709426
|switch|p2a: Hydreigon|Hydreigon, F|100/100
|move|p1a: Rotom|Trick|p2a: Hydreigon
|-activate|p1a: Rotom|move: Trick|[of] p2a: Hydreigon
|-item|p2a: Hydreigon|Choice Scarf|[from] move: Trick
|-item|p1a: Rotom|Choice Specs|[from] move: Trick
|
|upkeep
|turn|2
|
|t:|1746709436
|switch|p1a: Jirachi|Jirachi|100/100
|move|p2a: Hydreigon|Draco Meteor|p1a: Jirachi
|-resisted|p1a: Jirachi
|-damage|p1a: Jirachi|77/100
|-unboost|p2a: Hydreigon|spa|2
|
|-heal|p1a: Jirachi|83/100|[from] item: Leftovers
|upkeep
|turn|3
|
|t:|1746709452
|switch|p2a: Jellicent|Jellicent, F|100/100
|switch|p1a: Rotom|Rotom-Wash|100/100
|
|upkeep
|turn|4
|
|t:|1746709460
|switch|p2a: Hydreigon|Hydreigon, F|100/100
|move|p1a: Rotom|Volt Switch|p2a: Hydreigon
|-resisted|p2a: Hydreigon
|-damage|p2a: Hydreigon|78/100
|
|t:|1746709478
|switch|p1a: Dragonite|Dragonite, M|100/100|[from] Volt Switch
|
|upkeep
|turn|5
|
|t:|1746709490
|switch|p2a: Magnezone|Magnezone|100/100
|move|p1a: Dragonite|Dragon Claw|p2a: Magnezone
|-resisted|p2a: Magnezone
|-damage|p2a: Magnezone|82/100
|
|-heal|p2a: Magnezone|88/100|[from] item: Leftovers
|upkeep
|turn|6
|
|t:|1746709497
|switch|p2a: Gliscor|Gliscor, F|100/100
|move|p1a: Dragonite|Fire Punch|p2a: Gliscor
|-damage|p2a: Gliscor|79/100
|
|-status|p2a: Gliscor|tox|[from] item: Toxic Orb
|upkeep
|turn|7
|
|t:|1746709503
|move|p2a: Gliscor|Facade|p1a: Dragonite
|-damage|p1a: Dragonite|85/100
|move|p1a: Dragonite|Dragon Dance|p1a: Dragonite
|-boost|p1a: Dragonite|atk|1
|-boost|p1a: Dragonite|spe|1
|
|-heal|p1a: Dragonite|91/100|[from] item: Leftovers
|-heal|p2a: Gliscor|91/100 tox|[from] ability: Poison Heal
|upkeep
|turn|8
|
|t:|1746709508
|move|p1a: Dragonite|Ice Punch|p2a: Gliscor
|-supereffective|p2a: Gliscor
|-damage|p2a: Gliscor|0 fnt
|faint|p2a: Gliscor
|
|-heal|p1a: Dragonite|97/100|[from] item: Leftovers
|upkeep
|
|t:|1746709511
|switch|p2a: Toxicroak|Toxicroak, F|100/100
|turn|9
|
|t:|1746709515
|move|p2a: Toxicroak|Ice Punch|p1a: Dragonite
|-supereffective|p1a: Dragonite
|-crit|p1a: Dragonite
|-damage|p1a: Dragonite|0 fnt
|faint|p1a: Dragonite
|
|upkeep
|
|t:|1746709525
|switch|p1a: Mamoswine|Mamoswine, F|100/100
|turn|10
|
|t:|1746709530
|switch|p2a: Heatran|Heatran, M|100/100
|-item|p2a: Heatran|Air Balloon
|move|p1a: Mamoswine|Earthquake|p2a: Heatran
|-immune|p2a: Heatran
|
|upkeep
|turn|11
|
|t:|1746709534
|move|p2a: Heatran|Lava Plume|p1a: Mamoswine
|-supereffective|p1a: Mamoswine
|-damage|p1a: Mamoswine|38/100
|move|p1a: Mamoswine|Superpower|p2a: Heatran
|-supereffective|p2a: Heatran
|-damage|p2a: Heatran|0 fnt
|-unboost|p1a: Mamoswine|atk|1
|-unboost|p1a: Mamoswine|def|1
|-enditem|p2a: Heatran|Air Balloon
|faint|p2a: Heatran
|-damage|p1a: Mamoswine|28/100|[from] item: Life Orb
|
|upkeep
|
|t:|1746709541
|switch|p2a: Hydreigon|Hydreigon, F|78/100
|turn|12
|
|t:|1746709545
|switch|p2a: Jellicent|Jellicent, F|100/100
|switch|p1a: Jirachi|Jirachi|83/100
|
|-heal|p1a: Jirachi|90/100|[from] item: Leftovers
|upkeep
|turn|13
|
|t:|1746709552
|move|p1a: Jirachi|Stealth Rock|p2a: Jellicent
|-sidestart|p2: Preto880|move: Stealth Rock
|move|p2a: Jellicent|Toxic|p1a: Jirachi
|-immune|p1a: Jirachi
|
|-heal|p1a: Jirachi|96/100|[from] item: Leftovers
|upkeep
|turn|14
|
|t:|1746709560
|switch|p1a: Rotom|Rotom-Wash|100/100
|move|p2a: Jellicent|Scald|p1a: Rotom
|-resisted|p1a: Rotom
|-damage|p1a: Rotom|87/100
|-status|p1a: Rotom|brn
|
|-damage|p1a: Rotom|75/100 brn|[from] brn
|upkeep
|turn|15
|
|t:|1746709565
|move|p1a: Rotom|Volt Switch|p2a: Jellicent
|-supereffective|p2a: Jellicent
|-damage|p2a: Jellicent|43/100
|j| DJJL
|
|t:|1746709568
|switch|p1a: Starmie|Starmie|100/100|[from] Volt Switch
|move|p2a: Jellicent|Recover|p2a: Jellicent
|-heal|p2a: Jellicent|93/100
|
|-heal|p2a: Jellicent|99/100|[from] item: Leftovers
|upkeep
|turn|16
|
|t:|1746709571
|move|p1a: Starmie|Thunder|p2a: Jellicent
|-supereffective|p2a: Jellicent
|-damage|p2a: Jellicent|29/100
|-status|p2a: Jellicent|par
|-damage|p1a: Starmie|91/100|[from] item: Life Orb
|cant|p2a: Jellicent|par
|
|-heal|p2a: Jellicent|35/100 par|[from] item: Leftovers
|upkeep
|turn|17
|
|t:|1746709582
|switch|p2a: Magnezone|Magnezone|88/100
|-damage|p2a: Magnezone|82/100|[from] Stealth Rock
|move|p1a: Starmie|Thunder|p2a: Magnezone|[miss]
|-miss|p1a: Starmie|p2a: Magnezone
|
|-heal|p2a: Magnezone|88/100|[from] item: Leftovers
|upkeep
|turn|18
|
|t:|1746709590
|move|p1a: Starmie|Surf|p2a: Magnezone
|-damage|p2a: Magnezone|24/100
|-damage|p1a: Starmie|81/100|[from] item: Life Orb
|move|p2a: Magnezone|Flash Cannon|p1a: Starmie
|-resisted|p1a: Starmie
|-damage|p1a: Starmie|50/100
|
|-heal|p2a: Magnezone|30/100|[from] item: Leftovers
|upkeep
|turn|19
|-message|Preto880 forfeited.
|
|win|baixiaohen
|raw|baixiaohen's rating: 1445 &rarr; <strong>1458</strong><br />(+13 for winning)
|raw|Preto880's rating: 1317 &rarr; <strong>1304</strong><br />(-13 for losing)
|l|☆Preto880
|player|p2|
