|j|☆Rakuj
|j|☆Croaset
|t:|1701784742
|gametype|singles
|player|p1|Rakuj|170|1407
|player|p2|Croaset|elesa|1404
|teamsize|p1|6
|teamsize|p2|6
|gen|5
|tier|[Gen 5] OU
|rated|
|rule|Species Clause: Limit one of each Pokémon
|rule|OHKO Clause: OHKO moves are banned
|rule|Moody Clause: Moody is banned
|rule|Evasion Items Clause: Evasion items are banned
|rule|Evasion Moves Clause: Evasion moves are banned
|rule|Endless Battle Clause: Forcing endless battles is banned
|rule|HP Percentage Mod: HP is shown in percentages
|rule|Evasion Abilities Clause: Evasion abilities are banned
|rule|Sleep Moves Clause: Sleep-inducing moves are banned
|rule|Swagger Clause: Swagger is banned
|rule|Baton Pass Stat Clause: No Baton Passer may have a way to boost its stats
|clearpoke
|poke|p1|Starmie|item
|poke|p1|Breloom, M|item
|poke|p1|Garchomp, M|item
|poke|p1|Volcarona, F|item
|poke|p1|Dragonite, M|item
|poke|p1|Scizor, F|item
|poke|p2|Landorus-Therian, M|item
|poke|p2|Latios, M|item
|poke|p2|Scizor, F|item
|poke|p2|Excadrill, F|item
|poke|p2|Rotom-Wash|item
|poke|p2|Dragonite, M|item
|teampreview
|inactive|Battle timer is ON: inactive players will automatically lose when time's up. (requested by Rakuj)
|
|t:|1701784750
|start
|switch|p1a: Garchomp|Garchomp, M|100/100
|switch|p2a: Scary Monsters|Landorus-Therian, M|100/100
|-ability|p2a: Scary Monsters|Intimidate|boost
|-unboost|p1a: Garchomp|atk|1
|turn|1
|
|t:|1701784754
|move|p2a: Scary Monsters|Hidden Power|p1a: Garchomp
|-supereffective|p1a: Garchomp
|-damage|p1a: Garchomp|60/100
|move|p1a: Garchomp|Toxic|p2a: Scary Monsters|[miss]
|-miss|p1a: Garchomp|p2a: Scary Monsters
|
|upkeep
|turn|2
|
|t:|1701784769
|move|p2a: Scary Monsters|Hidden Power|p1a: Garchomp
|-supereffective|p1a: Garchomp
|-damage|p1a: Garchomp|18/100
|move|p1a: Garchomp|Stealth Rock|p2a: Scary Monsters
|-sidestart|p2: Croaset|move: Stealth Rock
|
|upkeep
|turn|3
|
|t:|1701784773
|move|p2a: Scary Monsters|Hidden Power|p1a: Garchomp
|-supereffective|p1a: Garchomp
|-damage|p1a: Garchomp|0 fnt
|faint|p1a: Garchomp
|
|upkeep
|
|t:|1701784782
|switch|p1a: Starmie|Starmie|100/100
|turn|4
|
|t:|1701784785
|switch|p2a: Bullet|Scizor, F|100/100
|-damage|p2a: Bullet|88/100|[from] Stealth Rock
|move|p1a: Starmie|Scald|p2a: Bullet
|-damage|p2a: Bullet|53/100
|
|upkeep
|turn|5
|
|t:|1701784794
|move|p1a: Starmie|Scald|p2a: Bullet
|-damage|p2a: Bullet|23/100
|move|p2a: Bullet|U-turn|p1a: Starmie
|-supereffective|p1a: Starmie
|-damage|p1a: Starmie|0 fnt
|faint|p1a: Starmie
|
|t:|1701784803
|switch|p2a: Scary Monsters|Landorus-Therian, M|100/100|[from] U-turn
|-damage|p2a: Scary Monsters|88/100|[from] Stealth Rock
|
|-heal|p2a: Scary Monsters|94/100|[from] item: Leftovers
|upkeep
|
|t:|1701784810
|switch|p1a: Volcarona|Volcarona, F|100/100
|turn|6
|
|t:|1701784822
|move|p1a: Volcarona|Quiver Dance|p1a: Volcarona
|-boost|p1a: Volcarona|spa|1
|-boost|p1a: Volcarona|spd|1
|-boost|p1a: Volcarona|spe|1
|move|p2a: Scary Monsters|Earthquake|p1a: Volcarona
|-damage|p1a: Volcarona|26/100
|
|-heal|p1a: Volcarona|32/100|[from] item: Leftovers
|-heal|p2a: Scary Monsters|99/100|[from] item: Leftovers
|upkeep
|turn|7
|
|t:|1701784828
|move|p1a: Volcarona|Hidden Power|p2a: Scary Monsters
|-supereffective|p2a: Scary Monsters
|-damage|p2a: Scary Monsters|0 fnt
|faint|p2a: Scary Monsters
|
|-heal|p1a: Volcarona|38/100|[from] item: Leftovers
|upkeep
|
|t:|1701784835
|switch|p2a: Bullet|Scizor, F|23/100
|-damage|p2a: Bullet|11/100|[from] Stealth Rock
|turn|8
|
|t:|1701784841
|switch|p1a: Scizor|Scizor, F|100/100
|move|p2a: Bullet|Bullet Punch|p1a: Scizor
|-resisted|p1a: Scizor
|-damage|p1a: Scizor|71/100
|
|upkeep
|turn|9
|
|t:|1701784846
|switch|p2a: Stone Free|Excadrill, F|100/100
|-damage|p2a: Stone Free|97/100|[from] Stealth Rock
|-ability|p2a: Stone Free|Mold Breaker
|move|p1a: Scizor|Bullet Punch|p2a: Stone Free
|-resisted|p2a: Stone Free
|-damage|p2a: Stone Free|67/100
|
|-heal|p2a: Stone Free|73/100|[from] item: Leftovers
|upkeep
|turn|10
|
|t:|1701784852
|switch|p1a: Volcarona|Volcarona, F|38/100
|move|p2a: Stone Free|Rapid Spin|p1a: Volcarona
|-damage|p1a: Volcarona|29/100
|-sideend|p2: Croaset|Stealth Rock|[from] move: Rapid Spin|[of] p2a: Stone Free
|
|-heal|p1a: Volcarona|35/100|[from] item: Leftovers
|-heal|p2a: Stone Free|79/100|[from] item: Leftovers
|upkeep
|turn|11
|
|t:|1701784862
|move|p1a: Volcarona|Fiery Dance|p2a: Stone Free
|-supereffective|p2a: Stone Free
|-damage|p2a: Stone Free|0 fnt
|-boost|p1a: Volcarona|spa|1
|faint|p2a: Stone Free
|
|-heal|p1a: Volcarona|41/100|[from] item: Leftovers
|upkeep
|inactive|Croaset has 120 seconds left.
|
|t:|1701784895
|switch|p2a: High Voltage|Rotom-Wash|100/100
|turn|12
|
|t:|1701784901
|switch|p1a: Scizor|Scizor, F|71/100
|move|p2a: High Voltage|Hydro Pump|p1a: Scizor
|-damage|p1a: Scizor|0 fnt
|faint|p1a: Scizor
|
|upkeep
|
|t:|1701784907
|switch|p1a: Breloom|Breloom, M|100/100
|turn|13
|
|t:|1701784912
|switch|p2a: Bullet|Scizor, F|11/100
|move|p1a: Breloom|Swords Dance|p1a: Breloom
|-boost|p1a: Breloom|atk|2
|
|upkeep
|turn|14
|
|t:|1701784915
|move|p1a: Breloom|Mach Punch|p2a: Bullet
|-damage|p2a: Bullet|0 fnt
|faint|p2a: Bullet
|-damage|p1a: Breloom|91/100|[from] item: Life Orb
|
|upkeep
|
|t:|1701784917
|switch|p2a: Latios|Latios, M|100/100
|turn|15
|
|t:|1701784922
|move|p1a: Breloom|Mach Punch|p2a: Latios
|-resisted|p2a: Latios
|-damage|p2a: Latios|41/100
|-damage|p1a: Breloom|81/100|[from] item: Life Orb
|move|p2a: Latios|Draco Meteor|p1a: Breloom
|-damage|p1a: Breloom|0 fnt
|-unboost|p2a: Latios|spa|2
|faint|p1a: Breloom
|
|upkeep
|
|t:|1701784929
|switch|p1a: Volcarona|Volcarona, F|41/100
|turn|16
|
|t:|1701784932
|switch|p2a: High Voltage|Rotom-Wash|100/100
|move|p1a: Volcarona|Quiver Dance|p1a: Volcarona
|-boost|p1a: Volcarona|spa|1
|-boost|p1a: Volcarona|spd|1
|-boost|p1a: Volcarona|spe|1
|
|-heal|p1a: Volcarona|47/100|[from] item: Leftovers
|upkeep
|turn|17
|
|t:|1701784936
|move|p1a: Volcarona|Bug Buzz|p2a: High Voltage
|-damage|p2a: High Voltage|25/100
|move|p2a: High Voltage|Hydro Pump|p1a: Volcarona
|-supereffective|p1a: Volcarona
|-damage|p1a: Volcarona|0 fnt
|faint|p1a: Volcarona
|
|-heal|p2a: High Voltage|32/100|[from] item: Leftovers
|upkeep
|
|t:|1701784942
|switch|p1a: Dragonite|Dragonite, M|100/100
|turn|18
|
|t:|1701784944
|move|p1a: Dragonite|Dragon Claw|p2a: High Voltage
|-crit|p2a: High Voltage
|-damage|p2a: High Voltage|0 fnt
|faint|p2a: High Voltage
|
|upkeep
|
|t:|1701784949
|switch|p2a: Made in Heaven|Dragonite, M|100/100
|turn|19
|
|t:|1701784955
|move|p1a: Dragonite|Dragon Claw|p2a: Made in Heaven
|-supereffective|p2a: Made in Heaven
|-damage|p2a: Made in Heaven|24/100
|move|p2a: Made in Heaven|Dragon Dance|p2a: Made in Heaven
|-boost|p2a: Made in Heaven|atk|1
|-boost|p2a: Made in Heaven|spe|1
|
|upkeep
|turn|20
|
|t:|1701784961
|move|p2a: Made in Heaven|Dragon Claw|p1a: Dragonite
|-supereffective|p1a: Dragonite
|-damage|p1a: Dragonite|30/100
|move|p1a: Dragonite|Dragon Claw|p2a: Made in Heaven
|-supereffective|p2a: Made in Heaven
|-damage|p2a: Made in Heaven|0 fnt
|faint|p2a: Made in Heaven
|
|upkeep
|
|t:|1701784963
|switch|p2a: Latios|Latios, M|41/100
|turn|21
|
|t:|1701784966
|move|p2a: Latios|Psychic|p1a: Dragonite
|-damage|p1a: Dragonite|0 fnt
|faint|p1a: Dragonite
|
|win|Croaset
|raw|Rakuj's rating: 1407 &rarr; <strong>1387</strong><br />(-20 for losing)
|raw|Croaset's rating: 1404 &rarr; <strong>1424</strong><br />(+20 for winning)
