|j|☆EMP activated
|j|☆yoloboy9000
|player|p1|EMP activated|ingo|1353
|player|p2|yoloboy9000|1|1434
|teamsize|p1|6
|teamsize|p2|6
|gametype|singles
|gen|5
|tier|[Gen 5] OU
|rated|
|rule|Sleep Clause Mod: Limit one foe put to sleep
|rule|Species Clause: Limit one of each Pokémon
|rule|OHKO Clause: OHKO moves are banned
|rule|Moody Clause: Moody is banned
|rule|Evasion Moves Clause: Evasion moves are banned
|rule|Endless Battle Clause: Forcing endless battles is banned
|rule|HP Percentage Mod: HP is shown in percentages
|rule|Evasion Abilities Clause: Evasion abilities are banned
|rule|Baton Pass Clause: Limit one Baton Passer, can't pass Spe and other stats simultaneously
|rule|Swagger Clause: Swagger is banned
|clearpoke
|poke|p1|Politoed, M|item
|poke|p1|Breloom, F|item
|poke|p1|Tentacruel, F|item
|poke|p1|Jirachi|item
|poke|p1|Tornadus, M|item
|poke|p1|Garchomp, M|item
|poke|p2|Tyranitar, M|item
|poke|p2|Magnezone|item
|poke|p2|Terrakion|item
|poke|p2|Latios, M|item
|poke|p2|Scizor, F|item
|poke|p2|Landorus-Therian, M|item
|teampreview
|inactive|Battle timer is ON: inactive players will automatically lose when time's up. (requested by yoloboy9000)
|
|start
|switch|p1a: Jirachi|Jirachi|100/100
|switch|p2a: Pat Riely|Tyranitar, M|100/100
|-weather|Sandstorm|[from] ability: Sand Stream|[of] p2a: Pat Riely
|turn|1
|
|switch|p2a: Bron Bron|Landorus-Therian, M|100/100
|-ability|p2a: Bron Bron|Intimidate|boost
|-unboost|p1a: Jirachi|atk|1
|move|p1a: Jirachi|Stealth Rock|p2a: Bron Bron
|-sidestart|p2: yoloboy9000|move: Stealth Rock
|
|-weather|Sandstorm|[upkeep]
|upkeep
|turn|2
|
|switch|p1a: Breloom|Breloom, F|100/100
|move|p2a: Bron Bron|U-turn|p1a: Breloom
|-damage|p1a: Breloom|62/100
|
|switch|p2a: Miller|Scizor, F, shiny|100/100|[from]move: U-turn
|-damage|p2a: Miller|88/100|[from] Stealth Rock
|
|-weather|Sandstorm|[upkeep]
|-damage|p1a: Breloom|56/100|[from] Sandstorm
|-status|p1a: Breloom|tox|[from] item: Toxic Orb
|upkeep
|turn|3
|
|switch|p1a: Tentacruel|Tentacruel, F|100/100
|move|p2a: Miller|Bullet Punch|p1a: Tentacruel
|-resisted|p1a: Tentacruel
|-damage|p1a: Tentacruel|75/100
|
|-weather|Sandstorm|[upkeep]
|-damage|p1a: Tentacruel|69/100|[from] Sandstorm
|-heal|p1a: Tentacruel|75/100|[from] item: Black Sludge
|upkeep
|turn|4
|
|switch|p1a: Politoed|Politoed, M|100/100
|-weather|RainDance|[from] ability: Drizzle|[of] p1a: Politoed
|switch|p2a: Bosh|Latios, M, shiny|100/100
|-damage|p2a: Bosh|88/100|[from] Stealth Rock
|
|-weather|RainDance|[upkeep]
|upkeep
|turn|5
|
|switch|p1a: Jirachi|Jirachi|100/100
|move|p2a: Bosh|Surf|p1a: Jirachi
|-damage|p1a: Jirachi|69/100
|
|-weather|RainDance|[upkeep]
|-heal|p1a: Jirachi|75/100|[from] item: Leftovers
|upkeep
|turn|6
|
|switch|p2a: Bron Bron|Landorus-Therian, M|100/100
|-damage|p2a: Bron Bron|88/100|[from] Stealth Rock
|-ability|p2a: Bron Bron|Intimidate|boost
|-unboost|p1a: Jirachi|atk|1
|move|p1a: Jirachi|U-turn|p2a: Bron Bron
|-resisted|p2a: Bron Bron
|-damage|p2a: Bron Bron|83/100
|
|switch|p1a: Breloom|Breloom, F|56/100 tox|[from]move: U-turn
|
|-weather|RainDance|[upkeep]
|-heal|p1a: Breloom|68/100 tox|[from] ability: Poison Heal
|upkeep
|turn|7
|
|switch|p2a: Pat Riely|Tyranitar, M|100/100
|-damage|p2a: Pat Riely|88/100|[from] Stealth Rock
|-weather|Sandstorm|[from] ability: Sand Stream|[of] p2a: Pat Riely
|move|p1a: Breloom|Spore|p2a: Pat Riely
|-status|p2a: Pat Riely|slp|[from] move: Spore
|
|-weather|Sandstorm|[upkeep]
|-damage|p1a: Breloom|62/100 tox|[from] Sandstorm
|-heal|p2a: Pat Riely|94/100 slp|[from] item: Leftovers
|-heal|p1a: Breloom|75/100 tox|[from] ability: Poison Heal
|upkeep
|turn|8
|
|switch|p1a: Politoed|Politoed, M|100/100
|-weather|RainDance|[from] ability: Drizzle|[of] p1a: Politoed
|switch|p2a: Bron Bron|Landorus-Therian, M|83/100
|-damage|p2a: Bron Bron|70/100|[from] Stealth Rock
|-ability|p2a: Bron Bron|Intimidate|boost
|-unboost|p1a: Politoed|atk|1
|
|-weather|RainDance|[upkeep]
|upkeep
|turn|9
|
|switch|p2a: Pat Riely|Tyranitar, M|94/100 slp
|-damage|p2a: Pat Riely|82/100 slp|[from] Stealth Rock
|-weather|Sandstorm|[from] ability: Sand Stream|[of] p2a: Pat Riely
|move|p1a: Politoed|Hydro Pump|p2a: Pat Riely
|-supereffective|p2a: Pat Riely
|-damage|p2a: Pat Riely|37/100 slp
|
|-weather|Sandstorm|[upkeep]
|-damage|p1a: Politoed|94/100|[from] Sandstorm
|-heal|p2a: Pat Riely|43/100 slp|[from] item: Leftovers
|upkeep
|turn|10
|
|switch|p2a: Bosh|Latios, M, shiny|88/100
|-damage|p2a: Bosh|76/100|[from] Stealth Rock
|move|p1a: Politoed|Hydro Pump|p2a: Bosh
|-resisted|p2a: Bosh
|-crit|p2a: Bosh
|-damage|p2a: Bosh|29/100
|
|-weather|Sandstorm|[upkeep]
|-damage|p1a: Politoed|88/100|[from] Sandstorm
|-damage|p2a: Bosh|23/100|[from] Sandstorm
|upkeep
|turn|11
|l|☆EMP activated
|inactive|EMP activated disconnected and has a minute to reconnect!
|player|p1|
|j|☆EMP activated
|inactive|EMP activated reconnected and has 130 seconds left.
|player|p1|EMP activated|ingo
|inactive|EMP activated has 120 seconds left.
|
|switch|p1a: Jirachi|Jirachi|75/100
|switch|p2a: Ray Allen|Magnezone|100/100
|-damage|p2a: Ray Allen|94/100|[from] Stealth Rock
|
|-weather|Sandstorm|[upkeep]
|-heal|p1a: Jirachi|82/100|[from] item: Leftovers
|-heal|p2a: Ray Allen|100/100|[from] item: Leftovers
|upkeep
|turn|12
|
|move|p1a: Jirachi|U-turn|p2a: Ray Allen
|-resisted|p2a: Ray Allen
|-damage|p2a: Ray Allen|92/100
|
|switch|p1a: Garchomp|Garchomp, M|100/100|[from]move: U-turn
|move|p2a: Ray Allen|Substitute|p2a: Ray Allen
|-start|p2a: Ray Allen|Substitute
|-damage|p2a: Ray Allen|67/100
|
|-weather|Sandstorm|[upkeep]
|-heal|p2a: Ray Allen|73/100|[from] item: Leftovers
|upkeep
|turn|13
|
|move|p1a: Garchomp|Earthquake|p2a: Ray Allen
|-supereffective|p2a: Ray Allen
|-end|p2a: Ray Allen|Substitute
|move|p2a: Ray Allen|Flash Cannon|p1a: Garchomp
|-damage|p1a: Garchomp|53/100
|
|-weather|Sandstorm|[upkeep]
|-heal|p2a: Ray Allen|79/100|[from] item: Leftovers
|upkeep
|turn|14
|
|switch|p1a: Politoed|Politoed, M|88/100
|-weather|RainDance|[from] ability: Drizzle|[of] p1a: Politoed
|move|p2a: Ray Allen|Flash Cannon|p1a: Politoed
|-resisted|p1a: Politoed
|-damage|p1a: Politoed|64/100
|
|-weather|RainDance|[upkeep]
|-heal|p2a: Ray Allen|85/100|[from] item: Leftovers
|upkeep
|turn|15
|inactive|yoloboy9000 has 120 seconds left.
|
|switch|p1a: Jirachi|Jirachi|82/100
|move|p2a: Ray Allen|Substitute|p2a: Ray Allen
|-start|p2a: Ray Allen|Substitute
|-damage|p2a: Ray Allen|61/100
|
|-weather|RainDance|[upkeep]
|-heal|p1a: Jirachi|88/100|[from] item: Leftovers
|-heal|p2a: Ray Allen|67/100|[from] item: Leftovers
|upkeep
|turn|16
|
|move|p1a: Jirachi|U-turn|p2a: Ray Allen
|-resisted|p2a: Ray Allen
|-activate|p2a: Ray Allen|Substitute|[damage]
|
|switch|p1a: Garchomp|Garchomp, M|53/100|[from]move: U-turn
|move|p2a: Ray Allen|Charge Beam|p1a: Garchomp
|-immune|p1a: Garchomp
|
|-weather|RainDance|[upkeep]
|-heal|p2a: Ray Allen|73/100|[from] item: Leftovers
|upkeep
|turn|17
|
|move|p1a: Garchomp|Earthquake|p2a: Ray Allen
|-supereffective|p2a: Ray Allen
|-end|p2a: Ray Allen|Substitute
|move|p2a: Ray Allen|Substitute|p2a: Ray Allen
|-start|p2a: Ray Allen|Substitute
|-damage|p2a: Ray Allen|48/100
|
|-weather|RainDance|[upkeep]
|-heal|p2a: Ray Allen|54/100|[from] item: Leftovers
|upkeep
|turn|18
|
|move|p1a: Garchomp|Earthquake|p2a: Ray Allen
|-supereffective|p2a: Ray Allen
|-end|p2a: Ray Allen|Substitute
|move|p2a: Ray Allen|Flash Cannon|p1a: Garchomp
|-damage|p1a: Garchomp|6/100
|
|-weather|RainDance|[upkeep]
|-heal|p2a: Ray Allen|60/100|[from] item: Leftovers
|upkeep
|turn|19
|
|switch|p2a: Bron Bron|Landorus-Therian, M|70/100
|-damage|p2a: Bron Bron|58/100|[from] Stealth Rock
|-ability|p2a: Bron Bron|Intimidate|boost
|-unboost|p1a: Garchomp|atk|1
|move|p1a: Garchomp|Earthquake|p2a: Bron Bron
|-immune|p2a: Bron Bron
|
|-weather|RainDance|[upkeep]
|upkeep
|turn|20
|
|switch|p1a: Tornadus|Tornadus, M|100/100
|move|p2a: Bron Bron|U-turn|p1a: Tornadus
|-resisted|p1a: Tornadus
|-damage|p1a: Tornadus|78/100
|
|switch|p2a: Miller|Scizor, F, shiny|88/100|[from]move: U-turn
|-damage|p2a: Miller|76/100|[from] Stealth Rock
|
|-weather|RainDance|[upkeep]
|upkeep
|turn|21
|
|move|p2a: Miller|Bullet Punch|p1a: Tornadus
|-damage|p1a: Tornadus|0 fnt
|faint|p1a: Tornadus
|
|-weather|RainDance|[upkeep]
|upkeep
|
|switch|p1a: Politoed|Politoed, M|64/100
|turn|22
|
|switch|p2a: Pat Riely|Tyranitar, M|43/100 slp
|-damage|p2a: Pat Riely|31/100 slp|[from] Stealth Rock
|-weather|Sandstorm|[from] ability: Sand Stream|[of] p2a: Pat Riely
|move|p1a: Politoed|Hydro Pump|p2a: Pat Riely
|-supereffective|p2a: Pat Riely
|-crit|p2a: Pat Riely
|-damage|p2a: Pat Riely|0 fnt
|faint|p2a: Pat Riely
|
|-weather|Sandstorm|[upkeep]
|-damage|p1a: Politoed|58/100|[from] Sandstorm
|upkeep
|
|switch|p2a: Miller|Scizor, F, shiny|76/100
|-damage|p2a: Miller|64/100|[from] Stealth Rock
|turn|23
|
|-activate|p1a: Politoed|move: Pursuit
|move|p2a: Miller|Pursuit|p1a: Politoed|[from]Pursuit
|-damage|p1a: Politoed|0 fnt
|-hint|A Pokemon can't switch between when it runs out of HP and when it faints
|faint|p1a: Politoed
|
|-weather|Sandstorm|[upkeep]
|upkeep
|
|switch|p1a: Breloom|Breloom, F|75/100 tox
|turn|24
|
|switch|p2a: Bron Bron|Landorus-Therian, M|58/100
|-damage|p2a: Bron Bron|46/100|[from] Stealth Rock
|-ability|p2a: Bron Bron|Intimidate|boost
|-unboost|p1a: Breloom|atk|1
|move|p1a: Breloom|Bulk Up|p1a: Breloom
|-boost|p1a: Breloom|atk|1
|-boost|p1a: Breloom|def|1
|
|-weather|Sandstorm|[upkeep]
|-damage|p1a: Breloom|68/100 tox|[from] Sandstorm
|-heal|p1a: Breloom|81/100 tox|[from] ability: Poison Heal
|upkeep
|turn|25
|
|move|p2a: Bron Bron|Hidden Power|p1a: Breloom
|-supereffective|p1a: Breloom
|-damage|p1a: Breloom|37/100 tox
|move|p1a: Breloom|Facade|p2a: Bron Bron
|-damage|p2a: Bron Bron|5/100
|
|-weather|Sandstorm|[upkeep]
|-damage|p1a: Breloom|31/100 tox|[from] Sandstorm
|-heal|p1a: Breloom|44/100 tox|[from] ability: Poison Heal
|upkeep
|turn|26
|-message|EMP activated forfeited.
|
|win|yoloboy9000
|l|☆EMP activated
|raw|EMP activated's rating: 1353 &rarr; <strong>1338</strong><br />(-15 for losing)
|raw|yoloboy9000's rating: 1434 &rarr; <strong>1450</strong><br />(+16 for winning)
