|j|☆Aurum38
|j|☆baixiaohen
|t:|1745308131
|gametype|singles
|player|p1|Aurum38|170|1349
|player|p2|baixiaohen|n|1488
|teamsize|p1|6
|teamsize|p2|6
|gen|5
|tier|[Gen 5] OU
|rated|
|rule|Species Clause: Limit one of each Pokémon
|rule|OHKO Clause: OHKO moves are banned
|rule|Moody Clause: Moody is banned
|rule|Evasion Items Clause: Evasion items are banned
|rule|Evasion Moves Clause: Evasion moves are banned
|rule|Endless Battle Clause: Forcing endless battles is banned
|rule|HP Percentage Mod: HP is shown in percentages
|rule|Evasion Abilities Clause: Evasion abilities are banned
|rule|Sleep Moves Clause: Sleep-inducing moves are banned
|rule|Swagger Clause: Swagger is banned
|rule|Baton Pass Stat Clause: No Baton Passer may have a way to boost its stats
|clearpoke
|poke|p1|Tyranitar, M|item
|poke|p1|Alakazam, F|item
|poke|p1|Latios, M|item
|poke|p1|Ferrothorn, M|item
|poke|p1|Keldeo|item
|poke|p1|Landorus-Therian, M|item
|poke|p2|Latios, M|item
|poke|p2|Jirachi|item
|poke|p2|Rotom-Wash|item
|poke|p2|Starmie|item
|poke|p2|Dragonite, M|item
|poke|p2|Mamoswine, F|item
|teampreview
|inactive|Battle timer is ON: inactive players will automatically lose when time's up. (requested by baixiaohen)
|
|t:|1745308147
|start
|switch|p1a: Ferrothorn|Ferrothorn, M|100/100
|switch|p2a: Rotom|Rotom-Wash|100/100
|turn|1
|
|t:|1745308162
|move|p2a: Rotom|Trick|p1a: Ferrothorn
|-activate|p2a: Rotom|move: Trick|[of] p1a: Ferrothorn
|-item|p1a: Ferrothorn|Choice Scarf|[from] move: Trick
|-item|p2a: Rotom|Rawst Berry|[from] move: Trick
|move|p1a: Ferrothorn|Power Whip|p2a: Rotom
|-supereffective|p2a: Rotom
|-damage|p2a: Rotom|37/100
|
|upkeep
|turn|2
|
|t:|1745308174
|move|p2a: Rotom|Volt Switch|p1a: Ferrothorn
|-resisted|p1a: Ferrothorn
|-damage|p1a: Ferrothorn|91/100
|
|t:|1745308186
|switch|p2a: Jirachi|Jirachi|100/100|[from] Volt Switch
|move|p1a: Ferrothorn|Power Whip|p2a: Jirachi
|-resisted|p2a: Jirachi
|-damage|p2a: Jirachi|85/100
|
|-heal|p2a: Jirachi|91/100|[from] item: Leftovers
|upkeep
|turn|3
|
|t:|1745308203
|switch|p1a: Landorus|Landorus-Therian, M|100/100
|-ability|p1a: Landorus|Intimidate|boost
|-unboost|p2a: Jirachi|atk|1
|move|p2a: Jirachi|Body Slam|p1a: Landorus
|-damage|p1a: Landorus|88/100
|-status|p1a: Landorus|par
|
|-heal|p2a: Jirachi|97/100|[from] item: Leftovers
|-heal|p1a: Landorus|94/100 par|[from] item: Leftovers
|upkeep
|turn|4
|
|t:|1745308214
|move|p2a: Jirachi|Stealth Rock|p1a: Landorus
|-sidestart|p1: Aurum38|move: Stealth Rock
|cant|p1a: Landorus|par
|
|-heal|p2a: Jirachi|100/100|[from] item: Leftovers
|-heal|p1a: Landorus|100/100 par|[from] item: Leftovers
|upkeep
|turn|5
|
|t:|1745308219
|move|p2a: Jirachi|Wish|p2a: Jirachi
|move|p1a: Landorus|Stealth Rock|p2a: Jirachi
|-sidestart|p2: baixiaohen|move: Stealth Rock
|
|upkeep
|turn|6
|
|t:|1745308223
|switch|p2a: Rotom|Rotom-Wash|37/100
|-damage|p2a: Rotom|24/100|[from] Stealth Rock
|move|p1a: Landorus|U-turn|p2a: Rotom
|-damage|p2a: Rotom|5/100
|
|t:|1745308242
|switch|p1a: Alakazam|Alakazam, F|100/100|[from] U-turn
|
|-heal|p2a: Rotom|72/100|[from] move: Wish|[wisher] Jirachi
|upkeep
|turn|7
|
|t:|1745308259
|move|p1a: Alakazam|Psychic|p2a: Rotom
|-damage|p2a: Rotom|13/100
|move|p2a: Rotom|Volt Switch|p1a: Alakazam
|-damage|p1a: Alakazam|58/100
|
|t:|1745308266
|switch|p2a: Jirachi|Jirachi|100/100|[from] Volt Switch
|-damage|p2a: Jirachi|94/100|[from] Stealth Rock
|
|-heal|p2a: Jirachi|100/100|[from] item: Leftovers
|upkeep
|turn|8
|
|t:|1745308281
|switch|p1a: Landorus|Landorus-Therian, M|100/100 par
|-damage|p1a: Landorus|88/100 par|[from] Stealth Rock
|-ability|p1a: Landorus|Intimidate|boost
|-unboost|p2a: Jirachi|atk|1
|move|p2a: Jirachi|Wish|p2a: Jirachi
|
|-heal|p1a: Landorus|94/100 par|[from] item: Leftovers
|upkeep
|turn|9
|
|t:|1745308305
|switch|p2a: Dragonite|Dragonite, M|100/100
|-damage|p2a: Dragonite|75/100|[from] Stealth Rock
|move|p1a: Landorus|Earthquake|p2a: Dragonite
|-immune|p2a: Dragonite
|
|-heal|p2a: Dragonite|100/100|[from] move: Wish|[wisher] Jirachi
|-heal|p1a: Landorus|100/100 par|[from] item: Leftovers
|upkeep
|turn|10
|inactive|baixiaohen has 120 seconds left.
|
|t:|1745308330
|switch|p2a: Jirachi|Jirachi|100/100
|-damage|p2a: Jirachi|94/100|[from] Stealth Rock
|move|p1a: Landorus|Hidden Power|p2a: Jirachi
|-resisted|p2a: Jirachi
|-damage|p2a: Jirachi|89/100
|
|-heal|p2a: Jirachi|95/100|[from] item: Leftovers
|upkeep
|turn|11
|
|t:|1745308338
|move|p2a: Jirachi|Iron Head|p1a: Landorus
|-damage|p1a: Landorus|76/100 par
|cant|p1a: Landorus|flinch
|
|-heal|p2a: Jirachi|100/100|[from] item: Leftovers
|-heal|p1a: Landorus|82/100 par|[from] item: Leftovers
|upkeep
|turn|12
|
|t:|1745308342
|switch|p1a: Ferrothorn|Ferrothorn, M|91/100
|-damage|p1a: Ferrothorn|85/100|[from] Stealth Rock
|move|p2a: Jirachi|Iron Head|p1a: Ferrothorn
|-resisted|p1a: Ferrothorn
|-damage|p1a: Ferrothorn|76/100
|-damage|p2a: Jirachi|88/100|[from] ability: Iron Barbs|[of] p1a: Ferrothorn
|
|-heal|p2a: Jirachi|94/100|[from] item: Leftovers
|upkeep
|turn|13
|
|t:|1745308348
|move|p2a: Jirachi|Wish|p2a: Jirachi
|move|p1a: Ferrothorn|Spikes|p2a: Jirachi
|-sidestart|p2: baixiaohen|Spikes
|
|-heal|p2a: Jirachi|100/100|[from] item: Leftovers
|upkeep
|turn|14
|
|t:|1745308352
|switch|p2a: Rotom|Rotom-Wash|13/100
|-damage|p2a: Rotom|1/100|[from] Stealth Rock
|move|p1a: Ferrothorn|Spikes|p2a: Rotom
|-sidestart|p2: baixiaohen|Spikes
|
|-heal|p2a: Rotom|67/100|[from] move: Wish|[wisher] Jirachi
|upkeep
|turn|15
|
|t:|1745308362
|move|p2a: Rotom|Will-O-Wisp|p1a: Ferrothorn
|-status|p1a: Ferrothorn|brn
|move|p1a: Ferrothorn|Spikes|p2a: Rotom
|-sidestart|p2: baixiaohen|Spikes
|
|-damage|p1a: Ferrothorn|64/100 brn|[from] brn
|upkeep
|turn|16
|
|t:|1745308373
|move|p2a: Rotom|Volt Switch|p1a: Ferrothorn
|-resisted|p1a: Ferrothorn
|-damage|p1a: Ferrothorn|55/100 brn
|
|t:|1745308376
|switch|p2a: Starmie|Starmie|100/100|[from] Volt Switch
|-damage|p2a: Starmie|88/100|[from] Stealth Rock
|-damage|p2a: Starmie|63/100|[from] Spikes
|move|p1a: Ferrothorn|Spikes||[still]
|-fail|p1a: Ferrothorn
|
|-damage|p1a: Ferrothorn|43/100 brn|[from] brn
|upkeep
|turn|17
|
|t:|1745308385
|switch|p1a: Tyranitar|Tyranitar, M|100/100
|-damage|p1a: Tyranitar|88/100|[from] Stealth Rock
|-weather|Sandstorm|[from] ability: Sand Stream|[of] p1a: Tyranitar
|move|p2a: Starmie|Rapid Spin|p1a: Tyranitar
|-resisted|p1a: Tyranitar
|-damage|p1a: Tyranitar|87/100
|-sideend|p2: baixiaohen|Spikes|[from] move: Rapid Spin|[of] p2a: Starmie
|-sideend|p2: baixiaohen|Stealth Rock|[from] move: Rapid Spin|[of] p2a: Starmie
|-damage|p2a: Starmie|53/100|[from] item: Life Orb
|
|-weather|Sandstorm|[upkeep]
|-damage|p2a: Starmie|47/100|[from] Sandstorm
|upkeep
|turn|18
|
|t:|1745308398
|move|p2a: Starmie|Surf|p1a: Tyranitar
|-supereffective|p1a: Tyranitar
|-crit|p1a: Tyranitar
|-damage|p1a: Tyranitar|0 fnt
|faint|p1a: Tyranitar
|-damage|p2a: Starmie|37/100|[from] item: Life Orb
|
|-weather|Sandstorm|[upkeep]
|-damage|p2a: Starmie|31/100|[from] Sandstorm
|upkeep
|
|t:|1745308410
|switch|p1a: Alakazam|Alakazam, F|58/100
|turn|19
|
|t:|1745308421
|switch|p2a: Jirachi|Jirachi|100/100
|move|p1a: Alakazam|Shadow Ball|p2a: Jirachi
|-damage|p2a: Jirachi|80/100
|-unboost|p2a: Jirachi|spd|1
|
|-weather|Sandstorm|[upkeep]
|-heal|p2a: Jirachi|86/100|[from] item: Leftovers
|upkeep
|turn|20
|
|t:|1745308429
|switch|p1a: Ferrothorn|Ferrothorn, M|43/100 brn
|-damage|p1a: Ferrothorn|37/100 brn|[from] Stealth Rock
|move|p2a: Jirachi|Body Slam|p1a: Ferrothorn
|-resisted|p1a: Ferrothorn
|-damage|p1a: Ferrothorn|30/100 brn
|-damage|p2a: Jirachi|74/100|[from] ability: Iron Barbs|[of] p1a: Ferrothorn
|
|-weather|Sandstorm|[upkeep]
|-heal|p2a: Jirachi|80/100|[from] item: Leftovers
|-damage|p1a: Ferrothorn|17/100 brn|[from] brn
|upkeep
|turn|21
|
|t:|1745308439
|move|p2a: Jirachi|Wish|p2a: Jirachi
|move|p1a: Ferrothorn|Spikes|p2a: Jirachi
|-sidestart|p2: baixiaohen|Spikes
|
|-weather|Sandstorm|[upkeep]
|-heal|p2a: Jirachi|86/100|[from] item: Leftovers
|-damage|p1a: Ferrothorn|5/100 brn|[from] brn
|upkeep
|turn|22
|
|t:|1745308445
|switch|p2a: Starmie|Starmie|31/100
|-damage|p2a: Starmie|19/100|[from] Spikes
|switch|p1a: Alakazam|Alakazam, F|58/100
|
|-weather|Sandstorm|[upkeep]
|-damage|p2a: Starmie|13/100|[from] Sandstorm
|-heal|p2a: Starmie|90/100|[from] move: Wish|[wisher] Jirachi
|upkeep
|turn|23
|inactive|baixiaohen has 120 seconds left.
|
|t:|1745308479
|switch|p2a: Jirachi|Jirachi|86/100
|-damage|p2a: Jirachi|74/100|[from] Spikes
|move|p1a: Alakazam|Shadow Ball|p2a: Jirachi
|-damage|p2a: Jirachi|52/100
|
|-weather|Sandstorm|[upkeep]
|-heal|p2a: Jirachi|58/100|[from] item: Leftovers
|upkeep
|turn|24
|
|t:|1745308487
|switch|p1a: Ferrothorn|Ferrothorn, M|5/100 brn
|-damage|p1a: Ferrothorn|0 fnt|[from] Stealth Rock
|faint|p1a: Ferrothorn
|move|p2a: Jirachi|Wish|p2a: Jirachi
|
|-weather|Sandstorm|[upkeep]
|-heal|p2a: Jirachi|64/100|[from] item: Leftovers
|upkeep
|
|t:|1745308498
|switch|p1a: Keldeo|Keldeo|100/100
|-damage|p1a: Keldeo|94/100|[from] Stealth Rock
|turn|25
|
|t:|1745308508
|move|p1a: Keldeo|Secret Sword|p2a: Jirachi
|-damage|p2a: Jirachi|27/100
|move|p2a: Jirachi|Body Slam|p1a: Keldeo
|-damage|p1a: Keldeo|72/100
|
|-weather|Sandstorm|[upkeep]
|-damage|p1a: Keldeo|66/100|[from] Sandstorm
|-heal|p2a: Jirachi|77/100|[from] move: Wish|[wisher] Jirachi
|-heal|p1a: Keldeo|72/100|[from] item: Leftovers
|-heal|p2a: Jirachi|83/100|[from] item: Leftovers
|upkeep
|turn|26
|
|t:|1745308517
|switch|p1a: Landorus|Landorus-Therian, M|82/100 par
|-damage|p1a: Landorus|70/100 par|[from] Stealth Rock
|-ability|p1a: Landorus|Intimidate|boost
|-unboost|p2a: Jirachi|atk|1
|move|p2a: Jirachi|Body Slam|p1a: Landorus
|-damage|p1a: Landorus|58/100 par
|
|-weather|Sandstorm|[upkeep]
|-heal|p2a: Jirachi|89/100|[from] item: Leftovers
|-heal|p1a: Landorus|64/100 par|[from] item: Leftovers
|upkeep
|turn|27
|
|t:|1745308526
|switch|p2a: Rotom|Rotom-Wash|67/100
|move|p1a: Landorus|U-turn|p2a: Rotom
|-damage|p2a: Rotom|50/100
|
|t:|1745308529
|switch|p1a: Alakazam|Alakazam, F|58/100|[from] U-turn
|
|-weather|Sandstorm|[upkeep]
|-damage|p2a: Rotom|44/100|[from] Sandstorm
|upkeep
|turn|28
|
|t:|1745308532
|switch|p2a: Jirachi|Jirachi|89/100
|-damage|p2a: Jirachi|77/100|[from] Spikes
|move|p1a: Alakazam|Psychic|p2a: Jirachi
|-resisted|p2a: Jirachi
|-damage|p2a: Jirachi|67/100
|
|-weather|Sandstorm|[upkeep]
|-heal|p2a: Jirachi|73/100|[from] item: Leftovers
|upkeep
|turn|29
|
|t:|1745308539
|move|p1a: Alakazam|Hidden Power|p2a: Jirachi
|-supereffective|p2a: Jirachi
|-damage|p2a: Jirachi|36/100
|move|p2a: Jirachi|Wish|p2a: Jirachi
|
|-weather|Sandstorm|[upkeep]
|-heal|p2a: Jirachi|42/100|[from] item: Leftovers
|upkeep
|turn|30
|
|t:|1745308545
|move|p1a: Alakazam|Hidden Power|p2a: Jirachi
|-supereffective|p2a: Jirachi
|-crit|p2a: Jirachi
|-damage|p2a: Jirachi|0 fnt
|faint|p2a: Jirachi
|
|-weather|Sandstorm|[upkeep]
|upkeep
|
|t:|1745308554
|switch|p2a: Dragonite|Dragonite, M|100/100
|turn|31
|
|t:|1745308558
|switch|p1a: Landorus|Landorus-Therian, M|64/100 par
|-damage|p1a: Landorus|52/100 par|[from] Stealth Rock
|-ability|p1a: Landorus|Intimidate|boost
|-unboost|p2a: Dragonite|atk|1
|move|p2a: Dragonite|Dragon Dance|p2a: Dragonite
|-boost|p2a: Dragonite|atk|1
|-boost|p2a: Dragonite|spe|1
|
|-weather|Sandstorm|[upkeep]
|-damage|p2a: Dragonite|94/100|[from] Sandstorm
|-heal|p2a: Dragonite|100/100|[from] item: Leftovers
|-heal|p1a: Landorus|58/100 par|[from] item: Leftovers
|upkeep
|turn|32
|
|t:|1745308568
|move|p2a: Dragonite|Dragon Dance|p2a: Dragonite
|-boost|p2a: Dragonite|atk|1
|-boost|p2a: Dragonite|spe|1
|move|p1a: Landorus|Hidden Power|p2a: Dragonite
|-supereffective|p2a: Dragonite
|-damage|p2a: Dragonite|68/100
|
|-weather|Sandstorm|[upkeep]
|-damage|p2a: Dragonite|62/100|[from] Sandstorm
|-heal|p2a: Dragonite|68/100|[from] item: Leftovers
|-heal|p1a: Landorus|64/100 par|[from] item: Leftovers
|upkeep
|turn|33
|
|t:|1745308573
|move|p2a: Dragonite|Dragon Claw|p1a: Landorus
|-damage|p1a: Landorus|0 fnt
|faint|p1a: Landorus
|
|-weather|Sandstorm|[upkeep]
|-damage|p2a: Dragonite|62/100|[from] Sandstorm
|-heal|p2a: Dragonite|68/100|[from] item: Leftovers
|upkeep
|
|t:|1745308581
|switch|p1a: Keldeo|Keldeo|72/100
|-damage|p1a: Keldeo|66/100|[from] Stealth Rock
|turn|34
|
|t:|1745308583
|move|p2a: Dragonite|Dragon Claw|p1a: Keldeo
|-damage|p1a: Keldeo|0 fnt
|faint|p1a: Keldeo
|
|-weather|Sandstorm|[upkeep]
|-damage|p2a: Dragonite|62/100|[from] Sandstorm
|-heal|p2a: Dragonite|68/100|[from] item: Leftovers
|upkeep
|
|t:|1745308586
|switch|p1a: Latios|Latios, M|100/100
|-damage|p1a: Latios|88/100|[from] Stealth Rock
|turn|35
|
|t:|1745308589
|move|p1a: Latios|Draco Meteor|p2a: Dragonite
|-supereffective|p2a: Dragonite
|-damage|p2a: Dragonite|0 fnt
|-unboost|p1a: Latios|spa|2
|faint|p2a: Dragonite
|
|-weather|Sandstorm|[upkeep]
|-damage|p1a: Latios|82/100|[from] Sandstorm
|upkeep
|
|t:|1745308596
|switch|p2a: Starmie|Starmie|90/100
|-damage|p2a: Starmie|78/100|[from] Spikes
|turn|36
|
|t:|1745308599
|switch|p1a: Alakazam|Alakazam, F|58/100
|move|p2a: Starmie|Ice Beam|p1a: Alakazam
|-damage|p1a: Alakazam|0 fnt
|faint|p1a: Alakazam
|-damage|p2a: Starmie|68/100|[from] item: Life Orb
|
|-weather|Sandstorm|[upkeep]
|-damage|p2a: Starmie|62/100|[from] Sandstorm
|upkeep
|
|t:|1745308603
|switch|p1a: Latios|Latios, M|82/100
|-damage|p1a: Latios|70/100|[from] Stealth Rock
|turn|37
|-message|Aurum38 forfeited.
|
|win|baixiaohen
|raw|Aurum38's rating: 1349 &rarr; <strong>1337</strong><br />(-12 for losing)
|raw|baixiaohen's rating: 1488 &rarr; <strong>1500</strong><br />(+12 for winning)
|l|☆Aurum38
|player|p1|
