|j|☆Danthemanswagg
|j|☆hshdhsh
|player|p1|Danthemanswagg|ethan|1386
|player|p2|hshdhsh|ltsurge|1326
|teamsize|p1|6
|teamsize|p2|6
|gametype|singles
|gen|5
|tier|[Gen 5] OU
|rated|
|clearpoke
|poke|p1|Tyranitar, F|item
|poke|p1|Latios, M|item
|poke|p1|Rotom-Wash|item
|poke|p1|Ferrothorn, F|item
|poke|p1|Landorus-Therian, M|item
|poke|p1|Garchomp, F|item
|poke|p2|Politoed, F|item
|poke|p2|Keldeo|item
|poke|p2|Thundurus-Therian, M|item
|poke|p2|Jirachi|item
|poke|p2|Terrakion|item
|poke|p2|Celebi|item
|rule|Species Clause: Limit one of each Pokémon
|rule|OHKO Clause: OHKO moves are banned
|rule|Moody Clause: Moody is banned
|rule|Evasion Moves Clause: Evasion moves are banned
|rule|Endless Battle Clause: Forcing endless battles is banned
|rule|HP Percentage Mod: HP is shown in percentages
|rule|Evasion Abilities Clause: Evasion abilities are banned
|rule|Baton Pass Clause: Limit one Baton Passer, can't pass Spe and other stats simultaneously
|rule|Sleep Clause: Sleep-inducing moves are banned
|rule|Swagger Clause: Swagger is banned
|teampreview
|
|start
|switch|p1a: Garchomp|Garchomp, F, shiny|100/100
|switch|p2a: Politoed|Politoed, F, shiny|100/100
|-weather|RainDance|[from] ability: Drizzle|[of] p2a: Politoed
|turn|1
|
|switch|p1a: Rotom|Rotom-Wash|100/100
|move|p2a: Politoed|Ice Beam|p1a: Rotom
|-resisted|p1a: Rotom
|-damage|p1a: Rotom|85/100
|
|-weather|RainDance|[upkeep]
|-heal|p1a: Rotom|91/100|[from] item: Leftovers
|upkeep
|turn|2
|
|switch|p2a: Celebi|Celebi|100/100
|move|p1a: Rotom|Volt Switch|p2a: Celebi
|-resisted|p2a: Celebi
|-damage|p2a: Celebi|89/100
|
|switch|p1a: Tyranitar|Tyranitar, F|100/100|[from]move: Volt Switch
|-weather|Sandstorm|[from] ability: Sand Stream|[of] p1a: Tyranitar
|
|-weather|Sandstorm|[upkeep]
|-damage|p2a: Celebi|82/100|[from] Sandstorm
|-heal|p2a: Celebi|89/100|[from] item: Leftovers
|upkeep
|turn|3
|
|switch|p2a: Terrakion|Terrakion, shiny|100/100
|move|p1a: Tyranitar|Stealth Rock|p2a: Terrakion
|-sidestart|p2: hshdhsh|move: Stealth Rock
|
|-weather|Sandstorm|[upkeep]
|upkeep
|turn|4
|
|switch|p1a: Landorus|Landorus-Therian, M|100/100
|-ability|p1a: Landorus|Intimidate|boost
|-unboost|p2a: Terrakion|atk|1
|move|p2a: Terrakion|Stealth Rock|p1a: Landorus
|-sidestart|p1: Danthemanswagg|move: Stealth Rock
|
|-weather|Sandstorm|[upkeep]
|upkeep
|turn|5
|
|switch|p2a: Jirachi|Jirachi|100/100
|-damage|p2a: Jirachi|94/100|[from] Stealth Rock
|move|p1a: Landorus|Hidden Power|p2a: Jirachi
|-resisted|p2a: Jirachi
|-damage|p2a: Jirachi|89/100
|
|-weather|Sandstorm|[upkeep]
|-heal|p2a: Jirachi|95/100|[from] item: Leftovers
|upkeep
|turn|6
|
|switch|p1a: Ferrothorn|Ferrothorn, F|100/100
|-damage|p1a: Ferrothorn|94/100|[from] Stealth Rock
|move|p2a: Jirachi|Body Slam|p1a: Ferrothorn
|-resisted|p1a: Ferrothorn
|-damage|p1a: Ferrothorn|88/100
|-status|p1a: Ferrothorn|par
|-damage|p2a: Jirachi|82/100|[from] ability: Iron Barbs|[of] p1a: Ferrothorn
|
|-weather|Sandstorm|[upkeep]
|-heal|p2a: Jirachi|89/100|[from] item: Leftovers
|-heal|p1a: Ferrothorn|94/100 par|[from] item: Leftovers
|upkeep
|turn|7
|
|move|p2a: Jirachi|Wish|p2a: Jirachi
|move|p1a: Ferrothorn|Spikes|p2a: Jirachi
|-sidestart|p2: hshdhsh|Spikes
|
|-weather|Sandstorm|[upkeep]
|-heal|p2a: Jirachi|95/100|[from] item: Leftovers
|-heal|p1a: Ferrothorn|100/100 par|[from] item: Leftovers
|upkeep
|turn|8
|
|switch|p2a: Thundurus|Thundurus-Therian, M, shiny|100/100
|-damage|p2a: Thundurus|75/100|[from] Stealth Rock
|move|p1a: Ferrothorn|Spikes|p2a: Thundurus
|-sidestart|p2: hshdhsh|Spikes
|
|-weather|Sandstorm|[upkeep]
|-damage|p2a: Thundurus|69/100|[from] Sandstorm
|-heal|p2a: Thundurus|100/100|[from] move: Wish|[wisher] Jirachi
|upkeep
|turn|9
|
|switch|p1a: Tyranitar|Tyranitar, F|100/100
|-damage|p1a: Tyranitar|88/100|[from] Stealth Rock
|move|p2a: Thundurus|Agility|p2a: Thundurus
|-boost|p2a: Thundurus|spe|2
|
|-weather|Sandstorm|[upkeep]
|-damage|p2a: Thundurus|94/100|[from] Sandstorm
|upkeep
|turn|10
|
|move|p2a: Thundurus|Focus Blast|p1a: Tyranitar
|-supereffective|p1a: Tyranitar
|-enditem|p1a: Tyranitar|Chople Berry|[eat]
|-enditem|p1a: Tyranitar|Chople Berry|[weaken]
|-damage|p1a: Tyranitar|33/100
|move|p1a: Tyranitar|Crunch|p2a: Thundurus
|-damage|p2a: Thundurus|36/100
|
|-weather|Sandstorm|[upkeep]
|-damage|p2a: Thundurus|30/100|[from] Sandstorm
|upkeep
|turn|11
|
|switch|p1a: Rotom|Rotom-Wash|91/100
|-damage|p1a: Rotom|79/100|[from] Stealth Rock
|move|p2a: Thundurus|Focus Blast|p1a: Rotom
|-damage|p1a: Rotom|40/100
|
|-weather|Sandstorm|[upkeep]
|-damage|p2a: Thundurus|24/100|[from] Sandstorm
|-damage|p1a: Rotom|34/100|[from] Sandstorm
|-heal|p1a: Rotom|40/100|[from] item: Leftovers
|upkeep
|turn|12
|
|move|p2a: Thundurus|Thunder|p1a: Rotom
|-damage|p1a: Rotom|0 fnt
|faint|p1a: Rotom
|
|-weather|Sandstorm|[upkeep]
|-damage|p2a: Thundurus|17/100|[from] Sandstorm
|upkeep
|
|switch|p1a: Latios|Latios, M|100/100
|-damage|p1a: Latios|88/100|[from] Stealth Rock
|turn|13
|
|move|p2a: Thundurus|Hidden Power|p1a: Latios
|-supereffective|p1a: Latios
|-damage|p1a: Latios|15/100
|move|p1a: Latios|Surf|p2a: Thundurus
|-damage|p2a: Thundurus|0 fnt
|faint|p2a: Thundurus
|
|-weather|Sandstorm|[upkeep]
|-damage|p1a: Latios|9/100|[from] Sandstorm
|upkeep
|
|switch|p2a: Celebi|Celebi|89/100
|-damage|p2a: Celebi|76/100|[from] Stealth Rock
|-damage|p2a: Celebi|60/100|[from] Spikes
|turn|14
|
|switch|p1a: Ferrothorn|Ferrothorn, F|100/100 par
|-damage|p1a: Ferrothorn|94/100 par|[from] Stealth Rock
|move|p2a: Celebi|Recover|p2a: Celebi
|-heal|p2a: Celebi|100/100
|
|-weather|Sandstorm|[upkeep]
|-damage|p2a: Celebi|94/100|[from] Sandstorm
|-heal|p2a: Celebi|100/100|[from] item: Leftovers
|-heal|p1a: Ferrothorn|100/100 par|[from] item: Leftovers
|upkeep
|turn|15
|
|move|p2a: Celebi|Nasty Plot|p2a: Celebi
|-boost|p2a: Celebi|spa|2
|move|p1a: Ferrothorn|Spikes|p2a: Celebi
|-sidestart|p2: hshdhsh|Spikes
|
|-weather|Sandstorm|[upkeep]
|-damage|p2a: Celebi|94/100|[from] Sandstorm
|-heal|p2a: Celebi|100/100|[from] item: Leftovers
|upkeep
|turn|16
|
|move|p2a: Celebi|Baton Pass|p2a: Celebi
|
|switch|p2a: Keldeo|Keldeo|100/100|[from]move: Baton Pass
|-damage|p2a: Keldeo|94/100|[from] Stealth Rock
|-damage|p2a: Keldeo|69/100|[from] Spikes
|move|p1a: Ferrothorn|Gyro Ball|p2a: Keldeo
|-resisted|p2a: Keldeo
|-damage|p2a: Keldeo|42/100
|
|-weather|Sandstorm|[upkeep]
|-damage|p2a: Keldeo|36/100|[from] Sandstorm
|upkeep
|turn|17
|
|move|p2a: Keldeo|Secret Sword|p1a: Ferrothorn
|-supereffective|p1a: Ferrothorn
|-damage|p1a: Ferrothorn|0 fnt
|faint|p1a: Ferrothorn
|
|-weather|Sandstorm|[upkeep]
|-damage|p2a: Keldeo|30/100|[from] Sandstorm
|upkeep
|
|switch|p1a: Garchomp|Garchomp, F, shiny|100/100
|-damage|p1a: Garchomp|94/100|[from] Stealth Rock
|turn|18
|
|move|p2a: Keldeo|Secret Sword|p1a: Garchomp
|-damage|p1a: Garchomp|0 fnt
|faint|p1a: Garchomp
|
|-weather|Sandstorm|[upkeep]
|-damage|p2a: Keldeo|24/100|[from] Sandstorm
|upkeep
|
|switch|p1a: Landorus|Landorus-Therian, M|100/100
|-damage|p1a: Landorus|88/100|[from] Stealth Rock
|-ability|p1a: Landorus|Intimidate|boost
|-unboost|p2a: Keldeo|atk|1
|turn|19
|
|move|p2a: Keldeo|Secret Sword|p1a: Landorus
|-resisted|p1a: Landorus
|-damage|p1a: Landorus|35/100
|move|p1a: Landorus|Earthquake|p2a: Keldeo
|-damage|p2a: Keldeo|0 fnt
|faint|p2a: Keldeo
|
|-weather|Sandstorm|[upkeep]
|upkeep
|
|switch|p2a: Jirachi|Jirachi|95/100
|-damage|p2a: Jirachi|89/100|[from] Stealth Rock
|-damage|p2a: Jirachi|64/100|[from] Spikes
|turn|20
|
|move|p2a: Jirachi|Wish|p2a: Jirachi
|move|p1a: Landorus|Earthquake|p2a: Jirachi
|-supereffective|p2a: Jirachi
|-damage|p2a: Jirachi|0 fnt
|faint|p2a: Jirachi
|
|-weather|Sandstorm|[upkeep]
|upkeep
|
|switch|p2a: Politoed|Politoed, F, shiny|100/100
|-damage|p2a: Politoed|88/100|[from] Stealth Rock
|-damage|p2a: Politoed|63/100|[from] Spikes
|-weather|RainDance|[from] ability: Drizzle|[of] p2a: Politoed
|turn|21
|
|move|p1a: Landorus|Earthquake|p2a: Politoed
|-damage|p2a: Politoed|0 fnt
|faint|p2a: Politoed
|
|-weather|RainDance|[upkeep]
|upkeep
|
|switch|p2a: Terrakion|Terrakion, shiny|100/100
|-damage|p2a: Terrakion|75/100|[from] Spikes
|-damage|p2a: Terrakion|69/100|[from] Stealth Rock
|turn|22
|
|move|p2a: Terrakion|Stone Edge|p1a: Landorus
|-damage|p1a: Landorus|0 fnt
|faint|p1a: Landorus
|
|-weather|RainDance|[upkeep]
|upkeep
|
|switch|p1a: Latios|Latios, M|9/100
|-damage|p1a: Latios|0 fnt|[from] Stealth Rock
|faint|p1a: Latios
|
|switch|p1a: Tyranitar|Tyranitar, F|33/100
|-damage|p1a: Tyranitar|20/100|[from] Stealth Rock
|-weather|Sandstorm|[from] ability: Sand Stream|[of] p1a: Tyranitar
|turn|23
|
|move|p2a: Terrakion|Close Combat|p1a: Tyranitar
|-supereffective|p1a: Tyranitar
|-damage|p1a: Tyranitar|0 fnt
|-unboost|p2a: Terrakion|def|1
|-unboost|p2a: Terrakion|spd|1
|faint|p1a: Tyranitar
|
|win|hshdhsh
|c|☆Danthemanswagg|gg
|c|☆hshdhsh|gg
|l|☆Danthemanswagg
|raw|Danthemanswagg's rating: 1386 &rarr; <strong>1363</strong><br />(-23 for losing)
|raw|hshdhsh's rating: 1326 &rarr; <strong>1350</strong><br />(+24 for winning)
