|j|☆el janitor
|j|☆lemonite90
|t:|1711058885
|gametype|singles
|player|p1|el janitor|burglar|1420
|player|p2|lemonite90|169|1388
|teamsize|p1|6
|teamsize|p2|6
|gen|5
|tier|[Gen 5] OU
|rated|
|rule|Species Clause: Limit one of each Pokémon
|rule|OHKO Clause: OHKO moves are banned
|rule|Moody Clause: Moody is banned
|rule|Evasion Items Clause: Evasion items are banned
|rule|Evasion Moves Clause: Evasion moves are banned
|rule|Endless Battle Clause: Forcing endless battles is banned
|rule|HP Percentage Mod: HP is shown in percentages
|rule|Evasion Abilities Clause: Evasion abilities are banned
|rule|Sleep Moves Clause: Sleep-inducing moves are banned
|rule|Swagger Clause: Swagger is banned
|rule|Baton Pass Stat Clause: No Baton Passer may have a way to boost its stats
|clearpoke
|poke|p1|Azelf|item
|poke|p1|Celebi|item
|poke|p1|Heatran, F|item
|poke|p1|Excadrill, F|item
|poke|p1|Zapdos|item
|poke|p1|Breloom, F|item
|poke|p2|Tyranitar, F|item
|poke|p2|Dragonite, M|item
|poke|p2|Heatran, M|item
|poke|p2|Scizor, M|item
|poke|p2|Gengar, F|item
|poke|p2|Gastrodon, M|item
|teampreview
|inactive|Battle timer is ON: inactive players will automatically lose when time's up. (requested by el janitor)
|
|t:|1711058891
|start
|switch|p1a: Azelf|Azelf|100/100
|switch|p2a: Gengar|Gengar, F|100/100
|turn|1
|
|t:|1711058898
|switch|p1a: Heatran|Heatran, F|100/100
|move|p2a: Gengar|Taunt|p1a: Heatran
|-start|p1a: Heatran|move: Taunt
|
|upkeep
|turn|2
|
|t:|1711058905
|move|p2a: Gengar|Substitute|p2a: Gengar
|-start|p2a: Gengar|Substitute
|-damage|p2a: Gengar|75/100
|move|p1a: Heatran|Magma Storm|p2a: Gengar
|-end|p2a: Gengar|Substitute
|
|-heal|p2a: Gengar|82/100|[from] item: Black Sludge
|upkeep
|turn|3
|
|t:|1711058919
|switch|p1a: Celebi|Celebi|100/100
|move|p2a: Gengar|Substitute|p2a: Gengar
|-start|p2a: Gengar|Substitute
|-damage|p2a: Gengar|57/100
|
|-heal|p2a: Gengar|63/100|[from] item: Black Sludge
|upkeep
|turn|4
|
|t:|1711058928
|move|p2a: Gengar|Taunt|p1a: Celebi
|-start|p1a: Celebi|move: Taunt
|move|p1a: Celebi|Psychic|p2a: Gengar
|-supereffective|p2a: Gengar
|-end|p2a: Gengar|Substitute
|
|-heal|p2a: Gengar|69/100|[from] item: Black Sludge
|upkeep
|turn|5
|
|t:|1711058940
|move|p2a: Gengar|Destiny Bond|p2a: Gengar
|-singlemove|p2a: Gengar|Destiny Bond
|move|p1a: Celebi|U-turn|p2a: Gengar
|-resisted|p2a: Gengar
|-damage|p2a: Gengar|63/100
|
|t:|1711058945
|switch|p1a: Azelf|Azelf|100/100|[from] U-turn
|
|-heal|p2a: Gengar|69/100|[from] item: Black Sludge
|upkeep
|turn|6
|
|t:|1711058952
|move|p1a: Azelf|Thunder Wave|p2a: Gengar
|-status|p2a: Gengar|par
|move|p2a: Gengar|Taunt|p1a: Azelf
|-start|p1a: Azelf|move: Taunt
|
|-heal|p2a: Gengar|75/100 par|[from] item: Black Sludge
|upkeep
|turn|7
|
|t:|1711058961
|move|p1a: Azelf|U-turn|p2a: Gengar
|-resisted|p2a: Gengar
|-damage|p2a: Gengar|67/100 par
|
|t:|1711058963
|switch|p1a: Celebi|Celebi|100/100|[from] U-turn
|move|p2a: Gengar|Confuse Ray|p1a: Celebi
|-start|p1a: Celebi|confusion
|
|-heal|p2a: Gengar|73/100 par|[from] item: Black Sludge
|upkeep
|turn|8
|
|t:|1711058976
|-activate|p1a: Celebi|confusion
|-damage|p1a: Celebi|93/100|[from] confusion
|move|p2a: Gengar|Taunt|p1a: Celebi
|-start|p1a: Celebi|move: Taunt
|
|-heal|p1a: Celebi|99/100|[from] item: Leftovers
|-heal|p2a: Gengar|79/100 par|[from] item: Black Sludge
|upkeep
|turn|9
|
|t:|1711058985
|switch|p2a: Heatran|Heatran, M|100/100
|-item|p2a: Heatran|Air Balloon
|-activate|p1a: Celebi|confusion
|-damage|p1a: Celebi|93/100|[from] confusion
|
|-heal|p1a: Celebi|99/100|[from] item: Leftovers
|upkeep
|turn|10
|
|t:|1711058995
|switch|p1a: Heatran|Heatran, F|100/100
|move|p2a: Heatran|Stealth Rock|p1a: Heatran
|-sidestart|p1: el janitor|move: Stealth Rock
|
|upkeep
|turn|11
|
|t:|1711059002
|switch|p1a: Azelf|Azelf|100/100
|-damage|p1a: Azelf|88/100|[from] Stealth Rock
|switch|p2a: Gastrodon|Gastrodon, M|100/100
|
|upkeep
|turn|12
|
|t:|1711059009
|move|p1a: Azelf|Stealth Rock|p2a: Gastrodon
|-sidestart|p2: lemonite90|move: Stealth Rock
|move|p2a: Gastrodon|Ice Beam|p1a: Azelf
|-damage|p1a: Azelf|55/100
|
|upkeep
|turn|13
|
|t:|1711059016
|move|p1a: Azelf|U-turn|p2a: Gastrodon
|-damage|p2a: Gastrodon|84/100
|
|t:|1711059018
|switch|p1a: Celebi|Celebi|99/100|[from] U-turn
|-damage|p1a: Celebi|87/100|[from] Stealth Rock
|move|p2a: Gastrodon|Scald|p1a: Celebi
|-resisted|p1a: Celebi
|-damage|p1a: Celebi|78/100
|
|-heal|p1a: Celebi|84/100|[from] item: Leftovers
|-heal|p2a: Gastrodon|90/100|[from] item: Leftovers
|upkeep
|turn|14
|
|t:|1711059030
|switch|p2a: Gengar|Gengar, F|79/100 par
|-damage|p2a: Gengar|67/100 par|[from] Stealth Rock
|move|p1a: Celebi|U-turn|p2a: Gengar
|-resisted|p2a: Gengar
|-damage|p2a: Gengar|61/100 par
|
|t:|1711059054
|switch|p1a: Excadrill|Excadrill, F|100/100|[from] U-turn
|-damage|p1a: Excadrill|97/100|[from] Stealth Rock
|-ability|p1a: Excadrill|Mold Breaker
|
|-heal|p2a: Gengar|67/100 par|[from] item: Black Sludge
|upkeep
|turn|15
|
|t:|1711059064
|move|p1a: Excadrill|Earthquake|p2a: Gengar
|-supereffective|p2a: Gengar
|-damage|p2a: Gengar|0 fnt
|faint|p2a: Gengar
|
|upkeep
|
|t:|1711059069
|switch|p2a: Gastrodon|Gastrodon, M|90/100
|-damage|p2a: Gastrodon|84/100|[from] Stealth Rock
|turn|16
|
|t:|1711059078
|switch|p1a: Azelf|Azelf|55/100
|-damage|p1a: Azelf|43/100|[from] Stealth Rock
|-enditem|p1a: Azelf|Sitrus Berry|[eat]
|-heal|p1a: Azelf|68/100|[from] item: Sitrus Berry
|move|p2a: Gastrodon|Ice Beam|p1a: Azelf
|-crit|p1a: Azelf
|-damage|p1a: Azelf|8/100
|
|-heal|p2a: Gastrodon|90/100|[from] item: Leftovers
|upkeep
|turn|17
|
|t:|1711059092
|move|p1a: Azelf|Explosion|p2a: Gastrodon
|-damage|p2a: Gastrodon|32/100
|faint|p1a: Azelf
|move|p2a: Gastrodon|Ice Beam|p1: Azelf|[notarget]
|-fail|p2a: Gastrodon
|
|-heal|p2a: Gastrodon|38/100|[from] item: Leftovers
|upkeep
|
|t:|1711059103
|switch|p1a: Breloom|Breloom, F|100/100
|-damage|p1a: Breloom|94/100|[from] Stealth Rock
|turn|18
|
|t:|1711059116
|move|p1a: Breloom|Superpower|p2a: Gastrodon
|-damage|p2a: Gastrodon|0 fnt
|-unboost|p1a: Breloom|atk|1
|-unboost|p1a: Breloom|def|1
|faint|p2a: Gastrodon
|
|upkeep
|
|t:|1711059138
|switch|p2a: Scizor|Scizor, M|100/100
|-damage|p2a: Scizor|88/100|[from] Stealth Rock
|turn|19
|
|t:|1711059147
|switch|p1a: Heatran|Heatran, F|100/100
|-damage|p1a: Heatran|88/100|[from] Stealth Rock
|move|p2a: Scizor|Night Slash|p1a: Heatran
|-resisted|p1a: Heatran
|-damage|p1a: Heatran|77/100
|
|-heal|p1a: Heatran|84/100|[from] item: Leftovers
|-heal|p2a: Scizor|94/100|[from] item: Leftovers
|upkeep
|turn|20
|
|t:|1711059161
|switch|p1a: Breloom|Breloom, F|94/100
|-damage|p1a: Breloom|88/100|[from] Stealth Rock
|switch|p2a: Dragonite|Dragonite, M|100/100
|-damage|p2a: Dragonite|76/100|[from] Stealth Rock
|
|upkeep
|turn|21
|
|t:|1711059172
|move|p2a: Dragonite|Extreme Speed|p1a: Breloom
|-damage|p1a: Breloom|10/100
|move|p1a: Breloom|Rock Tomb|p2a: Dragonite
|-supereffective|p2a: Dragonite
|-damage|p2a: Dragonite|0 fnt
|faint|p2a: Dragonite
|
|upkeep
|
|t:|1711059182
|switch|p2a: Scizor|Scizor, M|94/100
|-damage|p2a: Scizor|82/100|[from] Stealth Rock
|turn|22
|
|t:|1711059188
|switch|p1a: Heatran|Heatran, F|84/100
|-damage|p1a: Heatran|71/100|[from] Stealth Rock
|move|p2a: Scizor|Superpower|p1a: Heatran
|-supereffective|p1a: Heatran
|-damage|p1a: Heatran|0 fnt
|-unboost|p2a: Scizor|atk|1
|-unboost|p2a: Scizor|def|1
|faint|p1a: Heatran
|
|-heal|p2a: Scizor|88/100|[from] item: Leftovers
|upkeep
|
|t:|1711059192
|switch|p1a: Excadrill|Excadrill, F|97/100
|-damage|p1a: Excadrill|94/100|[from] Stealth Rock
|-ability|p1a: Excadrill|Mold Breaker
|turn|23
|
|t:|1711059208
|switch|p2a: Heatran|Heatran, M|100/100
|-damage|p2a: Heatran|88/100|[from] Stealth Rock
|-item|p2a: Heatran|Air Balloon
|move|p1a: Excadrill|Rapid Spin|p2a: Heatran
|-resisted|p2a: Heatran
|-damage|p2a: Heatran|85/100
|-enditem|p2a: Heatran|Air Balloon
|-sideend|p1: el janitor|Stealth Rock|[from] move: Rapid Spin|[of] p1a: Excadrill
|
|upkeep
|turn|24
|
|t:|1711059218
|switch|p1a: Celebi|Celebi|84/100
|move|p2a: Heatran|Flamethrower|p1a: Celebi
|-supereffective|p1a: Celebi
|-crit|p1a: Celebi
|-damage|p1a: Celebi|0 fnt
|faint|p1a: Celebi
|
|upkeep
|
|t:|1711059221
|switch|p1a: Excadrill|Excadrill, F|94/100
|-ability|p1a: Excadrill|Mold Breaker
|turn|25
|
|t:|1711059230
|move|p1a: Excadrill|Earthquake|p2a: Heatran
|-supereffective|p2a: Heatran
|-damage|p2a: Heatran|0 fnt
|faint|p2a: Heatran
|
|upkeep
|
|t:|1711059237
|switch|p2a: Scizor|Scizor, M|88/100
|-damage|p2a: Scizor|75/100|[from] Stealth Rock
|turn|26
|
|t:|1711059243
|switch|p1a: Zapdos|Zapdos|100/100
|-ability|p1a: Zapdos|Pressure
|move|p2a: Scizor|Superpower|p1a: Zapdos
|-resisted|p1a: Zapdos
|-damage|p1a: Zapdos|76/100
|-unboost|p2a: Scizor|atk|1
|-unboost|p2a: Scizor|def|1
|
|-heal|p1a: Zapdos|82/100|[from] item: Leftovers
|-heal|p2a: Scizor|81/100|[from] item: Leftovers
|upkeep
|turn|27
|
|t:|1711059256
|switch|p1a: Excadrill|Excadrill, F|94/100
|-ability|p1a: Excadrill|Mold Breaker
|move|p2a: Scizor|Night Slash|p1a: Excadrill
|-resisted|p1a: Excadrill
|-damage|p1a: Excadrill|81/100
|
|-heal|p2a: Scizor|87/100|[from] item: Leftovers
|upkeep
|turn|28
|
|t:|1711059267
|move|p1a: Excadrill|Earthquake|p2a: Scizor
|-crit|p2a: Scizor
|-damage|p2a: Scizor|0 fnt
|faint|p2a: Scizor
|
|upkeep
|-message|lemonite90 forfeited.
|
|win|el janitor
|raw|el janitor's rating: 1420 &rarr; <strong>1438</strong><br />(+18 for winning)
|raw|lemonite90's rating: 1388 &rarr; <strong>1370</strong><br />(-18 for losing)
|l|☆lemonite90
|player|p2|
|c|☆el janitor|gg
