|j|☆cinema staff fan
|j|☆Not Bulit
|t:|1749388770
|gametype|singles
|player|p1|cinema staff fan|miku-flying|1404
|player|p2|Not Bulit|veteranf|1411
|teamsize|p1|6
|teamsize|p2|6
|gen|5
|tier|[Gen 5] OU
|rated|
|rule|Species Clause: Limit one of each Pokémon
|rule|OHKO Clause: OHKO moves are banned
|rule|Moody Clause: Moody is banned
|rule|Evasion Items Clause: Evasion items are banned
|rule|Evasion Moves Clause: Evasion moves are banned
|rule|Endless Battle Clause: Forcing endless battles is banned
|rule|HP Percentage Mod: HP is shown in percentages
|rule|Evasion Abilities Clause: Evasion abilities are banned
|rule|Sleep Moves Clause: Sleep-inducing moves are banned
|rule|Swagger Clause: Swagger is banned
|rule|Baton Pass Stat Clause: No Baton Passer may have a way to boost its stats
|clearpoke
|poke|p1|Garchomp, M|item
|poke|p1|Volcarona, M|item
|poke|p1|Dragonite, M|item
|poke|p1|Breloom, M|item
|poke|p1|Starmie|item
|poke|p1|Scizor, M|item
|poke|p2|Hippowdon, F|item
|poke|p2|Excadrill, F|item
|poke|p2|Ferrothorn, M|item
|poke|p2|Magnezone|item
|poke|p2|Reuniclus, F|item
|poke|p2|Latios, M|item
|teampreview
|inactive|Battle timer is ON: inactive players will automatically lose when time's up. (requested by cinema staff fan)
|
|t:|1749388781
|start
|switch|p1a: Garchomp|Garchomp, M|100/100
|switch|p2a: Durability|Hippowdon, F|100/100
|-weather|Sandstorm|[from] ability: Sand Stream|[of] p2a: Durability
|turn|1
|
|t:|1749388783
|move|p1a: Garchomp|Stealth Rock|p2a: Durability
|-sidestart|p2: Not Bulit|move: Stealth Rock
|move|p2a: Durability|Stealth Rock|p1a: Garchomp
|-sidestart|p1: cinema staff fan|move: Stealth Rock
|
|-weather|Sandstorm|[upkeep]
|upkeep
|turn|2
|
|t:|1749388789
|move|p1a: Garchomp|Swords Dance|p1a: Garchomp
|-boost|p1a: Garchomp|atk|2
|move|p2a: Durability|Earthquake|p1a: Garchomp
|-damage|p1a: Garchomp|65/100
|
|-weather|Sandstorm|[upkeep]
|upkeep
|turn|3
|
|t:|1749388792
|move|p1a: Garchomp|Outrage|p2a: Durability
|-damage|p2a: Durability|22/100
|move|p2a: Durability|Whirlwind|p1a: Garchomp
|drag|p1a: Scizor|Scizor, M|100/100
|-damage|p1a: Scizor|88/100|[from] Stealth Rock
|
|-weather|Sandstorm|[upkeep]
|-heal|p2a: Durability|28/100|[from] item: Leftovers
|upkeep
|turn|4
|
|t:|1749388800
|switch|p2a: Empathy|Ferrothorn, M|100/100
|-damage|p2a: Empathy|94/100|[from] Stealth Rock
|move|p1a: Scizor|Bullet Punch|p2a: Empathy
|-resisted|p2a: Empathy
|-damage|p2a: Empathy|79/100
|-damage|p1a: Scizor|76/100|[from] ability: Iron Barbs|[of] p2a: Empathy
|-damage|p1a: Scizor|66/100|[from] item: Life Orb
|
|-weather|Sandstorm|[upkeep]
|-heal|p2a: Empathy|85/100|[from] item: Leftovers
|upkeep
|turn|5
|
|t:|1749388810
|move|p1a: Scizor|Superpower|p2a: Empathy
|-supereffective|p2a: Empathy
|-damage|p2a: Empathy|6/100
|-unboost|p1a: Scizor|atk|1
|-unboost|p1a: Scizor|def|1
|-damage|p1a: Scizor|53/100|[from] ability: Iron Barbs|[of] p2a: Empathy
|-damage|p1a: Scizor|43/100|[from] item: Life Orb
|move|p2a: Empathy|Spikes|p1a: Scizor
|-sidestart|p1: cinema staff fan|Spikes
|
|-weather|Sandstorm|[upkeep]
|-heal|p2a: Empathy|13/100|[from] item: Leftovers
|upkeep
|turn|6
|
|t:|1749388814
|move|p2a: Empathy|Protect|p2a: Empathy
|-singleturn|p2a: Empathy|Protect
|move|p1a: Scizor|Swords Dance|p1a: Scizor
|-boost|p1a: Scizor|atk|2
|
|-weather|Sandstorm|[upkeep]
|-heal|p2a: Empathy|19/100|[from] item: Leftovers
|upkeep
|turn|7
|
|t:|1749388821
|move|p1a: Scizor|Pursuit|p2a: Empathy
|-resisted|p2a: Empathy
|-damage|p2a: Empathy|5/100
|-damage|p1a: Scizor|31/100|[from] ability: Iron Barbs|[of] p2a: Empathy
|-damage|p1a: Scizor|21/100|[from] item: Life Orb
|move|p2a: Empathy|Leech Seed|p1a: Scizor
|-start|p1a: Scizor|move: Leech Seed
|
|-weather|Sandstorm|[upkeep]
|-heal|p2a: Empathy|11/100|[from] item: Leftovers
|-damage|p1a: Scizor|8/100|[from] Leech Seed|[of] p2a: Empathy
|-heal|p2a: Empathy|21/100|[silent]
|upkeep
|turn|8
|
|t:|1749388828
|move|p2a: Empathy|Protect|p2a: Empathy
|-singleturn|p2a: Empathy|Protect
|move|p1a: Scizor|Bullet Punch|p2a: Empathy
|-activate|p2a: Empathy|move: Protect
|
|-weather|Sandstorm|[upkeep]
|-heal|p2a: Empathy|27/100|[from] item: Leftovers
|-damage|p1a: Scizor|0 fnt|[from] Leech Seed|[of] p2a: Empathy
|-heal|p2a: Empathy|34/100|[silent]
|faint|p1a: Scizor
|upkeep
|
|t:|1749388834
|switch|p1a: Garchomp|Garchomp, M|65/100
|-damage|p1a: Garchomp|59/100|[from] Stealth Rock
|-damage|p1a: Garchomp|46/100|[from] Spikes
|turn|9
|
|t:|1749388840
|move|p1a: Garchomp|Earthquake|p2a: Empathy
|-damage|p2a: Empathy|2/100
|move|p2a: Empathy|Leech Seed|p1a: Garchomp|[miss]
|-miss|p2a: Empathy|p1a: Garchomp
|
|-weather|Sandstorm|[upkeep]
|-heal|p2a: Empathy|8/100|[from] item: Leftovers
|upkeep
|turn|10
|
|t:|1749388844
|move|p1a: Garchomp|Outrage|p2a: Empathy
|-resisted|p2a: Empathy
|-damage|p2a: Empathy|0 fnt
|-damage|p1a: Garchomp|34/100|[from] ability: Iron Barbs|[of] p2a: Empathy
|faint|p2a: Empathy
|
|-weather|Sandstorm|[upkeep]
|upkeep
|
|t:|1749388856
|switch|p2a: Devotion|Latios, M|100/100
|-damage|p2a: Devotion|88/100|[from] Stealth Rock
|turn|11
|
|t:|1749388860
|move|p2a: Devotion|Surf|p1a: Garchomp
|-damage|p1a: Garchomp|0 fnt
|faint|p1a: Garchomp
|
|-weather|Sandstorm|[upkeep]
|-damage|p2a: Devotion|82/100|[from] Sandstorm
|upkeep
|
|t:|1749388863
|switch|p1a: Starmie|Starmie|100/100
|-damage|p1a: Starmie|88/100|[from] Stealth Rock
|-item|p1a: Starmie|Air Balloon
|turn|12
|
|t:|1749388877
|switch|p2a: Perplexity|Reuniclus, F|100/100
|move|p1a: Starmie|Rapid Spin|p2a: Perplexity
|-damage|p2a: Perplexity|97/100
|-sideend|p1: cinema staff fan|Spikes|[from] move: Rapid Spin|[of] p1a: Starmie
|-sideend|p1: cinema staff fan|Stealth Rock|[from] move: Rapid Spin|[of] p1a: Starmie
|
|-weather|Sandstorm|[upkeep]
|-damage|p1a: Starmie|82/100|[from] Sandstorm
|-heal|p2a: Perplexity|100/100|[from] item: Leftovers
|upkeep
|turn|13
|
|t:|1749388886
|move|p1a: Starmie|Hydro Pump|p2a: Perplexity
|-damage|p2a: Perplexity|50/100
|move|p2a: Perplexity|Calm Mind|p2a: Perplexity
|-boost|p2a: Perplexity|spa|1
|-boost|p2a: Perplexity|spd|1
|
|-weather|Sandstorm|[upkeep]
|-damage|p1a: Starmie|76/100|[from] Sandstorm
|-heal|p2a: Perplexity|56/100|[from] item: Leftovers
|upkeep
|turn|14
|
|t:|1749388890
|move|p1a: Starmie|Hydro Pump|p2a: Perplexity
|-damage|p2a: Perplexity|22/100
|move|p2a: Perplexity|Recover|p2a: Perplexity
|-heal|p2a: Perplexity|72/100
|
|-weather|Sandstorm|[upkeep]
|-damage|p1a: Starmie|70/100|[from] Sandstorm
|-heal|p2a: Perplexity|79/100|[from] item: Leftovers
|upkeep
|turn|15
|
|t:|1749388893
|switch|p1a: Volcarona|Volcarona, M|100/100
|move|p2a: Perplexity|Calm Mind|p2a: Perplexity
|-boost|p2a: Perplexity|spa|1
|-boost|p2a: Perplexity|spd|1
|
|-weather|Sandstorm|[upkeep]
|-damage|p1a: Volcarona|94/100|[from] Sandstorm
|-heal|p2a: Perplexity|85/100|[from] item: Leftovers
|upkeep
|turn|16
|
|t:|1749388896
|move|p1a: Volcarona|Quiver Dance|p1a: Volcarona
|-boost|p1a: Volcarona|spa|1
|-boost|p1a: Volcarona|spd|1
|-boost|p1a: Volcarona|spe|1
|move|p2a: Perplexity|Psychic|p1a: Volcarona
|-damage|p1a: Volcarona|43/100
|
|-weather|Sandstorm|[upkeep]
|-damage|p1a: Volcarona|37/100|[from] Sandstorm
|-heal|p2a: Perplexity|91/100|[from] item: Leftovers
|upkeep
|turn|17
|
|t:|1749388899
|move|p1a: Volcarona|Bug Buzz|p2a: Perplexity
|-supereffective|p2a: Perplexity
|-damage|p2a: Perplexity|10/100
|move|p2a: Perplexity|Psychic|p1a: Volcarona
|-damage|p1a: Volcarona|0 fnt
|faint|p1a: Volcarona
|
|-weather|Sandstorm|[upkeep]
|-heal|p2a: Perplexity|16/100|[from] item: Leftovers
|upkeep
|
|t:|1749388929
|switch|p1a: Breloom|Breloom, M|100/100
|turn|18
|
|t:|1749388941
|move|p1a: Breloom|Bullet Seed|p2a: Perplexity
|-damage|p2a: Perplexity|0 fnt
|faint|p2a: Perplexity
|-hitcount|p2: Perplexity|1
|-damage|p1a: Breloom|91/100|[from] item: Life Orb
|
|-weather|Sandstorm|[upkeep]
|-damage|p1a: Breloom|84/100|[from] Sandstorm
|upkeep
|
|t:|1749388945
|switch|p2a: Devotion|Latios, M|82/100
|-damage|p2a: Devotion|70/100|[from] Stealth Rock
|turn|19
|
|t:|1749388950
|switch|p1a: Starmie|Starmie|70/100
|-item|p1a: Starmie|Air Balloon
|move|p2a: Devotion|Draco Meteor|p1a: Starmie
|-damage|p1a: Starmie|0 fnt
|-unboost|p2a: Devotion|spa|2
|-enditem|p1a: Starmie|Air Balloon
|faint|p1a: Starmie
|
|-weather|Sandstorm|[upkeep]
|-damage|p2a: Devotion|64/100|[from] Sandstorm
|upkeep
|
|t:|1749388954
|switch|p1a: Dragonite|Dragonite, M|100/100
|turn|20
|
|t:|1749388958
|switch|p2a: Velocity|Excadrill, F|100/100
|-damage|p2a: Velocity|97/100|[from] Stealth Rock
|move|p1a: Dragonite|Dragon Dance|p1a: Dragonite
|-boost|p1a: Dragonite|atk|1
|-boost|p1a: Dragonite|spe|1
|
|-weather|Sandstorm|[upkeep]
|-damage|p1a: Dragonite|94/100|[from] Sandstorm
|upkeep
|turn|21
|
|t:|1749388963
|move|p2a: Velocity|Rock Slide|p1a: Dragonite
|-supereffective|p1a: Dragonite
|-damage|p1a: Dragonite|7/100
|cant|p1a: Dragonite|flinch
|
|-weather|Sandstorm|[upkeep]
|-damage|p1a: Dragonite|1/100|[from] Sandstorm
|upkeep
|turn|22
|
|t:|1749388969
|move|p1a: Dragonite|Extreme Speed|p2a: Velocity
|-resisted|p2a: Velocity
|-damage|p2a: Velocity|63/100
|move|p2a: Velocity|Rock Slide|p1a: Dragonite
|-supereffective|p1a: Dragonite
|-damage|p1a: Dragonite|0 fnt
|faint|p1a: Dragonite
|
|-weather|Sandstorm|[upkeep]
|upkeep
|
|t:|1749388973
|switch|p1a: Breloom|Breloom, M|84/100
|turn|23
|
|t:|1749388987
|switch|p2a: Devotion|Latios, M|64/100
|-damage|p2a: Devotion|52/100|[from] Stealth Rock
|move|p1a: Breloom|Mach Punch|p2a: Devotion
|-resisted|p2a: Devotion
|-damage|p2a: Devotion|18/100
|-damage|p1a: Breloom|75/100|[from] item: Life Orb
|
|-weather|Sandstorm|[upkeep]
|-damage|p2a: Devotion|12/100|[from] Sandstorm
|-damage|p1a: Breloom|68/100|[from] Sandstorm
|upkeep
|turn|24
|
|t:|1749388992
|move|p1a: Breloom|Mach Punch|p2a: Devotion
|-resisted|p2a: Devotion
|-damage|p2a: Devotion|0 fnt
|faint|p2a: Devotion
|-damage|p1a: Breloom|59/100|[from] item: Life Orb
|
|-weather|Sandstorm|[upkeep]
|-damage|p1a: Breloom|52/100|[from] Sandstorm
|upkeep
|
|t:|1749389003
|switch|p2a: Durability|Hippowdon, F|28/100
|-damage|p2a: Durability|22/100|[from] Stealth Rock
|turn|25
|j| SKT T1 Motherfaker
|
|t:|1749389010
|move|p1a: Breloom|Low Sweep|p2a: Durability
|-damage|p2a: Durability|0 fnt
|faint|p2a: Durability
|-damage|p1a: Breloom|42/100|[from] item: Life Orb
|
|-weather|Sandstorm|[upkeep]
|-damage|p1a: Breloom|36/100|[from] Sandstorm
|upkeep
|
|t:|1749389015
|switch|p2a: Tenacity|Magnezone, shiny|100/100
|-damage|p2a: Tenacity|94/100|[from] Stealth Rock
|-item|p2a: Tenacity|Air Balloon
|turn|26
|
|t:|1749389019
|move|p1a: Breloom|Low Sweep|p2a: Tenacity
|-supereffective|p2a: Tenacity
|-damage|p2a: Tenacity|0 fnt
|-enditem|p2a: Tenacity|Air Balloon
|faint|p2a: Tenacity
|-damage|p1a: Breloom|26/100|[from] item: Life Orb
|
|-weather|Sandstorm|[upkeep]
|-damage|p1a: Breloom|20/100|[from] Sandstorm
|upkeep
|
|t:|1749389022
|switch|p2a: Velocity|Excadrill, F|63/100
|-damage|p2a: Velocity|60/100|[from] Stealth Rock
|turn|27
|
|t:|1749389024
|move|p1a: Breloom|Mach Punch|p2a: Velocity
|-supereffective|p2a: Velocity
|-damage|p2a: Velocity|0 fnt
|faint|p2a: Velocity
|-damage|p1a: Breloom|10/100|[from] item: Life Orb
|
|win|cinema staff fan
|raw|cinema staff fan's rating: 1404 &rarr; <strong>1424</strong><br />(+20 for winning)
|raw|Not Bulit's rating: 1411 &rarr; <strong>1391</strong><br />(-20 for losing)
|l|☆Not Bulit
|player|p2|
|l|☆cinema staff fan
|player|p1|
