|j|☆Crimsonbacon38
|j|☆Night law
|t:|1730572778
|gametype|singles
|player|p1|Crimsonbacon38|barry|1333
|player|p2|Night law|giovanni|1355
|teamsize|p1|6
|teamsize|p2|6
|gen|5
|tier|[Gen 5] OU
|rated|
|rule|Species Clause: Limit one of each Pokémon
|rule|OHKO Clause: OHKO moves are banned
|rule|Moody Clause: Moody is banned
|rule|Evasion Items Clause: Evasion items are banned
|rule|Evasion Moves Clause: Evasion moves are banned
|rule|Endless Battle Clause: Forcing endless battles is banned
|rule|HP Percentage Mod: HP is shown in percentages
|rule|Evasion Abilities Clause: Evasion abilities are banned
|rule|Sleep Moves Clause: Sleep-inducing moves are banned
|rule|Swagger Clause: Swagger is banned
|rule|Baton Pass Stat Clause: No Baton Passer may have a way to boost its stats
|clearpoke
|poke|p1|Tyranitar, M|item
|poke|p1|Excadrill, M|item
|poke|p1|Landorus-Therian, M|item
|poke|p1|Rotom-Wash|item
|poke|p1|Ferrothorn, M|item
|poke|p1|Latios, M|item
|poke|p2|Mamoswine, M|item
|poke|p2|Lanturn, M|item
|poke|p2|Gengar, M|item
|poke|p2|Ferrothorn, F|item
|poke|p2|Salamence, F|item
|poke|p2|Medicham, M|item
|teampreview
|c|☆Crimsonbacon38|Glhf
|
|t:|1730572798
|start
|switch|p1a: Tyranitar|Tyranitar, M|100/100
|switch|p2a: Ferrothorn|Ferrothorn, F|100/100
|-weather|Sandstorm|[from] ability: Sand Stream|[of] p1a: Tyranitar
|turn|1
|
|t:|1730572814
|switch|p1a: Landorus|Landorus-Therian, M|100/100
|-ability|p1a: Landorus|Intimidate|boost
|-unboost|p2a: Ferrothorn|atk|1
|move|p2a: Ferrothorn|Stealth Rock|p1a: Landorus
|-sidestart|p1: Crimsonbacon38|move: Stealth Rock
|
|-weather|Sandstorm|[upkeep]
|upkeep
|turn|2
|
|t:|1730572825
|move|p1a: Landorus|Stealth Rock|p2a: Ferrothorn
|-sidestart|p2: Night law|move: Stealth Rock
|move|p2a: Ferrothorn|Leech Seed|p1a: Landorus
|-start|p1a: Landorus|move: Leech Seed
|
|-weather|Sandstorm|[upkeep]
|-damage|p1a: Landorus|88/100|[from] Leech Seed|[of] p2a: Ferrothorn
|upkeep
|turn|3
|
|t:|1730572831
|switch|p2a: Salamence|Salamence, F|100/100
|-damage|p2a: Salamence|76/100|[from] Stealth Rock
|-ability|p2a: Salamence|Intimidate|boost
|-unboost|p1a: Landorus|atk|1
|move|p1a: Landorus|U-turn|p2a: Salamence
|-resisted|p2a: Salamence
|-damage|p2a: Salamence|66/100
|
|t:|1730572840
|switch|p1a: Latios|Latios, M|100/100|[from] U-turn
|-damage|p1a: Latios|88/100|[from] Stealth Rock
|
|-weather|Sandstorm|[upkeep]
|-damage|p1a: Latios|82/100|[from] Sandstorm
|-damage|p2a: Salamence|60/100|[from] Sandstorm
|upkeep
|turn|4
|j| Stygilena*
|
|t:|1730572851
|switch|p2a: Ferrothorn|Ferrothorn, F|100/100
|-damage|p2a: Ferrothorn|94/100|[from] Stealth Rock
|move|p1a: Latios|Draco Meteor|p2a: Ferrothorn
|-resisted|p2a: Ferrothorn
|-damage|p2a: Ferrothorn|64/100
|-unboost|p1a: Latios|spa|2
|
|-weather|Sandstorm|[upkeep]
|-damage|p1a: Latios|76/100|[from] Sandstorm
|upkeep
|turn|5
|l| Stygilena*
|
|t:|1730572861
|switch|p1a: Rotom|Rotom-Wash|100/100
|-damage|p1a: Rotom|88/100|[from] Stealth Rock
|move|p2a: Ferrothorn|Leech Seed|p1a: Rotom
|-start|p1a: Rotom|move: Leech Seed
|
|-weather|Sandstorm|[upkeep]
|-damage|p1a: Rotom|82/100|[from] Sandstorm
|-heal|p1a: Rotom|88/100|[from] item: Leftovers
|-damage|p1a: Rotom|75/100|[from] Leech Seed|[of] p2a: Ferrothorn
|-heal|p2a: Ferrothorn|74/100|[silent]
|upkeep
|turn|6
|
|t:|1730572879
|move|p2a: Ferrothorn|Protect|p2a: Ferrothorn
|-singleturn|p2a: Ferrothorn|Protect
|move|p1a: Rotom|Will-O-Wisp|p2a: Ferrothorn
|-activate|p2a: Ferrothorn|move: Protect
|
|-weather|Sandstorm|[upkeep]
|-damage|p1a: Rotom|69/100|[from] Sandstorm
|-heal|p1a: Rotom|75/100|[from] item: Leftovers
|-damage|p1a: Rotom|63/100|[from] Leech Seed|[of] p2a: Ferrothorn
|-heal|p2a: Ferrothorn|85/100|[silent]
|upkeep
|turn|7
|
|t:|1730572892
|switch|p2a: Lanturn|Lanturn, M|100/100
|-damage|p2a: Lanturn|88/100|[from] Stealth Rock
|move|p1a: Rotom|Will-O-Wisp|p2a: Lanturn|[miss]
|-miss|p1a: Rotom|p2a: Lanturn
|
|-weather|Sandstorm|[upkeep]
|-damage|p1a: Rotom|57/100|[from] Sandstorm
|-damage|p2a: Lanturn|82/100|[from] Sandstorm
|-heal|p1a: Rotom|63/100|[from] item: Leftovers
|-heal|p2a: Lanturn|88/100|[from] item: Leftovers
|-damage|p1a: Rotom|50/100|[from] Leech Seed|[of] p2a: Lanturn
|-heal|p2a: Lanturn|97/100|[silent]
|upkeep
|turn|8
|
|t:|1730572908
|move|p1a: Rotom|Volt Switch|p2a: Lanturn
|-heal|p2a: Lanturn|100/100|[from] ability: Volt Absorb|[of] p1a: Rotom
|move|p2a: Lanturn|Discharge|p1a: Rotom
|-damage|p1a: Rotom|28/100
|
|-weather|Sandstorm|[upkeep]
|-damage|p1a: Rotom|22/100|[from] Sandstorm
|-damage|p2a: Lanturn|94/100|[from] Sandstorm
|-heal|p1a: Rotom|28/100|[from] item: Leftovers
|-heal|p2a: Lanturn|100/100|[from] item: Leftovers
|-damage|p1a: Rotom|16/100|[from] Leech Seed|[of] p2a: Lanturn
|upkeep
|turn|9
|
|t:|1730572921
|move|p1a: Rotom|Pain Split|p2a: Lanturn
|-sethp|p2a: Lanturn|56/100|[from] move: Pain Split|[silent]
|-sethp|p1a: Rotom|83/100|[from] move: Pain Split
|move|p2a: Lanturn|Scald|p1a: Rotom
|-resisted|p1a: Rotom
|-damage|p1a: Rotom|72/100
|
|-weather|Sandstorm|[upkeep]
|-damage|p1a: Rotom|65/100|[from] Sandstorm
|-damage|p2a: Lanturn|49/100|[from] Sandstorm
|-heal|p1a: Rotom|72/100|[from] item: Leftovers
|-heal|p2a: Lanturn|56/100|[from] item: Leftovers
|-damage|p1a: Rotom|59/100|[from] Leech Seed|[of] p2a: Lanturn
|-heal|p2a: Lanturn|64/100|[silent]
|upkeep
|turn|10
|
|t:|1730572937
|switch|p1a: Ferrothorn|Ferrothorn, M|100/100
|-damage|p1a: Ferrothorn|94/100|[from] Stealth Rock
|move|p2a: Lanturn|Discharge|p1a: Ferrothorn
|-resisted|p1a: Ferrothorn
|-crit|p1a: Ferrothorn
|-damage|p1a: Ferrothorn|79/100
|-status|p1a: Ferrothorn|par
|
|-weather|Sandstorm|[upkeep]
|-damage|p2a: Lanturn|58/100|[from] Sandstorm
|-heal|p2a: Lanturn|64/100|[from] item: Leftovers
|-heal|p1a: Ferrothorn|86/100 par|[from] item: Leftovers
|upkeep
|turn|11
|
|t:|1730572950
|move|p2a: Lanturn|Volt Switch|p1a: Ferrothorn
|-resisted|p1a: Ferrothorn
|-damage|p1a: Ferrothorn|79/100 par
|
|t:|1730572954
|switch|p2a: Ferrothorn|Ferrothorn, F|85/100|[from] Volt Switch
|-damage|p2a: Ferrothorn|79/100|[from] Stealth Rock
|cant|p1a: Ferrothorn|par
|
|-weather|Sandstorm|[upkeep]
|-heal|p1a: Ferrothorn|85/100 par|[from] item: Leftovers
|upkeep
|turn|12
|
|t:|1730572960
|switch|p2a: Salamence|Salamence, F|60/100
|-damage|p2a: Salamence|35/100|[from] Stealth Rock
|-ability|p2a: Salamence|Intimidate|boost
|-unboost|p1a: Ferrothorn|atk|1
|-enditem|p2a: Salamence|Sitrus Berry|[eat]
|-heal|p2a: Salamence|60/100|[from] item: Sitrus Berry
|move|p1a: Ferrothorn|Spikes|p2a: Salamence
|-sidestart|p2: Night law|Spikes
|
|-weather|Sandstorm|[upkeep]
|-damage|p2a: Salamence|54/100|[from] Sandstorm
|-heal|p1a: Ferrothorn|91/100 par|[from] item: Leftovers
|upkeep
|turn|13
|
|t:|1730572969
|switch|p1a: Tyranitar|Tyranitar, M|100/100
|-damage|p1a: Tyranitar|88/100|[from] Stealth Rock
|move|p2a: Salamence|Substitute|p2a: Salamence
|-start|p2a: Salamence|Substitute
|-damage|p2a: Salamence|29/100
|
|-weather|Sandstorm|[upkeep]
|-damage|p2a: Salamence|23/100|[from] Sandstorm
|upkeep
|turn|14
|
|t:|1730572981
|move|p2a: Salamence|Hydro Pump|p1a: Tyranitar
|-supereffective|p1a: Tyranitar
|-damage|p1a: Tyranitar|55/100
|move|p1a: Tyranitar|Crunch|p2a: Salamence
|-end|p2a: Salamence|Substitute
|
|-weather|Sandstorm|[upkeep]
|-damage|p2a: Salamence|17/100|[from] Sandstorm
|upkeep
|turn|15
|
|t:|1730572990
|-activate|p2a: Salamence|move: Pursuit
|move|p1a: Tyranitar|Pursuit|p2a: Salamence|[from]Pursuit
|-damage|p2a: Salamence|0 fnt
|faint|p2a: Salamence
|-hint|A Pokemon can't switch between when it runs out of HP and when it faints
|
|-weather|Sandstorm|[upkeep]
|upkeep
|
|t:|1730572994
|switch|p2a: Mamoswine|Mamoswine, M, shiny|100/100
|-damage|p2a: Mamoswine|88/100|[from] Stealth Rock
|-damage|p2a: Mamoswine|76/100|[from] Spikes
|turn|16
|
|t:|1730572996
|switch|p1a: Rotom|Rotom-Wash|59/100
|-damage|p1a: Rotom|47/100|[from] Stealth Rock
|move|p2a: Mamoswine|Icicle Crash|p1a: Rotom
|-resisted|p1a: Rotom
|-damage|p1a: Rotom|22/100
|-damage|p2a: Mamoswine|66/100|[from] item: Life Orb
|
|-weather|Sandstorm|[upkeep]
|-damage|p1a: Rotom|16/100|[from] Sandstorm
|-heal|p1a: Rotom|22/100|[from] item: Leftovers
|upkeep
|turn|17
|
|t:|1730573005
|move|p2a: Mamoswine|Icicle Crash|p1a: Rotom
|-resisted|p1a: Rotom
|-damage|p1a: Rotom|0 fnt
|faint|p1a: Rotom
|-damage|p2a: Mamoswine|56/100|[from] item: Life Orb
|
|-weather|Sandstorm|[upkeep]
|upkeep
|
|t:|1730573012
|switch|p1a: Excadrill|Excadrill, M|100/100
|-damage|p1a: Excadrill|97/100|[from] Stealth Rock
|turn|18
|
|t:|1730573034
|switch|p2a: Ferrothorn|Ferrothorn, F|79/100
|-damage|p2a: Ferrothorn|73/100|[from] Stealth Rock
|-damage|p2a: Ferrothorn|60/100|[from] Spikes
|move|p1a: Excadrill|Iron Head|p2a: Ferrothorn
|-resisted|p2a: Ferrothorn
|-damage|p2a: Ferrothorn|47/100
|-damage|p1a: Excadrill|85/100|[from] ability: Iron Barbs|[of] p2a: Ferrothorn
|-damage|p1a: Excadrill|68/100|[from] item: Rocky Helmet|[of] p2a: Ferrothorn
|
|-weather|Sandstorm|[upkeep]
|-heal|p1a: Excadrill|75/100|[from] item: Leftovers
|upkeep
|turn|19
|
|t:|1730573042
|move|p1a: Excadrill|Earthquake|p2a: Ferrothorn
|-damage|p2a: Ferrothorn|12/100
|move|p2a: Ferrothorn|Leech Seed|p1a: Excadrill
|-start|p1a: Excadrill|move: Leech Seed
|
|-weather|Sandstorm|[upkeep]
|-heal|p1a: Excadrill|81/100|[from] item: Leftovers
|-damage|p1a: Excadrill|68/100|[from] Leech Seed|[of] p2a: Ferrothorn
|-heal|p2a: Ferrothorn|25/100|[silent]
|upkeep
|turn|20
|
|t:|1730573047
|move|p2a: Ferrothorn|Protect|p2a: Ferrothorn
|-singleturn|p2a: Ferrothorn|Protect
|move|p1a: Excadrill|Rapid Spin|p2a: Ferrothorn
|-activate|p2a: Ferrothorn|move: Protect
|
|-weather|Sandstorm|[upkeep]
|-heal|p1a: Excadrill|75/100|[from] item: Leftovers
|-damage|p1a: Excadrill|62/100|[from] Leech Seed|[of] p2a: Ferrothorn
|-heal|p2a: Ferrothorn|39/100|[silent]
|upkeep
|turn|21
|
|t:|1730573056
|move|p1a: Excadrill|Rapid Spin|p2a: Ferrothorn
|-resisted|p2a: Ferrothorn
|-damage|p2a: Ferrothorn|37/100
|-damage|p1a: Excadrill|50/100|[from] ability: Iron Barbs|[of] p2a: Ferrothorn
|-damage|p1a: Excadrill|33/100|[from] item: Rocky Helmet|[of] p2a: Ferrothorn
|-end|p1a: Excadrill|Leech Seed|[from] move: Rapid Spin|[of] p1a: Excadrill
|-sideend|p1: Crimsonbacon38|Stealth Rock|[from] move: Rapid Spin|[of] p1a: Excadrill
|move|p2a: Ferrothorn|Gyro Ball|p1a: Excadrill
|-resisted|p1a: Excadrill
|-damage|p1a: Excadrill|0 fnt
|faint|p1a: Excadrill
|
|-weather|Sandstorm|[upkeep]
|upkeep
|
|t:|1730573066
|switch|p1a: Landorus|Landorus-Therian, M|88/100
|-ability|p1a: Landorus|Intimidate|boost
|-unboost|p2a: Ferrothorn|atk|1
|turn|22
|
|t:|1730573073
|move|p1a: Landorus|Earthquake|p2a: Ferrothorn
|-crit|p2a: Ferrothorn
|-damage|p2a: Ferrothorn|0 fnt
|faint|p2a: Ferrothorn
|
|-weather|Sandstorm|[upkeep]
|-heal|p1a: Landorus|94/100|[from] item: Leftovers
|upkeep
|
|t:|1730573083
|switch|p2a: Mamoswine|Mamoswine, M, shiny|56/100
|-damage|p2a: Mamoswine|43/100|[from] Stealth Rock
|-damage|p2a: Mamoswine|31/100|[from] Spikes
|turn|23
|
|t:|1730573110
|move|p2a: Mamoswine|Ice Shard|p1a: Landorus
|-supereffective|p1a: Landorus
|-damage|p1a: Landorus|0 fnt
|faint|p1a: Landorus
|-damage|p2a: Mamoswine|21/100|[from] item: Life Orb
|
|-weather|Sandstorm|[upkeep]
|upkeep
|
|t:|1730573111
|switch|p1a: Ferrothorn|Ferrothorn, M|91/100 par
|turn|24
|
|t:|1730573131
|move|p2a: Mamoswine|Icicle Crash|p1a: Ferrothorn
|-damage|p1a: Ferrothorn|46/100 par
|-damage|p2a: Mamoswine|11/100|[from] item: Life Orb
|cant|p1a: Ferrothorn|flinch
|
|-weather|Sandstorm|[upkeep]
|-heal|p1a: Ferrothorn|52/100 par|[from] item: Leftovers
|upkeep
|turn|25
|
|t:|1730573137
|move|p2a: Mamoswine|Earthquake|p1a: Ferrothorn
|-damage|p1a: Ferrothorn|0 fnt
|faint|p1a: Ferrothorn
|-damage|p2a: Mamoswine|1/100|[from] item: Life Orb
|
|-weather|Sandstorm|[upkeep]
|upkeep
|
|t:|1730573140
|switch|p1a: Latios|Latios, M|76/100
|turn|26
|
|t:|1730573147
|move|p2a: Mamoswine|Ice Shard|p1a: Latios
|-supereffective|p1a: Latios
|-damage|p1a: Latios|0 fnt
|faint|p1a: Latios
|-damage|p2a: Mamoswine|0 fnt|[from] item: Life Orb
|faint|p2a: Mamoswine
|
|-weather|Sandstorm|[upkeep]
|upkeep
|c|☆Crimsonbacon38|Dang man
|c|☆Crimsonbacon38|gg
|
|t:|1730573156
|switch|p1a: Tyranitar|Tyranitar, M|55/100
|switch|p2a: Medicham|Medicham, M|100/100
|-damage|p2a: Medicham|94/100|[from] Stealth Rock
|-damage|p2a: Medicham|82/100|[from] Spikes
|turn|27
|
|t:|1730573161
|move|p2a: Medicham|High Jump Kick|p1a: Tyranitar
|-supereffective|p1a: Tyranitar
|-enditem|p1a: Tyranitar|Chople Berry|[eat]
|-enditem|p1a: Tyranitar|Chople Berry|[weaken]
|-damage|p1a: Tyranitar|0 fnt
|faint|p1a: Tyranitar
|
|win|Night law
|raw|Crimsonbacon38's rating: 1333 &rarr; <strong>1314</strong><br />(-19 for losing)
|raw|Night law's rating: 1355 &rarr; <strong>1374</strong><br />(+19 for winning)
