|j|☆Coronet077
|j|☆fishandchips432
|t:|1711741757
|gametype|singles
|player|p1|Coronet077|fisherman-gen4|1358
|player|p2|fishandchips432|marlon|1333
|teamsize|p1|6
|teamsize|p2|6
|gen|5
|tier|[Gen 5] OU
|rated|
|rule|Species Clause: Limit one of each Pokémon
|rule|OHKO Clause: OHKO moves are banned
|rule|Moody Clause: Moody is banned
|rule|Evasion Items Clause: Evasion items are banned
|rule|Evasion Moves Clause: Evasion moves are banned
|rule|Endless Battle Clause: Forcing endless battles is banned
|rule|HP Percentage Mod: HP is shown in percentages
|rule|Evasion Abilities Clause: Evasion abilities are banned
|rule|Sleep Moves Clause: Sleep-inducing moves are banned
|rule|Swagger Clause: Swagger is banned
|rule|Baton Pass Stat Clause: No Baton Passer may have a way to boost its stats
|clearpoke
|poke|p1|Magnezone|item
|poke|p1|Jirachi|item
|poke|p1|Kyurem-Black|item
|poke|p1|Latios, M|item
|poke|p1|Starmie|item
|poke|p1|Dragonite, M|item
|poke|p2|Dragonite, F|item
|poke|p2|Politoed, F|item
|poke|p2|Ferrothorn, M|item
|poke|p2|Thundurus-Therian, M|item
|poke|p2|Excadrill, M|item
|poke|p2|Keldeo|item
|teampreview
|
|t:|1711741775
|start
|switch|p1a: Jirachi|Jirachi|100/100
|switch|p2a: Politoed|Politoed, F|100/100
|-weather|RainDance|[from] ability: Drizzle|[of] p2a: Politoed
|turn|1
|
|t:|1711741779
|move|p1a: Jirachi|Thunder|p2a: Politoed
|-supereffective|p2a: Politoed
|-damage|p2a: Politoed|51/100
|-status|p2a: Politoed|par
|cant|p2a: Politoed|par
|
|-weather|RainDance|[upkeep]
|-heal|p2a: Politoed|57/100 par|[from] item: Leftovers
|upkeep
|turn|2
|
|t:|1711741787
|switch|p2a: Excadrill|Excadrill, M|100/100
|-ability|p2a: Excadrill|Mold Breaker
|move|p1a: Jirachi|Stealth Rock|p2a: Excadrill
|-sidestart|p2: fishandchips432|move: Stealth Rock
|
|-weather|RainDance|[upkeep]
|upkeep
|turn|3
|
|t:|1711741792
|move|p2a: Excadrill|Earthquake|p1a: Jirachi
|-supereffective|p1a: Jirachi
|-enditem|p1a: Jirachi|Shuca Berry|[eat]
|-enditem|p1a: Jirachi|Shuca Berry|[weaken]
|-damage|p1a: Jirachi|51/100
|move|p1a: Jirachi|Icy Wind|p2a: Excadrill
|-damage|p2a: Excadrill|82/100
|-unboost|p2a: Excadrill|spe|1
|
|-weather|RainDance|[upkeep]
|upkeep
|turn|4
|
|t:|1711741797
|move|p2a: Excadrill|Earthquake|p1a: Jirachi
|-supereffective|p1a: Jirachi
|-damage|p1a: Jirachi|0 fnt
|faint|p1a: Jirachi
|
|-weather|RainDance|[upkeep]
|upkeep
|
|t:|1711741800
|switch|p1a: Magnezone|Magnezone|100/100
|-item|p1a: Magnezone|Air Balloon
|turn|5
|
|t:|1711741803
|move|p2a: Excadrill|Earthquake|p1a: Magnezone
|-immune|p1a: Magnezone
|move|p1a: Magnezone|Magnet Rise|p1a: Magnezone
|-start|p1a: Magnezone|Magnet Rise
|
|-weather|RainDance|[upkeep]
|upkeep
|turn|6
|
|t:|1711741806
|move|p2a: Excadrill|Earthquake|p1a: Magnezone
|-immune|p1a: Magnezone
|move|p1a: Magnezone|Sunny Day|p1a: Magnezone
|-weather|SunnyDay
|
|-weather|SunnyDay|[upkeep]
|upkeep
|turn|7
|
|t:|1711741809
|move|p2a: Excadrill|Earthquake|p1a: Magnezone
|-immune|p1a: Magnezone
|move|p1a: Magnezone|Hidden Power|p2a: Excadrill
|-supereffective|p2a: Excadrill
|-damage|p2a: Excadrill|0 fnt
|faint|p2a: Excadrill
|
|-weather|SunnyDay|[upkeep]
|upkeep
|
|t:|1711741811
|switch|p2a: Politoed|Politoed, F|57/100 par
|-damage|p2a: Politoed|45/100 par|[from] Stealth Rock
|-weather|RainDance|[from] ability: Drizzle|[of] p2a: Politoed
|turn|8
|
|t:|1711741817
|switch|p2a: Keldeo|Keldeo|100/100
|-damage|p2a: Keldeo|94/100|[from] Stealth Rock
|move|p1a: Magnezone|Thunderbolt|p2a: Keldeo
|-supereffective|p2a: Keldeo
|-damage|p2a: Keldeo|0 fnt
|faint|p2a: Keldeo
|
|-weather|RainDance|[upkeep]
|upkeep
|-message|fishandchips432 forfeited.
|
|win|Coronet077
|raw|Coronet077's rating: 1358 &rarr; <strong>1377</strong><br />(+19 for winning)
|raw|fishandchips432's rating: 1333 &rarr; <strong>1314</strong><br />(-19 for losing)
|l|☆fishandchips432
|player|p2|
