|j|☆phosphor
|j|☆UnumGenus
|t:|1722634017
|gametype|singles
|player|p1|phosphor|#phosphor|1383
|player|p2|UnumGenus|fisherman-gen4|1577
|teamsize|p1|6
|teamsize|p2|6
|gen|5
|tier|[Gen 5] OU
|rated|
|rule|Species Clause: Limit one of each Pokémon
|rule|OHKO Clause: OHKO moves are banned
|rule|Moody Clause: Moody is banned
|rule|Evasion Items Clause: Evasion items are banned
|rule|Evasion Moves Clause: Evasion moves are banned
|rule|Endless Battle Clause: Forcing endless battles is banned
|rule|HP Percentage Mod: HP is shown in percentages
|rule|Evasion Abilities Clause: Evasion abilities are banned
|rule|Sleep Moves Clause: Sleep-inducing moves are banned
|rule|Swagger Clause: Swagger is banned
|rule|Baton Pass Stat Clause: No Baton Passer may have a way to boost its stats
|clearpoke
|poke|p1|Landorus-Therian, M|item
|poke|p1|Starmie|item
|poke|p1|Dragonite, M|item
|poke|p1|Mamoswine, F|item
|poke|p1|Jirachi|item
|poke|p1|Metagross|item
|poke|p2|Terrakion|item
|poke|p2|Infernape, F|item
|poke|p2|Keldeo|item
|poke|p2|Lucario, M|item
|poke|p2|Scrafty, M|item
|poke|p2|Conkeldurr, M|item
|teampreview
|inactive|Battle timer is ON: inactive players will automatically lose when time's up. (requested by UnumGenus)
|c|☆phosphor|gl hf
|c|☆UnumGenus|u2
|
|t:|1722634029
|start
|switch|p1a: Landorus|Landorus-Therian, M|100/100
|switch|p2a: Infernape|Infernape, F, shiny|100/100
|-ability|p1a: Landorus|Intimidate|boost
|-unboost|p2a: Infernape|atk|1
|turn|1
|
|t:|1722634037
|move|p2a: Infernape|Stealth Rock|p1a: Landorus
|-sidestart|p1: phosphor|move: Stealth Rock
|move|p1a: Landorus|Stealth Rock|p2a: Infernape
|-sidestart|p2: UnumGenus|move: Stealth Rock
|
|upkeep
|turn|2
|
|t:|1722634043
|move|p2a: Infernape|Overheat|p1a: Landorus
|-damage|p1a: Landorus|24/100
|-unboost|p2a: Infernape|spa|2
|move|p1a: Landorus|Earthquake|p2a: Infernape
|-supereffective|p2a: Infernape
|-enditem|p2a: Infernape|Focus Sash
|-damage|p2a: Infernape|1/100
|
|upkeep
|turn|3
|
|t:|1722634059
|move|p2a: Infernape|Close Combat|p1a: Landorus
|-resisted|p1a: Landorus
|-crit|p1a: Landorus
|-damage|p1a: Landorus|0 fnt
|-unboost|p2a: Infernape|def|1
|-unboost|p2a: Infernape|spd|1
|faint|p1a: Landorus
|
|upkeep
|
|t:|1722634061
|switch|p1a: Starmie|Starmie|100/100
|-damage|p1a: Starmie|88/100|[from] Stealth Rock
|-item|p1a: Starmie|Air Balloon
|turn|4
|
|t:|1722634075
|move|p1a: Starmie|Rapid Spin|p2a: Infernape
|-damage|p2a: Infernape|0 fnt
|-sideend|p1: phosphor|Stealth Rock|[from] move: Rapid Spin|[of] p1a: Starmie
|faint|p2a: Infernape
|
|upkeep
|
|t:|1722634084
|switch|p2a: Terrakion|Terrakion|100/100
|-damage|p2a: Terrakion|94/100|[from] Stealth Rock
|turn|5
|
|t:|1722634093
|switch|p1a: Metagross|Metagross|100/100
|move|p2a: Terrakion|X-Scissor|p1a: Metagross
|-damage|p1a: Metagross|71/100
|
|upkeep
|turn|6
|
|t:|1722634100
|switch|p2a: Keldeo|Keldeo|100/100
|-damage|p2a: Keldeo|94/100|[from] Stealth Rock
|move|p1a: Metagross|Agility|p1a: Metagross
|-boost|p1a: Metagross|spe|2
|
|-heal|p2a: Keldeo|100/100|[from] item: Leftovers
|upkeep
|turn|7
|
|t:|1722634108
|move|p1a: Metagross|Explosion|p2a: Keldeo
|-damage|p2a: Keldeo|15/100
|faint|p1a: Metagross
|move|p2a: Keldeo|Scald|p1: Metagross|[notarget]
|-fail|p2a: Keldeo
|
|-heal|p2a: Keldeo|21/100|[from] item: Leftovers
|upkeep
|
|t:|1722634112
|switch|p1a: Dragonite|Dragonite, M|100/100
|turn|8
|
|t:|1722634127
|move|p1a: Dragonite|Extreme Speed|p2a: Keldeo
|-damage|p2a: Keldeo|0 fnt
|faint|p2a: Keldeo
|
|upkeep
|inactive|UnumGenus has 120 seconds left.
|
|t:|1722634153
|switch|p2a: Terrakion|Terrakion|94/100
|-damage|p2a: Terrakion|88/100|[from] Stealth Rock
|turn|9
|
|t:|1722634158
|move|p2a: Terrakion|Stone Edge|p1a: Dragonite
|-supereffective|p1a: Dragonite
|-damage|p1a: Dragonite|41/100
|move|p1a: Dragonite|Superpower|p2a: Terrakion
|-supereffective|p2a: Terrakion
|-damage|p2a: Terrakion|0 fnt
|-unboost|p1a: Dragonite|atk|1
|-unboost|p1a: Dragonite|def|1
|faint|p2a: Terrakion
|
|upkeep
|
|t:|1722634167
|switch|p2a: Conkeldurr|Conkeldurr, M|100/100
|-damage|p2a: Conkeldurr|94/100|[from] Stealth Rock
|turn|10
|
|t:|1722634175
|switch|p1a: Mamoswine|Mamoswine, F|100/100
|move|p2a: Conkeldurr|Bulk Up|p2a: Conkeldurr
|-boost|p2a: Conkeldurr|atk|1
|-boost|p2a: Conkeldurr|def|1
|
|-heal|p2a: Conkeldurr|100/100|[from] item: Leftovers
|upkeep
|turn|11
|
|t:|1722634186
|move|p1a: Mamoswine|Earthquake|p2a: Conkeldurr
|-damage|p2a: Conkeldurr|63/100
|move|p2a: Conkeldurr|Drain Punch|p1a: Mamoswine
|-supereffective|p1a: Mamoswine
|-damage|p1a: Mamoswine|0 fnt
|-heal|p2a: Conkeldurr|100/100|[from] drain|[of] p1a: Mamoswine
|faint|p1a: Mamoswine
|
|upkeep
|
|t:|1722634190
|switch|p1a: Jirachi|Jirachi|100/100
|turn|12
|
|t:|1722634200
|move|p1a: Jirachi|Psychic|p2a: Conkeldurr
|-supereffective|p2a: Conkeldurr
|-damage|p2a: Conkeldurr|18/100
|-unboost|p2a: Conkeldurr|spd|1
|move|p2a: Conkeldurr|Drain Punch|p1a: Jirachi
|-damage|p1a: Jirachi|37/100
|-heal|p2a: Conkeldurr|50/100|[from] drain|[of] p1a: Jirachi
|
|-heal|p1a: Jirachi|43/100|[from] item: Leftovers
|-heal|p2a: Conkeldurr|56/100|[from] item: Leftovers
|upkeep
|turn|13
|
|t:|1722634223
|switch|p2a: Scrafty|Scrafty, M|100/100
|-damage|p2a: Scrafty|95/100|[from] Stealth Rock
|move|p1a: Jirachi|Psychic|p2a: Scrafty
|-immune|p2a: Scrafty
|
|-heal|p1a: Jirachi|49/100|[from] item: Leftovers
|-heal|p2a: Scrafty|100/100|[from] item: Leftovers
|upkeep
|turn|14
|
|t:|1722634232
|switch|p1a: Dragonite|Dragonite, M|41/100
|move|p2a: Scrafty|Dragon Dance|p2a: Scrafty
|-boost|p2a: Scrafty|atk|1
|-boost|p2a: Scrafty|spe|1
|
|upkeep
|turn|15
|
|t:|1722634251
|move|p1a: Dragonite|Extreme Speed|p2a: Scrafty
|-damage|p2a: Scrafty|67/100
|move|p2a: Scrafty|Ice Punch|p1a: Dragonite
|-supereffective|p1a: Dragonite
|-damage|p1a: Dragonite|0 fnt
|faint|p1a: Dragonite
|
|-heal|p2a: Scrafty|73/100|[from] item: Leftovers
|upkeep
|
|t:|1722634255
|switch|p1a: Starmie|Starmie|88/100
|-item|p1a: Starmie|Air Balloon
|turn|16
|
|t:|1722634262
|move|p1a: Starmie|Hydro Pump|p2a: Scrafty
|-damage|p2a: Scrafty|16/100
|move|p2a: Scrafty|Crunch|p1a: Starmie
|-supereffective|p1a: Starmie
|-damage|p1a: Starmie|0 fnt
|-enditem|p1a: Starmie|Air Balloon
|faint|p1a: Starmie
|
|-heal|p2a: Scrafty|22/100|[from] item: Leftovers
|upkeep
|
|t:|1722634264
|switch|p1a: Jirachi|Jirachi|49/100
|turn|17
|
|t:|1722634272
|move|p2a: Scrafty|Drain Punch|p1a: Jirachi
|-damage|p1a: Jirachi|0 fnt
|-heal|p2a: Scrafty|53/100|[from] drain|[of] p1a: Jirachi
|faint|p1a: Jirachi
|
|win|UnumGenus
|raw|phosphor's rating: 1383 &rarr; <strong>1373</strong><br />(-10 for losing)
|raw|UnumGenus's rating: 1577 &rarr; <strong>1587</strong><br />(+10 for winning)
|c|☆phosphor|gg
