|j|☆Franco J
|j|☆big ups pal
|t:|1706036750
|gametype|singles
|player|p1|Franco J|n|1333
|player|p2|big ups pal|miku-ground|1482
|teamsize|p1|6
|teamsize|p2|6
|gen|5
|tier|[Gen 5] OU
|rated|
|rule|Species Clause: Limit one of each Pokémon
|rule|OHKO Clause: OHKO moves are banned
|rule|Moody Clause: Moody is banned
|rule|Evasion Items Clause: Evasion items are banned
|rule|Evasion Moves Clause: Evasion moves are banned
|rule|Endless Battle Clause: Forcing endless battles is banned
|rule|HP Percentage Mod: HP is shown in percentages
|rule|Evasion Abilities Clause: Evasion abilities are banned
|rule|Sleep Moves Clause: Sleep-inducing moves are banned
|rule|Swagger Clause: Swagger is banned
|rule|Baton Pass Stat Clause: No Baton Passer may have a way to boost its stats
|clearpoke
|poke|p1|Lucario, M|item
|poke|p1|Skarmory, F|item
|poke|p1|Gengar, F|item
|poke|p1|Gastrodon, F|item
|poke|p1|Tyranitar, M|item
|poke|p1|Sigilyph, M|item
|poke|p2|Politoed, F|item
|poke|p2|Breloom, F|item
|poke|p2|Keldeo|item
|poke|p2|Tentacruel, F|item
|poke|p2|Thundurus-Therian, M|item
|poke|p2|Bronzong|item
|teampreview
|inactive|Battle timer is ON: inactive players will automatically lose when time's up. (requested by Franco J)
|
|t:|1706036784
|start
|switch|p1a: Tyranitar|Tyranitar, M|100/100
|switch|p2a: Politoed|Politoed, F|100/100
|-weather|RainDance|[from] ability: Drizzle|[of] p2a: Politoed
|-weather|Sandstorm|[from] ability: Sand Stream|[of] p1a: Tyranitar
|turn|1
|
|t:|1706036808
|switch|p2a: Breloom|Breloom, F, shiny|100/100
|switch|p1a: Gastrodon|Gastrodon, F|100/100
|
|-weather|Sandstorm|[upkeep]
|-damage|p2a: Breloom|94/100|[from] Sandstorm
|-status|p2a: Breloom|tox|[from] item: Toxic Orb
|upkeep
|turn|2
|
|t:|1706036821
|switch|p2a: Politoed|Politoed, F|100/100
|-weather|RainDance|[from] ability: Drizzle|[of] p2a: Politoed
|move|p1a: Gastrodon|Scald|p2a: Politoed
|-resisted|p2a: Politoed
|-damage|p2a: Politoed|85/100
|
|-weather|RainDance|[upkeep]
|-heal|p2a: Politoed|91/100|[from] item: Leftovers
|upkeep
|turn|3
|
|t:|1706036828
|switch|p2a: Breloom|Breloom, F, shiny|94/100 tox
|move|p1a: Gastrodon|Toxic|p2a: Breloom
|-fail|p2a: Breloom|tox
|
|-weather|RainDance|[upkeep]
|-heal|p2a: Breloom|100/100 tox|[from] ability: Poison Heal
|upkeep
|turn|4
|
|t:|1706036835
|switch|p1a: Skarmory|Skarmory, F|100/100
|move|p2a: Breloom|Swords Dance|p2a: Breloom
|-boost|p2a: Breloom|atk|2
|
|-weather|RainDance|[upkeep]
|upkeep
|turn|5
|
|t:|1706036845
|switch|p2a: Thundurus|Thundurus-Therian, M|100/100
|move|p1a: Skarmory|Brave Bird|p2a: Thundurus
|-resisted|p2a: Thundurus
|-damage|p2a: Thundurus|71/100
|-damage|p1a: Skarmory|89/100|[from] Recoil
|
|-weather|RainDance|[upkeep]
|-heal|p2a: Thundurus|77/100|[from] item: Leftovers
|upkeep
|turn|6
|
|t:|1706036850
|switch|p1a: Tyranitar|Tyranitar, M|100/100
|-weather|Sandstorm|[from] ability: Sand Stream|[of] p1a: Tyranitar
|move|p2a: Thundurus|Substitute|p2a: Thundurus
|-start|p2a: Thundurus|Substitute
|-damage|p2a: Thundurus|52/100
|
|-weather|Sandstorm|[upkeep]
|-damage|p2a: Thundurus|46/100|[from] Sandstorm
|-heal|p2a: Thundurus|52/100|[from] item: Leftovers
|upkeep
|turn|7
|
|t:|1706036856
|move|p2a: Thundurus|Focus Blast|p1a: Tyranitar
|-supereffective|p1a: Tyranitar
|-damage|p1a: Tyranitar|22/100
|move|p1a: Tyranitar|Crunch|p2a: Thundurus
|-end|p2a: Thundurus|Substitute
|
|-weather|Sandstorm|[upkeep]
|-damage|p2a: Thundurus|46/100|[from] Sandstorm
|-heal|p2a: Thundurus|52/100|[from] item: Leftovers
|-heal|p1a: Tyranitar|28/100|[from] item: Leftovers
|upkeep
|turn|8
|
|t:|1706036879
|move|p2a: Thundurus|Thunder|p1a: Tyranitar
|-damage|p1a: Tyranitar|0 fnt
|faint|p1a: Tyranitar
|
|-weather|Sandstorm|[upkeep]
|-damage|p2a: Thundurus|46/100|[from] Sandstorm
|-heal|p2a: Thundurus|52/100|[from] item: Leftovers
|upkeep
|
|t:|1706036903
|switch|p1a: Gengar|Gengar, F|100/100
|turn|9
|
|t:|1706036912
|switch|p2a: Politoed|Politoed, F|91/100
|-weather|RainDance|[from] ability: Drizzle|[of] p2a: Politoed
|move|p1a: Gengar|Shadow Ball|p2a: Politoed
|-damage|p2a: Politoed|53/100
|
|-weather|RainDance|[upkeep]
|-heal|p2a: Politoed|59/100|[from] item: Leftovers
|upkeep
|turn|10
|
|t:|1706036920
|switch|p2a: Bronzong|Bronzong|100/100
|move|p1a: Gengar|Substitute|p1a: Gengar
|-start|p1a: Gengar|Substitute
|-damage|p1a: Gengar|76/100
|
|-weather|RainDance|[upkeep]
|-heal|p1a: Gengar|82/100|[from] item: Black Sludge
|upkeep
|turn|11
|inactive|big ups pal has 120 seconds left.
|
|t:|1706036973
|switch|p2a: Tentacruel|Tentacruel, F|100/100
|move|p1a: Gengar|Shadow Ball|p2a: Tentacruel
|-damage|p2a: Tentacruel|67/100
|
|-weather|RainDance|[upkeep]
|-heal|p2a: Tentacruel|73/100|[from] ability: Rain Dish
|-heal|p1a: Gengar|88/100|[from] item: Black Sludge
|-heal|p2a: Tentacruel|79/100|[from] item: Black Sludge
|upkeep
|turn|12
|
|t:|1706036983
|move|p1a: Gengar|Shadow Ball|p2a: Tentacruel
|-damage|p2a: Tentacruel|47/100
|move|p2a: Tentacruel|Scald|p1a: Gengar
|-crit|p1a: Gengar
|-end|p1a: Gengar|Substitute
|
|-weather|RainDance|[upkeep]
|-heal|p2a: Tentacruel|53/100|[from] ability: Rain Dish
|-heal|p1a: Gengar|94/100|[from] item: Black Sludge
|-heal|p2a: Tentacruel|59/100|[from] item: Black Sludge
|upkeep
|turn|13
|
|t:|1706036990
|move|p1a: Gengar|Disable|p2a: Tentacruel
|-start|p2a: Tentacruel|Disable|Scald
|cant|p2a: Tentacruel|Disable|Scald
|
|-weather|RainDance|[upkeep]
|-heal|p2a: Tentacruel|65/100|[from] ability: Rain Dish
|-heal|p1a: Gengar|99/100|[from] item: Black Sludge
|-heal|p2a: Tentacruel|71/100|[from] item: Black Sludge
|upkeep
|turn|14
|inactive|big ups pal has 120 seconds left.
|
|t:|1706037008
|switch|p2a: Bronzong|Bronzong|100/100
|move|p1a: Gengar|Substitute|p1a: Gengar
|-start|p1a: Gengar|Substitute
|-damage|p1a: Gengar|75/100
|
|-weather|RainDance|[upkeep]
|-heal|p1a: Gengar|81/100|[from] item: Black Sludge
|upkeep
|turn|15
|
|t:|1706037017
|move|p1a: Gengar|Shadow Ball|p2a: Bronzong
|-damage|p2a: Bronzong|70/100
|move|p2a: Bronzong|Gyro Ball|p1a: Gengar
|-end|p1a: Gengar|Substitute
|
|-weather|RainDance|[upkeep]
|-heal|p1a: Gengar|87/100|[from] item: Black Sludge
|-heal|p2a: Bronzong|76/100|[from] item: Leftovers
|upkeep
|turn|16
|
|t:|1706037028
|move|p2a: Bronzong|Protect|p2a: Bronzong
|-singleturn|p2a: Bronzong|Protect
|move|p1a: Gengar|Disable|p2a: Bronzong
|-activate|p2a: Bronzong|move: Protect
|
|-weather|RainDance|[upkeep]
|-heal|p1a: Gengar|94/100|[from] item: Black Sludge
|-heal|p2a: Bronzong|82/100|[from] item: Leftovers
|upkeep
|turn|17
|
|t:|1706037035
|switch|p1a: Skarmory|Skarmory, F|89/100
|move|p2a: Bronzong|Stealth Rock|p1a: Skarmory
|-sidestart|p1: Franco J|move: Stealth Rock
|
|-weather|RainDance|[upkeep]
|-heal|p2a: Bronzong|89/100|[from] item: Leftovers
|upkeep
|turn|18
|
|t:|1706037048
|switch|p2a: Thundurus|Thundurus-Therian, M|52/100
|move|p1a: Skarmory|Spikes|p2a: Thundurus
|-sidestart|p2: big ups pal|Spikes
|
|-weather|RainDance|[upkeep]
|-heal|p2a: Thundurus|59/100|[from] item: Leftovers
|upkeep
|turn|19
|
|t:|1706037055
|move|p2a: Thundurus|Thunder|p1a: Skarmory
|-supereffective|p1a: Skarmory
|-damage|p1a: Skarmory|0 fnt
|faint|p1a: Skarmory
|
|-weather|RainDance|[upkeep]
|-heal|p2a: Thundurus|65/100|[from] item: Leftovers
|upkeep
|
|t:|1706037058
|switch|p1a: Sigilyph|Sigilyph, M|100/100
|turn|20
|
|t:|1706037063
|move|p1a: Sigilyph|Ice Beam|p2a: Thundurus
|-supereffective|p2a: Thundurus
|-damage|p2a: Thundurus|0 fnt
|faint|p2a: Thundurus
|
|-weather|RainDance|[upkeep]
|upkeep
|
|t:|1706037076
|switch|p2a: Tentacruel|Tentacruel, F|71/100
|-damage|p2a: Tentacruel|59/100|[from] Spikes
|turn|21
|
|t:|1706037088
|move|p1a: Sigilyph|Thunder Wave|p2a: Tentacruel
|-status|p2a: Tentacruel|par
|move|p2a: Tentacruel|Toxic|p1a: Sigilyph
|-status|p1a: Sigilyph|tox
|
|-weather|RainDance|[upkeep]
|-heal|p2a: Tentacruel|65/100 par|[from] ability: Rain Dish
|-heal|p2a: Tentacruel|71/100 par|[from] item: Black Sludge
|upkeep
|turn|22
|
|t:|1706037094
|switch|p2a: Bronzong|Bronzong|89/100
|move|p1a: Sigilyph|Air Slash|p2a: Bronzong
|-resisted|p2a: Bronzong
|-damage|p2a: Bronzong|77/100
|
|-weather|RainDance|[upkeep]
|-heal|p2a: Bronzong|83/100|[from] item: Leftovers
|upkeep
|turn|23
|
|t:|1706037097
|move|p1a: Sigilyph|Thunder Wave|p2a: Bronzong
|-status|p2a: Bronzong|par
|move|p2a: Bronzong|Skill Swap|p1a: Sigilyph
|-activate|p2a: Bronzong|move: Skill Swap|Magic Guard|Levitate|[of] p1a: Sigilyph
|-endability|p2a: Bronzong|Levitate|[from] move: Skill Swap
|-endability|p1a: Sigilyph|Magic Guard|[from] move: Skill Swap
|
|-weather|RainDance|[upkeep]
|-heal|p2a: Bronzong|89/100 par|[from] item: Leftovers
|-damage|p1a: Sigilyph|83/100 tox|[from] psn
|upkeep
|turn|24
|
|t:|1706037109
|switch|p1a: Lucario|Lucario, M|100/100
|-damage|p1a: Lucario|98/100|[from] Stealth Rock
|move|p2a: Bronzong|Gyro Ball|p1a: Lucario
|-resisted|p1a: Lucario
|-damage|p1a: Lucario|61/100
|
|-weather|RainDance|[upkeep]
|-heal|p2a: Bronzong|95/100 par|[from] item: Leftovers
|upkeep
|turn|25
|
|t:|1706037115
|move|p1a: Lucario|Swords Dance|p1a: Lucario
|-boost|p1a: Lucario|atk|2
|move|p2a: Bronzong|Gyro Ball|p1a: Lucario
|-resisted|p1a: Lucario
|-crit|p1a: Lucario
|-damage|p1a: Lucario|0 fnt
|faint|p1a: Lucario
|
|-weather|RainDance|[upkeep]
|-heal|p2a: Bronzong|100/100 par|[from] item: Leftovers
|upkeep
|
|t:|1706037121
|switch|p1a: Gastrodon|Gastrodon, F|100/100
|-damage|p1a: Gastrodon|94/100|[from] Stealth Rock
|turn|26
|
|t:|1706037126
|switch|p2a: Breloom|Breloom, F, shiny|100/100 tox
|-damage|p2a: Breloom|88/100 tox|[from] Spikes
|move|p1a: Gastrodon|Earth Power|p2a: Breloom
|-resisted|p2a: Breloom
|-damage|p2a: Breloom|71/100 tox
|
|-weather|RainDance|[upkeep]
|-heal|p2a: Breloom|84/100 tox|[from] ability: Poison Heal
|upkeep
|turn|27
|
|t:|1706037152
|switch|p2a: Keldeo|Keldeo|100/100
|-damage|p2a: Keldeo|88/100|[from] Spikes
|switch|p1a: Gengar|Gengar, F|94/100
|-damage|p1a: Gengar|81/100|[from] Stealth Rock
|
|-weather|RainDance|[upkeep]
|-heal|p1a: Gengar|87/100|[from] item: Black Sludge
|upkeep
|turn|28
|inactive|big ups pal has 120 seconds left.
|
|t:|1706037175
|move|p2a: Keldeo|Surf|p1a: Gengar
|-damage|p1a: Gengar|0 fnt
|faint|p1a: Gengar
|
|-weather|RainDance|[upkeep]
|upkeep
|-message|Franco J forfeited.
|
|win|big ups pal
|raw|Franco J's rating: 1333 &rarr; <strong>1321</strong><br />(-12 for losing)
|raw|big ups pal's rating: 1482 &rarr; <strong>1494</strong><br />(+12 for winning)
|l|☆Franco J
|player|p1|
|l|☆big ups pal
|player|p2|
|j|☆big ups pal
|player|p2|big ups pal|miku-ground
