|j|☆Candid pictures
|j|☆heavenainthard2fin
|player|p1|Candid pictures|2|1446
|player|p2|heavenainthard2fin|lucas|1573
|teamsize|p1|6
|teamsize|p2|6
|gametype|singles
|gen|5
|tier|[Gen 5] OU
|rated|
|rule|Sleep Clause Mod: Limit one foe put to sleep
|rule|Species Clause: Limit one of each Pokémon
|rule|OHKO Clause: OHKO moves are banned
|rule|Moody Clause: Moody is banned
|rule|Evasion Moves Clause: Evasion moves are banned
|rule|Endless Battle Clause: Forcing endless battles is banned
|rule|HP Percentage Mod: HP is shown in percentages
|rule|Evasion Abilities Clause: Evasion abilities are banned
|rule|Baton Pass Clause: Limit one Baton Passer, can't pass Spe and other stats simultaneously
|rule|Swagger Clause: Swagger is banned
|clearpoke
|poke|p1|Alakazam, M|item
|poke|p1|Skarmory, F|item
|poke|p1|Gengar, M|item
|poke|p1|Scizor, F|item
|poke|p1|Toxicroak, M|item
|poke|p1|Salamence, M|item
|poke|p2|Tyranitar, F|item
|poke|p2|Jirachi|item
|poke|p2|Latios, M|item
|poke|p2|Mienshao, F|item
|poke|p2|Rotom-Wash|item
|poke|p2|Landorus-Therian, M|item
|teampreview
|inactive|Battle timer is ON: inactive players will automatically lose when time's up. (requested by Candid pictures)
|
|start
|switch|p1a: Skarmory|Skarmory, F|100/100
|switch|p2a: Jirachi|Jirachi|100/100
|turn|1
|
|move|p2a: Jirachi|Iron Head|p1a: Skarmory
|-resisted|p1a: Skarmory
|-damage|p1a: Skarmory|86/100
|move|p1a: Skarmory|Stealth Rock|p2a: Jirachi
|-sidestart|p2: heavenainthard2fin|move: Stealth Rock
|
|upkeep
|turn|2
|
|switch|p1a: Salamence|Salamence, M|100/100
|move|p2a: Jirachi|Iron Head|p1a: Salamence
|-damage|p1a: Salamence|67/100
|
|upkeep
|turn|3
|
|move|p1a: Salamence|Fire Blast|p2a: Jirachi
|-supereffective|p2a: Jirachi
|-damage|p2a: Jirachi|37/100
|-status|p2a: Jirachi|brn
|move|p2a: Jirachi|Stealth Rock|p1a: Salamence
|-sidestart|p1: Candid pictures|move: Stealth Rock
|
|-damage|p2a: Jirachi|25/100 brn|[from] brn
|upkeep
|turn|4
|
|switch|p2a: Rotom|Rotom-Wash|100/100
|-damage|p2a: Rotom|88/100|[from] Stealth Rock
|move|p1a: Salamence|Fire Blast|p2a: Rotom|[miss]
|-miss|p1a: Salamence|p2a: Rotom
|
|-heal|p2a: Rotom|94/100|[from] item: Leftovers
|upkeep
|turn|5
|
|switch|p1a: Toxicroak|Toxicroak, M|100/100
|-damage|p1a: Toxicroak|94/100|[from] Stealth Rock
|move|p2a: Rotom|Volt Switch|p1a: Toxicroak
|-damage|p1a: Toxicroak|58/100
|inactive|heavenainthard2fin has 120 seconds left.
|
|switch|p2a: Mienshao|Mienshao, F, shiny|100/100|[from]move: Volt Switch
|-damage|p2a: Mienshao|95/100|[from] Stealth Rock
|
|upkeep
|turn|6
|
|switch|p1a: Skarmory|Skarmory, F|86/100
|-damage|p1a: Skarmory|74/100|[from] Stealth Rock
|move|p2a: Mienshao|High Jump Kick|p1a: Skarmory
|-damage|p1a: Skarmory|0 fnt
|-damage|p2a: Mienshao|85/100|[from] item: Life Orb
|faint|p1a: Skarmory
|
|upkeep
|
|switch|p1a: Alakazam|Alakazam, M|100/100
|turn|7
|
|switch|p2a: Jirachi|Jirachi|25/100 brn
|-damage|p2a: Jirachi|19/100 brn|[from] Stealth Rock
|move|p1a: Alakazam|Psychic|p2a: Jirachi
|-resisted|p2a: Jirachi
|-damage|p2a: Jirachi|8/100 brn
|-unboost|p2a: Jirachi|spd|1
|
|-damage|p2a: Jirachi|0 fnt|[from] brn
|faint|p2a: Jirachi
|upkeep
|
|switch|p2a: Landorus|Landorus-Therian, M|100/100
|-damage|p2a: Landorus|88/100|[from] Stealth Rock
|-ability|p2a: Landorus|Intimidate|boost
|-unboost|p1a: Alakazam|atk|1
|turn|8
|
|switch|p1a: Toxicroak|Toxicroak, M|58/100
|-damage|p1a: Toxicroak|52/100|[from] Stealth Rock
|move|p2a: Landorus|U-turn|p1a: Toxicroak
|-resisted|p1a: Toxicroak
|-damage|p1a: Toxicroak|43/100
|
|switch|p2a: Mienshao|Mienshao, F, shiny|100/100|[from]move: U-turn
|-damage|p2a: Mienshao|95/100|[from] Stealth Rock
|
|upkeep
|turn|9
|
|move|p1a: Toxicroak|Sucker Punch|p2a: Mienshao
|-resisted|p2a: Mienshao
|-damage|p2a: Mienshao|66/100
|-damage|p1a: Toxicroak|33/100|[from] item: Life Orb
|move|p2a: Mienshao|Stone Edge|p1a: Toxicroak|[miss]
|-miss|p2a: Mienshao|p1a: Toxicroak
|
|upkeep
|turn|10
|
|switch|p1a: Gengar|Gengar, M|100/100
|-damage|p1a: Gengar|88/100|[from] Stealth Rock
|move|p2a: Mienshao|High Jump Kick|p1a: Gengar
|-immune|p1a: Gengar
|-damage|p2a: Mienshao|16/100|[from] highjumpkick
|
|upkeep
|turn|11
|
|move|p1a: Gengar|Focus Blast|p2a: Mienshao
|-damage|p2a: Mienshao|0 fnt
|faint|p2a: Mienshao
|
|upkeep
|
|switch|p2a: Latios|Latios, M|100/100
|-damage|p2a: Latios|88/100|[from] Stealth Rock
|turn|12
|
|switch|p1a: Toxicroak|Toxicroak, M|33/100
|-damage|p1a: Toxicroak|27/100|[from] Stealth Rock
|move|p2a: Latios|Hidden Power|p1a: Toxicroak
|-damage|p1a: Toxicroak|0 fnt
|-damage|p2a: Latios|78/100|[from] item: Life Orb
|faint|p1a: Toxicroak
|
|upkeep
|
|switch|p1a: Salamence|Salamence, M|67/100
|-damage|p1a: Salamence|42/100|[from] Stealth Rock
|turn|13
|
|move|p1a: Salamence|Outrage|p2a: Latios
|-supereffective|p2a: Latios
|-damage|p2a: Latios|0 fnt
|faint|p2a: Latios
|-ability|p1a: Salamence|Moxie|boost
|-boost|p1a: Salamence|atk|1
|
|upkeep
|
|switch|p2a: Landorus|Landorus-Therian, M|88/100
|-damage|p2a: Landorus|76/100|[from] Stealth Rock
|-ability|p2a: Landorus|Intimidate|boost
|-unboost|p1a: Salamence|atk|1
|turn|14
|
|move|p1a: Salamence|Outrage|p2a: Landorus|[from]lockedmove
|-damage|p2a: Landorus|4/100
|move|p2a: Landorus|Hidden Power|p1a: Salamence
|-supereffective|p1a: Salamence
|-damage|p1a: Salamence|0 fnt
|faint|p1a: Salamence
|
|upkeep
|
|switch|p1a: Scizor|Scizor, F|100/100
|-damage|p1a: Scizor|88/100|[from] Stealth Rock
|turn|15
|
|move|p2a: Landorus|Hidden Power|p1a: Scizor
|-resisted|p1a: Scizor
|-damage|p1a: Scizor|77/100
|move|p1a: Scizor|Swords Dance|p1a: Scizor
|-boost|p1a: Scizor|atk|2
|
|upkeep
|turn|16
|
|move|p2a: Landorus|Hidden Power|p1a: Scizor
|-resisted|p1a: Scizor
|-damage|p1a: Scizor|65/100
|move|p1a: Scizor|Swords Dance|p1a: Scizor
|-boost|p1a: Scizor|atk|2
|
|upkeep
|turn|17
|
|switch|p2a: Rotom|Rotom-Wash|94/100
|-damage|p2a: Rotom|82/100|[from] Stealth Rock
|move|p1a: Scizor|Bullet Punch|p2a: Rotom
|-resisted|p2a: Rotom
|-damage|p2a: Rotom|51/100
|
|-heal|p2a: Rotom|57/100|[from] item: Leftovers
|upkeep
|turn|18
|
|move|p2a: Rotom|Volt Switch|p1a: Scizor
|-crit|p1a: Scizor
|-damage|p1a: Scizor|0 fnt
|faint|p1a: Scizor
|c|☆Candid pictures|Lol
|
|switch|p2a: Tyranitar|Tyranitar, F|100/100|[from]move: Volt Switch
|-damage|p2a: Tyranitar|88/100|[from] Stealth Rock
|-weather|Sandstorm|[from] ability: Sand Stream|[of] p2a: Tyranitar
|
|-weather|Sandstorm|[upkeep]
|upkeep
|
|switch|p1a: Alakazam|Alakazam, M|100/100
|turn|19
|
|move|p1a: Alakazam|Focus Blast|p2a: Tyranitar
|-supereffective|p2a: Tyranitar
|-damage|p2a: Tyranitar|0 fnt
|faint|p2a: Tyranitar
|
|-weather|Sandstorm|[upkeep]
|upkeep
|
|switch|p2a: Rotom|Rotom-Wash|57/100
|-damage|p2a: Rotom|45/100|[from] Stealth Rock
|turn|20
|
|move|p1a: Alakazam|Psychic|p2a: Rotom
|-damage|p2a: Rotom|6/100
|move|p2a: Rotom|Pain Split|p1a: Alakazam
|-sethp|p1a: Alakazam|54/100|[from] move: Pain Split|[silent]
|-sethp|p2a: Rotom|45/100|[from] move: Pain Split
|
|-weather|Sandstorm|[upkeep]
|-damage|p2a: Rotom|39/100|[from] Sandstorm
|-heal|p2a: Rotom|45/100|[from] item: Leftovers
|upkeep
|turn|21
|
|move|p1a: Alakazam|Psychic|p2a: Rotom
|-damage|p2a: Rotom|4/100
|move|p2a: Rotom|Hydro Pump|p1a: Alakazam|[miss]
|-miss|p2a: Rotom|p1a: Alakazam
|
|-weather|Sandstorm|[upkeep]
|-damage|p2a: Rotom|0 fnt|[from] Sandstorm
|faint|p2a: Rotom
|upkeep
|-message|heavenainthard2fin forfeited.
|
|win|Candid pictures
|l|☆heavenainthard2fin
|raw|Candid pictures's rating: 1446 &rarr; <strong>1473</strong><br />(+27 for winning)
|raw|heavenainthard2fin's rating: 1573 &rarr; <strong>1546</strong><br />(-27 for losing)
