|j|☆II Armando II
|j|☆AltCauseImInsecure
|player|p1|II Armando II|169|1515
|player|p2|AltCauseImInsecure|battlegirl|1333
|teamsize|p1|6
|teamsize|p2|6
|gametype|singles
|gen|5
|tier|[Gen 5] OU
|rated|
|rule|Sleep Clause Mod: Limit one foe put to sleep
|rule|Species Clause: Limit one of each Pokémon
|rule|OHKO Clause: OHKO moves are banned
|rule|Moody Clause: Moody is banned
|rule|Evasion Moves Clause: Evasion moves are banned
|rule|Endless Battle Clause: Forcing endless battles is banned
|rule|HP Percentage Mod: HP is shown in percentages
|rule|Evasion Abilities Clause: Evasion abilities are banned
|rule|Baton Pass Clause: Limit one Baton Passer, can't pass Spe and other stats simultaneously
|rule|Swagger Clause: Swagger is banned
|clearpoke
|poke|p1|Politoed, M|item
|poke|p1|Jirachi|item
|poke|p1|Kyurem-Black|item
|poke|p1|Thundurus-Therian, M|item
|poke|p1|Donphan, M|item
|poke|p1|Keldeo|item
|poke|p2|Reuniclus, F|item
|poke|p2|Skarmory, F|item
|poke|p2|Garchomp, F|item
|poke|p2|Jellicent, M|item
|poke|p2|Tyranitar, M|item
|poke|p2|Heatran, F|item
|teampreview
|c|☆AltCauseImInsecure|aaaa
|c|☆AltCauseImInsecure|I get ir
|c|☆AltCauseImInsecure|A scouter
|c|☆AltCauseImInsecure|And a sniper
|inactive|Battle timer is ON: inactive players will automatically lose when time's up. (requested by AltCauseImInsecure)
|c|☆II Armando II|not at all
|c|☆II Armando II|just waiting a match
|c|☆AltCauseImInsecure|alright gl
|c|☆II Armando II|by seeing another
|c|☆II Armando II|hf
|inactive|II Armando II has 120 seconds left.
|
|start
|switch|p1a: Politoed|Politoed, M|100/100
|switch|p2a: Jellicent|Jellicent, M|100/100
|-weather|RainDance|[from] ability: Drizzle|[of] p1a: Politoed
|turn|1
|
|move|p1a: Politoed|Hypnosis|p2a: Jellicent
|-status|p2a: Jellicent|slp|[from] move: Hypnosis
|cant|p2a: Jellicent|slp
|
|-weather|RainDance|[upkeep]
|upkeep
|turn|2
|
|switch|p1a: Thundurus|Thundurus-Therian, M|100/100
|switch|p2a: Tyranitar|Tyranitar, M|100/100
|-weather|Sandstorm|[from] ability: Sand Stream|[of] p2a: Tyranitar
|
|-weather|Sandstorm|[upkeep]
|-damage|p1a: Thundurus|94/100|[from] Sandstorm
|upkeep
|turn|3
|
|-activate|p1a: Thundurus|move: Pursuit
|move|p2a: Tyranitar|Pursuit|p1a: Thundurus|[from]Pursuit
|-damage|p1a: Thundurus|33/100
|switch|p1a: Politoed|Politoed, M|100/100
|-weather|RainDance|[from] ability: Drizzle|[of] p1a: Politoed
|
|-weather|RainDance|[upkeep]
|upkeep
|turn|4
|
|switch|p2a: Jellicent|Jellicent, M|100/100 slp
|switch|p1a: Kyurem|Kyurem-Black|100/100
|-ability|p1a: Kyurem|Teravolt
|
|-weather|RainDance|[upkeep]
|upkeep
|turn|5
|
|switch|p2a: Heatran|Heatran, F|100/100
|move|p1a: Kyurem|Substitute|p1a: Kyurem
|-start|p1a: Kyurem|Substitute
|-damage|p1a: Kyurem|75/100
|
|-weather|RainDance|[upkeep]
|-heal|p1a: Kyurem|82/100|[from] item: Leftovers
|upkeep
|turn|6
|
|move|p1a: Kyurem|Earth Power|p2a: Heatran
|-supereffective|p2a: Heatran
|-damage|p2a: Heatran|22/100
|move|p2a: Heatran|Stealth Rock|p1a: Kyurem
|-sidestart|p1: II Armando II|move: Stealth Rock
|
|-weather|RainDance|[upkeep]
|-heal|p1a: Kyurem|88/100|[from] item: Leftovers
|-heal|p2a: Heatran|28/100|[from] item: Leftovers
|upkeep
|turn|7
|
|move|p2a: Heatran|Protect|p2a: Heatran
|-singleturn|p2a: Heatran|Protect
|move|p1a: Kyurem|Fusion Bolt|p2a: Heatran
|-activate|p2a: Heatran|move: Protect
|
|-weather|RainDance|[upkeep]
|-heal|p1a: Kyurem|94/100|[from] item: Leftovers
|-heal|p2a: Heatran|34/100|[from] item: Leftovers
|upkeep
|turn|8
|
|switch|p2a: Skarmory|Skarmory, F|100/100
|move|p1a: Kyurem|Fusion Bolt|p2a: Skarmory
|-supereffective|p2a: Skarmory
|-damage|p2a: Skarmory|43/100
|
|-weather|RainDance|[upkeep]
|-heal|p1a: Kyurem|99/100|[from] item: Leftovers
|-heal|p2a: Skarmory|49/100|[from] item: Leftovers
|upkeep
|turn|9
|
|switch|p2a: Tyranitar|Tyranitar, M|100/100
|-weather|Sandstorm|[from] ability: Sand Stream|[of] p2a: Tyranitar
|move|p1a: Kyurem|Ice Beam|p2a: Tyranitar
|-damage|p2a: Tyranitar|66/100
|
|-weather|Sandstorm|[upkeep]
|-damage|p1a: Kyurem|94/100|[from] Sandstorm
|-heal|p1a: Kyurem|99/100|[from] item: Leftovers
|upkeep
|turn|10
|
|move|p2a: Tyranitar|Crunch|p1a: Kyurem
|-end|p1a: Kyurem|Substitute
|move|p1a: Kyurem|Earth Power|p2a: Tyranitar
|-supereffective|p2a: Tyranitar
|-damage|p2a: Tyranitar|22/100
|-unboost|p2a: Tyranitar|spd|1
|
|-weather|Sandstorm|[upkeep]
|-damage|p1a: Kyurem|94/100|[from] Sandstorm
|-heal|p1a: Kyurem|99/100|[from] item: Leftovers
|upkeep
|turn|11
|
|switch|p2a: Skarmory|Skarmory, F|49/100
|switch|p1a: Donphan|Donphan, M|100/100
|-damage|p1a: Donphan|94/100|[from] Stealth Rock
|
|-weather|Sandstorm|[upkeep]
|-heal|p2a: Skarmory|55/100|[from] item: Leftovers
|-heal|p1a: Donphan|100/100|[from] item: Leftovers
|upkeep
|turn|12
|
|switch|p2a: Jellicent|Jellicent, M|100/100 slp
|move|p1a: Donphan|Stealth Rock|p2a: Jellicent
|-sidestart|p2: AltCauseImInsecure|move: Stealth Rock
|
|-weather|Sandstorm|[upkeep]
|-damage|p2a: Jellicent|94/100 slp|[from] Sandstorm
|-heal|p2a: Jellicent|100/100 slp|[from] item: Leftovers
|upkeep
|turn|13
|
|switch|p2a: Reuniclus|Reuniclus, F|100/100
|switch|p1a: Kyurem|Kyurem-Black|99/100
|-damage|p1a: Kyurem|75/100|[from] Stealth Rock
|-ability|p1a: Kyurem|Teravolt
|
|-weather|Sandstorm|[upkeep]
|-damage|p1a: Kyurem|69/100|[from] Sandstorm
|-heal|p1a: Kyurem|75/100|[from] item: Leftovers
|upkeep
|turn|14
|
|move|p1a: Kyurem|Ice Beam|p2a: Reuniclus
|-damage|p2a: Reuniclus|50/100
|move|p2a: Reuniclus|Focus Blast|p1a: Kyurem
|-supereffective|p1a: Kyurem
|-damage|p1a: Kyurem|15/100
|
|-weather|Sandstorm|[upkeep]
|-damage|p1a: Kyurem|9/100|[from] Sandstorm
|-heal|p1a: Kyurem|15/100|[from] item: Leftovers
|-heal|p2a: Reuniclus|56/100|[from] item: Leftovers
|upkeep
|turn|15
|
|move|p1a: Kyurem|Ice Beam|p2a: Reuniclus
|-crit|p2a: Reuniclus
|-damage|p2a: Reuniclus|0 fnt
|faint|p2a: Reuniclus
|
|-weather|Sandstorm|[upkeep]
|-damage|p1a: Kyurem|9/100|[from] Sandstorm
|-heal|p1a: Kyurem|15/100|[from] item: Leftovers
|upkeep
|
|switch|p2a: Tyranitar|Tyranitar, M|22/100
|-damage|p2a: Tyranitar|10/100|[from] Stealth Rock
|turn|16
|
|move|p2a: Tyranitar|Crunch|p1a: Kyurem
|-damage|p1a: Kyurem|0 fnt
|faint|p1a: Kyurem
|
|-weather|Sandstorm|[upkeep]
|upkeep
|
|switch|p1a: Politoed|Politoed, M|100/100
|-damage|p1a: Politoed|88/100|[from] Stealth Rock
|-weather|RainDance|[from] ability: Drizzle|[of] p1a: Politoed
|turn|17
|
|move|p2a: Tyranitar|Crunch|p1a: Politoed
|-damage|p1a: Politoed|32/100
|move|p1a: Politoed|Ice Beam|p2a: Tyranitar
|-damage|p2a: Tyranitar|0 fnt
|faint|p2a: Tyranitar
|
|-weather|RainDance|[upkeep]
|upkeep
|
|switch|p2a: Heatran|Heatran, F|34/100
|-damage|p2a: Heatran|22/100|[from] Stealth Rock
|turn|18
|
|move|p1a: Politoed|Ice Beam|p2a: Heatran
|-resisted|p2a: Heatran
|-crit|p2a: Heatran
|-damage|p2a: Heatran|8/100
|move|p2a: Heatran|Lava Plume|p1a: Politoed
|-resisted|p1a: Politoed
|-damage|p1a: Politoed|24/100
|
|-weather|RainDance|[upkeep]
|-heal|p2a: Heatran|14/100|[from] item: Leftovers
|upkeep
|turn|19
|
|switch|p1a: Donphan|Donphan, M|100/100
|-damage|p1a: Donphan|94/100|[from] Stealth Rock
|move|p2a: Heatran|Protect||[still]
|-fail|p2a: Heatran
|
|-weather|RainDance|[upkeep]
|-heal|p2a: Heatran|21/100|[from] item: Leftovers
|-heal|p1a: Donphan|100/100|[from] item: Leftovers
|upkeep
|turn|20
|
|move|p2a: Heatran|Lava Plume|p1a: Donphan
|-damage|p1a: Donphan|75/100
|move|p1a: Donphan|Earthquake|p2a: Heatran
|-supereffective|p2a: Heatran
|-damage|p2a: Heatran|0 fnt
|faint|p2a: Heatran
|
|-weather|RainDance|[upkeep]
|-heal|p1a: Donphan|82/100|[from] item: Leftovers
|upkeep
|
|switch|p2a: Garchomp|Garchomp, F|100/100
|-damage|p2a: Garchomp|94/100|[from] Stealth Rock
|turn|21
|
|move|p2a: Garchomp|Earthquake|p1a: Donphan
|-damage|p1a: Donphan|36/100
|move|p1a: Donphan|Rapid Spin|p2a: Garchomp
|-damage|p2a: Garchomp|89/100
|-damage|p1a: Donphan|24/100|[from] ability: Rough Skin|[of] p2a: Garchomp
|-sideend|p1: II Armando II|Stealth Rock|[from] move: Rapid Spin|[of] p1a: Donphan
|
|-weather|RainDance|[upkeep]
|-heal|p1a: Donphan|30/100|[from] item: Leftovers
|upkeep
|turn|22
|
|move|p1a: Donphan|Ice Shard|p2a: Garchomp
|-supereffective|p2a: Garchomp
|-damage|p2a: Garchomp|46/100
|move|p2a: Garchomp|Earthquake|p1a: Donphan
|-damage|p1a: Donphan|0 fnt
|faint|p1a: Donphan
|
|-weather|RainDance|[upkeep]
|upkeep
|j| Sergiandreds
|c|☆AltCauseImInsecure|Gg
|-message|AltCauseImInsecure forfeited.
|
|win|II Armando II
|l|☆AltCauseImInsecure
|j|☆AltCauseImInsecure
|player|p2|AltCauseImInsecure|battlegirl
|raw|II Armando II's rating: 1515 &rarr; <strong>1526</strong><br />(+11 for winning)
|raw|AltCauseImInsecure's rating: 1351 &rarr; <strong>1340</strong><br />(-11 for losing)
|l|☆AltCauseImInsecure
|player|p2|
