|raw|<div class="broadcast-red"><strong>This battle is invite-only!</strong><br />Users must be rank + or invited with <code>/invite</code> to join</div>
|j|☆Lindomar93
|j|☆starmaster
|player|p1|Lindomar93|265
|player|p2|starmaster|290
|teamsize|p1|6
|teamsize|p2|6
|gametype|singles
|gen|5
|tier|[Gen 5] OU
|rated|
|rule|Sleep Clause Mod: Limit one foe put to sleep
|rule|Species Clause: Limit one of each Pokémon
|rule|OHKO Clause: OHKO moves are banned
|rule|Moody Clause: Moody is banned
|rule|Evasion Moves Clause: Evasion moves are banned
|rule|Endless Battle Clause: Forcing endless battles is banned
|rule|HP Percentage Mod: HP is shown in percentages
|rule|Evasion Abilities Clause: Evasion abilities are banned
|rule|Baton Pass Clause: Limit one Baton Passer, can't pass Spe and other stats simultaneously
|rule|Swagger Clause: Swagger is banned
|clearpoke
|poke|p1|Tyranitar, M|item
|poke|p1|Garchomp, M|item
|poke|p1|Ferrothorn, M|item
|poke|p1|Landorus-Therian, M|item
|poke|p1|Rotom-Wash|item
|poke|p1|Hydreigon, M|item
|poke|p2|Tyranitar, M|item
|poke|p2|Landorus-Therian, M|item
|poke|p2|Ferrothorn, M|item
|poke|p2|Alakazam, M|item
|poke|p2|Heatran, M|item
|poke|p2|Jellicent, M|item
|teampreview
|
|start
|switch|p1a: Landorus-T|Landorus-Therian, M|100/100
|switch|p2a: Landorus|Landorus-Therian, M|100/100
|-ability|p2a: Landorus|Intimidate|boost
|-unboost|p1a: Landorus-T|atk|1
|-ability|p1a: Landorus-T|Intimidate|boost
|-unboost|p2a: Landorus|atk|1
|turn|1
|inactive|Battle timer is ON: inactive players will automatically lose when time's up. (requested by Lindomar93)
|
|move|p2a: Landorus|Stealth Rock|p1a: Landorus-T
|-sidestart|p1: Lindomar93|move: Stealth Rock
|move|p1a: Landorus-T|Hidden Power|p2a: Landorus
|-supereffective|p2a: Landorus
|-damage|p2a: Landorus|15/100
|
|upkeep
|turn|2
|
|switch|p2a: Ferrothorn|Ferrothorn, M|100/100
|move|p1a: Landorus-T|Swords Dance|p1a: Landorus-T
|-boost|p1a: Landorus-T|atk|2
|
|upkeep
|turn|3
|
|switch|p2a: Landorus|Landorus-Therian, M|15/100
|-ability|p2a: Landorus|Intimidate|boost
|-unboost|p1a: Landorus-T|atk|1
|move|p1a: Landorus-T|Swords Dance|p1a: Landorus-T
|-boost|p1a: Landorus-T|atk|2
|
|upkeep
|turn|4
|
|move|p2a: Landorus|Hidden Power|p1a: Landorus-T
|-supereffective|p1a: Landorus-T
|-damage|p1a: Landorus-T|16/100
|move|p1a: Landorus-T|Hidden Power|p2a: Landorus
|-supereffective|p2a: Landorus
|-damage|p2a: Landorus|0 fnt
|faint|p2a: Landorus
|
|upkeep
|
|switch|p2a: Alakazam|Alakazam, M|100/100
|turn|5
|
|switch|p1a: Tyranitar|Tyranitar, M|100/100
|-damage|p1a: Tyranitar|88/100|[from] Stealth Rock
|-weather|Sandstorm|[from] ability: Sand Stream|[of] p1a: Tyranitar
|move|p2a: Alakazam|Focus Blast|p1a: Tyranitar|[miss]
|-miss|p2a: Alakazam|p1a: Tyranitar
|
|-weather|Sandstorm|[upkeep]
|upkeep
|turn|6
|
|move|p2a: Alakazam|Focus Blast|p1a: Tyranitar|[miss]
|-miss|p2a: Alakazam|p1a: Tyranitar
|move|p1a: Tyranitar|Pursuit|p2a: Alakazam
|-supereffective|p2a: Alakazam
|-damage|p2a: Alakazam|2/100
|
|-weather|Sandstorm|[upkeep]
|upkeep
|turn|7
|c|☆starmaster|lol
|
|move|p2a: Alakazam|Focus Blast|p1a: Tyranitar
|-supereffective|p1a: Tyranitar
|-enditem|p1a: Tyranitar|Chople Berry|[eat]
|-enditem|p1a: Tyranitar|Chople Berry|[weaken]
|-damage|p1a: Tyranitar|44/100
|move|p1a: Tyranitar|Pursuit|p2a: Alakazam
|-supereffective|p2a: Alakazam
|-damage|p2a: Alakazam|0 fnt
|faint|p2a: Alakazam
|
|-weather|Sandstorm|[upkeep]
|upkeep
|
|switch|p2a: Tyranitar|Tyranitar, M|100/100
|turn|8
|
|switch|p1a: Landorus-T|Landorus-Therian, M|16/100
|-damage|p1a: Landorus-T|4/100|[from] Stealth Rock
|-ability|p1a: Landorus-T|Intimidate|boost
|-unboost|p2a: Tyranitar|atk|1
|move|p2a: Tyranitar|Superpower|p1a: Landorus-T
|-resisted|p1a: Landorus-T
|-damage|p1a: Landorus-T|0 fnt
|-unboost|p2a: Tyranitar|atk|1
|-unboost|p2a: Tyranitar|def|1
|faint|p1a: Landorus-T
|
|-weather|Sandstorm|[upkeep]
|upkeep
|inactive|Lindomar93 has 120 seconds left.
|
|switch|p1a: Garchomp|Garchomp, M|100/100
|-damage|p1a: Garchomp|94/100|[from] Stealth Rock
|turn|9
|
|switch|p2a: Ferrothorn|Ferrothorn, M|100/100
|move|p1a: Garchomp|Earthquake|p2a: Ferrothorn
|-damage|p2a: Ferrothorn|66/100
|
|-weather|Sandstorm|[upkeep]
|-heal|p2a: Ferrothorn|72/100|[from] item: Leftovers
|upkeep
|turn|10
|
|move|p1a: Garchomp|Earthquake|p2a: Ferrothorn
|-damage|p2a: Ferrothorn|37/100
|move|p2a: Ferrothorn|Spikes|p1a: Garchomp
|-sidestart|p1: Lindomar93|Spikes
|
|-weather|Sandstorm|[upkeep]
|-heal|p2a: Ferrothorn|43/100|[from] item: Leftovers
|upkeep
|turn|11
|
|move|p1a: Garchomp|Earthquake|p2a: Ferrothorn
|-damage|p2a: Ferrothorn|8/100
|move|p2a: Ferrothorn|Power Whip|p1a: Garchomp
|-damage|p1a: Garchomp|55/100
|-damage|p2a: Ferrothorn|0 fnt|[from] ability: Rough Skin|[of] p1a: Garchomp
|faint|p2a: Ferrothorn
|-formechange|p2a: Ferrothorn|Ferrothorn||[from] ability: Rough Skin
|
|-weather|Sandstorm|[upkeep]
|upkeep
|
|switch|p2a: Jellicent|Jellicent, M|100/100
|turn|12
|
|switch|p1a: Rotom|Rotom-Wash|100/100
|-damage|p1a: Rotom|88/100|[from] Stealth Rock
|move|p2a: Jellicent|Night Shade|p1a: Rotom
|-damage|p1a: Rotom|55/100
|
|-weather|Sandstorm|[upkeep]
|-damage|p2a: Jellicent|94/100|[from] Sandstorm
|-damage|p1a: Rotom|49/100|[from] Sandstorm
|-heal|p2a: Jellicent|100/100|[from] item: Leftovers
|-heal|p1a: Rotom|55/100|[from] item: Leftovers
|upkeep
|turn|13
|
|switch|p2a: Heatran|Heatran, M|100/100
|move|p1a: Rotom|Pain Split|p2a: Heatran
|-sethp|p2a: Heatran|72/100|p1a: Rotom|92/100|[from] move: Pain Split
|
|-weather|Sandstorm|[upkeep]
|-damage|p1a: Rotom|86/100|[from] Sandstorm
|-heal|p1a: Rotom|92/100|[from] item: Leftovers
|-heal|p2a: Heatran|78/100|[from] item: Leftovers
|upkeep
|turn|14
|
|move|p1a: Rotom|Hydro Pump|p2a: Heatran
|-supereffective|p2a: Heatran
|-damage|p2a: Heatran|20/100
|move|p2a: Heatran|Toxic|p1a: Rotom
|-status|p1a: Rotom|tox
|
|-weather|Sandstorm|[upkeep]
|-damage|p1a: Rotom|86/100 tox|[from] Sandstorm
|-heal|p1a: Rotom|92/100 tox|[from] item: Leftovers
|-heal|p2a: Heatran|26/100|[from] item: Leftovers
|-damage|p1a: Rotom|86/100 tox|[from] psn
|upkeep
|turn|15
|
|move|p2a: Heatran|Protect|p2a: Heatran
|-singleturn|p2a: Heatran|Protect
|move|p1a: Rotom|Hydro Pump|p2a: Heatran
|-activate|p2a: Heatran|move: Protect
|
|-weather|Sandstorm|[upkeep]
|-damage|p1a: Rotom|80/100 tox|[from] Sandstorm
|-heal|p1a: Rotom|86/100 tox|[from] item: Leftovers
|-heal|p2a: Heatran|33/100|[from] item: Leftovers
|-damage|p1a: Rotom|74/100 tox|[from] psn
|upkeep
|turn|16
|
|move|p1a: Rotom|Volt Switch|p2a: Heatran
|-damage|p2a: Heatran|16/100
|
|switch|p1a: Tyranitar|Tyranitar, M|44/100
|-damage|p1a: Tyranitar|32/100|[from] Spikes
|-damage|p1a: Tyranitar|19/100|[from] Stealth Rock
|move|p2a: Heatran|Lava Plume|p1a: Tyranitar
|-resisted|p1a: Tyranitar
|-damage|p1a: Tyranitar|12/100
|
|-weather|Sandstorm|[upkeep]
|-heal|p2a: Heatran|22/100|[from] item: Leftovers
|upkeep
|turn|17
|
|move|p2a: Heatran|Protect|p2a: Heatran
|-singleturn|p2a: Heatran|Protect
|move|p1a: Tyranitar|Rock Slide|p2a: Heatran
|-activate|p2a: Heatran|move: Protect
|
|-weather|Sandstorm|[upkeep]
|-heal|p2a: Heatran|28/100|[from] item: Leftovers
|upkeep
|turn|18
|
|switch|p2a: Jellicent|Jellicent, M|100/100
|move|p1a: Tyranitar|Rock Slide|p2a: Jellicent
|-crit|p2a: Jellicent
|-damage|p2a: Jellicent|34/100
|
|-weather|Sandstorm|[upkeep]
|-damage|p2a: Jellicent|28/100|[from] Sandstorm
|-heal|p2a: Jellicent|34/100|[from] item: Leftovers
|upkeep
|turn|19
|c|☆starmaster|lol
|
|move|p2a: Jellicent|Night Shade|p1a: Tyranitar
|-damage|p1a: Tyranitar|0 fnt
|faint|p1a: Tyranitar
|
|-weather|Sandstorm|[upkeep]
|-damage|p2a: Jellicent|28/100|[from] Sandstorm
|-heal|p2a: Jellicent|34/100|[from] item: Leftovers
|upkeep
|
|switch|p1a: Garchomp|Garchomp, M|55/100
|-damage|p1a: Garchomp|49/100|[from] Stealth Rock
|-damage|p1a: Garchomp|36/100|[from] Spikes
|turn|20
|
|move|p1a: Garchomp|Earthquake|p2a: Jellicent
|-crit|p2a: Jellicent
|-damage|p2a: Jellicent|0 fnt
|faint|p2a: Jellicent
|
|-weather|Sandstorm|[upkeep]
|upkeep
|
|switch|p2a: Tyranitar|Tyranitar, M|100/100
|turn|21
|
|move|p1a: Garchomp|Earthquake|p2a: Tyranitar
|-supereffective|p2a: Tyranitar
|-damage|p2a: Tyranitar|6/100
|move|p2a: Tyranitar|Crunch|p1a: Garchomp
|-damage|p1a: Garchomp|0 fnt
|-damage|p2a: Tyranitar|0 fnt|[from] ability: Rough Skin|[of] p1a: Garchomp
|faint|p2a: Tyranitar
|-formechange|p2a: Tyranitar|Tyranitar||[from] ability: Rough Skin
|faint|p1a: Garchomp
|-formechange|p1a: Garchomp|Garchomp||[from] ability: Rough Skin
|
|-weather|Sandstorm|[upkeep]
|upkeep
|
|switch|p1a: Hydreigon|Hydreigon, M|100/100
|switch|p2a: Heatran|Heatran, M|28/100
|-damage|p1a: Hydreigon|88/100|[from] Stealth Rock
|turn|22
|c|☆Lindomar93|/log Lindomar93 made this room public.
|
|move|p2a: Heatran|Protect|p2a: Heatran
|-singleturn|p2a: Heatran|Protect
|move|p1a: Hydreigon|Superpower|p2a: Heatran
|-activate|p2a: Heatran|move: Protect
|
|-weather|Sandstorm|[upkeep]
|-damage|p1a: Hydreigon|82/100|[from] Sandstorm
|-heal|p2a: Heatran|35/100|[from] item: Leftovers
|upkeep
|turn|23
|
|move|p2a: Heatran|Protect||[still]
|-fail|p2a: Heatran
|move|p1a: Hydreigon|Superpower|p2a: Heatran
|-supereffective|p2a: Heatran
|-damage|p2a: Heatran|0 fnt
|-unboost|p1a: Hydreigon|atk|1
|-unboost|p1a: Hydreigon|def|1
|-damage|p1a: Hydreigon|72/100|[from] item: Life Orb
|faint|p2a: Heatran
|
|win|Lindomar93
|l|☆starmaster
|c|☆Lindomar93|gg
|raw|Lindomar93's rating: 1407 &rarr; <strong>1429</strong><br />(+22 for winning)
|raw|starmaster's rating: 1446 &rarr; <strong>1424</strong><br />(-22 for losing)
