|j|brooklynboii59
|j|randomassmew
|player|p1|brooklynboii59|163
|teamsize|p1|6
|player|p2|randomassmew|292
|teamsize|p2|6
|gametype|singles
|gen|5
|tier|[Gen 5] OU
|rated|
|seed|15081,61675,26371,4318
|rule|Sleep Clause Mod: Limit one foe put to sleep
|rule|Species Clause: Limit one of each Pokémon
|rule|OHKO Clause: OHKO moves are banned
|rule|Moody Clause: Moody is banned
|rule|Evasion Moves Clause: Evasion moves are banned
|rule|Endless Battle Clause: Forcing endless battles is banned
|rule|HP Percentage Mod: HP is shown in percentages
|rule|Evasion Abilities Clause: Evasion abilities are banned
|rule|Baton Pass Clause: Limit one Baton Passer, can't pass Spe and other stats simultaneously
|rule|Swagger Clause: Swagger is banned
|clearpoke
|poke|p1|Terrakion|item
|poke|p1|Celebi|item
|poke|p1|Thundurus-Therian, M|item
|poke|p1|Jirachi|item
|poke|p1|Keldeo|item
|poke|p1|Politoed, M|item
|poke|p2|Landorus-Therian, M|item
|poke|p2|Tyranitar, M|item
|poke|p2|Ferrothorn, M|item
|poke|p2|Gastrodon-East, M|item
|poke|p2|Gengar, F|item
|poke|p2|Heatran, M|item
|teampreview
|inactive|Battle timer is ON: inactive players will automatically lose when time's up. (requested by brooklynboii59)
|choice|team 1, team 2, team 3, team 4, team 5, team 6|team 5, team 2, team 3, team 4, team 1, team 6
|
|start
|switch|p1a: Terrakion|Terrakion|323/323
|switch|p2a: Gengar|Gengar, F|262/262
|turn|1
|choice|move stealthrock|move hypnosis
|
|move|p2a: Gengar|Hypnosis|p1a: Terrakion
|-status|p1a: Terrakion|slp
|cant|p1a: Terrakion|slp
|
|upkeep
|turn|2
|choice|switch 6|move substitute
|
|switch|p1a: Politoed|Politoed, M|383/383
|-weather|RainDance|[from] ability: Drizzle|[of] p1a: Politoed
|move|p2a: Gengar|Substitute|p2a: Gengar
|-start|p2a: Gengar|Substitute
|-damage|p2a: Gengar|197/262
|
|-weather|RainDance|[upkeep]
|-heal|p2a: Gengar|213/262|[from] item: Leftovers
|upkeep
|turn|3
|choice|move hydropump|move shadowball
|
|move|p2a: Gengar|Shadow Ball|p1a: Politoed
|-crit|p1a: Politoed
|-damage|p1a: Politoed|88/383
|move|p1a: Politoed|Hydro Pump|p2a: Gengar
|-end|p2a: Gengar|Substitute
|
|-weather|RainDance|[upkeep]
|-heal|p2a: Gengar|229/262|[from] item: Leftovers
|upkeep
|turn|4
|choice|switch 4|move shadowball
|
|switch|p1a: Jirachi|Jirachi|404/404
|move|p2a: Gengar|Shadow Ball|p1a: Jirachi
|-damage|p1a: Jirachi|304/404
|-unboost|p1a: Jirachi|spd|1
|
|-weather|RainDance|[upkeep]
|-heal|p2a: Gengar|245/262|[from] item: Leftovers
|-heal|p1a: Jirachi|329/404|[from] item: Leftovers
|upkeep
|turn|5
|choice|move wish|move substitute
|
|move|p2a: Gengar|Substitute|p2a: Gengar
|-start|p2a: Gengar|Substitute
|-damage|p2a: Gengar|180/262
|move|p1a: Jirachi|Wish|p1a: Jirachi
|
|-weather|RainDance|[upkeep]
|-heal|p2a: Gengar|196/262|[from] item: Leftovers
|-heal|p1a: Jirachi|354/404|[from] item: Leftovers
|upkeep
|turn|6
|choice|move ironhead|move shadowball
|
|move|p2a: Gengar|Shadow Ball|p1a: Jirachi
|-damage|p1a: Jirachi|194/404
|move|p1a: Jirachi|Iron Head|p2a: Gengar
|-end|p2a: Gengar|Substitute
|
|-weather|RainDance|[upkeep]
|-heal|p1a: Jirachi|396/404|[from] move: Wish|[wisher] Jirachi
|-heal|p2a: Gengar|212/262|[from] item: Leftovers
|-heal|p1a: Jirachi|404/404|[from] item: Leftovers
|upkeep
|turn|7
|choice|move ironhead|switch 3
|
|switch|p2a: Ferrothorn|Ferrothorn, M|352/352
|move|p1a: Jirachi|Iron Head|p2a: Ferrothorn
|-resisted|p2a: Ferrothorn
|-damage|p2a: Ferrothorn|316/352
|-damage|p1a: Jirachi|354/404|[from] ability: Iron Barbs|[of] p2a: Ferrothorn
|
|-weather|RainDance|[upkeep]
|-heal|p1a: Jirachi|379/404|[from] item: Leftovers
|-heal|p2a: Ferrothorn|338/352|[from] item: Leftovers
|upkeep
|turn|8
|choice|switch 2|switch 6
|
|switch|p1a: Celebi|Celebi|396/396
|switch|p2a: Heatran|Heatran, M|323/323
|
|-weather|RainDance|[upkeep]
|upkeep
|turn|9
|choice|move nastyplot|move fireblast
|
|move|p2a: Heatran|Fire Blast|p1a: Celebi|[miss]
|-miss|p2a: Heatran|p1a: Celebi
|move|p1a: Celebi|Nasty Plot|p1a: Celebi
|-boost|p1a: Celebi|spa|2
|
|-weather|RainDance|[upkeep]
|upkeep
|turn|10
|choice|move recover|switch 3
|
|switch|p2a: Gengar|Gengar, F|212/262
|move|p1a: Celebi|Recover|p1a: Celebi
|-fail|p1a: Celebi
|
|-weather|RainDance|[upkeep]
|-heal|p2a: Gengar|228/262|[from] item: Leftovers
|upkeep
|turn|11
|choice|move nastyplot|move substitute
|
|move|p2a: Gengar|Substitute|p2a: Gengar
|-start|p2a: Gengar|Substitute
|-damage|p2a: Gengar|163/262
|move|p1a: Celebi|Nasty Plot|p1a: Celebi
|-boost|p1a: Celebi|spa|2
|
|-weather|RainDance|[upkeep]
|-heal|p2a: Gengar|179/262|[from] item: Leftovers
|upkeep
|turn|12
|choice|move batonpass|move shadowball
|
|move|p2a: Gengar|Shadow Ball|p1a: Celebi
|-supereffective|p1a: Celebi
|-damage|p1a: Celebi|120/396
|move|p1a: Celebi|Baton Pass|p1a: Celebi
|choice|switch 5|
|
|switch|p1a: Keldeo|Keldeo|323/323
|
|-weather|RainDance|[upkeep]
|-heal|p2a: Gengar|195/262|[from] item: Leftovers
|upkeep
|turn|13
|choice|move surf|move shadowball
|
|move|p1a: Keldeo|Surf|p2a: Gengar
|-end|p2a: Gengar|Substitute
|move|p2a: Gengar|Shadow Ball|p1a: Keldeo
|-damage|p1a: Keldeo|163/323
|
|-weather|RainDance|[upkeep]
|-heal|p2a: Gengar|211/262|[from] item: Leftovers
|upkeep
|turn|14
|choice|move surf|switch 4
|
|switch|p2a: Gastrodon|Gastrodon-East, M|426/426
|move|p1a: Keldeo|Surf|p2a: Gastrodon
|-ability|p2a: Gastrodon|Storm Drain|boost
|-boost|p2a: Gastrodon|spa|1
|
|-weather|RainDance|[upkeep]
|upkeep
|turn|15
|choice|switch 4|switch 2
|
|switch|p1a: Politoed|Politoed, M|88/383
|switch|p2a: Tyranitar|Tyranitar, M|404/404
|-weather|Sandstorm|[from] ability: Sand Stream|[of] p2a: Tyranitar
|
|-weather|Sandstorm|[upkeep]
|-damage|p1a: Politoed|65/383|[from] sandstorm
|upkeep
|turn|16
|choice|move focusblast|switch 6
|
|switch|p2a: Ferrothorn|Ferrothorn, M|338/352
|move|p1a: Politoed|Focus Blast|p2a: Ferrothorn
|-supereffective|p2a: Ferrothorn
|-damage|p2a: Ferrothorn|52/352
|-unboost|p2a: Ferrothorn|spd|1
|
|-weather|Sandstorm|[upkeep]
|-damage|p1a: Politoed|42/383|[from] sandstorm
|-heal|p2a: Ferrothorn|74/352|[from] item: Leftovers
|upkeep
|turn|17
|choice|switch 4|switch 4
|
|switch|p1a: Keldeo|Keldeo|163/323
|switch|p2a: Gengar|Gengar, F|211/262
|
|-weather|Sandstorm|[upkeep]
|-damage|p1a: Keldeo|143/323|[from] sandstorm
|-damage|p2a: Gengar|195/262|[from] sandstorm
|-heal|p2a: Gengar|211/262|[from] item: Leftovers
|upkeep
|turn|18
|choice|move secretsword|switch 2
|
|switch|p2a: Gastrodon|Gastrodon-East, M|426/426
|move|p1a: Keldeo|Secret Sword|p2a: Gastrodon
|-damage|p2a: Gastrodon|237/426
|
|-weather|Sandstorm|[upkeep]
|-damage|p1a: Keldeo|123/323|[from] sandstorm
|-heal|p2a: Gastrodon|263/426|[from] item: Leftovers
|upkeep
|turn|19
|choice|switch 4|move recover
|
|switch|p1a: Politoed|Politoed, M|42/383
|-weather|RainDance|[from] ability: Drizzle|[of] p1a: Politoed
|move|p2a: Gastrodon|Recover|p2a: Gastrodon
|-heal|p2a: Gastrodon|426/426
|
|-weather|RainDance|[upkeep]
|upkeep
|turn|20
|choice|move hiddenpower|switch 6
|
|switch|p2a: Tyranitar|Tyranitar, M|404/404
|-weather|Sandstorm|[from] ability: Sand Stream|[of] p2a: Tyranitar
|move|p1a: Politoed|Hidden Power|p2a: Tyranitar
|-supereffective|p2a: Tyranitar
|-damage|p2a: Tyranitar|282/404
|
|-weather|Sandstorm|[upkeep]
|-damage|p1a: Politoed|19/383|[from] sandstorm
|upkeep
|turn|21
|choice|switch 2|move stealthrock
|
|switch|p1a: Jirachi|Jirachi|379/404
|move|p2a: Tyranitar|Stealth Rock|p1a: Jirachi
|-sidestart|p1: brooklynboii59|move: Stealth Rock
|
|-weather|Sandstorm|[upkeep]
|-heal|p1a: Jirachi|404/404|[from] item: Leftovers
|upkeep
|turn|22
|choice|move wish|switch 4
|
|switch|p2a: Ferrothorn|Ferrothorn, M|74/352
|move|p1a: Jirachi|Wish|p1a: Jirachi
|
|-weather|Sandstorm|[upkeep]
|-heal|p2a: Ferrothorn|96/352|[from] item: Leftovers
|upkeep
|turn|23
|choice|switch 2|move gyroball
|
|switch|p1a: Politoed|Politoed, M|19/383
|-damage|p1a: Politoed|0 fnt|[from] Stealth Rock
|faint|p1a: Politoed
|move|p2a: Ferrothorn|Gyro Ball|p1: Politoed|[notarget]
|-notarget
|
|-weather|Sandstorm|[upkeep]
|-heal|p2a: Ferrothorn|118/352|[from] item: Leftovers
|upkeep
|choice|switch 4|
|
|switch|p1a: Keldeo|Keldeo|123/323
|-damage|p1a: Keldeo|103/323|[from] Stealth Rock
|turn|24
|choice|move hydropump|switch 6
|
|switch|p2a: Gastrodon|Gastrodon-East, M|426/426
|move|p1a: Keldeo|Hydro Pump|p2a: Gastrodon
|-ability|p2a: Gastrodon|Storm Drain|boost
|-boost|p2a: Gastrodon|spa|1
|
|-weather|Sandstorm|[upkeep]
|-damage|p1a: Keldeo|83/323|[from] sandstorm
|upkeep
|turn|25
|-message|brooklynboii59 forfeited.
|
|win|randomassmew
|l|brooklynboii59
|raw|brooklynboii59's rating: 1334 &rarr; <strong>1315</strong><br />(-19 for losing)
|raw|randomassmew's rating: 1351 &rarr; <strong>1370</strong><br />(+19 for winning)