|j|☆Blossummm
|j|☆scrublord999
|t:|1715304589
|gametype|singles
|player|p1|Blossummm|roxie|1384
|player|p2|scrublord999|burglar|1258
|teamsize|p1|6
|teamsize|p2|6
|gen|5
|tier|[Gen 5] OU
|rated|
|rule|Species Clause: Limit one of each Pokémon
|rule|OHKO Clause: OHKO moves are banned
|rule|Moody Clause: Moody is banned
|rule|Evasion Items Clause: Evasion items are banned
|rule|Evasion Moves Clause: Evasion moves are banned
|rule|Endless Battle Clause: Forcing endless battles is banned
|rule|HP Percentage Mod: HP is shown in percentages
|rule|Evasion Abilities Clause: Evasion abilities are banned
|rule|Sleep Moves Clause: Sleep-inducing moves are banned
|rule|Swagger Clause: Swagger is banned
|rule|Baton Pass Stat Clause: No Baton Passer may have a way to boost its stats
|clearpoke
|poke|p1|Tyranitar, F|item
|poke|p1|Alakazam, F|item
|poke|p1|Latios, M|item
|poke|p1|Ferrothorn, F|item
|poke|p1|Keldeo|item
|poke|p1|Landorus-Therian, M|item
|poke|p2|Abomasnow, M|item
|poke|p2|Forretress, M|item
|poke|p2|Jellicent, M|item
|poke|p2|Heatran, M|item
|poke|p2|Mamoswine, M|item
|poke|p2|Latios, M|item
|teampreview
|inactive|Battle timer is ON: inactive players will automatically lose when time's up. (requested by Blossummm)
|j| Luis_Zuniga_SPS
|
|t:|1715304616
|start
|switch|p1a: Tyranitar|Tyranitar, F, shiny|100/100
|switch|p2a: Mamoswine|Mamoswine, M|100/100
|-weather|Sandstorm|[from] ability: Sand Stream|[of] p1a: Tyranitar
|turn|1
|
|t:|1715304629
|switch|p1a: Keldeo|Keldeo|100/100
|move|p2a: Mamoswine|Superpower|p1a: Keldeo
|-damage|p1a: Keldeo|25/100
|-unboost|p2a: Mamoswine|atk|1
|-unboost|p2a: Mamoswine|def|1
|
|-weather|Sandstorm|[upkeep]
|-damage|p1a: Keldeo|19/100|[from] Sandstorm
|-heal|p1a: Keldeo|25/100|[from] item: Leftovers
|upkeep
|turn|2
|
|t:|1715304642
|switch|p1a: Landorus|Landorus-Therian, M|100/100
|-ability|p1a: Landorus|Intimidate|boost
|-unboost|p2a: Mamoswine|atk|1
|switch|p2a: Jellicent|Jellicent, M|100/100
|
|-weather|Sandstorm|[upkeep]
|-damage|p2a: Jellicent|94/100|[from] Sandstorm
|upkeep
|turn|3
|
|t:|1715304647
|move|p1a: Landorus|U-turn|p2a: Jellicent
|-resisted|p2a: Jellicent
|-damage|p2a: Jellicent|82/100
|-damage|p1a: Landorus|84/100|[from] item: Rocky Helmet|[of] p2a: Jellicent
|
|t:|1715304657
|switch|p1a: Alakazam|Alakazam, F|100/100|[from] U-turn
|move|p2a: Jellicent|Will-O-Wisp|p1a: Alakazam
|-status|p1a: Alakazam|brn
|
|-weather|Sandstorm|[upkeep]
|-damage|p2a: Jellicent|75/100|[from] Sandstorm
|upkeep
|turn|4
|
|t:|1715304670
|switch|p2a: Latios|Latios, M|100/100
|move|p1a: Alakazam|Shadow Ball|p2a: Latios
|-supereffective|p2a: Latios
|-damage|p2a: Latios|25/100
|
|-weather|Sandstorm|[upkeep]
|-damage|p2a: Latios|19/100|[from] Sandstorm
|upkeep
|turn|5
|
|t:|1715304675
|move|p2a: Latios|Draco Meteor|p1a: Alakazam
|-damage|p1a: Alakazam|0 fnt
|-unboost|p2a: Latios|spa|2
|faint|p1a: Alakazam
|
|-weather|Sandstorm|[upkeep]
|-damage|p2a: Latios|13/100|[from] Sandstorm
|upkeep
|
|t:|1715304697
|switch|p1a: Ferrothorn|Ferrothorn, F|100/100
|turn|6
|
|t:|1715304702
|switch|p2a: Heatran|Heatran, M|100/100
|-item|p2a: Heatran|Air Balloon
|move|p1a: Ferrothorn|Spikes|p2a: Heatran
|-sidestart|p2: scrublord999|Spikes
|
|-weather|Sandstorm|[upkeep]
|upkeep
|turn|7
|
|t:|1715304715
|switch|p1a: Tyranitar|Tyranitar, F, shiny|100/100
|move|p2a: Heatran|Lava Plume|p1a: Tyranitar
|-resisted|p1a: Tyranitar
|-damage|p1a: Tyranitar|89/100
|-status|p1a: Tyranitar|brn
|
|-weather|Sandstorm|[upkeep]
|-damage|p1a: Tyranitar|77/100 brn|[from] brn
|upkeep
|turn|8
|
|t:|1715304727
|switch|p2a: Forretress|Forretress, M|100/100
|-damage|p2a: Forretress|88/100|[from] Spikes
|move|p1a: Tyranitar|Thunder Wave|p2a: Forretress
|-status|p2a: Forretress|par
|
|-weather|Sandstorm|[upkeep]
|-heal|p2a: Forretress|94/100 par|[from] item: Leftovers
|-damage|p1a: Tyranitar|65/100 brn|[from] brn
|upkeep
|turn|9
|
|t:|1715304732
|move|p1a: Tyranitar|Fire Blast|p2a: Forretress
|-supereffective|p2a: Forretress
|-damage|p2a: Forretress|0 fnt
|faint|p2a: Forretress
|
|-weather|Sandstorm|[upkeep]
|-damage|p1a: Tyranitar|52/100 brn|[from] brn
|upkeep
|
|t:|1715304740
|switch|p2a: Abomasnow|Abomasnow, M|100/100
|-damage|p2a: Abomasnow|88/100|[from] Spikes
|-weather|Hail|[from] ability: Snow Warning|[of] p2a: Abomasnow
|turn|10
|
|t:|1715304750
|switch|p1a: Ferrothorn|Ferrothorn, F|100/100
|move|p2a: Abomasnow|Giga Drain|p1a: Ferrothorn
|-resisted|p1a: Ferrothorn
|-damage|p1a: Ferrothorn|95/100
|-heal|p2a: Abomasnow|91/100|[from] drain|[of] p1a: Ferrothorn
|
|-weather|Hail|[upkeep]
|-damage|p1a: Ferrothorn|89/100|[from] Hail
|upkeep
|turn|11
|
|t:|1715304758
|switch|p2a: Heatran|Heatran, M|100/100
|-item|p2a: Heatran|Air Balloon
|move|p1a: Ferrothorn|Gyro Ball|p2a: Heatran
|-resisted|p2a: Heatran
|-damage|p2a: Heatran|89/100
|-enditem|p2a: Heatran|Air Balloon
|
|-weather|Hail|[upkeep]
|-damage|p2a: Heatran|83/100|[from] Hail
|-damage|p1a: Ferrothorn|83/100|[from] Hail
|upkeep
|turn|12
|
|t:|1715304774
|switch|p1a: Tyranitar|Tyranitar, F, shiny|52/100 brn
|-weather|Sandstorm|[from] ability: Sand Stream|[of] p1a: Tyranitar
|move|p2a: Heatran|Lava Plume|p1a: Tyranitar
|-resisted|p1a: Tyranitar
|-damage|p1a: Tyranitar|41/100 brn
|
|-weather|Sandstorm|[upkeep]
|-damage|p1a: Tyranitar|29/100 brn|[from] brn
|upkeep
|turn|13
|
|t:|1715304787
|switch|p1a: Keldeo|Keldeo|25/100
|move|p2a: Heatran|Earth Power|p1a: Keldeo
|-damage|p1a: Keldeo|0 fnt
|faint|p1a: Keldeo
|
|-weather|Sandstorm|[upkeep]
|upkeep
|
|t:|1715304801
|switch|p1a: Landorus|Landorus-Therian, M|84/100
|-ability|p1a: Landorus|Intimidate|boost
|-unboost|p2a: Heatran|atk|1
|turn|14
|
|t:|1715304809
|switch|p2a: Latios|Latios, M|13/100
|move|p1a: Landorus|Stealth Rock|p2a: Latios
|-sidestart|p2: scrublord999|move: Stealth Rock
|
|-weather|Sandstorm|[upkeep]
|-damage|p2a: Latios|7/100|[from] Sandstorm
|-heal|p1a: Landorus|90/100|[from] item: Leftovers
|upkeep
|turn|15
|
|t:|1715304817
|switch|p1a: Ferrothorn|Ferrothorn, F|83/100
|move|p2a: Latios|Draco Meteor|p1a: Ferrothorn
|-resisted|p1a: Ferrothorn
|-crit|p1a: Ferrothorn
|-damage|p1a: Ferrothorn|32/100
|-unboost|p2a: Latios|spa|2
|
|-weather|Sandstorm|[upkeep]
|-damage|p2a: Latios|1/100|[from] Sandstorm
|upkeep
|turn|16
|
|t:|1715304837
|switch|p1a: Landorus|Landorus-Therian, M|90/100
|-ability|p1a: Landorus|Intimidate|boost
|-unboost|p2a: Latios|atk|1
|move|p2a: Latios|Draco Meteor|p1a: Landorus
|-crit|p1a: Landorus
|-damage|p1a: Landorus|0 fnt
|-unboost|p2a: Latios|spa|2
|faint|p1a: Landorus
|
|-weather|Sandstorm|[upkeep]
|-damage|p2a: Latios|0 fnt|[from] Sandstorm
|faint|p2a: Latios
|upkeep
|inactive|scrublord999 has 120 seconds left.
|
|t:|1715304883
|switch|p2a: Abomasnow|Abomasnow, M|91/100
|switch|p1a: Ferrothorn|Ferrothorn, F|32/100
|-damage|p2a: Abomasnow|79/100|[from] Spikes
|-damage|p2a: Abomasnow|54/100|[from] Stealth Rock
|-weather|Hail|[from] ability: Snow Warning|[of] p2a: Abomasnow
|turn|17
|
|t:|1715304899
|move|p2a: Abomasnow|Blizzard|p1a: Ferrothorn
|-damage|p1a: Ferrothorn|0 fnt
|faint|p1a: Ferrothorn
|
|-weather|Hail|[upkeep]
|upkeep
|
|t:|1715304907
|switch|p1a: Tyranitar|Tyranitar, F, shiny|29/100 brn
|-weather|Sandstorm|[from] ability: Sand Stream|[of] p1a: Tyranitar
|turn|18
|
|t:|1715304913
|move|p2a: Abomasnow|Blizzard|p1a: Tyranitar
|-damage|p1a: Tyranitar|5/100 brn
|move|p1a: Tyranitar|Thunder Wave|p2a: Abomasnow
|-status|p2a: Abomasnow|par
|
|-weather|Sandstorm|[upkeep]
|-damage|p2a: Abomasnow|48/100 par|[from] Sandstorm
|-damage|p1a: Tyranitar|0 fnt|[from] brn
|faint|p1a: Tyranitar
|upkeep
|
|t:|1715304916
|switch|p1a: Latios|Latios, M|100/100
|turn|19
|
|t:|1715304926
|move|p1a: Latios|Dragon Pulse|p2a: Abomasnow
|-damage|p2a: Abomasnow|0 fnt
|faint|p2a: Abomasnow
|
|-weather|Sandstorm|[upkeep]
|-damage|p1a: Latios|95/100|[from] Sandstorm
|upkeep
|
|t:|1715304932
|switch|p2a: Heatran|Heatran, M|83/100
|-damage|p2a: Heatran|71/100|[from] Spikes
|-damage|p2a: Heatran|59/100|[from] Stealth Rock
|turn|20
|
|t:|1715304937
|move|p1a: Latios|Dragon Pulse|p2a: Heatran
|-resisted|p2a: Heatran
|-damage|p2a: Heatran|34/100
|move|p2a: Heatran|Lava Plume|p1a: Latios
|-resisted|p1a: Latios
|-damage|p1a: Latios|72/100
|
|-weather|Sandstorm|[upkeep]
|-damage|p1a: Latios|66/100|[from] Sandstorm
|upkeep
|turn|21
|
|t:|1715304953
|move|p1a: Latios|Dragon Pulse|p2a: Heatran
|-resisted|p2a: Heatran
|-crit|p2a: Heatran
|-damage|p2a: Heatran|0 fnt
|faint|p2a: Heatran
|
|-weather|Sandstorm|[upkeep]
|-damage|p1a: Latios|60/100|[from] Sandstorm
|upkeep
|
|t:|1715304957
|switch|p2a: Mamoswine|Mamoswine, M|100/100
|-damage|p2a: Mamoswine|88/100|[from] Spikes
|-damage|p2a: Mamoswine|76/100|[from] Stealth Rock
|turn|22
|
|t:|1715304959
|move|p2a: Mamoswine|Ice Shard|p1a: Latios
|-supereffective|p1a: Latios
|-damage|p1a: Latios|0 fnt
|faint|p1a: Latios
|
|win|scrublord999
|raw|Blossummm's rating: 1384 &rarr; <strong>1357</strong><br />(-27 for losing)
|raw|scrublord999's rating: 1258 &rarr; <strong>1292</strong><br />(+34 for winning)
|l|☆scrublord999
|player|p2|
