|join|Tokyo Tom✨
|join|Doudrasand
|player|p1|Tokyo Tom✨|252
|player|p2|Doudrasand|102
|gametype|singles
|gen|5
|tier|[Gen 5] OU
|rated
|rule|Evasion Abilities Clause: Evasion abilities are banned
|clearpoke
|poke|p1|Tyranitar, M
|poke|p1|Dragonite, F
|poke|p1|Scizor, F
|poke|p1|Latios, M
|poke|p1|Keldeo
|poke|p1|Landorus-Therian, M
|poke|p2|Tyranitar, F
|poke|p2|Latias, F
|poke|p2|Gliscor, F
|poke|p2|Skarmory, F
|poke|p2|Heatran, F
|poke|p2|Jellicent, F, shiny
|rule|Sleep Clause Mod: Limit one foe put to sleep
|rule|Species Clause: Limit one of each Pokémon
|rule|OHKO Clause: OHKO moves are banned
|rule|Moody Clause: Moody is banned
|rule|Evasion Moves Clause: Evasion moves are banned
|rule|Endless Battle Clause: Forcing endless battles is banned
|rule|HP Percentage Mod: HP is shown in percentages
|teampreview
|join|Chillarmy
|
|start
|switch|p1a: Tyranitar|Tyranitar, M|341/341
|switch|p2a: Tyranitar|Tyranitar, F|341/341
|-weather|Sandstorm|[from] ability: Sand Stream|[of] p2a: Tyranitar
|turn|1
|join|golden hours
|leave|golden hours
|
|move|p2a: Tyranitar|Superpower|p1a: Tyranitar
|-supereffective|p1a: Tyranitar
|-enditem|p1a: Tyranitar|Focus Sash
|-damage|p1a: Tyranitar|1/341
|-unboost|p2a: Tyranitar|atk|1
|-unboost|p2a: Tyranitar|def|1
|move|p1a: Tyranitar|Stealth Rock|p2a: Tyranitar
|-sidestart|p2: Doudrasand|move: Stealth Rock
|
|-weather|Sandstorm|[upkeep]
|turn|2
|
|switch|p2a: Skarmory|Skarmory, F|334/334
|-damage|p2a: Skarmory|293/334|[from] Stealth Rock
|switch|p1a: Landorus-Therian|Landorus-Therian, M|369/369
|-ability|p1a: Landorus-Therian|Intimidate|[of] p2a: Skarmory
|-unboost|p2a: Skarmory|atk|1
|
|-weather|Sandstorm|[upkeep]
|-heal|p2a: Skarmory|313/334|[from] item: Leftovers
|turn|3
|
|move|p1a: Landorus-Therian|U-turn|p2a: Skarmory
|-resisted|p2a: Skarmory
|-damage|p2a: Skarmory|302/334
|
|switch|p1a: Tyranitar|Tyranitar, M|1/341
|move|p2a: Skarmory|Spikes|p1a: Tyranitar
|-sidestart|p1: Tokyo Tom✨|Spikes
|
|-weather|Sandstorm|[upkeep]
|-heal|p2a: Skarmory|322/334|[from] item: Leftovers
|turn|4
|
|switch|p2a: Tyranitar|Tyranitar, F|341/341
|-damage|p2a: Tyranitar|299/341|[from] Stealth Rock
|move|p1a: Tyranitar|Fire Blast|p2a: Tyranitar
|-resisted|p2a: Tyranitar
|-damage|p2a: Tyranitar|260/341
|
|-weather|Sandstorm|[upkeep]
|turn|5
|
|move|p2a: Tyranitar|Pursuit|p1a: Tyranitar
|-resisted|p1a: Tyranitar
|-damage|p1a: Tyranitar|0 fnt
|faint|p1a: Tyranitar
|
|-weather|Sandstorm|[upkeep]
|
|switch|p1a: Scizor|Scizor, F|281/281
|-damage|p1a: Scizor|246/281|[from] Spikes
|turn|6
|
|switch|p2a: Skarmory|Skarmory, F|322/334
|-damage|p2a: Skarmory|281/334|[from] Stealth Rock
|move|p1a: Scizor|Swords Dance|p1a: Scizor
|-boost|p1a: Scizor|atk|2
|
|-weather|Sandstorm|[upkeep]
|-heal|p2a: Skarmory|301/334|[from] item: Leftovers
|turn|7
|
|move|p1a: Scizor|Superpower|p2a: Skarmory
|-damage|p2a: Skarmory|127/334
|-unboost|p1a: Scizor|atk|1
|-unboost|p1a: Scizor|def|1
|move|p2a: Skarmory|Spikes|p1a: Scizor
|-sidestart|p1: Tokyo Tom✨|Spikes
|
|-weather|Sandstorm|[upkeep]
|-heal|p2a: Skarmory|147/334|[from] item: Leftovers
|turn|8
|
|move|p1a: Scizor|Swords Dance|p1a: Scizor
|-boost|p1a: Scizor|atk|2
|move|p2a: Skarmory|Roost|p2a: Skarmory
|-heal|p2a: Skarmory|314/334
|
|-weather|Sandstorm|[upkeep]
|-heal|p2a: Skarmory|334/334|[from] item: Leftovers
|turn|9
|
|move|p1a: Scizor|Superpower|p2a: Skarmory
|-damage|p2a: Skarmory|127/334
|-unboost|p1a: Scizor|atk|1
|-unboost|p1a: Scizor|def|1
|move|p2a: Skarmory|Whirlwind|p1a: Scizor
|drag|p1a: Keldeo|Keldeo|323/323
|-damage|p1a: Keldeo|270/323|[from] Spikes
|
|-weather|Sandstorm|[upkeep]
|-damage|p1a: Keldeo|250/323|[from] sandstorm
|-heal|p2a: Skarmory|147/334|[from] item: Leftovers
|turn|10
|
|switch|p1a: Latios|Latios, M|309/309
|switch|p2a: Jellicent|Jellicent, F, shiny|404/404
|-damage|p2a: Jellicent|354/404|[from] Stealth Rock
|
|-weather|Sandstorm|[upkeep]
|-damage|p1a: Latios|290/309|[from] sandstorm
|-damage|p2a: Jellicent|329/404|[from] sandstorm
|-heal|p2a: Jellicent|354/404|[from] item: Leftovers
|turn|11
|
|switch|p2a: Heatran|Heatran, F|385/385
|-damage|p2a: Heatran|337/385|[from] Stealth Rock
|move|p1a: Latios|Surf|p2a: Heatran
|-crit|p2a: Heatran
|-supereffective|p2a: Heatran
|-damage|p2a: Heatran|0 fnt
|-damage|p1a: Latios|260/309|[from] item: Life Orb
|faint|p2a: Heatran
|
|-weather|Sandstorm|[upkeep]
|-damage|p1a: Latios|241/309|[from] sandstorm
|
|switch|p2a: Tyranitar|Tyranitar, F|260/341
|-damage|p2a: Tyranitar|218/341|[from] Stealth Rock
|turn|12
|
|move|p2a: Tyranitar|Pursuit|p1a: Latios
|-supereffective|p1a: Latios
|-damage|p1a: Latios|71/309
|move|p1a: Latios|Surf|p2a: Tyranitar
|-supereffective|p2a: Tyranitar
|-damage|p2a: Tyranitar|13/341
|-damage|p1a: Latios|41/309|[from] item: Life Orb
|
|-weather|Sandstorm|[upkeep]
|-damage|p1a: Latios|22/309|[from] sandstorm
|turn|13
|
|move|p2a: Tyranitar|Pursuit|p1a: Latios
|-supereffective|p1a: Latios
|-damage|p1a: Latios|0 fnt
|faint|p1a: Latios
|
|-weather|Sandstorm|[upkeep]
|
|switch|p1a: Scizor|Scizor, F|246/281
|-damage|p1a: Scizor|200/281|[from] Spikes
|turn|14
|
|switch|p2a: Skarmory|Skarmory, F|147/334
|-damage|p2a: Skarmory|106/334|[from] Stealth Rock
|move|p1a: Scizor|Swords Dance|p1a: Scizor
|-boost|p1a: Scizor|atk|2
|
|-weather|Sandstorm|[upkeep]
|-heal|p2a: Skarmory|126/334|[from] item: Leftovers
|turn|15
|
|switch|p2a: Gliscor|Gliscor, F|354/354
|-damage|p2a: Gliscor|310/354|[from] Stealth Rock
|move|p1a: Scizor|Superpower|p2a: Gliscor
|-resisted|p2a: Gliscor
|-damage|p2a: Gliscor|217/354
|-unboost|p1a: Scizor|atk|1
|-unboost|p1a: Scizor|def|1
|
|-weather|Sandstorm|[upkeep]
|-status|p2a: Gliscor|tox|[from] item: Toxic Orb
|turn|16
|
|switch|p1a: Dragonite|Dragonite, F|335/335
|move|p2a: Gliscor|Substitute|p2a: Gliscor
|-start|p2a: Gliscor|Substitute
|-damage|p2a: Gliscor|129/354 tox
|
|-weather|Sandstorm|[upkeep]
|-damage|p1a: Dragonite|315/335|[from] sandstorm
|-heal|p2a: Gliscor|173/354 tox|[from] ability: Poison Heal
|turn|17
|
|move|p2a: Gliscor|Protect|p2a: Gliscor
|-singleturn|p2a: Gliscor|Protect
|move|p1a: Dragonite|Fire Punch|p2a: Gliscor
|-activate|p2a: Gliscor|Protect
|
|-weather|Sandstorm|[upkeep]
|-damage|p1a: Dragonite|295/335|[from] sandstorm
|-heal|p2a: Gliscor|217/354 tox|[from] ability: Poison Heal
|turn|18
|
|move|p2a: Gliscor|Substitute|p2a: Gliscor
|-fail|p2a: Gliscor|move: Substitute
|move|p1a: Dragonite|Fire Punch|p2a: Gliscor
|-end|p2a: Gliscor|Substitute
|
|-weather|Sandstorm|[upkeep]
|-damage|p1a: Dragonite|275/335|[from] sandstorm
|-heal|p2a: Gliscor|261/354 tox|[from] ability: Poison Heal
|turn|19
|
|move|p2a: Gliscor|Substitute|p2a: Gliscor
|-start|p2a: Gliscor|Substitute
|-damage|p2a: Gliscor|173/354 tox
|move|p1a: Dragonite|Fire Punch|p2a: Gliscor
|-end|p2a: Gliscor|Substitute
|
|-weather|Sandstorm|[upkeep]
|-damage|p1a: Dragonite|255/335|[from] sandstorm
|-heal|p2a: Gliscor|217/354 tox|[from] ability: Poison Heal
|turn|20
|
|move|p2a: Gliscor|Substitute|p2a: Gliscor
|-start|p2a: Gliscor|Substitute
|-damage|p2a: Gliscor|129/354 tox
|move|p1a: Dragonite|Fire Punch|p2a: Gliscor
|-end|p2a: Gliscor|Substitute
|
|-weather|Sandstorm|[upkeep]
|-damage|p1a: Dragonite|235/335|[from] sandstorm
|-heal|p2a: Gliscor|173/354 tox|[from] ability: Poison Heal
|turn|21
|
|move|p2a: Gliscor|Substitute|p2a: Gliscor
|-start|p2a: Gliscor|Substitute
|-damage|p2a: Gliscor|85/354 tox
|move|p1a: Dragonite|Fire Punch|p2a: Gliscor
|-end|p2a: Gliscor|Substitute
|
|-weather|Sandstorm|[upkeep]
|-damage|p1a: Dragonite|215/335|[from] sandstorm
|-heal|p2a: Gliscor|129/354 tox|[from] ability: Poison Heal
|turn|22
|
|move|p2a: Gliscor|Protect|p2a: Gliscor
|-singleturn|p2a: Gliscor|Protect
|move|p1a: Dragonite|Fire Punch|p2a: Gliscor
|-activate|p2a: Gliscor|Protect
|
|-weather|Sandstorm|[upkeep]
|-damage|p1a: Dragonite|195/335|[from] sandstorm
|-heal|p2a: Gliscor|173/354 tox|[from] ability: Poison Heal
|turn|23
|
|move|p2a: Gliscor|Substitute|p2a: Gliscor
|-start|p2a: Gliscor|Substitute
|-damage|p2a: Gliscor|85/354 tox
|move|p1a: Dragonite|Fire Punch|p2a: Gliscor
|-end|p2a: Gliscor|Substitute
|
|-weather|Sandstorm|[upkeep]
|-damage|p1a: Dragonite|175/335|[from] sandstorm
|-heal|p2a: Gliscor|129/354 tox|[from] ability: Poison Heal
|turn|24
|
|move|p2a: Gliscor|Protect|p2a: Gliscor
|-singleturn|p2a: Gliscor|Protect
|move|p1a: Dragonite|Fire Punch|p2a: Gliscor
|-activate|p2a: Gliscor|Protect
|
|-weather|Sandstorm|[upkeep]
|-damage|p1a: Dragonite|155/335|[from] sandstorm
|-heal|p2a: Gliscor|173/354 tox|[from] ability: Poison Heal
|turn|25
|
|move|p2a: Gliscor|Substitute|p2a: Gliscor
|-start|p2a: Gliscor|Substitute
|-damage|p2a: Gliscor|85/354 tox
|move|p1a: Dragonite|Fire Punch|p2a: Gliscor
|-end|p2a: Gliscor|Substitute
|
|-weather|Sandstorm|[upkeep]
|-damage|p1a: Dragonite|135/335|[from] sandstorm
|-heal|p2a: Gliscor|129/354 tox|[from] ability: Poison Heal
|turn|26
|
|switch|p1a: Landorus-Therian|Landorus-Therian, M|369/369
|-ability|p1a: Landorus-Therian|Intimidate|[of] p2a: Gliscor
|-unboost|p2a: Gliscor|atk|1
|move|p2a: Gliscor|Substitute|p2a: Gliscor
|-start|p2a: Gliscor|Substitute
|-damage|p2a: Gliscor|41/354 tox
|
|-weather|Sandstorm|[upkeep]
|-heal|p2a: Gliscor|85/354 tox|[from] ability: Poison Heal
|turn|27
|
|move|p2a: Gliscor|Protect|p2a: Gliscor
|-singleturn|p2a: Gliscor|Protect
|move|p1a: Landorus-Therian|Swords Dance|p1a: Landorus-Therian
|-boost|p1a: Landorus-Therian|atk|2
|
|-weather|Sandstorm|[upkeep]
|-heal|p2a: Gliscor|129/354 tox|[from] ability: Poison Heal
|turn|28
|
|move|p1a: Landorus-Therian|Stone Edge|p2a: Gliscor
|-end|p2a: Gliscor|Substitute
|move|p2a: Gliscor|Toxic|p1a: Landorus-Therian
|-status|p1a: Landorus-Therian|tox
|
|-weather|Sandstorm|[upkeep]
|-damage|p1a: Landorus-Therian|346/369 tox|[from] psn
|-heal|p2a: Gliscor|173/354 tox|[from] ability: Poison Heal
|turn|29
|
|move|p2a: Gliscor|Protect|p2a: Gliscor
|-singleturn|p2a: Gliscor|Protect
|move|p1a: Landorus-Therian|Stone Edge|p2a: Gliscor
|-activate|p2a: Gliscor|Protect
|
|-weather|Sandstorm|[upkeep]
|-heal|p1a: Landorus-Therian|369/369 tox|[from] item: Leftovers
|-damage|p1a: Landorus-Therian|323/369 tox|[from] psn
|-heal|p2a: Gliscor|217/354 tox|[from] ability: Poison Heal
|turn|30
|
|switch|p2a: Tyranitar|Tyranitar, F|13/341
|-damage|p2a: Tyranitar|0 fnt|[from] Stealth Rock
|faint|p2a: Tyranitar
|move|p1a: Landorus-Therian|Stone Edge|p2: Tyranitar|[notarget]
|-notarget
|
|-weather|Sandstorm|[upkeep]
|-heal|p1a: Landorus-Therian|346/369 tox|[from] item: Leftovers
|-damage|p1a: Landorus-Therian|277/369 tox|[from] psn
|
|switch|p2a: Gliscor|Gliscor, F|217/354 tox
|-damage|p2a: Gliscor|173/354 tox|[from] Stealth Rock
|turn|31
|
|move|p1a: Landorus-Therian|Stone Edge|p2a: Gliscor
|-crit|p2a: Gliscor
|-damage|p2a: Gliscor|0 fnt
|faint|p2a: Gliscor
|
|-weather|Sandstorm|[upkeep]
|-heal|p1a: Landorus-Therian|300/369 tox|[from] item: Leftovers
|-damage|p1a: Landorus-Therian|208/369 tox|[from] psn
|
|switch|p2a: Skarmory|Skarmory, F|126/334
|-damage|p2a: Skarmory|85/334|[from] Stealth Rock
|turn|32
|
|move|p1a: Landorus-Therian|Stone Edge|p2a: Skarmory
|-damage|p2a: Skarmory|0 fnt
|faint|p2a: Skarmory
|
|-weather|Sandstorm|[upkeep]
|-heal|p1a: Landorus-Therian|231/369 tox|[from] item: Leftovers
|-damage|p1a: Landorus-Therian|116/369 tox|[from] psn
|
|switch|p2a: Jellicent|Jellicent, F, shiny|354/404
|-damage|p2a: Jellicent|304/404|[from] Stealth Rock
|turn|33
|
|switch|p2a: Latias|Latias, F|364/364
|-damage|p2a: Latias|319/364|[from] Stealth Rock
|move|p1a: Landorus-Therian|Stone Edge|p2a: Latias
|-damage|p2a: Latias|67/364
|
|-weather|Sandstorm|[upkeep]
|-damage|p2a: Latias|45/364|[from] sandstorm
|-heal|p1a: Landorus-Therian|139/369 tox|[from] item: Leftovers
|-heal|p2a: Latias|67/364|[from] item: Leftovers
|-damage|p1a: Landorus-Therian|1/369 tox|[from] psn
|turn|34
|
|move|p1a: Landorus-Therian|U-turn|p2a: Latias
|-supereffective|p2a: Latias
|-damage|p2a: Latias|0 fnt
|faint|p2a: Latias
|
|switch|p1a: Dragonite|Dragonite, F|135/335
|
|-weather|Sandstorm|[upkeep]
|-damage|p1a: Dragonite|115/335|[from] sandstorm
|c|★Doudrasand|gg
|
|switch|p2a: Jellicent|Jellicent, F, shiny|304/404
|-damage|p2a: Jellicent|254/404|[from] Stealth Rock
|turn|35
|c|★Tokyo Tom✨|GG dude
|
|move|p1a: Dragonite|Outrage|p2a: Jellicent
|-damage|p2a: Jellicent|0 fnt
|faint|p2a: Jellicent
|
|win|Tokyo Tom✨
|raw|Ladder updating...
|raw|Tokyo Tom✨'s rating: 1381 &rarr; <strong>1403</strong><br />(+22 for winning)
|raw|Doudrasand's rating: 1415 &rarr; <strong>1393</strong><br />(-22 for losing)
|leave|Tokyo Tom✨
|player|p1
|leave|Chillarmy