|j|☆HydreigonSpammer
|j|☆TheHaxSupreme
|t:|1737844542
|gametype|singles
|player|p1|HydreigonSpammer|lass-gen4dp|1455
|player|p2|TheHaxSupreme|biker-gen4|1307
|teamsize|p1|6
|teamsize|p2|6
|gen|5
|tier|[Gen 5] OU
|rated|
|rule|Species Clause: Limit one of each Pokémon
|rule|OHKO Clause: OHKO moves are banned
|rule|Moody Clause: Moody is banned
|rule|Evasion Items Clause: Evasion items are banned
|rule|Evasion Moves Clause: Evasion moves are banned
|rule|Endless Battle Clause: Forcing endless battles is banned
|rule|HP Percentage Mod: HP is shown in percentages
|rule|Evasion Abilities Clause: Evasion abilities are banned
|rule|Sleep Moves Clause: Sleep-inducing moves are banned
|rule|Swagger Clause: Swagger is banned
|rule|Baton Pass Stat Clause: No Baton Passer may have a way to boost its stats
|clearpoke
|poke|p1|Ferrothorn, M|item
|poke|p1|Landorus-Therian, M|item
|poke|p1|Tyranitar, M|item
|poke|p1|Hydreigon, F|item
|poke|p1|Rotom-Wash|item
|poke|p1|Latios, M|item
|poke|p2|Alakazam, M|item
|poke|p2|Landorus-Therian, M|item
|poke|p2|Terrakion|item
|poke|p2|Salamence, M|item
|poke|p2|Scizor, M|item
|poke|p2|Latios, M|item
|teampreview
|inactive|Battle timer is ON: inactive players will automatically lose when time's up. (requested by TheHaxSupreme)
|
|t:|1737844550
|start
|switch|p1a: Rotom|Rotom-Wash|100/100
|switch|p2a: PU|Terrakion, shiny|100/100
|turn|1
|
|t:|1737844558
|move|p2a: PU|Close Combat|p1a: Rotom
|-damage|p1a: Rotom|30/100
|-unboost|p2a: PU|def|1
|-unboost|p2a: PU|spd|1
|move|p1a: Rotom|Thunder Wave|p2a: PU
|-status|p2a: PU|par
|
|-heal|p1a: Rotom|36/100|[from] item: Leftovers
|upkeep
|turn|2
|
|t:|1737844567
|move|p1a: Rotom|Volt Switch|p2a: PU
|-damage|p2a: PU|55/100 par
|
|t:|1737844570
|switch|p1a: Landorus|Landorus-Therian, M|100/100|[from] Volt Switch
|-ability|p1a: Landorus|Intimidate|boost
|-unboost|p2a: PU|atk|1
|move|p2a: PU|Stealth Rock|p1a: Landorus
|-sidestart|p1: HydreigonSpammer|move: Stealth Rock
|
|upkeep
|turn|3
|
|t:|1737844579
|move|p1a: Landorus|Superpower|p2a: PU
|-supereffective|p2a: PU
|-damage|p2a: PU|0 fnt
|-unboost|p1a: Landorus|atk|1
|-unboost|p1a: Landorus|def|1
|faint|p2a: PU
|
|upkeep
|
|t:|1737844589
|switch|p2a: Dexited|Alakazam, M|100/100
|turn|4
|
|t:|1737844604
|switch|p1a: Rotom|Rotom-Wash|36/100
|-damage|p1a: Rotom|24/100|[from] Stealth Rock
|move|p2a: Dexited|Hidden Power|p1a: Rotom
|-resisted|p1a: Rotom
|-damage|p1a: Rotom|10/100
|
|-heal|p1a: Rotom|16/100|[from] item: Leftovers
|upkeep
|turn|5
|
|t:|1737844611
|move|p2a: Dexited|Psychic|p1a: Rotom
|-damage|p1a: Rotom|0 fnt
|faint|p1a: Rotom
|
|upkeep
|
|t:|1737844616
|switch|p1a: Landorus|Landorus-Therian, M|100/100
|-damage|p1a: Landorus|88/100|[from] Stealth Rock
|-ability|p1a: Landorus|Intimidate|boost
|-unboost|p2a: Dexited|atk|1
|turn|6
|
|t:|1737844620
|switch|p2a: Actually OU!|Landorus-Therian, M|100/100
|-ability|p2a: Actually OU!|Intimidate|boost
|-unboost|p1a: Landorus|atk|1
|move|p1a: Landorus|U-turn|p2a: Actually OU!
|-resisted|p2a: Actually OU!
|-damage|p2a: Actually OU!|91/100
|
|t:|1737844628
|switch|p1a: Ferrothorn|Ferrothorn, M|100/100|[from] U-turn
|-damage|p1a: Ferrothorn|94/100|[from] Stealth Rock
|
|upkeep
|turn|7
|
|t:|1737844635
|move|p2a: Actually OU!|Earthquake|p1a: Ferrothorn
|-crit|p1a: Ferrothorn
|-damage|p1a: Ferrothorn|0 fnt
|faint|p1a: Ferrothorn
|
|upkeep
|
|t:|1737844640
|switch|p1a: Hydreigon|Hydreigon, F, shiny|100/100
|-damage|p1a: Hydreigon|88/100|[from] Stealth Rock
|turn|8
|
|t:|1737844645
|move|p1a: Hydreigon|Substitute|p1a: Hydreigon
|-start|p1a: Hydreigon|Substitute
|-damage|p1a: Hydreigon|63/100
|move|p2a: Actually OU!|Stone Edge|p1a: Hydreigon
|-end|p1a: Hydreigon|Substitute
|
|-heal|p1a: Hydreigon|69/100|[from] item: Leftovers
|upkeep
|turn|9
|
|t:|1737844651
|move|p1a: Hydreigon|Draco Meteor|p2a: Actually OU!
|-damage|p2a: Actually OU!|5/100
|-unboost|p1a: Hydreigon|spa|2
|move|p2a: Actually OU!|Stone Edge|p1a: Hydreigon
|-crit|p1a: Hydreigon
|-damage|p1a: Hydreigon|0 fnt
|faint|p1a: Hydreigon
|
|upkeep
|
|t:|1737844665
|switch|p1a: Latios|Latios, M|100/100
|-damage|p1a: Latios|88/100|[from] Stealth Rock
|turn|10
|
|t:|1737844670
|move|p1a: Latios|Surf|p2a: Actually OU!
|-supereffective|p2a: Actually OU!
|-damage|p2a: Actually OU!|0 fnt
|faint|p2a: Actually OU!
|
|upkeep
|
|t:|1737844676
|switch|p2a: UU (I think)|Scizor, M|100/100
|turn|11
|
|t:|1737844681
|move|p1a: Latios|Surf|p2a: UU (I think)
|-damage|p2a: UU (I think)|45/100
|move|p2a: UU (I think)|Pursuit|p1a: Latios
|-supereffective|p1a: Latios
|-damage|p1a: Latios|0 fnt
|faint|p1a: Latios
|-damage|p2a: UU (I think)|35/100|[from] item: Life Orb
|
|upkeep
|
|t:|1737844691
|switch|p1a: Landorus|Landorus-Therian, M|88/100
|-damage|p1a: Landorus|76/100|[from] Stealth Rock
|-ability|p1a: Landorus|Intimidate|boost
|-unboost|p2a: UU (I think)|atk|1
|turn|12
|
|t:|1737844702
|switch|p2a: UU* minus mega|Latios, M|100/100
|move|p1a: Landorus|Earthquake|p2a: UU* minus mega
|-immune|p2a: UU* minus mega|[from] ability: Levitate
|
|upkeep
|turn|13
|
|t:|1737844709
|switch|p1a: Tyranitar|Tyranitar, M|100/100
|-damage|p1a: Tyranitar|88/100|[from] Stealth Rock
|-weather|Sandstorm|[from] ability: Sand Stream|[of] p1a: Tyranitar
|move|p2a: UU* minus mega|Trick|p1a: Tyranitar
|-activate|p2a: UU* minus mega|move: Trick|[of] p1a: Tyranitar
|-item|p1a: Tyranitar|Choice Specs|[from] move: Trick
|-item|p2a: UU* minus mega|Chople Berry|[from] move: Trick
|
|-weather|Sandstorm|[upkeep]
|-damage|p2a: UU* minus mega|95/100|[from] Sandstorm
|upkeep
|turn|14
|
|t:|1737844719
|move|p2a: UU* minus mega|Draco Meteor|p1a: Tyranitar
|-damage|p1a: Tyranitar|57/100
|-unboost|p2a: UU* minus mega|spa|2
|move|p1a: Tyranitar|Crunch|p2a: UU* minus mega
|-supereffective|p2a: UU* minus mega
|-damage|p2a: UU* minus mega|6/100
|
|-weather|Sandstorm|[upkeep]
|-damage|p2a: UU* minus mega|0 fnt|[from] Sandstorm
|faint|p2a: UU* minus mega
|upkeep
|
|t:|1737844724
|switch|p2a: UU (I think)|Scizor, M|35/100
|turn|15
|
|t:|1737844736
|move|p2a: UU (I think)|Bullet Punch|p1a: Tyranitar
|-supereffective|p1a: Tyranitar
|-damage|p1a: Tyranitar|0 fnt
|faint|p1a: Tyranitar
|-damage|p2a: UU (I think)|25/100|[from] item: Life Orb
|
|-weather|Sandstorm|[upkeep]
|upkeep
|
|t:|1737844739
|switch|p1a: Landorus|Landorus-Therian, M|76/100
|-damage|p1a: Landorus|64/100|[from] Stealth Rock
|-ability|p1a: Landorus|Intimidate|boost
|-unboost|p2a: UU (I think)|atk|1
|turn|16
|
|t:|1737844745
|switch|p2a: Dexited|Alakazam, M|100/100
|move|p1a: Landorus|Hidden Power|p2a: Dexited
|-damage|p2a: Dexited|73/100
|
|-weather|Sandstorm|[upkeep]
|upkeep
|turn|17
|
|t:|1737844748
|move|p1a: Landorus|Hidden Power|p2a: Dexited
|-damage|p2a: Dexited|46/100
|move|p2a: Dexited|Hidden Power|p1a: Landorus
|-supereffective|p1a: Landorus
|-damage|p1a: Landorus|0 fnt
|faint|p1a: Landorus
|
|win|TheHaxSupreme
|raw|HydreigonSpammer's rating: 1455 &rarr; <strong>1427</strong><br />(-28 for losing)
|raw|TheHaxSupreme's rating: 1307 &rarr; <strong>1335</strong><br />(+28 for winning)
|c|☆TheHaxSupreme|gg
|l|☆HydreigonSpammer
|player|p1|
