|j|☆eeezeee
|j|☆minutemaid13
|t:|1707797716
|gametype|singles
|player|p1|eeezeee|1|1300
|player|p2|minutemaid13|170|1320
|teamsize|p1|6
|teamsize|p2|6
|gen|5
|tier|[Gen 5] OU
|rated|
|rule|Species Clause: Limit one of each Pokémon
|rule|OHKO Clause: OHKO moves are banned
|rule|Moody Clause: Moody is banned
|rule|Evasion Items Clause: Evasion items are banned
|rule|Evasion Moves Clause: Evasion moves are banned
|rule|Endless Battle Clause: Forcing endless battles is banned
|rule|HP Percentage Mod: HP is shown in percentages
|rule|Evasion Abilities Clause: Evasion abilities are banned
|rule|Sleep Moves Clause: Sleep-inducing moves are banned
|rule|Swagger Clause: Swagger is banned
|rule|Baton Pass Stat Clause: No Baton Passer may have a way to boost its stats
|clearpoke
|poke|p1|Politoed, F|item
|poke|p1|Scizor, F|item
|poke|p1|Tentacruel, M|item
|poke|p1|Toxicroak, F|item
|poke|p1|Tornadus, M|item
|poke|p1|Ferrothorn, M|item
|poke|p2|Garchomp, F|item
|poke|p2|Latios, M|item
|poke|p2|Haxorus, F|item
|poke|p2|Salamence, M|item
|poke|p2|Kyurem-Black|item
|poke|p2|Conkeldurr, M|item
|teampreview
|inactive|Battle timer is ON: inactive players will automatically lose when time's up. (requested by eeezeee)
|
|t:|1707797724
|start
|switch|p1a: Politoed|Politoed, F|100/100
|switch|p2a: Kyurem|Kyurem-Black, shiny|100/100
|-ability|p2a: Kyurem|Teravolt
|-weather|RainDance|[from] ability: Drizzle|[of] p1a: Politoed
|turn|1
|
|t:|1707797735
|move|p2a: Kyurem|Outrage|p1a: Politoed
|-crit|p1a: Politoed
|-damage|p1a: Politoed|0 fnt
|faint|p1a: Politoed
|
|-weather|RainDance|[upkeep]
|upkeep
|
|t:|1707797740
|switch|p1a: Ferrothorn|Ferrothorn, M|100/100
|turn|2
|
|t:|1707797743
|move|p2a: Kyurem|Outrage|p1a: Ferrothorn|[from]lockedmove
|-resisted|p1a: Ferrothorn
|-damage|p1a: Ferrothorn|51/100
|-damage|p2a: Kyurem|88/100|[from] ability: Iron Barbs|[of] p1a: Ferrothorn
|move|p1a: Ferrothorn|Leech Seed|p2a: Kyurem
|-start|p2a: Kyurem|move: Leech Seed
|
|-weather|RainDance|[upkeep]
|-heal|p1a: Ferrothorn|57/100|[from] item: Leftovers
|-damage|p2a: Kyurem|75/100|[from] Leech Seed|[of] p1a: Ferrothorn
|-heal|p1a: Ferrothorn|71/100|[silent]
|upkeep
|turn|3
|
|t:|1707797748
|move|p2a: Kyurem|Outrage|p1a: Ferrothorn|[from]lockedmove
|-resisted|p1a: Ferrothorn
|-damage|p1a: Ferrothorn|29/100
|-damage|p2a: Kyurem|63/100|[from] ability: Iron Barbs|[of] p1a: Ferrothorn
|-start|p2a: Kyurem|confusion|[fatigue]
|move|p1a: Ferrothorn|Gyro Ball|p2a: Kyurem
|-supereffective|p2a: Kyurem
|-damage|p2a: Kyurem|0 fnt
|faint|p2a: Kyurem
|
|-weather|RainDance|[upkeep]
|-heal|p1a: Ferrothorn|35/100|[from] item: Leftovers
|upkeep
|
|t:|1707797761
|switch|p2a: Haxorus|Haxorus, F, shiny|100/100
|-ability|p2a: Haxorus|Mold Breaker
|turn|4
|
|t:|1707797766
|move|p2a: Haxorus|Outrage|p1a: Ferrothorn
|-resisted|p1a: Ferrothorn
|-damage|p1a: Ferrothorn|0 fnt
|-damage|p2a: Haxorus|88/100|[from] ability: Iron Barbs|[of] p1a: Ferrothorn
|faint|p1a: Ferrothorn
|
|-weather|RainDance|[upkeep]
|upkeep
|
|t:|1707797778
|switch|p1a: Tornadus|Tornadus, M|100/100
|turn|5
|
|t:|1707797780
|move|p1a: Tornadus|Hurricane|p2a: Haxorus
|-damage|p2a: Haxorus|0 fnt
|faint|p2a: Haxorus
|
|-weather|RainDance|[upkeep]
|upkeep
|
|t:|1707797793
|switch|p2a: Latios|Latios, M, shiny|100/100
|turn|6
|c|☆eeezeee|i was scared ur whole team was scarfed
|
|t:|1707797800
|switch|p1a: Tentacruel|Tentacruel, M|100/100
|move|p2a: Latios|Draco Meteor|p1a: Tentacruel
|-damage|p1a: Tentacruel|40/100
|-unboost|p2a: Latios|spa|2
|
|-weather|RainDance|[upkeep]
|-heal|p1a: Tentacruel|46/100|[from] ability: Rain Dish
|-heal|p1a: Tentacruel|52/100|[from] item: Black Sludge
|upkeep
|turn|7
|
|t:|1707797805
|switch|p2a: Conkeldurr|Conkeldurr, M|100/100
|move|p1a: Tentacruel|Toxic Spikes|p2a: Conkeldurr
|-sidestart|p2: minutemaid13|move: Toxic Spikes
|
|-weather|RainDance|[upkeep]
|-heal|p1a: Tentacruel|58/100|[from] ability: Rain Dish
|-heal|p1a: Tentacruel|64/100|[from] item: Black Sludge
|upkeep
|turn|8
|
|t:|1707797808
|move|p1a: Tentacruel|Toxic Spikes|p2a: Conkeldurr
|-sidestart|p2: minutemaid13|move: Toxic Spikes
|move|p2a: Conkeldurr|Bulk Up|p2a: Conkeldurr
|-boost|p2a: Conkeldurr|atk|1
|-boost|p2a: Conkeldurr|def|1
|
|-weather|RainDance|[upkeep]
|-heal|p1a: Tentacruel|70/100|[from] ability: Rain Dish
|-heal|p1a: Tentacruel|76/100|[from] item: Black Sludge
|upkeep
|turn|9
|
|t:|1707797812
|move|p1a: Tentacruel|Scald|p2a: Conkeldurr
|-damage|p2a: Conkeldurr|71/100
|-status|p2a: Conkeldurr|brn
|move|p2a: Conkeldurr|Drain Punch|p1a: Tentacruel
|-resisted|p1a: Tentacruel
|-damage|p1a: Tentacruel|29/100
|-heal|p2a: Conkeldurr|92/100 brn|[from] drain|[of] p1a: Tentacruel
|
|-weather|RainDance|[upkeep]
|-heal|p1a: Tentacruel|35/100|[from] ability: Rain Dish
|-heal|p1a: Tentacruel|41/100|[from] item: Black Sludge
|-heal|p2a: Conkeldurr|98/100 brn|[from] item: Leftovers
|-damage|p2a: Conkeldurr|86/100 brn|[from] brn
|upkeep
|turn|10
|
|t:|1707797815
|move|p1a: Tentacruel|Scald|p2a: Conkeldurr
|-damage|p2a: Conkeldurr|55/100 brn
|move|p2a: Conkeldurr|Drain Punch|p1a: Tentacruel
|-resisted|p1a: Tentacruel
|-damage|p1a: Tentacruel|0 fnt
|-heal|p2a: Conkeldurr|73/100 brn|[from] drain|[of] p1a: Tentacruel
|faint|p1a: Tentacruel
|
|-weather|RainDance|[upkeep]
|-heal|p2a: Conkeldurr|79/100 brn|[from] item: Leftovers
|-damage|p2a: Conkeldurr|67/100 brn|[from] brn
|upkeep
|
|t:|1707797821
|switch|p1a: Tornadus|Tornadus, M|100/100
|turn|11
|
|t:|1707797825
|move|p2a: Conkeldurr|Mach Punch|p1a: Tornadus
|-resisted|p1a: Tornadus
|-damage|p1a: Tornadus|63/100
|move|p1a: Tornadus|Hurricane|p2a: Conkeldurr
|-supereffective|p2a: Conkeldurr
|-damage|p2a: Conkeldurr|0 fnt
|faint|p2a: Conkeldurr
|
|-weather|RainDance|[upkeep]
|upkeep
|
|t:|1707797836
|switch|p2a: Garchomp|Garchomp, F, shiny|100/100
|-status|p2a: Garchomp|tox
|turn|12
|
|t:|1707797838
|move|p1a: Tornadus|Hurricane|p2a: Garchomp
|-enditem|p2a: Garchomp|Focus Sash
|-damage|p2a: Garchomp|1/100 tox
|-start|p2a: Garchomp|confusion
|-activate|p2a: Garchomp|confusion
|-damage|p2a: Garchomp|0 fnt|[from] confusion
|faint|p2a: Garchomp
|
|-weather|RainDance|[upkeep]
|upkeep
|-message|minutemaid13 forfeited.
|
|win|eeezeee
|raw|eeezeee's rating: 1300 &rarr; <strong>1326</strong><br />(+26 for winning)
|raw|minutemaid13's rating: 1320 &rarr; <strong>1299</strong><br />(-21 for losing)
|c|☆eeezeee|swag
|c|☆eeezeee|gg
