|j|☆repinho2711
|j|☆Croaset
|t:|1708711064
|gametype|singles
|player|p1|repinho2711|ethan|1379
|player|p2|Croaset|elesa|1419
|teamsize|p1|6
|teamsize|p2|6
|gen|5
|tier|[Gen 5] OU
|rated|
|rule|Species Clause: Limit one of each Pokémon
|rule|OHKO Clause: OHKO moves are banned
|rule|Moody Clause: Moody is banned
|rule|Evasion Items Clause: Evasion items are banned
|rule|Evasion Moves Clause: Evasion moves are banned
|rule|Endless Battle Clause: Forcing endless battles is banned
|rule|HP Percentage Mod: HP is shown in percentages
|rule|Evasion Abilities Clause: Evasion abilities are banned
|rule|Sleep Moves Clause: Sleep-inducing moves are banned
|rule|Swagger Clause: Swagger is banned
|rule|Baton Pass Stat Clause: No Baton Passer may have a way to boost its stats
|clearpoke
|poke|p1|Scizor, M|item
|poke|p1|Donphan, M|item
|poke|p1|Milotic, M|item
|poke|p1|Dragonite, M|item
|poke|p1|Alakazam, M|item
|poke|p1|Virizion|item
|poke|p2|Politoed, M|item
|poke|p2|Tentacruel, M|item
|poke|p2|Ferrothorn, M|item
|poke|p2|Volcarona, M|item
|poke|p2|Keldeo|item
|poke|p2|Toxicroak, M|item
|teampreview
|inactive|Battle timer is ON: inactive players will automatically lose when time's up. (requested by repinho2711)
|
|t:|1708711072
|start
|switch|p1a: Virizion|Virizion|100/100
|switch|p2a: Politoed|Politoed, M, shiny|100/100
|-weather|RainDance|[from] ability: Drizzle|[of] p2a: Politoed
|turn|1
|inactive|repinho2711 has 120 seconds left.
|
|t:|1708711104
|switch|p2a: Volcarona|Volcarona, M|100/100
|move|p1a: Virizion|Calm Mind|p1a: Virizion
|-boost|p1a: Virizion|spa|1
|-boost|p1a: Virizion|spd|1
|
|-weather|RainDance|[upkeep]
|upkeep
|turn|2
|
|t:|1708711113
|switch|p1a: Dragonite|Dragonite, M|100/100
|move|p2a: Volcarona|Quiver Dance|p2a: Volcarona
|-boost|p2a: Volcarona|spa|1
|-boost|p2a: Volcarona|spd|1
|-boost|p2a: Volcarona|spe|1
|
|-weather|RainDance|[upkeep]
|upkeep
|turn|3
|
|t:|1708711122
|move|p2a: Volcarona|Hurricane|p1a: Dragonite
|-damage|p1a: Dragonite|73/100
|move|p1a: Dragonite|Dragon Dance|p1a: Dragonite
|-boost|p1a: Dragonite|atk|1
|-boost|p1a: Dragonite|spe|1
|
|-weather|RainDance|[upkeep]
|upkeep
|turn|4
|
|t:|1708711136
|switch|p2a: Ferrothorn|Ferrothorn, M, shiny|100/100
|move|p1a: Dragonite|Dragon Dance|p1a: Dragonite
|-boost|p1a: Dragonite|atk|1
|-boost|p1a: Dragonite|spe|1
|
|-weather|RainDance|[upkeep]
|upkeep
|turn|5
|
|t:|1708711146
|move|p1a: Dragonite|Fire Punch|p2a: Ferrothorn
|-supereffective|p2a: Ferrothorn
|-damage|p2a: Ferrothorn|18/100
|-damage|p1a: Dragonite|61/100|[from] ability: Iron Barbs|[of] p2a: Ferrothorn
|move|p2a: Ferrothorn|Leech Seed|p1a: Dragonite
|-start|p1a: Dragonite|move: Leech Seed
|
|-weather|RainDance|[upkeep]
|-heal|p2a: Ferrothorn|24/100|[from] item: Leftovers
|-damage|p1a: Dragonite|48/100|[from] Leech Seed|[of] p2a: Ferrothorn
|-heal|p2a: Ferrothorn|35/100|[silent]
|upkeep
|turn|6
|j| chedda getta
|inactive|repinho2711 has 120 seconds left.
|
|t:|1708711195
|switch|p2a: Tentacruel|Tentacruel, M|100/100
|move|p1a: Dragonite|Fire Punch|p2a: Tentacruel
|-resisted|p2a: Tentacruel
|-damage|p2a: Tentacruel|88/100
|-status|p2a: Tentacruel|brn
|
|-weather|RainDance|[upkeep]
|-heal|p2a: Tentacruel|94/100 brn|[from] ability: Rain Dish
|-heal|p2a: Tentacruel|100/100 brn|[from] item: Black Sludge
|-damage|p1a: Dragonite|36/100|[from] Leech Seed|[of] p2a: Tentacruel
|-damage|p2a: Tentacruel|88/100 brn|[from] brn
|upkeep
|turn|7
|
|t:|1708711208
|move|p2a: Tentacruel|Protect|p2a: Tentacruel
|-singleturn|p2a: Tentacruel|Protect
|move|p1a: Dragonite|Dragon Dance|p1a: Dragonite
|-boost|p1a: Dragonite|atk|1
|-boost|p1a: Dragonite|spe|1
|
|-weather|RainDance|[upkeep]
|-heal|p2a: Tentacruel|94/100 brn|[from] ability: Rain Dish
|-heal|p2a: Tentacruel|99/100 brn|[from] item: Black Sludge
|-damage|p1a: Dragonite|24/100|[from] Leech Seed|[of] p2a: Tentacruel
|-heal|p2a: Tentacruel|100/100 brn|[silent]
|-damage|p2a: Tentacruel|88/100 brn|[from] brn
|upkeep
|turn|8
|
|t:|1708711221
|move|p2a: Tentacruel|Protect|p2a: Tentacruel
|-singleturn|p2a: Tentacruel|Protect
|move|p1a: Dragonite|Outrage|p2a: Tentacruel
|-activate|p2a: Tentacruel|move: Protect
|
|-weather|RainDance|[upkeep]
|-heal|p2a: Tentacruel|94/100 brn|[from] ability: Rain Dish
|-heal|p2a: Tentacruel|99/100 brn|[from] item: Black Sludge
|-damage|p1a: Dragonite|11/100|[from] Leech Seed|[of] p2a: Tentacruel
|-heal|p2a: Tentacruel|100/100 brn|[silent]
|-damage|p2a: Tentacruel|88/100 brn|[from] brn
|upkeep
|turn|9
|
|t:|1708711233
|switch|p2a: Ferrothorn|Ferrothorn, M, shiny|35/100
|move|p1a: Dragonite|Outrage|p2a: Ferrothorn
|-resisted|p2a: Ferrothorn
|-damage|p2a: Ferrothorn|0 fnt
|-damage|p1a: Dragonite|0 fnt|[from] ability: Iron Barbs|[of] p2a: Ferrothorn
|faint|p1a: Dragonite
|faint|p2a: Ferrothorn
|
|-weather|RainDance|[upkeep]
|upkeep
|inactive|repinho2711 has 90 seconds left.
|
|t:|1708711249
|switch|p1a: Virizion|Virizion|100/100
|switch|p2a: Volcarona|Volcarona, M|100/100
|turn|10
|
|t:|1708711257
|switch|p1a: Milotic|Milotic, M|100/100
|move|p2a: Volcarona|Hurricane|p1a: Milotic
|-crit|p1a: Milotic
|-damage|p1a: Milotic|58/100
|-start|p1a: Milotic|confusion
|
|-weather|RainDance|[upkeep]
|-heal|p1a: Milotic|64/100|[from] item: Leftovers
|upkeep
|turn|11
|
|t:|1708711267
|switch|p2a: Toxicroak|Toxicroak, M|100/100
|-activate|p1a: Milotic|confusion
|move|p1a: Milotic|Toxic|p2a: Toxicroak
|-immune|p2a: Toxicroak
|
|-weather|RainDance|[upkeep]
|-heal|p1a: Milotic|70/100|[from] item: Leftovers
|upkeep
|turn|12
|
|t:|1708711277
|switch|p1a: Donphan|Donphan, M|100/100
|move|p2a: Toxicroak|Substitute|p2a: Toxicroak
|-start|p2a: Toxicroak|Substitute
|-damage|p2a: Toxicroak|76/100
|
|-weather|RainDance|[upkeep]
|-heal|p2a: Toxicroak|88/100|[from] ability: Dry Skin
|-heal|p2a: Toxicroak|94/100|[from] item: Black Sludge
|upkeep
|turn|13
|
|t:|1708711286
|move|p2a: Toxicroak|Toxic|p1a: Donphan
|-status|p1a: Donphan|tox
|move|p1a: Donphan|Stealth Rock|p2a: Toxicroak
|-sidestart|p2: Croaset|move: Stealth Rock
|
|-weather|RainDance|[upkeep]
|-heal|p2a: Toxicroak|100/100|[from] ability: Dry Skin
|-damage|p1a: Donphan|94/100 tox|[from] psn
|upkeep
|turn|14
|
|t:|1708711296
|move|p2a: Toxicroak|Substitute|p2a: Toxicroak
|-fail|p2a: Toxicroak|move: Substitute
|move|p1a: Donphan|Earthquake|p2a: Toxicroak
|-supereffective|p2a: Toxicroak
|-end|p2a: Toxicroak|Substitute
|
|-weather|RainDance|[upkeep]
|-heal|p1a: Donphan|100/100 tox|[from] item: Leftovers
|-damage|p1a: Donphan|88/100 tox|[from] psn
|upkeep
|turn|15
|
|t:|1708711310
|switch|p1a: Scizor|Scizor, M, shiny|100/100
|move|p2a: Toxicroak|Substitute|p2a: Toxicroak
|-start|p2a: Toxicroak|Substitute
|-damage|p2a: Toxicroak|76/100
|
|-weather|RainDance|[upkeep]
|-heal|p2a: Toxicroak|88/100|[from] ability: Dry Skin
|-heal|p2a: Toxicroak|94/100|[from] item: Black Sludge
|upkeep
|turn|16
|
|t:|1708711320
|move|p1a: Scizor|Swords Dance|p1a: Scizor
|-boost|p1a: Scizor|atk|2
|move|p2a: Toxicroak|Bulk Up|p2a: Toxicroak
|-boost|p2a: Toxicroak|atk|1
|-boost|p2a: Toxicroak|def|1
|
|-weather|RainDance|[upkeep]
|-heal|p2a: Toxicroak|100/100|[from] ability: Dry Skin
|upkeep
|turn|17
|
|t:|1708711331
|move|p1a: Scizor|Bug Bite|p2a: Toxicroak
|-resisted|p2a: Toxicroak
|-end|p2a: Toxicroak|Substitute
|-damage|p1a: Scizor|91/100|[from] item: Life Orb
|move|p2a: Toxicroak|Bulk Up|p2a: Toxicroak
|-boost|p2a: Toxicroak|atk|1
|-boost|p2a: Toxicroak|def|1
|
|-weather|RainDance|[upkeep]
|upkeep
|turn|18
|
|t:|1708711340
|move|p1a: Scizor|Swords Dance|p1a: Scizor
|-boost|p1a: Scizor|atk|2
|move|p2a: Toxicroak|Substitute|p2a: Toxicroak
|-start|p2a: Toxicroak|Substitute
|-damage|p2a: Toxicroak|76/100
|
|-weather|RainDance|[upkeep]
|-heal|p2a: Toxicroak|88/100|[from] ability: Dry Skin
|-heal|p2a: Toxicroak|94/100|[from] item: Black Sludge
|upkeep
|turn|19
|inactive|repinho2711 has 120 seconds left.
|
|t:|1708711351
|move|p1a: Scizor|Bug Bite|p2a: Toxicroak
|-resisted|p2a: Toxicroak
|-end|p2a: Toxicroak|Substitute
|-damage|p1a: Scizor|81/100|[from] item: Life Orb
|move|p2a: Toxicroak|Bulk Up|p2a: Toxicroak
|-boost|p2a: Toxicroak|atk|1
|-boost|p2a: Toxicroak|def|1
|
|-weather|RainDance|[upkeep]
|-heal|p2a: Toxicroak|100/100|[from] ability: Dry Skin
|upkeep
|turn|20
|inactive|repinho2711 has 120 seconds left.
|
|t:|1708711361
|move|p1a: Scizor|Bullet Punch|p2a: Toxicroak
|-damage|p2a: Toxicroak|32/100
|-damage|p1a: Scizor|71/100|[from] item: Life Orb
|move|p2a: Toxicroak|Substitute|p2a: Toxicroak
|-start|p2a: Toxicroak|Substitute
|-damage|p2a: Toxicroak|7/100
|
|-weather|RainDance|[upkeep]
|-heal|p2a: Toxicroak|19/100|[from] ability: Dry Skin
|-heal|p2a: Toxicroak|25/100|[from] item: Black Sludge
|upkeep
|turn|21
|inactive|repinho2711 has 120 seconds left.
|
|t:|1708711373
|move|p1a: Scizor|Bullet Punch|p2a: Toxicroak
|-crit|p2a: Toxicroak
|-end|p2a: Toxicroak|Substitute
|-damage|p1a: Scizor|61/100|[from] item: Life Orb
|move|p2a: Toxicroak|Drain Punch|p1a: Scizor
|-damage|p1a: Scizor|0 fnt
|-heal|p2a: Toxicroak|48/100|[from] drain|[of] p1a: Scizor
|faint|p1a: Scizor
|
|-weather|RainDance|[upkeep]
|-heal|p2a: Toxicroak|61/100|[from] ability: Dry Skin
|-heal|p2a: Toxicroak|67/100|[from] item: Black Sludge
|upkeep
|
|t:|1708711386
|switch|p1a: Alakazam|Alakazam, M|100/100
|turn|22
|inactive|Croaset has 120 seconds left.
|j| radaty
|
|t:|1708711437
|switch|p2a: Keldeo|Keldeo|100/100
|-damage|p2a: Keldeo|94/100|[from] Stealth Rock
|move|p1a: Alakazam|Psyshock|p2a: Keldeo
|-supereffective|p2a: Keldeo
|-damage|p2a: Keldeo|0 fnt
|faint|p2a: Keldeo
|
|-weather|RainDance|[upkeep]
|upkeep
|
|t:|1708711438
|switch|p2a: Politoed|Politoed, M, shiny|100/100
|-damage|p2a: Politoed|88/100|[from] Stealth Rock
|turn|23
|
|t:|1708711452
|switch|p1a: Donphan|Donphan, M|88/100 tox
|move|p2a: Politoed|Scald|p1a: Donphan
|-supereffective|p1a: Donphan
|-damage|p1a: Donphan|0 fnt
|faint|p1a: Donphan
|
|-weather|RainDance|[upkeep]
|-heal|p2a: Politoed|94/100|[from] item: Leftovers
|upkeep
|inactive|repinho2711 has 120 seconds left.
|
|t:|1708711462
|switch|p1a: Virizion|Virizion|100/100
|turn|24
|
|t:|1708711466
|switch|p2a: Tentacruel|Tentacruel, M|88/100 brn
|-damage|p2a: Tentacruel|76/100 brn|[from] Stealth Rock
|move|p1a: Virizion|Calm Mind|p1a: Virizion
|-boost|p1a: Virizion|spa|1
|-boost|p1a: Virizion|spd|1
|
|-weather|RainDance|[upkeep]
|-heal|p2a: Tentacruel|82/100 brn|[from] ability: Rain Dish
|-heal|p2a: Tentacruel|88/100 brn|[from] item: Black Sludge
|-damage|p2a: Tentacruel|75/100 brn|[from] brn
|upkeep
|turn|25
|
|t:|1708711478
|move|p1a: Virizion|Giga Drain|p2a: Tentacruel
|-damage|p2a: Tentacruel|39/100 brn
|move|p2a: Tentacruel|Rapid Spin|p1a: Virizion
|-damage|p1a: Virizion|99/100
|-sideend|p2: Croaset|Stealth Rock|[from] move: Rapid Spin|[of] p2a: Tentacruel
|
|-weather|RainDance|[upkeep]
|-heal|p2a: Tentacruel|45/100 brn|[from] ability: Rain Dish
|-heal|p2a: Tentacruel|51/100 brn|[from] item: Black Sludge
|-damage|p2a: Tentacruel|39/100 brn|[from] brn
|upkeep
|turn|26
|
|t:|1708711490
|move|p1a: Virizion|Calm Mind|p1a: Virizion
|-boost|p1a: Virizion|spa|1
|-boost|p1a: Virizion|spd|1
|move|p2a: Tentacruel|Toxic|p1a: Virizion
|-status|p1a: Virizion|tox
|
|-weather|RainDance|[upkeep]
|-heal|p2a: Tentacruel|45/100 brn|[from] ability: Rain Dish
|-heal|p2a: Tentacruel|51/100 brn|[from] item: Black Sludge
|-damage|p1a: Virizion|93/100 tox|[from] psn
|-damage|p2a: Tentacruel|39/100 brn|[from] brn
|upkeep
|turn|27
|
|t:|1708711507
|switch|p2a: Volcarona|Volcarona, M|100/100
|move|p1a: Virizion|Calm Mind|p1a: Virizion
|-boost|p1a: Virizion|spa|1
|-boost|p1a: Virizion|spd|1
|
|-weather|RainDance|[upkeep]
|-damage|p1a: Virizion|80/100 tox|[from] psn
|upkeep
|turn|28
|
|t:|1708711516
|move|p1a: Virizion|Focus Blast|p2a: Volcarona
|-resisted|p2a: Volcarona
|-damage|p2a: Volcarona|44/100
|move|p2a: Volcarona|Quiver Dance|p2a: Volcarona
|-boost|p2a: Volcarona|spa|1
|-boost|p2a: Volcarona|spd|1
|-boost|p2a: Volcarona|spe|1
|
|-weather|RainDance|[upkeep]
|-heal|p2a: Volcarona|50/100|[from] item: Leftovers
|-damage|p1a: Virizion|62/100 tox|[from] psn
|upkeep
|turn|29
|
|t:|1708711529
|move|p2a: Volcarona|Roost|p2a: Volcarona
|-heal|p2a: Volcarona|99/100
|-singleturn|p2a: Volcarona|move: Roost
|move|p1a: Virizion|Focus Blast|p2a: Volcarona|[miss]
|-miss|p1a: Virizion|p2a: Volcarona
|
|-weather|RainDance|[upkeep]
|-heal|p2a: Volcarona|100/100|[from] item: Leftovers
|-damage|p1a: Virizion|37/100 tox|[from] psn
|upkeep
|-enditem|p1a: Virizion|Sitrus Berry|[eat]
|-heal|p1a: Virizion|62/100 tox|[from] item: Sitrus Berry
|turn|30
|-message|repinho2711 forfeited.
|
|win|Croaset
|raw|repinho2711's rating: 1379 &rarr; <strong>1361</strong><br />(-18 for losing)
|raw|Croaset's rating: 1419 &rarr; <strong>1437</strong><br />(+18 for winning)
|l|☆repinho2711
|player|p1|
