|j|☆Saphirritter
|j|☆crit me dad
|player|p1|Saphirritter|269|1373
|player|p2|crit me dad|101|1284
|teamsize|p1|6
|teamsize|p2|6
|gametype|singles
|gen|5
|tier|[Gen 5] OU
|rated|
|clearpoke
|poke|p1|Volcarona, F|item
|poke|p1|Politoed, F|item
|poke|p1|Keldeo-Resolute|item
|poke|p1|Starmie|item
|poke|p1|Ferrothorn, F|item
|poke|p1|Latios, M|item
|poke|p2|Haxorus, F|item
|poke|p2|Kyurem-Black|item
|poke|p2|Latios, M|item
|poke|p2|Garchomp, M|item
|poke|p2|Salamence, F|item
|poke|p2|Magnezone|item
|rule|Species Clause: Limit one of each Pokémon
|rule|OHKO Clause: OHKO moves are banned
|rule|Moody Clause: Moody is banned
|rule|Evasion Moves Clause: Evasion moves are banned
|rule|Endless Battle Clause: Forcing endless battles is banned
|rule|HP Percentage Mod: HP is shown in percentages
|rule|Evasion Abilities Clause: Evasion abilities are banned
|rule|Baton Pass Clause: Limit one Baton Passer, can't pass Spe and other stats simultaneously
|rule|Sleep Clause: Sleep-inducing moves are banned
|rule|Swagger Clause: Swagger is banned
|teampreview
|inactive|Battle timer is ON: inactive players will automatically lose when time's up. (requested by Saphirritter)
|
|start
|switch|p1a: Ferrothorn|Ferrothorn, F|100/100
|switch|p2a: Kyurem|Kyurem-Black|100/100
|-ability|p2a: Kyurem|Teravolt
|turn|1
|
|switch|p2a: Magnezone|Magnezone|100/100
|move|p1a: Ferrothorn|Stealth Rock|p2a: Magnezone
|-sidestart|p2: crit me dad|move: Stealth Rock
|
|upkeep
|turn|2
|inactive|crit me dad has 120 seconds left.
|
|move|p2a: Magnezone|Hidden Power|p1a: Ferrothorn
|-supereffective|p1a: Ferrothorn
|-damage|p1a: Ferrothorn|36/100
|move|p1a: Ferrothorn|Leech Seed|p2a: Magnezone
|-start|p2a: Magnezone|move: Leech Seed
|
|-heal|p1a: Ferrothorn|42/100|[from] item: Leftovers
|-damage|p2a: Magnezone|88/100|[from] Leech Seed|[of] p1a: Ferrothorn
|-heal|p1a: Ferrothorn|52/100|[silent]
|upkeep
|turn|3
|
|move|p1a: Ferrothorn|Protect|p1a: Ferrothorn
|-singleturn|p1a: Ferrothorn|Protect
|move|p2a: Magnezone|Hidden Power|p1a: Ferrothorn
|-activate|p1a: Ferrothorn|move: Protect
|
|-heal|p1a: Ferrothorn|58/100|[from] item: Leftovers
|-damage|p2a: Magnezone|76/100|[from] Leech Seed|[of] p1a: Ferrothorn
|-heal|p1a: Ferrothorn|69/100|[silent]
|upkeep
|turn|4
|
|move|p2a: Magnezone|Hidden Power|p1a: Ferrothorn
|-supereffective|p1a: Ferrothorn
|-damage|p1a: Ferrothorn|4/100
|move|p1a: Ferrothorn|Gyro Ball|p2a: Magnezone
|-resisted|p2a: Magnezone
|-damage|p2a: Magnezone|65/100
|
|-heal|p1a: Ferrothorn|10/100|[from] item: Leftovers
|-damage|p2a: Magnezone|53/100|[from] Leech Seed|[of] p1a: Ferrothorn
|-heal|p1a: Ferrothorn|20/100|[silent]
|upkeep
|turn|5
|inactive|crit me dad has 120 seconds left.
|
|move|p1a: Ferrothorn|Protect|p1a: Ferrothorn
|-singleturn|p1a: Ferrothorn|Protect
|move|p2a: Magnezone|Sunny Day|p2a: Magnezone
|-weather|SunnyDay
|
|-weather|SunnyDay|[upkeep]
|-heal|p1a: Ferrothorn|27/100|[from] item: Leftovers
|-damage|p2a: Magnezone|40/100|[from] Leech Seed|[of] p1a: Ferrothorn
|-heal|p1a: Ferrothorn|37/100|[silent]
|upkeep
|turn|6
|
|move|p2a: Magnezone|Hidden Power|p1a: Ferrothorn
|-supereffective|p1a: Ferrothorn
|-damage|p1a: Ferrothorn|0 fnt
|faint|p1a: Ferrothorn
|
|-weather|SunnyDay|[upkeep]
|upkeep
|
|switch|p1a: Volcarona|Volcarona, F|100/100
|turn|7
|inactive|crit me dad has 120 seconds left.
|
|move|p1a: Volcarona|Quiver Dance|p1a: Volcarona
|-boost|p1a: Volcarona|spa|1
|-boost|p1a: Volcarona|spd|1
|-boost|p1a: Volcarona|spe|1
|move|p2a: Magnezone|Thunderbolt|p1a: Volcarona
|-damage|p1a: Volcarona|63/100
|-status|p1a: Volcarona|par
|
|-weather|SunnyDay|[upkeep]
|-heal|p1a: Volcarona|69/100 par|[from] item: Leftovers
|-damage|p2a: Magnezone|28/100|[from] Leech Seed|[of] p1a: Volcarona
|-heal|p1a: Volcarona|80/100 par|[silent]
|upkeep
|turn|8
|c|☆Saphirritter|lol
|
|move|p2a: Magnezone|Thunderbolt|p1a: Volcarona
|-damage|p1a: Volcarona|44/100 par
|move|p1a: Volcarona|Bug Buzz|p2a: Magnezone
|-resisted|p2a: Magnezone
|-damage|p2a: Magnezone|0 fnt
|faint|p2a: Magnezone
|
|-weather|SunnyDay|[upkeep]
|-heal|p1a: Volcarona|50/100 par|[from] item: Leftovers
|upkeep
|inactive|crit me dad has 120 seconds left.
|
|switch|p2a: Latios|Latios, M|100/100
|-damage|p2a: Latios|88/100|[from] Stealth Rock
|turn|9
|
|move|p2a: Latios|Psyshock|p1a: Volcarona
|-damage|p1a: Volcarona|0 fnt
|faint|p1a: Volcarona
|
|-weather|none
|upkeep
|
|switch|p1a: Politoed|Politoed, F|100/100
|-weather|RainDance|[from] ability: Drizzle|[of] p1a: Politoed
|turn|10
|
|switch|p2a: Haxorus|Haxorus, F|100/100
|-damage|p2a: Haxorus|88/100|[from] Stealth Rock
|-ability|p2a: Haxorus|Mold Breaker
|switch|p1a: Starmie|Starmie|100/100
|
|-weather|RainDance|[upkeep]
|upkeep
|turn|11
|
|move|p1a: Starmie|Scald|p2a: Haxorus
|-resisted|p2a: Haxorus
|-damage|p2a: Haxorus|54/100
|move|p2a: Haxorus|Outrage|p1a: Starmie
|-damage|p1a: Starmie|0 fnt
|faint|p1a: Starmie
|
|-weather|RainDance|[upkeep]
|upkeep
|
|switch|p1a: Latios|Latios, M|100/100
|turn|12
|
|move|p1a: Latios|Ice Beam|p2a: Haxorus
|-supereffective|p2a: Haxorus
|-damage|p2a: Haxorus|0 fnt
|faint|p2a: Haxorus
|
|-weather|RainDance|[upkeep]
|upkeep
|
|switch|p2a: Latios|Latios, M|88/100
|-damage|p2a: Latios|76/100|[from] Stealth Rock
|turn|13
|
|move|p1a: Latios|Ice Beam|p2a: Latios
|-supereffective|p2a: Latios
|-damage|p2a: Latios|6/100
|move|p2a: Latios|Dragon Pulse|p1a: Latios
|-supereffective|p1a: Latios
|-damage|p1a: Latios|5/100
|
|-weather|RainDance|[upkeep]
|upkeep
|turn|14
|
|move|p2a: Latios|Dragon Pulse|p1a: Latios
|-supereffective|p1a: Latios
|-damage|p1a: Latios|0 fnt
|faint|p1a: Latios
|
|-weather|RainDance|[upkeep]
|upkeep
|
|switch|p1a: Politoed|Politoed, F|100/100
|turn|15
|
|move|p2a: Latios|Dragon Pulse|p1a: Politoed
|-crit|p1a: Politoed
|-damage|p1a: Politoed|15/100
|move|p1a: Politoed|Scald|p2a: Latios
|-resisted|p2a: Latios
|-damage|p2a: Latios|0 fnt
|faint|p2a: Latios
|
|-weather|RainDance|[upkeep]
|-heal|p1a: Politoed|22/100|[from] item: Leftovers
|upkeep
|
|switch|p2a: Salamence|Salamence, F|100/100
|-damage|p2a: Salamence|76/100|[from] Stealth Rock
|turn|16
|
|move|p2a: Salamence|Outrage|p1a: Politoed
|-damage|p1a: Politoed|0 fnt
|faint|p1a: Politoed
|-ability|p2a: Salamence|Moxie|boost
|-boost|p2a: Salamence|atk|1
|
|-weather|RainDance|[upkeep]
|upkeep
|
|switch|p1a: Keldeo|Keldeo-Resolute|100/100
|turn|17
|
|move|p2a: Salamence|Outrage|p1a: Keldeo|[from]lockedmove
|-damage|p1a: Keldeo|0 fnt
|-start|p2a: Salamence|confusion|[fatigue]
|faint|p1a: Keldeo
|-ability|p2a: Salamence|Moxie|boost
|-boost|p2a: Salamence|atk|1
|
|win|crit me dad
|l|☆Saphirritter
|raw|Saphirritter's rating: 1374 &rarr; <strong>1349</strong><br />(-25 for losing)
|raw|crit me dad's rating: 1284 &rarr; <strong>1316</strong><br />(+32 for winning)
