|j|☆assndix
|j|☆porrompompom
|player|p1|assndix|1
|player|p2|porrompompom|10
|teamsize|p1|6
|teamsize|p2|6
|gametype|singles
|gen|5
|tier|[Gen 5] OU
|rated|
|rule|Sleep Clause Mod: Limit one foe put to sleep
|rule|Species Clause: Limit one of each Pokémon
|rule|OHKO Clause: OHKO moves are banned
|rule|Moody Clause: Moody is banned
|rule|Evasion Moves Clause: Evasion moves are banned
|rule|Endless Battle Clause: Forcing endless battles is banned
|rule|HP Percentage Mod: HP is shown in percentages
|rule|Evasion Abilities Clause: Evasion abilities are banned
|rule|Baton Pass Clause: Limit one Baton Passer, can't pass Spe and other stats simultaneously
|rule|Swagger Clause: Swagger is banned
|clearpoke
|poke|p1|Hippowdon, F|item
|poke|p1|Jirachi|item
|poke|p1|Gliscor, F|item
|poke|p1|Ferrothorn, M|item
|poke|p1|Slowking, F|item
|poke|p1|Terrakion|item
|poke|p2|Cloyster, F|item
|poke|p2|Azelf|item
|poke|p2|Landorus-Therian, M|item
|poke|p2|Breloom, M|item
|poke|p2|Salamence, M|item
|poke|p2|Espeon, F|item
|teampreview
|inactive|Battle timer is ON: inactive players will automatically lose when time's up. (requested by porrompompom)
|inactive|assndix has 120 seconds left.
|inactive|assndix has 90 seconds left.
|inactive|assndix has 60 seconds left.
|inactive|assndix has 30 seconds left.
|inactive|assndix has 20 seconds left.
|inactive|assndix has 15 seconds left.
|inactiveoff|Battle timer is now OFF.
|
|start
|switch|p1a: YOUNG BLOOD|Jirachi|100/100
|switch|p2a: Azelf|Azelf|100/100
|turn|1
|inactive|Battle timer is ON: inactive players will automatically lose when time's up. (requested by porrompompom)
|c|☆assndix|thx man
|inactive|assndix has 90 seconds left.
|
|move|p2a: Azelf|Stealth Rock|p1a: YOUNG BLOOD
|-sidestart|p1: assndix|move: Stealth Rock
|move|p1a: YOUNG BLOOD|Icy Wind|p2a: Azelf
|-damage|p2a: Azelf|73/100
|-unboost|p2a: Azelf|spe|1
|
|upkeep
|turn|2
|inactive|assndix has 90 seconds left.
|
|switch|p2a: Espeon|Espeon, F|100/100
|move|p1a: YOUNG BLOOD|Hidden Power|p2a: Espeon
|-damage|p2a: Espeon|76/100
|
|upkeep
|turn|3
|
|move|p2a: Espeon|Light Screen|p2a: Espeon
|-sidestart|p2: porrompompom|move: Light Screen
|move|p1a: YOUNG BLOOD|Icy Wind|p2a: Espeon
|-damage|p2a: Espeon|68/100
|-unboost|p2a: Espeon|spe|1
|
|upkeep
|turn|4
|
|switch|p1a: FORTUNE DAYS|Slowking, F|100/100
|-damage|p1a: FORTUNE DAYS|88/100|[from] Stealth Rock
|switch|p2a: Azelf|Azelf|73/100
|
|-heal|p1a: FORTUNE DAYS|94/100|[from] item: Leftovers
|upkeep
|turn|5
|
|move|p2a: Azelf|Light Screen||[still]
|-fail|p2a: Azelf
|move|p1a: FORTUNE DAYS|Slack Off|p1a: FORTUNE DAYS
|-heal|p1a: FORTUNE DAYS|100/100
|
|upkeep
|turn|6
|
|move|p2a: Azelf|Reflect|p2a: Azelf
|-sidestart|p2: porrompompom|Reflect
|move|p1a: FORTUNE DAYS|Scald|p2a: Azelf
|-damage|p2a: Azelf|51/100
|
|upkeep
|turn|7
|
|switch|p2a: Breloom|Breloom, M|100/100
|move|p1a: FORTUNE DAYS|Slack Off||[still]
|-fail|p1a: FORTUNE DAYS
|
|upkeep
|turn|8
|
|move|p2a: Breloom|Swords Dance|p2a: Breloom
|-boost|p2a: Breloom|atk|2
|move|p1a: FORTUNE DAYS|Dragon Tail|p2a: Breloom|[miss]
|-miss|p1a: FORTUNE DAYS|p2a: Breloom
|
|upkeep
|turn|9
|
|switch|p1a: HEADS WILL ROLL|Hippowdon, F|100/100
|-damage|p1a: HEADS WILL ROLL|94/100|[from] Stealth Rock
|-weather|Sandstorm|[from] ability: Sand Stream|[of] p1a: HEADS WILL ROLL
|move|p2a: Breloom|Bullet Seed|p1a: HEADS WILL ROLL
|-supereffective|p1a: HEADS WILL ROLL
|-damage|p1a: HEADS WILL ROLL|49/100
|-supereffective|p1a: HEADS WILL ROLL
|-damage|p1a: HEADS WILL ROLL|6/100
|-hitcount|p1a: HEADS WILL ROLL|2
|
|-weather|Sandstorm|[upkeep]
|-damage|p2a: Breloom|94/100|[from] Sandstorm
|-heal|p1a: HEADS WILL ROLL|12/100|[from] item: Leftovers
|upkeep
|turn|10
|
|move|p2a: Breloom|Bullet Seed|p1a: HEADS WILL ROLL
|-supereffective|p1a: HEADS WILL ROLL
|-damage|p1a: HEADS WILL ROLL|0 fnt
|-hitcount|p1a: HEADS WILL ROLL|1
|faint|p1a: HEADS WILL ROLL
|
|-weather|Sandstorm|[upkeep]
|-damage|p2a: Breloom|88/100|[from] Sandstorm
|-sideend|p2: porrompompom|move: Light Screen
|upkeep
|
|switch|p1a: YOUNG BLOOD|Jirachi|100/100
|-damage|p1a: YOUNG BLOOD|94/100|[from] Stealth Rock
|turn|11
|
|move|p2a: Breloom|Mach Punch|p1a: YOUNG BLOOD
|-enditem|p2a: Breloom|Fighting Gem|[from] gem|[move] Mach Punch
|-damage|p1a: YOUNG BLOOD|0 fnt
|faint|p1a: YOUNG BLOOD
|
|-weather|Sandstorm|[upkeep]
|-damage|p2a: Breloom|82/100|[from] Sandstorm
|upkeep
|c|☆assndix|g
|-message|assndix forfeited.
|
|win|porrompompom
|l|☆assndix
|raw|assndix's rating: 1553 &rarr; <strong>1530</strong><br />(-23 for losing)
|raw|porrompompom's rating: 1514 &rarr; <strong>1536</strong><br />(+22 for winning)
