|j|☆BWRUnnervingGang2
|j|☆LeafStoned
|t:|1719678970
|gametype|singles
|player|p1|BWRUnnervingGang2|silver|1304
|player|p2|LeafStoned|101|1416
|teamsize|p1|6
|teamsize|p2|6
|gen|5
|tier|[Gen 5] OU
|rated|
|rule|Species Clause: Limit one of each Pokémon
|rule|OHKO Clause: OHKO moves are banned
|rule|Moody Clause: Moody is banned
|rule|Evasion Items Clause: Evasion items are banned
|rule|Evasion Moves Clause: Evasion moves are banned
|rule|Endless Battle Clause: Forcing endless battles is banned
|rule|HP Percentage Mod: HP is shown in percentages
|rule|Evasion Abilities Clause: Evasion abilities are banned
|rule|Sleep Moves Clause: Sleep-inducing moves are banned
|rule|Swagger Clause: Swagger is banned
|rule|Baton Pass Stat Clause: No Baton Passer may have a way to boost its stats
|clearpoke
|poke|p1|Reuniclus, M|item
|poke|p1|Gastrodon-East, F|item
|poke|p1|Gliscor, F|item
|poke|p1|Skarmory, F|item
|poke|p1|Tyranitar, F|item
|poke|p1|Alakazam, M|item
|poke|p2|Dragonite, M|item
|poke|p2|Kyurem-Black|item
|poke|p2|Latios, M|item
|poke|p2|Garchomp, M|item
|poke|p2|Magnezone|item
|poke|p2|Jirachi|item
|teampreview
|inactive|Battle timer is ON: inactive players will automatically lose when time's up. (requested by LeafStoned)
|
|t:|1719679004
|start
|switch|p1a: Tyranitar|Tyranitar, F, shiny|100/100
|switch|p2a: Jirachi|Jirachi|100/100
|-weather|Sandstorm|[from] ability: Sand Stream|[of] p1a: Tyranitar
|turn|1
|
|t:|1719679017
|switch|p1a: Gliscor|Gliscor, F|100/100
|move|p2a: Jirachi|Magic Coat|p2a: Jirachi
|-singleturn|p2a: Jirachi|move: Magic Coat
|
|-weather|Sandstorm|[upkeep]
|-status|p1a: Gliscor|tox|[from] item: Toxic Orb
|upkeep
|turn|2
|
|t:|1719679021
|move|p2a: Jirachi|Icy Wind|p1a: Gliscor
|-supereffective|p1a: Gliscor
|-damage|p1a: Gliscor|57/100 tox
|-unboost|p1a: Gliscor|spe|1
|move|p1a: Gliscor|Knock Off|p2a: Jirachi
|-crit|p2a: Jirachi
|-damage|p2a: Jirachi|94/100
|-enditem|p2a: Jirachi|Shuca Berry|[from] move: Knock Off|[of] p1a: Gliscor
|
|-weather|Sandstorm|[upkeep]
|-heal|p1a: Gliscor|70/100 tox|[from] ability: Poison Heal
|upkeep
|turn|3
|
|t:|1719679033
|switch|p1a: Reuniclus|Reuniclus, M|100/100
|move|p2a: Jirachi|Icy Wind|p1a: Reuniclus
|-damage|p1a: Reuniclus|88/100
|-unboost|p1a: Reuniclus|spe|1
|
|-weather|Sandstorm|[upkeep]
|-heal|p1a: Reuniclus|94/100|[from] item: Leftovers
|upkeep
|turn|4
|
|t:|1719679041
|move|p2a: Jirachi|Stealth Rock|p1a: Reuniclus
|-sidestart|p1: BWRUnnervingGang2|move: Stealth Rock
|move|p1a: Reuniclus|Calm Mind|p1a: Reuniclus
|-boost|p1a: Reuniclus|spa|1
|-boost|p1a: Reuniclus|spd|1
|
|-weather|Sandstorm|[upkeep]
|-heal|p1a: Reuniclus|99/100|[from] item: Leftovers
|upkeep
|turn|5
|
|t:|1719679045
|move|p2a: Jirachi|U-turn|p1a: Reuniclus
|-supereffective|p1a: Reuniclus
|-damage|p1a: Reuniclus|82/100
|
|t:|1719679047
|switch|p2a: Latios|Latios, M|100/100|[from] U-turn
|move|p1a: Reuniclus|Calm Mind|p1a: Reuniclus
|-boost|p1a: Reuniclus|spa|1
|-boost|p1a: Reuniclus|spd|1
|
|-weather|Sandstorm|[upkeep]
|-damage|p2a: Latios|95/100|[from] Sandstorm
|-heal|p1a: Reuniclus|88/100|[from] item: Leftovers
|upkeep
|turn|6
|
|t:|1719679052
|move|p2a: Latios|Trick|p1a: Reuniclus
|-activate|p2a: Latios|move: Trick|[of] p1a: Reuniclus
|-item|p1a: Reuniclus|Choice Scarf|[from] move: Trick
|-item|p2a: Latios|Leftovers|[from] move: Trick
|move|p1a: Reuniclus|Psyshock|p2a: Latios
|-resisted|p2a: Latios
|-damage|p2a: Latios|50/100
|
|-weather|Sandstorm|[upkeep]
|-damage|p2a: Latios|44/100|[from] Sandstorm
|-heal|p2a: Latios|50/100|[from] item: Leftovers
|upkeep
|turn|7
|
|t:|1719679058
|switch|p2a: Jirachi|Jirachi|94/100
|move|p1a: Reuniclus|Psyshock|p2a: Jirachi
|-resisted|p2a: Jirachi
|-crit|p2a: Jirachi
|-damage|p2a: Jirachi|67/100
|
|-weather|Sandstorm|[upkeep]
|upkeep
|turn|8
|
|t:|1719679074
|move|p2a: Jirachi|U-turn|p1a: Reuniclus
|-supereffective|p1a: Reuniclus
|-damage|p1a: Reuniclus|69/100
|
|t:|1719679085
|switch|p2a: Dragonite|Dragonite, M|100/100|[from] U-turn
|move|p1a: Reuniclus|Psyshock|p2a: Dragonite
|-crit|p2a: Dragonite
|-damage|p2a: Dragonite|30/100
|
|-weather|Sandstorm|[upkeep]
|-damage|p2a: Dragonite|23/100|[from] Sandstorm
|upkeep
|turn|9
|
|t:|1719679093
|move|p2a: Dragonite|Outrage|p1a: Reuniclus
|-crit|p1a: Reuniclus
|-damage|p1a: Reuniclus|0 fnt
|faint|p1a: Reuniclus
|
|-weather|Sandstorm|[upkeep]
|-damage|p2a: Dragonite|17/100|[from] Sandstorm
|upkeep
|
|t:|1719679097
|switch|p1a: Skarmory|Skarmory, F, shiny|100/100
|-damage|p1a: Skarmory|88/100|[from] Stealth Rock
|turn|10
|
|t:|1719679101
|move|p2a: Dragonite|Outrage|p1a: Skarmory|[from]lockedmove
|-resisted|p1a: Skarmory
|-damage|p1a: Skarmory|63/100
|-start|p2a: Dragonite|confusion|[fatigue]
|-enditem|p2a: Dragonite|Lum Berry|[eat]
|-end|p2a: Dragonite|confusion
|move|p1a: Skarmory|Spikes|p2a: Dragonite
|-sidestart|p2: LeafStoned|Spikes
|
|-weather|Sandstorm|[upkeep]
|-damage|p2a: Dragonite|11/100|[from] Sandstorm
|-heal|p1a: Skarmory|69/100|[from] item: Leftovers
|upkeep
|turn|11
|
|t:|1719679109
|move|p2a: Dragonite|Fire Punch|p1a: Skarmory
|-supereffective|p1a: Skarmory
|-damage|p1a: Skarmory|29/100
|move|p1a: Skarmory|Whirlwind|p2a: Dragonite
|drag|p2a: Kyurem|Kyurem-Black|100/100
|-damage|p2a: Kyurem|88/100|[from] Spikes
|-ability|p2a: Kyurem|Teravolt
|
|-weather|Sandstorm|[upkeep]
|-damage|p2a: Kyurem|82/100|[from] Sandstorm
|-heal|p1a: Skarmory|35/100|[from] item: Leftovers
|upkeep
|turn|12
|
|t:|1719679115
|move|p2a: Kyurem|Outrage|p1a: Skarmory
|-resisted|p1a: Skarmory
|-damage|p1a: Skarmory|0 fnt
|faint|p1a: Skarmory
|
|-weather|Sandstorm|[upkeep]
|-damage|p2a: Kyurem|76/100|[from] Sandstorm
|upkeep
|
|t:|1719679125
|switch|p1a: Alakazam|Alakazam, M|100/100
|turn|13
|
|t:|1719679129
|move|p1a: Alakazam|Focus Blast|p2a: Kyurem
|-supereffective|p2a: Kyurem
|-damage|p2a: Kyurem|0 fnt
|faint|p2a: Kyurem
|
|-weather|Sandstorm|[upkeep]
|upkeep
|
|t:|1719679133
|switch|p2a: Garchomp|Garchomp, M|100/100
|-damage|p2a: Garchomp|88/100|[from] Spikes
|turn|14
|
|t:|1719679139
|move|p2a: Garchomp|Dual Chop|p1a: Alakazam
|-damage|p1a: Alakazam|38/100
|-crit|p1a: Alakazam
|-damage|p1a: Alakazam|0 fnt
|faint|p1a: Alakazam
|-hitcount|p1: Alakazam|2
|
|-weather|Sandstorm|[upkeep]
|upkeep
|
|t:|1719679144
|switch|p1a: Gastrodon|Gastrodon-East, F, shiny|100/100
|-damage|p1a: Gastrodon|94/100|[from] Stealth Rock
|turn|15
|
|t:|1719679160
|switch|p2a: Jirachi|Jirachi|67/100
|-damage|p2a: Jirachi|54/100|[from] Spikes
|move|p1a: Gastrodon|Scald|p2a: Jirachi
|-damage|p2a: Jirachi|36/100
|
|-weather|Sandstorm|[upkeep]
|-heal|p1a: Gastrodon|100/100|[from] item: Leftovers
|upkeep
|turn|16
|
|t:|1719679169
|move|p2a: Jirachi|U-turn|p1a: Gastrodon
|-damage|p1a: Gastrodon|89/100
|
|t:|1719679172
|switch|p2a: Magnezone|Magnezone|100/100|[from] U-turn
|-item|p2a: Magnezone|Air Balloon
|move|p1a: Gastrodon|Scald|p2a: Magnezone
|-damage|p2a: Magnezone|66/100
|-status|p2a: Magnezone|brn
|-enditem|p2a: Magnezone|Air Balloon
|
|-weather|Sandstorm|[upkeep]
|-heal|p1a: Gastrodon|96/100|[from] item: Leftovers
|-damage|p2a: Magnezone|54/100 brn|[from] brn
|upkeep
|turn|17
|
|t:|1719679178
|switch|p1a: Gliscor|Gliscor, F|70/100 tox
|-damage|p1a: Gliscor|57/100 tox|[from] Stealth Rock
|move|p2a: Magnezone|Sunny Day|p2a: Magnezone
|-weather|SunnyDay
|
|-weather|SunnyDay|[upkeep]
|-heal|p1a: Gliscor|70/100 tox|[from] ability: Poison Heal
|-damage|p2a: Magnezone|41/100 brn|[from] brn
|upkeep
|turn|18
|
|t:|1719679186
|move|p2a: Magnezone|Hidden Power|p1a: Gliscor
|-damage|p1a: Gliscor|41/100 tox
|move|p1a: Gliscor|Stealth Rock|p2a: Magnezone
|-sidestart|p2: LeafStoned|move: Stealth Rock
|
|-weather|SunnyDay|[upkeep]
|-heal|p1a: Gliscor|53/100 tox|[from] ability: Poison Heal
|-damage|p2a: Magnezone|29/100 brn|[from] brn
|upkeep
|turn|19
|
|t:|1719679193
|switch|p2a: Dragonite|Dragonite, M|11/100
|-damage|p2a: Dragonite|0 fnt|[from] Stealth Rock
|faint|p2a: Dragonite
|move|p1a: Gliscor|Protect||[still]
|-fail|p1a: Gliscor
|
|-weather|SunnyDay|[upkeep]
|-heal|p1a: Gliscor|66/100 tox|[from] ability: Poison Heal
|upkeep
|
|t:|1719679196
|switch|p2a: Latios|Latios, M|50/100
|-damage|p2a: Latios|37/100|[from] Stealth Rock
|turn|20
|
|t:|1719679201
|move|p2a: Latios|Draco Meteor|p1a: Gliscor
|-damage|p1a: Gliscor|6/100 tox
|-unboost|p2a: Latios|spa|2
|move|p1a: Gliscor|Knock Off|p2a: Latios
|-supereffective|p2a: Latios
|-damage|p2a: Latios|26/100
|-enditem|p2a: Latios|Leftovers|[from] move: Knock Off|[of] p1a: Gliscor
|
|-weather|SunnyDay|[upkeep]
|-heal|p1a: Gliscor|18/100 tox|[from] ability: Poison Heal
|upkeep
|turn|21
|
|t:|1719679213
|switch|p2a: Magnezone|Magnezone|29/100 brn
|-damage|p2a: Magnezone|16/100 brn|[from] Spikes
|-damage|p2a: Magnezone|10/100 brn|[from] Stealth Rock
|move|p1a: Gliscor|Protect||[still]
|-fail|p1a: Gliscor
|
|-weather|none
|-heal|p1a: Gliscor|31/100 tox|[from] ability: Poison Heal
|-damage|p2a: Magnezone|0 fnt|[from] brn
|faint|p2a: Magnezone
|upkeep
|
|t:|1719679216
|switch|p2a: Latios|Latios, M|26/100
|-damage|p2a: Latios|14/100|[from] Stealth Rock
|turn|22
|
|t:|1719679223
|move|p1a: Gliscor|Protect|p1a: Gliscor
|-singleturn|p1a: Gliscor|Protect
|move|p2a: Latios|Draco Meteor|p1a: Gliscor
|-activate|p1a: Gliscor|move: Protect
|
|-heal|p1a: Gliscor|43/100 tox|[from] ability: Poison Heal
|upkeep
|turn|23
|
|t:|1719679231
|move|p2a: Latios|Draco Meteor|p1a: Gliscor
|-damage|p1a: Gliscor|0 fnt
|-unboost|p2a: Latios|spa|2
|faint|p1a: Gliscor
|
|upkeep
|
|t:|1719679234
|switch|p1a: Tyranitar|Tyranitar, F, shiny|100/100
|-damage|p1a: Tyranitar|88/100|[from] Stealth Rock
|-weather|Sandstorm|[from] ability: Sand Stream|[of] p1a: Tyranitar
|turn|24
|
|t:|1719679237
|move|p2a: Latios|Grass Knot|p1a: Tyranitar
|-supereffective|p1a: Tyranitar
|-damage|p1a: Tyranitar|68/100
|move|p1a: Tyranitar|Pursuit|p2a: Latios
|-supereffective|p2a: Latios
|-damage|p2a: Latios|0 fnt
|faint|p2a: Latios
|
|-weather|Sandstorm|[upkeep]
|upkeep
|
|t:|1719679244
|switch|p2a: Garchomp|Garchomp, M|88/100
|-damage|p2a: Garchomp|76/100|[from] Spikes
|-damage|p2a: Garchomp|70/100|[from] Stealth Rock
|turn|25
|
|t:|1719679246
|move|p2a: Garchomp|Earthquake|p1a: Tyranitar
|-supereffective|p1a: Tyranitar
|-damage|p1a: Tyranitar|0 fnt
|faint|p1a: Tyranitar
|
|-weather|Sandstorm|[upkeep]
|upkeep
|
|t:|1719679249
|switch|p1a: Gastrodon|Gastrodon-East, F, shiny|96/100
|-damage|p1a: Gastrodon|89/100|[from] Stealth Rock
|turn|26
|
|t:|1719679260
|switch|p2a: Jirachi|Jirachi|36/100
|-damage|p2a: Jirachi|24/100|[from] Spikes
|-damage|p2a: Jirachi|18/100|[from] Stealth Rock
|move|p1a: Gastrodon|Ice Beam|p2a: Jirachi
|-resisted|p2a: Jirachi
|-damage|p2a: Jirachi|11/100
|
|-weather|Sandstorm|[upkeep]
|-heal|p1a: Gastrodon|96/100|[from] item: Leftovers
|upkeep
|turn|27
|
|t:|1719679268
|move|p2a: Jirachi|Icy Wind|p1a: Gastrodon
|-crit|p1a: Gastrodon
|-damage|p1a: Gastrodon|73/100
|-unboost|p1a: Gastrodon|spe|1
|move|p1a: Gastrodon|Recover|p1a: Gastrodon
|-heal|p1a: Gastrodon|100/100
|
|-weather|Sandstorm|[upkeep]
|upkeep
|turn|28
|
|t:|1719679272
|move|p2a: Jirachi|Icy Wind|p1a: Gastrodon
|-crit|p1a: Gastrodon
|-damage|p1a: Gastrodon|77/100
|-unboost|p1a: Gastrodon|spe|1
|move|p1a: Gastrodon|Scald|p2a: Jirachi
|-damage|p2a: Jirachi|0 fnt
|faint|p2a: Jirachi
|
|-weather|Sandstorm|[upkeep]
|-heal|p1a: Gastrodon|83/100|[from] item: Leftovers
|upkeep
|
|t:|1719679278
|switch|p2a: Garchomp|Garchomp, M|70/100
|-damage|p2a: Garchomp|57/100|[from] Spikes
|-damage|p2a: Garchomp|51/100|[from] Stealth Rock
|turn|29
|
|t:|1719679281
|move|p2a: Garchomp|Outrage|p1a: Gastrodon
|-damage|p1a: Gastrodon|35/100
|move|p1a: Gastrodon|Ice Beam|p2a: Garchomp
|-supereffective|p2a: Garchomp
|-damage|p2a: Garchomp|0 fnt
|faint|p2a: Garchomp
|
|win|BWRUnnervingGang2
|raw|BWRUnnervingGang2's rating: 1304 &rarr; <strong>1330</strong><br />(+26 for winning)
|raw|LeafStoned's rating: 1416 &rarr; <strong>1390</strong><br />(-26 for losing)
|l|☆BWRUnnervingGang2
|player|p1|
