|uhtml|medal-msg|<div class="broadcast-blue">Curious what those medals under the avatar are? PS now has Ladder Seasons! For more information, check out the <a href="https://www.smogon.com/forums/threads/3740067/">thread on Smogon.</a></div>
|uhtml|medal-msg|<div class="broadcast-blue">Curious what those medals under the avatar are? PS now has Ladder Seasons! For more information, check out the <a href="https://www.smogon.com/forums/threads/3740067/">thread on Smogon.</a></div>
|j|☆Darkortex
|j|☆BookofConke
|t:|1713590648
|gametype|singles
|player|p1|Darkortex|hilbert|1400
|player|p2|BookofConke|silver-masters|1453
|teamsize|p1|6
|teamsize|p2|6
|gen|5
|tier|[Gen 5] OU
|rated|
|rule|Species Clause: Limit one of each Pokémon
|rule|OHKO Clause: OHKO moves are banned
|rule|Moody Clause: Moody is banned
|rule|Evasion Items Clause: Evasion items are banned
|rule|Evasion Moves Clause: Evasion moves are banned
|rule|Endless Battle Clause: Forcing endless battles is banned
|rule|HP Percentage Mod: HP is shown in percentages
|rule|Evasion Abilities Clause: Evasion abilities are banned
|rule|Sleep Moves Clause: Sleep-inducing moves are banned
|rule|Swagger Clause: Swagger is banned
|rule|Baton Pass Stat Clause: No Baton Passer may have a way to boost its stats
|clearpoke
|poke|p1|Ninetales, M|item
|poke|p1|Chansey, F|item
|poke|p1|Cresselia, F|item
|poke|p1|Excadrill, M|item
|poke|p1|Xatu, M|item
|poke|p1|Volcarona, M|item
|poke|p2|Kyurem-Black|item
|poke|p2|Latios, M|item
|poke|p2|Garchomp, M|item
|poke|p2|Magnezone|item
|poke|p2|Reuniclus, M|item
|poke|p2|Jirachi|item
|teampreview
|inactive|Battle timer is ON: inactive players will automatically lose when time's up. (requested by Darkortex)
|
|t:|1713590666
|start
|switch|p1a: Ninetales|Ninetales, M|100/100
|switch|p2a: Latios|Latios, M|100/100
|-weather|SunnyDay|[from] ability: Drought|[of] p1a: Ninetales
|turn|1
|
|t:|1713590674
|move|p1a: Ninetales|Protect|p1a: Ninetales
|-singleturn|p1a: Ninetales|Protect
|move|p2a: Latios|Draco Meteor|p1a: Ninetales
|-activate|p1a: Ninetales|move: Protect
|
|-weather|SunnyDay|[upkeep]
|upkeep
|turn|2
|
|t:|1713590685
|switch|p1a: Chansey|Chansey, F|100/100
|move|p2a: Latios|Draco Meteor|p1a: Chansey
|-damage|p1a: Chansey|64/100
|-unboost|p2a: Latios|spa|2
|
|-weather|SunnyDay|[upkeep]
|upkeep
|turn|3
|
|t:|1713590693
|switch|p2a: Kyurem|Kyurem-Black|100/100
|-ability|p2a: Kyurem|Teravolt
|move|p1a: Chansey|Stealth Rock|p2a: Kyurem
|-sidestart|p2: BookofConke|move: Stealth Rock
|
|-weather|SunnyDay|[upkeep]
|upkeep
|turn|4
|
|t:|1713590702
|switch|p1a: Ninetales|Ninetales, M|100/100
|move|p2a: Kyurem|Outrage|p1a: Ninetales
|-damage|p1a: Ninetales|0 fnt
|faint|p1a: Ninetales
|
|-weather|SunnyDay|[upkeep]
|upkeep
|
|t:|1713590707
|switch|p1a: Excadrill|Excadrill, M|100/100
|-ability|p1a: Excadrill|Mold Breaker
|turn|5
|
|t:|1713590712
|move|p2a: Kyurem|Outrage|p1a: Excadrill|[from]lockedmove
|-resisted|p1a: Excadrill
|-damage|p1a: Excadrill|8/100
|move|p1a: Excadrill|Iron Head|p2a: Kyurem
|-supereffective|p2a: Kyurem
|-damage|p2a: Kyurem|34/100
|
|-weather|SunnyDay|[upkeep]
|-heal|p1a: Excadrill|14/100|[from] item: Leftovers
|upkeep
|turn|6
|
|t:|1713590720
|move|p1a: Excadrill|Protect|p1a: Excadrill
|-singleturn|p1a: Excadrill|Protect
|move|p2a: Kyurem|Outrage|p1a: Excadrill|[from]lockedmove
|-activate|p1a: Excadrill|move: Protect
|-start|p2a: Kyurem|confusion|[fatigue]
|
|-weather|SunnyDay|[upkeep]
|-heal|p1a: Excadrill|20/100|[from] item: Leftovers
|upkeep
|turn|7
|
|t:|1713590731
|switch|p1a: Xatu|Xatu, M|100/100
|-activate|p2a: Kyurem|confusion
|move|p2a: Kyurem|Outrage|p1a: Xatu
|-damage|p1a: Xatu|0 fnt
|-damage|p2a: Kyurem|17/100|[from] item: Rocky Helmet|[of] p1a: Xatu
|faint|p1a: Xatu
|
|-weather|SunnyDay|[upkeep]
|upkeep
|
|t:|1713590737
|switch|p1a: Volcarona|Volcarona, M|100/100
|turn|8
|
|t:|1713590741
|move|p1a: Volcarona|Flamethrower|p2a: Kyurem
|-damage|p2a: Kyurem|0 fnt
|faint|p2a: Kyurem
|
|-weather|SunnyDay|[upkeep]
|upkeep
|
|t:|1713590763
|switch|p2a: Garchomp|Garchomp, M|100/100
|-damage|p2a: Garchomp|94/100|[from] Stealth Rock
|turn|9
|inactive|BookofConke has 120 seconds left.
|
|t:|1713590785
|switch|p1a: Cresselia|Cresselia, F|100/100
|move|p2a: Garchomp|Dual Chop|p1a: Cresselia
|-damage|p1a: Cresselia|90/100
|-damage|p1a: Cresselia|79/100
|-hitcount|p1a: Cresselia|2
|
|-weather|SunnyDay|[upkeep]
|-heal|p1a: Cresselia|85/100|[from] item: Leftovers
|upkeep
|turn|10
|
|t:|1713590794
|switch|p2a: Jirachi|Jirachi|100/100
|-damage|p2a: Jirachi|94/100|[from] Stealth Rock
|switch|p1a: Volcarona|Volcarona, M|100/100
|
|-weather|SunnyDay|[upkeep]
|-heal|p2a: Jirachi|100/100|[from] item: Leftovers
|upkeep
|turn|11
|inactive|BookofConke has 120 seconds left.
|
|t:|1713590811
|move|p1a: Volcarona|Quiver Dance|p1a: Volcarona
|-boost|p1a: Volcarona|spa|1
|-boost|p1a: Volcarona|spd|1
|-boost|p1a: Volcarona|spe|1
|move|p2a: Jirachi|U-turn|p1a: Volcarona
|-resisted|p1a: Volcarona
|-damage|p1a: Volcarona|89/100
|inactive|BookofConke has 120 seconds left.
|
|t:|1713590818
|switch|p2a: Garchomp|Garchomp, M|94/100|[from] U-turn
|-damage|p2a: Garchomp|88/100|[from] Stealth Rock
|
|-weather|SunnyDay|[upkeep]
|upkeep
|turn|12
|inactive|BookofConke has 120 seconds left.
|
|t:|1713590829
|switch|p1a: Cresselia|Cresselia, F|85/100
|move|p2a: Garchomp|Outrage|p1a: Cresselia
|-crit|p1a: Cresselia
|-damage|p1a: Cresselia|26/100
|
|-weather|SunnyDay|[upkeep]
|-heal|p1a: Cresselia|32/100|[from] item: Leftovers
|upkeep
|turn|13
|
|t:|1713590836
|move|p2a: Garchomp|Outrage|p1a: Cresselia|[from]lockedmove
|-damage|p1a: Cresselia|2/100
|move|p1a: Cresselia|Ice Beam|p2a: Garchomp
|-supereffective|p2a: Garchomp
|-damage|p2a: Garchomp|14/100
|
|-weather|SunnyDay|[upkeep]
|-heal|p1a: Cresselia|8/100|[from] item: Leftovers
|upkeep
|turn|14
|
|t:|1713590844
|move|p2a: Garchomp|Outrage|p1a: Cresselia|[from]lockedmove
|-damage|p1a: Cresselia|0 fnt
|faint|p1a: Cresselia
|-start|p2a: Garchomp|confusion|[fatigue]
|
|-weather|SunnyDay|[upkeep]
|upkeep
|
|t:|1713590846
|switch|p1a: Chansey|Chansey, F|64/100
|turn|15
|
|t:|1713590869
|switch|p2a: Latios|Latios, M|100/100
|-damage|p2a: Latios|88/100|[from] Stealth Rock
|move|p1a: Chansey|Seismic Toss|p2a: Latios
|-damage|p2a: Latios|55/100
|
|-weather|SunnyDay|[upkeep]
|upkeep
|turn|16
|
|t:|1713590881
|move|p2a: Latios|Trick|p1a: Chansey
|-activate|p2a: Latios|move: Trick|[of] p1a: Chansey
|-item|p1a: Chansey|Choice Specs|[from] move: Trick
|-item|p2a: Latios|Eviolite|[from] move: Trick
|move|p1a: Chansey|Seismic Toss|p2a: Latios
|-damage|p2a: Latios|22/100
|
|-weather|SunnyDay|[upkeep]
|upkeep
|turn|17
|
|t:|1713590890
|move|p2a: Latios|Recover|p2a: Latios
|-heal|p2a: Latios|72/100
|move|p1a: Chansey|Seismic Toss|p2a: Latios
|-damage|p2a: Latios|39/100
|
|-weather|SunnyDay|[upkeep]
|upkeep
|turn|18
|inactive|BookofConke has 120 seconds left.
|
|t:|1713590915
|move|p2a: Latios|Surf|p1a: Chansey
|-crit|p1a: Chansey
|-damage|p1a: Chansey|47/100
|move|p1a: Chansey|Seismic Toss|p2a: Latios
|-damage|p2a: Latios|5/100
|
|-weather|SunnyDay|[upkeep]
|upkeep
|turn|19
|
|t:|1713590923
|switch|p1a: Volcarona|Volcarona, M|89/100
|move|p2a: Latios|Recover|p2a: Latios
|-heal|p2a: Latios|56/100
|
|-weather|SunnyDay|[upkeep]
|upkeep
|turn|20
|inactive|BookofConke has 120 seconds left.
|
|t:|1713590962
|switch|p1a: Excadrill|Excadrill, M|20/100
|-ability|p1a: Excadrill|Mold Breaker
|move|p2a: Latios|Draco Meteor|p1a: Excadrill
|-resisted|p1a: Excadrill
|-damage|p1a: Excadrill|0 fnt
|-unboost|p2a: Latios|spa|2
|faint|p1a: Excadrill
|
|-weather|SunnyDay|[upkeep]
|upkeep
|
|t:|1713590965
|switch|p1a: Volcarona|Volcarona, M|89/100
|turn|21
|
|t:|1713590980
|switch|p2a: Garchomp|Garchomp, M|14/100
|-damage|p2a: Garchomp|8/100|[from] Stealth Rock
|move|p1a: Volcarona|Bug Buzz|p2a: Garchomp
|-damage|p2a: Garchomp|0 fnt
|faint|p2a: Garchomp
|
|-weather|SunnyDay|[upkeep]
|upkeep
|
|t:|1713590994
|switch|p2a: Jirachi|Jirachi|100/100
|-damage|p2a: Jirachi|94/100|[from] Stealth Rock
|turn|22
|
|t:|1713590998
|move|p1a: Volcarona|Quiver Dance|p1a: Volcarona
|-boost|p1a: Volcarona|spa|1
|-boost|p1a: Volcarona|spd|1
|-boost|p1a: Volcarona|spe|1
|move|p2a: Jirachi|Body Slam|p1a: Volcarona
|-damage|p1a: Volcarona|62/100
|-status|p2a: Jirachi|brn|[from] ability: Flame Body|[of] p1a: Volcarona
|
|-weather|SunnyDay|[upkeep]
|-heal|p2a: Jirachi|100/100 brn|[from] item: Leftovers
|-damage|p2a: Jirachi|88/100 brn|[from] brn
|upkeep
|turn|23
|
|t:|1713591009
|move|p1a: Volcarona|Flamethrower|p2a: Jirachi
|-supereffective|p2a: Jirachi
|-damage|p2a: Jirachi|0 fnt
|faint|p2a: Jirachi
|
|-weather|SunnyDay|[upkeep]
|upkeep
|
|t:|1713591017
|switch|p2a: Reuniclus|Reuniclus, M|100/100
|turn|24
|
|t:|1713591036
|move|p1a: Volcarona|Bug Buzz|p2a: Reuniclus
|-supereffective|p2a: Reuniclus
|-damage|p2a: Reuniclus|0 fnt
|faint|p2a: Reuniclus
|
|-weather|SunnyDay|[upkeep]
|upkeep
|inactive|BookofConke has 120 seconds left.
|
|t:|1713591042
|switch|p2a: Magnezone|Magnezone|100/100
|-damage|p2a: Magnezone|94/100|[from] Stealth Rock
|turn|25
|
|t:|1713591047
|move|p1a: Volcarona|Flamethrower|p2a: Magnezone
|-supereffective|p2a: Magnezone
|-damage|p2a: Magnezone|0 fnt
|faint|p2a: Magnezone
|
|-weather|SunnyDay|[upkeep]
|upkeep
|
|t:|1713591052
|switch|p2a: Latios|Latios, M|56/100
|-damage|p2a: Latios|43/100|[from] Stealth Rock
|turn|26
|
|t:|1713591058
|move|p1a: Volcarona|Bug Buzz|p2a: Latios
|-supereffective|p2a: Latios
|-damage|p2a: Latios|0 fnt
|faint|p2a: Latios
|
|win|Darkortex
|raw|Darkortex's rating: 1400 &rarr; <strong>1423</strong><br />(+23 for winning)
|raw|BookofConke's rating: 1453 &rarr; <strong>1430</strong><br />(-23 for losing)
|l|☆Darkortex
|player|p1|
