|j|☆blue in unova
|j|☆ihymyly
|t:|1724434447
|gametype|singles
|player|p1|blue in unova|miku-ground|1466
|player|p2|ihymyly|cheryl|1383
|teamsize|p1|6
|teamsize|p2|6
|gen|5
|tier|[Gen 5] OU
|rated|
|rule|Species Clause: Limit one of each Pokémon
|rule|OHKO Clause: OHKO moves are banned
|rule|Moody Clause: Moody is banned
|rule|Evasion Items Clause: Evasion items are banned
|rule|Evasion Moves Clause: Evasion moves are banned
|rule|Endless Battle Clause: Forcing endless battles is banned
|rule|HP Percentage Mod: HP is shown in percentages
|rule|Evasion Abilities Clause: Evasion abilities are banned
|rule|Sleep Moves Clause: Sleep-inducing moves are banned
|rule|Swagger Clause: Swagger is banned
|rule|Baton Pass Stat Clause: No Baton Passer may have a way to boost its stats
|clearpoke
|poke|p1|Mamoswine, M|item
|poke|p1|Jirachi|item
|poke|p1|Magnezone|item
|poke|p1|Latios, M|item
|poke|p1|Starmie|item
|poke|p1|Dragonite, M|item
|poke|p2|Landorus-Therian, M|item
|poke|p2|Tyranitar, M|item
|poke|p2|Skarmory, M|item
|poke|p2|Latios, M|item
|poke|p2|Alakazam, F|item
|poke|p2|Jellicent, M|item
|teampreview
|inactive|Battle timer is ON: inactive players will automatically lose when time's up. (requested by blue in unova)
|
|t:|1724434472
|start
|switch|p1a: Jirachi|Jirachi|100/100
|switch|p2a: Tyranitar|Tyranitar, M|100/100
|-weather|Sandstorm|[from] ability: Sand Stream|[of] p2a: Tyranitar
|turn|1
|
|t:|1724434476
|move|p1a: Jirachi|Body Slam|p2a: Tyranitar
|-resisted|p2a: Tyranitar
|-damage|p2a: Tyranitar|92/100
|-status|p2a: Tyranitar|par
|move|p2a: Tyranitar|Thunder Wave|p1a: Jirachi
|-status|p1a: Jirachi|par
|
|-weather|Sandstorm|[upkeep]
|upkeep
|turn|2
|
|t:|1724434484
|switch|p2a: Landorus|Landorus-Therian, M|100/100
|-ability|p2a: Landorus|Intimidate|boost
|-unboost|p1a: Jirachi|atk|1
|move|p1a: Jirachi|Stealth Rock|p2a: Landorus
|-sidestart|p2: ihymyly|move: Stealth Rock
|
|-weather|Sandstorm|[upkeep]
|upkeep
|turn|3
|
|t:|1724434486
|move|p2a: Landorus|Stealth Rock|p1a: Jirachi
|-sidestart|p1: blue in unova|move: Stealth Rock
|move|p1a: Jirachi|Icy Wind|p2a: Landorus
|-supereffective|p2a: Landorus
|-damage|p2a: Landorus|38/100
|-unboost|p2a: Landorus|spe|1
|
|-weather|Sandstorm|[upkeep]
|-heal|p2a: Landorus|44/100|[from] item: Leftovers
|upkeep
|turn|4
|
|t:|1724434490
|move|p2a: Landorus|U-turn|p1a: Jirachi
|-damage|p1a: Jirachi|81/100 par
|
|t:|1724434492
|switch|p2a: Jellicent|Jellicent, M|100/100|[from] U-turn
|-damage|p2a: Jellicent|88/100|[from] Stealth Rock
|-item|p2a: Jellicent|Air Balloon
|move|p1a: Jirachi|Body Slam|p2a: Jellicent
|-immune|p2a: Jellicent
|
|-weather|Sandstorm|[upkeep]
|-damage|p2a: Jellicent|82/100|[from] Sandstorm
|-heal|p1a: Jirachi|88/100 par|[from] item: Leftovers
|upkeep
|turn|5
|
|t:|1724434496
|move|p2a: Jellicent|Night Shade|p1a: Jirachi
|-damage|p1a: Jirachi|63/100 par
|cant|p1a: Jirachi|par
|
|-weather|Sandstorm|[upkeep]
|-damage|p2a: Jellicent|76/100|[from] Sandstorm
|-heal|p1a: Jirachi|69/100 par|[from] item: Leftovers
|upkeep
|turn|6
|
|t:|1724434499
|move|p2a: Jellicent|Night Shade|p1a: Jirachi
|-damage|p1a: Jirachi|44/100 par
|move|p1a: Jirachi|U-turn|p2a: Jellicent
|-resisted|p2a: Jellicent
|-damage|p2a: Jellicent|72/100
|-enditem|p2a: Jellicent|Air Balloon
|
|t:|1724434503
|switch|p1a: Starmie|Starmie|100/100|[from] U-turn
|-damage|p1a: Starmie|88/100|[from] Stealth Rock
|
|-weather|Sandstorm|[upkeep]
|-damage|p1a: Starmie|82/100|[from] Sandstorm
|-damage|p2a: Jellicent|66/100|[from] Sandstorm
|upkeep
|turn|7
|
|t:|1724434508
|move|p1a: Starmie|Ice Beam|p2a: Jellicent
|-resisted|p2a: Jellicent
|-damage|p2a: Jellicent|55/100
|move|p2a: Jellicent|Recover|p2a: Jellicent
|-heal|p2a: Jellicent|100/100
|
|-weather|Sandstorm|[upkeep]
|-damage|p1a: Starmie|76/100|[from] Sandstorm
|-damage|p2a: Jellicent|94/100|[from] Sandstorm
|upkeep
|turn|8
|
|t:|1724434516
|switch|p2a: Latios|Latios, M|100/100
|-damage|p2a: Latios|88/100|[from] Stealth Rock
|move|p1a: Starmie|Thunderbolt|p2a: Latios
|-resisted|p2a: Latios
|-damage|p2a: Latios|70/100
|
|-weather|Sandstorm|[upkeep]
|-damage|p2a: Latios|64/100|[from] Sandstorm
|-damage|p1a: Starmie|70/100|[from] Sandstorm
|upkeep
|turn|9
|
|t:|1724434523
|switch|p1a: Jirachi|Jirachi|44/100 par
|-damage|p1a: Jirachi|38/100 par|[from] Stealth Rock
|move|p2a: Latios|Draco Meteor|p1a: Jirachi
|-resisted|p1a: Jirachi
|-damage|p1a: Jirachi|16/100 par
|-unboost|p2a: Latios|spa|2
|
|-weather|Sandstorm|[upkeep]
|-damage|p2a: Latios|58/100|[from] Sandstorm
|-heal|p1a: Jirachi|22/100 par|[from] item: Leftovers
|upkeep
|turn|10
|
|t:|1724434529
|switch|p2a: Skarmory|Skarmory, M|100/100
|-damage|p2a: Skarmory|88/100|[from] Stealth Rock
|move|p1a: Jirachi|U-turn|p2a: Skarmory
|-resisted|p2a: Skarmory
|-damage|p2a: Skarmory|86/100
|
|t:|1724434533
|switch|p1a: Magnezone|Magnezone|100/100|[from] U-turn
|-damage|p1a: Magnezone|94/100|[from] Stealth Rock
|-item|p1a: Magnezone|Air Balloon
|
|-weather|Sandstorm|[upkeep]
|upkeep
|turn|11
|
|t:|1724434538
|switch|p2a: Landorus|Landorus-Therian, M|44/100
|-damage|p2a: Landorus|32/100|[from] Stealth Rock
|-ability|p2a: Landorus|Intimidate|boost
|-unboost|p1a: Magnezone|atk|1
|move|p1a: Magnezone|Sunny Day|p1a: Magnezone
|-weather|SunnyDay
|
|-weather|SunnyDay|[upkeep]
|-heal|p2a: Landorus|38/100|[from] item: Leftovers
|upkeep
|turn|12
|j| Matt Why
|
|t:|1724434543
|move|p2a: Landorus|U-turn|p1a: Magnezone
|-resisted|p1a: Magnezone
|-damage|p1a: Magnezone|82/100
|-enditem|p1a: Magnezone|Air Balloon
|
|t:|1724434545
|switch|p2a: Tyranitar|Tyranitar, M|92/100 par|[from] U-turn
|-damage|p2a: Tyranitar|80/100 par|[from] Stealth Rock
|-weather|Sandstorm|[from] ability: Sand Stream|[of] p2a: Tyranitar
|move|p1a: Magnezone|Hidden Power|p2a: Tyranitar
|-resisted|p2a: Tyranitar
|-damage|p2a: Tyranitar|73/100 par
|
|-weather|Sandstorm|[upkeep]
|upkeep
|turn|13
|
|t:|1724434552
|switch|p1a: Jirachi|Jirachi|22/100 par
|-damage|p1a: Jirachi|16/100 par|[from] Stealth Rock
|cant|p2a: Tyranitar|par
|
|-weather|Sandstorm|[upkeep]
|-heal|p1a: Jirachi|22/100 par|[from] item: Leftovers
|upkeep
|turn|14
|
|t:|1724434559
|switch|p2a: Skarmory|Skarmory, M|86/100
|-damage|p2a: Skarmory|73/100|[from] Stealth Rock
|move|p1a: Jirachi|U-turn|p2a: Skarmory
|-resisted|p2a: Skarmory
|-damage|p2a: Skarmory|70/100
|
|t:|1724434563
|switch|p1a: Starmie|Starmie|70/100|[from] U-turn
|-damage|p1a: Starmie|58/100|[from] Stealth Rock
|
|-weather|Sandstorm|[upkeep]
|-damage|p1a: Starmie|51/100|[from] Sandstorm
|upkeep
|turn|15
|
|t:|1724434569
|switch|p2a: Jellicent|Jellicent, M|94/100
|-damage|p2a: Jellicent|82/100|[from] Stealth Rock
|move|p1a: Starmie|Thunderbolt|p2a: Jellicent
|-supereffective|p2a: Jellicent
|-damage|p2a: Jellicent|16/100
|
|-weather|Sandstorm|[upkeep]
|-damage|p1a: Starmie|45/100|[from] Sandstorm
|-damage|p2a: Jellicent|10/100|[from] Sandstorm
|upkeep
|turn|16
|
|t:|1724434580
|move|p1a: Starmie|Ice Beam|p2a: Jellicent
|-resisted|p2a: Jellicent
|-damage|p2a: Jellicent|0 fnt
|faint|p2a: Jellicent
|
|-weather|Sandstorm|[upkeep]
|-damage|p1a: Starmie|39/100|[from] Sandstorm
|upkeep
|
|t:|1724434583
|switch|p2a: Alakazam|Alakazam, F|100/100
|turn|17
|
|t:|1724434591
|switch|p1a: Jirachi|Jirachi|22/100 par
|-damage|p1a: Jirachi|16/100 par|[from] Stealth Rock
|move|p2a: Alakazam|Focus Blast|p1a: Jirachi
|-damage|p1a: Jirachi|0 fnt
|faint|p1a: Jirachi
|
|-weather|Sandstorm|[upkeep]
|upkeep
|
|t:|1724434610
|switch|p1a: Latios|Latios, M|100/100
|-damage|p1a: Latios|88/100|[from] Stealth Rock
|turn|18
|
|t:|1724434615
|switch|p2a: Skarmory|Skarmory, M|70/100
|-damage|p2a: Skarmory|58/100|[from] Stealth Rock
|move|p1a: Latios|Surf|p2a: Skarmory
|-damage|p2a: Skarmory|29/100
|
|-weather|Sandstorm|[upkeep]
|-damage|p1a: Latios|82/100|[from] Sandstorm
|upkeep
|turn|19
|
|t:|1724434618
|move|p1a: Latios|Surf|p2a: Skarmory
|-damage|p2a: Skarmory|0 fnt
|faint|p2a: Skarmory
|
|-weather|Sandstorm|[upkeep]
|-damage|p1a: Latios|76/100|[from] Sandstorm
|upkeep
|
|t:|1724434624
|switch|p2a: Tyranitar|Tyranitar, M|73/100 par
|-damage|p2a: Tyranitar|61/100 par|[from] Stealth Rock
|turn|20
|
|t:|1724434631
|-activate|p1a: Latios|move: Pursuit
|move|p2a: Tyranitar|Pursuit|p1a: Latios|[from]Pursuit
|-supereffective|p1a: Latios
|-damage|p1a: Latios|0 fnt
|faint|p1a: Latios
|-hint|A Pokemon can't switch between when it runs out of HP and when it faints
|
|-weather|Sandstorm|[upkeep]
|upkeep
|
|t:|1724434634
|switch|p1a: Mamoswine|Mamoswine, M|100/100
|-damage|p1a: Mamoswine|88/100|[from] Stealth Rock
|turn|21
|
|t:|1724434638
|move|p1a: Mamoswine|Substitute|p1a: Mamoswine
|-start|p1a: Mamoswine|Substitute
|-damage|p1a: Mamoswine|63/100
|move|p2a: Tyranitar|Crunch|p1a: Mamoswine
|-end|p1a: Mamoswine|Substitute
|
|-weather|Sandstorm|[upkeep]
|upkeep
|turn|22
|
|t:|1724434643
|switch|p2a: Landorus|Landorus-Therian, M|38/100
|-damage|p2a: Landorus|26/100|[from] Stealth Rock
|-ability|p2a: Landorus|Intimidate|boost
|-unboost|p1a: Mamoswine|atk|1
|move|p1a: Mamoswine|Substitute|p1a: Mamoswine
|-start|p1a: Mamoswine|Substitute
|-damage|p1a: Mamoswine|38/100
|
|-weather|Sandstorm|[upkeep]
|-heal|p2a: Landorus|32/100|[from] item: Leftovers
|upkeep
|turn|23
|
|t:|1724434653
|switch|p2a: Tyranitar|Tyranitar, M|61/100 par
|-damage|p2a: Tyranitar|48/100 par|[from] Stealth Rock
|move|p1a: Mamoswine|Ice Shard|p2a: Tyranitar
|-damage|p2a: Tyranitar|32/100 par
|
|-weather|Sandstorm|[upkeep]
|upkeep
|turn|24
|
|t:|1724434655
|move|p1a: Mamoswine|Earthquake|p2a: Tyranitar
|-supereffective|p2a: Tyranitar
|-damage|p2a: Tyranitar|0 fnt
|faint|p2a: Tyranitar
|
|-weather|Sandstorm|[upkeep]
|upkeep
|j| twice ty
|c|☆ihymyly|gg
|-message|ihymyly forfeited.
|
|win|blue in unova
|raw|blue in unova's rating: 1466 &rarr; <strong>1481</strong><br />(+15 for winning)
|raw|ihymyly's rating: 1383 &rarr; <strong>1368</strong><br />(-15 for losing)
|l|☆ihymyly
|player|p2|
|c|☆blue in unova|GF
