|join|PiggK
|join|professorcaralho
|player|p1|PiggK|125
|player|p2|professorcaralho|42
|gametype|singles
|gen|5
|tier|[Gen 5] OU
|rated
|rule|Evasion Abilities Clause: Evasion abilities are banned
|clearpoke
|poke|p1|Cobalion
|poke|p1|Thundurus-Therian, M
|poke|p1|Espeon, M
|poke|p1|Gyarados, M
|poke|p1|Kyurem-Black
|poke|p1|Mamoswine, M
|poke|p2|Politoed, M
|poke|p2|Latios, M
|poke|p2|Rotom-Wash
|poke|p2|Breloom, F
|poke|p2|Jirachi
|poke|p2|Scizor, M
|rule|Sleep Clause Mod: Limit one foe put to sleep
|rule|Species Clause: Limit one of each Pokemon
|rule|OHKO Clause: OHKO moves are banned
|rule|Moody Clause: Moody is banned
|rule|Evasion Moves Clause: Evasion moves are banned
|rule|Endless Battle Clause: Forcing endless battles is banned.
|rule|HP Percentage Mod: HP is reported as percentages
|teampreview
|
|start
|switch|p1a: Espeon|Espeon, M|334/334
|switch|p2a: Minicraque|Jirachi|341/341
|turn|1
|
|move|p2a: Minicraque|Iron Head|p1a: Espeon
|-damage|p1a: Espeon|142/334
|cant|p1a: Espeon|flinch
|
|turn|2
|
|switch|p1a: Gyarados|Gyarados, M|353/353
|-ability|p1a: Gyarados|Intimidate|[of] p2a: Minicraque
|-unboost|p2a: Minicraque|atk|1
|move|p2a: Minicraque|Iron Head|p1a: Gyarados
|-resisted|p1a: Gyarados
|-damage|p1a: Gyarados|302/353
|
|-heal|p1a: Gyarados|324/353|[from] item: Leftovers
|turn|3
|
|switch|p2a: Brastemp|Rotom-Wash|303/303
|move|p1a: Gyarados|Dragon Dance|p1a: Gyarados
|-boost|p1a: Gyarados|atk|1
|-boost|p1a: Gyarados|spe|1
|
|-heal|p1a: Gyarados|346/353|[from] item: Leftovers
|turn|4
|
|switch|p1a: Espeon|Espeon, M|142/334
|move|p2a: Brastemp|Trick|p1a: Espeon
|-activate|p2a: Brastemp|move: Trick|[of] p1a: Espeon
|-item|p1a: Espeon|Choice Scarf|[from] move: Trick
|-item|p2a: Brastemp|Light Clay|[from] move: Trick
|
|turn|5
|
|switch|p2a: Chapolin|Scizor, M|281/281
|move|p1a: Espeon|Light Screen|p1a: Espeon
|-sidestart|p1: PiggK|move: Light Screen
|
|turn|6
|
|move|p2a: Chapolin|Pursuit|p1a: Espeon|[from]Pursuit
|-supereffective|p1a: Espeon
|-damage|p1a: Espeon|0 fnt
|-damage|p2a: Chapolin|253/281|[from] item: Life Orb
|faint|p1a: Espeon
|
|
|switch|p1a: Cobalion|Cobalion|330/330
|turn|7
|
|move|p1a: Cobalion|Stealth Rock|p2a: Chapolin
|-sidestart|p2: professorcaralho|move: Stealth Rock
|move|p2a: Chapolin|Superpower|p1a: Cobalion
|-crit|p1a: Cobalion
|-supereffective|p1a: Cobalion
|-damage|p1a: Cobalion|0 fnt
|-unboost|p2a: Chapolin|atk|1
|-unboost|p2a: Chapolin|def|1
|-damage|p2a: Chapolin|225/281|[from] item: Life Orb
|faint|p1a: Cobalion
|
|
|switch|p1a: Thundurus-Therian|Thundurus-Therian, M|331/331
|turn|8
|
|switch|p2a: Minicraque|Jirachi|341/341
|-damage|p2a: Minicraque|320/341|[from] Stealth Rock
|move|p1a: Thundurus-Therian|Agility|p1a: Thundurus-Therian
|-boost|p1a: Thundurus-Therian|spe|2
|
|turn|9
|
|move|p1a: Thundurus-Therian|Nasty Plot|p1a: Thundurus-Therian
|-boost|p1a: Thundurus-Therian|spa|2
|move|p2a: Minicraque|Body Slam|p1a: Thundurus-Therian
|-damage|p1a: Thundurus-Therian|213/331
|-status|p1a: Thundurus-Therian|par
|
|-heal|p1a: Thundurus-Therian|233/331 par|[from] item: Leftovers
|-sideend|p1: PiggK|move: Light Screen
|turn|10
|
|switch|p2a: SãoPedro|Politoed, M|384/384
|-damage|p2a: SãoPedro|336/384|[from] Stealth Rock
|-weather|RainDance|[from] ability: Drizzle|[of] p2a: SãoPedro
|cant|p1a: Thundurus-Therian|par
|
|-weather|RainDance|[upkeep]
|-heal|p1a: Thundurus-Therian|253/331 par|[from] item: Leftovers
|turn|11
|
|move|p2a: SãoPedro|Ice Beam|p1a: Thundurus-Therian
|-supereffective|p1a: Thundurus-Therian
|-damage|p1a: Thundurus-Therian|7/331 par
|move|p1a: Thundurus-Therian|Thunderbolt|p2a: SãoPedro
|-supereffective|p2a: SãoPedro
|-damage|p2a: SãoPedro|0 fnt
|faint|p2a: SãoPedro
|
|-weather|RainDance|[upkeep]
|-heal|p1a: Thundurus-Therian|27/331 par|[from] item: Leftovers
|
|switch|p2a: Antedeguemon|Latios, M|302/302
|-damage|p2a: Antedeguemon|265/302|[from] Stealth Rock
|turn|12
|
|move|p2a: Antedeguemon|Surf|p1a: Thundurus-Therian
|-damage|p1a: Thundurus-Therian|0 fnt
|faint|p1a: Thundurus-Therian
|
|-weather|RainDance|[upkeep]
|
|switch|p1a: Kyurem-Black|Kyurem-Black|391/391
|-ability|p1a: Kyurem-Black|Teravolt
|turn|13
|
|switch|p2a: Brastemp|Rotom-Wash|303/303
|-damage|p2a: Brastemp|266/303|[from] Stealth Rock
|move|p1a: Kyurem-Black|Ice Beam|p2a: Brastemp
|-resisted|p2a: Brastemp
|-damage|p2a: Brastemp|184/303
|-damage|p1a: Kyurem-Black|352/391|[from] item: Life Orb
|
|-weather|RainDance|[upkeep]
|turn|14
|
|move|p1a: Kyurem-Black|Earth Power|p2a: Brastemp
|-supereffective|p2a: Brastemp
|-damage|p2a: Brastemp|0 fnt
|-damage|p1a: Kyurem-Black|313/391|[from] item: Life Orb
|faint|p2a: Brastemp
|
|-weather|RainDance|[upkeep]
|
|switch|p2a: Antedeguemon|Latios, M|265/302
|-damage|p2a: Antedeguemon|228/302|[from] Stealth Rock
|turn|15
|
|switch|p1a: Gyarados|Gyarados, M|346/353
|-ability|p1a: Gyarados|Intimidate|[of] p2a: Antedeguemon
|-unboost|p2a: Antedeguemon|atk|1
|move|p2a: Antedeguemon|Draco Meteor|p1a: Gyarados
|-damage|p1a: Gyarados|76/353
|-unboost|p2a: Antedeguemon|spa|2
|
|-weather|RainDance|[upkeep]
|-heal|p1a: Gyarados|98/353|[from] item: Leftovers
|turn|16
|
|move|p2a: Antedeguemon|Draco Meteor|p1a: Gyarados
|-crit|p1a: Gyarados
|-damage|p1a: Gyarados|0 fnt
|-unboost|p2a: Antedeguemon|spa|2
|faint|p1a: Gyarados
|
|-weather|RainDance|[upkeep]
|
|switch|p1a: Kyurem-Black|Kyurem-Black|313/391
|-ability|p1a: Kyurem-Black|Teravolt
|turn|17
|
|switch|p2a: RaboGrande|Breloom, F|261/261
|-damage|p2a: RaboGrande|245/261|[from] Stealth Rock
|move|p1a: Kyurem-Black|Ice Beam|p2a: RaboGrande
|-supereffective|p2a: RaboGrande
|-damage|p2a: RaboGrande|0 fnt
|-damage|p1a: Kyurem-Black|274/391|[from] item: Life Orb
|faint|p2a: RaboGrande
|
|-weather|RainDance|[upkeep]
|
|switch|p2a: Minicraque|Jirachi|320/341
|-damage|p2a: Minicraque|299/341|[from] Stealth Rock
|turn|18
|
|move|p2a: Minicraque|Iron Head|p1a: Kyurem-Black
|-supereffective|p1a: Kyurem-Black
|-damage|p1a: Kyurem-Black|34/391
|move|p1a: Kyurem-Black|Earth Power|p2a: Minicraque
|-supereffective|p2a: Minicraque
|-damage|p2a: Minicraque|36/341
|-damage|p1a: Kyurem-Black|0 fnt|[from] item: Life Orb
|faint|p1a: Kyurem-Black
|
|-weather|RainDance|[upkeep]
|
|switch|p1a: Mamoswine|Mamoswine, M|361/361
|turn|19
|
|move|p1a: Mamoswine|Ice Shard|p2a: Minicraque
|-resisted|p2a: Minicraque
|-damage|p2a: Minicraque|0 fnt
|-damage|p1a: Mamoswine|325/361|[from] item: Life Orb
|faint|p2a: Minicraque
|
|-weather|RainDance|[upkeep]
|
|switch|p2a: Antedeguemon|Latios, M|228/302
|-damage|p2a: Antedeguemon|191/302|[from] Stealth Rock
|turn|20
|
|move|p1a: Mamoswine|Ice Shard|p2a: Antedeguemon
|-supereffective|p2a: Antedeguemon
|-damage|p2a: Antedeguemon|0 fnt
|-damage|p1a: Mamoswine|289/361|[from] item: Life Orb
|faint|p2a: Antedeguemon
|
|-weather|RainDance|[upkeep]
|
|switch|p2a: Chapolin|Scizor, M|225/281
|-damage|p2a: Chapolin|190/281|[from] Stealth Rock
|turn|21
|
|move|p2a: Chapolin|Bullet Punch|p1a: Mamoswine
|-supereffective|p1a: Mamoswine
|-damage|p1a: Mamoswine|0 fnt
|-damage|p2a: Chapolin|162/281|[from] item: Life Orb
|faint|p1a: Mamoswine
|
|win|professorcaralho
|raw|Ladder updating...
|raw|PiggK's rating: 1378 &rarr; <strong>1355</strong><br />(-23 for losing)
|raw|professorcaralho's rating: 1316 &rarr; <strong>1340</strong><br />(+24 for winning)