|j|☆weidson
|j|☆Heaxys ♪♫
|player|p1|weidson|266
|player|p2|Heaxys ♪♫|beauty-gen3
|teamsize|p1|6
|teamsize|p2|6
|gametype|singles
|gen|5
|tier|[Gen 5] OU
|rated|
|rule|Sleep Clause Mod: Limit one foe put to sleep
|rule|Species Clause: Limit one of each Pokémon
|rule|OHKO Clause: OHKO moves are banned
|rule|Moody Clause: Moody is banned
|rule|Evasion Moves Clause: Evasion moves are banned
|rule|Endless Battle Clause: Forcing endless battles is banned
|rule|HP Percentage Mod: HP is shown in percentages
|rule|Evasion Abilities Clause: Evasion abilities are banned
|rule|Baton Pass Clause: Limit one Baton Passer, can't pass Spe and other stats simultaneously
|rule|Swagger Clause: Swagger is banned
|clearpoke
|poke|p1|Breloom, F|item
|poke|p1|Alakazam, M|item
|poke|p1|Garchomp, M|item
|poke|p1|Froslass, F|item
|poke|p1|Scizor, F|item
|poke|p1|Keldeo|item
|poke|p2|Thundurus-Therian, M|item
|poke|p2|Breloom, M|item
|poke|p2|Kyurem-Black|item
|poke|p2|Politoed, F|item
|poke|p2|Starmie|item
|poke|p2|Jirachi|item
|teampreview
|
|start
|switch|p1a: Breloom|Breloom, F|100/100
|switch|p2a: Thundurus|Thundurus-Therian, M, shiny|100/100
|turn|1
|
|move|p1a: Breloom|Protect|p1a: Breloom
|-singleturn|p1a: Breloom|Protect
|move|p2a: Thundurus|Hidden Power|p1a: Breloom
|-activate|p1a: Breloom|move: Protect
|
|-status|p1a: Breloom|tox|[from] item: Toxic Orb
|upkeep
|turn|2
|
|switch|p2a: Politoed|Politoed, F|100/100
|-weather|RainDance|[from] ability: Drizzle|[of] p2a: Politoed
|move|p1a: Breloom|Spore|p2a: Politoed
|-status|p2a: Politoed|slp
|
|-weather|RainDance|[upkeep]
|upkeep
|turn|3
|
|switch|p2a: Jirachi|Jirachi|100/100
|move|p1a: Breloom|Bulk Up|p1a: Breloom
|-boost|p1a: Breloom|atk|1
|-boost|p1a: Breloom|def|1
|
|-weather|RainDance|[upkeep]
|upkeep
|turn|4
|
|move|p2a: Jirachi|Iron Head|p1a: Breloom
|-damage|p1a: Breloom|79/100 tox
|cant|p1a: Breloom|flinch
|
|-weather|RainDance|[upkeep]
|-heal|p1a: Breloom|91/100 tox|[from] ability: Poison Heal
|upkeep
|turn|5
|
|move|p2a: Jirachi|Iron Head|p1a: Breloom
|-crit|p1a: Breloom
|-damage|p1a: Breloom|24/100 tox
|move|p1a: Breloom|Bulk Up|p1a: Breloom
|-boost|p1a: Breloom|atk|1
|-boost|p1a: Breloom|def|1
|
|-weather|RainDance|[upkeep]
|-heal|p1a: Breloom|36/100 tox|[from] ability: Poison Heal
|upkeep
|turn|6
|
|switch|p2a: Starmie|Starmie, shiny|100/100
|move|p1a: Breloom|Protect||[still]
|-fail|p1a: Breloom
|
|-weather|RainDance|[upkeep]
|-heal|p1a: Breloom|48/100 tox|[from] ability: Poison Heal
|upkeep
|turn|7
|
|move|p1a: Breloom|Protect|p1a: Breloom
|-singleturn|p1a: Breloom|Protect
|move|p2a: Starmie|Ice Beam|p1a: Breloom
|-activate|p1a: Breloom|move: Protect
|
|-weather|RainDance|[upkeep]
|-heal|p1a: Breloom|61/100 tox|[from] ability: Poison Heal
|upkeep
|turn|8
|
|switch|p1a: Scizor|Scizor, F|100/100
|move|p2a: Starmie|Ice Beam|p1a: Scizor
|-resisted|p1a: Scizor
|-damage|p1a: Scizor|73/100
|-damage|p2a: Starmie|91/100|[from] item: Life Orb
|
|-weather|RainDance|[upkeep]
|upkeep
|turn|9
|
|switch|p2a: Jirachi|Jirachi|100/100
|switch|p1a: Alakazam|Alakazam, M|100/100
|
|-weather|RainDance|[upkeep]
|upkeep
|turn|10
|
|switch|p1a: Garchomp|Garchomp, M|100/100
|move|p2a: Jirachi|Body Slam|p1a: Garchomp
|-damage|p1a: Garchomp|81/100
|-damage|p2a: Jirachi|88/100|[from] ability: Rough Skin|[of] p1a: Garchomp
|-status|p1a: Garchomp|par
|
|-weather|RainDance|[upkeep]
|-heal|p2a: Jirachi|94/100|[from] item: Leftovers
|upkeep
|turn|11
|
|switch|p2a: Politoed|Politoed, F|100/100 slp
|move|p1a: Garchomp|Stealth Rock|p2a: Politoed
|-sidestart|p2: Heaxys ♪♫|move: Stealth Rock
|
|-weather|RainDance|[upkeep]
|upkeep
|turn|12
|
|cant|p2a: Politoed|slp
|cant|p1a: Garchomp|par
|
|-weather|RainDance|[upkeep]
|upkeep
|turn|13
|
|cant|p2a: Politoed|slp
|cant|p1a: Garchomp|par
|
|-weather|RainDance|[upkeep]
|upkeep
|turn|14
|
|cant|p2a: Politoed|slp
|move|p1a: Garchomp|Swords Dance|p1a: Garchomp
|-boost|p1a: Garchomp|atk|2
|
|-weather|RainDance|[upkeep]
|upkeep
|turn|15
|
|-curestatus|p2a: Politoed|slp|[msg]
|move|p2a: Politoed|Ice Beam|p1a: Garchomp
|-supereffective|p1a: Garchomp
|-enditem|p1a: Garchomp|Yache Berry|[eat]
|-enditem|p1a: Garchomp|Yache Berry|[weaken]
|-damage|p1a: Garchomp|23/100 par
|move|p1a: Garchomp|Outrage|p2a: Politoed
|-damage|p2a: Politoed|0 fnt
|faint|p2a: Politoed
|
|-weather|RainDance|[upkeep]
|upkeep
|
|switch|p2a: Starmie|Starmie, shiny|91/100
|-damage|p2a: Starmie|78/100|[from] Stealth Rock
|turn|16
|
|move|p2a: Starmie|Ice Beam|p1a: Garchomp
|-supereffective|p1a: Garchomp
|-damage|p1a: Garchomp|0 fnt
|-damage|p2a: Starmie|68/100|[from] item: Life Orb
|faint|p1a: Garchomp
|
|-weather|RainDance|[upkeep]
|upkeep
|
|switch|p1a: Alakazam|Alakazam, M|100/100
|turn|17
|
|switch|p2a: Jirachi|Jirachi|94/100
|-damage|p2a: Jirachi|88/100|[from] Stealth Rock
|move|p1a: Alakazam|Shadow Ball|p2a: Jirachi
|-damage|p2a: Jirachi|70/100
|
|-weather|RainDance|[upkeep]
|-heal|p2a: Jirachi|76/100|[from] item: Leftovers
|upkeep
|turn|18
|
|switch|p1a: Froslass|Froslass, F|100/100
|move|p2a: Jirachi|Body Slam|p1a: Froslass
|-immune|p1a: Froslass
|
|-weather|RainDance|[upkeep]
|-heal|p2a: Jirachi|82/100|[from] item: Leftovers
|upkeep
|turn|19
|
|move|p1a: Froslass|Spikes|p2a: Jirachi
|-sidestart|p2: Heaxys ♪♫|Spikes
|move|p2a: Jirachi|Wish|p2a: Jirachi
|
|-weather|RainDance|[upkeep]
|-heal|p2a: Jirachi|88/100|[from] item: Leftovers
|upkeep
|turn|20
|
|move|p1a: Froslass|Spikes|p2a: Jirachi
|-sidestart|p2: Heaxys ♪♫|Spikes
|move|p2a: Jirachi|Iron Head|p1a: Froslass
|-supereffective|p1a: Froslass
|-damage|p1a: Froslass|4/100
|
|-weather|RainDance|[upkeep]
|-heal|p2a: Jirachi|100/100|[from] move: Wish|[wisher] Jirachi
|upkeep
|turn|21
|
|move|p1a: Froslass|Destiny Bond|p1a: Froslass
|-singlemove|p1a: Froslass|Destiny Bond
|move|p2a: Jirachi|Stealth Rock|p1a: Froslass
|-sidestart|p1: weidson|move: Stealth Rock
|
|-weather|RainDance|[upkeep]
|upkeep
|turn|22
|
|move|p1a: Froslass|Destiny Bond|p1a: Froslass
|-singlemove|p1a: Froslass|Destiny Bond
|move|p2a: Jirachi|Iron Head|p1a: Froslass
|-supereffective|p1a: Froslass
|-crit|p1a: Froslass
|-damage|p1a: Froslass|0 fnt
|faint|p1a: Froslass
|-activate|p1a: Froslass|move: Destiny Bond
|faint|p2a: Jirachi
|
|-weather|RainDance|[upkeep]
|upkeep
|
|switch|p1a: Alakazam|Alakazam, M|100/100
|switch|p2a: Starmie|Starmie, shiny|68/100
|-damage|p2a: Starmie|56/100|[from] Stealth Rock
|-damage|p2a: Starmie|40/100|[from] Spikes
|turn|23
|
|move|p1a: Alakazam|Shadow Ball|p2a: Starmie
|-supereffective|p2a: Starmie
|-damage|p2a: Starmie|0 fnt
|faint|p2a: Starmie
|
|-weather|RainDance|[upkeep]
|upkeep
|
|switch|p2a: Kyurem|Kyurem-Black|100/100
|-damage|p2a: Kyurem|76/100|[from] Stealth Rock
|-damage|p2a: Kyurem|59/100|[from] Spikes
|-ability|p2a: Kyurem|Teravolt
|turn|24
|
|move|p1a: Alakazam|Psychic|p2a: Kyurem
|-damage|p2a: Kyurem|17/100
|move|p2a: Kyurem|Outrage|p1a: Alakazam
|-enditem|p1a: Alakazam|Focus Sash
|-damage|p1a: Alakazam|1/100
|
|-weather|RainDance|[upkeep]
|upkeep
|turn|25
|
|move|p1a: Alakazam|Psychic|p2a: Kyurem
|-crit|p2a: Kyurem
|-damage|p2a: Kyurem|0 fnt
|faint|p2a: Kyurem
|
|-weather|RainDance|[upkeep]
|upkeep
|
|switch|p2a: Thundurus|Thundurus-Therian, M, shiny|100/100
|-damage|p2a: Thundurus|76/100|[from] Stealth Rock
|turn|26
|
|move|p2a: Thundurus|Thunder|p1a: Alakazam
|-damage|p1a: Alakazam|0 fnt
|faint|p1a: Alakazam
|
|-weather|RainDance|[upkeep]
|upkeep
|
|switch|p1a: Breloom|Breloom, F|61/100 tox
|-damage|p1a: Breloom|55/100 tox|[from] Stealth Rock
|turn|27
|
|move|p1a: Breloom|Protect|p1a: Breloom
|-singleturn|p1a: Breloom|Protect
|move|p2a: Thundurus|Thunder|p1a: Breloom
|-activate|p1a: Breloom|move: Protect
|
|-weather|RainDance|[upkeep]
|-heal|p1a: Breloom|67/100 tox|[from] ability: Poison Heal
|upkeep
|turn|28
|
|move|p2a: Thundurus|Thunder|p1a: Breloom
|-resisted|p1a: Breloom
|-damage|p1a: Breloom|29/100 tox
|move|p1a: Breloom|Drain Punch|p2a: Thundurus
|-resisted|p2a: Thundurus
|-damage|p2a: Thundurus|52/100
|-heal|p1a: Breloom|40/100 tox|[from] drain|[of] p2a: Thundurus
|
|-weather|RainDance|[upkeep]
|-heal|p1a: Breloom|52/100 tox|[from] ability: Poison Heal
|upkeep
|turn|29
|
|move|p1a: Breloom|Protect|p1a: Breloom
|-singleturn|p1a: Breloom|Protect
|move|p2a: Thundurus|Thunder|p1a: Breloom
|-activate|p1a: Breloom|move: Protect
|
|-weather|RainDance|[upkeep]
|-heal|p1a: Breloom|65/100 tox|[from] ability: Poison Heal
|upkeep
|turn|30
|
|move|p2a: Thundurus|Thunder|p1a: Breloom
|-resisted|p1a: Breloom
|-damage|p1a: Breloom|28/100 tox
|move|p1a: Breloom|Spore|p2a: Thundurus
|-status|p2a: Thundurus|slp
|
|-weather|RainDance|[upkeep]
|-heal|p1a: Breloom|40/100 tox|[from] ability: Poison Heal
|upkeep
|turn|31
|
|switch|p2a: Breloom|Breloom, M|100/100
|-damage|p2a: Breloom|94/100|[from] Stealth Rock
|-damage|p2a: Breloom|78/100|[from] Spikes
|move|p1a: Breloom|Drain Punch|p2a: Breloom
|-damage|p2a: Breloom|35/100
|-heal|p1a: Breloom|58/100 tox|[from] drain|[of] p2a: Breloom
|
|-weather|RainDance|[upkeep]
|-heal|p1a: Breloom|70/100 tox|[from] ability: Poison Heal
|-status|p2a: Breloom|tox|[from] item: Toxic Orb
|upkeep
|turn|32
|
|move|p2a: Breloom|Substitute|p2a: Breloom
|-start|p2a: Breloom|Substitute
|-damage|p2a: Breloom|10/100 tox
|move|p1a: Breloom|Drain Punch|p2a: Breloom
|-end|p2a: Breloom|Substitute
|-heal|p1a: Breloom|80/100 tox|[from] drain|[of] p2a: Breloom
|
|-weather|RainDance|[upkeep]
|-heal|p2a: Breloom|22/100 tox|[from] ability: Poison Heal
|-heal|p1a: Breloom|93/100 tox|[from] ability: Poison Heal
|upkeep
|turn|33
|
|move|p2a: Breloom|Seed Bomb|p1a: Breloom
|-resisted|p1a: Breloom
|-damage|p1a: Breloom|63/100 tox
|move|p1a: Breloom|Drain Punch|p2a: Breloom
|-damage|p2a: Breloom|0 fnt
|-heal|p1a: Breloom|72/100 tox|[from] drain|[of] p2a: Breloom
|faint|p2a: Breloom
|
|-weather|RainDance|[upkeep]
|-heal|p1a: Breloom|85/100 tox|[from] ability: Poison Heal
|upkeep
|
|switch|p2a: Thundurus|Thundurus-Therian, M, shiny|52/100 slp
|-damage|p2a: Thundurus|27/100 slp|[from] Stealth Rock
|turn|34
|
|cant|p2a: Thundurus|slp
|move|p1a: Breloom|Drain Punch|p2a: Thundurus
|-resisted|p2a: Thundurus
|-damage|p2a: Thundurus|5/100 slp
|-heal|p1a: Breloom|95/100 tox|[from] drain|[of] p2a: Thundurus
|
|-weather|RainDance|[upkeep]
|-heal|p1a: Breloom|100/100 tox|[from] ability: Poison Heal
|upkeep
|turn|35
|
|cant|p2a: Thundurus|slp
|move|p1a: Breloom|Drain Punch|p2a: Thundurus
|-resisted|p2a: Thundurus
|-damage|p2a: Thundurus|0 fnt
|faint|p2a: Thundurus
|
|win|weidson
|c|☆weidson|gg
|raw|weidson's rating: 1352 &rarr; <strong>1373</strong><br />(+21 for winning)
|raw|Heaxys ♪♫'s rating: 1379 &rarr; <strong>1357</strong><br />(-22 for losing)
|l|☆Heaxys ♪♫
