|j|☆mastur_bator_69
|j|☆Bloodclat
|player|p1|mastur_bator_69|maid|1414
|player|p2|Bloodclat|lucas|1538
|teamsize|p1|6
|teamsize|p2|6
|gametype|singles
|gen|5
|tier|[Gen 5] OU
|rated|
|clearpoke
|poke|p1|Mamoswine, M|item
|poke|p1|Latios, M|item
|poke|p1|Scizor, F|item
|poke|p1|Kyurem-Black|item
|poke|p1|Salamence, M|item
|poke|p1|Magnezone|item
|poke|p2|Venusaur, M|item
|poke|p2|Keldeo-Resolute|item
|poke|p2|Skarmory, F|item
|poke|p2|Chansey, F|item
|poke|p2|Heatran, F|item
|poke|p2|Bisharp, F|item
|rule|Species Clause: Limit one of each Pokémon
|rule|OHKO Clause: OHKO moves are banned
|rule|Moody Clause: Moody is banned
|rule|Evasion Moves Clause: Evasion moves are banned
|rule|Endless Battle Clause: Forcing endless battles is banned
|rule|HP Percentage Mod: HP is shown in percentages
|rule|Evasion Abilities Clause: Evasion abilities are banned
|rule|Baton Pass Clause: Limit one Baton Passer, can't pass Spe and other stats simultaneously
|rule|Sleep Clause: Sleep-inducing moves are banned
|rule|Swagger Clause: Swagger is banned
|teampreview
|inactive|Battle timer is ON: inactive players will automatically lose when time's up. (requested by mastur_bator_69)
|
|start
|switch|p1a: Magnezone|Magnezone|100/100
|switch|p2a: My lil Mob Blurri|Keldeo-Resolute|100/100
|turn|1
|
|switch|p1a: Latios|Latios, M|100/100
|move|p2a: My lil Mob Blurri|Substitute|p2a: My lil Mob Blurri
|-start|p2a: My lil Mob Blurri|Substitute
|-damage|p2a: My lil Mob Blurri|76/100
|
|-heal|p2a: My lil Mob Blurri|82/100|[from] item: Leftovers
|upkeep
|turn|2
|
|move|p2a: My lil Mob Blurri|Scald|p1a: Latios
|-resisted|p1a: Latios
|-crit|p1a: Latios
|-damage|p1a: Latios|56/100
|-status|p1a: Latios|brn
|move|p1a: Latios|Psychic|p2a: My lil Mob Blurri
|-supereffective|p2a: My lil Mob Blurri
|-end|p2a: My lil Mob Blurri|Substitute
|
|-heal|p2a: My lil Mob Blurri|88/100|[from] item: Leftovers
|-damage|p1a: Latios|43/100 brn|[from] brn
|upkeep
|turn|3
|
|switch|p2a: ICameFromLeddit|Bisharp, F|100/100
|switch|p1a: Scizor|Scizor, F|100/100
|
|upkeep
|turn|4
|
|switch|p2a: Cosines Puussy|Heatran, F|100/100
|-item|p2a: Cosines Puussy|Air Balloon
|move|p1a: Scizor|Superpower|p2a: Cosines Puussy
|-supereffective|p2a: Cosines Puussy
|-crit|p2a: Cosines Puussy
|-damage|p2a: Cosines Puussy|0 fnt
|-unboost|p1a: Scizor|atk|1
|-unboost|p1a: Scizor|def|1
|-enditem|p2a: Cosines Puussy|Air Balloon
|faint|p2a: Cosines Puussy
|
|upkeep
|
|switch|p2a: My lil Mob Blurri|Keldeo-Resolute|88/100
|turn|5
|
|move|p2a: My lil Mob Blurri|Secret Sword|p1a: Scizor
|-damage|p1a: Scizor|39/100
|move|p1a: Scizor|Superpower|p2a: My lil Mob Blurri
|-damage|p2a: My lil Mob Blurri|35/100
|-unboost|p1a: Scizor|atk|1
|-unboost|p1a: Scizor|def|1
|
|-heal|p2a: My lil Mob Blurri|41/100|[from] item: Leftovers
|upkeep
|turn|6
|
|switch|p1a: Salamence|Salamence, M|100/100
|move|p2a: My lil Mob Blurri|Scald|p1a: Salamence
|-resisted|p1a: Salamence
|-damage|p1a: Salamence|76/100
|
|-heal|p2a: My lil Mob Blurri|47/100|[from] item: Leftovers
|upkeep
|turn|7
|
|switch|p2a: Aka Zenzo|Skarmory, F|100/100
|move|p1a: Salamence|Dragon Claw|p2a: Aka Zenzo
|-resisted|p2a: Aka Zenzo
|-crit|p2a: Aka Zenzo
|-damage|p2a: Aka Zenzo|75/100
|-damage|p1a: Salamence|59/100|[from] item: Rocky Helmet|[of] p2a: Aka Zenzo
|
|upkeep
|turn|8
|
|switch|p1a: Magnezone|Magnezone|100/100
|switch|p2a: Teleee is 18|Venusaur, M|100/100
|
|upkeep
|turn|9
|
|move|p1a: Magnezone|Volt Switch|p2a: Teleee is 18
|-resisted|p2a: Teleee is 18
|-damage|p2a: Teleee is 18|71/100
|
|switch|p1a: Salamence|Salamence, M|59/100|[from]move: Volt Switch
|move|p2a: Teleee is 18|Leech Seed|p1a: Salamence
|-start|p1a: Salamence|move: Leech Seed
|
|-heal|p2a: Teleee is 18|77/100|[from] item: Black Sludge
|-damage|p1a: Salamence|47/100|[from] Leech Seed|[of] p2a: Teleee is 18
|-heal|p2a: Teleee is 18|88/100|[silent]
|upkeep
|turn|10
|
|switch|p1a: Kyurem|Kyurem-Black|100/100
|-ability|p1a: Kyurem|Teravolt
|switch|p2a: Cleanerthanrotomw|Chansey, F|100/100
|
|upkeep
|turn|11
|
|switch|p2a: Aka Zenzo|Skarmory, F|75/100
|move|p1a: Kyurem|Outrage|p2a: Aka Zenzo
|-resisted|p2a: Aka Zenzo
|-damage|p2a: Aka Zenzo|42/100
|-damage|p1a: Kyurem|84/100|[from] item: Rocky Helmet|[of] p2a: Aka Zenzo
|
|upkeep
|turn|12
|
|move|p1a: Kyurem|Outrage|p2a: Aka Zenzo|[from]lockedmove
|-resisted|p2a: Aka Zenzo
|-damage|p2a: Aka Zenzo|3/100
|-damage|p1a: Kyurem|67/100|[from] item: Rocky Helmet|[of] p2a: Aka Zenzo
|move|p2a: Aka Zenzo|Roost|p2a: Aka Zenzo
|-heal|p2a: Aka Zenzo|53/100
|-singleturn|p2a: Aka Zenzo|move: Roost
|
|upkeep
|turn|13
|
|move|p1a: Kyurem|Outrage|p2a: Aka Zenzo|[from]lockedmove
|-resisted|p2a: Aka Zenzo
|-crit|p2a: Aka Zenzo
|-damage|p2a: Aka Zenzo|0 fnt
|-damage|p1a: Kyurem|51/100|[from] item: Rocky Helmet|[of] p2a: Aka Zenzo
|-start|p1a: Kyurem|confusion|[fatigue]
|faint|p2a: Aka Zenzo
|
|upkeep
|
|switch|p2a: My lil Mob Blurri|Keldeo-Resolute|47/100
|turn|14
|
|switch|p1a: Latios|Latios, M|43/100 brn
|move|p2a: My lil Mob Blurri|Substitute|p2a: My lil Mob Blurri
|-start|p2a: My lil Mob Blurri|Substitute
|-damage|p2a: My lil Mob Blurri|22/100
|
|-heal|p2a: My lil Mob Blurri|29/100|[from] item: Leftovers
|-damage|p1a: Latios|31/100 brn|[from] brn
|upkeep
|turn|15
|
|move|p2a: My lil Mob Blurri|Secret Sword|p1a: Latios
|-resisted|p1a: Latios
|-damage|p1a: Latios|2/100 brn
|move|p1a: Latios|Psychic|p2a: My lil Mob Blurri
|-supereffective|p2a: My lil Mob Blurri
|-end|p2a: My lil Mob Blurri|Substitute
|
|-heal|p2a: My lil Mob Blurri|35/100|[from] item: Leftovers
|-damage|p1a: Latios|0 fnt|[from] brn
|faint|p1a: Latios
|upkeep
|
|switch|p1a: Salamence|Salamence, M|47/100
|turn|16
|
|switch|p2a: ICameFromLeddit|Bisharp, F|100/100
|move|p1a: Salamence|Outrage|p2a: ICameFromLeddit
|-resisted|p2a: ICameFromLeddit
|-damage|p2a: ICameFromLeddit|70/100
|
|-heal|p2a: ICameFromLeddit|76/100|[from] item: Leftovers
|upkeep
|turn|17
|
|move|p1a: Salamence|Outrage|p2a: ICameFromLeddit|[from]lockedmove
|-resisted|p2a: ICameFromLeddit
|-damage|p2a: ICameFromLeddit|43/100
|-start|p1a: Salamence|confusion|[fatigue]
|move|p2a: ICameFromLeddit|Low Kick|p1a: Salamence
|-resisted|p1a: Salamence
|-damage|p1a: Salamence|26/100
|
|-heal|p2a: ICameFromLeddit|49/100|[from] item: Leftovers
|upkeep
|turn|18
|
|switch|p1a: Scizor|Scizor, F|39/100
|move|p2a: ICameFromLeddit|Low Kick|p1a: Scizor
|-damage|p1a: Scizor|2/100
|
|-heal|p2a: ICameFromLeddit|55/100|[from] item: Leftovers
|upkeep
|turn|19
|
|move|p2a: ICameFromLeddit|Sucker Punch|p1a: Scizor
|-resisted|p1a: Scizor
|-damage|p1a: Scizor|0 fnt
|faint|p1a: Scizor
|
|-heal|p2a: ICameFromLeddit|61/100|[from] item: Leftovers
|upkeep
|
|switch|p1a: Mamoswine|Mamoswine, M|100/100
|turn|20
|
|move|p1a: Mamoswine|Earthquake|p2a: ICameFromLeddit
|-supereffective|p2a: ICameFromLeddit
|-damage|p2a: ICameFromLeddit|0 fnt
|faint|p2a: ICameFromLeddit
|
|upkeep
|
|switch|p2a: My lil Mob Blurri|Keldeo-Resolute|35/100
|turn|21
|
|move|p2a: My lil Mob Blurri|Scald|p1a: Mamoswine
|-supereffective|p1a: Mamoswine
|-enditem|p1a: Mamoswine|Focus Sash
|-damage|p1a: Mamoswine|1/100
|move|p1a: Mamoswine|Earthquake|p2a: My lil Mob Blurri
|-damage|p2a: My lil Mob Blurri|0 fnt
|faint|p2a: My lil Mob Blurri
|
|upkeep
|
|switch|p2a: Cleanerthanrotomw|Chansey, F|100/100
|turn|22
|
|move|p1a: Mamoswine|Endeavor|p2a: Cleanerthanrotomw
|-damage|p2a: Cleanerthanrotomw|1/100
|move|p2a: Cleanerthanrotomw|Seismic Toss|p1a: Mamoswine
|-damage|p1a: Mamoswine|0 fnt
|faint|p1a: Mamoswine
|
|upkeep
|
|switch|p1a: Salamence|Salamence, M|26/100
|turn|23
|
|move|p1a: Salamence|Outrage|p2a: Cleanerthanrotomw
|-crit|p2a: Cleanerthanrotomw
|-damage|p2a: Cleanerthanrotomw|0 fnt
|faint|p2a: Cleanerthanrotomw
|-ability|p1a: Salamence|Moxie|boost
|-boost|p1a: Salamence|atk|1
|
|upkeep
|
|switch|p2a: Teleee is 18|Venusaur, M|88/100
|turn|24
|-message|Bloodclat forfeited.
|
|win|mastur_bator_69
|l|☆Bloodclat
|raw|mastur_bator_69's rating: 1426 &rarr; <strong>1452</strong><br />(+26 for winning)
|raw|Bloodclat's rating: 1539 &rarr; <strong>1513</strong><br />(-26 for losing)
