|j|☆killerfishsandiego
|j|☆Broduderman
|t:|1716873124
|gametype|singles
|player|p1|killerfishsandiego|101|1471
|player|p2|Broduderman|clown|1422
|teamsize|p1|6
|teamsize|p2|6
|gen|5
|tier|[Gen 5] OU
|rated|
|rule|Species Clause: Limit one of each Pokémon
|rule|OHKO Clause: OHKO moves are banned
|rule|Moody Clause: Moody is banned
|rule|Evasion Items Clause: Evasion items are banned
|rule|Evasion Moves Clause: Evasion moves are banned
|rule|Endless Battle Clause: Forcing endless battles is banned
|rule|HP Percentage Mod: HP is shown in percentages
|rule|Evasion Abilities Clause: Evasion abilities are banned
|rule|Sleep Moves Clause: Sleep-inducing moves are banned
|rule|Swagger Clause: Swagger is banned
|rule|Baton Pass Stat Clause: No Baton Passer may have a way to boost its stats
|clearpoke
|poke|p1|Metagross|item
|poke|p1|Skarmory, M|item
|poke|p1|Jellicent, F|item
|poke|p1|Tornadus, M|item
|poke|p1|Garchomp, F|item
|poke|p1|Machamp, M|item
|poke|p2|Gengar, F|item
|poke|p2|Politoed, M|item
|poke|p2|Latios, M|item
|poke|p2|Ferrothorn, M|item
|poke|p2|Thundurus-Therian, M|item
|poke|p2|Tentacruel, M|item
|teampreview
|inactive|Battle timer is ON: inactive players will automatically lose when time's up. (requested by Broduderman)
|
|t:|1716873133
|start
|switch|p1a: Skarmory|Skarmory, M|100/100
|switch|p2a: Gengar|Gengar, F|100/100
|turn|1
|
|t:|1716873136
|move|p2a: Gengar|Trick|p1a: Skarmory
|-activate|p2a: Gengar|move: Trick|[of] p1a: Skarmory
|-item|p1a: Skarmory|Choice Scarf|[from] move: Trick
|-item|p2a: Gengar|Custap Berry|[from] move: Trick
|move|p1a: Skarmory|Stealth Rock|p2a: Gengar
|-sidestart|p2: Broduderman|move: Stealth Rock
|
|upkeep
|turn|2
|
|t:|1716873145
|switch|p1a: Tornadus|Tornadus, M|100/100
|move|p2a: Gengar|Shadow Ball|p1a: Tornadus
|-damage|p1a: Tornadus|43/100
|-enditem|p1a: Tornadus|Sitrus Berry|[eat]
|-heal|p1a: Tornadus|68/100|[from] item: Sitrus Berry
|
|upkeep
|turn|3
|
|t:|1716873159
|switch|p2a: Thundurus|Thundurus-Therian, M|100/100
|-damage|p2a: Thundurus|76/100|[from] Stealth Rock
|move|p1a: Tornadus|U-turn|p2a: Thundurus
|-resisted|p2a: Thundurus
|-damage|p2a: Thundurus|63/100
|
|t:|1716873169
|switch|p1a: Machamp|Machamp, M|100/100|[from] U-turn
|
|-heal|p2a: Thundurus|69/100|[from] item: Leftovers
|upkeep
|turn|4
|
|t:|1716873172
|move|p2a: Thundurus|Thunder|p1a: Machamp
|-damage|p1a: Machamp|26/100
|move|p1a: Machamp|Ice Punch|p2a: Thundurus
|-supereffective|p2a: Thundurus
|-crit|p2a: Thundurus
|-damage|p2a: Thundurus|0 fnt
|faint|p2a: Thundurus
|
|-heal|p1a: Machamp|32/100|[from] item: Leftovers
|upkeep
|
|t:|1716873188
|switch|p2a: Gengar|Gengar, F|100/100
|-damage|p2a: Gengar|88/100|[from] Stealth Rock
|turn|5
|
|t:|1716873194
|switch|p1a: Skarmory|Skarmory, M|100/100
|move|p2a: Gengar|Shadow Ball|p1a: Skarmory
|-resisted|p1a: Skarmory
|-crit|p1a: Skarmory
|-damage|p1a: Skarmory|33/100
|-unboost|p1a: Skarmory|spd|1
|
|upkeep
|turn|6
|
|t:|1716873204
|switch|p2a: Ferrothorn|Ferrothorn, M|100/100
|-damage|p2a: Ferrothorn|94/100|[from] Stealth Rock
|move|p1a: Skarmory|Spikes|p2a: Ferrothorn
|-sidestart|p2: Broduderman|Spikes
|
|upkeep
|turn|7
|
|t:|1716873207
|move|p1a: Skarmory|Spikes|p2a: Ferrothorn
|-sidestart|p2: Broduderman|Spikes
|move|p2a: Ferrothorn|Stealth Rock|p1a: Skarmory
|-sidestart|p1: killerfishsandiego|move: Stealth Rock
|
|upkeep
|turn|8
|
|t:|1716873212
|switch|p1a: Machamp|Machamp, M|32/100
|-damage|p1a: Machamp|26/100|[from] Stealth Rock
|switch|p2a: Tentacruel|Tentacruel, M|100/100
|-damage|p2a: Tentacruel|88/100|[from] Stealth Rock
|-damage|p2a: Tentacruel|72/100|[from] Spikes
|
|-heal|p2a: Tentacruel|78/100|[from] item: Black Sludge
|-heal|p1a: Machamp|32/100|[from] item: Leftovers
|upkeep
|turn|9
|
|t:|1716873219
|switch|p1a: Jellicent|Jellicent, F|100/100
|-damage|p1a: Jellicent|88/100|[from] Stealth Rock
|-item|p1a: Jellicent|Air Balloon
|move|p2a: Tentacruel|Rapid Spin|p1a: Jellicent
|-immune|p1a: Jellicent
|
|-heal|p2a: Tentacruel|84/100|[from] item: Black Sludge
|upkeep
|turn|10
|
|t:|1716873224
|move|p2a: Tentacruel|Toxic Spikes|p1a: Jellicent
|-sidestart|p1: killerfishsandiego|move: Toxic Spikes
|move|p1a: Jellicent|Will-O-Wisp|p2a: Tentacruel
|-status|p2a: Tentacruel|brn
|
|-heal|p2a: Tentacruel|90/100 brn|[from] item: Black Sludge
|-damage|p2a: Tentacruel|77/100 brn|[from] brn
|upkeep
|turn|11
|
|t:|1716873229
|switch|p2a: Gengar|Gengar, F|88/100
|-damage|p2a: Gengar|76/100|[from] Stealth Rock
|move|p1a: Jellicent|Shadow Ball|p2a: Gengar
|-supereffective|p2a: Gengar
|-damage|p2a: Gengar|0 fnt
|faint|p2a: Gengar
|
|upkeep
|
|t:|1716873237
|switch|p2a: Latios|Latios, M|100/100
|-damage|p2a: Latios|88/100|[from] Stealth Rock
|turn|12
|
|t:|1716873240
|move|p2a: Latios|Thunder Wave|p1a: Jellicent
|-status|p1a: Jellicent|par
|move|p1a: Jellicent|Shadow Ball|p2a: Latios
|-supereffective|p2a: Latios
|-damage|p2a: Latios|36/100
|
|upkeep
|turn|13
|
|t:|1716873244
|move|p2a: Latios|Recover|p2a: Latios
|-heal|p2a: Latios|86/100
|move|p1a: Jellicent|Shadow Ball|p2a: Latios
|-supereffective|p2a: Latios
|-damage|p2a: Latios|34/100
|
|upkeep
|turn|14
|
|t:|1716873248
|move|p2a: Latios|Recover|p2a: Latios
|-heal|p2a: Latios|84/100
|move|p1a: Jellicent|Shadow Ball|p2a: Latios
|-supereffective|p2a: Latios
|-damage|p2a: Latios|34/100
|-unboost|p2a: Latios|spd|1
|
|upkeep
|turn|15
|
|t:|1716873253
|move|p2a: Latios|Recover|p2a: Latios
|-heal|p2a: Latios|84/100
|move|p1a: Jellicent|Shadow Ball|p2a: Latios
|-supereffective|p2a: Latios
|-damage|p2a: Latios|14/100
|
|upkeep
|turn|16
|
|t:|1716873256
|move|p2a: Latios|Draco Meteor|p1a: Jellicent
|-damage|p1a: Jellicent|44/100 par
|-unboost|p2a: Latios|spa|2
|-enditem|p1a: Jellicent|Air Balloon
|move|p1a: Jellicent|Shadow Ball|p2a: Latios
|-supereffective|p2a: Latios
|-damage|p2a: Latios|0 fnt
|faint|p2a: Latios
|
|upkeep
|
|t:|1716873260
|switch|p2a: Politoed|Politoed, M|100/100
|-damage|p2a: Politoed|88/100|[from] Stealth Rock
|-damage|p2a: Politoed|72/100|[from] Spikes
|-weather|RainDance|[from] ability: Drizzle|[of] p2a: Politoed
|turn|17
|-message|Broduderman forfeited.
|
|win|killerfishsandiego
|raw|killerfishsandiego's rating: 1471 &rarr; <strong>1488</strong><br />(+17 for winning)
|raw|Broduderman's rating: 1422 &rarr; <strong>1405</strong><br />(-17 for losing)
|l|☆Broduderman
|player|p2|
