|j|☆Duke Sux
|j|☆UnumGenus
|t:|1722462105
|gametype|singles
|player|p1|Duke Sux|102|1321
|player|p2|UnumGenus|fisherman-gen4|1593
|teamsize|p1|6
|teamsize|p2|6
|gen|5
|tier|[Gen 5] OU
|rated|
|rule|Species Clause: Limit one of each Pokémon
|rule|OHKO Clause: OHKO moves are banned
|rule|Moody Clause: Moody is banned
|rule|Evasion Items Clause: Evasion items are banned
|rule|Evasion Moves Clause: Evasion moves are banned
|rule|Endless Battle Clause: Forcing endless battles is banned
|rule|HP Percentage Mod: HP is shown in percentages
|rule|Evasion Abilities Clause: Evasion abilities are banned
|rule|Sleep Moves Clause: Sleep-inducing moves are banned
|rule|Swagger Clause: Swagger is banned
|rule|Baton Pass Stat Clause: No Baton Passer may have a way to boost its stats
|clearpoke
|poke|p1|Politoed, F|item
|poke|p1|Tentacruel, F|item
|poke|p1|Ferrothorn, M|item
|poke|p1|Mamoswine, M|item
|poke|p1|Keldeo|item
|poke|p1|Thundurus-Therian, M|item
|poke|p2|Terrakion|item
|poke|p2|Infernape, M|item
|poke|p2|Keldeo|item
|poke|p2|Lucario, M|item
|poke|p2|Scrafty, M|item
|poke|p2|Conkeldurr, M|item
|teampreview
|inactive|Battle timer is ON: inactive players will automatically lose when time's up. (requested by UnumGenus)
|
|t:|1722462126
|start
|switch|p1a: Politoed|Politoed, F|100/100
|switch|p2a: Infernape|Infernape, M, shiny|100/100
|-weather|RainDance|[from] ability: Drizzle|[of] p1a: Politoed
|turn|1
|
|t:|1722462135
|move|p2a: Infernape|Stealth Rock|p1a: Politoed
|-sidestart|p1: Duke Sux|move: Stealth Rock
|move|p1a: Politoed|Scald|p2a: Infernape
|-supereffective|p2a: Infernape
|-enditem|p2a: Infernape|Focus Sash
|-damage|p2a: Infernape|1/100
|
|-weather|RainDance|[upkeep]
|upkeep
|turn|2
|
|t:|1722462144
|move|p2a: Infernape|Taunt|p1a: Politoed
|-start|p1a: Politoed|move: Taunt
|move|p1a: Politoed|Scald|p2a: Infernape
|-supereffective|p2a: Infernape
|-damage|p2a: Infernape|0 fnt
|faint|p2a: Infernape
|
|-weather|RainDance|[upkeep]
|upkeep
|
|t:|1722462154
|switch|p2a: Keldeo|Keldeo|100/100
|turn|3
|
|t:|1722462158
|switch|p1a: Tentacruel|Tentacruel, F|100/100
|-damage|p1a: Tentacruel|88/100|[from] Stealth Rock
|move|p2a: Keldeo|Substitute|p2a: Keldeo
|-start|p2a: Keldeo|Substitute
|-damage|p2a: Keldeo|76/100
|
|-weather|RainDance|[upkeep]
|-heal|p1a: Tentacruel|94/100|[from] ability: Rain Dish
|-heal|p1a: Tentacruel|99/100|[from] item: Black Sludge
|-heal|p2a: Keldeo|82/100|[from] item: Leftovers
|upkeep
|turn|4
|
|t:|1722462182
|move|p1a: Tentacruel|Rapid Spin|p2a: Keldeo
|-activate|p2a: Keldeo|Substitute|[damage]
|-sideend|p1: Duke Sux|Stealth Rock|[from] move: Rapid Spin|[of] p1a: Tentacruel
|move|p2a: Keldeo|Calm Mind|p2a: Keldeo
|-boost|p2a: Keldeo|spa|1
|-boost|p2a: Keldeo|spd|1
|
|-weather|RainDance|[upkeep]
|-heal|p1a: Tentacruel|100/100|[from] ability: Rain Dish
|-heal|p2a: Keldeo|88/100|[from] item: Leftovers
|upkeep
|turn|5
|
|t:|1722462199
|switch|p1a: Politoed|Politoed, F|100/100
|move|p2a: Keldeo|Calm Mind|p2a: Keldeo
|-boost|p2a: Keldeo|spa|1
|-boost|p2a: Keldeo|spd|1
|
|-weather|RainDance|[upkeep]
|-heal|p2a: Keldeo|94/100|[from] item: Leftovers
|upkeep
|turn|6
|
|t:|1722462211
|move|p2a: Keldeo|Scald|p1a: Politoed
|-resisted|p1a: Politoed
|-damage|p1a: Politoed|57/100
|move|p1a: Politoed|Encore|p2a: Keldeo
|-start|p2a: Keldeo|Encore
|
|-weather|RainDance|[upkeep]
|-heal|p2a: Keldeo|100/100|[from] item: Leftovers
|-heal|p1a: Politoed|63/100|[from] item: Leftovers
|upkeep
|turn|7
|
|t:|1722462220
|switch|p1a: Ferrothorn|Ferrothorn, M|100/100
|move|p2a: Keldeo|Scald|p1a: Ferrothorn
|-resisted|p1a: Ferrothorn
|-damage|p1a: Ferrothorn|67/100
|
|-weather|RainDance|[upkeep]
|-heal|p1a: Ferrothorn|74/100|[from] item: Leftovers
|upkeep
|turn|8
|
|t:|1722462228
|move|p2a: Keldeo|Scald|p1a: Ferrothorn
|-resisted|p1a: Ferrothorn
|-damage|p1a: Ferrothorn|42/100
|move|p1a: Ferrothorn|Power Whip|p2a: Keldeo
|-supereffective|p2a: Keldeo
|-end|p2a: Keldeo|Substitute
|
|-weather|RainDance|[upkeep]
|-heal|p1a: Ferrothorn|48/100|[from] item: Leftovers
|upkeep
|turn|9
|
|t:|1722462238
|move|p2a: Keldeo|Scald|p1a: Ferrothorn
|-resisted|p1a: Ferrothorn
|-damage|p1a: Ferrothorn|15/100
|move|p1a: Ferrothorn|Power Whip|p2a: Keldeo|[miss]
|-miss|p1a: Ferrothorn|p2a: Keldeo
|
|-weather|RainDance|[upkeep]
|-heal|p1a: Ferrothorn|21/100|[from] item: Leftovers
|-end|p2a: Keldeo|Encore
|upkeep
|turn|10
|
|t:|1722462248
|move|p2a: Keldeo|Scald|p1a: Ferrothorn
|-resisted|p1a: Ferrothorn
|-damage|p1a: Ferrothorn|0 fnt
|faint|p1a: Ferrothorn
|
|-weather|RainDance|[upkeep]
|upkeep
|
|t:|1722462257
|switch|p1a: Politoed|Politoed, F|63/100
|turn|11
|
|t:|1722462263
|move|p2a: Keldeo|Secret Sword|p1a: Politoed
|-damage|p1a: Politoed|9/100
|move|p1a: Politoed|Encore|p2a: Keldeo
|-start|p2a: Keldeo|Encore
|
|-weather|RainDance|[upkeep]
|-heal|p1a: Politoed|15/100|[from] item: Leftovers
|upkeep
|turn|12
|
|t:|1722462270
|move|p2a: Keldeo|Secret Sword|p1a: Politoed
|-damage|p1a: Politoed|0 fnt
|faint|p1a: Politoed
|
|-weather|RainDance|[upkeep]
|upkeep
|
|t:|1722462271
|switch|p1a: Thundurus|Thundurus-Therian, M|100/100
|turn|13
|
|t:|1722462277
|move|p1a: Thundurus|Thunder|p2a: Keldeo
|-supereffective|p2a: Keldeo
|-damage|p2a: Keldeo|38/100
|-status|p2a: Keldeo|par
|move|p2a: Keldeo|Secret Sword|p1a: Thundurus
|-resisted|p1a: Thundurus
|-damage|p1a: Thundurus|57/100
|
|-weather|RainDance|[upkeep]
|-heal|p1a: Thundurus|63/100|[from] item: Leftovers
|-heal|p2a: Keldeo|44/100 par|[from] item: Leftovers
|upkeep
|turn|14
|
|t:|1722462288
|move|p1a: Thundurus|Thunder|p2a: Keldeo
|-supereffective|p2a: Keldeo
|-damage|p2a: Keldeo|0 fnt
|faint|p2a: Keldeo
|
|-weather|RainDance|[upkeep]
|-heal|p1a: Thundurus|69/100|[from] item: Leftovers
|upkeep
|
|t:|1722462295
|switch|p2a: Terrakion|Terrakion|100/100
|turn|15
|
|t:|1722462302
|switch|p1a: Tentacruel|Tentacruel, F|100/100
|move|p2a: Terrakion|Stone Edge|p1a: Tentacruel
|-damage|p1a: Tentacruel|28/100
|
|-weather|RainDance|[upkeep]
|-heal|p1a: Tentacruel|34/100|[from] ability: Rain Dish
|-heal|p1a: Tentacruel|40/100|[from] item: Black Sludge
|upkeep
|turn|16
|
|t:|1722462322
|switch|p2a: Scrafty|Scrafty, M|100/100
|move|p1a: Tentacruel|Scald|p2a: Scrafty
|-damage|p2a: Scrafty|58/100
|
|-weather|RainDance|[upkeep]
|-heal|p1a: Tentacruel|46/100|[from] ability: Rain Dish
|-heal|p1a: Tentacruel|52/100|[from] item: Black Sludge
|-heal|p2a: Scrafty|64/100|[from] item: Leftovers
|upkeep
|turn|17
|
|t:|1722462336
|move|p1a: Tentacruel|Scald|p2a: Scrafty
|-damage|p2a: Scrafty|23/100
|-status|p2a: Scrafty|brn
|move|p2a: Scrafty|Dragon Dance|p2a: Scrafty
|-boost|p2a: Scrafty|atk|1
|-boost|p2a: Scrafty|spe|1
|
|-weather|RainDance|[upkeep]
|-heal|p1a: Tentacruel|58/100|[from] ability: Rain Dish
|-activate|p2a: Scrafty|ability: Shed Skin
|-curestatus|p2a: Scrafty|brn|[msg]
|-heal|p2a: Scrafty|29/100|[from] item: Leftovers
|-heal|p1a: Tentacruel|64/100|[from] item: Black Sludge
|upkeep
|turn|18
|
|t:|1722462351
|move|p2a: Scrafty|Drain Punch|p1a: Tentacruel
|-resisted|p1a: Tentacruel
|-damage|p1a: Tentacruel|34/100
|-heal|p2a: Scrafty|50/100|[from] drain|[of] p1a: Tentacruel
|move|p1a: Tentacruel|Scald|p2a: Scrafty
|-damage|p2a: Scrafty|14/100
|-status|p2a: Scrafty|brn
|
|-weather|RainDance|[upkeep]
|-heal|p1a: Tentacruel|40/100|[from] ability: Rain Dish
|-heal|p2a: Scrafty|20/100 brn|[from] item: Leftovers
|-heal|p1a: Tentacruel|46/100|[from] item: Black Sludge
|-damage|p2a: Scrafty|8/100 brn|[from] brn
|upkeep
|turn|19
|
|t:|1722462365
|switch|p1a: Thundurus|Thundurus-Therian, M|69/100
|move|p2a: Scrafty|Crunch|p1a: Thundurus
|-damage|p1a: Thundurus|41/100
|-unboost|p1a: Thundurus|def|1
|
|-weather|RainDance|[upkeep]
|-heal|p2a: Scrafty|14/100 brn|[from] item: Leftovers
|-heal|p1a: Thundurus|47/100|[from] item: Leftovers
|-damage|p2a: Scrafty|2/100 brn|[from] brn
|upkeep
|turn|20
|
|t:|1722462381
|move|p2a: Scrafty|Ice Punch|p1a: Thundurus
|-supereffective|p1a: Thundurus
|-damage|p1a: Thundurus|0 fnt
|faint|p1a: Thundurus
|
|-weather|RainDance|[upkeep]
|-heal|p2a: Scrafty|8/100 brn|[from] item: Leftovers
|-damage|p2a: Scrafty|0 fnt|[from] brn
|faint|p2a: Scrafty
|upkeep
|
|t:|1722462394
|switch|p1a: Keldeo|Keldeo|100/100
|switch|p2a: Terrakion|Terrakion|100/100
|turn|21
|
|t:|1722462401
|move|p1a: Keldeo|Surf|p2a: Terrakion
|-supereffective|p2a: Terrakion
|-damage|p2a: Terrakion|0 fnt
|faint|p2a: Terrakion
|
|-weather|RainDance|[upkeep]
|upkeep
|
|t:|1722462406
|switch|p2a: Conkeldurr|Conkeldurr, M|100/100
|turn|22
|
|t:|1722462413
|switch|p1a: Tentacruel|Tentacruel, F|46/100
|move|p2a: Conkeldurr|Drain Punch|p1a: Tentacruel
|-resisted|p1a: Tentacruel
|-damage|p1a: Tentacruel|18/100
|
|-weather|RainDance|[upkeep]
|-heal|p1a: Tentacruel|24/100|[from] ability: Rain Dish
|-heal|p1a: Tentacruel|31/100|[from] item: Black Sludge
|upkeep
|turn|23
|
|t:|1722462423
|move|p1a: Tentacruel|Protect|p1a: Tentacruel
|-singleturn|p1a: Tentacruel|Protect
|move|p2a: Conkeldurr|Bulk Up|p2a: Conkeldurr
|-boost|p2a: Conkeldurr|atk|1
|-boost|p2a: Conkeldurr|def|1
|
|-weather|RainDance|[upkeep]
|-heal|p1a: Tentacruel|37/100|[from] ability: Rain Dish
|-heal|p1a: Tentacruel|43/100|[from] item: Black Sludge
|upkeep
|turn|24
|
|t:|1722462443
|move|p1a: Tentacruel|Scald|p2a: Conkeldurr
|-damage|p2a: Conkeldurr|63/100
|-status|p2a: Conkeldurr|brn
|move|p2a: Conkeldurr|Bulk Up|p2a: Conkeldurr
|-boost|p2a: Conkeldurr|atk|1
|-boost|p2a: Conkeldurr|def|1
|
|-weather|RainDance|[upkeep]
|-heal|p1a: Tentacruel|49/100|[from] ability: Rain Dish
|-heal|p1a: Tentacruel|55/100|[from] item: Black Sludge
|-heal|p2a: Conkeldurr|69/100 brn|[from] item: Leftovers
|-damage|p2a: Conkeldurr|56/100 brn|[from] brn
|upkeep
|turn|25
|
|t:|1722462455
|move|p1a: Tentacruel|Scald|p2a: Conkeldurr
|-damage|p2a: Conkeldurr|18/100 brn
|move|p2a: Conkeldurr|Payback|p1a: Tentacruel
|-damage|p1a: Tentacruel|0 fnt
|faint|p1a: Tentacruel
|
|-weather|RainDance|[upkeep]
|-heal|p2a: Conkeldurr|24/100 brn|[from] item: Leftovers
|-damage|p2a: Conkeldurr|12/100 brn|[from] brn
|upkeep
|
|t:|1722462465
|switch|p1a: Mamoswine|Mamoswine, M|100/100
|turn|26
|
|t:|1722462468
|move|p1a: Mamoswine|Ice Shard|p2a: Conkeldurr
|-damage|p2a: Conkeldurr|0 fnt
|faint|p2a: Conkeldurr
|
|-weather|RainDance|[upkeep]
|upkeep
|
|t:|1722462472
|switch|p2a: Lucario|Lucario, M, shiny|100/100
|turn|27
|
|t:|1722462488
|move|p1a: Mamoswine|Ice Shard|p2a: Lucario
|-resisted|p2a: Lucario
|-damage|p2a: Lucario|77/100
|move|p2a: Lucario|Swords Dance|p2a: Lucario
|-boost|p2a: Lucario|atk|2
|
|-weather|RainDance|[upkeep]
|upkeep
|turn|28
|
|t:|1722462495
|move|p2a: Lucario|Swords Dance|p2a: Lucario
|-boost|p2a: Lucario|atk|2
|move|p1a: Mamoswine|Earthquake|p2a: Lucario
|-supereffective|p2a: Lucario
|-damage|p2a: Lucario|0 fnt
|faint|p2a: Lucario
|
|win|Duke Sux
|raw|Duke Sux's rating: 1321 &rarr; <strong>1354</strong><br />(+33 for winning)
|raw|UnumGenus's rating: 1593 &rarr; <strong>1560</strong><br />(-33 for losing)
