|j|☆JesusKun69
|j|☆Clawdia Chauchat
|t:|1736517264
|gametype|singles
|player|p1|JesusKun69|evelyn|1380
|player|p2|Clawdia Chauchat|winona|1515
|teamsize|p1|6
|teamsize|p2|6
|gen|5
|tier|[Gen 5] OU
|rated|
|rule|Species Clause: Limit one of each Pokémon
|rule|OHKO Clause: OHKO moves are banned
|rule|Moody Clause: Moody is banned
|rule|Evasion Items Clause: Evasion items are banned
|rule|Evasion Moves Clause: Evasion moves are banned
|rule|Endless Battle Clause: Forcing endless battles is banned
|rule|HP Percentage Mod: HP is shown in percentages
|rule|Evasion Abilities Clause: Evasion abilities are banned
|rule|Sleep Moves Clause: Sleep-inducing moves are banned
|rule|Swagger Clause: Swagger is banned
|rule|Baton Pass Stat Clause: No Baton Passer may have a way to boost its stats
|clearpoke
|poke|p1|Shedinja|item
|poke|p1|Xatu, F|item
|poke|p1|Politoed, M|item
|poke|p1|Starmie|item
|poke|p1|Garchomp, F|item
|poke|p1|Landorus-Therian, M|item
|poke|p2|Politoed, F|item
|poke|p2|Tentacruel, M|item
|poke|p2|Milotic, F|item
|poke|p2|Ferrothorn, F|item
|poke|p2|Latias, F|item
|poke|p2|Latios, M|item
|teampreview
|inactive|Battle timer is ON: inactive players will automatically lose when time's up. (requested by JesusKun69)
|inactive|Clawdia Chauchat has 120 seconds left.
|
|t:|1736517387
|start
|switch|p1a: Starmie|Starmie|100/100
|switch|p2a: Latios|Latios, M|100/100
|turn|1
|
|t:|1736517392
|switch|p1a: Shedinja|Shedinja|100/100
|move|p2a: Latios|Draco Meteor|p1a: Shedinja
|-immune|p1a: Shedinja|[from] ability: Wonder Guard
|
|upkeep
|turn|2
|
|t:|1736517399
|switch|p2a: Ferrothorn|Ferrothorn, F, shiny|100/100
|move|p1a: Shedinja|Will-O-Wisp|p2a: Ferrothorn
|-status|p2a: Ferrothorn|brn
|
|-damage|p2a: Ferrothorn|88/100 brn|[from] brn
|upkeep
|turn|3
|
|t:|1736517407
|switch|p1a: Xatu|Xatu, F|100/100
|move|p2a: Ferrothorn|Knock Off|p1a: Xatu
|-supereffective|p1a: Xatu
|-damage|p1a: Xatu|96/100
|-damage|p2a: Ferrothorn|72/100 brn|[from] item: Rocky Helmet|[of] p1a: Xatu
|-enditem|p1a: Xatu|Rocky Helmet|[from] move: Knock Off|[of] p2a: Ferrothorn
|
|-heal|p2a: Ferrothorn|78/100 brn|[from] item: Leftovers
|-damage|p2a: Ferrothorn|65/100 brn|[from] brn
|upkeep
|turn|4
|
|t:|1736517425
|switch|p2a: Politoed|Politoed, F, shiny|100/100
|-weather|RainDance|[from] ability: Drizzle|[of] p2a: Politoed
|move|p1a: Xatu|Night Shade|p2a: Politoed
|-damage|p2a: Politoed|74/100
|
|-weather|RainDance|[upkeep]
|-heal|p2a: Politoed|81/100|[from] item: Leftovers
|upkeep
|turn|5
|
|t:|1736517434
|switch|p2a: Tentacruel|Tentacruel, M|100/100
|move|p1a: Xatu|U-turn|p2a: Tentacruel
|-resisted|p2a: Tentacruel
|-damage|p2a: Tentacruel|93/100
|
|t:|1736517440
|switch|p1a: Starmie|Starmie|100/100|[from] U-turn
|
|-weather|RainDance|[upkeep]
|-heal|p2a: Tentacruel|99/100|[from] ability: Rain Dish
|-heal|p2a: Tentacruel|100/100|[from] item: Black Sludge
|upkeep
|turn|6
|
|t:|1736517460
|move|p2a: Tentacruel|Protect|p2a: Tentacruel
|-singleturn|p2a: Tentacruel|Protect
|move|p1a: Starmie|Thunder|p2a: Tentacruel
|-activate|p2a: Tentacruel|move: Protect
|
|-weather|RainDance|[upkeep]
|upkeep
|turn|7
|
|t:|1736517465
|switch|p2a: Latios|Latios, M|100/100
|move|p1a: Starmie|Thunder|p2a: Latios
|-resisted|p2a: Latios
|-damage|p2a: Latios|67/100
|-damage|p1a: Starmie|91/100|[from] item: Life Orb
|
|-weather|RainDance|[upkeep]
|upkeep
|turn|8
|
|t:|1736517474
|switch|p1a: Shedinja|Shedinja|100/100
|move|p2a: Latios|Trick|p1a: Shedinja
|-activate|p2a: Latios|move: Trick|[of] p1a: Shedinja
|-item|p1a: Shedinja|Choice Scarf|[from] move: Trick
|-item|p2a: Latios|Lum Berry|[from] move: Trick
|
|-weather|RainDance|[upkeep]
|upkeep
|turn|9
|
|t:|1736517485
|switch|p2a: Ferrothorn|Ferrothorn, F, shiny|65/100 brn
|move|p1a: Shedinja|Baton Pass|p1a: Shedinja
|
|t:|1736517489
|switch|p1a: Xatu|Xatu, F|96/100|[from] Baton Pass
|
|-weather|RainDance|[upkeep]
|-heal|p2a: Ferrothorn|72/100 brn|[from] item: Leftovers
|-damage|p2a: Ferrothorn|59/100 brn|[from] brn
|upkeep
|turn|10
|
|t:|1736517500
|switch|p2a: Tentacruel|Tentacruel, M|100/100
|move|p1a: Xatu|Night Shade|p2a: Tentacruel
|-damage|p2a: Tentacruel|73/100
|
|-weather|RainDance|[upkeep]
|-heal|p2a: Tentacruel|79/100|[from] ability: Rain Dish
|-heal|p2a: Tentacruel|85/100|[from] item: Black Sludge
|upkeep
|turn|11
|
|t:|1736517512
|move|p2a: Tentacruel|Toxic Spikes|p1a: Xatu
|move|p1a: Xatu|Toxic Spikes|p2a: Tentacruel|[from]ability: Magic Bounce
|-sidestart|p2: Clawdia Chauchat|move: Toxic Spikes
|move|p1a: Xatu|U-turn|p2a: Tentacruel
|-resisted|p2a: Tentacruel
|-damage|p2a: Tentacruel|77/100
|
|t:|1736517517
|switch|p1a: Garchomp|Garchomp, F|100/100|[from] U-turn
|
|-weather|RainDance|[upkeep]
|-heal|p2a: Tentacruel|83/100|[from] ability: Rain Dish
|-heal|p2a: Tentacruel|90/100|[from] item: Black Sludge
|upkeep
|turn|12
|
|t:|1736517524
|switch|p2a: Latios|Latios, M|67/100
|move|p1a: Garchomp|Earthquake|p2a: Latios
|-immune|p2a: Latios|[from] ability: Levitate
|
|-weather|RainDance|[upkeep]
|upkeep
|turn|13
|
|t:|1736517527
|switch|p1a: Shedinja|Shedinja|100/100
|switch|p2a: Tentacruel|Tentacruel, M|90/100
|-sideend|p2: Clawdia Chauchat|move: Toxic Spikes|[of] p2a: Tentacruel
|
|-weather|RainDance|[upkeep]
|-heal|p2a: Tentacruel|96/100|[from] ability: Rain Dish
|-heal|p2a: Tentacruel|100/100|[from] item: Black Sludge
|upkeep
|turn|14
|
|t:|1736517534
|move|p2a: Tentacruel|Scald|p1a: Shedinja
|-immune|p1a: Shedinja|[from] ability: Wonder Guard
|move|p1a: Shedinja|Will-O-Wisp|p2a: Tentacruel
|-status|p2a: Tentacruel|brn
|
|-weather|RainDance|[upkeep]
|-damage|p2a: Tentacruel|88/100 brn|[from] brn
|upkeep
|turn|15
|
|t:|1736517542
|switch|p1a: Xatu|Xatu, F|96/100
|move|p2a: Tentacruel|Scald|p1a: Xatu
|-damage|p1a: Xatu|46/100
|-status|p1a: Xatu|brn
|
|-weather|RainDance|[upkeep]
|-heal|p2a: Tentacruel|94/100 brn|[from] ability: Rain Dish
|-heal|p2a: Tentacruel|99/100 brn|[from] item: Black Sludge
|-damage|p2a: Tentacruel|88/100 brn|[from] brn
|-damage|p1a: Xatu|34/100 brn|[from] brn
|upkeep
|turn|16
|
|t:|1736517551
|move|p2a: Tentacruel|Toxic Spikes|p1a: Xatu
|move|p1a: Xatu|Toxic Spikes|p2a: Tentacruel|[from]ability: Magic Bounce
|-sidestart|p2: Clawdia Chauchat|move: Toxic Spikes
|move|p1a: Xatu|Roost|p1a: Xatu
|-heal|p1a: Xatu|84/100 brn
|-singleturn|p1a: Xatu|move: Roost
|
|-weather|RainDance|[upkeep]
|-heal|p2a: Tentacruel|94/100 brn|[from] ability: Rain Dish
|-heal|p2a: Tentacruel|99/100 brn|[from] item: Black Sludge
|-damage|p2a: Tentacruel|88/100 brn|[from] brn
|-damage|p1a: Xatu|71/100 brn|[from] brn
|upkeep
|turn|17
|
|t:|1736517554
|move|p2a: Tentacruel|Toxic Spikes|p1a: Xatu
|move|p1a: Xatu|Toxic Spikes|p2a: Tentacruel|[from]ability: Magic Bounce
|-sidestart|p2: Clawdia Chauchat|move: Toxic Spikes
|move|p1a: Xatu|U-turn|p2a: Tentacruel
|-resisted|p2a: Tentacruel
|-damage|p2a: Tentacruel|84/100 brn
|
|t:|1736517563
|switch|p1a: Starmie|Starmie|91/100|[from] U-turn
|
|-weather|RainDance|[upkeep]
|-heal|p2a: Tentacruel|90/100 brn|[from] ability: Rain Dish
|-heal|p2a: Tentacruel|96/100 brn|[from] item: Black Sludge
|-damage|p2a: Tentacruel|83/100 brn|[from] brn
|upkeep
|turn|18
|
|t:|1736517568
|switch|p2a: Ferrothorn|Ferrothorn, F, shiny|59/100 brn
|move|p1a: Starmie|Thunder|p2a: Ferrothorn
|-resisted|p2a: Ferrothorn
|-damage|p2a: Ferrothorn|35/100 brn
|-damage|p1a: Starmie|81/100|[from] item: Life Orb
|
|-weather|RainDance|[upkeep]
|-heal|p2a: Ferrothorn|41/100 brn|[from] item: Leftovers
|-damage|p2a: Ferrothorn|28/100 brn|[from] brn
|upkeep
|turn|19
|
|t:|1736517574
|switch|p2a: Tentacruel|Tentacruel, M|83/100 brn
|-sideend|p2: Clawdia Chauchat|move: Toxic Spikes|[of] p2a: Tentacruel
|move|p1a: Starmie|Hydro Pump|p2a: Tentacruel|[miss]
|-miss|p1a: Starmie|p2a: Tentacruel
|
|-weather|RainDance|[upkeep]
|-heal|p2a: Tentacruel|90/100 brn|[from] ability: Rain Dish
|-heal|p2a: Tentacruel|96/100 brn|[from] item: Black Sludge
|-damage|p2a: Tentacruel|83/100 brn|[from] brn
|upkeep
|turn|20
|
|t:|1736517585
|move|p1a: Starmie|Thunder|p2a: Tentacruel
|-supereffective|p2a: Tentacruel
|-damage|p2a: Tentacruel|14/100 brn
|-damage|p1a: Starmie|71/100|[from] item: Life Orb
|move|p2a: Tentacruel|Toxic Spikes|p1a: Starmie
|-sidestart|p1: JesusKun69|move: Toxic Spikes
|
|-weather|RainDance|[upkeep]
|-heal|p2a: Tentacruel|20/100 brn|[from] ability: Rain Dish
|-heal|p2a: Tentacruel|26/100 brn|[from] item: Black Sludge
|-damage|p2a: Tentacruel|14/100 brn|[from] brn
|upkeep
|turn|21
|
|t:|1736517593
|switch|p2a: Ferrothorn|Ferrothorn, F, shiny|28/100 brn
|move|p1a: Starmie|Rapid Spin|p2a: Ferrothorn
|-resisted|p2a: Ferrothorn
|-damage|p2a: Ferrothorn|27/100 brn
|-damage|p1a: Starmie|58/100|[from] ability: Iron Barbs|[of] p2a: Ferrothorn
|-sideend|p1: JesusKun69|Toxic Spikes|[from] move: Rapid Spin|[of] p1a: Starmie
|-damage|p1a: Starmie|48/100|[from] item: Life Orb
|
|-weather|RainDance|[upkeep]
|-heal|p2a: Ferrothorn|33/100 brn|[from] item: Leftovers
|-damage|p2a: Ferrothorn|21/100 brn|[from] brn
|upkeep
|turn|22
|
|t:|1736517599
|move|p1a: Starmie|Ice Beam|p2a: Ferrothorn
|-damage|p2a: Ferrothorn|0 fnt
|faint|p2a: Ferrothorn
|-damage|p1a: Starmie|38/100|[from] item: Life Orb
|
|-weather|RainDance|[upkeep]
|upkeep
|
|t:|1736517605
|switch|p2a: Latias|Latias, F|100/100
|turn|23
|
|t:|1736517608
|switch|p1a: Shedinja|Shedinja|100/100
|move|p2a: Latias|Dragon Pulse|p1a: Shedinja
|-immune|p1a: Shedinja|[from] ability: Wonder Guard
|
|-weather|RainDance|[upkeep]
|upkeep
|turn|24
|
|t:|1736517614
|move|p2a: Latias|Substitute|p2a: Latias
|-start|p2a: Latias|Substitute
|-damage|p2a: Latias|75/100
|move|p1a: Shedinja|Shadow Claw|p2a: Latias
|-supereffective|p2a: Latias
|-end|p2a: Latias|Substitute
|
|-weather|RainDance|[upkeep]
|-heal|p2a: Latias|82/100|[from] item: Leftovers
|upkeep
|turn|25
|
|t:|1736517629
|switch|p2a: Milotic|Milotic, F, shiny|100/100
|move|p1a: Shedinja|Shadow Claw|p2a: Milotic
|-crit|p2a: Milotic
|-damage|p2a: Milotic|32/100
|
|-weather|RainDance|[upkeep]
|-heal|p2a: Milotic|38/100|[from] item: Leftovers
|upkeep
|turn|26
|
|t:|1736517644
|move|p1a: Shedinja|Shadow Claw|p2a: Milotic
|-damage|p2a: Milotic|0 fnt
|faint|p2a: Milotic
|
|-weather|RainDance|[upkeep]
|upkeep
|l|☆Clawdia Chauchat
|inactive|Clawdia Chauchat disconnected and has a minute to reconnect!
|player|p2|
|inactive|Clawdia Chauchat has 30 seconds to reconnect!
|inactive|Clawdia Chauchat has 20 seconds to reconnect!
|inactive|Clawdia Chauchat has 15 seconds to reconnect!
|inactive|Clawdia Chauchat has 10 seconds to reconnect!
|inactive|Clawdia Chauchat has 5 seconds to reconnect!
|-message|Clawdia Chauchat lost due to inactivity.
|
|win|JesusKun69
|raw|JesusKun69's rating: 1380 &rarr; <strong>1408</strong><br />(+28 for winning)
|raw|Clawdia Chauchat's rating: 1535 &rarr; <strong>1507</strong><br />(-28 for losing)
|l|☆JesusKun69
|player|p1|
|j|☆JesusKun69
|player|p1|JesusKun69|evelyn|
