|j|☆killapokeman
|j|☆Croaset
|t:|1707229398
|gametype|singles
|player|p1|killapokeman|hoopster|1479
|player|p2|Croaset|elesa|1419
|teamsize|p1|6
|teamsize|p2|6
|gen|5
|tier|[Gen 5] OU
|rated|
|rule|Species Clause: Limit one of each Pokémon
|rule|OHKO Clause: OHKO moves are banned
|rule|Moody Clause: Moody is banned
|rule|Evasion Items Clause: Evasion items are banned
|rule|Evasion Moves Clause: Evasion moves are banned
|rule|Endless Battle Clause: Forcing endless battles is banned
|rule|HP Percentage Mod: HP is shown in percentages
|rule|Evasion Abilities Clause: Evasion abilities are banned
|rule|Sleep Moves Clause: Sleep-inducing moves are banned
|rule|Swagger Clause: Swagger is banned
|rule|Baton Pass Stat Clause: No Baton Passer may have a way to boost its stats
|clearpoke
|poke|p1|Kyurem-Black|item
|poke|p1|Tentacruel, M|item
|poke|p1|Heatran, M|item
|poke|p1|Landorus-Therian, M|item
|poke|p1|Chansey, F|item
|poke|p1|Scizor, M|item
|poke|p2|Tyranitar, F|item
|poke|p2|Landorus-Therian, M|item
|poke|p2|Terrakion|item
|poke|p2|Celebi|item
|poke|p2|Excadrill, F|item
|poke|p2|Keldeo|item
|teampreview
|inactive|Battle timer is ON: inactive players will automatically lose when time's up. (requested by killapokeman)
|
|t:|1707229408
|start
|switch|p1a: rex|Landorus-Therian, M|100/100
|switch|p2a: Scary Monsters|Landorus-Therian, M|100/100
|-ability|p1a: rex|Intimidate|boost
|-unboost|p2a: Scary Monsters|atk|1
|-ability|p2a: Scary Monsters|Intimidate|boost
|-unboost|p1a: rex|atk|1
|turn|1
|
|t:|1707229417
|move|p1a: rex|U-turn|p2a: Scary Monsters
|-resisted|p2a: Scary Monsters
|-damage|p2a: Scary Monsters|93/100
|
|t:|1707229426
|switch|p1a: alpha|Kyurem-Black, shiny|100/100|[from] U-turn
|-ability|p1a: alpha|Teravolt
|move|p2a: Scary Monsters|Hidden Power|p1a: alpha
|-damage|p1a: alpha|84/100
|
|-heal|p2a: Scary Monsters|99/100|[from] item: Leftovers
|upkeep
|turn|2
|
|t:|1707229437
|switch|p2a: Heavy Weather|Tyranitar, F|100/100
|-weather|Sandstorm|[from] ability: Sand Stream|[of] p2a: Heavy Weather
|move|p1a: alpha|Ice Beam|p2a: Heavy Weather
|-damage|p2a: Heavy Weather|82/100
|
|-weather|Sandstorm|[upkeep]
|-damage|p1a: alpha|77/100|[from] Sandstorm
|upkeep
|turn|3
|
|t:|1707229441
|switch|p1a: rex|Landorus-Therian, M|100/100
|-ability|p1a: rex|Intimidate|boost
|-unboost|p2a: Heavy Weather|atk|1
|move|p2a: Heavy Weather|Stone Edge|p1a: rex
|-damage|p1a: rex|75/100
|
|-weather|Sandstorm|[upkeep]
|upkeep
|turn|4
|
|t:|1707229448
|switch|p2a: Scary Monsters|Landorus-Therian, M|99/100
|-ability|p2a: Scary Monsters|Intimidate|boost
|-unboost|p1a: rex|atk|1
|move|p1a: rex|U-turn|p2a: Scary Monsters
|-resisted|p2a: Scary Monsters
|-damage|p2a: Scary Monsters|92/100
|
|t:|1707229456
|switch|p1a: alpha|Kyurem-Black, shiny|77/100|[from] U-turn
|-ability|p1a: alpha|Teravolt
|
|-weather|Sandstorm|[upkeep]
|-damage|p1a: alpha|71/100|[from] Sandstorm
|-heal|p2a: Scary Monsters|98/100|[from] item: Leftovers
|upkeep
|turn|5
|
|t:|1707229462
|switch|p2a: Heavy Weather|Tyranitar, F|82/100
|move|p1a: alpha|Ice Beam|p2a: Heavy Weather
|-damage|p2a: Heavy Weather|64/100
|
|-weather|Sandstorm|[upkeep]
|-damage|p1a: alpha|65/100|[from] Sandstorm
|upkeep
|turn|6
|
|t:|1707229471
|-activate|p1a: alpha|move: Pursuit
|move|p2a: Heavy Weather|Pursuit|p1a: alpha|[from]Pursuit
|-damage|p1a: alpha|28/100
|switch|p1a: chubba|Chansey, F, shiny|100/100
|
|-weather|Sandstorm|[upkeep]
|-damage|p1a: chubba|94/100|[from] Sandstorm
|upkeep
|turn|7
|j| bigman1776
|
|t:|1707229488
|switch|p2a: Tusk|Terrakion, shiny|100/100
|move|p1a: chubba|Stealth Rock|p2a: Tusk
|-sidestart|p2: Croaset|move: Stealth Rock
|
|-weather|Sandstorm|[upkeep]
|-damage|p1a: chubba|88/100|[from] Sandstorm
|upkeep
|turn|8
|
|t:|1707229491
|switch|p1a: rex|Landorus-Therian, M|75/100
|-ability|p1a: rex|Intimidate|boost
|-unboost|p2a: Tusk|atk|1
|move|p2a: Tusk|Close Combat|p1a: rex
|-resisted|p1a: rex
|-damage|p1a: rex|57/100
|-unboost|p2a: Tusk|def|1
|-unboost|p2a: Tusk|spd|1
|
|-weather|Sandstorm|[upkeep]
|upkeep
|turn|9
|
|t:|1707229496
|switch|p2a: Scary Monsters|Landorus-Therian, M|98/100
|-damage|p2a: Scary Monsters|86/100|[from] Stealth Rock
|-ability|p2a: Scary Monsters|Intimidate|boost
|-unboost|p1a: rex|atk|1
|move|p1a: rex|U-turn|p2a: Scary Monsters
|-resisted|p2a: Scary Monsters
|-damage|p2a: Scary Monsters|79/100
|
|t:|1707229502
|switch|p1a: alpha|Kyurem-Black, shiny|28/100|[from] U-turn
|-ability|p1a: alpha|Teravolt
|
|-weather|Sandstorm|[upkeep]
|-damage|p1a: alpha|21/100|[from] Sandstorm
|-heal|p2a: Scary Monsters|85/100|[from] item: Leftovers
|upkeep
|turn|10
|
|t:|1707229506
|switch|p1a: rex|Landorus-Therian, M|57/100
|-ability|p1a: rex|Intimidate|boost
|-unboost|p2a: Scary Monsters|atk|1
|switch|p2a: Heavy Weather|Tyranitar, F|64/100
|-damage|p2a: Heavy Weather|52/100|[from] Stealth Rock
|
|-weather|Sandstorm|[upkeep]
|upkeep
|turn|11
|
|t:|1707229514
|switch|p2a: Scary Monsters|Landorus-Therian, M|85/100
|-damage|p2a: Scary Monsters|72/100|[from] Stealth Rock
|-ability|p2a: Scary Monsters|Intimidate|boost
|-unboost|p1a: rex|atk|1
|move|p1a: rex|U-turn|p2a: Scary Monsters
|-resisted|p2a: Scary Monsters
|-damage|p2a: Scary Monsters|65/100
|
|t:|1707229523
|switch|p1a: alpha|Kyurem-Black, shiny|21/100|[from] U-turn
|-ability|p1a: alpha|Teravolt
|
|-weather|Sandstorm|[upkeep]
|-damage|p1a: alpha|15/100|[from] Sandstorm
|-heal|p2a: Scary Monsters|71/100|[from] item: Leftovers
|upkeep
|turn|12
|
|t:|1707229527
|switch|p1a: rex|Landorus-Therian, M|57/100
|-ability|p1a: rex|Intimidate|boost
|-unboost|p2a: Scary Monsters|atk|1
|switch|p2a: Heavy Weather|Tyranitar, F|52/100
|-damage|p2a: Heavy Weather|40/100|[from] Stealth Rock
|
|-weather|Sandstorm|[upkeep]
|upkeep
|turn|13
|
|t:|1707229532
|move|p1a: rex|Hidden Power|p2a: Heavy Weather
|-damage|p2a: Heavy Weather|33/100
|move|p2a: Heavy Weather|Stone Edge|p1a: rex
|-damage|p1a: rex|22/100
|
|-weather|Sandstorm|[upkeep]
|upkeep
|turn|14
|
|t:|1707229540
|switch|p1a: squillium|Tentacruel, M, shiny|100/100
|move|p2a: Heavy Weather|Stone Edge|p1a: squillium
|-damage|p1a: squillium|46/100
|
|-weather|Sandstorm|[upkeep]
|-damage|p1a: squillium|40/100|[from] Sandstorm
|-heal|p1a: squillium|46/100|[from] item: Black Sludge
|upkeep
|turn|15
|
|t:|1707229551
|move|p1a: squillium|Scald|p2a: Heavy Weather
|-supereffective|p2a: Heavy Weather
|-damage|p2a: Heavy Weather|15/100
|-status|p2a: Heavy Weather|brn
|move|p2a: Heavy Weather|Stone Edge|p1a: squillium
|-damage|p1a: squillium|21/100
|
|-weather|Sandstorm|[upkeep]
|-damage|p1a: squillium|15/100|[from] Sandstorm
|-heal|p1a: squillium|21/100|[from] item: Black Sludge
|-damage|p2a: Heavy Weather|2/100 brn|[from] brn
|upkeep
|turn|16
|
|t:|1707229560
|switch|p2a: Ball Breaker|Excadrill, F|100/100
|-damage|p2a: Ball Breaker|97/100|[from] Stealth Rock
|-ability|p2a: Ball Breaker|Mold Breaker
|move|p1a: squillium|Giga Drain|p2a: Ball Breaker
|-crit|p2a: Ball Breaker
|-damage|p2a: Ball Breaker|56/100
|-heal|p1a: squillium|46/100|[from] drain|[of] p2a: Ball Breaker
|
|-weather|Sandstorm|[upkeep]
|-damage|p1a: squillium|40/100|[from] Sandstorm
|-heal|p1a: squillium|46/100|[from] item: Black Sludge
|-heal|p2a: Ball Breaker|63/100|[from] item: Leftovers
|upkeep
|turn|17
|
|t:|1707229568
|move|p1a: squillium|Scald|p2a: Ball Breaker
|-supereffective|p2a: Ball Breaker
|-damage|p2a: Ball Breaker|6/100
|move|p2a: Ball Breaker|Earthquake|p1a: squillium
|-supereffective|p1a: squillium
|-damage|p1a: squillium|0 fnt
|faint|p1a: squillium
|
|-weather|Sandstorm|[upkeep]
|-heal|p2a: Ball Breaker|12/100|[from] item: Leftovers
|upkeep
|
|t:|1707229581
|switch|p1a: rex|Landorus-Therian, M|22/100
|-ability|p1a: rex|Intimidate|boost
|-unboost|p2a: Ball Breaker|atk|1
|turn|18
|
|t:|1707229584
|move|p2a: Ball Breaker|Protect|p2a: Ball Breaker
|-singleturn|p2a: Ball Breaker|Protect
|move|p1a: rex|Hidden Power|p2a: Ball Breaker
|-activate|p2a: Ball Breaker|move: Protect
|
|-weather|Sandstorm|[upkeep]
|-heal|p2a: Ball Breaker|18/100|[from] item: Leftovers
|upkeep
|turn|19
|
|t:|1707229587
|move|p1a: rex|Hidden Power|p2a: Ball Breaker
|-damage|p2a: Ball Breaker|0 fnt
|faint|p2a: Ball Breaker
|
|-weather|Sandstorm|[upkeep]
|upkeep
|
|t:|1707229608
|switch|p2a: Tusk|Terrakion, shiny|100/100
|-damage|p2a: Tusk|94/100|[from] Stealth Rock
|turn|20
|
|t:|1707229614
|switch|p1a: alpha|Kyurem-Black, shiny|15/100
|-ability|p1a: alpha|Teravolt
|move|p2a: Tusk|Close Combat|p1a: alpha
|-supereffective|p1a: alpha
|-damage|p1a: alpha|0 fnt
|-unboost|p2a: Tusk|def|1
|-unboost|p2a: Tusk|spd|1
|faint|p1a: alpha
|
|-weather|Sandstorm|[upkeep]
|upkeep
|
|t:|1707229620
|switch|p1a: rex|Landorus-Therian, M|22/100
|-ability|p1a: rex|Intimidate|boost
|-unboost|p2a: Tusk|atk|1
|turn|21
|
|t:|1707229628
|switch|p2a: Heavy Weather|Tyranitar, F|2/100 brn
|-damage|p2a: Heavy Weather|0 fnt|[from] Stealth Rock
|faint|p2a: Heavy Weather
|move|p1a: rex|U-turn|p2: Heavy Weather|[notarget]
|-fail|p1a: rex
|
|-weather|Sandstorm|[upkeep]
|upkeep
|
|t:|1707229631
|switch|p2a: Tusk|Terrakion, shiny|94/100
|-damage|p2a: Tusk|88/100|[from] Stealth Rock
|turn|22
|
|t:|1707229638
|switch|p1a: omega|Heatran, M, shiny|100/100
|move|p2a: Tusk|Close Combat|p1a: omega
|-supereffective|p1a: omega
|-damage|p1a: omega|0 fnt
|-unboost|p2a: Tusk|def|1
|-unboost|p2a: Tusk|spd|1
|faint|p1a: omega
|
|-weather|Sandstorm|[upkeep]
|upkeep
|
|t:|1707229642
|switch|p1a: rex|Landorus-Therian, M|22/100
|-ability|p1a: rex|Intimidate|boost
|-unboost|p2a: Tusk|atk|1
|turn|23
|
|t:|1707229648
|switch|p2a: Green Green Grass|Celebi|100/100
|-damage|p2a: Green Green Grass|88/100|[from] Stealth Rock
|move|p1a: rex|U-turn|p2a: Green Green Grass
|-supereffective|p2a: Green Green Grass
|-crit|p2a: Green Green Grass
|-damage|p2a: Green Green Grass|0 fnt
|faint|p2a: Green Green Grass
|
|t:|1707229657
|switch|p1a: chubba|Chansey, F, shiny|88/100|[from] U-turn
|
|-weather|Sandstorm|[upkeep]
|-damage|p1a: chubba|82/100|[from] Sandstorm
|upkeep
|
|t:|1707229660
|switch|p2a: Made in Heaven|Keldeo|100/100
|-damage|p2a: Made in Heaven|94/100|[from] Stealth Rock
|turn|24
|
|t:|1707229663
|move|p2a: Made in Heaven|Secret Sword|p1a: chubba
|-supereffective|p1a: chubba
|-damage|p1a: chubba|24/100
|move|p1a: chubba|Thunder Wave|p2a: Made in Heaven
|-status|p2a: Made in Heaven|par
|
|-weather|Sandstorm|[upkeep]
|-damage|p1a: chubba|18/100|[from] Sandstorm
|-damage|p2a: Made in Heaven|88/100 par|[from] Sandstorm
|-heal|p2a: Made in Heaven|94/100 par|[from] item: Leftovers
|upkeep
|turn|25
|
|t:|1707229669
|move|p1a: chubba|Thunder Wave|p2a: Made in Heaven
|-fail|p2a: Made in Heaven|par
|cant|p2a: Made in Heaven|par
|
|-weather|Sandstorm|[upkeep]
|-damage|p1a: chubba|12/100|[from] Sandstorm
|-damage|p2a: Made in Heaven|88/100 par|[from] Sandstorm
|-heal|p2a: Made in Heaven|94/100 par|[from] item: Leftovers
|upkeep
|turn|26
|
|t:|1707229672
|move|p1a: chubba|Seismic Toss|p2a: Made in Heaven
|-damage|p2a: Made in Heaven|63/100 par
|move|p2a: Made in Heaven|Secret Sword|p1a: chubba
|-supereffective|p1a: chubba
|-damage|p1a: chubba|0 fnt
|faint|p1a: chubba
|
|-weather|Sandstorm|[upkeep]
|-damage|p2a: Made in Heaven|57/100 par|[from] Sandstorm
|-heal|p2a: Made in Heaven|63/100 par|[from] item: Leftovers
|upkeep
|
|t:|1707229675
|switch|p1a: rex|Landorus-Therian, M|22/100
|-ability|p1a: rex|Intimidate|boost
|-unboost|p2a: Made in Heaven|atk|1
|turn|27
|
|t:|1707229683
|move|p1a: rex|Earthquake|p2a: Made in Heaven
|-damage|p2a: Made in Heaven|9/100 par
|move|p2a: Made in Heaven|Scald|p1a: rex
|-supereffective|p1a: rex
|-damage|p1a: rex|0 fnt
|faint|p1a: rex
|
|-weather|Sandstorm|[upkeep]
|-damage|p2a: Made in Heaven|3/100 par|[from] Sandstorm
|-heal|p2a: Made in Heaven|9/100 par|[from] item: Leftovers
|upkeep
|
|t:|1707229686
|switch|p1a: don|Scizor, M|100/100
|turn|28
|
|t:|1707229693
|move|p1a: don|Swords Dance|p1a: don
|-boost|p1a: don|atk|2
|move|p2a: Made in Heaven|Scald|p1a: don
|-damage|p1a: don|39/100
|
|-weather|Sandstorm|[upkeep]
|-damage|p2a: Made in Heaven|3/100 par|[from] Sandstorm
|-heal|p2a: Made in Heaven|9/100 par|[from] item: Leftovers
|upkeep
|turn|29
|
|t:|1707229700
|move|p1a: don|Bullet Punch|p2a: Made in Heaven
|-resisted|p2a: Made in Heaven
|-damage|p2a: Made in Heaven|0 fnt
|faint|p2a: Made in Heaven
|-damage|p1a: don|29/100|[from] item: Life Orb
|
|-weather|Sandstorm|[upkeep]
|upkeep
|
|t:|1707229702
|switch|p2a: Scary Monsters|Landorus-Therian, M|71/100
|-damage|p2a: Scary Monsters|58/100|[from] Stealth Rock
|-ability|p2a: Scary Monsters|Intimidate|boost
|-unboost|p1a: don|atk|1
|turn|30
|
|t:|1707229711
|switch|p2a: Tusk|Terrakion, shiny|88/100
|-damage|p2a: Tusk|82/100|[from] Stealth Rock
|move|p1a: don|Bullet Punch|p2a: Tusk
|-supereffective|p2a: Tusk
|-crit|p2a: Tusk
|-damage|p2a: Tusk|0 fnt
|faint|p2a: Tusk
|-damage|p1a: don|19/100|[from] item: Life Orb
|
|-weather|Sandstorm|[upkeep]
|upkeep
|
|t:|1707229713
|switch|p2a: Scary Monsters|Landorus-Therian, M|58/100
|-damage|p2a: Scary Monsters|46/100|[from] Stealth Rock
|-ability|p2a: Scary Monsters|Intimidate|boost
|-unboost|p1a: don|atk|1
|turn|31
|
|t:|1707229715
|move|p1a: don|Bullet Punch|p2a: Scary Monsters
|-damage|p2a: Scary Monsters|4/100
|-damage|p1a: don|9/100|[from] item: Life Orb
|move|p2a: Scary Monsters|Earthquake|p1a: don
|-damage|p1a: don|0 fnt
|faint|p1a: don
|
|win|Croaset
|raw|killapokeman's rating: 1479 &rarr; <strong>1456</strong><br />(-23 for losing)
|raw|Croaset's rating: 1419 &rarr; <strong>1442</strong><br />(+23 for winning)
|l| bigman1776
|c|☆killapokeman|oooo
|l|☆killapokeman
|player|p1|
