|j|☆decision makers
|j|☆fatyfatty
|t:|1749068048
|gametype|singles
|player|p1|decision makers|psychic-gen2|1614
|player|p2|fatyfatty|2|1473
|teamsize|p1|6
|teamsize|p2|6
|gen|5
|tier|[Gen 5] OU
|rated|
|rule|Species Clause: Limit one of each Pokémon
|rule|OHKO Clause: OHKO moves are banned
|rule|Moody Clause: Moody is banned
|rule|Evasion Items Clause: Evasion items are banned
|rule|Evasion Moves Clause: Evasion moves are banned
|rule|Endless Battle Clause: Forcing endless battles is banned
|rule|HP Percentage Mod: HP is shown in percentages
|rule|Evasion Abilities Clause: Evasion abilities are banned
|rule|Sleep Moves Clause: Sleep-inducing moves are banned
|rule|Swagger Clause: Swagger is banned
|rule|Baton Pass Stat Clause: No Baton Passer may have a way to boost its stats
|clearpoke
|poke|p1|Politoed, M|item
|poke|p1|Gyarados, F|item
|poke|p1|Ferrothorn, F|item
|poke|p1|Keldeo-Resolute|item
|poke|p1|Thundurus-Therian, M|item
|poke|p1|Tentacruel, F|item
|poke|p2|Hippowdon, M|item
|poke|p2|Tyranitar, F|item
|poke|p2|Skarmory, M|item
|poke|p2|Reuniclus, M|item
|poke|p2|Amoonguss, M|item
|poke|p2|Poliwrath, M|item
|teampreview
|inactive|Battle timer is ON: inactive players will automatically lose when time's up. (requested by fatyfatty)
|j| pro707
|inactive|decision makers has 120 seconds left.
|
|t:|1749068082
|start
|switch|p1a: Politoed|Politoed, M|100/100
|switch|p2a: Mr. Seton|Amoonguss, M|100/100
|-weather|RainDance|[from] ability: Drizzle|[of] p1a: Politoed
|turn|1
|c|☆decision makers|unwinnable
|c|☆decision makers|:(
|c|☆fatyfatty|I'm bad dw
|
|t:|1749068107
|move|p1a: Politoed|Scald|p2a: Mr. Seton
|-resisted|p2a: Mr. Seton
|-damage|p2a: Mr. Seton|88/100
|move|p2a: Mr. Seton|Stun Spore|p1a: Politoed|[miss]
|-miss|p2a: Mr. Seton|p1a: Politoed
|
|-weather|RainDance|[upkeep]
|-heal|p2a: Mr. Seton|94/100|[from] item: Black Sludge
|upkeep
|turn|2
|c|☆decision makers|it doesnt matter
|c|☆decision makers|no way ur losing this
|
|t:|1749068125
|move|p1a: Politoed|Scald|p2a: Mr. Seton
|-resisted|p2a: Mr. Seton
|-damage|p2a: Mr. Seton|80/100
|move|p2a: Mr. Seton|Stun Spore|p1a: Politoed
|-status|p1a: Politoed|par
|
|-weather|RainDance|[upkeep]
|-heal|p2a: Mr. Seton|86/100|[from] item: Black Sludge
|upkeep
|turn|3
|
|t:|1749068135
|move|p2a: Mr. Seton|Giga Drain|p1a: Politoed
|-supereffective|p1a: Politoed
|-damage|p1a: Politoed|62/100 par
|-heal|p2a: Mr. Seton|100/100|[from] drain|[of] p1a: Politoed
|cant|p1a: Politoed|par
|
|-weather|RainDance|[upkeep]
|-heal|p1a: Politoed|69/100 par|[from] item: Leftovers
|upkeep
|turn|4
|
|t:|1749068140
|switch|p1a: Ferrothorn|Ferrothorn, F, shiny|100/100
|move|p2a: Mr. Seton|Giga Drain|p1a: Ferrothorn
|-resisted|p1a: Ferrothorn
|-crit|p1a: Ferrothorn
|-damage|p1a: Ferrothorn|93/100
|
|-weather|RainDance|[upkeep]
|upkeep
|turn|5
|
|t:|1749068143
|move|p2a: Mr. Seton|Stun Spore|p1a: Ferrothorn
|-status|p1a: Ferrothorn|par
|move|p1a: Ferrothorn|Stealth Rock|p2a: Mr. Seton
|-sidestart|p2: fatyfatty|move: Stealth Rock
|
|-weather|RainDance|[upkeep]
|upkeep
|turn|6
|
|t:|1749068150
|switch|p2a: Hippo|Hippowdon, M|100/100
|-damage|p2a: Hippo|94/100|[from] Stealth Rock
|-weather|Sandstorm|[from] ability: Sand Stream|[of] p2a: Hippo
|switch|p1a: Keldeo|Keldeo-Resolute|100/100
|
|-weather|Sandstorm|[upkeep]
|-damage|p1a: Keldeo|94/100|[from] Sandstorm
|upkeep
|turn|7
|
|t:|1749068157
|switch|p2a: Mr. Seton|Amoonguss, M|100/100
|-damage|p2a: Mr. Seton|88/100|[from] Stealth Rock
|move|p1a: Keldeo|Hidden Power|p2a: Mr. Seton
|-supereffective|p2a: Mr. Seton
|-damage|p2a: Mr. Seton|50/100
|
|-weather|Sandstorm|[upkeep]
|-damage|p1a: Keldeo|88/100|[from] Sandstorm
|-damage|p2a: Mr. Seton|44/100|[from] Sandstorm
|-heal|p2a: Mr. Seton|50/100|[from] item: Black Sludge
|upkeep
|turn|8
|
|t:|1749068166
|switch|p1a: Thundurus|Thundurus-Therian, M, shiny|100/100
|move|p2a: Mr. Seton|Giga Drain|p1a: Thundurus
|-resisted|p1a: Thundurus
|-damage|p1a: Thundurus|86/100
|-heal|p2a: Mr. Seton|55/100|[from] drain|[of] p1a: Thundurus
|
|-weather|Sandstorm|[upkeep]
|-damage|p1a: Thundurus|80/100|[from] Sandstorm
|-damage|p2a: Mr. Seton|49/100|[from] Sandstorm
|-heal|p1a: Thundurus|86/100|[from] item: Leftovers
|-heal|p2a: Mr. Seton|55/100|[from] item: Black Sludge
|upkeep
|turn|9
|
|t:|1749068172
|move|p1a: Thundurus|Hidden Power|p2a: Mr. Seton
|-supereffective|p2a: Mr. Seton
|-damage|p2a: Mr. Seton|14/100
|move|p2a: Mr. Seton|Sludge Bomb|p1a: Thundurus
|-crit|p1a: Thundurus
|-damage|p1a: Thundurus|23/100
|-status|p1a: Thundurus|psn
|
|-weather|Sandstorm|[upkeep]
|-damage|p1a: Thundurus|17/100 psn|[from] Sandstorm
|-damage|p2a: Mr. Seton|8/100|[from] Sandstorm
|-heal|p1a: Thundurus|23/100 psn|[from] item: Leftovers
|-heal|p2a: Mr. Seton|14/100|[from] item: Black Sludge
|-damage|p1a: Thundurus|11/100 psn|[from] psn
|upkeep
|turn|10
|c|☆fatyfatty|mb
|c|☆fatyfatty|lol
|
|t:|1749068186
|switch|p2a: Psicopata|Reuniclus, M|100/100
|move|p1a: Thundurus|Thunder|p2a: Psicopata
|-damage|p2a: Psicopata|42/100
|
|-weather|Sandstorm|[upkeep]
|-damage|p1a: Thundurus|5/100 psn|[from] Sandstorm
|-heal|p1a: Thundurus|11/100 psn|[from] item: Leftovers
|-damage|p1a: Thundurus|0 fnt|[from] psn
|faint|p1a: Thundurus
|upkeep
|
|t:|1749068194
|switch|p1a: Gyarados|Gyarados, F|100/100
|-ability|p1a: Gyarados|Intimidate|boost
|-unboost|p2a: Psicopata|atk|1
|turn|11
|
|t:|1749068197
|switch|p2a: Acerondor|Skarmory, M|100/100
|-damage|p2a: Acerondor|88/100|[from] Stealth Rock
|move|p1a: Gyarados|Dragon Dance|p1a: Gyarados
|-boost|p1a: Gyarados|atk|1
|-boost|p1a: Gyarados|spe|1
|
|-weather|Sandstorm|[upkeep]
|-damage|p1a: Gyarados|94/100|[from] Sandstorm
|-heal|p1a: Gyarados|100/100|[from] item: Leftovers
|upkeep
|turn|12
|
|t:|1749068200
|move|p1a: Gyarados|Waterfall|p2a: Acerondor
|-crit|p2a: Acerondor
|-damage|p2a: Acerondor|0 fnt
|-damage|p1a: Gyarados|84/100|[from] item: Rocky Helmet|[of] p2a: Acerondor
|faint|p2a: Acerondor
|
|-weather|Sandstorm|[upkeep]
|-damage|p1a: Gyarados|78/100|[from] Sandstorm
|-heal|p1a: Gyarados|84/100|[from] item: Leftovers
|upkeep
|
|t:|1749068203
|switch|p2a: PoliCorrupto|Poliwrath, M|100/100
|-damage|p2a: PoliCorrupto|94/100|[from] Stealth Rock
|turn|13
|
|t:|1749068210
|switch|p1a: Politoed|Politoed, M|69/100 par
|-weather|RainDance|[from] ability: Drizzle|[of] p1a: Politoed
|move|p2a: PoliCorrupto|Circle Throw|p1a: Politoed
|-damage|p1a: Politoed|52/100 par
|drag|p1a: Gyarados|Gyarados, F|84/100
|-ability|p1a: Gyarados|Intimidate|boost
|-unboost|p2a: PoliCorrupto|atk|1
|
|-weather|RainDance|[upkeep]
|-heal|p1a: Gyarados|90/100|[from] item: Leftovers
|-heal|p2a: PoliCorrupto|100/100|[from] item: Leftovers
|upkeep
|turn|14
|
|t:|1749068215
|switch|p1a: Tentacruel|Tentacruel, F, shiny|100/100
|move|p2a: PoliCorrupto|Scald|p1a: Tentacruel
|-resisted|p1a: Tentacruel
|-crit|p1a: Tentacruel
|-damage|p1a: Tentacruel|77/100
|
|-weather|RainDance|[upkeep]
|-heal|p1a: Tentacruel|83/100|[from] ability: Rain Dish
|-heal|p1a: Tentacruel|89/100|[from] item: Black Sludge
|upkeep
|turn|15
|
|t:|1749068218
|move|p1a: Tentacruel|Substitute|p1a: Tentacruel
|-start|p1a: Tentacruel|Substitute
|-damage|p1a: Tentacruel|64/100
|move|p2a: PoliCorrupto|Scald|p1a: Tentacruel
|-resisted|p1a: Tentacruel
|-activate|p1a: Tentacruel|Substitute|[damage]
|
|-weather|RainDance|[upkeep]
|-heal|p1a: Tentacruel|70/100|[from] ability: Rain Dish
|-heal|p1a: Tentacruel|76/100|[from] item: Black Sludge
|upkeep
|turn|16
|
|t:|1749068224
|move|p1a: Tentacruel|Scald|p2a: PoliCorrupto
|-immune|p2a: PoliCorrupto|[from] ability: Water Absorb
|move|p2a: PoliCorrupto|Scald|p1a: Tentacruel
|-resisted|p1a: Tentacruel
|-end|p1a: Tentacruel|Substitute
|
|-weather|RainDance|[upkeep]
|-heal|p1a: Tentacruel|82/100|[from] ability: Rain Dish
|-heal|p1a: Tentacruel|88/100|[from] item: Black Sludge
|upkeep
|turn|17
|
|t:|1749068227
|switch|p2a: Hippo|Hippowdon, M|94/100
|-damage|p2a: Hippo|88/100|[from] Stealth Rock
|-weather|Sandstorm|[from] ability: Sand Stream|[of] p2a: Hippo
|move|p1a: Tentacruel|Substitute|p1a: Tentacruel
|-start|p1a: Tentacruel|Substitute
|-damage|p1a: Tentacruel|63/100
|
|-weather|Sandstorm|[upkeep]
|-damage|p1a: Tentacruel|57/100|[from] Sandstorm
|-heal|p1a: Tentacruel|63/100|[from] item: Black Sludge
|upkeep
|turn|18
|
|t:|1749068230
|switch|p2a: PoliCorrupto|Poliwrath, M|100/100
|-damage|p2a: PoliCorrupto|94/100|[from] Stealth Rock
|move|p1a: Tentacruel|Scald|p2a: PoliCorrupto
|-heal|p2a: PoliCorrupto|100/100|[from] ability: Water Absorb|[of] p1a: Tentacruel
|
|-weather|Sandstorm|[upkeep]
|-damage|p1a: Tentacruel|57/100|[from] Sandstorm
|-damage|p2a: PoliCorrupto|94/100|[from] Sandstorm
|-heal|p1a: Tentacruel|63/100|[from] item: Black Sludge
|-heal|p2a: PoliCorrupto|100/100|[from] item: Leftovers
|upkeep
|turn|19
|
|t:|1749068235
|switch|p1a: Politoed|Politoed, M|52/100 par
|-weather|RainDance|[from] ability: Drizzle|[of] p1a: Politoed
|move|p2a: PoliCorrupto|Scald|p1a: Politoed
|-resisted|p1a: Politoed
|-damage|p1a: Politoed|38/100 par
|
|-weather|RainDance|[upkeep]
|-heal|p1a: Politoed|45/100 par|[from] item: Leftovers
|upkeep
|turn|20
|
|t:|1749068239
|cant|p1a: Politoed|par
|move|p2a: PoliCorrupto|Circle Throw|p1a: Politoed
|-damage|p1a: Politoed|27/100 par
|drag|p1a: Keldeo|Keldeo-Resolute|88/100
|
|-weather|RainDance|[upkeep]
|upkeep
|turn|21
|c|☆decision makers|lol
|c|☆decision makers|was
|c|☆decision makers|over
|c|☆decision makers|i swear
|
|t:|1749068254
|move|p1a: Keldeo|Secret Sword|p2a: PoliCorrupto
|-damage|p2a: PoliCorrupto|72/100
|move|p2a: PoliCorrupto|Circle Throw|p1a: Keldeo
|-damage|p1a: Keldeo|68/100
|drag|p1a: Tentacruel|Tentacruel, F, shiny|63/100
|
|-weather|RainDance|[upkeep]
|-heal|p1a: Tentacruel|69/100|[from] ability: Rain Dish
|-heal|p1a: Tentacruel|75/100|[from] item: Black Sludge
|-heal|p2a: PoliCorrupto|78/100|[from] item: Leftovers
|upkeep
|turn|22
|
|t:|1749068260
|switch|p1a: Politoed|Politoed, M|27/100 par
|switch|p2a: Hippo|Hippowdon, M|88/100
|-damage|p2a: Hippo|82/100|[from] Stealth Rock
|-weather|Sandstorm|[from] ability: Sand Stream|[of] p2a: Hippo
|
|-weather|Sandstorm|[upkeep]
|-damage|p1a: Politoed|20/100 par|[from] Sandstorm
|-heal|p1a: Politoed|27/100 par|[from] item: Leftovers
|upkeep
|turn|23
|
|t:|1749068268
|switch|p1a: Gyarados|Gyarados, F|90/100
|-ability|p1a: Gyarados|Intimidate|boost
|-unboost|p2a: Hippo|atk|1
|move|p2a: Hippo|Stealth Rock|p1a: Gyarados
|-sidestart|p1: decision makers|move: Stealth Rock
|
|-weather|Sandstorm|[upkeep]
|-damage|p1a: Gyarados|84/100|[from] Sandstorm
|-heal|p1a: Gyarados|90/100|[from] item: Leftovers
|upkeep
|turn|24
|
|t:|1749068272
|switch|p1a: Tentacruel|Tentacruel, F, shiny|75/100
|-damage|p1a: Tentacruel|63/100|[from] Stealth Rock
|switch|p2a: PoliCorrupto|Poliwrath, M|78/100
|-damage|p2a: PoliCorrupto|72/100|[from] Stealth Rock
|
|-weather|Sandstorm|[upkeep]
|-damage|p1a: Tentacruel|57/100|[from] Sandstorm
|-damage|p2a: PoliCorrupto|66/100|[from] Sandstorm
|-heal|p1a: Tentacruel|63/100|[from] item: Black Sludge
|-heal|p2a: PoliCorrupto|72/100|[from] item: Leftovers
|upkeep
|turn|25
|
|t:|1749068275
|move|p1a: Tentacruel|Rapid Spin|p2a: PoliCorrupto
|-damage|p2a: PoliCorrupto|70/100
|-sideend|p1: decision makers|Stealth Rock|[from] move: Rapid Spin|[of] p1a: Tentacruel
|move|p2a: PoliCorrupto|Scald|p1a: Tentacruel
|-resisted|p1a: Tentacruel
|-damage|p1a: Tentacruel|54/100
|
|-weather|Sandstorm|[upkeep]
|-damage|p1a: Tentacruel|48/100|[from] Sandstorm
|-damage|p2a: PoliCorrupto|64/100|[from] Sandstorm
|-heal|p1a: Tentacruel|54/100|[from] item: Black Sludge
|-heal|p2a: PoliCorrupto|70/100|[from] item: Leftovers
|upkeep
|turn|26
|
|t:|1749068282
|switch|p1a: Politoed|Politoed, M|27/100 par
|-weather|RainDance|[from] ability: Drizzle|[of] p1a: Politoed
|move|p2a: PoliCorrupto|Scald|p1a: Politoed
|-resisted|p1a: Politoed
|-damage|p1a: Politoed|12/100 par
|
|-weather|RainDance|[upkeep]
|-heal|p2a: PoliCorrupto|76/100|[from] item: Leftovers
|-heal|p1a: Politoed|19/100 par|[from] item: Leftovers
|upkeep
|turn|27
|
|t:|1749068285
|move|p1a: Politoed|Toxic|p2a: PoliCorrupto
|-status|p2a: PoliCorrupto|tox
|move|p2a: PoliCorrupto|Circle Throw|p1a: Politoed
|-damage|p1a: Politoed|3/100 par
|drag|p1a: Gyarados|Gyarados, F|90/100
|-ability|p1a: Gyarados|Intimidate|boost
|-unboost|p2a: PoliCorrupto|atk|1
|
|-weather|RainDance|[upkeep]
|-heal|p1a: Gyarados|96/100|[from] item: Leftovers
|-heal|p2a: PoliCorrupto|82/100 tox|[from] item: Leftovers
|-damage|p2a: PoliCorrupto|76/100 tox|[from] psn
|upkeep
|turn|28
|
|t:|1749068289
|move|p1a: Gyarados|Substitute|p1a: Gyarados
|-start|p1a: Gyarados|Substitute
|-damage|p1a: Gyarados|71/100
|move|p2a: PoliCorrupto|Rest|p2a: PoliCorrupto
|-status|p2a: PoliCorrupto|slp|[from] move: Rest
|-heal|p2a: PoliCorrupto|100/100 slp|[silent]
|
|-weather|RainDance|[upkeep]
|-heal|p1a: Gyarados|77/100|[from] item: Leftovers
|upkeep
|turn|29
|
|t:|1749068296
|switch|p2a: Hippo|Hippowdon, M|82/100
|-damage|p2a: Hippo|76/100|[from] Stealth Rock
|-weather|Sandstorm|[from] ability: Sand Stream|[of] p2a: Hippo
|move|p1a: Gyarados|Dragon Dance|p1a: Gyarados
|-boost|p1a: Gyarados|atk|1
|-boost|p1a: Gyarados|spe|1
|
|-weather|Sandstorm|[upkeep]
|-damage|p1a: Gyarados|71/100|[from] Sandstorm
|-heal|p1a: Gyarados|77/100|[from] item: Leftovers
|upkeep
|turn|30
|
|t:|1749068301
|move|p1a: Gyarados|Waterfall|p2a: Hippo
|-supereffective|p2a: Hippo
|-damage|p2a: Hippo|4/100
|-damage|p1a: Gyarados|61/100|[from] item: Rocky Helmet|[of] p2a: Hippo
|move|p2a: Hippo|Whirlwind|p1a: Gyarados
|drag|p1a: Politoed|Politoed, M|3/100 par
|-weather|RainDance|[from] ability: Drizzle|[of] p1a: Politoed
|
|-weather|RainDance|[upkeep]
|-heal|p1a: Politoed|9/100 par|[from] item: Leftovers
|upkeep
|turn|31
|
|t:|1749068310
|move|p2a: Hippo|Slack Off|p2a: Hippo
|-heal|p2a: Hippo|54/100
|cant|p1a: Politoed|par
|
|-weather|RainDance|[upkeep]
|-heal|p1a: Politoed|16/100 par|[from] item: Leftovers
|upkeep
|turn|32
|
|t:|1749068313
|move|p2a: Hippo|Earthquake|p1a: Politoed
|-damage|p1a: Politoed|0 fnt
|faint|p1a: Politoed
|
|-weather|RainDance|[upkeep]
|upkeep
|
|t:|1749068315
|switch|p1a: Gyarados|Gyarados, F|61/100
|-ability|p1a: Gyarados|Intimidate|boost
|-unboost|p2a: Hippo|atk|1
|turn|33
|l| pro707
|
|t:|1749068331
|switch|p2a: Psicopata|Reuniclus, M|42/100
|move|p1a: Gyarados|Waterfall|p2a: Psicopata
|-crit|p2a: Psicopata
|-damage|p2a: Psicopata|0 fnt
|-damage|p1a: Gyarados|44/100|[from] item: Rocky Helmet|[of] p2a: Psicopata
|faint|p2a: Psicopata
|
|-weather|RainDance|[upkeep]
|-heal|p1a: Gyarados|50/100|[from] item: Leftovers
|upkeep
|
|t:|1749068334
|switch|p2a: Jurasica|Tyranitar, F|100/100
|-damage|p2a: Jurasica|88/100|[from] Stealth Rock
|-weather|Sandstorm|[from] ability: Sand Stream|[of] p2a: Jurasica
|turn|34
|
|t:|1749068342
|move|p2a: Jurasica|Pursuit|p1a: Gyarados
|-damage|p1a: Gyarados|25/100
|move|p1a: Gyarados|Dragon Dance|p1a: Gyarados
|-boost|p1a: Gyarados|atk|1
|-boost|p1a: Gyarados|spe|1
|
|-weather|Sandstorm|[upkeep]
|-damage|p1a: Gyarados|19/100|[from] Sandstorm
|-heal|p1a: Gyarados|25/100|[from] item: Leftovers
|upkeep
|turn|35
|
|t:|1749068348
|switch|p2a: PoliCorrupto|Poliwrath, M|100/100 slp
|-damage|p2a: PoliCorrupto|94/100 slp|[from] Stealth Rock
|move|p1a: Gyarados|Waterfall|p2a: PoliCorrupto
|-heal|p2a: PoliCorrupto|100/100 slp|[from] ability: Water Absorb|[of] p1a: Gyarados
|
|-weather|Sandstorm|[upkeep]
|-damage|p1a: Gyarados|19/100|[from] Sandstorm
|-damage|p2a: PoliCorrupto|94/100 slp|[from] Sandstorm
|-heal|p1a: Gyarados|25/100|[from] item: Leftovers
|-heal|p2a: PoliCorrupto|100/100 slp|[from] item: Leftovers
|upkeep
|turn|36
|
|t:|1749068354
|move|p1a: Gyarados|Dragon Dance|p1a: Gyarados
|-boost|p1a: Gyarados|atk|1
|-boost|p1a: Gyarados|spe|1
|cant|p2a: PoliCorrupto|slp
|move|p2a: PoliCorrupto|Sleep Talk|p2a: PoliCorrupto
|move|p2a: PoliCorrupto|Rest||[from] move: Sleep Talk|[still]
|-fail|p2a: PoliCorrupto
|
|-weather|Sandstorm|[upkeep]
|-damage|p1a: Gyarados|19/100|[from] Sandstorm
|-damage|p2a: PoliCorrupto|94/100 slp|[from] Sandstorm
|-heal|p1a: Gyarados|25/100|[from] item: Leftovers
|-heal|p2a: PoliCorrupto|100/100 slp|[from] item: Leftovers
|upkeep
|turn|37
|
|t:|1749068357
|move|p1a: Gyarados|Bite|p2a: PoliCorrupto
|-resisted|p2a: PoliCorrupto
|-damage|p2a: PoliCorrupto|88/100 slp
|cant|p2a: PoliCorrupto|slp
|move|p2a: PoliCorrupto|Sleep Talk|p2a: PoliCorrupto
|move|p2a: PoliCorrupto|Circle Throw|p1a: Gyarados|[from] move: Sleep Talk
|-resisted|p1a: Gyarados
|-damage|p1a: Gyarados|13/100
|drag|p1a: Tentacruel|Tentacruel, F, shiny|54/100
|
|-weather|Sandstorm|[upkeep]
|-damage|p1a: Tentacruel|48/100|[from] Sandstorm
|-damage|p2a: PoliCorrupto|82/100 slp|[from] Sandstorm
|-heal|p1a: Tentacruel|54/100|[from] item: Black Sludge
|-heal|p2a: PoliCorrupto|88/100 slp|[from] item: Leftovers
|upkeep
|turn|38
|
|t:|1749068367
|switch|p1a: Keldeo|Keldeo-Resolute|68/100
|-curestatus|p2a: PoliCorrupto|slp|[msg]
|move|p2a: PoliCorrupto|Scald|p1a: Keldeo
|-resisted|p1a: Keldeo
|-crit|p1a: Keldeo
|-damage|p1a: Keldeo|43/100
|-status|p1a: Keldeo|brn
|
|-weather|Sandstorm|[upkeep]
|-damage|p1a: Keldeo|37/100 brn|[from] Sandstorm
|-damage|p2a: PoliCorrupto|82/100|[from] Sandstorm
|-heal|p2a: PoliCorrupto|88/100|[from] item: Leftovers
|-damage|p1a: Keldeo|24/100 brn|[from] brn
|upkeep
|turn|39
|
|t:|1749068378
|switch|p2a: Hippo|Hippowdon, M|54/100
|-damage|p2a: Hippo|48/100|[from] Stealth Rock
|move|p1a: Keldeo|Secret Sword|p2a: Hippo
|-damage|p2a: Hippo|23/100
|
|-weather|Sandstorm|[upkeep]
|-damage|p1a: Keldeo|18/100 brn|[from] Sandstorm
|-damage|p1a: Keldeo|6/100 brn|[from] brn
|upkeep
|turn|40
|
|t:|1749068383
|move|p1a: Keldeo|Secret Sword|p2a: Hippo
|-crit|p2a: Hippo
|-damage|p2a: Hippo|0 fnt
|faint|p2a: Hippo
|
|-weather|Sandstorm|[upkeep]
|-damage|p1a: Keldeo|0 fnt|[from] Sandstorm
|faint|p1a: Keldeo
|upkeep
|
|t:|1749068388
|switch|p1a: Gyarados|Gyarados, F|13/100
|switch|p2a: Mr. Seton|Amoonguss, M|47/100
|-ability|p1a: Gyarados|Intimidate|boost
|-unboost|p2a: Mr. Seton|atk|1
|-damage|p2a: Mr. Seton|35/100|[from] Stealth Rock
|turn|41
|
|t:|1749068394
|switch|p1a: Ferrothorn|Ferrothorn, F, shiny|93/100 par
|switch|p2a: PoliCorrupto|Poliwrath, M|88/100
|-damage|p2a: PoliCorrupto|82/100|[from] Stealth Rock
|
|-weather|Sandstorm|[upkeep]
|-damage|p2a: PoliCorrupto|76/100|[from] Sandstorm
|-heal|p2a: PoliCorrupto|82/100|[from] item: Leftovers
|upkeep
|turn|42
|
|t:|1749068399
|switch|p2a: Mr. Seton|Amoonguss, M|68/100
|-damage|p2a: Mr. Seton|56/100|[from] Stealth Rock
|cant|p1a: Ferrothorn|par
|
|-weather|Sandstorm|[upkeep]
|-damage|p2a: Mr. Seton|50/100|[from] Sandstorm
|-heal|p2a: Mr. Seton|56/100|[from] item: Black Sludge
|upkeep
|turn|43
|
|t:|1749068402
|move|p2a: Mr. Seton|Hidden Power|p1a: Ferrothorn
|-supereffective|p1a: Ferrothorn
|-damage|p1a: Ferrothorn|52/100 par
|cant|p1a: Ferrothorn|par
|
|-weather|Sandstorm|[upkeep]
|-damage|p2a: Mr. Seton|50/100|[from] Sandstorm
|-heal|p2a: Mr. Seton|56/100|[from] item: Black Sludge
|upkeep
|turn|44
|c|☆decision makers|lol
|
|t:|1749068407
|move|p2a: Mr. Seton|Hidden Power|p1a: Ferrothorn
|-supereffective|p1a: Ferrothorn
|-damage|p1a: Ferrothorn|13/100 par
|move|p1a: Ferrothorn|Gyro Ball|p2a: Mr. Seton
|-crit|p2a: Mr. Seton
|-damage|p2a: Mr. Seton|0 fnt
|faint|p2a: Mr. Seton
|
|-weather|Sandstorm|[upkeep]
|upkeep
|
|t:|1749068416
|switch|p2a: Jurasica|Tyranitar, F|88/100
|-damage|p2a: Jurasica|76/100|[from] Stealth Rock
|turn|45
|
|t:|1749068420
|switch|p1a: Gyarados|Gyarados, F|13/100
|-ability|p1a: Gyarados|Intimidate|boost
|-unboost|p2a: Jurasica|atk|1
|move|p2a: Jurasica|Stone Edge|p1a: Gyarados
|-supereffective|p1a: Gyarados
|-crit|p1a: Gyarados
|-damage|p1a: Gyarados|0 fnt
|faint|p1a: Gyarados
|
|-weather|Sandstorm|[upkeep]
|upkeep
|
|t:|1749068424
|switch|p1a: Ferrothorn|Ferrothorn, F, shiny|13/100 par
|turn|46
|
|t:|1749068427
|switch|p2a: PoliCorrupto|Poliwrath, M|82/100
|-damage|p2a: PoliCorrupto|76/100|[from] Stealth Rock
|move|p1a: Ferrothorn|Gyro Ball|p2a: PoliCorrupto
|-resisted|p2a: PoliCorrupto
|-damage|p2a: PoliCorrupto|59/100
|
|-weather|Sandstorm|[upkeep]
|-damage|p2a: PoliCorrupto|53/100|[from] Sandstorm
|-heal|p2a: PoliCorrupto|59/100|[from] item: Leftovers
|upkeep
|turn|47
|
|t:|1749068431
|move|p1a: Ferrothorn|Power Whip|p2a: PoliCorrupto
|-supereffective|p2a: PoliCorrupto
|-damage|p2a: PoliCorrupto|3/100
|move|p2a: PoliCorrupto|Circle Throw|p1a: Ferrothorn
|-supereffective|p1a: Ferrothorn
|-enditem|p1a: Ferrothorn|Chople Berry|[eat]
|-enditem|p1a: Ferrothorn|Chople Berry|[weaken]
|-damage|p1a: Ferrothorn|1/100 par
|-damage|p2a: PoliCorrupto|0 fnt|[from] ability: Iron Barbs|[of] p1a: Ferrothorn
|faint|p2a: PoliCorrupto
|drag|p1a: Tentacruel|Tentacruel, F, shiny|54/100
|
|-weather|Sandstorm|[upkeep]
|-damage|p1a: Tentacruel|48/100|[from] Sandstorm
|-heal|p1a: Tentacruel|54/100|[from] item: Black Sludge
|upkeep
|
|t:|1749068434
|switch|p2a: Jurasica|Tyranitar, F|76/100
|-damage|p2a: Jurasica|64/100|[from] Stealth Rock
|turn|48
|
|t:|1749068437
|move|p1a: Tentacruel|Protect|p1a: Tentacruel
|-singleturn|p1a: Tentacruel|Protect
|move|p2a: Jurasica|Crunch|p1a: Tentacruel
|-activate|p1a: Tentacruel|move: Protect
|
|-weather|Sandstorm|[upkeep]
|-damage|p1a: Tentacruel|48/100|[from] Sandstorm
|-heal|p1a: Tentacruel|54/100|[from] item: Black Sludge
|upkeep
|turn|49
|
|t:|1749068441
|move|p2a: Jurasica|Crunch|p1a: Tentacruel
|-crit|p1a: Tentacruel
|-damage|p1a: Tentacruel|0 fnt
|faint|p1a: Tentacruel
|
|-weather|Sandstorm|[upkeep]
|upkeep
|c|☆decision makers|thats
|c|☆decision makers|really bullshit
|c|☆decision makers|gg
|
|t:|1749068455
|switch|p1a: Ferrothorn|Ferrothorn, F, shiny|1/100 par
|turn|50
|
|t:|1749068458
|move|p2a: Jurasica|Crunch|p1a: Ferrothorn
|-resisted|p1a: Ferrothorn
|-damage|p1a: Ferrothorn|0 fnt
|-damage|p2a: Jurasica|51/100|[from] ability: Iron Barbs|[of] p1a: Ferrothorn
|faint|p1a: Ferrothorn
|
|win|fatyfatty
|raw|decision makers's rating: 1614 &rarr; <strong>1586</strong><br />(-28 for losing)
|raw|fatyfatty's rating: 1473 &rarr; <strong>1501</strong><br />(+28 for winning)
