|j|☆SPDsassmitimAuto
|j|☆nov.rain
|t:|1739488029
|gametype|singles
|player|p1|SPDsassmitimAuto|1|1537
|player|p2|nov.rain|169|1398
|teamsize|p1|6
|teamsize|p2|6
|gen|5
|tier|[Gen 5] OU
|rated|
|rule|Species Clause: Limit one of each Pokémon
|rule|OHKO Clause: OHKO moves are banned
|rule|Moody Clause: Moody is banned
|rule|Evasion Items Clause: Evasion items are banned
|rule|Evasion Moves Clause: Evasion moves are banned
|rule|Endless Battle Clause: Forcing endless battles is banned
|rule|HP Percentage Mod: HP is shown in percentages
|rule|Evasion Abilities Clause: Evasion abilities are banned
|rule|Sleep Moves Clause: Sleep-inducing moves are banned
|rule|Swagger Clause: Swagger is banned
|rule|Baton Pass Stat Clause: No Baton Passer may have a way to boost its stats
|clearpoke
|poke|p1|Politoed, M|item
|poke|p1|Starmie|item
|poke|p1|Keldeo|item
|poke|p1|Latios, M|item
|poke|p1|Tornadus, M|item
|poke|p1|Ferrothorn, M|item
|poke|p2|Tyranitar, F|item
|poke|p2|Landorus-Therian, M|item
|poke|p2|Keldeo-Resolute|item
|poke|p2|Ferrothorn, M|item
|poke|p2|Mienshao, F|item
|poke|p2|Rotom-Wash|item
|teampreview
|inactive|Battle timer is ON: inactive players will automatically lose when time's up. (requested by nov.rain)
|
|t:|1739488049
|start
|switch|p1a: Ferrothorn|Ferrothorn, M|100/100
|switch|p2a: Dir-T Laund-Ri|Rotom-Wash|100/100
|turn|1
|
|t:|1739488052
|move|p2a: Dir-T Laund-Ri|Volt Switch|p1a: Ferrothorn
|-resisted|p1a: Ferrothorn
|-damage|p1a: Ferrothorn|89/100
|
|t:|1739488054
|switch|p2a: Balls|Ferrothorn, M, shiny|100/100|[from] Volt Switch
|move|p1a: Ferrothorn|Stealth Rock|p2a: Balls
|-sidestart|p2: nov.rain|move: Stealth Rock
|
|-heal|p1a: Ferrothorn|95/100|[from] item: Leftovers
|upkeep
|turn|2
|
|t:|1739488056
|switch|p1a: Tornadus|Tornadus, M|100/100
|move|p2a: Balls|Stealth Rock|p1a: Tornadus
|-sidestart|p1: SPDsassmitimAuto|move: Stealth Rock
|
|upkeep
|turn|3
|
|t:|1739488080
|switch|p2a: Tina|Tyranitar, F, shiny|100/100
|-damage|p2a: Tina|88/100|[from] Stealth Rock
|-weather|Sandstorm|[from] ability: Sand Stream|[of] p2a: Tina
|move|p1a: Tornadus|Focus Blast|p2a: Tina|[miss]
|-miss|p1a: Tornadus|p2a: Tina
|
|-weather|Sandstorm|[upkeep]
|-damage|p1a: Tornadus|94/100|[from] Sandstorm
|upkeep
|turn|4
|
|t:|1739488085
|move|p1a: Tornadus|Focus Blast|p2a: Tina
|-supereffective|p2a: Tina
|-crit|p2a: Tina
|-enditem|p2a: Tina|Chople Berry|[eat]
|-enditem|p2a: Tina|Chople Berry|[weaken]
|-damage|p2a: Tina|0 fnt
|faint|p2a: Tina
|
|-weather|Sandstorm|[upkeep]
|-damage|p1a: Tornadus|88/100|[from] Sandstorm
|upkeep
|
|t:|1739488089
|switch|p2a: Dir-T Laund-Ri|Rotom-Wash|100/100
|-damage|p2a: Dir-T Laund-Ri|88/100|[from] Stealth Rock
|turn|5
|
|t:|1739488095
|switch|p1a: Ferrothorn|Ferrothorn, M|95/100
|-damage|p1a: Ferrothorn|89/100|[from] Stealth Rock
|move|p2a: Dir-T Laund-Ri|Volt Switch|p1a: Ferrothorn
|-resisted|p1a: Ferrothorn
|-damage|p1a: Ferrothorn|78/100
|
|t:|1739488102
|switch|p2a: Water-Gun|Keldeo-Resolute|100/100|[from] Volt Switch
|-damage|p2a: Water-Gun|94/100|[from] Stealth Rock
|
|-weather|Sandstorm|[upkeep]
|-damage|p2a: Water-Gun|88/100|[from] Sandstorm
|-heal|p2a: Water-Gun|94/100|[from] item: Leftovers
|-heal|p1a: Ferrothorn|84/100|[from] item: Leftovers
|upkeep
|turn|6
|
|t:|1739488109
|switch|p1a: Starmie|Starmie|100/100
|-damage|p1a: Starmie|88/100|[from] Stealth Rock
|move|p2a: Water-Gun|Secret Sword|p1a: Starmie
|-resisted|p1a: Starmie
|-damage|p1a: Starmie|56/100
|
|-weather|Sandstorm|[upkeep]
|-damage|p1a: Starmie|50/100|[from] Sandstorm
|-damage|p2a: Water-Gun|88/100|[from] Sandstorm
|-heal|p2a: Water-Gun|94/100|[from] item: Leftovers
|upkeep
|turn|7
|
|t:|1739488117
|switch|p2a: Ol' Puss|Landorus-Therian, M|100/100
|-damage|p2a: Ol' Puss|88/100|[from] Stealth Rock
|-ability|p2a: Ol' Puss|Intimidate|boost
|-unboost|p1a: Starmie|atk|1
|move|p1a: Starmie|Trick|p2a: Ol' Puss
|-activate|p1a: Starmie|move: Trick|[of] p2a: Ol' Puss
|-item|p2a: Ol' Puss|Choice Specs|[from] move: Trick
|-item|p1a: Starmie|Choice Scarf|[from] move: Trick
|
|-weather|Sandstorm|[upkeep]
|-damage|p1a: Starmie|44/100|[from] Sandstorm
|upkeep
|turn|8
|
|t:|1739488122
|move|p1a: Starmie|Trick|p2a: Ol' Puss
|-activate|p1a: Starmie|move: Trick|[of] p2a: Ol' Puss
|-item|p2a: Ol' Puss|Choice Scarf|[from] move: Trick
|-item|p1a: Starmie|Choice Specs|[from] move: Trick
|move|p2a: Ol' Puss|U-turn|p1a: Starmie
|-supereffective|p1a: Starmie
|-damage|p1a: Starmie|0 fnt
|faint|p1a: Starmie
|
|t:|1739488145
|switch|p2a: Dir-T Laund-Ri|Rotom-Wash|88/100|[from] U-turn
|-damage|p2a: Dir-T Laund-Ri|76/100|[from] Stealth Rock
|
|-weather|Sandstorm|[upkeep]
|-damage|p2a: Dir-T Laund-Ri|70/100|[from] Sandstorm
|upkeep
|
|t:|1739488151
|switch|p1a: Latios|Latios, M|100/100
|-damage|p1a: Latios|88/100|[from] Stealth Rock
|turn|9
|
|t:|1739488156
|switch|p2a: Balls|Ferrothorn, M, shiny|100/100
|-damage|p2a: Balls|94/100|[from] Stealth Rock
|move|p1a: Latios|Draco Meteor|p2a: Balls
|-resisted|p2a: Balls
|-damage|p2a: Balls|39/100
|-unboost|p1a: Latios|spa|2
|
|-weather|Sandstorm|[upkeep]
|-damage|p1a: Latios|82/100|[from] Sandstorm
|upkeep
|turn|10
|
|t:|1739488164
|switch|p1a: Ferrothorn|Ferrothorn, M|84/100
|-damage|p1a: Ferrothorn|78/100|[from] Stealth Rock
|switch|p2a: Original Sin|Mienshao, F, shiny|100/100
|-damage|p2a: Original Sin|94/100|[from] Stealth Rock
|
|-weather|Sandstorm|[upkeep]
|-damage|p2a: Original Sin|88/100|[from] Sandstorm
|-heal|p1a: Ferrothorn|84/100|[from] item: Leftovers
|upkeep
|turn|11
|
|t:|1739488171
|switch|p1a: Politoed|Politoed, M, shiny|100/100
|-damage|p1a: Politoed|88/100|[from] Stealth Rock
|-weather|RainDance|[from] ability: Drizzle|[of] p1a: Politoed
|move|p2a: Original Sin|High Jump Kick|p1a: Politoed
|-damage|p1a: Politoed|0 fnt
|faint|p1a: Politoed
|
|-weather|RainDance|[upkeep]
|upkeep
|
|t:|1739488174
|switch|p1a: Keldeo|Keldeo|100/100
|-damage|p1a: Keldeo|94/100|[from] Stealth Rock
|turn|12
|
|t:|1739488192
|move|p1a: Keldeo|Surf|p2a: Original Sin
|-damage|p2a: Original Sin|0 fnt
|faint|p2a: Original Sin
|
|-weather|RainDance|[upkeep]
|upkeep
|
|t:|1739488200
|switch|p2a: Water-Gun|Keldeo-Resolute|94/100
|-damage|p2a: Water-Gun|88/100|[from] Stealth Rock
|turn|13
|
|t:|1739488203
|move|p1a: Keldeo|Surf|p2a: Water-Gun
|-resisted|p2a: Water-Gun
|-damage|p2a: Water-Gun|45/100
|move|p2a: Water-Gun|Substitute|p2a: Water-Gun
|-start|p2a: Water-Gun|Substitute
|-damage|p2a: Water-Gun|20/100
|
|-weather|RainDance|[upkeep]
|-heal|p2a: Water-Gun|26/100|[from] item: Leftovers
|upkeep
|turn|14
|
|t:|1739488208
|move|p1a: Keldeo|Surf|p2a: Water-Gun
|-resisted|p2a: Water-Gun
|-end|p2a: Water-Gun|Substitute
|move|p2a: Water-Gun|Secret Sword|p1a: Keldeo
|-damage|p1a: Keldeo|43/100
|
|-weather|RainDance|[upkeep]
|-heal|p2a: Water-Gun|32/100|[from] item: Leftovers
|upkeep
|turn|15
|
|t:|1739488218
|switch|p2a: Balls|Ferrothorn, M, shiny|39/100
|-damage|p2a: Balls|33/100|[from] Stealth Rock
|move|p1a: Keldeo|Surf|p2a: Balls
|-resisted|p2a: Balls
|-damage|p2a: Balls|1/100
|
|-weather|RainDance|[upkeep]
|upkeep
|turn|16
|
|t:|1739488223
|move|p1a: Keldeo|Surf|p2a: Balls
|-resisted|p2a: Balls
|-damage|p2a: Balls|0 fnt
|faint|p2a: Balls
|
|-weather|RainDance|[upkeep]
|upkeep
|
|t:|1739488225
|switch|p2a: Dir-T Laund-Ri|Rotom-Wash|70/100
|-damage|p2a: Dir-T Laund-Ri|57/100|[from] Stealth Rock
|turn|17
|
|t:|1739488231
|switch|p1a: Ferrothorn|Ferrothorn, M|84/100
|-damage|p1a: Ferrothorn|78/100|[from] Stealth Rock
|move|p2a: Dir-T Laund-Ri|Volt Switch|p1a: Ferrothorn
|-resisted|p1a: Ferrothorn
|-damage|p1a: Ferrothorn|68/100
|
|t:|1739488235
|switch|p2a: Water-Gun|Keldeo-Resolute|32/100|[from] Volt Switch
|-damage|p2a: Water-Gun|26/100|[from] Stealth Rock
|
|-weather|RainDance|[upkeep]
|-heal|p2a: Water-Gun|32/100|[from] item: Leftovers
|-heal|p1a: Ferrothorn|74/100|[from] item: Leftovers
|upkeep
|turn|18
|
|t:|1739488237
|move|p2a: Water-Gun|Secret Sword|p1a: Ferrothorn
|-supereffective|p1a: Ferrothorn
|-damage|p1a: Ferrothorn|11/100
|move|p1a: Ferrothorn|Gyro Ball|p2a: Water-Gun
|-resisted|p2a: Water-Gun
|-damage|p2a: Water-Gun|3/100
|
|-weather|RainDance|[upkeep]
|-heal|p2a: Water-Gun|9/100|[from] item: Leftovers
|-heal|p1a: Ferrothorn|17/100|[from] item: Leftovers
|upkeep
|turn|19
|
|t:|1739488240
|move|p2a: Water-Gun|Secret Sword|p1a: Ferrothorn
|-supereffective|p1a: Ferrothorn
|-damage|p1a: Ferrothorn|0 fnt
|faint|p1a: Ferrothorn
|
|-weather|RainDance|[upkeep]
|-heal|p2a: Water-Gun|16/100|[from] item: Leftovers
|upkeep
|
|t:|1739488245
|switch|p1a: Keldeo|Keldeo|43/100
|-damage|p1a: Keldeo|37/100|[from] Stealth Rock
|turn|20
|
|t:|1739488249
|move|p1a: Keldeo|Surf|p2a: Water-Gun
|-resisted|p2a: Water-Gun
|-damage|p2a: Water-Gun|0 fnt
|faint|p2a: Water-Gun
|
|-weather|RainDance|[upkeep]
|upkeep
|
|t:|1739488252
|switch|p2a: Dir-T Laund-Ri|Rotom-Wash|57/100
|-damage|p2a: Dir-T Laund-Ri|45/100|[from] Stealth Rock
|turn|21
|
|t:|1739488263
|switch|p1a: Latios|Latios, M|82/100
|-damage|p1a: Latios|70/100|[from] Stealth Rock
|move|p2a: Dir-T Laund-Ri|Volt Switch|p1a: Latios
|-resisted|p1a: Latios
|-damage|p1a: Latios|53/100
|
|t:|1739488265
|switch|p2a: Ol' Puss|Landorus-Therian, M|88/100|[from] Volt Switch
|-damage|p2a: Ol' Puss|75/100|[from] Stealth Rock
|-ability|p2a: Ol' Puss|Intimidate|boost
|-unboost|p1a: Latios|atk|1
|
|-weather|RainDance|[upkeep]
|upkeep
|turn|22
|
|t:|1739488272
|move|p2a: Ol' Puss|U-turn|p1a: Latios
|-supereffective|p1a: Latios
|-damage|p1a: Latios|0 fnt
|faint|p1a: Latios
|
|t:|1739488281
|switch|p2a: Dir-T Laund-Ri|Rotom-Wash|45/100|[from] U-turn
|-damage|p2a: Dir-T Laund-Ri|32/100|[from] Stealth Rock
|
|-weather|RainDance|[upkeep]
|upkeep
|
|t:|1739488289
|switch|p1a: Keldeo|Keldeo|37/100
|-damage|p1a: Keldeo|31/100|[from] Stealth Rock
|turn|23
|
|t:|1739488295
|move|p1a: Keldeo|Secret Sword|p2a: Dir-T Laund-Ri
|-damage|p2a: Dir-T Laund-Ri|0 fnt
|faint|p2a: Dir-T Laund-Ri
|
|-weather|RainDance|[upkeep]
|upkeep
|
|t:|1739488296
|switch|p2a: Ol' Puss|Landorus-Therian, M|75/100
|-damage|p2a: Ol' Puss|63/100|[from] Stealth Rock
|-ability|p2a: Ol' Puss|Intimidate|boost
|-unboost|p1a: Keldeo|atk|1
|turn|24
|
|t:|1739488305
|switch|p1a: Tornadus|Tornadus, M|88/100
|-damage|p1a: Tornadus|64/100|[from] Stealth Rock
|move|p2a: Ol' Puss|Hidden Power|p1a: Tornadus
|-supereffective|p1a: Tornadus
|-damage|p1a: Tornadus|18/100
|
|-weather|RainDance|[upkeep]
|upkeep
|turn|25
|
|t:|1739488307
|move|p2a: Ol' Puss|Hidden Power|p1a: Tornadus
|-supereffective|p1a: Tornadus
|-damage|p1a: Tornadus|0 fnt
|faint|p1a: Tornadus
|
|-weather|RainDance|[upkeep]
|upkeep
|
|t:|1739488309
|switch|p1a: Keldeo|Keldeo|31/100
|-damage|p1a: Keldeo|24/100|[from] Stealth Rock
|turn|26
|
|t:|1739488311
|move|p1a: Keldeo|Surf|p2a: Ol' Puss
|-supereffective|p2a: Ol' Puss
|-damage|p2a: Ol' Puss|0 fnt
|faint|p2a: Ol' Puss
|
|win|SPDsassmitimAuto
|raw|SPDsassmitimAuto's rating: 1537 &rarr; <strong>1549</strong><br />(+12 for winning)
|raw|nov.rain's rating: 1398 &rarr; <strong>1386</strong><br />(-12 for losing)
|l|☆nov.rain
|player|p2|
