|j|☆JDaLoverBoy
|j|☆Chimp34
|player|p1|JDaLoverBoy|265
|player|p2|Chimp34|226
|teamsize|p1|6
|teamsize|p2|6
|gametype|singles
|gen|5
|tier|[Gen 5] OU
|rated|
|rule|Sleep Clause Mod: Limit one foe put to sleep
|rule|Species Clause: Limit one of each Pokémon
|rule|OHKO Clause: OHKO moves are banned
|rule|Moody Clause: Moody is banned
|rule|Evasion Moves Clause: Evasion moves are banned
|rule|Endless Battle Clause: Forcing endless battles is banned
|rule|HP Percentage Mod: HP is shown in percentages
|rule|Evasion Abilities Clause: Evasion abilities are banned
|rule|Baton Pass Clause: Limit one Baton Passer, can't pass Spe and other stats simultaneously
|rule|Swagger Clause: Swagger is banned
|clearpoke
|poke|p1|Politoed, M|item
|poke|p1|Toxicroak, M|item
|poke|p1|Starmie|item
|poke|p1|Ferrothorn, M|item
|poke|p1|Scizor, F|item
|poke|p1|Volcarona, F|item
|poke|p2|Landorus-Therian, M|item
|poke|p2|Terrakion|item
|poke|p2|Latios, M|item
|poke|p2|Alakazam, F|item
|poke|p2|Tyranitar, F|item
|poke|p2|Rotom-Wash|item
|teampreview
|
|start
|switch|p1a: Ferrothorn|Ferrothorn, M|100/100
|switch|p2a: Tyranitar|Tyranitar, F|100/100
|-weather|Sandstorm|[from] ability: Sand Stream|[of] p2a: Tyranitar
|turn|1
|
|switch|p1a: Politoed|Politoed, M|100/100
|-weather|RainDance|[from] ability: Drizzle|[of] p1a: Politoed
|move|p2a: Tyranitar|Fire Blast|p1a: Politoed
|-resisted|p1a: Politoed
|-damage|p1a: Politoed|95/100
|
|-weather|RainDance|[upkeep]
|-heal|p1a: Politoed|100/100|[from] item: Leftovers
|upkeep
|turn|2
|
|move|p1a: Politoed|Toxic|p2a: Tyranitar
|-status|p2a: Tyranitar|tox
|move|p2a: Tyranitar|Stealth Rock|p1a: Politoed
|-sidestart|p1: JDaLoverBoy|move: Stealth Rock
|
|-weather|RainDance|[upkeep]
|-damage|p2a: Tyranitar|94/100 tox|[from] psn
|upkeep
|turn|3
|
|switch|p1a: Ferrothorn|Ferrothorn, M|100/100
|-damage|p1a: Ferrothorn|94/100|[from] Stealth Rock
|switch|p2a: Rotom|Rotom-Wash|100/100
|
|-weather|RainDance|[upkeep]
|upkeep
|turn|4
|
|move|p2a: Rotom|Will-O-Wisp|p1a: Ferrothorn|[miss]
|-miss|p2a: Rotom|p1a: Ferrothorn
|move|p1a: Ferrothorn|Thunder Wave|p2a: Rotom
|-status|p2a: Rotom|par
|
|-weather|RainDance|[upkeep]
|upkeep
|turn|5
|
|move|p1a: Ferrothorn|Stealth Rock|p2a: Rotom
|-sidestart|p2: Chimp34|move: Stealth Rock
|cant|p2a: Rotom|par
|
|-weather|RainDance|[upkeep]
|upkeep
|turn|6
|
|move|p1a: Ferrothorn|Leech Seed|p2a: Rotom
|-start|p2a: Rotom|move: Leech Seed
|move|p2a: Rotom|Will-O-Wisp|p1a: Ferrothorn
|-status|p1a: Ferrothorn|brn
|
|-weather|RainDance|[upkeep]
|-damage|p2a: Rotom|88/100 par|[from] Leech Seed|[of] p1a: Ferrothorn
|-heal|p1a: Ferrothorn|100/100 brn|[silent]
|-damage|p1a: Ferrothorn|88/100 brn|[from] brn
|upkeep
|turn|7
|
|move|p1a: Ferrothorn|Power Whip|p2a: Rotom
|-supereffective|p2a: Rotom
|-damage|p2a: Rotom|40/100 par
|move|p2a: Rotom|Volt Switch|p1a: Ferrothorn
|-resisted|p1a: Ferrothorn
|-damage|p1a: Ferrothorn|72/100 brn
|-damage|p2a: Rotom|30/100 par|[from] item: Life Orb
|
|switch|p2a: Terrakion|Terrakion|100/100
|-damage|p2a: Terrakion|94/100|[from] Stealth Rock
|
|-weather|RainDance|[upkeep]
|-damage|p1a: Ferrothorn|60/100 brn|[from] brn
|upkeep
|turn|8
|
|switch|p1a: Toxicroak|Toxicroak, M|100/100
|-damage|p1a: Toxicroak|94/100|[from] Stealth Rock
|move|p2a: Terrakion|Substitute|p2a: Terrakion
|-start|p2a: Terrakion|Substitute
|-damage|p2a: Terrakion|70/100
|
|-weather|RainDance|[upkeep]
|-heal|p1a: Toxicroak|100/100|[from] ability: Dry Skin
|upkeep
|turn|9
|
|move|p2a: Terrakion|Swords Dance|p2a: Terrakion
|-boost|p2a: Terrakion|atk|2
|move|p1a: Toxicroak|Substitute|p1a: Toxicroak
|-start|p1a: Toxicroak|Substitute
|-damage|p1a: Toxicroak|75/100
|
|-weather|RainDance|[upkeep]
|-heal|p1a: Toxicroak|88/100|[from] ability: Dry Skin
|-heal|p1a: Toxicroak|94/100|[from] item: Black Sludge
|upkeep
|turn|10
|j| doudrasand
|
|move|p2a: Terrakion|Close Combat|p1a: Toxicroak
|-resisted|p1a: Toxicroak
|-end|p1a: Toxicroak|Substitute
|-unboost|p2a: Terrakion|def|1
|-unboost|p2a: Terrakion|spd|1
|-damage|p2a: Terrakion|60/100|[from] item: Life Orb
|move|p1a: Toxicroak|Drain Punch|p2a: Terrakion
|-supereffective|p2a: Terrakion
|-end|p2a: Terrakion|Substitute
|-heal|p1a: Toxicroak|100/100|[from] drain|[of] p2a: Terrakion
|
|-weather|RainDance|[upkeep]
|upkeep
|turn|11
|
|move|p2a: Terrakion|Close Combat|p1a: Toxicroak
|-resisted|p1a: Toxicroak
|-damage|p1a: Toxicroak|10/100
|-unboost|p2a: Terrakion|def|1
|-unboost|p2a: Terrakion|spd|1
|-damage|p2a: Terrakion|50/100|[from] item: Life Orb
|move|p1a: Toxicroak|Drain Punch|p2a: Terrakion
|-supereffective|p2a: Terrakion
|-damage|p2a: Terrakion|0 fnt
|-heal|p1a: Toxicroak|31/100|[from] drain|[of] p2a: Terrakion
|faint|p2a: Terrakion
|
|-weather|RainDance|[upkeep]
|-heal|p1a: Toxicroak|44/100|[from] ability: Dry Skin
|-heal|p1a: Toxicroak|50/100|[from] item: Black Sludge
|upkeep
|l|doudrasand
|
|switch|p2a: Alakazam|Alakazam, F|100/100
|turn|12
|
|switch|p2a: Tyranitar|Tyranitar, F|94/100 tox
|-damage|p2a: Tyranitar|82/100 tox|[from] Stealth Rock
|-weather|Sandstorm|[from] ability: Sand Stream|[of] p2a: Tyranitar
|move|p1a: Toxicroak|Sucker Punch|p2a: Tyranitar|[still]
|-fail|p1a: Toxicroak
|
|-weather|Sandstorm|[upkeep]
|-damage|p1a: Toxicroak|44/100|[from] Sandstorm
|-heal|p1a: Toxicroak|50/100|[from] item: Black Sludge
|-heal|p2a: Tyranitar|88/100 tox|[from] item: Leftovers
|-damage|p2a: Tyranitar|82/100 tox|[from] psn
|upkeep
|turn|13
|
|switch|p2a: Landorus|Landorus-Therian, M|100/100
|-damage|p2a: Landorus|88/100|[from] Stealth Rock
|-ability|p2a: Landorus|Intimidate|boost
|-unboost|p1a: Toxicroak|atk|1
|move|p1a: Toxicroak|Drain Punch|p2a: Landorus
|-resisted|p2a: Landorus
|-damage|p2a: Landorus|76/100
|-heal|p1a: Toxicroak|56/100|[from] drain|[of] p2a: Landorus
|
|-weather|Sandstorm|[upkeep]
|-damage|p1a: Toxicroak|49/100|[from] Sandstorm
|-heal|p1a: Toxicroak|56/100|[from] item: Black Sludge
|upkeep
|turn|14
|
|switch|p1a: Ferrothorn|Ferrothorn, M|60/100 brn
|-damage|p1a: Ferrothorn|54/100 brn|[from] Stealth Rock
|move|p2a: Landorus|Earthquake|p1a: Ferrothorn
|-damage|p1a: Ferrothorn|15/100 brn
|
|-weather|Sandstorm|[upkeep]
|-damage|p1a: Ferrothorn|3/100 brn|[from] brn
|upkeep
|turn|15
|
|move|p2a: Landorus|Earthquake|p1a: Ferrothorn
|-damage|p1a: Ferrothorn|0 fnt
|faint|p1a: Ferrothorn
|
|-weather|Sandstorm|[upkeep]
|upkeep
|
|switch|p1a: Starmie|Starmie|100/100
|-damage|p1a: Starmie|88/100|[from] Stealth Rock
|turn|16
|
|switch|p2a: Latios|Latios, M|100/100
|-damage|p2a: Latios|88/100|[from] Stealth Rock
|move|p1a: Starmie|Rapid Spin|p2a: Latios
|-damage|p2a: Latios|84/100
|-sideend|p1: JDaLoverBoy|Stealth Rock|[from] move: Rapid Spin|[of] p1a: Starmie
|-damage|p1a: Starmie|78/100|[from] item: Life Orb
|
|-weather|Sandstorm|[upkeep]
|-damage|p1a: Starmie|72/100|[from] Sandstorm
|-damage|p2a: Latios|78/100|[from] Sandstorm
|upkeep
|turn|17
|
|switch|p1a: Scizor|Scizor, F|100/100
|move|p2a: Latios|Draco Meteor|p1a: Scizor|[miss]
|-miss|p2a: Latios|p1a: Scizor
|
|-weather|Sandstorm|[upkeep]
|-damage|p2a: Latios|72/100|[from] Sandstorm
|upkeep
|turn|18
|
|move|p2a: Latios|Hidden Power|p1a: Scizor
|-supereffective|p1a: Scizor
|-damage|p1a: Scizor|0 fnt
|-damage|p2a: Latios|62/100|[from] item: Life Orb
|faint|p1a: Scizor
|
|-weather|Sandstorm|[upkeep]
|-damage|p2a: Latios|56/100|[from] Sandstorm
|upkeep
|
|switch|p1a: Politoed|Politoed, M|100/100
|-weather|RainDance|[from] ability: Drizzle|[of] p1a: Politoed
|turn|19
|
|move|p2a: Latios|Draco Meteor|p1a: Politoed
|-damage|p1a: Politoed|13/100
|-unboost|p2a: Latios|spa|2
|-damage|p2a: Latios|46/100|[from] item: Life Orb
|move|p1a: Politoed|Ice Beam|p2a: Latios
|-supereffective|p2a: Latios
|-damage|p2a: Latios|4/100
|
|-weather|RainDance|[upkeep]
|-heal|p1a: Politoed|19/100|[from] item: Leftovers
|upkeep
|turn|20
|
|move|p2a: Latios|Psyshock|p1a: Politoed
|-damage|p1a: Politoed|0 fnt
|-damage|p2a: Latios|0 fnt|[from] item: Life Orb
|faint|p1a: Politoed
|faint|p2a: Latios
|
|-weather|RainDance|[upkeep]
|upkeep
|
|switch|p2a: Alakazam|Alakazam, F|100/100
|switch|p1a: Volcarona|Volcarona, F|100/100
|turn|21
|
|switch|p2a: Landorus|Landorus-Therian, M|76/100
|-damage|p2a: Landorus|64/100|[from] Stealth Rock
|-ability|p2a: Landorus|Intimidate|boost
|-unboost|p1a: Volcarona|atk|1
|move|p1a: Volcarona|Quiver Dance|p1a: Volcarona
|-boost|p1a: Volcarona|spa|1
|-boost|p1a: Volcarona|spd|1
|-boost|p1a: Volcarona|spe|1
|
|-weather|RainDance|[upkeep]
|upkeep
|turn|22
|
|move|p1a: Volcarona|Hurricane|p2a: Landorus
|-damage|p2a: Landorus|0 fnt
|-damage|p1a: Volcarona|91/100|[from] item: Life Orb
|faint|p2a: Landorus
|
|-weather|RainDance|[upkeep]
|upkeep
|
|switch|p2a: Tyranitar|Tyranitar, F|82/100 tox
|-damage|p2a: Tyranitar|70/100 tox|[from] Stealth Rock
|-weather|Sandstorm|[from] ability: Sand Stream|[of] p2a: Tyranitar
|turn|23
|
|switch|p2a: Rotom|Rotom-Wash|30/100 par
|-damage|p2a: Rotom|17/100 par|[from] Stealth Rock
|move|p1a: Volcarona|Bug Buzz|p2a: Rotom
|-damage|p2a: Rotom|0 fnt
|-damage|p1a: Volcarona|81/100|[from] item: Life Orb
|faint|p2a: Rotom
|
|-weather|Sandstorm|[upkeep]
|-damage|p1a: Volcarona|74/100|[from] Sandstorm
|upkeep
|
|switch|p2a: Alakazam|Alakazam, F|100/100
|turn|24
|
|move|p1a: Volcarona|Bug Buzz|p2a: Alakazam
|-supereffective|p2a: Alakazam
|-enditem|p2a: Alakazam|Focus Sash
|-damage|p2a: Alakazam|1/100
|-damage|p1a: Volcarona|64/100|[from] item: Life Orb
|move|p2a: Alakazam|Psychic|p1a: Volcarona
|-damage|p1a: Volcarona|33/100
|
|-weather|Sandstorm|[upkeep]
|-damage|p1a: Volcarona|27/100|[from] Sandstorm
|upkeep
|turn|25
|-message|Chimp34 forfeited.
|
|win|JDaLoverBoy
|l|☆Chimp34
|raw|JDaLoverBoy's rating: 1275 &rarr; <strong>1306</strong><br />(+31 for winning)
|raw|Chimp34's rating: 1356 &rarr; <strong>1332</strong><br />(-24 for losing)
|l|☆JDaLoverBoy
