|j|☆Jellium
|j|☆Neighthan Trainer
|t:|1718671686
|gametype|singles
|player|p1|Jellium|scientist-gen4|1425
|player|p2|Neighthan Trainer|pokemonranger-gen4|1322
|teamsize|p1|6
|teamsize|p2|6
|gen|5
|tier|[Gen 5] OU
|rated|
|rule|Species Clause: Limit one of each Pokémon
|rule|OHKO Clause: OHKO moves are banned
|rule|Moody Clause: Moody is banned
|rule|Evasion Items Clause: Evasion items are banned
|rule|Evasion Moves Clause: Evasion moves are banned
|rule|Endless Battle Clause: Forcing endless battles is banned
|rule|HP Percentage Mod: HP is shown in percentages
|rule|Evasion Abilities Clause: Evasion abilities are banned
|rule|Sleep Moves Clause: Sleep-inducing moves are banned
|rule|Swagger Clause: Swagger is banned
|rule|Baton Pass Stat Clause: No Baton Passer may have a way to boost its stats
|clearpoke
|poke|p1|Tyranitar, M|item
|poke|p1|Jellicent, M|item
|poke|p1|Skarmory, F|item
|poke|p1|Landorus-Therian, M|item
|poke|p1|Lucario, M|item
|poke|p1|Alakazam, F|item
|poke|p2|Jolteon, F|item
|poke|p2|Mienshao, F|item
|poke|p2|Garchomp, M|item
|poke|p2|Xatu, M|item
|poke|p2|Venomoth, F|item
|poke|p2|Empoleon, M|item
|teampreview
|
|t:|1718671725
|start
|switch|p1a: Skarmory|Skarmory, F, shiny|100/100
|switch|p2a: Empoleon|Empoleon, M|100/100
|turn|1
|j| Pinpinloup
|l| Pinpinloup
|
|t:|1718671741
|switch|p1a: Tyranitar|Tyranitar, M, shiny|100/100
|-weather|Sandstorm|[from] ability: Sand Stream|[of] p1a: Tyranitar
|switch|p2a: Xatu|Xatu, M|100/100
|
|-weather|Sandstorm|[upkeep]
|-damage|p2a: Xatu|94/100|[from] Sandstorm
|upkeep
|turn|2
|inactive|Battle timer is ON: inactive players will automatically lose when time's up. (requested by Neighthan Trainer)
|
|t:|1718671751
|move|p1a: Tyranitar|Ice Beam|p2a: Xatu
|-supereffective|p2a: Xatu
|-damage|p2a: Xatu|39/100
|move|p2a: Xatu|Light Screen|p2a: Xatu
|-sidestart|p2: Neighthan Trainer|move: Light Screen
|
|-weather|Sandstorm|[upkeep]
|-damage|p2a: Xatu|33/100|[from] Sandstorm
|upkeep
|turn|3
|
|t:|1718671761
|switch|p1a: Skarmory|Skarmory, F, shiny|100/100
|move|p2a: Xatu|Roost|p2a: Xatu
|-heal|p2a: Xatu|84/100
|-singleturn|p2a: Xatu|move: Roost
|
|-weather|Sandstorm|[upkeep]
|-damage|p2a: Xatu|78/100|[from] Sandstorm
|upkeep
|turn|4
|
|t:|1718671779
|switch|p1a: Tyranitar|Tyranitar, M, shiny|100/100
|move|p2a: Xatu|Reflect|p2a: Xatu
|-sidestart|p2: Neighthan Trainer|Reflect
|
|-weather|Sandstorm|[upkeep]
|-damage|p2a: Xatu|71/100|[from] Sandstorm
|upkeep
|turn|5
|
|t:|1718671801
|switch|p1a: Skarmory|Skarmory, F, shiny|100/100
|move|p2a: Xatu|U-turn|p1a: Skarmory
|-resisted|p1a: Skarmory
|-damage|p1a: Skarmory|98/100
|
|t:|1718671807
|switch|p2a: Jolteon|Jolteon, F|100/100|[from] U-turn
|-item|p2a: Jolteon|Air Balloon
|
|-weather|Sandstorm|[upkeep]
|-damage|p2a: Jolteon|95/100|[from] Sandstorm
|upkeep
|turn|6
|
|t:|1718671826
|switch|p1a: Landorus|Landorus-Therian, M, shiny|100/100
|-ability|p1a: Landorus|Intimidate|boost
|-unboost|p2a: Jolteon|atk|1
|move|p2a: Jolteon|Volt Switch|p1a: Landorus
|-immune|p1a: Landorus
|
|-weather|Sandstorm|[upkeep]
|-damage|p2a: Jolteon|89/100|[from] Sandstorm
|upkeep
|turn|7
|
|t:|1718671839
|move|p1a: Landorus|U-turn|p2a: Jolteon
|-damage|p2a: Jolteon|66/100
|-enditem|p2a: Jolteon|Air Balloon
|
|t:|1718671845
|switch|p1a: Tyranitar|Tyranitar, M, shiny|100/100|[from] U-turn
|move|p2a: Jolteon|Hidden Power|p1a: Tyranitar
|-damage|p1a: Tyranitar|85/100
|
|-weather|Sandstorm|[upkeep]
|-damage|p2a: Jolteon|60/100|[from] Sandstorm
|upkeep
|turn|8
|
|t:|1718671862
|move|p2a: Jolteon|Volt Switch|p1a: Tyranitar
|-damage|p1a: Tyranitar|62/100
|
|t:|1718671868
|switch|p2a: Xatu|Xatu, M|71/100|[from] Volt Switch
|move|p1a: Tyranitar|Crunch|p2a: Xatu
|-supereffective|p2a: Xatu
|-damage|p2a: Xatu|33/100
|-unboost|p2a: Xatu|def|1
|
|-weather|Sandstorm|[upkeep]
|-damage|p2a: Xatu|26/100|[from] Sandstorm
|upkeep
|turn|9
|
|t:|1718671879
|switch|p1a: Skarmory|Skarmory, F, shiny|98/100
|move|p2a: Xatu|Roost|p2a: Xatu
|-heal|p2a: Xatu|77/100
|-singleturn|p2a: Xatu|move: Roost
|
|-weather|Sandstorm|[upkeep]
|-damage|p2a: Xatu|71/100|[from] Sandstorm
|-sideend|p2: Neighthan Trainer|move: Light Screen
|upkeep
|turn|10
|
|t:|1718671888
|switch|p1a: Tyranitar|Tyranitar, M, shiny|62/100
|move|p2a: Xatu|Light Screen|p2a: Xatu
|-sidestart|p2: Neighthan Trainer|move: Light Screen
|
|-weather|Sandstorm|[upkeep]
|-damage|p2a: Xatu|65/100|[from] Sandstorm
|upkeep
|turn|11
|
|t:|1718671898
|move|p1a: Tyranitar|Crunch|p2a: Xatu
|-supereffective|p2a: Xatu
|-damage|p2a: Xatu|0 fnt
|faint|p2a: Xatu
|
|-weather|Sandstorm|[upkeep]
|-sideend|p2: Neighthan Trainer|Reflect
|upkeep
|
|t:|1718671916
|switch|p2a: Empoleon|Empoleon, M|100/100
|turn|12
|
|t:|1718671925
|switch|p1a: Jellicent|Jellicent, M, shiny|100/100
|-item|p1a: Jellicent|Air Balloon
|move|p2a: Empoleon|Stealth Rock|p1a: Jellicent
|-sidestart|p1: Jellium|move: Stealth Rock
|
|-weather|Sandstorm|[upkeep]
|-damage|p1a: Jellicent|94/100|[from] Sandstorm
|upkeep
|turn|13
|
|t:|1718671934
|move|p1a: Jellicent|Will-O-Wisp|p2a: Empoleon|[miss]
|-miss|p1a: Jellicent|p2a: Empoleon
|move|p2a: Empoleon|Toxic|p1a: Jellicent
|-status|p1a: Jellicent|tox
|
|-weather|Sandstorm|[upkeep]
|-damage|p1a: Jellicent|88/100 tox|[from] Sandstorm
|-damage|p1a: Jellicent|82/100 tox|[from] psn
|upkeep
|turn|14
|
|t:|1718671959
|move|p1a: Jellicent|Will-O-Wisp|p2a: Empoleon
|-status|p2a: Empoleon|brn
|move|p2a: Empoleon|Ice Beam|p1a: Jellicent
|-resisted|p1a: Jellicent
|-damage|p1a: Jellicent|71/100 tox
|-enditem|p1a: Jellicent|Air Balloon
|
|-weather|Sandstorm|[upkeep]
|-damage|p1a: Jellicent|65/100 tox|[from] Sandstorm
|-damage|p1a: Jellicent|53/100 tox|[from] psn
|-damage|p2a: Empoleon|88/100 brn|[from] brn
|upkeep
|turn|15
|inactive|Neighthan Trainer has 120 seconds left.
|
|t:|1718671978
|switch|p1a: Lucario|Lucario, M, shiny|100/100
|-damage|p1a: Lucario|98/100|[from] Stealth Rock
|move|p2a: Empoleon|Scald|p1a: Lucario
|-damage|p1a: Lucario|50/100
|
|-weather|Sandstorm|[upkeep]
|-heal|p2a: Empoleon|94/100 brn|[from] item: Leftovers
|-damage|p2a: Empoleon|82/100 brn|[from] brn
|upkeep
|turn|16
|inactive|Neighthan Trainer has 120 seconds left.
|inactive|Neighthan Trainer has 90 seconds left.
|
|t:|1718672020
|move|p1a: Lucario|Close Combat|p2a: Empoleon
|-supereffective|p2a: Empoleon
|-damage|p2a: Empoleon|0 fnt
|-unboost|p1a: Lucario|def|1
|-unboost|p1a: Lucario|spd|1
|faint|p2a: Empoleon
|-damage|p1a: Lucario|40/100|[from] item: Life Orb
|
|-weather|Sandstorm|[upkeep]
|upkeep
|inactive|Neighthan Trainer has 90 seconds left.
|
|t:|1718672029
|switch|p2a: Garchomp|Garchomp, M|100/100
|turn|17
|
|t:|1718672035
|switch|p1a: Landorus|Landorus-Therian, M, shiny|100/100
|-damage|p1a: Landorus|88/100|[from] Stealth Rock
|-ability|p1a: Landorus|Intimidate|boost
|-unboost|p2a: Garchomp|atk|1
|move|p2a: Garchomp|Fire Fang|p1a: Landorus
|-damage|p1a: Landorus|71/100
|
|-weather|Sandstorm|[upkeep]
|-sideend|p2: Neighthan Trainer|move: Light Screen
|upkeep
|turn|18
|inactive|Neighthan Trainer has 90 seconds left.
|
|t:|1718672055
|move|p1a: Landorus|U-turn|p2a: Garchomp
|-damage|p2a: Garchomp|77/100
|-damage|p1a: Landorus|59/100|[from] ability: Rough Skin|[of] p2a: Garchomp
|
|t:|1718672057
|switch|p1a: Skarmory|Skarmory, F, shiny|98/100|[from] U-turn
|-damage|p1a: Skarmory|85/100|[from] Stealth Rock
|move|p2a: Garchomp|Earthquake|p1a: Skarmory
|-immune|p1a: Skarmory
|
|-weather|Sandstorm|[upkeep]
|upkeep
|turn|19
|
|t:|1718672066
|switch|p2a: Venomoth|Venomoth, F|100/100
|move|p1a: Skarmory|Stealth Rock|p2a: Venomoth
|-sidestart|p2: Neighthan Trainer|move: Stealth Rock
|
|-weather|Sandstorm|[upkeep]
|-damage|p2a: Venomoth|94/100|[from] Sandstorm
|-heal|p2a: Venomoth|100/100|[from] item: Black Sludge
|upkeep
|turn|20
|
|t:|1718672074
|move|p2a: Venomoth|Quiver Dance|p2a: Venomoth
|-boost|p2a: Venomoth|spa|1
|-boost|p2a: Venomoth|spd|1
|-boost|p2a: Venomoth|spe|1
|move|p1a: Skarmory|Brave Bird|p2a: Venomoth
|-supereffective|p2a: Venomoth
|-damage|p2a: Venomoth|0 fnt
|faint|p2a: Venomoth
|-damage|p1a: Skarmory|51/100|[from] Recoil
|
|-weather|Sandstorm|[upkeep]
|upkeep
|
|t:|1718672084
|switch|p2a: Jolteon|Jolteon, F|60/100
|-damage|p2a: Jolteon|48/100|[from] Stealth Rock
|turn|21
|
|t:|1718672104
|switch|p1a: Tyranitar|Tyranitar, M, shiny|62/100
|-damage|p1a: Tyranitar|50/100|[from] Stealth Rock
|move|p2a: Jolteon|Hidden Power|p1a: Tyranitar
|-damage|p1a: Tyranitar|36/100
|
|-weather|Sandstorm|[upkeep]
|-damage|p2a: Jolteon|42/100|[from] Sandstorm
|upkeep
|turn|22
|
|t:|1718672114
|move|p2a: Jolteon|Volt Switch|p1a: Tyranitar
|-damage|p1a: Tyranitar|13/100
|
|t:|1718672120
|switch|p2a: Garchomp|Garchomp, M|77/100|[from] Volt Switch
|-damage|p2a: Garchomp|71/100|[from] Stealth Rock
|move|p1a: Tyranitar|Ice Beam|p2a: Garchomp
|-supereffective|p2a: Garchomp
|-enditem|p2a: Garchomp|Yache Berry|[eat]
|-enditem|p2a: Garchomp|Yache Berry|[weaken]
|-damage|p2a: Garchomp|22/100
|
|-weather|Sandstorm|[upkeep]
|upkeep
|turn|23
|
|t:|1718672131
|move|p1a: Tyranitar|Ice Beam|p2a: Garchomp
|-supereffective|p2a: Garchomp
|-damage|p2a: Garchomp|0 fnt
|faint|p2a: Garchomp
|
|-weather|Sandstorm|[upkeep]
|upkeep
|
|t:|1718672136
|switch|p2a: Mienshao|Mienshao, F|100/100
|-damage|p2a: Mienshao|95/100|[from] Stealth Rock
|turn|24
|
|t:|1718672143
|switch|p1a: Landorus|Landorus-Therian, M, shiny|59/100
|-damage|p1a: Landorus|46/100|[from] Stealth Rock
|-ability|p1a: Landorus|Intimidate|boost
|-unboost|p2a: Mienshao|atk|1
|move|p2a: Mienshao|U-turn|p1a: Landorus
|-resisted|p1a: Landorus
|-damage|p1a: Landorus|35/100
|-damage|p2a: Mienshao|85/100|[from] item: Life Orb
|
|t:|1718672152
|switch|p2a: Jolteon|Jolteon, F|42/100|[from] U-turn
|-damage|p2a: Jolteon|30/100|[from] Stealth Rock
|
|-weather|Sandstorm|[upkeep]
|-damage|p2a: Jolteon|24/100|[from] Sandstorm
|upkeep
|turn|25
|
|t:|1718672158
|move|p1a: Landorus|Earthquake|p2a: Jolteon
|-supereffective|p2a: Jolteon
|-damage|p2a: Jolteon|0 fnt
|faint|p2a: Jolteon
|
|-weather|Sandstorm|[upkeep]
|upkeep
|
|t:|1718672163
|switch|p2a: Mienshao|Mienshao, F|100/100
|-damage|p2a: Mienshao|95/100|[from] Stealth Rock
|turn|26
|
|t:|1718672167
|move|p1a: Landorus|Earthquake|p2a: Mienshao
|-crit|p2a: Mienshao
|-damage|p2a: Mienshao|0 fnt
|faint|p2a: Mienshao
|
|win|Jellium
|raw|Jellium's rating: 1425 &rarr; <strong>1439</strong><br />(+14 for winning)
|raw|Neighthan Trainer's rating: 1322 &rarr; <strong>1308</strong><br />(-14 for losing)
|l|☆Neighthan Trainer
|player|p2|
