|join|Zyos
|join|MoxieInfinite
|player|p1|Zyos|43
|player|p2|MoxieInfinite|210
|gametype|singles
|gen|5
|tier|[Gen 5] OU
|rated
|rule|Evasion Abilities Clause: Evasion abilities are banned
|clearpoke
|poke|p1|Landorus-Therian, M
|poke|p1|Tyranitar, M
|poke|p1|Forretress, M
|poke|p1|Gastrodon, M
|poke|p1|Celebi
|poke|p1|Heatran, M
|poke|p2|Roserade, F
|poke|p2|Skarmory, M
|poke|p2|Hippowdon, F
|poke|p2|Jellicent, F
|poke|p2|Stoutland, M
|poke|p2|Latias, F
|rule|Sleep Clause Mod: Limit one foe put to sleep
|rule|Species Clause: Limit one of each Pokémon
|rule|OHKO Clause: OHKO moves are banned
|rule|Moody Clause: Moody is banned
|rule|Evasion Moves Clause: Evasion moves are banned
|rule|Endless Battle Clause: Forcing endless battles is banned
|rule|HP Percentage Mod: HP is reported as percentages
|teampreview
|join|Doudrasand
|
|start
|switch|p1a: Tyranitar|Tyranitar, M|341/341
|switch|p2a: Jellicent|Jellicent, F|404/404
|-weather|Sandstorm|[from] ability: Sand Stream|[of] p1a: Tyranitar
|turn|1
|
|move|p1a: Tyranitar|Crunch|p2a: Jellicent
|-supereffective|p2a: Jellicent
|-damage|p2a: Jellicent|44/404
|-unboost|p2a: Jellicent|def|1
|move|p2a: Jellicent|Will-O-Wisp|p1a: Tyranitar|[miss]
|-miss|p2a: Jellicent|p1a: Tyranitar
|
|-weather|Sandstorm|[upkeep]
|-damage|p2a: Jellicent|19/404|[from] sandstorm
|-heal|p2a: Jellicent|44/404|[from] item: Leftovers
|turn|2
|
|switch|p2a: Hippowdon|Hippowdon, F|420/420
|move|p1a: Tyranitar|Crunch|p2a: Hippowdon
|-damage|p2a: Hippowdon|315/420
|
|-weather|Sandstorm|[upkeep]
|-heal|p2a: Hippowdon|341/420|[from] item: Leftovers
|turn|3
|
|switch|p1a: Landorus-Therian|Landorus-Therian, M|381/381
|-ability|p1a: Landorus-Therian|Intimidate|[of] p2a: Hippowdon
|-unboost|p2a: Hippowdon|atk|1
|move|p2a: Hippowdon|Stealth Rock|p1a: Landorus-Therian
|-sidestart|p1: Zyos|move: Stealth Rock
|
|-weather|Sandstorm|[upkeep]
|-heal|p2a: Hippowdon|367/420|[from] item: Leftovers
|turn|4
|
|switch|p2a: Skarmory|Skarmory, M|334/334
|move|p1a: Landorus-Therian|Stealth Rock|p2a: Skarmory
|-sidestart|p2: MoxieInfinite|move: Stealth Rock
|
|-weather|Sandstorm|[upkeep]
|turn|5
|
|switch|p1a: Forretress|Forretress, M|353/353
|-damage|p1a: Forretress|309/353|[from] Stealth Rock
|move|p2a: Skarmory|Spikes|p1a: Forretress
|-sidestart|p1: Zyos|Spikes
|
|-weather|Sandstorm|[upkeep]
|-heal|p1a: Forretress|331/353|[from] item: Leftovers
|turn|6
|
|move|p1a: Forretress|Toxic Spikes|p2a: Skarmory
|-sidestart|p2: MoxieInfinite|move: Toxic Spikes
|move|p2a: Skarmory|Whirlwind|p1a: Forretress
|drag|p1a: Celebi|Celebi|403/403
|-damage|p1a: Celebi|353/403|[from] Stealth Rock
|-damage|p1a: Celebi|303/403|[from] Spikes
|
|-weather|Sandstorm|[upkeep]
|-damage|p1a: Celebi|278/403|[from] sandstorm
|-heal|p1a: Celebi|303/403|[from] item: Leftovers
|turn|7
|
|move|p1a: Celebi|Baton Pass|p1a: Celebi
|
|switch|p1a: Forretress|Forretress, M|331/353
|-damage|p1a: Forretress|287/353|[from] Stealth Rock
|-damage|p1a: Forretress|243/353|[from] Spikes
|move|p2a: Skarmory|Whirlwind|p1a: Forretress
|drag|p1a: Tyranitar|Tyranitar, M|341/341
|-damage|p1a: Tyranitar|299/341|[from] Stealth Rock
|-damage|p1a: Tyranitar|257/341|[from] Spikes
|
|-weather|Sandstorm|[upkeep]
|turn|8
|
|move|p1a: Tyranitar|Ice Beam|p2a: Skarmory
|-damage|p2a: Skarmory|235/334
|move|p2a: Skarmory|Whirlwind|p1a: Tyranitar
|drag|p1a: Celebi|Celebi|303/403
|-damage|p1a: Celebi|253/403|[from] Stealth Rock
|-damage|p1a: Celebi|203/403|[from] Spikes
|
|-weather|Sandstorm|[upkeep]
|-damage|p1a: Celebi|178/403|[from] sandstorm
|-heal|p1a: Celebi|203/403|[from] item: Leftovers
|-heal|p2a: Skarmory|255/334|[from] item: Leftovers
|turn|9
|
|move|p1a: Celebi|Recover|p1a: Celebi
|-heal|p1a: Celebi|403/403
|move|p2a: Skarmory|Spikes|p1a: Celebi
|-sidestart|p1: Zyos|Spikes
|
|-weather|Sandstorm|[upkeep]
|-damage|p1a: Celebi|378/403|[from] sandstorm
|-heal|p1a: Celebi|403/403|[from] item: Leftovers
|-heal|p2a: Skarmory|275/334|[from] item: Leftovers
|turn|10
|
|move|p1a: Celebi|Psychic|p2a: Skarmory
|-resisted|p2a: Skarmory
|-damage|p2a: Skarmory|206/334
|move|p2a: Skarmory|Whirlwind|p1a: Celebi
|drag|p1a: Forretress|Forretress, M|243/353
|-damage|p1a: Forretress|199/353|[from] Stealth Rock
|-damage|p1a: Forretress|141/353|[from] Spikes
|
|-weather|Sandstorm|[upkeep]
|-heal|p2a: Skarmory|226/334|[from] item: Leftovers
|-heal|p1a: Forretress|163/353|[from] item: Leftovers
|turn|11
|
|move|p2a: Skarmory|Brave Bird|p1a: Forretress
|-damage|p1a: Forretress|88/353
|-damage|p2a: Skarmory|201/334|[from] recoil|[of] p1a: Forretress
|move|p1a: Forretress|Rapid Spin|p2a: Skarmory
|-resisted|p2a: Skarmory
|-damage|p2a: Skarmory|197/334
|-sideend|p1: Zyos|Spikes|[from] move: Rapid Spin|[of] p1a: Forretress
|-sideend|p1: Zyos|Stealth Rock|[from] move: Rapid Spin|[of] p1a: Forretress
|
|-weather|Sandstorm|[upkeep]
|-heal|p2a: Skarmory|217/334|[from] item: Leftovers
|-heal|p1a: Forretress|110/353|[from] item: Leftovers
|turn|12
|
|move|p2a: Skarmory|Brave Bird|p1a: Forretress
|-damage|p1a: Forretress|37/353
|-damage|p2a: Skarmory|193/334|[from] recoil|[of] p1a: Forretress
|move|p1a: Forretress|Volt Switch|p2a: Skarmory
|-supereffective|p2a: Skarmory
|-damage|p2a: Skarmory|101/334
|
|switch|p1a: Heatran|Heatran, M|385/385
|
|-weather|Sandstorm|[upkeep]
|-heal|p2a: Skarmory|121/334|[from] item: Leftovers
|turn|13
|
|switch|p2a: Latias|Latias, F|364/364
|-damage|p2a: Latias|319/364|[from] Stealth Rock
|move|p1a: Heatran|Lava Plume|p2a: Latias
|-resisted|p2a: Latias
|-damage|p2a: Latias|271/364
|
|-weather|Sandstorm|[upkeep]
|-damage|p2a: Latias|249/364|[from] sandstorm
|-heal|p2a: Latias|271/364|[from] item: Leftovers
|turn|14
|
|move|p2a: Latias|Roost|p2a: Latias
|-heal|p2a: Latias|364/364
|move|p1a: Heatran|Lava Plume|p2a: Latias
|-resisted|p2a: Latias
|-damage|p2a: Latias|315/364
|
|-weather|Sandstorm|[upkeep]
|-damage|p2a: Latias|293/364|[from] sandstorm
|-heal|p2a: Latias|315/364|[from] item: Leftovers
|turn|15
|
|move|p2a: Latias|Calm Mind|p2a: Latias
|-boost|p2a: Latias|spa|1
|-boost|p2a: Latias|spd|1
|move|p1a: Heatran|Lava Plume|p2a: Latias
|-resisted|p2a: Latias
|-damage|p2a: Latias|281/364
|
|-weather|Sandstorm|[upkeep]
|-damage|p2a: Latias|259/364|[from] sandstorm
|-heal|p2a: Latias|281/364|[from] item: Leftovers
|turn|16
|
|move|p2a: Latias|Dragon Pulse|p1a: Heatran
|-resisted|p1a: Heatran
|-damage|p1a: Heatran|319/385
|move|p1a: Heatran|Lava Plume|p2a: Latias
|-resisted|p2a: Latias
|-damage|p2a: Latias|248/364
|-status|p2a: Latias|brn
|
|-weather|Sandstorm|[upkeep]
|-damage|p2a: Latias|226/364 brn|[from] sandstorm
|-heal|p2a: Latias|248/364 brn|[from] item: Leftovers
|-heal|p1a: Heatran|343/385|[from] item: Leftovers
|-damage|p2a: Latias|203/364 brn|[from] brn
|turn|17
|
|move|p2a: Latias|Roost|p2a: Latias
|-heal|p2a: Latias|364/364 brn
|move|p1a: Heatran|Roar|p2a: Latias
|drag|p2a: Hippowdon|Hippowdon, F|367/420
|-status|p2a: Hippowdon|psn
|-damage|p2a: Hippowdon|341/420 psn|[from] Stealth Rock
|
|-weather|Sandstorm|[upkeep]
|-heal|p1a: Heatran|367/385|[from] item: Leftovers
|-heal|p2a: Hippowdon|367/420 psn|[from] item: Leftovers
|-damage|p2a: Hippowdon|315/420 psn|[from] psn
|turn|18
|
|switch|p1a: Forretress|Forretress, M|37/353
|move|p2a: Hippowdon|Stealth Rock|p1a: Forretress
|-sidestart|p1: Zyos|move: Stealth Rock
|
|-weather|Sandstorm|[upkeep]
|-heal|p2a: Hippowdon|341/420 psn|[from] item: Leftovers
|-heal|p1a: Forretress|59/353|[from] item: Leftovers
|-damage|p2a: Hippowdon|289/420 psn|[from] psn
|turn|19
|
|move|p2a: Hippowdon|Earthquake|p1a: Forretress
|-crit|p1a: Forretress
|-damage|p1a: Forretress|0 fnt
|faint|p1a: Forretress
|
|-weather|Sandstorm|[upkeep]
|-heal|p2a: Hippowdon|315/420 psn|[from] item: Leftovers
|-damage|p2a: Hippowdon|263/420 psn|[from] psn
|
|switch|p1a: Gastrodon|Gastrodon, M|425/425
|-damage|p1a: Gastrodon|399/425|[from] Stealth Rock
|turn|20
|
|switch|p2a: Roserade|Roserade, F|324/324
|-damage|p2a: Roserade|284/324|[from] Stealth Rock
|-sideend|p2: MoxieInfinite|move: Toxic Spikes|[of] p2a: Roserade
|move|p1a: Gastrodon|Scald|p2a: Roserade
|-resisted|p2a: Roserade
|-damage|p2a: Roserade|249/324
|
|-weather|Sandstorm|[upkeep]
|-damage|p2a: Roserade|229/324|[from] sandstorm
|-heal|p2a: Roserade|249/324|[from] item: Black Sludge
|-heal|p1a: Gastrodon|425/425|[from] item: Leftovers
|turn|21
|
|switch|p1a: Heatran|Heatran, M|367/385
|-damage|p1a: Heatran|319/385|[from] Stealth Rock
|move|p2a: Roserade|Toxic Spikes|p1a: Heatran
|-sidestart|p1: Zyos|move: Toxic Spikes
|
|-weather|Sandstorm|[upkeep]
|-damage|p2a: Roserade|229/324|[from] sandstorm
|-heal|p1a: Heatran|343/385|[from] item: Leftovers
|-heal|p2a: Roserade|249/324|[from] item: Black Sludge
|turn|22
|
|switch|p2a: Jellicent|Jellicent, F|44/404
|-damage|p2a: Jellicent|0 fnt|[from] Stealth Rock
|faint|p2a: Jellicent
|move|p1a: Heatran|Lava Plume|p2: Jellicent|[notarget]
|-notarget
|
|-weather|Sandstorm|[upkeep]
|-heal|p1a: Heatran|367/385|[from] item: Leftovers
|
|switch|p2a: Hippowdon|Hippowdon, F|263/420 psn
|-damage|p2a: Hippowdon|237/420 psn|[from] Stealth Rock
|turn|23
|
|move|p1a: Heatran|Lava Plume|p2a: Hippowdon
|-damage|p2a: Hippowdon|110/420 psn
|move|p2a: Hippowdon|Slack Off|p2a: Hippowdon
|-heal|p2a: Hippowdon|320/420 psn
|
|-weather|Sandstorm|[upkeep]
|-heal|p1a: Heatran|385/385|[from] item: Leftovers
|-heal|p2a: Hippowdon|346/420 psn|[from] item: Leftovers
|-damage|p2a: Hippowdon|294/420 psn|[from] psn
|turn|24
|
|switch|p1a: Gastrodon|Gastrodon, M|425/425
|-damage|p1a: Gastrodon|399/425|[from] Stealth Rock
|-status|p1a: Gastrodon|psn
|move|p2a: Hippowdon|Slack Off|p2a: Hippowdon
|-heal|p2a: Hippowdon|420/420 psn
|
|-weather|Sandstorm|[upkeep]
|-heal|p1a: Gastrodon|425/425 psn|[from] item: Leftovers
|-damage|p2a: Hippowdon|368/420 psn|[from] psn
|-damage|p1a: Gastrodon|372/425 psn|[from] psn
|turn|25
|
|switch|p2a: Roserade|Roserade, F|249/324
|-damage|p2a: Roserade|209/324|[from] Stealth Rock
|move|p1a: Gastrodon|Ice Beam|p2a: Roserade
|-crit|p2a: Roserade
|-supereffective|p2a: Roserade
|-damage|p2a: Roserade|3/324
|-status|p2a: Roserade|frz
|
|-weather|Sandstorm|[upkeep]
|-damage|p2a: Roserade|0 fnt|[from] sandstorm
|-heal|p1a: Gastrodon|398/425 psn|[from] item: Leftovers
|-damage|p1a: Gastrodon|345/425 psn|[from] psn
|faint|p2a: Roserade
|
|switch|p2a: Stoutland|Stoutland, M|311/311
|-damage|p2a: Stoutland|273/311|[from] Stealth Rock
|turn|26
|
|switch|p1a: Landorus-Therian|Landorus-Therian, M|381/381
|-damage|p1a: Landorus-Therian|334/381|[from] Stealth Rock
|-ability|p1a: Landorus-Therian|Intimidate|[of] p2a: Stoutland
|-unboost|p2a: Stoutland|atk|1
|move|p2a: Stoutland|Return|p1a: Landorus-Therian
|-damage|p1a: Landorus-Therian|175/381
|
|-weather|Sandstorm|[upkeep]
|-heal|p1a: Landorus-Therian|198/381|[from] item: Leftovers
|turn|27
|
|switch|p2a: Skarmory|Skarmory, M|121/334
|-damage|p2a: Skarmory|80/334|[from] Stealth Rock
|move|p1a: Landorus-Therian|U-turn|p2a: Skarmory
|-resisted|p2a: Skarmory
|-damage|p2a: Skarmory|69/334
|
|switch|p1a: Heatran|Heatran, M|385/385
|-damage|p1a: Heatran|337/385|[from] Stealth Rock
|
|-weather|Sandstorm|[upkeep]
|-heal|p1a: Heatran|361/385|[from] item: Leftovers
|-heal|p2a: Skarmory|89/334|[from] item: Leftovers
|turn|28
|
|switch|p2a: Hippowdon|Hippowdon, F|368/420 psn
|-damage|p2a: Hippowdon|342/420 psn|[from] Stealth Rock
|move|p1a: Heatran|Lava Plume|p2a: Hippowdon
|-damage|p2a: Hippowdon|228/420 psn
|
|-weather|Sandstorm|[upkeep]
|-heal|p1a: Heatran|385/385|[from] item: Leftovers
|-heal|p2a: Hippowdon|254/420 psn|[from] item: Leftovers
|-damage|p2a: Hippowdon|202/420 psn|[from] psn
|turn|29
|
|switch|p1a: Landorus-Therian|Landorus-Therian, M|198/381
|-damage|p1a: Landorus-Therian|151/381|[from] Stealth Rock
|-ability|p1a: Landorus-Therian|Intimidate|[of] p2a: Hippowdon
|-unboost|p2a: Hippowdon|atk|1
|move|p2a: Hippowdon|Slack Off|p2a: Hippowdon
|-heal|p2a: Hippowdon|412/420 psn
|
|-weather|Sandstorm|[upkeep]
|-heal|p1a: Landorus-Therian|174/381|[from] item: Leftovers
|-heal|p2a: Hippowdon|420/420 psn|[from] item: Leftovers
|-damage|p2a: Hippowdon|368/420 psn|[from] psn
|turn|30
|
|move|p1a: Landorus-Therian|Earthquake|p2a: Hippowdon
|-damage|p2a: Hippowdon|242/420 psn
|move|p2a: Hippowdon|Whirlwind|p1a: Landorus-Therian
|drag|p1a: Gastrodon|Gastrodon, M|345/425 psn
|-damage|p1a: Gastrodon|319/425 psn|[from] Stealth Rock
|
|-weather|Sandstorm|[upkeep]
|-heal|p2a: Hippowdon|268/420 psn|[from] item: Leftovers
|-heal|p1a: Gastrodon|345/425 psn|[from] item: Leftovers
|-damage|p2a: Hippowdon|216/420 psn|[from] psn
|-damage|p1a: Gastrodon|292/425 psn|[from] psn
|turn|31
|
|switch|p2a: Latias|Latias, F|364/364 brn
|-damage|p2a: Latias|319/364 brn|[from] Stealth Rock
|move|p1a: Gastrodon|Scald|p2a: Latias
|-resisted|p2a: Latias
|-damage|p2a: Latias|286/364 brn
|
|-weather|Sandstorm|[upkeep]
|-damage|p2a: Latias|264/364 brn|[from] sandstorm
|-heal|p2a: Latias|286/364 brn|[from] item: Leftovers
|-heal|p1a: Gastrodon|318/425 psn|[from] item: Leftovers
|-damage|p2a: Latias|241/364 brn|[from] brn
|-damage|p1a: Gastrodon|265/425 psn|[from] psn
|turn|32
|
|switch|p1a: Heatran|Heatran, M|385/385
|-damage|p1a: Heatran|337/385|[from] Stealth Rock
|move|p2a: Latias|Dragon Pulse|p1a: Heatran
|-resisted|p1a: Heatran
|-damage|p1a: Heatran|289/385
|
|-weather|Sandstorm|[upkeep]
|-damage|p2a: Latias|219/364 brn|[from] sandstorm
|-heal|p2a: Latias|241/364 brn|[from] item: Leftovers
|-heal|p1a: Heatran|313/385|[from] item: Leftovers
|-damage|p2a: Latias|196/364 brn|[from] brn
|turn|33
|
|move|p2a: Latias|Roost|p2a: Latias
|-heal|p2a: Latias|364/364 brn
|move|p1a: Heatran|Lava Plume|p2a: Latias
|-resisted|p2a: Latias
|-damage|p2a: Latias|315/364 brn
|
|-weather|Sandstorm|[upkeep]
|-damage|p2a: Latias|293/364 brn|[from] sandstorm
|-heal|p2a: Latias|315/364 brn|[from] item: Leftovers
|-heal|p1a: Heatran|337/385|[from] item: Leftovers
|-damage|p2a: Latias|270/364 brn|[from] brn
|turn|34
|
|move|p2a: Latias|Roost|p2a: Latias
|-heal|p2a: Latias|364/364 brn
|move|p1a: Heatran|Lava Plume|p2a: Latias
|-crit|p2a: Latias
|-resisted|p2a: Latias
|-damage|p2a: Latias|268/364 brn
|
|-weather|Sandstorm|[upkeep]
|-damage|p2a: Latias|246/364 brn|[from] sandstorm
|-heal|p2a: Latias|268/364 brn|[from] item: Leftovers
|-heal|p1a: Heatran|361/385|[from] item: Leftovers
|-damage|p2a: Latias|223/364 brn|[from] brn
|turn|35
|
|move|p2a: Latias|Roost|p2a: Latias
|-heal|p2a: Latias|364/364 brn
|move|p1a: Heatran|Lava Plume|p2a: Latias
|-resisted|p2a: Latias
|-damage|p2a: Latias|316/364 brn
|
|-weather|Sandstorm|[upkeep]
|-damage|p2a: Latias|294/364 brn|[from] sandstorm
|-heal|p2a: Latias|316/364 brn|[from] item: Leftovers
|-heal|p1a: Heatran|385/385|[from] item: Leftovers
|-damage|p2a: Latias|271/364 brn|[from] brn
|turn|36
|
|move|p2a: Latias|Calm Mind|p2a: Latias
|-boost|p2a: Latias|spa|1
|-boost|p2a: Latias|spd|1
|move|p1a: Heatran|Lava Plume|p2a: Latias
|-resisted|p2a: Latias
|-damage|p2a: Latias|238/364 brn
|
|-weather|Sandstorm|[upkeep]
|-damage|p2a: Latias|216/364 brn|[from] sandstorm
|-heal|p2a: Latias|238/364 brn|[from] item: Leftovers
|-damage|p2a: Latias|193/364 brn|[from] brn
|turn|37
|
|move|p2a: Latias|Roost|p2a: Latias
|-heal|p2a: Latias|364/364 brn
|move|p1a: Heatran|Roar|p2a: Latias
|drag|p2a: Stoutland|Stoutland, M|273/311
|-damage|p2a: Stoutland|235/311|[from] Stealth Rock
|
|-weather|Sandstorm|[upkeep]
|turn|38
|
|move|p1a: Heatran|Protect|p1a: Heatran
|-singleturn|p1a: Heatran|Protect
|move|p2a: Stoutland|Return|p1a: Heatran
|-activate|p1a: Heatran|Protect
|
|-weather|Sandstorm|[upkeep]
|turn|39
|-message|MoxieInfinite forfeited.
|
|win|Zyos
|raw|Ladder updating...
|leave|MoxieInfinite
|player|p2
|raw|Zyos's rating: 1369 &rarr; <strong>1394</strong><br />(+25 for winning)
|raw|MoxieInfinite's rating: 1456 &rarr; <strong>1431</strong><br />(-25 for losing)
|leave|Zyos
|player|p1