|j|☆Mikeflem12326171
|j|☆vustyfans
|t:|1747799574
|gametype|singles
|player|p1|Mikeflem12326171|colress|1294
|player|p2|vustyfans|265|1540
|teamsize|p1|6
|teamsize|p2|6
|gen|5
|tier|[Gen 5] OU
|rated|
|rule|Species Clause: Limit one of each Pokémon
|rule|OHKO Clause: OHKO moves are banned
|rule|Moody Clause: Moody is banned
|rule|Evasion Items Clause: Evasion items are banned
|rule|Evasion Moves Clause: Evasion moves are banned
|rule|Endless Battle Clause: Forcing endless battles is banned
|rule|HP Percentage Mod: HP is shown in percentages
|rule|Evasion Abilities Clause: Evasion abilities are banned
|rule|Sleep Moves Clause: Sleep-inducing moves are banned
|rule|Swagger Clause: Swagger is banned
|rule|Baton Pass Stat Clause: No Baton Passer may have a way to boost its stats
|clearpoke
|poke|p1|Dragonite, F|item
|poke|p1|Scizor, M|item
|poke|p1|Ferrothorn, F|item
|poke|p1|Volcarona, M|item
|poke|p1|Starmie|item
|poke|p1|Chansey, F|item
|poke|p2|Tyranitar, M|item
|poke|p2|Latias, F|item
|poke|p2|Rotom-Wash|item
|poke|p2|Alakazam, M|item
|poke|p2|Landorus-Therian, M|item
|poke|p2|Excadrill, M|item
|teampreview
|
|t:|1747799591
|start
|switch|p1a: Starfy|Starmie|100/100
|switch|p2a: Rotom|Rotom-Wash|100/100
|turn|1
|
|t:|1747799609
|switch|p1a: Firethorn|Ferrothorn, F, shiny|100/100
|move|p2a: Rotom|Volt Switch|p1a: Firethorn
|-resisted|p1a: Firethorn
|-damage|p1a: Firethorn|92/100
|
|t:|1747799612
|switch|p2a: Tyranitar|Tyranitar, M|100/100|[from] Volt Switch
|-weather|Sandstorm|[from] ability: Sand Stream|[of] p2a: Tyranitar
|
|-weather|Sandstorm|[upkeep]
|-heal|p1a: Firethorn|98/100|[from] item: Leftovers
|upkeep
|turn|2
|
|t:|1747799617
|move|p2a: Tyranitar|Stealth Rock|p1a: Firethorn
|-sidestart|p1: Mikeflem12326171|move: Stealth Rock
|move|p1a: Firethorn|Gyro Ball|p2a: Tyranitar
|-supereffective|p2a: Tyranitar
|-damage|p2a: Tyranitar|50/100
|
|-weather|Sandstorm|[upkeep]
|-heal|p1a: Firethorn|100/100|[from] item: Leftovers
|upkeep
|turn|3
|
|t:|1747799624
|move|p2a: Tyranitar|Superpower|p1a: Firethorn
|-supereffective|p1a: Firethorn
|-damage|p1a: Firethorn|37/100
|-unboost|p2a: Tyranitar|atk|1
|-unboost|p2a: Tyranitar|def|1
|-damage|p2a: Tyranitar|37/100|[from] ability: Iron Barbs|[of] p1a: Firethorn
|move|p1a: Firethorn|Stealth Rock|p2a: Tyranitar
|-sidestart|p2: vustyfans|move: Stealth Rock
|
|-weather|Sandstorm|[upkeep]
|-heal|p1a: Firethorn|43/100|[from] item: Leftovers
|upkeep
|turn|4
|
|t:|1747799635
|switch|p2a: Latias|Latias, F|100/100
|-damage|p2a: Latias|88/100|[from] Stealth Rock
|move|p1a: Firethorn|Gyro Ball|p2a: Latias
|-damage|p2a: Latias|41/100
|-damage|p1a: Firethorn|27/100|[from] item: Rocky Helmet|[of] p2a: Latias
|
|-weather|Sandstorm|[upkeep]
|-damage|p2a: Latias|35/100|[from] Sandstorm
|-heal|p1a: Firethorn|33/100|[from] item: Leftovers
|upkeep
|turn|5
|
|t:|1747799639
|move|p2a: Latias|Thunder Wave|p1a: Firethorn
|-status|p1a: Firethorn|par
|move|p1a: Firethorn|Leech Seed|p2a: Latias
|-start|p2a: Latias|move: Leech Seed
|
|-weather|Sandstorm|[upkeep]
|-damage|p2a: Latias|29/100|[from] Sandstorm
|-heal|p1a: Firethorn|39/100 par|[from] item: Leftovers
|-damage|p2a: Latias|16/100|[from] Leech Seed|[of] p1a: Firethorn
|-heal|p1a: Firethorn|52/100 par|[silent]
|upkeep
|turn|6
|
|t:|1747799644
|switch|p2a: Excadrill|Excadrill, M|100/100
|-damage|p2a: Excadrill|97/100|[from] Stealth Rock
|cant|p1a: Firethorn|par
|
|-weather|Sandstorm|[upkeep]
|-heal|p2a: Excadrill|100/100|[from] item: Leftovers
|-heal|p1a: Firethorn|58/100 par|[from] item: Leftovers
|upkeep
|turn|7
|
|t:|1747799648
|move|p2a: Excadrill|Substitute|p2a: Excadrill
|-start|p2a: Excadrill|Substitute
|-damage|p2a: Excadrill|76/100
|cant|p1a: Firethorn|par
|
|-weather|Sandstorm|[upkeep]
|-heal|p2a: Excadrill|82/100|[from] item: Leftovers
|-heal|p1a: Firethorn|64/100 par|[from] item: Leftovers
|upkeep
|turn|8
|
|t:|1747799650
|move|p2a: Excadrill|Earthquake|p1a: Firethorn
|-damage|p1a: Firethorn|4/100 par
|move|p1a: Firethorn|Gyro Ball|p2a: Excadrill
|-resisted|p2a: Excadrill
|-end|p2a: Excadrill|Substitute
|
|-weather|Sandstorm|[upkeep]
|-heal|p2a: Excadrill|88/100|[from] item: Leftovers
|-heal|p1a: Firethorn|10/100 par|[from] item: Leftovers
|upkeep
|turn|9
|
|t:|1747799655
|move|p2a: Excadrill|Substitute|p2a: Excadrill
|-start|p2a: Excadrill|Substitute
|-damage|p2a: Excadrill|63/100
|cant|p1a: Firethorn|par
|
|-weather|Sandstorm|[upkeep]
|-heal|p2a: Excadrill|69/100|[from] item: Leftovers
|-heal|p1a: Firethorn|16/100 par|[from] item: Leftovers
|upkeep
|turn|10
|
|t:|1747799658
|move|p2a: Excadrill|Earthquake|p1a: Firethorn
|-damage|p1a: Firethorn|0 fnt
|faint|p1a: Firethorn
|
|-weather|Sandstorm|[upkeep]
|-heal|p2a: Excadrill|75/100|[from] item: Leftovers
|upkeep
|
|t:|1747799663
|switch|p1a: Starfy|Starmie|100/100
|-damage|p1a: Starfy|88/100|[from] Stealth Rock
|turn|11
|
|t:|1747799667
|move|p2a: Excadrill|Protect|p2a: Excadrill
|-singleturn|p2a: Excadrill|Protect
|move|p1a: Starfy|Surf|p2a: Excadrill
|-activate|p2a: Excadrill|move: Protect
|
|-weather|Sandstorm|[upkeep]
|-damage|p1a: Starfy|82/100|[from] Sandstorm
|-heal|p2a: Excadrill|81/100|[from] item: Leftovers
|upkeep
|turn|12
|
|t:|1747799670
|move|p1a: Starfy|Surf|p2a: Excadrill
|-supereffective|p2a: Excadrill
|-end|p2a: Excadrill|Substitute
|move|p2a: Excadrill|Earthquake|p1a: Starfy
|-damage|p1a: Starfy|0 fnt
|faint|p1a: Starfy
|
|-weather|Sandstorm|[upkeep]
|-heal|p2a: Excadrill|87/100|[from] item: Leftovers
|upkeep
|
|t:|1747799694
|switch|p1a: Tenzhou|Dragonite, F|100/100
|-damage|p1a: Tenzhou|76/100|[from] Stealth Rock
|turn|13
|
|t:|1747799705
|move|p1a: Tenzhou|Earthquake|p2a: Excadrill
|-supereffective|p2a: Excadrill
|-damage|p2a: Excadrill|0 fnt
|faint|p2a: Excadrill
|
|-weather|Sandstorm|[upkeep]
|-damage|p1a: Tenzhou|70/100|[from] Sandstorm
|-heal|p1a: Tenzhou|76/100|[from] item: Leftovers
|upkeep
|
|t:|1747799714
|switch|p2a: Landorus|Landorus-Therian, M|100/100
|-damage|p2a: Landorus|88/100|[from] Stealth Rock
|-ability|p2a: Landorus|Intimidate|boost
|-unboost|p1a: Tenzhou|atk|1
|turn|14
|
|t:|1747799723
|move|p2a: Landorus|Earthquake|p1a: Tenzhou
|-immune|p1a: Tenzhou
|move|p1a: Tenzhou|Dragon Dance|p1a: Tenzhou
|-boost|p1a: Tenzhou|atk|1
|-boost|p1a: Tenzhou|spe|1
|
|-weather|Sandstorm|[upkeep]
|-damage|p1a: Tenzhou|70/100|[from] Sandstorm
|-heal|p1a: Tenzhou|76/100|[from] item: Leftovers
|upkeep
|turn|15
|
|t:|1747799729
|switch|p2a: Latias|Latias, F|16/100
|-damage|p2a: Latias|4/100|[from] Stealth Rock
|move|p1a: Tenzhou|Dragon Dance|p1a: Tenzhou
|-boost|p1a: Tenzhou|atk|1
|-boost|p1a: Tenzhou|spe|1
|
|-weather|Sandstorm|[upkeep]
|-damage|p1a: Tenzhou|70/100|[from] Sandstorm
|-damage|p2a: Latias|0 fnt|[from] Sandstorm
|faint|p2a: Latias
|-heal|p1a: Tenzhou|76/100|[from] item: Leftovers
|upkeep
|
|t:|1747799732
|switch|p2a: Alakazam|Alakazam, M|100/100
|turn|16
|
|t:|1747799736
|move|p1a: Tenzhou|Dragon Claw|p2a: Alakazam
|-enditem|p2a: Alakazam|Focus Sash
|-damage|p2a: Alakazam|1/100
|move|p2a: Alakazam|Hidden Power|p1a: Tenzhou
|-supereffective|p1a: Tenzhou
|-crit|p1a: Tenzhou
|-damage|p1a: Tenzhou|0 fnt
|faint|p1a: Tenzhou
|
|-weather|Sandstorm|[upkeep]
|upkeep
|
|t:|1747799739
|switch|p1a: Lil Mac|Scizor, M|100/100
|-damage|p1a: Lil Mac|88/100|[from] Stealth Rock
|turn|17
|
|t:|1747799746
|move|p1a: Lil Mac|Bullet Punch|p2a: Alakazam
|-damage|p2a: Alakazam|0 fnt
|faint|p2a: Alakazam
|
|-weather|Sandstorm|[upkeep]
|upkeep
|
|t:|1747799748
|switch|p2a: Rotom|Rotom-Wash|100/100
|-damage|p2a: Rotom|88/100|[from] Stealth Rock
|turn|18
|
|t:|1747799751
|switch|p1a: Chansey|Chansey, F|100/100
|-damage|p1a: Chansey|88/100|[from] Stealth Rock
|move|p2a: Rotom|Volt Switch|p1a: Chansey
|-damage|p1a: Chansey|82/100
|
|t:|1747799759
|switch|p2a: Tyranitar|Tyranitar, M|37/100|[from] Volt Switch
|-damage|p2a: Tyranitar|25/100|[from] Stealth Rock
|
|-weather|Sandstorm|[upkeep]
|-damage|p1a: Chansey|76/100|[from] Sandstorm
|upkeep
|turn|19
|
|t:|1747799766
|move|p2a: Tyranitar|Crunch|p1a: Chansey
|-damage|p1a: Chansey|13/100
|move|p1a: Chansey|Thunder Wave|p2a: Tyranitar
|-status|p2a: Tyranitar|par
|
|-weather|Sandstorm|[upkeep]
|-damage|p1a: Chansey|7/100|[from] Sandstorm
|upkeep
|turn|20
|
|t:|1747799774
|switch|p2a: Landorus|Landorus-Therian, M|88/100
|-damage|p2a: Landorus|76/100|[from] Stealth Rock
|-ability|p2a: Landorus|Intimidate|boost
|-unboost|p1a: Chansey|atk|1
|move|p1a: Chansey|Seismic Toss|p2a: Landorus
|-damage|p2a: Landorus|46/100
|
|-weather|Sandstorm|[upkeep]
|-damage|p1a: Chansey|1/100|[from] Sandstorm
|upkeep
|turn|21
|
|t:|1747799779
|move|p2a: Landorus|Earthquake|p1a: Chansey
|-damage|p1a: Chansey|0 fnt
|faint|p1a: Chansey
|
|-weather|Sandstorm|[upkeep]
|upkeep
|
|t:|1747799786
|switch|p1a: Lil Mac|Scizor, M|88/100
|-damage|p1a: Lil Mac|76/100|[from] Stealth Rock
|turn|22
|
|t:|1747799790
|move|p2a: Landorus|Earthquake|p1a: Lil Mac
|-damage|p1a: Lil Mac|30/100
|move|p1a: Lil Mac|Bug Bite|p2a: Landorus
|-resisted|p2a: Landorus
|-damage|p2a: Landorus|16/100
|
|-weather|Sandstorm|[upkeep]
|upkeep
|turn|23
|
|t:|1747799796
|switch|p2a: Tyranitar|Tyranitar, M|25/100 par
|-damage|p2a: Tyranitar|13/100 par|[from] Stealth Rock
|switch|p1a: Vulcanis|Volcarona, M|100/100
|-damage|p1a: Vulcanis|51/100|[from] Stealth Rock
|
|-weather|Sandstorm|[upkeep]
|-damage|p1a: Vulcanis|44/100|[from] Sandstorm
|upkeep
|-enditem|p1a: Vulcanis|Sitrus Berry|[eat]
|-heal|p1a: Vulcanis|69/100|[from] item: Sitrus Berry
|turn|24
|
|t:|1747799800
|move|p1a: Vulcanis|Quiver Dance|p1a: Vulcanis
|-boost|p1a: Vulcanis|spa|1
|-boost|p1a: Vulcanis|spd|1
|-boost|p1a: Vulcanis|spe|1
|cant|p2a: Tyranitar|par
|
|-weather|Sandstorm|[upkeep]
|-damage|p1a: Vulcanis|63/100|[from] Sandstorm
|upkeep
|turn|25
|
|t:|1747799805
|move|p1a: Vulcanis|Bug Buzz|p2a: Tyranitar
|-supereffective|p2a: Tyranitar
|-damage|p2a: Tyranitar|0 fnt
|faint|p2a: Tyranitar
|
|-weather|Sandstorm|[upkeep]
|-damage|p1a: Vulcanis|57/100|[from] Sandstorm
|upkeep
|
|t:|1747799807
|switch|p2a: Rotom|Rotom-Wash|88/100
|-damage|p2a: Rotom|76/100|[from] Stealth Rock
|turn|26
|
|t:|1747799810
|move|p1a: Vulcanis|Bug Buzz|p2a: Rotom
|-damage|p2a: Rotom|9/100
|move|p2a: Rotom|Hydro Pump|p1a: Vulcanis|[miss]
|-miss|p2a: Rotom|p1a: Vulcanis
|
|-weather|Sandstorm|[upkeep]
|-damage|p1a: Vulcanis|51/100|[from] Sandstorm
|-damage|p2a: Rotom|3/100|[from] Sandstorm
|-heal|p2a: Rotom|9/100|[from] item: Leftovers
|upkeep
|turn|27
|
|t:|1747799814
|move|p1a: Vulcanis|Bug Buzz|p2a: Rotom
|-damage|p2a: Rotom|0 fnt
|faint|p2a: Rotom
|
|-weather|Sandstorm|[upkeep]
|-damage|p1a: Vulcanis|45/100|[from] Sandstorm
|upkeep
|-message|vustyfans forfeited.
|
|win|Mikeflem12326171
|raw|Mikeflem12326171's rating: 1294 &rarr; <strong>1334</strong><br />(+40 for winning)
|raw|vustyfans's rating: 1540 &rarr; <strong>1508</strong><br />(-32 for losing)
|l|☆vustyfans
|player|p2|
