|html|<div class="broadcast-blue"><strong>[Gen 5] OU is currently suspecting Volcarona & Cloyster! For information on how to participate check out the <a href="https://www.smogon.com/forums/threads/re-cloyster-volcarona-in-bw-ou-survey-post-29.3731863/page-2#post-9904362">suspect thread</a>.</strong></div>
|j|☆heitorbijusedi
|j|☆seanb143
|t:|1704686566
|gametype|singles
|player|p1|heitorbijusedi|cheren-gen5bw2|1272
|player|p2|seanb143|emmet|1460
|teamsize|p1|6
|teamsize|p2|6
|gen|5
|tier|[Gen 5] OU
|rated|
|rule|Species Clause: Limit one of each Pokémon
|rule|OHKO Clause: OHKO moves are banned
|rule|Moody Clause: Moody is banned
|rule|Evasion Items Clause: Evasion items are banned
|rule|Evasion Moves Clause: Evasion moves are banned
|rule|Endless Battle Clause: Forcing endless battles is banned
|rule|HP Percentage Mod: HP is shown in percentages
|rule|Evasion Abilities Clause: Evasion abilities are banned
|rule|Sleep Moves Clause: Sleep-inducing moves are banned
|rule|Swagger Clause: Swagger is banned
|rule|Baton Pass Stat Clause: No Baton Passer may have a way to boost its stats
|clearpoke
|poke|p1|Ferrothorn, M|item
|poke|p1|Starmie|item
|poke|p1|Landorus-Therian, M|item
|poke|p1|Latios, M|item
|poke|p1|Heatran, F|item
|poke|p1|Dragonite, M|item
|poke|p2|Heatran, F|item
|poke|p2|Jellicent, F|item
|poke|p2|Forretress, M|item
|poke|p2|Ninetales, M|item
|poke|p2|Gyarados, F|item
|poke|p2|Shedinja|item
|teampreview
|
|t:|1704686604
|start
|switch|p1a: Landorus|Landorus-Therian, M|100/100
|switch|p2a: Gyarados|Gyarados, F, shiny|100/100
|-ability|p1a: Landorus|Intimidate|boost
|-unboost|p2a: Gyarados|atk|1
|-ability|p2a: Gyarados|Intimidate|boost
|-unboost|p1a: Landorus|atk|1
|turn|1
|
|t:|1704686615
|move|p1a: Landorus|U-turn|p2a: Gyarados
|-resisted|p2a: Gyarados
|-damage|p2a: Gyarados|94/100
|
|t:|1704686620
|switch|p1a: Ferrothorn|Ferrothorn, M|100/100|[from] U-turn
|move|p2a: Gyarados|Toxic|p1a: Ferrothorn
|-immune|p1a: Ferrothorn
|
|-heal|p2a: Gyarados|99/100|[from] item: Leftovers
|upkeep
|turn|2
|
|t:|1704686631
|switch|p2a: Heatran|Heatran, F, shiny|100/100
|move|p1a: Ferrothorn|Stealth Rock|p2a: Heatran
|-sidestart|p2: seanb143|move: Stealth Rock
|
|upkeep
|turn|3
|
|t:|1704686638
|switch|p1a: Heatran|Heatran, F|100/100
|move|p2a: Heatran|Stealth Rock|p1a: Heatran
|-sidestart|p1: heitorbijusedi|move: Stealth Rock
|
|upkeep
|turn|4
|
|t:|1704686646
|switch|p2a: Gyarados|Gyarados, F, shiny|99/100
|-damage|p2a: Gyarados|75/100|[from] Stealth Rock
|-ability|p2a: Gyarados|Intimidate|boost
|-unboost|p1a: Heatran|atk|1
|move|p1a: Heatran|Earth Power|p2a: Gyarados
|-immune|p2a: Gyarados
|
|-heal|p2a: Gyarados|81/100|[from] item: Leftovers
|upkeep
|turn|5
|
|t:|1704686652
|switch|p1a: Ferrothorn|Ferrothorn, M|100/100
|-damage|p1a: Ferrothorn|94/100|[from] Stealth Rock
|move|p2a: Gyarados|Dragon Tail|p1a: Ferrothorn
|-resisted|p1a: Ferrothorn
|-damage|p1a: Ferrothorn|88/100
|-damage|p2a: Gyarados|69/100|[from] ability: Iron Barbs|[of] p1a: Ferrothorn
|drag|p1a: Landorus|Landorus-Therian, M|100/100
|-damage|p1a: Landorus|88/100|[from] Stealth Rock
|-ability|p1a: Landorus|Intimidate|boost
|-unboost|p2a: Gyarados|atk|1
|
|-heal|p2a: Gyarados|75/100|[from] item: Leftovers
|upkeep
|turn|6
|
|t:|1704686661
|move|p1a: Landorus|Stone Edge|p2a: Gyarados
|-supereffective|p2a: Gyarados
|-damage|p2a: Gyarados|28/100
|move|p2a: Gyarados|Dragon Tail|p1a: Landorus
|-damage|p1a: Landorus|76/100
|drag|p1a: Dragonite|Dragonite, M|100/100
|-damage|p1a: Dragonite|76/100|[from] Stealth Rock
|
|-heal|p2a: Gyarados|34/100|[from] item: Leftovers
|upkeep
|turn|7
|
|t:|1704686687
|switch|p2a: Forretress|Forretress, M, shiny|100/100
|-damage|p2a: Forretress|88/100|[from] Stealth Rock
|move|p1a: Dragonite|Extreme Speed|p2a: Forretress
|-resisted|p2a: Forretress
|-damage|p2a: Forretress|75/100
|
|-heal|p2a: Forretress|82/100|[from] item: Leftovers
|upkeep
|turn|8
|
|t:|1704686693
|switch|p1a: Ferrothorn|Ferrothorn, M|88/100
|-damage|p1a: Ferrothorn|82/100|[from] Stealth Rock
|move|p2a: Forretress|Rapid Spin|p1a: Ferrothorn
|-resisted|p1a: Ferrothorn
|-damage|p1a: Ferrothorn|81/100
|-damage|p2a: Forretress|69/100|[from] ability: Iron Barbs|[of] p1a: Ferrothorn
|-sideend|p2: seanb143|Stealth Rock|[from] move: Rapid Spin|[of] p2a: Forretress
|
|-heal|p2a: Forretress|75/100|[from] item: Leftovers
|-heal|p1a: Ferrothorn|87/100|[from] item: Leftovers
|upkeep
|turn|9
|
|t:|1704686700
|move|p2a: Forretress|Spikes|p1a: Ferrothorn
|-sidestart|p1: heitorbijusedi|Spikes
|move|p1a: Ferrothorn|Stealth Rock|p2a: Forretress
|-sidestart|p2: seanb143|move: Stealth Rock
|
|-heal|p2a: Forretress|82/100|[from] item: Leftovers
|-heal|p1a: Ferrothorn|93/100|[from] item: Leftovers
|upkeep
|turn|10
|
|t:|1704686707
|move|p2a: Forretress|Rapid Spin|p1a: Ferrothorn
|-resisted|p1a: Ferrothorn
|-damage|p1a: Ferrothorn|92/100
|-damage|p2a: Forretress|69/100|[from] ability: Iron Barbs|[of] p1a: Ferrothorn
|-sideend|p2: seanb143|Stealth Rock|[from] move: Rapid Spin|[of] p2a: Forretress
|move|p1a: Ferrothorn|Knock Off|p2a: Forretress
|-resisted|p2a: Forretress
|-damage|p2a: Forretress|68/100
|-enditem|p2a: Forretress|Leftovers|[from] move: Knock Off|[of] p1a: Ferrothorn
|
|-heal|p1a: Ferrothorn|99/100|[from] item: Leftovers
|upkeep
|turn|11
|
|t:|1704686711
|move|p2a: Forretress|Spikes|p1a: Ferrothorn
|-sidestart|p1: heitorbijusedi|Spikes
|move|p1a: Ferrothorn|Stealth Rock|p2a: Forretress
|-sidestart|p2: seanb143|move: Stealth Rock
|
|-heal|p1a: Ferrothorn|100/100|[from] item: Leftovers
|upkeep
|turn|12
|
|t:|1704686715
|move|p2a: Forretress|Rapid Spin|p1a: Ferrothorn
|-resisted|p1a: Ferrothorn
|-damage|p1a: Ferrothorn|99/100
|-damage|p2a: Forretress|56/100|[from] ability: Iron Barbs|[of] p1a: Ferrothorn
|-sideend|p2: seanb143|Stealth Rock|[from] move: Rapid Spin|[of] p2a: Forretress
|move|p1a: Ferrothorn|Spikes|p2a: Forretress
|-sidestart|p2: seanb143|Spikes
|
|-heal|p1a: Ferrothorn|100/100|[from] item: Leftovers
|upkeep
|turn|13
|
|t:|1704686718
|move|p2a: Forretress|Spikes|p1a: Ferrothorn
|-sidestart|p1: heitorbijusedi|Spikes
|move|p1a: Ferrothorn|Stealth Rock|p2a: Forretress
|-sidestart|p2: seanb143|move: Stealth Rock
|
|upkeep
|turn|14
|
|t:|1704686721
|move|p2a: Forretress|Rapid Spin|p1a: Ferrothorn
|-resisted|p1a: Ferrothorn
|-damage|p1a: Ferrothorn|99/100
|-damage|p2a: Forretress|43/100|[from] ability: Iron Barbs|[of] p1a: Ferrothorn
|-sideend|p2: seanb143|Spikes|[from] move: Rapid Spin|[of] p2a: Forretress
|-sideend|p2: seanb143|Stealth Rock|[from] move: Rapid Spin|[of] p2a: Forretress
|move|p1a: Ferrothorn|Spikes|p2a: Forretress
|-sidestart|p2: seanb143|Spikes
|
|-heal|p1a: Ferrothorn|100/100|[from] item: Leftovers
|upkeep
|turn|15
|
|t:|1704686726
|switch|p2a: Ninetales|Ninetales, M, shiny|100/100
|-damage|p2a: Ninetales|88/100|[from] Spikes
|-weather|SunnyDay|[from] ability: Drought|[of] p2a: Ninetales
|move|p1a: Ferrothorn|Stealth Rock|p2a: Ninetales
|-sidestart|p2: seanb143|move: Stealth Rock
|
|-weather|SunnyDay|[upkeep]
|upkeep
|turn|16
|
|t:|1704686734
|switch|p2a: Gyarados|Gyarados, F, shiny|34/100
|-damage|p2a: Gyarados|9/100|[from] Stealth Rock
|-ability|p2a: Gyarados|Intimidate|boost
|-unboost|p1a: Ferrothorn|atk|1
|switch|p1a: Dragonite|Dragonite, M|76/100
|-damage|p1a: Dragonite|51/100|[from] Stealth Rock
|
|-weather|SunnyDay|[upkeep]
|-heal|p2a: Gyarados|15/100|[from] item: Leftovers
|upkeep
|turn|17
|
|t:|1704686740
|switch|p2a: Heatran|Heatran, F, shiny|100/100
|-damage|p2a: Heatran|88/100|[from] Spikes
|-damage|p2a: Heatran|76/100|[from] Stealth Rock
|move|p1a: Dragonite|Fire Punch|p2a: Heatran
|-start|p2a: Heatran|ability: Flash Fire
|
|-weather|SunnyDay|[upkeep]
|-heal|p2a: Heatran|82/100|[from] item: Leftovers
|upkeep
|turn|18
|
|t:|1704686750
|switch|p1a: Heatran|Heatran, F|100/100
|-damage|p1a: Heatran|88/100|[from] Stealth Rock
|-damage|p1a: Heatran|63/100|[from] Spikes
|move|p2a: Heatran|Roar|p1a: Heatran
|drag|p1a: Ferrothorn|Ferrothorn, M|100/100
|-damage|p1a: Ferrothorn|94/100|[from] Stealth Rock
|-damage|p1a: Ferrothorn|69/100|[from] Spikes
|
|-weather|SunnyDay|[upkeep]
|-heal|p2a: Heatran|88/100|[from] item: Leftovers
|-heal|p1a: Ferrothorn|75/100|[from] item: Leftovers
|upkeep
|turn|19
|
|t:|1704686773
|switch|p1a: Landorus|Landorus-Therian, M|76/100
|-damage|p1a: Landorus|64/100|[from] Stealth Rock
|-ability|p1a: Landorus|Intimidate|boost
|-unboost|p2a: Heatran|atk|1
|move|p2a: Heatran|Lava Plume|p1a: Landorus
|-damage|p1a: Landorus|0 fnt
|faint|p1a: Landorus
|
|-weather|SunnyDay|[upkeep]
|-heal|p2a: Heatran|94/100|[from] item: Leftovers
|upkeep
|
|t:|1704686779
|switch|p1a: Starmie|Starmie|100/100
|-damage|p1a: Starmie|88/100|[from] Stealth Rock
|-item|p1a: Starmie|Air Balloon
|turn|20
|
|t:|1704686783
|-end|p2a: Heatran|ability: Flash Fire|[silent]
|switch|p2a: Jellicent|Jellicent, F, shiny|100/100
|-damage|p2a: Jellicent|88/100|[from] Spikes
|-damage|p2a: Jellicent|76/100|[from] Stealth Rock
|move|p1a: Starmie|Thunderbolt|p2a: Jellicent
|-supereffective|p2a: Jellicent
|-crit|p2a: Jellicent
|-damage|p2a: Jellicent|0 fnt
|faint|p2a: Jellicent
|
|-weather|SunnyDay|[upkeep]
|upkeep
|
|t:|1704686788
|switch|p2a: Ninetales|Ninetales, M, shiny|88/100
|-damage|p2a: Ninetales|76/100|[from] Spikes
|-damage|p2a: Ninetales|51/100|[from] Stealth Rock
|turn|21
|
|t:|1704686794
|move|p1a: Starmie|Rapid Spin|p2a: Ninetales
|-damage|p2a: Ninetales|46/100
|-sideend|p1: heitorbijusedi|Spikes|[from] move: Rapid Spin|[of] p1a: Starmie
|-sideend|p1: heitorbijusedi|Stealth Rock|[from] move: Rapid Spin|[of] p1a: Starmie
|move|p2a: Ninetales|Solar Beam||[still]
|-prepare|p2a: Ninetales|Solar Beam
|-anim|p2a: Ninetales|Solar Beam|p1a: Starmie
|-supereffective|p1a: Starmie
|-damage|p1a: Starmie|0 fnt
|-enditem|p1a: Starmie|Air Balloon
|faint|p1a: Starmie
|
|-weather|SunnyDay|[upkeep]
|upkeep
|
|t:|1704686811
|switch|p1a: Latios|Latios, M|100/100
|turn|22
|
|t:|1704686816
|switch|p2a: Heatran|Heatran, F, shiny|94/100
|-damage|p2a: Heatran|82/100|[from] Spikes
|-damage|p2a: Heatran|69/100|[from] Stealth Rock
|move|p1a: Latios|Calm Mind|p1a: Latios
|-boost|p1a: Latios|spa|1
|-boost|p1a: Latios|spd|1
|
|-weather|SunnyDay|[upkeep]
|-heal|p2a: Heatran|76/100|[from] item: Leftovers
|upkeep
|turn|23
|
|t:|1704686823
|move|p1a: Latios|Surf|p2a: Heatran
|-supereffective|p2a: Heatran
|-damage|p2a: Heatran|45/100
|move|p2a: Heatran|Lava Plume|p1a: Latios
|-resisted|p1a: Latios
|-damage|p1a: Latios|84/100
|
|-weather|SunnyDay|[upkeep]
|-heal|p2a: Heatran|51/100|[from] item: Leftovers
|upkeep
|turn|24
|
|t:|1704686837
|move|p1a: Latios|Surf|p2a: Heatran
|-supereffective|p2a: Heatran
|-damage|p2a: Heatran|19/100
|move|p2a: Heatran|Stealth Rock|p1a: Latios
|-sidestart|p1: heitorbijusedi|move: Stealth Rock
|
|-weather|SunnyDay|[upkeep]
|-heal|p2a: Heatran|25/100|[from] item: Leftovers
|upkeep
|turn|25
|
|t:|1704686843
|move|p1a: Latios|Surf|p2a: Heatran
|-supereffective|p2a: Heatran
|-damage|p2a: Heatran|0 fnt
|faint|p2a: Heatran
|
|-weather|SunnyDay|[upkeep]
|upkeep
|-message|seanb143 forfeited.
|
|win|heitorbijusedi
|raw|heitorbijusedi's rating: 1272 &rarr; <strong>1309</strong><br />(+37 for winning)
|raw|seanb143's rating: 1460 &rarr; <strong>1430</strong><br />(-30 for losing)
|l|☆seanb143
|player|p2|
