|j|☆rahzagoul
|j|☆porrompompom
|player|p1|rahzagoul|269
|player|p2|porrompompom|10
|teamsize|p1|6
|teamsize|p2|6
|gametype|singles
|gen|5
|tier|[Gen 5] OU
|rated|
|rule|Sleep Clause Mod: Limit one foe put to sleep
|rule|Species Clause: Limit one of each Pokémon
|rule|OHKO Clause: OHKO moves are banned
|rule|Moody Clause: Moody is banned
|rule|Evasion Moves Clause: Evasion moves are banned
|rule|Endless Battle Clause: Forcing endless battles is banned
|rule|HP Percentage Mod: HP is shown in percentages
|rule|Evasion Abilities Clause: Evasion abilities are banned
|rule|Baton Pass Clause: Limit one Baton Passer, can't pass Spe and other stats simultaneously
|rule|Swagger Clause: Swagger is banned
|clearpoke
|poke|p1|Skarmory, M|item
|poke|p1|Gastrodon-East, F|item
|poke|p1|Reuniclus, F|item
|poke|p1|Tyranitar, F|item
|poke|p1|Latias, F|item
|poke|p1|Heatran, M|item
|poke|p2|Tangrowth, F|item
|poke|p2|Tyranitar, M|item
|poke|p2|Heatran, M|item
|poke|p2|Latios, M|item
|poke|p2|Mienshao, F|item
|poke|p2|Slowking, F|item
|teampreview
|inactive|Battle timer is ON: inactive players will automatically lose when time's up. (requested by porrompompom)
|j| monkey44
|c|☆porrompompom|gg lol
|
|start
|switch|p1a: Skarmory|Skarmory, M|100/100
|switch|p2a: Heatran|Heatran, M|100/100
|turn|1
|
|switch|p1a: Tyranitar|Tyranitar, F|100/100
|-weather|Sandstorm|[from] ability: Sand Stream|[of] p1a: Tyranitar
|move|p2a: Heatran|Lava Plume|p1a: Tyranitar
|-resisted|p1a: Tyranitar
|-damage|p1a: Tyranitar|92/100
|
|-weather|Sandstorm|[upkeep]
|upkeep
|turn|2
|
|move|p2a: Heatran|Taunt|p1a: Tyranitar
|-start|p1a: Tyranitar|move: Taunt
|cant|p1a: Tyranitar|move: Taunt|Stealth Rock
|
|-weather|Sandstorm|[upkeep]
|upkeep
|turn|3
|
|switch|p1a: Reuniclus|Reuniclus, F|100/100
|move|p2a: Heatran|Will-O-Wisp|p1a: Reuniclus
|-status|p1a: Reuniclus|brn
|
|-weather|Sandstorm|[upkeep]
|upkeep
|turn|4
|
|switch|p2a: Mienshao|Mienshao, F|100/100
|move|p1a: Reuniclus|Focus Blast|p2a: Mienshao
|-damage|p2a: Mienshao|36/100
|
|-weather|Sandstorm|[upkeep]
|-damage|p2a: Mienshao|30/100|[from] Sandstorm
|upkeep
|turn|5
|
|switch|p1a: Skarmory|Skarmory, M|100/100
|move|p2a: Mienshao|U-turn|p1a: Skarmory
|-resisted|p1a: Skarmory
|-damage|p1a: Skarmory|97/100
|-damage|p2a: Mienshao|13/100|[from] item: Rocky Helmet|[of] p1a: Skarmory
|
|switch|p2a: Heatran|Heatran, M|100/100
|
|-weather|Sandstorm|[upkeep]
|upkeep
|turn|6
|
|switch|p1a: Heatran|Heatran, M|100/100
|move|p2a: Heatran|Lava Plume|p1a: Heatran
|-start|p1a: Heatran|ability: Flash Fire
|
|-weather|Sandstorm|[upkeep]
|upkeep
|turn|7
|
|move|p1a: Heatran|Earth Power|p2a: Heatran
|-supereffective|p2a: Heatran
|-damage|p2a: Heatran|11/100
|-unboost|p2a: Heatran|spd|1
|move|p2a: Heatran|Earth Power|p1a: Heatran
|-supereffective|p1a: Heatran
|-damage|p1a: Heatran|6/100
|
|-weather|Sandstorm|[upkeep]
|-heal|p2a: Heatran|17/100|[from] item: Leftovers
|upkeep
|turn|8
|
|-end|p1a: Heatran|ability: Flash Fire|[silent]
|switch|p1a: Skarmory|Skarmory, M|97/100
|switch|p2a: Slowking|Slowking, F|100/100
|
|-weather|Sandstorm|[upkeep]
|-damage|p2a: Slowking|94/100|[from] Sandstorm
|-heal|p2a: Slowking|100/100|[from] item: Leftovers
|upkeep
|turn|9
|
|switch|p2a: Heatran|Heatran, M|17/100
|move|p1a: Skarmory|Spikes|p2a: Heatran
|-sidestart|p2: porrompompom|Spikes
|
|-weather|Sandstorm|[upkeep]
|-heal|p2a: Heatran|24/100|[from] item: Leftovers
|upkeep
|turn|10
|
|switch|p1a: Tyranitar|Tyranitar, F|92/100
|move|p2a: Heatran|Lava Plume|p1a: Tyranitar
|-resisted|p1a: Tyranitar
|-damage|p1a: Tyranitar|84/100
|
|-weather|Sandstorm|[upkeep]
|-heal|p2a: Heatran|30/100|[from] item: Leftovers
|upkeep
|turn|11
|
|move|p2a: Heatran|Will-O-Wisp|p1a: Tyranitar
|-status|p1a: Tyranitar|brn
|move|p1a: Tyranitar|Stealth Rock|p2a: Heatran
|-sidestart|p2: porrompompom|move: Stealth Rock
|
|-weather|Sandstorm|[upkeep]
|-heal|p2a: Heatran|36/100|[from] item: Leftovers
|-damage|p1a: Tyranitar|72/100 brn|[from] brn
|upkeep
|turn|12
|
|switch|p1a: Latias|Latias, F|100/100
|move|p2a: Heatran|Will-O-Wisp|p1a: Latias
|-status|p1a: Latias|brn
|
|-weather|Sandstorm|[upkeep]
|-damage|p1a: Latias|94/100 brn|[from] Sandstorm
|-heal|p1a: Latias|100/100 brn|[from] item: Leftovers
|-heal|p2a: Heatran|42/100|[from] item: Leftovers
|-damage|p1a: Latias|88/100 brn|[from] brn
|upkeep
|turn|13
|
|move|p1a: Latias|Surf|p2a: Heatran
|-supereffective|p2a: Heatran
|-damage|p2a: Heatran|0 fnt
|faint|p2a: Heatran
|
|-weather|Sandstorm|[upkeep]
|-damage|p1a: Latias|82/100 brn|[from] Sandstorm
|-heal|p1a: Latias|88/100 brn|[from] item: Leftovers
|-damage|p1a: Latias|76/100 brn|[from] brn
|upkeep
|
|switch|p2a: Mienshao|Mienshao, F|47/100
|-damage|p2a: Mienshao|34/100|[from] Spikes
|-damage|p2a: Mienshao|29/100|[from] Stealth Rock
|turn|14
|
|switch|p2a: Latios|Latios, M|100/100
|-damage|p2a: Latios|88/100|[from] Stealth Rock
|switch|p1a: Skarmory|Skarmory, M|97/100
|
|-weather|Sandstorm|[upkeep]
|-damage|p2a: Latios|82/100|[from] Sandstorm
|upkeep
|turn|15
|
|switch|p1a: Heatran|Heatran, M|6/100
|move|p2a: Latios|Surf|p1a: Heatran
|-supereffective|p1a: Heatran
|-damage|p1a: Heatran|0 fnt
|faint|p1a: Heatran
|
|-weather|Sandstorm|[upkeep]
|-damage|p2a: Latios|76/100|[from] Sandstorm
|upkeep
|
|switch|p1a: Tyranitar|Tyranitar, F|72/100 brn
|turn|16
|
|switch|p2a: Tangrowth|Tangrowth, F|100/100
|-damage|p2a: Tangrowth|88/100|[from] Stealth Rock
|-damage|p2a: Tangrowth|76/100|[from] Spikes
|move|p1a: Tyranitar|Crunch|p2a: Tangrowth
|-crit|p2a: Tangrowth
|-damage|p2a: Tangrowth|53/100
|-damage|p1a: Tyranitar|55/100 brn|[from] item: Rocky Helmet|[of] p2a: Tangrowth
|
|-weather|Sandstorm|[upkeep]
|-damage|p2a: Tangrowth|46/100|[from] Sandstorm
|-damage|p1a: Tyranitar|43/100 brn|[from] brn
|upkeep
|turn|17
|
|switch|p1a: Reuniclus|Reuniclus, F|100/100 brn
|switch|p2a: Slowking|Slowking, F|100/100
|-damage|p2a: Slowking|88/100|[from] Spikes
|-damage|p2a: Slowking|76/100|[from] Stealth Rock
|
|-weather|Sandstorm|[upkeep]
|-damage|p2a: Slowking|69/100|[from] Sandstorm
|-heal|p2a: Slowking|76/100|[from] item: Leftovers
|upkeep
|turn|18
|
|switch|p2a: Tyranitar|Tyranitar, M|100/100
|-damage|p2a: Tyranitar|88/100|[from] Spikes
|-damage|p2a: Tyranitar|75/100|[from] Stealth Rock
|move|p1a: Reuniclus|Calm Mind|p1a: Reuniclus
|-boost|p1a: Reuniclus|spa|1
|-boost|p1a: Reuniclus|spd|1
|
|-weather|Sandstorm|[upkeep]
|upkeep
|turn|19
|
|switch|p1a: Skarmory|Skarmory, M|97/100
|move|p2a: Tyranitar|Crunch|p1a: Skarmory
|-resisted|p1a: Skarmory
|-damage|p1a: Skarmory|84/100
|-damage|p2a: Tyranitar|59/100|[from] item: Rocky Helmet|[of] p1a: Skarmory
|
|-weather|Sandstorm|[upkeep]
|upkeep
|turn|20
|
|move|p1a: Skarmory|Spikes|p2a: Tyranitar
|-sidestart|p2: porrompompom|Spikes
|move|p2a: Tyranitar|Stealth Rock|p1a: Skarmory
|-sidestart|p1: rahzagoul|move: Stealth Rock
|
|-weather|Sandstorm|[upkeep]
|upkeep
|turn|21
|
|switch|p2a: Latios|Latios, M|76/100
|-damage|p2a: Latios|64/100|[from] Stealth Rock
|move|p1a: Skarmory|Whirlwind|p2a: Latios
|drag|p2a: Tyranitar|Tyranitar, M|59/100
|-damage|p2a: Tyranitar|46/100|[from] Stealth Rock
|-damage|p2a: Tyranitar|30/100|[from] Spikes
|
|-weather|Sandstorm|[upkeep]
|upkeep
|turn|22
|
|switch|p2a: Latios|Latios, M|64/100
|-damage|p2a: Latios|52/100|[from] Stealth Rock
|move|p1a: Skarmory|Whirlwind|p2a: Latios
|drag|p2a: Tyranitar|Tyranitar, M|30/100
|-damage|p2a: Tyranitar|17/100|[from] Stealth Rock
|-damage|p2a: Tyranitar|0 fnt|[from] Spikes
|faint|p2a: Tyranitar
|
|-weather|Sandstorm|[upkeep]
|upkeep
|-message|porrompompom forfeited.
|
|win|rahzagoul
|l|☆porrompompom
|raw|rahzagoul's rating: 1390 &rarr; <strong>1414</strong><br />(+24 for winning)
|raw|porrompompom's rating: 1462 &rarr; <strong>1438</strong><br />(-24 for losing)
