|j|☆doughboy
|j|☆Kyoto Rain
|player|p1|doughboy|2|1524
|player|p2|Kyoto Rain|266|1318
|teamsize|p1|6
|teamsize|p2|6
|gametype|singles
|gen|5
|tier|[Gen 5] OU
|rated|
|rule|Sleep Clause Mod: Limit one foe put to sleep
|rule|Species Clause: Limit one of each Pokémon
|rule|OHKO Clause: OHKO moves are banned
|rule|Moody Clause: Moody is banned
|rule|Evasion Moves Clause: Evasion moves are banned
|rule|Endless Battle Clause: Forcing endless battles is banned
|rule|HP Percentage Mod: HP is shown in percentages
|rule|Evasion Abilities Clause: Evasion abilities are banned
|rule|Baton Pass Clause: Limit one Baton Passer, can't pass Spe and other stats simultaneously
|rule|Swagger Clause: Swagger is banned
|clearpoke
|poke|p1|Abomasnow, F|item
|poke|p1|Kyurem-Black|item
|poke|p1|Alakazam, M|item
|poke|p1|Forretress, M|item
|poke|p1|Salamence, M|item
|poke|p1|Jellicent, M|item
|poke|p2|Tyranitar, M|item
|poke|p2|Rotom-Wash|item
|poke|p2|Alakazam, F|item
|poke|p2|Ferrothorn, F|item
|poke|p2|Landorus-Therian, M|item
|poke|p2|Latios, M|item
|teampreview
|inactive|Battle timer is ON: inactive players will automatically lose when time's up. (requested by Kyoto Rain)
|inactive|doughboy has 120 seconds left.
|
|start
|switch|p1a: Forretress|Forretress, M, shiny|100/100
|switch|p2a: Tyranitar|Tyranitar, M|100/100
|-weather|Sandstorm|[from] ability: Sand Stream|[of] p2a: Tyranitar
|turn|1
|
|switch|p1a: Salamence|Salamence, M|100/100
|-ability|p1a: Salamence|Intimidate|boost
|-unboost|p2a: Tyranitar|atk|1
|move|p2a: Tyranitar|Stealth Rock|p1a: Salamence
|-sidestart|p1: doughboy|move: Stealth Rock
|
|-weather|Sandstorm|[upkeep]
|-damage|p1a: Salamence|94/100|[from] Sandstorm
|-heal|p1a: Salamence|100/100|[from] item: Leftovers
|upkeep
|turn|2
|
|switch|p1a: Forretress|Forretress, M, shiny|100/100
|-damage|p1a: Forretress|88/100|[from] Stealth Rock
|switch|p2a: Landorus|Landorus-Therian, M, shiny|100/100
|-ability|p2a: Landorus|Intimidate|boost
|-unboost|p1a: Forretress|atk|1
|
|-weather|Sandstorm|[upkeep]
|-heal|p1a: Forretress|94/100|[from] item: Leftovers
|upkeep
|turn|3
|
|move|p2a: Landorus|U-turn|p1a: Forretress
|-resisted|p1a: Forretress
|-damage|p1a: Forretress|88/100
|
|switch|p2a: Rotom|Rotom-Wash, shiny|100/100|[from]move: U-turn
|move|p1a: Forretress|Rapid Spin|p2a: Rotom
|-damage|p2a: Rotom|98/100
|-sideend|p1: doughboy|Stealth Rock|[from] move: Rapid Spin|[of] p1a: Forretress
|
|-weather|Sandstorm|[upkeep]
|-damage|p2a: Rotom|92/100|[from] Sandstorm
|-heal|p2a: Rotom|98/100|[from] item: Leftovers
|-heal|p1a: Forretress|94/100|[from] item: Leftovers
|upkeep
|turn|4
|
|move|p2a: Rotom|Hydro Pump|p1a: Forretress
|-damage|p1a: Forretress|43/100
|move|p1a: Forretress|Stealth Rock|p2a: Rotom
|-sidestart|p2: Kyoto Rain|move: Stealth Rock
|
|-weather|Sandstorm|[upkeep]
|-damage|p2a: Rotom|92/100|[from] Sandstorm
|-heal|p2a: Rotom|98/100|[from] item: Leftovers
|-heal|p1a: Forretress|49/100|[from] item: Leftovers
|upkeep
|turn|5
|
|switch|p1a: Abomasnow|Abomasnow, F, shiny|100/100
|-weather|Hail|[from] ability: Snow Warning|[of] p1a: Abomasnow
|move|p2a: Rotom|Will-O-Wisp|p1a: Abomasnow|[miss]
|-miss|p2a: Rotom|p1a: Abomasnow
|
|-weather|Hail|[upkeep]
|-damage|p2a: Rotom|92/100|[from] Hail
|-heal|p2a: Rotom|98/100|[from] item: Leftovers
|upkeep
|turn|6
|
|move|p2a: Rotom|Volt Switch|p1a: Abomasnow
|-resisted|p1a: Abomasnow
|-damage|p1a: Abomasnow|86/100
|
|switch|p2a: Ferrothorn|Ferrothorn, F|100/100|[from]move: Volt Switch
|-damage|p2a: Ferrothorn|94/100|[from] Stealth Rock
|move|p1a: Abomasnow|Wood Hammer|p2a: Ferrothorn
|-resisted|p2a: Ferrothorn
|-crit|p2a: Ferrothorn
|-damage|p2a: Ferrothorn|74/100
|-damage|p1a: Abomasnow|74/100|[from] ability: Iron Barbs|[of] p2a: Ferrothorn
|-damage|p1a: Abomasnow|67/100|[from] Recoil
|
|-weather|Hail|[upkeep]
|-damage|p2a: Ferrothorn|68/100|[from] Hail
|-heal|p1a: Abomasnow|73/100|[from] item: Leftovers
|-heal|p2a: Ferrothorn|74/100|[from] item: Leftovers
|upkeep
|turn|7
|
|switch|p1a: Forretress|Forretress, M, shiny|49/100
|switch|p2a: Tyranitar|Tyranitar, M|100/100
|-damage|p2a: Tyranitar|88/100|[from] Stealth Rock
|-weather|Sandstorm|[from] ability: Sand Stream|[of] p2a: Tyranitar
|
|-weather|Sandstorm|[upkeep]
|-heal|p1a: Forretress|56/100|[from] item: Leftovers
|upkeep
|turn|8
|
|move|p2a: Tyranitar|Stealth Rock|p1a: Forretress
|-sidestart|p1: doughboy|move: Stealth Rock
|move|p1a: Forretress|Spikes|p2a: Tyranitar
|-sidestart|p2: Kyoto Rain|Spikes
|
|-weather|Sandstorm|[upkeep]
|-heal|p1a: Forretress|62/100|[from] item: Leftovers
|upkeep
|turn|9
|
|switch|p2a: Latios|Latios, M|100/100
|-damage|p2a: Latios|88/100|[from] Stealth Rock
|move|p1a: Forretress|Rapid Spin|p2a: Latios
|-damage|p2a: Latios|84/100
|-sideend|p1: doughboy|Stealth Rock|[from] move: Rapid Spin|[of] p1a: Forretress
|
|-weather|Sandstorm|[upkeep]
|-damage|p2a: Latios|78/100|[from] Sandstorm
|-heal|p1a: Forretress|68/100|[from] item: Leftovers
|upkeep
|turn|10
|
|switch|p1a: Jellicent|Jellicent, M, shiny|100/100
|move|p2a: Latios|Draco Meteor|p1a: Jellicent
|-damage|p1a: Jellicent|16/100
|-unboost|p2a: Latios|spa|2
|
|-weather|Sandstorm|[upkeep]
|-damage|p2a: Latios|72/100|[from] Sandstorm
|-damage|p1a: Jellicent|10/100|[from] Sandstorm
|-heal|p1a: Jellicent|16/100|[from] item: Leftovers
|upkeep
|turn|11
|
|switch|p1a: Forretress|Forretress, M, shiny|68/100
|move|p2a: Latios|Draco Meteor|p1a: Forretress
|-resisted|p1a: Forretress
|-crit|p1a: Forretress
|-damage|p1a: Forretress|0 fnt
|-unboost|p2a: Latios|spa|2
|faint|p1a: Forretress
|
|-weather|Sandstorm|[upkeep]
|-damage|p2a: Latios|66/100|[from] Sandstorm
|upkeep
|
|switch|p1a: Alakazam|Alakazam, M, shiny|100/100
|turn|12
|
|switch|p2a: Landorus|Landorus-Therian, M, shiny|100/100
|-damage|p2a: Landorus|88/100|[from] Stealth Rock
|-ability|p2a: Landorus|Intimidate|boost
|-unboost|p1a: Alakazam|atk|1
|move|p1a: Alakazam|Signal Beam|p2a: Landorus
|-resisted|p2a: Landorus
|-damage|p2a: Landorus|67/100
|
|-weather|Sandstorm|[upkeep]
|upkeep
|turn|13
|
|switch|p1a: Jellicent|Jellicent, M, shiny|16/100
|move|p2a: Landorus|Earthquake|p1a: Jellicent
|-damage|p1a: Jellicent|0 fnt
|faint|p1a: Jellicent
|
|-weather|Sandstorm|[upkeep]
|upkeep
|
|switch|p1a: Abomasnow|Abomasnow, F, shiny|73/100
|-weather|Hail|[from] ability: Snow Warning|[of] p1a: Abomasnow
|turn|14
|
|switch|p1a: Alakazam|Alakazam, M, shiny|100/100
|move|p2a: Landorus|U-turn|p1a: Alakazam
|-supereffective|p1a: Alakazam
|-damage|p1a: Alakazam|14/100
|
|switch|p2a: Tyranitar|Tyranitar, M|88/100|[from]move: U-turn
|-damage|p2a: Tyranitar|76/100|[from] Stealth Rock
|-damage|p2a: Tyranitar|63/100|[from] Spikes
|-weather|Sandstorm|[from] ability: Sand Stream|[of] p2a: Tyranitar
|
|-weather|Sandstorm|[upkeep]
|upkeep
|turn|15
|
|move|p1a: Alakazam|Grass Knot|p2a: Tyranitar
|-supereffective|p2a: Tyranitar
|-damage|p2a: Tyranitar|16/100
|move|p2a: Tyranitar|Pursuit|p1a: Alakazam
|-supereffective|p1a: Alakazam
|-damage|p1a: Alakazam|0 fnt
|faint|p1a: Alakazam
|
|-weather|Sandstorm|[upkeep]
|upkeep
|
|switch|p1a: Abomasnow|Abomasnow, F, shiny|73/100
|-weather|Hail|[from] ability: Snow Warning|[of] p1a: Abomasnow
|turn|16
|
|move|p1a: Abomasnow|Wood Hammer|p2a: Tyranitar
|-supereffective|p2a: Tyranitar
|-damage|p2a: Tyranitar|0 fnt
|-damage|p1a: Abomasnow|67/100|[from] Recoil
|faint|p2a: Tyranitar
|
|-weather|Hail|[upkeep]
|-heal|p1a: Abomasnow|74/100|[from] item: Leftovers
|upkeep
|
|switch|p2a: Landorus|Landorus-Therian, M, shiny|67/100
|-damage|p2a: Landorus|55/100|[from] Stealth Rock
|-ability|p2a: Landorus|Intimidate|boost
|-unboost|p1a: Abomasnow|atk|1
|turn|17
|
|switch|p1a: Kyurem|Kyurem-Black, shiny|100/100
|-ability|p1a: Kyurem|Teravolt
|move|p2a: Landorus|U-turn|p1a: Kyurem
|-damage|p1a: Kyurem|82/100
|
|switch|p2a: Ferrothorn|Ferrothorn, F|74/100|[from]move: U-turn
|-damage|p2a: Ferrothorn|68/100|[from] Stealth Rock
|-damage|p2a: Ferrothorn|55/100|[from] Spikes
|
|-weather|Hail|[upkeep]
|-damage|p2a: Ferrothorn|49/100|[from] Hail
|-heal|p2a: Ferrothorn|55/100|[from] item: Leftovers
|upkeep
|turn|18
|
|move|p1a: Kyurem|Blizzard|p2a: Ferrothorn
|-damage|p2a: Ferrothorn|19/100
|move|p2a: Ferrothorn|Gyro Ball|p1a: Kyurem
|-supereffective|p1a: Kyurem
|-damage|p1a: Kyurem|0 fnt
|faint|p1a: Kyurem
|
|-weather|Hail|[upkeep]
|-damage|p2a: Ferrothorn|13/100|[from] Hail
|-heal|p2a: Ferrothorn|19/100|[from] item: Leftovers
|upkeep
|
|switch|p1a: Abomasnow|Abomasnow, F, shiny|74/100
|turn|19
|
|move|p1a: Abomasnow|Ice Shard|p2a: Ferrothorn
|-damage|p2a: Ferrothorn|5/100
|move|p2a: Ferrothorn|Gyro Ball|p1a: Abomasnow
|-supereffective|p1a: Abomasnow
|-damage|p1a: Abomasnow|0 fnt
|faint|p1a: Abomasnow
|
|-weather|Hail|[upkeep]
|-damage|p2a: Ferrothorn|0 fnt|[from] Hail
|faint|p2a: Ferrothorn
|upkeep
|
|switch|p1a: Salamence|Salamence, M|100/100
|switch|p2a: Latios|Latios, M|66/100
|-damage|p2a: Latios|54/100|[from] Stealth Rock
|-ability|p1a: Salamence|Intimidate|boost
|-unboost|p2a: Latios|atk|1
|turn|20
|
|move|p2a: Latios|Dragon Pulse|p1a: Salamence
|-supereffective|p1a: Salamence
|-damage|p1a: Salamence|0 fnt
|faint|p1a: Salamence
|
|win|Kyoto Rain
|l|☆doughboy
|raw|doughboy's rating: 1524 &rarr; <strong>1494</strong><br />(-30 for losing)
|raw|Kyoto Rain's rating: 1319 &rarr; <strong>1350</strong><br />(+31 for winning)
