|j|☆TriKiwi
|j|☆Prof. Fouge
|player|p1|TriKiwi|197
|player|p2|Prof. Fouge|224
|teamsize|p1|6
|teamsize|p2|6
|gametype|singles
|gen|5
|tier|[Gen 5] OU
|rated|
|rule|Sleep Clause Mod: Limit one foe put to sleep
|rule|Species Clause: Limit one of each Pokémon
|rule|OHKO Clause: OHKO moves are banned
|rule|Moody Clause: Moody is banned
|rule|Evasion Moves Clause: Evasion moves are banned
|rule|Endless Battle Clause: Forcing endless battles is banned
|rule|HP Percentage Mod: HP is shown in percentages
|rule|Evasion Abilities Clause: Evasion abilities are banned
|rule|Baton Pass Clause: Limit one Baton Passer, can't pass Spe and other stats simultaneously
|rule|Swagger Clause: Swagger is banned
|clearpoke
|poke|p1|Keldeo-Resolute|item
|poke|p1|Breloom, F|item
|poke|p1|Jirachi|item
|poke|p1|Politoed, M|item
|poke|p1|Ferrothorn, F|item
|poke|p1|Kyurem-Black|item
|poke|p2|Politoed, M|item
|poke|p2|Tornadus, M|item
|poke|p2|Gyarados, F|item
|poke|p2|Toxicroak, M|item
|poke|p2|Excadrill, F|item
|poke|p2|Kyurem|item
|teampreview
|inactive|Battle timer is ON: inactive players will automatically lose when time's up. (requested by Prof. Fouge)
|inactive|TriKiwi has 120 seconds left.
|
|start
|switch|p1a: Ferrothorn|Ferrothorn, F|100/100
|switch|p2a: Toxicroak|Toxicroak, M|100/100
|turn|1
|
|move|p2a: Toxicroak|Substitute|p2a: Toxicroak
|-start|p2a: Toxicroak|Substitute
|-damage|p2a: Toxicroak|76/100
|move|p1a: Ferrothorn|Gyro Ball|p2a: Toxicroak
|-end|p2a: Toxicroak|Substitute
|
|-heal|p2a: Toxicroak|82/100|[from] item: Leftovers
|upkeep
|turn|2
|
|move|p2a: Toxicroak|Substitute|p2a: Toxicroak
|-start|p2a: Toxicroak|Substitute
|-damage|p2a: Toxicroak|57/100
|move|p1a: Ferrothorn|Gyro Ball|p2a: Toxicroak
|-end|p2a: Toxicroak|Substitute
|
|-heal|p2a: Toxicroak|63/100|[from] item: Leftovers
|upkeep
|turn|3
|
|switch|p2a: Politoed|Politoed, M|100/100
|-weather|RainDance|[from] ability: Drizzle|[of] p2a: Politoed
|move|p1a: Ferrothorn|Gyro Ball|p2a: Politoed
|-resisted|p2a: Politoed
|-damage|p2a: Politoed|70/100
|
|-weather|RainDance|[upkeep]
|upkeep
|turn|4
|
|switch|p2a: Kyurem|Kyurem|100/100
|-ability|p2a: Kyurem|Pressure
|move|p1a: Ferrothorn|Stealth Rock|p2a: Kyurem
|-sidestart|p2: Prof. Fouge|move: Stealth Rock
|
|-weather|RainDance|[upkeep]
|upkeep
|turn|5
|
|move|p2a: Kyurem|Substitute|p2a: Kyurem
|-start|p2a: Kyurem|Substitute
|-damage|p2a: Kyurem|75/100
|move|p1a: Ferrothorn|Gyro Ball|p2a: Kyurem
|-supereffective|p2a: Kyurem
|-end|p2a: Kyurem|Substitute
|
|-weather|RainDance|[upkeep]
|-heal|p2a: Kyurem|82/100|[from] item: Leftovers
|upkeep
|turn|6
|
|move|p2a: Kyurem|Substitute|p2a: Kyurem
|-start|p2a: Kyurem|Substitute
|-damage|p2a: Kyurem|57/100
|move|p1a: Ferrothorn|Gyro Ball|p2a: Kyurem
|-supereffective|p2a: Kyurem
|-end|p2a: Kyurem|Substitute
|
|-weather|RainDance|[upkeep]
|-heal|p2a: Kyurem|63/100|[from] item: Leftovers
|upkeep
|turn|7
|
|switch|p1a: Kyurem|Kyurem-Black|100/100
|-ability|p1a: Kyurem|Teravolt
|move|p2a: Kyurem|Substitute|p2a: Kyurem
|-start|p2a: Kyurem|Substitute
|-damage|p2a: Kyurem|38/100
|
|-weather|RainDance|[upkeep]
|-heal|p2a: Kyurem|44/100|[from] item: Leftovers
|upkeep
|turn|8
|
|move|p1a: Kyurem|Outrage|p2a: Kyurem
|-supereffective|p2a: Kyurem
|-end|p2a: Kyurem|Substitute
|move|p2a: Kyurem|Ice Beam|p1a: Kyurem
|-damage|p1a: Kyurem|49/100
|
|-weather|RainDance|[upkeep]
|-heal|p2a: Kyurem|50/100|[from] item: Leftovers
|upkeep
|turn|9
|inactive|Prof. Fouge has 120 seconds left.
|
|switch|p2a: Politoed|Politoed, M|70/100
|-damage|p2a: Politoed|58/100|[from] Stealth Rock
|move|p1a: Kyurem|Outrage|p2a: Politoed|[from]lockedmove
|-damage|p2a: Politoed|0 fnt
|faint|p2a: Politoed
|
|-weather|RainDance|[upkeep]
|upkeep
|
|switch|p2a: Excadrill|Excadrill, F|100/100
|-damage|p2a: Excadrill|97/100|[from] Stealth Rock
|-ability|p2a: Excadrill|Mold Breaker
|turn|10
|
|move|p1a: Kyurem|Outrage|p2a: Excadrill|[from]lockedmove
|-resisted|p2a: Excadrill
|-damage|p2a: Excadrill|33/100
|-start|p1a: Kyurem|confusion|[fatigue]
|move|p2a: Excadrill|Rapid Spin|p1a: Kyurem
|-damage|p1a: Kyurem|43/100
|-sideend|p2: Prof. Fouge|Stealth Rock|[from] move: Rapid Spin|[of] p2a: Excadrill
|
|-weather|RainDance|[upkeep]
|upkeep
|turn|11
|
|-activate|p1a: Kyurem|confusion
|move|p1a: Kyurem|Outrage|p2a: Excadrill
|-resisted|p2a: Excadrill
|-crit|p2a: Excadrill
|-damage|p2a: Excadrill|0 fnt
|faint|p2a: Excadrill
|
|-weather|RainDance|[upkeep]
|upkeep
|
|switch|p2a: Tornadus|Tornadus, M|100/100
|turn|12
|
|move|p2a: Tornadus|Hurricane|p1a: Kyurem
|-damage|p1a: Kyurem|0 fnt
|faint|p1a: Kyurem
|
|-weather|RainDance|[upkeep]
|upkeep
|
|switch|p1a: Jirachi|Jirachi|100/100
|turn|13
|
|move|p2a: Tornadus|Hurricane|p1a: Jirachi
|-resisted|p1a: Jirachi
|-damage|p1a: Jirachi|64/100
|move|p1a: Jirachi|Icy Wind|p2a: Tornadus
|-supereffective|p2a: Tornadus
|-damage|p2a: Tornadus|50/100
|-unboost|p2a: Tornadus|spe|1
|
|-weather|RainDance|[upkeep]
|upkeep
|turn|14
|
|switch|p2a: Gyarados|Gyarados, F|100/100
|-ability|p2a: Gyarados|Intimidate|boost
|-unboost|p1a: Jirachi|atk|1
|move|p1a: Jirachi|Icy Wind|p2a: Gyarados
|-damage|p2a: Gyarados|82/100
|-unboost|p2a: Gyarados|spe|1
|
|-weather|RainDance|[upkeep]
|upkeep
|turn|15
|
|move|p1a: Jirachi|Psychic|p2a: Gyarados
|-damage|p2a: Gyarados|36/100
|-unboost|p2a: Gyarados|spd|1
|move|p2a: Gyarados|Earthquake|p1a: Jirachi
|-supereffective|p1a: Jirachi
|-enditem|p1a: Jirachi|Shuca Berry|[eat]
|-enditem|p1a: Jirachi|Shuca Berry|[weaken]
|-damage|p1a: Jirachi|31/100
|
|-weather|RainDance|[upkeep]
|upkeep
|turn|16
|
|move|p1a: Jirachi|Psychic|p2a: Gyarados
|-damage|p2a: Gyarados|0 fnt
|faint|p2a: Gyarados
|
|-weather|RainDance|[upkeep]
|upkeep
|
|switch|p2a: Tornadus|Tornadus, M|50/100
|turn|17
|
|move|p2a: Tornadus|Hurricane|p1a: Jirachi
|-resisted|p1a: Jirachi
|-damage|p1a: Jirachi|0 fnt
|faint|p1a: Jirachi
|
|-weather|RainDance|[upkeep]
|upkeep
|inactive|TriKiwi has 120 seconds left.
|
|switch|p1a: Politoed|Politoed, M, shiny|100/100
|turn|18
|
|switch|p2a: Toxicroak|Toxicroak, M|63/100
|move|p1a: Politoed|Psychic|p2a: Toxicroak
|-supereffective|p2a: Toxicroak
|-damage|p2a: Toxicroak|0 fnt
|faint|p2a: Toxicroak
|
|-weather|RainDance|[upkeep]
|upkeep
|
|switch|p2a: Kyurem|Kyurem|50/100
|-ability|p2a: Kyurem|Pressure
|turn|19
|
|switch|p1a: Ferrothorn|Ferrothorn, F|100/100
|move|p2a: Kyurem|Roost|p2a: Kyurem
|-heal|p2a: Kyurem|99/100
|
|-weather|RainDance|[upkeep]
|-heal|p2a: Kyurem|100/100|[from] item: Leftovers
|upkeep
|turn|20
|
|move|p2a: Kyurem|Substitute|p2a: Kyurem
|-start|p2a: Kyurem|Substitute
|-damage|p2a: Kyurem|75/100
|move|p1a: Ferrothorn|Gyro Ball|p2a: Kyurem
|-supereffective|p2a: Kyurem
|-end|p2a: Kyurem|Substitute
|
|-weather|RainDance|[upkeep]
|-heal|p2a: Kyurem|82/100|[from] item: Leftovers
|upkeep
|turn|21
|
|move|p2a: Kyurem|Substitute|p2a: Kyurem
|-start|p2a: Kyurem|Substitute
|-damage|p2a: Kyurem|57/100
|move|p1a: Ferrothorn|Power Whip|p2a: Kyurem
|-resisted|p2a: Kyurem
|-activate|p2a: Kyurem|Substitute|[damage]
|
|-weather|RainDance|[upkeep]
|-heal|p2a: Kyurem|63/100|[from] item: Leftovers
|upkeep
|turn|22
|
|move|p2a: Kyurem|Ice Beam|p1a: Ferrothorn
|-damage|p1a: Ferrothorn|60/100
|move|p1a: Ferrothorn|Power Whip|p2a: Kyurem
|-resisted|p2a: Kyurem
|-end|p2a: Kyurem|Substitute
|
|-weather|RainDance|[upkeep]
|-heal|p2a: Kyurem|69/100|[from] item: Leftovers
|upkeep
|turn|23
|
|switch|p1a: Politoed|Politoed, M, shiny|100/100
|move|p2a: Kyurem|Substitute|p2a: Kyurem
|-start|p2a: Kyurem|Substitute
|-damage|p2a: Kyurem|44/100
|
|-weather|RainDance|[upkeep]
|-heal|p2a: Kyurem|50/100|[from] item: Leftovers
|upkeep
|turn|24
|
|move|p1a: Politoed|Encore|p2a: Kyurem
|-start|p2a: Kyurem|Encore
|move|p2a: Kyurem|Substitute|p2a: Kyurem
|-fail|p2a: Kyurem|move: Substitute
|
|-weather|RainDance|[upkeep]
|-heal|p2a: Kyurem|56/100|[from] item: Leftovers
|upkeep
|turn|25
|
|switch|p1a: Keldeo|Keldeo-Resolute|100/100
|move|p2a: Kyurem|Substitute|p2a: Kyurem
|-fail|p2a: Kyurem|move: Substitute
|
|-weather|RainDance|[upkeep]
|-heal|p2a: Kyurem|63/100|[from] item: Leftovers
|upkeep
|turn|26
|
|switch|p2a: Tornadus|Tornadus, M|50/100
|move|p1a: Keldeo|Secret Sword|p2a: Tornadus
|-resisted|p2a: Tornadus
|-damage|p2a: Tornadus|15/100
|
|-weather|RainDance|[upkeep]
|upkeep
|turn|27
|
|move|p1a: Keldeo|Secret Sword|p2a: Tornadus
|-resisted|p2a: Tornadus
|-damage|p2a: Tornadus|0 fnt
|faint|p2a: Tornadus
|
|-weather|RainDance|[upkeep]
|upkeep
|-message|Prof. Fouge forfeited.
|
|win|TriKiwi
|l|☆Prof. Fouge
|raw|TriKiwi's rating: 1381 &rarr; <strong>1399</strong><br />(+18 for winning)
|raw|Prof. Fouge's rating: 1335 &rarr; <strong>1318</strong><br />(-17 for losing)
