|j|☆Mobileishard
|j|☆killerfishsandiego
|t:|1731137215
|gametype|singles
|player|p1|Mobileishard|170|1499
|player|p2|killerfishsandiego|1|1552
|teamsize|p1|6
|teamsize|p2|6
|gen|5
|tier|[Gen 5] OU
|rated|
|rule|Species Clause: Limit one of each Pokémon
|rule|OHKO Clause: OHKO moves are banned
|rule|Moody Clause: Moody is banned
|rule|Evasion Items Clause: Evasion items are banned
|rule|Evasion Moves Clause: Evasion moves are banned
|rule|Endless Battle Clause: Forcing endless battles is banned
|rule|HP Percentage Mod: HP is shown in percentages
|rule|Evasion Abilities Clause: Evasion abilities are banned
|rule|Sleep Moves Clause: Sleep-inducing moves are banned
|rule|Swagger Clause: Swagger is banned
|rule|Baton Pass Stat Clause: No Baton Passer may have a way to boost its stats
|clearpoke
|poke|p1|Politoed, F|item
|poke|p1|Keldeo-Resolute|item
|poke|p1|Thundurus-Therian, M|item
|poke|p1|Dragonite, M|item
|poke|p1|Tentacruel, F|item
|poke|p1|Ferrothorn, F|item
|poke|p2|Gliscor, M|item
|poke|p2|Starmie|item
|poke|p2|Blissey, F|item
|poke|p2|Quagsire, F|item
|poke|p2|Tyranitar, M|item
|poke|p2|Skarmory, M|item
|teampreview
|
|t:|1731137231
|start
|switch|p1a: Tentacruel|Tentacruel, F|100/100
|switch|p2a: Gliscor|Gliscor, M|100/100
|turn|1
|
|t:|1731137234
|move|p2a: Gliscor|Protect|p2a: Gliscor
|-singleturn|p2a: Gliscor|Protect
|move|p1a: Tentacruel|Toxic Spikes|p2a: Gliscor
|-sidestart|p2: killerfishsandiego|move: Toxic Spikes
|
|-status|p2a: Gliscor|tox|[from] item: Toxic Orb
|upkeep
|turn|2
|
|t:|1731137242
|switch|p1a: Politoed|Politoed, F|100/100
|-weather|RainDance|[from] ability: Drizzle|[of] p1a: Politoed
|move|p2a: Gliscor|Stealth Rock|p1a: Politoed
|-sidestart|p1: Mobileishard|move: Stealth Rock
|
|-weather|RainDance|[upkeep]
|upkeep
|turn|3
|
|t:|1731137245
|move|p2a: Gliscor|Protect|p2a: Gliscor
|-singleturn|p2a: Gliscor|Protect
|move|p1a: Politoed|Scald|p2a: Gliscor
|-activate|p2a: Gliscor|move: Protect
|
|-weather|RainDance|[upkeep]
|upkeep
|turn|4
|
|t:|1731137249
|switch|p2a: Starmie|Starmie|100/100
|-status|p2a: Starmie|psn
|move|p1a: Politoed|Scald|p2a: Starmie
|-resisted|p2a: Starmie
|-damage|p2a: Starmie|78/100 psn
|
|-weather|RainDance|[upkeep]
|-heal|p2a: Starmie|84/100 psn|[from] item: Leftovers
|-damage|p2a: Starmie|72/100 psn|[from] psn
|upkeep
|turn|5
|
|t:|1731137253
|move|p1a: Politoed|Protect|p1a: Politoed
|-singleturn|p1a: Politoed|Protect
|move|p2a: Starmie|Rapid Spin|p1a: Politoed
|-activate|p1a: Politoed|move: Protect
|
|-weather|RainDance|[upkeep]
|-heal|p2a: Starmie|78/100 psn|[from] item: Leftovers
|-damage|p2a: Starmie|66/100 psn|[from] psn
|upkeep
|turn|6
|
|t:|1731137259
|move|p2a: Starmie|Rapid Spin|p1a: Politoed
|-damage|p1a: Politoed|97/100
|-sideend|p2: killerfishsandiego|Toxic Spikes|[from] move: Rapid Spin|[of] p2a: Starmie
|move|p1a: Politoed|Scald|p2a: Starmie
|-resisted|p2a: Starmie
|-damage|p2a: Starmie|45/100 psn
|
|-weather|RainDance|[upkeep]
|-heal|p2a: Starmie|51/100 psn|[from] item: Leftovers
|-heal|p1a: Politoed|100/100|[from] item: Leftovers
|-damage|p2a: Starmie|39/100 psn|[from] psn
|upkeep
|turn|7
|
|t:|1731137264
|move|p2a: Starmie|Recover|p2a: Starmie
|-heal|p2a: Starmie|89/100 psn
|move|p1a: Politoed|Scald|p2a: Starmie
|-resisted|p2a: Starmie
|-damage|p2a: Starmie|68/100 psn
|
|-weather|RainDance|[upkeep]
|-heal|p2a: Starmie|74/100 psn|[from] item: Leftovers
|-damage|p2a: Starmie|61/100 psn|[from] psn
|upkeep
|turn|8
|
|t:|1731137276
|-curestatus|p2a: Starmie|psn|[from] ability: Natural Cure
|switch|p2a: Blissey|Blissey, F|100/100
|switch|p1a: Tentacruel|Tentacruel, F|100/100
|-damage|p1a: Tentacruel|88/100|[from] Stealth Rock
|
|-weather|RainDance|[upkeep]
|-heal|p1a: Tentacruel|94/100|[from] ability: Rain Dish
|-heal|p1a: Tentacruel|99/100|[from] item: Black Sludge
|upkeep
|turn|9
|
|t:|1731137281
|switch|p2a: Starmie|Starmie|61/100
|move|p1a: Tentacruel|Toxic Spikes|p2a: Starmie
|-sidestart|p2: killerfishsandiego|move: Toxic Spikes
|
|-weather|RainDance|[upkeep]
|-heal|p1a: Tentacruel|100/100|[from] ability: Rain Dish
|-heal|p2a: Starmie|67/100|[from] item: Leftovers
|upkeep
|turn|10
|
|t:|1731137286
|move|p2a: Starmie|Rapid Spin|p1a: Tentacruel
|-crit|p1a: Tentacruel
|-damage|p1a: Tentacruel|93/100
|-sideend|p2: killerfishsandiego|Toxic Spikes|[from] move: Rapid Spin|[of] p2a: Starmie
|move|p1a: Tentacruel|Rapid Spin|p2a: Starmie
|-damage|p2a: Starmie|64/100
|-sideend|p1: Mobileishard|Stealth Rock|[from] move: Rapid Spin|[of] p1a: Tentacruel
|
|-weather|RainDance|[upkeep]
|-heal|p1a: Tentacruel|99/100|[from] ability: Rain Dish
|-heal|p2a: Starmie|70/100|[from] item: Leftovers
|-heal|p1a: Tentacruel|100/100|[from] item: Black Sludge
|upkeep
|turn|11
|
|t:|1731137288
|move|p2a: Starmie|Psyshock|p1a: Tentacruel
|-supereffective|p1a: Tentacruel
|-damage|p1a: Tentacruel|26/100
|move|p1a: Tentacruel|Toxic Spikes|p2a: Starmie
|-sidestart|p2: killerfishsandiego|move: Toxic Spikes
|
|-weather|RainDance|[upkeep]
|-heal|p1a: Tentacruel|32/100|[from] ability: Rain Dish
|-heal|p2a: Starmie|76/100|[from] item: Leftovers
|-heal|p1a: Tentacruel|38/100|[from] item: Black Sludge
|upkeep
|turn|12
|
|t:|1731137295
|move|p1a: Tentacruel|Protect|p1a: Tentacruel
|-singleturn|p1a: Tentacruel|Protect
|move|p2a: Starmie|Rapid Spin|p1a: Tentacruel
|-activate|p1a: Tentacruel|move: Protect
|
|-weather|RainDance|[upkeep]
|-heal|p1a: Tentacruel|44/100|[from] ability: Rain Dish
|-heal|p2a: Starmie|82/100|[from] item: Leftovers
|-heal|p1a: Tentacruel|50/100|[from] item: Black Sludge
|upkeep
|turn|13
|
|t:|1731137298
|switch|p1a: Ferrothorn|Ferrothorn, F|100/100
|move|p2a: Starmie|Rapid Spin|p1a: Ferrothorn
|-resisted|p1a: Ferrothorn
|-damage|p1a: Ferrothorn|99/100
|-damage|p2a: Starmie|69/100|[from] ability: Iron Barbs|[of] p1a: Ferrothorn
|-sideend|p2: killerfishsandiego|Toxic Spikes|[from] move: Rapid Spin|[of] p2a: Starmie
|
|-weather|RainDance|[upkeep]
|-heal|p2a: Starmie|75/100|[from] item: Leftovers
|-heal|p1a: Ferrothorn|100/100|[from] item: Leftovers
|upkeep
|turn|14
|
|t:|1731137314
|switch|p2a: Gliscor|Gliscor, M|100/100 tox
|move|p1a: Ferrothorn|Thunder Wave|p2a: Gliscor
|-immune|p2a: Gliscor
|
|-weather|RainDance|[upkeep]
|upkeep
|turn|15
|
|t:|1731137317
|move|p2a: Gliscor|Stealth Rock|p1a: Ferrothorn
|-sidestart|p1: Mobileishard|move: Stealth Rock
|move|p1a: Ferrothorn|Stealth Rock|p2a: Gliscor
|-sidestart|p2: killerfishsandiego|move: Stealth Rock
|
|-weather|RainDance|[upkeep]
|upkeep
|turn|16
|
|t:|1731137321
|move|p2a: Gliscor|Substitute|p2a: Gliscor
|-start|p2a: Gliscor|Substitute
|-damage|p2a: Gliscor|75/100 tox
|move|p1a: Ferrothorn|Spikes|p2a: Gliscor
|-sidestart|p2: killerfishsandiego|Spikes
|
|-weather|RainDance|[upkeep]
|-heal|p2a: Gliscor|88/100 tox|[from] ability: Poison Heal
|upkeep
|turn|17
|
|t:|1731137328
|switch|p1a: Thundurus|Thundurus-Therian, M|100/100
|-damage|p1a: Thundurus|76/100|[from] Stealth Rock
|move|p2a: Gliscor|Earthquake|p1a: Thundurus
|-immune|p1a: Thundurus
|
|-weather|RainDance|[upkeep]
|-heal|p1a: Thundurus|82/100|[from] item: Leftovers
|-heal|p2a: Gliscor|100/100 tox|[from] ability: Poison Heal
|upkeep
|turn|18
|
|t:|1731137334
|switch|p2a: Tyranitar|Tyranitar, M|100/100
|-damage|p2a: Tyranitar|88/100|[from] Stealth Rock
|-damage|p2a: Tyranitar|76/100|[from] Spikes
|-weather|Sandstorm|[from] ability: Sand Stream|[of] p2a: Tyranitar
|move|p1a: Thundurus|Substitute|p1a: Thundurus
|-start|p1a: Thundurus|Substitute
|-damage|p1a: Thundurus|57/100
|
|-weather|Sandstorm|[upkeep]
|-damage|p1a: Thundurus|51/100|[from] Sandstorm
|-heal|p1a: Thundurus|57/100|[from] item: Leftovers
|upkeep
|turn|19
|
|t:|1731137343
|switch|p2a: Gliscor|Gliscor, M|100/100 tox
|-damage|p2a: Gliscor|88/100 tox|[from] Stealth Rock
|move|p1a: Thundurus|Focus Blast|p2a: Gliscor|[miss]
|-miss|p1a: Thundurus|p2a: Gliscor
|
|-weather|Sandstorm|[upkeep]
|-damage|p1a: Thundurus|51/100|[from] Sandstorm
|-heal|p1a: Thundurus|57/100|[from] item: Leftovers
|-heal|p2a: Gliscor|100/100 tox|[from] ability: Poison Heal
|upkeep
|turn|20
|
|t:|1731137347
|move|p2a: Gliscor|Protect|p2a: Gliscor
|-singleturn|p2a: Gliscor|Protect
|move|p1a: Thundurus|Focus Blast|p2a: Gliscor
|-activate|p2a: Gliscor|move: Protect
|
|-weather|Sandstorm|[upkeep]
|-damage|p1a: Thundurus|51/100|[from] Sandstorm
|-heal|p1a: Thundurus|57/100|[from] item: Leftovers
|upkeep
|turn|21
|
|t:|1731137359
|switch|p2a: Blissey|Blissey, F|100/100
|-damage|p2a: Blissey|88/100|[from] Stealth Rock
|-damage|p2a: Blissey|76/100|[from] Spikes
|move|p1a: Thundurus|Hidden Power|p2a: Blissey
|-damage|p2a: Blissey|64/100
|
|-weather|Sandstorm|[upkeep]
|-damage|p1a: Thundurus|51/100|[from] Sandstorm
|-damage|p2a: Blissey|58/100|[from] Sandstorm
|-heal|p1a: Thundurus|57/100|[from] item: Leftovers
|-heal|p2a: Blissey|64/100|[from] item: Leftovers
|upkeep
|turn|22
|
|t:|1731137363
|move|p1a: Thundurus|Focus Blast|p2a: Blissey
|-supereffective|p2a: Blissey
|-damage|p2a: Blissey|29/100
|move|p2a: Blissey|Soft-Boiled|p2a: Blissey
|-heal|p2a: Blissey|79/100
|
|-weather|Sandstorm|[upkeep]
|-damage|p1a: Thundurus|51/100|[from] Sandstorm
|-damage|p2a: Blissey|73/100|[from] Sandstorm
|-heal|p1a: Thundurus|57/100|[from] item: Leftovers
|-heal|p2a: Blissey|79/100|[from] item: Leftovers
|upkeep
|turn|23
|
|t:|1731137370
|switch|p1a: Politoed|Politoed, F|100/100
|-damage|p1a: Politoed|88/100|[from] Stealth Rock
|-weather|RainDance|[from] ability: Drizzle|[of] p1a: Politoed
|move|p2a: Blissey|Calm Mind|p2a: Blissey
|-boost|p2a: Blissey|spa|1
|-boost|p2a: Blissey|spd|1
|
|-weather|RainDance|[upkeep]
|-heal|p1a: Politoed|94/100|[from] item: Leftovers
|-heal|p2a: Blissey|85/100|[from] item: Leftovers
|upkeep
|turn|24
|
|t:|1731137375
|switch|p2a: Starmie|Starmie|75/100
|-damage|p2a: Starmie|63/100|[from] Stealth Rock
|-damage|p2a: Starmie|51/100|[from] Spikes
|move|p1a: Politoed|Encore||[still]
|-fail|p1a: Politoed
|
|-weather|RainDance|[upkeep]
|-heal|p2a: Starmie|57/100|[from] item: Leftovers
|-heal|p1a: Politoed|100/100|[from] item: Leftovers
|upkeep
|turn|25
|j| krukz
|
|t:|1731137381
|switch|p1a: Ferrothorn|Ferrothorn, F|100/100
|-damage|p1a: Ferrothorn|94/100|[from] Stealth Rock
|move|p2a: Starmie|Rapid Spin|p1a: Ferrothorn
|-resisted|p1a: Ferrothorn
|-crit|p1a: Ferrothorn
|-damage|p1a: Ferrothorn|92/100
|-damage|p2a: Starmie|45/100|[from] ability: Iron Barbs|[of] p1a: Ferrothorn
|-sideend|p2: killerfishsandiego|Spikes|[from] move: Rapid Spin|[of] p2a: Starmie
|-sideend|p2: killerfishsandiego|Stealth Rock|[from] move: Rapid Spin|[of] p2a: Starmie
|
|-weather|RainDance|[upkeep]
|-heal|p2a: Starmie|51/100|[from] item: Leftovers
|-heal|p1a: Ferrothorn|99/100|[from] item: Leftovers
|upkeep
|turn|26
|
|t:|1731137385
|move|p2a: Starmie|Reflect Type|p1a: Ferrothorn
|-start|p2a: Starmie|typechange|[from] move: Reflect Type|[of] p1a: Ferrothorn
|move|p1a: Ferrothorn|Stealth Rock|p2a: Starmie
|-sidestart|p2: killerfishsandiego|move: Stealth Rock
|
|-weather|RainDance|[upkeep]
|-heal|p2a: Starmie|57/100|[from] item: Leftovers
|-heal|p1a: Ferrothorn|100/100|[from] item: Leftovers
|upkeep
|turn|27
|
|t:|1731137395
|move|p2a: Starmie|Rapid Spin|p1a: Ferrothorn
|-resisted|p1a: Ferrothorn
|-damage|p1a: Ferrothorn|99/100
|-damage|p2a: Starmie|44/100|[from] ability: Iron Barbs|[of] p1a: Ferrothorn
|-sideend|p2: killerfishsandiego|Stealth Rock|[from] move: Rapid Spin|[of] p2a: Starmie
|move|p1a: Ferrothorn|Thunder Wave|p2a: Starmie
|-status|p2a: Starmie|par
|
|-weather|RainDance|[upkeep]
|-heal|p2a: Starmie|50/100 par|[from] item: Leftovers
|-heal|p1a: Ferrothorn|100/100|[from] item: Leftovers
|upkeep
|turn|28
|
|t:|1731137398
|move|p2a: Starmie|Recover|p2a: Starmie
|-heal|p2a: Starmie|100/100 par
|move|p1a: Ferrothorn|Stealth Rock|p2a: Starmie
|-sidestart|p2: killerfishsandiego|move: Stealth Rock
|
|-weather|RainDance|[upkeep]
|upkeep
|turn|29
|
|t:|1731137402
|move|p2a: Starmie|Rapid Spin|p1a: Ferrothorn
|-resisted|p1a: Ferrothorn
|-damage|p1a: Ferrothorn|99/100
|-damage|p2a: Starmie|88/100 par|[from] ability: Iron Barbs|[of] p1a: Ferrothorn
|-sideend|p2: killerfishsandiego|Stealth Rock|[from] move: Rapid Spin|[of] p2a: Starmie
|move|p1a: Ferrothorn|Spikes|p2a: Starmie
|-sidestart|p2: killerfishsandiego|Spikes
|
|-weather|RainDance|[upkeep]
|-heal|p2a: Starmie|94/100 par|[from] item: Leftovers
|-heal|p1a: Ferrothorn|100/100|[from] item: Leftovers
|upkeep
|turn|30
|
|t:|1731137408
|cant|p2a: Starmie|par
|move|p1a: Ferrothorn|Stealth Rock|p2a: Starmie
|-sidestart|p2: killerfishsandiego|move: Stealth Rock
|
|-weather|RainDance|[upkeep]
|-heal|p2a: Starmie|99/100 par|[from] item: Leftovers
|upkeep
|turn|31
|
|t:|1731137412
|move|p2a: Starmie|Rapid Spin|p1a: Ferrothorn
|-resisted|p1a: Ferrothorn
|-damage|p1a: Ferrothorn|99/100
|-damage|p2a: Starmie|88/100 par|[from] ability: Iron Barbs|[of] p1a: Ferrothorn
|-sideend|p2: killerfishsandiego|Spikes|[from] move: Rapid Spin|[of] p2a: Starmie
|-sideend|p2: killerfishsandiego|Stealth Rock|[from] move: Rapid Spin|[of] p2a: Starmie
|move|p1a: Ferrothorn|Power Whip|p2a: Starmie
|-resisted|p2a: Starmie
|-damage|p2a: Starmie|76/100 par
|
|-weather|RainDance|[upkeep]
|-heal|p2a: Starmie|82/100 par|[from] item: Leftovers
|-heal|p1a: Ferrothorn|100/100|[from] item: Leftovers
|upkeep
|turn|32
|l| krukz
|
|t:|1731137423
|move|p2a: Starmie|Reflect Type|p1a: Ferrothorn
|-start|p2a: Starmie|typechange|[from] move: Reflect Type|[of] p1a: Ferrothorn
|move|p1a: Ferrothorn|Stealth Rock|p2a: Starmie
|-sidestart|p2: killerfishsandiego|move: Stealth Rock
|
|-weather|RainDance|[upkeep]
|-heal|p2a: Starmie|88/100 par|[from] item: Leftovers
|upkeep
|turn|33
|inactive|Battle timer is ON: inactive players will automatically lose when time's up. (requested by killerfishsandiego)
|
|t:|1731137446
|switch|p1a: Thundurus|Thundurus-Therian, M|57/100
|-damage|p1a: Thundurus|32/100|[from] Stealth Rock
|cant|p2a: Starmie|par
|
|-weather|RainDance|[upkeep]
|-heal|p1a: Thundurus|38/100|[from] item: Leftovers
|-heal|p2a: Starmie|94/100 par|[from] item: Leftovers
|upkeep
|turn|34
|inactive|killerfishsandiego has 120 seconds left.
|
|t:|1731137478
|-curestatus|p2a: Starmie|par|[from] ability: Natural Cure
|switch|p2a: Blissey|Blissey, F|85/100
|-damage|p2a: Blissey|73/100|[from] Stealth Rock
|move|p1a: Thundurus|Hidden Power|p2a: Blissey
|-damage|p2a: Blissey|62/100
|
|-weather|RainDance|[upkeep]
|-heal|p1a: Thundurus|44/100|[from] item: Leftovers
|-heal|p2a: Blissey|68/100|[from] item: Leftovers
|upkeep
|turn|35
|
|t:|1731137486
|switch|p1a: Ferrothorn|Ferrothorn, F|100/100
|-damage|p1a: Ferrothorn|94/100|[from] Stealth Rock
|move|p2a: Blissey|Soft-Boiled|p2a: Blissey
|-heal|p2a: Blissey|100/100
|
|-weather|RainDance|[upkeep]
|-heal|p1a: Ferrothorn|100/100|[from] item: Leftovers
|upkeep
|turn|36
|
|t:|1731137490
|switch|p2a: Skarmory|Skarmory, M|100/100
|-damage|p2a: Skarmory|88/100|[from] Stealth Rock
|move|p1a: Ferrothorn|Power Whip|p2a: Skarmory
|-resisted|p2a: Skarmory
|-damage|p2a: Skarmory|81/100
|-damage|p1a: Ferrothorn|84/100|[from] item: Rocky Helmet|[of] p2a: Skarmory
|
|-weather|RainDance|[upkeep]
|-heal|p1a: Ferrothorn|90/100|[from] item: Leftovers
|upkeep
|turn|37
|
|t:|1731137504
|move|p2a: Skarmory|Spikes|p1a: Ferrothorn
|-sidestart|p1: Mobileishard|Spikes
|move|p1a: Ferrothorn|Thunder Wave|p2a: Skarmory
|-status|p2a: Skarmory|par
|
|-weather|RainDance|[upkeep]
|-heal|p1a: Ferrothorn|97/100|[from] item: Leftovers
|upkeep
|turn|38
|
|t:|1731137515
|switch|p1a: Keldeo|Keldeo-Resolute|100/100
|-damage|p1a: Keldeo|94/100|[from] Stealth Rock
|-damage|p1a: Keldeo|82/100|[from] Spikes
|move|p2a: Skarmory|Spikes|p1a: Keldeo
|-sidestart|p1: Mobileishard|Spikes
|
|-weather|RainDance|[upkeep]
|upkeep
|turn|39
|
|t:|1731137518
|switch|p2a: Starmie|Starmie|94/100
|-damage|p2a: Starmie|81/100|[from] Stealth Rock
|move|p1a: Keldeo|Hidden Power|p2a: Starmie
|-supereffective|p2a: Starmie
|-crit|p2a: Starmie
|-damage|p2a: Starmie|0 fnt
|faint|p2a: Starmie
|
|-weather|RainDance|[upkeep]
|upkeep
|
|t:|1731137523
|switch|p2a: Tyranitar|Tyranitar, M|76/100
|-damage|p2a: Tyranitar|64/100|[from] Stealth Rock
|-weather|Sandstorm|[from] ability: Sand Stream|[of] p2a: Tyranitar
|turn|40
|
|t:|1731137529
|switch|p1a: Politoed|Politoed, F|100/100
|-damage|p1a: Politoed|88/100|[from] Stealth Rock
|-damage|p1a: Politoed|71/100|[from] Spikes
|-weather|RainDance|[from] ability: Drizzle|[of] p1a: Politoed
|move|p2a: Tyranitar|Superpower|p1a: Politoed
|-damage|p1a: Politoed|29/100
|-unboost|p2a: Tyranitar|atk|1
|-unboost|p2a: Tyranitar|def|1
|
|-weather|RainDance|[upkeep]
|-heal|p1a: Politoed|35/100|[from] item: Leftovers
|upkeep
|turn|41
|
|t:|1731137534
|switch|p2a: Blissey|Blissey, F|100/100
|-damage|p2a: Blissey|88/100|[from] Stealth Rock
|move|p1a: Politoed|Scald|p2a: Blissey
|-damage|p2a: Blissey|74/100
|
|-weather|RainDance|[upkeep]
|-heal|p1a: Politoed|41/100|[from] item: Leftovers
|-heal|p2a: Blissey|80/100|[from] item: Leftovers
|upkeep
|turn|42
|
|t:|1731137543
|move|p1a: Politoed|Toxic|p2a: Blissey
|-status|p2a: Blissey|tox
|move|p2a: Blissey|Seismic Toss|p1a: Politoed
|-damage|p1a: Politoed|15/100
|
|-weather|RainDance|[upkeep]
|-heal|p1a: Politoed|22/100|[from] item: Leftovers
|-heal|p2a: Blissey|86/100 tox|[from] item: Leftovers
|-damage|p2a: Blissey|80/100 tox|[from] psn
|upkeep
|turn|43
|
|t:|1731137549
|switch|p1a: Tentacruel|Tentacruel, F|50/100
|-damage|p1a: Tentacruel|38/100|[from] Stealth Rock
|-damage|p1a: Tentacruel|21/100|[from] Spikes
|move|p2a: Blissey|Seismic Toss|p1a: Tentacruel
|-damage|p1a: Tentacruel|0 fnt
|faint|p1a: Tentacruel
|
|-weather|RainDance|[upkeep]
|-heal|p2a: Blissey|86/100 tox|[from] item: Leftovers
|-damage|p2a: Blissey|74/100 tox|[from] psn
|upkeep
|
|t:|1731137556
|switch|p1a: Keldeo|Keldeo-Resolute|82/100
|-damage|p1a: Keldeo|76/100|[from] Stealth Rock
|-damage|p1a: Keldeo|59/100|[from] Spikes
|turn|44
|
|t:|1731137565
|move|p1a: Keldeo|Surf|p2a: Blissey
|-damage|p2a: Blissey|45/100 tox
|move|p2a: Blissey|Seismic Toss|p1a: Keldeo
|-damage|p1a: Keldeo|28/100
|
|-weather|RainDance|[upkeep]
|-heal|p2a: Blissey|51/100 tox|[from] item: Leftovers
|-damage|p2a: Blissey|33/100 tox|[from] psn
|upkeep
|turn|45
|
|t:|1731137577
|move|p1a: Keldeo|Surf|p2a: Blissey
|-damage|p2a: Blissey|2/100 tox
|move|p2a: Blissey|Seismic Toss|p1a: Keldeo
|-damage|p1a: Keldeo|0 fnt
|faint|p1a: Keldeo
|
|-weather|RainDance|[upkeep]
|-heal|p2a: Blissey|8/100 tox|[from] item: Leftovers
|-damage|p2a: Blissey|0 fnt|[from] psn
|faint|p2a: Blissey
|upkeep
|
|t:|1731137585
|switch|p1a: Thundurus|Thundurus-Therian, M|44/100
|switch|p2a: Tyranitar|Tyranitar, M|64/100
|-damage|p2a: Tyranitar|51/100|[from] Stealth Rock
|-weather|Sandstorm|[from] ability: Sand Stream|[of] p2a: Tyranitar
|-damage|p1a: Thundurus|20/100|[from] Stealth Rock
|turn|46
|
|t:|1731137591
|move|p2a: Tyranitar|Crunch|p1a: Thundurus
|-damage|p1a: Thundurus|0 fnt
|faint|p1a: Thundurus
|
|-weather|Sandstorm|[upkeep]
|upkeep
|
|t:|1731137596
|switch|p1a: Ferrothorn|Ferrothorn, F|97/100
|-damage|p1a: Ferrothorn|90/100|[from] Stealth Rock
|-damage|p1a: Ferrothorn|74/100|[from] Spikes
|turn|47
|
|t:|1731137602
|switch|p2a: Skarmory|Skarmory, M|81/100 par
|-damage|p2a: Skarmory|69/100 par|[from] Stealth Rock
|move|p1a: Ferrothorn|Spikes|p2a: Skarmory
|-sidestart|p2: killerfishsandiego|Spikes
|
|-weather|Sandstorm|[upkeep]
|-heal|p1a: Ferrothorn|80/100|[from] item: Leftovers
|upkeep
|turn|48
|
|t:|1731137606
|switch|p1a: Politoed|Politoed, F|22/100
|-damage|p1a: Politoed|9/100|[from] Stealth Rock
|-damage|p1a: Politoed|0 fnt|[from] Spikes
|faint|p1a: Politoed
|move|p2a: Skarmory|Iron Defense|p2a: Skarmory
|-boost|p2a: Skarmory|def|2
|
|-weather|Sandstorm|[upkeep]
|upkeep
|
|t:|1731137612
|switch|p1a: Dragonite|Dragonite, M|100/100
|-damage|p1a: Dragonite|76/100|[from] Stealth Rock
|turn|49
|
|t:|1731137614
|move|p1a: Dragonite|Substitute|p1a: Dragonite
|-start|p1a: Dragonite|Substitute
|-damage|p1a: Dragonite|51/100
|cant|p2a: Skarmory|par
|
|-weather|Sandstorm|[upkeep]
|-damage|p1a: Dragonite|45/100|[from] Sandstorm
|-heal|p1a: Dragonite|51/100|[from] item: Leftovers
|upkeep
|turn|50
|
|t:|1731137618
|move|p1a: Dragonite|Roost|p1a: Dragonite
|-heal|p1a: Dragonite|100/100
|-singleturn|p1a: Dragonite|move: Roost
|move|p2a: Skarmory|Whirlwind|p1a: Dragonite
|drag|p1a: Ferrothorn|Ferrothorn, F|80/100
|-damage|p1a: Ferrothorn|74/100|[from] Stealth Rock
|-damage|p1a: Ferrothorn|57/100|[from] Spikes
|
|-weather|Sandstorm|[upkeep]
|-heal|p1a: Ferrothorn|64/100|[from] item: Leftovers
|upkeep
|turn|51
|
|t:|1731137623
|move|p1a: Ferrothorn|Power Whip|p2a: Skarmory
|-resisted|p2a: Skarmory
|-crit|p2a: Skarmory
|-damage|p2a: Skarmory|53/100 par
|-damage|p1a: Ferrothorn|47/100|[from] item: Rocky Helmet|[of] p2a: Skarmory
|move|p2a: Skarmory|Roost|p2a: Skarmory
|-heal|p2a: Skarmory|100/100 par
|-singleturn|p2a: Skarmory|move: Roost
|
|-weather|Sandstorm|[upkeep]
|-heal|p1a: Ferrothorn|53/100|[from] item: Leftovers
|upkeep
|turn|52
|
|t:|1731137625
|move|p1a: Ferrothorn|Power Whip|p2a: Skarmory
|-resisted|p2a: Skarmory
|-damage|p2a: Skarmory|97/100 par
|-damage|p1a: Ferrothorn|37/100|[from] item: Rocky Helmet|[of] p2a: Skarmory
|move|p2a: Skarmory|Whirlwind|p1a: Ferrothorn
|drag|p1a: Dragonite|Dragonite, M|100/100
|-damage|p1a: Dragonite|76/100|[from] Stealth Rock
|
|-weather|Sandstorm|[upkeep]
|-damage|p1a: Dragonite|69/100|[from] Sandstorm
|-heal|p1a: Dragonite|76/100|[from] item: Leftovers
|upkeep
|turn|53
|
|t:|1731137628
|move|p1a: Dragonite|Substitute|p1a: Dragonite
|-start|p1a: Dragonite|Substitute
|-damage|p1a: Dragonite|51/100
|move|p2a: Skarmory|Whirlwind|p1a: Dragonite
|drag|p1a: Ferrothorn|Ferrothorn, F|37/100
|-damage|p1a: Ferrothorn|31/100|[from] Stealth Rock
|-damage|p1a: Ferrothorn|14/100|[from] Spikes
|
|-weather|Sandstorm|[upkeep]
|-heal|p1a: Ferrothorn|20/100|[from] item: Leftovers
|upkeep
|turn|54
|
|t:|1731137640
|move|p1a: Ferrothorn|Power Whip|p2a: Skarmory
|-resisted|p2a: Skarmory
|-damage|p2a: Skarmory|94/100 par
|-damage|p1a: Ferrothorn|4/100|[from] item: Rocky Helmet|[of] p2a: Skarmory
|move|p2a: Skarmory|Whirlwind|p1a: Ferrothorn
|drag|p1a: Dragonite|Dragonite, M|51/100
|-damage|p1a: Dragonite|26/100|[from] Stealth Rock
|
|-weather|Sandstorm|[upkeep]
|-damage|p1a: Dragonite|20/100|[from] Sandstorm
|-heal|p1a: Dragonite|26/100|[from] item: Leftovers
|upkeep
|turn|55
|
|t:|1731137647
|switch|p2a: Quagsire|Quagsire, F|100/100
|-damage|p2a: Quagsire|94/100|[from] Stealth Rock
|-damage|p2a: Quagsire|82/100|[from] Spikes
|move|p1a: Dragonite|Roost|p1a: Dragonite
|-heal|p1a: Dragonite|76/100
|-singleturn|p1a: Dragonite|move: Roost
|
|-weather|Sandstorm|[upkeep]
|-damage|p1a: Dragonite|70/100|[from] Sandstorm
|-heal|p1a: Dragonite|76/100|[from] item: Leftovers
|-heal|p2a: Quagsire|88/100|[from] item: Leftovers
|upkeep
|turn|56
|
|t:|1731137650
|move|p1a: Dragonite|Substitute|p1a: Dragonite
|-start|p1a: Dragonite|Substitute
|-damage|p1a: Dragonite|51/100
|move|p2a: Quagsire|Ice Beam|p1a: Dragonite
|-supereffective|p1a: Dragonite
|-end|p1a: Dragonite|Substitute
|
|-weather|Sandstorm|[upkeep]
|-damage|p1a: Dragonite|45/100|[from] Sandstorm
|-heal|p1a: Dragonite|51/100|[from] item: Leftovers
|-heal|p2a: Quagsire|94/100|[from] item: Leftovers
|upkeep
|turn|57
|
|t:|1731137652
|move|p1a: Dragonite|Roost|p1a: Dragonite
|-heal|p1a: Dragonite|100/100
|-singleturn|p1a: Dragonite|move: Roost
|move|p2a: Quagsire|Ice Beam|p1a: Dragonite
|-supereffective|p1a: Dragonite
|-damage|p1a: Dragonite|90/100
|
|-weather|Sandstorm|[upkeep]
|-damage|p1a: Dragonite|84/100|[from] Sandstorm
|-heal|p1a: Dragonite|90/100|[from] item: Leftovers
|-heal|p2a: Quagsire|99/100|[from] item: Leftovers
|upkeep
|turn|58
|
|t:|1731137655
|move|p1a: Dragonite|Dragon Claw|p2a: Quagsire
|-damage|p2a: Quagsire|76/100
|move|p2a: Quagsire|Ice Beam|p1a: Dragonite
|-supereffective|p1a: Dragonite
|-damage|p1a: Dragonite|44/100
|-status|p1a: Dragonite|frz
|
|-weather|Sandstorm|[upkeep]
|-damage|p1a: Dragonite|38/100 frz|[from] Sandstorm
|-heal|p1a: Dragonite|44/100 frz|[from] item: Leftovers
|-heal|p2a: Quagsire|82/100|[from] item: Leftovers
|upkeep
|turn|59
|l|☆Mobileishard
|inactive|Mobileishard disconnected and has a minute to reconnect!
|player|p1|
|inactive|Mobileishard has 30 seconds to reconnect!
|inactive|Mobileishard has 20 seconds to reconnect!
|inactive|Mobileishard has 15 seconds to reconnect!
|inactive|Mobileishard has 10 seconds to reconnect!
|inactive|Mobileishard has 5 seconds to reconnect!
|-message|Mobileishard lost due to inactivity.
|
|win|killerfishsandiego
|raw|Mobileishard's rating: 1499 &rarr; <strong>1482</strong><br />(-17 for losing)
|raw|killerfishsandiego's rating: 1552 &rarr; <strong>1569</strong><br />(+17 for winning)
