|j|☆Jellium
|j|☆av2336
|t:|1716569421
|gametype|singles
|player|p1|Jellium|scientist-gen4|1365
|player|p2|av2336|pokemaniac-gen3rs|1467
|teamsize|p1|6
|teamsize|p2|6
|gen|5
|tier|[Gen 5] OU
|rated|
|rule|Species Clause: Limit one of each Pokémon
|rule|OHKO Clause: OHKO moves are banned
|rule|Moody Clause: Moody is banned
|rule|Evasion Items Clause: Evasion items are banned
|rule|Evasion Moves Clause: Evasion moves are banned
|rule|Endless Battle Clause: Forcing endless battles is banned
|rule|HP Percentage Mod: HP is shown in percentages
|rule|Evasion Abilities Clause: Evasion abilities are banned
|rule|Sleep Moves Clause: Sleep-inducing moves are banned
|rule|Swagger Clause: Swagger is banned
|rule|Baton Pass Stat Clause: No Baton Passer may have a way to boost its stats
|clearpoke
|poke|p1|Garchomp, F|item
|poke|p1|Volcarona, M|item
|poke|p1|Dragonite, F|item
|poke|p1|Breloom, M|item
|poke|p1|Starmie|item
|poke|p1|Scizor, F|item
|poke|p2|Omastar, F|item
|poke|p2|Latios, M|item
|poke|p2|Jirachi|item
|poke|p2|Dugtrio, F|item
|poke|p2|Gyarados, M|item
|poke|p2|Conkeldurr, F|item
|teampreview
|inactive|Battle timer is ON: inactive players will automatically lose when time's up. (requested by av2336)
|
|t:|1716569446
|start
|switch|p1a: Garchomp|Garchomp, F|100/100
|switch|p2a: Dugtrio|Dugtrio, F|100/100
|turn|1
|
|t:|1716569450
|move|p2a: Dugtrio|Stealth Rock|p1a: Garchomp
|-sidestart|p1: Jellium|move: Stealth Rock
|move|p1a: Garchomp|Stealth Rock|p2a: Dugtrio
|-sidestart|p2: av2336|move: Stealth Rock
|
|upkeep
|turn|2
|
|t:|1716569457
|move|p2a: Dugtrio|Earthquake|p1a: Garchomp
|-damage|p1a: Garchomp|65/100
|move|p1a: Garchomp|Earthquake|p2a: Dugtrio
|-enditem|p2a: Dugtrio|Focus Sash
|-damage|p2a: Dugtrio|1/100
|
|upkeep
|turn|3
|
|t:|1716569462
|switch|p1a: Starmie|Starmie|100/100
|-damage|p1a: Starmie|88/100|[from] Stealth Rock
|-item|p1a: Starmie|Air Balloon
|move|p2a: Dugtrio|Memento|p1a: Starmie
|-unboost|p1a: Starmie|atk|2
|-unboost|p1a: Starmie|spa|2
|faint|p2a: Dugtrio
|
|upkeep
|inactive|av2336 has 120 seconds left.
|
|t:|1716569500
|switch|p2a: Omastar|Omastar, F|100/100
|-damage|p2a: Omastar|88/100|[from] Stealth Rock
|turn|4
|
|t:|1716569509
|move|p1a: Starmie|Thunderbolt|p2a: Omastar
|-supereffective|p2a: Omastar
|-damage|p2a: Omastar|42/100
|move|p2a: Omastar|Shell Smash|p2a: Omastar
|-unboost|p2a: Omastar|def|1
|-unboost|p2a: Omastar|spd|1
|-boost|p2a: Omastar|atk|2
|-boost|p2a: Omastar|spa|2
|-boost|p2a: Omastar|spe|2
|-enditem|p2a: Omastar|White Herb
|-clearnegativeboost|p2a: Omastar|[silent]
|
|upkeep
|turn|5
|
|t:|1716569518
|switch|p1a: Garchomp|Garchomp, F|65/100
|-damage|p1a: Garchomp|59/100|[from] Stealth Rock
|move|p2a: Omastar|Hidden Power|p1a: Garchomp
|-crit|p1a: Garchomp
|-damage|p1a: Garchomp|0 fnt
|faint|p1a: Garchomp
|
|upkeep
|
|t:|1716569520
|switch|p1a: Breloom|Breloom, M, shiny|100/100
|-damage|p1a: Breloom|94/100|[from] Stealth Rock
|turn|6
|
|t:|1716569525
|switch|p2a: Latios|Latios, M|100/100
|-damage|p2a: Latios|88/100|[from] Stealth Rock
|move|p1a: Breloom|Mach Punch|p2a: Latios
|-resisted|p2a: Latios
|-damage|p2a: Latios|58/100
|-damage|p1a: Breloom|84/100|[from] item: Life Orb
|
|upkeep
|turn|7
|
|t:|1716569534
|move|p1a: Breloom|Mach Punch|p2a: Latios
|-resisted|p2a: Latios
|-damage|p2a: Latios|29/100
|-damage|p1a: Breloom|75/100|[from] item: Life Orb
|move|p2a: Latios|Reflect|p2a: Latios
|-sidestart|p2: av2336|Reflect
|
|upkeep
|turn|8
|
|t:|1716569545
|switch|p1a: Starmie|Starmie|88/100
|-damage|p1a: Starmie|76/100|[from] Stealth Rock
|-item|p1a: Starmie|Air Balloon
|move|p2a: Latios|Light Screen|p2a: Latios
|-sidestart|p2: av2336|move: Light Screen
|
|upkeep
|turn|9
|
|t:|1716569549
|move|p1a: Starmie|Rapid Spin|p2a: Latios
|-damage|p2a: Latios|27/100
|-sideend|p1: Jellium|Stealth Rock|[from] move: Rapid Spin|[of] p1a: Starmie
|move|p2a: Latios|Draco Meteor|p1a: Starmie
|-damage|p1a: Starmie|0 fnt
|-unboost|p2a: Latios|spa|2
|-enditem|p1a: Starmie|Air Balloon
|faint|p1a: Starmie
|
|upkeep
|
|t:|1716569565
|switch|p1a: Volcarona|Volcarona, M, shiny|100/100
|turn|10
|
|t:|1716569569
|move|p2a: Latios|Memento|p1a: Volcarona
|-unboost|p1a: Volcarona|atk|2
|-unboost|p1a: Volcarona|spa|2
|faint|p2a: Latios
|move|p1a: Volcarona|Quiver Dance|p1a: Volcarona
|-boost|p1a: Volcarona|spa|1
|-boost|p1a: Volcarona|spd|1
|-boost|p1a: Volcarona|spe|1
|
|upkeep
|
|t:|1716569577
|switch|p2a: Gyarados|Gyarados, M|100/100
|-damage|p2a: Gyarados|76/100|[from] Stealth Rock
|-ability|p2a: Gyarados|Intimidate|boost
|-unboost|p1a: Volcarona|atk|1
|turn|11
|
|t:|1716569586
|move|p1a: Volcarona|Psychic|p2a: Gyarados
|-damage|p2a: Gyarados|65/100
|move|p2a: Gyarados|Dragon Dance|p2a: Gyarados
|-boost|p2a: Gyarados|atk|1
|-boost|p2a: Gyarados|spe|1
|
|-heal|p2a: Gyarados|71/100|[from] item: Leftovers
|upkeep
|turn|12
|
|t:|1716569604
|move|p1a: Volcarona|Psychic|p2a: Gyarados
|-damage|p2a: Gyarados|60/100
|move|p2a: Gyarados|Substitute|p2a: Gyarados
|-start|p2a: Gyarados|Substitute
|-damage|p2a: Gyarados|35/100
|
|-heal|p2a: Gyarados|42/100|[from] item: Leftovers
|upkeep
|turn|13
|
|t:|1716569609
|move|p1a: Volcarona|Psychic|p2a: Gyarados
|-activate|p2a: Gyarados|Substitute|[damage]
|move|p2a: Gyarados|Dragon Dance|p2a: Gyarados
|-boost|p2a: Gyarados|atk|1
|-boost|p2a: Gyarados|spe|1
|
|-heal|p2a: Gyarados|48/100|[from] item: Leftovers
|upkeep
|turn|14
|
|t:|1716569613
|move|p2a: Gyarados|Waterfall|p1a: Volcarona
|-supereffective|p1a: Volcarona
|-damage|p1a: Volcarona|0 fnt
|faint|p1a: Volcarona
|
|-heal|p2a: Gyarados|54/100|[from] item: Leftovers
|-sideend|p2: av2336|Reflect
|upkeep
|
|t:|1716569617
|switch|p1a: Breloom|Breloom, M, shiny|75/100
|turn|15
|
|t:|1716569620
|move|p1a: Breloom|Mach Punch|p2a: Gyarados
|-resisted|p2a: Gyarados
|-crit|p2a: Gyarados
|-end|p2a: Gyarados|Substitute
|-damage|p1a: Breloom|65/100|[from] item: Life Orb
|move|p2a: Gyarados|Bounce||[still]
|-prepare|p2a: Gyarados|Bounce
|
|-heal|p2a: Gyarados|60/100|[from] item: Leftovers
|-sideend|p2: av2336|move: Light Screen
|upkeep
|turn|16
|
|t:|1716569625
|move|p2a: Gyarados|Bounce|p1a: Breloom|[from]lockedmove
|-supereffective|p1a: Breloom
|-damage|p1a: Breloom|0 fnt
|faint|p1a: Breloom
|
|-heal|p2a: Gyarados|67/100|[from] item: Leftovers
|upkeep
|
|t:|1716569633
|switch|p1a: Dragonite|Dragonite, F, shiny|100/100
|turn|17
|
|t:|1716569636
|move|p2a: Gyarados|Waterfall|p1a: Dragonite
|-resisted|p1a: Dragonite
|-damage|p1a: Dragonite|80/100
|move|p1a: Dragonite|Outrage|p2a: Gyarados
|-crit|p2a: Gyarados
|-damage|p2a: Gyarados|0 fnt
|faint|p2a: Gyarados
|
|upkeep
|
|t:|1716569643
|switch|p2a: Jirachi|Jirachi|100/100
|-damage|p2a: Jirachi|94/100|[from] Stealth Rock
|turn|18
|
|t:|1716569644
|move|p2a: Jirachi|Ice Punch|p1a: Dragonite
|-supereffective|p1a: Dragonite
|-damage|p1a: Dragonite|0 fnt
|faint|p1a: Dragonite
|
|upkeep
|
|t:|1716569646
|switch|p1a: Scizor|Scizor, F|100/100
|turn|19
|
|t:|1716569649
|switch|p2a: Omastar|Omastar, F|42/100
|-damage|p2a: Omastar|30/100|[from] Stealth Rock
|move|p1a: Scizor|Swords Dance|p1a: Scizor
|-boost|p1a: Scizor|atk|2
|
|upkeep
|turn|20
|
|t:|1716569657
|move|p1a: Scizor|Bullet Punch|p2a: Omastar
|-damage|p2a: Omastar|0 fnt
|faint|p2a: Omastar
|-damage|p1a: Scizor|91/100|[from] item: Life Orb
|
|upkeep
|
|t:|1716569661
|switch|p2a: Conkeldurr|Conkeldurr, F|100/100
|-damage|p2a: Conkeldurr|94/100|[from] Stealth Rock
|turn|21
|
|t:|1716569671
|move|p1a: Scizor|Bullet Punch|p2a: Conkeldurr
|-damage|p2a: Conkeldurr|37/100
|-damage|p1a: Scizor|81/100|[from] item: Life Orb
|move|p2a: Conkeldurr|Drain Punch|p1a: Scizor
|-damage|p1a: Scizor|43/100
|-heal|p2a: Conkeldurr|50/100|[from] drain|[of] p1a: Scizor
|
|-heal|p2a: Conkeldurr|56/100|[from] item: Leftovers
|upkeep
|turn|22
|
|t:|1716569679
|move|p1a: Scizor|Swords Dance|p1a: Scizor
|-boost|p1a: Scizor|atk|2
|move|p2a: Conkeldurr|Drain Punch|p1a: Scizor
|-damage|p1a: Scizor|6/100
|-heal|p2a: Conkeldurr|68/100|[from] drain|[of] p1a: Scizor
|
|-heal|p2a: Conkeldurr|74/100|[from] item: Leftovers
|upkeep
|turn|23
|-message|Jellium forfeited.
|
|win|av2336
|raw|Jellium's rating: 1365 &rarr; <strong>1351</strong><br />(-14 for losing)
|raw|av2336's rating: 1467 &rarr; <strong>1481</strong><br />(+14 for winning)
|l|☆Jellium
|player|p1|
