|join|Rayouu
|join|Darkshowl
|player|p1|Rayouu|94
|player|p2|Darkshowl|101
|gametype|singles
|gen|5
|tier|[Gen 5] OU
|rated
|rule|Evasion Abilities Clause: Evasion abilities are banned
|clearpoke
|poke|p1|Politoed, M
|poke|p1|Tentacruel, F
|poke|p1|Ferrothorn, F, shiny
|poke|p1|Toxicroak, M
|poke|p1|Gliscor, M
|poke|p1|Latias, F
|poke|p2|Politoed, F
|poke|p2|Ferrothorn, M
|poke|p2|Dragonite, M
|poke|p2|Tentacruel, M
|poke|p2|Jirachi
|poke|p2|Rotom-Wash
|rule|Sleep Clause Mod: Limit one foe put to sleep
|rule|Species Clause: Limit one of each Pokémon
|rule|OHKO Clause: OHKO moves are banned
|rule|Moody Clause: Moody is banned
|rule|Evasion Moves Clause: Evasion moves are banned
|rule|Endless Battle Clause: Forcing endless battles is banned
|rule|HP Percentage Mod: HP is shown in percentages
|teampreview
|c|★Rayouu|hf^^
|
|start
|switch|p1a: Hannyabal|Gliscor, M|352/352
|switch|p2a: Rotom-Wash|Rotom-Wash|248/248
|turn|1
|
|move|p1a: Hannyabal|Protect|p1a: Hannyabal
|-singleturn|p1a: Hannyabal|Protect
|move|p2a: Rotom-Wash|Hydro Pump|p1a: Hannyabal
|-activate|p1a: Hannyabal|Protect
|
|-status|p1a: Hannyabal|tox|[from] item: Toxic Orb
|turn|2
|
|switch|p2a: Dragonite|Dragonite, M|386/386
|move|p1a: Hannyabal|Knock Off|p2a: Dragonite
|-damage|p2a: Dragonite|380/386
|-enditem|p2a: Dragonite|Leftovers|[from] move: Knock Off|[of] p1a: Hannyabal
|
|turn|3
|
|move|p1a: Hannyabal|Taunt|p2a: Dragonite
|-start|p2a: Dragonite|move: Taunt
|cant|p2a: Dragonite|move: Taunt|Substitute
|
|turn|4
|
|switch|p2a: Ferrothorn|Ferrothorn, M|352/352
|move|p1a: Hannyabal|Earthquake|p2a: Ferrothorn
|-damage|p2a: Ferrothorn|283/352
|
|turn|5
|
|move|p1a: Hannyabal|Taunt|p2a: Ferrothorn
|-start|p2a: Ferrothorn|move: Taunt
|cant|p2a: Ferrothorn|move: Taunt|Spikes
|
|turn|6
|
|move|p1a: Hannyabal|Taunt|p2a: Ferrothorn
|-fail|p2a: Ferrothorn
|move|p2a: Ferrothorn|Power Whip|p1a: Hannyabal
|-damage|p1a: Hannyabal|276/352 tox
|
|-heal|p1a: Hannyabal|320/352 tox|[from] ability: Poison Heal
|turn|7
|
|switch|p1a: Blugori|Toxicroak, M|355/355
|switch|p2a: Rotom-Wash|Rotom-Wash|248/248
|
|turn|8
|
|move|p2a: Rotom-Wash|Volt Switch|p1a: Blugori
|-damage|p1a: Blugori|199/355
|
|switch|p2a: Tentacruel|Tentacruel, M|364/364
|move|p1a: Blugori|Substitute|p1a: Blugori
|-start|p1a: Blugori|Substitute
|-damage|p1a: Blugori|111/355
|
|-heal|p1a: Blugori|133/355|[from] item: Black Sludge
|turn|9
|
|-singleturn|p1a: Blugori|move: Focus Punch
|move|p2a: Tentacruel|Substitute|p2a: Tentacruel
|-start|p2a: Tentacruel|Substitute
|-damage|p2a: Tentacruel|273/364
|move|p1a: Blugori|Focus Punch|p2a: Tentacruel
|-resisted|p2a: Tentacruel
|-end|p2a: Tentacruel|Substitute
|
|-heal|p2a: Tentacruel|295/364|[from] item: Black Sludge
|-heal|p1a: Blugori|155/355|[from] item: Black Sludge
|turn|10
|
|-singleturn|p1a: Blugori|move: Focus Punch
|switch|p2a: Dragonite|Dragonite, M|380/386
|move|p1a: Blugori|Focus Punch|p2a: Dragonite
|-resisted|p2a: Dragonite
|-damage|p2a: Dragonite|282/386
|
|-heal|p1a: Blugori|177/355|[from] item: Black Sludge
|turn|11
|
|switch|p2a: Politoed|Politoed, F|384/384
|-weather|RainDance|[from] ability: Drizzle|[of] p2a: Politoed
|move|p1a: Blugori|Ice Punch|p2a: Politoed
|-resisted|p2a: Politoed
|-damage|p2a: Politoed|332/384
|
|-weather|RainDance|[upkeep]
|-heal|p1a: Blugori|221/355|[from] ability: Dry Skin
|-heal|p1a: Blugori|243/355|[from] item: Black Sludge
|-heal|p2a: Politoed|356/384|[from] item: Leftovers
|turn|12
|
|-singleturn|p1a: Blugori|move: Focus Punch
|move|p2a: Politoed|Protect|p2a: Politoed
|-singleturn|p2a: Politoed|Protect
|move|p1a: Blugori|Focus Punch|p2a: Politoed
|-activate|p2a: Politoed|Protect
|
|-weather|RainDance|[upkeep]
|-heal|p1a: Blugori|287/355|[from] ability: Dry Skin
|-heal|p1a: Blugori|309/355|[from] item: Black Sludge
|-heal|p2a: Politoed|380/384|[from] item: Leftovers
|turn|13
|
|-singleturn|p1a: Blugori|move: Focus Punch
|switch|p2a: Tentacruel|Tentacruel, M|295/364
|move|p1a: Blugori|Focus Punch|p2a: Tentacruel
|-resisted|p2a: Tentacruel
|-damage|p2a: Tentacruel|108/364
|
|-weather|RainDance|[upkeep]
|-heal|p2a: Tentacruel|130/364|[from] ability: Rain Dish
|-heal|p1a: Blugori|353/355|[from] ability: Dry Skin
|-heal|p2a: Tentacruel|152/364|[from] item: Black Sludge
|-heal|p1a: Blugori|355/355|[from] item: Black Sludge
|turn|14
|
|-singleturn|p1a: Blugori|move: Focus Punch
|switch|p2a: Dragonite|Dragonite, M|282/386
|move|p1a: Blugori|Focus Punch|p2a: Dragonite
|-resisted|p2a: Dragonite
|-damage|p2a: Dragonite|195/386
|
|-weather|RainDance|[upkeep]
|turn|15
|
|-singleturn|p1a: Blugori|move: Focus Punch
|switch|p2a: Rotom-Wash|Rotom-Wash|248/248
|move|p1a: Blugori|Focus Punch|p2a: Rotom-Wash
|-damage|p2a: Rotom-Wash|0 fnt
|faint|p2a: Rotom-Wash
|
|-weather|RainDance|[upkeep]
|
|switch|p2a: Dragonite|Dragonite, M|195/386
|turn|16
|
|move|p1a: Blugori|Ice Punch|p2a: Dragonite
|-supereffective|p2a: Dragonite
|-damage|p2a: Dragonite|0 fnt
|faint|p2a: Dragonite
|
|-weather|RainDance|[upkeep]
|c|★Rayouu|do you like my toxicroak ? :)
|
|switch|p2a: Tentacruel|Tentacruel, M|152/364
|turn|17
|c|★Darkshowl|it's a normal toxicroak
|
|-singleturn|p1a: Blugori|move: Focus Punch
|move|p2a: Tentacruel|Substitute|p2a: Tentacruel
|-start|p2a: Tentacruel|Substitute
|-damage|p2a: Tentacruel|61/364
|move|p1a: Blugori|Focus Punch|p2a: Tentacruel
|-resisted|p2a: Tentacruel
|-end|p2a: Tentacruel|Substitute
|
|-weather|RainDance|[upkeep]
|-heal|p2a: Tentacruel|83/364|[from] ability: Rain Dish
|-heal|p2a: Tentacruel|105/364|[from] item: Black Sludge
|turn|18
|c|★Rayouu|xD
|c|★Rayouu|it just pwnd 3 of your pokemon :s
|c|★Darkshowl|my team is just not good to beat hard Stall RDT
|
|-singleturn|p1a: Blugori|move: Focus Punch
|move|p2a: Tentacruel|Substitute|p2a: Tentacruel
|-start|p2a: Tentacruel|Substitute
|-damage|p2a: Tentacruel|14/364
|move|p1a: Blugori|Focus Punch|p2a: Tentacruel
|-resisted|p2a: Tentacruel
|-end|p2a: Tentacruel|Substitute
|
|-weather|RainDance|[upkeep]
|-heal|p2a: Tentacruel|36/364|[from] ability: Rain Dish
|-heal|p2a: Tentacruel|58/364|[from] item: Black Sludge
|turn|19
|c|★Rayouu|^^
|c|★Darkshowl|and ? I have pwned one team entire with Rotom
|c|★Rayouu|calm down ... i joke :)
|
|-singleturn|p1a: Blugori|move: Focus Punch
|switch|p2a: Jirachi|Jirachi|404/404
|move|p1a: Blugori|Focus Punch|p2a: Jirachi
|-damage|p2a: Jirachi|193/404
|
|-weather|RainDance|[upkeep]
|-heal|p2a: Jirachi|218/404|[from] item: Leftovers
|turn|20
|c|★Darkshowl|you rhumour is such strange
|c|★Darkshowl|your humour*
|c|★Rayouu|yea i know ^^
|
|-singleturn|p1a: Blugori|move: Focus Punch
|move|p2a: Jirachi|Protect|p2a: Jirachi
|-singleturn|p2a: Jirachi|Protect
|move|p1a: Blugori|Focus Punch|p2a: Jirachi
|-activate|p2a: Jirachi|Protect
|
|-weather|RainDance|[upkeep]
|-heal|p2a: Jirachi|243/404|[from] item: Leftovers
|turn|21
|
|-singleturn|p1a: Blugori|move: Focus Punch
|move|p2a: Jirachi|Wish|p2a: Jirachi
|move|p1a: Blugori|Focus Punch|p2a: Jirachi
|-damage|p2a: Jirachi|44/404
|
|-weather|RainDance|[upkeep]
|-heal|p2a: Jirachi|69/404|[from] item: Leftovers
|turn|22
|
|-singleturn|p1a: Blugori|move: Focus Punch
|move|p2a: Jirachi|Protect|p2a: Jirachi
|-singleturn|p2a: Jirachi|Protect
|move|p1a: Blugori|Focus Punch|p2a: Jirachi
|-activate|p2a: Jirachi|Protect
|
|-weather|RainDance|[upkeep]
|-heal|p2a: Jirachi|271/404|[from] move: Wish|[wisher] Jirachi
|-heal|p2a: Jirachi|296/404|[from] item: Leftovers
|turn|23
|
|-singleturn|p1a: Blugori|move: Focus Punch
|move|p2a: Jirachi|Wish|p2a: Jirachi
|move|p1a: Blugori|Focus Punch|p2a: Jirachi
|-damage|p2a: Jirachi|79/404
|
|-weather|RainDance|[upkeep]
|-heal|p2a: Jirachi|104/404|[from] item: Leftovers
|turn|24
|
|switch|p1a: Hannyabal|Gliscor, M|320/352 tox
|move|p2a: Jirachi|Protect|p2a: Jirachi
|-fail|p2a: Jirachi
|
|-weather|RainDance|[upkeep]
|-heal|p2a: Jirachi|306/404|[from] move: Wish|[wisher] Jirachi
|-heal|p2a: Jirachi|331/404|[from] item: Leftovers
|-heal|p1a: Hannyabal|352/352 tox|[from] ability: Poison Heal
|turn|25
|
|move|p2a: Jirachi|Stealth Rock|p1a: Hannyabal
|-sidestart|p1: Rayouu|move: Stealth Rock
|move|p1a: Hannyabal|Taunt|p2a: Jirachi
|-start|p2a: Jirachi|move: Taunt
|
|-weather|RainDance|[upkeep]
|-heal|p2a: Jirachi|356/404|[from] item: Leftovers
|turn|26
|
|switch|p2a: Politoed|Politoed, F|380/384
|move|p1a: Hannyabal|Earthquake|p2a: Politoed
|-damage|p2a: Politoed|227/384
|
|-weather|RainDance|[upkeep]
|-heal|p2a: Politoed|251/384|[from] item: Leftovers
|turn|27
|
|switch|p1a: Magellan|Tentacruel, F|364/364
|-damage|p1a: Magellan|319/364|[from] Stealth Rock
|move|p2a: Politoed|Scald|p1a: Magellan
|-resisted|p1a: Magellan
|-damage|p1a: Magellan|262/364
|-status|p1a: Magellan|brn
|
|-weather|RainDance|[upkeep]
|-heal|p1a: Magellan|284/364 brn|[from] ability: Rain Dish
|-heal|p1a: Magellan|306/364 brn|[from] item: Black Sludge
|-heal|p2a: Politoed|275/384|[from] item: Leftovers
|-damage|p1a: Magellan|261/364 brn|[from] brn
|turn|28
|
|switch|p1a: Impel Down|Ferrothorn, F, shiny|352/352
|-damage|p1a: Impel Down|330/352|[from] Stealth Rock
|move|p2a: Politoed|Protect|p2a: Politoed
|-fail|p2a: Politoed
|
|-weather|RainDance|[upkeep]
|-heal|p2a: Politoed|299/384|[from] item: Leftovers
|-heal|p1a: Impel Down|352/352|[from] item: Leftovers
|turn|29
|
|switch|p2a: Ferrothorn|Ferrothorn, M|283/352
|move|p1a: Impel Down|Stealth Rock|p2a: Ferrothorn
|-sidestart|p2: Darkshowl|move: Stealth Rock
|
|-weather|RainDance|[upkeep]
|turn|30
|
|switch|p1a: Blugori|Toxicroak, M|355/355
|-damage|p1a: Blugori|333/355|[from] Stealth Rock
|move|p2a: Ferrothorn|Leech Seed|p1a: Blugori
|-start|p1a: Blugori|move: Leech Seed
|
|-weather|RainDance|[upkeep]
|-heal|p1a: Blugori|355/355|[from] ability: Dry Skin
|-damage|p1a: Blugori|311/355|[from] Leech Seed|[of] p2a: Ferrothorn
|-heal|p2a: Ferrothorn|327/352|[silent]
|turn|31
|
|-singleturn|p1a: Blugori|move: Focus Punch
|move|p2a: Ferrothorn|Power Whip|p1a: Blugori
|-resisted|p1a: Blugori
|-damage|p1a: Blugori|210/355
|cant|p1a: Blugori|Focus Punch|Focus Punch
|
|-weather|RainDance|[upkeep]
|-heal|p1a: Blugori|254/355|[from] ability: Dry Skin
|-heal|p1a: Blugori|276/355|[from] item: Black Sludge
|-damage|p1a: Blugori|232/355|[from] Leech Seed|[of] p2a: Ferrothorn
|-heal|p2a: Ferrothorn|352/352|[silent]
|turn|32
|
|switch|p1a: Impel Down|Ferrothorn, F, shiny|352/352
|-damage|p1a: Impel Down|330/352|[from] Stealth Rock
|move|p2a: Ferrothorn|Spikes|p1a: Impel Down
|-sidestart|p1: Rayouu|Spikes
|
|-weather|RainDance|[upkeep]
|-heal|p1a: Impel Down|352/352|[from] item: Leftovers
|turn|33
|
|switch|p1a: Magellan|Tentacruel, F|261/364 brn
|-damage|p1a: Magellan|216/364 brn|[from] Spikes
|-damage|p1a: Magellan|171/364 brn|[from] Stealth Rock
|move|p2a: Ferrothorn|Spikes|p1a: Magellan
|-sidestart|p1: Rayouu|Spikes
|
|-weather|RainDance|[upkeep]
|-heal|p1a: Magellan|193/364 brn|[from] ability: Rain Dish
|-heal|p1a: Magellan|215/364 brn|[from] item: Black Sludge
|-damage|p1a: Magellan|170/364 brn|[from] brn
|turn|34
|
|move|p1a: Magellan|Rapid Spin|p2a: Ferrothorn
|-resisted|p2a: Ferrothorn
|-damage|p2a: Ferrothorn|350/352
|-damage|p1a: Magellan|125/364 brn|[from] ability: Iron Barbs|[of] p2a: Ferrothorn
|-damage|p1a: Magellan|65/364 brn|[from] item: Rocky Helmet|[of] p2a: Ferrothorn
|-sideend|p1: Rayouu|Spikes|[from] move: Rapid Spin|[of] p1a: Magellan
|-sideend|p1: Rayouu|Stealth Rock|[from] move: Rapid Spin|[of] p1a: Magellan
|move|p2a: Ferrothorn|Power Whip|p1a: Magellan
|-damage|p1a: Magellan|0 fnt
|faint|p1a: Magellan
|
|-weather|RainDance|[upkeep]
|
|switch|p1a: Sadi-Chan|Latias, F|326/326
|turn|35
|
|move|p2a: Ferrothorn|Protect|p2a: Ferrothorn
|-singleturn|p2a: Ferrothorn|Protect
|move|p1a: Sadi-Chan|Calm Mind|p1a: Sadi-Chan
|-boost|p1a: Sadi-Chan|spa|1
|-boost|p1a: Sadi-Chan|spd|1
|
|-weather|RainDance|[upkeep]
|turn|36
|
|switch|p2a: Tentacruel|Tentacruel, M|58/364
|-damage|p2a: Tentacruel|13/364|[from] Stealth Rock
|move|p1a: Sadi-Chan|Calm Mind|p1a: Sadi-Chan
|-boost|p1a: Sadi-Chan|spa|1
|-boost|p1a: Sadi-Chan|spd|1
|
|-weather|RainDance|[upkeep]
|-heal|p2a: Tentacruel|35/364|[from] ability: Rain Dish
|-heal|p2a: Tentacruel|57/364|[from] item: Black Sludge
|turn|37
|
|move|p1a: Sadi-Chan|Dragon Pulse|p2a: Tentacruel
|-damage|p2a: Tentacruel|0 fnt
|faint|p2a: Tentacruel
|
|-weather|RainDance|[upkeep]
|
|switch|p2a: Jirachi|Jirachi|356/404
|-damage|p2a: Jirachi|331/404|[from] Stealth Rock
|turn|38
|
|move|p1a: Sadi-Chan|Calm Mind|p1a: Sadi-Chan
|-boost|p1a: Sadi-Chan|spa|1
|-boost|p1a: Sadi-Chan|spd|1
|move|p2a: Jirachi|Stealth Rock|p1a: Sadi-Chan
|-sidestart|p1: Rayouu|move: Stealth Rock
|
|-weather|RainDance|[upkeep]
|-heal|p2a: Jirachi|356/404|[from] item: Leftovers
|turn|39
|
|move|p1a: Sadi-Chan|Calm Mind|p1a: Sadi-Chan
|-boost|p1a: Sadi-Chan|spa|1
|-boost|p1a: Sadi-Chan|spd|1
|move|p2a: Jirachi|Iron Head|p1a: Sadi-Chan
|-damage|p1a: Sadi-Chan|224/326
|
|-weather|RainDance|[upkeep]
|-heal|p1a: Sadi-Chan|244/326|[from] item: Leftovers
|-heal|p2a: Jirachi|381/404|[from] item: Leftovers
|turn|40
|
|move|p1a: Sadi-Chan|Calm Mind|p1a: Sadi-Chan
|-boost|p1a: Sadi-Chan|spa|1
|-boost|p1a: Sadi-Chan|spd|1
|move|p2a: Jirachi|Iron Head|p1a: Sadi-Chan
|-damage|p1a: Sadi-Chan|145/326
|
|-weather|RainDance|[upkeep]
|-heal|p1a: Sadi-Chan|165/326|[from] item: Leftovers
|-heal|p2a: Jirachi|404/404|[from] item: Leftovers
|turn|41
|
|move|p1a: Sadi-Chan|Recover|p1a: Sadi-Chan
|-heal|p1a: Sadi-Chan|326/326
|move|p2a: Jirachi|Iron Head|p1a: Sadi-Chan
|-damage|p1a: Sadi-Chan|223/326
|
|-weather|RainDance|[upkeep]
|-heal|p1a: Sadi-Chan|243/326|[from] item: Leftovers
|turn|42
|c|★Rayouu|gg ^^
|
|switch|p2a: Politoed|Politoed, F|299/384
|-damage|p2a: Politoed|251/384|[from] Stealth Rock
|move|p1a: Sadi-Chan|Calm Mind|p1a: Sadi-Chan
|-boost|p1a: Sadi-Chan|spa|1
|-boost|p1a: Sadi-Chan|spd|1
|
|-weather|RainDance|[upkeep]
|-heal|p1a: Sadi-Chan|263/326|[from] item: Leftovers
|-heal|p2a: Politoed|275/384|[from] item: Leftovers
|turn|43
|
|move|p1a: Sadi-Chan|Dragon Pulse|p2a: Politoed
|-crit|p2a: Politoed
|-damage|p2a: Politoed|0 fnt
|faint|p2a: Politoed
|
|-weather|RainDance|[upkeep]
|-heal|p1a: Sadi-Chan|283/326|[from] item: Leftovers
|
|switch|p2a: Ferrothorn|Ferrothorn, M|350/352
|-damage|p2a: Ferrothorn|328/352|[from] Stealth Rock
|turn|44
|
|move|p1a: Sadi-Chan|Dragon Pulse|p2a: Ferrothorn
|-resisted|p2a: Ferrothorn
|-damage|p2a: Ferrothorn|106/352
|move|p2a: Ferrothorn|Leech Seed|p1a: Sadi-Chan
|-start|p1a: Sadi-Chan|move: Leech Seed
|
|-weather|RainDance|[upkeep]
|-heal|p1a: Sadi-Chan|303/326|[from] item: Leftovers
|-damage|p1a: Sadi-Chan|263/326|[from] Leech Seed|[of] p2a: Ferrothorn
|-heal|p2a: Ferrothorn|146/352|[silent]
|turn|45
|
|move|p2a: Ferrothorn|Protect|p2a: Ferrothorn
|-singleturn|p2a: Ferrothorn|Protect
|move|p1a: Sadi-Chan|Recover|p1a: Sadi-Chan
|-heal|p1a: Sadi-Chan|326/326
|
|-weather|RainDance|[upkeep]
|-damage|p1a: Sadi-Chan|286/326|[from] Leech Seed|[of] p2a: Ferrothorn
|-heal|p2a: Ferrothorn|186/352|[silent]
|turn|46
|
|switch|p2a: Jirachi|Jirachi|404/404
|-damage|p2a: Jirachi|379/404|[from] Stealth Rock
|move|p1a: Sadi-Chan|Dragon Pulse|p2a: Jirachi
|-resisted|p2a: Jirachi
|-damage|p2a: Jirachi|145/404
|
|-weather|RainDance|[upkeep]
|-heal|p1a: Sadi-Chan|306/326|[from] item: Leftovers
|-heal|p2a: Jirachi|170/404|[from] item: Leftovers
|-damage|p1a: Sadi-Chan|266/326|[from] Leech Seed|[of] p2a: Jirachi
|-heal|p2a: Jirachi|210/404|[silent]
|turn|47
|
|move|p1a: Sadi-Chan|Dragon Pulse|p2a: Jirachi
|-resisted|p2a: Jirachi
|-damage|p2a: Jirachi|0 fnt
|faint|p2a: Jirachi
|
|-weather|RainDance|[upkeep]
|-heal|p1a: Sadi-Chan|286/326|[from] item: Leftovers
|
|switch|p2a: Ferrothorn|Ferrothorn, M|186/352
|-damage|p2a: Ferrothorn|164/352|[from] Stealth Rock
|turn|48
|
|move|p2a: Ferrothorn|Protect|p2a: Ferrothorn
|-singleturn|p2a: Ferrothorn|Protect
|move|p1a: Sadi-Chan|Dragon Pulse|p2a: Ferrothorn
|-activate|p2a: Ferrothorn|Protect
|
|-weather|RainDance|[upkeep]
|-heal|p1a: Sadi-Chan|306/326|[from] item: Leftovers
|-damage|p1a: Sadi-Chan|266/326|[from] Leech Seed|[of] p2a: Ferrothorn
|-heal|p2a: Ferrothorn|204/352|[silent]
|turn|49
|
|move|p1a: Sadi-Chan|Dragon Pulse|p2a: Ferrothorn
|-resisted|p2a: Ferrothorn
|-damage|p2a: Ferrothorn|0 fnt
|faint|p2a: Ferrothorn
|
|win|Rayouu
|raw|Ladder updating...
|raw|Rayouu's rating: 1271 &rarr; <strong>1302</strong><br />(+31 for winning)
|raw|Darkshowl's rating: 1358 &rarr; <strong>1333</strong><br />(-25 for losing)
|c|★Darkshowl|gg
|c|★Rayouu|gg :)
|c|★Darkshowl|Hope you don't play only hard stall
|c|★Darkshowl|'cause it's really borin
|c|★Darkshowl|boring*
|c|★Rayouu|.... ^^'
|c|★Rayouu|best attack is defense :p
|c|★Darkshowl|Nope, it's inverse ^^
|c|★Darkshowl|best defence is attack ^^
|c|★Rayouu|that's what people say
|c|★Rayouu|^^
|c|★Rayouu|so gg again ^^