|j|☆A Welcome Guest
|j|☆SK8HEAD
|t:|1707098234
|gametype|singles
|player|p1|A Welcome Guest|byron|1330
|player|p2|SK8HEAD|1|1370
|teamsize|p1|6
|teamsize|p2|6
|gen|5
|tier|[Gen 5] OU
|rated|
|rule|Species Clause: Limit one of each Pokémon
|rule|OHKO Clause: OHKO moves are banned
|rule|Moody Clause: Moody is banned
|rule|Evasion Items Clause: Evasion items are banned
|rule|Evasion Moves Clause: Evasion moves are banned
|rule|Endless Battle Clause: Forcing endless battles is banned
|rule|HP Percentage Mod: HP is shown in percentages
|rule|Evasion Abilities Clause: Evasion abilities are banned
|rule|Sleep Moves Clause: Sleep-inducing moves are banned
|rule|Swagger Clause: Swagger is banned
|rule|Baton Pass Stat Clause: No Baton Passer may have a way to boost its stats
|clearpoke
|poke|p1|Politoed, F|item
|poke|p1|Floatzel, M|item
|poke|p1|Thundurus-Therian, M|item
|poke|p1|Landorus-Therian, M|item
|poke|p1|Keldeo|item
|poke|p1|Ferrothorn, M|item
|poke|p2|Politoed, F|item
|poke|p2|Ferrothorn, M|item
|poke|p2|Starmie|item
|poke|p2|Latios, M|item
|poke|p2|Keldeo|item
|poke|p2|Garchomp, F|item
|teampreview
|c|☆SK8HEAD|gl dawg
|c|☆A Welcome Guest|hf
|
|t:|1707098262
|start
|switch|p1a: Ferrothorn|Ferrothorn, M|100/100
|switch|p2a: Politoed|Politoed, F|100/100
|-weather|RainDance|[from] ability: Drizzle|[of] p2a: Politoed
|turn|1
|inactive|Battle timer is ON: inactive players will automatically lose when time's up. (requested by SK8HEAD)
|
|t:|1707098267
|switch|p2a: Garchomp|Garchomp, F|100/100
|move|p1a: Ferrothorn|Spikes|p2a: Garchomp
|-sidestart|p2: SK8HEAD|Spikes
|
|-weather|RainDance|[upkeep]
|upkeep
|turn|2
|
|t:|1707098272
|move|p2a: Garchomp|Earthquake|p1a: Ferrothorn
|-damage|p1a: Ferrothorn|44/100
|move|p1a: Ferrothorn|Gyro Ball|p2a: Garchomp
|-damage|p2a: Garchomp|28/100
|-damage|p1a: Ferrothorn|32/100|[from] ability: Rough Skin|[of] p2a: Garchomp
|
|-weather|RainDance|[upkeep]
|upkeep
|turn|3
|
|t:|1707098277
|switch|p1a: Landorus|Landorus-Therian, M|100/100
|-ability|p1a: Landorus|Intimidate|boost
|-unboost|p2a: Garchomp|atk|1
|move|p2a: Garchomp|Earthquake|p1a: Landorus
|-immune|p1a: Landorus
|
|-weather|RainDance|[upkeep]
|upkeep
|turn|4
|
|t:|1707098280
|move|p2a: Garchomp|Earthquake|p1a: Landorus
|-immune|p1a: Landorus
|move|p1a: Landorus|U-turn|p2a: Garchomp
|-damage|p2a: Garchomp|7/100
|-damage|p1a: Landorus|88/100|[from] ability: Rough Skin|[of] p2a: Garchomp
|
|t:|1707098290
|switch|p1a: Thundurus|Thundurus-Therian, M|100/100|[from] U-turn
|
|-weather|RainDance|[upkeep]
|upkeep
|turn|5
|
|t:|1707098296
|switch|p2a: Keldeo|Keldeo|100/100
|-damage|p2a: Keldeo|88/100|[from] Spikes
|move|p1a: Thundurus|Thunder|p2a: Keldeo
|-supereffective|p2a: Keldeo
|-damage|p2a: Keldeo|0 fnt
|faint|p2a: Keldeo
|
|-weather|RainDance|[upkeep]
|upkeep
|
|t:|1707098300
|switch|p2a: Latios|Latios, M|100/100
|turn|6
|
|t:|1707098304
|switch|p1a: Ferrothorn|Ferrothorn, M|32/100
|move|p2a: Latios|Trick|p1a: Ferrothorn
|-activate|p2a: Latios|move: Trick|[of] p1a: Ferrothorn
|-item|p1a: Ferrothorn|Choice Specs|[from] move: Trick
|-item|p2a: Latios|Custap Berry|[from] move: Trick
|
|-weather|RainDance|[upkeep]
|upkeep
|turn|7
|
|t:|1707098309
|switch|p2a: Starmie|Starmie|100/100
|-item|p2a: Starmie|Air Balloon
|move|p1a: Ferrothorn|Explosion|p2a: Starmie
|-damage|p2a: Starmie|0 fnt
|-enditem|p2a: Starmie|Air Balloon
|faint|p1a: Ferrothorn
|faint|p2a: Starmie
|
|-weather|RainDance|[upkeep]
|upkeep
|
|t:|1707098322
|switch|p2a: Latios|Latios, M|100/100
|switch|p1a: Floatzel|Floatzel, M|100/100
|turn|8
|
|t:|1707098330
|switch|p2a: Ferrothorn|Ferrothorn, M|100/100
|-damage|p2a: Ferrothorn|88/100|[from] Spikes
|move|p1a: Floatzel|Switcheroo|p2a: Ferrothorn
|-activate|p1a: Floatzel|move: Trick|[of] p2a: Ferrothorn
|-item|p2a: Ferrothorn|Flame Orb|[from] move: Switcheroo
|-item|p1a: Floatzel|Leftovers|[from] move: Switcheroo
|
|-weather|RainDance|[upkeep]
|-status|p2a: Ferrothorn|brn|[from] item: Flame Orb
|upkeep
|turn|9
|
|t:|1707098339
|switch|p1a: Landorus|Landorus-Therian, M|88/100
|-ability|p1a: Landorus|Intimidate|boost
|-unboost|p2a: Ferrothorn|atk|1
|move|p2a: Ferrothorn|Gyro Ball|p1a: Landorus
|-damage|p1a: Landorus|73/100
|
|-weather|RainDance|[upkeep]
|-heal|p1a: Landorus|79/100|[from] item: Leftovers
|-damage|p2a: Ferrothorn|76/100 brn|[from] brn
|upkeep
|turn|10
|
|t:|1707098343
|move|p1a: Landorus|Stealth Rock|p2a: Ferrothorn
|-sidestart|p2: SK8HEAD|move: Stealth Rock
|move|p2a: Ferrothorn|Stealth Rock|p1a: Landorus
|-sidestart|p1: A Welcome Guest|move: Stealth Rock
|
|-weather|RainDance|[upkeep]
|-heal|p1a: Landorus|85/100|[from] item: Leftovers
|-damage|p2a: Ferrothorn|63/100 brn|[from] brn
|upkeep
|turn|11
|
|t:|1707098346
|move|p1a: Landorus|Earthquake|p2a: Ferrothorn
|-damage|p2a: Ferrothorn|25/100 brn
|move|p2a: Ferrothorn|Spikes|p1a: Landorus
|-sidestart|p1: A Welcome Guest|Spikes
|
|-weather|RainDance|[upkeep]
|-heal|p1a: Landorus|91/100|[from] item: Leftovers
|-damage|p2a: Ferrothorn|13/100 brn|[from] brn
|upkeep
|turn|12
|
|t:|1707098349
|move|p1a: Landorus|Earthquake|p2a: Ferrothorn
|-damage|p2a: Ferrothorn|0 fnt
|faint|p2a: Ferrothorn
|
|-weather|RainDance|[upkeep]
|-heal|p1a: Landorus|97/100|[from] item: Leftovers
|upkeep
|
|t:|1707098354
|switch|p2a: Latios|Latios, M|100/100
|-damage|p2a: Latios|88/100|[from] Stealth Rock
|turn|13
|
|t:|1707098361
|move|p2a: Latios|Surf|p1a: Landorus
|-supereffective|p1a: Landorus
|-damage|p1a: Landorus|0 fnt
|faint|p1a: Landorus
|
|-weather|RainDance|[upkeep]
|upkeep
|
|t:|1707098375
|switch|p1a: Keldeo|Keldeo|100/100
|-damage|p1a: Keldeo|94/100|[from] Stealth Rock
|-damage|p1a: Keldeo|82/100|[from] Spikes
|turn|14
|
|t:|1707098380
|switch|p2a: Garchomp|Garchomp, F|7/100
|-damage|p2a: Garchomp|0 fnt|[from] Spikes
|faint|p2a: Garchomp
|move|p1a: Keldeo|Hidden Power|p2: Garchomp|[notarget]
|-fail|p1a: Keldeo
|
|-weather|RainDance|[upkeep]
|upkeep
|
|t:|1707098383
|switch|p2a: Politoed|Politoed, F|100/100
|-damage|p2a: Politoed|88/100|[from] Spikes
|-damage|p2a: Politoed|75/100|[from] Stealth Rock
|turn|15
|
|t:|1707098386
|switch|p1a: Politoed|Politoed, F|100/100
|-damage|p1a: Politoed|88/100|[from] Stealth Rock
|-damage|p1a: Politoed|76/100|[from] Spikes
|move|p2a: Politoed|Toxic|p1a: Politoed
|-status|p1a: Politoed|tox
|
|-weather|RainDance|[upkeep]
|-heal|p2a: Politoed|82/100|[from] item: Leftovers
|-heal|p1a: Politoed|82/100 tox|[from] item: Leftovers
|-damage|p1a: Politoed|76/100 tox|[from] psn
|upkeep
|turn|16
|
|t:|1707098390
|move|p2a: Politoed|Protect|p2a: Politoed
|-singleturn|p2a: Politoed|Protect
|move|p1a: Politoed|Scald|p2a: Politoed
|-activate|p2a: Politoed|move: Protect
|
|-weather|RainDance|[upkeep]
|-heal|p2a: Politoed|88/100|[from] item: Leftovers
|-heal|p1a: Politoed|82/100 tox|[from] item: Leftovers
|-damage|p1a: Politoed|70/100 tox|[from] psn
|upkeep
|turn|17
|
|t:|1707098400
|move|p1a: Politoed|Scald|p2a: Politoed
|-resisted|p2a: Politoed
|-damage|p2a: Politoed|72/100
|move|p2a: Politoed|Ice Beam|p1a: Politoed
|-resisted|p1a: Politoed
|-damage|p1a: Politoed|63/100 tox
|
|-weather|RainDance|[upkeep]
|-heal|p1a: Politoed|69/100 tox|[from] item: Leftovers
|-heal|p2a: Politoed|78/100|[from] item: Leftovers
|-damage|p1a: Politoed|51/100 tox|[from] psn
|upkeep
|turn|18
|
|t:|1707098405
|move|p2a: Politoed|Scald|p1a: Politoed
|-resisted|p1a: Politoed
|-damage|p1a: Politoed|38/100 tox
|move|p1a: Politoed|Scald|p2a: Politoed
|-resisted|p2a: Politoed
|-damage|p2a: Politoed|60/100
|-status|p2a: Politoed|brn
|
|-weather|RainDance|[upkeep]
|-heal|p1a: Politoed|44/100 tox|[from] item: Leftovers
|-heal|p2a: Politoed|66/100 brn|[from] item: Leftovers
|-damage|p1a: Politoed|20/100 tox|[from] psn
|-damage|p2a: Politoed|54/100 brn|[from] brn
|upkeep
|turn|19
|
|t:|1707098411
|move|p2a: Politoed|Protect|p2a: Politoed
|-singleturn|p2a: Politoed|Protect
|move|p1a: Politoed|Scald|p2a: Politoed
|-activate|p2a: Politoed|move: Protect
|
|-weather|RainDance|[upkeep]
|-heal|p1a: Politoed|26/100 tox|[from] item: Leftovers
|-heal|p2a: Politoed|60/100 brn|[from] item: Leftovers
|-damage|p1a: Politoed|0 fnt|[from] psn
|faint|p1a: Politoed
|-damage|p2a: Politoed|48/100 brn|[from] brn
|upkeep
|
|t:|1707098421
|switch|p1a: Thundurus|Thundurus-Therian, M|100/100
|-damage|p1a: Thundurus|76/100|[from] Stealth Rock
|turn|20
|
|t:|1707098425
|switch|p2a: Latios|Latios, M|88/100
|-damage|p2a: Latios|76/100|[from] Stealth Rock
|move|p1a: Thundurus|Thunder|p2a: Latios
|-resisted|p2a: Latios
|-damage|p2a: Latios|43/100
|
|-weather|RainDance|[upkeep]
|-heal|p1a: Thundurus|82/100|[from] item: Leftovers
|upkeep
|turn|21
|j| DSdududu
|inactive|SK8HEAD has 120 seconds left.
|c|☆SK8HEAD|man if i didnt blunder the opening sequence i wouldnt have to play tryhard
|
|t:|1707098467
|move|p2a: Latios|Draco Meteor|p1a: Thundurus
|-crit|p1a: Thundurus
|-damage|p1a: Thundurus|0 fnt
|-unboost|p2a: Latios|spa|2
|faint|p1a: Thundurus
|
|-weather|RainDance|[upkeep]
|upkeep
|
|t:|1707098481
|switch|p1a: Floatzel|Floatzel, M|100/100
|-damage|p1a: Floatzel|88/100|[from] Stealth Rock
|-damage|p1a: Floatzel|76/100|[from] Spikes
|turn|22
|inactive|SK8HEAD has 120 seconds left.
|
|t:|1707098487
|switch|p2a: Politoed|Politoed, F|48/100 brn
|-damage|p2a: Politoed|35/100 brn|[from] Spikes
|-damage|p2a: Politoed|23/100 brn|[from] Stealth Rock
|move|p1a: Floatzel|Ice Punch|p2a: Politoed
|-resisted|p2a: Politoed
|-damage|p2a: Politoed|14/100 brn
|
|-weather|RainDance|[upkeep]
|-heal|p1a: Floatzel|82/100|[from] item: Leftovers
|-heal|p2a: Politoed|21/100 brn|[from] item: Leftovers
|-damage|p2a: Politoed|8/100 brn|[from] brn
|upkeep
|turn|23
|
|t:|1707098492
|move|p1a: Floatzel|Waterfall|p2a: Politoed
|-resisted|p2a: Politoed
|-damage|p2a: Politoed|0 fnt
|faint|p2a: Politoed
|
|-weather|RainDance|[upkeep]
|-heal|p1a: Floatzel|88/100|[from] item: Leftovers
|upkeep
|inactive|SK8HEAD has 120 seconds left.
|
|t:|1707098513
|switch|p2a: Latios|Latios, M|43/100
|-damage|p2a: Latios|31/100|[from] Stealth Rock
|turn|24
|c|☆A Welcome Guest|gg
|c|☆SK8HEAD|gg
|
|t:|1707098525
|move|p1a: Floatzel|Ice Punch|p2a: Latios
|-supereffective|p2a: Latios
|-crit|p2a: Latios
|-damage|p2a: Latios|0 fnt
|faint|p2a: Latios
|
|win|A Welcome Guest
|raw|A Welcome Guest's rating: 1330 &rarr; <strong>1352</strong><br />(+22 for winning)
|raw|SK8HEAD's rating: 1370 &rarr; <strong>1348</strong><br />(-22 for losing)
