|j|☆el janitor
|j|☆ryusen696969
|t:|1743538152
|gametype|singles
|player|p1|el janitor|101|1376
|player|p2|ryusen696969|101|1349
|teamsize|p1|6
|teamsize|p2|6
|gen|5
|tier|[Gen 5] OU
|rated|
|rule|Species Clause: Limit one of each Pokémon
|rule|OHKO Clause: OHKO moves are banned
|rule|Moody Clause: Moody is banned
|rule|Evasion Items Clause: Evasion items are banned
|rule|Evasion Moves Clause: Evasion moves are banned
|rule|Endless Battle Clause: Forcing endless battles is banned
|rule|HP Percentage Mod: HP is shown in percentages
|rule|Evasion Abilities Clause: Evasion abilities are banned
|rule|Sleep Moves Clause: Sleep-inducing moves are banned
|rule|Swagger Clause: Swagger is banned
|rule|Baton Pass Stat Clause: No Baton Passer may have a way to boost its stats
|clearpoke
|poke|p1|Azelf|item
|poke|p1|Celebi|item
|poke|p1|Heatran, M|item
|poke|p1|Excadrill, M|item
|poke|p1|Zapdos|item
|poke|p1|Breloom, F|item
|poke|p2|Garchomp, M|item
|poke|p2|Blissey, F|item
|poke|p2|Suicune|item
|poke|p2|Scizor, M|item
|poke|p2|Zoroark, M|item
|poke|p2|Alakazam, M|item
|teampreview
|inactive|Battle timer is ON: inactive players will automatically lose when time's up. (requested by ryusen696969)
|inactive|el janitor has 120 seconds left.
|
|t:|1743538186
|start
|switch|p1a: Breloom|Breloom, F|100/100
|switch|p2a: Garchomp|Garchomp, M|100/100
|turn|1
|
|t:|1743538192
|move|p1a: Breloom|Mach Punch|p2a: Garchomp
|-supereffective|p2a: Garchomp
|-crit|p2a: Garchomp
|-damage|p2a: Garchomp|0 fnt
|replace|p2a: Zoroark|Zoroark, M
|-end|p2a: Zoroark|Illusion
|faint|p2a: Zoroark
|
|upkeep
|
|t:|1743538195
|switch|p2a: Scizor|Scizor, M|100/100
|turn|2
|
|t:|1743538198
|switch|p1a: Zapdos|Zapdos|100/100
|-ability|p1a: Zapdos|Pressure
|move|p2a: Scizor|Aerial Ace|p1a: Zapdos
|-resisted|p1a: Zapdos
|-damage|p1a: Zapdos|84/100
|
|-heal|p1a: Zapdos|90/100|[from] item: Leftovers
|upkeep
|turn|3
|
|t:|1743538204
|switch|p1a: Breloom|Breloom, F|100/100
|switch|p2a: Garchomp|Garchomp, M|100/100
|
|upkeep
|turn|4
|
|t:|1743538212
|switch|p2a: Suicune|Suicune, shiny|100/100
|-ability|p2a: Suicune|Pressure
|switch|p1a: Azelf|Azelf|100/100
|
|upkeep
|turn|5
|
|t:|1743538227
|switch|p2a: Scizor|Scizor, M|100/100
|move|p1a: Azelf|U-turn|p2a: Scizor
|-resisted|p2a: Scizor
|-crit|p2a: Scizor
|-damage|p2a: Scizor|71/100
|
|t:|1743538230
|switch|p1a: Zapdos|Zapdos|90/100|[from] U-turn
|-ability|p1a: Zapdos|Pressure
|
|-heal|p1a: Zapdos|96/100|[from] item: Leftovers
|upkeep
|turn|6
|
|t:|1743538237
|switch|p2a: Garchomp|Garchomp, M|100/100
|move|p1a: Zapdos|Heat Wave|p2a: Garchomp
|-resisted|p2a: Garchomp
|-damage|p2a: Garchomp|83/100
|
|-heal|p1a: Zapdos|100/100|[from] item: Leftovers
|upkeep
|turn|7
|
|t:|1743538242
|move|p2a: Garchomp|Stone Edge|p1a: Zapdos
|-supereffective|p1a: Zapdos
|-damage|p1a: Zapdos|25/100
|move|p1a: Zapdos|Hidden Power|p2a: Garchomp
|-supereffective|p2a: Garchomp
|-damage|p2a: Garchomp|0 fnt
|faint|p2a: Garchomp
|
|-heal|p1a: Zapdos|32/100|[from] item: Leftovers
|upkeep
|
|t:|1743538250
|switch|p2a: Alakazam|Alakazam, M|100/100
|turn|8
|
|t:|1743538255
|switch|p1a: Heatran|Heatran, M|100/100
|move|p2a: Alakazam|Psychic|p1a: Heatran
|-resisted|p1a: Heatran
|-damage|p1a: Heatran|82/100
|
|-heal|p1a: Heatran|89/100|[from] item: Leftovers
|upkeep
|turn|9
|
|t:|1743538260
|switch|p1a: Celebi|Celebi|100/100
|move|p2a: Alakazam|Focus Blast|p1a: Celebi
|-resisted|p1a: Celebi
|-damage|p1a: Celebi|84/100
|
|-heal|p1a: Celebi|90/100|[from] item: Leftovers
|upkeep
|turn|10
|
|t:|1743538265
|switch|p2a: Blissey|Blissey, F|100/100
|move|p1a: Celebi|U-turn|p2a: Blissey
|-damage|p2a: Blissey|72/100
|
|t:|1743538267
|switch|p1a: Breloom|Breloom, F|100/100|[from] U-turn
|
|upkeep
|turn|11
|
|t:|1743538272
|switch|p2a: Suicune|Suicune, shiny|100/100
|-ability|p2a: Suicune|Pressure
|move|p1a: Breloom|Superpower|p2a: Suicune
|-damage|p2a: Suicune|38/100
|-unboost|p1a: Breloom|atk|1
|-unboost|p1a: Breloom|def|1
|
|-heal|p2a: Suicune|44/100|[from] item: Leftovers
|upkeep
|turn|12
|
|t:|1743538275
|switch|p1a: Celebi|Celebi|90/100
|move|p2a: Suicune|Air Slash|p1a: Celebi
|-supereffective|p1a: Celebi
|-crit|p1a: Celebi
|-damage|p1a: Celebi|47/100
|
|-heal|p1a: Celebi|53/100|[from] item: Leftovers
|-heal|p2a: Suicune|50/100|[from] item: Leftovers
|upkeep
|turn|13
|
|t:|1743538282
|move|p1a: Celebi|U-turn|p2a: Suicune
|-damage|p2a: Suicune|41/100
|
|t:|1743538284
|switch|p1a: Heatran|Heatran, M|89/100|[from] U-turn
|move|p2a: Suicune|Ice Beam|p1a: Heatran
|-resisted|p1a: Heatran
|-damage|p1a: Heatran|85/100
|
|-heal|p1a: Heatran|91/100|[from] item: Leftovers
|-heal|p2a: Suicune|47/100|[from] item: Leftovers
|upkeep
|turn|14
|
|t:|1743538291
|move|p1a: Heatran|Toxic|p2a: Suicune
|-status|p2a: Suicune|tox
|move|p2a: Suicune|Surf|p1a: Heatran
|-supereffective|p1a: Heatran
|-damage|p1a: Heatran|52/100
|
|-heal|p1a: Heatran|59/100|[from] item: Leftovers
|-heal|p2a: Suicune|53/100 tox|[from] item: Leftovers
|-damage|p2a: Suicune|47/100 tox|[from] psn
|upkeep
|turn|15
|
|t:|1743538294
|move|p1a: Heatran|Magma Storm|p2a: Suicune
|-resisted|p2a: Suicune
|-damage|p2a: Suicune|27/100 tox
|-activate|p2a: Suicune|move: Magma Storm|[of] p1a: Heatran
|move|p2a: Suicune|Surf|p1a: Heatran
|-supereffective|p1a: Heatran
|-damage|p1a: Heatran|16/100
|
|-heal|p1a: Heatran|22/100|[from] item: Leftovers
|-heal|p2a: Suicune|33/100 tox|[from] item: Leftovers
|-damage|p2a: Suicune|21/100 tox|[from] psn
|-damage|p2a: Suicune|14/100 tox|[from] move: Magma Storm|[partiallytrapped]
|upkeep
|turn|16
|
|t:|1743538298
|move|p1a: Heatran|Protect|p1a: Heatran
|-singleturn|p1a: Heatran|Protect
|move|p2a: Suicune|Surf|p1a: Heatran
|-activate|p1a: Heatran|move: Protect
|
|-heal|p1a: Heatran|29/100|[from] item: Leftovers
|-heal|p2a: Suicune|21/100 tox|[from] item: Leftovers
|-damage|p2a: Suicune|2/100 tox|[from] psn
|-damage|p2a: Suicune|0 fnt|[from] move: Magma Storm|[partiallytrapped]
|faint|p2a: Suicune
|upkeep
|
|t:|1743538300
|switch|p2a: Alakazam|Alakazam, M|100/100
|turn|17
|
|t:|1743538304
|move|p1a: Heatran|Protect|p1a: Heatran
|-singleturn|p1a: Heatran|Protect
|move|p2a: Alakazam|Focus Blast|p1a: Heatran
|-activate|p1a: Heatran|move: Protect
|
|-heal|p1a: Heatran|35/100|[from] item: Leftovers
|upkeep
|turn|18
|
|t:|1743538307
|move|p2a: Alakazam|Shadow Ball|p1a: Heatran
|-resisted|p1a: Heatran
|-crit|p1a: Heatran
|-damage|p1a: Heatran|12/100
|move|p1a: Heatran|Earth Power|p2a: Alakazam
|-damage|p2a: Alakazam|60/100
|
|-heal|p1a: Heatran|18/100|[from] item: Leftovers
|upkeep
|turn|19
|
|t:|1743538310
|move|p2a: Alakazam|Focus Blast|p1a: Heatran|[miss]
|-miss|p2a: Alakazam|p1a: Heatran
|move|p1a: Heatran|Earth Power|p2a: Alakazam
|-damage|p2a: Alakazam|18/100
|-unboost|p2a: Alakazam|spd|1
|
|-heal|p1a: Heatran|24/100|[from] item: Leftovers
|upkeep
|turn|20
|
|t:|1743538313
|move|p2a: Alakazam|Focus Blast|p1a: Heatran
|-supereffective|p1a: Heatran
|-damage|p1a: Heatran|0 fnt
|faint|p1a: Heatran
|
|upkeep
|
|t:|1743538321
|switch|p1a: Excadrill|Excadrill, M|100/100
|-ability|p1a: Excadrill|Mold Breaker
|turn|21
|
|t:|1743538324
|move|p1a: Excadrill|Earthquake|p2a: Alakazam
|-damage|p2a: Alakazam|0 fnt
|faint|p2a: Alakazam
|
|upkeep
|-message|ryusen696969 forfeited.
|
|win|el janitor
|raw|el janitor's rating: 1376 &rarr; <strong>1394</strong><br />(+18 for winning)
|raw|ryusen696969's rating: 1349 &rarr; <strong>1331</strong><br />(-18 for losing)
|l|☆ryusen696969
|player|p2|
