|j|☆Hongtao7
|j|☆baixiaohen
|t:|1741757142
|gametype|singles
|player|p1|Hongtao7|red|1428
|player|p2|baixiaohen|steven|1296
|teamsize|p1|6
|teamsize|p2|6
|gen|5
|tier|[Gen 5] OU
|rated|
|rule|Species Clause: Limit one of each Pokémon
|rule|OHKO Clause: OHKO moves are banned
|rule|Moody Clause: Moody is banned
|rule|Evasion Items Clause: Evasion items are banned
|rule|Evasion Moves Clause: Evasion moves are banned
|rule|Endless Battle Clause: Forcing endless battles is banned
|rule|HP Percentage Mod: HP is shown in percentages
|rule|Evasion Abilities Clause: Evasion abilities are banned
|rule|Sleep Moves Clause: Sleep-inducing moves are banned
|rule|Swagger Clause: Swagger is banned
|rule|Baton Pass Stat Clause: No Baton Passer may have a way to boost its stats
|clearpoke
|poke|p1|Garchomp, M|item
|poke|p1|Dragonite, M|item
|poke|p1|Scizor, M|item
|poke|p1|Starmie|item
|poke|p1|Landorus-Therian, M|item
|poke|p1|Rotom-Wash|item
|poke|p2|Keldeo-Resolute|item
|poke|p2|Latios, M|item
|poke|p2|Jirachi|item
|poke|p2|Rotom-Wash|item
|poke|p2|Mamoswine, F|item
|poke|p2|Starmie|item
|teampreview
|inactive|Battle timer is ON: inactive players will automatically lose when time's up. (requested by Hongtao7)
|
|t:|1741757161
|start
|switch|p1a: Garchomp|Garchomp, M, shiny|100/100
|switch|p2a: Rotom|Rotom-Wash|100/100
|turn|1
|
|t:|1741757167
|switch|p1a: Rotom|Rotom-Wash|100/100
|move|p2a: Rotom|Will-O-Wisp|p1a: Rotom
|-status|p1a: Rotom|brn
|
|-damage|p1a: Rotom|88/100 brn|[from] brn
|upkeep
|turn|2
|
|t:|1741757179
|move|p1a: Rotom|Volt Switch|p2a: Rotom
|-damage|p2a: Rotom|73/100
|
|t:|1741757199
|switch|p1a: Landorus|Landorus-Therian, M|100/100|[from] Volt Switch
|-ability|p1a: Landorus|Intimidate|boost
|-unboost|p2a: Rotom|atk|1
|move|p2a: Rotom|Volt Switch|p1a: Landorus
|-immune|p1a: Landorus
|
|-heal|p2a: Rotom|79/100|[from] item: Leftovers
|upkeep
|turn|3
|inactive|Hongtao7 has 120 seconds left.
|
|t:|1741757224
|move|p1a: Landorus|Knock Off|p2a: Rotom
|-damage|p2a: Rotom|73/100
|-enditem|p2a: Rotom|Leftovers|[from] move: Knock Off|[of] p1a: Landorus
|move|p2a: Rotom|Will-O-Wisp|p1a: Landorus
|-status|p1a: Landorus|brn
|
|-damage|p1a: Landorus|88/100 brn|[from] brn
|upkeep
|turn|4
|inactive|Hongtao7 has 120 seconds left.
|
|t:|1741757240
|move|p1a: Landorus|U-turn|p2a: Rotom
|-damage|p2a: Rotom|64/100
|
|t:|1741757243
|switch|p1a: Rotom|Rotom-Wash|88/100 brn|[from] U-turn
|move|p2a: Rotom|Hydro Pump|p1a: Rotom
|-resisted|p1a: Rotom
|-damage|p1a: Rotom|71/100 brn
|
|-heal|p1a: Rotom|77/100 brn|[from] item: Leftovers
|-damage|p1a: Rotom|65/100 brn|[from] brn
|upkeep
|turn|5
|
|t:|1741757255
|move|p1a: Rotom|Will-O-Wisp|p2a: Rotom
|-status|p2a: Rotom|brn
|move|p2a: Rotom|Volt Switch|p1a: Rotom
|-damage|p1a: Rotom|45/100 brn
|
|t:|1741757265
|switch|p2a: Latios|Latios, M|100/100|[from] Volt Switch
|
|-heal|p1a: Rotom|51/100 brn|[from] item: Leftovers
|-damage|p1a: Rotom|39/100 brn|[from] brn
|upkeep
|turn|6
|
|t:|1741757268
|move|p2a: Latios|Draco Meteor|p1a: Rotom
|-damage|p1a: Rotom|0 fnt
|-unboost|p2a: Latios|spa|2
|faint|p1a: Rotom
|
|upkeep
|
|t:|1741757272
|switch|p1a: Scizor|Scizor, M|100/100
|turn|7
|
|t:|1741757275
|move|p2a: Latios|Draco Meteor|p1a: Scizor
|-resisted|p1a: Scizor
|-damage|p1a: Scizor|79/100
|-unboost|p2a: Latios|spa|2
|move|p1a: Scizor|Pursuit|p2a: Latios
|-supereffective|p2a: Latios
|-damage|p2a: Latios|8/100
|
|upkeep
|turn|8
|
|t:|1741757281
|move|p2a: Latios|Draco Meteor|p1a: Scizor
|-resisted|p1a: Scizor
|-damage|p1a: Scizor|66/100
|-unboost|p2a: Latios|spa|2
|move|p1a: Scizor|Pursuit|p2a: Latios
|-supereffective|p2a: Latios
|-damage|p2a: Latios|0 fnt
|faint|p2a: Latios
|
|upkeep
|
|t:|1741757289
|switch|p2a: Mamoswine|Mamoswine, F|100/100
|turn|9
|
|t:|1741757300
|switch|p1a: Starmie|Starmie|100/100
|move|p2a: Mamoswine|Earthquake|p1a: Starmie
|-damage|p1a: Starmie|5/100
|-damage|p2a: Mamoswine|91/100|[from] item: Life Orb
|
|-heal|p1a: Starmie|12/100|[from] item: Leftovers
|upkeep
|turn|10
|
|t:|1741757312
|switch|p1a: Landorus|Landorus-Therian, M|88/100 brn
|-ability|p1a: Landorus|Intimidate|boost
|-unboost|p2a: Mamoswine|atk|1
|move|p2a: Mamoswine|Ice Shard|p1a: Landorus
|-supereffective|p1a: Landorus
|-damage|p1a: Landorus|30/100 brn
|-damage|p2a: Mamoswine|81/100|[from] item: Life Orb
|
|-damage|p1a: Landorus|17/100 brn|[from] brn
|upkeep
|turn|11
|
|t:|1741757315
|move|p2a: Mamoswine|Ice Shard|p1a: Landorus
|-supereffective|p1a: Landorus
|-damage|p1a: Landorus|0 fnt
|faint|p1a: Landorus
|-damage|p2a: Mamoswine|71/100|[from] item: Life Orb
|
|upkeep
|
|t:|1741757319
|switch|p1a: Scizor|Scizor, M|66/100
|turn|12
|
|t:|1741757330
|switch|p2a: Jirachi|Jirachi|100/100
|move|p1a: Scizor|U-turn|p2a: Jirachi
|-damage|p2a: Jirachi|49/100
|
|t:|1741757333
|switch|p1a: Garchomp|Garchomp, M, shiny|100/100|[from] U-turn
|
|-heal|p2a: Jirachi|55/100|[from] item: Leftovers
|upkeep
|turn|13
|
|t:|1741757338
|move|p1a: Garchomp|Stealth Rock|p2a: Jirachi
|-sidestart|p2: baixiaohen|move: Stealth Rock
|move|p2a: Jirachi|Body Slam|p1a: Garchomp
|-damage|p1a: Garchomp|82/100
|-damage|p2a: Jirachi|43/100|[from] ability: Rough Skin|[of] p1a: Garchomp
|
|-heal|p2a: Jirachi|49/100|[from] item: Leftovers
|upkeep
|turn|14
|
|t:|1741757346
|switch|p2a: Rotom|Rotom-Wash|64/100 brn
|-damage|p2a: Rotom|51/100 brn|[from] Stealth Rock
|move|p1a: Garchomp|Earthquake|p2a: Rotom
|-immune|p2a: Rotom|[from] ability: Levitate
|
|-damage|p2a: Rotom|39/100 brn|[from] brn
|upkeep
|turn|15
|
|t:|1741757355
|move|p1a: Garchomp|Draco Meteor|p2a: Rotom|[miss]
|-miss|p1a: Garchomp|p2a: Rotom
|move|p2a: Rotom|Reflect|p2a: Rotom
|-sidestart|p2: baixiaohen|Reflect
|
|-damage|p2a: Rotom|26/100 brn|[from] brn
|upkeep
|turn|16
|
|t:|1741757365
|switch|p2a: Jirachi|Jirachi|49/100
|-damage|p2a: Jirachi|43/100|[from] Stealth Rock
|move|p1a: Garchomp|Draco Meteor|p2a: Jirachi
|-resisted|p2a: Jirachi
|-crit|p2a: Jirachi
|-damage|p2a: Jirachi|8/100
|-unboost|p1a: Garchomp|spa|2
|
|-heal|p2a: Jirachi|14/100|[from] item: Leftovers
|upkeep
|turn|17
|j| lzgboys
|
|t:|1741757378
|switch|p2a: Rotom|Rotom-Wash|26/100 brn
|-damage|p2a: Rotom|14/100 brn|[from] Stealth Rock
|move|p1a: Garchomp|Earthquake|p2a: Rotom
|-immune|p2a: Rotom|[from] ability: Levitate
|
|-damage|p2a: Rotom|1/100 brn|[from] brn
|upkeep
|turn|18
|
|t:|1741757386
|move|p1a: Garchomp|Fire Blast|p2a: Rotom
|-resisted|p2a: Rotom
|-damage|p2a: Rotom|0 fnt
|faint|p2a: Rotom
|
|upkeep
|
|t:|1741757389
|switch|p2a: Mamoswine|Mamoswine, F|71/100
|-damage|p2a: Mamoswine|58/100|[from] Stealth Rock
|turn|19
|
|t:|1741757402
|move|p2a: Mamoswine|Ice Shard|p1a: Garchomp
|-supereffective|p1a: Garchomp
|-damage|p1a: Garchomp|0 fnt
|faint|p1a: Garchomp
|-damage|p2a: Mamoswine|48/100|[from] item: Life Orb
|
|-sideend|p2: baixiaohen|Reflect
|upkeep
|
|t:|1741757409
|switch|p1a: Scizor|Scizor, M|66/100
|turn|20
|
|t:|1741757415
|move|p2a: Mamoswine|Earthquake|p1a: Scizor
|-damage|p1a: Scizor|0 fnt
|faint|p1a: Scizor
|-damage|p2a: Mamoswine|38/100|[from] item: Life Orb
|
|upkeep
|
|t:|1741757420
|switch|p1a: Dragonite|Dragonite, M|100/100
|turn|21
|
|t:|1741757429
|move|p1a: Dragonite|Extreme Speed|p2a: Mamoswine
|-damage|p2a: Mamoswine|13/100
|move|p2a: Mamoswine|Icicle Spear|p1a: Dragonite
|-supereffective|p1a: Dragonite
|-damage|p1a: Dragonite|59/100
|-supereffective|p1a: Dragonite
|-damage|p1a: Dragonite|0 fnt
|faint|p1a: Dragonite
|-hitcount|p1: Dragonite|2
|-damage|p2a: Mamoswine|3/100|[from] item: Life Orb
|
|upkeep
|
|t:|1741757433
|switch|p1a: Starmie|Starmie|12/100
|turn|22
|
|t:|1741757441
|move|p2a: Mamoswine|Ice Shard|p1a: Starmie
|-resisted|p1a: Starmie
|-damage|p1a: Starmie|0 fnt
|faint|p1a: Starmie
|-damage|p2a: Mamoswine|0 fnt|[from] item: Life Orb
|faint|p2a: Mamoswine
|
|win|baixiaohen
|raw|Hongtao7's rating: 1428 &rarr; <strong>1401</strong><br />(-27 for losing)
|raw|baixiaohen's rating: 1296 &rarr; <strong>1330</strong><br />(+34 for winning)
|l|☆Hongtao7
|player|p1|
|l|☆baixiaohen
|player|p2|
|j|☆baixiaohen
|player|p2|baixiaohen|steven|
|l|☆baixiaohen
|player|p2|
|l| lzgboys
|j|☆baixiaohen
|player|p2|baixiaohen|steven|
