|j|☆seanb143
|j|☆minutemaid13
|t:|1706683969
|gametype|singles
|player|p1|seanb143|emmet|1477
|player|p2|minutemaid13|170|1297
|teamsize|p1|6
|teamsize|p2|6
|gen|5
|tier|[Gen 5] OU
|rated|
|rule|Species Clause: Limit one of each Pokémon
|rule|OHKO Clause: OHKO moves are banned
|rule|Moody Clause: Moody is banned
|rule|Evasion Items Clause: Evasion items are banned
|rule|Evasion Moves Clause: Evasion moves are banned
|rule|Endless Battle Clause: Forcing endless battles is banned
|rule|HP Percentage Mod: HP is shown in percentages
|rule|Evasion Abilities Clause: Evasion abilities are banned
|rule|Sleep Moves Clause: Sleep-inducing moves are banned
|rule|Swagger Clause: Swagger is banned
|rule|Baton Pass Stat Clause: No Baton Passer may have a way to boost its stats
|clearpoke
|poke|p1|Ninetales, M|item
|poke|p1|Dragonite, M|item
|poke|p1|Conkeldurr, F|item
|poke|p1|Scizor, F|item
|poke|p1|Starmie|item
|poke|p1|Landorus-Therian, M|item
|poke|p2|Breloom, M|item
|poke|p2|Thundurus-Therian, M|item
|poke|p2|Landorus-Therian, M|item
|poke|p2|Scizor, F|item
|poke|p2|Latios, M|item
|poke|p2|Cloyster, F|item
|teampreview
|inactive|Battle timer is ON: inactive players will automatically lose when time's up. (requested by seanb143)
|
|t:|1706683987
|start
|switch|p1a: Landorus|Landorus-Therian, M, shiny|100/100
|switch|p2a: Landorus|Landorus-Therian, M|100/100
|-ability|p1a: Landorus|Intimidate|boost
|-unboost|p2a: Landorus|atk|1
|-ability|p2a: Landorus|Intimidate|boost
|-unboost|p1a: Landorus|atk|1
|turn|1
|
|t:|1706683996
|move|p1a: Landorus|Stealth Rock|p2a: Landorus
|-sidestart|p2: minutemaid13|move: Stealth Rock
|move|p2a: Landorus|Stealth Rock|p1a: Landorus
|-sidestart|p1: seanb143|move: Stealth Rock
|
|upkeep
|turn|2
|
|t:|1706684000
|switch|p1a: Scizor|Scizor, F, shiny|100/100
|-damage|p1a: Scizor|88/100|[from] Stealth Rock
|move|p2a: Landorus|Hidden Power|p1a: Scizor
|-resisted|p1a: Scizor
|-damage|p1a: Scizor|77/100
|
|-heal|p1a: Scizor|83/100|[from] item: Leftovers
|upkeep
|turn|3
|
|t:|1706684013
|move|p1a: Scizor|U-turn|p2a: Landorus
|-resisted|p2a: Landorus
|-damage|p2a: Landorus|82/100
|
|t:|1706684017
|switch|p1a: Landorus|Landorus-Therian, M, shiny|100/100|[from] U-turn
|-damage|p1a: Landorus|88/100|[from] Stealth Rock
|-ability|p1a: Landorus|Intimidate|boost
|-unboost|p2a: Landorus|atk|1
|move|p2a: Landorus|U-turn|p1a: Landorus
|-resisted|p1a: Landorus
|-crit|p1a: Landorus
|-damage|p1a: Landorus|55/100
|
|t:|1706684037
|switch|p2a: Latios|Latios, M|100/100|[from] U-turn
|-damage|p2a: Latios|88/100|[from] Stealth Rock
|
|upkeep
|turn|4
|
|t:|1706684044
|switch|p1a: Ninetales|Ninetales, M, shiny|100/100
|-damage|p1a: Ninetales|76/100|[from] Stealth Rock
|-weather|SunnyDay|[from] ability: Drought|[of] p1a: Ninetales
|move|p2a: Latios|Draco Meteor|p1a: Ninetales
|-crit|p1a: Ninetales
|-damage|p1a: Ninetales|0 fnt
|-unboost|p2a: Latios|spa|2
|faint|p1a: Ninetales
|
|-weather|SunnyDay|[upkeep]
|upkeep
|
|t:|1706684047
|switch|p1a: Scizor|Scizor, F, shiny|83/100
|-damage|p1a: Scizor|70/100|[from] Stealth Rock
|turn|5
|
|t:|1706684059
|switch|p2a: Scizor|Scizor, F|100/100
|-damage|p2a: Scizor|88/100|[from] Stealth Rock
|move|p1a: Scizor|U-turn|p2a: Scizor
|-resisted|p2a: Scizor
|-damage|p2a: Scizor|67/100
|
|t:|1706684070
|switch|p1a: Conkeldurr|Conkeldurr, F, shiny|100/100|[from] U-turn
|-damage|p1a: Conkeldurr|94/100|[from] Stealth Rock
|
|-weather|SunnyDay|[upkeep]
|-heal|p1a: Conkeldurr|100/100|[from] item: Leftovers
|upkeep
|turn|6
|
|t:|1706684082
|switch|p2a: Landorus|Landorus-Therian, M|82/100
|-damage|p2a: Landorus|70/100|[from] Stealth Rock
|-ability|p2a: Landorus|Intimidate|boost
|-unboost|p1a: Conkeldurr|atk|1
|move|p1a: Conkeldurr|Bulk Up|p1a: Conkeldurr
|-boost|p1a: Conkeldurr|atk|1
|-boost|p1a: Conkeldurr|def|1
|
|-weather|SunnyDay|[upkeep]
|upkeep
|turn|7
|
|t:|1706684102
|move|p2a: Landorus|U-turn|p1a: Conkeldurr
|-resisted|p1a: Conkeldurr
|-crit|p1a: Conkeldurr
|-damage|p1a: Conkeldurr|77/100
|
|t:|1706684106
|switch|p2a: Latios|Latios, M|88/100|[from] U-turn
|-damage|p2a: Latios|76/100|[from] Stealth Rock
|move|p1a: Conkeldurr|Payback|p2a: Latios
|-supereffective|p2a: Latios
|-damage|p2a: Latios|18/100
|
|-weather|SunnyDay|[upkeep]
|-heal|p1a: Conkeldurr|83/100|[from] item: Leftovers
|upkeep
|turn|8
|
|t:|1706684117
|switch|p1a: Scizor|Scizor, F, shiny|70/100
|-damage|p1a: Scizor|58/100|[from] Stealth Rock
|move|p2a: Latios|Psyshock|p1a: Scizor
|-resisted|p1a: Scizor
|-damage|p1a: Scizor|33/100
|
|-weather|SunnyDay|[upkeep]
|-heal|p1a: Scizor|40/100|[from] item: Leftovers
|upkeep
|turn|9
|
|t:|1706684127
|switch|p2a: Landorus|Landorus-Therian, M|70/100
|-damage|p2a: Landorus|58/100|[from] Stealth Rock
|-ability|p2a: Landorus|Intimidate|boost
|-unboost|p1a: Scizor|atk|1
|move|p1a: Scizor|Bullet Punch|p2a: Landorus
|-damage|p2a: Landorus|36/100
|
|-weather|SunnyDay|[upkeep]
|-heal|p1a: Scizor|46/100|[from] item: Leftovers
|upkeep
|turn|10
|
|t:|1706684138
|move|p1a: Scizor|Bullet Punch|p2a: Landorus
|-damage|p2a: Landorus|11/100
|move|p2a: Landorus|U-turn|p1a: Scizor
|-resisted|p1a: Scizor
|-crit|p1a: Scizor
|-damage|p1a: Scizor|11/100
|
|t:|1706684148
|switch|p2a: Scizor|Scizor, F|67/100|[from] U-turn
|-damage|p2a: Scizor|54/100|[from] Stealth Rock
|
|-weather|SunnyDay|[upkeep]
|-heal|p1a: Scizor|17/100|[from] item: Leftovers
|upkeep
|turn|11
|
|t:|1706684154
|move|p2a: Scizor|Bullet Punch|p1a: Scizor
|-resisted|p1a: Scizor
|-damage|p1a: Scizor|0 fnt
|faint|p1a: Scizor
|
|-weather|SunnyDay|[upkeep]
|upkeep
|
|t:|1706684159
|switch|p1a: Starmie|Starmie, shiny|100/100
|-damage|p1a: Starmie|88/100|[from] Stealth Rock
|turn|12
|
|t:|1706684163
|move|p1a: Starmie|Rapid Spin|p2a: Scizor
|-resisted|p2a: Scizor
|-damage|p2a: Scizor|53/100
|-sideend|p1: seanb143|Stealth Rock|[from] move: Rapid Spin|[of] p1a: Starmie
|move|p2a: Scizor|U-turn|p1a: Starmie
|-supereffective|p1a: Starmie
|-damage|p1a: Starmie|0 fnt
|faint|p1a: Starmie
|inactive|minutemaid13 has 120 seconds left.
|
|t:|1706684209
|switch|p2a: Cloyster|Cloyster, F|100/100|[from] U-turn
|-damage|p2a: Cloyster|76/100|[from] Stealth Rock
|
|-weather|SunnyDay|[upkeep]
|upkeep
|
|t:|1706684225
|switch|p1a: Landorus|Landorus-Therian, M, shiny|55/100
|-ability|p1a: Landorus|Intimidate|boost
|-unboost|p2a: Cloyster|atk|1
|-enditem|p2a: Cloyster|White Herb
|-clearnegativeboost|p2a: Cloyster|[silent]
|turn|13
|
|t:|1706684232
|move|p1a: Landorus|Stone Edge|p2a: Cloyster|[miss]
|-miss|p1a: Landorus|p2a: Cloyster
|move|p2a: Cloyster|Shell Smash|p2a: Cloyster
|-unboost|p2a: Cloyster|def|1
|-unboost|p2a: Cloyster|spd|1
|-boost|p2a: Cloyster|atk|2
|-boost|p2a: Cloyster|spa|2
|-boost|p2a: Cloyster|spe|2
|
|-weather|SunnyDay|[upkeep]
|upkeep
|turn|14
|inactive|minutemaid13 has 120 seconds left.
|
|t:|1706684241
|move|p2a: Cloyster|Icicle Spear|p1a: Landorus
|-supereffective|p1a: Landorus
|-damage|p1a: Landorus|0 fnt
|faint|p1a: Landorus
|-hitcount|p1: Landorus|1
|
|-weather|SunnyDay|[upkeep]
|upkeep
|
|t:|1706684245
|switch|p1a: Dragonite|Dragonite, M, shiny|100/100
|turn|15
|
|t:|1706684248
|move|p1a: Dragonite|Extreme Speed|p2a: Cloyster
|-damage|p2a: Cloyster|36/100
|move|p2a: Cloyster|Icicle Spear|p1a: Dragonite
|-supereffective|p1a: Dragonite
|-crit|p1a: Dragonite
|-damage|p1a: Dragonite|4/100
|-supereffective|p1a: Dragonite
|-damage|p1a: Dragonite|0 fnt
|faint|p1a: Dragonite
|-hitcount|p1: Dragonite|2
|
|-weather|SunnyDay|[upkeep]
|upkeep
|
|t:|1706684251
|switch|p1a: Conkeldurr|Conkeldurr, F, shiny|83/100
|turn|16
|
|t:|1706684258
|move|p1a: Conkeldurr|Mach Punch|p2a: Cloyster
|-supereffective|p2a: Cloyster
|-damage|p2a: Cloyster|0 fnt
|faint|p2a: Cloyster
|
|-weather|SunnyDay|[upkeep]
|-heal|p1a: Conkeldurr|89/100|[from] item: Leftovers
|upkeep
|
|t:|1706684266
|switch|p2a: Latios|Latios, M|18/100
|-damage|p2a: Latios|5/100|[from] Stealth Rock
|turn|17
|
|t:|1706684270
|move|p1a: Conkeldurr|Mach Punch|p2a: Latios
|-resisted|p2a: Latios
|-damage|p2a: Latios|0 fnt
|faint|p2a: Latios
|
|-weather|SunnyDay|[upkeep]
|-heal|p1a: Conkeldurr|95/100|[from] item: Leftovers
|upkeep
|
|t:|1706684279
|switch|p2a: Breloom|Breloom, M|100/100
|-damage|p2a: Breloom|94/100|[from] Stealth Rock
|turn|18
|
|t:|1706684285
|move|p2a: Breloom|Bullet Seed|p1a: Conkeldurr
|-crit|p1a: Conkeldurr
|-damage|p1a: Conkeldurr|44/100
|-damage|p1a: Conkeldurr|18/100
|-damage|p1a: Conkeldurr|0 fnt
|faint|p1a: Conkeldurr
|-hitcount|p1: Conkeldurr|3
|-damage|p2a: Breloom|84/100|[from] item: Life Orb
|
|win|minutemaid13
|raw|seanb143's rating: 1477 &rarr; <strong>1447</strong><br />(-30 for losing)
|raw|minutemaid13's rating: 1297 &rarr; <strong>1334</strong><br />(+37 for winning)
|l|☆seanb143
|player|p1|
