|j|☆SwordIsBored
|j|☆Excaliburn88tests
|t:|1717342524
|gametype|singles
|player|p1|SwordIsBored|marnie-league|1569
|player|p2|Excaliburn88tests|bellelba|1495
|teamsize|p1|6
|teamsize|p2|6
|gen|5
|tier|[Gen 5] OU
|rated|
|rule|Species Clause: Limit one of each Pokémon
|rule|OHKO Clause: OHKO moves are banned
|rule|Moody Clause: Moody is banned
|rule|Evasion Items Clause: Evasion items are banned
|rule|Evasion Moves Clause: Evasion moves are banned
|rule|Endless Battle Clause: Forcing endless battles is banned
|rule|HP Percentage Mod: HP is shown in percentages
|rule|Evasion Abilities Clause: Evasion abilities are banned
|rule|Sleep Moves Clause: Sleep-inducing moves are banned
|rule|Swagger Clause: Swagger is banned
|rule|Baton Pass Stat Clause: No Baton Passer may have a way to boost its stats
|clearpoke
|poke|p1|Lucario, M|item
|poke|p1|Aerodactyl, M|item
|poke|p1|Starmie|item
|poke|p1|Dragonite, M|item
|poke|p1|Jirachi|item
|poke|p1|Conkeldurr, M|item
|poke|p2|Ninetales, F|item
|poke|p2|Heatran, F|item
|poke|p2|Excadrill, F|item
|poke|p2|Scizor, F|item
|poke|p2|Xatu, M|item
|poke|p2|Zapdos|item
|teampreview
|c|☆SwordIsBored|glhf
|c|☆Excaliburn88tests|u2
|
|t:|1717342543
|start
|switch|p1a: Conkeldurr|Conkeldurr, M|100/100
|switch|p2a: Maxilos|Scizor, F|100/100
|turn|1
|
|t:|1717342549
|move|p2a: Maxilos|U-turn|p1a: Conkeldurr
|-resisted|p1a: Conkeldurr
|-damage|p1a: Conkeldurr|84/100
|
|t:|1717342552
|switch|p2a: drippy birb|Xatu, M, shiny|100/100|[from] U-turn
|move|p1a: Conkeldurr|Bulk Up|p1a: Conkeldurr
|-boost|p1a: Conkeldurr|atk|1
|-boost|p1a: Conkeldurr|def|1
|
|-heal|p1a: Conkeldurr|91/100|[from] item: Leftovers
|upkeep
|turn|2
|
|t:|1717342556
|move|p2a: drippy birb|Reflect|p2a: drippy birb
|-sidestart|p2: Excaliburn88tests|Reflect
|move|p1a: Conkeldurr|Payback|p2a: drippy birb
|-supereffective|p2a: drippy birb
|-damage|p2a: drippy birb|48/100
|-damage|p1a: Conkeldurr|74/100|[from] item: Rocky Helmet|[of] p2a: drippy birb
|
|-heal|p1a: Conkeldurr|80/100|[from] item: Leftovers
|upkeep
|turn|3
|
|t:|1717342564
|move|p2a: drippy birb|Roost|p2a: drippy birb
|-heal|p2a: drippy birb|98/100
|-singleturn|p2a: drippy birb|move: Roost
|move|p1a: Conkeldurr|Bulk Up|p1a: Conkeldurr
|-boost|p1a: Conkeldurr|atk|1
|-boost|p1a: Conkeldurr|def|1
|
|-heal|p1a: Conkeldurr|86/100|[from] item: Leftovers
|upkeep
|turn|4
|
|t:|1717342579
|move|p2a: drippy birb|Night Shade|p1a: Conkeldurr
|-damage|p1a: Conkeldurr|62/100
|move|p1a: Conkeldurr|Payback|p2a: drippy birb
|-supereffective|p2a: drippy birb
|-damage|p2a: drippy birb|29/100
|-damage|p1a: Conkeldurr|45/100|[from] item: Rocky Helmet|[of] p2a: drippy birb
|
|-heal|p1a: Conkeldurr|51/100|[from] item: Leftovers
|upkeep
|turn|5
|
|t:|1717342602
|move|p2a: drippy birb|Night Shade|p1a: Conkeldurr
|-damage|p1a: Conkeldurr|27/100
|move|p1a: Conkeldurr|Bulk Up|p1a: Conkeldurr
|-boost|p1a: Conkeldurr|atk|1
|-boost|p1a: Conkeldurr|def|1
|
|-heal|p1a: Conkeldurr|33/100|[from] item: Leftovers
|upkeep
|turn|6
|
|t:|1717342610
|move|p2a: drippy birb|Night Shade|p1a: Conkeldurr
|-damage|p1a: Conkeldurr|9/100
|move|p1a: Conkeldurr|Payback|p2a: drippy birb
|-supereffective|p2a: drippy birb
|-damage|p2a: drippy birb|0 fnt
|-damage|p1a: Conkeldurr|0 fnt|[from] item: Rocky Helmet|[of] p2a: drippy birb
|faint|p1a: Conkeldurr
|faint|p2a: drippy birb
|
|-sideend|p2: Excaliburn88tests|Reflect
|upkeep
|
|t:|1717342627
|switch|p2a: All Apologies|Ninetales, F, shiny|100/100
|switch|p1a: Aerodactyl|Aerodactyl, M|100/100
|-weather|SunnyDay|[from] ability: Drought|[of] p2a: All Apologies
|turn|7
|
|t:|1717342639
|switch|p2a: Maxilos|Scizor, F|100/100
|move|p1a: Aerodactyl|Stealth Rock|p2a: Maxilos
|-sidestart|p2: Excaliburn88tests|move: Stealth Rock
|
|-weather|SunnyDay|[upkeep]
|upkeep
|turn|8
|
|t:|1717342644
|move|p2a: Maxilos|Bullet Punch|p1a: Aerodactyl
|-supereffective|p1a: Aerodactyl
|-enditem|p1a: Aerodactyl|Focus Sash
|-damage|p1a: Aerodactyl|1/100
|move|p1a: Aerodactyl|Taunt|p2a: Maxilos
|-start|p2a: Maxilos|move: Taunt
|
|-weather|SunnyDay|[upkeep]
|upkeep
|turn|9
|
|t:|1717342663
|move|p1a: Aerodactyl|Earthquake|p2a: Maxilos
|-damage|p2a: Maxilos|70/100
|move|p2a: Maxilos|U-turn|p1a: Aerodactyl
|-resisted|p1a: Aerodactyl
|-damage|p1a: Aerodactyl|0 fnt
|faint|p1a: Aerodactyl
|
|t:|1717342674
|switch|p2a: arclight|Zapdos, shiny|100/100|[from] U-turn
|-damage|p2a: arclight|76/100|[from] Stealth Rock
|-ability|p2a: arclight|Pressure
|
|-weather|SunnyDay|[upkeep]
|-heal|p2a: arclight|82/100|[from] item: Leftovers
|upkeep
|
|t:|1717342680
|switch|p1a: Dragonite|Dragonite, M|100/100
|turn|10
|
|t:|1717342685
|move|p2a: arclight|Substitute|p2a: arclight
|-start|p2a: arclight|Substitute
|-damage|p2a: arclight|57/100
|move|p1a: Dragonite|Dragon Dance|p1a: Dragonite
|-boost|p1a: Dragonite|atk|1
|-boost|p1a: Dragonite|spe|1
|
|-weather|SunnyDay|[upkeep]
|-heal|p2a: arclight|63/100|[from] item: Leftovers
|upkeep
|turn|11
|
|t:|1717342687
|move|p1a: Dragonite|Fire Punch|p2a: arclight
|-crit|p2a: arclight
|-end|p2a: arclight|Substitute
|move|p2a: arclight|Hidden Power|p1a: Dragonite
|-supereffective|p1a: Dragonite
|-crit|p1a: Dragonite
|-damage|p1a: Dragonite|17/100
|
|-weather|SunnyDay|[upkeep]
|-heal|p1a: Dragonite|23/100|[from] item: Leftovers
|-heal|p2a: arclight|69/100|[from] item: Leftovers
|upkeep
|turn|12
|
|t:|1717342699
|switch|p2a: All Apologies|Ninetales, F, shiny|100/100
|-damage|p2a: All Apologies|76/100|[from] Stealth Rock
|move|p1a: Dragonite|Outrage|p2a: All Apologies
|-damage|p2a: All Apologies|0 fnt
|faint|p2a: All Apologies
|
|-weather|SunnyDay|[upkeep]
|-heal|p1a: Dragonite|29/100|[from] item: Leftovers
|upkeep
|inactive|Battle timer is ON: inactive players will automatically lose when time's up. (requested by SwordIsBored)
|
|t:|1717342779
|switch|p2a: PIZZA NIGHTMARE|Heatran, F, shiny|100/100
|-damage|p2a: PIZZA NIGHTMARE|88/100|[from] Stealth Rock
|turn|13
|
|t:|1717342783
|move|p1a: Dragonite|Outrage|p2a: PIZZA NIGHTMARE|[from]lockedmove
|-resisted|p2a: PIZZA NIGHTMARE
|-damage|p2a: PIZZA NIGHTMARE|39/100
|move|p2a: PIZZA NIGHTMARE|Torment|p1a: Dragonite
|-start|p1a: Dragonite|Torment
|
|-weather|SunnyDay|[upkeep]
|-heal|p1a: Dragonite|35/100|[from] item: Leftovers
|-heal|p2a: PIZZA NIGHTMARE|45/100|[from] item: Leftovers
|upkeep
|turn|14
|
|t:|1717342787
|move|p2a: PIZZA NIGHTMARE|Protect|p2a: PIZZA NIGHTMARE
|-singleturn|p2a: PIZZA NIGHTMARE|Protect
|move|p1a: Dragonite|Outrage|p2a: PIZZA NIGHTMARE|[from]lockedmove
|-activate|p2a: PIZZA NIGHTMARE|move: Protect
|-start|p1a: Dragonite|confusion|[fatigue]
|
|-weather|SunnyDay|[upkeep]
|-heal|p1a: Dragonite|41/100|[from] item: Leftovers
|-heal|p2a: PIZZA NIGHTMARE|51/100|[from] item: Leftovers
|upkeep
|turn|15
|
|t:|1717342796
|switch|p1a: Starmie|Starmie|100/100
|-item|p1a: Starmie|Air Balloon
|move|p2a: PIZZA NIGHTMARE|Lava Plume|p1a: Starmie
|-resisted|p1a: Starmie
|-damage|p1a: Starmie|63/100
|-status|p1a: Starmie|brn
|-enditem|p1a: Starmie|Air Balloon
|
|-weather|SunnyDay|[upkeep]
|-heal|p2a: PIZZA NIGHTMARE|57/100|[from] item: Leftovers
|-damage|p1a: Starmie|51/100 brn|[from] brn
|upkeep
|turn|16
|
|t:|1717342807
|move|p2a: PIZZA NIGHTMARE|Protect|p2a: PIZZA NIGHTMARE
|-singleturn|p2a: PIZZA NIGHTMARE|Protect
|move|p1a: Starmie|Hydro Pump|p2a: PIZZA NIGHTMARE
|-activate|p2a: PIZZA NIGHTMARE|move: Protect
|
|-weather|SunnyDay|[upkeep]
|-heal|p2a: PIZZA NIGHTMARE|63/100|[from] item: Leftovers
|-damage|p1a: Starmie|39/100 brn|[from] brn
|upkeep
|turn|17
|
|t:|1717342837
|switch|p2a: Kirei|Excadrill, F, shiny|100/100
|-damage|p2a: Kirei|97/100|[from] Stealth Rock
|-ability|p2a: Kirei|Mold Breaker
|move|p1a: Starmie|Hydro Pump|p2a: Kirei
|-supereffective|p2a: Kirei
|-crit|p2a: Kirei
|-damage|p2a: Kirei|0 fnt
|faint|p2a: Kirei
|
|-weather|SunnyDay|[upkeep]
|-damage|p1a: Starmie|26/100 brn|[from] brn
|upkeep
|inactive|Excaliburn88tests has 120 seconds left.
|
|t:|1717342848
|switch|p2a: Maxilos|Scizor, F|70/100
|-damage|p2a: Maxilos|57/100|[from] Stealth Rock
|turn|18
|
|t:|1717342863
|switch|p1a: Lucario|Lucario, M|100/100
|move|p2a: Maxilos|Roost|p2a: Maxilos
|-heal|p2a: Maxilos|100/100
|-singleturn|p2a: Maxilos|move: Roost
|
|-weather|SunnyDay|[upkeep]
|upkeep
|turn|19
|
|t:|1717342877
|move|p1a: Lucario|Close Combat|p2a: Maxilos
|-damage|p2a: Maxilos|20/100
|-unboost|p1a: Lucario|def|1
|-unboost|p1a: Lucario|spd|1
|-damage|p1a: Lucario|91/100|[from] item: Life Orb
|move|p2a: Maxilos|Swords Dance|p2a: Maxilos
|-boost|p2a: Maxilos|atk|2
|
|-weather|SunnyDay|[upkeep]
|-heal|p2a: Maxilos|26/100|[from] item: Leftovers
|upkeep
|turn|20
|inactive|Excaliburn88tests has 120 seconds left.
|
|t:|1717342924
|move|p2a: Maxilos|Bullet Punch|p1a: Lucario
|-resisted|p1a: Lucario
|-crit|p1a: Lucario
|-damage|p1a: Lucario|0 fnt
|faint|p1a: Lucario
|
|-weather|SunnyDay|[upkeep]
|-heal|p2a: Maxilos|32/100|[from] item: Leftovers
|upkeep
|
|t:|1717342945
|switch|p1a: Jirachi|Jirachi|100/100
|turn|21
|
|t:|1717342951
|move|p1a: Jirachi|Iron Head|p2a: Maxilos
|-resisted|p2a: Maxilos
|-damage|p2a: Maxilos|16/100
|move|p2a: Maxilos|Roost|p2a: Maxilos
|-heal|p2a: Maxilos|66/100
|-singleturn|p2a: Maxilos|move: Roost
|
|-weather|SunnyDay|[upkeep]
|-heal|p2a: Maxilos|72/100|[from] item: Leftovers
|upkeep
|turn|22
|c|☆SwordIsBored|i am not an angry person
|c|☆SwordIsBored|i am not an angry person
|-message|SwordIsBored forfeited.
|
|win|Excaliburn88tests
|raw|SwordIsBored's rating: 1569 &rarr; <strong>1545</strong><br />(-24 for losing)
|raw|Excaliburn88tests's rating: 1495 &rarr; <strong>1519</strong><br />(+24 for winning)
|l|☆SwordIsBored
|player|p1|
