|j|☆dhdhdhdhbdbdb
|j|☆DubbedOn
|t:|1742816274
|gametype|singles
|player|p1|dhdhdhdhbdbdb|lass-gen4dp|1334
|player|p2|DubbedOn|1|1320
|teamsize|p1|6
|teamsize|p2|6
|gen|5
|tier|[Gen 5] OU
|rated|
|rule|Species Clause: Limit one of each Pokémon
|rule|OHKO Clause: OHKO moves are banned
|rule|Moody Clause: Moody is banned
|rule|Evasion Items Clause: Evasion items are banned
|rule|Evasion Moves Clause: Evasion moves are banned
|rule|Endless Battle Clause: Forcing endless battles is banned
|rule|HP Percentage Mod: HP is shown in percentages
|rule|Evasion Abilities Clause: Evasion abilities are banned
|rule|Sleep Moves Clause: Sleep-inducing moves are banned
|rule|Swagger Clause: Swagger is banned
|rule|Baton Pass Stat Clause: No Baton Passer may have a way to boost its stats
|clearpoke
|poke|p1|Jirachi|item
|poke|p1|Starmie|item
|poke|p1|Gliscor, F|item
|poke|p1|Jellicent, F|item
|poke|p1|Staraptor, F|item
|poke|p1|Dragonite, M|item
|poke|p2|Abomasnow, M|item
|poke|p2|Mamoswine, F|item
|poke|p2|Jirachi|item
|poke|p2|Hydreigon, F|item
|poke|p2|Alakazam, F|item
|poke|p2|Starmie|item
|teampreview
|
|t:|1742816286
|start
|switch|p1a: Jirachi|Jirachi|100/100
|switch|p2a: Abomasnow|Abomasnow, M, shiny|100/100
|-weather|Hail|[from] ability: Snow Warning|[of] p2a: Abomasnow
|turn|1
|inactive|Battle timer is ON: inactive players will automatically lose when time's up. (requested by DubbedOn)
|j| ISilver465
|
|t:|1742816297
|switch|p2a: Jirachi|Jirachi|100/100
|move|p1a: Jirachi|U-turn|p2a: Jirachi
|-damage|p2a: Jirachi|82/100
|
|t:|1742816303
|switch|p1a: Gliscor|Gliscor, F|100/100|[from] U-turn
|
|-weather|Hail|[upkeep]
|-damage|p2a: Jirachi|76/100|[from] Hail
|-damage|p1a: Gliscor|94/100|[from] Hail
|-heal|p2a: Jirachi|82/100|[from] item: Leftovers
|-status|p1a: Gliscor|tox|[from] item: Toxic Orb
|upkeep
|turn|2
|
|t:|1742816314
|move|p2a: Jirachi|Stealth Rock|p1a: Gliscor
|-sidestart|p1: dhdhdhdhbdbdb|move: Stealth Rock
|move|p1a: Gliscor|Stealth Rock|p2a: Jirachi
|-sidestart|p2: DubbedOn|move: Stealth Rock
|
|-weather|Hail|[upkeep]
|-damage|p2a: Jirachi|76/100|[from] Hail
|-damage|p1a: Gliscor|88/100 tox|[from] Hail
|-heal|p2a: Jirachi|82/100|[from] item: Leftovers
|-heal|p1a: Gliscor|100/100 tox|[from] ability: Poison Heal
|upkeep
|turn|3
|
|t:|1742816325
|move|p2a: Jirachi|U-turn|p1a: Gliscor
|-resisted|p1a: Gliscor
|-damage|p1a: Gliscor|95/100 tox
|
|t:|1742816334
|switch|p2a: Starmie|Starmie|100/100|[from] U-turn
|-damage|p2a: Starmie|88/100|[from] Stealth Rock
|-item|p2a: Starmie|Air Balloon
|move|p1a: Gliscor|U-turn|p2a: Starmie
|-supereffective|p2a: Starmie
|-damage|p2a: Starmie|45/100
|-enditem|p2a: Starmie|Air Balloon
|
|t:|1742816352
|switch|p1a: Jirachi|Jirachi|100/100|[from] U-turn
|-damage|p1a: Jirachi|94/100|[from] Stealth Rock
|
|-weather|Hail|[upkeep]
|-damage|p1a: Jirachi|88/100|[from] Hail
|-damage|p2a: Starmie|38/100|[from] Hail
|upkeep
|turn|4
|
|t:|1742816371
|switch|p2a: Jirachi|Jirachi|82/100
|-damage|p2a: Jirachi|76/100|[from] Stealth Rock
|move|p1a: Jirachi|U-turn|p2a: Jirachi
|-damage|p2a: Jirachi|57/100
|
|t:|1742816379
|switch|p1a: Jellicent|Jellicent, F|100/100|[from] U-turn
|-damage|p1a: Jellicent|88/100|[from] Stealth Rock
|
|-weather|Hail|[upkeep]
|-damage|p1a: Jellicent|82/100|[from] Hail
|-damage|p2a: Jirachi|50/100|[from] Hail
|-heal|p2a: Jirachi|57/100|[from] item: Leftovers
|upkeep
|turn|5
|
|t:|1742816388
|move|p1a: Jellicent|Water Spout|p2a: Jirachi
|-damage|p2a: Jirachi|26/100
|move|p2a: Jirachi|U-turn|p1a: Jellicent
|-resisted|p1a: Jellicent
|-damage|p1a: Jellicent|72/100
|
|t:|1742816403
|switch|p2a: Hydreigon|Hydreigon, F|100/100|[from] U-turn
|-damage|p2a: Hydreigon|88/100|[from] Stealth Rock
|
|-weather|Hail|[upkeep]
|-damage|p2a: Hydreigon|82/100|[from] Hail
|-damage|p1a: Jellicent|66/100|[from] Hail
|upkeep
|turn|6
|
|t:|1742816421
|move|p2a: Hydreigon|Dark Pulse|p1a: Jellicent
|-supereffective|p1a: Jellicent
|-damage|p1a: Jellicent|0 fnt
|faint|p1a: Jellicent
|
|-weather|Hail|[upkeep]
|-damage|p2a: Hydreigon|76/100|[from] Hail
|upkeep
|
|t:|1742816436
|switch|p1a: Jirachi|Jirachi|88/100
|-damage|p1a: Jirachi|82/100|[from] Stealth Rock
|turn|7
|
|t:|1742816445
|switch|p2a: Jirachi|Jirachi|26/100
|-damage|p2a: Jirachi|20/100|[from] Stealth Rock
|move|p1a: Jirachi|U-turn|p2a: Jirachi
|-damage|p2a: Jirachi|0 fnt
|faint|p2a: Jirachi
|
|t:|1742816460
|switch|p1a: Gliscor|Gliscor, F|95/100 tox|[from] U-turn
|-damage|p1a: Gliscor|83/100 tox|[from] Stealth Rock
|
|-weather|Hail|[upkeep]
|-damage|p1a: Gliscor|77/100 tox|[from] Hail
|-heal|p1a: Gliscor|89/100 tox|[from] ability: Poison Heal
|upkeep
|j| BRUL3D
|l| BRUL3D
|inactive|DubbedOn has 120 seconds left.
|
|t:|1742816491
|switch|p2a: Mamoswine|Mamoswine, F|100/100
|-damage|p2a: Mamoswine|88/100|[from] Stealth Rock
|turn|8
|inactive|DubbedOn has 120 seconds left.
|
|t:|1742816507
|switch|p1a: Starmie|Starmie|100/100
|-damage|p1a: Starmie|88/100|[from] Stealth Rock
|move|p2a: Mamoswine|Icicle Crash|p1a: Starmie
|-resisted|p1a: Starmie
|-damage|p1a: Starmie|31/100
|
|-weather|Hail|[upkeep]
|-damage|p1a: Starmie|25/100|[from] Hail
|upkeep
|turn|9
|inactive|DubbedOn has 120 seconds left.
|j| lzgboys
|
|t:|1742816519
|switch|p2a: Hydreigon|Hydreigon, F|76/100
|-damage|p2a: Hydreigon|64/100|[from] Stealth Rock
|move|p1a: Starmie|Rapid Spin|p2a: Hydreigon
|-damage|p2a: Hydreigon|58/100
|-sideend|p1: dhdhdhdhbdbdb|Stealth Rock|[from] move: Rapid Spin|[of] p1a: Starmie
|-damage|p1a: Starmie|15/100|[from] item: Life Orb
|
|-weather|Hail|[upkeep]
|-damage|p2a: Hydreigon|52/100|[from] Hail
|-damage|p1a: Starmie|9/100|[from] Hail
|upkeep
|turn|10
|inactive|DubbedOn has 120 seconds left.
|
|t:|1742816533
|move|p2a: Hydreigon|U-turn|p1a: Starmie
|-supereffective|p1a: Starmie
|-damage|p1a: Starmie|0 fnt
|faint|p1a: Starmie
|inactive|DubbedOn has 120 seconds left.
|
|t:|1742816547
|switch|p2a: Alakazam|Alakazam, F|100/100|[from] U-turn
|
|-weather|Hail|[upkeep]
|upkeep
|j| BRUL3D
|
|t:|1742816557
|switch|p1a: Jirachi|Jirachi|82/100
|turn|11
|inactive|DubbedOn has 120 seconds left.
|
|t:|1742816568
|switch|p2a: Hydreigon|Hydreigon, F|52/100
|-damage|p2a: Hydreigon|39/100|[from] Stealth Rock
|move|p1a: Jirachi|Iron Head|p2a: Hydreigon
|-damage|p2a: Hydreigon|0 fnt
|faint|p2a: Hydreigon
|
|-weather|Hail|[upkeep]
|-damage|p1a: Jirachi|76/100|[from] Hail
|upkeep
|inactive|DubbedOn has 120 seconds left.
|
|t:|1742816598
|switch|p2a: Starmie|Starmie|38/100
|-damage|p2a: Starmie|26/100|[from] Stealth Rock
|turn|12
|
|t:|1742816603
|move|p1a: Jirachi|Iron Head|p2a: Starmie
|-resisted|p2a: Starmie
|-damage|p2a: Starmie|0 fnt
|faint|p2a: Starmie
|
|-weather|Hail|[upkeep]
|-damage|p1a: Jirachi|70/100|[from] Hail
|upkeep
|
|t:|1742816615
|switch|p2a: Alakazam|Alakazam, F|100/100
|turn|13
|
|t:|1742816618
|move|p1a: Jirachi|Iron Head|p2a: Alakazam
|-damage|p2a: Alakazam|21/100
|cant|p2a: Alakazam|flinch
|
|-weather|Hail|[upkeep]
|-damage|p1a: Jirachi|64/100|[from] Hail
|upkeep
|turn|14
|inactive|DubbedOn has 120 seconds left.
|-message|DubbedOn forfeited.
|
|win|dhdhdhdhbdbdb
|raw|dhdhdhdhbdbdb's rating: 1334 &rarr; <strong>1353</strong><br />(+19 for winning)
|raw|DubbedOn's rating: 1320 &rarr; <strong>1301</strong><br />(-19 for losing)
|l|☆DubbedOn
|player|p2|
|l| BRUL3D
|l| lzgboys
