|j|☆Gh0st of Perdition
|j|☆Ladder Chad
|player|p1|Gh0st of Perdition|guitarist-gen4|1478
|player|p2|Ladder Chad|ltsurge|1458
|teamsize|p1|6
|teamsize|p2|6
|gametype|singles
|gen|5
|tier|[Gen 5] OU
|rated|
|clearpoke
|poke|p1|Politoed, M|item
|poke|p1|Ferrothorn, F|item
|poke|p1|Tentacruel, M|item
|poke|p1|Kyurem|item
|poke|p1|Scizor, F|item
|poke|p1|Thundurus-Therian, M|item
|poke|p2|Jirachi|item
|poke|p2|Kyurem-Black|item
|poke|p2|Latios, M|item
|poke|p2|Magnezone|item
|poke|p2|Dragonite, M|item
|poke|p2|Garchomp, F|item
|rule|Species Clause: Limit one of each Pokémon
|rule|OHKO Clause: OHKO moves are banned
|rule|Moody Clause: Moody is banned
|rule|Evasion Moves Clause: Evasion moves are banned
|rule|Endless Battle Clause: Forcing endless battles is banned
|rule|HP Percentage Mod: HP is shown in percentages
|rule|Evasion Abilities Clause: Evasion abilities are banned
|rule|Baton Pass Clause: Limit one Baton Passer, can't pass Spe and other stats simultaneously
|rule|Sleep Clause: Sleep-inducing moves are banned
|rule|Swagger Clause: Swagger is banned
|teampreview
|
|start
|switch|p1a: Ferrothorn|Ferrothorn, F|100/100
|switch|p2a: Magnezone|Magnezone|100/100
|-item|p2a: Magnezone|Air Balloon
|turn|1
|
|switch|p1a: Politoed|Politoed, M|100/100
|-weather|RainDance|[from] ability: Drizzle|[of] p1a: Politoed
|move|p2a: Magnezone|Hidden Power|p1a: Politoed
|-resisted|p1a: Politoed
|-damage|p1a: Politoed|94/100
|
|-weather|RainDance|[upkeep]
|upkeep
|turn|2
|
|switch|p1a: Ferrothorn|Ferrothorn, F|100/100
|move|p2a: Magnezone|Thunderbolt|p1a: Ferrothorn
|-resisted|p1a: Ferrothorn
|-damage|p1a: Ferrothorn|83/100
|
|-weather|RainDance|[upkeep]
|upkeep
|turn|3
|
|move|p2a: Magnezone|Hidden Power|p1a: Ferrothorn
|-supereffective|p1a: Ferrothorn
|-damage|p1a: Ferrothorn|50/100
|move|p1a: Ferrothorn|Stealth Rock|p2a: Magnezone
|-sidestart|p2: Ladder Chad|move: Stealth Rock
|
|-weather|RainDance|[upkeep]
|upkeep
|turn|4
|
|switch|p1a: Thundurus|Thundurus-Therian, M|100/100
|move|p2a: Magnezone|Sunny Day|p2a: Magnezone
|-weather|SunnyDay
|
|-weather|SunnyDay|[upkeep]
|upkeep
|turn|5
|
|switch|p2a: Jirachi|Jirachi|100/100
|-damage|p2a: Jirachi|94/100|[from] Stealth Rock
|move|p1a: Thundurus|Focus Blast|p2a: Jirachi
|-damage|p2a: Jirachi|62/100
|
|-weather|SunnyDay|[upkeep]
|-heal|p2a: Jirachi|68/100|[from] item: Leftovers
|upkeep
|turn|6
|
|switch|p1a: Ferrothorn|Ferrothorn, F|50/100
|move|p2a: Jirachi|Stealth Rock|p1a: Ferrothorn
|-sidestart|p1: Gh0st of Perdition|move: Stealth Rock
|
|-weather|SunnyDay|[upkeep]
|-heal|p2a: Jirachi|74/100|[from] item: Leftovers
|upkeep
|turn|7
|
|move|p2a: Jirachi|U-turn|p1a: Ferrothorn
|-damage|p1a: Ferrothorn|40/100
|-damage|p2a: Jirachi|62/100|[from] ability: Iron Barbs|[of] p1a: Ferrothorn
|
|switch|p2a: Magnezone|Magnezone|100/100|[from]move: U-turn
|-damage|p2a: Magnezone|94/100|[from] Stealth Rock
|-item|p2a: Magnezone|Air Balloon
|move|p1a: Ferrothorn|Leech Seed|p2a: Magnezone
|-start|p2a: Magnezone|move: Leech Seed
|
|-weather|SunnyDay|[upkeep]
|-damage|p2a: Magnezone|82/100|[from] Leech Seed|[of] p1a: Ferrothorn
|-heal|p1a: Ferrothorn|51/100|[silent]
|upkeep
|turn|8
|
|switch|p1a: Thundurus|Thundurus-Therian, M|100/100
|-damage|p1a: Thundurus|76/100|[from] Stealth Rock
|move|p2a: Magnezone|Thunderbolt|p1a: Thundurus
|-heal|p1a: Thundurus|100/100|[from] ability: Volt Absorb|[of] p2a: Magnezone
|
|-weather|none
|-damage|p2a: Magnezone|70/100|[from] Leech Seed|[of] p1a: Thundurus
|upkeep
|turn|9
|
|switch|p2a: Latios|Latios, M|100/100
|-damage|p2a: Latios|88/100|[from] Stealth Rock
|move|p1a: Thundurus|Substitute|p1a: Thundurus
|-start|p1a: Thundurus|Substitute
|-damage|p1a: Thundurus|76/100
|
|-heal|p1a: Thundurus|82/100|[from] item: Leftovers
|upkeep
|turn|10
|
|move|p2a: Latios|Dragon Pulse|p1a: Thundurus
|-end|p1a: Thundurus|Substitute
|move|p1a: Thundurus|Hidden Power|p2a: Latios
|-supereffective|p2a: Latios
|-damage|p2a: Latios|37/100
|
|-heal|p1a: Thundurus|88/100|[from] item: Leftovers
|upkeep
|turn|11
|inactive|Battle timer is ON: inactive players will automatically lose when time's up. (requested by Ladder Chad)
|
|switch|p1a: Scizor|Scizor, F|100/100
|-damage|p1a: Scizor|88/100|[from] Stealth Rock
|move|p2a: Latios|Dragon Pulse|p1a: Scizor
|-resisted|p1a: Scizor
|-damage|p1a: Scizor|36/100
|
|upkeep
|turn|12
|
|switch|p2a: Magnezone|Magnezone|70/100
|-damage|p2a: Magnezone|63/100|[from] Stealth Rock
|-item|p2a: Magnezone|Air Balloon
|move|p1a: Scizor|Bullet Punch|p2a: Magnezone
|-resisted|p2a: Magnezone
|-damage|p2a: Magnezone|51/100
|-enditem|p2a: Magnezone|Air Balloon
|
|upkeep
|turn|13
|
|move|p1a: Scizor|Bullet Punch|p2a: Magnezone
|-resisted|p2a: Magnezone
|-damage|p2a: Magnezone|39/100
|move|p2a: Magnezone|Hidden Power|p1a: Scizor
|-supereffective|p1a: Scizor
|-damage|p1a: Scizor|0 fnt
|faint|p1a: Scizor
|
|upkeep
|
|switch|p1a: Kyurem|Kyurem|100/100
|-damage|p1a: Kyurem|76/100|[from] Stealth Rock
|-ability|p1a: Kyurem|Pressure
|turn|14
|
|move|p1a: Kyurem|Substitute|p1a: Kyurem
|-start|p1a: Kyurem|Substitute
|-damage|p1a: Kyurem|51/100
|move|p2a: Magnezone|Magnet Rise|p2a: Magnezone
|-start|p2a: Magnezone|Magnet Rise
|
|-heal|p1a: Kyurem|57/100|[from] item: Leftovers
|upkeep
|turn|15
|
|move|p1a: Kyurem|Ice Beam|p2a: Magnezone
|-resisted|p2a: Magnezone
|-damage|p2a: Magnezone|9/100
|move|p2a: Magnezone|Sunny Day|p2a: Magnezone
|-weather|SunnyDay
|
|-weather|SunnyDay|[upkeep]
|-heal|p1a: Kyurem|63/100|[from] item: Leftovers
|upkeep
|turn|16
|
|move|p1a: Kyurem|Ice Beam|p2a: Magnezone
|-resisted|p2a: Magnezone
|-damage|p2a: Magnezone|0 fnt
|faint|p2a: Magnezone
|
|-weather|SunnyDay|[upkeep]
|-heal|p1a: Kyurem|69/100|[from] item: Leftovers
|upkeep
|
|switch|p2a: Garchomp|Garchomp, F|100/100
|-damage|p2a: Garchomp|94/100|[from] Stealth Rock
|turn|17
|
|move|p2a: Garchomp|Dual Chop|p1a: Kyurem
|-supereffective|p1a: Kyurem
|-end|p1a: Kyurem|Substitute
|-supereffective|p1a: Kyurem
|-damage|p1a: Kyurem|32/100
|-hitcount|p1a: Kyurem|2
|move|p1a: Kyurem|Ice Beam|p2a: Garchomp
|-supereffective|p2a: Garchomp
|-damage|p2a: Garchomp|0 fnt
|faint|p2a: Garchomp
|
|-weather|SunnyDay|[upkeep]
|-heal|p1a: Kyurem|38/100|[from] item: Leftovers
|upkeep
|
|switch|p2a: Latios|Latios, M|37/100
|-damage|p2a: Latios|25/100|[from] Stealth Rock
|turn|18
|
|move|p2a: Latios|Dragon Pulse|p1a: Kyurem
|-supereffective|p1a: Kyurem
|-damage|p1a: Kyurem|0 fnt
|faint|p1a: Kyurem
|
|-weather|SunnyDay|[upkeep]
|upkeep
|
|switch|p1a: Politoed|Politoed, M|94/100
|-damage|p1a: Politoed|81/100|[from] Stealth Rock
|-weather|RainDance|[from] ability: Drizzle|[of] p1a: Politoed
|turn|19
|
|switch|p2a: Kyurem|Kyurem-Black|100/100
|-damage|p2a: Kyurem|76/100|[from] Stealth Rock
|-ability|p2a: Kyurem|Teravolt
|move|p1a: Politoed|Ice Beam|p2a: Kyurem
|-damage|p2a: Kyurem|54/100
|
|-weather|RainDance|[upkeep]
|upkeep
|turn|20
|
|switch|p1a: Ferrothorn|Ferrothorn, F|51/100
|-damage|p1a: Ferrothorn|45/100|[from] Stealth Rock
|move|p2a: Kyurem|Outrage|p1a: Ferrothorn
|-resisted|p1a: Ferrothorn
|-damage|p1a: Ferrothorn|0 fnt
|-damage|p2a: Kyurem|42/100|[from] ability: Iron Barbs|[of] p1a: Ferrothorn
|faint|p1a: Ferrothorn
|
|-weather|RainDance|[upkeep]
|upkeep
|
|switch|p1a: Thundurus|Thundurus-Therian, M|88/100
|-damage|p1a: Thundurus|63/100|[from] Stealth Rock
|turn|21
|
|move|p1a: Thundurus|Focus Blast|p2a: Kyurem|[miss]
|-miss|p1a: Thundurus|p2a: Kyurem
|move|p2a: Kyurem|Outrage|p1a: Thundurus|[from]lockedmove
|-damage|p1a: Thundurus|0 fnt
|-start|p2a: Kyurem|confusion|[fatigue]
|faint|p1a: Thundurus
|
|-weather|RainDance|[upkeep]
|upkeep
|
|switch|p1a: Tentacruel|Tentacruel, M|100/100
|-damage|p1a: Tentacruel|88/100|[from] Stealth Rock
|turn|22
|
|move|p1a: Tentacruel|Substitute|p1a: Tentacruel
|-start|p1a: Tentacruel|Substitute
|-damage|p1a: Tentacruel|63/100
|-activate|p2a: Kyurem|confusion
|-damage|p2a: Kyurem|21/100|[from] confusion
|
|-weather|RainDance|[upkeep]
|-heal|p1a: Tentacruel|69/100|[from] ability: Rain Dish
|-heal|p1a: Tentacruel|75/100|[from] item: Black Sludge
|upkeep
|turn|23
|
|move|p1a: Tentacruel|Rapid Spin|p2a: Kyurem
|-crit|p2a: Kyurem
|-damage|p2a: Kyurem|16/100
|-sideend|p1: Gh0st of Perdition|Stealth Rock|[from] move: Rapid Spin|[of] p1a: Tentacruel
|-activate|p2a: Kyurem|confusion
|move|p2a: Kyurem|Outrage|p1a: Tentacruel
|-end|p1a: Tentacruel|Substitute
|
|-weather|RainDance|[upkeep]
|-heal|p1a: Tentacruel|81/100|[from] ability: Rain Dish
|-heal|p1a: Tentacruel|87/100|[from] item: Black Sludge
|upkeep
|turn|24
|
|move|p1a: Tentacruel|Substitute|p1a: Tentacruel
|-start|p1a: Tentacruel|Substitute
|-damage|p1a: Tentacruel|62/100
|-activate|p2a: Kyurem|confusion
|move|p2a: Kyurem|Outrage|p1a: Tentacruel|[from]lockedmove
|-end|p1a: Tentacruel|Substitute
|
|-weather|RainDance|[upkeep]
|-heal|p1a: Tentacruel|68/100|[from] ability: Rain Dish
|-heal|p1a: Tentacruel|74/100|[from] item: Black Sludge
|upkeep
|turn|25
|
|move|p1a: Tentacruel|Substitute|p1a: Tentacruel
|-start|p1a: Tentacruel|Substitute
|-damage|p1a: Tentacruel|49/100
|-activate|p2a: Kyurem|confusion
|-damage|p2a: Kyurem|0 fnt|[from] confusion
|faint|p2a: Kyurem
|
|-weather|RainDance|[upkeep]
|-heal|p1a: Tentacruel|55/100|[from] ability: Rain Dish
|-heal|p1a: Tentacruel|61/100|[from] item: Black Sludge
|upkeep
|inactive|Ladder Chad has 120 seconds left.
|
|switch|p2a: Latios|Latios, M|25/100
|-damage|p2a: Latios|12/100|[from] Stealth Rock
|turn|26
|
|move|p2a: Latios|Dragon Pulse|p1a: Tentacruel
|-crit|p1a: Tentacruel
|-end|p1a: Tentacruel|Substitute
|move|p1a: Tentacruel|Scald|p2a: Latios
|-resisted|p2a: Latios
|-damage|p2a: Latios|0 fnt
|faint|p2a: Latios
|
|-weather|RainDance|[upkeep]
|-heal|p1a: Tentacruel|68/100|[from] ability: Rain Dish
|-heal|p1a: Tentacruel|74/100|[from] item: Black Sludge
|upkeep
|inactive|Ladder Chad has 120 seconds left.
|
|switch|p2a: Dragonite|Dragonite, M|100/100
|-damage|p2a: Dragonite|76/100|[from] Stealth Rock
|turn|27
|
|move|p1a: Tentacruel|Substitute|p1a: Tentacruel
|-start|p1a: Tentacruel|Substitute
|-damage|p1a: Tentacruel|49/100
|move|p2a: Dragonite|Dragon Dance|p2a: Dragonite
|-boost|p2a: Dragonite|atk|1
|-boost|p2a: Dragonite|spe|1
|
|-weather|RainDance|[upkeep]
|-heal|p1a: Tentacruel|55/100|[from] ability: Rain Dish
|-heal|p1a: Tentacruel|61/100|[from] item: Black Sludge
|upkeep
|turn|28
|
|move|p2a: Dragonite|Earthquake|p1a: Tentacruel
|-supereffective|p1a: Tentacruel
|-end|p1a: Tentacruel|Substitute
|move|p1a: Tentacruel|Scald|p2a: Dragonite
|-resisted|p2a: Dragonite
|-crit|p2a: Dragonite
|-damage|p2a: Dragonite|39/100
|-status|p2a: Dragonite|brn
|
|-weather|RainDance|[upkeep]
|-heal|p1a: Tentacruel|67/100|[from] ability: Rain Dish
|-heal|p1a: Tentacruel|73/100|[from] item: Black Sludge
|-damage|p2a: Dragonite|26/100 brn|[from] brn
|upkeep
|turn|29
|inactive|Ladder Chad has 120 seconds left.
|
|move|p2a: Dragonite|Outrage|p1a: Tentacruel
|-enditem|p2a: Dragonite|Dragon Gem|[from] gem
|-damage|p1a: Tentacruel|0 fnt
|faint|p1a: Tentacruel
|
|-weather|RainDance|[upkeep]
|-damage|p2a: Dragonite|14/100 brn|[from] brn
|upkeep
|
|switch|p1a: Politoed|Politoed, M|81/100
|turn|30
|
|move|p1a: Politoed|Hydro Pump|p2a: Dragonite
|-resisted|p2a: Dragonite
|-damage|p2a: Dragonite|0 fnt
|faint|p2a: Dragonite
|
|-weather|RainDance|[upkeep]
|upkeep
|
|switch|p2a: Jirachi|Jirachi|62/100
|-damage|p2a: Jirachi|56/100|[from] Stealth Rock
|turn|31
|
|move|p1a: Politoed|Hydro Pump|p2a: Jirachi
|-damage|p2a: Jirachi|6/100
|move|p2a: Jirachi|Energy Ball|p1a: Politoed
|-supereffective|p1a: Politoed
|-damage|p1a: Politoed|37/100
|
|-weather|RainDance|[upkeep]
|-heal|p2a: Jirachi|13/100|[from] item: Leftovers
|upkeep
|turn|32
|
|move|p1a: Politoed|Hydro Pump|p2a: Jirachi
|-damage|p2a: Jirachi|0 fnt
|faint|p2a: Jirachi
|
|win|Gh0st of Perdition
|l|☆Ladder Chad
|raw|Gh0st of Perdition's rating: 1478 &rarr; <strong>1497</strong><br />(+19 for winning)
|raw|Ladder Chad's rating: 1458 &rarr; <strong>1439</strong><br />(-19 for losing)
