|j|☆koumite
|j|☆rose of geass
|player|p1|koumite|265|1345
|player|p2|rose of geass|lucas|1332
|teamsize|p1|6
|teamsize|p2|6
|gametype|singles
|gen|5
|tier|[Gen 5] OU
|rated|
|clearpoke
|poke|p1|Tyranitar, M|item
|poke|p1|Skarmory, M|item
|poke|p1|Heatran, M|item
|poke|p1|Gliscor, M|item
|poke|p1|Celebi|item
|poke|p1|Starmie|item
|poke|p2|Tyranitar, M|item
|poke|p2|Latios, M|item
|poke|p2|Amoonguss, M|item
|poke|p2|Excadrill, F|item
|poke|p2|Magnezone|item
|poke|p2|Gliscor, F|item
|rule|Species Clause: Limit one of each Pokémon
|rule|OHKO Clause: OHKO moves are banned
|rule|Moody Clause: Moody is banned
|rule|Evasion Moves Clause: Evasion moves are banned
|rule|Endless Battle Clause: Forcing endless battles is banned
|rule|HP Percentage Mod: HP is shown in percentages
|rule|Evasion Abilities Clause: Evasion abilities are banned
|rule|Baton Pass Clause: Limit one Baton Passer, can't pass Spe and other stats simultaneously
|rule|Sleep Clause: Sleep-inducing moves are banned
|rule|Swagger Clause: Swagger is banned
|teampreview
|
|start
|switch|p1a: Gliscor|Gliscor, M|100/100
|switch|p2a: Excadrill|Excadrill, F|100/100
|turn|1
|
|switch|p2a: Latios|Latios, M|100/100
|move|p1a: Gliscor|Substitute|p1a: Gliscor
|-start|p1a: Gliscor|Substitute
|-damage|p1a: Gliscor|76/100
|
|-status|p1a: Gliscor|tox|[from] item: Toxic Orb
|upkeep
|turn|2
|
|switch|p2a: Amoonguss|Amoonguss, M|100/100
|move|p1a: Gliscor|Toxic|p2a: Amoonguss
|-immune|p2a: Amoonguss
|
|-heal|p1a: Gliscor|88/100 tox|[from] ability: Poison Heal
|upkeep
|turn|3
|
|move|p1a: Gliscor|Earthquake|p2a: Amoonguss
|-damage|p2a: Amoonguss|66/100
|move|p2a: Amoonguss|Hidden Power|p1a: Gliscor
|-supereffective|p1a: Gliscor
|-crit|p1a: Gliscor
|-end|p1a: Gliscor|Substitute
|
|-heal|p2a: Amoonguss|72/100|[from] item: Black Sludge
|-heal|p1a: Gliscor|100/100 tox|[from] ability: Poison Heal
|upkeep
|turn|4
|
|switch|p1a: Heatran|Heatran, M|100/100
|move|p2a: Amoonguss|Stun Spore|p1a: Heatran
|-status|p1a: Heatran|par
|
|-heal|p2a: Amoonguss|79/100|[from] item: Black Sludge
|upkeep
|turn|5
|
|switch|p2a: Tyranitar|Tyranitar, M|100/100
|-weather|Sandstorm|[from] ability: Sand Stream|[of] p2a: Tyranitar
|cant|p1a: Heatran|par
|
|-weather|Sandstorm|[upkeep]
|upkeep
|turn|6
|
|move|p2a: Tyranitar|Stealth Rock|p1a: Heatran
|-sidestart|p1: koumite|move: Stealth Rock
|cant|p1a: Heatran|par
|
|-weather|Sandstorm|[upkeep]
|upkeep
|turn|7
|
|move|p2a: Tyranitar|Superpower|p1a: Heatran
|-supereffective|p1a: Heatran
|-damage|p1a: Heatran|37/100 par
|-unboost|p2a: Tyranitar|atk|1
|-unboost|p2a: Tyranitar|def|1
|move|p1a: Heatran|Lava Plume|p2a: Tyranitar
|-resisted|p2a: Tyranitar
|-damage|p2a: Tyranitar|92/100
|
|-weather|Sandstorm|[upkeep]
|-heal|p1a: Heatran|43/100 par|[from] item: Leftovers
|upkeep
|turn|8
|
|move|p2a: Tyranitar|Superpower|p1a: Heatran
|-supereffective|p1a: Heatran
|-damage|p1a: Heatran|0 fnt
|-unboost|p2a: Tyranitar|atk|1
|-unboost|p2a: Tyranitar|def|1
|faint|p1a: Heatran
|
|-weather|Sandstorm|[upkeep]
|upkeep
|
|switch|p1a: Tyranitar|Tyranitar, M|100/100
|-damage|p1a: Tyranitar|88/100|[from] Stealth Rock
|turn|9
|
|-activate|p2a: Tyranitar|move: Pursuit
|move|p1a: Tyranitar|Pursuit|p2a: Tyranitar|[from]Pursuit
|-resisted|p2a: Tyranitar
|-damage|p2a: Tyranitar|59/100
|switch|p2a: Gliscor|Gliscor, F|100/100
|
|-weather|Sandstorm|[upkeep]
|-status|p2a: Gliscor|tox|[from] item: Toxic Orb
|upkeep
|turn|10
|
|switch|p1a: Skarmory|Skarmory, M|100/100
|-damage|p1a: Skarmory|88/100|[from] Stealth Rock
|switch|p2a: Magnezone|Magnezone|100/100
|-item|p2a: Magnezone|Air Balloon
|
|-weather|Sandstorm|[upkeep]
|-heal|p1a: Skarmory|94/100|[from] item: Leftovers
|upkeep
|turn|11
|
|move|p2a: Magnezone|Thunderbolt|p1a: Skarmory
|-supereffective|p1a: Skarmory
|-damage|p1a: Skarmory|0 fnt
|faint|p1a: Skarmory
|
|-weather|Sandstorm|[upkeep]
|upkeep
|-message|koumite forfeited.
|
|win|rose of geass
|l|☆koumite
|c|☆rose of geass|gg
|raw|koumite's rating: 1319 &rarr; <strong>1300</strong><br />(-19 for losing)
|raw|rose of geass's rating: 1332 &rarr; <strong>1352</strong><br />(+20 for winning)
