|j|☆B1kharma
|j|☆happy_hitbox
|t:|1732053165
|gametype|singles
|player|p1|B1kharma|#wcop2023belgium|1442
|player|p2|happy_hitbox|gentleman-gen4|1421
|teamsize|p1|6
|teamsize|p2|6
|gen|5
|tier|[Gen 5] OU
|rated|
|rule|Species Clause: Limit one of each Pokémon
|rule|OHKO Clause: OHKO moves are banned
|rule|Moody Clause: Moody is banned
|rule|Evasion Items Clause: Evasion items are banned
|rule|Evasion Moves Clause: Evasion moves are banned
|rule|Endless Battle Clause: Forcing endless battles is banned
|rule|HP Percentage Mod: HP is shown in percentages
|rule|Evasion Abilities Clause: Evasion abilities are banned
|rule|Sleep Moves Clause: Sleep-inducing moves are banned
|rule|Swagger Clause: Swagger is banned
|rule|Baton Pass Stat Clause: No Baton Passer may have a way to boost its stats
|clearpoke
|poke|p1|Tyranitar, M|item
|poke|p1|Landorus-Therian, M|item
|poke|p1|Excadrill, M|item
|poke|p1|Terrakion|item
|poke|p1|Rotom-Wash|item
|poke|p1|Latios, M|item
|poke|p2|Jirachi|item
|poke|p2|Seismitoad, F|item
|poke|p2|Politoed, F|item
|poke|p2|Forretress, F|item
|poke|p2|Breloom, M|item
|poke|p2|Volcarona, F|item
|teampreview
|inactive|Battle timer is ON: inactive players will automatically lose when time's up. (requested by B1kharma)
|c|☆happy_hitbox|glhf
|
|t:|1732053182
|start
|switch|p1a: Landorus|Landorus-Therian, M|100/100
|switch|p2a: Seismitoad|Seismitoad, F|100/100
|-ability|p1a: Landorus|Intimidate|boost
|-unboost|p2a: Seismitoad|atk|1
|turn|1
|
|t:|1732053187
|move|p1a: Landorus|U-turn|p2a: Seismitoad
|-damage|p2a: Seismitoad|79/100
|
|t:|1732053190
|switch|p1a: Latios|Latios, M, shiny|100/100|[from] U-turn
|move|p2a: Seismitoad|Stealth Rock|p1a: Latios
|-sidestart|p1: B1kharma|move: Stealth Rock
|
|-heal|p2a: Seismitoad|85/100|[from] item: Leftovers
|upkeep
|turn|2
|
|t:|1732053218
|switch|p2a: Jirachi|Jirachi|100/100
|move|p1a: Latios|Calm Mind|p1a: Latios
|-boost|p1a: Latios|spa|1
|-boost|p1a: Latios|spd|1
|
|upkeep
|turn|3
|
|t:|1732053222
|move|p1a: Latios|Surf|p2a: Jirachi
|-damage|p2a: Jirachi|69/100
|move|p2a: Jirachi|Thunder|p1a: Latios
|-resisted|p1a: Latios
|-damage|p1a: Latios|92/100
|-status|p1a: Latios|par
|
|-heal|p2a: Jirachi|75/100|[from] item: Leftovers
|upkeep
|turn|4
|
|t:|1732053230
|move|p2a: Jirachi|Iron Head|p1a: Latios
|-damage|p1a: Latios|58/100 par
|cant|p1a: Latios|flinch
|
|-heal|p2a: Jirachi|81/100|[from] item: Leftovers
|upkeep
|turn|5
|
|t:|1732053234
|switch|p1a: Landorus|Landorus-Therian, M|100/100
|-damage|p1a: Landorus|88/100|[from] Stealth Rock
|-ability|p1a: Landorus|Intimidate|boost
|-unboost|p2a: Jirachi|atk|1
|move|p2a: Jirachi|Iron Head|p1a: Landorus
|-crit|p1a: Landorus
|-damage|p1a: Landorus|19/100
|
|-heal|p2a: Jirachi|87/100|[from] item: Leftovers
|upkeep
|turn|6
|
|t:|1732053246
|switch|p2a: Forretress|Forretress, F|100/100
|move|p1a: Landorus|Stealth Rock|p2a: Forretress
|-sidestart|p2: happy_hitbox|move: Stealth Rock
|
|upkeep
|turn|7
|
|t:|1732053251
|switch|p1a: Tyranitar|Tyranitar, M|100/100
|-damage|p1a: Tyranitar|88/100|[from] Stealth Rock
|-weather|Sandstorm|[from] ability: Sand Stream|[of] p1a: Tyranitar
|move|p2a: Forretress|Rapid Spin|p1a: Tyranitar
|-resisted|p1a: Tyranitar
|-damage|p1a: Tyranitar|87/100
|-sideend|p2: happy_hitbox|Stealth Rock|[from] move: Rapid Spin|[of] p2a: Forretress
|
|-weather|Sandstorm|[upkeep]
|upkeep
|turn|8
|
|t:|1732053254
|switch|p2a: Politoed|Politoed, F|100/100
|-weather|RainDance|[from] ability: Drizzle|[of] p2a: Politoed
|move|p1a: Tyranitar|Stealth Rock|p2a: Politoed
|-sidestart|p2: happy_hitbox|move: Stealth Rock
|
|-weather|RainDance|[upkeep]
|upkeep
|turn|9
|
|t:|1732053262
|switch|p1a: Rotom|Rotom-Wash, shiny|100/100
|-damage|p1a: Rotom|88/100|[from] Stealth Rock
|move|p2a: Politoed|Hydro Pump|p1a: Rotom
|-resisted|p1a: Rotom
|-damage|p1a: Rotom|25/100
|
|-weather|RainDance|[upkeep]
|-heal|p1a: Rotom|31/100|[from] item: Leftovers
|upkeep
|turn|10
|
|t:|1732053271
|switch|p2a: Seismitoad|Seismitoad, F|85/100
|-damage|p2a: Seismitoad|79/100|[from] Stealth Rock
|move|p1a: Rotom|Volt Switch|p2a: Seismitoad
|-immune|p2a: Seismitoad
|
|-weather|RainDance|[upkeep]
|-heal|p1a: Rotom|37/100|[from] item: Leftovers
|-heal|p2a: Seismitoad|85/100|[from] item: Leftovers
|upkeep
|turn|11
|
|t:|1732053280
|move|p1a: Rotom|Pain Split|p2a: Seismitoad
|-sethp|p2a: Seismitoad|56/100|[from] move: Pain Split|[silent]
|-sethp|p1a: Rotom|76/100|[from] move: Pain Split
|move|p2a: Seismitoad|Scald|p1a: Rotom
|-resisted|p1a: Rotom
|-crit|p1a: Rotom
|-damage|p1a: Rotom|40/100
|-status|p1a: Rotom|brn
|
|-weather|RainDance|[upkeep]
|-heal|p1a: Rotom|47/100 brn|[from] item: Leftovers
|-heal|p2a: Seismitoad|62/100|[from] item: Leftovers
|-damage|p1a: Rotom|34/100 brn|[from] brn
|upkeep
|turn|12
|
|t:|1732053295
|switch|p1a: Tyranitar|Tyranitar, M|87/100
|-damage|p1a: Tyranitar|74/100|[from] Stealth Rock
|-weather|Sandstorm|[from] ability: Sand Stream|[of] p1a: Tyranitar
|move|p2a: Seismitoad|Scald|p1a: Tyranitar
|-supereffective|p1a: Tyranitar
|-crit|p1a: Tyranitar
|-damage|p1a: Tyranitar|29/100
|-status|p1a: Tyranitar|brn
|
|-weather|Sandstorm|[upkeep]
|-heal|p2a: Seismitoad|68/100|[from] item: Leftovers
|-damage|p1a: Tyranitar|17/100 brn|[from] brn
|upkeep
|turn|13
|c|☆happy_hitbox|im so srry man
|inactive|B1kharma has 120 seconds left.
|c|☆B1kharma|Not your fault, looks like my Luck tonight is fucked up
|
|t:|1732053349
|switch|p1a: Latios|Latios, M, shiny|58/100 par
|-damage|p1a: Latios|46/100 par|[from] Stealth Rock
|move|p2a: Seismitoad|Scald|p1a: Latios
|-resisted|p1a: Latios
|-damage|p1a: Latios|34/100 par
|
|-weather|Sandstorm|[upkeep]
|-damage|p1a: Latios|28/100 par|[from] Sandstorm
|-heal|p2a: Seismitoad|74/100|[from] item: Leftovers
|upkeep
|turn|14
|
|t:|1732053360
|switch|p2a: Jirachi|Jirachi|87/100
|-damage|p2a: Jirachi|81/100|[from] Stealth Rock
|move|p1a: Latios|Roost|p1a: Latios
|-heal|p1a: Latios|78/100 par
|-singleturn|p1a: Latios|move: Roost
|
|-weather|Sandstorm|[upkeep]
|-damage|p1a: Latios|72/100 par|[from] Sandstorm
|-heal|p2a: Jirachi|87/100|[from] item: Leftovers
|upkeep
|turn|15
|
|t:|1732053369
|switch|p1a: Excadrill|Excadrill, M|100/100
|-damage|p1a: Excadrill|97/100|[from] Stealth Rock
|move|p2a: Jirachi|U-turn|p1a: Excadrill
|-resisted|p1a: Excadrill
|-damage|p1a: Excadrill|87/100
|
|t:|1732053375
|switch|p2a: Breloom|Breloom, M|100/100|[from] U-turn
|-damage|p2a: Breloom|94/100|[from] Stealth Rock
|
|-weather|Sandstorm|[upkeep]
|-damage|p2a: Breloom|88/100|[from] Sandstorm
|-heal|p1a: Excadrill|93/100|[from] item: Leftovers
|upkeep
|turn|16
|
|t:|1732053382
|switch|p1a: Landorus|Landorus-Therian, M|19/100
|-damage|p1a: Landorus|7/100|[from] Stealth Rock
|-ability|p1a: Landorus|Intimidate|boost
|-unboost|p2a: Breloom|atk|1
|move|p2a: Breloom|Mach Punch|p1a: Landorus
|-resisted|p1a: Landorus
|-damage|p1a: Landorus|0 fnt
|faint|p1a: Landorus
|
|-weather|Sandstorm|[upkeep]
|-damage|p2a: Breloom|82/100|[from] Sandstorm
|upkeep
|
|t:|1732053385
|switch|p1a: Terrakion|Terrakion|100/100
|-damage|p1a: Terrakion|94/100|[from] Stealth Rock
|turn|17
|
|t:|1732053394
|switch|p2a: Volcarona|Volcarona, F|100/100
|-damage|p2a: Volcarona|51/100|[from] Stealth Rock
|move|p1a: Terrakion|Close Combat|p2a: Volcarona
|-resisted|p2a: Volcarona
|-damage|p2a: Volcarona|0 fnt
|-unboost|p1a: Terrakion|def|1
|-unboost|p1a: Terrakion|spd|1
|-status|p1a: Terrakion|brn|[from] ability: Flame Body|[of] p2a: Volcarona
|faint|p2a: Volcarona
|
|-weather|Sandstorm|[upkeep]
|-damage|p1a: Terrakion|82/100 brn|[from] brn
|upkeep
|-message|B1kharma forfeited.
|
|win|happy_hitbox
|raw|B1kharma's rating: 1442 &rarr; <strong>1421</strong><br />(-21 for losing)
|raw|happy_hitbox's rating: 1421 &rarr; <strong>1442</strong><br />(+21 for winning)
|c|☆B1kharma|Gg
|l|☆B1kharma
|player|p1|
