|j|☆shyamm98
|j|☆kingmagikarps
|t:|1597287074
|player|p1|shyamm98|firebreather|1427
|player|p2|kingmagikarps|fisherman-gen4|1429
|teamsize|p1|6
|teamsize|p2|6
|gametype|singles
|gen|5
|tier|[Gen 5] OU
|rated|
|clearpoke
|poke|p1|Abomasnow, M|item
|poke|p1|Kyurem-Black|item
|poke|p1|Scizor, F|item
|poke|p1|Tentacruel, M|item
|poke|p1|Landorus-Therian, M|item
|poke|p1|Reuniclus, F|item
|poke|p2|Tyranitar, M|item
|poke|p2|Keldeo|item
|poke|p2|Heatran, M|item
|poke|p2|Amoonguss, M|item
|poke|p2|Landorus-Therian, M|item
|poke|p2|Excadrill, M|item
|rule|Species Clause: Limit one of each Pokémon
|rule|OHKO Clause: OHKO moves are banned
|rule|Moody Clause: Moody is banned
|rule|Evasion Moves Clause: Evasion moves are banned
|rule|Endless Battle Clause: Forcing endless battles is banned
|rule|HP Percentage Mod: HP is shown in percentages
|rule|Evasion Abilities Clause: Evasion abilities are banned
|rule|Baton Pass Clause: Limit one Baton Passer, can't pass Spe and other stats simultaneously
|rule|Sleep Clause: Sleep-inducing moves are banned
|rule|Swagger Clause: Swagger is banned
|teampreview
|inactive|Battle timer is ON: inactive players will automatically lose when time's up. (requested by kingmagikarps)
|
|t:|1597287099
|start
|switch|p1a: Landorus|Landorus-Therian, M|100/100
|switch|p2a: WAYYYYYYYY|Landorus-Therian, M|100/100
|-ability|p2a: WAYYYYYYYY|Intimidate|boost
|-unboost|p1a: Landorus|atk|1
|-ability|p1a: Landorus|Intimidate|boost
|-unboost|p2a: WAYYYYYYYY|atk|1
|turn|1
|
|t:|1597287121
|move|p2a: WAYYYYYYYY|U-turn|p1a: Landorus
|-resisted|p1a: Landorus
|-damage|p1a: Landorus|94/100
|-damage|p2a: WAYYYYYYYY|84/100|[from] item: Rocky Helmet|[of] p1a: Landorus
|
|t:|1597287131
|switch|p2a: BOROBORO DA!!|Keldeo|100/100|[from]move: U-turn
|move|p1a: Landorus|Hidden Power|p2a: BOROBORO DA!!
|-resisted|p2a: BOROBORO DA!!
|-damage|p2a: BOROBORO DA!!|91/100
|
|-heal|p2a: BOROBORO DA!!|97/100|[from] item: Leftovers
|upkeep
|turn|2
|inactive|kingmagikarps has 120 seconds left.
|
|t:|1597287165
|switch|p2a: SAN!!|Amoonguss, M|100/100
|switch|p1a: Tentacruel|Tentacruel, M|100/100
|
|upkeep
|turn|3
|inactive|shyamm98 has 120 seconds left.
|
|t:|1597287197
|switch|p1a: Reuniclus|Reuniclus, F|100/100
|move|p2a: SAN!!|Stun Spore|p1a: Reuniclus|[miss]
|-miss|p2a: SAN!!|p1a: Reuniclus
|
|upkeep
|turn|4
|inactive|shyamm98 has 120 seconds left.
|inactive|kingmagikarps has 120 seconds left.
|inactive|kingmagikarps has 90 seconds left.
|
|t:|1597287237
|move|p2a: SAN!!|Stun Spore|p1a: Reuniclus|[miss]
|-miss|p2a: SAN!!|p1a: Reuniclus
|move|p1a: Reuniclus|Calm Mind|p1a: Reuniclus
|-boost|p1a: Reuniclus|spa|1
|-boost|p1a: Reuniclus|spd|1
|
|upkeep
|turn|5
|inactive|shyamm98 has 120 seconds left.
|inactive|kingmagikarps has 90 seconds left.
|
|t:|1597287252
|switch|p2a: GEGEGEGE|Tyranitar, M|100/100
|-weather|Sandstorm|[from] ability: Sand Stream|[of] p2a: GEGEGEGE
|move|p1a: Reuniclus|Calm Mind|p1a: Reuniclus
|-boost|p1a: Reuniclus|spa|1
|-boost|p1a: Reuniclus|spd|1
|
|-weather|Sandstorm|[upkeep]
|upkeep
|turn|6
|
|t:|1597287260
|move|p2a: GEGEGEGE|Crunch|p1a: Reuniclus
|-supereffective|p1a: Reuniclus
|-damage|p1a: Reuniclus|48/100
|move|p1a: Reuniclus|Focus Blast|p2a: GEGEGEGE
|-supereffective|p2a: GEGEGEGE
|-enditem|p2a: GEGEGEGE|Chople Berry|[eat]
|-enditem|p2a: GEGEGEGE|Chople Berry|[weaken]
|-damage|p2a: GEGEGEGE|34/100
|-unboost|p2a: GEGEGEGE|spd|1
|
|-weather|Sandstorm|[upkeep]
|-heal|p1a: Reuniclus|54/100|[from] item: Leftovers
|upkeep
|turn|7
|inactive|shyamm98 has 120 seconds left.
|j| Kautilya07
|
|t:|1597287274
|move|p2a: GEGEGEGE|Crunch|p1a: Reuniclus
|-supereffective|p1a: Reuniclus
|-damage|p1a: Reuniclus|0 fnt
|faint|p1a: Reuniclus
|
|-weather|Sandstorm|[upkeep]
|upkeep
|
|t:|1597287284
|switch|p1a: Landorus|Landorus-Therian, M|94/100
|-ability|p1a: Landorus|Intimidate|boost
|-unboost|p2a: GEGEGEGE|atk|1
|turn|8
|inactive|shyamm98 has 120 seconds left.
|
|t:|1597287294
|switch|p2a: SAN!!|Amoonguss, M|100/100
|move|p1a: Landorus|Stealth Rock|p2a: SAN!!
|-sidestart|p2: kingmagikarps|move: Stealth Rock
|
|-weather|Sandstorm|[upkeep]
|-damage|p2a: SAN!!|94/100|[from] Sandstorm
|-heal|p2a: SAN!!|100/100|[from] item: Black Sludge
|upkeep
|turn|9
|inactive|shyamm98 has 120 seconds left.
|
|t:|1597287321
|move|p1a: Landorus|U-turn|p2a: SAN!!
|-damage|p2a: SAN!!|78/100
|
|t:|1597287324
|switch|p1a: Abomasnow|Abomasnow, M|100/100|[from]move: U-turn
|-weather|Hail|[from] ability: Snow Warning|[of] p1a: Abomasnow
|move|p2a: SAN!!|Stun Spore|p1a: Abomasnow
|-status|p1a: Abomasnow|par
|
|-weather|Hail|[upkeep]
|-damage|p2a: SAN!!|72/100|[from] Hail
|-heal|p2a: SAN!!|78/100|[from] item: Black Sludge
|upkeep
|turn|10
|inactive|kingmagikarps has 90 seconds left.
|
|t:|1597287351
|switch|p2a: KARA-MISO!|Excadrill, M|100/100
|-damage|p2a: KARA-MISO!|98/100|[from] Stealth Rock
|-ability|p2a: KARA-MISO!|Mold Breaker
|move|p1a: Abomasnow|Leech Seed|p2a: KARA-MISO!
|-start|p2a: KARA-MISO!|move: Leech Seed
|
|-weather|Hail|[upkeep]
|-damage|p2a: KARA-MISO!|92/100|[from] Hail
|-heal|p2a: KARA-MISO!|98/100|[from] item: Leftovers
|-damage|p2a: KARA-MISO!|85/100|[from] Leech Seed|[of] p1a: Abomasnow
|upkeep
|turn|11
|
|t:|1597287362
|move|p1a: Abomasnow|Protect|p1a: Abomasnow
|-singleturn|p1a: Abomasnow|Protect
|move|p2a: KARA-MISO!|Rapid Spin|p1a: Abomasnow
|-activate|p1a: Abomasnow|move: Protect
|
|-weather|Hail|[upkeep]
|-damage|p2a: KARA-MISO!|79/100|[from] Hail
|-heal|p2a: KARA-MISO!|85/100|[from] item: Leftovers
|-damage|p2a: KARA-MISO!|73/100|[from] Leech Seed|[of] p1a: Abomasnow
|upkeep
|turn|12
|
|t:|1597287372
|move|p2a: KARA-MISO!|Rapid Spin|p1a: Abomasnow
|-damage|p1a: Abomasnow|94/100 par
|-end|p2a: KARA-MISO!|Leech Seed|[from] move: Rapid Spin|[of] p2a: KARA-MISO!
|-sideend|p2: kingmagikarps|Stealth Rock|[from] move: Rapid Spin|[of] p2a: KARA-MISO!
|cant|p1a: Abomasnow|par
|
|-weather|Hail|[upkeep]
|-damage|p2a: KARA-MISO!|67/100|[from] Hail
|-heal|p2a: KARA-MISO!|73/100|[from] item: Leftovers
|-heal|p1a: Abomasnow|99/100 par|[from] item: Leftovers
|upkeep
|turn|13
|
|t:|1597287389
|switch|p2a: GEGEGEGE|Tyranitar, M|34/100
|-weather|Sandstorm|[from] ability: Sand Stream|[of] p2a: GEGEGEGE
|move|p1a: Abomasnow|Hidden Power|p2a: GEGEGEGE
|-resisted|p2a: GEGEGEGE
|-damage|p2a: GEGEGEGE|31/100
|
|-weather|Sandstorm|[upkeep]
|-damage|p1a: Abomasnow|94/100 par|[from] Sandstorm
|-heal|p1a: Abomasnow|99/100 par|[from] item: Leftovers
|upkeep
|turn|14
|inactive|kingmagikarps has 90 seconds left.
|
|t:|1597287436
|switch|p1a: Landorus|Landorus-Therian, M|94/100
|-ability|p1a: Landorus|Intimidate|boost
|-unboost|p2a: GEGEGEGE|atk|1
|move|p2a: GEGEGEGE|Stealth Rock|p1a: Landorus
|-sidestart|p1: shyamm98|move: Stealth Rock
|
|-weather|Sandstorm|[upkeep]
|upkeep
|turn|15
|inactive|kingmagikarps has 60 seconds left.
|
|t:|1597287475
|switch|p2a: BOROBORO DA!!|Keldeo|97/100
|move|p1a: Landorus|Earthquake|p2a: BOROBORO DA!!
|-crit|p2a: BOROBORO DA!!
|-damage|p2a: BOROBORO DA!!|0 fnt
|faint|p2a: BOROBORO DA!!
|
|-weather|Sandstorm|[upkeep]
|upkeep
|
|t:|1597287484
|switch|p2a: WAYYYYYYYY|Landorus-Therian, M|84/100
|-ability|p2a: WAYYYYYYYY|Intimidate|boost
|-unboost|p1a: Landorus|atk|1
|turn|16
|inactive|shyamm98 has 120 seconds left.
|
|t:|1597287491
|switch|p2a: SAN!!|Amoonguss, M|100/100
|move|p1a: Landorus|Hidden Power|p2a: SAN!!
|-supereffective|p2a: SAN!!
|-crit|p2a: SAN!!
|-damage|p2a: SAN!!|55/100
|
|-weather|Sandstorm|[upkeep]
|-damage|p2a: SAN!!|49/100|[from] Sandstorm
|-heal|p2a: SAN!!|55/100|[from] item: Black Sludge
|upkeep
|turn|17
|c|☆shyamm98|2 crits in a row
|inactive|shyamm98 has 120 seconds left.
|c|☆shyamm98|must be my lucky day
|
|t:|1597287514
|move|p1a: Landorus|U-turn|p2a: SAN!!
|-damage|p2a: SAN!!|42/100
|
|t:|1597287516
|switch|p1a: Kyurem|Kyurem-Black|100/100|[from]move: U-turn
|-damage|p1a: Kyurem|76/100|[from] Stealth Rock
|-ability|p1a: Kyurem|Teravolt
|move|p2a: SAN!!|Stun Spore|p1a: Kyurem
|-status|p1a: Kyurem|par
|
|-weather|Sandstorm|[upkeep]
|-damage|p2a: SAN!!|35/100|[from] Sandstorm
|-damage|p1a: Kyurem|69/100 par|[from] Sandstorm
|-heal|p2a: SAN!!|42/100|[from] item: Black Sludge
|-heal|p1a: Kyurem|76/100 par|[from] item: Leftovers
|upkeep
|turn|18
|inactive|shyamm98 has 120 seconds left.
|
|t:|1597287535
|switch|p2a: KARA-MISO!|Excadrill, M|73/100
|-ability|p2a: KARA-MISO!|Mold Breaker
|move|p1a: Kyurem|Earth Power|p2a: KARA-MISO!
|-supereffective|p2a: KARA-MISO!
|-damage|p2a: KARA-MISO!|24/100
|
|-weather|Sandstorm|[upkeep]
|-damage|p1a: Kyurem|69/100 par|[from] Sandstorm
|-heal|p2a: KARA-MISO!|30/100|[from] item: Leftovers
|-heal|p1a: Kyurem|76/100 par|[from] item: Leftovers
|upkeep
|turn|19
|inactive|shyamm98 has 120 seconds left.
|
|t:|1597287546
|switch|p1a: Landorus|Landorus-Therian, M|94/100
|-damage|p1a: Landorus|82/100|[from] Stealth Rock
|-ability|p1a: Landorus|Intimidate|boost
|-unboost|p2a: KARA-MISO!|atk|1
|move|p2a: KARA-MISO!|Earthquake|p1a: Landorus
|-immune|p1a: Landorus
|
|-weather|Sandstorm|[upkeep]
|-heal|p2a: KARA-MISO!|36/100|[from] item: Leftovers
|upkeep
|turn|20
|inactive|shyamm98 has 120 seconds left.
|
|t:|1597287563
|move|p1a: Landorus|Stealth Rock|p2a: KARA-MISO!
|-sidestart|p2: kingmagikarps|move: Stealth Rock
|move|p2a: KARA-MISO!|Toxic|p1a: Landorus
|-status|p1a: Landorus|tox
|
|-weather|Sandstorm|[upkeep]
|-heal|p2a: KARA-MISO!|42/100|[from] item: Leftovers
|-damage|p1a: Landorus|76/100 tox|[from] psn
|upkeep
|turn|21
|
|t:|1597287571
|move|p2a: KARA-MISO!|Protect|p2a: KARA-MISO!
|-singleturn|p2a: KARA-MISO!|Protect
|move|p1a: Landorus|Earthquake|p2a: KARA-MISO!
|-activate|p2a: KARA-MISO!|move: Protect
|
|-weather|Sandstorm|[upkeep]
|-heal|p2a: KARA-MISO!|48/100|[from] item: Leftovers
|-damage|p1a: Landorus|64/100 tox|[from] psn
|upkeep
|turn|22
|inactive|shyamm98 has 120 seconds left.
|inactive|kingmagikarps has 60 seconds left.
|inactive|kingmagikarps has 30 seconds left.
|
|t:|1597287614
|switch|p2a: GEGEGEGE|Tyranitar, M|31/100
|-damage|p2a: GEGEGEGE|18/100|[from] Stealth Rock
|move|p1a: Landorus|Hidden Power|p2a: GEGEGEGE
|-damage|p2a: GEGEGEGE|10/100
|
|-weather|Sandstorm|[upkeep]
|-damage|p1a: Landorus|45/100 tox|[from] psn
|upkeep
|turn|23
|inactive|kingmagikarps has 30 seconds left.
|inactive|shyamm98 has 120 seconds left.
|
|t:|1597287627
|switch|p2a: SAN!!|Amoonguss, M|75/100
|-damage|p2a: SAN!!|62/100|[from] Stealth Rock
|move|p1a: Landorus|U-turn|p2a: SAN!!
|-damage|p2a: SAN!!|39/100
|inactive|kingmagikarps has 30 seconds left this turn.
|inactive|shyamm98 has 120 seconds left.
|
|t:|1597287636
|switch|p1a: Kyurem|Kyurem-Black|76/100 par|[from]move: U-turn
|-damage|p1a: Kyurem|51/100 par|[from] Stealth Rock
|-ability|p1a: Kyurem|Teravolt
|
|-weather|Sandstorm|[upkeep]
|-damage|p2a: SAN!!|33/100|[from] Sandstorm
|-damage|p1a: Kyurem|44/100 par|[from] Sandstorm
|-heal|p2a: SAN!!|39/100|[from] item: Black Sludge
|-heal|p1a: Kyurem|51/100 par|[from] item: Leftovers
|upkeep
|turn|24
|inactive|shyamm98 has 120 seconds left.
|
|t:|1597287646
|switch|p2a: GEGEGEGE|Tyranitar, M|10/100
|-damage|p2a: GEGEGEGE|0 fnt|[from] Stealth Rock
|faint|p2a: GEGEGEGE
|move|p1a: Kyurem|Ice Beam|p2: GEGEGEGE|[notarget]
|-fail|p1a: Kyurem
|
|-weather|Sandstorm|[upkeep]
|-damage|p1a: Kyurem|44/100 par|[from] Sandstorm
|-heal|p1a: Kyurem|51/100 par|[from] item: Leftovers
|upkeep
|inactive|kingmagikarps has 30 seconds left.
|inactive|kingmagikarps has 20 seconds left.
|inactive|kingmagikarps has 15 seconds left.
|inactive|kingmagikarps has 10 seconds left.
|c|☆shyamm98|watch time
|inactive|kingmagikarps has 5 seconds left.
|
|t:|1597287690
|switch|p2a: WAYYYYYYYY|Landorus-Therian, M|84/100
|-damage|p2a: WAYYYYYYYY|71/100|[from] Stealth Rock
|-ability|p2a: WAYYYYYYYY|Intimidate|boost
|-unboost|p1a: Kyurem|atk|1
|turn|25
|inactive|kingmagikarps has 15 seconds left this turn.
|
|t:|1597287695
|move|p2a: WAYYYYYYYY|Superpower|p1a: Kyurem
|-supereffective|p1a: Kyurem
|-damage|p1a: Kyurem|0 fnt
|-unboost|p2a: WAYYYYYYYY|atk|1
|-unboost|p2a: WAYYYYYYYY|def|1
|faint|p1a: Kyurem
|
|-weather|Sandstorm|[upkeep]
|upkeep
|inactive|kingmagikarps has 20 seconds left this turn.
|
|t:|1597287708
|switch|p1a: Landorus|Landorus-Therian, M|45/100 tox
|-damage|p1a: Landorus|33/100 tox|[from] Stealth Rock
|-ability|p1a: Landorus|Intimidate|boost
|-unboost|p2a: WAYYYYYYYY|atk|1
|turn|26
|inactive|kingmagikarps has 30 seconds left this turn.
|
|t:|1597287716
|switch|p2a: KARA-MISO!|Excadrill, M|48/100
|-damage|p2a: KARA-MISO!|46/100|[from] Stealth Rock
|-ability|p2a: KARA-MISO!|Mold Breaker
|move|p1a: Landorus|Earthquake|p2a: KARA-MISO!
|-supereffective|p2a: KARA-MISO!
|-damage|p2a: KARA-MISO!|0 fnt
|faint|p2a: KARA-MISO!
|
|-weather|Sandstorm|[upkeep]
|-damage|p1a: Landorus|27/100 tox|[from] psn
|upkeep
|inactive|kingmagikarps has 30 seconds left this turn.
|
|t:|1597287724
|switch|p2a: WAYYYYYYYY|Landorus-Therian, M|71/100
|-damage|p2a: WAYYYYYYYY|59/100|[from] Stealth Rock
|-ability|p2a: WAYYYYYYYY|Intimidate|boost
|-unboost|p1a: Landorus|atk|1
|turn|27
|inactive|kingmagikarps has 30 seconds left.
|
|t:|1597287730
|move|p2a: WAYYYYYYYY|Hidden Power|p1a: Landorus
|-supereffective|p1a: Landorus
|-damage|p1a: Landorus|0 fnt
|faint|p1a: Landorus
|
|-weather|Sandstorm|[upkeep]
|upkeep
|
|t:|1597287736
|switch|p1a: Abomasnow|Abomasnow, M|99/100 par
|-damage|p1a: Abomasnow|75/100 par|[from] Stealth Rock
|-weather|Hail|[from] ability: Snow Warning|[of] p1a: Abomasnow
|turn|28
|
|t:|1597287746
|switch|p2a: SAYOKO!!!|Heatran, M|100/100
|-damage|p2a: SAYOKO!!!|88/100|[from] Stealth Rock
|cant|p1a: Abomasnow|par
|
|-weather|Hail|[upkeep]
|-damage|p2a: SAYOKO!!!|82/100|[from] Hail
|-heal|p2a: SAYOKO!!!|88/100|[from] item: Leftovers
|-heal|p1a: Abomasnow|81/100 par|[from] item: Leftovers
|upkeep
|turn|29
|
|t:|1597287762
|move|p1a: Abomasnow|Protect|p1a: Abomasnow
|-singleturn|p1a: Abomasnow|Protect
|move|p2a: SAYOKO!!!|Magma Storm|p1a: Abomasnow
|-activate|p1a: Abomasnow|move: Protect
|
|-weather|Hail|[upkeep]
|-damage|p2a: SAYOKO!!!|82/100|[from] Hail
|-heal|p2a: SAYOKO!!!|88/100|[from] item: Leftovers
|-heal|p1a: Abomasnow|88/100 par|[from] item: Leftovers
|upkeep
|turn|30
|
|t:|1597287771
|move|p2a: SAYOKO!!!|Magma Storm|p1a: Abomasnow
|-supereffective|p1a: Abomasnow
|-damage|p1a: Abomasnow|0 fnt
|faint|p1a: Abomasnow
|
|-weather|Hail|[upkeep]
|-damage|p2a: SAYOKO!!!|82/100|[from] Hail
|-heal|p2a: SAYOKO!!!|88/100|[from] item: Leftovers
|upkeep
|
|t:|1597287778
|switch|p1a: Tentacruel|Tentacruel, M|100/100
|-damage|p1a: Tentacruel|88/100|[from] Stealth Rock
|turn|31
|inactive|kingmagikarps has 60 seconds left.
|
|t:|1597287788
|switch|p2a: SAN!!|Amoonguss, M|72/100
|-damage|p2a: SAN!!|60/100|[from] Stealth Rock
|move|p1a: Tentacruel|Scald|p2a: SAN!!
|-resisted|p2a: SAN!!
|-damage|p2a: SAN!!|51/100
|-status|p2a: SAN!!|brn
|
|-weather|Hail|[upkeep]
|-damage|p1a: Tentacruel|82/100|[from] Hail
|-damage|p2a: SAN!!|45/100 brn|[from] Hail
|-heal|p1a: Tentacruel|88/100|[from] item: Black Sludge
|-heal|p2a: SAN!!|51/100 brn|[from] item: Black Sludge
|-damage|p2a: SAN!!|39/100 brn|[from] brn
|upkeep
|turn|32
|inactive|kingmagikarps has 60 seconds left.
|
|t:|1597287806
|move|p1a: Tentacruel|Protect|p1a: Tentacruel
|-singleturn|p1a: Tentacruel|Protect
|move|p2a: SAN!!|Stun Spore|p1a: Tentacruel
|-activate|p1a: Tentacruel|move: Protect
|
|-weather|Hail|[upkeep]
|-damage|p1a: Tentacruel|82/100|[from] Hail
|-damage|p2a: SAN!!|32/100 brn|[from] Hail
|-heal|p1a: Tentacruel|88/100|[from] item: Black Sludge
|-heal|p2a: SAN!!|39/100 brn|[from] item: Black Sludge
|-damage|p2a: SAN!!|26/100 brn|[from] brn
|upkeep
|turn|33
|inactive|kingmagikarps has 60 seconds left.
|inactive|shyamm98 has 120 seconds left.
|
|t:|1597287836
|move|p1a: Tentacruel|Scald|p2a: SAN!!
|-resisted|p2a: SAN!!
|-damage|p2a: SAN!!|18/100 brn
|move|p2a: SAN!!|Stun Spore|p1a: Tentacruel
|-status|p1a: Tentacruel|par
|
|-weather|Hail|[upkeep]
|-damage|p2a: SAN!!|12/100 brn|[from] Hail
|-damage|p1a: Tentacruel|82/100 par|[from] Hail
|-heal|p2a: SAN!!|18/100 brn|[from] item: Black Sludge
|-heal|p1a: Tentacruel|88/100 par|[from] item: Black Sludge
|-damage|p2a: SAN!!|6/100 brn|[from] brn
|upkeep
|turn|34
|inactive|shyamm98 has 120 seconds left.
|
|t:|1597287848
|move|p2a: SAN!!|Giga Drain|p1a: Tentacruel
|-damage|p1a: Tentacruel|70/100 par
|-heal|p2a: SAN!!|14/100 brn|[from] drain|[of] p1a: Tentacruel
|cant|p1a: Tentacruel|par
|
|-weather|Hail|[upkeep]
|-damage|p2a: SAN!!|8/100 brn|[from] Hail
|-damage|p1a: Tentacruel|64/100 par|[from] Hail
|-heal|p2a: SAN!!|14/100 brn|[from] item: Black Sludge
|-heal|p1a: Tentacruel|70/100 par|[from] item: Black Sludge
|-damage|p2a: SAN!!|2/100 brn|[from] brn
|upkeep
|turn|35
|inactive|shyamm98 has 120 seconds left.
|
|t:|1597287859
|move|p1a: Tentacruel|Protect|p1a: Tentacruel
|-singleturn|p1a: Tentacruel|Protect
|move|p2a: SAN!!|Giga Drain|p1a: Tentacruel
|-activate|p1a: Tentacruel|move: Protect
|
|-weather|Hail|[upkeep]
|-damage|p2a: SAN!!|0 fnt|[from] Hail
|-damage|p1a: Tentacruel|64/100 par|[from] Hail
|faint|p2a: SAN!!
|-heal|p1a: Tentacruel|70/100 par|[from] item: Black Sludge
|upkeep
|
|t:|1597287862
|switch|p2a: WAYYYYYYYY|Landorus-Therian, M|59/100
|-damage|p2a: WAYYYYYYYY|46/100|[from] Stealth Rock
|-ability|p2a: WAYYYYYYYY|Intimidate|boost
|-unboost|p1a: Tentacruel|atk|1
|turn|36
|
|t:|1597287871
|move|p2a: WAYYYYYYYY|Earthquake|p1a: Tentacruel
|-supereffective|p1a: Tentacruel
|-damage|p1a: Tentacruel|0 fnt
|faint|p1a: Tentacruel
|
|-weather|Hail|[upkeep]
|-damage|p2a: WAYYYYYYYY|40/100|[from] Hail
|upkeep
|
|t:|1597287878
|switch|p1a: Scizor|Scizor, F|100/100
|-damage|p1a: Scizor|88/100|[from] Stealth Rock
|turn|37
|
|t:|1597287895
|move|p2a: WAYYYYYYYY|Earthquake|p1a: Scizor
|-damage|p1a: Scizor|42/100
|move|p1a: Scizor|Superpower|p2a: WAYYYYYYYY
|-resisted|p2a: WAYYYYYYYY
|-damage|p2a: WAYYYYYYYY|14/100
|-unboost|p1a: Scizor|atk|1
|-unboost|p1a: Scizor|def|1
|
|-weather|Hail|[upkeep]
|-damage|p2a: WAYYYYYYYY|8/100|[from] Hail
|-damage|p1a: Scizor|35/100|[from] Hail
|upkeep
|turn|38
|-message|shyamm98 forfeited.
|
|win|kingmagikarps
|l|☆shyamm98
|raw|shyamm98's rating: 1427 &rarr; <strong>1407</strong><br />(-20 for losing)
|raw|kingmagikarps's rating: 1429 &rarr; <strong>1449</strong><br />(+20 for winning)
