|j|☆Tangyz
|j|☆A Clockwork Orange
|t:|1743576295
|gametype|singles
|player|p1|Tangyz|shadowtriad|1423
|player|p2|A Clockwork Orange|170|1297
|teamsize|p1|6
|teamsize|p2|6
|gen|5
|tier|[Gen 5] OU
|rated|
|rule|Species Clause: Limit one of each Pokémon
|rule|OHKO Clause: OHKO moves are banned
|rule|Moody Clause: Moody is banned
|rule|Evasion Items Clause: Evasion items are banned
|rule|Evasion Moves Clause: Evasion moves are banned
|rule|Endless Battle Clause: Forcing endless battles is banned
|rule|HP Percentage Mod: HP is shown in percentages
|rule|Evasion Abilities Clause: Evasion abilities are banned
|rule|Sleep Moves Clause: Sleep-inducing moves are banned
|rule|Swagger Clause: Swagger is banned
|rule|Baton Pass Stat Clause: No Baton Passer may have a way to boost its stats
|clearpoke
|poke|p1|Politoed, F|item
|poke|p1|Latios, M|item
|poke|p1|Ferrothorn, M|item
|poke|p1|Keldeo|item
|poke|p1|Excadrill, F|item
|poke|p1|Thundurus-Therian, M|item
|poke|p2|Politoed, M|item
|poke|p2|Ferrothorn, M|item
|poke|p2|Dragonite, M|item
|poke|p2|Excadrill, F|item
|poke|p2|Latios, M|item
|poke|p2|Keldeo-Resolute|item
|teampreview
|inactive|Battle timer is ON: inactive players will automatically lose when time's up. (requested by Tangyz)
|
|t:|1743576305
|start
|switch|p1a: Latios|Latios, M, shiny|100/100
|switch|p2a: Dragonite|Dragonite, M|100/100
|turn|1
|
|t:|1743576312
|move|p1a: Latios|Draco Meteor|p2a: Dragonite
|-supereffective|p2a: Dragonite
|-damage|p2a: Dragonite|0 fnt
|-unboost|p1a: Latios|spa|2
|faint|p2a: Dragonite
|
|upkeep
|
|t:|1743576317
|switch|p2a: Ferrothorn|Ferrothorn, M|100/100
|turn|2
|
|t:|1743576320
|switch|p1a: Thundurus|Thundurus-Therian, M, shiny|100/100
|move|p2a: Ferrothorn|Stealth Rock|p1a: Thundurus
|-sidestart|p1: Tangyz|move: Stealth Rock
|
|upkeep
|turn|3
|
|t:|1743576327
|move|p1a: Thundurus|Focus Blast|p2a: Ferrothorn|[miss]
|-miss|p1a: Thundurus|p2a: Ferrothorn
|move|p2a: Ferrothorn|Spikes|p1a: Thundurus
|-sidestart|p1: Tangyz|Spikes
|
|upkeep
|turn|4
|
|t:|1743576331
|switch|p2a: Latios|Latios, M|100/100
|move|p1a: Thundurus|Focus Blast|p2a: Latios
|-resisted|p2a: Latios
|-damage|p2a: Latios|77/100
|
|upkeep
|turn|5
|
|t:|1743576336
|switch|p1a: Excadrill|Excadrill, F|100/100
|-damage|p1a: Excadrill|98/100|[from] Stealth Rock
|-damage|p1a: Excadrill|85/100|[from] Spikes
|-ability|p1a: Excadrill|Mold Breaker
|move|p2a: Latios|Surf|p1a: Excadrill
|-supereffective|p1a: Excadrill
|-damage|p1a: Excadrill|37/100
|
|-heal|p1a: Excadrill|43/100|[from] item: Leftovers
|upkeep
|turn|6
|
|t:|1743576348
|move|p1a: Excadrill|Protect|p1a: Excadrill
|-singleturn|p1a: Excadrill|Protect
|move|p2a: Latios|Surf|p1a: Excadrill
|-activate|p1a: Excadrill|move: Protect
|
|-heal|p1a: Excadrill|49/100|[from] item: Leftovers
|upkeep
|turn|7
|
|t:|1743576356
|switch|p1a: Ferrothorn|Ferrothorn, M|100/100
|-damage|p1a: Ferrothorn|94/100|[from] Stealth Rock
|-damage|p1a: Ferrothorn|82/100|[from] Spikes
|move|p2a: Latios|Surf|p1a: Ferrothorn
|-resisted|p1a: Ferrothorn
|-damage|p1a: Ferrothorn|71/100
|
|-heal|p1a: Ferrothorn|77/100|[from] item: Leftovers
|upkeep
|turn|8
|
|t:|1743576361
|switch|p2a: Excadrill|Excadrill, F|100/100
|-ability|p2a: Excadrill|Mold Breaker
|move|p1a: Ferrothorn|Stealth Rock|p2a: Excadrill
|-sidestart|p2: A Clockwork Orange|move: Stealth Rock
|
|-heal|p1a: Ferrothorn|83/100|[from] item: Leftovers
|upkeep
|turn|9
|
|t:|1743576369
|move|p2a: Excadrill|Swords Dance|p2a: Excadrill
|-boost|p2a: Excadrill|atk|2
|move|p1a: Ferrothorn|Power Whip|p2a: Excadrill
|-damage|p2a: Excadrill|59/100
|
|-heal|p2a: Excadrill|66/100|[from] item: Leftovers
|-heal|p1a: Ferrothorn|89/100|[from] item: Leftovers
|upkeep
|turn|10
|
|t:|1743576376
|switch|p1a: Thundurus|Thundurus-Therian, M, shiny|100/100
|-damage|p1a: Thundurus|76/100|[from] Stealth Rock
|move|p2a: Excadrill|Rapid Spin|p1a: Thundurus
|-damage|p1a: Thundurus|62/100
|-sideend|p2: A Clockwork Orange|Stealth Rock|[from] move: Rapid Spin|[of] p2a: Excadrill
|
|-heal|p1a: Thundurus|68/100|[from] item: Leftovers
|-heal|p2a: Excadrill|72/100|[from] item: Leftovers
|upkeep
|turn|11
|
|t:|1743576386
|move|p1a: Thundurus|Focus Blast|p2a: Excadrill
|-supereffective|p2a: Excadrill
|-damage|p2a: Excadrill|10/100
|move|p2a: Excadrill|Rock Slide|p1a: Thundurus
|-supereffective|p1a: Thundurus
|-damage|p1a: Thundurus|0 fnt
|faint|p1a: Thundurus
|
|-heal|p2a: Excadrill|17/100|[from] item: Leftovers
|upkeep
|
|t:|1743576400
|switch|p1a: Latios|Latios, M, shiny|100/100
|-damage|p1a: Latios|88/100|[from] Stealth Rock
|turn|12
|
|t:|1743576407
|switch|p2a: Ferrothorn|Ferrothorn, M|100/100
|move|p1a: Latios|Dragon Pulse|p2a: Ferrothorn
|-resisted|p2a: Ferrothorn
|-damage|p2a: Ferrothorn|79/100
|
|upkeep
|turn|13
|
|t:|1743576413
|switch|p1a: Keldeo|Keldeo|100/100
|-damage|p1a: Keldeo|94/100|[from] Stealth Rock
|-damage|p1a: Keldeo|82/100|[from] Spikes
|move|p2a: Ferrothorn|Power Whip|p1a: Keldeo
|-supereffective|p1a: Keldeo
|-damage|p1a: Keldeo|0 fnt
|faint|p1a: Keldeo
|
|upkeep
|
|t:|1743576417
|switch|p1a: Politoed|Politoed, F, shiny|100/100
|-damage|p1a: Politoed|88/100|[from] Stealth Rock
|-damage|p1a: Politoed|76/100|[from] Spikes
|-weather|RainDance|[from] ability: Drizzle|[of] p1a: Politoed
|turn|14
|
|t:|1743576420
|move|p1a: Politoed|Focus Blast|p2a: Ferrothorn|[miss]
|-miss|p1a: Politoed|p2a: Ferrothorn
|move|p2a: Ferrothorn|Power Whip|p1a: Politoed
|-supereffective|p1a: Politoed
|-damage|p1a: Politoed|0 fnt
|faint|p1a: Politoed
|
|-weather|RainDance|[upkeep]
|upkeep
|-message|Tangyz forfeited.
|
|win|A Clockwork Orange
|raw|Tangyz's rating: 1423 &rarr; <strong>1396</strong><br />(-27 for losing)
|raw|A Clockwork Orange's rating: 1297 &rarr; <strong>1331</strong><br />(+34 for winning)
|l|☆Tangyz
|player|p1|
