|j|☆Glad She's Mine
|j|☆porrompompom
|player|p1|Glad She's Mine|34|1457
|player|p2|porrompompom|265|1572
|teamsize|p1|6
|teamsize|p2|6
|gametype|singles
|gen|5
|tier|[Gen 5] OU
|rated|
|rule|Sleep Clause Mod: Limit one foe put to sleep
|rule|Species Clause: Limit one of each Pokémon
|rule|OHKO Clause: OHKO moves are banned
|rule|Moody Clause: Moody is banned
|rule|Evasion Moves Clause: Evasion moves are banned
|rule|Endless Battle Clause: Forcing endless battles is banned
|rule|HP Percentage Mod: HP is shown in percentages
|rule|Evasion Abilities Clause: Evasion abilities are banned
|rule|Baton Pass Clause: Limit one Baton Passer, can't pass Spe and other stats simultaneously
|rule|Swagger Clause: Swagger is banned
|clearpoke
|poke|p1|Tyranitar, F|item
|poke|p1|Landorus-Therian, M|item
|poke|p1|Alomomola, F|item
|poke|p1|Magnezone|item
|poke|p1|Amoonguss, M|item
|poke|p1|Reuniclus, M|item
|poke|p2|Hippowdon, F|item
|poke|p2|Forretress, M|item
|poke|p2|Chansey, F|item
|poke|p2|Jellicent, F|item
|poke|p2|Quagsire, M|item
|poke|p2|Xatu, F|item
|teampreview
|inactive|Battle timer is ON: inactive players will automatically lose when time's up. (requested by Glad She's Mine)
|
|start
|switch|p1a: woodruff|Alomomola, F, shiny|100/100
|switch|p2a: Hippowdon|Hippowdon, F|100/100
|-weather|Sandstorm|[from] ability: Sand Stream|[of] p2a: Hippowdon
|turn|1
|
|move|p1a: woodruff|Scald|p2a: Hippowdon
|-supereffective|p2a: Hippowdon
|-damage|p2a: Hippowdon|81/100
|-status|p2a: Hippowdon|brn
|move|p2a: Hippowdon|Stealth Rock|p1a: woodruff
|-sidestart|p1: Glad She's Mine|move: Stealth Rock
|
|-weather|Sandstorm|[upkeep]
|-damage|p1a: woodruff|94/100|[from] Sandstorm
|-heal|p1a: woodruff|100/100|[from] item: Leftovers
|-heal|p2a: Hippowdon|88/100 brn|[from] item: Leftovers
|-damage|p2a: Hippowdon|75/100 brn|[from] brn
|upkeep
|turn|2
|
|move|p1a: woodruff|Toxic||[still]
|-fail|p1a: woodruff
|move|p2a: Hippowdon|Slack Off|p2a: Hippowdon
|-heal|p2a: Hippowdon|100/100 brn
|
|-weather|Sandstorm|[upkeep]
|-damage|p1a: woodruff|94/100|[from] Sandstorm
|-heal|p1a: woodruff|100/100|[from] item: Leftovers
|-damage|p2a: Hippowdon|88/100 brn|[from] brn
|upkeep
|turn|3
|
|switch|p2a: Chansey|Chansey, F|100/100
|move|p1a: woodruff|Scald|p2a: Chansey
|-damage|p2a: Chansey|96/100
|-status|p2a: Chansey|brn
|
|-weather|Sandstorm|[upkeep]
|-damage|p1a: woodruff|94/100|[from] Sandstorm
|-damage|p2a: Chansey|90/100 brn|[from] Sandstorm
|-heal|p1a: woodruff|100/100|[from] item: Leftovers
|-damage|p2a: Chansey|78/100 brn|[from] brn
|upkeep
|turn|4
|
|switch|p1a: insomniac|Landorus-Therian, M|100/100
|-damage|p1a: insomniac|88/100|[from] Stealth Rock
|-ability|p1a: insomniac|Intimidate|boost
|-unboost|p2a: Chansey|atk|1
|move|p2a: Chansey|Aromatherapy|p2a: Chansey
|-activate|p2a: Chansey|move: Aromatherapy
|-curestatus|p2a: Chansey|brn|[msg]
|-curestatus|p2: Hippowdon|brn|[msg]
|
|-weather|Sandstorm|[upkeep]
|-damage|p2a: Chansey|72/100|[from] Sandstorm
|upkeep
|turn|5
|
|switch|p2a: Xatu|Xatu, F|100/100
|move|p1a: insomniac|U-turn|p2a: Xatu
|-damage|p2a: Xatu|79/100
|
|switch|p1a: mind of an|Tyranitar, F|100/100|[from]move: U-turn
|-damage|p1a: mind of an|88/100|[from] Stealth Rock
|
|-weather|Sandstorm|[upkeep]
|-damage|p2a: Xatu|73/100|[from] Sandstorm
|-heal|p2a: Xatu|79/100|[from] item: Leftovers
|upkeep
|turn|6
|
|move|p1a: mind of an|Crunch|p2a: Xatu
|-supereffective|p2a: Xatu
|-damage|p2a: Xatu|0 fnt
|faint|p2a: Xatu
|
|-weather|Sandstorm|[upkeep]
|upkeep
|
|switch|p2a: Hippowdon|Hippowdon, F|88/100
|turn|7
|
|switch|p1a: know you|Amoonguss, M, shiny|100/100
|-damage|p1a: know you|88/100|[from] Stealth Rock
|move|p2a: Hippowdon|Whirlwind|p1a: know you
|drag|p1a: blurred vision|Reuniclus, M, shiny|100/100
|
|-weather|Sandstorm|[upkeep]
|-heal|p2a: Hippowdon|94/100|[from] item: Leftovers
|upkeep
|turn|8
|
|move|p2a: Hippowdon|Earthquake|p1a: blurred vision
|-damage|p1a: blurred vision|73/100
|move|p1a: blurred vision|Calm Mind|p1a: blurred vision
|-boost|p1a: blurred vision|spa|1
|-boost|p1a: blurred vision|spd|1
|
|-weather|Sandstorm|[upkeep]
|-heal|p2a: Hippowdon|100/100|[from] item: Leftovers
|-heal|p1a: blurred vision|80/100|[from] item: Leftovers
|upkeep
|turn|9
|
|move|p1a: blurred vision|Psyshock|p2a: Hippowdon
|-damage|p2a: Hippowdon|65/100
|move|p2a: Hippowdon|Whirlwind|p1a: blurred vision
|drag|p1a: insomniac|Landorus-Therian, M|88/100
|-damage|p1a: insomniac|76/100|[from] Stealth Rock
|-ability|p1a: insomniac|Intimidate|boost
|-unboost|p2a: Hippowdon|atk|1
|
|-weather|Sandstorm|[upkeep]
|-heal|p2a: Hippowdon|71/100|[from] item: Leftovers
|upkeep
|turn|10
|
|move|p1a: insomniac|Stealth Rock|p2a: Hippowdon
|-sidestart|p2: porrompompom|move: Stealth Rock
|move|p2a: Hippowdon|Slack Off|p2a: Hippowdon
|-heal|p2a: Hippowdon|100/100
|
|-weather|Sandstorm|[upkeep]
|upkeep
|turn|11
|
|move|p1a: insomniac|Hidden Power|p2a: Hippowdon
|-supereffective|p2a: Hippowdon
|-damage|p2a: Hippowdon|76/100
|move|p2a: Hippowdon|Whirlwind|p1a: insomniac
|drag|p1a: mind of an|Tyranitar, F|88/100
|-damage|p1a: mind of an|76/100|[from] Stealth Rock
|
|-weather|Sandstorm|[upkeep]
|-heal|p2a: Hippowdon|82/100|[from] item: Leftovers
|upkeep
|turn|12
|
|switch|p1a: blurred vision|Reuniclus, M, shiny|80/100
|move|p2a: Hippowdon|Whirlwind|p1a: blurred vision
|drag|p1a: woodruff|Alomomola, F, shiny|100/100
|-damage|p1a: woodruff|88/100|[from] Stealth Rock
|
|-weather|Sandstorm|[upkeep]
|-damage|p1a: woodruff|82/100|[from] Sandstorm
|-heal|p1a: woodruff|88/100|[from] item: Leftovers
|-heal|p2a: Hippowdon|89/100|[from] item: Leftovers
|upkeep
|turn|13
|
|switch|p2a: Chansey|Chansey, F|72/100
|-damage|p2a: Chansey|59/100|[from] Stealth Rock
|move|p1a: woodruff|Toxic|p2a: Chansey
|-status|p2a: Chansey|tox
|
|-weather|Sandstorm|[upkeep]
|-damage|p1a: woodruff|82/100|[from] Sandstorm
|-damage|p2a: Chansey|53/100 tox|[from] Sandstorm
|-heal|p1a: woodruff|88/100|[from] item: Leftovers
|-damage|p2a: Chansey|47/100 tox|[from] psn
|upkeep
|turn|14
|
|switch|p1a: mind of an|Tyranitar, F|76/100
|-damage|p1a: mind of an|64/100|[from] Stealth Rock
|move|p2a: Chansey|Soft-Boiled|p2a: Chansey
|-heal|p2a: Chansey|97/100 tox
|
|-weather|Sandstorm|[upkeep]
|-damage|p2a: Chansey|91/100 tox|[from] Sandstorm
|-damage|p2a: Chansey|79/100 tox|[from] psn
|upkeep
|turn|15
|
|switch|p2a: Hippowdon|Hippowdon, F|89/100
|-damage|p2a: Hippowdon|82/100|[from] Stealth Rock
|move|p1a: mind of an|Superpower|p2a: Hippowdon
|-damage|p2a: Hippowdon|51/100
|-unboost|p1a: mind of an|atk|1
|-unboost|p1a: mind of an|def|1
|
|-weather|Sandstorm|[upkeep]
|-heal|p2a: Hippowdon|57/100|[from] item: Leftovers
|upkeep
|turn|16
|
|switch|p1a: woodruff|Alomomola, F, shiny|100/100
|-damage|p1a: woodruff|88/100|[from] Stealth Rock
|move|p2a: Hippowdon|Slack Off|p2a: Hippowdon
|-heal|p2a: Hippowdon|100/100
|
|-weather|Sandstorm|[upkeep]
|-damage|p1a: woodruff|82/100|[from] Sandstorm
|-heal|p1a: woodruff|88/100|[from] item: Leftovers
|upkeep
|turn|17
|
|switch|p2a: Chansey|Chansey, F|79/100
|-damage|p2a: Chansey|66/100|[from] Stealth Rock
|move|p1a: woodruff|Toxic|p2a: Chansey
|-status|p2a: Chansey|tox
|
|-weather|Sandstorm|[upkeep]
|-damage|p1a: woodruff|82/100|[from] Sandstorm
|-damage|p2a: Chansey|60/100 tox|[from] Sandstorm
|-heal|p1a: woodruff|88/100|[from] item: Leftovers
|-damage|p2a: Chansey|54/100 tox|[from] psn
|upkeep
|turn|18
|
|switch|p1a: mind of an|Tyranitar, F|64/100
|-damage|p1a: mind of an|51/100|[from] Stealth Rock
|move|p2a: Chansey|Soft-Boiled|p2a: Chansey
|-heal|p2a: Chansey|100/100 tox
|
|-weather|Sandstorm|[upkeep]
|-damage|p2a: Chansey|94/100 tox|[from] Sandstorm
|-damage|p2a: Chansey|82/100 tox|[from] psn
|upkeep
|turn|19
|
|-activate|p2a: Chansey|move: Pursuit
|move|p1a: mind of an|Pursuit|p2a: Chansey|[from]Pursuit
|-damage|p2a: Chansey|53/100 tox
|-curestatus|p2a: Chansey|tox|[from] ability: Natural Cure
|switch|p2a: Hippowdon|Hippowdon, F|100/100
|-damage|p2a: Hippowdon|94/100|[from] Stealth Rock
|
|-weather|Sandstorm|[upkeep]
|-heal|p2a: Hippowdon|100/100|[from] item: Leftovers
|upkeep
|turn|20
|
|switch|p1a: woodruff|Alomomola, F, shiny|100/100
|-damage|p1a: woodruff|88/100|[from] Stealth Rock
|switch|p2a: Chansey|Chansey, F|53/100
|-damage|p2a: Chansey|41/100|[from] Stealth Rock
|
|-weather|Sandstorm|[upkeep]
|-damage|p1a: woodruff|82/100|[from] Sandstorm
|-damage|p2a: Chansey|35/100|[from] Sandstorm
|-heal|p1a: woodruff|88/100|[from] item: Leftovers
|upkeep
|turn|21
|
|move|p1a: woodruff|Toxic|p2a: Chansey
|-status|p2a: Chansey|tox
|move|p2a: Chansey|Soft-Boiled|p2a: Chansey
|-heal|p2a: Chansey|85/100 tox
|
|-weather|Sandstorm|[upkeep]
|-damage|p1a: woodruff|82/100|[from] Sandstorm
|-damage|p2a: Chansey|79/100 tox|[from] Sandstorm
|-heal|p1a: woodruff|88/100|[from] item: Leftovers
|-damage|p2a: Chansey|72/100 tox|[from] psn
|upkeep
|turn|22
|
|switch|p1a: blurred vision|Reuniclus, M, shiny|80/100
|move|p2a: Chansey|Toxic|p1a: blurred vision|[miss]
|-miss|p2a: Chansey|p1a: blurred vision
|
|-weather|Sandstorm|[upkeep]
|-damage|p2a: Chansey|66/100 tox|[from] Sandstorm
|-heal|p1a: blurred vision|86/100|[from] item: Leftovers
|-damage|p2a: Chansey|54/100 tox|[from] psn
|upkeep
|turn|23
|
|move|p2a: Chansey|Soft-Boiled|p2a: Chansey
|-heal|p2a: Chansey|100/100 tox
|move|p1a: blurred vision|Calm Mind|p1a: blurred vision
|-boost|p1a: blurred vision|spa|1
|-boost|p1a: blurred vision|spd|1
|
|-weather|Sandstorm|[upkeep]
|-damage|p2a: Chansey|94/100 tox|[from] Sandstorm
|-heal|p1a: blurred vision|92/100|[from] item: Leftovers
|-damage|p2a: Chansey|76/100 tox|[from] psn
|upkeep
|turn|24
|
|-curestatus|p2a: Chansey|tox|[from] ability: Natural Cure
|switch|p2a: Hippowdon|Hippowdon, F|100/100
|-damage|p2a: Hippowdon|94/100|[from] Stealth Rock
|move|p1a: blurred vision|Calm Mind|p1a: blurred vision
|-boost|p1a: blurred vision|spa|1
|-boost|p1a: blurred vision|spd|1
|
|-weather|Sandstorm|[upkeep]
|-heal|p2a: Hippowdon|100/100|[from] item: Leftovers
|-heal|p1a: blurred vision|98/100|[from] item: Leftovers
|upkeep
|turn|25
|
|move|p1a: blurred vision|Psyshock|p2a: Hippowdon
|-damage|p2a: Hippowdon|58/100
|move|p2a: Hippowdon|Whirlwind|p1a: blurred vision
|drag|p1a: figaro|Magnezone, shiny|100/100
|-damage|p1a: figaro|94/100|[from] Stealth Rock
|
|-weather|Sandstorm|[upkeep]
|-heal|p2a: Hippowdon|64/100|[from] item: Leftovers
|upkeep
|turn|26
|
|move|p1a: figaro|Flash Cannon|p2a: Hippowdon
|-damage|p2a: Hippowdon|21/100
|move|p2a: Hippowdon|Slack Off|p2a: Hippowdon
|-heal|p2a: Hippowdon|71/100
|
|-weather|Sandstorm|[upkeep]
|-heal|p2a: Hippowdon|77/100|[from] item: Leftovers
|upkeep
|turn|27
|
|switch|p1a: blurred vision|Reuniclus, M, shiny|98/100
|move|p2a: Hippowdon|Whirlwind|p1a: blurred vision
|drag|p1a: figaro|Magnezone, shiny|94/100
|-damage|p1a: figaro|88/100|[from] Stealth Rock
|
|-weather|Sandstorm|[upkeep]
|-heal|p2a: Hippowdon|83/100|[from] item: Leftovers
|upkeep
|turn|28
|
|switch|p1a: blurred vision|Reuniclus, M, shiny|98/100
|move|p2a: Hippowdon|Earthquake|p1a: blurred vision
|-crit|p1a: blurred vision
|-damage|p1a: blurred vision|41/100
|
|-weather|Sandstorm|[upkeep]
|-heal|p2a: Hippowdon|90/100|[from] item: Leftovers
|-heal|p1a: blurred vision|47/100|[from] item: Leftovers
|upkeep
|turn|29
|
|move|p1a: blurred vision|Recover|p1a: blurred vision
|-heal|p1a: blurred vision|97/100
|move|p2a: Hippowdon|Whirlwind|p1a: blurred vision
|drag|p1a: insomniac|Landorus-Therian, M|76/100
|-damage|p1a: insomniac|63/100|[from] Stealth Rock
|-ability|p1a: insomniac|Intimidate|boost
|-unboost|p2a: Hippowdon|atk|1
|
|-weather|Sandstorm|[upkeep]
|-heal|p2a: Hippowdon|96/100|[from] item: Leftovers
|upkeep
|turn|30
|
|move|p1a: insomniac|Hidden Power|p2a: Hippowdon
|-supereffective|p2a: Hippowdon
|-damage|p2a: Hippowdon|71/100
|move|p2a: Hippowdon|Whirlwind|p1a: insomniac
|drag|p1a: blurred vision|Reuniclus, M, shiny|97/100
|
|-weather|Sandstorm|[upkeep]
|-heal|p2a: Hippowdon|77/100|[from] item: Leftovers
|-heal|p1a: blurred vision|100/100|[from] item: Leftovers
|upkeep
|turn|31
|
|move|p1a: blurred vision|Calm Mind|p1a: blurred vision
|-boost|p1a: blurred vision|spa|1
|-boost|p1a: blurred vision|spd|1
|move|p2a: Hippowdon|Whirlwind|p1a: blurred vision
|drag|p1a: figaro|Magnezone, shiny|88/100
|-damage|p1a: figaro|82/100|[from] Stealth Rock
|
|-weather|Sandstorm|[upkeep]
|-heal|p2a: Hippowdon|83/100|[from] item: Leftovers
|upkeep
|turn|32
|
|switch|p1a: blurred vision|Reuniclus, M, shiny|100/100
|move|p2a: Hippowdon|Whirlwind|p1a: blurred vision
|drag|p1a: mind of an|Tyranitar, F|51/100
|-damage|p1a: mind of an|39/100|[from] Stealth Rock
|
|-weather|Sandstorm|[upkeep]
|-heal|p2a: Hippowdon|90/100|[from] item: Leftovers
|upkeep
|turn|33
|
|move|p1a: mind of an|Ice Beam|p2a: Hippowdon
|-supereffective|p2a: Hippowdon
|-damage|p2a: Hippowdon|55/100
|-status|p2a: Hippowdon|frz
|cant|p2a: Hippowdon|frz
|
|-weather|Sandstorm|[upkeep]
|-heal|p2a: Hippowdon|61/100 frz|[from] item: Leftovers
|upkeep
|turn|34
|
|switch|p2a: Chansey|Chansey, F|76/100
|-damage|p2a: Chansey|64/100|[from] Stealth Rock
|move|p1a: mind of an|Ice Beam|p2a: Chansey
|-damage|p2a: Chansey|57/100
|
|-weather|Sandstorm|[upkeep]
|-damage|p2a: Chansey|51/100|[from] Sandstorm
|upkeep
|turn|35
|
|switch|p1a: blurred vision|Reuniclus, M, shiny|100/100
|move|p2a: Chansey|Soft-Boiled|p2a: Chansey
|-heal|p2a: Chansey|100/100
|
|-weather|Sandstorm|[upkeep]
|-damage|p2a: Chansey|94/100|[from] Sandstorm
|upkeep
|turn|36
|
|move|p2a: Chansey|Aromatherapy|p2a: Chansey
|-activate|p2a: Chansey|move: Aromatherapy
|-curestatus|p2: Hippowdon|frz|[msg]
|move|p1a: blurred vision|Calm Mind|p1a: blurred vision
|-boost|p1a: blurred vision|spa|1
|-boost|p1a: blurred vision|spd|1
|
|-weather|Sandstorm|[upkeep]
|-damage|p2a: Chansey|88/100|[from] Sandstorm
|upkeep
|turn|37
|inactive|porrompompom has 120 seconds left.
|
|switch|p2a: Hippowdon|Hippowdon, F|61/100
|-damage|p2a: Hippowdon|55/100|[from] Stealth Rock
|move|p1a: blurred vision|Calm Mind|p1a: blurred vision
|-boost|p1a: blurred vision|spa|1
|-boost|p1a: blurred vision|spd|1
|
|-weather|Sandstorm|[upkeep]
|-heal|p2a: Hippowdon|61/100|[from] item: Leftovers
|upkeep
|turn|38
|
|move|p2a: Hippowdon|Slack Off|p2a: Hippowdon
|-heal|p2a: Hippowdon|100/100
|move|p1a: blurred vision|Focus Blast|p2a: Hippowdon
|-damage|p2a: Hippowdon|49/100
|
|-weather|Sandstorm|[upkeep]
|-heal|p2a: Hippowdon|56/100|[from] item: Leftovers
|upkeep
|turn|39
|
|move|p2a: Hippowdon|Slack Off|p2a: Hippowdon
|-heal|p2a: Hippowdon|100/100
|move|p1a: blurred vision|Calm Mind|p1a: blurred vision
|-boost|p1a: blurred vision|spa|1
|-boost|p1a: blurred vision|spd|1
|
|-weather|Sandstorm|[upkeep]
|upkeep
|turn|40
|
|switch|p2a: Quagsire|Quagsire, M|100/100
|-damage|p2a: Quagsire|94/100|[from] Stealth Rock
|move|p1a: blurred vision|Focus Blast|p2a: Quagsire|[miss]
|-miss|p1a: blurred vision|p2a: Quagsire
|
|-weather|Sandstorm|[upkeep]
|-heal|p2a: Quagsire|100/100|[from] item: Leftovers
|upkeep
|turn|41
|
|move|p2a: Quagsire|Haze|p2a: Quagsire
|-clearallboost
|move|p1a: blurred vision|Psyshock|p2a: Quagsire
|-damage|p2a: Quagsire|77/100
|
|-weather|Sandstorm|[upkeep]
|-heal|p2a: Quagsire|83/100|[from] item: Leftovers
|upkeep
|turn|42
|
|switch|p2a: Hippowdon|Hippowdon, F|100/100
|-damage|p2a: Hippowdon|94/100|[from] Stealth Rock
|move|p1a: blurred vision|Psyshock|p2a: Hippowdon
|-damage|p2a: Hippowdon|72/100
|
|-weather|Sandstorm|[upkeep]
|-heal|p2a: Hippowdon|78/100|[from] item: Leftovers
|upkeep
|turn|43
|
|move|p1a: blurred vision|Focus Blast|p2a: Hippowdon|[miss]
|-miss|p1a: blurred vision|p2a: Hippowdon
|move|p2a: Hippowdon|Whirlwind|p1a: blurred vision
|drag|p1a: figaro|Magnezone, shiny|82/100
|-damage|p1a: figaro|76/100|[from] Stealth Rock
|
|-weather|Sandstorm|[upkeep]
|-heal|p2a: Hippowdon|85/100|[from] item: Leftovers
|upkeep
|turn|44
|
|move|p1a: figaro|Flash Cannon|p2a: Hippowdon
|-damage|p2a: Hippowdon|41/100
|move|p2a: Hippowdon|Earthquake|p1a: figaro
|-supereffective|p1a: figaro
|-crit|p1a: figaro
|-damage|p1a: figaro|0 fnt
|faint|p1a: figaro
|
|-weather|Sandstorm|[upkeep]
|-heal|p2a: Hippowdon|48/100|[from] item: Leftovers
|upkeep
|
|switch|p1a: woodruff|Alomomola, F, shiny|100/100
|-damage|p1a: woodruff|88/100|[from] Stealth Rock
|turn|45
|
|move|p1a: woodruff|Toxic|p2a: Hippowdon
|-status|p2a: Hippowdon|tox
|move|p2a: Hippowdon|Slack Off|p2a: Hippowdon
|-heal|p2a: Hippowdon|98/100 tox
|
|-weather|Sandstorm|[upkeep]
|-damage|p1a: woodruff|82/100|[from] Sandstorm
|-heal|p1a: woodruff|88/100|[from] item: Leftovers
|-heal|p2a: Hippowdon|100/100 tox|[from] item: Leftovers
|-damage|p2a: Hippowdon|94/100 tox|[from] psn
|upkeep
|turn|46
|
|switch|p2a: Forretress|Forretress, M|100/100
|-damage|p2a: Forretress|88/100|[from] Stealth Rock
|move|p1a: woodruff|Scald|p2a: Forretress
|-crit|p2a: Forretress
|-damage|p2a: Forretress|62/100
|
|-weather|Sandstorm|[upkeep]
|-damage|p1a: woodruff|82/100|[from] Sandstorm
|-heal|p1a: woodruff|88/100|[from] item: Leftovers
|-heal|p2a: Forretress|68/100|[from] item: Leftovers
|upkeep
|turn|47
|
|move|p1a: woodruff|Scald|p2a: Forretress
|-damage|p2a: Forretress|54/100
|move|p2a: Forretress|Toxic|p1a: woodruff
|-status|p1a: woodruff|tox
|
|-weather|Sandstorm|[upkeep]
|-damage|p1a: woodruff|82/100 tox|[from] Sandstorm
|-heal|p1a: woodruff|88/100 tox|[from] item: Leftovers
|-heal|p2a: Forretress|60/100|[from] item: Leftovers
|-damage|p1a: woodruff|82/100 tox|[from] psn
|upkeep
|turn|48
|
|switch|p1a: blurred vision|Reuniclus, M, shiny|100/100
|move|p2a: Forretress|Spikes|p1a: blurred vision
|-sidestart|p1: Glad She's Mine|Spikes
|
|-weather|Sandstorm|[upkeep]
|-heal|p2a: Forretress|67/100|[from] item: Leftovers
|upkeep
|turn|49
|
|move|p2a: Forretress|Rapid Spin|p1a: blurred vision
|-damage|p1a: blurred vision|98/100
|-sideend|p2: porrompompom|Stealth Rock|[from] move: Rapid Spin|[of] p2a: Forretress
|move|p1a: blurred vision|Calm Mind|p1a: blurred vision
|-boost|p1a: blurred vision|spa|1
|-boost|p1a: blurred vision|spd|1
|
|-weather|Sandstorm|[upkeep]
|-heal|p2a: Forretress|73/100|[from] item: Leftovers
|-heal|p1a: blurred vision|100/100|[from] item: Leftovers
|upkeep
|turn|50
|
|switch|p2a: Quagsire|Quagsire, M|83/100
|move|p1a: blurred vision|Calm Mind|p1a: blurred vision
|-boost|p1a: blurred vision|spa|1
|-boost|p1a: blurred vision|spd|1
|
|-weather|Sandstorm|[upkeep]
|-heal|p2a: Quagsire|89/100|[from] item: Leftovers
|upkeep
|turn|51
|
|move|p2a: Quagsire|Haze|p2a: Quagsire
|-clearallboost
|move|p1a: blurred vision|Psyshock|p2a: Quagsire
|-damage|p2a: Quagsire|64/100
|
|-weather|Sandstorm|[upkeep]
|-heal|p2a: Quagsire|70/100|[from] item: Leftovers
|upkeep
|turn|52
|
|switch|p1a: know you|Amoonguss, M, shiny|100/100
|-damage|p1a: know you|88/100|[from] Stealth Rock
|-damage|p1a: know you|76/100|[from] Spikes
|move|p2a: Quagsire|Recover|p2a: Quagsire
|-heal|p2a: Quagsire|100/100
|
|-weather|Sandstorm|[upkeep]
|-damage|p1a: know you|70/100|[from] Sandstorm
|-heal|p1a: know you|76/100|[from] item: Black Sludge
|upkeep
|turn|53
|
|switch|p2a: Chansey|Chansey, F|88/100
|move|p1a: know you|Spore|p2a: Chansey
|-status|p2a: Chansey|slp|[from] move: Spore
|
|-weather|Sandstorm|[upkeep]
|-damage|p2a: Chansey|82/100 slp|[from] Sandstorm
|-damage|p1a: know you|70/100|[from] Sandstorm
|-heal|p1a: know you|76/100|[from] item: Black Sludge
|upkeep
|turn|54
|
|-curestatus|p2a: Chansey|slp|[from] ability: Natural Cure
|switch|p2a: Hippowdon|Hippowdon, F|94/100 tox
|move|p1a: know you|Spore||[still]
|-fail|p1a: know you
|
|-weather|Sandstorm|[upkeep]
|-damage|p1a: know you|70/100|[from] Sandstorm
|-heal|p2a: Hippowdon|100/100 tox|[from] item: Leftovers
|-heal|p1a: know you|76/100|[from] item: Black Sludge
|-damage|p2a: Hippowdon|94/100 tox|[from] psn
|upkeep
|turn|55
|
|switch|p2a: Chansey|Chansey, F|82/100
|move|p1a: know you|Giga Drain|p2a: Chansey
|-damage|p2a: Chansey|75/100
|-heal|p1a: know you|81/100|[from] drain|[of] p2a: Chansey
|
|-weather|Sandstorm|[upkeep]
|-damage|p2a: Chansey|69/100|[from] Sandstorm
|-damage|p1a: know you|75/100|[from] Sandstorm
|-heal|p1a: know you|81/100|[from] item: Black Sludge
|upkeep
|turn|56
|c|☆Glad She's Mine|i'm bored
|c|☆Glad She's Mine|speed o quagsire is aids
|c|☆Glad She's Mine|LOL
|l|☆Glad She's Mine
|inactive|Glad She's Mine disconnected and has a minute to reconnect!
|player|p1|
|inactive|Glad She's Mine has 30 seconds to reconnect!
|inactive|Glad She's Mine has 20 seconds to reconnect!
|inactive|Glad She's Mine has 15 seconds to reconnect!
|inactive|Glad She's Mine has 10 seconds to reconnect!
|c|☆porrompompom|0 evs on it but ok??
|inactive|Glad She's Mine has 5 seconds to reconnect!
|-message|Glad She's Mine lost due to inactivity.
|
|win|porrompompom
|raw|Glad She&apos;s Mine's rating: 1457 &rarr; <strong>1443</strong><br />(-14 for losing)
|raw|porrompompom's rating: 1572 &rarr; <strong>1586</strong><br />(+14 for winning)
