|j|☆leoperi99
|j|☆BookofConke
|t:|1701964658
|gametype|singles
|player|p1|leoperi99|erika-masters|1524
|player|p2|BookofConke|silver-masters|1454
|teamsize|p1|6
|teamsize|p2|6
|gen|5
|tier|[Gen 5] OU
|rated|
|rule|Species Clause: Limit one of each Pokémon
|rule|OHKO Clause: OHKO moves are banned
|rule|Moody Clause: Moody is banned
|rule|Evasion Items Clause: Evasion items are banned
|rule|Evasion Moves Clause: Evasion moves are banned
|rule|Endless Battle Clause: Forcing endless battles is banned
|rule|HP Percentage Mod: HP is shown in percentages
|rule|Evasion Abilities Clause: Evasion abilities are banned
|rule|Sleep Moves Clause: Sleep-inducing moves are banned
|rule|Swagger Clause: Swagger is banned
|rule|Baton Pass Stat Clause: No Baton Passer may have a way to boost its stats
|clearpoke
|poke|p1|Politoed, M|item
|poke|p1|Landorus-Therian, M|item
|poke|p1|Amoonguss, M|item
|poke|p1|Mamoswine, M|item
|poke|p1|Tornadus, M|item
|poke|p1|Excadrill, M|item
|poke|p2|Kyurem-Black|item
|poke|p2|Garchomp, F|item
|poke|p2|Magnezone|item
|poke|p2|Salamence, M|item
|poke|p2|Scizor, M|item
|poke|p2|Starmie|item
|teampreview
|
|t:|1701964677
|start
|switch|p1a: Landorus|Landorus-Therian, M, shiny|100/100
|switch|p2a: Garchomp|Garchomp, F|100/100
|-ability|p1a: Landorus|Intimidate|boost
|-unboost|p2a: Garchomp|atk|1
|turn|1
|c|☆leoperi99|glhf
|
|t:|1701964684
|move|p2a: Garchomp|Stealth Rock|p1a: Landorus
|-sidestart|p1: leoperi99|move: Stealth Rock
|move|p1a: Landorus|Stealth Rock|p2a: Garchomp
|-sidestart|p2: BookofConke|move: Stealth Rock
|
|upkeep
|turn|2
|
|t:|1701964696
|move|p2a: Garchomp|Swords Dance|p2a: Garchomp
|-boost|p2a: Garchomp|atk|2
|move|p1a: Landorus|Gravity|p1a: Landorus
|-fieldstart|move: Gravity
|
|upkeep
|turn|3
|
|t:|1701964708
|move|p2a: Garchomp|Outrage|p1a: Landorus
|-damage|p1a: Landorus|8/100
|move|p1a: Landorus|U-turn|p2a: Garchomp
|-damage|p2a: Garchomp|79/100
|-damage|p1a: Landorus|0 fnt|[from] ability: Rough Skin|[of] p2a: Garchomp
|faint|p1a: Landorus
|
|upkeep
|
|t:|1701964718
|switch|p1a: Tornadus|Tornadus, M, shiny|100/100
|-damage|p1a: Tornadus|76/100|[from] Stealth Rock
|turn|4
|
|t:|1701964721
|move|p1a: Tornadus|Hurricane|p2a: Garchomp
|-damage|p2a: Garchomp|0 fnt
|faint|p2a: Garchomp
|
|upkeep
|inactive|Battle timer is ON: inactive players will automatically lose when time's up. (requested by leoperi99)
|
|t:|1701964765
|switch|p2a: Starmie|Starmie|100/100
|-damage|p2a: Starmie|88/100|[from] Stealth Rock
|turn|5
|
|t:|1701964784
|switch|p1a: Amoonguss|Amoonguss, M, shiny|100/100
|-damage|p1a: Amoonguss|88/100|[from] Stealth Rock
|move|p2a: Starmie|Ice Beam|p1a: Amoonguss
|-supereffective|p1a: Amoonguss
|-damage|p1a: Amoonguss|40/100
|
|-heal|p1a: Amoonguss|46/100|[from] item: Black Sludge
|upkeep
|turn|6
|
|t:|1701964804
|switch|p2a: Magnezone|Magnezone|100/100
|-damage|p2a: Magnezone|94/100|[from] Stealth Rock
|move|p1a: Amoonguss|Stun Spore|p2a: Magnezone
|-status|p2a: Magnezone|par
|
|-heal|p1a: Amoonguss|52/100|[from] item: Black Sludge
|-fieldend|move: Gravity
|upkeep
|turn|7
|inactive|BookofConke has 120 seconds left.
|
|t:|1701964822
|move|p1a: Amoonguss|Giga Drain|p2a: Magnezone
|-resisted|p2a: Magnezone
|-damage|p2a: Magnezone|80/100 par
|-heal|p1a: Amoonguss|57/100|[from] drain|[of] p2a: Magnezone
|move|p2a: Magnezone|Hidden Power|p1a: Amoonguss
|-supereffective|p1a: Amoonguss
|-crit|p1a: Amoonguss
|-damage|p1a: Amoonguss|0 fnt
|faint|p1a: Amoonguss
|
|upkeep
|
|t:|1701964833
|switch|p1a: Excadrill|Excadrill, M|100/100
|-damage|p1a: Excadrill|97/100|[from] Stealth Rock
|-ability|p1a: Excadrill|Mold Breaker
|turn|8
|
|t:|1701964840
|move|p1a: Excadrill|Rapid Spin|p2a: Magnezone
|-resisted|p2a: Magnezone
|-damage|p2a: Magnezone|76/100 par
|-sideend|p1: leoperi99|Stealth Rock|[from] move: Rapid Spin|[of] p1a: Excadrill
|move|p2a: Magnezone|Hidden Power|p1a: Excadrill
|-supereffective|p1a: Excadrill
|-crit|p1a: Excadrill
|-damage|p1a: Excadrill|0 fnt
|faint|p1a: Excadrill
|
|upkeep
|inactive|leoperi99 has 120 seconds left.
|
|t:|1701964880
|switch|p1a: le frog|Politoed, M|100/100
|-weather|RainDance|[from] ability: Drizzle|[of] p1a: le frog
|turn|9
|
|t:|1701964896
|move|p1a: le frog|Scald|p2a: Magnezone
|-damage|p2a: Magnezone|0 fnt
|faint|p2a: Magnezone
|
|-weather|RainDance|[upkeep]
|upkeep
|
|t:|1701964910
|switch|p2a: Kyurem|Kyurem-Black|100/100
|-damage|p2a: Kyurem|76/100|[from] Stealth Rock
|-ability|p2a: Kyurem|Teravolt
|turn|10
|inactive|BookofConke has 120 seconds left.
|inactive|leoperi99 has 120 seconds left.
|
|t:|1701964938
|move|p2a: Kyurem|Dragon Claw|p1a: le frog
|-damage|p1a: le frog|0 fnt
|faint|p1a: le frog
|
|-weather|RainDance|[upkeep]
|upkeep
|
|t:|1701964942
|switch|p1a: Mamoswine|Mamoswine, M|100/100
|turn|11
|inactive|leoperi99 has 120 seconds left.
|inactive|BookofConke has 120 seconds left.
|
|t:|1701964961
|switch|p2a: Starmie|Starmie|88/100
|-damage|p2a: Starmie|76/100|[from] Stealth Rock
|-item|p2a: Starmie|Air Balloon
|move|p1a: Mamoswine|Superpower|p2a: Starmie
|-resisted|p2a: Starmie
|-damage|p2a: Starmie|29/100
|-unboost|p1a: Mamoswine|atk|1
|-unboost|p1a: Mamoswine|def|1
|-enditem|p2a: Starmie|Air Balloon
|
|-weather|RainDance|[upkeep]
|upkeep
|turn|12
|-message|leoperi99 forfeited.
|
|win|BookofConke
|raw|leoperi99's rating: 1524 &rarr; <strong>1500</strong><br />(-24 for losing)
|raw|BookofConke's rating: 1454 &rarr; <strong>1478</strong><br />(+24 for winning)
|l|☆leoperi99
