|j|☆dice
|j|‽littledragon259
|t:|1710121595
|gametype|singles
|player|p1|dice|#splxvwolfpack2|1539
|player|p2|littledragon259|pokemonranger-gen4|1534
|teamsize|p1|6
|teamsize|p2|6
|gen|5
|tier|[Gen 5] OU
|rated|
|rule|Species Clause: Limit one of each Pokémon
|rule|OHKO Clause: OHKO moves are banned
|rule|Moody Clause: Moody is banned
|rule|Evasion Items Clause: Evasion items are banned
|rule|Evasion Moves Clause: Evasion moves are banned
|rule|Endless Battle Clause: Forcing endless battles is banned
|rule|HP Percentage Mod: HP is shown in percentages
|rule|Evasion Abilities Clause: Evasion abilities are banned
|rule|Sleep Moves Clause: Sleep-inducing moves are banned
|rule|Swagger Clause: Swagger is banned
|rule|Baton Pass Stat Clause: No Baton Passer may have a way to boost its stats
|clearpoke
|poke|p1|Hippowdon, F|item
|poke|p1|Clefable, M|item
|poke|p1|Jirachi|item
|poke|p1|Gliscor, M|item
|poke|p1|Skarmory, F|item
|poke|p1|Latios, M|item
|poke|p2|Ninetales, F|item
|poke|p2|Chansey, F|item
|poke|p2|Cresselia, F|item
|poke|p2|Xatu, F|item
|poke|p2|Donphan, M|item
|poke|p2|Victini|item
|teampreview
|inactive|Battle timer is ON: inactive players will automatically lose when time's up. (requested by littledragon259)
|inactive|littledragon259 has 120 seconds left.
|j| Rubiaa
|
|t:|1710121652
|start
|switch|p1a: Hippowdon|Hippowdon, F, shiny|100/100
|switch|p2a: Chansey|Chansey, F|100/100
|-weather|Sandstorm|[from] ability: Sand Stream|[of] p1a: Hippowdon
|turn|1
|c| Rubiaa|Hi dice
|
|t:|1710121680
|move|p2a: Chansey|Toxic|p1a: Hippowdon
|-status|p1a: Hippowdon|tox
|move|p1a: Hippowdon|Rock Slide|p2a: Chansey
|-crit|p2a: Chansey
|-damage|p2a: Chansey|77/100
|
|-weather|Sandstorm|[upkeep]
|-damage|p2a: Chansey|71/100|[from] Sandstorm
|-damage|p1a: Hippowdon|94/100 tox|[from] psn
|upkeep
|turn|2
|
|t:|1710121688
|switch|p1a: Jirachi|Jirachi|100/100
|move|p2a: Chansey|Seismic Toss|p1a: Jirachi
|-damage|p1a: Jirachi|76/100
|
|-weather|Sandstorm|[upkeep]
|-damage|p2a: Chansey|65/100|[from] Sandstorm
|-heal|p1a: Jirachi|82/100|[from] item: Leftovers
|upkeep
|turn|3
|
|t:|1710121693
|switch|p2a: Donphan|Donphan, M|100/100
|move|p1a: Jirachi|Body Slam|p2a: Donphan
|-damage|p2a: Donphan|90/100
|
|-weather|Sandstorm|[upkeep]
|-heal|p1a: Jirachi|88/100|[from] item: Leftovers
|-heal|p2a: Donphan|96/100|[from] item: Leftovers
|upkeep
|turn|4
|l| Rubiaa
|c|‽littledragon259|/log littledragon259 made this room public.
|
|t:|1710121722
|switch|p1a: Gliscor|Gliscor, M|100/100
|move|p2a: Donphan|Stealth Rock|p1a: Gliscor
|-sidestart|p1: dice|move: Stealth Rock
|
|-weather|Sandstorm|[upkeep]
|-heal|p2a: Donphan|100/100|[from] item: Leftovers
|-status|p1a: Gliscor|tox|[from] item: Toxic Orb
|upkeep
|turn|5
|
|t:|1710121747
|switch|p2a: Xatu|Xatu, F|100/100
|move|p1a: Gliscor|Swords Dance|p1a: Gliscor
|-boost|p1a: Gliscor|atk|2
|
|-weather|Sandstorm|[upkeep]
|-damage|p2a: Xatu|95/100|[from] Sandstorm
|upkeep
|turn|6
|
|t:|1710121751
|move|p2a: Xatu|Reflect|p2a: Xatu
|-sidestart|p2: littledragon259|Reflect
|move|p1a: Gliscor|Swords Dance|p1a: Gliscor
|-boost|p1a: Gliscor|atk|2
|
|-weather|Sandstorm|[upkeep]
|-damage|p2a: Xatu|89/100|[from] Sandstorm
|upkeep
|turn|7
|
|t:|1710121757
|move|p2a: Xatu|Night Shade|p1a: Gliscor
|-damage|p1a: Gliscor|72/100 tox
|move|p1a: Gliscor|Swords Dance|p1a: Gliscor
|-boost|p1a: Gliscor|atk|2
|
|-weather|Sandstorm|[upkeep]
|-damage|p2a: Xatu|83/100|[from] Sandstorm
|-heal|p1a: Gliscor|85/100 tox|[from] ability: Poison Heal
|upkeep
|turn|8
|
|t:|1710121760
|move|p1a: Gliscor|Protect|p1a: Gliscor
|-singleturn|p1a: Gliscor|Protect
|move|p2a: Xatu|Night Shade|p1a: Gliscor
|-activate|p1a: Gliscor|move: Protect
|
|-weather|Sandstorm|[upkeep]
|-damage|p2a: Xatu|77/100|[from] Sandstorm
|-heal|p1a: Gliscor|97/100 tox|[from] ability: Poison Heal
|upkeep
|turn|9
|
|t:|1710121762
|move|p2a: Xatu|Night Shade|p1a: Gliscor
|-damage|p1a: Gliscor|69/100 tox
|move|p1a: Gliscor|Facade|p2a: Xatu
|-damage|p2a: Xatu|11/100
|-damage|p1a: Gliscor|52/100 tox|[from] item: Rocky Helmet|[of] p2a: Xatu
|
|-weather|Sandstorm|[upkeep]
|-damage|p2a: Xatu|5/100|[from] Sandstorm
|-heal|p1a: Gliscor|65/100 tox|[from] ability: Poison Heal
|upkeep
|turn|10
|
|t:|1710121765
|move|p1a: Gliscor|Protect|p1a: Gliscor
|-singleturn|p1a: Gliscor|Protect
|move|p2a: Xatu|Roost|p2a: Xatu
|-heal|p2a: Xatu|55/100
|-singleturn|p2a: Xatu|move: Roost
|
|-weather|Sandstorm|[upkeep]
|-damage|p2a: Xatu|49/100|[from] Sandstorm
|-heal|p1a: Gliscor|77/100 tox|[from] ability: Poison Heal
|-sideend|p2: littledragon259|Reflect
|upkeep
|turn|11
|
|t:|1710121770
|move|p2a: Xatu|Reflect|p2a: Xatu
|-sidestart|p2: littledragon259|Reflect
|move|p1a: Gliscor|Facade|p2a: Xatu
|-damage|p2a: Xatu|0 fnt
|-damage|p1a: Gliscor|61/100 tox|[from] item: Rocky Helmet|[of] p2a: Xatu
|faint|p2a: Xatu
|
|-weather|Sandstorm|[upkeep]
|-heal|p1a: Gliscor|73/100 tox|[from] ability: Poison Heal
|upkeep
|
|t:|1710121772
|switch|p2a: Cresselia|Cresselia, F|100/100
|turn|12
|
|t:|1710121775
|move|p1a: Gliscor|Protect|p1a: Gliscor
|-singleturn|p1a: Gliscor|Protect
|move|p2a: Cresselia|Ice Beam|p1a: Gliscor
|-activate|p1a: Gliscor|move: Protect
|
|-weather|Sandstorm|[upkeep]
|-damage|p2a: Cresselia|94/100|[from] Sandstorm
|-heal|p2a: Cresselia|100/100|[from] item: Leftovers
|-heal|p1a: Gliscor|86/100 tox|[from] ability: Poison Heal
|upkeep
|turn|13
|
|t:|1710121778
|switch|p1a: Jirachi|Jirachi|88/100
|-damage|p1a: Jirachi|82/100|[from] Stealth Rock
|switch|p2a: Victini|Victini|100/100
|
|-weather|Sandstorm|[upkeep]
|-damage|p2a: Victini|94/100|[from] Sandstorm
|-heal|p1a: Jirachi|88/100|[from] item: Leftovers
|upkeep
|turn|14
|
|t:|1710121781
|move|p1a: Jirachi|Protect|p1a: Jirachi
|-singleturn|p1a: Jirachi|Protect
|move|p2a: Victini|V-create|p1a: Jirachi
|-activate|p1a: Jirachi|move: Protect
|
|-weather|Sandstorm|[upkeep]
|-damage|p2a: Victini|88/100|[from] Sandstorm
|-heal|p1a: Jirachi|94/100|[from] item: Leftovers
|upkeep
|turn|15
|
|t:|1710121785
|switch|p1a: Hippowdon|Hippowdon, F, shiny|94/100 tox
|-damage|p1a: Hippowdon|88/100 tox|[from] Stealth Rock
|move|p2a: Victini|V-create|p1a: Hippowdon
|-crit|p1a: Hippowdon
|-damage|p1a: Hippowdon|0 fnt
|-unboost|p2a: Victini|spe|1
|-unboost|p2a: Victini|def|1
|-unboost|p2a: Victini|spd|1
|faint|p1a: Hippowdon
|
|-weather|Sandstorm|[upkeep]
|-damage|p2a: Victini|82/100|[from] Sandstorm
|-sideend|p2: littledragon259|Reflect
|upkeep
|
|t:|1710121790
|switch|p1a: Gliscor|Gliscor, M|86/100 tox
|-damage|p1a: Gliscor|73/100 tox|[from] Stealth Rock
|turn|16
|
|t:|1710121792
|move|p1a: Gliscor|Swords Dance|p1a: Gliscor
|-boost|p1a: Gliscor|atk|2
|move|p2a: Victini|V-create|p1a: Gliscor
|-damage|p1a: Gliscor|0 fnt
|-unboost|p2a: Victini|spe|1
|-unboost|p2a: Victini|def|1
|-unboost|p2a: Victini|spd|1
|faint|p1a: Gliscor
|
|-weather|Sandstorm|[upkeep]
|-damage|p2a: Victini|76/100|[from] Sandstorm
|upkeep
|
|t:|1710121795
|switch|p1a: Latios|Latios, M|100/100
|-damage|p1a: Latios|88/100|[from] Stealth Rock
|turn|17
|
|t:|1710121797
|switch|p2a: Chansey|Chansey, F|65/100
|move|p1a: Latios|Surf|p2a: Chansey
|-damage|p2a: Chansey|53/100
|
|-weather|Sandstorm|[upkeep]
|-damage|p1a: Latios|82/100|[from] Sandstorm
|-damage|p2a: Chansey|47/100|[from] Sandstorm
|upkeep
|turn|18
|
|t:|1710121814
|switch|p1a: Skarmory|Skarmory, F, shiny|100/100
|-damage|p1a: Skarmory|88/100|[from] Stealth Rock
|switch|p2a: Victini|Victini|76/100
|
|-weather|Sandstorm|[upkeep]
|-damage|p2a: Victini|70/100|[from] Sandstorm
|upkeep
|turn|19
|
|t:|1710121818
|switch|p1a: Latios|Latios, M|82/100
|-damage|p1a: Latios|70/100|[from] Stealth Rock
|move|p2a: Victini|V-create|p1a: Latios
|-resisted|p1a: Latios
|-damage|p1a: Latios|0 fnt
|-unboost|p2a: Victini|spe|1
|-unboost|p2a: Victini|def|1
|-unboost|p2a: Victini|spd|1
|faint|p1a: Latios
|
|-weather|Sandstorm|[upkeep]
|-damage|p2a: Victini|64/100|[from] Sandstorm
|upkeep
|c|☆dice|gg
|-message|dice forfeited.
|
|win|littledragon259
|raw|dice's rating: 1539 &rarr; <strong>1519</strong><br />(-20 for losing)
|raw|littledragon259's rating: 1534 &rarr; <strong>1554</strong><br />(+20 for winning)
|l|☆dice
|player|p1|
