|join|ashiemore
|join|Sage Hane
|player|p1|ashiemore|25
|player|p2|Sage Hane|290
|gametype|singles
|gen|5
|tier|[Gen 5] OU
|rated
|rule|Evasion Abilities Clause: Evasion abilities are banned
|clearpoke
|poke|p1|Politoed, M
|poke|p1|Azumarill, F
|poke|p1|Starmie
|poke|p1|Scizor, M
|poke|p1|Landorus-Therian, M
|poke|p1|Rotom-Wash
|poke|p2|Chansey, F
|poke|p2|Wobbuffet, F
|poke|p2|Cloyster, F
|poke|p2|Garchomp, F
|poke|p2|Dragonite, F
|poke|p2|Donphan, F
|rule|Sleep Clause Mod: Limit one foe put to sleep
|rule|Species Clause: Limit one of each Pokemon
|rule|OHKO Clause: OHKO moves are banned
|rule|Moody Clause: Moody is banned
|rule|Evasion Moves Clause: Evasion moves are banned
|rule|Endless Battle Clause: Forcing endless battles is banned.
|rule|HP Percentage Mod: HP is reported as percentages
|teampreview
|
|start
|switch|p1a: Landorus-Therian|Landorus-Therian, M|320/320
|switch|p2a: Aeralfos|Dragonite, F|336/336
|-ability|p1a: Landorus-Therian|Intimidate|[of] p2a: Aeralfos
|-unboost|p2a: Aeralfos|atk|1
|turn|1
|
|move|p1a: Landorus-Therian|U-turn|p2a: Aeralfos
|-resisted|p2a: Aeralfos
|-damage|p2a: Aeralfos|315/336
|
|switch|p1a: Azumarill|Azumarill, F|404/404
|move|p2a: Aeralfos|Substitute|p2a: Aeralfos
|-start|p2a: Aeralfos|Substitute
|-damage|p2a: Aeralfos|231/336
|
|-heal|p2a: Aeralfos|252/336|[from] item: Leftovers
|turn|2
|join|gutten_tag
|
|move|p2a: Aeralfos|Thunder Wave|p1a: Azumarill
|-status|p1a: Azumarill|par
|cant|p1a: Azumarill|par
|
|-heal|p2a: Aeralfos|273/336|[from] item: Leftovers
|turn|3
|chat|gutten_tag|:v
|chat|Sage Hane|hey
|
|move|p1a: Azumarill|Ice Punch|p2a: Aeralfos
|-supereffective|p2a: Aeralfos
|-end|p2a: Aeralfos|Substitute
|move|p2a: Aeralfos|Dragon Tail|p1a: Azumarill
|-damage|p1a: Azumarill|329/404 par
|drag|p1a: Politoed|Politoed, M|384/384
|-weather|RainDance|[from] ability: Drizzle|[of] p1a: Politoed
|
|-weather|RainDance|[upkeep]
|-heal|p2a: Aeralfos|294/336|[from] item: Leftovers
|turn|4
|chat|gutten_tag|still trying to make people mad?
|chat|Sage Hane|yup
|
|move|p2a: Aeralfos|Substitute|p2a: Aeralfos
|-start|p2a: Aeralfos|Substitute
|-damage|p2a: Aeralfos|210/336
|move|p1a: Politoed|Ice Beam|p2a: Aeralfos
|-supereffective|p2a: Aeralfos
|-end|p2a: Aeralfos|Substitute
|
|-weather|RainDance|[upkeep]
|-heal|p2a: Aeralfos|231/336|[from] item: Leftovers
|turn|5
|chat|Sage Hane|why?
|chat|Sage Hane|not
|
|switch|p1a: Landorus-Therian|Landorus-Therian, M|320/320
|-ability|p1a: Landorus-Therian|Intimidate|[of] p2a: Aeralfos
|-unboost|p2a: Aeralfos|atk|1
|move|p2a: Aeralfos|Substitute|p2a: Aeralfos
|-start|p2a: Aeralfos|Substitute
|-damage|p2a: Aeralfos|147/336
|
|-weather|RainDance|[upkeep]
|-heal|p2a: Aeralfos|168/336|[from] item: Leftovers
|turn|6
|chat|gutten_tag|:v
|chat|Sage Hane|wynaut?
|
|move|p1a: Landorus-Therian|Stone Edge|p2a: Aeralfos|[miss]
|-miss|p1a: Landorus-Therian|p2a: Aeralfos
|move|p2a: Aeralfos|Roost|p2a: Aeralfos
|-heal|p2a: Aeralfos|336/336
|
|-weather|RainDance|[upkeep]
|turn|7
|chat|ashiemore|k
|
|move|p1a: Landorus-Therian|Stone Edge|p2a: Aeralfos
|-supereffective|p2a: Aeralfos
|-end|p2a: Aeralfos|Substitute
|move|p2a: Aeralfos|Dragon Tail|p1a: Landorus-Therian
|-damage|p1a: Landorus-Therian|272/320
|drag|p1a: Starmie|Starmie|261/261
|
|-weather|RainDance|[upkeep]
|turn|8
|
|move|p1a: Starmie|Ice Beam|p2a: Aeralfos
|-supereffective|p2a: Aeralfos
|-damage|p2a: Aeralfos|159/336
|-damage|p1a: Starmie|235/261|[from] item: Life Orb
|move|p2a: Aeralfos|Substitute|p2a: Aeralfos
|-start|p2a: Aeralfos|Substitute
|-damage|p2a: Aeralfos|75/336
|
|-weather|RainDance|[upkeep]
|-heal|p2a: Aeralfos|96/336|[from] item: Leftovers
|turn|9
|
|move|p1a: Starmie|Ice Beam|p2a: Aeralfos
|-supereffective|p2a: Aeralfos
|-end|p2a: Aeralfos|Substitute
|-damage|p1a: Starmie|209/261|[from] item: Life Orb
|move|p2a: Aeralfos|Roost|p2a: Aeralfos
|-heal|p2a: Aeralfos|264/336
|
|-weather|RainDance|[upkeep]
|-heal|p2a: Aeralfos|285/336|[from] item: Leftovers
|turn|10
|
|switch|p2a: Blue Chu Chu|Wobbuffet, F|528/528
|move|p1a: Starmie|Ice Beam|p2a: Blue Chu Chu
|-damage|p2a: Blue Chu Chu|411/528
|-damage|p1a: Starmie|183/261|[from] item: Life Orb
|
|-weather|RainDance|[upkeep]
|-heal|p2a: Blue Chu Chu|444/528|[from] item: Leftovers
|turn|11
|
|move|p1a: Starmie|Hydro Pump|p2a: Blue Chu Chu|[miss]
|-miss|p1a: Starmie|p2a: Blue Chu Chu
|move|p2a: Blue Chu Chu|Mirror Coat|p1a: Starmie
|-fail|p1a: Starmie
|
|-weather|RainDance|[upkeep]
|-heal|p2a: Blue Chu Chu|477/528|[from] item: Leftovers
|turn|12
|
|move|p1a: Starmie|Rapid Spin|p2a: Blue Chu Chu
|-damage|p2a: Blue Chu Chu|461/528
|-damage|p1a: Starmie|157/261|[from] item: Life Orb
|move|p2a: Blue Chu Chu|Mirror Coat|p1a: Starmie
|-fail|p1a: Starmie
|
|-weather|RainDance|[upkeep]
|-heal|p2a: Blue Chu Chu|494/528|[from] item: Leftovers
|turn|13
|chat|ashiemore|lol
|
|move|p1a: Starmie|Hydro Pump|p2a: Blue Chu Chu
|-crit|p2a: Blue Chu Chu
|-damage|p2a: Blue Chu Chu|0 fnt
|-damage|p1a: Starmie|131/261|[from] item: Life Orb
|faint|p2a: Blue Chu Chu
|
|-weather|RainDance|[upkeep]
|chat|gutten_tag|:v :v :v
|chat|Sage Hane|crit
|chat|ashiemore|:o
|chat|gutten_tag|i like this crit :v
|chat|ashiemore|ashie approves
|chat|Sage Hane|traitor
|
|switch|p2a: Helmasaurus|Donphan, F|384/384
|turn|14
|chat|gutten_tag|no, i'm not a traitor :(
|
|switch|p1a: Landorus-Therian|Landorus-Therian, M|272/320
|-ability|p1a: Landorus-Therian|Intimidate|[of] p2a: Helmasaurus
|-unboost|p2a: Helmasaurus|atk|1
|move|p2a: Helmasaurus|Earthquake|p1a: Landorus-Therian
|-immune|p1a: Landorus-Therian|[msg]
|
|-weather|RainDance|[upkeep]
|turn|15
|chat|Sage Hane|yes, you are
|chat|gutten_tag|just a lesson for someone love hax :)
|
|switch|p1a: Rotom-Wash|Rotom-Wash|304/304
|move|p2a: Helmasaurus|Stealth Rock|p1a: Rotom-Wash
|-sidestart|p1: ashiemore|move: Stealth Rock
|
|-weather|RainDance|[upkeep]
|turn|16
|chat|ashiemore|lel
|chat|gutten_tag|when they got hax from someone else 
|
|switch|p2a: Dinolfos|Garchomp, F|359/359
|move|p1a: Rotom-Wash|Will-O-Wisp|p2a: Dinolfos|[miss]
|-miss|p1a: Rotom-Wash|p2a: Dinolfos
|
|-weather|RainDance|[upkeep]
|turn|17
|chat|gutten_tag|it's good for you :(
|chat|ashiemore|>_>
|chat|Sage Hane|i don't care for hax
|chat|Sage Hane|i just love it
|chat|gutten_tag|LOL, that burn miss is equal??
|chat|ashiemore|to the para chance
|chat|ashiemore|ya
|chat|gutten_tag|bcz garchomp got burn is dead meat :v
|chat|Sage Hane|I'm a narssist or however you spell it
|
|move|p2a: Dinolfos|Dual Chop|p1a: Rotom-Wash|[miss]
|-miss|p2a: Dinolfos|p1a: Rotom-Wash
|move|p1a: Rotom-Wash|Volt Switch|p2a: Dinolfos
|-immune|p2a: Dinolfos|[msg]
|
|-weather|RainDance|[upkeep]
|turn|18
|
|switch|p2a: Weird Egg|Chansey, F|642/642
|move|p1a: Rotom-Wash|Will-O-Wisp|p2a: Weird Egg
|-status|p2a: Weird Egg|brn
|
|-weather|RainDance|[upkeep]
|-damage|p2a: Weird Egg|562/642 brn|[from] brn
|turn|19
|
|move|p1a: Rotom-Wash|Volt Switch|p2a: Weird Egg
|-damage|p2a: Weird Egg|522/642 brn
|chat|ashiemore|get burned chansey :J
|
|switch|p1a: Azumarill|Azumarill, F|329/404 par
|-damage|p1a: Azumarill|279/404 par|[from] Stealth Rock
|move|p2a: Weird Egg|Toxic|p1a: Azumarill
|-fail|p1a: Azumarill
|
|-weather|RainDance|[upkeep]
|-damage|p2a: Weird Egg|442/642 brn|[from] brn
|turn|20
|
|switch|p2a: Aeralfos|Dragonite, F|285/336
|move|p1a: Azumarill|Waterfall|p2a: Aeralfos
|-resisted|p2a: Aeralfos
|-damage|p2a: Aeralfos|112/336
|
|-weather|RainDance|[upkeep]
|-heal|p2a: Aeralfos|133/336|[from] item: Leftovers
|turn|21
|
|move|p2a: Aeralfos|Roost|p2a: Aeralfos
|-heal|p2a: Aeralfos|301/336
|move|p1a: Azumarill|Waterfall|p2a: Aeralfos
|-resisted|p2a: Aeralfos
|-damage|p2a: Aeralfos|149/336
|
|-weather|RainDance|[upkeep]
|-heal|p2a: Aeralfos|170/336|[from] item: Leftovers
|turn|22
|
|switch|p1a: Rotom-Wash|Rotom-Wash|304/304
|-damage|p1a: Rotom-Wash|266/304|[from] Stealth Rock
|move|p2a: Aeralfos|Roost|p2a: Aeralfos
|-heal|p2a: Aeralfos|336/336
|
|-weather|RainDance|[upkeep]
|-heal|p1a: Rotom-Wash|285/304|[from] item: Leftovers
|turn|23
|
|move|p1a: Rotom-Wash|Will-O-Wisp|p2a: Aeralfos
|-status|p2a: Aeralfos|brn
|move|p2a: Aeralfos|Substitute|p2a: Aeralfos
|-start|p2a: Aeralfos|Substitute
|-damage|p2a: Aeralfos|252/336 brn
|
|-weather|RainDance|[upkeep]
|-heal|p1a: Rotom-Wash|304/304|[from] item: Leftovers
|-heal|p2a: Aeralfos|273/336 brn|[from] item: Leftovers
|-damage|p2a: Aeralfos|231/336 brn|[from] brn
|turn|24
|
|move|p1a: Rotom-Wash|Volt Switch|p2a: Aeralfos
|-activate|p2a: Aeralfos|Substitute|[damage]
|
|switch|p1a: Azumarill|Azumarill, F|279/404 par
|-damage|p1a: Azumarill|229/404 par|[from] Stealth Rock
|move|p2a: Aeralfos|Thunder Wave|p1a: Azumarill
|-fail|p1a: Azumarill|par
|
|-weather|RainDance|[upkeep]
|-heal|p2a: Aeralfos|252/336 brn|[from] item: Leftovers
|-damage|p2a: Aeralfos|210/336 brn|[from] brn
|turn|25
|
|move|p2a: Aeralfos|Roost|p2a: Aeralfos
|-heal|p2a: Aeralfos|336/336 brn
|cant|p1a: Azumarill|par
|
|-weather|RainDance|[upkeep]
|-damage|p2a: Aeralfos|294/336 brn|[from] brn
|turn|26
|
|move|p1a: Azumarill|Ice Punch|p2a: Aeralfos
|-supereffective|p2a: Aeralfos
|-end|p2a: Aeralfos|Substitute
|move|p2a: Aeralfos|Dragon Tail|p1a: Azumarill
|-damage|p1a: Azumarill|174/404 par
|drag|p1a: Rotom-Wash|Rotom-Wash|304/304
|-damage|p1a: Rotom-Wash|266/304|[from] Stealth Rock
|
|-weather|RainDance|[upkeep]
|-heal|p1a: Rotom-Wash|285/304|[from] item: Leftovers
|-heal|p2a: Aeralfos|315/336 brn|[from] item: Leftovers
|-damage|p2a: Aeralfos|273/336 brn|[from] brn
|turn|27
|
|move|p1a: Rotom-Wash|Volt Switch|p2a: Aeralfos
|-damage|p2a: Aeralfos|213/336 brn
|
|switch|p1a: Azumarill|Azumarill, F|174/404 par
|-damage|p1a: Azumarill|124/404 par|[from] Stealth Rock
|move|p2a: Aeralfos|Dragon Tail|p1a: Azumarill
|-damage|p1a: Azumarill|69/404 par
|drag|p1a: Landorus-Therian|Landorus-Therian, M|272/320
|-damage|p1a: Landorus-Therian|232/320|[from] Stealth Rock
|-ability|p1a: Landorus-Therian|Intimidate|[of] p2a: Aeralfos
|-unboost|p2a: Aeralfos|atk|1
|
|-weather|RainDance|[upkeep]
|-heal|p2a: Aeralfos|234/336 brn|[from] item: Leftovers
|-damage|p2a: Aeralfos|192/336 brn|[from] brn
|turn|28
|
|switch|p2a: Helmasaurus|Donphan, F|384/384
|move|p1a: Landorus-Therian|U-turn|p2a: Helmasaurus
|-crit|p2a: Helmasaurus
|-damage|p2a: Helmasaurus|260/384
|chat|ashiemore|:J
|
|switch|p1a: Rotom-Wash|Rotom-Wash|285/304
|-damage|p1a: Rotom-Wash|247/304|[from] Stealth Rock
|
|-weather|RainDance|[upkeep]
|-heal|p1a: Rotom-Wash|266/304|[from] item: Leftovers
|-heal|p2a: Helmasaurus|284/384|[from] item: Leftovers
|turn|29
|
|switch|p2a: Weird Egg|Chansey, F|442/642
|move|p1a: Rotom-Wash|Hydro Pump|p2a: Weird Egg
|-damage|p2a: Weird Egg|337/642
|
|-weather|RainDance|[upkeep]
|-heal|p1a: Rotom-Wash|285/304|[from] item: Leftovers
|turn|30
|
|move|p1a: Rotom-Wash|Volt Switch|p2a: Weird Egg
|-damage|p2a: Weird Egg|297/642
|
|switch|p1a: Scizor|Scizor, M|344/344
|-damage|p1a: Scizor|301/344|[from] Stealth Rock
|move|p2a: Weird Egg|Soft-Boiled|p2a: Weird Egg
|-heal|p2a: Weird Egg|618/642
|
|-weather|RainDance|[upkeep]
|turn|31
|
|switch|p2a: Helmasaurus|Donphan, F|284/384
|move|p1a: Scizor|Superpower|p2a: Helmasaurus
|-damage|p2a: Helmasaurus|129/384
|-unboost|p1a: Scizor|atk|1
|-unboost|p1a: Scizor|def|1
|
|-weather|RainDance|[upkeep]
|-heal|p2a: Helmasaurus|153/384|[from] item: Leftovers
|turn|32
|
|switch|p1a: Azumarill|Azumarill, F|69/404 par
|-damage|p1a: Azumarill|19/404 par|[from] Stealth Rock
|move|p2a: Helmasaurus|Earthquake|p1a: Azumarill
|-damage|p1a: Azumarill|0 fnt
|faint|p1a: Azumarill
|
|-weather|RainDance|[upkeep]
|-heal|p2a: Helmasaurus|177/384|[from] item: Leftovers
|
|switch|p1a: Starmie|Starmie|131/261
|-damage|p1a: Starmie|99/261|[from] Stealth Rock
|turn|33
|
|switch|p2a: Weird Egg|Chansey, F|618/642
|move|p1a: Starmie|Ice Beam|p2a: Weird Egg
|-damage|p2a: Weird Egg|566/642
|-damage|p1a: Starmie|73/261|[from] item: Life Orb
|
|-weather|RainDance|[upkeep]
|turn|34
|
|move|p1a: Starmie|Rapid Spin|p2a: Weird Egg
|-damage|p2a: Weird Egg|545/642
|-sideend|p1: ashiemore|Stealth Rock|[from] move: Rapid Spin|[of] p1a: Starmie
|-damage|p1a: Starmie|47/261|[from] item: Life Orb
|move|p2a: Weird Egg|Wish|p2a: Weird Egg
|
|-weather|RainDance|[upkeep]
|turn|35
|
|move|p1a: Starmie|Ice Beam|p2a: Weird Egg
|-damage|p2a: Weird Egg|485/642
|-damage|p1a: Starmie|21/261|[from] item: Life Orb
|move|p2a: Weird Egg|Heal Bell|p2a: Weird Egg
|-cureteam|p2a: Weird Egg|[from] move: HealBell
|
|-weather|RainDance|[upkeep]
|-heal|p2a: Weird Egg|642/642|[from] move: Wish|[wisher] Weird Egg
|turn|36
|
|move|p1a: Starmie|Ice Beam|p2a: Weird Egg
|-crit|p2a: Weird Egg
|-damage|p2a: Weird Egg|535/642
|-damage|p1a: Starmie|0 fnt|[from] item: Life Orb
|faint|p1a: Starmie
|move|p2a: Weird Egg|Toxic|p1: Starmie|[notarget]
|-notarget
|
|-weather|RainDance|[upkeep]
|
|switch|p1a: Scizor|Scizor, M|301/344
|turn|37
|
|switch|p2a: Aeralfos|Dragonite, F|192/336
|move|p1a: Scizor|U-turn|p2a: Aeralfos
|-resisted|p2a: Aeralfos
|-damage|p2a: Aeralfos|111/336
|
|switch|p1a: Rotom-Wash|Rotom-Wash|285/304
|
|-weather|RainDance|[upkeep]
|-heal|p1a: Rotom-Wash|304/304|[from] item: Leftovers
|-heal|p2a: Aeralfos|132/336|[from] item: Leftovers
|turn|38
|
|move|p1a: Rotom-Wash|Thunder|p2a: Aeralfos
|-damage|p2a: Aeralfos|33/336
|-status|p2a: Aeralfos|par
|move|p2a: Aeralfos|Substitute|p2a: Aeralfos
|-fail|p2a: Aeralfos|move: Substitute|[weak]
|
|-weather|RainDance|[upkeep]
|-heal|p2a: Aeralfos|54/336 par|[from] item: Leftovers
|turn|39
|chat|ashiemore|no way
|
|switch|p2a: Weird Egg|Chansey, F|535/642
|move|p1a: Rotom-Wash|Volt Switch|p2a: Weird Egg
|-damage|p2a: Weird Egg|496/642
|
|switch|p1a: Landorus-Therian|Landorus-Therian, M|232/320
|-ability|p1a: Landorus-Therian|Intimidate|[of] p2a: Weird Egg
|-unboost|p2a: Weird Egg|atk|1
|
|-weather|RainDance|[upkeep]
|turn|40
|
|move|p1a: Landorus-Therian|Superpower|p2a: Weird Egg
|-supereffective|p2a: Weird Egg
|-damage|p2a: Weird Egg|12/642
|-unboost|p1a: Landorus-Therian|atk|1
|-unboost|p1a: Landorus-Therian|def|1
|move|p2a: Weird Egg|Toxic|p1a: Landorus-Therian
|-status|p1a: Landorus-Therian|tox
|
|-weather|RainDance|[upkeep]
|-damage|p1a: Landorus-Therian|212/320 tox|[from] psn
|turn|41
|
|move|p1a: Landorus-Therian|Superpower|p2a: Weird Egg
|-supereffective|p2a: Weird Egg
|-damage|p2a: Weird Egg|0 fnt
|-unboost|p1a: Landorus-Therian|atk|1
|-unboost|p1a: Landorus-Therian|def|1
|faint|p2a: Weird Egg
|
|-weather|RainDance|[upkeep]
|-damage|p1a: Landorus-Therian|172/320 tox|[from] psn
|chat|ashiemore|yay
|chat|ashiemore|I killed the egg
|
|switch|p2a: Shell Blade|Cloyster, F|241/241
|turn|42
|
|switch|p1a: Rotom-Wash|Rotom-Wash|304/304
|move|p2a: Shell Blade|Shell Smash|p2a: Shell Blade
|-boost|p2a: Shell Blade|atk|2
|-boost|p2a: Shell Blade|spa|2
|-boost|p2a: Shell Blade|spe|2
|-unboost|p2a: Shell Blade|def|1
|-unboost|p2a: Shell Blade|spd|1
|
|-weather|RainDance|[upkeep]
|turn|43
|
|move|p2a: Shell Blade|Rock Blast|p1a: Rotom-Wash
|-damage|p1a: Rotom-Wash|262/304
|-damage|p1a: Rotom-Wash|215/304
|-damage|p1a: Rotom-Wash|171/304
|-damage|p1a: Rotom-Wash|123/304
|-damage|p1a: Rotom-Wash|74/304
|-hitcount|p1a: Rotom-Wash|5
|cant|p1a: Rotom-Wash|flinch
|
|-weather|RainDance|[upkeep]
|-heal|p1a: Rotom-Wash|93/304|[from] item: Leftovers
|turn|44
|chat|ashiemore|k
|
|move|p2a: Shell Blade|Rock Blast|p1a: Rotom-Wash|[miss]
|-miss|p2a: Shell Blade|p1a: Rotom-Wash
|move|p1a: Rotom-Wash|Volt Switch|p2a: Shell Blade
|-supereffective|p2a: Shell Blade
|-damage|p2a: Shell Blade|0 fnt
|faint|p2a: Shell Blade
|chat|Sage Hane|no
|chat|gutten_tag|...
|chat|Sage Hane|nonono
|chat|gutten_tag|this is hax @@
|chat|ashiemore|lol
|
|switch|p1a: Politoed|Politoed, M|384/384
|
|-weather|RainDance|[upkeep]
|chat|Sage Hane|nononononono
|chat|Sage Hane|no
|chat|Sage Hane|nono
|chat|Sage Hane|nonono
|
|switch|p2a: Dinolfos|Garchomp, F|359/359
|turn|45
|
|move|p2a: Dinolfos|Outrage|p1a: Politoed
|-damage|p1a: Politoed|0 fnt
|faint|p1a: Politoed
|
|-weather|RainDance|[upkeep]
|
|switch|p1a: Landorus-Therian|Landorus-Therian, M|172/320 tox
|-ability|p1a: Landorus-Therian|Intimidate|[of] p2a: Dinolfos
|-unboost|p2a: Dinolfos|atk|1
|turn|46
|chat|ashiemore|choice band pls
|
|move|p1a: Landorus-Therian|Earthquake|p2a: Dinolfos
|-damage|p2a: Dinolfos|148/359
|move|p2a: Dinolfos|Outrage|p1a: Landorus-Therian
|-crit|p1a: Landorus-Therian
|-damage|p1a: Landorus-Therian|0 fnt
|faint|p1a: Landorus-Therian
|
|-end|p2a: Dinolfos|rampage
|-start|p2a: Dinolfos|confusion
|-weather|RainDance|[upkeep]
|
|switch|p1a: Scizor|Scizor, M|301/344
|turn|47
|chat|Sage Hane|i used out rage
|chat|Sage Hane|does it matter?
|chat|gutten_tag|choice band???
|chat|ashiemore|that's outrageous
|chat|ashiemore|lol
|
|switch|p2a: Aeralfos|Dragonite, F|54/336 par
|move|p1a: Scizor|Bullet Punch|p2a: Aeralfos
|-damage|p2a: Aeralfos|0 fnt
|faint|p2a: Aeralfos
|
|-weather|RainDance|[upkeep]
|chat|Sage Hane|yup
|chat|ashiemore|get punched
|chat|gutten_tag|sooooo power :)
|
|switch|p2a: Helmasaurus|Donphan, F|177/384
|turn|48
|
|move|p1a: Scizor|Bullet Punch|p2a: Helmasaurus
|-damage|p2a: Helmasaurus|63/384
|move|p2a: Helmasaurus|Ice Shard|p1a: Scizor
|-resisted|p1a: Scizor
|-damage|p1a: Scizor|281/344
|
|-weather|RainDance|[upkeep]
|-heal|p2a: Helmasaurus|87/384|[from] item: Leftovers
|turn|49
|chat|ashiemore|like a bullet
|chat|gutten_tag|hey. your landorus is choice scarf???
|
|move|p1a: Scizor|Bullet Punch|p2a: Helmasaurus
|-damage|p2a: Helmasaurus|0 fnt
|faint|p2a: Helmasaurus
|
|-weather|RainDance|[upkeep]
|chat|ashiemore|ya
|
|switch|p2a: Dinolfos|Garchomp, F|148/359
|turn|50
|
|move|p1a: Scizor|Bullet Punch|p2a: Dinolfos
|-damage|p2a: Dinolfos|0 fnt
|-damage|p1a: Scizor|238/344|[from] ability: Rough Skin|[of] p2a: Dinolfos
|faint|p2a: Dinolfos
|
|win|ashiemore
|raw|Ladder updating...
|raw|ashiemore's rating: 1266 &rarr; <strong>1301</strong><br />(+35 for winning)
|raw|Sage Hane's rating: 1402 &rarr; <strong>1375</strong><br />(-27 for losing)
|chat|Sage Hane|no
|chat|Sage Hane|bye
|chat|gutten_tag|@@
|chat|Sage Hane|gg
|chat|ashiemore|gg
|leave|gutten_tag
|leave|ashiemore
|player|p1