|j|☆porrompompom
|j|☆markus3362
|player|p1|porrompompom|2
|player|p2|markus3362|167
|teamsize|p1|6
|teamsize|p2|6
|gametype|singles
|gen|5
|tier|[Gen 5] OU
|rated|
|rule|Sleep Clause Mod: Limit one foe put to sleep
|rule|Species Clause: Limit one of each Pokémon
|rule|OHKO Clause: OHKO moves are banned
|rule|Moody Clause: Moody is banned
|rule|Evasion Moves Clause: Evasion moves are banned
|rule|Endless Battle Clause: Forcing endless battles is banned
|rule|HP Percentage Mod: HP is shown in percentages
|rule|Evasion Abilities Clause: Evasion abilities are banned
|rule|Baton Pass Clause: Limit one Baton Passer, can't pass Spe and other stats simultaneously
|rule|Swagger Clause: Swagger is banned
|clearpoke
|poke|p1|Ninetales, F|item
|poke|p1|Cresselia, F|item
|poke|p1|Dugtrio, F|item
|poke|p1|Forretress, M|item
|poke|p1|Chansey, F|item
|poke|p1|Gothitelle, M|item
|poke|p2|Ninetales, M|item
|poke|p2|Forretress, M|item
|poke|p2|Cresselia, F|item
|poke|p2|Dugtrio, M|item
|poke|p2|Chansey, F|item
|poke|p2|Gothitelle, M|item
|teampreview
|c|☆markus3362|uh
|inactive|Battle timer is ON: inactive players will automatically lose when time's up. (requested by markus3362)
|c|☆porrompompom|forgive if i laugh too hard at this
|c|☆markus3362|lol
|inactive|markus3362 has 135 seconds left.
|c|☆markus3362|do you want to play it
|inactive|markus3362 has 120 seconds left.
|c|☆porrompompom|i suppose i should be flattered
|inactive|markus3362 has 105 seconds left.
|c|☆porrompompom|and why wouldn't i lol
|c|☆markus3362|fine
|inactive|markus3362 has 90 seconds left.
|j| shu g5ou
|inactive|markus3362 has 75 seconds left.
|
|start
|switch|p1a: Ninetales|Ninetales, F|100/100
|switch|p2a: Gothitelle|Gothitelle, M|100/100
|-weather|SunnyDay|[from] ability: Drought|[of] p1a: Ninetales
|turn|1
|
|switch|p2a: Ninetales|Ninetales, M|100/100
|move|p1a: Ninetales|Flamethrower|p2a: Ninetales
|-resisted|p2a: Ninetales
|-damage|p2a: Ninetales|84/100
|
|-weather|SunnyDay|[upkeep]
|-heal|p2a: Ninetales|90/100|[from] item: Leftovers
|upkeep
|turn|2
|
|move|p1a: Ninetales|Hypnosis|p2a: Ninetales
|-status|p2a: Ninetales|slp
|cant|p2a: Ninetales|slp
|
|-weather|SunnyDay|[upkeep]
|-heal|p2a: Ninetales|96/100 slp|[from] item: Leftovers
|upkeep
|turn|3
|
|switch|p2a: Chansey|Chansey, F|100/100
|move|p1a: Ninetales|Roar|p2a: Chansey
|drag|p2a: Cresselia|Cresselia, F|100/100
|
|-weather|SunnyDay|[upkeep]
|upkeep
|turn|4
|
|switch|p2a: Chansey|Chansey, F|100/100
|move|p1a: Ninetales|Will-O-Wisp|p2a: Chansey|[miss]
|-miss|p1a: Ninetales|p2a: Chansey
|
|-weather|SunnyDay|[upkeep]
|upkeep
|turn|5
|inactive|markus3362 has 135 seconds left.
|
|switch|p1a: Forretress|Forretress, M|100/100
|move|p2a: Chansey|Seismic Toss|p1a: Forretress
|-damage|p1a: Forretress|72/100
|
|-weather|SunnyDay|[upkeep]
|-heal|p1a: Forretress|78/100|[from] item: Leftovers
|upkeep
|turn|6
|
|switch|p2a: Gothitelle|Gothitelle, M|100/100
|move|p1a: Forretress|Volt Switch|p2a: Gothitelle
|-damage|p2a: Gothitelle|88/100
|inactive|porrompompom has 135 seconds left.
|inactive|porrompompom has 120 seconds left.
|inactive|porrompompom has 105 seconds left.
|
|switch|p1a: Ninetales|Ninetales, F|100/100
|
|-weather|SunnyDay|[upkeep]
|upkeep
|turn|7
|
|switch|p2a: Chansey|Chansey, F|100/100
|move|p1a: Ninetales|Flamethrower|p2a: Chansey
|-damage|p2a: Chansey|88/100
|
|-weather|SunnyDay|[upkeep]
|upkeep
|turn|8
|
|switch|p1a: Gothitelle|Gothitelle, M|100/100
|move|p2a: Chansey|Seismic Toss|p1a: Gothitelle
|-damage|p1a: Gothitelle|65/100
|
|-weather|SunnyDay|[upkeep]
|upkeep
|turn|9
|
|move|p1a: Gothitelle|Trick|p2a: Chansey
|-activate|p1a: Gothitelle|move: Trick|[of] p2a: Chansey
|-item|p2a: Chansey|Choice Scarf|[from] move: Trick
|-item|p1a: Gothitelle|Eviolite|[from] move: Trick
|move|p2a: Chansey|Seismic Toss|p1a: Gothitelle
|-damage|p1a: Gothitelle|29/100
|
|-weather|SunnyDay|[upkeep]
|upkeep
|turn|10
|
|switch|p1a: Chansey|Chansey, F|100/100
|move|p2a: Chansey|Seismic Toss|p1a: Chansey
|-damage|p1a: Chansey|86/100
|
|-weather|SunnyDay|[upkeep]
|upkeep
|turn|11
|
|switch|p1a: Ninetales|Ninetales, F|100/100
|move|p2a: Chansey|Seismic Toss|p1a: Ninetales
|-damage|p1a: Ninetales|72/100
|
|-weather|SunnyDay|[upkeep]
|-heal|p1a: Ninetales|78/100|[from] item: Leftovers
|upkeep
|turn|12
|
|move|p1a: Ninetales|Will-O-Wisp|p2a: Chansey|[miss]
|-miss|p1a: Ninetales|p2a: Chansey
|move|p2a: Chansey|Seismic Toss|p1a: Ninetales
|-damage|p1a: Ninetales|49/100
|
|-weather|SunnyDay|[upkeep]
|-heal|p1a: Ninetales|55/100|[from] item: Leftovers
|upkeep
|turn|13
|inactive|porrompompom has 135 seconds left.
|
|switch|p1a: Chansey|Chansey, F|86/100
|move|p2a: Chansey|Seismic Toss|p1a: Chansey
|-damage|p1a: Chansey|72/100
|
|-weather|SunnyDay|[upkeep]
|upkeep
|turn|14
|
|switch|p2a: Forretress|Forretress, M|100/100
|move|p1a: Chansey|Seismic Toss|p2a: Forretress
|-damage|p2a: Forretress|72/100
|
|-weather|SunnyDay|[upkeep]
|-heal|p2a: Forretress|78/100|[from] item: Leftovers
|upkeep
|turn|15
|
|switch|p1a: Forretress|Forretress, M|78/100
|move|p2a: Forretress|Spikes|p1a: Forretress
|-sidestart|p1: porrompompom|Spikes
|
|-weather|SunnyDay|[upkeep]
|-heal|p2a: Forretress|85/100|[from] item: Leftovers
|-heal|p1a: Forretress|85/100|[from] item: Leftovers
|upkeep
|turn|16
|
|move|p2a: Forretress|Volt Switch|p1a: Forretress
|-damage|p1a: Forretress|68/100
|
|switch|p2a: Gothitelle|Gothitelle, M|88/100
|move|p1a: Forretress|Rapid Spin|p2a: Gothitelle
|-damage|p2a: Gothitelle|83/100
|-sideend|p1: porrompompom|Spikes|[from] move: Rapid Spin|[of] p1a: Forretress
|
|-weather|SunnyDay|[upkeep]
|-heal|p1a: Forretress|74/100|[from] item: Leftovers
|upkeep
|turn|17
|
|move|p2a: Gothitelle|Trick|p1a: Forretress
|-activate|p2a: Gothitelle|move: Trick|[of] p1a: Forretress
|-item|p1a: Forretress|Choice Scarf|[from] move: Trick
|-item|p2a: Gothitelle|Leftovers|[from] move: Trick
|move|p1a: Forretress|Volt Switch|p2a: Gothitelle
|-damage|p2a: Gothitelle|71/100
|
|switch|p1a: Dugtrio|Dugtrio, F|100/100
|
|-weather|SunnyDay|[upkeep]
|-heal|p2a: Gothitelle|77/100|[from] item: Leftovers
|upkeep
|turn|18
|
|move|p1a: Dugtrio|Earthquake|p2a: Gothitelle
|-damage|p2a: Gothitelle|25/100
|move|p2a: Gothitelle|Psyshock|p1a: Dugtrio
|-enditem|p1a: Dugtrio|Focus Sash
|-damage|p1a: Dugtrio|1/100
|
|-weather|SunnyDay|[upkeep]
|-heal|p2a: Gothitelle|31/100|[from] item: Leftovers
|upkeep
|turn|19
|
|move|p1a: Dugtrio|Earthquake|p2a: Gothitelle
|-damage|p2a: Gothitelle|0 fnt
|faint|p2a: Gothitelle
|
|-weather|SunnyDay|[upkeep]
|upkeep
|
|switch|p2a: Dugtrio|Dugtrio, M|100/100
|turn|20
|
|move|p2a: Dugtrio|Earthquake|p1a: Dugtrio
|-crit|p1a: Dugtrio
|-damage|p1a: Dugtrio|0 fnt
|faint|p1a: Dugtrio
|
|-weather|SunnyDay|[upkeep]
|upkeep
|
|switch|p1a: Cresselia|Cresselia, F|100/100
|turn|21
|inactive|porrompompom has 135 seconds left.
|
|move|p2a: Dugtrio|Stealth Rock|p1a: Cresselia
|-sidestart|p1: porrompompom|move: Stealth Rock
|move|p1a: Cresselia|Ice Beam|p2a: Dugtrio
|-supereffective|p2a: Dugtrio
|-damage|p2a: Dugtrio|31/100
|
|-weather|SunnyDay|[upkeep]
|upkeep
|turn|22
|
|switch|p2a: Ninetales|Ninetales, M|96/100 slp
|move|p1a: Cresselia|Ice Beam|p2a: Ninetales
|-resisted|p2a: Ninetales
|-damage|p2a: Ninetales|89/100 slp
|
|-weather|SunnyDay|[upkeep]
|-heal|p2a: Ninetales|95/100 slp|[from] item: Leftovers
|upkeep
|turn|23
|
|switch|p1a: Forretress|Forretress, M|74/100
|-damage|p1a: Forretress|62/100|[from] Stealth Rock
|cant|p2a: Ninetales|slp
|
|-weather|SunnyDay|[upkeep]
|-heal|p2a: Ninetales|100/100 slp|[from] item: Leftovers
|upkeep
|turn|24
|
|cant|p2a: Ninetales|slp
|move|p1a: Forretress|Rapid Spin|p2a: Ninetales
|-damage|p2a: Ninetales|96/100 slp
|-sideend|p1: porrompompom|Stealth Rock|[from] move: Rapid Spin|[of] p1a: Forretress
|
|-weather|SunnyDay|[upkeep]
|-heal|p2a: Ninetales|100/100 slp|[from] item: Leftovers
|upkeep
|turn|25
|
|switch|p1a: Ninetales|Ninetales, F|55/100
|-curestatus|p2a: Ninetales|slp|[msg]
|move|p2a: Ninetales|Will-O-Wisp|p1a: Ninetales|[miss]
|-miss|p2a: Ninetales|p1a: Ninetales
|
|-weather|SunnyDay|[upkeep]
|-heal|p1a: Ninetales|61/100|[from] item: Leftovers
|upkeep
|turn|26
|
|move|p1a: Ninetales|Hypnosis|p2a: Ninetales|[miss]
|-miss|p1a: Ninetales|p2a: Ninetales
|move|p2a: Ninetales|Flamethrower|p1a: Ninetales
|-resisted|p1a: Ninetales
|-damage|p1a: Ninetales|41/100
|
|-weather|SunnyDay|[upkeep]
|-heal|p1a: Ninetales|47/100|[from] item: Leftovers
|upkeep
|turn|27
|
|move|p1a: Ninetales|Hypnosis|p2a: Ninetales
|-status|p2a: Ninetales|slp
|cant|p2a: Ninetales|slp
|
|-weather|SunnyDay|[upkeep]
|-heal|p1a: Ninetales|53/100|[from] item: Leftovers
|upkeep
|turn|28
|
|move|p1a: Ninetales|Flamethrower|p2a: Ninetales
|-resisted|p2a: Ninetales
|-damage|p2a: Ninetales|84/100 slp
|-curestatus|p2a: Ninetales|slp|[msg]
|move|p2a: Ninetales|Flamethrower|p1a: Ninetales
|-resisted|p1a: Ninetales
|-damage|p1a: Ninetales|32/100
|
|-weather|SunnyDay|[upkeep]
|-heal|p1a: Ninetales|38/100|[from] item: Leftovers
|-heal|p2a: Ninetales|90/100|[from] item: Leftovers
|upkeep
|turn|29
|
|move|p1a: Ninetales|Hypnosis|p2a: Ninetales
|-status|p2a: Ninetales|slp
|cant|p2a: Ninetales|slp
|
|-weather|SunnyDay|[upkeep]
|-heal|p1a: Ninetales|44/100|[from] item: Leftovers
|-heal|p2a: Ninetales|96/100 slp|[from] item: Leftovers
|upkeep
|turn|30
|
|move|p1a: Ninetales|Flamethrower|p2a: Ninetales
|-resisted|p2a: Ninetales
|-damage|p2a: Ninetales|77/100 slp
|cant|p2a: Ninetales|slp
|
|-weather|SunnyDay|[upkeep]
|-heal|p1a: Ninetales|50/100|[from] item: Leftovers
|-heal|p2a: Ninetales|83/100 slp|[from] item: Leftovers
|upkeep
|turn|31
|
|move|p1a: Ninetales|Flamethrower|p2a: Ninetales
|-resisted|p2a: Ninetales
|-damage|p2a: Ninetales|65/100 slp
|cant|p2a: Ninetales|slp
|
|-weather|SunnyDay|[upkeep]
|-heal|p1a: Ninetales|56/100|[from] item: Leftovers
|-heal|p2a: Ninetales|71/100 slp|[from] item: Leftovers
|upkeep
|turn|32
|
|move|p1a: Ninetales|Flamethrower|p2a: Ninetales
|-resisted|p2a: Ninetales
|-damage|p2a: Ninetales|53/100 slp
|-curestatus|p2a: Ninetales|slp|[msg]
|move|p2a: Ninetales|Flamethrower|p1a: Ninetales
|-resisted|p1a: Ninetales
|-crit|p1a: Ninetales
|-damage|p1a: Ninetales|17/100
|
|-weather|SunnyDay|[upkeep]
|-heal|p1a: Ninetales|23/100|[from] item: Leftovers
|-heal|p2a: Ninetales|59/100|[from] item: Leftovers
|upkeep
|turn|33
|
|move|p1a: Ninetales|Hypnosis|p2a: Ninetales
|-status|p2a: Ninetales|slp
|cant|p2a: Ninetales|slp
|
|-weather|SunnyDay|[upkeep]
|-heal|p1a: Ninetales|29/100|[from] item: Leftovers
|-heal|p2a: Ninetales|65/100 slp|[from] item: Leftovers
|upkeep
|turn|34
|
|move|p1a: Ninetales|Flamethrower|p2a: Ninetales
|-resisted|p2a: Ninetales
|-damage|p2a: Ninetales|48/100 slp
|-curestatus|p2a: Ninetales|slp|[msg]
|move|p2a: Ninetales|Flamethrower|p1a: Ninetales
|-resisted|p1a: Ninetales
|-damage|p1a: Ninetales|9/100
|
|-weather|SunnyDay|[upkeep]
|-heal|p1a: Ninetales|15/100|[from] item: Leftovers
|-heal|p2a: Ninetales|54/100|[from] item: Leftovers
|upkeep
|turn|35
|
|move|p1a: Ninetales|Hypnosis|p2a: Ninetales
|-status|p2a: Ninetales|slp
|cant|p2a: Ninetales|slp
|
|-weather|SunnyDay|[upkeep]
|-heal|p1a: Ninetales|21/100|[from] item: Leftovers
|-heal|p2a: Ninetales|60/100 slp|[from] item: Leftovers
|upkeep
|turn|36
|
|move|p1a: Ninetales|Flamethrower|p2a: Ninetales
|-resisted|p2a: Ninetales
|-damage|p2a: Ninetales|43/100 slp
|cant|p2a: Ninetales|slp
|
|-weather|SunnyDay|[upkeep]
|-heal|p1a: Ninetales|27/100|[from] item: Leftovers
|-heal|p2a: Ninetales|49/100 slp|[from] item: Leftovers
|upkeep
|turn|37
|
|move|p1a: Ninetales|Flamethrower|p2a: Ninetales
|-resisted|p2a: Ninetales
|-damage|p2a: Ninetales|33/100 slp
|cant|p2a: Ninetales|slp
|
|-weather|SunnyDay|[upkeep]
|-heal|p1a: Ninetales|33/100|[from] item: Leftovers
|-heal|p2a: Ninetales|39/100 slp|[from] item: Leftovers
|upkeep
|turn|38
|
|move|p1a: Ninetales|Flamethrower|p2a: Ninetales
|-resisted|p2a: Ninetales
|-damage|p2a: Ninetales|21/100 slp
|-curestatus|p2a: Ninetales|slp|[msg]
|move|p2a: Ninetales|Flamethrower|p1a: Ninetales
|-resisted|p1a: Ninetales
|-damage|p1a: Ninetales|13/100
|
|-weather|SunnyDay|[upkeep]
|-heal|p1a: Ninetales|19/100|[from] item: Leftovers
|-heal|p2a: Ninetales|27/100|[from] item: Leftovers
|upkeep
|turn|39
|
|move|p1a: Ninetales|Hypnosis|p2a: Ninetales|[miss]
|-miss|p1a: Ninetales|p2a: Ninetales
|move|p2a: Ninetales|Flamethrower|p1a: Ninetales
|-resisted|p1a: Ninetales
|-damage|p1a: Ninetales|0 fnt
|faint|p1a: Ninetales
|
|-weather|SunnyDay|[upkeep]
|-heal|p2a: Ninetales|33/100|[from] item: Leftovers
|upkeep
|
|switch|p1a: Chansey|Chansey, F|72/100
|turn|40
|
|switch|p2a: Forretress|Forretress, M|85/100
|move|p1a: Chansey|Seismic Toss|p2a: Forretress
|-damage|p2a: Forretress|56/100
|
|-weather|SunnyDay|[upkeep]
|-heal|p2a: Forretress|63/100|[from] item: Leftovers
|upkeep
|turn|41
|
|move|p1a: Chansey|Seismic Toss|p2a: Forretress
|-damage|p2a: Forretress|34/100
|move|p2a: Forretress|Spikes|p1a: Chansey
|-sidestart|p1: porrompompom|Spikes
|
|-weather|SunnyDay|[upkeep]
|-heal|p2a: Forretress|40/100|[from] item: Leftovers
|upkeep
|turn|42
|
|move|p1a: Chansey|Seismic Toss|p2a: Forretress
|-damage|p2a: Forretress|12/100
|move|p2a: Forretress|Pain Split|p1a: Chansey
|-sethp|p1a: Chansey|39/100|p2a: Forretress|78/100|[from] move: Pain Split
|
|-weather|SunnyDay|[upkeep]
|-heal|p2a: Forretress|84/100|[from] item: Leftovers
|upkeep
|turn|43
|inactive|porrompompom has 135 seconds left.
|c|☆porrompompom|nonono, that's not the right set, toxic spikes rspin volt switch
|
|move|p1a: Chansey|Soft-Boiled|p1a: Chansey
|-heal|p1a: Chansey|89/100
|move|p2a: Forretress|Volt Switch|p1a: Chansey
|-crit|p1a: Chansey
|-damage|p1a: Chansey|82/100
|c|☆markus3362|toxic is niche
|inactive|markus3362 has 135 seconds left.
|c|☆markus3362|you want split for ferro
|inactive|markus3362 has 120 seconds left.
|c|☆markus3362|like when you need to trap more things and can't affordvthe trick on ferro
|inactive|markus3362 has 105 seconds left.
|c|☆markus3362|it makes life easier vs skarm too
|inactive|markus3362 has 90 seconds left.
|j| AwsomeDeadMan5
|
|switch|p2a: Ninetales|Ninetales, M|33/100
|
|-weather|SunnyDay|[upkeep]
|-heal|p2a: Ninetales|39/100|[from] item: Leftovers
|upkeep
|turn|44
|
|move|p2a: Ninetales|Protect|p2a: Ninetales
|-singleturn|p2a: Ninetales|Protect
|move|p1a: Chansey|Seismic Toss|p2a: Ninetales
|-activate|p2a: Ninetales|move: Protect
|
|-weather|SunnyDay|[upkeep]
|-heal|p2a: Ninetales|45/100|[from] item: Leftovers
|upkeep
|turn|45
|l| AwsomeDeadMan5
|
|switch|p2a: Forretress|Forretress, M|84/100
|switch|p1a: Cresselia|Cresselia, F|100/100
|
|-weather|SunnyDay|[upkeep]
|-heal|p2a: Forretress|90/100|[from] item: Leftovers
|upkeep
|turn|46
|
|switch|p2a: Ninetales|Ninetales, M|45/100
|move|p1a: Cresselia|Hidden Power|p2a: Ninetales
|-resisted|p2a: Ninetales
|-damage|p2a: Ninetales|38/100
|
|-weather|SunnyDay|[upkeep]
|-heal|p2a: Ninetales|44/100|[from] item: Leftovers
|upkeep
|turn|47
|
|move|p1a: Cresselia|Hidden Power|p2a: Ninetales
|-resisted|p2a: Ninetales
|-damage|p2a: Ninetales|36/100
|move|p2a: Ninetales|Roar|p1a: Cresselia
|drag|p1a: Forretress|Forretress, M|62/100
|-damage|p1a: Forretress|50/100|[from] Spikes
|
|-weather|SunnyDay|[upkeep]
|-heal|p2a: Ninetales|42/100|[from] item: Leftovers
|upkeep
|turn|48
|
|switch|p1a: Cresselia|Cresselia, F|100/100
|move|p2a: Ninetales|Flamethrower|p1a: Cresselia
|-damage|p1a: Cresselia|74/100
|
|-weather|SunnyDay|[upkeep]
|-heal|p2a: Ninetales|48/100|[from] item: Leftovers
|-heal|p1a: Cresselia|80/100|[from] item: Leftovers
|upkeep
|turn|49
|
|move|p2a: Ninetales|Will-O-Wisp|p1a: Cresselia|[miss]
|-miss|p2a: Ninetales|p1a: Cresselia
|move|p1a: Cresselia|Hidden Power|p2a: Ninetales
|-resisted|p2a: Ninetales
|-damage|p2a: Ninetales|40/100
|
|-weather|SunnyDay|[upkeep]
|-heal|p2a: Ninetales|46/100|[from] item: Leftovers
|-heal|p1a: Cresselia|86/100|[from] item: Leftovers
|upkeep
|turn|50
|
|move|p2a: Ninetales|Will-O-Wisp|p1a: Cresselia
|-status|p1a: Cresselia|brn
|move|p1a: Cresselia|Hidden Power|p2a: Ninetales
|-resisted|p2a: Ninetales
|-damage|p2a: Ninetales|38/100
|
|-weather|SunnyDay|[upkeep]
|-heal|p2a: Ninetales|44/100|[from] item: Leftovers
|-heal|p1a: Cresselia|92/100 brn|[from] item: Leftovers
|-damage|p1a: Cresselia|80/100 brn|[from] brn
|upkeep
|turn|51
|
|switch|p1a: Chansey|Chansey, F|82/100
|-damage|p1a: Chansey|70/100|[from] Spikes
|move|p2a: Ninetales|Roar|p1a: Chansey
|drag|p1a: Forretress|Forretress, M|50/100
|-damage|p1a: Forretress|37/100|[from] Spikes
|
|-weather|SunnyDay|[upkeep]
|-heal|p2a: Ninetales|50/100|[from] item: Leftovers
|upkeep
|turn|52
|
|move|p2a: Ninetales|Flamethrower|p1a: Forretress
|-supereffective|p1a: Forretress
|-damage|p1a: Forretress|0 fnt
|faint|p1a: Forretress
|
|-weather|SunnyDay|[upkeep]
|-heal|p2a: Ninetales|56/100|[from] item: Leftovers
|upkeep
|
|switch|p1a: Gothitelle|Gothitelle, M|29/100
|-damage|p1a: Gothitelle|17/100|[from] Spikes
|turn|53
|
|move|p2a: Ninetales|Flamethrower|p1a: Gothitelle
|-damage|p1a: Gothitelle|0 fnt
|faint|p1a: Gothitelle
|
|-weather|SunnyDay|[upkeep]
|-heal|p2a: Ninetales|62/100|[from] item: Leftovers
|upkeep
|
|switch|p1a: Chansey|Chansey, F|70/100
|-damage|p1a: Chansey|58/100|[from] Spikes
|turn|54
|
|move|p1a: Chansey|Seismic Toss|p2a: Ninetales
|-damage|p2a: Ninetales|33/100
|move|p2a: Ninetales|Roar|p1a: Chansey
|drag|p1a: Cresselia|Cresselia, F|80/100 brn
|
|-weather|SunnyDay|[upkeep]
|-heal|p2a: Ninetales|39/100|[from] item: Leftovers
|-heal|p1a: Cresselia|86/100 brn|[from] item: Leftovers
|-damage|p1a: Cresselia|74/100 brn|[from] brn
|upkeep
|turn|55
|
|switch|p2a: Cresselia|Cresselia, F|100/100
|switch|p1a: Chansey|Chansey, F|58/100
|-damage|p1a: Chansey|45/100|[from] Spikes
|
|-weather|SunnyDay|[upkeep]
|upkeep
|turn|56
|
|move|p2a: Cresselia|Calm Mind|p2a: Cresselia
|-boost|p2a: Cresselia|spa|1
|-boost|p2a: Cresselia|spd|1
|move|p1a: Chansey|Toxic|p2a: Cresselia
|-status|p2a: Cresselia|tox
|
|-weather|SunnyDay|[upkeep]
|-damage|p2a: Cresselia|94/100 tox|[from] psn
|upkeep
|turn|57
|inactive|porrompompom has 135 seconds left.
|
|switch|p2a: Chansey|Chansey, F|88/100
|move|p1a: Chansey|Seismic Toss|p2a: Chansey
|-damage|p2a: Chansey|74/100
|
|-weather|SunnyDay|[upkeep]
|upkeep
|turn|58
|
|move|p2a: Chansey|Heal Bell|p2a: Chansey
|-activate|p2a: Chansey|move: Heal Bell
|-curestatus|p2: Cresselia|tox|[msg]
|move|p1a: Chansey|Seismic Toss|p2a: Chansey
|-damage|p2a: Chansey|60/100
|
|-weather|SunnyDay|[upkeep]
|upkeep
|turn|59
|
|switch|p2a: Forretress|Forretress, M|90/100
|move|p1a: Chansey|Soft-Boiled|p1a: Chansey
|-heal|p1a: Chansey|95/100
|
|-weather|SunnyDay|[upkeep]
|-heal|p2a: Forretress|96/100|[from] item: Leftovers
|upkeep
|turn|60
|
|switch|p1a: Cresselia|Cresselia, F|74/100 brn
|move|p2a: Forretress|Volt Switch|p1a: Cresselia
|-damage|p1a: Cresselia|68/100 brn
|
|switch|p2a: Ninetales|Ninetales, M|39/100
|
|-weather|SunnyDay|[upkeep]
|-heal|p2a: Ninetales|45/100|[from] item: Leftovers
|-heal|p1a: Cresselia|74/100 brn|[from] item: Leftovers
|-damage|p1a: Cresselia|61/100 brn|[from] brn
|upkeep
|turn|61
|c|☆porrompompom|what a sad thing to lose against my own team
|
|move|p2a: Ninetales|Flamethrower|p1a: Cresselia
|-damage|p1a: Cresselia|33/100 brn
|move|p1a: Cresselia|Ice Beam|p2a: Ninetales
|-resisted|p2a: Ninetales
|-damage|p2a: Ninetales|38/100
|
|-weather|SunnyDay|[upkeep]
|-heal|p2a: Ninetales|44/100|[from] item: Leftovers
|-heal|p1a: Cresselia|40/100 brn|[from] item: Leftovers
|-damage|p1a: Cresselia|27/100 brn|[from] brn
|upkeep
|turn|62
|
|switch|p1a: Chansey|Chansey, F|95/100
|-damage|p1a: Chansey|83/100|[from] Spikes
|move|p2a: Ninetales|Flamethrower|p1a: Chansey
|-crit|p1a: Chansey
|-damage|p1a: Chansey|56/100
|
|-weather|SunnyDay|[upkeep]
|-heal|p2a: Ninetales|50/100|[from] item: Leftovers
|upkeep
|turn|63
|
|switch|p2a: Forretress|Forretress, M|96/100
|move|p1a: Chansey|Soft-Boiled|p1a: Chansey
|-heal|p1a: Chansey|100/100
|
|-weather|SunnyDay|[upkeep]
|-heal|p2a: Forretress|100/100|[from] item: Leftovers
|upkeep
|turn|64
|c|☆markus3362|true
|inactive|markus3362 has 135 seconds left.
|c|☆markus3362|though watch out
|inactive|markus3362 has 120 seconds left.
|c|☆markus3362|arena trap is on the chop
|
|move|p1a: Chansey|Seismic Toss|p2a: Forretress
|-damage|p2a: Forretress|72/100
|move|p2a: Forretress|Volt Switch|p1a: Chansey
|-damage|p1a: Chansey|97/100
|
|switch|p2a: Ninetales|Ninetales, M|50/100
|
|-weather|SunnyDay|[upkeep]
|-heal|p2a: Ninetales|56/100|[from] item: Leftovers
|upkeep
|turn|65
|c|☆porrompompom|yes, i heard
|
|move|p2a: Ninetales|Protect|p2a: Ninetales
|-singleturn|p2a: Ninetales|Protect
|move|p1a: Chansey|Seismic Toss|p2a: Ninetales
|-activate|p2a: Ninetales|move: Protect
|
|-weather|SunnyDay|[upkeep]
|-heal|p2a: Ninetales|62/100|[from] item: Leftovers
|upkeep
|turn|66
|
|switch|p2a: Forretress|Forretress, M|72/100
|move|p1a: Chansey|Seismic Toss|p2a: Forretress
|-damage|p2a: Forretress|44/100
|
|-weather|SunnyDay|[upkeep]
|-heal|p2a: Forretress|50/100|[from] item: Leftovers
|upkeep
|turn|67
|
|switch|p1a: Cresselia|Cresselia, F|27/100 brn
|move|p2a: Forretress|Pain Split|p1a: Cresselia
|-sethp|p1a: Cresselia|33/100 brn|p2a: Forretress|42/100|[from] move: Pain Split
|
|-weather|SunnyDay|[upkeep]
|-heal|p1a: Cresselia|40/100 brn|[from] item: Leftovers
|-heal|p2a: Forretress|48/100|[from] item: Leftovers
|-damage|p1a: Cresselia|27/100 brn|[from] brn
|upkeep
|turn|68
|
|switch|p2a: Ninetales|Ninetales, M|62/100
|move|p1a: Cresselia|Moonlight|p1a: Cresselia
|-heal|p1a: Cresselia|94/100 brn
|
|-weather|SunnyDay|[upkeep]
|-heal|p2a: Ninetales|68/100|[from] item: Leftovers
|-heal|p1a: Cresselia|99/100 brn|[from] item: Leftovers
|-damage|p1a: Cresselia|87/100 brn|[from] brn
|upkeep
|turn|69
|
|switch|p1a: Chansey|Chansey, F|97/100
|-damage|p1a: Chansey|85/100|[from] Spikes
|move|p2a: Ninetales|Flamethrower|p1a: Chansey
|-damage|p1a: Chansey|72/100
|
|-weather|SunnyDay|[upkeep]
|-heal|p2a: Ninetales|74/100|[from] item: Leftovers
|upkeep
|turn|70
|
|switch|p2a: Forretress|Forretress, M|48/100
|move|p1a: Chansey|Seismic Toss|p2a: Forretress
|-damage|p2a: Forretress|20/100
|
|-weather|SunnyDay|[upkeep]
|-heal|p2a: Forretress|26/100|[from] item: Leftovers
|upkeep
|turn|71
|inactive|markus3362 has 135 seconds left.
|
|switch|p2a: Chansey|Chansey, F|60/100
|move|p1a: Chansey|Seismic Toss|p2a: Chansey
|-damage|p2a: Chansey|46/100
|
|-weather|SunnyDay|[upkeep]
|upkeep
|turn|72
|
|move|p2a: Chansey|Soft-Boiled|p2a: Chansey
|-heal|p2a: Chansey|96/100
|move|p1a: Chansey|Seismic Toss|p2a: Chansey
|-damage|p2a: Chansey|82/100
|
|-weather|SunnyDay|[upkeep]
|upkeep
|turn|73
|
|move|p2a: Chansey|Soft-Boiled|p2a: Chansey
|-heal|p2a: Chansey|100/100
|move|p1a: Chansey|Toxic|p2a: Chansey
|-status|p2a: Chansey|tox
|
|-weather|SunnyDay|[upkeep]
|-damage|p2a: Chansey|94/100 tox|[from] psn
|upkeep
|turn|74
|
|switch|p2a: Cresselia|Cresselia, F|94/100
|move|p1a: Chansey|Seismic Toss|p2a: Cresselia
|-damage|p2a: Cresselia|72/100
|
|-weather|SunnyDay|[upkeep]
|-heal|p2a: Cresselia|78/100|[from] item: Leftovers
|upkeep
|turn|75
|
|switch|p2a: Chansey|Chansey, F|94/100
|move|p1a: Chansey|Seismic Toss|p2a: Chansey
|-damage|p2a: Chansey|80/100
|
|-weather|SunnyDay|[upkeep]
|upkeep
|turn|76
|
|switch|p2a: Cresselia|Cresselia, F|78/100
|move|p1a: Chansey|Toxic|p2a: Cresselia
|-status|p2a: Cresselia|tox
|
|-weather|SunnyDay|[upkeep]
|-heal|p2a: Cresselia|84/100 tox|[from] item: Leftovers
|-damage|p2a: Cresselia|78/100 tox|[from] psn
|upkeep
|turn|77
|
|switch|p2a: Chansey|Chansey, F|80/100
|move|p1a: Chansey|Seismic Toss|p2a: Chansey
|-damage|p2a: Chansey|66/100
|
|-weather|SunnyDay|[upkeep]
|upkeep
|turn|78
|inactive|porrompompom has 135 seconds left.
|c|☆porrompompom|can you just kill this and see if i crit cress or not
|
|move|p2a: Chansey|Soft-Boiled|p2a: Chansey
|-heal|p2a: Chansey|100/100
|move|p1a: Chansey|Seismic Toss|p2a: Chansey
|-damage|p2a: Chansey|86/100
|
|-weather|SunnyDay|[upkeep]
|upkeep
|turn|79
|
|switch|p2a: Cresselia|Cresselia, F|78/100 tox
|move|p1a: Chansey|Seismic Toss|p2a: Cresselia
|-damage|p2a: Cresselia|55/100 tox
|
|-weather|SunnyDay|[upkeep]
|-heal|p2a: Cresselia|61/100 tox|[from] item: Leftovers
|-damage|p2a: Cresselia|55/100 tox|[from] psn
|upkeep
|turn|80
|
|move|p2a: Cresselia|Moonlight|p2a: Cresselia
|-heal|p2a: Cresselia|100/100 tox
|move|p1a: Chansey|Seismic Toss|p2a: Cresselia
|-damage|p2a: Cresselia|78/100 tox
|
|-weather|SunnyDay|[upkeep]
|-heal|p2a: Cresselia|84/100 tox|[from] item: Leftovers
|-damage|p2a: Cresselia|72/100 tox|[from] psn
|upkeep
|turn|81
|inactive|markus3362 has 135 seconds left.
|c|☆markus3362|that lowers my odds though
|
|switch|p2a: Chansey|Chansey, F|86/100
|move|p1a: Chansey|Toxic|p2a: Chansey
|-status|p2a: Chansey|tox
|
|-weather|SunnyDay|[upkeep]
|-damage|p2a: Chansey|80/100 tox|[from] psn
|upkeep
|turn|82
|
|-curestatus|p2a: Chansey|tox|[from] ability: Natural Cure
|switch|p2a: Cresselia|Cresselia, F|72/100 tox
|move|p1a: Chansey|Seismic Toss|p2a: Cresselia
|-damage|p2a: Cresselia|49/100 tox
|
|-weather|SunnyDay|[upkeep]
|-heal|p2a: Cresselia|55/100 tox|[from] item: Leftovers
|-damage|p2a: Cresselia|49/100 tox|[from] psn
|upkeep
|turn|83
|
|move|p2a: Cresselia|Moonlight|p2a: Cresselia
|-heal|p2a: Cresselia|100/100 tox
|move|p1a: Chansey|Seismic Toss|p2a: Cresselia
|-damage|p2a: Cresselia|78/100 tox
|
|-weather|SunnyDay|[upkeep]
|-heal|p2a: Cresselia|84/100 tox|[from] item: Leftovers
|-damage|p2a: Cresselia|72/100 tox|[from] psn
|upkeep
|turn|84
|
|switch|p2a: Chansey|Chansey, F|80/100
|move|p1a: Chansey|Seismic Toss|p2a: Chansey
|-damage|p2a: Chansey|66/100
|
|-weather|SunnyDay|[upkeep]
|upkeep
|turn|85
|
|move|p2a: Chansey|Soft-Boiled|p2a: Chansey
|-heal|p2a: Chansey|100/100
|move|p1a: Chansey|Seismic Toss|p2a: Chansey
|-damage|p2a: Chansey|86/100
|
|-weather|SunnyDay|[upkeep]
|upkeep
|turn|86
|
|switch|p2a: Cresselia|Cresselia, F|72/100 tox
|move|p1a: Chansey|Toxic|p2a: Cresselia
|-fail|p2a: Cresselia|tox
|
|-weather|SunnyDay|[upkeep]
|-heal|p2a: Cresselia|78/100 tox|[from] item: Leftovers
|-damage|p2a: Cresselia|72/100 tox|[from] psn
|upkeep
|turn|87
|
|switch|p2a: Chansey|Chansey, F|86/100
|move|p1a: Chansey|Seismic Toss|p2a: Chansey
|-damage|p2a: Chansey|72/100
|
|-weather|SunnyDay|[upkeep]
|upkeep
|turn|88
|
|move|p2a: Chansey|Soft-Boiled|p2a: Chansey
|-heal|p2a: Chansey|100/100
|move|p1a: Chansey|Seismic Toss|p2a: Chansey
|-damage|p2a: Chansey|86/100
|
|-weather|SunnyDay|[upkeep]
|upkeep
|turn|89
|
|switch|p2a: Cresselia|Cresselia, F|72/100 tox
|move|p1a: Chansey|Toxic|p2a: Cresselia
|-fail|p2a: Cresselia|tox
|
|-weather|SunnyDay|[upkeep]
|-heal|p2a: Cresselia|78/100 tox|[from] item: Leftovers
|-damage|p2a: Cresselia|72/100 tox|[from] psn
|upkeep
|turn|90
|
|switch|p2a: Chansey|Chansey, F|86/100
|switch|p1a: Cresselia|Cresselia, F|87/100 brn
|
|-weather|SunnyDay|[upkeep]
|-heal|p1a: Cresselia|94/100 brn|[from] item: Leftovers
|-damage|p1a: Cresselia|81/100 brn|[from] brn
|upkeep
|turn|91
|
|switch|p1a: Chansey|Chansey, F|72/100
|-damage|p1a: Chansey|59/100|[from] Spikes
|switch|p2a: Ninetales|Ninetales, M|74/100
|
|-weather|SunnyDay|[upkeep]
|-heal|p2a: Ninetales|80/100|[from] item: Leftovers
|upkeep
|turn|92
|
|move|p2a: Ninetales|Protect|p2a: Ninetales
|-singleturn|p2a: Ninetales|Protect
|move|p1a: Chansey|Toxic|p2a: Ninetales
|-activate|p2a: Ninetales|move: Protect
|
|-weather|SunnyDay|[upkeep]
|-heal|p2a: Ninetales|86/100|[from] item: Leftovers
|upkeep
|turn|93
|
|switch|p2a: Chansey|Chansey, F|86/100
|switch|p1a: Cresselia|Cresselia, F|81/100 brn
|
|-weather|SunnyDay|[upkeep]
|-heal|p1a: Cresselia|87/100 brn|[from] item: Leftovers
|-damage|p1a: Cresselia|75/100 brn|[from] brn
|upkeep
|turn|94
|
|switch|p1a: Chansey|Chansey, F|59/100
|-damage|p1a: Chansey|47/100|[from] Spikes
|switch|p2a: Forretress|Forretress, M|26/100
|
|-weather|SunnyDay|[upkeep]
|-heal|p2a: Forretress|32/100|[from] item: Leftovers
|upkeep
|turn|95
|
|switch|p1a: Cresselia|Cresselia, F|75/100 brn
|move|p2a: Forretress|Pain Split|p1a: Cresselia
|-sethp|p1a: Cresselia|50/100 brn|p2a: Forretress|63/100|[from] move: Pain Split
|
|-weather|SunnyDay|[upkeep]
|-heal|p1a: Cresselia|56/100 brn|[from] item: Leftovers
|-heal|p2a: Forretress|69/100|[from] item: Leftovers
|-damage|p1a: Cresselia|44/100 brn|[from] brn
|upkeep
|turn|96
|
|switch|p2a: Ninetales|Ninetales, M|86/100
|move|p1a: Cresselia|Moonlight|p1a: Cresselia
|-heal|p1a: Cresselia|100/100 brn
|
|-weather|SunnyDay|[upkeep]
|-heal|p2a: Ninetales|92/100|[from] item: Leftovers
|-damage|p1a: Cresselia|88/100 brn|[from] brn
|upkeep
|turn|97
|
|switch|p1a: Chansey|Chansey, F|47/100
|-damage|p1a: Chansey|35/100|[from] Spikes
|move|p2a: Ninetales|Protect|p2a: Ninetales
|-fail|p2a: Ninetales
|
|-weather|SunnyDay|[upkeep]
|-heal|p2a: Ninetales|98/100|[from] item: Leftovers
|upkeep
|turn|98
|
|switch|p2a: Forretress|Forretress, M|69/100
|move|p1a: Chansey|Toxic|p2a: Forretress
|-immune|p2a: Forretress|[msg]
|
|-weather|SunnyDay|[upkeep]
|-heal|p2a: Forretress|75/100|[from] item: Leftovers
|upkeep
|turn|99
|
|switch|p2a: Chansey|Chansey, F|86/100
|move|p1a: Chansey|Seismic Toss|p2a: Chansey
|-damage|p2a: Chansey|72/100
|
|-weather|SunnyDay|[upkeep]
|upkeep
|turn|100
|
|switch|p1a: Cresselia|Cresselia, F|88/100 brn
|move|p2a: Chansey|Soft-Boiled|p2a: Chansey
|-heal|p2a: Chansey|100/100
|
|-weather|SunnyDay|[upkeep]
|-heal|p1a: Cresselia|94/100 brn|[from] item: Leftovers
|-damage|p1a: Cresselia|82/100 brn|[from] brn
|upkeep
|turn|101
|
|switch|p1a: Chansey|Chansey, F|35/100
|-damage|p1a: Chansey|22/100|[from] Spikes
|switch|p2a: Ninetales|Ninetales, M|98/100
|
|-weather|SunnyDay|[upkeep]
|-heal|p2a: Ninetales|100/100|[from] item: Leftovers
|upkeep
|turn|102
|
|move|p2a: Ninetales|Protect|p2a: Ninetales
|-singleturn|p2a: Ninetales|Protect
|move|p1a: Chansey|Toxic|p2a: Ninetales
|-activate|p2a: Ninetales|move: Protect
|
|-weather|SunnyDay|[upkeep]
|upkeep
|turn|103
|
|switch|p2a: Forretress|Forretress, M|75/100
|switch|p1a: Cresselia|Cresselia, F|82/100 brn
|
|-weather|SunnyDay|[upkeep]
|-heal|p1a: Cresselia|88/100 brn|[from] item: Leftovers
|-heal|p2a: Forretress|82/100|[from] item: Leftovers
|-damage|p1a: Cresselia|75/100 brn|[from] brn
|upkeep
|turn|104
|
|switch|p1a: Chansey|Chansey, F|22/100
|-damage|p1a: Chansey|10/100|[from] Spikes
|switch|p2a: Ninetales|Ninetales, M|100/100
|
|-weather|SunnyDay|[upkeep]
|upkeep
|turn|105
|
|move|p2a: Ninetales|Protect|p2a: Ninetales
|-singleturn|p2a: Ninetales|Protect
|move|p1a: Chansey|Toxic|p2a: Ninetales
|-activate|p2a: Ninetales|move: Protect
|
|-weather|SunnyDay|[upkeep]
|upkeep
|turn|106
|inactive|markus3362 has 135 seconds left.
|inactive|markus3362 has 120 seconds left.
|inactive|markus3362 has 105 seconds left.
|
|switch|p2a: Forretress|Forretress, M|82/100
|switch|p1a: Cresselia|Cresselia, F|75/100 brn
|
|-weather|SunnyDay|[upkeep]
|-heal|p1a: Cresselia|82/100 brn|[from] item: Leftovers
|-heal|p2a: Forretress|88/100|[from] item: Leftovers
|-damage|p1a: Cresselia|69/100 brn|[from] brn
|upkeep
|turn|107
|inactive|markus3362 has 135 seconds left.
|
|switch|p1a: Chansey|Chansey, F|10/100
|-damage|p1a: Chansey|0 fnt|[from] Spikes
|faint|p1a: Chansey
|switch|p2a: Ninetales|Ninetales, M|100/100
|
|-weather|SunnyDay|[upkeep]
|upkeep
|
|switch|p1a: Cresselia|Cresselia, F|69/100 brn
|turn|108
|
|move|p2a: Ninetales|Flamethrower|p1a: Cresselia
|-damage|p1a: Cresselia|46/100 brn
|move|p1a: Cresselia|Calm Mind|p1a: Cresselia
|-boost|p1a: Cresselia|spa|1
|-boost|p1a: Cresselia|spd|1
|
|-weather|SunnyDay|[upkeep]
|-heal|p1a: Cresselia|52/100 brn|[from] item: Leftovers
|-damage|p1a: Cresselia|40/100 brn|[from] brn
|upkeep
|turn|109
|
|move|p2a: Ninetales|Flamethrower|p1a: Cresselia
|-damage|p1a: Cresselia|22/100 brn
|move|p1a: Cresselia|Moonlight|p1a: Cresselia
|-heal|p1a: Cresselia|88/100 brn
|
|-weather|SunnyDay|[upkeep]
|-heal|p1a: Cresselia|94/100 brn|[from] item: Leftovers
|-damage|p1a: Cresselia|82/100 brn|[from] brn
|upkeep
|turn|110
|
|move|p2a: Ninetales|Flamethrower|p1a: Cresselia
|-damage|p1a: Cresselia|66/100 brn
|move|p1a: Cresselia|Calm Mind|p1a: Cresselia
|-boost|p1a: Cresselia|spa|1
|-boost|p1a: Cresselia|spd|1
|
|-weather|SunnyDay|[upkeep]
|-heal|p1a: Cresselia|72/100 brn|[from] item: Leftovers
|-damage|p1a: Cresselia|60/100 brn|[from] brn
|upkeep
|turn|111
|
|switch|p2a: Chansey|Chansey, F|100/100
|move|p1a: Cresselia|Calm Mind|p1a: Cresselia
|-boost|p1a: Cresselia|spa|1
|-boost|p1a: Cresselia|spd|1
|
|-weather|SunnyDay|[upkeep]
|-heal|p1a: Cresselia|66/100 brn|[from] item: Leftovers
|-damage|p1a: Cresselia|54/100 brn|[from] brn
|upkeep
|turn|112
|inactive|porrompompom has 135 seconds left.
|
|move|p1a: Cresselia|Calm Mind|p1a: Cresselia
|-boost|p1a: Cresselia|spa|1
|-boost|p1a: Cresselia|spd|1
|move|p2a: Chansey|Heal Bell|p2a: Chansey
|-activate|p2a: Chansey|move: Heal Bell
|-curestatus|p2: Cresselia|tox|[msg]
|
|-weather|SunnyDay|[upkeep]
|-heal|p1a: Cresselia|60/100 brn|[from] item: Leftovers
|-damage|p1a: Cresselia|47/100 brn|[from] brn
|upkeep
|turn|113
|
|switch|p2a: Cresselia|Cresselia, F|72/100
|move|p1a: Cresselia|Calm Mind|p1a: Cresselia
|-boost|p1a: Cresselia|spa|1
|-boost|p1a: Cresselia|spd|1
|
|-weather|SunnyDay|[upkeep]
|-heal|p1a: Cresselia|53/100 brn|[from] item: Leftovers
|-heal|p2a: Cresselia|78/100|[from] item: Leftovers
|-damage|p1a: Cresselia|41/100 brn|[from] brn
|upkeep
|turn|114
|inactive|markus3362 has 135 seconds left.
|inactive|markus3362 has 120 seconds left.
|
|move|p1a: Cresselia|Hidden Power|p2a: Cresselia
|-damage|p2a: Cresselia|35/100
|move|p2a: Cresselia|Calm Mind|p2a: Cresselia
|-boost|p2a: Cresselia|spa|1
|-boost|p2a: Cresselia|spd|1
|
|-weather|SunnyDay|[upkeep]
|-heal|p1a: Cresselia|47/100 brn|[from] item: Leftovers
|-heal|p2a: Cresselia|41/100|[from] item: Leftovers
|-damage|p1a: Cresselia|35/100 brn|[from] brn
|upkeep
|turn|115
|
|move|p1a: Cresselia|Hidden Power|p2a: Cresselia
|-damage|p2a: Cresselia|17/100
|move|p2a: Cresselia|Moonlight|p2a: Cresselia
|-heal|p2a: Cresselia|83/100
|
|-weather|SunnyDay|[upkeep]
|-heal|p1a: Cresselia|41/100 brn|[from] item: Leftovers
|-heal|p2a: Cresselia|89/100|[from] item: Leftovers
|-damage|p1a: Cresselia|28/100 brn|[from] brn
|upkeep
|turn|116
|
|move|p1a: Cresselia|Moonlight|p1a: Cresselia
|-heal|p1a: Cresselia|95/100 brn
|move|p2a: Cresselia|Calm Mind|p2a: Cresselia
|-boost|p2a: Cresselia|spa|1
|-boost|p2a: Cresselia|spd|1
|
|-weather|SunnyDay|[upkeep]
|-heal|p1a: Cresselia|100/100 brn|[from] item: Leftovers
|-heal|p2a: Cresselia|95/100|[from] item: Leftovers
|-damage|p1a: Cresselia|88/100 brn|[from] brn
|upkeep
|turn|117
|
|move|p1a: Cresselia|Calm Mind|p1a: Cresselia
|-boost|p1a: Cresselia|spa|1
|-boost|p1a: Cresselia|spd|1
|move|p2a: Cresselia|Hidden Power|p1a: Cresselia
|-damage|p1a: Cresselia|82/100 brn
|
|-weather|SunnyDay|[upkeep]
|-heal|p1a: Cresselia|88/100 brn|[from] item: Leftovers
|-heal|p2a: Cresselia|100/100|[from] item: Leftovers
|-damage|p1a: Cresselia|75/100 brn|[from] brn
|upkeep
|turn|118
|inactive|porrompompom has 135 seconds left.
|inactive|porrompompom has 120 seconds left.
|inactive|porrompompom has 105 seconds left.
|
|move|p1a: Cresselia|Hidden Power|p2a: Cresselia
|-damage|p2a: Cresselia|79/100
|move|p2a: Cresselia|Calm Mind|p2a: Cresselia
|-boost|p2a: Cresselia|spa|1
|-boost|p2a: Cresselia|spd|1
|
|-weather|SunnyDay|[upkeep]
|-heal|p1a: Cresselia|82/100 brn|[from] item: Leftovers
|-heal|p2a: Cresselia|85/100|[from] item: Leftovers
|-damage|p1a: Cresselia|69/100 brn|[from] brn
|upkeep
|turn|119
|
|move|p1a: Cresselia|Hidden Power|p2a: Cresselia
|-damage|p2a: Cresselia|65/100
|move|p2a: Cresselia|Hidden Power|p1a: Cresselia
|-damage|p1a: Cresselia|61/100 brn
|
|-weather|SunnyDay|[upkeep]
|-heal|p1a: Cresselia|67/100 brn|[from] item: Leftovers
|-heal|p2a: Cresselia|71/100|[from] item: Leftovers
|-damage|p1a: Cresselia|55/100 brn|[from] brn
|upkeep
|turn|120
|inactive|markus3362 has 135 seconds left.
|
|move|p1a: Cresselia|Hidden Power|p2a: Cresselia
|-damage|p2a: Cresselia|53/100
|move|p2a: Cresselia|Hidden Power|p1a: Cresselia
|-damage|p1a: Cresselia|47/100 brn
|
|-weather|SunnyDay|[upkeep]
|-heal|p1a: Cresselia|54/100 brn|[from] item: Leftovers
|-heal|p2a: Cresselia|59/100|[from] item: Leftovers
|-damage|p1a: Cresselia|41/100 brn|[from] brn
|upkeep
|turn|121
|inactive|markus3362 has 135 seconds left.
|
|move|p1a: Cresselia|Hidden Power|p2a: Cresselia
|-damage|p2a: Cresselia|42/100
|move|p2a: Cresselia|Hidden Power|p1a: Cresselia
|-damage|p1a: Cresselia|34/100 brn
|
|-weather|SunnyDay|[upkeep]
|-heal|p1a: Cresselia|40/100 brn|[from] item: Leftovers
|-heal|p2a: Cresselia|48/100|[from] item: Leftovers
|-damage|p1a: Cresselia|28/100 brn|[from] brn
|upkeep
|turn|122
|
|move|p1a: Cresselia|Moonlight|p1a: Cresselia
|-heal|p1a: Cresselia|95/100 brn
|move|p2a: Cresselia|Moonlight|p2a: Cresselia
|-heal|p2a: Cresselia|100/100
|
|-weather|SunnyDay|[upkeep]
|-heal|p1a: Cresselia|100/100 brn|[from] item: Leftovers
|-damage|p1a: Cresselia|88/100 brn|[from] brn
|upkeep
|turn|123
|
|move|p1a: Cresselia|Hidden Power|p2a: Cresselia
|-damage|p2a: Cresselia|82/100
|move|p2a: Cresselia|Hidden Power|p1a: Cresselia
|-damage|p1a: Cresselia|80/100 brn
|
|-weather|SunnyDay|[upkeep]
|-heal|p1a: Cresselia|87/100 brn|[from] item: Leftovers
|-heal|p2a: Cresselia|88/100|[from] item: Leftovers
|-damage|p1a: Cresselia|74/100 brn|[from] brn
|upkeep
|turn|124
|
|move|p1a: Cresselia|Hidden Power|p2a: Cresselia
|-damage|p2a: Cresselia|70/100
|move|p2a: Cresselia|Hidden Power|p1a: Cresselia
|-damage|p1a: Cresselia|66/100 brn
|
|-weather|SunnyDay|[upkeep]
|-heal|p1a: Cresselia|72/100 brn|[from] item: Leftovers
|-heal|p2a: Cresselia|76/100|[from] item: Leftovers
|-damage|p1a: Cresselia|60/100 brn|[from] brn
|upkeep
|turn|125
|
|move|p1a: Cresselia|Hidden Power|p2a: Cresselia
|-crit|p2a: Cresselia
|-damage|p2a: Cresselia|0 fnt
|faint|p2a: Cresselia
|
|-weather|SunnyDay|[upkeep]
|-heal|p1a: Cresselia|66/100 brn|[from] item: Leftovers
|-damage|p1a: Cresselia|53/100 brn|[from] brn
|upkeep
|
|switch|p2a: Chansey|Chansey, F|100/100
|turn|126
|
|move|p1a: Cresselia|Hidden Power|p2a: Chansey
|-damage|p2a: Chansey|67/100
|move|p2a: Chansey|Seismic Toss|p1a: Cresselia
|-damage|p1a: Cresselia|31/100 brn
|
|-weather|SunnyDay|[upkeep]
|-heal|p1a: Cresselia|37/100 brn|[from] item: Leftovers
|-damage|p1a: Cresselia|24/100 brn|[from] brn
|upkeep
|turn|127
|inactive|markus3362 has 135 seconds left.
|
|move|p1a: Cresselia|Moonlight|p1a: Cresselia
|-heal|p1a: Cresselia|91/100 brn
|move|p2a: Chansey|Seismic Toss|p1a: Cresselia
|-damage|p1a: Cresselia|68/100 brn
|
|-weather|SunnyDay|[upkeep]
|-heal|p1a: Cresselia|75/100 brn|[from] item: Leftovers
|-damage|p1a: Cresselia|62/100 brn|[from] brn
|upkeep
|turn|128
|inactive|markus3362 has 135 seconds left.
|
|move|p1a: Cresselia|Hidden Power|p2a: Chansey
|-damage|p2a: Chansey|34/100
|move|p2a: Chansey|Seismic Toss|p1a: Cresselia
|-damage|p1a: Cresselia|40/100 brn
|
|-weather|SunnyDay|[upkeep]
|-heal|p1a: Cresselia|46/100 brn|[from] item: Leftovers
|-damage|p1a: Cresselia|33/100 brn|[from] brn
|upkeep
|turn|129
|inactive|markus3362 has 135 seconds left.
|
|move|p1a: Cresselia|Moonlight|p1a: Cresselia
|-heal|p1a: Cresselia|99/100 brn
|move|p2a: Chansey|Seismic Toss|p1a: Cresselia
|-damage|p1a: Cresselia|77/100 brn
|
|-weather|SunnyDay|[upkeep]
|-heal|p1a: Cresselia|83/100 brn|[from] item: Leftovers
|-damage|p1a: Cresselia|71/100 brn|[from] brn
|upkeep
|turn|130
|
|move|p1a: Cresselia|Hidden Power|p2a: Chansey
|-damage|p2a: Chansey|0 fnt
|faint|p2a: Chansey
|
|-weather|SunnyDay|[upkeep]
|-heal|p1a: Cresselia|77/100 brn|[from] item: Leftovers
|-damage|p1a: Cresselia|65/100 brn|[from] brn
|upkeep
|
|switch|p2a: Ninetales|Ninetales, M|100/100
|turn|131
|
|move|p2a: Ninetales|Protect|p2a: Ninetales
|-singleturn|p2a: Ninetales|Protect
|move|p1a: Cresselia|Ice Beam|p2a: Ninetales
|-activate|p2a: Ninetales|move: Protect
|
|-weather|SunnyDay|[upkeep]
|-heal|p1a: Cresselia|71/100 brn|[from] item: Leftovers
|-damage|p1a: Cresselia|58/100 brn|[from] brn
|upkeep
|turn|132
|
|move|p2a: Ninetales|Flamethrower|p1a: Cresselia
|-damage|p1a: Cresselia|52/100 brn
|move|p1a: Cresselia|Hidden Power|p2a: Ninetales
|-resisted|p2a: Ninetales
|-damage|p2a: Ninetales|66/100
|
|-weather|SunnyDay|[upkeep]
|-heal|p2a: Ninetales|72/100|[from] item: Leftovers
|-heal|p1a: Cresselia|58/100 brn|[from] item: Leftovers
|-damage|p1a: Cresselia|46/100 brn|[from] brn
|upkeep
|turn|133
|
|move|p2a: Ninetales|Protect|p2a: Ninetales
|-singleturn|p2a: Ninetales|Protect
|move|p1a: Cresselia|Hidden Power|p2a: Ninetales
|-activate|p2a: Ninetales|move: Protect
|
|-weather|SunnyDay|[upkeep]
|-heal|p2a: Ninetales|78/100|[from] item: Leftovers
|-heal|p1a: Cresselia|52/100 brn|[from] item: Leftovers
|-damage|p1a: Cresselia|39/100 brn|[from] brn
|upkeep
|turn|134
|
|move|p2a: Ninetales|Flamethrower|p1a: Cresselia
|-damage|p1a: Cresselia|33/100 brn
|move|p1a: Cresselia|Hidden Power|p2a: Ninetales
|-resisted|p2a: Ninetales
|-damage|p2a: Ninetales|47/100
|
|-weather|SunnyDay|[upkeep]
|-heal|p2a: Ninetales|54/100|[from] item: Leftovers
|-heal|p1a: Cresselia|39/100 brn|[from] item: Leftovers
|-damage|p1a: Cresselia|26/100 brn|[from] brn
|upkeep
|turn|135
|
|move|p2a: Ninetales|Flamethrower|p1a: Cresselia
|-damage|p1a: Cresselia|20/100 brn
|move|p1a: Cresselia|Moonlight|p1a: Cresselia
|-heal|p1a: Cresselia|87/100 brn
|
|-weather|SunnyDay|[upkeep]
|-heal|p2a: Ninetales|60/100|[from] item: Leftovers
|-heal|p1a: Cresselia|93/100 brn|[from] item: Leftovers
|-damage|p1a: Cresselia|80/100 brn|[from] brn
|upkeep
|turn|136
|
|move|p2a: Ninetales|Protect|p2a: Ninetales
|-singleturn|p2a: Ninetales|Protect
|move|p1a: Cresselia|Ice Beam|p2a: Ninetales
|-activate|p2a: Ninetales|move: Protect
|
|-weather|SunnyDay|[upkeep]
|-heal|p2a: Ninetales|66/100|[from] item: Leftovers
|-heal|p1a: Cresselia|86/100 brn|[from] item: Leftovers
|-damage|p1a: Cresselia|74/100 brn|[from] brn
|upkeep
|turn|137
|
|switch|p2a: Dugtrio|Dugtrio, M|31/100
|move|p1a: Cresselia|Hidden Power|p2a: Dugtrio
|-damage|p2a: Dugtrio|0 fnt
|faint|p2a: Dugtrio
|
|-weather|SunnyDay|[upkeep]
|-heal|p1a: Cresselia|80/100 brn|[from] item: Leftovers
|-damage|p1a: Cresselia|68/100 brn|[from] brn
|upkeep
|
|switch|p2a: Ninetales|Ninetales, M|66/100
|turn|138
|
|move|p2a: Ninetales|Protect|p2a: Ninetales
|-singleturn|p2a: Ninetales|Protect
|move|p1a: Cresselia|Calm Mind|p1a: Cresselia
|-boost|p1a: Cresselia|spa|0
|-boost|p1a: Cresselia|spd|0
|
|-weather|SunnyDay|[upkeep]
|-heal|p2a: Ninetales|72/100|[from] item: Leftovers
|-heal|p1a: Cresselia|74/100 brn|[from] item: Leftovers
|-damage|p1a: Cresselia|61/100 brn|[from] brn
|upkeep
|turn|139
|inactive|markus3362 has 135 seconds left.
|
|move|p2a: Ninetales|Flamethrower|p1a: Cresselia
|-damage|p1a: Cresselia|54/100 brn
|move|p1a: Cresselia|Hidden Power|p2a: Ninetales
|-resisted|p2a: Ninetales
|-damage|p2a: Ninetales|42/100
|
|-weather|SunnyDay|[upkeep]
|-heal|p2a: Ninetales|48/100|[from] item: Leftovers
|-heal|p1a: Cresselia|60/100 brn|[from] item: Leftovers
|-damage|p1a: Cresselia|48/100 brn|[from] brn
|upkeep
|turn|140
|
|move|p2a: Ninetales|Protect|p2a: Ninetales
|-singleturn|p2a: Ninetales|Protect
|move|p1a: Cresselia|Ice Beam|p2a: Ninetales
|-activate|p2a: Ninetales|move: Protect
|
|-weather|SunnyDay|[upkeep]
|-heal|p2a: Ninetales|54/100|[from] item: Leftovers
|-heal|p1a: Cresselia|54/100 brn|[from] item: Leftovers
|-damage|p1a: Cresselia|42/100 brn|[from] brn
|upkeep
|turn|141
|inactive|markus3362 has 135 seconds left.
|
|move|p2a: Ninetales|Flamethrower|p1a: Cresselia
|-damage|p1a: Cresselia|35/100 brn
|move|p1a: Cresselia|Hidden Power|p2a: Ninetales
|-resisted|p2a: Ninetales
|-damage|p2a: Ninetales|22/100
|
|-weather|SunnyDay|[upkeep]
|-heal|p2a: Ninetales|28/100|[from] item: Leftovers
|-heal|p1a: Cresselia|42/100 brn|[from] item: Leftovers
|-damage|p1a: Cresselia|29/100 brn|[from] brn
|upkeep
|turn|142
|inactive|markus3362 has 135 seconds left.
|
|move|p2a: Ninetales|Protect|p2a: Ninetales
|-singleturn|p2a: Ninetales|Protect
|move|p1a: Cresselia|Ice Beam|p2a: Ninetales
|-activate|p2a: Ninetales|move: Protect
|
|-weather|SunnyDay|[upkeep]
|-heal|p2a: Ninetales|34/100|[from] item: Leftovers
|-heal|p1a: Cresselia|35/100 brn|[from] item: Leftovers
|-damage|p1a: Cresselia|23/100 brn|[from] brn
|upkeep
|turn|143
|inactive|markus3362 has 135 seconds left.
|
|switch|p2a: Forretress|Forretress, M|88/100
|move|p1a: Cresselia|Hidden Power|p2a: Forretress
|-supereffective|p2a: Forretress
|-damage|p2a: Forretress|0 fnt
|faint|p2a: Forretress
|
|-weather|SunnyDay|[upkeep]
|-heal|p1a: Cresselia|29/100 brn|[from] item: Leftovers
|-damage|p1a: Cresselia|17/100 brn|[from] brn
|upkeep
|c| shu g5ou|wow
|
|switch|p2a: Ninetales|Ninetales, M|34/100
|turn|144
|c|☆porrompompom|cmon cressy show me you're best crit
|
|move|p2a: Ninetales|Protect|p2a: Ninetales
|-singleturn|p2a: Ninetales|Protect
|move|p1a: Cresselia|Ice Beam|p2a: Ninetales
|-activate|p2a: Ninetales|move: Protect
|
|-weather|SunnyDay|[upkeep]
|-heal|p2a: Ninetales|40/100|[from] item: Leftovers
|-heal|p1a: Cresselia|23/100 brn|[from] item: Leftovers
|-damage|p1a: Cresselia|10/100 brn|[from] brn
|upkeep
|turn|145
|c|☆markus3362|i feel the crit
|c|☆markus3362|hm
|
|move|p2a: Ninetales|Flamethrower|p1a: Cresselia
|-damage|p1a: Cresselia|4/100 brn
|move|p1a: Cresselia|Hidden Power|p2a: Ninetales
|-resisted|p2a: Ninetales
|-damage|p2a: Ninetales|7/100
|
|-weather|SunnyDay|[upkeep]
|-heal|p2a: Ninetales|13/100|[from] item: Leftovers
|-heal|p1a: Cresselia|10/100 brn|[from] item: Leftovers
|-damage|p1a: Cresselia|0 fnt|[from] brn
|upkeep
|faint|p1a: Cresselia
|
|win|markus3362
|c| shu g5ou|ct!
|raw|porrompompom's rating: 1487 &rarr; <strong>1466</strong><br />(-21 for losing)
|raw|markus3362's rating: 1469 &rarr; <strong>1490</strong><br />(+21 for winning)
|l|☆porrompompom
|l|☆markus3362
|j|☆porrompompom
