|j|☆Vapow
|j|☆nidiedi
|t:|1722875402
|gametype|singles
|player|p1|Vapow|1|1380
|player|p2|nidiedi|101|1309
|teamsize|p1|6
|teamsize|p2|6
|gen|5
|tier|[Gen 5] OU
|rated|
|rule|Species Clause: Limit one of each Pokémon
|rule|OHKO Clause: OHKO moves are banned
|rule|Moody Clause: Moody is banned
|rule|Evasion Items Clause: Evasion items are banned
|rule|Evasion Moves Clause: Evasion moves are banned
|rule|Endless Battle Clause: Forcing endless battles is banned
|rule|HP Percentage Mod: HP is shown in percentages
|rule|Evasion Abilities Clause: Evasion abilities are banned
|rule|Sleep Moves Clause: Sleep-inducing moves are banned
|rule|Swagger Clause: Swagger is banned
|rule|Baton Pass Stat Clause: No Baton Passer may have a way to boost its stats
|clearpoke
|poke|p1|Dragonite, M|item
|poke|p1|Starmie|item
|poke|p1|Garchomp, M|item
|poke|p1|Haxorus, F|item
|poke|p1|Magnezone|item
|poke|p1|Metagross|item
|poke|p2|Salamence, F|item
|poke|p2|Xatu, M|item
|poke|p2|Heatran, M|item
|poke|p2|Ninetales, F|item
|poke|p2|Volcarona, F|item
|poke|p2|Excadrill, M|item
|teampreview
|inactive|Battle timer is ON: inactive players will automatically lose when time's up. (requested by Vapow)
|inactive|nidiedi also wants the timer to be on.
|
|t:|1722875424
|start
|switch|p1a: Metagross|Metagross|100/100
|switch|p2a: Ninetales|Ninetales, F|100/100
|-weather|SunnyDay|[from] ability: Drought|[of] p2a: Ninetales
|turn|1
|
|t:|1722875434
|move|p2a: Ninetales|Flamethrower|p1a: Metagross
|-supereffective|p1a: Metagross
|-damage|p1a: Metagross|19/100
|move|p1a: Metagross|Stealth Rock|p2a: Ninetales
|-sidestart|p2: nidiedi|move: Stealth Rock
|
|-weather|SunnyDay|[upkeep]
|upkeep
|turn|2
|
|t:|1722875460
|switch|p1a: Garchomp|Garchomp, M|100/100
|move|p2a: Ninetales|Flamethrower|p1a: Garchomp
|-resisted|p1a: Garchomp
|-damage|p1a: Garchomp|79/100
|
|-weather|SunnyDay|[upkeep]
|upkeep
|turn|3
|inactive|Vapow has 120 seconds left.
|
|t:|1722875475
|move|p1a: Garchomp|Stone Edge|p2a: Ninetales
|-supereffective|p2a: Ninetales
|-damage|p2a: Ninetales|20/100
|-enditem|p2a: Ninetales|Eject Button
|
|t:|1722875494
|switch|p2a: Excadrill|Excadrill, M|100/100
|-damage|p2a: Excadrill|98/100|[from] Stealth Rock
|-ability|p2a: Excadrill|Mold Breaker
|
|-weather|SunnyDay|[upkeep]
|-heal|p2a: Excadrill|100/100|[from] item: Leftovers
|upkeep
|turn|4
|
|t:|1722875506
|switch|p1a: Starmie|Starmie|100/100
|move|p2a: Excadrill|Rapid Spin|p1a: Starmie
|-damage|p1a: Starmie|92/100
|-sideend|p2: nidiedi|Stealth Rock|[from] move: Rapid Spin|[of] p2a: Excadrill
|
|-weather|SunnyDay|[upkeep]
|upkeep
|turn|5
|
|t:|1722875513
|move|p1a: Starmie|Hydro Pump|p2a: Excadrill|[miss]
|-miss|p1a: Starmie|p2a: Excadrill
|move|p2a: Excadrill|Stealth Rock|p1a: Starmie
|-sidestart|p1: Vapow|move: Stealth Rock
|
|-weather|SunnyDay|[upkeep]
|upkeep
|turn|6
|
|t:|1722875535
|move|p1a: Starmie|Rapid Spin|p2a: Excadrill
|-resisted|p2a: Excadrill
|-damage|p2a: Excadrill|98/100
|-sideend|p1: Vapow|Stealth Rock|[from] move: Rapid Spin|[of] p1a: Starmie
|-damage|p1a: Starmie|82/100|[from] item: Life Orb
|move|p2a: Excadrill|Earthquake|p1a: Starmie
|-damage|p1a: Starmie|12/100
|
|-weather|SunnyDay|[upkeep]
|-heal|p2a: Excadrill|100/100|[from] item: Leftovers
|upkeep
|turn|7
|
|t:|1722875541
|move|p1a: Starmie|Hydro Pump|p2a: Excadrill
|-supereffective|p2a: Excadrill
|-damage|p2a: Excadrill|49/100
|-damage|p1a: Starmie|2/100|[from] item: Life Orb
|move|p2a: Excadrill|Stealth Rock|p1a: Starmie
|-sidestart|p1: Vapow|move: Stealth Rock
|
|-weather|SunnyDay|[upkeep]
|-heal|p2a: Excadrill|55/100|[from] item: Leftovers
|upkeep
|turn|8
|
|t:|1722875549
|move|p2a: Excadrill|Protect|p2a: Excadrill
|-singleturn|p2a: Excadrill|Protect
|move|p1a: Starmie|Rapid Spin|p2a: Excadrill
|-activate|p2a: Excadrill|move: Protect
|
|-weather|SunnyDay|[upkeep]
|-heal|p2a: Excadrill|61/100|[from] item: Leftovers
|upkeep
|turn|9
|
|t:|1722875558
|move|p1a: Starmie|Rapid Spin|p2a: Excadrill
|-resisted|p2a: Excadrill
|-damage|p2a: Excadrill|59/100
|-sideend|p1: Vapow|Stealth Rock|[from] move: Rapid Spin|[of] p1a: Starmie
|-damage|p1a: Starmie|0 fnt|[from] item: Life Orb
|faint|p1a: Starmie
|move|p2a: Excadrill|Stealth Rock|p1: Starmie
|-sidestart|p1: Vapow|move: Stealth Rock
|
|-weather|SunnyDay|[upkeep]
|-heal|p2a: Excadrill|65/100|[from] item: Leftovers
|upkeep
|
|t:|1722875567
|switch|p1a: Magnezone|Magnezone|100/100
|-damage|p1a: Magnezone|95/100|[from] Stealth Rock
|turn|10
|
|t:|1722875574
|move|p2a: Excadrill|Protect|p2a: Excadrill
|-singleturn|p2a: Excadrill|Protect
|move|p1a: Magnezone|Hidden Power|p2a: Excadrill
|-activate|p2a: Excadrill|move: Protect
|
|-weather|SunnyDay|[upkeep]
|-heal|p2a: Excadrill|71/100|[from] item: Leftovers
|upkeep
|turn|11
|
|t:|1722875578
|move|p2a: Excadrill|Earthquake|p1a: Magnezone
|-supereffective|p1a: Magnezone
|-damage|p1a: Magnezone|0 fnt
|faint|p1a: Magnezone
|
|-weather|SunnyDay|[upkeep]
|-heal|p2a: Excadrill|77/100|[from] item: Leftovers
|upkeep
|-message|Vapow forfeited.
|
|win|nidiedi
|raw|Vapow's rating: 1380 &rarr; <strong>1356</strong><br />(-24 for losing)
|raw|nidiedi's rating: 1309 &rarr; <strong>1333</strong><br />(+24 for winning)
|l|☆Vapow
|player|p1|
