|join|immatureprick
|join|dtw
|player|p1|immatureprick|121
|player|p2|dtw|265
|gametype|singles
|gen|5
|tier|[Gen 5] OU
|rated
|rule|Evasion Abilities Clause: Evasion abilities are banned
|clearpoke
|poke|p1|Politoed, F, shiny
|poke|p1|Gliscor, F, shiny
|poke|p1|Tentacruel, F, shiny
|poke|p1|Chansey, F
|poke|p1|Ferrothorn, F, shiny
|poke|p1|Jirachi, shiny
|poke|p2|Staraptor, F
|poke|p2|Breloom, M
|poke|p2|Scizor, F
|poke|p2|Rotom-Wash
|poke|p2|Gliscor, F
|poke|p2|Forretress, M
|rule|Sleep Clause Mod: Limit one foe put to sleep
|rule|Species Clause: Limit one of each Pokemon
|rule|OHKO Clause: OHKO moves are banned
|rule|Moody Clause: Moody is banned
|rule|Evasion Moves Clause: Evasion moves are banned
|rule|Endless Battle Clause: Forcing endless battles is banned.
|rule|HP Percentage Mod: HP is reported as percentages
|teampreview
|
|start
|switch|p1a: Politoed|Politoed, F, shiny|384/384
|switch|p2a: Rotom-Wash|Rotom-Wash|280/280
|-weather|RainDance|[from] ability: Drizzle|[of] p1a: Politoed
|turn|1
|
|switch|p1a: Chansey|Chansey, F|704/704
|move|p2a: Rotom-Wash|Will-O-Wisp|p1a: Chansey
|-status|p1a: Chansey|brn
|
|-weather|RainDance|[upkeep]
|-damage|p1a: Chansey|616/704 brn|[from] brn
|turn|2
|
|move|p2a: Rotom-Wash|Volt Switch|p1a: Chansey
|-damage|p1a: Chansey|543/704 brn
|
|switch|p2a: Gliscor|Gliscor, F|354/354
|move|p1a: Chansey|Stealth Rock|p2a: Gliscor
|-sidestart|p2: dtw|move: Stealth Rock
|
|-weather|RainDance|[upkeep]
|-damage|p1a: Chansey|455/704 brn|[from] brn
|-status|p2a: Gliscor|tox|[from] item: Toxic Orb
|turn|3
|
|switch|p1a: Ferrothorn|Ferrothorn, F, shiny|351/351
|move|p2a: Gliscor|Stealth Rock|p1a: Ferrothorn
|-sidestart|p1: immatureprick|move: Stealth Rock
|
|-weather|RainDance|[upkeep]
|turn|4
|
|move|p2a: Gliscor|Taunt|p1a: Ferrothorn
|-start|p1a: Ferrothorn|move: Taunt
|cant|p1a: Ferrothorn|move: Taunt|Spikes
|
|-weather|RainDance|[upkeep]
|turn|5
|
|switch|p1a: Tentacruel|Tentacruel, F, shiny|364/364
|-damage|p1a: Tentacruel|319/364|[from] Stealth Rock
|move|p2a: Gliscor|U-turn|p1a: Tentacruel
|-resisted|p1a: Tentacruel
|-damage|p1a: Tentacruel|294/364
|
|switch|p2a: Rotom-Wash|Rotom-Wash|280/280
|-damage|p2a: Rotom-Wash|245/280|[from] Stealth Rock
|
|-weather|RainDance|[upkeep]
|-heal|p1a: Tentacruel|316/364|[from] ability: Rain Dish
|-heal|p1a: Tentacruel|338/364|[from] item: Black Sludge
|-heal|p2a: Rotom-Wash|262/280|[from] item: Leftovers
|turn|6
|
|move|p1a: Tentacruel|Protect|p1a: Tentacruel
|-singleturn|p1a: Tentacruel|Protect
|move|p2a: Rotom-Wash|Volt Switch|p1a: Tentacruel
|-activate|p1a: Tentacruel|Protect
|
|-weather|RainDance|[upkeep]
|-heal|p1a: Tentacruel|360/364|[from] ability: Rain Dish
|-heal|p1a: Tentacruel|364/364|[from] item: Black Sludge
|-heal|p2a: Rotom-Wash|279/280|[from] item: Leftovers
|turn|7
|
|move|p1a: Tentacruel|Rapid Spin|p2a: Rotom-Wash
|-damage|p2a: Rotom-Wash|267/280
|-sideend|p1: immatureprick|Stealth Rock|[from] move: Rapid Spin|[of] p1a: Tentacruel
|move|p2a: Rotom-Wash|Will-O-Wisp|p1a: Tentacruel
|-status|p1a: Tentacruel|brn
|
|-weather|RainDance|[upkeep]
|-heal|p2a: Rotom-Wash|280/280|[from] item: Leftovers
|-damage|p1a: Tentacruel|319/364 brn|[from] brn
|turn|8
|
|switch|p1a: Chansey|Chansey, F|455/704
|move|p2a: Rotom-Wash|Volt Switch|p1a: Chansey
|-damage|p1a: Chansey|379/704
|
|switch|p2a: Forretress|Forretress, M|354/354
|-damage|p2a: Forretress|310/354|[from] Stealth Rock
|
|-weather|RainDance|[upkeep]
|-heal|p2a: Forretress|332/354|[from] item: Leftovers
|turn|9
|
|move|p1a: Chansey|Soft-Boiled|p1a: Chansey
|-heal|p1a: Chansey|704/704
|move|p2a: Forretress|Rapid Spin|p1a: Chansey
|-damage|p1a: Chansey|684/704
|-sideend|p2: dtw|Stealth Rock|[from] move: Rapid Spin|[of] p2a: Forretress
|
|-weather|RainDance|[upkeep]
|-heal|p2a: Forretress|354/354|[from] item: Leftovers
|turn|10
|
|move|p1a: Chansey|Stealth Rock|p2a: Forretress
|-sidestart|p2: dtw|move: Stealth Rock
|move|p2a: Forretress|Stealth Rock|p1a: Chansey
|-sidestart|p1: immatureprick|move: Stealth Rock
|
|-weather|RainDance|[upkeep]
|turn|11
|
|switch|p1a: Tentacruel|Tentacruel, F, shiny|319/364 brn
|-damage|p1a: Tentacruel|274/364 brn|[from] Stealth Rock
|move|p2a: Forretress|Rapid Spin|p1a: Tentacruel
|-damage|p1a: Tentacruel|259/364 brn
|-sideend|p2: dtw|Stealth Rock|[from] move: Rapid Spin|[of] p2a: Forretress
|
|-weather|RainDance|[upkeep]
|-heal|p1a: Tentacruel|281/364 brn|[from] ability: Rain Dish
|-heal|p1a: Tentacruel|303/364 brn|[from] item: Black Sludge
|-damage|p1a: Tentacruel|258/364 brn|[from] brn
|turn|12
|
|move|p1a: Tentacruel|Rapid Spin|p2a: Forretress
|-resisted|p2a: Forretress
|-damage|p2a: Forretress|352/354
|-sideend|p1: immatureprick|Stealth Rock|[from] move: Rapid Spin|[of] p1a: Tentacruel
|move|p2a: Forretress|Volt Switch|p1a: Tentacruel
|-supereffective|p1a: Tentacruel
|-damage|p1a: Tentacruel|206/364 brn
|
|switch|p2a: Rotom-Wash|Rotom-Wash|280/280
|
|-weather|RainDance|[upkeep]
|-heal|p1a: Tentacruel|228/364 brn|[from] ability: Rain Dish
|-heal|p1a: Tentacruel|250/364 brn|[from] item: Black Sludge
|-damage|p1a: Tentacruel|205/364 brn|[from] brn
|turn|13
|
|switch|p1a: Jirachi|Jirachi, shiny|404/404
|move|p2a: Rotom-Wash|Volt Switch|p1a: Jirachi
|-damage|p1a: Jirachi|287/404
|
|switch|p2a: Scizor|Scizor, F|343/343
|
|-weather|RainDance|[upkeep]
|-heal|p1a: Jirachi|312/404|[from] item: Leftovers
|turn|14
|
|move|p1a: Jirachi|Thunder|p2a: Scizor
|-damage|p2a: Scizor|235/343
|-status|p2a: Scizor|par
|move|p2a: Scizor|U-turn|p1a: Jirachi
|-damage|p1a: Jirachi|98/404
|
|switch|p2a: Staraptor|Staraptor, F|311/311
|
|-weather|RainDance|[upkeep]
|-heal|p1a: Jirachi|123/404|[from] item: Leftovers
|turn|15
|c|★immatureprick|!data Staraptor
|c|~|/data-pokemon Staraptor

|
|switch|p1a: Gliscor|Gliscor, F, shiny|354/354
|move|p2a: Staraptor|Brave Bird|p1a: Gliscor
|-damage|p1a: Gliscor|116/354
|-damage|p2a: Staraptor|232/311|[from] recoil|[of] p1a: Gliscor
|
|-weather|RainDance|[upkeep]
|-status|p1a: Gliscor|tox|[from] item: Toxic Orb
|turn|16
|
|move|p1a: Gliscor|Protect|p1a: Gliscor
|-singleturn|p1a: Gliscor|Protect
|move|p2a: Staraptor|Brave Bird|p1a: Gliscor
|-activate|p1a: Gliscor|Protect
|
|-weather|RainDance|[upkeep]
|-heal|p1a: Gliscor|160/354 tox|[from] ability: Poison Heal
|turn|17
|
|switch|p1a: Ferrothorn|Ferrothorn, F, shiny|351/351
|move|p2a: Staraptor|Brave Bird|p1a: Ferrothorn
|-damage|p1a: Ferrothorn|77/351
|-damage|p2a: Staraptor|194/311|[from] ability: Iron Barbs|[of] p1a: Ferrothorn
|-damage|p2a: Staraptor|104/311|[from] recoil|[of] p1a: Ferrothorn
|
|-weather|RainDance|[upkeep]
|-heal|p1a: Ferrothorn|98/351|[from] item: Leftovers
|turn|18
|
|move|p2a: Staraptor|Brave Bird|p1a: Ferrothorn
|-damage|p1a: Ferrothorn|0 fnt
|-damage|p2a: Staraptor|66/311|[from] ability: Iron Barbs|[of] p1a: Ferrothorn
|-damage|p2a: Staraptor|34/311|[from] recoil|[of] p1a: Ferrothorn
|faint|p1a: Ferrothorn
|
|-weather|RainDance|[upkeep]
|
|switch|p1a: Gliscor|Gliscor, F, shiny|160/354 tox
|turn|19
|
|move|p1a: Gliscor|Protect|p1a: Gliscor
|-singleturn|p1a: Gliscor|Protect
|move|p2a: Staraptor|Brave Bird|p1a: Gliscor
|-activate|p1a: Gliscor|Protect
|
|-weather|RainDance|[upkeep]
|-heal|p1a: Gliscor|204/354 tox|[from] ability: Poison Heal
|turn|20
|
|switch|p1a: Chansey|Chansey, F|684/704
|move|p2a: Staraptor|Brave Bird|p1a: Chansey
|-damage|p1a: Chansey|216/704
|-damage|p2a: Staraptor|0 fnt|[from] recoil|[of] p1a: Chansey
|faint|p2a: Staraptor
|
|-weather|RainDance|[upkeep]
|
|switch|p2a: Breloom|Breloom, M|261/261
|turn|21
|
|switch|p1a: Gliscor|Gliscor, F, shiny|204/354 tox
|move|p2a: Breloom|Spore|p1a: Gliscor
|-fail|p1a: Gliscor
|
|-weather|RainDance|[upkeep]
|-heal|p1a: Gliscor|248/354 tox|[from] ability: Poison Heal
|turn|22
|
|switch|p2a: Forretress|Forretress, M|352/354
|move|p1a: Gliscor|Ice Fang|p2a: Forretress
|-resisted|p2a: Forretress
|-damage|p2a: Forretress|338/354
|
|-weather|RainDance|[upkeep]
|-heal|p2a: Forretress|354/354|[from] item: Leftovers
|-heal|p1a: Gliscor|292/354 tox|[from] ability: Poison Heal
|turn|23
|
|switch|p1a: Politoed|Politoed, F, shiny|384/384
|move|p2a: Forretress|Stealth Rock|p1a: Politoed
|-sidestart|p1: immatureprick|move: Stealth Rock
|
|-weather|RainDance|[upkeep]
|turn|24
|
|move|p1a: Politoed|Scald|p2a: Forretress
|-damage|p2a: Forretress|170/354
|move|p2a: Forretress|Volt Switch|p1a: Politoed
|-supereffective|p1a: Politoed
|-damage|p1a: Politoed|322/384
|
|switch|p2a: Breloom|Breloom, M|261/261
|
|-weather|RainDance|[upkeep]
|-heal|p1a: Politoed|346/384|[from] item: Leftovers
|turn|25
|
|switch|p1a: Gliscor|Gliscor, F, shiny|292/354 tox
|-damage|p1a: Gliscor|248/354 tox|[from] Stealth Rock
|move|p2a: Breloom|Bullet Seed|p1a: Gliscor
|-damage|p1a: Gliscor|188/354 tox
|-damage|p1a: Gliscor|122/354 tox
|-hitcount|p1a: Gliscor|2
|-damage|p2a: Breloom|235/261|[from] item: Life Orb
|
|-weather|RainDance|[upkeep]
|-heal|p1a: Gliscor|166/354 tox|[from] ability: Poison Heal
|turn|26
|
|move|p1a: Gliscor|Protect|p1a: Gliscor
|-singleturn|p1a: Gliscor|Protect
|move|p2a: Breloom|Bullet Seed|p1a: Gliscor
|-activate|p1a: Gliscor|Protect
|
|-weather|RainDance|[upkeep]
|-heal|p1a: Gliscor|210/354 tox|[from] ability: Poison Heal
|turn|27
|
|switch|p2a: Forretress|Forretress, M|170/354
|move|p1a: Gliscor|Ice Fang|p2a: Forretress
|-resisted|p2a: Forretress
|-damage|p2a: Forretress|157/354
|
|-weather|RainDance|[upkeep]
|-heal|p2a: Forretress|179/354|[from] item: Leftovers
|-heal|p1a: Gliscor|254/354 tox|[from] ability: Poison Heal
|turn|28
|
|move|p1a: Gliscor|Protect|p1a: Gliscor
|-singleturn|p1a: Gliscor|Protect
|move|p2a: Forretress|Volt Switch|p1a: Gliscor
|-immune|p1a: Gliscor|[msg]
|
|-weather|RainDance|[upkeep]
|-heal|p2a: Forretress|201/354|[from] item: Leftovers
|-heal|p1a: Gliscor|298/354 tox|[from] ability: Poison Heal
|turn|29
|
|move|p1a: Gliscor|Earthquake|p2a: Forretress
|-damage|p2a: Forretress|141/354
|move|p2a: Forretress|Spikes|p1a: Gliscor
|-sidestart|p1: immatureprick|Spikes
|
|-weather|RainDance|[upkeep]
|-heal|p2a: Forretress|163/354|[from] item: Leftovers
|-heal|p1a: Gliscor|342/354 tox|[from] ability: Poison Heal
|turn|30
|
|switch|p1a: Tentacruel|Tentacruel, F, shiny|205/364 brn
|-damage|p1a: Tentacruel|160/364 brn|[from] Spikes
|-damage|p1a: Tentacruel|115/364 brn|[from] Stealth Rock
|switch|p2a: Rotom-Wash|Rotom-Wash|280/280
|
|-weather|RainDance|[upkeep]
|-heal|p1a: Tentacruel|137/364 brn|[from] ability: Rain Dish
|-heal|p1a: Tentacruel|159/364 brn|[from] item: Black Sludge
|-damage|p1a: Tentacruel|114/364 brn|[from] brn
|turn|31
|
|move|p1a: Tentacruel|Rapid Spin|p2a: Rotom-Wash
|-crit|p2a: Rotom-Wash
|-damage|p2a: Rotom-Wash|267/280
|-sideend|p1: immatureprick|Spikes|[from] move: Rapid Spin|[of] p1a: Tentacruel
|-sideend|p1: immatureprick|Stealth Rock|[from] move: Rapid Spin|[of] p1a: Tentacruel
|move|p2a: Rotom-Wash|Volt Switch|p1a: Tentacruel
|-supereffective|p1a: Tentacruel
|-damage|p1a: Tentacruel|0 fnt
|faint|p1a: Tentacruel
|
|switch|p2a: Gliscor|Gliscor, F|354/354 tox
|
|-weather|RainDance|[upkeep]
|
|switch|p1a: Jirachi|Jirachi, shiny|123/404
|turn|32
|
|move|p1a: Jirachi|Substitute|p1a: Jirachi
|-start|p1a: Jirachi|Substitute
|-damage|p1a: Jirachi|22/404
|move|p2a: Gliscor|Earthquake|p1a: Jirachi
|-supereffective|p1a: Jirachi
|-end|p1a: Jirachi|Substitute
|
|-weather|RainDance|[upkeep]
|-heal|p1a: Jirachi|47/404|[from] item: Leftovers
|turn|33
|
|switch|p2a: Rotom-Wash|Rotom-Wash|267/280
|move|p1a: Jirachi|Water Pulse|p2a: Rotom-Wash
|-resisted|p2a: Rotom-Wash
|-damage|p2a: Rotom-Wash|238/280
|
|-weather|RainDance|[upkeep]
|-heal|p1a: Jirachi|72/404|[from] item: Leftovers
|-heal|p2a: Rotom-Wash|255/280|[from] item: Leftovers
|turn|34
|
|move|p1a: Jirachi|Thunder|p2a: Rotom-Wash
|-damage|p2a: Rotom-Wash|180/280
|-status|p2a: Rotom-Wash|par
|move|p2a: Rotom-Wash|Volt Switch|p1a: Jirachi
|-damage|p1a: Jirachi|0 fnt
|faint|p1a: Jirachi
|
|switch|p2a: Breloom|Breloom, M|235/261
|
|-weather|RainDance|[upkeep]
|
|switch|p1a: Gliscor|Gliscor, F, shiny|342/354 tox
|turn|35
|
|switch|p2a: Forretress|Forretress, M|163/354
|move|p1a: Gliscor|Ice Fang|p2a: Forretress|[miss]
|-miss|p1a: Gliscor|p2a: Forretress
|
|-weather|RainDance|[upkeep]
|-heal|p2a: Forretress|185/354|[from] item: Leftovers
|-heal|p1a: Gliscor|354/354 tox|[from] ability: Poison Heal
|turn|36
|
|switch|p1a: Politoed|Politoed, F, shiny|346/384
|move|p2a: Forretress|Stealth Rock|p1a: Politoed
|-sidestart|p1: immatureprick|move: Stealth Rock
|
|-weather|RainDance|[upkeep]
|-heal|p1a: Politoed|370/384|[from] item: Leftovers
|-heal|p2a: Forretress|207/354|[from] item: Leftovers
|turn|37
|
|move|p1a: Politoed|Scald|p2a: Forretress
|-damage|p2a: Forretress|15/354
|move|p2a: Forretress|Spikes|p1a: Politoed
|-sidestart|p1: immatureprick|Spikes
|
|-weather|RainDance|[upkeep]
|-heal|p1a: Politoed|384/384|[from] item: Leftovers
|-heal|p2a: Forretress|37/354|[from] item: Leftovers
|turn|38
|
|move|p1a: Politoed|Scald|p2a: Forretress
|-damage|p2a: Forretress|0 fnt
|faint|p2a: Forretress
|
|-weather|RainDance|[upkeep]
|
|switch|p2a: Breloom|Breloom, M|235/261
|turn|39
|
|move|p2a: Breloom|Bullet Seed|p1a: Politoed
|-supereffective|p1a: Politoed
|-damage|p1a: Politoed|205/384
|-supereffective|p1a: Politoed
|-damage|p1a: Politoed|23/384
|-supereffective|p1a: Politoed
|-damage|p1a: Politoed|0 fnt
|-hitcount|p1a: Politoed|3
|-damage|p2a: Breloom|209/261|[from] item: Life Orb
|faint|p1a: Politoed
|
|-weather|RainDance|[upkeep]
|
|switch|p1a: Gliscor|Gliscor, F, shiny|354/354 tox
|-damage|p1a: Gliscor|310/354 tox|[from] Stealth Rock
|turn|40
|
|switch|p2a: Rotom-Wash|Rotom-Wash|180/280 par
|move|p1a: Gliscor|Substitute|p1a: Gliscor
|-start|p1a: Gliscor|Substitute
|-damage|p1a: Gliscor|222/354 tox
|
|-weather|RainDance|[upkeep]
|-heal|p2a: Rotom-Wash|197/280 par|[from] item: Leftovers
|-heal|p1a: Gliscor|266/354 tox|[from] ability: Poison Heal
|turn|41
|
|move|p1a: Gliscor|Protect|p1a: Gliscor
|-singleturn|p1a: Gliscor|Protect
|move|p2a: Rotom-Wash|Hydro Pump|p1a: Gliscor
|-activate|p1a: Gliscor|Protect
|
|-weather|RainDance|[upkeep]
|-heal|p2a: Rotom-Wash|214/280 par|[from] item: Leftovers
|-heal|p1a: Gliscor|310/354 tox|[from] ability: Poison Heal
|turn|42
|
|switch|p2a: Scizor|Scizor, F|235/343 par
|move|p1a: Gliscor|Earthquake|p2a: Scizor
|-damage|p2a: Scizor|114/343 par
|
|-weather|RainDance|[upkeep]
|-heal|p1a: Gliscor|354/354 tox|[from] ability: Poison Heal
|turn|43
|
|cant|p2a: Scizor|par
|move|p1a: Gliscor|Earthquake|p2a: Scizor
|-damage|p2a: Scizor|0 fnt
|faint|p2a: Scizor
|
|-weather|RainDance|[upkeep]
|
|switch|p2a: Gliscor|Gliscor, F|354/354 tox
|turn|44
|
|move|p2a: Gliscor|Taunt|p1a: Gliscor
|-start|p1a: Gliscor|move: Taunt
|move|p1a: Gliscor|Ice Fang|p2a: Gliscor
|-supereffective|p2a: Gliscor
|-damage|p2a: Gliscor|234/354 tox
|
|-weather|RainDance|[upkeep]
|-heal|p2a: Gliscor|278/354 tox|[from] ability: Poison Heal
|turn|45
|
|move|p2a: Gliscor|U-turn|p1a: Gliscor
|-crit|p1a: Gliscor
|-resisted|p1a: Gliscor
|-activate|p1a: Gliscor|Substitute|[damage]
|
|switch|p2a: Rotom-Wash|Rotom-Wash|214/280 par
|move|p1a: Gliscor|Earthquake|p2a: Rotom-Wash
|-immune|p2a: Rotom-Wash|[msg]
|
|-weather|RainDance|[upkeep]
|-heal|p2a: Rotom-Wash|231/280 par|[from] item: Leftovers
|turn|46
|
|move|p1a: Gliscor|Ice Fang|p2a: Rotom-Wash
|-resisted|p2a: Rotom-Wash
|-damage|p2a: Rotom-Wash|210/280 par
|move|p2a: Rotom-Wash|Hydro Pump|p1a: Gliscor
|-supereffective|p1a: Gliscor
|-end|p1a: Gliscor|Substitute
|
|-weather|RainDance|[upkeep]
|-heal|p2a: Rotom-Wash|227/280 par|[from] item: Leftovers
|-end|p1a: Gliscor|move: Taunt
|turn|47
|
|switch|p2a: Gliscor|Gliscor, F|278/354 tox
|move|p1a: Gliscor|Protect|p1a: Gliscor
|-fail|p1a: Gliscor
|
|-weather|RainDance|[upkeep]
|-heal|p2a: Gliscor|322/354 tox|[from] ability: Poison Heal
|turn|48
|
|move|p2a: Gliscor|Taunt|p1a: Gliscor
|-start|p1a: Gliscor|move: Taunt
|cant|p1a: Gliscor|move: Taunt|Substitute
|
|-weather|RainDance|[upkeep]
|-heal|p2a: Gliscor|354/354 tox|[from] ability: Poison Heal
|turn|49
|
|move|p2a: Gliscor|U-turn|p1a: Gliscor
|-resisted|p1a: Gliscor
|-damage|p1a: Gliscor|337/354 tox
|
|switch|p2a: Rotom-Wash|Rotom-Wash|227/280 par
|move|p1a: Gliscor|Ice Fang|p2a: Rotom-Wash
|-resisted|p2a: Rotom-Wash
|-damage|p2a: Rotom-Wash|204/280 par
|
|-weather|RainDance|[upkeep]
|-heal|p2a: Rotom-Wash|221/280 par|[from] item: Leftovers
|-heal|p1a: Gliscor|354/354 tox|[from] ability: Poison Heal
|turn|50
|
|switch|p1a: Chansey|Chansey, F|216/704
|-damage|p1a: Chansey|128/704|[from] Stealth Rock
|-damage|p1a: Chansey|40/704|[from] Spikes
|move|p2a: Rotom-Wash|Volt Switch|p1a: Chansey
|-damage|p1a: Chansey|0 fnt
|faint|p1a: Chansey
|
|switch|p2a: Breloom|Breloom, M|209/261
|
|-weather|RainDance|[upkeep]
|
|switch|p1a: Gliscor|Gliscor, F, shiny|354/354 tox
|-damage|p1a: Gliscor|310/354 tox|[from] Stealth Rock
|turn|51
|
|move|p2a: Breloom|Bullet Seed|p1a: Gliscor
|-damage|p1a: Gliscor|252/354 tox
|-damage|p1a: Gliscor|190/354 tox
|-damage|p1a: Gliscor|126/354 tox
|-damage|p1a: Gliscor|66/354 tox
|-hitcount|p1a: Gliscor|4
|-damage|p2a: Breloom|183/261|[from] item: Life Orb
|move|p1a: Gliscor|Substitute|p1a: Gliscor
|-fail|p1a: Gliscor|move: Substitute|[weak]
|
|-weather|RainDance|[upkeep]
|-heal|p1a: Gliscor|110/354 tox|[from] ability: Poison Heal
|turn|52
|
|move|p1a: Gliscor|Protect|p1a: Gliscor
|-singleturn|p1a: Gliscor|Protect
|move|p2a: Breloom|Bullet Seed|p1a: Gliscor
|-activate|p1a: Gliscor|Protect
|
|-weather|RainDance|[upkeep]
|-heal|p1a: Gliscor|154/354 tox|[from] ability: Poison Heal
|turn|53
|
|move|p2a: Breloom|Bullet Seed|p1a: Gliscor
|-damage|p1a: Gliscor|90/354 tox
|-damage|p1a: Gliscor|32/354 tox
|-damage|p1a: Gliscor|0 fnt
|-hitcount|p1a: Gliscor|3
|-damage|p2a: Breloom|157/261|[from] item: Life Orb
|faint|p1a: Gliscor
|
|win|dtw
|raw|Ladder updating...
|raw|immatureprick's rating: 1398 &rarr; <strong>1372</strong><br />(-26 for losing)
|raw|dtw's rating: 1296 &rarr; <strong>1328</strong><br />(+32 for winning)
|chat|dtw|gg
|chat|immatureprick|yea lucky match
|chat|immatureprick|gg
|chat|dtw|lol no wonder why ur called immature prick