|j|☆repinho2711
|j|☆the great gazump
|t:|1707237747
|gametype|singles
|player|p1|repinho2711|ethan|1318
|player|p2|the great gazump|169|1514
|teamsize|p1|6
|teamsize|p2|6
|gen|5
|tier|[Gen 5] OU
|rated|
|rule|Species Clause: Limit one of each Pokémon
|rule|OHKO Clause: OHKO moves are banned
|rule|Moody Clause: Moody is banned
|rule|Evasion Items Clause: Evasion items are banned
|rule|Evasion Moves Clause: Evasion moves are banned
|rule|Endless Battle Clause: Forcing endless battles is banned
|rule|HP Percentage Mod: HP is shown in percentages
|rule|Evasion Abilities Clause: Evasion abilities are banned
|rule|Sleep Moves Clause: Sleep-inducing moves are banned
|rule|Swagger Clause: Swagger is banned
|rule|Baton Pass Stat Clause: No Baton Passer may have a way to boost its stats
|clearpoke
|poke|p1|Scizor, M|item
|poke|p1|Donphan, M|item
|poke|p1|Virizion|item
|poke|p1|Milotic, M|item
|poke|p1|Alakazam, M|item
|poke|p1|Ambipom, M|item
|poke|p2|Skarmory, F|item
|poke|p2|Jellicent, F|item
|poke|p2|Tyranitar, M|item
|poke|p2|Latios, M|item
|poke|p2|Keldeo|item
|poke|p2|Alakazam, M|item
|teampreview
|
|t:|1707237760
|start
|switch|p1a: Alakazam|Alakazam, M|100/100
|switch|p2a: Skarmory|Skarmory, F|100/100
|turn|1
|inactive|Battle timer is ON: inactive players will automatically lose when time's up. (requested by the great gazump)
|
|t:|1707237768
|move|p1a: Alakazam|Charge Beam|p2a: Skarmory
|-supereffective|p2a: Skarmory
|-damage|p2a: Skarmory|38/100
|-boost|p1a: Alakazam|spa|1
|move|p2a: Skarmory|Stealth Rock|p1a: Alakazam
|-sidestart|p1: repinho2711|move: Stealth Rock
|
|upkeep
|turn|2
|
|t:|1707237784
|move|p1a: Alakazam|Charge Beam|p2a: Skarmory
|-supereffective|p2a: Skarmory
|-damage|p2a: Skarmory|0 fnt
|faint|p2a: Skarmory
|
|upkeep
|
|t:|1707237786
|switch|p2a: Tyranitar|Tyranitar, M|100/100
|-weather|Sandstorm|[from] ability: Sand Stream|[of] p2a: Tyranitar
|turn|3
|
|t:|1707237793
|move|p1a: Alakazam|Focus Blast|p2a: Tyranitar
|-supereffective|p2a: Tyranitar
|-enditem|p2a: Tyranitar|Chople Berry|[eat]
|-enditem|p2a: Tyranitar|Chople Berry|[weaken]
|-damage|p2a: Tyranitar|16/100
|move|p2a: Tyranitar|Pursuit|p1a: Alakazam
|-supereffective|p1a: Alakazam
|-damage|p1a: Alakazam|0 fnt
|faint|p1a: Alakazam
|
|-weather|Sandstorm|[upkeep]
|upkeep
|
|t:|1707237805
|switch|p1a: Donphan|Donphan, M|100/100
|-damage|p1a: Donphan|94/100|[from] Stealth Rock
|turn|4
|
|t:|1707237809
|switch|p2a: Jellicent|Jellicent, F|100/100
|-item|p2a: Jellicent|Air Balloon
|move|p1a: Donphan|Stealth Rock|p2a: Jellicent
|-sidestart|p2: the great gazump|move: Stealth Rock
|
|-weather|Sandstorm|[upkeep]
|-damage|p2a: Jellicent|94/100|[from] Sandstorm
|-heal|p1a: Donphan|100/100|[from] item: Leftovers
|upkeep
|turn|5
|
|t:|1707237824
|switch|p1a: Virizion|Virizion|100/100
|-damage|p1a: Virizion|94/100|[from] Stealth Rock
|move|p2a: Jellicent|Will-O-Wisp|p1a: Virizion
|-status|p1a: Virizion|brn
|-enditem|p1a: Virizion|Lum Berry|[eat]
|-curestatus|p1a: Virizion|brn|[msg]
|
|-weather|Sandstorm|[upkeep]
|-damage|p1a: Virizion|88/100|[from] Sandstorm
|-damage|p2a: Jellicent|88/100|[from] Sandstorm
|upkeep
|turn|6
|
|t:|1707237837
|switch|p2a: Latios|Latios, M|100/100
|-damage|p2a: Latios|88/100|[from] Stealth Rock
|move|p1a: Virizion|Stone Edge|p2a: Latios
|-damage|p2a: Latios|54/100
|
|-weather|Sandstorm|[upkeep]
|-damage|p2a: Latios|48/100|[from] Sandstorm
|-damage|p1a: Virizion|82/100|[from] Sandstorm
|upkeep
|turn|7
|
|t:|1707237852
|switch|p1a: Milotic|Milotic, M|100/100
|-damage|p1a: Milotic|88/100|[from] Stealth Rock
|move|p2a: Latios|Recover|p2a: Latios
|-heal|p2a: Latios|98/100
|
|-weather|Sandstorm|[upkeep]
|-damage|p2a: Latios|92/100|[from] Sandstorm
|-damage|p1a: Milotic|82/100|[from] Sandstorm
|-heal|p1a: Milotic|88/100|[from] item: Leftovers
|upkeep
|turn|8
|
|t:|1707237867
|move|p2a: Latios|Draco Meteor|p1a: Milotic
|-damage|p1a: Milotic|44/100
|-unboost|p2a: Latios|spa|2
|move|p1a: Milotic|Toxic|p2a: Latios
|-status|p2a: Latios|tox
|
|-weather|Sandstorm|[upkeep]
|-damage|p2a: Latios|86/100 tox|[from] Sandstorm
|-damage|p1a: Milotic|37/100|[from] Sandstorm
|-heal|p1a: Milotic|44/100|[from] item: Leftovers
|-damage|p2a: Latios|80/100 tox|[from] psn
|upkeep
|turn|9
|
|t:|1707237880
|move|p2a: Latios|Heal Block|p1a: Milotic
|-start|p1a: Milotic|move: Heal Block
|cant|p1a: Milotic|move: Heal Block|Recover
|
|-weather|Sandstorm|[upkeep]
|-damage|p2a: Latios|74/100 tox|[from] Sandstorm
|-damage|p1a: Milotic|37/100|[from] Sandstorm
|-damage|p2a: Latios|62/100 tox|[from] psn
|upkeep
|turn|10
|
|t:|1707237891
|move|p2a: Latios|Recover|p2a: Latios
|-heal|p2a: Latios|100/100 tox
|move|p1a: Milotic|Scald|p2a: Latios
|-resisted|p2a: Latios
|-damage|p2a: Latios|85/100 tox
|
|-weather|Sandstorm|[upkeep]
|-damage|p2a: Latios|79/100 tox|[from] Sandstorm
|-damage|p1a: Milotic|31/100|[from] Sandstorm
|-damage|p2a: Latios|61/100 tox|[from] psn
|upkeep
|turn|11
|
|t:|1707237904
|switch|p2a: Tyranitar|Tyranitar, M|16/100
|-damage|p2a: Tyranitar|4/100|[from] Stealth Rock
|move|p1a: Milotic|Ice Beam|p2a: Tyranitar
|-damage|p2a: Tyranitar|0 fnt
|faint|p2a: Tyranitar
|
|-weather|Sandstorm|[upkeep]
|-damage|p1a: Milotic|25/100|[from] Sandstorm
|upkeep
|
|t:|1707237915
|switch|p2a: Keldeo|Keldeo|100/100
|-damage|p2a: Keldeo|94/100|[from] Stealth Rock
|turn|12
|
|t:|1707237921
|move|p2a: Keldeo|Secret Sword|p1a: Milotic
|-crit|p1a: Milotic
|-damage|p1a: Milotic|0 fnt
|faint|p1a: Milotic
|
|-weather|Sandstorm|[upkeep]
|-damage|p2a: Keldeo|88/100|[from] Sandstorm
|-heal|p2a: Keldeo|94/100|[from] item: Leftovers
|upkeep
|
|t:|1707237931
|switch|p1a: Virizion|Virizion|82/100
|-damage|p1a: Virizion|76/100|[from] Stealth Rock
|turn|13
|
|t:|1707237935
|switch|p2a: Latios|Latios, M|61/100 tox
|-damage|p2a: Latios|49/100 tox|[from] Stealth Rock
|move|p1a: Virizion|Leaf Blade|p2a: Latios
|-resisted|p2a: Latios
|-damage|p2a: Latios|24/100 tox
|
|-weather|Sandstorm|[upkeep]
|-damage|p2a: Latios|18/100 tox|[from] Sandstorm
|-damage|p1a: Virizion|70/100|[from] Sandstorm
|-damage|p2a: Latios|12/100 tox|[from] psn
|upkeep
|turn|14
|
|t:|1707237948
|switch|p1a: Ambipom|Ambipom, M|100/100
|-damage|p1a: Ambipom|88/100|[from] Stealth Rock
|move|p2a: Latios|Draco Meteor|p1a: Ambipom
|-crit|p1a: Ambipom
|-damage|p1a: Ambipom|0 fnt
|-unboost|p2a: Latios|spa|2
|faint|p1a: Ambipom
|
|-weather|Sandstorm|[upkeep]
|-damage|p2a: Latios|6/100 tox|[from] Sandstorm
|-damage|p2a: Latios|0 fnt|[from] psn
|faint|p2a: Latios
|upkeep
|
|t:|1707237964
|switch|p1a: Scizor|Scizor, M, shiny|100/100
|switch|p2a: Alakazam|Alakazam, M|100/100
|-damage|p1a: Scizor|88/100|[from] Stealth Rock
|turn|15
|
|t:|1707237972
|switch|p2a: Jellicent|Jellicent, F|88/100
|-damage|p2a: Jellicent|76/100|[from] Stealth Rock
|-item|p2a: Jellicent|Air Balloon
|move|p1a: Scizor|Bullet Punch|p2a: Jellicent
|-resisted|p2a: Jellicent
|-damage|p2a: Jellicent|59/100
|-enditem|p2a: Jellicent|Air Balloon
|-damage|p1a: Scizor|78/100|[from] item: Life Orb
|
|-weather|Sandstorm|[upkeep]
|-damage|p2a: Jellicent|53/100|[from] Sandstorm
|upkeep
|turn|16
|
|t:|1707237988
|switch|p1a: Donphan|Donphan, M|100/100
|-damage|p1a: Donphan|94/100|[from] Stealth Rock
|move|p2a: Jellicent|Will-O-Wisp|p1a: Donphan
|-status|p1a: Donphan|brn
|
|-weather|Sandstorm|[upkeep]
|-damage|p2a: Jellicent|47/100|[from] Sandstorm
|-heal|p1a: Donphan|100/100 brn|[from] item: Leftovers
|-damage|p1a: Donphan|88/100 brn|[from] brn
|upkeep
|turn|17
|
|t:|1707238001
|move|p2a: Jellicent|Recover|p2a: Jellicent
|-heal|p2a: Jellicent|97/100
|move|p1a: Donphan|Earthquake|p2a: Jellicent
|-damage|p2a: Jellicent|77/100
|
|-weather|Sandstorm|[upkeep]
|-damage|p2a: Jellicent|71/100|[from] Sandstorm
|-heal|p1a: Donphan|94/100 brn|[from] item: Leftovers
|-damage|p1a: Donphan|82/100 brn|[from] brn
|upkeep
|turn|18
|
|t:|1707238012
|move|p2a: Jellicent|Shadow Ball|p1a: Donphan
|-damage|p1a: Donphan|45/100 brn
|-unboost|p1a: Donphan|spd|1
|move|p1a: Donphan|Earthquake|p2a: Jellicent
|-damage|p2a: Jellicent|51/100
|
|-weather|Sandstorm|[upkeep]
|-damage|p2a: Jellicent|45/100|[from] Sandstorm
|-heal|p1a: Donphan|51/100 brn|[from] item: Leftovers
|-damage|p1a: Donphan|38/100 brn|[from] brn
|upkeep
|turn|19
|
|t:|1707238024
|move|p2a: Jellicent|Recover|p2a: Jellicent
|-heal|p2a: Jellicent|95/100
|move|p1a: Donphan|Earthquake|p2a: Jellicent
|-damage|p2a: Jellicent|75/100
|
|-weather|Sandstorm|[upkeep]
|-damage|p2a: Jellicent|69/100|[from] Sandstorm
|-heal|p1a: Donphan|45/100 brn|[from] item: Leftovers
|-damage|p1a: Donphan|32/100 brn|[from] brn
|upkeep
|turn|20
|
|t:|1707238035
|move|p2a: Jellicent|Recover|p2a: Jellicent
|-heal|p2a: Jellicent|100/100
|move|p1a: Donphan|Earthquake|p2a: Jellicent
|-damage|p2a: Jellicent|80/100
|
|-weather|Sandstorm|[upkeep]
|-damage|p2a: Jellicent|74/100|[from] Sandstorm
|-heal|p1a: Donphan|38/100 brn|[from] item: Leftovers
|-damage|p1a: Donphan|26/100 brn|[from] brn
|upkeep
|turn|21
|
|t:|1707238046
|switch|p1a: Virizion|Virizion|70/100
|-damage|p1a: Virizion|63/100|[from] Stealth Rock
|move|p2a: Jellicent|Shadow Ball|p1a: Virizion
|-damage|p1a: Virizion|42/100
|
|-weather|Sandstorm|[upkeep]
|-damage|p1a: Virizion|36/100|[from] Sandstorm
|-damage|p2a: Jellicent|68/100|[from] Sandstorm
|upkeep
|turn|22
|
|t:|1707238057
|move|p1a: Virizion|Leaf Blade|p2a: Jellicent
|-supereffective|p2a: Jellicent
|-crit|p2a: Jellicent
|-damage|p2a: Jellicent|0 fnt
|faint|p2a: Jellicent
|
|-weather|Sandstorm|[upkeep]
|-damage|p1a: Virizion|30/100|[from] Sandstorm
|upkeep
|
|t:|1707238060
|switch|p2a: Alakazam|Alakazam, M|100/100
|turn|23
|
|t:|1707238068
|switch|p1a: Donphan|Donphan, M|26/100 brn
|-damage|p1a: Donphan|20/100 brn|[from] Stealth Rock
|move|p2a: Alakazam|Psyshock|p1a: Donphan
|-damage|p1a: Donphan|0 fnt
|faint|p1a: Donphan
|
|-weather|Sandstorm|[upkeep]
|upkeep
|
|t:|1707238078
|switch|p1a: Scizor|Scizor, M, shiny|78/100
|-damage|p1a: Scizor|66/100|[from] Stealth Rock
|turn|24
|
|t:|1707238083
|move|p2a: Alakazam|Focus Blast|p1a: Scizor
|-damage|p1a: Scizor|0 fnt
|faint|p1a: Scizor
|
|-weather|Sandstorm|[upkeep]
|upkeep
|-message|repinho2711 forfeited.
|
|win|the great gazump
|raw|repinho2711's rating: 1318 &rarr; <strong>1308</strong><br />(-10 for losing)
|raw|the great gazump's rating: 1514 &rarr; <strong>1524</strong><br />(+10 for winning)
|l|☆repinho2711
|player|p1|
