|j|☆Elaggron
|j|☆Dean Tyoowon
|t:|1731432773
|gametype|singles
|player|p1|Elaggron|265|1335
|player|p2|Dean Tyoowon|gambler|1397
|teamsize|p1|6
|teamsize|p2|6
|gen|5
|tier|[Gen 5] OU
|rated|
|rule|Species Clause: Limit one of each Pokémon
|rule|OHKO Clause: OHKO moves are banned
|rule|Moody Clause: Moody is banned
|rule|Evasion Items Clause: Evasion items are banned
|rule|Evasion Moves Clause: Evasion moves are banned
|rule|Endless Battle Clause: Forcing endless battles is banned
|rule|HP Percentage Mod: HP is shown in percentages
|rule|Evasion Abilities Clause: Evasion abilities are banned
|rule|Sleep Moves Clause: Sleep-inducing moves are banned
|rule|Swagger Clause: Swagger is banned
|rule|Baton Pass Stat Clause: No Baton Passer may have a way to boost its stats
|clearpoke
|poke|p1|Garchomp, F|item
|poke|p1|Volcarona, F|item
|poke|p1|Dragonite, M|item
|poke|p1|Breloom, F|item
|poke|p1|Starmie|item
|poke|p1|Scizor, M|item
|poke|p2|Kyurem-Black|item
|poke|p2|Garchomp, F|item
|poke|p2|Magnezone|item
|poke|p2|Latios, M|item
|poke|p2|Starmie|item
|poke|p2|Dragonite, M|item
|teampreview
|
|t:|1731432787
|start
|switch|p1a: Starmie|Starmie|100/100
|switch|p2a: Garchomp|Garchomp, F|100/100
|turn|1
|
|t:|1731432803
|switch|p2a: Magnezone|Magnezone|100/100
|move|p1a: Starmie|Ice Beam|p2a: Magnezone
|-resisted|p2a: Magnezone
|-damage|p2a: Magnezone|81/100
|
|upkeep
|turn|2
|
|t:|1731432812
|switch|p1a: Garchomp|Garchomp, F|100/100
|switch|p2a: Latios|Latios, M|100/100
|
|upkeep
|turn|3
|
|t:|1731432820
|switch|p1a: Scizor|Scizor, M|100/100
|move|p2a: Latios|Draco Meteor|p1a: Scizor
|-resisted|p1a: Scizor
|-damage|p1a: Scizor|59/100
|-unboost|p2a: Latios|spa|2
|
|upkeep
|turn|4
|
|t:|1731432829
|switch|p2a: Garchomp|Garchomp, F|100/100
|move|p1a: Scizor|Bug Bite|p2a: Garchomp
|-damage|p2a: Garchomp|36/100
|-damage|p1a: Scizor|46/100|[from] ability: Rough Skin|[of] p2a: Garchomp
|-damage|p1a: Scizor|36/100|[from] item: Life Orb
|
|upkeep
|turn|5
|
|t:|1731432838
|move|p1a: Scizor|Bullet Punch|p2a: Garchomp
|-damage|p2a: Garchomp|0 fnt
|-damage|p1a: Scizor|24/100|[from] ability: Rough Skin|[of] p2a: Garchomp
|faint|p2a: Garchomp
|-damage|p1a: Scizor|14/100|[from] item: Life Orb
|
|upkeep
|
|t:|1731432845
|switch|p2a: Magnezone|Magnezone|81/100
|turn|6
|
|t:|1731432848
|move|p2a: Magnezone|Volt Switch|p1a: Scizor
|-damage|p1a: Scizor|0 fnt
|faint|p1a: Scizor
|
|t:|1731432861
|switch|p2a: Starmie|Starmie|100/100|[from] Volt Switch
|-item|p2a: Starmie|Air Balloon
|
|upkeep
|
|t:|1731432872
|switch|p1a: Starmie|Starmie|100/100
|turn|7
|
|t:|1731432886
|move|p1a: Starmie|Thunderbolt|p2a: Starmie
|-supereffective|p2a: Starmie
|-damage|p2a: Starmie|25/100
|-status|p2a: Starmie|par
|-enditem|p2a: Starmie|Air Balloon
|move|p2a: Starmie|Thunderbolt|p1a: Starmie
|-supereffective|p1a: Starmie
|-enditem|p1a: Starmie|Focus Sash
|-damage|p1a: Starmie|1/100
|
|upkeep
|turn|8
|
|t:|1731432896
|switch|p2a: Magnezone|Magnezone|81/100
|move|p1a: Starmie|Thunderbolt|p2a: Magnezone
|-resisted|p2a: Magnezone
|-damage|p2a: Magnezone|65/100
|
|upkeep
|turn|9
|
|t:|1731432903
|switch|p1a: Garchomp|Garchomp, F|100/100
|move|p2a: Magnezone|Flash Cannon|p1a: Garchomp
|-damage|p1a: Garchomp|57/100
|
|upkeep
|turn|10
|
|t:|1731432908
|move|p2a: Magnezone|Flash Cannon|p1a: Garchomp
|-damage|p1a: Garchomp|13/100
|move|p1a: Garchomp|Earthquake|p2a: Magnezone
|-supereffective|p2a: Magnezone
|-damage|p2a: Magnezone|0 fnt
|faint|p2a: Magnezone
|
|upkeep
|
|t:|1731432915
|switch|p2a: Latios|Latios, M|100/100
|turn|11
|
|t:|1731432921
|move|p2a: Latios|Dragon Pulse|p1a: Garchomp
|-supereffective|p1a: Garchomp
|-damage|p1a: Garchomp|0 fnt
|faint|p1a: Garchomp
|
|upkeep
|
|t:|1731432929
|switch|p1a: Starmie|Starmie|1/100
|turn|12
|
|t:|1731432933
|move|p2a: Latios|Dragon Pulse|p1a: Starmie
|-damage|p1a: Starmie|0 fnt
|faint|p1a: Starmie
|
|upkeep
|
|t:|1731432939
|switch|p1a: Volcarona|Volcarona, F|100/100
|turn|13
|
|t:|1731432951
|move|p2a: Latios|Dragon Pulse|p1a: Volcarona
|-damage|p1a: Volcarona|50/100
|move|p1a: Volcarona|Quiver Dance|p1a: Volcarona
|-boost|p1a: Volcarona|spa|1
|-boost|p1a: Volcarona|spd|1
|-boost|p1a: Volcarona|spe|1
|
|upkeep
|turn|14
|
|t:|1731432957
|switch|p2a: Starmie|Starmie|25/100 par
|move|p1a: Volcarona|Bug Buzz|p2a: Starmie
|-supereffective|p2a: Starmie
|-damage|p2a: Starmie|0 fnt
|faint|p2a: Starmie
|
|upkeep
|
|t:|1731432964
|switch|p2a: Dragonite|Dragonite, M|100/100
|turn|15
|
|t:|1731432972
|move|p2a: Dragonite|Extreme Speed|p1a: Volcarona
|-damage|p1a: Volcarona|0 fnt
|faint|p1a: Volcarona
|
|upkeep
|
|t:|1731432977
|switch|p1a: Breloom|Breloom, F|100/100
|turn|16
|
|t:|1731432988
|switch|p2a: Latios|Latios, M|100/100
|move|p1a: Breloom|Rock Tomb|p2a: Latios
|-damage|p2a: Latios|60/100
|-unboost|p2a: Latios|spe|1
|
|upkeep
|turn|17
|
|t:|1731432995
|move|p2a: Latios|Dragon Pulse|p1a: Breloom
|-damage|p1a: Breloom|2/100
|move|p1a: Breloom|Rock Tomb|p2a: Latios
|-damage|p2a: Latios|20/100
|-unboost|p2a: Latios|spe|1
|
|upkeep
|turn|18
|
|t:|1731433003
|move|p2a: Latios|Dragon Pulse|p1a: Breloom
|-damage|p1a: Breloom|0 fnt
|faint|p1a: Breloom
|
|upkeep
|
|t:|1731433005
|switch|p1a: Dragonite|Dragonite, M|100/100
|turn|19
|
|t:|1731433009
|move|p1a: Dragonite|Dragon Dance|p1a: Dragonite
|-boost|p1a: Dragonite|atk|1
|-boost|p1a: Dragonite|spe|1
|move|p2a: Latios|Dragon Pulse|p1a: Dragonite
|-supereffective|p1a: Dragonite
|-damage|p1a: Dragonite|49/100
|
|upkeep
|turn|20
|
|t:|1731433019
|switch|p2a: Kyurem|Kyurem-Black|100/100
|-ability|p2a: Kyurem|Teravolt
|move|p1a: Dragonite|Extreme Speed|p2a: Kyurem
|-damage|p2a: Kyurem|62/100
|
|upkeep
|turn|21
|
|t:|1731433028
|move|p1a: Dragonite|Outrage|p2a: Kyurem
|-supereffective|p2a: Kyurem
|-damage|p2a: Kyurem|0 fnt
|faint|p2a: Kyurem
|
|upkeep
|c|☆Dean Tyoowon|gg
|
|t:|1731433037
|switch|p2a: Latios|Latios, M|20/100
|turn|22
|c|☆Elaggron|ggwp
|
|t:|1731433040
|move|p2a: Latios|Dragon Pulse|p1a: Dragonite
|-supereffective|p1a: Dragonite
|-damage|p1a: Dragonite|0 fnt
|faint|p1a: Dragonite
|
|win|Dean Tyoowon
|raw|Elaggron's rating: 1335 &rarr; <strong>1319</strong><br />(-16 for losing)
|raw|Dean Tyoowon's rating: 1397 &rarr; <strong>1413</strong><br />(+16 for winning)
|l|☆Elaggron
|player|p1|
