|j|☆Jellium
|j|☆Darkortex
|t:|1716078055
|gametype|singles
|player|p1|Jellium|scientist-gen4|1375
|player|p2|Darkortex|hilbert|1584
|teamsize|p1|6
|teamsize|p2|6
|gen|5
|tier|[Gen 5] OU
|rated|
|rule|Species Clause: Limit one of each Pokémon
|rule|OHKO Clause: OHKO moves are banned
|rule|Moody Clause: Moody is banned
|rule|Evasion Items Clause: Evasion items are banned
|rule|Evasion Moves Clause: Evasion moves are banned
|rule|Endless Battle Clause: Forcing endless battles is banned
|rule|HP Percentage Mod: HP is shown in percentages
|rule|Evasion Abilities Clause: Evasion abilities are banned
|rule|Sleep Moves Clause: Sleep-inducing moves are banned
|rule|Swagger Clause: Swagger is banned
|rule|Baton Pass Stat Clause: No Baton Passer may have a way to boost its stats
|clearpoke
|poke|p1|Garchomp, F|item
|poke|p1|Volcarona, M|item
|poke|p1|Dragonite, F|item
|poke|p1|Breloom, M|item
|poke|p1|Starmie|item
|poke|p1|Scizor, F|item
|poke|p2|Ninetales, M|item
|poke|p2|Chansey, F|item
|poke|p2|Cresselia, F|item
|poke|p2|Excadrill, M|item
|poke|p2|Xatu, M|item
|poke|p2|Volcarona, F|item
|teampreview
|inactive|Battle timer is ON: inactive players will automatically lose when time's up. (requested by Darkortex)
|
|t:|1716078061
|start
|switch|p1a: Garchomp|Garchomp, F|100/100
|switch|p2a: Ninetales|Ninetales, M|100/100
|-weather|SunnyDay|[from] ability: Drought|[of] p2a: Ninetales
|turn|1
|
|t:|1716078067
|move|p1a: Garchomp|Swords Dance|p1a: Garchomp
|-boost|p1a: Garchomp|atk|2
|move|p2a: Ninetales|Will-O-Wisp|p1a: Garchomp|[miss]
|-miss|p2a: Ninetales|p1a: Garchomp
|
|-weather|SunnyDay|[upkeep]
|upkeep
|turn|2
|
|t:|1716078076
|switch|p2a: Xatu|Xatu, M|100/100
|move|p1a: Garchomp|Earthquake|p2a: Xatu
|-immune|p2a: Xatu
|
|-weather|SunnyDay|[upkeep]
|upkeep
|turn|3
|
|t:|1716078081
|move|p1a: Garchomp|Outrage|p2a: Xatu
|-damage|p2a: Xatu|0 fnt
|-damage|p1a: Garchomp|84/100|[from] item: Rocky Helmet|[of] p2a: Xatu
|faint|p2a: Xatu
|
|-weather|SunnyDay|[upkeep]
|upkeep
|
|t:|1716078084
|switch|p2a: Cresselia|Cresselia, F|100/100
|turn|4
|
|t:|1716078086
|move|p1a: Garchomp|Outrage|p2a: Cresselia|[from]lockedmove
|-damage|p2a: Cresselia|43/100
|-start|p1a: Garchomp|confusion|[fatigue]
|move|p2a: Cresselia|Ice Beam|p1a: Garchomp
|-supereffective|p1a: Garchomp
|-damage|p1a: Garchomp|6/100
|
|-weather|SunnyDay|[upkeep]
|-heal|p2a: Cresselia|49/100|[from] item: Leftovers
|upkeep
|turn|5
|
|t:|1716078098
|switch|p1a: Volcarona|Volcarona, M, shiny|100/100
|move|p2a: Cresselia|Moonlight|p2a: Cresselia
|-heal|p2a: Cresselia|100/100
|
|-weather|SunnyDay|[upkeep]
|upkeep
|turn|6
|
|t:|1716078101
|switch|p2a: Chansey|Chansey, F|100/100
|move|p1a: Volcarona|Quiver Dance|p1a: Volcarona
|-boost|p1a: Volcarona|spa|1
|-boost|p1a: Volcarona|spd|1
|-boost|p1a: Volcarona|spe|1
|
|-weather|SunnyDay|[upkeep]
|upkeep
|turn|7
|
|t:|1716078104
|switch|p1a: Garchomp|Garchomp, F|6/100
|move|p2a: Chansey|Toxic|p1a: Garchomp
|-status|p1a: Garchomp|tox
|
|-weather|SunnyDay|[upkeep]
|-damage|p1a: Garchomp|0 fnt|[from] psn
|faint|p1a: Garchomp
|upkeep
|
|t:|1716078112
|switch|p1a: Breloom|Breloom, M, shiny|100/100
|turn|8
|
|t:|1716078116
|switch|p2a: Cresselia|Cresselia, F|100/100
|move|p1a: Breloom|Low Sweep|p2a: Cresselia
|-resisted|p2a: Cresselia
|-damage|p2a: Cresselia|85/100
|-unboost|p2a: Cresselia|spe|1
|-damage|p1a: Breloom|91/100|[from] item: Life Orb
|
|-weather|SunnyDay|[upkeep]
|-heal|p2a: Cresselia|91/100|[from] item: Leftovers
|upkeep
|turn|9
|
|t:|1716078124
|move|p1a: Breloom|Bullet Seed|p2a: Cresselia
|-crit|p2a: Cresselia
|-damage|p2a: Cresselia|61/100
|-damage|p2a: Cresselia|48/100
|-damage|p2a: Cresselia|34/100
|-hitcount|p2a: Cresselia|3
|-damage|p1a: Breloom|81/100|[from] item: Life Orb
|move|p2a: Cresselia|Psyshock|p1a: Breloom
|-supereffective|p1a: Breloom
|-crit|p1a: Breloom
|-damage|p1a: Breloom|0 fnt
|faint|p1a: Breloom
|
|-weather|SunnyDay|[upkeep]
|-heal|p2a: Cresselia|40/100|[from] item: Leftovers
|upkeep
|
|t:|1716078135
|switch|p1a: Volcarona|Volcarona, M, shiny|100/100
|turn|10
|
|t:|1716078138
|switch|p2a: Chansey|Chansey, F|100/100
|move|p1a: Volcarona|Quiver Dance|p1a: Volcarona
|-boost|p1a: Volcarona|spa|1
|-boost|p1a: Volcarona|spd|1
|-boost|p1a: Volcarona|spe|1
|
|-weather|SunnyDay|[upkeep]
|upkeep
|turn|11
|
|t:|1716078145
|move|p1a: Volcarona|Fire Blast|p2a: Chansey
|-damage|p2a: Chansey|52/100
|move|p2a: Chansey|Toxic|p1a: Volcarona
|-status|p1a: Volcarona|tox
|
|-weather|SunnyDay|[upkeep]
|-damage|p1a: Volcarona|94/100 tox|[from] psn
|upkeep
|turn|12
|
|t:|1716078150
|move|p1a: Volcarona|Quiver Dance|p1a: Volcarona
|-boost|p1a: Volcarona|spa|1
|-boost|p1a: Volcarona|spd|1
|-boost|p1a: Volcarona|spe|1
|move|p2a: Chansey|Soft-Boiled|p2a: Chansey
|-heal|p2a: Chansey|100/100
|
|-weather|SunnyDay|[upkeep]
|-damage|p1a: Volcarona|82/100 tox|[from] psn
|upkeep
|turn|13
|
|t:|1716078156
|move|p1a: Volcarona|Fire Blast|p2a: Chansey
|-damage|p2a: Chansey|38/100
|move|p2a: Chansey|Stealth Rock|p1a: Volcarona
|-sidestart|p1: Jellium|move: Stealth Rock
|
|-weather|SunnyDay|[upkeep]
|-damage|p1a: Volcarona|64/100 tox|[from] psn
|upkeep
|turn|14
|
|t:|1716078159
|move|p1a: Volcarona|Fire Blast|p2a: Chansey|[miss]
|-miss|p1a: Volcarona|p2a: Chansey
|move|p2a: Chansey|Soft-Boiled|p2a: Chansey
|-heal|p2a: Chansey|88/100
|
|-weather|SunnyDay|[upkeep]
|-damage|p1a: Volcarona|40/100 tox|[from] psn
|upkeep
|turn|15
|
|t:|1716078162
|move|p1a: Volcarona|Fire Blast|p2a: Chansey
|-damage|p2a: Chansey|22/100
|move|p2a: Chansey|Soft-Boiled|p2a: Chansey
|-heal|p2a: Chansey|72/100
|
|-weather|SunnyDay|[upkeep]
|-damage|p1a: Volcarona|9/100 tox|[from] psn
|upkeep
|turn|16
|
|t:|1716078165
|move|p1a: Volcarona|Fire Blast|p2a: Chansey
|-damage|p2a: Chansey|8/100
|-status|p2a: Chansey|brn
|move|p2a: Chansey|Soft-Boiled|p2a: Chansey
|-heal|p2a: Chansey|58/100 brn
|
|-weather|SunnyDay|[upkeep]
|-damage|p1a: Volcarona|0 fnt|[from] psn
|faint|p1a: Volcarona
|-damage|p2a: Chansey|46/100 brn|[from] brn
|upkeep
|
|t:|1716078168
|switch|p1a: Starmie|Starmie|100/100
|-damage|p1a: Starmie|88/100|[from] Stealth Rock
|-item|p1a: Starmie|Air Balloon
|turn|17
|
|t:|1716078172
|move|p1a: Starmie|Rapid Spin|p2a: Chansey
|-damage|p2a: Chansey|43/100 brn
|-sideend|p1: Jellium|Stealth Rock|[from] move: Rapid Spin|[of] p1a: Starmie
|move|p2a: Chansey|Toxic|p1a: Starmie
|-status|p1a: Starmie|tox
|
|-weather|SunnyDay|[upkeep]
|-damage|p1a: Starmie|82/100 tox|[from] psn
|-damage|p2a: Chansey|31/100 brn|[from] brn
|upkeep
|turn|18
|
|t:|1716078177
|switch|p1a: Scizor|Scizor, F|100/100
|move|p2a: Chansey|Stealth Rock|p1a: Scizor
|-sidestart|p1: Jellium|move: Stealth Rock
|
|-weather|SunnyDay|[upkeep]
|-damage|p2a: Chansey|18/100 brn|[from] brn
|upkeep
|turn|19
|
|t:|1716078181
|-curestatus|p2a: Chansey|brn|[from] ability: Natural Cure
|switch|p2a: Ninetales|Ninetales, M|100/100
|move|p1a: Scizor|Swords Dance|p1a: Scizor
|-boost|p1a: Scizor|atk|2
|
|-weather|SunnyDay|[upkeep]
|upkeep
|turn|20
|
|t:|1716078186
|move|p1a: Scizor|Quick Attack|p2a: Ninetales
|-damage|p2a: Ninetales|48/100
|-damage|p1a: Scizor|91/100|[from] item: Life Orb
|move|p2a: Ninetales|Flamethrower|p1a: Scizor
|-supereffective|p1a: Scizor
|-damage|p1a: Scizor|0 fnt
|faint|p1a: Scizor
|
|-weather|SunnyDay|[upkeep]
|-heal|p2a: Ninetales|54/100|[from] item: Leftovers
|upkeep
|
|t:|1716078189
|switch|p1a: Dragonite|Dragonite, F, shiny|100/100
|-damage|p1a: Dragonite|76/100|[from] Stealth Rock
|turn|21
|
|t:|1716078201
|switch|p2a: Cresselia|Cresselia, F|40/100
|move|p1a: Dragonite|Dragon Dance|p1a: Dragonite
|-boost|p1a: Dragonite|atk|1
|-boost|p1a: Dragonite|spe|1
|
|-weather|SunnyDay|[upkeep]
|-heal|p2a: Cresselia|46/100|[from] item: Leftovers
|upkeep
|turn|22
|
|t:|1716078221
|move|p1a: Dragonite|Dragon Dance|p1a: Dragonite
|-boost|p1a: Dragonite|atk|1
|-boost|p1a: Dragonite|spe|1
|move|p2a: Cresselia|Moonlight|p2a: Cresselia
|-heal|p2a: Cresselia|100/100
|
|-weather|SunnyDay|[upkeep]
|upkeep
|turn|23
|
|t:|1716078227
|move|p1a: Dragonite|Outrage|p2a: Cresselia
|-damage|p2a: Cresselia|31/100
|move|p2a: Cresselia|Ice Beam|p1a: Dragonite
|-supereffective|p1a: Dragonite
|-damage|p1a: Dragonite|7/100
|
|-weather|SunnyDay|[upkeep]
|-heal|p2a: Cresselia|37/100|[from] item: Leftovers
|upkeep
|turn|24
|
|t:|1716078238
|move|p1a: Dragonite|Outrage|p2a: Cresselia|[from]lockedmove
|-damage|p2a: Cresselia|0 fnt
|faint|p2a: Cresselia
|
|-weather|SunnyDay|[upkeep]
|upkeep
|
|t:|1716078241
|switch|p2a: Excadrill|Excadrill, M|100/100
|-ability|p2a: Excadrill|Mold Breaker
|turn|25
|
|t:|1716078244
|move|p1a: Dragonite|Outrage|p2a: Excadrill|[from]lockedmove
|-resisted|p2a: Excadrill
|-damage|p2a: Excadrill|0 fnt
|faint|p2a: Excadrill
|-start|p1a: Dragonite|confusion|[fatigue]
|-enditem|p1a: Dragonite|Lum Berry|[eat]
|-end|p1a: Dragonite|confusion
|
|-weather|SunnyDay|[upkeep]
|upkeep
|
|t:|1716078251
|switch|p2a: Volcarona|Volcarona, F|100/100
|turn|26
|
|t:|1716078259
|move|p1a: Dragonite|Outrage|p2a: Volcarona
|-damage|p2a: Volcarona|0 fnt
|faint|p2a: Volcarona
|
|-weather|SunnyDay|[upkeep]
|upkeep
|
|t:|1716078262
|switch|p2a: Chansey|Chansey, F|18/100
|turn|27
|
|t:|1716078266
|move|p1a: Dragonite|Outrage|p2a: Chansey|[from]lockedmove
|-damage|p2a: Chansey|0 fnt
|faint|p2a: Chansey
|-start|p1a: Dragonite|confusion|[fatigue]
|
|-weather|SunnyDay|[upkeep]
|upkeep
|
|t:|1716078269
|switch|p2a: Ninetales|Ninetales, M|54/100
|turn|28
|
|t:|1716078272
|move|p2a: Ninetales|Protect|p2a: Ninetales
|-singleturn|p2a: Ninetales|Protect
|-activate|p1a: Dragonite|confusion
|move|p1a: Dragonite|Outrage|p2a: Ninetales
|-activate|p2a: Ninetales|move: Protect
|
|-weather|SunnyDay|[upkeep]
|-heal|p2a: Ninetales|60/100|[from] item: Leftovers
|upkeep
|turn|29
|
|t:|1716078278
|-activate|p1a: Dragonite|confusion
|move|p1a: Dragonite|Outrage|p2a: Ninetales
|-damage|p2a: Ninetales|0 fnt
|faint|p2a: Ninetales
|
|win|Jellium
|raw|Jellium's rating: 1375 &rarr; <strong>1406</strong><br />(+31 for winning)
|raw|Darkortex's rating: 1584 &rarr; <strong>1553</strong><br />(-31 for losing)
|l|☆Darkortex
|player|p2|
|c|☆Jellium|gg
