|j|☆Xalvadore
|j|☆Grovyleflys
|t:|1741406791
|gametype|singles
|player|p1|Xalvadore|265|1304
|player|p2|Grovyleflys|iris|1357
|teamsize|p1|6
|teamsize|p2|6
|gen|5
|tier|[Gen 5] OU
|rated|
|rule|Species Clause: Limit one of each Pokémon
|rule|OHKO Clause: OHKO moves are banned
|rule|Moody Clause: Moody is banned
|rule|Evasion Items Clause: Evasion items are banned
|rule|Evasion Moves Clause: Evasion moves are banned
|rule|Endless Battle Clause: Forcing endless battles is banned
|rule|HP Percentage Mod: HP is shown in percentages
|rule|Evasion Abilities Clause: Evasion abilities are banned
|rule|Sleep Moves Clause: Sleep-inducing moves are banned
|rule|Swagger Clause: Swagger is banned
|rule|Baton Pass Stat Clause: No Baton Passer may have a way to boost its stats
|clearpoke
|poke|p1|Tyranitar, M|item
|poke|p1|Rotom-Wash|item
|poke|p1|Celebi|item
|poke|p1|Skarmory, M|item
|poke|p1|Garchomp, F|item
|poke|p1|Heatran, F|item
|poke|p2|Latios, M|item
|poke|p2|Keldeo|item
|poke|p2|Starmie|item
|poke|p2|Landorus-Therian, M|item
|poke|p2|Tyranitar, M|item
|poke|p2|Magnezone|item
|teampreview
|
|t:|1741406804
|start
|switch|p1a: Heatran|Heatran, F|100/100
|switch|p2a: Umustquit|Keldeo|100/100
|turn|1
|
|t:|1741406809
|switch|p2a: Wait|Tyranitar, M|100/100
|-weather|Sandstorm|[from] ability: Sand Stream|[of] p2a: Wait
|switch|p1a: Celebi|Celebi|100/100
|
|-weather|Sandstorm|[upkeep]
|-damage|p1a: Celebi|94/100|[from] Sandstorm
|-heal|p1a: Celebi|100/100|[from] item: Leftovers
|upkeep
|turn|2
|
|t:|1741406813
|move|p1a: Celebi|U-turn|p2a: Wait
|-supereffective|p2a: Wait
|-damage|p2a: Wait|77/100
|-activate|p1a: Celebi|move: Pursuit
|move|p2a: Wait|Pursuit|p1a: Celebi|[from] Pursuit
|-supereffective|p1a: Celebi
|-damage|p1a: Celebi|0 fnt
|faint|p1a: Celebi
|
|-weather|Sandstorm|[upkeep]
|upkeep
|
|t:|1741406817
|switch|p1a: Skarmory|Skarmory, M|100/100
|turn|3
|
|t:|1741406821
|switch|p2a: Thinkabouturlife|Magnezone|100/100
|move|p1a: Skarmory|Roost||[still]
|-fail|p1a: Skarmory|heal
|
|-weather|Sandstorm|[upkeep]
|upkeep
|turn|4
|
|t:|1741406826
|move|p1a: Skarmory|Spikes|p2a: Thinkabouturlife
|-sidestart|p2: Grovyleflys|Spikes
|move|p2a: Thinkabouturlife|Charge Beam|p1a: Skarmory
|-supereffective|p1a: Skarmory
|-damage|p1a: Skarmory|42/100
|-boost|p2a: Thinkabouturlife|spa|1
|
|-weather|Sandstorm|[upkeep]
|-heal|p1a: Skarmory|48/100|[from] item: Leftovers
|upkeep
|turn|5
|
|t:|1741406831
|move|p1a: Skarmory|Spikes|p2a: Thinkabouturlife
|-sidestart|p2: Grovyleflys|Spikes
|move|p2a: Thinkabouturlife|Charge Beam|p1a: Skarmory
|-supereffective|p1a: Skarmory
|-damage|p1a: Skarmory|0 fnt
|faint|p1a: Skarmory
|
|-weather|Sandstorm|[upkeep]
|upkeep
|
|t:|1741406834
|switch|p1a: Garchomp|Garchomp, F|100/100
|turn|6
|
|t:|1741406836
|move|p1a: Garchomp|Earthquake|p2a: Thinkabouturlife
|-supereffective|p2a: Thinkabouturlife
|-damage|p2a: Thinkabouturlife|0 fnt
|faint|p2a: Thinkabouturlife
|
|-weather|Sandstorm|[upkeep]
|upkeep
|
|t:|1741406842
|switch|p2a: Mosttoxicplaya|Latios, M|100/100
|turn|7
|
|t:|1741406845
|switch|p1a: Heatran|Heatran, F|100/100
|move|p2a: Mosttoxicplaya|Draco Meteor|p1a: Heatran
|-resisted|p1a: Heatran
|-damage|p1a: Heatran|50/100
|-unboost|p2a: Mosttoxicplaya|spa|2
|-damage|p2a: Mosttoxicplaya|91/100|[from] item: Life Orb
|
|-weather|Sandstorm|[upkeep]
|-damage|p2a: Mosttoxicplaya|85/100|[from] Sandstorm
|-heal|p1a: Heatran|57/100|[from] item: Leftovers
|upkeep
|turn|8
|
|t:|1741406858
|move|p2a: Mosttoxicplaya|Surf|p1a: Heatran
|-supereffective|p1a: Heatran
|-damage|p1a: Heatran|11/100
|-damage|p2a: Mosttoxicplaya|75/100|[from] item: Life Orb
|move|p1a: Heatran|Hidden Power|p2a: Mosttoxicplaya
|-supereffective|p2a: Mosttoxicplaya
|-damage|p2a: Mosttoxicplaya|20/100
|
|-weather|Sandstorm|[upkeep]
|-damage|p2a: Mosttoxicplaya|14/100|[from] Sandstorm
|-heal|p1a: Heatran|17/100|[from] item: Leftovers
|upkeep
|turn|9
|
|t:|1741406863
|move|p1a: Heatran|Protect|p1a: Heatran
|-singleturn|p1a: Heatran|Protect
|move|p2a: Mosttoxicplaya|Surf|p1a: Heatran
|-activate|p1a: Heatran|move: Protect
|
|-weather|Sandstorm|[upkeep]
|-damage|p2a: Mosttoxicplaya|8/100|[from] Sandstorm
|-heal|p1a: Heatran|23/100|[from] item: Leftovers
|upkeep
|turn|10
|
|t:|1741406867
|switch|p1a: Rotom|Rotom-Wash|100/100
|move|p2a: Mosttoxicplaya|Surf|p1a: Rotom
|-resisted|p1a: Rotom
|-damage|p1a: Rotom|85/100
|-damage|p2a: Mosttoxicplaya|0 fnt|[from] item: Life Orb
|faint|p2a: Mosttoxicplaya
|
|-weather|Sandstorm|[upkeep]
|-damage|p1a: Rotom|79/100|[from] Sandstorm
|upkeep
|
|t:|1741406877
|switch|p2a: FFLOSINGISOK|Starmie|100/100
|-damage|p2a: FFLOSINGISOK|84/100|[from] Spikes
|turn|11
|
|t:|1741406881
|move|p1a: Rotom|Volt Switch|p2a: FFLOSINGISOK
|-supereffective|p2a: FFLOSINGISOK
|-damage|p2a: FFLOSINGISOK|0 fnt
|faint|p2a: FFLOSINGISOK
|
|t:|1741406892
|switch|p1a: Heatran|Heatran, F|23/100|[from] Volt Switch
|
|-weather|Sandstorm|[upkeep]
|-heal|p1a: Heatran|29/100|[from] item: Leftovers
|upkeep
|
|t:|1741406909
|switch|p2a: Toxic player|Landorus-Therian, M|100/100
|-ability|p2a: Toxic player|Intimidate|boost
|-unboost|p1a: Heatran|atk|1
|turn|12
|
|t:|1741406912
|move|p2a: Toxic player|Stealth Rock|p1a: Heatran
|-sidestart|p1: Xalvadore|move: Stealth Rock
|move|p1a: Heatran|Hidden Power|p2a: Toxic player
|-supereffective|p2a: Toxic player
|-damage|p2a: Toxic player|0 fnt
|faint|p2a: Toxic player
|
|-weather|Sandstorm|[upkeep]
|-heal|p1a: Heatran|35/100|[from] item: Leftovers
|upkeep
|
|t:|1741406914
|switch|p2a: Umustquit|Keldeo|100/100
|-damage|p2a: Umustquit|84/100|[from] Spikes
|turn|13
|
|t:|1741406924
|move|p2a: Umustquit|Secret Sword|p1a: Heatran
|-supereffective|p1a: Heatran
|-damage|p1a: Heatran|0 fnt
|faint|p1a: Heatran
|
|-weather|Sandstorm|[upkeep]
|-damage|p2a: Umustquit|78/100|[from] Sandstorm
|upkeep
|
|t:|1741406928
|switch|p1a: Rotom|Rotom-Wash|79/100
|-damage|p1a: Rotom|66/100|[from] Stealth Rock
|turn|14
|
|t:|1741406951
|switch|p2a: Wait|Tyranitar, M|77/100
|-damage|p2a: Wait|61/100|[from] Spikes
|move|p1a: Rotom|Volt Switch|p2a: Wait
|-crit|p2a: Wait
|-damage|p2a: Wait|26/100
|
|t:|1741406957
|switch|p1a: Garchomp|Garchomp, F|100/100|[from] Volt Switch
|-damage|p1a: Garchomp|94/100|[from] Stealth Rock
|
|-weather|Sandstorm|[upkeep]
|upkeep
|turn|15
|
|t:|1741406962
|move|p1a: Garchomp|Earthquake|p2a: Wait
|-supereffective|p2a: Wait
|-damage|p2a: Wait|0 fnt
|faint|p2a: Wait
|
|-weather|Sandstorm|[upkeep]
|upkeep
|
|t:|1741406964
|switch|p2a: Umustquit|Keldeo|78/100
|-damage|p2a: Umustquit|61/100|[from] Spikes
|turn|16
|
|t:|1741406971
|move|p2a: Umustquit|Hydro Pump|p1a: Garchomp
|-damage|p1a: Garchomp|23/100
|move|p1a: Garchomp|Earthquake|p2a: Umustquit
|-damage|p2a: Umustquit|5/100
|
|-weather|Sandstorm|[upkeep]
|-damage|p2a: Umustquit|0 fnt|[from] Sandstorm
|faint|p2a: Umustquit
|
|win|Xalvadore
|raw|Xalvadore's rating: 1304 &rarr; <strong>1327</strong><br />(+23 for winning)
|raw|Grovyleflys's rating: 1357 &rarr; <strong>1334</strong><br />(-23 for losing)
|c|☆Xalvadore|GG
|l|☆Grovyleflys
|player|p2|
