|j|☆anglemort33
|j|☆JllyFish
|t:|1731330553
|gametype|singles
|player|p1|anglemort33|170|1397
|player|p2|JllyFish|101|1385
|teamsize|p1|6
|teamsize|p2|6
|gen|5
|tier|[Gen 5] OU
|rated|
|rule|Species Clause: Limit one of each Pokémon
|rule|OHKO Clause: OHKO moves are banned
|rule|Moody Clause: Moody is banned
|rule|Evasion Items Clause: Evasion items are banned
|rule|Evasion Moves Clause: Evasion moves are banned
|rule|Endless Battle Clause: Forcing endless battles is banned
|rule|HP Percentage Mod: HP is shown in percentages
|rule|Evasion Abilities Clause: Evasion abilities are banned
|rule|Sleep Moves Clause: Sleep-inducing moves are banned
|rule|Swagger Clause: Swagger is banned
|rule|Baton Pass Stat Clause: No Baton Passer may have a way to boost its stats
|clearpoke
|poke|p1|Tyranitar, M|item
|poke|p1|Skarmory, M|item
|poke|p1|Jellicent, F|item
|poke|p1|Latios, M|item
|poke|p1|Alakazam, M|item
|poke|p1|Gliscor, F|item
|poke|p2|Dragonite, M|item
|poke|p2|Starmie|item
|poke|p2|Jellicent, F|item
|poke|p2|Breloom, M|item
|poke|p2|Skarmory, F|item
|poke|p2|Scizor, F|item
|teampreview
|inactive|Battle timer is ON: inactive players will automatically lose when time's up. (requested by anglemort33)
|
|t:|1731330601
|start
|switch|p1a: Tyranitar|Tyranitar, M|100/100
|switch|p2a: Skarmory|Skarmory, F|100/100
|-weather|Sandstorm|[from] ability: Sand Stream|[of] p1a: Tyranitar
|turn|1
|
|t:|1731330604
|move|p2a: Skarmory|Stealth Rock|p1a: Tyranitar
|-sidestart|p1: anglemort33|move: Stealth Rock
|move|p1a: Tyranitar|Thunder Wave|p2a: Skarmory
|-status|p2a: Skarmory|par
|
|-weather|Sandstorm|[upkeep]
|upkeep
|turn|2
|
|t:|1731330611
|switch|p1a: Gliscor|Gliscor, F|100/100
|-damage|p1a: Gliscor|88/100|[from] Stealth Rock
|move|p2a: Skarmory|Spikes|p1a: Gliscor
|-sidestart|p1: anglemort33|Spikes
|
|-weather|Sandstorm|[upkeep]
|-status|p1a: Gliscor|tox|[from] item: Toxic Orb
|upkeep
|turn|3
|
|t:|1731330619
|move|p1a: Gliscor|Stealth Rock|p2a: Skarmory
|-sidestart|p2: JllyFish|move: Stealth Rock
|move|p2a: Skarmory|Spikes|p1a: Gliscor
|-sidestart|p1: anglemort33|Spikes
|
|-weather|Sandstorm|[upkeep]
|-heal|p1a: Gliscor|100/100 tox|[from] ability: Poison Heal
|upkeep
|turn|4
|
|t:|1731330628
|move|p1a: Gliscor|U-turn|p2a: Skarmory
|-resisted|p2a: Skarmory
|-damage|p2a: Skarmory|97/100 par
|
|t:|1731330630
|switch|p1a: Skarmory|Skarmory, M|100/100|[from] U-turn
|-damage|p1a: Skarmory|88/100|[from] Stealth Rock
|cant|p2a: Skarmory|par
|
|-weather|Sandstorm|[upkeep]
|-heal|p1a: Skarmory|94/100|[from] item: Leftovers
|upkeep
|turn|5
|
|t:|1731330636
|move|p1a: Skarmory|Spikes|p2a: Skarmory
|-sidestart|p2: JllyFish|Spikes
|move|p2a: Skarmory|Taunt|p1a: Skarmory
|-start|p1a: Skarmory|move: Taunt
|
|-weather|Sandstorm|[upkeep]
|-heal|p1a: Skarmory|99/100|[from] item: Leftovers
|upkeep
|turn|6
|
|t:|1731330666
|switch|p1a: Latios|Latios, M|100/100
|-damage|p1a: Latios|88/100|[from] Stealth Rock
|move|p2a: Skarmory|Spikes|p1a: Latios
|-sidestart|p1: anglemort33|Spikes
|
|-weather|Sandstorm|[upkeep]
|-damage|p1a: Latios|82/100|[from] Sandstorm
|upkeep
|turn|7
|
|t:|1731330674
|move|p1a: Latios|Hidden Power|p2a: Skarmory
|-supereffective|p2a: Skarmory
|-damage|p2a: Skarmory|10/100 par
|move|p2a: Skarmory|Brave Bird|p1a: Latios
|-damage|p1a: Latios|26/100
|-damage|p2a: Skarmory|0 fnt|[from] Recoil
|faint|p2a: Skarmory
|
|-weather|Sandstorm|[upkeep]
|-damage|p1a: Latios|20/100|[from] Sandstorm
|upkeep
|j| radaty
|inactive|JllyFish has 120 seconds left.
|
|t:|1731330712
|switch|p2a: Breloom|Breloom, M|100/100
|-damage|p2a: Breloom|94/100|[from] Stealth Rock
|-damage|p2a: Breloom|82/100|[from] Spikes
|turn|8
|
|t:|1731330724
|switch|p1a: Skarmory|Skarmory, M|99/100
|-damage|p1a: Skarmory|88/100|[from] Stealth Rock
|move|p2a: Breloom|Mach Punch|p1a: Skarmory
|-crit|p1a: Skarmory
|-damage|p1a: Skarmory|23/100
|-damage|p2a: Breloom|72/100|[from] item: Life Orb
|
|-weather|Sandstorm|[upkeep]
|-damage|p2a: Breloom|66/100|[from] Sandstorm
|-heal|p1a: Skarmory|29/100|[from] item: Leftovers
|upkeep
|turn|9
|
|t:|1731330736
|move|p2a: Breloom|Mach Punch|p1a: Skarmory
|-damage|p1a: Skarmory|0 fnt
|faint|p1a: Skarmory
|-damage|p2a: Breloom|56/100|[from] item: Life Orb
|
|-weather|Sandstorm|[upkeep]
|-damage|p2a: Breloom|50/100|[from] Sandstorm
|upkeep
|inactive|anglemort33 has 120 seconds left.
|
|t:|1731330780
|switch|p1a: Alakazam|Alakazam, M|100/100
|turn|10
|inactive|JllyFish has 120 seconds left.
|
|t:|1731330824
|move|p2a: Breloom|Mach Punch|p1a: Alakazam
|-resisted|p1a: Alakazam
|-damage|p1a: Alakazam|44/100
|-damage|p2a: Breloom|40/100|[from] item: Life Orb
|move|p1a: Alakazam|Psyshock|p2a: Breloom
|-supereffective|p2a: Breloom
|-damage|p2a: Breloom|0 fnt
|faint|p2a: Breloom
|
|-weather|Sandstorm|[upkeep]
|upkeep
|
|t:|1731330839
|switch|p2a: Scizor|Scizor, F|100/100
|-damage|p2a: Scizor|88/100|[from] Stealth Rock
|-damage|p2a: Scizor|76/100|[from] Spikes
|turn|11
|inactive|anglemort33 has 120 seconds left.
|
|t:|1731330869
|move|p2a: Scizor|Bullet Punch|p1a: Alakazam
|-damage|p1a: Alakazam|0 fnt
|faint|p1a: Alakazam
|
|-weather|Sandstorm|[upkeep]
|upkeep
|inactive|anglemort33 has 90 seconds left.
|inactive|anglemort33 has 60 seconds left.
|inactive|anglemort33 has 30 seconds left.
|inactive|anglemort33 has 20 seconds left.
|inactive|anglemort33 has 15 seconds left.
|
|t:|1731330961
|switch|p1a: Gliscor|Gliscor, F|100/100 tox
|-damage|p1a: Gliscor|88/100 tox|[from] Stealth Rock
|turn|12
|inactive|anglemort33 has 25 seconds left this turn.
|inactive|anglemort33 has 20 seconds left.
|
|t:|1731330970
|switch|p2a: Jellicent|Jellicent, F|100/100
|-damage|p2a: Jellicent|88/100|[from] Stealth Rock
|-item|p2a: Jellicent|Air Balloon
|move|p1a: Gliscor|U-turn|p2a: Jellicent
|-resisted|p2a: Jellicent
|-damage|p2a: Jellicent|82/100
|-enditem|p2a: Jellicent|Air Balloon
|inactive|anglemort33 has 25 seconds left this turn.
|inactive|anglemort33 has 20 seconds left.
|inactive|anglemort33 has 15 seconds left.
|inactive|anglemort33 has 10 seconds left.
|inactive|anglemort33 has 5 seconds left.
|
|t:|1731330993
|switch|p1a: Tyranitar|Tyranitar, M|100/100|[from] U-turn
|-damage|p1a: Tyranitar|88/100|[from] Stealth Rock
|-damage|p1a: Tyranitar|63/100|[from] Spikes
|
|-weather|Sandstorm|[upkeep]
|-damage|p2a: Jellicent|76/100|[from] Sandstorm
|upkeep
|turn|13
|inactive|anglemort33 has 15 seconds left this turn.
|inactive|anglemort33 has 10 seconds left.
|
|t:|1731331001
|move|p1a: Tyranitar|Thunder Wave|p2a: Jellicent
|-status|p2a: Jellicent|par
|cant|p2a: Jellicent|par
|
|-weather|Sandstorm|[upkeep]
|-damage|p2a: Jellicent|69/100 par|[from] Sandstorm
|upkeep
|turn|14
|inactive|anglemort33 has 20 seconds left this turn.
|inactive|anglemort33 has 15 seconds left.
|
|t:|1731331007
|move|p1a: Tyranitar|Crunch|p2a: Jellicent
|-supereffective|p2a: Jellicent
|-damage|p2a: Jellicent|9/100 par
|move|p2a: Jellicent|Will-O-Wisp|p1a: Tyranitar
|-status|p1a: Tyranitar|brn
|
|-weather|Sandstorm|[upkeep]
|-damage|p2a: Jellicent|3/100 par|[from] Sandstorm
|-damage|p1a: Tyranitar|51/100 brn|[from] brn
|upkeep
|turn|15
|inactive|anglemort33 has 25 seconds left this turn.
|inactive|anglemort33 has 20 seconds left.
|
|t:|1731331016
|move|p1a: Tyranitar|Crunch|p2a: Jellicent
|-supereffective|p2a: Jellicent
|-damage|p2a: Jellicent|0 fnt
|faint|p2a: Jellicent
|
|-weather|Sandstorm|[upkeep]
|-damage|p1a: Tyranitar|38/100 brn|[from] brn
|upkeep
|inactive|anglemort33 has 25 seconds left this turn.
|
|t:|1731331025
|switch|p2a: Scizor|Scizor, F|76/100
|-damage|p2a: Scizor|63/100|[from] Stealth Rock
|-damage|p2a: Scizor|51/100|[from] Spikes
|turn|16
|inactive|anglemort33 has 30 seconds left.
|inactive|anglemort33 has 20 seconds left.
|
|t:|1731331041
|move|p2a: Scizor|U-turn|p1a: Tyranitar
|-supereffective|p1a: Tyranitar
|-damage|p1a: Tyranitar|0 fnt
|faint|p1a: Tyranitar
|inactive|anglemort33 has 25 seconds left this turn.
|
|t:|1731331046
|switch|p2a: Dragonite|Dragonite, M|100/100|[from] U-turn
|-damage|p2a: Dragonite|76/100|[from] Stealth Rock
|
|-weather|Sandstorm|[upkeep]
|-damage|p2a: Dragonite|70/100|[from] Sandstorm
|upkeep
|inactive|anglemort33 has 30 seconds left this turn.
|l| radaty
|inactive|anglemort33 has 20 seconds left.
|
|t:|1731331058
|switch|p1a: Jellicent|Jellicent, F|100/100
|-damage|p1a: Jellicent|88/100|[from] Stealth Rock
|-damage|p1a: Jellicent|63/100|[from] Spikes
|turn|17
|inactive|anglemort33 has 30 seconds left this turn.
|inactive|anglemort33 has 20 seconds left.
|inactive|anglemort33 has 15 seconds left.
|
|t:|1731331074
|move|p2a: Dragonite|Outrage|p1a: Jellicent
|-damage|p1a: Jellicent|0 fnt
|faint|p1a: Jellicent
|
|-weather|Sandstorm|[upkeep]
|-damage|p2a: Dragonite|63/100|[from] Sandstorm
|upkeep
|inactive|anglemort33 has 20 seconds left this turn.
|
|t:|1731331078
|switch|p1a: Latios|Latios, M|20/100
|-damage|p1a: Latios|8/100|[from] Stealth Rock
|turn|18
|inactive|anglemort33 has 30 seconds left this turn.
|
|t:|1731331084
|move|p1a: Latios|Draco Meteor|p2a: Dragonite
|-supereffective|p2a: Dragonite
|-damage|p2a: Dragonite|0 fnt
|-unboost|p1a: Latios|spa|2
|faint|p2a: Dragonite
|
|-weather|Sandstorm|[upkeep]
|-damage|p1a: Latios|2/100|[from] Sandstorm
|upkeep
|
|t:|1731331090
|switch|p2a: Scizor|Scizor, F|51/100
|-damage|p2a: Scizor|38/100|[from] Stealth Rock
|-damage|p2a: Scizor|26/100|[from] Spikes
|turn|19
|inactive|anglemort33 has 30 seconds left.
|
|t:|1731331117
|move|p2a: Scizor|Bullet Punch|p1a: Latios
|-damage|p1a: Latios|0 fnt
|faint|p1a: Latios
|
|-weather|Sandstorm|[upkeep]
|upkeep
|inactive|anglemort33 has 30 seconds left this turn.
|
|t:|1731331120
|switch|p1a: Gliscor|Gliscor, F|88/100 tox
|-damage|p1a: Gliscor|75/100 tox|[from] Stealth Rock
|turn|20
|
|t:|1731331129
|move|p1a: Gliscor|Protect|p1a: Gliscor
|-singleturn|p1a: Gliscor|Protect
|move|p2a: Scizor|Bullet Punch|p1a: Gliscor
|-activate|p1a: Gliscor|move: Protect
|
|-weather|Sandstorm|[upkeep]
|-heal|p1a: Gliscor|88/100 tox|[from] ability: Poison Heal
|upkeep
|turn|21
|c|☆JllyFish|gg
|
|t:|1731331137
|move|p2a: Scizor|Bullet Punch|p1a: Gliscor
|-damage|p1a: Gliscor|54/100 tox
|move|p1a: Gliscor|Earthquake|p2a: Scizor
|-damage|p2a: Scizor|0 fnt
|faint|p2a: Scizor
|
|-weather|Sandstorm|[upkeep]
|-heal|p1a: Gliscor|66/100 tox|[from] ability: Poison Heal
|upkeep
|
|t:|1731331155
|switch|p2a: Starmie|Starmie|100/100
|-damage|p2a: Starmie|88/100|[from] Stealth Rock
|-item|p2a: Starmie|Air Balloon
|turn|22
|
|t:|1731331161
|move|p1a: Gliscor|Protect|p1a: Gliscor
|-singleturn|p1a: Gliscor|Protect
|move|p2a: Starmie|Ice Beam|p1a: Gliscor
|-activate|p1a: Gliscor|move: Protect
|
|-weather|Sandstorm|[upkeep]
|-damage|p2a: Starmie|82/100|[from] Sandstorm
|-heal|p1a: Gliscor|79/100 tox|[from] ability: Poison Heal
|upkeep
|turn|23
|
|t:|1731331190
|move|p2a: Starmie|Ice Beam|p1a: Gliscor
|-supereffective|p1a: Gliscor
|-crit|p1a: Gliscor
|-damage|p1a: Gliscor|0 fnt
|faint|p1a: Gliscor
|
|win|JllyFish
|raw|anglemort33's rating: 1397 &rarr; <strong>1376</strong><br />(-21 for losing)
|raw|JllyFish's rating: 1385 &rarr; <strong>1406</strong><br />(+21 for winning)
|l|☆JllyFish
|player|p2|
