|uhtml|medal-msg|<div class="broadcast-blue">Curious what those medals under the avatar are? PS now has Ladder Seasons! For more information, check out the <a href="https://www.smogon.com/forums/threads/3740067/">thread on Smogon.</a></div>
|uhtml|medal-msg|<div class="broadcast-blue">Curious what those medals under the avatar are? PS now has Ladder Seasons! For more information, check out the <a href="https://www.smogon.com/forums/threads/3740067/">thread on Smogon.</a></div>
|j|‽strictsceptile1
|j|☆Silexius
|t:|1712253669
|gametype|singles
|player|p1|strictsceptile1|richboy-gen4|1302
|player|p2|Silexius|1|1336
|teamsize|p1|6
|teamsize|p2|6
|gen|5
|tier|[Gen 5] OU
|rated|
|rule|Species Clause: Limit one of each Pokémon
|rule|OHKO Clause: OHKO moves are banned
|rule|Moody Clause: Moody is banned
|rule|Evasion Items Clause: Evasion items are banned
|rule|Evasion Moves Clause: Evasion moves are banned
|rule|Endless Battle Clause: Forcing endless battles is banned
|rule|HP Percentage Mod: HP is shown in percentages
|rule|Evasion Abilities Clause: Evasion abilities are banned
|rule|Sleep Moves Clause: Sleep-inducing moves are banned
|rule|Swagger Clause: Swagger is banned
|rule|Baton Pass Stat Clause: No Baton Passer may have a way to boost its stats
|clearpoke
|poke|p1|Latios, M|item
|poke|p1|Garchomp, M|item
|poke|p1|Jellicent, M|item
|poke|p1|Skarmory, M|item
|poke|p1|Scizor, M|item
|poke|p1|Jirachi|item
|poke|p2|Latios, M|item
|poke|p2|Skarmory, F|item
|poke|p2|Scizor, F|item
|poke|p2|Garchomp, M|item
|poke|p2|Kyurem-Black|item
|poke|p2|Starmie|item
|teampreview
|inactive|Battle timer is ON: inactive players will automatically lose when time's up. (requested by strictsceptile1)
|c|☆Silexius|hello
|
|t:|1712253687
|start
|switch|p1a: Skarmory|Skarmory, M|100/100
|switch|p2a: Skarmory|Skarmory, F|100/100
|turn|1
|inactive|strictsceptile1 has 120 seconds left.
|
|t:|1712253728
|move|p1a: Skarmory|Taunt|p2a: Skarmory
|-start|p2a: Skarmory|move: Taunt
|cant|p2a: Skarmory|move: Taunt|Stealth Rock
|
|upkeep
|turn|2
|
|t:|1712253750
|switch|p2a: Kyurem|Kyurem-Black|100/100
|-ability|p2a: Kyurem|Teravolt
|move|p1a: Skarmory|Stealth Rock|p2a: Kyurem
|-sidestart|p2: Silexius|move: Stealth Rock
|
|upkeep
|turn|3
|inactive|strictsceptile1 has 120 seconds left.
|
|t:|1712253766
|move|p2a: Kyurem|Substitute|p2a: Kyurem
|-start|p2a: Kyurem|Substitute
|-damage|p2a: Kyurem|76/100
|move|p1a: Skarmory|Spikes|p2a: Kyurem
|-sidestart|p2: Silexius|Spikes
|
|-heal|p2a: Kyurem|82/100|[from] item: Leftovers
|upkeep
|turn|4
|inactive|Silexius has 120 seconds left.
|
|t:|1712253817
|move|p2a: Kyurem|Ice Beam|p1a: Skarmory
|-damage|p1a: Skarmory|19/100
|move|p1a: Skarmory|Brave Bird|p2a: Kyurem
|-end|p2a: Kyurem|Substitute
|-damage|p1a: Skarmory|7/100|[from] Recoil|[of] p2a: Kyurem
|
|-heal|p2a: Kyurem|88/100|[from] item: Leftovers
|upkeep
|turn|5
|inactive|strictsceptile1 has 120 seconds left.
|-enditem|p1a: Skarmory|Custap Berry|[eat]
|-activate|p1a: Skarmory|item: Custap Berry|[consumed]
|
|t:|1712253826
|move|p1a: Skarmory|Taunt|p2a: Kyurem
|-start|p2a: Kyurem|move: Taunt
|cant|p2a: Kyurem|move: Taunt|Substitute
|
|-heal|p2a: Kyurem|94/100|[from] item: Leftovers
|upkeep
|turn|6
|inactive|strictsceptile1 has 120 seconds left.
|
|t:|1712253841
|move|p2a: Kyurem|Ice Beam|p1a: Skarmory
|-damage|p1a: Skarmory|0 fnt
|faint|p1a: Skarmory
|
|-heal|p2a: Kyurem|99/100|[from] item: Leftovers
|upkeep
|inactive|strictsceptile1 has 120 seconds left.
|
|t:|1712253849
|switch|p1a: Jirachi|Jirachi|100/100
|turn|7
|
|t:|1712253854
|switch|p2a: Skarmory|Skarmory, F|100/100
|-damage|p2a: Skarmory|88/100|[from] Stealth Rock
|move|p1a: Jirachi|Iron Head|p2a: Skarmory
|-resisted|p2a: Skarmory
|-damage|p2a: Skarmory|76/100
|
|upkeep
|turn|8
|
|t:|1712253860
|move|p1a: Jirachi|Thunder|p2a: Skarmory
|-supereffective|p2a: Skarmory
|-damage|p2a: Skarmory|0 fnt
|faint|p2a: Skarmory
|
|upkeep
|
|t:|1712253866
|switch|p2a: Starmie|Starmie|100/100
|-damage|p2a: Starmie|88/100|[from] Stealth Rock
|-item|p2a: Starmie|Air Balloon
|turn|9
|
|t:|1712253871
|switch|p1a: Jellicent|Jellicent, M|100/100
|move|p2a: Starmie|Rapid Spin|p1a: Jellicent
|-immune|p1a: Jellicent
|
|upkeep
|turn|10
|
|t:|1712253877
|move|p2a: Starmie|Thunder|p1a: Jellicent|[miss]
|-miss|p2a: Starmie|p1a: Jellicent
|move|p1a: Jellicent|Will-O-Wisp|p2a: Starmie
|-status|p2a: Starmie|brn
|
|-damage|p2a: Starmie|76/100 brn|[from] brn
|upkeep
|turn|11
|
|t:|1712253880
|move|p2a: Starmie|Thunder|p1a: Jellicent
|-supereffective|p1a: Jellicent
|-damage|p1a: Jellicent|48/100
|move|p1a: Jellicent|Night Shade|p2a: Starmie
|-damage|p2a: Starmie|38/100 brn
|-enditem|p2a: Starmie|Air Balloon
|
|-heal|p1a: Jellicent|55/100|[from] item: Leftovers
|-damage|p2a: Starmie|25/100 brn|[from] brn
|upkeep
|turn|12
|
|t:|1712253888
|move|p2a: Starmie|Thunder|p1a: Jellicent
|-supereffective|p1a: Jellicent
|-damage|p1a: Jellicent|6/100
|move|p1a: Jellicent|Recover|p1a: Jellicent
|-heal|p1a: Jellicent|57/100
|
|-heal|p1a: Jellicent|63/100|[from] item: Leftovers
|-damage|p2a: Starmie|13/100 brn|[from] brn
|upkeep
|turn|13
|
|t:|1712253894
|switch|p2a: Kyurem|Kyurem-Black|99/100
|-damage|p2a: Kyurem|75/100|[from] Stealth Rock
|-damage|p2a: Kyurem|63/100|[from] Spikes
|-ability|p2a: Kyurem|Teravolt
|move|p1a: Jellicent|Recover|p1a: Jellicent
|-heal|p1a: Jellicent|100/100
|
|-heal|p2a: Kyurem|69/100|[from] item: Leftovers
|upkeep
|turn|14
|
|t:|1712253905
|move|p2a: Kyurem|Substitute|p2a: Kyurem
|-start|p2a: Kyurem|Substitute
|-damage|p2a: Kyurem|44/100
|move|p1a: Jellicent|Night Shade|p2a: Kyurem
|-activate|p2a: Kyurem|Substitute|[damage]
|
|-heal|p2a: Kyurem|50/100|[from] item: Leftovers
|upkeep
|turn|15
|
|t:|1712253913
|move|p2a: Kyurem|Fusion Bolt|p1a: Jellicent
|-supereffective|p1a: Jellicent
|-damage|p1a: Jellicent|31/100
|move|p1a: Jellicent|Night Shade|p2a: Kyurem
|-end|p2a: Kyurem|Substitute
|
|-heal|p2a: Kyurem|57/100|[from] item: Leftovers
|-heal|p1a: Jellicent|37/100|[from] item: Leftovers
|upkeep
|turn|16
|
|t:|1712253931
|move|p2a: Kyurem|Fusion Bolt|p1a: Jellicent
|-supereffective|p1a: Jellicent
|-damage|p1a: Jellicent|0 fnt
|faint|p1a: Jellicent
|
|-heal|p2a: Kyurem|63/100|[from] item: Leftovers
|upkeep
|
|t:|1712253935
|switch|p1a: Jirachi|Jirachi|100/100
|turn|17
|
|t:|1712253950
|switch|p2a: Starmie|Starmie|13/100 brn
|-damage|p2a: Starmie|1/100 brn|[from] Stealth Rock
|-damage|p2a: Starmie|0 fnt|[from] Spikes
|faint|p2a: Starmie
|move|p1a: Jirachi|Iron Head|p2: Starmie|[notarget]
|-fail|p1a: Jirachi
|
|upkeep
|
|t:|1712253957
|switch|p2a: Garchomp|Garchomp, M|100/100
|-damage|p2a: Garchomp|94/100|[from] Stealth Rock
|-damage|p2a: Garchomp|82/100|[from] Spikes
|turn|18
|
|t:|1712253964
|move|p2a: Garchomp|Swords Dance|p2a: Garchomp
|-boost|p2a: Garchomp|atk|2
|move|p1a: Jirachi|Hidden Power|p2a: Garchomp
|-supereffective|p2a: Garchomp
|-enditem|p2a: Garchomp|Yache Berry|[eat]
|-enditem|p2a: Garchomp|Yache Berry|[weaken]
|-damage|p2a: Garchomp|41/100
|
|upkeep
|turn|19
|
|t:|1712253977
|switch|p1a: Latios|Latios, M|100/100
|move|p2a: Garchomp|Earthquake|p1a: Latios
|-immune|p1a: Latios|[from] ability: Levitate
|
|upkeep
|turn|20
|
|t:|1712253987
|move|p1a: Latios|Surf|p2a: Garchomp
|-damage|p2a: Garchomp|6/100
|move|p2a: Garchomp|Outrage|p1a: Latios
|-supereffective|p1a: Latios
|-damage|p1a: Latios|0 fnt
|faint|p1a: Latios
|
|upkeep
|
|t:|1712253993
|switch|p1a: Scizor|Scizor, M|100/100
|turn|21
|
|t:|1712254004
|move|p1a: Scizor|Bullet Punch|p2a: Garchomp
|-damage|p2a: Garchomp|0 fnt
|-damage|p1a: Scizor|88/100|[from] ability: Rough Skin|[of] p2a: Garchomp
|faint|p2a: Garchomp
|-damage|p1a: Scizor|78/100|[from] item: Life Orb
|
|upkeep
|
|t:|1712254009
|switch|p2a: Latios|Latios, M|100/100
|-damage|p2a: Latios|88/100|[from] Stealth Rock
|turn|22
|
|t:|1712254013
|move|p1a: Scizor|Bullet Punch|p2a: Latios
|-damage|p2a: Latios|29/100
|-damage|p1a: Scizor|68/100|[from] item: Life Orb
|move|p2a: Latios|Surf|p1a: Scizor
|-damage|p1a: Scizor|27/100
|
|upkeep
|turn|23
|
|t:|1712254023
|move|p1a: Scizor|Bullet Punch|p2a: Latios
|-damage|p2a: Latios|0 fnt
|faint|p2a: Latios
|-damage|p1a: Scizor|17/100|[from] item: Life Orb
|
|upkeep
|
|t:|1712254025
|switch|p2a: Scizor|Scizor, F|100/100
|-damage|p2a: Scizor|88/100|[from] Stealth Rock
|-damage|p2a: Scizor|76/100|[from] Spikes
|turn|24
|
|t:|1712254036
|move|p2a: Scizor|Bullet Punch|p1a: Scizor
|-resisted|p1a: Scizor
|-damage|p1a: Scizor|0 fnt
|faint|p1a: Scizor
|
|upkeep
|
|t:|1712254039
|switch|p1a: Jirachi|Jirachi|100/100
|turn|25
|
|t:|1712254043
|move|p1a: Jirachi|Fire Punch|p2a: Scizor
|-supereffective|p2a: Scizor
|-damage|p2a: Scizor|0 fnt
|faint|p2a: Scizor
|
|upkeep
|
|t:|1712254045
|switch|p2a: Kyurem|Kyurem-Black|63/100
|-damage|p2a: Kyurem|38/100|[from] Stealth Rock
|-damage|p2a: Kyurem|25/100|[from] Spikes
|-ability|p2a: Kyurem|Teravolt
|turn|26
|
|t:|1712254048
|move|p2a: Kyurem|Substitute|p2a: Kyurem
|-fail|p2a: Kyurem|move: Substitute|[weak]
|move|p1a: Jirachi|Iron Head|p2a: Kyurem
|-supereffective|p2a: Kyurem
|-damage|p2a: Kyurem|0 fnt
|faint|p2a: Kyurem
|
|win|strictsceptile1
|raw|strictsceptile1's rating: 1302 &rarr; <strong>1324</strong><br />(+22 for winning)
|raw|Silexius's rating: 1336 &rarr; <strong>1314</strong><br />(-22 for losing)
|c|☆Silexius|gg
|c|☆Silexius|did not play that well
