|j|☆Papandreou
|j|☆Shoka
|player|p1|Papandreou|51
|player|p2|Shoka|226
|teamsize|p1|6
|teamsize|p2|6
|gametype|singles
|gen|5
|tier|[Gen 5] OU
|rated|
|rule|Sleep Clause Mod: Limit one foe put to sleep
|rule|Species Clause: Limit one of each Pokémon
|rule|OHKO Clause: OHKO moves are banned
|rule|Moody Clause: Moody is banned
|rule|Evasion Moves Clause: Evasion moves are banned
|rule|Endless Battle Clause: Forcing endless battles is banned
|rule|HP Percentage Mod: HP is shown in percentages
|rule|Evasion Abilities Clause: Evasion abilities are banned
|rule|Baton Pass Clause: Limit one Baton Passer, can't pass Spe and other stats simultaneously
|rule|Swagger Clause: Swagger is banned
|clearpoke
|poke|p1|Tyranitar, F|item
|poke|p1|Slowbro, F|item
|poke|p1|Amoonguss, F|item
|poke|p1|Terrakion|item
|poke|p1|Excadrill, M|item
|poke|p1|Landorus-Therian, M|item
|poke|p2|Tyranitar, M|item
|poke|p2|Terrakion|item
|poke|p2|Landorus-Therian, M|item
|poke|p2|Excadrill, M|item
|poke|p2|Amoonguss, M|item
|poke|p2|Slowbro, M|item
|teampreview
|c|☆Papandreou|lmao
|c|☆Shoka|dont do that to me
|c|☆Papandreou|i was searching for a while
|c|☆Shoka|lmao
|c|☆Shoka|let me look
|c|☆Shoka|how much points you can give me
|c|☆Shoka|uh
|c|☆Papandreou|luckily idc about bw points
|c|☆Shoka|enough to be first in the ranking
|c|☆Shoka|goood
|c|☆Shoka|hf
|c|☆Papandreou|u2
|
|start
|switch|p1a: Amoonguss|Amoonguss, F|100/100
|switch|p2a: Landorus|Landorus-Therian, M|100/100
|-ability|p2a: Landorus|Intimidate|boost
|-unboost|p1a: Amoonguss|atk|1
|turn|1
|
|move|p2a: Landorus|U-turn|p1a: Amoonguss
|-damage|p1a: Amoonguss|71/100
|
|switch|p2a: Amoonguss|Amoonguss, M, shiny|100/100
|move|p1a: Amoonguss|Spore|p2a: Amoonguss
|-status|p2a: Amoonguss|slp
|
|-heal|p1a: Amoonguss|77/100|[from] item: Black Sludge
|upkeep
|turn|2
|
|switch|p2a: Landorus|Landorus-Therian, M|100/100
|-ability|p2a: Landorus|Intimidate|boost
|-unboost|p1a: Amoonguss|atk|1
|move|p1a: Amoonguss|Giga Drain|p2a: Landorus
|-damage|p2a: Landorus|69/100
|-heal|p1a: Amoonguss|89/100|[from] drain|[of] p2a: Landorus
|
|-heal|p1a: Amoonguss|95/100|[from] item: Black Sludge
|upkeep
|turn|3
|
|move|p2a: Landorus|U-turn|p1a: Amoonguss
|-damage|p1a: Amoonguss|68/100
|
|switch|p2a: Amoonguss|Amoonguss, M, shiny|100/100 slp
|move|p1a: Amoonguss|Giga Drain|p2a: Amoonguss
|-resisted|p2a: Amoonguss
|-damage|p2a: Amoonguss|97/100 slp
|-heal|p1a: Amoonguss|70/100|[from] drain|[of] p2a: Amoonguss
|
|-heal|p2a: Amoonguss|100/100 slp|[from] item: Black Sludge
|-heal|p1a: Amoonguss|76/100|[from] item: Black Sludge
|upkeep
|turn|4
|j| james434
|
|cant|p2a: Amoonguss|slp
|move|p2a: Amoonguss|Sleep Talk|p2a: Amoonguss
|move|p2a: Amoonguss|Spore|p1a: Amoonguss|[from]Sleep Talk
|-status|p1a: Amoonguss|slp
|cant|p1a: Amoonguss|slp
|
|-heal|p1a: Amoonguss|82/100 slp|[from] item: Black Sludge
|upkeep
|turn|5
|c| james434|lol
|c|☆Shoka|y
|c|☆Papandreou|yeah...
|c|☆Shoka|i hate him
|c|☆Papandreou|hey i was first
|c|☆Shoka|stfu
|c|☆Shoka|i hate u
|
|switch|p2a: Slowbro|Slowbro, M, shiny|100/100
|switch|p1a: Excadrill|Excadrill, M|100/100
|-ability|p1a: Excadrill|Mold Breaker
|
|upkeep
|turn|6
|
|move|p1a: Excadrill|Toxic|p2a: Slowbro
|-status|p2a: Slowbro|tox
|move|p2a: Slowbro|Scald|p1a: Excadrill
|-supereffective|p1a: Excadrill
|-damage|p1a: Excadrill|45/100
|
|-heal|p1a: Excadrill|51/100|[from] item: Leftovers
|-damage|p2a: Slowbro|94/100 tox|[from] psn
|upkeep
|turn|7
|
|switch|p2a: Terrakion|Terrakion|100/100
|move|p1a: Excadrill|Protect||[still]
|-fail|p1a: Excadrill
|
|-heal|p1a: Excadrill|58/100|[from] item: Leftovers
|upkeep
|turn|8
|
|move|p1a: Excadrill|Protect|p1a: Excadrill
|-singleturn|p1a: Excadrill|Protect
|move|p2a: Terrakion|Close Combat|p1a: Excadrill
|-activate|p1a: Excadrill|move: Protect
|
|-heal|p1a: Excadrill|64/100|[from] item: Leftovers
|upkeep
|turn|9
|c|☆Papandreou|see if you ran sd now
|
|switch|p1a: Landorus|Landorus-Therian, M|100/100
|-ability|p1a: Landorus|Intimidate|boost
|-unboost|p2a: Terrakion|atk|1
|move|p2a: Terrakion|Close Combat|p1a: Landorus
|-resisted|p1a: Landorus
|-damage|p1a: Landorus|61/100
|-unboost|p2a: Terrakion|def|1
|-unboost|p2a: Terrakion|spd|1
|
|upkeep
|turn|10
|
|move|p1a: Landorus|U-turn|p2a: Terrakion
|-resisted|p2a: Terrakion
|-damage|p2a: Terrakion|77/100
|
|switch|p1a: Slowbro|Slowbro, F|100/100
|move|p2a: Terrakion|Close Combat|p1a: Slowbro
|-resisted|p1a: Slowbro
|-damage|p1a: Slowbro|83/100
|-unboost|p2a: Terrakion|def|1
|-unboost|p2a: Terrakion|spd|1
|
|-heal|p1a: Slowbro|89/100|[from] item: Leftovers
|upkeep
|turn|11
|
|switch|p2a: Slowbro|Slowbro, M, shiny|100/100 tox
|move|p1a: Slowbro|Scald|p2a: Slowbro
|-resisted|p2a: Slowbro
|-damage|p2a: Slowbro|86/100 tox
|
|-heal|p1a: Slowbro|95/100|[from] item: Leftovers
|-damage|p2a: Slowbro|80/100 tox|[from] psn
|upkeep
|turn|12
|
|switch|p1a: Tyranitar|Tyranitar, F|100/100
|-weather|Sandstorm|[from] ability: Sand Stream|[of] p1a: Tyranitar
|move|p2a: Slowbro|Scald|p1a: Tyranitar
|-supereffective|p1a: Tyranitar
|-damage|p1a: Tyranitar|72/100
|-status|p1a: Tyranitar|brn
|
|-weather|Sandstorm|[upkeep]
|-damage|p2a: Slowbro|74/100 tox|[from] Sandstorm
|-damage|p1a: Tyranitar|59/100 brn|[from] brn
|-damage|p2a: Slowbro|62/100 tox|[from] psn
|upkeep
|turn|13
|c|☆Shoka|dang
|
|switch|p2a: Landorus|Landorus-Therian, M|69/100
|-ability|p2a: Landorus|Intimidate|boost
|-unboost|p1a: Tyranitar|atk|1
|move|p1a: Tyranitar|Stealth Rock|p2a: Landorus
|-sidestart|p2: Shoka|move: Stealth Rock
|
|-weather|Sandstorm|[upkeep]
|-damage|p1a: Tyranitar|47/100 brn|[from] brn
|upkeep
|turn|14
|
|switch|p1a: Slowbro|Slowbro, F|100/100
|move|p2a: Landorus|U-turn|p1a: Slowbro
|-supereffective|p1a: Slowbro
|-damage|p1a: Slowbro|67/100
|
|switch|p2a: Tyranitar|Tyranitar, M, shiny|100/100
|-damage|p2a: Tyranitar|88/100|[from] Stealth Rock
|
|-weather|Sandstorm|[upkeep]
|-damage|p1a: Slowbro|61/100|[from] Sandstorm
|-heal|p1a: Slowbro|67/100|[from] item: Leftovers
|upkeep
|turn|15
|
|switch|p1a: Terrakion|Terrakion|100/100
|move|p2a: Tyranitar|Stealth Rock|p1a: Terrakion
|-sidestart|p1: Papandreou|move: Stealth Rock
|
|-weather|Sandstorm|[upkeep]
|upkeep
|turn|16
|
|switch|p2a: Excadrill|Excadrill, M|100/100
|-damage|p2a: Excadrill|97/100|[from] Stealth Rock
|move|p1a: Terrakion|Close Combat|p2a: Excadrill
|-supereffective|p2a: Excadrill
|-crit|p2a: Excadrill
|-damage|p2a: Excadrill|0 fnt
|-unboost|p1a: Terrakion|def|1
|-unboost|p1a: Terrakion|spd|1
|faint|p2a: Excadrill
|
|-weather|Sandstorm|[upkeep]
|upkeep
|j| Empyreal Paradigm
|c|☆Shoka|i fucking
|c|☆Shoka|hate u
|c|☆Shoka|badly
|c|☆Shoka|hate u
|c|☆Papandreou|:(
|
|switch|p2a: Terrakion|Terrakion|77/100
|-damage|p2a: Terrakion|71/100|[from] Stealth Rock
|turn|17
|
|switch|p1a: Slowbro|Slowbro, F|100/100
|-damage|p1a: Slowbro|88/100|[from] Stealth Rock
|move|p2a: Terrakion|Stone Edge|p1a: Slowbro|[miss]
|-miss|p2a: Terrakion|p1a: Slowbro
|
|-weather|Sandstorm|[upkeep]
|-damage|p1a: Slowbro|82/100|[from] Sandstorm
|-heal|p1a: Slowbro|88/100|[from] item: Leftovers
|upkeep
|turn|18
|c|☆Papandreou|madman
|
|switch|p2a: Slowbro|Slowbro, M, shiny|95/100 tox
|-damage|p2a: Slowbro|82/100 tox|[from] Stealth Rock
|switch|p1a: Excadrill|Excadrill, M|64/100
|-damage|p1a: Excadrill|61/100|[from] Stealth Rock
|-ability|p1a: Excadrill|Mold Breaker
|
|-weather|Sandstorm|[upkeep]
|-damage|p2a: Slowbro|76/100 tox|[from] Sandstorm
|-heal|p1a: Excadrill|67/100|[from] item: Leftovers
|-damage|p2a: Slowbro|70/100 tox|[from] psn
|upkeep
|turn|19
|
|move|p1a: Excadrill|Protect|p1a: Excadrill
|-singleturn|p1a: Excadrill|Protect
|move|p2a: Slowbro|Slack Off|p2a: Slowbro
|-heal|p2a: Slowbro|100/100 tox
|
|-weather|Sandstorm|[upkeep]
|-damage|p2a: Slowbro|94/100 tox|[from] Sandstorm
|-heal|p1a: Excadrill|73/100|[from] item: Leftovers
|-damage|p2a: Slowbro|82/100 tox|[from] psn
|upkeep
|turn|20
|
|switch|p1a: Amoonguss|Amoonguss, F|100/100 slp
|-damage|p1a: Amoonguss|88/100 slp|[from] Stealth Rock
|move|p2a: Slowbro|Fire Blast|p1a: Amoonguss
|-supereffective|p1a: Amoonguss
|-crit|p1a: Amoonguss
|-damage|p1a: Amoonguss|5/100 slp
|
|-weather|Sandstorm|[upkeep]
|-damage|p2a: Slowbro|76/100 tox|[from] Sandstorm
|-damage|p1a: Amoonguss|0 fnt|[from] Sandstorm
|-damage|p2a: Slowbro|58/100 tox|[from] psn
|upkeep
|faint|p1a: Amoonguss
|c|☆Papandreou|:(
|c|☆Papandreou|thats rude
|c|☆Shoka|n
|c|☆Shoka|slowbro is as angry as me
|c|☆Papandreou|lmao
|
|switch|p1a: Excadrill|Excadrill, M|73/100
|-damage|p1a: Excadrill|70/100|[from] Stealth Rock
|-ability|p1a: Excadrill|Mold Breaker
|turn|21
|
|move|p1a: Excadrill|Rapid Spin|p2a: Slowbro
|-damage|p2a: Slowbro|54/100 tox
|-damage|p1a: Excadrill|54/100|[from] item: Rocky Helmet|[of] p2a: Slowbro
|-sideend|p1: Papandreou|Stealth Rock|[from] move: Rapid Spin|[of] p1a: Excadrill
|move|p2a: Slowbro|Fire Blast|p1a: Excadrill
|-supereffective|p1a: Excadrill
|-damage|p1a: Excadrill|4/100
|
|-weather|Sandstorm|[upkeep]
|-damage|p2a: Slowbro|48/100 tox|[from] Sandstorm
|-heal|p1a: Excadrill|10/100|[from] item: Leftovers
|-damage|p2a: Slowbro|23/100 tox|[from] psn
|upkeep
|turn|22
|c|☆Papandreou|oh its helmet
|c|☆Papandreou|should have noticed
|
|switch|p2a: Landorus|Landorus-Therian, M|69/100
|-damage|p2a: Landorus|57/100|[from] Stealth Rock
|-ability|p2a: Landorus|Intimidate|boost
|-unboost|p1a: Excadrill|atk|1
|move|p1a: Excadrill|Earthquake|p2a: Landorus
|-immune|p2a: Landorus
|
|-weather|Sandstorm|[upkeep]
|-heal|p1a: Excadrill|17/100|[from] item: Leftovers
|upkeep
|turn|23
|
|move|p1a: Excadrill|Protect|p1a: Excadrill
|-singleturn|p1a: Excadrill|Protect
|move|p2a: Landorus|Earthquake|p1a: Excadrill
|-activate|p1a: Excadrill|move: Protect
|
|-weather|Sandstorm|[upkeep]
|-heal|p1a: Excadrill|23/100|[from] item: Leftovers
|upkeep
|turn|24
|
|switch|p1a: Landorus|Landorus-Therian, M|61/100
|-ability|p1a: Landorus|Intimidate|boost
|-unboost|p2a: Landorus|atk|1
|move|p2a: Landorus|Hidden Power|p1a: Landorus
|-supereffective|p1a: Landorus
|-damage|p1a: Landorus|0 fnt
|faint|p1a: Landorus
|
|-weather|Sandstorm|[upkeep]
|upkeep
|c|☆Shoka|not
|c|☆Papandreou|what
|c|☆Shoka|with me
|c|☆Papandreou|ok thats cheating
|c|☆Papandreou|why isnt it scarf lando
|j| asdmp
|
|switch|p1a: Terrakion|Terrakion|100/100
|turn|25
|c|☆Papandreou|now im really confused
|c|☆Shoka|rn
|c| asdmp|wtf?
|c|☆Shoka|im afraid
|c| james434|it's the original draft
|c| asdmp|similar team?
|c|☆Shoka|of this
|c| asdmp|LOL
|
|switch|p2a: Terrakion|Terrakion|71/100
|-damage|p2a: Terrakion|65/100|[from] Stealth Rock
|move|p1a: Terrakion|Stone Edge|p2a: Terrakion|[miss]
|-miss|p1a: Terrakion|p2a: Terrakion
|
|-weather|Sandstorm|[upkeep]
|upkeep
|turn|26
|c|☆Shoka|im going for the tie dude
|c|☆Papandreou|guess this is scarf then?
|
|switch|p1a: Slowbro|Slowbro, F|100/100
|move|p2a: Terrakion|Close Combat|p1a: Slowbro
|-resisted|p1a: Slowbro
|-damage|p1a: Slowbro|75/100
|-unboost|p2a: Terrakion|def|1
|-unboost|p2a: Terrakion|spd|1
|
|-weather|Sandstorm|[upkeep]
|-damage|p1a: Slowbro|69/100|[from] Sandstorm
|-heal|p1a: Slowbro|75/100|[from] item: Leftovers
|upkeep
|turn|27
|c|☆Papandreou|hmm
|c|☆Papandreou|thats band too
|c|☆Papandreou|i have no idea
|
|move|p2a: Terrakion|Close Combat|p1a: Slowbro
|-resisted|p1a: Slowbro
|-damage|p1a: Slowbro|50/100
|-unboost|p2a: Terrakion|def|1
|-unboost|p2a: Terrakion|spd|1
|move|p1a: Slowbro|Fire Blast|p2a: Terrakion
|-resisted|p2a: Terrakion
|-damage|p2a: Terrakion|45/100
|
|-weather|Sandstorm|[upkeep]
|-damage|p1a: Slowbro|44/100|[from] Sandstorm
|-heal|p1a: Slowbro|50/100|[from] item: Leftovers
|upkeep
|turn|28
|c|☆Shoka|good lord
|c| asdmp|doesnt volcarona destroy this team though by the way
|c|☆Papandreou|i wanna
|c|☆Papandreou|crit you too
|c|☆Shoka|no
|c|☆Papandreou|nah you got terrak in sand
|c|☆Papandreou|its alright
|
|switch|p2a: Amoonguss|Amoonguss, M, shiny|100/100 slp
|-damage|p2a: Amoonguss|88/100 slp|[from] Stealth Rock
|switch|p1a: Terrakion|Terrakion|100/100
|
|-weather|Sandstorm|[upkeep]
|-damage|p2a: Amoonguss|82/100 slp|[from] Sandstorm
|-heal|p2a: Amoonguss|88/100 slp|[from] item: Black Sludge
|upkeep
|turn|29
|c| asdmp|ohyea
|c|☆Papandreou|god im a madman
|c|☆Shoka|LETS GO AMOONGUSS
|c|☆Shoka|PULL THE SPORE
|
|move|p1a: Terrakion|Stone Edge|p2a: Amoonguss
|-damage|p2a: Amoonguss|19/100 slp
|cant|p2a: Amoonguss|slp
|move|p2a: Amoonguss|Sleep Talk|p2a: Amoonguss
|move|p2a: Amoonguss|Giga Drain|p1a: Terrakion|[from]Sleep Talk
|-supereffective|p1a: Terrakion
|-damage|p1a: Terrakion|63/100
|-heal|p2a: Amoonguss|34/100 slp|[from] drain|[of] p1a: Terrakion
|
|-weather|Sandstorm|[upkeep]
|-damage|p2a: Amoonguss|28/100 slp|[from] Sandstorm
|-heal|p2a: Amoonguss|34/100 slp|[from] item: Black Sludge
|upkeep
|turn|30
|c|☆Shoka|useless
|c|☆Shoka|idiot
|c|☆Papandreou|why does that live anyway
|c| Empyreal Paradigm|it only had one job,,,
|
|move|p1a: Terrakion|Stone Edge|p2a: Amoonguss
|-damage|p2a: Amoonguss|0 fnt
|faint|p2a: Amoonguss
|
|-weather|Sandstorm|[upkeep]
|upkeep
|c| Empyreal Paradigm|what a badly trained amoonguss.
|
|switch|p2a: Terrakion|Terrakion|45/100
|-damage|p2a: Terrakion|39/100|[from] Stealth Rock
|turn|31
|
|switch|p1a: Tyranitar|Tyranitar, F|47/100 brn
|move|p2a: Terrakion|Stone Edge|p1a: Tyranitar
|-damage|p1a: Tyranitar|0 fnt
|faint|p1a: Tyranitar
|
|-weather|Sandstorm|[upkeep]
|upkeep
|
|switch|p1a: Terrakion|Terrakion|63/100
|turn|32
|
|switch|p2a: Slowbro|Slowbro, M, shiny|57/100 tox
|-damage|p2a: Slowbro|44/100 tox|[from] Stealth Rock
|move|p1a: Terrakion|Close Combat|p2a: Slowbro
|-resisted|p2a: Slowbro
|-damage|p2a: Slowbro|15/100 tox
|-damage|p1a: Terrakion|47/100|[from] item: Rocky Helmet|[of] p2a: Slowbro
|-unboost|p1a: Terrakion|def|1
|-unboost|p1a: Terrakion|spd|1
|
|-weather|Sandstorm|[upkeep]
|-damage|p2a: Slowbro|9/100 tox|[from] Sandstorm
|-damage|p2a: Slowbro|3/100 tox|[from] psn
|upkeep
|turn|33
|
|move|p1a: Terrakion|Close Combat|p2a: Slowbro
|-resisted|p2a: Slowbro
|-damage|p2a: Slowbro|0 fnt
|-damage|p1a: Terrakion|31/100|[from] item: Rocky Helmet|[of] p2a: Slowbro
|-unboost|p1a: Terrakion|def|1
|-unboost|p1a: Terrakion|spd|1
|faint|p2a: Slowbro
|
|-weather|Sandstorm|[upkeep]
|upkeep
|c|☆Shoka|time to calc
|c|☆Shoka|things
|c|☆Papandreou|oh does dice run scarf drill maybe
|c|☆Papandreou|thats so silly
|
|switch|p2a: Landorus|Landorus-Therian, M|57/100
|-damage|p2a: Landorus|45/100|[from] Stealth Rock
|-ability|p2a: Landorus|Intimidate|boost
|-unboost|p1a: Terrakion|atk|1
|turn|34
|c|☆Shoka|lets go champ
|c|☆Shoka|u can do this
|c|☆Shoka|i believe in u
|c|☆Shoka|crit that
|c|☆Shoka|slowbro
|
|switch|p1a: Excadrill|Excadrill, M|23/100
|-ability|p1a: Excadrill|Mold Breaker
|move|p2a: Landorus|Earthquake|p1a: Excadrill
|-supereffective|p1a: Excadrill
|-damage|p1a: Excadrill|0 fnt
|faint|p1a: Excadrill
|
|-weather|Sandstorm|[upkeep]
|upkeep
|c|☆Shoka|anyway
|c|☆Shoka|this is going to end
|c|☆Shoka|with
|
|switch|p1a: Terrakion|Terrakion|31/100
|turn|35
|c|☆Shoka|a tie
|c|☆Papandreou|yh likely
|c|☆Papandreou|but one of us will miss
|c|☆Papandreou|a stone edge
|c|☆Papandreou|probably me
|c|☆Shoka|u will miss
|c|☆Papandreou|but you crit me already
|c|☆Shoka|i can feel it
|c|☆Papandreou|so now i will hit
|c|☆Papandreou|thats how it works right
|c|☆Shoka|n man
|c|☆Shoka|u hit already 3
|c|☆Shoka|3
|c|☆Shoka|thats too much
|
|move|p1a: Terrakion|Stone Edge|p2a: Landorus
|-damage|p2a: Landorus|0 fnt
|faint|p2a: Landorus
|
|-weather|Sandstorm|[upkeep]
|upkeep
|
|switch|p2a: Terrakion|Terrakion|39/100
|-damage|p2a: Terrakion|33/100|[from] Stealth Rock
|turn|36
|c|☆Shoka|lol
|c|☆Shoka|it really is
|c|☆Shoka|a 5050
|c|☆Papandreou|is it
|l| asdmp
|c|☆Shoka|how did this guy leave
|c|☆Shoka|he has no heart
|c|☆Papandreou|he cant watch
|c|☆Papandreou|its too exciting
|c|☆Shoka|lmao
|c|☆Shoka|click ur move
|c|☆Shoka|already
|
|move|p2a: Terrakion|Stone Edge|p1a: Terrakion
|-resisted|p1a: Terrakion
|-damage|p1a: Terrakion|0 fnt
|faint|p1a: Terrakion
|
|-weather|Sandstorm|[upkeep]
|upkeep
|c|☆Shoka|i cant breath
|c|☆Papandreou|fine
|
|switch|p1a: Slowbro|Slowbro, F|83/100
|turn|37
|c|☆Shoka|mmh
|c|☆Shoka|idk
|c|☆Shoka|what to do
|
|move|p2a: Terrakion|Stone Edge|p1a: Slowbro
|-damage|p1a: Slowbro|41/100
|move|p1a: Slowbro|Thunder Wave|p2a: Terrakion
|-status|p2a: Terrakion|par
|
|-weather|Sandstorm|[upkeep]
|-damage|p1a: Slowbro|35/100|[from] Sandstorm
|-heal|p1a: Slowbro|41/100|[from] item: Leftovers
|upkeep
|turn|38
|
|switch|p2a: Tyranitar|Tyranitar, M, shiny|88/100
|-damage|p2a: Tyranitar|76/100|[from] Stealth Rock
|move|p1a: Slowbro|Slack Off|p1a: Slowbro
|-heal|p1a: Slowbro|91/100
|
|-weather|Sandstorm|[upkeep]
|-damage|p1a: Slowbro|85/100|[from] Sandstorm
|-heal|p1a: Slowbro|91/100|[from] item: Leftovers
|upkeep
|turn|39
|
|move|p2a: Tyranitar|Crunch|p1a: Slowbro
|-supereffective|p1a: Slowbro
|-damage|p1a: Slowbro|40/100
|move|p1a: Slowbro|Thunder Wave|p2a: Tyranitar
|-status|p2a: Tyranitar|par
|
|-weather|Sandstorm|[upkeep]
|-damage|p1a: Slowbro|34/100|[from] Sandstorm
|-heal|p1a: Slowbro|40/100|[from] item: Leftovers
|upkeep
|turn|40
|c|☆Papandreou|you have to
|c|☆Shoka|ok brother
|c|☆Papandreou|fp
|c|☆Shoka|u can
|c|☆Shoka|to defense fell
|
|move|p1a: Slowbro|Slack Off|p1a: Slowbro
|-heal|p1a: Slowbro|91/100
|move|p2a: Tyranitar|Crunch|p1a: Slowbro
|-supereffective|p1a: Slowbro
|-damage|p1a: Slowbro|44/100
|
|-weather|Sandstorm|[upkeep]
|-damage|p1a: Slowbro|38/100|[from] Sandstorm
|-heal|p1a: Slowbro|44/100|[from] item: Leftovers
|upkeep
|turn|41
|
|move|p1a: Slowbro|Slack Off|p1a: Slowbro
|-heal|p1a: Slowbro|94/100
|move|p2a: Tyranitar|Crunch|p1a: Slowbro
|-supereffective|p1a: Slowbro
|-damage|p1a: Slowbro|45/100
|
|-weather|Sandstorm|[upkeep]
|-damage|p1a: Slowbro|39/100|[from] Sandstorm
|-heal|p1a: Slowbro|45/100|[from] item: Leftovers
|upkeep
|turn|42
|
|move|p1a: Slowbro|Slack Off|p1a: Slowbro
|-heal|p1a: Slowbro|95/100
|move|p2a: Tyranitar|Crunch|p1a: Slowbro
|-supereffective|p1a: Slowbro
|-damage|p1a: Slowbro|49/100
|
|-weather|Sandstorm|[upkeep]
|-damage|p1a: Slowbro|43/100|[from] Sandstorm
|-heal|p1a: Slowbro|49/100|[from] item: Leftovers
|upkeep
|turn|43
|
|move|p1a: Slowbro|Slack Off|p1a: Slowbro
|-heal|p1a: Slowbro|99/100
|move|p2a: Tyranitar|Crunch|p1a: Slowbro
|-supereffective|p1a: Slowbro
|-damage|p1a: Slowbro|52/100
|-unboost|p1a: Slowbro|def|1
|
|-weather|Sandstorm|[upkeep]
|-damage|p1a: Slowbro|46/100|[from] Sandstorm
|-heal|p1a: Slowbro|52/100|[from] item: Leftovers
|upkeep
|turn|44
|c|☆Shoka|LETS GO
|c|☆Papandreou|uh oh
|c|☆Papandreou|not good
|
|move|p1a: Slowbro|Slack Off|p1a: Slowbro
|-heal|p1a: Slowbro|100/100
|move|p2a: Tyranitar|Crunch|p1a: Slowbro
|-supereffective|p1a: Slowbro
|-damage|p1a: Slowbro|30/100
|-unboost|p1a: Slowbro|def|1
|
|-weather|Sandstorm|[upkeep]
|-damage|p1a: Slowbro|24/100|[from] Sandstorm
|-heal|p1a: Slowbro|30/100|[from] item: Leftovers
|upkeep
|turn|45
|c|☆Shoka|done
|
|move|p1a: Slowbro|Scald|p2a: Tyranitar
|-supereffective|p2a: Tyranitar
|-damage|p2a: Tyranitar|48/100 par
|move|p2a: Tyranitar|Crunch|p1a: Slowbro
|-supereffective|p1a: Slowbro
|-damage|p1a: Slowbro|0 fnt
|faint|p1a: Slowbro
|
|win|Shoka
|raw|Papandreou's rating: 1424 &rarr; <strong>1411</strong><br />(-13 for losing)
|raw|Shoka's rating: 1561 &rarr; <strong>1573</strong><br />(+12 for winning)
|c|☆Papandreou|lucky shoka as always
|c|☆Shoka|gg man
|c|☆Shoka|lmao
|c|☆Papandreou|gg
|c|☆Shoka|shut up
|c|☆Shoka|sorry sergi
|c|☆Shoka|took ur place
|l|☆Shoka
|c| james434|insane game
