|j|☆merpmeowmerp
|j|☆MoonmanToTheTop
|t:|1711488732
|gametype|singles
|player|p1|merpmeowmerp|fairytalegirl|1394
|player|p2|MoonmanToTheTop|lucas|1541
|teamsize|p1|6
|teamsize|p2|6
|gen|5
|tier|[Gen 5] OU
|rated|
|rule|Species Clause: Limit one of each Pokémon
|rule|OHKO Clause: OHKO moves are banned
|rule|Moody Clause: Moody is banned
|rule|Evasion Items Clause: Evasion items are banned
|rule|Evasion Moves Clause: Evasion moves are banned
|rule|Endless Battle Clause: Forcing endless battles is banned
|rule|HP Percentage Mod: HP is shown in percentages
|rule|Evasion Abilities Clause: Evasion abilities are banned
|rule|Sleep Moves Clause: Sleep-inducing moves are banned
|rule|Swagger Clause: Swagger is banned
|rule|Baton Pass Stat Clause: No Baton Passer may have a way to boost its stats
|clearpoke
|poke|p1|Garchomp, F|item
|poke|p1|Abomasnow, M|item
|poke|p1|Victini|item
|poke|p1|Starmie|item
|poke|p1|Scizor, M|item
|poke|p1|Kyurem-Black|item
|poke|p2|Politoed, M|item
|poke|p2|Lapras, M|item
|poke|p2|Starmie|item
|poke|p2|Lanturn, M|item
|poke|p2|Empoleon, M|item
|poke|p2|Gyarados, M|item
|teampreview
|inactive|Battle timer is ON: inactive players will automatically lose when time's up. (requested by merpmeowmerp)
|
|t:|1711488738
|start
|switch|p1a: Scizor|Scizor, M|100/100
|switch|p2a: Empoleon|Empoleon, M, shiny|100/100
|turn|1
|c|☆merpmeowmerp|oh oh
|
|t:|1711488744
|move|p1a: Scizor|Superpower|p2a: Empoleon
|-supereffective|p2a: Empoleon
|-enditem|p2a: Empoleon|Focus Sash
|-damage|p2a: Empoleon|1/100
|-unboost|p1a: Scizor|atk|1
|-unboost|p1a: Scizor|def|1
|move|p2a: Empoleon|Stealth Rock|p1a: Scizor
|-sidestart|p1: merpmeowmerp|move: Stealth Rock
|
|upkeep
|turn|2
|
|t:|1711488747
|move|p1a: Scizor|Superpower|p2a: Empoleon
|-supereffective|p2a: Empoleon
|-damage|p2a: Empoleon|0 fnt
|-unboost|p1a: Scizor|atk|1
|-unboost|p1a: Scizor|def|1
|faint|p2a: Empoleon
|
|upkeep
|
|t:|1711488749
|switch|p2a: Gyarados|Gyarados, M|100/100
|-ability|p2a: Gyarados|Intimidate|boost
|-unboost|p1a: Scizor|atk|1
|turn|3
|
|t:|1711488756
|switch|p1a: Kyurem|Kyurem-Black|100/100
|-damage|p1a: Kyurem|76/100|[from] Stealth Rock
|-ability|p1a: Kyurem|Teravolt
|move|p2a: Gyarados|Dragon Dance|p2a: Gyarados
|-boost|p2a: Gyarados|atk|1
|-boost|p2a: Gyarados|spe|1
|
|-heal|p1a: Kyurem|82/100|[from] item: Leftovers
|upkeep
|turn|4
|
|t:|1711488766
|move|p2a: Gyarados|Bounce||[still]
|-prepare|p2a: Gyarados|Bounce
|move|p1a: Kyurem|Fusion Bolt|p2a: Gyarados|[miss]
|-miss|p1a: Kyurem|p2a: Gyarados
|
|-heal|p1a: Kyurem|88/100|[from] item: Leftovers
|upkeep
|turn|5
|
|t:|1711488789
|move|p2a: Gyarados|Bounce|p1a: Kyurem|[from]lockedmove
|-damage|p1a: Kyurem|24/100
|-status|p1a: Kyurem|par
|move|p1a: Kyurem|Fusion Bolt|p2a: Gyarados
|-supereffective|p2a: Gyarados
|-damage|p2a: Gyarados|0 fnt
|faint|p2a: Gyarados
|
|-heal|p1a: Kyurem|30/100 par|[from] item: Leftovers
|upkeep
|
|t:|1711488799
|switch|p2a: Starmie|Starmie|100/100
|turn|6
|
|t:|1711488807
|move|p2a: Starmie|Ice Beam|p1a: Kyurem
|-damage|p1a: Kyurem|0 fnt
|faint|p1a: Kyurem
|-damage|p2a: Starmie|91/100|[from] item: Life Orb
|
|upkeep
|
|t:|1711488817
|switch|p1a: Scizor|Scizor, M|100/100
|-damage|p1a: Scizor|88/100|[from] Stealth Rock
|turn|7
|
|t:|1711488819
|switch|p2a: Politoed|Politoed, M, shiny|100/100
|-weather|RainDance|[from] ability: Drizzle|[of] p2a: Politoed
|move|p1a: Scizor|U-turn|p2a: Politoed
|-damage|p2a: Politoed|52/100
|
|t:|1711488830
|switch|p1a: Abomasnow|Abomasnow, M|100/100|[from] U-turn
|-damage|p1a: Abomasnow|76/100|[from] Stealth Rock
|-weather|Hail|[from] ability: Snow Warning|[of] p1a: Abomasnow
|
|-weather|Hail|[upkeep]
|-damage|p2a: Politoed|46/100|[from] Hail
|upkeep
|turn|8
|
|t:|1711488843
|move|p2a: Politoed|Ice Beam|p1a: Abomasnow
|-damage|p1a: Abomasnow|43/100
|move|p1a: Abomasnow|Wood Hammer|p2a: Politoed
|-supereffective|p2a: Politoed
|-damage|p2a: Politoed|0 fnt
|faint|p2a: Politoed
|-damage|p1a: Abomasnow|29/100|[from] Recoil
|
|-weather|Hail|[upkeep]
|upkeep
|
|t:|1711488848
|switch|p2a: Starmie|Starmie|91/100
|turn|9
|
|t:|1711488856
|move|p2a: Starmie|Ice Beam|p1a: Abomasnow
|-damage|p1a: Abomasnow|0 fnt
|faint|p1a: Abomasnow
|-damage|p2a: Starmie|81/100|[from] item: Life Orb
|
|-weather|Hail|[upkeep]
|-damage|p2a: Starmie|74/100|[from] Hail
|upkeep
|
|t:|1711488859
|switch|p1a: Scizor|Scizor, M|88/100
|-damage|p1a: Scizor|76/100|[from] Stealth Rock
|turn|10
|
|t:|1711488866
|move|p1a: Scizor|U-turn|p2a: Starmie
|-supereffective|p2a: Starmie
|-damage|p2a: Starmie|0 fnt
|faint|p2a: Starmie
|c|☆merpmeowmerp|no vr reqs for you
|
|t:|1711488881
|switch|p1a: Victini|Victini|100/100|[from] U-turn
|-damage|p1a: Victini|76/100|[from] Stealth Rock
|
|-weather|Hail|[upkeep]
|-damage|p1a: Victini|69/100|[from] Hail
|upkeep
|
|t:|1711488889
|switch|p2a: Lanturn|Lanturn, M, shiny|100/100
|turn|11
|
|t:|1711488892
|move|p1a: Victini|V-create|p2a: Lanturn
|-resisted|p2a: Lanturn
|-damage|p2a: Lanturn|41/100
|-unboost|p1a: Victini|spe|1
|-unboost|p1a: Victini|def|1
|-unboost|p1a: Victini|spd|1
|-damage|p1a: Victini|59/100|[from] item: Life Orb
|move|p2a: Lanturn|Agility|p2a: Lanturn
|-boost|p2a: Lanturn|spe|2
|
|-weather|Hail|[upkeep]
|-damage|p2a: Lanturn|35/100|[from] Hail
|-damage|p1a: Victini|53/100|[from] Hail
|-heal|p2a: Lanturn|41/100|[from] item: Leftovers
|upkeep
|turn|12
|
|t:|1711488896
|move|p2a: Lanturn|Surf|p1a: Victini
|-supereffective|p1a: Victini
|-damage|p1a: Victini|0 fnt
|faint|p1a: Victini
|
|-weather|Hail|[upkeep]
|-damage|p2a: Lanturn|35/100|[from] Hail
|-heal|p2a: Lanturn|41/100|[from] item: Leftovers
|upkeep
|
|t:|1711488898
|switch|p1a: Scizor|Scizor, M|76/100
|-damage|p1a: Scizor|63/100|[from] Stealth Rock
|turn|13
|
|t:|1711488904
|move|p2a: Lanturn|Thunder|p1a: Scizor
|-crit|p1a: Scizor
|-damage|p1a: Scizor|0 fnt
|faint|p1a: Scizor
|
|-weather|Hail|[upkeep]
|-damage|p2a: Lanturn|35/100|[from] Hail
|-heal|p2a: Lanturn|41/100|[from] item: Leftovers
|upkeep
|
|t:|1711488910
|switch|p1a: Garchomp|Garchomp, F|100/100
|-damage|p1a: Garchomp|94/100|[from] Stealth Rock
|turn|14
|
|t:|1711488916
|move|p2a: Lanturn|Ice Beam|p1a: Garchomp
|-supereffective|p1a: Garchomp
|-damage|p1a: Garchomp|0 fnt
|faint|p1a: Garchomp
|
|-weather|Hail|[upkeep]
|-damage|p2a: Lanturn|35/100|[from] Hail
|-heal|p2a: Lanturn|41/100|[from] item: Leftovers
|upkeep
|
|t:|1711488919
|switch|p1a: Starmie|Starmie|100/100
|-damage|p1a: Starmie|88/100|[from] Stealth Rock
|-item|p1a: Starmie|Air Balloon
|turn|15
|c|☆merpmeowmerp|damn
|c|☆merpmeowmerp|crit lost me
|c|☆merpmeowmerp|gg
|
|t:|1711488941
|move|p2a: Lanturn|Thunder|p1a: Starmie|[miss]
|-miss|p2a: Lanturn|p1a: Starmie
|move|p1a: Starmie|Hydro Pump|p2a: Lanturn
|-resisted|p2a: Lanturn
|-damage|p2a: Lanturn|9/100
|
|-weather|Hail|[upkeep]
|-damage|p2a: Lanturn|3/100|[from] Hail
|-damage|p1a: Starmie|82/100|[from] Hail
|-heal|p2a: Lanturn|9/100|[from] item: Leftovers
|upkeep
|turn|16
|
|t:|1711488949
|move|p2a: Lanturn|Thunder|p1a: Starmie
|-supereffective|p1a: Starmie
|-damage|p1a: Starmie|0 fnt
|-enditem|p1a: Starmie|Air Balloon
|faint|p1a: Starmie
|
|win|MoonmanToTheTop
|raw|merpmeowmerp's rating: 1394 &rarr; <strong>1382</strong><br />(-12 for losing)
|raw|MoonmanToTheTop's rating: 1541 &rarr; <strong>1553</strong><br />(+12 for winning)
|l|☆merpmeowmerp
|player|p1|
