|j|☆daddy_days2
|j|☆Salutethewolf
|t:|1746550755
|gametype|singles
|player|p1|daddy_days2|benga|1331
|player|p2|Salutethewolf|hugh|1325
|teamsize|p1|6
|teamsize|p2|6
|gen|5
|tier|[Gen 5] OU
|rated|
|rule|Species Clause: Limit one of each Pokémon
|rule|OHKO Clause: OHKO moves are banned
|rule|Moody Clause: Moody is banned
|rule|Evasion Items Clause: Evasion items are banned
|rule|Evasion Moves Clause: Evasion moves are banned
|rule|Endless Battle Clause: Forcing endless battles is banned
|rule|HP Percentage Mod: HP is shown in percentages
|rule|Evasion Abilities Clause: Evasion abilities are banned
|rule|Sleep Moves Clause: Sleep-inducing moves are banned
|rule|Swagger Clause: Swagger is banned
|rule|Baton Pass Stat Clause: No Baton Passer may have a way to boost its stats
|clearpoke
|poke|p1|Kyurem-Black|item
|poke|p1|Garchomp, M|item
|poke|p1|Conkeldurr, F|item
|poke|p1|Starmie|item
|poke|p1|Bisharp, F|item
|poke|p1|Scyther, M|item
|poke|p2|Politoed, F|item
|poke|p2|Breloom, F|item
|poke|p2|Chansey, F|item
|poke|p2|Skarmory, M|item
|poke|p2|Tentacruel, M|item
|poke|p2|Gliscor, F|item
|teampreview
|inactive|Battle timer is ON: inactive players will automatically lose when time's up. (requested by Salutethewolf)
|
|t:|1746550779
|start
|switch|p1a: Insane Dwayne|Kyurem-Black|100/100
|switch|p2a: Politoed|Politoed, F|100/100
|-ability|p1a: Insane Dwayne|Teravolt
|-weather|RainDance|[from] ability: Drizzle|[of] p2a: Politoed
|turn|1
|
|t:|1746550794
|move|p1a: Insane Dwayne|Fusion Bolt|p2a: Politoed
|-supereffective|p2a: Politoed
|-damage|p2a: Politoed|0 fnt
|faint|p2a: Politoed
|
|-weather|RainDance|[upkeep]
|upkeep
|
|t:|1746550807
|switch|p2a: Chansey|Chansey, F|100/100
|turn|2
|
|t:|1746550816
|switch|p1a: Shrekster|Conkeldurr, F|100/100
|move|p2a: Chansey|Toxic|p1a: Shrekster|[miss]
|-miss|p2a: Chansey|p1a: Shrekster
|
|-weather|RainDance|[upkeep]
|upkeep
|turn|3
|
|t:|1746550827
|move|p2a: Chansey|Toxic|p1a: Shrekster
|-status|p1a: Shrekster|tox
|move|p1a: Shrekster|Ice Punch|p2a: Chansey
|-damage|p2a: Chansey|76/100
|
|-weather|RainDance|[upkeep]
|-damage|p1a: Shrekster|94/100 tox|[from] psn
|upkeep
|turn|4
|
|t:|1746550836
|switch|p2a: Gliscor|Gliscor, F|100/100
|move|p1a: Shrekster|Drain Punch|p2a: Gliscor
|-resisted|p2a: Gliscor
|-damage|p2a: Gliscor|78/100
|-heal|p1a: Shrekster|100/100 tox|[from] drain|[of] p2a: Gliscor
|
|-weather|RainDance|[upkeep]
|-damage|p1a: Shrekster|88/100 tox|[from] psn
|-status|p2a: Gliscor|tox|[from] item: Toxic Orb
|upkeep
|turn|5
|
|t:|1746550849
|switch|p1a: Starlight|Starmie|100/100
|move|p2a: Gliscor|Protect||[still]
|-fail|p2a: Gliscor
|
|-weather|RainDance|[upkeep]
|-heal|p2a: Gliscor|91/100 tox|[from] ability: Poison Heal
|upkeep
|turn|6
|
|t:|1746550862
|switch|p2a: Chansey|Chansey, F|76/100
|move|p1a: Starlight|Thunder Wave|p2a: Chansey
|-status|p2a: Chansey|par
|
|-weather|RainDance|[upkeep]
|upkeep
|turn|7
|
|t:|1746550879
|-curestatus|p2a: Chansey|par|[from] ability: Natural Cure
|switch|p2a: Gliscor|Gliscor, F|91/100 tox
|move|p1a: Starlight|Psyshock|p2a: Gliscor
|-damage|p2a: Gliscor|68/100 tox
|
|-weather|RainDance|[upkeep]
|-heal|p2a: Gliscor|80/100 tox|[from] ability: Poison Heal
|upkeep
|turn|8
|
|t:|1746550889
|move|p2a: Gliscor|Protect|p2a: Gliscor
|-singleturn|p2a: Gliscor|Protect
|move|p1a: Starlight|Hydro Pump|p2a: Gliscor
|-activate|p2a: Gliscor|move: Protect
|
|-weather|RainDance|[upkeep]
|-heal|p2a: Gliscor|93/100 tox|[from] ability: Poison Heal
|upkeep
|turn|9
|
|t:|1746550902
|switch|p2a: Chansey|Chansey, F|76/100
|move|p1a: Starlight|Thunder Wave|p2a: Chansey
|-status|p2a: Chansey|par
|
|-weather|RainDance|[upkeep]
|upkeep
|turn|10
|
|t:|1746550911
|move|p1a: Starlight|Hydro Pump|p2a: Chansey|[miss]
|-miss|p1a: Starlight|p2a: Chansey
|move|p2a: Chansey|Toxic|p1a: Starlight
|-status|p1a: Starlight|tox
|
|-weather|RainDance|[upkeep]
|-damage|p1a: Starlight|94/100 tox|[from] psn
|upkeep
|turn|11
|
|t:|1746550922
|-curestatus|p1a: Starlight|tox|[from] ability: Natural Cure
|switch|p1a: Shrekster|Conkeldurr, F|88/100 tox
|move|p2a: Chansey|Soft-Boiled|p2a: Chansey
|-heal|p2a: Chansey|100/100 par
|
|-weather|RainDance|[upkeep]
|-heal|p1a: Shrekster|94/100 tox|[from] item: Leftovers
|-damage|p1a: Shrekster|88/100 tox|[from] psn
|upkeep
|turn|12
|
|t:|1746550933
|-curestatus|p2a: Chansey|par|[from] ability: Natural Cure
|switch|p2a: Skarmory|Skarmory, M|100/100
|move|p1a: Shrekster|Drain Punch|p2a: Skarmory
|-damage|p2a: Skarmory|67/100
|-heal|p1a: Shrekster|100/100 tox|[from] drain|[of] p2a: Skarmory
|-damage|p1a: Shrekster|84/100 tox|[from] item: Rocky Helmet|[of] p2a: Skarmory
|
|-weather|RainDance|[upkeep]
|-heal|p1a: Shrekster|90/100 tox|[from] item: Leftovers
|-damage|p1a: Shrekster|78/100 tox|[from] psn
|upkeep
|turn|13
|
|t:|1746550948
|switch|p2a: Gliscor|Gliscor, F|93/100 tox
|switch|p1a: Starlight|Starmie|94/100
|
|-weather|RainDance|[upkeep]
|-heal|p1a: Starlight|100/100|[from] item: Leftovers
|-heal|p2a: Gliscor|100/100 tox|[from] ability: Poison Heal
|upkeep
|turn|14
|
|t:|1746550959
|switch|p2a: Chansey|Chansey, F|100/100
|move|p1a: Starlight|Psyshock|p2a: Chansey
|-damage|p2a: Chansey|83/100
|
|-weather|RainDance|[upkeep]
|upkeep
|turn|15
|
|t:|1746550970
|move|p1a: Starlight|Thunder Wave|p2a: Chansey
|-status|p2a: Chansey|par
|cant|p2a: Chansey|par
|
|-weather|RainDance|[upkeep]
|upkeep
|turn|16
|
|t:|1746550977
|switch|p1a: Adolf|Bisharp, F|100/100
|-item|p1a: Adolf|Air Balloon
|move|p2a: Chansey|Seismic Toss|p1a: Adolf
|-damage|p1a: Adolf|70/100
|-enditem|p1a: Adolf|Air Balloon
|
|-weather|RainDance|[upkeep]
|upkeep
|turn|17
|
|t:|1746550989
|-activate|p2a: Chansey|move: Pursuit
|move|p1a: Adolf|Pursuit|p2a: Chansey|[from] Pursuit
|-damage|p2a: Chansey|56/100 par
|-curestatus|p2a: Chansey|par|[from] ability: Natural Cure
|switch|p2a: Gliscor|Gliscor, F|100/100 tox
|
|-weather|RainDance|[upkeep]
|upkeep
|turn|18
|
|t:|1746551001
|switch|p1a: Blade|Scyther, M|100/100
|move|p2a: Gliscor|Stealth Rock|p1a: Blade
|-sidestart|p1: daddy_days2|move: Stealth Rock
|
|-weather|RainDance|[upkeep]
|upkeep
|turn|19
|
|t:|1746551008
|move|p2a: Gliscor|Protect|p2a: Gliscor
|-singleturn|p2a: Gliscor|Protect
|move|p1a: Blade|U-turn|p2a: Gliscor
|-activate|p2a: Gliscor|move: Protect
|
|-weather|RainDance|[upkeep]
|upkeep
|turn|20
|
|t:|1746551017
|switch|p1a: Starlight|Starmie|100/100
|-damage|p1a: Starlight|88/100|[from] Stealth Rock
|move|p2a: Gliscor|Earthquake|p1a: Starlight
|-damage|p1a: Starlight|45/100
|
|-weather|RainDance|[upkeep]
|-heal|p1a: Starlight|52/100|[from] item: Leftovers
|upkeep
|turn|21
|
|t:|1746551028
|switch|p2a: Chansey|Chansey, F|56/100
|move|p1a: Starlight|Rapid Spin|p2a: Chansey
|-damage|p2a: Chansey|55/100
|-sideend|p1: daddy_days2|Stealth Rock|[from] move: Rapid Spin|[of] p1a: Starlight
|
|-weather|RainDance|[upkeep]
|-heal|p1a: Starlight|58/100|[from] item: Leftovers
|upkeep
|turn|22
|
|t:|1746551039
|switch|p1a: Insane Dwayne|Kyurem-Black|100/100
|-ability|p1a: Insane Dwayne|Teravolt
|move|p2a: Chansey|Soft-Boiled|p2a: Chansey
|-heal|p2a: Chansey|100/100
|
|-weather|RainDance|[upkeep]
|upkeep
|turn|23
|
|t:|1746551048
|move|p1a: Insane Dwayne|Fusion Bolt|p2a: Chansey
|-damage|p2a: Chansey|52/100
|move|p2a: Chansey|Toxic|p1a: Insane Dwayne
|-status|p1a: Insane Dwayne|tox
|
|-weather|RainDance|[upkeep]
|-damage|p1a: Insane Dwayne|94/100 tox|[from] psn
|upkeep
|turn|24
|
|t:|1746551058
|switch|p1a: Painkiller|Garchomp, M|100/100
|move|p2a: Chansey|Soft-Boiled|p2a: Chansey
|-heal|p2a: Chansey|100/100
|
|-weather|RainDance|[upkeep]
|upkeep
|turn|25
|
|t:|1746551066
|switch|p2a: Skarmory|Skarmory, M|67/100
|move|p1a: Painkiller|Stealth Rock|p2a: Skarmory
|-sidestart|p2: Salutethewolf|move: Stealth Rock
|
|-weather|RainDance|[upkeep]
|upkeep
|turn|26
|j| boubouzouille
|
|t:|1746551073
|move|p2a: Skarmory|Roost|p2a: Skarmory
|-heal|p2a: Skarmory|100/100
|-singleturn|p2a: Skarmory|move: Roost
|move|p1a: Painkiller|Dragon Tail|p2a: Skarmory
|-resisted|p2a: Skarmory
|-damage|p2a: Skarmory|93/100
|-damage|p1a: Painkiller|84/100|[from] item: Rocky Helmet|[of] p2a: Skarmory
|drag|p2a: Breloom|Breloom, F|100/100
|-damage|p2a: Breloom|94/100|[from] Stealth Rock
|
|-weather|RainDance|[upkeep]
|-status|p2a: Breloom|tox|[from] item: Toxic Orb
|upkeep
|turn|27
|
|t:|1746551087
|move|p2a: Breloom|Substitute|p2a: Breloom
|-start|p2a: Breloom|Substitute
|-damage|p2a: Breloom|69/100 tox
|move|p1a: Painkiller|Dragon Tail|p2a: Breloom
|-activate|p2a: Breloom|Substitute|[damage]
|
|-weather|RainDance|[upkeep]
|-heal|p2a: Breloom|82/100 tox|[from] ability: Poison Heal
|upkeep
|turn|28
|
|t:|1746551098
|move|p1a: Painkiller|Earthquake|p2a: Breloom
|-resisted|p2a: Breloom
|-end|p2a: Breloom|Substitute
|move|p2a: Breloom|Bulk Up|p2a: Breloom
|-boost|p2a: Breloom|atk|1
|-boost|p2a: Breloom|def|1
|
|-weather|RainDance|[upkeep]
|-heal|p2a: Breloom|94/100 tox|[from] ability: Poison Heal
|upkeep
|turn|29
|
|t:|1746551112
|switch|p1a: Blade|Scyther, M|100/100
|move|p2a: Breloom|Substitute|p2a: Breloom
|-start|p2a: Breloom|Substitute
|-damage|p2a: Breloom|69/100 tox
|
|-weather|RainDance|[upkeep]
|-heal|p2a: Breloom|81/100 tox|[from] ability: Poison Heal
|upkeep
|turn|30
|
|t:|1746551121
|-singleturn|p2a: Breloom|move: Focus Punch
|move|p1a: Blade|Aerial Ace|p2a: Breloom
|-supereffective|p2a: Breloom
|-end|p2a: Breloom|Substitute
|move|p2a: Breloom|Focus Punch|p1a: Blade
|-resisted|p1a: Blade
|-damage|p1a: Blade|68/100
|
|-weather|RainDance|[upkeep]
|-heal|p2a: Breloom|94/100 tox|[from] ability: Poison Heal
|upkeep
|turn|31
|
|t:|1746551133
|switch|p2a: Gliscor|Gliscor, F|100/100 tox
|-damage|p2a: Gliscor|88/100 tox|[from] Stealth Rock
|move|p1a: Blade|Aerial Ace|p2a: Gliscor
|-damage|p2a: Gliscor|49/100 tox
|
|-weather|RainDance|[upkeep]
|-heal|p2a: Gliscor|62/100 tox|[from] ability: Poison Heal
|upkeep
|turn|32
|
|t:|1746551145
|switch|p1a: Insane Dwayne|Kyurem-Black|94/100 tox
|-ability|p1a: Insane Dwayne|Teravolt
|move|p2a: Gliscor|Earthquake|p1a: Insane Dwayne
|-damage|p1a: Insane Dwayne|68/100 tox
|
|-weather|RainDance|[upkeep]
|-heal|p2a: Gliscor|74/100 tox|[from] ability: Poison Heal
|-damage|p1a: Insane Dwayne|62/100 tox|[from] psn
|upkeep
|turn|33
|
|t:|1746551157
|move|p2a: Gliscor|Protect|p2a: Gliscor
|-singleturn|p2a: Gliscor|Protect
|move|p1a: Insane Dwayne|Outrage|p2a: Gliscor
|-activate|p2a: Gliscor|move: Protect
|
|-weather|RainDance|[upkeep]
|-heal|p2a: Gliscor|86/100 tox|[from] ability: Poison Heal
|-damage|p1a: Insane Dwayne|50/100 tox|[from] psn
|upkeep
|turn|34
|
|t:|1746551168
|move|p2a: Gliscor|Stealth Rock|p1a: Insane Dwayne
|-sidestart|p1: daddy_days2|move: Stealth Rock
|move|p1a: Insane Dwayne|Outrage|p2a: Gliscor
|-damage|p2a: Gliscor|0 fnt
|faint|p2a: Gliscor
|
|-weather|RainDance|[upkeep]
|-damage|p1a: Insane Dwayne|31/100 tox|[from] psn
|upkeep
|
|t:|1746551180
|switch|p2a: Skarmory|Skarmory, M|93/100
|-damage|p2a: Skarmory|81/100|[from] Stealth Rock
|turn|35
|
|t:|1746551184
|move|p1a: Insane Dwayne|Outrage|p2a: Skarmory|[from] lockedmove
|-resisted|p2a: Skarmory
|-damage|p2a: Skarmory|43/100
|-damage|p1a: Insane Dwayne|15/100 tox|[from] item: Rocky Helmet|[of] p2a: Skarmory
|-start|p1a: Insane Dwayne|confusion|[fatigue]
|move|p2a: Skarmory|Spikes|p1a: Insane Dwayne
|-sidestart|p1: daddy_days2|Spikes
|
|-weather|RainDance|[upkeep]
|-damage|p1a: Insane Dwayne|0 fnt|[from] psn
|faint|p1a: Insane Dwayne
|upkeep
|
|t:|1746551196
|switch|p1a: Starlight|Starmie|58/100
|-damage|p1a: Starlight|45/100|[from] Stealth Rock
|-damage|p1a: Starlight|33/100|[from] Spikes
|turn|36
|
|t:|1746551205
|switch|p2a: Chansey|Chansey, F|100/100
|-damage|p2a: Chansey|88/100|[from] Stealth Rock
|move|p1a: Starlight|Hydro Pump|p2a: Chansey
|-damage|p2a: Chansey|68/100
|
|-weather|RainDance|[upkeep]
|-heal|p1a: Starlight|39/100|[from] item: Leftovers
|upkeep
|turn|37
|
|t:|1746551216
|move|p1a: Starlight|Rapid Spin|p2a: Chansey
|-damage|p2a: Chansey|66/100
|-sideend|p1: daddy_days2|Spikes|[from] move: Rapid Spin|[of] p1a: Starlight
|-sideend|p1: daddy_days2|Stealth Rock|[from] move: Rapid Spin|[of] p1a: Starlight
|move|p2a: Chansey|Seismic Toss|p1a: Starlight
|-damage|p1a: Starlight|8/100
|
|-weather|RainDance|[upkeep]
|-heal|p1a: Starlight|14/100|[from] item: Leftovers
|upkeep
|turn|38
|
|t:|1746551227
|switch|p1a: Painkiller|Garchomp, M|84/100
|move|p2a: Chansey|Seismic Toss|p1a: Painkiller
|-damage|p1a: Painkiller|60/100
|-damage|p2a: Chansey|54/100|[from] ability: Rough Skin|[of] p1a: Painkiller
|-damage|p2a: Chansey|37/100|[from] item: Rocky Helmet|[of] p1a: Painkiller
|
|-weather|RainDance|[upkeep]
|upkeep
|turn|39
|
|t:|1746551239
|switch|p2a: Skarmory|Skarmory, M|43/100
|-damage|p2a: Skarmory|31/100|[from] Stealth Rock
|move|p1a: Painkiller|Dragon Tail|p2a: Skarmory
|-resisted|p2a: Skarmory
|-damage|p2a: Skarmory|24/100
|-damage|p1a: Painkiller|44/100|[from] item: Rocky Helmet|[of] p2a: Skarmory
|drag|p2a: Chansey|Chansey, F|37/100
|-damage|p2a: Chansey|25/100|[from] Stealth Rock
|
|-weather|RainDance|[upkeep]
|upkeep
|turn|40
|
|t:|1746551252
|switch|p1a: Shrekster|Conkeldurr, F|78/100 tox
|switch|p2a: Skarmory|Skarmory, M|24/100
|-damage|p2a: Skarmory|12/100|[from] Stealth Rock
|
|-weather|RainDance|[upkeep]
|-heal|p1a: Shrekster|84/100 tox|[from] item: Leftovers
|-damage|p1a: Shrekster|78/100 tox|[from] psn
|upkeep
|turn|41
|
|t:|1746551264
|move|p1a: Shrekster|Mach Punch|p2a: Skarmory
|-damage|p2a: Skarmory|0 fnt
|-damage|p1a: Shrekster|61/100 tox|[from] item: Rocky Helmet|[of] p2a: Skarmory
|faint|p2a: Skarmory
|
|-weather|RainDance|[upkeep]
|-heal|p1a: Shrekster|68/100 tox|[from] item: Leftovers
|-damage|p1a: Shrekster|55/100 tox|[from] psn
|upkeep
|
|t:|1746551274
|switch|p2a: Breloom|Breloom, F|94/100 tox
|-damage|p2a: Breloom|88/100 tox|[from] Stealth Rock
|turn|42
|
|t:|1746551292
|switch|p1a: Blade|Scyther, M|68/100
|move|p2a: Breloom|Substitute|p2a: Breloom
|-start|p2a: Breloom|Substitute
|-damage|p2a: Breloom|63/100 tox
|
|-weather|RainDance|[upkeep]
|-heal|p2a: Breloom|75/100 tox|[from] ability: Poison Heal
|upkeep
|turn|43
|
|t:|1746551311
|-singleturn|p2a: Breloom|move: Focus Punch
|move|p1a: Blade|U-turn|p2a: Breloom
|-end|p2a: Breloom|Substitute
|
|t:|1746551318
|switch|p1a: Painkiller|Garchomp, M|44/100|[from] U-turn
|move|p2a: Breloom|Focus Punch|p1a: Painkiller
|-damage|p1a: Painkiller|7/100
|-damage|p2a: Breloom|63/100 tox|[from] ability: Rough Skin|[of] p1a: Painkiller
|-damage|p2a: Breloom|46/100 tox|[from] item: Rocky Helmet|[of] p1a: Painkiller
|
|-weather|RainDance|[upkeep]
|-heal|p2a: Breloom|58/100 tox|[from] ability: Poison Heal
|upkeep
|turn|44
|
|t:|1746551332
|switch|p1a: Blade|Scyther, M|68/100
|move|p2a: Breloom|Substitute|p2a: Breloom
|-start|p2a: Breloom|Substitute
|-damage|p2a: Breloom|33/100 tox
|
|-weather|RainDance|[upkeep]
|-heal|p2a: Breloom|46/100 tox|[from] ability: Poison Heal
|upkeep
|turn|45
|
|t:|1746551342
|move|p1a: Blade|U-turn|p2a: Breloom
|-end|p2a: Breloom|Substitute
|
|t:|1746551348
|switch|p1a: Painkiller|Garchomp, M|7/100|[from] U-turn
|move|p2a: Breloom|Seed Bomb|p1a: Painkiller
|-damage|p1a: Painkiller|0 fnt
|faint|p1a: Painkiller
|
|-weather|RainDance|[upkeep]
|-heal|p2a: Breloom|58/100 tox|[from] ability: Poison Heal
|upkeep
|
|t:|1746551360
|switch|p1a: Starlight|Starmie|14/100
|turn|46
|
|t:|1746551366
|move|p1a: Starlight|Psyshock|p2a: Breloom
|-supereffective|p2a: Breloom
|-damage|p2a: Breloom|9/100 tox
|move|p2a: Breloom|Bulk Up|p2a: Breloom
|-boost|p2a: Breloom|atk|1
|-boost|p2a: Breloom|def|1
|
|-weather|RainDance|[upkeep]
|-heal|p1a: Starlight|21/100|[from] item: Leftovers
|-heal|p2a: Breloom|21/100 tox|[from] ability: Poison Heal
|upkeep
|turn|47
|-message|Salutethewolf forfeited.
|
|win|daddy_days2
|raw|daddy_days2's rating: 1331 &rarr; <strong>1351</strong><br />(+20 for winning)
|raw|Salutethewolf's rating: 1325 &rarr; <strong>1305</strong><br />(-20 for losing)
|l|☆Salutethewolf
|player|p2|
