|j|☆scpseptember鬼灯
|j|☆chomp29
|t:|1717828285
|gametype|singles
|player|p1|scpseptember鬼灯|266|1470
|player|p2|chomp29|lucas|1617
|teamsize|p1|6
|teamsize|p2|6
|gen|5
|tier|[Gen 5] OU
|rated|
|rule|Species Clause: Limit one of each Pokémon
|rule|OHKO Clause: OHKO moves are banned
|rule|Moody Clause: Moody is banned
|rule|Evasion Items Clause: Evasion items are banned
|rule|Evasion Moves Clause: Evasion moves are banned
|rule|Endless Battle Clause: Forcing endless battles is banned
|rule|HP Percentage Mod: HP is shown in percentages
|rule|Evasion Abilities Clause: Evasion abilities are banned
|rule|Sleep Moves Clause: Sleep-inducing moves are banned
|rule|Swagger Clause: Swagger is banned
|rule|Baton Pass Stat Clause: No Baton Passer may have a way to boost its stats
|clearpoke
|poke|p1|Tyranitar, F|item
|poke|p1|Rotom-Wash|item
|poke|p1|Landorus-Therian, M|item
|poke|p1|Jirachi|item
|poke|p1|Excadrill, M|item
|poke|p1|Keldeo|item
|poke|p2|Hippowdon, M|item
|poke|p2|Ferrothorn, F|item
|poke|p2|Terrakion|item
|poke|p2|Latios, M|item
|poke|p2|Excadrill, F|item
|poke|p2|Reuniclus, M|item
|teampreview
|inactive|Battle timer is ON: inactive players will automatically lose when time's up. (requested by chomp29)
|c|☆chomp29|Gl
|c|☆scpseptember鬼灯|u2
|
|t:|1717828304
|start
|switch|p1a: Jirachi|Jirachi|100/100
|switch|p2a: Reuniclus|Reuniclus, M|100/100
|turn|1
|
|t:|1717828309
|move|p1a: Jirachi|Substitute|p1a: Jirachi
|-start|p1a: Jirachi|Substitute
|-damage|p1a: Jirachi|75/100
|move|p2a: Reuniclus|Thunder Wave||[still]
|-fail|p2a: Reuniclus
|
|-heal|p1a: Jirachi|82/100|[from] item: Leftovers
|upkeep
|turn|2
|
|t:|1717828313
|switch|p2a: Hippowdon|Hippowdon, M|100/100
|-weather|Sandstorm|[from] ability: Sand Stream|[of] p2a: Hippowdon
|move|p1a: Jirachi|Icy Wind|p2a: Hippowdon
|-supereffective|p2a: Hippowdon
|-damage|p2a: Hippowdon|77/100
|-unboost|p2a: Hippowdon|spe|1
|
|-weather|Sandstorm|[upkeep]
|-heal|p1a: Jirachi|88/100|[from] item: Leftovers
|-heal|p2a: Hippowdon|83/100|[from] item: Leftovers
|upkeep
|turn|3
|
|t:|1717828318
|move|p1a: Jirachi|Iron Head|p2a: Hippowdon
|-damage|p2a: Hippowdon|67/100
|cant|p2a: Hippowdon|flinch
|
|-weather|Sandstorm|[upkeep]
|-heal|p1a: Jirachi|94/100|[from] item: Leftovers
|-heal|p2a: Hippowdon|73/100|[from] item: Leftovers
|upkeep
|turn|4
|
|t:|1717828322
|move|p1a: Jirachi|Iron Head|p2a: Hippowdon
|-damage|p2a: Hippowdon|55/100
|cant|p2a: Hippowdon|flinch
|
|-weather|Sandstorm|[upkeep]
|-heal|p1a: Jirachi|99/100|[from] item: Leftovers
|-heal|p2a: Hippowdon|61/100|[from] item: Leftovers
|upkeep
|turn|5
|
|t:|1717828324
|move|p1a: Jirachi|Iron Head|p2a: Hippowdon
|-damage|p2a: Hippowdon|44/100
|cant|p2a: Hippowdon|flinch
|
|-weather|Sandstorm|[upkeep]
|-heal|p1a: Jirachi|100/100|[from] item: Leftovers
|-heal|p2a: Hippowdon|50/100|[from] item: Leftovers
|upkeep
|turn|6
|
|t:|1717828327
|move|p1a: Jirachi|Iron Head|p2a: Hippowdon
|-damage|p2a: Hippowdon|33/100
|cant|p2a: Hippowdon|flinch
|
|-weather|Sandstorm|[upkeep]
|-heal|p2a: Hippowdon|40/100|[from] item: Leftovers
|upkeep
|turn|7
|
|t:|1717828329
|move|p1a: Jirachi|Iron Head|p2a: Hippowdon
|-damage|p2a: Hippowdon|23/100
|cant|p2a: Hippowdon|flinch
|
|-weather|Sandstorm|[upkeep]
|-heal|p2a: Hippowdon|29/100|[from] item: Leftovers
|upkeep
|turn|8
|
|t:|1717828337
|move|p1a: Jirachi|Iron Head|p2a: Hippowdon
|-damage|p2a: Hippowdon|12/100
|cant|p2a: Hippowdon|flinch
|
|-weather|Sandstorm|[upkeep]
|-heal|p2a: Hippowdon|18/100|[from] item: Leftovers
|upkeep
|turn|9
|c|☆chomp29|Pk
|c|☆chomp29|Ok
|
|t:|1717828364
|switch|p2a: Ferrothorn|Ferrothorn, F|100/100
|move|p1a: Jirachi|Icy Wind|p2a: Ferrothorn
|-damage|p2a: Ferrothorn|91/100
|-unboost|p2a: Ferrothorn|spe|1
|
|-weather|Sandstorm|[upkeep]
|-heal|p2a: Ferrothorn|97/100|[from] item: Leftovers
|upkeep
|turn|10
|
|t:|1717828377
|switch|p1a: Rotom|Rotom-Wash|100/100
|move|p2a: Ferrothorn|Spikes|p1a: Rotom
|-sidestart|p1: scpseptember鬼灯|Spikes
|
|-weather|Sandstorm|[upkeep]
|-damage|p1a: Rotom|94/100|[from] Sandstorm
|-heal|p2a: Ferrothorn|100/100|[from] item: Leftovers
|upkeep
|turn|11
|
|t:|1717828383
|switch|p2a: Reuniclus|Reuniclus, M|100/100
|move|p1a: Rotom|Trick|p2a: Reuniclus
|-activate|p1a: Rotom|move: Trick|[of] p2a: Reuniclus
|-item|p2a: Reuniclus|Choice Specs|[from] move: Trick
|-item|p1a: Rotom|Life Orb|[from] move: Trick
|
|-weather|Sandstorm|[upkeep]
|-damage|p1a: Rotom|88/100|[from] Sandstorm
|upkeep
|turn|12
|
|t:|1717828393
|switch|p2a: Hippowdon|Hippowdon, M|18/100
|move|p1a: Rotom|Hydro Pump|p2a: Hippowdon|[miss]
|-miss|p1a: Rotom|p2a: Hippowdon
|
|-weather|Sandstorm|[upkeep]
|-damage|p1a: Rotom|82/100|[from] Sandstorm
|-heal|p2a: Hippowdon|25/100|[from] item: Leftovers
|upkeep
|turn|13
|
|t:|1717828400
|switch|p2a: Latios|Latios, M|100/100
|move|p1a: Rotom|Hydro Pump|p2a: Latios
|-resisted|p2a: Latios
|-damage|p2a: Latios|61/100
|-damage|p1a: Rotom|72/100|[from] item: Life Orb
|
|-weather|Sandstorm|[upkeep]
|-damage|p2a: Latios|55/100|[from] Sandstorm
|-damage|p1a: Rotom|66/100|[from] Sandstorm
|upkeep
|turn|14
|
|t:|1717828407
|switch|p1a: Tyranitar|Tyranitar, F|100/100
|-damage|p1a: Tyranitar|88/100|[from] Spikes
|move|p2a: Latios|Thunder|p1a: Tyranitar
|-damage|p1a: Tyranitar|60/100
|
|-weather|Sandstorm|[upkeep]
|-damage|p2a: Latios|49/100|[from] Sandstorm
|upkeep
|turn|15
|
|t:|1717828410
|move|p2a: Latios|Thunder|p1a: Tyranitar
|-damage|p1a: Tyranitar|36/100
|move|p1a: Tyranitar|Pursuit|p2a: Latios
|-supereffective|p2a: Latios
|-damage|p2a: Latios|1/100
|
|-weather|Sandstorm|[upkeep]
|-damage|p2a: Latios|0 fnt|[from] Sandstorm
|faint|p2a: Latios
|upkeep
|inactive|chomp29 has 120 seconds left.
|inactive|chomp29 has 90 seconds left.
|
|t:|1717828478
|switch|p2a: Excadrill|Excadrill, F|100/100
|turn|16
|
|t:|1717828489
|switch|p1a: Landorus|Landorus-Therian, M|100/100
|-ability|p1a: Landorus|Intimidate|boost
|-unboost|p2a: Excadrill|atk|1
|move|p2a: Excadrill|Iron Head|p1a: Landorus
|-damage|p1a: Landorus|69/100
|
|-weather|Sandstorm|[upkeep]
|-heal|p1a: Landorus|75/100|[from] item: Leftovers
|upkeep
|turn|17
|inactive|chomp29 has 90 seconds left.
|
|t:|1717828514
|switch|p2a: Hippowdon|Hippowdon, M|25/100
|move|p1a: Landorus|Earthquake|p2a: Hippowdon
|-damage|p2a: Hippowdon|0 fnt
|faint|p2a: Hippowdon
|
|-weather|Sandstorm|[upkeep]
|-heal|p1a: Landorus|81/100|[from] item: Leftovers
|upkeep
|
|t:|1717828519
|switch|p2a: Reuniclus|Reuniclus, M|100/100
|turn|18
|
|t:|1717828525
|move|p1a: Landorus|U-turn|p2a: Reuniclus
|-supereffective|p2a: Reuniclus
|-damage|p2a: Reuniclus|68/100
|
|t:|1717828530
|switch|p1a: Tyranitar|Tyranitar, F|36/100|[from] U-turn
|-damage|p1a: Tyranitar|23/100|[from] Spikes
|move|p2a: Reuniclus|Psychic|p1a: Tyranitar
|-immune|p1a: Tyranitar
|
|-weather|Sandstorm|[upkeep]
|upkeep
|turn|19
|
|t:|1717828538
|switch|p2a: Ferrothorn|Ferrothorn, F|100/100
|move|p1a: Tyranitar|Crunch|p2a: Ferrothorn
|-resisted|p2a: Ferrothorn
|-damage|p2a: Ferrothorn|89/100
|-unboost|p2a: Ferrothorn|def|1
|-damage|p1a: Tyranitar|11/100|[from] ability: Iron Barbs|[of] p2a: Ferrothorn
|
|-weather|Sandstorm|[upkeep]
|-heal|p2a: Ferrothorn|95/100|[from] item: Leftovers
|upkeep
|turn|20
|
|t:|1717828544
|move|p1a: Tyranitar|Earthquake|p2a: Ferrothorn
|-damage|p2a: Ferrothorn|64/100
|move|p2a: Ferrothorn|Spikes|p1a: Tyranitar
|-sidestart|p1: scpseptember鬼灯|Spikes
|
|-weather|Sandstorm|[upkeep]
|-heal|p2a: Ferrothorn|71/100|[from] item: Leftovers
|upkeep
|turn|21
|
|t:|1717828553
|move|p1a: Tyranitar|Earthquake|p2a: Ferrothorn
|-damage|p2a: Ferrothorn|38/100
|move|p2a: Ferrothorn|Power Whip|p1a: Tyranitar
|-supereffective|p1a: Tyranitar
|-damage|p1a: Tyranitar|0 fnt
|faint|p1a: Tyranitar
|
|-weather|Sandstorm|[upkeep]
|-heal|p2a: Ferrothorn|45/100|[from] item: Leftovers
|upkeep
|
|t:|1717828567
|switch|p1a: Landorus|Landorus-Therian, M|81/100
|-ability|p1a: Landorus|Intimidate|boost
|-unboost|p2a: Ferrothorn|atk|1
|turn|22
|
|t:|1717828575
|move|p1a: Landorus|Earthquake|p2a: Ferrothorn
|-damage|p2a: Ferrothorn|0 fnt
|faint|p2a: Ferrothorn
|
|-weather|Sandstorm|[upkeep]
|-heal|p1a: Landorus|88/100|[from] item: Leftovers
|upkeep
|
|t:|1717828582
|switch|p2a: Reuniclus|Reuniclus, M|68/100
|turn|23
|
|t:|1717828587
|move|p1a: Landorus|Earthquake|p2a: Reuniclus
|-damage|p2a: Reuniclus|28/100
|move|p2a: Reuniclus|Recover|p2a: Reuniclus
|-heal|p2a: Reuniclus|78/100
|
|-weather|Sandstorm|[upkeep]
|-heal|p1a: Landorus|94/100|[from] item: Leftovers
|upkeep
|turn|24
|
|t:|1717828591
|move|p1a: Landorus|U-turn|p2a: Reuniclus
|-supereffective|p2a: Reuniclus
|-damage|p2a: Reuniclus|44/100
|
|t:|1717828598
|switch|p1a: Jirachi|Jirachi|100/100|[from] U-turn
|-damage|p1a: Jirachi|84/100|[from] Spikes
|move|p2a: Reuniclus|Recover|p2a: Reuniclus
|-heal|p2a: Reuniclus|94/100
|
|-weather|Sandstorm|[upkeep]
|-heal|p1a: Jirachi|90/100|[from] item: Leftovers
|upkeep
|turn|25
|
|t:|1717828604
|switch|p2a: Excadrill|Excadrill, F|100/100
|move|p1a: Jirachi|Substitute|p1a: Jirachi
|-start|p1a: Jirachi|Substitute
|-damage|p1a: Jirachi|65/100
|
|-weather|Sandstorm|[upkeep]
|-heal|p1a: Jirachi|71/100|[from] item: Leftovers
|upkeep
|turn|26
|
|t:|1717828607
|move|p2a: Excadrill|Earthquake|p1a: Jirachi
|-supereffective|p1a: Jirachi
|-end|p1a: Jirachi|Substitute
|move|p1a: Jirachi|Icy Wind|p2a: Excadrill
|-damage|p2a: Excadrill|85/100
|-unboost|p2a: Excadrill|spe|1
|
|-weather|Sandstorm|[upkeep]
|-heal|p1a: Jirachi|77/100|[from] item: Leftovers
|upkeep
|turn|27
|
|t:|1717828611
|switch|p1a: Landorus|Landorus-Therian, M|94/100
|-ability|p1a: Landorus|Intimidate|boost
|-unboost|p2a: Excadrill|atk|1
|switch|p2a: Reuniclus|Reuniclus, M|94/100
|
|-weather|Sandstorm|[upkeep]
|-heal|p1a: Landorus|99/100|[from] item: Leftovers
|upkeep
|turn|28
|
|t:|1717828615
|move|p1a: Landorus|U-turn|p2a: Reuniclus
|-supereffective|p2a: Reuniclus
|-damage|p2a: Reuniclus|57/100
|
|t:|1717828617
|switch|p1a: Jirachi|Jirachi|77/100|[from] U-turn
|-damage|p1a: Jirachi|61/100|[from] Spikes
|move|p2a: Reuniclus|Psychic|p1a: Jirachi
|-resisted|p1a: Jirachi
|-damage|p1a: Jirachi|48/100
|
|-weather|Sandstorm|[upkeep]
|-heal|p1a: Jirachi|54/100|[from] item: Leftovers
|upkeep
|turn|29
|
|t:|1717828623
|switch|p2a: Excadrill|Excadrill, F|85/100
|move|p1a: Jirachi|Icy Wind|p2a: Excadrill
|-damage|p2a: Excadrill|68/100
|-unboost|p2a: Excadrill|spe|1
|
|-weather|Sandstorm|[upkeep]
|-heal|p1a: Jirachi|60/100|[from] item: Leftovers
|upkeep
|turn|30
|
|t:|1717828626
|switch|p1a: Rotom|Rotom-Wash|66/100
|move|p2a: Excadrill|Earthquake|p1a: Rotom
|-immune|p1a: Rotom|[from] ability: Levitate
|
|-weather|Sandstorm|[upkeep]
|-damage|p1a: Rotom|59/100|[from] Sandstorm
|upkeep
|turn|31
|
|t:|1717828631
|switch|p2a: Reuniclus|Reuniclus, M|57/100
|move|p1a: Rotom|Hydro Pump|p2a: Reuniclus
|-crit|p2a: Reuniclus
|-damage|p2a: Reuniclus|0 fnt
|faint|p2a: Reuniclus
|-damage|p1a: Rotom|49/100|[from] item: Life Orb
|
|-weather|Sandstorm|[upkeep]
|-damage|p1a: Rotom|43/100|[from] Sandstorm
|upkeep
|
|t:|1717828642
|switch|p2a: Terrakion|Terrakion|100/100
|turn|32
|
|t:|1717828649
|move|p2a: Terrakion|Stone Edge|p1a: Rotom
|-damage|p1a: Rotom|0 fnt
|faint|p1a: Rotom
|-damage|p2a: Terrakion|91/100|[from] item: Life Orb
|
|-weather|Sandstorm|[upkeep]
|upkeep
|
|t:|1717828653
|switch|p1a: Keldeo|Keldeo|100/100
|-damage|p1a: Keldeo|84/100|[from] Spikes
|turn|33
|
|t:|1717828661
|move|p1a: Keldeo|Surf|p2a: Terrakion
|-supereffective|p2a: Terrakion
|-damage|p2a: Terrakion|10/100
|move|p2a: Terrakion|Rock Polish|p2a: Terrakion
|-boost|p2a: Terrakion|spe|2
|
|-weather|Sandstorm|[upkeep]
|-damage|p1a: Keldeo|78/100|[from] Sandstorm
|upkeep
|turn|34
|
|t:|1717828672
|move|p2a: Terrakion|Close Combat|p1a: Keldeo
|-damage|p1a: Keldeo|0 fnt
|-unboost|p2a: Terrakion|def|1
|-unboost|p2a: Terrakion|spd|1
|faint|p1a: Keldeo
|-damage|p2a: Terrakion|0 fnt|[from] item: Life Orb
|faint|p2a: Terrakion
|
|-weather|Sandstorm|[upkeep]
|upkeep
|
|t:|1717828677
|switch|p1a: Excadrill|Excadrill, M|100/100
|switch|p2a: Excadrill|Excadrill, F|68/100
|-damage|p1a: Excadrill|84/100|[from] Spikes
|turn|35
|
|t:|1717828679
|move|p2a: Excadrill|Iron Head|p1a: Excadrill
|-resisted|p1a: Excadrill
|-damage|p1a: Excadrill|37/100
|move|p1a: Excadrill|Earthquake|p2a: Excadrill
|-supereffective|p2a: Excadrill
|-damage|p2a: Excadrill|0 fnt
|faint|p2a: Excadrill
|
|win|scpseptember鬼灯
|raw|scpseptember鬼灯's rating: 1470 &rarr; <strong>1498</strong><br />(+28 for winning)
|raw|chomp29's rating: 1617 &rarr; <strong>1589</strong><br />(-28 for losing)
|l|☆chomp29
|player|p2|
|c|☆scpseptember鬼灯|gg
