|j|☆John1240
|j|☆dark web uzi
|player|p1|John1240|266|1397
|player|p2|dark web uzi|roxie|1340
|teamsize|p1|6
|teamsize|p2|6
|gametype|singles
|gen|5
|tier|[Gen 5] OU
|rated|
|clearpoke
|poke|p1|Politoed, M|item
|poke|p1|Gliscor, M|item
|poke|p1|Ferrothorn, F|item
|poke|p1|Tentacruel, M|item
|poke|p1|Jirachi|item
|poke|p1|Keldeo-Resolute|item
|poke|p2|Dragonite, F|item
|poke|p2|Marowak, M|item
|poke|p2|Samurott, F|item
|poke|p2|Reuniclus, M|item
|poke|p2|Porygon2|item
|poke|p2|Cofagrigus, F|item
|rule|Species Clause: Limit one of each Pokémon
|rule|OHKO Clause: OHKO moves are banned
|rule|Moody Clause: Moody is banned
|rule|Evasion Moves Clause: Evasion moves are banned
|rule|Endless Battle Clause: Forcing endless battles is banned
|rule|HP Percentage Mod: HP is shown in percentages
|rule|Evasion Abilities Clause: Evasion abilities are banned
|rule|Baton Pass Clause: Limit one Baton Passer, can't pass Spe and other stats simultaneously
|rule|Sleep Clause: Sleep-inducing moves are banned
|rule|Swagger Clause: Swagger is banned
|teampreview
|
|start
|switch|p1a: Jirachi|Jirachi|100/100
|switch|p2a: Porygon2|Porygon2, shiny|100/100
|-ability|p2a: Porygon2|Serene Grace|[from] ability: Trace|[of] p1a: Jirachi
|turn|1
|
|move|p1a: Jirachi|Body Slam|p2a: Porygon2
|-damage|p2a: Porygon2|88/100
|-status|p2a: Porygon2|par
|move|p2a: Porygon2|Trick Room|p2a: Porygon2
|-fieldstart|move: Trick Room|[of] p2a: Porygon2
|
|upkeep
|turn|2
|
|cant|p2a: Porygon2|par
|move|p1a: Jirachi|Stealth Rock|p2a: Porygon2
|-sidestart|p2: dark web uzi|move: Stealth Rock
|
|upkeep
|turn|3
|j| Neon
|
|move|p2a: Porygon2|Ice Beam|p1a: Jirachi
|-resisted|p1a: Jirachi
|-damage|p1a: Jirachi|92/100
|-status|p1a: Jirachi|frz
|cant|p1a: Jirachi|frz
|
|-heal|p1a: Jirachi|98/100 frz|[from] item: Leftovers
|upkeep
|turn|4
|
|switch|p2a: Samurott|Samurott, F|100/100
|-damage|p2a: Samurott|88/100|[from] Stealth Rock
|cant|p1a: Jirachi|frz
|
|-heal|p1a: Jirachi|100/100 frz|[from] item: Leftovers
|upkeep
|turn|5
|
|move|p2a: Samurott|Swords Dance|p2a: Samurott
|-boost|p2a: Samurott|atk|2
|cant|p1a: Jirachi|frz
|
|-fieldend|move: Trick Room
|upkeep
|turn|6
|
|cant|p1a: Jirachi|frz
|move|p2a: Samurott|Swords Dance|p2a: Samurott
|-boost|p2a: Samurott|atk|2
|
|upkeep
|turn|7
|
|switch|p1a: Ferrothorn|Ferrothorn, F|100/100
|move|p2a: Samurott|Swords Dance|p2a: Samurott
|-boost|p2a: Samurott|atk|2
|
|upkeep
|turn|8
|
|move|p2a: Samurott|Megahorn|p1a: Ferrothorn
|-damage|p1a: Ferrothorn|0 fnt
|-damage|p2a: Samurott|76/100|[from] ability: Iron Barbs|[of] p1a: Ferrothorn
|faint|p1a: Ferrothorn
|
|upkeep
|
|switch|p1a: Keldeo|Keldeo-Resolute|100/100
|turn|9
|
|move|p1a: Keldeo|Secret Sword|p2a: Samurott
|-damage|p2a: Samurott|10/100
|move|p2a: Samurott|Razor Shell|p1a: Keldeo
|-resisted|p1a: Keldeo
|-damage|p1a: Keldeo|0 fnt
|faint|p1a: Keldeo
|
|upkeep
|
|switch|p1a: Gliscor|Gliscor, M|100/100
|turn|10
|
|move|p2a: Samurott|Aqua Jet|p1a: Gliscor
|-supereffective|p1a: Gliscor
|-damage|p1a: Gliscor|0 fnt
|faint|p1a: Gliscor
|
|upkeep
|
|switch|p1a: Politoed|Politoed, M|100/100
|-weather|RainDance|[from] ability: Drizzle|[of] p1a: Politoed
|turn|11
|
|move|p2a: Samurott|Aqua Jet|p1a: Politoed
|-resisted|p1a: Politoed
|-damage|p1a: Politoed|0 fnt
|faint|p1a: Politoed
|
|-weather|RainDance|[upkeep]
|upkeep
|-message|John1240 forfeited.
|
|win|dark web uzi
|l|☆John1240
|l| Neon
|raw|John1240's rating: 1407 &rarr; <strong>1382</strong><br />(-25 for losing)
|raw|dark web uzi's rating: 1321 &rarr; <strong>1345</strong><br />(+24 for winning)
