|j|☆Blaise BWOU
|j|☆HydreigonSpammer
|t:|1735138437
|gametype|singles
|player|p1|Blaise BWOU|n|1323
|player|p2|HydreigonSpammer|janitor|1362
|teamsize|p1|6
|teamsize|p2|6
|gen|5
|tier|[Gen 5] OU
|rated|
|rule|Species Clause: Limit one of each Pokémon
|rule|OHKO Clause: OHKO moves are banned
|rule|Moody Clause: Moody is banned
|rule|Evasion Items Clause: Evasion items are banned
|rule|Evasion Moves Clause: Evasion moves are banned
|rule|Endless Battle Clause: Forcing endless battles is banned
|rule|HP Percentage Mod: HP is shown in percentages
|rule|Evasion Abilities Clause: Evasion abilities are banned
|rule|Sleep Moves Clause: Sleep-inducing moves are banned
|rule|Swagger Clause: Swagger is banned
|rule|Baton Pass Stat Clause: No Baton Passer may have a way to boost its stats
|clearpoke
|poke|p1|Latios, M|item
|poke|p1|Scizor, M|item
|poke|p1|Magnezone|item
|poke|p1|Lombre, M|item
|poke|p1|Ludicolo, M|item
|poke|p1|Ditto|item
|poke|p2|Ferrothorn, M|item
|poke|p2|Starmie|item
|poke|p2|Rotom-Wash|item
|poke|p2|Landorus-Therian, M|item
|poke|p2|Latios, M|item
|poke|p2|Volcarona, M|item
|teampreview
|c|☆Blaise BWOU|hi hf
|c|☆HydreigonSpammer|hi
|
|t:|1735138463
|start
|switch|p1a: Bip Bip|Latios, M|100/100
|switch|p2a: Rotom|Rotom-Wash|100/100
|turn|1
|
|t:|1735138475
|switch|p2a: Ferrothorn|Ferrothorn, M|100/100
|move|p1a: Bip Bip|Draco Meteor|p2a: Ferrothorn
|-resisted|p2a: Ferrothorn
|-damage|p2a: Ferrothorn|65/100
|-unboost|p1a: Bip Bip|spa|2
|
|-heal|p2a: Ferrothorn|71/100|[from] item: Leftovers
|upkeep
|turn|2
|
|t:|1735138485
|switch|p1a: Area B|Magnezone, shiny|100/100
|move|p2a: Ferrothorn|Stealth Rock|p1a: Area B
|-sidestart|p1: Blaise BWOU|move: Stealth Rock
|
|-heal|p2a: Ferrothorn|77/100|[from] item: Leftovers
|upkeep
|turn|3
|
|t:|1735138490
|move|p1a: Area B|Substitute|p1a: Area B
|-start|p1a: Area B|Substitute
|-damage|p1a: Area B|75/100
|move|p2a: Ferrothorn|Spikes|p1a: Area B
|-sidestart|p1: Blaise BWOU|Spikes
|
|-heal|p2a: Ferrothorn|83/100|[from] item: Leftovers
|upkeep
|turn|4
|
|t:|1735138511
|move|p1a: Area B|Hidden Power|p2a: Ferrothorn
|-damage|p2a: Ferrothorn|66/100
|move|p2a: Ferrothorn|Spikes|p1a: Area B
|-sidestart|p1: Blaise BWOU|Spikes
|
|-heal|p2a: Ferrothorn|72/100|[from] item: Leftovers
|upkeep
|turn|5
|
|t:|1735138516
|move|p1a: Area B|Hidden Power|p2a: Ferrothorn
|-damage|p2a: Ferrothorn|56/100
|move|p2a: Ferrothorn|Spikes|p1a: Area B
|-sidestart|p1: Blaise BWOU|Spikes
|
|-heal|p2a: Ferrothorn|62/100|[from] item: Leftovers
|upkeep
|turn|6
|
|t:|1735138520
|move|p1a: Area B|Hidden Power|p2a: Ferrothorn
|-damage|p2a: Ferrothorn|47/100
|move|p2a: Ferrothorn|Power Whip|p1a: Area B|[miss]
|-miss|p2a: Ferrothorn|p1a: Area B
|
|-heal|p2a: Ferrothorn|53/100|[from] item: Leftovers
|upkeep
|turn|7
|
|t:|1735138523
|move|p1a: Area B|Hidden Power|p2a: Ferrothorn
|-damage|p2a: Ferrothorn|37/100
|move|p2a: Ferrothorn|Power Whip|p1a: Area B
|-resisted|p1a: Area B
|-activate|p1a: Area B|Substitute|[damage]
|
|-heal|p2a: Ferrothorn|43/100|[from] item: Leftovers
|upkeep
|turn|8
|
|t:|1735138526
|move|p1a: Area B|Hidden Power|p2a: Ferrothorn
|-damage|p2a: Ferrothorn|24/100
|move|p2a: Ferrothorn|Power Whip|p1a: Area B
|-resisted|p1a: Area B
|-end|p1a: Area B|Substitute
|
|-heal|p2a: Ferrothorn|30/100|[from] item: Leftovers
|upkeep
|turn|9
|
|t:|1735138530
|move|p1a: Area B|Substitute|p1a: Area B
|-start|p1a: Area B|Substitute
|-damage|p1a: Area B|50/100
|move|p2a: Ferrothorn|Power Whip|p1a: Area B
|-resisted|p1a: Area B
|-activate|p1a: Area B|Substitute|[damage]
|
|-heal|p2a: Ferrothorn|37/100|[from] item: Leftovers
|upkeep
|turn|10
|
|t:|1735138533
|move|p1a: Area B|Hidden Power|p2a: Ferrothorn
|-damage|p2a: Ferrothorn|20/100
|move|p2a: Ferrothorn|Power Whip|p1a: Area B
|-resisted|p1a: Area B
|-end|p1a: Area B|Substitute
|
|-heal|p2a: Ferrothorn|26/100|[from] item: Leftovers
|upkeep
|turn|11
|
|t:|1735138538
|move|p1a: Area B|Substitute|p1a: Area B
|-start|p1a: Area B|Substitute
|-damage|p1a: Area B|25/100
|move|p2a: Ferrothorn|Power Whip|p1a: Area B
|-resisted|p1a: Area B
|-activate|p1a: Area B|Substitute|[damage]
|
|-heal|p2a: Ferrothorn|32/100|[from] item: Leftovers
|upkeep
|turn|12
|
|t:|1735138543
|move|p1a: Area B|Hidden Power|p2a: Ferrothorn
|-damage|p2a: Ferrothorn|16/100
|move|p2a: Ferrothorn|Power Whip|p1a: Area B
|-resisted|p1a: Area B
|-end|p1a: Area B|Substitute
|
|-heal|p2a: Ferrothorn|22/100|[from] item: Leftovers
|upkeep
|turn|13
|
|t:|1735138552
|move|p1a: Area B|Rain Dance|p1a: Area B
|-weather|RainDance
|move|p2a: Ferrothorn|Power Whip|p1a: Area B
|-resisted|p1a: Area B
|-damage|p1a: Area B|8/100
|
|-weather|RainDance|[upkeep]
|-heal|p2a: Ferrothorn|28/100|[from] item: Leftovers
|upkeep
|turn|14
|
|t:|1735138564
|move|p1a: Area B|Thunder|p2a: Ferrothorn
|-resisted|p2a: Ferrothorn
|-damage|p2a: Ferrothorn|6/100
|-status|p2a: Ferrothorn|par
|move|p2a: Ferrothorn|Power Whip|p1a: Area B
|-resisted|p1a: Area B
|-damage|p1a: Area B|0 fnt
|faint|p1a: Area B
|
|-weather|RainDance|[upkeep]
|-heal|p2a: Ferrothorn|13/100 par|[from] item: Leftovers
|upkeep
|
|t:|1735138579
|switch|p1a: Mister B|Ludicolo, M|100/100
|-damage|p1a: Mister B|88/100|[from] Stealth Rock
|-damage|p1a: Mister B|63/100|[from] Spikes
|turn|15
|
|t:|1735138597
|switch|p2a: Rotom|Rotom-Wash|100/100
|move|p1a: Mister B|Swords Dance|p1a: Mister B
|-boost|p1a: Mister B|atk|2
|
|-weather|RainDance|[upkeep]
|upkeep
|turn|16
|c|☆HydreigonSpammer|i got your strategy, setting the rain with magnezone to bypass the clause
|c|☆HydreigonSpammer|and use swift swim
|c|☆Blaise BWOU|exact
|c|☆HydreigonSpammer|you are a f* geniuos
|c|☆Blaise BWOU|ahah
|
|t:|1735138622
|move|p1a: Mister B|Seed Bomb|p2a: Rotom
|-supereffective|p2a: Rotom
|-damage|p2a: Rotom|0 fnt
|faint|p2a: Rotom
|-damage|p1a: Mister B|53/100|[from] item: Life Orb
|
|-weather|RainDance|[upkeep]
|upkeep
|
|t:|1735138637
|switch|p2a: Landorus|Landorus-Therian, M|100/100
|-ability|p2a: Landorus|Intimidate|boost
|-unboost|p1a: Mister B|atk|1
|turn|17
|
|t:|1735138642
|switch|p2a: Ferrothorn|Ferrothorn, M|13/100 par
|move|p1a: Mister B|Ice Punch|p2a: Ferrothorn
|-damage|p2a: Ferrothorn|0 fnt
|-damage|p1a: Mister B|41/100|[from] ability: Iron Barbs|[of] p2a: Ferrothorn
|faint|p2a: Ferrothorn
|-damage|p1a: Mister B|31/100|[from] item: Life Orb
|
|-weather|RainDance|[upkeep]
|upkeep
|
|t:|1735138651
|switch|p2a: Landorus|Landorus-Therian, M|100/100
|-ability|p2a: Landorus|Intimidate|boost
|-unboost|p1a: Mister B|atk|1
|turn|18
|
|t:|1735138668
|move|p1a: Mister B|Waterfall|p2a: Landorus
|-supereffective|p2a: Landorus
|-damage|p2a: Landorus|0 fnt
|faint|p2a: Landorus
|-damage|p1a: Mister B|21/100|[from] item: Life Orb
|
|-weather|RainDance|[upkeep]
|upkeep
|
|t:|1735138677
|switch|p2a: Latios|Latios, M|100/100
|turn|19
|
|t:|1735138681
|move|p1a: Mister B|Ice Punch|p2a: Latios
|-supereffective|p2a: Latios
|-damage|p2a: Latios|37/100
|-damage|p1a: Mister B|11/100|[from] item: Life Orb
|move|p2a: Latios|Psyshock|p1a: Mister B
|-damage|p1a: Mister B|0 fnt
|faint|p1a: Mister B
|-damage|p2a: Latios|27/100|[from] item: Life Orb
|
|-weather|RainDance|[upkeep]
|upkeep
|
|t:|1735138699
|switch|p1a: Scizor|Scizor, M|100/100
|-damage|p1a: Scizor|88/100|[from] Stealth Rock
|-damage|p1a: Scizor|63/100|[from] Spikes
|turn|20
|
|t:|1735138706
|move|p1a: Scizor|Bullet Punch|p2a: Latios
|-damage|p2a: Latios|0 fnt
|faint|p2a: Latios
|-damage|p1a: Scizor|53/100|[from] item: Life Orb
|
|-weather|none
|upkeep
|
|t:|1735138716
|switch|p2a: Volcarona|Volcarona, M|100/100
|turn|21
|
|t:|1735138743
|move|p2a: Volcarona|Fire Blast|p1a: Scizor
|-supereffective|p1a: Scizor
|-damage|p1a: Scizor|0 fnt
|faint|p1a: Scizor
|
|upkeep
|
|t:|1735138747
|switch|p1a: Bip Bip|Latios, M|100/100
|-damage|p1a: Bip Bip|88/100|[from] Stealth Rock
|turn|22
|
|t:|1735138756
|switch|p2a: Starmie|Starmie|100/100
|move|p1a: Bip Bip|Draco Meteor|p2a: Starmie
|-damage|p2a: Starmie|0 fnt
|-unboost|p1a: Bip Bip|spa|2
|faint|p2a: Starmie
|
|upkeep
|
|t:|1735138758
|switch|p2a: Volcarona|Volcarona, M|100/100
|turn|23
|
|t:|1735138760
|switch|p1a: Mister B jr|Lombre, M|100/100
|-damage|p1a: Mister B jr|88/100|[from] Stealth Rock
|-damage|p1a: Mister B jr|63/100|[from] Spikes
|move|p2a: Volcarona|Quiver Dance|p2a: Volcarona
|-boost|p2a: Volcarona|spa|1
|-boost|p2a: Volcarona|spd|1
|-boost|p2a: Volcarona|spe|1
|
|upkeep
|turn|24
|
|t:|1735138773
|move|p2a: Volcarona|Bug Buzz|p1a: Mister B jr
|-supereffective|p1a: Mister B jr
|-damage|p1a: Mister B jr|0 fnt
|faint|p1a: Mister B jr
|
|upkeep
|
|t:|1735138776
|switch|p1a: Ditto|Ditto|100/100
|-damage|p1a: Ditto|88/100|[from] Stealth Rock
|-damage|p1a: Ditto|63/100|[from] Spikes
|-transform|p1a: Ditto|p2a: Volcarona|[from] ability: Imposter
|turn|25
|
|t:|1735138780
|move|p1a: Ditto|Fire Blast|p2a: Volcarona
|-damage|p2a: Volcarona|41/100
|move|p2a: Volcarona|Fire Blast|p1a: Ditto
|-damage|p1a: Ditto|0 fnt
|faint|p1a: Ditto
|
|upkeep
|c|☆Blaise BWOU|gg wp
|
|t:|1735138793
|switch|p1a: Bip Bip|Latios, M|88/100
|-damage|p1a: Bip Bip|76/100|[from] Stealth Rock
|turn|26
|c|☆Blaise BWOU|specs
|c|☆HydreigonSpammer|this latios is specs i know it, it did insane damage indeed
|
|t:|1735138806
|move|p2a: Volcarona|Bug Buzz|p1a: Bip Bip
|-supereffective|p1a: Bip Bip
|-damage|p1a: Bip Bip|0 fnt
|faint|p1a: Bip Bip
|
|win|HydreigonSpammer
|raw|Blaise BWOU's rating: 1323 &rarr; <strong>1305</strong><br />(-18 for losing)
|raw|HydreigonSpammer's rating: 1362 &rarr; <strong>1380</strong><br />(+18 for winning)
|c|☆HydreigonSpammer|yay gg
|l|☆HydreigonSpammer
|player|p2|
