|j|☆Radli9
|j|☆LonzoMadeKuz
|player|p1|Radli9|candice|1373
|player|p2|LonzoMadeKuz|50|1433
|teamsize|p1|6
|teamsize|p2|6
|gametype|singles
|gen|5
|tier|[Gen 5] OU
|rated|
|clearpoke
|poke|p1|Forretress, F|item
|poke|p1|Scizor, M|item
|poke|p1|Magnezone|item
|poke|p1|Kyurem-Black|item
|poke|p1|Mamoswine, F|item
|poke|p1|Latios, M|item
|poke|p2|Politoed, F|item
|poke|p2|Tentacruel, M|item
|poke|p2|Ferrothorn, M|item
|poke|p2|Chansey, F|item
|poke|p2|Kyurem-Black|item
|poke|p2|Landorus-Therian, M|item
|rule|Species Clause: Limit one of each Pokémon
|rule|OHKO Clause: OHKO moves are banned
|rule|Moody Clause: Moody is banned
|rule|Evasion Moves Clause: Evasion moves are banned
|rule|Endless Battle Clause: Forcing endless battles is banned
|rule|HP Percentage Mod: HP is shown in percentages
|rule|Evasion Abilities Clause: Evasion abilities are banned
|rule|Baton Pass Clause: Limit one Baton Passer, can't pass Spe and other stats simultaneously
|rule|Sleep Clause: Sleep-inducing moves are banned
|rule|Swagger Clause: Swagger is banned
|teampreview
|inactive|Battle timer is ON: inactive players will automatically lose when time's up. (requested by Radli9)
|
|start
|switch|p1a: Forretress|Forretress, F|100/100
|switch|p2a: Politoed|Politoed, F|100/100
|-weather|RainDance|[from] ability: Drizzle|[of] p2a: Politoed
|turn|1
|inactive|Radli9 has 120 seconds left.
|
|move|p2a: Politoed|Scald|p1a: Forretress
|-damage|p1a: Forretress|49/100
|-status|p1a: Forretress|brn
|move|p1a: Forretress|Stealth Rock|p2a: Politoed
|-sidestart|p2: LonzoMadeKuz|move: Stealth Rock
|
|-weather|RainDance|[upkeep]
|-heal|p1a: Forretress|56/100 brn|[from] item: Leftovers
|-damage|p1a: Forretress|43/100 brn|[from] brn
|upkeep
|turn|2
|
|switch|p1a: Latios|Latios, M|100/100
|move|p2a: Politoed|Scald|p1a: Latios
|-resisted|p1a: Latios
|-crit|p1a: Latios
|-damage|p1a: Latios|57/100
|-status|p1a: Latios|brn
|
|-weather|RainDance|[upkeep]
|-damage|p1a: Latios|45/100 brn|[from] brn
|upkeep
|turn|3
|
|move|p2a: Politoed|Protect|p2a: Politoed
|-singleturn|p2a: Politoed|Protect
|move|p1a: Latios|Draco Meteor|p2a: Politoed
|-activate|p2a: Politoed|move: Protect
|
|-weather|RainDance|[upkeep]
|-damage|p1a: Latios|33/100 brn|[from] brn
|upkeep
|turn|4
|
|switch|p1a: Magnezone|Magnezone|100/100
|switch|p2a: Chansey|Chansey, F|100/100
|-damage|p2a: Chansey|88/100|[from] Stealth Rock
|
|-weather|RainDance|[upkeep]
|upkeep
|turn|5
|
|move|p1a: Magnezone|Explosion|p2a: Chansey
|-damage|p2a: Chansey|59/100
|faint|p1a: Magnezone
|move|p2a: Chansey|Stealth Rock|p1: Magnezone
|-sidestart|p1: Radli9|move: Stealth Rock
|
|-weather|RainDance|[upkeep]
|upkeep
|
|switch|p1a: Forretress|Forretress, F|43/100 brn
|-damage|p1a: Forretress|31/100 brn|[from] Stealth Rock
|turn|6
|
|move|p2a: Chansey|Soft-Boiled|p2a: Chansey
|-heal|p2a: Chansey|100/100
|move|p1a: Forretress|Rapid Spin|p2a: Chansey
|-damage|p2a: Chansey|99/100
|-sideend|p1: Radli9|Stealth Rock|[from] move: Rapid Spin|[of] p1a: Forretress
|
|-weather|RainDance|[upkeep]
|-heal|p1a: Forretress|37/100 brn|[from] item: Leftovers
|-damage|p1a: Forretress|25/100 brn|[from] brn
|upkeep
|turn|7
|
|move|p2a: Chansey|Stealth Rock|p1a: Forretress
|-sidestart|p1: Radli9|move: Stealth Rock
|move|p1a: Forretress|Stealth Rock||[still]
|-fail|p1a: Forretress
|
|-weather|RainDance|[upkeep]
|-heal|p1a: Forretress|31/100 brn|[from] item: Leftovers
|-damage|p1a: Forretress|18/100 brn|[from] brn
|upkeep
|turn|8
|
|move|p2a: Chansey|Seismic Toss|p1a: Forretress
|-damage|p1a: Forretress|0 fnt
|faint|p1a: Forretress
|
|-weather|RainDance|[upkeep]
|upkeep
|
|switch|p1a: Kyurem|Kyurem-Black|100/100
|-damage|p1a: Kyurem|76/100|[from] Stealth Rock
|-ability|p1a: Kyurem|Teravolt
|turn|9
|
|switch|p2a: Ferrothorn|Ferrothorn, M|100/100
|-damage|p2a: Ferrothorn|94/100|[from] Stealth Rock
|move|p1a: Kyurem|Outrage|p2a: Ferrothorn
|-resisted|p2a: Ferrothorn
|-damage|p2a: Ferrothorn|67/100
|-damage|p1a: Kyurem|63/100|[from] ability: Iron Barbs|[of] p2a: Ferrothorn
|
|-weather|RainDance|[upkeep]
|-heal|p2a: Ferrothorn|74/100|[from] item: Leftovers
|upkeep
|turn|10
|
|move|p1a: Kyurem|Outrage|p2a: Ferrothorn|[from]lockedmove
|-resisted|p2a: Ferrothorn
|-damage|p2a: Ferrothorn|47/100
|-damage|p1a: Kyurem|51/100|[from] ability: Iron Barbs|[of] p2a: Ferrothorn
|-start|p1a: Kyurem|confusion|[fatigue]
|move|p2a: Ferrothorn|Gyro Ball|p1a: Kyurem
|-supereffective|p1a: Kyurem
|-damage|p1a: Kyurem|0 fnt
|faint|p1a: Kyurem
|
|-weather|RainDance|[upkeep]
|-heal|p2a: Ferrothorn|53/100|[from] item: Leftovers
|upkeep
|
|switch|p1a: Scizor|Scizor, M|100/100
|-damage|p1a: Scizor|88/100|[from] Stealth Rock
|turn|11
|
|switch|p2a: Landorus|Landorus-Therian, M|100/100
|-damage|p2a: Landorus|88/100|[from] Stealth Rock
|-ability|p2a: Landorus|Intimidate|boost
|-unboost|p1a: Scizor|atk|1
|move|p1a: Scizor|Superpower|p2a: Landorus
|-resisted|p2a: Landorus
|-damage|p2a: Landorus|73/100
|-unboost|p1a: Scizor|atk|1
|-unboost|p1a: Scizor|def|1
|-damage|p1a: Scizor|71/100|[from] item: Rocky Helmet|[of] p2a: Landorus
|
|-weather|RainDance|[upkeep]
|upkeep
|turn|12
|
|switch|p1a: Latios|Latios, M|33/100 brn
|-damage|p1a: Latios|21/100 brn|[from] Stealth Rock
|move|p2a: Landorus|U-turn|p1a: Latios
|-supereffective|p1a: Latios
|-damage|p1a: Latios|0 fnt
|faint|p1a: Latios
|
|switch|p2a: Tentacruel|Tentacruel, M|100/100|[from]move: U-turn
|-damage|p2a: Tentacruel|88/100|[from] Stealth Rock
|
|-weather|RainDance|[upkeep]
|-heal|p2a: Tentacruel|94/100|[from] ability: Rain Dish
|-heal|p2a: Tentacruel|99/100|[from] item: Black Sludge
|upkeep
|
|switch|p1a: Mamoswine|Mamoswine, F|100/100
|-damage|p1a: Mamoswine|88/100|[from] Stealth Rock
|turn|13
|
|switch|p2a: Landorus|Landorus-Therian, M|73/100
|-damage|p2a: Landorus|61/100|[from] Stealth Rock
|-ability|p2a: Landorus|Intimidate|boost
|-unboost|p1a: Mamoswine|atk|1
|move|p1a: Mamoswine|Earthquake|p2a: Landorus
|-immune|p2a: Landorus
|
|-weather|RainDance|[upkeep]
|upkeep
|turn|14
|
|switch|p2a: Tentacruel|Tentacruel, M|99/100
|-damage|p2a: Tentacruel|88/100|[from] Stealth Rock
|move|p1a: Mamoswine|Ice Shard|p2a: Tentacruel
|-resisted|p2a: Tentacruel
|-damage|p2a: Tentacruel|80/100
|
|-weather|RainDance|[upkeep]
|-heal|p2a: Tentacruel|86/100|[from] ability: Rain Dish
|-heal|p2a: Tentacruel|92/100|[from] item: Black Sludge
|upkeep
|turn|15
|
|switch|p1a: Scizor|Scizor, M|71/100
|-damage|p1a: Scizor|59/100|[from] Stealth Rock
|move|p2a: Tentacruel|Protect||[still]
|-fail|p2a: Tentacruel
|
|-weather|RainDance|[upkeep]
|-heal|p2a: Tentacruel|98/100|[from] ability: Rain Dish
|-heal|p2a: Tentacruel|100/100|[from] item: Black Sludge
|upkeep
|turn|16
|
|move|p2a: Tentacruel|Scald|p1a: Scizor
|-damage|p1a: Scizor|20/100
|-status|p1a: Scizor|brn
|move|p1a: Scizor|Superpower|p2a: Tentacruel
|-resisted|p2a: Tentacruel
|-damage|p2a: Tentacruel|83/100
|-unboost|p1a: Scizor|atk|1
|-unboost|p1a: Scizor|def|1
|
|-weather|RainDance|[upkeep]
|-heal|p2a: Tentacruel|89/100|[from] ability: Rain Dish
|-heal|p2a: Tentacruel|95/100|[from] item: Black Sludge
|-damage|p1a: Scizor|7/100 brn|[from] brn
|upkeep
|turn|17
|
|move|p2a: Tentacruel|Protect|p2a: Tentacruel
|-singleturn|p2a: Tentacruel|Protect
|move|p1a: Scizor|Superpower|p2a: Tentacruel
|-activate|p2a: Tentacruel|move: Protect
|
|-weather|RainDance|[upkeep]
|-heal|p2a: Tentacruel|100/100|[from] ability: Rain Dish
|-damage|p1a: Scizor|0 fnt|[from] brn
|faint|p1a: Scizor
|upkeep
|
|switch|p1a: Mamoswine|Mamoswine, F|88/100
|-damage|p1a: Mamoswine|76/100|[from] Stealth Rock
|turn|18
|
|switch|p2a: Landorus|Landorus-Therian, M|61/100
|-damage|p2a: Landorus|48/100|[from] Stealth Rock
|-ability|p2a: Landorus|Intimidate|boost
|-unboost|p1a: Mamoswine|atk|1
|move|p1a: Mamoswine|Icicle Crash|p2a: Landorus
|-supereffective|p2a: Landorus
|-damage|p2a: Landorus|0 fnt
|faint|p2a: Landorus
|
|-weather|RainDance|[upkeep]
|upkeep
|
|switch|p2a: Tentacruel|Tentacruel, M|100/100
|-damage|p2a: Tentacruel|88/100|[from] Stealth Rock
|turn|19
|
|move|p2a: Tentacruel|Scald|p1a: Mamoswine
|-supereffective|p1a: Mamoswine
|-damage|p1a: Mamoswine|0 fnt
|faint|p1a: Mamoswine
|
|win|LonzoMadeKuz
|c|☆LonzoMadeKuz|gg
|raw|Radli9's rating: 1357 &rarr; <strong>1340</strong><br />(-17 for losing)
|raw|LonzoMadeKuz's rating: 1419 &rarr; <strong>1435</strong><br />(+16 for winning)
|l|☆Radli9
