|j|☆Bonginator
|j|☆DarugisX
|player|p1|Bonginator|1|1488
|player|p2|DarugisX|colress|1249
|teamsize|p1|6
|teamsize|p2|6
|gametype|singles
|gen|5
|tier|[Gen 5] OU
|rated|
|clearpoke
|poke|p1|Sharpedo, M|item
|poke|p1|Garchomp, M|item
|poke|p1|Politoed, F|item
|poke|p1|Ferrothorn, F|item
|poke|p1|Tornadus, M|item
|poke|p1|Starmie|item
|poke|p2|Ninetales, M|item
|poke|p2|Cloyster, M|item
|poke|p2|Slowbro, F|item
|poke|p2|Salamence, F|item
|poke|p2|Ferrothorn, M|item
|poke|p2|Hydreigon, M|item
|rule|Species Clause: Limit one of each Pokémon
|rule|OHKO Clause: OHKO moves are banned
|rule|Moody Clause: Moody is banned
|rule|Evasion Moves Clause: Evasion moves are banned
|rule|Endless Battle Clause: Forcing endless battles is banned
|rule|HP Percentage Mod: HP is shown in percentages
|rule|Evasion Abilities Clause: Evasion abilities are banned
|rule|Baton Pass Clause: Limit one Baton Passer, can't pass Spe and other stats simultaneously
|rule|Sleep Clause: Sleep-inducing moves are banned
|rule|Swagger Clause: Swagger is banned
|teampreview
|inactive|Battle timer is ON: inactive players will automatically lose when time's up. (requested by DarugisX)
|l|☆Bonginator
|inactive|Bonginator disconnected and has a minute to reconnect!
|player|p1|
|j|☆Bonginator
|inactive|Bonginator reconnected and has 130 seconds left.
|player|p1|Bonginator|1
|
|start
|switch|p1a: Daddy shark|Garchomp, M|100/100
|switch|p2a: Kitsune|Ninetales, M, shiny|100/100
|-weather|SunnyDay|[from] ability: Drought|[of] p2a: Kitsune
|turn|1
|
|move|p1a: Daddy shark|Substitute|p1a: Daddy shark
|-start|p1a: Daddy shark|Substitute
|-damage|p1a: Daddy shark|75/100
|move|p2a: Kitsune|Will-O-Wisp||[still]
|-fail|p2a: Kitsune
|
|-weather|SunnyDay|[upkeep]
|upkeep
|turn|2
|
|move|p1a: Daddy shark|Earthquake|p2a: Kitsune
|-supereffective|p2a: Kitsune
|-damage|p2a: Kitsune|0 fnt
|faint|p2a: Kitsune
|
|-weather|SunnyDay|[upkeep]
|upkeep
|
|switch|p2a: Zero|Cloyster, M, shiny|100/100
|turn|3
|
|move|p1a: Daddy shark|Outrage|p2a: Zero
|-damage|p2a: Zero|51/100
|move|p2a: Zero|Shell Smash|p2a: Zero
|-unboost|p2a: Zero|def|1
|-unboost|p2a: Zero|spd|1
|-boost|p2a: Zero|atk|2
|-boost|p2a: Zero|spa|2
|-boost|p2a: Zero|spe|2
|
|-weather|SunnyDay|[upkeep]
|upkeep
|turn|4
|
|move|p2a: Zero|Icicle Spear|p1a: Daddy shark
|-supereffective|p1a: Daddy shark
|-end|p1a: Daddy shark|Substitute
|-supereffective|p1a: Daddy shark
|-damage|p1a: Daddy shark|0 fnt
|-hitcount|p1a: Daddy shark|2
|faint|p1a: Daddy shark
|
|-weather|SunnyDay|[upkeep]
|upkeep
|
|switch|p1a: Politoed|Politoed, F|100/100
|-weather|RainDance|[from] ability: Drizzle|[of] p1a: Politoed
|turn|5
|
|move|p2a: Zero|Rock Blast|p1a: Politoed
|-crit|p1a: Politoed
|-damage|p1a: Politoed|74/100
|-damage|p1a: Politoed|60/100
|-damage|p1a: Politoed|48/100
|-crit|p1a: Politoed
|-damage|p1a: Politoed|22/100
|-damage|p1a: Politoed|10/100
|-hitcount|p1a: Politoed|5
|move|p1a: Politoed|Hidden Power|p2a: Zero
|-supereffective|p2a: Zero
|-damage|p2a: Zero|0 fnt
|faint|p2a: Zero
|
|-weather|RainDance|[upkeep]
|-heal|p1a: Politoed|16/100|[from] item: Leftovers
|upkeep
|
|switch|p2a: Hydra|Hydreigon, M, shiny|100/100
|turn|6
|
|switch|p1a: Ferrothorn|Ferrothorn, F|100/100
|move|p2a: Hydra|Flamethrower|p1a: Ferrothorn
|-supereffective|p1a: Ferrothorn
|-damage|p1a: Ferrothorn|41/100
|-damage|p2a: Hydra|91/100|[from] item: Life Orb
|
|-weather|RainDance|[upkeep]
|upkeep
|turn|7
|
|switch|p1a: Politoed|Politoed, F|16/100
|move|p2a: Hydra|Flamethrower|p1a: Politoed
|-resisted|p1a: Politoed
|-crit|p1a: Politoed
|-damage|p1a: Politoed|0 fnt
|-damage|p2a: Hydra|81/100|[from] item: Life Orb
|faint|p1a: Politoed
|
|-weather|RainDance|[upkeep]
|upkeep
|
|switch|p1a: Tornadus|Tornadus, M|100/100
|turn|8
|
|switch|p2a: Godzilla|Slowbro, F, shiny|100/100
|move|p1a: Tornadus|U-turn|p2a: Godzilla
|-supereffective|p2a: Godzilla
|-damage|p2a: Godzilla|82/100
|
|switch|p1a: Ferrothorn|Ferrothorn, F|41/100|[from]move: U-turn
|
|-weather|RainDance|[upkeep]
|upkeep
|turn|9
|
|move|p2a: Godzilla|Psychic|p1a: Ferrothorn
|-resisted|p1a: Ferrothorn
|-damage|p1a: Ferrothorn|30/100
|move|p1a: Ferrothorn|Stealth Rock|p2a: Godzilla
|-sidestart|p2: DarugisX|move: Stealth Rock
|
|-weather|RainDance|[upkeep]
|upkeep
|turn|10
|
|move|p2a: Godzilla|Fire Blast|p1a: Ferrothorn
|-supereffective|p1a: Ferrothorn
|-damage|p1a: Ferrothorn|0 fnt
|faint|p1a: Ferrothorn
|
|-weather|RainDance|[upkeep]
|upkeep
|
|switch|p1a: Starmie|Starmie|100/100
|turn|11
|
|move|p1a: Starmie|Thunder|p2a: Godzilla
|-supereffective|p2a: Godzilla
|-damage|p2a: Godzilla|7/100
|-status|p2a: Godzilla|par
|cant|p2a: Godzilla|par
|
|-weather|RainDance|[upkeep]
|upkeep
|turn|12
|
|switch|p2a: Spikey|Ferrothorn, M|100/100
|-damage|p2a: Spikey|94/100|[from] Stealth Rock
|move|p1a: Starmie|Thunder|p2a: Spikey
|-resisted|p2a: Spikey
|-damage|p2a: Spikey|84/100
|
|-weather|RainDance|[upkeep]
|-heal|p2a: Spikey|90/100|[from] item: Leftovers
|upkeep
|turn|13
|
|switch|p1a: Tornadus|Tornadus, M|100/100
|move|p2a: Spikey|Gyro Ball|p1a: Tornadus
|-damage|p1a: Tornadus|32/100
|
|-weather|RainDance|[upkeep]
|-heal|p2a: Spikey|96/100|[from] item: Leftovers
|upkeep
|turn|14
|
|move|p2a: Spikey|Protect|p2a: Spikey
|-singleturn|p2a: Spikey|Protect
|move|p1a: Tornadus|Hurricane|p2a: Spikey
|-activate|p2a: Spikey|move: Protect
|
|-weather|RainDance|[upkeep]
|-heal|p2a: Spikey|100/100|[from] item: Leftovers
|upkeep
|turn|15
|
|switch|p2a: Godzilla|Slowbro, F, shiny|40/100 par
|-damage|p2a: Godzilla|28/100 par|[from] Stealth Rock
|move|p1a: Tornadus|Hurricane|p2a: Godzilla
|-damage|p2a: Godzilla|0 fnt
|faint|p2a: Godzilla
|
|-weather|RainDance|[upkeep]
|upkeep
|
|switch|p2a: Shinryu|Salamence, F|100/100
|-damage|p2a: Shinryu|76/100|[from] Stealth Rock
|turn|16
|
|switch|p1a: Mommy shark|Sharpedo, M, shiny|100/100
|move|p2a: Shinryu|Stone Edge|p1a: Mommy shark|[miss]
|-miss|p2a: Shinryu|p1a: Mommy shark
|
|-weather|RainDance|[upkeep]
|upkeep
|turn|17
|
|move|p2a: Shinryu|Stone Edge|p1a: Mommy shark
|-damage|p1a: Mommy shark|17/100
|move|p1a: Mommy shark|Crunch|p2a: Shinryu
|-damage|p2a: Shinryu|1/100
|-damage|p1a: Mommy shark|7/100|[from] item: Life Orb
|
|-weather|RainDance|[upkeep]
|-ability|p1a: Mommy shark|Speed Boost|boost
|-boost|p1a: Mommy shark|spe|1
|upkeep
|turn|18
|
|move|p1a: Mommy shark|Protect|p1a: Mommy shark
|-singleturn|p1a: Mommy shark|Protect
|move|p2a: Shinryu|Stone Edge|p1a: Mommy shark
|-activate|p1a: Mommy shark|move: Protect
|
|-weather|RainDance|[upkeep]
|-ability|p1a: Mommy shark|Speed Boost|boost
|-boost|p1a: Mommy shark|spe|1
|upkeep
|turn|19
|
|move|p1a: Mommy shark|Waterfall|p2a: Shinryu
|-resisted|p2a: Shinryu
|-damage|p2a: Shinryu|0 fnt
|-damage|p1a: Mommy shark|0 fnt|[from] item: Life Orb
|faint|p2a: Shinryu
|faint|p1a: Mommy shark
|
|-weather|RainDance|[upkeep]
|upkeep
|
|switch|p2a: Hydra|Hydreigon, M, shiny|81/100
|switch|p1a: Tornadus|Tornadus, M|32/100
|-damage|p2a: Hydra|69/100|[from] Stealth Rock
|turn|20
|
|move|p1a: Tornadus|Hurricane|p2a: Hydra
|-damage|p2a: Hydra|0 fnt
|faint|p2a: Hydra
|
|-weather|RainDance|[upkeep]
|upkeep
|
|switch|p2a: Spikey|Ferrothorn, M|100/100
|-damage|p2a: Spikey|94/100|[from] Stealth Rock
|turn|21
|
|move|p1a: Tornadus|Hurricane|p2a: Spikey
|-damage|p2a: Spikey|48/100
|move|p2a: Spikey|Gyro Ball|p1a: Tornadus
|-damage|p1a: Tornadus|0 fnt
|faint|p1a: Tornadus
|
|-weather|RainDance|[upkeep]
|-heal|p2a: Spikey|54/100|[from] item: Leftovers
|upkeep
|
|switch|p1a: Starmie|Starmie|100/100
|turn|22
|
|move|p2a: Spikey|Protect|p2a: Spikey
|-singleturn|p2a: Spikey|Protect
|move|p1a: Starmie|Ice Beam|p2a: Spikey
|-activate|p2a: Spikey|move: Protect
|
|-weather|RainDance|[upkeep]
|-heal|p2a: Spikey|60/100|[from] item: Leftovers
|upkeep
|turn|23
|
|move|p1a: Starmie|Ice Beam|p2a: Spikey
|-damage|p2a: Spikey|42/100
|move|p2a: Spikey|Gyro Ball|p1a: Starmie
|-resisted|p1a: Starmie
|-damage|p1a: Starmie|66/100
|
|-weather|RainDance|[upkeep]
|-heal|p2a: Spikey|48/100|[from] item: Leftovers
|upkeep
|turn|24
|
|move|p2a: Spikey|Protect|p2a: Spikey
|-singleturn|p2a: Spikey|Protect
|move|p1a: Starmie|Ice Beam|p2a: Spikey
|-activate|p2a: Spikey|move: Protect
|
|-weather|RainDance|[upkeep]
|-heal|p2a: Spikey|54/100|[from] item: Leftovers
|upkeep
|turn|25
|c|☆DarugisX|looks like its all up to rngesus
|c|☆DarugisX|this is a close one
|
|move|p1a: Starmie|Ice Beam|p2a: Spikey
|-damage|p2a: Spikey|38/100
|-status|p2a: Spikey|frz
|cant|p2a: Spikey|frz
|
|-weather|RainDance|[upkeep]
|-heal|p2a: Spikey|44/100 frz|[from] item: Leftovers
|upkeep
|turn|26
|c|☆DarugisX|speak of the devil
|
|move|p1a: Starmie|Ice Beam|p2a: Spikey
|-damage|p2a: Spikey|27/100 frz
|-curestatus|p2a: Spikey|frz|[msg]
|move|p2a: Spikey|Gyro Ball|p1a: Starmie
|-resisted|p1a: Starmie
|-damage|p1a: Starmie|27/100
|
|-weather|RainDance|[upkeep]
|-heal|p2a: Spikey|34/100|[from] item: Leftovers
|upkeep
|turn|27
|c|☆DarugisX|i havent ever been this pumped about a game
|
|move|p2a: Spikey|Protect|p2a: Spikey
|-singleturn|p2a: Spikey|Protect
|move|p1a: Starmie|Ice Beam|p2a: Spikey
|-activate|p2a: Spikey|move: Protect
|
|-weather|RainDance|[upkeep]
|-heal|p2a: Spikey|40/100|[from] item: Leftovers
|upkeep
|turn|28
|
|move|p1a: Starmie|Ice Beam|p2a: Spikey
|-damage|p2a: Spikey|22/100
|move|p2a: Spikey|Gyro Ball|p1a: Starmie
|-resisted|p1a: Starmie
|-damage|p1a: Starmie|0 fnt
|faint|p1a: Starmie
|
|win|DarugisX
|l|☆Bonginator
|c|☆DarugisX|gg
|raw|Bonginator's rating: 1488 &rarr; <strong>1456</strong><br />(-32 for losing)
|raw|DarugisX's rating: 1259 &rarr; <strong>1299</strong><br />(+40 for winning)
