|j|☆Hope96
|j|☆blackkaiser
|player|p1|Hope96|249|1376
|player|p2|blackkaiser|266|1430
|teamsize|p1|6
|teamsize|p2|6
|gametype|singles
|gen|5
|tier|[Gen 5] OU
|rated|
|clearpoke
|poke|p1|Infernape, M|item
|poke|p1|Conkeldurr, M|item
|poke|p1|Tyranitar, M|item
|poke|p1|Jellicent, M|item
|poke|p1|Bronzong|item
|poke|p1|Reuniclus, F|item
|poke|p2|Hippowdon, F|item
|poke|p2|Ferrothorn, F|item
|poke|p2|Jellicent, F|item
|poke|p2|Latios, M|item
|poke|p2|Garchomp, M|item
|poke|p2|Scizor, M|item
|rule|Species Clause: Limit one of each Pokémon
|rule|OHKO Clause: OHKO moves are banned
|rule|Moody Clause: Moody is banned
|rule|Evasion Moves Clause: Evasion moves are banned
|rule|Endless Battle Clause: Forcing endless battles is banned
|rule|HP Percentage Mod: HP is shown in percentages
|rule|Evasion Abilities Clause: Evasion abilities are banned
|rule|Baton Pass Clause: Limit one Baton Passer, can't pass Spe and other stats simultaneously
|rule|Sleep Clause: Sleep-inducing moves are banned
|rule|Swagger Clause: Swagger is banned
|teampreview
|inactive|Battle timer is ON: inactive players will automatically lose when time's up. (requested by blackkaiser)
|
|start
|switch|p1a: Infernape|Infernape, M|100/100
|switch|p2a: Hippowdon|Hippowdon, F|100/100
|-weather|Sandstorm|[from] ability: Sand Stream|[of] p2a: Hippowdon
|turn|1
|
|move|p1a: Infernape|Fake Out|p2a: Hippowdon
|-damage|p2a: Hippowdon|95/100
|cant|p2a: Hippowdon|flinch
|
|-weather|Sandstorm|[upkeep]
|-damage|p1a: Infernape|94/100|[from] Sandstorm
|-heal|p2a: Hippowdon|100/100|[from] item: Leftovers
|upkeep
|turn|2
|
|move|p1a: Infernape|Stealth Rock|p2a: Hippowdon
|-sidestart|p2: blackkaiser|move: Stealth Rock
|move|p2a: Hippowdon|Stealth Rock|p1a: Infernape
|-sidestart|p1: Hope96|move: Stealth Rock
|
|-weather|Sandstorm|[upkeep]
|-damage|p1a: Infernape|88/100|[from] Sandstorm
|upkeep
|turn|3
|
|switch|p1a: Bronzong|Bronzong|100/100
|-damage|p1a: Bronzong|94/100|[from] Stealth Rock
|move|p2a: Hippowdon|Roar|p1a: Bronzong
|drag|p1a: Tyranitar|Tyranitar, M|100/100
|-damage|p1a: Tyranitar|88/100|[from] Stealth Rock
|
|-weather|Sandstorm|[upkeep]
|upkeep
|turn|4
|
|move|p2a: Hippowdon|Earthquake|p1a: Tyranitar
|-supereffective|p1a: Tyranitar
|-damage|p1a: Tyranitar|13/100
|move|p1a: Tyranitar|Ice Beam|p2a: Hippowdon
|-supereffective|p2a: Hippowdon
|-damage|p2a: Hippowdon|28/100
|
|-weather|Sandstorm|[upkeep]
|-heal|p2a: Hippowdon|35/100|[from] item: Leftovers
|upkeep
|turn|5
|
|switch|p1a: Bronzong|Bronzong|94/100
|-damage|p1a: Bronzong|88/100|[from] Stealth Rock
|move|p2a: Hippowdon|Slack Off|p2a: Hippowdon
|-heal|p2a: Hippowdon|85/100
|
|-weather|Sandstorm|[upkeep]
|-heal|p2a: Hippowdon|91/100|[from] item: Leftovers
|upkeep
|turn|6
|
|switch|p2a: Ferrothorn|Ferrothorn, F|100/100
|-damage|p2a: Ferrothorn|95/100|[from] Stealth Rock
|move|p1a: Bronzong|Trick Room|p1a: Bronzong
|-fieldstart|move: Trick Room|[of] p1a: Bronzong
|
|-weather|Sandstorm|[upkeep]
|upkeep
|turn|7
|
|switch|p1a: Conkeldurr|Conkeldurr, M|100/100
|-damage|p1a: Conkeldurr|94/100|[from] Stealth Rock
|move|p2a: Ferrothorn|Spikes|p1a: Conkeldurr
|-sidestart|p1: Hope96|Spikes
|
|-weather|Sandstorm|[upkeep]
|-damage|p1a: Conkeldurr|88/100|[from] Sandstorm
|upkeep
|turn|8
|
|move|p2a: Ferrothorn|Thunder Wave|p1a: Conkeldurr
|-status|p1a: Conkeldurr|par
|move|p1a: Conkeldurr|Drain Punch|p2a: Ferrothorn
|-supereffective|p2a: Ferrothorn
|-damage|p2a: Ferrothorn|17/100
|-heal|p1a: Conkeldurr|100/100 par|[from] drain|[of] p2a: Ferrothorn
|-damage|p1a: Conkeldurr|88/100 par|[from] ability: Iron Barbs|[of] p2a: Ferrothorn
|-damage|p1a: Conkeldurr|72/100 par|[from] item: Rocky Helmet|[of] p2a: Ferrothorn
|-damage|p1a: Conkeldurr|62/100 par|[from] item: Life Orb
|
|-weather|Sandstorm|[upkeep]
|-damage|p1a: Conkeldurr|56/100 par|[from] Sandstorm
|upkeep
|turn|9
|
|move|p1a: Conkeldurr|Mach Punch|p2a: Ferrothorn
|-supereffective|p2a: Ferrothorn
|-damage|p2a: Ferrothorn|0 fnt
|-damage|p1a: Conkeldurr|43/100 par|[from] ability: Iron Barbs|[of] p2a: Ferrothorn
|-damage|p1a: Conkeldurr|27/100 par|[from] item: Rocky Helmet|[of] p2a: Ferrothorn
|-damage|p1a: Conkeldurr|17/100 par|[from] item: Life Orb
|faint|p2a: Ferrothorn
|
|-weather|Sandstorm|[upkeep]
|-damage|p1a: Conkeldurr|11/100 par|[from] Sandstorm
|upkeep
|
|switch|p2a: Hippowdon|Hippowdon, F|91/100
|-damage|p2a: Hippowdon|85/100|[from] Stealth Rock
|turn|10
|
|move|p1a: Conkeldurr|Ice Punch|p2a: Hippowdon
|-supereffective|p2a: Hippowdon
|-damage|p2a: Hippowdon|36/100
|-damage|p1a: Conkeldurr|1/100 par|[from] item: Life Orb
|move|p2a: Hippowdon|Earthquake|p1a: Conkeldurr
|-damage|p1a: Conkeldurr|0 fnt
|faint|p1a: Conkeldurr
|
|-weather|Sandstorm|[upkeep]
|-heal|p2a: Hippowdon|43/100|[from] item: Leftovers
|-fieldend|move: Trick Room
|upkeep
|
|switch|p1a: Jellicent|Jellicent, M, shiny|100/100
|-damage|p1a: Jellicent|88/100|[from] Stealth Rock
|-damage|p1a: Jellicent|76/100|[from] Spikes
|turn|11
|
|switch|p2a: Jellicent|Jellicent, F|100/100
|-damage|p2a: Jellicent|88/100|[from] Stealth Rock
|move|p1a: Jellicent|Scald|p2a: Jellicent
|-heal|p2a: Jellicent|100/100|[from] ability: Water Absorb|[of] p1a: Jellicent
|
|-weather|Sandstorm|[upkeep]
|-damage|p2a: Jellicent|94/100|[from] Sandstorm
|-damage|p1a: Jellicent|70/100|[from] Sandstorm
|-heal|p2a: Jellicent|100/100|[from] item: Leftovers
|-heal|p1a: Jellicent|76/100|[from] item: Leftovers
|upkeep
|turn|12
|
|move|p2a: Jellicent|Shadow Ball|p1a: Jellicent
|-supereffective|p1a: Jellicent
|-damage|p1a: Jellicent|34/100
|move|p1a: Jellicent|Trick Room|p1a: Jellicent
|-fieldstart|move: Trick Room|[of] p1a: Jellicent
|
|-weather|Sandstorm|[upkeep]
|-damage|p1a: Jellicent|27/100|[from] Sandstorm
|-damage|p2a: Jellicent|94/100|[from] Sandstorm
|-heal|p1a: Jellicent|34/100|[from] item: Leftovers
|-heal|p2a: Jellicent|100/100|[from] item: Leftovers
|upkeep
|turn|13
|
|move|p1a: Jellicent|Energy Ball|p2a: Jellicent
|-supereffective|p2a: Jellicent
|-crit|p2a: Jellicent
|-damage|p2a: Jellicent|49/100
|move|p2a: Jellicent|Shadow Ball|p1a: Jellicent
|-supereffective|p1a: Jellicent
|-damage|p1a: Jellicent|0 fnt
|faint|p1a: Jellicent
|
|-weather|Sandstorm|[upkeep]
|-damage|p2a: Jellicent|43/100|[from] Sandstorm
|-heal|p2a: Jellicent|49/100|[from] item: Leftovers
|upkeep
|
|switch|p1a: Tyranitar|Tyranitar, M|13/100
|-damage|p1a: Tyranitar|0 fnt|[from] Spikes
|faint|p1a: Tyranitar
|
|switch|p1a: Reuniclus|Reuniclus, F|100/100
|turn|14
|
|move|p1a: Reuniclus|Shadow Ball|p2a: Jellicent
|-supereffective|p2a: Jellicent
|-damage|p2a: Jellicent|7/100
|move|p2a: Jellicent|Shadow Ball|p1a: Reuniclus
|-supereffective|p1a: Reuniclus
|-damage|p1a: Reuniclus|58/100
|
|-weather|Sandstorm|[upkeep]
|-damage|p2a: Jellicent|0 fnt|[from] Sandstorm
|faint|p2a: Jellicent
|upkeep
|
|switch|p2a: Scizor|Scizor, M|100/100
|-damage|p2a: Scizor|88/100|[from] Stealth Rock
|turn|15
|
|switch|p2a: Hippowdon|Hippowdon, F|43/100
|-damage|p2a: Hippowdon|36/100|[from] Stealth Rock
|move|p1a: Reuniclus|Focus Blast|p2a: Hippowdon
|-damage|p2a: Hippowdon|0 fnt
|faint|p2a: Hippowdon
|
|-weather|Sandstorm|[upkeep]
|upkeep
|
|switch|p2a: Latios|Latios, M, shiny|100/100
|-damage|p2a: Latios|88/100|[from] Stealth Rock
|turn|16
|
|move|p1a: Reuniclus|Shadow Ball|p2a: Latios
|-supereffective|p2a: Latios
|-damage|p2a: Latios|8/100
|-unboost|p2a: Latios|spd|1
|move|p2a: Latios|Draco Meteor|p1a: Reuniclus
|-damage|p1a: Reuniclus|0 fnt
|-unboost|p2a: Latios|spa|2
|faint|p1a: Reuniclus
|
|-weather|Sandstorm|[upkeep]
|-damage|p2a: Latios|2/100|[from] Sandstorm
|-fieldend|move: Trick Room
|upkeep
|
|switch|p1a: Bronzong|Bronzong|88/100
|-damage|p1a: Bronzong|82/100|[from] Stealth Rock
|turn|17
|
|move|p2a: Latios|Draco Meteor|p1a: Bronzong
|-resisted|p1a: Bronzong
|-damage|p1a: Bronzong|56/100
|-unboost|p2a: Latios|spa|2
|move|p1a: Bronzong|Trick Room|p1a: Bronzong
|-fieldstart|move: Trick Room|[of] p1a: Bronzong
|
|-weather|Sandstorm|[upkeep]
|-damage|p2a: Latios|0 fnt|[from] Sandstorm
|faint|p2a: Latios
|upkeep
|
|switch|p2a: Garchomp|Garchomp, M|100/100
|-damage|p2a: Garchomp|94/100|[from] Stealth Rock
|turn|18
|
|move|p1a: Bronzong|Gyro Ball|p2a: Garchomp
|-damage|p2a: Garchomp|30/100
|-damage|p1a: Bronzong|44/100|[from] ability: Rough Skin|[of] p2a: Garchomp
|move|p2a: Garchomp|Fire Blast|p1a: Bronzong
|-supereffective|p1a: Bronzong
|-damage|p1a: Bronzong|0 fnt
|-damage|p2a: Garchomp|21/100|[from] item: Life Orb
|faint|p1a: Bronzong
|
|-weather|Sandstorm|[upkeep]
|upkeep
|
|switch|p1a: Infernape|Infernape, M|88/100
|-damage|p1a: Infernape|76/100|[from] Spikes
|-damage|p1a: Infernape|63/100|[from] Stealth Rock
|turn|19
|
|move|p1a: Infernape|Close Combat|p2a: Garchomp
|-damage|p2a: Garchomp|0 fnt
|-damage|p1a: Infernape|51/100|[from] ability: Rough Skin|[of] p2a: Garchomp
|-unboost|p1a: Infernape|def|1
|-unboost|p1a: Infernape|spd|1
|faint|p2a: Garchomp
|
|-weather|Sandstorm|[upkeep]
|-damage|p1a: Infernape|45/100|[from] Sandstorm
|upkeep
|
|switch|p2a: Scizor|Scizor, M|88/100
|-damage|p2a: Scizor|76/100|[from] Stealth Rock
|turn|20
|c|☆blackkaiser|gg
|
|move|p2a: Scizor|Bullet Punch|p1a: Infernape
|-resisted|p1a: Infernape
|-damage|p1a: Infernape|0 fnt
|faint|p1a: Infernape
|
|win|blackkaiser
|raw|Hope96's rating: 1376 &rarr; <strong>1359</strong><br />(-17 for losing)
|raw|blackkaiser's rating: 1430 &rarr; <strong>1447</strong><br />(+17 for winning)
