|j|BWLT1 gtr2
|j|BWLT1 bmbr
|player|p1|BWLT1 gtr2|101
|player|p2|BWLT1 bmbr|167
|gametype|singles
|gen|5
|tier|[Gen 5] OU
|rated
|seed|
|rule|Evasion Abilities Clause: Evasion abilities are banned
|rule|Baton Pass Clause: Limit one Baton Passer, can't pass Spe and other stats simultaneously
|rule|Swagger Clause: Swagger is banned
|clearpoke
|poke|p1|Tyranitar, F|item
|poke|p1|Celebi|item
|poke|p1|Rotom-Wash|item
|poke|p1|Landorus-Therian, M|item
|poke|p1|Heatran, F|item
|poke|p1|Scizor, F|item
|poke|p2|Terrakion|item
|poke|p2|Breloom, M|item
|poke|p2|Dragonite, M|item
|poke|p2|Thundurus-Therian, M|item
|poke|p2|Scizor, M|item
|poke|p2|Alakazam, M|item
|rule|Sleep Clause Mod: Limit one foe put to sleep
|rule|Species Clause: Limit one of each Pokémon
|rule|OHKO Clause: OHKO moves are banned
|rule|Moody Clause: Moody is banned
|rule|Evasion Moves Clause: Evasion moves are banned
|rule|Endless Battle Clause: Forcing endless battles is banned
|rule|HP Percentage Mod: HP is shown in percentages
|teampreview
|j|bwlt1 elimiano69
|choice||
|
|start
|switch|p1a: Antonella|Landorus-Therian, M|100/100
|switch|p2a: Breloom|Breloom, M|100/100
|-ability|p1a: Antonella|Intimidate|boost
|-unboost|p2a: Breloom|atk|1
|turn|1
|choice||
|
|move|p1a: Antonella|U-turn|p2a: Breloom
|-damage|p2a: Breloom|55/100
|choice||
|
|switch|p1a: Claudia|Celebi|100/100
|move|p2a: Breloom|Spore|p1a: Claudia
|-status|p1a: Claudia|slp
|
|turn|2
|choice||
|
|cant|p1a: Claudia|slp
|move|p2a: Breloom|Spore|p1a: Claudia
|-fail|p1a: Claudia|slp
|
|turn|3
|choice||
|
|-curestatus|p1a: Claudia|slp|[from] ability: Natural Cure
|switch|p1a: Petunia|Heatran, F|100/100
|switch|p2a: Dragonite|Dragonite, M|100/100
|
|turn|4
|choice||
|
|move|p1a: Petunia|Stealth Rock|p2a: Dragonite
|-sidestart|p2: BWLT1 bmbr|move: Stealth Rock
|move|p2a: Dragonite|Dragon Dance|p2a: Dragonite
|-boost|p2a: Dragonite|atk|1
|-boost|p2a: Dragonite|spe|1
|
|turn|5
|choice||
|
|switch|p1a: Antonella|Landorus-Therian, M|100/100
|-ability|p1a: Antonella|Intimidate|boost
|-unboost|p2a: Dragonite|atk|1
|move|p2a: Dragonite|Outrage|p1a: Antonella
|-damage|p1a: Antonella|23/100
|
|turn|6
|choice||
|
|move|p1a: Antonella|Stone Edge|p2a: Dragonite|[miss]
|-miss|p1a: Antonella|p2a: Dragonite
|move|p2a: Dragonite|Outrage|p1a: Antonella|[from]lockedmove
|-damage|p1a: Antonella|0 fnt
|-start|p2a: Dragonite|confusion|[fatigue]
|faint|p1a: Antonella
|-enditem|p2a: Dragonite|Lum Berry|[eat]
|-end|p2a: Dragonite|confusion
|
|c|★BWLT1 gtr2|e vabbe
|choice||
|
|switch|p1a: Silvia|Tyranitar, F|100/100
|-weather|Sandstorm|[from] ability: Sand Stream|[of] p1a: Silvia
|turn|7
|j|Carnack-T
|choice||
|
|move|p2a: Dragonite|Outrage|p1a: Silvia
|-damage|p1a: Silvia|37/100
|move|p1a: Silvia|Stone Edge|p2a: Dragonite
|-supereffective|p2a: Dragonite
|-damage|p2a: Dragonite|10/100
|
|-weather|Sandstorm|[upkeep]
|-damage|p2a: Dragonite|4/100|[from] sandstorm
|turn|8
|j|Trolling King
|j|traba
|choice||
|
|switch|p1a: Petunia|Heatran, F|100/100
|move|p2a: Dragonite|Outrage|p1a: Petunia|[from]lockedmove
|-resisted|p1a: Petunia
|-damage|p1a: Petunia|63/100
|
|-weather|Sandstorm|[upkeep]
|-damage|p2a: Dragonite|0 fnt|[from] sandstorm
|faint|p2a: Dragonite
|choice||
|
|switch|p2a: Terrakion|Terrakion|100/100
|-damage|p2a: Terrakion|94/100|[from] Stealth Rock
|turn|9
|choice||
|
|switch|p1a: Claudia|Celebi|100/100
|move|p2a: Terrakion|Stealth Rock|p1a: Claudia
|-sidestart|p1: BWLT1 gtr2|move: Stealth Rock
|
|-weather|Sandstorm|[upkeep]
|-damage|p1a: Claudia|94/100|[from] sandstorm
|turn|10
|l|traba
|choice||
|
|move|p2a: Terrakion|Stone Edge|p1a: Claudia|[miss]
|-miss|p2a: Terrakion|p1a: Claudia
|move|p1a: Claudia|Hidden Power|p2a: Terrakion
|-resisted|p2a: Terrakion
|-crit|p2a: Terrakion
|-damage|p2a: Terrakion|69/100
|
|-weather|Sandstorm|[upkeep]
|-damage|p1a: Claudia|88/100|[from] sandstorm
|turn|11
|j|nickydatricky
|l|nickydatricky
|choice||
|
|switch|p1a: Silvia|Tyranitar, F|37/100
|-damage|p1a: Silvia|25/100|[from] Stealth Rock
|move|p2a: Terrakion|Stone Edge|p1a: Silvia
|-crit|p1a: Silvia
|-damage|p1a: Silvia|0 fnt
|faint|p1a: Silvia
|
|-weather|Sandstorm|[upkeep]
|choice||
|
|switch|p1a: Vittoria|Scizor, F|100/100
|-damage|p1a: Vittoria|88/100|[from] Stealth Rock
|turn|12
|choice||
|
|move|p2a: Terrakion|Close Combat|p1a: Vittoria
|-damage|p1a: Vittoria|25/100
|-unboost|p2a: Terrakion|def|1
|-unboost|p2a: Terrakion|spd|1
|move|p1a: Vittoria|U-turn|p2a: Terrakion
|-resisted|p2a: Terrakion
|-damage|p2a: Terrakion|17/100
|choice||
|
|switch|p1a: Petunia|Heatran, F|63/100
|-damage|p1a: Petunia|51/100|[from] Stealth Rock
|
|-weather|Sandstorm|[upkeep]
|turn|13
|choice||
|
|move|p1a: Petunia|Fire Blast|p2a: Terrakion
|-resisted|p2a: Terrakion
|-crit|p2a: Terrakion
|-damage|p2a: Terrakion|0 fnt
|faint|p2a: Terrakion
|
|-weather|Sandstorm|[upkeep]
|choice||
|
|switch|p2a: Alakazam|Alakazam, M|100/100
|turn|14
|choice||
|
|move|p1a: Petunia|Fire Blast|p2a: Alakazam|[miss]
|-miss|p1a: Petunia|p2a: Alakazam
|move|p2a: Alakazam|Focus Blast|p1a: Petunia|[miss]
|-miss|p2a: Alakazam|p1a: Petunia
|
|-weather|Sandstorm|[upkeep]
|turn|15
|choice||
|
|move|p1a: Petunia|Fire Blast|p2a: Alakazam
|-enditem|p2a: Alakazam|Focus Sash
|-damage|p2a: Alakazam|1/100
|move|p2a: Alakazam|Focus Blast|p1a: Petunia|[miss]
|-miss|p2a: Alakazam|p1a: Petunia
|
|-weather|Sandstorm|[upkeep]
|turn|16
|choice||
|
|move|p1a: Petunia|Fire Blast|p2a: Alakazam|[miss]
|-miss|p1a: Petunia|p2a: Alakazam
|move|p2a: Alakazam|Psychic|p1a: Petunia
|-resisted|p1a: Petunia
|-crit|p1a: Petunia
|-damage|p1a: Petunia|4/100
|
|-weather|Sandstorm|[upkeep]
|turn|17
|l|Carnack-T
|choice||
|
|move|p1a: Petunia|Fire Blast|p2a: Alakazam
|-damage|p2a: Alakazam|0 fnt
|faint|p2a: Alakazam
|
|-weather|Sandstorm|[upkeep]
|choice||
|
|switch|p2a: Breloom|Breloom, M|55/100
|-damage|p2a: Breloom|49/100|[from] Stealth Rock
|turn|18
|choice||
|
|move|p2a: Breloom|Mach Punch|p1a: Petunia
|-supereffective|p1a: Petunia
|-damage|p1a: Petunia|0 fnt
|-damage|p2a: Breloom|39/100|[from] item: Life Orb
|faint|p1a: Petunia
|
|-weather|Sandstorm|[upkeep]
|-damage|p2a: Breloom|33/100|[from] sandstorm
|choice||
|
|switch|p1a: Claudia|Celebi|88/100
|-damage|p1a: Claudia|76/100|[from] Stealth Rock
|turn|19
|choice||
|
|move|p2a: Breloom|Mach Punch|p1a: Claudia
|-resisted|p1a: Claudia
|-crit|p1a: Claudia
|-damage|p1a: Claudia|34/100
|-damage|p2a: Breloom|23/100|[from] item: Life Orb
|move|p1a: Claudia|Hidden Power|p2a: Breloom
|-supereffective|p2a: Breloom
|-damage|p2a: Breloom|0 fnt
|faint|p2a: Breloom
|
|-weather|Sandstorm|[upkeep]
|-damage|p1a: Claudia|28/100|[from] sandstorm
|l|bwlt1 elimiano69
|choice||
|
|switch|p2a: Thundurus|Thundurus-Therian, M|100/100
|-damage|p2a: Thundurus|76/100|[from] Stealth Rock
|turn|20
|choice||
|
|move|p1a: Claudia|Hidden Power|p2a: Thundurus
|-damage|p2a: Thundurus|34/100
|move|p2a: Thundurus|Thunderbolt|p1a: Claudia
|-resisted|p1a: Claudia
|-damage|p1a: Claudia|0 fnt
|-damage|p2a: Thundurus|24/100|[from] item: Life Orb
|faint|p1a: Claudia
|
|-weather|Sandstorm|[upkeep]
|-damage|p2a: Thundurus|18/100|[from] sandstorm
|choice||
|
|switch|p1a: Vittoria|Scizor, F|25/100
|-damage|p1a: Vittoria|13/100|[from] Stealth Rock
|turn|21
|choice||
|
|move|p1a: Vittoria|Bullet Punch|p2a: Thundurus
|-resisted|p2a: Thundurus
|-damage|p2a: Thundurus|0 fnt
|faint|p2a: Thundurus
|
|-weather|Sandstorm|[upkeep]
|choice||
|
|switch|p2a: Scizor|Scizor, M|100/100
|-damage|p2a: Scizor|88/100|[from] Stealth Rock
|turn|22
|choice||
|
|move|p1a: Vittoria|Bullet Punch|p2a: Scizor
|-resisted|p2a: Scizor
|-damage|p2a: Scizor|56/100
|move|p2a: Scizor|Swords Dance|p2a: Scizor
|-boost|p2a: Scizor|atk|2
|
|-weather|Sandstorm|[upkeep]
|turn|23
|choice||
|
|move|p2a: Scizor|Bullet Punch|p1a: Vittoria
|-resisted|p1a: Vittoria
|-damage|p1a: Vittoria|0 fnt
|faint|p1a: Vittoria
|
|-weather|Sandstorm|[upkeep]
|choice||
|
|switch|p1a: Margherita|Rotom-Wash|100/100
|-damage|p1a: Margherita|88/100|[from] Stealth Rock
|turn|24
|choice||
|
|move|p2a: Scizor|Superpower|p1a: Margherita
|-damage|p1a: Margherita|16/100
|-unboost|p2a: Scizor|atk|1
|-unboost|p2a: Scizor|def|1
|move|p1a: Margherita|Hydro Pump|p2a: Scizor
|-damage|p2a: Scizor|0 fnt
|faint|p2a: Scizor
|
|win|BWLT1 gtr2
|player|p1
|player|p2
|raw|BWLT1 gtr2's rating: 1274 &rarr; <strong>1302</strong><br />(+28 for winning)
|raw|BWLT1 bmbr's rating: 1320 &rarr; <strong>1298</strong><br />(-22 for losing)