|j|☆Yokao893
|j|☆when it shutdown
|t:|1706217044
|gametype|singles
|player|p1|Yokao893|hilbert|1357
|player|p2|when it shutdown|rosa|1452
|teamsize|p1|6
|teamsize|p2|6
|gen|5
|tier|[Gen 5] OU
|rated|
|rule|Species Clause: Limit one of each Pokémon
|rule|OHKO Clause: OHKO moves are banned
|rule|Moody Clause: Moody is banned
|rule|Evasion Items Clause: Evasion items are banned
|rule|Evasion Moves Clause: Evasion moves are banned
|rule|Endless Battle Clause: Forcing endless battles is banned
|rule|HP Percentage Mod: HP is shown in percentages
|rule|Evasion Abilities Clause: Evasion abilities are banned
|rule|Sleep Moves Clause: Sleep-inducing moves are banned
|rule|Swagger Clause: Swagger is banned
|rule|Baton Pass Stat Clause: No Baton Passer may have a way to boost its stats
|clearpoke
|poke|p1|Jirachi|item
|poke|p1|Kyurem-Black|item
|poke|p1|Latios, M|item
|poke|p1|Magnezone|item
|poke|p1|Dragonite, M|item
|poke|p1|Garchomp, F|item
|poke|p2|Tyranitar, F|item
|poke|p2|Ferrothorn, M|item
|poke|p2|Alakazam, M|item
|poke|p2|Rotom-Wash|item
|poke|p2|Terrakion|item
|poke|p2|Landorus-Therian, M|item
|teampreview
|inactive|Battle timer is ON: inactive players will automatically lose when time's up. (requested by Yokao893)
|
|t:|1706217052
|start
|switch|p1a: Footdive!|Jirachi|100/100
|switch|p2a: Terrakion|Terrakion|100/100
|turn|1
|
|t:|1706217066
|move|p2a: Terrakion|Close Combat|p1a: Footdive!
|-damage|p1a: Footdive!|27/100
|-unboost|p2a: Terrakion|def|1
|-unboost|p2a: Terrakion|spd|1
|move|p1a: Footdive!|U-turn|p2a: Terrakion
|-resisted|p2a: Terrakion
|-crit|p2a: Terrakion
|-damage|p2a: Terrakion|74/100
|
|t:|1706217071
|switch|p1a: Chainchomp|Garchomp, F|100/100|[from] U-turn
|
|upkeep
|turn|2
|
|t:|1706217074
|switch|p2a: Landorus|Landorus-Therian, M|100/100
|-ability|p2a: Landorus|Intimidate|boost
|-unboost|p1a: Chainchomp|atk|1
|move|p1a: Chainchomp|Stealth Rock|p2a: Landorus
|-sidestart|p2: when it shutdown|move: Stealth Rock
|
|upkeep
|turn|3
|
|t:|1706217081
|switch|p1a: Alex|Kyurem-Black|100/100
|-ability|p1a: Alex|Teravolt
|move|p2a: Landorus|Stealth Rock|p1a: Alex
|-sidestart|p1: Yokao893|move: Stealth Rock
|
|upkeep
|turn|4
|
|t:|1706217085
|switch|p1a: Gorilla Grip|Magnezone|100/100
|-damage|p1a: Gorilla Grip|94/100|[from] Stealth Rock
|-item|p1a: Gorilla Grip|Air Balloon
|switch|p2a: Rotom|Rotom-Wash|100/100
|-damage|p2a: Rotom|88/100|[from] Stealth Rock
|
|-heal|p2a: Rotom|94/100|[from] item: Leftovers
|upkeep
|turn|5
|
|t:|1706217091
|switch|p1a: Footdive!|Jirachi|27/100
|-damage|p1a: Footdive!|21/100|[from] Stealth Rock
|move|p2a: Rotom|Hydro Pump|p1a: Footdive!
|-damage|p1a: Footdive!|0 fnt
|faint|p1a: Footdive!
|
|-heal|p2a: Rotom|99/100|[from] item: Leftovers
|upkeep
|
|t:|1706217096
|switch|p1a: Alex|Kyurem-Black|100/100
|-damage|p1a: Alex|76/100|[from] Stealth Rock
|-ability|p1a: Alex|Teravolt
|turn|6
|
|t:|1706217100
|switch|p1a: Gorilla Grip|Magnezone|94/100
|-damage|p1a: Gorilla Grip|88/100|[from] Stealth Rock
|-item|p1a: Gorilla Grip|Air Balloon
|move|p2a: Rotom|Volt Switch|p1a: Gorilla Grip
|-resisted|p1a: Gorilla Grip
|-damage|p1a: Gorilla Grip|71/100
|-enditem|p1a: Gorilla Grip|Air Balloon
|
|t:|1706217103
|switch|p2a: Terrakion|Terrakion|74/100|[from] Volt Switch
|-damage|p2a: Terrakion|68/100|[from] Stealth Rock
|
|upkeep
|turn|7
|
|t:|1706217112
|switch|p1a: B-61|Latios, M|100/100
|-damage|p1a: B-61|88/100|[from] Stealth Rock
|move|p2a: Terrakion|Close Combat|p1a: B-61
|-resisted|p1a: B-61
|-damage|p1a: B-61|22/100
|-unboost|p2a: Terrakion|def|1
|-unboost|p2a: Terrakion|spd|1
|
|upkeep
|turn|8
|
|t:|1706217117
|switch|p2a: Ferrothorn|Ferrothorn, M|100/100
|-damage|p2a: Ferrothorn|94/100|[from] Stealth Rock
|move|p1a: B-61|Surf|p2a: Ferrothorn
|-resisted|p2a: Ferrothorn
|-damage|p2a: Ferrothorn|83/100
|
|-heal|p2a: Ferrothorn|89/100|[from] item: Leftovers
|upkeep
|turn|9
|
|t:|1706217121
|switch|p1a: Chainchomp|Garchomp, F|100/100
|-damage|p1a: Chainchomp|94/100|[from] Stealth Rock
|switch|p2a: Tyranitar|Tyranitar, F|100/100
|-damage|p2a: Tyranitar|88/100|[from] Stealth Rock
|-weather|Sandstorm|[from] ability: Sand Stream|[of] p2a: Tyranitar
|
|-weather|Sandstorm|[upkeep]
|upkeep
|turn|10
|
|t:|1706217130
|switch|p1a: Alex|Kyurem-Black|76/100
|-damage|p1a: Alex|51/100|[from] Stealth Rock
|-ability|p1a: Alex|Teravolt
|switch|p2a: Landorus|Landorus-Therian, M|100/100
|-damage|p2a: Landorus|88/100|[from] Stealth Rock
|-ability|p2a: Landorus|Intimidate|boost
|-unboost|p1a: Alex|atk|1
|
|-weather|Sandstorm|[upkeep]
|-damage|p1a: Alex|45/100|[from] Sandstorm
|-heal|p2a: Landorus|94/100|[from] item: Leftovers
|upkeep
|turn|11
|
|t:|1706217134
|switch|p2a: Rotom|Rotom-Wash|99/100
|-damage|p2a: Rotom|88/100|[from] Stealth Rock
|move|p1a: Alex|Ice Beam|p2a: Rotom
|-resisted|p2a: Rotom
|-damage|p2a: Rotom|74/100
|
|-weather|Sandstorm|[upkeep]
|-damage|p1a: Alex|39/100|[from] Sandstorm
|-damage|p2a: Rotom|68/100|[from] Sandstorm
|-heal|p2a: Rotom|74/100|[from] item: Leftovers
|upkeep
|turn|12
|
|t:|1706217139
|switch|p1a: Chainchomp|Garchomp, F|94/100
|-damage|p1a: Chainchomp|88/100|[from] Stealth Rock
|move|p2a: Rotom|Volt Switch|p1a: Chainchomp
|-immune|p1a: Chainchomp
|
|-weather|Sandstorm|[upkeep]
|-damage|p2a: Rotom|68/100|[from] Sandstorm
|-heal|p2a: Rotom|74/100|[from] item: Leftovers
|upkeep
|turn|13
|
|t:|1706217145
|move|p1a: Chainchomp|Outrage|p2a: Rotom
|-damage|p2a: Rotom|11/100
|move|p2a: Rotom|Hydro Pump|p1a: Chainchomp|[miss]
|-miss|p2a: Rotom|p1a: Chainchomp
|
|-weather|Sandstorm|[upkeep]
|-damage|p2a: Rotom|5/100|[from] Sandstorm
|-heal|p2a: Rotom|11/100|[from] item: Leftovers
|upkeep
|turn|14
|
|t:|1706217151
|switch|p2a: Ferrothorn|Ferrothorn, M|89/100
|-damage|p2a: Ferrothorn|83/100|[from] Stealth Rock
|move|p1a: Chainchomp|Outrage|p2a: Ferrothorn|[from]lockedmove
|-resisted|p2a: Ferrothorn
|-damage|p2a: Ferrothorn|62/100
|-damage|p1a: Chainchomp|76/100|[from] ability: Iron Barbs|[of] p2a: Ferrothorn
|
|-weather|Sandstorm|[upkeep]
|-heal|p2a: Ferrothorn|68/100|[from] item: Leftovers
|upkeep
|turn|15
|
|t:|1706217154
|move|p1a: Chainchomp|Outrage|p2a: Ferrothorn|[from]lockedmove
|-resisted|p2a: Ferrothorn
|-damage|p2a: Ferrothorn|46/100
|-damage|p1a: Chainchomp|64/100|[from] ability: Iron Barbs|[of] p2a: Ferrothorn
|-start|p1a: Chainchomp|confusion|[fatigue]
|move|p2a: Ferrothorn|Spikes|p1a: Chainchomp
|-sidestart|p1: Yokao893|Spikes
|
|-weather|Sandstorm|[upkeep]
|-heal|p2a: Ferrothorn|52/100|[from] item: Leftovers
|upkeep
|turn|16
|
|t:|1706217158
|switch|p1a: Gorilla Grip|Magnezone|71/100
|-damage|p1a: Gorilla Grip|65/100|[from] Stealth Rock
|-damage|p1a: Gorilla Grip|53/100|[from] Spikes
|switch|p2a: Rotom|Rotom-Wash|11/100
|-damage|p2a: Rotom|0 fnt|[from] Stealth Rock
|faint|p2a: Rotom
|
|-weather|Sandstorm|[upkeep]
|upkeep
|
|t:|1706217161
|switch|p2a: Landorus|Landorus-Therian, M|94/100
|-damage|p2a: Landorus|82/100|[from] Stealth Rock
|-ability|p2a: Landorus|Intimidate|boost
|-unboost|p1a: Gorilla Grip|atk|1
|turn|17
|
|t:|1706217163
|move|p2a: Landorus|Earthquake|p1a: Gorilla Grip
|-supereffective|p1a: Gorilla Grip
|-damage|p1a: Gorilla Grip|0 fnt
|faint|p1a: Gorilla Grip
|
|-weather|Sandstorm|[upkeep]
|-heal|p2a: Landorus|88/100|[from] item: Leftovers
|upkeep
|
|t:|1706217167
|switch|p1a: Alex|Kyurem-Black|39/100
|-damage|p1a: Alex|14/100|[from] Stealth Rock
|-damage|p1a: Alex|2/100|[from] Spikes
|-ability|p1a: Alex|Teravolt
|turn|18
|
|t:|1706217172
|switch|p2a: Terrakion|Terrakion|68/100
|-damage|p2a: Terrakion|62/100|[from] Stealth Rock
|move|p1a: Alex|Outrage|p2a: Terrakion
|-damage|p2a: Terrakion|0 fnt
|faint|p2a: Terrakion
|
|-weather|Sandstorm|[upkeep]
|-damage|p1a: Alex|0 fnt|[from] Sandstorm
|faint|p1a: Alex
|upkeep
|
|t:|1706217178
|switch|p2a: Landorus|Landorus-Therian, M|88/100
|switch|p1a: Magic Man|Dragonite, M|100/100
|-damage|p1a: Magic Man|76/100|[from] Stealth Rock
|-damage|p2a: Landorus|76/100|[from] Stealth Rock
|-ability|p2a: Landorus|Intimidate|boost
|-unboost|p1a: Magic Man|atk|1
|turn|19
|
|t:|1706217180
|move|p1a: Magic Man|Dragon Dance|p1a: Magic Man
|-boost|p1a: Magic Man|atk|1
|-boost|p1a: Magic Man|spe|1
|move|p2a: Landorus|Hidden Power|p1a: Magic Man
|-supereffective|p1a: Magic Man
|-damage|p1a: Magic Man|0 fnt
|faint|p1a: Magic Man
|
|-weather|Sandstorm|[upkeep]
|-heal|p2a: Landorus|82/100|[from] item: Leftovers
|upkeep
|-message|Yokao893 forfeited.
|
|win|when it shutdown
|raw|Yokao893's rating: 1357 &rarr; <strong>1342</strong><br />(-15 for losing)
|raw|when it shutdown's rating: 1452 &rarr; <strong>1467</strong><br />(+15 for winning)
|l|☆Yokao893
|player|p1|
