|j|‽dhklserdtfyguhi
|j|☆BLJ Mario
|t:|1731197462
|gametype|singles
|player|p1|dhklserdtfyguhi|janine|1531
|player|p2|BLJ Mario|blue-gen2|1386
|teamsize|p1|6
|teamsize|p2|6
|gen|5
|tier|[Gen 5] OU
|rated|
|rule|Species Clause: Limit one of each Pokémon
|rule|OHKO Clause: OHKO moves are banned
|rule|Moody Clause: Moody is banned
|rule|Evasion Items Clause: Evasion items are banned
|rule|Evasion Moves Clause: Evasion moves are banned
|rule|Endless Battle Clause: Forcing endless battles is banned
|rule|HP Percentage Mod: HP is shown in percentages
|rule|Evasion Abilities Clause: Evasion abilities are banned
|rule|Sleep Moves Clause: Sleep-inducing moves are banned
|rule|Swagger Clause: Swagger is banned
|rule|Baton Pass Stat Clause: No Baton Passer may have a way to boost its stats
|clearpoke
|poke|p1|Tyranitar, F|item
|poke|p1|Tangrowth, M|item
|poke|p1|Slowking, M|item
|poke|p1|Landorus-Therian, M|item
|poke|p1|Garchomp, M|item
|poke|p1|Excadrill, M|item
|poke|p2|Abomasnow, F|item
|poke|p2|Dragonite, M|item
|poke|p2|Garchomp, F|item
|poke|p2|Jirachi|item
|poke|p2|Starmie|item
|poke|p2|Kyurem-Black|item
|teampreview
|c|☆BLJ Mario|is this cow
|inactive|Battle timer is ON: inactive players will automatically lose when time's up. (requested by dhklserdtfyguhi)
|
|t:|1731197484
|start
|switch|p1a: Slowking|Slowking, M|100/100
|switch|p2a: Abomasnow|Abomasnow, F|100/100
|-weather|Hail|[from] ability: Snow Warning|[of] p2a: Abomasnow
|turn|1
|
|t:|1731197493
|move|p2a: Abomasnow|Giga Drain|p1a: Slowking
|-supereffective|p1a: Slowking
|-damage|p1a: Slowking|55/100
|move|p1a: Slowking|Psychic|p2a: Abomasnow
|-damage|p2a: Abomasnow|59/100
|
|-weather|Hail|[upkeep]
|-damage|p1a: Slowking|49/100|[from] Hail
|-heal|p1a: Slowking|55/100|[from] item: Leftovers
|upkeep
|turn|2
|
|t:|1731197497
|move|p2a: Abomasnow|Giga Drain|p1a: Slowking
|-supereffective|p1a: Slowking
|-damage|p1a: Slowking|6/100
|-heal|p2a: Abomasnow|89/100|[from] drain|[of] p1a: Slowking
|move|p1a: Slowking|Slack Off|p1a: Slowking
|-heal|p1a: Slowking|56/100
|
|-weather|Hail|[upkeep]
|-damage|p1a: Slowking|50/100|[from] Hail
|-heal|p1a: Slowking|56/100|[from] item: Leftovers
|upkeep
|turn|3
|
|t:|1731197512
|move|p2a: Abomasnow|Giga Drain|p1a: Slowking
|-supereffective|p1a: Slowking
|-damage|p1a: Slowking|11/100
|-heal|p2a: Abomasnow|100/100|[from] drain|[of] p1a: Slowking
|move|p1a: Slowking|Slack Off|p1a: Slowking
|-heal|p1a: Slowking|61/100
|
|-weather|Hail|[upkeep]
|-damage|p1a: Slowking|55/100|[from] Hail
|-heal|p1a: Slowking|61/100|[from] item: Leftovers
|upkeep
|turn|4
|
|t:|1731197532
|move|p2a: Abomasnow|Giga Drain|p1a: Slowking
|-supereffective|p1a: Slowking
|-damage|p1a: Slowking|17/100
|move|p1a: Slowking|Slack Off|p1a: Slowking
|-heal|p1a: Slowking|67/100
|
|-weather|Hail|[upkeep]
|-damage|p1a: Slowking|61/100|[from] Hail
|-heal|p1a: Slowking|67/100|[from] item: Leftovers
|upkeep
|turn|5
|
|t:|1731197538
|switch|p2a: Kyurem|Kyurem-Black|100/100
|-ability|p2a: Kyurem|Teravolt
|switch|p1a: Tyranitar|Tyranitar, F|100/100
|-weather|Sandstorm|[from] ability: Sand Stream|[of] p1a: Tyranitar
|
|-weather|Sandstorm|[upkeep]
|-damage|p2a: Kyurem|94/100|[from] Sandstorm
|upkeep
|turn|6
|
|t:|1731197548
|switch|p1a: Tangrowth|Tangrowth, M|100/100
|move|p2a: Kyurem|Dragon Claw|p1a: Tangrowth
|-damage|p1a: Tangrowth|57/100
|-damage|p2a: Kyurem|78/100|[from] item: Rocky Helmet|[of] p1a: Tangrowth
|
|-weather|Sandstorm|[upkeep]
|-damage|p2a: Kyurem|72/100|[from] Sandstorm
|-damage|p1a: Tangrowth|51/100|[from] Sandstorm
|upkeep
|turn|7
|
|t:|1731197573
|switch|p2a: Abomasnow|Abomasnow, F|100/100
|-weather|Hail|[from] ability: Snow Warning|[of] p2a: Abomasnow
|move|p1a: Tangrowth|Stun Spore|p2a: Abomasnow
|-status|p2a: Abomasnow|par
|
|-weather|Hail|[upkeep]
|-damage|p1a: Tangrowth|45/100|[from] Hail
|upkeep
|turn|8
|inactive|dhklserdtfyguhi has 120 seconds left.
|
|t:|1731197614
|switch|p1a: Tyranitar|Tyranitar, F|100/100
|-weather|Sandstorm|[from] ability: Sand Stream|[of] p1a: Tyranitar
|switch|p2a: Jirachi|Jirachi|100/100
|
|-weather|Sandstorm|[upkeep]
|upkeep
|turn|9
|
|t:|1731197625
|switch|p1a: Excadrill|Excadrill, M|100/100
|move|p2a: Jirachi|Stealth Rock|p1a: Excadrill
|-sidestart|p1: dhklserdtfyguhi|move: Stealth Rock
|
|-weather|Sandstorm|[upkeep]
|upkeep
|turn|10
|inactive|BLJ Mario has 120 seconds left.
|
|t:|1731197649
|switch|p2a: Garchomp|Garchomp, F|100/100
|move|p1a: Excadrill|Rapid Spin|p2a: Garchomp
|-crit|p2a: Garchomp
|-damage|p2a: Garchomp|86/100
|-damage|p1a: Excadrill|88/100|[from] ability: Rough Skin|[of] p2a: Garchomp
|-sideend|p1: dhklserdtfyguhi|Stealth Rock|[from] move: Rapid Spin|[of] p1a: Excadrill
|
|-weather|Sandstorm|[upkeep]
|-heal|p1a: Excadrill|94/100|[from] item: Leftovers
|upkeep
|turn|11
|
|t:|1731197657
|switch|p2a: Abomasnow|Abomasnow, F|100/100 par
|-weather|Hail|[from] ability: Snow Warning|[of] p2a: Abomasnow
|switch|p1a: Garchomp|Garchomp, M|100/100
|
|-weather|Hail|[upkeep]
|-damage|p1a: Garchomp|94/100|[from] Hail
|upkeep
|turn|12
|
|t:|1731197668
|switch|p1a: Tyranitar|Tyranitar, F|100/100
|-weather|Sandstorm|[from] ability: Sand Stream|[of] p1a: Tyranitar
|move|p2a: Abomasnow|Blizzard|p1a: Tyranitar|[miss]
|-miss|p2a: Abomasnow|p1a: Tyranitar
|
|-weather|Sandstorm|[upkeep]
|-damage|p2a: Abomasnow|94/100 par|[from] Sandstorm
|upkeep
|turn|13
|
|t:|1731197677
|switch|p2a: Garchomp|Garchomp, F|86/100
|move|p1a: Tyranitar|Stealth Rock|p2a: Garchomp
|-sidestart|p2: BLJ Mario|move: Stealth Rock
|
|-weather|Sandstorm|[upkeep]
|upkeep
|turn|14
|inactive|BLJ Mario has 120 seconds left.
|
|t:|1731197700
|switch|p1a: Landorus|Landorus-Therian, M|100/100
|-ability|p1a: Landorus|Intimidate|boost
|-unboost|p2a: Garchomp|atk|1
|move|p2a: Garchomp|Earthquake|p1a: Landorus
|-immune|p1a: Landorus
|
|-weather|Sandstorm|[upkeep]
|upkeep
|turn|15
|inactive|BLJ Mario has 120 seconds left.
|
|t:|1731197731
|switch|p2a: Abomasnow|Abomasnow, F|94/100 par
|-damage|p2a: Abomasnow|69/100 par|[from] Stealth Rock
|-weather|Hail|[from] ability: Snow Warning|[of] p2a: Abomasnow
|move|p1a: Landorus|Earthquake|p2a: Abomasnow
|-resisted|p2a: Abomasnow
|-damage|p2a: Abomasnow|10/100 par
|
|-weather|Hail|[upkeep]
|-damage|p1a: Landorus|95/100|[from] Hail
|upkeep
|turn|16
|
|t:|1731197739
|switch|p1a: Tyranitar|Tyranitar, F|100/100
|-weather|Sandstorm|[from] ability: Sand Stream|[of] p1a: Tyranitar
|move|p2a: Abomasnow|Ice Shard|p1a: Tyranitar
|-damage|p1a: Tyranitar|90/100
|
|-weather|Sandstorm|[upkeep]
|-damage|p2a: Abomasnow|3/100 par|[from] Sandstorm
|upkeep
|turn|17
|
|t:|1731197742
|switch|p1a: Excadrill|Excadrill, M|94/100
|cant|p2a: Abomasnow|par
|
|-weather|Sandstorm|[upkeep]
|-damage|p2a: Abomasnow|0 fnt|[from] Sandstorm
|faint|p2a: Abomasnow
|-heal|p1a: Excadrill|100/100|[from] item: Leftovers
|upkeep
|
|t:|1731197747
|switch|p2a: Starmie|Starmie|100/100
|-damage|p2a: Starmie|88/100|[from] Stealth Rock
|-item|p2a: Starmie|Air Balloon
|turn|18
|
|t:|1731197751
|switch|p1a: Tyranitar|Tyranitar, F|90/100
|move|p2a: Starmie|Rapid Spin|p1a: Tyranitar
|-resisted|p1a: Tyranitar
|-damage|p1a: Tyranitar|89/100
|-sideend|p2: BLJ Mario|Stealth Rock|[from] move: Rapid Spin|[of] p2a: Starmie
|
|-weather|Sandstorm|[upkeep]
|-damage|p2a: Starmie|82/100|[from] Sandstorm
|upkeep
|turn|19
|
|t:|1731197758
|switch|p2a: Kyurem|Kyurem-Black|72/100
|-ability|p2a: Kyurem|Teravolt
|move|p1a: Tyranitar|Stealth Rock|p2a: Kyurem
|-sidestart|p2: BLJ Mario|move: Stealth Rock
|
|-weather|Sandstorm|[upkeep]
|-damage|p2a: Kyurem|65/100|[from] Sandstorm
|upkeep
|turn|20
|
|t:|1731197764
|switch|p1a: Slowking|Slowking, M|100/100
|move|p2a: Kyurem|Outrage|p1a: Slowking
|-damage|p1a: Slowking|0 fnt
|faint|p1a: Slowking
|
|-weather|Sandstorm|[upkeep]
|-damage|p2a: Kyurem|59/100|[from] Sandstorm
|upkeep
|
|t:|1731197767
|switch|p1a: Garchomp|Garchomp, M|94/100
|turn|21
|
|t:|1731197770
|move|p1a: Garchomp|Dual Chop|p2a: Kyurem|[miss]
|-miss|p1a: Garchomp|p2a: Kyurem
|move|p2a: Kyurem|Outrage|p1a: Garchomp|[from]lockedmove
|-supereffective|p1a: Garchomp
|-damage|p1a: Garchomp|0 fnt
|-damage|p2a: Kyurem|47/100|[from] ability: Rough Skin|[of] p1a: Garchomp
|faint|p1a: Garchomp
|
|-weather|Sandstorm|[upkeep]
|-damage|p2a: Kyurem|41/100|[from] Sandstorm
|upkeep
|
|t:|1731197772
|switch|p1a: Excadrill|Excadrill, M|100/100
|turn|22
|
|t:|1731197775
|move|p1a: Excadrill|Iron Head|p2a: Kyurem
|-supereffective|p2a: Kyurem
|-damage|p2a: Kyurem|0 fnt
|faint|p2a: Kyurem
|
|-weather|Sandstorm|[upkeep]
|upkeep
|
|t:|1731197782
|switch|p2a: Starmie|Starmie|82/100
|-damage|p2a: Starmie|70/100|[from] Stealth Rock
|-item|p2a: Starmie|Air Balloon
|turn|23
|
|t:|1731197785
|switch|p1a: Tyranitar|Tyranitar, F|89/100
|move|p2a: Starmie|Rapid Spin|p1a: Tyranitar
|-resisted|p1a: Tyranitar
|-crit|p1a: Tyranitar
|-damage|p1a: Tyranitar|86/100
|-sideend|p2: BLJ Mario|Stealth Rock|[from] move: Rapid Spin|[of] p2a: Starmie
|
|-weather|Sandstorm|[upkeep]
|-damage|p2a: Starmie|64/100|[from] Sandstorm
|upkeep
|turn|24
|
|t:|1731197788
|move|p2a: Starmie|Hydro Pump|p1a: Tyranitar
|-supereffective|p1a: Tyranitar
|-damage|p1a: Tyranitar|37/100
|move|p1a: Tyranitar|Stealth Rock|p2a: Starmie
|-sidestart|p2: BLJ Mario|move: Stealth Rock
|
|-weather|Sandstorm|[upkeep]
|-damage|p2a: Starmie|58/100|[from] Sandstorm
|upkeep
|turn|25
|
|t:|1731197792
|move|p2a: Starmie|Rapid Spin|p1a: Tyranitar
|-resisted|p1a: Tyranitar
|-damage|p1a: Tyranitar|35/100
|-sideend|p2: BLJ Mario|Stealth Rock|[from] move: Rapid Spin|[of] p2a: Starmie
|move|p1a: Tyranitar|Crunch|p2a: Starmie
|-supereffective|p2a: Starmie
|-damage|p2a: Starmie|0 fnt
|-enditem|p2a: Starmie|Air Balloon
|faint|p2a: Starmie
|
|-weather|Sandstorm|[upkeep]
|upkeep
|inactive|BLJ Mario has 120 seconds left.
|
|t:|1731197824
|switch|p2a: Jirachi|Jirachi|100/100
|turn|26
|
|t:|1731197827
|move|p2a: Jirachi|Iron Head|p1a: Tyranitar
|-supereffective|p1a: Tyranitar
|-damage|p1a: Tyranitar|0 fnt
|faint|p1a: Tyranitar
|
|-weather|Sandstorm|[upkeep]
|upkeep
|
|t:|1731197829
|switch|p1a: Excadrill|Excadrill, M|100/100
|turn|27
|
|t:|1731197835
|move|p1a: Excadrill|Earthquake|p2a: Jirachi
|-supereffective|p2a: Jirachi
|-damage|p2a: Jirachi|5/100
|move|p2a: Jirachi|Stealth Rock|p1a: Excadrill
|-sidestart|p1: dhklserdtfyguhi|move: Stealth Rock
|
|-weather|Sandstorm|[upkeep]
|-heal|p2a: Jirachi|11/100|[from] item: Leftovers
|upkeep
|turn|28
|
|t:|1731197838
|move|p1a: Excadrill|Rapid Spin|p2a: Jirachi
|-resisted|p2a: Jirachi
|-damage|p2a: Jirachi|8/100
|-sideend|p1: dhklserdtfyguhi|Stealth Rock|[from] move: Rapid Spin|[of] p1a: Excadrill
|move|p2a: Jirachi|Body Slam|p1a: Excadrill
|-resisted|p1a: Excadrill
|-damage|p1a: Excadrill|87/100
|-status|p1a: Excadrill|par
|
|-weather|Sandstorm|[upkeep]
|-heal|p2a: Jirachi|14/100|[from] item: Leftovers
|-heal|p1a: Excadrill|93/100 par|[from] item: Leftovers
|upkeep
|turn|29
|j| zhouzhihao
|
|t:|1731197842
|move|p2a: Jirachi|Stealth Rock|p1a: Excadrill
|-sidestart|p1: dhklserdtfyguhi|move: Stealth Rock
|move|p1a: Excadrill|Earthquake|p2a: Jirachi
|-supereffective|p2a: Jirachi
|-damage|p2a: Jirachi|0 fnt
|faint|p2a: Jirachi
|
|-weather|Sandstorm|[upkeep]
|-heal|p1a: Excadrill|99/100 par|[from] item: Leftovers
|upkeep
|l| zhouzhihao
|
|t:|1731197852
|switch|p2a: Dragonite|Dragonite, M|100/100
|turn|30
|
|t:|1731197856
|switch|p1a: Landorus|Landorus-Therian, M|95/100
|-damage|p1a: Landorus|82/100|[from] Stealth Rock
|-ability|p1a: Landorus|Intimidate|boost
|-unboost|p2a: Dragonite|atk|1
|move|p2a: Dragonite|Dragon Dance|p2a: Dragonite
|-boost|p2a: Dragonite|atk|1
|-boost|p2a: Dragonite|spe|1
|
|-weather|Sandstorm|[upkeep]
|-damage|p2a: Dragonite|94/100|[from] Sandstorm
|-heal|p2a: Dragonite|100/100|[from] item: Leftovers
|upkeep
|turn|31
|
|t:|1731197860
|move|p2a: Dragonite|Dragon Dance|p2a: Dragonite
|-boost|p2a: Dragonite|atk|1
|-boost|p2a: Dragonite|spe|1
|move|p1a: Landorus|Hidden Power|p2a: Dragonite
|-supereffective|p2a: Dragonite
|-damage|p2a: Dragonite|67/100
|
|-weather|Sandstorm|[upkeep]
|-damage|p2a: Dragonite|61/100|[from] Sandstorm
|-heal|p2a: Dragonite|67/100|[from] item: Leftovers
|upkeep
|turn|32
|
|t:|1731197866
|move|p2a: Dragonite|Outrage|p1a: Landorus
|-damage|p1a: Landorus|0 fnt
|faint|p1a: Landorus
|
|-weather|Sandstorm|[upkeep]
|-damage|p2a: Dragonite|61/100|[from] Sandstorm
|-heal|p2a: Dragonite|67/100|[from] item: Leftovers
|upkeep
|
|t:|1731197869
|switch|p1a: Excadrill|Excadrill, M|99/100 par
|-damage|p1a: Excadrill|96/100 par|[from] Stealth Rock
|turn|33
|
|t:|1731197872
|move|p2a: Dragonite|Outrage|p1a: Excadrill|[from]lockedmove
|-resisted|p1a: Excadrill
|-damage|p1a: Excadrill|27/100 par
|-start|p2a: Dragonite|confusion|[fatigue]
|cant|p1a: Excadrill|par
|
|-weather|Sandstorm|[upkeep]
|-damage|p2a: Dragonite|61/100|[from] Sandstorm
|-heal|p2a: Dragonite|67/100|[from] item: Leftovers
|-heal|p1a: Excadrill|33/100 par|[from] item: Leftovers
|upkeep
|turn|34
|
|t:|1731197894
|-activate|p2a: Dragonite|confusion
|-damage|p2a: Dragonite|39/100|[from] confusion
|move|p1a: Excadrill|Iron Head|p2a: Dragonite
|-damage|p2a: Dragonite|0 fnt
|faint|p2a: Dragonite
|
|-weather|Sandstorm|[upkeep]
|-heal|p1a: Excadrill|39/100 par|[from] item: Leftovers
|upkeep
|
|t:|1731197900
|switch|p2a: Garchomp|Garchomp, F|86/100
|turn|35
|
|t:|1731197903
|move|p2a: Garchomp|Outrage|p1a: Excadrill
|-resisted|p1a: Excadrill
|-damage|p1a: Excadrill|0 fnt
|faint|p1a: Excadrill
|
|-weather|Sandstorm|[upkeep]
|upkeep
|
|t:|1731197906
|switch|p1a: Tangrowth|Tangrowth, M|78/100
|-damage|p1a: Tangrowth|66/100|[from] Stealth Rock
|turn|36
|
|t:|1731197910
|move|p2a: Garchomp|Outrage|p1a: Tangrowth|[from]lockedmove
|-damage|p1a: Tangrowth|31/100
|-damage|p2a: Garchomp|69/100|[from] item: Rocky Helmet|[of] p1a: Tangrowth
|move|p1a: Tangrowth|Stun Spore|p2a: Garchomp
|-status|p2a: Garchomp|par
|
|-weather|Sandstorm|[upkeep]
|-damage|p1a: Tangrowth|24/100|[from] Sandstorm
|upkeep
|turn|37
|
|t:|1731197914
|move|p1a: Tangrowth|Hidden Power|p2a: Garchomp
|-supereffective|p2a: Garchomp
|-damage|p2a: Garchomp|0 fnt
|faint|p2a: Garchomp
|
|win|dhklserdtfyguhi
|raw|dhklserdtfyguhi's rating: 1531 &rarr; <strong>1543</strong><br />(+12 for winning)
|raw|BLJ Mario's rating: 1386 &rarr; <strong>1374</strong><br />(-12 for losing)
