|join|JamesH93
|join|ahobowithanoboe
|player|p1|JamesH93|48
|player|p2|ahobowithanoboe|273
|gametype|singles
|gen|5
|tier|[Gen 5] OU
|rated
|rule|Evasion Abilities Clause: Evasion abilities are banned
|clearpoke
|poke|p1|Thundurus-Therian, M, shiny
|poke|p1|Politoed, F
|poke|p1|Ferrothorn, M
|poke|p1|Vaporeon, M
|poke|p1|Tentacruel, F
|poke|p1|Haxorus, M
|poke|p2|Hippowdon, F
|poke|p2|Heatran, F
|poke|p2|Jellicent, F
|poke|p2|Ferrothorn, M
|poke|p2|Alakazam, M
|poke|p2|Dragonite, M, shiny
|rule|Sleep Clause Mod: Limit one foe put to sleep
|rule|Species Clause: Limit one of each Pokemon
|rule|OHKO Clause: OHKO moves are banned
|rule|Moody Clause: Moody is banned
|rule|Evasion Moves Clause: Evasion moves are banned
|rule|Endless Battle Clause: Forcing endless battles is banned.
|rule|HP Percentage Mod: HP is reported as percentages
|teampreview
|
|start
|switch|p1a: Hemothorn.|Ferrothorn, M|352/352
|switch|p2a: SHANIQUA|Hippowdon, F|420/420
|-weather|Sandstorm|[from] ability: Sand Stream|[of] p2a: SHANIQUA
|turn|1
|
|move|p2a: SHANIQUA|Stealth Rock|p1a: Hemothorn.
|-sidestart|p1: JamesH93|move: Stealth Rock
|move|p1a: Hemothorn.|Leech Seed|p2a: SHANIQUA
|-start|p2a: SHANIQUA|move: Leech Seed
|
|-weather|Sandstorm|[upkeep]
|-damage|p2a: SHANIQUA|368/420|[from] Leech Seed|[of] p1a: Hemothorn.
|turn|2
|
|switch|p2a: Hawt Tranny ;-)|Heatran, F|386/386
|move|p1a: Hemothorn.|Power Whip|p2a: Hawt Tranny ;-)
|-resisted|p2a: Hawt Tranny ;-)
|-damage|p2a: Hawt Tranny ;-)|356/386
|
|-weather|Sandstorm|[upkeep]
|-heal|p2a: Hawt Tranny ;-)|380/386|[from] item: Leftovers
|turn|3
|
|switch|p1a: Politoed|Politoed, F|322/322
|-damage|p1a: Politoed|282/322|[from] Stealth Rock
|-weather|RainDance|[from] ability: Drizzle|[of] p1a: Politoed
|move|p2a: Hawt Tranny ;-)|Substitute|p2a: Hawt Tranny ;-)
|-start|p2a: Hawt Tranny ;-)|Substitute
|-damage|p2a: Hawt Tranny ;-)|284/386
|
|-weather|RainDance|[upkeep]
|-heal|p2a: Hawt Tranny ;-)|308/386|[from] item: Leftovers
|turn|4
|
|move|p1a: Politoed|Scald|p2a: Hawt Tranny ;-)
|-supereffective|p2a: Hawt Tranny ;-)
|-end|p2a: Hawt Tranny ;-)|Substitute
|move|p2a: Hawt Tranny ;-)|Toxic|p1a: Politoed
|-status|p1a: Politoed|tox
|
|-weather|RainDance|[upkeep]
|-heal|p2a: Hawt Tranny ;-)|332/386|[from] item: Leftovers
|-damage|p1a: Politoed|262/322 tox|[from] psn
|turn|5
|
|switch|p1a: Hemothorn.|Ferrothorn, M|352/352
|-damage|p1a: Hemothorn.|330/352|[from] Stealth Rock
|switch|p2a: Chasity Belt|Ferrothorn, M|352/352
|
|-weather|RainDance|[upkeep]
|-heal|p1a: Hemothorn.|352/352|[from] item: Leftovers
|turn|6
|
|switch|p1a: Tentacruel|Tentacruel, F|364/364
|-damage|p1a: Tentacruel|319/364|[from] Stealth Rock
|move|p2a: Chasity Belt|Spikes|p1a: Tentacruel
|-sidestart|p1: JamesH93|Spikes
|
|-weather|RainDance|[upkeep]
|-heal|p1a: Tentacruel|341/364|[from] ability: Rain Dish
|-heal|p1a: Tentacruel|363/364|[from] item: Black Sludge
|turn|7
|
|switch|p2a: Squishee|Jellicent, F|404/404
|move|p1a: Tentacruel|Substitute|p1a: Tentacruel
|-start|p1a: Tentacruel|Substitute
|-damage|p1a: Tentacruel|272/364
|
|-weather|RainDance|[upkeep]
|-heal|p1a: Tentacruel|294/364|[from] ability: Rain Dish
|-heal|p1a: Tentacruel|316/364|[from] item: Black Sludge
|turn|8
|
|switch|p2a: SHANIQUA|Hippowdon, F|368/420
|-weather|Sandstorm|[from] ability: Sand Stream|[of] p2a: SHANIQUA
|move|p1a: Tentacruel|Toxic Spikes|p2a: SHANIQUA
|-sidestart|p2: ahobowithanoboe|move: Toxic Spikes
|
|-weather|Sandstorm|[upkeep]
|-damage|p1a: Tentacruel|294/364|[from] Sandstorm
|-heal|p1a: Tentacruel|316/364|[from] item: Black Sludge
|-heal|p2a: SHANIQUA|394/420|[from] item: Leftovers
|turn|9
|
|move|p1a: Tentacruel|Toxic Spikes|p2a: SHANIQUA
|-sidestart|p2: ahobowithanoboe|move: Toxic Spikes
|move|p2a: SHANIQUA|Roar|p1a: Tentacruel
|drag|p1a: Haxorus|Haxorus, M|294/294
|-damage|p1a: Haxorus|258/294|[from] Stealth Rock
|-damage|p1a: Haxorus|222/294|[from] Spikes
|-ability|p1a: Haxorus|Mold Breaker
|
|-weather|Sandstorm|[upkeep]
|-damage|p1a: Haxorus|204/294|[from] Sandstorm
|-heal|p2a: SHANIQUA|420/420|[from] item: Leftovers
|turn|10
|
|switch|p1a: Politoed|Politoed, F|262/322 tox
|-damage|p1a: Politoed|222/322 tox|[from] Spikes
|-damage|p1a: Politoed|182/322 tox|[from] Stealth Rock
|-weather|RainDance|[from] ability: Drizzle|[of] p1a: Politoed
|move|p2a: SHANIQUA|Earthquake|p1a: Politoed
|-damage|p1a: Politoed|17/322 tox
|
|-weather|RainDance|[upkeep]
|-damage|p1a: Politoed|0 fnt|[from] psn
|faint|p1a: Politoed
|
|switch|p1a: Hemothorn.|Ferrothorn, M|352/352
|-damage|p1a: Hemothorn.|308/352|[from] Spikes
|-damage|p1a: Hemothorn.|286/352|[from] Stealth Rock
|turn|11
|
|switch|p2a: Chasity Belt|Ferrothorn, M|352/352
|move|p1a: Hemothorn.|Thunder Wave|p2a: Chasity Belt
|-status|p2a: Chasity Belt|par
|
|-weather|RainDance|[upkeep]
|-heal|p1a: Hemothorn.|308/352|[from] item: Leftovers
|turn|12
|
|move|p1a: Hemothorn.|Stealth Rock|p2a: Chasity Belt
|-sidestart|p2: ahobowithanoboe|move: Stealth Rock
|cant|p2a: Chasity Belt|par
|
|-weather|RainDance|[upkeep]
|-heal|p1a: Hemothorn.|330/352|[from] item: Leftovers
|turn|13
|
|switch|p1a: Tentacruel|Tentacruel, F|316/364
|-damage|p1a: Tentacruel|271/364|[from] Stealth Rock
|-damage|p1a: Tentacruel|226/364|[from] Spikes
|move|p2a: Chasity Belt|Spikes|p1a: Tentacruel
|-sidestart|p1: JamesH93|Spikes
|
|-weather|RainDance|[upkeep]
|-heal|p1a: Tentacruel|248/364|[from] ability: Rain Dish
|-heal|p1a: Tentacruel|270/364|[from] item: Black Sludge
|turn|14
|
|move|p1a: Tentacruel|Substitute|p1a: Tentacruel
|-start|p1a: Tentacruel|Substitute
|-damage|p1a: Tentacruel|179/364
|move|p2a: Chasity Belt|Power Whip|p1a: Tentacruel
|-end|p1a: Tentacruel|Substitute
|
|-weather|RainDance|[upkeep]
|-heal|p1a: Tentacruel|201/364|[from] ability: Rain Dish
|-heal|p1a: Tentacruel|223/364|[from] item: Black Sludge
|turn|15
|
|switch|p2a: SHANIQUA|Hippowdon, F|420/420
|-status|p2a: SHANIQUA|tox
|-damage|p2a: SHANIQUA|394/420 tox|[from] Stealth Rock
|-weather|Sandstorm|[from] ability: Sand Stream|[of] p2a: SHANIQUA
|move|p1a: Tentacruel|Rapid Spin|p2a: SHANIQUA
|-damage|p2a: SHANIQUA|384/420 tox
|-sideend|p1: JamesH93|Spikes|[from] move: Rapid Spin|[of] p1a: Tentacruel
|-sideend|p1: JamesH93|Stealth Rock|[from] move: Rapid Spin|[of] p1a: Tentacruel
|
|-weather|Sandstorm|[upkeep]
|-damage|p1a: Tentacruel|201/364|[from] Sandstorm
|-heal|p1a: Tentacruel|223/364|[from] item: Black Sludge
|-heal|p2a: SHANIQUA|410/420 tox|[from] item: Leftovers
|-damage|p2a: SHANIQUA|384/420 tox|[from] psn
|turn|16
|
|move|p1a: Tentacruel|Scald|p2a: SHANIQUA
|-supereffective|p2a: SHANIQUA
|-damage|p2a: SHANIQUA|240/420 tox
|move|p2a: SHANIQUA|Earthquake|p1a: Tentacruel
|-supereffective|p1a: Tentacruel
|-damage|p1a: Tentacruel|0 fnt
|faint|p1a: Tentacruel
|
|-weather|Sandstorm|[upkeep]
|-heal|p2a: SHANIQUA|266/420 tox|[from] item: Leftovers
|-damage|p2a: SHANIQUA|214/420 tox|[from] psn
|
|switch|p1a: Vaporeon|Vaporeon, M|463/463
|turn|17
|
|move|p1a: Vaporeon|Wish|p1a: Vaporeon
|move|p2a: SHANIQUA|Stealth Rock|p1a: Vaporeon
|-sidestart|p1: JamesH93|move: Stealth Rock
|
|-weather|Sandstorm|[upkeep]
|-damage|p1a: Vaporeon|435/463|[from] Sandstorm
|-heal|p1a: Vaporeon|463/463|[from] item: Leftovers
|-heal|p2a: SHANIQUA|240/420 tox|[from] item: Leftovers
|-damage|p2a: SHANIQUA|162/420 tox|[from] psn
|turn|18
|
|switch|p2a: Chasity Belt|Ferrothorn, M|352/352 par
|-damage|p2a: Chasity Belt|330/352 par|[from] Stealth Rock
|move|p1a: Vaporeon|Scald|p2a: Chasity Belt
|-resisted|p2a: Chasity Belt
|-damage|p2a: Chasity Belt|294/352 par
|
|-weather|Sandstorm|[upkeep]
|-damage|p1a: Vaporeon|435/463|[from] Sandstorm
|-heal|p1a: Vaporeon|463/463|[from] move: Wish|[wisher] Vaporeon
|-heal|p2a: Chasity Belt|316/352 par|[from] item: Leftovers
|turn|19
|
|move|p1a: Vaporeon|Wish|p1a: Vaporeon
|move|p2a: Chasity Belt|Spikes|p1a: Vaporeon
|-sidestart|p1: JamesH93|Spikes
|
|-weather|Sandstorm|[upkeep]
|-damage|p1a: Vaporeon|435/463|[from] Sandstorm
|-heal|p1a: Vaporeon|463/463|[from] item: Leftovers
|-heal|p2a: Chasity Belt|338/352 par|[from] item: Leftovers
|turn|20
|
|move|p2a: Chasity Belt|Spikes|p1a: Vaporeon
|-sidestart|p1: JamesH93|Spikes
|move|p1a: Vaporeon|Roar|p2a: Chasity Belt
|drag|p2a: Hawt Tranny ;-)|Heatran, F|332/386
|-damage|p2a: Hawt Tranny ;-)|284/386|[from] Stealth Rock
|
|-weather|Sandstorm|[upkeep]
|-damage|p1a: Vaporeon|435/463|[from] Sandstorm
|-heal|p1a: Vaporeon|463/463|[from] move: Wish|[wisher] Vaporeon
|-heal|p2a: Hawt Tranny ;-)|308/386|[from] item: Leftovers
|turn|21
|
|move|p2a: Hawt Tranny ;-)|Toxic|p1a: Vaporeon
|-status|p1a: Vaporeon|tox
|move|p1a: Vaporeon|Scald|p2a: Hawt Tranny ;-)
|-supereffective|p2a: Hawt Tranny ;-)
|-damage|p2a: Hawt Tranny ;-)|164/386
|
|-weather|Sandstorm|[upkeep]
|-damage|p1a: Vaporeon|435/463 tox|[from] Sandstorm
|-heal|p2a: Hawt Tranny ;-)|188/386|[from] item: Leftovers
|-heal|p1a: Vaporeon|463/463 tox|[from] item: Leftovers
|-damage|p1a: Vaporeon|435/463 tox|[from] psn
|turn|22
|
|switch|p2a: Chasity Belt|Ferrothorn, M|338/352 par
|-damage|p2a: Chasity Belt|316/352 par|[from] Stealth Rock
|move|p1a: Vaporeon|Roar|p2a: Chasity Belt
|drag|p2a: Hawt Tranny ;-)|Heatran, F|188/386
|-damage|p2a: Hawt Tranny ;-)|140/386|[from] Stealth Rock
|
|-weather|Sandstorm|[upkeep]
|-damage|p1a: Vaporeon|407/463 tox|[from] Sandstorm
|-heal|p2a: Hawt Tranny ;-)|164/386|[from] item: Leftovers
|-heal|p1a: Vaporeon|435/463 tox|[from] item: Leftovers
|-damage|p1a: Vaporeon|379/463 tox|[from] psn
|turn|23
|
|move|p2a: Hawt Tranny ;-)|Substitute|p2a: Hawt Tranny ;-)
|-start|p2a: Hawt Tranny ;-)|Substitute
|-damage|p2a: Hawt Tranny ;-)|68/386
|move|p1a: Vaporeon|Scald|p2a: Hawt Tranny ;-)
|-supereffective|p2a: Hawt Tranny ;-)
|-end|p2a: Hawt Tranny ;-)|Substitute
|
|-weather|Sandstorm|[upkeep]
|-damage|p1a: Vaporeon|351/463 tox|[from] Sandstorm
|-heal|p2a: Hawt Tranny ;-)|92/386|[from] item: Leftovers
|-heal|p1a: Vaporeon|379/463 tox|[from] item: Leftovers
|-damage|p1a: Vaporeon|295/463 tox|[from] psn
|turn|24
|
|switch|p2a: Squishee|Jellicent, F|404/404
|-status|p2a: Squishee|tox
|-damage|p2a: Squishee|354/404 tox|[from] Stealth Rock
|move|p1a: Vaporeon|Roar|p2a: Squishee
|drag|p2a: Confucius say...|Alakazam, M|252/252
|-status|p2a: Confucius say...|tox
|
|-weather|Sandstorm|[upkeep]
|-damage|p1a: Vaporeon|267/463 tox|[from] Sandstorm
|-heal|p1a: Vaporeon|295/463 tox|[from] item: Leftovers
|-damage|p1a: Vaporeon|183/463 tox|[from] psn
|turn|25
|
|move|p2a: Confucius say...|Psyshock|p1a: Vaporeon
|-damage|p1a: Vaporeon|42/463 tox
|move|p1a: Vaporeon|Rest|p1a: Vaporeon
|-status|p1a: Vaporeon|slp
|-heal|p1a: Vaporeon|463/463 slp|[silent]
|-status|p1a: Vaporeon|slp|[from] move: Rest
|
|-weather|Sandstorm|[upkeep]
|-damage|p1a: Vaporeon|435/463 slp|[from] Sandstorm
|-heal|p1a: Vaporeon|463/463 slp|[from] item: Leftovers
|turn|26
|
|switch|p2a: Hawt Tranny ;-)|Heatran, F|92/386
|-damage|p2a: Hawt Tranny ;-)|44/386|[from] Stealth Rock
|cant|p1a: Vaporeon|slp
|
|-weather|Sandstorm|[upkeep]
|-damage|p1a: Vaporeon|435/463 slp|[from] Sandstorm
|-heal|p2a: Hawt Tranny ;-)|68/386|[from] item: Leftovers
|-heal|p1a: Vaporeon|463/463 slp|[from] item: Leftovers
|turn|27
|
|cant|p1a: Vaporeon|slp
|move|p2a: Hawt Tranny ;-)|Roar|p1a: Vaporeon
|drag|p1a: Hemothorn.|Ferrothorn, M|330/352
|-damage|p1a: Hemothorn.|308/352|[from] Stealth Rock
|-damage|p1a: Hemothorn.|250/352|[from] Spikes
|
|-weather|Sandstorm|[upkeep]
|-heal|p2a: Hawt Tranny ;-)|92/386|[from] item: Leftovers
|-heal|p1a: Hemothorn.|272/352|[from] item: Leftovers
|turn|28
|
|switch|p1a: Vaporeon|Vaporeon, M|463/463 slp
|-damage|p1a: Vaporeon|406/463 slp|[from] Stealth Rock
|-damage|p1a: Vaporeon|329/463 slp|[from] Spikes
|move|p2a: Hawt Tranny ;-)|Lava Plume|p1a: Vaporeon
|-resisted|p1a: Vaporeon
|-damage|p1a: Vaporeon|272/463 slp
|
|-weather|Sandstorm|[upkeep]
|-damage|p1a: Vaporeon|244/463 slp|[from] Sandstorm
|-heal|p2a: Hawt Tranny ;-)|116/386|[from] item: Leftovers
|-heal|p1a: Vaporeon|272/463 slp|[from] item: Leftovers
|turn|29
|
|cant|p1a: Vaporeon|slp
|move|p2a: Hawt Tranny ;-)|Roar|p1a: Vaporeon
|drag|p1a: Haxorus|Haxorus, M|204/294
|-damage|p1a: Haxorus|168/294|[from] Stealth Rock
|-damage|p1a: Haxorus|119/294|[from] Spikes
|-ability|p1a: Haxorus|Mold Breaker
|
|-weather|Sandstorm|[upkeep]
|-damage|p1a: Haxorus|101/294|[from] Sandstorm
|-heal|p2a: Hawt Tranny ;-)|140/386|[from] item: Leftovers
|turn|30
|chat|ahobowithanoboe|gg?
|
|switch|p2a: Chasity Belt|Ferrothorn, M|316/352 par
|-damage|p2a: Chasity Belt|294/352 par|[from] Stealth Rock
|move|p1a: Haxorus|Superpower|p2a: Chasity Belt
|-supereffective|p2a: Chasity Belt
|-damage|p2a: Chasity Belt|86/352 par
|-damage|p1a: Haxorus|65/294|[from] ability: Iron Barbs|[of] p2a: Chasity Belt
|-unboost|p1a: Haxorus|atk|1
|-unboost|p1a: Haxorus|def|1
|
|-weather|Sandstorm|[upkeep]
|-damage|p1a: Haxorus|47/294|[from] Sandstorm
|-heal|p2a: Chasity Belt|108/352 par|[from] item: Leftovers
|turn|31
|
|move|p2a: Chasity Belt|Protect|p2a: Chasity Belt
|-singleturn|p2a: Chasity Belt|Protect
|move|p1a: Haxorus|Superpower|p2a: Chasity Belt
|-activate|p2a: Chasity Belt|Protect
|
|-weather|Sandstorm|[upkeep]
|-damage|p1a: Haxorus|29/294|[from] Sandstorm
|-heal|p2a: Chasity Belt|130/352 par|[from] item: Leftovers
|turn|32
|
|move|p1a: Haxorus|Superpower|p2a: Chasity Belt
|-supereffective|p2a: Chasity Belt
|-damage|p2a: Chasity Belt|0 fnt
|-damage|p1a: Haxorus|0 fnt|[from] ability: Iron Barbs|[of] p2a: Chasity Belt
|faint|p2a: Chasity Belt
|faint|p1a: Haxorus
|
|-weather|Sandstorm|[upkeep]
|
|switch|p1a: Thundurus-Therian|Thundurus-Therian, M, shiny|300/300
|-damage|p1a: Thundurus-Therian|225/300|[from] Stealth Rock
|switch|p2a: Squishee|Jellicent, F|354/404 tox
|-damage|p2a: Squishee|304/404 tox|[from] Stealth Rock
|turn|33
|
|switch|p2a: SHANIQUA|Hippowdon, F|162/420 tox
|-damage|p2a: SHANIQUA|136/420 tox|[from] Stealth Rock
|move|p1a: Thundurus-Therian|Nasty Plot|p1a: Thundurus-Therian
|-boost|p1a: Thundurus-Therian|spa|2
|
|-weather|Sandstorm|[upkeep]
|-damage|p1a: Thundurus-Therian|207/300|[from] Sandstorm
|-heal|p1a: Thundurus-Therian|225/300|[from] item: Leftovers
|-heal|p2a: SHANIQUA|162/420 tox|[from] item: Leftovers
|-damage|p2a: SHANIQUA|136/420 tox|[from] psn
|turn|34
|
|move|p1a: Thundurus-Therian|Hidden Power|p2a: SHANIQUA
|-supereffective|p2a: SHANIQUA
|-damage|p2a: SHANIQUA|0 fnt
|faint|p2a: SHANIQUA
|
|-weather|Sandstorm|[upkeep]
|-damage|p1a: Thundurus-Therian|207/300|[from] Sandstorm
|-heal|p1a: Thundurus-Therian|225/300|[from] item: Leftovers
|
|switch|p2a: Confucius say...|Alakazam, M|252/252 tox
|turn|35
|
|move|p2a: Confucius say...|Hidden Power|p1a: Thundurus-Therian
|-supereffective|p1a: Thundurus-Therian
|-damage|p1a: Thundurus-Therian|29/300
|move|p1a: Thundurus-Therian|Thunderbolt|p2a: Confucius say...
|-enditem|p2a: Confucius say...|Focus Sash
|-damage|p2a: Confucius say...|1/252 tox
|
|-weather|Sandstorm|[upkeep]
|-damage|p1a: Thundurus-Therian|11/300|[from] Sandstorm
|-heal|p1a: Thundurus-Therian|29/300|[from] item: Leftovers
|turn|36
|
|move|p2a: Confucius say...|Hidden Power|p1a: Thundurus-Therian
|-supereffective|p1a: Thundurus-Therian
|-damage|p1a: Thundurus-Therian|0 fnt
|faint|p1a: Thundurus-Therian
|
|-weather|Sandstorm|[upkeep]
|
|switch|p1a: Hemothorn.|Ferrothorn, M|272/352
|-damage|p1a: Hemothorn.|214/352|[from] Spikes
|-damage|p1a: Hemothorn.|192/352|[from] Stealth Rock
|turn|37
|
|switch|p2a: Squishee|Jellicent, F|304/404 tox
|-damage|p2a: Squishee|254/404 tox|[from] Stealth Rock
|move|p1a: Hemothorn.|Power Whip|p2a: Squishee
|-supereffective|p2a: Squishee
|-damage|p2a: Squishee|0 fnt
|faint|p2a: Squishee
|
|-weather|Sandstorm|[upkeep]
|-heal|p1a: Hemothorn.|214/352|[from] item: Leftovers
|
|switch|p2a: Hawt Tranny ;-)|Heatran, F|140/386
|-damage|p2a: Hawt Tranny ;-)|92/386|[from] Stealth Rock
|turn|38
|
|move|p2a: Hawt Tranny ;-)|Lava Plume|p1a: Hemothorn.
|-supereffective|p1a: Hemothorn.
|-damage|p1a: Hemothorn.|0 fnt
|faint|p1a: Hemothorn.
|
|-weather|Sandstorm|[upkeep]
|-heal|p2a: Hawt Tranny ;-)|116/386|[from] item: Leftovers
|-message|JamesH93 forfeited.
|
|win|ahobowithanoboe
|raw|Ladder updating...
|raw|JamesH93's rating: 1438 &rarr; <strong>1412</strong><br />(-26 for losing)
|raw|ahobowithanoboe's rating: 1342 &rarr; <strong>1368</strong><br />(+26 for winning)
|leave|JamesH93
|player|p1