|j|☆Salutethewolf
|j|☆SattleBimulator
|t:|1745944838
|gametype|singles
|player|p1|Salutethewolf|hugh|1383
|player|p2|SattleBimulator|265|1482
|teamsize|p1|6
|teamsize|p2|6
|gen|5
|tier|[Gen 5] OU
|rated|
|rule|Species Clause: Limit one of each Pokémon
|rule|OHKO Clause: OHKO moves are banned
|rule|Moody Clause: Moody is banned
|rule|Evasion Items Clause: Evasion items are banned
|rule|Evasion Moves Clause: Evasion moves are banned
|rule|Endless Battle Clause: Forcing endless battles is banned
|rule|HP Percentage Mod: HP is shown in percentages
|rule|Evasion Abilities Clause: Evasion abilities are banned
|rule|Sleep Moves Clause: Sleep-inducing moves are banned
|rule|Swagger Clause: Swagger is banned
|rule|Baton Pass Stat Clause: No Baton Passer may have a way to boost its stats
|clearpoke
|poke|p1|Bronzong|item
|poke|p1|Crawdaunt, M|item
|poke|p1|Reuniclus, F|item
|poke|p1|Conkeldurr, M|item
|poke|p1|Garchomp, M|item
|poke|p1|Nidoqueen, F|item
|poke|p2|Excadrill, M|item
|poke|p2|Garchomp, M|item
|poke|p2|Tyranitar, M|item
|poke|p2|Scizor, F|item
|poke|p2|Skarmory, M|item
|poke|p2|Gengar, M|item
|teampreview
|inactive|Battle timer is ON: inactive players will automatically lose when time's up. (requested by SattleBimulator)
|inactive|Salutethewolf also wants the timer to be on.
|
|t:|1745944854
|start
|switch|p1a: Bronzong|Bronzong, shiny|100/100
|switch|p2a: Skarmory|Skarmory, M|100/100
|turn|1
|
|t:|1745944860
|move|p2a: Skarmory|Stealth Rock|p1a: Bronzong
|-sidestart|p1: Salutethewolf|move: Stealth Rock
|move|p1a: Bronzong|Stealth Rock|p2a: Skarmory
|-sidestart|p2: SattleBimulator|move: Stealth Rock
|
|upkeep
|turn|2
|
|t:|1745944865
|move|p2a: Skarmory|Spikes|p1a: Bronzong
|-sidestart|p1: Salutethewolf|Spikes
|move|p1a: Bronzong|Trick Room|p1a: Bronzong
|-fieldstart|move: Trick Room|[of] p1a: Bronzong
|
|upkeep
|turn|3
|
|t:|1745944871
|switch|p1a: Nidoqueen|Nidoqueen, F, shiny|100/100
|-damage|p1a: Nidoqueen|94/100|[from] Stealth Rock
|-damage|p1a: Nidoqueen|82/100|[from] Spikes
|move|p2a: Skarmory|Spikes|p1a: Nidoqueen
|-sidestart|p1: Salutethewolf|Spikes
|
|upkeep
|turn|4
|
|t:|1745944879
|switch|p2a: Tyranitar|Tyranitar, M|100/100
|-damage|p2a: Tyranitar|88/100|[from] Stealth Rock
|-weather|Sandstorm|[from] ability: Sand Stream|[of] p2a: Tyranitar
|move|p1a: Nidoqueen|Flamethrower|p2a: Tyranitar
|-resisted|p2a: Tyranitar
|-damage|p2a: Tyranitar|76/100
|
|-weather|Sandstorm|[upkeep]
|upkeep
|turn|5
|
|t:|1745944889
|switch|p2a: Skarmory|Skarmory, M|100/100
|-damage|p2a: Skarmory|88/100|[from] Stealth Rock
|move|p1a: Nidoqueen|Earth Power|p2a: Skarmory
|-immune|p2a: Skarmory
|
|-weather|Sandstorm|[upkeep]
|upkeep
|turn|6
|
|t:|1745944898
|move|p1a: Nidoqueen|Earth Power|p2a: Skarmory
|-immune|p2a: Skarmory
|move|p2a: Skarmory|Spikes|p1a: Nidoqueen
|-sidestart|p1: Salutethewolf|Spikes
|
|-weather|Sandstorm|[upkeep]
|-fieldend|move: Trick Room
|upkeep
|turn|7
|
|t:|1745944908
|move|p1a: Nidoqueen|Earth Power|p2a: Skarmory
|-immune|p2a: Skarmory
|move|p2a: Skarmory|Whirlwind|p1a: Nidoqueen
|drag|p1a: Crawdaunt|Crawdaunt, M, shiny|100/100
|-damage|p1a: Crawdaunt|88/100|[from] Stealth Rock
|-damage|p1a: Crawdaunt|63/100|[from] Spikes
|
|-weather|Sandstorm|[upkeep]
|-damage|p1a: Crawdaunt|57/100|[from] Sandstorm
|upkeep
|turn|8
|
|t:|1745944920
|move|p1a: Crawdaunt|Surf|p2a: Skarmory
|-damage|p2a: Skarmory|0 fnt
|faint|p2a: Skarmory
|-damage|p1a: Crawdaunt|47/100|[from] item: Life Orb
|
|-weather|Sandstorm|[upkeep]
|-damage|p1a: Crawdaunt|41/100|[from] Sandstorm
|upkeep
|
|t:|1745944928
|switch|p2a: Scizor|Scizor, F|100/100
|-damage|p2a: Scizor|88/100|[from] Stealth Rock
|turn|9
|
|t:|1745944937
|switch|p1a: Bronzong|Bronzong, shiny|100/100
|-damage|p1a: Bronzong|94/100|[from] Stealth Rock
|move|p2a: Scizor|Superpower|p1a: Bronzong
|-damage|p1a: Bronzong|53/100
|-unboost|p2a: Scizor|atk|1
|-unboost|p2a: Scizor|def|1
|-damage|p2a: Scizor|78/100|[from] item: Life Orb
|
|-weather|Sandstorm|[upkeep]
|upkeep
|turn|10
|
|t:|1745944949
|move|p2a: Scizor|Swords Dance|p2a: Scizor
|-boost|p2a: Scizor|atk|2
|move|p1a: Bronzong|Trick Room|p1a: Bronzong
|-fieldstart|move: Trick Room|[of] p1a: Bronzong
|
|-weather|Sandstorm|[upkeep]
|upkeep
|turn|11
|
|t:|1745944956
|move|p1a: Bronzong|Explosion|p2a: Scizor
|-resisted|p2a: Scizor
|-damage|p2a: Scizor|31/100
|faint|p1a: Bronzong
|move|p2a: Scizor|Superpower|p1: Bronzong|[notarget]
|-fail|p2a: Scizor
|
|-weather|Sandstorm|[upkeep]
|upkeep
|
|t:|1745944964
|switch|p1a: Conkeldurr|Conkeldurr, M, shiny|100/100
|-damage|p1a: Conkeldurr|94/100|[from] Stealth Rock
|-damage|p1a: Conkeldurr|70/100|[from] Spikes
|turn|12
|
|t:|1745944970
|move|p1a: Conkeldurr|Mach Punch|p2a: Scizor
|-damage|p2a: Scizor|0 fnt
|faint|p2a: Scizor
|-damage|p1a: Conkeldurr|60/100|[from] item: Life Orb
|
|-weather|Sandstorm|[upkeep]
|-damage|p1a: Conkeldurr|54/100|[from] Sandstorm
|upkeep
|
|t:|1745944975
|switch|p2a: Gengar|Gengar, M|100/100
|-damage|p2a: Gengar|88/100|[from] Stealth Rock
|turn|13
|
|t:|1745944982
|move|p1a: Conkeldurr|Ice Punch|p2a: Gengar
|-damage|p2a: Gengar|0 fnt
|faint|p2a: Gengar
|-damage|p1a: Conkeldurr|44/100|[from] item: Life Orb
|
|-weather|Sandstorm|[upkeep]
|-damage|p1a: Conkeldurr|38/100|[from] Sandstorm
|upkeep
|
|t:|1745944987
|switch|p2a: Garchomp|Garchomp, M|100/100
|-damage|p2a: Garchomp|94/100|[from] Stealth Rock
|turn|14
|
|t:|1745944993
|switch|p2a: Tyranitar|Tyranitar, M|76/100
|-damage|p2a: Tyranitar|64/100|[from] Stealth Rock
|move|p1a: Conkeldurr|Drain Punch|p2a: Tyranitar
|-supereffective|p2a: Tyranitar
|-enditem|p2a: Tyranitar|Chople Berry|[eat]
|-enditem|p2a: Tyranitar|Chople Berry|[weaken]
|-damage|p2a: Tyranitar|0 fnt
|-heal|p1a: Conkeldurr|69/100|[from] drain|[of] p2a: Tyranitar
|faint|p2a: Tyranitar
|-damage|p1a: Conkeldurr|59/100|[from] item: Life Orb
|
|-weather|Sandstorm|[upkeep]
|-damage|p1a: Conkeldurr|53/100|[from] Sandstorm
|-fieldend|move: Trick Room
|upkeep
|
|t:|1745944996
|switch|p2a: Garchomp|Garchomp, M|94/100
|-damage|p2a: Garchomp|88/100|[from] Stealth Rock
|turn|15
|
|t:|1745945012
|switch|p1a: Crawdaunt|Crawdaunt, M, shiny|41/100
|-damage|p1a: Crawdaunt|29/100|[from] Stealth Rock
|-damage|p1a: Crawdaunt|4/100|[from] Spikes
|move|p2a: Garchomp|Outrage|p1a: Crawdaunt
|-damage|p1a: Crawdaunt|0 fnt
|faint|p1a: Crawdaunt
|
|-weather|Sandstorm|[upkeep]
|upkeep
|
|t:|1745945023
|switch|p1a: Reuniclus|Reuniclus, F, shiny|100/100
|turn|16
|
|t:|1745945026
|move|p2a: Garchomp|Outrage|p1a: Reuniclus|[from] lockedmove
|-damage|p1a: Reuniclus|39/100
|move|p1a: Reuniclus|Trick Room|p1a: Reuniclus
|-fieldstart|move: Trick Room|[of] p1a: Reuniclus
|
|-weather|Sandstorm|[upkeep]
|upkeep
|turn|17
|
|t:|1745945033
|move|p1a: Reuniclus|Psychic|p2a: Garchomp
|-damage|p2a: Garchomp|6/100
|move|p2a: Garchomp|Outrage|p1a: Reuniclus|[from] lockedmove
|-damage|p1a: Reuniclus|0 fnt
|faint|p1a: Reuniclus
|-start|p2a: Garchomp|confusion|[fatigue]
|
|-weather|Sandstorm|[upkeep]
|upkeep
|
|t:|1745945044
|switch|p1a: Nidoqueen|Nidoqueen, F, shiny|82/100
|-damage|p1a: Nidoqueen|75/100|[from] Stealth Rock
|-damage|p1a: Nidoqueen|50/100|[from] Spikes
|turn|18
|
|t:|1745945050
|switch|p2a: Excadrill|Excadrill, M|100/100
|-damage|p2a: Excadrill|97/100|[from] Stealth Rock
|-ability|p2a: Excadrill|Mold Breaker
|-item|p2a: Excadrill|Air Balloon
|move|p1a: Nidoqueen|Earth Power|p2a: Excadrill
|-immune|p2a: Excadrill
|
|-weather|Sandstorm|[upkeep]
|upkeep
|turn|19
|
|t:|1745945064
|switch|p2a: Garchomp|Garchomp, M|6/100
|-damage|p2a: Garchomp|0 fnt|[from] Stealth Rock
|faint|p2a: Garchomp
|move|p1a: Nidoqueen|Flamethrower|p2: Garchomp|[notarget]
|-fail|p1a: Nidoqueen
|
|-weather|Sandstorm|[upkeep]
|upkeep
|
|t:|1745945066
|switch|p2a: Excadrill|Excadrill, M|97/100
|-damage|p2a: Excadrill|94/100|[from] Stealth Rock
|-ability|p2a: Excadrill|Mold Breaker
|-item|p2a: Excadrill|Air Balloon
|turn|20
|
|t:|1745945078
|move|p1a: Nidoqueen|Flamethrower|p2a: Excadrill
|-supereffective|p2a: Excadrill
|-damage|p2a: Excadrill|0 fnt
|-enditem|p2a: Excadrill|Air Balloon
|faint|p2a: Excadrill
|
|win|Salutethewolf
|raw|Salutethewolf's rating: 1383 &rarr; <strong>1409</strong><br />(+26 for winning)
|raw|SattleBimulator's rating: 1482 &rarr; <strong>1456</strong><br />(-26 for losing)
|l|☆SattleBimulator
|player|p2|
