|j|assndix
|j|Bredoom McDougal
|player|p1|assndix|167
|player|p2|Bredoom McDougal|101
|gametype|singles
|gen|5
|tier|[Gen 5] OU
|rated
|seed|7305,47827,14706,39698
|rule|Evasion Abilities Clause: Evasion abilities are banned
|rule|Baton Pass Clause: Limit one Baton Passer, can't pass Spe and other stats simultaneously
|rule|Swagger Clause: Swagger is banned
|clearpoke
|poke|p1|Tyranitar, M|item
|poke|p1|Bronzong|item
|poke|p1|Hydreigon, M|item
|poke|p1|Rotom-Wash|item
|poke|p1|Landorus-Therian, M|item
|poke|p1|Heatran, M|item
|poke|p2|Garchomp, F, shiny|item
|poke|p2|Volcarona, M|item
|poke|p2|Breloom, M, shiny|item
|poke|p2|Dragonite, M|item
|poke|p2|Starmie, shiny|item
|poke|p2|Scizor, F|item
|rule|Sleep Clause Mod: Limit one foe put to sleep
|rule|Species Clause: Limit one of each Pokémon
|rule|OHKO Clause: OHKO moves are banned
|rule|Moody Clause: Moody is banned
|rule|Evasion Moves Clause: Evasion moves are banned
|rule|Endless Battle Clause: Forcing endless battles is banned
|rule|HP Percentage Mod: HP is shown in percentages
|teampreview
|choice|team 6, team 2, team 3, team 4, team 5, team 1|team 3, team 2, team 1, team 4, team 5, team 6
|
|start
|switch|p1a: Heatran|Heatran, M|337/337
|switch|p2a: Breloom|Breloom, M, shiny|261/261
|turn|1
|choice|move substitute|move lowsweep
|
|move|p1a: Heatran|Substitute|p1a: Heatran
|-start|p1a: Heatran|Substitute
|-damage|p1a: Heatran|253/337
|move|p2a: Breloom|Low Sweep|p1a: Heatran
|-supereffective|p1a: Heatran
|-end|p1a: Heatran|Substitute
|
|-heal|p1a: Heatran|274/337|[from] item: Leftovers
|upkeep
|turn|2
|choice|switch 5|move spore
|
|switch|p1a: Landorus|Landorus-Therian, M|319/319
|-ability|p1a: Landorus|Intimidate|boost
|-unboost|p2a: Breloom|atk|1
|move|p2a: Breloom|Spore|p1a: Landorus
|-status|p1a: Landorus|slp
|
|upkeep
|turn|3
|choice|switch 2|move bulletseed
|
|switch|p1a: Bronzong|Bronzong|337/337
|move|p2a: Breloom|Bullet Seed|p1a: Bronzong
|-resisted|p1a: Bronzong
|-damage|p1a: Bronzong|316/337
|-resisted|p1a: Bronzong
|-damage|p1a: Bronzong|295/337
|-hitcount|p1a: Bronzong|2
|
|-heal|p1a: Bronzong|316/337|[from] item: Leftovers
|upkeep
|turn|4
|choice|move stealthrock|move lowsweep
|
|move|p2a: Breloom|Low Sweep|p1a: Bronzong
|-damage|p1a: Bronzong|214/337
|-unboost|p1a: Bronzong|spe|1
|move|p1a: Bronzong|Stealth Rock|p2a: Breloom
|-sidestart|p2: Bredoom McDougal|move: Stealth Rock
|
|-heal|p1a: Bronzong|235/337|[from] item: Leftovers
|upkeep
|turn|5
|choice|move gyroball|move lowsweep
|
|move|p2a: Breloom|Low Sweep|p1a: Bronzong
|-damage|p1a: Bronzong|138/337
|-unboost|p1a: Bronzong|spe|1
|move|p1a: Bronzong|Gyro Ball|p2a: Breloom
|-damage|p2a: Breloom|83/261
|
|-heal|p1a: Bronzong|159/337|[from] item: Leftovers
|upkeep
|turn|6
|choice|switch 2|move lowsweep
|
|switch|p1a: Landorus|Landorus-Therian, M|319/319 slp
|-ability|p1a: Landorus|Intimidate|boost
|-unboost|p2a: Breloom|atk|1
|move|p2a: Breloom|Low Sweep|p1a: Landorus
|-resisted|p1a: Landorus
|-damage|p1a: Landorus|274/319 slp
|-unboost|p1a: Landorus|spe|1
|
|upkeep
|turn|7
|j|outside players=.=
|choice|switch 2|switch 5
|
|switch|p1a: Bronzong|Bronzong|159/337
|switch|p2a: Starmie|Starmie, shiny|261/261
|-damage|p2a: Starmie|229/261|[from] Stealth Rock
|
|-heal|p1a: Bronzong|180/337|[from] item: Leftovers
|upkeep
|turn|8
|choice|move toxic|move hydropump
|
|move|p2a: Starmie|Hydro Pump|p1a: Bronzong
|-damage|p1a: Bronzong|7/337
|-damage|p2a: Starmie|203/261|[from] item: Life Orb
|move|p1a: Bronzong|Toxic|p2a: Starmie
|-status|p2a: Starmie|tox
|
|-heal|p1a: Bronzong|28/337|[from] item: Leftovers
|-damage|p2a: Starmie|187/261 tox|[from] psn
|upkeep
|turn|9
|choice|move stealthrock|move rapidspin
|
|move|p2a: Starmie|Rapid Spin|p1a: Bronzong
|-resisted|p1a: Bronzong
|-damage|p1a: Bronzong|22/337
|-sideend|p2: Bredoom McDougal|Stealth Rock|[from] move: Rapid Spin|[of] p2a: Starmie
|-damage|p2a: Starmie|161/261 tox|[from] item: Life Orb
|move|p1a: Bronzong|Stealth Rock|p2a: Starmie
|-sidestart|p2: Bredoom McDougal|move: Stealth Rock
|
|-heal|p1a: Bronzong|43/337|[from] item: Leftovers
|-damage|p2a: Starmie|129/261 tox|[from] psn
|upkeep
|turn|10
|choice|move stealthrock|move hydropump
|
|move|p2a: Starmie|Hydro Pump|p1a: Bronzong
|-damage|p1a: Bronzong|0 fnt
|-damage|p2a: Starmie|103/261 tox|[from] item: Life Orb
|faint|p1a: Bronzong
|
|-damage|p2a: Starmie|55/261 tox|[from] psn
|upkeep
|choice|switch 5|
|
|switch|p1a: Heatran|Heatran, M|274/337
|turn|11
|choice|move substitute|move rapidspin
|
|move|p2a: Starmie|Rapid Spin|p1a: Heatran
|-resisted|p1a: Heatran
|-damage|p1a: Heatran|268/337
|-sideend|p2: Bredoom McDougal|Stealth Rock|[from] move: Rapid Spin|[of] p2a: Starmie
|-damage|p2a: Starmie|29/261 tox|[from] item: Life Orb
|move|p1a: Heatran|Substitute|p1a: Heatran
|-start|p1a: Heatran|Substitute
|-damage|p1a: Heatran|184/337
|
|-heal|p1a: Heatran|205/337|[from] item: Leftovers
|-damage|p2a: Starmie|0 fnt|[from] psn
|upkeep
|faint|p2a: Starmie
|choice||switch 5
|
|switch|p2a: Breloom|Breloom, M, shiny|83/261
|turn|12
|choice|move flamethrower|move machpunch
|
|move|p2a: Breloom|Mach Punch|p1a: Heatran
|-supereffective|p1a: Heatran
|-end|p1a: Heatran|Substitute
|move|p1a: Heatran|Flamethrower|p2a: Breloom
|-supereffective|p2a: Breloom
|-damage|p2a: Breloom|0 fnt
|faint|p2a: Breloom
|
|-heal|p1a: Heatran|226/337|[from] item: Leftovers
|upkeep
|choice||switch 2
|
|switch|p2a: Volcarona|Volcarona, M|329/329
|turn|13
|c|☆assndix|can u choke this? time to find out
|choice|switch 6|move hiddenpower
|
|switch|p1a: Tyranitar|Tyranitar, M|369/369
|-weather|Sandstorm|[from] ability: Sand Stream|[of] p1a: Tyranitar
|move|p2a: Volcarona|Hidden Power|p1a: Tyranitar
|-supereffective|p1a: Tyranitar
|-damage|p1a: Tyranitar|251/369
|
|-weather|Sandstorm|[upkeep]
|-damage|p2a: Volcarona|309/329|[from] sandstorm
|upkeep
|turn|14
|choice|move pursuit|move bugbuzz
|
|move|p2a: Volcarona|Bug Buzz|p1a: Tyranitar
|-supereffective|p1a: Tyranitar
|-damage|p1a: Tyranitar|47/369
|move|p1a: Tyranitar|Pursuit|p2a: Volcarona
|-crit|p2a: Volcarona
|-damage|p2a: Volcarona|0 fnt
|faint|p2a: Volcarona
|
|-weather|Sandstorm|[upkeep]
|upkeep
|c|☆assndix|yeah u did choke indeed
|c|☆Bredoom McDougal|wow
|c|☆Bredoom McDougal|yes a crit is choking
|c|☆assndix|you choked.
|c|☆Bredoom McDougal|Damn
|c|☆assndix|when you make bad plays u deserve to get crit
|c|☆Bredoom McDougal|that was game
|c|☆Bredoom McDougal|for me.. if u didn't crit
|c|☆assndix|why didnt u go to garchomp
|c|☆assndix|i legit want to know it
|choice||switch 4
|
|switch|p2a: Dragonite|Dragonite, M|324/324
|turn|15
|c|☆assndix|and whats that goddamn ass set
|c|☆assndix|bug buzz hp ground
|c|☆assndix|lol
|choice|switch 3|move dragondance
|
|switch|p1a: Hydreigon|Hydreigon, M|329/329
|move|p2a: Dragonite|Dragon Dance|p2a: Dragonite
|-boost|p2a: Dragonite|atk|1
|-boost|p2a: Dragonite|spe|1
|
|-weather|Sandstorm|[upkeep]
|-damage|p2a: Dragonite|304/324|[from] sandstorm
|-damage|p1a: Hydreigon|309/329|[from] sandstorm
|upkeep
|turn|16
|choice|switch 3|move outrage
|
|switch|p1a: Tyranitar|Tyranitar, M|47/369
|move|p2a: Dragonite|Outrage|p1a: Tyranitar
|-damage|p1a: Tyranitar|0 fnt
|faint|p1a: Tyranitar
|
|-weather|Sandstorm|[upkeep]
|-damage|p2a: Dragonite|284/324|[from] sandstorm
|upkeep
|choice|switch 6|
|
|switch|p1a: Heatran|Heatran, M|226/337
|turn|17
|c|☆Bredoom McDougal|pretty standard volca set
|c|☆Bredoom McDougal|obvi
|c|☆assndix|no its not
|c|☆Bredoom McDougal|HP Ice or HP ground.. I find ground more useful
|choice|move hiddenpower|move outrage
|
|move|p2a: Dragonite|Outrage|p1a: Heatran|[from]lockedmove
|-resisted|p1a: Heatran
|-damage|p1a: Heatran|61/337
|move|p1a: Heatran|Hidden Power|p2a: Dragonite
|-supereffective|p2a: Dragonite
|-damage|p2a: Dragonite|0 fnt
|faint|p2a: Dragonite
|
|-weather|Sandstorm|[upkeep]
|-heal|p1a: Heatran|82/337|[from] item: Leftovers
|upkeep
|c|☆assndix|a volc set that loses to keldeo
|c|☆assndix|which btw rapes ur team
|choice||switch 3
|
|switch|p2a: Garchomp|Garchomp, F, shiny|373/373
|turn|18
|c|☆assndix|anyway u just stole the most goddamn used in bw history and changed to ass sets
|c|☆Bredoom McDougal|I have no problem with keldeo
|c|☆Bredoom McDougal|starmie destroys keldeo
|c|☆Bredoom McDougal|so does garchomp
|c|☆assndix|no they dont
|choice|move hiddenpower|move earthquake
|
|move|p2a: Garchomp|Earthquake|p1a: Heatran
|-supereffective|p1a: Heatran
|-damage|p1a: Heatran|0 fnt
|faint|p1a: Heatran
|
|-weather|Sandstorm|[upkeep]
|upkeep
|choice|switch 4|
|
|switch|p1a: Rotom|Rotom-Wash|303/303
|turn|19
|c|☆assndix|another choke
|c|☆Bredoom McDougal|yeah.. they do
|choice|move willowisp|move swordsdance
|
|move|p2a: Garchomp|Swords Dance|p2a: Garchomp
|-boost|p2a: Garchomp|atk|2
|move|p1a: Rotom|Will-O-Wisp|p2a: Garchomp
|-status|p2a: Garchomp|brn
|
|-weather|Sandstorm|[upkeep]
|-damage|p1a: Rotom|285/303|[from] sandstorm
|-heal|p1a: Rotom|303/303|[from] item: Leftovers
|-damage|p2a: Garchomp|327/373 brn|[from] brn
|upkeep
|turn|20
|choice|move hydropump|move swordsdance
|
|move|p2a: Garchomp|Swords Dance|p2a: Garchomp
|-boost|p2a: Garchomp|atk|2
|move|p1a: Rotom|Hydro Pump|p2a: Garchomp
|-damage|p2a: Garchomp|149/373 brn
|
|-weather|Sandstorm|[upkeep]
|-damage|p1a: Rotom|285/303|[from] sandstorm
|-heal|p1a: Rotom|303/303|[from] item: Leftovers
|-damage|p2a: Garchomp|103/373 brn|[from] brn
|upkeep
|turn|21
|c|☆Bredoom McDougal|big talk from a guy who won only because of a crit
|choice|switch 2|move outrage
|
|switch|p1a: Landorus|Landorus-Therian, M|274/319 slp
|-ability|p1a: Landorus|Intimidate|boost
|-unboost|p2a: Garchomp|atk|1
|move|p2a: Garchomp|Outrage|p1a: Landorus
|-damage|p1a: Landorus|0 fnt
|faint|p1a: Landorus
|
|-weather|Sandstorm|[upkeep]
|-damage|p2a: Garchomp|57/373 brn|[from] brn
|upkeep
|choice|switch 2|
|
|switch|p1a: Rotom|Rotom-Wash|303/303
|turn|22
|choice|move hydropump|move outrage
|
|move|p2a: Garchomp|Outrage|p1a: Rotom|[from]lockedmove
|-damage|p1a: Rotom|116/303
|move|p1a: Rotom|Hydro Pump|p2a: Garchomp
|-damage|p2a: Garchomp|0 fnt
|faint|p2a: Garchomp
|
|-weather|Sandstorm|[upkeep]
|-damage|p1a: Rotom|98/303|[from] sandstorm
|-heal|p1a: Rotom|116/303|[from] item: Leftovers
|upkeep
|choice||switch 6
|
|switch|p2a: Scizor|Scizor, F|292/292
|turn|23
|choice|move willowisp|move bugbite
|
|move|p2a: Scizor|Bug Bite|p1a: Rotom
|-damage|p1a: Rotom|0 fnt
|-damage|p2a: Scizor|263/292|[from] item: Life Orb
|faint|p1a: Rotom
|
|-weather|Sandstorm|[upkeep]
|upkeep
|choice|switch 3|
|
|switch|p1a: Hydreigon|Hydreigon, M|309/329
|turn|24
|choice|move fireblast|move bugbite
|
|move|p1a: Hydreigon|Fire Blast|p2a: Scizor
|-supereffective|p2a: Scizor
|-damage|p2a: Scizor|0 fnt
|-damage|p1a: Hydreigon|277/329|[from] item: Life Orb
|faint|p2a: Scizor
|
|win|assndix
|raw|assndix's rating: 1381 &rarr; <strong>1399</strong><br />(+18 for winning)
|raw|Bredoom McDougal's rating: 1333 &rarr; <strong>1315</strong><br />(-18 for losing)
|l|assndix
|l|Bredoom McDougal