|uhtml|medal-msg|<div class="broadcast-blue">Curious what those medals under the avatar are? PS now has Ladder Seasons! For more information, check out the <a href="https://www.smogon.com/forums/threads/3740067/">thread on Smogon.</a></div>
|uhtml|medal-msg|<div class="broadcast-blue">Curious what those medals under the avatar are? PS now has Ladder Seasons! For more information, check out the <a href="https://www.smogon.com/forums/threads/3740067/">thread on Smogon.</a></div>
|j|☆ihymyly
|j|☆estalos
|t:|1714083723
|gametype|singles
|player|p1|ihymyly|cheryl|1366
|player|p2|estalos|266|1393
|teamsize|p1|6
|teamsize|p2|6
|gen|5
|tier|[Gen 5] OU
|rated|
|rule|Species Clause: Limit one of each Pokémon
|rule|OHKO Clause: OHKO moves are banned
|rule|Moody Clause: Moody is banned
|rule|Evasion Items Clause: Evasion items are banned
|rule|Evasion Moves Clause: Evasion moves are banned
|rule|Endless Battle Clause: Forcing endless battles is banned
|rule|HP Percentage Mod: HP is shown in percentages
|rule|Evasion Abilities Clause: Evasion abilities are banned
|rule|Sleep Moves Clause: Sleep-inducing moves are banned
|rule|Swagger Clause: Swagger is banned
|rule|Baton Pass Stat Clause: No Baton Passer may have a way to boost its stats
|clearpoke
|poke|p1|Tyranitar, M|item
|poke|p1|Alakazam, M|item
|poke|p1|Latios, M|item
|poke|p1|Garchomp, F|item
|poke|p1|Skarmory, M|item
|poke|p1|Gengar, F|item
|poke|p2|Cloyster, M|item
|poke|p2|Skarmory, M|item
|poke|p2|Starmie|item
|poke|p2|Scizor, F|item
|poke|p2|Volcarona, M|item
|poke|p2|Landorus-Therian, M|item
|teampreview
|
|t:|1714083736
|start
|switch|p1a: Gengar|Gengar, F|100/100
|switch|p2a: Starmie|Starmie|100/100
|-item|p2a: Starmie|Air Balloon
|turn|1
|
|t:|1714083746
|switch|p2a: Scizor|Scizor, F|100/100
|move|p1a: Gengar|Shadow Ball|p2a: Scizor
|-resisted|p2a: Scizor
|-damage|p2a: Scizor|72/100
|
|upkeep
|turn|2
|
|t:|1714083749
|-activate|p1a: Gengar|move: Pursuit
|move|p2a: Scizor|Pursuit|p1a: Gengar|[from]Pursuit
|-supereffective|p1a: Gengar
|-damage|p1a: Gengar|0 fnt
|faint|p1a: Gengar
|-damage|p2a: Scizor|62/100|[from] item: Life Orb
|-hint|A Pokemon can't switch between when it runs out of HP and when it faints
|
|upkeep
|
|t:|1714083754
|switch|p1a: Garchomp|Garchomp, F|100/100
|turn|3
|
|t:|1714083757
|switch|p2a: Landorus|Landorus-Therian, M|100/100
|-ability|p2a: Landorus|Intimidate|boost
|-unboost|p1a: Garchomp|atk|1
|move|p1a: Garchomp|Stealth Rock|p2a: Landorus
|-sidestart|p2: estalos|move: Stealth Rock
|
|upkeep
|turn|4
|
|t:|1714083763
|move|p1a: Garchomp|Draco Meteor|p2a: Landorus
|-damage|p2a: Landorus|20/100
|-unboost|p1a: Garchomp|spa|2
|-damage|p1a: Garchomp|91/100|[from] item: Life Orb
|move|p2a: Landorus|Earthquake|p1a: Garchomp
|-crit|p1a: Garchomp
|-damage|p1a: Garchomp|0 fnt
|faint|p1a: Garchomp
|
|upkeep
|
|t:|1714083772
|switch|p1a: Alakazam|Alakazam, M|100/100
|turn|5
|
|t:|1714083776
|move|p1a: Alakazam|Psychic|p2a: Landorus
|-damage|p2a: Landorus|0 fnt
|faint|p2a: Landorus
|
|upkeep
|
|t:|1714083778
|switch|p2a: Scizor|Scizor, F|62/100
|-damage|p2a: Scizor|50/100|[from] Stealth Rock
|turn|6
|
|t:|1714083782
|move|p2a: Scizor|Bullet Punch|p1a: Alakazam
|-enditem|p1a: Alakazam|Focus Sash
|-damage|p1a: Alakazam|1/100
|-damage|p2a: Scizor|40/100|[from] item: Life Orb
|move|p1a: Alakazam|Focus Blast|p2a: Scizor
|-damage|p2a: Scizor|0 fnt
|faint|p2a: Scizor
|
|upkeep
|
|t:|1714083790
|switch|p2a: Cloyster|Cloyster, M|100/100
|-damage|p2a: Cloyster|76/100|[from] Stealth Rock
|turn|7
|
|t:|1714083793
|move|p2a: Cloyster|Ice Shard|p1a: Alakazam
|-damage|p1a: Alakazam|0 fnt
|faint|p1a: Alakazam
|
|upkeep
|
|t:|1714083795
|switch|p1a: Latios|Latios, M|100/100
|turn|8
|
|t:|1714083798
|move|p2a: Cloyster|Ice Shard|p1a: Latios
|-supereffective|p1a: Latios
|-damage|p1a: Latios|35/100
|move|p1a: Latios|Dragon Pulse|p2a: Cloyster
|-damage|p2a: Cloyster|0 fnt
|faint|p2a: Cloyster
|
|upkeep
|
|t:|1714083805
|switch|p2a: Starmie|Starmie|100/100
|-damage|p2a: Starmie|88/100|[from] Stealth Rock
|-item|p2a: Starmie|Air Balloon
|turn|9
|
|t:|1714083807
|switch|p1a: Skarmory|Skarmory, M|100/100
|move|p2a: Starmie|Rapid Spin|p1a: Skarmory
|-resisted|p1a: Skarmory
|-damage|p1a: Skarmory|99/100
|-sideend|p2: estalos|Stealth Rock|[from] move: Rapid Spin|[of] p2a: Starmie
|
|-heal|p1a: Skarmory|100/100|[from] item: Leftovers
|upkeep
|turn|10
|
|t:|1714083810
|move|p2a: Starmie|Thunderbolt|p1a: Skarmory
|-supereffective|p1a: Skarmory
|-damage|p1a: Skarmory|53/100
|move|p1a: Skarmory|Brave Bird|p2a: Starmie
|-damage|p2a: Starmie|35/100
|-enditem|p2a: Starmie|Air Balloon
|-damage|p1a: Skarmory|39/100|[from] Recoil
|
|-heal|p1a: Skarmory|45/100|[from] item: Leftovers
|upkeep
|turn|11
|
|t:|1714083814
|switch|p1a: Tyranitar|Tyranitar, M|100/100
|-weather|Sandstorm|[from] ability: Sand Stream|[of] p1a: Tyranitar
|move|p2a: Starmie|Thunderbolt|p1a: Tyranitar
|-damage|p1a: Tyranitar|82/100
|
|-weather|Sandstorm|[upkeep]
|-damage|p2a: Starmie|29/100|[from] Sandstorm
|upkeep
|turn|12
|
|t:|1714083817
|move|p2a: Starmie|Hydro Pump|p1a: Tyranitar
|-supereffective|p1a: Tyranitar
|-damage|p1a: Tyranitar|31/100
|move|p1a: Tyranitar|Crunch|p2a: Starmie
|-supereffective|p2a: Starmie
|-damage|p2a: Starmie|0 fnt
|faint|p2a: Starmie
|
|-weather|Sandstorm|[upkeep]
|upkeep
|
|t:|1714083822
|switch|p2a: Skarmory|Skarmory, M|100/100
|turn|13
|
|t:|1714083828
|switch|p1a: Skarmory|Skarmory, M|45/100
|move|p2a: Skarmory|Stealth Rock|p1a: Skarmory
|-sidestart|p1: ihymyly|move: Stealth Rock
|
|-weather|Sandstorm|[upkeep]
|-heal|p1a: Skarmory|51/100|[from] item: Leftovers
|upkeep
|turn|14
|
|t:|1714083829
|move|p2a: Skarmory|Taunt|p1a: Skarmory
|-start|p1a: Skarmory|move: Taunt
|cant|p1a: Skarmory|move: Taunt|Roost
|
|-weather|Sandstorm|[upkeep]
|-heal|p1a: Skarmory|57/100|[from] item: Leftovers
|upkeep
|turn|15
|
|t:|1714083834
|switch|p1a: Latios|Latios, M|35/100
|-damage|p1a: Latios|22/100|[from] Stealth Rock
|move|p2a: Skarmory|Brave Bird|p1a: Latios
|-damage|p1a: Latios|0 fnt
|faint|p1a: Latios
|-damage|p2a: Skarmory|92/100|[from] Recoil
|
|-weather|Sandstorm|[upkeep]
|upkeep
|
|t:|1714083837
|switch|p1a: Skarmory|Skarmory, M|57/100
|-damage|p1a: Skarmory|45/100|[from] Stealth Rock
|turn|16
|
|t:|1714083840
|move|p2a: Skarmory|Taunt|p1a: Skarmory
|-start|p1a: Skarmory|move: Taunt
|move|p1a: Skarmory|Brave Bird|p2a: Skarmory
|-resisted|p2a: Skarmory
|-damage|p2a: Skarmory|76/100
|-damage|p1a: Skarmory|41/100|[from] Recoil
|
|-weather|Sandstorm|[upkeep]
|-heal|p1a: Skarmory|47/100|[from] item: Leftovers
|upkeep
|turn|17
|
|t:|1714083843
|move|p2a: Skarmory|Brave Bird|p1a: Skarmory
|-resisted|p1a: Skarmory
|-damage|p1a: Skarmory|29/100
|-damage|p2a: Skarmory|68/100|[from] Recoil
|move|p1a: Skarmory|Brave Bird|p2a: Skarmory
|-resisted|p2a: Skarmory
|-damage|p2a: Skarmory|53/100
|-damage|p1a: Skarmory|24/100|[from] Recoil
|
|-weather|Sandstorm|[upkeep]
|-heal|p1a: Skarmory|30/100|[from] item: Leftovers
|upkeep
|turn|18
|
|t:|1714083847
|move|p2a: Skarmory|Taunt||[still]
|-fail|p2a: Skarmory
|move|p1a: Skarmory|Brave Bird|p2a: Skarmory
|-resisted|p2a: Skarmory
|-damage|p2a: Skarmory|35/100
|-damage|p1a: Skarmory|26/100|[from] Recoil
|
|-weather|Sandstorm|[upkeep]
|-heal|p1a: Skarmory|32/100|[from] item: Leftovers
|-end|p1a: Skarmory|move: Taunt
|upkeep
|turn|19
|
|t:|1714083850
|move|p2a: Skarmory|Brave Bird|p1a: Skarmory
|-resisted|p1a: Skarmory
|-damage|p1a: Skarmory|13/100
|-damage|p2a: Skarmory|28/100|[from] Recoil
|move|p1a: Skarmory|Brave Bird|p2a: Skarmory
|-resisted|p2a: Skarmory
|-crit|p2a: Skarmory
|-damage|p2a: Skarmory|0 fnt
|faint|p2a: Skarmory
|-damage|p1a: Skarmory|6/100|[from] Recoil
|
|-weather|Sandstorm|[upkeep]
|-heal|p1a: Skarmory|12/100|[from] item: Leftovers
|upkeep
|
|t:|1714083852
|switch|p2a: Volcarona|Volcarona, M|100/100
|turn|20
|
|t:|1714083855
|move|p2a: Volcarona|Psychic|p1a: Skarmory
|-resisted|p1a: Skarmory
|-damage|p1a: Skarmory|0 fnt
|faint|p1a: Skarmory
|
|-weather|Sandstorm|[upkeep]
|-damage|p2a: Volcarona|94/100|[from] Sandstorm
|upkeep
|
|t:|1714083856
|switch|p1a: Tyranitar|Tyranitar, M|31/100
|-damage|p1a: Tyranitar|19/100|[from] Stealth Rock
|turn|21
|
|t:|1714083859
|move|p2a: Volcarona|Bug Buzz|p1a: Tyranitar
|-supereffective|p1a: Tyranitar
|-damage|p1a: Tyranitar|0 fnt
|faint|p1a: Tyranitar
|
|win|estalos
|raw|ihymyly's rating: 1366 &rarr; <strong>1348</strong><br />(-18 for losing)
|raw|estalos's rating: 1393 &rarr; <strong>1411</strong><br />(+18 for winning)
|l|☆ihymyly
|player|p1|
