|j|☆JeffIsGay69420
|j|☆camil_li
|t:|1702841699
|gametype|singles
|player|p1|JeffIsGay69420|winona|1359
|player|p2|camil_li|veteran|1349
|teamsize|p1|6
|teamsize|p2|6
|gen|5
|tier|[Gen 5] OU
|rated|
|rule|Species Clause: Limit one of each Pokémon
|rule|OHKO Clause: OHKO moves are banned
|rule|Moody Clause: Moody is banned
|rule|Evasion Items Clause: Evasion items are banned
|rule|Evasion Moves Clause: Evasion moves are banned
|rule|Endless Battle Clause: Forcing endless battles is banned
|rule|HP Percentage Mod: HP is shown in percentages
|rule|Evasion Abilities Clause: Evasion abilities are banned
|rule|Sleep Moves Clause: Sleep-inducing moves are banned
|rule|Swagger Clause: Swagger is banned
|rule|Baton Pass Stat Clause: No Baton Passer may have a way to boost its stats
|clearpoke
|poke|p1|Politoed, F|item
|poke|p1|Tentacruel, F|item
|poke|p1|Ferrothorn, M|item
|poke|p1|Latios, M|item
|poke|p1|Keldeo|item
|poke|p1|Thundurus-Therian, M|item
|poke|p2|Tyranitar, M|item
|poke|p2|Gliscor, M|item
|poke|p2|Garchomp, F|item
|poke|p2|Alakazam, M|item
|poke|p2|Breloom, M|item
|poke|p2|Ferrothorn, M|item
|teampreview
|inactive|Battle timer is ON: inactive players will automatically lose when time's up. (requested by camil_li)
|
|t:|1702841714
|start
|switch|p1a: Thundurus|Thundurus-Therian, M|100/100
|switch|p2a: Breloom|Breloom, M, shiny|100/100
|turn|1
|
|t:|1702841719
|switch|p2a: Garchomp|Garchomp, F, shiny|100/100
|move|p1a: Thundurus|Hidden Power|p2a: Garchomp
|-supereffective|p2a: Garchomp
|-damage|p2a: Garchomp|0 fnt
|faint|p2a: Garchomp
|
|upkeep
|
|t:|1702841722
|switch|p2a: Tyranitar|Tyranitar, M, shiny|100/100
|-weather|Sandstorm|[from] ability: Sand Stream|[of] p2a: Tyranitar
|turn|2
|
|t:|1702841726
|switch|p1a: Ferrothorn|Ferrothorn, M|100/100
|move|p2a: Tyranitar|Stone Edge|p1a: Ferrothorn
|-resisted|p1a: Ferrothorn
|-damage|p1a: Ferrothorn|70/100
|
|-weather|Sandstorm|[upkeep]
|-heal|p1a: Ferrothorn|76/100|[from] item: Leftovers
|upkeep
|turn|3
|
|t:|1702841731
|switch|p2a: Breloom|Breloom, M, shiny|100/100
|move|p1a: Ferrothorn|Stealth Rock|p2a: Breloom
|-sidestart|p2: camil_li|move: Stealth Rock
|
|-weather|Sandstorm|[upkeep]
|-damage|p2a: Breloom|94/100|[from] Sandstorm
|-heal|p1a: Ferrothorn|82/100|[from] item: Leftovers
|upkeep
|turn|4
|
|t:|1702841738
|switch|p1a: Latios|Latios, M, shiny|100/100
|move|p2a: Breloom|Low Sweep|p1a: Latios
|-resisted|p1a: Latios
|-damage|p1a: Latios|51/100
|-unboost|p1a: Latios|spe|1
|
|-weather|Sandstorm|[upkeep]
|-damage|p1a: Latios|45/100|[from] Sandstorm
|-damage|p2a: Breloom|88/100|[from] Sandstorm
|upkeep
|turn|5
|
|t:|1702841743
|move|p1a: Latios|Draco Meteor|p2a: Breloom
|-damage|p2a: Breloom|0 fnt
|-unboost|p1a: Latios|spa|2
|faint|p2a: Breloom
|
|-weather|Sandstorm|[upkeep]
|-damage|p1a: Latios|39/100|[from] Sandstorm
|upkeep
|
|t:|1702841750
|switch|p2a: Alakazam|Alakazam, M, shiny|100/100
|turn|6
|
|t:|1702841760
|switch|p1a: Ferrothorn|Ferrothorn, M|82/100
|move|p2a: Alakazam|Hidden Power|p1a: Ferrothorn
|-damage|p1a: Ferrothorn|66/100
|
|-weather|Sandstorm|[upkeep]
|-heal|p1a: Ferrothorn|72/100|[from] item: Leftovers
|upkeep
|turn|7
|
|t:|1702841764
|move|p2a: Alakazam|Focus Blast|p1a: Ferrothorn|[miss]
|-miss|p2a: Alakazam|p1a: Ferrothorn
|move|p1a: Ferrothorn|Knock Off|p2a: Alakazam
|-supereffective|p2a: Alakazam
|-damage|p2a: Alakazam|77/100
|-enditem|p2a: Alakazam|Focus Sash|[from] move: Knock Off|[of] p1a: Ferrothorn
|
|-weather|Sandstorm|[upkeep]
|-heal|p1a: Ferrothorn|79/100|[from] item: Leftovers
|upkeep
|turn|8
|
|t:|1702841767
|move|p2a: Alakazam|Focus Blast|p1a: Ferrothorn
|-supereffective|p1a: Ferrothorn
|-damage|p1a: Ferrothorn|14/100
|move|p1a: Ferrothorn|Spikes|p2a: Alakazam
|-sidestart|p2: camil_li|Spikes
|
|-weather|Sandstorm|[upkeep]
|-heal|p1a: Ferrothorn|20/100|[from] item: Leftovers
|upkeep
|turn|9
|
|t:|1702841772
|move|p2a: Alakazam|Psychic|p1a: Ferrothorn
|-resisted|p1a: Ferrothorn
|-damage|p1a: Ferrothorn|2/100
|move|p1a: Ferrothorn|Spikes|p2a: Alakazam
|-sidestart|p2: camil_li|Spikes
|
|-weather|Sandstorm|[upkeep]
|-heal|p1a: Ferrothorn|9/100|[from] item: Leftovers
|upkeep
|turn|10
|
|t:|1702841778
|move|p2a: Alakazam|Psychic|p1a: Ferrothorn
|-resisted|p1a: Ferrothorn
|-crit|p1a: Ferrothorn
|-damage|p1a: Ferrothorn|0 fnt
|faint|p1a: Ferrothorn
|
|-weather|Sandstorm|[upkeep]
|upkeep
|
|t:|1702841781
|switch|p1a: Latios|Latios, M, shiny|39/100
|turn|11
|
|t:|1702841786
|switch|p2a: Tyranitar|Tyranitar, M, shiny|100/100
|-damage|p2a: Tyranitar|88/100|[from] Stealth Rock
|-damage|p2a: Tyranitar|72/100|[from] Spikes
|move|p1a: Latios|Surf|p2a: Tyranitar
|-supereffective|p2a: Tyranitar
|-damage|p2a: Tyranitar|35/100
|
|-weather|Sandstorm|[upkeep]
|-damage|p1a: Latios|33/100|[from] Sandstorm
|upkeep
|turn|12
|
|t:|1702841790
|switch|p2a: Ferrothorn|Ferrothorn, M, shiny|100/100
|-damage|p2a: Ferrothorn|94/100|[from] Stealth Rock
|-damage|p2a: Ferrothorn|78/100|[from] Spikes
|move|p1a: Latios|Surf|p2a: Ferrothorn
|-resisted|p2a: Ferrothorn
|-damage|p2a: Ferrothorn|67/100
|
|-weather|Sandstorm|[upkeep]
|-damage|p1a: Latios|27/100|[from] Sandstorm
|-heal|p2a: Ferrothorn|73/100|[from] item: Leftovers
|upkeep
|turn|13
|
|t:|1702841793
|switch|p1a: Politoed|Politoed, F, shiny|100/100
|-weather|RainDance|[from] ability: Drizzle|[of] p1a: Politoed
|move|p2a: Ferrothorn|Knock Off|p1a: Politoed
|-damage|p1a: Politoed|96/100
|-enditem|p1a: Politoed|Leftovers|[from] move: Knock Off|[of] p2a: Ferrothorn
|
|-weather|RainDance|[upkeep]
|-heal|p2a: Ferrothorn|79/100|[from] item: Leftovers
|upkeep
|turn|14
|
|t:|1702841797
|move|p1a: Politoed|Scald|p2a: Ferrothorn
|-resisted|p2a: Ferrothorn
|-damage|p2a: Ferrothorn|67/100
|move|p2a: Ferrothorn|Power Whip|p1a: Politoed
|-supereffective|p1a: Politoed
|-damage|p1a: Politoed|4/100
|
|-weather|RainDance|[upkeep]
|-heal|p2a: Ferrothorn|73/100|[from] item: Leftovers
|upkeep
|turn|15
|
|t:|1702841803
|switch|p1a: Tentacruel|Tentacruel, F|100/100
|move|p2a: Ferrothorn|Leech Seed|p1a: Tentacruel|[miss]
|-miss|p2a: Ferrothorn|p1a: Tentacruel
|
|-weather|RainDance|[upkeep]
|-heal|p2a: Ferrothorn|79/100|[from] item: Leftovers
|upkeep
|turn|16
|
|t:|1702841810
|switch|p1a: Keldeo|Keldeo|100/100
|move|p2a: Ferrothorn|Knock Off|p1a: Keldeo
|-resisted|p1a: Keldeo
|-damage|p1a: Keldeo|98/100
|-ability|p1a: Keldeo|Justified|boost
|-boost|p1a: Keldeo|atk|1
|-enditem|p1a: Keldeo|Choice Scarf|[from] move: Knock Off|[of] p2a: Ferrothorn
|
|-weather|RainDance|[upkeep]
|-heal|p2a: Ferrothorn|85/100|[from] item: Leftovers
|upkeep
|turn|17
|
|t:|1702841814
|move|p1a: Keldeo|Secret Sword|p2a: Ferrothorn
|-supereffective|p2a: Ferrothorn
|-damage|p2a: Ferrothorn|20/100
|move|p2a: Ferrothorn|Power Whip|p1a: Keldeo
|-supereffective|p1a: Keldeo
|-damage|p1a: Keldeo|12/100
|
|-weather|RainDance|[upkeep]
|-heal|p2a: Ferrothorn|26/100|[from] item: Leftovers
|upkeep
|turn|18
|
|t:|1702841823
|switch|p2a: Gliscor|Gliscor, M, shiny|100/100
|-damage|p2a: Gliscor|88/100|[from] Stealth Rock
|move|p1a: Keldeo|Secret Sword|p2a: Gliscor
|-resisted|p2a: Gliscor
|-damage|p2a: Gliscor|74/100
|
|-weather|RainDance|[upkeep]
|-status|p2a: Gliscor|tox|[from] item: Toxic Orb
|upkeep
|turn|19
|
|t:|1702841828
|move|p1a: Keldeo|Scald|p2a: Gliscor
|-supereffective|p2a: Gliscor
|-damage|p2a: Gliscor|0 fnt
|faint|p2a: Gliscor
|
|-weather|RainDance|[upkeep]
|upkeep
|
|t:|1702841831
|switch|p2a: Alakazam|Alakazam, M, shiny|77/100
|turn|20
|
|t:|1702841834
|move|p2a: Alakazam|Psychic|p1a: Keldeo
|-supereffective|p1a: Keldeo
|-damage|p1a: Keldeo|0 fnt
|faint|p1a: Keldeo
|
|-weather|RainDance|[upkeep]
|upkeep
|
|t:|1702841836
|switch|p1a: Latios|Latios, M, shiny|27/100
|turn|21
|c|☆JeffIsGay69420|gg
|
|t:|1702841846
|switch|p2a: Tyranitar|Tyranitar, M, shiny|35/100
|-damage|p2a: Tyranitar|23/100|[from] Stealth Rock
|-damage|p2a: Tyranitar|6/100|[from] Spikes
|-weather|Sandstorm|[from] ability: Sand Stream|[of] p2a: Tyranitar
|move|p1a: Latios|Surf|p2a: Tyranitar
|-supereffective|p2a: Tyranitar
|-crit|p2a: Tyranitar
|-damage|p2a: Tyranitar|0 fnt
|faint|p2a: Tyranitar
|
|-weather|Sandstorm|[upkeep]
|-damage|p1a: Latios|21/100|[from] Sandstorm
|upkeep
|
|t:|1702841853
|switch|p2a: Ferrothorn|Ferrothorn, M, shiny|26/100
|-damage|p2a: Ferrothorn|20/100|[from] Stealth Rock
|-damage|p2a: Ferrothorn|4/100|[from] Spikes
|turn|22
|
|t:|1702841855
|move|p1a: Latios|Surf|p2a: Ferrothorn
|-resisted|p2a: Ferrothorn
|-damage|p2a: Ferrothorn|0 fnt
|faint|p2a: Ferrothorn
|
|-weather|Sandstorm|[upkeep]
|-damage|p1a: Latios|15/100|[from] Sandstorm
|upkeep
|
|t:|1702841857
|switch|p2a: Alakazam|Alakazam, M, shiny|77/100
|turn|23
|
|t:|1702841859
|switch|p1a: Politoed|Politoed, F, shiny|4/100
|-weather|RainDance|[from] ability: Drizzle|[of] p1a: Politoed
|move|p2a: Alakazam|Hidden Power|p1a: Politoed
|-resisted|p1a: Politoed
|-damage|p1a: Politoed|0 fnt
|faint|p1a: Politoed
|
|-weather|RainDance|[upkeep]
|upkeep
|
|t:|1702841861
|switch|p1a: Latios|Latios, M, shiny|15/100
|turn|24
|
|t:|1702841864
|move|p1a: Latios|Surf|p2a: Alakazam
|-damage|p2a: Alakazam|0 fnt
|faint|p2a: Alakazam
|
|win|JeffIsGay69420
|raw|JeffIsGay69420's rating: 1359 &rarr; <strong>1378</strong><br />(+19 for winning)
|raw|camil_li's rating: 1349 &rarr; <strong>1330</strong><br />(-19 for losing)
|l|☆camil_li
