|j|☆el janitor
|j|☆peng fangirll
|t:|1706956228
|gametype|singles
|player|p1|el janitor|266|1419
|player|p2|peng fangirll|miku-flying|1353
|teamsize|p1|6
|teamsize|p2|6
|gen|5
|tier|[Gen 5] OU
|rated|
|rule|Species Clause: Limit one of each Pokémon
|rule|OHKO Clause: OHKO moves are banned
|rule|Moody Clause: Moody is banned
|rule|Evasion Items Clause: Evasion items are banned
|rule|Evasion Moves Clause: Evasion moves are banned
|rule|Endless Battle Clause: Forcing endless battles is banned
|rule|HP Percentage Mod: HP is shown in percentages
|rule|Evasion Abilities Clause: Evasion abilities are banned
|rule|Sleep Moves Clause: Sleep-inducing moves are banned
|rule|Swagger Clause: Swagger is banned
|rule|Baton Pass Stat Clause: No Baton Passer may have a way to boost its stats
|clearpoke
|poke|p1|Azelf|item
|poke|p1|Celebi|item
|poke|p1|Heatran, M|item
|poke|p1|Excadrill, M|item
|poke|p1|Zapdos|item
|poke|p1|Breloom, M|item
|poke|p2|Politoed, M|item
|poke|p2|Ferrothorn, M|item
|poke|p2|Tentacruel, F|item
|poke|p2|Dragonite, F|item
|poke|p2|Keldeo-Resolute|item
|poke|p2|Thundurus-Therian, M|item
|teampreview
|inactive|Battle timer is ON: inactive players will automatically lose when time's up. (requested by el janitor)
|
|t:|1706956243
|start
|switch|p1a: Breloom|Breloom, M|100/100
|switch|p2a: Politoed|Politoed, M|100/100
|-weather|RainDance|[from] ability: Drizzle|[of] p2a: Politoed
|turn|1
|
|t:|1706956254
|switch|p2a: Thundurus|Thundurus-Therian, M|100/100
|move|p1a: Breloom|Superpower|p2a: Thundurus
|-resisted|p2a: Thundurus
|-damage|p2a: Thundurus|45/100
|-unboost|p1a: Breloom|atk|1
|-unboost|p1a: Breloom|def|1
|
|-weather|RainDance|[upkeep]
|-heal|p2a: Thundurus|51/100|[from] item: Leftovers
|upkeep
|turn|2
|
|t:|1706956265
|switch|p2a: Tentacruel|Tentacruel, F|100/100
|switch|p1a: Heatran|Heatran, M|100/100
|
|-weather|RainDance|[upkeep]
|upkeep
|turn|3
|
|t:|1706956273
|switch|p1a: Celebi|Celebi|100/100
|move|p2a: Tentacruel|Toxic Spikes|p1a: Celebi
|-sidestart|p1: el janitor|move: Toxic Spikes
|
|-weather|RainDance|[upkeep]
|upkeep
|turn|4
|
|t:|1706956278
|switch|p2a: Dragonite|Dragonite, F|100/100
|move|p1a: Celebi|Thunder Wave|p2a: Dragonite
|-status|p2a: Dragonite|par
|
|-weather|RainDance|[upkeep]
|upkeep
|turn|5
|
|t:|1706956285
|switch|p2a: Thundurus|Thundurus-Therian, M|51/100
|move|p1a: Celebi|U-turn|p2a: Thundurus
|-resisted|p2a: Thundurus
|-damage|p2a: Thundurus|43/100
|
|t:|1706956300
|switch|p1a: Excadrill|Excadrill, M|100/100|[from] U-turn
|-ability|p1a: Excadrill|Mold Breaker
|
|-weather|RainDance|[upkeep]
|-heal|p2a: Thundurus|49/100|[from] item: Leftovers
|upkeep
|turn|6
|
|t:|1706956303
|move|p1a: Excadrill|Rock Slide|p2a: Thundurus
|-supereffective|p2a: Thundurus
|-damage|p2a: Thundurus|0 fnt
|faint|p2a: Thundurus
|
|-weather|RainDance|[upkeep]
|upkeep
|
|t:|1706956309
|switch|p2a: Keldeo|Keldeo-Resolute|100/100
|turn|7
|
|t:|1706956317
|switch|p1a: Celebi|Celebi|100/100
|-status|p1a: Celebi|psn
|move|p2a: Keldeo|Surf|p1a: Celebi
|-resisted|p1a: Celebi
|-damage|p1a: Celebi|80/100 psn
|
|-weather|RainDance|[upkeep]
|-heal|p1a: Celebi|86/100 psn|[from] item: Leftovers
|-damage|p1a: Celebi|73/100 psn|[from] psn
|upkeep
|turn|8
|
|t:|1706956320
|switch|p2a: Ferrothorn|Ferrothorn, M|100/100
|move|p1a: Celebi|U-turn|p2a: Ferrothorn
|-damage|p2a: Ferrothorn|89/100
|-damage|p1a: Celebi|61/100 psn|[from] ability: Iron Barbs|[of] p2a: Ferrothorn
|
|t:|1706956323
|-curestatus|p1a: Celebi|psn|[from] ability: Natural Cure
|switch|p1a: Breloom|Breloom, M|100/100|[from] U-turn
|-status|p1a: Breloom|psn
|
|-weather|RainDance|[upkeep]
|-heal|p2a: Ferrothorn|95/100|[from] item: Leftovers
|-damage|p1a: Breloom|88/100 psn|[from] psn
|upkeep
|turn|9
|
|t:|1706956328
|switch|p2a: Politoed|Politoed, M|100/100
|move|p1a: Breloom|Superpower|p2a: Politoed
|-damage|p2a: Politoed|0 fnt
|-unboost|p1a: Breloom|atk|1
|-unboost|p1a: Breloom|def|1
|faint|p2a: Politoed
|
|-weather|RainDance|[upkeep]
|-damage|p1a: Breloom|76/100 psn|[from] psn
|upkeep
|
|t:|1706956331
|switch|p2a: Dragonite|Dragonite, F|100/100 par
|turn|10
|
|t:|1706956335
|switch|p1a: Zapdos|Zapdos|100/100
|-ability|p1a: Zapdos|Pressure
|switch|p2a: Ferrothorn|Ferrothorn, M|95/100
|
|-weather|RainDance|[upkeep]
|-heal|p2a: Ferrothorn|100/100|[from] item: Leftovers
|upkeep
|turn|11
|
|t:|1706956339
|move|p1a: Zapdos|Heat Wave|p2a: Ferrothorn
|-supereffective|p2a: Ferrothorn
|-damage|p2a: Ferrothorn|57/100
|move|p2a: Ferrothorn|Stealth Rock|p1a: Zapdos
|-sidestart|p1: el janitor|move: Stealth Rock
|
|-weather|RainDance|[upkeep]
|-heal|p2a: Ferrothorn|64/100|[from] item: Leftovers
|upkeep
|turn|12
|
|t:|1706956347
|move|p1a: Zapdos|Heat Wave|p2a: Ferrothorn
|-supereffective|p2a: Ferrothorn
|-damage|p2a: Ferrothorn|25/100
|move|p2a: Ferrothorn|Knock Off|p1a: Zapdos
|-damage|p1a: Zapdos|95/100
|-enditem|p1a: Zapdos|Leftovers|[from] move: Knock Off|[of] p2a: Ferrothorn
|
|-weather|RainDance|[upkeep]
|-heal|p2a: Ferrothorn|31/100|[from] item: Leftovers
|upkeep
|turn|13
|
|t:|1706956358
|switch|p1a: Excadrill|Excadrill, M|100/100
|-damage|p1a: Excadrill|97/100|[from] Stealth Rock
|-ability|p1a: Excadrill|Mold Breaker
|move|p2a: Ferrothorn|Spikes|p1a: Excadrill
|-sidestart|p1: el janitor|Spikes
|
|-weather|RainDance|[upkeep]
|-heal|p2a: Ferrothorn|37/100|[from] item: Leftovers
|upkeep
|turn|14
|j| Rafelitto
|
|t:|1706956360
|move|p1a: Excadrill|Rapid Spin|p2a: Ferrothorn
|-resisted|p2a: Ferrothorn
|-damage|p2a: Ferrothorn|34/100
|-damage|p1a: Excadrill|85/100|[from] ability: Iron Barbs|[of] p2a: Ferrothorn
|-sideend|p1: el janitor|Spikes|[from] move: Rapid Spin|[of] p1a: Excadrill
|-sideend|p1: el janitor|Toxic Spikes|[from] move: Rapid Spin|[of] p1a: Excadrill
|-sideend|p1: el janitor|Stealth Rock|[from] move: Rapid Spin|[of] p1a: Excadrill
|move|p2a: Ferrothorn|Power Whip|p1a: Excadrill
|-damage|p1a: Excadrill|25/100
|
|-weather|RainDance|[upkeep]
|-heal|p2a: Ferrothorn|41/100|[from] item: Leftovers
|upkeep
|turn|15
|
|t:|1706956366
|switch|p1a: Breloom|Breloom, M|76/100 psn
|move|p2a: Ferrothorn|Stealth Rock|p1a: Breloom
|-sidestart|p1: el janitor|move: Stealth Rock
|
|-weather|RainDance|[upkeep]
|-heal|p2a: Ferrothorn|47/100|[from] item: Leftovers
|-damage|p1a: Breloom|64/100 psn|[from] psn
|upkeep
|turn|16
|
|t:|1706956369
|switch|p2a: Tentacruel|Tentacruel, F|100/100
|move|p1a: Breloom|Superpower|p2a: Tentacruel
|-resisted|p2a: Tentacruel
|-damage|p2a: Tentacruel|40/100
|-unboost|p1a: Breloom|atk|1
|-unboost|p1a: Breloom|def|1
|
|-weather|RainDance|[upkeep]
|-heal|p2a: Tentacruel|46/100|[from] ability: Rain Dish
|-heal|p2a: Tentacruel|52/100|[from] item: Black Sludge
|-damage|p1a: Breloom|51/100 psn|[from] psn
|upkeep
|turn|17
|
|t:|1706956377
|switch|p1a: Azelf|Azelf|100/100
|-damage|p1a: Azelf|88/100|[from] Stealth Rock
|move|p2a: Tentacruel|Toxic Spikes|p1a: Azelf
|-sidestart|p1: el janitor|move: Toxic Spikes
|
|-weather|RainDance|[upkeep]
|-heal|p2a: Tentacruel|58/100|[from] ability: Rain Dish
|-heal|p2a: Tentacruel|64/100|[from] item: Black Sludge
|upkeep
|turn|18
|
|t:|1706956382
|switch|p2a: Keldeo|Keldeo-Resolute|100/100
|move|p1a: Azelf|Thunder Wave|p2a: Keldeo
|-status|p2a: Keldeo|par
|
|-weather|RainDance|[upkeep]
|upkeep
|turn|19
|-message|peng fangirll forfeited.
|
|win|el janitor
|raw|el janitor's rating: 1419 &rarr; <strong>1435</strong><br />(+16 for winning)
|raw|peng fangirll's rating: 1353 &rarr; <strong>1337</strong><br />(-16 for losing)
|l|☆peng fangirll
|player|p2|
|j|☆peng fangirll
|player|p2|peng fangirll|miku-flying
