|uhtml|medal-msg|<div class="broadcast-blue">Curious what those medals under the avatar are? PS now has Ladder Seasons! For more information, check out the <a href="https://www.smogon.com/forums/threads/3740067/">thread on Smogon.</a></div>
|uhtml|medal-msg|<div class="broadcast-blue">Curious what those medals under the avatar are? PS now has Ladder Seasons! For more information, check out the <a href="https://www.smogon.com/forums/threads/3740067/">thread on Smogon.</a></div>
|j|☆ajkjqwk
|j|☆ghosted by brizz
|t:|1712676943
|gametype|singles
|player|p1|ajkjqwk|2|1395
|player|p2|ghosted by brizz|lady-gen6oras|1508
|teamsize|p1|6
|teamsize|p2|6
|gen|5
|tier|[Gen 5] OU
|rated|
|rule|Species Clause: Limit one of each Pokémon
|rule|OHKO Clause: OHKO moves are banned
|rule|Moody Clause: Moody is banned
|rule|Evasion Items Clause: Evasion items are banned
|rule|Evasion Moves Clause: Evasion moves are banned
|rule|Endless Battle Clause: Forcing endless battles is banned
|rule|HP Percentage Mod: HP is shown in percentages
|rule|Evasion Abilities Clause: Evasion abilities are banned
|rule|Sleep Moves Clause: Sleep-inducing moves are banned
|rule|Swagger Clause: Swagger is banned
|rule|Baton Pass Stat Clause: No Baton Passer may have a way to boost its stats
|clearpoke
|poke|p1|Hippowdon, F|item
|poke|p1|Clefable, M|item
|poke|p1|Skarmory, F|item
|poke|p1|Gliscor, M|item
|poke|p1|Jirachi|item
|poke|p1|Latios, M|item
|poke|p2|Breloom, F|item
|poke|p2|Latios, M|item
|poke|p2|Scizor, M|item
|poke|p2|Gyarados, F|item
|poke|p2|Krookodile, M|item
|poke|p2|Aerodactyl, M|item
|teampreview
|c|☆ajkjqwk|glhf
|
|t:|1712676959
|start
|switch|p1a: Latios|Latios, M, shiny|100/100
|switch|p2a: Aerodactyl|Aerodactyl, M|100/100
|-ability|p2a: Aerodactyl|Pressure
|turn|1
|inactive|Battle timer is ON: inactive players will automatically lose when time's up. (requested by ghosted by brizz)
|
|t:|1712676963
|move|p2a: Aerodactyl|Stealth Rock|p1a: Latios
|-sidestart|p1: ajkjqwk|move: Stealth Rock
|move|p1a: Latios|Surf|p2a: Aerodactyl
|-supereffective|p2a: Aerodactyl
|-damage|p2a: Aerodactyl|15/100
|
|upkeep
|turn|2
|
|t:|1712676969
|switch|p1a: Skarmory|Skarmory, F|100/100
|-damage|p1a: Skarmory|88/100|[from] Stealth Rock
|move|p2a: Aerodactyl|Stone Edge|p1a: Skarmory
|-damage|p1a: Skarmory|64/100
|
|upkeep
|turn|3
|
|t:|1712676980
|move|p2a: Aerodactyl|Taunt|p1a: Skarmory
|-start|p1a: Skarmory|move: Taunt
|move|p1a: Skarmory|Brave Bird|p2a: Aerodactyl
|-resisted|p2a: Aerodactyl
|-damage|p2a: Aerodactyl|0 fnt
|-damage|p1a: Skarmory|47/100|[from] item: Rocky Helmet|[of] p2a: Aerodactyl
|faint|p2a: Aerodactyl
|-damage|p1a: Skarmory|42/100|[from] Recoil
|
|upkeep
|
|t:|1712676993
|switch|p2a: Gyarados|Gyarados, F|100/100
|-ability|p2a: Gyarados|Intimidate|boost
|-unboost|p1a: Skarmory|atk|1
|turn|4
|
|t:|1712677000
|switch|p1a: Clefable|Clefable, M, shiny|100/100
|move|p2a: Gyarados|Dragon Dance|p2a: Gyarados
|-boost|p2a: Gyarados|atk|1
|-boost|p2a: Gyarados|spe|1
|
|upkeep
|turn|5
|
|t:|1712677004
|move|p2a: Gyarados|Waterfall|p1a: Clefable
|-damage|p1a: Clefable|35/100
|move|p1a: Clefable|Thunder Wave|p2a: Gyarados
|-status|p2a: Gyarados|par
|-enditem|p2a: Gyarados|Lum Berry|[eat]
|-curestatus|p2a: Gyarados|par|[msg]
|
|-heal|p1a: Clefable|41/100|[from] item: Leftovers
|upkeep
|turn|6
|
|t:|1712677010
|switch|p1a: Skarmory|Skarmory, F|42/100
|-damage|p1a: Skarmory|30/100|[from] Stealth Rock
|move|p2a: Gyarados|Waterfall|p1a: Skarmory
|-damage|p1a: Skarmory|0 fnt
|-damage|p2a: Gyarados|84/100|[from] item: Rocky Helmet|[of] p1a: Skarmory
|faint|p1a: Skarmory
|
|upkeep
|
|t:|1712677014
|switch|p1a: Latios|Latios, M, shiny|100/100
|-damage|p1a: Latios|88/100|[from] Stealth Rock
|turn|7
|
|t:|1712677017
|move|p2a: Gyarados|Ice Fang|p1a: Latios
|-supereffective|p1a: Latios
|-damage|p1a: Latios|0 fnt
|faint|p1a: Latios
|
|upkeep
|
|t:|1712677022
|switch|p1a: Jirachi|Jirachi|100/100
|-damage|p1a: Jirachi|94/100|[from] Stealth Rock
|turn|8
|
|t:|1712677025
|move|p2a: Gyarados|Earthquake|p1a: Jirachi
|-supereffective|p1a: Jirachi
|-damage|p1a: Jirachi|3/100
|move|p1a: Jirachi|Body Slam|p2a: Gyarados
|-damage|p2a: Gyarados|59/100
|-status|p2a: Gyarados|par
|
|-heal|p1a: Jirachi|9/100|[from] item: Leftovers
|upkeep
|turn|9
|
|t:|1712677031
|move|p1a: Jirachi|Iron Head|p2a: Gyarados
|-resisted|p2a: Gyarados
|-damage|p2a: Gyarados|41/100 par
|cant|p2a: Gyarados|par
|
|-heal|p1a: Jirachi|15/100|[from] item: Leftovers
|upkeep
|turn|10
|
|t:|1712677033
|move|p1a: Jirachi|Wish|p1a: Jirachi
|move|p2a: Gyarados|Waterfall|p1a: Jirachi
|-damage|p1a: Jirachi|0 fnt
|faint|p1a: Jirachi
|
|upkeep
|-message|ajkjqwk forfeited.
|
|win|ghosted by brizz
|raw|ajkjqwk's rating: 1395 &rarr; <strong>1381</strong><br />(-14 for losing)
|raw|ghosted by brizz's rating: 1508 &rarr; <strong>1522</strong><br />(+14 for winning)
|l|☆ajkjqwk
|player|p1|
