|j|☆12345678wwww
|j|☆tizio potente ao
|t:|1717882109
|gametype|singles
|player|p1|12345678wwww|lady|1370
|player|p2|tizio potente ao|volkner|1393
|teamsize|p1|6
|teamsize|p2|6
|gen|5
|tier|[Gen 5] OU
|rated|
|rule|Species Clause: Limit one of each Pokémon
|rule|OHKO Clause: OHKO moves are banned
|rule|Moody Clause: Moody is banned
|rule|Evasion Items Clause: Evasion items are banned
|rule|Evasion Moves Clause: Evasion moves are banned
|rule|Endless Battle Clause: Forcing endless battles is banned
|rule|HP Percentage Mod: HP is shown in percentages
|rule|Evasion Abilities Clause: Evasion abilities are banned
|rule|Sleep Moves Clause: Sleep-inducing moves are banned
|rule|Swagger Clause: Swagger is banned
|rule|Baton Pass Stat Clause: No Baton Passer may have a way to boost its stats
|clearpoke
|poke|p1|Froslass, F|item
|poke|p1|Alakazam, M|item
|poke|p1|Skarmory, F|item
|poke|p1|Lucario, M|item
|poke|p1|Metagross|item
|poke|p1|Garchomp, F|item
|poke|p2|Hippowdon, M|item
|poke|p2|Skarmory, F|item
|poke|p2|Reuniclus, M|item
|poke|p2|Clefable, M|item
|poke|p2|Latias, F|item
|poke|p2|Bronzong|item
|teampreview
|
|t:|1717882118
|start
|switch|p1a: Skarmory|Skarmory, F|100/100
|switch|p2a: Hippowdon|Hippowdon, M|100/100
|-weather|Sandstorm|[from] ability: Sand Stream|[of] p2a: Hippowdon
|turn|1
|
|t:|1717882126
|move|p1a: Skarmory|Taunt|p2a: Hippowdon
|-start|p2a: Hippowdon|move: Taunt
|cant|p2a: Hippowdon|move: Taunt|Stealth Rock
|
|-weather|Sandstorm|[upkeep]
|upkeep
|turn|2
|
|t:|1717882132
|switch|p2a: Latias|Latias, F|100/100
|move|p1a: Skarmory|Stealth Rock|p2a: Latias
|-sidestart|p2: tizio potente ao|move: Stealth Rock
|
|-weather|Sandstorm|[upkeep]
|-damage|p2a: Latias|95/100|[from] Sandstorm
|upkeep
|turn|3
|
|t:|1717882140
|switch|p1a: Froslass|Froslass, F|100/100
|move|p2a: Latias|Surf|p1a: Froslass
|-damage|p1a: Froslass|51/100
|
|-weather|Sandstorm|[upkeep]
|-damage|p1a: Froslass|45/100|[from] Sandstorm
|-damage|p2a: Latias|89/100|[from] Sandstorm
|upkeep
|turn|4
|
|t:|1717882155
|switch|p2a: Bronzong|Bronzong|100/100
|-damage|p2a: Bronzong|94/100|[from] Stealth Rock
|move|p1a: Froslass|Spikes|p2a: Bronzong
|-sidestart|p2: tizio potente ao|Spikes
|
|-weather|Sandstorm|[upkeep]
|-damage|p1a: Froslass|39/100|[from] Sandstorm
|-heal|p2a: Bronzong|100/100|[from] item: Leftovers
|upkeep
|turn|5
|
|t:|1717882166
|move|p1a: Froslass|Thunder Wave|p2a: Bronzong
|-status|p2a: Bronzong|par
|move|p2a: Bronzong|Hidden Power|p1a: Froslass
|-damage|p1a: Froslass|16/100
|
|-weather|Sandstorm|[upkeep]
|-damage|p1a: Froslass|10/100|[from] Sandstorm
|upkeep
|turn|6
|
|t:|1717882177
|switch|p2a: Hippowdon|Hippowdon, M|100/100
|-damage|p2a: Hippowdon|94/100|[from] Stealth Rock
|-damage|p2a: Hippowdon|82/100|[from] Spikes
|move|p1a: Froslass|Spikes|p2a: Hippowdon
|-sidestart|p2: tizio potente ao|Spikes
|
|-weather|Sandstorm|[upkeep]
|-damage|p1a: Froslass|4/100|[from] Sandstorm
|-heal|p2a: Hippowdon|88/100|[from] item: Leftovers
|upkeep
|turn|7
|
|t:|1717882188
|move|p1a: Froslass|Taunt|p2a: Hippowdon
|-start|p2a: Hippowdon|move: Taunt
|cant|p2a: Hippowdon|move: Taunt|Stealth Rock
|
|-weather|Sandstorm|[upkeep]
|-damage|p1a: Froslass|0 fnt|[from] Sandstorm
|faint|p1a: Froslass
|-heal|p2a: Hippowdon|94/100|[from] item: Leftovers
|upkeep
|
|t:|1717882199
|switch|p1a: Skarmory|Skarmory, F|100/100
|turn|8
|
|t:|1717882205
|switch|p2a: Clefable|Clefable, M|100/100
|move|p1a: Skarmory|Roar|p2a: Clefable
|drag|p2a: Hippowdon|Hippowdon, M|94/100
|-damage|p2a: Hippowdon|88/100|[from] Stealth Rock
|-damage|p2a: Hippowdon|72/100|[from] Spikes
|
|-weather|Sandstorm|[upkeep]
|-heal|p2a: Hippowdon|78/100|[from] item: Leftovers
|upkeep
|turn|9
|
|t:|1717882217
|move|p1a: Skarmory|Taunt|p2a: Hippowdon
|-start|p2a: Hippowdon|move: Taunt
|cant|p2a: Hippowdon|move: Taunt|Stealth Rock
|
|-weather|Sandstorm|[upkeep]
|-heal|p2a: Hippowdon|84/100|[from] item: Leftovers
|upkeep
|turn|10
|
|t:|1717882225
|move|p2a: Hippowdon|Earthquake|p1a: Skarmory
|-immune|p1a: Skarmory
|move|p1a: Skarmory|Roar|p2a: Hippowdon
|drag|p2a: Bronzong|Bronzong|100/100 par
|-damage|p2a: Bronzong|94/100 par|[from] Stealth Rock
|
|-weather|Sandstorm|[upkeep]
|-heal|p2a: Bronzong|100/100 par|[from] item: Leftovers
|upkeep
|turn|11
|
|t:|1717882235
|move|p2a: Bronzong|Hidden Power|p1a: Skarmory
|-supereffective|p1a: Skarmory
|-damage|p1a: Skarmory|56/100
|move|p1a: Skarmory|Roar|p2a: Bronzong
|drag|p2a: Clefable|Clefable, M|100/100
|
|-weather|Sandstorm|[upkeep]
|upkeep
|turn|12
|
|t:|1717882246
|move|p1a: Skarmory|Taunt|p2a: Clefable
|-start|p2a: Clefable|move: Taunt
|move|p2a: Clefable|Seismic Toss|p1a: Skarmory
|-damage|p1a: Skarmory|19/100
|
|-weather|Sandstorm|[upkeep]
|upkeep
|turn|13
|-enditem|p1a: Skarmory|Custap Berry|[eat]
|-activate|p1a: Skarmory|item: Custap Berry|[consumed]
|
|t:|1717882254
|move|p1a: Skarmory|Brave Bird|p2a: Clefable
|-damage|p2a: Clefable|48/100
|-damage|p1a: Skarmory|0 fnt|[from] Recoil
|faint|p1a: Skarmory
|move|p2a: Clefable|Knock Off|p1: Skarmory|[notarget]
|-fail|p2a: Clefable
|
|-weather|Sandstorm|[upkeep]
|-heal|p2a: Clefable|54/100|[from] item: Leftovers
|upkeep
|l|☆tizio potente ao
|player|p2|
|
|t:|1717882271
|switch|p1a: Lucario|Lucario, M|100/100
|turn|14
|j|☆tizio potente ao
|player|p2|tizio potente ao|volkner|
|
|t:|1717882282
|switch|p2a: Latias|Latias, F|89/100
|-damage|p2a: Latias|76/100|[from] Stealth Rock
|move|p1a: Lucario|Swords Dance|p1a: Lucario
|-boost|p1a: Lucario|atk|2
|
|-weather|Sandstorm|[upkeep]
|-damage|p2a: Latias|70/100|[from] Sandstorm
|upkeep
|turn|15
|
|t:|1717882292
|move|p1a: Lucario|Extreme Speed|p2a: Latias
|-damage|p2a: Latias|0 fnt
|faint|p2a: Latias
|-damage|p1a: Lucario|91/100|[from] item: Life Orb
|
|-weather|Sandstorm|[upkeep]
|upkeep
|
|t:|1717882296
|switch|p2a: Bronzong|Bronzong|100/100 par
|-damage|p2a: Bronzong|94/100 par|[from] Stealth Rock
|turn|16
|
|t:|1717882302
|move|p1a: Lucario|Close Combat|p2a: Bronzong
|-damage|p2a: Bronzong|0 fnt
|-unboost|p1a: Lucario|def|1
|-unboost|p1a: Lucario|spd|1
|faint|p2a: Bronzong
|-damage|p1a: Lucario|81/100|[from] item: Life Orb
|
|-weather|Sandstorm|[upkeep]
|upkeep
|
|t:|1717882309
|switch|p2a: Hippowdon|Hippowdon, M|84/100
|-damage|p2a: Hippowdon|78/100|[from] Stealth Rock
|-damage|p2a: Hippowdon|61/100|[from] Spikes
|turn|17
|
|t:|1717882315
|move|p1a: Lucario|Close Combat|p2a: Hippowdon
|-damage|p2a: Hippowdon|0 fnt
|-unboost|p1a: Lucario|def|1
|-unboost|p1a: Lucario|spd|1
|faint|p2a: Hippowdon
|-damage|p1a: Lucario|71/100|[from] item: Life Orb
|
|-weather|Sandstorm|[upkeep]
|upkeep
|
|t:|1717882318
|switch|p2a: Skarmory|Skarmory, F|100/100
|-damage|p2a: Skarmory|88/100|[from] Stealth Rock
|turn|18
|
|t:|1717882327
|move|p1a: Lucario|Close Combat|p2a: Skarmory
|-damage|p2a: Skarmory|3/100
|-unboost|p1a: Lucario|def|1
|-unboost|p1a: Lucario|spd|1
|-damage|p1a: Lucario|62/100|[from] item: Life Orb
|move|p2a: Skarmory|Brave Bird|p1a: Lucario
|-damage|p1a: Lucario|0 fnt
|faint|p1a: Lucario
|-damage|p2a: Skarmory|0 fnt|[from] Recoil
|faint|p2a: Skarmory
|
|-weather|Sandstorm|[upkeep]
|upkeep
|
|t:|1717882342
|switch|p1a: Garchomp|Garchomp, F|100/100
|switch|p2a: Reuniclus|Reuniclus, M|100/100
|turn|19
|-message|tizio potente ao forfeited.
|
|win|12345678wwww
|raw|12345678wwww's rating: 1370 &rarr; <strong>1391</strong><br />(+21 for winning)
|raw|tizio potente ao's rating: 1393 &rarr; <strong>1372</strong><br />(-21 for losing)
|l|☆tizio potente ao
|player|p2|
