|join|bossaru2
|join|Sage Hane
|player|p1|bossaru2|293
|player|p2|Sage Hane|290
|gametype|singles
|gen|5
|tier|[Gen 5] OU
|rated
|rule|Evasion Abilities Clause: Evasion abilities are banned
|clearpoke
|poke|p1|Tyranitar, M
|poke|p1|Stoutland, F
|poke|p1|Forretress, F
|poke|p1|Salamence, F
|poke|p1|Gliscor, M
|poke|p1|Breloom, F
|poke|p2|Chansey, F
|poke|p2|Wobbuffet, F
|poke|p2|Cloyster, F
|poke|p2|Garchomp, F
|poke|p2|Dragonite, F
|poke|p2|Donphan, F
|rule|Sleep Clause Mod: Limit one foe put to sleep
|rule|Species Clause: Limit one of each Pokemon
|rule|OHKO Clause: OHKO moves are banned
|rule|Moody Clause: Moody is banned
|rule|Evasion Moves Clause: Evasion moves are banned
|rule|Endless Battle Clause: Forcing endless battles is banned.
|rule|HP Percentage Mod: HP is reported as percentages
|teampreview
|
|start
|switch|p1a: Breloom|Breloom, F|262/262
|switch|p2a: Aeralfos|Dragonite, F|336/336
|turn|1
|chat|Sage Hane|we fought before with me winning
|
|switch|p1a: Tyranitar|Tyranitar, M|342/342
|-weather|Sandstorm|[from] ability: Sand Stream|[of] p1a: Tyranitar
|move|p2a: Aeralfos|Thunder Wave|p1a: Tyranitar
|-status|p1a: Tyranitar|par
|
|-weather|Sandstorm|[upkeep]
|-damage|p2a: Aeralfos|315/336|[from] sandstorm
|-heal|p2a: Aeralfos|336/336|[from] item: Leftovers
|turn|2
|
|move|p2a: Aeralfos|Substitute|p2a: Aeralfos
|-start|p2a: Aeralfos|Substitute
|-damage|p2a: Aeralfos|252/336
|move|p1a: Tyranitar|Ice Punch|p2a: Aeralfos
|-supereffective|p2a: Aeralfos
|-end|p2a: Aeralfos|Substitute
|
|-weather|Sandstorm|[upkeep]
|-damage|p2a: Aeralfos|231/336|[from] sandstorm
|-heal|p2a: Aeralfos|252/336|[from] item: Leftovers
|turn|3
|
|move|p2a: Aeralfos|Substitute|p2a: Aeralfos
|-start|p2a: Aeralfos|Substitute
|-damage|p2a: Aeralfos|168/336
|move|p1a: Tyranitar|Ice Punch|p2a: Aeralfos
|-supereffective|p2a: Aeralfos
|-end|p2a: Aeralfos|Substitute
|
|-weather|Sandstorm|[upkeep]
|-damage|p2a: Aeralfos|147/336|[from] sandstorm
|-heal|p2a: Aeralfos|168/336|[from] item: Leftovers
|turn|4
|
|move|p2a: Aeralfos|Roost|p2a: Aeralfos
|-heal|p2a: Aeralfos|336/336
|cant|p1a: Tyranitar|par
|
|-weather|Sandstorm|[upkeep]
|-damage|p2a: Aeralfos|315/336|[from] sandstorm
|-heal|p2a: Aeralfos|336/336|[from] item: Leftovers
|turn|5
|
|move|p1a: Tyranitar|Ice Punch|p2a: Aeralfos
|-supereffective|p2a: Aeralfos
|-damage|p2a: Aeralfos|168/336
|move|p2a: Aeralfos|Dragon Tail|p1a: Tyranitar
|-damage|p1a: Tyranitar|257/342 par
|drag|p1a: Stoutland|Stoutland, F|311/311
|
|-weather|Sandstorm|[upkeep]
|-damage|p2a: Aeralfos|147/336|[from] sandstorm
|-heal|p2a: Aeralfos|168/336|[from] item: Leftovers
|turn|6
|
|switch|p2a: Dinolfos|Garchomp, F|359/359
|move|p1a: Stoutland|Ice Fang|p2a: Dinolfos
|-supereffective|p2a: Dinolfos
|-damage|p2a: Dinolfos|18/359
|-damage|p1a: Stoutland|273/311|[from] ability: Rough Skin|[of] p2a: Dinolfos
|
|-weather|Sandstorm|[upkeep]
|turn|7
|
|switch|p2a: Weird Egg|Chansey, F|642/642
|move|p1a: Stoutland|Ice Fang|p2a: Weird Egg
|-damage|p2a: Weird Egg|537/642
|
|-weather|Sandstorm|[upkeep]
|-damage|p2a: Weird Egg|497/642|[from] sandstorm
|turn|8
|
|move|p1a: Stoutland|Superpower|p2a: Weird Egg
|-supereffective|p2a: Weird Egg
|-damage|p2a: Weird Egg|43/642
|-unboost|p1a: Stoutland|atk|1
|-unboost|p1a: Stoutland|def|1
|move|p2a: Weird Egg|Wish|p2a: Weird Egg
|
|-weather|Sandstorm|[upkeep]
|-damage|p2a: Weird Egg|3/642|[from] sandstorm
|turn|9
|
|switch|p1a: Breloom|Breloom, F|262/262
|switch|p2a: Aeralfos|Dragonite, F|168/336
|
|-weather|Sandstorm|[upkeep]
|-damage|p1a: Breloom|246/262|[from] sandstorm
|-damage|p2a: Aeralfos|147/336|[from] sandstorm
|-heal|p2a: Aeralfos|336/336|[from] move: Wish|[wisher] Weird Egg
|turn|10
|
|move|p1a: Breloom|Spore|p2a: Aeralfos
|-status|p2a: Aeralfos|slp
|cant|p2a: Aeralfos|slp
|
|-weather|Sandstorm|[upkeep]
|-damage|p1a: Breloom|230/262|[from] sandstorm
|-damage|p2a: Aeralfos|315/336 slp|[from] sandstorm
|-heal|p2a: Aeralfos|336/336 slp|[from] item: Leftovers
|turn|11
|
|switch|p1a: Stoutland|Stoutland, F|273/311
|switch|p2a: Blue Chu Chu|Wobbuffet, F|528/528
|
|-weather|Sandstorm|[upkeep]
|-damage|p2a: Blue Chu Chu|495/528|[from] sandstorm
|-heal|p2a: Blue Chu Chu|528/528|[from] item: Leftovers
|turn|12
|
|move|p1a: Stoutland|Ice Fang|p2a: Blue Chu Chu
|-damage|p2a: Blue Chu Chu|445/528
|move|p2a: Blue Chu Chu|Counter|p1a: Stoutland
|-damage|p1a: Stoutland|107/311
|
|-weather|Sandstorm|[upkeep]
|-damage|p2a: Blue Chu Chu|412/528|[from] sandstorm
|-heal|p2a: Blue Chu Chu|445/528|[from] item: Leftovers
|turn|13
|
|move|p1a: Stoutland|Ice Fang|p2a: Blue Chu Chu
|-damage|p2a: Blue Chu Chu|362/528
|move|p2a: Blue Chu Chu|Counter|p1a: Stoutland
|-damage|p1a: Stoutland|0 fnt
|faint|p1a: Stoutland
|
|-weather|Sandstorm|[upkeep]
|-damage|p2a: Blue Chu Chu|329/528|[from] sandstorm
|-heal|p2a: Blue Chu Chu|362/528|[from] item: Leftovers
|
|switch|p1a: Forretress|Forretress, F|354/354
|turn|14
|
|move|p1a: Forretress|Explosion|p2a: Blue Chu Chu
|-crit|p2a: Blue Chu Chu
|-damage|p2a: Blue Chu Chu|0 fnt
|faint|p2a: Blue Chu Chu
|faint|p1a: Forretress
|
|-weather|Sandstorm|[upkeep]
|
|switch|p2a: Dinolfos|Garchomp, F|18/359
|switch|p1a: Tyranitar|Tyranitar, M|257/342 par
|turn|15
|
|switch|p1a: Gliscor|Gliscor, M|337/337
|move|p2a: Dinolfos|Outrage|p1a: Gliscor
|-damage|p1a: Gliscor|91/337
|
|-weather|Sandstorm|[upkeep]
|-status|p1a: Gliscor|tox|[from] item: Toxic Orb
|turn|16
|
|move|p1a: Gliscor|Protect|p1a: Gliscor
|-singleturn|p1a: Gliscor|Protect
|move|p2a: Dinolfos|Outrage|p1a: Gliscor
|-activate|p1a: Gliscor|Protect
|
|-end|p2a: Dinolfos|rampage
|-start|p2a: Dinolfos|confusion
|-weather|Sandstorm|[upkeep]
|-heal|p1a: Gliscor|133/337 tox|[from] ability: Poison Heal
|turn|17
|
|-activate|p2a: Dinolfos|confusion
|move|p2a: Dinolfos|Outrage|p1a: Gliscor
|-damage|p1a: Gliscor|0 fnt
|faint|p1a: Gliscor
|
|-weather|Sandstorm|[upkeep]
|
|switch|p1a: Breloom|Breloom, F|230/262
|turn|18
|
|move|p1a: Breloom|Mach Punch|p2a: Dinolfos
|-damage|p2a: Dinolfos|0 fnt
|-damage|p1a: Breloom|198/262|[from] ability: Rough Skin|[of] p2a: Dinolfos
|-damage|p1a: Breloom|172/262|[from] item: Life Orb
|faint|p2a: Dinolfos
|
|-weather|Sandstorm|[upkeep]
|-damage|p1a: Breloom|156/262|[from] sandstorm
|
|switch|p2a: Shell Blade|Cloyster, F|241/241
|turn|19
|
|move|p1a: Breloom|Mach Punch|p2a: Shell Blade
|-supereffective|p2a: Shell Blade
|-damage|p2a: Shell Blade|75/241
|-damage|p1a: Breloom|130/262|[from] item: Life Orb
|move|p2a: Shell Blade|Icicle Spear|p1a: Breloom
|-supereffective|p1a: Breloom
|-damage|p1a: Breloom|50/262
|-crit|p1a: Breloom
|-supereffective|p1a: Breloom
|-damage|p1a: Breloom|0 fnt
|-hitcount|p1a: Breloom|2
|faint|p1a: Breloom
|
|-weather|Sandstorm|[upkeep]
|-damage|p2a: Shell Blade|60/241|[from] sandstorm
|
|switch|p1a: Tyranitar|Tyranitar, M|257/342 par
|turn|20
|
|move|p2a: Shell Blade|Hydro Pump|p1a: Tyranitar
|-supereffective|p1a: Tyranitar
|-damage|p1a: Tyranitar|93/342 par
|move|p1a: Tyranitar|Ice Punch|p2a: Shell Blade
|-resisted|p2a: Shell Blade
|-damage|p2a: Shell Blade|47/241
|
|-weather|Sandstorm|[upkeep]
|-damage|p2a: Shell Blade|32/241|[from] sandstorm
|turn|21
|
|move|p2a: Shell Blade|Hydro Pump|p1a: Tyranitar
|-supereffective|p1a: Tyranitar
|-damage|p1a: Tyranitar|0 fnt
|faint|p1a: Tyranitar
|
|-weather|Sandstorm|[upkeep]
|-damage|p2a: Shell Blade|17/241|[from] sandstorm
|
|switch|p1a: Salamence|Salamence, F|331/331
|turn|22
|
|move|p1a: Salamence|Outrage|p2a: Shell Blade
|-damage|p2a: Shell Blade|0 fnt
|faint|p2a: Shell Blade
|-boost|p1a: Salamence|atk|1|[from] ability: Moxie
|
|-weather|Sandstorm|[upkeep]
|-damage|p1a: Salamence|311/331|[from] sandstorm
|
|switch|p2a: Helmasaurus|Donphan, F|384/384
|turn|23
|
|move|p2a: Helmasaurus|Ice Shard|p1a: Salamence
|-supereffective|p1a: Salamence
|-damage|p1a: Salamence|123/331
|move|p1a: Salamence|Outrage|p2a: Helmasaurus
|-damage|p2a: Helmasaurus|146/384
|
|-end|p1a: Salamence|rampage
|-start|p1a: Salamence|confusion
|-weather|Sandstorm|[upkeep]
|-damage|p1a: Salamence|103/331|[from] sandstorm
|-heal|p2a: Helmasaurus|170/384|[from] item: Leftovers
|turn|24
|
|move|p2a: Helmasaurus|Ice Shard|p1a: Salamence
|-supereffective|p1a: Salamence
|-damage|p1a: Salamence|0 fnt
|faint|p1a: Salamence
|
|win|Sage Hane
|raw|Ladder updating...
|raw|bossaru2's rating: 1377 &rarr; <strong>1351</strong><br />(-26 for losing)
|raw|Sage Hane's rating: 1265 &rarr; <strong>1298</strong><br />(+33 for winning)