|j|deluks917 gen5
|j|man
|player|p1|deluks917 gen5|102
|teamsize|p1|6
|player|p2|man|1
|teamsize|p2|6
|gametype|singles
|gen|5
|tier|[Gen 5] OU
|rated
|seed|63654,38152,4826,11394
|rule|Sleep Clause Mod: Limit one foe put to sleep
|rule|Species Clause: Limit one of each Pokémon
|rule|OHKO Clause: OHKO moves are banned
|rule|Moody Clause: Moody is banned
|rule|Evasion Moves Clause: Evasion moves are banned
|rule|Endless Battle Clause: Forcing endless battles is banned
|rule|HP Percentage Mod: HP is shown in percentages
|rule|Evasion Abilities Clause: Evasion abilities are banned
|rule|Baton Pass Clause: Limit one Baton Passer, can't pass Spe and other stats simultaneously
|rule|Swagger Clause: Swagger is banned
|clearpoke
|poke|p1|Hydreigon, F|item
|poke|p1|Skarmory, F|item
|poke|p1|Gastrodon, M|item
|poke|p1|Tyranitar, F|item
|poke|p1|Alakazam, M|item
|poke|p1|Landorus-Therian, M|item
|poke|p2|Politoed, F|item
|poke|p2|Breloom, M|item
|poke|p2|Dragonite, F|item
|poke|p2|Dugtrio, F|item
|poke|p2|Jirachi|item
|poke|p2|Starmie|item
|teampreview
|c|☆deluks917 gen5|gl
|c|☆man|hf
|choice|team 1, team 2, team 3, team 4, team 5, team 6|team 2, team 1, team 3, team 4, team 5, team 6
|
|start
|switch|p1a: Hydreigon|Hydreigon, F|325/325
|switch|p2a: Breloom|Breloom, M|289/289
|turn|1
|choice|move dracometeor|move machpunch
|
|move|p2a: Breloom|Mach Punch|p1a: Hydreigon
|-supereffective|p1a: Hydreigon
|-damage|p1a: Hydreigon|0 fnt
|-damage|p2a: Breloom|261/289|[from] item: Life Orb
|faint|p1a: Hydreigon
|
|upkeep
|choice|switch 5|
|
|switch|p1a: Alakazam|Alakazam, M|251/251
|turn|2
|choice|move focusblast|switch 5
|
|switch|p2a: Jirachi|Jirachi|404/404
|move|p1a: Alakazam|Focus Blast|p2a: Jirachi|[miss]
|-miss|p1a: Alakazam|p2a: Jirachi
|
|upkeep
|turn|3
|choice|switch 6|move stealthrock
|
|switch|p1a: Landorus-T|Landorus-Therian, M|381/381
|-ability|p1a: Landorus-T|Intimidate|boost
|-unboost|p2a: Jirachi|atk|1
|move|p2a: Jirachi|Stealth Rock|p1a: Landorus-T
|-sidestart|p1: deluks917 gen5|move: Stealth Rock
|
|upkeep
|turn|4
|choice|move stealthrock|switch 3
|
|switch|p2a: Dragonite|Dragonite, F|343/343
|move|p1a: Landorus-T|Stealth Rock|p2a: Dragonite
|-sidestart|p2: man|move: Stealth Rock
|
|upkeep
|turn|5
|choice|move hiddenpower|switch 6
|
|switch|p2a: Starmie|Starmie|261/261
|-damage|p2a: Starmie|229/261|[from] Stealth Rock
|move|p1a: Landorus-T|Hidden Power|p2a: Starmie
|-resisted|p2a: Starmie
|-damage|p2a: Starmie|197/261
|
|upkeep
|turn|6
|choice|switch 3|move icebeam
|
|switch|p1a: Gastrodon|Gastrodon, M|425/425
|-damage|p1a: Gastrodon|399/425|[from] Stealth Rock
|move|p2a: Starmie|Ice Beam|p1a: Gastrodon
|-damage|p1a: Gastrodon|218/425
|-damage|p2a: Starmie|171/261|[from] item: Life Orb
|
|-heal|p1a: Gastrodon|244/425|[from] item: Leftovers
|upkeep
|turn|7
|choice|move toxic|switch 5
|
|switch|p2a: Breloom|Breloom, M|261/289
|-damage|p2a: Breloom|243/289|[from] Stealth Rock
|move|p1a: Gastrodon|Toxic|p2a: Breloom
|-status|p2a: Breloom|tox
|
|-heal|p1a: Gastrodon|270/425|[from] item: Leftovers
|-damage|p2a: Breloom|225/289 tox|[from] psn
|upkeep
|turn|8
|choice|switch 3|move spore
|
|switch|p1a: Landorus-T|Landorus-Therian, M|381/381
|-damage|p1a: Landorus-T|334/381|[from] Stealth Rock
|-ability|p1a: Landorus-T|Intimidate|boost
|-unboost|p2a: Breloom|atk|1
|move|p2a: Breloom|Spore|p1a: Landorus-T
|-status|p1a: Landorus-T|slp
|
|-heal|p1a: Landorus-T|357/381 slp|[from] item: Leftovers
|-damage|p2a: Breloom|189/289 tox|[from] psn
|upkeep
|turn|9
|choice|move hiddenpower|switch 5
|
|switch|p2a: Starmie|Starmie|171/261
|-damage|p2a: Starmie|139/261|[from] Stealth Rock
|cant|p1a: Landorus-T|slp
|
|-heal|p1a: Landorus-T|380/381 slp|[from] item: Leftovers
|upkeep
|turn|10
|choice|switch 4|move rapidspin
|
|switch|p1a: Tyranitar|Tyranitar, F|341/341
|-damage|p1a: Tyranitar|299/341|[from] Stealth Rock
|-weather|Sandstorm|[from] ability: Sand Stream|[of] p1a: Tyranitar
|move|p2a: Starmie|Rapid Spin|p1a: Tyranitar
|-resisted|p1a: Tyranitar
|-damage|p1a: Tyranitar|291/341
|-sideend|p2: man|Stealth Rock|[from] move: Rapid Spin|[of] p2a: Starmie
|-damage|p2a: Starmie|113/261|[from] item: Life Orb
|
|-weather|Sandstorm|[upkeep]
|-damage|p2a: Starmie|97/261|[from] sandstorm
|upkeep
|turn|11
|choice|move pursuit|move hydropump
|
|move|p1a: Tyranitar|Pursuit|p2a: Starmie
|-supereffective|p2a: Starmie
|-damage|p2a: Starmie|0 fnt
|faint|p2a: Starmie
|
|-weather|Sandstorm|[upkeep]
|upkeep
|choice||switch 4
|
|switch|p2a: Dugtrio|Dugtrio, F|201/201
|turn|12
|choice|move pursuit|move earthquake
|
|move|p2a: Dugtrio|Earthquake|p1a: Tyranitar
|-supereffective|p1a: Tyranitar
|-damage|p1a: Tyranitar|55/341
|move|p1a: Tyranitar|Pursuit|p2a: Dugtrio
|-damage|p2a: Dugtrio|77/201
|
|-weather|Sandstorm|[upkeep]
|upkeep
|turn|13
|choice|move pursuit|move earthquake
|
|move|p2a: Dugtrio|Earthquake|p1a: Tyranitar
|-supereffective|p1a: Tyranitar
|-damage|p1a: Tyranitar|0 fnt
|faint|p1a: Tyranitar
|
|-weather|Sandstorm|[upkeep]
|upkeep
|choice|switch 2|
|
|switch|p1a: Skarmory|Skarmory, F|333/333
|-damage|p1a: Skarmory|292/333|[from] Stealth Rock
|turn|14
|choice|move spikes|switch 2
|
|switch|p2a: Politoed|Politoed, F|321/321
|-weather|RainDance|[from] ability: Drizzle|[of] p2a: Politoed
|move|p1a: Skarmory|Spikes|p2a: Politoed
|-sidestart|p2: man|Spikes
|
|-weather|RainDance|[upkeep]
|-heal|p1a: Skarmory|312/333|[from] item: Leftovers
|upkeep
|turn|15
|choice|switch 3|switch 5
|
|switch|p2a: Breloom|Breloom, M|189/289 tox
|-damage|p2a: Breloom|153/289 tox|[from] Spikes
|switch|p1a: Gastrodon|Gastrodon, M|270/425
|-damage|p1a: Gastrodon|244/425|[from] Stealth Rock
|
|-weather|RainDance|[upkeep]
|-heal|p1a: Gastrodon|270/425|[from] item: Leftovers
|-damage|p2a: Breloom|135/289 tox|[from] psn
|upkeep
|turn|16
|choice|switch 3|move focuspunch
|
|-singleturn|p2a: Breloom|move: Focus Punch
|switch|p1a: Skarmory|Skarmory, F|312/333
|-damage|p1a: Skarmory|271/333|[from] Stealth Rock
|move|p2a: Breloom|Focus Punch|p1a: Skarmory
|-damage|p1a: Skarmory|0 fnt
|-damage|p2a: Breloom|107/289 tox|[from] item: Life Orb
|faint|p1a: Skarmory
|
|-weather|RainDance|[upkeep]
|-damage|p2a: Breloom|71/289 tox|[from] psn
|upkeep
|choice|switch 6|
|
|switch|p1a: Alakazam|Alakazam, M|251/251
|turn|17
|choice|move shadowball|switch 3
|
|switch|p2a: Jirachi|Jirachi|404/404
|-damage|p2a: Jirachi|354/404|[from] Spikes
|move|p1a: Alakazam|Shadow Ball|p2a: Jirachi
|-damage|p2a: Jirachi|275/404
|
|-weather|RainDance|[upkeep]
|-heal|p2a: Jirachi|300/404|[from] item: Leftovers
|upkeep
|turn|18
|choice|switch 3|move uturn
|
|switch|p1a: Gastrodon|Gastrodon, M|270/425
|-damage|p1a: Gastrodon|244/425|[from] Stealth Rock
|move|p2a: Jirachi|U-turn|p1a: Gastrodon
|-damage|p1a: Gastrodon|190/425
|choice||switch 2
|
|switch|p2a: Dugtrio|Dugtrio, F|77/201
|-damage|p2a: Dugtrio|52/201|[from] Spikes
|
|-weather|RainDance|[upkeep]
|-heal|p1a: Gastrodon|216/425|[from] item: Leftovers
|upkeep
|turn|19
|choice|move recover|move toxic
|
|move|p2a: Dugtrio|Toxic|p1a: Gastrodon
|-status|p1a: Gastrodon|tox
|move|p1a: Gastrodon|Recover|p1a: Gastrodon
|-heal|p1a: Gastrodon|425/425 tox
|
|-weather|RainDance|[upkeep]
|-damage|p1a: Gastrodon|399/425 tox|[from] psn
|upkeep
|turn|20
|choice|move icebeam|move substitute
|
|move|p2a: Dugtrio|Substitute|p2a: Dugtrio
|-start|p2a: Dugtrio|Substitute
|-damage|p2a: Dugtrio|2/201
|move|p1a: Gastrodon|Ice Beam|p2a: Dugtrio
|-supereffective|p2a: Dugtrio
|-end|p2a: Dugtrio|Substitute
|
|-weather|RainDance|[upkeep]
|-heal|p1a: Gastrodon|425/425 tox|[from] item: Leftovers
|-damage|p1a: Gastrodon|373/425 tox|[from] psn
|upkeep
|turn|21
|choice|move icebeam|move reversal
|
|move|p2a: Dugtrio|Reversal|p1a: Gastrodon
|-damage|p1a: Gastrodon|203/425 tox
|move|p1a: Gastrodon|Ice Beam|p2a: Dugtrio
|-supereffective|p2a: Dugtrio
|-damage|p2a: Dugtrio|0 fnt
|faint|p2a: Dugtrio
|
|-weather|RainDance|[upkeep]
|-heal|p1a: Gastrodon|229/425 tox|[from] item: Leftovers
|-damage|p1a: Gastrodon|151/425 tox|[from] psn
|upkeep
|choice||switch 6
|
|switch|p2a: Dragonite|Dragonite, F|343/343
|turn|22
|choice|move icebeam|move hurricane
|
|move|p2a: Dragonite|Hurricane|p1a: Gastrodon
|-damage|p1a: Gastrodon|0 fnt
|faint|p1a: Gastrodon
|
|-weather|RainDance|[upkeep]
|upkeep
|choice|switch 3|
|
|switch|p1a: Alakazam|Alakazam, M|251/251
|turn|23
|choice|move hiddenpower|move hurricane
|
|move|p1a: Alakazam|Hidden Power|p2a: Dragonite
|-supereffective|p2a: Dragonite
|-damage|p2a: Dragonite|167/343
|move|p2a: Dragonite|Hurricane|p1a: Alakazam
|-enditem|p1a: Alakazam|Focus Sash
|-damage|p1a: Alakazam|1/251
|
|-weather|RainDance|[upkeep]
|upkeep
|turn|24
|choice|move psychic|switch 2
|
|switch|p2a: Jirachi|Jirachi|300/404
|-damage|p2a: Jirachi|250/404|[from] Spikes
|move|p1a: Alakazam|Psychic|p2a: Jirachi
|-resisted|p2a: Jirachi
|-damage|p2a: Jirachi|220/404
|
|-weather|RainDance|[upkeep]
|-heal|p2a: Jirachi|245/404|[from] item: Leftovers
|upkeep
|turn|25
|choice|move focusblast|move uturn
|
|move|p1a: Alakazam|Focus Blast|p2a: Jirachi
|-damage|p2a: Jirachi|127/404
|move|p2a: Jirachi|U-turn|p1a: Alakazam
|-supereffective|p1a: Alakazam
|-damage|p1a: Alakazam|0 fnt
|faint|p1a: Alakazam
|choice||switch 5
|
|switch|p2a: Politoed|Politoed, F|321/321
|-damage|p2a: Politoed|281/321|[from] Spikes
|
|-weather|RainDance|[upkeep]
|upkeep
|choice|switch 4|
|
|switch|p1a: Landorus-T|Landorus-Therian, M|380/381 slp
|-damage|p1a: Landorus-T|333/381 slp|[from] Stealth Rock
|-ability|p1a: Landorus-T|Intimidate|boost
|-unboost|p2a: Politoed|atk|1
|turn|26
|choice|move earthquake|move icebeam
|
|move|p2a: Politoed|Ice Beam|p1a: Landorus-T
|-supereffective|p1a: Landorus-T
|-damage|p1a: Landorus-T|0 fnt
|faint|p1a: Landorus-T
|
|win|man
|c|☆man|gg
|raw|deluks917 gen5's rating: 1469 &rarr; <strong>1439</strong><br />(-30 for losing)
|raw|man's rating: 1261 &rarr; <strong>1300</strong><br />(+39 for winning)
|l|deluks917 gen5