|join|Sage Hane
|join|SFNanashi
|player|p1|Sage Hane|290
|player|p2|SFNanashi|102
|gametype|singles
|gen|5
|tier|[Gen 5] OU
|rated
|rule|Evasion Abilities Clause: Evasion abilities are banned
|clearpoke
|poke|p1|Chansey, F
|poke|p1|Wobbuffet, F
|poke|p1|Cloyster, F
|poke|p1|Garchomp, F
|poke|p1|Dragonite, F
|poke|p1|Donphan, F
|poke|p2|Ninetales, M
|poke|p2|Lilligant, F
|poke|p2|Victini
|poke|p2|Arcanine, M
|poke|p2|Volcarona, M
|poke|p2|Donphan, F
|rule|Sleep Clause Mod: Limit one foe put to sleep
|rule|Species Clause: Limit one of each Pokemon
|rule|OHKO Clause: OHKO moves are banned
|rule|Moody Clause: Moody is banned
|rule|Evasion Moves Clause: Evasion moves are banned
|rule|Endless Battle Clause: Forcing endless battles is banned.
|rule|HP Percentage Mod: HP is reported as percentages
|teampreview
|join|Qart Hadast
|
|start
|switch|p1a: Aeralfos|Dragonite, F|336/336
|switch|p2a: Helios|Ninetales, M|287/287
|-weather|SunnyDay|[from] ability: Drought|[of] p2a: Helios
|turn|1
|
|move|p2a: Helios|Will-O-Wisp|p1a: Aeralfos|[miss]
|-miss|p2a: Helios|p1a: Aeralfos
|move|p1a: Aeralfos|Substitute|p1a: Aeralfos
|-start|p1a: Aeralfos|Substitute
|-damage|p1a: Aeralfos|252/336
|
|-weather|SunnyDay|[upkeep]
|-heal|p1a: Aeralfos|273/336|[from] item: Leftovers
|turn|2
|
|move|p2a: Helios|Flamethrower|p1a: Aeralfos
|-crit|p1a: Aeralfos
|-resisted|p1a: Aeralfos
|-end|p1a: Aeralfos|Substitute
|move|p1a: Aeralfos|Thunder Wave|p2a: Helios
|-status|p2a: Helios|par
|
|-weather|SunnyDay|[upkeep]
|-heal|p1a: Aeralfos|294/336|[from] item: Leftovers
|turn|3
|
|switch|p1a: Helmasaurus|Donphan, F|384/384
|move|p2a: Helios|Flamethrower|p1a: Helmasaurus
|-damage|p1a: Helmasaurus|105/384
|
|-weather|SunnyDay|[upkeep]
|-heal|p1a: Helmasaurus|129/384|[from] item: Leftovers
|turn|4
|chat|Sage Hane|I think i know you!
|
|switch|p1a: Aeralfos|Dragonite, F|294/336
|move|p2a: Helios|Energy Ball|p1a: Aeralfos
|-resisted|p1a: Aeralfos
|-damage|p1a: Aeralfos|283/336
|
|-weather|SunnyDay|[upkeep]
|-heal|p1a: Aeralfos|304/336|[from] item: Leftovers
|turn|5
|chat|SFNanashi|never seen you :D
|
|move|p1a: Aeralfos|Substitute|p1a: Aeralfos
|-start|p1a: Aeralfos|Substitute
|-damage|p1a: Aeralfos|220/336
|move|p2a: Helios|Will-O-Wisp|p1a: Aeralfos
|
|-weather|SunnyDay|[upkeep]
|-heal|p1a: Aeralfos|241/336|[from] item: Leftovers
|turn|6
|
|move|p1a: Aeralfos|Roost|p1a: Aeralfos
|-heal|p1a: Aeralfos|336/336
|move|p2a: Helios|Flamethrower|p1a: Aeralfos
|-resisted|p1a: Aeralfos
|-activate|p1a: Aeralfos|Substitute|[damage]
|
|-weather|SunnyDay|[upkeep]
|turn|7
|chat|Sage Hane|well either that or 90% of sun teams are like this.
|
|move|p2a: Helios|Flamethrower|p1a: Aeralfos
|-resisted|p1a: Aeralfos
|-activate|p1a: Aeralfos|Substitute|[damage]
|move|p1a: Aeralfos|Dragon Tail|p2a: Helios
|-damage|p2a: Helios|188/287 par
|drag|p2a: Heracles|Arcanine, M|339/339
|
|-weather|SunnyDay|[upkeep]
|turn|8
|
|move|p2a: Heracles|Extreme Speed|p1a: Aeralfos
|-end|p1a: Aeralfos|Substitute
|-damage|p2a: Heracles|306/339|[from] item: Life Orb
|move|p1a: Aeralfos|Thunder Wave|p2a: Heracles
|-status|p2a: Heracles|par
|
|-weather|SunnyDay|[upkeep]
|turn|9
|
|cant|p2a: Heracles|par
|move|p1a: Aeralfos|Substitute|p1a: Aeralfos
|-start|p1a: Aeralfos|Substitute
|-damage|p1a: Aeralfos|252/336
|
|-weather|SunnyDay|[upkeep]
|-heal|p1a: Aeralfos|273/336|[from] item: Leftovers
|turn|10
|
|cant|p2a: Heracles|par
|move|p1a: Aeralfos|Dragon Tail|p2a: Heracles
|-crit|p2a: Heracles
|-damage|p2a: Heracles|98/339 par
|drag|p2a: Nike|Victini|341/341
|
|-weather|SunnyDay|[upkeep]
|-heal|p1a: Aeralfos|294/336|[from] item: Leftovers
|turn|11
|
|move|p2a: Nike|U-turn|p1a: Aeralfos
|-resisted|p1a: Aeralfos
|-activate|p1a: Aeralfos|Substitute|[damage]
|
|switch|p2a: Heracles|Arcanine, M|98/339 par
|move|p1a: Aeralfos|Dragon Tail|p2a: Heracles
|-damage|p2a: Heracles|0 fnt
|faint|p2a: Heracles
|
|-weather|SunnyDay|[upkeep]
|-heal|p1a: Aeralfos|315/336|[from] item: Leftovers
|
|switch|p2a: Gaia|Donphan, F|384/384
|turn|12
|
|move|p2a: Gaia|Ice Shard|p1a: Aeralfos
|-supereffective|p1a: Aeralfos
|-end|p1a: Aeralfos|Substitute
|move|p1a: Aeralfos|Dragon Tail|p2a: Gaia
|-damage|p2a: Gaia|329/384
|drag|p2a: Lilligant|Lilligant, F|281/281
|
|-weather|SunnyDay|[upkeep]
|-heal|p1a: Aeralfos|336/336|[from] item: Leftovers
|turn|13
|
|move|p2a: Lilligant|Hidden Power|p1a: Aeralfos
|-supereffective|p1a: Aeralfos
|-damage|p1a: Aeralfos|170/336
|-damage|p2a: Lilligant|253/281|[from] item: Life Orb
|move|p1a: Aeralfos|Substitute|p1a: Aeralfos
|-start|p1a: Aeralfos|Substitute
|-damage|p1a: Aeralfos|86/336
|
|-weather|SunnyDay|[upkeep]
|-heal|p1a: Aeralfos|107/336|[from] item: Leftovers
|turn|14
|
|move|p2a: Lilligant|Hidden Power|p1a: Aeralfos
|-supereffective|p1a: Aeralfos
|-end|p1a: Aeralfos|Substitute
|-damage|p2a: Lilligant|225/281|[from] item: Life Orb
|move|p1a: Aeralfos|Thunder Wave|p2a: Lilligant
|-status|p2a: Lilligant|par
|
|-weather|SunnyDay|[upkeep]
|-heal|p1a: Aeralfos|128/336|[from] item: Leftovers
|turn|15
|
|move|p1a: Aeralfos|Roost|p1a: Aeralfos
|-heal|p1a: Aeralfos|296/336
|move|p2a: Lilligant|Hidden Power|p1a: Aeralfos
|-supereffective|p1a: Aeralfos
|-damage|p1a: Aeralfos|130/336
|-damage|p2a: Lilligant|197/281 par|[from] item: Life Orb
|
|-weather|SunnyDay|[upkeep]
|-heal|p1a: Aeralfos|151/336|[from] item: Leftovers
|turn|16
|
|move|p1a: Aeralfos|Roost|p1a: Aeralfos
|-heal|p1a: Aeralfos|319/336
|cant|p2a: Lilligant|par
|
|-weather|SunnyDay|[upkeep]
|-heal|p1a: Aeralfos|336/336|[from] item: Leftovers
|turn|17
|
|move|p1a: Aeralfos|Substitute|p1a: Aeralfos
|-start|p1a: Aeralfos|Substitute
|-damage|p1a: Aeralfos|252/336
|move|p2a: Lilligant|Hidden Power|p1a: Aeralfos
|-supereffective|p1a: Aeralfos
|-end|p1a: Aeralfos|Substitute
|-damage|p2a: Lilligant|169/281 par|[from] item: Life Orb
|
|-weather|SunnyDay|[upkeep]
|-heal|p1a: Aeralfos|273/336|[from] item: Leftovers
|turn|18
|
|move|p1a: Aeralfos|Substitute|p1a: Aeralfos
|-start|p1a: Aeralfos|Substitute
|-damage|p1a: Aeralfos|189/336
|move|p2a: Lilligant|Hidden Power|p1a: Aeralfos
|-supereffective|p1a: Aeralfos
|-end|p1a: Aeralfos|Substitute
|-damage|p2a: Lilligant|141/281 par|[from] item: Life Orb
|
|-weather|SunnyDay|[upkeep]
|-heal|p1a: Aeralfos|210/336|[from] item: Leftovers
|turn|19
|
|move|p1a: Aeralfos|Substitute|p1a: Aeralfos
|-start|p1a: Aeralfos|Substitute
|-damage|p1a: Aeralfos|126/336
|move|p2a: Lilligant|Hidden Power|p1a: Aeralfos
|-supereffective|p1a: Aeralfos
|-end|p1a: Aeralfos|Substitute
|-damage|p2a: Lilligant|113/281 par|[from] item: Life Orb
|
|-weather|SunnyDay|[upkeep]
|-heal|p1a: Aeralfos|147/336|[from] item: Leftovers
|turn|20
|
|switch|p2a: Nike|Victini|341/341
|move|p1a: Aeralfos|Roost|p1a: Aeralfos
|-heal|p1a: Aeralfos|315/336
|
|-weather|SunnyDay|[upkeep]
|-heal|p1a: Aeralfos|336/336|[from] item: Leftovers
|turn|21
|
|move|p2a: Nike|V-create|p1a: Aeralfos
|-resisted|p1a: Aeralfos
|-damage|p1a: Aeralfos|253/336
|-unboost|p2a: Nike|def|1
|-unboost|p2a: Nike|spd|1
|-unboost|p2a: Nike|spe|1
|move|p1a: Aeralfos|Substitute|p1a: Aeralfos
|-start|p1a: Aeralfos|Substitute
|-damage|p1a: Aeralfos|169/336
|
|-weather|SunnyDay|[upkeep]
|-heal|p1a: Aeralfos|190/336|[from] item: Leftovers
|turn|22
|
|switch|p2a: Lilligant|Lilligant, F|113/281 par
|move|p1a: Aeralfos|Dragon Tail|p2a: Lilligant
|-damage|p2a: Lilligant|8/281 par
|drag|p2a: Nike|Victini|341/341
|
|-weather|SunnyDay|[upkeep]
|-heal|p1a: Aeralfos|211/336|[from] item: Leftovers
|turn|23
|
|move|p2a: Nike|U-turn|p1a: Aeralfos
|-resisted|p1a: Aeralfos
|-activate|p1a: Aeralfos|Substitute|[damage]
|
|switch|p2a: Gaia|Donphan, F|329/384
|move|p1a: Aeralfos|Thunder Wave|p2a: Gaia
|-immune|p2a: Gaia|[msg]
|
|-weather|SunnyDay|[upkeep]
|-heal|p1a: Aeralfos|232/336|[from] item: Leftovers
|-heal|p2a: Gaia|353/384|[from] item: Leftovers
|turn|24
|
|move|p2a: Gaia|Ice Shard|p1a: Aeralfos
|-supereffective|p1a: Aeralfos
|-end|p1a: Aeralfos|Substitute
|move|p1a: Aeralfos|Dragon Tail|p2a: Gaia
|-damage|p2a: Gaia|293/384
|drag|p2a: Lilligant|Lilligant, F|8/281 par
|
|-weather|SunnyDay|[upkeep]
|-heal|p1a: Aeralfos|253/336|[from] item: Leftovers
|turn|25
|
|move|p1a: Aeralfos|Substitute|p1a: Aeralfos
|-start|p1a: Aeralfos|Substitute
|-damage|p1a: Aeralfos|169/336
|move|p2a: Lilligant|Hidden Power|p1a: Aeralfos
|-supereffective|p1a: Aeralfos
|-end|p1a: Aeralfos|Substitute
|-damage|p2a: Lilligant|0 fnt|[from] item: Life Orb
|faint|p2a: Lilligant
|
|-weather|SunnyDay|[upkeep]
|-heal|p1a: Aeralfos|190/336|[from] item: Leftovers
|
|switch|p2a: Gaia|Donphan, F|293/384
|turn|26
|
|switch|p1a: Helmasaurus|Donphan, F|129/384
|move|p2a: Gaia|Ice Shard|p1a: Helmasaurus
|-supereffective|p1a: Helmasaurus
|-damage|p1a: Helmasaurus|79/384
|
|-weather|SunnyDay|[upkeep]
|-heal|p2a: Gaia|317/384|[from] item: Leftovers
|-heal|p1a: Helmasaurus|103/384|[from] item: Leftovers
|turn|27
|
|move|p2a: Gaia|Stealth Rock|p1a: Helmasaurus
|-sidestart|p1: Sage Hane|move: Stealth Rock
|move|p1a: Helmasaurus|Stealth Rock|p2a: Gaia
|-sidestart|p2: SFNanashi|move: Stealth Rock
|
|-weather|SunnyDay|[upkeep]
|-heal|p2a: Gaia|341/384|[from] item: Leftovers
|-heal|p1a: Helmasaurus|127/384|[from] item: Leftovers
|turn|28
|
|move|p2a: Gaia|Earthquake|p1a: Helmasaurus
|-damage|p1a: Helmasaurus|36/384
|move|p1a: Helmasaurus|Rapid Spin|p2a: Gaia
|-damage|p2a: Gaia|329/384
|-sideend|p1: Sage Hane|Stealth Rock|[from] move: Rapid Spin|[of] p1a: Helmasaurus
|
|-weather|SunnyDay|[upkeep]
|-heal|p1a: Helmasaurus|60/384|[from] item: Leftovers
|-heal|p2a: Gaia|353/384|[from] item: Leftovers
|turn|29
|
|switch|p1a: Weird Egg|Chansey, F|642/642
|move|p2a: Gaia|Rapid Spin|p1a: Weird Egg
|-damage|p1a: Weird Egg|614/642
|-sideend|p2: SFNanashi|Stealth Rock|[from] move: Rapid Spin|[of] p2a: Gaia
|
|-weather|SunnyDay|[upkeep]
|-heal|p2a: Gaia|377/384|[from] item: Leftovers
|turn|30
|
|move|p2a: Gaia|Stealth Rock|p1a: Weird Egg
|-sidestart|p1: Sage Hane|move: Stealth Rock
|move|p1a: Weird Egg|Wish|p1a: Weird Egg
|
|-weather|SunnyDay|[upkeep]
|-heal|p2a: Gaia|384/384|[from] item: Leftovers
|turn|31
|
|move|p2a: Gaia|Ice Shard|p1a: Weird Egg
|-damage|p1a: Weird Egg|558/642
|move|p1a: Weird Egg|Toxic|p2a: Gaia
|-status|p2a: Gaia|tox
|
|-weather|SunnyDay|[upkeep]
|-heal|p1a: Weird Egg|642/642|[from] move: Wish|[wisher] Weird Egg
|-damage|p2a: Gaia|360/384 tox|[from] psn
|turn|32
|
|switch|p2a: Nike|Victini|341/341
|move|p1a: Weird Egg|Wish|p1a: Weird Egg
|
|-weather|SunnyDay|[upkeep]
|turn|33
|
|switch|p1a: Dinolfos|Garchomp, F|359/359
|-damage|p1a: Dinolfos|337/359|[from] Stealth Rock
|move|p2a: Nike|V-create|p1a: Dinolfos
|-resisted|p1a: Dinolfos
|-damage|p1a: Dinolfos|141/359
|-damage|p2a: Nike|299/341|[from] ability: Rough Skin|[of] p1a: Dinolfos
|-unboost|p2a: Nike|def|1
|-unboost|p2a: Nike|spd|1
|-unboost|p2a: Nike|spe|1
|
|-weather|SunnyDay|[upkeep]
|-heal|p1a: Dinolfos|359/359|[from] move: Wish|[wisher] Weird Egg
|turn|34
|
|move|p1a: Dinolfos|Earthquake|p2a: Nike
|-supereffective|p2a: Nike
|-damage|p2a: Nike|0 fnt
|faint|p2a: Nike
|
|-weather|SunnyDay|[upkeep]
|
|switch|p2a: Gaia|Donphan, F|360/384 tox
|turn|35
|
|move|p2a: Gaia|Ice Shard|p1a: Dinolfos
|-supereffective|p1a: Dinolfos
|-damage|p1a: Dinolfos|191/359
|move|p1a: Dinolfos|Earthquake|p2a: Gaia
|-damage|p2a: Gaia|182/384 tox
|
|-weather|SunnyDay|[upkeep]
|-heal|p2a: Gaia|206/384 tox|[from] item: Leftovers
|-damage|p2a: Gaia|182/384 tox|[from] psn
|turn|36
|
|move|p2a: Gaia|Ice Shard|p1a: Dinolfos
|-supereffective|p1a: Dinolfos
|-damage|p1a: Dinolfos|43/359
|move|p1a: Dinolfos|Earthquake|p2a: Gaia
|-damage|p2a: Gaia|19/384 tox
|
|-weather|SunnyDay|[upkeep]
|-heal|p2a: Gaia|43/384 tox|[from] item: Leftovers
|-damage|p2a: Gaia|0 fnt|[from] psn
|faint|p2a: Gaia
|-message|SFNanashi forfeited.
|
|win|Sage Hane
|raw|Ladder updating...
|leave|SFNanashi
|player|p2
|raw|Sage Hane's rating: 1366 &rarr; <strong>1390</strong><br />(+24 for winning)
|raw|SFNanashi's rating: 1434 &rarr; <strong>1410</strong><br />(-24 for losing)