|j|☆Samurott7777777
|j|☆Announcer B*gga
|player|p1|Samurott7777777|169|1399
|player|p2|Announcer B*gga|interviewers|1284
|teamsize|p1|6
|teamsize|p2|6
|gametype|singles
|gen|5
|tier|[Gen 5] OU
|rated|
|rule|Sleep Clause Mod: Limit one foe put to sleep
|rule|Species Clause: Limit one of each Pokémon
|rule|OHKO Clause: OHKO moves are banned
|rule|Moody Clause: Moody is banned
|rule|Evasion Moves Clause: Evasion moves are banned
|rule|Endless Battle Clause: Forcing endless battles is banned
|rule|HP Percentage Mod: HP is shown in percentages
|rule|Evasion Abilities Clause: Evasion abilities are banned
|rule|Baton Pass Clause: Limit one Baton Passer, can't pass Spe and other stats simultaneously
|rule|Swagger Clause: Swagger is banned
|clearpoke
|poke|p1|Politoed, F|item
|poke|p1|Keldeo-Resolute|item
|poke|p1|Ferrothorn, F|item
|poke|p1|Salamence, M|item
|poke|p1|Alakazam, F|item
|poke|p1|Magnezone|item
|poke|p2|Tyranitar, F|item
|poke|p2|Landorus-Therian, M|item
|poke|p2|Garchomp, M|item
|poke|p2|Rotom-Wash|item
|poke|p2|Jirachi|item
|poke|p2|Keldeo-Resolute|item
|teampreview
|inactive|Battle timer is ON: inactive players will automatically lose when time's up. (requested by Announcer B*gga)
|
|start
|switch|p1a: Keldeo|Keldeo-Resolute|100/100
|switch|p2a: Rotom|Rotom-Wash|100/100
|turn|1
|
|switch|p1a: Ferrothorn|Ferrothorn, F|100/100
|move|p2a: Rotom|Volt Switch|p1a: Ferrothorn
|-resisted|p1a: Ferrothorn
|-damage|p1a: Ferrothorn|92/100
|
|switch|p2a: Garchomp|Garchomp, M, shiny|100/100|[from]move: Volt Switch
|
|-heal|p1a: Ferrothorn|98/100|[from] item: Leftovers
|upkeep
|turn|2
|
|move|p2a: Garchomp|Substitute|p2a: Garchomp
|-start|p2a: Garchomp|Substitute
|-damage|p2a: Garchomp|76/100
|move|p1a: Ferrothorn|Stealth Rock|p2a: Garchomp
|-sidestart|p2: Announcer B*gga|move: Stealth Rock
|
|-heal|p1a: Ferrothorn|100/100|[from] item: Leftovers
|upkeep
|turn|3
|
|move|p2a: Garchomp|Swords Dance|p2a: Garchomp
|-boost|p2a: Garchomp|atk|2
|move|p1a: Ferrothorn|Power Whip|p2a: Garchomp
|-end|p2a: Garchomp|Substitute
|
|upkeep
|turn|4
|
|move|p2a: Garchomp|Earthquake|p1a: Ferrothorn
|-damage|p1a: Ferrothorn|20/100
|move|p1a: Ferrothorn|Power Whip|p2a: Garchomp
|-damage|p2a: Garchomp|39/100
|-damage|p1a: Ferrothorn|8/100|[from] ability: Rough Skin|[of] p2a: Garchomp
|
|-heal|p1a: Ferrothorn|14/100|[from] item: Leftovers
|upkeep
|turn|5
|
|move|p2a: Garchomp|Substitute|p2a: Garchomp
|-start|p2a: Garchomp|Substitute
|-damage|p2a: Garchomp|14/100
|move|p1a: Ferrothorn|Power Whip|p2a: Garchomp
|-end|p2a: Garchomp|Substitute
|
|-heal|p1a: Ferrothorn|20/100|[from] item: Leftovers
|upkeep
|turn|6
|
|switch|p1a: Salamence|Salamence, M|100/100
|move|p2a: Garchomp|Outrage|p1a: Salamence
|-supereffective|p1a: Salamence
|-damage|p1a: Salamence|0 fnt
|faint|p1a: Salamence
|
|upkeep
|c|☆Announcer B*gga|lol
|c|☆Samurott7777777|That was a good one
|c|☆Announcer B*gga|worked out still
|c|☆Samurott7777777|You got me there
|c|☆Samurott7777777|Dunno why you used Outrage
|inactive|Samurott7777777 has 120 seconds left.
|c|☆Samurott7777777|But you got me there
|
|switch|p1a: Ferrothorn|Ferrothorn, F|20/100
|turn|7
|c|☆Announcer B*gga|its all i have lol
|
|move|p2a: Garchomp|Outrage|p1a: Ferrothorn|[from]lockedmove
|-resisted|p1a: Ferrothorn
|-damage|p1a: Ferrothorn|0 fnt
|-damage|p2a: Garchomp|2/100|[from] ability: Iron Barbs|[of] p1a: Ferrothorn
|-start|p2a: Garchomp|confusion|[fatigue]
|faint|p1a: Ferrothorn
|
|upkeep
|
|switch|p1a: Magnezone|Magnezone|100/100
|turn|8
|c|☆Samurott7777777|I believe
|
|-activate|p2a: Garchomp|confusion
|-damage|p2a: Garchomp|0 fnt|[from] confusion
|faint|p2a: Garchomp
|move|p1a: Magnezone|Substitute|p1a: Magnezone
|-start|p1a: Magnezone|Substitute
|-damage|p1a: Magnezone|76/100
|
|-heal|p1a: Magnezone|82/100|[from] item: Leftovers
|upkeep
|
|switch|p2a: Landorus|Landorus-Therian, M|100/100
|-damage|p2a: Landorus|88/100|[from] Stealth Rock
|-ability|p2a: Landorus|Intimidate|boost
|-immune|p1a: Magnezone
|turn|9
|
|move|p1a: Magnezone|Hidden Power|p2a: Landorus
|-supereffective|p2a: Landorus
|-damage|p2a: Landorus|0 fnt
|faint|p2a: Landorus
|
|-heal|p1a: Magnezone|88/100|[from] item: Leftovers
|upkeep
|
|switch|p2a: Jirachi|Jirachi|100/100
|-damage|p2a: Jirachi|94/100|[from] Stealth Rock
|turn|10
|
|move|p2a: Jirachi|Calm Mind|p2a: Jirachi
|-boost|p2a: Jirachi|spa|1
|-boost|p2a: Jirachi|spd|1
|move|p1a: Magnezone|Charge Beam|p2a: Jirachi
|-damage|p2a: Jirachi|78/100
|-boost|p1a: Magnezone|spa|1
|
|-heal|p2a: Jirachi|85/100|[from] item: Leftovers
|-heal|p1a: Magnezone|94/100|[from] item: Leftovers
|upkeep
|turn|11
|
|move|p2a: Jirachi|Calm Mind|p2a: Jirachi
|-boost|p2a: Jirachi|spa|1
|-boost|p2a: Jirachi|spd|1
|move|p1a: Magnezone|Charge Beam|p2a: Jirachi
|-damage|p2a: Jirachi|67/100
|-boost|p1a: Magnezone|spa|1
|
|-heal|p2a: Jirachi|73/100|[from] item: Leftovers
|-heal|p1a: Magnezone|99/100|[from] item: Leftovers
|upkeep
|turn|12
|
|move|p2a: Jirachi|Hidden Power|p1a: Magnezone
|-supereffective|p1a: Magnezone
|-end|p1a: Magnezone|Substitute
|move|p1a: Magnezone|Charge Beam|p2a: Jirachi|[miss]
|-miss|p1a: Magnezone|p2a: Jirachi
|
|-heal|p2a: Jirachi|79/100|[from] item: Leftovers
|-heal|p1a: Magnezone|100/100|[from] item: Leftovers
|upkeep
|turn|13
|
|move|p2a: Jirachi|Hidden Power|p1a: Magnezone
|-supereffective|p1a: Magnezone
|-damage|p1a: Magnezone|0 fnt
|faint|p1a: Magnezone
|
|-heal|p2a: Jirachi|85/100|[from] item: Leftovers
|upkeep
|
|switch|p1a: Politoed|Politoed, F, shiny|100/100
|-weather|RainDance|[from] ability: Drizzle|[of] p1a: Politoed
|turn|14
|
|move|p2a: Jirachi|Grass Knot|p1a: Politoed
|-supereffective|p1a: Politoed
|-damage|p1a: Politoed|38/100
|move|p1a: Politoed|Perish Song|p1a: Politoed
|-start|p1a: Politoed|perish3|[silent]
|-start|p2a: Jirachi|perish3|[silent]
|-fieldactivate|move: Perish Song
|
|-weather|RainDance|[upkeep]
|-heal|p2a: Jirachi|91/100|[from] item: Leftovers
|-heal|p1a: Politoed|44/100|[from] item: Leftovers
|-start|p2a: Jirachi|perish3
|-start|p1a: Politoed|perish3
|upkeep
|turn|15
|
|switch|p1a: Alakazam|Alakazam, F|100/100
|move|p2a: Jirachi|Psychic|p1a: Alakazam
|-resisted|p1a: Alakazam
|-crit|p1a: Alakazam
|-enditem|p1a: Alakazam|Focus Sash
|-damage|p1a: Alakazam|1/100
|
|-weather|RainDance|[upkeep]
|-heal|p2a: Jirachi|97/100|[from] item: Leftovers
|-start|p2a: Jirachi|perish2
|upkeep
|turn|16
|
|switch|p1a: Politoed|Politoed, F, shiny|44/100
|move|p2a: Jirachi|Psychic|p1a: Politoed
|-damage|p1a: Politoed|0 fnt
|faint|p1a: Politoed
|
|-weather|RainDance|[upkeep]
|-heal|p2a: Jirachi|100/100|[from] item: Leftovers
|-start|p2a: Jirachi|perish1
|upkeep
|
|switch|p1a: Alakazam|Alakazam, F|1/100
|turn|17
|
|switch|p2a: Tyranitar|Tyranitar, F|100/100
|-damage|p2a: Tyranitar|88/100|[from] Stealth Rock
|-weather|Sandstorm|[from] ability: Sand Stream|[of] p2a: Tyranitar
|move|p1a: Alakazam|Shadow Ball|p2a: Tyranitar
|-resisted|p2a: Tyranitar
|-damage|p2a: Tyranitar|79/100
|-unboost|p2a: Tyranitar|spd|1
|
|-weather|Sandstorm|[upkeep]
|upkeep
|turn|18
|c|☆Samurott7777777|gg
|c|☆Samurott7777777|You really got me with that Outrage
|
|move|p1a: Alakazam|Focus Blast|p2a: Tyranitar
|-supereffective|p2a: Tyranitar
|-damage|p2a: Tyranitar|0 fnt
|faint|p2a: Tyranitar
|
|-weather|Sandstorm|[upkeep]
|upkeep
|c|☆Announcer B*gga|gg
|
|switch|p2a: Jirachi|Jirachi|100/100
|-damage|p2a: Jirachi|94/100|[from] Stealth Rock
|turn|19
|
|move|p1a: Alakazam|Focus Blast|p2a: Jirachi|[miss]
|-miss|p1a: Alakazam|p2a: Jirachi
|move|p2a: Jirachi|Psychic|p1a: Alakazam
|-resisted|p1a: Alakazam
|-damage|p1a: Alakazam|0 fnt
|faint|p1a: Alakazam
|
|-weather|Sandstorm|[upkeep]
|-heal|p2a: Jirachi|100/100|[from] item: Leftovers
|upkeep
|
|switch|p1a: Keldeo|Keldeo-Resolute|100/100
|turn|20
|
|move|p1a: Keldeo|Hydro Pump|p2a: Jirachi
|-damage|p2a: Jirachi|36/100
|move|p2a: Jirachi|Psychic|p1a: Keldeo
|-supereffective|p1a: Keldeo
|-damage|p1a: Keldeo|0 fnt
|faint|p1a: Keldeo
|
|win|Announcer B*gga
|l|☆Samurott7777777
|raw|Samurott7777777's rating: 1405 &rarr; <strong>1378</strong><br />(-27 for losing)
|raw|Announcer B*gga's rating: 1284 &rarr; <strong>1317</strong><br />(+33 for winning)
