|j|☆darksideBMTH
|j|☆Salutethewolf
|t:|1746970068
|gametype|singles
|player|p1|darksideBMTH|nate|1401
|player|p2|Salutethewolf|hugh|1517
|teamsize|p1|6
|teamsize|p2|6
|gen|5
|tier|[Gen 5] OU
|rated|
|rule|Species Clause: Limit one of each Pokémon
|rule|OHKO Clause: OHKO moves are banned
|rule|Moody Clause: Moody is banned
|rule|Evasion Items Clause: Evasion items are banned
|rule|Evasion Moves Clause: Evasion moves are banned
|rule|Endless Battle Clause: Forcing endless battles is banned
|rule|HP Percentage Mod: HP is shown in percentages
|rule|Evasion Abilities Clause: Evasion abilities are banned
|rule|Sleep Moves Clause: Sleep-inducing moves are banned
|rule|Swagger Clause: Swagger is banned
|rule|Baton Pass Stat Clause: No Baton Passer may have a way to boost its stats
|clearpoke
|poke|p1|Excadrill, F|item
|poke|p1|Rotom-Wash|item
|poke|p1|Latios, M|item
|poke|p1|Ferrothorn, M|item
|poke|p1|Landorus-Therian, M|item
|poke|p1|Keldeo|item
|poke|p2|Garchomp, F|item
|poke|p2|Dragonite, F|item
|poke|p2|Latios, M|item
|poke|p2|Starmie|item
|poke|p2|Metagross|item
|poke|p2|Scizor, F|item
|teampreview
|inactive|Battle timer is ON: inactive players will automatically lose when time's up. (requested by Salutethewolf)
|inactive|darksideBMTH has 120 seconds left.
|
|t:|1746970114
|start
|switch|p1a: Keldeo|Keldeo|100/100
|switch|p2a: Metagross|Metagross, shiny|100/100
|turn|1
|
|t:|1746970129
|move|p1a: Keldeo|Surf|p2a: Metagross
|-damage|p2a: Metagross|27/100
|move|p2a: Metagross|Psychic|p1a: Keldeo
|-supereffective|p1a: Keldeo
|-damage|p1a: Keldeo|7/100
|
|upkeep
|turn|2
|
|t:|1746970155
|switch|p1a: Ferrothorn|Ferrothorn, M|100/100
|switch|p2a: Dragonite|Dragonite, F, shiny|100/100
|
|upkeep
|turn|3
|
|t:|1746970161
|move|p2a: Dragonite|Dragon Dance|p2a: Dragonite
|-boost|p2a: Dragonite|atk|1
|-boost|p2a: Dragonite|spe|1
|move|p1a: Ferrothorn|Knock Off|p2a: Dragonite
|-damage|p2a: Dragonite|98/100
|-enditem|p2a: Dragonite|Life Orb|[from] move: Knock Off|[of] p1a: Ferrothorn
|
|upkeep
|turn|4
|
|t:|1746970168
|switch|p1a: Landorus|Landorus-Therian, M|100/100
|-ability|p1a: Landorus|Intimidate|boost
|-unboost|p2a: Dragonite|atk|1
|move|p2a: Dragonite|Dragon Dance|p2a: Dragonite
|-boost|p2a: Dragonite|atk|1
|-boost|p2a: Dragonite|spe|1
|
|upkeep
|turn|5
|
|t:|1746970181
|switch|p1a: Keldeo|Keldeo|7/100
|move|p2a: Dragonite|Outrage|p1a: Keldeo
|-damage|p1a: Keldeo|0 fnt
|faint|p1a: Keldeo
|
|upkeep
|
|t:|1746970186
|switch|p1a: Landorus|Landorus-Therian, M|100/100
|-ability|p1a: Landorus|Intimidate|boost
|-unboost|p2a: Dragonite|atk|1
|turn|6
|
|t:|1746970193
|move|p2a: Dragonite|Outrage|p1a: Landorus|[from] lockedmove
|-damage|p1a: Landorus|16/100
|move|p1a: Landorus|Hidden Power|p2a: Dragonite
|-supereffective|p2a: Dragonite
|-damage|p2a: Dragonite|38/100
|
|upkeep
|turn|7
|
|t:|1746970200
|switch|p1a: Ferrothorn|Ferrothorn, M|100/100
|move|p2a: Dragonite|Outrage|p1a: Ferrothorn|[from] lockedmove
|-resisted|p1a: Ferrothorn
|-damage|p1a: Ferrothorn|76/100
|-damage|p2a: Dragonite|25/100|[from] ability: Iron Barbs|[of] p1a: Ferrothorn
|-start|p2a: Dragonite|confusion|[fatigue]
|
|-heal|p1a: Ferrothorn|82/100|[from] item: Leftovers
|upkeep
|turn|8
|
|t:|1746970212
|-activate|p2a: Dragonite|confusion
|move|p2a: Dragonite|Superpower|p1a: Ferrothorn
|-supereffective|p1a: Ferrothorn
|-damage|p1a: Ferrothorn|13/100
|-unboost|p2a: Dragonite|atk|1
|-unboost|p2a: Dragonite|def|1
|-damage|p2a: Dragonite|13/100|[from] ability: Iron Barbs|[of] p1a: Ferrothorn
|move|p1a: Ferrothorn|Stealth Rock|p2a: Dragonite
|-sidestart|p2: Salutethewolf|move: Stealth Rock
|
|-heal|p1a: Ferrothorn|20/100|[from] item: Leftovers
|upkeep
|turn|9
|
|t:|1746970231
|-end|p2a: Dragonite|confusion
|move|p2a: Dragonite|Superpower|p1a: Ferrothorn
|-supereffective|p1a: Ferrothorn
|-damage|p1a: Ferrothorn|0 fnt
|-unboost|p2a: Dragonite|atk|1
|-unboost|p2a: Dragonite|def|1
|-damage|p2a: Dragonite|0 fnt|[from] ability: Iron Barbs|[of] p1a: Ferrothorn
|faint|p2a: Dragonite
|faint|p1a: Ferrothorn
|
|upkeep
|
|t:|1746970243
|switch|p2a: Metagross|Metagross, shiny|27/100
|switch|p1a: Rotom|Rotom-Wash|100/100
|-damage|p2a: Metagross|21/100|[from] Stealth Rock
|turn|10
|-enditem|p2a: Metagross|Custap Berry|[eat]
|-activate|p2a: Metagross|item: Custap Berry|[consumed]
|
|t:|1746970255
|move|p2a: Metagross|Explosion|p1a: Rotom
|-damage|p1a: Rotom|24/100
|faint|p2a: Metagross
|move|p1a: Rotom|Volt Switch|p2: Metagross|[notarget]
|-fail|p1a: Rotom
|
|upkeep
|
|t:|1746970264
|switch|p2a: Starmie|Starmie, shiny|100/100
|-damage|p2a: Starmie|88/100|[from] Stealth Rock
|turn|11
|
|t:|1746970271
|switch|p2a: Garchomp|Garchomp, F, shiny|100/100
|-damage|p2a: Garchomp|94/100|[from] Stealth Rock
|move|p1a: Rotom|Volt Switch|p2a: Garchomp
|-immune|p2a: Garchomp
|
|upkeep
|turn|12
|inactive|darksideBMTH has 120 seconds left.
|
|t:|1746970302
|switch|p1a: Landorus|Landorus-Therian, M|16/100
|-ability|p1a: Landorus|Intimidate|boost
|-unboost|p2a: Garchomp|atk|1
|move|p2a: Garchomp|Stealth Rock|p1a: Landorus
|-sidestart|p1: darksideBMTH|move: Stealth Rock
|
|upkeep
|turn|13
|
|t:|1746970311
|move|p1a: Landorus|Earthquake|p2a: Garchomp
|-damage|p2a: Garchomp|41/100
|move|p2a: Garchomp|Flamethrower|p1a: Landorus
|-crit|p1a: Landorus
|-damage|p1a: Landorus|0 fnt
|faint|p1a: Landorus
|-damage|p2a: Garchomp|31/100|[from] item: Life Orb
|
|upkeep
|
|t:|1746970318
|switch|p1a: Latios|Latios, M|100/100
|-damage|p1a: Latios|88/100|[from] Stealth Rock
|turn|14
|
|t:|1746970324
|move|p1a: Latios|Surf|p2a: Garchomp
|-damage|p2a: Garchomp|0 fnt
|faint|p2a: Garchomp
|
|upkeep
|
|t:|1746970331
|switch|p2a: Starmie|Starmie, shiny|88/100
|-damage|p2a: Starmie|76/100|[from] Stealth Rock
|turn|15
|
|t:|1746970342
|switch|p1a: Rotom|Rotom-Wash|24/100
|-damage|p1a: Rotom|11/100|[from] Stealth Rock
|move|p2a: Starmie|Ice Beam|p1a: Rotom
|-resisted|p1a: Rotom
|-damage|p1a: Rotom|0 fnt
|faint|p1a: Rotom
|-damage|p2a: Starmie|66/100|[from] item: Life Orb
|
|upkeep
|
|t:|1746970346
|switch|p1a: Latios|Latios, M|88/100
|-damage|p1a: Latios|76/100|[from] Stealth Rock
|turn|16
|
|t:|1746970355
|move|p2a: Starmie|Rapid Spin|p1a: Latios
|-damage|p1a: Latios|71/100
|-sideend|p2: Salutethewolf|Stealth Rock|[from] move: Rapid Spin|[of] p2a: Starmie
|-damage|p2a: Starmie|56/100|[from] item: Life Orb
|move|p1a: Latios|Draco Meteor|p2a: Starmie
|-damage|p2a: Starmie|0 fnt
|-unboost|p1a: Latios|spa|2
|faint|p2a: Starmie
|
|upkeep
|
|t:|1746970368
|switch|p2a: Scizor|Scizor, F, shiny|100/100
|turn|17
|
|t:|1746970396
|move|p1a: Latios|Draco Meteor|p2a: Scizor
|-resisted|p2a: Scizor
|-damage|p2a: Scizor|69/100
|-unboost|p1a: Latios|spa|2
|move|p2a: Scizor|U-turn|p1a: Latios
|-supereffective|p1a: Latios
|-damage|p1a: Latios|0 fnt
|faint|p1a: Latios
|
|t:|1746970405
|switch|p2a: Latios|Latios, M, shiny|100/100|[from] U-turn
|
|upkeep
|
|t:|1746970407
|switch|p1a: Excadrill|Excadrill, F|100/100
|-damage|p1a: Excadrill|97/100|[from] Stealth Rock
|-ability|p1a: Excadrill|Mold Breaker
|turn|18
|
|t:|1746970414
|move|p1a: Excadrill|Protect|p1a: Excadrill
|-singleturn|p1a: Excadrill|Protect
|move|p2a: Latios|Surf|p1a: Excadrill
|-activate|p1a: Excadrill|move: Protect
|
|-heal|p1a: Excadrill|100/100|[from] item: Leftovers
|upkeep
|turn|19
|
|t:|1746970422
|move|p2a: Latios|Surf|p1a: Excadrill
|-supereffective|p1a: Excadrill
|-damage|p1a: Excadrill|26/100
|move|p1a: Excadrill|Earthquake|p2a: Latios
|-damage|p2a: Latios|42/100
|
|-heal|p1a: Excadrill|32/100|[from] item: Leftovers
|upkeep
|turn|20
|
|t:|1746970431
|move|p2a: Latios|Surf|p1a: Excadrill
|-supereffective|p1a: Excadrill
|-damage|p1a: Excadrill|0 fnt
|faint|p1a: Excadrill
|
|win|Salutethewolf
|raw|darksideBMTH's rating: 1401 &rarr; <strong>1387</strong><br />(-14 for losing)
|raw|Salutethewolf's rating: 1517 &rarr; <strong>1531</strong><br />(+14 for winning)
|c|☆darksideBMTH|nice team, rly like the custap meta
