|j|☆auxplr
|j|☆av2336
|t:|1716634683
|gametype|singles
|player|p1|auxplr|n|1396
|player|p2|av2336|pokemaniac-gen3rs|1434
|teamsize|p1|6
|teamsize|p2|6
|gen|5
|tier|[Gen 5] OU
|rated|
|rule|Species Clause: Limit one of each Pokémon
|rule|OHKO Clause: OHKO moves are banned
|rule|Moody Clause: Moody is banned
|rule|Evasion Items Clause: Evasion items are banned
|rule|Evasion Moves Clause: Evasion moves are banned
|rule|Endless Battle Clause: Forcing endless battles is banned
|rule|HP Percentage Mod: HP is shown in percentages
|rule|Evasion Abilities Clause: Evasion abilities are banned
|rule|Sleep Moves Clause: Sleep-inducing moves are banned
|rule|Swagger Clause: Swagger is banned
|rule|Baton Pass Stat Clause: No Baton Passer may have a way to boost its stats
|clearpoke
|poke|p1|Tyranitar, F|item
|poke|p1|Garchomp, M|item
|poke|p1|Excadrill, M|item
|poke|p1|Ferrothorn, F|item
|poke|p1|Alakazam, M|item
|poke|p1|Rotom-Wash|item
|poke|p2|Omastar, F|item
|poke|p2|Latios, M|item
|poke|p2|Jirachi|item
|poke|p2|Dugtrio, F|item
|poke|p2|Gyarados, M|item
|poke|p2|Conkeldurr, F|item
|teampreview
|inactive|Battle timer is ON: inactive players will automatically lose when time's up. (requested by av2336)
|
|t:|1716634698
|start
|switch|p1a: Garchomp|Garchomp, M|100/100
|switch|p2a: Dugtrio|Dugtrio, F|100/100
|turn|1
|
|t:|1716634702
|move|p2a: Dugtrio|Stealth Rock|p1a: Garchomp
|-sidestart|p1: auxplr|move: Stealth Rock
|move|p1a: Garchomp|Earthquake|p2a: Dugtrio
|-enditem|p2a: Dugtrio|Focus Sash
|-damage|p2a: Dugtrio|1/100
|
|upkeep
|turn|2
|
|t:|1716634709
|move|p2a: Dugtrio|Memento|p1a: Garchomp
|-unboost|p1a: Garchomp|atk|2
|-unboost|p1a: Garchomp|spa|2
|faint|p2a: Dugtrio
|move|p1a: Garchomp|Earthquake|p2: Dugtrio|[notarget]
|-fail|p1a: Garchomp
|
|upkeep
|inactive|av2336 has 120 seconds left.
|
|t:|1716634746
|switch|p2a: Omastar|Omastar, F|100/100
|turn|3
|
|t:|1716634748
|move|p1a: Garchomp|Earthquake|p2a: Omastar
|-supereffective|p2a: Omastar
|-damage|p2a: Omastar|47/100
|move|p2a: Omastar|Shell Smash|p2a: Omastar
|-unboost|p2a: Omastar|def|1
|-unboost|p2a: Omastar|spd|1
|-boost|p2a: Omastar|atk|2
|-boost|p2a: Omastar|spa|2
|-boost|p2a: Omastar|spe|2
|-enditem|p2a: Omastar|White Herb
|-clearnegativeboost|p2a: Omastar|[silent]
|
|upkeep
|turn|4
|
|t:|1716634751
|move|p2a: Omastar|Ice Beam|p1a: Garchomp
|-supereffective|p1a: Garchomp
|-enditem|p1a: Garchomp|Yache Berry|[eat]
|-enditem|p1a: Garchomp|Yache Berry|[weaken]
|-damage|p1a: Garchomp|0 fnt
|faint|p1a: Garchomp
|
|upkeep
|
|t:|1716634766
|switch|p1a: Ferrothorn|Ferrothorn, F|100/100
|-damage|p1a: Ferrothorn|94/100|[from] Stealth Rock
|turn|5
|
|t:|1716634786
|switch|p2a: Jirachi|Jirachi|100/100
|move|p1a: Ferrothorn|Stealth Rock|p2a: Jirachi
|-sidestart|p2: av2336|move: Stealth Rock
|
|-heal|p1a: Ferrothorn|100/100|[from] item: Leftovers
|upkeep
|turn|6
|
|t:|1716634789
|move|p2a: Jirachi|Trick|p1a: Ferrothorn
|-activate|p2a: Jirachi|move: Trick|[of] p1a: Ferrothorn
|-item|p1a: Ferrothorn|Choice Scarf|[from] move: Trick
|-item|p2a: Jirachi|Leftovers|[from] move: Trick
|move|p1a: Ferrothorn|Knock Off|p2a: Jirachi
|-crit|p2a: Jirachi
|-damage|p2a: Jirachi|92/100
|-enditem|p2a: Jirachi|Leftovers|[from] move: Knock Off|[of] p1a: Ferrothorn
|
|upkeep
|turn|7
|
|t:|1716634799
|move|p2a: Jirachi|U-turn|p1a: Ferrothorn
|-crit|p1a: Ferrothorn
|-damage|p1a: Ferrothorn|72/100
|-damage|p2a: Jirachi|80/100|[from] ability: Iron Barbs|[of] p1a: Ferrothorn
|
|t:|1716634804
|switch|p2a: Omastar|Omastar, F|47/100|[from] U-turn
|-damage|p2a: Omastar|35/100|[from] Stealth Rock
|move|p1a: Ferrothorn|Knock Off|p2a: Omastar
|-damage|p2a: Omastar|30/100
|
|upkeep
|turn|8
|
|t:|1716634810
|switch|p1a: Alakazam|Alakazam, M|100/100
|move|p2a: Omastar|Shell Smash|p2a: Omastar
|-unboost|p2a: Omastar|def|1
|-unboost|p2a: Omastar|spd|1
|-boost|p2a: Omastar|atk|2
|-boost|p2a: Omastar|spa|2
|-boost|p2a: Omastar|spe|2
|
|upkeep
|turn|9
|
|t:|1716634815
|move|p2a: Omastar|Surf|p1a: Alakazam
|-enditem|p1a: Alakazam|Focus Sash
|-damage|p1a: Alakazam|1/100
|move|p1a: Alakazam|Psychic|p2a: Omastar
|-damage|p2a: Omastar|0 fnt
|faint|p2a: Omastar
|
|upkeep
|
|t:|1716634820
|switch|p2a: Jirachi|Jirachi|80/100
|-damage|p2a: Jirachi|73/100|[from] Stealth Rock
|turn|10
|
|t:|1716634823
|switch|p1a: Ferrothorn|Ferrothorn, F|72/100
|-damage|p1a: Ferrothorn|66/100|[from] Stealth Rock
|move|p2a: Jirachi|U-turn|p1a: Ferrothorn
|-damage|p1a: Ferrothorn|52/100
|-damage|p2a: Jirachi|61/100|[from] ability: Iron Barbs|[of] p1a: Ferrothorn
|
|t:|1716634827
|switch|p2a: Conkeldurr|Conkeldurr, F|100/100|[from] U-turn
|-damage|p2a: Conkeldurr|94/100|[from] Stealth Rock
|
|-heal|p2a: Conkeldurr|100/100|[from] item: Leftovers
|upkeep
|turn|11
|
|t:|1716634833
|move|p1a: Ferrothorn|Spikes|p2a: Conkeldurr
|-sidestart|p2: av2336|Spikes
|move|p2a: Conkeldurr|Bulk Up|p2a: Conkeldurr
|-boost|p2a: Conkeldurr|atk|1
|-boost|p2a: Conkeldurr|def|1
|
|upkeep
|turn|12
|
|t:|1716634836
|move|p1a: Ferrothorn|Spikes|p2a: Conkeldurr
|-sidestart|p2: av2336|Spikes
|move|p2a: Conkeldurr|Bulk Up|p2a: Conkeldurr
|-boost|p2a: Conkeldurr|atk|1
|-boost|p2a: Conkeldurr|def|1
|
|upkeep
|turn|13
|
|t:|1716634843
|switch|p1a: Rotom|Rotom-Wash|100/100
|-damage|p1a: Rotom|88/100|[from] Stealth Rock
|move|p2a: Conkeldurr|Bulk Up|p2a: Conkeldurr
|-boost|p2a: Conkeldurr|atk|1
|-boost|p2a: Conkeldurr|def|1
|
|-heal|p1a: Rotom|94/100|[from] item: Leftovers
|upkeep
|turn|14
|
|t:|1716634847
|move|p1a: Rotom|Will-O-Wisp|p2a: Conkeldurr|[miss]
|-miss|p1a: Rotom|p2a: Conkeldurr
|move|p2a: Conkeldurr|Drain Punch|p1a: Rotom
|-damage|p1a: Rotom|27/100
|
|-heal|p1a: Rotom|33/100|[from] item: Leftovers
|upkeep
|turn|15
|
|t:|1716634853
|move|p1a: Rotom|Will-O-Wisp|p2a: Conkeldurr
|-status|p2a: Conkeldurr|brn
|move|p2a: Conkeldurr|Drain Punch|p1a: Rotom
|-damage|p1a: Rotom|0 fnt
|faint|p1a: Rotom
|
|-damage|p2a: Conkeldurr|88/100 brn|[from] brn
|upkeep
|
|t:|1716634865
|switch|p1a: Alakazam|Alakazam, M|1/100
|turn|16
|
|t:|1716634878
|move|p1a: Alakazam|Psychic|p2a: Conkeldurr
|-supereffective|p2a: Conkeldurr
|-damage|p2a: Conkeldurr|7/100 brn
|move|p2a: Conkeldurr|Drain Punch|p1a: Alakazam
|-resisted|p1a: Alakazam
|-damage|p1a: Alakazam|0 fnt
|-heal|p2a: Conkeldurr|7/100 brn|[from] drain|[of] p1a: Alakazam
|faint|p1a: Alakazam
|
|-heal|p2a: Conkeldurr|13/100 brn|[from] item: Leftovers
|-damage|p2a: Conkeldurr|0 fnt|[from] brn
|faint|p2a: Conkeldurr
|upkeep
|
|t:|1716634889
|switch|p1a: Ferrothorn|Ferrothorn, F|52/100
|switch|p2a: Latios|Latios, M|100/100
|-damage|p2a: Latios|88/100|[from] Stealth Rock
|-damage|p1a: Ferrothorn|46/100|[from] Stealth Rock
|turn|17
|
|t:|1716634895
|switch|p1a: Tyranitar|Tyranitar, F|100/100
|-damage|p1a: Tyranitar|88/100|[from] Stealth Rock
|-weather|Sandstorm|[from] ability: Sand Stream|[of] p1a: Tyranitar
|move|p2a: Latios|Reflect|p2a: Latios
|-sidestart|p2: av2336|Reflect
|
|-weather|Sandstorm|[upkeep]
|-damage|p2a: Latios|82/100|[from] Sandstorm
|upkeep
|turn|18
|
|t:|1716634905
|move|p2a: Latios|Draco Meteor|p1a: Tyranitar|[miss]
|-miss|p2a: Latios|p1a: Tyranitar
|move|p1a: Tyranitar|Pursuit|p2a: Latios
|-supereffective|p2a: Latios
|-damage|p2a: Latios|52/100
|
|-weather|Sandstorm|[upkeep]
|-damage|p2a: Latios|46/100|[from] Sandstorm
|upkeep
|turn|19
|
|t:|1716634908
|move|p2a: Latios|Draco Meteor|p1a: Tyranitar
|-damage|p1a: Tyranitar|52/100
|-unboost|p2a: Latios|spa|2
|move|p1a: Tyranitar|Thunder Wave|p2a: Latios
|-status|p2a: Latios|par
|
|-weather|Sandstorm|[upkeep]
|-damage|p2a: Latios|40/100 par|[from] Sandstorm
|upkeep
|turn|20
|
|t:|1716634916
|move|p1a: Tyranitar|Thunder Wave|p2a: Latios
|-fail|p2a: Latios|par
|move|p2a: Latios|Memento|p1a: Tyranitar
|-unboost|p1a: Tyranitar|atk|2
|-unboost|p1a: Tyranitar|spa|2
|faint|p2a: Latios
|
|-weather|Sandstorm|[upkeep]
|upkeep
|
|t:|1716634922
|switch|p2a: Gyarados|Gyarados, M|100/100
|-damage|p2a: Gyarados|76/100|[from] Stealth Rock
|-ability|p2a: Gyarados|Intimidate|boost
|-unboost|p1a: Tyranitar|atk|1
|turn|21
|
|t:|1716634924
|move|p2a: Gyarados|Substitute|p2a: Gyarados
|-start|p2a: Gyarados|Substitute
|-damage|p2a: Gyarados|51/100
|move|p1a: Tyranitar|Thunder Wave||[still]
|-fail|p1a: Tyranitar
|
|-weather|Sandstorm|[upkeep]
|-damage|p2a: Gyarados|44/100|[from] Sandstorm
|-heal|p2a: Gyarados|51/100|[from] item: Leftovers
|upkeep
|turn|22
|
|t:|1716634929
|move|p2a: Gyarados|Dragon Dance|p2a: Gyarados
|-boost|p2a: Gyarados|atk|1
|-boost|p2a: Gyarados|spe|1
|move|p1a: Tyranitar|Crunch|p2a: Gyarados
|-activate|p2a: Gyarados|Substitute|[damage]
|
|-weather|Sandstorm|[upkeep]
|-damage|p2a: Gyarados|44/100|[from] Sandstorm
|-heal|p2a: Gyarados|51/100|[from] item: Leftovers
|upkeep
|turn|23
|
|t:|1716634936
|switch|p1a: Ferrothorn|Ferrothorn, F|46/100
|-damage|p1a: Ferrothorn|40/100|[from] Stealth Rock
|move|p2a: Gyarados|Waterfall|p1a: Ferrothorn
|-resisted|p1a: Ferrothorn
|-damage|p1a: Ferrothorn|18/100
|-damage|p2a: Gyarados|38/100|[from] ability: Iron Barbs|[of] p1a: Ferrothorn
|
|-weather|Sandstorm|[upkeep]
|-damage|p2a: Gyarados|32/100|[from] Sandstorm
|-heal|p2a: Gyarados|38/100|[from] item: Leftovers
|upkeep
|turn|24
|
|t:|1716634945
|move|p2a: Gyarados|Waterfall|p1a: Ferrothorn
|-resisted|p1a: Ferrothorn
|-damage|p1a: Ferrothorn|0 fnt
|-damage|p2a: Gyarados|26/100|[from] ability: Iron Barbs|[of] p1a: Ferrothorn
|faint|p1a: Ferrothorn
|
|-weather|Sandstorm|[upkeep]
|-damage|p2a: Gyarados|19/100|[from] Sandstorm
|-heal|p2a: Gyarados|26/100|[from] item: Leftovers
|-sideend|p2: av2336|Reflect
|upkeep
|
|t:|1716634948
|switch|p1a: Excadrill|Excadrill, M|100/100
|-damage|p1a: Excadrill|98/100|[from] Stealth Rock
|-ability|p1a: Excadrill|Mold Breaker
|turn|25
|
|t:|1716634950
|move|p1a: Excadrill|Protect|p1a: Excadrill
|-singleturn|p1a: Excadrill|Protect
|move|p2a: Gyarados|Waterfall|p1a: Excadrill
|-activate|p1a: Excadrill|move: Protect
|
|-weather|Sandstorm|[upkeep]
|-damage|p2a: Gyarados|19/100|[from] Sandstorm
|-heal|p2a: Gyarados|26/100|[from] item: Leftovers
|-heal|p1a: Excadrill|100/100|[from] item: Leftovers
|upkeep
|turn|26
|
|t:|1716634961
|move|p2a: Gyarados|Waterfall|p1a: Excadrill
|-supereffective|p1a: Excadrill
|-damage|p1a: Excadrill|0 fnt
|faint|p1a: Excadrill
|
|-weather|Sandstorm|[upkeep]
|-damage|p2a: Gyarados|19/100|[from] Sandstorm
|-heal|p2a: Gyarados|26/100|[from] item: Leftovers
|upkeep
|
|t:|1716634964
|switch|p1a: Tyranitar|Tyranitar, F|52/100
|-damage|p1a: Tyranitar|40/100|[from] Stealth Rock
|turn|27
|
|t:|1716634967
|move|p2a: Gyarados|Waterfall|p1a: Tyranitar
|-supereffective|p1a: Tyranitar
|-damage|p1a: Tyranitar|0 fnt
|faint|p1a: Tyranitar
|
|win|av2336
|raw|auxplr's rating: 1396 &rarr; <strong>1378</strong><br />(-18 for losing)
|raw|av2336's rating: 1434 &rarr; <strong>1452</strong><br />(+18 for winning)
