|j|☆Alfredo_Rivero✘
|j|☆GerMoj
|player|p1|Alfredo_Rivero✘|260
|player|p2|GerMoj|266
|teamsize|p1|6
|teamsize|p2|6
|gametype|singles
|gen|5
|tier|[Gen 5] OU
|rated|
|rule|Sleep Clause Mod: Limit one foe put to sleep
|rule|Species Clause: Limit one of each Pokémon
|rule|OHKO Clause: OHKO moves are banned
|rule|Moody Clause: Moody is banned
|rule|Evasion Moves Clause: Evasion moves are banned
|rule|Endless Battle Clause: Forcing endless battles is banned
|rule|HP Percentage Mod: HP is shown in percentages
|rule|Evasion Abilities Clause: Evasion abilities are banned
|rule|Baton Pass Clause: Limit one Baton Passer, can't pass Spe and other stats simultaneously
|rule|Swagger Clause: Swagger is banned
|clearpoke
|poke|p1|Politoed, M|item
|poke|p1|Azumarill, M|item
|poke|p1|Toxicroak, F|item
|poke|p1|Keldeo|item
|poke|p1|Ferrothorn, M|item
|poke|p1|Thundurus-Therian, M|item
|poke|p2|Politoed, F|item
|poke|p2|Ferrothorn, F|item
|poke|p2|Thundurus-Therian, M|item
|poke|p2|Breloom, F|item
|poke|p2|Latios, M|item
|poke|p2|Tentacruel, F|item
|teampreview
|c|☆Alfredo_Rivero✘|:eyes:
|c|☆GerMoj|holi
|c|☆GerMoj|:eyes
|c|☆Alfredo_Rivero✘|hi
|j| Lord Thorx
|
|start
|switch|p1a: Toxicroak|Toxicroak, F|100/100
|switch|p2a: Ferrothorn|Ferrothorn, F|100/100
|turn|1
|c| Lord Thorx|que haces aqui alfredo
|c| Lord Thorx|Willy
|
|switch|p2a: Politoed|Politoed, F, shiny|100/100
|-weather|RainDance|[from] ability: Drizzle|[of] p2a: Politoed
|move|p1a: Toxicroak|Substitute|p1a: Toxicroak
|-start|p1a: Toxicroak|Substitute
|-damage|p1a: Toxicroak|76/100
|
|-weather|RainDance|[upkeep]
|-heal|p1a: Toxicroak|88/100|[from] ability: Dry Skin
|-heal|p1a: Toxicroak|94/100|[from] item: Black Sludge
|upkeep
|turn|2
|
|-singleturn|p1a: Toxicroak|move: Focus Punch
|move|p2a: Politoed|Encore|p1a: Toxicroak
|-start|p1a: Toxicroak|Encore
|move|p1a: Toxicroak|Substitute|p1a: Toxicroak
|-fail|p1a: Toxicroak|move: Substitute
|
|-weather|RainDance|[upkeep]
|-heal|p1a: Toxicroak|100/100|[from] ability: Dry Skin
|upkeep
|turn|3
|
|switch|p2a: Ferrothorn|Ferrothorn, F|100/100
|move|p1a: Toxicroak|Substitute|p1a: Toxicroak
|-fail|p1a: Toxicroak|move: Substitute
|
|-weather|RainDance|[upkeep]
|upkeep
|turn|4
|
|move|p1a: Toxicroak|Substitute|p1a: Toxicroak
|-fail|p1a: Toxicroak|move: Substitute
|move|p2a: Ferrothorn|Stealth Rock|p1a: Toxicroak
|-sidestart|p1: Alfredo_Rivero✘|move: Stealth Rock
|
|-weather|RainDance|[upkeep]
|-end|p1a: Toxicroak|Encore
|upkeep
|turn|5
|
|-singleturn|p1a: Toxicroak|move: Focus Punch
|switch|p2a: Tentacruel|Tentacruel, F|100/100
|move|p1a: Toxicroak|Focus Punch|p2a: Tentacruel
|-resisted|p2a: Tentacruel
|-damage|p2a: Tentacruel|66/100
|
|-weather|RainDance|[upkeep]
|-heal|p2a: Tentacruel|72/100|[from] ability: Rain Dish
|-heal|p2a: Tentacruel|78/100|[from] item: Leftovers
|upkeep
|turn|6
|
|-singleturn|p1a: Toxicroak|move: Focus Punch
|switch|p2a: Politoed|Politoed, F, shiny|100/100
|move|p1a: Toxicroak|Focus Punch|p2a: Politoed
|-damage|p2a: Politoed|4/100
|
|-weather|RainDance|[upkeep]
|upkeep
|turn|7
|
|-singleturn|p1a: Toxicroak|move: Focus Punch
|move|p2a: Politoed|Perish Song|p2a: Politoed
|-start|p1a: Toxicroak|perish3|[silent]
|-start|p2a: Politoed|perish3|[silent]
|-fieldactivate|move: Perish Song
|move|p1a: Toxicroak|Focus Punch|p2a: Politoed
|-damage|p2a: Politoed|0 fnt
|faint|p2a: Politoed
|
|-weather|RainDance|[upkeep]
|-start|p1a: Toxicroak|perish3
|upkeep
|
|switch|p2a: Ferrothorn|Ferrothorn, F|100/100
|turn|8
|
|-singleturn|p1a: Toxicroak|move: Focus Punch
|move|p2a: Ferrothorn|Protect|p2a: Ferrothorn
|-singleturn|p2a: Ferrothorn|Protect
|move|p1a: Toxicroak|Focus Punch|p2a: Ferrothorn
|-activate|p2a: Ferrothorn|move: Protect
|
|-weather|RainDance|[upkeep]
|-start|p1a: Toxicroak|perish2
|upkeep
|turn|9
|
|-singleturn|p1a: Toxicroak|move: Focus Punch
|switch|p2a: Latios|Latios, M|100/100
|move|p1a: Toxicroak|Focus Punch|p2a: Latios
|-resisted|p2a: Latios
|-damage|p2a: Latios|53/100
|
|-weather|RainDance|[upkeep]
|-start|p1a: Toxicroak|perish1
|upkeep
|turn|10
|
|switch|p1a: Ferrothorn|Ferrothorn, M|100/100
|-damage|p1a: Ferrothorn|94/100|[from] Stealth Rock
|move|p2a: Latios|Trick|p1a: Ferrothorn
|-activate|p2a: Latios|move: Trick|[of] p1a: Ferrothorn
|-item|p1a: Ferrothorn|Choice Scarf|[from] move: Trick
|-item|p2a: Latios|Leftovers|[from] move: Trick
|
|-weather|RainDance|[upkeep]
|-heal|p2a: Latios|59/100|[from] item: Leftovers
|upkeep
|turn|11
|
|switch|p2a: Breloom|Breloom, F|100/100
|move|p1a: Ferrothorn|Knock Off|p2a: Breloom
|-resisted|p2a: Breloom
|-damage|p2a: Breloom|98/100
|-enditem|p2a: Breloom|Toxic Orb|[from] move: Knock Off|[of] p1a: Ferrothorn
|
|-weather|RainDance|[upkeep]
|upkeep
|turn|12
|
|switch|p1a: Politoed|Politoed, M|100/100
|-damage|p1a: Politoed|88/100|[from] Stealth Rock
|move|p2a: Breloom|Spore|p1a: Politoed
|-status|p1a: Politoed|slp
|
|-weather|RainDance|[upkeep]
|-heal|p1a: Politoed|94/100 slp|[from] item: Leftovers
|upkeep
|turn|13
|
|switch|p1a: Toxicroak|Toxicroak, F|100/100
|-damage|p1a: Toxicroak|94/100|[from] Stealth Rock
|switch|p2a: Latios|Latios, M|59/100
|
|-weather|RainDance|[upkeep]
|-heal|p1a: Toxicroak|100/100|[from] ability: Dry Skin
|-heal|p2a: Latios|65/100|[from] item: Leftovers
|upkeep
|turn|14
|
|switch|p1a: Ferrothorn|Ferrothorn, M|94/100
|-damage|p1a: Ferrothorn|88/100|[from] Stealth Rock
|move|p2a: Latios|Psyshock|p1a: Ferrothorn
|-resisted|p1a: Ferrothorn
|-damage|p1a: Ferrothorn|73/100
|
|-weather|RainDance|[upkeep]
|-heal|p2a: Latios|71/100|[from] item: Leftovers
|upkeep
|turn|15
|l|☆Alfredo_Rivero✘
|player|p1|
|c| Lord Thorx|ez win (?
|inactive|Battle timer is ON: inactive players will automatically lose when time's up. (requested by GerMoj)
|inactive|Alfredo_Rivero✘ has 60 seconds to reconnect!
|c| Lord Thorx|puta net venezolana
|c|☆GerMoj|voy a poner timer porque tengo prisa a.a
|c| Lord Thorx|xD
|c|☆GerMoj|es que está minando
|c|☆GerMoj|petros
|c| Lord Thorx|a.e
|c| Lord Thorx|bueno
|inactive|Alfredo_Rivero✘ has 30 seconds to reconnect!
|c| Lord Thorx|ojalá venga
|j|☆Alfredo_Rivero✘
|inactive|Alfredo_Rivero✘ reconnected and has 115 seconds left.
|player|p1|Alfredo_Rivero✘|260
|c| Lord Thorx|lol
|c| Lord Thorx|lo invoqué
|c| Lord Thorx|xD
|inactive|Alfredo_Rivero✘ has 90 seconds left.
|c|☆GerMoj|venga fredo a.a
|
|move|p2a: Latios|Psyshock|p1a: Ferrothorn
|-resisted|p1a: Ferrothorn
|-damage|p1a: Ferrothorn|57/100
|move|p1a: Ferrothorn|Leech Seed|p2a: Latios
|-start|p2a: Latios|move: Leech Seed
|
|-weather|RainDance|[upkeep]
|-heal|p2a: Latios|77/100|[from] item: Leftovers
|-damage|p2a: Latios|65/100|[from] Leech Seed|[of] p1a: Ferrothorn
|-heal|p1a: Ferrothorn|67/100|[silent]
|upkeep
|turn|16
|
|switch|p2a: Ferrothorn|Ferrothorn, F|100/100
|move|p1a: Ferrothorn|Leech Seed|p2a: Ferrothorn
|-immune|p2a: Ferrothorn|[msg]
|
|-weather|RainDance|[upkeep]
|upkeep
|turn|17
|
|switch|p1a: Politoed|Politoed, M|94/100 slp
|-damage|p1a: Politoed|82/100 slp|[from] Stealth Rock
|switch|p2a: Latios|Latios, M|65/100
|
|-weather|RainDance|[upkeep]
|-heal|p2a: Latios|71/100|[from] item: Leftovers
|-heal|p1a: Politoed|88/100 slp|[from] item: Leftovers
|upkeep
|turn|18
|inactive|GerMoj has 120 seconds left.
|
|move|p2a: Latios|Psyshock|p1a: Politoed
|-damage|p1a: Politoed|48/100 slp
|cant|p1a: Politoed|slp
|
|-weather|RainDance|[upkeep]
|-heal|p2a: Latios|77/100|[from] item: Leftovers
|-heal|p1a: Politoed|54/100 slp|[from] item: Leftovers
|upkeep
|turn|19
|
|move|p2a: Latios|Psyshock|p1a: Politoed
|-damage|p1a: Politoed|12/100 slp
|cant|p1a: Politoed|slp
|
|-weather|RainDance|[upkeep]
|-heal|p2a: Latios|83/100|[from] item: Leftovers
|-heal|p1a: Politoed|18/100 slp|[from] item: Leftovers
|upkeep
|turn|20
|
|move|p2a: Latios|Psyshock|p1a: Politoed
|-damage|p1a: Politoed|0 fnt
|faint|p1a: Politoed
|
|-weather|RainDance|[upkeep]
|-heal|p2a: Latios|89/100|[from] item: Leftovers
|upkeep
|
|switch|p1a: Azumarill|Azumarill, M|100/100
|-damage|p1a: Azumarill|88/100|[from] Stealth Rock
|turn|21
|
|move|p2a: Latios|Draco Meteor|p1a: Azumarill|[miss]
|-miss|p2a: Latios|p1a: Azumarill
|move|p1a: Azumarill|Ice Punch|p2a: Latios
|-supereffective|p2a: Latios
|-damage|p2a: Latios|0 fnt
|faint|p2a: Latios
|
|-weather|RainDance|[upkeep]
|upkeep
|
|switch|p2a: Breloom|Breloom, F|98/100
|turn|22
|
|switch|p1a: Ferrothorn|Ferrothorn, M|67/100
|-damage|p1a: Ferrothorn|61/100|[from] Stealth Rock
|move|p2a: Breloom|Spore|p1a: Ferrothorn
|-status|p1a: Ferrothorn|slp
|
|-weather|RainDance|[upkeep]
|upkeep
|turn|23
|
|switch|p2a: Thundurus|Thundurus-Therian, M|100/100
|switch|p1a: Toxicroak|Toxicroak, F|100/100
|-damage|p1a: Toxicroak|94/100|[from] Stealth Rock
|
|-weather|RainDance|[upkeep]
|-heal|p1a: Toxicroak|100/100|[from] ability: Dry Skin
|upkeep
|turn|24
|
|move|p2a: Thundurus|Thunderbolt|p1a: Toxicroak
|-damage|p1a: Toxicroak|20/100
|-status|p1a: Toxicroak|par
|move|p1a: Toxicroak|Toxic|p2a: Thundurus
|-status|p2a: Thundurus|tox
|
|-weather|RainDance|[upkeep]
|-heal|p1a: Toxicroak|33/100 par|[from] ability: Dry Skin
|-heal|p1a: Toxicroak|39/100 par|[from] item: Black Sludge
|-damage|p2a: Thundurus|94/100 tox|[from] psn
|upkeep
|turn|25
|c|☆Alfredo_Rivero✘|cwl
|
|switch|p1a: Ferrothorn|Ferrothorn, M|61/100 slp
|-damage|p1a: Ferrothorn|55/100 slp|[from] Stealth Rock
|move|p2a: Thundurus|Agility|p2a: Thundurus
|-boost|p2a: Thundurus|spe|2
|
|-weather|RainDance|[upkeep]
|-heal|p2a: Thundurus|100/100 tox|[from] item: Leftovers
|-damage|p2a: Thundurus|88/100 tox|[from] psn
|upkeep
|turn|26
|
|switch|p2a: Breloom|Breloom, F|98/100
|cant|p1a: Ferrothorn|slp
|
|-weather|RainDance|[upkeep]
|upkeep
|turn|27
|
|move|p2a: Breloom|Bulk Up|p2a: Breloom
|-boost|p2a: Breloom|atk|1
|-boost|p2a: Breloom|def|1
|cant|p1a: Ferrothorn|slp
|
|-weather|RainDance|[upkeep]
|upkeep
|turn|28
|
|move|p2a: Breloom|Drain Punch|p1a: Ferrothorn
|-supereffective|p1a: Ferrothorn
|-damage|p1a: Ferrothorn|0 fnt
|-heal|p2a: Breloom|100/100|[from] drain|[of] p1a: Ferrothorn
|-damage|p2a: Breloom|88/100|[from] ability: Iron Barbs|[of] p1a: Ferrothorn
|faint|p1a: Ferrothorn
|
|-weather|RainDance|[upkeep]
|upkeep
|
|switch|p1a: Thundurus|Thundurus-Therian, M|100/100
|-damage|p1a: Thundurus|76/100|[from] Stealth Rock
|turn|29
|
|move|p1a: Thundurus|Hidden Power|p2a: Breloom
|-enditem|p1a: Thundurus|Ice Gem|[from] gem|[move] Hidden Power
|-supereffective|p2a: Breloom
|-damage|p2a: Breloom|0 fnt
|faint|p2a: Breloom
|
|-weather|RainDance|[upkeep]
|upkeep
|
|switch|p2a: Ferrothorn|Ferrothorn, F|100/100
|turn|30
|
|move|p1a: Thundurus|Focus Blast|p2a: Ferrothorn|[miss]
|-miss|p1a: Thundurus|p2a: Ferrothorn
|move|p2a: Ferrothorn|Leech Seed|p1a: Thundurus
|-start|p1a: Thundurus|move: Leech Seed
|
|-weather|RainDance|[upkeep]
|-damage|p1a: Thundurus|63/100|[from] Leech Seed|[of] p2a: Ferrothorn
|upkeep
|turn|31
|
|switch|p1a: Toxicroak|Toxicroak, F|39/100 par
|-damage|p1a: Toxicroak|33/100 par|[from] Stealth Rock
|move|p2a: Ferrothorn|Leech Seed|p1a: Toxicroak
|-start|p1a: Toxicroak|move: Leech Seed
|
|-weather|RainDance|[upkeep]
|-heal|p1a: Toxicroak|45/100 par|[from] ability: Dry Skin
|-heal|p1a: Toxicroak|52/100 par|[from] item: Black Sludge
|-damage|p1a: Toxicroak|39/100 par|[from] Leech Seed|[of] p2a: Ferrothorn
|upkeep
|turn|32
|
|switch|p2a: Tentacruel|Tentacruel, F|78/100
|cant|p1a: Toxicroak|par
|
|-weather|RainDance|[upkeep]
|-heal|p2a: Tentacruel|84/100|[from] ability: Rain Dish
|-heal|p1a: Toxicroak|52/100 par|[from] ability: Dry Skin
|-heal|p2a: Tentacruel|90/100|[from] item: Leftovers
|-heal|p1a: Toxicroak|58/100 par|[from] item: Black Sludge
|-damage|p1a: Toxicroak|45/100 par|[from] Leech Seed|[of] p2a: Tentacruel
|-heal|p2a: Tentacruel|100/100|[silent]
|upkeep
|turn|33
|
|-singleturn|p1a: Toxicroak|move: Focus Punch
|switch|p2a: Thundurus|Thundurus-Therian, M|88/100 tox
|move|p1a: Toxicroak|Focus Punch|p2a: Thundurus
|-resisted|p2a: Thundurus
|-damage|p2a: Thundurus|40/100 tox
|
|-weather|RainDance|[upkeep]
|-heal|p1a: Toxicroak|58/100 par|[from] ability: Dry Skin
|-heal|p2a: Thundurus|46/100 tox|[from] item: Leftovers
|-heal|p1a: Toxicroak|64/100 par|[from] item: Black Sludge
|-damage|p1a: Toxicroak|52/100 par|[from] Leech Seed|[of] p2a: Thundurus
|-heal|p2a: Thundurus|58/100 tox|[silent]
|-damage|p2a: Thundurus|52/100 tox|[from] psn
|upkeep
|turn|34
|
|cant|p1a: Toxicroak|par
|move|p2a: Thundurus|Hidden Power|p1a: Toxicroak
|-damage|p1a: Toxicroak|13/100 par
|
|-weather|RainDance|[upkeep]
|-heal|p1a: Toxicroak|25/100 par|[from] ability: Dry Skin
|-heal|p2a: Thundurus|58/100 tox|[from] item: Leftovers
|-heal|p1a: Toxicroak|31/100 par|[from] item: Black Sludge
|-damage|p1a: Toxicroak|19/100 par|[from] Leech Seed|[of] p2a: Thundurus
|-heal|p2a: Thundurus|71/100 tox|[silent]
|-damage|p2a: Thundurus|59/100 tox|[from] psn
|upkeep
|turn|35
|
|move|p1a: Toxicroak|Sucker Punch|p2a: Thundurus
|-crit|p2a: Thundurus
|-damage|p2a: Thundurus|0 fnt
|faint|p2a: Thundurus
|
|-weather|RainDance|[upkeep]
|-heal|p1a: Toxicroak|31/100 par|[from] ability: Dry Skin
|-heal|p1a: Toxicroak|38/100 par|[from] item: Black Sludge
|upkeep
|
|switch|p2a: Ferrothorn|Ferrothorn, F|100/100
|turn|36
|
|cant|p1a: Toxicroak|par
|move|p2a: Ferrothorn|Gyro Ball|p1a: Toxicroak
|-damage|p1a: Toxicroak|22/100 par
|
|-weather|RainDance|[upkeep]
|-heal|p1a: Toxicroak|34/100 par|[from] ability: Dry Skin
|-heal|p1a: Toxicroak|40/100 par|[from] item: Black Sludge
|-damage|p1a: Toxicroak|28/100 par|[from] Leech Seed|[of] p2a: Ferrothorn
|upkeep
|turn|37
|
|cant|p1a: Toxicroak|par
|move|p2a: Ferrothorn|Gyro Ball|p1a: Toxicroak
|-damage|p1a: Toxicroak|12/100 par
|
|-weather|RainDance|[upkeep]
|-heal|p1a: Toxicroak|24/100 par|[from] ability: Dry Skin
|-heal|p1a: Toxicroak|30/100 par|[from] item: Black Sludge
|-damage|p1a: Toxicroak|18/100 par|[from] Leech Seed|[of] p2a: Ferrothorn
|upkeep
|turn|38
|
|move|p1a: Toxicroak|Sucker Punch|p2a: Ferrothorn
|-resisted|p2a: Ferrothorn
|-damage|p2a: Ferrothorn|92/100
|-damage|p1a: Toxicroak|6/100 par|[from] ability: Iron Barbs|[of] p2a: Ferrothorn
|move|p2a: Ferrothorn|Gyro Ball|p1a: Toxicroak
|-damage|p1a: Toxicroak|0 fnt
|faint|p1a: Toxicroak
|
|-weather|RainDance|[upkeep]
|-heal|p2a: Ferrothorn|98/100|[from] item: Leftovers
|upkeep
|c| Lord Thorx|vaya luck
|
|switch|p1a: Keldeo|Keldeo|100/100
|-damage|p1a: Keldeo|94/100|[from] Stealth Rock
|turn|39
|
|switch|p2a: Tentacruel|Tentacruel, F|100/100
|move|p1a: Keldeo|Secret Sword|p2a: Tentacruel
|-resisted|p2a: Tentacruel
|-damage|p2a: Tentacruel|77/100
|
|-weather|RainDance|[upkeep]
|-heal|p2a: Tentacruel|83/100|[from] ability: Rain Dish
|-heal|p2a: Tentacruel|90/100|[from] item: Leftovers
|upkeep
|turn|40
|
|move|p1a: Keldeo|Secret Sword|p2a: Tentacruel
|-resisted|p2a: Tentacruel
|-damage|p2a: Tentacruel|68/100
|move|p2a: Tentacruel|Substitute|p2a: Tentacruel
|-start|p2a: Tentacruel|Substitute
|-damage|p2a: Tentacruel|43/100
|
|-weather|RainDance|[upkeep]
|-heal|p2a: Tentacruel|49/100|[from] ability: Rain Dish
|-heal|p2a: Tentacruel|55/100|[from] item: Leftovers
|upkeep
|turn|41
|
|move|p1a: Keldeo|Secret Sword|p2a: Tentacruel
|-resisted|p2a: Tentacruel
|-activate|p2a: Tentacruel|Substitute|[damage]
|move|p2a: Tentacruel|Toxic|p1a: Keldeo
|-status|p1a: Keldeo|tox
|
|-weather|RainDance|[upkeep]
|-heal|p2a: Tentacruel|61/100|[from] ability: Rain Dish
|-heal|p2a: Tentacruel|67/100|[from] item: Leftovers
|-damage|p1a: Keldeo|88/100 tox|[from] psn
|upkeep
|turn|42
|
|move|p1a: Keldeo|Secret Sword|p2a: Tentacruel
|-resisted|p2a: Tentacruel
|-end|p2a: Tentacruel|Substitute
|move|p2a: Tentacruel|Substitute|p2a: Tentacruel
|-start|p2a: Tentacruel|Substitute
|-damage|p2a: Tentacruel|42/100
|
|-weather|RainDance|[upkeep]
|-heal|p2a: Tentacruel|48/100|[from] ability: Rain Dish
|-heal|p2a: Tentacruel|54/100|[from] item: Leftovers
|-damage|p1a: Keldeo|76/100 tox|[from] psn
|upkeep
|turn|43
|
|switch|p1a: Azumarill|Azumarill, M|88/100
|-damage|p1a: Azumarill|76/100|[from] Stealth Rock
|move|p2a: Tentacruel|Scald|p1a: Azumarill
|-resisted|p1a: Azumarill
|-damage|p1a: Azumarill|57/100
|
|-weather|RainDance|[upkeep]
|-heal|p2a: Tentacruel|60/100|[from] ability: Rain Dish
|-heal|p2a: Tentacruel|66/100|[from] item: Leftovers
|upkeep
|turn|44
|
|move|p2a: Tentacruel|Toxic|p1a: Azumarill
|-status|p1a: Azumarill|tox
|move|p1a: Azumarill|Waterfall|p2a: Tentacruel
|-resisted|p2a: Tentacruel
|-end|p2a: Tentacruel|Substitute
|
|-weather|RainDance|[upkeep]
|-heal|p2a: Tentacruel|72/100|[from] ability: Rain Dish
|-heal|p2a: Tentacruel|78/100|[from] item: Leftovers
|-damage|p1a: Azumarill|51/100 tox|[from] psn
|upkeep
|turn|45
|
|move|p2a: Tentacruel|Substitute|p2a: Tentacruel
|-start|p2a: Tentacruel|Substitute
|-damage|p2a: Tentacruel|53/100
|move|p1a: Azumarill|Waterfall|p2a: Tentacruel
|-resisted|p2a: Tentacruel
|-end|p2a: Tentacruel|Substitute
|
|-weather|RainDance|[upkeep]
|-heal|p2a: Tentacruel|59/100|[from] ability: Rain Dish
|-heal|p2a: Tentacruel|65/100|[from] item: Leftovers
|-damage|p1a: Azumarill|39/100 tox|[from] psn
|upkeep
|turn|46
|
|switch|p2a: Ferrothorn|Ferrothorn, F|98/100
|move|p1a: Azumarill|Waterfall|p2a: Ferrothorn
|-resisted|p2a: Ferrothorn
|-damage|p2a: Ferrothorn|62/100
|-damage|p1a: Azumarill|27/100 tox|[from] ability: Iron Barbs|[of] p2a: Ferrothorn
|
|-weather|RainDance|[upkeep]
|-heal|p2a: Ferrothorn|69/100|[from] item: Leftovers
|-damage|p1a: Azumarill|9/100 tox|[from] psn
|upkeep
|turn|47
|
|move|p2a: Ferrothorn|Protect|p2a: Ferrothorn
|-singleturn|p2a: Ferrothorn|Protect
|move|p1a: Azumarill|Waterfall|p2a: Ferrothorn
|-activate|p2a: Ferrothorn|move: Protect
|
|-weather|RainDance|[upkeep]
|-heal|p2a: Ferrothorn|75/100|[from] item: Leftovers
|-damage|p1a: Azumarill|0 fnt|[from] psn
|upkeep
|faint|p1a: Azumarill
|
|switch|p1a: Thundurus|Thundurus-Therian, M|63/100
|-damage|p1a: Thundurus|39/100|[from] Stealth Rock
|turn|48
|
|move|p1a: Thundurus|Focus Blast|p2a: Ferrothorn|[miss]
|-miss|p1a: Thundurus|p2a: Ferrothorn
|move|p2a: Ferrothorn|Leech Seed|p1a: Thundurus
|-start|p1a: Thundurus|move: Leech Seed
|
|-weather|RainDance|[upkeep]
|-heal|p2a: Ferrothorn|81/100|[from] item: Leftovers
|-damage|p1a: Thundurus|26/100|[from] Leech Seed|[of] p2a: Ferrothorn
|-heal|p2a: Ferrothorn|92/100|[silent]
|upkeep
|turn|49
|c|☆Alfredo_Rivero✘|L
|
|move|p2a: Ferrothorn|Protect|p2a: Ferrothorn
|-singleturn|p2a: Ferrothorn|Protect
|move|p1a: Thundurus|Focus Blast|p2a: Ferrothorn
|-activate|p2a: Ferrothorn|move: Protect
|
|-weather|RainDance|[upkeep]
|-heal|p2a: Ferrothorn|98/100|[from] item: Leftovers
|-damage|p1a: Thundurus|14/100|[from] Leech Seed|[of] p2a: Ferrothorn
|-heal|p2a: Ferrothorn|100/100|[silent]
|upkeep
|turn|50
|c| Lord Thorx|termina la frase alfredo a.a
|
|move|p1a: Thundurus|Focus Blast|p2a: Ferrothorn
|-supereffective|p2a: Ferrothorn
|-damage|p2a: Ferrothorn|27/100
|move|p2a: Ferrothorn|Gyro Ball|p1a: Thundurus
|-resisted|p1a: Thundurus
|-damage|p1a: Thundurus|0 fnt
|faint|p1a: Thundurus
|
|-weather|RainDance|[upkeep]
|-heal|p2a: Ferrothorn|33/100|[from] item: Leftovers
|upkeep
|c| Lord Thorx|no eres gringo
|c|☆Alfredo_Rivero✘|?
|
|switch|p1a: Keldeo|Keldeo|76/100 tox
|-damage|p1a: Keldeo|70/100 tox|[from] Stealth Rock
|turn|51
|c|☆GerMoj|llosss (?)
|c| Lord Thorx|exactly
|inactive|Alfredo_Rivero✘ has 120 seconds left.
|c|☆Alfredo_Rivero✘|Lord Thorx chupas la hax pero nunca la usas cuando a_a
|inactive|Alfredo_Rivero✘ has 90 seconds left.
|c|☆Alfredo_Rivero✘|debes
|
|move|p2a: Ferrothorn|Protect|p2a: Ferrothorn
|-singleturn|p2a: Ferrothorn|Protect
|move|p1a: Keldeo|Secret Sword|p2a: Ferrothorn
|-activate|p2a: Ferrothorn|move: Protect
|
|-weather|RainDance|[upkeep]
|-heal|p2a: Ferrothorn|40/100|[from] item: Leftovers
|-damage|p1a: Keldeo|63/100 tox|[from] psn
|upkeep
|turn|52
|c| Lord Thorx|es mi don y mi maldicion
|c|☆GerMoj|así es ese men
|c| Lord Thorx|por eso soy el mejor rby
|c| Lord Thorx|que existe
|c| Lord Thorx|e-e
|c|☆GerMoj|me costó mi ronda 1 en el torneo de hoy
|c|☆Alfredo_Rivero✘|0-1
|c|☆GerMoj|falle 3 wows
|c|☆GerMoj|y me metieron 2 críticos a.e
|c| Lord Thorx|juego a match limpios
|inactive|GerMoj has 120 seconds left.
|
|switch|p2a: Tentacruel|Tentacruel, F|65/100
|move|p1a: Keldeo|Secret Sword|p2a: Tentacruel
|-resisted|p2a: Tentacruel
|-damage|p2a: Tentacruel|44/100
|
|-weather|RainDance|[upkeep]
|-heal|p2a: Tentacruel|50/100|[from] ability: Rain Dish
|-heal|p2a: Tentacruel|57/100|[from] item: Leftovers
|-damage|p1a: Keldeo|51/100 tox|[from] psn
|upkeep
|turn|53
|c| Lord Thorx|mientras me haxean a.e
|
|move|p1a: Keldeo|Secret Sword|p2a: Tentacruel
|-resisted|p2a: Tentacruel
|-damage|p2a: Tentacruel|36/100
|move|p2a: Tentacruel|Substitute|p2a: Tentacruel
|-start|p2a: Tentacruel|Substitute
|-damage|p2a: Tentacruel|11/100
|
|-weather|RainDance|[upkeep]
|-heal|p2a: Tentacruel|17/100|[from] ability: Rain Dish
|-heal|p2a: Tentacruel|23/100|[from] item: Leftovers
|-damage|p1a: Keldeo|32/100 tox|[from] psn
|upkeep
|turn|54
|
|move|p1a: Keldeo|Secret Sword|p2a: Tentacruel
|-resisted|p2a: Tentacruel
|-activate|p2a: Tentacruel|Substitute|[damage]
|move|p2a: Tentacruel|Scald|p1a: Keldeo
|-resisted|p1a: Keldeo
|-damage|p1a: Keldeo|14/100 tox
|
|-weather|RainDance|[upkeep]
|-heal|p2a: Tentacruel|29/100|[from] ability: Rain Dish
|-heal|p2a: Tentacruel|35/100|[from] item: Leftovers
|-damage|p1a: Keldeo|0 fnt|[from] psn
|upkeep
|faint|p1a: Keldeo
|
|win|GerMoj
|raw|Alfredo_Rivero✘'s rating: 1480 &rarr; <strong>1454</strong><br />(-26 for losing)
|raw|GerMoj's rating: 1366 &rarr; <strong>1392</strong><br />(+26 for winning)
|c| Lord Thorx|Alfredo
|c| Lord Thorx|<3
|c|☆GerMoj|afedo camate po favo
|c|☆Alfredo_Rivero✘|gay
|c| Lord Thorx|aun tienes mi kokoro we
|l|☆Alfredo_Rivero✘
|c|☆GerMoj|<3
|c| Lord Thorx|xD
|l| Lord Thorx
