|j|☆decision makers
|j|☆Jellium
|t:|1718746623
|gametype|singles
|player|p1|decision makers|psychic-gen2|1413
|player|p2|Jellium|scientist-gen4|1460
|teamsize|p1|6
|teamsize|p2|6
|gen|5
|tier|[Gen 5] OU
|rated|
|rule|Species Clause: Limit one of each Pokémon
|rule|OHKO Clause: OHKO moves are banned
|rule|Moody Clause: Moody is banned
|rule|Evasion Items Clause: Evasion items are banned
|rule|Evasion Moves Clause: Evasion moves are banned
|rule|Endless Battle Clause: Forcing endless battles is banned
|rule|HP Percentage Mod: HP is shown in percentages
|rule|Evasion Abilities Clause: Evasion abilities are banned
|rule|Sleep Moves Clause: Sleep-inducing moves are banned
|rule|Swagger Clause: Swagger is banned
|rule|Baton Pass Stat Clause: No Baton Passer may have a way to boost its stats
|clearpoke
|poke|p1|Politoed, F|item
|poke|p1|Ferrothorn, M|item
|poke|p1|Latias, F|item
|poke|p1|Tentacruel, F|item
|poke|p1|Thundurus-Therian, M|item
|poke|p1|Gliscor, M|item
|poke|p2|Tyranitar, F|item
|poke|p2|Rotom-Wash|item
|poke|p2|Landorus-Therian, M|item
|poke|p2|Jirachi|item
|poke|p2|Garchomp, F|item
|poke|p2|Latios, M|item
|teampreview
|
|t:|1718746633
|start
|switch|p1a: Thundurus|Thundurus-Therian, M|100/100
|switch|p2a: Worm from Dune|Garchomp, F|100/100
|turn|1
|
|t:|1718746642
|move|p2a: Worm from Dune|Stealth Rock|p1a: Thundurus
|-sidestart|p1: decision makers|move: Stealth Rock
|move|p1a: Thundurus|Focus Blast|p2a: Worm from Dune
|-damage|p2a: Worm from Dune|58/100
|
|upkeep
|turn|2
|
|t:|1718746648
|move|p2a: Worm from Dune|Draco Meteor|p1a: Thundurus
|-damage|p1a: Thundurus|33/100
|-unboost|p2a: Worm from Dune|spa|2
|-damage|p2a: Worm from Dune|48/100|[from] item: Life Orb
|move|p1a: Thundurus|Hidden Power|p2a: Worm from Dune
|-supereffective|p2a: Worm from Dune
|-damage|p2a: Worm from Dune|0 fnt
|faint|p2a: Worm from Dune
|
|-heal|p1a: Thundurus|39/100|[from] item: Leftovers
|upkeep
|
|t:|1718746669
|switch|p2a: Steel Asshole|Jirachi|100/100
|turn|3
|
|t:|1718746674
|move|p2a: Steel Asshole|Ice Punch|p1a: Thundurus
|-supereffective|p1a: Thundurus
|-damage|p1a: Thundurus|0 fnt
|faint|p1a: Thundurus
|
|upkeep
|
|t:|1718746678
|switch|p1a: Tentacruel|Tentacruel, F|100/100
|-damage|p1a: Tentacruel|88/100|[from] Stealth Rock
|turn|4
|
|t:|1718746686
|move|p2a: Steel Asshole|Thunder|p1a: Tentacruel|[miss]
|-miss|p2a: Steel Asshole|p1a: Tentacruel
|move|p1a: Tentacruel|Rapid Spin|p2a: Steel Asshole
|-resisted|p2a: Steel Asshole
|-damage|p2a: Steel Asshole|99/100
|-sideend|p1: decision makers|Stealth Rock|[from] move: Rapid Spin|[of] p1a: Tentacruel
|
|-heal|p1a: Tentacruel|94/100|[from] item: Black Sludge
|upkeep
|turn|5
|
|t:|1718746695
|move|p2a: Steel Asshole|Thunder|p1a: Tentacruel
|-supereffective|p1a: Tentacruel
|-damage|p1a: Tentacruel|41/100
|-status|p1a: Tentacruel|par
|move|p1a: Tentacruel|Toxic Spikes|p2a: Steel Asshole
|-sidestart|p2: Jellium|move: Toxic Spikes
|
|-heal|p1a: Tentacruel|47/100 par|[from] item: Black Sludge
|upkeep
|turn|6
|
|t:|1718746703
|switch|p1a: Politoed|Politoed, F|100/100
|-weather|RainDance|[from] ability: Drizzle|[of] p1a: Politoed
|move|p2a: Steel Asshole|Iron Head|p1a: Politoed
|-resisted|p1a: Politoed
|-damage|p1a: Politoed|86/100
|
|-weather|RainDance|[upkeep]
|-heal|p1a: Politoed|93/100|[from] item: Leftovers
|upkeep
|turn|7
|
|t:|1718746708
|switch|p1a: Ferrothorn|Ferrothorn, M|100/100
|move|p2a: Steel Asshole|Thunder|p1a: Ferrothorn
|-resisted|p1a: Ferrothorn
|-damage|p1a: Ferrothorn|91/100
|-status|p1a: Ferrothorn|par
|
|-weather|RainDance|[upkeep]
|upkeep
|turn|8
|
|t:|1718746714
|move|p2a: Steel Asshole|Fire Punch|p1a: Ferrothorn
|-supereffective|p1a: Ferrothorn
|-crit|p1a: Ferrothorn
|-damage|p1a: Ferrothorn|23/100 par
|-damage|p2a: Steel Asshole|87/100|[from] ability: Iron Barbs|[of] p1a: Ferrothorn
|move|p1a: Ferrothorn|Stealth Rock|p2a: Steel Asshole
|-sidestart|p2: Jellium|move: Stealth Rock
|
|-weather|RainDance|[upkeep]
|upkeep
|turn|9
|c|☆decision makers|king
|
|t:|1718746724
|switch|p1a: Tentacruel|Tentacruel, F|47/100 par
|move|p2a: Steel Asshole|Fire Punch|p1a: Tentacruel
|-resisted|p1a: Tentacruel
|-damage|p1a: Tentacruel|41/100 par
|
|-weather|RainDance|[upkeep]
|-heal|p1a: Tentacruel|47/100 par|[from] ability: Rain Dish
|-heal|p1a: Tentacruel|54/100 par|[from] item: Black Sludge
|upkeep
|turn|10
|
|t:|1718746728
|switch|p1a: Gliscor|Gliscor, M, shiny|100/100
|move|p2a: Steel Asshole|Thunder|p1a: Gliscor
|-immune|p1a: Gliscor
|
|-weather|RainDance|[upkeep]
|-status|p1a: Gliscor|tox|[from] item: Toxic Orb
|upkeep
|turn|11
|
|t:|1718746735
|switch|p1a: Politoed|Politoed, F|93/100
|move|p2a: Steel Asshole|Ice Punch|p1a: Politoed
|-resisted|p1a: Politoed
|-damage|p1a: Politoed|83/100
|
|-weather|RainDance|[upkeep]
|-heal|p1a: Politoed|89/100|[from] item: Leftovers
|upkeep
|turn|12
|
|t:|1718746738
|move|p2a: Steel Asshole|Thunder|p1a: Politoed
|-supereffective|p1a: Politoed
|-damage|p1a: Politoed|29/100
|move|p1a: Politoed|Scald|p2a: Steel Asshole
|-damage|p2a: Steel Asshole|47/100
|
|-weather|RainDance|[upkeep]
|-heal|p1a: Politoed|35/100|[from] item: Leftovers
|upkeep
|turn|13
|c|☆Jellium|lol
|
|t:|1718746747
|switch|p1a: Gliscor|Gliscor, M, shiny|100/100 tox
|move|p2a: Steel Asshole|Thunder|p1a: Gliscor
|-immune|p1a: Gliscor
|
|-weather|RainDance|[upkeep]
|upkeep
|turn|14
|
|t:|1718746750
|move|p2a: Steel Asshole|Ice Punch|p1a: Gliscor
|-supereffective|p1a: Gliscor
|-damage|p1a: Gliscor|17/100 tox
|move|p1a: Gliscor|Earthquake|p2a: Steel Asshole
|-supereffective|p2a: Steel Asshole
|-damage|p2a: Steel Asshole|0 fnt
|faint|p2a: Steel Asshole
|
|-weather|RainDance|[upkeep]
|-heal|p1a: Gliscor|30/100 tox|[from] ability: Poison Heal
|upkeep
|
|t:|1718746780
|switch|p2a: Starscream|Latios, M|100/100
|-damage|p2a: Starscream|88/100|[from] Stealth Rock
|turn|15
|
|t:|1718746785
|move|p1a: Gliscor|Protect|p1a: Gliscor
|-singleturn|p1a: Gliscor|Protect
|move|p2a: Starscream|Surf|p1a: Gliscor
|-activate|p1a: Gliscor|move: Protect
|
|-weather|RainDance|[upkeep]
|-heal|p1a: Gliscor|42/100 tox|[from] ability: Poison Heal
|upkeep
|turn|16
|
|t:|1718746792
|switch|p1a: Tentacruel|Tentacruel, F|54/100 par
|move|p2a: Starscream|Surf|p1a: Tentacruel
|-resisted|p1a: Tentacruel
|-damage|p1a: Tentacruel|24/100 par
|
|-weather|RainDance|[upkeep]
|-heal|p1a: Tentacruel|30/100 par|[from] ability: Rain Dish
|-heal|p1a: Tentacruel|36/100 par|[from] item: Black Sludge
|upkeep
|turn|17
|
|t:|1718746801
|switch|p2a: Samsung|Rotom-Wash|100/100
|-damage|p2a: Samsung|88/100|[from] Stealth Rock
|move|p1a: Tentacruel|Scald|p2a: Samsung
|-resisted|p2a: Samsung
|-damage|p2a: Samsung|69/100
|
|-weather|RainDance|[upkeep]
|-heal|p1a: Tentacruel|42/100 par|[from] ability: Rain Dish
|-heal|p2a: Samsung|75/100|[from] item: Leftovers
|-heal|p1a: Tentacruel|48/100 par|[from] item: Black Sludge
|upkeep
|turn|18
|
|t:|1718746811
|switch|p1a: Gliscor|Gliscor, M, shiny|42/100 tox
|move|p2a: Samsung|Hydro Pump|p1a: Gliscor
|-supereffective|p1a: Gliscor
|-damage|p1a: Gliscor|0 fnt
|faint|p1a: Gliscor
|
|-weather|RainDance|[upkeep]
|-heal|p2a: Samsung|81/100|[from] item: Leftovers
|upkeep
|
|t:|1718746815
|switch|p1a: Ferrothorn|Ferrothorn, M|23/100 par
|turn|19
|
|t:|1718746818
|move|p2a: Samsung|Hydro Pump|p1a: Ferrothorn|[miss]
|-miss|p2a: Samsung|p1a: Ferrothorn
|move|p1a: Ferrothorn|Leech Seed|p2a: Samsung
|-start|p2a: Samsung|move: Leech Seed
|
|-weather|RainDance|[upkeep]
|-heal|p2a: Samsung|87/100|[from] item: Leftovers
|-damage|p2a: Samsung|75/100|[from] Leech Seed|[of] p1a: Ferrothorn
|-heal|p1a: Ferrothorn|33/100 par|[silent]
|upkeep
|turn|20
|
|t:|1718746825
|switch|p2a: Genie Lion|Landorus-Therian, M|100/100
|-damage|p2a: Genie Lion|88/100|[from] Stealth Rock
|-ability|p2a: Genie Lion|Intimidate|boost
|-unboost|p1a: Ferrothorn|atk|1
|move|p1a: Ferrothorn|Leech Seed|p2a: Genie Lion
|-start|p2a: Genie Lion|move: Leech Seed
|
|-weather|RainDance|[upkeep]
|-damage|p2a: Genie Lion|76/100|[from] Leech Seed|[of] p1a: Ferrothorn
|-heal|p1a: Ferrothorn|45/100 par|[silent]
|upkeep
|turn|21
|
|t:|1718746833
|move|p1a: Ferrothorn|Protect|p1a: Ferrothorn
|-singleturn|p1a: Ferrothorn|Protect
|move|p2a: Genie Lion|Superpower|p1a: Ferrothorn
|-activate|p1a: Ferrothorn|move: Protect
|
|-weather|RainDance|[upkeep]
|-damage|p2a: Genie Lion|64/100|[from] Leech Seed|[of] p1a: Ferrothorn
|-heal|p1a: Ferrothorn|57/100 par|[silent]
|upkeep
|turn|22
|
|t:|1718746840
|switch|p2a: Samsung|Rotom-Wash|75/100
|-damage|p2a: Samsung|63/100|[from] Stealth Rock
|switch|p1a: Latias|Latias, F, shiny|100/100
|
|-weather|RainDance|[upkeep]
|-heal|p2a: Samsung|69/100|[from] item: Leftovers
|upkeep
|turn|23
|
|t:|1718746850
|move|p1a: Latias|Dragon Pulse|p2a: Samsung
|-damage|p2a: Samsung|31/100
|move|p2a: Samsung|Hydro Pump|p1a: Latias
|-resisted|p1a: Latias
|-damage|p1a: Latias|65/100
|
|-weather|RainDance|[upkeep]
|-heal|p2a: Samsung|37/100|[from] item: Leftovers
|upkeep
|turn|24
|
|t:|1718746855
|move|p1a: Latias|Dragon Pulse|p2a: Samsung
|-damage|p2a: Samsung|1/100
|move|p2a: Samsung|Pain Split|p1a: Latias
|-sethp|p1a: Latias|33/100|[from] move: Pain Split|[silent]
|-sethp|p2a: Samsung|41/100|[from] move: Pain Split
|
|-weather|RainDance|[upkeep]
|-heal|p2a: Samsung|47/100|[from] item: Leftovers
|upkeep
|turn|25
|c|☆decision makers|lol
|
|t:|1718746865
|move|p1a: Latias|Recover|p1a: Latias
|-heal|p1a: Latias|83/100
|move|p2a: Samsung|Hydro Pump|p1a: Latias
|-resisted|p1a: Latias
|-damage|p1a: Latias|48/100
|
|-weather|RainDance|[upkeep]
|-heal|p2a: Samsung|53/100|[from] item: Leftovers
|upkeep
|turn|26
|
|t:|1718746873
|move|p1a: Latias|Dragon Pulse|p2a: Samsung
|-damage|p2a: Samsung|18/100
|move|p2a: Samsung|Volt Switch|p1a: Latias
|-resisted|p1a: Latias
|-damage|p1a: Latias|34/100
|
|t:|1718746879
|switch|p2a: Blue Oyster Cult|Tyranitar, F|100/100|[from] Volt Switch
|-status|p2a: Blue Oyster Cult|psn
|-damage|p2a: Blue Oyster Cult|88/100 psn|[from] Stealth Rock
|-weather|Sandstorm|[from] ability: Sand Stream|[of] p2a: Blue Oyster Cult
|
|-weather|Sandstorm|[upkeep]
|-damage|p1a: Latias|28/100|[from] Sandstorm
|-damage|p2a: Blue Oyster Cult|76/100 psn|[from] psn
|upkeep
|turn|27
|
|t:|1718746888
|move|p1a: Latias|Protect|p1a: Latias
|-singleturn|p1a: Latias|Protect
|move|p2a: Blue Oyster Cult|Pursuit|p1a: Latias
|-activate|p1a: Latias|move: Protect
|
|-weather|Sandstorm|[upkeep]
|-damage|p1a: Latias|22/100|[from] Sandstorm
|-damage|p2a: Blue Oyster Cult|63/100 psn|[from] psn
|upkeep
|turn|28
|
|t:|1718746893
|move|p1a: Latias|Recover|p1a: Latias
|-heal|p1a: Latias|72/100
|move|p2a: Blue Oyster Cult|Crunch|p1a: Latias
|-supereffective|p1a: Latias
|-damage|p1a: Latias|0 fnt
|-damage|p2a: Blue Oyster Cult|47/100 psn|[from] item: Rocky Helmet|[of] p1a: Latias
|faint|p1a: Latias
|
|-weather|Sandstorm|[upkeep]
|-damage|p2a: Blue Oyster Cult|34/100 psn|[from] psn
|upkeep
|
|t:|1718746899
|switch|p1a: Politoed|Politoed, F|35/100
|-weather|RainDance|[from] ability: Drizzle|[of] p1a: Politoed
|turn|29
|
|t:|1718746916
|move|p1a: Politoed|Scald|p2a: Blue Oyster Cult
|-supereffective|p2a: Blue Oyster Cult
|-damage|p2a: Blue Oyster Cult|0 fnt
|faint|p2a: Blue Oyster Cult
|
|-weather|RainDance|[upkeep]
|-heal|p1a: Politoed|41/100|[from] item: Leftovers
|upkeep
|c|☆decision makers|I'm really unlucky
|c|☆decision makers|in this game :(
|c|☆Jellium|not particularly
|c|☆decision makers|oh
|c|☆Jellium|dodged jirachi hax for the most part
|c|☆decision makers|i am trust me
|
|t:|1718746967
|switch|p2a: Starscream|Latios, M|88/100
|-damage|p2a: Starscream|76/100|[from] Stealth Rock
|turn|30
|
|t:|1718746970
|move|p1a: Politoed|Protect|p1a: Politoed
|-singleturn|p1a: Politoed|Protect
|move|p2a: Starscream|Draco Meteor|p1a: Politoed
|-activate|p1a: Politoed|move: Protect
|
|-weather|RainDance|[upkeep]
|-heal|p1a: Politoed|47/100|[from] item: Leftovers
|upkeep
|turn|31
|
|t:|1718746975
|move|p2a: Starscream|Draco Meteor|p1a: Politoed
|-damage|p1a: Politoed|0 fnt
|-unboost|p2a: Starscream|spa|2
|faint|p1a: Politoed
|
|-weather|RainDance|[upkeep]
|upkeep
|
|t:|1718746978
|switch|p1a: Ferrothorn|Ferrothorn, M|57/100 par
|turn|32
|
|t:|1718746984
|switch|p2a: Samsung|Rotom-Wash|18/100
|-damage|p2a: Samsung|6/100|[from] Stealth Rock
|cant|p1a: Ferrothorn|par
|
|-weather|RainDance|[upkeep]
|-heal|p2a: Samsung|12/100|[from] item: Leftovers
|upkeep
|turn|33
|
|t:|1718746989
|move|p2a: Samsung|Pain Split|p1a: Ferrothorn
|-sethp|p1a: Ferrothorn|33/100 par|[from] move: Pain Split|[silent]
|-sethp|p2a: Samsung|41/100|[from] move: Pain Split
|move|p1a: Ferrothorn|Leech Seed|p2a: Samsung
|-start|p2a: Samsung|move: Leech Seed
|
|-weather|RainDance|[upkeep]
|-heal|p2a: Samsung|47/100|[from] item: Leftovers
|-damage|p2a: Samsung|35/100|[from] Leech Seed|[of] p1a: Ferrothorn
|-heal|p1a: Ferrothorn|43/100 par|[silent]
|upkeep
|turn|34
|
|t:|1718747001
|move|p2a: Samsung|Volt Switch|p1a: Ferrothorn
|-resisted|p1a: Ferrothorn
|-damage|p1a: Ferrothorn|30/100 par
|
|t:|1718747007
|switch|p2a: Starscream|Latios, M|76/100|[from] Volt Switch
|-damage|p2a: Starscream|64/100|[from] Stealth Rock
|cant|p1a: Ferrothorn|par
|
|-weather|RainDance|[upkeep]
|upkeep
|turn|35
|c|☆decision makers|lol
|
|t:|1718747016
|move|p2a: Starscream|Draco Meteor|p1a: Ferrothorn
|-resisted|p1a: Ferrothorn
|-damage|p1a: Ferrothorn|0 fnt
|-unboost|p2a: Starscream|spa|2
|faint|p1a: Ferrothorn
|
|-weather|RainDance|[upkeep]
|upkeep
|
|t:|1718747019
|switch|p1a: Tentacruel|Tentacruel, F|48/100 par
|turn|36
|c|☆Jellium|you've hit every leech seed
|c|☆decision makers|ok
|c|☆Jellium|dodged several freeze/burns/paras from rachi
|c|☆Jellium|you're just ignoring everything in your favor
|c|☆decision makers|I'm not gonna talk
|c|☆decision makers|to a stupid tho
|c|☆decision makers|gg
|c|☆decision makers|well played
|-message|decision makers forfeited.
|
|win|Jellium
|raw|decision makers's rating: 1413 &rarr; <strong>1396</strong><br />(-17 for losing)
|raw|Jellium's rating: 1460 &rarr; <strong>1477</strong><br />(+17 for winning)
|l|☆decision makers
|player|p1|
