|j|☆BookofConke
|j|☆ReallyFunTeams
|t:|1702338099
|gametype|singles
|player|p1|BookofConke|silver-masters|1529
|player|p2|ReallyFunTeams|janitor|1569
|teamsize|p1|6
|teamsize|p2|6
|gen|5
|tier|[Gen 5] OU
|rated|
|rule|Species Clause: Limit one of each Pokémon
|rule|OHKO Clause: OHKO moves are banned
|rule|Moody Clause: Moody is banned
|rule|Evasion Items Clause: Evasion items are banned
|rule|Evasion Moves Clause: Evasion moves are banned
|rule|Endless Battle Clause: Forcing endless battles is banned
|rule|HP Percentage Mod: HP is shown in percentages
|rule|Evasion Abilities Clause: Evasion abilities are banned
|rule|Sleep Moves Clause: Sleep-inducing moves are banned
|rule|Swagger Clause: Swagger is banned
|rule|Baton Pass Stat Clause: No Baton Passer may have a way to boost its stats
|clearpoke
|poke|p1|Kyurem-Black|item
|poke|p1|Garchomp, F|item
|poke|p1|Magnezone|item
|poke|p1|Salamence, F|item
|poke|p1|Scizor, M|item
|poke|p1|Starmie|item
|poke|p2|Dragonite, M|item
|poke|p2|Forretress, M|item
|poke|p2|Scizor, F|item
|poke|p2|Alakazam, M|item
|poke|p2|Ferrothorn, F|item
|poke|p2|Rotom-Wash|item
|teampreview
|inactive|Battle timer is ON: inactive players will automatically lose when time's up. (requested by ReallyFunTeams)
|
|t:|1702338112
|start
|switch|p1a: Kyurem|Kyurem-Black|100/100
|switch|p2a: Forretress|Forretress, M|100/100
|-ability|p1a: Kyurem|Teravolt
|turn|1
|
|t:|1702338118
|switch|p1a: Magnezone|Magnezone|100/100
|move|p2a: Forretress|Stealth Rock|p1a: Magnezone
|-sidestart|p1: BookofConke|move: Stealth Rock
|
|upkeep
|turn|2
|
|t:|1702338127
|move|p1a: Magnezone|Hidden Power|p2a: Forretress
|-supereffective|p2a: Forretress
|-ability|p2a: Forretress|Sturdy
|-damage|p2a: Forretress|1/100
|move|p2a: Forretress|Spikes|p1a: Magnezone
|-sidestart|p1: BookofConke|Spikes
|
|upkeep
|turn|3
|-enditem|p2a: Forretress|Custap Berry|[eat]
|-activate|p2a: Forretress|item: Custap Berry|[consumed]
|
|t:|1702338134
|move|p2a: Forretress|Explosion|p1a: Magnezone
|-resisted|p1a: Magnezone
|-damage|p1a: Magnezone|59/100
|faint|p2a: Forretress
|move|p1a: Magnezone|Volt Switch|p2: Forretress|[notarget]
|-fail|p1a: Magnezone
|
|upkeep
|
|t:|1702338158
|switch|p2a: Dragonite|Dragonite, M|100/100
|turn|4
|
|t:|1702338176
|move|p2a: Dragonite|Dragon Dance|p2a: Dragonite
|-boost|p2a: Dragonite|atk|1
|-boost|p2a: Dragonite|spe|1
|move|p1a: Magnezone|Volt Switch|p2a: Dragonite
|-damage|p2a: Dragonite|80/100
|
|t:|1702338193
|switch|p1a: Salamence|Salamence, F|100/100|[from] Volt Switch
|-damage|p1a: Salamence|76/100|[from] Stealth Rock
|
|upkeep
|turn|5
|
|t:|1702338207
|move|p2a: Dragonite|Extreme Speed|p1a: Salamence
|-damage|p1a: Salamence|13/100
|move|p1a: Salamence|Dragon Claw|p2a: Dragonite
|-supereffective|p2a: Dragonite
|-damage|p2a: Dragonite|0 fnt
|faint|p2a: Dragonite
|-ability|p1a: Salamence|Moxie|boost
|-boost|p1a: Salamence|atk|1
|
|upkeep
|
|t:|1702338223
|switch|p2a: Alakazam|Alakazam, M|100/100
|turn|6
|
|t:|1702338232
|move|p1a: Salamence|Dragon Claw|p2a: Alakazam
|-enditem|p2a: Alakazam|Focus Sash
|-damage|p2a: Alakazam|1/100
|move|p2a: Alakazam|Psychic|p1a: Salamence
|-damage|p1a: Salamence|0 fnt
|faint|p1a: Salamence
|
|upkeep
|inactive|BookofConke has 120 seconds left.
|
|t:|1702338269
|switch|p1a: Scizor|Scizor, M|100/100
|-damage|p1a: Scizor|88/100|[from] Stealth Rock
|-damage|p1a: Scizor|76/100|[from] Spikes
|turn|7
|inactive|BookofConke has 120 seconds left.
|
|t:|1702338276
|switch|p2a: Rotom|Rotom-Wash, shiny|100/100
|move|p1a: Scizor|Bullet Punch|p2a: Rotom
|-resisted|p2a: Rotom
|-damage|p2a: Rotom|84/100
|
|upkeep
|turn|8
|inactive|BookofConke has 120 seconds left.
|j| weather type
|
|t:|1702338291
|switch|p1a: Garchomp|Garchomp, F|100/100
|-damage|p1a: Garchomp|94/100|[from] Stealth Rock
|-damage|p1a: Garchomp|82/100|[from] Spikes
|move|p2a: Rotom|Hydro Pump|p1a: Garchomp
|-damage|p1a: Garchomp|16/100
|
|upkeep
|turn|9
|inactive|BookofConke has 120 seconds left.
|
|t:|1702338303
|move|p2a: Rotom|Hydro Pump|p1a: Garchomp
|-damage|p1a: Garchomp|0 fnt
|faint|p1a: Garchomp
|
|upkeep
|inactive|BookofConke has 120 seconds left.
|
|t:|1702338314
|switch|p1a: Starmie|Starmie|100/100
|-damage|p1a: Starmie|88/100|[from] Stealth Rock
|-item|p1a: Starmie|Air Balloon
|turn|10
|
|t:|1702338331
|switch|p2a: Scizor|Scizor, F, shiny|100/100
|move|p1a: Starmie|Rapid Spin|p2a: Scizor
|-resisted|p2a: Scizor
|-damage|p2a: Scizor|98/100
|-sideend|p1: BookofConke|Spikes|[from] move: Rapid Spin|[of] p1a: Starmie
|-sideend|p1: BookofConke|Stealth Rock|[from] move: Rapid Spin|[of] p1a: Starmie
|
|upkeep
|turn|11
|
|t:|1702338339
|move|p1a: Starmie|Scald|p2a: Scizor
|-damage|p2a: Scizor|49/100
|move|p2a: Scizor|U-turn|p1a: Starmie
|-supereffective|p1a: Starmie
|-damage|p1a: Starmie|0 fnt
|-enditem|p1a: Starmie|Air Balloon
|faint|p1a: Starmie
|
|t:|1702338347
|switch|p2a: Rotom|Rotom-Wash, shiny|84/100|[from] U-turn
|
|upkeep
|
|t:|1702338353
|switch|p1a: Kyurem|Kyurem-Black|100/100
|-ability|p1a: Kyurem|Teravolt
|turn|12
|
|t:|1702338359
|move|p2a: Rotom|Volt Switch|p1a: Kyurem
|-resisted|p1a: Kyurem
|-damage|p1a: Kyurem|84/100
|
|t:|1702338373
|switch|p2a: Alakazam|Alakazam, M|1/100|[from] Volt Switch
|move|p1a: Kyurem|Outrage|p2a: Alakazam
|-damage|p2a: Alakazam|0 fnt
|faint|p2a: Alakazam
|
|upkeep
|
|t:|1702338388
|switch|p2a: Ferrothorn|Ferrothorn, F|100/100
|turn|13
|
|t:|1702338394
|move|p1a: Kyurem|Outrage|p2a: Ferrothorn|[from]lockedmove
|-resisted|p2a: Ferrothorn
|-damage|p2a: Ferrothorn|53/100
|-damage|p1a: Kyurem|72/100|[from] ability: Iron Barbs|[of] p2a: Ferrothorn
|-start|p1a: Kyurem|confusion|[fatigue]
|move|p2a: Ferrothorn|Leech Seed|p1a: Kyurem
|-start|p1a: Kyurem|move: Leech Seed
|
|-heal|p2a: Ferrothorn|60/100|[from] item: Leftovers
|-damage|p1a: Kyurem|59/100|[from] Leech Seed|[of] p2a: Ferrothorn
|-heal|p2a: Ferrothorn|73/100|[silent]
|upkeep
|turn|14
|
|t:|1702338410
|switch|p1a: Scizor|Scizor, M|76/100
|move|p2a: Ferrothorn|Leech Seed|p1a: Scizor
|-start|p1a: Scizor|move: Leech Seed
|
|-heal|p2a: Ferrothorn|79/100|[from] item: Leftovers
|-damage|p1a: Scizor|64/100|[from] Leech Seed|[of] p2a: Ferrothorn
|-heal|p2a: Ferrothorn|90/100|[silent]
|upkeep
|turn|15
|
|t:|1702338437
|move|p1a: Scizor|Superpower|p2a: Ferrothorn
|-supereffective|p2a: Ferrothorn
|-damage|p2a: Ferrothorn|0 fnt
|-unboost|p1a: Scizor|atk|1
|-unboost|p1a: Scizor|def|1
|-damage|p1a: Scizor|51/100|[from] ability: Iron Barbs|[of] p2a: Ferrothorn
|faint|p2a: Ferrothorn
|
|upkeep
|
|t:|1702338447
|switch|p2a: Scizor|Scizor, F, shiny|49/100
|turn|16
|
|t:|1702338458
|switch|p1a: Magnezone|Magnezone|59/100
|move|p2a: Scizor|U-turn|p1a: Magnezone
|-resisted|p1a: Magnezone
|-damage|p1a: Magnezone|24/100
|
|t:|1702338463
|switch|p2a: Rotom|Rotom-Wash, shiny|84/100|[from] U-turn
|
|upkeep
|turn|17
|l| weather type
|inactive|BookofConke has 120 seconds left.
|
|t:|1702338496
|move|p2a: Rotom|Hydro Pump|p1a: Magnezone|[miss]
|-miss|p2a: Rotom|p1a: Magnezone
|move|p1a: Magnezone|Volt Switch|p2a: Rotom
|-damage|p2a: Rotom|33/100
|j| weather type
|inactive|BookofConke has 120 seconds left.
|
|t:|1702338504
|switch|p1a: Kyurem|Kyurem-Black|59/100|[from] Volt Switch
|-ability|p1a: Kyurem|Teravolt
|
|upkeep
|turn|18
|inactive|BookofConke has 120 seconds left.
|
|t:|1702338528
|move|p2a: Rotom|Hydro Pump|p1a: Kyurem
|-resisted|p1a: Kyurem
|-damage|p1a: Kyurem|30/100
|move|p1a: Kyurem|Fusion Bolt|p2a: Rotom
|-damage|p2a: Rotom|0 fnt
|faint|p2a: Rotom
|
|upkeep
|
|t:|1702338536
|switch|p2a: Scizor|Scizor, F, shiny|49/100
|turn|19
|inactive|BookofConke has 120 seconds left.
|
|t:|1702338542
|move|p2a: Scizor|Bullet Punch|p1a: Kyurem
|-supereffective|p1a: Kyurem
|-damage|p1a: Kyurem|0 fnt
|faint|p1a: Kyurem
|
|upkeep
|inactive|BookofConke has 120 seconds left.
|inactive|BookofConke has 90 seconds left.
|
|t:|1702338577
|switch|p1a: Magnezone|Magnezone|24/100
|turn|20
|
|t:|1702338580
|move|p2a: Scizor|Bullet Punch|p1a: Magnezone
|-resisted|p1a: Magnezone
|-damage|p1a: Magnezone|10/100
|move|p1a: Magnezone|Hidden Power|p2a: Scizor
|-supereffective|p2a: Scizor
|-damage|p2a: Scizor|0 fnt
|faint|p2a: Scizor
|
|win|BookofConke
|raw|BookofConke's rating: 1529 &rarr; <strong>1551</strong><br />(+22 for winning)
|raw|ReallyFunTeams's rating: 1569 &rarr; <strong>1547</strong><br />(-22 for losing)
|l|☆ReallyFunTeams
