|j|☆WeR#4Hay!
|j|☆IUPLC
|t:|1703481102
|gametype|singles
|player|p1|WeR#4Hay!|2|1449
|player|p2|IUPLC|zinnia|1494
|teamsize|p1|6
|teamsize|p2|6
|gen|5
|tier|[Gen 5] OU
|rated|
|rule|Species Clause: Limit one of each Pokémon
|rule|OHKO Clause: OHKO moves are banned
|rule|Moody Clause: Moody is banned
|rule|Evasion Items Clause: Evasion items are banned
|rule|Evasion Moves Clause: Evasion moves are banned
|rule|Endless Battle Clause: Forcing endless battles is banned
|rule|HP Percentage Mod: HP is shown in percentages
|rule|Evasion Abilities Clause: Evasion abilities are banned
|rule|Sleep Moves Clause: Sleep-inducing moves are banned
|rule|Swagger Clause: Swagger is banned
|rule|Baton Pass Stat Clause: No Baton Passer may have a way to boost its stats
|clearpoke
|poke|p1|Tyranitar, M|item
|poke|p1|Alakazam, M|item
|poke|p1|Latios, M|item
|poke|p1|Ferrothorn, M|item
|poke|p1|Landorus-Therian, M|item
|poke|p1|Rotom-Wash|item
|poke|p2|Ninetales, F|item
|poke|p2|Dusclops, F|item
|poke|p2|Cresselia, F|item
|poke|p2|Chansey, F|item
|poke|p2|Skarmory, F|mail
|poke|p2|Tentacruel, F|item
|teampreview
|inactive|Battle timer is ON: inactive players will automatically lose when time's up. (requested by IUPLC)
|inactive|IUPLC has 120 seconds left.
|
|t:|1703481143
|start
|switch|p1a: Stephen Stills|Rotom-Wash|100/100
|switch|p2a: Skarmory|Skarmory, F|100/100
|turn|1
|
|t:|1703481156
|switch|p2a: Chansey|Chansey, F|100/100
|move|p1a: Stephen Stills|Will-O-Wisp|p2a: Chansey
|-status|p2a: Chansey|brn
|
|-damage|p2a: Chansey|88/100 brn|[from] brn
|upkeep
|turn|2
|
|t:|1703481165
|move|p1a: Stephen Stills|Volt Switch|p2a: Chansey
|-damage|p2a: Chansey|81/100 brn
|
|t:|1703481169
|switch|p1a: Paul Giamatti|Ferrothorn, M|100/100|[from] Volt Switch
|move|p2a: Chansey|Toxic|p1a: Paul Giamatti
|-immune|p1a: Paul Giamatti
|
|-damage|p2a: Chansey|68/100 brn|[from] brn
|upkeep
|turn|3
|
|t:|1703481176
|-curestatus|p2a: Chansey|brn|[from] ability: Natural Cure
|switch|p2a: Skarmory|Skarmory, F|100/100
|move|p1a: Paul Giamatti|Knock Off|p2a: Skarmory
|-resisted|p2a: Skarmory
|-damage|p2a: Skarmory|99/100
|-enditem|p2a: Skarmory|Mail|[from] move: Knock Off|[of] p1a: Paul Giamatti
|
|upkeep
|turn|4
|
|t:|1703481186
|switch|p1a: Stephen Stills|Rotom-Wash|100/100
|move|p2a: Skarmory|Stealth Rock|p1a: Stephen Stills
|-sidestart|p1: WeR#4Hay!|move: Stealth Rock
|
|upkeep
|turn|5
|
|t:|1703481193
|switch|p2a: Chansey|Chansey, F|68/100
|move|p1a: Stephen Stills|Volt Switch|p2a: Chansey
|-damage|p2a: Chansey|61/100
|
|t:|1703481196
|switch|p1a: Paul Giamatti|Ferrothorn, M|100/100|[from] Volt Switch
|-damage|p1a: Paul Giamatti|94/100|[from] Stealth Rock
|
|-heal|p1a: Paul Giamatti|100/100|[from] item: Leftovers
|upkeep
|turn|6
|
|t:|1703481198
|switch|p2a: Skarmory|Skarmory, F|99/100
|move|p1a: Paul Giamatti|Stealth Rock|p2a: Skarmory
|-sidestart|p2: IUPLC|move: Stealth Rock
|
|upkeep
|turn|7
|
|t:|1703481201
|switch|p1a: Stephen Stills|Rotom-Wash|100/100
|-damage|p1a: Stephen Stills|88/100|[from] Stealth Rock
|move|p2a: Skarmory|Spikes|p1a: Stephen Stills
|-sidestart|p1: WeR#4Hay!|Spikes
|
|-heal|p1a: Stephen Stills|94/100|[from] item: Leftovers
|upkeep
|turn|8
|
|t:|1703481205
|switch|p2a: Tentacruel|Tentacruel, F|100/100
|-damage|p2a: Tentacruel|88/100|[from] Stealth Rock
|move|p1a: Stephen Stills|Volt Switch|p2a: Tentacruel
|-supereffective|p2a: Tentacruel
|-crit|p2a: Tentacruel
|-damage|p2a: Tentacruel|7/100
|
|t:|1703481222
|switch|p1a: Ice Cream Man|Alakazam, M|100/100|[from] Volt Switch
|
|-heal|p2a: Tentacruel|13/100|[from] item: Black Sludge
|upkeep
|turn|9
|
|t:|1703481227
|switch|p2a: Skarmory|Skarmory, F|99/100
|-damage|p2a: Skarmory|86/100|[from] Stealth Rock
|move|p1a: Ice Cream Man|Psychic|p2a: Skarmory
|-resisted|p2a: Skarmory
|-damage|p2a: Skarmory|64/100
|
|upkeep
|turn|10
|
|t:|1703481231
|switch|p1a: Phillip Wittebane|Tyranitar, M|100/100
|-damage|p1a: Phillip Wittebane|88/100|[from] Stealth Rock
|-damage|p1a: Phillip Wittebane|76/100|[from] Spikes
|-weather|Sandstorm|[from] ability: Sand Stream|[of] p1a: Phillip Wittebane
|move|p2a: Skarmory|Roost|p2a: Skarmory
|-heal|p2a: Skarmory|100/100
|-singleturn|p2a: Skarmory|move: Roost
|
|-weather|Sandstorm|[upkeep]
|upkeep
|turn|11
|
|t:|1703481237
|move|p2a: Skarmory|Spikes|p1a: Phillip Wittebane
|-sidestart|p1: WeR#4Hay!|Spikes
|move|p1a: Phillip Wittebane|Fire Blast|p2a: Skarmory
|-supereffective|p2a: Skarmory
|-damage|p2a: Skarmory|51/100
|
|-weather|Sandstorm|[upkeep]
|upkeep
|turn|12
|
|t:|1703481252
|switch|p2a: Ninetales|Ninetales, F|100/100
|-damage|p2a: Ninetales|76/100|[from] Stealth Rock
|-weather|SunnyDay|[from] ability: Drought|[of] p2a: Ninetales
|move|p1a: Phillip Wittebane|Fire Blast|p2a: Ninetales
|-resisted|p2a: Ninetales
|-damage|p2a: Ninetales|63/100
|
|-weather|SunnyDay|[upkeep]
|upkeep
|turn|13
|
|t:|1703481257
|switch|p1a: Ice Cream Man|Alakazam, M|100/100
|move|p2a: Ninetales|Will-O-Wisp|p1a: Ice Cream Man
|-status|p1a: Ice Cream Man|brn
|
|-weather|SunnyDay|[upkeep]
|upkeep
|turn|14
|
|t:|1703481260
|move|p1a: Ice Cream Man|Psychic|p2a: Ninetales
|-damage|p2a: Ninetales|26/100
|move|p2a: Ninetales|Rest|p2a: Ninetales
|-status|p2a: Ninetales|slp|[from] move: Rest
|-heal|p2a: Ninetales|100/100 slp|[silent]
|-enditem|p2a: Ninetales|Chesto Berry|[eat]
|-curestatus|p2a: Ninetales|slp|[msg]
|
|-weather|SunnyDay|[upkeep]
|upkeep
|turn|15
|
|t:|1703481285
|switch|p2a: Chansey|Chansey, F|61/100
|-damage|p2a: Chansey|48/100|[from] Stealth Rock
|move|p1a: Ice Cream Man|Psychic|p2a: Chansey
|-damage|p2a: Chansey|34/100
|
|-weather|SunnyDay|[upkeep]
|upkeep
|turn|16
|l|☆WeR#4Hay!
|inactive|WeR#4Hay! disconnected and has a minute to reconnect!
|player|p1|
|j|☆WeR#4Hay!
|inactive|WeR#4Hay! reconnected and has 125 seconds left.
|player|p1|WeR#4Hay!|2
|inactive|WeR#4Hay! has 120 seconds left.
|
|t:|1703481322
|switch|p1a: Paul Giamatti|Ferrothorn, M|100/100
|-damage|p1a: Paul Giamatti|94/100|[from] Stealth Rock
|-damage|p1a: Paul Giamatti|78/100|[from] Spikes
|move|p2a: Chansey|Soft-Boiled|p2a: Chansey
|-heal|p2a: Chansey|84/100
|
|-weather|SunnyDay|[upkeep]
|-heal|p1a: Paul Giamatti|84/100|[from] item: Leftovers
|upkeep
|turn|17
|
|t:|1703481327
|switch|p2a: Skarmory|Skarmory, F|51/100
|-damage|p2a: Skarmory|39/100|[from] Stealth Rock
|move|p1a: Paul Giamatti|Spikes|p2a: Skarmory
|-sidestart|p2: IUPLC|Spikes
|
|-weather|SunnyDay|[upkeep]
|-heal|p1a: Paul Giamatti|90/100|[from] item: Leftovers
|upkeep
|turn|18
|
|t:|1703481332
|switch|p1a: Stephen Stills|Rotom-Wash|94/100
|-damage|p1a: Stephen Stills|82/100|[from] Stealth Rock
|move|p2a: Skarmory|Spikes|p1a: Stephen Stills
|-sidestart|p1: WeR#4Hay!|Spikes
|
|-weather|SunnyDay|[upkeep]
|-heal|p1a: Stephen Stills|88/100|[from] item: Leftovers
|upkeep
|turn|19
|
|t:|1703481343
|switch|p2a: Dusclops|Dusclops, F|100/100
|-damage|p2a: Dusclops|88/100|[from] Stealth Rock
|-damage|p2a: Dusclops|76/100|[from] Spikes
|-ability|p2a: Dusclops|Pressure
|move|p1a: Stephen Stills|Volt Switch|p2a: Dusclops
|-damage|p2a: Dusclops|61/100
|inactive|WeR#4Hay! has 120 seconds left.
|
|t:|1703481376
|switch|p1a: Terrence Fletcher|Latios, M|100/100|[from] Volt Switch
|-damage|p1a: Terrence Fletcher|88/100|[from] Stealth Rock
|
|-weather|SunnyDay|[upkeep]
|upkeep
|turn|20
|
|t:|1703481382
|move|p1a: Terrence Fletcher|Draco Meteor|p2a: Dusclops
|-damage|p2a: Dusclops|0 fnt
|-unboost|p1a: Terrence Fletcher|spa|2
|faint|p2a: Dusclops
|
|-weather|SunnyDay|[upkeep]
|upkeep
|
|t:|1703481408
|switch|p2a: Chansey|Chansey, F|84/100
|-damage|p2a: Chansey|72/100|[from] Stealth Rock
|-damage|p2a: Chansey|59/100|[from] Spikes
|turn|21
|
|t:|1703481417
|switch|p1a: Paul Giamatti|Ferrothorn, M|90/100
|-damage|p1a: Paul Giamatti|84/100|[from] Stealth Rock
|-damage|p1a: Paul Giamatti|59/100|[from] Spikes
|move|p2a: Chansey|Soft-Boiled|p2a: Chansey
|-heal|p2a: Chansey|100/100
|
|-weather|SunnyDay|[upkeep]
|-heal|p1a: Paul Giamatti|65/100|[from] item: Leftovers
|upkeep
|turn|22
|
|t:|1703481422
|switch|p2a: Skarmory|Skarmory, F|39/100
|-damage|p2a: Skarmory|27/100|[from] Stealth Rock
|move|p1a: Paul Giamatti|Spikes|p2a: Skarmory
|-sidestart|p2: IUPLC|Spikes
|
|-weather|SunnyDay|[upkeep]
|-heal|p1a: Paul Giamatti|72/100|[from] item: Leftovers
|upkeep
|turn|23
|
|t:|1703481428
|switch|p1a: Stephen Stills|Rotom-Wash|88/100
|-damage|p1a: Stephen Stills|75/100|[from] Stealth Rock
|move|p2a: Skarmory|Roost|p2a: Skarmory
|-heal|p2a: Skarmory|77/100
|-singleturn|p2a: Skarmory|move: Roost
|
|-weather|SunnyDay|[upkeep]
|-heal|p1a: Stephen Stills|82/100|[from] item: Leftovers
|upkeep
|turn|24
|
|t:|1703481434
|switch|p2a: Cresselia|Cresselia, F|100/100
|-damage|p2a: Cresselia|88/100|[from] Stealth Rock
|move|p1a: Stephen Stills|Will-O-Wisp|p2a: Cresselia|[miss]
|-miss|p1a: Stephen Stills|p2a: Cresselia
|
|-weather|SunnyDay|[upkeep]
|-heal|p1a: Stephen Stills|88/100|[from] item: Leftovers
|-heal|p2a: Cresselia|94/100|[from] item: Leftovers
|upkeep
|turn|25
|
|t:|1703481440
|move|p1a: Stephen Stills|Volt Switch|p2a: Cresselia
|-damage|p2a: Cresselia|78/100
|
|t:|1703481444
|switch|p1a: Phillip Wittebane|Tyranitar, M|76/100|[from] Volt Switch
|-damage|p1a: Phillip Wittebane|63/100|[from] Stealth Rock
|-damage|p1a: Phillip Wittebane|38/100|[from] Spikes
|-weather|Sandstorm|[from] ability: Sand Stream|[of] p1a: Phillip Wittebane
|move|p2a: Cresselia|Calm Mind|p2a: Cresselia
|-boost|p2a: Cresselia|spa|1
|-boost|p2a: Cresselia|spd|1
|
|-weather|Sandstorm|[upkeep]
|-damage|p2a: Cresselia|72/100|[from] Sandstorm
|-heal|p2a: Cresselia|78/100|[from] item: Leftovers
|upkeep
|turn|26
|
|t:|1703481449
|switch|p2a: Skarmory|Skarmory, F|77/100
|-damage|p2a: Skarmory|64/100|[from] Stealth Rock
|move|p1a: Phillip Wittebane|Crunch|p2a: Skarmory
|-resisted|p2a: Skarmory
|-damage|p2a: Skarmory|49/100
|
|-weather|Sandstorm|[upkeep]
|upkeep
|turn|27
|
|t:|1703481455
|switch|p2a: Ninetales|Ninetales, F|100/100
|-damage|p2a: Ninetales|76/100|[from] Stealth Rock
|-damage|p2a: Ninetales|59/100|[from] Spikes
|-weather|SunnyDay|[from] ability: Drought|[of] p2a: Ninetales
|move|p1a: Phillip Wittebane|Fire Blast|p2a: Ninetales|[miss]
|-miss|p1a: Phillip Wittebane|p2a: Ninetales
|
|-weather|SunnyDay|[upkeep]
|upkeep
|turn|28
|
|t:|1703481465
|switch|p1a: Terrence Fletcher|Latios, M|88/100
|-damage|p1a: Terrence Fletcher|76/100|[from] Stealth Rock
|move|p2a: Ninetales|Flamethrower|p1a: Terrence Fletcher
|-resisted|p1a: Terrence Fletcher
|-damage|p1a: Terrence Fletcher|55/100
|
|-weather|SunnyDay|[upkeep]
|upkeep
|turn|29
|
|t:|1703481469
|switch|p2a: Chansey|Chansey, F|100/100
|-damage|p2a: Chansey|88/100|[from] Stealth Rock
|-damage|p2a: Chansey|71/100|[from] Spikes
|move|p1a: Terrence Fletcher|Draco Meteor|p2a: Chansey
|-damage|p2a: Chansey|38/100
|-unboost|p1a: Terrence Fletcher|spa|2
|
|-weather|SunnyDay|[upkeep]
|upkeep
|turn|30
|
|t:|1703481476
|switch|p1a: Paul Giamatti|Ferrothorn, M|72/100
|-damage|p1a: Paul Giamatti|65/100|[from] Stealth Rock
|-damage|p1a: Paul Giamatti|40/100|[from] Spikes
|move|p2a: Chansey|Soft-Boiled|p2a: Chansey
|-heal|p2a: Chansey|88/100
|
|-weather|SunnyDay|[upkeep]
|-heal|p1a: Paul Giamatti|47/100|[from] item: Leftovers
|upkeep
|turn|31
|
|t:|1703481481
|switch|p2a: Skarmory|Skarmory, F|49/100
|-damage|p2a: Skarmory|37/100|[from] Stealth Rock
|move|p1a: Paul Giamatti|Knock Off|p2a: Skarmory
|-resisted|p2a: Skarmory
|-damage|p2a: Skarmory|35/100
|
|-weather|SunnyDay|[upkeep]
|-heal|p1a: Paul Giamatti|53/100|[from] item: Leftovers
|upkeep
|turn|32
|
|t:|1703481488
|switch|p1a: Stephen Stills|Rotom-Wash|88/100
|-damage|p1a: Stephen Stills|75/100|[from] Stealth Rock
|move|p2a: Skarmory|Whirlwind|p1a: Stephen Stills
|drag|p1a: Terrence Fletcher|Latios, M|55/100
|-damage|p1a: Terrence Fletcher|42/100|[from] Stealth Rock
|
|-weather|SunnyDay|[upkeep]
|upkeep
|turn|33
|
|t:|1703481498
|switch|p2a: Tentacruel|Tentacruel, F|13/100
|-damage|p2a: Tentacruel|1/100|[from] Stealth Rock
|-damage|p2a: Tentacruel|0 fnt|[from] Spikes
|faint|p2a: Tentacruel
|move|p1a: Terrence Fletcher|Draco Meteor|p2: Tentacruel|[notarget]
|-fail|p1a: Terrence Fletcher
|
|-weather|SunnyDay|[upkeep]
|upkeep
|
|t:|1703481500
|switch|p2a: Chansey|Chansey, F|88/100
|-damage|p2a: Chansey|75/100|[from] Stealth Rock
|-damage|p2a: Chansey|59/100|[from] Spikes
|turn|34
|
|t:|1703481506
|switch|p1a: Paul Giamatti|Ferrothorn, M|53/100
|-damage|p1a: Paul Giamatti|47/100|[from] Stealth Rock
|-damage|p1a: Paul Giamatti|22/100|[from] Spikes
|move|p2a: Chansey|Soft-Boiled|p2a: Chansey
|-heal|p2a: Chansey|100/100
|
|-weather|SunnyDay|[upkeep]
|-heal|p1a: Paul Giamatti|28/100|[from] item: Leftovers
|upkeep
|turn|35
|
|t:|1703481520
|switch|p2a: Skarmory|Skarmory, F|35/100
|-damage|p2a: Skarmory|23/100|[from] Stealth Rock
|move|p1a: Paul Giamatti|Spikes|p2a: Skarmory
|-sidestart|p2: IUPLC|Spikes
|
|-weather|SunnyDay|[upkeep]
|-heal|p1a: Paul Giamatti|34/100|[from] item: Leftovers
|upkeep
|turn|36
|
|t:|1703481525
|switch|p1a: Stephen Stills|Rotom-Wash|75/100
|-damage|p1a: Stephen Stills|63/100|[from] Stealth Rock
|move|p2a: Skarmory|Roost|p2a: Skarmory
|-heal|p2a: Skarmory|73/100
|-singleturn|p2a: Skarmory|move: Roost
|
|-weather|SunnyDay|[upkeep]
|-heal|p1a: Stephen Stills|69/100|[from] item: Leftovers
|upkeep
|turn|37
|
|t:|1703481530
|move|p1a: Stephen Stills|Will-O-Wisp|p2a: Skarmory
|-status|p2a: Skarmory|brn
|move|p2a: Skarmory|Roost|p2a: Skarmory
|-heal|p2a: Skarmory|100/100 brn
|-singleturn|p2a: Skarmory|move: Roost
|
|-weather|SunnyDay|[upkeep]
|-heal|p1a: Stephen Stills|75/100|[from] item: Leftovers
|-damage|p2a: Skarmory|88/100 brn|[from] brn
|upkeep
|turn|38
|
|t:|1703481534
|move|p1a: Stephen Stills|Volt Switch|p2a: Skarmory
|-supereffective|p2a: Skarmory
|-damage|p2a: Skarmory|39/100 brn
|
|t:|1703481537
|switch|p1a: Paul Giamatti|Ferrothorn, M|34/100|[from] Volt Switch
|-damage|p1a: Paul Giamatti|28/100|[from] Stealth Rock
|-damage|p1a: Paul Giamatti|3/100|[from] Spikes
|move|p2a: Skarmory|Whirlwind|p1a: Paul Giamatti
|drag|p1a: Phillip Wittebane|Tyranitar, M|38/100
|-damage|p1a: Phillip Wittebane|26/100|[from] Stealth Rock
|-damage|p1a: Phillip Wittebane|1/100|[from] Spikes
|-weather|Sandstorm|[from] ability: Sand Stream|[of] p1a: Phillip Wittebane
|
|-weather|Sandstorm|[upkeep]
|-damage|p2a: Skarmory|27/100 brn|[from] brn
|upkeep
|turn|39
|
|t:|1703481547
|switch|p2a: Ninetales|Ninetales, F|59/100
|-damage|p2a: Ninetales|34/100|[from] Stealth Rock
|-damage|p2a: Ninetales|9/100|[from] Spikes
|-weather|SunnyDay|[from] ability: Drought|[of] p2a: Ninetales
|move|p1a: Phillip Wittebane|Fire Blast|p2a: Ninetales
|-resisted|p2a: Ninetales
|-damage|p2a: Ninetales|0 fnt
|faint|p2a: Ninetales
|
|-weather|SunnyDay|[upkeep]
|upkeep
|
|t:|1703481552
|switch|p2a: Cresselia|Cresselia, F|78/100
|-damage|p2a: Cresselia|66/100|[from] Stealth Rock
|turn|40
|
|t:|1703481555
|move|p2a: Cresselia|Ice Beam|p1a: Phillip Wittebane
|-damage|p1a: Phillip Wittebane|0 fnt
|faint|p1a: Phillip Wittebane
|
|-weather|SunnyDay|[upkeep]
|-heal|p2a: Cresselia|72/100|[from] item: Leftovers
|upkeep
|
|t:|1703481558
|switch|p1a: Terrence Fletcher|Latios, M|42/100
|-damage|p1a: Terrence Fletcher|30/100|[from] Stealth Rock
|turn|41
|
|t:|1703481563
|switch|p2a: Skarmory|Skarmory, F|27/100 brn
|-damage|p2a: Skarmory|14/100 brn|[from] Stealth Rock
|move|p1a: Terrence Fletcher|Trick|p2a: Skarmory
|-activate|p1a: Terrence Fletcher|move: Trick|[of] p2a: Skarmory
|-item|p2a: Skarmory|Choice Specs|[from] move: Trick
|-enditem|p1a: Terrence Fletcher|Choice Specs|[silent]|[from] move: Trick
|
|-weather|SunnyDay|[upkeep]
|-damage|p2a: Skarmory|2/100 brn|[from] brn
|upkeep
|turn|42
|
|t:|1703481583
|switch|p2a: Chansey|Chansey, F|100/100
|-damage|p2a: Chansey|88/100|[from] Stealth Rock
|-damage|p2a: Chansey|63/100|[from] Spikes
|move|p1a: Terrence Fletcher|Trick|p2a: Chansey
|-activate|p1a: Terrence Fletcher|move: Trick|[of] p2a: Chansey
|-enditem|p2a: Chansey|Eviolite|[silent]|[from] move: Trick
|-item|p1a: Terrence Fletcher|Eviolite|[from] move: Trick
|
|-weather|SunnyDay|[upkeep]
|upkeep
|turn|43
|inactive|WeR#4Hay! has 120 seconds left.
|
|t:|1703481609
|move|p1a: Terrence Fletcher|Recover|p1a: Terrence Fletcher
|-heal|p1a: Terrence Fletcher|80/100
|move|p2a: Chansey|Soft-Boiled|p2a: Chansey
|-heal|p2a: Chansey|100/100
|
|-weather|SunnyDay|[upkeep]
|upkeep
|turn|44
|
|t:|1703481614
|switch|p1a: Ice Cream Man|Alakazam, M|100/100 brn
|move|p2a: Chansey|Toxic||[still]
|-fail|p2a: Chansey
|
|-weather|SunnyDay|[upkeep]
|upkeep
|turn|45
|
|t:|1703481619
|switch|p1a: Paul Giamatti|Ferrothorn, M|3/100
|-damage|p1a: Paul Giamatti|0 fnt|[from] Stealth Rock
|faint|p1a: Paul Giamatti
|move|p2a: Chansey|Seismic Toss|p1: Paul Giamatti|[notarget]
|-fail|p2a: Chansey
|
|-weather|SunnyDay|[upkeep]
|upkeep
|
|t:|1703481621
|switch|p1a: Helga|Landorus-Therian, M|100/100
|-damage|p1a: Helga|88/100|[from] Stealth Rock
|-ability|p1a: Helga|Intimidate|boost
|-unboost|p2a: Chansey|atk|1
|turn|46
|
|t:|1703481624
|switch|p2a: Skarmory|Skarmory, F|2/100 brn
|-damage|p2a: Skarmory|0 fnt|[from] Stealth Rock
|faint|p2a: Skarmory
|move|p1a: Helga|Earthquake|p2: Skarmory|[notarget]
|-fail|p1a: Helga
|
|-weather|SunnyDay|[upkeep]
|-heal|p1a: Helga|94/100|[from] item: Leftovers
|upkeep
|
|t:|1703481625
|switch|p2a: Cresselia|Cresselia, F|72/100
|-damage|p2a: Cresselia|60/100|[from] Stealth Rock
|turn|47
|
|t:|1703481629
|move|p1a: Helga|U-turn|p2a: Cresselia
|-supereffective|p2a: Cresselia
|-damage|p2a: Cresselia|36/100
|
|t:|1703481632
|switch|p1a: Stephen Stills|Rotom-Wash|75/100|[from] U-turn
|-damage|p1a: Stephen Stills|63/100|[from] Stealth Rock
|move|p2a: Cresselia|Moonlight|p2a: Cresselia
|-heal|p2a: Cresselia|100/100
|
|-weather|SunnyDay|[upkeep]
|-heal|p1a: Stephen Stills|69/100|[from] item: Leftovers
|upkeep
|turn|48
|
|t:|1703481634
|move|p1a: Stephen Stills|Will-O-Wisp|p2a: Cresselia
|-status|p2a: Cresselia|brn
|move|p2a: Cresselia|Calm Mind|p2a: Cresselia
|-boost|p2a: Cresselia|spa|1
|-boost|p2a: Cresselia|spd|1
|
|-weather|SunnyDay|[upkeep]
|-heal|p1a: Stephen Stills|75/100|[from] item: Leftovers
|-damage|p2a: Cresselia|88/100 brn|[from] brn
|upkeep
|turn|49
|
|t:|1703481637
|move|p1a: Stephen Stills|Volt Switch|p2a: Cresselia
|-damage|p2a: Cresselia|78/100 brn
|
|t:|1703481642
|switch|p1a: Ice Cream Man|Alakazam, M|100/100 brn|[from] Volt Switch
|move|p2a: Cresselia|Calm Mind|p2a: Cresselia
|-boost|p2a: Cresselia|spa|1
|-boost|p2a: Cresselia|spd|1
|
|-weather|SunnyDay|[upkeep]
|-heal|p2a: Cresselia|84/100 brn|[from] item: Leftovers
|-damage|p2a: Cresselia|71/100 brn|[from] brn
|upkeep
|turn|50
|
|t:|1703481644
|move|p1a: Ice Cream Man|Shadow Ball|p2a: Cresselia
|-supereffective|p2a: Cresselia
|-damage|p2a: Cresselia|53/100 brn
|move|p2a: Cresselia|Moonlight|p2a: Cresselia
|-heal|p2a: Cresselia|100/100 brn
|
|-weather|SunnyDay|[upkeep]
|-damage|p2a: Cresselia|88/100 brn|[from] brn
|upkeep
|turn|51
|
|t:|1703481649
|move|p1a: Ice Cream Man|Shadow Ball|p2a: Cresselia
|-supereffective|p2a: Cresselia
|-damage|p2a: Cresselia|69/100 brn
|move|p2a: Cresselia|Calm Mind|p2a: Cresselia
|-boost|p2a: Cresselia|spa|1
|-boost|p2a: Cresselia|spd|1
|
|-weather|SunnyDay|[upkeep]
|-heal|p2a: Cresselia|75/100 brn|[from] item: Leftovers
|-damage|p2a: Cresselia|62/100 brn|[from] brn
|upkeep
|turn|52
|
|t:|1703481656
|move|p1a: Ice Cream Man|Shadow Ball|p2a: Cresselia
|-supereffective|p2a: Cresselia
|-damage|p2a: Cresselia|48/100 brn
|move|p2a: Cresselia|Calm Mind|p2a: Cresselia
|-boost|p2a: Cresselia|spa|1
|-boost|p2a: Cresselia|spd|1
|
|-weather|SunnyDay|[upkeep]
|-heal|p2a: Cresselia|55/100 brn|[from] item: Leftovers
|-damage|p2a: Cresselia|42/100 brn|[from] brn
|upkeep
|turn|53
|
|t:|1703481658
|move|p1a: Ice Cream Man|Shadow Ball|p2a: Cresselia
|-supereffective|p2a: Cresselia
|-damage|p2a: Cresselia|31/100 brn
|move|p2a: Cresselia|Moonlight|p2a: Cresselia
|-heal|p2a: Cresselia|98/100 brn
|
|-weather|SunnyDay|[upkeep]
|-heal|p2a: Cresselia|100/100 brn|[from] item: Leftovers
|-damage|p2a: Cresselia|88/100 brn|[from] brn
|upkeep
|turn|54
|
|t:|1703481661
|move|p1a: Ice Cream Man|Shadow Ball|p2a: Cresselia
|-supereffective|p2a: Cresselia
|-damage|p2a: Cresselia|76/100 brn
|move|p2a: Cresselia|Psyshock|p1a: Ice Cream Man
|-resisted|p1a: Ice Cream Man
|-enditem|p1a: Ice Cream Man|Focus Sash
|-damage|p1a: Ice Cream Man|1/100 brn
|
|-weather|SunnyDay|[upkeep]
|-heal|p2a: Cresselia|82/100 brn|[from] item: Leftovers
|-damage|p2a: Cresselia|70/100 brn|[from] brn
|upkeep
|turn|55
|
|t:|1703481667
|move|p1a: Ice Cream Man|Shadow Ball|p2a: Cresselia
|-supereffective|p2a: Cresselia
|-crit|p2a: Cresselia
|-damage|p2a: Cresselia|0 fnt
|faint|p2a: Cresselia
|
|-weather|SunnyDay|[upkeep]
|upkeep
|
|t:|1703481673
|switch|p2a: Chansey|Chansey, F|100/100
|-damage|p2a: Chansey|88/100|[from] Stealth Rock
|-damage|p2a: Chansey|63/100|[from] Spikes
|turn|56
|
|t:|1703481676
|move|p1a: Ice Cream Man|Psychic|p2a: Chansey
|-damage|p2a: Chansey|39/100
|move|p2a: Chansey|Seismic Toss|p1a: Ice Cream Man
|-damage|p1a: Ice Cream Man|0 fnt
|faint|p1a: Ice Cream Man
|
|-weather|SunnyDay|[upkeep]
|upkeep
|
|t:|1703481678
|switch|p1a: Helga|Landorus-Therian, M|94/100
|-damage|p1a: Helga|82/100|[from] Stealth Rock
|-ability|p1a: Helga|Intimidate|boost
|-unboost|p2a: Chansey|atk|1
|turn|57
|
|t:|1703481681
|move|p1a: Helga|Earthquake|p2a: Chansey
|-damage|p2a: Chansey|0 fnt
|faint|p2a: Chansey
|
|win|WeR#4Hay!
|raw|WeR#4Hay!'s rating: 1449 &rarr; <strong>1472</strong><br />(+23 for winning)
|raw|IUPLC's rating: 1494 &rarr; <strong>1471</strong><br />(-23 for losing)
|c|☆WeR#4Hay!|sry about the crit
|c|☆IUPLC|all good
