|j|☆bad big bratt
|j|☆l3o123
|player|p1|bad big bratt|171
|player|p2|l3o123|264
|teamsize|p1|6
|teamsize|p2|6
|gametype|singles
|gen|5
|tier|[Gen 5] OU
|rated|
|rule|Sleep Clause Mod: Limit one foe put to sleep
|rule|Species Clause: Limit one of each Pokémon
|rule|OHKO Clause: OHKO moves are banned
|rule|Moody Clause: Moody is banned
|rule|Evasion Moves Clause: Evasion moves are banned
|rule|Endless Battle Clause: Forcing endless battles is banned
|rule|HP Percentage Mod: HP is shown in percentages
|rule|Evasion Abilities Clause: Evasion abilities are banned
|rule|Baton Pass Clause: Limit one Baton Passer, can't pass Spe and other stats simultaneously
|rule|Swagger Clause: Swagger is banned
|clearpoke
|poke|p1|Amoonguss, M|item
|poke|p1|Landorus-Therian, M|item
|poke|p1|Terrakion|item
|poke|p1|Rotom-Wash|item
|poke|p1|Scizor, M|item
|poke|p1|Tyranitar, F|item
|poke|p2|Hippowdon, F|item
|poke|p2|Celebi|item
|poke|p2|Dragonite, M|item
|poke|p2|Jirachi|item
|poke|p2|Starmie|item
|poke|p2|Garchomp, M|item
|teampreview
|inactive|Battle timer is ON: inactive players will automatically lose when time's up. (requested by bad big bratt)
|
|start
|switch|p1a: Clouted Up|Landorus-Therian, M|100/100
|switch|p2a: Garchomp|Garchomp, M|100/100
|-ability|p1a: Clouted Up|Intimidate|boost
|-unboost|p2a: Garchomp|atk|1
|turn|1
|
|switch|p2a: Hippowdon|Hippowdon, F|100/100
|-weather|Sandstorm|[from] ability: Sand Stream|[of] p2a: Hippowdon
|move|p1a: Clouted Up|Hidden Power|p2a: Hippowdon
|-supereffective|p2a: Hippowdon
|-damage|p2a: Hippowdon|64/100
|
|-weather|Sandstorm|[upkeep]
|-heal|p2a: Hippowdon|70/100|[from] item: Leftovers
|upkeep
|turn|2
|
|switch|p1a: Washed Up|Rotom-Wash|100/100
|move|p2a: Hippowdon|Stealth Rock|p1a: Washed Up
|-sidestart|p1: bad big bratt|move: Stealth Rock
|
|-weather|Sandstorm|[upkeep]
|-damage|p1a: Washed Up|94/100|[from] Sandstorm
|-heal|p1a: Washed Up|100/100|[from] item: Leftovers
|-heal|p2a: Hippowdon|76/100|[from] item: Leftovers
|upkeep
|turn|3
|
|switch|p2a: Jirachi|Jirachi|100/100
|move|p1a: Washed Up|Will-O-Wisp|p2a: Jirachi
|-status|p2a: Jirachi|brn
|
|-weather|Sandstorm|[upkeep]
|-damage|p1a: Washed Up|94/100|[from] Sandstorm
|-heal|p1a: Washed Up|100/100|[from] item: Leftovers
|-damage|p2a: Jirachi|88/100 brn|[from] brn
|upkeep
|turn|4
|
|move|p2a: Jirachi|Body Slam|p1a: Washed Up
|-damage|p1a: Washed Up|93/100
|-status|p1a: Washed Up|par
|move|p1a: Washed Up|Volt Switch|p2a: Jirachi
|-damage|p2a: Jirachi|71/100 brn
|
|switch|p1a: Clouted Up|Landorus-Therian, M|100/100
|-damage|p1a: Clouted Up|88/100|[from] Stealth Rock
|-ability|p1a: Clouted Up|Intimidate|boost
|-unboost|p2a: Jirachi|atk|1
|
|-weather|Sandstorm|[upkeep]
|-heal|p2a: Jirachi|77/100 brn|[from] item: Leftovers
|-damage|p2a: Jirachi|65/100 brn|[from] brn
|upkeep
|turn|5
|
|move|p1a: Clouted Up|Earthquake|p2a: Jirachi
|-supereffective|p2a: Jirachi
|-damage|p2a: Jirachi|0 fnt
|faint|p2a: Jirachi
|
|-weather|Sandstorm|[upkeep]
|upkeep
|inactive|l3o123 has 120 seconds left.
|
|switch|p2a: Starmie|Starmie|100/100
|turn|6
|inactive|bad big bratt has 120 seconds left.
|
|switch|p1a: Mans Blacklisted|Tyranitar, F|100/100
|-damage|p1a: Mans Blacklisted|88/100|[from] Stealth Rock
|move|p2a: Starmie|Scald|p1a: Mans Blacklisted
|-supereffective|p1a: Mans Blacklisted
|-damage|p1a: Mans Blacklisted|60/100
|-status|p1a: Mans Blacklisted|brn
|
|-weather|Sandstorm|[upkeep]
|-damage|p2a: Starmie|94/100|[from] Sandstorm
|-heal|p2a: Starmie|100/100|[from] item: Leftovers
|-damage|p1a: Mans Blacklisted|48/100 brn|[from] brn
|upkeep
|turn|7
|
|move|p2a: Starmie|Reflect Type|p1a: Mans Blacklisted
|-start|p2a: Starmie|typechange|[from] move: Reflect Type|[of] p1a: Mans Blacklisted
|move|p1a: Mans Blacklisted|Crunch|p2a: Starmie
|-resisted|p2a: Starmie
|-damage|p2a: Starmie|89/100
|
|-weather|Sandstorm|[upkeep]
|-heal|p2a: Starmie|95/100|[from] item: Leftovers
|-damage|p1a: Mans Blacklisted|35/100 brn|[from] brn
|upkeep
|turn|8
|
|switch|p2a: Dragonite|Dragonite, M|100/100
|switch|p1a: Goodnight|Amoonguss, M|100/100
|-damage|p1a: Goodnight|88/100|[from] Stealth Rock
|
|-weather|Sandstorm|[upkeep]
|-damage|p2a: Dragonite|94/100|[from] Sandstorm
|-damage|p1a: Goodnight|82/100|[from] Sandstorm
|-heal|p2a: Dragonite|100/100|[from] item: Leftovers
|-heal|p1a: Goodnight|88/100|[from] item: Black Sludge
|upkeep
|turn|9
|
|move|p2a: Dragonite|Substitute|p2a: Dragonite
|-start|p2a: Dragonite|Substitute
|-damage|p2a: Dragonite|76/100
|move|p1a: Goodnight|Spore|p2a: Dragonite
|-fail|p2a: Dragonite
|
|-weather|Sandstorm|[upkeep]
|-damage|p2a: Dragonite|69/100|[from] Sandstorm
|-damage|p1a: Goodnight|82/100|[from] Sandstorm
|-heal|p2a: Dragonite|76/100|[from] item: Leftovers
|-heal|p1a: Goodnight|88/100|[from] item: Black Sludge
|upkeep
|turn|10
|
|move|p2a: Dragonite|Dragon Dance|p2a: Dragonite
|-boost|p2a: Dragonite|atk|1
|-boost|p2a: Dragonite|spe|1
|move|p1a: Goodnight|Hidden Power|p2a: Dragonite
|-supereffective|p2a: Dragonite
|-end|p2a: Dragonite|Substitute
|
|-weather|Sandstorm|[upkeep]
|-damage|p2a: Dragonite|69/100|[from] Sandstorm
|-damage|p1a: Goodnight|82/100|[from] Sandstorm
|-heal|p2a: Dragonite|76/100|[from] item: Leftovers
|-heal|p1a: Goodnight|88/100|[from] item: Black Sludge
|upkeep
|turn|11
|
|move|p2a: Dragonite|Substitute|p2a: Dragonite
|-start|p2a: Dragonite|Substitute
|-damage|p2a: Dragonite|51/100
|move|p1a: Goodnight|Hidden Power|p2a: Dragonite
|-supereffective|p2a: Dragonite
|-end|p2a: Dragonite|Substitute
|
|-weather|Sandstorm|[upkeep]
|-damage|p2a: Dragonite|45/100|[from] Sandstorm
|-damage|p1a: Goodnight|82/100|[from] Sandstorm
|-heal|p2a: Dragonite|51/100|[from] item: Leftovers
|-heal|p1a: Goodnight|88/100|[from] item: Black Sludge
|upkeep
|turn|12
|
|move|p2a: Dragonite|Roost|p2a: Dragonite
|-heal|p2a: Dragonite|100/100
|move|p1a: Goodnight|Hidden Power|p2a: Dragonite
|-supereffective|p2a: Dragonite
|-damage|p2a: Dragonite|89/100
|
|-weather|Sandstorm|[upkeep]
|-damage|p2a: Dragonite|82/100|[from] Sandstorm
|-damage|p1a: Goodnight|82/100|[from] Sandstorm
|-heal|p2a: Dragonite|89/100|[from] item: Leftovers
|-heal|p1a: Goodnight|88/100|[from] item: Black Sludge
|upkeep
|turn|13
|
|move|p2a: Dragonite|Substitute|p2a: Dragonite
|-start|p2a: Dragonite|Substitute
|-damage|p2a: Dragonite|64/100
|move|p1a: Goodnight|Hidden Power|p2a: Dragonite
|-supereffective|p2a: Dragonite
|-end|p2a: Dragonite|Substitute
|
|-weather|Sandstorm|[upkeep]
|-damage|p2a: Dragonite|57/100|[from] Sandstorm
|-damage|p1a: Goodnight|82/100|[from] Sandstorm
|-heal|p2a: Dragonite|64/100|[from] item: Leftovers
|-heal|p1a: Goodnight|88/100|[from] item: Black Sludge
|upkeep
|turn|14
|
|move|p2a: Dragonite|Dragon Claw|p1a: Goodnight
|-damage|p1a: Goodnight|29/100
|move|p1a: Goodnight|Hidden Power|p2a: Dragonite
|-supereffective|p2a: Dragonite
|-damage|p2a: Dragonite|17/100
|
|-weather|Sandstorm|[upkeep]
|-damage|p2a: Dragonite|11/100|[from] Sandstorm
|-damage|p1a: Goodnight|22/100|[from] Sandstorm
|-heal|p2a: Dragonite|17/100|[from] item: Leftovers
|-heal|p1a: Goodnight|29/100|[from] item: Black Sludge
|upkeep
|turn|15
|
|move|p2a: Dragonite|Dragon Claw|p1a: Goodnight
|-damage|p1a: Goodnight|0 fnt
|faint|p1a: Goodnight
|
|-weather|Sandstorm|[upkeep]
|-damage|p2a: Dragonite|11/100|[from] Sandstorm
|-heal|p2a: Dragonite|17/100|[from] item: Leftovers
|upkeep
|
|switch|p1a: Clouted Up|Landorus-Therian, M|88/100
|-damage|p1a: Clouted Up|76/100|[from] Stealth Rock
|-ability|p1a: Clouted Up|Intimidate|boost
|-unboost|p2a: Dragonite|atk|1
|turn|16
|
|move|p1a: Clouted Up|Hidden Power|p2a: Dragonite
|-supereffective|p2a: Dragonite
|-damage|p2a: Dragonite|0 fnt
|faint|p2a: Dragonite
|
|-weather|Sandstorm|[upkeep]
|upkeep
|
|switch|p2a: Starmie|Starmie|95/100
|turn|17
|inactive|bad big bratt has 120 seconds left.
|
|switch|p1a: Mans Blacklisted|Tyranitar, F|35/100 brn
|-damage|p1a: Mans Blacklisted|23/100 brn|[from] Stealth Rock
|move|p2a: Starmie|Reflect Type|p1a: Mans Blacklisted
|-start|p2a: Starmie|typechange|[from] move: Reflect Type|[of] p1a: Mans Blacklisted
|
|-weather|Sandstorm|[upkeep]
|-heal|p2a: Starmie|100/100|[from] item: Leftovers
|-damage|p1a: Mans Blacklisted|10/100 brn|[from] brn
|upkeep
|turn|18
|
|switch|p2a: Hippowdon|Hippowdon, F|76/100
|move|p1a: Mans Blacklisted|Stealth Rock|p2a: Hippowdon
|-sidestart|p2: l3o123|move: Stealth Rock
|
|-weather|Sandstorm|[upkeep]
|-heal|p2a: Hippowdon|82/100|[from] item: Leftovers
|-damage|p1a: Mans Blacklisted|0 fnt|[from] brn
|upkeep
|faint|p1a: Mans Blacklisted
|
|switch|p1a: Washed Up|Rotom-Wash|93/100 par
|-damage|p1a: Washed Up|80/100 par|[from] Stealth Rock
|turn|19
|
|move|p1a: Washed Up|Will-O-Wisp|p2a: Hippowdon|[miss]
|-miss|p1a: Washed Up|p2a: Hippowdon
|move|p2a: Hippowdon|Whirlwind|p1a: Washed Up
|drag|p1a: Clouted Up|Landorus-Therian, M|76/100
|-damage|p1a: Clouted Up|64/100|[from] Stealth Rock
|-ability|p1a: Clouted Up|Intimidate|boost
|-unboost|p2a: Hippowdon|atk|1
|
|-weather|Sandstorm|[upkeep]
|-heal|p2a: Hippowdon|89/100|[from] item: Leftovers
|upkeep
|turn|20
|
|move|p1a: Clouted Up|Earthquake|p2a: Hippowdon
|-damage|p2a: Hippowdon|57/100
|move|p2a: Hippowdon|Slack Off|p2a: Hippowdon
|-heal|p2a: Hippowdon|100/100
|
|-weather|Sandstorm|[upkeep]
|upkeep
|turn|21
|
|switch|p1a: Washed Up|Rotom-Wash|80/100 par
|-damage|p1a: Washed Up|68/100 par|[from] Stealth Rock
|move|p2a: Hippowdon|Whirlwind|p1a: Washed Up
|drag|p1a: Prima Nocta|Scizor, M|100/100
|-damage|p1a: Prima Nocta|88/100|[from] Stealth Rock
|
|-weather|Sandstorm|[upkeep]
|upkeep
|turn|22
|
|switch|p1a: Clouted Up|Landorus-Therian, M|64/100
|-damage|p1a: Clouted Up|52/100|[from] Stealth Rock
|-ability|p1a: Clouted Up|Intimidate|boost
|-unboost|p2a: Hippowdon|atk|1
|move|p2a: Hippowdon|Whirlwind|p1a: Clouted Up
|drag|p1a: Washed Up|Rotom-Wash|68/100 par
|-damage|p1a: Washed Up|56/100 par|[from] Stealth Rock
|
|-weather|Sandstorm|[upkeep]
|-damage|p1a: Washed Up|50/100 par|[from] Sandstorm
|-heal|p1a: Washed Up|56/100 par|[from] item: Leftovers
|upkeep
|turn|23
|
|cant|p1a: Washed Up|par
|move|p2a: Hippowdon|Whirlwind|p1a: Washed Up
|drag|p1a: Clouted Up|Landorus-Therian, M|52/100
|-damage|p1a: Clouted Up|39/100|[from] Stealth Rock
|-ability|p1a: Clouted Up|Intimidate|boost
|-unboost|p2a: Hippowdon|atk|1
|
|-weather|Sandstorm|[upkeep]
|upkeep
|turn|24
|c|☆bad big bratt|youre so fucking bad
|inactive|l3o123 has 120 seconds left.
|
|move|p1a: Clouted Up|U-turn|p2a: Hippowdon
|-crit|p2a: Hippowdon
|-damage|p2a: Hippowdon|74/100
|
|switch|p1a: Washed Up|Rotom-Wash|56/100 par
|-damage|p1a: Washed Up|43/100 par|[from] Stealth Rock
|move|p2a: Hippowdon|Slack Off|p2a: Hippowdon
|-heal|p2a: Hippowdon|100/100
|
|-weather|Sandstorm|[upkeep]
|-damage|p1a: Washed Up|37/100 par|[from] Sandstorm
|-heal|p1a: Washed Up|43/100 par|[from] item: Leftovers
|upkeep
|turn|25
|
|switch|p2a: Celebi|Celebi|100/100
|-damage|p2a: Celebi|88/100|[from] Stealth Rock
|cant|p1a: Washed Up|par
|
|-weather|Sandstorm|[upkeep]
|-damage|p2a: Celebi|82/100|[from] Sandstorm
|-damage|p1a: Washed Up|37/100 par|[from] Sandstorm
|-heal|p2a: Celebi|88/100|[from] item: Leftovers
|-heal|p1a: Washed Up|43/100 par|[from] item: Leftovers
|upkeep
|turn|26
|c|☆bad big bratt|lmao
|c|☆bad big bratt|i hate virgins
|inactive|l3o123 has 120 seconds left.
|
|switch|p1a: Boss like Hugo|Terrakion|100/100
|-damage|p1a: Boss like Hugo|94/100|[from] Stealth Rock
|move|p2a: Celebi|Nasty Plot|p2a: Celebi
|-boost|p2a: Celebi|spa|2
|
|-weather|Sandstorm|[upkeep]
|-damage|p2a: Celebi|82/100|[from] Sandstorm
|-heal|p2a: Celebi|88/100|[from] item: Leftovers
|upkeep
|turn|27
|
|switch|p2a: Hippowdon|Hippowdon, F|100/100
|-damage|p2a: Hippowdon|94/100|[from] Stealth Rock
|move|p1a: Boss like Hugo|X-Scissor|p2a: Hippowdon
|-damage|p2a: Hippowdon|72/100
|
|-weather|Sandstorm|[upkeep]
|-heal|p2a: Hippowdon|79/100|[from] item: Leftovers
|upkeep
|turn|28
|
|switch|p1a: Washed Up|Rotom-Wash|43/100 par
|-damage|p1a: Washed Up|31/100 par|[from] Stealth Rock
|move|p2a: Hippowdon|Whirlwind|p1a: Washed Up
|drag|p1a: Boss like Hugo|Terrakion|94/100
|-damage|p1a: Boss like Hugo|88/100|[from] Stealth Rock
|
|-weather|Sandstorm|[upkeep]
|-heal|p2a: Hippowdon|85/100|[from] item: Leftovers
|upkeep
|turn|29
|inactive|l3o123 has 90 seconds left.
|
|move|p1a: Boss like Hugo|Close Combat|p2a: Hippowdon
|-damage|p2a: Hippowdon|33/100
|-unboost|p1a: Boss like Hugo|def|1
|-unboost|p1a: Boss like Hugo|spd|1
|move|p2a: Hippowdon|Earthquake|p1a: Boss like Hugo
|-supereffective|p1a: Boss like Hugo
|-damage|p1a: Boss like Hugo|0 fnt
|faint|p1a: Boss like Hugo
|
|-weather|Sandstorm|[upkeep]
|-heal|p2a: Hippowdon|39/100|[from] item: Leftovers
|upkeep
|inactive|bad big bratt has 120 seconds left.
|
|switch|p1a: Washed Up|Rotom-Wash|31/100 par
|-damage|p1a: Washed Up|19/100 par|[from] Stealth Rock
|turn|30
|inactive|l3o123 has 90 seconds left.
|
|switch|p2a: Celebi|Celebi|88/100
|-damage|p2a: Celebi|76/100|[from] Stealth Rock
|move|p1a: Washed Up|Pain Split|p2a: Celebi
|-sethp|p2a: Celebi|45/100|p1a: Washed Up|57/100 par|[from] move: Pain Split
|
|-weather|Sandstorm|[upkeep]
|-damage|p2a: Celebi|39/100|[from] Sandstorm
|-damage|p1a: Washed Up|51/100 par|[from] Sandstorm
|-heal|p2a: Celebi|45/100|[from] item: Leftovers
|-heal|p1a: Washed Up|57/100 par|[from] item: Leftovers
|upkeep
|turn|31
|
|move|p2a: Celebi|Giga Drain|p1a: Washed Up
|-supereffective|p1a: Washed Up
|-damage|p1a: Washed Up|0 fnt
|-heal|p2a: Celebi|68/100|[from] drain|[of] p1a: Washed Up
|faint|p1a: Washed Up
|
|-weather|Sandstorm|[upkeep]
|-damage|p2a: Celebi|62/100|[from] Sandstorm
|-heal|p2a: Celebi|68/100|[from] item: Leftovers
|upkeep
|
|switch|p1a: Clouted Up|Landorus-Therian, M|39/100
|-damage|p1a: Clouted Up|27/100|[from] Stealth Rock
|-ability|p1a: Clouted Up|Intimidate|boost
|-unboost|p2a: Celebi|atk|1
|turn|32
|inactive|l3o123 has 60 seconds left.
|inactive|l3o123 has 30 seconds left.
|
|move|p1a: Clouted Up|U-turn|p2a: Celebi
|-supereffective|p2a: Celebi
|-damage|p2a: Celebi|0 fnt
|faint|p2a: Celebi
|inactive|bad big bratt has 120 seconds left.
|
|switch|p1a: Prima Nocta|Scizor, M|88/100
|-damage|p1a: Prima Nocta|76/100|[from] Stealth Rock
|
|-weather|Sandstorm|[upkeep]
|upkeep
|
|switch|p2a: Hippowdon|Hippowdon, F|39/100
|-damage|p2a: Hippowdon|33/100|[from] Stealth Rock
|turn|33
|
|move|p1a: Prima Nocta|Swords Dance|p1a: Prima Nocta
|-boost|p1a: Prima Nocta|atk|2
|move|p2a: Hippowdon|Whirlwind|p1a: Prima Nocta
|drag|p1a: Clouted Up|Landorus-Therian, M|27/100
|-damage|p1a: Clouted Up|15/100|[from] Stealth Rock
|-ability|p1a: Clouted Up|Intimidate|boost
|-unboost|p2a: Hippowdon|atk|1
|
|-weather|Sandstorm|[upkeep]
|-heal|p2a: Hippowdon|39/100|[from] item: Leftovers
|upkeep
|turn|34
|
|move|p1a: Clouted Up|Earthquake|p2a: Hippowdon
|-damage|p2a: Hippowdon|10/100
|move|p2a: Hippowdon|Slack Off|p2a: Hippowdon
|-heal|p2a: Hippowdon|60/100
|
|-weather|Sandstorm|[upkeep]
|-heal|p2a: Hippowdon|67/100|[from] item: Leftovers
|upkeep
|turn|35
|
|move|p1a: Clouted Up|Earthquake|p2a: Hippowdon
|-damage|p2a: Hippowdon|34/100
|move|p2a: Hippowdon|Slack Off|p2a: Hippowdon
|-heal|p2a: Hippowdon|84/100
|
|-weather|Sandstorm|[upkeep]
|-heal|p2a: Hippowdon|90/100|[from] item: Leftovers
|upkeep
|turn|36
|
|switch|p1a: Prima Nocta|Scizor, M|76/100
|-damage|p1a: Prima Nocta|63/100|[from] Stealth Rock
|move|p2a: Hippowdon|Slack Off|p2a: Hippowdon
|-heal|p2a: Hippowdon|100/100
|
|-weather|Sandstorm|[upkeep]
|upkeep
|turn|37
|
|switch|p1a: Clouted Up|Landorus-Therian, M|15/100
|-damage|p1a: Clouted Up|3/100|[from] Stealth Rock
|-ability|p1a: Clouted Up|Intimidate|boost
|-unboost|p2a: Hippowdon|atk|1
|move|p2a: Hippowdon|Whirlwind|p1a: Clouted Up
|drag|p1a: Prima Nocta|Scizor, M|63/100
|-damage|p1a: Prima Nocta|51/100|[from] Stealth Rock
|
|-weather|Sandstorm|[upkeep]
|upkeep
|turn|38
|inactive|l3o123 has 30 seconds left.
|inactive|l3o123 has 20 seconds left.
|
|switch|p1a: Clouted Up|Landorus-Therian, M|3/100
|-damage|p1a: Clouted Up|0 fnt|[from] Stealth Rock
|faint|p1a: Clouted Up
|switch|p2a: Starmie|Starmie|100/100
|-damage|p2a: Starmie|88/100|[from] Stealth Rock
|
|-weather|Sandstorm|[upkeep]
|-damage|p2a: Starmie|82/100|[from] Sandstorm
|-heal|p2a: Starmie|88/100|[from] item: Leftovers
|upkeep
|
|switch|p1a: Prima Nocta|Scizor, M|51/100
|-damage|p1a: Prima Nocta|38/100|[from] Stealth Rock
|turn|39
|inactive|l3o123 has 30 seconds left.
|
|switch|p2a: Garchomp|Garchomp, M|100/100
|-damage|p2a: Garchomp|94/100|[from] Stealth Rock
|move|p1a: Prima Nocta|Swords Dance|p1a: Prima Nocta
|-boost|p1a: Prima Nocta|atk|2
|
|-weather|Sandstorm|[upkeep]
|upkeep
|turn|40
|inactive|l3o123 has 30 seconds left.
|
|move|p1a: Prima Nocta|Bullet Punch|p2a: Garchomp
|-damage|p2a: Garchomp|6/100
|-damage|p1a: Prima Nocta|26/100|[from] ability: Rough Skin|[of] p2a: Garchomp
|-damage|p1a: Prima Nocta|16/100|[from] item: Life Orb
|move|p2a: Garchomp|Earthquake|p1a: Prima Nocta
|-damage|p1a: Prima Nocta|0 fnt
|faint|p1a: Prima Nocta
|
|win|l3o123
|raw|bad big bratt's rating: 1520 &rarr; <strong>1489</strong><br />(-31 for losing)
|raw|l3o123's rating: 1306 &rarr; <strong>1337</strong><br />(+31 for winning)
|c|☆bad big bratt|bg virgin
|l|☆bad big bratt
