|j|☆yaboyreen
|j|☆Grimycucumberbits
|t:|1708581678
|gametype|singles
|player|p1|yaboyreen|101|1433
|player|p2|Grimycucumberbits|preschooler|1313
|teamsize|p1|6
|teamsize|p2|6
|gen|5
|tier|[Gen 5] OU
|rated|
|rule|Species Clause: Limit one of each Pokémon
|rule|OHKO Clause: OHKO moves are banned
|rule|Moody Clause: Moody is banned
|rule|Evasion Items Clause: Evasion items are banned
|rule|Evasion Moves Clause: Evasion moves are banned
|rule|Endless Battle Clause: Forcing endless battles is banned
|rule|HP Percentage Mod: HP is shown in percentages
|rule|Evasion Abilities Clause: Evasion abilities are banned
|rule|Sleep Moves Clause: Sleep-inducing moves are banned
|rule|Swagger Clause: Swagger is banned
|rule|Baton Pass Stat Clause: No Baton Passer may have a way to boost its stats
|clearpoke
|poke|p1|Breloom, M|item
|poke|p1|Landorus-Therian, M|item
|poke|p1|Scizor, F|item
|poke|p1|Keldeo|item
|poke|p1|Conkeldurr, M|item
|poke|p1|Espeon, F|item
|poke|p2|Landorus-Therian, M|item
|poke|p2|Tyranitar, F|item
|poke|p2|Excadrill, M|item
|poke|p2|Alakazam, M|item
|poke|p2|Latios, M|item
|poke|p2|Reuniclus, M|item
|teampreview
|inactive|Battle timer is ON: inactive players will automatically lose when time's up. (requested by Grimycucumberbits)
|
|t:|1708581687
|start
|switch|p1a: Landorus|Landorus-Therian, M|100/100
|switch|p2a: 🍵|Latios, M, shiny|100/100
|-ability|p1a: Landorus|Intimidate|boost
|-unboost|p2a: 🍵|atk|1
|turn|1
|
|t:|1708581694
|switch|p2a: balls 😩😃😳🤩🤯|Landorus-Therian, M|100/100
|-ability|p2a: balls 😩😃😳🤩🤯|Intimidate|boost
|-unboost|p1a: Landorus|atk|1
|move|p1a: Landorus|Stealth Rock|p2a: balls 😩😃😳🤩🤯
|-sidestart|p2: Grimycucumberbits|move: Stealth Rock
|
|upkeep
|turn|2
|
|t:|1708581703
|move|p2a: balls 😩😃😳🤩🤯|Stealth Rock|p1a: Landorus
|-sidestart|p1: yaboyreen|move: Stealth Rock
|move|p1a: Landorus|Hidden Power|p2a: balls 😩😃😳🤩🤯
|-supereffective|p2a: balls 😩😃😳🤩🤯
|-damage|p2a: balls 😩😃😳🤩🤯|23/100
|
|upkeep
|turn|3
|
|t:|1708581708
|switch|p2a: HERE I SAND🏜️🇰🇭|Tyranitar, F|100/100
|-damage|p2a: HERE I SAND🏜️🇰🇭|88/100|[from] Stealth Rock
|-weather|Sandstorm|[from] ability: Sand Stream|[of] p2a: HERE I SAND🏜️🇰🇭
|move|p1a: Landorus|Hidden Power|p2a: HERE I SAND🏜️🇰🇭
|-damage|p2a: HERE I SAND🏜️🇰🇭|81/100
|
|-weather|Sandstorm|[upkeep]
|upkeep
|turn|4
|
|t:|1708581717
|switch|p2a: balls 😩😃😳🤩🤯|Landorus-Therian, M|23/100
|-damage|p2a: balls 😩😃😳🤩🤯|11/100|[from] Stealth Rock
|-ability|p2a: balls 😩😃😳🤩🤯|Intimidate|boost
|-unboost|p1a: Landorus|atk|1
|move|p1a: Landorus|Earthquake|p2a: balls 😩😃😳🤩🤯
|-immune|p2a: balls 😩😃😳🤩🤯
|
|-weather|Sandstorm|[upkeep]
|upkeep
|turn|5
|
|t:|1708581725
|move|p2a: balls 😩😃😳🤩🤯|Explosion|p1a: Landorus
|-enditem|p1a: Landorus|Focus Sash
|-damage|p1a: Landorus|1/100
|faint|p2a: balls 😩😃😳🤩🤯
|move|p1a: Landorus|Hidden Power|p2: balls 😩😃😳🤩🤯|[notarget]
|-fail|p1a: Landorus
|
|-weather|Sandstorm|[upkeep]
|upkeep
|
|t:|1708581733
|switch|p2a: Mr Most 📱🤓🥄|Alakazam, M|100/100
|turn|6
|
|t:|1708581737
|move|p2a: Mr Most 📱🤓🥄|Psychic|p1a: Landorus
|-damage|p1a: Landorus|0 fnt
|faint|p1a: Landorus
|
|-weather|Sandstorm|[upkeep]
|upkeep
|
|t:|1708581742
|switch|p1a: Scizor|Scizor, F|100/100
|-damage|p1a: Scizor|88/100|[from] Stealth Rock
|turn|7
|
|t:|1708581745
|move|p2a: Mr Most 📱🤓🥄|Hidden Power|p1a: Scizor
|-supereffective|p1a: Scizor
|-damage|p1a: Scizor|0 fnt
|faint|p1a: Scizor
|
|-weather|Sandstorm|[upkeep]
|upkeep
|
|t:|1708581750
|switch|p1a: Breloom|Breloom, M, shiny|100/100
|-damage|p1a: Breloom|94/100|[from] Stealth Rock
|turn|8
|
|t:|1708581754
|move|p1a: Breloom|Mach Punch|p2a: Mr Most 📱🤓🥄
|-resisted|p2a: Mr Most 📱🤓🥄
|-damage|p2a: Mr Most 📱🤓🥄|40/100
|move|p2a: Mr Most 📱🤓🥄|Psychic|p1a: Breloom
|-supereffective|p1a: Breloom
|-damage|p1a: Breloom|0 fnt
|faint|p1a: Breloom
|
|-weather|Sandstorm|[upkeep]
|upkeep
|
|t:|1708581761
|switch|p1a: Conkeldurr|Conkeldurr, M|100/100
|-damage|p1a: Conkeldurr|94/100|[from] Stealth Rock
|turn|9
|
|t:|1708581765
|switch|p2a: Apoptosis 🧫🥶💗|Reuniclus, M, shiny|100/100
|move|p1a: Conkeldurr|Ice Punch|p2a: Apoptosis 🧫🥶💗
|-damage|p2a: Apoptosis 🧫🥶💗|55/100
|
|-weather|Sandstorm|[upkeep]
|-damage|p1a: Conkeldurr|88/100|[from] Sandstorm
|upkeep
|turn|10
|
|t:|1708581773
|move|p1a: Conkeldurr|Ice Punch|p2a: Apoptosis 🧫🥶💗
|-damage|p2a: Apoptosis 🧫🥶💗|10/100
|-status|p2a: Apoptosis 🧫🥶💗|frz
|-curestatus|p2a: Apoptosis 🧫🥶💗|frz|[msg]
|move|p2a: Apoptosis 🧫🥶💗|Recover|p2a: Apoptosis 🧫🥶💗
|-heal|p2a: Apoptosis 🧫🥶💗|60/100
|
|-weather|Sandstorm|[upkeep]
|-damage|p1a: Conkeldurr|82/100|[from] Sandstorm
|upkeep
|turn|11
|
|t:|1708581782
|move|p1a: Conkeldurr|Ice Punch|p2a: Apoptosis 🧫🥶💗
|-damage|p2a: Apoptosis 🧫🥶💗|15/100
|-status|p2a: Apoptosis 🧫🥶💗|frz
|-curestatus|p2a: Apoptosis 🧫🥶💗|frz|[msg]
|move|p2a: Apoptosis 🧫🥶💗|Psychic|p1a: Conkeldurr
|-supereffective|p1a: Conkeldurr
|-damage|p1a: Conkeldurr|0 fnt
|faint|p1a: Conkeldurr
|
|-weather|Sandstorm|[upkeep]
|upkeep
|c|☆yaboyreen|lol
|
|t:|1708581793
|switch|p1a: Keldeo|Keldeo|100/100
|-damage|p1a: Keldeo|94/100|[from] Stealth Rock
|turn|12
|
|t:|1708581801
|move|p1a: Keldeo|Secret Sword|p2a: Apoptosis 🧫🥶💗
|-resisted|p2a: Apoptosis 🧫🥶💗
|-damage|p2a: Apoptosis 🧫🥶💗|0 fnt
|faint|p2a: Apoptosis 🧫🥶💗
|
|-weather|Sandstorm|[upkeep]
|-damage|p1a: Keldeo|88/100|[from] Sandstorm
|-heal|p1a: Keldeo|94/100|[from] item: Leftovers
|upkeep
|
|t:|1708581807
|switch|p2a: Mr Most 📱🤓🥄|Alakazam, M|40/100
|turn|13
|
|t:|1708581813
|switch|p1a: Espeon|Espeon, F|100/100
|-damage|p1a: Espeon|88/100|[from] Stealth Rock
|move|p2a: Mr Most 📱🤓🥄|Psychic|p1a: Espeon
|-resisted|p1a: Espeon
|-damage|p1a: Espeon|58/100
|
|-weather|Sandstorm|[upkeep]
|-damage|p1a: Espeon|53/100|[from] Sandstorm
|upkeep
|turn|14
|
|t:|1708581822
|move|p2a: Mr Most 📱🤓🥄|Shadow Ball|p1a: Espeon
|-supereffective|p1a: Espeon
|-damage|p1a: Espeon|0 fnt
|faint|p1a: Espeon
|
|-weather|Sandstorm|[upkeep]
|upkeep
|-message|yaboyreen forfeited.
|
|win|Grimycucumberbits
|raw|yaboyreen's rating: 1433 &rarr; <strong>1406</strong><br />(-27 for losing)
|raw|Grimycucumberbits's rating: 1313 &rarr; <strong>1340</strong><br />(+27 for winning)
|l|☆yaboyreen
|player|p1|
