|j|☆the great gazump
|j|☆BookofConke
|t:|1702685499
|gametype|singles
|player|p1|the great gazump|2|1536
|player|p2|BookofConke|silver-masters|1500
|teamsize|p1|6
|teamsize|p2|6
|gen|5
|tier|[Gen 5] OU
|rated|
|rule|Species Clause: Limit one of each Pokémon
|rule|OHKO Clause: OHKO moves are banned
|rule|Moody Clause: Moody is banned
|rule|Evasion Items Clause: Evasion items are banned
|rule|Evasion Moves Clause: Evasion moves are banned
|rule|Endless Battle Clause: Forcing endless battles is banned
|rule|HP Percentage Mod: HP is shown in percentages
|rule|Evasion Abilities Clause: Evasion abilities are banned
|rule|Sleep Moves Clause: Sleep-inducing moves are banned
|rule|Swagger Clause: Swagger is banned
|rule|Baton Pass Stat Clause: No Baton Passer may have a way to boost its stats
|clearpoke
|poke|p1|Tyranitar, M|item
|poke|p1|Landorus-Therian, M|item
|poke|p1|Excadrill, F|item
|poke|p1|Celebi|item
|poke|p1|Keldeo|item
|poke|p1|Scizor, M|item
|poke|p2|Politoed, M|item
|poke|p2|Kyurem-Black|item
|poke|p2|Ferrothorn, F|item
|poke|p2|Garchomp, M|item
|poke|p2|Starmie|item
|poke|p2|Tornadus, M|item
|teampreview
|inactive|Battle timer is ON: inactive players will automatically lose when time's up. (requested by the great gazump)
|j| sixsevn
|c|☆BookofConke|Hi Peng!
|c|☆the great gazump|gl
|
|t:|1702685533
|start
|switch|p1a: Scizor|Scizor, M|100/100
|switch|p2a: Kyurem|Kyurem-Black|100/100
|-ability|p2a: Kyurem|Teravolt
|turn|1
|inactive|BookofConke has 120 seconds left.
|
|t:|1702685563
|switch|p2a: Politoed|Politoed, M|100/100
|-weather|RainDance|[from] ability: Drizzle|[of] p2a: Politoed
|move|p1a: Scizor|Superpower|p2a: Politoed
|-damage|p2a: Politoed|52/100
|-unboost|p1a: Scizor|atk|1
|-unboost|p1a: Scizor|def|1
|
|-weather|RainDance|[upkeep]
|upkeep
|turn|2
|inactive|BookofConke has 120 seconds left.
|
|t:|1702685589
|switch|p2a: Tornadus|Tornadus, M|100/100
|switch|p1a: Celebi|Celebi|100/100
|
|-weather|RainDance|[upkeep]
|upkeep
|turn|3
|
|t:|1702685599
|switch|p1a: Tyranitar|Tyranitar, M|100/100
|-weather|Sandstorm|[from] ability: Sand Stream|[of] p1a: Tyranitar
|move|p2a: Tornadus|Hurricane|p1a: Tyranitar
|-resisted|p1a: Tyranitar
|-damage|p1a: Tyranitar|84/100
|
|-weather|Sandstorm|[upkeep]
|-damage|p2a: Tornadus|94/100|[from] Sandstorm
|upkeep
|turn|4
|
|t:|1702685608
|move|p2a: Tornadus|U-turn|p1a: Tyranitar
|-supereffective|p1a: Tyranitar
|-damage|p1a: Tyranitar|57/100
|
|t:|1702685616
|switch|p2a: Politoed|Politoed, M|52/100|[from] U-turn
|-weather|RainDance|[from] ability: Drizzle|[of] p2a: Politoed
|move|p1a: Tyranitar|Rock Slide|p2a: Politoed
|-damage|p2a: Politoed|19/100
|
|-weather|RainDance|[upkeep]
|upkeep
|turn|5
|inactive|BookofConke has 120 seconds left.
|
|t:|1702685635
|switch|p1a: Celebi|Celebi|100/100
|move|p2a: Politoed|Hydro Pump|p1a: Celebi|[miss]
|-miss|p2a: Politoed|p1a: Celebi
|
|-weather|RainDance|[upkeep]
|upkeep
|turn|6
|
|t:|1702685646
|switch|p2a: Ferrothorn|Ferrothorn, F|100/100
|move|p1a: Celebi|Baton Pass|p1a: Celebi
|
|t:|1702685657
|switch|p1a: Scizor|Scizor, M|100/100|[from] Baton Pass
|
|-weather|RainDance|[upkeep]
|upkeep
|turn|7
|inactive|BookofConke has 120 seconds left.
|
|t:|1702685671
|move|p1a: Scizor|Superpower|p2a: Ferrothorn
|-supereffective|p2a: Ferrothorn
|-damage|p2a: Ferrothorn|0 fnt
|-unboost|p1a: Scizor|atk|1
|-unboost|p1a: Scizor|def|1
|-damage|p1a: Scizor|88/100|[from] ability: Iron Barbs|[of] p2a: Ferrothorn
|faint|p2a: Ferrothorn
|
|-weather|RainDance|[upkeep]
|upkeep
|inactive|BookofConke has 120 seconds left.
|c|☆BookofConke|Oh wow
|c|☆BookofConke|I actually didn't think that would do it
|inactive|BookofConke has 90 seconds left.
|
|t:|1702685710
|switch|p2a: Tornadus|Tornadus, M|94/100
|turn|8
|
|t:|1702685721
|switch|p1a: Excadrill|Excadrill, F|100/100
|move|p2a: Tornadus|U-turn|p1a: Excadrill
|-resisted|p1a: Excadrill
|-damage|p1a: Excadrill|88/100
|
|t:|1702685727
|switch|p2a: Starmie|Starmie|100/100|[from] U-turn
|-item|p2a: Starmie|Air Balloon
|
|-weather|RainDance|[upkeep]
|-heal|p1a: Excadrill|94/100|[from] item: Leftovers
|upkeep
|turn|9
|
|t:|1702685742
|switch|p1a: Celebi|Celebi|100/100
|move|p2a: Starmie|Ice Beam|p1a: Celebi
|-supereffective|p1a: Celebi
|-damage|p1a: Celebi|56/100
|
|-weather|RainDance|[upkeep]
|-heal|p1a: Celebi|62/100|[from] item: Leftovers
|upkeep
|turn|10
|
|t:|1702685752
|switch|p2a: Kyurem|Kyurem-Black|100/100
|-ability|p2a: Kyurem|Teravolt
|move|p1a: Celebi|Recover|p1a: Celebi
|-heal|p1a: Celebi|100/100
|
|-weather|RainDance|[upkeep]
|upkeep
|turn|11
|inactive|the great gazump has 120 seconds left.
|
|t:|1702685795
|switch|p1a: Scizor|Scizor, M|88/100
|move|p2a: Kyurem|Outrage|p1a: Scizor
|-resisted|p1a: Scizor
|-damage|p1a: Scizor|31/100
|
|-weather|RainDance|[upkeep]
|upkeep
|turn|12
|
|t:|1702685803
|move|p1a: Scizor|Bullet Punch|p2a: Kyurem
|-supereffective|p2a: Kyurem
|-damage|p2a: Kyurem|22/100
|move|p2a: Kyurem|Outrage|p1a: Scizor|[from]lockedmove
|-resisted|p1a: Scizor
|-damage|p1a: Scizor|0 fnt
|faint|p1a: Scizor
|
|-weather|RainDance|[upkeep]
|upkeep
|inactive|the great gazump has 120 seconds left.
|
|t:|1702685810
|switch|p1a: Keldeo|Keldeo|100/100
|turn|13
|
|t:|1702685813
|move|p1a: Keldeo|Secret Sword|p2a: Kyurem
|-supereffective|p2a: Kyurem
|-damage|p2a: Kyurem|0 fnt
|faint|p2a: Kyurem
|
|-weather|RainDance|[upkeep]
|upkeep
|inactive|BookofConke has 120 seconds left.
|
|t:|1702685825
|switch|p2a: Tornadus|Tornadus, M|94/100
|turn|14
|inactive|BookofConke has 120 seconds left.
|
|t:|1702685839
|switch|p1a: Tyranitar|Tyranitar, M|57/100
|-weather|Sandstorm|[from] ability: Sand Stream|[of] p1a: Tyranitar
|move|p2a: Tornadus|Focus Blast|p1a: Tyranitar
|-supereffective|p1a: Tyranitar
|-enditem|p1a: Tyranitar|Chople Berry|[eat]
|-enditem|p1a: Tyranitar|Chople Berry|[weaken]
|-damage|p1a: Tyranitar|19/100
|
|-weather|Sandstorm|[upkeep]
|-damage|p2a: Tornadus|88/100|[from] Sandstorm
|upkeep
|turn|15
|inactive|BookofConke has 120 seconds left.
|
|t:|1702685863
|switch|p1a: Landorus|Landorus-Therian, M|100/100
|-ability|p1a: Landorus|Intimidate|boost
|-unboost|p2a: Tornadus|atk|1
|move|p2a: Tornadus|U-turn|p1a: Landorus
|-resisted|p1a: Landorus
|-damage|p1a: Landorus|95/100
|inactive|BookofConke has 120 seconds left.
|
|t:|1702685883
|switch|p2a: Starmie|Starmie|100/100|[from] U-turn
|-item|p2a: Starmie|Air Balloon
|
|-weather|Sandstorm|[upkeep]
|-damage|p2a: Starmie|94/100|[from] Sandstorm
|-heal|p1a: Landorus|100/100|[from] item: Leftovers
|upkeep
|turn|16
|
|t:|1702685897
|switch|p1a: Celebi|Celebi|100/100
|move|p2a: Starmie|Ice Beam|p1a: Celebi
|-supereffective|p1a: Celebi
|-damage|p1a: Celebi|53/100
|
|-weather|Sandstorm|[upkeep]
|-damage|p2a: Starmie|88/100|[from] Sandstorm
|-damage|p1a: Celebi|47/100|[from] Sandstorm
|-heal|p1a: Celebi|53/100|[from] item: Leftovers
|upkeep
|turn|17
|
|t:|1702685913
|move|p2a: Starmie|Ice Beam|p1a: Celebi
|-supereffective|p1a: Celebi
|-damage|p1a: Celebi|19/100
|move|p1a: Celebi|Recover|p1a: Celebi
|-heal|p1a: Celebi|69/100
|
|-weather|Sandstorm|[upkeep]
|-damage|p2a: Starmie|82/100|[from] Sandstorm
|-damage|p1a: Celebi|63/100|[from] Sandstorm
|-heal|p1a: Celebi|69/100|[from] item: Leftovers
|upkeep
|turn|18
|
|t:|1702685928
|switch|p2a: Tornadus|Tornadus, M|88/100
|move|p1a: Celebi|Recover|p1a: Celebi
|-heal|p1a: Celebi|100/100
|
|-weather|Sandstorm|[upkeep]
|-damage|p2a: Tornadus|82/100|[from] Sandstorm
|-damage|p1a: Celebi|94/100|[from] Sandstorm
|-heal|p1a: Celebi|100/100|[from] item: Leftovers
|upkeep
|turn|19
|
|t:|1702685950
|move|p2a: Tornadus|U-turn|p1a: Celebi
|-supereffective|p1a: Celebi
|-damage|p1a: Celebi|47/100
|
|t:|1702685954
|switch|p2a: Garchomp|Garchomp, M|100/100|[from] U-turn
|move|p1a: Celebi|Recover|p1a: Celebi
|-heal|p1a: Celebi|97/100
|
|-weather|Sandstorm|[upkeep]
|-damage|p1a: Celebi|91/100|[from] Sandstorm
|-heal|p1a: Celebi|97/100|[from] item: Leftovers
|upkeep
|turn|20
|inactive|BookofConke has 90 seconds left.
|l| sixsevn
|
|t:|1702686003
|switch|p2a: Starmie|Starmie|82/100
|-item|p2a: Starmie|Air Balloon
|switch|p1a: Landorus|Landorus-Therian, M|100/100
|-ability|p1a: Landorus|Intimidate|boost
|-unboost|p2a: Starmie|atk|1
|
|-weather|Sandstorm|[upkeep]
|-damage|p2a: Starmie|76/100|[from] Sandstorm
|upkeep
|turn|21
|j| decoy-tonsil
|inactive|BookofConke has 60 seconds left.
|
|t:|1702686025
|switch|p1a: Keldeo|Keldeo|100/100
|move|p2a: Starmie|Ice Beam|p1a: Keldeo
|-resisted|p1a: Keldeo
|-damage|p1a: Keldeo|79/100
|
|-weather|Sandstorm|[upkeep]
|-damage|p2a: Starmie|70/100|[from] Sandstorm
|-damage|p1a: Keldeo|72/100|[from] Sandstorm
|-heal|p1a: Keldeo|79/100|[from] item: Leftovers
|upkeep
|turn|22
|inactive|BookofConke has 60 seconds left.
|
|t:|1702686037
|switch|p1a: Celebi|Celebi|97/100
|move|p2a: Starmie|Thunder|p1a: Celebi|[miss]
|-miss|p2a: Starmie|p1a: Celebi
|
|-weather|Sandstorm|[upkeep]
|-damage|p2a: Starmie|64/100|[from] Sandstorm
|-damage|p1a: Celebi|91/100|[from] Sandstorm
|-heal|p1a: Celebi|97/100|[from] item: Leftovers
|upkeep
|turn|23
|
|t:|1702686046
|move|p2a: Starmie|Ice Beam|p1a: Celebi
|-supereffective|p1a: Celebi
|-damage|p1a: Celebi|62/100
|move|p1a: Celebi|Stealth Rock|p2a: Starmie
|-sidestart|p2: BookofConke|move: Stealth Rock
|
|-weather|Sandstorm|[upkeep]
|-damage|p2a: Starmie|58/100|[from] Sandstorm
|-damage|p1a: Celebi|56/100|[from] Sandstorm
|-heal|p1a: Celebi|62/100|[from] item: Leftovers
|upkeep
|turn|24
|
|t:|1702686060
|move|p2a: Starmie|Ice Beam|p1a: Celebi
|-supereffective|p1a: Celebi
|-damage|p1a: Celebi|24/100
|move|p1a: Celebi|Psychic|p2a: Starmie
|-resisted|p2a: Starmie
|-damage|p2a: Starmie|35/100
|-enditem|p2a: Starmie|Air Balloon
|
|-weather|Sandstorm|[upkeep]
|-damage|p2a: Starmie|28/100|[from] Sandstorm
|-damage|p1a: Celebi|18/100|[from] Sandstorm
|-heal|p1a: Celebi|24/100|[from] item: Leftovers
|upkeep
|turn|25
|
|t:|1702686086
|move|p2a: Starmie|Ice Beam|p1a: Celebi
|-supereffective|p1a: Celebi
|-damage|p1a: Celebi|0 fnt
|faint|p1a: Celebi
|
|-weather|Sandstorm|[upkeep]
|-damage|p2a: Starmie|22/100|[from] Sandstorm
|upkeep
|
|t:|1702686089
|switch|p1a: Keldeo|Keldeo|79/100
|turn|26
|
|t:|1702686105
|move|p1a: Keldeo|Protect|p1a: Keldeo
|-singleturn|p1a: Keldeo|Protect
|move|p2a: Starmie|Thunder|p1a: Keldeo
|-activate|p1a: Keldeo|move: Protect
|
|-weather|Sandstorm|[upkeep]
|-damage|p2a: Starmie|16/100|[from] Sandstorm
|-damage|p1a: Keldeo|72/100|[from] Sandstorm
|-heal|p1a: Keldeo|79/100|[from] item: Leftovers
|upkeep
|turn|27
|
|t:|1702686117
|switch|p1a: Landorus|Landorus-Therian, M|100/100
|-ability|p1a: Landorus|Intimidate|boost
|-unboost|p2a: Starmie|atk|1
|move|p2a: Starmie|Rapid Spin|p1a: Landorus
|-damage|p1a: Landorus|98/100
|-sideend|p2: BookofConke|Stealth Rock|[from] move: Rapid Spin|[of] p2a: Starmie
|
|-weather|Sandstorm|[upkeep]
|-damage|p2a: Starmie|10/100|[from] Sandstorm
|-heal|p1a: Landorus|100/100|[from] item: Leftovers
|upkeep
|turn|28
|c|☆the great gazump|nice
|c|☆the great gazump|gg
|inactive|BookofConke has 60 seconds left.
|
|t:|1702686143
|switch|p1a: Keldeo|Keldeo|79/100
|move|p2a: Starmie|Ice Beam|p1a: Keldeo
|-resisted|p1a: Keldeo
|-damage|p1a: Keldeo|59/100
|
|-weather|Sandstorm|[upkeep]
|-damage|p2a: Starmie|4/100|[from] Sandstorm
|-damage|p1a: Keldeo|53/100|[from] Sandstorm
|-heal|p1a: Keldeo|59/100|[from] item: Leftovers
|upkeep
|turn|29
|c|☆the great gazump|threw away sciz too early, didnt realise i was scarfless on this lol
|inactive|BookofConke has 60 seconds left.
|
|t:|1702686159
|move|p1a: Keldeo|Protect|p1a: Keldeo
|-singleturn|p1a: Keldeo|Protect
|move|p2a: Starmie|Hydro Pump|p1a: Keldeo
|-activate|p1a: Keldeo|move: Protect
|
|-weather|Sandstorm|[upkeep]
|-damage|p2a: Starmie|0 fnt|[from] Sandstorm
|-damage|p1a: Keldeo|53/100|[from] Sandstorm
|faint|p2a: Starmie
|-heal|p1a: Keldeo|59/100|[from] item: Leftovers
|upkeep
|c|☆the great gazump|well actually you have to hit lots now
|
|t:|1702686181
|switch|p2a: Politoed|Politoed, M|19/100
|-weather|RainDance|[from] ability: Drizzle|[of] p2a: Politoed
|turn|30
|
|t:|1702686193
|switch|p2a: Garchomp|Garchomp, M|100/100
|move|p1a: Keldeo|Scald|p2a: Garchomp
|-damage|p2a: Garchomp|36/100
|
|-weather|RainDance|[upkeep]
|-heal|p1a: Keldeo|66/100|[from] item: Leftovers
|upkeep
|turn|31
|inactive|BookofConke has 30 seconds left.
|
|t:|1702686214
|switch|p1a: Landorus|Landorus-Therian, M|100/100
|-ability|p1a: Landorus|Intimidate|boost
|-unboost|p2a: Garchomp|atk|1
|move|p2a: Garchomp|Outrage|p1a: Landorus
|-damage|p1a: Landorus|58/100
|
|-weather|RainDance|[upkeep]
|-heal|p1a: Landorus|64/100|[from] item: Leftovers
|upkeep
|turn|32
|
|t:|1702686224
|move|p2a: Garchomp|Outrage|p1a: Landorus|[from]lockedmove
|-damage|p1a: Landorus|26/100
|move|p1a: Landorus|Hidden Power|p2a: Garchomp
|-supereffective|p2a: Garchomp
|-damage|p2a: Garchomp|0 fnt
|faint|p2a: Garchomp
|
|-weather|RainDance|[upkeep]
|-heal|p1a: Landorus|32/100|[from] item: Leftovers
|upkeep
|inactive|BookofConke has 30 seconds left.
|
|t:|1702686236
|switch|p2a: Tornadus|Tornadus, M|82/100
|turn|33
|
|t:|1702686243
|move|p2a: Tornadus|Hurricane|p1a: Landorus
|-damage|p1a: Landorus|0 fnt
|faint|p1a: Landorus
|
|-weather|RainDance|[upkeep]
|upkeep
|
|t:|1702686245
|switch|p1a: Tyranitar|Tyranitar, M|19/100
|-weather|Sandstorm|[from] ability: Sand Stream|[of] p1a: Tyranitar
|turn|34
|
|t:|1702686262
|switch|p1a: Excadrill|Excadrill, F|94/100
|move|p2a: Tornadus|U-turn|p1a: Excadrill
|-resisted|p1a: Excadrill
|-damage|p1a: Excadrill|82/100
|
|t:|1702686267
|switch|p2a: Politoed|Politoed, M|19/100|[from] U-turn
|-weather|RainDance|[from] ability: Drizzle|[of] p2a: Politoed
|
|-weather|RainDance|[upkeep]
|-heal|p1a: Excadrill|88/100|[from] item: Leftovers
|upkeep
|turn|35
|inactive|the great gazump has 120 seconds left.
|
|t:|1702686303
|move|p1a: Excadrill|Earthquake|p2a: Politoed
|-damage|p2a: Politoed|0 fnt
|faint|p2a: Politoed
|
|-weather|RainDance|[upkeep]
|-heal|p1a: Excadrill|94/100|[from] item: Leftovers
|upkeep
|
|t:|1702686309
|switch|p2a: Tornadus|Tornadus, M|82/100
|turn|36
|
|t:|1702686313
|switch|p1a: Tyranitar|Tyranitar, M|19/100
|-weather|Sandstorm|[from] ability: Sand Stream|[of] p1a: Tyranitar
|move|p2a: Tornadus|Focus Blast|p1a: Tyranitar
|-supereffective|p1a: Tyranitar
|-damage|p1a: Tyranitar|0 fnt
|faint|p1a: Tyranitar
|
|-weather|Sandstorm|[upkeep]
|-damage|p2a: Tornadus|76/100|[from] Sandstorm
|upkeep
|
|t:|1702686315
|switch|p1a: Keldeo|Keldeo|66/100
|turn|37
|inactive|BookofConke has 60 seconds left.
|
|t:|1702686325
|move|p1a: Keldeo|Protect|p1a: Keldeo
|-singleturn|p1a: Keldeo|Protect
|move|p2a: Tornadus|Hurricane|p1a: Keldeo
|-activate|p1a: Keldeo|move: Protect
|
|-weather|Sandstorm|[upkeep]
|-damage|p2a: Tornadus|70/100|[from] Sandstorm
|-damage|p1a: Keldeo|59/100|[from] Sandstorm
|-heal|p1a: Keldeo|66/100|[from] item: Leftovers
|upkeep
|turn|38
|
|t:|1702686334
|move|p2a: Tornadus|Hurricane|p1a: Keldeo|[miss]
|-miss|p2a: Tornadus|p1a: Keldeo
|move|p1a: Keldeo|Scald|p2a: Tornadus
|-damage|p2a: Tornadus|8/100
|
|-weather|Sandstorm|[upkeep]
|-damage|p2a: Tornadus|2/100|[from] Sandstorm
|-damage|p1a: Keldeo|59/100|[from] Sandstorm
|-heal|p1a: Keldeo|66/100|[from] item: Leftovers
|upkeep
|turn|39
|c|☆BookofConke|gg
|c|☆the great gazump|gg
|
|t:|1702686343
|move|p1a: Keldeo|Protect|p1a: Keldeo
|-singleturn|p1a: Keldeo|Protect
|move|p2a: Tornadus|Hurricane|p1a: Keldeo
|-activate|p1a: Keldeo|move: Protect
|
|-weather|Sandstorm|[upkeep]
|-damage|p2a: Tornadus|0 fnt|[from] Sandstorm
|-damage|p1a: Keldeo|59/100|[from] Sandstorm
|faint|p2a: Tornadus
|
|win|the great gazump
|upkeep
|raw|the great gazump's rating: 1536 &rarr; <strong>1554</strong><br />(+18 for winning)
|raw|BookofConke's rating: 1500 &rarr; <strong>1482</strong><br />(-18 for losing)
|c|☆the great gazump|so was a coinflip in the end
|c|☆the great gazump|had to hit both
|c|☆the great gazump|close one
|c|☆BookofConke|I still could have played a lot better
|l| decoy-tonsil
|c|☆the great gazump|the uturn vs hurricane turns are pretty tough
|c|☆the great gazump|you probably had to go hard torn on my excadrill turn 35
|c|☆the great gazump|i cant ko in rain
|c|☆the great gazump|but idk
|c|☆the great gazump|would still need to hit focuses
|l|☆the great gazump
|c|☆BookofConke|I was debating whether or not to but for some reason I talked myself into that you'd go for Iron Head and that would be bad for me
