|j|☆Funbot28
|j|☆BahamutLagoon
|player|p1|Funbot28|#funbot28|1363
|player|p2|BahamutLagoon|n|1327
|teamsize|p1|6
|teamsize|p2|6
|gametype|singles
|gen|5
|tier|[Gen 5] OU
|rated|
|clearpoke
|poke|p1|Politoed, M|item
|poke|p1|Tentacruel, M|item
|poke|p1|Ferrothorn, M|item
|poke|p1|Keldeo-Resolute|item
|poke|p1|Thundurus-Therian, M|item
|poke|p1|Latios, M|item
|poke|p2|Hippowdon, F|item
|poke|p2|Gengar, M|item
|poke|p2|Ferrothorn, F|item
|poke|p2|Latios, M|item
|poke|p2|Excadrill, F|item
|poke|p2|Rotom-Wash|item
|rule|Species Clause: Limit one of each Pokémon
|rule|OHKO Clause: OHKO moves are banned
|rule|Moody Clause: Moody is banned
|rule|Evasion Moves Clause: Evasion moves are banned
|rule|Endless Battle Clause: Forcing endless battles is banned
|rule|HP Percentage Mod: HP is shown in percentages
|rule|Evasion Abilities Clause: Evasion abilities are banned
|rule|Baton Pass Clause: Limit one Baton Passer, can't pass Spe and other stats simultaneously
|rule|Sleep Clause: Sleep-inducing moves are banned
|rule|Swagger Clause: Swagger is banned
|teampreview
|inactive|Battle timer is ON: inactive players will automatically lose when time's up. (requested by Funbot28)
|
|start
|switch|p1a: Ferrothorn|Ferrothorn, M|100/100
|switch|p2a: Rotom|Rotom-Wash|100/100
|turn|1
|
|move|p2a: Rotom|Will-O-Wisp|p1a: Ferrothorn
|-status|p1a: Ferrothorn|brn
|move|p1a: Ferrothorn|Stealth Rock|p2a: Rotom
|-sidestart|p2: BahamutLagoon|move: Stealth Rock
|
|-damage|p1a: Ferrothorn|88/100 brn|[from] brn
|upkeep
|turn|2
|
|move|p2a: Rotom|Volt Switch|p1a: Ferrothorn
|-resisted|p1a: Ferrothorn
|-damage|p1a: Ferrothorn|79/100 brn
|
|switch|p2a: Ferrothorn|Ferrothorn, F|100/100|[from]move: Volt Switch
|-damage|p2a: Ferrothorn|94/100|[from] Stealth Rock
|move|p1a: Ferrothorn|Spikes|p2a: Ferrothorn
|-sidestart|p2: BahamutLagoon|Spikes
|
|-heal|p1a: Ferrothorn|85/100 brn|[from] item: Leftovers
|-heal|p2a: Ferrothorn|100/100|[from] item: Leftovers
|-damage|p1a: Ferrothorn|72/100 brn|[from] brn
|upkeep
|turn|3
|
|switch|p1a: Politoed|Politoed, M|100/100
|-weather|RainDance|[from] ability: Drizzle|[of] p1a: Politoed
|move|p2a: Ferrothorn|Spikes|p1a: Politoed
|-sidestart|p1: Funbot28|Spikes
|
|-weather|RainDance|[upkeep]
|upkeep
|turn|4
|
|switch|p1a: Thundurus|Thundurus-Therian, M|100/100
|move|p2a: Ferrothorn|Power Whip|p1a: Thundurus
|-resisted|p1a: Thundurus
|-crit|p1a: Thundurus
|-damage|p1a: Thundurus|43/100
|
|-weather|RainDance|[upkeep]
|-heal|p1a: Thundurus|49/100|[from] item: Leftovers
|upkeep
|turn|5
|
|move|p1a: Thundurus|Substitute|p1a: Thundurus
|-start|p1a: Thundurus|Substitute
|-damage|p1a: Thundurus|24/100
|move|p2a: Ferrothorn|Leech Seed||[still]
|-fail|p2a: Ferrothorn
|
|-weather|RainDance|[upkeep]
|-heal|p1a: Thundurus|30/100|[from] item: Leftovers
|upkeep
|turn|6
|
|move|p1a: Thundurus|Focus Blast|p2a: Ferrothorn
|-supereffective|p2a: Ferrothorn
|-damage|p2a: Ferrothorn|41/100
|move|p2a: Ferrothorn|Power Whip|p1a: Thundurus|[miss]
|-miss|p2a: Ferrothorn|p1a: Thundurus
|
|-weather|RainDance|[upkeep]
|-heal|p1a: Thundurus|36/100|[from] item: Leftovers
|-heal|p2a: Ferrothorn|48/100|[from] item: Leftovers
|upkeep
|turn|7
|
|move|p1a: Thundurus|Focus Blast|p2a: Ferrothorn|[miss]
|-miss|p1a: Thundurus|p2a: Ferrothorn
|move|p2a: Ferrothorn|Power Whip|p1a: Thundurus|[miss]
|-miss|p2a: Ferrothorn|p1a: Thundurus
|
|-weather|RainDance|[upkeep]
|-heal|p1a: Thundurus|42/100|[from] item: Leftovers
|-heal|p2a: Ferrothorn|54/100|[from] item: Leftovers
|upkeep
|turn|8
|
|switch|p2a: Hippowdon|Hippowdon, F|100/100
|-damage|p2a: Hippowdon|88/100|[from] Spikes
|-damage|p2a: Hippowdon|82/100|[from] Stealth Rock
|-weather|Sandstorm|[from] ability: Sand Stream|[of] p2a: Hippowdon
|move|p1a: Thundurus|Focus Blast|p2a: Hippowdon
|-damage|p2a: Hippowdon|38/100
|
|-weather|Sandstorm|[upkeep]
|-damage|p1a: Thundurus|36/100|[from] Sandstorm
|-heal|p1a: Thundurus|42/100|[from] item: Leftovers
|-heal|p2a: Hippowdon|44/100|[from] item: Leftovers
|upkeep
|turn|9
|
|switch|p2a: Rotom|Rotom-Wash|100/100
|-damage|p2a: Rotom|88/100|[from] Stealth Rock
|move|p1a: Thundurus|Hidden Power|p2a: Rotom
|-resisted|p2a: Rotom
|-damage|p2a: Rotom|79/100
|
|-weather|Sandstorm|[upkeep]
|-damage|p1a: Thundurus|36/100|[from] Sandstorm
|-damage|p2a: Rotom|73/100|[from] Sandstorm
|-heal|p1a: Thundurus|42/100|[from] item: Leftovers
|-heal|p2a: Rotom|79/100|[from] item: Leftovers
|upkeep
|turn|10
|
|move|p1a: Thundurus|Thunder|p2a: Rotom
|-damage|p2a: Rotom|31/100
|-status|p2a: Rotom|par
|move|p2a: Rotom|Hydro Pump|p1a: Thundurus
|-end|p1a: Thundurus|Substitute
|
|-weather|Sandstorm|[upkeep]
|-damage|p1a: Thundurus|36/100|[from] Sandstorm
|-damage|p2a: Rotom|25/100 par|[from] Sandstorm
|-heal|p1a: Thundurus|42/100|[from] item: Leftovers
|-heal|p2a: Rotom|31/100 par|[from] item: Leftovers
|upkeep
|turn|11
|
|move|p1a: Thundurus|Thunder|p2a: Rotom
|-damage|p2a: Rotom|0 fnt
|faint|p2a: Rotom
|
|-weather|Sandstorm|[upkeep]
|-damage|p1a: Thundurus|36/100|[from] Sandstorm
|-heal|p1a: Thundurus|42/100|[from] item: Leftovers
|upkeep
|
|switch|p2a: Latios|Latios, M|100/100
|-damage|p2a: Latios|88/100|[from] Stealth Rock
|turn|12
|
|switch|p1a: Ferrothorn|Ferrothorn, M|72/100 brn
|-damage|p1a: Ferrothorn|60/100 brn|[from] Spikes
|move|p2a: Latios|Draco Meteor|p1a: Ferrothorn
|-resisted|p1a: Ferrothorn
|-damage|p1a: Ferrothorn|32/100 brn
|-unboost|p2a: Latios|spa|2
|
|-weather|Sandstorm|[upkeep]
|-damage|p2a: Latios|82/100|[from] Sandstorm
|-heal|p1a: Ferrothorn|38/100 brn|[from] item: Leftovers
|-damage|p1a: Ferrothorn|25/100 brn|[from] brn
|upkeep
|turn|13
|
|switch|p2a: Excadrill|Excadrill, F|100/100
|-damage|p2a: Excadrill|97/100|[from] Stealth Rock
|-damage|p2a: Excadrill|85/100|[from] Spikes
|-ability|p2a: Excadrill|Mold Breaker
|switch|p1a: Politoed|Politoed, M|100/100
|-damage|p1a: Politoed|88/100|[from] Spikes
|-weather|RainDance|[from] ability: Drizzle|[of] p1a: Politoed
|
|-weather|RainDance|[upkeep]
|-heal|p2a: Excadrill|91/100|[from] item: Leftovers
|-heal|p1a: Politoed|94/100|[from] item: Leftovers
|upkeep
|turn|14
|
|move|p2a: Excadrill|Protect|p2a: Excadrill
|-singleturn|p2a: Excadrill|Protect
|move|p1a: Politoed|Scald|p2a: Excadrill
|-activate|p2a: Excadrill|move: Protect
|
|-weather|RainDance|[upkeep]
|-heal|p2a: Excadrill|97/100|[from] item: Leftovers
|-heal|p1a: Politoed|99/100|[from] item: Leftovers
|upkeep
|turn|15
|
|switch|p2a: Ferrothorn|Ferrothorn, F|54/100
|-damage|p2a: Ferrothorn|48/100|[from] Stealth Rock
|-damage|p2a: Ferrothorn|35/100|[from] Spikes
|move|p1a: Politoed|Scald|p2a: Ferrothorn
|-resisted|p2a: Ferrothorn
|-damage|p2a: Ferrothorn|22/100
|
|-weather|RainDance|[upkeep]
|-heal|p1a: Politoed|100/100|[from] item: Leftovers
|-heal|p2a: Ferrothorn|28/100|[from] item: Leftovers
|upkeep
|turn|16
|
|switch|p1a: Tentacruel|Tentacruel, M|100/100
|-damage|p1a: Tentacruel|88/100|[from] Spikes
|move|p2a: Ferrothorn|Leech Seed|p1a: Tentacruel
|-start|p1a: Tentacruel|move: Leech Seed
|
|-weather|RainDance|[upkeep]
|-heal|p1a: Tentacruel|94/100|[from] ability: Rain Dish
|-heal|p1a: Tentacruel|100/100|[from] item: Black Sludge
|-heal|p2a: Ferrothorn|34/100|[from] item: Leftovers
|-damage|p1a: Tentacruel|88/100|[from] Leech Seed|[of] p2a: Ferrothorn
|-heal|p2a: Ferrothorn|47/100|[silent]
|upkeep
|turn|17
|
|switch|p1a: Thundurus|Thundurus-Therian, M|42/100
|move|p2a: Ferrothorn|Knock Off|p1a: Thundurus
|-damage|p1a: Thundurus|36/100
|-enditem|p1a: Thundurus|Leftovers|[from] move: Knock Off|[of] p2a: Ferrothorn
|
|-weather|RainDance|[upkeep]
|-heal|p2a: Ferrothorn|53/100|[from] item: Leftovers
|upkeep
|turn|18
|
|move|p1a: Thundurus|Focus Blast|p2a: Ferrothorn
|-supereffective|p2a: Ferrothorn
|-damage|p2a: Ferrothorn|0 fnt
|faint|p2a: Ferrothorn
|
|-weather|RainDance|[upkeep]
|upkeep
|j| pinkdragontamer
|
|switch|p2a: Latios|Latios, M|82/100
|-damage|p2a: Latios|70/100|[from] Stealth Rock
|turn|19
|
|switch|p1a: Ferrothorn|Ferrothorn, M|25/100 brn
|-damage|p1a: Ferrothorn|13/100 brn|[from] Spikes
|move|p2a: Latios|Draco Meteor|p1a: Ferrothorn
|-resisted|p1a: Ferrothorn
|-damage|p1a: Ferrothorn|0 fnt
|-unboost|p2a: Latios|spa|2
|faint|p1a: Ferrothorn
|
|-weather|RainDance|[upkeep]
|upkeep
|
|switch|p1a: Latios|Latios, M|100/100
|turn|20
|l| pinkdragontamer
|
|switch|p2a: Excadrill|Excadrill, F|97/100
|-damage|p2a: Excadrill|94/100|[from] Stealth Rock
|-damage|p2a: Excadrill|82/100|[from] Spikes
|-ability|p2a: Excadrill|Mold Breaker
|move|p1a: Latios|Draco Meteor|p2a: Excadrill
|-resisted|p2a: Excadrill
|-damage|p2a: Excadrill|41/100
|-unboost|p1a: Latios|spa|2
|
|-weather|RainDance|[upkeep]
|-heal|p2a: Excadrill|47/100|[from] item: Leftovers
|upkeep
|turn|21
|
|switch|p1a: Keldeo|Keldeo-Resolute|100/100
|-damage|p1a: Keldeo|88/100|[from] Spikes
|move|p2a: Excadrill|Rapid Spin|p1a: Keldeo
|-damage|p1a: Keldeo|78/100
|-sideend|p2: BahamutLagoon|Spikes|[from] move: Rapid Spin|[of] p2a: Excadrill
|-sideend|p2: BahamutLagoon|Stealth Rock|[from] move: Rapid Spin|[of] p2a: Excadrill
|
|-weather|RainDance|[upkeep]
|-heal|p2a: Excadrill|53/100|[from] item: Leftovers
|upkeep
|turn|22
|
|move|p2a: Excadrill|Protect|p2a: Excadrill
|-singleturn|p2a: Excadrill|Protect
|move|p1a: Keldeo|Hydro Pump|p2a: Excadrill
|-activate|p2a: Excadrill|move: Protect
|
|-weather|RainDance|[upkeep]
|-heal|p2a: Excadrill|59/100|[from] item: Leftovers
|upkeep
|turn|23
|
|switch|p2a: Latios|Latios, M|70/100
|move|p1a: Keldeo|Hydro Pump|p2a: Latios
|-resisted|p2a: Latios
|-damage|p2a: Latios|2/100
|
|-weather|RainDance|[upkeep]
|upkeep
|turn|24
|
|switch|p1a: Tentacruel|Tentacruel, M|88/100
|-damage|p1a: Tentacruel|76/100|[from] Spikes
|move|p2a: Latios|Psychic|p1a: Tentacruel
|-supereffective|p1a: Tentacruel
|-damage|p1a: Tentacruel|0 fnt
|faint|p1a: Tentacruel
|
|-weather|RainDance|[upkeep]
|upkeep
|
|switch|p1a: Latios|Latios, M|100/100
|turn|25
|
|switch|p2a: Hippowdon|Hippowdon, F|44/100
|-weather|Sandstorm|[from] ability: Sand Stream|[of] p2a: Hippowdon
|move|p1a: Latios|Surf|p2a: Hippowdon
|-supereffective|p2a: Hippowdon
|-damage|p2a: Hippowdon|0 fnt
|faint|p2a: Hippowdon
|
|-weather|Sandstorm|[upkeep]
|-damage|p1a: Latios|95/100|[from] Sandstorm
|upkeep
|
|switch|p2a: Gengar|Gengar, M|100/100
|turn|26
|
|switch|p1a: Politoed|Politoed, M|100/100
|-damage|p1a: Politoed|88/100|[from] Spikes
|-weather|RainDance|[from] ability: Drizzle|[of] p1a: Politoed
|move|p2a: Gengar|Protect||[still]
|-fail|p2a: Gengar
|
|-weather|RainDance|[upkeep]
|-heal|p1a: Politoed|94/100|[from] item: Leftovers
|upkeep
|turn|27
|
|move|p2a: Gengar|Shadow Ball|p1a: Politoed
|-damage|p1a: Politoed|62/100
|move|p1a: Politoed|Scald|p2a: Gengar
|-damage|p2a: Gengar|46/100
|-status|p2a: Gengar|brn
|
|-weather|RainDance|[upkeep]
|-heal|p2a: Gengar|52/100 brn|[from] item: Black Sludge
|-heal|p1a: Politoed|68/100|[from] item: Leftovers
|-damage|p2a: Gengar|40/100 brn|[from] brn
|upkeep
|turn|28
|
|move|p2a: Gengar|Protect|p2a: Gengar
|-singleturn|p2a: Gengar|Protect
|move|p1a: Politoed|Scald|p2a: Gengar
|-activate|p2a: Gengar|move: Protect
|
|-weather|RainDance|[upkeep]
|-heal|p2a: Gengar|46/100 brn|[from] item: Black Sludge
|-heal|p1a: Politoed|74/100|[from] item: Leftovers
|-damage|p2a: Gengar|33/100 brn|[from] brn
|upkeep
|turn|29
|
|move|p2a: Gengar|Shadow Ball|p1a: Politoed
|-damage|p1a: Politoed|45/100
|-unboost|p1a: Politoed|spd|1
|move|p1a: Politoed|Scald|p2a: Gengar
|-damage|p2a: Gengar|0 fnt
|faint|p2a: Gengar
|
|-weather|RainDance|[upkeep]
|-heal|p1a: Politoed|51/100|[from] item: Leftovers
|upkeep
|
|switch|p2a: Latios|Latios, M|2/100
|turn|30
|inactive|Funbot28 has 120 seconds left.
|j| theteamthatloses
|inactive|Funbot28 has 90 seconds left.
|
|move|p2a: Latios|Draco Meteor|p1a: Politoed
|-damage|p1a: Politoed|0 fnt
|-unboost|p2a: Latios|spa|2
|faint|p1a: Politoed
|
|-weather|RainDance|[upkeep]
|upkeep
|
|switch|p1a: Latios|Latios, M|95/100
|turn|31
|
|switch|p2a: Excadrill|Excadrill, F|59/100
|-ability|p2a: Excadrill|Mold Breaker
|move|p1a: Latios|Surf|p2a: Excadrill
|-supereffective|p2a: Excadrill
|-damage|p2a: Excadrill|0 fnt
|faint|p2a: Excadrill
|
|-weather|RainDance|[upkeep]
|upkeep
|c|☆Funbot28|gg
|
|switch|p2a: Latios|Latios, M|2/100
|turn|32
|c|☆BahamutLagoon|gg
|
|move|p2a: Latios|Draco Meteor|p1a: Latios
|-supereffective|p1a: Latios
|-damage|p1a: Latios|0 fnt
|-unboost|p2a: Latios|spa|2
|faint|p1a: Latios
|
|-weather|RainDance|[upkeep]
|upkeep
|
|switch|p1a: Keldeo|Keldeo-Resolute|78/100
|-damage|p1a: Keldeo|66/100|[from] Spikes
|turn|33
|
|move|p2a: Latios|Draco Meteor|p1a: Keldeo
|-damage|p1a: Keldeo|26/100
|-unboost|p2a: Latios|spa|2
|move|p1a: Keldeo|Secret Sword|p2a: Latios
|-resisted|p2a: Latios
|-damage|p2a: Latios|0 fnt
|faint|p2a: Latios
|
|win|Funbot28
|raw|Funbot28's rating: 1380 &rarr; <strong>1397</strong><br />(+17 for winning)
|raw|BahamutLagoon's rating: 1327 &rarr; <strong>1310</strong><br />(-17 for losing)
|l|☆BahamutLagoon
|j|☆BahamutLagoon
|player|p2|BahamutLagoon|n
|l| theteamthatloses
