|j|☆redwithredstripes
|j|☆UnumGenus
|t:|1722970777
|gametype|singles
|player|p1|redwithredstripes|shauntal|1342
|player|p2|UnumGenus|fisherman-gen4|1591
|teamsize|p1|6
|teamsize|p2|6
|gen|5
|tier|[Gen 5] OU
|rated|
|rule|Species Clause: Limit one of each Pokémon
|rule|OHKO Clause: OHKO moves are banned
|rule|Moody Clause: Moody is banned
|rule|Evasion Items Clause: Evasion items are banned
|rule|Evasion Moves Clause: Evasion moves are banned
|rule|Endless Battle Clause: Forcing endless battles is banned
|rule|HP Percentage Mod: HP is shown in percentages
|rule|Evasion Abilities Clause: Evasion abilities are banned
|rule|Sleep Moves Clause: Sleep-inducing moves are banned
|rule|Swagger Clause: Swagger is banned
|rule|Baton Pass Stat Clause: No Baton Passer may have a way to boost its stats
|clearpoke
|poke|p1|Scizor, M|item
|poke|p1|Excadrill, M|item
|poke|p1|Latios, M|item
|poke|p1|Jellicent, F|item
|poke|p1|Weavile, F|item
|poke|p1|Heatran, F|item
|poke|p2|Terrakion|item
|poke|p2|Infernape, M|item
|poke|p2|Keldeo|item
|poke|p2|Lucario, M|item
|poke|p2|Scrafty, F|item
|poke|p2|Conkeldurr, F|item
|teampreview
|inactive|Battle timer is ON: inactive players will automatically lose when time's up. (requested by UnumGenus)
|
|t:|1722970786
|start
|switch|p1a: Scizor|Scizor, M|100/100
|switch|p2a: Infernape|Infernape, M, shiny|100/100
|turn|1
|
|t:|1722970793
|switch|p1a: Jellicent|Jellicent, F|100/100
|move|p2a: Infernape|Stealth Rock|p1a: Jellicent
|-sidestart|p1: redwithredstripes|move: Stealth Rock
|
|upkeep
|turn|2
|
|t:|1722970798
|switch|p2a: Conkeldurr|Conkeldurr, F|100/100
|move|p1a: Jellicent|Scald|p2a: Conkeldurr
|-damage|p2a: Conkeldurr|78/100
|-status|p2a: Conkeldurr|brn
|
|-heal|p2a: Conkeldurr|85/100 brn|[from] item: Leftovers
|-damage|p2a: Conkeldurr|72/100 brn|[from] brn
|upkeep
|turn|3
|
|t:|1722970813
|move|p1a: Jellicent|Scald|p2a: Conkeldurr
|-damage|p2a: Conkeldurr|48/100 brn
|move|p2a: Conkeldurr|Bulk Up|p2a: Conkeldurr
|-boost|p2a: Conkeldurr|atk|1
|-boost|p2a: Conkeldurr|def|1
|
|-heal|p2a: Conkeldurr|54/100 brn|[from] item: Leftovers
|-damage|p2a: Conkeldurr|42/100 brn|[from] brn
|upkeep
|turn|4
|
|t:|1722970822
|move|p1a: Jellicent|Scald|p2a: Conkeldurr
|-crit|p2a: Conkeldurr
|-damage|p2a: Conkeldurr|0 fnt
|faint|p2a: Conkeldurr
|
|upkeep
|
|t:|1722970829
|switch|p2a: Scrafty|Scrafty, F|100/100
|turn|5
|
|t:|1722970836
|switch|p1a: Scizor|Scizor, M|100/100
|-damage|p1a: Scizor|88/100|[from] Stealth Rock
|move|p2a: Scrafty|Dragon Dance|p2a: Scrafty
|-boost|p2a: Scrafty|atk|1
|-boost|p2a: Scrafty|spe|1
|
|upkeep
|turn|6
|
|t:|1722970844
|move|p2a: Scrafty|Drain Punch|p1a: Scizor
|-damage|p1a: Scizor|27/100
|move|p1a: Scizor|Superpower|p2a: Scrafty
|-supereffective|p2a: Scrafty
|-damage|p2a: Scrafty|0 fnt
|-unboost|p1a: Scizor|atk|1
|-unboost|p1a: Scizor|def|1
|faint|p2a: Scrafty
|
|upkeep
|
|t:|1722970860
|switch|p2a: Keldeo|Keldeo|100/100
|turn|7
|
|t:|1722970866
|switch|p1a: Jellicent|Jellicent, F|100/100
|-damage|p1a: Jellicent|88/100|[from] Stealth Rock
|move|p2a: Keldeo|Substitute|p2a: Keldeo
|-start|p2a: Keldeo|Substitute
|-damage|p2a: Keldeo|76/100
|
|-heal|p2a: Keldeo|82/100|[from] item: Leftovers
|-heal|p1a: Jellicent|94/100|[from] item: Leftovers
|upkeep
|turn|8
|
|t:|1722970874
|move|p2a: Keldeo|Calm Mind|p2a: Keldeo
|-boost|p2a: Keldeo|spa|1
|-boost|p2a: Keldeo|spd|1
|move|p1a: Jellicent|Shadow Ball|p2a: Keldeo
|-activate|p2a: Keldeo|Substitute|[damage]
|
|-heal|p2a: Keldeo|88/100|[from] item: Leftovers
|-heal|p1a: Jellicent|100/100|[from] item: Leftovers
|upkeep
|turn|9
|
|t:|1722970883
|move|p2a: Keldeo|Calm Mind|p2a: Keldeo
|-boost|p2a: Keldeo|spa|1
|-boost|p2a: Keldeo|spd|1
|move|p1a: Jellicent|Shadow Ball|p2a: Keldeo
|-end|p2a: Keldeo|Substitute
|
|-heal|p2a: Keldeo|94/100|[from] item: Leftovers
|upkeep
|turn|10
|
|t:|1722970890
|move|p2a: Keldeo|Substitute|p2a: Keldeo
|-start|p2a: Keldeo|Substitute
|-damage|p2a: Keldeo|69/100
|move|p1a: Jellicent|Shadow Ball|p2a: Keldeo
|-activate|p2a: Keldeo|Substitute|[damage]
|
|-heal|p2a: Keldeo|76/100|[from] item: Leftovers
|upkeep
|turn|11
|
|t:|1722970897
|move|p2a: Keldeo|Calm Mind|p2a: Keldeo
|-boost|p2a: Keldeo|spa|1
|-boost|p2a: Keldeo|spd|1
|move|p1a: Jellicent|Shadow Ball|p2a: Keldeo
|-activate|p2a: Keldeo|Substitute|[damage]
|
|-heal|p2a: Keldeo|82/100|[from] item: Leftovers
|upkeep
|turn|12
|
|t:|1722970905
|move|p2a: Keldeo|Calm Mind|p2a: Keldeo
|-boost|p2a: Keldeo|spa|1
|-boost|p2a: Keldeo|spd|1
|move|p1a: Jellicent|Shadow Ball|p2a: Keldeo
|-end|p2a: Keldeo|Substitute
|
|-heal|p2a: Keldeo|88/100|[from] item: Leftovers
|upkeep
|turn|13
|
|t:|1722970912
|move|p2a: Keldeo|Substitute|p2a: Keldeo
|-start|p2a: Keldeo|Substitute
|-damage|p2a: Keldeo|63/100
|move|p1a: Jellicent|Shadow Ball|p2a: Keldeo
|-activate|p2a: Keldeo|Substitute|[damage]
|
|-heal|p2a: Keldeo|69/100|[from] item: Leftovers
|upkeep
|turn|14
|
|t:|1722970919
|move|p2a: Keldeo|Calm Mind|p2a: Keldeo
|-boost|p2a: Keldeo|spa|1
|-boost|p2a: Keldeo|spd|1
|move|p1a: Jellicent|Scald|p2a: Keldeo
|-resisted|p2a: Keldeo
|-activate|p2a: Keldeo|Substitute|[damage]
|
|-heal|p2a: Keldeo|76/100|[from] item: Leftovers
|upkeep
|turn|15
|
|t:|1722970927
|move|p2a: Keldeo|Calm Mind|p2a: Keldeo
|-boost|p2a: Keldeo|spa|1
|-boost|p2a: Keldeo|spd|1
|move|p1a: Jellicent|Scald|p2a: Keldeo
|-resisted|p2a: Keldeo
|-activate|p2a: Keldeo|Substitute|[damage]
|
|-heal|p2a: Keldeo|82/100|[from] item: Leftovers
|upkeep
|turn|16
|
|t:|1722970934
|move|p2a: Keldeo|Calm Mind|p2a: Keldeo
|-boost|p2a: Keldeo|spa|0
|-boost|p2a: Keldeo|spd|0
|move|p1a: Jellicent|Scald|p2a: Keldeo
|-resisted|p2a: Keldeo
|-activate|p2a: Keldeo|Substitute|[damage]
|
|-heal|p2a: Keldeo|88/100|[from] item: Leftovers
|upkeep
|turn|17
|
|t:|1722970942
|move|p2a: Keldeo|Calm Mind|p2a: Keldeo
|-boost|p2a: Keldeo|spa|0
|-boost|p2a: Keldeo|spd|0
|move|p1a: Jellicent|Toxic||[still]
|-fail|p1a: Jellicent
|
|-heal|p2a: Keldeo|94/100|[from] item: Leftovers
|upkeep
|turn|18
|
|t:|1722970949
|move|p2a: Keldeo|Calm Mind|p2a: Keldeo
|-boost|p2a: Keldeo|spa|0
|-boost|p2a: Keldeo|spd|0
|move|p1a: Jellicent|Toxic||[still]
|-fail|p1a: Jellicent
|
|-heal|p2a: Keldeo|100/100|[from] item: Leftovers
|upkeep
|turn|19
|
|t:|1722970955
|move|p2a: Keldeo|Calm Mind|p2a: Keldeo
|-boost|p2a: Keldeo|spa|0
|-boost|p2a: Keldeo|spd|0
|move|p1a: Jellicent|Toxic||[still]
|-fail|p1a: Jellicent
|
|upkeep
|turn|20
|
|t:|1722970961
|move|p2a: Keldeo|Calm Mind|p2a: Keldeo
|-boost|p2a: Keldeo|spa|0
|-boost|p2a: Keldeo|spd|0
|move|p1a: Jellicent|Toxic||[still]
|-fail|p1a: Jellicent
|
|upkeep
|turn|21
|
|t:|1722970966
|move|p2a: Keldeo|Calm Mind|p2a: Keldeo
|-boost|p2a: Keldeo|spa|0
|-boost|p2a: Keldeo|spd|0
|move|p1a: Jellicent|Toxic||[still]
|-fail|p1a: Jellicent
|
|upkeep
|turn|22
|
|t:|1722970971
|move|p2a: Keldeo|Calm Mind|p2a: Keldeo
|-boost|p2a: Keldeo|spa|0
|-boost|p2a: Keldeo|spd|0
|move|p1a: Jellicent|Toxic||[still]
|-fail|p1a: Jellicent
|
|upkeep
|turn|23
|
|t:|1722970976
|move|p2a: Keldeo|Calm Mind|p2a: Keldeo
|-boost|p2a: Keldeo|spa|0
|-boost|p2a: Keldeo|spd|0
|move|p1a: Jellicent|Toxic||[still]
|-fail|p1a: Jellicent
|
|upkeep
|turn|24
|
|t:|1722970982
|move|p2a: Keldeo|Calm Mind|p2a: Keldeo
|-boost|p2a: Keldeo|spa|0
|-boost|p2a: Keldeo|spd|0
|move|p1a: Jellicent|Toxic||[still]
|-fail|p1a: Jellicent
|
|upkeep
|turn|25
|
|t:|1722970987
|move|p2a: Keldeo|Calm Mind|p2a: Keldeo
|-boost|p2a: Keldeo|spa|0
|-boost|p2a: Keldeo|spd|0
|move|p1a: Jellicent|Toxic||[still]
|-fail|p1a: Jellicent
|
|upkeep
|turn|26
|
|t:|1722970992
|move|p2a: Keldeo|Calm Mind|p2a: Keldeo
|-boost|p2a: Keldeo|spa|0
|-boost|p2a: Keldeo|spd|0
|move|p1a: Jellicent|Toxic||[still]
|-fail|p1a: Jellicent
|
|upkeep
|turn|27
|
|t:|1722970998
|move|p2a: Keldeo|Calm Mind|p2a: Keldeo
|-boost|p2a: Keldeo|spa|0
|-boost|p2a: Keldeo|spd|0
|move|p1a: Jellicent|Toxic||[still]
|-fail|p1a: Jellicent
|
|upkeep
|turn|28
|
|t:|1722971003
|move|p2a: Keldeo|Calm Mind|p2a: Keldeo
|-boost|p2a: Keldeo|spa|0
|-boost|p2a: Keldeo|spd|0
|move|p1a: Jellicent|Toxic||[still]
|-fail|p1a: Jellicent
|
|upkeep
|turn|29
|
|t:|1722971009
|move|p2a: Keldeo|Calm Mind|p2a: Keldeo
|-boost|p2a: Keldeo|spa|0
|-boost|p2a: Keldeo|spd|0
|move|p1a: Jellicent|Toxic||[still]
|-fail|p1a: Jellicent
|
|upkeep
|turn|30
|
|t:|1722971014
|move|p2a: Keldeo|Calm Mind|p2a: Keldeo
|-boost|p2a: Keldeo|spa|0
|-boost|p2a: Keldeo|spd|0
|move|p1a: Jellicent|Toxic||[still]
|-fail|p1a: Jellicent
|
|upkeep
|turn|31
|
|t:|1722971019
|move|p2a: Keldeo|Calm Mind|p2a: Keldeo
|-boost|p2a: Keldeo|spa|0
|-boost|p2a: Keldeo|spd|0
|move|p1a: Jellicent|Toxic||[still]
|-fail|p1a: Jellicent
|
|upkeep
|turn|32
|
|t:|1722971025
|move|p2a: Keldeo|Calm Mind|p2a: Keldeo
|-boost|p2a: Keldeo|spa|0
|-boost|p2a: Keldeo|spd|0
|move|p1a: Jellicent|Toxic||[still]
|-fail|p1a: Jellicent
|
|upkeep
|turn|33
|
|t:|1722971030
|move|p2a: Keldeo|Calm Mind|p2a: Keldeo
|-boost|p2a: Keldeo|spa|0
|-boost|p2a: Keldeo|spd|0
|move|p1a: Jellicent|Shadow Ball|p2a: Keldeo
|-activate|p2a: Keldeo|Substitute|[damage]
|
|upkeep
|turn|34
|
|t:|1722971047
|move|p2a: Keldeo|Scald|p1a: Jellicent
|-immune|p1a: Jellicent|[from] ability: Water Absorb
|move|p1a: Jellicent|Shadow Ball|p2a: Keldeo
|-end|p2a: Keldeo|Substitute
|
|upkeep
|turn|35
|
|t:|1722971058
|move|p2a: Keldeo|Substitute|p2a: Keldeo
|-start|p2a: Keldeo|Substitute
|-damage|p2a: Keldeo|76/100
|move|p1a: Jellicent|Shadow Ball|p2a: Keldeo
|-activate|p2a: Keldeo|Substitute|[damage]
|
|-heal|p2a: Keldeo|82/100|[from] item: Leftovers
|upkeep
|turn|36
|
|t:|1722971065
|move|p2a: Keldeo|Calm Mind|p2a: Keldeo
|-boost|p2a: Keldeo|spa|0
|-boost|p2a: Keldeo|spd|0
|move|p1a: Jellicent|Shadow Ball|p2a: Keldeo
|-activate|p2a: Keldeo|Substitute|[damage]
|
|-heal|p2a: Keldeo|88/100|[from] item: Leftovers
|upkeep
|turn|37
|
|t:|1722971072
|move|p2a: Keldeo|Calm Mind|p2a: Keldeo
|-boost|p2a: Keldeo|spa|0
|-boost|p2a: Keldeo|spd|0
|move|p1a: Jellicent|Shadow Ball|p2a: Keldeo
|-activate|p2a: Keldeo|Substitute|[damage]
|
|-heal|p2a: Keldeo|94/100|[from] item: Leftovers
|upkeep
|turn|38
|
|t:|1722971080
|move|p2a: Keldeo|Calm Mind|p2a: Keldeo
|-boost|p2a: Keldeo|spa|0
|-boost|p2a: Keldeo|spd|0
|move|p1a: Jellicent|Shadow Ball|p2a: Keldeo
|-end|p2a: Keldeo|Substitute
|
|-heal|p2a: Keldeo|100/100|[from] item: Leftovers
|upkeep
|turn|39
|
|t:|1722971087
|move|p2a: Keldeo|Substitute|p2a: Keldeo
|-start|p2a: Keldeo|Substitute
|-damage|p2a: Keldeo|76/100
|move|p1a: Jellicent|Shadow Ball|p2a: Keldeo
|-crit|p2a: Keldeo
|-end|p2a: Keldeo|Substitute
|
|-heal|p2a: Keldeo|82/100|[from] item: Leftovers
|upkeep
|turn|40
|inactive|redwithredstripes has 120 seconds left.
|inactive|redwithredstripes has 90 seconds left.
|
|t:|1722971155
|move|p2a: Keldeo|Substitute|p2a: Keldeo
|-start|p2a: Keldeo|Substitute
|-damage|p2a: Keldeo|57/100
|move|p1a: Jellicent|Shadow Ball|p2a: Keldeo
|-activate|p2a: Keldeo|Substitute|[damage]
|
|-heal|p2a: Keldeo|63/100|[from] item: Leftovers
|upkeep
|turn|41
|
|t:|1722971162
|move|p2a: Keldeo|Calm Mind|p2a: Keldeo
|-boost|p2a: Keldeo|spa|0
|-boost|p2a: Keldeo|spd|0
|move|p1a: Jellicent|Shadow Ball|p2a: Keldeo
|-activate|p2a: Keldeo|Substitute|[damage]
|
|-heal|p2a: Keldeo|69/100|[from] item: Leftovers
|upkeep
|turn|42
|
|t:|1722971170
|move|p2a: Keldeo|Calm Mind|p2a: Keldeo
|-boost|p2a: Keldeo|spa|0
|-boost|p2a: Keldeo|spd|0
|move|p1a: Jellicent|Shadow Ball|p2a: Keldeo
|-activate|p2a: Keldeo|Substitute|[damage]
|
|-heal|p2a: Keldeo|76/100|[from] item: Leftovers
|upkeep
|turn|43
|
|t:|1722971177
|move|p2a: Keldeo|Calm Mind|p2a: Keldeo
|-boost|p2a: Keldeo|spa|0
|-boost|p2a: Keldeo|spd|0
|move|p1a: Jellicent|Shadow Ball|p2a: Keldeo
|-activate|p2a: Keldeo|Substitute|[damage]
|
|-heal|p2a: Keldeo|82/100|[from] item: Leftovers
|upkeep
|turn|44
|
|t:|1722971185
|move|p2a: Keldeo|Calm Mind|p2a: Keldeo
|-boost|p2a: Keldeo|spa|0
|-boost|p2a: Keldeo|spd|0
|move|p1a: Jellicent|Shadow Ball|p2a: Keldeo
|-end|p2a: Keldeo|Substitute
|
|-heal|p2a: Keldeo|88/100|[from] item: Leftovers
|upkeep
|turn|45
|
|t:|1722971192
|move|p2a: Keldeo|Substitute|p2a: Keldeo
|-start|p2a: Keldeo|Substitute
|-damage|p2a: Keldeo|63/100
|move|p1a: Jellicent|Shadow Ball|p2a: Keldeo
|-activate|p2a: Keldeo|Substitute|[damage]
|
|-heal|p2a: Keldeo|69/100|[from] item: Leftovers
|upkeep
|turn|46
|
|t:|1722971199
|move|p2a: Keldeo|Calm Mind|p2a: Keldeo
|-boost|p2a: Keldeo|spa|0
|-boost|p2a: Keldeo|spd|0
|move|p1a: Jellicent|Shadow Ball|p2a: Keldeo
|-crit|p2a: Keldeo
|-end|p2a: Keldeo|Substitute
|
|-heal|p2a: Keldeo|76/100|[from] item: Leftovers
|upkeep
|turn|47
|
|t:|1722971207
|move|p2a: Keldeo|Substitute|p2a: Keldeo
|-start|p2a: Keldeo|Substitute
|-damage|p2a: Keldeo|51/100
|move|p1a: Jellicent|Shadow Ball|p2a: Keldeo
|-activate|p2a: Keldeo|Substitute|[damage]
|
|-heal|p2a: Keldeo|57/100|[from] item: Leftovers
|upkeep
|turn|48
|
|t:|1722971215
|move|p2a: Keldeo|Scald|p1a: Jellicent
|-immune|p1a: Jellicent|[from] ability: Water Absorb
|move|p1a: Jellicent|Shadow Ball|p2a: Keldeo
|-activate|p2a: Keldeo|Substitute|[damage]
|
|-heal|p2a: Keldeo|63/100|[from] item: Leftovers
|upkeep
|turn|49
|
|t:|1722971223
|move|p2a: Keldeo|Scald|p1a: Jellicent
|-immune|p1a: Jellicent|[from] ability: Water Absorb
|move|p1a: Jellicent|Shadow Ball|p2a: Keldeo
|-activate|p2a: Keldeo|Substitute|[damage]
|
|-heal|p2a: Keldeo|69/100|[from] item: Leftovers
|upkeep
|turn|50
|
|t:|1722971231
|move|p2a: Keldeo|Scald|p1a: Jellicent
|-immune|p1a: Jellicent|[from] ability: Water Absorb
|move|p1a: Jellicent|Shadow Ball|p2a: Keldeo
|-activate|p2a: Keldeo|Substitute|[damage]
|
|-heal|p2a: Keldeo|76/100|[from] item: Leftovers
|upkeep
|turn|51
|
|t:|1722971240
|move|p2a: Keldeo|Scald|p1a: Jellicent
|-immune|p1a: Jellicent|[from] ability: Water Absorb
|move|p1a: Jellicent|Recover||[still]
|-fail|p1a: Jellicent|heal
|
|-heal|p2a: Keldeo|82/100|[from] item: Leftovers
|upkeep
|turn|52
|
|t:|1722971250
|move|p2a: Keldeo|Scald|p1a: Jellicent
|-immune|p1a: Jellicent|[from] ability: Water Absorb
|move|p1a: Jellicent|Recover||[still]
|-fail|p1a: Jellicent|heal
|
|-heal|p2a: Keldeo|88/100|[from] item: Leftovers
|upkeep
|turn|53
|
|t:|1722971264
|move|p2a: Keldeo|Scald|p1a: Jellicent
|-immune|p1a: Jellicent|[from] ability: Water Absorb
|move|p1a: Jellicent|Scald|p2a: Keldeo
|-resisted|p2a: Keldeo
|-end|p2a: Keldeo|Substitute
|
|-heal|p2a: Keldeo|94/100|[from] item: Leftovers
|upkeep
|turn|54
|
|t:|1722971277
|move|p2a: Keldeo|Substitute|p2a: Keldeo
|-start|p2a: Keldeo|Substitute
|-damage|p2a: Keldeo|69/100
|move|p1a: Jellicent|Scald|p2a: Keldeo
|-resisted|p2a: Keldeo
|-activate|p2a: Keldeo|Substitute|[damage]
|
|-heal|p2a: Keldeo|76/100|[from] item: Leftovers
|upkeep
|turn|55
|
|t:|1722971285
|move|p2a: Keldeo|Scald|p1a: Jellicent
|-immune|p1a: Jellicent|[from] ability: Water Absorb
|move|p1a: Jellicent|Scald|p2a: Keldeo
|-resisted|p2a: Keldeo
|-activate|p2a: Keldeo|Substitute|[damage]
|
|-heal|p2a: Keldeo|82/100|[from] item: Leftovers
|upkeep
|turn|56
|
|t:|1722971293
|move|p2a: Keldeo|Scald|p1a: Jellicent
|-immune|p1a: Jellicent|[from] ability: Water Absorb
|move|p1a: Jellicent|Scald|p2a: Keldeo
|-resisted|p2a: Keldeo
|-activate|p2a: Keldeo|Substitute|[damage]
|
|-heal|p2a: Keldeo|88/100|[from] item: Leftovers
|upkeep
|turn|57
|
|t:|1722971302
|move|p2a: Keldeo|Scald|p1a: Jellicent
|-immune|p1a: Jellicent|[from] ability: Water Absorb
|move|p1a: Jellicent|Scald|p2a: Keldeo
|-resisted|p2a: Keldeo
|-activate|p2a: Keldeo|Substitute|[damage]
|
|-heal|p2a: Keldeo|94/100|[from] item: Leftovers
|upkeep
|turn|58
|
|t:|1722971310
|move|p2a: Keldeo|Scald|p1a: Jellicent
|-immune|p1a: Jellicent|[from] ability: Water Absorb
|move|p1a: Jellicent|Scald|p2a: Keldeo
|-resisted|p2a: Keldeo
|-activate|p2a: Keldeo|Substitute|[damage]
|
|-heal|p2a: Keldeo|100/100|[from] item: Leftovers
|upkeep
|turn|59
|
|t:|1722971318
|move|p2a: Keldeo|Scald|p1a: Jellicent
|-immune|p1a: Jellicent|[from] ability: Water Absorb
|move|p1a: Jellicent|Scald|p2a: Keldeo
|-resisted|p2a: Keldeo
|-activate|p2a: Keldeo|Substitute|[damage]
|
|upkeep
|turn|60
|
|t:|1722971327
|move|p2a: Keldeo|Scald|p1a: Jellicent
|-immune|p1a: Jellicent|[from] ability: Water Absorb
|move|p1a: Jellicent|Scald|p2a: Keldeo
|-resisted|p2a: Keldeo
|-activate|p2a: Keldeo|Substitute|[damage]
|
|upkeep
|turn|61
|
|t:|1722971336
|move|p2a: Keldeo|Scald|p1a: Jellicent
|-immune|p1a: Jellicent|[from] ability: Water Absorb
|move|p1a: Jellicent|Scald|p2a: Keldeo
|-resisted|p2a: Keldeo
|-activate|p2a: Keldeo|Substitute|[damage]
|
|upkeep
|turn|62
|
|t:|1722971344
|move|p2a: Keldeo|Scald|p1a: Jellicent
|-immune|p1a: Jellicent|[from] ability: Water Absorb
|move|p1a: Jellicent|Scald|p2a: Keldeo
|-resisted|p2a: Keldeo
|-end|p2a: Keldeo|Substitute
|
|upkeep
|turn|63
|
|t:|1722971351
|switch|p1a: Excadrill|Excadrill, M, shiny|100/100
|-damage|p1a: Excadrill|98/100|[from] Stealth Rock
|-ability|p1a: Excadrill|Mold Breaker
|move|p2a: Keldeo|Substitute|p2a: Keldeo
|-start|p2a: Keldeo|Substitute
|-damage|p2a: Keldeo|76/100
|
|-heal|p2a: Keldeo|82/100|[from] item: Leftovers
|-heal|p1a: Excadrill|100/100|[from] item: Leftovers
|upkeep
|turn|64
|
|t:|1722971361
|move|p1a: Excadrill|Protect|p1a: Excadrill
|-singleturn|p1a: Excadrill|Protect
|move|p2a: Keldeo|Secret Sword|p1a: Excadrill
|-activate|p1a: Excadrill|move: Protect
|
|-heal|p2a: Keldeo|88/100|[from] item: Leftovers
|upkeep
|turn|65
|
|t:|1722971370
|switch|p1a: Jellicent|Jellicent, F|100/100
|-damage|p1a: Jellicent|88/100|[from] Stealth Rock
|move|p2a: Keldeo|Secret Sword|p1a: Jellicent
|-immune|p1a: Jellicent
|
|-heal|p2a: Keldeo|94/100|[from] item: Leftovers
|-heal|p1a: Jellicent|94/100|[from] item: Leftovers
|upkeep
|turn|66
|
|t:|1722971389
|move|p2a: Keldeo|Scald|p1a: Jellicent
|-heal|p1a: Jellicent|100/100|[from] ability: Water Absorb|[of] p2a: Keldeo
|move|p1a: Jellicent|Recover||[still]
|-fail|p1a: Jellicent|heal
|
|-heal|p2a: Keldeo|100/100|[from] item: Leftovers
|upkeep
|turn|67
|
|t:|1722971397
|move|p2a: Keldeo|Secret Sword|p1a: Jellicent
|-immune|p1a: Jellicent
|move|p1a: Jellicent|Scald|p2a: Keldeo
|-resisted|p2a: Keldeo
|-activate|p2a: Keldeo|Substitute|[damage]
|
|upkeep
|turn|68
|
|t:|1722971411
|move|p2a: Keldeo|Secret Sword|p1a: Jellicent
|-immune|p1a: Jellicent
|move|p1a: Jellicent|Recover||[still]
|-fail|p1a: Jellicent|heal
|
|upkeep
|turn|69
|
|t:|1722971416
|move|p2a: Keldeo|Substitute|p2a: Keldeo
|-fail|p2a: Keldeo|move: Substitute
|move|p1a: Jellicent|Recover||[still]
|-fail|p1a: Jellicent|heal
|
|upkeep
|turn|70
|
|t:|1722971424
|move|p2a: Keldeo|Substitute|p2a: Keldeo
|-fail|p2a: Keldeo|move: Substitute
|move|p1a: Jellicent|Recover||[still]
|-fail|p1a: Jellicent|heal
|
|upkeep
|turn|71
|
|t:|1722971429
|move|p2a: Keldeo|Substitute|p2a: Keldeo
|-fail|p2a: Keldeo|move: Substitute
|move|p1a: Jellicent|Recover||[still]
|-fail|p1a: Jellicent|heal
|
|upkeep
|turn|72
|
|t:|1722971434
|move|p2a: Keldeo|Substitute|p2a: Keldeo
|-fail|p2a: Keldeo|move: Substitute
|move|p1a: Jellicent|Recover||[still]
|-fail|p1a: Jellicent|heal
|
|upkeep
|turn|73
|
|t:|1722971439
|switch|p1a: Excadrill|Excadrill, M, shiny|100/100
|-damage|p1a: Excadrill|98/100|[from] Stealth Rock
|-ability|p1a: Excadrill|Mold Breaker
|move|p2a: Keldeo|Substitute|p2a: Keldeo
|-fail|p2a: Keldeo|move: Substitute
|
|-heal|p1a: Excadrill|100/100|[from] item: Leftovers
|upkeep
|turn|74
|
|t:|1722971450
|move|p2a: Keldeo|Substitute|p2a: Keldeo
|-fail|p2a: Keldeo|move: Substitute
|move|p1a: Excadrill|Earthquake|p2a: Keldeo
|-end|p2a: Keldeo|Substitute
|
|upkeep
|turn|75
|
|t:|1722971464
|move|p1a: Excadrill|Protect|p1a: Excadrill
|-singleturn|p1a: Excadrill|Protect
|move|p2a: Keldeo|Secret Sword|p1a: Excadrill
|-activate|p1a: Excadrill|move: Protect
|
|upkeep
|turn|76
|
|t:|1722971470
|switch|p1a: Jellicent|Jellicent, F|100/100
|-damage|p1a: Jellicent|88/100|[from] Stealth Rock
|move|p2a: Keldeo|Secret Sword|p1a: Jellicent
|-immune|p1a: Jellicent
|
|-heal|p1a: Jellicent|94/100|[from] item: Leftovers
|upkeep
|turn|77
|
|t:|1722971487
|switch|p1a: Excadrill|Excadrill, M, shiny|100/100
|-damage|p1a: Excadrill|98/100|[from] Stealth Rock
|-ability|p1a: Excadrill|Mold Breaker
|move|p2a: Keldeo|Secret Sword|p1a: Excadrill
|-supereffective|p1a: Excadrill
|-damage|p1a: Excadrill|0 fnt
|faint|p1a: Excadrill
|
|upkeep
|
|t:|1722971494
|switch|p1a: Heatran|Heatran, F, shiny|100/100
|-damage|p1a: Heatran|88/100|[from] Stealth Rock
|-item|p1a: Heatran|Air Balloon
|turn|78
|
|t:|1722971500
|move|p1a: Heatran|Protect|p1a: Heatran
|-singleturn|p1a: Heatran|Protect
|move|p2a: Keldeo|Secret Sword|p1a: Heatran
|-activate|p1a: Heatran|move: Protect
|
|upkeep
|turn|79
|
|t:|1722971516
|switch|p1a: Jellicent|Jellicent, F|94/100
|-damage|p1a: Jellicent|82/100|[from] Stealth Rock
|move|p2a: Keldeo|Secret Sword|p1a: Jellicent
|-immune|p1a: Jellicent
|
|-heal|p1a: Jellicent|88/100|[from] item: Leftovers
|upkeep
|turn|80
|
|t:|1722971530
|move|p2a: Keldeo|Scald|p1a: Jellicent
|-heal|p1a: Jellicent|100/100|[from] ability: Water Absorb|[of] p2a: Keldeo
|move|p1a: Jellicent|Scald|p2a: Keldeo
|-resisted|p2a: Keldeo
|-damage|p2a: Keldeo|97/100
|
|-heal|p2a: Keldeo|100/100|[from] item: Leftovers
|upkeep
|turn|81
|
|t:|1722971539
|move|p2a: Keldeo|Scald|p1a: Jellicent
|-immune|p1a: Jellicent|[from] ability: Water Absorb
|move|p1a: Jellicent|Scald|p2a: Keldeo
|-resisted|p2a: Keldeo
|-damage|p2a: Keldeo|98/100
|
|-heal|p2a: Keldeo|100/100|[from] item: Leftovers
|upkeep
|turn|82
|
|t:|1722971547
|move|p2a: Keldeo|Scald|p1a: Jellicent
|-immune|p1a: Jellicent|[from] ability: Water Absorb
|move|p1a: Jellicent|Scald|p2a: Keldeo
|-resisted|p2a: Keldeo
|-damage|p2a: Keldeo|98/100
|-status|p2a: Keldeo|brn
|
|-heal|p2a: Keldeo|100/100 brn|[from] item: Leftovers
|-damage|p2a: Keldeo|88/100 brn|[from] brn
|upkeep
|turn|83
|
|t:|1722971557
|switch|p1a: Latios|Latios, M|100/100
|-damage|p1a: Latios|88/100|[from] Stealth Rock
|move|p2a: Keldeo|Scald|p1a: Latios
|-resisted|p1a: Latios
|-damage|p1a: Latios|23/100
|
|-heal|p2a: Keldeo|94/100 brn|[from] item: Leftovers
|-damage|p2a: Keldeo|82/100 brn|[from] brn
|upkeep
|turn|84
|
|t:|1722971571
|switch|p1a: Jellicent|Jellicent, F|100/100
|-damage|p1a: Jellicent|88/100|[from] Stealth Rock
|move|p2a: Keldeo|Scald|p1a: Jellicent
|-heal|p1a: Jellicent|100/100|[from] ability: Water Absorb|[of] p2a: Keldeo
|
|-heal|p2a: Keldeo|88/100 brn|[from] item: Leftovers
|-damage|p2a: Keldeo|76/100 brn|[from] brn
|upkeep
|turn|85
|
|t:|1722971588
|move|p2a: Keldeo|Scald|p1a: Jellicent
|-immune|p1a: Jellicent|[from] ability: Water Absorb
|move|p1a: Jellicent|Recover||[still]
|-fail|p1a: Jellicent|heal
|
|-heal|p2a: Keldeo|82/100 brn|[from] item: Leftovers
|-damage|p2a: Keldeo|69/100 brn|[from] brn
|upkeep
|turn|86
|
|t:|1722971596
|move|p2a: Keldeo|Scald|p1a: Jellicent
|-immune|p1a: Jellicent|[from] ability: Water Absorb
|move|p1a: Jellicent|Recover||[still]
|-fail|p1a: Jellicent|heal
|
|-heal|p2a: Keldeo|76/100 brn|[from] item: Leftovers
|-damage|p2a: Keldeo|63/100 brn|[from] brn
|upkeep
|turn|87
|
|t:|1722971607
|move|p2a: Keldeo|Scald|p1a: Jellicent
|-immune|p1a: Jellicent|[from] ability: Water Absorb
|move|p1a: Jellicent|Recover||[still]
|-fail|p1a: Jellicent|heal
|
|-heal|p2a: Keldeo|69/100 brn|[from] item: Leftovers
|-damage|p2a: Keldeo|57/100 brn|[from] brn
|upkeep
|turn|88
|
|t:|1722971616
|move|p2a: Keldeo|Secret Sword|p1a: Jellicent
|-immune|p1a: Jellicent
|move|p1a: Jellicent|Recover||[still]
|-fail|p1a: Jellicent|heal
|
|-heal|p2a: Keldeo|63/100 brn|[from] item: Leftovers
|-damage|p2a: Keldeo|51/100 brn|[from] brn
|upkeep
|turn|89
|
|t:|1722971623
|move|p2a: Keldeo|Secret Sword|p1a: Jellicent
|-immune|p1a: Jellicent
|move|p1a: Jellicent|Recover||[still]
|-fail|p1a: Jellicent|heal
|
|-heal|p2a: Keldeo|57/100 brn|[from] item: Leftovers
|-damage|p2a: Keldeo|44/100 brn|[from] brn
|upkeep
|turn|90
|
|t:|1722971638
|move|p2a: Keldeo|Secret Sword|p1a: Jellicent
|-immune|p1a: Jellicent
|move|p1a: Jellicent|Recover||[still]
|-fail|p1a: Jellicent|heal
|
|-heal|p2a: Keldeo|51/100 brn|[from] item: Leftovers
|-damage|p2a: Keldeo|38/100 brn|[from] brn
|upkeep
|turn|91
|
|t:|1722971646
|move|p2a: Keldeo|Secret Sword|p1a: Jellicent
|-immune|p1a: Jellicent
|move|p1a: Jellicent|Recover||[still]
|-fail|p1a: Jellicent|heal
|
|-heal|p2a: Keldeo|44/100 brn|[from] item: Leftovers
|-damage|p2a: Keldeo|32/100 brn|[from] brn
|upkeep
|turn|92
|
|t:|1722971653
|move|p2a: Keldeo|Secret Sword|p1a: Jellicent
|-immune|p1a: Jellicent
|move|p1a: Jellicent|Scald|p2a: Keldeo
|-resisted|p2a: Keldeo
|-damage|p2a: Keldeo|29/100 brn
|
|-heal|p2a: Keldeo|35/100 brn|[from] item: Leftovers
|-damage|p2a: Keldeo|23/100 brn|[from] brn
|upkeep
|turn|93
|
|t:|1722971662
|move|p2a: Keldeo|Secret Sword|p1a: Jellicent
|-immune|p1a: Jellicent
|move|p1a: Jellicent|Scald|p2a: Keldeo
|-resisted|p2a: Keldeo
|-damage|p2a: Keldeo|19/100 brn
|
|-heal|p2a: Keldeo|26/100 brn|[from] item: Leftovers
|-damage|p2a: Keldeo|13/100 brn|[from] brn
|upkeep
|turn|94
|
|t:|1722971671
|move|p2a: Keldeo|Secret Sword|p1a: Jellicent
|-immune|p1a: Jellicent
|move|p1a: Jellicent|Recover||[still]
|-fail|p1a: Jellicent|heal
|
|-heal|p2a: Keldeo|19/100 brn|[from] item: Leftovers
|-damage|p2a: Keldeo|7/100 brn|[from] brn
|upkeep
|turn|95
|
|t:|1722971682
|switch|p1a: Scizor|Scizor, M|27/100
|-damage|p1a: Scizor|14/100|[from] Stealth Rock
|-activate|p2a: Keldeo|move: Struggle
|move|p2a: Keldeo|Struggle|p1a: Scizor
|-damage|p1a: Scizor|10/100
|-damage|p2a: Keldeo|0 fnt|[from] recoil
|faint|p2a: Keldeo
|
|upkeep
|
|t:|1722971704
|switch|p2a: Infernape|Infernape, M, shiny|100/100
|turn|96
|
|t:|1722971709
|move|p1a: Scizor|Bullet Punch|p2a: Infernape
|-resisted|p2a: Infernape
|-damage|p2a: Infernape|53/100
|move|p2a: Infernape|Close Combat|p1a: Scizor
|-damage|p1a: Scizor|0 fnt
|-unboost|p2a: Infernape|def|1
|-unboost|p2a: Infernape|spd|1
|faint|p1a: Scizor
|
|upkeep
|
|t:|1722971718
|switch|p1a: Jellicent|Jellicent, F|100/100
|-damage|p1a: Jellicent|88/100|[from] Stealth Rock
|turn|97
|
|t:|1722971727
|move|p2a: Infernape|Fire Blast|p1a: Jellicent
|-resisted|p1a: Jellicent
|-damage|p1a: Jellicent|73/100
|move|p1a: Jellicent|Scald|p2a: Infernape
|-supereffective|p2a: Infernape
|-damage|p2a: Infernape|0 fnt
|faint|p2a: Infernape
|
|-heal|p1a: Jellicent|79/100|[from] item: Leftovers
|upkeep
|
|t:|1722971736
|switch|p2a: Lucario|Lucario, M, shiny|100/100
|turn|98
|
|t:|1722971744
|move|p2a: Lucario|Swords Dance|p2a: Lucario
|-boost|p2a: Lucario|atk|2
|move|p1a: Jellicent|Scald|p2a: Lucario
|-damage|p2a: Lucario|59/100
|
|-heal|p1a: Jellicent|85/100|[from] item: Leftovers
|upkeep
|turn|99
|
|t:|1722971752
|move|p2a: Lucario|Crunch|p1a: Jellicent
|-supereffective|p1a: Jellicent
|-damage|p1a: Jellicent|0 fnt
|faint|p1a: Jellicent
|-damage|p2a: Lucario|49/100|[from] item: Life Orb
|
|upkeep
|
|t:|1722971759
|switch|p1a: Weavile|Weavile, F, shiny|100/100
|-damage|p1a: Weavile|76/100|[from] Stealth Rock
|turn|100
|
|t:|1722971763
|move|p2a: Lucario|Extreme Speed|p1a: Weavile
|-damage|p1a: Weavile|0 fnt
|faint|p1a: Weavile
|-damage|p2a: Lucario|39/100|[from] item: Life Orb
|
|upkeep
|-message|redwithredstripes forfeited.
|
|win|UnumGenus
|raw|redwithredstripes's rating: 1342 &rarr; <strong>1334</strong><br />(-8 for losing)
|raw|UnumGenus's rating: 1591 &rarr; <strong>1599</strong><br />(+8 for winning)
|l|☆redwithredstripes
|player|p1|
