|j|☆lazyhrpseal
|j|☆baixiaohen
|t:|1748073161
|gametype|singles
|player|p1|lazyhrpseal|preschoolerf|1375
|player|p2|baixiaohen|n|1465
|teamsize|p1|6
|teamsize|p2|6
|gen|5
|tier|[Gen 5] OU
|rated|
|rule|Species Clause: Limit one of each Pokémon
|rule|OHKO Clause: OHKO moves are banned
|rule|Moody Clause: Moody is banned
|rule|Evasion Items Clause: Evasion items are banned
|rule|Evasion Moves Clause: Evasion moves are banned
|rule|Endless Battle Clause: Forcing endless battles is banned
|rule|HP Percentage Mod: HP is shown in percentages
|rule|Evasion Abilities Clause: Evasion abilities are banned
|rule|Sleep Moves Clause: Sleep-inducing moves are banned
|rule|Swagger Clause: Swagger is banned
|rule|Baton Pass Stat Clause: No Baton Passer may have a way to boost its stats
|clearpoke
|poke|p1|Forretress, F|item
|poke|p1|Blissey, F|item
|poke|p1|Tyranitar, M|item
|poke|p1|Xatu, F|item
|poke|p1|Jellicent, M|item
|poke|p1|Gliscor, F|item
|poke|p2|Latios, M|item
|poke|p2|Jirachi|item
|poke|p2|Starmie|item
|poke|p2|Dragonite, M|item
|poke|p2|Mamoswine, F|item
|poke|p2|Rotom-Wash|item
|teampreview
|inactive|Battle timer is ON: inactive players will automatically lose when time's up. (requested by baixiaohen)
|
|t:|1748073174
|start
|switch|p1a: Blissey|Blissey, F|100/100
|switch|p2a: Rotom|Rotom-Wash|100/100
|turn|1
|
|t:|1748073179
|switch|p1a: Tyranitar|Tyranitar, M|100/100
|-weather|Sandstorm|[from] ability: Sand Stream|[of] p1a: Tyranitar
|move|p2a: Rotom|Trick|p1a: Tyranitar
|-activate|p2a: Rotom|move: Trick|[of] p1a: Tyranitar
|-item|p1a: Tyranitar|Choice Scarf|[from] move: Trick
|-item|p2a: Rotom|Choice Scarf|[from] move: Trick
|
|-weather|Sandstorm|[upkeep]
|-damage|p2a: Rotom|94/100|[from] Sandstorm
|upkeep
|turn|2
|
|t:|1748073187
|switch|p1a: Blissey|Blissey, F|100/100
|move|p2a: Rotom|Will-O-Wisp|p1a: Blissey
|-status|p1a: Blissey|brn
|
|-weather|Sandstorm|[upkeep]
|-damage|p2a: Rotom|88/100|[from] Sandstorm
|-damage|p1a: Blissey|94/100 brn|[from] Sandstorm
|-heal|p1a: Blissey|100/100 brn|[from] item: Leftovers
|-damage|p1a: Blissey|88/100 brn|[from] brn
|upkeep
|turn|3
|
|t:|1748073197
|switch|p2a: Jirachi|Jirachi, shiny|100/100
|move|p1a: Blissey|Stealth Rock|p2a: Jirachi
|-sidestart|p2: baixiaohen|move: Stealth Rock
|
|-weather|Sandstorm|[upkeep]
|-damage|p1a: Blissey|82/100 brn|[from] Sandstorm
|-heal|p1a: Blissey|88/100 brn|[from] item: Leftovers
|-damage|p1a: Blissey|76/100 brn|[from] brn
|upkeep
|turn|4
|
|t:|1748073205
|-curestatus|p1a: Blissey|brn|[from] ability: Natural Cure
|switch|p1a: Gliscor|Gliscor, F|100/100
|move|p2a: Jirachi|Body Slam|p1a: Gliscor
|-damage|p1a: Gliscor|86/100
|-status|p1a: Gliscor|par
|
|-weather|Sandstorm|[upkeep]
|upkeep
|turn|5
|
|t:|1748073213
|switch|p1a: Jellicent|Jellicent, M|100/100
|move|p2a: Jirachi|Stealth Rock|p1a: Jellicent
|-sidestart|p1: lazyhrpseal|move: Stealth Rock
|
|-weather|Sandstorm|[upkeep]
|-damage|p1a: Jellicent|94/100|[from] Sandstorm
|-heal|p1a: Jellicent|100/100|[from] item: Leftovers
|upkeep
|turn|6
|
|t:|1748073224
|switch|p2a: Rotom|Rotom-Wash|88/100
|-damage|p2a: Rotom|75/100|[from] Stealth Rock
|move|p1a: Jellicent|Will-O-Wisp|p2a: Rotom|[miss]
|-miss|p1a: Jellicent|p2a: Rotom
|
|-weather|Sandstorm|[upkeep]
|-damage|p2a: Rotom|69/100|[from] Sandstorm
|-damage|p1a: Jellicent|94/100|[from] Sandstorm
|-heal|p1a: Jellicent|100/100|[from] item: Leftovers
|upkeep
|turn|7
|
|t:|1748073231
|switch|p1a: Gliscor|Gliscor, F|86/100 par
|-damage|p1a: Gliscor|74/100 par|[from] Stealth Rock
|move|p2a: Rotom|Trick|p1a: Gliscor
|-activate|p2a: Rotom|move: Trick|[of] p1a: Gliscor
|-item|p1a: Gliscor|Choice Scarf|[from] move: Trick
|-item|p2a: Rotom|Toxic Orb|[from] move: Trick
|
|-weather|Sandstorm|[upkeep]
|-damage|p2a: Rotom|63/100|[from] Sandstorm
|-status|p2a: Rotom|tox|[from] item: Toxic Orb
|upkeep
|turn|8
|
|t:|1748073237
|move|p2a: Rotom|Volt Switch|p1a: Gliscor
|-immune|p1a: Gliscor
|cant|p1a: Gliscor|par
|
|-weather|Sandstorm|[upkeep]
|-damage|p2a: Rotom|57/100 tox|[from] Sandstorm
|-damage|p2a: Rotom|50/100 tox|[from] psn
|upkeep
|turn|9
|
|t:|1748073252
|move|p2a: Rotom|Volt Switch|p1a: Gliscor
|-immune|p1a: Gliscor
|move|p1a: Gliscor|Earthquake|p2a: Rotom
|-immune|p2a: Rotom|[from] ability: Levitate
|
|-weather|Sandstorm|[upkeep]
|-damage|p2a: Rotom|44/100 tox|[from] Sandstorm
|-damage|p2a: Rotom|32/100 tox|[from] psn
|upkeep
|turn|10
|
|t:|1748073260
|switch|p2a: Latios|Latios, M|100/100
|-damage|p2a: Latios|88/100|[from] Stealth Rock
|move|p1a: Gliscor|Earthquake|p2a: Latios
|-immune|p2a: Latios|[from] ability: Levitate
|
|-weather|Sandstorm|[upkeep]
|-damage|p2a: Latios|82/100|[from] Sandstorm
|upkeep
|turn|11
|
|t:|1748073265
|switch|p1a: Xatu|Xatu, F|100/100
|-damage|p1a: Xatu|76/100|[from] Stealth Rock
|move|p2a: Latios|Grass Knot|p1a: Xatu
|-resisted|p1a: Xatu
|-damage|p1a: Xatu|61/100
|-damage|p2a: Latios|66/100|[from] item: Rocky Helmet|[of] p1a: Xatu
|
|-weather|Sandstorm|[upkeep]
|-damage|p2a: Latios|60/100|[from] Sandstorm
|-damage|p1a: Xatu|55/100|[from] Sandstorm
|upkeep
|turn|12
|
|t:|1748073273
|switch|p2a: Jirachi|Jirachi, shiny|100/100
|-damage|p2a: Jirachi|94/100|[from] Stealth Rock
|move|p1a: Xatu|Roost|p1a: Xatu
|-heal|p1a: Xatu|100/100
|-singleturn|p1a: Xatu|move: Roost
|
|-weather|Sandstorm|[upkeep]
|-damage|p1a: Xatu|95/100|[from] Sandstorm
|-heal|p2a: Jirachi|100/100|[from] item: Leftovers
|upkeep
|turn|13
|
|t:|1748073278
|switch|p1a: Gliscor|Gliscor, F|74/100 par
|-damage|p1a: Gliscor|61/100 par|[from] Stealth Rock
|move|p2a: Jirachi|Wish|p2a: Jirachi
|
|-weather|Sandstorm|[upkeep]
|upkeep
|turn|14
|
|t:|1748073293
|switch|p2a: Rotom|Rotom-Wash|32/100 tox
|-damage|p2a: Rotom|19/100 tox|[from] Stealth Rock
|move|p1a: Gliscor|Facade|p2a: Rotom
|-damage|p2a: Rotom|0 fnt
|faint|p2a: Rotom
|
|-weather|Sandstorm|[upkeep]
|upkeep
|
|t:|1748073302
|switch|p2a: Starmie|Starmie|100/100
|-damage|p2a: Starmie|88/100|[from] Stealth Rock
|turn|15
|j| night suwu
|
|t:|1748073311
|switch|p1a: Jellicent|Jellicent, M|100/100
|-damage|p1a: Jellicent|88/100|[from] Stealth Rock
|move|p2a: Starmie|Rapid Spin|p1a: Jellicent
|-immune|p1a: Jellicent
|
|-weather|Sandstorm|[upkeep]
|-damage|p2a: Starmie|82/100|[from] Sandstorm
|-damage|p1a: Jellicent|82/100|[from] Sandstorm
|-heal|p1a: Jellicent|88/100|[from] item: Leftovers
|upkeep
|turn|16
|
|t:|1748073314
|switch|p1a: Tyranitar|Tyranitar, M|100/100
|-damage|p1a: Tyranitar|88/100|[from] Stealth Rock
|move|p2a: Starmie|Thunder|p1a: Tyranitar
|-damage|p1a: Tyranitar|54/100
|-status|p1a: Tyranitar|par
|-damage|p2a: Starmie|72/100|[from] item: Life Orb
|
|-weather|Sandstorm|[upkeep]
|-damage|p2a: Starmie|66/100|[from] Sandstorm
|upkeep
|turn|17
|
|t:|1748073318
|move|p2a: Starmie|Rapid Spin|p1a: Tyranitar
|-resisted|p1a: Tyranitar
|-damage|p1a: Tyranitar|52/100 par
|-sideend|p2: baixiaohen|Stealth Rock|[from] move: Rapid Spin|[of] p2a: Starmie
|-damage|p2a: Starmie|56/100|[from] item: Life Orb
|move|p1a: Tyranitar|Crunch|p2a: Starmie
|-supereffective|p2a: Starmie
|-damage|p2a: Starmie|0 fnt
|faint|p2a: Starmie
|
|-weather|Sandstorm|[upkeep]
|upkeep
|
|t:|1748073331
|switch|p2a: Mamoswine|Mamoswine, F|100/100
|turn|18
|
|t:|1748073336
|switch|p1a: Gliscor|Gliscor, F|61/100 par
|-damage|p1a: Gliscor|49/100 par|[from] Stealth Rock
|move|p2a: Mamoswine|Earthquake|p1a: Gliscor
|-immune|p1a: Gliscor
|
|-weather|Sandstorm|[upkeep]
|upkeep
|turn|19
|
|t:|1748073340
|switch|p1a: Forretress|Forretress, F|100/100
|-damage|p1a: Forretress|88/100|[from] Stealth Rock
|move|p2a: Mamoswine|Icicle Spear|p1a: Forretress
|-resisted|p1a: Forretress
|-damage|p1a: Forretress|83/100
|-resisted|p1a: Forretress
|-damage|p1a: Forretress|78/100
|-hitcount|p1a: Forretress|2
|-damage|p2a: Mamoswine|91/100|[from] item: Life Orb
|
|-weather|Sandstorm|[upkeep]
|-heal|p1a: Forretress|84/100|[from] item: Leftovers
|upkeep
|turn|20
|
|t:|1748073343
|move|p2a: Mamoswine|Earthquake|p1a: Forretress
|-damage|p1a: Forretress|42/100
|-damage|p2a: Mamoswine|81/100|[from] item: Life Orb
|move|p1a: Forretress|Rapid Spin|p2a: Mamoswine
|-damage|p2a: Mamoswine|75/100
|-sideend|p1: lazyhrpseal|Stealth Rock|[from] move: Rapid Spin|[of] p1a: Forretress
|
|-weather|Sandstorm|[upkeep]
|-heal|p1a: Forretress|49/100|[from] item: Leftovers
|upkeep
|turn|21
|
|t:|1748073349
|switch|p1a: Jellicent|Jellicent, M|88/100
|move|p2a: Mamoswine|Earthquake|p1a: Jellicent
|-damage|p1a: Jellicent|29/100
|-damage|p2a: Mamoswine|65/100|[from] item: Life Orb
|
|-weather|Sandstorm|[upkeep]
|-damage|p1a: Jellicent|23/100|[from] Sandstorm
|-heal|p1a: Jellicent|29/100|[from] item: Leftovers
|upkeep
|turn|22
|
|t:|1748073353
|switch|p1a: Gliscor|Gliscor, F|49/100 par
|move|p2a: Mamoswine|Earthquake|p1a: Gliscor
|-immune|p1a: Gliscor
|
|-weather|Sandstorm|[upkeep]
|upkeep
|turn|23
|
|t:|1748073355
|move|p2a: Mamoswine|Icicle Spear|p1a: Gliscor
|-supereffective|p1a: Gliscor
|-damage|p1a: Gliscor|0 fnt
|faint|p1a: Gliscor
|-hitcount|p1: Gliscor|1
|-damage|p2a: Mamoswine|55/100|[from] item: Life Orb
|
|-weather|Sandstorm|[upkeep]
|upkeep
|
|t:|1748073357
|switch|p1a: Forretress|Forretress, F|49/100
|turn|24
|
|t:|1748073383
|move|p2a: Mamoswine|Earthquake|p1a: Forretress
|-damage|p1a: Forretress|10/100
|-damage|p2a: Mamoswine|45/100|[from] item: Life Orb
|move|p1a: Forretress|Gyro Ball|p2a: Mamoswine
|-supereffective|p2a: Mamoswine
|-damage|p2a: Mamoswine|0 fnt
|faint|p2a: Mamoswine
|
|-weather|Sandstorm|[upkeep]
|-heal|p1a: Forretress|16/100|[from] item: Leftovers
|upkeep
|
|t:|1748073391
|switch|p2a: Dragonite|Dragonite, M|100/100
|turn|25
|
|t:|1748073397
|move|p2a: Dragonite|Dragon Dance|p2a: Dragonite
|-boost|p2a: Dragonite|atk|1
|-boost|p2a: Dragonite|spe|1
|move|p1a: Forretress|Gyro Ball|p2a: Dragonite
|-damage|p2a: Dragonite|78/100
|
|-weather|Sandstorm|[upkeep]
|-damage|p2a: Dragonite|71/100|[from] Sandstorm
|-heal|p2a: Dragonite|78/100|[from] item: Leftovers
|-heal|p1a: Forretress|23/100|[from] item: Leftovers
|upkeep
|turn|26
|
|t:|1748073405
|switch|p1a: Xatu|Xatu, F|95/100
|move|p2a: Dragonite|Fire Punch|p1a: Xatu
|-damage|p1a: Xatu|50/100
|-damage|p2a: Dragonite|61/100|[from] item: Rocky Helmet|[of] p1a: Xatu
|
|-weather|Sandstorm|[upkeep]
|-damage|p2a: Dragonite|55/100|[from] Sandstorm
|-damage|p1a: Xatu|44/100|[from] Sandstorm
|-heal|p2a: Dragonite|61/100|[from] item: Leftovers
|upkeep
|turn|27
|
|t:|1748073410
|move|p2a: Dragonite|Dragon Claw|p1a: Xatu
|-damage|p1a: Xatu|0 fnt
|-damage|p2a: Dragonite|45/100|[from] item: Rocky Helmet|[of] p1a: Xatu
|faint|p1a: Xatu
|
|-weather|Sandstorm|[upkeep]
|-damage|p2a: Dragonite|39/100|[from] Sandstorm
|-heal|p2a: Dragonite|45/100|[from] item: Leftovers
|upkeep
|
|t:|1748073415
|switch|p1a: Tyranitar|Tyranitar, M|52/100 par
|turn|28
|
|t:|1748073417
|move|p2a: Dragonite|Dragon Claw|p1a: Tyranitar
|-crit|p1a: Tyranitar
|-damage|p1a: Tyranitar|0 fnt
|faint|p1a: Tyranitar
|
|-weather|Sandstorm|[upkeep]
|-damage|p2a: Dragonite|39/100|[from] Sandstorm
|-heal|p2a: Dragonite|45/100|[from] item: Leftovers
|upkeep
|
|t:|1748073420
|switch|p1a: Forretress|Forretress, F|23/100
|turn|29
|
|t:|1748073422
|move|p2a: Dragonite|Fire Punch|p1a: Forretress
|-supereffective|p1a: Forretress
|-damage|p1a: Forretress|0 fnt
|faint|p1a: Forretress
|
|-weather|Sandstorm|[upkeep]
|-damage|p2a: Dragonite|39/100|[from] Sandstorm
|-heal|p2a: Dragonite|45/100|[from] item: Leftovers
|upkeep
|
|t:|1748073424
|switch|p1a: Jellicent|Jellicent, M|29/100
|turn|30
|
|t:|1748073426
|move|p2a: Dragonite|Dragon Claw|p1a: Jellicent
|-damage|p1a: Jellicent|0 fnt
|faint|p1a: Jellicent
|
|-weather|Sandstorm|[upkeep]
|-damage|p2a: Dragonite|39/100|[from] Sandstorm
|-heal|p2a: Dragonite|45/100|[from] item: Leftovers
|upkeep
|
|t:|1748073428
|switch|p1a: Blissey|Blissey, F|76/100
|turn|31
|
|t:|1748073430
|move|p2a: Dragonite|Dragon Claw|p1a: Blissey
|-damage|p1a: Blissey|16/100
|move|p1a: Blissey|Soft-Boiled|p1a: Blissey
|-heal|p1a: Blissey|66/100
|
|-weather|Sandstorm|[upkeep]
|-damage|p2a: Dragonite|39/100|[from] Sandstorm
|-damage|p1a: Blissey|60/100|[from] Sandstorm
|-heal|p2a: Dragonite|45/100|[from] item: Leftovers
|-heal|p1a: Blissey|66/100|[from] item: Leftovers
|upkeep
|turn|32
|
|t:|1748073433
|move|p2a: Dragonite|Dragon Claw|p1a: Blissey
|-damage|p1a: Blissey|5/100
|move|p1a: Blissey|Thunder Wave|p2a: Dragonite
|-status|p2a: Dragonite|par
|
|-weather|Sandstorm|[upkeep]
|-damage|p1a: Blissey|0 fnt|[from] Sandstorm
|-damage|p2a: Dragonite|39/100 par|[from] Sandstorm
|faint|p1a: Blissey
|
|win|baixiaohen
|raw|lazyhrpseal's rating: 1375 &rarr; <strong>1360</strong><br />(-15 for losing)
|raw|baixiaohen's rating: 1465 &rarr; <strong>1480</strong><br />(+15 for winning)
|l| night suwu
