|j|☆PeeceNLuv5
|j|‽12345678koishi
|t:|1733191262
|gametype|singles
|player|p1|PeeceNLuv5|pokefan-gen4|1407
|player|p2|12345678koishi|lady|1378
|teamsize|p1|6
|teamsize|p2|6
|gen|5
|tier|[Gen 5] OU
|rated|
|rule|Species Clause: Limit one of each Pokémon
|rule|OHKO Clause: OHKO moves are banned
|rule|Moody Clause: Moody is banned
|rule|Evasion Items Clause: Evasion items are banned
|rule|Evasion Moves Clause: Evasion moves are banned
|rule|Endless Battle Clause: Forcing endless battles is banned
|rule|HP Percentage Mod: HP is shown in percentages
|rule|Evasion Abilities Clause: Evasion abilities are banned
|rule|Sleep Moves Clause: Sleep-inducing moves are banned
|rule|Swagger Clause: Swagger is banned
|rule|Baton Pass Stat Clause: No Baton Passer may have a way to boost its stats
|clearpoke
|poke|p1|Abomasnow, M|item
|poke|p1|Blissey, F|item
|poke|p1|Mew|item
|poke|p1|Reuniclus, M|item
|poke|p1|Forretress, M|item
|poke|p1|Gliscor, M|item
|poke|p2|Alakazam, F|item
|poke|p2|Skarmory, F|item
|poke|p2|Lucario, M|item
|poke|p2|Kyurem-Black|item
|poke|p2|Gengar, M|item
|poke|p2|Haxorus, F|item
|teampreview
|
|t:|1733191270
|start
|switch|p1a: Mew|Mew|100/100
|switch|p2a: Skarmory|Skarmory, F|100/100
|turn|1
|
|t:|1733191289
|move|p2a: Skarmory|Stealth Rock|p1a: Mew
|-sidestart|p1: PeeceNLuv5|move: Stealth Rock
|move|p1a: Mew|Taunt|p2a: Skarmory
|-start|p2a: Skarmory|move: Taunt
|
|upkeep
|turn|2
|
|t:|1733191297
|switch|p2a: Gengar|Gengar, M|100/100
|move|p1a: Mew|Night Shade|p2a: Gengar
|-damage|p2a: Gengar|62/100
|
|upkeep
|turn|3
|
|t:|1733191313
|switch|p2a: Skarmory|Skarmory, F|100/100
|switch|p1a: Abomasnow|Abomasnow, M|100/100
|-damage|p1a: Abomasnow|75/100|[from] Stealth Rock
|-weather|Hail|[from] ability: Snow Warning|[of] p1a: Abomasnow
|
|-weather|Hail|[upkeep]
|-damage|p2a: Skarmory|95/100|[from] Hail
|-heal|p1a: Abomasnow|82/100|[from] item: Leftovers
|upkeep
|turn|4
|
|t:|1733191325
|move|p2a: Skarmory|Spikes|p1a: Abomasnow
|-sidestart|p1: PeeceNLuv5|Spikes
|move|p1a: Abomasnow|Blizzard|p2a: Skarmory
|-damage|p2a: Skarmory|24/100
|
|-weather|Hail|[upkeep]
|-damage|p2a: Skarmory|18/100|[from] Hail
|-heal|p1a: Abomasnow|88/100|[from] item: Leftovers
|upkeep
|turn|5
|-enditem|p2a: Skarmory|Custap Berry|[eat]
|-activate|p2a: Skarmory|item: Custap Berry|[consumed]
|
|t:|1733191335
|move|p1a: Abomasnow|Protect|p1a: Abomasnow
|-singleturn|p1a: Abomasnow|Protect
|move|p2a: Skarmory|Brave Bird|p1a: Abomasnow
|-activate|p1a: Abomasnow|move: Protect
|
|-weather|Hail|[upkeep]
|-damage|p2a: Skarmory|12/100|[from] Hail
|-heal|p1a: Abomasnow|94/100|[from] item: Leftovers
|upkeep
|turn|6
|
|t:|1733191347
|move|p1a: Abomasnow|Ice Shard|p2a: Skarmory
|-damage|p2a: Skarmory|0 fnt
|faint|p2a: Skarmory
|
|-weather|Hail|[upkeep]
|-heal|p1a: Abomasnow|100/100|[from] item: Leftovers
|upkeep
|
|t:|1733191357
|switch|p2a: Lucario|Lucario, M|100/100
|turn|7
|
|t:|1733191361
|move|p2a: Lucario|Swords Dance|p2a: Lucario
|-boost|p2a: Lucario|atk|2
|move|p1a: Abomasnow|Leech Seed|p2a: Lucario
|-start|p2a: Lucario|move: Leech Seed
|
|-weather|Hail|[upkeep]
|-damage|p2a: Lucario|94/100|[from] Hail
|-damage|p2a: Lucario|82/100|[from] Leech Seed|[of] p1a: Abomasnow
|upkeep
|turn|8
|
|t:|1733191370
|switch|p1a: Mew|Mew|100/100
|-damage|p1a: Mew|88/100|[from] Stealth Rock
|-damage|p1a: Mew|76/100|[from] Spikes
|move|p2a: Lucario|Close Combat|p1a: Mew
|-resisted|p1a: Mew
|-damage|p1a: Mew|25/100
|-unboost|p2a: Lucario|def|1
|-unboost|p2a: Lucario|spd|1
|-damage|p2a: Lucario|72/100|[from] item: Life Orb
|
|-weather|Hail|[upkeep]
|-damage|p2a: Lucario|66/100|[from] Hail
|-damage|p1a: Mew|19/100|[from] Hail
|-heal|p1a: Mew|25/100|[from] item: Leftovers
|-damage|p2a: Lucario|53/100|[from] Leech Seed|[of] p1a: Mew
|-heal|p1a: Mew|34/100|[silent]
|upkeep
|turn|9
|
|t:|1733191387
|move|p2a: Lucario|Extreme Speed|p1a: Mew
|-damage|p1a: Mew|0 fnt
|faint|p1a: Mew
|-damage|p2a: Lucario|44/100|[from] item: Life Orb
|
|-weather|Hail|[upkeep]
|-damage|p2a: Lucario|38/100|[from] Hail
|upkeep
|
|t:|1733191390
|switch|p1a: Gliscor|Gliscor, M|100/100
|-damage|p1a: Gliscor|88/100|[from] Stealth Rock
|turn|10
|inactive|Battle timer is ON: inactive players will automatically lose when time's up. (requested by 12345678koishi)
|
|t:|1733191453
|switch|p2a: Kyurem|Kyurem-Black|100/100
|-ability|p2a: Kyurem|Teravolt
|move|p1a: Gliscor|Earthquake|p2a: Kyurem
|-damage|p2a: Kyurem|74/100
|
|-weather|Hail|[upkeep]
|-damage|p1a: Gliscor|82/100|[from] Hail
|-status|p1a: Gliscor|tox|[from] item: Toxic Orb
|upkeep
|turn|11
|
|t:|1733191464
|move|p1a: Gliscor|Protect|p1a: Gliscor
|-singleturn|p1a: Gliscor|Protect
|move|p2a: Kyurem|Substitute|p2a: Kyurem
|-start|p2a: Kyurem|Substitute
|-damage|p2a: Kyurem|49/100
|
|-weather|Hail|[upkeep]
|-damage|p1a: Gliscor|76/100 tox|[from] Hail
|-heal|p1a: Gliscor|88/100 tox|[from] ability: Poison Heal
|upkeep
|turn|12
|
|t:|1733191486
|switch|p1a: Forretress|Forretress, M|100/100
|-damage|p1a: Forretress|88/100|[from] Stealth Rock
|-damage|p1a: Forretress|76/100|[from] Spikes
|move|p2a: Kyurem|Freeze Shock||[still]
|-prepare|p2a: Kyurem|Freeze Shock
|-enditem|p2a: Kyurem|Power Herb
|-anim|p2a: Kyurem|Freeze Shock|p1a: Forretress
|-resisted|p1a: Forretress
|-damage|p1a: Forretress|48/100
|-status|p1a: Forretress|par
|
|-weather|Hail|[upkeep]
|-heal|p1a: Forretress|54/100 par|[from] item: Leftovers
|upkeep
|turn|13
|
|t:|1733191500
|switch|p2a: Gengar|Gengar, M|62/100
|move|p1a: Forretress|Rapid Spin|p2a: Gengar
|-immune|p2a: Gengar
|
|-weather|Hail|[upkeep]
|-damage|p2a: Gengar|56/100|[from] Hail
|-heal|p1a: Forretress|60/100 par|[from] item: Leftovers
|upkeep
|turn|14
|
|t:|1733191511
|move|p2a: Gengar|Focus Blast|p1a: Forretress
|-damage|p1a: Forretress|0 fnt
|faint|p1a: Forretress
|-damage|p2a: Gengar|46/100|[from] item: Life Orb
|
|-weather|Hail|[upkeep]
|-damage|p2a: Gengar|40/100|[from] Hail
|upkeep
|
|t:|1733191532
|switch|p1a: Blissey|Blissey, F|100/100
|-damage|p1a: Blissey|88/100|[from] Stealth Rock
|-damage|p1a: Blissey|76/100|[from] Spikes
|turn|15
|
|t:|1733191538
|move|p2a: Gengar|Taunt|p1a: Blissey
|-start|p1a: Blissey|move: Taunt
|cant|p1a: Blissey|move: Taunt|Soft-Boiled
|
|-weather|Hail|[upkeep]
|-damage|p2a: Gengar|34/100|[from] Hail
|-damage|p1a: Blissey|69/100|[from] Hail
|-heal|p1a: Blissey|76/100|[from] item: Leftovers
|upkeep
|turn|16
|
|t:|1733191548
|move|p2a: Gengar|Shadow Ball|p1a: Blissey
|-immune|p1a: Blissey
|move|p1a: Blissey|Thunder|p2a: Gengar
|-damage|p2a: Gengar|0 fnt
|faint|p2a: Gengar
|
|-weather|Hail|[upkeep]
|-damage|p1a: Blissey|69/100|[from] Hail
|-heal|p1a: Blissey|76/100|[from] item: Leftovers
|upkeep
|
|t:|1733191560
|switch|p2a: Haxorus|Haxorus, F|100/100
|-ability|p2a: Haxorus|Mold Breaker
|turn|17
|
|t:|1733191575
|move|p2a: Haxorus|Dragon Dance|p2a: Haxorus
|-boost|p2a: Haxorus|atk|1
|-boost|p2a: Haxorus|spe|1
|move|p1a: Blissey|Body Slam|p2a: Haxorus
|-damage|p2a: Haxorus|91/100
|-status|p2a: Haxorus|par
|-enditem|p2a: Haxorus|Lum Berry|[eat]
|-curestatus|p2a: Haxorus|par|[msg]
|
|-weather|Hail|[upkeep]
|-damage|p2a: Haxorus|85/100|[from] Hail
|-damage|p1a: Blissey|69/100|[from] Hail
|-heal|p1a: Blissey|76/100|[from] item: Leftovers
|-end|p1a: Blissey|move: Taunt
|upkeep
|turn|18
|
|t:|1733191590
|switch|p1a: Gliscor|Gliscor, M|88/100 tox
|-damage|p1a: Gliscor|76/100 tox|[from] Stealth Rock
|move|p2a: Haxorus|Outrage|p1a: Gliscor
|-damage|p1a: Gliscor|1/100 tox
|
|-weather|Hail|[upkeep]
|-damage|p2a: Haxorus|79/100|[from] Hail
|-damage|p1a: Gliscor|0 fnt|[from] Hail
|faint|p1a: Gliscor
|upkeep
|
|t:|1733191593
|switch|p1a: Abomasnow|Abomasnow, M|100/100
|-damage|p1a: Abomasnow|75/100|[from] Stealth Rock
|-damage|p1a: Abomasnow|63/100|[from] Spikes
|turn|19
|
|t:|1733191606
|move|p1a: Abomasnow|Protect|p1a: Abomasnow
|-singleturn|p1a: Abomasnow|Protect
|move|p2a: Haxorus|Outrage|p1a: Abomasnow|[from]lockedmove
|-activate|p1a: Abomasnow|move: Protect
|
|-weather|Hail|[upkeep]
|-damage|p2a: Haxorus|73/100|[from] Hail
|-heal|p1a: Abomasnow|69/100|[from] item: Leftovers
|upkeep
|turn|20
|
|t:|1733191617
|move|p1a: Abomasnow|Ice Shard|p2a: Haxorus
|-supereffective|p2a: Haxorus
|-damage|p2a: Haxorus|40/100
|move|p2a: Haxorus|Outrage|p1a: Abomasnow
|-damage|p1a: Abomasnow|0 fnt
|faint|p1a: Abomasnow
|
|-weather|Hail|[upkeep]
|-damage|p2a: Haxorus|34/100|[from] Hail
|upkeep
|
|t:|1733191623
|switch|p1a: Reuniclus|Reuniclus, M|100/100
|turn|21
|
|t:|1733191632
|switch|p1a: Blissey|Blissey, F|76/100
|-damage|p1a: Blissey|63/100|[from] Stealth Rock
|-damage|p1a: Blissey|51/100|[from] Spikes
|move|p2a: Haxorus|Outrage|p1a: Blissey|[from]lockedmove
|-damage|p1a: Blissey|0 fnt
|faint|p1a: Blissey
|
|-weather|Hail|[upkeep]
|-damage|p2a: Haxorus|28/100|[from] Hail
|upkeep
|
|t:|1733191633
|switch|p1a: Reuniclus|Reuniclus, M|100/100
|turn|22
|
|t:|1733191646
|move|p2a: Haxorus|Outrage|p1a: Reuniclus|[from]lockedmove
|-damage|p1a: Reuniclus|28/100
|-start|p2a: Haxorus|confusion|[fatigue]
|move|p1a: Reuniclus|Recover|p1a: Reuniclus
|-heal|p1a: Reuniclus|78/100
|
|-weather|Hail|[upkeep]
|-damage|p2a: Haxorus|22/100|[from] Hail
|-heal|p1a: Reuniclus|84/100|[from] item: Leftovers
|upkeep
|turn|23
|
|t:|1733191657
|-activate|p2a: Haxorus|confusion
|-damage|p2a: Haxorus|0 fnt|[from] confusion
|faint|p2a: Haxorus
|move|p1a: Reuniclus|Calm Mind|p1a: Reuniclus
|-boost|p1a: Reuniclus|spa|1
|-boost|p1a: Reuniclus|spd|1
|
|-weather|Hail|[upkeep]
|-heal|p1a: Reuniclus|90/100|[from] item: Leftovers
|upkeep
|inactive|12345678koishi has 120 seconds left.
|
|t:|1733191690
|switch|p2a: Lucario|Lucario, M|38/100
|turn|24
|
|t:|1733191702
|move|p2a: Lucario|Crunch|p1a: Reuniclus
|-supereffective|p1a: Reuniclus
|-damage|p1a: Reuniclus|39/100
|-damage|p2a: Lucario|28/100|[from] item: Life Orb
|move|p1a: Reuniclus|Recover|p1a: Reuniclus
|-heal|p1a: Reuniclus|89/100
|
|-weather|Hail|[upkeep]
|-damage|p2a: Lucario|22/100|[from] Hail
|-heal|p1a: Reuniclus|96/100|[from] item: Leftovers
|upkeep
|turn|25
|
|t:|1733191714
|move|p2a: Lucario|Crunch|p1a: Reuniclus
|-supereffective|p1a: Reuniclus
|-damage|p1a: Reuniclus|45/100
|-damage|p2a: Lucario|12/100|[from] item: Life Orb
|move|p1a: Reuniclus|Psyshock|p2a: Lucario
|-damage|p2a: Lucario|0 fnt
|faint|p2a: Lucario
|
|-weather|Hail|[upkeep]
|-heal|p1a: Reuniclus|51/100|[from] item: Leftovers
|upkeep
|inactive|12345678koishi has 120 seconds left.
|
|t:|1733191733
|switch|p2a: Kyurem|Kyurem-Black|49/100
|-ability|p2a: Kyurem|Teravolt
|turn|26
|inactive|12345678koishi has 120 seconds left.
|
|t:|1733191739
|move|p2a: Kyurem|Freeze Shock||[still]
|-prepare|p2a: Kyurem|Freeze Shock
|move|p1a: Reuniclus|Recover|p1a: Reuniclus
|-heal|p1a: Reuniclus|100/100
|
|-weather|Hail|[upkeep]
|upkeep
|turn|27
|
|t:|1733191745
|move|p2a: Kyurem|Freeze Shock|p1a: Reuniclus|[from]lockedmove|[miss]
|-miss|p2a: Kyurem|p1a: Reuniclus
|move|p1a: Reuniclus|Recover||[still]
|-fail|p1a: Reuniclus|heal
|
|-weather|Hail|[upkeep]
|upkeep
|turn|28
|
|t:|1733191753
|move|p2a: Kyurem|Freeze Shock||[still]
|-prepare|p2a: Kyurem|Freeze Shock
|move|p1a: Reuniclus|Psyshock|p2a: Kyurem
|-damage|p2a: Kyurem|5/100
|
|-weather|Hail|[upkeep]
|upkeep
|turn|29
|
|t:|1733191760
|move|p2a: Kyurem|Freeze Shock|p1a: Reuniclus|[from]lockedmove
|-damage|p1a: Reuniclus|33/100
|move|p1a: Reuniclus|Recover|p1a: Reuniclus
|-heal|p1a: Reuniclus|83/100
|
|-weather|Hail|[upkeep]
|-heal|p1a: Reuniclus|89/100|[from] item: Leftovers
|upkeep
|turn|30
|
|t:|1733191770
|move|p2a: Kyurem|Fusion Bolt|p1a: Reuniclus
|-damage|p1a: Reuniclus|55/100
|move|p1a: Reuniclus|Psyshock|p2a: Kyurem
|-damage|p2a: Kyurem|0 fnt
|faint|p2a: Kyurem
|
|-weather|Hail|[upkeep]
|-heal|p1a: Reuniclus|62/100|[from] item: Leftovers
|upkeep
|
|t:|1733191780
|switch|p2a: Alakazam|Alakazam, F|100/100
|turn|31
|j| BRUL3D
|
|t:|1733191789
|move|p2a: Alakazam|Calm Mind|p2a: Alakazam
|-boost|p2a: Alakazam|spa|1
|-boost|p2a: Alakazam|spd|1
|move|p1a: Reuniclus|Recover|p1a: Reuniclus
|-heal|p1a: Reuniclus|100/100
|
|-weather|Hail|[upkeep]
|upkeep
|turn|32
|
|t:|1733191798
|move|p2a: Alakazam|Shadow Ball|p1a: Reuniclus
|-supereffective|p1a: Reuniclus
|-damage|p1a: Reuniclus|48/100
|move|p1a: Reuniclus|Calm Mind|p1a: Reuniclus
|-boost|p1a: Reuniclus|spa|1
|-boost|p1a: Reuniclus|spd|1
|
|-weather|Hail|[upkeep]
|-heal|p1a: Reuniclus|54/100|[from] item: Leftovers
|upkeep
|turn|33
|
|t:|1733191808
|move|p2a: Alakazam|Calm Mind|p2a: Alakazam
|-boost|p2a: Alakazam|spa|1
|-boost|p2a: Alakazam|spd|1
|move|p1a: Reuniclus|Recover|p1a: Reuniclus
|-heal|p1a: Reuniclus|100/100
|
|-weather|Hail|[upkeep]
|upkeep
|turn|34
|
|t:|1733191836
|move|p2a: Alakazam|Shadow Ball|p1a: Reuniclus
|-supereffective|p1a: Reuniclus
|-damage|p1a: Reuniclus|50/100
|move|p1a: Reuniclus|Psyshock|p2a: Alakazam
|-resisted|p2a: Alakazam
|-damage|p2a: Alakazam|18/100
|
|-weather|Hail|[upkeep]
|-heal|p1a: Reuniclus|56/100|[from] item: Leftovers
|upkeep
|turn|35
|
|t:|1733191846
|move|p2a: Alakazam|Shadow Ball|p1a: Reuniclus
|-supereffective|p1a: Reuniclus
|-damage|p1a: Reuniclus|0 fnt
|faint|p1a: Reuniclus
|
|win|12345678koishi
|raw|PeeceNLuv5's rating: 1407 &rarr; <strong>1385</strong><br />(-22 for losing)
|raw|12345678koishi's rating: 1378 &rarr; <strong>1400</strong><br />(+22 for winning)
