|j|☆Juaann69
|j|☆el janitor
|t:|1707277976
|gametype|singles
|player|p1|Juaann69|rosa|1360
|player|p2|el janitor|265|1412
|teamsize|p1|6
|teamsize|p2|6
|gen|5
|tier|[Gen 5] OU
|rated|
|rule|Species Clause: Limit one of each Pokémon
|rule|OHKO Clause: OHKO moves are banned
|rule|Moody Clause: Moody is banned
|rule|Evasion Items Clause: Evasion items are banned
|rule|Evasion Moves Clause: Evasion moves are banned
|rule|Endless Battle Clause: Forcing endless battles is banned
|rule|HP Percentage Mod: HP is shown in percentages
|rule|Evasion Abilities Clause: Evasion abilities are banned
|rule|Sleep Moves Clause: Sleep-inducing moves are banned
|rule|Swagger Clause: Swagger is banned
|rule|Baton Pass Stat Clause: No Baton Passer may have a way to boost its stats
|clearpoke
|poke|p1|Landorus-Therian, M|item
|poke|p1|Volcarona, M|item
|poke|p1|Skarmory, M|item
|poke|p1|Suicune|item
|poke|p1|Scrafty, M|item
|poke|p1|Terrakion|item
|poke|p2|Mamoswine, F|item
|poke|p2|Abomasnow, M|item
|poke|p2|Forretress, F|item
|poke|p2|Kyurem-Black|item
|poke|p2|Breloom, F|item
|poke|p2|Mandibuzz, F|item
|teampreview
|inactive|Battle timer is ON: inactive players will automatically lose when time's up. (requested by el janitor)
|
|t:|1707277989
|start
|switch|p1a: Volcarona|Volcarona, M, shiny|100/100
|switch|p2a: Mamoswine|Mamoswine, F|100/100
|turn|1
|
|t:|1707277995
|move|p1a: Volcarona|Quiver Dance|p1a: Volcarona
|-boost|p1a: Volcarona|spa|1
|-boost|p1a: Volcarona|spd|1
|-boost|p1a: Volcarona|spe|1
|move|p2a: Mamoswine|Earthquake|p1a: Volcarona
|-damage|p1a: Volcarona|6/100
|
|upkeep
|turn|2
|
|t:|1707278002
|move|p2a: Mamoswine|Ice Shard|p1a: Volcarona
|-resisted|p1a: Volcarona
|-damage|p1a: Volcarona|0 fnt
|faint|p1a: Volcarona
|
|upkeep
|
|t:|1707278010
|switch|p1a: Skarmory|Skarmory, M, shiny|100/100
|turn|3
|
|t:|1707278016
|switch|p2a: Forretress|Forretress, F|100/100
|move|p1a: Skarmory|Stealth Rock|p2a: Forretress
|-sidestart|p2: el janitor|move: Stealth Rock
|
|upkeep
|turn|4
|
|t:|1707278021
|switch|p1a: Scrafty|Scrafty, M, shiny|100/100
|move|p2a: Forretress|Toxic Spikes|p1a: Scrafty
|-sidestart|p1: Juaann69|move: Toxic Spikes
|
|upkeep
|turn|5
|
|t:|1707278026
|move|p1a: Scrafty|Dragon Dance|p1a: Scrafty
|-boost|p1a: Scrafty|atk|1
|-boost|p1a: Scrafty|spe|1
|move|p2a: Forretress|Toxic Spikes|p1a: Scrafty
|-sidestart|p1: Juaann69|move: Toxic Spikes
|
|upkeep
|turn|6
|
|t:|1707278031
|move|p1a: Scrafty|Dragon Dance|p1a: Scrafty
|-boost|p1a: Scrafty|atk|1
|-boost|p1a: Scrafty|spe|1
|move|p2a: Forretress|Stealth Rock|p1a: Scrafty
|-sidestart|p1: Juaann69|move: Stealth Rock
|
|upkeep
|turn|7
|
|t:|1707278036
|move|p1a: Scrafty|Dragon Dance|p1a: Scrafty
|-boost|p1a: Scrafty|atk|1
|-boost|p1a: Scrafty|spe|1
|move|p2a: Forretress|Rapid Spin|p1a: Scrafty
|-damage|p1a: Scrafty|97/100
|-sideend|p2: el janitor|Stealth Rock|[from] move: Rapid Spin|[of] p2a: Forretress
|
|upkeep
|turn|8
|
|t:|1707278048
|move|p1a: Scrafty|Drain Punch|p2a: Forretress
|-damage|p2a: Forretress|60/100
|-heal|p1a: Scrafty|100/100|[from] drain|[of] p2a: Forretress
|move|p2a: Forretress|Volt Switch|p1a: Scrafty
|-damage|p1a: Scrafty|90/100
|
|t:|1707278051
|switch|p2a: Breloom|Breloom, F|100/100|[from] Volt Switch
|
|upkeep
|turn|9
|
|t:|1707278057
|move|p2a: Breloom|Mach Punch|p1a: Scrafty
|-supereffective|p1a: Scrafty
|-damage|p1a: Scrafty|0 fnt
|faint|p1a: Scrafty
|
|upkeep
|
|t:|1707278062
|switch|p1a: Skarmory|Skarmory, M, shiny|100/100
|-damage|p1a: Skarmory|88/100|[from] Stealth Rock
|turn|10
|
|t:|1707278077
|switch|p2a: Abomasnow|Abomasnow, M|100/100
|-weather|Hail|[from] ability: Snow Warning|[of] p2a: Abomasnow
|move|p1a: Skarmory|Taunt|p2a: Abomasnow
|-start|p2a: Abomasnow|move: Taunt
|
|-weather|Hail|[upkeep]
|-damage|p1a: Skarmory|82/100|[from] Hail
|-heal|p1a: Skarmory|88/100|[from] item: Leftovers
|upkeep
|turn|11
|
|t:|1707278086
|switch|p2a: Kyurem|Kyurem-Black|100/100
|-ability|p2a: Kyurem|Teravolt
|move|p1a: Skarmory|Brave Bird|p2a: Kyurem
|-damage|p2a: Kyurem|71/100
|-damage|p1a: Skarmory|76/100|[from] Recoil
|
|-weather|Hail|[upkeep]
|-damage|p1a: Skarmory|70/100|[from] Hail
|-heal|p2a: Kyurem|77/100|[from] item: Leftovers
|-heal|p1a: Skarmory|76/100|[from] item: Leftovers
|upkeep
|turn|12
|inactive|Juaann69 has 120 seconds left.
|
|t:|1707278141
|move|p2a: Kyurem|Substitute|p2a: Kyurem
|-start|p2a: Kyurem|Substitute
|-damage|p2a: Kyurem|52/100
|move|p1a: Skarmory|Brave Bird|p2a: Kyurem
|-end|p2a: Kyurem|Substitute
|-damage|p1a: Skarmory|66/100|[from] Recoil|[of] p2a: Kyurem
|
|-weather|Hail|[upkeep]
|-damage|p1a: Skarmory|60/100|[from] Hail
|-heal|p2a: Kyurem|58/100|[from] item: Leftovers
|-heal|p1a: Skarmory|66/100|[from] item: Leftovers
|upkeep
|turn|13
|
|t:|1707278154
|move|p2a: Kyurem|Fusion Bolt|p1a: Skarmory
|-supereffective|p1a: Skarmory
|-damage|p1a: Skarmory|10/100
|move|p1a: Skarmory|Stealth Rock|p2a: Kyurem
|-sidestart|p2: el janitor|move: Stealth Rock
|
|-weather|Hail|[upkeep]
|-damage|p1a: Skarmory|4/100|[from] Hail
|-heal|p2a: Kyurem|64/100|[from] item: Leftovers
|-heal|p1a: Skarmory|10/100|[from] item: Leftovers
|upkeep
|turn|14
|
|t:|1707278165
|move|p2a: Kyurem|Substitute|p2a: Kyurem
|-start|p2a: Kyurem|Substitute
|-damage|p2a: Kyurem|39/100
|move|p1a: Skarmory|Brave Bird|p2a: Kyurem
|-end|p2a: Kyurem|Substitute
|-damage|p1a: Skarmory|0 fnt|[from] Recoil|[of] p2a: Kyurem
|faint|p1a: Skarmory
|
|-weather|Hail|[upkeep]
|-heal|p2a: Kyurem|45/100|[from] item: Leftovers
|upkeep
|
|t:|1707278174
|switch|p1a: Terrakion|Terrakion, shiny|100/100
|-status|p1a: Terrakion|tox
|-damage|p1a: Terrakion|94/100 tox|[from] Stealth Rock
|turn|15
|
|t:|1707278179
|move|p1a: Terrakion|Close Combat|p2a: Kyurem
|-supereffective|p2a: Kyurem
|-damage|p2a: Kyurem|0 fnt
|-unboost|p1a: Terrakion|def|1
|-unboost|p1a: Terrakion|spd|1
|faint|p2a: Kyurem
|
|-weather|Hail|[upkeep]
|-damage|p1a: Terrakion|88/100 tox|[from] Hail
|-damage|p1a: Terrakion|82/100 tox|[from] psn
|upkeep
|
|t:|1707278186
|switch|p2a: Breloom|Breloom, F|100/100
|-damage|p2a: Breloom|94/100|[from] Stealth Rock
|turn|16
|
|t:|1707278190
|switch|p1a: Landorus|Landorus-Therian, M, shiny|100/100
|-damage|p1a: Landorus|88/100|[from] Stealth Rock
|-ability|p1a: Landorus|Intimidate|boost
|-unboost|p2a: Breloom|atk|1
|move|p2a: Breloom|Mach Punch|p1a: Landorus
|-resisted|p1a: Landorus
|-damage|p1a: Landorus|70/100
|
|-weather|Hail|[upkeep]
|-damage|p1a: Landorus|63/100|[from] Hail
|-damage|p2a: Breloom|88/100|[from] Hail
|upkeep
|turn|17
|
|t:|1707278201
|switch|p2a: Mandibuzz|Mandibuzz, F|100/100
|-damage|p2a: Mandibuzz|75/100|[from] Stealth Rock
|move|p1a: Landorus|Earthquake|p2a: Mandibuzz
|-immune|p2a: Mandibuzz
|
|-weather|Hail|[upkeep]
|-damage|p1a: Landorus|57/100|[from] Hail
|-heal|p2a: Mandibuzz|82/100|[from] item: Leftovers
|upkeep
|turn|18
|
|t:|1707278210
|move|p1a: Landorus|Rock Slide|p2a: Mandibuzz
|-supereffective|p2a: Mandibuzz
|-damage|p2a: Mandibuzz|46/100
|cant|p2a: Mandibuzz|flinch
|
|-weather|Hail|[upkeep]
|-damage|p1a: Landorus|51/100|[from] Hail
|-heal|p2a: Mandibuzz|52/100|[from] item: Leftovers
|upkeep
|turn|19
|
|t:|1707278218
|move|p1a: Landorus|Rock Slide|p2a: Mandibuzz
|-supereffective|p2a: Mandibuzz
|-damage|p2a: Mandibuzz|17/100
|move|p2a: Mandibuzz|Roost|p2a: Mandibuzz
|-heal|p2a: Mandibuzz|67/100
|-singleturn|p2a: Mandibuzz|move: Roost
|
|-weather|Hail|[upkeep]
|-damage|p1a: Landorus|45/100|[from] Hail
|-heal|p2a: Mandibuzz|73/100|[from] item: Leftovers
|upkeep
|turn|20
|
|t:|1707278230
|move|p1a: Landorus|Swords Dance|p1a: Landorus
|-boost|p1a: Landorus|atk|2
|move|p2a: Mandibuzz|U-turn|p1a: Landorus
|-resisted|p1a: Landorus
|-damage|p1a: Landorus|37/100
|
|t:|1707278240
|switch|p2a: Abomasnow|Abomasnow, M|100/100|[from] U-turn
|-damage|p2a: Abomasnow|75/100|[from] Stealth Rock
|
|-weather|Hail|[upkeep]
|-damage|p1a: Landorus|31/100|[from] Hail
|-heal|p2a: Abomasnow|82/100|[from] item: Leftovers
|upkeep
|turn|21
|
|t:|1707278246
|move|p2a: Abomasnow|Ice Shard|p1a: Landorus
|-supereffective|p1a: Landorus
|-damage|p1a: Landorus|0 fnt
|faint|p1a: Landorus
|
|-weather|Hail|[upkeep]
|-heal|p2a: Abomasnow|88/100|[from] item: Leftovers
|upkeep
|j| ismokeherb
|
|t:|1707278253
|switch|p1a: Terrakion|Terrakion, shiny|82/100 tox
|-damage|p1a: Terrakion|76/100 tox|[from] Stealth Rock
|turn|22
|
|t:|1707278257
|switch|p2a: Forretress|Forretress, F|60/100
|-damage|p2a: Forretress|47/100|[from] Stealth Rock
|move|p1a: Terrakion|Close Combat|p2a: Forretress
|-damage|p2a: Forretress|0 fnt
|-unboost|p1a: Terrakion|def|1
|-unboost|p1a: Terrakion|spd|1
|faint|p2a: Forretress
|
|-weather|Hail|[upkeep]
|-damage|p1a: Terrakion|70/100 tox|[from] Hail
|-damage|p1a: Terrakion|63/100 tox|[from] psn
|upkeep
|
|t:|1707278265
|switch|p2a: Breloom|Breloom, F|88/100
|-damage|p2a: Breloom|82/100|[from] Stealth Rock
|turn|23
|l| ismokeherb
|
|t:|1707278270
|move|p2a: Breloom|Mach Punch|p1a: Terrakion
|-supereffective|p1a: Terrakion
|-damage|p1a: Terrakion|0 fnt
|faint|p1a: Terrakion
|
|-weather|Hail|[upkeep]
|-damage|p2a: Breloom|76/100|[from] Hail
|upkeep
|-message|Juaann69 forfeited.
|
|win|el janitor
|raw|Juaann69's rating: 1360 &rarr; <strong>1343</strong><br />(-17 for losing)
|raw|el janitor's rating: 1412 &rarr; <strong>1429</strong><br />(+17 for winning)
|l|☆Juaann69
|player|p1|
