|j|☆Franco J
|j|☆Willthekid65934
|t:|1709865798
|gametype|singles
|player|p1|Franco J|nate|1339
|player|p2|Willthekid65934|steven|1298
|teamsize|p1|6
|teamsize|p2|6
|gen|5
|tier|[Gen 5] OU
|rated|
|rule|Species Clause: Limit one of each Pokémon
|rule|OHKO Clause: OHKO moves are banned
|rule|Moody Clause: Moody is banned
|rule|Evasion Items Clause: Evasion items are banned
|rule|Evasion Moves Clause: Evasion moves are banned
|rule|Endless Battle Clause: Forcing endless battles is banned
|rule|HP Percentage Mod: HP is shown in percentages
|rule|Evasion Abilities Clause: Evasion abilities are banned
|rule|Sleep Moves Clause: Sleep-inducing moves are banned
|rule|Swagger Clause: Swagger is banned
|rule|Baton Pass Stat Clause: No Baton Passer may have a way to boost its stats
|clearpoke
|poke|p1|Lucario, M|item
|poke|p1|Sigilyph, F|item
|poke|p1|Skarmory, F|item
|poke|p1|Gengar, F|item
|poke|p1|Tyranitar, M|item
|poke|p1|Gastrodon, M|item
|poke|p2|Gliscor, M|item
|poke|p2|Tyranitar, M|item
|poke|p2|Mamoswine, M|item
|poke|p2|Keldeo|item
|poke|p2|Amoonguss, F|item
|poke|p2|Excadrill, F|item
|teampreview
|inactive|Battle timer is ON: inactive players will automatically lose when time's up. (requested by Willthekid65934)
|
|t:|1709865813
|start
|switch|p1a: Skarmory|Skarmory, F|100/100
|switch|p2a: kirin|Keldeo|100/100
|turn|1
|
|t:|1709865825
|move|p2a: kirin|Scald|p1a: Skarmory
|-damage|p1a: Skarmory|33/100
|-status|p1a: Skarmory|brn
|move|p1a: Skarmory|Brave Bird|p2a: kirin
|-supereffective|p2a: kirin
|-damage|p2a: kirin|48/100
|-damage|p1a: Skarmory|13/100 brn|[from] Recoil
|
|-heal|p2a: kirin|54/100|[from] item: Leftovers
|-damage|p1a: Skarmory|0 fnt|[from] brn
|faint|p1a: Skarmory
|upkeep
|
|t:|1709865831
|switch|p1a: Karen II|Gengar, F|100/100
|turn|2
|c|☆Willthekid65934|Who karen 1
|inactive|Willthekid65934 has 120 seconds left.
|c|☆Willthekid65934|Gasdrodon?
|
|t:|1709865872
|switch|p2a: Godzilla|Tyranitar, M|100/100
|-weather|Sandstorm|[from] ability: Sand Stream|[of] p2a: Godzilla
|move|p1a: Karen II|Substitute|p1a: Karen II
|-start|p1a: Karen II|Substitute
|-damage|p1a: Karen II|75/100
|
|-weather|Sandstorm|[upkeep]
|-damage|p1a: Karen II|69/100|[from] Sandstorm
|-heal|p1a: Karen II|75/100|[from] item: Black Sludge
|upkeep
|turn|3
|inactive|Franco J has 120 seconds left.
|c|☆Franco J|Willthekid65934: Who karen 1
|c|☆Franco J|I beginniging play pokemon in pokemmo
|j| skarmgood
|
|t:|1709865914
|move|p1a: Karen II|Focus Blast|p2a: Godzilla
|-supereffective|p2a: Godzilla
|-enditem|p2a: Godzilla|Chople Berry|[eat]
|-enditem|p2a: Godzilla|Chople Berry|[weaken]
|-damage|p2a: Godzilla|61/100
|-unboost|p2a: Godzilla|spd|1
|move|p2a: Godzilla|Crunch|p1a: Karen II
|-supereffective|p1a: Karen II
|-end|p1a: Karen II|Substitute
|
|-weather|Sandstorm|[upkeep]
|-damage|p1a: Karen II|69/100|[from] Sandstorm
|-heal|p1a: Karen II|75/100|[from] item: Black Sludge
|upkeep
|turn|4
|inactive|Willthekid65934 has 120 seconds left.
|l| skarmgood
|c|☆Franco J|I breed the karen
|c|☆Franco J|But so for 1 perfect iv
|inactive|Willthekid65934 has 90 seconds left.
|c|☆Willthekid65934|Lol just how fast that dude left
|
|t:|1709865960
|switch|p2a: Mushroom man|Amoonguss, F|100/100
|move|p1a: Karen II|Focus Blast|p2a: Mushroom man
|-resisted|p2a: Mushroom man
|-damage|p2a: Mushroom man|87/100
|
|-weather|Sandstorm|[upkeep]
|-damage|p1a: Karen II|69/100|[from] Sandstorm
|-damage|p2a: Mushroom man|81/100|[from] Sandstorm
|-heal|p1a: Karen II|75/100|[from] item: Black Sludge
|-heal|p2a: Mushroom man|87/100|[from] item: Black Sludge
|upkeep
|turn|5
|
|t:|1709865966
|move|p1a: Karen II|Substitute|p1a: Karen II
|-start|p1a: Karen II|Substitute
|-damage|p1a: Karen II|50/100
|move|p2a: Mushroom man|Hidden Power|p1a: Karen II
|-activate|p1a: Karen II|Substitute|[damage]
|
|-weather|Sandstorm|[upkeep]
|-damage|p1a: Karen II|44/100|[from] Sandstorm
|-damage|p2a: Mushroom man|81/100|[from] Sandstorm
|-heal|p1a: Karen II|50/100|[from] item: Black Sludge
|-heal|p2a: Mushroom man|87/100|[from] item: Black Sludge
|upkeep
|turn|6
|
|t:|1709865974
|move|p1a: Karen II|Shadow Ball|p2a: Mushroom man
|-damage|p2a: Mushroom man|61/100
|move|p2a: Mushroom man|Sludge Bomb|p1a: Karen II
|-resisted|p1a: Karen II
|-end|p1a: Karen II|Substitute
|
|-weather|Sandstorm|[upkeep]
|-damage|p1a: Karen II|44/100|[from] Sandstorm
|-damage|p2a: Mushroom man|55/100|[from] Sandstorm
|-heal|p1a: Karen II|50/100|[from] item: Black Sludge
|-heal|p2a: Mushroom man|61/100|[from] item: Black Sludge
|upkeep
|turn|7
|
|t:|1709865984
|move|p1a: Karen II|Substitute|p1a: Karen II
|-start|p1a: Karen II|Substitute
|-damage|p1a: Karen II|25/100
|move|p2a: Mushroom man|Sludge Bomb|p1a: Karen II
|-resisted|p1a: Karen II
|-activate|p1a: Karen II|Substitute|[damage]
|
|-weather|Sandstorm|[upkeep]
|-damage|p1a: Karen II|19/100|[from] Sandstorm
|-damage|p2a: Mushroom man|55/100|[from] Sandstorm
|-heal|p1a: Karen II|25/100|[from] item: Black Sludge
|-heal|p2a: Mushroom man|61/100|[from] item: Black Sludge
|upkeep
|turn|8
|
|t:|1709865989
|move|p1a: Karen II|Shadow Ball|p2a: Mushroom man
|-damage|p2a: Mushroom man|35/100
|move|p2a: Mushroom man|Sludge Bomb|p1a: Karen II
|-resisted|p1a: Karen II
|-activate|p1a: Karen II|Substitute|[damage]
|
|-weather|Sandstorm|[upkeep]
|-damage|p1a: Karen II|19/100|[from] Sandstorm
|-damage|p2a: Mushroom man|29/100|[from] Sandstorm
|-heal|p1a: Karen II|25/100|[from] item: Black Sludge
|-heal|p2a: Mushroom man|35/100|[from] item: Black Sludge
|upkeep
|turn|9
|inactive|Franco J has 120 seconds left.
|inactive|Willthekid65934 has 120 seconds left.
|
|t:|1709865997
|switch|p2a: Godzilla|Tyranitar, M|61/100
|move|p1a: Karen II|Shadow Ball|p2a: Godzilla
|-resisted|p2a: Godzilla
|-damage|p2a: Godzilla|51/100
|-unboost|p2a: Godzilla|spd|1
|
|-weather|Sandstorm|[upkeep]
|-damage|p1a: Karen II|19/100|[from] Sandstorm
|-heal|p1a: Karen II|25/100|[from] item: Black Sludge
|upkeep
|turn|10
|
|t:|1709866001
|move|p1a: Karen II|Focus Blast|p2a: Godzilla
|-supereffective|p2a: Godzilla
|-damage|p2a: Godzilla|0 fnt
|faint|p2a: Godzilla
|
|-weather|Sandstorm|[upkeep]
|-damage|p1a: Karen II|19/100|[from] Sandstorm
|-heal|p1a: Karen II|25/100|[from] item: Black Sludge
|upkeep
|
|t:|1709866011
|switch|p2a: Mole man|Excadrill, F|100/100
|turn|11
|
|t:|1709866015
|move|p1a: Karen II|Focus Blast|p2a: Mole man|[miss]
|-miss|p1a: Karen II|p2a: Mole man
|move|p2a: Mole man|Iron Head|p1a: Karen II
|-end|p1a: Karen II|Substitute
|
|-weather|Sandstorm|[upkeep]
|-damage|p1a: Karen II|19/100|[from] Sandstorm
|-heal|p1a: Karen II|25/100|[from] item: Black Sludge
|upkeep
|turn|12
|
|t:|1709866021
|move|p1a: Karen II|Focus Blast|p2a: Mole man
|-supereffective|p2a: Mole man
|-damage|p2a: Mole man|7/100
|move|p2a: Mole man|Iron Head|p1a: Karen II
|-damage|p1a: Karen II|0 fnt
|faint|p1a: Karen II
|
|-weather|Sandstorm|[upkeep]
|-heal|p2a: Mole man|13/100|[from] item: Leftovers
|upkeep
|
|t:|1709866030
|switch|p1a: Atenea|Sigilyph, F|100/100
|turn|13
|
|t:|1709866048
|move|p2a: Mole man|Protect|p2a: Mole man
|-singleturn|p2a: Mole man|Protect
|move|p1a: Atenea|Heat Wave|p2a: Mole man
|-activate|p2a: Mole man|move: Protect
|
|-weather|Sandstorm|[upkeep]
|-heal|p2a: Mole man|19/100|[from] item: Leftovers
|upkeep
|turn|14
|
|t:|1709866058
|move|p1a: Atenea|Heat Wave|p2a: Mole man
|-supereffective|p2a: Mole man
|-damage|p2a: Mole man|0 fnt
|faint|p2a: Mole man
|
|-weather|Sandstorm|[upkeep]
|upkeep
|
|t:|1709866064
|switch|p2a: kirin|Keldeo|54/100
|turn|15
|
|t:|1709866071
|move|p2a: kirin|Scald|p1a: Atenea
|-damage|p1a: Atenea|37/100
|move|p1a: Atenea|Air Slash|p2a: kirin
|-supereffective|p2a: kirin
|-damage|p2a: kirin|0 fnt
|faint|p2a: kirin
|
|-weather|Sandstorm|[upkeep]
|upkeep
|
|t:|1709866076
|switch|p2a: Manny|Mamoswine, M|100/100
|turn|16
|
|t:|1709866081
|switch|p1a: Gastrodon|Gastrodon, M|100/100
|move|p2a: Manny|Ice Shard|p1a: Gastrodon
|-damage|p1a: Gastrodon|76/100
|
|-weather|Sandstorm|[upkeep]
|-heal|p1a: Gastrodon|82/100|[from] item: Leftovers
|upkeep
|turn|17
|
|t:|1709866092
|switch|p2a: Mushroom man|Amoonguss, F|68/100
|move|p1a: Gastrodon|Ice Beam|p2a: Mushroom man
|-supereffective|p2a: Mushroom man
|-damage|p2a: Mushroom man|39/100
|
|-weather|Sandstorm|[upkeep]
|-damage|p2a: Mushroom man|33/100|[from] Sandstorm
|-heal|p1a: Gastrodon|88/100|[from] item: Leftovers
|-heal|p2a: Mushroom man|39/100|[from] item: Black Sludge
|upkeep
|turn|18
|
|t:|1709866097
|move|p1a: Gastrodon|Ice Beam|p2a: Mushroom man
|-supereffective|p2a: Mushroom man
|-damage|p2a: Mushroom man|9/100
|move|p2a: Mushroom man|Giga Drain|p1a: Gastrodon
|-supereffective|p1a: Gastrodon
|-damage|p1a: Gastrodon|8/100
|-heal|p2a: Mushroom man|49/100|[from] drain|[of] p1a: Gastrodon
|
|-weather|Sandstorm|[upkeep]
|-damage|p2a: Mushroom man|43/100|[from] Sandstorm
|-heal|p1a: Gastrodon|14/100|[from] item: Leftovers
|-heal|p2a: Mushroom man|49/100|[from] item: Black Sludge
|upkeep
|turn|19
|
|t:|1709866107
|move|p1a: Gastrodon|Ice Beam|p2a: Mushroom man
|-supereffective|p2a: Mushroom man
|-damage|p2a: Mushroom man|19/100
|move|p2a: Mushroom man|Hidden Power|p1a: Gastrodon
|-resisted|p1a: Gastrodon
|-damage|p1a: Gastrodon|8/100
|
|-weather|Sandstorm|[upkeep]
|-damage|p2a: Mushroom man|13/100|[from] Sandstorm
|-heal|p1a: Gastrodon|14/100|[from] item: Leftovers
|-heal|p2a: Mushroom man|19/100|[from] item: Black Sludge
|upkeep
|turn|20
|
|t:|1709866115
|switch|p2a: Manny|Mamoswine, M|100/100
|move|p1a: Gastrodon|Ice Beam|p2a: Manny
|-damage|p2a: Manny|87/100
|
|-weather|Sandstorm|[upkeep]
|-heal|p1a: Gastrodon|20/100|[from] item: Leftovers
|upkeep
|turn|21
|
|t:|1709866119
|move|p1a: Gastrodon|Protect|p1a: Gastrodon
|-singleturn|p1a: Gastrodon|Protect
|move|p2a: Manny|Ice Shard|p1a: Gastrodon
|-activate|p1a: Gastrodon|move: Protect
|
|-weather|Sandstorm|[upkeep]
|-heal|p1a: Gastrodon|26/100|[from] item: Leftovers
|upkeep
|turn|22
|
|t:|1709866125
|switch|p2a: Mushroom man|Amoonguss, F|52/100
|move|p1a: Gastrodon|Recover|p1a: Gastrodon
|-heal|p1a: Gastrodon|76/100
|
|-weather|Sandstorm|[upkeep]
|-damage|p2a: Mushroom man|46/100|[from] Sandstorm
|-heal|p1a: Gastrodon|82/100|[from] item: Leftovers
|-heal|p2a: Mushroom man|52/100|[from] item: Black Sludge
|upkeep
|turn|23
|
|t:|1709866131
|move|p1a: Gastrodon|Ice Beam|p2a: Mushroom man
|-supereffective|p2a: Mushroom man
|-damage|p2a: Mushroom man|26/100
|move|p2a: Mushroom man|Giga Drain|p1a: Gastrodon
|-supereffective|p1a: Gastrodon
|-damage|p1a: Gastrodon|0 fnt
|-heal|p2a: Mushroom man|67/100|[from] drain|[of] p1a: Gastrodon
|faint|p1a: Gastrodon
|
|-weather|Sandstorm|[upkeep]
|-damage|p2a: Mushroom man|61/100|[from] Sandstorm
|-heal|p2a: Mushroom man|67/100|[from] item: Black Sludge
|upkeep
|
|t:|1709866137
|switch|p1a: Ne|Lucario, M|100/100
|turn|24
|
|t:|1709866142
|move|p1a: Ne|Swords Dance|p1a: Ne
|-boost|p1a: Ne|atk|2
|move|p2a: Mushroom man|Stun Spore|p1a: Ne
|-status|p1a: Ne|par
|
|-weather|Sandstorm|[upkeep]
|-damage|p2a: Mushroom man|61/100|[from] Sandstorm
|-heal|p2a: Mushroom man|67/100|[from] item: Black Sludge
|upkeep
|turn|25
|
|t:|1709866150
|move|p2a: Mushroom man|Hidden Power|p1a: Ne
|-supereffective|p1a: Ne
|-damage|p1a: Ne|56/100 par
|move|p1a: Ne|Swords Dance|p1a: Ne
|-boost|p1a: Ne|atk|2
|
|-weather|Sandstorm|[upkeep]
|-damage|p2a: Mushroom man|61/100|[from] Sandstorm
|-heal|p2a: Mushroom man|67/100|[from] item: Black Sludge
|upkeep
|turn|26
|
|t:|1709866157
|cant|p1a: Ne|par
|move|p2a: Mushroom man|Hidden Power|p1a: Ne
|-supereffective|p1a: Ne
|-damage|p1a: Ne|8/100 par
|
|-weather|Sandstorm|[upkeep]
|-damage|p2a: Mushroom man|61/100|[from] Sandstorm
|-heal|p2a: Mushroom man|67/100|[from] item: Black Sludge
|upkeep
|turn|27
|
|t:|1709866162
|cant|p1a: Ne|par
|move|p2a: Mushroom man|Hidden Power|p1a: Ne
|-supereffective|p1a: Ne
|-damage|p1a: Ne|0 fnt
|faint|p1a: Ne
|
|-weather|Sandstorm|[upkeep]
|-damage|p2a: Mushroom man|61/100|[from] Sandstorm
|-heal|p2a: Mushroom man|67/100|[from] item: Black Sludge
|upkeep
|
|t:|1709866165
|switch|p1a: Atenea|Sigilyph, F|37/100
|turn|28
|c|☆Willthekid65934|Hp fire
|c|☆Franco J|ye
|
|t:|1709866177
|move|p1a: Atenea|Air Slash|p2a: Mushroom man
|-supereffective|p2a: Mushroom man
|-damage|p2a: Mushroom man|23/100
|move|p2a: Mushroom man|Sludge Bomb|p1a: Atenea
|-crit|p1a: Atenea
|-damage|p1a: Atenea|0 fnt
|faint|p1a: Atenea
|
|-weather|Sandstorm|[upkeep]
|-damage|p2a: Mushroom man|17/100|[from] Sandstorm
|-heal|p2a: Mushroom man|23/100|[from] item: Black Sludge
|upkeep
|c|☆Willthekid65934|Gg
|c|☆Franco J|gg
|
|t:|1709866187
|switch|p1a: God|Tyranitar, M|100/100
|turn|29
|
|t:|1709866192
|move|p1a: God|Crunch|p2a: Mushroom man
|-damage|p2a: Mushroom man|0 fnt
|faint|p2a: Mushroom man
|
|-weather|Sandstorm|[upkeep]
|upkeep
|
|t:|1709866198
|switch|p2a: Dracula|Gliscor, M|100/100
|turn|30
|
|t:|1709866208
|move|p2a: Dracula|Earthquake|p1a: God
|-supereffective|p1a: God
|-damage|p1a: God|48/100
|move|p1a: God|Crunch|p2a: Dracula
|-damage|p2a: Dracula|72/100
|
|-weather|Sandstorm|[upkeep]
|-status|p2a: Dracula|tox|[from] item: Toxic Orb
|upkeep
|turn|31
|c|☆Willthekid65934|Band?
|
|t:|1709866219
|move|p2a: Dracula|Earthquake|p1a: God
|-supereffective|p1a: God
|-damage|p1a: God|0 fnt
|faint|p1a: God
|
|win|Willthekid65934
|raw|Franco J's rating: 1339 &rarr; <strong>1317</strong><br />(-22 for losing)
|raw|Willthekid65934's rating: 1298 &rarr; <strong>1326</strong><br />(+28 for winning)
|l|☆Franco J
|player|p1|
