|j|‽megastaruniverse
|j|☆Clawdia Chauchat
|t:|1733337766
|gametype|singles
|player|p1|megastaruniverse|nate|1490
|player|p2|Clawdia Chauchat|winona|1420
|teamsize|p1|6
|teamsize|p2|6
|gen|5
|tier|[Gen 5] OU
|rated|
|rule|Species Clause: Limit one of each Pokémon
|rule|OHKO Clause: OHKO moves are banned
|rule|Moody Clause: Moody is banned
|rule|Evasion Items Clause: Evasion items are banned
|rule|Evasion Moves Clause: Evasion moves are banned
|rule|Endless Battle Clause: Forcing endless battles is banned
|rule|HP Percentage Mod: HP is shown in percentages
|rule|Evasion Abilities Clause: Evasion abilities are banned
|rule|Sleep Moves Clause: Sleep-inducing moves are banned
|rule|Swagger Clause: Swagger is banned
|rule|Baton Pass Stat Clause: No Baton Passer may have a way to boost its stats
|clearpoke
|poke|p1|Starmie|item
|poke|p1|Latios, M|item
|poke|p1|Jirachi|item
|poke|p1|Garchomp, M|item
|poke|p1|Dragonite, M|item
|poke|p1|Magnezone|item
|poke|p2|Tyranitar, F|item
|poke|p2|Landorus-Therian, M|item
|poke|p2|Skarmory, M|item
|poke|p2|Jirachi|item
|poke|p2|Reuniclus, F|item
|poke|p2|Latias, F|item
|teampreview
|inactive|Battle timer is ON: inactive players will automatically lose when time's up. (requested by megastaruniverse)
|
|t:|1733337786
|start
|switch|p1a: Jirachi|Jirachi|100/100
|switch|p2a: Tyranitar|Tyranitar, F|100/100
|-weather|Sandstorm|[from] ability: Sand Stream|[of] p2a: Tyranitar
|turn|1
|
|t:|1733337790
|switch|p2a: Reuniclus|Reuniclus, F|100/100
|move|p1a: Jirachi|Stealth Rock|p2a: Reuniclus
|-sidestart|p2: Clawdia Chauchat|move: Stealth Rock
|
|-weather|Sandstorm|[upkeep]
|upkeep
|turn|2
|
|t:|1733337795
|move|p1a: Jirachi|U-turn|p2a: Reuniclus
|-supereffective|p2a: Reuniclus
|-damage|p2a: Reuniclus|68/100
|
|t:|1733337807
|switch|p1a: Dragonite|Dragonite, M|100/100|[from] U-turn
|move|p2a: Reuniclus|Trick|p1a: Dragonite
|-activate|p2a: Reuniclus|move: Trick|[of] p1a: Dragonite
|-item|p1a: Dragonite|Sticky Barb|[from] move: Trick
|-item|p2a: Reuniclus|Choice Band|[from] move: Trick
|
|-weather|Sandstorm|[upkeep]
|-damage|p1a: Dragonite|94/100|[from] Sandstorm
|-damage|p1a: Dragonite|82/100|[from] item: Sticky Barb
|upkeep
|turn|3
|
|t:|1733337815
|switch|p2a: Landorus|Landorus-Therian, M|100/100
|-damage|p2a: Landorus|88/100|[from] Stealth Rock
|-ability|p2a: Landorus|Intimidate|boost
|-unboost|p1a: Dragonite|atk|1
|move|p1a: Dragonite|Outrage|p2a: Landorus
|-damage|p2a: Landorus|43/100
|
|-weather|Sandstorm|[upkeep]
|-damage|p1a: Dragonite|76/100|[from] Sandstorm
|-heal|p2a: Landorus|49/100|[from] item: Leftovers
|-damage|p1a: Dragonite|63/100|[from] item: Sticky Barb
|upkeep
|turn|4
|
|t:|1733337823
|move|p2a: Landorus|Stealth Rock|p1a: Dragonite
|-sidestart|p1: megastaruniverse|move: Stealth Rock
|move|p1a: Dragonite|Outrage|p2a: Landorus|[from]lockedmove
|-damage|p2a: Landorus|5/100
|-start|p1a: Dragonite|confusion|[fatigue]
|
|-weather|Sandstorm|[upkeep]
|-damage|p1a: Dragonite|57/100|[from] Sandstorm
|-heal|p2a: Landorus|11/100|[from] item: Leftovers
|-damage|p1a: Dragonite|45/100|[from] item: Sticky Barb
|upkeep
|turn|5
|
|t:|1733337833
|switch|p1a: Garchomp|Garchomp, M|100/100
|-damage|p1a: Garchomp|94/100|[from] Stealth Rock
|move|p2a: Landorus|Hidden Power|p1a: Garchomp
|-supereffective|p1a: Garchomp
|-damage|p1a: Garchomp|25/100
|
|-weather|Sandstorm|[upkeep]
|-heal|p1a: Garchomp|31/100|[from] item: Leftovers
|-heal|p2a: Landorus|17/100|[from] item: Leftovers
|upkeep
|turn|6
|inactive|Clawdia Chauchat has 120 seconds left.
|inactive|Clawdia Chauchat has 90 seconds left.
|
|t:|1733337901
|move|p1a: Garchomp|Dual Chop|p2a: Landorus
|-damage|p2a: Landorus|0 fnt
|faint|p2a: Landorus
|-hitcount|p2: Landorus|1
|
|-weather|Sandstorm|[upkeep]
|-heal|p1a: Garchomp|37/100|[from] item: Leftovers
|upkeep
|
|t:|1733337904
|switch|p2a: Latias|Latias, F|100/100
|-damage|p2a: Latias|88/100|[from] Stealth Rock
|turn|7
|
|t:|1733337907
|switch|p1a: Jirachi|Jirachi|100/100
|-damage|p1a: Jirachi|94/100|[from] Stealth Rock
|move|p2a: Latias|Psychic|p1a: Jirachi
|-resisted|p1a: Jirachi
|-damage|p1a: Jirachi|88/100
|
|-weather|Sandstorm|[upkeep]
|-damage|p2a: Latias|82/100|[from] Sandstorm
|-heal|p2a: Latias|88/100|[from] item: Leftovers
|upkeep
|turn|8
|inactive|Clawdia Chauchat has 90 seconds left.
|
|t:|1733337942
|switch|p2a: Reuniclus|Reuniclus, F|68/100
|move|p1a: Jirachi|U-turn|p2a: Reuniclus
|-supereffective|p2a: Reuniclus
|-crit|p2a: Reuniclus
|-damage|p2a: Reuniclus|1/100
|
|t:|1733337948
|switch|p1a: Starmie|Starmie|100/100|[from] U-turn
|-damage|p1a: Starmie|88/100|[from] Stealth Rock
|
|-weather|Sandstorm|[upkeep]
|-damage|p1a: Starmie|82/100|[from] Sandstorm
|upkeep
|turn|9
|inactive|Clawdia Chauchat has 90 seconds left.
|
|t:|1733337960
|switch|p2a: Tyranitar|Tyranitar, F|100/100
|-damage|p2a: Tyranitar|88/100|[from] Stealth Rock
|move|p1a: Starmie|Rapid Spin|p2a: Tyranitar
|-resisted|p2a: Tyranitar
|-damage|p2a: Tyranitar|87/100
|-sideend|p1: megastaruniverse|Stealth Rock|[from] move: Rapid Spin|[of] p1a: Starmie
|-damage|p1a: Starmie|72/100|[from] item: Life Orb
|
|-weather|Sandstorm|[upkeep]
|-damage|p1a: Starmie|66/100|[from] Sandstorm
|upkeep
|turn|10
|
|t:|1733337964
|move|p1a: Starmie|Surf|p2a: Tyranitar
|-supereffective|p2a: Tyranitar
|-damage|p2a: Tyranitar|34/100
|-damage|p1a: Starmie|56/100|[from] item: Life Orb
|move|p2a: Tyranitar|Pursuit|p1a: Starmie
|-supereffective|p1a: Starmie
|-damage|p1a: Starmie|0 fnt
|faint|p1a: Starmie
|
|-weather|Sandstorm|[upkeep]
|upkeep
|
|t:|1733337984
|switch|p1a: Dragonite|Dragonite, M|45/100
|turn|11
|inactive|Clawdia Chauchat has 90 seconds left.
|
|t:|1733338018
|switch|p2a: Reuniclus|Reuniclus, F|1/100
|move|p1a: Dragonite|Dragon Claw|p2a: Reuniclus
|-damage|p2a: Reuniclus|0 fnt
|faint|p2a: Reuniclus
|
|-weather|Sandstorm|[upkeep]
|-damage|p1a: Dragonite|39/100|[from] Sandstorm
|-damage|p1a: Dragonite|26/100|[from] item: Sticky Barb
|upkeep
|
|t:|1733338021
|switch|p2a: Latias|Latias, F|88/100
|-damage|p2a: Latias|76/100|[from] Stealth Rock
|turn|12
|
|t:|1733338031
|switch|p1a: Jirachi|Jirachi|88/100
|move|p2a: Latias|Psychic|p1a: Jirachi
|-resisted|p1a: Jirachi
|-damage|p1a: Jirachi|82/100
|
|-weather|Sandstorm|[upkeep]
|-damage|p2a: Latias|70/100|[from] Sandstorm
|-heal|p2a: Latias|76/100|[from] item: Leftovers
|upkeep
|turn|13
|inactive|Clawdia Chauchat has 90 seconds left.
|
|t:|1733338060
|move|p2a: Latias|Recover|p2a: Latias
|-heal|p2a: Latias|100/100
|move|p1a: Jirachi|U-turn|p2a: Latias
|-supereffective|p2a: Latias
|-damage|p2a: Latias|61/100
|
|t:|1733338075
|switch|p1a: Magnezone|Magnezone|100/100|[from] U-turn
|
|-weather|Sandstorm|[upkeep]
|-damage|p2a: Latias|55/100|[from] Sandstorm
|-heal|p2a: Latias|61/100|[from] item: Leftovers
|upkeep
|turn|14
|inactive|Clawdia Chauchat has 90 seconds left.
|
|t:|1733338093
|move|p2a: Latias|Surf|p1a: Magnezone
|-damage|p1a: Magnezone|60/100
|move|p1a: Magnezone|Flash Cannon|p2a: Latias
|-damage|p2a: Latias|5/100
|
|-weather|Sandstorm|[upkeep]
|-damage|p2a: Latias|0 fnt|[from] Sandstorm
|faint|p2a: Latias
|upkeep
|
|t:|1733338100
|switch|p2a: Jirachi|Jirachi|100/100
|-damage|p2a: Jirachi|94/100|[from] Stealth Rock
|turn|15
|
|t:|1733338109
|switch|p1a: Jirachi|Jirachi|82/100
|move|p2a: Jirachi|Hidden Power|p1a: Jirachi
|-supereffective|p1a: Jirachi
|-damage|p1a: Jirachi|59/100
|
|-weather|Sandstorm|[upkeep]
|-heal|p2a: Jirachi|100/100|[from] item: Leftovers
|upkeep
|turn|16
|inactive|Clawdia Chauchat has 90 seconds left.
|inactive|Clawdia Chauchat has 60 seconds left.
|
|t:|1733338159
|move|p2a: Jirachi|Calm Mind|p2a: Jirachi
|-boost|p2a: Jirachi|spa|1
|-boost|p2a: Jirachi|spd|1
|move|p1a: Jirachi|U-turn|p2a: Jirachi
|-damage|p2a: Jirachi|84/100
|
|t:|1733338166
|switch|p1a: Garchomp|Garchomp, M|37/100|[from] U-turn
|
|-weather|Sandstorm|[upkeep]
|-heal|p1a: Garchomp|43/100|[from] item: Leftovers
|-heal|p2a: Jirachi|90/100|[from] item: Leftovers
|upkeep
|turn|17
|inactive|Clawdia Chauchat has 60 seconds left.
|inactive|Clawdia Chauchat has 30 seconds left.
|inactive|Clawdia Chauchat has 20 seconds left.
|inactive|Clawdia Chauchat has 15 seconds left.
|inactive|Clawdia Chauchat has 10 seconds left.
|
|t:|1733338228
|move|p1a: Garchomp|Earthquake|p2a: Jirachi
|-supereffective|p2a: Jirachi
|-damage|p2a: Jirachi|0 fnt
|faint|p2a: Jirachi
|
|-weather|Sandstorm|[upkeep]
|-heal|p1a: Garchomp|50/100|[from] item: Leftovers
|upkeep
|inactive|Clawdia Chauchat has 15 seconds left this turn.
|
|t:|1733338230
|switch|p2a: Skarmory|Skarmory, M|100/100
|-damage|p2a: Skarmory|88/100|[from] Stealth Rock
|turn|18
|inactive|Clawdia Chauchat has 25 seconds left this turn.
|-message|Clawdia Chauchat forfeited.
|
|win|megastaruniverse
|raw|megastaruniverse's rating: 1490 &rarr; <strong>1506</strong><br />(+16 for winning)
|raw|Clawdia Chauchat's rating: 1420 &rarr; <strong>1404</strong><br />(-16 for losing)
|l|☆Clawdia Chauchat
|player|p2|
