|j|☆big ups pal
|j|☆Clawdia Chauchat
|t:|1706193173
|gametype|singles
|player|p1|big ups pal|miku-ground|1458
|player|p2|Clawdia Chauchat|winona|1463
|teamsize|p1|6
|teamsize|p2|6
|gen|5
|tier|[Gen 5] OU
|rated|
|rule|Species Clause: Limit one of each Pokémon
|rule|OHKO Clause: OHKO moves are banned
|rule|Moody Clause: Moody is banned
|rule|Evasion Items Clause: Evasion items are banned
|rule|Evasion Moves Clause: Evasion moves are banned
|rule|Endless Battle Clause: Forcing endless battles is banned
|rule|HP Percentage Mod: HP is shown in percentages
|rule|Evasion Abilities Clause: Evasion abilities are banned
|rule|Sleep Moves Clause: Sleep-inducing moves are banned
|rule|Swagger Clause: Swagger is banned
|rule|Baton Pass Stat Clause: No Baton Passer may have a way to boost its stats
|clearpoke
|poke|p1|Politoed, M|item
|poke|p1|Breloom, M|item
|poke|p1|Latios, M|item
|poke|p1|Tentacruel, M|item
|poke|p1|Mamoswine, F|item
|poke|p1|Bronzong|item
|poke|p2|Dragonite, M|item
|poke|p2|Starmie|item
|poke|p2|Volcarona, F|item
|poke|p2|Garchomp, F|item
|poke|p2|Latios, M|item
|poke|p2|Scizor, F|item
|teampreview
|
|t:|1706193193
|start
|switch|p1a: Latios|Latios, M|100/100
|switch|p2a: Concorde I Miss U|Latios, M|100/100
|turn|1
|c|☆big ups pal|Shake on draco?
|c|☆Clawdia Chauchat|yes
|
|t:|1706193230
|move|p1a: Latios|Draco Meteor|p2a: Concorde I Miss U
|-supereffective|p2a: Concorde I Miss U
|-crit|p2a: Concorde I Miss U
|-damage|p2a: Concorde I Miss U|0 fnt
|-unboost|p1a: Latios|spa|2
|faint|p2a: Concorde I Miss U
|
|upkeep
|
|t:|1706193233
|switch|p2a: Arab Strap|Scizor, F|100/100
|turn|2
|
|t:|1706193242
|-activate|p1a: Latios|move: Pursuit
|move|p2a: Arab Strap|Pursuit|p1a: Latios|[from]Pursuit
|-supereffective|p1a: Latios
|-damage|p1a: Latios|8/100
|-damage|p2a: Arab Strap|91/100|[from] item: Life Orb
|switch|p1a: Politoed|Politoed, M|100/100
|-weather|RainDance|[from] ability: Drizzle|[of] p1a: Politoed
|
|-weather|RainDance|[upkeep]
|upkeep
|turn|3
|
|t:|1706193257
|switch|p2a: UFO Friend|Starmie, shiny|100/100
|move|p1a: Politoed|Scald|p2a: UFO Friend
|-resisted|p2a: UFO Friend
|-damage|p2a: UFO Friend|70/100
|
|-weather|RainDance|[upkeep]
|upkeep
|turn|4
|
|t:|1706193273
|move|p2a: UFO Friend|Thunderbolt|p1a: Politoed
|-supereffective|p1a: Politoed
|-damage|p1a: Politoed|31/100
|-damage|p2a: UFO Friend|60/100|[from] item: Life Orb
|move|p1a: Politoed|Encore|p2a: UFO Friend
|-start|p2a: UFO Friend|Encore
|
|-weather|RainDance|[upkeep]
|-heal|p1a: Politoed|38/100|[from] item: Leftovers
|upkeep
|turn|5
|
|t:|1706193283
|switch|p2a: Shawn Marion|Garchomp, F|100/100
|switch|p1a: Mamoswine|Mamoswine, F|100/100
|
|-weather|RainDance|[upkeep]
|upkeep
|turn|6
|
|t:|1706193295
|move|p1a: Mamoswine|Ice Shard|p2a: Shawn Marion
|-supereffective|p2a: Shawn Marion
|-enditem|p2a: Shawn Marion|Focus Sash
|-damage|p2a: Shawn Marion|1/100
|move|p2a: Shawn Marion|Earthquake|p1a: Mamoswine
|-damage|p1a: Mamoswine|40/100
|
|-weather|RainDance|[upkeep]
|upkeep
|turn|7
|
|t:|1706193324
|move|p2a: Shawn Marion|Stealth Rock|p1a: Mamoswine
|-sidestart|p1: big ups pal|move: Stealth Rock
|move|p1a: Mamoswine|Substitute|p1a: Mamoswine
|-start|p1a: Mamoswine|Substitute
|-damage|p1a: Mamoswine|15/100
|
|-weather|RainDance|[upkeep]
|upkeep
|turn|8
|
|t:|1706193343
|move|p1a: Mamoswine|Ice Shard|p2a: Shawn Marion
|-supereffective|p2a: Shawn Marion
|-damage|p2a: Shawn Marion|0 fnt
|faint|p2a: Shawn Marion
|
|-weather|RainDance|[upkeep]
|upkeep
|
|t:|1706193348
|switch|p2a: UFO Friend|Starmie, shiny|60/100
|turn|9
|
|t:|1706193353
|move|p2a: UFO Friend|Ice Beam|p1a: Mamoswine
|-end|p1a: Mamoswine|Substitute
|-damage|p2a: UFO Friend|50/100|[from] item: Life Orb
|move|p1a: Mamoswine|Earthquake|p2a: UFO Friend
|-damage|p2a: UFO Friend|0 fnt
|faint|p2a: UFO Friend
|
|-weather|RainDance|[upkeep]
|upkeep
|
|t:|1706193365
|switch|p2a: Les Fleurs du Mal|Volcarona, F, shiny|100/100
|turn|10
|
|t:|1706193368
|move|p2a: Les Fleurs du Mal|Bug Buzz|p1a: Mamoswine
|-damage|p1a: Mamoswine|0 fnt
|faint|p1a: Mamoswine
|
|-weather|RainDance|[upkeep]
|upkeep
|
|t:|1706193396
|switch|p1a: Tentacruel|Tentacruel, M|100/100
|-damage|p1a: Tentacruel|88/100|[from] Stealth Rock
|turn|11
|
|t:|1706193424
|move|p1a: Tentacruel|Scald|p2a: Les Fleurs du Mal
|-supereffective|p2a: Les Fleurs du Mal
|-damage|p2a: Les Fleurs du Mal|34/100
|-enditem|p2a: Les Fleurs du Mal|Sitrus Berry|[eat]
|-heal|p2a: Les Fleurs du Mal|59/100|[from] item: Sitrus Berry
|move|p2a: Les Fleurs du Mal|Quiver Dance|p2a: Les Fleurs du Mal
|-boost|p2a: Les Fleurs du Mal|spa|1
|-boost|p2a: Les Fleurs du Mal|spd|1
|-boost|p2a: Les Fleurs du Mal|spe|1
|
|-weather|RainDance|[upkeep]
|-heal|p1a: Tentacruel|94/100|[from] ability: Rain Dish
|-heal|p1a: Tentacruel|99/100|[from] item: Black Sludge
|upkeep
|turn|12
|
|t:|1706193442
|move|p2a: Les Fleurs du Mal|Quiver Dance|p2a: Les Fleurs du Mal
|-boost|p2a: Les Fleurs du Mal|spa|1
|-boost|p2a: Les Fleurs du Mal|spd|1
|-boost|p2a: Les Fleurs du Mal|spe|1
|move|p1a: Tentacruel|Toxic|p2a: Les Fleurs du Mal
|-status|p2a: Les Fleurs du Mal|tox
|
|-weather|RainDance|[upkeep]
|-heal|p1a: Tentacruel|100/100|[from] ability: Rain Dish
|-damage|p2a: Les Fleurs du Mal|53/100 tox|[from] psn
|upkeep
|turn|13
|
|t:|1706193449
|move|p2a: Les Fleurs du Mal|Quiver Dance|p2a: Les Fleurs du Mal
|-boost|p2a: Les Fleurs du Mal|spa|1
|-boost|p2a: Les Fleurs du Mal|spd|1
|-boost|p2a: Les Fleurs du Mal|spe|1
|move|p1a: Tentacruel|Rapid Spin|p2a: Les Fleurs du Mal
|-damage|p2a: Les Fleurs du Mal|49/100 tox
|-sideend|p1: big ups pal|Stealth Rock|[from] move: Rapid Spin|[of] p1a: Tentacruel
|
|-weather|RainDance|[upkeep]
|-damage|p2a: Les Fleurs du Mal|37/100 tox|[from] psn
|upkeep
|turn|14
|
|t:|1706193455
|move|p1a: Tentacruel|Protect|p1a: Tentacruel
|-singleturn|p1a: Tentacruel|Protect
|move|p2a: Les Fleurs du Mal|Hidden Power|p1a: Tentacruel
|-activate|p1a: Tentacruel|move: Protect
|
|-weather|RainDance|[upkeep]
|-damage|p2a: Les Fleurs du Mal|18/100 tox|[from] psn
|upkeep
|turn|15
|
|t:|1706193458
|move|p1a: Tentacruel|Protect|p1a: Tentacruel
|-singleturn|p1a: Tentacruel|Protect
|move|p2a: Les Fleurs du Mal|Bug Buzz|p1a: Tentacruel
|-activate|p1a: Tentacruel|move: Protect
|
|-weather|RainDance|[upkeep]
|-damage|p2a: Les Fleurs du Mal|0 fnt|[from] psn
|faint|p2a: Les Fleurs du Mal
|upkeep
|
|t:|1706193468
|switch|p2a: This Heat|Dragonite, M|100/100
|turn|16
|
|t:|1706193470
|move|p1a: Tentacruel|Scald|p2a: This Heat
|-resisted|p2a: This Heat
|-damage|p2a: This Heat|91/100
|move|p2a: This Heat|Draco Meteor|p1a: Tentacruel
|-damage|p1a: Tentacruel|34/100
|-unboost|p2a: This Heat|spa|2
|-damage|p2a: This Heat|81/100|[from] item: Life Orb
|
|-weather|RainDance|[upkeep]
|-heal|p1a: Tentacruel|40/100|[from] ability: Rain Dish
|-heal|p1a: Tentacruel|46/100|[from] item: Black Sludge
|upkeep
|turn|17
|
|t:|1706193477
|move|p2a: This Heat|Extreme Speed|p1a: Tentacruel
|-damage|p1a: Tentacruel|5/100
|-damage|p2a: This Heat|71/100|[from] item: Life Orb
|move|p1a: Tentacruel|Toxic|p2a: This Heat
|-status|p2a: This Heat|tox
|
|-weather|RainDance|[upkeep]
|-heal|p1a: Tentacruel|11/100|[from] ability: Rain Dish
|-heal|p1a: Tentacruel|17/100|[from] item: Black Sludge
|-damage|p2a: This Heat|65/100 tox|[from] psn
|upkeep
|turn|18
|
|t:|1706193497
|move|p2a: This Heat|Extreme Speed|p1a: Tentacruel
|-damage|p1a: Tentacruel|0 fnt
|faint|p1a: Tentacruel
|-damage|p2a: This Heat|55/100 tox|[from] item: Life Orb
|
|-weather|RainDance|[upkeep]
|-damage|p2a: This Heat|43/100 tox|[from] psn
|upkeep
|
|t:|1706193510
|switch|p1a: Breloom|Breloom, M, shiny|100/100
|turn|19
|
|t:|1706193614
|move|p2a: This Heat|Superpower|p1a: Breloom
|-damage|p1a: Breloom|28/100
|-unboost|p2a: This Heat|atk|1
|-unboost|p2a: This Heat|def|1
|-damage|p2a: This Heat|33/100 tox|[from] item: Life Orb
|move|p1a: Breloom|Swords Dance|p1a: Breloom
|-boost|p1a: Breloom|atk|2
|
|-weather|RainDance|[upkeep]
|-damage|p2a: This Heat|14/100 tox|[from] psn
|-status|p1a: Breloom|tox|[from] item: Toxic Orb
|upkeep
|turn|20
|
|t:|1706193620
|move|p1a: Breloom|Protect|p1a: Breloom
|-singleturn|p1a: Breloom|Protect
|move|p2a: This Heat|Superpower|p1a: Breloom
|-activate|p1a: Breloom|move: Protect
|
|-weather|RainDance|[upkeep]
|-damage|p2a: This Heat|0 fnt|[from] psn
|faint|p2a: This Heat
|-heal|p1a: Breloom|41/100 tox|[from] ability: Poison Heal
|upkeep
|
|t:|1706193622
|switch|p2a: Arab Strap|Scizor, F|91/100
|turn|21
|
|t:|1706193631
|move|p2a: Arab Strap|Bullet Punch|p1a: Breloom
|-damage|p1a: Breloom|0 fnt
|faint|p1a: Breloom
|-damage|p2a: Arab Strap|81/100|[from] item: Life Orb
|
|-weather|RainDance|[upkeep]
|upkeep
|
|t:|1706193651
|switch|p1a: Politoed|Politoed, M|38/100
|turn|22
|
|t:|1706193654
|move|p1a: Politoed|Protect|p1a: Politoed
|-singleturn|p1a: Politoed|Protect
|move|p2a: Arab Strap|Superpower|p1a: Politoed
|-activate|p1a: Politoed|move: Protect
|
|-weather|RainDance|[upkeep]
|-heal|p1a: Politoed|44/100|[from] item: Leftovers
|upkeep
|turn|23
|
|t:|1706193665
|move|p2a: Arab Strap|Superpower|p1a: Politoed
|-damage|p1a: Politoed|2/100
|-unboost|p2a: Arab Strap|atk|1
|-unboost|p2a: Arab Strap|def|1
|-damage|p2a: Arab Strap|71/100|[from] item: Life Orb
|move|p1a: Politoed|Scald|p2a: Arab Strap
|-damage|p2a: Arab Strap|18/100
|-status|p2a: Arab Strap|brn
|
|-weather|RainDance|[upkeep]
|-heal|p1a: Politoed|8/100|[from] item: Leftovers
|-damage|p2a: Arab Strap|6/100 brn|[from] brn
|upkeep
|turn|24
|c|☆Clawdia Chauchat|gg
|c|☆big ups pal|gg
|-message|Clawdia Chauchat forfeited.
|
|win|big ups pal
|raw|big ups pal's rating: 1458 &rarr; <strong>1478</strong><br />(+20 for winning)
|raw|Clawdia Chauchat's rating: 1463 &rarr; <strong>1443</strong><br />(-20 for losing)
|l|☆Clawdia Chauchat
|player|p2|
