|j|☆SK8HEAD
|j|☆KOZIGEORGE
|t:|1706194321
|gametype|singles
|player|p1|SK8HEAD|102|1343
|player|p2|KOZIGEORGE|steven|1341
|teamsize|p1|6
|teamsize|p2|6
|gen|5
|tier|[Gen 5] OU
|rated|
|rule|Species Clause: Limit one of each Pokémon
|rule|OHKO Clause: OHKO moves are banned
|rule|Moody Clause: Moody is banned
|rule|Evasion Items Clause: Evasion items are banned
|rule|Evasion Moves Clause: Evasion moves are banned
|rule|Endless Battle Clause: Forcing endless battles is banned
|rule|HP Percentage Mod: HP is shown in percentages
|rule|Evasion Abilities Clause: Evasion abilities are banned
|rule|Sleep Moves Clause: Sleep-inducing moves are banned
|rule|Swagger Clause: Swagger is banned
|rule|Baton Pass Stat Clause: No Baton Passer may have a way to boost its stats
|clearpoke
|poke|p1|Tyranitar, F|item
|poke|p1|Reuniclus, F|item
|poke|p1|Alakazam, M|item
|poke|p1|Jirachi|item
|poke|p1|Terrakion|item
|poke|p1|Latios, M|item
|poke|p2|Garchomp, F|item
|poke|p2|Volcarona, F|item
|poke|p2|Dragonite, M|item
|poke|p2|Breloom, F|item
|poke|p2|Starmie|item
|poke|p2|Scizor, M|item
|teampreview
|inactive|Battle timer is ON: inactive players will automatically lose when time's up. (requested by SK8HEAD)
|
|t:|1706194330
|start
|switch|p1a: Terrakion|Terrakion|100/100
|switch|p2a: Garchomp|Garchomp, F|100/100
|turn|1
|
|t:|1706194337
|switch|p1a: Latios|Latios, M|100/100
|move|p2a: Garchomp|Earthquake|p1a: Latios
|-immune|p1a: Latios|[from] ability: Levitate
|
|upkeep
|turn|2
|
|t:|1706194346
|switch|p1a: Jirachi|Jirachi|100/100
|move|p2a: Garchomp|Stealth Rock|p1a: Jirachi
|-sidestart|p1: SK8HEAD|move: Stealth Rock
|
|upkeep
|turn|3
|
|t:|1706194349
|move|p2a: Garchomp|Earthquake|p1a: Jirachi
|-supereffective|p1a: Jirachi
|-damage|p1a: Jirachi|9/100
|move|p1a: Jirachi|Body Slam|p2a: Garchomp
|-damage|p2a: Garchomp|80/100
|-status|p2a: Garchomp|par
|-damage|p1a: Jirachi|0 fnt|[from] ability: Rough Skin|[of] p2a: Garchomp
|faint|p1a: Jirachi
|
|upkeep
|
|t:|1706194354
|switch|p1a: Alakazam|Alakazam, M|100/100
|turn|4
|
|t:|1706194362
|move|p1a: Alakazam|Hidden Power|p2a: Garchomp
|-supereffective|p2a: Garchomp
|-damage|p2a: Garchomp|0 fnt
|faint|p2a: Garchomp
|
|upkeep
|
|t:|1706194366
|switch|p2a: Scizor|Scizor, M|100/100
|turn|5
|
|t:|1706194372
|move|p1a: Alakazam|Focus Blast|p2a: Scizor
|-damage|p2a: Scizor|36/100
|move|p2a: Scizor|Pursuit|p1a: Alakazam
|-supereffective|p1a: Alakazam
|-enditem|p1a: Alakazam|Focus Sash
|-damage|p1a: Alakazam|1/100
|-damage|p2a: Scizor|26/100|[from] item: Life Orb
|
|upkeep
|turn|6
|j| big ups pal
|
|t:|1706194382
|switch|p1a: Reuniclus|Reuniclus, F|100/100
|-damage|p1a: Reuniclus|88/100|[from] Stealth Rock
|move|p2a: Scizor|Bullet Punch|p1a: Reuniclus
|-crit|p1a: Reuniclus
|-damage|p1a: Reuniclus|0 fnt
|faint|p1a: Reuniclus
|-damage|p2a: Scizor|16/100|[from] item: Life Orb
|
|upkeep
|c|☆KOZIGEORGE|tf
|c|☆SK8HEAD|lol
|c|☆KOZIGEORGE|no hp reuni?
|j| Ash ketchum909
|c|☆SK8HEAD|max hp
|c|☆SK8HEAD|max spdf
|c|☆KOZIGEORGE|Jesus christ
|inactive|SK8HEAD has 120 seconds left.
|c|☆KOZIGEORGE|that was a lot
|c| big ups pal|No guard reuni??
|c|☆KOZIGEORGE|did not expect that
|c| Ash ketchum909|What happened
|c|☆SK8HEAD|its regen reun, its an anti rain cheese
|inactive|SK8HEAD has 90 seconds left.
|c|☆KOZIGEORGE|how many ppl are here?
|c|☆SK8HEAD|just 60d rain last game lol but here we are
|
|t:|1706194468
|switch|p1a: Latios|Latios, M|100/100
|-damage|p1a: Latios|88/100|[from] Stealth Rock
|turn|7
|c| Ash ketchum909|4 people are here
|
|t:|1706194488
|switch|p2a: Starmie|Starmie|100/100
|-item|p2a: Starmie|Air Balloon
|move|p1a: Latios|Surf|p2a: Starmie
|-resisted|p2a: Starmie
|-damage|p2a: Starmie|76/100
|-enditem|p2a: Starmie|Air Balloon
|
|upkeep
|turn|8
|c| big ups pal|MG thunder reuni is the rain cheese
|c|☆SK8HEAD|ik
|c|☆SK8HEAD|im runnin goob shit
|inactive|SK8HEAD has 60 seconds left.
|c|☆SK8HEAD|this teams ass im jus fuckin around
|c| big ups pal|Fairs I was running skill swap bronz yesterday
|c| big ups pal|Maybe turns out it isn't  that good
|inactive|SK8HEAD has 30 seconds left.
|c|☆KOZIGEORGE|skill swamp bronz is legit
|c|☆SK8HEAD|yo wtf i got cooked by a dude runnin that a while back lmfaoo
|c|☆KOZIGEORGE|swap
|inactive|SK8HEAD has 20 seconds left.
|
|t:|1706194559
|move|p2a: Starmie|Hydro Pump|p1a: Latios
|-resisted|p1a: Latios
|-damage|p1a: Latios|63/100
|move|p1a: Latios|Draco Meteor|p2a: Starmie
|-damage|p2a: Starmie|0 fnt
|-unboost|p1a: Latios|spa|2
|faint|p2a: Starmie
|
|upkeep
|inactive|SK8HEAD has 25 seconds left this turn.
|
|t:|1706194569
|switch|p2a: Volcarona|Volcarona, F|100/100
|turn|9
|
|t:|1706194574
|switch|p1a: Terrakion|Terrakion|100/100
|-damage|p1a: Terrakion|94/100|[from] Stealth Rock
|move|p2a: Volcarona|Quiver Dance|p2a: Volcarona
|-boost|p2a: Volcarona|spa|1
|-boost|p2a: Volcarona|spd|1
|-boost|p2a: Volcarona|spe|1
|
|upkeep
|turn|10
|
|t:|1706194576
|move|p2a: Volcarona|Psychic|p1a: Terrakion
|-supereffective|p1a: Terrakion
|-damage|p1a: Terrakion|0 fnt
|faint|p1a: Terrakion
|
|upkeep
|
|t:|1706194581
|switch|p1a: Tyranitar|Tyranitar, F|100/100
|-damage|p1a: Tyranitar|88/100|[from] Stealth Rock
|-weather|Sandstorm|[from] ability: Sand Stream|[of] p1a: Tyranitar
|turn|11
|
|t:|1706194589
|move|p2a: Volcarona|Bug Buzz|p1a: Tyranitar
|-supereffective|p1a: Tyranitar
|-damage|p1a: Tyranitar|0 fnt
|faint|p1a: Tyranitar
|
|-weather|Sandstorm|[upkeep]
|-damage|p2a: Volcarona|94/100|[from] Sandstorm
|upkeep
|
|t:|1706194592
|switch|p1a: Latios|Latios, M|63/100
|-damage|p1a: Latios|50/100|[from] Stealth Rock
|turn|12
|c| big ups pal|When it works it fucks but I run into a 4 moveslot issue when running it
|
|t:|1706194595
|move|p2a: Volcarona|Bug Buzz|p1a: Latios
|-supereffective|p1a: Latios
|-damage|p1a: Latios|0 fnt
|faint|p1a: Latios
|
|-weather|Sandstorm|[upkeep]
|-damage|p2a: Volcarona|88/100|[from] Sandstorm
|upkeep
|c|☆KOZIGEORGE|gg
|c|☆SK8HEAD|ggs
|c|☆SK8HEAD|reup gang?
|inactive|SK8HEAD has 60 seconds left.
|
|t:|1706194612
|switch|p1a: Alakazam|Alakazam, M|1/100
|turn|13
|
|t:|1706194617
|move|p2a: Volcarona|Bug Buzz|p1a: Alakazam
|-supereffective|p1a: Alakazam
|-damage|p1a: Alakazam|0 fnt
|faint|p1a: Alakazam
|
|win|KOZIGEORGE
|raw|SK8HEAD's rating: 1343 &rarr; <strong>1323</strong><br />(-20 for losing)
|raw|KOZIGEORGE's rating: 1341 &rarr; <strong>1361</strong><br />(+20 for winning)
|c| Ash ketchum909|Velcrona is op
