|j|☆leoperi99
|j|☆hooters enthusiast
|t:|1716057205
|gametype|singles
|player|p1|leoperi99|drayden|1467
|player|p2|hooters enthusiast|cyrus|1447
|teamsize|p1|6
|teamsize|p2|6
|gen|5
|tier|[Gen 5] OU
|rated|
|rule|Species Clause: Limit one of each Pokémon
|rule|OHKO Clause: OHKO moves are banned
|rule|Moody Clause: Moody is banned
|rule|Evasion Items Clause: Evasion items are banned
|rule|Evasion Moves Clause: Evasion moves are banned
|rule|Endless Battle Clause: Forcing endless battles is banned
|rule|HP Percentage Mod: HP is shown in percentages
|rule|Evasion Abilities Clause: Evasion abilities are banned
|rule|Sleep Moves Clause: Sleep-inducing moves are banned
|rule|Swagger Clause: Swagger is banned
|rule|Baton Pass Stat Clause: No Baton Passer may have a way to boost its stats
|clearpoke
|poke|p1|Abomasnow, M|item
|poke|p1|Gliscor, F|item
|poke|p1|Kyurem|item
|poke|p1|Starmie|item
|poke|p1|Skarmory, F|item
|poke|p1|Latios, M|item
|poke|p2|Magnezone|item
|poke|p2|Kyurem-Black|item
|poke|p2|Latios, M|item
|poke|p2|Garchomp, M|item
|poke|p2|Jirachi|item
|poke|p2|Reuniclus, M|item
|teampreview
|inactive|Battle timer is ON: inactive players will automatically lose when time's up. (requested by hooters enthusiast)
|inactive|leoperi99 has 120 seconds left.
|inactive|leoperi99 has 90 seconds left.
|
|t:|1716057273
|start
|switch|p1a: Abomasnow|Abomasnow, M, shiny|100/100
|switch|p2a: Xmas Ornament|Jirachi|100/100
|-weather|Hail|[from] ability: Snow Warning|[of] p1a: Abomasnow
|turn|1
|
|t:|1716057279
|move|p2a: Xmas Ornament|Stealth Rock|p1a: Abomasnow
|-sidestart|p1: leoperi99|move: Stealth Rock
|move|p1a: Abomasnow|Leech Seed|p2a: Xmas Ornament
|-start|p2a: Xmas Ornament|move: Leech Seed
|
|-weather|Hail|[upkeep]
|-damage|p2a: Xmas Ornament|94/100|[from] Hail
|-heal|p2a: Xmas Ornament|100/100|[from] item: Leftovers
|-damage|p2a: Xmas Ornament|88/100|[from] Leech Seed|[of] p1a: Abomasnow
|upkeep
|turn|2
|
|t:|1716057283
|move|p1a: Abomasnow|Protect|p1a: Abomasnow
|-singleturn|p1a: Abomasnow|Protect
|move|p2a: Xmas Ornament|U-turn|p1a: Abomasnow
|-activate|p1a: Abomasnow|move: Protect
|
|-weather|Hail|[upkeep]
|-damage|p2a: Xmas Ornament|82/100|[from] Hail
|-heal|p2a: Xmas Ornament|88/100|[from] item: Leftovers
|-damage|p2a: Xmas Ornament|76/100|[from] Leech Seed|[of] p1a: Abomasnow
|upkeep
|turn|3
|
|t:|1716057290
|move|p2a: Xmas Ornament|U-turn|p1a: Abomasnow
|-supereffective|p1a: Abomasnow
|-crit|p1a: Abomasnow
|-damage|p1a: Abomasnow|33/100
|
|t:|1716057297
|switch|p2a: Turbo|Kyurem-Black, shiny|100/100|[from] U-turn
|-ability|p2a: Turbo|Teravolt
|move|p1a: Abomasnow|Blizzard|p2a: Turbo
|-crit|p2a: Turbo
|-damage|p2a: Turbo|4/100
|
|-weather|Hail|[upkeep]
|-heal|p1a: Abomasnow|39/100|[from] item: Leftovers
|upkeep
|turn|4
|
|t:|1716057308
|move|p1a: Abomasnow|Protect|p1a: Abomasnow
|-singleturn|p1a: Abomasnow|Protect
|move|p2a: Turbo|Dragon Claw|p1a: Abomasnow
|-activate|p1a: Abomasnow|move: Protect
|
|-weather|Hail|[upkeep]
|-heal|p1a: Abomasnow|46/100|[from] item: Leftovers
|upkeep
|turn|5
|
|t:|1716057317
|switch|p2a: The Claw|Magnezone, shiny|100/100
|-item|p2a: The Claw|Air Balloon
|switch|p1a: Skarmory|Skarmory, F|100/100
|-damage|p1a: Skarmory|88/100|[from] Stealth Rock
|
|-weather|Hail|[upkeep]
|-damage|p2a: The Claw|94/100|[from] Hail
|-damage|p1a: Skarmory|82/100|[from] Hail
|-heal|p1a: Skarmory|88/100|[from] item: Leftovers
|upkeep
|turn|6
|
|t:|1716057320
|move|p2a: The Claw|Discharge|p1a: Skarmory
|-supereffective|p1a: Skarmory
|-damage|p1a: Skarmory|10/100
|-status|p1a: Skarmory|par
|move|p1a: Skarmory|Spikes|p2a: The Claw
|-sidestart|p2: hooters enthusiast|Spikes
|
|-weather|Hail|[upkeep]
|-damage|p2a: The Claw|88/100|[from] Hail
|-damage|p1a: Skarmory|4/100 par|[from] Hail
|-heal|p1a: Skarmory|10/100 par|[from] item: Leftovers
|upkeep
|turn|7
|
|t:|1716057323
|move|p2a: The Claw|Discharge|p1a: Skarmory
|-supereffective|p1a: Skarmory
|-damage|p1a: Skarmory|0 fnt
|faint|p1a: Skarmory
|
|-weather|Hail|[upkeep]
|-damage|p2a: The Claw|82/100|[from] Hail
|upkeep
|
|t:|1716057326
|switch|p1a: Gliscor|Gliscor, F|100/100
|-damage|p1a: Gliscor|88/100|[from] Stealth Rock
|turn|8
|
|t:|1716057331
|move|p1a: Gliscor|Protect|p1a: Gliscor
|-singleturn|p1a: Gliscor|Protect
|move|p2a: The Claw|Sunny Day|p2a: The Claw
|-weather|SunnyDay
|
|-weather|SunnyDay|[upkeep]
|-status|p1a: Gliscor|tox|[from] item: Toxic Orb
|upkeep
|turn|9
|
|t:|1716057334
|move|p2a: The Claw|Flash Cannon|p1a: Gliscor
|-damage|p1a: Gliscor|43/100 tox
|move|p1a: Gliscor|Stealth Rock|p2a: The Claw
|-sidestart|p2: hooters enthusiast|move: Stealth Rock
|
|-weather|SunnyDay|[upkeep]
|-heal|p1a: Gliscor|55/100 tox|[from] ability: Poison Heal
|upkeep
|turn|10
|
|t:|1716057337
|move|p1a: Gliscor|Protect|p1a: Gliscor
|-singleturn|p1a: Gliscor|Protect
|move|p2a: The Claw|Flash Cannon|p1a: Gliscor
|-activate|p1a: Gliscor|move: Protect
|
|-weather|SunnyDay|[upkeep]
|-heal|p1a: Gliscor|68/100 tox|[from] ability: Poison Heal
|upkeep
|turn|11
|
|t:|1716057341
|move|p2a: The Claw|Flash Cannon|p1a: Gliscor
|-damage|p1a: Gliscor|23/100 tox
|-unboost|p1a: Gliscor|spd|1
|move|p1a: Gliscor|U-turn|p2a: The Claw
|-resisted|p2a: The Claw
|-damage|p2a: The Claw|75/100
|-enditem|p2a: The Claw|Air Balloon
|
|t:|1716057350
|switch|p1a: Starmie|Starmie|100/100|[from] U-turn
|-damage|p1a: Starmie|88/100|[from] Stealth Rock
|
|-weather|SunnyDay|[upkeep]
|-heal|p1a: Starmie|94/100|[from] item: Leftovers
|upkeep
|turn|12
|
|t:|1716057354
|switch|p1a: Gliscor|Gliscor, F|23/100 tox
|-damage|p1a: Gliscor|11/100 tox|[from] Stealth Rock
|move|p2a: The Claw|Discharge|p1a: Gliscor
|-immune|p1a: Gliscor
|
|-weather|none
|-heal|p1a: Gliscor|23/100 tox|[from] ability: Poison Heal
|upkeep
|turn|13
|
|t:|1716057357
|move|p2a: The Claw|Flash Cannon|p1a: Gliscor
|-damage|p1a: Gliscor|0 fnt
|faint|p1a: Gliscor
|
|upkeep
|
|t:|1716057361
|switch|p1a: Latios but cooler|Kyurem, shiny|100/100
|-damage|p1a: Latios but cooler|76/100|[from] Stealth Rock
|-ability|p1a: Latios but cooler|Pressure
|turn|14
|
|t:|1716057364
|move|p1a: Latios but cooler|Earth Power|p2a: The Claw
|-supereffective|p2a: The Claw
|-damage|p2a: The Claw|0 fnt
|faint|p2a: The Claw
|
|upkeep
|
|t:|1716057369
|switch|p2a: Turbo|Kyurem-Black, shiny|4/100
|-damage|p2a: Turbo|0 fnt|[from] Spikes
|faint|p2a: Turbo
|
|t:|1716057380
|switch|p2a: What You Need|Latios, M, shiny|100/100
|-damage|p2a: What You Need|88/100|[from] Stealth Rock
|turn|15
|
|t:|1716057388
|switch|p1a: Abomasnow|Abomasnow, M, shiny|46/100
|-damage|p1a: Abomasnow|21/100|[from] Stealth Rock
|-weather|Hail|[from] ability: Snow Warning|[of] p1a: Abomasnow
|move|p2a: What You Need|Dragon Pulse|p1a: Abomasnow
|-damage|p1a: Abomasnow|0 fnt
|faint|p1a: Abomasnow
|
|-weather|Hail|[upkeep]
|-damage|p2a: What You Need|82/100|[from] Hail
|upkeep
|
|t:|1716057393
|switch|p1a: Starmie|Starmie|94/100
|-damage|p1a: Starmie|82/100|[from] Stealth Rock
|turn|16
|
|t:|1716057397
|switch|p2a: Xmas Ornament|Jirachi|76/100
|-damage|p2a: Xmas Ornament|63/100|[from] Spikes
|-damage|p2a: Xmas Ornament|57/100|[from] Stealth Rock
|move|p1a: Starmie|Rapid Spin|p2a: Xmas Ornament
|-resisted|p2a: Xmas Ornament
|-damage|p2a: Xmas Ornament|56/100
|-sideend|p1: leoperi99|Stealth Rock|[from] move: Rapid Spin|[of] p1a: Starmie
|
|-weather|Hail|[upkeep]
|-damage|p1a: Starmie|76/100|[from] Hail
|-damage|p2a: Xmas Ornament|50/100|[from] Hail
|-heal|p1a: Starmie|82/100|[from] item: Leftovers
|-heal|p2a: Xmas Ornament|56/100|[from] item: Leftovers
|upkeep
|turn|17
|
|t:|1716057401
|move|p1a: Starmie|Surf|p2a: Xmas Ornament
|-crit|p2a: Xmas Ornament
|-damage|p2a: Xmas Ornament|17/100
|move|p2a: Xmas Ornament|U-turn|p1a: Starmie
|-supereffective|p1a: Starmie
|-damage|p1a: Starmie|49/100
|
|t:|1716057405
|switch|p2a: AMG|Garchomp, M, shiny|100/100|[from] U-turn
|-damage|p2a: AMG|88/100|[from] Spikes
|-damage|p2a: AMG|82/100|[from] Stealth Rock
|
|-weather|Hail|[upkeep]
|-damage|p2a: AMG|76/100|[from] Hail
|-damage|p1a: Starmie|42/100|[from] Hail
|-heal|p1a: Starmie|49/100|[from] item: Leftovers
|upkeep
|turn|18
|
|t:|1716057408
|move|p2a: AMG|Outrage|p1a: Starmie
|-damage|p1a: Starmie|0 fnt
|faint|p1a: Starmie
|
|-weather|Hail|[upkeep]
|-damage|p2a: AMG|70/100|[from] Hail
|upkeep
|
|t:|1716057412
|switch|p1a: Latios|Latios, M|100/100
|turn|19
|
|t:|1716057414
|move|p1a: Latios|Draco Meteor|p2a: AMG
|-supereffective|p2a: AMG
|-damage|p2a: AMG|0 fnt
|-unboost|p1a: Latios|spa|2
|faint|p2a: AMG
|
|-weather|Hail|[upkeep]
|-damage|p1a: Latios|95/100|[from] Hail
|upkeep
|
|t:|1716057423
|switch|p2a: Playdough|Reuniclus, M, shiny|100/100
|turn|20
|
|t:|1716057436
|switch|p1a: Latios but cooler|Kyurem, shiny|76/100
|-ability|p1a: Latios but cooler|Pressure
|move|p2a: Playdough|Trick Room|p2a: Playdough
|-fieldstart|move: Trick Room|[of] p2a: Playdough
|
|-weather|Hail|[upkeep]
|upkeep
|turn|21
|
|t:|1716057443
|move|p2a: Playdough|Psychic|p1a: Latios but cooler
|-damage|p1a: Latios but cooler|14/100
|move|p1a: Latios but cooler|Draco Meteor|p2a: Playdough
|-damage|p2a: Playdough|0 fnt
|-unboost|p1a: Latios but cooler|spa|2
|faint|p2a: Playdough
|
|-weather|Hail|[upkeep]
|upkeep
|
|t:|1716057447
|switch|p2a: Xmas Ornament|Jirachi|17/100
|-damage|p2a: Xmas Ornament|4/100|[from] Spikes
|-damage|p2a: Xmas Ornament|0 fnt|[from] Stealth Rock
|faint|p2a: Xmas Ornament
|
|t:|1716057449
|switch|p2a: What You Need|Latios, M, shiny|82/100
|-damage|p2a: What You Need|70/100|[from] Stealth Rock
|turn|22
|
|t:|1716057453
|switch|p1a: Latios|Latios, M|95/100
|move|p2a: What You Need|Dragon Pulse|p1a: Latios
|-supereffective|p1a: Latios
|-damage|p1a: Latios|0 fnt
|faint|p1a: Latios
|
|-weather|Hail|[upkeep]
|-damage|p2a: What You Need|64/100|[from] Hail
|upkeep
|
|t:|1716057454
|switch|p1a: Latios but cooler|Kyurem, shiny|14/100
|-ability|p1a: Latios but cooler|Pressure
|turn|23
|
|t:|1716057456
|move|p1a: Latios but cooler|Blizzard|p2a: What You Need
|-supereffective|p2a: What You Need
|-damage|p2a: What You Need|0 fnt
|faint|p2a: What You Need
|
|win|leoperi99
|raw|leoperi99's rating: 1467 &rarr; <strong>1486</strong><br />(+19 for winning)
|raw|hooters enthusiast's rating: 1447 &rarr; <strong>1428</strong><br />(-19 for losing)
|l|☆hooters enthusiast
|player|p2|
|c|☆leoperi99|thanks
