|j|☆Croaset
|j|☆ybd1
|t:|1733779806
|gametype|singles
|player|p1|Croaset|elesa|1486
|player|p2|ybd1|pokefan-gen4|1426
|teamsize|p1|6
|teamsize|p2|6
|gen|5
|tier|[Gen 5] OU
|rated|
|rule|Species Clause: Limit one of each Pokémon
|rule|OHKO Clause: OHKO moves are banned
|rule|Moody Clause: Moody is banned
|rule|Evasion Items Clause: Evasion items are banned
|rule|Evasion Moves Clause: Evasion moves are banned
|rule|Endless Battle Clause: Forcing endless battles is banned
|rule|HP Percentage Mod: HP is shown in percentages
|rule|Evasion Abilities Clause: Evasion abilities are banned
|rule|Sleep Moves Clause: Sleep-inducing moves are banned
|rule|Swagger Clause: Swagger is banned
|rule|Baton Pass Stat Clause: No Baton Passer may have a way to boost its stats
|clearpoke
|poke|p1|Tyranitar, F|item
|poke|p1|Landorus-Therian, M|item
|poke|p1|Conkeldurr, F|item
|poke|p1|Celebi|item
|poke|p1|Excadrill, M|item
|poke|p1|Keldeo|item
|poke|p2|Gyarados, M|item
|poke|p2|Espeon, M|item
|poke|p2|Garchomp, M|item
|poke|p2|Reuniclus, M|item
|poke|p2|Lucario, F|item
|poke|p2|Conkeldurr, M|item
|teampreview
|inactive|Battle timer is ON: inactive players will automatically lose when time's up. (requested by ybd1)
|
|t:|1733779812
|start
|switch|p1a: Scary Monsters|Landorus-Therian, M|100/100
|switch|p2a: Garchomp|Garchomp, M|100/100
|-ability|p1a: Scary Monsters|Intimidate|boost
|-unboost|p2a: Garchomp|atk|1
|turn|1
|
|t:|1733779814
|move|p1a: Scary Monsters|Hidden Power|p2a: Garchomp
|-supereffective|p2a: Garchomp
|-damage|p2a: Garchomp|41/100
|move|p2a: Garchomp|Stealth Rock|p1a: Scary Monsters
|-sidestart|p1: Croaset|move: Stealth Rock
|
|-heal|p2a: Garchomp|48/100|[from] item: Leftovers
|upkeep
|turn|2
|
|t:|1733779823
|switch|p2a: Gyarados|Gyarados, M|100/100
|-ability|p2a: Gyarados|Intimidate|boost
|-unboost|p1a: Scary Monsters|atk|1
|move|p1a: Scary Monsters|Hidden Power|p2a: Gyarados
|-damage|p2a: Gyarados|87/100
|
|-heal|p2a: Gyarados|93/100|[from] item: Leftovers
|upkeep
|turn|3
|
|t:|1733779829
|move|p1a: Scary Monsters|U-turn|p2a: Gyarados
|-resisted|p2a: Gyarados
|-damage|p2a: Gyarados|87/100
|
|t:|1733779834
|switch|p1a: Conkeldurr|Conkeldurr, F|100/100|[from] U-turn
|-damage|p1a: Conkeldurr|94/100|[from] Stealth Rock
|move|p2a: Gyarados|Dragon Tail|p1a: Conkeldurr
|-damage|p1a: Conkeldurr|81/100
|drag|p1a: Ball Breaker|Excadrill, M|100/100
|-damage|p1a: Ball Breaker|97/100|[from] Stealth Rock
|-ability|p1a: Ball Breaker|Mold Breaker
|
|-heal|p1a: Ball Breaker|100/100|[from] item: Leftovers
|-heal|p2a: Gyarados|93/100|[from] item: Leftovers
|upkeep
|turn|4
|
|t:|1733779841
|move|p1a: Ball Breaker|Rock Slide|p2a: Gyarados
|-supereffective|p2a: Gyarados
|-damage|p2a: Gyarados|53/100
|move|p2a: Gyarados|Waterfall|p1a: Ball Breaker
|-supereffective|p1a: Ball Breaker
|-damage|p1a: Ball Breaker|9/100
|
|-heal|p1a: Ball Breaker|15/100|[from] item: Leftovers
|-heal|p2a: Gyarados|59/100|[from] item: Leftovers
|upkeep
|turn|5
|
|t:|1733779854
|move|p1a: Ball Breaker|Rock Slide|p2a: Gyarados
|-supereffective|p2a: Gyarados
|-damage|p2a: Gyarados|13/100
|move|p2a: Gyarados|Dragon Tail|p1a: Ball Breaker
|-resisted|p1a: Ball Breaker
|-crit|p1a: Ball Breaker
|-damage|p1a: Ball Breaker|0 fnt
|faint|p1a: Ball Breaker
|
|-heal|p2a: Gyarados|19/100|[from] item: Leftovers
|upkeep
|
|t:|1733779861
|switch|p1a: Made in Heaven|Keldeo|100/100
|-damage|p1a: Made in Heaven|94/100|[from] Stealth Rock
|turn|6
|
|t:|1733779869
|switch|p2a: Garchomp|Garchomp, M|48/100
|move|p1a: Made in Heaven|Scald|p2a: Garchomp
|-damage|p2a: Garchomp|15/100
|
|-heal|p1a: Made in Heaven|100/100|[from] item: Leftovers
|-heal|p2a: Garchomp|21/100|[from] item: Leftovers
|upkeep
|turn|7
|
|t:|1733779876
|move|p1a: Made in Heaven|Scald|p2a: Garchomp
|-damage|p2a: Garchomp|0 fnt
|faint|p2a: Garchomp
|
|upkeep
|
|t:|1733779878
|switch|p2a: Espeon|Espeon, M|100/100
|turn|8
|
|t:|1733779881
|switch|p1a: Heavy Weather|Tyranitar, F|100/100
|-damage|p1a: Heavy Weather|88/100|[from] Stealth Rock
|-weather|Sandstorm|[from] ability: Sand Stream|[of] p1a: Heavy Weather
|move|p2a: Espeon|Light Screen|p2a: Espeon
|-sidestart|p2: ybd1|move: Light Screen
|
|-weather|Sandstorm|[upkeep]
|-damage|p2a: Espeon|94/100|[from] Sandstorm
|upkeep
|turn|9
|
|t:|1733779898
|move|p2a: Espeon|Reflect|p2a: Espeon
|-sidestart|p2: ybd1|Reflect
|move|p1a: Heavy Weather|Fire Punch|p2a: Espeon
|-damage|p2a: Espeon|78/100
|
|-weather|Sandstorm|[upkeep]
|-damage|p2a: Espeon|72/100|[from] Sandstorm
|upkeep
|turn|10
|
|t:|1733779907
|switch|p2a: Gyarados|Gyarados, M|19/100
|-ability|p2a: Gyarados|Intimidate|boost
|-unboost|p1a: Heavy Weather|atk|1
|move|p1a: Heavy Weather|Stone Edge|p2a: Gyarados
|-supereffective|p2a: Gyarados
|-damage|p2a: Gyarados|0 fnt
|faint|p2a: Gyarados
|
|-weather|Sandstorm|[upkeep]
|upkeep
|
|t:|1733779925
|switch|p2a: Reuniclus|Reuniclus, M|100/100
|turn|11
|
|t:|1733779930
|switch|p1a: Green Green Grass|Celebi|100/100
|-damage|p1a: Green Green Grass|88/100|[from] Stealth Rock
|move|p2a: Reuniclus|Acid Armor|p2a: Reuniclus
|-boost|p2a: Reuniclus|def|2
|
|-weather|Sandstorm|[upkeep]
|-damage|p1a: Green Green Grass|82/100|[from] Sandstorm
|-heal|p1a: Green Green Grass|88/100|[from] item: Leftovers
|upkeep
|turn|12
|
|t:|1733779932
|move|p1a: Green Green Grass|Substitute|p1a: Green Green Grass
|-start|p1a: Green Green Grass|Substitute
|-damage|p1a: Green Green Grass|63/100
|move|p2a: Reuniclus|Calm Mind|p2a: Reuniclus
|-boost|p2a: Reuniclus|spa|1
|-boost|p2a: Reuniclus|spd|1
|
|-weather|Sandstorm|[upkeep]
|-damage|p1a: Green Green Grass|57/100|[from] Sandstorm
|-heal|p1a: Green Green Grass|63/100|[from] item: Leftovers
|upkeep
|turn|13
|
|t:|1733779936
|move|p1a: Green Green Grass|Baton Pass|p1a: Green Green Grass
|
|t:|1733779939
|switch|p1a: Heavy Weather|Tyranitar, F|88/100|[from] Baton Pass
|-damage|p1a: Heavy Weather|76/100|[from] Stealth Rock
|move|p2a: Reuniclus|Calm Mind|p2a: Reuniclus
|-boost|p2a: Reuniclus|spa|1
|-boost|p2a: Reuniclus|spd|1
|
|-weather|Sandstorm|[upkeep]
|upkeep
|turn|14
|
|t:|1733779942
|move|p1a: Heavy Weather|Crunch|p2a: Reuniclus
|-supereffective|p2a: Reuniclus
|-damage|p2a: Reuniclus|88/100
|-damage|p1a: Heavy Weather|59/100|[from] item: Rocky Helmet|[of] p2a: Reuniclus
|move|p2a: Reuniclus|Acid Armor|p2a: Reuniclus
|-boost|p2a: Reuniclus|def|2
|
|-weather|Sandstorm|[upkeep]
|upkeep
|turn|15
|
|t:|1733779946
|move|p1a: Heavy Weather|Crunch|p2a: Reuniclus
|-supereffective|p2a: Reuniclus
|-damage|p2a: Reuniclus|79/100
|-damage|p1a: Heavy Weather|43/100|[from] item: Rocky Helmet|[of] p2a: Reuniclus
|move|p2a: Reuniclus|Acid Armor|p2a: Reuniclus
|-boost|p2a: Reuniclus|def|2
|
|-weather|Sandstorm|[upkeep]
|-sideend|p2: ybd1|move: Light Screen
|upkeep
|turn|16
|
|t:|1733779950
|move|p1a: Heavy Weather|Crunch|p2a: Reuniclus
|-supereffective|p2a: Reuniclus
|-damage|p2a: Reuniclus|72/100
|-unboost|p2a: Reuniclus|def|1
|-damage|p1a: Heavy Weather|26/100|[from] item: Rocky Helmet|[of] p2a: Reuniclus
|move|p2a: Reuniclus|Calm Mind|p2a: Reuniclus
|-boost|p2a: Reuniclus|spa|1
|-boost|p2a: Reuniclus|spd|1
|
|-weather|Sandstorm|[upkeep]
|-sideend|p2: ybd1|Reflect
|upkeep
|turn|17
|
|t:|1733779956
|move|p1a: Heavy Weather|Crunch|p2a: Reuniclus
|-supereffective|p2a: Reuniclus
|-damage|p2a: Reuniclus|58/100
|-damage|p1a: Heavy Weather|9/100|[from] item: Rocky Helmet|[of] p2a: Reuniclus
|move|p2a: Reuniclus|Recover|p2a: Reuniclus
|-heal|p2a: Reuniclus|100/100
|
|-weather|Sandstorm|[upkeep]
|upkeep
|turn|18
|
|t:|1733779959
|move|p1a: Heavy Weather|Crunch|p2a: Reuniclus
|-supereffective|p2a: Reuniclus
|-damage|p2a: Reuniclus|86/100
|-damage|p1a: Heavy Weather|0 fnt|[from] item: Rocky Helmet|[of] p2a: Reuniclus
|faint|p1a: Heavy Weather
|move|p2a: Reuniclus|Acid Armor|p2a: Reuniclus
|-boost|p2a: Reuniclus|def|1
|
|-weather|Sandstorm|[upkeep]
|upkeep
|
|t:|1733779965
|switch|p1a: Green Green Grass|Celebi|63/100
|-damage|p1a: Green Green Grass|51/100|[from] Stealth Rock
|turn|19
|
|t:|1733779970
|move|p1a: Green Green Grass|Substitute|p1a: Green Green Grass
|-start|p1a: Green Green Grass|Substitute
|-damage|p1a: Green Green Grass|26/100
|move|p2a: Reuniclus|Calm Mind|p2a: Reuniclus
|-boost|p2a: Reuniclus|spa|1
|-boost|p2a: Reuniclus|spd|1
|
|-weather|Sandstorm|[upkeep]
|-damage|p1a: Green Green Grass|20/100|[from] Sandstorm
|-heal|p1a: Green Green Grass|26/100|[from] item: Leftovers
|upkeep
|turn|20
|
|t:|1733779972
|move|p1a: Green Green Grass|Recover|p1a: Green Green Grass
|-heal|p1a: Green Green Grass|76/100
|move|p2a: Reuniclus|Calm Mind|p2a: Reuniclus
|-boost|p2a: Reuniclus|spa|1
|-boost|p2a: Reuniclus|spd|1
|
|-weather|Sandstorm|[upkeep]
|-damage|p1a: Green Green Grass|70/100|[from] Sandstorm
|-heal|p1a: Green Green Grass|76/100|[from] item: Leftovers
|upkeep
|turn|21
|
|t:|1733779976
|move|p1a: Green Green Grass|Recover|p1a: Green Green Grass
|-heal|p1a: Green Green Grass|100/100
|move|p2a: Reuniclus|Calm Mind|p2a: Reuniclus
|-boost|p2a: Reuniclus|spa|1
|-boost|p2a: Reuniclus|spd|1
|
|-weather|Sandstorm|[upkeep]
|-damage|p1a: Green Green Grass|94/100|[from] Sandstorm
|-heal|p1a: Green Green Grass|100/100|[from] item: Leftovers
|upkeep
|turn|22
|
|t:|1733779979
|move|p1a: Green Green Grass|Baton Pass|p1a: Green Green Grass
|
|t:|1733779981
|switch|p1a: Conkeldurr|Conkeldurr, F|81/100|[from] Baton Pass
|-damage|p1a: Conkeldurr|75/100|[from] Stealth Rock
|move|p2a: Reuniclus|Recover|p2a: Reuniclus
|-heal|p2a: Reuniclus|100/100
|
|-weather|Sandstorm|[upkeep]
|-damage|p1a: Conkeldurr|69/100|[from] Sandstorm
|-heal|p1a: Conkeldurr|75/100|[from] item: Leftovers
|upkeep
|turn|23
|
|t:|1733779984
|move|p1a: Conkeldurr|Bulk Up|p1a: Conkeldurr
|-boost|p1a: Conkeldurr|atk|1
|-boost|p1a: Conkeldurr|def|1
|move|p2a: Reuniclus|Psyshock|p1a: Conkeldurr
|-supereffective|p1a: Conkeldurr
|-end|p1a: Conkeldurr|Substitute
|
|-weather|Sandstorm|[upkeep]
|-damage|p1a: Conkeldurr|69/100|[from] Sandstorm
|-heal|p1a: Conkeldurr|75/100|[from] item: Leftovers
|upkeep
|turn|24
|
|t:|1733779994
|move|p1a: Conkeldurr|Ice Punch|p2a: Reuniclus
|-damage|p2a: Reuniclus|90/100
|-damage|p1a: Conkeldurr|58/100|[from] item: Rocky Helmet|[of] p2a: Reuniclus
|move|p2a: Reuniclus|Psyshock|p1a: Conkeldurr
|-supereffective|p1a: Conkeldurr
|-damage|p1a: Conkeldurr|0 fnt
|faint|p1a: Conkeldurr
|
|-weather|Sandstorm|[upkeep]
|upkeep
|
|t:|1733779997
|switch|p1a: Green Green Grass|Celebi|100/100
|-damage|p1a: Green Green Grass|88/100|[from] Stealth Rock
|turn|25
|
|t:|1733779999
|move|p1a: Green Green Grass|Substitute|p1a: Green Green Grass
|-start|p1a: Green Green Grass|Substitute
|-damage|p1a: Green Green Grass|63/100
|move|p2a: Reuniclus|Psyshock|p1a: Green Green Grass
|-resisted|p1a: Green Green Grass
|-end|p1a: Green Green Grass|Substitute
|
|-weather|Sandstorm|[upkeep]
|-damage|p1a: Green Green Grass|57/100|[from] Sandstorm
|-heal|p1a: Green Green Grass|63/100|[from] item: Leftovers
|upkeep
|turn|26
|
|t:|1733780003
|move|p1a: Green Green Grass|Substitute|p1a: Green Green Grass
|-start|p1a: Green Green Grass|Substitute
|-damage|p1a: Green Green Grass|38/100
|move|p2a: Reuniclus|Psyshock|p1a: Green Green Grass
|-resisted|p1a: Green Green Grass
|-end|p1a: Green Green Grass|Substitute
|
|-weather|Sandstorm|[upkeep]
|-damage|p1a: Green Green Grass|32/100|[from] Sandstorm
|-heal|p1a: Green Green Grass|38/100|[from] item: Leftovers
|upkeep
|turn|27
|
|t:|1733780006
|move|p1a: Green Green Grass|Substitute|p1a: Green Green Grass
|-start|p1a: Green Green Grass|Substitute
|-damage|p1a: Green Green Grass|13/100
|move|p2a: Reuniclus|Psyshock|p1a: Green Green Grass
|-resisted|p1a: Green Green Grass
|-end|p1a: Green Green Grass|Substitute
|
|-weather|Sandstorm|[upkeep]
|-damage|p1a: Green Green Grass|7/100|[from] Sandstorm
|-heal|p1a: Green Green Grass|13/100|[from] item: Leftovers
|upkeep
|turn|28
|
|t:|1733780008
|move|p1a: Green Green Grass|Recover|p1a: Green Green Grass
|-heal|p1a: Green Green Grass|63/100
|move|p2a: Reuniclus|Psyshock|p1a: Green Green Grass
|-resisted|p1a: Green Green Grass
|-damage|p1a: Green Green Grass|9/100
|
|-weather|Sandstorm|[upkeep]
|-damage|p1a: Green Green Grass|2/100|[from] Sandstorm
|-heal|p1a: Green Green Grass|9/100|[from] item: Leftovers
|upkeep
|turn|29
|
|t:|1733780010
|move|p1a: Green Green Grass|Recover|p1a: Green Green Grass
|-heal|p1a: Green Green Grass|59/100
|move|p2a: Reuniclus|Psyshock|p1a: Green Green Grass
|-resisted|p1a: Green Green Grass
|-crit|p1a: Green Green Grass
|-damage|p1a: Green Green Grass|0 fnt
|faint|p1a: Green Green Grass
|
|-weather|Sandstorm|[upkeep]
|upkeep
|
|t:|1733780015
|switch|p1a: Scary Monsters|Landorus-Therian, M|100/100
|-damage|p1a: Scary Monsters|88/100|[from] Stealth Rock
|-ability|p1a: Scary Monsters|Intimidate|boost
|-unboost|p2a: Reuniclus|atk|1
|turn|30
|
|t:|1733780017
|move|p1a: Scary Monsters|U-turn|p2a: Reuniclus
|-supereffective|p2a: Reuniclus
|-damage|p2a: Reuniclus|80/100
|-damage|p1a: Scary Monsters|72/100|[from] item: Rocky Helmet|[of] p2a: Reuniclus
|
|t:|1733780020
|switch|p1a: Made in Heaven|Keldeo|100/100|[from] U-turn
|-damage|p1a: Made in Heaven|94/100|[from] Stealth Rock
|move|p2a: Reuniclus|Psyshock|p1a: Made in Heaven
|-supereffective|p1a: Made in Heaven
|-damage|p1a: Made in Heaven|0 fnt
|faint|p1a: Made in Heaven
|
|-weather|Sandstorm|[upkeep]
|upkeep
|
|t:|1733780021
|switch|p1a: Scary Monsters|Landorus-Therian, M|72/100
|-damage|p1a: Scary Monsters|59/100|[from] Stealth Rock
|-ability|p1a: Scary Monsters|Intimidate|boost
|-unboost|p2a: Reuniclus|atk|1
|turn|31
|
|t:|1733780025
|move|p1a: Scary Monsters|U-turn|p2a: Reuniclus
|-supereffective|p2a: Reuniclus
|-crit|p2a: Reuniclus
|-damage|p2a: Reuniclus|18/100
|-damage|p1a: Scary Monsters|43/100|[from] item: Rocky Helmet|[of] p2a: Reuniclus
|move|p2a: Reuniclus|Psyshock|p1a: Scary Monsters
|-damage|p1a: Scary Monsters|0 fnt
|faint|p1a: Scary Monsters
|
|win|ybd1
|raw|Croaset's rating: 1486 &rarr; <strong>1463</strong><br />(-23 for losing)
|raw|ybd1's rating: 1426 &rarr; <strong>1449</strong><br />(+23 for winning)
