|j|☆Xalvadore
|j|☆Simplexous
|t:|1742014016
|gametype|singles
|player|p1|Xalvadore|170|1293
|player|p2|Simplexous|colress|1362
|teamsize|p1|6
|teamsize|p2|6
|gen|5
|tier|[Gen 5] OU
|rated|
|rule|Species Clause: Limit one of each Pokémon
|rule|OHKO Clause: OHKO moves are banned
|rule|Moody Clause: Moody is banned
|rule|Evasion Items Clause: Evasion items are banned
|rule|Evasion Moves Clause: Evasion moves are banned
|rule|Endless Battle Clause: Forcing endless battles is banned
|rule|HP Percentage Mod: HP is shown in percentages
|rule|Evasion Abilities Clause: Evasion abilities are banned
|rule|Sleep Moves Clause: Sleep-inducing moves are banned
|rule|Swagger Clause: Swagger is banned
|rule|Baton Pass Stat Clause: No Baton Passer may have a way to boost its stats
|clearpoke
|poke|p1|Alakazam, M|item
|poke|p1|Skarmory, F|item
|poke|p1|Tyranitar, M|item
|poke|p1|Mamoswine, F|item
|poke|p1|Jellicent, M|item
|poke|p1|Excadrill, M|item
|poke|p2|Abomasnow, F|item
|poke|p2|Gliscor, F|item
|poke|p2|Forretress, F|item
|poke|p2|Blissey, F|item
|poke|p2|Latias, F|item
|poke|p2|Reuniclus, F|item
|teampreview
|inactive|Battle timer is ON: inactive players will automatically lose when time's up. (requested by Xalvadore)
|
|t:|1742014103
|start
|switch|p1a: Skarmory|Skarmory, F|100/100
|switch|p2a: MERRY CHRISTMAS|Abomasnow, F|100/100
|-weather|Hail|[from] ability: Snow Warning|[of] p2a: MERRY CHRISTMAS
|turn|1
|
|t:|1742014121
|move|p1a: Skarmory|Stealth Rock|p2a: MERRY CHRISTMAS
|-sidestart|p2: Simplexous|move: Stealth Rock
|move|p2a: MERRY CHRISTMAS|Blizzard|p1a: Skarmory
|-damage|p1a: Skarmory|19/100
|
|-weather|Hail|[upkeep]
|-damage|p1a: Skarmory|13/100|[from] Hail
|upkeep
|turn|2
|-enditem|p1a: Skarmory|Custap Berry|[eat]
|-activate|p1a: Skarmory|item: Custap Berry|[consumed]
|
|t:|1742014130
|move|p2a: MERRY CHRISTMAS|Ice Shard|p1a: Skarmory
|-damage|p1a: Skarmory|1/100
|move|p1a: Skarmory|Brave Bird|p2a: MERRY CHRISTMAS
|-supereffective|p2a: MERRY CHRISTMAS
|-damage|p2a: MERRY CHRISTMAS|12/100
|-damage|p1a: Skarmory|0 fnt|[from] Recoil
|faint|p1a: Skarmory
|
|-weather|Hail|[upkeep]
|-heal|p2a: MERRY CHRISTMAS|18/100|[from] item: Leftovers
|upkeep
|
|t:|1742014157
|switch|p1a: Tyranitar|Tyranitar, M|100/100
|-weather|Sandstorm|[from] ability: Sand Stream|[of] p1a: Tyranitar
|turn|3
|
|t:|1742014161
|move|p2a: MERRY CHRISTMAS|Protect|p2a: MERRY CHRISTMAS
|-singleturn|p2a: MERRY CHRISTMAS|Protect
|move|p1a: Tyranitar|Pursuit|p2a: MERRY CHRISTMAS
|-activate|p2a: MERRY CHRISTMAS|move: Protect
|
|-weather|Sandstorm|[upkeep]
|-damage|p2a: MERRY CHRISTMAS|12/100|[from] Sandstorm
|-heal|p2a: MERRY CHRISTMAS|18/100|[from] item: Leftovers
|upkeep
|turn|4
|
|t:|1742014169
|move|p1a: Tyranitar|Pursuit|p2a: MERRY CHRISTMAS
|-damage|p2a: MERRY CHRISTMAS|0 fnt
|faint|p2a: MERRY CHRISTMAS
|
|-weather|Sandstorm|[upkeep]
|upkeep
|
|t:|1742014171
|switch|p2a: Racist Uncle|Gliscor, F|100/100
|-damage|p2a: Racist Uncle|88/100|[from] Stealth Rock
|turn|5
|
|t:|1742014181
|switch|p1a: Jellicent|Jellicent, M|100/100
|-item|p1a: Jellicent|Air Balloon
|move|p2a: Racist Uncle|Stealth Rock|p1a: Jellicent
|-sidestart|p1: Xalvadore|move: Stealth Rock
|
|-weather|Sandstorm|[upkeep]
|-damage|p1a: Jellicent|94/100|[from] Sandstorm
|-status|p2a: Racist Uncle|tox|[from] item: Toxic Orb
|upkeep
|turn|6
|
|t:|1742014193
|move|p1a: Jellicent|Night Shade|p2a: Racist Uncle
|-damage|p2a: Racist Uncle|60/100 tox
|move|p2a: Racist Uncle|Knock Off|p1a: Jellicent
|-supereffective|p1a: Jellicent
|-damage|p1a: Jellicent|86/100
|-enditem|p1a: Jellicent|Air Balloon
|
|-weather|Sandstorm|[upkeep]
|-damage|p1a: Jellicent|80/100|[from] Sandstorm
|-heal|p2a: Racist Uncle|72/100 tox|[from] ability: Poison Heal
|upkeep
|turn|7
|
|t:|1742014200
|switch|p1a: Mamoswine|Mamoswine, F|100/100
|-damage|p1a: Mamoswine|88/100|[from] Stealth Rock
|move|p2a: Racist Uncle|Earthquake|p1a: Mamoswine
|-damage|p1a: Mamoswine|48/100
|
|-weather|Sandstorm|[upkeep]
|-heal|p2a: Racist Uncle|85/100 tox|[from] ability: Poison Heal
|upkeep
|turn|8
|
|t:|1742014207
|switch|p2a: Dreidel|Forretress, F|100/100
|-damage|p2a: Dreidel|88/100|[from] Stealth Rock
|move|p1a: Mamoswine|Icicle Crash|p2a: Dreidel|[miss]
|-miss|p1a: Mamoswine|p2a: Dreidel
|
|-weather|Sandstorm|[upkeep]
|-heal|p2a: Dreidel|94/100|[from] item: Leftovers
|upkeep
|turn|9
|
|t:|1742014222
|switch|p1a: Jellicent|Jellicent, M|80/100
|-damage|p1a: Jellicent|67/100|[from] Stealth Rock
|move|p2a: Dreidel|Rapid Spin|p1a: Jellicent
|-immune|p1a: Jellicent
|
|-weather|Sandstorm|[upkeep]
|-damage|p1a: Jellicent|61/100|[from] Sandstorm
|-heal|p2a: Dreidel|100/100|[from] item: Leftovers
|upkeep
|turn|10
|
|t:|1742014229
|move|p1a: Jellicent|Will-O-Wisp|p2a: Dreidel
|-status|p2a: Dreidel|brn
|move|p2a: Dreidel|Gyro Ball|p1a: Jellicent
|-resisted|p1a: Jellicent
|-damage|p1a: Jellicent|57/100
|
|-weather|Sandstorm|[upkeep]
|-damage|p1a: Jellicent|51/100|[from] Sandstorm
|-damage|p2a: Dreidel|88/100 brn|[from] brn
|upkeep
|turn|11
|
|t:|1742014236
|switch|p2a: Racist Uncle|Gliscor, F|85/100 tox
|-damage|p2a: Racist Uncle|72/100 tox|[from] Stealth Rock
|move|p1a: Jellicent|Night Shade|p2a: Racist Uncle
|-damage|p2a: Racist Uncle|44/100 tox
|
|-weather|Sandstorm|[upkeep]
|-damage|p1a: Jellicent|45/100|[from] Sandstorm
|-heal|p2a: Racist Uncle|56/100 tox|[from] ability: Poison Heal
|upkeep
|turn|12
|
|t:|1742014241
|move|p1a: Jellicent|Recover|p1a: Jellicent
|-heal|p1a: Jellicent|95/100
|move|p2a: Racist Uncle|Earthquake|p1a: Jellicent
|-damage|p1a: Jellicent|67/100
|
|-weather|Sandstorm|[upkeep]
|-damage|p1a: Jellicent|61/100|[from] Sandstorm
|-heal|p2a: Racist Uncle|69/100 tox|[from] ability: Poison Heal
|upkeep
|turn|13
|
|t:|1742014245
|move|p1a: Jellicent|Night Shade|p2a: Racist Uncle
|-damage|p2a: Racist Uncle|41/100 tox
|move|p2a: Racist Uncle|Earthquake|p1a: Jellicent
|-damage|p1a: Jellicent|33/100
|
|-weather|Sandstorm|[upkeep]
|-damage|p1a: Jellicent|27/100|[from] Sandstorm
|-heal|p2a: Racist Uncle|53/100 tox|[from] ability: Poison Heal
|upkeep
|turn|14
|
|t:|1742014252
|move|p1a: Jellicent|Recover|p1a: Jellicent
|-heal|p1a: Jellicent|77/100
|move|p2a: Racist Uncle|Earthquake|p1a: Jellicent
|-crit|p1a: Jellicent
|-damage|p1a: Jellicent|26/100
|
|-weather|Sandstorm|[upkeep]
|-damage|p1a: Jellicent|20/100|[from] Sandstorm
|-heal|p2a: Racist Uncle|65/100 tox|[from] ability: Poison Heal
|upkeep
|turn|15
|
|t:|1742014261
|move|p1a: Jellicent|Night Shade|p2a: Racist Uncle
|-damage|p2a: Racist Uncle|37/100 tox
|move|p2a: Racist Uncle|Earthquake|p1a: Jellicent
|-damage|p1a: Jellicent|0 fnt
|faint|p1a: Jellicent
|
|-weather|Sandstorm|[upkeep]
|-heal|p2a: Racist Uncle|50/100 tox|[from] ability: Poison Heal
|upkeep
|
|t:|1742014263
|switch|p1a: Mamoswine|Mamoswine, F|48/100
|-damage|p1a: Mamoswine|36/100|[from] Stealth Rock
|turn|16
|
|t:|1742014270
|move|p2a: Racist Uncle|Protect|p2a: Racist Uncle
|-singleturn|p2a: Racist Uncle|Protect
|move|p1a: Mamoswine|Ice Shard|p2a: Racist Uncle
|-activate|p2a: Racist Uncle|move: Protect
|
|-weather|Sandstorm|[upkeep]
|-heal|p2a: Racist Uncle|62/100 tox|[from] ability: Poison Heal
|upkeep
|turn|17
|
|t:|1742014274
|switch|p2a: Dreidel|Forretress, F|88/100 brn
|-damage|p2a: Dreidel|76/100 brn|[from] Stealth Rock
|move|p1a: Mamoswine|Icicle Crash|p2a: Dreidel
|-resisted|p2a: Dreidel
|-damage|p2a: Dreidel|59/100 brn
|
|-weather|Sandstorm|[upkeep]
|-heal|p2a: Dreidel|65/100 brn|[from] item: Leftovers
|-damage|p2a: Dreidel|53/100 brn|[from] brn
|upkeep
|turn|18
|
|t:|1742014283
|move|p1a: Mamoswine|Earthquake|p2a: Dreidel
|-damage|p2a: Dreidel|24/100 brn
|move|p2a: Dreidel|Rapid Spin|p1a: Mamoswine
|-damage|p1a: Mamoswine|33/100
|-sideend|p2: Simplexous|Stealth Rock|[from] move: Rapid Spin|[of] p2a: Dreidel
|
|-weather|Sandstorm|[upkeep]
|-heal|p2a: Dreidel|30/100 brn|[from] item: Leftovers
|-damage|p2a: Dreidel|18/100 brn|[from] brn
|upkeep
|turn|19
|
|t:|1742014289
|move|p1a: Mamoswine|Earthquake|p2a: Dreidel
|-damage|p2a: Dreidel|0 fnt
|faint|p2a: Dreidel
|
|-weather|Sandstorm|[upkeep]
|upkeep
|
|t:|1742014292
|switch|p2a: Racist Uncle|Gliscor, F|62/100 tox
|turn|20
|
|t:|1742014298
|move|p2a: Racist Uncle|Protect|p2a: Racist Uncle
|-singleturn|p2a: Racist Uncle|Protect
|move|p1a: Mamoswine|Ice Shard|p2a: Racist Uncle
|-activate|p2a: Racist Uncle|move: Protect
|
|-weather|Sandstorm|[upkeep]
|-heal|p2a: Racist Uncle|75/100 tox|[from] ability: Poison Heal
|upkeep
|turn|21
|
|t:|1742014304
|move|p1a: Mamoswine|Ice Shard|p2a: Racist Uncle
|-supereffective|p2a: Racist Uncle
|-damage|p2a: Racist Uncle|0 fnt
|faint|p2a: Racist Uncle
|
|-weather|Sandstorm|[upkeep]
|upkeep
|
|t:|1742014306
|switch|p2a: Chistmas Embryo|Reuniclus, F|100/100
|turn|22
|
|t:|1742014311
|switch|p1a: Tyranitar|Tyranitar, M|100/100
|-damage|p1a: Tyranitar|88/100|[from] Stealth Rock
|move|p2a: Chistmas Embryo|Calm Mind|p2a: Chistmas Embryo
|-boost|p2a: Chistmas Embryo|spa|1
|-boost|p2a: Chistmas Embryo|spd|1
|
|-weather|Sandstorm|[upkeep]
|upkeep
|turn|23
|
|t:|1742014314
|move|p1a: Tyranitar|Crunch|p2a: Chistmas Embryo
|-supereffective|p2a: Chistmas Embryo
|-damage|p2a: Chistmas Embryo|54/100
|-unboost|p2a: Chistmas Embryo|def|1
|move|p2a: Chistmas Embryo|Signal Beam|p1a: Tyranitar
|-supereffective|p1a: Tyranitar
|-damage|p1a: Tyranitar|61/100
|
|-weather|Sandstorm|[upkeep]
|-heal|p2a: Chistmas Embryo|60/100|[from] item: Leftovers
|upkeep
|turn|24
|
|t:|1742014319
|move|p1a: Tyranitar|Crunch|p2a: Chistmas Embryo
|-supereffective|p2a: Chistmas Embryo
|-crit|p2a: Chistmas Embryo
|-damage|p2a: Chistmas Embryo|0 fnt
|faint|p2a: Chistmas Embryo
|
|-weather|Sandstorm|[upkeep]
|upkeep
|
|t:|1742014322
|switch|p2a: Christmas Baby|Latias, F, shiny|100/100
|turn|25
|
|t:|1742014324
|move|p2a: Christmas Baby|Draco Meteor|p1a: Tyranitar
|-damage|p1a: Tyranitar|37/100
|-unboost|p2a: Christmas Baby|spa|2
|move|p1a: Tyranitar|Crunch|p2a: Christmas Baby
|-supereffective|p2a: Christmas Baby
|-enditem|p2a: Christmas Baby|Colbur Berry|[eat]
|-enditem|p2a: Christmas Baby|Colbur Berry|[weaken]
|-damage|p2a: Christmas Baby|53/100
|
|-weather|Sandstorm|[upkeep]
|-damage|p2a: Christmas Baby|47/100|[from] Sandstorm
|upkeep
|turn|26
|l|☆Simplexous
|inactive|Simplexous disconnected and has a minute to reconnect!
|player|p2|
|
|t:|1742014335
|move|p2a: Christmas Baby|Surf|p1a: Tyranitar
|-supereffective|p1a: Tyranitar
|-damage|p1a: Tyranitar|25/100
|move|p1a: Tyranitar|Crunch|p2a: Christmas Baby
|-supereffective|p2a: Christmas Baby
|-damage|p2a: Christmas Baby|0 fnt
|faint|p2a: Christmas Baby
|
|-weather|Sandstorm|[upkeep]
|upkeep
|inactive|Simplexous has 30 seconds to reconnect!
|inactive|Simplexous has 20 seconds to reconnect!
|inactive|Simplexous has 15 seconds to reconnect!
|inactive|Simplexous has 10 seconds to reconnect!
|inactive|Simplexous has 5 seconds to reconnect!
|-message|Simplexous lost due to inactivity.
|
|win|Xalvadore
|raw|Xalvadore's rating: 1293 &rarr; <strong>1323</strong><br />(+30 for winning)
|raw|Simplexous's rating: 1362 &rarr; <strong>1338</strong><br />(-24 for losing)
