|j|☆markus3362
|j|☆Z0nta
|player|p1|markus3362|167
|player|p2|Z0nta|276
|teamsize|p1|6
|teamsize|p2|6
|gametype|singles
|gen|5
|tier|[Gen 5] OU
|rated|
|rule|Sleep Clause Mod: Limit one foe put to sleep
|rule|Species Clause: Limit one of each Pokémon
|rule|OHKO Clause: OHKO moves are banned
|rule|Moody Clause: Moody is banned
|rule|Evasion Moves Clause: Evasion moves are banned
|rule|Endless Battle Clause: Forcing endless battles is banned
|rule|HP Percentage Mod: HP is shown in percentages
|rule|Evasion Abilities Clause: Evasion abilities are banned
|rule|Baton Pass Clause: Limit one Baton Passer, can't pass Spe and other stats simultaneously
|rule|Swagger Clause: Swagger is banned
|clearpoke
|poke|p1|Garchomp, M|item
|poke|p1|Skarmory, M|item
|poke|p1|Starmie|item
|poke|p1|Heatran, F|item
|poke|p1|Tyranitar, F|item
|poke|p1|Amoonguss, F|item
|poke|p2|Slowking, F|item
|poke|p2|Skarmory, F|item
|poke|p2|Hydreigon, M|item
|poke|p2|Garchomp, F|item
|poke|p2|Tyranitar, F|item
|poke|p2|Alakazam, F|item
|teampreview
|inactive|Battle timer is ON: inactive players will automatically lose when time's up. (requested by markus3362)
|
|start
|switch|p1a: Amoonguss|Amoonguss, F|100/100
|switch|p2a: The dark energy|Hydreigon, M|100/100
|turn|1
|inactive|markus3362 has 135 seconds left.
|
|move|p2a: The dark energy|Draco Meteor|p1a: Amoonguss
|-damage|p1a: Amoonguss|37/100
|-unboost|p2a: The dark energy|spa|2
|-damage|p2a: The dark energy|91/100|[from] item: Life Orb
|move|p1a: Amoonguss|Spore|p2a: The dark energy
|-status|p2a: The dark energy|slp
|
|-heal|p1a: Amoonguss|43/100|[from] item: Black Sludge
|upkeep
|turn|2
|
|switch|p1a: Garchomp|Garchomp, M|100/100
|cant|p2a: The dark energy|slp
|
|upkeep
|turn|3
|
|switch|p1a: Heatran|Heatran, F|100/100
|switch|p2a: Fast asleep =)|Slowking, F|100/100
|
|upkeep
|turn|4
|
|move|p1a: Heatran|Will-O-Wisp|p2a: Fast asleep =)|[miss]
|-miss|p1a: Heatran|p2a: Fast asleep =)
|move|p2a: Fast asleep =)|Scald|p1a: Heatran
|-supereffective|p1a: Heatran
|-damage|p1a: Heatran|56/100
|
|-heal|p1a: Heatran|63/100|[from] item: Leftovers
|upkeep
|turn|5
|
|move|p1a: Heatran|Protect|p1a: Heatran
|-singleturn|p1a: Heatran|Protect
|move|p2a: Fast asleep =)|Scald|p1a: Heatran
|-activate|p1a: Heatran|move: Protect
|
|-heal|p1a: Heatran|69/100|[from] item: Leftovers
|upkeep
|turn|6
|
|switch|p1a: Starmie|Starmie|100/100
|move|p2a: Fast asleep =)|Scald|p1a: Starmie
|-resisted|p1a: Starmie
|-damage|p1a: Starmie|79/100
|-status|p1a: Starmie|brn
|
|-heal|p1a: Starmie|85/100 brn|[from] item: Leftovers
|-damage|p1a: Starmie|73/100 brn|[from] brn
|upkeep
|turn|7
|
|switch|p1a: Heatran|Heatran, F|69/100
|move|p2a: Fast asleep =)|Scald|p1a: Heatran
|-supereffective|p1a: Heatran
|-damage|p1a: Heatran|28/100
|
|-heal|p1a: Heatran|34/100|[from] item: Leftovers
|upkeep
|turn|8
|
|switch|p2a: Alakazam|Alakazam, F|100/100
|move|p1a: Heatran|Protect|p1a: Heatran
|-fail|p1a: Heatran
|
|-heal|p1a: Heatran|40/100|[from] item: Leftovers
|upkeep
|turn|9
|
|move|p1a: Heatran|Protect|p1a: Heatran
|-singleturn|p1a: Heatran|Protect
|move|p2a: Alakazam|Focus Blast|p1a: Heatran
|-activate|p1a: Heatran|move: Protect
|
|-heal|p1a: Heatran|46/100|[from] item: Leftovers
|upkeep
|turn|10
|
|switch|p1a: Skarmory|Skarmory, M|100/100
|move|p2a: Alakazam|Shadow Ball|p1a: Skarmory
|-resisted|p1a: Skarmory
|-damage|p1a: Skarmory|85/100
|
|upkeep
|turn|11
|
|switch|p2a: Skarmory|Skarmory, F|100/100
|move|p1a: Skarmory|Spikes|p2a: Skarmory
|-sidestart|p2: Z0nta|Spikes
|
|upkeep
|turn|12
|
|move|p2a: Skarmory|Spikes|p1a: Skarmory
|-sidestart|p1: markus3362|Spikes
|move|p1a: Skarmory|Taunt|p2a: Skarmory
|-start|p2a: Skarmory|move: Taunt
|
|upkeep
|turn|13
|
|switch|p2a: Garchomp|Garchomp, F|100/100
|-damage|p2a: Garchomp|88/100|[from] Spikes
|move|p1a: Skarmory|Spikes|p2a: Garchomp
|-sidestart|p2: Z0nta|Spikes
|
|upkeep
|turn|14
|
|move|p2a: Garchomp|Stealth Rock|p1a: Skarmory
|-sidestart|p1: markus3362|move: Stealth Rock
|move|p1a: Skarmory|Roost|p1a: Skarmory
|-heal|p1a: Skarmory|100/100
|
|upkeep
|turn|15
|
|move|p2a: Garchomp|Fire Blast|p1a: Skarmory
|-supereffective|p1a: Skarmory
|-damage|p1a: Skarmory|51/100
|-status|p1a: Skarmory|brn
|move|p1a: Skarmory|Spikes|p2a: Garchomp
|-sidestart|p2: Z0nta|Spikes
|
|-damage|p1a: Skarmory|39/100 brn|[from] brn
|upkeep
|turn|16
|c|☆markus3362|jesus christ
|c|☆markus3362|ffs
|
|switch|p1a: Starmie|Starmie|73/100
|-damage|p1a: Starmie|61/100|[from] Stealth Rock
|-damage|p1a: Starmie|48/100|[from] Spikes
|move|p2a: Garchomp|Fire Blast|p1a: Starmie|[miss]
|-miss|p2a: Garchomp|p1a: Starmie
|
|-heal|p1a: Starmie|54/100|[from] item: Leftovers
|upkeep
|turn|17
|
|move|p1a: Starmie|Recover|p1a: Starmie
|-heal|p1a: Starmie|100/100
|move|p2a: Garchomp|Earthquake|p1a: Starmie
|-damage|p1a: Starmie|54/100
|
|-heal|p1a: Starmie|60/100|[from] item: Leftovers
|upkeep
|turn|18
|
|switch|p2a: Alakazam|Alakazam, F|100/100
|move|p1a: Starmie|Scald|p2a: Alakazam
|-damage|p2a: Alakazam|54/100
|
|-heal|p1a: Starmie|66/100|[from] item: Leftovers
|upkeep
|turn|19
|inactive|markus3362 has 135 seconds left.
|
|switch|p1a: Tyranitar|Tyranitar, F|100/100
|-damage|p1a: Tyranitar|88/100|[from] Spikes
|-damage|p1a: Tyranitar|76/100|[from] Stealth Rock
|-weather|Sandstorm|[from] ability: Sand Stream|[of] p1a: Tyranitar
|move|p2a: Alakazam|Shadow Ball|p1a: Tyranitar
|-resisted|p1a: Tyranitar
|-damage|p1a: Tyranitar|68/100
|-unboost|p1a: Tyranitar|spd|1
|
|-weather|Sandstorm|[upkeep]
|upkeep
|turn|20
|inactive|markus3362 has 135 seconds left.
|
|move|p2a: Alakazam|Focus Blast|p1a: Tyranitar|[miss]
|-miss|p2a: Alakazam|p1a: Tyranitar
|move|p1a: Tyranitar|Pursuit|p2a: Alakazam
|-supereffective|p2a: Alakazam
|-damage|p2a: Alakazam|0 fnt
|faint|p2a: Alakazam
|
|-weather|Sandstorm|[upkeep]
|upkeep
|
|switch|p2a: Skarmory|Skarmory, F|100/100
|turn|21
|
|move|p2a: Skarmory|Spikes|p1a: Tyranitar
|-sidestart|p1: markus3362|Spikes
|move|p1a: Tyranitar|Stealth Rock|p2a: Skarmory
|-sidestart|p2: Z0nta|move: Stealth Rock
|
|-weather|Sandstorm|[upkeep]
|upkeep
|turn|22
|
|move|p2a: Skarmory|Spikes|p1a: Tyranitar
|-sidestart|p1: markus3362|Spikes
|move|p1a: Tyranitar|Superpower|p2a: Skarmory
|-damage|p2a: Skarmory|67/100
|-unboost|p1a: Tyranitar|atk|1
|-unboost|p1a: Tyranitar|def|1
|
|-weather|Sandstorm|[upkeep]
|-heal|p2a: Skarmory|73/100|[from] item: Leftovers
|upkeep
|turn|23
|
|switch|p1a: Skarmory|Skarmory, M|39/100 brn
|-damage|p1a: Skarmory|26/100 brn|[from] Stealth Rock
|move|p2a: Skarmory|Iron Head|p1a: Skarmory
|-resisted|p1a: Skarmory
|-damage|p1a: Skarmory|19/100 brn
|-damage|p2a: Skarmory|56/100|[from] item: Rocky Helmet|[of] p1a: Skarmory
|
|-weather|Sandstorm|[upkeep]
|-heal|p2a: Skarmory|62/100|[from] item: Leftovers
|-damage|p1a: Skarmory|6/100 brn|[from] brn
|upkeep
|turn|24
|
|move|p2a: Skarmory|Iron Head|p1a: Skarmory
|-resisted|p1a: Skarmory
|-damage|p1a: Skarmory|0 fnt
|-damage|p2a: Skarmory|46/100|[from] item: Rocky Helmet|[of] p1a: Skarmory
|faint|p1a: Skarmory
|
|-weather|Sandstorm|[upkeep]
|-heal|p2a: Skarmory|52/100|[from] item: Leftovers
|upkeep
|
|switch|p1a: Starmie|Starmie|66/100
|-damage|p1a: Starmie|54/100|[from] Stealth Rock
|-damage|p1a: Starmie|29/100|[from] Spikes
|turn|25
|
|switch|p2a: Garchomp|Garchomp, F|88/100
|-damage|p2a: Garchomp|82/100|[from] Stealth Rock
|-damage|p2a: Garchomp|57/100|[from] Spikes
|move|p1a: Starmie|Rapid Spin|p2a: Garchomp
|-damage|p2a: Garchomp|55/100
|-damage|p1a: Starmie|17/100|[from] ability: Rough Skin|[of] p2a: Garchomp
|-damage|p1a: Starmie|0 fnt|[from] item: Rocky Helmet|[of] p2a: Garchomp
|faint|p1a: Starmie
|
|-weather|Sandstorm|[upkeep]
|upkeep
|
|switch|p1a: Amoonguss|Amoonguss, F|76/100
|-damage|p1a: Amoonguss|64/100|[from] Stealth Rock
|-damage|p1a: Amoonguss|39/100|[from] Spikes
|turn|26
|c|☆Z0nta|nope
|c|☆Z0nta|:^)
|
|move|p2a: Garchomp|Earthquake|p1a: Amoonguss
|-damage|p1a: Amoonguss|0 fnt
|faint|p1a: Amoonguss
|
|-weather|Sandstorm|[upkeep]
|upkeep
|
|switch|p1a: Garchomp|Garchomp, M|100/100
|-damage|p1a: Garchomp|94/100|[from] Stealth Rock
|-damage|p1a: Garchomp|69/100|[from] Spikes
|turn|27
|
|switch|p2a: Skarmory|Skarmory, F|52/100
|-damage|p2a: Skarmory|39/100|[from] Stealth Rock
|move|p1a: Garchomp|Earthquake|p2a: Skarmory
|-immune|p2a: Skarmory|[msg]
|
|-weather|Sandstorm|[upkeep]
|-heal|p2a: Skarmory|45/100|[from] item: Leftovers
|upkeep
|turn|28
|
|switch|p1a: Heatran|Heatran, F|46/100
|-damage|p1a: Heatran|34/100|[from] Stealth Rock
|-damage|p1a: Heatran|9/100|[from] Spikes
|move|p2a: Skarmory|Roost|p2a: Skarmory
|-heal|p2a: Skarmory|95/100
|
|-weather|Sandstorm|[upkeep]
|-heal|p1a: Heatran|15/100|[from] item: Leftovers
|-heal|p2a: Skarmory|100/100|[from] item: Leftovers
|upkeep
|turn|29
|
|switch|p2a: Fast asleep =)|Slowking, F|100/100
|-damage|p2a: Fast asleep =)|76/100|[from] Spikes
|-damage|p2a: Fast asleep =)|63/100|[from] Stealth Rock
|move|p1a: Heatran|Lava Plume|p2a: Fast asleep =)
|-resisted|p2a: Fast asleep =)
|-damage|p2a: Fast asleep =)|51/100
|-status|p2a: Fast asleep =)|brn
|
|-weather|Sandstorm|[upkeep]
|-damage|p2a: Fast asleep =)|45/100 brn|[from] Sandstorm
|-heal|p1a: Heatran|22/100|[from] item: Leftovers
|-heal|p2a: Fast asleep =)|51/100 brn|[from] item: Leftovers
|-damage|p2a: Fast asleep =)|39/100 brn|[from] brn
|upkeep
|turn|30
|
|move|p1a: Heatran|Protect|p1a: Heatran
|-singleturn|p1a: Heatran|Protect
|move|p2a: Fast asleep =)|Slack Off|p2a: Fast asleep =)
|-heal|p2a: Fast asleep =)|89/100 brn
|
|-weather|Sandstorm|[upkeep]
|-damage|p2a: Fast asleep =)|83/100 brn|[from] Sandstorm
|-heal|p1a: Heatran|28/100|[from] item: Leftovers
|-heal|p2a: Fast asleep =)|89/100 brn|[from] item: Leftovers
|-damage|p2a: Fast asleep =)|77/100 brn|[from] brn
|upkeep
|turn|31
|
|move|p1a: Heatran|Substitute|p1a: Heatran
|-start|p1a: Heatran|Substitute
|-damage|p1a: Heatran|3/100
|move|p2a: Fast asleep =)|Scald|p1a: Heatran
|-supereffective|p1a: Heatran
|-end|p1a: Heatran|Substitute
|
|-weather|Sandstorm|[upkeep]
|-damage|p2a: Fast asleep =)|70/100 brn|[from] Sandstorm
|-heal|p1a: Heatran|9/100|[from] item: Leftovers
|-heal|p2a: Fast asleep =)|77/100 brn|[from] item: Leftovers
|-damage|p2a: Fast asleep =)|64/100 brn|[from] brn
|upkeep
|turn|32
|
|move|p1a: Heatran|Protect|p1a: Heatran
|-singleturn|p1a: Heatran|Protect
|move|p2a: Fast asleep =)|Scald|p1a: Heatran
|-activate|p1a: Heatran|move: Protect
|
|-weather|Sandstorm|[upkeep]
|-damage|p2a: Fast asleep =)|58/100 brn|[from] Sandstorm
|-heal|p1a: Heatran|15/100|[from] item: Leftovers
|-heal|p2a: Fast asleep =)|64/100 brn|[from] item: Leftovers
|-damage|p2a: Fast asleep =)|52/100 brn|[from] brn
|upkeep
|turn|33
|
|move|p1a: Heatran|Lava Plume|p2a: Fast asleep =)
|-resisted|p2a: Fast asleep =)
|-damage|p2a: Fast asleep =)|38/100 brn
|move|p2a: Fast asleep =)|Scald|p1a: Heatran
|-supereffective|p1a: Heatran
|-crit|p1a: Heatran
|-damage|p1a: Heatran|0 fnt
|faint|p1a: Heatran
|
|-weather|Sandstorm|[upkeep]
|-damage|p2a: Fast asleep =)|32/100 brn|[from] Sandstorm
|-heal|p2a: Fast asleep =)|38/100 brn|[from] item: Leftovers
|-damage|p2a: Fast asleep =)|26/100 brn|[from] brn
|upkeep
|
|switch|p1a: Tyranitar|Tyranitar, F|68/100
|-damage|p1a: Tyranitar|43/100|[from] Spikes
|-damage|p1a: Tyranitar|31/100|[from] Stealth Rock
|turn|34
|
|move|p1a: Tyranitar|Pursuit|p2a: Fast asleep =)
|-supereffective|p2a: Fast asleep =)
|-damage|p2a: Fast asleep =)|0 fnt
|faint|p2a: Fast asleep =)
|
|-weather|Sandstorm|[upkeep]
|upkeep
|
|switch|p2a: Garchomp|Garchomp, F|55/100
|-damage|p2a: Garchomp|49/100|[from] Stealth Rock
|-damage|p2a: Garchomp|24/100|[from] Spikes
|turn|35
|
|move|p2a: Garchomp|Earthquake|p1a: Tyranitar
|-supereffective|p1a: Tyranitar
|-damage|p1a: Tyranitar|0 fnt
|faint|p1a: Tyranitar
|
|-weather|Sandstorm|[upkeep]
|upkeep
|
|switch|p1a: Garchomp|Garchomp, M|69/100
|-damage|p1a: Garchomp|63/100|[from] Stealth Rock
|-damage|p1a: Garchomp|38/100|[from] Spikes
|turn|36
|
|move|p1a: Garchomp|Rock Slide|p2a: Garchomp
|-resisted|p2a: Garchomp
|-damage|p2a: Garchomp|14/100
|cant|p2a: Garchomp|flinch
|
|-weather|Sandstorm|[upkeep]
|upkeep
|turn|37
|
|move|p1a: Garchomp|Rock Slide|p2a: Garchomp
|-resisted|p2a: Garchomp
|-crit|p2a: Garchomp
|-damage|p2a: Garchomp|0 fnt
|faint|p2a: Garchomp
|
|-weather|Sandstorm|[upkeep]
|upkeep
|c|☆Z0nta|rip
|
|switch|p2a: Tyranitar|Tyranitar, F|100/100
|-damage|p2a: Tyranitar|88/100|[from] Stealth Rock
|-damage|p2a: Tyranitar|63/100|[from] Spikes
|turn|38
|c|☆markus3362|stfu
|
|move|p1a: Garchomp|Rock Slide|p2a: Tyranitar
|-damage|p2a: Tyranitar|40/100
|move|p2a: Tyranitar|Ice Beam|p1a: Garchomp
|-supereffective|p1a: Garchomp
|-damage|p1a: Garchomp|0 fnt
|faint|p1a: Garchomp
|
|win|Z0nta
|raw|markus3362's rating: 1492 &rarr; <strong>1461</strong><br />(-31 for losing)
|raw|Z0nta's rating: 1277 &rarr; <strong>1315</strong><br />(+38 for winning)
|c|☆Z0nta|gg :D
