|j|☆BWcynda
|j|☆ILoveTeamPreview
|t:|1709402412
|gametype|singles
|player|p1|BWcynda|wallace|1434
|player|p2|ILoveTeamPreview|brycen|1540
|teamsize|p1|6
|teamsize|p2|6
|gen|5
|tier|[Gen 5] OU
|rated|
|rule|Species Clause: Limit one of each Pokémon
|rule|OHKO Clause: OHKO moves are banned
|rule|Moody Clause: Moody is banned
|rule|Evasion Items Clause: Evasion items are banned
|rule|Evasion Moves Clause: Evasion moves are banned
|rule|Endless Battle Clause: Forcing endless battles is banned
|rule|HP Percentage Mod: HP is shown in percentages
|rule|Evasion Abilities Clause: Evasion abilities are banned
|rule|Sleep Moves Clause: Sleep-inducing moves are banned
|rule|Swagger Clause: Swagger is banned
|rule|Baton Pass Stat Clause: No Baton Passer may have a way to boost its stats
|clearpoke
|poke|p1|Cobalion|item
|poke|p1|Salamence, M|item
|poke|p1|Mamoswine, F|item
|poke|p1|Scizor, M|item
|poke|p1|Dragonite, M|item
|poke|p1|Starmie|item
|poke|p2|Tyranitar, F|item
|poke|p2|Garchomp, F|item
|poke|p2|Terrakion|item
|poke|p2|Excadrill, F|item
|poke|p2|Gliscor, F|item
|poke|p2|Slowking, F|item
|teampreview
|inactive|Battle timer is ON: inactive players will automatically lose when time's up. (requested by BWcynda)
|
|t:|1709402431
|start
|switch|p1a: Cobalion|Cobalion|100/100
|switch|p2a: Garchomp|Garchomp, F|100/100
|turn|1
|
|t:|1709402441
|move|p1a: Cobalion|Stealth Rock|p2a: Garchomp
|-sidestart|p2: ILoveTeamPreview|move: Stealth Rock
|move|p2a: Garchomp|Earthquake|p1a: Cobalion
|-supereffective|p1a: Cobalion
|-damage|p1a: Cobalion|7/100
|
|upkeep
|turn|2
|
|t:|1709402447
|switch|p2a: Slowking|Slowking, F|100/100
|-damage|p2a: Slowking|88/100|[from] Stealth Rock
|move|p1a: Cobalion|Hidden Power|p2a: Slowking
|-resisted|p2a: Slowking
|-damage|p2a: Slowking|82/100
|-enditem|p2a: Slowking|Eject Button
|
|t:|1709402454
|switch|p2a: Tyranitar|Tyranitar, F|100/100
|-damage|p2a: Tyranitar|88/100|[from] Stealth Rock
|-weather|Sandstorm|[from] ability: Sand Stream|[of] p2a: Tyranitar
|
|-weather|Sandstorm|[upkeep]
|upkeep
|turn|3
|
|t:|1709402458
|move|p2a: Tyranitar|Crunch|p1a: Cobalion
|-resisted|p1a: Cobalion
|-damage|p1a: Cobalion|0 fnt
|faint|p1a: Cobalion
|
|-weather|Sandstorm|[upkeep]
|upkeep
|
|t:|1709402466
|switch|p1a: Scizor|Scizor, M|100/100
|turn|4
|
|t:|1709402473
|switch|p2a: Gliscor|Gliscor, F|100/100
|-damage|p2a: Gliscor|88/100|[from] Stealth Rock
|move|p1a: Scizor|Swords Dance|p1a: Scizor
|-boost|p1a: Scizor|atk|2
|
|-weather|Sandstorm|[upkeep]
|-status|p2a: Gliscor|tox|[from] item: Toxic Orb
|upkeep
|turn|5
|
|t:|1709402476
|move|p2a: Gliscor|Taunt|p1a: Scizor
|-start|p1a: Scizor|move: Taunt
|cant|p1a: Scizor|move: Taunt|Swords Dance
|
|-weather|Sandstorm|[upkeep]
|-heal|p2a: Gliscor|100/100 tox|[from] ability: Poison Heal
|upkeep
|turn|6
|
|t:|1709402480
|move|p1a: Scizor|Bullet Punch|p2a: Gliscor
|-damage|p2a: Gliscor|42/100 tox
|-damage|p1a: Scizor|91/100|[from] item: Life Orb
|move|p2a: Gliscor|Earthquake|p1a: Scizor
|-damage|p1a: Scizor|55/100
|
|-weather|Sandstorm|[upkeep]
|-heal|p2a: Gliscor|54/100 tox|[from] ability: Poison Heal
|upkeep
|turn|7
|
|t:|1709402496
|switch|p1a: Mamoswine|Mamoswine, F|100/100
|move|p2a: Gliscor|Protect||[still]
|-fail|p2a: Gliscor
|
|-weather|Sandstorm|[upkeep]
|-heal|p2a: Gliscor|67/100 tox|[from] ability: Poison Heal
|upkeep
|turn|8
|
|t:|1709402499
|switch|p2a: Slowking|Slowking, F|100/100
|-damage|p2a: Slowking|88/100|[from] Stealth Rock
|move|p1a: Mamoswine|Substitute|p1a: Mamoswine
|-start|p1a: Mamoswine|Substitute
|-damage|p1a: Mamoswine|75/100
|
|-weather|Sandstorm|[upkeep]
|-damage|p2a: Slowking|82/100|[from] Sandstorm
|upkeep
|turn|9
|
|t:|1709402502
|move|p1a: Mamoswine|Earthquake|p2a: Slowking
|-damage|p2a: Slowking|30/100
|move|p2a: Slowking|Scald|p1a: Mamoswine
|-supereffective|p1a: Mamoswine
|-end|p1a: Mamoswine|Substitute
|
|-weather|Sandstorm|[upkeep]
|-damage|p2a: Slowking|24/100|[from] Sandstorm
|upkeep
|turn|10
|
|t:|1709402509
|switch|p2a: Gliscor|Gliscor, F|67/100 tox
|-damage|p2a: Gliscor|54/100 tox|[from] Stealth Rock
|move|p1a: Mamoswine|Earthquake|p2a: Gliscor
|-immune|p2a: Gliscor
|
|-weather|Sandstorm|[upkeep]
|-heal|p2a: Gliscor|67/100 tox|[from] ability: Poison Heal
|upkeep
|turn|11
|
|t:|1709402514
|move|p1a: Mamoswine|Ice Shard|p2a: Gliscor
|-supereffective|p2a: Gliscor
|-damage|p2a: Gliscor|0 fnt
|faint|p2a: Gliscor
|
|-weather|Sandstorm|[upkeep]
|upkeep
|
|t:|1709402520
|switch|p2a: Terrakion|Terrakion|100/100
|-damage|p2a: Terrakion|94/100|[from] Stealth Rock
|turn|12
|
|t:|1709402542
|switch|p1a: Starmie|Starmie|100/100
|-item|p1a: Starmie|Air Balloon
|move|p2a: Terrakion|Close Combat|p1a: Starmie
|-resisted|p1a: Starmie
|-damage|p1a: Starmie|32/100
|-unboost|p2a: Terrakion|def|1
|-unboost|p2a: Terrakion|spd|1
|-enditem|p1a: Starmie|Air Balloon
|
|-weather|Sandstorm|[upkeep]
|-damage|p1a: Starmie|26/100|[from] Sandstorm
|upkeep
|turn|13
|
|t:|1709402557
|switch|p2a: Slowking|Slowking, F|57/100
|-damage|p2a: Slowking|45/100|[from] Stealth Rock
|move|p1a: Starmie|Hydro Pump|p2a: Slowking
|-resisted|p2a: Slowking
|-damage|p2a: Slowking|22/100
|
|-weather|Sandstorm|[upkeep]
|-damage|p1a: Starmie|20/100|[from] Sandstorm
|-damage|p2a: Slowking|16/100|[from] Sandstorm
|upkeep
|turn|14
|
|t:|1709402563
|switch|p2a: Tyranitar|Tyranitar, F|88/100
|-damage|p2a: Tyranitar|76/100|[from] Stealth Rock
|move|p1a: Starmie|Hydro Pump|p2a: Tyranitar
|-supereffective|p2a: Tyranitar
|-damage|p2a: Tyranitar|0 fnt
|faint|p2a: Tyranitar
|
|-weather|Sandstorm|[upkeep]
|-damage|p1a: Starmie|14/100|[from] Sandstorm
|upkeep
|
|t:|1709402571
|switch|p2a: Slowking|Slowking, F|49/100
|-damage|p2a: Slowking|37/100|[from] Stealth Rock
|turn|15
|
|t:|1709402578
|move|p1a: Starmie|Thunder|p2a: Slowking
|-supereffective|p2a: Slowking
|-damage|p2a: Slowking|0 fnt
|faint|p2a: Slowking
|
|-weather|Sandstorm|[upkeep]
|-damage|p1a: Starmie|7/100|[from] Sandstorm
|upkeep
|
|t:|1709402603
|switch|p2a: Terrakion|Terrakion|94/100
|-damage|p2a: Terrakion|88/100|[from] Stealth Rock
|turn|16
|
|t:|1709402607
|move|p2a: Terrakion|Quick Attack|p1a: Starmie
|-damage|p1a: Starmie|0 fnt
|faint|p1a: Starmie
|
|-weather|Sandstorm|[upkeep]
|upkeep
|
|t:|1709402617
|switch|p1a: Mamoswine|Mamoswine, F|75/100
|turn|17
|
|t:|1709402619
|switch|p2a: Garchomp|Garchomp, F|100/100
|-damage|p2a: Garchomp|94/100|[from] Stealth Rock
|move|p1a: Mamoswine|Earthquake|p2a: Garchomp
|-damage|p2a: Garchomp|41/100
|
|-weather|Sandstorm|[upkeep]
|upkeep
|turn|18
|
|t:|1709402622
|switch|p2a: Excadrill|Excadrill, F|100/100
|-damage|p2a: Excadrill|97/100|[from] Stealth Rock
|move|p1a: Mamoswine|Ice Shard|p2a: Excadrill
|-damage|p2a: Excadrill|60/100
|
|-weather|Sandstorm|[upkeep]
|-heal|p2a: Excadrill|67/100|[from] item: Leftovers
|upkeep
|turn|19
|
|t:|1709402627
|switch|p1a: Scizor|Scizor, M|55/100
|move|p2a: Excadrill|Iron Head|p1a: Scizor
|-resisted|p1a: Scizor
|-damage|p1a: Scizor|23/100
|
|-weather|Sandstorm|[upkeep]
|-heal|p2a: Excadrill|73/100|[from] item: Leftovers
|upkeep
|turn|20
|
|t:|1709402633
|switch|p1a: Salamence|Salamence, M|100/100
|move|p2a: Excadrill|Iron Head|p1a: Salamence
|-damage|p1a: Salamence|37/100
|
|-weather|Sandstorm|[upkeep]
|-damage|p1a: Salamence|31/100|[from] Sandstorm
|-heal|p2a: Excadrill|79/100|[from] item: Leftovers
|upkeep
|turn|21
|
|t:|1709402647
|move|p1a: Salamence|Earthquake|p2a: Excadrill
|-supereffective|p2a: Excadrill
|-crit|p2a: Excadrill
|-damage|p2a: Excadrill|0 fnt
|faint|p2a: Excadrill
|-ability|p1a: Salamence|Moxie|boost
|-boost|p1a: Salamence|atk|1
|
|-weather|Sandstorm|[upkeep]
|-damage|p1a: Salamence|25/100|[from] Sandstorm
|upkeep
|-message|ILoveTeamPreview forfeited.
|
|win|BWcynda
|raw|BWcynda's rating: 1434 &rarr; <strong>1460</strong><br />(+26 for winning)
|raw|ILoveTeamPreview's rating: 1540 &rarr; <strong>1514</strong><br />(-26 for losing)
|l|☆ILoveTeamPreview
|player|p2|
