|j|‽Shiny Ledian
|j|‽SupplementaryDisco
|t:|1740357350
|gametype|singles
|player|p1|Shiny Ledian|170|1304
|player|p2|SupplementaryDisco|clemont|1344
|teamsize|p1|6
|teamsize|p2|6
|gen|5
|tier|[Gen 5] OU
|rated|
|rule|Species Clause: Limit one of each Pokémon
|rule|OHKO Clause: OHKO moves are banned
|rule|Moody Clause: Moody is banned
|rule|Evasion Items Clause: Evasion items are banned
|rule|Evasion Moves Clause: Evasion moves are banned
|rule|Endless Battle Clause: Forcing endless battles is banned
|rule|HP Percentage Mod: HP is shown in percentages
|rule|Evasion Abilities Clause: Evasion abilities are banned
|rule|Sleep Moves Clause: Sleep-inducing moves are banned
|rule|Swagger Clause: Swagger is banned
|rule|Baton Pass Stat Clause: No Baton Passer may have a way to boost its stats
|clearpoke
|poke|p1|Tyranitar, M|item
|poke|p1|Mamoswine, F|item
|poke|p1|Keldeo|item
|poke|p1|Amoonguss, M|item
|poke|p1|Gliscor, M|item
|poke|p1|Excadrill, F|item
|poke|p2|Terrakion|item
|poke|p2|Alakazam, F|item
|poke|p2|Celebi|item
|poke|p2|Heatran, M|item
|poke|p2|Skarmory, F|item
|poke|p2|Gastrodon, F|item
|teampreview
|inactive|Battle timer is ON: inactive players will automatically lose when time's up. (requested by SupplementaryDisco)
|
|t:|1740357359
|start
|switch|p1a: Gliscor|Gliscor, M|100/100
|switch|p2a: Terrakion|Terrakion, shiny|100/100
|turn|1
|
|t:|1740357366
|switch|p2a: Skarmory|Skarmory, F, shiny|100/100
|move|p1a: Gliscor|U-turn|p2a: Skarmory
|-resisted|p2a: Skarmory
|-damage|p2a: Skarmory|98/100
|-damage|p1a: Gliscor|84/100|[from] item: Rocky Helmet|[of] p2a: Skarmory
|
|t:|1740357378
|switch|p1a: Keldeo|Keldeo|100/100|[from] U-turn
|
|upkeep
|turn|2
|
|t:|1740357386
|switch|p2a: Gastrodon|Gastrodon, F, shiny|100/100
|-item|p2a: Gastrodon|Air Balloon
|move|p1a: Keldeo|Scald|p2a: Gastrodon
|-ability|p2a: Gastrodon|Storm Drain|boost
|-boost|p2a: Gastrodon|spa|1
|
|upkeep
|turn|3
|
|t:|1740357390
|switch|p1a: Amoonguss|Amoonguss, M|100/100
|move|p2a: Gastrodon|Ice Beam|p1a: Amoonguss
|-supereffective|p1a: Amoonguss
|-damage|p1a: Amoonguss|60/100
|
|-heal|p1a: Amoonguss|66/100|[from] item: Black Sludge
|upkeep
|turn|4
|
|t:|1740357403
|switch|p2a: Celebi|Celebi|100/100
|move|p1a: Amoonguss|Stun Spore|p2a: Celebi|[miss]
|-miss|p1a: Amoonguss|p2a: Celebi
|
|-heal|p1a: Amoonguss|73/100|[from] item: Black Sludge
|upkeep
|turn|5
|
|t:|1740357408
|switch|p1a: Tyranitar|Tyranitar, M|100/100
|-weather|Sandstorm|[from] ability: Sand Stream|[of] p1a: Tyranitar
|move|p2a: Celebi|U-turn|p1a: Tyranitar
|-supereffective|p1a: Tyranitar
|-damage|p1a: Tyranitar|79/100
|
|t:|1740357416
|switch|p2a: Terrakion|Terrakion, shiny|100/100|[from] U-turn
|
|-weather|Sandstorm|[upkeep]
|upkeep
|turn|6
|
|t:|1740357422
|switch|p1a: Gliscor|Gliscor, M|84/100
|move|p2a: Terrakion|Close Combat|p1a: Gliscor
|-resisted|p1a: Gliscor
|-damage|p1a: Gliscor|48/100
|-unboost|p2a: Terrakion|def|1
|-unboost|p2a: Terrakion|spd|1
|
|-weather|Sandstorm|[upkeep]
|-status|p1a: Gliscor|tox|[from] item: Toxic Orb
|upkeep
|turn|7
|
|t:|1740357429
|switch|p2a: Skarmory|Skarmory, F, shiny|98/100
|move|p1a: Gliscor|Stealth Rock|p2a: Skarmory
|-sidestart|p2: SupplementaryDisco|move: Stealth Rock
|
|-weather|Sandstorm|[upkeep]
|-heal|p1a: Gliscor|61/100 tox|[from] ability: Poison Heal
|upkeep
|turn|8
|
|t:|1740357436
|switch|p1a: Mamoswine|Mamoswine, F|100/100
|move|p2a: Skarmory|Spikes|p1a: Mamoswine
|-sidestart|p1: Shiny Ledian|Spikes
|
|-weather|Sandstorm|[upkeep]
|upkeep
|turn|9
|
|t:|1740357442
|move|p1a: Mamoswine|Icicle Crash|p2a: Skarmory|[miss]
|-miss|p1a: Mamoswine|p2a: Skarmory
|move|p2a: Skarmory|Drill Peck|p1a: Mamoswine
|-damage|p1a: Mamoswine|74/100
|
|-weather|Sandstorm|[upkeep]
|upkeep
|turn|10
|
|t:|1740357448
|move|p1a: Mamoswine|Icicle Crash|p2a: Skarmory
|-damage|p2a: Skarmory|53/100
|move|p2a: Skarmory|Drill Peck|p1a: Mamoswine
|-damage|p1a: Mamoswine|49/100
|
|-weather|Sandstorm|[upkeep]
|upkeep
|turn|11
|
|t:|1740357454
|move|p1a: Mamoswine|Icicle Crash|p2a: Skarmory
|-damage|p2a: Skarmory|12/100
|move|p2a: Skarmory|Roost|p2a: Skarmory
|-heal|p2a: Skarmory|62/100
|-singleturn|p2a: Skarmory|move: Roost
|
|-weather|Sandstorm|[upkeep]
|upkeep
|turn|12
|
|t:|1740357458
|switch|p2a: Heatran|Heatran, M|100/100
|-damage|p2a: Heatran|88/100|[from] Stealth Rock
|move|p1a: Mamoswine|Icicle Crash|p2a: Heatran
|-resisted|p2a: Heatran
|-damage|p2a: Heatran|72/100
|
|-weather|Sandstorm|[upkeep]
|-heal|p2a: Heatran|78/100|[from] item: Leftovers
|upkeep
|turn|13
|
|t:|1740357465
|switch|p1a: Tyranitar|Tyranitar, M|79/100
|-damage|p1a: Tyranitar|67/100|[from] Spikes
|move|p2a: Heatran|Lava Plume|p1a: Tyranitar
|-resisted|p1a: Tyranitar
|-damage|p1a: Tyranitar|58/100
|
|-weather|Sandstorm|[upkeep]
|-heal|p2a: Heatran|85/100|[from] item: Leftovers
|upkeep
|turn|14
|
|t:|1740357481
|move|p2a: Heatran|Protect|p2a: Heatran
|-singleturn|p2a: Heatran|Protect
|move|p1a: Tyranitar|Superpower|p2a: Heatran
|-activate|p2a: Heatran|move: Protect
|
|-weather|Sandstorm|[upkeep]
|-heal|p2a: Heatran|91/100|[from] item: Leftovers
|upkeep
|turn|15
|
|t:|1740357489
|switch|p2a: Celebi|Celebi|100/100
|-damage|p2a: Celebi|88/100|[from] Stealth Rock
|move|p1a: Tyranitar|Ice Beam|p2a: Celebi
|-supereffective|p2a: Celebi
|-damage|p2a: Celebi|45/100
|
|-weather|Sandstorm|[upkeep]
|-damage|p2a: Celebi|39/100|[from] Sandstorm
|upkeep
|turn|16
|
|t:|1740357496
|move|p2a: Celebi|Leaf Storm|p1a: Tyranitar
|-supereffective|p1a: Tyranitar
|-damage|p1a: Tyranitar|0 fnt
|-unboost|p2a: Celebi|spa|2
|faint|p1a: Tyranitar
|
|-weather|Sandstorm|[upkeep]
|-damage|p2a: Celebi|33/100|[from] Sandstorm
|upkeep
|
|t:|1740357503
|switch|p1a: Keldeo|Keldeo|100/100
|-damage|p1a: Keldeo|88/100|[from] Spikes
|turn|17
|
|t:|1740357510
|move|p2a: Celebi|Leaf Storm|p1a: Keldeo
|-supereffective|p1a: Keldeo
|-damage|p1a: Keldeo|23/100
|-unboost|p2a: Celebi|spa|2
|move|p1a: Keldeo|Hidden Power|p2a: Celebi
|-supereffective|p2a: Celebi
|-damage|p2a: Celebi|0 fnt
|faint|p2a: Celebi
|
|-weather|Sandstorm|[upkeep]
|-damage|p1a: Keldeo|17/100|[from] Sandstorm
|-heal|p1a: Keldeo|23/100|[from] item: Leftovers
|upkeep
|
|t:|1740357517
|switch|p2a: Alakazam|Alakazam, F|100/100
|turn|18
|
|t:|1740357524
|switch|p1a: Excadrill|Excadrill, F|100/100
|-damage|p1a: Excadrill|88/100|[from] Spikes
|move|p2a: Alakazam|Psyshock|p1a: Excadrill
|-resisted|p1a: Excadrill
|-damage|p1a: Excadrill|55/100
|
|-weather|Sandstorm|[upkeep]
|-heal|p1a: Excadrill|61/100|[from] item: Leftovers
|upkeep
|turn|19
|
|t:|1740357527
|move|p2a: Alakazam|Focus Blast|p1a: Excadrill|[miss]
|-miss|p2a: Alakazam|p1a: Excadrill
|move|p1a: Excadrill|Rapid Spin|p2a: Alakazam
|-damage|p2a: Alakazam|85/100
|-sideend|p1: Shiny Ledian|Spikes|[from] move: Rapid Spin|[of] p1a: Excadrill
|
|-weather|Sandstorm|[upkeep]
|-heal|p1a: Excadrill|67/100|[from] item: Leftovers
|upkeep
|turn|20
|
|t:|1740357532
|switch|p1a: Gliscor|Gliscor, M|61/100 tox
|move|p2a: Alakazam|Focus Blast|p1a: Gliscor|[miss]
|-miss|p2a: Alakazam|p1a: Gliscor
|
|-weather|Sandstorm|[upkeep]
|-heal|p1a: Gliscor|73/100 tox|[from] ability: Poison Heal
|upkeep
|turn|21
|
|t:|1740357545
|move|p2a: Alakazam|Shadow Ball|p1a: Gliscor
|-damage|p1a: Gliscor|41/100 tox
|move|p1a: Gliscor|U-turn|p2a: Alakazam
|-supereffective|p2a: Alakazam
|-damage|p2a: Alakazam|5/100
|-message|SupplementaryDisco forfeited.
|
|win|Shiny Ledian
|raw|Shiny Ledian's rating: 1304 &rarr; <strong>1326</strong><br />(+22 for winning)
|raw|SupplementaryDisco's rating: 1344 &rarr; <strong>1322</strong><br />(-22 for losing)
|l|‽SupplementaryDisco
|player|p2|
