|j|☆ge men er
|j|☆Leeto64
|t:|1739941232
|gametype|singles
|player|p1|ge men er|266|1313
|player|p2|Leeto64|shauntal|1347
|teamsize|p1|6
|teamsize|p2|6
|gen|5
|tier|[Gen 5] OU
|rated|
|rule|Species Clause: Limit one of each Pokémon
|rule|OHKO Clause: OHKO moves are banned
|rule|Moody Clause: Moody is banned
|rule|Evasion Items Clause: Evasion items are banned
|rule|Evasion Moves Clause: Evasion moves are banned
|rule|Endless Battle Clause: Forcing endless battles is banned
|rule|HP Percentage Mod: HP is shown in percentages
|rule|Evasion Abilities Clause: Evasion abilities are banned
|rule|Sleep Moves Clause: Sleep-inducing moves are banned
|rule|Swagger Clause: Swagger is banned
|rule|Baton Pass Stat Clause: No Baton Passer may have a way to boost its stats
|clearpoke
|poke|p1|Politoed, M|item
|poke|p1|Tentacruel, F|item
|poke|p1|Quagsire, M|item
|poke|p1|Dragonite, F|item
|poke|p1|Chansey, F|item
|poke|p1|Ferrothorn, M|item
|poke|p2|Politoed, M|item
|poke|p2|Starmie|item
|poke|p2|Thundurus-Therian, M|item
|poke|p2|Garchomp, M|item
|poke|p2|Ferrothorn, F|item
|poke|p2|Keldeo|item
|teampreview
|inactive|Battle timer is ON: inactive players will automatically lose when time's up. (requested by ge men er)
|
|t:|1739941250
|start
|switch|p1a: Politoed|Politoed, M|100/100
|switch|p2a: Ferrothorn|Ferrothorn, F|100/100
|-weather|RainDance|[from] ability: Drizzle|[of] p1a: Politoed
|turn|1
|
|t:|1739941257
|move|p1a: Politoed|Scald|p2a: Ferrothorn
|-resisted|p2a: Ferrothorn
|-damage|p2a: Ferrothorn|87/100
|move|p2a: Ferrothorn|Stealth Rock|p1a: Politoed
|-sidestart|p1: ge men er|move: Stealth Rock
|
|-weather|RainDance|[upkeep]
|upkeep
|turn|2
|
|t:|1739941264
|move|p1a: Politoed|Scald|p2a: Ferrothorn
|-resisted|p2a: Ferrothorn
|-damage|p2a: Ferrothorn|75/100
|move|p2a: Ferrothorn|Power Whip|p1a: Politoed
|-supereffective|p1a: Politoed
|-damage|p1a: Politoed|36/100
|
|-weather|RainDance|[upkeep]
|-heal|p1a: Politoed|42/100|[from] item: Leftovers
|upkeep
|turn|3
|
|t:|1739941273
|switch|p2a: Starmie|Starmie|100/100
|-item|p2a: Starmie|Air Balloon
|move|p1a: Politoed|Protect||[still]
|-fail|p1a: Politoed
|
|-weather|RainDance|[upkeep]
|-heal|p1a: Politoed|48/100|[from] item: Leftovers
|upkeep
|turn|4
|
|t:|1739941286
|move|p1a: Politoed|Protect|p1a: Politoed
|-singleturn|p1a: Politoed|Protect
|move|p2a: Starmie|Hydro Pump|p1a: Politoed
|-activate|p1a: Politoed|move: Protect
|
|-weather|RainDance|[upkeep]
|-heal|p1a: Politoed|54/100|[from] item: Leftovers
|upkeep
|turn|5
|
|t:|1739941294
|switch|p1a: Ferrothorn|Ferrothorn, M|100/100
|-damage|p1a: Ferrothorn|94/100|[from] Stealth Rock
|move|p2a: Starmie|Thunder|p1a: Ferrothorn
|-resisted|p1a: Ferrothorn
|-damage|p1a: Ferrothorn|78/100
|
|-weather|RainDance|[upkeep]
|upkeep
|turn|6
|
|t:|1739941306
|switch|p2a: Blue Hawaii|Keldeo|100/100
|move|p1a: Ferrothorn|Stealth Rock|p2a: Blue Hawaii
|-sidestart|p2: Leeto64|move: Stealth Rock
|
|-weather|RainDance|[upkeep]
|upkeep
|turn|7
|
|t:|1739941311
|move|p2a: Blue Hawaii|Secret Sword|p1a: Ferrothorn
|-supereffective|p1a: Ferrothorn
|-damage|p1a: Ferrothorn|0 fnt
|faint|p1a: Ferrothorn
|
|-weather|RainDance|[upkeep]
|upkeep
|
|t:|1739941318
|switch|p1a: Dragonite|Dragonite, F|100/100
|-damage|p1a: Dragonite|76/100|[from] Stealth Rock
|turn|8
|
|t:|1739941323
|switch|p2a: T-REX|Garchomp, M, shiny|100/100
|-damage|p2a: T-REX|94/100|[from] Stealth Rock
|move|p1a: Dragonite|Hurricane|p2a: T-REX
|-damage|p2a: T-REX|45/100
|
|-weather|RainDance|[upkeep]
|-heal|p1a: Dragonite|82/100|[from] item: Leftovers
|upkeep
|turn|9
|
|t:|1739941331
|move|p2a: T-REX|Outrage|p1a: Dragonite
|-supereffective|p1a: Dragonite
|-damage|p1a: Dragonite|0 fnt
|faint|p1a: Dragonite
|
|-weather|RainDance|[upkeep]
|upkeep
|
|t:|1739941340
|switch|p1a: Tentacruel|Tentacruel, F|100/100
|-damage|p1a: Tentacruel|88/100|[from] Stealth Rock
|turn|10
|
|t:|1739941344
|move|p2a: T-REX|Outrage|p1a: Tentacruel|[from] lockedmove
|-damage|p1a: Tentacruel|30/100
|move|p1a: Tentacruel|Scald|p2a: T-REX
|-damage|p2a: T-REX|8/100
|
|-weather|RainDance|[upkeep]
|-heal|p1a: Tentacruel|36/100|[from] ability: Rain Dish
|-heal|p1a: Tentacruel|43/100|[from] item: Black Sludge
|upkeep
|turn|11
|
|t:|1739941353
|move|p1a: Tentacruel|Protect|p1a: Tentacruel
|-singleturn|p1a: Tentacruel|Protect
|move|p2a: T-REX|Outrage|p1a: Tentacruel|[from] lockedmove
|-activate|p1a: Tentacruel|move: Protect
|-start|p2a: T-REX|confusion|[fatigue]
|
|-weather|RainDance|[upkeep]
|-heal|p1a: Tentacruel|49/100|[from] ability: Rain Dish
|-heal|p1a: Tentacruel|55/100|[from] item: Black Sludge
|upkeep
|turn|12
|
|t:|1739941363
|-activate|p2a: T-REX|confusion
|move|p2a: T-REX|Outrage|p1a: Tentacruel
|-damage|p1a: Tentacruel|0 fnt
|faint|p1a: Tentacruel
|
|-weather|RainDance|[upkeep]
|upkeep
|
|t:|1739941369
|switch|p1a: Quagsire|Quagsire, M|100/100
|-damage|p1a: Quagsire|94/100|[from] Stealth Rock
|turn|13
|
|t:|1739941375
|-activate|p2a: T-REX|confusion
|move|p2a: T-REX|Outrage|p1a: Quagsire|[from] lockedmove
|-damage|p1a: Quagsire|55/100
|move|p1a: Quagsire|Scald|p2a: T-REX
|-damage|p2a: T-REX|0 fnt
|faint|p2a: T-REX
|
|-weather|RainDance|[upkeep]
|-heal|p1a: Quagsire|61/100|[from] item: Leftovers
|upkeep
|
|t:|1739941392
|switch|p2a: Thundurus|Thundurus-Therian, M, shiny|100/100
|-damage|p2a: Thundurus|76/100|[from] Stealth Rock
|turn|14
|
|t:|1739941397
|move|p2a: Thundurus|Grass Knot|p1a: Quagsire
|-supereffective|p1a: Quagsire
|-damage|p1a: Quagsire|0 fnt
|faint|p1a: Quagsire
|
|-weather|RainDance|[upkeep]
|upkeep
|
|t:|1739941402
|switch|p1a: Chansey|Chansey, F|100/100
|-damage|p1a: Chansey|88/100|[from] Stealth Rock
|turn|15
|
|t:|1739941406
|move|p2a: Thundurus|Thunder|p1a: Chansey
|-damage|p1a: Chansey|65/100
|-status|p1a: Chansey|par
|move|p1a: Chansey|Toxic|p2a: Thundurus|[miss]
|-miss|p1a: Chansey|p2a: Thundurus
|
|-weather|RainDance|[upkeep]
|upkeep
|turn|16
|
|t:|1739941413
|move|p2a: Thundurus|Thunder|p1a: Chansey
|-damage|p1a: Chansey|44/100 par
|cant|p1a: Chansey|par
|
|-weather|RainDance|[upkeep]
|upkeep
|turn|17
|
|t:|1739941420
|switch|p2a: Blue Hawaii|Keldeo|100/100
|-damage|p2a: Blue Hawaii|94/100|[from] Stealth Rock
|cant|p1a: Chansey|par
|
|-weather|RainDance|[upkeep]
|upkeep
|turn|18
|
|t:|1739941426
|move|p2a: Blue Hawaii|Secret Sword|p1a: Chansey
|-supereffective|p1a: Chansey
|-damage|p1a: Chansey|0 fnt
|faint|p1a: Chansey
|
|-weather|RainDance|[upkeep]
|upkeep
|-message|ge men er forfeited.
|
|win|Leeto64
|raw|ge men er's rating: 1313 &rarr; <strong>1295</strong><br />(-18 for losing)
|raw|Leeto64's rating: 1347 &rarr; <strong>1365</strong><br />(+18 for winning)
|l|☆ge men er
|player|p1|
