|uhtml|medal-msg|<div class="broadcast-blue">Curious what those medals under the avatar are? PS now has Ladder Seasons! For more information, check out the <a href="https://www.smogon.com/forums/threads/3740067/">thread on Smogon.</a></div>
|uhtml|medal-msg|<div class="broadcast-blue">Curious what those medals under the avatar are? PS now has Ladder Seasons! For more information, check out the <a href="https://www.smogon.com/forums/threads/3740067/">thread on Smogon.</a></div>
|j|☆Laone.L.ous
|j|☆stonya
|t:|1713946543
|gametype|singles
|player|p1|Laone.L.ous|2|1393
|player|p2|stonya|266|1508
|teamsize|p1|6
|teamsize|p2|6
|gen|5
|tier|[Gen 5] OU
|rated|
|rule|Species Clause: Limit one of each Pokémon
|rule|OHKO Clause: OHKO moves are banned
|rule|Moody Clause: Moody is banned
|rule|Evasion Items Clause: Evasion items are banned
|rule|Evasion Moves Clause: Evasion moves are banned
|rule|Endless Battle Clause: Forcing endless battles is banned
|rule|HP Percentage Mod: HP is shown in percentages
|rule|Evasion Abilities Clause: Evasion abilities are banned
|rule|Sleep Moves Clause: Sleep-inducing moves are banned
|rule|Swagger Clause: Swagger is banned
|rule|Baton Pass Stat Clause: No Baton Passer may have a way to boost its stats
|clearpoke
|poke|p1|Mew|item
|poke|p1|Volcarona, F|item
|poke|p1|Scizor, M|item
|poke|p1|Starmie|item
|poke|p1|Ditto|item
|poke|p1|Dragonite, F|item
|poke|p2|Tyranitar, M|item
|poke|p2|Magnezone|item
|poke|p2|Terrakion|item
|poke|p2|Latios, M|item
|poke|p2|Scizor, M|item
|poke|p2|Landorus-Therian, M|item
|teampreview
|inactive|Battle timer is ON: inactive players will automatically lose when time's up. (requested by Laone.L.ous)
|
|t:|1713946550
|start
|switch|p1a: Mew|Mew|100/100
|switch|p2a: Pat Riely|Tyranitar, M|100/100
|-weather|Sandstorm|[from] ability: Sand Stream|[of] p2a: Pat Riely
|turn|1
|
|t:|1713946553
|move|p1a: Mew|Will-O-Wisp|p2a: Pat Riely
|-status|p2a: Pat Riely|brn
|move|p2a: Pat Riely|Stealth Rock|p1a: Mew
|-sidestart|p1: Laone.L.ous|move: Stealth Rock
|
|-weather|Sandstorm|[upkeep]
|-damage|p1a: Mew|94/100|[from] Sandstorm
|-heal|p1a: Mew|100/100|[from] item: Leftovers
|-damage|p2a: Pat Riely|88/100 brn|[from] brn
|upkeep
|turn|2
|
|t:|1713946558
|move|p1a: Mew|Stealth Rock|p2a: Pat Riely
|-sidestart|p2: stonya|move: Stealth Rock
|move|p2a: Pat Riely|Pursuit|p1a: Mew
|-supereffective|p1a: Mew
|-damage|p1a: Mew|85/100
|
|-weather|Sandstorm|[upkeep]
|-damage|p1a: Mew|79/100|[from] Sandstorm
|-heal|p1a: Mew|85/100|[from] item: Leftovers
|-heal|p2a: Pat Riely|94/100 brn|[from] item: Leftovers
|-damage|p2a: Pat Riely|82/100 brn|[from] brn
|upkeep
|turn|3
|
|t:|1713946563
|switch|p1a: Starmie|Starmie, shiny|100/100
|-damage|p1a: Starmie|88/100|[from] Stealth Rock
|move|p2a: Pat Riely|Roar|p1a: Starmie
|drag|p1a: Ditto|Ditto, shiny|100/100
|-damage|p1a: Ditto|88/100|[from] Stealth Rock
|-transform|p1a: Ditto|p2a: Pat Riely|[from] ability: Imposter
|
|-weather|Sandstorm|[upkeep]
|-heal|p2a: Pat Riely|88/100 brn|[from] item: Leftovers
|-damage|p2a: Pat Riely|76/100 brn|[from] brn
|upkeep
|turn|4
|
|t:|1713946573
|switch|p2a: D.Wade|Terrakion|100/100
|-damage|p2a: D.Wade|94/100|[from] Stealth Rock
|move|p1a: Ditto|Roar|p2a: D.Wade
|drag|p2a: Bosh|Latios, M, shiny|100/100
|-damage|p2a: Bosh|88/100|[from] Stealth Rock
|
|-weather|Sandstorm|[upkeep]
|-damage|p2a: Bosh|82/100|[from] Sandstorm
|upkeep
|turn|5
|
|t:|1713946583
|move|p2a: Bosh|Energy Ball|p1a: Ditto
|-supereffective|p1a: Ditto
|-damage|p1a: Ditto|52/100
|move|p1a: Ditto|Pursuit|p2a: Bosh
|-supereffective|p2a: Bosh
|-damage|p2a: Bosh|30/100
|
|-weather|Sandstorm|[upkeep]
|-damage|p2a: Bosh|24/100|[from] Sandstorm
|upkeep
|turn|6
|
|t:|1713946592
|move|p2a: Bosh|Surf|p1a: Ditto
|-supereffective|p1a: Ditto
|-damage|p1a: Ditto|9/100
|move|p1a: Ditto|Pursuit|p2a: Bosh
|-supereffective|p2a: Bosh
|-damage|p2a: Bosh|0 fnt
|faint|p2a: Bosh
|
|-weather|Sandstorm|[upkeep]
|upkeep
|
|t:|1713946599
|switch|p2a: Miller|Scizor, M, shiny|100/100
|-damage|p2a: Miller|88/100|[from] Stealth Rock
|turn|7
|
|t:|1713946602
|move|p2a: Miller|Bullet Punch|p1a: Ditto
|-supereffective|p1a: Ditto
|-damage|p1a: Ditto|0 fnt
|faint|p1a: Ditto
|
|-weather|Sandstorm|[upkeep]
|upkeep
|
|t:|1713946606
|switch|p1a: Starmie|Starmie, shiny|88/100
|-damage|p1a: Starmie|76/100|[from] Stealth Rock
|turn|8
|
|t:|1713946610
|move|p2a: Miller|Bullet Punch|p1a: Starmie
|-resisted|p1a: Starmie
|-damage|p1a: Starmie|51/100
|move|p1a: Starmie|Rapid Spin|p2a: Miller
|-resisted|p2a: Miller
|-damage|p2a: Miller|87/100
|-sideend|p1: Laone.L.ous|Stealth Rock|[from] move: Rapid Spin|[of] p1a: Starmie
|
|-weather|Sandstorm|[upkeep]
|-damage|p1a: Starmie|45/100|[from] Sandstorm
|-heal|p1a: Starmie|51/100|[from] item: Leftovers
|upkeep
|turn|9
|
|t:|1713946614
|move|p2a: Miller|Bullet Punch|p1a: Starmie
|-resisted|p1a: Starmie
|-damage|p1a: Starmie|24/100
|move|p1a: Starmie|Recover|p1a: Starmie
|-heal|p1a: Starmie|74/100
|
|-weather|Sandstorm|[upkeep]
|-damage|p1a: Starmie|68/100|[from] Sandstorm
|-heal|p1a: Starmie|74/100|[from] item: Leftovers
|upkeep
|turn|10
|
|t:|1713946617
|switch|p2a: Pat Riely|Tyranitar, M|76/100 brn
|-damage|p2a: Pat Riely|63/100 brn|[from] Stealth Rock
|move|p1a: Starmie|Thunder Wave||[still]
|-fail|p1a: Starmie
|
|-weather|Sandstorm|[upkeep]
|-damage|p1a: Starmie|68/100|[from] Sandstorm
|-heal|p1a: Starmie|74/100|[from] item: Leftovers
|-heal|p2a: Pat Riely|69/100 brn|[from] item: Leftovers
|-damage|p2a: Pat Riely|57/100 brn|[from] brn
|upkeep
|turn|11
|
|t:|1713946622
|move|p1a: Starmie|Scald|p2a: Pat Riely
|-supereffective|p2a: Pat Riely
|-damage|p2a: Pat Riely|36/100 brn
|move|p2a: Pat Riely|Pursuit|p1a: Starmie
|-supereffective|p1a: Starmie
|-damage|p1a: Starmie|56/100
|
|-weather|Sandstorm|[upkeep]
|-damage|p1a: Starmie|50/100|[from] Sandstorm
|-heal|p1a: Starmie|56/100|[from] item: Leftovers
|-heal|p2a: Pat Riely|42/100 brn|[from] item: Leftovers
|-damage|p2a: Pat Riely|30/100 brn|[from] brn
|upkeep
|turn|12
|
|t:|1713946627
|move|p1a: Starmie|Recover|p1a: Starmie
|-heal|p1a: Starmie|100/100
|move|p2a: Pat Riely|Stealth Rock|p1a: Starmie
|-sidestart|p1: Laone.L.ous|move: Stealth Rock
|
|-weather|Sandstorm|[upkeep]
|-damage|p1a: Starmie|94/100|[from] Sandstorm
|-heal|p1a: Starmie|100/100|[from] item: Leftovers
|-heal|p2a: Pat Riely|36/100 brn|[from] item: Leftovers
|-damage|p2a: Pat Riely|23/100 brn|[from] brn
|upkeep
|turn|13
|
|t:|1713946633
|move|p1a: Starmie|Rapid Spin|p2a: Pat Riely
|-resisted|p2a: Pat Riely
|-damage|p2a: Pat Riely|22/100 brn
|-sideend|p1: Laone.L.ous|Stealth Rock|[from] move: Rapid Spin|[of] p1a: Starmie
|move|p2a: Pat Riely|Stealth Rock|p1a: Starmie
|-sidestart|p1: Laone.L.ous|move: Stealth Rock
|
|-weather|Sandstorm|[upkeep]
|-damage|p1a: Starmie|94/100|[from] Sandstorm
|-heal|p1a: Starmie|100/100|[from] item: Leftovers
|-heal|p2a: Pat Riely|29/100 brn|[from] item: Leftovers
|-damage|p2a: Pat Riely|16/100 brn|[from] brn
|upkeep
|turn|14
|
|t:|1713946637
|move|p1a: Starmie|Rapid Spin|p2a: Pat Riely
|-resisted|p2a: Pat Riely
|-damage|p2a: Pat Riely|15/100 brn
|-sideend|p1: Laone.L.ous|Stealth Rock|[from] move: Rapid Spin|[of] p1a: Starmie
|move|p2a: Pat Riely|Stealth Rock|p1a: Starmie
|-sidestart|p1: Laone.L.ous|move: Stealth Rock
|
|-weather|Sandstorm|[upkeep]
|-damage|p1a: Starmie|94/100|[from] Sandstorm
|-heal|p1a: Starmie|100/100|[from] item: Leftovers
|-heal|p2a: Pat Riely|21/100 brn|[from] item: Leftovers
|-damage|p2a: Pat Riely|9/100 brn|[from] brn
|upkeep
|turn|15
|
|t:|1713946642
|move|p1a: Starmie|Rapid Spin|p2a: Pat Riely
|-resisted|p2a: Pat Riely
|-damage|p2a: Pat Riely|8/100 brn
|-sideend|p1: Laone.L.ous|Stealth Rock|[from] move: Rapid Spin|[of] p1a: Starmie
|move|p2a: Pat Riely|Stealth Rock|p1a: Starmie
|-sidestart|p1: Laone.L.ous|move: Stealth Rock
|
|-weather|Sandstorm|[upkeep]
|-damage|p1a: Starmie|94/100|[from] Sandstorm
|-heal|p1a: Starmie|100/100|[from] item: Leftovers
|-heal|p2a: Pat Riely|14/100 brn|[from] item: Leftovers
|-damage|p2a: Pat Riely|1/100 brn|[from] brn
|upkeep
|turn|16
|
|t:|1713946647
|move|p1a: Starmie|Rapid Spin|p2a: Pat Riely
|-resisted|p2a: Pat Riely
|-damage|p2a: Pat Riely|0 fnt
|-sideend|p1: Laone.L.ous|Stealth Rock|[from] move: Rapid Spin|[of] p1a: Starmie
|faint|p2a: Pat Riely
|
|-weather|Sandstorm|[upkeep]
|-damage|p1a: Starmie|94/100|[from] Sandstorm
|-heal|p1a: Starmie|100/100|[from] item: Leftovers
|upkeep
|
|t:|1713946653
|switch|p2a: Miller|Scizor, M, shiny|87/100
|-damage|p2a: Miller|75/100|[from] Stealth Rock
|turn|17
|
|t:|1713946657
|switch|p1a: Scizor|Scizor, M|100/100
|move|p2a: Miller|U-turn|p1a: Scizor
|-resisted|p1a: Scizor
|-damage|p1a: Scizor|71/100
|
|t:|1713946659
|switch|p2a: Ray Allen|Magnezone|100/100|[from] U-turn
|-damage|p2a: Ray Allen|94/100|[from] Stealth Rock
|
|-weather|Sandstorm|[upkeep]
|-heal|p2a: Ray Allen|100/100|[from] item: Leftovers
|upkeep
|turn|18
|
|t:|1713946665
|move|p2a: Ray Allen|Hidden Power|p1a: Scizor
|-supereffective|p1a: Scizor
|-damage|p1a: Scizor|0 fnt
|faint|p1a: Scizor
|
|-weather|Sandstorm|[upkeep]
|upkeep
|
|t:|1713946680
|switch|p1a: Mew|Mew|85/100
|turn|19
|
|t:|1713946687
|move|p1a: Mew|Taunt|p2a: Ray Allen
|-start|p2a: Ray Allen|move: Taunt
|cant|p2a: Ray Allen|move: Taunt|Substitute
|
|-weather|Sandstorm|[upkeep]
|-damage|p1a: Mew|79/100|[from] Sandstorm
|-heal|p1a: Mew|85/100|[from] item: Leftovers
|upkeep
|turn|20
|
|t:|1713946692
|move|p1a: Mew|Will-O-Wisp|p2a: Ray Allen
|-status|p2a: Ray Allen|brn
|move|p2a: Ray Allen|Charge Beam|p1a: Mew
|-damage|p1a: Mew|62/100
|
|-weather|Sandstorm|[upkeep]
|-damage|p1a: Mew|56/100|[from] Sandstorm
|-heal|p1a: Mew|62/100|[from] item: Leftovers
|-damage|p2a: Ray Allen|88/100 brn|[from] brn
|upkeep
|turn|21
|
|t:|1713946700
|move|p1a: Mew|Explosion|p2a: Ray Allen
|-resisted|p2a: Ray Allen
|-damage|p2a: Ray Allen|57/100 brn
|faint|p1a: Mew
|move|p2a: Ray Allen|Charge Beam|p1: Mew|[notarget]
|-fail|p2a: Ray Allen
|
|-weather|Sandstorm|[upkeep]
|-heal|p2a: Ray Allen|63/100 brn|[from] item: Leftovers
|-damage|p2a: Ray Allen|51/100 brn|[from] brn
|-end|p2a: Ray Allen|move: Taunt
|upkeep
|
|t:|1713946712
|switch|p1a: Volcarona|Volcarona, F, shiny|100/100
|turn|22
|
|t:|1713946714
|switch|p2a: D.Wade|Terrakion|94/100
|-damage|p2a: D.Wade|88/100|[from] Stealth Rock
|move|p1a: Volcarona|Quiver Dance|p1a: Volcarona
|-boost|p1a: Volcarona|spa|1
|-boost|p1a: Volcarona|spd|1
|-boost|p1a: Volcarona|spe|1
|
|-weather|Sandstorm|[upkeep]
|-damage|p1a: Volcarona|94/100|[from] Sandstorm
|-heal|p1a: Volcarona|100/100|[from] item: Leftovers
|upkeep
|turn|23
|
|t:|1713946718
|switch|p1a: Starmie|Starmie, shiny|100/100
|move|p2a: D.Wade|Stone Edge|p1a: Starmie
|-damage|p1a: Starmie|50/100
|
|-weather|Sandstorm|[upkeep]
|-damage|p1a: Starmie|44/100|[from] Sandstorm
|-heal|p1a: Starmie|50/100|[from] item: Leftovers
|upkeep
|turn|24
|
|t:|1713946729
|switch|p2a: Ray Allen|Magnezone|51/100 brn
|-damage|p2a: Ray Allen|45/100 brn|[from] Stealth Rock
|move|p1a: Starmie|Recover|p1a: Starmie
|-heal|p1a: Starmie|99/100
|
|-weather|Sandstorm|[upkeep]
|-damage|p1a: Starmie|94/100|[from] Sandstorm
|-heal|p1a: Starmie|99/100|[from] item: Leftovers
|-heal|p2a: Ray Allen|51/100 brn|[from] item: Leftovers
|-damage|p2a: Ray Allen|38/100 brn|[from] brn
|upkeep
|turn|25
|
|t:|1713946734
|move|p1a: Starmie|Scald|p2a: Ray Allen
|-damage|p2a: Ray Allen|3/100 brn
|move|p2a: Ray Allen|Charge Beam|p1a: Starmie
|-supereffective|p1a: Starmie
|-damage|p1a: Starmie|42/100
|-boost|p2a: Ray Allen|spa|1
|
|-weather|Sandstorm|[upkeep]
|-damage|p1a: Starmie|36/100|[from] Sandstorm
|-heal|p1a: Starmie|42/100|[from] item: Leftovers
|-heal|p2a: Ray Allen|9/100 brn|[from] item: Leftovers
|-damage|p2a: Ray Allen|0 fnt|[from] brn
|faint|p2a: Ray Allen
|upkeep
|
|t:|1713946739
|switch|p2a: D.Wade|Terrakion|88/100
|-damage|p2a: D.Wade|82/100|[from] Stealth Rock
|turn|26
|
|t:|1713946742
|move|p2a: D.Wade|X-Scissor|p1a: Starmie
|-supereffective|p1a: Starmie
|-damage|p1a: Starmie|0 fnt
|faint|p1a: Starmie
|
|-weather|Sandstorm|[upkeep]
|upkeep
|
|t:|1713946746
|switch|p1a: Volcarona|Volcarona, F, shiny|100/100
|turn|27
|
|t:|1713946748
|switch|p2a: Bron Bron|Landorus-Therian, M|100/100
|-damage|p2a: Bron Bron|88/100|[from] Stealth Rock
|-ability|p2a: Bron Bron|Intimidate|boost
|-unboost|p1a: Volcarona|atk|1
|move|p1a: Volcarona|Quiver Dance|p1a: Volcarona
|-boost|p1a: Volcarona|spa|1
|-boost|p1a: Volcarona|spd|1
|-boost|p1a: Volcarona|spe|1
|
|-weather|Sandstorm|[upkeep]
|-damage|p1a: Volcarona|94/100|[from] Sandstorm
|-heal|p1a: Volcarona|100/100|[from] item: Leftovers
|upkeep
|turn|28
|
|t:|1713946757
|move|p1a: Volcarona|Quiver Dance|p1a: Volcarona
|-boost|p1a: Volcarona|spa|1
|-boost|p1a: Volcarona|spd|1
|-boost|p1a: Volcarona|spe|1
|move|p2a: Bron Bron|U-turn|p1a: Volcarona
|-resisted|p1a: Volcarona
|-damage|p1a: Volcarona|76/100
|-status|p2a: Bron Bron|brn|[from] ability: Flame Body|[of] p1a: Volcarona
|
|t:|1713946759
|switch|p2a: D.Wade|Terrakion|82/100|[from] U-turn
|-damage|p2a: D.Wade|76/100|[from] Stealth Rock
|
|-weather|Sandstorm|[upkeep]
|-damage|p1a: Volcarona|70/100|[from] Sandstorm
|-heal|p1a: Volcarona|76/100|[from] item: Leftovers
|upkeep
|turn|29
|
|t:|1713946763
|move|p1a: Volcarona|Giga Drain|p2a: D.Wade
|-supereffective|p2a: D.Wade
|-damage|p2a: D.Wade|0 fnt
|-heal|p1a: Volcarona|100/100|[from] drain|[of] p2a: D.Wade
|faint|p2a: D.Wade
|
|-weather|Sandstorm|[upkeep]
|-damage|p1a: Volcarona|94/100|[from] Sandstorm
|-heal|p1a: Volcarona|100/100|[from] item: Leftovers
|upkeep
|
|t:|1713946767
|switch|p2a: Bron Bron|Landorus-Therian, M|88/100 brn
|-damage|p2a: Bron Bron|76/100 brn|[from] Stealth Rock
|-ability|p2a: Bron Bron|Intimidate|boost
|-unboost|p1a: Volcarona|atk|1
|turn|30
|
|t:|1713946769
|move|p1a: Volcarona|Hidden Power|p2a: Bron Bron
|-supereffective|p2a: Bron Bron
|-damage|p2a: Bron Bron|0 fnt
|faint|p2a: Bron Bron
|
|-weather|Sandstorm|[upkeep]
|-damage|p1a: Volcarona|94/100|[from] Sandstorm
|-heal|p1a: Volcarona|100/100|[from] item: Leftovers
|upkeep
|-message|stonya forfeited.
|
|win|Laone.L.ous
|raw|Laone.L.ous's rating: 1393 &rarr; <strong>1419</strong><br />(+26 for winning)
|raw|stonya's rating: 1508 &rarr; <strong>1482</strong><br />(-26 for losing)
|l|☆stonya
|player|p2|
