|j|☆celebicelebrates
|j|☆seanb143
|t:|1727907460
|gametype|singles
|player|p1|celebicelebrates|lucas|1386
|player|p2|seanb143|emmet|1499
|teamsize|p1|6
|teamsize|p2|6
|gen|5
|tier|[Gen 5] OU
|rated|
|rule|Species Clause: Limit one of each Pokémon
|rule|OHKO Clause: OHKO moves are banned
|rule|Moody Clause: Moody is banned
|rule|Evasion Items Clause: Evasion items are banned
|rule|Evasion Moves Clause: Evasion moves are banned
|rule|Endless Battle Clause: Forcing endless battles is banned
|rule|HP Percentage Mod: HP is shown in percentages
|rule|Evasion Abilities Clause: Evasion abilities are banned
|rule|Sleep Moves Clause: Sleep-inducing moves are banned
|rule|Swagger Clause: Swagger is banned
|rule|Baton Pass Stat Clause: No Baton Passer may have a way to boost its stats
|clearpoke
|poke|p1|Politoed, M|item
|poke|p1|Starmie|item
|poke|p1|Thundurus-Therian, M|item
|poke|p1|Terrakion|item
|poke|p1|Ferrothorn, M|item
|poke|p1|Latios, M|item
|poke|p2|Heatran, F|item
|poke|p2|Gliscor, M|item
|poke|p2|Breloom, M|item
|poke|p2|Jellicent, F|item
|poke|p2|Forretress, M|item
|poke|p2|Tyranitar, F|item
|teampreview
|inactive|Battle timer is ON: inactive players will automatically lose when time's up. (requested by celebicelebrates)
|inactive|seanb143 also wants the timer to be on.
|
|t:|1727907478
|start
|switch|p1a: Politoed|Politoed, M|100/100
|switch|p2a: Gliscor|Gliscor, M, shiny|100/100
|turn|1
|c|☆celebicelebrates|D:
|
|t:|1727907496
|switch|p2a: Jellicent|Jellicent, F, shiny|100/100
|move|p1a: Politoed|Hydro Pump|p2a: Jellicent
|-immune|p2a: Jellicent|[from] ability: Water Absorb
|
|upkeep
|turn|2
|
|t:|1727907504
|switch|p1a: Starmie|Starmie|100/100
|move|p2a: Jellicent|Will-O-Wisp|p1a: Starmie|[miss]
|-miss|p2a: Jellicent|p1a: Starmie
|
|upkeep
|turn|3
|
|t:|1727907508
|move|p1a: Starmie|Hydro Pump|p2a: Jellicent
|-immune|p2a: Jellicent|[from] ability: Water Absorb
|move|p2a: Jellicent|Will-O-Wisp|p1a: Starmie
|-status|p1a: Starmie|brn
|
|-damage|p1a: Starmie|88/100 brn|[from] brn
|upkeep
|turn|4
|
|t:|1727907513
|move|p1a: Starmie|Hydro Pump|p2a: Jellicent
|-immune|p2a: Jellicent|[from] ability: Water Absorb
|move|p2a: Jellicent|Will-O-Wisp|p1a: Starmie
|-fail|p1a: Starmie|brn
|
|-damage|p1a: Starmie|76/100 brn|[from] brn
|upkeep
|turn|5
|
|t:|1727907516
|switch|p1a: Ferrothorn|Ferrothorn, M|100/100
|move|p2a: Jellicent|Night Shade|p1a: Ferrothorn
|-damage|p1a: Ferrothorn|72/100
|
|upkeep
|turn|6
|
|t:|1727907521
|move|p2a: Jellicent|Taunt|p1a: Ferrothorn
|-start|p1a: Ferrothorn|move: Taunt
|move|p1a: Ferrothorn|Power Whip|p2a: Jellicent
|-supereffective|p2a: Jellicent
|-damage|p2a: Jellicent|0 fnt
|faint|p2a: Jellicent
|
|upkeep
|
|t:|1727907527
|switch|p2a: Breloom|Breloom, M, shiny|100/100
|turn|7
|
|t:|1727907538
|switch|p1a: Latios|Latios, M|100/100
|move|p2a: Breloom|Low Sweep|p1a: Latios
|-resisted|p1a: Latios
|-damage|p1a: Latios|53/100
|-unboost|p1a: Latios|spe|1
|
|upkeep
|turn|8
|
|t:|1727907543
|switch|p2a: Heatran|Heatran, F, shiny|100/100
|move|p1a: Latios|Draco Meteor|p2a: Heatran
|-resisted|p2a: Heatran
|-damage|p2a: Heatran|78/100
|-unboost|p1a: Latios|spa|2
|
|-heal|p2a: Heatran|84/100|[from] item: Leftovers
|upkeep
|turn|9
|
|t:|1727907550
|switch|p1a: Terrakion|Terrakion|100/100
|move|p2a: Heatran|Stealth Rock|p1a: Terrakion
|-sidestart|p1: celebicelebrates|move: Stealth Rock
|
|-heal|p2a: Heatran|90/100|[from] item: Leftovers
|upkeep
|turn|10
|
|t:|1727907554
|switch|p2a: Forretress|Forretress, M, shiny|100/100
|move|p1a: Terrakion|Stone Edge|p2a: Forretress
|-damage|p2a: Forretress|45/100
|-damage|p1a: Terrakion|91/100|[from] item: Life Orb
|
|upkeep
|turn|11
|
|t:|1727907559
|move|p1a: Terrakion|Close Combat|p2a: Forretress
|-damage|p2a: Forretress|0 fnt
|-unboost|p1a: Terrakion|def|1
|-unboost|p1a: Terrakion|spd|1
|faint|p2a: Forretress
|-damage|p1a: Terrakion|81/100|[from] item: Life Orb
|
|upkeep
|
|t:|1727907563
|switch|p2a: Breloom|Breloom, M, shiny|100/100
|turn|12
|j| Nielzk7
|inactive|celebicelebrates has 120 seconds left.
|
|t:|1727907595
|move|p1a: Terrakion|Close Combat|p2a: Breloom
|-damage|p2a: Breloom|0 fnt
|-unboost|p1a: Terrakion|def|1
|-unboost|p1a: Terrakion|spd|1
|faint|p2a: Breloom
|-damage|p1a: Terrakion|71/100|[from] item: Life Orb
|
|upkeep
|l| Nielzk7
|-message|seanb143 forfeited.
|
|win|celebicelebrates
|raw|celebicelebrates's rating: 1386 &rarr; <strong>1412</strong><br />(+26 for winning)
|raw|seanb143's rating: 1499 &rarr; <strong>1473</strong><br />(-26 for losing)
|l|☆seanb143
|player|p2|
