|j|☆NUJS Shore
|j|☆zf croak squad
|t:|1703021936
|gametype|singles
|player|p1|NUJS Shore|hilda-masters3|1384
|player|p2|zf croak squad|101|1553
|teamsize|p1|6
|teamsize|p2|6
|gen|5
|tier|[Gen 5] OU
|rated|
|rule|Species Clause: Limit one of each Pokémon
|rule|OHKO Clause: OHKO moves are banned
|rule|Moody Clause: Moody is banned
|rule|Evasion Items Clause: Evasion items are banned
|rule|Evasion Moves Clause: Evasion moves are banned
|rule|Endless Battle Clause: Forcing endless battles is banned
|rule|HP Percentage Mod: HP is shown in percentages
|rule|Evasion Abilities Clause: Evasion abilities are banned
|rule|Sleep Moves Clause: Sleep-inducing moves are banned
|rule|Swagger Clause: Swagger is banned
|rule|Baton Pass Stat Clause: No Baton Passer may have a way to boost its stats
|clearpoke
|poke|p1|Abomasnow, M|item
|poke|p1|Volcarona, F|item
|poke|p1|Empoleon, M|item
|poke|p1|Mamoswine, M|item
|poke|p1|Starmie|item
|poke|p1|Kyurem|item
|poke|p2|Tyranitar, M|item
|poke|p2|Xatu, M|item
|poke|p2|Alomomola, M|item
|poke|p2|Celebi|item
|poke|p2|Excadrill, F|item
|poke|p2|Ditto|item
|teampreview
|
|t:|1703021951
|start
|switch|p1a: Abomasnow|Abomasnow, M|100/100
|switch|p2a: Alomomola|Alomomola, M|100/100
|-weather|Hail|[from] ability: Snow Warning|[of] p1a: Abomasnow
|turn|1
|
|t:|1703021953
|move|p1a: Abomasnow|Wood Hammer|p2a: Alomomola
|-supereffective|p2a: Alomomola
|-damage|p2a: Alomomola|24/100
|-damage|p1a: Abomasnow|62/100|[from] Recoil
|move|p2a: Alomomola|Knock Off|p1a: Abomasnow
|-damage|p1a: Abomasnow|57/100
|-enditem|p1a: Abomasnow|Expert Belt|[from] move: Knock Off|[of] p2a: Alomomola
|
|-weather|Hail|[upkeep]
|-damage|p2a: Alomomola|17/100|[from] Hail
|-heal|p2a: Alomomola|24/100|[from] item: Leftovers
|upkeep
|turn|2
|
|t:|1703021968
|switch|p1a: Empo|Empoleon, M|100/100
|move|p2a: Alomomola|Protect||[still]
|-fail|p2a: Alomomola
|
|-weather|Hail|[upkeep]
|-damage|p2a: Alomomola|17/100|[from] Hail
|-damage|p1a: Empo|94/100|[from] Hail
|-heal|p2a: Alomomola|24/100|[from] item: Leftovers
|-heal|p1a: Empo|100/100|[from] item: Leftovers
|upkeep
|turn|3
|
|t:|1703021973
|switch|p2a: Ditto|Ditto|100/100
|-transform|p2a: Ditto|p1a: Empo|[from] ability: Imposter
|move|p1a: Empo|Scald|p2a: Ditto
|-resisted|p2a: Ditto
|-damage|p2a: Ditto|89/100
|-status|p2a: Ditto|brn
|
|-weather|Hail|[upkeep]
|-damage|p2a: Ditto|83/100 brn|[from] Hail
|-damage|p1a: Empo|94/100|[from] Hail
|-heal|p1a: Empo|100/100|[from] item: Leftovers
|-damage|p2a: Ditto|70/100 brn|[from] brn
|upkeep
|turn|4
|
|t:|1703021982
|move|p2a: Ditto|Stealth Rock|p1a: Empo
|-sidestart|p1: NUJS Shore|move: Stealth Rock
|move|p1a: Empo|Scald|p2a: Ditto
|-resisted|p2a: Ditto
|-damage|p2a: Ditto|58/100 brn
|
|-weather|Hail|[upkeep]
|-damage|p2a: Ditto|52/100 brn|[from] Hail
|-damage|p1a: Empo|94/100|[from] Hail
|-heal|p1a: Empo|100/100|[from] item: Leftovers
|-damage|p2a: Ditto|40/100 brn|[from] brn
|upkeep
|turn|5
|
|t:|1703021987
|switch|p2a: Celebi|Celebi|100/100
|move|p1a: Empo|Stealth Rock|p2a: Celebi
|-sidestart|p2: zf croak squad|move: Stealth Rock
|
|-weather|Hail|[upkeep]
|-damage|p2a: Celebi|94/100|[from] Hail
|-damage|p1a: Empo|94/100|[from] Hail
|-heal|p2a: Celebi|100/100|[from] item: Leftovers
|-heal|p1a: Empo|100/100|[from] item: Leftovers
|upkeep
|turn|6
|
|t:|1703021992
|move|p2a: Celebi|Psychic|p1a: Empo
|-resisted|p1a: Empo
|-damage|p1a: Empo|90/100
|move|p1a: Empo|Blizzard|p2a: Celebi
|-supereffective|p2a: Celebi
|-damage|p2a: Celebi|60/100
|
|-weather|Hail|[upkeep]
|-damage|p2a: Celebi|54/100|[from] Hail
|-damage|p1a: Empo|84/100|[from] Hail
|-heal|p2a: Celebi|60/100|[from] item: Leftovers
|-heal|p1a: Empo|90/100|[from] item: Leftovers
|upkeep
|turn|7
|
|t:|1703021995
|move|p2a: Celebi|Baton Pass|p2a: Celebi
|
|t:|1703021998
|switch|p2a: Alomomola|Alomomola, M|57/100|[from] Baton Pass
|-damage|p2a: Alomomola|44/100|[from] Stealth Rock
|move|p1a: Empo|Blizzard|p2a: Alomomola
|-resisted|p2a: Alomomola
|-damage|p2a: Alomomola|31/100
|
|-weather|Hail|[upkeep]
|-damage|p2a: Alomomola|25/100|[from] Hail
|-damage|p1a: Empo|84/100|[from] Hail
|-heal|p2a: Alomomola|31/100|[from] item: Leftovers
|-heal|p1a: Empo|90/100|[from] item: Leftovers
|upkeep
|turn|8
|
|t:|1703022001
|move|p2a: Alomomola|Protect|p2a: Alomomola
|-singleturn|p2a: Alomomola|Protect
|move|p1a: Empo|Scald|p2a: Alomomola
|-activate|p2a: Alomomola|move: Protect
|
|-weather|Hail|[upkeep]
|-damage|p2a: Alomomola|25/100|[from] Hail
|-damage|p1a: Empo|84/100|[from] Hail
|-heal|p2a: Alomomola|31/100|[from] item: Leftovers
|-heal|p1a: Empo|90/100|[from] item: Leftovers
|upkeep
|turn|9
|
|t:|1703022004
|switch|p1a: Star|Starmie|100/100
|-damage|p1a: Star|88/100|[from] Stealth Rock
|move|p2a: Alomomola|Wish|p2a: Alomomola
|
|-weather|Hail|[upkeep]
|-damage|p1a: Star|82/100|[from] Hail
|-damage|p2a: Alomomola|25/100|[from] Hail
|-heal|p1a: Star|88/100|[from] item: Leftovers
|-heal|p2a: Alomomola|31/100|[from] item: Leftovers
|upkeep
|turn|10
|
|t:|1703022008
|move|p2a: Alomomola|Protect|p2a: Alomomola
|-singleturn|p2a: Alomomola|Protect
|move|p1a: Star|Rapid Spin|p2a: Alomomola
|-activate|p2a: Alomomola|move: Protect
|
|-weather|Hail|[upkeep]
|-damage|p1a: Star|82/100|[from] Hail
|-damage|p2a: Alomomola|25/100|[from] Hail
|-heal|p2a: Alomomola|75/100|[from] move: Wish|[wisher] Alomomola
|-heal|p1a: Star|88/100|[from] item: Leftovers
|-heal|p2a: Alomomola|81/100|[from] item: Leftovers
|upkeep
|turn|11
|
|t:|1703022010
|switch|p2a: Tyranocif|Tyranitar, M|100/100
|-damage|p2a: Tyranocif|88/100|[from] Stealth Rock
|-weather|Sandstorm|[from] ability: Sand Stream|[of] p2a: Tyranocif
|move|p1a: Star|Rapid Spin|p2a: Tyranocif
|-resisted|p2a: Tyranocif
|-damage|p2a: Tyranocif|87/100
|-sideend|p1: NUJS Shore|Stealth Rock|[from] move: Rapid Spin|[of] p1a: Star
|
|-weather|Sandstorm|[upkeep]
|-damage|p1a: Star|82/100|[from] Sandstorm
|-heal|p1a: Star|88/100|[from] item: Leftovers
|upkeep
|turn|12
|
|t:|1703022012
|move|p1a: Star|Scald|p2a: Tyranocif
|-supereffective|p2a: Tyranocif
|-damage|p2a: Tyranocif|65/100
|-status|p2a: Tyranocif|brn
|move|p2a: Tyranocif|Crunch|p1a: Star
|-supereffective|p1a: Star
|-damage|p1a: Star|44/100
|-unboost|p1a: Star|def|1
|
|-weather|Sandstorm|[upkeep]
|-damage|p1a: Star|38/100|[from] Sandstorm
|-heal|p1a: Star|44/100|[from] item: Leftovers
|-damage|p2a: Tyranocif|52/100 brn|[from] brn
|upkeep
|turn|13
|
|t:|1703022017
|-activate|p1a: Star|move: Pursuit
|move|p2a: Tyranocif|Pursuit|p1a: Star|[from]Pursuit
|-supereffective|p1a: Star
|-damage|p1a: Star|0 fnt
|faint|p1a: Star
|-hint|A Pokemon can't switch between when it runs out of HP and when it faints
|
|-weather|Sandstorm|[upkeep]
|-damage|p2a: Tyranocif|40/100 brn|[from] brn
|upkeep
|c|☆NUJS Shore|nice drop
|
|t:|1703022033
|switch|p1a: Mamoswine|Mamoswine, M|100/100
|turn|14
|
|t:|1703022036
|switch|p2a: Alomomola|Alomomola, M|100/100
|-damage|p2a: Alomomola|88/100|[from] Stealth Rock
|move|p1a: Mamoswine|Earthquake|p2a: Alomomola
|-damage|p2a: Alomomola|54/100
|
|-weather|Sandstorm|[upkeep]
|-damage|p2a: Alomomola|47/100|[from] Sandstorm
|-heal|p2a: Alomomola|54/100|[from] item: Leftovers
|upkeep
|turn|15
|
|t:|1703022040
|move|p1a: Mamoswine|Earthquake|p2a: Alomomola
|-damage|p2a: Alomomola|17/100
|move|p2a: Alomomola|Wish|p2a: Alomomola
|
|-weather|Sandstorm|[upkeep]
|-damage|p2a: Alomomola|11/100|[from] Sandstorm
|-heal|p2a: Alomomola|17/100|[from] item: Leftovers
|upkeep
|turn|16
|
|t:|1703022044
|switch|p1a: Abomasnow|Abomasnow, M|57/100
|-weather|Hail|[from] ability: Snow Warning|[of] p1a: Abomasnow
|move|p2a: Alomomola|Protect||[still]
|-fail|p2a: Alomomola
|
|-weather|Hail|[upkeep]
|-damage|p2a: Alomomola|11/100|[from] Hail
|-heal|p2a: Alomomola|61/100|[from] move: Wish|[wisher] Alomomola
|-heal|p2a: Alomomola|67/100|[from] item: Leftovers
|upkeep
|turn|17
|
|t:|1703022051
|move|p2a: Alomomola|Protect|p2a: Alomomola
|-singleturn|p2a: Alomomola|Protect
|move|p1a: Abomasnow|Wood Hammer|p2a: Alomomola
|-activate|p2a: Alomomola|move: Protect
|
|-weather|Hail|[upkeep]
|-damage|p2a: Alomomola|61/100|[from] Hail
|-heal|p2a: Alomomola|67/100|[from] item: Leftovers
|upkeep
|turn|18
|
|t:|1703022059
|switch|p1a: Kyurem|Kyurem|100/100
|-ability|p1a: Kyurem|Pressure
|switch|p2a: Xatu|Xatu, M|100/100
|-damage|p2a: Xatu|76/100|[from] Stealth Rock
|
|-weather|Hail|[upkeep]
|-damage|p2a: Xatu|70/100|[from] Hail
|upkeep
|turn|19
|
|t:|1703022065
|switch|p2a: Alomomola|Alomomola, M|99/100
|-damage|p2a: Alomomola|88/100|[from] Stealth Rock
|move|p1a: Kyurem|Blizzard|p2a: Alomomola
|-resisted|p2a: Alomomola
|-damage|p2a: Alomomola|57/100
|
|-weather|Hail|[upkeep]
|-damage|p2a: Alomomola|50/100|[from] Hail
|-heal|p2a: Alomomola|57/100|[from] item: Leftovers
|upkeep
|turn|20
|
|t:|1703022068
|move|p1a: Kyurem|Blizzard|p2a: Alomomola
|-resisted|p2a: Alomomola
|-damage|p2a: Alomomola|26/100
|move|p2a: Alomomola|Wish|p2a: Alomomola
|
|-weather|Hail|[upkeep]
|-damage|p2a: Alomomola|20/100|[from] Hail
|-heal|p2a: Alomomola|26/100|[from] item: Leftovers
|upkeep
|turn|21
|
|t:|1703022074
|switch|p1a: Mamoswine|Mamoswine, M|100/100
|switch|p2a: Tyranocif|Tyranitar, M|40/100 brn
|-damage|p2a: Tyranocif|27/100 brn|[from] Stealth Rock
|-weather|Sandstorm|[from] ability: Sand Stream|[of] p2a: Tyranocif
|
|-weather|Sandstorm|[upkeep]
|-heal|p2a: Tyranocif|87/100 brn|[from] move: Wish|[wisher] Alomomola
|-damage|p2a: Tyranocif|74/100 brn|[from] brn
|upkeep
|turn|22
|
|t:|1703022081
|switch|p2a: Celebi|Celebi|60/100
|-damage|p2a: Celebi|48/100|[from] Stealth Rock
|move|p1a: Mamoswine|Earthquake|p2a: Celebi
|-resisted|p2a: Celebi
|-damage|p2a: Celebi|25/100
|
|-weather|Sandstorm|[upkeep]
|-damage|p2a: Celebi|19/100|[from] Sandstorm
|-heal|p2a: Celebi|25/100|[from] item: Leftovers
|upkeep
|turn|23
|
|t:|1703022086
|move|p1a: Mamoswine|Ice Shard|p2a: Celebi
|-supereffective|p2a: Celebi
|-damage|p2a: Celebi|0 fnt
|faint|p2a: Celebi
|
|-weather|Sandstorm|[upkeep]
|upkeep
|
|t:|1703022090
|switch|p2a: Excadrill|Excadrill, F|100/100
|-damage|p2a: Excadrill|97/100|[from] Stealth Rock
|turn|24
|
|t:|1703022095
|move|p2a: Excadrill|Iron Head|p1a: Mamoswine
|-supereffective|p1a: Mamoswine
|-enditem|p1a: Mamoswine|Focus Sash
|-damage|p1a: Mamoswine|1/100
|move|p1a: Mamoswine|Earthquake|p2a: Excadrill
|-supereffective|p2a: Excadrill
|-damage|p2a: Excadrill|0 fnt
|faint|p2a: Excadrill
|
|-weather|Sandstorm|[upkeep]
|upkeep
|
|t:|1703022098
|switch|p2a: Alomomola|Alomomola, M|60/100
|-damage|p2a: Alomomola|47/100|[from] Stealth Rock
|turn|25
|
|t:|1703022101
|move|p1a: Mamoswine|Earthquake|p2a: Alomomola
|-damage|p2a: Alomomola|14/100
|move|p2a: Alomomola|Wish|p2a: Alomomola
|
|-weather|Sandstorm|[upkeep]
|-damage|p2a: Alomomola|8/100|[from] Sandstorm
|-heal|p2a: Alomomola|14/100|[from] item: Leftovers
|upkeep
|turn|26
|
|t:|1703022105
|switch|p1a: Abomasnow|Abomasnow, M|57/100
|-weather|Hail|[from] ability: Snow Warning|[of] p1a: Abomasnow
|move|p2a: Alomomola|Protect||[still]
|-fail|p2a: Alomomola
|
|-weather|Hail|[upkeep]
|-damage|p2a: Alomomola|8/100|[from] Hail
|-heal|p2a: Alomomola|58/100|[from] move: Wish|[wisher] Alomomola
|-heal|p2a: Alomomola|64/100|[from] item: Leftovers
|upkeep
|turn|27
|
|t:|1703022112
|move|p1a: Abomasnow|Wood Hammer|p2a: Alomomola
|-supereffective|p2a: Alomomola
|-damage|p2a: Alomomola|0 fnt
|faint|p2a: Alomomola
|-damage|p1a: Abomasnow|26/100|[from] Recoil
|
|-weather|Hail|[upkeep]
|upkeep
|
|t:|1703022126
|switch|p2a: Xatu|Xatu, M|70/100
|-damage|p2a: Xatu|45/100|[from] Stealth Rock
|turn|28
|
|t:|1703022135
|move|p1a: Abomasnow|Ice Shard|p2a: Xatu
|-supereffective|p2a: Xatu
|-damage|p2a: Xatu|8/100
|move|p2a: Xatu|Heat Wave|p1a: Abomasnow
|-supereffective|p1a: Abomasnow
|-damage|p1a: Abomasnow|0 fnt
|faint|p1a: Abomasnow
|
|-weather|Hail|[upkeep]
|-damage|p2a: Xatu|2/100|[from] Hail
|upkeep
|
|t:|1703022156
|switch|p1a: Empo|Empoleon, M|90/100
|turn|29
|
|t:|1703022159
|move|p2a: Xatu|Heat Wave|p1a: Empo
|-damage|p1a: Empo|74/100
|move|p1a: Empo|Blizzard|p2a: Xatu
|-supereffective|p2a: Xatu
|-damage|p2a: Xatu|0 fnt
|faint|p2a: Xatu
|
|-weather|Hail|[upkeep]
|-damage|p1a: Empo|68/100|[from] Hail
|-heal|p1a: Empo|74/100|[from] item: Leftovers
|upkeep
|
|t:|1703022161
|switch|p2a: Tyranocif|Tyranitar, M|74/100 brn
|-damage|p2a: Tyranocif|62/100 brn|[from] Stealth Rock
|-weather|Sandstorm|[from] ability: Sand Stream|[of] p2a: Tyranocif
|turn|30
|
|t:|1703022163
|move|p2a: Tyranocif|Stealth Rock|p1a: Empo
|-sidestart|p1: NUJS Shore|move: Stealth Rock
|move|p1a: Empo|Scald|p2a: Tyranocif
|-supereffective|p2a: Tyranocif
|-damage|p2a: Tyranocif|35/100 brn
|
|-weather|Sandstorm|[upkeep]
|-heal|p1a: Empo|80/100|[from] item: Leftovers
|-damage|p2a: Tyranocif|23/100 brn|[from] brn
|upkeep
|turn|31
|
|t:|1703022166
|move|p2a: Tyranocif|Crunch|p1a: Empo
|-resisted|p1a: Empo
|-damage|p1a: Empo|71/100
|-unboost|p1a: Empo|def|1
|move|p1a: Empo|Scald|p2a: Tyranocif
|-supereffective|p2a: Tyranocif
|-damage|p2a: Tyranocif|0 fnt
|faint|p2a: Tyranocif
|
|-weather|Sandstorm|[upkeep]
|-heal|p1a: Empo|77/100|[from] item: Leftovers
|upkeep
|
|t:|1703022168
|switch|p2a: Ditto|Ditto|40/100 brn
|-damage|p2a: Ditto|28/100 brn|[from] Stealth Rock
|-transform|p2a: Ditto|p1a: Empo|[from] ability: Imposter
|turn|32
|
|t:|1703022170
|move|p2a: Ditto|Scald|p1a: Empo
|-resisted|p1a: Empo
|-damage|p1a: Empo|61/100
|move|p1a: Empo|Scald|p2a: Ditto
|-resisted|p2a: Ditto
|-damage|p2a: Ditto|15/100 brn
|
|-weather|Sandstorm|[upkeep]
|-heal|p1a: Empo|67/100|[from] item: Leftovers
|-damage|p2a: Ditto|2/100 brn|[from] brn
|upkeep
|turn|33
|c|☆NUJS Shore|gg
|
|t:|1703022174
|move|p2a: Ditto|Scald|p1a: Empo
|-resisted|p1a: Empo
|-damage|p1a: Empo|51/100
|-status|p1a: Empo|brn
|move|p1a: Empo|Scald|p2a: Ditto
|-resisted|p2a: Ditto
|-crit|p2a: Ditto
|-damage|p2a: Ditto|0 fnt
|faint|p2a: Ditto
|
|win|NUJS Shore
|raw|NUJS Shore's rating: 1384 &rarr; <strong>1413</strong><br />(+29 for winning)
|raw|zf croak squad's rating: 1553 &rarr; <strong>1524</strong><br />(-29 for losing)
|l|☆zf croak squad
