|j|☆1994hfll2018
|j|☆24test
|player|p1|1994hfll2018|cyrus|1318
|player|p2|24test|153|1476
|teamsize|p1|6
|teamsize|p2|6
|gametype|singles
|gen|5
|tier|[Gen 5] OU
|rated|
|clearpoke
|poke|p1|Kyurem-Black|item
|poke|p1|Jirachi|item
|poke|p1|Heatran, M|item
|poke|p1|Jellicent, M|item
|poke|p1|Landorus-Therian, M|item
|poke|p1|Latios, M|item
|poke|p2|Heatran, F|item
|poke|p2|Alakazam, F|item
|poke|p2|Landorus-Therian, M|item
|poke|p2|Ferrothorn, M|item
|poke|p2|Tyranitar, M|item
|poke|p2|Keldeo|item
|rule|Species Clause: Limit one of each Pokémon
|rule|OHKO Clause: OHKO moves are banned
|rule|Moody Clause: Moody is banned
|rule|Evasion Moves Clause: Evasion moves are banned
|rule|Endless Battle Clause: Forcing endless battles is banned
|rule|HP Percentage Mod: HP is shown in percentages
|rule|Evasion Abilities Clause: Evasion abilities are banned
|rule|Baton Pass Clause: Limit one Baton Passer, can't pass Spe and other stats simultaneously
|rule|Sleep Clause: Sleep-inducing moves are banned
|rule|Swagger Clause: Swagger is banned
|teampreview
|
|start
|switch|p1a: Landorus|Landorus-Therian, M|100/100
|switch|p2a: Keldeo|Keldeo|100/100
|-ability|p1a: Landorus|Intimidate|boost
|-unboost|p2a: Keldeo|atk|1
|turn|1
|inactive|Battle timer is ON: inactive players will automatically lose when time's up. (requested by 1994hfll2018)
|
|switch|p1a: Jellicent|Jellicent, M|100/100
|move|p2a: Keldeo|Toxic|p1a: Jellicent
|-status|p1a: Jellicent|tox
|
|-damage|p1a: Jellicent|94/100 tox|[from] psn
|upkeep
|turn|2
|
|move|p2a: Keldeo|Protect|p2a: Keldeo
|-singleturn|p2a: Keldeo|Protect
|move|p1a: Jellicent|Toxic|p2a: Keldeo
|-activate|p2a: Keldeo|move: Protect
|
|-heal|p1a: Jellicent|100/100 tox|[from] item: Leftovers
|-damage|p1a: Jellicent|88/100 tox|[from] psn
|upkeep
|turn|3
|
|switch|p2a: Ferrothorn|Ferrothorn, M|100/100
|move|p1a: Jellicent|Shadow Ball|p2a: Ferrothorn
|-resisted|p2a: Ferrothorn
|-damage|p2a: Ferrothorn|92/100
|
|-heal|p1a: Jellicent|94/100 tox|[from] item: Leftovers
|-damage|p1a: Jellicent|76/100 tox|[from] psn
|upkeep
|turn|4
|
|switch|p1a: Heatran|Heatran, M|100/100
|-item|p1a: Heatran|Air Balloon
|move|p2a: Ferrothorn|Spikes|p1a: Heatran
|-sidestart|p1: 1994hfll2018|Spikes
|
|upkeep
|turn|5
|
|switch|p2a: Heatran|Heatran, F|100/100
|-item|p2a: Heatran|Air Balloon
|move|p1a: Heatran|Stealth Rock|p2a: Heatran
|-sidestart|p2: 24test|move: Stealth Rock
|
|upkeep
|turn|6
|
|move|p1a: Heatran|Protect|p1a: Heatran
|-singleturn|p1a: Heatran|Protect
|move|p2a: Heatran|Hidden Power|p1a: Heatran
|-activate|p1a: Heatran|move: Protect
|
|upkeep
|turn|7
|
|switch|p1a: Jellicent|Jellicent, M|76/100 tox
|-damage|p1a: Jellicent|64/100 tox|[from] Spikes
|move|p2a: Heatran|Magma Storm|p1a: Jellicent
|-resisted|p1a: Jellicent
|-damage|p1a: Jellicent|41/100 tox
|-activate|p1a: Jellicent|move: Magma Storm|[of] p2a: Heatran
|
|-heal|p1a: Jellicent|47/100 tox|[from] item: Leftovers
|-damage|p1a: Jellicent|41/100 tox|[from] psn
|-damage|p1a: Jellicent|35/100 tox|[from] move: Magma Storm|[partiallytrapped]
|upkeep
|turn|8
|
|move|p2a: Heatran|Taunt|p1a: Jellicent
|-start|p1a: Jellicent|move: Taunt
|cant|p1a: Jellicent|move: Taunt|Recover
|
|-heal|p1a: Jellicent|41/100 tox|[from] item: Leftovers
|-damage|p1a: Jellicent|29/100 tox|[from] psn
|-damage|p1a: Jellicent|23/100 tox|[from] move: Magma Storm|[partiallytrapped]
|upkeep
|turn|9
|
|move|p2a: Heatran|Hidden Power|p1a: Jellicent
|-supereffective|p1a: Jellicent
|-damage|p1a: Jellicent|0 fnt
|faint|p1a: Jellicent
|
|upkeep
|
|switch|p1a: Landorus|Landorus-Therian, M|100/100
|-ability|p1a: Landorus|Intimidate|boost
|-unboost|p2a: Heatran|atk|1
|turn|10
|
|switch|p2a: Landorus|Landorus-Therian, M|100/100
|-damage|p2a: Landorus|88/100|[from] Stealth Rock
|-ability|p2a: Landorus|Intimidate|boost
|-unboost|p1a: Landorus|atk|1
|move|p1a: Landorus|U-turn|p2a: Landorus
|-resisted|p2a: Landorus
|-damage|p2a: Landorus|77/100
|
|switch|p1a: Kyurem|Kyurem-Black|100/100|[from]move: U-turn
|-damage|p1a: Kyurem|88/100|[from] Spikes
|-ability|p1a: Kyurem|Teravolt
|
|upkeep
|turn|11
|inactive|24test has 120 seconds left.
|
|move|p2a: Landorus|U-turn|p1a: Kyurem
|-damage|p1a: Kyurem|65/100
|inactive|24test has 120 seconds left.
|
|switch|p2a: Ferrothorn|Ferrothorn, M|92/100|[from]move: U-turn
|-damage|p2a: Ferrothorn|86/100|[from] Stealth Rock
|move|p1a: Kyurem|Dragon Claw|p2a: Ferrothorn
|-resisted|p2a: Ferrothorn
|-damage|p2a: Ferrothorn|69/100
|-damage|p1a: Kyurem|52/100|[from] ability: Iron Barbs|[of] p2a: Ferrothorn
|-damage|p1a: Kyurem|35/100|[from] item: Rocky Helmet|[of] p2a: Ferrothorn
|-damage|p1a: Kyurem|25/100|[from] item: Life Orb
|
|upkeep
|turn|12
|inactive|1994hfll2018 has 120 seconds left.
|
|move|p1a: Kyurem|Ice Beam|p2a: Ferrothorn
|-damage|p2a: Ferrothorn|26/100
|-damage|p1a: Kyurem|16/100|[from] item: Life Orb
|move|p2a: Ferrothorn|Leech Seed|p1a: Kyurem
|-start|p1a: Kyurem|move: Leech Seed
|
|-damage|p1a: Kyurem|3/100|[from] Leech Seed|[of] p2a: Ferrothorn
|-heal|p2a: Ferrothorn|40/100|[silent]
|upkeep
|turn|13
|
|switch|p2a: Tyranitar|Tyranitar, M|100/100
|-damage|p2a: Tyranitar|88/100|[from] Stealth Rock
|-weather|Sandstorm|[from] ability: Sand Stream|[of] p2a: Tyranitar
|move|p1a: Kyurem|Ice Beam|p2a: Tyranitar
|-damage|p2a: Tyranitar|66/100
|-status|p2a: Tyranitar|frz
|-damage|p1a: Kyurem|0 fnt|[from] item: Life Orb
|faint|p1a: Kyurem
|
|-weather|Sandstorm|[upkeep]
|upkeep
|
|switch|p1a: Landorus|Landorus-Therian, M|100/100
|-ability|p1a: Landorus|Intimidate|boost
|-unboost|p2a: Tyranitar|atk|1
|turn|14
|inactive|24test has 90 seconds left.
|
|move|p1a: Landorus|U-turn|p2a: Tyranitar
|-supereffective|p2a: Tyranitar
|-damage|p2a: Tyranitar|16/100 frz
|
|switch|p1a: Jirachi|Jirachi|100/100|[from]move: U-turn
|-damage|p1a: Jirachi|88/100|[from] Spikes
|cant|p2a: Tyranitar|frz
|
|-weather|Sandstorm|[upkeep]
|upkeep
|turn|15
|
|move|p1a: Jirachi|Iron Head|p2a: Tyranitar
|-supereffective|p2a: Tyranitar
|-damage|p2a: Tyranitar|0 fnt
|faint|p2a: Tyranitar
|
|-weather|Sandstorm|[upkeep]
|upkeep
|inactive|24test has 90 seconds left.
|
|switch|p2a: Landorus|Landorus-Therian, M|77/100
|-damage|p2a: Landorus|65/100|[from] Stealth Rock
|-ability|p2a: Landorus|Intimidate|boost
|-unboost|p1a: Jirachi|atk|1
|turn|16
|
|move|p2a: Landorus|U-turn|p1a: Jirachi
|-damage|p1a: Jirachi|72/100
|-damage|p2a: Landorus|48/100|[from] item: Rocky Helmet|[of] p1a: Jirachi
|inactive|24test has 90 seconds left.
|
|switch|p2a: Ferrothorn|Ferrothorn, M|40/100|[from]move: U-turn
|-damage|p2a: Ferrothorn|34/100|[from] Stealth Rock
|move|p1a: Jirachi|Body Slam|p2a: Ferrothorn
|-resisted|p2a: Ferrothorn
|-damage|p2a: Ferrothorn|29/100
|-damage|p1a: Jirachi|60/100|[from] ability: Iron Barbs|[of] p2a: Ferrothorn
|-damage|p1a: Jirachi|43/100|[from] item: Rocky Helmet|[of] p2a: Ferrothorn
|
|-weather|Sandstorm|[upkeep]
|upkeep
|turn|17
|inactive|1994hfll2018 has 120 seconds left.
|
|move|p1a: Jirachi|Wish|p1a: Jirachi
|move|p2a: Ferrothorn|Leech Seed|p1a: Jirachi
|-start|p1a: Jirachi|move: Leech Seed
|
|-weather|Sandstorm|[upkeep]
|-damage|p1a: Jirachi|31/100|[from] Leech Seed|[of] p2a: Ferrothorn
|-heal|p2a: Ferrothorn|44/100|[silent]
|upkeep
|turn|18
|inactive|1994hfll2018 has 120 seconds left.
|
|move|p1a: Jirachi|Protect|p1a: Jirachi
|-singleturn|p1a: Jirachi|Protect
|move|p2a: Ferrothorn|Spikes|p1a: Jirachi
|-sidestart|p1: 1994hfll2018|Spikes
|
|-weather|Sandstorm|[upkeep]
|-heal|p1a: Jirachi|81/100|[from] move: Wish|[wisher] Jirachi
|-damage|p1a: Jirachi|68/100|[from] Leech Seed|[of] p2a: Ferrothorn
|-heal|p2a: Ferrothorn|58/100|[silent]
|upkeep
|turn|19
|inactive|24test has 90 seconds left.
|
|switch|p1a: Heatran|Heatran, M|100/100
|-item|p1a: Heatran|Air Balloon
|switch|p2a: Heatran|Heatran, F|100/100
|-damage|p2a: Heatran|88/100|[from] Stealth Rock
|-item|p2a: Heatran|Air Balloon
|
|-weather|Sandstorm|[upkeep]
|upkeep
|turn|20
|inactive|24test has 90 seconds left.
|inactive|1994hfll2018 has 120 seconds left.
|
|move|p1a: Heatran|Protect|p1a: Heatran
|-singleturn|p1a: Heatran|Protect
|move|p2a: Heatran|Magma Storm|p1a: Heatran
|-activate|p1a: Heatran|move: Protect
|
|-weather|Sandstorm|[upkeep]
|upkeep
|turn|21
|inactive|24test has 90 seconds left.
|
|switch|p1a: Latios|Latios, M|100/100
|move|p2a: Heatran|Magma Storm|p1a: Latios
|-resisted|p1a: Latios
|-damage|p1a: Latios|71/100
|-activate|p1a: Latios|move: Magma Storm|[of] p2a: Heatran
|
|-weather|Sandstorm|[upkeep]
|-damage|p1a: Latios|65/100|[from] Sandstorm
|-damage|p1a: Latios|59/100|[from] move: Magma Storm|[partiallytrapped]
|upkeep
|turn|22
|inactive|24test has 90 seconds left.
|
|switch|p2a: Ferrothorn|Ferrothorn, M|58/100
|-damage|p2a: Ferrothorn|52/100|[from] Stealth Rock
|move|p1a: Latios|Draco Meteor|p2a: Ferrothorn
|-resisted|p2a: Ferrothorn
|-damage|p2a: Ferrothorn|26/100
|-unboost|p1a: Latios|spa|2
|
|-weather|Sandstorm|[upkeep]
|-damage|p1a: Latios|53/100|[from] Sandstorm
|upkeep
|turn|23
|inactive|24test has 90 seconds left.
|
|switch|p1a: Heatran|Heatran, M|100/100
|-item|p1a: Heatran|Air Balloon
|move|p2a: Ferrothorn|Gyro Ball|p1a: Heatran
|-resisted|p1a: Heatran
|-damage|p1a: Heatran|93/100
|-enditem|p1a: Heatran|Air Balloon
|
|-weather|Sandstorm|[upkeep]
|upkeep
|turn|24
|inactive|24test has 90 seconds left.
|
|switch|p1a: Landorus|Landorus-Therian, M|100/100
|-ability|p1a: Landorus|Intimidate|boost
|-unboost|p2a: Ferrothorn|atk|1
|move|p2a: Ferrothorn|Spikes|p1a: Landorus
|-sidestart|p1: 1994hfll2018|Spikes
|
|-weather|Sandstorm|[upkeep]
|upkeep
|turn|25
|inactive|24test has 90 seconds left.
|inactive|1994hfll2018 has 90 seconds left.
|
|move|p1a: Landorus|Superpower|p2a: Ferrothorn
|-supereffective|p2a: Ferrothorn
|-damage|p2a: Ferrothorn|0 fnt
|-unboost|p1a: Landorus|atk|1
|-unboost|p1a: Landorus|def|1
|-damage|p1a: Landorus|88/100|[from] ability: Iron Barbs|[of] p2a: Ferrothorn
|-damage|p1a: Landorus|72/100|[from] item: Rocky Helmet|[of] p2a: Ferrothorn
|faint|p2a: Ferrothorn
|
|-weather|Sandstorm|[upkeep]
|upkeep
|
|switch|p2a: Keldeo|Keldeo|100/100
|-damage|p2a: Keldeo|94/100|[from] Stealth Rock
|turn|26
|
|switch|p1a: Jirachi|Jirachi|68/100
|-damage|p1a: Jirachi|43/100|[from] Spikes
|move|p2a: Keldeo|Toxic|p1a: Jirachi
|-immune|p1a: Jirachi
|
|-weather|Sandstorm|[upkeep]
|-damage|p2a: Keldeo|88/100|[from] Sandstorm
|-heal|p2a: Keldeo|94/100|[from] item: Leftovers
|upkeep
|turn|27
|inactive|1994hfll2018 has 90 seconds left.
|
|move|p2a: Keldeo|Scald|p1a: Jirachi
|-damage|p1a: Jirachi|8/100
|move|p1a: Jirachi|Wish|p1a: Jirachi
|
|-weather|Sandstorm|[upkeep]
|-damage|p2a: Keldeo|88/100|[from] Sandstorm
|-heal|p2a: Keldeo|94/100|[from] item: Leftovers
|upkeep
|turn|28
|inactive|1994hfll2018 has 90 seconds left.
|
|switch|p2a: Heatran|Heatran, F|88/100
|-damage|p2a: Heatran|76/100|[from] Stealth Rock
|-item|p2a: Heatran|Air Balloon
|switch|p1a: Latios|Latios, M|53/100
|
|-weather|Sandstorm|[upkeep]
|-damage|p1a: Latios|47/100|[from] Sandstorm
|-heal|p1a: Latios|100/100|[from] move: Wish|[wisher] Jirachi
|upkeep
|turn|29
|inactive|1994hfll2018 has 90 seconds left.
|inactive|24test has 60 seconds left.
|
|move|p1a: Latios|Calm Mind|p1a: Latios
|-boost|p1a: Latios|spa|1
|-boost|p1a: Latios|spd|1
|move|p2a: Heatran|Magma Storm|p1a: Latios
|-resisted|p1a: Latios
|-damage|p1a: Latios|79/100
|-activate|p1a: Latios|move: Magma Storm|[of] p2a: Heatran
|
|-weather|Sandstorm|[upkeep]
|-damage|p1a: Latios|73/100|[from] Sandstorm
|-damage|p1a: Latios|67/100|[from] move: Magma Storm|[partiallytrapped]
|upkeep
|turn|30
|inactive|1994hfll2018 has 90 seconds left.
|inactive|24test has 30 seconds left.
|
|move|p1a: Latios|Psyshock|p2a: Heatran
|-resisted|p2a: Heatran
|-damage|p2a: Heatran|47/100
|-enditem|p2a: Heatran|Air Balloon
|move|p2a: Heatran|Taunt|p1a: Latios
|-start|p1a: Latios|move: Taunt
|
|-weather|Sandstorm|[upkeep]
|-damage|p1a: Latios|61/100|[from] Sandstorm
|-damage|p1a: Latios|55/100|[from] move: Magma Storm|[partiallytrapped]
|upkeep
|turn|31
|inactive|24test has 30 seconds left.
|inactive|24test has 20 seconds left.
|inactive|24test has 15 seconds left.
|inactive|24test has 10 seconds left.
|inactive|24test has 5 seconds left.
|
|switch|p2a: Alakazam|Alakazam, F|100/100
|move|p1a: Latios|Draco Meteor|p2a: Alakazam
|-damage|p2a: Alakazam|0 fnt
|-unboost|p1a: Latios|spa|2
|faint|p2a: Alakazam
|
|-weather|Sandstorm|[upkeep]
|-damage|p1a: Latios|49/100|[from] Sandstorm
|upkeep
|inactive|24test has 10 seconds left this turn.
|inactive|24test has 5 seconds left.
|
|switch|p2a: Landorus|Landorus-Therian, M|48/100
|-damage|p2a: Landorus|36/100|[from] Stealth Rock
|-ability|p2a: Landorus|Intimidate|boost
|-unboost|p1a: Latios|atk|1
|turn|32
|inactive|24test has 15 seconds left this turn.
|inactive|1994hfll2018 has 90 seconds left.
|
|switch|p1a: Jirachi|Jirachi|8/100
|-damage|p1a: Jirachi|0 fnt|[from] Spikes
|faint|p1a: Jirachi
|move|p2a: Landorus|U-turn|p1: Jirachi|[notarget]
|-fail|p2a: Landorus
|
|-weather|Sandstorm|[upkeep]
|upkeep
|inactive|24test has 20 seconds left this turn.
|
|switch|p1a: Landorus|Landorus-Therian, M|72/100
|-ability|p1a: Landorus|Intimidate|boost
|-unboost|p2a: Landorus|atk|1
|turn|33
|inactive|24test has 30 seconds left this turn.
|inactive|24test has 20 seconds left.
|inactive|24test has 15 seconds left.
|inactive|1994hfll2018 has 60 seconds left.
|inactive|24test has 10 seconds left.
|
|switch|p2a: Heatran|Heatran, F|47/100
|-damage|p2a: Heatran|35/100|[from] Stealth Rock
|move|p1a: Landorus|Rock Slide|p2a: Heatran
|-damage|p2a: Heatran|3/100
|
|-weather|Sandstorm|[upkeep]
|upkeep
|turn|34
|inactive|24test has 20 seconds left this turn.
|inactive|24test has 15 seconds left.
|inactive|24test has 10 seconds left.
|
|move|p1a: Landorus|Rock Slide|p2a: Heatran
|-damage|p2a: Heatran|0 fnt
|faint|p2a: Heatran
|
|-weather|Sandstorm|[upkeep]
|upkeep
|inactive|24test has 15 seconds left this turn.
|
|switch|p2a: Keldeo|Keldeo|94/100
|-damage|p2a: Keldeo|88/100|[from] Stealth Rock
|turn|35
|inactive|24test has 25 seconds left this turn.
|
|switch|p1a: Heatran|Heatran, M|93/100
|-damage|p1a: Heatran|68/100|[from] Spikes
|move|p2a: Keldeo|Toxic|p1a: Heatran
|-immune|p1a: Heatran
|
|-weather|Sandstorm|[upkeep]
|-damage|p2a: Keldeo|82/100|[from] Sandstorm
|-heal|p2a: Keldeo|88/100|[from] item: Leftovers
|upkeep
|turn|36
|inactive|24test has 30 seconds left.
|
|move|p2a: Keldeo|Secret Sword|p1a: Heatran
|-supereffective|p1a: Heatran
|-damage|p1a: Heatran|0 fnt
|faint|p1a: Heatran
|
|-weather|Sandstorm|[upkeep]
|-damage|p2a: Keldeo|82/100|[from] Sandstorm
|-heal|p2a: Keldeo|88/100|[from] item: Leftovers
|upkeep
|
|switch|p1a: Latios|Latios, M|49/100
|turn|37
|inactive|24test has 30 seconds left.
|inactive|24test has 20 seconds left.
|
|move|p1a: Latios|Psyshock|p2a: Keldeo
|-supereffective|p2a: Keldeo
|-damage|p2a: Keldeo|0 fnt
|faint|p2a: Keldeo
|
|-weather|Sandstorm|[upkeep]
|-damage|p1a: Latios|43/100|[from] Sandstorm
|upkeep
|inactive|24test has 25 seconds left this turn.
|
|switch|p2a: Landorus|Landorus-Therian, M|36/100
|-damage|p2a: Landorus|24/100|[from] Stealth Rock
|-ability|p2a: Landorus|Intimidate|boost
|-unboost|p1a: Latios|atk|1
|turn|38
|inactive|1994hfll2018 has 60 seconds left.
|
|move|p2a: Landorus|Stone Edge|p1a: Latios
|-crit|p1a: Latios
|-damage|p1a: Latios|0 fnt
|faint|p1a: Latios
|
|-weather|Sandstorm|[upkeep]
|upkeep
|
|switch|p1a: Landorus|Landorus-Therian, M|72/100
|-ability|p1a: Landorus|Intimidate|boost
|-unboost|p2a: Landorus|atk|1
|turn|39
|
|move|p2a: Landorus|Stone Edge|p1a: Landorus
|-crit|p1a: Landorus
|-damage|p1a: Landorus|0 fnt
|faint|p1a: Landorus
|
|win|24test
|raw|1994hfll2018's rating: 1318 &rarr; <strong>1306</strong><br />(-12 for losing)
|raw|24test's rating: 1476 &rarr; <strong>1488</strong><br />(+12 for winning)
|l|☆1994hfll2018
