|uhtml|medal-msg|<div class="broadcast-blue">Curious what those medals under the avatar are? PS now has Ladder Seasons! For more information, check out the <a href="https://www.smogon.com/forums/threads/3740067/">thread on Smogon.</a></div>
|uhtml|medal-msg|<div class="broadcast-blue">Curious what those medals under the avatar are? PS now has Ladder Seasons! For more information, check out the <a href="https://www.smogon.com/forums/threads/3740067/">thread on Smogon.</a></div>
|j|☆tatotwat861
|j|☆Re Heated Oven
|t:|1712820024
|gametype|singles
|player|p1|tatotwat861|pokemonbreederf|1374
|player|p2|Re Heated Oven|steven|1323
|teamsize|p1|6
|teamsize|p2|6
|gen|5
|tier|[Gen 5] OU
|rated|
|rule|Species Clause: Limit one of each Pokémon
|rule|OHKO Clause: OHKO moves are banned
|rule|Moody Clause: Moody is banned
|rule|Evasion Items Clause: Evasion items are banned
|rule|Evasion Moves Clause: Evasion moves are banned
|rule|Endless Battle Clause: Forcing endless battles is banned
|rule|HP Percentage Mod: HP is shown in percentages
|rule|Evasion Abilities Clause: Evasion abilities are banned
|rule|Sleep Moves Clause: Sleep-inducing moves are banned
|rule|Swagger Clause: Swagger is banned
|rule|Baton Pass Stat Clause: No Baton Passer may have a way to boost its stats
|clearpoke
|poke|p1|Kyurem-Black|item
|poke|p1|Forretress, F|item
|poke|p1|Jellicent, F|item
|poke|p1|Abomasnow, M|item
|poke|p1|Skarmory, M|item
|poke|p1|Clefable, M|item
|poke|p2|Aerodactyl, F|item
|poke|p2|Dragonite, M|item
|poke|p2|Starmie|item
|poke|p2|Lucario, F|item
|poke|p2|Conkeldurr, F|item
|poke|p2|Cloyster, M|item
|teampreview
|inactive|Battle timer is ON: inactive players will automatically lose when time's up. (requested by Re Heated Oven)
|
|t:|1712820034
|start
|switch|p1a: Skarmory|Skarmory, M|100/100
|switch|p2a: Aerodactyl|Aerodactyl, F|100/100
|turn|1
|c|☆Re Heated Oven|GlHf
|
|t:|1712820042
|move|p2a: Aerodactyl|Taunt|p1a: Skarmory
|-start|p1a: Skarmory|move: Taunt
|-enditem|p1a: Skarmory|Mental Herb
|-end|p1a: Skarmory|move: Taunt
|move|p1a: Skarmory|Taunt|p2a: Aerodactyl
|-start|p2a: Aerodactyl|move: Taunt
|
|upkeep
|turn|2
|
|t:|1712820051
|switch|p2a: Cloyster|Cloyster, M|100/100
|move|p1a: Skarmory|Stealth Rock|p2a: Cloyster
|-sidestart|p2: Re Heated Oven|move: Stealth Rock
|
|upkeep
|turn|3
|
|t:|1712820057
|move|p1a: Skarmory|Taunt|p2a: Cloyster
|-start|p2a: Cloyster|move: Taunt
|cant|p2a: Cloyster|move: Taunt|Shell Smash
|
|upkeep
|turn|4
|
|t:|1712820063
|move|p1a: Skarmory|Spikes|p2a: Cloyster
|-sidestart|p2: Re Heated Oven|Spikes
|move|p2a: Cloyster|Icicle Spear|p1a: Skarmory
|-damage|p1a: Skarmory|92/100
|-damage|p1a: Skarmory|84/100
|-damage|p1a: Skarmory|77/100
|-damage|p1a: Skarmory|69/100
|-crit|p1a: Skarmory
|-damage|p1a: Skarmory|54/100
|-hitcount|p1a: Skarmory|5
|
|upkeep
|turn|5
|
|t:|1712820072
|move|p1a: Skarmory|Spikes|p2a: Cloyster
|-sidestart|p2: Re Heated Oven|Spikes
|move|p2a: Cloyster|Icicle Spear|p1a: Skarmory
|-damage|p1a: Skarmory|46/100
|-damage|p1a: Skarmory|38/100
|-damage|p1a: Skarmory|30/100
|-damage|p1a: Skarmory|22/100
|-damage|p1a: Skarmory|15/100
|-hitcount|p1a: Skarmory|5
|
|-end|p2a: Cloyster|move: Taunt
|upkeep
|turn|6
|
|t:|1712820083
|move|p1a: Skarmory|Taunt|p2a: Cloyster
|-start|p2a: Cloyster|move: Taunt
|cant|p2a: Cloyster|move: Taunt|Shell Smash
|
|upkeep
|turn|7
|
|t:|1712820090
|move|p1a: Skarmory|Spikes|p2a: Cloyster
|-sidestart|p2: Re Heated Oven|Spikes
|move|p2a: Cloyster|Icicle Spear|p1a: Skarmory
|-damage|p1a: Skarmory|7/100
|-damage|p1a: Skarmory|0 fnt
|faint|p1a: Skarmory
|-hitcount|p1: Skarmory|2
|
|upkeep
|
|t:|1712820098
|switch|p1a: Jellicent|Jellicent, F|100/100
|-item|p1a: Jellicent|Air Balloon
|turn|8
|
|t:|1712820101
|move|p2a: Cloyster|Rock Blast|p1a: Jellicent
|-damage|p1a: Jellicent|94/100
|-enditem|p1a: Jellicent|Air Balloon
|-damage|p1a: Jellicent|88/100
|-damage|p1a: Jellicent|82/100
|-damage|p1a: Jellicent|76/100
|-damage|p1a: Jellicent|70/100
|-hitcount|p1a: Jellicent|5
|move|p1a: Jellicent|Will-O-Wisp|p2a: Cloyster
|-status|p2a: Cloyster|brn
|
|-damage|p2a: Cloyster|88/100 brn|[from] brn
|-end|p2a: Cloyster|move: Taunt
|upkeep
|turn|9
|
|t:|1712820107
|move|p2a: Cloyster|Shell Smash|p2a: Cloyster
|-unboost|p2a: Cloyster|def|1
|-unboost|p2a: Cloyster|spd|1
|-boost|p2a: Cloyster|atk|2
|-boost|p2a: Cloyster|spa|2
|-boost|p2a: Cloyster|spe|2
|move|p1a: Jellicent|Recover|p1a: Jellicent
|-heal|p1a: Jellicent|100/100
|
|-damage|p2a: Cloyster|75/100 brn|[from] brn
|upkeep
|turn|10
|
|t:|1712820110
|switch|p1a: Forretress|Forretress, F|100/100
|move|p2a: Cloyster|Shell Smash|p2a: Cloyster
|-unboost|p2a: Cloyster|def|1
|-unboost|p2a: Cloyster|spd|1
|-boost|p2a: Cloyster|atk|2
|-boost|p2a: Cloyster|spa|2
|-boost|p2a: Cloyster|spe|2
|
|-damage|p2a: Cloyster|63/100 brn|[from] brn
|upkeep
|turn|11
|
|t:|1712820117
|move|p2a: Cloyster|Rock Blast|p1a: Forretress
|-damage|p1a: Forretress|95/100
|-damage|p1a: Forretress|89/100
|-damage|p1a: Forretress|84/100
|-damage|p1a: Forretress|78/100
|-damage|p1a: Forretress|73/100
|-hitcount|p1a: Forretress|5
|move|p1a: Forretress|Volt Switch|p2a: Cloyster
|-supereffective|p2a: Cloyster
|-damage|p2a: Cloyster|0 fnt
|faint|p2a: Cloyster
|
|t:|1712820124
|switch|p1a: Abomasnow|Abomasnow, M|100/100|[from] Volt Switch
|-weather|Hail|[from] ability: Snow Warning|[of] p1a: Abomasnow
|
|-weather|Hail|[upkeep]
|upkeep
|
|t:|1712820128
|switch|p2a: Starmie|Starmie|100/100
|-damage|p2a: Starmie|88/100|[from] Stealth Rock
|-item|p2a: Starmie|Air Balloon
|turn|12
|inactive|tatotwat861 has 120 seconds left.
|
|t:|1712820174
|move|p2a: Starmie|Rapid Spin|p1a: Abomasnow
|-damage|p1a: Abomasnow|96/100
|-sideend|p2: Re Heated Oven|Spikes|[from] move: Rapid Spin|[of] p2a: Starmie
|-sideend|p2: Re Heated Oven|Stealth Rock|[from] move: Rapid Spin|[of] p2a: Starmie
|move|p1a: Abomasnow|Wood Hammer|p2a: Starmie
|-supereffective|p2a: Starmie
|-damage|p2a: Starmie|0 fnt
|-enditem|p2a: Starmie|Air Balloon
|faint|p2a: Starmie
|-damage|p1a: Abomasnow|72/100|[from] Recoil
|
|-weather|Hail|[upkeep]
|upkeep
|
|t:|1712820184
|switch|p2a: Dragonite|Dragonite, M|100/100
|turn|13
|
|t:|1712820209
|switch|p1a: Jellicent|Jellicent, F|100/100
|move|p2a: Dragonite|Dragon Dance|p2a: Dragonite
|-boost|p2a: Dragonite|atk|1
|-boost|p2a: Dragonite|spe|1
|
|-weather|Hail|[upkeep]
|-damage|p2a: Dragonite|94/100|[from] Hail
|-damage|p1a: Jellicent|94/100|[from] Hail
|-heal|p2a: Dragonite|100/100|[from] item: Leftovers
|upkeep
|turn|14
|
|t:|1712820216
|switch|p1a: Forretress|Forretress, F|73/100
|move|p2a: Dragonite|Outrage|p1a: Forretress
|-resisted|p1a: Forretress
|-damage|p1a: Forretress|43/100
|-damage|p2a: Dragonite|84/100|[from] item: Rocky Helmet|[of] p1a: Forretress
|
|-weather|Hail|[upkeep]
|-damage|p2a: Dragonite|78/100|[from] Hail
|-heal|p2a: Dragonite|84/100|[from] item: Leftovers
|upkeep
|turn|15
|
|t:|1712820224
|move|p2a: Dragonite|Outrage|p1a: Forretress|[from]lockedmove
|-resisted|p1a: Forretress
|-damage|p1a: Forretress|12/100
|-damage|p2a: Dragonite|67/100|[from] item: Rocky Helmet|[of] p1a: Forretress
|move|p1a: Forretress|Volt Switch|p2a: Dragonite
|-damage|p2a: Dragonite|56/100
|
|t:|1712820229
|switch|p1a: Abomasnow|Abomasnow, M|72/100|[from] Volt Switch
|
|-weather|Hail|[upkeep]
|-damage|p2a: Dragonite|50/100|[from] Hail
|-heal|p2a: Dragonite|56/100|[from] item: Leftovers
|upkeep
|turn|16
|inactive|tatotwat861 has 120 seconds left.
|
|t:|1712820241
|switch|p1a: Forretress|Forretress, F|12/100
|move|p2a: Dragonite|Outrage|p1a: Forretress|[from]lockedmove
|-resisted|p1a: Forretress
|-damage|p1a: Forretress|0 fnt
|-damage|p2a: Dragonite|40/100|[from] item: Rocky Helmet|[of] p1a: Forretress
|faint|p1a: Forretress
|-start|p2a: Dragonite|confusion|[fatigue]
|
|-weather|Hail|[upkeep]
|-damage|p2a: Dragonite|34/100|[from] Hail
|-heal|p2a: Dragonite|40/100|[from] item: Leftovers
|upkeep
|
|t:|1712820243
|switch|p1a: Abomasnow|Abomasnow, M|72/100
|turn|17
|
|t:|1712820248
|-activate|p2a: Dragonite|confusion
|-damage|p2a: Dragonite|13/100|[from] confusion
|move|p1a: Abomasnow|Ice Shard|p2a: Dragonite
|-supereffective|p2a: Dragonite
|-damage|p2a: Dragonite|0 fnt
|faint|p2a: Dragonite
|
|-weather|Hail|[upkeep]
|upkeep
|
|t:|1712820256
|switch|p2a: Lucario|Lucario, F|100/100
|turn|18
|inactive|tatotwat861 has 120 seconds left.
|
|t:|1712820299
|switch|p1a: Jellicent|Jellicent, F|94/100
|move|p2a: Lucario|Swords Dance|p2a: Lucario
|-boost|p2a: Lucario|atk|2
|
|-weather|Hail|[upkeep]
|-damage|p2a: Lucario|94/100|[from] Hail
|-damage|p1a: Jellicent|88/100|[from] Hail
|upkeep
|turn|19
|
|t:|1712820304
|move|p2a: Lucario|Crunch|p1a: Jellicent
|-supereffective|p1a: Jellicent
|-damage|p1a: Jellicent|0 fnt
|faint|p1a: Jellicent
|-damage|p2a: Lucario|84/100|[from] item: Life Orb
|
|-weather|Hail|[upkeep]
|-damage|p2a: Lucario|78/100|[from] Hail
|upkeep
|
|t:|1712820309
|switch|p1a: Kyurem|Kyurem-Black|100/100
|-ability|p1a: Kyurem|Teravolt
|turn|20
|
|t:|1712820311
|move|p1a: Kyurem|Earth Power|p2a: Lucario
|-supereffective|p2a: Lucario
|-damage|p2a: Lucario|0 fnt
|faint|p2a: Lucario
|
|-weather|Hail|[upkeep]
|upkeep
|
|t:|1712820316
|switch|p2a: Conkeldurr|Conkeldurr, F|100/100
|turn|21
|
|t:|1712820326
|move|p1a: Kyurem|Substitute|p1a: Kyurem
|-start|p1a: Kyurem|Substitute
|-damage|p1a: Kyurem|76/100
|move|p2a: Conkeldurr|Drain Punch|p1a: Kyurem
|-supereffective|p1a: Kyurem
|-end|p1a: Kyurem|Substitute
|
|-weather|Hail|[upkeep]
|-damage|p2a: Conkeldurr|94/100|[from] Hail
|-heal|p2a: Conkeldurr|100/100|[from] item: Leftovers
|upkeep
|turn|22
|
|t:|1712820331
|move|p1a: Kyurem|Substitute|p1a: Kyurem
|-start|p1a: Kyurem|Substitute
|-damage|p1a: Kyurem|51/100
|move|p2a: Conkeldurr|Drain Punch|p1a: Kyurem
|-supereffective|p1a: Kyurem
|-end|p1a: Kyurem|Substitute
|
|-weather|Hail|[upkeep]
|-damage|p2a: Conkeldurr|94/100|[from] Hail
|-heal|p2a: Conkeldurr|100/100|[from] item: Leftovers
|upkeep
|turn|23
|
|t:|1712820334
|move|p1a: Kyurem|Substitute|p1a: Kyurem
|-start|p1a: Kyurem|Substitute
|-damage|p1a: Kyurem|26/100
|move|p2a: Conkeldurr|Drain Punch|p1a: Kyurem
|-supereffective|p1a: Kyurem
|-end|p1a: Kyurem|Substitute
|
|-weather|Hail|[upkeep]
|-damage|p2a: Conkeldurr|94/100|[from] Hail
|-heal|p2a: Conkeldurr|100/100|[from] item: Leftovers
|upkeep
|turn|24
|
|t:|1712820337
|move|p1a: Kyurem|Substitute|p1a: Kyurem
|-start|p1a: Kyurem|Substitute
|-damage|p1a: Kyurem|1/100
|move|p2a: Conkeldurr|Drain Punch|p1a: Kyurem
|-supereffective|p1a: Kyurem
|-end|p1a: Kyurem|Substitute
|
|-weather|Hail|[upkeep]
|-damage|p2a: Conkeldurr|94/100|[from] Hail
|-heal|p2a: Conkeldurr|100/100|[from] item: Leftovers
|upkeep
|turn|25
|
|t:|1712820339
|move|p1a: Kyurem|Ice Beam|p2a: Conkeldurr
|-damage|p2a: Conkeldurr|55/100
|move|p2a: Conkeldurr|Drain Punch|p1a: Kyurem
|-supereffective|p1a: Kyurem
|-damage|p1a: Kyurem|0 fnt
|-heal|p2a: Conkeldurr|55/100|[from] drain|[of] p1a: Kyurem
|faint|p1a: Kyurem
|
|-weather|Hail|[upkeep]
|-damage|p2a: Conkeldurr|49/100|[from] Hail
|-heal|p2a: Conkeldurr|55/100|[from] item: Leftovers
|upkeep
|
|t:|1712820352
|switch|p1a: Abomasnow|Abomasnow, M|72/100
|turn|26
|
|t:|1712820362
|switch|p2a: Aerodactyl|Aerodactyl, F|100/100
|move|p1a: Abomasnow|Wood Hammer|p2a: Aerodactyl
|-damage|p2a: Aerodactyl|24/100
|-damage|p1a: Abomasnow|48/100|[from] Recoil
|
|-weather|Hail|[upkeep]
|-damage|p2a: Aerodactyl|18/100|[from] Hail
|upkeep
|turn|27
|
|t:|1712820373
|switch|p1a: Clefable|Clefable, M|100/100
|move|p2a: Aerodactyl|Double-Edge|p1a: Clefable
|-damage|p1a: Clefable|62/100
|
|-weather|Hail|[upkeep]
|-damage|p2a: Aerodactyl|12/100|[from] Hail
|-heal|p1a: Clefable|68/100|[from] item: Leftovers
|upkeep
|turn|28
|
|t:|1712820386
|move|p2a: Aerodactyl|Stealth Rock|p1a: Clefable
|-sidestart|p1: tatotwat861|move: Stealth Rock
|move|p1a: Clefable|Seismic Toss|p2a: Aerodactyl
|-damage|p2a: Aerodactyl|0 fnt
|faint|p2a: Aerodactyl
|
|-weather|Hail|[upkeep]
|-heal|p1a: Clefable|74/100|[from] item: Leftovers
|upkeep
|
|t:|1712820389
|switch|p2a: Conkeldurr|Conkeldurr, F|55/100
|turn|29
|
|t:|1712820394
|move|p1a: Clefable|Seismic Toss|p2a: Conkeldurr
|-damage|p2a: Conkeldurr|28/100
|move|p2a: Conkeldurr|Drain Punch|p1a: Clefable
|-supereffective|p1a: Clefable
|-damage|p1a: Clefable|0 fnt
|-heal|p2a: Conkeldurr|67/100|[from] drain|[of] p1a: Clefable
|faint|p1a: Clefable
|
|-weather|Hail|[upkeep]
|-damage|p2a: Conkeldurr|61/100|[from] Hail
|-heal|p2a: Conkeldurr|67/100|[from] item: Leftovers
|upkeep
|
|t:|1712820396
|switch|p1a: Abomasnow|Abomasnow, M|48/100
|-damage|p1a: Abomasnow|24/100|[from] Stealth Rock
|turn|30
|
|t:|1712820402
|move|p2a: Conkeldurr|Mach Punch|p1a: Abomasnow
|-supereffective|p1a: Abomasnow
|-damage|p1a: Abomasnow|0 fnt
|faint|p1a: Abomasnow
|
|win|Re Heated Oven
|raw|tatotwat861's rating: 1374 &rarr; <strong>1351</strong><br />(-23 for losing)
|raw|Re Heated Oven's rating: 1323 &rarr; <strong>1346</strong><br />(+23 for winning)
|c|☆Re Heated Oven|Gg
