|j|☆Spritzalcianuro96
|j|☆Abhinavmeena
|t:|1597400612
|player|p1|Spritzalcianuro96|colress|1344
|player|p2|Abhinavmeena|backpacker|1339
|teamsize|p1|6
|teamsize|p2|6
|gametype|singles
|gen|5
|tier|[Gen 5] OU
|rated|
|clearpoke
|poke|p1|Terrakion|item
|poke|p1|Skarmory, F|item
|poke|p1|Jellicent, F|item
|poke|p1|Latias, F|item
|poke|p1|Tyranitar, M|item
|poke|p1|Heatran, F|item
|poke|p2|Politoed, M|item
|poke|p2|Amoonguss, F|item
|poke|p2|Toxicroak, M|item
|poke|p2|Starmie|item
|poke|p2|Slowbro, F|item
|poke|p2|Ditto|item
|rule|Species Clause: Limit one of each Pokémon
|rule|OHKO Clause: OHKO moves are banned
|rule|Moody Clause: Moody is banned
|rule|Evasion Moves Clause: Evasion moves are banned
|rule|Endless Battle Clause: Forcing endless battles is banned
|rule|HP Percentage Mod: HP is shown in percentages
|rule|Evasion Abilities Clause: Evasion abilities are banned
|rule|Baton Pass Clause: Limit one Baton Passer, can't pass Spe and other stats simultaneously
|rule|Sleep Clause: Sleep-inducing moves are banned
|rule|Swagger Clause: Swagger is banned
|teampreview
|inactive|Battle timer is ON: inactive players will automatically lose when time's up. (requested by Abhinavmeena)
|
|t:|1597400617
|start
|switch|p1a: Terrakion|Terrakion|100/100
|switch|p2a: Politoed|Politoed, M|100/100
|-weather|RainDance|[from] ability: Drizzle|[of] p2a: Politoed
|turn|1
|j| hfeath
|
|t:|1597400639
|move|p1a: Terrakion|Stealth Rock|p2a: Politoed
|-sidestart|p2: Abhinavmeena|move: Stealth Rock
|move|p2a: Politoed|Toxic|p1a: Terrakion
|-status|p1a: Terrakion|tox
|
|-weather|RainDance|[upkeep]
|-damage|p1a: Terrakion|94/100 tox|[from] psn
|upkeep
|turn|2
|
|t:|1597400649
|move|p1a: Terrakion|Close Combat|p2a: Politoed
|-damage|p2a: Politoed|51/100
|-unboost|p1a: Terrakion|def|1
|-unboost|p1a: Terrakion|spd|1
|move|p2a: Politoed|Scald|p1a: Terrakion
|-supereffective|p1a: Terrakion
|-damage|p1a: Terrakion|0 fnt
|faint|p1a: Terrakion
|
|-weather|RainDance|[upkeep]
|-heal|p2a: Politoed|57/100|[from] item: Leftovers
|upkeep
|
|t:|1597400659
|switch|p1a: Latias|Latias, F|100/100
|turn|3
|
|t:|1597400667
|move|p2a: Politoed|Protect|p2a: Politoed
|-singleturn|p2a: Politoed|Protect
|move|p1a: Latias|Draco Meteor|p2a: Politoed
|-activate|p2a: Politoed|move: Protect
|
|-weather|RainDance|[upkeep]
|-heal|p2a: Politoed|64/100|[from] item: Leftovers
|upkeep
|turn|4
|
|t:|1597400692
|switch|p2a: Amoonguss|Amoonguss, F|100/100
|-damage|p2a: Amoonguss|88/100|[from] Stealth Rock
|move|p1a: Latias|Draco Meteor|p2a: Amoonguss
|-damage|p2a: Amoonguss|33/100
|-unboost|p1a: Latias|spa|2
|-damage|p1a: Latias|91/100|[from] item: Life Orb
|
|-weather|RainDance|[upkeep]
|-heal|p2a: Amoonguss|39/100|[from] item: Black Sludge
|upkeep
|turn|5
|inactive|Abhinavmeena has 120 seconds left.
|
|t:|1597400712
|switch|p1a: Skarmory|Skarmory, F|100/100
|switch|p2a: Starmie|Starmie|100/100
|-damage|p2a: Starmie|88/100|[from] Stealth Rock
|
|-weather|RainDance|[upkeep]
|-heal|p2a: Starmie|94/100|[from] item: Leftovers
|upkeep
|turn|6
|inactive|Abhinavmeena has 120 seconds left.
|
|t:|1597400724
|switch|p1a: Tyranitar|Tyranitar, M|100/100
|-weather|Sandstorm|[from] ability: Sand Stream|[of] p1a: Tyranitar
|move|p2a: Starmie|Thunder|p1a: Tyranitar
|-crit|p1a: Tyranitar
|-damage|p1a: Tyranitar|65/100
|
|-weather|Sandstorm|[upkeep]
|-damage|p2a: Starmie|88/100|[from] Sandstorm
|-heal|p2a: Starmie|94/100|[from] item: Leftovers
|upkeep
|turn|7
|inactive|Abhinavmeena has 120 seconds left.
|
|t:|1597400740
|move|p1a: Tyranitar|Crunch|p2a: Starmie
|-supereffective|p2a: Starmie
|-damage|p2a: Starmie|0 fnt
|faint|p2a: Starmie
|
|-weather|Sandstorm|[upkeep]
|upkeep
|
|t:|1597400755
|switch|p2a: Politoed|Politoed, M|64/100
|-damage|p2a: Politoed|51/100|[from] Stealth Rock
|-weather|RainDance|[from] ability: Drizzle|[of] p2a: Politoed
|turn|8
|
|t:|1597400771
|switch|p1a: Latias|Latias, F|91/100
|move|p2a: Politoed|Scald|p1a: Latias
|-resisted|p1a: Latias
|-damage|p1a: Latias|72/100
|-status|p1a: Latias|brn
|
|-weather|RainDance|[upkeep]
|-heal|p2a: Politoed|57/100|[from] item: Leftovers
|-damage|p1a: Latias|60/100 brn|[from] brn
|upkeep
|turn|9
|
|t:|1597400787
|move|p2a: Politoed|Protect|p2a: Politoed
|-singleturn|p2a: Politoed|Protect
|move|p1a: Latias|Roost|p1a: Latias
|-heal|p1a: Latias|100/100 brn
|-singleturn|p1a: Latias|move: Roost
|
|-weather|RainDance|[upkeep]
|-heal|p2a: Politoed|64/100|[from] item: Leftovers
|-damage|p1a: Latias|88/100 brn|[from] brn
|upkeep
|turn|10
|inactive|Abhinavmeena has 90 seconds left.
|
|t:|1597400806
|move|p1a: Latias|Draco Meteor|p2a: Politoed
|-damage|p2a: Politoed|0 fnt
|-unboost|p1a: Latias|spa|2
|-damage|p1a: Latias|78/100 brn|[from] item: Life Orb
|faint|p2a: Politoed
|
|-weather|RainDance|[upkeep]
|-damage|p1a: Latias|66/100 brn|[from] brn
|upkeep
|inactive|Abhinavmeena has 90 seconds left.
|
|t:|1597400819
|switch|p2a: Slowbro|Slowbro, F|100/100
|-damage|p2a: Slowbro|88/100|[from] Stealth Rock
|turn|11
|inactive|Abhinavmeena has 90 seconds left.
|
|t:|1597400834
|switch|p1a: Jellicent|Jellicent, F|100/100
|move|p2a: Slowbro|Thunder Wave|p1a: Jellicent
|-status|p1a: Jellicent|par
|
|-weather|RainDance|[upkeep]
|-heal|p2a: Slowbro|94/100|[from] item: Leftovers
|upkeep
|turn|12
|
|t:|1597400844
|move|p2a: Slowbro|Psychic|p1a: Jellicent
|-damage|p1a: Jellicent|75/100 par
|cant|p1a: Jellicent|par
|
|-weather|RainDance|[upkeep]
|-heal|p2a: Slowbro|99/100|[from] item: Leftovers
|-heal|p1a: Jellicent|81/100 par|[from] item: Leftovers
|upkeep
|turn|13
|
|t:|1597400854
|move|p2a: Slowbro|Psychic|p1a: Jellicent
|-damage|p1a: Jellicent|57/100 par
|cant|p1a: Jellicent|par
|
|-weather|RainDance|[upkeep]
|-heal|p2a: Slowbro|100/100|[from] item: Leftovers
|-heal|p1a: Jellicent|63/100 par|[from] item: Leftovers
|upkeep
|turn|14
|inactive|Abhinavmeena has 90 seconds left.
|
|t:|1597400863
|move|p2a: Slowbro|Psychic|p1a: Jellicent
|-damage|p1a: Jellicent|39/100 par
|move|p1a: Jellicent|Will-O-Wisp|p2a: Slowbro
|-status|p2a: Slowbro|brn
|
|-weather|RainDance|[upkeep]
|-heal|p1a: Jellicent|46/100 par|[from] item: Leftovers
|-damage|p2a: Slowbro|88/100 brn|[from] brn
|upkeep
|turn|15
|inactive|Abhinavmeena has 90 seconds left.
|
|t:|1597400876
|move|p2a: Slowbro|Psychic|p1a: Jellicent
|-damage|p1a: Jellicent|18/100 par
|move|p1a: Jellicent|Recover|p1a: Jellicent
|-heal|p1a: Jellicent|68/100 par
|
|-weather|RainDance|[upkeep]
|-heal|p2a: Slowbro|94/100 brn|[from] item: Leftovers
|-heal|p1a: Jellicent|74/100 par|[from] item: Leftovers
|-damage|p2a: Slowbro|82/100 brn|[from] brn
|upkeep
|turn|16
|inactive|Abhinavmeena has 90 seconds left.
|
|t:|1597400889
|switch|p2a: Amoonguss|Amoonguss, F|72/100
|-damage|p2a: Amoonguss|60/100|[from] Stealth Rock
|switch|p1a: Tyranitar|Tyranitar, M|65/100
|-weather|Sandstorm|[from] ability: Sand Stream|[of] p1a: Tyranitar
|
|-weather|Sandstorm|[upkeep]
|-damage|p2a: Amoonguss|54/100|[from] Sandstorm
|-heal|p2a: Amoonguss|60/100|[from] item: Black Sludge
|upkeep
|turn|17
|inactive|Abhinavmeena has 90 seconds left.
|
|t:|1597400909
|switch|p1a: Latias|Latias, F|66/100 brn
|move|p2a: Amoonguss|Giga Drain|p1a: Latias
|-resisted|p1a: Latias
|-damage|p1a: Latias|55/100 brn
|-heal|p2a: Amoonguss|64/100|[from] drain|[of] p1a: Latias
|
|-weather|Sandstorm|[upkeep]
|-damage|p1a: Latias|49/100 brn|[from] Sandstorm
|-damage|p2a: Amoonguss|57/100|[from] Sandstorm
|-heal|p2a: Amoonguss|64/100|[from] item: Black Sludge
|-damage|p1a: Latias|37/100 brn|[from] brn
|upkeep
|turn|18
|
|t:|1597400918
|move|p1a: Latias|Roost|p1a: Latias
|-heal|p1a: Latias|87/100 brn
|-singleturn|p1a: Latias|move: Roost
|move|p2a: Amoonguss|Hidden Power|p1a: Latias
|-supereffective|p1a: Latias
|-damage|p1a: Latias|59/100 brn
|
|-weather|Sandstorm|[upkeep]
|-damage|p1a: Latias|53/100 brn|[from] Sandstorm
|-damage|p2a: Amoonguss|57/100|[from] Sandstorm
|-heal|p2a: Amoonguss|64/100|[from] item: Black Sludge
|-damage|p1a: Latias|41/100 brn|[from] brn
|upkeep
|turn|19
|inactive|Abhinavmeena has 90 seconds left.
|
|t:|1597400933
|move|p1a: Latias|Roost|p1a: Latias
|-heal|p1a: Latias|91/100 brn
|-singleturn|p1a: Latias|move: Roost
|move|p2a: Amoonguss|Hidden Power|p1a: Latias
|-supereffective|p1a: Latias
|-damage|p1a: Latias|61/100 brn
|
|-weather|Sandstorm|[upkeep]
|-damage|p1a: Latias|55/100 brn|[from] Sandstorm
|-damage|p2a: Amoonguss|57/100|[from] Sandstorm
|-heal|p2a: Amoonguss|64/100|[from] item: Black Sludge
|-damage|p1a: Latias|43/100 brn|[from] brn
|upkeep
|turn|20
|
|t:|1597400958
|move|p1a: Latias|Psyshock|p2a: Amoonguss
|-supereffective|p2a: Amoonguss
|-damage|p2a: Amoonguss|0 fnt
|-damage|p1a: Latias|33/100 brn|[from] item: Life Orb
|faint|p2a: Amoonguss
|
|-weather|Sandstorm|[upkeep]
|-damage|p1a: Latias|27/100 brn|[from] Sandstorm
|-damage|p1a: Latias|15/100 brn|[from] brn
|upkeep
|
|t:|1597400968
|switch|p2a: Ditto|Ditto|100/100
|-damage|p2a: Ditto|88/100|[from] Stealth Rock
|-transform|p2a: Ditto|p1a: Latias|[from] ability: Imposter
|turn|21
|
|t:|1597400984
|move|p2a: Ditto|Surf|p1a: Latias
|-resisted|p1a: Latias
|-damage|p1a: Latias|2/100 brn
|move|p1a: Latias|Draco Meteor|p2a: Ditto|[miss]
|-miss|p1a: Latias|p2a: Ditto
|
|-weather|Sandstorm|[upkeep]
|-damage|p2a: Ditto|82/100|[from] Sandstorm
|-damage|p1a: Latias|0 fnt|[from] Sandstorm
|faint|p1a: Latias
|upkeep
|
|t:|1597400988
|switch|p1a: Tyranitar|Tyranitar, M|65/100
|turn|22
|
|t:|1597400998
|move|p2a: Ditto|Surf|p1a: Tyranitar
|-supereffective|p1a: Tyranitar
|-damage|p1a: Tyranitar|28/100
|move|p1a: Tyranitar|Crunch|p2a: Ditto
|-supereffective|p2a: Ditto
|-damage|p2a: Ditto|0 fnt
|faint|p2a: Ditto
|
|-weather|Sandstorm|[upkeep]
|upkeep
|
|t:|1597401008
|switch|p2a: Toxicroak|Toxicroak, M|100/100
|-damage|p2a: Toxicroak|94/100|[from] Stealth Rock
|turn|23
|
|t:|1597401018
|switch|p1a: Skarmory|Skarmory, F|100/100
|move|p2a: Toxicroak|Swords Dance|p2a: Toxicroak
|-boost|p2a: Toxicroak|atk|2
|
|-weather|Sandstorm|[upkeep]
|-damage|p2a: Toxicroak|88/100|[from] Sandstorm
|-heal|p2a: Toxicroak|94/100|[from] item: Black Sludge
|upkeep
|turn|24
|
|t:|1597401027
|move|p2a: Toxicroak|Swords Dance|p2a: Toxicroak
|-boost|p2a: Toxicroak|atk|2
|move|p1a: Skarmory|Brave Bird|p2a: Toxicroak
|-supereffective|p2a: Toxicroak
|-damage|p2a: Toxicroak|18/100
|-damage|p1a: Skarmory|73/100|[from] Recoil
|
|-weather|Sandstorm|[upkeep]
|-damage|p2a: Toxicroak|11/100|[from] Sandstorm
|-heal|p2a: Toxicroak|18/100|[from] item: Black Sludge
|-heal|p1a: Skarmory|79/100|[from] item: Leftovers
|upkeep
|turn|25
|
|t:|1597401035
|move|p2a: Toxicroak|Drain Punch|p1a: Skarmory
|-damage|p1a: Skarmory|5/100
|-heal|p2a: Toxicroak|51/100|[from] drain|[of] p1a: Skarmory
|move|p1a: Skarmory|Brave Bird|p2a: Toxicroak
|-supereffective|p2a: Toxicroak
|-crit|p2a: Toxicroak
|-damage|p2a: Toxicroak|0 fnt
|-damage|p1a: Skarmory|0 fnt|[from] Recoil
|faint|p2a: Toxicroak
|faint|p1a: Skarmory
|
|-weather|Sandstorm|[upkeep]
|upkeep
|
|t:|1597401047
|switch|p2a: Slowbro|Slowbro, F|100/100 brn
|switch|p1a: Tyranitar|Tyranitar, M|28/100
|-damage|p2a: Slowbro|88/100 brn|[from] Stealth Rock
|turn|26
|
|t:|1597401058
|move|p1a: Tyranitar|Crunch|p2a: Slowbro
|-supereffective|p2a: Slowbro
|-damage|p2a: Slowbro|36/100 brn
|move|p2a: Slowbro|Scald|p1a: Tyranitar
|-supereffective|p1a: Tyranitar
|-damage|p1a: Tyranitar|0 fnt
|faint|p1a: Tyranitar
|
|-weather|Sandstorm|[upkeep]
|-damage|p2a: Slowbro|30/100 brn|[from] Sandstorm
|-heal|p2a: Slowbro|36/100 brn|[from] item: Leftovers
|-damage|p2a: Slowbro|24/100 brn|[from] brn
|upkeep
|
|t:|1597401064
|switch|p1a: Heatran|Heatran, F|100/100
|turn|27
|inactive|Abhinavmeena has 90 seconds left.
|
|t:|1597401070
|move|p1a: Heatran|Earth Power|p2a: Slowbro
|-damage|p2a: Slowbro|0 fnt
|faint|p2a: Slowbro
|
|win|Spritzalcianuro96
|raw|Spritzalcianuro96's rating: 1344 &rarr; <strong>1364</strong><br />(+20 for winning)
|raw|Abhinavmeena's rating: 1339 &rarr; <strong>1319</strong><br />(-20 for losing)
