|j|‽Garchomplte
|j|☆HALOCENE
|player|p1|Garchomplte|brock|1499
|player|p2|HALOCENE|pokefanf-gen4|1633
|teamsize|p1|6
|teamsize|p2|6
|gametype|singles
|gen|5
|tier|[Gen 5] OU
|rated|
|clearpoke
|poke|p1|Tangrowth, F|item
|poke|p1|Gastrodon, F|item
|poke|p1|Hippowdon, M|item
|poke|p1|Starmie|item
|poke|p1|Heatran, M|item
|poke|p1|Hydreigon, F|item
|poke|p2|Politoed, F|item
|poke|p2|Starmie|item
|poke|p2|Scizor, M|item
|poke|p2|Thundurus-Therian, M|item
|poke|p2|Keldeo-Resolute|item
|poke|p2|Ferrothorn, M|item
|rule|Species Clause: Limit one of each Pokémon
|rule|OHKO Clause: OHKO moves are banned
|rule|Moody Clause: Moody is banned
|rule|Evasion Moves Clause: Evasion moves are banned
|rule|Endless Battle Clause: Forcing endless battles is banned
|rule|HP Percentage Mod: HP is shown in percentages
|rule|Evasion Abilities Clause: Evasion abilities are banned
|rule|Baton Pass Clause: Limit one Baton Passer, can't pass Spe and other stats simultaneously
|rule|Sleep Clause: Sleep-inducing moves are banned
|rule|Swagger Clause: Swagger is banned
|teampreview
|inactive|Battle timer is ON: inactive players will automatically lose when time's up. (requested by Garchomplte)
|
|start
|switch|p1a: Hydreigon|Hydreigon, F|100/100
|switch|p2a: Keldeo|Keldeo-Resolute|100/100
|turn|1
|
|switch|p1a: Tangrowth|Tangrowth, F|100/100
|move|p2a: Keldeo|Focus Blast|p1a: Tangrowth
|-damage|p1a: Tangrowth|0 fnt
|faint|p1a: Tangrowth
|
|upkeep
|
|switch|p1a: Hydreigon|Hydreigon, F|100/100
|turn|2
|
|switch|p2a: Ferrothorn|Ferrothorn, M|100/100
|move|p1a: Hydreigon|Fire Blast|p2a: Ferrothorn|[miss]
|-miss|p1a: Hydreigon|p2a: Ferrothorn
|
|upkeep
|turn|3
|
|switch|p1a: Gastrodon|Gastrodon, F|100/100
|switch|p2a: Politoed|Politoed, F|100/100
|-weather|RainDance|[from] ability: Drizzle|[of] p2a: Politoed
|
|-weather|RainDance|[upkeep]
|upkeep
|turn|4
|
|move|p2a: Politoed|Hidden Power|p1a: Gastrodon
|-supereffective|p1a: Gastrodon
|-damage|p1a: Gastrodon|20/100
|move|p1a: Gastrodon|Toxic|p2a: Politoed|[miss]
|-miss|p1a: Gastrodon|p2a: Politoed
|
|-weather|RainDance|[upkeep]
|-heal|p1a: Gastrodon|26/100|[from] item: Leftovers
|upkeep
|turn|5
|
|switch|p2a: Ferrothorn|Ferrothorn, M|100/100
|switch|p1a: Hydreigon|Hydreigon, F|100/100
|
|-weather|RainDance|[upkeep]
|upkeep
|turn|6
|
|move|p1a: Hydreigon|Focus Blast|p2a: Ferrothorn
|-supereffective|p2a: Ferrothorn
|-damage|p2a: Ferrothorn|8/100
|move|p2a: Ferrothorn|Knock Off|p1a: Hydreigon
|-resisted|p1a: Hydreigon
|-damage|p1a: Hydreigon|98/100
|-enditem|p1a: Hydreigon|Choice Specs|[from] move: Knock Off|[of] p2a: Ferrothorn
|
|-weather|RainDance|[upkeep]
|-heal|p2a: Ferrothorn|14/100|[from] item: Leftovers
|upkeep
|turn|7
|
|move|p1a: Hydreigon|Fire Blast|p2a: Ferrothorn
|-supereffective|p2a: Ferrothorn
|-damage|p2a: Ferrothorn|0 fnt
|faint|p2a: Ferrothorn
|
|-weather|RainDance|[upkeep]
|upkeep
|
|switch|p2a: Keldeo|Keldeo-Resolute|100/100
|turn|8
|
|switch|p1a: Starmie|Starmie|100/100
|move|p2a: Keldeo|Focus Blast|p1a: Starmie
|-resisted|p1a: Starmie
|-damage|p1a: Starmie|41/100
|
|-weather|RainDance|[upkeep]
|-heal|p1a: Starmie|47/100|[from] item: Leftovers
|upkeep
|turn|9
|
|switch|p2a: Scizor|Scizor, M|100/100
|move|p1a: Starmie|Recover|p1a: Starmie
|-heal|p1a: Starmie|97/100
|
|-weather|RainDance|[upkeep]
|-heal|p1a: Starmie|100/100|[from] item: Leftovers
|upkeep
|turn|10
|
|move|p1a: Starmie|Scald|p2a: Scizor
|-damage|p2a: Scizor|41/100
|move|p2a: Scizor|Pursuit|p1a: Starmie
|-supereffective|p1a: Starmie
|-damage|p1a: Starmie|29/100
|
|-weather|RainDance|[upkeep]
|-heal|p1a: Starmie|35/100|[from] item: Leftovers
|upkeep
|turn|11
|
|move|p1a: Starmie|Recover|p1a: Starmie
|-heal|p1a: Starmie|85/100
|move|p2a: Scizor|Pursuit|p1a: Starmie
|-supereffective|p1a: Starmie
|-damage|p1a: Starmie|16/100
|
|-weather|RainDance|[upkeep]
|-heal|p1a: Starmie|22/100|[from] item: Leftovers
|upkeep
|turn|12
|
|switch|p2a: Politoed|Politoed, F|100/100
|move|p1a: Starmie|Recover|p1a: Starmie
|-heal|p1a: Starmie|73/100
|
|-weather|RainDance|[upkeep]
|-heal|p1a: Starmie|79/100|[from] item: Leftovers
|upkeep
|turn|13
|
|switch|p1a: Hydreigon|Hydreigon, F|98/100
|move|p2a: Politoed|Focus Blast|p1a: Hydreigon
|-supereffective|p1a: Hydreigon
|-damage|p1a: Hydreigon|0 fnt
|faint|p1a: Hydreigon
|
|-weather|RainDance|[upkeep]
|upkeep
|
|switch|p1a: Starmie|Starmie|79/100
|turn|14
|
|switch|p2a: Starmie|Starmie|100/100
|move|p1a: Starmie|Scald|p2a: Starmie
|-resisted|p2a: Starmie
|-damage|p2a: Starmie|67/100
|
|-weather|RainDance|[upkeep]
|-heal|p1a: Starmie|85/100|[from] item: Leftovers
|upkeep
|turn|15
|
|switch|p1a: Gastrodon|Gastrodon, F|26/100
|move|p2a: Starmie|Trick|p1a: Gastrodon
|-activate|p2a: Starmie|move: Trick|[of] p1a: Gastrodon
|-item|p1a: Gastrodon|Choice Scarf|[from] move: Trick
|-item|p2a: Starmie|Leftovers|[from] move: Trick
|
|-weather|RainDance|[upkeep]
|-heal|p2a: Starmie|73/100|[from] item: Leftovers
|upkeep
|turn|16
|
|move|p2a: Starmie|Ice Beam|p1a: Gastrodon
|-damage|p1a: Gastrodon|8/100
|move|p1a: Gastrodon|Toxic|p2a: Starmie
|-status|p2a: Starmie|tox
|
|-weather|RainDance|[upkeep]
|-heal|p2a: Starmie|79/100 tox|[from] item: Leftovers
|-damage|p2a: Starmie|73/100 tox|[from] psn
|upkeep
|turn|17
|
|switch|p2a: Politoed|Politoed, F|100/100
|switch|p1a: Starmie|Starmie|85/100
|
|-weather|RainDance|[upkeep]
|-heal|p1a: Starmie|91/100|[from] item: Leftovers
|upkeep
|turn|18
|
|switch|p1a: Heatran|Heatran, M|100/100
|move|p2a: Politoed|Hydro Pump|p1a: Heatran
|-supereffective|p1a: Heatran
|-damage|p1a: Heatran|0 fnt
|faint|p1a: Heatran
|
|-weather|RainDance|[upkeep]
|upkeep
|
|switch|p1a: Starmie|Starmie|91/100
|turn|19
|
|move|p1a: Starmie|Psyshock|p2a: Politoed
|-damage|p2a: Politoed|66/100
|move|p2a: Politoed|Hydro Pump|p1a: Starmie
|-resisted|p1a: Starmie
|-damage|p1a: Starmie|19/100
|
|-weather|RainDance|[upkeep]
|-heal|p1a: Starmie|26/100|[from] item: Leftovers
|upkeep
|turn|20
|
|move|p1a: Starmie|Recover|p1a: Starmie
|-heal|p1a: Starmie|76/100
|move|p2a: Politoed|Hydro Pump|p1a: Starmie
|-resisted|p1a: Starmie
|-damage|p1a: Starmie|2/100
|
|-weather|RainDance|[upkeep]
|-heal|p1a: Starmie|9/100|[from] item: Leftovers
|upkeep
|turn|21
|
|move|p1a: Starmie|Recover|p1a: Starmie
|-heal|p1a: Starmie|59/100
|move|p2a: Politoed|Hydro Pump|p1a: Starmie|[miss]
|-miss|p2a: Politoed|p1a: Starmie
|
|-weather|RainDance|[upkeep]
|-heal|p1a: Starmie|65/100|[from] item: Leftovers
|upkeep
|turn|22
|
|move|p1a: Starmie|Recover|p1a: Starmie
|-heal|p1a: Starmie|100/100
|move|p2a: Politoed|Hydro Pump|p1a: Starmie
|-resisted|p1a: Starmie
|-damage|p1a: Starmie|22/100
|
|-weather|RainDance|[upkeep]
|-heal|p1a: Starmie|29/100|[from] item: Leftovers
|upkeep
|turn|23
|
|move|p1a: Starmie|Recover|p1a: Starmie
|-heal|p1a: Starmie|79/100
|move|p2a: Politoed|Hydro Pump|p1a: Starmie|[miss]
|-miss|p2a: Politoed|p1a: Starmie
|
|-weather|RainDance|[upkeep]
|-heal|p1a: Starmie|85/100|[from] item: Leftovers
|upkeep
|turn|24
|
|switch|p2a: Starmie|Starmie|73/100 tox
|move|p1a: Starmie|Psyshock|p2a: Starmie
|-resisted|p2a: Starmie
|-damage|p2a: Starmie|53/100 tox
|
|-weather|RainDance|[upkeep]
|-heal|p2a: Starmie|59/100 tox|[from] item: Leftovers
|-heal|p1a: Starmie|91/100|[from] item: Leftovers
|-damage|p2a: Starmie|53/100 tox|[from] psn
|upkeep
|turn|25
|
|move|p2a: Starmie|Hydro Pump|p1a: Starmie
|-resisted|p1a: Starmie
|-damage|p1a: Starmie|45/100
|move|p1a: Starmie|Scald|p2a: Starmie
|-resisted|p2a: Starmie
|-crit|p2a: Starmie
|-damage|p2a: Starmie|0 fnt
|faint|p2a: Starmie
|
|-weather|RainDance|[upkeep]
|-heal|p1a: Starmie|51/100|[from] item: Leftovers
|upkeep
|
|switch|p2a: Politoed|Politoed, F|66/100
|turn|26
|
|switch|p1a: Gastrodon|Gastrodon, F|8/100
|move|p2a: Politoed|Hidden Power|p1a: Gastrodon
|-supereffective|p1a: Gastrodon
|-damage|p1a: Gastrodon|0 fnt
|faint|p1a: Gastrodon
|
|-weather|RainDance|[upkeep]
|upkeep
|
|switch|p1a: Hippowdon|Hippowdon, M|100/100
|-weather|Sandstorm|[from] ability: Sand Stream|[of] p1a: Hippowdon
|turn|27
|
|switch|p2a: Keldeo|Keldeo-Resolute|100/100
|move|p1a: Hippowdon|Stealth Rock|p2a: Keldeo
|-sidestart|p2: HALOCENE|move: Stealth Rock
|
|-weather|Sandstorm|[upkeep]
|-damage|p2a: Keldeo|94/100|[from] Sandstorm
|upkeep
|turn|28
|
|switch|p1a: Starmie|Starmie|51/100
|move|p2a: Keldeo|Hydro Pump|p1a: Starmie
|-resisted|p1a: Starmie
|-damage|p1a: Starmie|0 fnt
|faint|p1a: Starmie
|
|-weather|Sandstorm|[upkeep]
|-damage|p2a: Keldeo|88/100|[from] Sandstorm
|upkeep
|
|switch|p1a: Hippowdon|Hippowdon, M|100/100
|turn|29
|
|move|p2a: Keldeo|Hydro Pump|p1a: Hippowdon
|-supereffective|p1a: Hippowdon
|-damage|p1a: Hippowdon|0 fnt
|faint|p1a: Hippowdon
|
|win|HALOCENE
|l|‽Garchomplte
|raw|Garchomplte's rating: 1499 &rarr; <strong>1487</strong><br />(-12 for losing)
|raw|HALOCENE's rating: 1634 &rarr; <strong>1646</strong><br />(+12 for winning)
