|j|☆porrompompom
|j|☆iMeridian
|player|p1|porrompompom|266|1605
|player|p2|iMeridian|madame-gen4dp|1668
|teamsize|p1|6
|teamsize|p2|6
|gametype|singles
|gen|5
|tier|[Gen 5] OU
|rated|
|clearpoke
|poke|p1|Hydreigon, M|item
|poke|p1|Dragonite, F|item
|poke|p1|Latias, F|item
|poke|p1|Garchomp, M|item
|poke|p1|Jirachi|item
|poke|p1|Magnezone|item
|poke|p2|Keldeo-Resolute|item
|poke|p2|Politoed, M|item
|poke|p2|Scizor, F|item
|poke|p2|Thundurus-Therian, M|item
|poke|p2|Ferrothorn, F|item
|poke|p2|Starmie|item
|rule|Species Clause: Limit one of each Pokémon
|rule|OHKO Clause: OHKO moves are banned
|rule|Moody Clause: Moody is banned
|rule|Evasion Moves Clause: Evasion moves are banned
|rule|Endless Battle Clause: Forcing endless battles is banned
|rule|HP Percentage Mod: HP is shown in percentages
|rule|Evasion Abilities Clause: Evasion abilities are banned
|rule|Baton Pass Clause: Limit one Baton Passer, can't pass Spe and other stats simultaneously
|rule|Sleep Clause: Sleep-inducing moves are banned
|rule|Swagger Clause: Swagger is banned
|teampreview
|inactive|Battle timer is ON: inactive players will automatically lose when time's up. (requested by iMeridian)
|
|start
|switch|p1a: Astra|Jirachi|100/100
|switch|p2a: Backbone|Ferrothorn, F|100/100
|turn|1
|
|move|p1a: Astra|Stealth Rock|p2a: Backbone
|-sidestart|p2: iMeridian|move: Stealth Rock
|move|p2a: Backbone|Stealth Rock|p1a: Astra
|-sidestart|p1: porrompompom|move: Stealth Rock
|
|upkeep
|turn|2
|
|move|p1a: Astra|Thunder|p2a: Backbone|[miss]
|-miss|p1a: Astra|p2a: Backbone
|move|p2a: Backbone|Spikes|p1a: Astra
|-sidestart|p1: porrompompom|Spikes
|
|upkeep
|turn|3
|
|switch|p2a: To Sirius|Thundurus-Therian, M|100/100
|-damage|p2a: To Sirius|76/100|[from] Stealth Rock
|move|p1a: Astra|Thunder|p2a: To Sirius
|-heal|p2a: To Sirius|100/100|[from] ability: Volt Absorb|[of] p1a: Astra
|
|upkeep
|turn|4
|
|move|p2a: To Sirius|Thunder|p1a: Astra
|-damage|p1a: Astra|32/100
|-status|p1a: Astra|par
|move|p1a: Astra|Icy Wind|p2a: To Sirius
|-supereffective|p2a: To Sirius
|-crit|p2a: To Sirius
|-enditem|p2a: To Sirius|Yache Berry|[eat]
|-enditem|p2a: To Sirius|Yache Berry|[weaken]
|-damage|p2a: To Sirius|57/100
|-unboost|p2a: To Sirius|spe|1
|
|upkeep
|turn|5
|
|move|p2a: To Sirius|Volt Switch|p1a: Astra
|-damage|p1a: Astra|0 fnt
|faint|p1a: Astra
|
|switch|p2a: Global Warming|Politoed, M|100/100|[from]move: Volt Switch
|-damage|p2a: Global Warming|88/100|[from] Stealth Rock
|-weather|RainDance|[from] ability: Drizzle|[of] p2a: Global Warming
|
|-weather|RainDance|[upkeep]
|upkeep
|
|switch|p1a: Balerion|Hydreigon, M|100/100
|-damage|p1a: Balerion|88/100|[from] Stealth Rock
|turn|6
|
|move|p1a: Balerion|Focus Blast|p2a: Global Warming|[miss]
|-miss|p1a: Balerion|p2a: Global Warming
|move|p2a: Global Warming|Ice Beam|p1a: Balerion
|-supereffective|p1a: Balerion
|-damage|p1a: Balerion|0 fnt
|faint|p1a: Balerion
|
|-weather|RainDance|[upkeep]
|upkeep
|
|switch|p1a: Rehoboam|Magnezone|100/100
|-damage|p1a: Rehoboam|94/100|[from] Stealth Rock
|-item|p1a: Rehoboam|Air Balloon
|turn|7
|-message|porrompompom forfeited.
|
|win|iMeridian
|l|☆porrompompom
|raw|porrompompom's rating: 1605 &rarr; <strong>1589</strong><br />(-16 for losing)
|raw|iMeridian's rating: 1668 &rarr; <strong>1685</strong><br />(+17 for winning)
