|j|☆bw lordd moonman
|j|‽lilou in badeanzug
|t:|1707658864
|gametype|singles
|player|p1|bw lordd moonman|miku-water|1498
|player|p2|lilou in badeanzug|102|1374
|teamsize|p1|6
|teamsize|p2|6
|gen|5
|tier|[Gen 5] OU
|rated|
|rule|Species Clause: Limit one of each Pokémon
|rule|OHKO Clause: OHKO moves are banned
|rule|Moody Clause: Moody is banned
|rule|Evasion Items Clause: Evasion items are banned
|rule|Evasion Moves Clause: Evasion moves are banned
|rule|Endless Battle Clause: Forcing endless battles is banned
|rule|HP Percentage Mod: HP is shown in percentages
|rule|Evasion Abilities Clause: Evasion abilities are banned
|rule|Sleep Moves Clause: Sleep-inducing moves are banned
|rule|Swagger Clause: Swagger is banned
|rule|Baton Pass Stat Clause: No Baton Passer may have a way to boost its stats
|clearpoke
|poke|p1|Hippowdon, M|item
|poke|p1|Clefable, F|item
|poke|p1|Reuniclus, F|item
|poke|p1|Forretress, F|item
|poke|p1|Latias, F|item
|poke|p1|Slowbro, M|item
|poke|p2|Latios, M|item
|poke|p2|Gliscor, F|item
|poke|p2|Jellicent, M|item
|poke|p2|Forretress, M|item
|poke|p2|Reuniclus, M|item
|poke|p2|Chansey, F|item
|teampreview
|
|t:|1707658890
|start
|switch|p1a: Clefable|Clefable, F|100/100
|switch|p2a: Gliscor|Gliscor, F|100/100
|turn|1
|
|t:|1707658894
|switch|p2a: Chansey|Chansey, F|100/100
|move|p1a: Clefable|Knock Off|p2a: Chansey
|-damage|p2a: Chansey|98/100
|-enditem|p2a: Chansey|Eviolite|[from] move: Knock Off|[of] p1a: Clefable
|
|upkeep
|turn|2
|
|t:|1707658897
|switch|p1a: Hippowdon|Hippowdon, M|100/100
|-weather|Sandstorm|[from] ability: Sand Stream|[of] p1a: Hippowdon
|move|p2a: Chansey|Stealth Rock|p1a: Hippowdon
|-sidestart|p1: bw lordd moonman|move: Stealth Rock
|
|-weather|Sandstorm|[upkeep]
|-damage|p2a: Chansey|92/100|[from] Sandstorm
|upkeep
|turn|3
|
|t:|1707658901
|switch|p2a: Gliscor|Gliscor, F|100/100
|move|p1a: Hippowdon|Stealth Rock|p2a: Gliscor
|-sidestart|p2: lilou in badeanzug|move: Stealth Rock
|
|-weather|Sandstorm|[upkeep]
|-status|p2a: Gliscor|tox|[from] item: Toxic Orb
|upkeep
|turn|4
|
|t:|1707658907
|switch|p1a: Clefable|Clefable, F|100/100
|move|p2a: Gliscor|Swords Dance|p2a: Gliscor
|-boost|p2a: Gliscor|atk|2
|
|-weather|Sandstorm|[upkeep]
|upkeep
|turn|5
|
|t:|1707658915
|switch|p2a: Chansey|Chansey, F|92/100
|-damage|p2a: Chansey|80/100|[from] Stealth Rock
|move|p1a: Clefable|Ice Beam|p2a: Chansey
|-damage|p2a: Chansey|71/100
|
|-weather|Sandstorm|[upkeep]
|-damage|p2a: Chansey|65/100|[from] Sandstorm
|upkeep
|turn|6
|
|t:|1707658921
|switch|p1a: Forretress|Forretress, F|100/100
|-damage|p1a: Forretress|88/100|[from] Stealth Rock
|move|p2a: Chansey|Soft-Boiled|p2a: Chansey
|-heal|p2a: Chansey|100/100
|
|-weather|Sandstorm|[upkeep]
|-damage|p2a: Chansey|94/100|[from] Sandstorm
|-heal|p1a: Forretress|94/100|[from] item: Leftovers
|upkeep
|turn|7
|
|t:|1707658925
|switch|p2a: Forretress|Forretress, M|100/100
|-damage|p2a: Forretress|88/100|[from] Stealth Rock
|move|p1a: Forretress|Spikes|p2a: Forretress
|-sidestart|p2: lilou in badeanzug|Spikes
|
|-weather|Sandstorm|[upkeep]
|-heal|p1a: Forretress|100/100|[from] item: Leftovers
|-heal|p2a: Forretress|94/100|[from] item: Leftovers
|upkeep
|turn|8
|
|t:|1707658929
|move|p1a: Forretress|Rapid Spin|p2a: Forretress
|-resisted|p2a: Forretress
|-damage|p2a: Forretress|93/100
|-sideend|p1: bw lordd moonman|Stealth Rock|[from] move: Rapid Spin|[of] p1a: Forretress
|move|p2a: Forretress|Rapid Spin|p1a: Forretress
|-resisted|p1a: Forretress
|-damage|p1a: Forretress|99/100
|-sideend|p2: lilou in badeanzug|Spikes|[from] move: Rapid Spin|[of] p2a: Forretress
|-sideend|p2: lilou in badeanzug|Stealth Rock|[from] move: Rapid Spin|[of] p2a: Forretress
|
|-weather|Sandstorm|[upkeep]
|-heal|p1a: Forretress|100/100|[from] item: Leftovers
|-heal|p2a: Forretress|99/100|[from] item: Leftovers
|upkeep
|turn|9
|
|t:|1707658933
|switch|p1a: Clefable|Clefable, F|100/100
|move|p2a: Forretress|Spikes|p1a: Clefable
|-sidestart|p1: bw lordd moonman|Spikes
|
|-weather|Sandstorm|[upkeep]
|-heal|p2a: Forretress|100/100|[from] item: Leftovers
|upkeep
|turn|10
|
|t:|1707658937
|switch|p1a: Forretress|Forretress, F|100/100
|-damage|p1a: Forretress|88/100|[from] Spikes
|switch|p2a: Chansey|Chansey, F|94/100
|
|-weather|Sandstorm|[upkeep]
|-damage|p2a: Chansey|88/100|[from] Sandstorm
|-heal|p1a: Forretress|94/100|[from] item: Leftovers
|upkeep
|turn|11
|
|t:|1707658940
|switch|p2a: Forretress|Forretress, M|100/100
|move|p1a: Forretress|Spikes|p2a: Forretress
|-sidestart|p2: lilou in badeanzug|Spikes
|
|-weather|Sandstorm|[upkeep]
|-heal|p1a: Forretress|100/100|[from] item: Leftovers
|upkeep
|turn|12
|
|t:|1707658943
|move|p1a: Forretress|Rapid Spin|p2a: Forretress
|-resisted|p2a: Forretress
|-damage|p2a: Forretress|99/100
|-sideend|p1: bw lordd moonman|Spikes|[from] move: Rapid Spin|[of] p1a: Forretress
|move|p2a: Forretress|Rapid Spin|p1a: Forretress
|-resisted|p1a: Forretress
|-damage|p1a: Forretress|99/100
|-sideend|p2: lilou in badeanzug|Spikes|[from] move: Rapid Spin|[of] p2a: Forretress
|
|-weather|Sandstorm|[upkeep]
|-heal|p1a: Forretress|100/100|[from] item: Leftovers
|-heal|p2a: Forretress|100/100|[from] item: Leftovers
|upkeep
|turn|13
|
|t:|1707658947
|switch|p1a: Clefable|Clefable, F|100/100
|move|p2a: Forretress|Spikes|p1a: Clefable
|-sidestart|p1: bw lordd moonman|Spikes
|
|-weather|Sandstorm|[upkeep]
|upkeep
|turn|14
|
|t:|1707658952
|switch|p2a: Chansey|Chansey, F|88/100
|move|p1a: Clefable|Knock Off|p2a: Chansey
|-damage|p2a: Chansey|85/100
|
|-weather|Sandstorm|[upkeep]
|-damage|p2a: Chansey|79/100|[from] Sandstorm
|upkeep
|turn|15
|
|t:|1707658955
|switch|p1a: Forretress|Forretress, F|100/100
|-damage|p1a: Forretress|88/100|[from] Spikes
|move|p2a: Chansey|Stealth Rock|p1a: Forretress
|-sidestart|p1: bw lordd moonman|move: Stealth Rock
|
|-weather|Sandstorm|[upkeep]
|-damage|p2a: Chansey|73/100|[from] Sandstorm
|-heal|p1a: Forretress|94/100|[from] item: Leftovers
|upkeep
|turn|16
|
|t:|1707658958
|switch|p2a: Forretress|Forretress, M|100/100
|move|p1a: Forretress|Spikes|p2a: Forretress
|-sidestart|p2: lilou in badeanzug|Spikes
|
|-weather|Sandstorm|[upkeep]
|-heal|p1a: Forretress|100/100|[from] item: Leftovers
|upkeep
|turn|17
|
|t:|1707658961
|move|p1a: Forretress|Rapid Spin|p2a: Forretress
|-resisted|p2a: Forretress
|-damage|p2a: Forretress|99/100
|-sideend|p1: bw lordd moonman|Spikes|[from] move: Rapid Spin|[of] p1a: Forretress
|-sideend|p1: bw lordd moonman|Stealth Rock|[from] move: Rapid Spin|[of] p1a: Forretress
|move|p2a: Forretress|Hidden Power|p1a: Forretress
|-supereffective|p1a: Forretress
|-damage|p1a: Forretress|33/100
|
|-weather|Sandstorm|[upkeep]
|-heal|p1a: Forretress|39/100|[from] item: Leftovers
|-heal|p2a: Forretress|100/100|[from] item: Leftovers
|upkeep
|turn|18
|
|t:|1707658971
|switch|p1a: Reuniclus|Reuniclus, F|100/100
|move|p2a: Forretress|Spikes|p1a: Reuniclus
|-sidestart|p1: bw lordd moonman|Spikes
|
|-weather|Sandstorm|[upkeep]
|upkeep
|turn|19
|
|t:|1707658976
|switch|p2a: Reuniclus|Reuniclus, M|100/100
|move|p1a: Reuniclus|Calm Mind|p1a: Reuniclus
|-boost|p1a: Reuniclus|spa|1
|-boost|p1a: Reuniclus|spd|1
|
|-weather|Sandstorm|[upkeep]
|upkeep
|turn|20
|
|t:|1707658980
|move|p2a: Reuniclus|Calm Mind|p2a: Reuniclus
|-boost|p2a: Reuniclus|spa|1
|-boost|p2a: Reuniclus|spd|1
|move|p1a: Reuniclus|Thunder|p2a: Reuniclus|[miss]
|-miss|p1a: Reuniclus|p2a: Reuniclus
|
|-weather|Sandstorm|[upkeep]
|upkeep
|turn|21
|
|t:|1707658983
|move|p2a: Reuniclus|Calm Mind|p2a: Reuniclus
|-boost|p2a: Reuniclus|spa|1
|-boost|p2a: Reuniclus|spd|1
|move|p1a: Reuniclus|Thunder|p2a: Reuniclus
|-damage|p2a: Reuniclus|79/100
|
|-weather|Sandstorm|[upkeep]
|-heal|p2a: Reuniclus|85/100|[from] item: Leftovers
|upkeep
|turn|22
|
|t:|1707658986
|move|p2a: Reuniclus|Thunder|p1a: Reuniclus
|-damage|p1a: Reuniclus|62/100
|move|p1a: Reuniclus|Thunder|p2a: Reuniclus
|-damage|p2a: Reuniclus|61/100
|
|-weather|Sandstorm|[upkeep]
|-heal|p2a: Reuniclus|67/100|[from] item: Leftovers
|-heal|p1a: Reuniclus|68/100|[from] item: Leftovers
|upkeep
|turn|23
|
|t:|1707658991
|move|p2a: Reuniclus|Thunder|p1a: Reuniclus|[miss]
|-miss|p2a: Reuniclus|p1a: Reuniclus
|move|p1a: Reuniclus|Recover|p1a: Reuniclus
|-heal|p1a: Reuniclus|100/100
|
|-weather|Sandstorm|[upkeep]
|-heal|p2a: Reuniclus|74/100|[from] item: Leftovers
|upkeep
|turn|24
|
|t:|1707658993
|move|p2a: Reuniclus|Thunder|p1a: Reuniclus
|-crit|p1a: Reuniclus
|-damage|p1a: Reuniclus|0 fnt
|faint|p1a: Reuniclus
|
|-weather|Sandstorm|[upkeep]
|-heal|p2a: Reuniclus|80/100|[from] item: Leftovers
|upkeep
|
|t:|1707658997
|switch|p1a: Clefable|Clefable, F|100/100
|turn|25
|
|t:|1707659000
|switch|p2a: Chansey|Chansey, F|73/100
|-damage|p2a: Chansey|61/100|[from] Spikes
|move|p1a: Clefable|Knock Off|p2a: Chansey
|-damage|p2a: Chansey|57/100
|
|-weather|Sandstorm|[upkeep]
|-damage|p2a: Chansey|51/100|[from] Sandstorm
|upkeep
|turn|26
|
|t:|1707659003
|switch|p1a: Forretress|Forretress, F|39/100
|-damage|p1a: Forretress|26/100|[from] Spikes
|move|p2a: Chansey|Soft-Boiled|p2a: Chansey
|-heal|p2a: Chansey|100/100
|
|-weather|Sandstorm|[upkeep]
|-damage|p2a: Chansey|94/100|[from] Sandstorm
|-heal|p1a: Forretress|33/100|[from] item: Leftovers
|upkeep
|turn|27
|
|t:|1707659006
|switch|p2a: Forretress|Forretress, M|100/100
|-damage|p2a: Forretress|88/100|[from] Spikes
|move|p1a: Forretress|Rapid Spin|p2a: Forretress
|-resisted|p2a: Forretress
|-damage|p2a: Forretress|87/100
|-sideend|p1: bw lordd moonman|Spikes|[from] move: Rapid Spin|[of] p1a: Forretress
|
|-weather|Sandstorm|[upkeep]
|-heal|p1a: Forretress|39/100|[from] item: Leftovers
|-heal|p2a: Forretress|93/100|[from] item: Leftovers
|upkeep
|turn|28
|
|t:|1707659009
|move|p1a: Forretress|Pain Split|p2a: Forretress
|-sethp|p2a: Forretress|66/100|[from] move: Pain Split|[silent]
|-sethp|p1a: Forretress|66/100|[from] move: Pain Split
|move|p2a: Forretress|Rapid Spin|p1a: Forretress
|-resisted|p1a: Forretress
|-damage|p1a: Forretress|65/100
|-sideend|p2: lilou in badeanzug|Spikes|[from] move: Rapid Spin|[of] p2a: Forretress
|
|-weather|Sandstorm|[upkeep]
|-heal|p1a: Forretress|71/100|[from] item: Leftovers
|-heal|p2a: Forretress|72/100|[from] item: Leftovers
|upkeep
|turn|29
|
|t:|1707659013
|switch|p1a: Hippowdon|Hippowdon, M|100/100
|move|p2a: Forretress|Spikes|p1a: Hippowdon
|-sidestart|p1: bw lordd moonman|Spikes
|
|-weather|Sandstorm|[upkeep]
|-heal|p2a: Forretress|78/100|[from] item: Leftovers
|upkeep
|turn|30
|
|t:|1707659017
|move|p1a: Hippowdon|Stealth Rock|p2a: Forretress
|-sidestart|p2: lilou in badeanzug|move: Stealth Rock
|move|p2a: Forretress|Spikes|p1a: Hippowdon
|-sidestart|p1: bw lordd moonman|Spikes
|
|-weather|Sandstorm|[upkeep]
|-heal|p2a: Forretress|84/100|[from] item: Leftovers
|upkeep
|turn|31
|
|t:|1707659020
|switch|p1a: Forretress|Forretress, F|71/100
|-damage|p1a: Forretress|54/100|[from] Spikes
|move|p2a: Forretress|Rapid Spin|p1a: Forretress
|-resisted|p1a: Forretress
|-damage|p1a: Forretress|54/100
|-sideend|p2: lilou in badeanzug|Stealth Rock|[from] move: Rapid Spin|[of] p2a: Forretress
|
|-weather|Sandstorm|[upkeep]
|-heal|p1a: Forretress|60/100|[from] item: Leftovers
|-heal|p2a: Forretress|91/100|[from] item: Leftovers
|upkeep
|turn|32
|
|t:|1707659022
|move|p1a: Forretress|Spikes|p2a: Forretress
|-sidestart|p2: lilou in badeanzug|Spikes
|move|p2a: Forretress|Hidden Power|p1a: Forretress
|-supereffective|p1a: Forretress
|-damage|p1a: Forretress|0 fnt
|faint|p1a: Forretress
|
|-weather|Sandstorm|[upkeep]
|-heal|p2a: Forretress|97/100|[from] item: Leftovers
|upkeep
|-message|bw lordd moonman forfeited.
|
|win|lilou in badeanzug
|raw|bw lordd moonman's rating: 1498 &rarr; <strong>1471</strong><br />(-27 for losing)
|raw|lilou in badeanzug's rating: 1374 &rarr; <strong>1401</strong><br />(+27 for winning)
|l|☆bw lordd moonman
|player|p1|
