|j|☆mr champions cr7
|j|☆Croaset
|t:|1731444927
|gametype|singles
|player|p1|mr champions cr7|thorton|1345
|player|p2|Croaset|elesa|1319
|teamsize|p1|6
|teamsize|p2|6
|gen|5
|tier|[Gen 5] OU
|rated|
|rule|Species Clause: Limit one of each Pokémon
|rule|OHKO Clause: OHKO moves are banned
|rule|Moody Clause: Moody is banned
|rule|Evasion Items Clause: Evasion items are banned
|rule|Evasion Moves Clause: Evasion moves are banned
|rule|Endless Battle Clause: Forcing endless battles is banned
|rule|HP Percentage Mod: HP is shown in percentages
|rule|Evasion Abilities Clause: Evasion abilities are banned
|rule|Sleep Moves Clause: Sleep-inducing moves are banned
|rule|Swagger Clause: Swagger is banned
|rule|Baton Pass Stat Clause: No Baton Passer may have a way to boost its stats
|clearpoke
|poke|p1|Latios, M|item
|poke|p1|Politoed, F|item
|poke|p1|Tornadus, M|item
|poke|p1|Forretress, M|item
|poke|p1|Keldeo-Resolute|item
|poke|p1|Thundurus-Therian, M|item
|poke|p2|Reuniclus, M|item
|poke|p2|Skarmory, F|item
|poke|p2|Latios, M|item
|poke|p2|Tyranitar, F|item
|poke|p2|Dragonite, M|item
|poke|p2|Latias, F|item
|teampreview
|inactive|Battle timer is ON: inactive players will automatically lose when time's up. (requested by mr champions cr7)
|
|t:|1731444944
|start
|switch|p1a: Pochita|Politoed, F|100/100
|switch|p2a: Dragonite|Dragonite, M|100/100
|-weather|RainDance|[from] ability: Drizzle|[of] p1a: Pochita
|turn|1
|
|t:|1731444952
|move|p2a: Dragonite|Dragon Dance|p2a: Dragonite
|-boost|p2a: Dragonite|atk|1
|-boost|p2a: Dragonite|spe|1
|move|p1a: Pochita|Ice Beam|p2a: Dragonite
|-supereffective|p2a: Dragonite
|-damage|p2a: Dragonite|7/100
|
|-weather|RainDance|[upkeep]
|upkeep
|turn|2
|
|t:|1731444960
|switch|p1a: Forretress|Forretress, M|100/100
|move|p2a: Dragonite|Dragon Claw|p1a: Forretress
|-resisted|p1a: Forretress
|-damage|p1a: Forretress|81/100
|
|-weather|RainDance|[upkeep]
|-heal|p1a: Forretress|88/100|[from] item: Leftovers
|upkeep
|turn|3
|
|t:|1731444970
|move|p2a: Dragonite|Fire Punch|p1a: Forretress
|-supereffective|p1a: Forretress
|-damage|p1a: Forretress|39/100
|move|p1a: Forretress|Hidden Power|p2a: Dragonite
|-supereffective|p2a: Dragonite
|-damage|p2a: Dragonite|0 fnt
|faint|p2a: Dragonite
|
|-weather|RainDance|[upkeep]
|-heal|p1a: Forretress|45/100|[from] item: Leftovers
|upkeep
|
|t:|1731444977
|switch|p2a: Tyranitar|Tyranitar, F|100/100
|-weather|Sandstorm|[from] ability: Sand Stream|[of] p2a: Tyranitar
|turn|4
|
|t:|1731444981
|move|p2a: Tyranitar|Thunder Wave|p1a: Forretress
|-status|p1a: Forretress|par
|cant|p1a: Forretress|par
|
|-weather|Sandstorm|[upkeep]
|-heal|p1a: Forretress|51/100 par|[from] item: Leftovers
|upkeep
|turn|5
|
|t:|1731444987
|switch|p2a: Skarmory|Skarmory, F|100/100
|move|p1a: Forretress|Stealth Rock|p2a: Skarmory
|-sidestart|p2: Croaset|move: Stealth Rock
|
|-weather|Sandstorm|[upkeep]
|-heal|p1a: Forretress|58/100 par|[from] item: Leftovers
|upkeep
|turn|6
|
|t:|1731444994
|move|p2a: Skarmory|Stealth Rock|p1a: Forretress
|-sidestart|p1: mr champions cr7|move: Stealth Rock
|cant|p1a: Forretress|par
|
|-weather|Sandstorm|[upkeep]
|-heal|p1a: Forretress|64/100 par|[from] item: Leftovers
|upkeep
|turn|7
|
|t:|1731445000
|move|p1a: Forretress|Rapid Spin|p2a: Skarmory
|-resisted|p2a: Skarmory
|-damage|p2a: Skarmory|99/100
|-sideend|p1: mr champions cr7|Stealth Rock|[from] move: Rapid Spin|[of] p1a: Forretress
|move|p2a: Skarmory|Whirlwind|p1a: Forretress
|drag|p1a: Pochita|Politoed, F|100/100
|-weather|RainDance|[from] ability: Drizzle|[of] p1a: Pochita
|
|-weather|RainDance|[upkeep]
|-heal|p2a: Skarmory|100/100|[from] item: Leftovers
|upkeep
|turn|8
|
|t:|1731445011
|switch|p2a: Latias|Latias, F|100/100
|-damage|p2a: Latias|88/100|[from] Stealth Rock
|move|p1a: Pochita|Surf|p2a: Latias
|-resisted|p2a: Latias
|-damage|p2a: Latias|56/100
|
|-weather|RainDance|[upkeep]
|upkeep
|turn|9
|
|t:|1731445022
|switch|p1a: Latios|Latios, M|100/100
|move|p2a: Latias|Thunder Wave|p1a: Latios
|-status|p1a: Latios|par
|
|-weather|RainDance|[upkeep]
|upkeep
|turn|10
|
|t:|1731445026
|switch|p2a: Tyranitar|Tyranitar, F|100/100
|-damage|p2a: Tyranitar|88/100|[from] Stealth Rock
|-weather|Sandstorm|[from] ability: Sand Stream|[of] p2a: Tyranitar
|move|p1a: Latios|Draco Meteor|p2a: Tyranitar
|-damage|p2a: Tyranitar|59/100
|-unboost|p1a: Latios|spa|2
|
|-weather|Sandstorm|[upkeep]
|-damage|p1a: Latios|95/100 par|[from] Sandstorm
|upkeep
|turn|11
|
|t:|1731445029
|move|p2a: Tyranitar|Pursuit|p1a: Latios
|-supereffective|p1a: Latios
|-enditem|p1a: Latios|Colbur Berry|[eat]
|-enditem|p1a: Latios|Colbur Berry|[weaken]
|-damage|p1a: Latios|72/100 par
|move|p1a: Latios|Surf|p2a: Tyranitar
|-supereffective|p2a: Tyranitar
|-damage|p2a: Tyranitar|45/100
|
|-weather|Sandstorm|[upkeep]
|-damage|p1a: Latios|66/100 par|[from] Sandstorm
|upkeep
|turn|12
|
|t:|1731445033
|move|p2a: Tyranitar|Pursuit|p1a: Latios
|-supereffective|p1a: Latios
|-damage|p1a: Latios|20/100 par
|move|p1a: Latios|Surf|p2a: Tyranitar
|-supereffective|p2a: Tyranitar
|-damage|p2a: Tyranitar|31/100
|
|-weather|Sandstorm|[upkeep]
|-damage|p1a: Latios|14/100 par|[from] Sandstorm
|upkeep
|turn|13
|
|t:|1731445041
|-activate|p1a: Latios|move: Pursuit
|move|p2a: Tyranitar|Pursuit|p1a: Latios|[from]Pursuit
|-supereffective|p1a: Latios
|-damage|p1a: Latios|0 fnt
|faint|p1a: Latios
|-hint|A Pokemon can't switch between when it runs out of HP and when it faints
|
|-weather|Sandstorm|[upkeep]
|upkeep
|
|t:|1731445043
|switch|p1a: Pochita|Politoed, F|100/100
|-weather|RainDance|[from] ability: Drizzle|[of] p1a: Pochita
|turn|14
|
|t:|1731445053
|switch|p2a: Skarmory|Skarmory, F|100/100
|-damage|p2a: Skarmory|88/100|[from] Stealth Rock
|move|p1a: Pochita|Ice Beam|p2a: Skarmory
|-damage|p2a: Skarmory|31/100
|
|-weather|RainDance|[upkeep]
|-heal|p2a: Skarmory|37/100|[from] item: Leftovers
|upkeep
|turn|15
|
|t:|1731445062
|move|p2a: Skarmory|Stealth Rock|p1a: Pochita
|-sidestart|p1: mr champions cr7|move: Stealth Rock
|move|p1a: Pochita|Ice Beam|p2a: Skarmory
|-damage|p2a: Skarmory|0 fnt
|faint|p2a: Skarmory
|
|-weather|RainDance|[upkeep]
|upkeep
|
|t:|1731445065
|switch|p2a: Tyranitar|Tyranitar, F|31/100
|-damage|p2a: Tyranitar|19/100|[from] Stealth Rock
|-weather|Sandstorm|[from] ability: Sand Stream|[of] p2a: Tyranitar
|turn|16
|
|t:|1731445068
|move|p1a: Pochita|Ice Beam|p2a: Tyranitar
|-damage|p2a: Tyranitar|0 fnt
|faint|p2a: Tyranitar
|
|-weather|Sandstorm|[upkeep]
|-damage|p1a: Pochita|94/100|[from] Sandstorm
|upkeep
|
|t:|1731445077
|switch|p2a: Reuniclus|Reuniclus, M, shiny|100/100
|turn|17
|
|t:|1731445082
|switch|p1a: Keldeo|Keldeo-Resolute|100/100
|-damage|p1a: Keldeo|94/100|[from] Stealth Rock
|move|p2a: Reuniclus|Calm Mind|p2a: Reuniclus
|-boost|p2a: Reuniclus|spa|1
|-boost|p2a: Reuniclus|spd|1
|
|-weather|Sandstorm|[upkeep]
|-damage|p1a: Keldeo|88/100|[from] Sandstorm
|upkeep
|turn|18
|
|t:|1731445087
|move|p1a: Keldeo|Hydro Pump|p2a: Reuniclus|[miss]
|-miss|p1a: Keldeo|p2a: Reuniclus
|move|p2a: Reuniclus|Calm Mind|p2a: Reuniclus
|-boost|p2a: Reuniclus|spa|1
|-boost|p2a: Reuniclus|spd|1
|
|-weather|Sandstorm|[upkeep]
|-damage|p1a: Keldeo|82/100|[from] Sandstorm
|upkeep
|turn|19
|
|t:|1731445089
|move|p1a: Keldeo|Hydro Pump|p2a: Reuniclus
|-damage|p2a: Reuniclus|58/100
|move|p2a: Reuniclus|Calm Mind|p2a: Reuniclus
|-boost|p2a: Reuniclus|spa|1
|-boost|p2a: Reuniclus|spd|1
|
|-weather|Sandstorm|[upkeep]
|-damage|p1a: Keldeo|76/100|[from] Sandstorm
|-heal|p2a: Reuniclus|64/100|[from] item: Leftovers
|upkeep
|turn|20
|
|t:|1731445092
|move|p1a: Keldeo|Hydro Pump|p2a: Reuniclus
|-damage|p2a: Reuniclus|29/100
|move|p2a: Reuniclus|Recover|p2a: Reuniclus
|-heal|p2a: Reuniclus|79/100
|
|-weather|Sandstorm|[upkeep]
|-damage|p1a: Keldeo|70/100|[from] Sandstorm
|-heal|p2a: Reuniclus|85/100|[from] item: Leftovers
|upkeep
|turn|21
|
|t:|1731445095
|switch|p1a: Pochita|Politoed, F|94/100
|-damage|p1a: Pochita|82/100|[from] Stealth Rock
|-weather|RainDance|[from] ability: Drizzle|[of] p1a: Pochita
|move|p2a: Reuniclus|Calm Mind|p2a: Reuniclus
|-boost|p2a: Reuniclus|spa|1
|-boost|p2a: Reuniclus|spd|1
|
|-weather|RainDance|[upkeep]
|-heal|p2a: Reuniclus|92/100|[from] item: Leftovers
|upkeep
|turn|22
|
|t:|1731445099
|move|p1a: Pochita|Hydro Pump|p2a: Reuniclus
|-damage|p2a: Reuniclus|53/100
|move|p2a: Reuniclus|Recover|p2a: Reuniclus
|-heal|p2a: Reuniclus|100/100
|
|-weather|RainDance|[upkeep]
|upkeep
|turn|23
|
|t:|1731445104
|move|p1a: Pochita|Hydro Pump|p2a: Reuniclus
|-damage|p2a: Reuniclus|60/100
|move|p2a: Reuniclus|Calm Mind|p2a: Reuniclus
|-boost|p2a: Reuniclus|spa|1
|-boost|p2a: Reuniclus|spd|1
|
|-weather|RainDance|[upkeep]
|-heal|p2a: Reuniclus|66/100|[from] item: Leftovers
|upkeep
|turn|24
|
|t:|1731445109
|move|p1a: Pochita|Hydro Pump|p2a: Reuniclus
|-damage|p2a: Reuniclus|35/100
|move|p2a: Reuniclus|Recover|p2a: Reuniclus
|-heal|p2a: Reuniclus|85/100
|
|-weather|RainDance|[upkeep]
|-heal|p2a: Reuniclus|91/100|[from] item: Leftovers
|upkeep
|turn|25
|
|t:|1731445113
|move|p1a: Pochita|Hydro Pump|p2a: Reuniclus
|-damage|p2a: Reuniclus|60/100
|move|p2a: Reuniclus|Calm Mind|p2a: Reuniclus
|-boost|p2a: Reuniclus|spa|1
|-boost|p2a: Reuniclus|spd|1
|
|-weather|RainDance|[upkeep]
|-heal|p2a: Reuniclus|66/100|[from] item: Leftovers
|upkeep
|turn|26
|
|t:|1731445117
|move|p1a: Pochita|Hydro Pump|p2a: Reuniclus
|-damage|p2a: Reuniclus|39/100
|move|p2a: Reuniclus|Recover|p2a: Reuniclus
|-heal|p2a: Reuniclus|89/100
|
|-weather|RainDance|[upkeep]
|-heal|p2a: Reuniclus|95/100|[from] item: Leftovers
|upkeep
|turn|27
|
|t:|1731445120
|move|p1a: Pochita|Hydro Pump|p2a: Reuniclus
|-damage|p2a: Reuniclus|67/100
|move|p2a: Reuniclus|Signal Beam|p1a: Pochita
|-damage|p1a: Pochita|0 fnt
|faint|p1a: Pochita
|
|-weather|RainDance|[upkeep]
|-heal|p2a: Reuniclus|73/100|[from] item: Leftovers
|upkeep
|
|t:|1731445126
|switch|p1a: Keldeo|Keldeo-Resolute|70/100
|-damage|p1a: Keldeo|63/100|[from] Stealth Rock
|turn|28
|
|t:|1731445132
|move|p1a: Keldeo|Secret Sword|p2a: Reuniclus
|-resisted|p2a: Reuniclus
|-damage|p2a: Reuniclus|50/100
|move|p2a: Reuniclus|Recover|p2a: Reuniclus
|-heal|p2a: Reuniclus|100/100
|
|-weather|RainDance|[upkeep]
|upkeep
|turn|29
|
|t:|1731445136
|switch|p1a: Forretress|Forretress, M|64/100 par
|-damage|p1a: Forretress|51/100 par|[from] Stealth Rock
|move|p2a: Reuniclus|Signal Beam|p1a: Forretress
|-resisted|p1a: Forretress
|-damage|p1a: Forretress|0 fnt
|faint|p1a: Forretress
|
|-weather|RainDance|[upkeep]
|upkeep
|
|t:|1731445140
|switch|p1a: Thundurus|Thundurus-Therian, M|100/100
|-damage|p1a: Thundurus|76/100|[from] Stealth Rock
|turn|30
|
|t:|1731445142
|move|p1a: Thundurus|Thunder|p2a: Reuniclus
|-crit|p2a: Reuniclus
|-damage|p2a: Reuniclus|0 fnt
|faint|p2a: Reuniclus
|
|-weather|RainDance|[upkeep]
|-heal|p1a: Thundurus|82/100|[from] item: Leftovers
|upkeep
|
|t:|1731445150
|switch|p2a: Latios|Latios, M|100/100
|-damage|p2a: Latios|88/100|[from] Stealth Rock
|turn|31
|c|☆mr champions cr7|Por homo se xual jaja
|
|t:|1731445169
|move|p2a: Latios|Draco Meteor|p1a: Thundurus
|-crit|p1a: Thundurus
|-damage|p1a: Thundurus|0 fnt
|-unboost|p2a: Latios|spa|2
|faint|p1a: Thundurus
|
|-weather|RainDance|[upkeep]
|upkeep
|
|t:|1731445173
|switch|p1a: Tornadus|Tornadus, M|100/100
|-damage|p1a: Tornadus|76/100|[from] Stealth Rock
|turn|32
|
|t:|1731445178
|switch|p2a: Latias|Latias, F|56/100
|-damage|p2a: Latias|43/100|[from] Stealth Rock
|move|p1a: Tornadus|Substitute|p1a: Tornadus
|-start|p1a: Tornadus|Substitute
|-damage|p1a: Tornadus|51/100
|
|-weather|RainDance|[upkeep]
|-heal|p1a: Tornadus|57/100|[from] item: Leftovers
|upkeep
|turn|33
|
|t:|1731445182
|move|p1a: Tornadus|Hurricane|p2a: Latias
|-damage|p2a: Latias|0 fnt
|faint|p2a: Latias
|
|-weather|RainDance|[upkeep]
|-heal|p1a: Tornadus|63/100|[from] item: Leftovers
|upkeep
|
|t:|1731445185
|switch|p2a: Latios|Latios, M|88/100
|-damage|p2a: Latios|76/100|[from] Stealth Rock
|turn|34
|
|t:|1731445192
|move|p1a: Tornadus|Hurricane|p2a: Latios
|-crit|p2a: Latios
|-damage|p2a: Latios|0 fnt
|faint|p2a: Latios
|
|win|mr champions cr7
|raw|mr champions cr7's rating: 1345 &rarr; <strong>1364</strong><br />(+19 for winning)
|raw|Croaset's rating: 1319 &rarr; <strong>1300</strong><br />(-19 for losing)
