|j|☆bxh318916
|j|☆SwordIsBored
|t:|1730426881
|gametype|singles
|player|p1|bxh318916|steven|1394
|player|p2|SwordIsBored|gardenia-masters|1548
|teamsize|p1|6
|teamsize|p2|6
|gen|5
|tier|[Gen 5] OU
|rated|
|rule|Species Clause: Limit one of each Pokémon
|rule|OHKO Clause: OHKO moves are banned
|rule|Moody Clause: Moody is banned
|rule|Evasion Items Clause: Evasion items are banned
|rule|Evasion Moves Clause: Evasion moves are banned
|rule|Endless Battle Clause: Forcing endless battles is banned
|rule|HP Percentage Mod: HP is shown in percentages
|rule|Evasion Abilities Clause: Evasion abilities are banned
|rule|Sleep Moves Clause: Sleep-inducing moves are banned
|rule|Swagger Clause: Swagger is banned
|rule|Baton Pass Stat Clause: No Baton Passer may have a way to boost its stats
|clearpoke
|poke|p1|Tyranitar, M|item
|poke|p1|Keldeo|item
|poke|p1|Garchomp, F|item
|poke|p1|Zapdos|item
|poke|p1|Scizor, M|item
|poke|p1|Starmie|item
|poke|p2|Abomasnow, F|item
|poke|p2|Forretress, M|item
|poke|p2|Jellicent, M|item
|poke|p2|Kyurem-Black|item
|poke|p2|Gliscor, M|item
|poke|p2|Mandibuzz, F|item
|teampreview
|j| adam3560
|
|t:|1730426911
|start
|switch|p1a: Zapdos|Zapdos|100/100
|switch|p2a: Gliscor|Gliscor, M|100/100
|-ability|p1a: Zapdos|Pressure
|turn|1
|
|t:|1730426928
|switch|p1a: Starmie|Starmie|100/100
|move|p2a: Gliscor|Stealth Rock|p1a: Starmie
|-sidestart|p1: bxh318916|move: Stealth Rock
|
|-status|p2a: Gliscor|tox|[from] item: Toxic Orb
|upkeep
|turn|2
|
|t:|1730426940
|switch|p2a: Jellicent|Jellicent, M|100/100
|move|p1a: Starmie|Scald|p2a: Jellicent
|-immune|p2a: Jellicent|[from] ability: Water Absorb
|
|upkeep
|turn|3
|
|t:|1730426947
|move|p1a: Starmie|Thunder Wave|p2a: Jellicent
|-status|p2a: Jellicent|par
|move|p2a: Jellicent|Will-O-Wisp|p1a: Starmie
|-status|p1a: Starmie|brn
|
|-damage|p1a: Starmie|88/100 brn|[from] brn
|upkeep
|turn|4
|
|t:|1730426957
|move|p1a: Starmie|Rapid Spin|p2a: Jellicent
|-immune|p2a: Jellicent
|move|p2a: Jellicent|Will-O-Wisp|p1a: Starmie
|-fail|p1a: Starmie|brn
|
|-heal|p1a: Starmie|94/100 brn|[from] item: Leftovers
|-damage|p1a: Starmie|82/100 brn|[from] brn
|upkeep
|turn|5
|
|t:|1730426967
|move|p1a: Starmie|Rapid Spin|p2a: Jellicent
|-immune|p2a: Jellicent
|move|p2a: Jellicent|Will-O-Wisp|p1a: Starmie
|-fail|p1a: Starmie|brn
|
|-heal|p1a: Starmie|88/100 brn|[from] item: Leftovers
|-damage|p1a: Starmie|76/100 brn|[from] brn
|upkeep
|turn|6
|
|t:|1730426976
|move|p1a: Starmie|Rapid Spin|p2a: Jellicent
|-immune|p2a: Jellicent
|move|p2a: Jellicent|Shadow Ball|p1a: Starmie
|-supereffective|p1a: Starmie
|-damage|p1a: Starmie|22/100 brn
|-unboost|p1a: Starmie|spd|1
|
|-heal|p1a: Starmie|28/100 brn|[from] item: Leftovers
|-damage|p1a: Starmie|16/100 brn|[from] brn
|upkeep
|turn|7
|
|t:|1730426990
|-curestatus|p1a: Starmie|brn|[from] ability: Natural Cure
|switch|p1a: Tyranitar|Tyranitar, M|100/100
|-damage|p1a: Tyranitar|88/100|[from] Stealth Rock
|-weather|Sandstorm|[from] ability: Sand Stream|[of] p1a: Tyranitar
|move|p2a: Jellicent|Shadow Ball|p1a: Tyranitar
|-resisted|p1a: Tyranitar
|-crit|p1a: Tyranitar
|-damage|p1a: Tyranitar|75/100
|
|-weather|Sandstorm|[upkeep]
|-damage|p2a: Jellicent|94/100 par|[from] Sandstorm
|-heal|p2a: Jellicent|100/100 par|[from] item: Leftovers
|upkeep
|turn|8
|
|t:|1730427005
|switch|p2a: Forretress|Forretress, M|100/100
|move|p1a: Tyranitar|Crunch|p2a: Forretress
|-resisted|p2a: Forretress
|-damage|p2a: Forretress|88/100
|-unboost|p2a: Forretress|def|1
|
|-weather|Sandstorm|[upkeep]
|-heal|p2a: Forretress|94/100|[from] item: Leftovers
|upkeep
|turn|9
|
|t:|1730427014
|switch|p2a: Gliscor|Gliscor, M|100/100 tox
|move|p1a: Tyranitar|Thunder Wave|p2a: Gliscor
|-immune|p2a: Gliscor
|
|-weather|Sandstorm|[upkeep]
|upkeep
|turn|10
|
|t:|1730427025
|move|p2a: Gliscor|Earthquake|p1a: Tyranitar
|-supereffective|p1a: Tyranitar
|-damage|p1a: Tyranitar|22/100
|move|p1a: Tyranitar|Ice Punch|p2a: Gliscor
|-supereffective|p2a: Gliscor
|-damage|p2a: Gliscor|24/100 tox
|
|-weather|Sandstorm|[upkeep]
|-heal|p2a: Gliscor|36/100 tox|[from] ability: Poison Heal
|upkeep
|turn|11
|c|☆SwordIsBored|o
|
|t:|1730427037
|switch|p1a: Zapdos|Zapdos|100/100
|-damage|p1a: Zapdos|76/100|[from] Stealth Rock
|-ability|p1a: Zapdos|Pressure
|move|p2a: Gliscor|Protect||[still]
|-fail|p2a: Gliscor
|
|-weather|Sandstorm|[upkeep]
|-damage|p1a: Zapdos|70/100|[from] Sandstorm
|-heal|p1a: Zapdos|76/100|[from] item: Leftovers
|-heal|p2a: Gliscor|49/100 tox|[from] ability: Poison Heal
|upkeep
|turn|12
|
|t:|1730427053
|move|p2a: Gliscor|Protect|p2a: Gliscor
|-singleturn|p2a: Gliscor|Protect
|move|p1a: Zapdos|Heat Wave|p2a: Gliscor
|-activate|p2a: Gliscor|move: Protect
|
|-weather|Sandstorm|[upkeep]
|-damage|p1a: Zapdos|70/100|[from] Sandstorm
|-heal|p1a: Zapdos|76/100|[from] item: Leftovers
|-heal|p2a: Gliscor|61/100 tox|[from] ability: Poison Heal
|upkeep
|turn|13
|
|t:|1730427068
|switch|p2a: Kyurem|Kyurem-Black|100/100
|-ability|p2a: Kyurem|Teravolt
|move|p1a: Zapdos|Volt Switch|p2a: Kyurem
|-resisted|p2a: Kyurem
|-damage|p2a: Kyurem|87/100
|
|t:|1730427081
|switch|p1a: Keldeo|Keldeo|100/100|[from] Volt Switch
|-damage|p1a: Keldeo|94/100|[from] Stealth Rock
|
|-weather|Sandstorm|[upkeep]
|-damage|p2a: Kyurem|81/100|[from] Sandstorm
|-damage|p1a: Keldeo|88/100|[from] Sandstorm
|-heal|p1a: Keldeo|94/100|[from] item: Leftovers
|upkeep
|turn|14
|
|t:|1730427096
|switch|p2a: Jellicent|Jellicent, M|100/100 par
|switch|p1a: Tyranitar|Tyranitar, M|22/100
|-damage|p1a: Tyranitar|9/100|[from] Stealth Rock
|
|-weather|Sandstorm|[upkeep]
|-damage|p2a: Jellicent|94/100 par|[from] Sandstorm
|-heal|p2a: Jellicent|100/100 par|[from] item: Leftovers
|upkeep
|turn|15
|
|t:|1730427111
|switch|p2a: Forretress|Forretress, M|94/100
|move|p1a: Tyranitar|Crunch|p2a: Forretress
|-resisted|p2a: Forretress
|-damage|p2a: Forretress|82/100
|
|-weather|Sandstorm|[upkeep]
|-heal|p2a: Forretress|88/100|[from] item: Leftovers
|upkeep
|turn|16
|-message|bxh318916 forfeited.
|
|win|SwordIsBored
|raw|bxh318916's rating: 1394 &rarr; <strong>1382</strong><br />(-12 for losing)
|raw|SwordIsBored's rating: 1548 &rarr; <strong>1560</strong><br />(+12 for winning)
|l|☆bxh318916
|player|p1|
|c|☆SwordIsBored|ok
