|j|☆anglemort33
|j|☆nb41st
|t:|1728465338
|gametype|singles
|player|p1|anglemort33|1|1298
|player|p2|nb41st|265|1532
|teamsize|p1|6
|teamsize|p2|6
|gen|5
|tier|[Gen 5] OU
|rated|
|rule|Species Clause: Limit one of each Pokémon
|rule|OHKO Clause: OHKO moves are banned
|rule|Moody Clause: Moody is banned
|rule|Evasion Items Clause: Evasion items are banned
|rule|Evasion Moves Clause: Evasion moves are banned
|rule|Endless Battle Clause: Forcing endless battles is banned
|rule|HP Percentage Mod: HP is shown in percentages
|rule|Evasion Abilities Clause: Evasion abilities are banned
|rule|Sleep Moves Clause: Sleep-inducing moves are banned
|rule|Swagger Clause: Swagger is banned
|rule|Baton Pass Stat Clause: No Baton Passer may have a way to boost its stats
|clearpoke
|poke|p1|Tyranitar, F|item
|poke|p1|Skarmory, F|item
|poke|p1|Jellicent, F|item
|poke|p1|Latios, M|item
|poke|p1|Alakazam, F|item
|poke|p1|Gliscor, F|item
|poke|p2|Tyranitar, M|item
|poke|p2|Latias, F|item
|poke|p2|Rotom-Wash|item
|poke|p2|Alakazam, M|item
|poke|p2|Landorus-Therian, M|item
|poke|p2|Excadrill, M|item
|teampreview
|
|t:|1728465372
|start
|switch|p1a: Jellicent|Jellicent, F|100/100
|switch|p2a: Rotom|Rotom-Wash|100/100
|turn|1
|
|t:|1728465379
|move|p1a: Jellicent|Will-O-Wisp|p2a: Rotom
|-status|p2a: Rotom|brn
|move|p2a: Rotom|Will-O-Wisp|p1a: Jellicent|[miss]
|-miss|p2a: Rotom|p1a: Jellicent
|
|-damage|p2a: Rotom|88/100 brn|[from] brn
|upkeep
|turn|2
|
|t:|1728465391
|move|p1a: Jellicent|Taunt|p2a: Rotom
|-start|p2a: Rotom|move: Taunt
|cant|p2a: Rotom|move: Taunt|Will-O-Wisp
|
|-heal|p2a: Rotom|94/100 brn|[from] item: Leftovers
|-damage|p2a: Rotom|82/100 brn|[from] brn
|upkeep
|turn|3
|
|t:|1728465402
|move|p1a: Jellicent|Night Shade|p2a: Rotom
|-damage|p2a: Rotom|49/100 brn
|move|p2a: Rotom|Hydro Pump|p1a: Jellicent
|-immune|p1a: Jellicent|[from] ability: Water Absorb
|
|-heal|p2a: Rotom|55/100 brn|[from] item: Leftovers
|-damage|p2a: Rotom|43/100 brn|[from] brn
|upkeep
|turn|4
|
|t:|1728465408
|switch|p2a: Tyranitar|Tyranitar, M|100/100
|-weather|Sandstorm|[from] ability: Sand Stream|[of] p2a: Tyranitar
|move|p1a: Jellicent|Night Shade|p2a: Tyranitar
|-damage|p2a: Tyranitar|76/100
|
|-weather|Sandstorm|[upkeep]
|-damage|p1a: Jellicent|94/100|[from] Sandstorm
|-heal|p1a: Jellicent|100/100|[from] item: Leftovers
|upkeep
|turn|5
|
|t:|1728465438
|move|p1a: Jellicent|Will-O-Wisp|p2a: Tyranitar
|-status|p2a: Tyranitar|brn
|move|p2a: Tyranitar|Stealth Rock|p1a: Jellicent
|-sidestart|p1: anglemort33|move: Stealth Rock
|
|-weather|Sandstorm|[upkeep]
|-damage|p1a: Jellicent|94/100|[from] Sandstorm
|-heal|p1a: Jellicent|100/100|[from] item: Leftovers
|-damage|p2a: Tyranitar|63/100 brn|[from] brn
|upkeep
|turn|6
|
|t:|1728465465
|switch|p1a: Gliscor|Gliscor, F|100/100
|-damage|p1a: Gliscor|88/100|[from] Stealth Rock
|move|p2a: Tyranitar|Crunch|p1a: Gliscor
|-damage|p1a: Gliscor|74/100
|-unboost|p1a: Gliscor|def|1
|
|-weather|Sandstorm|[upkeep]
|-damage|p2a: Tyranitar|51/100 brn|[from] brn
|-status|p1a: Gliscor|tox|[from] item: Toxic Orb
|upkeep
|turn|7
|
|t:|1728465479
|switch|p2a: Latias|Latias, F|100/100
|move|p1a: Gliscor|Stealth Rock|p2a: Latias
|-sidestart|p2: nb41st|move: Stealth Rock
|
|-weather|Sandstorm|[upkeep]
|-damage|p2a: Latias|94/100|[from] Sandstorm
|-heal|p1a: Gliscor|87/100 tox|[from] ability: Poison Heal
|upkeep
|turn|8
|
|t:|1728465501
|switch|p1a: Tyranitar|Tyranitar, F|100/100
|-damage|p1a: Tyranitar|88/100|[from] Stealth Rock
|move|p2a: Latias|Thunder Wave|p1a: Tyranitar
|-status|p1a: Tyranitar|par
|
|-weather|Sandstorm|[upkeep]
|-damage|p2a: Latias|88/100|[from] Sandstorm
|upkeep
|turn|9
|
|t:|1728465513
|-activate|p2a: Latias|move: Pursuit
|move|p1a: Tyranitar|Pursuit|p2a: Latias|[from]Pursuit
|-supereffective|p2a: Latias
|-damage|p2a: Latias|2/100
|-damage|p1a: Tyranitar|72/100 par|[from] item: Rocky Helmet|[of] p2a: Latias
|switch|p2a: Excadrill|Excadrill, M|100/100
|-damage|p2a: Excadrill|97/100|[from] Stealth Rock
|
|-weather|Sandstorm|[upkeep]
|-heal|p2a: Excadrill|100/100|[from] item: Leftovers
|upkeep
|turn|10
|
|t:|1728465528
|switch|p1a: Gliscor|Gliscor, F|87/100 tox
|-damage|p1a: Gliscor|74/100 tox|[from] Stealth Rock
|move|p2a: Excadrill|Substitute|p2a: Excadrill
|-start|p2a: Excadrill|Substitute
|-damage|p2a: Excadrill|76/100
|
|-weather|Sandstorm|[upkeep]
|-heal|p2a: Excadrill|82/100|[from] item: Leftovers
|-heal|p1a: Gliscor|87/100 tox|[from] ability: Poison Heal
|upkeep
|turn|11
|
|t:|1728465534
|move|p2a: Excadrill|Iron Head|p1a: Gliscor
|-damage|p1a: Gliscor|46/100 tox
|move|p1a: Gliscor|Earthquake|p2a: Excadrill
|-supereffective|p2a: Excadrill
|-end|p2a: Excadrill|Substitute
|
|-weather|Sandstorm|[upkeep]
|-heal|p2a: Excadrill|88/100|[from] item: Leftovers
|-heal|p1a: Gliscor|58/100 tox|[from] ability: Poison Heal
|upkeep
|turn|12
|
|t:|1728465542
|move|p2a: Excadrill|Iron Head|p1a: Gliscor
|-damage|p1a: Gliscor|18/100 tox
|move|p1a: Gliscor|Earthquake|p2a: Excadrill
|-supereffective|p2a: Excadrill
|-damage|p2a: Excadrill|0 fnt
|faint|p2a: Excadrill
|
|-weather|Sandstorm|[upkeep]
|-heal|p1a: Gliscor|31/100 tox|[from] ability: Poison Heal
|upkeep
|-message|nb41st forfeited.
|
|win|anglemort33
|raw|anglemort33's rating: 1298 &rarr; <strong>1338</strong><br />(+40 for winning)
|raw|nb41st's rating: 1532 &rarr; <strong>1500</strong><br />(-32 for losing)
|l|☆nb41st
|player|p2|
