|j|☆Snorlax In The Sky
|j|☆HALOCENE
|player|p1|Snorlax In The Sky|266|1323
|player|p2|HALOCENE|pokefanf-gen4|1625
|teamsize|p1|6
|teamsize|p2|6
|gametype|singles
|gen|5
|tier|[Gen 5] OU
|rated|
|clearpoke
|poke|p1|Ninetales, F|item
|poke|p1|Darmanitan, F|item
|poke|p1|Forretress, F|item
|poke|p1|Victini|item
|poke|p1|Infernape, M|item
|poke|p1|Latios, M|item
|poke|p2|Tyranitar, F|item
|poke|p2|Landorus-Therian, M|item
|poke|p2|Terrakion|item
|poke|p2|Excadrill, F|item
|poke|p2|Celebi|item
|poke|p2|Rotom-Wash|item
|rule|Species Clause: Limit one of each Pokémon
|rule|OHKO Clause: OHKO moves are banned
|rule|Moody Clause: Moody is banned
|rule|Evasion Moves Clause: Evasion moves are banned
|rule|Endless Battle Clause: Forcing endless battles is banned
|rule|HP Percentage Mod: HP is shown in percentages
|rule|Evasion Abilities Clause: Evasion abilities are banned
|rule|Baton Pass Clause: Limit one Baton Passer, can't pass Spe and other stats simultaneously
|rule|Sleep Clause: Sleep-inducing moves are banned
|rule|Swagger Clause: Swagger is banned
|teampreview
|inactive|Battle timer is ON: inactive players will automatically lose when time's up. (requested by Snorlax In The Sky)
|j| Charlemangoes
|
|start
|switch|p1a: Infernape|Infernape, M|100/100
|switch|p2a: Tyranitar|Tyranitar, F|100/100
|-weather|Sandstorm|[from] ability: Sand Stream|[of] p2a: Tyranitar
|turn|1
|
|switch|p2a: Landorus|Landorus-Therian, M|100/100
|-ability|p2a: Landorus|Intimidate|boost
|-unboost|p1a: Infernape|atk|1
|move|p1a: Infernape|Close Combat|p2a: Landorus
|-resisted|p2a: Landorus
|-damage|p2a: Landorus|80/100
|-unboost|p1a: Infernape|def|1
|-unboost|p1a: Infernape|spd|1
|-damage|p1a: Infernape|84/100|[from] item: Rocky Helmet|[of] p2a: Landorus
|
|-weather|Sandstorm|[upkeep]
|-damage|p1a: Infernape|78/100|[from] Sandstorm
|upkeep
|turn|2
|c| Charlemangoes|WEATHER WARS!
|
|switch|p1a: Forretress|Forretress, F|100/100
|move|p2a: Landorus|Stealth Rock|p1a: Forretress
|-sidestart|p1: Snorlax In The Sky|move: Stealth Rock
|
|-weather|Sandstorm|[upkeep]
|upkeep
|turn|3
|
|move|p2a: Landorus|Earthquake|p1a: Forretress
|-damage|p1a: Forretress|61/100
|move|p1a: Forretress|Rapid Spin|p2a: Landorus
|-damage|p2a: Landorus|76/100
|-damage|p1a: Forretress|44/100|[from] item: Rocky Helmet|[of] p2a: Landorus
|-sideend|p1: Snorlax In The Sky|Stealth Rock|[from] move: Rapid Spin|[of] p1a: Forretress
|
|-weather|Sandstorm|[upkeep]
|-heal|p1a: Forretress|50/100|[from] item: Leftovers
|upkeep
|turn|4
|
|move|p2a: Landorus|Stealth Rock|p1a: Forretress
|-sidestart|p1: Snorlax In The Sky|move: Stealth Rock
|move|p1a: Forretress|Hidden Power|p2a: Landorus
|-supereffective|p2a: Landorus
|-damage|p2a: Landorus|21/100
|
|-weather|Sandstorm|[upkeep]
|-heal|p1a: Forretress|56/100|[from] item: Leftovers
|upkeep
|turn|5
|
|move|p2a: Landorus|Earthquake|p1a: Forretress
|-damage|p1a: Forretress|20/100
|move|p1a: Forretress|Rapid Spin|p2a: Landorus
|-damage|p2a: Landorus|16/100
|-damage|p1a: Forretress|3/100|[from] item: Rocky Helmet|[of] p2a: Landorus
|-sideend|p1: Snorlax In The Sky|Stealth Rock|[from] move: Rapid Spin|[of] p1a: Forretress
|
|-weather|Sandstorm|[upkeep]
|-heal|p1a: Forretress|9/100|[from] item: Leftovers
|upkeep
|turn|6
|
|move|p2a: Landorus|Stealth Rock|p1a: Forretress
|-sidestart|p1: Snorlax In The Sky|move: Stealth Rock
|move|p1a: Forretress|Rapid Spin|p2a: Landorus
|-damage|p2a: Landorus|12/100
|-damage|p1a: Forretress|0 fnt|[from] item: Rocky Helmet|[of] p2a: Landorus
|faint|p1a: Forretress
|
|-weather|Sandstorm|[upkeep]
|upkeep
|
|switch|p1a: Ninetales|Ninetales, F|100/100
|-damage|p1a: Ninetales|76/100|[from] Stealth Rock
|-weather|SunnyDay|[from] ability: Drought|[of] p1a: Ninetales
|turn|7
|
|move|p2a: Landorus|Earthquake|p1a: Ninetales
|-supereffective|p1a: Ninetales
|-damage|p1a: Ninetales|0 fnt
|faint|p1a: Ninetales
|
|-weather|SunnyDay|[upkeep]
|upkeep
|
|switch|p1a: Infernape|Infernape, M|78/100
|-damage|p1a: Infernape|66/100|[from] Stealth Rock
|turn|8
|
|move|p1a: Infernape|Flare Blitz|p2a: Landorus
|-damage|p2a: Landorus|0 fnt
|-damage|p1a: Infernape|49/100|[from] item: Rocky Helmet|[of] p2a: Landorus
|-damage|p1a: Infernape|45/100|[from] Recoil
|faint|p2a: Landorus
|
|-weather|SunnyDay|[upkeep]
|upkeep
|c| Charlemangoes|Another man quits pokemon because of landorus
|
|switch|p2a: Tyranitar|Tyranitar, F|100/100
|-weather|Sandstorm|[from] ability: Sand Stream|[of] p2a: Tyranitar
|turn|9
|
|switch|p1a: Darmanitan|Darmanitan, F|100/100
|-damage|p1a: Darmanitan|76/100|[from] Stealth Rock
|move|p2a: Tyranitar|Crunch|p1a: Darmanitan
|-damage|p1a: Darmanitan|17/100
|-unboost|p1a: Darmanitan|def|1
|
|-weather|Sandstorm|[upkeep]
|-damage|p1a: Darmanitan|11/100|[from] Sandstorm
|upkeep
|turn|10
|
|switch|p2a: Celebi|Celebi|100/100
|move|p1a: Darmanitan|Flare Blitz|p2a: Celebi
|-supereffective|p2a: Celebi
|-damage|p2a: Celebi|0 fnt
|-damage|p1a: Darmanitan|0 fnt|[from] Recoil
|faint|p2a: Celebi
|faint|p1a: Darmanitan
|
|-weather|Sandstorm|[upkeep]
|upkeep
|c| Charlemangoes|ᕙ(ò ͜つó)ᕗ
|
|switch|p1a: Victini|Victini|100/100
|switch|p2a: Excadrill|Excadrill, F|100/100
|-damage|p1a: Victini|76/100|[from] Stealth Rock
|turn|11
|c| Charlemangoes|Big flex
|
|move|p2a: Excadrill|Earthquake|p1a: Victini
|-supereffective|p1a: Victini
|-damage|p1a: Victini|0 fnt
|faint|p1a: Victini
|
|-weather|Sandstorm|[upkeep]
|upkeep
|
|switch|p1a: Infernape|Infernape, M|45/100
|-damage|p1a: Infernape|33/100|[from] Stealth Rock
|turn|12
|
|switch|p2a: Rotom|Rotom-Wash|100/100
|move|p1a: Infernape|Close Combat|p2a: Rotom
|-damage|p2a: Rotom|43/100
|-unboost|p1a: Infernape|def|1
|-unboost|p1a: Infernape|spd|1
|
|-weather|Sandstorm|[upkeep]
|-damage|p1a: Infernape|27/100|[from] Sandstorm
|-damage|p2a: Rotom|37/100|[from] Sandstorm
|-heal|p2a: Rotom|43/100|[from] item: Leftovers
|upkeep
|turn|13
|
|move|p1a: Infernape|Close Combat|p2a: Rotom
|-damage|p2a: Rotom|0 fnt
|-unboost|p1a: Infernape|def|1
|-unboost|p1a: Infernape|spd|1
|faint|p2a: Rotom
|
|-weather|Sandstorm|[upkeep]
|-damage|p1a: Infernape|21/100|[from] Sandstorm
|upkeep
|
|switch|p2a: Terrakion|Terrakion|100/100
|turn|14
|
|move|p2a: Terrakion|Quick Attack|p1a: Infernape
|-damage|p1a: Infernape|0 fnt
|faint|p1a: Infernape
|
|-weather|Sandstorm|[upkeep]
|upkeep
|
|switch|p1a: Latios|Latios, M|100/100
|-damage|p1a: Latios|88/100|[from] Stealth Rock
|turn|15
|
|move|p2a: Terrakion|Quick Attack|p1a: Latios
|-damage|p1a: Latios|62/100
|move|p1a: Latios|Trick|p2a: Terrakion
|-activate|p1a: Latios|move: Trick|[of] p2a: Terrakion
|-item|p2a: Terrakion|Choice Scarf|[from] move: Trick
|-item|p1a: Latios|Choice Band|[from] move: Trick
|
|-weather|Sandstorm|[upkeep]
|-damage|p1a: Latios|56/100|[from] Sandstorm
|upkeep
|turn|16
|
|move|p2a: Terrakion|Quick Attack|p1a: Latios
|-damage|p1a: Latios|35/100
|move|p1a: Latios|Trick|p2a: Terrakion
|-activate|p1a: Latios|move: Trick|[of] p2a: Terrakion
|-item|p2a: Terrakion|Choice Band|[from] move: Trick
|-item|p1a: Latios|Choice Scarf|[from] move: Trick
|
|-weather|Sandstorm|[upkeep]
|-damage|p1a: Latios|29/100|[from] Sandstorm
|upkeep
|turn|17
|
|move|p2a: Terrakion|Quick Attack|p1a: Latios
|-damage|p1a: Latios|0 fnt
|faint|p1a: Latios
|
|win|HALOCENE
|l|☆Snorlax In The Sky
|raw|Snorlax In The Sky's rating: 1323 &rarr; <strong>1317</strong><br />(-6 for losing)
|raw|HALOCENE's rating: 1625 &rarr; <strong>1631</strong><br />(+6 for winning)
|c| Charlemangoes|GG
