|j|☆ghosted by brizz
|j|☆torinoko city
|t:|1702383457
|gametype|singles
|player|p1|ghosted by brizz|acerola-masters|1533
|player|p2|torinoko city|arezu|1420
|teamsize|p1|6
|teamsize|p2|6
|gen|5
|tier|[Gen 5] OU
|rated|
|rule|Species Clause: Limit one of each Pokémon
|rule|OHKO Clause: OHKO moves are banned
|rule|Moody Clause: Moody is banned
|rule|Evasion Items Clause: Evasion items are banned
|rule|Evasion Moves Clause: Evasion moves are banned
|rule|Endless Battle Clause: Forcing endless battles is banned
|rule|HP Percentage Mod: HP is shown in percentages
|rule|Evasion Abilities Clause: Evasion abilities are banned
|rule|Sleep Moves Clause: Sleep-inducing moves are banned
|rule|Swagger Clause: Swagger is banned
|rule|Baton Pass Stat Clause: No Baton Passer may have a way to boost its stats
|clearpoke
|poke|p1|Mew|item
|poke|p1|Garchomp, F|item
|poke|p1|Clefable, F|item
|poke|p1|Abomasnow, F|item
|poke|p1|Forretress, M|item
|poke|p1|Latios, M|item
|poke|p2|Landorus-Therian, M|item
|poke|p2|Tyranitar, F|item
|poke|p2|Keldeo|item
|poke|p2|Ferrothorn, M|item
|poke|p2|Reuniclus, F|item
|poke|p2|Latios, M|item
|teampreview
|inactive|Battle timer is ON: inactive players will automatically lose when time's up. (requested by torinoko city)
|
|t:|1702383470
|start
|switch|p1a: Mew|Mew|100/100
|switch|p2a: Landorus|Landorus-Therian, M|100/100
|-ability|p2a: Landorus|Intimidate|boost
|-unboost|p1a: Mew|atk|1
|turn|1
|
|t:|1702383475
|move|p1a: Mew|Will-O-Wisp|p2a: Landorus|[miss]
|-miss|p1a: Mew|p2a: Landorus
|move|p2a: Landorus|U-turn|p1a: Mew
|-supereffective|p1a: Mew
|-damage|p1a: Mew|68/100
|
|t:|1702383481
|switch|p2a: Reuniclus|Reuniclus, F|100/100|[from] U-turn
|
|-heal|p1a: Mew|74/100|[from] item: Leftovers
|upkeep
|turn|2
|
|t:|1702383485
|move|p1a: Mew|Taunt|p2a: Reuniclus
|-start|p2a: Reuniclus|move: Taunt
|cant|p2a: Reuniclus|move: Taunt|Calm Mind
|
|-heal|p1a: Mew|80/100|[from] item: Leftovers
|upkeep
|turn|3
|
|t:|1702383494
|switch|p2a: Tyranitar|Tyranitar, F|100/100
|-weather|Sandstorm|[from] ability: Sand Stream|[of] p2a: Tyranitar
|move|p1a: Mew|Will-O-Wisp|p2a: Tyranitar
|-status|p2a: Tyranitar|brn
|
|-weather|Sandstorm|[upkeep]
|-damage|p1a: Mew|74/100|[from] Sandstorm
|-heal|p1a: Mew|80/100|[from] item: Leftovers
|-damage|p2a: Tyranitar|88/100 brn|[from] brn
|upkeep
|turn|4
|
|t:|1702383522
|move|p1a: Mew|Taunt|p2a: Tyranitar
|-start|p2a: Tyranitar|move: Taunt
|cant|p2a: Tyranitar|move: Taunt|Thunder Wave
|
|-weather|Sandstorm|[upkeep]
|-damage|p1a: Mew|74/100|[from] Sandstorm
|-heal|p1a: Mew|80/100|[from] item: Leftovers
|-damage|p2a: Tyranitar|76/100 brn|[from] brn
|upkeep
|turn|5
|
|t:|1702383527
|switch|p1a: Abomasnow|Abomasnow, F|100/100
|-weather|Hail|[from] ability: Snow Warning|[of] p1a: Abomasnow
|switch|p2a: Reuniclus|Reuniclus, F|100/100
|
|-weather|Hail|[upkeep]
|upkeep
|turn|6
|
|t:|1702383533
|move|p1a: Abomasnow|Blizzard|p2a: Reuniclus
|-damage|p2a: Reuniclus|54/100
|-status|p2a: Reuniclus|frz
|cant|p2a: Reuniclus|frz
|
|-weather|Hail|[upkeep]
|-heal|p2a: Reuniclus|60/100 frz|[from] item: Leftovers
|upkeep
|turn|7
|
|t:|1702383539
|switch|p1a: Clefable|Clefable, F|100/100
|switch|p2a: Tyranitar|Tyranitar, F|76/100 brn
|-weather|Sandstorm|[from] ability: Sand Stream|[of] p2a: Tyranitar
|
|-weather|Sandstorm|[upkeep]
|-damage|p2a: Tyranitar|63/100 brn|[from] brn
|upkeep
|turn|8
|
|t:|1702383546
|switch|p2a: Landorus|Landorus-Therian, M|100/100
|-ability|p2a: Landorus|Intimidate|boost
|-unboost|p1a: Clefable|atk|1
|move|p1a: Clefable|Seismic Toss|p2a: Landorus
|-damage|p2a: Landorus|74/100
|
|-weather|Sandstorm|[upkeep]
|-heal|p2a: Landorus|80/100|[from] item: Leftovers
|upkeep
|turn|9
|
|t:|1702383549
|move|p2a: Landorus|Stealth Rock|p1a: Clefable
|-sidestart|p1: ghosted by brizz|move: Stealth Rock
|move|p1a: Clefable|Knock Off|p2a: Landorus
|-damage|p2a: Landorus|78/100
|-enditem|p2a: Landorus|Leftovers|[from] move: Knock Off|[of] p1a: Clefable
|
|-weather|Sandstorm|[upkeep]
|upkeep
|turn|10
|
|t:|1702383553
|switch|p1a: Forretress|Forretress, M|100/100
|-damage|p1a: Forretress|88/100|[from] Stealth Rock
|move|p2a: Landorus|U-turn|p1a: Forretress
|-resisted|p1a: Forretress
|-damage|p1a: Forretress|81/100
|
|t:|1702383558
|switch|p2a: Keldeo|Keldeo|100/100|[from] U-turn
|
|-weather|Sandstorm|[upkeep]
|-damage|p2a: Keldeo|94/100|[from] Sandstorm
|-heal|p2a: Keldeo|100/100|[from] item: Leftovers
|-heal|p1a: Forretress|87/100|[from] item: Leftovers
|upkeep
|turn|11
|
|t:|1702383562
|switch|p1a: Latios|Latios, M|100/100
|-damage|p1a: Latios|88/100|[from] Stealth Rock
|move|p2a: Keldeo|Scald|p1a: Latios
|-resisted|p1a: Latios
|-damage|p1a: Latios|68/100
|
|-weather|Sandstorm|[upkeep]
|-damage|p1a: Latios|62/100|[from] Sandstorm
|-damage|p2a: Keldeo|94/100|[from] Sandstorm
|-heal|p2a: Keldeo|100/100|[from] item: Leftovers
|upkeep
|turn|12
|
|t:|1702383567
|switch|p2a: Ferrothorn|Ferrothorn, M|100/100
|move|p1a: Latios|Trick|p2a: Ferrothorn
|-activate|p1a: Latios|move: Trick|[of] p2a: Ferrothorn
|-item|p2a: Ferrothorn|Choice Scarf|[from] move: Trick
|-item|p1a: Latios|Leftovers|[from] move: Trick
|
|-weather|Sandstorm|[upkeep]
|-damage|p1a: Latios|56/100|[from] Sandstorm
|-heal|p1a: Latios|62/100|[from] item: Leftovers
|upkeep
|turn|13
|
|t:|1702383576
|switch|p1a: Forretress|Forretress, M|87/100
|-damage|p1a: Forretress|75/100|[from] Stealth Rock
|switch|p2a: Keldeo|Keldeo|100/100
|
|-weather|Sandstorm|[upkeep]
|-damage|p2a: Keldeo|94/100|[from] Sandstorm
|-heal|p2a: Keldeo|100/100|[from] item: Leftovers
|-heal|p1a: Forretress|81/100|[from] item: Leftovers
|upkeep
|turn|14
|
|t:|1702383587
|switch|p1a: Latios|Latios, M|62/100
|-damage|p1a: Latios|50/100|[from] Stealth Rock
|move|p2a: Keldeo|Scald|p1a: Latios
|-resisted|p1a: Latios
|-damage|p1a: Latios|27/100
|
|-weather|Sandstorm|[upkeep]
|-damage|p1a: Latios|21/100|[from] Sandstorm
|-damage|p2a: Keldeo|94/100|[from] Sandstorm
|-heal|p1a: Latios|27/100|[from] item: Leftovers
|-heal|p2a: Keldeo|100/100|[from] item: Leftovers
|upkeep
|turn|15
|
|t:|1702383591
|switch|p2a: Ferrothorn|Ferrothorn, M|100/100
|move|p1a: Latios|Recover|p1a: Latios
|-heal|p1a: Latios|78/100
|
|-weather|Sandstorm|[upkeep]
|-damage|p1a: Latios|72/100|[from] Sandstorm
|-heal|p1a: Latios|78/100|[from] item: Leftovers
|upkeep
|turn|16
|
|t:|1702383593
|switch|p1a: Forretress|Forretress, M|81/100
|-damage|p1a: Forretress|69/100|[from] Stealth Rock
|move|p2a: Ferrothorn|Gyro Ball|p1a: Forretress
|-resisted|p1a: Forretress
|-damage|p1a: Forretress|65/100
|
|-weather|Sandstorm|[upkeep]
|-heal|p1a: Forretress|72/100|[from] item: Leftovers
|upkeep
|turn|17
|
|t:|1702383603
|switch|p2a: Keldeo|Keldeo|100/100
|move|p1a: Forretress|Stealth Rock|p2a: Keldeo
|-sidestart|p2: torinoko city|move: Stealth Rock
|
|-weather|Sandstorm|[upkeep]
|-damage|p2a: Keldeo|94/100|[from] Sandstorm
|-heal|p2a: Keldeo|100/100|[from] item: Leftovers
|-heal|p1a: Forretress|78/100|[from] item: Leftovers
|upkeep
|turn|18
|
|t:|1702383606
|switch|p1a: Latios|Latios, M|78/100
|-damage|p1a: Latios|65/100|[from] Stealth Rock
|move|p2a: Keldeo|Scald|p1a: Latios
|-resisted|p1a: Latios
|-damage|p1a: Latios|42/100
|
|-weather|Sandstorm|[upkeep]
|-damage|p1a: Latios|36/100|[from] Sandstorm
|-damage|p2a: Keldeo|94/100|[from] Sandstorm
|-heal|p1a: Latios|42/100|[from] item: Leftovers
|-heal|p2a: Keldeo|100/100|[from] item: Leftovers
|upkeep
|turn|19
|
|t:|1702383610
|switch|p2a: Tyranitar|Tyranitar, F|63/100 brn
|-damage|p2a: Tyranitar|51/100 brn|[from] Stealth Rock
|move|p1a: Latios|Recover|p1a: Latios
|-heal|p1a: Latios|93/100
|
|-weather|Sandstorm|[upkeep]
|-damage|p1a: Latios|87/100|[from] Sandstorm
|-heal|p1a: Latios|93/100|[from] item: Leftovers
|-damage|p2a: Tyranitar|38/100 brn|[from] brn
|upkeep
|turn|20
|
|t:|1702383622
|-activate|p1a: Latios|move: Pursuit
|move|p2a: Tyranitar|Pursuit|p1a: Latios|[from]Pursuit
|-supereffective|p1a: Latios
|-damage|p1a: Latios|37/100
|switch|p1a: Forretress|Forretress, M|78/100
|-damage|p1a: Forretress|65/100|[from] Stealth Rock
|
|-weather|Sandstorm|[upkeep]
|-heal|p1a: Forretress|72/100|[from] item: Leftovers
|-damage|p2a: Tyranitar|26/100 brn|[from] brn
|upkeep
|turn|21
|
|t:|1702383626
|move|p2a: Tyranitar|Thunder Wave|p1a: Forretress
|-status|p1a: Forretress|par
|move|p1a: Forretress|Rapid Spin|p2a: Tyranitar
|-resisted|p2a: Tyranitar
|-damage|p2a: Tyranitar|24/100 brn
|-sideend|p1: ghosted by brizz|Stealth Rock|[from] move: Rapid Spin|[of] p1a: Forretress
|
|-weather|Sandstorm|[upkeep]
|-heal|p1a: Forretress|78/100 par|[from] item: Leftovers
|-damage|p2a: Tyranitar|12/100 brn|[from] brn
|upkeep
|turn|22
|
|t:|1702383637
|switch|p1a: Mew|Mew|80/100
|move|p2a: Tyranitar|Thunder Wave||[still]
|-status|p1a: Mew|par
|-activate|p1a: Mew|ability: Synchronize
|-fail|p1a: Mew
|
|-weather|Sandstorm|[upkeep]
|-damage|p1a: Mew|74/100 par|[from] Sandstorm
|-heal|p1a: Mew|80/100 par|[from] item: Leftovers
|-damage|p2a: Tyranitar|0 fnt|[from] brn
|faint|p2a: Tyranitar
|upkeep
|
|t:|1702383651
|switch|p2a: Latios|Latios, M|100/100
|-damage|p2a: Latios|88/100|[from] Stealth Rock
|turn|23
|
|t:|1702383657
|switch|p1a: Abomasnow|Abomasnow, F|100/100
|-weather|Hail|[from] ability: Snow Warning|[of] p1a: Abomasnow
|move|p2a: Latios|Dragon Pulse|p1a: Abomasnow
|-damage|p1a: Abomasnow|26/100
|
|-weather|Hail|[upkeep]
|-damage|p2a: Latios|82/100|[from] Hail
|-heal|p1a: Abomasnow|32/100|[from] item: Leftovers
|upkeep
|turn|24
|
|t:|1702383664
|switch|p2a: Ferrothorn|Ferrothorn, M|100/100
|-damage|p2a: Ferrothorn|94/100|[from] Stealth Rock
|move|p1a: Abomasnow|Protect||[still]
|-fail|p1a: Abomasnow
|
|-weather|Hail|[upkeep]
|-damage|p2a: Ferrothorn|88/100|[from] Hail
|-heal|p1a: Abomasnow|38/100|[from] item: Leftovers
|upkeep
|turn|25
|
|t:|1702383672
|switch|p1a: Forretress|Forretress, M|78/100 par
|move|p2a: Ferrothorn|Leech Seed|p1a: Forretress
|-start|p1a: Forretress|move: Leech Seed
|
|-weather|Hail|[upkeep]
|-damage|p2a: Ferrothorn|82/100|[from] Hail
|-heal|p1a: Forretress|84/100 par|[from] item: Leftovers
|-damage|p1a: Forretress|72/100 par|[from] Leech Seed|[of] p2a: Ferrothorn
|-heal|p2a: Ferrothorn|94/100|[silent]
|upkeep
|turn|26
|
|t:|1702383676
|switch|p2a: Keldeo|Keldeo|100/100
|-damage|p2a: Keldeo|94/100|[from] Stealth Rock
|switch|p1a: Clefable|Clefable, F|100/100
|
|-weather|Hail|[upkeep]
|-damage|p2a: Keldeo|88/100|[from] Hail
|-heal|p2a: Keldeo|94/100|[from] item: Leftovers
|upkeep
|turn|27
|
|t:|1702383682
|switch|p2a: Ferrothorn|Ferrothorn, M|94/100
|-damage|p2a: Ferrothorn|88/100|[from] Stealth Rock
|move|p1a: Clefable|Seismic Toss|p2a: Ferrothorn
|-damage|p2a: Ferrothorn|60/100
|
|-weather|Hail|[upkeep]
|-damage|p2a: Ferrothorn|53/100|[from] Hail
|upkeep
|turn|28
|
|t:|1702383687
|move|p1a: Clefable|Heal Bell|p1a: Clefable
|-activate|p1a: Clefable|move: Heal Bell
|-curestatus|p1: Mew|par|[msg]
|-curestatus|p1: Forretress|par|[msg]
|move|p2a: Ferrothorn|Spikes|p1a: Clefable
|-sidestart|p1: ghosted by brizz|Spikes
|
|-weather|Hail|[upkeep]
|-damage|p2a: Ferrothorn|47/100|[from] Hail
|upkeep
|turn|29
|
|t:|1702383692
|switch|p1a: Latios|Latios, M|37/100
|switch|p2a: Keldeo|Keldeo|94/100
|-damage|p2a: Keldeo|88/100|[from] Stealth Rock
|
|-weather|Hail|[upkeep]
|-damage|p1a: Latios|31/100|[from] Hail
|-damage|p2a: Keldeo|82/100|[from] Hail
|-heal|p1a: Latios|37/100|[from] item: Leftovers
|-heal|p2a: Keldeo|88/100|[from] item: Leftovers
|upkeep
|turn|30
|
|t:|1702383697
|switch|p2a: Ferrothorn|Ferrothorn, M|47/100
|-damage|p2a: Ferrothorn|41/100|[from] Stealth Rock
|move|p1a: Latios|Recover|p1a: Latios
|-heal|p1a: Latios|87/100
|
|-weather|Hail|[upkeep]
|-damage|p1a: Latios|81/100|[from] Hail
|-damage|p2a: Ferrothorn|35/100|[from] Hail
|-heal|p1a: Latios|87/100|[from] item: Leftovers
|upkeep
|turn|31
|
|t:|1702383701
|switch|p1a: Forretress|Forretress, M|72/100
|-damage|p1a: Forretress|59/100|[from] Spikes
|move|p2a: Ferrothorn|Gyro Ball|p1a: Forretress
|-resisted|p1a: Forretress
|-damage|p1a: Forretress|56/100
|
|-weather|Hail|[upkeep]
|-damage|p2a: Ferrothorn|28/100|[from] Hail
|-heal|p1a: Forretress|62/100|[from] item: Leftovers
|upkeep
|turn|32
|
|t:|1702383705
|switch|p2a: Keldeo|Keldeo|88/100
|-damage|p2a: Keldeo|82/100|[from] Stealth Rock
|move|p1a: Forretress|Rapid Spin|p2a: Keldeo
|-damage|p2a: Keldeo|77/100
|-sideend|p1: ghosted by brizz|Spikes|[from] move: Rapid Spin|[of] p1a: Forretress
|
|-weather|Hail|[upkeep]
|-damage|p2a: Keldeo|71/100|[from] Hail
|-heal|p2a: Keldeo|77/100|[from] item: Leftovers
|-heal|p1a: Forretress|68/100|[from] item: Leftovers
|upkeep
|turn|33
|
|t:|1702383707
|switch|p1a: Latios|Latios, M|87/100
|move|p2a: Keldeo|Scald|p1a: Latios
|-resisted|p1a: Latios
|-damage|p1a: Latios|64/100
|
|-weather|Hail|[upkeep]
|-damage|p1a: Latios|58/100|[from] Hail
|-damage|p2a: Keldeo|71/100|[from] Hail
|-heal|p1a: Latios|64/100|[from] item: Leftovers
|-heal|p2a: Keldeo|77/100|[from] item: Leftovers
|upkeep
|turn|34
|
|t:|1702383721
|switch|p2a: Ferrothorn|Ferrothorn, M|28/100
|-damage|p2a: Ferrothorn|22/100|[from] Stealth Rock
|move|p1a: Latios|Recover|p1a: Latios
|-heal|p1a: Latios|100/100
|
|-weather|Hail|[upkeep]
|-damage|p1a: Latios|95/100|[from] Hail
|-damage|p2a: Ferrothorn|16/100|[from] Hail
|-heal|p1a: Latios|100/100|[from] item: Leftovers
|upkeep
|turn|35
|j| weather type
|
|t:|1702383729
|switch|p1a: Forretress|Forretress, M|68/100
|move|p2a: Ferrothorn|Gyro Ball|p1a: Forretress
|-resisted|p1a: Forretress
|-crit|p1a: Forretress
|-damage|p1a: Forretress|62/100
|
|-weather|Hail|[upkeep]
|-damage|p2a: Ferrothorn|10/100|[from] Hail
|-heal|p1a: Forretress|68/100|[from] item: Leftovers
|upkeep
|turn|36
|
|t:|1702383740
|move|p1a: Forretress|Hidden Power|p2a: Ferrothorn
|-supereffective|p2a: Ferrothorn
|-damage|p2a: Ferrothorn|0 fnt
|faint|p2a: Ferrothorn
|
|-weather|Hail|[upkeep]
|-heal|p1a: Forretress|74/100|[from] item: Leftovers
|upkeep
|
|t:|1702383745
|switch|p2a: Keldeo|Keldeo|77/100
|-damage|p2a: Keldeo|71/100|[from] Stealth Rock
|turn|37
|
|t:|1702383748
|switch|p1a: Latios|Latios, M|100/100
|move|p2a: Keldeo|Scald|p1a: Latios
|-resisted|p1a: Latios
|-damage|p1a: Latios|79/100
|
|-weather|Hail|[upkeep]
|-damage|p1a: Latios|73/100|[from] Hail
|-damage|p2a: Keldeo|65/100|[from] Hail
|-heal|p1a: Latios|79/100|[from] item: Leftovers
|-heal|p2a: Keldeo|71/100|[from] item: Leftovers
|upkeep
|turn|38
|
|t:|1702383753
|switch|p2a: Reuniclus|Reuniclus, F|60/100 frz
|move|p1a: Latios|Draco Meteor|p2a: Reuniclus
|-damage|p2a: Reuniclus|0 fnt
|-unboost|p1a: Latios|spa|2
|faint|p2a: Reuniclus
|
|-weather|Hail|[upkeep]
|-damage|p1a: Latios|73/100|[from] Hail
|-heal|p1a: Latios|79/100|[from] item: Leftovers
|upkeep
|
|t:|1702383755
|switch|p2a: Latios|Latios, M|82/100
|-damage|p2a: Latios|70/100|[from] Stealth Rock
|turn|39
|
|t:|1702383759
|switch|p1a: Abomasnow|Abomasnow, F|38/100
|move|p2a: Latios|Dragon Pulse|p1a: Abomasnow
|-damage|p1a: Abomasnow|0 fnt
|faint|p1a: Abomasnow
|
|-weather|Hail|[upkeep]
|-damage|p2a: Latios|64/100|[from] Hail
|upkeep
|
|t:|1702383766
|switch|p1a: Clefable|Clefable, F|100/100
|turn|40
|
|t:|1702383770
|switch|p2a: Landorus|Landorus-Therian, M|78/100
|-damage|p2a: Landorus|65/100|[from] Stealth Rock
|-ability|p2a: Landorus|Intimidate|boost
|-unboost|p1a: Clefable|atk|1
|move|p1a: Clefable|Knock Off|p2a: Landorus
|-crit|p2a: Landorus
|-damage|p2a: Landorus|58/100
|
|-weather|Hail|[upkeep]
|-damage|p2a: Landorus|52/100|[from] Hail
|upkeep
|turn|41
|
|t:|1702383774
|switch|p1a: Forretress|Forretress, M|74/100
|move|p2a: Landorus|U-turn|p1a: Forretress
|-resisted|p1a: Forretress
|-damage|p1a: Forretress|67/100
|
|t:|1702383776
|switch|p2a: Keldeo|Keldeo|71/100|[from] U-turn
|-damage|p2a: Keldeo|65/100|[from] Stealth Rock
|
|-weather|Hail|[upkeep]
|-damage|p2a: Keldeo|59/100|[from] Hail
|-heal|p2a: Keldeo|65/100|[from] item: Leftovers
|-heal|p1a: Forretress|73/100|[from] item: Leftovers
|upkeep
|turn|42
|
|t:|1702383778
|switch|p1a: Latios|Latios, M|79/100
|move|p2a: Keldeo|Scald|p1a: Latios
|-resisted|p1a: Latios
|-damage|p1a: Latios|58/100
|
|-weather|Hail|[upkeep]
|-damage|p1a: Latios|52/100|[from] Hail
|-damage|p2a: Keldeo|59/100|[from] Hail
|-heal|p1a: Latios|58/100|[from] item: Leftovers
|-heal|p2a: Keldeo|65/100|[from] item: Leftovers
|upkeep
|turn|43
|
|t:|1702383780
|switch|p2a: Landorus|Landorus-Therian, M|52/100
|-damage|p2a: Landorus|40/100|[from] Stealth Rock
|-ability|p2a: Landorus|Intimidate|boost
|-unboost|p1a: Latios|atk|1
|move|p1a: Latios|Draco Meteor|p2a: Landorus
|-damage|p2a: Landorus|0 fnt
|-unboost|p1a: Latios|spa|2
|faint|p2a: Landorus
|
|-weather|Hail|[upkeep]
|-damage|p1a: Latios|52/100|[from] Hail
|-heal|p1a: Latios|58/100|[from] item: Leftovers
|upkeep
|
|t:|1702383782
|switch|p2a: Latios|Latios, M|64/100
|-damage|p2a: Latios|52/100|[from] Stealth Rock
|turn|44
|
|t:|1702383790
|switch|p1a: Mew|Mew|80/100
|move|p2a: Latios|Dragon Pulse|p1a: Mew
|-damage|p1a: Mew|21/100
|
|-weather|Hail|[upkeep]
|-damage|p2a: Latios|46/100|[from] Hail
|-damage|p1a: Mew|15/100|[from] Hail
|-heal|p1a: Mew|21/100|[from] item: Leftovers
|upkeep
|turn|45
|
|t:|1702383793
|move|p2a: Latios|Dragon Pulse|p1a: Mew
|-damage|p1a: Mew|0 fnt
|faint|p1a: Mew
|
|-weather|Hail|[upkeep]
|-damage|p2a: Latios|40/100|[from] Hail
|upkeep
|
|t:|1702383796
|switch|p1a: Clefable|Clefable, F|100/100
|turn|46
|
|t:|1702383805
|switch|p2a: Keldeo|Keldeo|65/100
|-damage|p2a: Keldeo|59/100|[from] Stealth Rock
|move|p1a: Clefable|Seismic Toss|p2a: Keldeo
|-damage|p2a: Keldeo|28/100
|
|-weather|Hail|[upkeep]
|-damage|p2a: Keldeo|22/100|[from] Hail
|-heal|p2a: Keldeo|28/100|[from] item: Leftovers
|upkeep
|turn|47
|
|t:|1702383808
|switch|p1a: Garchomp|Garchomp, F|100/100
|move|p2a: Keldeo|Secret Sword|p1a: Garchomp
|-damage|p1a: Garchomp|53/100
|
|-weather|Hail|[upkeep]
|-damage|p2a: Keldeo|22/100|[from] Hail
|-damage|p1a: Garchomp|47/100|[from] Hail
|-heal|p2a: Keldeo|28/100|[from] item: Leftovers
|-heal|p1a: Garchomp|53/100|[from] item: Leftovers
|upkeep
|turn|48
|
|t:|1702383813
|move|p2a: Keldeo|Hidden Power|p1a: Garchomp
|-supereffective|p1a: Garchomp
|-damage|p1a: Garchomp|0 fnt
|faint|p1a: Garchomp
|
|-weather|Hail|[upkeep]
|-damage|p2a: Keldeo|22/100|[from] Hail
|-heal|p2a: Keldeo|28/100|[from] item: Leftovers
|upkeep
|
|t:|1702383815
|switch|p1a: Latios|Latios, M|58/100
|turn|49
|
|t:|1702383822
|move|p1a: Latios|Draco Meteor|p2a: Keldeo
|-damage|p2a: Keldeo|0 fnt
|-unboost|p1a: Latios|spa|2
|faint|p2a: Keldeo
|
|-weather|Hail|[upkeep]
|-damage|p1a: Latios|52/100|[from] Hail
|-heal|p1a: Latios|58/100|[from] item: Leftovers
|upkeep
|
|t:|1702383824
|switch|p2a: Latios|Latios, M|40/100
|-damage|p2a: Latios|27/100|[from] Stealth Rock
|turn|50
|
|t:|1702383828
|move|p2a: Latios|Dragon Pulse|p1a: Latios
|-supereffective|p1a: Latios
|-damage|p1a: Latios|0 fnt
|faint|p1a: Latios
|
|-weather|Hail|[upkeep]
|-damage|p2a: Latios|21/100|[from] Hail
|upkeep
|
|t:|1702383830
|switch|p1a: Clefable|Clefable, F|100/100
|turn|51
|
|t:|1702383831
|move|p2a: Latios|Dragon Pulse|p1a: Clefable
|-damage|p1a: Clefable|53/100
|move|p1a: Clefable|Seismic Toss|p2a: Latios
|-damage|p2a: Latios|0 fnt
|faint|p2a: Latios
|
|win|ghosted by brizz
|raw|ghosted by brizz's rating: 1533 &rarr; <strong>1547</strong><br />(+14 for winning)
|raw|torinoko city's rating: 1420 &rarr; <strong>1406</strong><br />(-14 for losing)
|l|☆ghosted by brizz
