|j|☆LadderGod1
|j|☆torinoko city
|t:|1727234160
|gametype|singles
|player|p1|LadderGod1|101|1355
|player|p2|torinoko city|miku-flying|1529
|teamsize|p1|6
|teamsize|p2|6
|gen|5
|tier|[Gen 5] OU
|rated|
|rule|Species Clause: Limit one of each Pokémon
|rule|OHKO Clause: OHKO moves are banned
|rule|Moody Clause: Moody is banned
|rule|Evasion Items Clause: Evasion items are banned
|rule|Evasion Moves Clause: Evasion moves are banned
|rule|Endless Battle Clause: Forcing endless battles is banned
|rule|HP Percentage Mod: HP is shown in percentages
|rule|Evasion Abilities Clause: Evasion abilities are banned
|rule|Sleep Moves Clause: Sleep-inducing moves are banned
|rule|Swagger Clause: Swagger is banned
|rule|Baton Pass Stat Clause: No Baton Passer may have a way to boost its stats
|clearpoke
|poke|p1|Ferrothorn, F|item
|poke|p1|Politoed, M|item
|poke|p1|Heatran, F|item
|poke|p1|Salamence, F|item
|poke|p1|Gliscor, F|item
|poke|p1|Hydreigon, M|item
|poke|p2|Landorus-Therian, M|item
|poke|p2|Latios, M|item
|poke|p2|Excadrill, M|item
|poke|p2|Alakazam, F|item
|poke|p2|Tyranitar, M|item
|poke|p2|Amoonguss, M|item
|teampreview
|inactive|Battle timer is ON: inactive players will automatically lose when time's up. (requested by torinoko city)
|
|t:|1727234178
|start
|switch|p1a: Heatran|Heatran, F|100/100
|switch|p2a: Amoonguss|Amoonguss, M|100/100
|-item|p1a: Heatran|Air Balloon
|turn|1
|
|t:|1727234186
|move|p1a: Heatran|Magma Storm|p2a: Amoonguss|[miss]
|-miss|p1a: Heatran|p2a: Amoonguss
|move|p2a: Amoonguss|Stun Spore|p1a: Heatran
|-status|p1a: Heatran|par
|
|upkeep
|turn|2
|
|t:|1727234190
|switch|p2a: Tyranitar|Tyranitar, M|100/100
|-weather|Sandstorm|[from] ability: Sand Stream|[of] p2a: Tyranitar
|move|p1a: Heatran|Magma Storm|p2a: Tyranitar
|-resisted|p2a: Tyranitar
|-damage|p2a: Tyranitar|84/100
|-activate|p2a: Tyranitar|move: Magma Storm|[of] p1a: Heatran
|
|-weather|Sandstorm|[upkeep]
|-damage|p2a: Tyranitar|78/100|[from] move: Magma Storm|[partiallytrapped]
|upkeep
|turn|3
|
|t:|1727234204
|move|p2a: Tyranitar|Pursuit|p1a: Heatran
|-resisted|p1a: Heatran
|-damage|p1a: Heatran|91/100 par
|-enditem|p1a: Heatran|Air Balloon
|move|p1a: Heatran|Flash Cannon|p2a: Tyranitar
|-supereffective|p2a: Tyranitar
|-damage|p2a: Tyranitar|33/100
|
|-weather|Sandstorm|[upkeep]
|-damage|p2a: Tyranitar|27/100|[from] move: Magma Storm|[partiallytrapped]
|upkeep
|turn|4
|
|t:|1727234214
|move|p2a: Tyranitar|Rock Slide|p1a: Heatran
|-damage|p1a: Heatran|58/100 par
|cant|p1a: Heatran|flinch
|
|-weather|Sandstorm|[upkeep]
|-damage|p2a: Tyranitar|21/100|[from] move: Magma Storm|[partiallytrapped]
|upkeep
|turn|5
|
|t:|1727234221
|switch|p1a: Hydreigon|Hydreigon, M|100/100
|move|p2a: Tyranitar|Rock Slide|p1a: Hydreigon
|-damage|p1a: Hydreigon|55/100
|
|-weather|Sandstorm|[upkeep]
|-damage|p1a: Hydreigon|49/100|[from] Sandstorm
|upkeep
|turn|6
|
|t:|1727234229
|move|p1a: Hydreigon|Draco Meteor|p2a: Tyranitar
|-damage|p2a: Tyranitar|0 fnt
|-unboost|p1a: Hydreigon|spa|2
|faint|p2a: Tyranitar
|
|-weather|Sandstorm|[upkeep]
|-damage|p1a: Hydreigon|43/100|[from] Sandstorm
|upkeep
|
|t:|1727234235
|switch|p2a: Landorus|Landorus-Therian, M|100/100
|-ability|p2a: Landorus|Intimidate|boost
|-unboost|p1a: Hydreigon|atk|1
|turn|7
|
|t:|1727234242
|switch|p1a: Ferrothorn|Ferrothorn, F|100/100
|move|p2a: Landorus|Stealth Rock|p1a: Ferrothorn
|-sidestart|p1: LadderGod1|move: Stealth Rock
|
|-weather|Sandstorm|[upkeep]
|upkeep
|turn|8
|
|t:|1727234259
|move|p2a: Landorus|U-turn|p1a: Ferrothorn
|-damage|p1a: Ferrothorn|88/100
|-damage|p2a: Landorus|88/100|[from] ability: Iron Barbs|[of] p1a: Ferrothorn
|
|t:|1727234262
|switch|p2a: Alakazam|Alakazam, F|100/100|[from] U-turn
|move|p1a: Ferrothorn|Stealth Rock|p2a: Alakazam
|-sidestart|p2: torinoko city|move: Stealth Rock
|
|-weather|Sandstorm|[upkeep]
|-heal|p1a: Ferrothorn|94/100|[from] item: Leftovers
|upkeep
|turn|9
|
|t:|1727234271
|switch|p1a: Heatran|Heatran, F|58/100 par
|-damage|p1a: Heatran|45/100 par|[from] Stealth Rock
|move|p2a: Alakazam|Hidden Power|p1a: Heatran
|-start|p1a: Heatran|ability: Flash Fire
|
|-weather|Sandstorm|[upkeep]
|upkeep
|turn|10
|
|t:|1727234279
|switch|p2a: Landorus|Landorus-Therian, M|88/100
|-damage|p2a: Landorus|76/100|[from] Stealth Rock
|-ability|p2a: Landorus|Intimidate|boost
|-unboost|p1a: Heatran|atk|1
|move|p1a: Heatran|Magma Storm|p2a: Landorus|[miss]
|-miss|p1a: Heatran|p2a: Landorus
|
|-weather|Sandstorm|[upkeep]
|-heal|p2a: Landorus|82/100|[from] item: Leftovers
|upkeep
|turn|11
|
|t:|1727234290
|-end|p1a: Heatran|ability: Flash Fire|[silent]
|switch|p1a: Hydreigon|Hydreigon, M|43/100
|-damage|p1a: Hydreigon|30/100|[from] Stealth Rock
|move|p2a: Landorus|Earthquake|p1a: Hydreigon
|-immune|p1a: Hydreigon|[from] ability: Levitate
|
|-weather|Sandstorm|[upkeep]
|-damage|p1a: Hydreigon|24/100|[from] Sandstorm
|-heal|p2a: Landorus|88/100|[from] item: Leftovers
|upkeep
|turn|12
|
|t:|1727234295
|switch|p2a: Amoonguss|Amoonguss, M|100/100
|-damage|p2a: Amoonguss|88/100|[from] Stealth Rock
|move|p1a: Hydreigon|Draco Meteor|p2a: Amoonguss
|-damage|p2a: Amoonguss|36/100
|-unboost|p1a: Hydreigon|spa|2
|
|-weather|Sandstorm|[upkeep]
|-damage|p1a: Hydreigon|18/100|[from] Sandstorm
|-damage|p2a: Amoonguss|30/100|[from] Sandstorm
|-heal|p2a: Amoonguss|36/100|[from] item: Black Sludge
|upkeep
|turn|13
|
|t:|1727234303
|switch|p1a: Heatran|Heatran, F|45/100 par
|-damage|p1a: Heatran|33/100 par|[from] Stealth Rock
|switch|p2a: Excadrill|Excadrill, M|100/100
|-damage|p2a: Excadrill|97/100|[from] Stealth Rock
|-ability|p2a: Excadrill|Mold Breaker
|
|-weather|Sandstorm|[upkeep]
|upkeep
|turn|14
|
|t:|1727234308
|switch|p1a: Ferrothorn|Ferrothorn, F|94/100
|-damage|p1a: Ferrothorn|88/100|[from] Stealth Rock
|move|p2a: Excadrill|Rapid Spin|p1a: Ferrothorn
|-resisted|p1a: Ferrothorn
|-damage|p1a: Ferrothorn|86/100
|-damage|p2a: Excadrill|85/100|[from] ability: Iron Barbs|[of] p1a: Ferrothorn
|-sideend|p2: torinoko city|Stealth Rock|[from] move: Rapid Spin|[of] p2a: Excadrill
|
|-weather|Sandstorm|[upkeep]
|-heal|p1a: Ferrothorn|92/100|[from] item: Leftovers
|upkeep
|turn|15
|
|t:|1727234319
|switch|p2a: Landorus|Landorus-Therian, M|88/100
|-ability|p2a: Landorus|Intimidate|boost
|-unboost|p1a: Ferrothorn|atk|1
|move|p1a: Ferrothorn|Gyro Ball|p2a: Landorus
|-damage|p2a: Landorus|60/100
|
|-weather|Sandstorm|[upkeep]
|-heal|p2a: Landorus|66/100|[from] item: Leftovers
|-heal|p1a: Ferrothorn|98/100|[from] item: Leftovers
|upkeep
|turn|16
|
|t:|1727234322
|move|p2a: Landorus|Earthquake|p1a: Ferrothorn
|-damage|p1a: Ferrothorn|71/100
|move|p1a: Ferrothorn|Stealth Rock|p2a: Landorus
|-sidestart|p2: torinoko city|move: Stealth Rock
|
|-weather|Sandstorm|[upkeep]
|-heal|p2a: Landorus|72/100|[from] item: Leftovers
|-heal|p1a: Ferrothorn|77/100|[from] item: Leftovers
|upkeep
|turn|17
|
|t:|1727234332
|move|p2a: Landorus|Earthquake|p1a: Ferrothorn
|-damage|p1a: Ferrothorn|47/100
|move|p1a: Ferrothorn|Gyro Ball|p2a: Landorus
|-damage|p2a: Landorus|46/100
|
|-weather|Sandstorm|[upkeep]
|-heal|p2a: Landorus|52/100|[from] item: Leftovers
|-heal|p1a: Ferrothorn|53/100|[from] item: Leftovers
|upkeep
|turn|18
|
|t:|1727234335
|move|p2a: Landorus|Earthquake|p1a: Ferrothorn
|-damage|p1a: Ferrothorn|28/100
|move|p1a: Ferrothorn|Leech Seed|p2a: Landorus
|-start|p2a: Landorus|move: Leech Seed
|
|-weather|Sandstorm|[upkeep]
|-heal|p2a: Landorus|58/100|[from] item: Leftovers
|-heal|p1a: Ferrothorn|34/100|[from] item: Leftovers
|-damage|p2a: Landorus|45/100|[from] Leech Seed|[of] p1a: Ferrothorn
|-heal|p1a: Ferrothorn|47/100|[silent]
|upkeep
|turn|19
|
|t:|1727234346
|move|p2a: Landorus|U-turn|p1a: Ferrothorn
|-damage|p1a: Ferrothorn|34/100
|-damage|p2a: Landorus|33/100|[from] ability: Iron Barbs|[of] p1a: Ferrothorn
|
|t:|1727234348
|switch|p2a: Alakazam|Alakazam, F|100/100|[from] U-turn
|move|p1a: Ferrothorn|Gyro Ball|p2a: Alakazam
|-crit|p2a: Alakazam
|-damage|p2a: Alakazam|0 fnt
|faint|p2a: Alakazam
|
|-weather|Sandstorm|[upkeep]
|-heal|p1a: Ferrothorn|40/100|[from] item: Leftovers
|upkeep
|-message|torinoko city forfeited.
|
|win|LadderGod1
|raw|LadderGod1's rating: 1355 &rarr; <strong>1384</strong><br />(+29 for winning)
|raw|torinoko city's rating: 1529 &rarr; <strong>1500</strong><br />(-29 for losing)
|l|☆torinoko city
|player|p2|
