|j|☆senpai noticer
|j|‽Fabianosizour
|player|p1|senpai noticer|bugsy|1551
|player|p2|Fabianosizour|red|1385
|teamsize|p1|6
|teamsize|p2|6
|gametype|singles
|gen|5
|tier|[Gen 5] OU
|rated|
|clearpoke
|poke|p1|Tyranitar, F|item
|poke|p1|Excadrill, M|item
|poke|p1|Garchomp, M|item
|poke|p1|Rotom-Wash|item
|poke|p1|Skarmory, F|item
|poke|p1|Amoonguss, F|item
|poke|p2|Kyurem-Black|item
|poke|p2|Bronzong|item
|poke|p2|Hydreigon, M|item
|poke|p2|Starmie|item
|poke|p2|Chansey, F|item
|poke|p2|Hippowdon, M|item
|rule|Species Clause: Limit one of each Pokémon
|rule|OHKO Clause: OHKO moves are banned
|rule|Moody Clause: Moody is banned
|rule|Evasion Moves Clause: Evasion moves are banned
|rule|Endless Battle Clause: Forcing endless battles is banned
|rule|HP Percentage Mod: HP is shown in percentages
|rule|Evasion Abilities Clause: Evasion abilities are banned
|rule|Baton Pass Clause: Limit one Baton Passer, can't pass Spe and other stats simultaneously
|rule|Sleep Clause: Sleep-inducing moves are banned
|rule|Swagger Clause: Swagger is banned
|teampreview
|
|start
|switch|p1a: Rotom|Rotom-Wash|100/100
|switch|p2a: Hippowdon|Hippowdon, M, shiny|100/100
|-weather|Sandstorm|[from] ability: Sand Stream|[of] p2a: Hippowdon
|turn|1
|
|switch|p2a: Chansey|Chansey, F|100/100
|move|p1a: Rotom|Will-O-Wisp|p2a: Chansey
|-status|p2a: Chansey|brn
|
|-weather|Sandstorm|[upkeep]
|-damage|p1a: Rotom|94/100|[from] Sandstorm
|-damage|p2a: Chansey|94/100 brn|[from] Sandstorm
|-heal|p1a: Rotom|100/100|[from] item: Leftovers
|-damage|p2a: Chansey|82/100 brn|[from] brn
|upkeep
|turn|2
|
|move|p1a: Rotom|Volt Switch|p2a: Chansey
|-damage|p2a: Chansey|76/100 brn
|
|switch|p1a: Amoonguss|Amoonguss, F|100/100|[from]move: Volt Switch
|move|p2a: Chansey|Seismic Toss|p1a: Amoonguss
|-damage|p1a: Amoonguss|77/100
|
|-weather|Sandstorm|[upkeep]
|-damage|p2a: Chansey|70/100 brn|[from] Sandstorm
|-damage|p1a: Amoonguss|71/100|[from] Sandstorm
|-heal|p1a: Amoonguss|77/100|[from] item: Black Sludge
|-damage|p2a: Chansey|58/100 brn|[from] brn
|upkeep
|turn|3
|
|move|p2a: Chansey|Soft-Boiled|p2a: Chansey
|-heal|p2a: Chansey|100/100 brn
|move|p1a: Amoonguss|Worry Seed|p2a: Chansey
|-endability|p2a: Chansey|Natural Cure|[from] move: Worry Seed
|-ability|p2a: Chansey|Insomnia|[from] move: Worry Seed
|
|-weather|Sandstorm|[upkeep]
|-damage|p2a: Chansey|94/100 brn|[from] Sandstorm
|-damage|p1a: Amoonguss|71/100|[from] Sandstorm
|-heal|p1a: Amoonguss|77/100|[from] item: Black Sludge
|-damage|p2a: Chansey|82/100 brn|[from] brn
|upkeep
|turn|4
|
|move|p2a: Chansey|Thunder Wave|p1a: Amoonguss
|-status|p1a: Amoonguss|par
|move|p1a: Amoonguss|Stun Spore||[still]
|-fail|p1a: Amoonguss
|
|-weather|Sandstorm|[upkeep]
|-damage|p2a: Chansey|76/100 brn|[from] Sandstorm
|-damage|p1a: Amoonguss|71/100 par|[from] Sandstorm
|-heal|p1a: Amoonguss|77/100 par|[from] item: Black Sludge
|-damage|p2a: Chansey|64/100 brn|[from] brn
|upkeep
|turn|5
|
|switch|p1a: Tyranitar|Tyranitar, F|100/100
|move|p2a: Chansey|Soft-Boiled|p2a: Chansey
|-heal|p2a: Chansey|100/100 brn
|
|-weather|Sandstorm|[upkeep]
|-damage|p2a: Chansey|94/100 brn|[from] Sandstorm
|-damage|p2a: Chansey|82/100 brn|[from] brn
|upkeep
|turn|6
|
|switch|p2a: Hippowdon|Hippowdon, M, shiny|100/100
|move|p1a: Tyranitar|Taunt|p2a: Hippowdon
|-start|p2a: Hippowdon|move: Taunt
|
|-weather|Sandstorm|[upkeep]
|upkeep
|turn|7
|inactive|Battle timer is ON: inactive players will automatically lose when time's up. (requested by Fabianosizour)
|
|switch|p1a: Rotom|Rotom-Wash|100/100
|move|p2a: Hippowdon|Earthquake|p1a: Rotom
|-immune|p1a: Rotom|[from] ability: Levitate
|
|-weather|Sandstorm|[upkeep]
|-damage|p1a: Rotom|94/100|[from] Sandstorm
|-heal|p1a: Rotom|100/100|[from] item: Leftovers
|upkeep
|turn|8
|
|switch|p2a: Hydreigon|Hydreigon, M|100/100
|move|p1a: Rotom|Volt Switch|p2a: Hydreigon
|-resisted|p2a: Hydreigon
|-damage|p2a: Hydreigon|88/100
|
|switch|p1a: Garchomp|Garchomp, M|100/100|[from]move: Volt Switch
|
|-weather|Sandstorm|[upkeep]
|-damage|p2a: Hydreigon|82/100|[from] Sandstorm
|-heal|p2a: Hydreigon|88/100|[from] item: Leftovers
|upkeep
|turn|9
|
|switch|p2a: Hippowdon|Hippowdon, M, shiny|100/100
|move|p1a: Garchomp|Draco Meteor|p2a: Hippowdon|[miss]
|-miss|p1a: Garchomp|p2a: Hippowdon
|
|-weather|Sandstorm|[upkeep]
|upkeep
|turn|10
|
|move|p1a: Garchomp|Stealth Rock|p2a: Hippowdon
|-sidestart|p2: Fabianosizour|move: Stealth Rock
|move|p2a: Hippowdon|Stealth Rock|p1a: Garchomp
|-sidestart|p1: senpai noticer|move: Stealth Rock
|
|-weather|Sandstorm|[upkeep]
|upkeep
|turn|11
|
|switch|p1a: Skarmory|Skarmory, F|100/100
|-damage|p1a: Skarmory|88/100|[from] Stealth Rock
|switch|p2a: Chansey|Chansey, F|82/100 brn
|-damage|p2a: Chansey|70/100 brn|[from] Stealth Rock
|
|-weather|Sandstorm|[upkeep]
|-damage|p2a: Chansey|64/100 brn|[from] Sandstorm
|-damage|p2a: Chansey|51/100 brn|[from] brn
|upkeep
|turn|12
|inactive|senpai noticer has 120 seconds left.
|
|switch|p1a: Tyranitar|Tyranitar, F|100/100
|-damage|p1a: Tyranitar|88/100|[from] Stealth Rock
|move|p2a: Chansey|Soft-Boiled|p2a: Chansey
|-heal|p2a: Chansey|100/100 brn
|
|-weather|Sandstorm|[upkeep]
|-damage|p2a: Chansey|94/100 brn|[from] Sandstorm
|-damage|p2a: Chansey|82/100 brn|[from] brn
|upkeep
|turn|13
|
|-activate|p2a: Chansey|move: Pursuit
|move|p1a: Tyranitar|Pursuit|p2a: Chansey|[from]Pursuit
|-damage|p2a: Chansey|21/100 brn
|switch|p2a: Hippowdon|Hippowdon, M, shiny|100/100
|-damage|p2a: Hippowdon|94/100|[from] Stealth Rock
|
|-weather|Sandstorm|[upkeep]
|upkeep
|turn|14
|inactive|senpai noticer has 120 seconds left.
|
|switch|p1a: Rotom|Rotom-Wash|100/100
|-damage|p1a: Rotom|88/100|[from] Stealth Rock
|switch|p2a: Hydreigon|Hydreigon, M|88/100
|-damage|p2a: Hydreigon|76/100|[from] Stealth Rock
|
|-weather|Sandstorm|[upkeep]
|-damage|p2a: Hydreigon|69/100|[from] Sandstorm
|-damage|p1a: Rotom|82/100|[from] Sandstorm
|-heal|p2a: Hydreigon|76/100|[from] item: Leftovers
|-heal|p1a: Rotom|88/100|[from] item: Leftovers
|upkeep
|turn|15
|
|move|p2a: Hydreigon|Dark Pulse|p1a: Rotom
|-crit|p1a: Rotom
|-damage|p1a: Rotom|31/100
|move|p1a: Rotom|Pain Split|p2a: Hydreigon
|-sethp|p2a: Hydreigon|51/100|[from] move: Pain Split|[silent]
|-sethp|p1a: Rotom|60/100|[from] move: Pain Split
|
|-weather|Sandstorm|[upkeep]
|-damage|p2a: Hydreigon|45/100|[from] Sandstorm
|-damage|p1a: Rotom|54/100|[from] Sandstorm
|-heal|p2a: Hydreigon|51/100|[from] item: Leftovers
|-heal|p1a: Rotom|60/100|[from] item: Leftovers
|upkeep
|turn|16
|
|move|p2a: Hydreigon|Roost|p2a: Hydreigon
|-heal|p2a: Hydreigon|100/100
|-singleturn|p2a: Hydreigon|move: Roost
|move|p1a: Rotom|Will-O-Wisp|p2a: Hydreigon|[miss]
|-miss|p1a: Rotom|p2a: Hydreigon
|
|-weather|Sandstorm|[upkeep]
|-damage|p2a: Hydreigon|94/100|[from] Sandstorm
|-damage|p1a: Rotom|54/100|[from] Sandstorm
|-heal|p2a: Hydreigon|100/100|[from] item: Leftovers
|-heal|p1a: Rotom|60/100|[from] item: Leftovers
|upkeep
|turn|17
|
|move|p2a: Hydreigon|Taunt|p1a: Rotom
|-start|p1a: Rotom|move: Taunt
|cant|p1a: Rotom|move: Taunt|Pain Split
|
|-weather|Sandstorm|[upkeep]
|-damage|p2a: Hydreigon|94/100|[from] Sandstorm
|-damage|p1a: Rotom|54/100|[from] Sandstorm
|-heal|p2a: Hydreigon|100/100|[from] item: Leftovers
|-heal|p1a: Rotom|60/100|[from] item: Leftovers
|upkeep
|turn|18
|inactive|senpai noticer has 120 seconds left.
|
|switch|p1a: Tyranitar|Tyranitar, F|88/100
|-damage|p1a: Tyranitar|76/100|[from] Stealth Rock
|move|p2a: Hydreigon|Dark Pulse|p1a: Tyranitar
|-resisted|p1a: Tyranitar
|-damage|p1a: Tyranitar|66/100
|
|-weather|Sandstorm|[upkeep]
|-damage|p2a: Hydreigon|94/100|[from] Sandstorm
|-heal|p2a: Hydreigon|100/100|[from] item: Leftovers
|upkeep
|turn|19
|
|switch|p2a: Hippowdon|Hippowdon, M, shiny|94/100
|-damage|p2a: Hippowdon|88/100|[from] Stealth Rock
|move|p1a: Tyranitar|Superpower|p2a: Hippowdon
|-damage|p2a: Hippowdon|67/100
|-unboost|p1a: Tyranitar|atk|1
|-unboost|p1a: Tyranitar|def|1
|-damage|p1a: Tyranitar|50/100|[from] item: Rocky Helmet|[of] p2a: Hippowdon
|
|-weather|Sandstorm|[upkeep]
|upkeep
|turn|20
|
|switch|p1a: Rotom|Rotom-Wash|60/100
|-damage|p1a: Rotom|48/100|[from] Stealth Rock
|switch|p2a: Hydreigon|Hydreigon, M|100/100
|-damage|p2a: Hydreigon|88/100|[from] Stealth Rock
|
|-weather|Sandstorm|[upkeep]
|-damage|p2a: Hydreigon|82/100|[from] Sandstorm
|-damage|p1a: Rotom|41/100|[from] Sandstorm
|-heal|p2a: Hydreigon|88/100|[from] item: Leftovers
|-heal|p1a: Rotom|48/100|[from] item: Leftovers
|upkeep
|turn|21
|
|move|p2a: Hydreigon|Taunt|p1a: Rotom
|-start|p1a: Rotom|move: Taunt
|cant|p1a: Rotom|move: Taunt|Will-O-Wisp
|
|-weather|Sandstorm|[upkeep]
|-damage|p2a: Hydreigon|82/100|[from] Sandstorm
|-damage|p1a: Rotom|41/100|[from] Sandstorm
|-heal|p2a: Hydreigon|88/100|[from] item: Leftovers
|-heal|p1a: Rotom|48/100|[from] item: Leftovers
|upkeep
|turn|22
|
|move|p2a: Hydreigon|Dark Pulse|p1a: Rotom
|-damage|p1a: Rotom|21/100
|move|p1a: Rotom|Volt Switch|p2a: Hydreigon
|-resisted|p2a: Hydreigon
|-damage|p2a: Hydreigon|76/100
|
|switch|p1a: Garchomp|Garchomp, M|100/100|[from]move: Volt Switch
|-damage|p1a: Garchomp|94/100|[from] Stealth Rock
|
|-weather|Sandstorm|[upkeep]
|-damage|p2a: Hydreigon|70/100|[from] Sandstorm
|-heal|p2a: Hydreigon|76/100|[from] item: Leftovers
|upkeep
|turn|23
|
|switch|p2a: Bronzong|Bronzong|100/100
|-damage|p2a: Bronzong|94/100|[from] Stealth Rock
|move|p1a: Garchomp|Fire Blast|p2a: Bronzong
|-supereffective|p2a: Bronzong
|-damage|p2a: Bronzong|21/100
|-damage|p1a: Garchomp|85/100|[from] item: Life Orb
|
|-weather|Sandstorm|[upkeep]
|upkeep
|turn|24
|
|switch|p2a: Starmie|Starmie|100/100
|-damage|p2a: Starmie|88/100|[from] Stealth Rock
|move|p1a: Garchomp|Fire Blast|p2a: Starmie
|-resisted|p2a: Starmie
|-crit|p2a: Starmie
|-damage|p2a: Starmie|44/100
|-damage|p1a: Garchomp|75/100|[from] item: Life Orb
|
|-weather|Sandstorm|[upkeep]
|-damage|p2a: Starmie|38/100|[from] Sandstorm
|-heal|p2a: Starmie|44/100|[from] item: Leftovers
|upkeep
|turn|25
|
|move|p2a: Starmie|Hydro Pump|p1a: Garchomp
|-damage|p1a: Garchomp|29/100
|move|p1a: Garchomp|Earthquake|p2a: Starmie
|-damage|p2a: Starmie|0 fnt
|-damage|p1a: Garchomp|19/100|[from] item: Life Orb
|faint|p2a: Starmie
|
|-weather|Sandstorm|[upkeep]
|upkeep
|
|switch|p2a: Kyurem|Kyurem-Black, shiny|100/100
|-damage|p2a: Kyurem|76/100|[from] Stealth Rock
|-ability|p2a: Kyurem|Teravolt
|turn|26
|
|switch|p1a: Skarmory|Skarmory, F|88/100
|-damage|p1a: Skarmory|76/100|[from] Stealth Rock
|move|p2a: Kyurem|Ice Beam|p1a: Skarmory
|-damage|p1a: Skarmory|35/100
|
|-weather|Sandstorm|[upkeep]
|-damage|p2a: Kyurem|70/100|[from] Sandstorm
|upkeep
|turn|27
|inactive|senpai noticer has 120 seconds left.
|
|move|p2a: Kyurem|Ice Beam|p1a: Skarmory
|-damage|p1a: Skarmory|0 fnt
|faint|p1a: Skarmory
|
|-weather|Sandstorm|[upkeep]
|-damage|p2a: Kyurem|63/100|[from] Sandstorm
|upkeep
|
|switch|p1a: Excadrill|Excadrill, M|100/100
|-damage|p1a: Excadrill|97/100|[from] Stealth Rock
|turn|28
|
|switch|p2a: Chansey|Chansey, F|21/100
|-damage|p2a: Chansey|8/100|[from] Stealth Rock
|move|p1a: Excadrill|Iron Head|p2a: Chansey
|-damage|p2a: Chansey|0 fnt
|faint|p2a: Chansey
|
|-weather|Sandstorm|[upkeep]
|upkeep
|
|switch|p2a: Hippowdon|Hippowdon, M, shiny|67/100
|-damage|p2a: Hippowdon|61/100|[from] Stealth Rock
|turn|29
|
|switch|p1a: Rotom|Rotom-Wash|21/100
|-damage|p1a: Rotom|8/100|[from] Stealth Rock
|move|p2a: Hippowdon|Slack Off|p2a: Hippowdon
|-heal|p2a: Hippowdon|100/100
|
|-weather|Sandstorm|[upkeep]
|-damage|p1a: Rotom|2/100|[from] Sandstorm
|-heal|p1a: Rotom|8/100|[from] item: Leftovers
|upkeep
|turn|30
|
|switch|p2a: Bronzong|Bronzong|21/100
|-damage|p2a: Bronzong|15/100|[from] Stealth Rock
|move|p1a: Rotom|Volt Switch|p2a: Bronzong
|-damage|p2a: Bronzong|0 fnt
|faint|p2a: Bronzong
|inactive|senpai noticer has 120 seconds left.
|
|switch|p1a: Amoonguss|Amoonguss, F|100/100 par|[from]move: Volt Switch
|-damage|p1a: Amoonguss|88/100 par|[from] Stealth Rock
|
|-weather|Sandstorm|[upkeep]
|-damage|p1a: Amoonguss|82/100 par|[from] Sandstorm
|-heal|p1a: Amoonguss|88/100 par|[from] item: Black Sludge
|upkeep
|
|switch|p2a: Hydreigon|Hydreigon, M|76/100
|-damage|p2a: Hydreigon|64/100|[from] Stealth Rock
|turn|31
|
|switch|p1a: Rotom|Rotom-Wash|8/100
|-damage|p1a: Rotom|0 fnt|[from] Stealth Rock
|faint|p1a: Rotom
|move|p2a: Hydreigon|Flamethrower|p1: Rotom|[notarget]
|-fail|p2a: Hydreigon
|
|-weather|Sandstorm|[upkeep]
|-damage|p2a: Hydreigon|58/100|[from] Sandstorm
|-heal|p2a: Hydreigon|64/100|[from] item: Leftovers
|upkeep
|
|switch|p1a: Excadrill|Excadrill, M|97/100
|-damage|p1a: Excadrill|94/100|[from] Stealth Rock
|turn|32
|
|switch|p2a: Hippowdon|Hippowdon, M, shiny|100/100
|-damage|p2a: Hippowdon|94/100|[from] Stealth Rock
|move|p1a: Excadrill|Iron Head|p2a: Hippowdon
|-damage|p2a: Hippowdon|61/100
|-damage|p1a: Excadrill|78/100|[from] item: Rocky Helmet|[of] p2a: Hippowdon
|
|-weather|Sandstorm|[upkeep]
|upkeep
|turn|33
|
|switch|p1a: Amoonguss|Amoonguss, F|100/100 par
|-damage|p1a: Amoonguss|88/100 par|[from] Stealth Rock
|move|p2a: Hippowdon|Slack Off|p2a: Hippowdon
|-heal|p2a: Hippowdon|100/100
|
|-weather|Sandstorm|[upkeep]
|-damage|p1a: Amoonguss|82/100 par|[from] Sandstorm
|-heal|p1a: Amoonguss|88/100 par|[from] item: Black Sludge
|upkeep
|turn|34
|
|switch|p2a: Kyurem|Kyurem-Black, shiny|63/100
|-damage|p2a: Kyurem|39/100|[from] Stealth Rock
|-ability|p2a: Kyurem|Teravolt
|move|p1a: Amoonguss|Stun Spore|p2a: Kyurem
|-status|p2a: Kyurem|par
|
|-weather|Sandstorm|[upkeep]
|-damage|p2a: Kyurem|32/100 par|[from] Sandstorm
|-damage|p1a: Amoonguss|82/100 par|[from] Sandstorm
|-heal|p1a: Amoonguss|88/100 par|[from] item: Black Sludge
|upkeep
|turn|35
|
|switch|p1a: Tyranitar|Tyranitar, F|50/100
|-damage|p1a: Tyranitar|37/100|[from] Stealth Rock
|cant|p2a: Kyurem|par
|
|-weather|Sandstorm|[upkeep]
|-damage|p2a: Kyurem|26/100 par|[from] Sandstorm
|upkeep
|turn|36
|
|-activate|p2a: Kyurem|move: Pursuit
|move|p1a: Tyranitar|Pursuit|p2a: Kyurem|[from]Pursuit
|-damage|p2a: Kyurem|0 fnt
|-hint|A Pokemon can't switch between when it runs out of HP and when it faints
|faint|p2a: Kyurem
|
|-weather|Sandstorm|[upkeep]
|upkeep
|
|switch|p2a: Hippowdon|Hippowdon, M, shiny|100/100
|-damage|p2a: Hippowdon|94/100|[from] Stealth Rock
|turn|37
|
|move|p1a: Tyranitar|Taunt|p2a: Hippowdon
|-start|p2a: Hippowdon|move: Taunt
|move|p2a: Hippowdon|Earthquake|p1a: Tyranitar
|-supereffective|p1a: Tyranitar
|-damage|p1a: Tyranitar|0 fnt
|faint|p1a: Tyranitar
|
|-weather|Sandstorm|[upkeep]
|upkeep
|
|switch|p1a: Garchomp|Garchomp, M|19/100
|-damage|p1a: Garchomp|13/100|[from] Stealth Rock
|turn|38
|
|move|p1a: Garchomp|Draco Meteor|p2a: Hippowdon
|-damage|p2a: Hippowdon|25/100
|-unboost|p1a: Garchomp|spa|2
|-damage|p1a: Garchomp|3/100|[from] item: Life Orb
|move|p2a: Hippowdon|Earthquake|p1a: Garchomp
|-damage|p1a: Garchomp|0 fnt
|faint|p1a: Garchomp
|
|-weather|Sandstorm|[upkeep]
|upkeep
|
|switch|p1a: Excadrill|Excadrill, M|78/100
|-damage|p1a: Excadrill|75/100|[from] Stealth Rock
|turn|39
|-message|Fabianosizour forfeited.
|
|win|senpai noticer
|l|‽Fabianosizour
|raw|senpai noticer's rating: 1551 &rarr; <strong>1562</strong><br />(+11 for winning)
|raw|Fabianosizour's rating: 1385 &rarr; <strong>1374</strong><br />(-11 for losing)
