|j|☆seanb143
|j|☆LLord LLemon
|t:|1726340475
|gametype|singles
|player|p1|seanb143|emmet|1423
|player|p2|LLord LLemon|2|1409
|teamsize|p1|6
|teamsize|p2|6
|gen|5
|tier|[Gen 5] OU
|rated|
|rule|Species Clause: Limit one of each Pokémon
|rule|OHKO Clause: OHKO moves are banned
|rule|Moody Clause: Moody is banned
|rule|Evasion Items Clause: Evasion items are banned
|rule|Evasion Moves Clause: Evasion moves are banned
|rule|Endless Battle Clause: Forcing endless battles is banned
|rule|HP Percentage Mod: HP is shown in percentages
|rule|Evasion Abilities Clause: Evasion abilities are banned
|rule|Sleep Moves Clause: Sleep-inducing moves are banned
|rule|Swagger Clause: Swagger is banned
|rule|Baton Pass Stat Clause: No Baton Passer may have a way to boost its stats
|clearpoke
|poke|p1|Heatran, F|item
|poke|p1|Breloom, M|item
|poke|p1|Jellicent, F|item
|poke|p1|Forretress, F|item
|poke|p1|Honchkrow, F|item
|poke|p1|Mamoswine, M|item
|poke|p2|Azelf|item
|poke|p2|Celebi|item
|poke|p2|Breloom, F|item
|poke|p2|Heatran, M|item
|poke|p2|Excadrill, F|item
|poke|p2|Zapdos|item
|teampreview
|inactive|Battle timer is ON: inactive players will automatically lose when time's up. (requested by LLord LLemon)
|inactive|seanb143 also wants the timer to be on.
|c|☆LLord LLemon|bro is packin
|
|t:|1726340498
|start
|switch|p1a: Heatran|Heatran, F, shiny|100/100
|switch|p2a: Azelf|Azelf|100/100
|turn|1
|c|☆LLord LLemon|O see u
|c|☆LLord LLemon|I
|
|t:|1726340509
|move|p2a: Azelf|Stealth Rock|p1a: Heatran
|-sidestart|p1: seanb143|move: Stealth Rock
|move|p1a: Heatran|Lava Plume|p2a: Azelf
|-damage|p2a: Azelf|42/100
|-enditem|p2a: Azelf|Sitrus Berry|[eat]
|-heal|p2a: Azelf|66/100|[from] item: Sitrus Berry
|
|upkeep
|turn|2
|
|t:|1726340516
|move|p2a: Azelf|U-turn|p1a: Heatran
|-resisted|p1a: Heatran
|-damage|p1a: Heatran|95/100
|
|t:|1726340519
|switch|p2a: Heatran|Heatran, M|100/100|[from] U-turn
|move|p1a: Heatran|Stealth Rock|p2a: Heatran
|-sidestart|p2: LLord LLemon|move: Stealth Rock
|
|-heal|p1a: Heatran|100/100|[from] item: Leftovers
|upkeep
|turn|3
|
|t:|1726340523
|switch|p1a: Jellicent|Jellicent, F, shiny|100/100
|-damage|p1a: Jellicent|88/100|[from] Stealth Rock
|move|p2a: Heatran|Earth Power|p1a: Jellicent
|-damage|p1a: Jellicent|73/100
|
|-heal|p1a: Jellicent|79/100|[from] item: Leftovers
|upkeep
|turn|4
|
|t:|1726340527
|move|p2a: Heatran|Toxic|p1a: Jellicent
|-status|p1a: Jellicent|tox
|move|p1a: Jellicent|Night Shade|p2a: Heatran
|-damage|p2a: Heatran|75/100
|
|-heal|p2a: Heatran|81/100|[from] item: Leftovers
|-heal|p1a: Jellicent|85/100 tox|[from] item: Leftovers
|-damage|p1a: Jellicent|79/100 tox|[from] psn
|upkeep
|turn|5
|
|t:|1726340533
|move|p2a: Heatran|Magma Storm|p1a: Jellicent
|-resisted|p1a: Jellicent
|-damage|p1a: Jellicent|63/100 tox
|-activate|p1a: Jellicent|move: Magma Storm|[of] p2a: Heatran
|move|p1a: Jellicent|Night Shade|p2a: Heatran
|-damage|p2a: Heatran|55/100
|
|-heal|p2a: Heatran|61/100|[from] item: Leftovers
|-heal|p1a: Jellicent|69/100 tox|[from] item: Leftovers
|-damage|p1a: Jellicent|57/100 tox|[from] psn
|-damage|p1a: Jellicent|50/100 tox|[from] move: Magma Storm|[partiallytrapped]
|upkeep
|turn|6
|
|t:|1726340537
|move|p2a: Heatran|Earth Power|p1a: Jellicent
|-damage|p1a: Jellicent|36/100 tox
|move|p1a: Jellicent|Night Shade|p2a: Heatran
|-damage|p2a: Heatran|35/100
|
|-heal|p2a: Heatran|41/100|[from] item: Leftovers
|-heal|p1a: Jellicent|42/100 tox|[from] item: Leftovers
|-damage|p1a: Jellicent|24/100 tox|[from] psn
|-damage|p1a: Jellicent|18/100 tox|[from] move: Magma Storm|[partiallytrapped]
|upkeep
|turn|7
|
|t:|1726340541
|move|p2a: Heatran|Earth Power|p1a: Jellicent
|-damage|p1a: Jellicent|2/100 tox
|move|p1a: Jellicent|Night Shade|p2a: Heatran
|-damage|p2a: Heatran|16/100
|
|-heal|p2a: Heatran|22/100|[from] item: Leftovers
|-heal|p1a: Jellicent|8/100 tox|[from] item: Leftovers
|-damage|p1a: Jellicent|0 fnt|[from] psn
|faint|p1a: Jellicent
|upkeep
|
|t:|1726340557
|switch|p1a: Breloom|Breloom, M, shiny|100/100
|-damage|p1a: Breloom|94/100|[from] Stealth Rock
|turn|8
|
|t:|1726340563
|move|p2a: Heatran|Protect|p2a: Heatran
|-singleturn|p2a: Heatran|Protect
|move|p1a: Breloom|Mach Punch|p2a: Heatran
|-activate|p2a: Heatran|move: Protect
|
|-heal|p2a: Heatran|28/100|[from] item: Leftovers
|upkeep
|turn|9
|
|t:|1726340565
|switch|p2a: Celebi|Celebi|100/100
|-damage|p2a: Celebi|88/100|[from] Stealth Rock
|move|p1a: Breloom|Mach Punch|p2a: Celebi
|-resisted|p2a: Celebi
|-damage|p2a: Celebi|65/100
|
|-heal|p2a: Celebi|71/100|[from] item: Leftovers
|upkeep
|turn|10
|
|t:|1726340571
|switch|p1a: Heatran|Heatran, F, shiny|100/100
|-damage|p1a: Heatran|88/100|[from] Stealth Rock
|move|p2a: Celebi|U-turn|p1a: Heatran
|-resisted|p1a: Heatran
|-damage|p1a: Heatran|85/100
|
|t:|1726340580
|switch|p2a: Heatran|Heatran, M|28/100|[from] U-turn
|-damage|p2a: Heatran|16/100|[from] Stealth Rock
|
|-heal|p2a: Heatran|22/100|[from] item: Leftovers
|-heal|p1a: Heatran|91/100|[from] item: Leftovers
|upkeep
|turn|11
|
|t:|1726340583
|move|p2a: Heatran|Earth Power|p1a: Heatran
|-supereffective|p1a: Heatran
|-damage|p1a: Heatran|26/100
|move|p1a: Heatran|Roar|p2a: Heatran
|drag|p2a: Celebi|Celebi|71/100
|-damage|p2a: Celebi|59/100|[from] Stealth Rock
|
|-heal|p2a: Celebi|65/100|[from] item: Leftovers
|-heal|p1a: Heatran|32/100|[from] item: Leftovers
|upkeep
|turn|12
|
|t:|1726340588
|move|p2a: Celebi|Recover|p2a: Celebi
|-heal|p2a: Celebi|100/100
|move|p1a: Heatran|Roar|p2a: Celebi
|drag|p2a: Breloom|Breloom, F|100/100
|-damage|p2a: Breloom|94/100|[from] Stealth Rock
|
|-heal|p1a: Heatran|38/100|[from] item: Leftovers
|upkeep
|turn|13
|
|t:|1726340591
|move|p1a: Heatran|Protect|p1a: Heatran
|-singleturn|p1a: Heatran|Protect
|move|p2a: Breloom|Mach Punch|p1a: Heatran
|-activate|p1a: Heatran|move: Protect
|
|-heal|p1a: Heatran|45/100|[from] item: Leftovers
|upkeep
|turn|14
|
|t:|1726340594
|switch|p1a: Forretress|Forretress, F, shiny|100/100
|-damage|p1a: Forretress|88/100|[from] Stealth Rock
|move|p2a: Breloom|Mach Punch|p1a: Forretress
|-damage|p1a: Forretress|53/100
|
|-heal|p1a: Forretress|59/100|[from] item: Leftovers
|upkeep
|turn|15
|
|t:|1726340603
|switch|p2a: Heatran|Heatran, M|22/100
|-damage|p2a: Heatran|9/100|[from] Stealth Rock
|move|p1a: Forretress|Rapid Spin|p2a: Heatran
|-resisted|p2a: Heatran
|-damage|p2a: Heatran|7/100
|-sideend|p1: seanb143|Stealth Rock|[from] move: Rapid Spin|[of] p1a: Forretress
|
|-heal|p2a: Heatran|13/100|[from] item: Leftovers
|-heal|p1a: Forretress|65/100|[from] item: Leftovers
|upkeep
|turn|16
|
|t:|1726340608
|switch|p1a: Heatran|Heatran, F, shiny|45/100
|move|p2a: Heatran|Earth Power|p1a: Heatran
|-supereffective|p1a: Heatran
|-damage|p1a: Heatran|0 fnt
|faint|p1a: Heatran
|
|-heal|p2a: Heatran|19/100|[from] item: Leftovers
|upkeep
|
|t:|1726340621
|switch|p1a: Breloom|Breloom, M, shiny|94/100
|turn|17
|
|t:|1726340626
|move|p2a: Heatran|Protect|p2a: Heatran
|-singleturn|p2a: Heatran|Protect
|move|p1a: Breloom|Mach Punch|p2a: Heatran
|-activate|p2a: Heatran|move: Protect
|
|-heal|p2a: Heatran|26/100|[from] item: Leftovers
|upkeep
|turn|18
|
|t:|1726340629
|move|p1a: Breloom|Mach Punch|p2a: Heatran
|-supereffective|p2a: Heatran
|-damage|p2a: Heatran|0 fnt
|faint|p2a: Heatran
|
|upkeep
|
|t:|1726340633
|switch|p2a: Azelf|Azelf|66/100
|-damage|p2a: Azelf|54/100|[from] Stealth Rock
|turn|19
|
|t:|1726340641
|switch|p1a: Honchkrow|Honchkrow, F, shiny|100/100
|move|p2a: Azelf|U-turn|p1a: Honchkrow
|-damage|p1a: Honchkrow|64/100
|
|t:|1726340645
|switch|p2a: Breloom|Breloom, F|94/100|[from] U-turn
|-damage|p2a: Breloom|88/100|[from] Stealth Rock
|
|-heal|p1a: Honchkrow|70/100|[from] item: Leftovers
|upkeep
|turn|20
|
|t:|1726340648
|switch|p1a: Forretress|Forretress, F, shiny|65/100
|move|p2a: Breloom|Mach Punch|p1a: Forretress
|-damage|p1a: Forretress|28/100
|
|-heal|p1a: Forretress|34/100|[from] item: Leftovers
|upkeep
|turn|21
|
|t:|1726340653
|move|p2a: Breloom|Mach Punch|p1a: Forretress
|-damage|p1a: Forretress|0 fnt
|faint|p1a: Forretress
|
|upkeep
|
|t:|1726340657
|switch|p1a: Breloom|Breloom, M, shiny|94/100
|turn|22
|
|t:|1726340662
|switch|p2a: Azelf|Azelf|54/100
|-damage|p2a: Azelf|42/100|[from] Stealth Rock
|move|p1a: Breloom|Drain Punch|p2a: Azelf
|-resisted|p2a: Azelf
|-damage|p2a: Azelf|0 fnt
|-heal|p1a: Breloom|100/100|[from] drain|[of] p2a: Azelf
|faint|p2a: Azelf
|
|upkeep
|
|t:|1726340689
|switch|p2a: Zapdos|Zapdos|100/100
|-damage|p2a: Zapdos|76/100|[from] Stealth Rock
|-ability|p2a: Zapdos|Pressure
|turn|23
|
|t:|1726340693
|switch|p1a: Mamoswine|Mamoswine, M, shiny|100/100
|move|p2a: Zapdos|Heat Wave|p1a: Mamoswine
|-supereffective|p1a: Mamoswine
|-damage|p1a: Mamoswine|59/100
|
|-heal|p2a: Zapdos|82/100|[from] item: Leftovers
|upkeep
|turn|24
|inactive|LLord LLemon has 120 seconds left.
|
|t:|1726340723
|move|p1a: Mamoswine|Icicle Spear|p2a: Zapdos
|-supereffective|p2a: Zapdos
|-damage|p2a: Zapdos|53/100
|-supereffective|p2a: Zapdos
|-damage|p2a: Zapdos|22/100
|-supereffective|p2a: Zapdos
|-damage|p2a: Zapdos|0 fnt
|faint|p2a: Zapdos
|-hitcount|p2: Zapdos|3
|
|upkeep
|
|t:|1726340728
|switch|p2a: Breloom|Breloom, F|88/100
|-damage|p2a: Breloom|82/100|[from] Stealth Rock
|turn|25
|
|t:|1726340735
|switch|p1a: Honchkrow|Honchkrow, F, shiny|70/100
|move|p2a: Breloom|Mach Punch|p1a: Honchkrow
|-damage|p1a: Honchkrow|0 fnt
|faint|p1a: Honchkrow
|
|upkeep
|c|☆LLord LLemon|scarf lol
|
|t:|1726340738
|switch|p1a: Breloom|Breloom, M, shiny|100/100
|turn|26
|
|t:|1726340759
|switch|p2a: Celebi|Celebi|100/100
|-damage|p2a: Celebi|88/100|[from] Stealth Rock
|move|p1a: Breloom|Low Sweep|p2a: Celebi
|-resisted|p2a: Celebi
|-damage|p2a: Celebi|57/100
|-unboost|p2a: Celebi|spe|1
|
|-heal|p2a: Celebi|63/100|[from] item: Leftovers
|upkeep
|turn|27
|
|t:|1726340767
|switch|p1a: Mamoswine|Mamoswine, M, shiny|59/100
|move|p2a: Celebi|Psychic|p1a: Mamoswine
|-damage|p1a: Mamoswine|16/100
|
|-heal|p2a: Celebi|69/100|[from] item: Leftovers
|upkeep
|turn|28
|
|t:|1726340776
|switch|p2a: Excadrill|Excadrill, F|100/100
|-damage|p2a: Excadrill|97/100|[from] Stealth Rock
|-ability|p2a: Excadrill|Mold Breaker
|move|p1a: Mamoswine|Icicle Spear|p2a: Excadrill
|-damage|p2a: Excadrill|78/100
|-damage|p2a: Excadrill|58/100
|-damage|p2a: Excadrill|37/100
|-hitcount|p2a: Excadrill|3
|
|upkeep
|turn|29
|
|t:|1726340787
|move|p2a: Excadrill|Iron Head|p1a: Mamoswine
|-supereffective|p1a: Mamoswine
|-damage|p1a: Mamoswine|0 fnt
|faint|p1a: Mamoswine
|
|upkeep
|
|t:|1726340789
|switch|p1a: Breloom|Breloom, M, shiny|100/100
|turn|30
|
|t:|1726340799
|move|p1a: Breloom|Mach Punch|p2a: Excadrill
|-supereffective|p2a: Excadrill
|-damage|p2a: Excadrill|0 fnt
|faint|p2a: Excadrill
|
|upkeep
|
|t:|1726340802
|switch|p2a: Breloom|Breloom, F|82/100
|-damage|p2a: Breloom|76/100|[from] Stealth Rock
|turn|31
|
|t:|1726340804
|move|p1a: Breloom|Mach Punch|p2a: Breloom
|-damage|p2a: Breloom|0 fnt
|faint|p2a: Breloom
|
|upkeep
|
|t:|1726340806
|switch|p2a: Celebi|Celebi|69/100
|-damage|p2a: Celebi|57/100|[from] Stealth Rock
|turn|32
|
|t:|1726340808
|move|p1a: Breloom|Mach Punch|p2a: Celebi
|-resisted|p2a: Celebi
|-damage|p2a: Celebi|35/100
|move|p2a: Celebi|Recover|p2a: Celebi
|-heal|p2a: Celebi|85/100
|
|-heal|p2a: Celebi|91/100|[from] item: Leftovers
|upkeep
|turn|33
|
|t:|1726340810
|move|p1a: Breloom|Mach Punch|p2a: Celebi
|-resisted|p2a: Celebi
|-damage|p2a: Celebi|70/100
|move|p2a: Celebi|Thunder Wave|p1a: Breloom
|-status|p1a: Breloom|par
|
|-heal|p2a: Celebi|76/100|[from] item: Leftovers
|upkeep
|turn|34
|
|t:|1726340812
|move|p1a: Breloom|Mach Punch|p2a: Celebi
|-resisted|p2a: Celebi
|-damage|p2a: Celebi|54/100
|move|p2a: Celebi|Recover|p2a: Celebi
|-heal|p2a: Celebi|100/100
|
|upkeep
|turn|35
|
|t:|1726340815
|move|p1a: Breloom|Mach Punch|p2a: Celebi
|-resisted|p2a: Celebi
|-damage|p2a: Celebi|80/100
|move|p2a: Celebi|Psychic|p1a: Breloom
|-supereffective|p1a: Breloom
|-damage|p1a: Breloom|0 fnt
|faint|p1a: Breloom
|
|win|LLord LLemon
|raw|seanb143's rating: 1423 &rarr; <strong>1402</strong><br />(-21 for losing)
|raw|LLord LLemon's rating: 1409 &rarr; <strong>1430</strong><br />(+21 for winning)
|l|☆seanb143
|player|p1|
