|j|☆Saakib
|j|☆ArthurTimothyRead
|t:|1742086742
|gametype|singles
|player|p1|Saakib|red|1371
|player|p2|ArthurTimothyRead|schoolkid-gen4dp|1335
|teamsize|p1|6
|teamsize|p2|6
|gen|5
|tier|[Gen 5] OU
|rated|
|rule|Species Clause: Limit one of each Pokémon
|rule|OHKO Clause: OHKO moves are banned
|rule|Moody Clause: Moody is banned
|rule|Evasion Items Clause: Evasion items are banned
|rule|Evasion Moves Clause: Evasion moves are banned
|rule|Endless Battle Clause: Forcing endless battles is banned
|rule|HP Percentage Mod: HP is shown in percentages
|rule|Evasion Abilities Clause: Evasion abilities are banned
|rule|Sleep Moves Clause: Sleep-inducing moves are banned
|rule|Swagger Clause: Swagger is banned
|rule|Baton Pass Stat Clause: No Baton Passer may have a way to boost its stats
|clearpoke
|poke|p1|Togekiss, F|item
|poke|p1|Landorus-Therian, M|item
|poke|p1|Scizor, F|item
|poke|p1|Tentacruel, M|item
|poke|p1|Hydreigon, M|item
|poke|p1|Zapdos|item
|poke|p2|Garchomp, M|item
|poke|p2|Volcarona, F|item
|poke|p2|Dragonite, F|item
|poke|p2|Breloom, M|item
|poke|p2|Starmie|item
|poke|p2|Scizor, M|item
|teampreview
|inactive|Battle timer is ON: inactive players will automatically lose when time's up. (requested by ArthurTimothyRead)
|inactive|Saakib also wants the timer to be on.
|
|t:|1742086764
|start
|switch|p1a: Zapdos|Zapdos|100/100
|switch|p2a: Garchomp|Garchomp, M, shiny|100/100
|-ability|p1a: Zapdos|Pressure
|turn|1
|
|t:|1742086775
|move|p2a: Garchomp|Stealth Rock|p1a: Zapdos
|-sidestart|p1: Saakib|move: Stealth Rock
|move|p1a: Zapdos|Hidden Power|p2a: Garchomp
|-supereffective|p2a: Garchomp
|-enditem|p2a: Garchomp|Focus Sash
|-damage|p2a: Garchomp|1/100
|
|upkeep
|turn|2
|
|t:|1742086787
|move|p2a: Garchomp|Outrage|p1a: Zapdos
|-damage|p1a: Zapdos|25/100
|move|p1a: Zapdos|Hidden Power|p2a: Garchomp
|-supereffective|p2a: Garchomp
|-damage|p2a: Garchomp|0 fnt
|faint|p2a: Garchomp
|
|-heal|p1a: Zapdos|32/100|[from] item: Leftovers
|upkeep
|inactive|ArthurTimothyRead has 120 seconds left.
|inactive|ArthurTimothyRead has 90 seconds left.
|
|t:|1742086872
|switch|p2a: Patrick Star|Starmie, shiny|100/100
|-item|p2a: Patrick Star|Air Balloon
|turn|3
|
|t:|1742086897
|switch|p1a: Tentacruel|Tentacruel, M|100/100
|-damage|p1a: Tentacruel|88/100|[from] Stealth Rock
|move|p2a: Patrick Star|Ice Beam|p1a: Tentacruel
|-resisted|p1a: Tentacruel
|-damage|p1a: Tentacruel|77/100
|
|-heal|p1a: Tentacruel|83/100|[from] item: Black Sludge
|upkeep
|turn|4
|
|t:|1742086908
|move|p2a: Patrick Star|Thunderbolt|p1a: Tentacruel
|-supereffective|p1a: Tentacruel
|-damage|p1a: Tentacruel|47/100
|move|p1a: Tentacruel|Rapid Spin|p2a: Patrick Star
|-crit|p2a: Patrick Star
|-damage|p2a: Patrick Star|93/100
|-enditem|p2a: Patrick Star|Air Balloon
|-sideend|p1: Saakib|Stealth Rock|[from] move: Rapid Spin|[of] p1a: Tentacruel
|
|-heal|p1a: Tentacruel|54/100|[from] item: Black Sludge
|upkeep
|turn|5
|
|t:|1742086922
|move|p2a: Patrick Star|Thunderbolt|p1a: Tentacruel
|-supereffective|p1a: Tentacruel
|-damage|p1a: Tentacruel|16/100
|move|p1a: Tentacruel|Giga Drain|p2a: Patrick Star
|-supereffective|p2a: Patrick Star
|-damage|p2a: Patrick Star|47/100
|-heal|p1a: Tentacruel|32/100|[from] drain|[of] p2a: Patrick Star
|
|-heal|p1a: Tentacruel|38/100|[from] item: Black Sludge
|upkeep
|turn|6
|
|t:|1742086938
|move|p2a: Patrick Star|Thunderbolt|p1a: Tentacruel
|-supereffective|p1a: Tentacruel
|-damage|p1a: Tentacruel|3/100
|move|p1a: Tentacruel|Giga Drain|p2a: Patrick Star
|-supereffective|p2a: Patrick Star
|-crit|p2a: Patrick Star
|-damage|p2a: Patrick Star|0 fnt
|-heal|p1a: Tentacruel|20/100|[from] drain|[of] p2a: Patrick Star
|faint|p2a: Patrick Star
|
|-heal|p1a: Tentacruel|26/100|[from] item: Black Sludge
|upkeep
|inactive|ArthurTimothyRead has 90 seconds left.
|
|t:|1742086954
|switch|p2a: Tohru|Dragonite, F, shiny|100/100
|turn|7
|
|t:|1742086957
|move|p2a: Tohru|Dragon Dance|p2a: Tohru
|-boost|p2a: Tohru|atk|1
|-boost|p2a: Tohru|spe|1
|move|p1a: Tentacruel|Scald|p2a: Tohru
|-resisted|p2a: Tohru
|-damage|p2a: Tohru|94/100
|
|-heal|p1a: Tentacruel|32/100|[from] item: Black Sludge
|upkeep
|turn|8
|
|t:|1742086972
|move|p2a: Tohru|Dragon Dance|p2a: Tohru
|-boost|p2a: Tohru|atk|1
|-boost|p2a: Tohru|spe|1
|move|p1a: Tentacruel|Scald|p2a: Tohru
|-resisted|p2a: Tohru
|-damage|p2a: Tohru|83/100
|
|-heal|p1a: Tentacruel|38/100|[from] item: Black Sludge
|upkeep
|turn|9
|
|t:|1742086981
|move|p2a: Tohru|Extreme Speed|p1a: Tentacruel
|-damage|p1a: Tentacruel|0 fnt
|faint|p1a: Tentacruel
|
|upkeep
|
|t:|1742086989
|switch|p1a: Landorus|Landorus-Therian, M|100/100
|-ability|p1a: Landorus|Intimidate|boost
|-unboost|p2a: Tohru|atk|1
|turn|10
|
|t:|1742086995
|move|p2a: Tohru|Outrage|p1a: Landorus
|-damage|p1a: Landorus|0 fnt
|faint|p1a: Landorus
|
|upkeep
|
|t:|1742087000
|switch|p1a: Scizor|Scizor, F|100/100
|turn|11
|
|t:|1742087006
|move|p1a: Scizor|Bullet Punch|p2a: Tohru
|-damage|p2a: Tohru|24/100
|move|p2a: Tohru|Outrage|p1a: Scizor|[from] lockedmove
|-resisted|p1a: Scizor
|-damage|p1a: Scizor|47/100
|-start|p2a: Tohru|confusion|[fatigue]
|-enditem|p2a: Tohru|Lum Berry|[eat]
|-end|p2a: Tohru|confusion
|
|upkeep
|turn|12
|
|t:|1742087023
|move|p2a: Tohru|Extreme Speed|p1a: Scizor
|-resisted|p1a: Scizor
|-damage|p1a: Scizor|22/100
|move|p1a: Scizor|Bullet Punch|p2a: Tohru
|-damage|p2a: Tohru|0 fnt
|faint|p2a: Tohru
|
|upkeep
|
|t:|1742087024
|switch|p2a: Mothra|Volcarona, F, shiny|100/100
|turn|13
|
|t:|1742087039
|switch|p1a: Togekiss|Togekiss, F, shiny|100/100
|move|p2a: Mothra|Quiver Dance|p2a: Mothra
|-boost|p2a: Mothra|spa|1
|-boost|p2a: Mothra|spd|1
|-boost|p2a: Mothra|spe|1
|
|upkeep
|turn|14
|
|t:|1742087047
|move|p2a: Mothra|Fire Blast|p1a: Togekiss
|-damage|p1a: Togekiss|9/100
|move|p1a: Togekiss|Air Slash|p2a: Mothra
|-supereffective|p2a: Mothra
|-damage|p2a: Mothra|53/100
|
|upkeep
|turn|15
|
|t:|1742087054
|move|p2a: Mothra|Psychic|p1a: Togekiss
|-damage|p1a: Togekiss|0 fnt
|faint|p1a: Togekiss
|
|upkeep
|
|t:|1742087060
|switch|p1a: Zapdos|Zapdos|32/100
|-ability|p1a: Zapdos|Pressure
|turn|16
|
|t:|1742087066
|move|p2a: Mothra|Psychic|p1a: Zapdos
|-damage|p1a: Zapdos|0 fnt
|faint|p1a: Zapdos
|
|upkeep
|
|t:|1742087076
|switch|p1a: Scizor|Scizor, F|22/100
|turn|17
|
|t:|1742087082
|move|p1a: Scizor|Bullet Punch|p2a: Mothra
|-resisted|p2a: Mothra
|-damage|p2a: Mothra|14/100
|move|p2a: Mothra|Bug Buzz|p1a: Scizor
|-resisted|p1a: Scizor
|-damage|p1a: Scizor|0 fnt
|faint|p1a: Scizor
|
|upkeep
|-message|Saakib forfeited.
|
|win|ArthurTimothyRead
|raw|Saakib's rating: 1371 &rarr; <strong>1350</strong><br />(-21 for losing)
|raw|ArthurTimothyRead's rating: 1353 &rarr; <strong>1374</strong><br />(+21 for winning)
|l|☆Saakib
|player|p1|
