|j|☆bxh318916
|j|☆ha6ha6
|t:|1730303322
|gametype|singles
|player|p1|bxh318916|steven|1368
|player|p2|ha6ha6|steven|1372
|teamsize|p1|6
|teamsize|p2|6
|gen|5
|tier|[Gen 5] OU
|rated|
|rule|Species Clause: Limit one of each Pokémon
|rule|OHKO Clause: OHKO moves are banned
|rule|Moody Clause: Moody is banned
|rule|Evasion Items Clause: Evasion items are banned
|rule|Evasion Moves Clause: Evasion moves are banned
|rule|Endless Battle Clause: Forcing endless battles is banned
|rule|HP Percentage Mod: HP is shown in percentages
|rule|Evasion Abilities Clause: Evasion abilities are banned
|rule|Sleep Moves Clause: Sleep-inducing moves are banned
|rule|Swagger Clause: Swagger is banned
|rule|Baton Pass Stat Clause: No Baton Passer may have a way to boost its stats
|clearpoke
|poke|p1|Tyranitar, F|item
|poke|p1|Keldeo|item
|poke|p1|Garchomp, F|item
|poke|p1|Zapdos|item
|poke|p1|Scizor, F|item
|poke|p1|Starmie|item
|poke|p2|Gliscor, M|item
|poke|p2|Mamoswine, M|item
|poke|p2|Tyranitar, M|item
|poke|p2|Excadrill, M|item
|poke|p2|Amoonguss, F|item
|poke|p2|Starmie|item
|teampreview
|inactive|Battle timer is ON: inactive players will automatically lose when time's up. (requested by ha6ha6)
|inactive|bxh318916 has 120 seconds left.
|
|t:|1730303353
|start
|switch|p1a: Keldeo|Keldeo|100/100
|switch|p2a: Amoonguss|Amoonguss, F, shiny|100/100
|turn|1
|
|t:|1730303361
|switch|p1a: Scizor|Scizor, F|100/100
|move|p2a: Amoonguss|Stun Spore|p1a: Scizor|[miss]
|-miss|p2a: Amoonguss|p1a: Scizor
|
|upkeep
|turn|2
|
|t:|1730303376
|move|p1a: Scizor|U-turn|p2a: Amoonguss
|-damage|p2a: Amoonguss|79/100
|-damage|p1a: Scizor|84/100|[from] item: Rocky Helmet|[of] p2a: Amoonguss
|
|t:|1730303386
|switch|p1a: Starmie|Starmie|100/100|[from] U-turn
|move|p2a: Amoonguss|Stun Spore|p1a: Starmie|[miss]
|-miss|p2a: Amoonguss|p1a: Starmie
|
|upkeep
|turn|3
|
|t:|1730303394
|move|p1a: Starmie|Thunder Wave|p2a: Amoonguss
|-status|p2a: Amoonguss|par
|move|p2a: Amoonguss|Stun Spore|p1a: Starmie
|-status|p1a: Starmie|par
|
|upkeep
|turn|4
|
|t:|1730303413
|-curestatus|p1a: Starmie|par|[from] ability: Natural Cure
|switch|p1a: Scizor|Scizor, F|84/100
|move|p2a: Amoonguss|Giga Drain|p1a: Scizor
|-resisted|p1a: Scizor
|-damage|p1a: Scizor|77/100
|-heal|p2a: Amoonguss|82/100 par|[from] drain|[of] p1a: Scizor
|
|-heal|p1a: Scizor|83/100|[from] item: Leftovers
|upkeep
|turn|5
|
|t:|1730303429
|move|p1a: Scizor|U-turn|p2a: Amoonguss
|-damage|p2a: Amoonguss|59/100 par
|-damage|p1a: Scizor|66/100|[from] item: Rocky Helmet|[of] p2a: Amoonguss
|
|t:|1730303440
|switch|p1a: Starmie|Starmie|100/100|[from] U-turn
|cant|p2a: Amoonguss|par
|
|upkeep
|turn|6
|
|t:|1730303455
|switch|p1a: Tyranitar|Tyranitar, F|100/100
|-weather|Sandstorm|[from] ability: Sand Stream|[of] p1a: Tyranitar
|cant|p2a: Amoonguss|par
|
|-weather|Sandstorm|[upkeep]
|-damage|p2a: Amoonguss|53/100 par|[from] Sandstorm
|upkeep
|turn|7
|inactive|bxh318916 has 120 seconds left.
|
|t:|1730303473
|switch|p2a: Gliscor|Gliscor, M, shiny|100/100
|move|p1a: Tyranitar|Ice Punch|p2a: Gliscor
|-supereffective|p2a: Gliscor
|-damage|p2a: Gliscor|0 fnt
|faint|p2a: Gliscor
|
|-weather|Sandstorm|[upkeep]
|upkeep
|c|☆ha6ha6|lucky
|
|t:|1730303484
|switch|p2a: Excadrill|Excadrill, M, shiny|100/100
|-ability|p2a: Excadrill|Mold Breaker
|-item|p2a: Excadrill|Air Balloon
|turn|8
|
|t:|1730303492
|switch|p1a: Zapdos|Zapdos|100/100
|-ability|p1a: Zapdos|Pressure
|move|p2a: Excadrill|Iron Head|p1a: Zapdos
|-resisted|p1a: Zapdos
|-damage|p1a: Zapdos|80/100
|
|-weather|Sandstorm|[upkeep]
|-damage|p1a: Zapdos|74/100|[from] Sandstorm
|-heal|p1a: Zapdos|80/100|[from] item: Leftovers
|upkeep
|turn|9
|
|t:|1730303504
|switch|p2a: Tyranitar|Tyranitar, M, shiny|100/100
|move|p1a: Zapdos|Heat Wave|p2a: Tyranitar
|-resisted|p2a: Tyranitar
|-crit|p2a: Tyranitar
|-damage|p2a: Tyranitar|81/100
|
|-weather|Sandstorm|[upkeep]
|-damage|p1a: Zapdos|74/100|[from] Sandstorm
|-heal|p1a: Zapdos|80/100|[from] item: Leftovers
|upkeep
|turn|10
|
|t:|1730303517
|move|p1a: Zapdos|Toxic|p2a: Tyranitar
|-status|p2a: Tyranitar|tox
|move|p2a: Tyranitar|Ice Beam|p1a: Zapdos
|-supereffective|p1a: Zapdos
|-damage|p1a: Zapdos|37/100
|-status|p1a: Zapdos|frz
|
|-weather|Sandstorm|[upkeep]
|-damage|p1a: Zapdos|31/100 frz|[from] Sandstorm
|-heal|p1a: Zapdos|37/100 frz|[from] item: Leftovers
|-damage|p2a: Tyranitar|75/100 tox|[from] psn
|upkeep
|turn|11
|inactive|bxh318916 has 120 seconds left.
|
|t:|1730303543
|-activate|p1a: Zapdos|move: Pursuit
|move|p2a: Tyranitar|Pursuit|p1a: Zapdos|[from]Pursuit
|-damage|p1a: Zapdos|0 fnt
|faint|p1a: Zapdos
|-hint|A Pokemon can't switch between when it runs out of HP and when it faints
|
|-weather|Sandstorm|[upkeep]
|-damage|p2a: Tyranitar|62/100 tox|[from] psn
|upkeep
|
|t:|1730303554
|switch|p1a: Keldeo|Keldeo|100/100
|turn|12
|
|t:|1730303561
|switch|p2a: Amoonguss|Amoonguss, F, shiny|86/100 par
|move|p1a: Keldeo|Substitute|p1a: Keldeo
|-start|p1a: Keldeo|Substitute
|-damage|p1a: Keldeo|75/100
|
|-weather|Sandstorm|[upkeep]
|-damage|p1a: Keldeo|69/100|[from] Sandstorm
|-damage|p2a: Amoonguss|80/100 par|[from] Sandstorm
|-heal|p1a: Keldeo|75/100|[from] item: Leftovers
|upkeep
|turn|13
|inactive|bxh318916 has 120 seconds left.
|
|t:|1730303573
|move|p1a: Keldeo|Hydro Pump|p2a: Amoonguss|[miss]
|-miss|p1a: Keldeo|p2a: Amoonguss
|move|p2a: Amoonguss|Giga Drain|p1a: Keldeo
|-supereffective|p1a: Keldeo
|-end|p1a: Keldeo|Substitute
|-heal|p2a: Amoonguss|89/100 par|[from] drain|[of] p1a: Keldeo
|
|-weather|Sandstorm|[upkeep]
|-damage|p1a: Keldeo|69/100|[from] Sandstorm
|-damage|p2a: Amoonguss|83/100 par|[from] Sandstorm
|-heal|p1a: Keldeo|75/100|[from] item: Leftovers
|upkeep
|turn|14
|j| tyrash
|inactive|bxh318916 has 120 seconds left.
|
|t:|1730303587
|switch|p1a: Scizor|Scizor, F|66/100
|move|p2a: Amoonguss|Giga Drain|p1a: Scizor
|-resisted|p1a: Scizor
|-damage|p1a: Scizor|60/100
|-heal|p2a: Amoonguss|86/100 par|[from] drain|[of] p1a: Scizor
|
|-weather|Sandstorm|[upkeep]
|-damage|p2a: Amoonguss|80/100 par|[from] Sandstorm
|-heal|p1a: Scizor|66/100|[from] item: Leftovers
|upkeep
|turn|15
|inactive|bxh318916 has 120 seconds left.
|
|t:|1730303603
|move|p1a: Scizor|Roost|p1a: Scizor
|-heal|p1a: Scizor|100/100
|-singleturn|p1a: Scizor|move: Roost
|move|p2a: Amoonguss|Stun Spore|p1a: Scizor|[miss]
|-miss|p2a: Amoonguss|p1a: Scizor
|
|-weather|Sandstorm|[upkeep]
|-damage|p2a: Amoonguss|73/100 par|[from] Sandstorm
|upkeep
|turn|16
|l| tyrash
|
|t:|1730303613
|move|p1a: Scizor|Swords Dance|p1a: Scizor
|-boost|p1a: Scizor|atk|2
|move|p2a: Amoonguss|Stun Spore|p1a: Scizor
|-status|p1a: Scizor|par
|
|-weather|Sandstorm|[upkeep]
|-damage|p2a: Amoonguss|67/100 par|[from] Sandstorm
|upkeep
|turn|17
|
|t:|1730303623
|switch|p2a: Tyranitar|Tyranitar, M, shiny|62/100 tox
|move|p1a: Scizor|Swords Dance|p1a: Scizor
|-boost|p1a: Scizor|atk|2
|
|-weather|Sandstorm|[upkeep]
|-damage|p2a: Tyranitar|56/100 tox|[from] psn
|upkeep
|turn|18
|inactive|bxh318916 has 120 seconds left.
|
|t:|1730303632
|move|p1a: Scizor|Bullet Punch|p2a: Tyranitar
|-supereffective|p2a: Tyranitar
|-damage|p2a: Tyranitar|0 fnt
|faint|p2a: Tyranitar
|
|-weather|Sandstorm|[upkeep]
|upkeep
|
|t:|1730303639
|switch|p2a: Starmie|Starmie|100/100
|turn|19
|
|t:|1730303644
|move|p1a: Scizor|Bullet Punch|p2a: Starmie
|-resisted|p2a: Starmie
|-damage|p2a: Starmie|45/100
|move|p2a: Starmie|Hidden Power|p1a: Scizor
|-supereffective|p1a: Scizor
|-damage|p1a: Scizor|0 fnt
|faint|p1a: Scizor
|
|-weather|Sandstorm|[upkeep]
|-damage|p2a: Starmie|39/100|[from] Sandstorm
|upkeep
|inactive|bxh318916 has 120 seconds left.
|
|t:|1730303663
|switch|p1a: Garchomp|Garchomp, F|100/100
|turn|20
|
|t:|1730303667
|switch|p2a: Excadrill|Excadrill, M, shiny|100/100
|-ability|p2a: Excadrill|Mold Breaker
|-item|p2a: Excadrill|Air Balloon
|move|p1a: Garchomp|Earthquake|p2a: Excadrill
|-immune|p2a: Excadrill
|
|-weather|Sandstorm|[upkeep]
|upkeep
|turn|21
|
|t:|1730303683
|switch|p1a: Starmie|Starmie|100/100
|move|p2a: Excadrill|Earthquake|p1a: Starmie
|-damage|p1a: Starmie|38/100
|
|-weather|Sandstorm|[upkeep]
|-damage|p1a: Starmie|31/100|[from] Sandstorm
|-heal|p1a: Starmie|38/100|[from] item: Leftovers
|upkeep
|turn|22
|
|t:|1730303693
|move|p1a: Starmie|Scald|p2a: Excadrill
|-supereffective|p2a: Excadrill
|-damage|p2a: Excadrill|23/100
|-enditem|p2a: Excadrill|Air Balloon
|move|p2a: Excadrill|Earthquake|p1a: Starmie
|-damage|p1a: Starmie|0 fnt
|faint|p1a: Starmie
|
|-weather|Sandstorm|[upkeep]
|upkeep
|inactive|bxh318916 has 120 seconds left.
|
|t:|1730303706
|switch|p1a: Garchomp|Garchomp, F|100/100
|turn|23
|
|t:|1730303714
|move|p1a: Garchomp|Earthquake|p2a: Excadrill
|-supereffective|p2a: Excadrill
|-damage|p2a: Excadrill|0 fnt
|faint|p2a: Excadrill
|
|-weather|Sandstorm|[upkeep]
|upkeep
|
|t:|1730303718
|switch|p2a: Mamoswine|Mamoswine, M|100/100
|turn|24
|
|t:|1730303736
|move|p2a: Mamoswine|Ice Shard|p1a: Garchomp
|-supereffective|p1a: Garchomp
|-damage|p1a: Garchomp|0 fnt
|faint|p1a: Garchomp
|
|-weather|Sandstorm|[upkeep]
|upkeep
|
|t:|1730303743
|switch|p1a: Keldeo|Keldeo|75/100
|turn|25
|
|t:|1730303751
|switch|p2a: Amoonguss|Amoonguss, F, shiny|100/100 par
|move|p1a: Keldeo|Hydro Pump|p2a: Amoonguss
|-resisted|p2a: Amoonguss
|-damage|p2a: Amoonguss|69/100 par
|
|-weather|Sandstorm|[upkeep]
|-damage|p1a: Keldeo|69/100|[from] Sandstorm
|-damage|p2a: Amoonguss|63/100 par|[from] Sandstorm
|-heal|p1a: Keldeo|75/100|[from] item: Leftovers
|upkeep
|turn|26
|
|t:|1730303768
|move|p1a: Keldeo|Substitute|p1a: Keldeo
|-start|p1a: Keldeo|Substitute
|-damage|p1a: Keldeo|50/100
|move|p2a: Amoonguss|Giga Drain|p1a: Keldeo
|-supereffective|p1a: Keldeo
|-crit|p1a: Keldeo
|-end|p1a: Keldeo|Substitute
|-heal|p2a: Amoonguss|72/100 par|[from] drain|[of] p1a: Keldeo
|
|-weather|Sandstorm|[upkeep]
|-damage|p1a: Keldeo|44/100|[from] Sandstorm
|-damage|p2a: Amoonguss|66/100 par|[from] Sandstorm
|-heal|p1a: Keldeo|50/100|[from] item: Leftovers
|upkeep
|turn|27
|inactive|bxh318916 has 120 seconds left.
|
|t:|1730303784
|move|p1a: Keldeo|Calm Mind|p1a: Keldeo
|-boost|p1a: Keldeo|spa|1
|-boost|p1a: Keldeo|spd|1
|move|p2a: Amoonguss|Giga Drain|p1a: Keldeo
|-supereffective|p1a: Keldeo
|-damage|p1a: Keldeo|18/100
|-heal|p2a: Amoonguss|78/100 par|[from] drain|[of] p1a: Keldeo
|
|-weather|Sandstorm|[upkeep]
|-damage|p1a: Keldeo|12/100|[from] Sandstorm
|-damage|p2a: Amoonguss|72/100 par|[from] Sandstorm
|-heal|p1a: Keldeo|18/100|[from] item: Leftovers
|upkeep
|turn|28
|inactive|bxh318916 has 120 seconds left.
|
|t:|1730303796
|move|p1a: Keldeo|Hydro Pump|p2a: Amoonguss
|-resisted|p2a: Amoonguss
|-crit|p2a: Amoonguss
|-damage|p2a: Amoonguss|0 fnt
|faint|p2a: Amoonguss
|
|-weather|Sandstorm|[upkeep]
|-damage|p1a: Keldeo|12/100|[from] Sandstorm
|-heal|p1a: Keldeo|18/100|[from] item: Leftovers
|upkeep
|
|t:|1730303802
|switch|p2a: Starmie|Starmie|39/100
|turn|29
|
|t:|1730303810
|move|p2a: Starmie|Surf|p1a: Keldeo
|-resisted|p1a: Keldeo
|-damage|p1a: Keldeo|0 fnt
|faint|p1a: Keldeo
|
|-weather|Sandstorm|[upkeep]
|-damage|p2a: Starmie|33/100|[from] Sandstorm
|upkeep
|
|t:|1730303818
|switch|p1a: Tyranitar|Tyranitar, F|100/100
|turn|30
|
|t:|1730303822
|move|p2a: Starmie|Surf|p1a: Tyranitar
|-supereffective|p1a: Tyranitar
|-damage|p1a: Tyranitar|25/100
|move|p1a: Tyranitar|Crunch|p2a: Starmie
|-supereffective|p2a: Starmie
|-damage|p2a: Starmie|0 fnt
|faint|p2a: Starmie
|
|-weather|Sandstorm|[upkeep]
|upkeep
|
|t:|1730303826
|switch|p2a: Mamoswine|Mamoswine, M|100/100
|turn|31
|
|t:|1730303834
|move|p2a: Mamoswine|Superpower|p1a: Tyranitar
|-supereffective|p1a: Tyranitar
|-damage|p1a: Tyranitar|0 fnt
|-unboost|p2a: Mamoswine|atk|1
|-unboost|p2a: Mamoswine|def|1
|faint|p1a: Tyranitar
|
|win|ha6ha6
|raw|bxh318916's rating: 1368 &rarr; <strong>1348</strong><br />(-20 for losing)
|raw|ha6ha6's rating: 1372 &rarr; <strong>1392</strong><br />(+20 for winning)
|l|☆bxh318916
|player|p1|
|l|☆ha6ha6
|player|p2|
