|j|☆Alpacapazzo
|j|☆porrompompom
|player|p1|Alpacapazzo|266|1351
|player|p2|porrompompom|169|1534
|teamsize|p1|6
|teamsize|p2|6
|gametype|singles
|gen|5
|tier|[Gen 5] OU
|rated|
|rule|Sleep Clause Mod: Limit one foe put to sleep
|rule|Species Clause: Limit one of each Pokémon
|rule|OHKO Clause: OHKO moves are banned
|rule|Moody Clause: Moody is banned
|rule|Evasion Moves Clause: Evasion moves are banned
|rule|Endless Battle Clause: Forcing endless battles is banned
|rule|HP Percentage Mod: HP is shown in percentages
|rule|Evasion Abilities Clause: Evasion abilities are banned
|rule|Baton Pass Clause: Limit one Baton Passer, can't pass Spe and other stats simultaneously
|rule|Swagger Clause: Swagger is banned
|clearpoke
|poke|p1|Toxicroak, F|item
|poke|p1|Chansey, F|item
|poke|p1|Politoed, M|item
|poke|p1|Tentacruel, M|item
|poke|p1|Skarmory, M|item
|poke|p1|Jirachi|item
|poke|p2|Quagsire, F|item
|poke|p2|Jirachi|item
|poke|p2|Amoonguss, M|item
|poke|p2|Jellicent, M|item
|poke|p2|Gliscor, F|item
|poke|p2|Forretress, F|item
|teampreview
|inactive|Battle timer is ON: inactive players will automatically lose when time's up. (requested by porrompompom)
|
|start
|switch|p1a: Politoed|Politoed, M|100/100
|switch|p2a: Amoonguss|Amoonguss, M|100/100
|-weather|RainDance|[from] ability: Drizzle|[of] p1a: Politoed
|turn|1
|
|move|p1a: Politoed|Ice Beam|p2a: Amoonguss
|-supereffective|p2a: Amoonguss
|-crit|p2a: Amoonguss
|-damage|p2a: Amoonguss|0 fnt
|faint|p2a: Amoonguss
|
|-weather|RainDance|[upkeep]
|upkeep
|c|☆porrompompom|what a way to begin
|
|switch|p2a: Jellicent|Jellicent, M|100/100
|turn|2
|
|switch|p1a: Tentacruel|Tentacruel, M|100/100
|move|p2a: Jellicent|Will-O-Wisp|p1a: Tentacruel
|-status|p1a: Tentacruel|brn
|
|-weather|RainDance|[upkeep]
|-damage|p1a: Tentacruel|88/100 brn|[from] brn
|upkeep
|turn|3
|
|switch|p2a: Jirachi|Jirachi|100/100
|move|p1a: Tentacruel|Toxic|p2a: Jirachi
|-immune|p2a: Jirachi
|
|-weather|RainDance|[upkeep]
|-heal|p1a: Tentacruel|94/100 brn|[from] ability: Rain Dish
|-heal|p1a: Tentacruel|99/100 brn|[from] item: Black Sludge
|-damage|p1a: Tentacruel|88/100 brn|[from] brn
|upkeep
|turn|4
|
|move|p2a: Jirachi|Body Slam|p1a: Tentacruel
|-damage|p1a: Tentacruel|70/100 brn
|move|p1a: Tentacruel|Scald|p2a: Jirachi
|-damage|p2a: Jirachi|78/100
|
|-weather|RainDance|[upkeep]
|-heal|p1a: Tentacruel|76/100 brn|[from] ability: Rain Dish
|-heal|p2a: Jirachi|84/100|[from] item: Leftovers
|-heal|p1a: Tentacruel|82/100 brn|[from] item: Black Sludge
|-damage|p1a: Tentacruel|70/100 brn|[from] brn
|upkeep
|turn|5
|
|move|p2a: Jirachi|Protect|p2a: Jirachi
|-singleturn|p2a: Jirachi|Protect
|move|p1a: Tentacruel|Scald|p2a: Jirachi
|-activate|p2a: Jirachi|move: Protect
|
|-weather|RainDance|[upkeep]
|-heal|p1a: Tentacruel|76/100 brn|[from] ability: Rain Dish
|-heal|p2a: Jirachi|91/100|[from] item: Leftovers
|-heal|p1a: Tentacruel|82/100 brn|[from] item: Black Sludge
|-damage|p1a: Tentacruel|69/100 brn|[from] brn
|upkeep
|turn|6
|
|switch|p1a: Skarmory|Skarmory, M|100/100
|move|p2a: Jirachi|Iron Head|p1a: Skarmory
|-resisted|p1a: Skarmory
|-damage|p1a: Skarmory|93/100
|
|-weather|RainDance|[upkeep]
|-heal|p2a: Jirachi|97/100|[from] item: Leftovers
|-heal|p1a: Skarmory|99/100|[from] item: Leftovers
|upkeep
|turn|7
|
|switch|p2a: Forretress|Forretress, F|100/100
|move|p1a: Skarmory|Spikes|p2a: Forretress
|-sidestart|p2: porrompompom|Spikes
|
|-weather|RainDance|[upkeep]
|-heal|p1a: Skarmory|100/100|[from] item: Leftovers
|upkeep
|turn|8
|
|switch|p1a: Politoed|Politoed, M|100/100
|move|p2a: Forretress|Rapid Spin|p1a: Politoed
|-damage|p1a: Politoed|96/100
|-sideend|p2: porrompompom|Spikes|[from] move: Rapid Spin|[of] p2a: Forretress
|
|-weather|RainDance|[upkeep]
|upkeep
|turn|9
|
|switch|p2a: Jirachi|Jirachi|97/100
|move|p1a: Politoed|Encore||[still]
|-fail|p1a: Politoed
|
|-weather|RainDance|[upkeep]
|-heal|p2a: Jirachi|100/100|[from] item: Leftovers
|upkeep
|turn|10
|inactive|Alpacapazzo has 120 seconds left.
|
|switch|p1a: Skarmory|Skarmory, M|100/100
|move|p2a: Jirachi|Iron Head|p1a: Skarmory
|-resisted|p1a: Skarmory
|-damage|p1a: Skarmory|93/100
|
|-weather|RainDance|[upkeep]
|-heal|p1a: Skarmory|99/100|[from] item: Leftovers
|upkeep
|turn|11
|
|switch|p2a: Forretress|Forretress, F|100/100
|move|p1a: Skarmory|Spikes|p2a: Forretress
|-sidestart|p2: porrompompom|Spikes
|
|-weather|RainDance|[upkeep]
|-heal|p1a: Skarmory|100/100|[from] item: Leftovers
|upkeep
|turn|12
|inactive|Alpacapazzo has 120 seconds left.
|
|switch|p1a: Tentacruel|Tentacruel, M|69/100 brn
|move|p2a: Forretress|Rapid Spin|p1a: Tentacruel
|-damage|p1a: Tentacruel|66/100 brn
|-sideend|p2: porrompompom|Spikes|[from] move: Rapid Spin|[of] p2a: Forretress
|
|-weather|RainDance|[upkeep]
|-heal|p1a: Tentacruel|72/100 brn|[from] ability: Rain Dish
|-heal|p1a: Tentacruel|78/100 brn|[from] item: Black Sludge
|-damage|p1a: Tentacruel|66/100 brn|[from] brn
|upkeep
|turn|13
|
|switch|p2a: Jellicent|Jellicent, M|100/100
|move|p1a: Tentacruel|Scald|p2a: Jellicent
|-immune|p2a: Jellicent|[from] ability: Water Absorb
|
|-weather|RainDance|[upkeep]
|-heal|p1a: Tentacruel|72/100 brn|[from] ability: Rain Dish
|-heal|p1a: Tentacruel|78/100 brn|[from] item: Black Sludge
|-damage|p1a: Tentacruel|65/100 brn|[from] brn
|upkeep
|turn|14
|
|switch|p2a: Jirachi|Jirachi|100/100
|move|p1a: Tentacruel|Toxic|p2a: Jirachi
|-immune|p2a: Jirachi
|
|-weather|RainDance|[upkeep]
|-heal|p1a: Tentacruel|71/100 brn|[from] ability: Rain Dish
|-heal|p1a: Tentacruel|77/100 brn|[from] item: Black Sludge
|-damage|p1a: Tentacruel|65/100 brn|[from] brn
|upkeep
|turn|15
|
|move|p2a: Jirachi|Iron Head|p1a: Tentacruel
|-resisted|p1a: Tentacruel
|-damage|p1a: Tentacruel|52/100 brn
|move|p1a: Tentacruel|Scald|p2a: Jirachi
|-damage|p2a: Jirachi|80/100
|
|-weather|RainDance|[upkeep]
|-heal|p1a: Tentacruel|58/100 brn|[from] ability: Rain Dish
|-heal|p2a: Jirachi|87/100|[from] item: Leftovers
|-heal|p1a: Tentacruel|65/100 brn|[from] item: Black Sludge
|-damage|p1a: Tentacruel|52/100 brn|[from] brn
|upkeep
|turn|16
|
|switch|p1a: Skarmory|Skarmory, M|100/100
|move|p2a: Jirachi|Iron Head|p1a: Skarmory
|-resisted|p1a: Skarmory
|-damage|p1a: Skarmory|92/100
|
|-weather|RainDance|[upkeep]
|-heal|p2a: Jirachi|93/100|[from] item: Leftovers
|-heal|p1a: Skarmory|98/100|[from] item: Leftovers
|upkeep
|turn|17
|
|switch|p2a: Forretress|Forretress, F|100/100
|move|p1a: Skarmory|Spikes|p2a: Forretress
|-sidestart|p2: porrompompom|Spikes
|
|-weather|RainDance|[upkeep]
|-heal|p1a: Skarmory|100/100|[from] item: Leftovers
|upkeep
|turn|18
|
|switch|p1a: Jirachi|Jirachi|100/100
|move|p2a: Forretress|Spikes|p1a: Jirachi
|-sidestart|p1: Alpacapazzo|Spikes
|
|-weather|RainDance|[upkeep]
|upkeep
|turn|19
|
|move|p1a: Jirachi|Substitute|p1a: Jirachi
|-start|p1a: Jirachi|Substitute
|-damage|p1a: Jirachi|75/100
|move|p2a: Forretress|Rapid Spin|p1a: Jirachi
|-resisted|p1a: Jirachi
|-activate|p1a: Jirachi|Substitute|[damage]
|-sideend|p2: porrompompom|Spikes|[from] move: Rapid Spin|[of] p2a: Forretress
|
|-weather|RainDance|[upkeep]
|-heal|p1a: Jirachi|82/100|[from] item: Leftovers
|upkeep
|turn|20
|
|switch|p2a: Quagsire|Quagsire, F|100/100
|move|p1a: Jirachi|Calm Mind|p1a: Jirachi
|-boost|p1a: Jirachi|spa|1
|-boost|p1a: Jirachi|spd|1
|
|-weather|RainDance|[upkeep]
|-heal|p1a: Jirachi|88/100|[from] item: Leftovers
|upkeep
|turn|21
|
|move|p1a: Jirachi|Psychic|p2a: Quagsire
|-damage|p2a: Quagsire|63/100
|-unboost|p2a: Quagsire|spd|1
|move|p2a: Quagsire|Scald|p1a: Jirachi
|-activate|p1a: Jirachi|Substitute|[damage]
|
|-weather|RainDance|[upkeep]
|-heal|p1a: Jirachi|94/100|[from] item: Leftovers
|-heal|p2a: Quagsire|69/100|[from] item: Leftovers
|upkeep
|turn|22
|
|switch|p2a: Jirachi|Jirachi|93/100
|move|p1a: Jirachi|Psychic|p2a: Jirachi
|-resisted|p2a: Jirachi
|-damage|p2a: Jirachi|86/100
|
|-weather|RainDance|[upkeep]
|-heal|p1a: Jirachi|99/100|[from] item: Leftovers
|-heal|p2a: Jirachi|92/100|[from] item: Leftovers
|upkeep
|turn|23
|
|move|p1a: Jirachi|Thunder|p2a: Jirachi
|-damage|p2a: Jirachi|65/100
|move|p2a: Jirachi|Wish|p2a: Jirachi
|
|-weather|RainDance|[upkeep]
|-heal|p1a: Jirachi|100/100|[from] item: Leftovers
|-heal|p2a: Jirachi|71/100|[from] item: Leftovers
|upkeep
|turn|24
|
|switch|p2a: Quagsire|Quagsire, F|69/100
|move|p1a: Jirachi|Calm Mind|p1a: Jirachi
|-boost|p1a: Jirachi|spa|1
|-boost|p1a: Jirachi|spd|1
|
|-weather|RainDance|[upkeep]
|-heal|p2a: Quagsire|100/100|[from] move: Wish|[wisher] Jirachi
|upkeep
|turn|25
|
|move|p1a: Jirachi|Psychic|p2a: Quagsire
|-damage|p2a: Quagsire|62/100
|move|p2a: Quagsire|Haze|p2a: Quagsire
|-clearallboost
|
|-weather|RainDance|[upkeep]
|-heal|p2a: Quagsire|68/100|[from] item: Leftovers
|upkeep
|turn|26
|
|move|p1a: Jirachi|Psychic|p2a: Quagsire
|-damage|p2a: Quagsire|28/100
|-unboost|p2a: Quagsire|spd|1
|move|p2a: Quagsire|Recover|p2a: Quagsire
|-heal|p2a: Quagsire|79/100
|
|-weather|RainDance|[upkeep]
|-heal|p2a: Quagsire|85/100|[from] item: Leftovers
|upkeep
|turn|27
|
|switch|p2a: Jirachi|Jirachi|71/100
|move|p1a: Jirachi|Psychic|p2a: Jirachi
|-resisted|p2a: Jirachi
|-crit|p2a: Jirachi
|-damage|p2a: Jirachi|62/100
|
|-weather|RainDance|[upkeep]
|-heal|p2a: Jirachi|68/100|[from] item: Leftovers
|upkeep
|turn|28
|
|move|p1a: Jirachi|Calm Mind|p1a: Jirachi
|-boost|p1a: Jirachi|spa|1
|-boost|p1a: Jirachi|spd|1
|move|p2a: Jirachi|Wish|p2a: Jirachi
|
|-weather|RainDance|[upkeep]
|-heal|p2a: Jirachi|74/100|[from] item: Leftovers
|upkeep
|turn|29
|
|switch|p2a: Quagsire|Quagsire, F|85/100
|move|p1a: Jirachi|Psychic|p2a: Quagsire
|-damage|p2a: Quagsire|49/100
|
|-weather|RainDance|[upkeep]
|-heal|p2a: Quagsire|99/100|[from] move: Wish|[wisher] Jirachi
|-heal|p2a: Quagsire|100/100|[from] item: Leftovers
|upkeep
|turn|30
|
|move|p1a: Jirachi|Psychic|p2a: Quagsire
|-damage|p2a: Quagsire|62/100
|-unboost|p2a: Quagsire|spd|1
|move|p2a: Quagsire|Haze|p2a: Quagsire
|-clearallboost
|
|-weather|RainDance|[upkeep]
|-heal|p2a: Quagsire|68/100|[from] item: Leftovers
|upkeep
|turn|31
|
|move|p1a: Jirachi|Psychic|p2a: Quagsire
|-damage|p2a: Quagsire|33/100
|move|p2a: Quagsire|Recover|p2a: Quagsire
|-heal|p2a: Quagsire|83/100
|
|-weather|RainDance|[upkeep]
|-heal|p2a: Quagsire|89/100|[from] item: Leftovers
|upkeep
|turn|32
|
|switch|p1a: Toxicroak|Toxicroak, F|100/100
|-damage|p1a: Toxicroak|88/100|[from] Spikes
|move|p2a: Quagsire|Recover|p2a: Quagsire
|-heal|p2a: Quagsire|100/100
|
|-weather|RainDance|[upkeep]
|-heal|p1a: Toxicroak|100/100|[from] ability: Dry Skin
|upkeep
|turn|33
|
|switch|p2a: Gliscor|Gliscor, F|100/100
|move|p1a: Toxicroak|Substitute|p1a: Toxicroak
|-start|p1a: Toxicroak|Substitute
|-damage|p1a: Toxicroak|75/100
|
|-weather|RainDance|[upkeep]
|-heal|p1a: Toxicroak|88/100|[from] ability: Dry Skin
|-heal|p1a: Toxicroak|94/100|[from] item: Black Sludge
|-status|p2a: Gliscor|tox|[from] item: Toxic Orb
|upkeep
|turn|34
|
|move|p2a: Gliscor|Earthquake|p1a: Toxicroak
|-supereffective|p1a: Toxicroak
|-end|p1a: Toxicroak|Substitute
|move|p1a: Toxicroak|Bulk Up|p1a: Toxicroak
|-boost|p1a: Toxicroak|atk|1
|-boost|p1a: Toxicroak|def|1
|
|-weather|RainDance|[upkeep]
|-heal|p1a: Toxicroak|100/100|[from] ability: Dry Skin
|upkeep
|turn|35
|
|switch|p2a: Jellicent|Jellicent, M|100/100
|move|p1a: Toxicroak|Ice Punch|p2a: Jellicent
|-resisted|p2a: Jellicent
|-damage|p2a: Jellicent|87/100
|
|-weather|RainDance|[upkeep]
|-heal|p2a: Jellicent|94/100|[from] item: Leftovers
|upkeep
|turn|36
|
|move|p1a: Toxicroak|Substitute|p1a: Toxicroak
|-start|p1a: Toxicroak|Substitute
|-damage|p1a: Toxicroak|75/100
|move|p2a: Jellicent|Taunt|p1a: Toxicroak
|-start|p1a: Toxicroak|move: Taunt
|
|-weather|RainDance|[upkeep]
|-heal|p1a: Toxicroak|88/100|[from] ability: Dry Skin
|-heal|p1a: Toxicroak|94/100|[from] item: Black Sludge
|-heal|p2a: Jellicent|99/100|[from] item: Leftovers
|upkeep
|turn|37
|
|move|p1a: Toxicroak|Ice Punch|p2a: Jellicent
|-resisted|p2a: Jellicent
|-damage|p2a: Jellicent|88/100
|-status|p2a: Jellicent|frz
|cant|p2a: Jellicent|frz
|
|-weather|RainDance|[upkeep]
|-heal|p1a: Toxicroak|100/100|[from] ability: Dry Skin
|-heal|p2a: Jellicent|94/100 frz|[from] item: Leftovers
|upkeep
|turn|38
|
|move|p1a: Toxicroak|Ice Punch|p2a: Jellicent
|-resisted|p2a: Jellicent
|-damage|p2a: Jellicent|80/100 frz
|cant|p2a: Jellicent|frz
|
|-weather|RainDance|[upkeep]
|-heal|p2a: Jellicent|87/100 frz|[from] item: Leftovers
|upkeep
|turn|39
|
|move|p1a: Toxicroak|Ice Punch|p2a: Jellicent
|-resisted|p2a: Jellicent
|-damage|p2a: Jellicent|73/100 frz
|cant|p2a: Jellicent|frz
|
|-weather|RainDance|[upkeep]
|-heal|p2a: Jellicent|79/100 frz|[from] item: Leftovers
|-end|p1a: Toxicroak|move: Taunt
|upkeep
|turn|40
|
|move|p1a: Toxicroak|Bulk Up|p1a: Toxicroak
|-boost|p1a: Toxicroak|atk|1
|-boost|p1a: Toxicroak|def|1
|-curestatus|p2a: Jellicent|frz|[msg]
|move|p2a: Jellicent|Night Shade|p1a: Toxicroak
|-end|p1a: Toxicroak|Substitute
|
|-weather|RainDance|[upkeep]
|-heal|p2a: Jellicent|86/100|[from] item: Leftovers
|upkeep
|turn|41
|
|move|p1a: Toxicroak|Substitute|p1a: Toxicroak
|-start|p1a: Toxicroak|Substitute
|-damage|p1a: Toxicroak|75/100
|move|p2a: Jellicent|Taunt|p1a: Toxicroak
|-start|p1a: Toxicroak|move: Taunt
|
|-weather|RainDance|[upkeep]
|-heal|p1a: Toxicroak|88/100|[from] ability: Dry Skin
|-heal|p1a: Toxicroak|94/100|[from] item: Black Sludge
|-heal|p2a: Jellicent|92/100|[from] item: Leftovers
|upkeep
|turn|42
|
|move|p1a: Toxicroak|Ice Punch|p2a: Jellicent
|-resisted|p2a: Jellicent
|-damage|p2a: Jellicent|73/100
|move|p2a: Jellicent|Night Shade|p1a: Toxicroak
|-end|p1a: Toxicroak|Substitute
|
|-weather|RainDance|[upkeep]
|-heal|p1a: Toxicroak|100/100|[from] ability: Dry Skin
|-heal|p2a: Jellicent|79/100|[from] item: Leftovers
|upkeep
|turn|43
|
|switch|p1a: Jirachi|Jirachi|100/100
|-damage|p1a: Jirachi|88/100|[from] Spikes
|move|p2a: Jellicent|Night Shade|p1a: Jirachi
|-damage|p1a: Jirachi|63/100
|
|-weather|RainDance|[upkeep]
|-heal|p1a: Jirachi|70/100|[from] item: Leftovers
|-heal|p2a: Jellicent|85/100|[from] item: Leftovers
|upkeep
|turn|44
|
|switch|p2a: Gliscor|Gliscor, F|100/100 tox
|move|p1a: Jirachi|Substitute|p1a: Jirachi
|-start|p1a: Jirachi|Substitute
|-damage|p1a: Jirachi|45/100
|
|-weather|RainDance|[upkeep]
|-heal|p1a: Jirachi|51/100|[from] item: Leftovers
|upkeep
|turn|45
|
|move|p1a: Jirachi|Psychic|p2a: Gliscor
|-damage|p2a: Gliscor|60/100 tox
|-unboost|p2a: Gliscor|spd|1
|move|p2a: Gliscor|Stealth Rock|p1a: Jirachi
|-sidestart|p1: Alpacapazzo|move: Stealth Rock
|
|-weather|RainDance|[upkeep]
|-heal|p1a: Jirachi|57/100|[from] item: Leftovers
|-heal|p2a: Gliscor|73/100 tox|[from] ability: Poison Heal
|upkeep
|turn|46
|
|switch|p2a: Jirachi|Jirachi|74/100
|move|p1a: Jirachi|Calm Mind|p1a: Jirachi
|-boost|p1a: Jirachi|spa|1
|-boost|p1a: Jirachi|spd|1
|
|-weather|RainDance|[upkeep]
|-heal|p1a: Jirachi|63/100|[from] item: Leftovers
|-heal|p2a: Jirachi|80/100|[from] item: Leftovers
|upkeep
|turn|47
|
|switch|p2a: Quagsire|Quagsire, F|100/100
|move|p1a: Jirachi|Thunder|p2a: Quagsire
|-immune|p2a: Quagsire
|
|-weather|RainDance|[upkeep]
|-heal|p1a: Jirachi|69/100|[from] item: Leftovers
|upkeep
|turn|48
|
|move|p1a: Jirachi|Psychic|p2a: Quagsire
|-damage|p2a: Quagsire|63/100
|-unboost|p2a: Quagsire|spd|1
|move|p2a: Quagsire|Haze|p2a: Quagsire
|-clearallboost
|
|-weather|RainDance|[upkeep]
|-heal|p1a: Jirachi|75/100|[from] item: Leftovers
|-heal|p2a: Quagsire|69/100|[from] item: Leftovers
|upkeep
|turn|49
|
|move|p1a: Jirachi|Psychic|p2a: Quagsire
|-damage|p2a: Quagsire|31/100
|move|p2a: Quagsire|Recover|p2a: Quagsire
|-heal|p2a: Quagsire|81/100
|
|-weather|RainDance|[upkeep]
|-heal|p1a: Jirachi|82/100|[from] item: Leftovers
|-heal|p2a: Quagsire|87/100|[from] item: Leftovers
|upkeep
|turn|50
|
|move|p1a: Jirachi|Psychic|p2a: Quagsire
|-damage|p2a: Quagsire|49/100
|move|p2a: Quagsire|Recover|p2a: Quagsire
|-heal|p2a: Quagsire|99/100
|
|-weather|RainDance|[upkeep]
|-heal|p1a: Jirachi|88/100|[from] item: Leftovers
|-heal|p2a: Quagsire|100/100|[from] item: Leftovers
|upkeep
|turn|51
|
|switch|p2a: Jirachi|Jirachi|80/100
|move|p1a: Jirachi|Psychic|p2a: Jirachi
|-resisted|p2a: Jirachi
|-damage|p2a: Jirachi|75/100
|-unboost|p2a: Jirachi|spd|1
|
|-weather|RainDance|[upkeep]
|-heal|p1a: Jirachi|94/100|[from] item: Leftovers
|-heal|p2a: Jirachi|81/100|[from] item: Leftovers
|upkeep
|turn|52
|
|move|p1a: Jirachi|Thunder|p2a: Jirachi
|-damage|p2a: Jirachi|56/100
|-status|p2a: Jirachi|par
|cant|p2a: Jirachi|par
|
|-weather|RainDance|[upkeep]
|-heal|p1a: Jirachi|99/100|[from] item: Leftovers
|-heal|p2a: Jirachi|62/100 par|[from] item: Leftovers
|upkeep
|turn|53
|
|move|p1a: Jirachi|Calm Mind|p1a: Jirachi
|-boost|p1a: Jirachi|spa|1
|-boost|p1a: Jirachi|spd|1
|move|p2a: Jirachi|Wish|p2a: Jirachi
|
|-weather|RainDance|[upkeep]
|-heal|p1a: Jirachi|100/100|[from] item: Leftovers
|-heal|p2a: Jirachi|68/100 par|[from] item: Leftovers
|upkeep
|turn|54
|
|move|p1a: Jirachi|Calm Mind|p1a: Jirachi
|-boost|p1a: Jirachi|spa|1
|-boost|p1a: Jirachi|spd|1
|move|p2a: Jirachi|Iron Head|p1a: Jirachi
|-resisted|p1a: Jirachi
|-activate|p1a: Jirachi|Substitute|[damage]
|
|-weather|RainDance|[upkeep]
|-heal|p2a: Jirachi|100/100 par|[from] move: Wish|[wisher] Jirachi
|upkeep
|turn|55
|
|move|p1a: Jirachi|Thunder|p2a: Jirachi
|-damage|p2a: Jirachi|53/100 par
|move|p2a: Jirachi|Wish|p2a: Jirachi
|
|-weather|RainDance|[upkeep]
|-heal|p2a: Jirachi|59/100 par|[from] item: Leftovers
|upkeep
|turn|56
|
|switch|p2a: Quagsire|Quagsire, F|100/100
|move|p1a: Jirachi|Thunder|p2a: Quagsire
|-immune|p2a: Quagsire
|
|-weather|RainDance|[upkeep]
|upkeep
|turn|57
|
|switch|p1a: Toxicroak|Toxicroak, F|100/100
|-damage|p1a: Toxicroak|94/100|[from] Stealth Rock
|-damage|p1a: Toxicroak|82/100|[from] Spikes
|move|p2a: Quagsire|Haze|p2a: Quagsire
|-clearallboost
|
|-weather|RainDance|[upkeep]
|-heal|p1a: Toxicroak|94/100|[from] ability: Dry Skin
|-heal|p1a: Toxicroak|100/100|[from] item: Black Sludge
|upkeep
|turn|58
|-message|Alpacapazzo forfeited.
|
|win|porrompompom
|l|☆Alpacapazzo
|raw|Alpacapazzo's rating: 1352 &rarr; <strong>1341</strong><br />(-11 for losing)
|raw|porrompompom's rating: 1534 &rarr; <strong>1545</strong><br />(+11 for winning)
