|j|☆phewms
|j|☆sidis
|t:|1705131007
|gametype|singles
|player|p1|phewms|bugcatcher-gen4dp|1335
|player|p2|sidis|iris|1321
|teamsize|p1|6
|teamsize|p2|6
|gen|5
|tier|[Gen 5] OU
|rated|
|rule|Species Clause: Limit one of each Pokémon
|rule|OHKO Clause: OHKO moves are banned
|rule|Moody Clause: Moody is banned
|rule|Evasion Items Clause: Evasion items are banned
|rule|Evasion Moves Clause: Evasion moves are banned
|rule|Endless Battle Clause: Forcing endless battles is banned
|rule|HP Percentage Mod: HP is shown in percentages
|rule|Evasion Abilities Clause: Evasion abilities are banned
|rule|Sleep Moves Clause: Sleep-inducing moves are banned
|rule|Swagger Clause: Swagger is banned
|rule|Baton Pass Stat Clause: No Baton Passer may have a way to boost its stats
|clearpoke
|poke|p1|Politoed, F|item
|poke|p1|Tentacruel, F|item
|poke|p1|Keldeo|item
|poke|p1|Ferrothorn, M|item
|poke|p1|Latios, M|item
|poke|p1|Reuniclus, M|item
|poke|p2|Terrakion|item
|poke|p2|Kyurem|item
|poke|p2|Roserade, F|item
|poke|p2|Espeon, F|item
|poke|p2|Gyarados, M|item
|poke|p2|Lucario, F|item
|teampreview
|
|t:|1705131031
|start
|switch|p1a: Politoed|Politoed, F|100/100
|switch|p2a: Lucario|Lucario, F|100/100
|-weather|RainDance|[from] ability: Drizzle|[of] p1a: Politoed
|turn|1
|
|t:|1705131037
|move|p2a: Lucario|Close Combat|p1a: Politoed
|-damage|p1a: Politoed|35/100
|-unboost|p2a: Lucario|def|1
|-unboost|p2a: Lucario|spd|1
|move|p1a: Politoed|Scald|p2a: Lucario
|-damage|p2a: Lucario|7/100
|
|-weather|RainDance|[upkeep]
|-heal|p1a: Politoed|42/100|[from] item: Leftovers
|upkeep
|turn|2
|
|t:|1705131044
|switch|p1a: Tentacruel|Tentacruel, F|100/100
|move|p2a: Lucario|Close Combat|p1a: Tentacruel
|-resisted|p1a: Tentacruel
|-damage|p1a: Tentacruel|47/100
|-unboost|p2a: Lucario|def|1
|-unboost|p2a: Lucario|spd|1
|
|-weather|RainDance|[upkeep]
|-heal|p1a: Tentacruel|53/100|[from] ability: Rain Dish
|-heal|p1a: Tentacruel|59/100|[from] item: Black Sludge
|upkeep
|turn|3
|
|t:|1705131051
|switch|p2a: Espeon|Espeon, F|100/100
|move|p1a: Tentacruel|Protect||[still]
|-fail|p1a: Tentacruel
|
|-weather|RainDance|[upkeep]
|-heal|p1a: Tentacruel|65/100|[from] ability: Rain Dish
|-heal|p1a: Tentacruel|71/100|[from] item: Black Sludge
|upkeep
|turn|4
|
|t:|1705131054
|switch|p1a: Ferrothorn|Ferrothorn, M|100/100
|move|p2a: Espeon|Trick|p1a: Ferrothorn
|-activate|p2a: Espeon|move: Trick|[of] p1a: Ferrothorn
|-item|p1a: Ferrothorn|Choice Specs|[from] move: Trick
|-item|p2a: Espeon|Leftovers|[from] move: Trick
|
|-weather|RainDance|[upkeep]
|upkeep
|turn|5
|
|t:|1705131061
|switch|p1a: Reuniclus|Reuniclus, M|100/100
|move|p2a: Espeon|Future Sight|p1a: Reuniclus
|-start|p2a: Espeon|move: Future Sight
|
|-weather|RainDance|[upkeep]
|upkeep
|turn|6
|j| Body Catcher
|l| Body Catcher
|
|t:|1705131086
|move|p2a: Espeon|Shadow Ball|p1a: Reuniclus
|-supereffective|p1a: Reuniclus
|-damage|p1a: Reuniclus|49/100
|move|p1a: Reuniclus|Calm Mind|p1a: Reuniclus
|-boost|p1a: Reuniclus|spa|1
|-boost|p1a: Reuniclus|spd|1
|
|-weather|RainDance|[upkeep]
|-heal|p1a: Reuniclus|55/100|[from] item: Leftovers
|upkeep
|turn|7
|
|t:|1705131090
|move|p2a: Espeon|Shadow Ball|p1a: Reuniclus
|-supereffective|p1a: Reuniclus
|-damage|p1a: Reuniclus|17/100
|move|p1a: Reuniclus|Recover|p1a: Reuniclus
|-heal|p1a: Reuniclus|67/100
|
|-weather|RainDance|[upkeep]
|-end|p1a: Reuniclus|move: Future Sight
|-resisted|p1a: Reuniclus
|-damage|p1a: Reuniclus|52/100
|-heal|p1a: Reuniclus|58/100|[from] item: Leftovers
|upkeep
|turn|8
|
|t:|1705131096
|move|p2a: Espeon|Shadow Ball|p1a: Reuniclus
|-supereffective|p1a: Reuniclus
|-damage|p1a: Reuniclus|22/100
|-unboost|p1a: Reuniclus|spd|1
|move|p1a: Reuniclus|Recover|p1a: Reuniclus
|-heal|p1a: Reuniclus|72/100
|
|-weather|RainDance|[upkeep]
|-heal|p1a: Reuniclus|79/100|[from] item: Leftovers
|upkeep
|turn|9
|
|t:|1705131100
|move|p2a: Espeon|Shadow Ball|p1a: Reuniclus
|-supereffective|p1a: Reuniclus
|-damage|p1a: Reuniclus|29/100
|move|p1a: Reuniclus|Thunder|p2a: Espeon
|-damage|p2a: Espeon|32/100
|
|-weather|RainDance|[upkeep]
|-heal|p2a: Espeon|38/100|[from] item: Leftovers
|-heal|p1a: Reuniclus|35/100|[from] item: Leftovers
|upkeep
|turn|10
|
|t:|1705131113
|switch|p1a: Keldeo|Keldeo|100/100
|move|p2a: Espeon|Shadow Ball|p1a: Keldeo
|-damage|p1a: Keldeo|70/100
|
|-weather|RainDance|[upkeep]
|-heal|p2a: Espeon|44/100|[from] item: Leftovers
|upkeep
|turn|11
|inactive|Battle timer is ON: inactive players will automatically lose when time's up. (requested by sidis)
|
|t:|1705131121
|move|p1a: Keldeo|Hydro Pump|p2a: Espeon
|-damage|p2a: Espeon|0 fnt
|faint|p2a: Espeon
|
|-weather|RainDance|[upkeep]
|upkeep
|
|t:|1705131136
|switch|p2a: Terrakion|Terrakion|100/100
|turn|12
|
|t:|1705131142
|switch|p1a: Tentacruel|Tentacruel, F|71/100
|move|p2a: Terrakion|Stealth Rock|p1a: Tentacruel
|-sidestart|p1: phewms|move: Stealth Rock
|
|-weather|RainDance|[upkeep]
|-heal|p1a: Tentacruel|77/100|[from] ability: Rain Dish
|-heal|p1a: Tentacruel|83/100|[from] item: Black Sludge
|upkeep
|turn|13
|
|t:|1705131147
|move|p1a: Tentacruel|Protect|p1a: Tentacruel
|-singleturn|p1a: Tentacruel|Protect
|move|p2a: Terrakion|Stone Edge|p1a: Tentacruel
|-activate|p1a: Tentacruel|move: Protect
|
|-weather|RainDance|[upkeep]
|-heal|p1a: Tentacruel|89/100|[from] ability: Rain Dish
|-heal|p1a: Tentacruel|95/100|[from] item: Black Sludge
|upkeep
|turn|14
|
|t:|1705131152
|move|p2a: Terrakion|Stone Edge|p1a: Tentacruel
|-damage|p1a: Tentacruel|36/100
|move|p1a: Tentacruel|Scald|p2a: Terrakion
|-supereffective|p2a: Terrakion
|-damage|p2a: Terrakion|27/100
|
|-weather|RainDance|[upkeep]
|-heal|p1a: Tentacruel|42/100|[from] ability: Rain Dish
|-heal|p1a: Tentacruel|48/100|[from] item: Black Sludge
|upkeep
|turn|15
|
|t:|1705131157
|move|p1a: Tentacruel|Protect|p1a: Tentacruel
|-singleturn|p1a: Tentacruel|Protect
|move|p2a: Terrakion|Stone Edge|p1a: Tentacruel
|-activate|p1a: Tentacruel|move: Protect
|
|-weather|RainDance|[upkeep]
|-heal|p1a: Tentacruel|54/100|[from] ability: Rain Dish
|-heal|p1a: Tentacruel|60/100|[from] item: Black Sludge
|upkeep
|turn|16
|
|t:|1705131160
|move|p2a: Terrakion|Stone Edge|p1a: Tentacruel
|-damage|p1a: Tentacruel|2/100
|move|p1a: Tentacruel|Scald|p2a: Terrakion
|-supereffective|p2a: Terrakion
|-damage|p2a: Terrakion|0 fnt
|faint|p2a: Terrakion
|
|-weather|RainDance|[upkeep]
|-heal|p1a: Tentacruel|8/100|[from] ability: Rain Dish
|-heal|p1a: Tentacruel|14/100|[from] item: Black Sludge
|upkeep
|
|t:|1705131176
|switch|p2a: Gyarados|Gyarados, M|100/100
|-ability|p2a: Gyarados|Intimidate|boost
|-unboost|p1a: Tentacruel|atk|1
|turn|17
|
|t:|1705131180
|switch|p1a: Latios|Latios, M|100/100
|-damage|p1a: Latios|88/100|[from] Stealth Rock
|move|p2a: Gyarados|Dragon Dance|p2a: Gyarados
|-boost|p2a: Gyarados|atk|1
|-boost|p2a: Gyarados|spe|1
|
|-weather|RainDance|[upkeep]
|upkeep
|turn|18
|
|t:|1705131189
|switch|p2a: Lucario|Lucario, F|7/100
|move|p1a: Latios|Thunder|p2a: Lucario
|-damage|p2a: Lucario|0 fnt
|faint|p2a: Lucario
|
|-weather|RainDance|[upkeep]
|upkeep
|
|t:|1705131196
|switch|p2a: Roserade|Roserade, F|100/100
|turn|19
|
|t:|1705131215
|switch|p1a: Ferrothorn|Ferrothorn, M|100/100
|-damage|p1a: Ferrothorn|94/100|[from] Stealth Rock
|move|p2a: Roserade|Hidden Power|p1a: Ferrothorn
|-supereffective|p1a: Ferrothorn
|-damage|p1a: Ferrothorn|54/100
|-damage|p2a: Roserade|91/100|[from] item: Life Orb
|
|-weather|RainDance|[upkeep]
|upkeep
|turn|20
|
|t:|1705131225
|move|p2a: Roserade|Hidden Power|p1a: Ferrothorn
|-supereffective|p1a: Ferrothorn
|-crit|p1a: Ferrothorn
|-damage|p1a: Ferrothorn|0 fnt
|faint|p1a: Ferrothorn
|-damage|p2a: Roserade|81/100|[from] item: Life Orb
|
|-weather|RainDance|[upkeep]
|upkeep
|
|t:|1705131239
|switch|p1a: Latios|Latios, M|88/100
|-damage|p1a: Latios|76/100|[from] Stealth Rock
|turn|21
|
|t:|1705131246
|move|p1a: Latios|Thunder|p2a: Roserade
|-resisted|p2a: Roserade
|-damage|p2a: Roserade|41/100
|move|p2a: Roserade|Stun Spore|p1a: Latios
|-status|p1a: Latios|par
|
|-weather|RainDance|[upkeep]
|upkeep
|turn|22
|
|t:|1705131252
|move|p2a: Roserade|Sludge Bomb|p1a: Latios
|-damage|p1a: Latios|16/100 par
|-damage|p2a: Roserade|32/100|[from] item: Life Orb
|move|p1a: Latios|Thunder|p2a: Roserade
|-resisted|p2a: Roserade
|-damage|p2a: Roserade|0 fnt
|faint|p2a: Roserade
|
|-weather|RainDance|[upkeep]
|upkeep
|
|t:|1705131261
|switch|p2a: Kyurem|Kyurem|100/100
|-ability|p2a: Kyurem|Pressure
|turn|23
|
|t:|1705131268
|switch|p1a: Politoed|Politoed, F|42/100
|-damage|p1a: Politoed|29/100|[from] Stealth Rock
|move|p2a: Kyurem|Draco Meteor|p1a: Politoed
|-crit|p1a: Politoed
|-damage|p1a: Politoed|0 fnt
|-unboost|p2a: Kyurem|spa|2
|faint|p1a: Politoed
|
|-weather|RainDance|[upkeep]
|upkeep
|
|t:|1705131278
|switch|p1a: Keldeo|Keldeo|70/100
|-damage|p1a: Keldeo|64/100|[from] Stealth Rock
|turn|24
|
|t:|1705131283
|move|p1a: Keldeo|Icy Wind|p2a: Kyurem
|-damage|p2a: Kyurem|82/100
|-unboost|p2a: Kyurem|spe|1
|move|p2a: Kyurem|Draco Meteor|p1a: Keldeo
|-damage|p1a: Keldeo|22/100
|-unboost|p2a: Kyurem|spa|2
|
|-weather|RainDance|[upkeep]
|upkeep
|turn|25
|
|t:|1705131287
|move|p1a: Keldeo|Icy Wind|p2a: Kyurem
|-damage|p2a: Kyurem|65/100
|-unboost|p2a: Kyurem|spe|1
|move|p2a: Kyurem|Draco Meteor|p1a: Keldeo
|-damage|p1a: Keldeo|0 fnt
|-unboost|p2a: Kyurem|spa|2
|faint|p1a: Keldeo
|
|-weather|RainDance|[upkeep]
|upkeep
|
|t:|1705131289
|switch|p1a: Reuniclus|Reuniclus, M|35/100
|turn|26
|
|t:|1705131294
|switch|p2a: Gyarados|Gyarados, M|100/100
|-ability|p2a: Gyarados|Intimidate|boost
|-unboost|p1a: Reuniclus|atk|1
|move|p1a: Reuniclus|Recover|p1a: Reuniclus
|-heal|p1a: Reuniclus|85/100
|
|-weather|RainDance|[upkeep]
|-heal|p1a: Reuniclus|91/100|[from] item: Leftovers
|upkeep
|turn|27
|
|t:|1705131299
|move|p2a: Gyarados|Waterfall|p1a: Reuniclus
|-damage|p1a: Reuniclus|29/100
|-damage|p2a: Gyarados|91/100|[from] item: Life Orb
|move|p1a: Reuniclus|Thunder|p2a: Gyarados
|-supereffective|p2a: Gyarados
|-damage|p2a: Gyarados|0 fnt
|faint|p2a: Gyarados
|
|-weather|RainDance|[upkeep]
|-heal|p1a: Reuniclus|35/100|[from] item: Leftovers
|upkeep
|
|t:|1705131304
|switch|p2a: Kyurem|Kyurem|65/100
|-ability|p2a: Kyurem|Pressure
|turn|28
|
|t:|1705131309
|switch|p1a: Tentacruel|Tentacruel, F|14/100
|-damage|p1a: Tentacruel|1/100|[from] Stealth Rock
|move|p2a: Kyurem|Ice Beam|p1a: Tentacruel
|-resisted|p1a: Tentacruel
|-damage|p1a: Tentacruel|0 fnt
|faint|p1a: Tentacruel
|
|-weather|RainDance|[upkeep]
|upkeep
|
|t:|1705131316
|switch|p1a: Reuniclus|Reuniclus, M|35/100
|turn|29
|
|t:|1705131318
|move|p2a: Kyurem|Ice Beam|p1a: Reuniclus
|-damage|p1a: Reuniclus|0 fnt
|faint|p1a: Reuniclus
|
|-weather|RainDance|[upkeep]
|upkeep
|-message|phewms forfeited.
|
|win|sidis
|raw|phewms's rating: 1335 &rarr; <strong>1314</strong><br />(-21 for losing)
|raw|sidis's rating: 1321 &rarr; <strong>1342</strong><br />(+21 for winning)
|l|☆phewms
|player|p1|
