|j|☆spliffdiff
|j|☆Paltham
|t:|1747681272
|gametype|singles
|player|p1|spliffdiff|unknown|1453
|player|p2|Paltham|265|1256
|teamsize|p1|6
|teamsize|p2|6
|gen|5
|tier|[Gen 5] OU
|rated|
|rule|Species Clause: Limit one of each Pokémon
|rule|OHKO Clause: OHKO moves are banned
|rule|Moody Clause: Moody is banned
|rule|Evasion Items Clause: Evasion items are banned
|rule|Evasion Moves Clause: Evasion moves are banned
|rule|Endless Battle Clause: Forcing endless battles is banned
|rule|HP Percentage Mod: HP is shown in percentages
|rule|Evasion Abilities Clause: Evasion abilities are banned
|rule|Sleep Moves Clause: Sleep-inducing moves are banned
|rule|Swagger Clause: Swagger is banned
|rule|Baton Pass Stat Clause: No Baton Passer may have a way to boost its stats
|clearpoke
|poke|p1|Honchkrow, F|item
|poke|p1|Terrakion|item
|poke|p1|Garchomp, F|item
|poke|p1|Conkeldurr, M|item
|poke|p1|Keldeo-Resolute|item
|poke|p1|Breloom, M|item
|poke|p2|Landorus-Therian, M|item
|poke|p2|Alakazam, F|item
|poke|p2|Volcarona, F|item
|poke|p2|Starmie|item
|poke|p2|Politoed, F|item
|poke|p2|Latios, M|item
|teampreview
|inactive|Battle timer is ON: inactive players will automatically lose when time's up. (requested by Paltham)
|inactive|spliffdiff also wants the timer to be on.
|
|t:|1747681288
|start
|switch|p1a: Terrakion|Terrakion|100/100
|switch|p2a: Ladder Terrorist|Landorus-Therian, M|100/100
|-ability|p2a: Ladder Terrorist|Intimidate|boost
|-unboost|p1a: Terrakion|atk|1
|turn|1
|
|t:|1747681301
|move|p1a: Terrakion|Stealth Rock|p2a: Ladder Terrorist
|-sidestart|p2: Paltham|move: Stealth Rock
|move|p2a: Ladder Terrorist|Stealth Rock|p1a: Terrakion
|-sidestart|p1: spliffdiff|move: Stealth Rock
|
|upkeep
|turn|2
|j| bbq-beef
|
|t:|1747681316
|switch|p1a: Conkeldurr|Conkeldurr, M|100/100
|-damage|p1a: Conkeldurr|94/100|[from] Stealth Rock
|move|p2a: Ladder Terrorist|U-turn|p1a: Conkeldurr
|-resisted|p1a: Conkeldurr
|-damage|p1a: Conkeldurr|87/100
|
|t:|1747681324
|switch|p2a: Spoon Man|Alakazam, F|100/100|[from] U-turn
|
|upkeep
|turn|3
|
|t:|1747681339
|move|p1a: Conkeldurr|Mach Punch|p2a: Spoon Man
|-resisted|p2a: Spoon Man
|-damage|p2a: Spoon Man|71/100
|move|p2a: Spoon Man|Psychic|p1a: Conkeldurr
|-supereffective|p1a: Conkeldurr
|-damage|p1a: Conkeldurr|0 fnt
|faint|p1a: Conkeldurr
|
|upkeep
|l| bbq-beef
|inactive|spliffdiff has 120 seconds left.
|
|t:|1747681365
|switch|p1a: Garchomp|Garchomp, F|100/100
|-damage|p1a: Garchomp|94/100|[from] Stealth Rock
|turn|4
|
|t:|1747681374
|switch|p2a: The Drizzler|Politoed, F, shiny|100/100
|-damage|p2a: The Drizzler|88/100|[from] Stealth Rock
|-weather|RainDance|[from] ability: Drizzle|[of] p2a: The Drizzler
|move|p1a: Garchomp|Dual Chop|p2a: The Drizzler
|-damage|p2a: The Drizzler|61/100
|-damage|p2a: The Drizzler|33/100
|-hitcount|p2a: The Drizzler|2
|
|-weather|RainDance|[upkeep]
|upkeep
|turn|5
|inactive|Paltham has 120 seconds left.
|
|t:|1747681411
|switch|p2a: Ladder Terrorist|Landorus-Therian, M|100/100
|-damage|p2a: Ladder Terrorist|88/100|[from] Stealth Rock
|-ability|p2a: Ladder Terrorist|Intimidate|boost
|-unboost|p1a: Garchomp|atk|1
|move|p1a: Garchomp|Dual Chop|p2a: Ladder Terrorist
|-damage|p2a: Ladder Terrorist|75/100
|-damage|p2a: Ladder Terrorist|61/100
|-hitcount|p2a: Ladder Terrorist|2
|
|-weather|RainDance|[upkeep]
|-heal|p2a: Ladder Terrorist|67/100|[from] item: Leftovers
|upkeep
|turn|6
|inactive|Paltham has 120 seconds left.
|
|t:|1747681421
|switch|p1a: Terrakion|Terrakion|100/100
|-damage|p1a: Terrakion|94/100|[from] Stealth Rock
|move|p2a: Ladder Terrorist|Hidden Power|p1a: Terrakion
|-damage|p1a: Terrakion|74/100
|
|-weather|RainDance|[upkeep]
|-heal|p2a: Ladder Terrorist|73/100|[from] item: Leftovers
|upkeep
|turn|7
|inactive|Paltham has 120 seconds left.
|
|t:|1747681434
|move|p1a: Terrakion|Stone Edge|p2a: Ladder Terrorist|[miss]
|-miss|p1a: Terrakion|p2a: Ladder Terrorist
|move|p2a: Ladder Terrorist|Earthquake|p1a: Terrakion
|-supereffective|p1a: Terrakion
|-damage|p1a: Terrakion|0 fnt
|faint|p1a: Terrakion
|
|-weather|RainDance|[upkeep]
|-heal|p2a: Ladder Terrorist|79/100|[from] item: Leftovers
|upkeep
|
|t:|1747681440
|switch|p1a: Keldeo|Keldeo-Resolute|100/100
|-damage|p1a: Keldeo|94/100|[from] Stealth Rock
|turn|8
|inactive|Paltham has 120 seconds left.
|
|t:|1747681461
|switch|p1a: Breloom|Breloom, M|100/100
|-damage|p1a: Breloom|94/100|[from] Stealth Rock
|switch|p2a: The Drizzler|Politoed, F, shiny|33/100
|-damage|p2a: The Drizzler|20/100|[from] Stealth Rock
|
|-weather|RainDance|[upkeep]
|upkeep
|turn|9
|
|t:|1747681467
|move|p1a: Breloom|Bullet Seed|p2a: The Drizzler
|-supereffective|p2a: The Drizzler
|-damage|p2a: The Drizzler|0 fnt
|faint|p2a: The Drizzler
|-hitcount|p2: The Drizzler|1
|
|-weather|RainDance|[upkeep]
|upkeep
|
|t:|1747681472
|switch|p2a: Ladder Terrorist|Landorus-Therian, M|79/100
|-damage|p2a: Ladder Terrorist|67/100|[from] Stealth Rock
|-ability|p2a: Ladder Terrorist|Intimidate|boost
|-unboost|p1a: Breloom|atk|1
|turn|10
|
|t:|1747681485
|move|p2a: Ladder Terrorist|Hidden Power|p1a: Breloom
|-supereffective|p1a: Breloom
|-enditem|p1a: Breloom|Yache Berry|[eat]
|-enditem|p1a: Breloom|Yache Berry|[weaken]
|-damage|p1a: Breloom|60/100
|move|p1a: Breloom|Bullet Seed|p2a: Ladder Terrorist
|-damage|p2a: Ladder Terrorist|52/100
|-damage|p2a: Ladder Terrorist|38/100
|-damage|p2a: Ladder Terrorist|25/100
|-hitcount|p2a: Ladder Terrorist|3
|
|-weather|RainDance|[upkeep]
|-heal|p2a: Ladder Terrorist|31/100|[from] item: Leftovers
|upkeep
|turn|11
|
|t:|1747681498
|switch|p1a: Keldeo|Keldeo-Resolute|94/100
|-damage|p1a: Keldeo|88/100|[from] Stealth Rock
|move|p2a: Ladder Terrorist|U-turn|p1a: Keldeo
|-resisted|p1a: Keldeo
|-damage|p1a: Keldeo|75/100
|
|t:|1747681512
|switch|p2a: Spoon Man|Alakazam, F|71/100|[from] U-turn
|
|-weather|RainDance|[upkeep]
|upkeep
|turn|12
|
|t:|1747681522
|move|p2a: Spoon Man|Psychic|p1a: Keldeo
|-supereffective|p1a: Keldeo
|-enditem|p1a: Keldeo|Payapa Berry|[eat]
|-enditem|p1a: Keldeo|Payapa Berry|[weaken]
|-damage|p1a: Keldeo|0 fnt
|faint|p1a: Keldeo
|
|-weather|RainDance|[upkeep]
|upkeep
|
|t:|1747681529
|switch|p1a: Honchkrow|Honchkrow, F|100/100
|-damage|p1a: Honchkrow|76/100|[from] Stealth Rock
|turn|13
|
|t:|1747681543
|move|p2a: Spoon Man|Protect|p2a: Spoon Man
|-singleturn|p2a: Spoon Man|Protect
|move|p1a: Honchkrow|Pursuit|p2a: Spoon Man
|-activate|p2a: Spoon Man|move: Protect
|
|-weather|RainDance|[upkeep]
|upkeep
|turn|14
|
|t:|1747681559
|move|p1a: Honchkrow|Sucker Punch|p2a: Spoon Man
|-supereffective|p2a: Spoon Man
|-damage|p2a: Spoon Man|0 fnt
|faint|p2a: Spoon Man
|
|-weather|RainDance|[upkeep]
|upkeep
|inactive|Paltham has 90 seconds left.
|
|t:|1747681566
|switch|p2a: Ladder Terrorist|Landorus-Therian, M|31/100
|-damage|p2a: Ladder Terrorist|18/100|[from] Stealth Rock
|-ability|p2a: Ladder Terrorist|Intimidate|boost
|-unboost|p1a: Honchkrow|atk|1
|turn|15
|inactive|Paltham has 90 seconds left.
|
|t:|1747681581
|move|p1a: Honchkrow|Sucker Punch|p2a: Ladder Terrorist
|-crit|p2a: Ladder Terrorist
|-damage|p2a: Ladder Terrorist|0 fnt
|faint|p2a: Ladder Terrorist
|
|-weather|RainDance|[upkeep]
|upkeep
|
|t:|1747681589
|switch|p2a: Iem a Star|Starmie|100/100
|-damage|p2a: Iem a Star|88/100|[from] Stealth Rock
|-item|p2a: Iem a Star|Air Balloon
|turn|16
|
|t:|1747681600
|switch|p2a: Thus the Lationus|Latios, M, shiny|100/100
|-damage|p2a: Thus the Lationus|88/100|[from] Stealth Rock
|move|p1a: Honchkrow|Sucker Punch||[still]
|-fail|p1a: Honchkrow
|
|-weather|RainDance|[upkeep]
|upkeep
|turn|17
|
|t:|1747681614
|switch|p1a: Breloom|Breloom, M|60/100
|-damage|p1a: Breloom|54/100|[from] Stealth Rock
|move|p2a: Thus the Lationus|Surf|p1a: Breloom
|-resisted|p1a: Breloom
|-damage|p1a: Breloom|8/100
|
|-weather|RainDance|[upkeep]
|upkeep
|turn|18
|
|t:|1747681623
|move|p1a: Breloom|Mach Punch|p2a: Thus the Lationus
|-resisted|p2a: Thus the Lationus
|-damage|p2a: Thus the Lationus|64/100
|move|p2a: Thus the Lationus|Surf|p1a: Breloom
|-resisted|p1a: Breloom
|-damage|p1a: Breloom|0 fnt
|faint|p1a: Breloom
|
|-weather|RainDance|[upkeep]
|upkeep
|
|t:|1747681637
|switch|p1a: Garchomp|Garchomp, F|94/100
|-damage|p1a: Garchomp|88/100|[from] Stealth Rock
|turn|19
|inactive|Paltham has 90 seconds left.
|
|t:|1747681658
|switch|p2a: Volcarolina|Volcarona, F|100/100
|-damage|p2a: Volcarolina|51/100|[from] Stealth Rock
|move|p1a: Garchomp|Dual Chop|p2a: Volcarolina
|-damage|p2a: Volcarolina|21/100
|-damage|p2a: Volcarolina|0 fnt
|-status|p1a: Garchomp|brn|[from] ability: Flame Body|[of] p2a: Volcarolina
|faint|p2a: Volcarolina
|-hitcount|p2: Volcarolina|2
|
|-weather|RainDance|[upkeep]
|-damage|p1a: Garchomp|76/100 brn|[from] brn
|upkeep
|
|t:|1747681677
|switch|p2a: Iem a Star|Starmie|88/100
|-damage|p2a: Iem a Star|76/100|[from] Stealth Rock
|-item|p2a: Iem a Star|Air Balloon
|turn|20
|
|t:|1747681688
|move|p2a: Iem a Star|Rapid Spin|p1a: Garchomp
|-damage|p1a: Garchomp|73/100 brn
|-damage|p2a: Iem a Star|64/100|[from] ability: Rough Skin|[of] p1a: Garchomp
|-sideend|p2: Paltham|Stealth Rock|[from] move: Rapid Spin|[of] p2a: Iem a Star
|move|p1a: Garchomp|Outrage|p2a: Iem a Star
|-damage|p2a: Iem a Star|19/100
|-enditem|p2a: Iem a Star|Air Balloon
|
|-weather|RainDance|[upkeep]
|-damage|p1a: Garchomp|61/100 brn|[from] brn
|upkeep
|turn|21
|inactive|Paltham has 60 seconds left.
|
|t:|1747681708
|move|p2a: Iem a Star|Ice Beam|p1a: Garchomp
|-supereffective|p1a: Garchomp
|-enditem|p1a: Garchomp|Yache Berry|[eat]
|-enditem|p1a: Garchomp|Yache Berry|[weaken]
|-damage|p1a: Garchomp|0 fnt
|faint|p1a: Garchomp
|
|-weather|RainDance|[upkeep]
|upkeep
|
|t:|1747681714
|switch|p1a: Honchkrow|Honchkrow, F|76/100
|-damage|p1a: Honchkrow|51/100|[from] Stealth Rock
|turn|22
|inactive|Paltham has 60 seconds left.
|
|t:|1747681720
|move|p1a: Honchkrow|Sucker Punch|p2a: Iem a Star
|-supereffective|p2a: Iem a Star
|-damage|p2a: Iem a Star|0 fnt
|faint|p2a: Iem a Star
|
|-weather|RainDance|[upkeep]
|upkeep
|
|t:|1747681721
|switch|p2a: Thus the Lationus|Latios, M, shiny|64/100
|turn|23
|
|t:|1747681724
|move|p1a: Honchkrow|Sucker Punch||[still]
|-fail|p1a: Honchkrow
|move|p2a: Thus the Lationus|Trick|p1a: Honchkrow
|-activate|p2a: Thus the Lationus|move: Trick|[of] p1a: Honchkrow
|-item|p1a: Honchkrow|Choice Scarf|[from] move: Trick
|-item|p2a: Thus the Lationus|Black Glasses|[from] move: Trick
|
|-weather|RainDance|[upkeep]
|upkeep
|turn|24
|
|t:|1747681741
|move|p2a: Thus the Lationus|Surf|p1a: Honchkrow
|-damage|p1a: Honchkrow|0 fnt
|faint|p1a: Honchkrow
|
|win|Paltham
|raw|spliffdiff's rating: 1453 &rarr; <strong>1423</strong><br />(-30 for losing)
|raw|Paltham's rating: 1256 &rarr; <strong>1294</strong><br />(+38 for winning)
|l|☆spliffdiff
|player|p1|
