|j|☆99 red drifloon
|j|☆decision makers
|t:|1749063275
|gametype|singles
|player|p1|99 red drifloon|169|1464
|player|p2|decision makers|ethan-gen2|1479
|teamsize|p1|6
|teamsize|p2|6
|gen|5
|tier|[Gen 5] OU
|rated|
|rule|Species Clause: Limit one of each Pokémon
|rule|OHKO Clause: OHKO moves are banned
|rule|Moody Clause: Moody is banned
|rule|Evasion Items Clause: Evasion items are banned
|rule|Evasion Moves Clause: Evasion moves are banned
|rule|Endless Battle Clause: Forcing endless battles is banned
|rule|HP Percentage Mod: HP is shown in percentages
|rule|Evasion Abilities Clause: Evasion abilities are banned
|rule|Sleep Moves Clause: Sleep-inducing moves are banned
|rule|Swagger Clause: Swagger is banned
|rule|Baton Pass Stat Clause: No Baton Passer may have a way to boost its stats
|clearpoke
|poke|p1|Tyranitar, M|item
|poke|p1|Magnezone|item
|poke|p1|Terrakion|item
|poke|p1|Latios, M|item
|poke|p1|Scizor, M|item
|poke|p1|Landorus-Therian, M|item
|poke|p2|Aerodactyl, M|item
|poke|p2|Breloom, F|item
|poke|p2|Garchomp, F|item
|poke|p2|Latios, M|item
|poke|p2|Lucario, F|item
|poke|p2|Scizor, M|item
|teampreview
|inactive|Battle timer is ON: inactive players will automatically lose when time's up. (requested by decision makers)
|
|t:|1749063291
|start
|switch|p1a: Bron Bron|Landorus-Therian, M|100/100
|switch|p2a: Aerodactyl|Aerodactyl, M|100/100
|-ability|p2a: Aerodactyl|Pressure
|-ability|p1a: Bron Bron|Intimidate|boost
|-unboost|p2a: Aerodactyl|atk|1
|turn|1
|
|t:|1749063297
|move|p2a: Aerodactyl|Stealth Rock|p1a: Bron Bron
|-sidestart|p1: 99 red drifloon|move: Stealth Rock
|move|p1a: Bron Bron|U-turn|p2a: Aerodactyl
|-resisted|p2a: Aerodactyl
|-damage|p2a: Aerodactyl|77/100
|
|t:|1749063299
|switch|p1a: Miller|Scizor, M, shiny|100/100|[from] U-turn
|-damage|p1a: Miller|88/100|[from] Stealth Rock
|
|upkeep
|turn|2
|
|t:|1749063302
|move|p1a: Miller|Bullet Punch|p2a: Aerodactyl
|-supereffective|p2a: Aerodactyl
|-damage|p2a: Aerodactyl|0 fnt
|faint|p2a: Aerodactyl
|
|upkeep
|
|t:|1749063307
|switch|p2a: Garchomp|Garchomp, F|100/100
|turn|3
|
|t:|1749063309
|switch|p1a: Bron Bron|Landorus-Therian, M|100/100
|-damage|p1a: Bron Bron|88/100|[from] Stealth Rock
|-ability|p1a: Bron Bron|Intimidate|boost
|-unboost|p2a: Garchomp|atk|1
|move|p2a: Garchomp|Swords Dance|p2a: Garchomp
|-boost|p2a: Garchomp|atk|2
|
|upkeep
|turn|4
|
|t:|1749063313
|move|p2a: Garchomp|Substitute|p2a: Garchomp
|-start|p2a: Garchomp|Substitute
|-damage|p2a: Garchomp|76/100
|move|p1a: Bron Bron|Earthquake|p2a: Garchomp
|-end|p2a: Garchomp|Substitute
|
|upkeep
|turn|5
|
|t:|1749063319
|move|p2a: Garchomp|Dragon Claw|p1a: Bron Bron
|-damage|p1a: Bron Bron|20/100
|move|p1a: Bron Bron|Hidden Power|p2a: Garchomp
|-supereffective|p2a: Garchomp
|-crit|p2a: Garchomp
|-damage|p2a: Garchomp|0 fnt
|faint|p2a: Garchomp
|
|upkeep
|c|☆decision makers|:(
|c|☆99 red drifloon|Ez CLAP
|
|t:|1749063335
|switch|p2a: Breloom|Breloom, F, shiny|100/100
|turn|6
|
|t:|1749063342
|move|p2a: Breloom|Swords Dance|p2a: Breloom
|-boost|p2a: Breloom|atk|2
|move|p1a: Bron Bron|Hidden Power|p2a: Breloom
|-supereffective|p2a: Breloom
|-enditem|p2a: Breloom|Yache Berry|[eat]
|-enditem|p2a: Breloom|Yache Berry|[weaken]
|-damage|p2a: Breloom|59/100
|
|upkeep
|turn|7
|c|☆decision makers|classis response
|c|☆decision makers|classic*
|
|t:|1749063351
|move|p2a: Breloom|Mach Punch|p1a: Bron Bron
|-resisted|p1a: Bron Bron
|-damage|p1a: Bron Bron|0 fnt
|faint|p1a: Bron Bron
|
|upkeep
|
|t:|1749063359
|switch|p1a: Miller|Scizor, M, shiny|88/100
|-damage|p1a: Miller|76/100|[from] Stealth Rock
|turn|8
|
|t:|1749063376
|move|p2a: Breloom|Mach Punch|p1a: Miller
|-damage|p1a: Miller|12/100
|move|p1a: Miller|Bullet Punch|p2a: Breloom
|-damage|p2a: Breloom|0 fnt
|faint|p2a: Breloom
|
|upkeep
|inactive|decision makers has 120 seconds left.
|
|t:|1749063415
|switch|p2a: Lucario|Lucario, F|100/100
|turn|9
|
|t:|1749063423
|move|p1a: Miller|Bullet Punch|p2a: Lucario
|-resisted|p2a: Lucario
|-damage|p2a: Lucario|62/100
|move|p2a: Lucario|Swords Dance|p2a: Lucario
|-boost|p2a: Lucario|atk|2
|
|upkeep
|turn|10
|
|t:|1749063425
|move|p2a: Lucario|Extreme Speed|p1a: Miller
|-resisted|p1a: Miller
|-damage|p1a: Miller|0 fnt
|faint|p1a: Miller
|-damage|p2a: Lucario|52/100|[from] item: Life Orb
|
|upkeep
|
|t:|1749063432
|switch|p1a: D.Wade|Terrakion|100/100
|-damage|p1a: D.Wade|94/100|[from] Stealth Rock
|turn|11
|
|t:|1749063434
|switch|p2a: Latios|Latios, M, shiny|100/100
|move|p1a: D.Wade|Close Combat|p2a: Latios
|-resisted|p2a: Latios
|-damage|p2a: Latios|58/100
|-unboost|p1a: D.Wade|def|1
|-unboost|p1a: D.Wade|spd|1
|
|upkeep
|turn|12
|
|t:|1749063439
|switch|p2a: Lucario|Lucario, F|52/100
|switch|p1a: Pat Riely|Tyranitar, M|100/100
|-damage|p1a: Pat Riely|88/100|[from] Stealth Rock
|-weather|Sandstorm|[from] ability: Sand Stream|[of] p1a: Pat Riely
|
|-weather|Sandstorm|[upkeep]
|-heal|p1a: Pat Riely|94/100|[from] item: Leftovers
|upkeep
|turn|13
|
|t:|1749063445
|move|p2a: Lucario|Close Combat|p1a: Pat Riely
|-supereffective|p1a: Pat Riely
|-damage|p1a: Pat Riely|0 fnt
|-unboost|p2a: Lucario|def|1
|-unboost|p2a: Lucario|spd|1
|faint|p1a: Pat Riely
|-damage|p2a: Lucario|42/100|[from] item: Life Orb
|
|-weather|Sandstorm|[upkeep]
|upkeep
|
|t:|1749063451
|switch|p1a: D.Wade|Terrakion|94/100
|-damage|p1a: D.Wade|88/100|[from] Stealth Rock
|turn|14
|
|t:|1749063471
|switch|p2a: Scizor|Scizor, M|100/100
|move|p1a: D.Wade|Close Combat|p2a: Scizor
|-damage|p2a: Scizor|41/100
|-unboost|p1a: D.Wade|def|1
|-unboost|p1a: D.Wade|spd|1
|
|-weather|Sandstorm|[upkeep]
|upkeep
|turn|15
|
|t:|1749063486
|move|p1a: D.Wade|Close Combat|p2a: Scizor
|-damage|p2a: Scizor|0 fnt
|-unboost|p1a: D.Wade|def|1
|-unboost|p1a: D.Wade|spd|1
|faint|p2a: Scizor
|
|-weather|Sandstorm|[upkeep]
|upkeep
|
|t:|1749063489
|switch|p2a: Latios|Latios, M, shiny|58/100
|turn|16
|
|t:|1749063499
|switch|p2a: Lucario|Lucario, F|42/100
|switch|p1a: Bosh|Latios, M, shiny|100/100
|-damage|p1a: Bosh|88/100|[from] Stealth Rock
|
|-weather|Sandstorm|[upkeep]
|-damage|p1a: Bosh|82/100|[from] Sandstorm
|upkeep
|turn|17
|
|t:|1749063501
|move|p1a: Bosh|Psyshock|p2a: Lucario
|-damage|p2a: Lucario|0 fnt
|faint|p2a: Lucario
|
|-weather|Sandstorm|[upkeep]
|-damage|p1a: Bosh|76/100|[from] Sandstorm
|upkeep
|
|t:|1749063503
|switch|p2a: Latios|Latios, M, shiny|58/100
|turn|18
|
|t:|1749063512
|move|p2a: Latios|Draco Meteor|p1a: Bosh
|-supereffective|p1a: Bosh
|-damage|p1a: Bosh|0 fnt
|-unboost|p2a: Latios|spa|2
|faint|p1a: Bosh
|
|-weather|Sandstorm|[upkeep]
|-damage|p2a: Latios|52/100|[from] Sandstorm
|upkeep
|
|t:|1749063515
|switch|p1a: D.Wade|Terrakion|88/100
|-damage|p1a: D.Wade|82/100|[from] Stealth Rock
|turn|19
|
|t:|1749063517
|move|p2a: Latios|Draco Meteor|p1a: D.Wade
|-damage|p1a: D.Wade|53/100
|-unboost|p2a: Latios|spa|2
|move|p1a: D.Wade|X-Scissor|p2a: Latios
|-supereffective|p2a: Latios
|-damage|p2a: Latios|0 fnt
|faint|p2a: Latios
|
|win|99 red drifloon
|raw|99 red drifloon's rating: 1464 &rarr; <strong>1485</strong><br />(+21 for winning)
|raw|decision makers's rating: 1479 &rarr; <strong>1458</strong><br />(-21 for losing)
|c|☆99 red drifloon|GG NO RE
|c|☆decision makers|re
|c|☆decision makers|for what
|c|☆decision makers|?
|c|☆decision makers|i'm still #1
|c|☆decision makers|gg bud
|l|☆decision makers
|player|p2|
