|j|☆Hector5463
|j|☆Gh0st of Perdition
|player|p1|Hector5463|picnicker|1494
|player|p2|Gh0st of Perdition|gentleman-gen1rb|1632
|teamsize|p1|6
|teamsize|p2|6
|gametype|singles
|gen|5
|tier|[Gen 5] OU
|rated|
|clearpoke
|poke|p1|Politoed, F|item
|poke|p1|Keldeo-Resolute|item
|poke|p1|Jirachi|item
|poke|p1|Amoonguss, F|item
|poke|p1|Excadrill, M|item
|poke|p1|Tornadus, M|item
|poke|p2|Dragonite, M|item
|poke|p2|Politoed, M|item
|poke|p2|Toxicroak, M|item
|poke|p2|Thundurus-Therian, M|item
|poke|p2|Starmie|item
|poke|p2|Ferrothorn, F|item
|rule|Species Clause: Limit one of each Pokémon
|rule|OHKO Clause: OHKO moves are banned
|rule|Moody Clause: Moody is banned
|rule|Evasion Moves Clause: Evasion moves are banned
|rule|Endless Battle Clause: Forcing endless battles is banned
|rule|HP Percentage Mod: HP is shown in percentages
|rule|Evasion Abilities Clause: Evasion abilities are banned
|rule|Baton Pass Clause: Limit one Baton Passer, can't pass Spe and other stats simultaneously
|rule|Sleep Clause: Sleep-inducing moves are banned
|rule|Swagger Clause: Swagger is banned
|teampreview
|
|start
|switch|p1a: Tornadus|Tornadus, M|100/100
|switch|p2a: Thundurus|Thundurus-Therian, M|100/100
|turn|1
|
|move|p1a: Tornadus|U-turn|p2a: Thundurus
|-resisted|p2a: Thundurus
|-damage|p2a: Thundurus|87/100
|
|switch|p1a: Amoonguss|Amoonguss, F|100/100|[from]move: U-turn
|move|p2a: Thundurus|Substitute|p2a: Thundurus
|-start|p2a: Thundurus|Substitute
|-damage|p2a: Thundurus|63/100
|
|-heal|p2a: Thundurus|69/100|[from] item: Leftovers
|upkeep
|turn|2
|
|move|p2a: Thundurus|Hidden Power|p1a: Amoonguss
|-supereffective|p1a: Amoonguss
|-damage|p1a: Amoonguss|64/100
|move|p1a: Amoonguss|Clear Smog|p2a: Thundurus
|-activate|p2a: Thundurus|Substitute|[damage]
|
|-heal|p2a: Thundurus|75/100|[from] item: Leftovers
|-heal|p1a: Amoonguss|71/100|[from] item: Black Sludge
|upkeep
|turn|3
|
|move|p2a: Thundurus|Thunder|p1a: Amoonguss
|-resisted|p1a: Amoonguss
|-damage|p1a: Amoonguss|48/100
|move|p1a: Amoonguss|Clear Smog|p2a: Thundurus
|-end|p2a: Thundurus|Substitute
|
|-heal|p2a: Thundurus|81/100|[from] item: Leftovers
|-heal|p1a: Amoonguss|54/100|[from] item: Black Sludge
|upkeep
|turn|4
|
|switch|p1a: Jirachi|Jirachi|100/100
|move|p2a: Thundurus|Substitute|p2a: Thundurus
|-start|p2a: Thundurus|Substitute
|-damage|p2a: Thundurus|56/100
|
|-heal|p2a: Thundurus|62/100|[from] item: Leftovers
|upkeep
|turn|5
|
|move|p2a: Thundurus|Thunder|p1a: Jirachi
|-damage|p1a: Jirachi|40/100
|move|p1a: Jirachi|Icy Wind|p2a: Thundurus
|-supereffective|p2a: Thundurus
|-end|p2a: Thundurus|Substitute
|
|-heal|p2a: Thundurus|68/100|[from] item: Leftovers
|-heal|p1a: Jirachi|46/100|[from] item: Leftovers
|upkeep
|turn|6
|
|switch|p1a: Amoonguss|Amoonguss, F|88/100
|move|p2a: Thundurus|Thunder|p1a: Amoonguss
|-resisted|p1a: Amoonguss
|-damage|p1a: Amoonguss|65/100
|-status|p1a: Amoonguss|par
|
|-heal|p2a: Thundurus|74/100|[from] item: Leftovers
|-heal|p1a: Amoonguss|71/100 par|[from] item: Black Sludge
|upkeep
|turn|7
|
|move|p2a: Thundurus|Substitute|p2a: Thundurus
|-start|p2a: Thundurus|Substitute
|-damage|p2a: Thundurus|49/100
|cant|p1a: Amoonguss|par
|
|-heal|p2a: Thundurus|55/100|[from] item: Leftovers
|-heal|p1a: Amoonguss|77/100 par|[from] item: Black Sludge
|upkeep
|turn|8
|
|move|p2a: Thundurus|Hidden Power|p1a: Amoonguss
|-supereffective|p1a: Amoonguss
|-damage|p1a: Amoonguss|42/100 par
|cant|p1a: Amoonguss|par
|
|-heal|p2a: Thundurus|61/100|[from] item: Leftovers
|-heal|p1a: Amoonguss|48/100 par|[from] item: Black Sludge
|upkeep
|turn|9
|
|switch|p1a: Excadrill|Excadrill, M|100/100
|-ability|p1a: Excadrill|Mold Breaker
|move|p2a: Thundurus|Hidden Power|p1a: Excadrill
|-damage|p1a: Excadrill|66/100
|
|-heal|p2a: Thundurus|67/100|[from] item: Leftovers
|-heal|p1a: Excadrill|72/100|[from] item: Leftovers
|upkeep
|turn|10
|
|move|p1a: Excadrill|Protect|p1a: Excadrill
|-singleturn|p1a: Excadrill|Protect
|move|p2a: Thundurus|Hidden Power|p1a: Excadrill
|-activate|p1a: Excadrill|move: Protect
|
|-heal|p2a: Thundurus|73/100|[from] item: Leftovers
|-heal|p1a: Excadrill|78/100|[from] item: Leftovers
|upkeep
|turn|11
|
|move|p2a: Thundurus|Focus Blast|p1a: Excadrill
|-supereffective|p1a: Excadrill
|-damage|p1a: Excadrill|0 fnt
|faint|p1a: Excadrill
|
|-heal|p2a: Thundurus|79/100|[from] item: Leftovers
|upkeep
|
|switch|p1a: Tornadus|Tornadus, M|100/100
|turn|12
|
|move|p1a: Tornadus|U-turn|p2a: Thundurus
|-resisted|p2a: Thundurus
|-activate|p2a: Thundurus|Substitute|[damage]
|
|switch|p1a: Amoonguss|Amoonguss, F|81/100 par|[from]move: U-turn
|move|p2a: Thundurus|Thunder|p1a: Amoonguss
|-resisted|p1a: Amoonguss
|-damage|p1a: Amoonguss|60/100 par
|
|-heal|p2a: Thundurus|85/100|[from] item: Leftovers
|-heal|p1a: Amoonguss|66/100 par|[from] item: Black Sludge
|upkeep
|turn|13
|
|move|p2a: Thundurus|Hidden Power|p1a: Amoonguss
|-supereffective|p1a: Amoonguss
|-damage|p1a: Amoonguss|30/100 par
|move|p1a: Amoonguss|Clear Smog|p2a: Thundurus
|-end|p2a: Thundurus|Substitute
|
|-heal|p2a: Thundurus|91/100|[from] item: Leftovers
|-heal|p1a: Amoonguss|36/100 par|[from] item: Black Sludge
|upkeep
|turn|14
|
|switch|p1a: Tornadus|Tornadus, M|100/100
|move|p2a: Thundurus|Substitute|p2a: Thundurus
|-start|p2a: Thundurus|Substitute
|-damage|p2a: Thundurus|67/100
|
|-heal|p2a: Thundurus|73/100|[from] item: Leftovers
|upkeep
|turn|15
|
|move|p1a: Tornadus|Hurricane|p2a: Thundurus|[miss]
|-miss|p1a: Tornadus|p2a: Thundurus
|move|p2a: Thundurus|Hidden Power|p1a: Tornadus
|-supereffective|p1a: Tornadus
|-damage|p1a: Tornadus|28/100
|
|-heal|p1a: Tornadus|34/100|[from] item: Leftovers
|-heal|p2a: Thundurus|79/100|[from] item: Leftovers
|upkeep
|turn|16
|
|move|p1a: Tornadus|U-turn|p2a: Thundurus
|-resisted|p2a: Thundurus
|-activate|p2a: Thundurus|Substitute|[damage]
|l|☆Hector5463
|player|p1|
|inactive|Battle timer is ON: inactive players will automatically lose when time's up. (requested by Gh0st of Perdition)
|j| sefyhhh
|inactive|Hector5463 has 30 seconds to reconnect!
|inactive|Hector5463 has 20 seconds to reconnect!
|inactive|Hector5463 has 15 seconds to reconnect!
|inactive|Hector5463 has 10 seconds to reconnect!
|inactive|Hector5463 has 5 seconds to reconnect!
|-message|Hector5463 lost due to inactivity.
|
|win|Gh0st of Perdition
|raw|Hector5463's rating: 1495 &rarr; <strong>1482</strong><br />(-13 for losing)
|raw|Gh0st of Perdition's rating: 1632 &rarr; <strong>1645</strong><br />(+13 for winning)
