|j|☆lady_dimitrescu_2
|j|☆Sapphirewashere2
|t:|1730077814
|gametype|singles
|player|p1|lady_dimitrescu_2|shadowtriad|1406
|player|p2|Sapphirewashere2|266|1412
|teamsize|p1|6
|teamsize|p2|6
|gen|5
|tier|[Gen 5] OU
|rated|
|rule|Species Clause: Limit one of each Pokémon
|rule|OHKO Clause: OHKO moves are banned
|rule|Moody Clause: Moody is banned
|rule|Evasion Items Clause: Evasion items are banned
|rule|Evasion Moves Clause: Evasion moves are banned
|rule|Endless Battle Clause: Forcing endless battles is banned
|rule|HP Percentage Mod: HP is shown in percentages
|rule|Evasion Abilities Clause: Evasion abilities are banned
|rule|Sleep Moves Clause: Sleep-inducing moves are banned
|rule|Swagger Clause: Swagger is banned
|rule|Baton Pass Stat Clause: No Baton Passer may have a way to boost its stats
|clearpoke
|poke|p1|Tyranitar, M|item
|poke|p1|Alakazam, F|item
|poke|p1|Latios, M|item
|poke|p1|Ferrothorn, M|item
|poke|p1|Keldeo|item
|poke|p1|Landorus-Therian, M|item
|poke|p2|Tentacruel, F|item
|poke|p2|Kyurem|item
|poke|p2|Ditto|item
|poke|p2|Scizor, M|item
|poke|p2|Abomasnow, M|item
|poke|p2|Mamoswine, F|item
|teampreview
|
|t:|1730077826
|start
|switch|p1a: Alakazam|Alakazam, F|100/100
|switch|p2a: Mamoswine|Mamoswine, F|100/100
|turn|1
|
|t:|1730077835
|move|p1a: Alakazam|Grass Knot|p2a: Mamoswine
|-supereffective|p2a: Mamoswine
|-enditem|p2a: Mamoswine|Focus Sash
|-damage|p2a: Mamoswine|1/100
|move|p2a: Mamoswine|Earthquake|p1a: Alakazam
|-damage|p1a: Alakazam|0 fnt
|faint|p1a: Alakazam
|
|upkeep
|
|t:|1730077842
|switch|p1a: Keldeo|Keldeo|100/100
|turn|2
|
|t:|1730077847
|switch|p2a: Tentacruel|Tentacruel, F|100/100
|move|p1a: Keldeo|Scald|p2a: Tentacruel
|-resisted|p2a: Tentacruel
|-damage|p2a: Tentacruel|83/100
|
|-heal|p2a: Tentacruel|89/100|[from] item: Black Sludge
|upkeep
|turn|3
|
|t:|1730077857
|switch|p1a: Latios|Latios, M|100/100
|switch|p2a: Mamoswine|Mamoswine, F|1/100
|
|upkeep
|turn|4
|
|t:|1730077871
|move|p2a: Mamoswine|Ice Shard|p1a: Latios
|-supereffective|p1a: Latios
|-damage|p1a: Latios|37/100
|move|p1a: Latios|Surf|p2a: Mamoswine
|-supereffective|p2a: Mamoswine
|-damage|p2a: Mamoswine|0 fnt
|faint|p2a: Mamoswine
|
|upkeep
|
|t:|1730077878
|switch|p2a: Scizor|Scizor, M|100/100
|turn|5
|
|t:|1730077883
|switch|p1a: Landorus|Landorus-Therian, M|100/100
|-ability|p1a: Landorus|Intimidate|boost
|-unboost|p2a: Scizor|atk|1
|move|p2a: Scizor|U-turn|p1a: Landorus
|-resisted|p1a: Landorus
|-damage|p1a: Landorus|82/100
|
|t:|1730077891
|switch|p2a: Kyurem|Kyurem|100/100|[from] U-turn
|-ability|p2a: Kyurem|Pressure
|
|-heal|p1a: Landorus|88/100|[from] item: Leftovers
|upkeep
|turn|6
|
|t:|1730077904
|switch|p1a: Tyranitar|Tyranitar, M|100/100
|-weather|Sandstorm|[from] ability: Sand Stream|[of] p1a: Tyranitar
|move|p2a: Kyurem|Substitute|p2a: Kyurem
|-start|p2a: Kyurem|Substitute
|-damage|p2a: Kyurem|76/100
|
|-weather|Sandstorm|[upkeep]
|-damage|p2a: Kyurem|69/100|[from] Sandstorm
|-heal|p2a: Kyurem|76/100|[from] item: Leftovers
|upkeep
|turn|7
|
|t:|1730077909
|switch|p2a: Scizor|Scizor, M|100/100
|move|p1a: Tyranitar|Crunch|p2a: Scizor
|-resisted|p2a: Scizor
|-damage|p2a: Scizor|82/100
|
|-weather|Sandstorm|[upkeep]
|upkeep
|turn|8
|
|t:|1730077915
|switch|p1a: Landorus|Landorus-Therian, M|88/100
|-ability|p1a: Landorus|Intimidate|boost
|-unboost|p2a: Scizor|atk|1
|move|p2a: Scizor|U-turn|p1a: Landorus
|-resisted|p1a: Landorus
|-crit|p1a: Landorus
|-damage|p1a: Landorus|33/100
|
|t:|1730077920
|switch|p2a: Abomasnow|Abomasnow, M|100/100|[from] U-turn
|-weather|Hail|[from] ability: Snow Warning|[of] p2a: Abomasnow
|
|-weather|Hail|[upkeep]
|-damage|p1a: Landorus|27/100|[from] Hail
|-heal|p1a: Landorus|33/100|[from] item: Leftovers
|upkeep
|turn|9
|
|t:|1730077929
|switch|p1a: Ferrothorn|Ferrothorn, M|100/100
|move|p2a: Abomasnow|Leech Seed|p1a: Ferrothorn
|-immune|p1a: Ferrothorn
|
|-weather|Hail|[upkeep]
|-damage|p1a: Ferrothorn|95/100|[from] Hail
|upkeep
|turn|10
|
|t:|1730077938
|switch|p2a: Tentacruel|Tentacruel, F|89/100
|move|p1a: Ferrothorn|Knock Off|p2a: Tentacruel
|-damage|p2a: Tentacruel|84/100
|-enditem|p2a: Tentacruel|Black Sludge|[from] move: Knock Off|[of] p1a: Ferrothorn
|
|-weather|Hail|[upkeep]
|-damage|p2a: Tentacruel|78/100|[from] Hail
|-damage|p1a: Ferrothorn|89/100|[from] Hail
|upkeep
|turn|11
|
|t:|1730077944
|move|p2a: Tentacruel|Toxic Spikes|p1a: Ferrothorn
|-sidestart|p1: lady_dimitrescu_2|move: Toxic Spikes
|move|p1a: Ferrothorn|Power Whip|p2a: Tentacruel
|-damage|p2a: Tentacruel|28/100
|
|-weather|Hail|[upkeep]
|-damage|p2a: Tentacruel|22/100|[from] Hail
|-damage|p1a: Ferrothorn|83/100|[from] Hail
|upkeep
|turn|12
|
|t:|1730077951
|move|p2a: Tentacruel|Toxic Spikes|p1a: Ferrothorn
|-sidestart|p1: lady_dimitrescu_2|move: Toxic Spikes
|move|p1a: Ferrothorn|Spikes|p2a: Tentacruel
|-sidestart|p2: Sapphirewashere2|Spikes
|
|-weather|Hail|[upkeep]
|-damage|p2a: Tentacruel|16/100|[from] Hail
|-damage|p1a: Ferrothorn|77/100|[from] Hail
|upkeep
|turn|13
|
|t:|1730077956
|move|p2a: Tentacruel|Rapid Spin|p1a: Ferrothorn
|-resisted|p1a: Ferrothorn
|-crit|p1a: Ferrothorn
|-damage|p1a: Ferrothorn|74/100
|-damage|p2a: Tentacruel|4/100|[from] ability: Iron Barbs|[of] p1a: Ferrothorn
|-sideend|p2: Sapphirewashere2|Spikes|[from] move: Rapid Spin|[of] p2a: Tentacruel
|move|p1a: Ferrothorn|Spikes|p2a: Tentacruel
|-sidestart|p2: Sapphirewashere2|Spikes
|
|-weather|Hail|[upkeep]
|-damage|p2a: Tentacruel|0 fnt|[from] Hail
|-damage|p1a: Ferrothorn|68/100|[from] Hail
|faint|p2a: Tentacruel
|upkeep
|
|t:|1730077962
|switch|p2a: Ditto|Ditto|100/100
|-damage|p2a: Ditto|88/100|[from] Spikes
|-transform|p2a: Ditto|p1a: Ferrothorn|[from] ability: Imposter
|turn|14
|
|t:|1730077971
|move|p2a: Ditto|Spikes|p1a: Ferrothorn
|-sidestart|p1: lady_dimitrescu_2|Spikes
|move|p1a: Ferrothorn|Spikes|p2a: Ditto
|-sidestart|p2: Sapphirewashere2|Spikes
|
|-weather|Hail|[upkeep]
|-damage|p2a: Ditto|82/100|[from] Hail
|-damage|p1a: Ferrothorn|62/100|[from] Hail
|upkeep
|turn|15
|
|t:|1730077975
|move|p2a: Ditto|Spikes|p1a: Ferrothorn
|-sidestart|p1: lady_dimitrescu_2|Spikes
|move|p1a: Ferrothorn|Spikes|p2a: Ditto
|-sidestart|p2: Sapphirewashere2|Spikes
|
|-weather|Hail|[upkeep]
|-damage|p2a: Ditto|76/100|[from] Hail
|-damage|p1a: Ferrothorn|56/100|[from] Hail
|upkeep
|turn|16
|
|t:|1730077983
|switch|p2a: Abomasnow|Abomasnow, M|100/100
|-damage|p2a: Abomasnow|75/100|[from] Spikes
|switch|p1a: Landorus|Landorus-Therian, M|33/100
|-ability|p1a: Landorus|Intimidate|boost
|-unboost|p2a: Abomasnow|atk|1
|
|-weather|Hail|[upkeep]
|-damage|p1a: Landorus|27/100|[from] Hail
|-heal|p1a: Landorus|33/100|[from] item: Leftovers
|-heal|p2a: Abomasnow|82/100|[from] item: Leftovers
|upkeep
|turn|17
|
|t:|1730077997
|switch|p1a: Ferrothorn|Ferrothorn, M|56/100
|-damage|p1a: Ferrothorn|40/100|[from] Spikes
|move|p2a: Abomasnow|Ice Shard|p1a: Ferrothorn
|-damage|p1a: Ferrothorn|33/100
|
|-weather|Hail|[upkeep]
|-damage|p1a: Ferrothorn|27/100|[from] Hail
|-heal|p2a: Abomasnow|88/100|[from] item: Leftovers
|upkeep
|turn|18
|
|t:|1730078008
|move|p2a: Abomasnow|Blizzard|p1a: Ferrothorn
|-damage|p1a: Ferrothorn|0 fnt
|faint|p1a: Ferrothorn
|
|-weather|Hail|[upkeep]
|-heal|p2a: Abomasnow|94/100|[from] item: Leftovers
|upkeep
|
|t:|1730078014
|switch|p1a: Tyranitar|Tyranitar, M|100/100
|-status|p1a: Tyranitar|tox
|-damage|p1a: Tyranitar|84/100 tox|[from] Spikes
|-weather|Sandstorm|[from] ability: Sand Stream|[of] p1a: Tyranitar
|turn|19
|
|t:|1730078021
|switch|p2a: Scizor|Scizor, M|82/100
|-damage|p2a: Scizor|57/100|[from] Spikes
|move|p1a: Tyranitar|Flamethrower|p2a: Scizor
|-supereffective|p2a: Scizor
|-damage|p2a: Scizor|0 fnt
|faint|p2a: Scizor
|
|-weather|Sandstorm|[upkeep]
|-damage|p1a: Tyranitar|78/100 tox|[from] psn
|upkeep
|
|t:|1730078033
|switch|p2a: Kyurem|Kyurem|76/100
|-damage|p2a: Kyurem|51/100|[from] Spikes
|-ability|p2a: Kyurem|Pressure
|turn|20
|
|t:|1730078047
|switch|p1a: Latios|Latios, M|37/100
|move|p2a: Kyurem|Substitute|p2a: Kyurem
|-start|p2a: Kyurem|Substitute
|-damage|p2a: Kyurem|26/100
|
|-weather|Sandstorm|[upkeep]
|-damage|p1a: Latios|31/100|[from] Sandstorm
|-damage|p2a: Kyurem|20/100|[from] Sandstorm
|-heal|p2a: Kyurem|26/100|[from] item: Leftovers
|upkeep
|turn|21
|
|t:|1730078053
|move|p1a: Latios|Psyshock|p2a: Kyurem
|-end|p2a: Kyurem|Substitute
|move|p2a: Kyurem|Roost|p2a: Kyurem
|-heal|p2a: Kyurem|76/100
|-singleturn|p2a: Kyurem|move: Roost
|
|-weather|Sandstorm|[upkeep]
|-damage|p1a: Latios|25/100|[from] Sandstorm
|-damage|p2a: Kyurem|70/100|[from] Sandstorm
|-heal|p2a: Kyurem|76/100|[from] item: Leftovers
|upkeep
|turn|22
|
|t:|1730078060
|move|p1a: Latios|Psyshock|p2a: Kyurem
|-damage|p2a: Kyurem|36/100
|move|p2a: Kyurem|Substitute|p2a: Kyurem
|-start|p2a: Kyurem|Substitute
|-damage|p2a: Kyurem|11/100
|
|-weather|Sandstorm|[upkeep]
|-damage|p1a: Latios|19/100|[from] Sandstorm
|-damage|p2a: Kyurem|5/100|[from] Sandstorm
|-heal|p2a: Kyurem|11/100|[from] item: Leftovers
|upkeep
|turn|23
|
|t:|1730078065
|move|p1a: Latios|Psyshock|p2a: Kyurem
|-end|p2a: Kyurem|Substitute
|move|p2a: Kyurem|Roost|p2a: Kyurem
|-heal|p2a: Kyurem|61/100
|-singleturn|p2a: Kyurem|move: Roost
|
|-weather|Sandstorm|[upkeep]
|-damage|p1a: Latios|13/100|[from] Sandstorm
|-damage|p2a: Kyurem|55/100|[from] Sandstorm
|-heal|p2a: Kyurem|61/100|[from] item: Leftovers
|upkeep
|turn|24
|
|t:|1730078072
|move|p1a: Latios|Psyshock|p2a: Kyurem
|-crit|p2a: Kyurem
|-damage|p2a: Kyurem|0 fnt
|faint|p2a: Kyurem
|
|-weather|Sandstorm|[upkeep]
|-damage|p1a: Latios|7/100|[from] Sandstorm
|upkeep
|
|t:|1730078081
|switch|p2a: Abomasnow|Abomasnow, M|94/100
|-damage|p2a: Abomasnow|69/100|[from] Spikes
|-weather|Hail|[from] ability: Snow Warning|[of] p2a: Abomasnow
|turn|25
|
|t:|1730078087
|switch|p1a: Tyranitar|Tyranitar, M|78/100 tox
|-damage|p1a: Tyranitar|61/100 tox|[from] Spikes
|-weather|Sandstorm|[from] ability: Sand Stream|[of] p1a: Tyranitar
|move|p2a: Abomasnow|Ice Shard|p1a: Tyranitar
|-damage|p1a: Tyranitar|51/100 tox
|
|-weather|Sandstorm|[upkeep]
|-damage|p2a: Abomasnow|63/100|[from] Sandstorm
|-heal|p2a: Abomasnow|69/100|[from] item: Leftovers
|-damage|p1a: Tyranitar|45/100 tox|[from] psn
|upkeep
|turn|26
|
|t:|1730078093
|move|p1a: Tyranitar|Pursuit|p2a: Abomasnow
|-damage|p2a: Abomasnow|48/100
|move|p2a: Abomasnow|Giga Drain|p1a: Tyranitar
|-supereffective|p1a: Tyranitar
|-damage|p1a: Tyranitar|18/100 tox
|-heal|p2a: Abomasnow|62/100|[from] drain|[of] p1a: Tyranitar
|
|-weather|Sandstorm|[upkeep]
|-damage|p2a: Abomasnow|56/100|[from] Sandstorm
|-heal|p2a: Abomasnow|62/100|[from] item: Leftovers
|-damage|p1a: Tyranitar|6/100 tox|[from] psn
|upkeep
|turn|27
|
|t:|1730078101
|move|p2a: Abomasnow|Ice Shard|p1a: Tyranitar
|-damage|p1a: Tyranitar|0 fnt
|faint|p1a: Tyranitar
|
|-weather|Sandstorm|[upkeep]
|-damage|p2a: Abomasnow|56/100|[from] Sandstorm
|-heal|p2a: Abomasnow|62/100|[from] item: Leftovers
|upkeep
|
|t:|1730078106
|switch|p1a: Keldeo|Keldeo|100/100
|-status|p1a: Keldeo|tox
|-damage|p1a: Keldeo|84/100 tox|[from] Spikes
|turn|28
|
|t:|1730078111
|move|p2a: Abomasnow|Ice Shard|p1a: Keldeo
|-resisted|p1a: Keldeo
|-damage|p1a: Keldeo|77/100 tox
|move|p1a: Keldeo|Secret Sword|p2a: Abomasnow
|-supereffective|p2a: Abomasnow
|-damage|p2a: Abomasnow|0 fnt
|faint|p2a: Abomasnow
|
|-weather|Sandstorm|[upkeep]
|-damage|p1a: Keldeo|70/100 tox|[from] Sandstorm
|-heal|p1a: Keldeo|77/100 tox|[from] item: Leftovers
|-damage|p1a: Keldeo|70/100 tox|[from] psn
|upkeep
|
|t:|1730078115
|switch|p2a: Ditto|Ditto|76/100
|-damage|p2a: Ditto|51/100|[from] Spikes
|-transform|p2a: Ditto|p1a: Keldeo|[from] ability: Imposter
|turn|29
|
|t:|1730078131
|move|p2a: Ditto|Secret Sword|p1a: Keldeo
|-damage|p1a: Keldeo|23/100 tox
|move|p1a: Keldeo|Secret Sword|p2a: Ditto
|-damage|p2a: Ditto|0 fnt
|faint|p2a: Ditto
|
|win|lady_dimitrescu_2
|raw|lady_dimitrescu_2's rating: 1406 &rarr; <strong>1426</strong><br />(+20 for winning)
|raw|Sapphirewashere2's rating: 1412 &rarr; <strong>1392</strong><br />(-20 for losing)
|l|☆Sapphirewashere2
|player|p2|
