|j|☆ChrisCross1990
|j|☆enrav1x
|t:|1748343275
|gametype|singles
|player|p1|ChrisCross1990|101|1407
|player|p2|enrav1x|265|1349
|teamsize|p1|6
|teamsize|p2|6
|gen|5
|tier|[Gen 5] OU
|rated|
|rule|Species Clause: Limit one of each Pokémon
|rule|OHKO Clause: OHKO moves are banned
|rule|Moody Clause: Moody is banned
|rule|Evasion Items Clause: Evasion items are banned
|rule|Evasion Moves Clause: Evasion moves are banned
|rule|Endless Battle Clause: Forcing endless battles is banned
|rule|HP Percentage Mod: HP is shown in percentages
|rule|Evasion Abilities Clause: Evasion abilities are banned
|rule|Sleep Moves Clause: Sleep-inducing moves are banned
|rule|Swagger Clause: Swagger is banned
|rule|Baton Pass Stat Clause: No Baton Passer may have a way to boost its stats
|clearpoke
|poke|p1|Tyranitar, M|item
|poke|p1|Excadrill, M|item
|poke|p1|Jellicent, M|item
|poke|p1|Conkeldurr, F|item
|poke|p1|Garchomp, M|item
|poke|p1|Landorus-Therian, M|item
|poke|p2|Garchomp, F|item
|poke|p2|Terrakion|item
|poke|p2|Starmie|item
|poke|p2|Dragonite, M|item
|poke|p2|Scizor, M|item
|poke|p2|Breloom, M|item
|teampreview
|inactive|Battle timer is ON: inactive players will automatically lose when time's up. (requested by ChrisCross1990)
|
|t:|1748343301
|start
|switch|p1a: Conkeldurr|Conkeldurr, F|100/100
|switch|p2a: Terrakion|Terrakion|100/100
|turn|1
|
|t:|1748343308
|move|p2a: Terrakion|Stealth Rock|p1a: Conkeldurr
|-sidestart|p1: ChrisCross1990|move: Stealth Rock
|move|p1a: Conkeldurr|Drain Punch|p2a: Terrakion
|-supereffective|p2a: Terrakion
|-enditem|p2a: Terrakion|Focus Sash
|-damage|p2a: Terrakion|1/100
|
|upkeep
|turn|2
|
|t:|1748343315
|move|p1a: Conkeldurr|Mach Punch|p2a: Terrakion
|-supereffective|p2a: Terrakion
|-damage|p2a: Terrakion|0 fnt
|faint|p2a: Terrakion
|
|upkeep
|
|t:|1748343332
|switch|p2a: Starmie|Starmie|100/100
|-item|p2a: Starmie|Air Balloon
|turn|3
|
|t:|1748343338
|switch|p1a: Jellicent|Jellicent, M|100/100
|-damage|p1a: Jellicent|88/100|[from] Stealth Rock
|move|p2a: Starmie|Hydro Pump|p1a: Jellicent
|-heal|p1a: Jellicent|100/100|[from] ability: Water Absorb|[of] p2a: Starmie
|
|upkeep
|turn|4
|
|t:|1748343355
|switch|p1a: Tyranitar|Tyranitar, M|100/100
|-damage|p1a: Tyranitar|88/100|[from] Stealth Rock
|-weather|Sandstorm|[from] ability: Sand Stream|[of] p1a: Tyranitar
|move|p2a: Starmie|Thunder|p1a: Tyranitar
|-damage|p1a: Tyranitar|69/100
|-status|p1a: Tyranitar|par
|
|-weather|Sandstorm|[upkeep]
|-damage|p2a: Starmie|94/100|[from] Sandstorm
|upkeep
|turn|5
|
|t:|1748343373
|-activate|p2a: Starmie|move: Pursuit
|move|p1a: Tyranitar|Pursuit|p2a: Starmie|[from] Pursuit
|-supereffective|p2a: Starmie
|-crit|p2a: Starmie
|-damage|p2a: Starmie|0 fnt
|-enditem|p2a: Starmie|Air Balloon
|faint|p2a: Starmie
|-hint|A Pokemon can't switch between when it runs out of HP and when it faints
|
|-weather|Sandstorm|[upkeep]
|upkeep
|
|t:|1748343377
|switch|p2a: Dragonite|Dragonite, M|100/100
|turn|6
|
|t:|1748343399
|switch|p1a: Landorus|Landorus-Therian, M|100/100
|-damage|p1a: Landorus|88/100|[from] Stealth Rock
|-ability|p1a: Landorus|Intimidate|boost
|-unboost|p2a: Dragonite|atk|1
|move|p2a: Dragonite|Dragon Dance|p2a: Dragonite
|-boost|p2a: Dragonite|atk|1
|-boost|p2a: Dragonite|spe|1
|
|-weather|Sandstorm|[upkeep]
|-damage|p2a: Dragonite|94/100|[from] Sandstorm
|-heal|p1a: Landorus|94/100|[from] item: Leftovers
|upkeep
|turn|7
|
|t:|1748343408
|move|p2a: Dragonite|Dragon Dance|p2a: Dragonite
|-boost|p2a: Dragonite|atk|1
|-boost|p2a: Dragonite|spe|1
|move|p1a: Landorus|Smack Down|p2a: Dragonite
|-supereffective|p2a: Dragonite
|-damage|p2a: Dragonite|44/100
|-start|p2a: Dragonite|Smack Down
|
|-weather|Sandstorm|[upkeep]
|-damage|p2a: Dragonite|38/100|[from] Sandstorm
|-heal|p1a: Landorus|100/100|[from] item: Leftovers
|upkeep
|turn|8
|
|t:|1748343419
|move|p2a: Dragonite|Outrage|p1a: Landorus
|-damage|p1a: Landorus|0 fnt
|faint|p1a: Landorus
|
|-weather|Sandstorm|[upkeep]
|-damage|p2a: Dragonite|32/100|[from] Sandstorm
|upkeep
|
|t:|1748343426
|switch|p1a: Excadrill|Excadrill, M|100/100
|-damage|p1a: Excadrill|97/100|[from] Stealth Rock
|turn|9
|
|t:|1748343429
|move|p2a: Dragonite|Outrage|p1a: Excadrill|[from] lockedmove
|-resisted|p1a: Excadrill
|-damage|p1a: Excadrill|26/100
|move|p1a: Excadrill|Iron Head|p2a: Dragonite
|-damage|p2a: Dragonite|0 fnt
|faint|p2a: Dragonite
|
|-weather|Sandstorm|[upkeep]
|-heal|p1a: Excadrill|32/100|[from] item: Leftovers
|upkeep
|
|t:|1748343454
|switch|p2a: Breloom|Breloom, M|100/100
|turn|10
|
|t:|1748343464
|move|p1a: Excadrill|Rapid Spin|p2a: Breloom
|-damage|p2a: Breloom|87/100
|-sideend|p1: ChrisCross1990|Stealth Rock|[from] move: Rapid Spin|[of] p1a: Excadrill
|move|p2a: Breloom|Swords Dance|p2a: Breloom
|-boost|p2a: Breloom|atk|2
|
|-weather|Sandstorm|[upkeep]
|-damage|p2a: Breloom|81/100|[from] Sandstorm
|-heal|p1a: Excadrill|38/100|[from] item: Leftovers
|upkeep
|turn|11
|
|t:|1748343480
|move|p2a: Breloom|Mach Punch|p1a: Excadrill
|-supereffective|p1a: Excadrill
|-damage|p1a: Excadrill|0 fnt
|faint|p1a: Excadrill
|-damage|p2a: Breloom|71/100|[from] item: Life Orb
|
|-weather|Sandstorm|[upkeep]
|-damage|p2a: Breloom|65/100|[from] Sandstorm
|upkeep
|
|t:|1748343482
|switch|p1a: Conkeldurr|Conkeldurr, F|100/100
|turn|12
|
|t:|1748343491
|move|p2a: Breloom|Bullet Seed|p1a: Conkeldurr
|-damage|p1a: Conkeldurr|55/100
|-damage|p1a: Conkeldurr|10/100
|-damage|p1a: Conkeldurr|0 fnt
|faint|p1a: Conkeldurr
|-hitcount|p1: Conkeldurr|3
|-damage|p2a: Breloom|55/100|[from] item: Life Orb
|
|-weather|Sandstorm|[upkeep]
|-damage|p2a: Breloom|49/100|[from] Sandstorm
|upkeep
|
|t:|1748343499
|switch|p1a: Garchomp|Garchomp, M|100/100
|turn|13
|
|t:|1748343509
|move|p2a: Breloom|Mach Punch|p1a: Garchomp
|-crit|p1a: Garchomp
|-enditem|p1a: Garchomp|Focus Sash
|-damage|p1a: Garchomp|1/100
|-damage|p2a: Breloom|37/100|[from] ability: Rough Skin|[of] p1a: Garchomp
|-damage|p2a: Breloom|27/100|[from] item: Life Orb
|move|p1a: Garchomp|Flamethrower|p2a: Breloom
|-supereffective|p2a: Breloom
|-crit|p2a: Breloom
|-damage|p2a: Breloom|0 fnt
|faint|p2a: Breloom
|
|-weather|Sandstorm|[upkeep]
|upkeep
|inactive|enrav1x has 120 seconds left.
|
|t:|1748343529
|switch|p2a: Scizor|Scizor, M|100/100
|turn|14
|
|t:|1748343534
|switch|p1a: Jellicent|Jellicent, M|100/100
|move|p2a: Scizor|Bullet Punch|p1a: Jellicent
|-resisted|p1a: Jellicent
|-damage|p1a: Jellicent|78/100
|-damage|p2a: Scizor|91/100|[from] item: Life Orb
|
|-weather|Sandstorm|[upkeep]
|-damage|p1a: Jellicent|72/100|[from] Sandstorm
|-heal|p1a: Jellicent|78/100|[from] item: Leftovers
|upkeep
|turn|15
|
|t:|1748343542
|move|p2a: Scizor|Pursuit|p1a: Jellicent
|-supereffective|p1a: Jellicent
|-damage|p1a: Jellicent|11/100
|-damage|p2a: Scizor|81/100|[from] item: Life Orb
|move|p1a: Jellicent|Water Spout|p2a: Scizor
|-damage|p2a: Scizor|70/100
|
|-weather|Sandstorm|[upkeep]
|-damage|p1a: Jellicent|5/100|[from] Sandstorm
|-heal|p1a: Jellicent|11/100|[from] item: Leftovers
|upkeep
|turn|16
|
|t:|1748343550
|move|p2a: Scizor|Bullet Punch|p1a: Jellicent
|-resisted|p1a: Jellicent
|-damage|p1a: Jellicent|0 fnt
|faint|p1a: Jellicent
|-damage|p2a: Scizor|60/100|[from] item: Life Orb
|
|-weather|Sandstorm|[upkeep]
|upkeep
|
|t:|1748343560
|switch|p1a: Tyranitar|Tyranitar, M|69/100 par
|turn|17
|
|t:|1748343563
|move|p2a: Scizor|Bullet Punch|p1a: Tyranitar
|-supereffective|p1a: Tyranitar
|-damage|p1a: Tyranitar|0 fnt
|faint|p1a: Tyranitar
|-damage|p2a: Scizor|50/100|[from] item: Life Orb
|
|-weather|Sandstorm|[upkeep]
|upkeep
|
|t:|1748343567
|switch|p1a: Garchomp|Garchomp, M|1/100
|turn|18
|c|☆enrav1x|EZ
|
|t:|1748343574
|move|p2a: Scizor|Bullet Punch|p1a: Garchomp
|-damage|p1a: Garchomp|0 fnt
|-damage|p2a: Scizor|38/100|[from] ability: Rough Skin|[of] p1a: Garchomp
|faint|p1a: Garchomp
|-damage|p2a: Scizor|28/100|[from] item: Life Orb
|
|win|enrav1x
|raw|ChrisCross1990's rating: 1407 &rarr; <strong>1384</strong><br />(-23 for losing)
|raw|enrav1x's rating: 1349 &rarr; <strong>1372</strong><br />(+23 for winning)
|l|☆ChrisCross1990
|player|p1|
