|j|‽shatteredx
|j|☆Cunari
|t:|1723475079
|gametype|singles
|player|p1|shatteredx|benga|1351
|player|p2|Cunari|clair|1342
|teamsize|p1|6
|teamsize|p2|6
|gen|5
|tier|[Gen 5] OU
|rated|
|rule|Species Clause: Limit one of each Pokémon
|rule|OHKO Clause: OHKO moves are banned
|rule|Moody Clause: Moody is banned
|rule|Evasion Items Clause: Evasion items are banned
|rule|Evasion Moves Clause: Evasion moves are banned
|rule|Endless Battle Clause: Forcing endless battles is banned
|rule|HP Percentage Mod: HP is shown in percentages
|rule|Evasion Abilities Clause: Evasion abilities are banned
|rule|Sleep Moves Clause: Sleep-inducing moves are banned
|rule|Swagger Clause: Swagger is banned
|rule|Baton Pass Stat Clause: No Baton Passer may have a way to boost its stats
|clearpoke
|poke|p1|Hippowdon, F|item
|poke|p1|Rotom-Wash|item
|poke|p1|Ferrothorn, F|item
|poke|p1|Reuniclus, M|item
|poke|p1|Excadrill, M|item
|poke|p1|Latios, M|item
|poke|p2|Tyranitar, F|item
|poke|p2|Landorus-Therian, M|item
|poke|p2|Latios, M|item
|poke|p2|Ferrothorn, M|item
|poke|p2|Skarmory, F|item
|poke|p2|Starmie|item
|teampreview
|
|t:|1723475084
|start
|switch|p1a: Hippowdon|Hippowdon, F|100/100
|switch|p2a: Landorus|Landorus-Therian, M|100/100
|-ability|p2a: Landorus|Intimidate|boost
|-unboost|p1a: Hippowdon|atk|1
|-weather|Sandstorm|[from] ability: Sand Stream|[of] p1a: Hippowdon
|turn|1
|
|t:|1723475093
|move|p2a: Landorus|U-turn|p1a: Hippowdon
|-damage|p1a: Hippowdon|82/100
|
|t:|1723475097
|switch|p2a: Ferrothorn|Ferrothorn, M|100/100|[from] U-turn
|move|p1a: Hippowdon|Stealth Rock|p2a: Ferrothorn
|-sidestart|p2: Cunari|move: Stealth Rock
|
|-weather|Sandstorm|[upkeep]
|-heal|p1a: Hippowdon|88/100|[from] item: Leftovers
|upkeep
|turn|2
|
|t:|1723475105
|move|p2a: Ferrothorn|Knock Off|p1a: Hippowdon
|-damage|p1a: Hippowdon|85/100
|-enditem|p1a: Hippowdon|Leftovers|[from] move: Knock Off|[of] p2a: Ferrothorn
|move|p1a: Hippowdon|Whirlwind|p2a: Ferrothorn
|drag|p2a: Tyranitar|Tyranitar, F|100/100
|-damage|p2a: Tyranitar|88/100|[from] Stealth Rock
|
|-weather|Sandstorm|[upkeep]
|upkeep
|turn|3
|
|t:|1723475115
|switch|p2a: Landorus|Landorus-Therian, M|100/100
|-damage|p2a: Landorus|88/100|[from] Stealth Rock
|-ability|p2a: Landorus|Intimidate|boost
|-unboost|p1a: Hippowdon|atk|1
|move|p1a: Hippowdon|Earthquake|p2a: Landorus
|-immune|p2a: Landorus
|
|-weather|Sandstorm|[upkeep]
|upkeep
|turn|4
|
|t:|1723475124
|move|p2a: Landorus|U-turn|p1a: Hippowdon
|-damage|p1a: Hippowdon|66/100
|
|t:|1723475128
|switch|p2a: Starmie|Starmie|100/100|[from] U-turn
|-damage|p2a: Starmie|88/100|[from] Stealth Rock
|move|p1a: Hippowdon|Slack Off|p1a: Hippowdon
|-heal|p1a: Hippowdon|100/100
|
|-weather|Sandstorm|[upkeep]
|-damage|p2a: Starmie|82/100|[from] Sandstorm
|-heal|p2a: Starmie|88/100|[from] item: Leftovers
|upkeep
|turn|5
|
|t:|1723475141
|switch|p1a: Ferrothorn|Ferrothorn, F|100/100
|move|p2a: Starmie|Surf|p1a: Ferrothorn
|-resisted|p1a: Ferrothorn
|-damage|p1a: Ferrothorn|90/100
|
|-weather|Sandstorm|[upkeep]
|-damage|p2a: Starmie|82/100|[from] Sandstorm
|-heal|p2a: Starmie|88/100|[from] item: Leftovers
|-heal|p1a: Ferrothorn|96/100|[from] item: Leftovers
|upkeep
|turn|6
|
|t:|1723475158
|move|p2a: Starmie|Thunder Wave|p1a: Ferrothorn
|-status|p1a: Ferrothorn|par
|move|p1a: Ferrothorn|Thunder Wave|p2a: Starmie
|-status|p2a: Starmie|par
|
|-weather|Sandstorm|[upkeep]
|-damage|p2a: Starmie|82/100 par|[from] Sandstorm
|-heal|p2a: Starmie|88/100 par|[from] item: Leftovers
|-heal|p1a: Ferrothorn|100/100 par|[from] item: Leftovers
|upkeep
|turn|7
|
|t:|1723475171
|move|p2a: Starmie|Rapid Spin|p1a: Ferrothorn
|-resisted|p1a: Ferrothorn
|-damage|p1a: Ferrothorn|99/100 par
|-damage|p2a: Starmie|76/100 par|[from] ability: Iron Barbs|[of] p1a: Ferrothorn
|-sideend|p2: Cunari|Stealth Rock|[from] move: Rapid Spin|[of] p2a: Starmie
|move|p1a: Ferrothorn|Leech Seed|p2a: Starmie
|-start|p2a: Starmie|move: Leech Seed
|
|-weather|Sandstorm|[upkeep]
|-damage|p2a: Starmie|70/100 par|[from] Sandstorm
|-heal|p2a: Starmie|76/100 par|[from] item: Leftovers
|-heal|p1a: Ferrothorn|100/100 par|[from] item: Leftovers
|-damage|p2a: Starmie|63/100 par|[from] Leech Seed|[of] p1a: Ferrothorn
|upkeep
|turn|8
|
|t:|1723475183
|-curestatus|p2a: Starmie|par|[from] ability: Natural Cure
|switch|p2a: Landorus|Landorus-Therian, M|88/100
|-ability|p2a: Landorus|Intimidate|boost
|-unboost|p1a: Ferrothorn|atk|1
|move|p1a: Ferrothorn|Power Whip|p2a: Landorus
|-damage|p2a: Landorus|56/100
|
|-weather|Sandstorm|[upkeep]
|upkeep
|turn|9
|
|t:|1723475195
|move|p2a: Landorus|Superpower|p1a: Ferrothorn
|-supereffective|p1a: Ferrothorn
|-damage|p1a: Ferrothorn|25/100 par
|-unboost|p2a: Landorus|atk|1
|-unboost|p2a: Landorus|def|1
|-damage|p2a: Landorus|44/100|[from] ability: Iron Barbs|[of] p1a: Ferrothorn
|move|p1a: Ferrothorn|Leech Seed|p2a: Landorus|[miss]
|-miss|p1a: Ferrothorn|p2a: Landorus
|
|-weather|Sandstorm|[upkeep]
|-heal|p1a: Ferrothorn|31/100 par|[from] item: Leftovers
|upkeep
|turn|10
|
|t:|1723475210
|switch|p1a: Hippowdon|Hippowdon, F|100/100
|move|p2a: Landorus|Superpower|p1a: Hippowdon
|-damage|p1a: Hippowdon|78/100
|-unboost|p2a: Landorus|atk|1
|-unboost|p2a: Landorus|def|1
|
|-weather|Sandstorm|[upkeep]
|upkeep
|turn|11
|
|t:|1723475220
|switch|p2a: Ferrothorn|Ferrothorn, M|100/100
|move|p1a: Hippowdon|Stealth Rock|p2a: Ferrothorn
|-sidestart|p2: Cunari|move: Stealth Rock
|
|-weather|Sandstorm|[upkeep]
|upkeep
|turn|12
|
|t:|1723475227
|move|p2a: Ferrothorn|Spikes|p1a: Hippowdon
|-sidestart|p1: shatteredx|Spikes
|move|p1a: Hippowdon|Whirlwind|p2a: Ferrothorn
|drag|p2a: Starmie|Starmie|63/100
|-damage|p2a: Starmie|51/100|[from] Stealth Rock
|
|-weather|Sandstorm|[upkeep]
|-damage|p2a: Starmie|45/100|[from] Sandstorm
|-heal|p2a: Starmie|51/100|[from] item: Leftovers
|upkeep
|turn|13
|
|t:|1723475236
|move|p2a: Starmie|Surf|p1a: Hippowdon
|-supereffective|p1a: Hippowdon
|-damage|p1a: Hippowdon|32/100
|move|p1a: Hippowdon|Whirlwind|p2a: Starmie
|drag|p2a: Skarmory|Skarmory, F|100/100
|-damage|p2a: Skarmory|88/100|[from] Stealth Rock
|
|-weather|Sandstorm|[upkeep]
|-heal|p2a: Skarmory|94/100|[from] item: Leftovers
|upkeep
|turn|14
|
|t:|1723475246
|move|p2a: Skarmory|Taunt|p1a: Hippowdon
|-start|p1a: Hippowdon|move: Taunt
|cant|p1a: Hippowdon|move: Taunt|Slack Off
|
|-weather|Sandstorm|[upkeep]
|-heal|p2a: Skarmory|99/100|[from] item: Leftovers
|upkeep
|turn|15
|
|t:|1723475257
|switch|p1a: Excadrill|Excadrill, M|100/100
|-damage|p1a: Excadrill|88/100|[from] Spikes
|move|p2a: Skarmory|Stealth Rock|p1a: Excadrill
|-sidestart|p1: shatteredx|move: Stealth Rock
|
|-weather|Sandstorm|[upkeep]
|-heal|p2a: Skarmory|100/100|[from] item: Leftovers
|upkeep
|turn|16
|
|t:|1723475268
|switch|p2a: Ferrothorn|Ferrothorn, M|100/100
|-damage|p2a: Ferrothorn|94/100|[from] Stealth Rock
|move|p1a: Excadrill|Rapid Spin|p2a: Ferrothorn
|-resisted|p2a: Ferrothorn
|-damage|p2a: Ferrothorn|92/100
|-damage|p1a: Excadrill|76/100|[from] ability: Iron Barbs|[of] p2a: Ferrothorn
|-sideend|p1: shatteredx|Spikes|[from] move: Rapid Spin|[of] p1a: Excadrill
|-sideend|p1: shatteredx|Stealth Rock|[from] move: Rapid Spin|[of] p1a: Excadrill
|
|-weather|Sandstorm|[upkeep]
|-heal|p2a: Ferrothorn|98/100|[from] item: Leftovers
|upkeep
|turn|17
|
|t:|1723475279
|switch|p1a: Latios|Latios, M|100/100
|move|p2a: Ferrothorn|Leech Seed|p1a: Latios
|-start|p1a: Latios|move: Leech Seed
|
|-weather|Sandstorm|[upkeep]
|-damage|p1a: Latios|95/100|[from] Sandstorm
|-heal|p2a: Ferrothorn|100/100|[from] item: Leftovers
|-damage|p1a: Latios|82/100|[from] Leech Seed|[of] p2a: Ferrothorn
|upkeep
|turn|18
|
|t:|1723475294
|move|p1a: Latios|Draco Meteor|p2a: Ferrothorn
|-resisted|p2a: Ferrothorn
|-damage|p2a: Ferrothorn|75/100
|-unboost|p1a: Latios|spa|2
|move|p2a: Ferrothorn|Knock Off|p1a: Latios
|-supereffective|p1a: Latios
|-damage|p1a: Latios|70/100
|-enditem|p1a: Latios|Choice Scarf|[from] move: Knock Off|[of] p2a: Ferrothorn
|
|-weather|Sandstorm|[upkeep]
|-damage|p1a: Latios|64/100|[from] Sandstorm
|-heal|p2a: Ferrothorn|81/100|[from] item: Leftovers
|-damage|p1a: Latios|52/100|[from] Leech Seed|[of] p2a: Ferrothorn
|-heal|p2a: Ferrothorn|92/100|[silent]
|upkeep
|turn|19
|
|t:|1723475309
|switch|p1a: Reuniclus|Reuniclus, M, shiny|100/100
|move|p2a: Ferrothorn|Leech Seed|p1a: Reuniclus
|-start|p1a: Reuniclus|move: Leech Seed
|
|-weather|Sandstorm|[upkeep]
|-heal|p2a: Ferrothorn|98/100|[from] item: Leftovers
|upkeep
|turn|20
|
|t:|1723475317
|move|p1a: Reuniclus|Calm Mind|p1a: Reuniclus
|-boost|p1a: Reuniclus|spa|1
|-boost|p1a: Reuniclus|spd|1
|move|p2a: Ferrothorn|Knock Off|p1a: Reuniclus
|-supereffective|p1a: Reuniclus
|-damage|p1a: Reuniclus|94/100
|-enditem|p1a: Reuniclus|Leftovers|[from] move: Knock Off|[of] p2a: Ferrothorn
|
|-weather|Sandstorm|[upkeep]
|-heal|p2a: Ferrothorn|100/100|[from] item: Leftovers
|upkeep
|turn|21
|
|t:|1723475327
|switch|p2a: Landorus|Landorus-Therian, M|44/100
|-damage|p2a: Landorus|32/100|[from] Stealth Rock
|-ability|p2a: Landorus|Intimidate|boost
|-unboost|p1a: Reuniclus|atk|1
|move|p1a: Reuniclus|Calm Mind|p1a: Reuniclus
|-boost|p1a: Reuniclus|spa|1
|-boost|p1a: Reuniclus|spd|1
|
|-weather|Sandstorm|[upkeep]
|upkeep
|turn|22
|
|t:|1723475337
|move|p2a: Landorus|U-turn|p1a: Reuniclus
|-supereffective|p1a: Reuniclus
|-damage|p1a: Reuniclus|54/100
|
|t:|1723475342
|switch|p2a: Tyranitar|Tyranitar, F|88/100|[from] U-turn
|-damage|p2a: Tyranitar|76/100|[from] Stealth Rock
|move|p1a: Reuniclus|Recover|p1a: Reuniclus
|-heal|p1a: Reuniclus|100/100
|
|-weather|Sandstorm|[upkeep]
|upkeep
|turn|23
|
|t:|1723475356
|switch|p1a: Hippowdon|Hippowdon, F|32/100
|move|p2a: Tyranitar|Crunch|p1a: Hippowdon
|-damage|p1a: Hippowdon|3/100
|
|-weather|Sandstorm|[upkeep]
|upkeep
|turn|24
|
|t:|1723475370
|switch|p1a: Excadrill|Excadrill, M|76/100
|move|p2a: Tyranitar|Crunch|p1a: Excadrill
|-resisted|p1a: Excadrill
|-damage|p1a: Excadrill|47/100
|
|-weather|Sandstorm|[upkeep]
|upkeep
|turn|25
|
|t:|1723475383
|switch|p1a: Reuniclus|Reuniclus, M, shiny|100/100
|move|p2a: Tyranitar|Earthquake|p1a: Reuniclus
|-damage|p1a: Reuniclus|77/100
|
|-weather|Sandstorm|[upkeep]
|upkeep
|turn|26
|
|t:|1723475391
|switch|p1a: Rotom|Rotom-Wash|100/100
|move|p2a: Tyranitar|Crunch|p1a: Rotom
|-damage|p1a: Rotom|64/100
|
|-weather|Sandstorm|[upkeep]
|-damage|p1a: Rotom|58/100|[from] Sandstorm
|-heal|p1a: Rotom|64/100|[from] item: Leftovers
|upkeep
|turn|27
|
|t:|1723475401
|move|p2a: Tyranitar|Dragon Dance|p2a: Tyranitar
|-boost|p2a: Tyranitar|atk|1
|-boost|p2a: Tyranitar|spe|1
|move|p1a: Rotom|Will-O-Wisp|p2a: Tyranitar
|-status|p2a: Tyranitar|brn
|-enditem|p2a: Tyranitar|Lum Berry|[eat]
|-curestatus|p2a: Tyranitar|brn|[msg]
|
|-weather|Sandstorm|[upkeep]
|-damage|p1a: Rotom|58/100|[from] Sandstorm
|-heal|p1a: Rotom|64/100|[from] item: Leftovers
|upkeep
|turn|28
|
|t:|1723475413
|move|p2a: Tyranitar|Crunch|p1a: Rotom
|-damage|p1a: Rotom|16/100
|-unboost|p1a: Rotom|def|1
|move|p1a: Rotom|Hydro Pump|p2a: Tyranitar
|-supereffective|p2a: Tyranitar
|-damage|p2a: Tyranitar|23/100
|
|-weather|Sandstorm|[upkeep]
|-damage|p1a: Rotom|9/100|[from] Sandstorm
|-heal|p1a: Rotom|16/100|[from] item: Leftovers
|upkeep
|turn|29
|
|t:|1723475435
|switch|p1a: Ferrothorn|Ferrothorn, F|31/100 par
|move|p2a: Tyranitar|Crunch|p1a: Ferrothorn
|-resisted|p1a: Ferrothorn
|-damage|p1a: Ferrothorn|7/100 par
|-damage|p2a: Tyranitar|11/100|[from] ability: Iron Barbs|[of] p1a: Ferrothorn
|
|-weather|Sandstorm|[upkeep]
|-heal|p1a: Ferrothorn|14/100 par|[from] item: Leftovers
|upkeep
|turn|30
|
|t:|1723475449
|move|p2a: Tyranitar|Earthquake|p1a: Ferrothorn
|-crit|p1a: Ferrothorn
|-damage|p1a: Ferrothorn|0 fnt
|faint|p1a: Ferrothorn
|
|-weather|Sandstorm|[upkeep]
|upkeep
|
|t:|1723475466
|switch|p1a: Hippowdon|Hippowdon, F|3/100
|turn|31
|
|t:|1723475477
|move|p2a: Tyranitar|Earthquake|p1a: Hippowdon
|-damage|p1a: Hippowdon|0 fnt
|faint|p1a: Hippowdon
|
|-weather|Sandstorm|[upkeep]
|upkeep
|
|t:|1723475483
|switch|p1a: Latios|Latios, M|52/100
|turn|32
|
|t:|1723475486
|move|p2a: Tyranitar|Crunch|p1a: Latios
|-supereffective|p1a: Latios
|-damage|p1a: Latios|0 fnt
|faint|p1a: Latios
|
|-weather|Sandstorm|[upkeep]
|upkeep
|-message|shatteredx forfeited.
|
|win|Cunari
|raw|shatteredx's rating: 1351 &rarr; <strong>1330</strong><br />(-21 for losing)
|raw|Cunari's rating: 1342 &rarr; <strong>1363</strong><br />(+21 for winning)
|l|‽shatteredx
|player|p1|
