|j|☆HydreigonSpammer
|j|☆seanb143
|t:|1736413470
|gametype|singles
|player|p1|HydreigonSpammer|iris|1463
|player|p2|seanb143|emmet|1439
|teamsize|p1|6
|teamsize|p2|6
|gen|5
|tier|[Gen 5] OU
|rated|
|rule|Species Clause: Limit one of each Pokémon
|rule|OHKO Clause: OHKO moves are banned
|rule|Moody Clause: Moody is banned
|rule|Evasion Items Clause: Evasion items are banned
|rule|Evasion Moves Clause: Evasion moves are banned
|rule|Endless Battle Clause: Forcing endless battles is banned
|rule|HP Percentage Mod: HP is shown in percentages
|rule|Evasion Abilities Clause: Evasion abilities are banned
|rule|Sleep Moves Clause: Sleep-inducing moves are banned
|rule|Swagger Clause: Swagger is banned
|rule|Baton Pass Stat Clause: No Baton Passer may have a way to boost its stats
|clearpoke
|poke|p1|Conkeldurr, F|item
|poke|p1|Keldeo-Resolute|item
|poke|p1|Gengar, F|item
|poke|p1|Garchomp, F|item
|poke|p1|Terrakion|item
|poke|p1|Hydreigon, F|item
|poke|p2|Jellicent, M|item
|poke|p2|Scizor, F|item
|poke|p2|Starmie|item
|poke|p2|Heatran, M|item
|poke|p2|Ninetales, M|item
|poke|p2|Landorus-Therian, M|item
|teampreview
|inactive|Battle timer is ON: inactive players will automatically lose when time's up. (requested by seanb143)
|
|t:|1736413488
|start
|switch|p1a: Terrakion|Terrakion|100/100
|switch|p2a: Landorus|Landorus-Therian, M, shiny|100/100
|-ability|p2a: Landorus|Intimidate|boost
|-unboost|p1a: Terrakion|atk|1
|turn|1
|
|t:|1736413493
|move|p1a: Terrakion|Hidden Power|p2a: Landorus
|-supereffective|p2a: Landorus
|-damage|p2a: Landorus|18/100
|move|p2a: Landorus|U-turn|p1a: Terrakion
|-resisted|p1a: Terrakion
|-damage|p1a: Terrakion|74/100
|
|t:|1736413502
|switch|p2a: Starmie|Starmie, shiny|100/100|[from] U-turn
|-item|p2a: Starmie|Air Balloon
|
|upkeep
|turn|2
|
|t:|1736413512
|switch|p1a: Hydreigon|Hydreigon, F, shiny|100/100
|move|p2a: Starmie|Hydro Pump|p1a: Hydreigon
|-resisted|p1a: Hydreigon
|-damage|p1a: Hydreigon|64/100
|
|upkeep
|turn|3
|
|t:|1736413520
|switch|p2a: Heatran|Heatran, M, shiny|100/100
|move|p1a: Hydreigon|Dark Pulse|p2a: Heatran
|-resisted|p2a: Heatran
|-damage|p2a: Heatran|88/100
|
|-heal|p2a: Heatran|94/100|[from] item: Leftovers
|upkeep
|turn|4
|
|t:|1736413527
|switch|p1a: Terrakion|Terrakion|74/100
|move|p2a: Heatran|Stealth Rock|p1a: Terrakion
|-sidestart|p1: HydreigonSpammer|move: Stealth Rock
|
|-heal|p2a: Heatran|99/100|[from] item: Leftovers
|upkeep
|turn|5
|
|t:|1736413531
|move|p2a: Heatran|Protect|p2a: Heatran
|-singleturn|p2a: Heatran|Protect
|move|p1a: Terrakion|Stealth Rock|p2a: Heatran
|-sidestart|p2: seanb143|move: Stealth Rock
|
|-heal|p2a: Heatran|100/100|[from] item: Leftovers
|upkeep
|turn|6
|
|t:|1736413536
|move|p1a: Terrakion|Close Combat|p2a: Heatran
|-supereffective|p2a: Heatran
|-damage|p2a: Heatran|18/100
|-unboost|p1a: Terrakion|def|1
|-unboost|p1a: Terrakion|spd|1
|move|p2a: Heatran|Roar|p1a: Terrakion
|drag|p1a: Conkeldurr|Conkeldurr, F|100/100
|-damage|p1a: Conkeldurr|94/100|[from] Stealth Rock
|
|-heal|p2a: Heatran|24/100|[from] item: Leftovers
|-heal|p1a: Conkeldurr|100/100|[from] item: Leftovers
|upkeep
|turn|7
|
|t:|1736413544
|move|p2a: Heatran|Lava Plume|p1a: Conkeldurr
|-damage|p1a: Conkeldurr|74/100
|move|p1a: Conkeldurr|Bulk Up|p1a: Conkeldurr
|-boost|p1a: Conkeldurr|atk|1
|-boost|p1a: Conkeldurr|def|1
|
|-heal|p2a: Heatran|31/100|[from] item: Leftovers
|-heal|p1a: Conkeldurr|80/100|[from] item: Leftovers
|upkeep
|turn|8
|
|t:|1736413550
|move|p1a: Conkeldurr|Mach Punch|p2a: Heatran
|-supereffective|p2a: Heatran
|-damage|p2a: Heatran|0 fnt
|faint|p2a: Heatran
|
|-heal|p1a: Conkeldurr|86/100|[from] item: Leftovers
|upkeep
|
|t:|1736413555
|switch|p2a: Ninetales|Ninetales, M, shiny|100/100
|-damage|p2a: Ninetales|76/100|[from] Stealth Rock
|-weather|SunnyDay|[from] ability: Drought|[of] p2a: Ninetales
|turn|9
|
|t:|1736413563
|switch|p1a: Terrakion|Terrakion|74/100
|-damage|p1a: Terrakion|68/100|[from] Stealth Rock
|move|p2a: Ninetales|Inferno|p1a: Terrakion|[miss]
|-miss|p2a: Ninetales|p1a: Terrakion
|
|-weather|SunnyDay|[upkeep]
|-heal|p2a: Ninetales|82/100|[from] item: Leftovers
|upkeep
|turn|10
|j| Setilaul
|
|t:|1736413570
|switch|p2a: Scizor|Scizor, F, shiny|100/100
|-damage|p2a: Scizor|88/100|[from] Stealth Rock
|move|p1a: Terrakion|Close Combat|p2a: Scizor
|-damage|p2a: Scizor|22/100
|-unboost|p1a: Terrakion|def|1
|-unboost|p1a: Terrakion|spd|1
|
|-weather|SunnyDay|[upkeep]
|upkeep
|turn|11
|
|t:|1736413574
|move|p2a: Scizor|Bullet Punch|p1a: Terrakion
|-supereffective|p1a: Terrakion
|-damage|p1a: Terrakion|0 fnt
|faint|p1a: Terrakion
|
|-weather|SunnyDay|[upkeep]
|upkeep
|
|t:|1736413580
|switch|p1a: Keldeo|Keldeo-Resolute|100/100
|-damage|p1a: Keldeo|94/100|[from] Stealth Rock
|turn|12
|
|t:|1736413585
|switch|p2a: Jellicent|Jellicent, M, shiny|100/100
|-damage|p2a: Jellicent|88/100|[from] Stealth Rock
|move|p1a: Keldeo|Substitute|p1a: Keldeo
|-start|p1a: Keldeo|Substitute
|-damage|p1a: Keldeo|70/100
|
|-weather|SunnyDay|[upkeep]
|-heal|p1a: Keldeo|76/100|[from] item: Leftovers
|-heal|p2a: Jellicent|94/100|[from] item: Leftovers
|upkeep
|turn|13
|
|t:|1736413587
|move|p1a: Keldeo|Calm Mind|p1a: Keldeo
|-boost|p1a: Keldeo|spa|1
|-boost|p1a: Keldeo|spd|1
|move|p2a: Jellicent|Night Shade|p1a: Keldeo
|-end|p1a: Keldeo|Substitute
|
|-weather|SunnyDay|[upkeep]
|-heal|p1a: Keldeo|82/100|[from] item: Leftovers
|-heal|p2a: Jellicent|99/100|[from] item: Leftovers
|upkeep
|turn|14
|
|t:|1736413592
|move|p1a: Keldeo|Substitute|p1a: Keldeo
|-start|p1a: Keldeo|Substitute
|-damage|p1a: Keldeo|57/100
|move|p2a: Jellicent|Taunt|p1a: Keldeo
|-start|p1a: Keldeo|move: Taunt
|
|-weather|SunnyDay|[upkeep]
|-heal|p1a: Keldeo|63/100|[from] item: Leftovers
|-heal|p2a: Jellicent|100/100|[from] item: Leftovers
|upkeep
|turn|15
|
|t:|1736413596
|move|p1a: Keldeo|Hidden Power|p2a: Jellicent
|-supereffective|p2a: Jellicent
|-damage|p2a: Jellicent|58/100
|move|p2a: Jellicent|Night Shade|p1a: Keldeo
|-end|p1a: Keldeo|Substitute
|
|-weather|SunnyDay|[upkeep]
|-heal|p1a: Keldeo|70/100|[from] item: Leftovers
|-heal|p2a: Jellicent|64/100|[from] item: Leftovers
|upkeep
|turn|16
|
|t:|1736413601
|move|p1a: Keldeo|Hidden Power|p2a: Jellicent
|-supereffective|p2a: Jellicent
|-damage|p2a: Jellicent|22/100
|move|p2a: Jellicent|Recover|p2a: Jellicent
|-heal|p2a: Jellicent|72/100
|
|-weather|SunnyDay|[upkeep]
|-heal|p1a: Keldeo|76/100|[from] item: Leftovers
|-heal|p2a: Jellicent|78/100|[from] item: Leftovers
|upkeep
|turn|17
|
|t:|1736413606
|move|p1a: Keldeo|Hidden Power|p2a: Jellicent
|-supereffective|p2a: Jellicent
|-damage|p2a: Jellicent|31/100
|move|p2a: Jellicent|Will-O-Wisp|p1a: Keldeo|[miss]
|-miss|p2a: Jellicent|p1a: Keldeo
|
|-weather|SunnyDay|[upkeep]
|-heal|p1a: Keldeo|82/100|[from] item: Leftovers
|-heal|p2a: Jellicent|37/100|[from] item: Leftovers
|-end|p1a: Keldeo|move: Taunt
|upkeep
|turn|18
|
|t:|1736413612
|move|p1a: Keldeo|Hidden Power|p2a: Jellicent
|-supereffective|p2a: Jellicent
|-damage|p2a: Jellicent|0 fnt
|faint|p2a: Jellicent
|
|-weather|SunnyDay|[upkeep]
|-heal|p1a: Keldeo|88/100|[from] item: Leftovers
|upkeep
|
|t:|1736413614
|switch|p2a: Starmie|Starmie, shiny|100/100
|-damage|p2a: Starmie|88/100|[from] Stealth Rock
|-item|p2a: Starmie|Air Balloon
|turn|19
|
|t:|1736413620
|move|p2a: Starmie|Psyshock|p1a: Keldeo
|-supereffective|p1a: Keldeo
|-crit|p1a: Keldeo
|-damage|p1a: Keldeo|0 fnt
|faint|p1a: Keldeo
|
|-weather|SunnyDay|[upkeep]
|upkeep
|
|t:|1736413624
|switch|p1a: Hydreigon|Hydreigon, F, shiny|64/100
|-damage|p1a: Hydreigon|52/100|[from] Stealth Rock
|turn|20
|
|t:|1736413632
|move|p1a: Hydreigon|Dark Pulse|p2a: Starmie
|-supereffective|p2a: Starmie
|-crit|p2a: Starmie
|-damage|p2a: Starmie|0 fnt
|-enditem|p2a: Starmie|Air Balloon
|faint|p2a: Starmie
|
|-weather|SunnyDay|[upkeep]
|upkeep
|
|t:|1736413641
|switch|p2a: Scizor|Scizor, F, shiny|22/100
|-damage|p2a: Scizor|9/100|[from] Stealth Rock
|turn|21
|
|t:|1736413647
|switch|p1a: Garchomp|Garchomp, F|100/100
|-damage|p1a: Garchomp|94/100|[from] Stealth Rock
|move|p2a: Scizor|Bullet Punch|p1a: Garchomp
|-damage|p1a: Garchomp|64/100
|-damage|p2a: Scizor|0 fnt|[from] ability: Rough Skin|[of] p1a: Garchomp
|faint|p2a: Scizor
|
|-weather|SunnyDay|[upkeep]
|upkeep
|
|t:|1736413650
|switch|p2a: Ninetales|Ninetales, M, shiny|82/100
|-damage|p2a: Ninetales|57/100|[from] Stealth Rock
|turn|22
|
|t:|1736413652
|move|p1a: Garchomp|Earthquake|p2a: Ninetales
|-supereffective|p2a: Ninetales
|-damage|p2a: Ninetales|0 fnt
|faint|p2a: Ninetales
|
|-weather|SunnyDay|[upkeep]
|upkeep
|-message|seanb143 forfeited.
|
|win|HydreigonSpammer
|raw|HydreigonSpammer's rating: 1463 &rarr; <strong>1482</strong><br />(+19 for winning)
|raw|seanb143's rating: 1439 &rarr; <strong>1420</strong><br />(-19 for losing)
|l|☆seanb143
|player|p2|
