|j|☆chomp29
|j|☆leotheboss2
|t:|1731211929
|gametype|singles
|player|p1|chomp29|#capplxwutangclants|1280
|player|p2|leotheboss2|2|1409
|teamsize|p1|6
|teamsize|p2|6
|gen|5
|tier|[Gen 5] OU
|rated|
|rule|Species Clause: Limit one of each Pokémon
|rule|OHKO Clause: OHKO moves are banned
|rule|Moody Clause: Moody is banned
|rule|Evasion Items Clause: Evasion items are banned
|rule|Evasion Moves Clause: Evasion moves are banned
|rule|Endless Battle Clause: Forcing endless battles is banned
|rule|HP Percentage Mod: HP is shown in percentages
|rule|Evasion Abilities Clause: Evasion abilities are banned
|rule|Sleep Moves Clause: Sleep-inducing moves are banned
|rule|Swagger Clause: Swagger is banned
|rule|Baton Pass Stat Clause: No Baton Passer may have a way to boost its stats
|clearpoke
|poke|p1|Skarmory, F|item
|poke|p1|Alakazam, M|item
|poke|p1|Garchomp, F|item
|poke|p1|Scizor, M|item
|poke|p1|Jirachi|item
|poke|p1|Jellicent, M|item
|poke|p2|Tyranitar, F|item
|poke|p2|Garchomp, M|item
|poke|p2|Excadrill, M|item
|poke|p2|Rotom-Wash|item
|poke|p2|Breloom, F|item
|poke|p2|Reuniclus, M|item
|teampreview
|inactive|Battle timer is ON: inactive players will automatically lose when time's up. (requested by leotheboss2)
|inactive|chomp29 also wants the timer to be on.
|
|t:|1731211956
|start
|switch|p1a: Skarmory|Skarmory, F|100/100
|switch|p2a: Garchomp|Garchomp, M|100/100
|turn|1
|
|t:|1731211963
|move|p2a: Garchomp|Fire Blast|p1a: Skarmory|[miss]
|-miss|p2a: Garchomp|p1a: Skarmory
|move|p1a: Skarmory|Spikes|p2a: Garchomp
|-sidestart|p2: leotheboss2|Spikes
|
|upkeep
|turn|2
|
|t:|1731211969
|move|p2a: Garchomp|Stealth Rock|p1a: Skarmory
|-sidestart|p1: chomp29|move: Stealth Rock
|move|p1a: Skarmory|Stealth Rock|p2a: Garchomp
|-sidestart|p2: leotheboss2|move: Stealth Rock
|
|upkeep
|turn|3
|
|t:|1731211975
|move|p2a: Garchomp|Fire Blast|p1a: Skarmory
|-supereffective|p1a: Skarmory
|-crit|p1a: Skarmory
|-ability|p1a: Skarmory|Sturdy
|-damage|p1a: Skarmory|1/100
|-damage|p2a: Garchomp|91/100|[from] item: Life Orb
|move|p1a: Skarmory|Spikes|p2a: Garchomp
|-sidestart|p2: leotheboss2|Spikes
|
|upkeep
|turn|4
|
|t:|1731212002
|switch|p1a: Garchomp|Garchomp, F|100/100
|-damage|p1a: Garchomp|94/100|[from] Stealth Rock
|move|p2a: Garchomp|Fire Blast|p1a: Garchomp
|-resisted|p1a: Garchomp
|-damage|p1a: Garchomp|71/100
|-damage|p2a: Garchomp|81/100|[from] item: Life Orb
|
|upkeep
|turn|5
|
|t:|1731212010
|switch|p2a: Reuniclus|Reuniclus, M|100/100
|move|p1a: Garchomp|Dual Chop|p2a: Reuniclus|[miss]
|-miss|p1a: Garchomp|p2a: Reuniclus
|
|upkeep
|turn|6
|
|t:|1731212017
|switch|p1a: Jirachi|Jirachi|100/100
|-damage|p1a: Jirachi|94/100|[from] Stealth Rock
|move|p2a: Reuniclus|Hidden Power|p1a: Jirachi
|-resisted|p1a: Jirachi
|-damage|p1a: Jirachi|85/100
|
|upkeep
|turn|7
|
|t:|1731212022
|switch|p2a: Rotom|Rotom-Wash|100/100
|-damage|p2a: Rotom|88/100|[from] Stealth Rock
|move|p1a: Jirachi|Energy Ball|p2a: Rotom
|-supereffective|p2a: Rotom
|-damage|p2a: Rotom|29/100
|
|-heal|p2a: Rotom|36/100|[from] item: Leftovers
|upkeep
|turn|8
|
|t:|1731212030
|switch|p2a: Tyranitar|Tyranitar, F|100/100
|-damage|p2a: Tyranitar|84/100|[from] Spikes
|-damage|p2a: Tyranitar|71/100|[from] Stealth Rock
|-weather|Sandstorm|[from] ability: Sand Stream|[of] p2a: Tyranitar
|move|p1a: Jirachi|Energy Ball|p2a: Tyranitar
|-supereffective|p2a: Tyranitar
|-damage|p2a: Tyranitar|44/100
|
|-weather|Sandstorm|[upkeep]
|upkeep
|turn|9
|
|t:|1731212039
|move|p1a: Jirachi|Icy Wind|p2a: Tyranitar
|-damage|p2a: Tyranitar|36/100
|-unboost|p2a: Tyranitar|spe|1
|move|p2a: Tyranitar|Pursuit|p1a: Jirachi
|-damage|p1a: Jirachi|61/100
|
|-weather|Sandstorm|[upkeep]
|upkeep
|turn|10
|
|t:|1731212042
|move|p1a: Jirachi|Iron Head|p2a: Tyranitar
|-supereffective|p2a: Tyranitar
|-damage|p2a: Tyranitar|0 fnt
|faint|p2a: Tyranitar
|
|-weather|Sandstorm|[upkeep]
|upkeep
|c|☆chomp29|Misclickdd
|
|t:|1731212050
|switch|p2a: Excadrill|Excadrill, M|100/100
|-damage|p2a: Excadrill|84/100|[from] Spikes
|-damage|p2a: Excadrill|81/100|[from] Stealth Rock
|turn|11
|
|t:|1731212064
|switch|p1a: Skarmory|Skarmory, F|1/100
|-damage|p1a: Skarmory|0 fnt|[from] Stealth Rock
|faint|p1a: Skarmory
|move|p2a: Excadrill|Earthquake|p1: Skarmory|[notarget]
|-fail|p2a: Excadrill
|
|-weather|Sandstorm|[upkeep]
|upkeep
|
|t:|1731212067
|switch|p1a: Garchomp|Garchomp, F|71/100
|-damage|p1a: Garchomp|65/100|[from] Stealth Rock
|turn|12
|
|t:|1731212074
|switch|p2a: Reuniclus|Reuniclus, M|100/100
|move|p1a: Garchomp|Earthquake|p2a: Reuniclus
|-damage|p2a: Reuniclus|61/100
|
|-weather|Sandstorm|[upkeep]
|-heal|p2a: Reuniclus|67/100|[from] item: Leftovers
|upkeep
|turn|13
|
|t:|1731212084
|switch|p2a: Excadrill|Excadrill, M|81/100
|-damage|p2a: Excadrill|64/100|[from] Spikes
|-damage|p2a: Excadrill|61/100|[from] Stealth Rock
|move|p1a: Garchomp|Earthquake|p2a: Excadrill
|-supereffective|p2a: Excadrill
|-damage|p2a: Excadrill|0 fnt
|faint|p2a: Excadrill
|
|-weather|Sandstorm|[upkeep]
|upkeep
|
|t:|1731212094
|switch|p2a: Breloom|Breloom, F|100/100
|-damage|p2a: Breloom|84/100|[from] Spikes
|-damage|p2a: Breloom|78/100|[from] Stealth Rock
|turn|14
|
|t:|1731212114
|switch|p1a: Jellicent|Jellicent, M, shiny|100/100
|-damage|p1a: Jellicent|88/100|[from] Stealth Rock
|-item|p1a: Jellicent|Air Balloon
|move|p2a: Breloom|Swords Dance|p2a: Breloom
|-boost|p2a: Breloom|atk|2
|
|-weather|Sandstorm|[upkeep]
|-damage|p1a: Jellicent|82/100|[from] Sandstorm
|-damage|p2a: Breloom|71/100|[from] Sandstorm
|-status|p2a: Breloom|tox|[from] item: Toxic Orb
|upkeep
|turn|15
|
|t:|1731212121
|move|p1a: Jellicent|Shadow Ball|p2a: Breloom
|-crit|p2a: Breloom
|-damage|p2a: Breloom|1/100 tox
|move|p2a: Breloom|Swords Dance|p2a: Breloom
|-boost|p2a: Breloom|atk|2
|
|-weather|Sandstorm|[upkeep]
|-damage|p1a: Jellicent|76/100|[from] Sandstorm
|-damage|p2a: Breloom|0 fnt|[from] Sandstorm
|faint|p2a: Breloom
|upkeep
|-message|leotheboss2 forfeited.
|
|win|chomp29
|raw|chomp29's rating: 1280 &rarr; <strong>1314</strong><br />(+34 for winning)
|raw|leotheboss2's rating: 1409 &rarr; <strong>1382</strong><br />(-27 for losing)
|l|☆leotheboss2
|player|p2|
