|j|☆Eereshkigal
|j|☆concept of wind
|player|p1|Eereshkigal|187|1330
|player|p2|concept of wind|147|1395
|teamsize|p1|6
|teamsize|p2|6
|gametype|singles
|gen|5
|tier|[Gen 5] OU
|rated|
|rule|Sleep Clause Mod: Limit one foe put to sleep
|rule|Species Clause: Limit one of each Pokémon
|rule|OHKO Clause: OHKO moves are banned
|rule|Moody Clause: Moody is banned
|rule|Evasion Moves Clause: Evasion moves are banned
|rule|Endless Battle Clause: Forcing endless battles is banned
|rule|HP Percentage Mod: HP is shown in percentages
|rule|Evasion Abilities Clause: Evasion abilities are banned
|rule|Baton Pass Clause: Limit one Baton Passer, can't pass Spe and other stats simultaneously
|rule|Swagger Clause: Swagger is banned
|clearpoke
|poke|p1|Hippowdon, M|item
|poke|p1|Jirachi|item
|poke|p1|Gliscor, M|item
|poke|p1|Ferrothorn, F|item
|poke|p1|Slowking, M|item
|poke|p1|Terrakion|item
|poke|p2|Politoed, M|item
|poke|p2|Tentacruel, M|item
|poke|p2|Thundurus-Therian, M|item
|poke|p2|Excadrill, M|item
|poke|p2|Latios, M|item
|poke|p2|Ferrothorn, M|item
|teampreview
|
|start
|switch|p1a: POWER|Terrakion|100/100
|switch|p2a: Ferrothorn|Ferrothorn, M|100/100
|turn|1
|inactive|Battle timer is ON: inactive players will automatically lose when time's up. (requested by concept of wind)
|
|switch|p2a: Politoed|Politoed, M|100/100
|-weather|RainDance|[from] ability: Drizzle|[of] p2a: Politoed
|move|p1a: POWER|Close Combat|p2a: Politoed
|-damage|p2a: Politoed|54/100
|-unboost|p1a: POWER|def|1
|-unboost|p1a: POWER|spd|1
|
|-weather|RainDance|[upkeep]
|-heal|p2a: Politoed|60/100|[from] item: Leftovers
|upkeep
|turn|2
|
|switch|p1a: VERTIGO|Ferrothorn, F|100/100
|move|p2a: Politoed|Scald|p1a: VERTIGO
|-resisted|p1a: VERTIGO
|-damage|p1a: VERTIGO|87/100
|
|-weather|RainDance|[upkeep]
|-heal|p2a: Politoed|67/100|[from] item: Leftovers
|-heal|p1a: VERTIGO|93/100|[from] item: Leftovers
|upkeep
|turn|3
|
|move|p2a: Politoed|Hypnosis|p1a: VERTIGO
|-status|p1a: VERTIGO|slp|[from] move: Hypnosis
|cant|p1a: VERTIGO|slp
|
|-weather|RainDance|[upkeep]
|-heal|p2a: Politoed|73/100|[from] item: Leftovers
|-heal|p1a: VERTIGO|99/100 slp|[from] item: Leftovers
|upkeep
|turn|4
|
|switch|p2a: Thundurus|Thundurus-Therian, M|100/100
|cant|p1a: VERTIGO|slp
|
|-weather|RainDance|[upkeep]
|-heal|p1a: VERTIGO|100/100 slp|[from] item: Leftovers
|upkeep
|turn|5
|inactive|Eereshkigal has 120 seconds left.
|
|switch|p1a: HEADS WILL ROLL|Hippowdon, M|100/100
|-weather|Sandstorm|[from] ability: Sand Stream|[of] p1a: HEADS WILL ROLL
|move|p2a: Thundurus|Substitute|p2a: Thundurus
|-start|p2a: Thundurus|Substitute
|-damage|p2a: Thundurus|76/100
|
|-weather|Sandstorm|[upkeep]
|-damage|p2a: Thundurus|70/100|[from] Sandstorm
|-heal|p2a: Thundurus|76/100|[from] item: Leftovers
|upkeep
|turn|6
|inactive|Eereshkigal has 120 seconds left.
|
|move|p2a: Thundurus|Hidden Power|p1a: HEADS WILL ROLL
|-supereffective|p1a: HEADS WILL ROLL
|-crit|p1a: HEADS WILL ROLL
|-damage|p1a: HEADS WILL ROLL|0 fnt
|faint|p1a: HEADS WILL ROLL
|
|-weather|Sandstorm|[upkeep]
|-damage|p2a: Thundurus|70/100|[from] Sandstorm
|-heal|p2a: Thundurus|76/100|[from] item: Leftovers
|upkeep
|inactive|Eereshkigal has 120 seconds left.
|
|switch|p1a: YOUNG BLOOD|Jirachi|100/100
|turn|7
|
|move|p2a: Thundurus|Thunder|p1a: YOUNG BLOOD|[miss]
|-miss|p2a: Thundurus|p1a: YOUNG BLOOD
|move|p1a: YOUNG BLOOD|Icy Wind|p2a: Thundurus
|-supereffective|p2a: Thundurus
|-end|p2a: Thundurus|Substitute
|
|-weather|Sandstorm|[upkeep]
|-damage|p2a: Thundurus|70/100|[from] Sandstorm
|-heal|p2a: Thundurus|76/100|[from] item: Leftovers
|upkeep
|turn|8
|inactive|Eereshkigal has 120 seconds left.
|j| Expert-gen3
|inactive|Eereshkigal has 90 seconds left.
|
|switch|p2a: Politoed|Politoed, M|73/100
|-weather|RainDance|[from] ability: Drizzle|[of] p2a: Politoed
|move|p1a: YOUNG BLOOD|Icy Wind|p2a: Politoed
|-resisted|p2a: Politoed
|-damage|p2a: Politoed|65/100
|-unboost|p2a: Politoed|spe|1
|
|-weather|RainDance|[upkeep]
|-heal|p2a: Politoed|71/100|[from] item: Leftovers
|upkeep
|turn|9
|
|switch|p2a: Ferrothorn|Ferrothorn, M|100/100
|move|p1a: YOUNG BLOOD|Energy Ball|p2a: Ferrothorn
|-resisted|p2a: Ferrothorn
|-damage|p2a: Ferrothorn|96/100
|
|-weather|RainDance|[upkeep]
|-heal|p2a: Ferrothorn|100/100|[from] item: Leftovers
|upkeep
|turn|10
|
|switch|p1a: ODYSSEY|Gliscor, M|100/100
|move|p2a: Ferrothorn|Knock Off|p1a: ODYSSEY
|-damage|p1a: ODYSSEY|96/100
|-enditem|p1a: ODYSSEY|Flying Gem|[from] move: Knock Off|[of] p2a: Ferrothorn
|
|-weather|RainDance|[upkeep]
|upkeep
|turn|11
|
|move|p1a: ODYSSEY|Substitute|p1a: ODYSSEY
|-start|p1a: ODYSSEY|Substitute
|-damage|p1a: ODYSSEY|72/100
|move|p2a: Ferrothorn|Stealth Rock|p1a: ODYSSEY
|-sidestart|p1: Eereshkigal|move: Stealth Rock
|
|-weather|RainDance|[upkeep]
|upkeep
|turn|12
|inactive|Eereshkigal has 90 seconds left.
|
|move|p1a: ODYSSEY|Swords Dance|p1a: ODYSSEY
|-boost|p1a: ODYSSEY|atk|2
|move|p2a: Ferrothorn|Spikes|p1a: ODYSSEY
|-sidestart|p1: Eereshkigal|Spikes
|
|-weather|RainDance|[upkeep]
|upkeep
|turn|13
|
|move|p1a: ODYSSEY|Swords Dance|p1a: ODYSSEY
|-boost|p1a: ODYSSEY|atk|2
|move|p2a: Ferrothorn|Spikes|p1a: ODYSSEY
|-sidestart|p1: Eereshkigal|Spikes
|
|-weather|RainDance|[upkeep]
|upkeep
|turn|14
|
|move|p1a: ODYSSEY|Swords Dance|p1a: ODYSSEY
|-boost|p1a: ODYSSEY|atk|2
|move|p2a: Ferrothorn|Power Whip|p1a: ODYSSEY
|-end|p1a: ODYSSEY|Substitute
|
|-weather|RainDance|[upkeep]
|upkeep
|turn|15
|
|move|p1a: ODYSSEY|Substitute|p1a: ODYSSEY
|-start|p1a: ODYSSEY|Substitute
|-damage|p1a: ODYSSEY|47/100
|move|p2a: Ferrothorn|Power Whip|p1a: ODYSSEY
|-end|p1a: ODYSSEY|Substitute
|
|-weather|RainDance|[upkeep]
|upkeep
|turn|16
|
|move|p1a: ODYSSEY|Acrobatics|p2a: Ferrothorn
|-crit|p2a: Ferrothorn
|-damage|p2a: Ferrothorn|0 fnt
|-damage|p1a: ODYSSEY|35/100|[from] ability: Iron Barbs|[of] p2a: Ferrothorn
|faint|p2a: Ferrothorn
|
|-weather|RainDance|[upkeep]
|upkeep
|
|switch|p2a: Latios|Latios, M|100/100
|turn|17
|
|move|p2a: Latios|Surf|p1a: ODYSSEY
|-supereffective|p1a: ODYSSEY
|-crit|p1a: ODYSSEY
|-damage|p1a: ODYSSEY|0 fnt
|faint|p1a: ODYSSEY
|
|-weather|RainDance|[upkeep]
|upkeep
|
|switch|p1a: FORTUNE DAYS|Slowking, M|100/100
|-damage|p1a: FORTUNE DAYS|88/100|[from] Stealth Rock
|-damage|p1a: FORTUNE DAYS|72/100|[from] Spikes
|turn|18
|
|switch|p2a: Tentacruel|Tentacruel, M|100/100
|move|p1a: FORTUNE DAYS|Slack Off|p1a: FORTUNE DAYS
|-heal|p1a: FORTUNE DAYS|100/100
|
|-weather|RainDance|[upkeep]
|upkeep
|turn|19
|inactive|Eereshkigal has 120 seconds left.
|
|move|p2a: Tentacruel|Toxic|p1a: FORTUNE DAYS
|-status|p1a: FORTUNE DAYS|tox
|move|p1a: FORTUNE DAYS|Scald|p2a: Tentacruel
|-resisted|p2a: Tentacruel
|-damage|p2a: Tentacruel|83/100
|
|-weather|RainDance|[upkeep]
|-heal|p2a: Tentacruel|89/100|[from] ability: Rain Dish
|-heal|p2a: Tentacruel|95/100|[from] item: Black Sludge
|-damage|p1a: FORTUNE DAYS|94/100 tox|[from] psn
|upkeep
|turn|20
|
|switch|p1a: YOUNG BLOOD|Jirachi|100/100
|-damage|p1a: YOUNG BLOOD|84/100|[from] Spikes
|-damage|p1a: YOUNG BLOOD|78/100|[from] Stealth Rock
|move|p2a: Tentacruel|Substitute|p2a: Tentacruel
|-start|p2a: Tentacruel|Substitute
|-damage|p2a: Tentacruel|70/100
|
|-weather|RainDance|[upkeep]
|-heal|p2a: Tentacruel|76/100|[from] ability: Rain Dish
|-heal|p2a: Tentacruel|82/100|[from] item: Black Sludge
|-heal|p1a: YOUNG BLOOD|84/100|[from] item: Leftovers
|upkeep
|turn|21
|
|move|p2a: Tentacruel|Scald|p1a: YOUNG BLOOD
|-damage|p1a: YOUNG BLOOD|52/100
|-status|p1a: YOUNG BLOOD|brn
|move|p1a: YOUNG BLOOD|Psychic|p2a: Tentacruel
|-supereffective|p2a: Tentacruel
|-end|p2a: Tentacruel|Substitute
|
|-weather|RainDance|[upkeep]
|-heal|p2a: Tentacruel|88/100|[from] ability: Rain Dish
|-heal|p2a: Tentacruel|94/100|[from] item: Black Sludge
|-heal|p1a: YOUNG BLOOD|59/100 brn|[from] item: Leftovers
|-damage|p1a: YOUNG BLOOD|46/100 brn|[from] brn
|upkeep
|turn|22
|
|move|p2a: Tentacruel|Protect|p2a: Tentacruel
|-singleturn|p2a: Tentacruel|Protect
|move|p1a: YOUNG BLOOD|Psychic|p2a: Tentacruel
|-activate|p2a: Tentacruel|move: Protect
|
|-weather|RainDance|[upkeep]
|-heal|p2a: Tentacruel|99/100|[from] ability: Rain Dish
|-heal|p2a: Tentacruel|100/100|[from] item: Black Sludge
|-heal|p1a: YOUNG BLOOD|52/100 brn|[from] item: Leftovers
|-damage|p1a: YOUNG BLOOD|40/100 brn|[from] brn
|upkeep
|turn|23
|
|move|p2a: Tentacruel|Substitute|p2a: Tentacruel
|-start|p2a: Tentacruel|Substitute
|-damage|p2a: Tentacruel|76/100
|move|p1a: YOUNG BLOOD|Psychic|p2a: Tentacruel
|-supereffective|p2a: Tentacruel
|-crit|p2a: Tentacruel
|-end|p2a: Tentacruel|Substitute
|
|-weather|RainDance|[upkeep]
|-heal|p2a: Tentacruel|82/100|[from] ability: Rain Dish
|-heal|p2a: Tentacruel|88/100|[from] item: Black Sludge
|-heal|p1a: YOUNG BLOOD|46/100 brn|[from] item: Leftovers
|-damage|p1a: YOUNG BLOOD|34/100 brn|[from] brn
|upkeep
|turn|24
|
|move|p2a: Tentacruel|Protect|p2a: Tentacruel
|-singleturn|p2a: Tentacruel|Protect
|move|p1a: YOUNG BLOOD|Psychic|p2a: Tentacruel
|-activate|p2a: Tentacruel|move: Protect
|
|-weather|RainDance|[upkeep]
|-heal|p2a: Tentacruel|94/100|[from] ability: Rain Dish
|-heal|p2a: Tentacruel|99/100|[from] item: Black Sludge
|-heal|p1a: YOUNG BLOOD|40/100 brn|[from] item: Leftovers
|-damage|p1a: YOUNG BLOOD|28/100 brn|[from] brn
|upkeep
|turn|25
|-message|Eereshkigal forfeited.
|
|win|concept of wind
|l|☆Eereshkigal
|raw|Eereshkigal's rating: 1352 &rarr; <strong>1334</strong><br />(-18 for losing)
|raw|concept of wind's rating: 1395 &rarr; <strong>1413</strong><br />(+18 for winning)
