|j|☆Shoka
|j|☆FiestaFord
|player|p1|Shoka|janitor|1663
|player|p2|FiestaFord|lucas|1611
|teamsize|p1|6
|teamsize|p2|6
|gametype|singles
|gen|5
|tier|[Gen 5] OU
|rated|
|rule|Sleep Clause Mod: Limit one foe put to sleep
|rule|Species Clause: Limit one of each Pokémon
|rule|OHKO Clause: OHKO moves are banned
|rule|Moody Clause: Moody is banned
|rule|Evasion Moves Clause: Evasion moves are banned
|rule|Endless Battle Clause: Forcing endless battles is banned
|rule|HP Percentage Mod: HP is shown in percentages
|rule|Evasion Abilities Clause: Evasion abilities are banned
|rule|Baton Pass Clause: Limit one Baton Passer, can't pass Spe and other stats simultaneously
|rule|Swagger Clause: Swagger is banned
|clearpoke
|poke|p1|Hippowdon, M|item
|poke|p1|Ferrothorn, F|item
|poke|p1|Jellicent, M|item
|poke|p1|Latios, M|item
|poke|p1|Heatran, F|item
|poke|p1|Alakazam, M|item
|poke|p2|Tyranitar, F|item
|poke|p2|Heatran, M|item
|poke|p2|Landorus-Therian, M|item
|poke|p2|Ferrothorn, F|item
|poke|p2|Jellicent, M|item
|poke|p2|Alakazam, M|item
|teampreview
|inactive|Battle timer is ON: inactive players will automatically lose when time's up. (requested by FiestaFord)
|j| MikeyTapsa
|inactive|Shoka has 120 seconds left.
|
|start
|switch|p1a: Heatran|Heatran, F|100/100
|switch|p2a: Jellicent|Jellicent, M|100/100
|turn|1
|
|switch|p1a: Jellicent|Jellicent, M|100/100
|switch|p2a: Ferrothorn|Ferrothorn, F|100/100
|
|upkeep
|turn|2
|l| MikeyTapsa
|
|switch|p2a: Heatran|Heatran, M|100/100
|move|p1a: Jellicent|Will-O-Wisp|p2a: Heatran
|-start|p2a: Heatran|ability: Flash Fire
|
|upkeep
|turn|3
|j| 223ss
|
|move|p1a: Jellicent|Taunt|p2a: Heatran
|-start|p2a: Heatran|move: Taunt
|cant|p2a: Heatran|move: Taunt|Toxic
|
|upkeep
|turn|4
|c|☆Shoka|ow
|c|☆Shoka|that's a slow tran
|
|move|p1a: Jellicent|Scald|p2a: Heatran
|-supereffective|p2a: Heatran
|-damage|p2a: Heatran|69/100
|move|p2a: Heatran|Lava Plume|p1a: Jellicent
|-resisted|p1a: Jellicent
|-damage|p1a: Jellicent|79/100
|-status|p1a: Jellicent|brn
|
|-heal|p1a: Jellicent|85/100 brn|[from] item: Leftovers
|-heal|p2a: Heatran|76/100|[from] item: Leftovers
|-damage|p1a: Jellicent|73/100 brn|[from] brn
|upkeep
|turn|5
|
|move|p1a: Jellicent|Will-O-Wisp|p2a: Heatran
|-immune|p2a: Heatran|[from] ability: Flash Fire
|move|p2a: Heatran|Lava Plume|p1a: Jellicent
|-resisted|p1a: Jellicent
|-damage|p1a: Jellicent|52/100 brn
|
|-heal|p1a: Jellicent|58/100 brn|[from] item: Leftovers
|-heal|p2a: Heatran|82/100|[from] item: Leftovers
|-damage|p1a: Jellicent|46/100 brn|[from] brn
|-end|p2a: Heatran|move: Taunt
|upkeep
|turn|6
|
|-end|p2a: Heatran|ability: Flash Fire|[silent]
|switch|p2a: Jellicent|Jellicent, M|100/100
|move|p1a: Jellicent|Recover|p1a: Jellicent
|-heal|p1a: Jellicent|96/100 brn
|
|-heal|p1a: Jellicent|100/100 brn|[from] item: Leftovers
|-damage|p1a: Jellicent|88/100 brn|[from] brn
|upkeep
|turn|7
|
|move|p2a: Jellicent|Taunt|p1a: Jellicent
|-start|p1a: Jellicent|move: Taunt
|cant|p1a: Jellicent|move: Taunt|Will-O-Wisp
|
|-heal|p1a: Jellicent|94/100 brn|[from] item: Leftovers
|-damage|p1a: Jellicent|82/100 brn|[from] brn
|upkeep
|turn|8
|
|switch|p1a: Heatran|Heatran, F|100/100
|move|p2a: Jellicent|Will-O-Wisp|p1a: Heatran
|-start|p1a: Heatran|ability: Flash Fire
|
|upkeep
|turn|9
|
|switch|p2a: Heatran|Heatran, M|82/100
|move|p1a: Heatran|Toxic|p2a: Heatran
|-immune|p2a: Heatran
|
|-heal|p2a: Heatran|88/100|[from] item: Leftovers
|upkeep
|turn|10
|
|-end|p1a: Heatran|ability: Flash Fire|[silent]
|switch|p1a: Hippowdon|Hippowdon, M|100/100
|-weather|Sandstorm|[from] ability: Sand Stream|[of] p1a: Hippowdon
|switch|p2a: Ferrothorn|Ferrothorn, F|100/100
|
|-weather|Sandstorm|[upkeep]
|upkeep
|turn|11
|
|move|p1a: Hippowdon|Stealth Rock|p2a: Ferrothorn
|-sidestart|p2: FiestaFord|move: Stealth Rock
|move|p2a: Ferrothorn|Knock Off|p1a: Hippowdon
|-damage|p1a: Hippowdon|98/100
|-enditem|p1a: Hippowdon|Leftovers|[from] move: Knock Off|[of] p2a: Ferrothorn
|
|-weather|Sandstorm|[upkeep]
|upkeep
|turn|12
|
|switch|p1a: Heatran|Heatran, F|100/100
|move|p2a: Ferrothorn|Spikes|p1a: Heatran
|-sidestart|p1: Shoka|Spikes
|
|-weather|Sandstorm|[upkeep]
|upkeep
|turn|13
|
|switch|p2a: Tyranitar|Tyranitar, F|100/100
|-damage|p2a: Tyranitar|88/100|[from] Stealth Rock
|move|p1a: Heatran|Toxic|p2a: Tyranitar
|-status|p2a: Tyranitar|tox
|
|-weather|Sandstorm|[upkeep]
|-damage|p2a: Tyranitar|82/100 tox|[from] psn
|upkeep
|turn|14
|
|switch|p1a: Hippowdon|Hippowdon, M|98/100
|-damage|p1a: Hippowdon|85/100|[from] Spikes
|move|p2a: Tyranitar|Stealth Rock|p1a: Hippowdon
|-sidestart|p1: Shoka|move: Stealth Rock
|
|-weather|Sandstorm|[upkeep]
|-damage|p2a: Tyranitar|69/100 tox|[from] psn
|upkeep
|turn|15
|
|move|p2a: Tyranitar|Crunch|p1a: Hippowdon
|-damage|p1a: Hippowdon|55/100
|-unboost|p1a: Hippowdon|def|1
|move|p1a: Hippowdon|Earthquake|p2a: Tyranitar
|-supereffective|p2a: Tyranitar
|-damage|p2a: Tyranitar|10/100 tox
|
|-weather|Sandstorm|[upkeep]
|-damage|p2a: Tyranitar|0 fnt|[from] psn
|faint|p2a: Tyranitar
|upkeep
|
|switch|p2a: Alakazam|Alakazam, M|100/100
|turn|16
|
|move|p2a: Alakazam|Hidden Power|p1a: Hippowdon
|-supereffective|p1a: Hippowdon
|-damage|p1a: Hippowdon|18/100
|move|p1a: Hippowdon|Earthquake|p2a: Alakazam
|-damage|p2a: Alakazam|5/100
|
|-weather|Sandstorm|[upkeep]
|upkeep
|turn|17
|
|move|p2a: Alakazam|Hidden Power|p1a: Hippowdon
|-supereffective|p1a: Hippowdon
|-damage|p1a: Hippowdon|0 fnt
|faint|p1a: Hippowdon
|
|-weather|Sandstorm|[upkeep]
|upkeep
|
|switch|p1a: Heatran|Heatran, F|100/100
|-damage|p1a: Heatran|88/100|[from] Spikes
|-damage|p1a: Heatran|76/100|[from] Stealth Rock
|turn|18
|j| el jabar
|
|switch|p2a: Landorus|Landorus-Therian, M|100/100
|-damage|p2a: Landorus|88/100|[from] Stealth Rock
|-ability|p2a: Landorus|Intimidate|boost
|-unboost|p1a: Heatran|atk|1
|move|p1a: Heatran|Earth Power|p2a: Landorus
|-immune|p2a: Landorus
|
|-weather|Sandstorm|[upkeep]
|upkeep
|turn|19
|c| el jabar|ladder bw serieux
|
|switch|p1a: Ferrothorn|Ferrothorn, F|100/100
|-damage|p1a: Ferrothorn|94/100|[from] Stealth Rock
|-damage|p1a: Ferrothorn|82/100|[from] Spikes
|move|p2a: Landorus|U-turn|p1a: Ferrothorn
|-damage|p1a: Ferrothorn|65/100
|-damage|p2a: Landorus|76/100|[from] ability: Iron Barbs|[of] p1a: Ferrothorn
|c| el jabar|y a des gens dessus
|
|switch|p2a: Heatran|Heatran, M|88/100|[from]move: U-turn
|-damage|p2a: Heatran|76/100|[from] Stealth Rock
|
|-weather|Sandstorm|[upkeep]
|-heal|p2a: Heatran|82/100|[from] item: Leftovers
|-heal|p1a: Ferrothorn|71/100|[from] item: Leftovers
|upkeep
|turn|20
|
|move|p1a: Ferrothorn|Protect|p1a: Ferrothorn
|-singleturn|p1a: Ferrothorn|Protect
|move|p2a: Heatran|Lava Plume|p1a: Ferrothorn
|-activate|p1a: Ferrothorn|move: Protect
|
|-weather|Sandstorm|[upkeep]
|-heal|p2a: Heatran|88/100|[from] item: Leftovers
|-heal|p1a: Ferrothorn|77/100|[from] item: Leftovers
|upkeep
|turn|21
|
|switch|p1a: Jellicent|Jellicent, M|82/100 brn
|-damage|p1a: Jellicent|69/100 brn|[from] Spikes
|-damage|p1a: Jellicent|57/100 brn|[from] Stealth Rock
|move|p2a: Heatran|Roar|p1a: Jellicent
|drag|p1a: Heatran|Heatran, F|76/100
|-damage|p1a: Heatran|63/100|[from] Spikes
|-damage|p1a: Heatran|51/100|[from] Stealth Rock
|
|-weather|Sandstorm|[upkeep]
|-heal|p2a: Heatran|94/100|[from] item: Leftovers
|upkeep
|turn|22
|
|move|p2a: Heatran|Protect|p2a: Heatran
|-singleturn|p2a: Heatran|Protect
|move|p1a: Heatran|Earth Power|p2a: Heatran
|-activate|p2a: Heatran|move: Protect
|
|-weather|Sandstorm|[upkeep]
|-heal|p2a: Heatran|100/100|[from] item: Leftovers
|upkeep
|turn|23
|
|switch|p2a: Landorus|Landorus-Therian, M|76/100
|-damage|p2a: Landorus|63/100|[from] Stealth Rock
|-ability|p2a: Landorus|Intimidate|boost
|-unboost|p1a: Heatran|atk|1
|move|p1a: Heatran|Earth Power|p2a: Landorus
|-immune|p2a: Landorus
|
|-weather|Sandstorm|[upkeep]
|upkeep
|turn|24
|
|move|p2a: Landorus|U-turn|p1a: Heatran
|-resisted|p1a: Heatran
|-damage|p1a: Heatran|46/100
|
|switch|p2a: Ferrothorn|Ferrothorn, F|100/100|[from]move: U-turn
|-damage|p2a: Ferrothorn|94/100|[from] Stealth Rock
|move|p1a: Heatran|Earth Power|p2a: Ferrothorn
|-damage|p2a: Ferrothorn|73/100
|
|-weather|Sandstorm|[upkeep]
|-heal|p2a: Ferrothorn|79/100|[from] item: Leftovers
|upkeep
|turn|25
|
|switch|p1a: Jellicent|Jellicent, M|57/100 brn
|-damage|p1a: Jellicent|45/100 brn|[from] Stealth Rock
|-damage|p1a: Jellicent|32/100 brn|[from] Spikes
|move|p2a: Ferrothorn|Spikes|p1a: Jellicent
|-sidestart|p1: Shoka|Spikes
|
|-weather|Sandstorm|[upkeep]
|-damage|p1a: Jellicent|26/100 brn|[from] Sandstorm
|-heal|p1a: Jellicent|32/100 brn|[from] item: Leftovers
|-heal|p2a: Ferrothorn|85/100|[from] item: Leftovers
|-damage|p1a: Jellicent|20/100 brn|[from] brn
|upkeep
|turn|26
|
|move|p1a: Jellicent|Scald|p2a: Ferrothorn
|-resisted|p2a: Ferrothorn
|-damage|p2a: Ferrothorn|77/100
|-status|p2a: Ferrothorn|brn
|move|p2a: Ferrothorn|Power Whip|p1a: Jellicent|[miss]
|-miss|p2a: Ferrothorn|p1a: Jellicent
|
|-weather|Sandstorm|[upkeep]
|-damage|p1a: Jellicent|14/100 brn|[from] Sandstorm
|-heal|p1a: Jellicent|20/100 brn|[from] item: Leftovers
|-heal|p2a: Ferrothorn|83/100 brn|[from] item: Leftovers
|-damage|p1a: Jellicent|7/100 brn|[from] brn
|-damage|p2a: Ferrothorn|71/100 brn|[from] brn
|upkeep
|turn|27
|
|move|p1a: Jellicent|Recover|p1a: Jellicent
|-heal|p1a: Jellicent|58/100 brn
|move|p2a: Ferrothorn|Knock Off|p1a: Jellicent
|-supereffective|p1a: Jellicent
|-damage|p1a: Jellicent|54/100 brn
|-enditem|p1a: Jellicent|Leftovers|[from] move: Knock Off|[of] p2a: Ferrothorn
|
|-weather|Sandstorm|[upkeep]
|-damage|p1a: Jellicent|47/100 brn|[from] Sandstorm
|-heal|p2a: Ferrothorn|77/100 brn|[from] item: Leftovers
|-damage|p1a: Jellicent|35/100 brn|[from] brn
|-damage|p2a: Ferrothorn|65/100 brn|[from] brn
|upkeep
|turn|28
|
|move|p1a: Jellicent|Recover|p1a: Jellicent
|-heal|p1a: Jellicent|85/100 brn
|move|p2a: Ferrothorn|Spikes|p1a: Jellicent
|-sidestart|p1: Shoka|Spikes
|
|-weather|Sandstorm|[upkeep]
|-damage|p1a: Jellicent|79/100 brn|[from] Sandstorm
|-heal|p2a: Ferrothorn|71/100 brn|[from] item: Leftovers
|-damage|p1a: Jellicent|67/100 brn|[from] brn
|-damage|p2a: Ferrothorn|58/100 brn|[from] brn
|upkeep
|turn|29
|
|switch|p2a: Heatran|Heatran, M|100/100
|-damage|p2a: Heatran|88/100|[from] Stealth Rock
|move|p1a: Jellicent|Taunt|p2a: Heatran
|-start|p2a: Heatran|move: Taunt
|
|-weather|Sandstorm|[upkeep]
|-damage|p1a: Jellicent|60/100 brn|[from] Sandstorm
|-heal|p2a: Heatran|94/100|[from] item: Leftovers
|-damage|p1a: Jellicent|48/100 brn|[from] brn
|upkeep
|turn|30
|
|move|p1a: Jellicent|Recover|p1a: Jellicent
|-heal|p1a: Jellicent|98/100 brn
|move|p2a: Heatran|Lava Plume|p1a: Jellicent
|-resisted|p1a: Jellicent
|-damage|p1a: Jellicent|85/100 brn
|
|-weather|Sandstorm|[upkeep]
|-damage|p1a: Jellicent|79/100 brn|[from] Sandstorm
|-heal|p2a: Heatran|100/100|[from] item: Leftovers
|-damage|p1a: Jellicent|67/100 brn|[from] brn
|upkeep
|turn|31
|
|move|p1a: Jellicent|Scald|p2a: Heatran
|-supereffective|p2a: Heatran
|-damage|p2a: Heatran|70/100
|move|p2a: Heatran|Lava Plume|p1a: Jellicent
|-resisted|p1a: Jellicent
|-damage|p1a: Jellicent|54/100 brn
|
|-weather|Sandstorm|[upkeep]
|-damage|p1a: Jellicent|48/100 brn|[from] Sandstorm
|-heal|p2a: Heatran|77/100|[from] item: Leftovers
|-damage|p1a: Jellicent|35/100 brn|[from] brn
|-end|p2a: Heatran|move: Taunt
|upkeep
|turn|32
|
|move|p1a: Jellicent|Recover|p1a: Jellicent
|-heal|p1a: Jellicent|85/100 brn
|move|p2a: Heatran|Lava Plume|p1a: Jellicent
|-resisted|p1a: Jellicent
|-damage|p1a: Jellicent|72/100 brn
|
|-weather|Sandstorm|[upkeep]
|-damage|p1a: Jellicent|66/100 brn|[from] Sandstorm
|-heal|p2a: Heatran|83/100|[from] item: Leftovers
|-damage|p1a: Jellicent|53/100 brn|[from] brn
|upkeep
|turn|33
|
|move|p2a: Heatran|Protect|p2a: Heatran
|-singleturn|p2a: Heatran|Protect
|move|p1a: Jellicent|Recover|p1a: Jellicent
|-heal|p1a: Jellicent|100/100 brn
|
|-weather|Sandstorm|[upkeep]
|-damage|p1a: Jellicent|94/100 brn|[from] Sandstorm
|-heal|p2a: Heatran|89/100|[from] item: Leftovers
|-damage|p1a: Jellicent|82/100 brn|[from] brn
|upkeep
|turn|34
|
|move|p1a: Jellicent|Scald|p2a: Heatran
|-supereffective|p2a: Heatran
|-damage|p2a: Heatran|59/100
|move|p2a: Heatran|Lava Plume|p1a: Jellicent
|-resisted|p1a: Jellicent
|-damage|p1a: Jellicent|67/100 brn
|
|-weather|Sandstorm|[upkeep]
|-damage|p1a: Jellicent|61/100 brn|[from] Sandstorm
|-heal|p2a: Heatran|65/100|[from] item: Leftovers
|-damage|p1a: Jellicent|48/100 brn|[from] brn
|upkeep
|turn|35
|
|move|p1a: Jellicent|Will-O-Wisp|p2a: Heatran
|-start|p2a: Heatran|ability: Flash Fire
|move|p2a: Heatran|Roar|p1a: Jellicent
|drag|p1a: Alakazam|Alakazam, M|100/100
|
|-weather|Sandstorm|[upkeep]
|-heal|p2a: Heatran|71/100|[from] item: Leftovers
|upkeep
|turn|36
|
|move|p1a: Alakazam|Encore|p2a: Heatran
|-start|p2a: Heatran|Encore
|move|p2a: Heatran|Roar|p1a: Alakazam
|drag|p1a: Ferrothorn|Ferrothorn, F|77/100
|-damage|p1a: Ferrothorn|52/100|[from] Spikes
|-damage|p1a: Ferrothorn|46/100|[from] Stealth Rock
|
|-weather|Sandstorm|[upkeep]
|-heal|p2a: Heatran|78/100|[from] item: Leftovers
|-heal|p1a: Ferrothorn|52/100|[from] item: Leftovers
|upkeep
|turn|37
|
|-end|p2a: Heatran|ability: Flash Fire|[silent]
|switch|p2a: Ferrothorn|Ferrothorn, F|58/100 brn
|-damage|p2a: Ferrothorn|52/100 brn|[from] Stealth Rock
|move|p1a: Ferrothorn|Spikes|p2a: Ferrothorn
|-sidestart|p2: FiestaFord|Spikes
|
|-weather|Sandstorm|[upkeep]
|-heal|p2a: Ferrothorn|58/100 brn|[from] item: Leftovers
|-heal|p1a: Ferrothorn|59/100|[from] item: Leftovers
|-damage|p2a: Ferrothorn|46/100 brn|[from] brn
|upkeep
|turn|38
|
|switch|p2a: Heatran|Heatran, M|78/100
|-damage|p2a: Heatran|65/100|[from] Spikes
|-damage|p2a: Heatran|53/100|[from] Stealth Rock
|move|p1a: Ferrothorn|Protect||[still]
|-fail|p1a: Ferrothorn
|
|-weather|Sandstorm|[upkeep]
|-heal|p2a: Heatran|59/100|[from] item: Leftovers
|-heal|p1a: Ferrothorn|65/100|[from] item: Leftovers
|upkeep
|turn|39
|
|switch|p1a: Latios|Latios, M|100/100
|-damage|p1a: Latios|88/100|[from] Stealth Rock
|move|p2a: Heatran|Lava Plume|p1a: Latios
|-resisted|p1a: Latios
|-damage|p1a: Latios|70/100
|
|-weather|Sandstorm|[upkeep]
|-damage|p1a: Latios|64/100|[from] Sandstorm
|-heal|p2a: Heatran|65/100|[from] item: Leftovers
|upkeep
|turn|40
|
|switch|p1a: Alakazam|Alakazam, M|100/100
|move|p2a: Heatran|Protect||[still]
|-fail|p2a: Heatran
|
|-weather|Sandstorm|[upkeep]
|-heal|p2a: Heatran|71/100|[from] item: Leftovers
|upkeep
|turn|41
|
|move|p1a: Alakazam|Psychic|p2a: Heatran
|-resisted|p2a: Heatran
|-damage|p2a: Heatran|57/100
|move|p2a: Heatran|Lava Plume|p1a: Alakazam
|-damage|p1a: Alakazam|44/100
|-status|p1a: Alakazam|brn
|
|-weather|Sandstorm|[upkeep]
|-heal|p2a: Heatran|63/100|[from] item: Leftovers
|upkeep
|turn|42
|
|move|p1a: Alakazam|Focus Blast|p2a: Heatran
|-supereffective|p2a: Heatran
|-damage|p2a: Heatran|8/100
|move|p2a: Heatran|Lava Plume|p1a: Alakazam
|-damage|p1a: Alakazam|0 fnt
|faint|p1a: Alakazam
|
|-weather|Sandstorm|[upkeep]
|-heal|p2a: Heatran|14/100|[from] item: Leftovers
|upkeep
|c|☆Shoka|i choked
|c|☆FiestaFord|Gg
|c|☆Shoka|how sad
|
|switch|p1a: Latios|Latios, M|64/100
|-damage|p1a: Latios|52/100|[from] Stealth Rock
|turn|43
|c|☆FiestaFord|Youre shit
|c|☆FiestaFord|Exactly how i remember
|
|move|p2a: Heatran|Protect|p2a: Heatran
|-singleturn|p2a: Heatran|Protect
|move|p1a: Latios|Dragon Pulse|p2a: Heatran
|-activate|p2a: Heatran|move: Protect
|
|-weather|Sandstorm|[upkeep]
|-damage|p1a: Latios|46/100|[from] Sandstorm
|-heal|p2a: Heatran|20/100|[from] item: Leftovers
|upkeep
|turn|44
|c|☆Shoka|who are you lmao
|c|☆Shoka|im still ahead of you
|c|☆Shoka|even after that loss
|
|move|p2a: Heatran|Protect|p2a: Heatran
|-singleturn|p2a: Heatran|Protect
|move|p1a: Latios|Dragon Pulse|p2a: Heatran
|-activate|p2a: Heatran|move: Protect
|
|-weather|Sandstorm|[upkeep]
|-damage|p1a: Latios|40/100|[from] Sandstorm
|-heal|p2a: Heatran|26/100|[from] item: Leftovers
|upkeep
|turn|45
|
|move|p1a: Latios|Dragon Pulse|p2a: Heatran
|-resisted|p2a: Heatran
|-damage|p2a: Heatran|5/100
|move|p2a: Heatran|Toxic|p1a: Latios|[miss]
|-miss|p2a: Heatran|p1a: Latios
|
|-weather|Sandstorm|[upkeep]
|-damage|p1a: Latios|34/100|[from] Sandstorm
|-heal|p2a: Heatran|11/100|[from] item: Leftovers
|upkeep
|turn|46
|
|move|p2a: Heatran|Protect|p2a: Heatran
|-singleturn|p2a: Heatran|Protect
|move|p1a: Latios|Dragon Pulse|p2a: Heatran
|-activate|p2a: Heatran|move: Protect
|
|-weather|Sandstorm|[upkeep]
|-damage|p1a: Latios|28/100|[from] Sandstorm
|-heal|p2a: Heatran|18/100|[from] item: Leftovers
|upkeep
|turn|47
|
|move|p2a: Heatran|Protect||[still]
|-fail|p2a: Heatran
|move|p1a: Latios|Dragon Pulse|p2a: Heatran
|-resisted|p2a: Heatran
|-damage|p2a: Heatran|0 fnt
|faint|p2a: Heatran
|
|-weather|Sandstorm|[upkeep]
|-damage|p1a: Latios|22/100|[from] Sandstorm
|upkeep
|
|switch|p2a: Alakazam|Alakazam, M|5/100
|turn|48
|
|move|p2a: Alakazam|Signal Beam|p1a: Latios
|-supereffective|p1a: Latios
|-damage|p1a: Latios|0 fnt
|faint|p1a: Latios
|
|-weather|Sandstorm|[upkeep]
|upkeep
|
|switch|p1a: Ferrothorn|Ferrothorn, F|65/100
|-damage|p1a: Ferrothorn|59/100|[from] Stealth Rock
|-damage|p1a: Ferrothorn|34/100|[from] Spikes
|turn|49
|
|move|p2a: Alakazam|Focus Blast|p1a: Ferrothorn
|-supereffective|p1a: Ferrothorn
|-crit|p1a: Ferrothorn
|-damage|p1a: Ferrothorn|0 fnt
|faint|p1a: Ferrothorn
|
|-weather|Sandstorm|[upkeep]
|upkeep
|
|switch|p1a: Jellicent|Jellicent, M|48/100 brn
|-damage|p1a: Jellicent|23/100 brn|[from] Spikes
|-damage|p1a: Jellicent|11/100 brn|[from] Stealth Rock
|turn|50
|
|move|p2a: Alakazam|Psychic|p1a: Jellicent
|-damage|p1a: Jellicent|0 fnt
|faint|p1a: Jellicent
|
|-weather|Sandstorm|[upkeep]
|upkeep
|
|switch|p1a: Heatran|Heatran, F|46/100
|-damage|p1a: Heatran|33/100|[from] Stealth Rock
|-damage|p1a: Heatran|8/100|[from] Spikes
|turn|51
|
|switch|p2a: Ferrothorn|Ferrothorn, F|46/100 brn
|-damage|p2a: Ferrothorn|40/100 brn|[from] Stealth Rock
|-damage|p2a: Ferrothorn|27/100 brn|[from] Spikes
|move|p1a: Heatran|Fire Blast|p2a: Ferrothorn
|-supereffective|p2a: Ferrothorn
|-damage|p2a: Ferrothorn|0 fnt
|faint|p2a: Ferrothorn
|
|-weather|Sandstorm|[upkeep]
|upkeep
|
|switch|p2a: Jellicent|Jellicent, M|100/100
|-damage|p2a: Jellicent|88/100|[from] Stealth Rock
|-damage|p2a: Jellicent|76/100|[from] Spikes
|turn|52
|
|move|p1a: Heatran|Fire Blast|p2a: Jellicent
|-resisted|p2a: Jellicent
|-damage|p2a: Jellicent|53/100
|move|p2a: Jellicent|Recover|p2a: Jellicent
|-heal|p2a: Jellicent|100/100
|
|-weather|Sandstorm|[upkeep]
|-damage|p2a: Jellicent|94/100|[from] Sandstorm
|-heal|p2a: Jellicent|100/100|[from] item: Leftovers
|upkeep
|turn|53
|
|move|p1a: Heatran|Fire Blast|p2a: Jellicent
|-resisted|p2a: Jellicent
|-damage|p2a: Jellicent|75/100
|move|p2a: Jellicent|Night Shade|p1a: Heatran
|-damage|p1a: Heatran|0 fnt
|faint|p1a: Heatran
|
|win|FiestaFord
|raw|Shoka's rating: 1663 &rarr; <strong>1640</strong><br />(-23 for losing)
|raw|FiestaFord's rating: 1611 &rarr; <strong>1634</strong><br />(+23 for winning)
