|j|☆fdsfadsfds
|j|☆nidiedi
|t:|1724474810
|gametype|singles
|player|p1|fdsfadsfds|misty|1447
|player|p2|nidiedi|169|1511
|teamsize|p1|6
|teamsize|p2|6
|gen|5
|tier|[Gen 5] OU
|rated|
|rule|Species Clause: Limit one of each Pokémon
|rule|OHKO Clause: OHKO moves are banned
|rule|Moody Clause: Moody is banned
|rule|Evasion Items Clause: Evasion items are banned
|rule|Evasion Moves Clause: Evasion moves are banned
|rule|Endless Battle Clause: Forcing endless battles is banned
|rule|HP Percentage Mod: HP is shown in percentages
|rule|Evasion Abilities Clause: Evasion abilities are banned
|rule|Sleep Moves Clause: Sleep-inducing moves are banned
|rule|Swagger Clause: Swagger is banned
|rule|Baton Pass Stat Clause: No Baton Passer may have a way to boost its stats
|clearpoke
|poke|p1|Golurk|item
|poke|p1|Xatu, F|item
|poke|p1|Ferrothorn, M|item
|poke|p1|Jirachi|item
|poke|p1|Terrakion|item
|poke|p1|Keldeo|item
|poke|p2|Volcarona, F|item
|poke|p2|Salamence, M|item
|poke|p2|Xatu, M|item
|poke|p2|Ninetales, M|item
|poke|p2|Excadrill, F|item
|poke|p2|Heatran, F|item
|teampreview
|inactive|Battle timer is ON: inactive players will automatically lose when time's up. (requested by nidiedi)
|inactive|fdsfadsfds also wants the timer to be on.
|
|t:|1724474828
|start
|switch|p1a: Golurk|Golurk|100/100
|switch|p2a: Ninetales|Ninetales, M|100/100
|-weather|SunnyDay|[from] ability: Drought|[of] p2a: Ninetales
|turn|1
|
|t:|1724474840
|move|p2a: Ninetales|Will-O-Wisp|p1a: Golurk
|-status|p1a: Golurk|brn
|move|p1a: Golurk|Shadow Punch|p2a: Ninetales
|-damage|p2a: Ninetales|71/100
|-enditem|p2a: Ninetales|Eject Button
|
|t:|1724474861
|switch|p2a: Volcarona|Volcarona, F|100/100
|
|-weather|SunnyDay|[upkeep]
|-damage|p1a: Golurk|88/100 brn|[from] brn
|upkeep
|turn|2
|inactive|nidiedi has 120 seconds left.
|
|t:|1724474878
|move|p2a: Volcarona|Fire Blast|p1a: Golurk
|-damage|p1a: Golurk|0 fnt
|faint|p1a: Golurk
|
|-weather|SunnyDay|[upkeep]
|upkeep
|
|t:|1724474881
|switch|p1a: Terrakion|Terrakion|100/100
|turn|3
|inactive|nidiedi has 120 seconds left.
|
|t:|1724474897
|switch|p2a: ru|Xatu, M|100/100
|move|p1a: Terrakion|Close Combat|p2a: ru
|-resisted|p2a: ru
|-damage|p2a: ru|85/100
|-unboost|p1a: Terrakion|def|1
|-unboost|p1a: Terrakion|spd|1
|-damage|p1a: Terrakion|84/100|[from] item: Rocky Helmet|[of] p2a: ru
|
|-weather|SunnyDay|[upkeep]
|upkeep
|turn|4
|inactive|nidiedi has 120 seconds left.
|
|t:|1724474918
|switch|p1a: Jirachi|Jirachi|100/100
|move|p2a: ru|Reflect|p2a: ru
|-sidestart|p2: nidiedi|Reflect
|
|-weather|SunnyDay|[upkeep]
|upkeep
|turn|5
|
|t:|1724474923
|move|p1a: Jirachi|Thunder|p2a: ru
|-supereffective|p2a: ru
|-damage|p2a: ru|11/100
|-status|p2a: ru|par
|move|p2a: ru|Thunder Wave|p1a: Jirachi
|-status|p1a: Jirachi|par
|
|-weather|SunnyDay|[upkeep]
|upkeep
|turn|6
|inactive|nidiedi has 120 seconds left.
|
|t:|1724474944
|move|p1a: Jirachi|Fire Punch|p2a: ru
|-damage|p2a: ru|0 fnt
|-damage|p1a: Jirachi|84/100 par|[from] item: Rocky Helmet|[of] p2a: ru
|faint|p2a: ru
|
|-weather|SunnyDay|[upkeep]
|-heal|p1a: Jirachi|90/100 par|[from] item: Leftovers
|upkeep
|inactive|nidiedi has 90 seconds left.
|
|t:|1724474995
|switch|p2a: Heatran|Heatran, F|100/100
|-item|p2a: Heatran|Air Balloon
|turn|7
|inactive|nidiedi has 60 seconds left.
|
|t:|1724475020
|switch|p1a: Keldeo|Keldeo|100/100
|move|p2a: Heatran|Fire Blast|p1a: Keldeo
|-resisted|p1a: Keldeo
|-damage|p1a: Keldeo|46/100
|-status|p1a: Keldeo|brn
|
|-weather|SunnyDay|[upkeep]
|-damage|p1a: Keldeo|34/100 brn|[from] brn
|upkeep
|turn|8
|inactive|nidiedi has 60 seconds left.
|inactive|nidiedi has 30 seconds left.
|
|t:|1724475066
|move|p1a: Keldeo|Hydro Pump|p2a: Heatran
|-supereffective|p2a: Heatran
|-damage|p2a: Heatran|15/100
|-enditem|p2a: Heatran|Air Balloon
|move|p2a: Heatran|Earth Power|p1a: Keldeo
|-damage|p1a: Keldeo|0 fnt
|faint|p1a: Keldeo
|
|-weather|SunnyDay|[upkeep]
|-sideend|p2: nidiedi|Reflect
|upkeep
|inactive|nidiedi has 30 seconds left this turn.
|
|t:|1724475075
|switch|p1a: Terrakion|Terrakion|84/100
|turn|9
|inactive|nidiedi has 30 seconds left.
|
|t:|1724475087
|move|p1a: Terrakion|Rock Slide|p2a: Heatran
|-damage|p2a: Heatran|0 fnt
|faint|p2a: Heatran
|
|-weather|SunnyDay|[upkeep]
|upkeep
|inactive|nidiedi has 30 seconds left.
|inactive|nidiedi has 20 seconds left.
|inactive|nidiedi has 15 seconds left.
|
|t:|1724475111
|switch|p2a: Excadrill|Excadrill, F|100/100
|-ability|p2a: Excadrill|Mold Breaker
|turn|10
|inactive|nidiedi has 25 seconds left this turn.
|inactive|nidiedi has 20 seconds left.
|inactive|nidiedi has 15 seconds left.
|
|t:|1724475122
|switch|p1a: Ferrothorn|Ferrothorn, M|100/100
|switch|p2a: Volcarona|Volcarona, F|100/100
|
|-weather|SunnyDay|[upkeep]
|upkeep
|turn|11
|inactive|nidiedi has 25 seconds left this turn.
|inactive|nidiedi has 20 seconds left.
|
|t:|1724475132
|switch|p1a: Terrakion|Terrakion|84/100
|move|p2a: Volcarona|Fire Blast|p1a: Terrakion
|-resisted|p1a: Terrakion
|-damage|p1a: Terrakion|25/100
|
|-weather|SunnyDay|[upkeep]
|upkeep
|turn|12
|inactive|nidiedi has 30 seconds left this turn.
|inactive|nidiedi has 20 seconds left.
|inactive|nidiedi has 15 seconds left.
|inactive|nidiedi has 10 seconds left.
|
|t:|1724475154
|move|p1a: Terrakion|Stone Edge|p2a: Volcarona
|-supereffective|p2a: Volcarona
|-crit|p2a: Volcarona
|-damage|p2a: Volcarona|0 fnt
|faint|p2a: Volcarona
|
|-weather|SunnyDay|[upkeep]
|upkeep
|inactive|nidiedi has 15 seconds left this turn.
|inactive|nidiedi has 10 seconds left.
|
|t:|1724475162
|switch|p2a: Salamence|Salamence, M|100/100
|turn|13
|inactive|nidiedi has 20 seconds left this turn.
|inactive|nidiedi has 15 seconds left.
|
|t:|1724475171
|move|p1a: Terrakion|Stone Edge|p2a: Salamence
|-supereffective|p2a: Salamence
|-damage|p2a: Salamence|0 fnt
|faint|p2a: Salamence
|
|-weather|SunnyDay|[upkeep]
|upkeep
|inactive|nidiedi has 20 seconds left this turn.
|inactive|nidiedi has 15 seconds left.
|inactive|nidiedi has 10 seconds left.
|
|t:|1724475185
|switch|p2a: Excadrill|Excadrill, F|100/100
|-ability|p2a: Excadrill|Mold Breaker
|turn|14
|inactive|nidiedi has 20 seconds left this turn.
|inactive|nidiedi has 15 seconds left.
|
|t:|1724475194
|switch|p1a: Ferrothorn|Ferrothorn, M|100/100
|switch|p2a: Ninetales|Ninetales, M|71/100
|
|-weather|SunnyDay|[upkeep]
|upkeep
|turn|15
|inactive|nidiedi has 25 seconds left this turn.
|inactive|nidiedi has 20 seconds left.
|
|t:|1724475205
|move|p2a: Ninetales|Flamethrower|p1a: Ferrothorn
|-supereffective|p1a: Ferrothorn
|-damage|p1a: Ferrothorn|0 fnt
|faint|p1a: Ferrothorn
|
|-weather|SunnyDay|[upkeep]
|upkeep
|inactive|nidiedi has 25 seconds left this turn.
|
|t:|1724475209
|switch|p1a: Xatu|Xatu, F|100/100
|turn|16
|inactive|nidiedi has 30 seconds left.
|
|t:|1724475215
|move|p2a: Ninetales|Flamethrower|p1a: Xatu
|-damage|p1a: Xatu|42/100
|move|p1a: Xatu|Thunder Wave|p2a: Ninetales
|-status|p2a: Ninetales|par
|
|-weather|SunnyDay|[upkeep]
|-heal|p1a: Xatu|48/100|[from] item: Leftovers
|upkeep
|turn|17
|inactive|nidiedi has 30 seconds left.
|
|t:|1724475235
|move|p1a: Xatu|Roost|p1a: Xatu
|-heal|p1a: Xatu|98/100
|-singleturn|p1a: Xatu|move: Roost
|move|p2a: Ninetales|Flamethrower|p1a: Xatu
|-damage|p1a: Xatu|47/100
|
|-weather|SunnyDay|[upkeep]
|-heal|p1a: Xatu|53/100|[from] item: Leftovers
|upkeep
|turn|18
|inactive|nidiedi has 30 seconds left.
|
|t:|1724475246
|move|p1a: Xatu|Roost|p1a: Xatu
|-heal|p1a: Xatu|100/100
|-singleturn|p1a: Xatu|move: Roost
|move|p2a: Ninetales|Flamethrower|p1a: Xatu
|-damage|p1a: Xatu|45/100
|
|-weather|SunnyDay|[upkeep]
|-heal|p1a: Xatu|51/100|[from] item: Leftovers
|upkeep
|turn|19
|
|t:|1724475255
|move|p1a: Xatu|Roost|p1a: Xatu
|-heal|p1a: Xatu|100/100
|-singleturn|p1a: Xatu|move: Roost
|move|p2a: Ninetales|Flamethrower|p1a: Xatu
|-damage|p1a: Xatu|44/100
|
|-weather|SunnyDay|[upkeep]
|-heal|p1a: Xatu|50/100|[from] item: Leftovers
|upkeep
|turn|20
|
|t:|1724475259
|move|p1a: Xatu|Roost|p1a: Xatu
|-heal|p1a: Xatu|99/100
|-singleturn|p1a: Xatu|move: Roost
|move|p2a: Ninetales|Flamethrower|p1a: Xatu
|-damage|p1a: Xatu|45/100
|
|-weather|SunnyDay|[upkeep]
|-heal|p1a: Xatu|50/100|[from] item: Leftovers
|upkeep
|turn|21
|
|t:|1724475264
|move|p1a: Xatu|Roost|p1a: Xatu
|-heal|p1a: Xatu|100/100
|-singleturn|p1a: Xatu|move: Roost
|move|p2a: Ninetales|Flamethrower|p1a: Xatu
|-damage|p1a: Xatu|47/100
|-status|p1a: Xatu|brn
|
|-weather|SunnyDay|[upkeep]
|-heal|p1a: Xatu|53/100 brn|[from] item: Leftovers
|-damage|p1a: Xatu|41/100 brn|[from] brn
|upkeep
|turn|22
|inactive|nidiedi has 60 seconds left.
|
|t:|1724475273
|move|p1a: Xatu|Heat Wave|p2a: Ninetales
|-resisted|p2a: Ninetales
|-damage|p2a: Ninetales|55/100 par
|move|p2a: Ninetales|Flamethrower|p1a: Xatu
|-damage|p1a: Xatu|0 fnt
|faint|p1a: Xatu
|
|-weather|SunnyDay|[upkeep]
|upkeep
|
|t:|1724475279
|switch|p1a: Terrakion|Terrakion|25/100
|turn|23
|
|t:|1724475293
|move|p1a: Terrakion|Close Combat|p2a: Ninetales
|-damage|p2a: Ninetales|0 fnt
|-unboost|p1a: Terrakion|def|1
|-unboost|p1a: Terrakion|spd|1
|faint|p2a: Ninetales
|
|-weather|SunnyDay|[upkeep]
|upkeep
|
|t:|1724475296
|switch|p2a: Excadrill|Excadrill, F|100/100
|-ability|p2a: Excadrill|Mold Breaker
|turn|24
|
|t:|1724475312
|move|p1a: Terrakion|Close Combat|p2a: Excadrill
|-supereffective|p2a: Excadrill
|-damage|p2a: Excadrill|0 fnt
|-unboost|p1a: Terrakion|def|1
|-unboost|p1a: Terrakion|spd|1
|faint|p2a: Excadrill
|
|win|fdsfadsfds
|raw|fdsfadsfds's rating: 1447 &rarr; <strong>1471</strong><br />(+24 for winning)
|raw|nidiedi's rating: 1511 &rarr; <strong>1487</strong><br />(-24 for losing)
|c|☆fdsfadsfds|lo siento
|c|☆nidiedi|all right
