|j|☆Commbacckk
|j|☆HANMA JACK
|t:|1735133153
|gametype|singles
|player|p1|Commbacckk|169|1431
|player|p2|HANMA JACK|169|1525
|teamsize|p1|6
|teamsize|p2|6
|gen|5
|tier|[Gen 5] OU
|rated|
|rule|Species Clause: Limit one of each Pokémon
|rule|OHKO Clause: OHKO moves are banned
|rule|Moody Clause: Moody is banned
|rule|Evasion Items Clause: Evasion items are banned
|rule|Evasion Moves Clause: Evasion moves are banned
|rule|Endless Battle Clause: Forcing endless battles is banned
|rule|HP Percentage Mod: HP is shown in percentages
|rule|Evasion Abilities Clause: Evasion abilities are banned
|rule|Sleep Moves Clause: Sleep-inducing moves are banned
|rule|Swagger Clause: Swagger is banned
|rule|Baton Pass Stat Clause: No Baton Passer may have a way to boost its stats
|clearpoke
|poke|p1|Hippowdon, M|item
|poke|p1|Ferrothorn, F|item
|poke|p1|Magnezone|item
|poke|p1|Latios, M|item
|poke|p1|Excadrill, F|item
|poke|p1|Reuniclus, F|item
|poke|p2|Tyranitar, F|item
|poke|p2|Ferrothorn, F|item
|poke|p2|Landorus-Therian, M|item
|poke|p2|Excadrill, M|item
|poke|p2|Keldeo-Resolute|item
|poke|p2|Latias, F|item
|teampreview
|c|☆HANMA JACK|d
|c|☆HANMA JACK|gl hf
|inactive|Battle timer is ON: inactive players will automatically lose when time's up. (requested by Commbacckk)
|
|t:|1735133174
|start
|switch|p1a: Hippowdon|Hippowdon, M|100/100
|switch|p2a: Keldeo|Keldeo-Resolute|100/100
|-item|p2a: Keldeo|Air Balloon
|-weather|Sandstorm|[from] ability: Sand Stream|[of] p1a: Hippowdon
|turn|1
|
|t:|1735133180
|switch|p1a: Latios|Latios, M|100/100
|move|p2a: Keldeo|Hydro Pump|p1a: Latios|[miss]
|-miss|p2a: Keldeo|p1a: Latios
|
|-weather|Sandstorm|[upkeep]
|-damage|p1a: Latios|95/100|[from] Sandstorm
|-damage|p2a: Keldeo|94/100|[from] Sandstorm
|upkeep
|turn|2
|
|t:|1735133196
|switch|p1a: Hippowdon|Hippowdon, M|100/100
|switch|p2a: Ferrothorn|Ferrothorn, F|100/100
|
|-weather|Sandstorm|[upkeep]
|upkeep
|turn|3
|
|t:|1735133205
|switch|p1a: Magnezone|Magnezone|100/100
|-item|p1a: Magnezone|Air Balloon
|move|p2a: Ferrothorn|Power Whip|p1a: Magnezone
|-resisted|p1a: Magnezone
|-damage|p1a: Magnezone|79/100
|-enditem|p1a: Magnezone|Air Balloon
|
|-weather|Sandstorm|[upkeep]
|upkeep
|turn|4
|
|t:|1735133210
|move|p1a: Magnezone|Hidden Power|p2a: Ferrothorn
|-supereffective|p2a: Ferrothorn
|-damage|p2a: Ferrothorn|36/100
|move|p2a: Ferrothorn|Stealth Rock|p1a: Magnezone
|-sidestart|p1: Commbacckk|move: Stealth Rock
|
|-weather|Sandstorm|[upkeep]
|upkeep
|turn|5
|
|t:|1735133214
|move|p1a: Magnezone|Hidden Power|p2a: Ferrothorn
|-supereffective|p2a: Ferrothorn
|-damage|p2a: Ferrothorn|0 fnt
|faint|p2a: Ferrothorn
|
|-weather|Sandstorm|[upkeep]
|upkeep
|
|t:|1735133224
|switch|p2a: Landorus|Landorus-Therian, M|100/100
|-ability|p2a: Landorus|Intimidate|boost
|-unboost|p1a: Magnezone|atk|1
|turn|6
|
|t:|1735133227
|switch|p1a: Hippowdon|Hippowdon, M|100/100
|-damage|p1a: Hippowdon|94/100|[from] Stealth Rock
|move|p2a: Landorus|Swords Dance|p2a: Landorus
|-boost|p2a: Landorus|atk|2
|
|-weather|Sandstorm|[upkeep]
|-heal|p1a: Hippowdon|100/100|[from] item: Leftovers
|upkeep
|turn|7
|
|t:|1735133231
|move|p2a: Landorus|Earthquake|p1a: Hippowdon
|-damage|p1a: Hippowdon|28/100
|move|p1a: Hippowdon|Whirlwind|p2a: Landorus
|drag|p2a: Latias|Latias, F|100/100
|
|-weather|Sandstorm|[upkeep]
|-damage|p2a: Latias|94/100|[from] Sandstorm
|-heal|p1a: Hippowdon|34/100|[from] item: Leftovers
|upkeep
|turn|8
|
|t:|1735133238
|switch|p1a: Ferrothorn|Ferrothorn, F|100/100
|-damage|p1a: Ferrothorn|95/100|[from] Stealth Rock
|move|p2a: Latias|Surf|p1a: Ferrothorn
|-resisted|p1a: Ferrothorn
|-damage|p1a: Ferrothorn|80/100
|-damage|p2a: Latias|84/100|[from] item: Life Orb
|
|-weather|Sandstorm|[upkeep]
|-damage|p2a: Latias|78/100|[from] Sandstorm
|-heal|p1a: Ferrothorn|86/100|[from] item: Leftovers
|upkeep
|turn|9
|
|t:|1735133243
|move|p2a: Latias|Hidden Power|p1a: Ferrothorn
|-supereffective|p1a: Ferrothorn
|-damage|p1a: Ferrothorn|2/100
|-damage|p2a: Latias|68/100|[from] item: Life Orb
|move|p1a: Ferrothorn|Leech Seed|p2a: Latias
|-start|p2a: Latias|move: Leech Seed
|
|-weather|Sandstorm|[upkeep]
|-damage|p2a: Latias|62/100|[from] Sandstorm
|-heal|p1a: Ferrothorn|8/100|[from] item: Leftovers
|-damage|p2a: Latias|50/100|[from] Leech Seed|[of] p1a: Ferrothorn
|-heal|p1a: Ferrothorn|18/100|[silent]
|upkeep
|turn|10
|
|t:|1735133251
|move|p1a: Ferrothorn|Protect|p1a: Ferrothorn
|-singleturn|p1a: Ferrothorn|Protect
|move|p2a: Latias|Hidden Power|p1a: Ferrothorn
|-activate|p1a: Ferrothorn|move: Protect
|
|-weather|Sandstorm|[upkeep]
|-damage|p2a: Latias|43/100|[from] Sandstorm
|-heal|p1a: Ferrothorn|24/100|[from] item: Leftovers
|-damage|p2a: Latias|31/100|[from] Leech Seed|[of] p1a: Ferrothorn
|-heal|p1a: Ferrothorn|35/100|[silent]
|upkeep
|turn|11
|
|t:|1735133260
|switch|p1a: Reuniclus|Reuniclus, F|100/100
|move|p2a: Latias|Draco Meteor|p1a: Reuniclus
|-damage|p1a: Reuniclus|20/100
|-unboost|p2a: Latias|spa|2
|-damage|p2a: Latias|21/100|[from] item: Life Orb
|
|-weather|Sandstorm|[upkeep]
|-damage|p2a: Latias|15/100|[from] Sandstorm
|-heal|p1a: Reuniclus|26/100|[from] item: Leftovers
|-damage|p2a: Latias|2/100|[from] Leech Seed|[of] p1a: Reuniclus
|-heal|p1a: Reuniclus|35/100|[silent]
|upkeep
|turn|12
|
|t:|1735133272
|move|p2a: Latias|Draco Meteor|p1a: Reuniclus
|-damage|p1a: Reuniclus|0 fnt
|-unboost|p2a: Latias|spa|2
|faint|p1a: Reuniclus
|-damage|p2a: Latias|0 fnt|[from] item: Life Orb
|faint|p2a: Latias
|
|-weather|Sandstorm|[upkeep]
|upkeep
|
|t:|1735133287
|switch|p2a: Landorus|Landorus-Therian, M|100/100
|switch|p1a: Excadrill|Excadrill, F|100/100
|-damage|p1a: Excadrill|97/100|[from] Stealth Rock
|-ability|p2a: Landorus|Intimidate|boost
|-unboost|p1a: Excadrill|atk|1
|turn|13
|
|t:|1735133293
|switch|p1a: Hippowdon|Hippowdon, M|34/100
|-damage|p1a: Hippowdon|28/100|[from] Stealth Rock
|move|p2a: Landorus|Earthquake|p1a: Hippowdon
|-damage|p1a: Hippowdon|0 fnt
|faint|p1a: Hippowdon
|
|-weather|Sandstorm|[upkeep]
|upkeep
|
|t:|1735133296
|switch|p1a: Latios|Latios, M|95/100
|-damage|p1a: Latios|82/100|[from] Stealth Rock
|turn|14
|
|t:|1735133302
|switch|p2a: Tyranitar|Tyranitar, F|100/100
|move|p1a: Latios|Surf|p2a: Tyranitar
|-supereffective|p2a: Tyranitar
|-damage|p2a: Tyranitar|55/100
|
|-weather|Sandstorm|[upkeep]
|-damage|p1a: Latios|76/100|[from] Sandstorm
|upkeep
|turn|15
|
|t:|1735133307
|switch|p1a: Ferrothorn|Ferrothorn, F|35/100
|-damage|p1a: Ferrothorn|29/100|[from] Stealth Rock
|move|p2a: Tyranitar|Crunch|p1a: Ferrothorn
|-resisted|p1a: Ferrothorn
|-damage|p1a: Ferrothorn|16/100
|-damage|p2a: Tyranitar|43/100|[from] ability: Iron Barbs|[of] p1a: Ferrothorn
|
|-weather|Sandstorm|[upkeep]
|-heal|p1a: Ferrothorn|22/100|[from] item: Leftovers
|upkeep
|turn|16
|
|t:|1735133310
|move|p1a: Ferrothorn|Protect|p1a: Ferrothorn
|-singleturn|p1a: Ferrothorn|Protect
|move|p2a: Tyranitar|Fire Blast|p1a: Ferrothorn
|-activate|p1a: Ferrothorn|move: Protect
|
|-weather|Sandstorm|[upkeep]
|-heal|p1a: Ferrothorn|28/100|[from] item: Leftovers
|upkeep
|turn|17
|
|t:|1735133318
|switch|p1a: Magnezone|Magnezone|79/100
|-damage|p1a: Magnezone|73/100|[from] Stealth Rock
|move|p2a: Tyranitar|Fire Blast|p1a: Magnezone
|-supereffective|p1a: Magnezone
|-damage|p1a: Magnezone|2/100
|
|-weather|Sandstorm|[upkeep]
|upkeep
|turn|18
|
|t:|1735133343
|switch|p2a: Excadrill|Excadrill, M|100/100
|move|p1a: Magnezone|Thunderbolt|p2a: Excadrill
|-immune|p2a: Excadrill
|
|-weather|Sandstorm|[upkeep]
|upkeep
|turn|19
|
|t:|1735133346
|move|p2a: Excadrill|Iron Head|p1a: Magnezone
|-resisted|p1a: Magnezone
|-damage|p1a: Magnezone|0 fnt
|faint|p1a: Magnezone
|
|-weather|Sandstorm|[upkeep]
|upkeep
|
|t:|1735133350
|switch|p1a: Excadrill|Excadrill, F|97/100
|-damage|p1a: Excadrill|94/100|[from] Stealth Rock
|turn|20
|
|t:|1735133362
|switch|p2a: Keldeo|Keldeo-Resolute|94/100
|-item|p2a: Keldeo|Air Balloon
|switch|p1a: Latios|Latios, M|76/100
|-damage|p1a: Latios|64/100|[from] Stealth Rock
|
|-weather|Sandstorm|[upkeep]
|-damage|p1a: Latios|58/100|[from] Sandstorm
|-damage|p2a: Keldeo|88/100|[from] Sandstorm
|upkeep
|turn|21
|
|t:|1735133378
|move|p1a: Latios|Draco Meteor|p2a: Keldeo|[miss]
|-miss|p1a: Latios|p2a: Keldeo
|move|p2a: Keldeo|Hidden Power|p1a: Latios
|-supereffective|p1a: Latios
|-damage|p1a: Latios|5/100
|
|-weather|Sandstorm|[upkeep]
|-damage|p1a: Latios|0 fnt|[from] Sandstorm
|-damage|p2a: Keldeo|82/100|[from] Sandstorm
|faint|p1a: Latios
|upkeep
|c|☆HANMA JACK|sry
|-message|Commbacckk forfeited.
|
|win|HANMA JACK
|raw|Commbacckk's rating: 1431 &rarr; <strong>1416</strong><br />(-15 for losing)
|raw|HANMA JACK's rating: 1525 &rarr; <strong>1540</strong><br />(+15 for winning)
|l|☆Commbacckk
|player|p1|
|c|☆HANMA JACK|gg
