|j|☆affksl1
|j|☆SkillfullBeing
|t:|1716412101
|gametype|singles
|player|p1|affksl1|pokemaniac-gen3rs|1503
|player|p2|SkillfullBeing|nate|1309
|teamsize|p1|6
|teamsize|p2|6
|gen|5
|tier|[Gen 5] OU
|rated|
|rule|Species Clause: Limit one of each Pokémon
|rule|OHKO Clause: OHKO moves are banned
|rule|Moody Clause: Moody is banned
|rule|Evasion Items Clause: Evasion items are banned
|rule|Evasion Moves Clause: Evasion moves are banned
|rule|Endless Battle Clause: Forcing endless battles is banned
|rule|HP Percentage Mod: HP is shown in percentages
|rule|Evasion Abilities Clause: Evasion abilities are banned
|rule|Sleep Moves Clause: Sleep-inducing moves are banned
|rule|Swagger Clause: Swagger is banned
|rule|Baton Pass Stat Clause: No Baton Passer may have a way to boost its stats
|clearpoke
|poke|p1|Bronzong|item
|poke|p1|Gallade, M|item
|poke|p1|Jellicent, M|item
|poke|p1|Conkeldurr, M|item
|poke|p1|Reuniclus, M|item
|poke|p1|Dragonite, M|item
|poke|p2|Tyranitar, M|item
|poke|p2|Alakazam, F|item
|poke|p2|Terrakion|item
|poke|p2|Gastrodon, M|item
|poke|p2|Gliscor, F|item
|poke|p2|Garchomp, M|item
|teampreview
|inactive|Battle timer is ON: inactive players will automatically lose when time's up. (requested by affksl1)
|inactive|SkillfullBeing also wants the timer to be on.
|
|t:|1716412114
|start
|switch|p1a: Bronzong|Bronzong|100/100
|switch|p2a: Terrakion|Terrakion|100/100
|turn|1
|
|t:|1716412121
|move|p2a: Terrakion|Swords Dance|p2a: Terrakion
|-boost|p2a: Terrakion|atk|2
|move|p1a: Bronzong|Trick Room|p1a: Bronzong
|-fieldstart|move: Trick Room|[of] p1a: Bronzong
|
|upkeep
|turn|2
|
|t:|1716412125
|move|p1a: Bronzong|Stealth Rock|p2a: Terrakion
|-sidestart|p2: SkillfullBeing|move: Stealth Rock
|move|p2a: Terrakion|Swords Dance|p2a: Terrakion
|-boost|p2a: Terrakion|atk|2
|
|upkeep
|turn|3
|
|t:|1716412135
|switch|p2a: Gliscor|Gliscor, F|100/100
|-damage|p2a: Gliscor|88/100|[from] Stealth Rock
|move|p1a: Bronzong|Explosion|p2a: Gliscor
|-damage|p2a: Gliscor|34/100
|faint|p1a: Bronzong
|
|-status|p2a: Gliscor|tox|[from] item: Toxic Orb
|upkeep
|
|t:|1716412145
|switch|p1a: Gallade|Gallade, M|100/100
|turn|4
|
|t:|1716412147
|move|p2a: Gliscor|Protect|p2a: Gliscor
|-singleturn|p2a: Gliscor|Protect
|move|p1a: Gallade|Leaf Blade|p2a: Gliscor
|-activate|p2a: Gliscor|move: Protect
|
|-heal|p2a: Gliscor|46/100 tox|[from] ability: Poison Heal
|upkeep
|turn|5
|
|t:|1716412158
|switch|p2a: Tyranitar|Tyranitar, M|100/100
|-damage|p2a: Tyranitar|88/100|[from] Stealth Rock
|-weather|Sandstorm|[from] ability: Sand Stream|[of] p2a: Tyranitar
|move|p1a: Gallade|Ice Punch|p2a: Tyranitar
|-damage|p2a: Tyranitar|61/100
|-status|p2a: Tyranitar|frz
|-damage|p1a: Gallade|91/100|[from] item: Life Orb
|
|-weather|Sandstorm|[upkeep]
|-damage|p1a: Gallade|85/100|[from] Sandstorm
|-fieldend|move: Trick Room
|upkeep
|turn|6
|
|t:|1716412168
|switch|p2a: Garchomp|Garchomp, M|100/100
|-damage|p2a: Garchomp|94/100|[from] Stealth Rock
|move|p1a: Gallade|Trick Room|p1a: Gallade
|-fieldstart|move: Trick Room|[of] p1a: Gallade
|
|-weather|Sandstorm|[upkeep]
|-damage|p1a: Gallade|78/100|[from] Sandstorm
|upkeep
|turn|7
|
|t:|1716412171
|move|p1a: Gallade|Ice Punch|p2a: Garchomp
|-supereffective|p2a: Garchomp
|-damage|p2a: Garchomp|0 fnt
|-damage|p1a: Gallade|66/100|[from] ability: Rough Skin|[of] p2a: Garchomp
|faint|p2a: Garchomp
|-damage|p1a: Gallade|56/100|[from] item: Life Orb
|
|-weather|Sandstorm|[upkeep]
|-damage|p1a: Gallade|50/100|[from] Sandstorm
|upkeep
|-message|SkillfullBeing forfeited.
|
|win|affksl1
|raw|affksl1's rating: 1503 &rarr; <strong>1513</strong><br />(+10 for winning)
|raw|SkillfullBeing's rating: 1309 &rarr; <strong>1299</strong><br />(-10 for losing)
|l|☆SkillfullBeing
|player|p2|
