|j|☆SkillfullBeing
|j|☆el janitor
|t:|1728786471
|gametype|singles
|player|p1|SkillfullBeing|nate|1332
|player|p2|el janitor|2|1461
|teamsize|p1|6
|teamsize|p2|6
|gen|5
|tier|[Gen 5] OU
|rated|
|rule|Species Clause: Limit one of each Pokémon
|rule|OHKO Clause: OHKO moves are banned
|rule|Moody Clause: Moody is banned
|rule|Evasion Items Clause: Evasion items are banned
|rule|Evasion Moves Clause: Evasion moves are banned
|rule|Endless Battle Clause: Forcing endless battles is banned
|rule|HP Percentage Mod: HP is shown in percentages
|rule|Evasion Abilities Clause: Evasion abilities are banned
|rule|Sleep Moves Clause: Sleep-inducing moves are banned
|rule|Swagger Clause: Swagger is banned
|rule|Baton Pass Stat Clause: No Baton Passer may have a way to boost its stats
|clearpoke
|poke|p1|Tyranitar, M|item
|poke|p1|Alakazam, F|item
|poke|p1|Rotom-Wash|item
|poke|p1|Keldeo|item
|poke|p1|Excadrill, F|item
|poke|p1|Garchomp, M|item
|poke|p2|Moltres|item
|poke|p2|Ninetales, F|item
|poke|p2|Celebi|item
|poke|p2|Breloom, F|item
|poke|p2|Excadrill, F|item
|poke|p2|Victini|item
|teampreview
|inactive|Battle timer is ON: inactive players will automatically lose when time's up. (requested by el janitor)
|inactive|SkillfullBeing also wants the timer to be on.
|
|t:|1728786494
|start
|switch|p1a: Tyranitar|Tyranitar, M|100/100
|switch|p2a: Breloom|Breloom, F|100/100
|-weather|Sandstorm|[from] ability: Sand Stream|[of] p1a: Tyranitar
|turn|1
|
|t:|1728786500
|switch|p1a: Rotom|Rotom-Wash|100/100
|move|p2a: Breloom|Bullet Seed|p1a: Rotom
|-supereffective|p1a: Rotom
|-damage|p1a: Rotom|37/100
|-supereffective|p1a: Rotom
|-damage|p1a: Rotom|0 fnt
|faint|p1a: Rotom
|-hitcount|p1: Rotom|2
|
|-weather|Sandstorm|[upkeep]
|-damage|p2a: Breloom|94/100|[from] Sandstorm
|upkeep
|
|t:|1728786505
|switch|p1a: Alakazam|Alakazam, F|100/100
|turn|2
|
|t:|1728786509
|switch|p2a: Celebi|Celebi|100/100
|move|p1a: Alakazam|Psychic|p2a: Celebi
|-resisted|p2a: Celebi
|-damage|p2a: Celebi|86/100
|
|-weather|Sandstorm|[upkeep]
|-damage|p2a: Celebi|79/100|[from] Sandstorm
|-heal|p2a: Celebi|86/100|[from] item: Leftovers
|upkeep
|turn|3
|
|t:|1728786512
|switch|p1a: Tyranitar|Tyranitar, M|100/100
|move|p2a: Celebi|U-turn|p1a: Tyranitar
|-supereffective|p1a: Tyranitar
|-damage|p1a: Tyranitar|75/100
|
|t:|1728786513
|switch|p2a: Breloom|Breloom, F|94/100|[from] U-turn
|
|-weather|Sandstorm|[upkeep]
|-damage|p2a: Breloom|88/100|[from] Sandstorm
|upkeep
|turn|4
|
|t:|1728786517
|switch|p1a: Alakazam|Alakazam, F|100/100
|move|p2a: Breloom|Bullet Seed|p1a: Alakazam
|-damage|p1a: Alakazam|16/100
|-damage|p1a: Alakazam|0 fnt
|faint|p1a: Alakazam
|-hitcount|p1: Alakazam|2
|
|-weather|Sandstorm|[upkeep]
|-damage|p2a: Breloom|82/100|[from] Sandstorm
|upkeep
|
|t:|1728786519
|switch|p1a: Garchomp|Garchomp, M|100/100
|turn|5
|
|t:|1728786529
|switch|p2a: Moltres|Moltres|100/100
|-ability|p2a: Moltres|Pressure
|move|p1a: Garchomp|Dragon Claw|p2a: Moltres
|-damage|p2a: Moltres|60/100
|
|-weather|Sandstorm|[upkeep]
|-damage|p2a: Moltres|54/100|[from] Sandstorm
|-heal|p2a: Moltres|60/100|[from] item: Leftovers
|upkeep
|turn|6
|
|t:|1728786538
|switch|p1a: Tyranitar|Tyranitar, M|75/100
|move|p2a: Moltres|Roost|p2a: Moltres
|-heal|p2a: Moltres|100/100
|-singleturn|p2a: Moltres|move: Roost
|
|-weather|Sandstorm|[upkeep]
|-damage|p2a: Moltres|94/100|[from] Sandstorm
|-heal|p2a: Moltres|100/100|[from] item: Leftovers
|upkeep
|turn|7
|
|t:|1728786541
|move|p2a: Moltres|Substitute|p2a: Moltres
|-start|p2a: Moltres|Substitute
|-damage|p2a: Moltres|76/100
|move|p1a: Tyranitar|Stealth Rock|p2a: Moltres
|-sidestart|p2: el janitor|move: Stealth Rock
|
|-weather|Sandstorm|[upkeep]
|-damage|p2a: Moltres|70/100|[from] Sandstorm
|-heal|p2a: Moltres|76/100|[from] item: Leftovers
|upkeep
|turn|8
|
|t:|1728786544
|move|p2a: Moltres|Will-O-Wisp|p1a: Tyranitar|[miss]
|-miss|p2a: Moltres|p1a: Tyranitar
|move|p1a: Tyranitar|Crunch|p2a: Moltres
|-end|p2a: Moltres|Substitute
|
|-weather|Sandstorm|[upkeep]
|-damage|p2a: Moltres|70/100|[from] Sandstorm
|-heal|p2a: Moltres|76/100|[from] item: Leftovers
|upkeep
|turn|9
|
|t:|1728786547
|move|p2a: Moltres|Will-O-Wisp|p1a: Tyranitar
|-status|p1a: Tyranitar|brn
|move|p1a: Tyranitar|Stone Edge|p2a: Moltres|[miss]
|-miss|p1a: Tyranitar|p2a: Moltres
|
|-weather|Sandstorm|[upkeep]
|-damage|p2a: Moltres|70/100|[from] Sandstorm
|-heal|p2a: Moltres|76/100|[from] item: Leftovers
|-damage|p1a: Tyranitar|63/100 brn|[from] brn
|upkeep
|turn|10
|
|t:|1728786550
|move|p2a: Moltres|Substitute|p2a: Moltres
|-start|p2a: Moltres|Substitute
|-damage|p2a: Moltres|51/100
|move|p1a: Tyranitar|Stone Edge|p2a: Moltres
|-supereffective|p2a: Moltres
|-end|p2a: Moltres|Substitute
|
|-weather|Sandstorm|[upkeep]
|-damage|p2a: Moltres|45/100|[from] Sandstorm
|-heal|p2a: Moltres|51/100|[from] item: Leftovers
|-damage|p1a: Tyranitar|50/100 brn|[from] brn
|upkeep
|turn|11
|
|t:|1728786553
|move|p2a: Moltres|Roost|p2a: Moltres
|-heal|p2a: Moltres|100/100
|-singleturn|p2a: Moltres|move: Roost
|move|p1a: Tyranitar|Crunch|p2a: Moltres
|-damage|p2a: Moltres|82/100
|-unboost|p2a: Moltres|def|1
|
|-weather|Sandstorm|[upkeep]
|-damage|p2a: Moltres|76/100|[from] Sandstorm
|-heal|p2a: Moltres|82/100|[from] item: Leftovers
|-damage|p1a: Tyranitar|38/100 brn|[from] brn
|upkeep
|turn|12
|
|t:|1728786556
|move|p2a: Moltres|Substitute|p2a: Moltres
|-start|p2a: Moltres|Substitute
|-damage|p2a: Moltres|57/100
|move|p1a: Tyranitar|Stone Edge|p2a: Moltres
|-supereffective|p2a: Moltres
|-crit|p2a: Moltres
|-end|p2a: Moltres|Substitute
|
|-weather|Sandstorm|[upkeep]
|-damage|p2a: Moltres|51/100|[from] Sandstorm
|-heal|p2a: Moltres|57/100|[from] item: Leftovers
|-damage|p1a: Tyranitar|25/100 brn|[from] brn
|upkeep
|turn|13
|
|t:|1728786561
|move|p2a: Moltres|Roost|p2a: Moltres
|-heal|p2a: Moltres|100/100
|-singleturn|p2a: Moltres|move: Roost
|move|p1a: Tyranitar|Crunch|p2a: Moltres
|-damage|p2a: Moltres|72/100
|
|-weather|Sandstorm|[upkeep]
|-damage|p2a: Moltres|66/100|[from] Sandstorm
|-heal|p2a: Moltres|72/100|[from] item: Leftovers
|-damage|p1a: Tyranitar|13/100 brn|[from] brn
|upkeep
|turn|14
|
|t:|1728786563
|move|p2a: Moltres|Substitute|p2a: Moltres
|-start|p2a: Moltres|Substitute
|-damage|p2a: Moltres|47/100
|move|p1a: Tyranitar|Crunch|p2a: Moltres
|-end|p2a: Moltres|Substitute
|
|-weather|Sandstorm|[upkeep]
|-damage|p2a: Moltres|41/100|[from] Sandstorm
|-heal|p2a: Moltres|47/100|[from] item: Leftovers
|-damage|p1a: Tyranitar|0 fnt|[from] brn
|faint|p1a: Tyranitar
|upkeep
|
|t:|1728786567
|switch|p1a: Keldeo|Keldeo|100/100
|turn|15
|
|t:|1728786576
|switch|p2a: Ninetales|Ninetales, F|100/100
|-damage|p2a: Ninetales|76/100|[from] Stealth Rock
|-weather|SunnyDay|[from] ability: Drought|[of] p2a: Ninetales
|move|p1a: Keldeo|Scald|p2a: Ninetales
|-supereffective|p2a: Ninetales
|-damage|p2a: Ninetales|46/100
|
|-weather|SunnyDay|[upkeep]
|-heal|p2a: Ninetales|52/100|[from] item: Leftovers
|upkeep
|turn|16
|
|t:|1728786581
|move|p1a: Keldeo|Secret Sword|p2a: Ninetales
|-damage|p2a: Ninetales|1/100
|move|p2a: Ninetales|Pain Split|p1a: Keldeo
|-sethp|p1a: Keldeo|51/100|[from] move: Pain Split|[silent]
|-sethp|p2a: Ninetales|47/100|[from] move: Pain Split
|
|-weather|SunnyDay|[upkeep]
|-heal|p1a: Keldeo|57/100|[from] item: Leftovers
|-heal|p2a: Ninetales|53/100|[from] item: Leftovers
|upkeep
|turn|17
|
|t:|1728786587
|move|p1a: Keldeo|Secret Sword|p2a: Ninetales
|-damage|p2a: Ninetales|5/100
|move|p2a: Ninetales|Solar Beam||[still]
|-prepare|p2a: Ninetales|Solar Beam
|-anim|p2a: Ninetales|Solar Beam|p1a: Keldeo
|-supereffective|p1a: Keldeo
|-damage|p1a: Keldeo|7/100
|
|-weather|SunnyDay|[upkeep]
|-heal|p1a: Keldeo|14/100|[from] item: Leftovers
|-heal|p2a: Ninetales|11/100|[from] item: Leftovers
|upkeep
|turn|18
|
|t:|1728786595
|move|p1a: Keldeo|Secret Sword|p2a: Ninetales
|-damage|p2a: Ninetales|0 fnt
|faint|p2a: Ninetales
|
|-weather|SunnyDay|[upkeep]
|-heal|p1a: Keldeo|20/100|[from] item: Leftovers
|upkeep
|inactive|el janitor has 120 seconds left.
|
|t:|1728786630
|switch|p2a: Celebi|Celebi|86/100
|-damage|p2a: Celebi|73/100|[from] Stealth Rock
|turn|19
|
|t:|1728786634
|move|p1a: Keldeo|Protect|p1a: Keldeo
|-singleturn|p1a: Keldeo|Protect
|move|p2a: Celebi|U-turn|p1a: Keldeo
|-activate|p1a: Keldeo|move: Protect
|
|-weather|SunnyDay|[upkeep]
|-heal|p1a: Keldeo|26/100|[from] item: Leftovers
|-heal|p2a: Celebi|79/100|[from] item: Leftovers
|upkeep
|turn|20
|
|t:|1728786639
|move|p1a: Keldeo|Icy Wind|p2a: Celebi
|-supereffective|p2a: Celebi
|-damage|p2a: Celebi|57/100
|-unboost|p2a: Celebi|spe|1
|move|p2a: Celebi|Psychic|p1a: Keldeo
|-supereffective|p1a: Keldeo
|-damage|p1a: Keldeo|0 fnt
|faint|p1a: Keldeo
|
|-weather|SunnyDay|[upkeep]
|-heal|p2a: Celebi|63/100|[from] item: Leftovers
|upkeep
|
|t:|1728786646
|switch|p1a: Excadrill|Excadrill, F|100/100
|-item|p1a: Excadrill|Air Balloon
|turn|21
|
|t:|1728786648
|move|p1a: Excadrill|Iron Head|p2a: Celebi
|-damage|p2a: Celebi|29/100
|cant|p2a: Celebi|flinch
|
|-weather|SunnyDay|[upkeep]
|-heal|p2a: Celebi|35/100|[from] item: Leftovers
|upkeep
|turn|22
|
|t:|1728786655
|move|p1a: Excadrill|Iron Head|p2a: Celebi
|-damage|p2a: Celebi|1/100
|move|p2a: Celebi|U-turn|p1a: Excadrill
|-resisted|p1a: Excadrill
|-damage|p1a: Excadrill|91/100
|-enditem|p1a: Excadrill|Air Balloon
|
|t:|1728786665
|switch|p2a: Breloom|Breloom, F|82/100|[from] U-turn
|-damage|p2a: Breloom|76/100|[from] Stealth Rock
|
|-weather|SunnyDay|[upkeep]
|upkeep
|turn|23
|
|t:|1728786667
|move|p2a: Breloom|Mach Punch|p1a: Excadrill
|-supereffective|p1a: Excadrill
|-damage|p1a: Excadrill|0 fnt
|faint|p1a: Excadrill
|
|-weather|SunnyDay|[upkeep]
|upkeep
|
|t:|1728786669
|switch|p1a: Garchomp|Garchomp, M|100/100
|turn|24
|
|t:|1728786676
|move|p2a: Breloom|Mach Punch|p1a: Garchomp
|-damage|p1a: Garchomp|46/100
|-damage|p2a: Breloom|64/100|[from] ability: Rough Skin|[of] p1a: Garchomp
|move|p1a: Garchomp|Earthquake|p2a: Breloom
|-resisted|p2a: Breloom
|-damage|p2a: Breloom|25/100
|
|-weather|SunnyDay|[upkeep]
|upkeep
|turn|25
|
|t:|1728786680
|move|p2a: Breloom|Mach Punch|p1a: Garchomp
|-damage|p1a: Garchomp|0 fnt
|-damage|p2a: Breloom|12/100|[from] ability: Rough Skin|[of] p1a: Garchomp
|faint|p1a: Garchomp
|
|win|el janitor
|raw|SkillfullBeing's rating: 1332 &rarr; <strong>1319</strong><br />(-13 for losing)
|raw|el janitor's rating: 1461 &rarr; <strong>1474</strong><br />(+13 for winning)
|l|☆SkillfullBeing
|player|p1|
