|j|☆ReallyFunTeams
|j|☆BookOfMonk
|t:|1727738421
|gametype|singles
|player|p1|ReallyFunTeams|fisherman-gen4|1319
|player|p2|BookOfMonk|silver|1351
|teamsize|p1|6
|teamsize|p2|6
|gen|5
|tier|[Gen 5] OU
|rated|
|rule|Species Clause: Limit one of each Pokémon
|rule|OHKO Clause: OHKO moves are banned
|rule|Moody Clause: Moody is banned
|rule|Evasion Items Clause: Evasion items are banned
|rule|Evasion Moves Clause: Evasion moves are banned
|rule|Endless Battle Clause: Forcing endless battles is banned
|rule|HP Percentage Mod: HP is shown in percentages
|rule|Evasion Abilities Clause: Evasion abilities are banned
|rule|Sleep Moves Clause: Sleep-inducing moves are banned
|rule|Swagger Clause: Swagger is banned
|rule|Baton Pass Stat Clause: No Baton Passer may have a way to boost its stats
|clearpoke
|poke|p1|Forretress, F|item
|poke|p1|Dragonite, M|item
|poke|p1|Scizor, M|item
|poke|p1|Rotom-Wash|item
|poke|p1|Ferrothorn, F|item
|poke|p1|Alakazam, M|item
|poke|p2|Tyranitar, M|item
|poke|p2|Latios, M|item
|poke|p2|Landorus-Therian, M|item
|poke|p2|Ferrothorn, M|item
|poke|p2|Alakazam, F|item
|poke|p2|Excadrill, M|item
|teampreview
|inactive|Battle timer is ON: inactive players will automatically lose when time's up. (requested by ReallyFunTeams)
|
|t:|1727738446
|start
|switch|p1a: フォレトス|Forretress, F, shiny|100/100
|switch|p2a: Tyranitar|Tyranitar, M|100/100
|-weather|Sandstorm|[from] ability: Sand Stream|[of] p2a: Tyranitar
|turn|1
|
|t:|1727738453
|move|p2a: Tyranitar|Stealth Rock|p1a: フォレトス
|-sidestart|p1: ReallyFunTeams|move: Stealth Rock
|move|p1a: フォレトス|Stealth Rock|p2a: Tyranitar
|-sidestart|p2: BookOfMonk|move: Stealth Rock
|
|-weather|Sandstorm|[upkeep]
|upkeep
|turn|2
|
|t:|1727738459
|move|p2a: Tyranitar|Fire Blast|p1a: フォレトス|[miss]
|-miss|p2a: Tyranitar|p1a: フォレトス
|move|p1a: フォレトス|Rapid Spin|p2a: Tyranitar
|-resisted|p2a: Tyranitar
|-damage|p2a: Tyranitar|98/100
|-sideend|p1: ReallyFunTeams|Stealth Rock|[from] move: Rapid Spin|[of] p1a: フォレトス
|
|-weather|Sandstorm|[upkeep]
|upkeep
|turn|3
|
|t:|1727738468
|switch|p1a: ロトム|Rotom-Wash, shiny|100/100
|move|p2a: Tyranitar|Stealth Rock|p1a: ロトム
|-sidestart|p1: ReallyFunTeams|move: Stealth Rock
|
|-weather|Sandstorm|[upkeep]
|-damage|p1a: ロトム|94/100|[from] Sandstorm
|upkeep
|turn|4
|inactive|BookOfMonk has 120 seconds left.
|
|t:|1727738501
|switch|p2a: Ferrothorn|Ferrothorn, M|100/100
|-damage|p2a: Ferrothorn|94/100|[from] Stealth Rock
|move|p1a: ロトム|Trick|p2a: Ferrothorn
|-activate|p1a: ロトム|move: Trick|[of] p2a: Ferrothorn
|-item|p2a: Ferrothorn|Choice Specs|[from] move: Trick
|-item|p1a: ロトム|Leftovers|[from] move: Trick
|
|-weather|Sandstorm|[upkeep]
|-damage|p1a: ロトム|88/100|[from] Sandstorm
|-heal|p1a: ロトム|94/100|[from] item: Leftovers
|upkeep
|turn|5
|inactive|BookOfMonk has 120 seconds left.
|
|t:|1727738536
|switch|p2a: Landorus|Landorus-Therian, M|100/100
|-damage|p2a: Landorus|88/100|[from] Stealth Rock
|-ability|p2a: Landorus|Intimidate|boost
|-unboost|p1a: ロトム|atk|1
|move|p1a: ロトム|Volt Switch|p2a: Landorus
|-immune|p2a: Landorus
|
|-weather|Sandstorm|[upkeep]
|-damage|p1a: ロトム|88/100|[from] Sandstorm
|-heal|p1a: ロトム|94/100|[from] item: Leftovers
|upkeep
|turn|6
|
|t:|1727738544
|move|p2a: Landorus|U-turn|p1a: ロトム
|-damage|p1a: ロトム|62/100
|
|t:|1727738549
|switch|p2a: Latios|Latios, M|100/100|[from] U-turn
|-damage|p2a: Latios|88/100|[from] Stealth Rock
|move|p1a: ロトム|Hydro Pump|p2a: Latios
|-resisted|p2a: Latios
|-damage|p2a: Latios|56/100
|
|-weather|Sandstorm|[upkeep]
|-damage|p2a: Latios|50/100|[from] Sandstorm
|-damage|p1a: ロトム|56/100|[from] Sandstorm
|-heal|p1a: ロトム|62/100|[from] item: Leftovers
|upkeep
|turn|7
|
|t:|1727738560
|move|p2a: Latios|Dragon Pulse|p1a: ロトム
|-crit|p1a: ロトム
|-damage|p1a: ロトム|0 fnt
|faint|p1a: ロトム
|
|-weather|Sandstorm|[upkeep]
|-damage|p2a: Latios|44/100|[from] Sandstorm
|upkeep
|
|t:|1727738571
|switch|p1a: ハッサム|Scizor, M|100/100
|-damage|p1a: ハッサム|88/100|[from] Stealth Rock
|turn|8
|
|t:|1727738576
|move|p2a: Latios|Dragon Pulse|p1a: ハッサム
|-resisted|p1a: ハッサム
|-crit|p1a: ハッサム
|-damage|p1a: ハッサム|0 fnt
|faint|p1a: ハッサム
|
|-weather|Sandstorm|[upkeep]
|-damage|p2a: Latios|38/100|[from] Sandstorm
|upkeep
|
|t:|1727738589
|switch|p1a: フォレトス|Forretress, F, shiny|100/100
|-damage|p1a: フォレトス|88/100|[from] Stealth Rock
|turn|9
|
|t:|1727738595
|switch|p2a: Ferrothorn|Ferrothorn, M|94/100
|-damage|p2a: Ferrothorn|88/100|[from] Stealth Rock
|move|p1a: フォレトス|Rapid Spin|p2a: Ferrothorn
|-resisted|p2a: Ferrothorn
|-damage|p2a: Ferrothorn|86/100
|-damage|p1a: フォレトス|76/100|[from] ability: Iron Barbs|[of] p2a: Ferrothorn
|-sideend|p1: ReallyFunTeams|Stealth Rock|[from] move: Rapid Spin|[of] p1a: フォレトス
|
|-weather|Sandstorm|[upkeep]
|upkeep
|turn|10
|
|t:|1727738602
|move|p1a: フォレトス|Spikes|p2a: Ferrothorn
|-sidestart|p2: BookOfMonk|Spikes
|move|p2a: Ferrothorn|Knock Off|p1a: フォレトス
|-resisted|p1a: フォレトス
|-damage|p1a: フォレトス|74/100
|-enditem|p1a: フォレトス|Custap Berry|[from] move: Knock Off|[of] p2a: Ferrothorn
|
|-weather|Sandstorm|[upkeep]
|upkeep
|turn|11
|
|t:|1727738610
|switch|p1a: ナットレイ|Ferrothorn, F|100/100
|switch|p2a: Excadrill|Excadrill, M|100/100
|-damage|p2a: Excadrill|98/100|[from] Stealth Rock
|-damage|p2a: Excadrill|85/100|[from] Spikes
|
|-weather|Sandstorm|[upkeep]
|-heal|p2a: Excadrill|91/100|[from] item: Leftovers
|upkeep
|turn|12
|
|t:|1727738619
|move|p2a: Excadrill|Rapid Spin|p1a: ナットレイ
|-resisted|p1a: ナットレイ
|-damage|p1a: ナットレイ|97/100
|-damage|p2a: Excadrill|79/100|[from] ability: Iron Barbs|[of] p1a: ナットレイ
|-sideend|p2: BookOfMonk|Spikes|[from] move: Rapid Spin|[of] p2a: Excadrill
|-sideend|p2: BookOfMonk|Stealth Rock|[from] move: Rapid Spin|[of] p2a: Excadrill
|move|p1a: ナットレイ|Leech Seed|p2a: Excadrill
|-start|p2a: Excadrill|move: Leech Seed
|
|-weather|Sandstorm|[upkeep]
|-heal|p2a: Excadrill|85/100|[from] item: Leftovers
|-heal|p1a: ナットレイ|100/100|[from] item: Leftovers
|-damage|p2a: Excadrill|73/100|[from] Leech Seed|[of] p1a: ナットレイ
|upkeep
|turn|13
|
|t:|1727738630
|switch|p2a: Ferrothorn|Ferrothorn, M|86/100
|move|p1a: ナットレイ|Gyro Ball|p2a: Ferrothorn
|-resisted|p2a: Ferrothorn
|-damage|p2a: Ferrothorn|83/100
|-damage|p1a: ナットレイ|88/100|[from] ability: Iron Barbs|[of] p2a: Ferrothorn
|
|-weather|Sandstorm|[upkeep]
|-heal|p1a: ナットレイ|94/100|[from] item: Leftovers
|upkeep
|turn|14
|
|t:|1727738639
|move|p2a: Ferrothorn|Knock Off|p1a: ナットレイ
|-resisted|p1a: ナットレイ
|-damage|p1a: ナットレイ|93/100
|-damage|p2a: Ferrothorn|70/100|[from] ability: Iron Barbs|[of] p1a: ナットレイ
|-enditem|p1a: ナットレイ|Leftovers|[from] move: Knock Off|[of] p2a: Ferrothorn
|move|p1a: ナットレイ|Curse|p1a: ナットレイ
|-unboost|p1a: ナットレイ|spe|1
|-boost|p1a: ナットレイ|atk|1
|-boost|p1a: ナットレイ|def|1
|
|-weather|Sandstorm|[upkeep]
|upkeep
|turn|15
|
|t:|1727738644
|switch|p2a: Tyranitar|Tyranitar, M|98/100
|move|p1a: ナットレイ|Gyro Ball|p2a: Tyranitar
|-supereffective|p2a: Tyranitar
|-damage|p2a: Tyranitar|0 fnt
|faint|p2a: Tyranitar
|
|-weather|Sandstorm|[upkeep]
|upkeep
|
|t:|1727738655
|switch|p2a: Latios|Latios, M|38/100
|turn|16
|
|t:|1727738658
|move|p1a: ナットレイ|Protect|p1a: ナットレイ
|-singleturn|p1a: ナットレイ|Protect
|move|p2a: Latios|Trick|p1a: ナットレイ
|-activate|p1a: ナットレイ|move: Protect
|
|-weather|Sandstorm|[upkeep]
|-damage|p2a: Latios|32/100|[from] Sandstorm
|upkeep
|turn|17
|
|t:|1727738673
|switch|p2a: Landorus|Landorus-Therian, M|88/100
|-ability|p2a: Landorus|Intimidate|boost
|-unboost|p1a: ナットレイ|atk|1
|switch|p1a: フォレトス|Forretress, F, shiny|74/100
|
|-weather|Sandstorm|[upkeep]
|upkeep
|turn|18
|
|t:|1727738690
|move|p2a: Landorus|Earthquake|p1a: フォレトス
|-damage|p1a: フォレトス|35/100
|move|p1a: フォレトス|Stealth Rock|p2a: Landorus
|-sidestart|p2: BookOfMonk|move: Stealth Rock
|
|-weather|Sandstorm|[upkeep]
|upkeep
|turn|19
|
|t:|1727738702
|move|p2a: Landorus|Earthquake|p1a: フォレトス
|-damage|p1a: フォレトス|0 fnt
|faint|p1a: フォレトス
|
|-weather|Sandstorm|[upkeep]
|upkeep
|
|t:|1727738709
|switch|p1a: カイリュー|Dragonite, M|100/100
|turn|20
|
|t:|1727738711
|switch|p2a: Latios|Latios, M|32/100
|-damage|p2a: Latios|20/100|[from] Stealth Rock
|move|p1a: カイリュー|Dragon Dance|p1a: カイリュー
|-boost|p1a: カイリュー|atk|1
|-boost|p1a: カイリュー|spe|1
|
|-weather|Sandstorm|[upkeep]
|-damage|p1a: カイリュー|94/100|[from] Sandstorm
|-damage|p2a: Latios|14/100|[from] Sandstorm
|upkeep
|turn|21
|
|t:|1727738717
|move|p1a: カイリュー|Extreme Speed|p2a: Latios
|-damage|p2a: Latios|0 fnt
|faint|p2a: Latios
|
|-weather|Sandstorm|[upkeep]
|-damage|p1a: カイリュー|88/100|[from] Sandstorm
|upkeep
|
|t:|1727738722
|switch|p2a: Alakazam|Alakazam, F|100/100
|turn|22
|
|t:|1727738725
|move|p1a: カイリュー|Extreme Speed|p2a: Alakazam
|-enditem|p2a: Alakazam|Focus Sash
|-damage|p2a: Alakazam|1/100
|move|p2a: Alakazam|Hidden Power|p1a: カイリュー
|-supereffective|p1a: カイリュー
|-damage|p1a: カイリュー|0 fnt
|faint|p1a: カイリュー
|
|-weather|Sandstorm|[upkeep]
|upkeep
|
|t:|1727738734
|switch|p1a: フーディン|Alakazam, M|100/100
|turn|23
|
|t:|1727738741
|switch|p2a: Excadrill|Excadrill, M|73/100
|-damage|p2a: Excadrill|70/100|[from] Stealth Rock
|move|p1a: フーディン|Psychic|p2a: Excadrill
|-resisted|p2a: Excadrill
|-damage|p2a: Excadrill|38/100
|
|-weather|Sandstorm|[upkeep]
|-heal|p2a: Excadrill|44/100|[from] item: Leftovers
|upkeep
|turn|24
|
|t:|1727738756
|switch|p1a: ナットレイ|Ferrothorn, F|93/100
|move|p2a: Excadrill|Earthquake|p1a: ナットレイ
|-damage|p1a: ナットレイ|30/100
|
|-weather|Sandstorm|[upkeep]
|-heal|p2a: Excadrill|50/100|[from] item: Leftovers
|upkeep
|turn|25
|
|t:|1727738767
|move|p2a: Excadrill|Earthquake|p1a: ナットレイ
|-damage|p1a: ナットレイ|0 fnt
|faint|p1a: ナットレイ
|
|-weather|Sandstorm|[upkeep]
|-heal|p2a: Excadrill|56/100|[from] item: Leftovers
|upkeep
|
|t:|1727738770
|switch|p1a: フーディン|Alakazam, M|100/100
|turn|26
|
|t:|1727738780
|move|p1a: フーディン|Focus Blast|p2a: Excadrill
|-supereffective|p2a: Excadrill
|-damage|p2a: Excadrill|0 fnt
|faint|p2a: Excadrill
|
|-weather|Sandstorm|[upkeep]
|upkeep
|
|t:|1727738783
|switch|p2a: Landorus|Landorus-Therian, M|88/100
|-damage|p2a: Landorus|76/100|[from] Stealth Rock
|-ability|p2a: Landorus|Intimidate|boost
|-unboost|p1a: フーディン|atk|1
|turn|27
|
|t:|1727738785
|move|p2a: Landorus|U-turn|p1a: フーディン
|-supereffective|p1a: フーディン
|-enditem|p1a: フーディン|Focus Sash
|-damage|p1a: フーディン|1/100
|-message|ReallyFunTeams forfeited.
|
|win|BookOfMonk
|raw|ReallyFunTeams's rating: 1319 &rarr; <strong>1301</strong><br />(-18 for losing)
|raw|BookOfMonk's rating: 1351 &rarr; <strong>1369</strong><br />(+18 for winning)
|l|☆ReallyFunTeams
|player|p1|
