|j|☆E.V.A 008
|j|☆affksl1
|t:|1717169221
|gametype|singles
|player|p1|E.V.A 008|steven|1331
|player|p2|affksl1|pokemaniac-gen3rs|1561
|teamsize|p1|6
|teamsize|p2|6
|gen|5
|tier|[Gen 5] OU
|rated|
|rule|Species Clause: Limit one of each Pokémon
|rule|OHKO Clause: OHKO moves are banned
|rule|Moody Clause: Moody is banned
|rule|Evasion Items Clause: Evasion items are banned
|rule|Evasion Moves Clause: Evasion moves are banned
|rule|Endless Battle Clause: Forcing endless battles is banned
|rule|HP Percentage Mod: HP is shown in percentages
|rule|Evasion Abilities Clause: Evasion abilities are banned
|rule|Sleep Moves Clause: Sleep-inducing moves are banned
|rule|Swagger Clause: Swagger is banned
|rule|Baton Pass Stat Clause: No Baton Passer may have a way to boost its stats
|clearpoke
|poke|p1|Jirachi|item
|poke|p1|Magnezone|item
|poke|p1|Latios, M|item
|poke|p1|Garchomp, F|item
|poke|p1|Kyurem-Black|item
|poke|p1|Salamence, F|item
|poke|p2|Bronzong|item
|poke|p2|Gallade, M|item
|poke|p2|Jellicent, M|item
|poke|p2|Conkeldurr, F|item
|poke|p2|Reuniclus, F|item
|poke|p2|Dragonite, M|item
|teampreview
|inactive|Battle timer is ON: inactive players will automatically lose when time's up. (requested by affksl1)
|
|t:|1717169228
|start
|switch|p1a: Magnezone|Magnezone|100/100
|switch|p2a: Bronzong|Bronzong|100/100
|-item|p1a: Magnezone|Air Balloon
|turn|1
|
|t:|1717169235
|move|p1a: Magnezone|Sunny Day|p1a: Magnezone
|-weather|SunnyDay
|move|p2a: Bronzong|Stealth Rock|p1a: Magnezone
|-sidestart|p1: E.V.A 008|move: Stealth Rock
|
|-weather|SunnyDay|[upkeep]
|upkeep
|turn|2
|
|t:|1717169238
|move|p1a: Magnezone|Hidden Power|p2a: Bronzong
|-supereffective|p2a: Bronzong
|-damage|p2a: Bronzong|61/100
|move|p2a: Bronzong|Trick Room|p2a: Bronzong
|-fieldstart|move: Trick Room|[of] p2a: Bronzong
|
|-weather|SunnyDay|[upkeep]
|upkeep
|turn|3
|
|t:|1717169243
|move|p2a: Bronzong|Explosion|p1a: Magnezone
|-resisted|p1a: Magnezone
|-damage|p1a: Magnezone|58/100
|-enditem|p1a: Magnezone|Air Balloon
|faint|p2a: Bronzong
|move|p1a: Magnezone|Thunderbolt|p2: Bronzong|[notarget]
|-fail|p1a: Magnezone
|
|-weather|SunnyDay|[upkeep]
|upkeep
|
|t:|1717169248
|switch|p2a: Conkeldurr|Conkeldurr, F|100/100
|turn|4
|
|t:|1717169252
|move|p2a: Conkeldurr|Drain Punch|p1a: Magnezone
|-supereffective|p1a: Magnezone
|-damage|p1a: Magnezone|0 fnt
|faint|p1a: Magnezone
|-damage|p2a: Conkeldurr|91/100|[from] item: Life Orb
|
|-weather|SunnyDay|[upkeep]
|upkeep
|
|t:|1717169255
|switch|p1a: Salamence|Salamence, F|100/100
|-damage|p1a: Salamence|76/100|[from] Stealth Rock
|-ability|p1a: Salamence|Intimidate|boost
|-unboost|p2a: Conkeldurr|atk|1
|turn|5
|
|t:|1717169260
|move|p2a: Conkeldurr|Ice Punch|p1a: Salamence
|-supereffective|p1a: Salamence
|-damage|p1a: Salamence|0 fnt
|faint|p1a: Salamence
|-damage|p2a: Conkeldurr|81/100|[from] item: Life Orb
|
|-weather|none
|upkeep
|
|t:|1717169268
|switch|p1a: Jirachi|Jirachi|100/100
|-damage|p1a: Jirachi|94/100|[from] Stealth Rock
|turn|6
|
|t:|1717169271
|move|p2a: Conkeldurr|Drain Punch|p1a: Jirachi
|-crit|p1a: Jirachi
|-damage|p1a: Jirachi|0 fnt
|-heal|p2a: Conkeldurr|100/100|[from] drain|[of] p1a: Jirachi
|faint|p1a: Jirachi
|-damage|p2a: Conkeldurr|91/100|[from] item: Life Orb
|
|-fieldend|move: Trick Room
|upkeep
|-message|E.V.A 008 forfeited.
|
|win|affksl1
|raw|E.V.A 008's rating: 1331 &rarr; <strong>1323</strong><br />(-8 for losing)
|raw|affksl1's rating: 1561 &rarr; <strong>1569</strong><br />(+8 for winning)
|l|☆E.V.A 008
|player|p1|
