|j|☆Puke
|j|☆Spritzalcianuro96
|player|p1|Puke|214|1395
|player|p2|Spritzalcianuro96|n|1412
|teamsize|p1|6
|teamsize|p2|6
|gametype|singles
|gen|5
|tier|[Gen 5] OU
|rated|
|rule|Sleep Clause Mod: Limit one foe put to sleep
|rule|Species Clause: Limit one of each Pokémon
|rule|OHKO Clause: OHKO moves are banned
|rule|Moody Clause: Moody is banned
|rule|Evasion Moves Clause: Evasion moves are banned
|rule|Endless Battle Clause: Forcing endless battles is banned
|rule|HP Percentage Mod: HP is shown in percentages
|rule|Evasion Abilities Clause: Evasion abilities are banned
|rule|Baton Pass Clause: Limit one Baton Passer, can't pass Spe and other stats simultaneously
|rule|Swagger Clause: Swagger is banned
|clearpoke
|poke|p1|Hippowdon, M|item
|poke|p1|Alakazam, F|item
|poke|p1|Lucario, M|item
|poke|p1|Jolteon, M|item
|poke|p1|Gastrodon, F|item
|poke|p1|Infernape, M|item
|poke|p2|Skarmory, M|item
|poke|p2|Gyarados, M|item
|poke|p2|Hydreigon, F|item
|poke|p2|Garchomp, F|item
|poke|p2|Starmie|item
|poke|p2|Gengar, M|item
|teampreview
|
|start
|switch|p1a: Jolteon|Jolteon, M|100/100
|switch|p2a: Hydreigon|Hydreigon, F|100/100
|turn|1
|inactive|Battle timer is ON: inactive players will automatically lose when time's up. (requested by Spritzalcianuro96)
|
|move|p1a: Jolteon|Hidden Power|p2a: Hydreigon
|-supereffective|p2a: Hydreigon
|-damage|p2a: Hydreigon|29/100
|move|p2a: Hydreigon|Dragon Pulse|p1a: Jolteon
|-damage|p1a: Jolteon|38/100
|
|-heal|p2a: Hydreigon|35/100|[from] item: Leftovers
|upkeep
|turn|2
|
|switch|p2a: Skarmory|Skarmory, M|100/100
|move|p1a: Jolteon|Hidden Power|p2a: Skarmory
|-crit|p2a: Skarmory
|-damage|p2a: Skarmory|34/100
|
|upkeep
|turn|3
|
|move|p1a: Jolteon|Hidden Power|p2a: Skarmory
|-damage|p2a: Skarmory|5/100
|move|p2a: Skarmory|Roost|p2a: Skarmory
|-heal|p2a: Skarmory|55/100
|-singleturn|p2a: Skarmory|move: Roost
|
|upkeep
|turn|4
|
|switch|p1a: Infernape|Infernape, M|100/100
|move|p2a: Skarmory|Roost|p2a: Skarmory
|-heal|p2a: Skarmory|100/100
|-singleturn|p2a: Skarmory|move: Roost
|
|upkeep
|turn|5
|
|switch|p2a: Garchomp|Garchomp, F|100/100
|move|p1a: Infernape|Flare Blitz|p2a: Garchomp
|-resisted|p2a: Garchomp
|-damage|p2a: Garchomp|84/100
|-damage|p1a: Infernape|88/100|[from] ability: Rough Skin|[of] p2a: Garchomp
|-damage|p1a: Infernape|72/100|[from] item: Rocky Helmet|[of] p2a: Garchomp
|-damage|p1a: Infernape|64/100|[from] Recoil
|
|-heal|p1a: Infernape|70/100|[from] item: Leftovers
|upkeep
|turn|6
|
|switch|p1a: Hippowdon|Hippowdon, M|100/100
|-weather|Sandstorm|[from] ability: Sand Stream|[of] p1a: Hippowdon
|move|p2a: Garchomp|Stealth Rock|p1a: Hippowdon
|-sidestart|p1: Puke|move: Stealth Rock
|
|-weather|Sandstorm|[upkeep]
|upkeep
|turn|7
|
|switch|p2a: Skarmory|Skarmory, M|100/100
|move|p1a: Hippowdon|Stealth Rock|p2a: Skarmory
|-sidestart|p2: Spritzalcianuro96|move: Stealth Rock
|
|-weather|Sandstorm|[upkeep]
|upkeep
|turn|8
|
|switch|p1a: Lucario|Lucario, M|100/100
|-damage|p1a: Lucario|98/100|[from] Stealth Rock
|move|p2a: Skarmory|Spikes|p1a: Lucario
|-sidestart|p1: Puke|Spikes
|
|-weather|Sandstorm|[upkeep]
|upkeep
|turn|9
|
|move|p1a: Lucario|Swords Dance|p1a: Lucario
|-boost|p1a: Lucario|atk|2
|move|p2a: Skarmory|Whirlwind|p1a: Lucario
|drag|p1a: Hippowdon|Hippowdon, M|100/100
|-damage|p1a: Hippowdon|94/100|[from] Stealth Rock
|-damage|p1a: Hippowdon|82/100|[from] Spikes
|
|-weather|Sandstorm|[upkeep]
|-heal|p1a: Hippowdon|88/100|[from] item: Leftovers
|upkeep
|turn|10
|
|move|p2a: Skarmory|Spikes|p1a: Hippowdon
|-sidestart|p1: Puke|Spikes
|move|p1a: Hippowdon|Toxic|p2a: Skarmory
|-immune|p2a: Skarmory
|
|-weather|Sandstorm|[upkeep]
|-heal|p1a: Hippowdon|94/100|[from] item: Leftovers
|upkeep
|turn|11
|
|switch|p1a: Infernape|Infernape, M|70/100
|-damage|p1a: Infernape|58/100|[from] Stealth Rock
|-damage|p1a: Infernape|41/100|[from] Spikes
|move|p2a: Skarmory|Spikes|p1a: Infernape
|-sidestart|p1: Puke|Spikes
|
|-weather|Sandstorm|[upkeep]
|-damage|p1a: Infernape|35/100|[from] Sandstorm
|-heal|p1a: Infernape|41/100|[from] item: Leftovers
|upkeep
|turn|12
|
|switch|p2a: Garchomp|Garchomp, F|84/100
|-damage|p2a: Garchomp|78/100|[from] Stealth Rock
|move|p1a: Infernape|U-turn|p2a: Garchomp
|-damage|p2a: Garchomp|64/100
|-damage|p1a: Infernape|29/100|[from] ability: Rough Skin|[of] p2a: Garchomp
|-damage|p1a: Infernape|13/100|[from] item: Rocky Helmet|[of] p2a: Garchomp
|
|switch|p1a: Gastrodon|Gastrodon, F|100/100|[from]move: U-turn
|-damage|p1a: Gastrodon|76/100|[from] Spikes
|-damage|p1a: Gastrodon|70/100|[from] Stealth Rock
|
|-weather|Sandstorm|[upkeep]
|-heal|p1a: Gastrodon|76/100|[from] item: Leftovers
|upkeep
|turn|13
|
|switch|p2a: Starmie|Starmie|100/100
|-damage|p2a: Starmie|88/100|[from] Stealth Rock
|move|p1a: Gastrodon|Ice Beam|p2a: Starmie
|-resisted|p2a: Starmie
|-damage|p2a: Starmie|67/100
|-status|p2a: Starmie|frz
|
|-weather|Sandstorm|[upkeep]
|-damage|p2a: Starmie|61/100 frz|[from] Sandstorm
|-heal|p2a: Starmie|67/100 frz|[from] item: Leftovers
|-heal|p1a: Gastrodon|82/100|[from] item: Leftovers
|upkeep
|turn|14
|
|switch|p2a: Skarmory|Skarmory, M|100/100
|-damage|p2a: Skarmory|88/100|[from] Stealth Rock
|move|p1a: Gastrodon|Earth Power|p2a: Skarmory
|-immune|p2a: Skarmory
|
|-weather|Sandstorm|[upkeep]
|-heal|p1a: Gastrodon|88/100|[from] item: Leftovers
|upkeep
|turn|15
|c|☆Spritzalcianuro96|:]
|
|move|p1a: Gastrodon|Scald|p2a: Skarmory
|-damage|p2a: Skarmory|52/100
|-status|p2a: Skarmory|brn
|move|p2a: Skarmory|Whirlwind|p1a: Gastrodon
|drag|p1a: Hippowdon|Hippowdon, M|94/100
|-damage|p1a: Hippowdon|88/100|[from] Stealth Rock
|-damage|p1a: Hippowdon|63/100|[from] Spikes
|
|-weather|Sandstorm|[upkeep]
|-heal|p1a: Hippowdon|69/100|[from] item: Leftovers
|-damage|p2a: Skarmory|40/100 brn|[from] brn
|upkeep
|turn|16
|
|move|p2a: Skarmory|Roost|p2a: Skarmory
|-heal|p2a: Skarmory|90/100 brn
|-singleturn|p2a: Skarmory|move: Roost
|move|p1a: Hippowdon|Slack Off|p1a: Hippowdon
|-heal|p1a: Hippowdon|100/100
|
|-weather|Sandstorm|[upkeep]
|-damage|p2a: Skarmory|78/100 brn|[from] brn
|upkeep
|turn|17
|
|move|p1a: Hippowdon|Slack Off||[still]
|-fail|p1a: Hippowdon|heal
|move|p2a: Skarmory|Whirlwind|p1a: Hippowdon
|drag|p1a: Lucario|Lucario, M|98/100
|-damage|p1a: Lucario|95/100|[from] Stealth Rock
|-damage|p1a: Lucario|70/100|[from] Spikes
|
|-weather|Sandstorm|[upkeep]
|-damage|p2a: Skarmory|66/100 brn|[from] brn
|upkeep
|turn|18
|
|move|p1a: Lucario|Close Combat|p2a: Skarmory
|-damage|p2a: Skarmory|19/100 brn
|-unboost|p1a: Lucario|def|1
|-unboost|p1a: Lucario|spd|1
|move|p2a: Skarmory|Whirlwind|p1a: Lucario
|drag|p1a: Hippowdon|Hippowdon, M|100/100
|-damage|p1a: Hippowdon|75/100|[from] Spikes
|-damage|p1a: Hippowdon|69/100|[from] Stealth Rock
|
|-weather|Sandstorm|[upkeep]
|-heal|p1a: Hippowdon|75/100|[from] item: Leftovers
|-damage|p2a: Skarmory|7/100 brn|[from] brn
|upkeep
|turn|19
|
|switch|p1a: Infernape|Infernape, M|13/100
|-damage|p1a: Infernape|0 fnt|[from] Spikes
|faint|p1a: Infernape
|move|p2a: Skarmory|Roost|p2a: Skarmory
|-heal|p2a: Skarmory|57/100 brn
|-singleturn|p2a: Skarmory|move: Roost
|
|-weather|Sandstorm|[upkeep]
|-damage|p2a: Skarmory|45/100 brn|[from] brn
|upkeep
|
|switch|p1a: Alakazam|Alakazam, F|100/100
|turn|20
|
|switch|p2a: Starmie|Starmie|67/100 frz
|-damage|p2a: Starmie|54/100 frz|[from] Stealth Rock
|move|p1a: Alakazam|Focus Blast|p2a: Starmie
|-resisted|p2a: Starmie
|-damage|p2a: Starmie|23/100 frz
|-unboost|p2a: Starmie|spd|1
|
|-weather|Sandstorm|[upkeep]
|-damage|p2a: Starmie|17/100 frz|[from] Sandstorm
|-heal|p2a: Starmie|23/100 frz|[from] item: Leftovers
|upkeep
|turn|21
|
|move|p1a: Alakazam|Shadow Ball|p2a: Starmie
|-supereffective|p2a: Starmie
|-damage|p2a: Starmie|0 fnt
|faint|p2a: Starmie
|
|-weather|Sandstorm|[upkeep]
|upkeep
|
|switch|p2a: Gyarados|Gyarados, M|100/100
|-damage|p2a: Gyarados|76/100|[from] Stealth Rock
|-ability|p2a: Gyarados|Intimidate|boost
|-unboost|p1a: Alakazam|atk|1
|turn|22
|
|move|p1a: Alakazam|Psyshock|p2a: Gyarados
|-damage|p2a: Gyarados|45/100
|move|p2a: Gyarados|Thunder Wave|p1a: Alakazam
|-status|p1a: Alakazam|par
|
|-weather|Sandstorm|[upkeep]
|-damage|p2a: Gyarados|39/100|[from] Sandstorm
|-heal|p2a: Gyarados|45/100|[from] item: Leftovers
|upkeep
|turn|23
|
|move|p2a: Gyarados|Waterfall|p1a: Alakazam
|-damage|p1a: Alakazam|15/100 par
|cant|p1a: Alakazam|flinch
|
|-weather|Sandstorm|[upkeep]
|-damage|p2a: Gyarados|39/100|[from] Sandstorm
|-heal|p2a: Gyarados|45/100|[from] item: Leftovers
|upkeep
|turn|24
|-message|Puke forfeited.
|
|win|Spritzalcianuro96
|l|☆Puke
|raw|Puke's rating: 1395 &rarr; <strong>1376</strong><br />(-19 for losing)
|raw|Spritzalcianuro96's rating: 1412 &rarr; <strong>1431</strong><br />(+19 for winning)
