|j|☆authentise_is_shit
|j|☆HydreigonSpammer
|t:|1734639874
|gametype|singles
|player|p1|authentise_is_shit|102|1329
|player|p2|HydreigonSpammer|veteranf|1407
|teamsize|p1|6
|teamsize|p2|6
|gen|5
|tier|[Gen 5] OU
|rated|
|rule|Species Clause: Limit one of each Pokémon
|rule|OHKO Clause: OHKO moves are banned
|rule|Moody Clause: Moody is banned
|rule|Evasion Items Clause: Evasion items are banned
|rule|Evasion Moves Clause: Evasion moves are banned
|rule|Endless Battle Clause: Forcing endless battles is banned
|rule|HP Percentage Mod: HP is shown in percentages
|rule|Evasion Abilities Clause: Evasion abilities are banned
|rule|Sleep Moves Clause: Sleep-inducing moves are banned
|rule|Swagger Clause: Swagger is banned
|rule|Baton Pass Stat Clause: No Baton Passer may have a way to boost its stats
|clearpoke
|poke|p1|Ferrothorn, M|item
|poke|p1|Moltres|item
|poke|p1|Politoed, M|item
|poke|p1|Sableye, M|item
|poke|p1|Tentacruel, M|item
|poke|p1|Latias, F|item
|poke|p2|Landorus-Therian, M|item
|poke|p2|Latios, M|item
|poke|p2|Hydreigon, F|item
|poke|p2|Jellicent, M|item
|poke|p2|Ferrothorn, F|item
|poke|p2|Salamence, F|item
|teampreview
|inactive|Battle timer is ON: inactive players will automatically lose when time's up. (requested by authentise_is_shit)
|
|t:|1734639912
|start
|switch|p1a: Moltres|Moltres|100/100
|switch|p2a: Hydreigon|Hydreigon, F, shiny|100/100
|-ability|p1a: Moltres|Pressure
|turn|1
|
|t:|1734639921
|switch|p1a: Politoed|Politoed, M|100/100
|-weather|RainDance|[from] ability: Drizzle|[of] p1a: Politoed
|move|p2a: Hydreigon|Dark Pulse|p1a: Politoed
|-damage|p1a: Politoed|56/100
|-damage|p2a: Hydreigon|91/100|[from] item: Life Orb
|
|-weather|RainDance|[upkeep]
|-heal|p1a: Politoed|62/100|[from] item: Leftovers
|upkeep
|turn|2
|
|t:|1734639934
|move|p1a: Politoed|Protect|p1a: Politoed
|-singleturn|p1a: Politoed|Protect
|move|p2a: Hydreigon|Draco Meteor|p1a: Politoed
|-activate|p1a: Politoed|move: Protect
|
|-weather|RainDance|[upkeep]
|-heal|p1a: Politoed|68/100|[from] item: Leftovers
|upkeep
|turn|3
|
|t:|1734639938
|switch|p1a: Tentacruel|Tentacruel, M|100/100
|move|p2a: Hydreigon|Dark Pulse|p1a: Tentacruel
|-damage|p1a: Tentacruel|60/100
|-damage|p2a: Hydreigon|81/100|[from] item: Life Orb
|
|-weather|RainDance|[upkeep]
|-heal|p1a: Tentacruel|66/100|[from] ability: Rain Dish
|-heal|p1a: Tentacruel|72/100|[from] item: Black Sludge
|upkeep
|turn|4
|
|t:|1734639955
|move|p2a: Hydreigon|Draco Meteor|p1a: Tentacruel
|-damage|p1a: Tentacruel|0 fnt
|-unboost|p2a: Hydreigon|spa|2
|faint|p1a: Tentacruel
|-damage|p2a: Hydreigon|71/100|[from] item: Life Orb
|
|-weather|RainDance|[upkeep]
|upkeep
|
|t:|1734639960
|switch|p1a: Moltres|Moltres|100/100
|-ability|p1a: Moltres|Pressure
|turn|5
|
|t:|1734639976
|switch|p2a: Latios|Latios, M|100/100
|move|p1a: Moltres|Substitute|p1a: Moltres
|-start|p1a: Moltres|Substitute
|-damage|p1a: Moltres|76/100
|
|-weather|RainDance|[upkeep]
|-heal|p1a: Moltres|82/100|[from] item: Leftovers
|upkeep
|turn|6
|
|t:|1734639986
|move|p2a: Latios|Surf|p1a: Moltres
|-supereffective|p1a: Moltres
|-end|p1a: Moltres|Substitute
|move|p1a: Moltres|Hurricane|p2a: Latios
|-damage|p2a: Latios|46/100
|
|-weather|RainDance|[upkeep]
|-heal|p1a: Moltres|88/100|[from] item: Leftovers
|upkeep
|turn|7
|
|t:|1734639999
|switch|p2a: Jellicent|Jellicent, M|100/100
|switch|p1a: Politoed|Politoed, M|68/100
|
|-weather|RainDance|[upkeep]
|-heal|p1a: Politoed|74/100|[from] item: Leftovers
|upkeep
|turn|8
|
|t:|1734640011
|switch|p2a: Landorus|Landorus-Therian, M|100/100
|-ability|p2a: Landorus|Intimidate|boost
|-unboost|p1a: Politoed|atk|1
|move|p1a: Politoed|Protect||[still]
|-fail|p1a: Politoed
|
|-weather|RainDance|[upkeep]
|-heal|p1a: Politoed|81/100|[from] item: Leftovers
|upkeep
|turn|9
|
|t:|1734640014
|move|p2a: Landorus|Stealth Rock|p1a: Politoed
|-sidestart|p1: authentise_is_shit|move: Stealth Rock
|move|p1a: Politoed|Scald|p2a: Landorus
|-supereffective|p2a: Landorus
|-crit|p2a: Landorus
|-damage|p2a: Landorus|0 fnt
|faint|p2a: Landorus
|
|-weather|RainDance|[upkeep]
|-heal|p1a: Politoed|87/100|[from] item: Leftovers
|upkeep
|
|t:|1734640020
|switch|p2a: Ferrothorn|Ferrothorn, F|100/100
|turn|10
|
|t:|1734640026
|move|p1a: Politoed|Scald|p2a: Ferrothorn
|-resisted|p2a: Ferrothorn
|-damage|p2a: Ferrothorn|89/100
|move|p2a: Ferrothorn|Knock Off|p1a: Politoed
|-damage|p1a: Politoed|83/100
|-enditem|p1a: Politoed|Leftovers|[from] move: Knock Off|[of] p2a: Ferrothorn
|
|-weather|RainDance|[upkeep]
|-heal|p2a: Ferrothorn|95/100|[from] item: Leftovers
|upkeep
|turn|11
|
|t:|1734640031
|move|p1a: Politoed|Encore|p2a: Ferrothorn
|-start|p2a: Ferrothorn|Encore
|move|p2a: Ferrothorn|Knock Off|p1a: Politoed
|-damage|p1a: Politoed|80/100
|
|-weather|RainDance|[upkeep]
|-heal|p2a: Ferrothorn|100/100|[from] item: Leftovers
|upkeep
|turn|12
|
|t:|1734640042
|switch|p2a: Jellicent|Jellicent, M|100/100
|move|p1a: Politoed|Scald|p2a: Jellicent
|-immune|p2a: Jellicent|[from] ability: Water Absorb
|
|-weather|RainDance|[upkeep]
|upkeep
|turn|13
|
|t:|1734640050
|switch|p1a: Ferrothorn|Ferrothorn, M|100/100
|-damage|p1a: Ferrothorn|94/100|[from] Stealth Rock
|switch|p2a: Ferrothorn|Ferrothorn, F|100/100
|
|-weather|RainDance|[upkeep]
|upkeep
|turn|14
|
|t:|1734640056
|move|p2a: Ferrothorn|Knock Off|p1a: Ferrothorn
|-resisted|p1a: Ferrothorn
|-damage|p1a: Ferrothorn|93/100
|-damage|p2a: Ferrothorn|88/100|[from] ability: Iron Barbs|[of] p1a: Ferrothorn
|-enditem|p1a: Ferrothorn|Lum Berry|[from] move: Knock Off|[of] p2a: Ferrothorn
|move|p1a: Ferrothorn|Stealth Rock|p2a: Ferrothorn
|-sidestart|p2: HydreigonSpammer|move: Stealth Rock
|
|-weather|RainDance|[upkeep]
|-heal|p2a: Ferrothorn|94/100|[from] item: Leftovers
|upkeep
|turn|15
|
|t:|1734640059
|move|p2a: Ferrothorn|Spikes|p1a: Ferrothorn
|-sidestart|p1: authentise_is_shit|Spikes
|move|p1a: Ferrothorn|Spikes|p2a: Ferrothorn
|-sidestart|p2: HydreigonSpammer|Spikes
|
|-weather|RainDance|[upkeep]
|-heal|p2a: Ferrothorn|100/100|[from] item: Leftovers
|upkeep
|turn|16
|
|t:|1734640061
|move|p2a: Ferrothorn|Spikes|p1a: Ferrothorn
|-sidestart|p1: authentise_is_shit|Spikes
|move|p1a: Ferrothorn|Spikes|p2a: Ferrothorn
|-sidestart|p2: HydreigonSpammer|Spikes
|
|-weather|RainDance|[upkeep]
|upkeep
|turn|17
|
|t:|1734640063
|switch|p1a: Moltres|Moltres|88/100
|-damage|p1a: Moltres|38/100|[from] Stealth Rock
|-ability|p1a: Moltres|Pressure
|move|p2a: Ferrothorn|Spikes|p1a: Moltres
|-sidestart|p1: authentise_is_shit|Spikes
|
|-weather|RainDance|[upkeep]
|-heal|p1a: Moltres|44/100|[from] item: Leftovers
|upkeep
|turn|18
|
|t:|1734640070
|switch|p2a: Jellicent|Jellicent, M|100/100
|-damage|p2a: Jellicent|88/100|[from] Stealth Rock
|-damage|p2a: Jellicent|71/100|[from] Spikes
|move|p1a: Moltres|Substitute|p1a: Moltres
|-start|p1a: Moltres|Substitute
|-damage|p1a: Moltres|19/100
|
|-weather|RainDance|[upkeep]
|-heal|p1a: Moltres|25/100|[from] item: Leftovers
|-heal|p2a: Jellicent|78/100|[from] item: Leftovers
|upkeep
|turn|19
|
|t:|1734640074
|move|p1a: Moltres|Hurricane|p2a: Jellicent
|-damage|p2a: Jellicent|35/100
|move|p2a: Jellicent|Night Shade|p1a: Moltres
|-end|p1a: Moltres|Substitute
|
|-weather|RainDance|[upkeep]
|-heal|p1a: Moltres|31/100|[from] item: Leftovers
|-heal|p2a: Jellicent|41/100|[from] item: Leftovers
|upkeep
|turn|20
|j| no1ceb
|
|t:|1734640080
|move|p1a: Moltres|Hurricane|p2a: Jellicent
|-damage|p2a: Jellicent|0 fnt
|faint|p2a: Jellicent
|
|-weather|RainDance|[upkeep]
|-heal|p1a: Moltres|37/100|[from] item: Leftovers
|upkeep
|inactive|HydreigonSpammer has 120 seconds left.
|
|t:|1734640113
|switch|p2a: Hydreigon|Hydreigon, F, shiny|71/100
|-damage|p2a: Hydreigon|59/100|[from] Stealth Rock
|turn|21
|
|t:|1734640119
|move|p2a: Hydreigon|Dark Pulse|p1a: Moltres
|-damage|p1a: Moltres|0 fnt
|faint|p1a: Moltres
|-damage|p2a: Hydreigon|49/100|[from] item: Life Orb
|
|-weather|RainDance|[upkeep]
|upkeep
|
|t:|1734640126
|switch|p1a: Latias|Latias, F|100/100
|-damage|p1a: Latias|88/100|[from] Stealth Rock
|turn|22
|
|t:|1734640136
|switch|p2a: Ferrothorn|Ferrothorn, F|100/100
|-damage|p2a: Ferrothorn|94/100|[from] Stealth Rock
|-damage|p2a: Ferrothorn|78/100|[from] Spikes
|move|p1a: Latias|Dragon Pulse|p2a: Ferrothorn
|-resisted|p2a: Ferrothorn
|-damage|p2a: Ferrothorn|66/100
|
|-weather|RainDance|[upkeep]
|-heal|p1a: Latias|94/100|[from] item: Leftovers
|-heal|p2a: Ferrothorn|72/100|[from] item: Leftovers
|upkeep
|turn|23
|
|t:|1734640140
|move|p1a: Latias|Calm Mind|p1a: Latias
|-boost|p1a: Latias|spa|1
|-boost|p1a: Latias|spd|1
|move|p2a: Ferrothorn|Knock Off|p1a: Latias
|-supereffective|p1a: Latias
|-damage|p1a: Latias|85/100
|-enditem|p1a: Latias|Leftovers|[from] move: Knock Off|[of] p2a: Ferrothorn
|
|-weather|RainDance|[upkeep]
|-heal|p2a: Ferrothorn|79/100|[from] item: Leftovers
|upkeep
|turn|24
|
|t:|1734640144
|move|p1a: Latias|Calm Mind|p1a: Latias
|-boost|p1a: Latias|spa|1
|-boost|p1a: Latias|spd|1
|move|p2a: Ferrothorn|Explosion|p1a: Latias
|-damage|p1a: Latias|29/100
|faint|p2a: Ferrothorn
|
|-weather|RainDance|[upkeep]
|upkeep
|
|t:|1734640152
|switch|p2a: Latios|Latios, M|46/100
|-damage|p2a: Latios|33/100|[from] Stealth Rock
|turn|25
|
|t:|1734640169
|switch|p1a: Ferrothorn|Ferrothorn, M|93/100
|-damage|p1a: Ferrothorn|86/100|[from] Stealth Rock
|-damage|p1a: Ferrothorn|61/100|[from] Spikes
|move|p2a: Latios|Draco Meteor|p1a: Ferrothorn
|-resisted|p1a: Ferrothorn
|-damage|p1a: Ferrothorn|29/100
|-unboost|p2a: Latios|spa|2
|
|-weather|RainDance|[upkeep]
|upkeep
|turn|26
|
|t:|1734640185
|switch|p2a: Salamence|Salamence, F|100/100
|-damage|p2a: Salamence|76/100|[from] Stealth Rock
|move|p1a: Ferrothorn|Gyro Ball|p2a: Salamence
|-damage|p2a: Salamence|0 fnt
|faint|p2a: Salamence
|
|-weather|RainDance|[upkeep]
|upkeep
|
|t:|1734640194
|switch|p2a: Hydreigon|Hydreigon, F, shiny|49/100
|-damage|p2a: Hydreigon|36/100|[from] Stealth Rock
|turn|27
|
|t:|1734640202
|move|p2a: Hydreigon|Flamethrower|p1a: Ferrothorn
|-supereffective|p1a: Ferrothorn
|-damage|p1a: Ferrothorn|0 fnt
|faint|p1a: Ferrothorn
|-damage|p2a: Hydreigon|27/100|[from] item: Life Orb
|
|-weather|RainDance|[upkeep]
|upkeep
|
|t:|1734640205
|switch|p1a: Latias|Latias, F|29/100
|-damage|p1a: Latias|17/100|[from] Stealth Rock
|turn|28
|
|t:|1734640209
|move|p1a: Latias|Dragon Pulse|p2a: Hydreigon
|-supereffective|p2a: Hydreigon
|-damage|p2a: Hydreigon|0 fnt
|faint|p2a: Hydreigon
|
|-weather|RainDance|[upkeep]
|upkeep
|
|t:|1734640211
|switch|p2a: Latios|Latios, M|33/100
|-damage|p2a: Latios|21/100|[from] Stealth Rock
|turn|29
|
|t:|1734640215
|move|p2a: Latios|Dragon Pulse|p1a: Latias
|-supereffective|p1a: Latias
|-damage|p1a: Latias|0 fnt
|faint|p1a: Latias
|
|-weather|RainDance|[upkeep]
|upkeep
|
|t:|1734640218
|switch|p1a: Sableye|Sableye, M|100/100
|-damage|p1a: Sableye|88/100|[from] Stealth Rock
|-damage|p1a: Sableye|63/100|[from] Spikes
|turn|30
|
|t:|1734640222
|move|p1a: Sableye|Will-O-Wisp|p2a: Latios|[miss]
|-miss|p1a: Sableye|p2a: Latios
|move|p2a: Latios|Dragon Pulse|p1a: Sableye
|-damage|p1a: Sableye|0 fnt
|faint|p1a: Sableye
|
|-weather|RainDance|[upkeep]
|upkeep
|
|t:|1734640225
|switch|p1a: Politoed|Politoed, M|80/100
|-damage|p1a: Politoed|67/100|[from] Stealth Rock
|-damage|p1a: Politoed|42/100|[from] Spikes
|turn|31
|
|t:|1734640227
|move|p1a: Politoed|Protect|p1a: Politoed
|-singleturn|p1a: Politoed|Protect
|move|p2a: Latios|Dragon Pulse|p1a: Politoed
|-activate|p1a: Politoed|move: Protect
|
|-weather|RainDance|[upkeep]
|upkeep
|turn|32
|
|t:|1734640230
|move|p2a: Latios|Dragon Pulse|p1a: Politoed
|-damage|p1a: Politoed|0 fnt
|faint|p1a: Politoed
|
|win|HydreigonSpammer
|raw|authentise_is_shit's rating: 1329 &rarr; <strong>1313</strong><br />(-16 for losing)
|raw|HydreigonSpammer's rating: 1407 &rarr; <strong>1423</strong><br />(+16 for winning)
