|j|☆Le Cheff
|j|☆Wally♪♫
|player|p1|Le Cheff|dahlia|1566
|player|p2|Wally♪♫|cyclist-gen4|1519
|teamsize|p1|6
|teamsize|p2|6
|gametype|singles
|gen|5
|tier|[Gen 5] OU
|rated|
|clearpoke
|poke|p1|Mamoswine, F|item
|poke|p1|Skarmory, M|item
|poke|p1|Landorus-Therian, M|item
|poke|p1|Tyranitar, F|item
|poke|p1|Latios, M|item
|poke|p1|Hydreigon, M|item
|poke|p2|Politoed, F|item
|poke|p2|Tornadus, M|item
|poke|p2|Starmie|item
|poke|p2|Jirachi|item
|poke|p2|Terrakion|item
|poke|p2|Kyurem-Black|item
|rule|Species Clause: Limit one of each Pokémon
|rule|OHKO Clause: OHKO moves are banned
|rule|Moody Clause: Moody is banned
|rule|Evasion Moves Clause: Evasion moves are banned
|rule|Endless Battle Clause: Forcing endless battles is banned
|rule|HP Percentage Mod: HP is shown in percentages
|rule|Evasion Abilities Clause: Evasion abilities are banned
|rule|Baton Pass Clause: Limit one Baton Passer, can't pass Spe and other stats simultaneously
|rule|Sleep Clause: Sleep-inducing moves are banned
|rule|Swagger Clause: Swagger is banned
|teampreview
|j| good untier
|j| Lebald
|l| Lebald
|inactive|Battle timer is ON: inactive players will automatically lose when time's up. (requested by Le Cheff)
|
|start
|switch|p1a: Hydreigon|Hydreigon, M|100/100
|switch|p2a: Politoed|Politoed, F|100/100
|-weather|RainDance|[from] ability: Drizzle|[of] p2a: Politoed
|turn|1
|j| Pyrogon ☾
|
|switch|p1a: Tyranitar|Tyranitar, F|100/100
|-weather|Sandstorm|[from] ability: Sand Stream|[of] p1a: Tyranitar
|move|p2a: Politoed|Ice Beam|p1a: Tyranitar
|-crit|p1a: Tyranitar
|-damage|p1a: Tyranitar|71/100
|
|-weather|Sandstorm|[upkeep]
|-damage|p2a: Politoed|94/100|[from] Sandstorm
|upkeep
|turn|2
|
|move|p2a: Politoed|Hydro Pump|p1a: Tyranitar
|-enditem|p2a: Politoed|Water Gem|[from] gem
|-supereffective|p1a: Tyranitar
|-damage|p1a: Tyranitar|0 fnt
|faint|p1a: Tyranitar
|
|-weather|Sandstorm|[upkeep]
|-damage|p2a: Politoed|88/100|[from] Sandstorm
|upkeep
|j| Maxouille
|
|switch|p1a: Hydreigon|Hydreigon, M|100/100
|turn|3
|
|switch|p2a: Terrakion|Terrakion|100/100
|move|p1a: Hydreigon|Flamethrower|p2a: Terrakion
|-resisted|p2a: Terrakion
|-damage|p2a: Terrakion|83/100
|-damage|p1a: Hydreigon|91/100|[from] item: Life Orb
|
|-weather|Sandstorm|[upkeep]
|-damage|p1a: Hydreigon|84/100|[from] Sandstorm
|upkeep
|turn|4
|
|switch|p1a: Skarmory|Skarmory, M|100/100
|move|p2a: Terrakion|Stealth Rock|p1a: Skarmory
|-sidestart|p1: Le Cheff|move: Stealth Rock
|
|-weather|Sandstorm|[upkeep]
|upkeep
|turn|5
|j|+Lionyx
|
|move|p2a: Terrakion|Swords Dance|p2a: Terrakion
|-boost|p2a: Terrakion|atk|2
|move|p1a: Skarmory|Spikes|p2a: Terrakion
|-sidestart|p2: Wally♪♫|Spikes
|
|-weather|Sandstorm|[upkeep]
|upkeep
|turn|6
|
|move|p2a: Terrakion|Close Combat|p1a: Skarmory
|-damage|p1a: Skarmory|22/100
|-unboost|p2a: Terrakion|def|1
|-unboost|p2a: Terrakion|spd|1
|-damage|p2a: Terrakion|67/100|[from] item: Rocky Helmet|[of] p1a: Skarmory
|move|p1a: Skarmory|Roost|p1a: Skarmory
|-heal|p1a: Skarmory|72/100
|-singleturn|p1a: Skarmory|move: Roost
|
|-weather|Sandstorm|[upkeep]
|upkeep
|turn|7
|
|switch|p1a: Landorus|Landorus-Therian, M|100/100
|-damage|p1a: Landorus|88/100|[from] Stealth Rock
|-ability|p1a: Landorus|Intimidate|boost
|-unboost|p2a: Terrakion|atk|1
|move|p2a: Terrakion|Stone Edge|p1a: Landorus
|-crit|p1a: Landorus
|-damage|p1a: Landorus|0 fnt
|faint|p1a: Landorus
|
|-weather|Sandstorm|[upkeep]
|upkeep
|j| Ice Caves
|-message|Le Cheff forfeited.
|
|win|Wally♪♫
|l|☆Wally♪♫
|raw|Le Cheff's rating: 1539 &rarr; <strong>1518</strong><br />(-21 for losing)
|raw|Wally♪♫'s rating: 1519 &rarr; <strong>1540</strong><br />(+21 for winning)
