|j|Barbeller
|j|thecheese103
|player|p1|Barbeller|169
|teamsize|p1|6
|player|p2|thecheese103|209
|teamsize|p2|6
|gametype|singles
|gen|5
|tier|[Gen 5] OU
|rated
|seed|41116,28127,35016,6796
|rule|Evasion Abilities Clause: Evasion abilities are banned
|rule|Baton Pass Clause: Limit one Baton Passer, can't pass Spe and other stats simultaneously
|rule|Swagger Clause: Swagger is banned
|clearpoke
|poke|p1|Hippowdon, F|item
|poke|p1|Blissey, F|item
|poke|p1|Skarmory, F|item
|poke|p1|Jellicent, F|item
|poke|p1|Heatran, F|item
|poke|p1|Tentacruel, F|item
|poke|p2|Mienshao, M|item
|poke|p2|Alakazam, F|item
|poke|p2|Ferrothorn, M|item
|poke|p2|Latios, M|item
|poke|p2|Landorus-Therian, M|item
|poke|p2|Rotom-Wash, shiny|item
|rule|Sleep Clause Mod: Limit one foe put to sleep
|rule|Species Clause: Limit one of each Pokémon
|rule|OHKO Clause: OHKO moves are banned
|rule|Moody Clause: Moody is banned
|rule|Evasion Moves Clause: Evasion moves are banned
|rule|Endless Battle Clause: Forcing endless battles is banned
|rule|HP Percentage Mod: HP is shown in percentages
|teampreview
|choice|team 1, team 2, team 3, team 4, team 5, team 6|team 6, team 2, team 3, team 4, team 5, team 1
|
|start
|switch|p1a: Hippowdon|Hippowdon, F|420/420
|switch|p2a: Rotom|Rotom-Wash, shiny|304/304
|-weather|Sandstorm|[from] ability: Sand Stream|[of] p1a: Hippowdon
|turn|1
|choice|move stealthrock|move hydropump
|
|move|p2a: Rotom|Hydro Pump|p1a: Hippowdon|[miss]
|-miss|p2a: Rotom|p1a: Hippowdon
|move|p1a: Hippowdon|Stealth Rock|p2a: Rotom
|-sidestart|p2: thecheese103|move: Stealth Rock
|
|-weather|Sandstorm|[upkeep]
|-damage|p2a: Rotom|285/304|[from] sandstorm
|-heal|p2a: Rotom|304/304|[from] item: Leftovers
|upkeep
|turn|2
|c|☆Barbeller|Sorry!
|c|☆thecheese103|alright!
|choice|switch 2|move willowisp
|
|switch|p1a: Blissey|Blissey, F|652/652
|move|p2a: Rotom|Will-O-Wisp|p1a: Blissey
|-status|p1a: Blissey|brn
|
|-weather|Sandstorm|[upkeep]
|-damage|p2a: Rotom|285/304|[from] sandstorm
|-damage|p1a: Blissey|612/652 brn|[from] sandstorm
|-heal|p2a: Rotom|304/304|[from] item: Leftovers
|-heal|p1a: Blissey|652/652 brn|[from] item: Leftovers
|-damage|p1a: Blissey|571/652 brn|[from] brn
|upkeep
|turn|3
|inactive|Battle timer is ON: inactive players will automatically lose when time's up. (requested by thecheese103)
|choice|move seismictoss|move voltswitch
|
|move|p2a: Rotom|Volt Switch|p1a: Blissey
|-damage|p1a: Blissey|517/652 brn
|choice||switch 3
|
|switch|p2a: Ferrothorn|Ferrothorn, M|351/351
|-damage|p2a: Ferrothorn|330/351|[from] Stealth Rock
|move|p1a: Blissey|Seismic Toss|p2a: Ferrothorn
|-damage|p2a: Ferrothorn|230/351
|-damage|p1a: Blissey|436/652 brn|[from] ability: Iron Barbs|[of] p2a: Ferrothorn
|-damage|p1a: Blissey|328/652 brn|[from] item: Rocky Helmet|[of] p2a: Ferrothorn
|
|-weather|Sandstorm|[upkeep]
|-damage|p1a: Blissey|288/652 brn|[from] sandstorm
|-heal|p1a: Blissey|328/652 brn|[from] item: Leftovers
|-damage|p1a: Blissey|247/652 brn|[from] brn
|upkeep
|turn|4
|choice|switch 5|move leechseed
|
|-curestatus|p1a: Blissey|brn|[from] ability: Natural Cure
|switch|p1a: Heatran|Heatran, F|386/386
|move|p2a: Ferrothorn|Leech Seed|p1a: Heatran
|-start|p1a: Heatran|move: Leech Seed
|
|-weather|Sandstorm|[upkeep]
|-damage|p1a: Heatran|338/386|[from] Leech Seed|[of] p2a: Ferrothorn
|-heal|p2a: Ferrothorn|278/351|[silent]
|upkeep
|turn|5
|choice|move fireblast|move protect
|
|move|p2a: Ferrothorn|Protect|p2a: Ferrothorn
|-singleturn|p2a: Ferrothorn|Protect
|move|p1a: Heatran|Fire Blast|p2a: Ferrothorn
|-activate|p2a: Ferrothorn|move: Protect
|
|-weather|Sandstorm|[upkeep]
|-heal|p1a: Heatran|362/386|[from] item: Leftovers
|-damage|p1a: Heatran|314/386|[from] Leech Seed|[of] p2a: Ferrothorn
|-heal|p2a: Ferrothorn|326/351|[silent]
|upkeep
|turn|6
|choice|move fireblast|switch 3
|
|switch|p2a: Rotom|Rotom-Wash, shiny|304/304
|-damage|p2a: Rotom|266/304|[from] Stealth Rock
|move|p1a: Heatran|Fire Blast|p2a: Rotom
|-resisted|p2a: Rotom
|-damage|p2a: Rotom|187/304
|
|-weather|Sandstorm|[upkeep]
|-damage|p2a: Rotom|168/304|[from] sandstorm
|-heal|p2a: Rotom|187/304|[from] item: Leftovers
|-heal|p1a: Heatran|338/386|[from] item: Leftovers
|-damage|p1a: Heatran|290/386|[from] Leech Seed|[of] p2a: Rotom
|-heal|p2a: Rotom|235/304|[silent]
|upkeep
|turn|7
|choice|switch 5|move voltswitch
|
|switch|p1a: Blissey|Blissey, F|247/652
|move|p2a: Rotom|Volt Switch|p1a: Blissey
|-damage|p1a: Blissey|192/652
|choice||switch 5
|
|switch|p2a: Landorus|Landorus-Therian, M|319/319
|-damage|p2a: Landorus|280/319|[from] Stealth Rock
|-ability|p2a: Landorus|Intimidate|boost
|-unboost|p1a: Blissey|atk|1
|
|-weather|Sandstorm|[upkeep]
|-damage|p1a: Blissey|152/652|[from] sandstorm
|-heal|p2a: Landorus|299/319|[from] item: Leftovers
|-heal|p1a: Blissey|192/652|[from] item: Leftovers
|upkeep
|turn|8
|choice|switch 3|move earthquake
|
|switch|p1a: Skarmory|Skarmory, F|334/334
|move|p2a: Landorus|Earthquake|p1a: Skarmory
|-immune|p1a: Skarmory|[msg]
|
|-weather|Sandstorm|[upkeep]
|-heal|p2a: Landorus|318/319|[from] item: Leftovers
|upkeep
|turn|9
|choice|move spikes|switch 3
|
|switch|p2a: Ferrothorn|Ferrothorn, M|326/351
|-damage|p2a: Ferrothorn|305/351|[from] Stealth Rock
|move|p1a: Skarmory|Spikes|p2a: Ferrothorn
|-sidestart|p2: thecheese103|Spikes
|
|-weather|Sandstorm|[upkeep]
|upkeep
|turn|10
|choice|move taunt|move spikes
|
|move|p1a: Skarmory|Taunt|p2a: Ferrothorn
|-start|p2a: Ferrothorn|move: Taunt
|cant|p2a: Ferrothorn|move: Taunt|Spikes
|
|-weather|Sandstorm|[upkeep]
|upkeep
|turn|11
|choice|move spikes|switch 5
|
|switch|p2a: Rotom|Rotom-Wash, shiny|235/304
|-damage|p2a: Rotom|197/304|[from] Stealth Rock
|move|p1a: Skarmory|Spikes|p2a: Rotom
|-sidestart|p2: thecheese103|Spikes
|
|-weather|Sandstorm|[upkeep]
|-damage|p2a: Rotom|178/304|[from] sandstorm
|-heal|p2a: Rotom|197/304|[from] item: Leftovers
|upkeep
|turn|12
|choice|switch 2|switch 5
|
|switch|p2a: Ferrothorn|Ferrothorn, M|305/351
|-damage|p2a: Ferrothorn|247/351|[from] Spikes
|-damage|p2a: Ferrothorn|226/351|[from] Stealth Rock
|switch|p1a: Hippowdon|Hippowdon, F|420/420
|
|-weather|Sandstorm|[upkeep]
|upkeep
|turn|13
|choice|switch 5|move spikes
|
|switch|p1a: Heatran|Heatran, F|290/386
|move|p2a: Ferrothorn|Spikes|p1a: Heatran
|-sidestart|p1: Barbeller|Spikes
|
|-weather|Sandstorm|[upkeep]
|-heal|p1a: Heatran|314/386|[from] item: Leftovers
|upkeep
|turn|14
|choice|move substitute|move leechseed
|
|move|p1a: Heatran|Substitute|p1a: Heatran
|-start|p1a: Heatran|Substitute
|-damage|p1a: Heatran|218/386
|move|p2a: Ferrothorn|Leech Seed|p1a: Heatran
|-fail|p1a: Heatran
|
|-weather|Sandstorm|[upkeep]
|-heal|p1a: Heatran|242/386|[from] item: Leftovers
|upkeep
|turn|15
|choice|move fireblast|switch 5
|
|switch|p2a: Rotom|Rotom-Wash, shiny|197/304
|-damage|p2a: Rotom|159/304|[from] Stealth Rock
|move|p1a: Heatran|Fire Blast|p2a: Rotom
|-resisted|p2a: Rotom
|-damage|p2a: Rotom|85/304
|
|-weather|Sandstorm|[upkeep]
|-damage|p2a: Rotom|66/304|[from] sandstorm
|-heal|p2a: Rotom|85/304|[from] item: Leftovers
|-heal|p1a: Heatran|266/386|[from] item: Leftovers
|upkeep
|turn|16
|choice|move fireblast|move hydropump
|
|move|p2a: Rotom|Hydro Pump|p1a: Heatran
|-supereffective|p1a: Heatran
|-end|p1a: Heatran|Substitute
|move|p1a: Heatran|Fire Blast|p2a: Rotom
|-resisted|p2a: Rotom
|-damage|p2a: Rotom|1/304
|
|-weather|Sandstorm|[upkeep]
|-damage|p2a: Rotom|0 fnt|[from] sandstorm
|-heal|p1a: Heatran|290/386|[from] item: Leftovers
|upkeep
|faint|p2a: Rotom
|choice||switch 3
|
|switch|p2a: Landorus|Landorus-Therian, M|318/319
|-damage|p2a: Landorus|279/319|[from] Stealth Rock
|-ability|p2a: Landorus|Intimidate|boost
|-unboost|p1a: Heatran|atk|1
|turn|17
|choice|switch 2|move swordsdance
|
|switch|p1a: Skarmory|Skarmory, F|334/334
|move|p2a: Landorus|Swords Dance|p2a: Landorus
|-boost|p2a: Landorus|atk|2
|
|-weather|Sandstorm|[upkeep]
|-heal|p2a: Landorus|298/319|[from] item: Leftovers
|upkeep
|turn|18
|choice|move whirlwind|move stoneedge
|
|move|p2a: Landorus|Stone Edge|p1a: Skarmory
|-damage|p1a: Skarmory|176/334
|move|p1a: Skarmory|Whirlwind|p2a: Landorus
|drag|p2a: Ferrothorn|Ferrothorn, M|226/351
|-damage|p2a: Ferrothorn|168/351|[from] Spikes
|-damage|p2a: Ferrothorn|147/351|[from] Stealth Rock
|
|-weather|Sandstorm|[upkeep]
|-heal|p1a: Skarmory|196/334|[from] item: Leftovers
|upkeep
|turn|19
|choice|move taunt|move leechseed
|
|move|p1a: Skarmory|Taunt|p2a: Ferrothorn
|-start|p2a: Ferrothorn|move: Taunt
|cant|p2a: Ferrothorn|move: Taunt|Leech Seed
|
|-weather|Sandstorm|[upkeep]
|-heal|p1a: Skarmory|216/334|[from] item: Leftovers
|upkeep
|turn|20
|choice|move spikes|switch 4
|
|switch|p2a: Latios|Latios, M|301/301
|-damage|p2a: Latios|264/301|[from] Stealth Rock
|move|p1a: Skarmory|Spikes|p2a: Latios
|-sidestart|p2: thecheese103|Spikes
|
|-weather|Sandstorm|[upkeep]
|-damage|p2a: Latios|246/301|[from] sandstorm
|-heal|p1a: Skarmory|236/334|[from] item: Leftovers
|upkeep
|turn|21
|choice|switch 3|move hiddenpower
|
|switch|p1a: Blissey|Blissey, F|192/652
|-damage|p1a: Blissey|111/652|[from] Spikes
|move|p2a: Latios|Hidden Power|p1a: Blissey
|-damage|p1a: Blissey|53/652
|-damage|p2a: Latios|216/301|[from] item: Life Orb
|
|-weather|Sandstorm|[upkeep]
|-damage|p2a: Latios|198/301|[from] sandstorm
|-damage|p1a: Blissey|13/652|[from] sandstorm
|-heal|p1a: Blissey|53/652|[from] item: Leftovers
|upkeep
|turn|22
|choice|move wish|move psychic
|
|move|p2a: Latios|Psychic|p1a: Blissey
|-damage|p1a: Blissey|0 fnt
|-damage|p2a: Latios|168/301|[from] item: Life Orb
|faint|p1a: Blissey
|
|-weather|Sandstorm|[upkeep]
|-damage|p2a: Latios|150/301|[from] sandstorm
|upkeep
|choice|switch 4|
|
|switch|p1a: Jellicent|Jellicent, F|404/404
|-damage|p1a: Jellicent|354/404|[from] Spikes
|turn|23
|choice|move recover|move recover
|
|move|p2a: Latios|Recover|p2a: Latios
|-heal|p2a: Latios|301/301
|move|p1a: Jellicent|Recover|p1a: Jellicent
|-heal|p1a: Jellicent|404/404
|
|-weather|Sandstorm|[upkeep]
|-damage|p2a: Latios|283/301|[from] sandstorm
|-damage|p1a: Jellicent|379/404|[from] sandstorm
|-heal|p1a: Jellicent|404/404|[from] item: Leftovers
|upkeep
|turn|24
|choice|move willowisp|switch 4
|
|switch|p2a: Ferrothorn|Ferrothorn, M|147/351
|-damage|p2a: Ferrothorn|60/351|[from] Spikes
|-damage|p2a: Ferrothorn|39/351|[from] Stealth Rock
|move|p1a: Jellicent|Will-O-Wisp|p2a: Ferrothorn|[miss]
|-miss|p1a: Jellicent|p2a: Ferrothorn
|
|-weather|Sandstorm|[upkeep]
|-damage|p1a: Jellicent|379/404|[from] sandstorm
|-heal|p1a: Jellicent|404/404|[from] item: Leftovers
|upkeep
|turn|25
|choice|move taunt|move leechseed
|
|move|p1a: Jellicent|Taunt|p2a: Ferrothorn
|-start|p2a: Ferrothorn|move: Taunt
|cant|p2a: Ferrothorn|move: Taunt|Leech Seed
|
|-weather|Sandstorm|[upkeep]
|-damage|p1a: Jellicent|379/404|[from] sandstorm
|-heal|p1a: Jellicent|404/404|[from] item: Leftovers
|upkeep
|turn|26
|c|☆thecheese103|haha should've guessed
|c|☆thecheese103|6 no-brain stallmons
|choice|move scald|move gyroball
|
|move|p1a: Jellicent|Scald|p2a: Ferrothorn
|-resisted|p2a: Ferrothorn
|-damage|p2a: Ferrothorn|0 fnt
|faint|p2a: Ferrothorn
|
|-weather|Sandstorm|[upkeep]
|-damage|p1a: Jellicent|379/404|[from] sandstorm
|-heal|p1a: Jellicent|404/404|[from] item: Leftovers
|upkeep
|choice||switch 2
|
|switch|p2a: Alakazam|Alakazam, F|251/251
|turn|27
|choice|move scald|move calmmind
|
|move|p2a: Alakazam|Calm Mind|p2a: Alakazam
|-boost|p2a: Alakazam|spa|1
|-boost|p2a: Alakazam|spd|1
|move|p1a: Jellicent|Scald|p2a: Alakazam
|-damage|p2a: Alakazam|185/251
|-status|p2a: Alakazam|brn
|
|-weather|Sandstorm|[upkeep]
|-damage|p1a: Jellicent|379/404|[from] sandstorm
|-heal|p1a: Jellicent|404/404|[from] item: Leftovers
|upkeep
|turn|28
|choice|move taunt|move calmmind
|
|move|p2a: Alakazam|Calm Mind|p2a: Alakazam
|-boost|p2a: Alakazam|spa|1
|-boost|p2a: Alakazam|spd|1
|move|p1a: Jellicent|Taunt|p2a: Alakazam
|-start|p2a: Alakazam|move: Taunt
|
|-weather|Sandstorm|[upkeep]
|-damage|p1a: Jellicent|379/404|[from] sandstorm
|-heal|p1a: Jellicent|404/404|[from] item: Leftovers
|upkeep
|turn|29
|choice|move scald|move energyball
|
|move|p2a: Alakazam|Energy Ball|p1a: Jellicent
|-supereffective|p1a: Jellicent
|-damage|p1a: Jellicent|8/404
|move|p1a: Jellicent|Scald|p2a: Alakazam
|-damage|p2a: Alakazam|142/251 brn
|
|-weather|Sandstorm|[upkeep]
|-damage|p1a: Jellicent|0 fnt|[from] sandstorm
|upkeep
|faint|p1a: Jellicent
|choice|switch 3|
|
|switch|p1a: Skarmory|Skarmory, F|236/334
|turn|30
|choice|move whirlwind|move focusblast
|
|move|p2a: Alakazam|Focus Blast|p1a: Skarmory
|-damage|p1a: Skarmory|0 fnt
|faint|p1a: Skarmory
|
|-weather|Sandstorm|[upkeep]
|upkeep
|choice|switch 5|
|
|switch|p1a: Hippowdon|Hippowdon, F|420/420
|-damage|p1a: Hippowdon|368/420|[from] Spikes
|turn|31
|choice|move roar|move energyball
|
|move|p2a: Alakazam|Energy Ball|p1a: Hippowdon
|-supereffective|p1a: Hippowdon
|-damage|p1a: Hippowdon|2/420
|move|p1a: Hippowdon|Roar|p2a: Alakazam
|drag|p2a: Mienshao|Mienshao, M|271/271
|-damage|p2a: Mienshao|255/271|[from] Stealth Rock
|-damage|p2a: Mienshao|188/271|[from] Spikes
|
|-weather|Sandstorm|[upkeep]
|-damage|p2a: Mienshao|172/271|[from] sandstorm
|-heal|p1a: Hippowdon|28/420|[from] item: Leftovers
|upkeep
|turn|32
|choice|switch 6|move uturn
|
|switch|p1a: Tentacruel|Tentacruel, F|364/364
|-damage|p1a: Tentacruel|319/364|[from] Spikes
|move|p2a: Mienshao|U-turn|p1a: Tentacruel
|-resisted|p1a: Tentacruel
|-damage|p1a: Tentacruel|281/364
|choice||switch 6
|
|switch|p2a: Alakazam|Alakazam, F|142/251 brn
|
|-weather|Sandstorm|[upkeep]
|-damage|p1a: Tentacruel|259/364|[from] sandstorm
|-heal|p1a: Tentacruel|281/364|[from] item: Leftovers
|upkeep
|turn|33
|choice|move scald|move psyshock
|
|move|p2a: Alakazam|Psyshock|p1a: Tentacruel
|-supereffective|p1a: Tentacruel
|-damage|p1a: Tentacruel|0 fnt
|faint|p1a: Tentacruel
|
|-weather|Sandstorm|[upkeep]
|upkeep
|choice|switch 2|
|
|switch|p1a: Heatran|Heatran, F|290/386
|-damage|p1a: Heatran|242/386|[from] Spikes
|turn|34
|choice|move fireblast|move focusblast
|
|move|p2a: Alakazam|Focus Blast|p1a: Heatran
|-supereffective|p1a: Heatran
|-damage|p1a: Heatran|0 fnt
|faint|p1a: Heatran
|
|-weather|Sandstorm|[upkeep]
|upkeep
|choice|switch 6|
|
|switch|p1a: Hippowdon|Hippowdon, F|28/420
|-damage|p1a: Hippowdon|0 fnt|[from] Spikes
|faint|p1a: Hippowdon
|
|win|thecheese103
|c|☆thecheese103|game
|raw|Barbeller's rating: 1368 &rarr; <strong>1344</strong><br />(-24 for losing)
|raw|thecheese103's rating: 1302 &rarr; <strong>1326</strong><br />(+24 for winning)